2007 3156
327 178 361 213 31

964 173 1129 209 (ἱΕῧΒϐΠ
1148 177 1318 208 CEDRENI

1937 180 1978 209 3‘3

326 240 386 264 erat
402 235 518 263 istorum
541 233 750 269 consectarium)
767 233 895 261 tenebras
909 241 917 259 :
938 237 1042 268 Septem
1057 239 1109 259 nu-

1167 231 1193 257 τὸ
1208 231 1314 263 σκότος,
1327 231 1394 267 ὁμοῦ
1419 233 1488 267 ἔργα
1510 232 1590 260 ἑπτά.
1612 232 1641 260 '0
1661 234 1690 260 δὲ
1715 234 1889 269 Ἀφρικανὸς
1914 235 1979 267 (lli

325 288 402 309 mero
421 288 503 316 opera
522 280 627 308 eﬂecta.
643 279 787 307 Africanus
804 283 896 306 autem
912 279 1027 314 primam
1042 278 1113 305 diem

326 327 507 362 intelligentia
525 330 630 354 tantum
650 325 822 354 considerari
841 325 891 357 ait,
910 325 983 360 quod
999 330 1113 352 eatenus

326 373 371 400 lux
392 381 453 408 quae
473 377 535 400 ante
559 372 652 400 omnia
673 375 766 400 creata
791 372 853 404 fuit,
880 371 1029 399 internosci
1059 379 1113 398 non

325 419 444 454 potuerit
458 426 490 446 ac
510 418 610 446 dill‘usa
629 417 724 445 fuerit.
743 417 867 445 Secunda
883 417 1000 444 naturali
1020 416 1064 444 die
1085 415 1114 451 8

325 465 526 493 ﬁrmamentum
540 469 583 492 est
598 464 702 492 factum
719 472 727 490 :
745 472 814 499 opus
838 471 932 491 unum.
949 463 1006 490 Hoc
1023 467 1112 490 autem

324 519 424 538 nomen
442 511 537 543 habet,
554 514 698 546 propterea
710 511 782 545 quod
798 510 888 537 tenuis
901 513 942 536 est
955 513 980 536 et
992 516 1054 535 rara
1067 515 1115 536 eo-

322 563 384 584 rum
400 564 463 592 quae
477 564 559 591 supra
576 557 602 583 id
621 561 704 591 atque
714 555 786 583 infra
799 560 865 583 sunt
879 560 988 582 natura.
1007 554 1113 582 Caelum

323 608 416 632 autem
434 603 540 637 (Grece
555 603 680 638 οὐρανός)
704 603 815 634 dicitur,
838 603 910 638 quod
928 603 1006 637 pellis
1028 603 1116 630 instar

324 650 436 679 videtur
455 657 539 685 supra
561 653 644 684 caput
661 657 824 684 expansum.
854 649 945 677 Tertia
969 650 1015 677 die
1035 655 1116 678 terra:

325 696 464 731 apparitio
479 704 511 724 ac
524 697 652 728 siccatio,
667 697 821 732 paradisus,
840 697 932 724 omnis
948 697 1055 732 generis
1070 704 1113 724 ar-

325 742 418 775 bores,
436 743 526 770 herbaa
539 747 567 770 et
581 743 686 770 semina
702 751 708 770 :
726 747 846 778 quatuor
857 751 951 777 opera.
966 743 1046 771 Arida
1064 751 1115 770 au-

325 790 381 813 tem
404 794 451 814 seu
475 786 549 814 sicca
571 787 706 822 appellata
734 787 786 815 l‘uit
811 792 895 821 terra,
918 789 990 824 quod
1015 796 1115 816 nomen

328 837 433 858 natura:
457 831 517 866 ejus
542 833 682 868 proprium
707 837 747 861 est
767 843 774 861 :
792 835 901 869 proprie
920 834 993 862 enim
1009 835 1115 862 siccum

326 877 399 912 quod
417 877 461 910 sit,
487 882 560 905 terra
586 883 639 906 est.
665 878 727 907 Haec
747 880 793 907 ubi
815 887 845 908 se
869 879 977 915 injectis
996 880 1116 916 desuper

1165 277 1214 312 τὴν
1231 277 1343 312 πρώτην
1361 278 1470 314 ἡμέραν
1486 279 1585 313 νοητὴν
1609 279 1696 313 λέγει,
1709 279 1755 306 διὰ
1776 281 1806 306 τὸ
1821 280 1980 313 ἀδιάγνω-

1166 330 1227 348 στον
1242 321 1311 349 εἶναι
1327 324 1397 355 τέως
1408 323 1439 350 τδ
1451 325 1655 359 πρωτόκτιστον
1667 325 1724 359 φῶς
1734 328 1781 351 καὶ
1793 327 1913 360 κεχυμέ
1920 335 1978 352 νον.

1164 368 1208 394 Ἐν
1219 368 1257 404 τῷ
1267 369 1385 404 δευτέρῳ
1396 370 1423 396 δὲ
1434 370 1598 405 νυχθημὲρῳ
1611 371 1722 404 ἐγένετο
1733 372 1884 406 στερέωμα
1895 373 1978 406 (ι’-0),

1163 412 1244 448 ἔργον
1266 414 1306 440 ἓν.
1326 414 1474 449 Στερέωμα
1491 414 1520 441 δὲ
1535 415 1638 451 ἐκλήθη
1657 415 1686 442 τὺ
1700 416 1913 452 δημιούργημα
1930 417 1978 444 διὰ
2003 437 2004 440 η

1163 459 1194 485 τὸ
1221 460 1272 494 τὴν
1296 460 1377 494 φύσιν
1404 461 1457 488 τῶν
1485 462 1694 496 ὑπερκειμένων
1718 463 1734 498 ἢ
1763 463 1975 497 ὑποκειμένων

1163 505 1265 542 λεπτὴν
1283 505 1354 533 εἶναι
1369 507 1416 534 καὶ
1434 508 1544 544 ἀραιὰν,
1559 508 1673 543 οὐρανὸς
1686 508 1714 535 δὲ
1726 509 1770 536 διὰ
1786 509 1817 536 τὸ
1832 509 1974 544 καθορᾶ-

1165 553 1228 579 σθαι
1246 553 1346 588 τρόπον
1361 553 1482 589 δὲῥρεως
1499 555 1569 590 ὑπὲρ
1583 555 1706 589 κεφαλῆς
1721 555 1906 590 ηπλωμένος.
1924 556 1974 582 Ἑν

1165 598 1204 633 τῷ
1222 600 1305 634 τρίτῳ
1319 599 1486 636 νυχθημέρῳ
1500 601 1655 636 φανέρωσις
1672 603 1722 636 γῆς
1740 602 1786 628 καὶ
1802 601 1974 637 ἀναξὴραν-

1167 652 1220 678 σις,
1236 645 1409 680 παράδεισος,
1423 646 1519 682 δένδρα
1536 648 1661 678 παντοῖα.
1675 647 1788 681 βοτάναι
1808 649 1857 675 καὶ
1875 648 1973 681 σπὲρ-
2003 645 2004 671 l

1168 699 1251 724 ματα,
1268 691 1337 726 ἔργα
1346 691 1475 727 τέσσαρα.
1485 692 1562 727 Ξηρὰ
1575 692 1604 718 δὲ
1618 693 1756 728 ἐπεκλήθη
1770 694 1787 728 ἡ
1803 693 1850 727 γῆ,
1861 694 1970 728 ἐπειδὴ

1166 737 1214 763 καὶ
1229 736 1294 763 ῐδιον
1307 737 1391 772 αὐτῆς
1403 738 1462 764 ἐστι
1475 739 1546 765 κατὰ
1557 738 1636 772 φύσιν
1646 740 1676 766 τὸ
1685 740 1844 775 πρόσρημα·
1857 740 1891 767 τὸ
1911 741 1969 775 γὰρ

1167 782 1269 818 κυρίως
1283 782 1365 819 ξηρὸν
1377 784 1414 819 γῆ
1430 785 1514 812 ἐστιν.
1534 785 1644 820 Ἐπειδὴ
1651 785 1746 820 ὥσπερ
1758 795 1784 812 τι
1795 785 1880 821 βάρος
1890 787 1968 813 ἀπέ-

1167 827 1229 855 θετο
1242 829 1278 855 τὰ
1294 829 1456 864 ἐπικείμενα
1474 830 1541 865 αὐτῇ
1565 830 1660 863 ὕδατα,
1677 830 1770 858 λοιπὸν
1795 831 1967 866 βλαστάνειν

1167 874 1451 910 προσετάχθη.¹ὶ⁹υχὴν
1459 876 1487 902 δὲ
1493 875 1584 907 ζῶσαν
1597 876 1741 911 ἐξαγαγεῖν
1749 877 1899 914 ικιλεὺσθη
1905 899 1913 910 ,
1927 879 1964 905 ἵν’

327 923 408 958 aquis
421 925 590 956 exoneravit,
605 925 682 959 jussa
699 933 780 960 porro
793 930 836 954 est
852 927 1017 962 germinare.
1031 927 1114 955 Jussa

1167 920 1199 946 ὲκ
1207 919 1302 946 τούτου
1316 921 1486 956 γινώσκηται
1500 922 1548 956 τῆς
1562 930 1592 948 τε
1603 922 1701 956 ἀλόγου
1712 923 1800 958 ψυχῆς
1812 924 1827 958 ἡ
1837 923 1963 959 διαφορὰ

327 972 370 996 est
396 974 487 996 autem
512 970 666 1005 producere
692 972 812 998 animam
834 973 980 1004 viventem,
1001 977 1032 1000 ut
1052 972 1115 1000 inde

325 1020 539 1049 cognosceretur
553 1017 625 1044 bruti
646 1024 679 1045 ac
697 1017 814 1045 hominis
828 1017 926 1045 animo:
940 1018 1088 1046 discrimen
1105 1026 1112 1046 :

326 1067 388 1088 nam
407 1062 550 1090 brutorum
575 1063 666 1090 anima
691 1071 723 1092 ex
743 1068 815 1091 terra
837 1069 879 1091 est
902 1069 975 1097 nata,
993 1057 1114 1093 hominis

323 1111 414 1134 autem
429 1115 462 1135 ex
474 1108 567 1135 divina
587 1108 766 1143 inspiratione
780 1113 840 1136 orta
860 1114 913 1137 est.
936 1109 1003 1138 Esse
1023 1115 1113 1138 autem

323 1153 467 1181 brutorum
483 1153 602 1181 animam
617 1158 755 1181 terrenam
773 1162 883 1181 rursum
896 1163 928 1182 cx
951 1156 1009 1190 ipsa
1027 1159 1116 1189 potest

325 1199 440 1235 intelligi
452 1198 592 1234 Scriptura
608 1207 617 1227 :
631 1200 697 1228 dicit
712 1201 786 1228 enim
803 1210 809 1228 :
831 1209 840 1226 ι
860 1201 957 1227 Anima
966 1201 1056 1228 omnis
1069 1208 1116 1236 pe-

325 1245 399 1273 coris
414 1250 457 1272 est
477 1245 589 1280 sanguis
610 1246 681 1281 ejus.
702 1255 711 1272 ι
730 1246 817 1274 Porro
838 1248 952 1283 sanguis
968 1253 1116 1277 concretus

324 1291 352 1318 in
372 1299 483 1319 carnem
512 1296 644 1325 mutatur,
669 1300 734 1320 caro
758 1301 808 1321 suo
830 1295 939 1322 interitu
963 1295 989 1322 in
1013 1299 1114 1322 terram

323 1338 495 1366 dissolvitur.
531 1338 624 1373 Itaque
654 1343 870 1367 consentaneum
897 1346 939 1368 est
971 1341 1114 1369 brutorum

324 1385 445 1412 animam
461 1392 522 1412 esse
537 1389 686 1413 terrenam.
698 1385 800 1418 Quarta
814 1386 858 1413 die
868 1386 966 1418 solem,
981 1395 1074 1415 tunam
1088 1393 1116 1415 et

326 1430 421 1458 stellas
435 1429 507 1458 Dens
526 1430 590 1458 fecit
608 1438 616 1457 :
635 1431 686 1458 tria
707 1439 799 1466 opera.
824 1431 1011 1460 Luminarium
1037 1439 1115 1461 ortus

327 1474 504 1509 multiplicem
531 1475 659 1504 universo
687 1476 833 1504 utilitatem
864 1478 966 1511 attulit,
986 1486 1049 1506 cum
1075 1481 1116 1506 lu-

326 1520 414 1548 cendo
430 1528 534 1555 suoque
548 1521 694 1556 splendore
709 1523 840 1550 mundum
858 1523 960 1551 alfalim
976 1524 1115 1553 illustran-

1166 967 1214 993 καὶ
1232 966 1282 1002 τῆς
1296 966 1470 1002 ἀνθρωπείας
1480 975 1488 983 ·
1505 969 1537 994 ἐκ
1556 969 1611 1004 γὰρ
1624 968 1676 1003 γῆς
1693 969 1763 1004 ἐφύη
1779 969 1831 996 τῶν
1845 969 1960 1004 ἀλόγων

1165 1012 1182 1048 ή
1197 1011 1282 1049 ψυχὴ.
1309 1013 1325 1046 ἠ
1349 1013 1377 1040 δὲ
1391 1013 1438 1040 τοῦ
1455 1013 1602 1049 ἀνθρώπου
1620 1015 1652 1042 ἐκ
1669 1015 1716 1042 τοῦ
1736 1015 1810 1043 θείου
1828 1016 1959 1052 ἐμφυσή-

1167 1066 1252 1093 ματος
1269 1059 1395 1094 συνέστη.
1422 1060 1478 1086 Καὶ
1494 1059 1534 1086 ὅτι
1552 1060 1641 1096 γεηρὰ
1664 1061 1723 1088 ἐστι
1739 1061 1794 1088 τῶν
1813 1061 1919 1096 ἀλόγων
1942 1064 1961 1097 ἡ

1165 1104 1250 1140 ψυχὴ,
1277 1105 1306 1137 ἐξ
1334 1105 1419 1140 αὐτῆς
1445 1105 1504 1132 ἔστι
1530 1106 1634 1140 γνῶναι
1653 1107 1734 1134 πάλιν
1757 1109 1806 1143 τῆς
1827 1108 1960 1143 Γραφῆς·

1167 1151 1273 1187 είρηται
1281 1152 1345 1187 γὰρ·
1361 1161 1370 1177 ι
1386 1152 1466 1187 Ψυχὴ
1476 1153 1578 1184 παντὸς
1587 1154 1701 1190 κτήνους
1710 1153 1779 1189 (21),
1789 1155 1821 1181 τὸ
1830 1152 1900 1189 αἷμα
1910 1156 1964 1182 αὑ-

1167 1196 1214 1224 τοῦ
1231 1193 1314 1224 ἔστιν.
1335 1207 1344 1223 ι
1357 1196 1468 1232 Δῖμαδὲ
1482 1199 1656 1235 πηγνύμενον
1670 1200 1710 1231 εις
1719 1201 1808 1236 σάρκα
1821 1201 1964 1236 μεταϐάλ-

1167 1243 1254 1270 λεται”
1272 1243 1340 1278 σὰρξ
1353 1243 1382 1270 δὲ
1398 1244 1564 1280 φθειρομένη
1577 1246 1618 1277 εἰς
1633 1246 1685 1282 γῆν
1700 1247 1858 1275 ἀναλύεται.
1872 1247 1959 1274 Εἰκό-
2002 1247 2003 1261 ³

1167 1298 1221 1321 τως
1235 1287 1281 1316 οὖν
1299 1290 1404 1325 γεώδης
1423 1291 1440 1325 ἡ
1463 1291 1518 1317 τῶν
1542 1291 1646 1326 ἀλόγων
1662 1293 1745 1327 ψυχή.
1772 1293 1810 1327 Τῇ
1836 1294 1958 1329 τετάρτῃ

1167 1335 1259 1370 ἡμέρα
1276 1336 1403 1370 ἐποίησεν
1419 1337 1433 1362 ὁ
1448 1336 1515 1368 Θεὸς
1537 1337 1582 1363 τὸν
1603 1338 1689 1373 ἥλιον,
1706 1338 1754 1373 τὴν
1776 1339 1892 1375 σελήνην
1910 1342 1960 1367 καὶ

1165 1381 1228 1412 τοὺς
1241 1381 1370 1416 ἀστέρας,
1383 1381 1453 1417 ἔργα
1469 1382 1541 1417 τρία.
1557 1383 1617 1409 Τῶν
1634 1385 1785 1420 φωστήρων
1803 1384 1845 1419 IP.
1863 1385 1890 1422 4]
1910 1395 1960 1419 γε-

1166 1427 1289 1463 νομένων
1301 1428 1457 1464 πολυμερὲς
1478 1429 1517 1463 τῷ
1534 1429 1614 1456 παντὶ
1635 1431 1791 1465 παρεσχέοη
1805 1431 1913 1464 ὄφελος,
1926 1432 1959 1458 ἐκ

1165 1483 1196 1502 τε
1214 1474 1262 1502 τοῦ
1275 1475 1384 1510 φαίνειν
1398 1474 1446 1502 καὶ
1463 1476 1524 1506 ταῖς
1545 1475 1660 1508 οἰκείαις
1683 1476 1839 1512 λαμπηδὸσι
1854 1486 1959 1504 καταυ·
2004 1489 2005 1495 η

1166 1522 1262 1556 γάζειν
1277 1522 1323 1549 τὸν
1337 1522 1440 1557 κόσμον
1461 1522 1609 1555 πλουσίως,
1624 1521 1656 1549 ἑκ
1667 1531 1697 1549 τε
1711 1522 1758 1549 τοῦ
1774 1523 1895 1557 ἀνίσχειν
1910 1525 1960 1550 καὶ

327 1565 375 1599 do,
393 1570 448 1593 tum
467 1571 528 1594 ortu
544 1567 680 1602 obituque
704 1575 756 1596 suo
774 1572 895 1604 tempora
910 1570 1112 1607 distinguendo.

1169 1568 1348 1596 καταδύεσθαι
1362 1569 1412 1604 τὴν
1431 1568 1484 1595 τῶν
1502 1569 1606 1604 χρόνων
1616 1569 1806 1605 ἀπαρίθμησιν
1821 1569 1959 1604 γίνεσθαι.

327 1609 397 1638 Tum
417 1611 508 1646 qualia
520 1612 596 1648 signa
615 1614 762 1648 praebeant,
789 1614 852 1641 luna
872 1615 1013 1649 declarat;
1030 1617 1116 1652 cujus

329 1664 433 1684 cornua
450 1663 531 1685 acuta
551 1666 584 1686 ac
603 1667 669 1694 pura
686 1659 709 1687 si
726 1659 792 1692 sint,
811 1665 984 1688 constantem
1000 1661 1054 1690 diei
1069 1671 1114 1691 se.

327 1705 471 1732 renitatem
483 1705 512 1739 θ
522 1705 666 1740 promittit,
683 1706 726 1734 sin
740 1706 845 1735 obtusis
859 1707 992 1735 cornibus
1001 1715 1032 1735 ac
1046 1708 1114 1736 sub-

328 1749 431 1778 rubens
468 1754 608 1785 appareat,
650 1757 697 1778 aut
729 1751 818 1787 largos
842 1753 943 1780 imbres
972 1758 1019 1780 aut
1048 1757 1116 1781 tem-

328 1800 462 1832 pestatem
479 1797 538 1824 fore
552 1797 663 1825 indicat.
682 1797 785 1826 Eodem
807 1799 888 1826 modo
901 1799 943 1827 sol
957 1807 1076 1835 quoque,
1091 1800 1115 1828 si

327 1849 423 1877 primae
442 1841 530 1869 instar
545 1843 661 1870 candeat
679 1851 711 1870 ac
732 1845 876 1880 sanguinis
897 1845 989 1872 colore
1013 1845 1114 1874 tinctos

327 1889 419 1917 radios
436 1889 662 1926 splendoremque
684 1890 756 1923 edat,
773 1897 875 1918 motum
893 1892 1044 1919 violentum
1063 1892 1117 1919 im-

326 1935 432 1963 minere
443 1935 574 1963 ostendit.
590 1935 686 1965 Testes
701 1937 797 1964 harum
822 1945 912 1965 rerum
927 1942 992 1965 sunt
1011 1943 1112 1971 nauus.

327 1982 466 2015 agricolae,
480 1982 721 2016 viatores.Quinta
736 1983 780 2011 die
797 1984 930 2019 repentia,
945 1993 1117 2020 quaecunque

328 2030 435 2061 natant,
448 2031 533 2060 cetos,
543 2028 643 2063 pisces,
659 2033 686 2056 et
697 2037 866 2065 quaecunque
881 2030 908 2057 in
925 2031 1004 2065 aquis
1013 2031 1118 2066 vivunt,

1173 1614 1254 1642 ’Δλλὰ
1269 1615 1317 1641 καὶ
1332 1614 1386 1642 τῶν
1406 1614 1536 1650 σημείων,
1563 1612 1606 1640 οἶα
1632 1614 1690 1641 ἔστι
1705 1615 1751 1642 διὰ
1773 1615 1824 1650 τῆς
1839 1616 1959 1651 σελήνης

1169 1660 1323 1695 φαίνεσθαι.
1341 1661 1435 1696 Λεπτὴ
1454 1661 1509 1695 γὰρ
1523 1658 1591 1687 οὖσα
1608 1661 1668 1692 ταῖς
1683 1661 1807 1697 κεραίαις
1832 1663 1878 1689 καὶ
1905 1671 1960 1690 κα-

1169 1706 1242 1742 θαρὰ
1252 1706 1317 1742 περὶ
1327 1706 1376 1742 τὴν
1385 1707 1439 1741 ήμέ
1445 1715 1504 1741 ραν,
1519 1706 1656 1742 σταθηρὰν
1664 1707 1756 1733 εὐδίαν
1765 1708 1959 1742 κατεπαγγέλ-

1168 1752 1257 1785 λεται,
1281 1754 1381 1787 παχεῖα
1396 1752 1424 1779 δὲ
1435 1753 1494 1784 ταῖς
1516 1752 1641 1787 κεραίαις
1662 1753 1709 1780 καὶ
1724 1753 1876 1788 ὑπέρυθρος
1890 1763 1960 1788 φαι-

1170 1800 1272 1836 νομένη
1286 1800 1303 1834 ἢ
1320 1799 1393 1835 ὕδωρ
1408 1799 1508 1835 λάϐρον
1531 1799 1585 1826 ἀπὸ
1602 1799 1691 1832 νεψῶν
1709 1799 1726 1834 ἦ
1752 1800 1873 1835 χειμῶνα
1895 1800 1960 1826 ἐσε-

1170 1846 1232 1874 σθαι
1265 1845 1372 1881 μηνύει.
1405 1845 1542 1878 Ὡσαύτως
1565 1845 1611 1872 καὶ
1639 1846 1653 1871 ό
1678 1845 1752 1880 ἥλιος
1778 1845 1960 1881 ἁνθρακὼδης

1169 1893 1314 1928 γενόμενος
1327 1892 1375 1918 καὶ
1388 1890 1507 1926 ὖφαιμος
1520 1893 1579 1923 ταῖς
1590 1891 1696 1917 ἀκτῖσιν
1709 1891 1726 1927 ἦ
1742 1891 1772 1918 τὸ
1785 1891 1959 1927 ἀπαύγασμα

1169 1938 1259 1974 βιαίαν
1283 1937 1391 1973 κίνησιν
1418 1937 1493 1972 δηλοῖ
1517 1936 1703 1971 ἐπιγενέσθαι.
1734 1937 1788 1963 Καὶ
1815 1937 1957 1972 μάρτυρες

1168 1985 1273 2011 τούτων
1288 1984 1445 2019 πλωτῆρας,
1459 1984 1506 2010 καὶ
1517 1983 1647 2018 γεωργοὶ,
1664 1983 1710 2009 καὶ
1719 1983 1864 2017 ὁδοιπόροι.
1880 1983 1919 2019 Τῇ
1934 1987 1956 2010 ε’

1169 2030 1263 2066 ἡμέρᾳ
1278 2030 1311 2057 τὰ
1324 2030 1438 2065 ἑρπετὰ,
1447 2029 1480 2056 τὰ
1494 2029 1580 2063 νηκτὰ
1595 2029 1693 2060 πάντα,
1709 2030 1791 2064 κήτη,
1804 2028 1890 2064 ἰχθύες
1906 2030 1957 2057 καὶ

897 2104 1075 2152 )in.ANDRl
1093 2123 1138 2152 n’r
1152 2124 1258 2153 coam
1274 2123 1392 2151 norm.

367 2176 586 2217 (l9i_Ai'ri_canu_s_
605 2179 724 2217 scriptor
739 2179 790 2217 luit
802 2180 1007 2217 ecclesiasticus
1022 2182 1112 2217 magni

330 2213 461 2249 nominis.
488 2212 622 2249 Eusebius
647 2212 713 2242 citat
733 2214 767 2242 de
783 2216 938 2249 genealogia
964 2212 1113 2244 Christivad

331 2247 480 2284 Aristidem
496 2248 637 2284 epistolam
649 2250 709 2284 ejus
721 2249 770 2278 lib.
784 2247 796 2278 ἶ
820 2247 921 2278 Hister.
936 2251 1026 2279 ecclex.
1041 2253 1067 2284 6,
1088 2257 1115 2280 et

329 2283 501 2317 Augustinus
512 2291 532 2310 tt
541 2283 657 2316 Retract,
666 2283 695 2312 et
702 2293 748 2317 vn,
758 2289 785 2312 et
793 2285 850 2312 alii.
860 2285 1015 2314 Gotel‘ridus
1026 2283 1114 2315 Viter-

328 2318 443 2354 biensis.
460 2319 511 2354 qui
523 2319 651 2347 historias
668 2321 832 2354 conscripsit
845 2322 918 2349 circa
935 2329 1037 2349 annum
1059 2323 1113 2350 Do-

329 2353 397 2380 mini
406 2353 485 2385 1200.
497 2352 560 2380 Julii
571 2354 693 2382 Africani
703 2352 830 2382 chronica
839 2355 890 2383 sub
896 2356 929 2383 M.
938 2356 1037 2385 Crasso
1045 2358 1115 2385 scri-

331 2392 420 2427 pta_se
432 2389 531 2416 habere
546 2389 671 2427 aﬂirmat.
684 2389 761 2427 Quod
780 2398 829 2425 ego
837 2392 877 2427 ab
895 2392 988 2427 inepto
1007 2393 1115 2420 homine

330 2423 484 2460 profectum
494 2425 628 2459 puto,qui
644 2432 708 2452 cum
723 2423 824 2460 legeret
835 2423 968 2459 Marcum,
983 2427 1113 2455 Crassum

331 2459 503 2496 ascripserit,
521 2467 614 2487 crasso
627 2468 740 2496 errore.
754 2461 799 2496 qui
812 2466 910 2495 prurtcr
920 2462 955 2489 Μ.
981 2462 1112 2490 Crassum

329 2493 435 2535 nullum
459 2493 578 2535 Marcnm
593 2494 687 2535 sciret.
700 2493 847 2535 Quis—enim
861 2505 917 2535 nqn
928 2497 1002 2524 videt
1019 2497 1115 2535 boc_ad

330 2527 481 2555 Antonium
498 2528 599 2556 debere
614 2527 734 2558 referri?
747 2531 817 2559 Sane
831 2527 1050 2559 sub'Commodo
1067 2533 1116 2559 lio-

331 2563 424 2590 ruisse
450 2563 590 2591 Cedrenus
616 2569 708 2593 noster
733 2567 831 2594 alicubi
862 2567 956 2594 tradit.
980 2566 1116 2594 Eusebius

333 2596 408 2624 Ilist.
420 2598 511 2625 ercles.
529 2606 565 2629 Vt,
579 2599 610 2626 51
634 2601 685 2628 sub
712 2601 860 2629 Maximino
878 2609 940 2629 eum
960 2602 1116 2629 innotuisse

332 2633 469 2671 perhibet.
486 2633 606 2671 Africani
623 2635 705 2663 libros
729 2637 966 2671 χρονογραφικῶν.
980 2635 1116 2664 Eusebius

284 2673 290 2677 ‘
333 2668 368 2695 de
382 2667 582 2701 Prrrparatiane
593 2667 772 2706 euangelici].
782 2679 798 2699 ι
813 2667 891 2703 citai,
910 2675 937 2698 et
952 2671 1029 2698 alibi.
1059 2671 1114 2698 Ca:-

332 2707 421 2741 te_rum
443 2705 583 2741 locusest
613 2706 762 2739 obscurus,
789 2714 851 2734 cum
883 2706 1026 2733 Cedrcnus
1055 2714 1118 2741 νοη-

330 2738 476 2776 τόνᾼηιοιίο
503 2739 543 2776 id
561 2740 634 2769 dicat
656 2741 730 2776 quod
756 2746 846 2768 mente
875 2741 932 2768 sola
957 2738 1116 2776 percipitur,

329 2774 416 2811 modo
427 2775 453 2802 id
471 2775 544 2810 quod
562 2777 614 2804 sub
632 2774 686 2804 alio
702 2776 852 2804 indicatur.
869 2775 933 2803 Mihi
946 2774 980 2804 de
998 2774 1040 2804 bis
1055 2776 1116 2811 phi-

330 2809 537 2846 losOphari'non
554 2811 630 2843 libet,
648 2818 711 2838 cum
727 2811 832 2843 Basilii,
849 2812 1000 2844 Ambrosii,
1023 2809 1118 2846 Augu-

330 2845 396 2871 stiui
411 2846 583 2879 aliorumque
599 2846 632 2873 dc
649 2853 677 2873 rc
692 2846 742 2874 hac
755 2850 864 2874 exstent
879 2846 1046 2875 doctissima:
1056 2847 1116 2875 dis-

331 2881 498 2914 putationes.
517 2881 581 2908 XrL.

373 2927 431 2959 (~20)
470 2925 526 2954 Vox
558 2926 753 2955 ﬁrmamentum
785 2925 886 2956 Graeca:
919 2929 978 2958 voci
1002 2929 1118 2964 περέω

1169 2190 1208 2217 μα
1231 2181 1344 2210 videtur
1359 2188 1414 2208 non
1428 2179 1551 2217 pessime
1575 2180 1752 2217 respondere.
1764 2180 1907 2217 rCedrenus
1919 2182 1955 2210 de

1168 2215 1240 2246 caelo
1260 2217 1479 2250 interpretatur:
1506 2215 1551 2242 alii
1577 2223 1668 2243 aerem
1696 2216 1861 2250 intelligunt.
1890 2225 1953 2245 cum

1168 2253 1270 2287 quibus
1299 2251 1364 2278 facit
1383 2251 1504 2278 Abnezra
1519 2250 1687 2287 Judazorum,
1705 2251 1834 2287 ut_aiunt,
1850 2250 1955 2287 doctis-

1168 2285 1268 2319 simus,
1285 2290 1355 2314 teste
1370 2287 1479 2314 Kimcbi
1495 2287 1522 2313 in
1536 2285 1582 2314 Ps.
1599 2294 1656 2314 xu.
1676 2286 1708 2313 Et
1723 2285 1860 2320 Thargum
1888 2286 1953 2314 Hie-

1166 2322 1393 2352 rosolvmitanum
1413 2329 1461 2356 pro
1476 2329 1544 2349 voce
1557 2322 1601 2348 cui
1629 2321 1774 2356 στερέωμα
1795 2321 1950 2356 respondet.

1164 2362 1236 2398 ινφ-ι
1253 2357 1355 2385 Genes.
1372 2365 1380 2384 ι
1397 2355 1522 2392 posuisse
1531 2364 1634 2388 acrem,
1649 2355 1729 2384 testis
1742 2360 1785 2384 est
1796 2357 1867 2384 Elias
1881 2355 1951 2383 The-

1166 2404 1244 2431 sbitse
1257 2412 1317 2432 suo.
1334 2403 1387 2431 Sed
1399 2411 1488 2430 meum
1505 2411 1558 2430 non
1574 2403 1625 2430 fuit
1647 2404 1798 2437 quidquam
1826 2408 1948 2432 mutare.

1165 2438 1279 2466 Ariciam
1293 2441 1387 2474 [porro
1396 2443 1429 2474 ει
1442 2439 1540 2465 siccant
1554 2442 1656 2465 terram
1679 2439 1867 2474 cognominari
1885 2448 1907 2466 ν.
1935 2441 1951 2468 6

1167 2473 1369 2501 usitatum’est.
1395 2473 1541 2508 Epitheton
1558 2473 1618 2509 loco
1646 2473 1810 2501 substantivi
1834 2475 1949 2509 positum

1167 2509 1260 2536 nescio
1271 2516 1305 2536 an
1326 2509 1483 2535 inveniatur
1494 2508 1564 2541 apud
1589 2508 1710 2539 Latinos,
1739 2509 1790 2535 nisi
1818 2510 1879 2543 quis
1892 2508 1951 2536 Vir-

1167 2543 1267 2578 giliaua
1285 2545 1345 2571 haec
1354 2543 1395 2571 sic
1410 2543 1537 2576 accipiat.
1553 2544 1634 2570 donec
1644 2547 1832 2578 rastrarteuent
1843 2545 1950 2575 sitcum.

1167 2577 1277 2614 LfEueid.
1293 2587 1321 2611 x,
1336 2584 1362 2605 et
1373 2578 1438 2604 alibi
1464 2579 1552 2605 exsilit
1567 2580 1593 2605 in
1607 2580 1718 2605 siccum.
1737 2577 1867 2614 Homerus
1892 2583 1953 2614 qui-

1167 2613 1229 2640 dem
1243 2613 1289 2640 ιπὶ
1303 2613 1444 2649 τραφερήν
1458 2621 1487 2639 τε
1509 2615 1556 2640 καὶ
1567 2614 1654 2648 ὑγρήν
1667 2613 1737 2640 dixit
1748 2611 1832 2649 Iliad.
1847 2614 1875 2646 Ξ,
1887 2611 1951 2649 5'08,

1169 2652 1268 2675 terram
1280 2653 1307 2676 et
1324 2656 1400 2676 mare
1415 2654 1514 2676 natans
1528 2649 1633 2675 humidi
1649 2653 1676 2676 et
1703 2648 1772 2676 sicci
1795 2649 1925 2676 vocabulo
1942 2660 1949 2677 :

1168 2687 1210 2719 est
1233 2684 1305 2711 enim
1323 2684 1459 2718 τραφερὸν
1475 2684 1506 2710 τὸ
1519 2684 1662 2718 συμπαγὲς
1690 2684 1738 2710 καὶ
1762 2685 1875 2719 στερρὸν
1903 2687 1952 2712 καὶ

1168 2717 1239 2745 οὕτω
1253 2719 1300 2745 τοῦ
1313 2717 1397 2754 ὑγροᾷ
1413 2717 1614 2753 διεσταλμένον,
1640 2719 1759 2746 solidum
1787 2717 1819 2746 ac
1832 2717 1950 2754 'compa-

1169 2756 1243 2780 ctum
1259 2753 1354 2788 probe.
1380 2753 1441 2781 Jam
1465 2754 1566 2780 ctnlum
1583 2754 1660 2787 παρὰ.
1673 2754 1704 2780 τὸ
1726 2754 1791 2788 ὀρᾷν
1805 2762 1818 2779 a
1835 2753 1951 2784 videndo

1169 2788 1272 2824 dictum
1287 2796 1349 2824 esse
1373 2789 1467 2824 opinio
1491 2793 1534 2815 est
1553 2793 1683 2822 recepta:
1717 2793 1745 2824 et
1761 2789 1832 2823 apud
1859 2794 1950 2824 poetas

1169 2823 1398 2884 Doricidialecto
1421 2823 1517 2858 ὁρανός
1546 2824 1663 2858 positum
1690 2823 1741 2858 ipsi
1759 2824 1949 2852 animadverti-

1169 2865 1239 2884 mus.
1280 2866 1321 2884 γι.

1169 2865 1239 2885 111118.
1255 2865 1321 2885 λγιη

1206 2893 1261 2931 (gl)
1277 2892 1372 2931 Omnis
1383 2893 1486 2931 carnis,
1498 2898 1540 2921 est
1553 2893 1678 2931 iu__Lc\‘it.
1691 2901 1743 2922 χιιι
1758 2893 1869 2931 σαρκός,
1884 2901 1950 2931 non,

1169 2933 1198 2958 ut
1214 2927 1311 2958 Noster
1326 2929 1416 2963 habet,
1434 2930 1557 2963 κτήνους.
1577 2928 1643 2957 XIL.
