2007 3156
56 182 90 212 33
579 172 851 204 IlISTORlARUM
872 171 1137 204 COMPEN’DIUM.
1641 171 1676 204 34

57 238 102 264 ὅσα
113 237 140 262 ὲν
154 235 208 266 τοῖς
230 233 334 265 ὕδασιν,
352 232 391 258 ἔτι
416 241 443 258 τε
465 231 510 258 καὶ
529 230 651 261 πετεινὰ,
673 229 741 264 ἔργα
762 227 836 263 τρία.

900 234 923 254 lc
957 231 1085 262 prieterea
1116 228 1241 257 volucres
1264 227 1335 256 Deus
1355 227 1458 255 creavit
1486 235 1592 263 :opcra
1615 229 1678 257 tria.

57 283 93 318 Τῇ
109 281 135 314 ς’
152 281 243 315 ἡμέρᾳ
259 279 292 306 τὰ
307 278 472 313 τετράποδα,
491 276 525 304 τὰ
544 275 646 311 ἑρπετά
662 274 713 309 τῆς
727 273 788 309 γῆς.
804 272 838 299 τὰ

56 328 133 365 θηρία
161 327 208 354 καὶ
233 326 279 353 τὸν
311 325 467 360 ἄνθρωπον,
496 322 564 358 ἔργα
596 322 726 356 τέσσαρα.
754 318 838 355 Ὁμοῦ

56 375 140 403 πάντα
156 374 190 401 τὰ
202 373 271 409 ἔργα
286 372 430 404 εἰκοσιδύο,
455 369 586 405 ἰσάριθμα
604 369 660 400 τοῖς
685 367 838 402 Ἑϐραϊκοῖς

57 423 208 458 γράμμασι,
224 420 271 447 καὶ
284 420 343 450 ταῖς
353 417 486 445 εἰκοσιδύο
499 415 589 443 αὐτῶν
601 414 702 450 βίϐλοις
712 413 779 449 (22),
791 413 839 439 καὶ

57 470 110 500 ταῖς
124 467 177 494 ἀπὸ
198 466 284 500 Ἀδὰμ
305 464 358 496 ’ἐως
381 462 480 490 Ἰακὼὸ
497 460 630 489 εἰκοσιδύο
652 461 838 495 γενεαρχίαις,

56 512 90 544 ὡς
106 513 132 539 ἐν
148 512 241 546 Λεπτῇ
258 509 372 546 φέρεται
387 508 507 540 Γενέσει,
524 507 557 542 ἢν
572 507 619 533 καὶ
634 505 756 537 Μωσέως
769 502 839 531 εῐναί

57 558 119 593 φασί
135 566 207 591 τινες
223 554 406 589 ἀποκάλυψιν.
427 553 502 588 Αὕτη
525 552 574 585 τὰς
596 551 742 587 οὐρανίους
756 549 838 577 δυνά-

57 612 114 640 μεις
122 605 155 638 τῇ
171 603 268 639 πρώτη
284 602 377 637 ἡμέρᾳ
387 600 462 634 λέγει
478 599 613 626 ἐκτίσθαι.
627 598 705 629 Τίνος
718 597 746 624 δέ
760 597 840 633 χάριν

56 650 102 685 τὴν
126 648 148 680 ζ’
173 648 279 684 ἡμέραν
305 647 453 681 εὐλόγησεν
476 646 490 672 6
514 645 591 677 Θεὸς,
608 644 657 671 καὶ
679 644 710 670 οὺ
731 643 839 676 πάσας;

57 696 118 731 φασί
133 703 214 727 τινες.
241 694 365 729 Δὲγομεν
388 693 435 720 οὖν
453 693 495 719 ὅτι
510 692 612 725 ἑκάστη
625 690 680 718 τῶν
707 690 794 718 ἄλλων
809 690 841 716 ἐκ

57 743 103 777 τῆς
119 743 149 769 ἐν
165 742 234 776 αὐτῇ
251 740 401 776 γενομένης
423 738 603 775 δημιουργίας
619 737 681 773 ἑσχε
695 737 746 772 τὴν
763 736 841 762 εὐλο-

58 789 130 823 γίαν·
147 788 242 823 ἐπειδὴ
267 787 295 814 δὲ
317 786 431 822 ἔμελλεν
454 784 522 820 αὕτη
540 785 607 819 μόνη
625 784 718 820 μένειν
742 782 842 818 ἀγέρα-

57 842 126 866 στος,
151 833 286 869 μηδεμιᾶς
319 832 347 858 ἐν
371 832 439 866 αὐτῇ
469 830 620 864 γενομένης
648 827 839 864 δημιουργίας,

58 881 149 908 τούτου
160 880 240 916 χάριν
260 878 401 914 ηὑλογήθη
426 877 473 904 καὶ
487 876 558 911 αῦτη
571 875 624 902 ὑπὸ
641 874 688 901 τοῦ
708 873 778 901 Θεοῦ
793 873 842 901 καὶ

59 926 184 962 ἡγιάσθη,
213 925 259 952 καὶ
287 924 430 951 Σάδὸατον
458 923 496 954 ὡς
524 920 732 952 καταπαύσιμος
759 928 844 955 προσ-

58 971 204 1008 ηγορεύθη,
223 972 271 998 καὶ
285 971 322 1002 ὡς
337 970 423 1000 τύπος
440 969 489 1004 τῆς
505 967 623 1003 ὲὸδόμης
646 965 844 1002 χιλιοετηρίδος

57 1019 102 1046 καὶ
124 1019 174 1053 τῆς
195 1017 251 1044 τῶν
266 1016 439 1052 ἁμαρτωλῶν
456 1012 624 1045 συντελείας,
649 1012 686 1044 ὡς
711 1011 845 1048 Ἰώσηπος

58 1064 190 1100 μαρτυρεῖ
206 1063 252 1090 καὶ
269 1064 285 1098 ή
303 1061 397 1097 Λεπτὴ
410 1061 529 1092 Γένεσις.

92 1195 131 1222 Τὰ
167 1195 249 1230 θηρία
277 1194 389 1232 καὶ..τά
427 1196 582 1232 τετράποδα
614 1196 718 1223 καὶτὰ
741 1196 844 1232 ἑρπετὰ

57 1242 185 1276 ὁμόφωνα
201 1239 272 1277 ἦσαν
293 1241 346 1277 πρὸ
360 1242 412 1276 τῆς
428 1242 611 1277 παραόάσεως
633 1242 673 1278 τῷ
696 1242 846 1278 ἀνθρώπῳ,

58 1289 135 1321 διότι,
158 1288 252 1323 φησιν,
276 1288 291 1314 6
307 1288 369 1323 δφις
393 1288 552 1324 ἀνθρωπίνῃ
574 1290 650 1324 φωνῇ
678 1289 792 1324 ὲλάλησε
812 1290 846 1324 τῇ

58 1334 125 1370 Εὕᾳ.
142 1335 221 1361 Πᾶσα
235 1334 264 1361 δὲ
285 1334 382 1369 λογικὴ
405 1334 486 1368 φύσις
507 1334 562 1369 (25)
578 1334 639 1361 κατ’
654 1334 747 1361 εἰκόνα
766 1333 846 1361 Θεοῦ⁹

58 1378 145 1405 ταῦτα
169 1378 198 1405 δὲ
219 1378 269 1405 οὐκ
284 1379 338 1405 εισι
354 1379 427 1406 κατὰ
442 1379 536 1406 είκόνα
549 1378 634 1405 Θεοῦ·
649 1379 695 1405 τὸν
710 1379 765 1414 γὰρ
786 1379 848 1414 ὅφιν

57 1424 245 1460 ὁμολογοῦμεν
259 1424 438 1460 λελαληκέναι
456 1426 489 1460 τῇ
508 1424 575 1460 Εῠᾳ,
599 1423 687 1459 στόμα
702 1424 848 1460 γενόμενον

58 1470 98 1506 τῷ
111 1470 200 1506 νθητῷ
214 1470 287 1505 δφει,
303 1470 333 1497 ἐν
353 1467 375 1504 ᾦ
393 1471 543 1506 ἐνεργήσας
558 1470 595 1502 ὡς
610 1470 720 1506 συνήθει
734 1470 791 1498 δντι
809 1470 848 1506 τῷ

59 1513 197 1549 ἀνθρώπῳ
211 1515 285 1549 παρά
301 1514 336 1541 τὰ
354 1514 438 1544 ζλοιπά
462 1514 545 1550 θηρία
571 1514 606 1541 δι’
624 1515 706 1542 αὑτοῦ
723 1515 848 1552 ὴπάτησε

891 272 973 300 Sexta
995 272 1039 300 die
1063 273 1251 308 quadrupeda;
1286 281 1318 301 ea
1351 280 1413 308 quae
1450 273 1526 301 humi
1554 278 1678 308 serpunt,

889 318 992 346 bestias
1016 323 1043 346 et
1076 318 1215 346 hominem
1240 329 1248 348 :
1273 326 1356 355 opera
1381 325 1509 355 quatuor.
1541 321 1679 349 Numerus

889 364 1012 392 omnium
1031 372 1145 400 operum
1170 365 1252 393 simul
1279 366 1372 401 viginti
1392 366 1465 400 duo;
1491 375 1552 402 qua:
1572 375 1680 396 summa

889 415 979 446 aequat
995 418 1140 438 numerum
1156 411 1308 438 litterarum
1319 410 1526 446 Hebraicarum,
1540 417 1567 440 et
1583 421 1681 441 rursus

895 457 1027 484 librorum
1052 457 1153 492 quibus
1179 457 1265 484 Judaei
1294 462 1418 491 utuntur,
1442 459 1562 494 itemque
1584 460 1682 495 viginti

891 501 945 529 duo
956 501 1089 537 graduum
1105 502 1213 538 generis
1229 503 1262 529 ah
1273 502 1377 530 Adamo
1392 511 1477 539 usque
1489 505 1523 532 ad
1535 504 1681 539 Jacohum,

893 552 923 576 ut
943 548 970 576 in
995 556 1078 584 parva
1097 548 1197 577 Genesi
1220 548 1330 583 legitur,
1354 556 1436 584 quam
1451 550 1532 577 etiam
1557 552 1682 579 nonnulli

894 593 972 619 aiunt
994 600 1056 620 esse
1071 592 1154 621 Musis
1176 592 1398 628 patefactionem.
1417 593 1491 621 Idem
1508 594 1577 622 liber
1591 597 1684 628 tradit

891 637 1020 666 cmlestes
1042 644 1152 673 quoque
1169 638 1306 672 potentias
1318 638 1407 673 prima
1423 638 1468 666 die
1488 644 1596 667 creatas
1609 649 1682 668 esse.

892 683 948 711 Cur
961 688 1064 716 autem,
1078 684 1206 719 inquiunt
1219 684 1342 720 quidam,
1354 692 1411 713 non
1420 693 1526 717 omnes,
1538 686 1586 714 sed
1598 687 1686 722 septi~

892 736 967 755 mum
989 729 1122 756 duntaxat
1152 729 1223 757 diem
1256 729 1327 758 Deus
1360 729 1482 759 faustum
1503 739 1565 760 esse
1585 732 1686 767 jussit?

892 773 1114 809 Respondemus,
1125 774 1292 809 reliquarum
1302 783 1524 812 unamquamque
1533 785 1567 806 ex
1575 778 1685 812 opificio

893 821 966 856 quod
981 828 1012 848 ea
1023 821 1066 848 dic
1076 825 1216 856 peractum
1229 827 1281 855 est,
1303 830 1380 850 suam
1398 823 1498 851 habere
1514 826 1685 860 prosperita-

894 867 929 895 tis
957 868 1192 895 denuntiationem
1214 878 1220 896 :
1240 876 1302 896 cum
1324 873 1414 897 autem
1433 870 1492 898 sola
1514 872 1629 906 septima
1653 880 1686 901 eo

895 913 1000 941 honore
1013 918 1088 942 esset
1105 914 1237 947 caritura,
1254 915 1328 942 nullo
1342 923 1372 943 ea
1395 916 1438 944 die
1453 925 1537 953 opere
1560 919 1684 954 condito,

896 960 956 988 ideo
978 960 1036 995 ipsa
1055 967 1165 995 quoque
1180 967 1195 987 a
1219 960 1273 988 Dco
1293 961 1381 989 fausta
1401 970 1462 991 esse
1486 964 1566 998 jussa
1591 970 1633 993 est
1654 974 1687 995 ac

895 1011 1055 1035 consecrata
1072 1012 1099 1034 et
1115 1007 1266 1034 Sabbatum
1284 998 1440 1043 appellata;
1458 1014 1488 1036 ut
1504 1018 1565 1046 quae
1580 1012 1689 1047 requie-

897 1057 950 1081 lem
979 1053 1084 1087 aderat,
1119 1058 1146 1081 et
1172 1059 1346 1089 reprmsentet
1375 1057 1520 1090 septimum
1550 1065 1686 1086 annorum

897 1098 1093 1129 millenarium.
1116 1098 1253 1134 ﬁnemque
1273 1101 1444 1134 peccantium
1472 1101 1631 1137 hominum,
1658 1108 1688 1131 ut

895 1143 1030 1178 Josephus
1044 1147 1160 1171 testatur
1177 1147 1204 1170 et
1219 1144 1304 1171 Parva
1317 1143 1442 1174 Genesis.

933 1188 1030 1216 Bestia:
1047 1196 1078 1216 ac
1100 1188 1278 1224 quadrupeda
1300 1193 1326 1216 et
1348 1191 1454 1225 reptilia
1471 1197 1535 1220 ante
1555 1193 1685 1222 delictum

898 1235 1036 1262 communi
1058 1242 1120 1262 eum
1138 1235 1295 1262 hominibus
1312 1236 1365 1271 lo
1379 1244 1445 1265 voce
1460 1246 1508 1266 usa
1528 1245 1603 1268 sunt.
1618 1240 1687 1268 Nam

898 1280 1010 1316 (inquit)
1023 1288 1138 1316 serpens
1160 1281 1279 1308 humana
1302 1289 1367 1309 voce
1384 1282 1466 1310 Evam
1481 1290 1524 1312 est
1540 1285 1686 1314 allocutus.

898 1325 994 1354 Omnis
1010 1330 1101 1353 autem
1116 1331 1214 1354 natura
1229 1327 1335 1355 ratione
1355 1328 1467 1363 prmdita
1480 1335 1522 1357 est
1534 1332 1686 1359 secundum

899 1373 1045 1407 imaginem
1064 1371 1122 1399 Dei.
1143 1373 1177 1400 At
1194 1380 1259 1400 vero
1275 1373 1327 1401 ista
1347 1382 1402 1401 non
1422 1380 1485 1402 sunt
1501 1375 1571 1403 facta
1590 1385 1690 1405 secun-

899 1418 964 1446 dum
991 1418 1138 1453 imaginem
1163 1418 1221 1445 Dei.
1244 1418 1351 1446 Etenim
1386 1423 1540 1455 serpentem
1572 1421 1691 1450 fatemur

899 1465 961 1492 Eva:
980 1464 1062 1491 verba
1075 1463 1183 1496 fecisse,
1199 1464 1236 1491 ita
1248 1464 1358 1499 quidem
1375 1470 1403 1493 ut
1419 1466 1441 1493 is
1455 1466 1513 1494 oris
1532 1467 1591 1495 loco
1608 1468 1690 1496 fuerit

900 1510 1032 1545 serpenti,
1048 1518 1129 1545 quem
1147 1514 1174 1538 et
1191 1510 1376 1546 signiﬁcatum
1394 1511 1574 1548 intelligentia
1590 1514 1689 1549 depre-

59 1559 124 1590 τοὺς
148 1558 335 1594 προπάτορας,
356 1560 370 1586 6
386 1559 456 1594 μετὰ
474 1558 554 1586 τοῦτο
572 1559 620 1586 καὶ
634 1560 664 1586 ἐν
681 1559 797 1596 ἀψύχοις
812 1562 847 1588 εί-

901 1556 1060 1584 hendimus.
1077 1555 1128 1584 Hic
1144 1557 1203 1590 illo,
1219 1561 1249 1583 ut
1262 1563 1324 1584 cum
1344 1557 1453 1585 homine
1467 1558 1530 1593 plus
1548 1567 1628 1594 quam
1646 1568 1691 1588 re-

59 1603 155 1636 δώ).οις
171 1604 291 1639 λαλήσας
305 1606 362 1637 τοῖς
376 1605 423 1631 ὑπ’
438 1604 521 1633 αὑτοῦ
536 1605 703 1633 δελεασθεῖσι
715 1607 849 1643 πολυτρό-

55 1659 120 1688 tum;
137 1650 354 1687 εἰδωλολάτραις.
371 1651 408 1677 Τὸ
423 1650 451 1678 δὲ
470 1648 540 1678 εἶναι
560 1651 606 1678 τὸν
621 1652 684 1687 δφιν
697 1652 851 1689 τετράπουν

58 1696 90 1721 τὸ
107 1697 171 1731 πρὶν
189 1695 236 1722 καὶ
255 1697 325 1730 μετὰ
339 1695 389 1732 τὴν
404 1695 527 1731 πονηρὰν
550 1696 694 1732 είσήγησιν
717 1697 849 1733 ἐρπυστι-

59 1741 119 1774 nov,
134 1743 181 1769 καὶ
193 1742 231 1769 ίδν
242 1742 317 1778 αὐτῷ
325 1743 371 1769 ἐπὶ
384 1742 434 1777 τὴν
448 1742 577 1777 γλῶσσαν
591 1743 745 1779 ἐντεθῆναι,
761 1744 808 1781 [Ρ.
820 1743 848 1780 5]

58 1787 112 1814 οὐκ
139 1787 319 1823 ἀπιστοῦμεν.
343 1788 475 1824 Φρόνιμος
493 1788 522 1815 δὲ
536 1789 550 1816 ὁ
562 1788 622 1823 δφις
639 1788 752 1824 ἐκλήθη,
767 1790 808 1817 ὅτι
820 1790 850 1816 τὸ

57 1832 170 1867 λογικὸν
185 1831 255 1864 ζῶον
281 1833 328 1860 τὸν
352 1832 506 1868 ἄνθρωπον,
524 1833 572 1860 καὶ
590 1834 644 1860 τῶν
660 1834 748 1862 ἄλλων
771 1835 851 1870 ἀγχι-

57 1878 121 1914 νοίᾳ
144 1878 284 1914 διαφέρον,
313 1878 451 1914 ὲξαπατᾷν
466 1879 589 1914 ἔμελλεν.
616 1880 709 1907 Ἄλλοι
724 1881 752 1908 δέ
768 1889 850 1916 φασιν

58 1924 103 1951 ὅτι
116 1924 147 1950 οὐ
168 1924 208 1959 τῷ
224 1925 296 1952 κατὰ
318 1925 461 1960 προφορὰν
482 1925 555 1960 λόγῳ
582 1927 596 1952 6
617 1926 679 1960 δφις
698 1926 849 1962 ἐχρήσατο,

56 1969 121 1996 ἀλλ’
147 1969 172 1995 οῐ
195 1969 414 2004 πρωτόπλαστοι,
442 1970 490 1996 am
516 1970 616 2001 κακίας
637 1970 714 2001 ὄντες
727 1971 848 2005 ἀμιγεῖς,

56 2014 265 2050 ἀκριϐεστάτας
290 2012 362 2049 εἶχον
389 2015 439 2046 τὰς
466 2015 608 2050 αίσοήσεις
632 2016 680 2043 καὶ
706 2015 773 2044 πολὺ
796 2017 851 2044 τῶν

57 2060 206 2096 ἡμετέρων
235 2059 458 2093 διαλλαττούσας,
480 2060 550 2087 ὥστε
580 2061 630 2097 τὴν
653 2061 738 2097 ἀκοὴν
761 2062 851 2090 αὐτῶν

57 2106 154 2141 πάσης
183 2105 316 2140 ὑπάρχειν
341 2105 434 2140 φωνῆς
460 2106 636 2141 ἁκουστικήν.
669 2107 778 2143 Ἐπειδὴ
796 2107 850 2144 γὰρ

56 2150 192 2187 βασιλεὺς
206 2151 301 2186 ὥσπερ
316 2150 442 2186 προήχθη
461 2150 491 2177 ἐν
503 2151 543 2186 τῷ
555 2152 651 2187 κόσμῳ
667 2152 681 2179 6
695 2152 850 2188 ἄνθρωπος,

54 2197 177 2230 εἰκότως
193 2198 254 2224 κατ’
276 2197 368 2224 είκόνα
383 2196 451 2224 Θεοῦ
466 2195 644 2232 γεγέννηται·
660 2198 714 2225 ἔδει
734 2199 788 2234 γὰρ
804 2199 851 2226 τδν

903 1603 987 1638 liquis
999 1603 1034 1631 sit
1048 1603 1234 1630 animantibus
1253 1603 1460 1631 consuetudinis
1476 1604 1604 1638 habente,
1626 1614 1692 1634 usus

903 1650 1096 1681 instrumento,
1111 1649 1220 1685 generis
1240 1649 1327 1677 nostri
1343 1654 1470 1678 auctores
1483 1651 1598 1687 decepit.
1618 1651 1691 1680 Idem

903 1696 1050 1733 postmodo
1066 1696 1148 1723 etiam
1164 1695 1190 1722 in
1204 1695 1360 1723 simulacris
1380 1696 1510 1724 inanimis
1526 1697 1634 1725 locutus
1652 1703 1692 1726 est

904 1742 937 1770 ad
954 1742 1038 1769 variis
1060 1741 1149 1768 modis
1169 1748 1183 1768 a
1203 1748 1234 1769 se
1254 1741 1391 1769 inescatos
1410 1742 1620 1771 simulacrorum
1633 1743 1693 1772 cul-

904 1793 989 1816 tores.
1003 1787 1097 1823 Neque
1112 1792 1202 1814 tamen
1216 1795 1270 1814 non
1286 1787 1424 1814 credimus
1441 1792 1594 1822 serpentem
1613 1781 1692 1817 initio

904 1834 990 1862 fuisse
1005 1833 1219 1868 quadrupedem,
1236 1840 1268 1860 ac
1285 1838 1346 1867 post
1361 1834 1525 1861 malitiosam
1545 1835 1625 1862 istam
1647 1836 1692 1863 in-

903 1881 1060 1908 ductionem
1084 1879 1161 1905 humi
1195 1878 1322 1913 serpendi
1349 1880 1513 1906 necessitate
1537 1881 1691 1915 astrictum,

904 1925 1058 1960 linguaeque
1077 1923 1137 1958 ejus
1149 1923 1226 1950 virus
1240 1922 1410 1958 impositum.
1432 1922 1552 1953 Vocatus
1573 1930 1615 1953 est
1634 1934 1693 1954 ser-

904 1977 971 2006 pens
983 1968 1109 2001 callidus.
1125 1968 1197 2004 quod
1212 1968 1326 2002 homini,
1337 1969 1448 1997 animali
1463 1971 1568 1998 ratione
1579 1972 1694 2006 praedito

904 2020 933 2045 et
948 2015 1062 2051 reliquis
1077 2014 1206 2042 acumine
1221 2015 1321 2042 uternis
1337 2016 1477 2050 praestanti
1489 2021 1562 2044 esset
1580 2017 1694 2052 imposi-

905 2068 993 2090 turus.
1013 2062 1066 2089 Alii
1084 2061 1180 2089 dicunt
1196 2068 1251 2089 non
1271 2062 1410 2097 expressis
1429 2062 1520 2091 verbis
1540 2071 1619 2091 usum
1636 2072 1694 2092 ser-

904 2113 1023 2144 pentem,
1046 2107 1094 2136 sed
1123 2108 1212 2143 primo
1237 2112 1346 2136 creatos
1376 2108 1512 2142 homines,
1540 2113 1634 2146 utpote
1659 2110 1695 2138 ab

904 2155 979 2184 omni
1004 2155 1107 2182 malitia
1124 2162 1219 2190 puros,
1238 2155 1414 2183 acutissimas
1440 2156 1570 2184 habuisse
1595 2164 1695 2185 sensus

906 2201 1048 2236 multoque
1061 2200 1164 2228 nostris
1183 2201 1409 2236 praestantiores;
1426 2201 1518 2237 itaque
1531 2210 1583 2230 suo
1599 2203 1693 2230 auditu

56 2244 197 2280 μέλλοντα
212 2244 307 2280 ἀρχειν
318 2243 373 2270 τῶν
389 2243 477 2270 ἄλλων
493 2242 588 2279 ὥσπερ
600 2243 662 2271 τινὰ
677 2244 769 2271 εἰκόνα
784 2243 847 2272 εἶναι

906 2246 997 2274 omnia
1021 2246 1097 2274 vocis
1121 2252 1221 2281 genera
1243 2247 1409 2281 percepisse.
1432 2247 1548 2281 Quando
1569 2249 1641 2275 enim
1667 2249 1694 2276 in

53 2291 184 2326 ἔμψυχον
192 2291 243 2326 τῆς
252 2290 300 2318 τοῦ
312 2290 507 2326 παμϐασιλέως
516 2290 683 2326 ὁμοιότητος.
693 2291 743 2318 οὐκ
751 2291 779 2317 ὲν
786 2299 853 2326 πορ-

54 2338 156 2374 φυρίδι
171 2338 218 2364 καὶ
228 2337 358 2372 σκήπτρῳ
369 2335 416 2363 καὶ
429 2335 575 2372 διαδήματι
595 2336 646 2371 τὴν
660 2336 738 2374 ἀξίαν
752 2337 852 2372 ἐμφαί-

53 2393 155 2415 νοντα,
167 2383 228 2410 ἐπεὶ
241 2382 309 2418 μηδὲ
319 2381 348 2409 τὸ
359 2382 513 2418 ἀρχέτυπον
526 2382 554 2408 ἐν
565 2381 671 2414 τούτοις
684 2382 769 2413 ἐστὶν.
795 2382 853 2409 ἀλλ’

54 2433 91 2459 ὲν
116 2429 156 2464 τῷ
176 2428 362 2463 κεκοσμῆσθαι
375 2429 409 2463 τῇ
434 2427 573 2463 ἀφθαρσίᾳ
583 2428 630 2455 καὶ
646 2427 780 2463 ἀθανασίᾳ
807 2428 855 2455 καὶ

55 2476 167 2512 ἀρετῇ·
181 2473 287 2506 τούτοις
301 2473 355 2509 γὰρ
370 2473 496 2509 τιμηθεὶς
517 2475 532 2500 6
552 2473 697 2509 ἄνθρωπος
715 2473 765 2509 τὴν
785 2474 855 2508 πρὸς

53 2524 93 2551 τὺ
109 2521 291 2557 πρωτότυπον
307 2521 402 2547 εἰκόνα
417 2520 464 2546 καὶ⁵
478 2520 625 2556 ὁμοιότητα
637 2520 776 2553 διασώζει.
793 2521 856 2548 Ἔτι

55 2570 90 2597 δὲ
107 2568 157 2595 καὶ
171 2568 188 2603 ὴ
205 2567 415 2601 αὑτεξουσιότης
430 2567 460 2593 τὸ
479 2565 618 2601 βασιλικὸν
635 2567 682 2593 καὶ
698 2567 855 2602 ἐπῃρμένον

55 2614 116 2649 τῆς
130 2614 238 2648 φύσεως
250 2614 296 2640 τοῦ
309 2612 455 2648 ἀνθρώπου
470 2612 517 2640 καὶ
534 2611 602 2647 πρὸς
617 2612 665 2648 τὴν
676 2612 751 2640 θείαν
762 2613 855 2640 εἰκόνα

907 2293 1037 2320 mundum
1053 2293 1135 2320 homo
1148 2297 1274 2327 tanquam
1287 2300 1333 2320 rex
1349 2294 1500 2328 productus
1516 2294 1576 2326 fuit,
1596 2302 1698 2322 conve-

906 2339 999 2367 niebat
1016 2346 1078 2366 eum
1091 2338 1124 2365 ad
1140 2338 1287 2374 imaginem
1308 2339 1354 2366 Dei
1371 2339 1473 2367 factum
1494 2348 1577 2368 esse:
1593 2340 1695 2379 quippe

907 2385 1050 2420 oportebat
1069 2391 1131 2412 eum
1152 2384 1198 2419 qui
1221 2385 1283 2412 aliis
1302 2389 1376 2413 esset
1395 2385 1587 2420 imperaturus,
1611 2382 1695 2413 veluti

907 2431 1054 2467 imaginem
1080 2430 1227 2466 quamdam
1253 2432 1401 2459 animatam
1427 2438 1489 2459 esse
1507 2431 1697 2460 similitudinis

905 2476 965 2510 ejus
977 2475 1024 2510 qui
1038 2475 1094 2503 Rex
1106 2480 1149 2503 est
1162 2476 1301 2510 omnium;
1317 2477 1364 2512 qui
1377 2484 1429 2504 non
1441 2484 1574 2512 purpura,
1586 2481 1697 2512 sceptro

906 2528 939 2548 ac
952 2519 1106 2548 diademate
1125 2519 1283 2555 dignitatem
1299 2527 1376 2548 suam
1394 2525 1571 2554 monstraret,
1585 2519 1695 2556 quando

905 2572 934 2594 et
952 2567 1094 2601 exemplar
1115 2565 1149 2593 ad
1164 2565 1235 2601 quod
1263 2565 1309 2593 ille
1326 2565 1416 2594 factus
1437 2571 1480 2594 est
1508 2567 1577 2594 nihil
1595 2566 1695 2594 horum

906 2612 999 2644 habet,
1018 2612 1066 2640 sed
1085 2619 1118 2640 eo
1132 2611 1205 2647 quod
1221 2611 1351 2641 interitus
1367 2613 1515 2652 vacuitate,
1531 2611 1695 2641 immortali-

628 2680 811 2709 XYLANDRI
838 2681 883 2710 ET
898 2679 1004 2708 GOARI
1017 2679 1134 2708 ΝΟΤΕ.

104 2731 160 2766 (22)
177 2731 323 2767 ίὶςρριιιίυε
353 2734 406 2763 est,
436 2729 573 2765 hodieque
599 2729 743 2767 usitatum,
769 2729 856 2767 libros

58 2767 174 2794 Veteris
196 2765 364 2794 Testamenti
389 2773 452 2793 μιν
480 2765 638 2796 recenseri;
670 2765 743 2792 unde
771 2765 855 2792 etiam

61 2803 157 2830 Vetus
173 2801 387 2833 Testamentum,
405 2809 466 2836 qua:
484 2806 550 2828 sunt
578 2799 734 2827 Judaeorum
757 2800 855 2836 hiblla,

907 2727 1007 2762 Biblia,
1021 2729 1068 2764 qui
1081 2729 1178 2763 galeati
1192 2728 1272 2756 titulo
1288 2732 1387 2757 exstat.
1405 2729 1472 2757 Χη.

945 2763 1003 2799 (25)
1029 2763 1281 2798 ’Rationemnrdits
1311 2768 1357 2791 aut
1387 2772 1530 2792 sermone:
1548 2767 1696 2798 utrumque

908 2800 984 2827 enim
1014 2799 1094 2834 λόγος
1122 2800 1279 2832 signiﬁcat;
1309 2807 1397 2834 neque
1424 2804 1465 2826 est
1492 2800 1543 2827 hoc
1572 2806 1692 2835 unquam

55 2842 180 2869 anu-5n
195 2841 284 2868 tta-its,
297 2837 322 2864 id
336 2841 390 2868 est,
405 2834 500 2871 viginti
512 2842 641 2870 quatuor,
669 2835 858 2871 inscribuntur
909 2835 1045 2871 sineillo.
1059 2842 1121 2863 cum
1133 2835 1223 2863 oratio
1238 2835 1272 2863 sit
1287 2835 1367 2871 quasi
1382 2835 1493 2863 sensilia
1510 2834 1634 2869 quaedam
1649 2840 1694 2861 rs-

56 2882 97 2902 ac
116 2872 304 2900 nominantur.
315 2872 352 2899 De
366 2870 480 2906 utraque
492 2872 627 2899 sententia
640 2870 788 2906 satisfaciet
802 2879 855 2898 non

56 2909 151 2938 nimis
173 2907 284 2936 curioso
299 2907 394 2943 lectori
421 2905 550 2943 prologus
580 2905 612 2936 υ,
645 2905 803 2942 llirronymi
828 2907 855 2933 iu

911 2870 958 2898 tio.
980 2869 1045 2897 XrL.
