2007 3156
142 190 177 221 3;
212 166 214 169 ’
674 188 946 218 lllSTORlARUM
964 188 1231 222 COMPENDIUM.
1742 192 1778 223 as

140 253 173 291 τ]
195 252 368 288 θεοπνεύστῳ
395 252 491 288 Γραφῇ
518 252 570 279 ὑπὸ
588 251 634 279 τοῦ
663 252 741 287 ἁγίου
774 251 925 288 [Ῑνεύματος

987 253 1044 281 rius
1064 254 1226 289 inquirenda
1242 259 1307 282 sunt
1321 261 1382 290 quae
1397 254 1516 290 Spiritus
1532 259 1645 284 sanctus
1656 257 1689 284 in
1710 258 1781 286 divi-

142 299 325 333 σεσιγημένα,
343 298 387 324 ἵνα
410 298 448 333 μὴ
474 298 535 325 ἀντὶ
549 297 663 333 κέρδους
682 297 782 333 μικροῦ
811 298 934 334 μεγάλην

140 344 356 380 ἐπισπασώμεθα
375 344 489 380 ζημίαν.

125 414 140 424 ,,
176 391 213 417 Τὸ
227 391 255 417 δὲ
272 391 417 427 εἰρημένον
441 391 482 417 ὅτι
502 400 513 416 ι
533 390 619 426 Ἀδὰμ
633 390 747 425 γέγονεν
770 391 809 423 ὡς
833 389 874 423 εἷς
904 391 935 423 ἐξ

140 437 230 473 ἡμῶν,
242 446 251 463 ι
265 437 314 472 οὐχ
322 437 360 469 ὼς
369 436 552 468 δι’ἀπειθείας
563 437 609 463 ἐπὶ
621 437 722 463 κακίαν
732 436 932 472 προκόψαντος,

140 483 210 511 ἀλλὰ
223 482 268 510 διὰ
283 483 313 509 τὸ
330 483 482 518 εἰρηκέναι,
498 492 507 508 ι
529 483 598 509 Κατ’
615 483 708 509 εἰκόνα
724 482 793 509 Θεοῦ
805 483 933 518 ἐποίησεν

140 529 234 557 αὐτόν.
253 539 262 555 ι
277 528 359 556 Ἀλλὰ
368 530 405 564 μή
423 537 465 561 τις
474 528 597 565 ὑπολάϐῃ
609 529 651 556 ὅτι
663 529 694 555 τὸ
712 528 790 563 ξύλον
803 529 933 565 τοιαύτης

139 573 175 612 ἣν
191 576 300 611 φύσεως
314 576 352 607 ὡς
363 575 465 610 γνῶσιν
478 575 609 611 παρέχειν
619 575 704 603 καλοῦ
716 576 764 603 καὶ
776 575 874 603 κακοῦ.
893 575 931 602 Οὐ

139 622 196 658 γὰρ
204 621 238 658 ἦν
252 631 278 648 τι
295 622 427 658 βλαϐερὸν
442 622 471 648 ἔν
488 622 660 657 Παραδείσῳ,
674 623 773 658 ὄροςδέ
789 622 871 657 ἐτέθη
885 622 933 649 ἐπὶ

138 667 179 704 τῷ
186 667 338 704 φυτῷπρὺς
353 667 510 703 γυμνασίαν
520 667 569 702 τῆς
577 667 808 704 ἐλευθεριότητος.
820 668 877 695 Kal.
890 669 932 696 ὅτι

137 715 170 742 οὐ
181 715 212 742 ἰδ
224 714 301 747 ξύλον
312 714 399 742 αἴτιον
409 714 538 749 γνώσεως
547 714 587 750 τῷ
612 714 698 750 Ἀδὰμ
713 714 821 749 γέγονε,
830 713 912 750 δῆλον
921 723 929 731 ·

138 762 156 796 ὴ
172 761 225 797 γὰρ
239 760 334 797 ἐντολὴ
351 761 389 792 ὡς
409 761 478 796 πρὸς
491 760 581 788 εἰδότα
591 760 674 796 ἄμφω
686 760 778 796 ἐδόθη,
795 761 827 788 τό
837 769 867 788 τε
879 769 931 788 κα-

139 807 185 835 λὸν
196 808 243 836 καὶ
259 807 387 842 πονηρὸν,
401 807 451 842 τήν
464 815 492 834 τε
506 807 628 842 ὑπακοὴν
644 807 693 834 καὶ
705 807 755 843 τὴν
773 807 929 843 παρακοὴν,

137 853 245 889 ὦστιή
271 853 372 888 γνῶσις
397 849 535 887 προῦλαᾶε
548 852 598 888 τὴν
624 853 747 889 ἐντολήν.
760 853 873 881 Δέδοται
900 853 931 881 δὲ

137 899 207 936 αὕτη
218 899 262 926 διὰ
274 898 364 931 cauit;
390 899 510 934 εῐρηται,
530 897 696 933 αὐτεξουσίῳ
712 898 864 934 βουλήματι
888 907 930 926 κι-

135 945 268 982 νούμενον
282 945 329 973 τὸν
355 945 510 982 ἄνθρωπον,
528 944 574 971 ἐπ’
587 944 680 976 ἀδείας
698 952 729 971 τε
755 944 853 980 ἔχοντα
874 945 930 972 ἀπὸ

137 993 248 1020 πάντων
259 991 483 1027 μεταλαμϐάνειν
499 990 555 1017 τῶν
570 990 658 1017 ἄλλων
673 990 802 1026 δένδρων,
819 991 879 1023 ἐνὸς
900 990 930 1018 δὲ

137 1038 220 1074 μόνον
236 1038 311 1073 νόμῳ
330 1036 569 1072 προσταττόμενον
593 1035 757 1071 ἀπέχεσθαι,
778 1037 826 1063 καὶ
845 1036 930 1071 γινώ-

138 1091 214 1111 σκειν
229 1083 267 1115 ὡς
279 1082 331 1109 ὑπὸ
341 1081 475 1118 δεσπότην
483 1081 541 1108 ἐστί
553 1081 600 1108 τὸν
612 1083 659 1109 καὶ
665 1081 715 1117 τὴν
728 1081 838 1118 ἐντολὴν
848 1082 929 1110 δεδω‹

136 1130 214 1158 κότα.
242 1130 279 1156 Τὸ
312 1128 352 1162 δὲ,
380 1137 390 1155 ι
418 1127 616 1164 Διηνοίχθησαν
653 1128 746 1157 αὐτῶν
770 1130 794 1157 οἰ
825 1129 929 1164 ὀφθαλ-

138 1179 196 1212 μοὶ,
221 1185 232 1203 ι
249 1176 301 1212 οὑχ
321 1175 360 1208 ὡς
384 1175 445 1203 τότε
467 1174 625 1211 βλεψάντων
642 1175 686 1212 [Ρ.
703 1175 731 1212 7]
746 1176 801 1204 τῶν
824 1185 930 1214 πρωτο-

135 1224 263 1253 πλάστων
278 1223 388 1260 εἴρηται
400 1223 565 1260 (δείκνυνται
588 1223 643 1259 γὰρ
659 1223 707 1250 καὶ
719 1223 772 1260 πρὸ
788 1224 837 1260 τῆς
854 1224 928 1260 βρώ-

136 1279 206 1303 σεως
232 1270 351 1306 ὁρῶντες
369 1272 402 1297 ἐκ
426 1269 474 1296 τοῦ
487 1269 629 1304 λέγεσθαι·
647 1278 656 1295 ι
672 1269 727 1296 Καὶ
742 1268 812 1297 εῐδεν
826 1271 843 1305 ἡ
858 1271 927 1306 γυνὴ

133 1317 175 1344 ὅτι
188 1316 270 1345 καλὸν
285 1316 315 1344 τὸ
329 1316 408 1350 ξύλον
426 1316 466 1349 εἰς
483 1316 585 1352 βρῶσιν
598 1316 647 1343 καί⁸
673 1316 715 1343 ὅτι
731 1317 845 1351 ἀρεστόν
868 1317 927 1344 ἐστι

134 1365 192 1396 τοῖς
203 1363 354 1400 ὀφθαλμοῖς
366 1363 430 1390 ἰδεῖν
448 1362 484 1398 ι),
498 1363 557 1390 ἀλλ’
573 1363 612 1395 ὼς
625 1363 656 1389 τὸ
668 1363 851 1399 ἀπειρόκακον
860 1363 928 1391 ἀπο-

135 1409 258 1445 θεμένων
272 1408 316 1436 διὰ
328 1407 523 1444 παραϐάσεως,
537 1407 552 1434 ὃ
562 1408 609 1435 καὶ
624 1407 674 1443 τὴν
688 1407 831 1443 γύμνωσιν
848 1408 928 1435 ἀδιάο

135 1464 220 1492 φορον
245 1455 397 1490 παρέσχεν,
413 1454 520 1490 ἐρρήθη
535 1454 577 1480 ὅτι
592 1453 787 1489 διηνοίχθησαν
797 1450 890 1481 αὐτῶν
900 1455 926 1481 οἰ

134 1502 281 1537 ὀφθαλμοί.
295 1501 407 1536 Πιφυκε
422 1499 501 1535 γὰρό
513 1499 654 1534 ὀφθαλμὸς
671 1499 744 1531 ἄπας
760 1500 813 1527 ὑπὸ
825 1499 872 1528 τοῦ
883 1501 927 1528 λοι

135 1547 237 1583 γισμοῦ
266 1546 450 1581 διεγειρεσθαι
478 1545 546 1581 πρὸς
560 1545 578 1573 ἃ
593 1545 688 1581 βλέπει
708 1554 714 1562 ·
731 1545 839 1573 σύνεσιν
872 1547 926 1583 γὰρ

986 299 1063 326 nitus
1075 299 1216 335 inspiratis
1231 300 1341 329 Litteris
1354 301 1474 333 reticuit,
1486 309 1521 330 ne
1537 302 1595 330 loco
1608 303 1698 337 exigui
1709 303 1779 332 lucri

986 352 1112 380 magnam
1127 345 1206 373 nobis
1222 353 1395 375 accersamus
1411 347 1554 377 damnum.

1021 390 1099 424 Quod
1123 395 1216 418 autem
1243 392 1347 420 dictum
1372 398 1425 427 est,
1446 403 1456 420 ‹
1479 393 1602 422 Adamus
1624 394 1714 424 factus
1737 399 1782 424 est

986 440 1117 472 tanquam
1139 445 1211 465 unus
1227 445 1260 465 ex
1276 439 1367 473 nobis,
1385 449 1394 465 ι
1416 447 1472 468 non
1492 448 1526 468 eo
1547 441 1722 470 referendum
1739 447 1782 470 est

985 483 1059 519 quod
1081 491 1130 519 per
1152 484 1366 512 inobedientiam
1389 485 1416 513 in
1435 487 1530 514 vitium
1550 488 1662 521 excidit,
1683 489 1729 517 sed
1748 489 1782 517 ad

985 529 1012 557 id
1035 530 1107 565 quod
1124 530 1227 558 dictum
1246 530 1296 558 fuit
1309 540 1316 558 :
1331 541 1340 557 ι
1358 531 1399 559 Ad
1420 532 1565 572 imaginem
1588 534 1636 563 Dei
1657 536 1782 564 condidit

985 583 1062 604 eum.
1080 585 1090 602 ι
1109 575 1204 611 Neque
1221 577 1329 612 opinari
1345 578 1491 613 quisquam
1506 579 1585 607 debet
1600 581 1702 615 lignum
1720 582 1782 617 ejus

984 620 1070 649 fuisse
1086 627 1192 649 natura:
1207 626 1236 649 ut
1255 622 1319 650 boni
1336 623 1456 658 malique
1474 624 1600 652 notitiam
1619 628 1754 660 praeberet
1771 636 1779 654 :

983 667 1052 696 nihil
1067 668 1141 695 enim
1157 668 1185 695 iu
1203 668 1337 697 Paradiso
1352 673 1413 697 erat
1428 670 1553 698 noxium.
1565 671 1618 699 Sed
1632 673 1688 700 haec
1701 674 1789 702 arbor‘

983 713 1092 742 termini
1103 714 1164 741 loco
1174 718 1276 743 statuta
1285 719 1338 748 est,
1351 719 1381 743 ut
1396 723 1470 744 esset
1478 717 1614 745 libertatis
1624 719 1782 746 exercenda!

983 760 1393 796 materies.Acliquetarborem
1405 762 1510 790 Adamo
1517 771 1571 790 non
1579 763 1780 793 iuissecausam

982 807 1274 842 cognitioIiis,quando
1282 812 1447 843 praeceptum
1457 809 1483 836 ei
1494 813 1625 846 tanquam
1638 811 1783 845 utriusque

982 852 1139 887 cognitione
1149 853 1263 888 praedito
1273 854 1367 881 datum
1378 858 1430 887 est,
1438 854 1515 888 boni,
1525 856 1649 891 inquam,
1660 860 1687 884 et
1705 856 1781 890 mali,

982 898 1145 926 obedientiaa
1168 903 1196 926 et
1219 899 1414 927 contumaciae.
1446 899 1542 936 Itaque
1566 902 1688 937 cognitio
1711 910 1782 938 pra:-

984 948 1093 978 ceptnm
1110 949 1271 980 antegressa
1289 948 1342 973 est.
1369 945 1425 974 Hoc
1441 950 1533 974 autem
1554 947 1648 974 datum
1668 952 1721 980 est,
1741 951 1781 982 ut,

984 989 1216 1024 quemadmodum
1239 990 1371 1024 diximus,
1392 991 1544 1024 voluntate,
1558 991 1640 1027 cujus
1657 992 1713 1028 ipse
1732 1000 1781 1028 po-

985 1039 1114 1063 testatem
1137 1036 1284 1066 obtineret.
1311 1041 1403 1065 motus
1426 1037 1519 1070 homo.
1546 1038 1681 1073 permisso
1705 1040 1730 1067 ei
1752 1044 1782 1067 ut

985 1081 1123 1110 fructibus
1139 1082 1261 1109 omnium
1281 1082 1449 1117 reliquarum
1466 1084 1597 1111 arborum
1613 1089 1780 1118 vesceretur,

984 1135 1095 1164 unaque
1111 1132 1216 1156 tantum
1236 1133 1266 1156 ut
1285 1129 1439 1157 abstineret
1456 1130 1602 1166 imperato,
1617 1131 1780 1166 intelligeret

983 1181 1012 1202 se
1030 1173 1082 1201 sub
1103 1174 1221 1201 Domino
1240 1173 1322 1202 istius
1341 1174 1466 1202 mandati
1488 1179 1601 1203 auctore
1619 1183 1692 1203 esse.
1716 1175 1779 1204 Haec

982 1223 1084 1253 autem,
1110 1229 1120 1246 ι
1133 1221 1228 1255 Aperti
1245 1225 1309 1248 sunt
1325 1229 1421 1249 eorum
1442 1222 1526 1256 oculi,
1545 1231 1554 1248 ι
1579 1230 1633 1250 non
1653 1222 1781 1250 dicuntur

982 1268 1059 1303 quasi
1073 1271 1131 1295 tum
1143 1268 1253 1295 demum
1265 1268 1358 1296 videre
1375 1270 1511 1304 coeperint
1520 1269 1662 1305 (namvisu
1674 1271 1779 1305 praediti

981 1314 1064 1343 etiam
1074 1319 1137 1341 ante
1147 1321 1225 1342 esum
1236 1314 1463 1343 demonstrantur
1481 1323 1514 1343 ex
1529 1316 1572 1344 his
1589 1317 1690 1351 verbis,
1709 1327 1718 1343 ι
1735 1318 1780 1344 \‘i-

981 1358 1079 1393 ditque
1099 1358 1199 1386 mulier
1218 1360 1346 1387 arborem
1364 1364 1391 1388 et
1409 1361 1444 1388 ad
1463 1368 1541 1389 esum
1562 1363 1734 1390 commodam
1751 1367 1779 1391 et

981 1408 1093 1439 aspectu
1113 1409 1218 1439 gratam
1235 1414 1244 1430 ι
1256 1405 1277 1440 ),
1301 1405 1349 1433 sed
1367 1413 1400 1434 eo
1424 1407 1574 1442 pertinent,
1592 1409 1665 1444 quod
1683 1416 1715 1436 eo
1730 1409 1780 1436 de-

985 1450 1054 1478 licto
1097 1450 1189 1478 omnis
1213 1452 1277 1479 mali
1303 1453 1514 1487 ignorationem,
1541 1462 1602 1490 quae
1627 1455 1778 1483 nuditatem

983 1496 1036 1533 14
1051 1504 1163 1532 quoque
1176 1498 1216 1526 eis
1231 1498 1432 1526 indiﬂ‘erentem
1450 1499 1601 1535 redegerat,
1614 1501 1777 1530 amiserunt.

980 1543 1078 1572 Omnis
1100 1544 1173 1571 enim
1197 1545 1307 1577 oculus,
1326 1553 1388 1572 cum
1409 1545 1468 1580 ipse
1488 1553 1502 1573 a
1523 1554 1584 1574 sese
1605 1547 1776 1575 intellectum

133 1593 197 1621 καθ’
209 1592 305 1620 ἐαυτδν
328 1591 410 1623 αὐτὸς
435 1591 486 1618 οὐκ
509 1590 576 1626 ἔχει.
594 1590 678 1617 ’Ὥστε
703 1590 835 1624 πολλάκις
857 1592 925 1628 πρὸς

981 1598 1036 1619 non
1056 1590 1162 1623 habeat,
1181 1599 1212 1618 ea
1226 1595 1266 1618 est
1280 1595 1380 1619 natura
1395 1596 1425 1619 ut
1440 1599 1454 1619 a
1469 1593 1575 1621 ratione
1589 1593 1622 1621 ad
1638 1594 1775 1629 objectnm

132 1641 215 1676 Ξτερα
229 1641 278 1676 τῆς
295 1639 416 1672 διανοίας
428 1637 633 1674 ἀσχολουμένης
649 1637 750 1673 τυφλοῦ
763 1638 842 1675 δίκην
856 1647 926 1676 παρ-

132 1687 269 1723 ερχόμεθα
289 1686 374 1713 ἐνίοτε
392 1685 440 1712 καὶ
452 1684 498 1712 τὸν
511 1684 582 1711 πάνυ
592 1683 741 1720 γνώριμον,
756 1685 803 1712 καὶ
816 1685 928 1713 ἐπειδὰν

132 1733 322 1769 ιγκληθῶμεν,
336 1733 369 1768 τῇ
380 1731 494 1767 ἀσχολίᾳ
507 1731 554 1758 τοῦ
568 1730 702 1766 λογισμοῦ
717 1731 748 1758 τδ
759 1731 846 1759 αἴτιον
859 1732 926 1759 ἀνα-

131 1779 252 1810 τιθέντες
277 1777 496 1813 ἀπολογούμεθα.
515 1776 611 1812 Οὕτως
633 1777 680 1806 οὗν
702 1779 716 1804 ὁ
738 1777 824 1812 Ἀδὰμ
845 1777 892 1804 καὶ
908 1779 925 1813 ἡ

132 1824 190 1853 Εὔα
199 1826 233 1860 τῇ
259 1823 385 1859 αἰσθήσει
410 1822 457 1849 τοῦ
474 1823 520 1850 νοῦ
537 1825 607 1862 πρὸς
623 1823 674 1859 τὴν
703 1822 764 1858 Bal/tv
779 1823 925 1860 διηγέρθη-

133 1880 194 1899 σαν.
209 1872 247 1899 Τδ
261 1870 326 1907 γὰρ,
344 1880 354 1897 ι
368 1870 490 1906 ἔγνωσαν
500 1871 541 1898 ὃτι
555 1871 656 1908 γυμνοὶ
669 1868 768 1907 ﬂuctv,»
785 1870 924 1898 ἀποκάλυ-

132 1918 179 1953 ψιν
195 1917 381 1954 σημαίνειτὴν
398 1917 582 1953 ἐγγενομένην
595 1917 634 1952 τῷ
646 1916 782 1952 λογισμῷ,
796 1917 846 1943 οὐκ
858 1916 924 1944 ἀνά-

133 1963 229 1999 6λεψιν
252 1963 411 1998 ὀφθαλμῶν.
427 1964 600 1999 Λεχθήσεται
624 1962 652 1989 δὲ
672 1963 792 1995 κάκεῖνο,
805 1962 847 1989 ὅτι
871 1963 925 1998 πρὸ

131 2010 180 2046 τῆς
196 2009 348 2042 ἀπειθείας,
363 2008 457 2044 ἐπειδὴ
473 2008 570 2044 καιρὸν
584 2009 634 2035 οὐκ
646 2006 703 2044 εἶχε
715 2007 751 2035 τὰ.
761 2008 812 2044 τῆς
827 2009 924 2036 παιδο-

131 2056 234 2088 ποιίας,
248 2056 299 2082 οὐκ
311 2055 415 2082 ἐδέδοτο
438 2054 515 2090 παρὰ
530 2055 597 2081 Θεοῦ
616 2056 632 2091 ἡ
664 2055 858 2091 παρατήρησις
874 2055 925 2091 τῆς

130 2101 391 2138 γυμνώσεως,ἀλλὰ
419 2101 553 2128 διετέλουν
569 2101 607 2134 ὼς
633 2101 761 2137 ἄσαρκοι,
787 2102 924 2138 σαρκικῆς

130 2150 276 2181 διαθέσεως
294 2149 371 2176 οῡπω
387 2148 483 2185 καιρὸν
497 2148 614 2184 ἔχοντες.
639 2146 750 2184 Ἐπειδὴ
764 2148 820 2184 δέὴ
844 2149 924 2176 ἀπεί-

130 2197 190 2225 θεια
202 2194 380 2232 ἐπισυμὸᾶσα
395 2195 426 2221 τὸ
443 2194 539 2230 θνητὸν
554 2194 725 2230 ἐπηγάγετο,
741 2194 856 2226 εἰκότως
865 2194 922 2222 λοι-

129 2243 180 2271 πδν
201 2242 309 2278 ἐνεδόθη
337 2242 443 2273 τούτοις
470 2242 487 2277 ἠ
514 2241 582 2278 πρὸς
598 2241 732 2277 ἀλλήλους
754 2241 836 2273 αἰδώς
850 2247 859 2256 ·
875 2241 921 2268 καὶ

980 1636 1054 1672 quod
1069 1636 1141 1665 videt
1157 1637 1304 1665 excitetur.
1320 1637 1413 1674 itaque
1428 1644 1617 1674 saopenumero
1633 1640 1774 1668 intellectu

981 1683 1042 1711 aliis
1058 1683 1140 1711 rebus
1153 1687 1288 1718 occupato
1304 1684 1385 1711 etiam
1402 1685 1561 1713 notissimos
1578 1685 1700 1715 homines
1717 1691 1775 1713 tan-

980 1737 1064 1764 quam
1084 1730 1149 1757 caaci
1170 1730 1355 1764 prmterimus,
1372 1737 1460 1766 eoque
1484 1731 1594 1758 nomine
1616 1731 1774 1766 reprehensi

980 1775 1082 1810 rejecta
1099 1775 1125 1802 in
1144 1776 1245 1803 mentis
1264 1776 1475 1811 occupationem
1498 1784 1582 1805 causa
1605 1785 1655 1805 nos
1676 1786 1776 1813 purga-

979 1829 1053 1849 mus.
1069 1821 1115 1849 Sic
1132 1830 1197 1856 ergo
1215 1822 1338 1849 Adamus
1355 1826 1382 1850 et
1399 1823 1455 1850 Eva
1472 1830 1556 1851 sensu
1573 1824 1673 1852 mentis
1688 1824 1720 1851 ad
1735 1824 1777 1853 vi-

980 1867 1086 1895 sionem
1109 1867 1314 1894 excitabantur.
1334 1867 1402 1895 Nam
1421 1869 1488 1901 haec,
1514 1877 1523 1894 ι
1539 1875 1726 1904 cognoverunt
1744 1878 1775 1898 se

979 1912 1069 1940 nudos
1086 1920 1158 1946 esse,
1177 1922 1186 1938 ι
1200 1912 1410 1947 patefactionem
1428 1912 1594 1948 significant,
1613 1922 1672 1949 qum
1689 1916 1714 1941 in
1731 1923 1774 1942 ra-

978 1958 1052 1986 tione
1066 1958 1167 1991 evertit,
1183 1966 1237 1986 non
1256 1959 1399 1986 oculorum
1422 1960 1602 1995 apertionem.
1617 1960 1646 1988 id
1664 1969 1774 1996 quoque

978 2002 1124 2031 dicendum
1149 2004 1242 2033 nobis.
1268 2005 1338 2032 Ante
1365 2004 1560 2039 defectionem,
1584 2014 1647 2034 cum
1677 2007 1771 2035 liberis

978 2049 1044 2078 dare
1064 2057 1175 2085 operam
1199 2050 1322 2077 nOndum
1344 2051 1377 2078 iis
1399 2055 1475 2079 esset
1498 2053 1700 2087 tempestivum,
1717 2061 1772 2082 non

977 2096 1091 2124 dederat
1109 2096 1162 2124 hoc
1181 2096 1235 2124 illis
1251 2096 1323 2125 Deus
1339 2101 1369 2124 ut
1386 2097 1565 2125 nudationem
1582 2099 1706 2134 corporis
1723 2108 1771 2128 ea.

976 2146 1081 2175 vereul,
1098 2142 1147 2169 sed
1168 2141 1301 2178 degebant
1324 2143 1407 2170 veluti
1433 2143 1525 2171 carnis
1545 2149 1681 2179 expertes,
1701 2154 1771 2173 non-

976 2187 1041 2216 dum
1062 2192 1217 2223 opportuno
1241 2188 1396 2217 all'ectionis
1419 2190 1540 2217 carnalis
1564 2195 1695 2226 tempore.
1716 2191 1770 2219 Sed

977 2239 1123 2271 postquam
1153 2236 1326 2263 contumacia
1352 2243 1549 2271 superveniens
1575 2237 1768 2265 mortalitatem

130 2290 290 2325 νενοήκασιν
305 2288 419 2324 ὕστερον
446 2287 501 2314 τῶν
515 2288 675 2323 ισχημάτων
700 2288 750 2323 τὴν
778 2287 922 2324 διαφορὰν,

979 2281 1144 2314 introduxit,
1161 2281 1357 2310 convenienter
1370 2284 1399 2310 in
1415 2287 1556 2318 posterum
1571 2284 1611 2311 eis
1626 2284 1711 2311 indita
1726 2287 1769 2311 est

130 2335 370 2372 προθεωρηθεῖσαν
385 2335 423 2370 τῷ
433 2334 574 2370 πλάσματι
588 2334 657 2370 πρὸς
667 2335 698 2362 τὸ
709 2335 858 2369 ἀναγκαῖον
871 2335 921 2371 τῆς

130 2382 176 2408 τοῦ
192 2382 288 2416 γένους
304 2380 442 2415 διαδοχῆς.
462 2380 510 2407 Ἐκ
525 2379 634 2415 φύλλων
649 2380 677 2407 δὲ
694 2381 778 2416 συκῆς
787 2379 921 2416 ἐποίησαν

130 2425 235 2458 ἑαυτοῖς
249 2426 438 2461 περιζώματα,
452 2426 645 2461 αἰνιττομένων
662 2425 708 2452 διὰ
721 2425 766 2452 τοῦ
779 2425 858 2458 ξύλου
875 2425 921 2452 τὸν

128 2472 229 2509 τρόπον
239 2473 288 2507 τῆς
303 2472 492 2508 κακοπραγίας
506 2481 513 2488 ·
529 2472 567 2504 ὡς
581 2471 636 2508 γὰρ
650 2471 714 2507 ἡδὺς
728 2473 741 2498 ὁ
755 2471 859 2507 καρπὸς
871 2471 920 2507 τῆς

129 2521 227 2556 συκῆς,
246 2519 333 2556 τραχὺ
353 2519 382 2546 δὲ
409 2519 456 2546 καὶ
470 2519 636 2555 πικρότατον
656 2519 686 2546 τὸ
709 2518 818 2554 φύλλον,
848 2518 920 2546 οὕτω

127 2568 202 2595 πᾶσα
227 2565 349 2603 ἁμαρτία
368 2566 398 2593 ἐν
419 2565 468 2601 μέν
494 2566 528 2601 τῇ
557 2565 656 2601 πράξει
678 2565 815 2592 δείκνυται
830 2564 918 2600 ἡδεῖα,

129 2615 198 2650 μετὰ
212 2613 241 2641 δέ
251 2612 338 2640 ταῦτα
363 2612 461 2648 ὀδύνην
481 2611 596 2648 παρέχει
610 2612 649 2647 τῷ
673 2612 837 2647 πεπραχότι.
850 2612 887 2638 Πε
893 2611 920 2647 pi.

127 2659 156 2685 δὲ
171 2659 225 2685 τῶν
239 2657 411 2694 δερματίνων
422 2658 546 2694 χιτώνων
563 2657 645 2692 φησιν
655 2658 670 2684 ὸ
679 2657 802 2692 θεολόγος
813 2657 919 2693 Γρηγο-

128 2714 185 2740 ριος
205 2706 246 2732 ὅτι
261 2704 359 2740 θνητὸν
379 2704 462 2732 αὐτὸν
492 2704 653 2740 ἀπεφήνατο
665 2704 680 2731 ὁ
694 2703 761 2737 Θεὸς
773 2704 919 2740 νεκρότητι

128 2751 307 2788 περιϐάλλων.
324 2750 411 2778 Τοῦτο
422 2750 476 2785 γὰρ
485 2751 510 2777 οἰ
522 2749 679 2786 δερμάτινοι
693 2749 808 2786 χιτῶνες
818 2749 919 2786 σημαί-

127 2805 167 2823 νει
182 2797 235 2824 ἀπὺ
257 2797 305 2824 τοῦ
319 2797 399 2831 λόγου
415 2797 466 2833 τῆς
481 2796 536 2824 τῶν
555 2795 634 2828 ζώων
653 2795 829 2831 νεκρότητος,
843 2796 919 2827 ὅπως

125 2842 170 2869 διὰ
180 2842 229 2878 τῆς
238 2841 341 2875 λύσεως
357 2842 405 2870 τοῦ
423 2842 550 2878 σώματος
566 2841 614 2870 καὶ
625 2843 676 2879 τῆς
692 2841 782 2878 ὂψεως
793 2843 810 2878 ἡ
825 2842 918 2878 ἁμαρ-

124 2889 170 2916 τία
182 2889 256 2916 πᾶσα
267 2890 457 2925 αὖτόπρεμνος
474 2888 624 2925 διαφθαρῇ.
643 2888 694 2916 Διά
708 2889 763 2924 γὰρ
775 2888 854 2915 τοῦτο
869 2888 916 2915 καὶ

127 2935 173 2963 τοῦ
186 2935 354 2972 Παραδείσου
368 2936 538 2970 ἐκδάλλεται,
557 2936 600 2964 ἵνα
630 2935 668 2971 μὴ
684 2937 716 2970 τῇ
743 2935 915 2969 αὐτεξονσιό-

972 2332 1068 2356 mutua
1089 2328 1274 2361 verecundia;
1301 2336 1333 2356 ac
1352 2330 1499 2364 postmodo
1514 2329 1771 2358 animadverterunt

972 2372 1121 2409 ﬁgurarum
1139 2372 1337 2406 diversitatem,
1356 2373 1415 2408 jam
1435 2379 1497 2401 ante
1511 2373 1651 2409 provisam
1667 2375 1693 2402 in
1709 2375 1770 2410 ipso

972 2417 1100 2453 ﬁgmento
1114 2417 1150 2445 ob
1167 2417 1274 2452 generis
1292 2418 1460 2454 propagandi
1474 2419 1677 2446 necessitatem.
1697 2419 1770 2447 Sub-

972 2463 1088 2499 ligacula
1120 2467 1210 2491 autem
1228 2463 1280 2491 sibi
1298 2463 1423 2491 iecerunt
1450 2472 1482 2492 ex
1503 2464 1611 2492 ﬁculnis
1628 2464 1713 2498 l‘oliis,
1729 2466 1769 2493 rei

971 2509 1042 2537 male
1061 2514 1146 2545 gesta:
1166 2509 1276 2537 modum
1301 2516 1335 2536 ex
1355 2508 1415 2544 ejus
1436 2509 1541 2537 arboris
1570 2514 1668 2538 natura
1688 2511 1768 2546 quasi

970 2563 1021 2592 per
1041 2556 1170 2592 ambages
1194 2555 1382 2584 indicantibus
1407 2564 1413 2582 :
1439 2557 1672 2593 quemadmodum
1695 2558 1769 2585 enim

971 2601 1079 2630 fructus
1096 2602 1163 2629 ﬁcus
1180 2601 1269 2630 dulcis
1281 2605 1333 2634 est,
1352 2602 1447 2630 folium
1463 2610 1589 2638 asperum
1606 2607 1633 2631 ct
1647 2603 1766 2632 amaris.

970 2649 1081 2682 simum,
1099 2648 1140 2676 sic
1156 2654 1237 2676 omne
1258 2652 1403 2683 peccatum
1428 2650 1563 2678 actionem
1586 2650 1696 2685 quidem
1715 2650 1767 2678 ha-

970 2694 1035 2723 bere
1051 2694 1203 2730 jucundam
1218 2695 1386 2728 ostenditur,
1408 2701 1502 2731 p05tea
1518 2703 1582 2724 vero
1597 2697 1720 2724 dolorem
1739 2697 1766 2724 ei

969 2741 1016 2777 qui
1033 2741 1156 2777 peccavit
1169 2740 1259 2769 allen.
1273 2741 1312 2769 De
1342 2741 1464 2776 pelliceis
1477 2749 1560 2778 porro
1581 2742 1685 2770 tunicis
1699 2742 1767 2770 Gre-

970 2787 1065 2822 gorius
1076 2786 1235 2822 Theologus
1250 2786 1344 2819 seruit,
1356 2787 1442 2815 Deum
1457 2788 1494 2814 ita
1510 2788 1701 2816 mortalitatem
1715 2787 1766 2815 ho-

969 2831 1052 2859 minis
1072 2831 1240 2865 declarasse,
1264 2831 1389 2860 mortalis
1407 2833 1507 2860 exuvio
1533 2841 1593 2861 eum
1619 2832 1764 2861 amiciens.

969 2876 1026 2904 lloc
1047 2876 1098 2911 15
1118 2877 1191 2904 enim
1214 2877 1337 2912 pellicem
1360 2878 1464 2905 tunicae
1482 2878 1637 2913 designant.
1657 2878 1763 2905 ratione

969 2923 1003 2952 ab
1026 2923 1186 2952 animalium
1214 2924 1393 2961 mortalitate,
1410 2923 1502 2956 ducta,
1528 2927 1556 2951 ut
1581 2923 1760 2952 dissolutione
