2007 3156
259 168 295 200 39
901 166 1071 200 GEORGII
1089 163 1259 196 CEDRENI
1855 168 1896 200 ιθ

258 222 384 257 corporis
399 230 431 249 ac
448 222 522 249 visus
536 221 681 248 abolitione
694 227 774 246 omne
791 223 934 254 peccaturo
953 220 1041 247 fundi-

1099 226 1161 253 τητι
1176 217 1345 252 κεχρημένος
1357 216 1426 253 λάϐῃ
1442 217 1488 244 τοῦ
1505 216 1583 250 ξύλου
1595 217 1645 254 τῆς
1659 218 1733 255 ζωῆς
1750 220 1798 247 καὶ
1811 222 1897 258 γένη-

259 273 305 296 tus
324 269 475 296 abolentur.
489 270 575 302 Atque
594 267 629 294 ob
649 267 719 293 hanc
735 273 846 293 causam
862 266 944 293 etiam
963 266 1047 293 Para-

1102 273 1147 291 ται
1167 265 1198 290 τὸ
1211 265 1294 291 κακὸν
1304 264 1448 292 ἀθάνατον.

260 315 320 342 diso
337 314 489 349 expellitur,
508 313 676 340 nelibertate
695 311 844 339 voluntatis
855 315 934 339 utens
956 319 1066 339 manum
1083 311 1156 346 ligno
1171 311 1232 338 vitae
1249 311 1385 346 injiceret,
1402 311 1559 347 malumque
1574 311 1612 339 ita
1632 312 1785 341 immortale
1802 314 1893 342 tieret.

297 373 413 400 Satanas
429 371 600 398 ltebrzeorum
616 370 709 404 lingua
726 369 895 396 desertorem
914 368 1049 404 signiﬁcat

261 425 286 446 et
309 418 505 446 adversarium.
528 416 665 443 Diabolus
691 423 706 441 a
730 415 868 442 calumnia
894 415 1049 450 appellatur

259 466 370 498 (iuncis,
382 473 434 500 qua
453 464 536 491 Deum
553 463 588 490 ab
603 461 762 489 hominibus
776 461 952 488 abalienavit.

292 524 394 551 Caiuus
416 523 521 558 primus
543 522 615 548 inter
636 521 761 548 homines
777 520 912 548 homicida
930 520 1047 554 exstitit,

258 570 411 597 [Antiochus
427 569 567 596 secundus
582 576 590 594 :
604 567 651 602 qui
664 567 732 595 duas
746 575 847 595 uxores
863 568 938 594 duxit
953 571 980 594 et
993 567 1048 594 duo

256 614 408 643 homicidia
427 614 503 641 fecit.
520 614 569 641 Vir
586 618 677 641 autem
694 618 721 641 et
741 613 902 641 adolescens
920 621 990 649 quas
1006 614 1047 640 in—

199 652 202 657 ’
257 660 375 691 tet-fecit,
393 659 496 686 Enochi
510 659 621 686 fuerunt
646 659 755 691 fratres,
791 659 836 693 qui
859 663 937 686 certa
962 659 1047 694 impe-

255 705 346 732 trandi
358 705 457 732 ﬁducia
471 705 554 732 Deum
572 709 700 739 precatus
716 713 748 732 uc
761 706 841 732 latent
858 713 940 740 porto
954 705 1047 733 videre

256 757 352 777 necem
368 750 668 785 cogeretur,exauditus
678 755 705 777 et
720 758 735 778 e
751 755 823 777 terra
837 751 986 778 translatus
993 754 1045 778 est.

293 806 395 833 Abelus
417 805 552 841 justitiam
569 807 652 834 coluit
671 807 751 834 :ideo
771 808 849 835 aiunt
863 808 1046 844 cadaverejus

255 859 273 879 e
289 858 437 887 conspectu
467 853 606 886 hominum
628 853 764 881 sublatum
786 854 883 887 fuisse,
906 862 960 890 quo
985 859 1048 890 post

260 900 349 932 ipsum
376 899 449 933 juste
462 899 559 926 victuri
590 901 616 926 in
643 900 741 927 bonam
765 908 841 936 spem
869 905 1045 929 vocarentur.

254 943 360 972 Cainus
382 945 488 980 primus
513 949 634 972 aratrum
658 946 773 979 invenit,
788 947 939 983 urbemque
967 947 1045 975 Enon

1137 368 1198 394 Ὀτι
1209 369 1223 394 ὀ
1236 368 1357 401 Σατανᾶς
1370 368 1440 396 κατὰ
1450 369 1499 405 τὴν
1512 369 1567 396 τῶν
1575 369 1710 405 Ἐϐραίων
1720 371 1812 406 φωνὴν
1825 371 1882 397 ἀπο

1102 415 1202 449 στάτης
1215 414 1322 448 λέγεται
1335 417 1382 442 καὶ
1397 415 1594 451 ἀντικείμενος·
1607 416 1728 448 διάϐολος
1749 417 1778 444 δὲ
1791 417 1828 449 ὡς
1843 418 1894 444 τὸν

1099 461 1165 487 Θεὸν
1187 461 1256 495 πρὸς
1276 462 1339 493 τοὺς
1360 461 1520 496 ἀνθρώπους
1538 463 1747 498 συκοφαντήσας
1766 462 1894 498 εἴρηται.

1136 518 1196 544 Ὂτι
1211 519 1224 545 ό
1235 518 1306 546 Κάῖν
1322 519 1351 544 ἐν
1367 518 1524 554 ἀνθρώποις
1537 519 1644 554 πρῶτος
1656 519 1753 553 φονεὺς
1766 519 1893 553 ἐγένετο,

1098 563 1224 600 δεύτερος
1243 565 1272 591 δὲ
1290 566 1304 591 ὸ
1319 564 1425 600 Λάμεχ,
1443 564 1491 592 δύο
1500 566 1633 599 γυναῖκας
1658 564 1760 598 λαϐὼν,
1775 565 1824 592 καὶ
1840 564 1894 591 δύο

1099 610 1195 644 φόνους
1207 610 1323 637 ἐτέλεσε.
1335 609 1424 641 escas
1438 611 1553 643 ἀνεῖλεν,
1565 610 1651 646 ἄνδρα
1663 610 1710 637 καὶ
1729 610 1887 642 νεανίσκον,
1898 623 1899 626 η

1098 656 1208 691 ἀδελφοὶ
1229 654 1299 692 ἦσαν
1327 655 1374 682 τοῦ
1408 655 1505 691 Ἑνὼχ,
1519 656 1549 688 ὃς
1564 657 1611 683 καὶ
1626 655 1717 683 πίστει
1737 655 1893 690 προσευξάο

1099 711 1180 739 μενος
1192 702 1239 729 τοῦ
1273 703 1311 738 μὴ
1327 703 1390 730 ἰδεῖν
1405 703 1446 730 ἔτι
1460 702 1579 730 τοιοῦτον
1601 703 1726 736 θάνατον,
1741 703 1890 735 ἁκουσθεὶς

1099 749 1231 785 μετετέθη
1237 770 1244 776 .

1133 806 1175 844 [Ρ.
1192 807 1221 844 8]
1236 807 1298 834 Ὀτι
1313 806 1397 833 Ἀϐελ
1417 807 1590 843 δικαιοσύνης
1607 807 1750 842 ἐφρόντιζε
1763 814 1770 822 ·
1786 807 1827 834 διὸ
1837 807 1887 834 καὶ

1097 854 1128 880 τὸ
1146 854 1225 888 σῶμα
1240 853 1322 881 αὑτοῦ
1335 854 1418 888 φασὶν
1431 853 1533 888 ἀφανὲς
1556 854 1708 888 γεγονέναι,
1723 855 1781 886 τοῖς
1809 855 1888 890 μετέ-

1099 907 1179 926 πειτα
1195 899 1310 931 δικαίοις
1319 899 1425 934 ἀγαθὰς
1441 899 1550 930 ἐλπίδας
1559 899 1716 934 ὑποφαῖνον.
1737 899 1767 926 '0
1778 900 1807 926 δὲ
1817 901 1887 927 Κάῑν

1098 945 1206 981 πρῶτος
1218 946 1332 981 ἄροτρον
1346 943 1419 981 εὗρε,
1440 945 1487 973 καὶ
1504 945 1582 972 πόλιν
1599 945 1689 972 ἔκτισε
1703 946 1749 972 ἐπὶ
1765 946 1805 981 τῷ
1825 947 1885 973 dvo-

258 993 314 1020 lilio
325 1000 375 1020 suo
393 993 583 1028 cognominem
593 993 726 1020 condidit.
743 994 817 1021 Idem
839 998 900 1029 post
927 994 1041 1022 damna-

1098 1001 1162 1026 ματι
1178 991 1225 1018 τοῦ
1237 992 1295 1018 υῑοῦ
1313 992 1396 1018 αὑτοῦ
1426 990 1511 1020 Ενών.
1524 992 1579 1018 Καὶ
1596 992 1637 1018 ὅτι
1651 992 1721 1028 μετὰ
1735 992 1786 1028 τὴν
1800 1001 1881 1020 κατα-

257 1039 358 1065 tionem
382 1044 476 1073 raptor
502 1038 554 1065 fuit
572 1042 599 1066 et
624 1039 721 1066 alienis
734 1039 815 1067 bonis
831 1040 963 1072 inhiavit;
988 1041 1045 1076 pri-

255 1091 372 1119 musque
388 1091 532 1112 mensuras
544 1089 571 1112 et
581 1084 701 1120 pondera
708 1089 736 1112 et
751 1086 852 1113 limites
867 1085 1044 1121 excogitavit,

255 1137 374 1164 suosque
390 1130 416 1156 in
435 1138 521 1157 unum
538 1131 690 1158 conductos
703 1131 775 1158 bello
793 1139 905 1166 operam
921 1132 1046 1160 daredo-

255 1176 322 1202 cuit.
341 1175 414 1202 ldem
431 1175 466 1202 ab
476 1183 508 1203 eo
524 1181 645 1211 tempore
653 1184 708 1212 quo
722 1185 783 1205 eum
797 1177 869 1206 Deus
885 1185 1046 1208 exsecratus

254 1225 308 1254 est,
323 1221 433 1249 humilis
444 1222 506 1254 fuit,
522 1230 671 1258 omneSque
684 1223 718 1251 ab
733 1231 766 1251 eo
778 1225 912 1259 prognati.
932 1225 1044 1252 Terram

255 1272 346 1296 autem
368 1268 485 1296 incoluit
496 1277 557 1304 quae
576 1274 698 1297 tremens
709 1274 791 1297 estet
805 1270 928 1304 humilis,
945 1271 1043 1298 Adami

255 1315 384 1342 mandato
396 1322 411 1342 a
424 1314 500 1342 Sethi
519 1315 648 1350 progenie
667 1321 823 1351 separatus.
833 1316 948 1344 Cainum
970 1317 1044 1345 hunc

251 1359 339 1387 ‘Parva
356 1361 482 1394 Genesis,
500 1369 562 1396 quae
581 1361 649 1389 Mosi
662 1362 833 1394 inscribitur,
848 1362 929 1390 ruina
946 1363 1044 1391 domus

255 1414 313 1434 suae
346 1414 510 1441 oppressum
527 1408 610 1435 vitatu
630 1407 750 1436 ﬁnivisse
779 1409 874 1436 tradit.
893 1408 1043 1444 Lapidibus

255 1453 328 1479 enim
359 1452 471 1481 fratrem
513 1461 593 1480 suum
620 1454 733 1482 Abelum
764 1460 910 1482 necaverat
928 1464 934 1481 :
952 1455 1043 1491 itaque

254 1498 314 1534 ipse
330 1507 441 1534 quoque
457 1499 597 1536 lapidibus
610 1505 653 1528 est
667 1500 839 1529 interfectus.

292 1556 346 1592 ιδ
360 1555 460 1584 Setinus
485 1557 592 1592 Adami;
605 1557 706 1585 tertius
721 1557 794 1585 illius
807 1561 978 1590 recensetur,
994 1559 1042 1594 qui

255 1609 386 1638 germana
402 1610 497 1630 sorore
512 1611 572 1636 sua,
589 1603 633 1631 cui
648 1611 747 1632 nomen
762 1604 892 1637 Asuama,
909 1603 938 1631 in
949 1604 1043 1632 matri~

256 1648 379 1674 monium
396 1648 478 1676 ducta
511 1648 632 1676 Enosum
652 1650 818 1684 procreavit.
839 1650 916 1678 Sethi
935 1657 1035 1679 nomen

1096 1648 1188 1683 γήμας
1222 1648 1352 1683 ἐγέννησε
1394 1648 1440 1674 τδν
1471 1648 1564 1680 Ἐνώς.

254 1693 457 1721 restitutionem
480 1698 566 1721 notat.
586 1695 656 1722 Deus
679 1702 788 1730 quoque
800 1695 870 1722 idem
886 1696 1040 1730 appellatus

254 1742 306 1769 est,
323 1738 358 1766 ob
371 1739 544 1774 splendorem
572 1739 662 1773 faciei,
677 1748 758 1776 quem
773 1748 821 1776 per
837 1749 945 1769 omnem
958 1742 1039 1769 vitam

255 1784 362 1811 habuit.
390 1784 447 1817 Qua
472 1785 561 1821 gratia
589 1786 671 1813 etiam
689 1785 781 1814 Moses
799 1785 930 1821 praeditus
950 1787 1039 1815 velata

256 1830 324 1858 facie
337 1838 399 1857 cum
415 1829 517 1859 ludatis
533 1831 932 1868 loquebatur“"qttadraginta
948 1835 1038 1862 annis.

252 1875 325 1905 Idem
341 1877 440 1905 Sethus
455 1884 557 1914 septem
573 1880 732 1908 errantibus
762 1880 861 1914 stellis,
878 1879 964 1908 Graeci
981 1882 1042 1916 pla-

252 1930 330 1952 netas
342 1930 449 1957 vocant,
460 1926 571 1953 nomina
591 1926 721 1961 imp05uit
733 1935 740 1960 ;
756 1927 965 1963 caelestiumque
974 1936 1040 1956 eon-

253 1971 410 1998 versionum
427 1971 570 1998 scientiam
588 1972 767 2007 excogitavit,
785 1981 866 2009 quam
874 1974 978 2002 duabus
993 1982 1041 2002 co-

252 2016 365 2049 lumnis,
383 2016 497 2052 lapideae
509 2017 649 2050 uni,alteri
661 2018 796 2052 lateritiaz,
807 2019 957 2054 inscripsit.
969 2020 1041 2048 Prae-

254 2062 358 2090 sciebat
376 2063 450 2090 enim
461 2063 581 2091 universi
593 2064 742 2097 interitum,
754 2073 833 2100 quem
848 2065 870 2093 si
879 2073 949 2101 aqua
961 2066 1041 2094 aﬂ'er-

254 2112 306 2141 ret,
325 2108 457 2143 lapideam
480 2114 684 2144 superaturam,
707 2110 750 2138 sin
775 2111 857 2145 ignis,
879 2111 1038 2145 lateritiam;

252 2160 336 2190 atque
349 2156 419 2185 hanc
429 2158 578 2184 etiamnum
593 2162 700 2185 exstare
714 2158 740 2185 iu
757 2158 846 2186 Sirido
856 2164 949 2188 monte
961 2159 1040 2188 Iose-

252 2202 323 2237 phus
333 2206 458 2229 testatur.
468 2202 539 2231 ldem
551 2203 802 2233 SelhusHebraicas
809 2205 911 2234 litteras
919 2206 1041 2233 conseri-

251 2248 316 2283 psit.
329 2247 396 2275 Nam
412 2248 600 2277 ducentesimo
611 2250 750 2286 trigesimo
760 2251 856 2279 Adami
870 2259 942 2280 anno
958 2255 1040 2279 natus

250 2298 292 2321 est
306 2302 314 2321 :
335 2301 452 2329 ctunque
465 2299 538 2323 esset
551 2303 686 2324 annorum
701 2297 855 2330 duodecim,
868 2298 1037 2330 ablactatus;

1096 1039 1175 1074 δίκην
1201 1039 1294 1074 ἃρπαξ
1318 1040 1365 1066 καὶ
1390 1039 1559 1074 πλεονέκτης
1575 1038 1701 1072 ἐγένετο,
1727 1039 1813 1076 μέτρα
1837 1041 1884 1066 καὶ

1098 1085 1205 1120 σταθμὰ
1218 1086 1265 1112 καὶ
1280 1085 1358 1120 ὄρους
1374 1085 1425 1120 γῆς
1438 1084 1546 1120 πρῶτος
1568 1085 1724 1120 ἐπινοήσας,
1745 1086 1792 1112 καὶ
1821 1087 1884 1118 τοὺς

1096 1131 1211 1162 οῑκείους
1225 1131 1264 1163 εις
1278 1131 1307 1156 ἓν
1323 1131 1484 1166 συναγαγὼν
1500 1132 1528 1158 ὲν
1552 1131 1682 1166 πολέμοις
1706 1131 1882 1167 ἀσχολεῖσθαι

1097 1175 1246 1206 ἐδίδασκεν.
1266 1173 1351 1209 Οὗτος
1371 1177 1510 1212 χθαμαλὸς
1520 1175 1554 1213 ἦν
1566 1177 1620 1204 ἀπὸ
1633 1177 1685 1212 τῆς
1699 1179 1821 1214 κατάρας
1834 1178 1884 1205 τοῦ

1096 1221 1175 1255 Θεοῦ,
1192 1223 1238 1249 καὶ
1256 1223 1355 1254 πάντες
1378 1224 1402 1250 οι
1417 1223 1447 1255 ἐξ
1469 1223 1552 1250 αὑτοῦ
1575 1225 1726 1259 γενόμενοι.
1758 1225 1836 1260 ᾬκει
1853 1224 1884 1252 δὲ

1095 1268 1145 1303 τὴν
1162 1268 1224 1303 γῆν,
1238 1270 1298 1304 ἥτις
1314 1270 1371 1295 ἐστὶ
1393 1269 1539 1304 τρέμουσα,
1557 1270 1702 1306 χθαμαλὴν
1730 1269 1812 1297 οὖσαν
1833 1280 1883 1297 κε-

1095 1314 1266 1350 χωρισμένος
1287 1315 1418 1352 ὑπάρχων
1435 1316 1488 1343 ἀπὸ
1504 1316 1554 1352 τῆς
1568 1316 1615 1343 τοῦ
1630 1317 1683 1351 Σὴθ
1699 1318 1796 1351 γενεᾶς
1809 1319 1882 1344 κατὰ

1094 1359 1242 1396 πρόσταξιν
1269 1361 1317 1388 τοῦ
1337 1362 1432 1397 1Δδάμ.
1450 1359 1533 1394 οὗτος
1558 1362 1664 1396 ὀΚάῖν,
1788 1364 1883 1400 Aemi]

1098 1407 1220 1439 Μωσέως
1237 1407 1453 1443 Γένεσις-φησὶν,
1472 1409 1521 1444 τῆς
1546 1409 1651 1440 οίκείας
1675 1410 1812 1445 πεσούσης
1839 1410 1882 1436 ἐπ’

1094 1452 1175 1479 αὑτὸν
1188 1453 1300 1489 τελευτᾷ
1317 1462 1324 1469 ·
1340 1453 1425 1486 λίθοις
1441 1454 1495 1490 γὰρ
1519 1454 1565 1481 τὸν
1585 1455 1699 1490 ἀδελφὺν
1721 1456 1806 1482 Ἀϐελ
1825 1457 1880 1484 ἁπ-

1095 1499 1212 1531 έκτεινε,
1225 1500 1272 1527 καὶ
1286 1499 1370 1531 λίθοις
1386 1499 1486 1535 ὁμοίως
1500 1501 1546 1526 καὶ
1558 1501 1638 1532 αὐτὸς
1653 1501 1824 1536 ἀπεκτάνθη.

1130 1556 1192 1584 Ὀτι
1227 1556 1241 1583 ὁ
1266 1556 1321 1591 Σὴθ
1354 1556 1445 1592 τρίτος
1469 1557 1527 1588 υίὸς
1555 1557 1758 1593 ἀναγέγραπται
1785 1557 1882 1593 Ἀδάμ·

1095 1601 1125 1634 ὃς
1170 1601 1219 1637 τὴν
1263 1601 1332 1629 ιδίαν
1381 1602 1500 1637 ἀδελφὴν
1549 1603 1668 1639 ’Δσουὰμ
1710 1604 1883 1639 καλουμένην

1607 1649 1737 1684 Σημαίνει
1769 1649 1798 1676 δὲ
1827 1648 1884 1686 Σὴθ

1096 1694 1283 1727 ἐξανάστασιν.
1324 1694 1475 1730 Ὠνομάσθη
1517 1695 1545 1722 δὲ
1580 1695 1628 1723 καὶ
1656 1696 1722 1729 Θεὸς
1753 1697 1798 1725 διὰ
1831 1698 1883 1733 τὴν

1095 1742 1198 1778 λὰμψιν
1234 1743 1282 1770 τοῦ
1312 1742 1460 1778 προσώπου
1486 1743 1586 1775 αὐτοῦ,
1611 1744 1645 1779 ἣν
1673 1743 1751 1780 ἔσχεν
1779 1744 1808 1771 ὲν
1832 1745 1882 1781 ὅλῃ

1094 1789 1176 1817 αὑτοῦ
1207 1791 1241 1826 τῇ
1263 1790 1331 1825 ζωῇ.
1367 1789 1475 1825 Ταύτην
1500 1790 1528 1817 δὲ
1558 1790 1608 1826 τὴν
1643 1790 1722 1824 χάριν
1741 1790 1789 1816 καὶ
1817 1791 1883 1817 Μω-

1096 1835 1146 1871 σῆς
1187 1835 1283 1872 ἔχων,
1317 1835 1348 1863 τὸ
1388 1835 1520 1870 κάλυμμα
1550 1835 1637 1867 τιθεὶς
1683 1835 1779 1869 ὡμίλει
1825 1837 1883 1867 τοῖς

1100 1881 1246 1913 Ἰουδαίοις.
1287 1881 1349 1908 Ἐπὶ
1395 1881 1501 1916 χρόνοις
1540 1880 1744 1914 τεσσαράκοντα
1779 1880 1880 1915 (24),

1092 1929 1148 1960 τοῖς
1162 1936 1191 1954 τε
1206 1927 1278 1955 ἑπτὰ
1296 1926 1447 1962 πλανήταις
1461 1926 1581 1962 ὀνόματα
1598 1926 1740 1959 τεθεικώς,
1759 1926 1806 1953 καὶ
1831 1925 1882 1961 τὴν

1091 1975 1147 2002 τῶν
1161 1974 1295 2010 οὐρανίων
1306 1974 1439 2009 κινήσεων
1465 1973 1562 2009 σοφίαν
1587 1973 1730 2008 ἐπενόησε.
1748 1973 1803 2000 Καὶ
1815 1972 1881 2008 στή-

1091 2021 1140 2052 λας
1159 2020 1215 2053 δύο,
1234 2019 1339 2055 λιθίνην
1368 2028 1398 2046 τε
1425 2019 1472 2046 καὶ
1499 2018 1651 2054 πλινθίνην,
1671 2018 1881 2050 κατασκευάσας

1092 2066 1151 2094 ἐκεῖ
1165 2066 1250 2093 ταῦτα
1265 2066 1394 2102 ἔγραψεν,
1411 2065 1488 2096 εἰδὼς
1504 2065 1554 2100 τὴν
1583 2063 1630 2090 τοῦ
1647 2063 1748 2094 παντὸς
1776 2063 1880 2099 φθορὰν

1093 2113 1140 2139 καὶ
1160 2112 1197 2143 ὡς
1213 2113 1238 2138 ει
1253 2112 1304 2146 μὲν
1325 2112 1356 2143 ἐξ
1371 2111 1464 2141 ὓδατος
1475 2109 1599 2144 γίνηται,
1615 2109 1665 2144 τὴν
1679 2108 1782 2144 λιθίνην
1798 2109 1882 2139 σώζει

1092 2159 1165 2191 σθαι,
1179 2160 1203 2185 εί
1214 2159 1243 2184 δὲ
1257 2158 1301 2184 διὰ
1311 2157 1409 2192 πυρδς,
1429 2155 1478 2191 τὴν
1497 2155 1636 2189 πλινθίνην
1651 2164 1658 2170 ·
1680 2156 1740 2190 ἥτις
1753 2155 1879 2189 σώζεται,

1090 2205 1128 2236 ὡς
1149 2203 1279 2238 Ἰώσηπος
1294 2202 1436 2238 μαρτυρεῖ,
1451 2201 1491 2233 είς
1510 2201 1540 2227 τὺ
1554 2201 1658 2236 Σίριδον
1670 2200 1743 2236 ὅρος,
1756 2201 1809 2231 ἕως
1831 2201 1880 2227 καὶ

1090 2251 1150 2278 νῦν.
1172 2248 1257 2281 Οὗτος
1289 2249 1388 2275 καὶτὰ
1419 2247 1552 2283 Ἑϐραϊκὰ
1568 2247 1718 2283 γράμματα
1747 2247 1881 2282 συνεγρά-

1090 2298 1173 2333 ψατο.
1195 2296 1241 2331 Τῷ
1271 2295 1326 2330 γὰρ
1355 2293 1535 2329 διακοσιοστῷ
1563 2293 1718 2329 τριακοστῷ
1745 2293 1800 2319 ἔτει
1830 2293 1877 2319 τοῦ

250 2348 378 2376 annoque
401 2342 500 2369 Adami
529 2350 612 2377 supra
651 2343 868 2372 ducentesimum
893 2349 1038 2380 septuage-

1097 2343 1184 2378 ’Δδὰμ
1200 2341 1332 2377 ἐγεννήθη
1344 2340 1358 2367 ὁ
1374 2340 1438 2376 Σὴθ,
1458 2340 1505 2367 καὶ
1522 2340 1666 2375 γενόμενος
1680 2338 1748 2365 ὲτῶν
1774 2337 1879 2364 δώδεκα.

250 2387 320 2414 simo
342 2392 436 2422 raptus
450 2388 484 2416 ab
504 2391 601 2424 angelo
615 2389 739 2418 itnbutus
752 2395 794 2418 est
820 2391 980 2426 cognitione
992 2391 1035 2418 fu-

250 2436 318 2459 turae
347 2440 459 2461 suorum
485 2440 657 2469 posterorum
689 2437 848 2471 impietatis,
879 2436 926 2471 qui
955 2436 1036 2463 iidem

251 2482 405 2514 Egregores
432 2481 606 2515 appellantur
622 2485 648 2510 et
680 2482 729 2509 filii
757 2481 814 2514 Dei,
829 2489 862 2508 ac
894 2481 989 2508 diluvii
1010 2485 1039 2508 et

1092 2387 1317 2423 ἁπεγαλακτισθη
1332 2396 1341 2404 ·
1358 2386 1406 2413 καὶ
1424 2385 1463 2420 τῷ
1486 2384 1666 2419 διακοσιοστῷ
1686 2383 1878 2418 ἑϐδομηκοστῷ

1092 2434 1148 2461 ἔτει
1165 2433 1212 2460 τοῦ
1235 2432 1321 2467 ’Δδὰμ
1332 2433 1346 2459 ὸ
1357 2432 1410 2467 Σὴθ
1423 2430 1558 2467 ἀρπαγεὶς
1569 2430 1621 2456 ὑπὸ
1638 2429 1755 2463 ἀγγέλου
1770 2427 1877 2462 ὲμυάθη

1093 2479 1127 2506 τὰ
1141 2480 1205 2515 περὶ
1218 2479 1267 2514 τῆς
1285 2478 1465 2513 παραϐάσεως
1482 2476 1613 2511 μέλλοντα
1625 2474 1734 2502 ἔσεσθαι
1747 2474 1801 2500 τῶν
1811 2472 1879 2500 ul.th

821 2549 1000 2577 XILANDRI
1019 2549 1064 2577 ET
1082 2549 1186 2578 GOARI
1206 2547 1322 2577 NOTAE.

285 2615 487 2655 (ΞᾷλΧρόνους
513 2619 670 2655 frequenter
698 2623 758 2646 loco
785 2619 916 2655 ινιαυτῶν
949 2620 1036 2655 partit,

250 2652 323 2686 quod
343 2652 424 2680 facile
450 2660 493 2681 est
521 2652 610 2682 cuivis
624 2654 782 2681 observare.
810 2653 863 2681 Sed
893 2652 958 2682 ante
980 2652 1036 2683 hac

248 2688 331 2726 verba
449 2690 551 2723 aliquid
570 2699 577 2716 :
607 2690 702 2726 itaque
727 2691 890 2717 asterisclun
914 2691 1035 2726 appinxi.

247 2721 327 2756 Apud
337 2721 561 2757 Josephuut'nou
572 2728 616 2751 est
629 2721 739 2752 Siridus
768 2733 860 2757 mons,
891 2721 1037 2753 δυεΓκατὰ

247 2757 297 2795 τῂν
328 2758 457 2793 Συριάδα,
482 2759 509 2786 in
525 2760 613 2795 Syria.
640 2759 790 2795 Egregores
814 2761 878 2794 quid
911 2761 1035 2789 vocabuli

249 2793 297 2823 sit,
312 2802 364 2820 tton
380 2801 524 2827 assequar.
542 2793 579 2821 De
596 2793 758 2822 coruScante
775 2793 857 2823 Musis
890 2795 958 2823 faeie
986 2804 1031 2824 res

248 2832 333 2860 estex
350 2829 736 2864 sacrisLitterisnola,Exod.
761 2831 878 2863 xxuv.“
904 2833 1030 2859 Corinth.

249 2871 292 2902 tu,
308 2873 361 2896 etc.
381 2867 444 2895 th.
461 2867 544 2896 Filios
568 2868 635 2896 Seth
660 2867 713 2895 Deo
738 2869 863 2900 dilectos,
881 2868 952 2903 pios,
971 2875 1032 2902 pro-

1091 2628 1179 2652 ceros,
1192 2618 1339 2650 formosos,
1353 2616 1519 2649 sacerdotes,
1531 2619 1656 2654 natarum
1669 2615 1744 2654 Cain.
1750 2615 1879 2654 cupidine

1089 2650 1196 2690 captos,
1216 2662 1324 2690 necnon
1338 2657 1500 2690 exortosex
1530 2650 1646 2690 profano
1657 2656 1719 2690 cum
1739 2650 1772 2677 iis
1793 2658 1879 2690 ‘com-

1090 2684 1169 2726 plexu
1185 2684 1431 2726 liberoereorgitts
1445 2684 1588 2726 biyncellus
1598 2690 1675 2726 vocat
1683 2684 1850 2726 ’βγρῃγορου
1869 2703 1879 2717 ,

1088 2721 1123 2753 ab
1141 2730 1254 2753 auctore
1272 2725 1361 2752 dictos
1372 2721 1566 2757 ⁷Ἐγρή⁷γορας.
1584 2727 1598 2746 a
1621 2721 1712 2757 putris
1740 2721 1804 2746 Seth
1833 2728 1878 2757 vt:-

1089 2767 1222 2798 nustate»:
1237 2759 1360 2798 ῌυσ-εϐης
1376 2756 1409 2798 ἦν
1421 2754 1440 2783 ’ὃ
1455 2754 1514 2798 ,Σὴθ
1531 2758 1580 2798 και
1603 2754 1798 2798 εὲϐιάπλαστοξ
1809 2755 1875 2796 σφρο

1088 2797 1150 2831 δρα,
1170 2796 1217 2831 καὶ
1232 2796 1255 2820 ot
1269 2794 1299 2827 ἐξ
1313 2790 1397 2821 attito?)
1426 2790 1526 2823 πάντες
1555 2791 1677 2821 εὐσεϐεῖς
1708 2790 1756 2817 καὶ
1781 2790 1877 2826 ὡραῖα

1085 2829 1168 2866 ἦσαν.
1184 2829 1271 2857 Gon.
