2007 3156
77 173 114 205 33
606 175 878 206 IIISTORIARUM
899 177 1164 214 COMPENDIUM.
1668 192 1703 223 34

76 230 126 256 ὅσα
139 230 166 255 ὲν
181 230 234 260 τοῖς
257 228 360 262 ὕδασιν,
378 229 417 255 ἔτι
442 239 470 256 τε
491 231 536 257 καὶ
556 232 677 264 πετεινὰ,
699 232 767 267 ἔργα
788 232 850 268 τρία

917 240 949 261 ac
982 240 1111 270 pra-terea
1142 239 1267 269 volucres
1291 240 1362 270 Deus
1381 243 1484 271 creavit
1512 253 1618 281 :opera
1641 248 1704 277 tria.

76 275 116 310 Τῇ
134 274 160 306 ς’
178 275 268 310 ἡμέρᾳ
284 275 318 302 τὰ
332 276 497 311 τετράποδα,
516 276 550 303 τὰ
569 277 671 312 ἑρπετὰ
687 277 738 312 τῆς
753 278 814 312 γῆς,
829 278 863 305 τὰ

75 321 157 357 θηρία
186 322 233 348 καὶ
257 321 303 349 τὸν
335 322 491 357 ἄνθρωπον,
520 323 588 358 ἔργα
621 324 750 359 τέσσαρα.
779 324 861 359 Ὁμοῦ

74 368 164 395 πάντα
180 368 214 395 τὰ
226 367 295 404 ἔργα
309 369 454 402 εἰκοσιδύο,
479 369 609 405 ἰσάριθμα
628 371 684 402 τοῖς
708 371 862 411 Ἑβραϊκοῖς

74 415 231 450 γράμμασι,
246 415 294 442 καὶ
308 416 366 447 ταῖς
375 416 509 442 εἰκοσιδύο
522 416 612 442 αὐτῶν
623 416 725 451 βίὸλοις
735 417 802 453 (‘22),
814 419 862 445 καὶ

74 462 131 492 ταῖς
147 461 199 487 ἀπὸ
220 460 306 495 Ἀδὰμ
328 461 380 493 ἕως
404 461 502 488 Ἰακὼϐ
519 462 652 489 εἰκοσιδύο
675 466 860 499 γενεαρχίαις,

72 504 109 536 ὡς
126 506 154 531 ὲν
169 505 262 540 Λεπτῇ
280 506 392 541 φέρεται
408 506 528 540 Γενέσει,
546 508 578 542 ῆν
593 508 641 534 καὶ
655 509 778 541 Μωσέως
790 507 861 536 εῐναί

72 551 139 585 φασί
155 560 228 585 τινες
243 551 427 586 ἀποκάλυψιν.
447 552 522 588 Αὕτη
545 553 594 585 τὰς
616 554 762 589 οὐρανίους
777 555 859 582 δυνά-

72 605 132 631 μεις
142 598 174 632 τῇ
191 598 287 633 πρώτη
304 598 396 634 ἡμέρα
407 598 481 632 λέγει
498 599 632 627 ἐκτίσθαι.
647 601 725 632 Τίνος
738 601 765 627 δὲ
780 602 859 637 χάριν

49 640 52 641 ⁷
72 642 120 677 τὴν
145 642 167 673 ζ’
192 643 298 679 ἡμέραν
324 644 472 678 εὐλόγησεν
494 645 509 671 ό
533 645 610 678 Θεὸς,
627 646 676 673 καί
698 647 729 673 οὐ
750 647 858 682 πάσαςς

71 689 137 723 φασί
150 698 231 721 τινες.
259 690 383 725 Δέγομεν
406 691 453 718 οὖν
472 692 513 718 ὅτι
528 693 630 726 ἑκάστη
643 693 698 720 τῶν
725 693 812 721 ἀλλων
827 695 859 721 ἐκ

71 735 119 769 τῆς
137 736 166 762 ἐν
182 736 251 771 αὐτῇ
268 737 419 772 γενομένης
440 738 620 773 δημιουργίας
636 739 698 775 ἔσχε
713 740 763 776 τὴν
781 740 858 767 εὐλο-

71 782 146 815 γίαν·
163 783 257 818 ἐπειδὴ
283 783 311 810 δὲ
333 783 447 819 ἔμελλεν
471 784 539 820 αὕτη
557 785 624 820 μόνη
641 787 734 821 μένειν
759 787 858 823 ἀγέρα-

69 834 141 858 στος,
166 828 302 862 μηδεμιᾶς
334 829 363 854 ὲν
387 829 455 864 αὐτῇ
485 830 635 865 γενομένης
665 831 855 867 δημιουργίας,

69 873 163 900 τούτου
175 875 255 910 χάριν
275 874 416 911 ηὑλογήθη
441 876 487 902 καὶ
502 876 572 911 αὕτη
586 876 639 903 ὑπὸ
656 877 703 903 τοῦ
724 877 793 904 Θεοῦ
808 879 857 906 καὶ

70 919 198 955 ἡγιάσθη,
227 921 273 947 καὶ
301 921 443 948 Σάσὸατον
472 923 510 953 ὡς
538 922 746 955 καταπαύσιμος
773 933 858 960 προσ-

69 965 217 1001 ηγορεύθη,
236 967 284 993 καὶ
299 967 335 999 ὡς
351 967 436 998 τύπος
453 968 502 1003 τῆς
519 968 637 1003 ἑϐδόμης
660 969 857 1005 χιλιοετηρίδος

67 1011 114 1037 καὶ
136 1013 186 1047 τῆς
207 1012 263 1039 τῶν
278 1013 451 1049 ἁμαρτωλῶν
468 1013 637 1047 συντελείας,
662 1015 699 1047 ὡς
724 1015 857 1053 Ἰώσηπος

67 1059 202 1093 μαρτυρεῖ
217 1059 264 1085 καὶ
280 1060 297 1094 ἡ
314 1059 408 1095 Λεπτὴ
422 1059 541 1092 Γένεσις.

101 1189 141 1215 Τὰ
176 1189 258 1225 θηρία
287 1191 398 1229 καὶ-τὰ
436 1195 591 1230 τετράποδα
623 1198 727 1226 καὶτὰ
751 1200 854 1235 ἑρπετὰ

65 1234 194 1269 ὁμόφωνα
210 1235 281 1272 ἦσαν
302 1238 355 1273 πρὸ
369 1239 420 1274 τῆς
437 1241 620 1276 παραϐάσεως
641 1244 681 1280 τῷ
705 1234 855 1283 ἀνθρώπῳ,

65 1281 143 1314 διότι,
166 1283 259 1318 φησὶν,
284 1284 299 1310 ὸ
315 1285 377 1319 ὄφις
402 1286 560 1324 ἀνθρωπίνῃ
582 1292 658 1326 φωνῇ
686 1291 800 1328 ὲλάλησε

65 1327 133 1363 Εὗᾳ.
149 1328 228 1356 Πᾶσα
243 1329 271 1356 δὲ
293 1330 389 1367 λογικὴ
413 1332 493 1367 φύσις
514 1334 569 1369 (25)
585 1336 647 1362 κατ’
662 1327 853 1366 εἰκόναγθεοῦῖ

64 1371 151 1398 ταῦτα
176 1372 205 1399 δὲ
225 1374 276 1400 οὐκ
291 1375 345 1401 εἰσὶ
360 1377 433 1403 κατὰ
449 1378 542 1406 είκόνα
555 1379 623 1406 Θεοῦ
633 1389 640 1396 ·
656 1381 701 1408 τὸν
717 1382 771 1418 γὰρ
793 1383 855 1419 ὅφιν

62 1416 251 1454 ὁμολογοῦμεν
265 1420 444 1457 λελαληκέναι
462 1425 495 1459 τῇ
514 1424 581 1460 Εῠᾳ,
605 1425 693 1462 στόμα
708 1416 854 1464 γενόμενον

62 1462 104 1498 τῷ
116 1464 206 1499 νοητῷ
220 1465 293 1500 ὕφει,
309 1467 339 1494 ὲν
359 1464 381 1501 ᾦ
398 1469 549 1505 ἐνεργήσας
563 1471 600 1503 ὡς
615 1472 726 1508 συνήθει
739 1462 796 1501 ὄντι
814 1475 854 1511 τῷ

63 1506 202 1543 ἀνθρώπῳ
216 1510 290 1544 παρὰ
306 1510 341 1538 τὰ
359 1512 443 1541 ῖλοιπὰ
467 1513 549 1549 θηρία
575 1515 610 1543 δι’
628 1506 711 1544 αὐτοῦ
728 1506 853 1557 ἠπάτησε

62 1551 128 1582 τοὺς
153 1553 339 1589 προπάτορας,
360 1557 374 1582 ὁ
390 1558 460 1591 μετὰ
478 1558 558 1586 τοῦτο
576 1561 624 1587 καὶ
637 1562 667 1588 ὲν
685 1551 800 1600 ἀψύγοις
813 1551 853 1593 ἔι-

60 1596 158 1628 Milon;
174 1598 294 1634 λαλήσας
309 1603 365 1634 τοῖς
380 1602 426 1629 ὑπ’
441 1604 524 1631 αὐτοῦ
538 1596 852 1648 δελεασθεϊσι-πολυτρό-

55 1650 123 1680 νπως
139 1644 357 1682 εἰδωλολάτραις.
374 1648 411 1675 Τὸ
425 1649 453 1676 δὲ
472 1648 542 1678 εἶναι
562 1653 608 1679 τὸν
623 1654 685 1689 ὅφιν
699 1644 853 1693 τετράπουν

59 1687 92 1713 τὸ
108 1689 173 1723 πρὶν
190 1690 237 1716 καὶ
256 1693 326 1725 μετὰ
340 1692 390 1728 τὴν
405 1695 528 1730 πονηρὰν
551 1687 694 1734 εἰσήγησιν
718 1687 851 1737 ἑρπυστι-

60 1732 120 1766 κον,
134 1736 181 1762 καὶ
193 1736 232 1762 ἰὸν
242 1737 317 1773 αὐτῷ
325 1739 372 1766 ἐπὶ
385 1739 435 1775 τὴν
448 1741 577 1776 γλῶσσαν
591 1732 745 1782 ἐντεθῆναι,
761 1748 808 1785 [Ρ.
820 1749 849 1786 5]

58 1779 111 1806 οὐκ
138 1780 319 1818 ἀπιστοῦμεν.
342 1785 474 1821 Φρόνιμος
493 1788 521 1814 δὲ
535 1789 549 1816 ό
562 1789 622 1823 ὄφις
638 1779 807 1828 ἐκλήθηξιῖτι
819 1779 849 1822 τό

58 1823 168 1858 λογικὸν
184 1825 253 1858 ζῶον
280 1828 327 1855 τὸν
351 1830 505 1866 ἄνθρωπον,
523 1833 570 1860 καὶ
589 1835 643 1862 τῶν
658 1823 749 1865 ἄλλων
770 1839 849 1875 ἀγχι-

57 1870 118 1906 νοίᾳ
141 1871 281 1909 διαφέρον,
310 1874 449 1912 ἑξαπατᾷν
464 1877 587 1913 ιμελλεν.
614 1882 706 1910 Ἀλλοι
722 1884 750 1911 δέ
766 1870 848 1920 φασιν

56 1915 100 1942 ὅτι
113 1917 144 1943 οὐ
165 1918 205 1953 τῷ
221 1920 292 1947 κατά
315 1923 458 1957 προφορὰν
480 1924 552 1960 λόγῳ
578 1927 593 1952 ὁ
613 1927 676 1962 δφις
695 1915 845 1966 ἐχρήσατο,

54 1961 116 1988 ἀλλ’
143 1962 168 1988 οἰ
191 1965 410 1999 πρωτόπλαατοι,
438 1968 486 1994 ἅτε
512 1970 612 2002 κακίας
634 1961 845 2009 ὅντες-ἀμιγεῖς,

53 2007 260 2043 ἀκριὸεστάτας
285 2008 357 2046 εἶχον
385 2013 434 2044 τὰς
461 2014 603 2050 αἰσθήσεις
627 2018 675 2044 καὶ
701 2007 768 2047 πολὺ
781 2007 846 2049 -τῶν

54 2054 200 2089 ἡμετέρων
229 2055 453 2092 διαλλαττούσας,
474 2059 545 2087 ὥστε
574 2062 624 2097 τὴν
648 2064 733 2100 ἀκοὴν
756 2067 846 2095 αὐτῶν

54 2099 148 2134 πάσης
177 2099 309 2136 ὑπάρχειν
335 2103 428 2138 φωνῆς
454 2105 630 2143 ἀκουστικήν.
664 2099 772 2147 Ἐπειδὴ
790 2112 844 2149 γὰρ

55 2143 185 2178 βασιλεὺς
199 2145 293 2182 ὥσπερ
309 2148 435 2185 προήχθη
454 2149 484 2176 έν
496 2151 535 2186 τῷ
548 2153 644 2189 κόσμῳ
660 2154 674 2181 ό
688 2143 843 2193 ἄνθρωπος,

53 2190 170 2223 εἰκότως
186 2192 246 2218 κατ’
268 2193 360 2221 εἰκόνα
375 2194 443 2222 Θεοῦ
458 2195 635 2233 γεγέννηται·
652 2200 706 2228 ἔδει
726 2190 781 2238 γὰρ
797 2190 843 2231 τὸν

53 2236 189 2270 μέλλοντα
204 2238 299 2274 ἄρχειν
310 2240 364 2267 τῶν
380 2241 468 2269 ἄλλων
484 2242 578 2280 ὥσπερ
591 2246 653 2273 τινὰ
668 2236 844 2278 εἰκόνα-εἷναι
857 2249 885 2280 Ι)

50 2282 175 2319 ἔμψυχον
183 2285 233 2320 τῆς
243 2286 290 2313 τοῦ
302 2287 497 2322 παμϐασιλέως
506 2290 673 2328 ὁμοιότητος,
683 2294 733 2321 οὐκ
742 2296 769 2322 ὲν
777 2305 843 2332 πορ-

51 2330 145 2366 φυρίδι
161 2331 208 2357 καὶ
217 2332 348 2367 σκήπτρῳ
358 2333 406 2360 καὶ
419 2333 564 2370 διαδήματι
584 2337 635 2372 τὴν
649 2339 727 2377 ἀξίαν
741 2330 842 2376 ἐμφαί-

49 2385 142 2408 νοντα,
155 2377 216 2404 ἐπεὶ
229 2378 298 2413 μηδὲ
308 2377 337 2404 τὸ
347 2379 501 2414 ἀρχέτυπον
514 2382 543 2408 έν
554 2382 659 2416 τούτοις
673 2385 757 2417 ἐστὶν,
784 2387 842 2414 ἀλλ’

50 2423 79 2449 ὲν
102 2423 143 2457 τῷ
163 2424 350 2459 κεκοσμῆσθαι
363 2426 397 2460 τῇ
421 2426 561 2463 ἀφθαρσίᾳ
572 2429 618 2456 καί
634 2429 768 2467 ἀθανασίᾳ
796 2434 843 2461 καὶ

50 2468 137 2503 ἀρετῇ
147 2476 154 2484 ·
167 2468 274 2501 τούτοις
288 2469 342 2505 γὰρ
357 2471 483 2506 τιμηθεὶς
505 2474 519 2500 ό
540 2473 684 2510 ἄνθρωπος
702 2477 753 2513 τὴν
773 2479 842 2513 πρὸς

49 2515 79 2540 τὸ
95 2515 277 2550 πρωτότυπον
293 2518 388 2544 εἰκόνα
403 2518 450 2544 καὶ
464 2520 611 2556 ὁμοιότητα
624 2522 763 2556 διασώζει.
780 2526 842 2554 Ἔτι

49 2560 77 2586 δὲ
92 2561 142 2587 καὶ
157 2562 173 2596 ή
190 2562 401 2598 αὐτεξουσιότης
415 2564 445 2591 τὸ
464 2564 604 2599 βασιλικὸν
621 2569 668 2595 καὶ
684 2570 841 2606 ἐπῃρμένον

50 2605 99 2640 τῆς
115 2607 223 2641 φύσεως
234 2609 281 2636 τοῦ
293 2609 439 2645 ἀνθρώπου
455 2611 502 2639 καὶ
519 2612 587 2647 πρὸς
602 2613 651 2649 τὴν
661 2605 736 2643 θείαν
747 2605 839 2645 εἰκόνα

916 279 999 307 Sexta
1020 281 1065 309 die
1088 284 1276 319 quadrupeda;
1311 295 1343 315 ea
1377 296 1438 323 quae
1476 279 1562 317 humi-
1579 298 1703 328 serpunt,

914 325 1017 354 bestias
1041 332 1068 355 et
1100 328 1239 358 hominem
1265 342 1272 360 :
1297 340 1380 368 opera
1405 341 1533 370 quatuor.
1565 339 1704 369 Numerus

913 373 1035 400 omnium
1054 381 1168 409 operum
1194 376 1275 404 simul
1303 380 1396 414 viginti
1416 382 1489 416 duo;
1514 392 1575 419 qua:
1596 394 1704 416 summa

912 423 1002 453 aequat
1019 427 1163 449 numerum
1179 422 1331 451 litterarum
1342 424 1548 464 Hebraicarum,
1563 435 1590 459 et
1606 439 1703 461 rursus

917 463 1049 492 librorum
1074 467 1175 501 quibus
1202 468 1287 497 Judaei
1316 475 1441 507 utuntur,
1465 476 1584 512 itemque
1607 480 1704 515 viginti

912 508 966 536 duo
977 510 1110 545 graduum
1126 513 1235 548 generis
1250 516 1284 542 ab
1294 515 1399 544 Adamo
1414 526 1498 555 usque
1510 508 1547 550 ad
1556 508 1702 560 Jacolilum,

914 559 944 582 ut
963 556 991 583 in
1015 564 1099 592 parva
1118 558 1217 588 Genesi
1241 561 1350 596 legitur,
1375 571 1456 598 quam
1472 567 1552 595 etiam
1578 573 1703 600 nonnulli

914 600 992 627 aiunt
1014 609 1076 629 esse
1091 602 1174 631 Mosis
1196 605 1418 639 patefactionem.
1437 609 1511 637 Idem
1528 612 1597 640 liber
1612 617 1703 647 tradit

910 645 1039 673 caelestes
1061 654 1172 682 quoque
1189 651 1325 684 potentias
1337 652 1426 687 prima
1442 653 1487 683 die
1508 645 1615 685 creatas
1628 668 1701 689 esse.

910 690 966 718 Cur
979 697 1082 725 autem,
1096 694 1224 730 inquiunt
1237 697 1360 732 quidam,
1372 707 1429 728 non
1438 709 1545 734 omnes,
1557 704 1604 732 sed
1616 706 1704 741 septi~

909 743 984 763 mum
1007 737 1140 765 duntaxat
1169 741 1241 768 diem
1273 742 1345 772 Deus
1377 744 1500 774 faustum
1521 756 1583 777 esse
1603 737 1704 785 jussit?

909 780 1130 817 Respondemus,
1142 785 1308 821 reliquarum
1319 797 1540 828 unamquamque
1550 802 1583 823 ex
1592 797 1701 831 opiﬁcio

909 828 982 862 quod
997 837 1027 856 ea
1039 831 1082 857 die
1092 836 1232 865 peractum
1245 840 1297 868 est,
1319 844 1396 864 suam
1414 838 1514 868 habere
1530 828 1701 878 prosperita-

909 874 944 902 tis
972 875 1207 907 denuntiationcm
1229 890 1236 907 :
1256 889 1317 909 cum
1339 888 1429 912 autem
1448 887 1507 914 sola
1529 890 1644 924 septima
1668 900 1701 920 eo

909 920 1014 949 honore
1028 927 1102 952 esset
1119 926 1251 959 caritura,
1268 928 1343 956 nullo
1357 938 1386 957 ea
1409 931 1452 960 die
1467 941 1551 969 opere
1574 938 1698 973 condito,

909 966 969 995 ideo
991 968 1050 1003 ipsa
1069 977 1179 1005 quoque
1195 979 1209 999 a
1232 973 1286 1001 Dco
1306 975 1394 1015 fausta
1415 966 1579 1015 esse-iussa
1604 989 1646 1012 est

907 1020 1068 1042 consecrata
1085 1022 1113 1044 et
1129 1017 1278 1046 Sabbatum
1296 1014 1452 1058 appellata;
1471 1014 1577 1063 utrqua:
1593 1014 1701 1066 requie-

909 1063 962 1088 tem
991 1061 1096 1096 atterat,
1132 1069 1158 1091 et
1185 1072 1358 1100 repm‘sentet
1387 1061 1532 1105 septimum
1562 1061 1697 1105 anno-rum

908 1106 1104 1138 millenarium.
1127 1108 1264 1145 ﬁnemque
1285 1116 1455 1146 peccantium
1483 1117 1642 1155 hominum,
1669 1129 1699 1152 ut

906 1149 1041 1185 JOSephus
1055 1156 1172 1180 testatur
1188 1159 1215 1181 et
1230 1155 1315 1184 Parva
1329 1156 1452 1189 Genesis.

942 1195 1040 1224 Bestia:
1057 1205 1088 1224 ac
1110 1199 1287 1234 quadrupeda
1310 1207 1336 1229 et
1358 1206 1464 1239 reptilia
1481 1213 1544 1237 ante
1565 1210 1695 1241 delictum

907 1243 1045 1269 communi
1067 1251 1129 1271 curn
1147 1245 1304 1275 hominibus
1321 1249 1373 1285 10
1388 1258 1454 1280 voce
1468 1262 1516 1282 usa
1537 1263 1612 1286 sunt.
1626 1259 1696 1288 Nam

907 1287 1018 1323 (inquit)
1031 1297 1146 1325 serpens
1169 1291 1286 1320 humana
1310 1303 1375 1323 voce
1392 1297 1474 1326 Evam
1490 1306 1532 1329 est
1548 1303 1693 1333 allocutus.

906 1332 1001 1362 Omnis
1017 1339 1109 1362 autem
1124 1342 1221 1365 natura
1236 1340 1342 1369 ratione
1361 1344 1475 1377 praedita
1487 1351 1529 1374 est
1541 1350 1694 1379 secundum

906 1380 1051 1415 imaginem
1070 1381 1129 1410 Dei.
1149 1384 1183 1411 At
1201 1393 1265 1412 vero
1282 1386 1333 1414 ista
1353 1397 1408 1416 non
1428 1396 1491 1419 sunt
1507 1392 1577 1421 facta
1597 1404 1696 1425 secun-

905 1425 969 1453 dum
997 1426 1144 1463 imaginem
1170 1429 1226 1457 Dei.
1250 1431 1356 1460 Etenim
1392 1441 1545 1472 serpentem
1577 1439 1696 1470 fatemur

905 1471 967 1499 Evze
986 1473 1067 1500 verba
1080 1473 1188 1508 fecisse,
1204 1476 1241 1504 ita
1254 1478 1363 1512 quidem
1380 1486 1408 1508 ut
1425 1471 1447 1509 is
1460 1484 1518 1512 oris
1536 1486 1596 1514 loco
1613 1488 1695 1517 fuerit

905 1519 1036 1553 serpenti,
1053 1528 1133 1555 quem
1151 1526 1178 1549 et
1195 1523 1380 1558 significatum
1398 1526 1577 1565 intelligentia
1594 1533 1693 1569 depre-

865 1571 888 1603 c
905 1563 1063 1593 hendimus.
1081 1565 1131 1594 Hic
1147 1568 1206 1601 illo,
1223 1573 1253 1596 ut
1266 1577 1327 1597 cum
1347 1571 1456 1601 homine
1471 1563 1533 1609 plus
1551 1563 1637 1612 quam.
1649 1587 1694 1608 re-

906 1610 989 1645 liquis
1002 1612 1037 1639 sit
1050 1613 1237 1642 animantibus
1256 1618 1463 1647 consuetudinis
1479 1610 1607 1657 habente,
1628 1633 1694 1654 usus

905 1657 1098 1691 instrumento,
1113 1661 1222 1696 generis
1242 1663 1329 1690 nostri
1345 1669 1471 1694 auctores
1484 1667 1600 1704 decepit.
1619 1670 1692 1700 Idem

905 1705 1051 1739 postmodo
1067 1707 1149 1733 etiam
1165 1707 1192 1734 in
1205 1707 1361 1737 simulacris
1381 1711 1511 1741 inanimis
1527 1714 1635 1744 locutus
1652 1723 1693 1746 est

905 1749 938 1776 ad
955 1751 1038 1778 variis
1060 1752 1149 1780 modis
1169 1760 1183 1779 a
1204 1760 1234 1781 se
1254 1754 1391 1784 inescatos
1410 1757 1620 1789 simulacrorum
1633 1763 1692 1792 cul-

904 1800 989 1824 tores.
1003 1796 1096 1832 Neque
1111 1803 1201 1825 tamen
1216 1807 1270 1827 non
1286 1802 1423 1829 credimus
1441 1810 1593 1839 serpentem
1612 1808 1691 1837 initio

902 1840 989 1869 fuisse
1003 1843 1218 1878 quadrupedem,
1235 1852 1267 1872 ac
1284 1852 1344 1880 post
1360 1849 1523 1878 inalitiosam
1543 1853 1624 1880 istam
1646 1855 1690 1883 in-

902 1888 1057 1915 ductionem
1082 1889 1158 1916 humi
1192 1892 1319 1925 serpendi
1347 1896 1510 1923 necessitate
1534 1900 1689 1935 astrictum,

902 1932 1055 1967 linguaeque
1074 1933 1133 1967 ejus
1147 1934 1222 1962 virus
1238 1935 1406 1970 impositum.
1429 1938 1548 1971 Vocatus
1569 1949 1611 1971 est
1630 1953 1690 1973 ser-

900 1984 968 2012 pens
980 1977 1105 2010 callidus,
1122 1980 1193 2014 quod
1209 1982 1321 2015 homini,
1334 1984 1443 2013 animali
1458 1987 1564 2016 ratione
1575 1991 1689 2025 prmdito

900 2027 928 2051 et
943 2024 1057 2059 reliquis
1074 2026 1201 2054 acumine
1216 2029 1315 2056 mentis
1332 2033 1471 2064 praestanti
1484 2039 1557 2061 esset
1574 2024 1689 2071 imposi-

900 2074 988 2098 turus.
1008 2070 1060 2097 Alii
1079 2072 1175 2099 dicunt
1191 2081 1245 2101 non
1266 2077 1404 2110 expressis
1423 2079 1513 2108 verbis
1534 2090 1613 2110 usum
1630 2091 1689 2111 ser-

898 2120 1017 2151 pentem,
1040 2118 1088 2145 sed
1117 2120 1206 2153 primo
1231 2126 1339 2151 creatos
1369 2123 1505 2160 homines,
1533 2132 1627 2164 utpote
1652 2131 1688 2158 ab

898 2163 972 2190 omni
998 2164 1101 2192 malitia
1117 2173 1212 2200 puros,
1231 2169 1407 2199 acutissimas
1433 2172 1562 2202 habuisse
1588 2184 1687 2206 sensus

898 2209 1040 2245 multoque
1053 2211 1157 2239 nostris
1175 2215 1401 2250 praestantiores;
1417 2217 1509 2254 itaque
1523 2228 1574 2248 suo
1590 2223 1685 2250 auditu

898 2255 989 2281 omnia
1013 2256 1088 2284 vocis
1113 2264 1212 2292 genera
1234 2261 1400 2296 percepisse.
1423 2263 1539 2297 Quando
1559 2268 1631 2295 enim
1657 2269 1684 2297 in

898 2301 1028 2328 mundum
1044 2302 1125 2330 homo
1138 2307 1264 2339 tanquam
1277 2314 1324 2334 rex
1339 2309 1489 2342 productus
1506 2312 1566 2344 t'uit.
1585 2322 1687 2342 conve—

895 2346 989 2374 niebat
1006 2355 1068 2375 eum
1081 2349 1113 2375 ad
1130 2349 1276 2386 imaginem
1298 2353 1343 2380 Dei
1360 2354 1462 2383 factum
1483 2365 1565 2385 esse:
1582 2360 1684 2399 quippe

896 2393 1039 2427 oportebat
1058 2401 1119 2421 eum
1141 2396 1187 2430 qui
1210 2397 1272 2426 aliis
1290 2404 1364 2427 esset
1383 2400 1575 2437 imperaturus,
1590 2393 1683 2434 iveluti

896 2438 1042 2474 imaginem
1068 2442 1215 2476 quamdam
1241 2445 1389 2473 animatam
1415 2455 1477 2475 esse
1494 2449 1684 2481 similitudinis

893 2483 952 2517 ejus
965 2484 1011 2518 qui
1026 2485 1081 2512 Rex
1093 2491 1136 2514 est
1149 2488 1269 2516 omnium
1281 2499 1288 2523 ;
1304 2491 1351 2526 qui
1364 2499 1416 2519 non
1428 2500 1560 2528 purpura,
1572 2501 1683 2532 sceptro

893 2534 925 2555 ac
938 2527 1093 2557 diademate
1111 2529 1269 2566 dignitatem
1285 2541 1362 2562 suam
1380 2527 1556 2572 monstraret,
1570 2527 1681 2575 qua-udo

891 2579 919 2601 et
938 2575 1079 2610 exemplar
1100 2576 1134 2603 ad
1149 2578 1220 2612 quod
1248 2579 1294 2607 ille
1312 2579 1401 2610 factus
1422 2587 1465 2610 est
1493 2584 1562 2612 nihil
1581 2585 1679 2615 borum

891 2619 983 2652 habet,
1003 2621 1050 2648 sed
1070 2629 1102 2649 eo
1117 2623 1189 2657 quod
1206 2623 1335 2655 interitus
1351 2629 1500 2668 vacuitate,
1516 2631 1679 2661 immortali-

612 2683 796 2712 XYLANDBI
822 2686 866 2715 ET
882 2686 987 2716 GOARI
1001 2687 1118 2718 ΝΟΤᾹΞ.

87 2724 143 2766 (22)
159 2725 306 2766 Βεςθριίιιε
336 2731 388 2766 est,
420 2728 557 2765 hodieque
582 2731 726 2766 usitatum,
752 2733 839 2762 libros

51 2757 345 2798 )teteris_Tcsiamenti
371 2757 435 2791 inv
462 2757 635 2798 recenseri?
653 2757 726 2795 unde
753 2769 837 2797 etiam

53 2793 138 2821 Vetus
154 2795 369 2837 Testamentum,
387 2807 447 2837 quae
466 2806 532 2837 sunt
560 2793 724 2829 Judazoruur

49 2833 265 2870 aiam-vimus.
278 2833 308 2870 id
317 2838 371 2865 est,
387 2835 481 2869 viginti
494 2842 622 2870 quatuor,
650 2833 839 2867 inscribuntur

49 2871 80 2904 ac
96 2867 283 2904 nominantur,
296 2868 333 2895 De
346 2867 461 2904 utraque
473 2867 608 2898 seintentia
616 2867 769 2901 satisfaciet
783 2883 836 2902 non

50 2900 130 2929 nimis
152 2903 263 2932 curioso
278 2903 373 2941 lectori
402 2900 530 2941 prologus
561 2906 592 2937 Ι),
626 2900 836 2946 Ιῐίι-τοηγιηὶπῖιί

891 2734 989 2774 Biblia,
1003 2738 1049 2774 qui
1063 2739 1161 2773 galeati
1175 2740 1255 2769 titulo
1271 2747 1370 2772 exstat.
1388 2745 1454 2774 Χνι..

928 2771 1263 2818 (25)"lRaiioizep'i-lu'dita
1292 2783 1339 2805 aut
1369 2771 1512 2818 serui—one:
1530 2785 1677 2818 utrumque

890 2807 1075 2853 eniinmwyo;
1103 2807 1260 2853 signiﬁcat;
1290 2821 1378 2853 neque
1405 2807 1672 2853 esr'hdc'iiﬁd’azﬁi

890 2842 951 2881 sine
961 2842 1026 2903 1ἓΙΙο.
1040 2851 1102 2872 cum
1114 2842 1203 2874 oratio
1218 2842 1348 2883 sit'quas'i
1363 2842 1474 2880 sensilis
1491 2842 1674 2886 quwdarifra-

892 2880 939 2903 tto.
960 2897 966 2902 .
985 2885 1025 2903 γι..

892 2880 939 2905 tio.
960 2880 1025 2905 KYL.
