2007 3156
349 164 385 196 35

975 164 1138 194 GEORGII
1157 164 1323 195 CEDRENI

1949 169 1986 201 33

350 227 406 251 tate
421 230 454 250 ac
482 222 582 250 virtute
605 225 753 250 exornatus
778 224 851 248 esset
874 229 879 246 :
905 219 947 248 his
967 221 1039 248 enim
1059 220 1130 248 rebu:

1192 221 1310 256 ἐμφερὲς
1330 222 1544 257 προφανέστατα
1567 223 1698 252 δείκνυσι.
1717 225 1795 252 Κατὰ
1817 226 1911 253 τοῦτον
1936 228 1984 253 τὸν

351 269 497 296 decoratus
514 268 595 295 homo
611 267 817 295 similitudinem
830 266 1030 303 imaginemque
1044 274 1136 293 exent-

350 315 436 349 plnris
447 314 480 341 ad
496 313 545 348 ιι
562 314 634 348 quod
652 312 759 341 efﬁctus
775 318 827 346 est,
853 317 1009 341 conservat.
1024 312 1083 340 Jam
1105 312 1137 340 li-

350 361 442 389 bertas
467 367 574 395 quoque
600 360 744 395 potestatis
775 367 843 393 suae,
869 363 974 388 natura:
1009 359 1137 387 humana;

349 406 450 441 regiam
463 406 649 440 praestantiam
663 406 746 440 inque
759 412 791 433 ea
806 405 906 433 divina:
920 405 1045 441 imaginis
1058 405 1137 432 simi-

349 451 488 479 litudinem
504 451 731 480 manifestissime
744 452 924 480 demonstrat.
937 452 1027 487 Atque
1040 459 1138 479 secun-

347 498 411 525 dum
427 497 498 525 hanc
513 499 648 526 rationem
660 499 740 526 homo
751 506 880 526 manuum
895 497 940 526 Dei
953 506 1023 533 opus
1037 498 1138 525 dicitur

345 543 382 570 ob
396 543 557 579 dignitatem
575 548 719 572 structura:
735 553 741 571 :
759 551 840 572 omne
854 543 926 571 enitn
945 543 998 571 hoc
1010 547 1053 571 est
1068 550 1137 570 con-

344 589 400 617 silii
416 589 534 617 eﬂ‘ectio.
551 590 636 618 Porro
657 591 735 618 haec:
758 599 768 616 ι
784 589 929 618 Faciamus
943 590 968 618 ei
984 589 1136 624 adjutorem

345 637 552 664 accomodatum
571 637 634 672 ipsi;
658 645 668 662 ι
695 641 806 672 propter
821 636 943 664 futuram
963 636 1050 672 prolis
1075 643 1139 671 pro-

346 681 516 708 creationem
537 680 628 708 dicit:
645 681 756 716 adjuvat
770 682 843 709 enim
865 681 969 709 femina
990 687 1095 708 marem
1109 681 1137 708 in

346 726 521 760 propagando
535 727 782 763 conservandoque
798 735 909 763 genere.
923 727 1027 755 Eﬂecta
1045 731 1136 755 autem

346 770 473 802 muliere,
488 778 550 799 cum
567 779 627 799 eam
647 773 827 808 conspicatus
844 776 917 800 esset
932 772 1064 805 Adamus,
1081 778 1136 800 non

346 814 384 841 ita
404 814 518 843 aﬂ‘ectus
534 816 628 843 animo
648 820 691 849 est
714 821 745 843 ut
765 816 813 852 qui
831 816 976 844 mulierem
1000 819 1136 850 cerneret,

344 859 396 888 sed
413 861 528 896 perinde
541 868 574 889 ac
592 869 624 889 se
639 861 729 896 ipsutu
749 862 939 897 contemplans
954 862 1060 890 laetatus
1079 861 1136 896 spi-

1192 267 1269 301 λόγον
1294 267 1340 294 καὶ
1360 268 1460 302 χειρῶν
1482 268 1550 295 Θεοῦ
1567 269 1648 306 ἔργον
1663 271 1677 297 ὀ
1698 271 1842 308 ἄνθρωπος
1866 274 1910 301 διὰ
1935 274 1986 309 τὴν

1190 313 1274 348 τιμὴν
1288 314 1338 349 τῆς
1353 316 1528 349 κατασκευῆς
1538 325 1545 332 η
1561 318 1608 344 καὶ
1623 318 1678 353 γὰρ
1693 318 1792 353 βουλῆς
1810 320 1939 356 ἐνέργεια
1956 322 1986 348 τὸ

1190 359 1256 386 πᾶν.
1270 359 1319 394 ’ᾖ
1333 368 1343 386 ι
1359 360 1520 397 Ποιήσωμεν
1529 362 1605 398 αὐτῷ
1620 363 1716 399 βοηθὸν
1731 365 1793 392 κατ’
1808 366 1901 400 αὑτὸν,
1919 377 1930 394 ι
1941 367 1986 395 διὰ

1190 405 1222 431 τὸ
1239 405 1336 440 μέλλον
1349 407 1398 442 τῆς
1421 407 1597 441 παιδογονίας
1616 409 1707 444 λέγει’
1731 413 1858 447 συνεργεῖ
1876 413 1934 448 γὰρ
1953 414 1984 440 τὸ

1192 451 1260 485 θῆλυ
1276 452 1314 487 τῷ
1329 453 1407 488 ἀνδρὶ
1424 454 1492 489 πρὸς
1517 454 1567 490 τήν
1590 455 1636 482 τοῦ
1654 456 1750 490 γένους
1760 457 1876 494 αῦξησίν
1888 468 1920 486 τε
1938 462 1984 487 καὶ

1191 497 1331 533 διαμονήν.
1356 499 1526 534 Πλασθείσης
1552 500 1581 527 δὲ
1608 502 1658 536 τῆς
1679 500 1818 538 γίναιιιὺς,
1838 506 1876 537 ὡς
1904 506 1982 542 ἑώρα

1190 543 1275 578 αὐτὴν
1289 545 1303 571 ὁ
1324 545 1420 581 Ἀδὰμ,
1437 546 1487 582 οὐχ
1504 547 1543 579 ὡς
1556 549 1674 582 γυναῖκα
1690 549 1826 585 θεώμενος
1847 551 1981 588 ἔπασχεν,

1190 589 1249 616 ἀλλ’
1270 591 1307 622 ὡς
1322 591 1421 618 ἑαυτὸν
1435 593 1506 628 ὁρῶν
1523 594 1718 630 πνευματικῶς
1735 591 1915 632 ἧὺφραίνετο,
1931 599 1981 634 τὴν

1190 636 1286 671 ὁμοίαν
1311 635 1419 671 βλέπων
1445 638 1495 666 καὶ
1522 640 1626 676 ταύτην
1653 641 1768 677 ἔχουσαν
1794 645 1980 680 κατασκευήν.

1196 681 1333 715 Ὡσαύτως
1352 683 1399 710 καὶ
1424 683 1441 720 ἠ
1467 685 1537 721 γυνὴ
1565 686 1657 722 ὁρῶσα
1681 688 1727 714 τὸν
1749 688 1834 724 ἄνδρα
1853 691 1980 725 μεγάλως

1190 729 1335 765 ἠγάλλετο,
1353 730 1414 757 κατ’
1430 731 1512 759 αὐτὸν
1525 730 1609 760 οὖσαν
1623 733 1723 767 ἑαυτὴν
1738 735 1877 764 ἐννοοῦσα.
1892 737 1932 764 Τὸ
1939 739 1978 770 δὲ,

1194 783 1203 801 ι
1222 774 1336 812 Θανάτῳ
1345 776 1539 812 ἀποθανεῖσθε,
1551 788 1560 805 ι
1574 778 1671 815 ΘνητοῚΙ
1682 779 1776 807 [uaces
1791 782 1930 817 σημαίνει,
1942 784 1979 816 ὡς

1191 820 1238 848 καὶ
1251 821 1266 847 ὁ
1283 821 1433 858 Σύμμαχος
1451 823 1637 860 ήρμήνενσεν.
1659 826 1838 863 Ἐργάςεσθαι
1858 831 1905 857 καὶ
1920 839 1979 866 φυ-

1190 867 1301 896 λάσσειν
1315 869 1454 905 σημαίνει,
1469 871 1633 906 ἐργάξεσθαι
1654 873 1703 909 μὶν
1729 875 1778 909 τὴν
1801 875 1979 912 εὐχαριστίαν

344 904 398 931 ritu
415 910 468 938 est,
486 905 585 933 videns
607 913 667 932 eam
685 905 768 933 simili
793 906 876 933 modo
897 905 1023 934 edictam.
1039 905 1092 945 Sed
1108 910 1130 933 el

1186 913 1233 940 καὶ
1249 913 1299 949 τὴν
1317 914 1426 942 αίνεσιν
1440 916 1481 951 τῷ
1499 917 1637 945 τοσούτων
1656 919 1704 946 καὶ
1723 904 1890 956 τηλικούτων
1905 924 1979 958 ἀγα-

345 949 444 978 mulier
461 951 550 978 virum
566 956 700 980 contuens
715 959 812 988 magno
826 953 926 989 gaudio
945 957 988 981 est
1010 952 1131 988 perfusa,

345 995 502 1032 intelligens
529 1004 558 1025 se
579 997 606 1024 ei
634 1005 697 1026 esse
721 998 889 1033 adjunctam.
919 998 1054 1026 Caeterum
1075 999 1133 1027 hac

344 1042 439 1073 verba,
456 1051 466 1067 ι
482 1040 569 1070 Morte
584 1043 749 1077 moriemini,
763 1043 811 1078 i_id
824 1043 990 1079 signiﬁcant,
1005 1044 1133 1072 Mortales

344 1087 442 1120 eritis;
466 1088 604 1123 quomodo
625 1089 706 1116 etiam
729 1088 910 1125 Symmachus
937 1090 1133 1126 interpretatus

344 1137 397 1160 est.
413 1131 528 1169 Operari
547 1139 574 1162 et
595 1135 734 1163 custodire
751 1135 917 1171 signiﬁcant,
943 1136 1010 1164 illud
1029 1138 1132 1172 gratia~

346 1186 406 1205 rum
424 1180 559 1207 actionem
578 1184 605 1208 et
618 1180 801 1208 laudationem
822 1185 861 1209 tot
877 1186 1072 1218 tantorumque
1085 1183 1133 1210 bo-

346 1229 443 1249 uorum
460 1223 599 1257 praebitori
615 1224 773 1259 rependere,
795 1225 846 1253 hoc
861 1233 957 1254 cavere
975 1234 1010 1254 ne
1023 1226 1133 1262 quando

344 1275 394 1302 per
413 1268 574 1296 vaecordiam
599 1270 641 1297 sui
664 1270 847 1299 benefactoris
870 1271 972 1300 oblitus
998 1277 1133 1307 prwsente

345 1313 473 1342 felicitate
487 1322 519 1342 ac
534 1316 595 1343 vitae
613 1316 810 1344 commoditate
834 1317 953 1345 excidat.
975 1318 1071 1346 Adami
1088 1325 1134 1345 vo-

1187 957 1243 1004 θῶν
1272 961 1410 994 παροκεῖ⁷
1437 961 1586 995 φυλάσσειν
1611 963 1640 990 δὶ
1663 965 1712 992 καὶ
1735 969 1848 1002 τηρεῖν,
1878 957 1980 1004 μήπως

1185 1003 1347 1039 ἀπονοηθεὶς
1369 1005 1417 1032 καὶ
1434 1005 1520 1043 λήθην
1535 1008 1583 1034 τοῦ
1601 1009 1748 1045 εὐεργέτου
1770 1011 1860 1039 λαϐὼν
1874 1003 1925 1049 τῆς
1944 1015 1980 1041 ἐν
2006 1024 2007 1032 ι

1187 1050 1281 1085 χερσὶν
1291 1051 1419 1087 ἀποπέσῃ
1432 1054 1636 1090 μακαριότητος
1646 1057 1692 1083 καὶ
1704 1057 1831 1090 totum.
1849 1058 1936 1094 ’Δδὰμ
1949 1059 1978 1087 δὲ

1185 1095 1367 1131 ἑρμηνεύεται
1377 1097 1494 1132 γήϊνος,
1508 1100 1565 1126 Εὕα
1588 1100 1615 1127 δὲ
1630 1100 1696 1135 ζωήο
1711 1103 1756 1129 καὶ
1769 1104 1823 1138 γὰρ
1837 1104 1913 1132 αὐτοὶ
1929 1107 1978 1141 1i.-

1185 1141 1284 1177 γητνης
1310 1143 1356 1170 καὶ
1371 1144 1507 1180 σαρκικῆς
1523 1145 1596 1181 ζωῆς
1611 1147 1727 1182 ἀρχηγοὶ
1743 1149 1790 1175 καὶ
1804 1150 1923 1186 πατέρες
1939 1152 1976 1186 τῷ

1185 1186 1242 1212 δντι
1256 1188 1487 1223 χρηματίζουσιν,
1502 1189 1599 1226 ὥσπερ
1614 1193 1664 1228 τῆς
1678 1193 1872 1228 οόρανίαςκκαὶ
1891 1204 1975 1223 πνευ-

1187 1233 1305 1278 ματικῆς
1321 1233 1425 1268 Ἰησοῦς
1435 1236 1553 1271 Χριστὸς
1567 1238 1581 1265 ὸ
1595 1237 1655 1270 νέος
1673 1238 1770 1275 Ἀδὰμ,
1783 1240 1831 1267 καὶ
1847 1241 1864 1277 ἡ
1880 1242 1975 1278 ἀπειρ-

1185 1277 1289 1312 άνδρως
1304 1279 1386 1307 αὐτὸν
1401 1281 1528 1314 τεκοῦσα,
1549 1283 1662 1319 ἀπαρχὴ
1691 1286 1737 1312 καὶ
1752 1285 1826 1313 αίτία
1840 1288 1896 1318 τοῖς
1906 1289 1975 1314 πᾶσι

1186 1321 1232 1348 τοῦ
1250 1322 1319 1350 Θεοῦ
1338 1324 1444 1357 τέκνοις
1458 1327 1537 1354 εἰσιν.

344 1360 470 1388 cabulum
502 1365 633 1388 terrenum
657 1361 804 1398 signiﬁcat,
826 1363 890 1391 Eva:
914 1364 1006 1393 vitam.
1024 1364 1090 1392 Nam
1110 1365 1130 1393 ii
1153 1366 1242 1402 reipsa
1264 1370 1431 1405 nominibus,
1444 1380 1504 1408 quae
1515 1381 1564 1402 eos
1577 1379 1692 1403 terrenae
1702 1382 1734 1404 ac
1760 1377 1880 1406 carnalis
1913 1379 1975 1406 vita

344 1407 483 1442 principes
502 1413 534 1434 ac
550 1413 677 1442 parentes
694 1407 835 1441 denotant,
857 1410 1034 1444 respondent,
1057 1410 1130 1438 sicut
1145 1410 1227 1441 Jesus
1249 1413 1376 1443 Christus
1399 1407 1486 1444 novus
1508 1418 1641 1452 Adamus,
1663 1423 1692 1447 et
1729 1419 1764 1447 de
1784 1428 1838 1456 qua
1869 1422 1974 1450 nullum

343 1459 454 1490 experta
473 1455 559 1483 virum
576 1454 634 1491 ipse
646 1456 919 1488 natusest,cmlestis
928 1464 959 1484 ac
971 1456 1123 1492 spiritualis
1154 1457 1217 1487 vita:
1237 1460 1414 1494 primordium
1440 1467 1469 1492 et
1487 1471 1571 1492 causa
1591 1470 1657 1494 sunt
1675 1454 1801 1495 omnibus
1827 1467 1875 1496 Dei
1896 1469 1974 1499 ﬁliis.

381 1502 433 1538 12
453 1502 608 1531 Notandum
624 1506 667 1532 est
682 1503 826 1538 quosdam,
842 1503 878 1531 ita
895 1506 924 1531 ut
941 1503 1072 1532 traditum
1088 1505 1171 1537 an-c

343 1548 460 1584 tiquitus
482 1553 535 1582 est,
560 1549 674 1583 referre,
697 1549 831 1578 Adamum
857 1555 967 1580 centum
991 1557 1079 1578 annos
1104 1550 1131 1578 in

343 1593 476 1622 Paradiso
500 1595 633 1631 exegisse.
659 1596 712 1623 Alii
740 1597 818 1624 tertia
842 1597 910 1625 hora
936 1597 1028 1625 [ictum
1054 1601 1133 1626 sexta

342 1648 485 1674 peccasse,
511 1649 583 1670 nona
602 1642 722 1677 ejectum
744 1643 898 1678 perhibent,
917 1651 951 1671 eo
971 1647 1133 1679 argumento

344 1691 463 1719 utentes.
481 1688 555 1724 quod
579 1688 645 1716 hora
670 1693 748 1717 sexta
770 1689 900 1717 Dominus
919 1690 995 1717 cruci
1020 1689 1130 1723 al'llxus,

343 1741 415 1761 nona
435 1742 485 1769 pro
506 1735 587 1762 nobis
611 1742 737 1763 mortuus
757 1740 809 1768 est,
833 1736 958 1764 fortassis
974 1744 1006 1764 eo
1022 1743 1132 1772 quoque

341 1779 372 1807 it:
388 1779 459 1807 hanc
477 1779 588 1807 adducti
609 1781 856 1818 opinionem‘quod
871 1782 922 1810 sub
938 1790 1077 1818 vesperam
1096 1782 1130 1810 ad

341 1832 389 1852 eos
410 1825 486 1853 venit
511 1825 653 1855 Dominus.
679 1825 732 1854 Sed
756 1827 837 1855 triutn
862 1827 992 1855 horarum
1012 1828 1129 1863 spatium

339 1877 396 1904 quo
411 1870 439 1898 in
454 1871 585 1905 paradiso
600 1871 722 1900 Adamus
736 1876 861 1901 moratus
877 1874 923 1906 sit,
938 1874 1020 1902 breve
1033 1874 1130 1903 admo-

338 1916 402 1943 dum
420 1921 447 1943 et
463 1917 547 1944 nimis
565 1917 727 1946 incredibile
742 1922 784 1947 est
801 1926 833 1947 ac
853 1919 1053 1954 magnificentia
1070 1920 1129 1955 ejus

336 1961 387 1996 qui
404 1962 531 1989 universa
550 1963 846 1999 impervestigabilibus
861 1965 1002 2000 sapientiae
1016 1965 1129 2001 judiciis

337 2007 494 2042 dispensat,
507 2008 659 2043 indignum.
672 2008 724 2042 Qui
739 2010 810 2037 enim
827 2010 854 2038 in
869 2011 956 2040 tribus
977 2011 1038 2040 istis
1053 2012 1129 2040 horis

339 2052 461 2081 Adamus
484 2053 517 2080 ad
541 2054 735 2090 imponendum
757 2057 884 2085 omnibus
902 2058 1079 2086 terrestribus
1095 2065 1128 2086 ac

338 2099 499 2127 volucribus
516 2101 626 2128 nomina
646 2105 752 2136 tempus
771 2102 932 2131 habuisset?
950 2104 1066 2138 Quando
1085 2112 1128 2132 re-

338 2145 422 2180 liquis
445 2145 473 2173 in
498 2147 626 2182 paradiso
651 2147 783 2177 fructibus
808 2151 952 2184 vescendo,
977 2151 1010 2178 ad
1033 2158 1127 2178 eorum

1222 1505 1284 1554 Ἵλτι
1300 1507 1371 1541 τινὲς
1387 1510 1419 1536 ὲκ
1440 1511 1616 1546 παραδόσεως
1628 1513 1726 1541 ἑκατὸν
1743 1515 1790 1550 ἐτη
1806 1516 1853 1543 τὸν
1885 1517 1972 1554 ’Λδὰμ

1183 1551 1213 1578 ὲν
1225 1552 1439 1600 τῷἒΠαραδείσῳ
1455 1557 1522 1591 φασὶ
1546 1559 1736 1594 πεποιηκέναι.
1757 1561 1848 1589 ’Δλλοι
1866 1562 1896 1590 δὲ
1912 1551 1973 1599 τρξ-
2006 1588 2007 1600 γ

1183 1605 1233 1633 την
1248 1598 1297 1634 μὲν
1312 1599 1386 1636 ὥραν
1398 1602 1564 1636 πεπλάσθαι,
1575 1603 1658 1640 ἕκτην
1665 1604 1707 1641 [Ρ.
1724 1606 1752 1643 6]
1762 1607 1791 1634 δὲ
1801 1609 1972 1644 παραϐῆνα,

1184 1645 1297 1682 ἒννάτην
1309 1646 1337 1674 δὲ
1352 1647 1544 1685 ἐκϐεϐλῆσθαι,
1555 1651 1586 1678 τὺ
1602 1653 1630 1678 ἐν
1641 1652 1707 1689 ἕκτῃ
1717 1654 1767 1689 μὲν
1780 1653 1841 1690 ὥρᾳ
1856 1655 1973 1683 tvmv-

1184 1692 1285 1727 ρῶσθαι
1307 1693 1353 1721 τὺν
1375 1694 1489 1730 Ἰησοῦν,
1508 1697 1606 1733 ιννάτῃ
1628 1698 1657 1725 δὲ
1681 1699 1777 1727 τοῦτον
1803 1701 1874 1737 ὑπὲρ
1890 1702 1972 1737 ἡμῶν

1182 1738 1327 1766 ἀποθανεῖν
1337 1741 1488 1777 τεκμήριον
1509 1742 1656 1778 τιθέμενοι.
1673 1745 1752 1777 Ἴσως
1763 1746 1802 1779 δὲ,
1821 1747 1862 1774 ὅτι
1874 1748 1925 1774 καὶ
1945 1747 1974 1775 τὸ

1180 1784 1294 1812 δειλινὸν
1307 1783 1390 1822 ἦλθεν
1411 1788 1425 1814 ὁ
1439 1787 1542 1823 Κύριος
1567 1789 1636 1824 πρὸς
1665 1790 1774 1824 αὐτοὺς,
1805 1793 1846 1824 είς
1867 1794 1973 1830 ταύτην

1181 1829 1363 1867 ὑπενεχθῆναι
1395 1832 1445 1868 τὴν
1472 1833 1612 1862 ὑπόνοιαν.
1642 1835 1739 1863 Στενὸν
1764 1838 1794 1864 δδ
1817 1839 1918 1875 κομιδῇ

1179 1877 1296 1912 τρίωρον
1312 1876 1363 1910 τῆς
1376 1877 1406 1903 ὲν
1421 1877 1578 1914 παραδείσῳ
1590 1879 1735 1915 διατριϐῆς
1758 1881 1805 1908 τοῦ
1828 1884 1972 1918 προπάτο-

1179 1930 1227 1957 ρος
1243 1922 1391 1957 διάστημα,
1418 1923 1467 1950 καὶ
1481 1923 1541 1952 λίαν
1556 1925 1689 1953 ἀπίθανον
1703 1926 1742 1959 ὡς
1764 1928 1815 1963 τῆς
1853 1932 1973 1964 μεγαλο-

1180 1967 1315 2003 πρεπείας
1333 1967 1380 1995 τοῦ
1394 1969 1429 1997 τὰ
1442 1969 1530 1998 πάντα
1542 1971 1744 2008 δυσθεωρήτοις
1755 1973 1849 2008 τοφίυς
1866 1976 1972 2011 κρίμα.

1182 2021 1224 2040 σιν
1232 2014 1437 2050 οικονομοῦντθς
1444 2017 1563 2051 ἀνάξιον.
1575 2018 1643 2046 Πότε
1658 2019 1714 2054 γὰρ
1731 2019 1761 2046 ὲν
1775 2021 1867 2055 τρισὶν
1881 2022 1972 2057 ὥραις

1181 2063 1318 2097 χιρσαίοις
1333 2072 1363 2091 τε
1376 2065 1424 2091 καὶ
1439 2067 1550 2100 πτηνοῖς
1566 2067 1650 2092 πᾶσιν
1665 2066 1788 2101 ὀνόματα
1797 2068 1890 2095 καλεῖν
1910 2069 1971 2105 εῐχι

1180 2109 1293 2144 καιρόν;
1309 2109 1378 2136 Πότε
1394 2110 1423 2137 δὲ
1444 2110 1500 2137 τῶν
1520 2110 1609 2138 ἄλλων
1623 2112 1652 2138 ὲν
1665 2111 1705 2147 τῷ
1731 2114 1888 2149 παραδείσῳ
1901 2123 1974 2151 καρ-

1179 2154 1239 2181 πῶν
1267 2155 1422 2190 μετασχὼν,
1448 2155 1496 2182 καὶ
1525 2156 1577 2190 τῆς
1605 2157 1695 2184 αὐτῶν
1713 2159 1893 2195 μεταλήψεως
1921 2163 1972 2189 κό-

337 2190 481 2220 l'ruitionis
508 2193 661 2222 satietatem
691 2195 836 2230 prolapsus
867 2196 1043 2232 cupiditatem
1077 2204 1126 2232 gu-

1182 2206 1226 2234 ρον
1241 2198 1342 2230 λαϐὼν,
1359 2200 1399 2231 είς
1421 2200 1571 2236 ἐπιθυμίαν
1589 2203 1640 2238 τῆς
1665 2190 1719 2229 τοῦ.
1738 2190 1972 2240 ἀπηγορευμένου

336 2237 445 2266 stantia!
459 2238 566 2267 arboris
581 2247 634 2275 qua
649 2240 672 2268 ei
689 2241 862 2270 interdictum
880 2242 940 2276 l'uit,
958 2243 985 2270 in
1003 2243 1125 2270 animum

338 2283 514 2313 induxisset?
532 2285 566 2313 Ut
582 2287 691 2314 noxiam
709 2287 868 2316 invidentia:
885 2288 1008 2316 fraudem
1024 2293 1050 2317 et
1065 2297 1125 2318 ser-

338 2330 429 2365 pentis
454 2331 486 2358 ad
508 2332 650 2360 mulierem
671 2341 817 2370 aggressus
841 2339 924 2370 atque
945 2335 1125 2363 consultatio‘

339 2384 401 2404 nem
415 2384 469 2404 non
486 2386 707 2413 commemorem,
723 2388 785 2417 qua).
802 2381 860 2416 ipsa
875 2381 992 2416 amplius
1007 2389 1040 2410 eo
1056 2387 1126 2409 tem-

337 2430 389 2459 pus
411 2424 596 2460 requircbant.
621 2427 792 2463 Quapropter
813 2428 956 2463 probabile
977 2428 1124 2456 admodum

336 2476 369 2497 ac
389 2470 519 2499 credibile
540 2479 582 2501 est
604 2477 681 2501 sexta
705 2474 750 2501 die
767 2477 793 2501 et
812 2479 889 2502 sexta
911 2474 975 2502 hora
995 2474 1124 2502 delictum

338 2515 403 2542 illud
419 2515 452 2543 ab
465 2516 504 2546 iis
522 2517 685 2550 admissum,
706 2525 832 2552 nonaque
848 2519 971 2554 ejusdem
988 2519 1042 2547 diei
1058 2521 1124 2548 ltora

337 2562 468 2592 Paradiso
483 2572 516 2592 ac
533 2566 588 2592 vita
604 2566 640 2593 ob
654 2566 786 2593 violatum
804 2566 851 2594 Dei
872 2566 1030 2594 mandatum
1051 2568 1125 2595 exei-

335 2608 412 2637 disse
430 2618 438 2636 :
458 2610 508 2638 sed
525 2618 598 2638 anno
619 2610 730 2639 demum
747 2611 863 2646 septimo
881 2612 908 2639 id
927 2611 1039 2645 factum,
1053 2613 1124 2640 sicut

333 2662 368 2682 ex
384 2656 506 2691 antiquis
522 2657 634 2690 quidam
651 2657 877 2691 pronuntiarunt.
900 2658 981 2693 Atqui
1005 2657 1122 2687 Joannes

333 2701 551 2738 Chrysostomus
567 2703 609 2729 vir
629 2703 723 2737 magni
749 2703 821 2731 inter
842 2703 970 2732 doctores
992 2707 1121 2739 nominis,

333 2748 364 2776 in
378 2748 550 2784 expositione
563 2748 637 2776 sacri
651 2745 791 2784 Evangelii
807 2749 879 2785 quod
895 2750 1040 2778 a'Matthco
1057 2759 1121 2780 con-

333 2795 468 2828 scriptum
488 2794 551 2827 fuit,
567 2798 641 2822 sexta
658 2795 701 2823 die
717 2796 809 2830 prima:
822 2797 873 2832 13
885 2798 1054 2832 septimanae.
1069 2799 1120 2827 hoc

331 2843 376 2868 est
391 2839 436 2868 die
463 2839 608 2869 efﬁctionis
629 2841 735 2875 Adami,
754 2843 825 2871 hunc
846 2849 874 2871 et
893 2843 974 2871 Evam
987 2843 1118 2873 Paradiso

332 2886 435 2921 eiectos
448 2887 496 2915 ait.
512 2887 561 2916 Cui
576 2892 602 2916 et
619 2897 668 2918 nos
683 2888 761 2918 ﬁdem
779 2889 920 2924 habemus,
937 2899 1025 2927 neque
1048 2893 1118 2921 ulte-

1178 2243 1257 2277 ξύλου
1275 2244 1396 2278 γεύσεως
1412 2245 1560 2280 ἑλήλυθεν;
1574 2246 1631 2274 Ἵνα
1645 2248 1683 2283 μὴ
1691 2247 1763 2283 λέγω
1773 2251 1822 2283 τὴν
1833 2251 1973 2286 ἐπήρειαν

1177 2290 1228 2324 τῆς
1246 2289 1396 2325 βασκανίας
1412 2291 1460 2318 καὶ
1473 2292 1522 2327 τῆς
1537 2291 1584 2319 τοῦ
1595 2292 1683 2327 ὄφεως
1700 2295 1768 2329 πρὸς
1780 2294 1830 2331 τὴν
1844 2298 1970 2330 γυναῖκα

1178 2335 1332 2371 προσϐολῆς
1350 2337 1397 2364 καὶ
1415 2337 1580 2371 συμϐουλίας
1592 2347 1599 2354 ·
1616 2339 1663 2366 καὶ
1678 2339 1732 2375 γὰρ
1750 2341 1819 2376 αὐτὴ
1841 2341 1971 2375 πλείονος

1177 2381 1263 2407 ἐδεῖτο
1278 2382 1328 2417 τῆς
1347 2381 1393 2408 τοῦ
1410 2382 1505 2418 χρόνον
1518 2384 1624 2420 τριϐῆς.
1641 2385 1692 2412 Διὰ
1700 2386 1780 2413 τοῦτο
1791 2387 1840 2422 μὲν
1851 2388 1882 2414 ἐν
1895 2388 1970 2427 ικτῃ

1176 2427 1269 2464 ἡμέρᾳ
1284 2429 1332 2455 καὶ
1343 2429 1371 2455 ὲν
1387 2429 1455 2465 ἕκτῃ
1468 2429 1528 2466 ὥρᾳ
1539 2431 1723 2466 τετολμῆσθαι
1736 2433 1787 2468 τὴν
1797 2435 1970 2469 παράϐασιν,

1175 2473 1272 2510 ἑννάτῃ
1282 2474 1310 2500 δὲ
1325 2472 1384 2510 ὥρα
1392 2475 1441 2509 τῆς
1454 2476 1538 2511 αὐτῆς
1560 2476 1667 2512 ἡμέρας
1681 2478 1728 2505 τοῦ
1741 2479 1911 2513 Παραδείσου
1921 2483 1972 2509 καὶ

1175 2519 1226 2554 τῆς
1237 2521 1265 2545 ἐν
1280 2520 1355 2555 αὺτῴ
1368 2521 1440 2556 ζωῆς
1458 2523 1521 2554 τοὺς
1538 2522 1727 2558 ἀθετήσαντας
1747 2526 1875 2554 ἐκπεσεῖν
1898 2529 1972 2563 σφό-

1175 2566 1226 2602 δρα
1237 2567 1350 2595 πιθανὸν
1369 2569 1419 2595 καὶ
1436 2570 1540 2602 πιστὸν,
1556 2571 1590 2596 δι’
1605 2571 1675 2597 ἑτῶν
1688 2571 1717 2598 δὲ
1730 2571 1802 2599 ἑπτὰ
1820 2573 1901 2600 τοῦτο
1923 2583 1971 2609 γε-

1174 2614 1279 2648 νέσθαι,
1295 2615 1333 2647 ὡς
1347 2616 1402 2643 τῶν
1417 2618 1611 2653 πρεσϐυτέρων
1637 2618 1710 2651 τινες
1724 2619 1910 2656 ἀπεφήναντο.
1936 2623 1968 2650 '0

1173 2661 1202 2688 δέ
1213 2670 1244 2695 γε
1260 2662 1349 2697 μέγας
1358 2663 1387 2690 ἐν
1401 2663 1575 2696 διδασκάλοις
1594 2665 1720 2700 Ἰωάννης
1729 2666 1743 2692 ὁ
1758 2666 1971 2702 Χρυσόστομος,

1173 2707 1200 2734 ἐν
1214 2708 1246 2743 τῇ
1261 2709 1396 2745 ἑρμηνείᾳ.
1407 2710 1454 2736 τοῦ
1466 2711 1538 2737 κατὰ
1547 2710 1685 2738 Ματθαῐον
1695 2712 1772 2746 ἁγίου
1781 2712 1858 2747 Εὐαγ
1864 2713 1973 2748 γελίου,

1172 2755 1204 2789 τῇ
1224 2754 1291 2790 ἕκτῃ
1309 2755 1401 2792 ἡμέρᾳ
1420 2756 1472 2791 τῆς
1487 2755 1599 2792 πρώτης
1620 2757 1778 2792 ἑϐδομάδος,
1793 2759 1922 2786 τουτέστι
1936 2763 1972 2797 τῇ

1170 2801 1240 2836 αὐτῇ
1263 2801 1354 2837 ἡμέρᾳ
1369 2801 1419 2836 τῆς
1438 2802 1565 2834 πλάσεως
1581 2803 1675 2835 αὑτοῦ,
1697 2804 1771 2838 λέγει
1798 2805 1845 2832 τὸν
1875 2806 1974 2843 Ἀδὰμ.

1170 2847 1338 2882 ἐκϐληθῆναι
1366 2847 1413 2874 τοῦ
1435 2848 1602 2883 Παραόεἱσου
1621 2850 1668 2877 καὶ
1697 2851 1746 2885 τὴν
1765 2851 1835 2878 Εὕαν
1852 2860 1858 2865 ·
1880 2848 1905 2886 ᾦ
1919 2856 1974 2881 καὶ

1175 2892 1257 2927 ἡμεῖς
1272 2892 1433 2928 πειθόμεθα.
1455 2894 1510 2921 Καὶ
1524 2894 1554 2922 οὐ
1576 2894 1629 2932 χρὴ
1643 2891 1733 2932 ζητεῖν
1756 2897 1914 2934 περαιτέρω
1937 2900 1974 2927 τὶ
