2007 3156
150 184 184 215 3;
220 161 222 163 ’
683 183 932 214 lllSTORlARUl

986 180 1163 213 ZOMPENDI
1171 183 1238 215 UM.
1749 185 1784 216 38

147 247 180 285 τῇ
202 246 376 282 θεοπνεύστῳ
402 247 499 282 Γραφῇ
525 247 577 274 ὑπὸ
595 246 642 273 τοῦ
670 247 748 282 ἁγίου
781 246 932 283 Πνεύματος

994 247 1051 275 rius
1071 247 1233 283 inquirenda
1250 252 1389 283 suntquae
1403 248 1522 284 Spiritus
1539 253 1652 278 sanctus
1669 250 1696 277 in
1716 251 1788 279 divi-

149 292 333 328 σεσιγημένα,
351 292 395 318 ἵνα
418 292 455 328 μὴ
481 293 543 319 ἀντὶ
556 292 670 328 κέρδους
689 292 790 328 μικροῦ
818 292 940 328 μεγάλην

147 339 363 374 ἑπισπασὼμεθα
382 339 496 375 ζημίαν.

132 408 147 418 ,,,
183 385 221 412 Τὸ
235 385 262 412 δὲ
279 385 425 421 εἰρημένον
449 385 490 412 ὃτι
510 395 520 411 ι
540 385 626 420 Ἀδὰμ
641 385 754 420 γέγονεν
777 386 816 418 ὡς
840 383 880 417 εἰς
911 378 946 418 ἐξ

148 431 164 466 ἠ
169 431 238 467 μῶν,
250 441 259 457 ι
273 431 321 466 οὐχ
330 431 367 463 ὡς
376 431 411 458 δι’
417 430 560 463 ἀπειθείας
571 432 617 457 ἐπὶ
628 431 729 458 κακίαν
739 431 939 466 προκόψαντος,

147 477 218 505 ἀλλὰ
230 476 275 504 διὰ
291 477 320 504 τὸ
337 477 489 512 εἰρηκέναι,
505 486 515 503 ι
536 477 605 504 Κατ’
623 477 715 503 εἰκόνα
731 477 800 503 Θεοῦ
812 477 940 512 ἐποίησεν

147 523 242 552 αὐτόν.
261 533 270 550 ι
284 523 366 550 Ἀλλά
376 524 412 558 μή
431 531 472 555 τις
482 523 604 559 ὑπολάϐῃ
617 524 658 550 ὅτι
670 524 701 550 τὸ
718 523 797 558 ξύλον
810 523 940 559 τοιαύτης

146 567 182 606 ἦν
198 570 307 605 φύσεως
321 570 359 602 ὡς
370 570 472 604 γνῶσιν
485 570 616 605 παρέχειν
626 570 711 597 καλοῦ
723 571 771 597 καὶ
783 569 881 598 κακοῦ.
900 570 938 597 Οὐ

147 617 203 652 γὰρ
211 615 245 653 ἦν
260 625 285 643 τι
303 616 434 652 βλαϐερὸν
449 617 478 643 ὲν
495 616 667 652 Παραδείσῳ,
681 617 743 652 ὄρος
751 617 780 644 δὲ
796 617 878 652 ἐτέθη
892 616 940 643 ἐπὶ

145 662 185 699 τῷ
194 663 346 698 φυτῷπρὸς
361 662 518 698 γυμνασίαν
527 662 576 696 τῆς
584 661 814 698 ἐλευθεριότητος.
827 663 883 689 Καὶ
897 663 939 690 ὁτι

144 709 177 736 οὐ
188 709 219 736 τὸ
231 709 308 741 ξύλον
319 709 406 736 αἴτιον
416 709 545 743 γνώσεως
554 708 594 744 τῷ
619 709 705 744 Ἀδὰμ
720 709 828 743 γέγονε,
836 708 918 744 δῆλον
928 717 936 725 ⁸

145 757 163 790 ή
179 756 232 792 γὰρ
247 755 341 792 ἐντολὴ
358 755 396 787 ὡς
416 756 485 790 πρὸς
498 755 588 782 εἰδότα
597 755 682 790 ἄμφω
693 754 784 791 ἐδόθη,
802 755 834 782 τό
844 764 874 782 τε
886 763 938 782 κα-

147 802 192 829 λὸν
203 803 250 831 καὶ
266 801 394 837 πονηρὸν,
408 802 458 837 τήν
470 810 499 828 τε
513 801 635 837 ὑπακοὴν
651 801 700 829 καὶ
712 801 762 837 τὴν
780 802 936 837 παρακαὴν,

143 847 252 883 ὥστιή
278 847 379 882 γνῶσις
405 844 542 882 προῦλαϐε
555 847 605 883 τὴν
632 848 880 883 ὲντολήν.Δέδοται
907 847 938 875 δὲ

144 893 214 930 αὕτη
226 894 269 921 διὰ
281 893 372 926 τὺ,ὠς
397 893 516 928 εἰρηται,
537 892 704 928 αὐτεξουσίῳ
720 892 871 928 βουλήματι
895 901 937 920 κι-

142 940 275 976 νούμενον
289 940 336 967 τὸν
362 939 518 976 ἄνθρωπον,
535 939 581 965 ἐπ’
594 939 687 971 ἀδείας
706 947 736 965 τε
763 938 861 974 ἔχοντα
882 939 938 965 ἀπὸ

144 987 255 1014 πάντων
266 985 490 1022 μεταλαμϐάνειν
506 984 562 1012 τῶν
577 984 666 1012 ἄλλων
680 984 809 1020 δένδρων,
827 985 887 1017 ἑνὸς
908 984 937 1011 δὲ

144 1032 227 1068 μόνον
243 1032 318 1068 νόμῳ
337 1030 576 1067 προσταττόμενον
600 1030 764 1065 ἀπέχεσθαι,
785 1031 833 1058 καὶ
853 1030 937 1065 γινώ-

145 1085 221 1105 σκειν
236 1077 274 1109 ὡς
287 1077 339 1104 ὑπὸ
348 1076 482 1112 δεσπότην
490 1076 548 1103 ἐστὶ
561 1075 607 1103 τὸν
619 1077 665 1103 καὶ
672 1076 722 1111 τὴν
735 1076 846 1112 ἐντολὴν
855 1077 937 1104 δεδω-

143 1125 221 1153 κότα.
249 1124 286 1150 Τὸ
319 1123 359 1155 δὲ,
387 1132 397 1149 ι
425 1122 623 1158 Διηνοίχθησαν
661 1122 753 1150 αὐτῶν
777 1123 801 1150 οὶ
832 1122 936 1157 ὀφθαλ-

146 1173 204 1207 μοὶ,
228 1179 240 1197 δ
255 1170 307 1207 οὐχ
327 1170 366 1202 ὡς
391 1169 452 1197 τότε
473 1168 632 1204 βλεψάντων
649 1169 692 1206 [Ρ.
711 1169 738 1206 η
753 1170 808 1197 τῶν
831 1178 937 1206 πριιιτο⁴

143 1219 270 1248 πλάστων
285 1218 394 1254 εἴρηται
407 1217 572 1254 (δείκνυνται
594 1217 650 1253 γὰρ
666 1217 714 1244 καὶ
726 1216 779 1253 πρὸ
794 1217 844 1253 τῆς
861 1217 935 1253 βρώ-

144 1273 214 1297 σεως
239 1265 358 1301 ὁρῶντες
376 1266 409 1290 ἐκ
433 1263 481 1290 τοῦ
494 1262 636 1298 λέγεσθαι·
654 1272 664 1288 ι
679 1262 734 1290 Καὶ
749 1261 820 1290 εἶδεν
833 1264 850 1298 ἡ
865 1263 935 1300 γυνὴ

141 1312 183 1339 ὅτι
196 1311 277 1339 καλὸν
292 1310 323 1338 τὸ
336 1310 415 1344 ξύλον
433 1310 473 1342 εἰς
489 1309 592 1346 βρῶσιν
605 1309 654 1337 καὶ
680 1309 722 1336 ὅτι
737 1310 852 1344 ἀρεστόν
875 1311 935 1338 ἐστι

141 1360 199 1391 τοῖς
211 1358 361 1393 ὀφθαλμοῖς
374 1357 437 1384 ἰδεῖν
455 1357 491 1392 ι),
504 1357 564 1384 ἀλλ’
580 1356 619 1389 ὼς
632 1356 664 1383 τδ
675 1356 858 1393 ἀπειρόκακον
867 1357 935 1385 ἀπο-

143 1403 266 1439 θεμένων
280 1402 324 1430 διὰ
336 1401 530 1438 παραϐάσεως,
544 1401 559 1428 ὃ
569 1401 617 1428 καὶ
631 1401 681 1436 τὴν
695 1401 838 1436 γύμνωσιν
855 1402 935 1430 ἀδιά-

143 1458 227 1486 φορον
253 1449 405 1484 παρέσχεν,
421 1448 528 1483 ἐρρήθη
542 1448 585 1474 ὅτι
600 1447 794 1483 διηνοίχθησαν
805 1444 898 1475 amo»;
907 1449 935 1475 οἱ

142 1495 289 1531 ὀφθαλμοί,
304 1495 415 1530 Πέφυκε
430 1493 509 1530 γὰρό
521 1493 662 1528 ὀφθαλμὸς
678 1493 751 1525 ἄπας
768 1493 820 1521 ὑπὸ
831 1493 878 1522 τοῦ
890 1495 935 1522 λο-

143 1541 246 1577 γισμοῦ
274 1539 458 1575 διεγείρεσθαι
486 1539 554 1575 πρὸς
568 1539 586 1566 ἃ
600 1539 695 1575 βλέπει
715 1547 721 1555 ·
739 1539 846 1567 σύνεσιν
879 1541 933 1577 γὰρ

993 293 1070 321 nitus
1082 293 1224 329 inspiratis
1238 293 1349 322 Litteris
1362 294 1481 327 reticuit,
1493 303 1528 323 ne
1544 296 1602 323 loco
1615 295 1704 331 exigui
1716 296 1785 325 lucri

953 338 962 345 ί
993 346 1120 374 magnam
1134 340 1214 368 nobis
1229 347 1403 368 accersamus
1418 340 1561 370 damnum.

1028 384 1106 418 Quod
1130 390 1223 413 autem
1251 386 1354 413 dictum
1379 391 1433 420 est,
1454 395 1463 412 ι
1487 386 1609 415 Adamus
1631 388 1720 417 tactus
1744 392 1789 417 est

993 434 1124 467 tanquam
1146 440 1218 460 unus
1234 439 1267 460 ex
1283 432 1374 467 nobis,
1392 442 1401 459 ι
1424 440 1480 461 non
1500 441 1534 461 eo
1554 433 1729 462 referendum
1745 440 1789 463 est

992 478 1066 513 quod
1087 486 1137 513 per
1159 479 1374 507 inobedientiam
1396 479 1423 507 in
1442 480 1538 507 vitium
1558 480 1670 514 excidit,
1690 482 1736 509 sed
1754 483 1789 510 ad

992 524 1020 551 id
1042 525 1114 560 quod
1131 524 1235 552 dictum
1253 524 1323 552 fuit:
1338 535 1347 551 ι
1365 525 1406 553 Ad
1428 526 1573 567 imaginem
1595 526 1643 555 Dei
1665 529 1789 556 condidit

992 577 1069 598 eum.
1087 579 1096 596 ι
1116 569 1212 606 Neque
1228 571 1336 606 opinari
1352 572 1498 607 quisquam
1514 573 1593 600 debet
1608 574 1710 607 lignum
1728 575 1789 609 ejus

991 615 1077 643 fuisse
1093 621 1199 643 naturae
1214 620 1243 643 ιιι
1263 617 1326 644 boni
1343 617 1463 653 malique
1481 618 1608 646 notitiam
1627 620 1762 654 praeberet
1779 628 1786 646 :

990 661 1059 690 nihil
1074 662 1147 689 enim
1164 663 1192 690 in
1211 662 1344 692 Paradiso
1359 667 1420 691 erat
1435 664 1560 692 noxium.
1572 665 1624 693 Sed
1639 666 1696 693 haec
1708 667 1797 694 arbor'

990 707 1099 736 termini
1111 708 1170 736 loco
1181 713 1283 737 statuta
1292 713 1345 742 est,
1359 713 1388 737 ut
1403 717 1477 738 esset
1486 711 1621 739 libertatis
1630 712 1790 740 exercendae

990 755 1127 783 materies.
1135 755 1173 782 Ac
1181 755 1267 790 liquet
1275 755 1400 783 arborem
1412 756 1517 784 Adamo
1524 764 1579 784 non
1585 757 1670 786 fuisse
1677 765 1788 787 causam

990 801 1281 836 cognitiOuis,quando
1289 806 1454 838 praeceptum
1465 803 1490 830 ei
1501 807 1631 840 tanquam
1645 805 1790 839 utriusque

989 846 1146 881 cognitione
1156 847 1271 882 ιιι-ιεάὶιο
1280 848 1375 875 datum
1385 848 1523 882 cst,boui,
1532 850 1656 885 inquam,
1667 854 1694 878 et
1711 850 1788 884 mali,

989 892 1152 920 obedientiaa
1175 897 1203 920 et
1227 893 1422 921 contumaciae.
1453 893 1550 930 Itaque
1573 896 1695 931 cognitio
1718 904 1788 931 prae-

991 942 1100 973 ceptum
1117 943 1279 974 antegressa
1296 942 1349 967 est.
1376 939 1433 967 Hoc
1449 944 1540 968 autem
1561 940 1654 968 datum
1675 946 1728 974 est,
1747 944 1788 976 ut,

991 983 1223 1019 quemadmodum
1246 984 1379 1018 diximus,
1399 985 1551 1018 voluntate,
1565 986 1647 1021 cujus
1664 986 1720 1021 ipse
1738 994 1787 1021 po-

992 1033 1121 1057 testatem
1144 1030 1292 1063 obtineret,
1319 1035 1410 1059 motus
1434 1031 1526 1065 homo,
1553 1032 1688 1068 permisso
1712 1033 1737 1061 ei
1759 1038 1788 1061 ut

993 1075 1130 1104 fructibus
1147 1076 1269 1103 omnium
1288 1076 1457 1111 reliquarum
1474 1078 1604 1105 arborum
1620 1083 1786 1112 vesceretur,

992 1129 1102 1157 unaque
1119 1126 1224 1149 tantum
1243 1127 1273 1150 ut
1292 1123 1447 1151 abstineret
1464 1125 1609 1160 imperato,
1625 1125 1788 1161 intelligeret

991 1174 1020 1194 se
1038 1167 1090 1194 sub
1112 1167 1228 1194 Domino
1247 1167 1329 1195 istius
1349 1168 1474 1196 mandati
1496 1173 1608 1197 auctore
1627 1177 1699 1198 esse.
1723 1169 1786 1198 Haec

990 1216 1092 1246 autem,
1118 1221 1128 1239 (
1141 1213 1235 1248 Aperti
1252 1217 1316 1242 sunt
1333 1222 1428 1242 eorum
1449 1216 1534 1249 oculi,
1552 1225 1562 1242 ι
1586 1224 1640 1244 non
1660 1216 1788 1244 dicuntur

989 1261 1067 1297 quasi
1081 1264 1139 1288 tum
1150 1261 1260 1288 demum
1272 1262 1366 1290 videre
1383 1263 1668 1299 cmperint(namvisu
1682 1265 1786 1300 praediti

989 1308 1072 1336 etiam
1082 1313 1145 1335 ante
1155 1315 1232 1336 esum
1244 1308 1470 1338 demonstrantur
1489 1318 1521 1338 ex
1536 1311 1579 1338 his
1596 1311 1698 1345 verbis,
1716 1321 1724 1337 ι
1742 1312 1787 1339 \‘i-

989 1351 1087 1387 ditque
1107 1352 1207 1380 mulier
1225 1354 1353 1382 arborem
1371 1359 1399 1382 et
1417 1355 1451 1383 ad
1470 1363 1548 1383 esum
1569 1357 1741 1385 commodam
1758 1362 1786 1386 et

989 1402 1100 1433 aspectu
1120 1403 1226 1434 gratam
1242 1408 1251 1425 ›
1264 1399 1284 1434 ),
1308 1400 1357 1428 sed
1374 1408 1408 1429 eo
1432 1402 1581 1436 pertinent,
1599 1403 1672 1438 quod
1690 1411 1722 1431 eo
1737 1403 1787 1431 de-

992 1444 1062 1472 licto
1105 1445 1197 1474 omnis
1221 1446 1284 1473 mali
1311 1447 1523 1482 ignorationem,
1549 1457 1609 1484 qua:
1635 1450 1784 1478 nuditatem

991 1491 1044 1528 15
1059 1499 1171 1527 quoque
1184 1493 1224 1520 eis
1239 1493 1440 1522 indiderentem
1458 1494 1609 1530 redegerat,
1621 1496 1783 1525 amiserunt.

988 1538 1086 1566 Omnis
1108 1539 1181 1566 enim
1205 1540 1314 1572 oculus,
1333 1548 1396 1567 cum
1417 1540 1475 1575 ipse
1495 1548 1510 1567 a
1531 1549 1592 1569 sese
1612 1542 1783 1570 intellectum

141 1587 204 1615 καθ’
217 1586 313 1614 ἑαυτὸν
336 1585 418 1617 αὐτὸς
443 1585 494 1612 οὐκ
517 1584 584 1620 ἔχει.
601 1584 685 1612 Ὥστε
710 1585 842 1618 πολλάκις
864 1587 932 1622 πρὸς

989 1593 1044 1614 non
1064 1585 1170 1618 habeat,
1189 1593 1220 1613 ea
1234 1590 1274 1614 est
1288 1590 1388 1614 natura
1403 1591 1432 1614 ut
1448 1594 1461 1614 a
1477 1588 1583 1616 ratione
1597 1588 1629 1615 ad
1645 1589 1782 1623 obiectum

139 1635 222 1670 ιτερα
237 1635 286 1670 τῆς
303 1633 424 1665 διανοίας
436 1631 640 1668 ἀσχολουμένης
656 1632 758 1668 τυφλοῦ
771 1632 849 1669 δίκην
863 1642 934 1670 παρ-

139 1681 276 1717 ερχόμεθα
297 1680 382 1707 ἑνίοτε
400 1679 448 1706 καὶ
459 1678 505 1706 τδν
519 1679 589 1706 πάνυ
599 1677 749 1715 γνώριμον,
763 1680 810 1706 καὶ
823 1680 935 1708 ἐπειδὰν

139 1728 329 1762 ὲγιιληθῶμεν,
344 1727 376 1762 τῇ
387 1726 502 1761 ἀσχολία
514 1724 561 1752 τοῦ
576 1724 709 1760 λογισμοῦ
725 1726 756 1753 τὸ
766 1726 854 1754 αἴτιον
866 1727 933 1754 ἀνα-

137 1774 259 1805 τιθέντες
284 1771 503 1807 ἀπολογούμεθα.
523 1770 618 1806 Οὕτως
640 1771 687 1800 οὖν
710 1773 724 1799 ὸ
745 1772 831 1807 Ἀδὰμ
852 1772 900 1799 καὶ
915 1773 933 1808 ἡ

138 1818 196 1846 Εὕα
206 1820 240 1854 τῇ
267 1817 393 1854 αἰσθήσει
417 1816 465 1844 τοῦ
482 1817 528 1844 νοῦ
545 1819 614 1856 πρὸς
630 1818 682 1854 τὴν
710 1816 771 1853 δψιν
786 1818 933 1855 διηγέρθη-

140 1874 201 1894 σαν.
217 1865 254 1892 Τὸ
268 1864 334 1901 γὰρ,
351 1873 361 1891 ι
375 1864 497 1900 ἔγνωσαν
508 1865 549 1893 ὅτι
563 1865 663 1902 γυμνοὶ
677 1862 776 1901 ἦσαν,ι
792 1865 932 1892 ἀποκάλυ-

139 1912 186 1947 ψιν
202 1910 388 1947 σημαίνειτὴν
405 1911 590 1948 ἐγγενομένην
602 1911 641 1946 τῷ
654 1911 790 1947 λογισμῷ,
803 1911 853 1938 οὒκ
865 1911 932 1938 ἀνά-

140 1957 236 1993 6λεψιν
259 1956 419 1992 ὀφθαλμῶν.
435 1957 608 1992 Λεχθήσεται
632 1956 659 1983 δὲ
679 1957 800 1989 κάκεῖνο,
813 1957 854 1983 ’ότι
878 1957 932 1993 πρὸ

139 2004 187 2040 τῆς
203 2002 355 2035 ἀπειθείας,
370 2001 464 2037 ἐπειδὴ
480 2002 577 2037 καιρὸν
591 2002 642 2029 οὐκ
653 2000 711 2038 εἶχε
722 2001 758 2029 τὰ
768 2002 819 2038 τῆς
834 2003 932 2030 παιδο-

139 2050 241 2082 ποιίας,
255 2049 306 2076 οὐκ
317 2048 422 2075 ἐδέδοτο
446 2048 523 2084 παρὰ
537 2048 605 2075 Θεοῦ
623 2049 640 2084 ἡ
671 2049 865 2085 παρατήρησις
881 2050 932 2086 τῆς

137 2095 397 2132 γυμνώσεως,ἀλλὰ
426 2094 560 2122 διετέλουν
576 2095 615 2127 ὡς
640 2095 768 2131 ἄσαρκοι,
794 2096 931 2132 σαρκικῆς

137 2144 283 2175 διαθέσεως
301 2142 378 2170 οὔπω
394 2142 490 2178 καιρὸν
504 2141 622 2178 ἔχοντες.
647 2140 757 2178 Ἐπειδὴ
771 2143 798 2170 δὲ
811 2144 827 2178 ἠ
851 2143 931 2170 ἀπεί-

138 2190 198 2218 θεια
209 2188 387 2225 ὲπισυμὸἇσα
402 2189 432 2215 τὸ
450 2188 546 2224 θνητὴν
561 2188 732 2223 ἐπηγάγετο,
749 2188 864 2221 εἰκότως
873 2188 929 2216 λοι-

136 2235 187 2264 πὸν
208 2235 315 2272 ἐνεδόθη
344 2235 449 2267 τούτοις
477 2236 494 2270 ἡ
521 2234 590 2271 πρὸς
605 2235 739 2271 ἀλλήλους
761 2235 843 2267 αἰδώς
857 2241 866 2251 '
882 2235 928 2263 καὶ

988 1631 1062 1667 quod
1077 1631 1149 1659 videt
1165 1632 1312 1660 excitetur.
1329 1632 1421 1668 itaque
1436 1639 1625 1669 sa‘penumero
1640 1635 1781 1663 intellectu

988 1677 1050 1706 aliis
1066 1678 1148 1705 rebus
1161 1682 1296 1713 occupato
1312 1679 1394 1706 etiam
1410 1680 1569 1708 notissimos
1586 1680 1708 1709 homines
1724 1686 1782 1708 tan-

987 1732 1072 1759 quam
1092 1725 1157 1752 czeci
1178 1725 1363 1759 prmteritnus,
1380 1733 1467 1761 eoque
1492 1726 1602 1754 nomine
1624 1726 1781 1762 reprehensi

987 1770 1090 1806 rejecta
1107 1771 1133 1798 in
1152 1771 1253 1798 utentis
1272 1771 1483 1806 occupationem
1506 1780 1590 1800 causa
1613 1780 1662 1800 uos
1683 1781 1783 1808 purga—

987 1824 1060 1844 mus.
1077 1815 1123 1844 Sic
1140 1824 1205 1851 ergo
1222 1817 1347 1844 Adatnus
1364 1821 1390 1845 et
1407 1818 1462 1845 Eva
1480 1826 1563 1846 sensu
1581 1819 1680 1847 mentis
1695 1820 1727 1846 ad
1743 1819 1784 1848 vi-

987 1862 1094 1890 s'ionetn
1117 1858 1322 1889 excitabantur.
1342 1861 1410 1889 Nam
1429 1863 1496 1896 haec,
1522 1872 1531 1889 ι
1547 1870 1734 1899 cognoverunt
1752 1873 1782 1893 se

986 1907 1076 1935 nudos
1093 1915 1166 1941 esse,
1184 1917 1194 1933 ι
1208 1907 1418 1942 patefactionem
1437 1907 1602 1943 signiﬁcant,
1621 1917 1680 1945 qua:
1697 1911 1721 1936 in
1738 1918 1781 1937 ra-

986 1953 1060 1980 tione
1074 1953 1175 1985 evenit,
1191 1961 1246 1980 non
1264 1954 1407 1981 oculorum
1430 1955 1610 1990 apertionem.
1624 1955 1654 1983 ld
1671 1964 1781 1992 quoque

985 1997 1131 2026 dicendum
1157 1999 1249 2027 nobis.
1275 1999 1346 2027 Ante
1373 1999 1567 2033 defectionem,
1591 2009 1654 2029 eum
1684 2002 1778 2030 liberis

986 2045 1052 2073 dare
1071 2052 1182 2080 operam
1207 2045 1329 2072 nendum
1351 2045 1385 2073 iis
1407 2050 1483 2074 esset
1506 2048 1707 2082 tempestivum,
1724 2056 1779 2077 non

985 2090 1098 2119 dederat
1117 2090 1169 2119 hoc
1189 2091 1243 2119 illis
1259 2090 1331 2120 Deus
1347 2096 1376 2119 ut
1393 2092 1572 2120 nudationem
1589 2094 1713 2129 corporis
1731 2103 1778 2123 ca-

984 2141 1088 2170 verent,
1105 2137 1154 2164 sed
1176 2135 1309 2173 degebant
1332 2138 1415 2165 veluti
1441 2139 1533 2166 carnis
1552 2145 1688 2174 expertes,
1708 2149 1778 2168 non-

984 2182 1048 2210 dum
1069 2187 1225 2218 opportuno
1249 2183 1403 2212 aﬂ‘ectiouis
1427 2184 1548 2212 carnalis
1571 2191 1702 2221 tempore.
1723 2186 1777 2214 Sed

984 2233 1130 2265 postquam
1160 2230 1334 2258 contumacia
1359 2238 1557 2266 superveniens
1583 2232 1776 2260 mortalitatem

136 2283 296 2318 νενοήκασιν
312 2281 425 2318 ὕστερον
453 2281 508 2308 τῶν
521 2281 682 2317 ⁵σχημάτων
707 2282 757 2317 τὴν
785 2281 929 2318 διαφορὰν,

986 2275 1151 2308 introduxit,
1168 2276 1364 2304 convenienter
1378 2278 1406 2305 in
1423 2283 1563 2313 posterum
1579 2279 1619 2306 eis
1633 2279 1718 2306 indita
1733 2284 1776 2306 est

136 2329 376 2366 προθεωρηθεϊσαν
392 2328 430 2364 τῷ
439 2328 581 2364 πλάσματι
595 2328 665 2364 πρὸς
675 2328 705 2355 τὸ
716 2328 866 2363 ἀναγκαῖον
878 2330 928 2365 τῆς

137 2375 183 2402 τοῦ
198 2376 294 2409 γένους
310 2374 448 2410 διαδοχῆς.
469 2374 517 2401 Ἐκ
532 2374 641 2409 φύλλων
655 2374 684 2401 δὲ
701 2374 785 2410 συκῆς
794 2374 928 2410 ἐποίησαν

136 2419 241 2452 ἑαυτοῖς
255 2419 444 2455 περιζώματα,
458 2420 652 2455 αἰνιττομένων
669 2419 715 2446 διὰ
728 2419 773 2446 τοῦ
785 2419 866 2452 ξύλου
882 2419 928 2446 τὸν

134 2467 235 2503 τρόπον
245 2467 295 2501 τῆς
309 2466 500 2502 κακοπραγίας
512 2475 519 2483 ·
535 2466 574 2498 ὡς
588 2465 642 2502 γὰρ
656 2465 721 2501 ἡδὺς
735 2466 748 2492 ὁ
762 2465 866 2502 καρπὸς
878 2465 927 2501 τῆς

135 2515 233 2550 συκῆς,
253 2513 339 2550 τραχὺ
359 2513 388 2541 δὲ
415 2513 463 2540 καὶ
477 2513 643 2549 πικρότατον
663 2513 693 2539 τὸ
716 2512 825 2549 φύλλον.
855 2512 927 2540 οὕτω

134 2562 208 2589 πᾶσα
233 2560 356 2597 ἁμαρτία
375 2560 405 2587 ἐν
426 2560 475 2595 μὲν
501 2561 535 2595 τῇ
564 2559 663 2595 πράξει
684 2559 822 2586 δείκνυται
837 2558 925 2594 ἡδεῖα,

135 2610 204 2644 μετὰ
219 2607 247 2635 δὲ
257 2606 344 2634 ταῦτα
369 2606 468 2642 ὀδύνην
488 2606 603 2642 παρέχει
617 2606 656 2641 τῷ
680 2606 844 2641 πεπραχότι.
857 2605 926 2641 Περὶ

134 2653 162 2680 δὲ
177 2654 231 2679 τῶν
246 2651 418 2688 δερματίνων
429 2652 552 2688 χιτώνων
569 2651 652 2686 φησὶν
662 2652 677 2678 ό
685 2651 808 2686 θεολόγος
820 2651 926 2687 Γρηγό-

135 2708 191 2734 ριος
211 2700 253 2726 ὅτι
267 2698 366 2735 θνητὸν
385 2698 469 2726 αὐτὸν
499 2698 660 2733 ἀπεφήνατο
672 2699 687 2725 ό
700 2698 768 2731 Θεὸς
781 2699 925 2734 νεκράτητι

135 2745 314 2781 περιὸάλλων.
331 2745 418 2773 Τοῦτο
428 2745 483 2780 γὰρ
492 2745 516 2771 oi
529 2743 687 2780 δερμάτινοι
701 2743 815 2780 χιτῶνες
825 2743 925 2780 σημαί-

133 2799 174 2817 νει
188 2791 242 2818 ἀπὸ
264 2791 312 2819 τοῦ
326 2791 405 2825 λόγου
421 2791 473 2826 τῆς
488 2790 543 2818 τῶν
562 2789 641 2822 ζώων
660 2789 835 2825 νεκρότητος,
849 2790 925 2822 ὅπως

132 2836 176 2863 διὰ
187 2836 235 2872 τῆς
244 2836 348 2869 λύσεως
364 2836 412 2864 τοῦ
431 2836 557 2872 σώματος
573 2836 621 2864 καὶ
632 2837 683 2873 τῆς
699 2835 789 2871 ὅψεως
800 2837 817 2872 ἡ
832 2836 925 2873 ἁμαρ-

131 2883 177 2910 τία
189 2883 262 2910 πᾶσα
273 2884 463 2920 σύτόπρεμνος
480 2883 630 2920 διαφθαρῇ.
650 2883 701 2910 Διὰ
714 2883 770 2919 γὰρ
781 2882 861 2910 τοῦτο
875 2883 923 2909 καὶ

133 2929 179 2957 τοῦ
192 2929 361 2966 Παραδιίσου
374 2930 544 2965 ἐκϐάλλεται,
564 2930 607 2958 ἵνα
637 2929 674 2965 μὴ
690 2931 723 2964 τῇ
749 2929 921 2963 αὖτεξουσιό-

979 2327 1075 2350 mutua
1096 2322 1281 2356 verecundia;
1309 2330 1340 2350 ac
1360 2325 1507 2359 postmodo
1521 2324 1778 2352 animadverterunt

979 2367 1128 2403 ﬁgurarum
1146 2366 1345 2400 diversitatem,
1364 2367 1422 2402 jam
1442 2373 1505 2396 ante
1519 2369 1658 2404 provisam
1674 2370 1700 2396 in
1717 2371 1777 2405 ipso

978 2411 1107 2448 ﬁgmento
1121 2411 1157 2440 ob
1174 2411 1281 2447 generis
1299 2413 1466 2448 propagandi
1481 2414 1684 2441 necessitatem.
1704 2414 1777 2442 Sub-

979 2457 1095 2493 ligacula
1127 2462 1217 2485 autem
1236 2458 1287 2486 sibi
1305 2458 1430 2486 fecerunt
1457 2467 1489 2486 ex
1510 2459 1618 2487 ﬁculnis
1635 2459 1719 2493 foliis,
1736 2461 1776 2488 rei

978 2503 1049 2531 male
1068 2508 1152 2539 gesta:
1173 2503 1284 2531 modum
1308 2511 1342 2531 ex
1362 2503 1422 2539 ejus
1443 2504 1549 2531 arboris
1577 2508 1674 2532 natura
1695 2506 1774 2540 quasi

977 2557 1028 2586 per
1048 2551 1177 2586 ambages
1201 2550 1389 2578 indicantibus
1414 2558 1420 2576 :
1446 2551 1679 2587 quemadmodum
1702 2553 1776 2580 enim

977 2596 1086 2625 fruetus
1103 2596 1171 2624 ﬁcus
1188 2596 1276 2624 dulcis
1287 2600 1340 2628 est,
1359 2596 1454 2624 folium
1470 2604 1596 2632 asperum
1613 2601 1640 2625 ct
1654 2598 1773 2627 amaris-

977 2643 1088 2677 simum,
1105 2642 1146 2671 sic
1163 2649 1244 2670 omne
1264 2647 1409 2677 peccatum
1434 2644 1570 2672 actionem
1593 2644 1702 2679 quidem
1722 2645 1774 2672 ha-

977 2689 1041 2718 bere
1058 2688 1210 2724 jucundam
1225 2689 1392 2722 ostenditur,
1413 2695 1509 2725 pastea
1525 2697 1589 2719 vero
1604 2691 1727 2719 dolorem
1746 2691 1773 2719 ei

975 2735 1023 2772 qui
1040 2736 1163 2771 peccavit
1176 2735 1265 2763 aﬁ'ert.
1279 2735 1318 2763 De
1348 2735 1470 2771 pelliceis
1483 2744 1567 2772 porro
1588 2736 1692 2765 tunicis
1706 2736 1774 2765 Gre-

977 2781 1072 2816 gorius
1083 2780 1242 2816 Theologus
1257 2780 1350 2813 sentit,
1363 2781 1448 2809 Deum
1464 2782 1500 2809 ita
1516 2782 1708 2810 mortalitatem
1722 2781 1773 2809 ho-

976 2826 1058 2853 minis
1079 2826 1246 2859 declarasse,
1271 2826 1395 2854 mortalis
1414 2827 1514 2855 exuvio
1539 2835 1600 2856 eum
1626 2827 1770 2855 amiciens.

976 2870 1033 2899 Hoc
1054 2870 1105 2906 15
1125 2871 1197 2899 enim
1220 2871 1343 2906 pellicem
1366 2872 1470 2900 tunica:
1488 2873 1644 2908 designant.
1664 2872 1770 2900 ratione

975 2918 1010 2946 ab
1032 2918 1192 2946 animalium
1220 2919 1396 2957 mortalitate
1416 2919 1508 2951 ducta,
1535 2923 1563 2946 ut
1588 2918 1767 2948 dissolutione
