2007 3156
258 165 294 198 39
901 163 1070 196 GEORGII
1088 159 1258 192 CEDRENI

1854 164 1892 195 40

257 219 383 255 corporis
399 227 430 247 ac
447 219 522 247 risus
537 218 681 246 abolitione
694 223 774 244 omne
791 220 934 251 peccatum
953 217 1043 244 fundi-

1099 223 1160 249 τητι
1175 213 1344 249 κεχρημένος
1355 212 1426 250 λάϐῃ
1441 213 1487 240 τοῦ
1505 212 1582 246 ξύλου
1594 213 1644 249 τῆς
1659 215 1732 250 ζωῆς
1749 215 1797 242 καὶ
1811 217 1893 254 γένη-

258 270 304 293 tus
324 267 474 293 abolentur.
489 268 575 299 Atque
595 264 629 291 ob
649 263 719 290 hanc
735 270 846 289 causam
861 263 944 290 etiam
962 263 1046 289 Para-

1101 270 1146 288 ται
1166 261 1196 287 τὸ
1209 261 1292 287 κακὸν
1303 260 1447 288 ἀθάνατον.

259 313 320 340 diso
337 312 489 346 expellitur,
508 310 676 336 nelibertate
694 308 844 336 voluntatis
854 312 933 336 utens
955 316 1065 336 manum
1082 308 1155 342 ligno
1170 308 1231 334 vitae
1248 307 1385 343 injiceret,
1401 307 1559 343 malumque
1573 307 1612 335 ita
1631 308 1784 336 immortale
1802 310 1890 337 fieret.

298 371 413 397 Satanas
429 369 600 395 llebrmnrum
616 366 708 402 lingua
726 365 895 393 desertorem
913 365 1049 401 signiﬁcat

261 423 287 444 ct
310 416 505 443 adversarium.
528 413 664 440 Diabolus
691 420 706 439 a
730 412 868 439 calumnia
893 412 1048 447 appellatur

260 463 370 494 Gut-cis,
383 470 434 496 qua
453 461 536 488 Deum
553 459 587 487 ab
602 459 761 487 hominibus
775 458 951 486 abalienavit.

293 521 394 548 Cainns
415 520 521 554 primus
543 519 615 546 inter
636 519 760 546 homines
776 517 912 545 homicida
929 517 1047 550 exstitit,

258 567 411 594 Lainechus
427 566 567 594 secundus
582 574 589 592 :
603 565 651 600 qui
663 565 731 592 duas
745 572 846 592 uxores
862 565 938 592 duxit
953 568 980 591 et
993 564 1047 591 duo

257 611 408 640 homicidia
427 611 502 639 fecit.
521 612 569 638 Vir
586 615 676 639 autem
694 616 721 638 et
740 611 901 638 adolescens
919 618 990 646 quos
1005 611 1048 638 in.

199 650 203 654 ’
257 657 376 689 terfecit,
393 657 496 684 Enochi
510 656 620 684 fuerunt
645 656 754 688 fratres,
791 656 836 691 qui
859 660 937 684 certa
963 657 1048 691 impe-

255 703 346 730 trandi
358 703 456 730 fiducia
470 703 552 730 Deum
571 707 699 737 precatus
716 711 748 730 ne
761 703 841 730 talem
858 710 940 738 porto
955 703 1047 730 videre

256 755 351 776 necem
367 747 667 783 cogeretur,exauditus
678 752 705 774 et
720 755 734 775 e
751 752 823 775 terra
837 748 1045 775 translatusest.

292 804 394 831 Abelus
416 803 551 839 justitiam
568 804 652 832 coluit
671 805 751 832 :ideo
771 805 850 832 aiunt
863 805 1047 842 cadaverejus

254 858 272 877 ο
288 856 436 885 conspectu
465 851 606 883 hominum
628 851 765 878 Sublatnm
787 851 884 884 fuisse,
907 859 961 887 quo
985 857 1049 888 post

258 898 347 930 ipsum
374 897 448 931 juste
461 897 559 924 victuri
590 899 616 924 in
643 897 741 925 bonam
765 905 841 933 spem
870 903 1046 926 vocarentur.

253 942 359 970 Cainus
381 943 488 978 primus
513 947 635 970 aratrum
659 944 774 977 invenit,
789 945 940 980 urbemque
967 944 1046 972 Enon

1137 365 1197 391 ’Ότι
1209 365 1222 391 ὀ
1236 365 1357 397 Σατανᾶς
1369 365 1440 392 κατὰ
1450 365 1499 401 τὴν
1512 365 1566 392 τῶν
1575 365 1709 401 Ἐὃραῐων
1720 366 1811 402 φωνὴν
1824 367 1879 393 ἀπο

1101 411 1202 445 στὰτης
1215 411 1322 445 λέγεται
1335 413 1382 438 καὶ
1397 412 1594 447 ἀντικείμενος⁹
1607 412 1728 444 διάϐολος
1749 412 1778 440 δὲ
1790 412 1828 444 ὥς
1843 413 1890 439 τὸν

1099 458 1165 484 Θεδν
1188 458 1256 492 πρὸς
1276 458 1339 489 τοὺς
1360 457 1520 492 ἀνθρώπους
1538 459 1747 494 συκοφαντήσας
1766 457 1888 493 εἴρηται.

1136 515 1197 541 Ὅτι
1211 515 1224 541 ὸ
1235 515 1306 542 Κάῖν
1322 516 1351 541 ἐν
1367 514 1524 550 ἀνθρώποις
1537 516 1644 550 πρῶτος
1656 514 1753 549 φονεὺς
1766 515 1888 548 ἐγένετο,

1098 561 1224 597 δεύτερος
1244 561 1272 588 δὲ
1291 563 1305 587 ὁ
1319 561 1426 596 Λάμεχ,
1443 560 1491 588 δύο
1501 562 1633 595 γυναῖκας
1658 559 1760 592 λαϐὼν,
1775 560 1824 587 καὶ⁸
1840 559 1889 586 δύο

1099 607 1195 641 φόνους
1208 607 1324 633 ὲτέλεσε.
1335 606 1424 638 Οὓςὸὲ
1438 607 1554 639 ἀνεῖλεν,
1566 606 1651 641 ἀνδρα
1663 606 1711 632 καὶ
1729 605 1893 636 νεανίσκον,ι

1098 653 1208 688 ἀδελφοὶ
1229 651 1299 688 ἦσαν
1327 652 1374 679 τοῦ
1408 651 1505 687 Ἑνὼχ,
1519 652 1549 683 ὃς
1564 654 1611 678 καὶ
1626 651 1718 678 πίστει
1738 651 1890 686 προσευξά-

1099 709 1180 736 μενος
1192 699 1239 726 τοῦ
1274 699 1311 735 μὴ
1327 699 1390 727 ίδεῖν
1405 699 1446 726 ἔτι
1460 698 1579 726 τοιοῦτον
1601 698 1727 731 θάνατον,
1741 697 1889 730 ἀκουσθείς

1101 745 1244 782 μετετέθη.

1134 803 1176 840 [Ρ.
1193 803 1222 840 8]
1236 804 1299 831 Ὀτι
1314 803 1398 830 Ἀΰελ
1417 803 1591 839 δικαιοσύνης
1608 803 1750 837 ἐφρόντιζε
1763 809 1770 818 ⁸
1787 802 1827 829 διὸ
1837 802 1888 830 καὶ

1098 851 1129 878 τὺ
1147 851 1226 885 σῶμα
1241 849 1324 877 αὐτοῦ
1336 850 1419 884 φασὶν
1431 850 1533 884 ἀφανὲς
1557 850 1708 884 γεγονέναι,
1724 850 1781 881 τοῖς
1810 850 1889 884 μετὲ-

1100 904 1181 923 πειτα
1196 895 1311 927 δικαίοις
1319 895 1426 930 ἀγαθὰς
1442 895 1551 926 ἐλπίδας
1559 895 1717 929 ὑποφαῖνον.
1737 894 1767 922 '0
1779 895 1808 922 δὲ
1818 896 1887 922 Κάῖν

1099 942 1207 977 πρῶτος
1219 942 1333 978 ἄροτρον
1347 939 1420 977 εὗρε,
1441 941 1488 969 καὶ
1505 941 1582 968 πόλιν
1599 941 1690 968 ἔκτισε
1704 941 1750 968 ἐπὶ
1766 940 1805 976 τῷ
1826 942 1885 968 ὀνό-

257 991 313 1018 lilio
324 998 375 1018 suo
392 991 584 1026 cognominem
594 991 727 1018 condidit.
745 991 818 1018 ldem
839 996 901 1026 post
928 991 1043 1019 damna-

1099 997 1163 1023 ματι
1179 987 1226 1015 τοῦ
1238 988 1296 1015 υίοῦ
1315 987 1396 1015 αὐτοῦ
1427 987 1513 1016 Ενών.
1525 987 1580 1014 Καὶ
1597 988 1638 1014 ὅτι
1652 988 1722 1023 μετὰ
1737 987 1787 1024 τὴν
1801 996 1882 1015 κατα-

257 1037 358 1064 tionem
383 1042 476 1071 raptor
503 1036 555 1063 fuit
573 1040 600 1064 et
625 1037 722 1064 alienis
736 1036 816 1064 bonis
832 1037 964 1069 inbiavit;
989 1038 1046 1073 pri-

256 1089 373 1118 musque
389 1089 533 1110 mensuras
545 1087 572 1110 et
583 1082 702 1118 pondera
710 1087 737 1110 ct
752 1083 853 1110 limites
868 1083 1045 1118 excogitavit,

256 1135 376 1163 suosque
392 1128 418 1155 in
437 1136 522 1155 unum
540 1129 690 1156 conductos
704 1129 776 1156 bello
794 1136 905 1164 operam
922 1129 1047 1156 daredo-

256 1175 324 1201 cuit.
343 1173 416 1200 Idem
433 1173 467 1200 ab
477 1181 510 1201 eo
525 1179 646 1209 tempore
654 1182 709 1210 quo
724 1182 785 1202 eum
799 1174 870 1203 Deus
887 1181 1047 1204 exsecratus

256 1224 309 1252 est,
325 1220 435 1247 humilis
445 1219 507 1252 fuit,
523 1227 672 1255 onmesqne
685 1221 719 1248 ab
735 1228 768 1248 eo
779 1221 913 1256 prognati.
933 1222 1045 1249 Terram

257 1270 348 1294 autem
370 1266 486 1294 incoluit
497 1275 558 1301 qua-
577 1271 699 1294 tretnens
710 1271 792 1295 estet
807 1267 930 1302 humilis,
947 1268 1045 1295 Atlami

258 1313 385 1340 mandato
398 1320 412 1339 a
425 1312 501 1340 Sethi
521 1313 649 1348 progenie
669 1318 824 1348 separatus.
835 1313 949 1341 Cainum
972 1314 1045 1342 hunc

254 1357 342 1386 Parva
358 1359 484 1392 Genesis,
502 1367 563 1394 qtue
584 1358 650 1386 Mosi
664 1359 834 1392 inscribitur,
850 1360 930 1387 ruina
948 1359 1045 1388 domus

257 1412 315 1432 sum
348 1413 511 1439 oppressum
528 1406 612 1432 vitam
631 1405 751 1433 ﬁnivisse
781 1406 876 1433 tradit.
895 1405 1044 1441 Lapidibus

256 1451 329 1477 enim
360 1451 472 1479 fratrem
515 1459 594 1478 suum
621 1451 735 1479 Abelum
765 1457 911 1480 necaverat
929 1460 936 1478 :
953 1452 1045 1488 itaque

256 1497 315 1532 ipse
331 1505 443 1532 quoque
459 1497 598 1534 lapidibus
612 1503 655 1526 est
669 1497 841 1526 interfectus.

294 1555 347 1591 16
362 1553 461 1582 Sethus
487 1555 593 1589 Adami;
607 1555 708 1583 tertius
722 1554 796 1582 filius
810 1558 980 1587 recensetur,
996 1555 1044 1590 qui

256 1608 388 1636 germana
404 1609 499 1629 sorore
514 1609 573 1634 sua,
591 1601 634 1629 cui
649 1609 749 1629 nomen
764 1602 894 1634 Asuama,
912 1600 940 1628 in
951 1601 1046 1629 matri-

1097 1036 1175 1071 δίκην
1202 1035 1295 1071 ἃρπαξ
1319 1036 1366 1062 καὶ
1391 1035 1559 1069 πλεονέκτης
1576 1034 1702 1068 ἐγένετο,
1728 1034 1814 1071 μέτρα
1838 1036 1884 1061 καὶ

1099 1082 1206 1117 σταθμὰ
1219 1082 1266 1108 καὶ
1281 1081 1359 1116 ὅρους
1376 1081 1427 1116 γῆς
1439 1080 1547 1116 πρῶτος
1569 1081 1725 1115 ἐπινοήσας,
1747 1081 1794 1108 καὶ
1823 1081 1884 1112 τοὺς

1097 1127 1212 1159 οἰκείους
1226 1127 1265 1160 είς
1279 1127 1308 1153 ἒν
1324 1127 1485 1162 συναγαγὼν
1501 1128 1529 1154 ὲν
1553 1126 1683 1162 πολέμοις
1708 1126 1883 1162 ἀσχολεῖσθαι

1099 1172 1248 1202 ἐδίδασκεν.
1268 1169 1352 1205 οὗτος
1373 1173 1511 1208 χθαμαλὸς
1522 1171 1556 1208 ἦν
1568 1173 1621 1200 ἀπὺ
1635 1173 1686 1208 τῆς
1701 1174 1823 1209 κατάρας
1835 1173 1884 1200 τοῦ

1097 1218 1177 1252 Θεοῦ,
1193 1219 1240 1245 καὶ
1257 1219 1357 1250 πάντες
1380 1220 1404 1245 oi.
1419 1219 1449 1251 ἐξ
1471 1219 1553 1246 αὑτοῦ
1576 1220 1728 1254 γενόμενοι.
1760 1220 1838 1255 ᾯκει
1855 1219 1885 1246 δὲ

1097 1265 1147 1299 τὴν
1163 1265 1226 1300 γῆν,
1239 1266 1300 1300 ἣτις
1315 1266 1373 1292 ἐστὶ
1395 1265 1541 1300 τρέμουσα,
1559 1265 1703 1301 χθαμαλὴν
1732 1265 1814 1292 οὖσαν
1835 1275 1884 1292 κε-

1097 1311 1268 1347 χωρισμένος
1289 1311 1420 1347 ὑπάρχων
1437 1312 1491 1338 ἀπὸ
1506 1312 1556 1347 τῆς
1570 1311 1617 1338 τοῦ
1632 1312 1685 1346 Σὴθ
1701 1313 1797 1346 γενεᾶς
1811 1313 1883 1339 κατά

1096 1356 1244 1393 πρόσταξιν
1271 1357 1319 1384 τοῦ
1338 1358 1434 1393 Ἀδάμ.
1452 1354 1535 1390 Οὗτος
1560 1358 1666 1391 όΚάῖν,
1693 1358 1732 1390 ὡς
1747 1359 1765 1394 ἡ
1790 1359 1885 1394 Λεπτὴ

1100 1403 1222 1435 Μωσέως
1238 1404 1257 1430 Γ
1260 1404 1455 1439 ένεσιςεφησὶν,
1474 1404 1523 1439 τῆς
1548 1404 1652 1436 οἰκείας
1677 1404 1814 1439 πεσούσης
1841 1405 1884 1431 ἐπ’

1096 1449 1177 1476 αὑτὸν
1190 1449 1302 1485 τελευτᾷ
1319 1458 1326 1465 ·
1341 1449 1426 1482 λίθοις
1443 1450 1497 1485 γὰρ
1521 1449 1567 1476 τὸν
1587 1450 1701 1485 ἀδελφὸν
1723 1451 1808 1477 ’Δὸελ
1828 1451 1882 1479 ἀπ-

1098 1495 1214 1528 έκτεινε,
1227 1496 1275 1523 καὶ
1287 1495 1371 1527 λίθοις
1388 1496 1488 1531 ὁμοίως
1501 1496 1549 1522 καὶ
1561 1496 1641 1527 αὐτὸς
1655 1496 1827 1531 ἀπεκτάνθη.

1133 1552 1194 1580 Ὀτι
1229 1553 1243 1579 ὁ
1269 1552 1323 1587 Σὴθ
1356 1552 1447 1588 τρίτος
1471 1553 1529 1584 υίὸς
1557 1552 1760 1588 ἀναγέγραπται
1787 1551 1885 1588 ’Δδάιυ

1097 1598 1127 1630 ὃς
1172 1597 1221 1634 τὴν
1265 1597 1334 1625 ίδίαν
1383 1598 1502 1633 ἀδελφὴν
1551 1598 1671 1634 Ἀσουὰμ
1712 1599 1885 1634 καλουμένην

258 1647 381 1673 iuonium
398 1646 480 1674 ducta
513 1646 634 1674 Enosum
654 1647 820 1682 procreavit.
841 1647 918 1675 Sethi
937 1654 1037 1676 nomen

1099 1644 1190 1680 γήμας
1224 1643 1354 1679 ἐγέννησε
1397 1643 1442 1670 τὸν
1473 1643 1567 1675 Ἐνώς.
1610 1644 1740 1679 Σημαίνει
1772 1643 1801 1671 δὲ
1829 1643 1886 1681 Σὴθ

257 1691 459 1719 restitutionem
482 1696 568 1719 notat.
588 1693 658 1720 Deus
681 1700 790 1727 quoque
803 1692 873 1719 idem
888 1693 1042 1727 appellatus

256 1741 308 1768 est.
325 1737 360 1764 ob
374 1737 546 1772 splendorem
574 1737 665 1770 faciei,
680 1746 760 1773 quem
775 1745 823 1773 per
839 1746 947 1766 omnem
960 1738 1042 1766 vitam

257 1782 364 1810 habuit.
392 1782 449 1816 Qua
475 1784 563 1818 gratia
592 1783 674 1811 etiam
692 1783 783 1811 Moses
802 1783 932 1818 praeditus
953 1784 1041 1811 velata

258 1829 327 1856 facie
340 1836 402 1856 cum
418 1828 519 1857 Judaais
536 1829 934 1866 loquebatur""quadraginta
951 1831 1040 1859 annis.

255 1875 328 1904 Idem
345 1876 443 1904 Sethus
458 1882 560 1912 septem
576 1877 735 1905 errantibus
765 1878 864 1911 stellis,
880 1876 966 1905 Grmci
984 1879 1044 1913 pta-

255 1929 333 1951 netas
345 1928 452 1956 vocant,
464 1924 574 1951 nomina
594 1923 724 1958 imposuit
736 1932 744 1957 ;
760 1924 968 1960 ctelestiumque
977 1932 1043 1953 con-

256 1970 413 1997 versionntn
430 1970 573 1997 scientiam
591 1970 770 2005 excogitavit,
788 1971 981 2006 quamduabus
996 1978 1044 1999 co-

255 2015 368 2048 lumnis,
386 2015 500 2050 lapidea:
513 2015 652 2048 uni,alteri
664 2016 799 2049 lateritiat,
811 2016 960 2051 inscripsit.
972 2016 1044 2045 Pric-

257 2061 361 2088 sciebat
380 2061 453 2088 enim
464 2061 584 2089 universi
597 2062 746 2095 interitum,
757 2070 836 2098 quem
851 2063 873 2090 si
882 2070 951 2098 aqua
964 2063 1044 2091 affer-

258 2111 309 2140 ret,
328 2107 461 2142 lapideam
484 2112 687 2142 superaturam,
711 2108 752 2135 sin
778 2109 860 2143 ignis,
882 2108 1042 2142 lateritiam;

255 2159 339 2189 atque
352 2155 422 2183 hanc
433 2155 582 2182 etiamnum
597 2160 703 2183 exstare
717 2155 743 2182 in
760 2155 849 2184 Sirido
860 2161 952 2185 monte
964 2156 1044 2184 Jose-

255 2201 327 2236 phus
336 2205 462 2228 testatur.
472 2200 543 2229 Idem
555 2201 653 2229 Sethus
660 2201 914 2231 Hebraicaslitteras
923 2203 1045 2230 conscri-

255 2247 320 2282 psit.
332 2246 400 2274 Nam
416 2247 603 2275 ducentesimo
615 2248 754 2284 trigesimo
764 2249 860 2276 Adatni
874 2257 946 2276 anno
962 2252 1043 2276 natus

254 2297 296 2320 est
310 2301 317 2320 :
340 2300 456 2328 cumque
469 2298 543 2321 esset
556 2301 690 2322 annorum
705 2295 859 2328 duodecim,
873 2295 1041 2327 ablactatus;

1099 1691 1285 1723 ἐξανάστασιν.
1326 1690 1477 1726 Ὠνομάσθη
1519 1690 1548 1717 δὲ
1582 1691 1630 1718 καὶ
1659 1691 1724 1724 Θεὸς
1756 1691 1801 1719 διὰ
1834 1692 1886 1728 τὴν

1097 1739 1200 1775 λάμψιν
1236 1739 1284 1766 τοῦ
1315 1738 1462 1773 προσώπου
1489 1738 1589 1770 αὑτοῦ,
1614 1739 1648 1774 ῆν
1675 1738 1754 1774 ἔσχεν
1782 1739 1811 1765 ὲν
1835 1739 1885 1775 ὅλῃ

1097 1785 1179 1813 αὑτοῦ
1210 1787 1243 1822 τῇ
1266 1786 1334 1821 ζωῇ.
1369 1785 1477 1821 Ταύτην
1503 1785 1531 1812 δὲ
1561 1785 1611 1821 τὴν
1645 1785 1725 1820 χάριν
1744 1784 1792 1811 καὶ
1820 1785 1886 1812 Μω-

1099 1832 1149 1867 σῆς
1190 1832 1285 1868 ἔχων,
1320 1831 1351 1858 τὸ
1391 1831 1523 1866 κάλυμμα
1553 1830 1639 1862 τιθεὶς
1686 1829 1783 1864 ὡμίλει
1829 1831 1886 1862 τοὶς

1103 1877 1249 1909 Ἰουδαίοις.
1290 1876 1352 1904 Ἐπὶ
1397 1876 1504 1911 χρόνοις
1543 1874 1747 1909 τεσσαράκοντα
1782 1874 1884 1909 (24),

1095 1925 1151 1956 τοϊς
1165 1932 1195 1950 τε
1209 1923 1281 1951 ἑπτὰ
1299 1922 1450 1957 πλανήταις
1465 1921 1584 1957 ὀνόματα
1601 1921 1743 1953 τεθεικώς,
1762 1921 1810 1947 καὶ
1835 1919 1885 1955 τὴν

1094 1971 1150 1998 τῶν
1165 1970 1298 2006 οὐρανίων
1309 1970 1442 2005 κινήσεων
1468 1968 1566 2004 σοφίαν
1591 1967 1733 2003 ἐπενόησε.
1752 1967 1807 1994 Καὶ
1819 1967 1884 2002 στή-

1095 2017 1143 2048 λας
1163 2016 1219 2049 δύο,
1237 2015 1342 2051 λιθίνην
1372 2023 1402 2042 τε
1428 2015 1475 2042 καὶ
1502 2014 1655 2049 πλινθίνην,
1674 2013 1885 2044 κατασκευάσας

1095 2063 1155 2090 ἐκεῖ
1168 2061 1254 2090 ταῦτα
1269 2061 1398 2098 ἔγραψεν,
1414 2060 1492 2092 εἰδὼς
1507 2060 1558 2095 τὴν
1587 2059 1634 2085 τοῦ
1650 2057 1752 2089 παντὸς
1779 2057 1883 2093 φθορὰν

1096 2109 1144 2135 καὶ
1164 2108 1201 2139 ὡς
1217 2109 1241 2134 εἰ
1257 2108 1307 2142 μὲν
1329 2107 1360 2138 ἐξ
1375 2107 1468 2137 ὕδατος
1479 2104 1603 2140 γενηται,
1619 2103 1668 2138 τὴν
1683 2103 1785 2139 λιθίνην
1801 2103 1885 2134 σώζε-

1096 2155 1169 2187 σθαι,
1183 2156 1207 2181 εί
1218 2155 1246 2180 δε
1261 2154 1305 2181 διὰ
1315 2152 1413 2188 πυρὸς,
1433 2151 1482 2186 τὴν
1501 2150 1640 2184 πλινθίνην
1656 2158 1662 2165 ·
1684 2150 1744 2184 ἥτις
1757 2149 1883 2183 σώζεται,

1095 2202 1132 2233 ῶς
1153 2199 1283 2234 Ἰώσηπος
1298 2197 1440 2234 μαρτυρεῖ.
1455 2197 1495 2228 εἰς
1514 2196 1544 2223 τὸ
1558 2195 1662 2231 Σίριδον
1674 2195 1747 2231 ὅρος,
1760 2195 1813 2226 ἕως
1835 2195 1884 2222 καὶ

1094 2247 1154 2274 νῦν.
1177 2243 1261 2277 Οὗτος
1293 2245 1392 2271 καὶτὰ
1423 2243 1556 2278 Ἑϐραϊκὰ
1572 2243 1723 2278 γράμματα
1751 2242 1885 2276 συνεγρά-

1095 2293 1177 2329 ψατο.
1199 2291 1245 2327 Τῷ
1275 2291 1330 2326 γὰρ
1359 2289 1538 2325 διακοσιοστῷ
1567 2287 1722 2325 τριακοστῷ
1749 2288 1804 2314 ἔτει
1834 2287 1881 2313 τοῦ

254 2347 382 2374 annoque
406 2340 503 2367 Adami
533 2349 617 2376 supra
655 2341 872 2369 ducentesimum
898 2345 1042 2377 septuage-

1102 2339 1188 2374 Ἀδὰμ
1205 2337 1336 2372 ἐγεννήθη
1348 2337 1362 2362 ὀ
1379 2335 1442 2372 Σὴθ,
1462 2335 1509 2362 καὶ
1526 2335 1671 2370 γενόμενος
1684 2333 1752 2360 ἐτῶν
1778 2332 1884 2359 δώδεκα

255 2386 325 2414 simo
347 2391 441 2421 raptus
454 2387 488 2415 ab
508 2390 605 2422 angelo
620 2388 743 2416 imbutus
757 2392 798 2415 est
825 2388 985 2423 cognitione
996 2387 1040 2414 tu-

255 2435 323 2458 turae
352 2439 464 2460 suorum
489 2439 662 2468 posterorum
693 2433 853 2468 impietatis,
884 2433 931 2468 qui
959 2433 1040 2460 iidem

256 2481 409 2513 Egregores
437 2480 611 2514 appellantur
627 2483 653 2507 et
684 2479 734 2506 filii
762 2477 819 2510 Dei,
835 2485 867 2505 ac
898 2477 994 2504 diluvii
1015 2481 1044 2504 et

1097 2383 1322 2419 ἀπεγαλακτίσθη
1337 2391 1345 2399 ·
1362 2382 1410 2409 καὶ
1428 2381 1467 2416 τῷ
1490 2379 1671 2414 διακοσιοστῷ
1690 2377 1883 2412 ἐδδομηκοστῷ

1097 2430 1153 2456 ἔτει
1170 2429 1216 2456 τοῦ
1239 2428 1326 2462 Ἀδὰμ
1336 2429 1350 2455 ὁ
1362 2427 1414 2463 Σὴθ
1428 2425 1562 2462 ἀρπαγεὶς
1573 2425 1626 2452 ὑπὸ
1643 2423 1759 2458 ἀγγέλου
1775 2421 1882 2457 ὲμυάθη

1097 2475 1131 2502 τὰ
1146 2476 1210 2510 περὶ
1223 2475 1271 2510 τῆς
1289 2473 1470 2509 παραὸἀσεως
1487 2471 1617 2506 μέλλοντα
1629 2469 1739 2496 ἔσεσθαι
1751 2469 1806 2495 τῶν
1816 2467 1883 2495 υίῶν

826 2545 1005 2574 XYLANDRI
1024 2545 1069 2574 ET
1086 2544 1192 2574 GOARI
1212 2543 1327 2573 NOTAE.

290 2614 345 2651 (24)
374 2615 492 2651 Χρόνους
518 2617 676 2652 frequenter
704 2620 762 2644 loco
790 2616 921 2652 ενιαυτῶν
955 2617 1042 2652 ponit,

256 2652 328 2685 quod
348 2650 430 2680 facile
456 2658 499 2679 est.
528 2650 616 2679 cuivis
630 2651 787 2679 observare.
815 2650 868 2678 Sed
898 2650 963 2678 ante
985 2653 1042 2679 haec

253 2688 336 2713 verba
349 2687 428 2714 deest
454 2687 584 2721 aliquid:
614 2687 705 2721 itaque
733 2688 895 2715 asteriscum
920 2687 1041 2722 appinxi.

252 2721 332 2756 Apud
343 2722 495 2756 Josephum
513 2725 622 2749 nonest
635 2722 744 2750 Siridus
774 2730 866 2754 mons,
897 2724 944 2749 sed
958 2721 1043 2749 κατὰ

254 2757 303 2790 τὴν
334 2757 463 2791 Συριάδα,
489 2756 515 2783 in
530 2758 618 2792 Syria.
645 2757 796 2792 Egregores
820 2757 885 2792 quid
916 2757 1041 2785 vocabuli

256 2793 304 2822 sit,
319 2800 371 2818 non
387 2799 530 2824 assequar.
548 2793 585 2819 De
602 2798 764 2820 coruscante
781 2793 864 2820 Musis
895 2793 964 2820 facie
992 2800 1036 2820 res

255 2831 299 2853 εει
308 2839 340 2858 ex
357 2827 563 2858 sacl'isLilleris
575 2835 649 2861 nota,
660 2829 743 2857 Exild.
767 2828 884 2860 xxuv,"
910 2829 1035 2856 Corinth.

256 2870 299 2900 In,
315 2871 368 2894 etc.
387 2865 450 2894 Xu.
467 2865 550 2893 Filios
574 2865 641 2893 Seth
666 2864 720 2892 Deo
745 2865 868 2897 dilectos,
887 2865 957 2900 pius,
976 2872 1037 2899 pro-

1097 2623 1184 2648 ceros,
1197 2614 1344 2646 formosos,
1357 2612 1523 2644 sacerdotes,
1535 2615 1662 2649 natarum
1673 2609 1884 2649 Cain'cupidine

1095 2645 1201 2686 captos,
1221 2658 1328 2686 necnon
1343 2652 1504 2686 exortosex
1535 2645 1651 2686 profano
1661 2652 1724 2686 cum
1743 2645 1778 2671 iis
1798 2652 1884 2686 .coln-

1095 2679 1174 2722 pléxu
1191 2679 1436 2722 [ὥρισε-ϐροτείῳ
1451 2679 1593 2722 ἣγιιεέιιυε
1603 2679 1855 2722 νοεαιᾜγρῃγᾴρου
1874 2698 1884 2712 ,

1094 2715 1128 2749 ab
1146 2725 1259 2749 auctore
1277 2720 1366 2747 dictos
1375 2715 1571 2753 'jEypﬂyapaq,
1589 2722 1603 2741 a
1626 2715 1717 2753 panis
1745 2715 1809 2741 Selii
1838 2723 1883 2753 vi:-

1094 2762 1226 2794 nnstate:
1242 2755 1364 2794 ῌθσ-εὸης
1380 2751 1414 2794 ἦν
1426 2750 1446 2779 ‘6'
1460 2750 1519 2794 ,Σὴθ
1536 2753 1585 2794 καὶ
1607 2750 1803 2794 είὲθξάπλαοτοξ

1093 2793 1155 2827 δρα,
1175 2792 1222 2818 καὶ
1236 2792 1260 2817 οί
1274 2790 1304 2823 ἐξ
1319 2784 1402 2817 attito?)
1431 2784 1531 2818 πάντες
1560 2786 1682 2816 εὐσεὸεῖς
1713 2784 1761 2812 καὶ
1785 2784 1882 2821 ὡραῖαι

1091 2826 1172 2863 ἦσαν.
1189 2826 1276 2854 Con.
