2007 3156
142 217 178 250 57
689 218 958 250 HISTORIARUM
979 215 1245 249 COMPENDIUM.
1737 216 1772 248 5'5

143 281 231 304 νεται,
251 272 300 308 ἠδη
317 275 492 308 γεγηρακοτα
515 273 562 300 καὶ
576 272 834 309 ταλαιπωρήσαντα·
850 269 871 307 ᾧ
888 273 933 300 καὶ

988 267 1086 300 fertur.
1103 268 1185 300 Belus
1214 271 1286 300 ﬁlius
1314 272 1375 306 ejus
1395 271 1447 299 hoc
1473 278 1573 299 nomen
1592 269 1628 299 ob
1645 271 1671 300 id
1698 270 1773 307 quod

142 319 306 354 παραγωρεί
318 315 369 350 τῆς
387 317 526 352 βασιλείας
542 318 633 350 εὐθὺς,
661 318 707 345 καὶ
732 315 809 349 οὗτος
822 317 934 349 δυνατὸς

142 363 180 391 ὢν
200 364 268 391 ἄλλα
294 364 342 398 ἐτη
364 364 496 399 ἑξήκοντα
509 363 556 391 δύο
570 365 640 391 κατὰ
654 364 704 399 τὴν
726 364 842 391 Ἰταλίαν
856 363 934 399 βασι-

142 409 236 436 λεῦσαι
255 409 374 444 λέγεται.
394 409 477 445 Βῆλος
492 409 520 437 δὲ
544 409 559 434 ὁ
575 410 631 441 υίὸς
661 409 705 436 διὰ
722 410 752 436 τὸ
776 409 935 444 ὸξυκίνητος

143 452 214 481 εἶναι
237 451 324 486 οὕτως
350 455 451 489 ἐκλήθη
467 474 475 486 ,
506 455 553 481 καὶ
579 454 627 482 δύο
662 454 710 490 ἔτη
734 454 935 489 βεϐασιλευκὼς

150 500 301 534 ’Δσσυρίων
316 501 439 536 τελευτᾷ.
459 501 539 532 Νίνος
560 501 589 528 δὲ
603 502 617 528 ὁ
633 501 727 528 τούτου
742 501 814 533 θεῖος
829 501 935 535 ὲγκρα-

143 545 193 581 τὴς
210 545 358 581 γενόμενος
383 546 434 580 τῆς
460 546 547 581 ἀρχῆς
574 545 616 582 νβ’
639 546 686 581 ἔτη
707 546 762 573 τῶν
783 545 935 580 Ἀσσυρίων

143 590 328 618 ἐϐασίλευσεν.
360 591 408 618 Ἐκ
422 590 469 618 τοῦ
484 593 580 626 γένους
599 590 646 618 οὖν
663 591 743 619 αὑτοῦ
766 591 813 618 καὶ
828 590 936 627 Ζωροά-

145 645 228 671 στρης
247 636 262 661 ὀ
284 635 447 672 περιϐόητος
459 637 625 672 ἀστρονόμος
641 639 670 664 ὲν
685 637 804 672 Πέρσαις
821 637 934 672 γενόμε-

144 689 188 712 νος
204 680 305 716 ηὔξατο
319 681 372 707 ὑπὸ
387 682 473 717 πυρὸς
486 681 580 717 ἀερίου
595 682 800 718 κεραυνωθῆναι
813 682 859 708 καὶ
869 683 934 709 ὰνα-

143 726 274 761 λωθῆναι,
294 727 481 763 ἐντειλάμενος
494 731 549 760 τοῖς
567 729 686 764 Πέρσαις
700 728 734 754 τὰ
760 729 827 755 ὀστᾶ
850 729 934 755 αὑτοῦ

145 773 215 808 μετὰ
229 773 278 808 τὴν
302 773 400 800 καῦσιν
421 775 567 801 ἀναλαὸεῖν
595 776 642 802 καὶ
660 775 807 810 φυλάττειν
834 776 934 806 αὐτοὺς

144 819 195 846 καὶ
210 821 304 855 τιμᾷψ
324 821 371 847 καὶ
391 820 443 853 ἕως
467 818 508 853 οὗ,
526 822 612 857 φησὶ,
638 821 758 848 σώσεσθε
784 821 881 855 ταῦτα,
903 823 934 849 τὸ

143 864 278 899 βασίλειον
303 865 354 899 τῆς
378 865 456 900 ὑμῶν
480 866 572 902 χώρας
601 867 653 893 οὐκ
683 866 812 902 ἔκλείψει.
841 867 935 900 Οὕτως

142 909 189 940 οὖν
214 913 309 940 τούτου
334 915 402 948 πυρὶ
422 915 541 950 οὐρανίῳ
567 915 756 951 τεφρωθέντος
773 917 807 943 τὰ
819 915 934 952 λείψανα

146 959 230 986 αὑτοῦ
243 957 288 988 διὰ
303 957 388 997 τιμῆς
405 959 478 996 εἶχον
500 963 524 988 οἱ
539 962 659 998 Πέρσαι,
671 963 724 995 ἕως
738 962 834 990 τούτου
850 971 936 990 κατα-

142 1007 331 1042 φρονήσαντες
356 1009 404 1034 καὶ
427 1009 477 1043 τῆς
504 1008 643 1044 βασιλείας
673 1009 814 1042 ἐξέπεσον.
838 1011 934 1037 Τοίνυν

143 1053 213 1088 μετὰ
228 1053 310 1080 Νῖνον
323 1053 369 1080 τὸν
384 1053 430 1080 τοῦ
444 1055 505 1086 Διὸς
525 1054 639 1089 ἀδελφὺν
651 1054 754 1091 Θοῦρος
767 1055 822 1083 τῶν
836 1055 936 1082 ’Δσσυο

144 1099 209 1133 ρίων
224 1099 372 1134 βασιλεύει.
391 1099 492 1126 Τοῦτον
511 1101 526 1127 ὀ
541 1100 632 1136 πατὴρ
646 1101 728 1128 αὑτοῦ
740 1101 839 1137 Ζάμις,
855 1101 884 1133 ὃς
899 1099 933 1138 ἦν

141 1146 190 1179 τῆς
211 1146 292 1176 Ῥέας
317 1146 442 1181 ἀδελφὸς,
472 1147 520 1174 ἐπὶ
541 1147 580 1182 τῷ
602 1148 715 1182 ὀνόματι
732 1147 778 1175 τοῦ
797 1148 934 1183 πλάνητος

140 1191 259 1226 ἀστέρος
274 1191 361 1226 Ἀρεα
381 1192 521 1220 ἐκάλεσεν.
537 1190 593 1219 ἾΙν
616 1193 644 1220 δὲ
659 1194 673 1220 ό
694 1195 780 1230 ’Ἄρης
794 1190 871 1226 οὗτος
885 1204 932 1221 πι-

141 1236 207 1272 κρδς
221 1238 270 1264 καὶ
282 1237 354 1271 ἄγαν
365 1238 619 1273 δυσκαταγώνιστος
630 1239 807 1275 πολεμιστὴς,
818 1239 846 1272 ὃς
859 1241 933 1268 Καυ-

141 1282 218 1318 κάσῳ
233 1282 288 1310 τινὶ
301 1282 377 1318 ἀνδρὶ
395 1285 584 1318 γιγαντογενεί
607 1284 724 1319 δυνατῷ,
739 1285 771 1311 ὲκ
781 1284 830 1320 τῆς
844 1285 932 1320 φυλῆς

147 1328 237 1363 ’ίάφεθ
248 1329 418 1364 ὡρμημένῳ,
435 1329 556 1357 ἐπελθὼν
569 1329 618 1356 καὶ
638 1330 869 1365 καταπολεμήσας
885 1331 932 1357 καὶ

140 1374 244 1402 ἀνελὼν
269 1376 409 1411 παρέλαϐε
430 1376 479 1410 τὴν
506 1377 599 1412 χώραν
624 1377 720 1410 αὑτοῦ,
746 1377 794 1403 καὶ
820 1377 867 1403 ἐπὶ
882 1377 932 1412 τὴν

141 1420 253 1458 Θρᾴκην
267 1422 351 1449 ἐλθὼν
367 1423 414 1449 καὶ
422 1423 589 1458 τελευτήσας
604 1424 663 1450 ἐκεῖ
682 1423 822 1450 θάπτεται.
839 1422 933 1458 Τούτῳ

141 1467 181 1502 τῷ
199 1468 280 1502 Ἀρεῖ
307 1467 420 1503 πρώτην
443 1468 544 1503 στήλην
567 1469 720 1503 ἀνέστησαν
739 1470 764 1495 οἱ
782 1469 931 1504 Ἀσσύριοι,

140 1511 189 1539 καὶ
215 1512 254 1544 ὡς
276 1511 342 1539 Θεὸν
366 1512 570 1548 προσκυνοῦσι,
596 1513 672 1540 Βάαλ
700 1512 898 1547 ὀνομάζοντες,
918 1511 933 1538 ὃ

985 319 1112 346 celeriter
1131 320 1286 346 moveretur
1317 314 1423 345 habuit.
1435 317 1461 344 Is
1484 325 1547 344 cum
1566 325 1615 353 per
1632 317 1773 346 biennium

986 372 1100 400 regnum
1128 364 1304 399 Aesyriorum
1335 364 1477 399 gessisset,
1494 363 1521 390 in
1540 363 1595 391 fata
1622 365 1771 392 concessit.

987 411 1103 438 Patruus
1119 410 1179 445 ejus
1193 409 1280 437 Ninus
1292 417 1377 444 regno
1403 410 1516 444 potitus.
1533 406 1568 436 ΒΞ
1585 416 1672 438 annos
1689 410 1773 446 Assy-

986 455 1036 482 riis
1056 455 1210 490 imperavit.
1230 454 1269 481 Ex
1282 454 1365 489 hujus
1380 462 1479 489 genere
1499 454 1583 482 etiam
1610 454 1774 483 Zoroastres

987 501 1089 529 nobilis
1110 501 1155 528 ille
1186 501 1257 536 apud
1283 499 1382 528 Persas
1397 505 1571 529 astronomus
1587 502 1711 535 exstitit;
1726 502 1772 536 qui

986 555 1016 576 se
1047 547 1161 575 fulmine
1175 547 1258 574 ictum
1273 555 1306 574 ac
1320 552 1511 582 consumptum
1525 547 1557 575 iri
1570 548 1706 583 praedixit,
1719 547 1773 584 3o

986 593 1180 627 mandavitque
1192 592 1284 620 Persis
1297 596 1325 619 ut
1332 599 1394 619 ossa
1413 600 1462 619 sua
1475 600 1506 620 cx
1516 593 1641 620 incendio
1651 594 1774 629 legerent

985 648 1018 667 ac
1052 639 1225 667 custodirent
1258 643 1341 674 atque
1371 643 1579 672 venerarentur,
1608 639 1772 675 promittens

987 694 1100 721 regnum
1115 694 1148 713 ex
1160 687 1282 721 ipsorum
1301 685 1410 713 natione
1427 685 1548 713 ablatum
1568 693 1622 713 non
1639 686 1672 714 iri
1685 694 1773 720 quan-

986 732 1033 759 diu
1057 740 1089 760 ea
1113 726 1246 760 colerent.
1275 730 1313 759 Eo
1346 733 1437 767 itaque
1466 728 1581 759 fulmine
1611 733 1638 759 in
1667 733 1774 759 cineres

986 778 1098 805 redacto
1116 778 1248 812 reliquias
1266 777 1326 812 ejus
1342 776 1433 804 Persze
1448 777 1604 810 coluerunt,
1631 776 1719 803 donec
1741 774 1774 804 iis

986 825 1117 860 neglectis
1131 831 1243 859 regnum
1261 825 1343 852 etiam
1361 824 1526 851 amiserunt.
1552 823 1688 852 Caeterum
1705 822 1775 850 Nino

984 870 1060 898 Jovis
1074 870 1150 898 fratri
1169 870 1280 898 Thurus
1294 870 1321 897 in
1337 877 1453 906 regnum
1469 869 1612 905 Assyrium
1627 869 1773 897 successit.

986 916 1064 944 Hunc
1080 915 1172 943 Zamis
1189 920 1276 950 pater,
1293 915 1377 943 frater
1401 914 1494 948 Rheae,
1525 914 1639 943 Martem
1663 915 1776 943 nomine

987 963 1102 998 plant-ta:
1114 962 1271 997 appellavit.
1287 960 1352 989 Erat
1365 967 1456 989 autem
1472 969 1537 989 acer
1557 961 1637 988 valde
1651 966 1678 989 et
1691 969 1774 996 supe-

986 1013 1047 1035 ratu
1063 1007 1242 1035 dimcillimus
1260 1007 1385 1034 bellator.
1407 1007 1432 1034 ls
1449 1007 1619 1039 Caucasum,
1635 1011 1775 1042 potentem

985 1054 1124 1082 hominem
1157 1058 1184 1081 et
1215 1053 1478 1089 gigantigenam,ex
1510 1051 1598 1087 Iapeti
1625 1052 1775 1080 ditionibus

987 1099 1140 1136 proiectum
1156 1108 1305 1136 aggressus
1318 1099 1391 1127 bello
1406 1099 1473 1126 vicit
1486 1103 1514 1127 et
1527 1099 1642 1132 occidit,
1657 1098 1776 1134 ejusque

985 1144 1116 1175 ditionem
1133 1147 1289 1182 occupavit.
1306 1145 1371 1174 Post
1386 1145 1413 1173 in
1428 1144 1573 1174 Thraciam
1586 1145 1673 1179 venit,
1683 1145 1776 1180 ibique

985 1193 1041 1220 vita
1074 1192 1184 1220 functus
1199 1197 1226 1219 et
1246 1192 1399 1219 tumulatus
1416 1195 1469 1229 est,
1495 1190 1566 1218 Huic
1581 1191 1660 1219 Marti
1686 1191 1776 1227 primo

986 1243 1105 1266 statuam
1127 1243 1278 1273 posuerunt
1293 1238 1411 1273 Assyrii,
1434 1241 1517 1273 atque
1531 1241 1562 1265 ut
1575 1237 1657 1265 deum
1674 1237 1775 1264 adora-

984 1288 1096 1316 verunt,
1112 1284 1222 1311 Baalum
1240 1284 1437 1317 nominantes;
1455 1285 1529 1318 quod
1554 1287 1635 1311 sonat
1660 1283 1773 1311 Martem

985 1328 1119 1356 bellorum
1127 1328 1218 1355 deum.
1228 1327 1291 1356 Post
1302 1329 1376 1355 hunc
1383 1327 1476 1356 Lamis
1488 1328 1607 1364 Assyriis
1621 1328 1773 1364 imperavit.

986 1373 1017 1400 Ei
1051 1373 1256 1408 Sardanapallus
1278 1379 1462 1409 cognomento
1477 1373 1594 1409 Magnus
1623 1375 1774 1407 successit,

987 1427 1066 1454 quem
1079 1419 1196 1448 Perseus
1211 1419 1286 1448 Jovis
1302 1428 1334 1448 ex
1352 1420 1443 1448 Danae
1462 1420 1700 1454 llliusmterfecit;
1729 1429 1774 1448 re-

986 1473 1096 1501 gnoque
1113 1466 1234 1501 Assyriis
1246 1466 1374 1502 adempto
1385 1474 1434 1494 eos
1451 1473 1467 1493 a
1484 1474 1512 1493 se
1526 1466 1627 1495 Persas
1648 1466 1773 1494 denomi-

987 1512 1073 1545 navit,
1089 1511 1178 1544 iisque
1194 1519 1242 1546 per
1255 1512 1291 1540 55
1303 1519 1390 1540 annos
1404 1512 1562 1548 imperavit.

141 1557 322 1593 ἑρμηνεύεται
354 1558 442 1594 Ἄρης
470 1558 598 1590 πολέμων
616 1558 693 1590 Θεός.
723 1559 801 1585 Μετὰ
829 1557 926 1584 τοῦτον
943 1556 1035 1591 Δάμις
1069 1556 1124 1584 τῶν
1146 1557 1298 1592 Ἀσσυρίων
1323 1557 1512 1590 ἐϐασίλευσεν,
1532 1554 1593 1585 εἷτα
1635 1558 1774 1593 Σαρδανά-

140 1605 225 1637 παλος
238 1605 252 1631 ὁ
269 1605 367 1641 μέγας,
383 1606 413 1632 ὃν
433 1607 480 1634 καὶ
494 1607 508 1633 ό
524 1605 586 1638 Διδς
606 1607 652 1633 καὶ
665 1606 771 1641 Δανάης
783 1606 840 1638 υίὸς
855 1605 979 1642 Περσεὺς
1001 1605 1177 1638 ἀποκτείνας,
1213 1605 1260 1632 καὶ
1295 1605 1349 1633 ἀπὸ
1370 1606 1521 1642 Ἀσσυρίων
1552 1606 1602 1642 τὴν
1635 1605 1775 1642 βασιλείαν

139 1653 318 1689 ἀφελόμενος,
331 1654 370 1686 είς
379 1654 410 1682 τὸ
431 1654 495 1682 [διον
505 1654 592 1690 ὖνομα
608 1655 716 1690 Πέρσας
733 1654 927 1690 μετωνόμασεν
947 1653 1058 1686 αὐτοὺς,
1075 1653 1122 1680 καὶ
1137 1653 1313 1681 ἐϐασίλευσεν
1331 1653 1421 1681 αὐτῶν
1436 1653 1484 1689 ἔτη
1504 1655 1555 1689 νγ’.

174 1701 222 1737 Μὴ
235 1699 389 1728 λανθανέτω
402 1701 431 1728 δὲ
447 1701 549 1737 μηδένα
562 1701 713 1737 ἀνθρώπων
724 1701 778 1728 τῶν
797 1701 926 1737 ἀληθείας

1015 1699 1110 1736 Neque
1130 1708 1196 1728 vero
1211 1701 1359 1736 quisquam
1377 1700 1502 1729 veritatis
1514 1700 1656 1729 studiosus
1668 1700 1776 1736 ignoret

139 1747 374 1783 ἀντιποιουμένων
388 1767 397 1781 ,
417 1748 459 1774 ὃτι
486 1749 568 1780 Πῖκος
595 1745 674 1780 οὗτος
694 1749 708 1775 6
730 1749 798 1779 Ζευς
820 1749 931 1776 πάντων

138 1793 291 1830 ἀνθρώπων
316 1793 371 1820 τῶν
388 1793 436 1820 ἀπ’
453 1793 550 1824 αίῶνος
567 1793 611 1829 [Ρ.
634 1793 680 1829 ιη
706 1793 931 1829 ὲξεγηγερμὶνων

139 1840 260 1874 πλάνων,
273 1841 392 1876 γοήτων,
410 1840 630 1874 φαντασιαστῶν,
650 1840 745 1875 μάγων
757 1840 863 1873 δεινῶν,
881 1848 932 1875 μυ-

139 1885 242 1921 σαρῶν,
252 1885 386 1912 τελεστῶν
405 1885 540 1918 ἐκτόπων,
551 1886 633 1917 αὐτὸς
638 1883 672 1921 ἦν
682 1885 826 1921 μυσαρὼτε
831 1894 876 1921 ρος
885 1885 933 1913 και

139 1930 357 1967 δραστικώτιρος
373 1931 423 1958 καὶ
448 1931 659 1967 βδελυρώτερος,
675 1931 808 1967 μοιχείαις
823 1932 871 1958 καὶ
885 1931 933 1958 ἁν-

139 1977 300 2013 δρομανίαις
312 1977 361 2004 καὶ
370 1978 578 2014 ἁρῤητοποιίαις
592 1986 621 2004 τε
632 1978 735 2010 πάσαις
745 1978 793 2005 καὶ
807 1977 932 2013 μιαρίαις

140 2024 187 2050 καὶ
207 2022 391 2059 ἁκαθαρσίαις
407 2023 455 2050 καὶ
469 2023 570 2054 πάσαις
581 2023 806 2058 ἀθεμιτουργίαις
819 2024 867 2050 καὶ
885 2023 931 2050 αι-

141 2068 306 2104 σχρουργίας
317 2069 510 2102 ὲναγεστάταις
520 2069 552 2095 ἐκ
563 2068 660 2104 νηπίου
674 2069 726 2101 ἕως
737 2069 835 2096 ἑκατὸν
842 2068 931 2095 εἴκοσι

140 2115 244 2151 χρόνων
252 2114 301 2149 τῆς
312 2115 386 2149 ζωῆς
396 2114 478 2141 αὐτοῦ
485 2114 614 2150 (τοσαῦτα
625 2115 679 2150 γάρ
689 2123 772 2150 φασιν
783 2115 865 2142 αὑτὸν
880 2115 933 2150 ζῆ-

141 2163 198 2196 σαι)
207 2159 371 2197 ισχολακὼς,
385 2161 491 2192 πάντας
499 2161 563 2193 τοὺς
574 2162 628 2197 πρὸ
637 2160 720 2189 αὐτοῦ
729 2162 775 2188 καὶ
785 2162 844 2197 μετ’
850 2162 932 2189 αὐτὸν

140 2207 288 2242 ἀθεμίτους
309 2206 483 2243 ὗπιρόαλών.
507 2207 620 2243 Πνεῦμα
639 2209 694 2244 γὰρ
724 2208 860 2244 θεομάχον
884 2209 932 2236 καὶ

139 2253 361 2290 ἀκαθαρτότατον
376 2253 486 2280 πάντων
501 2254 668 2289 πνευμάτων
689 2254 819 2291 πονηρῶν
839 2252 874 2291 ἦν
887 2255 930 2282 ἐπ’

140 2300 224 2336 αὐτῷ,
241 2300 270 2332 ὃς
282 2301 328 2327 ἐπὶ
343 2299 453 2332 πλείους
473 2300 588 2335 χρόνους
606 2301 656 2336 τῆς
674 2301 789 2334 Ἰταλίας
806 2301 932 2337 βασιλεύ-

141 2355 191 2379 σας
204 2347 238 2374 δι’
258 2346 411 2382 ὑπερϐολὴν
423 2346 471 2374 τοῦ
490 2347 603 2381 ὑψίστου
623 2347 670 2374 καὶ
693 2348 774 2384 μόνου
789 2348 858 2376 Θεοῦ
875 2357 930 2384 μα-

140 2392 304 2428 κροθυμίας,
329 2392 376 2419 καὶ
397 2393 488 2425 πάσας
513 2393 597 2429 κόρας
614 2393 728 2429 ὡραίας,
743 2395 809 2427 ὂσας
833 2395 933 2431 λίχνοις
950 2384 972 2412 D

140 2437 212 2466 σίδαν
226 2438 386 2473 ὀφθαλμοῖς,
397 2439 568 2474 διαφθείρας,
584 2440 624 2472 είς
644 2438 667 2466 ο¹
685 2439 868 2476 ποσουμένας,
885 2441 933 2468 καὶ

139 2486 200 2516 ταῖς
221 2484 332 2516 πολλαῖς
357 2484 446 2511 αὐτῶν
469 2485 539 2520 μετὰ
556 2486 712 2520 φαντασιῶν
736 2487 864 2523 ἀρρήτων
885 2488 933 2514 καὶ

140 2530 284 2566 μυστικῶν
300 2530 516 2565 συναπτόμενος,
536 2531 566 2558 οὐ
589 2531 643 2566 μὴν
669 2532 697 2559 δὲ
713 2532 781 2560 ἀλλὰ
808 2533 854 2560 καὶ
869 2534 932 2566 ταῖς

140 2577 245 2604 πλείοσι
270 2577 326 2604 τῶν
350 2577 434 2604 αὑτοῦ
458 2577 640 2612 θυγατέρων,
668 2579 730 2606 θεὸν
759 2579 930 2615 φημίζεσθαι

140 2624 235 2651 τοῦτον
260 2624 310 2650 καὶ
328 2622 569 2658 ἀνακηρύττεσθαι
590 2625 646 2656 τοῖς
669 2625 776 2658 πολλοῖς
793 2626 933 2654 ἀνέπεισε.

140 2671 195 2697 Καὶ
208 2669 238 2696 τὸ
251 2669 285 2705 δὴ
300 2670 392 2704 χεῖρον
407 2668 448 2696 ἔτι
458 2669 554 2695 τούτου
572 2669 620 2697 καὶ
630 2670 815 2706 ἀτοπώτερον,
830 2671 872 2698 ὅτι
886 2672 933 2698 καὶ

142 2716 211 2750 μετὰ
225 2715 274 2752 τὴν
289 2715 370 2742 αὑτοῦ
387 2716 517 2751 τελευτὴν
531 2717 578 2743 καὶ
591 2717 683 2751 ταφὴν
697 2718 747 2752 τὴν
766 2718 794 2744 ἐν
807 2719 840 2753 τῇ
857 2718 933 2753 Κρή-

140 2769 186 2796 τῃ,
203 2762 274 2788 κατὰ
304 2761 453 2798 πρόσταξιν
474 2762 570 2794 αὑτοῦ,
593 2763 618 2790 οί
644 2764 738 2790 οἰκεῖοι
764 2764 845 2791 αὑτοῦ
869 2766 932 2792 ναὸν

140 2807 187 2834 καὶ
218 2806 348 2843 μνημεῖον
376 2809 604 2844 οἰκοδομήσαντες
629 2809 804 2844 κατέοαψαν,
832 2807 854 2844 ᾧ
882 2811 930 2838 καὶ

139 2853 226 2884 οὕτως
238 2853 409 2889 ἐπέγραψαν
428 2864 437 2880 ι
462 2854 572 2882 Ἐνθάδε
590 2856 679 2882 κεῖται
706 2855 794 2884 θανὼν
815 2858 898 2890 Πῖκος
915 2859 929 2885 ὁ

139 2900 186 2927 καὶ
203 2899 279 2931 Ζεύς.
299 2909 308 2925 ι
326 2900 381 2927 Καὶ
395 2900 464 2935 μετὰ
481 2900 567 2928 ταῦτα
587 2902 604 2937 ὴ
619 2901 666 2929 τοῦ
684 2902 829 2938 θεομσοῦς
845 2904 928 2931 αὑτοῦ

137 2947 184 2974 καὶ
202 2946 378 2984 ὑπερηφάνου
404 2946 560 2982 πνεύματος
592 2947 665 2984 ὀσμῆ
689 2949 739 2984 τὴν
763 2949 928 2986 οἰκουμένην

985 1747 1081 1775 Picum
1110 1747 1205 1780 istum,
1235 1747 1283 1783 qui
1311 1752 1338 1775 et
1365 1745 1472 1783 Jupiter
1505 1746 1617 1780 dicitur,
1650 1747 1774 1774 omnium

983 1798 1120 1830 quotquot
1145 1794 1179 1822 ab
1208 1794 1283 1822 omni
1313 1801 1371 1822 arvo
1387 1795 1553 1822 exstiterunt
1581 1793 1775 1827 impostoruln,

985 1840 1225 1876 pmstigiatorum,
1242 1840 1321 1867 falsis
1338 1839 1506 1874 imaginibus
1518 1839 1688 1872 ludentium.
1707 1839 1776 1866 diris

984 1890 1067 1921 atque
1081 1886 1272 1913 abominandis
1284 1885 1336 1920 31
1361 1885 1467 1912 artibus
1497 1885 1610 1920 magicis
1628 1885 1775 1918 utentium,

985 1932 1122 1960 sacriﬁcia
1139 1932 1173 1959 ab
1189 1939 1240 1959 usu
1254 1931 1396 1958 hominum
1410 1931 1585 1958 abhorrentia
1604 1930 1774 1963 abeuntium,

986 1978 1182 2013 turpitudinem
1199 1998 1207 2011 ,
1230 1977 1401 2005 atrocitatem
1435 1977 1672 2012 impuritatcmque
1694 1984 1776 2012 supe-

985 2031 1077 2051 rasse:
1091 2023 1255 2058 quippejam
1274 2023 1338 2051 inde
1356 2030 1370 2050 a
1389 2023 1506 2058 pueritia
1518 2023 1672 2055 adulteriis,
1684 2030 1776 2052 mares

985 2069 1181 2105 depereundo.
1210 2069 1284 2096 dictu
1313 2068 1393 2097 [tedis
1419 2068 1582 2097 libidinibus
1613 2076 1645 2096 ac
1682 2069 1774 2101 factis,

985 2117 1076 2144 omnis
1102 2115 1210 2152 generis
1242 2115 1418 2143 obscenitate
1443 2119 1528 2150 atque
1562 2115 1719 2150 impurilate
1743 2123 1776 2143 ac

984 2161 1130 2198 quibusvis
1158 2161 1271 2197 ﬂagitiis
1297 2161 1445 2196 impiisque
1482 2167 1566 2196 supra
1601 2168 1685 2196 quam
1721 2161 1774 2188 dici

985 2213 1074 2245 potest
1091 2208 1243 2237 sceleribus
1257 2207 1378 2240 deditus,
1391 2214 1479 2242 usque
1493 2206 1526 2234 ad
1539 2214 1641 2233 annum
1659 2205 1710 2233 ηθ
1725 2206 1776 2240 (tot

985 2255 1057 2283 enim
1068 2255 1172 2283 vixisse
1188 2254 1286 2290 fertur)
1309 2254 1498 2290 turpissimam
1525 2253 1610 2280 vitam
1633 2251 1775 2287 produxit,

984 2301 1125 2338 priOribus
1139 2302 1314 2337 posterisque
1329 2301 1458 2328 omnibus
1476 2299 1523 2335 qui
1553 2299 1685 2327 scelerate
1698 2299 1774 2325 vixe-

985 2352 1050 2376 runt
1061 2355 1075 2375 a
1090 2355 1120 2376 se
1133 2354 1164 2374 ea
1178 2355 1208 2375 re
1220 2348 1366 2382 superatis.
1388 2346 1454 2374 Nam
1475 2346 1572 2380 spiritu
1599 2345 1653 2372 Deo
1679 2344 1775 2371 adver-

985 2398 1064 2422 sante
1079 2393 1260 2427 omniumque
1270 2393 1416 2428 spirituum
1433 2392 1568 2418 malorum
1585 2389 1776 2424 impurissimo

984 2440 1127 2476 agebatur.
1143 2442 1167 2468 Is
1180 2440 1260 2468 Picus
1271 2447 1333 2467 cum
1351 2445 1398 2474 per
1418 2443 1472 2466 tam
1489 2437 1590 2464 multos
1605 2443 1704 2468 annos,
1719 2435 1775 2462 Deo

984 2487 1196 2522 longanimitate
1222 2493 1330 2514 summa
1365 2485 1419 2513 hoc
1457 2483 1624 2516 sustinente,
1669 2482 1777 2510 italiam

984 2533 1112 2565 rexisset,
1133 2539 1285 2566 orantesque
1309 2531 1445 2559 formosas
1462 2528 1579 2565 puellas,
1594 2536 1775 2564 quascunque

984 2580 1117 2607 mollibus
1145 2579 1204 2606 suis
1215 2578 1304 2605 oculis
1320 2576 1436 2607 viderat,
1456 2576 1637 2610 corrupisset.
1653 2582 1773 2610 quarum

985 2634 1118 2654 numerus
1134 2626 1169 2653 ad
1187 2625 1220 2653 70
1234 2624 1386 2659 colligitur,
1401 2623 1535 2659 quasdam
1551 2624 1636 2650 etiam
1651 2621 1772 2650 infandis

984 2681 1017 2700 ac
1032 2672 1155 2708 mysticis
1180 2671 1397 2707 apparitionibus
1422 2669 1543 2703 delusus,
1561 2676 1679 2704 cumque
1704 2669 1774 2696 adeo

984 2721 1127 2754 plerasque
1154 2726 1219 2745 suas
1236 2717 1307 2745 ﬁlias
1335 2717 1471 2748 vitiasset.
1486 2715 1576 2743 malus
1593 2715 1639 2743 ille
1655 2714 1771 2749 spiritus

984 2764 1155 2792 multitudini
1168 2768 1260 2792 tamen
1275 2763 1412 2799 persuasit
1425 2767 1455 2790 ut
1478 2769 1542 2790 eum
1557 2762 1638 2789 deum
1650 2768 1772 2795 pronun-

982 2811 1095 2838 tiarent.
1113 2811 1142 2838 ld
1159 2817 1224 2838 vero
1250 2810 1373 2838 deterius
1388 2809 1479 2837 adhuc
1502 2813 1545 2836 cst
1557 2812 1585 2836 et
1610 2806 1770 2839 absurdius,

983 2858 1056 2893 quod
1072 2865 1134 2885 cum
1152 2862 1280 2884 mortuus
1304 2861 1331 2884 et
1344 2857 1427 2892 (quod
1445 2855 1634 2890 mandaverat)
1648 2854 1674 2882 in
1688 2854 1771 2882 Creta

983 2906 1107 2940 sepultus
1121 2908 1207 2937 esset,
1224 2904 1269 2932 ubi
1287 2903 1438 2932 necessarii
1454 2903 1479 2930 ei
1492 2902 1605 2929 hamato
1620 2900 1715 2928 fanum
1738 2907 1770 2928 ac

984 2956 1192 2981 mnnnmcnlum
1211 2953 1485 2979 exstruxerunt-cum
1499 2948 1550 2976 hac
1565 2946 1743 2983 inscriptione
1761 2953 1769 2972 :
