2007 3156
163 198 196 229 Cl

710 201 847 230 HISTDH
856 201 976 231 HRUM
993 203 1255 234 ΟΟΜΡΕΝΟΙΠΜ.

1755 205 1789 235 02

164 256 227 292 Διὶ),
242 255 417 292 ἀνεχώρησεν
430 258 469 289 εἰς
483 258 621 291 Αἴγυπτον
642 258 709 293 πρὸς
730 259 780 294 τὴν
799 259 886 295 φυλὴν
905 260 951 286 τοῦ

1014 260 1151 295 Egyptian
1176 262 1244 288 abiit
1261 261 1294 289 ad
1311 261 1424 297 stirpem
1447 261 1553 296 Chami,
1568 263 1614 298 qui
1630 266 1689 289 erat
1721 261 1788 288 ﬁlius

164 303 230 338 Χὰμ
243 303 301 329 υἱοῦ
318 303 389 336 Νῶε,
403 304 502 336 οἵτινες
524 304 648 336 ἐδέξαντο
667 305 747 332 αὐτὸν
767 306 796 332 ὲν
815 307 883 342 τιμῇ
896 313 903 321 ⁸
923 305 952 337 ὃς

164 350 211 376 καὶ
228 349 362 385 διέτριϐεν
383 350 442 376 ἐκεῖ
456 350 643 386 ὐπηρηφανῶν
669 351 773 383 πάντας
800 353 847 378 καὶ
862 353 953 387 φορῶν

165 396 270 430 χρυσῆν
291 395 399 430 στολήν.
416 396 471 422 Καὶ
491 396 648 431 ἐφιλοσόφει
676 398 750 432 παρά
777 399 833 429 τοῖς
849 398 953 432 Αιγυπ-

164 441 241 473 τίοις,
255 441 342 474 λέγων
360 442 454 473 αὐτοῖς
469 442 597 476 μαντείας
611 450 617 456 ·
631 442 739 476 λογικὸς
751 443 803 478 γὰρ
814 441 847 478 ἦν
861 443 951 478 φύσει.

166 488 219 514 Καὶ
234 488 418 523 προσεκύνουν
436 488 516 514 αὐτὸν
538 489 641 524 Ἑρμῆν
659 489 696 520 ὡς
712 489 827 523 λέγοντα
841 489 875 516 τὰ
889 490 953 524 μέλ-

165 533 247 560 λοντα
265 534 311 560 καὶ
337 533 512 561 διακονοῦντα
533 534 626 565 αὐτοῖς
644 533 693 568 τὴν
726 534 779 560 τῶν
801 534 953 568 μελλόντων

165 580 197 606 ὲκ
216 579 262 605 τοῦ
278 579 345 606 Θεοῦ
361 580 442 614 δῆθεν
456 580 605 615 ἀπόκρισιν
619 579 665 605 καὶ
683 579 837 614 παρέχοντα
860 580 954 611 αὐτοῖς

167 626 296 660 χρήματα
311 634 317 640 ·
339 625 368 651 ὃν
382 625 429 651 καὶ
447 626 626 660 πλουτοδότην
643 624 757 652 ἐκάλουν
772 625 810 656 ὼς
823 625 871 652 τοῦ
887 635 954 661 χρυ-

166 670 212 696 σοῦ
230 670 291 696 θεδν
311 670 477 704 νομίζοντας.

208 715 252 741 Ἐν
269 716 325 746 τοῖς
342 715 411 750 μετὰ
425 714 512 741 ταῦτα
526 714 553 741 δὲ
565 714 681 750 χρόνοις,
697 715 742 741 ἐπὶ
753 716 803 751 τῆς
815 715 954 751 βασιλείας

165 761 297 791 Φοίνικος,
313 759 346 795 ἦν
367 761 506 796 Ἡρακλῆς
525 762 539 787 ὁ
554 761 700 795 φιλόσοφος
717 762 731 788 ὸ
746 761 891 796 λεγόμενος
902 762 954 788 Τύ-

168 816 233 842 ριος,
251 808 323 838 ὅστις
338 807 437 842 ἐφεῦρε
459 807 508 842 τὴν
523 806 566 843 [Ρ.
583 806 626 842 19]
650 807 798 843 κογχύλην.
818 808 957 843 Μετεωρι-

167 853 281 887 ζὸμενος
297 853 351 887 γὰρ
371 855 411 884 εἰς
426 853 456 879 τὸ
471 853 604 886 παράλιον
622 853 703 888 μέρος
726 854 775 889 τῆς
793 853 882 890 Τύρου
901 852 955 880 εἶδε

166 899 326 934 ποιμενικὸν
340 899 408 926 κύνα
428 899 552 926 ἐσθίοντα
569 900 618 934 τὴν
633 900 783 934 λεγομένην
808 900 954 935 κογχύλην,

167 945 214 971 καὶ
229 946 360 979 ποιμένα,
373 944 519 980 νομίζοντα
534 945 679 980 αἱμάσσειν
688 945 732 970 τὸν
744 945 823 978 κύνα,
835 945 888 971 ἀπὸ
900 945 965 971 τῶν.

168 991 312 1026 προϐάτων
331 991 413 1016 πόκον
433 991 513 1025 ὲρὲας
528 990 644 1016 λαϐόντα
660 990 848 1025 καταμὰσσειν
859 990 892 1017 τὰ
905 999 954 1016 κα-

169 1037 343 1070 ταφερόμενα
363 1035 394 1060 ὲκ
409 1034 456 1061 τοῦ
478 1035 615 1069 στόματος
637 1034 684 1061 τοῦ
700 1035 789 1066 κυνός.
817 1034 846 1061 Ὀ
863 1035 891 1061 δὲ
911 1035 957 1061 Ἠ-

169 1079 271 1114 ρακλῆς
286 1078 483 1114 προσεσχηκώς
497 1079 545 1105 καὶ
562 1078 623 1105 ἰδὼν
651 1078 717 1105 αὐτὸ
737 1079 834 1114 βάμμα
847 1078 957 1111 τιὲξαι-

169 1134 226 1152 σιον
254 1125 418 1159 ἑθαύμασε”
437 1125 484 1151 καὶ
507 1125 587 1159 γνοὺς
614 1125 655 1150 ὅτι
683 1126 715 1151 ὲκ
743 1126 793 1158 τῆς
821 1124 957 1159 κογχύλης

168 1170 254 1202 ἐστὶν,
279 1170 397 1206 εἰληφὼς
426 1171 472 1197 τὸν
498 1170 581 1196 πόκον
605 1170 643 1201 ὡς
663 1170 733 1205 μέγα
758 1170 845 1205 δῶρον
870 1178 957 1205 προσ-

168 1218 268 1251 ήνεγκε
280 1216 318 1251 τῷ
335 1216 440 1250 βασιλεῖ
457 1216 505 1251 τῆς
522 1215 610 1248 Τύρου
623 1216 737 1247 Φοίνικι,
752 1215 780 1248 ὃς
793 1216 840 1242 καὶ
856 1216 958 1242 ἐκπλα-

168 1263 225 1296 γεὶς
240 1262 286 1288 ἐπὶ
302 1263 335 1296 τῇ
358 1261 407 1297 θέᾳ
426 1260 471 1287 τοῦ
501 1260 642 1296 βάμματος
670 1260 815 1287 ἐκέλευσεν
827 1259 857 1294 ἐξ
874 1259 957 1286 αὐτοῦ

169 1308 290 1343 βαφῆναι
309 1308 390 1342 ὲρὲαν
405 1307 453 1333 καὶ
475 1306 602 1340 γενέσθαι
624 1306 699 1341 αὐτῷ
720 1305 859 1341 βασιλικὴν
879 1313 958 1340 περι-

170 1354 289 1386 ϐόλαιον,
305 1353 319 1380 ὖ
336 1352 552 1387 περιϐαλόμενος
567 1352 647 1383 αὐτὸς
664 1352 772 1387 πρῶτος
789 1351 958 1385 ἐθαυμάζετο

171 1400 223 1427 ὑπὸ
236 1400 347 1426 πάντων
359 1407 365 1414 ·
384 1399 436 1434 πρὸ
449 1399 545 1425 τούτου
558 1398 612 1433 γὰρ
629 1398 678 1423 οὐκ
690 1397 799 1433 ᾔδεισαν
811 1397 835 1423 οἱ
853 1397 959 1431 ἄνθρω-

171 1454 218 1471 ποι
236 1445 350 1480 βάπτειν
365 1444 471 1478 χροιάς.
487 1444 565 1470 Μετὰ
576 1443 644 1479 γοῦν
665 1444 777 1478 χρόνους
805 1442 919 1472 πολλοὺς
935 1442 958 1467 οἱ

177 1491 310 1525 Ῥωμαῖοι
333 1489 383 1524 τὴν
409 1489 540 1516 Φοινίκων
558 1488 650 1524 χώραν
675 1488 859 1523 κατασχόντες
878 1487 909 1514 τὸ
931 1487 960 1519 ἐξ

171 1536 259 1572 ἀρχῆς
274 1535 400 1570 ἀληθινὸν
423 1536 454 1561 ἐκ
477 1537 525 1570 τῆς
548 1535 684 1570 κογχύλης
707 1535 800 1571 σχῆμα
822 1533 960 1568 βασιλικὸν

1005 306 1071 332 Noe.
1090 307 1131 333 Ab
1149 307 1183 334 iis
1200 311 1241 333 est
1259 315 1319 334 eum
1338 307 1441 335 honore
1463 312 1600 342 acceptus,
1616 307 1707 342 ibique
1728 313 1786 341 pcr-

1004 354 1106 380 mansit
1123 361 1218 380 omnes
1233 362 1287 388 prae
1300 362 1329 382 se
1345 355 1499 389 despiciens
1518 360 1543 382 et
1557 355 1674 382 Auream
1688 357 1788 380 vestem

1004 406 1112 433 gerens.
1131 398 1342 432 Philosophatus
1366 403 1407 426 est
1433 403 1523 426 autem
1544 398 1615 433 apud
1637 397 1779 433 Egyptios

1005 442 1169 474 vaticinans,
1188 447 1217 469 ut
1235 447 1293 469 erat
1311 447 1408 469 natura
1423 443 1553 470 disertus.
1572 443 1743 470 Adorabatur
1757 443 1792 469 ab

1005 488 1049 519 iis.
1066 496 1098 515 ac
1116 488 1267 515 illerrurius
1288 487 1342 523 34
1360 488 1427 515 deus
1443 489 1639 523 appellabatur,
1657 488 1729 523 qttod
1748 488 1791 514 fu-

1005 537 1066 560 tura
1083 533 1253 568 praediceret,
1271 541 1303 560 ac
1320 534 1453 560 divinitus
1476 535 1602 560 nimirum
1624 535 1658 561 de
1677 534 1711 561 iis
1731 542 1792 569 quae

1006 584 1068 615 post
1083 584 1175 608 essent
1191 585 1322 607 eventura
1336 587 1466 614 responsa
1483 577 1695 612 administraret,
1711 588 1792 614 pecu-

1005 627 1134 661 niamque
1163 627 1368 661 suppeditaret;
1402 626 1496 660 itaque
1527 625 1609 651 etiam
1634 626 1792 652 divitiarum

1007 673 1128 700 datorem
1145 673 1288 705 vocabant,
1305 671 1427 707 pecunia?
1442 672 1520 699 deum
1537 675 1673 704 putantes.

1043 718 1223 745 lni'crioribus
1243 718 1413 752 temporibus
1429 717 1557 743 Pluenice
1570 721 1711 750 regnante,
1724 716 1792 744 Her—

1006 764 1081 791 cules
1094 764 1143 790 fuit
1157 764 1335 797 philosophus
1347 766 1528 797 cognomento
1546 762 1655 797 Tyrius.
1675 761 1712 794 Is,
1732 769 1794 796 pur-

1007 818 1102 844 puram
1134 810 1245 836 invcuit.
1271 810 1338 837 Cum
1365 810 1436 835 enim
1465 809 1490 835 in
1515 816 1575 835 eam
1600 808 1664 844 Tyri
1692 814 1794 842 partem

1007 855 1178 882 ascendisset
1197 862 1258 889 qua:
1278 853 1310 880 ad
1327 861 1402 880 mare
1421 853 1548 888 pertinet,
1565 853 1683 887 pastoris
1699 861 1794 880 canem

1008 901 1075 927 vidit
1087 900 1219 927 concham
1238 908 1345 933 vorare,
1359 905 1554 934 pastoremque
1573 907 1587 926 a
1604 907 1672 927 cane
1687 900 1797 934 sangui-

1009 954 1071 973 uem
1087 946 1174 972 emitti
1189 949 1338 980 putantem,
1353 945 1415 972 lana
1431 945 1464 971 ab
1479 951 1529 971 Ove
1543 949 1655 978 accepta
1674 945 1745 979 quod
1764 953 1796 972 ex

1008 998 1056 1019 ore
1065 991 1142 1018 canis
1153 991 1288 1018 deﬂuebat
1299 991 1466 1024 abstergere.
1480 991 1514 1017 At
1525 989 1586 1017 Hert
1598 992 1665 1023 ules,
1679 992 1727 1026 qui
1740 999 1797 1018 rem

1008 1037 1190 1070 observaret,
1220 1037 1367 1063 tincturant
1396 1037 1455 1070 eius
1484 1037 1553 1064 lana:
1575 1037 1711 1072 egregiam
1735 1044 1796 1064 cum

1009 1083 1192 1110 admiratione
1213 1082 1299 1114 vidit;
1314 1082 1560 1117 auimadversoque
1582 1083 1715 1117 liquorem
1734 1089 1797 1109 eum

1009 1135 1042 1155 cx
1071 1128 1174 1155 concha
1201 1128 1252 1154 ista
1278 1128 1401 1159 ﬂuxisse,
1416 1127 1505 1154 lanam
1532 1129 1612 1155 istam
1629 1128 1720 1162 magni
1733 1127 1797 1155 doni

1011 1172 1071 1199 loco
1084 1172 1115 1198 ad
1130 1180 1219 1207 regem
1233 1172 1296 1207 Tyri
1306 1172 1463 1199 Phtnnicem
1477 1172 1578 1199 attulit.
1592 1171 1628 1205 Is,
1643 1172 1800 1206 spectaculo

1011 1218 1137 1245 tinctura:
1162 1218 1242 1246 istius
1268 1218 1412 1251 attonitus,
1427 1218 1511 1253 jussit
1538 1218 1590 1245 hoc
1613 1218 1693 1245 modo
1711 1218 1800 1244 lauant

1011 1263 1077 1298 litigi
1103 1268 1185 1296 atque
1206 1271 1236 1290 ex
1255 1270 1286 1289 ea
1311 1263 1363 1290 sibi
1381 1263 1482 1297 regiam
1500 1267 1605 1290 vestem
1623 1262 1729 1297 parari;
1748 1270 1800 1296 qua

1012 1310 1117 1344 primus
1154 1308 1294 1335 hominum
1324 1308 1437 1335 indutus
1466 1308 1594 1335 omnibus
1622 1307 1800 1335 admirationi

1010 1353 1073 1381 fuit.
1090 1352 1158 1380 Nam
1177 1357 1256 1380 antea
1271 1353 1403 1387 temporis
1418 1353 1539 1381 colorutn
1555 1354 1704 1380 tincturam
1726 1354 1803 1388 igno-

1011 1403 1139 1426 raverant
1167 1398 1304 1426 homines.
1332 1398 1426 1434 Longo
1450 1404 1511 1433 post
1537 1403 1658 1433 tempore
1673 1398 1801 1432 Romani,

999 1445 1150 1483 .I‘hoenicia
1167 1445 1292 1478 subacta,
1309 1453 1401 1472 veram
1419 1450 1445 1472 et
1458 1446 1576 1480 antiquae
1593 1444 1804 1480 respondentem

1013 1499 1160 1528 purpuram
1182 1492 1215 1518 ad
1232 1491 1336 1526 regium
1350 1491 1481 1518 amictum
1494 1491 1688 1518 adhibuerunt.
1703 1490 1802 1524 Numa,

1013 1538 1059 1574 qui
1073 1542 1136 1573 post
1151 1536 1297 1564 Romulum
1311 1540 1338 1564 et
1356 1536 1471 1564 Remum
1486 1535 1579 1564 Roma}
1591 1536 1726 1571 regnavit,
1739 1543 1802 1562 eum

172 1582 317 1616 ἐφόρεσαν.
344 1581 420 1608 Μετὰ
446 1581 472 1607 δὲ
492 1581 587 1616 Ῥἑμον
617 1581 664 1607 καὶ
684 1580 822 1615 Ῥωμύλον
842 1580 956 1614 Νουμᾶς

1014 1585 1043 1612 ad
1073 1592 1135 1611 eum
1169 1583 1346 1617 Pelasgorum
1371 1582 1451 1618 legati
1478 1583 1617 1610 venissent
1648 1582 1805 1616 chlamydes

174 1626 334 1662 βασιλεύσας
352 1626 509 1661 Ῥωμαίων,
540 1626 587 1652 καὶ
609 1626 756 1661 δεξάμενος
785 1625 959 1660 πρεσϐευτὰς

173 1672 204 1698 ὲκ
216 1673 265 1706 τῆς
285 1671 376 1707 χώρας
394 1672 447 1698 τῶν
472 1672 627 1707 λεγομένων
644 1672 792 1706 Πελασγῶν
809 1672 960 1707 φοροῦντας

174 1717 312 1752 χλαμύδας
339 1717 453 1752 ἐχούσας
473 1717 570 1745 ταϐλία
589 1717 645 1753 (55)
667 1717 763 1754 ρούσια
786 1717 916 1752 καθάπερ
936 1717 961 1743 οἱ

174 1763 229 1790 ἀπὸ
247 1764 295 1798 τῆς
316 1763 452 1798 Ἰσαυρεας
463 1763 565 1799 χώρας,
578 1764 625 1790 καὶ
633 1764 760 1798 τερφθεὶς
772 1763 811 1799 τῷ
829 1764 961 1799 σχήματι,

175 1811 305 1845 ἐπενόησε
319 1811 423 1845 πρῶτος
440 1810 469 1836 ὲν
481 1811 513 1845 τῇ
533 1808 626 1845 Ῥώμῃ
660 1809 801 1844 χλαμύδας
820 1807 962 1844 φορεῖσθαι

175 1858 223 1889 τὰς
239 1857 289 1892 μὲν
305 1857 448 1892 βασιλικὰς
469 1856 624 1891 πορφύρας,
643 1856 757 1892 ἐχούσας
784 1856 882 1881 ταὸλία
896 1855 963 1889 χρύ-

177 1912 237 1934 σεα,
251 1903 302 1935 τὰς
319 1903 347 1929 δὲ
362 1903 417 1929 τῶν
434 1902 625 1936 συγκλητικῶν
641 1903 689 1929 καὶ
701 1902 751 1933 τὰς
765 1901 818 1927 τῶν
832 1901 861 1927 ἐν
874 1900 964 1932 ἀξίαις

176 1948 225 1974 καὶ
255 1948 410 1982 στρατείαις
443 1947 583 1982 χλαμύδας
607 1947 722 1982 ἐχούσας
748 1948 892 1982 σήμαντρα
913 1945 963 1980 τῆς

176 1994 319 2030 βασιλικῆς
332 1993 471 2029 φορεσίας,
486 1993 584 2019 ταὸλία
596 1994 727 2028 πορφυρᾶ
736 1992 869 2027 δηλοῦντα
884 1992 963 2025 ἀξίαν

1014 1633 1154 1664 gestantes
1178 1632 1323 1664 praetextas
1349 1629 1472 1661 coccino,
1493 1629 1590 1664 quales
1610 1628 1692 1655 etiam
1719 1627 1804 1655 Isauri

1012 1678 1129 1708 gestant,
1146 1681 1179 1701 ea
1203 1673 1290 1700 forma
1315 1673 1469 1701 delectatus
1490 1674 1596 1708 pritnus
1612 1673 1730 1700 instituit
1744 1677 1774 1700 ut
1789 1680 1805 1700 a

1016 1719 1146 1746 Romanis
1174 1719 1333 1754 chlamydes
1362 1723 1544 1754 gestarentur,
1569 1726 1584 1745 a
1612 1719 1666 1754 35
1695 1719 1806 1754 regibus

1015 1772 1172 1800 purpureae,
1188 1769 1327 1800 praetexta:
1346 1771 1425 1798 auro,
1443 1772 1458 1791 a
1475 1764 1649 1792 senatoribus
1665 1768 1692 1792 et
1705 1764 1739 1791 iis
1758 1764 1806 1799 qui

1017 1818 1079 1837 cum
1099 1811 1263 1845 magistratu
1287 1814 1334 1837 aut
1352 1810 1469 1845 imperio
1483 1814 1575 1838 essent
1595 1811 1656 1838 alite
1679 1817 1740 1846 qua:
1757 1817 1806 1845 pro

1016 1855 1117 1882 indicio
1139 1856 1205 1890 regii
1228 1855 1389 1889 gestaminis
1409 1863 1530 1891 purpura
1544 1860 1638 1883 essent
1650 1860 1805 1891 praetextae;

1016 1907 1072 1934 quo
1086 1899 1286 1934 signiﬁcaretur
1302 1898 1432 1926 Romanae
1453 1902 1491 1927 rei
1508 1901 1624 1935 publicae
1646 1900 1765 1934 dignitas
1781 1904 1808 1926 et

1017 1945 1162 1980 subiectio.
1176 1945 1323 1980 Edixitque
1346 1946 1462 1983 nequis
1478 1946 1537 1973 sine
1557 1945 1716 1981 hujusmodi
1732 1945 1808 1972 chla-

1015 1992 1096 2027 myde
1109 1992 1135 2018 in
1151 1991 1282 2026 palatium
1295 1999 1375 2018 suum
1389 1992 1628 2020 intromitteretur.

181 2040 339 2076 Ῥωμαϊκὴν
364 2041 500 2072 πολιτείας
520 2040 567 2067 καὶ
589 2040 729 2075 ὑποταγὴν
749 2040 898 2075 διαγωγὴν,
914 2040 1048 2072 κελεύσας
1067 2039 1172 2076 μηδένα
1184 2040 1224 2071 εἰς
1234 2040 1266 2066 τὸ
1295 2039 1378 2066 αὐτοῦ
1416 2039 1548 2068 παλάτιον
1579 2040 1708 2067 εἰσελθεῖν
1743 2048 1808 2076 συγ-

175 2088 323 2125 χωρεῖσθαι
348 2088 412 2115 ἄνευ
437 2088 483 2114 τοῦ
511 2089 650 2124 σχήματος
674 2089 722 2123 τῆς
740 2088 869 2122 τοιαύτης
896 2088 1043 2124 χλαμύδος.

211 2134 301 2166 Φοῖνιξ
314 2133 366 2160 δὲὸ
381 2134 438 2166 υἱὸς
462 2134 508 2160 τοῦ
529 2134 677 2170 Ἀγήνορος
695 2133 765 2170 ἀνὴρ
789 2134 898 2168 ἐγένετο
917 2142 962 2160 σο-

177 2181 237 2217 φὸς,
257 2181 285 2212 ὃς
303 2179 495 2215 συνεγράψατο
510 2181 643 2211 Φοινικοῖς
666 2179 814 2215 γράμμασι
840 2179 889 2214 τὴν
902 2180 965 2213 ἀρι-

176 2228 315 2262 θμητικὴν
331 2227 500 2262 φιλοσοφίαν,
520 2226 666 2258 ὑπεξέθετο
685 2226 713 2253 δὲ
735 2227 782 2253 καὶ
801 2226 964 2260 ἀσωμάτους

176 2273 276 2308 ἀρχὰς,
295 2274 342 2299 καὶ
354 2272 470 2308 σώματα
486 2272 514 2299 δὲ
538 2271 764 2307 μεταϐάλλεσθαι,
779 2271 825 2297 καὶ
847 2272 897 2302 τὰς
918 2271 968 2306 ψυ-

178 2319 227 2353 χὰς
243 2318 282 2348 εις
295 2317 443 2351 ἀλλογεννῆ
460 2317 519 2349 ζῶα
544 2317 668 2344 εἰσιέναι.
686 2313 771 2348 Οὗτος
791 2315 901 2352 πρῶτος
923 2315 967 2348 ἑξ-

180 2364 257 2390 ἐοετο
281 2363 382 2396 ταῦτα,
404 2364 441 2395 ὼς
478 2363 594 2398 Κλήμης
627 2362 815 2397 συνεγράψατο
835 2363 849 2388 ὸ
877 2362 966 2396 σοφώ-

178 2418 272 2441 τατος.

213 2455 290 2483 Μετὰ
323 2455 352 2482 δὲ
372 2455 421 2491 τὴν
440 2454 540 2491 Ἐρμοῦ
560 2453 688 2490 τελευτὴν
709 2455 722 2480 ὁ
740 2454 892 2488 ’Ἥφαιστος
919 2454 965 2480 ἐπὶ

178 2501 300 2537 τέσσαρα
319 2501 406 2537 ἥμισυ
423 2501 470 2536 ἐτη
484 2501 534 2536 τῆς
559 2501 698 2535 Αἰγύπτου
713 2500 897 2526 ἐϐασίλευσεν.
913 2497 967 2525 Ἦν

731 2567 910 2596 XYLANDRI
929 2567 973 2595 ET

217 2630 274 2666 (55)
286 2629 345 2666 Non
360 2627 711 2666 robservaviralibiﬂtaﬁua.
731 2626 865 2666 Videntur
881 2631 970 2653 autem

169 2663 364 2699 -sic‘appellari
385 2664 533 2698 panniculi,
549 2663 649 2698 quibus
665 2671 720 2689 orae
740 2663 826 2689 lanea:
842 2667 972 2696 praetexe-

184 2698 288 2731 renttir,
299 2700 342 2726 die
354 2699 504 2726 bra'm.Nisi
513 2701 575 2734 quis
587 2698 676 2725 clavos
689 2698 815 2734 inalit,tle
823 2705 877 2731 quo
892 2698 970 2734 alias.

185 2735 291 2769 ῥούσιον
305 2736 371 2761 verti
383 2731 536 2760 eoccinuui.
553 2734 732 2769 littssatorum
746 2733 903 2769 aurigarum
921 2731 972 2769 fuit

185 2767 279 2802 genus,
293 2769 364 2803 quod
380 2770 406 2795 in
425 2769 530 2795 Nerone
548 2768 702 2802 Xiphilinns
717 2775 749 2794 ex
772 2767 856 2803 Qione
880 2767 972 2802 πυῤῥᾷ

186 2806 268 2839 σκευῇ
284 2806 409 2838 appellat.
426 2805 549 2830 Mcnnnit
571 2804 638 2830 l’lin.
656 2811 703 2834 \‘ll,
717 2803 761 2829 55.
780 2802 910 2839 Plerique
927 2809 971 2828 ro-

185 2838 375 2866 seurrtvorant
398 2841 468 2865 hunc
495 2840 625 2870 colorem,
653 2846 740 2872 neque
763 2845 856 2864 sanea
871 2838 970 2864 rubore

187 2875 337 2907 sanguineo
361 2875 451 2901 colore
473 2876 644 2909 przetlitarum
670 2873 902 2909 rosat‘ttttrcolor
928 2875 971 2909 est

186 2909 301 2937 alienus.
320 2907 480 2937 Coccinunr
493 2910 574 2936 talem
595 2909 716 2943 aurigam
737 2908 853 2942 appellit
870 2907 969 2934 alicubi

1051 2133 1167 2162 Phoenix
1182 2134 1318 2169 Agenoris
1332 2133 1404 2162 ﬁlius
1420 2133 1461 2160 vir
1477 2133 1529 2161 fuit
1548 2135 1668 2170 sapiens,
1685 2135 1731 2170 qui
1747 2134 1807 2169 phi-

1017 2179 1168 2214 losophiam
1190 2179 1224 2206 de
1243 2179 1367 2206 numeris
1383 2179 1550 2214 conscripsit
1569 2180 1667 2207 litteris
1686 2180 1806 2207 Punicis.

1019 2225 1151 2260 Exposuit
1174 2225 1254 2252 etiam
1278 2225 1410 2259 principia
1436 2225 1599 2260 incorporea
1617 2229 1644 2252 et
1661 2233 1806 2260 corporum

1020 2271 1186 2297 mutationes
1211 2270 1421 2305 animarumque
1439 2270 1466 2296 in
1489 2270 1603 2297 alterius
1622 2270 1730 2305 generis
1750 2271 1808 2297 ani-

1020 2316 1101 2342 malia
1128 2315 1318 2350 migrationes.
1338 2314 1448 2343 Primus
1474 2316 1518 2342 ltic
1542 2316 1593 2342 ista
1621 2317 1757 2350 exposuit,
1780 2320 1808 2342 ut

1018 2361 1142 2389 Clemens
1157 2362 1238 2389 homo
1255 2362 1434 2389 doctissimus
1451 2362 1584 2396 scriptum
1601 2362 1721 2396 reliquit.

1057 2451 1079 2477 A
1100 2455 1184 2477 morte
1199 2449 1327 2476 Mercurii
1345 2449 1485 2477 Vulcanus
1508 2458 1621 2484 regnum
1637 2449 1744 2486 JEgypli
1762 2458 1809 2484 per

1021 2504 1107 2524 annos
1126 2501 1243 2531 quatuor
1264 2504 1326 2523 eum
1354 2496 1470 2523 seruisse
1492 2501 1556 2522 tenu
1570 2500 1589 2522 t.
1611 2496 1671 2523 Fert
1684 2501 1714 2523 nt
1738 2497 1809 2523 hunc

1007 2566 1113 2594 GOABI
1144 2565 1261 2593 NOTzE.

1024 2625 1166 2652 Martialis.
1177 2622 1325 2651 th..—-Nil
1340 2622 1454 2650 dubium
1465 2622 1531 2656 quin
1547 2629 1614 2649 voce
1625 2621 1744 2648 ταϐλίων
1756 2621 1812 2648 lio-

1024 2668 1166 2688 manorum
1188 2659 1259 2686 latus
1279 2659 1369 2685 clavus
1384 2663 1408 2685 et
1428 2657 1524 2684 limbus
1541 2662 1810 2690 purpureumrcstem

1023 2696 1169 2730 insigniter
1182 2699 1334 2730 praetexens
1348 2693 1383 2721 sit
1400 2693 1602 2730 intelligendus.
1620 2692 1725 2727 ρούσιον
1739 2693 1812 2718 enim

1024 2729 1124 2765 χρῶμα
1136 2737 1225 2756 roseus
1245 2734 1287 2756 est
1304 2729 1362 2765 sive
1378 2735 1524 2765 purpureus
1539 2729 1622 2765 calor,
1641 2732 1722 2761 atque
1742 2734 1811 2752 unus

1023 2763 1055 2792 at
1077 2763 1110 2792 iis
1124 2773 1192 2799 quos
1211 2765 1282 2791 inter
1295 2764 1485 2799 aurigandth
1506 2763 1642 2799 factiones
1660 2764 1812 2799 immutasse

1023 2801 1118 2827 scribit
1132 2795 1227 2826 auctor
1249 2800 1275 2826 in
1292 2795 1424 2825 Michaele
1443 2798 1587 2831 Theophili
1608 2796 1673 2823 lilio.
1688 2795 1812 2831 Prasino

1024 2843 1118 2870 porro,
1139 2834 1243 2861 Veneto
1264 2838 1290 2862 et
1307 2833 1430 2870 Canding
1456 2830 1563 2867 ρούσὶον
1584 2830 1715 2867 adjungit,
1731 2837 1812 2866 quem

1024 2868 1128 2898 roseum
1142 2870 1368 2906 interpretantur.
1382 2868 1469 2897 Gesn.
