2007 3156
240 159 276 190 63
874 159 1035 189 GEORGII
1051 159 1218 189 CEDRENI
1836 162 1873 194 (εί

238 217 398 244 bellatorem
415 217 510 251 fuisse,
526 223 558 245 ac
573 223 636 244 cum
654 223 726 251 equo
740 219 914 243 corruentem
933 214 1028 249 pedem

1088 215 1124 246 5k,
1139 215 1218 248 φασὶ,
1233 215 1412 250 πολεμιστὴς,
1428 216 1457 242 ὃν
1473 218 1647 251 συμπεσόντα
1661 218 1700 253 τῷ
1717 218 1791 252 ἵππῳ
1804 219 1873 252 πλη-

239 263 365 299 fregisse,
380 264 452 292 unde
467 264 499 292 ad
510 268 625 292 mortem
642 271 730 299 usque
742 263 858 291 claudus
870 269 1029 297 permanse-

239 309 287 337 rit.
312 310 340 337 In
357 310 470 337 deorum
486 316 629 337 numerum
646 315 709 336 eum
725 307 845 343 Egyptii
866 306 1028 337 retulerunt,

240 356 314 391 quod
334 356 392 392 lege
409 356 463 383 lata
485 355 608 391 ipsorum
625 362 728 382 uxores
743 361 798 381 uno
812 354 872 380 viro
886 356 1031 380 contentas

240 408 303 430 esse
322 406 349 429 et
371 401 469 437 pudice
493 402 585 430 vivere
605 401 744 436 iussisset,
762 398 982 433 suppliciumque
1002 398 1030 424 in

240 447 380 474 adulteras
400 447 609 479 constituissetj;
638 450 685 472 aut
708 451 790 476 vero,
812 447 841 471 ut
859 443 936 471 Plato
954 443 1030 476 vult,

241 492 314 528 quod
330 493 370 520 eis
385 492 544 520 bellicorum
560 495 587 519 et
603 490 770 518 rusticorum
785 490 1030 517 instrumentorum

239 546 273 566 ex
291 539 364 566 ferro
380 538 589 565 fabricationem
603 536 821 564 demonstrasset
840 546 846 563 :
864 540 928 563 ante
941 536 1030 572 ipsum

242 586 317 612 enim
334 584 472 619 lapidibus
487 588 514 611 et
525 583 646 610 fustibus
662 581 958 618 praeliabanturJIunc
973 590 1032 617 my-

239 629 308 657 stica
332 628 449 663 quadam
473 628 629 662 precatione
656 628 733 655 aiunt
758 636 791 655 ex
810 635 873 655 aere
899 626 1030 662 forcipem

241 675 416 709 impetrasse.
433 678 514 709 atque
529 675 566 702 ita
583 674 721 710 [Egyptiis
735 675 798 701 teris
817 674 968 701 fabricandi
986 681 1031 701 ar-

240 724 295 747 tem
312 719 469 747 tradidisse.
957 720 960 723 ‘

278 766 333 801 36
355 765 476 793 Vult-ano
489 767 619 794 defuncto
633 766 706 793 ﬁlius
718 766 828 793 nomine
843 765 887 792 Sol
901 765 1033 792 successit

244 819 276 838 ac
297 819 342 838 rex
361 811 551 848 Egyptiorum
578 813 658 839 annis
672 812 768 847 viginti
789 812 872 839 semis
893 812 952 838 fuit.
968 811 1034 839 Post

243 857 316 885 hunc
339 858 427 891 Sosis,
445 859 508 886 inde
533 859 632 890 Osiris,
648 862 741 893 postea
756 857 837 890 Orus,
856 863 911 884 tum
931 857 1032 885 Thules

240 903 401 939 Egyptum,
422 905 493 932 alius
510 908 572 939 post
588 905 671 931 alium
697 909 837 931 rexerunt.
851 903 951 930 Thules
971 911 1029 929 om-

242 957 304 976 nem
325 953 425 976 terram
445 957 531 984 usque
556 950 589 976 ad
616 948 756 976 Oceanum
782 948 952 982 occupavit:
969 949 1031 976 inde

241 995 269 1023 in
286 995 407 1023 Africam
424 1002 552 1022 reversus
577 995 719 1022 oraculum
737 994 888 1027 consuluit,
904 994 1030 1029 quisnam

241 1048 272 1068 se
291 1041 366 1076 prior
383 1045 488 1068 tantum
514 1041 658 1075 potestatis
679 1040 831 1072 habuisset,
846 1047 879 1068 ac
893 1040 955 1075 quis
970 1043 1032 1075 post

240 1086 330 1122 ipsum
342 1087 512 1114 tantumdem
525 1086 670 1113 habiturus
685 1090 768 1114 esset.
781 1086 819 1113 Ita
831 1086 855 1113 ei
870 1093 1032 1120 responsum

242 1133 424 1169 perhibetur:
444 1132 467 1167 (ι
488 1132 628 1167 Principio
642 1132 720 1165 deus,
743 1132 807 1159 hinc
830 1139 931 1164 sermo,
952 1136 1034 1166 atque

242 1180 286 1207 his
309 1180 424 1215 spiritus
444 1179 572 1213 junctus.
588 1178 652 1206 llaec
676 1179 727 1206 tria
753 1182 869 1213 cognata
891 1187 897 1204 :
915 1182 956 1206 est
978 1177 1034 1204 illis

241 1231 342 1253 :eterna
369 1229 501 1261 potestas.
526 1225 648 1253 Mortalis
664 1245 672 1258 ,
691 1225 772 1252 celeri
799 1233 895 1259 gressu
920 1229 946 1252 te
972 1224 1035 1251 hinc

243 1272 369 1307 protinus
396 1271 487 1304 aufer,
509 1271 642 1299 incertam
661 1271 762 1307 degens
785 1271 869 1298 dubio
891 1271 1035 1297 conamine

242 1318 337 1345 vitam.
357 1316 383 1353 ι)
403 1316 504 1344 Ferunt
529 1317 611 1350 hunc,
640 1317 685 1346 ubi
709 1318 827 1352 primum
852 1317 909 1344 mdo
928 1316 1034 1343 oraculi

243 1370 374 1398 egressus
389 1367 442 1396 est,
459 1370 474 1390 α
490 1363 549 1392 suis
567 1371 629 1391 esse
645 1363 672 1391 in
690 1363 748 1398 ipsa
765 1363 856 1390 Africa
869 1363 1034 1398 iugulatum.

244 1407 386 1436 Successit
410 1407 435 1435 ei
465 1409 622 1441 Sesostris,
650 1415 682 1435 ac
704 1408 739 1435 20
763 1409 844 1436 annis
867 1416 980 1442 regnum
1008 1408 1036 1435 in

243 1452 388 1489 Egyptios
400 1454 496 1488 gessit.
512 1453 561 1482 llic
579 1455 718 1489 Assyrios,
738 1453 883 1481 Chaldaeos
895 1457 920 1480 et
938 1452 1042 1480 Persas

243 1507 332 1534 usque
354 1499 388 1527 ad
414 1499 580 1536 Babylonem
600 1499 717 1535 subegit,
734 1500 884 1534 Asiamque
903 1503 930 1526 et
950 1498 1038 1526 Euro-

1082 261 1163 295 γῆναι
1183 262 1231 288 τὸν
1256 262 1324 288 πόδα
1350 261 1398 289 καὶ
1425 262 1580 297 χωλεύοντα
1600 263 1664 299 ἄχρι
1682 265 1776 296 τέλους
1793 265 1874 300 διαρ-

1081 307 1171 334 κέσαι.
1196 306 1353 342 Ἀπεοεὼῦη
1381 307 1409 333 δὲ
1433 308 1612 341 ὁἮφαιστος
1634 308 1685 335 ὑπὸ
1708 310 1870 344 Αἰγυπτίων

1081 353 1126 380 διὰ
1140 351 1170 379 τὸ
1187 352 1368 388 νομοθετῆσαι
1380 354 1539 388 μονανδρεῖν
1563 354 1611 381 καὶ
1634 355 1782 390 σωφρόνως
1796 355 1874 391 βιουν

1081 399 1130 430 τὰς
1139 401 1272 433 γυναῖκας
1291 400 1344 425 τῶν
1361 399 1528 433 Αἰγυπτίων,
1545 400 1594 433 τὰς
1619 401 1647 427 δὲ
1674 402 1874 437 μοιχευομένας

1081 445 1274 480 τιμωρεῖσθαι,
1288 445 1355 472 ἀλλὰ
1374 446 1427 480 μὴν
1443 446 1489 472 καὶ
1498 445 1535 478 ὡς
1545 447 1558 472 ὁ
1570 445 1691 477 Πλάτων,
1709 446 1870 481 πολεμικῶν

1083 493 1128 518 καὶ
1155 491 1318 527 γεωργικῶν
1344 492 1494 526 ἐργαλείων
1520 492 1570 528 τὴν
1601 493 1633 519 ἐκ
1658 493 1766 529 σιδήρου
1787 502 1874 520 κατα-

1084 538 1184 572 σκευὴν
1198 538 1289 569 αὐτοῖς
1303 538 1482 570 ὐποδείξαντιι
1494 546 1500 553 ·
1516 538 1601 570 λίθοις
1622 539 1675 574 γὰρ
1685 540 1730 565 καὶ
1745 539 1874 574 ῥοπάλοις

1083 585 1234 619 ἐπολέμουν
1251 585 1304 621 πρὸ
1318 585 1413 615 αὐτοῦ,
1431 585 1526 612 τοῦτον
1539 586 1567 613 δέ
1586 595 1653 620 φασι
1675 587 1718 613 διὰ
1736 586 1874 621 μυστικῆς

1083 633 1167 667 εὐχῆς
1187 632 1235 666 τὴν
1250 631 1385 667 ὀξυλάεην
1399 632 1546 666 δεξάμενον
1566 633 1598 658 ἐκ
1619 633 1666 659 τοῦ
1686 633 1777 668 ἀέρος,
1797 633 1875 659 οὕτω

1083 678 1132 713 τὴν
1149 677 1332 712 χαλκευτικὴν
1346 678 1507 712 Αἰγυπτίοις
1520 677 1700 711 παραδοῦναι.

1118 766 1196 793 Μετὰ
1217 765 1246 792 δὲ
1259 766 1414 799 Ἥφαιστον
1433 765 1446 792 ὁ
1471 765 1529 797 υίὸς
1556 765 1639 792 αὑτοῦ
1655 766 1749 797 ’Ἥλιος
1777 767 1876 794 καλού-

1086 820 1166 846 μενος
1177 813 1221 838 ἐπὶ
1234 812 1321 838 εἰκοσι
1335 811 1378 847 [Ρ.
1393 811 1440 847 20]
1455 812 1501 838 καὶ
1513 811 1600 846 ἥμισυ
1612 811 1658 847 ἐτη
1673 814 1722 847 τῆς
1735 813 1875 845 Αἰγύπτου

1084 857 1254 890 ἐϐασίλευσε,
1283 857 1332 884 καὶ
1357 858 1416 891 μετ’
1442 857 1523 884 αὑτὸν
1556 857 1656 890 Σῶσις,
1678 856 1736 884 εἶτα
1755 860 1874 894 Ὄσιρις,

1084 902 1143 938 μεθ’
1153 900 1336 938 ὃνὨρος,καὶ
1346 902 1405 937 μετ’
1423 902 1504 929 αὑτὸν
1529 903 1642 938 Θούλης,
1659 903 1688 934 ὃς
1701 904 1747 930 καὶ
1761 904 1812 936 ἕως
1826 905 1874 932 τοῦ

1089 949 1216 976 Ὠκεανοῦ
1242 949 1335 976 πᾶσαν
1355 949 1404 984 τήν
1427 948 1480 983 γῆν
1505 950 1684 984 παρείληφεν.
1709 950 1770 977 Ἐπὶ
1785 951 1874 987 δὲτὴν

1088 995 1221 1031 Ἀφρικὴν
1236 995 1414 1030 ὑποστρέψων
1428 996 1469 1026 είς
1494 996 1524 1022 τὺ
1547 997 1674 1030 μαντεῖον
1701 997 1866 1024 ἐπυνθάνετο

1083 1040 1124 1072 τίς
1139 1040 1192 1075 πρὸ
1205 1040 1291 1068 αὑτοῦ
1306 1041 1353 1067 καὶ
1373 1041 1415 1072 τίς
1430 1041 1490 1075 μετ’
1503 1041 1587 1068 αὐτὸν
1608 1041 1679 1069 οὕτω
1703 1042 1850 1077 δυνήσεται
1863 1051 1870 1059 ”
1883 1068 1886 1070 .

1083 1085 1198 1113 ἀκοῦσαι
1216 1085 1244 1112 δὲ
1254 1085 1301 1112 τοῦ
1318 1086 1443 1121 χρησμοῦ
1459 1085 1545 1118 οὕτως
1558 1095 1566 1102 ·
1585 1095 1594 1112 ι
1609 1087 1708 1122 Πρῶτα
1720 1088 1786 1120 Θεὸς
1803 1087 1873 1123 (56),

1087 1132 1235 1167 μετέπειτα
1250 1131 1343 1165 λόγος,
1357 1131 1404 1159 καὶ
1415 1131 1526 1166 πνεῦμα
1551 1133 1599 1159 σὺν
1616 1132 1726 1164 αὐτοῖς·
1745 1134 1875 1168 σύμφυτα

1085 1177 1113 1204 δέ
1123 1178 1176 1204 εισι
1189 1177 1261 1210 τάδε,
1275 1174 1312 1204 ὧν
1325 1178 1424 1212 κράτος
1444 1177 1563 1205 αἰώνιον.
1591 1177 1681 1205 *Ωκείσι
1691 1181 1755 1205 ποσὶ
1769 1179 1874 1214 βάδιζε,

1086 1222 1177 1257 θνητὲ,
1192 1223 1289 1257 ἄδηλον
1301 1222 1417 1249 διανύων
1430 1223 1497 1258 βίον.
1510 1232 1519 1248 ι
1530 1223 1629 1250 Τοῦτον
1645 1223 1726 1255 εὐθὺς
1744 1224 1790 1250 τοῦ
1807 1234 1878 1258 pav-

1085 1268 1159 1295 τείου
1174 1267 1354 1302 ἐξεληλυθότα
1374 1269 1399 1295 οί
1413 1269 1472 1295 ἴδιοι
1489 1270 1517 1296 ἐν
1538 1269 1605 1305 αὐτῇ
1624 1271 1656 1305 τῇ
1679 1271 1795 1306 Ἀφρικῇ
1809 1280 1878 1297 χατ-

1087 1314 1217 1348 έσφαξςιν.
1234 1314 1311 1340 Μετὰ
1323 1314 1352 1340 δὲ
1368 1313 1463 1341 τοῦτον
1476 1315 1629 1348 Σέσωστρις
1645 1315 1700 1342 τῶν
1715 1317 1874 1350 Αἰγυπτίων

1087 1361 1133 1387 ἐπτῖ⁵
1149 1361 1250 1387 εἴκοσιν
1263 1360 1309 1395 Ern
1328 1360 1515 1389 ἐϐασίλευσεν,
1541 1357 1626 1392 οὗτος
1647 1361 1805 1397 Ἀσσυρίους
1827 1361 1877 1390 καὶ

1087 1407 1236 1438 Χαλδαίους
1254 1406 1300 1432 καὶ
1317 1406 1425 1442 Πέρσας
1438 1406 1489 1438 ἕως
1513 1406 1668 1438 Βαϐυλῶνος
1687 1407 1816 1439 ὑπέταξε,
1829 1407 1878 1437 καὶ

1087 1453 1136 1487 τὴν
1157 1453 1262 1484 Ἀσίαν,
1285 1451 1421 1487 Εὐρώπην
1448 1453 1496 1478 καὶ
1526 1453 1634 1479 Μυσίαν
1664 1453 1711 1479 καὶ
1746 1453 1876 1481 Σκυθίαν.

1094 1495 1288 1531 ’Υποστρέφων
1299 1496 1326 1522 δὲ
1343 1496 1495 1522 δεκαπέντε
1511 1497 1636 1532 χιλιάδας
1660 1498 1767 1532 ἀνδρῶν
1787 1499 1872 1524 νεανί-

243 1553 318 1581 pam,
343 1545 457 1582 Mysiam
484 1551 511 1573 et
534 1545 686 1581 Scythiam.
714 1545 854 1574 Reversus
880 1545 1034 1581 quindecim

1091 1551 1174 1574 σκων,
1190 1542 1302 1568 Σκυθῶν
1317 1542 1520 1577 μαχιμωτάτων
1536 1542 1698 1583 ἐπιλέκτων,
1715 1544 1743 1570 ἐν
1761 1545 1793 1579 τῇ
1808 1544 1878 1580 Περ-

244 1593 332 1620 millia
349 1592 515 1628 Scytharum
528 1593 658 1628 iuvenum
675 1593 808 1625 delectos,
821 1592 869 1627 qui
891 1593 1035 1621 bellatores

243 1642 338 1666 essent
350 1639 458 1673 optimi,
472 1638 498 1666 in
514 1639 625 1667 Perside
638 1639 793 1667 collocavit.
809 1638 867 1666 Sub
881 1639 931 1666 hoc
946 1637 1036 1666 ferunt

246 1684 412 1712 Mercurium
429 1685 457 1712 in
474 1684 593 1720 Egypto
611 1685 774 1718 innotuissc,
792 1684 980 1712 admirabilem
996 1684 1037 1712 vi-

248 1738 308 1757 rum
320 1734 347 1759 et
361 1731 504 1766 sapientiae
519 1739 603 1759 causa
620 1731 799 1766 stupendum.
812 1731 839 1759 Is
852 1730 900 1759 Dei
915 1730 1036 1758 universi

247 1775 330 1811 hujus
346 1775 503 1805 Conditoris
519 1783 575 1804 tres
589 1784 651 1805 esse
665 1777 799 1804 maximas
813 1777 967 1809 facultates,
977 1776 1038 1803 uni-

245 1828 309 1848 cam
337 1829 403 1849 vero
428 1822 549 1850 divinam
574 1827 700 1850 naturam
730 1823 811 1853 dixit.
838 1823 930 1858 Itaque
953 1823 1036 1850 etiam

246 1866 443 1903 Trismegistus
472 1866 605 1901 Hermes,
629 1867 703 1904 quod
733 1873 776 1897 est
804 1868 955 1896 Mercurius
983 1875 1037 1896 m-

246 1913 395 1946 maximus,
410 1913 605 1941 denominatus
627 1918 680 1943 est.
695 1913 783 1949 Hujus
799 1915 832 1941 ad
847 1914 1036 1950 Esculapium

247 1959 393 1993 quemdam
418 1959 476 1987 hac
500 1965 564 1988 sunt
581 1960 663 1988 verba
679 1969 688 1989 ι
707 1970 716 1987 ι
734 1961 798 1988 Erat
817 1961 863 1988 lux
882 1961 1037 1996 intelligens

247 2008 312 2033 ante
336 2005 425 2032 lucem
455 2005 673 2041 intelligentem;
695 2011 808 2041 eratque
831 2014 939 2042 semper
960 2014 1036 2036 mens

246 2056 308 2086 qua
324 2051 424 2079 mentis
435 2058 516 2078 causa
527 2054 611 2084 esset,
626 2059 714 2088 neque
725 2052 876 2088 quidquam
891 2057 950 2080 erat
963 2052 1036 2080 aliud

247 2104 331 2131 quam
352 2097 434 2132 hujus
456 2097 555 2125 mentis
576 2098 680 2126 unitas.
699 2097 737 2125 Ea
755 2106 832 2125 utens
847 2106 908 2125 cum
929 2105 1036 2133 semper

247 2141 276 2168 in
301 2149 363 2169 sese
393 2142 452 2178 ipsa
478 2143 525 2176 sit,
542 2150 652 2178 semper
676 2150 725 2170 sua
751 2143 838 2178 ipsius
861 2149 950 2171 mente
977 2145 1036 2172 luce

244 2191 329 2222 atque
353 2187 451 2222 spiritui
479 2189 607 2216 universa
635 2190 766 2216 continet.
792 2189 844 2225 37
868 2189 949 2218 Extra
975 2198 1035 2218 eam

1090 1589 1153 1623 σικῇ
1181 1589 1216 1624 γῇ
1246 1588 1408 1623 κατῴκισεν.
1428 1588 1490 1615 Ἐπὶ
1506 1589 1601 1616 τούτου
1623 1590 1734 1625 Ἐρμῆν
1751 1599 1832 1625 φασιν
1847 1591 1879 1617 ἐν

1089 1634 1221 1670 Αίγύπτῳ
1238 1633 1394 1670 θαυμαστὸν
1413 1634 1498 1669 ἄνδρα
1520 1635 1675 1670 γνωσθῆναι
1702 1636 1747 1662 καὶ
1762 1636 1879 1672 φοὸερδν

1089 1681 1137 1707 ἐπὶ
1149 1681 1231 1716 σοφίᾳ
1241 1689 1248 1695 ·
1260 1680 1289 1711 ὃς
1305 1680 1408 1715 ἔφρασε
1422 1681 1495 1715 τρεῖς
1510 1681 1642 1715 μεγίστας
1657 1679 1727 1708 εἶναι
1748 1681 1879 1716 δυνάμεις

1090 1726 1136 1753 τοῦ
1152 1727 1323 1762 Δημιουργοῦ
1344 1726 1399 1753 τῶν
1414 1726 1485 1753 ὅλων
1501 1726 1581 1758 Θεοῦ,
1597 1727 1661 1760 μίαν
1681 1727 1795 1762 ϐιότητα
1809 1725 1879 1755 εἶναι

1090 1769 1166 1798 εἷπε·
1184 1771 1223 1797 διὸ
1238 1770 1286 1798 καὶ
1308 1770 1508 1806 Τρισμέγιστος
1529 1771 1634 1806 Ἐρμῆς
1655 1771 1876 1805 κατωνόμασται.

1093 1817 1140 1846 ’ος
1156 1815 1228 1842 οὕτω
1239 1815 1307 1851 πρός
1321 1823 1382 1841 τινα
1399 1814 1562 1850 Ἀσκληπιὸν
1573 1815 1664 1846 αὐτοῖς
1673 1816 1791 1850 ρήμασιν
1804 1815 1858 1851 ἔφη
1866 1824 1875 1832 ·

1093 1871 1102 1889 ι
1118 1860 1174 1889 Ἶιν
1190 1861 1248 1897 φῶς
1263 1861 1358 1898 νοερὸν
1371 1861 1424 1897 πρὸ
1438 1861 1527 1896 φωτὸς
1539 1861 1645 1896 νοεροῦ,
1661 1863 1706 1888 καὶ
1718 1859 1752 1897 ἦν
1763 1861 1808 1888 ἀεὶ
1818 1861 1880 1894 νοῦς

1091 1907 1136 1935 νοῦ
1154 1907 1251 1939 αἴτιον,
1268 1907 1316 1934 καὶ
1335 1906 1411 1934 οὐδὲν
1430 1905 1524 1942 ἕτερον
1539 1904 1573 1942 ἦν
1589 1906 1604 1942 ἢ
1619 1906 1635 1941 ἡ
1650 1906 1746 1933 τούτου
1771 1906 1878 1942 ἑνότης.

1096 1953 1152 1980 Ἀεὶ
1170 1954 1200 1980 ἐν
1213 1952 1287 1988 αὐτῷ
1301 1951 1339 1979 ὢν
1357 1953 1402 1979 ἀεὶ
1425 1953 1463 1988 τῷ
1490 1952 1588 1979 ἑαυτοῦ
1609 1951 1650 1979 νοτ
1681 1952 1729 1979 καὶ
1748 1953 1817 1987 φωτὶ
1832 1953 1879 1979 καὶ

1090 1998 1227 2034 πνεύματι
1243 1999 1332 2026 πάντα
1348 1998 1483 2034 περιέχει.
1512 1998 1605 2030 Ἐκτδς
1624 1998 1719 2025 τούτου
1743 1999 1774 2024 οὺ
1799 1998 1878 2030 Θεὸς,

1089 2046 1140 2072 οὑκ
1151 2045 1278 2080 ἄγγελος,
1295 2045 1326 2072 οὐ
1339 2045 1456 2079 δαίμων,
1469 2045 1519 2071 οὐκ
1528 2044 1607 2072 οὐσία
1616 2053 1656 2076 τις
1669 2045 1736 2079 ἄλλη
1747 2053 1755 2060 ’
1769 2045 1879 2071 πάντων

1089 2092 1143 2127 γὰρ
1157 2092 1259 2127 Κύριος
1275 2092 1321 2118 καὶ
1345 2091 1410 2122 θεὸς
1433 2092 1479 2117 καὶ
1504 2091 1620 2125 Πατήρο
1641 2090 1687 2117 καὶ
1713 2090 1801 2117 πὰντα
1832 2090 1879 2116 ὑπ’

1092 2137 1176 2164 αὐτοῦ
1191 2138 1239 2165 καὶ
1253 2140 1282 2164 ὲν
1297 2137 1371 2172 αὐτῷ
1388 2138 1475 2163 ἐστιν.
1496 2137 1525 2163 '0
1540 2137 1594 2171 γὰρ
1609 2137 1688 2170 λόγος
1707 2137 1790 2163 αὑτοῦ
1812 2145 1880 2172 προ-

1090 2182 1177 2210 ελθὼν
1195 2182 1354 2211 παντέλειος
1380 2181 1426 2208 καὶ
1458 2181 1569 2216 γόνιμος
1591 2181 1638 2208 καὶ
1654 2181 1832 2217 δημιουργὸς,
1849 2182 1880 2208 ἐν

248 2238 367 2261 tuentem
381 2242 469 2270 neque
485 2235 552 2262 deus
573 2239 616 2263 est
638 2243 727 2270 neque
740 2237 863 2271 angelus,
881 2244 969 2272 neque
982 2237 1034 2265 daa-

1091 2229 1197 2264 γονίμῳ
1211 2228 1292 2262 φύσει
1306 2226 1397 2254 πεσὼν
1409 2227 1476 2262 (57),
1494 2227 1523 2253 ἐν
1538 2227 1643 2262 γονίμῳ
1668 2227 1755 2260 ὕδατι,
1781 2227 1880 2260 ἔγκυον

245 2288 321 2313 mon,
337 2288 426 2317 neque
441 2282 495 2308 alia
509 2281 564 2309 ulla
576 2285 690 2309 natura.
706 2282 833 2310 Omnium
851 2283 922 2311 enim
941 2283 1036 2310 Domi-

245 2334 298 2354 nus
316 2325 387 2355 Deus
409 2331 438 2355 et
463 2327 543 2356 Pater
565 2332 618 2356 est.
640 2327 696 2357 Sub
717 2329 775 2365 ipso
789 2333 815 2357 et
830 2329 856 2357 in
872 2329 932 2365 ipso
945 2331 1037 2357 omnia

246 2377 323 2401 sunt:
344 2373 442 2402 Sermo
467 2374 540 2402 enim
565 2374 663 2409 ipsius,
679 2376 724 2410 qui
749 2376 885 2411 perfectus
908 2377 1036 2404 omnibus

245 2419 337 2447 ιιιοὰἰε
356 2424 398 2448 est
411 2425 439 2447 et
455 2419 591 2448 fecundus
611 2429 643 2448 ac
668 2421 769 2457 opifex,
785 2423 819 2450 ab
835 2423 894 2457 ipsa
910 2430 1039 2458 progres-

243 2472 295 2493 sus
316 2470 408 2493 mente
428 2467 512 2501 inque
530 2474 640 2502 aquam,
656 2468 734 2502 cujus
754 2473 798 2496 est
814 2469 913 2496 fertilis
928 2473 1036 2500 natura,

244 2510 384 2542 incidens.
398 2511 479 2539 fetam
505 2519 602 2547 aquam
626 2514 755 2542 reddidit.
775 2523 784 2540 ι
803 2514 866 2542 Ilaec
881 2514 954 2542 fatus
971 2514 1038 2541 Iler-

246 2563 306 2583 mes
321 2555 361 2583 sic
377 2561 504 2591 precatus
519 2561 580 2585 est:
599 2567 608 2584 ε
625 2559 730 2594 Adiuro
742 2564 778 2591 te,
794 2559 856 2587 coeli
875 2559 964 2594 magni
978 2559 1037 2594 opi-

245 2599 291 2627 fex
307 2609 315 2629 :
331 2601 429 2636 adiuro
452 2606 488 2636 te,
511 2611 562 2631 vox
582 2602 682 2637 Patris,
698 2612 780 2639 quam
805 2604 920 2639 primam
940 2603 1037 2636 edidit,

246 2646 418 2683 unigenitum
430 2656 509 2677 suum
526 2650 658 2684 Verbum,
675 2651 813 2686 propitius
827 2655 897 2677 esto.
918 2660 926 2676 ι
944 2651 1042 2677 Beatus

1088 2275 1119 2301 th
1133 2274 1205 2309 ὓδωρ
1220 2272 1356 2308 εποίησεν.
1375 2281 1384 2298 ι
1403 2271 1496 2303 Οὕτως
1510 2272 1595 2298 εἰπὼν
1608 2274 1621 2298 ὁ
1637 2273 1741 2308 Ἑρμῆς
1754 2272 1855 2307 ηὔξατο
1870 2279 1878 2288 ·

1092 2330 1102 2347 ι
1130 2319 1248 2355 Ὁρκίζω
1265 2326 1304 2350 σε,
1318 2317 1434 2352 οὐρανοῦ
1453 2318 1572 2353 μεγάλου
1591 2318 1704 2352 ἐργάται,
1721 2318 1822 2353 ὁρκίζω
1835 2326 1879 2350 σε,

1090 2365 1166 2402 φωνὴ
1185 2365 1302 2400 Πατρὺς,
1319 2366 1353 2401 ἣν
1375 2364 1526 2400 ἐφθέγξατο
1543 2364 1667 2400 πρώτην,
1687 2365 1734 2392 τὸν
1748 2366 1879 2400 μονογενῆ

1090 2413 1168 2446 λόγον
1186 2412 1280 2444 αὐτοῦ,
1300 2412 1380 2443 ῦεως
1409 2412 1464 2438 ἔσο.
1485 2421 1494 2437 ι
1509 2411 1570 2438 Τῶν
1590 2411 1686 2445 φωνῶν
1711 2412 1815 2438 τούτων
1832 2411 1880 2437 καὶ

1089 2461 1103 2487 ὁ
1116 2460 1187 2494 ίερδς
1201 2459 1334 2493 Κύριλλος
1347 2457 1470 2494 ἐμνήσθη
1485 2457 1570 2485 είπὼν
1584 2459 1624 2485 ὃτι
1639 2459 1685 2486 καὶ
1696 2459 1710 2485 6
1729 2459 1881 2494 Τρισμέγι-

1093 2516 1154 2538 στος
1168 2506 1272 2541 Ἑρμῆς
1282 2505 1384 2541 Τριὰδα
1396 2505 1541 2539 ὡμολόγει.
1562 2505 1590 2532 ’0
1605 2505 1632 2531 δὲ
1643 2506 1794 2540 Σέσωστρις
1809 2505 1880 2540 μετὰ

1091 2553 1141 2588 τὴν
1156 2553 1235 2587 νίκην
1249 2552 1299 2586 τὴν
1321 2552 1459 2585 Αίγυπτον
1485 2551 1646 2578 καταλαϐὼν
1671 2551 1793 2586 τελευτᾷ.
1818 2551 1879 2577 Ἀν-

1092 2601 1156 2634 iam
1173 2599 1202 2626 δὲ
1223 2598 1282 2633 μετ’
1297 2597 1379 2624 αὐτὸν
1403 2597 1529 2632 βασιλεὺς
1559 2597 1602 2624 ἐπ’
1616 2597 1754 2631 Αἴγυπτον
1778 2595 1880 2632 Φαραὼ

1096 2647 1110 2673 ό
1127 2646 1173 2672 καὶ
1184 2644 1301 2680 Ναρεχὼ
1317 2644 1496 2678 καλούμενος,
1513 2644 1655 2679 κρατήσας
1665 2643 1723 2678 ἐτη,
1740 2643 1778 2674 ὣς
1797 2651 1878 2678 φασι.

792 2716 968 2744 XYLANlilil
994 2717 1036 2744 ET
1071 2713 1177 2742 GOARI
1197 2711 1315 2740 ΝΟΤᾸΞ.

280 2776 336 2812 (56)
348 2776 450 2804 Versus
464 2781 529 2804 sunt
544 2775 654 2804 confusi
671 2775 819 2812 IllﬂGl'fECO,
836 2784 953 2812 quorum
974 2784 1035 2802 scn-

242 2810 358 2840 leniintn
378 2817 495 2839 conatus
511 2819 571 2839 sum
587 2813 676 2839 edere.
693 2810 760 2838 ΧΠ..

280 2849 338 2880 (5⁵1)
356 2847 434 2882 Apud
448 2847 559 2873 Suidam
574 2845 733 2882 ίηνἙρμῆς
751 2847 807 2874 lucc
818 2847 923 2877 eadem,
941 2846 1036 2882 paucis

243 2883 370 2916 mutatis,
381 2880 553 2911 referuntur.
570 2880 621 2909 Sed
643 2882 742 2910 vitiose
757 2881 792 2910 ibi
807 2882 904 2918 legitur
919 2884 981 2914 παῖς
996 2881 1034 2908 ὢν

1089 2773 1145 2804 καί,
1157 2773 1228 2800 sit-ut
1240 2775 1335 2799 contra
1359 2779 1410 2798 nos
1426 2771 1526 2798 vitiose
1545 2770 1632 2804 ἐαυτῷ
1647 2771 1727 2805 paulo
1744 2776 1807 2798 ante
1828 2779 1881 2806 pro

1090 2809 1163 2843 ουτῷ
1176 2808 1354 2869 habebat-ius.
1367 2807 1420 2835 Sed
1433 2811 1460 2834 ct
1475 2806 1594 2841 precatio
1603 2806 1672 2841 apud
1687 2806 1796 2833 Suidam
1809 2815 1880 2838 nuu-

1091 2847 1156 2870 u.l.tl
1177 2845 1272 2870 variat.
1317 2849 1359 2870 fl...

1091 2847 1156 2871 u.l.tl
1177 2848 1272 2870 variat.
1291 2847 1359 2870 λιι..
