2007 3156
138 191 174 221 6;}
671 192 940 224 llISTORIAIIUIu'
963 195 1229 229 COMPEN’DIUM.
1728 205 1763 236 70

120 245 126 250 ’
136 247 182 274 ὑπ’
196 246 276 274 αὑτὸν
293 247 328 282 γῇ
344 247 392 274 xa‘t
407 247 444 279 ὠς
455 247 485 279 ἐξ
500 247 616 283 οὐρανοῦ
641 248 840 284 κατενεχθέντα
859 250 913 277 eam

973 257 1048 287 pater
1061 254 1161 282 intulit.
1181 255 1232 284 Cui
1247 265 1309 285 cum
1332 258 1432 288 infesto
1451 267 1522 297 equo
1538 268 1685 292 occurrens
1699 262 1764 292 Per-

136 291 262 320 σέϐεσθαι
276 293 306 319 τὸ
323 292 378 328 πῦρ
391 293 481 320 ἐκεῖνο
498 293 630 325 θεσπίσας
654 294 757 328 ἐδίδαξε
780 297 920 331 πυρσολα-

133 341 219 375 τρεῖν,
239 339 343 375 μάγους
356 340 418 372 τοὺς
440 339 488 367 τοῦ
503 340 589 376 πυρὸς
614 340 695 377 ἱερεῖς
712 342 839 374 καλέσας.
858 342 923 378 Ἐρ-

133 394 210 420 χεται
226 385 273 412 οὖν
285 386 353 422 πρὸς
369 385 450 413 αὑτὸν
471 387 500 413 ἐν
521 387 632 422 πολέμῳ
644 389 657 414 ὁ
672 387 721 423 τῆς
742 388 922 423 Ἀνδρομέδας

133 431 224 468 πατὴρ
239 432 252 459 ὸ
270 432 395 467 Κηφεύς.
415 432 470 459 Καὶ
487 433 573 460 tmte
594 434 714 469 Περσεὺς
735 434 850 467 ἐξελθὼν
871 435 921 470 τὴν

132 477 181 512 τῆς
199 478 329 512 Γοργόνος
345 478 465 514 κεφαλὴν
490 479 659 513 ἐπεδείκνυε,
681 480 794 516 Κηφεὺς
817 481 845 508 δὲ
869 481 920 508 ὑπὸ

132 523 181 549 τοῦ
196 524 288 559 γήρως
301 525 485 558 ἀμϐλυωπῶν,
507 525 545 557 ὡς
562 525 680 560 ἔφιππος
697 527 758 553 κατ’
776 527 858 553 αὑτοῦ
874 528 921 553 ἐπ-

132 569 240 595 έϐαινεν
253 570 266 596 ὁ
282 570 414 606 Περσεὺς,
429 571 536 605 ἀγνοῶν
551 572 728 606 ἀμϐλυωπεῖν
750 572 794 598 τὸν
809 573 916 608 Κηφέα,

131 614 273 648 ἐλογίσατο
289 617 325 651 μὴ
341 617 463 652 ἐνεργεῖν
479 617 519 644 ἔτι
535 618 570 653 ἦν
591 619 700 653 κατεῖχε
724 620 772 653 τῆς
787 619 918 653 Γοργόνος

131 662 264 698 κεφαλὴν,
282 663 329 689 καὶ
342 663 461 698 στρέψας
478 664 580 698 ταύτην
596 664 664 699 πρὸς
677 665 772 691 ἑαυτὸν
797 665 845 692 καὶ
867 667 917 700 ἑμ-

974 306 1039 326 seus
1052 305 1135 333 caput
1155 299 1289 337 Gorgonis
1309 309 1485 339 ostentasset,
1511 309 1637 343 Cepheus
1670 315 1763 340 autem

973 350 1085 380 propter
1104 352 1243 375 senectam
1259 354 1366 378 artalem
1390 353 1540 386 cacutiret,
1559 358 1686 385 nesciens
1698 357 1764 385 Per-

972 398 1037 418 seus
1050 389 1187 427 Cepheum
1215 395 1354 428 caecutire,
1386 398 1492 431 putavit
1522 404 1603 435 caput
1627 401 1763 437 Gorgonis

973 438 1045 472 quod
1062 439 1247 473 prmtendebat
1273 441 1346 468 vires
1359 449 1423 470 suas
1443 444 1499 478 jam
1528 453 1582 473 non
1613 454 1761 482 exserere;

970 484 1065 519 itaque
1079 485 1131 512 sibi
1147 485 1175 512 id
1192 487 1322 520 obvertit,
1336 487 1419 522 inque
1432 489 1458 516 id
1471 491 1559 518 oculis
1581 491 1694 521 intentis
1720 495 1762 521 in-

970 529 1068 562 tuitus,
1081 531 1217 565 extemplo
1232 531 1286 567 42
1309 538 1461 561 excaecatus
1485 535 1576 569 itaque
1600 537 1762 568 interiectus

970 580 1022 602 est.
1049 576 1072 602 Α
1098 575 1206 610 Cepheo
1233 578 1348 612 proinde
1376 586 1460 614 regno
1487 579 1631 609 Persarum
1657 583 1758 620 Μαι-οε,

970 621 1044 649 ﬁlius
1064 621 1154 649 Persei
1173 626 1199 649 et
1212 623 1403 656 Andromeda',
1420 624 1564 660 praefecws
1581 632 1644 661 est;
1661 634 1688 656 et
1705 630 1763 664 ipse

969 671 1090 695 cremato
1105 667 1241 703 Gorgonis
1257 670 1346 704 capite
1363 670 1391 697 in
1409 679 1486 698 suam
1515 673 1652 707 regionem
1670 675 1759 704 rediit.

130 707 231 757 βλέψας
246 710 351 742 ἀτενῶς
377 712 504 746 παραυτὰ
530 712 681 746 τυφλωθεὶς
707 712 839 747 ἀνῃρέθη.
860 713 915 740 Καὶ
935 714 1028 741 λοιπὸν
1062 716 1244 750 προϐάλλεται
1267 717 1320 744 ὑπο
1340 719 1456 753 Κηφέως
1484 719 1610 754 βασιλεὺς
1651 723 1762 757 Περσῶν

130 755 229 790 Μὲρως
246 757 260 782 ὁ
285 757 412 792 Περσέως
436 759 482 784 καὶ
503 757 680 793 Ἀνδρομέδας
711 758 778 790 υίός.
806 759 919 794 Κηφεὺς
937 760 966 787 δὲ
997 761 1046 796 τὴν
1066 763 1116 797 τῆς
1150 763 1283 798 Γοργόνος
1307 764 1431 800 κεφαλήν
1453 765 1558 798 καύσας
1586 755 1761 803 ἀνεχώρησεν

130 803 169 834 εἰς
181 802 230 838 τήν
246 804 337 838 χώραν
351 804 444 832 αὑτοῦ.

172 850 304 886 Ἀγήνορα
319 851 346 877 δὲ
364 851 418 887 (58)
434 852 480 878 τὸν
502 852 555 879 ἀπὸ
577 854 704 889 Φοινίκης
731 854 745 880 ὸ
766 854 857 889 πατὴρ
875 855 915 886 εἰς

127 895 294 931 ἀναζήτησιν
319 897 369 932 τῆς
386 897 469 924 αὐτοῦ
487 897 623 933 θυγατρὸς
640 899 774 934 Εὐρώπης
789 899 917 925 ἀποστεί-

127 940 186 972 λας,
206 941 299 975 μαθὼν
314 943 327 968 ὁ
341 942 449 977 Κάδμος
468 943 506 974 ὡς
525 944 593 978 αὑτὴ
605 944 652 970 σὺν
663 943 762 978 Ταύρῳ
774 944 812 978 τῷ
825 944 916 979 ἁρπά-

128 993 205 1012 σαντι
221 985 325 1020 ταύτην
338 987 388 1021 τῆς
411 988 524 1022 Κρήτης
548 987 698 1022 βασιλεύει,
727 987 861 1023 ὥρμησεν
877 989 918 1020 εἰς

128 1030 258 1057 Βοιωτίαν
276 1032 323 1058 καὶ
337 1033 436 1064 αὐτοὺς
450 1033 616 1067 ἀγνοοῦντας
630 1034 664 1061 τὰ
679 1034 812 1060 Φοινίκων
825 1035 918 1070 γράμ-

127 1084 202 1112 ματα
227 1077 340 1111 ἐδίδαξε,
363 1079 410 1105 καὶ
431 1079 606 1106 ἐϐασίλευσεν
621 1080 663 1106 ἐπ’
685 1081 777 1113 αὐτοῖς
800 1082 847 1116 ἐτη
866 1080 914 1116 ξβ’.

127 1124 181 1150 Καὶ
204 1124 321 1158 γυναῖκα
344 1124 464 1158 ἠγάγετο
485 1125 534 1160 τήν
562 1125 710 1160 Ἀρμονίαν
733 1127 915 1162 καλουμένην,

124 1170 185 1204 ἥτις
204 1169 278 1205 αὑτῷ
295 1169 325 1201 ἒξ
337 1170 424 1197 τίκτει
440 1171 604 1206 θυγατέρας,
615 1171 683 1204 Ἰνὼ,
693 1173 822 1208 Ἀγαύην,
833 1174 917 1209 Σεμέ-

124 1214 502 1250 λην,Εὑρυνόμην,Κλεανθὼ
517 1217 563 1244 καὶ
579 1218 741 1254 Εὐρυδίκην.
757 1215 841 1246 Δῧται
858 1220 915 1246 ὲλέ-

124 1269 204 1294 γοντο
222 1261 367 1296 Καδμίδες.
385 1258 469 1294 Οὗτος
497 1264 510 1289 ὸ
524 1263 635 1298 Κάδμος
652 1264 700 1290 καὶ
713 1264 790 1291 πόλιν
803 1265 852 1300 τὴν
867 1274 915 1300 με-

125 1306 212 1341 γάλην
222 1307 272 1342 τὴν
288 1307 428 1342 Καδμείαν
440 1309 498 1335 ἐκεῖ
512 1308 610 1340 κτίζει.
633 1311 682 1341 Ὃς
699 1311 746 1337 καὶ
760 1310 805 1338 τδν
819 1312 915 1346 Τειρε-

125 1352 185 1380 σίαν
200 1353 324 1380 Βοιωτῶν
339 1354 403 1381 ὄντα
425 1355 583 1389 φιλόσοφον,
610 1356 656 1382 τὸν
676 1357 840 1391 αὐτομάτως
866 1359 914 1392 φέ-

125 1398 221 1432 ρεσθαι
235 1399 271 1426 τὰ
287 1399 374 1426 πάντα
393 1401 441 1427 καὶ
456 1401 625 1436 ἀπρονόητον
647 1399 718 1428 εἶναι
743 1403 790 1429 τὸν
811 1404 914 1439 κόσμον

124 1445 327 1479 δογματίσαντα
342 1446 389 1472 καὶ
406 1447 444 1477 είς
463 1446 494 1472 τὸ
515 1447 563 1473 τοῦ
591 1449 726 1483 Δαφναίου
745 1449 913 1483 Ἀπόλλωνος

125 1490 196 1526 ἱερὸν
211 1491 255 1518 διὰ
270 1491 358 1519 ταῦτα
379 1490 518 1528 ἐξόριστον
534 1493 692 1529 γενόμενον,
714 1496 911 1523 ἀνεκαλέσατο.

124 1536 224 1564 Τοῦτον
244 1537 289 1565 τὸν
313 1538 458 1573 Τειρεσίαν
479 1539 684 1574 μυθολογοῦσιν,
709 1541 747 1573 ὡς
771 1542 912 1577 ἑωρακότα

123 1583 248 1612 Παλλάδα
263 1583 423 1619 λουομένην,
446 1585 487 1616 εἱς
513 1587 644 1619 γυναικὸς
659 1587 758 1614 αὐτίκα
774 1588 912 1624 μετασλη⁶

1005 857 1158 892 Agenorem
1173 862 1263 884 autem
1289 864 1303 884 a
1320 857 1462 885 Phoenicia
1479 864 1556 894 pater
1571 859 1604 886 ad
1622 859 1762 894 inquiren-

970 904 1032 931 dam
1046 904 1127 931 ﬁliam
1146 912 1223 931 suum
1243 905 1380 940 Europam
1394 913 1457 932 cum
1476 906 1607 940 misisset,
1627 906 1759 940 Cadmus,

971 957 1033 976 cum
1057 957 1118 977 eam
1147 950 1327 977 intellexisset
1355 959 1416 978 cum
1447 951 1549 984 Tauro,
1566 960 1580 979 a
1598 959 1652 987 quo
1682 957 1759 988 rapta

968 995 1068 1027 fuerat,
1084 995 1173 1022 Creta:
1204 1004 1330 1030 regnare,
1349 996 1375 1022 in
1406 996 1539 1023 Boeotiam
1566 997 1642 1029 abiit,
1677 998 1759 1025 Boeo-

967 1046 1065 1076 tosque
1078 1042 1230 1069 litterarum
1244 1042 1354 1076 ignaros
1369 1041 1524 1070 Pbaanicias
1537 1043 1642 1071 litteras
1653 1044 1757 1078 docuit,

967 1095 1135 1123 regnumque
1153 1087 1224 1122 apud
1239 1095 1287 1114 eos
1307 1096 1356 1123 per
1375 1088 1410 1116 62
1427 1097 1515 1117 annos
1539 1091 1670 1118 obtinuit.
1682 1090 1754 1118 Uxo—

967 1141 1023 1162 rem
1039 1133 1117 1160 duxit
1131 1134 1321 1165 Harmoniam.
1337 1141 1397 1168 quae
1411 1134 1436 1161 ei
1456 1142 1503 1162 sex
1532 1135 1601 1163 ﬁlias
1627 1136 1754 1171 peperit;

966 1187 1082 1214 quarum
1100 1179 1209 1206 nomina
1224 1179 1284 1212 Ino,
1314 1180 1415 1214 Agave,
1447 1179 1564 1212 Semele,
1589 1181 1756 1216 Eurynome,

965 1227 1137 1261 Cleanlho;et
1153 1226 1289 1261 Eurydice
1304 1235 1311 1252 :
1333 1226 1374 1253 liae
1385 1227 1467 1254 etiam
1479 1226 1756 1255 Cadmidesnomina-

965 1273 1075 1300 bantur.
1087 1272 1112 1300 Is
1127 1272 1248 1300 Cadmus
1261 1272 1343 1299 etiam
1359 1271 1505 1298 Cadmeam
1518 1278 1644 1307 magnam
1658 1273 1754 1300 urbem

965 1319 1001 1345 Ibi
1013 1319 1193 1350 condidit,et
1206 1317 1339 1345 Tiresiam
1365 1317 1521 1345 Boeotorum
1549 1318 1755 1353 philosophum,

965 1364 1101 1399 quiquod
1113 1365 1204 1391 omnia
1230 1365 1344 1392 fortuito
1373 1364 1439 1391 ferri
1467 1364 1596 1398 nullaque
1624 1364 1755 1390 mundum

964 1410 1133 1445 providentia
1154 1409 1300 1445 gubernari
1317 1410 1467 1441 docuisset,
1485 1409 1511 1436 in
1526 1408 1648 1443 Dapltnei
1669 1408 1754 1443 Apol-

965 1456 1028 1482 linis
1038 1456 1166 1489 templum
1182 1455 1318 1489 relegatus
1331 1454 1430 1486 I'uerat,
1452 1455 1485 1481 ab
1496 1454 1593 1481 exsilio
1605 1455 1754 1482 revocavit.

963 1501 1130 1529 Fabulantur
1141 1501 1213 1528 hunc
1222 1501 1368 1532 Tiresiam,
1382 1508 1443 1528 cum
1459 1501 1594 1527 lavantem
1606 1500 1754 1528 Minervam

963 1547 1087 1578 vidisset,
1105 1546 1197 1574 subito
1214 1547 1241 1574 in
1273 1547 1415 1574 mulierem
1445 1553 1609 1573 conversum
1642 1544 1750 1578 fuisse;

964 1592 1048 1626 inque
1068 1599 1101 1619 ea
1130 1597 1227 1618 natura
1255 1592 1366 1618 curiose
1401 1590 1590 1626 exploravisse
1615 1592 1754 1626 quomodo

122 1629 203 1664 θῆναι
225 1629 319 1664 φύσιν,
335 1631 383 1656 καὶ
402 1630 645 1667 πολυπραγμονεῖν
667 1633 736 1669 αὐτῇ
761 1634 820 1666 πῶς
843 1634 912 1669 γυνὴ

967 1638 1065 1665 mulier
1078 1646 1112 1665 ex
1123 1637 1182 1664 viro
1194 1637 1342 1672 concipiat,
1357 1637 1498 1672 quomodo
1511 1637 1594 1664 unica
1612 1635 1754 1672 sanguinis

123 1677 194 1712 μετὰ
211 1676 307 1711 ἀνδρὸς
326 1676 521 1712 συλλαμϐάνει,
539 1679 587 1705 καὶ
600 1679 657 1711 πῶς
671 1680 688 1714 ή
700 1680 749 1714 μία
767 1680 848 1715 φύσις
863 1681 912 1707 τοῦ

121 1722 237 1756 αἵματος
266 1723 306 1753 εἰς
328 1723 396 1749 ὀστᾶ
421 1724 470 1749 καὶ
496 1723 599 1758 φλέϐας
613 1726 662 1751 καὶ
679 1725 784 1760 σάρκας
805 1726 853 1753 καὶ
879 1726 913 1753 τὰ

120 1768 202 1794 λοιπὰ
220 1768 374 1804 μερίζεται.
393 1769 441 1796 καὶ
460 1769 563 1804 βρέφος
579 1769 799 1806 ζωογονούμενον
822 1772 912 1799 τίκτε-

119 1822 178 1845 ται.
196 1814 246 1841 καὶ
262 1813 310 1840 τοῦ
322 1814 495 1850 Δημιουργοῦ
515 1814 564 1850 τὴν
581 1816 677 1850 σοφίαν
702 1817 740 1851 μὴ
762 1817 912 1851 δυνηθέντα

121 1859 285 1887 καταλαΰεῖν
305 1861 345 1892 είς
367 1861 572 1896 αὐτοματισμὸν
592 1862 768 1896 ὲξολισθῆσαι
780 1871 788 1879 ν
801 1863 842 1889 διὸ
864 1864 912 1889 καὶ

122 1906 265 1937 παίζοντες
279 1906 359 1932 αὑτὸν
376 1907 417 1937 εἰς
433 1907 571 1940 γυναικῶν
589 1908 671 1941 φύσιν
684 1907 807 1942 ἔφρασαν
825 1917 910 1942 μετα-

114 1952 262 1987 ιβληθῆναι,
278 1949 362 1983 Οὗτος
381 1953 396 1978 ὁ
413 1952 549 1987 Κάδμοςὸ
564 1953 614 1987 τῆς
636 1953 768 1985 Βοιωτίας
787 1953 912 1988 βασιλεὺς

127 1997 246 2032 Ἀγαύην
259 1997 308 2033 τήν
325 1997 407 2024 αὑτοῦ
422 1998 562 2033 θυγατέρα
585 1998 684 2033 Ἐχίονι
708 1999 770 2030 δοὺς
794 2001 912 2033 γυναῖκα

119 2045 160 2076 είς
186 2043 251 2070 Χίον
276 2043 449 2070 ἀποστέλλει.
466 2044 599 2071 Γεννᾶται
615 2043 662 2071 οὖν
682 2044 712 2077 ἐξ
739 2045 825 2080 αὐτῆς
841 2046 910 2081 ἀνὴρ

119 2090 249 2126 φρόνιμος
260 2089 308 2117 καὶ
324 2090 434 2121 συνετὸς
454 2090 468 2117 ὁ
483 2090 602 2122 Πενθεύς
613 2099 621 2106 ο
638 2090 682 2126 [Ρ.
701 2091 748 2127 2i]
765 2088 786 2125 ᾧ
801 2092 847 2118 καί
862 2093 911 2126 τὴν

118 2136 253 2171 διοίκησιν
275 2136 326 2172 τῆς
344 2135 485 2171 βασιλείας
511 2136 625 2172 ὕστερον
646 2137 828 2172 παρεχώρησε
851 2138 910 2164 Κὰ-

119 2182 196 2217 δμος,
212 2182 249 2214 ὡς
266 2182 348 2208 αὐτοῦ
365 2183 434 2217 μετᾶ
454 2182 595 2217 Τειρεσίου
608 2182 654 2209 ἐπὶ
670 2183 699 2209 τὸ
714 2183 909 2219 Κιθαιρώνειον

118 2229 180 2264 δρος
198 2228 244 2255 τὸν
262 2228 318 2264 βίον
332 2228 550 2260 διατελέσαντος.
566 2229 622 2263 Τὴν
635 2228 663 2255 δὲ
684 2228 807 2264 Σεμέλην
823 2229 910 2255 Πολυ-

965 1688 1062 1710 natura
1076 1684 1104 1710 in
1123 1690 1196 1714 ossa,
1210 1690 1302 1714 venas,
1317 1690 1413 1709 carucs
1426 1688 1452 1709 et
1472 1687 1568 1708 cretera
1583 1681 1754 1709 distribuan-

964 1734 1019 1761 tur,
1036 1734 1063 1757 et
1092 1729 1228 1764 quomodo
1244 1729 1327 1756 foetus
1355 1728 1433 1755 vivus
1455 1728 1608 1762 gignatur;
1634 1734 1755 1762 cumque

964 1776 1126 1811 sapientiam
1149 1775 1263 1810 Opiﬁcis
1279 1776 1388 1809 assequi
1404 1775 1549 1808 cogitando
1567 1775 1703 1809 nequiret,
1720 1781 1754 1801 eo

964 1820 1122 1854 prolapsum
1136 1823 1163 1845 ut
1182 1819 1274 1845 onmin
1294 1818 1407 1845 fortuito
1432 1819 1491 1845 ﬁeri
1517 1819 1631 1846 diceret.
1657 1817 1753 1853 Itaque

961 1863 1024 1898 joco
1070 1863 1173 1889 dictum
1209 1868 1252 1889 cst
1287 1871 1349 1889 eum
1390 1864 1417 1889 in
1464 1863 1587 1890 mulieris
1625 1867 1752 1890 naturam

963 1908 1135 1936 transivisse.
1179 1909 1205 1936 Is
1251 1908 1369 1935 Cadmus
1405 1908 1516 1936 Bmoliaa
1553 1916 1600 1936 rex
1642 1909 1753 1943 Agaven

964 1954 1046 1981 ﬁliam
1066 1961 1142 1981 suam
1162 1953 1276 1981 Echioni
1291 1955 1319 1981 in
1336 1954 1542 1981 matrimonium
1561 1953 1645 1986 dedit,
1672 1961 1704 1980 ac
1723 1954 1750 1981 in

962 1999 1015 2036 43
1032 2000 1130 2028 Chium
1143 2000 1309 2027 amandavit.
1331 1999 1438 2034 Peperit
1454 1999 1510 2026 haec
1528 1999 1616 2026 virum
1632 1999 1753 2034 pruden-

964 2051 1016 2073 tem
1031 2052 1063 2073 ac
1080 2045 1262 2080 ingeniosum,
1281 2046 1391 2072 nomine
1409 2044 1578 2075 Pentheum;
1594 2044 1638 2071 cui
1656 2048 1752 2079 postea

962 2090 1093 2124 temporis
1103 2090 1222 2117 Cadmus
1238 2090 1311 2120 regni
1324 2089 1589 2116 administrationem
1601 2089 1750 2121 contmisit,

961 2144 1023 2163 cum
1051 2136 1109 2170 ipse
1138 2142 1199 2162 cum
1232 2135 1338 2162 Tiresia
1374 2135 1517 2162 statuisset
1540 2135 1567 2161 in
1597 2134 1752 2162 Cithaerone

962 2187 1052 2210 monte
1067 2181 1149 2208 vitam
1166 2180 1254 2208 linire.
1278 2180 1413 2213 Semelen,
1426 2179 1592 2215 Polymedon
1610 2177 1752 2207 Etherio-

961 2229 1003 2256 nis
1019 2228 1102 2255 filiam
1120 2227 1208 2258 duxit,
1224 2235 1255 2254 ex
1270 2230 1351 2261 gente
1373 2226 1468 2258 Iovis;
1487 2231 1568 2261 atque
1583 2233 1616 2253 ex
1638 2233 1671 2253 ea
1686 2233 1753 2260 pro-

121 2275 212 2310 μήδων
225 2275 239 2300 ό
255 2274 314 2305 υἱὸς
332 2273 378 2300 τοῦ
395 2273 558 2308 Ᾱίθερίωνος
576 2274 681 2308 γήμας,
701 2275 734 2300 ὲκ
747 2274 795 2300 τοῦ
814 2273 908 2307 γένους

965 2277 1013 2302 lem
1038 2274 1238 2309 seplimestrcm
1266 2273 1403 2306 sustulit,
1429 2277 1515 2298 matre
1550 2271 1702 2305 fulguribus
1723 2274 1752 2297 et

120 2320 157 2346 ὢν
173 2319 220 2347 τοῦ
238 2320 310 2351 Διὸς,
325 2320 378 2345 an?)
400 2319 520 2354 Σεμέλης
535 2320 736 2354 ἑπταμηνιαῖον
746 2320 828 2354 γεννᾷ
846 2320 908 2355 βρέ-

120 2375 169 2401 φος
193 2366 238 2393 διὰ
249 2366 279 2393 τὸ
291 2366 344 2392 ὑπὸ
355 2365 505 2399 ἀστραπῶν
521 2366 568 2392 καὶ
586 2365 706 2400 βροντῶν
720 2365 847 2398 ἐξαισίων
860 2367 908 2398 τὴν

123 2413 228 2449 μητέρα
242 2412 398 2439 ἀποθανεῖν.
414 2411 499 2438 Τοῦτο
515 2411 545 2438 τὸ
561 2411 660 2446 βρέφος
684 2411 724 2442 είς
740 2410 843 2436 Νυσίαν
859 2410 909 2445 τὴν

119 2459 211 2494 χώραν
226 2459 239 2484 ὁ
255 2458 364 2492 Κάδμος
376 2458 546 2493 ἐκτραφῆναι
562 2457 696 2492 ἐπεμψεν,
710 2456 724 2482 ὃ
736 2456 782 2482 καὶ
794 2455 909 2482 Νύσειον

118 2503 279 2539 ὠνομάσθη.
302 2503 491 2537 Μυθολογοῦσι
506 2503 533 2529 δὲ
554 2504 595 2530 ὃτι
617 2502 696 2529 τοῦτο
709 2503 723 2528 ὁ
738 2502 805 2533 Ζευς
825 2503 853 2528 ὲν
871 2501 909 2537 τῷ

121 2550 179 2586 ἰδίῳ
190 2550 283 2585 κόλπῳ
298 2549 346 2576 ἐπὶ
361 2549 481 2584 δευτέρῳ
497 2549 561 2584 μηνὶ
579 2548 728 2583 ἐφύλασσε,
743 2548 810 2575 διότι
826 2547 908 2582 μέρος

119 2597 194 2631 ζωῆς
210 2596 272 2632 ἔσχε
288 2596 358 2631 πρὸς
371 2595 418 2622 τοῦ
441 2595 509 2622 Θεοῦ
527 2595 604 2630 παρὰ
616 2595 662 2621 τὸν
678 2594 831 2630 ὡρισμένον
847 2594 909 2629 χρό-

121 2650 165 2668 νον
173 2642 330 2676 ὲκτρωθείς.
346 2641 440 2668 ’Ἄλλοι
451 2641 479 2667 δὲ
491 2640 586 2666 τοῦτον
599 2640 635 2672 ὡς
648 2639 678 2672 ἐξ
689 2640 811 2675 ἡλιακῶν
823 2639 908 2674 εὐχῶν

123 2689 241 2722 μυστικὰ
266 2696 327 2714 τινα
349 2688 397 2715 καὶ
422 2686 569 2722 θαυμαστὰ
593 2685 699 2721 δρῶντα
717 2685 765 2712 καὶ
788 2685 826 2717 ὡς
843 2685 907 2720 περὶ

120 2733 276 2769 ἀμπελικὴν
298 2734 436 2768 γεωργίαν
450 2732 628 2765 ὲκτιθέμενον
644 2732 803 2758 ἀπεθέωσαν
815 2741 843 2758 τε
860 2733 906 2758 καὶ

119 2779 249 2807 Διάπιυσον
273 2780 469 2815 μετεκάλεσαν,
496 2779 534 2811 ὡς
557 2780 589 2805 ἐκ
617 2779 712 2813 γένους
740 2779 803 2804 ὄντα
833 2779 904 2810 Διός.

924 2306 945 2333 D
962 2306 1110 2347 toriitriluts
1134 2318 1250 2345 insolitis
1277 2322 1385 2345 necata.
1415 2317 1533 2344 Cadmus
1565 2315 1695 2343 infantem
1722 2315 1750 2343 in

962 2365 1072 2400 Nysiam
1092 2365 1240 2398 regionem,
1263 2371 1325 2398 qum
1347 2367 1374 2390 et
1397 2362 1526 2398 Nyseium
1544 2362 1655 2394 dicitur,
1679 2360 1751 2390 alen-

963 2411 1026 2437 dam
1047 2410 1130 2436 misit.
1148 2409 1316 2436 Fabulantur
1330 2408 1459 2436 infantem
1475 2417 1488 2435 a
1504 2407 1569 2435 Jove
1584 2407 1610 2434 in
1622 2407 1683 2434 sinu
1699 2415 1750 2434 suo

963 2456 1033 2483 duos
1068 2455 1189 2489 reliquos
1212 2462 1320 2491 menses
1343 2458 1513 2481 asservalum
1539 2453 1641 2486 fuisse;
1673 2453 1748 2487 quod

963 2502 1068 2529 scilicet
1083 2509 1096 2527 a
1111 2502 1162 2528 deo
1175 2504 1278 2535 partem
1293 2499 1441 2534 quamdam
1459 2499 1635 2531 vitteltabuit,
1650 2498 1748 2526 abortu

963 2552 1027 2574 ante
1044 2547 1194 2582 legitimum
1214 2551 1319 2581 tempus
1333 2546 1434 2573 editus.
1448 2545 1501 2572 Alii
1524 2545 1607 2578 hunc,
1627 2545 1701 2580 quod
1715 2553 1748 2572 ex

963 2593 1097 2620 solut-ibus
1113 2592 1238 2627 precibus
1254 2591 1369 2626 mystica
1392 2591 1515 2625 quadam
1532 2595 1560 2618 et
1582 2590 1748 2618 miraculosa

962 2638 1064 2665 faceret
1081 2642 1108 2665 et
1129 2637 1191 2665 vitis
1217 2638 1322 2664 cultum
1342 2636 1490 2669 docuisset,
1509 2637 1536 2663 in
1560 2635 1626 2663 deos
1646 2635 1749 2664 retule—

962 2689 1026 2711 runt
1051 2691 1083 2712 ac
1107 2683 1266 2719 Dionysium
1299 2683 1487 2716 nominarunt,
1517 2687 1547 2709 ut
1568 2681 1642 2709 Iovis
1663 2682 1748 2716 stirpe

958 2734 1059 2757 ortum.
1075 2729 1233 2765 Dionysium
1253 2730 1325 2756 httnc
1350 2728 1442 2756 ierunt
1461 2729 1494 2754 ad
1512 2727 1610 2754 Persas
1626 2726 1745 2757 vertisse,

959 2784 991 2803 ac
1015 2776 1153 2803 mirabiles
1178 2776 1310 2811 quasdam
1334 2775 1544 2811 imaginationes
1574 2779 1688 2809 operum
1716 2778 1747 2799 ac

649 2846 826 2874 XYLANDRI
856 2846 900 2874 ΕΤ
933 2845 1173 2875 (ΞΟΜΚΙΝΟΤᾹΞ.

156 2920 211 2958 (33)
238 2918 326 2947 Locus
339 2921 495 2956 perspiscue
509 2926 667 2956 corruptus,
696 2920 788 2950 fabula
814 2920 854 2949 rc!
870 2928 901 2948 ex
922 2919 1018 2949 Ovidio
1032 2924 1106 2949 uota.
1122 2919 1189 2948 ΧΠ..
