2007 3156
191 163 228 194 85

716 163 743 193 H
749 163 898 193 ISTORIA
906 162 987 193 RUM
1007 162 1271 194 COMPENDIUM.

1784 166 1818 198 86

195 217 303 248 παιδιᾶς
318 216 398 251 γνοὺς
417 216 562 252 ’Ᾱϐιμέλεχ
572 217 689 249 γυναῖκα
701 215 784 243 αὑτοῦ
804 215 884 248 εἶναι,
897 216 977 243 αὑτὸν

1044 222 1114 250 atus,
1131 225 1253 246 sororem
1271 224 1332 246 esse
1348 225 1424 246 suam
1445 217 1524 246 dixit.
1546 217 1599 247 Sed
1627 218 1818 248 Abimeleelius

195 264 246 298 μὲν
261 263 399 299 μέμφεται
413 263 450 295 ὡς
464 263 579 298 τάληθὲς
605 263 849 299 ἀποκρυψάμενον,
865 263 980 297 ἀποφαί-

196 319 270 336 νεται
282 310 309 336 δὲ
323 309 412 336 πάντα
423 310 468 337 τὸν
482 310 636 344 ἁπτόμενον
656 310 748 337 Ἰσαὰκ
763 311 809 336 καὶ
830 310 981 341 Ῥεὸἐκκας

194 356 335 392 ἐνέχεσθαι
372 356 490 392 θανάτῳ.
519 356 614 388 Οὕτως
640 357 771 391 εὐλόγησε
800 357 903 392 Κύριος
936 356 981 382 τὸν

201 403 295 429 Ἰσαὰκ
311 403 363 434 ἓως
375 403 469 434 τέλους
484 402 554 429 ὥστε
574 402 697 438 ζηλῶσαι
713 402 809 429 τοῦτον
828 403 892 432 τοὺς
905 403 981 429 Φιλι-

196 449 299 483 οτιεὶμ,
333 449 381 475 καὶ
409 449 497 476 πάντα
516 449 549 475 τὰ
566 449 672 484 φρέατα
688 448 706 476 ἃ
732 448 835 484 ὤρυξεν
858 448 982 483 ’Λϐραὰμ

196 494 345 529 ἐμφράξαι.
360 494 438 521 Μετὰ
448 495 527 521 τοῦτο
538 495 566 521 ὲν
575 495 606 529 τῇ
624 494 749 529 φάραγγι
759 494 888 529 Γεράρων
900 502 982 529 μετα-

197 540 322 576 ϐεὗηχὼς
333 540 486 576 ἀνεκάθηρε
501 541 535 567 τὰ
556 540 678 576 πατρικὰ
704 540 821 576 φρέατα.
838 539 937 574 Ὠρυξε
955 539 983 565 δὲ

197 587 244 613 καὶ
265 586 347 618 αὐτὸς
374 585 478 621 φρέατα
502 585 576 622 τρία,
593 582 630 612 ὧν
656 586 686 612 τὸ
712 586 761 620 μὲν
776 585 895 617 ἀδικίαν,
911 585 941 611 τὸ
954 585 984 612 δὲ

198 633 309 668 ἔχθραν,
333 633 365 659 τὸ
392 633 421 659 δὲ
437 633 528 668 τρίτον
551 632 723 668 εὐρυχωρίαν
753 632 904 667 ὠνόμασεν.
925 631 984 658 Ἐν-

198 678 293 705 τεῦθεν
305 678 389 714 ἀνέϐη
406 679 452 705 ἐπὶ
467 678 498 704 τὸ
508 678 604 712 Φρέαρ
618 678 671 705 τοῦ
688 679 780 712 ὅρκου
809 678 913 712 Ἰσαὰκ,
938 678 985 705 καὶ

197 724 276 759 ὤφθη
290 724 364 759 αὑτῷ
377 724 479 759 Κύριος
505 725 533 751 ὲν
554 724 674 759 ὁράματι
698 724 747 758 τῆς
765 724 862 756 νυκτὸς
881 724 983 758 λέγων·

201 778 210 794 ι
221 768 294 803 Ἐγώ
307 769 365 803 εἰμι
375 769 388 795 ὁ
398 768 464 800 Θεὸς
477 768 524 795 τοῦ
539 769 641 803 πατρός
657 777 703 795 σου
719 768 856 804 Ἀϐραὰμ,
868 769 916 795 καὶ
930 769 985 803 ἐγώ

199 815 255 849 ειμι
284 814 354 849 μετὰ
370 814 428 847 σοῦ,
447 815 495 841 καὶ
522 814 664 849 εὐλογήσω
680 823 720 848 σε,
739 815 786 841 καὶ
801 815 930 849 πληθυνῶ
954 815 985 841 τὺ

199 861 309 895 σπέρμα
325 869 372 886 σου
388 861 425 892 ὡς
438 860 470 887 τὰ
485 860 573 896 ἄστρα
597 860 644 887 τοῦ
656 861 782 895 οὐρανοῦ,
806 860 840 888 δι’
860 860 984 896 ’Λεραὰμ

1033 270 1094 292 Cum
1111 270 1144 290 ex
1159 264 1220 291 lusu
1235 263 1414 292 intellexisset
1433 271 1491 292 eam
1508 272 1618 292 uxorem
1633 273 1705 297 esse,
1725 265 1819 293 Isaaeo

1033 308 1178 343 objurgato
1191 309 1262 343 quod
1284 317 1375 336 verum
1395 308 1607 343 dissimulasset,
1621 311 1711 345 capite
1729 312 1820 338 sanxit

1034 362 1068 382 ne
1087 355 1148 390 quis
1169 355 1291 382 lsaaeum
1318 356 1411 391 ejusve
1440 364 1552 384 uxorem
1584 361 1718 392 tangeret.
1750 357 1821 385 Deus

1035 405 1124 428 autem
1136 401 1258 428 lsaaeum
1273 404 1452 437 prosperitate
1472 407 1601 438 perpetua
1629 404 1728 438 beavit,
1754 405 1822 435 adeo

1036 451 1065 475 ut
1091 446 1221 475 Philistmi
1249 447 1401 476 invidentes
1423 449 1473 483 ipsi
1495 457 1589 477 omnes
1616 450 1651 477 ab
1667 451 1822 478 Abrahamo

1036 493 1150 521 eﬂ‘ossos
1167 497 1263 528 puteos
1285 493 1484 522 obturaveriut.
1508 495 1572 523 Post
1589 496 1646 524 lucc
1668 496 1779 525 lsaaeus
1794 497 1820 524 in

1036 539 1133 567 vallem
1153 539 1333 567 Gerarensem
1356 539 1495 575 digressus
1512 543 1597 575 patris
1613 546 1708 576 puteos
1724 550 1822 577 repur-

1036 585 1120 619 gavit,
1138 589 1219 621 atque
1253 586 1313 622 ipse
1341 586 1425 614 etiam
1450 591 1507 615 tres
1531 588 1600 615 alios
1626 589 1689 623 egit,
1706 597 1822 623 quorum

1037 631 1125 665 primo
1156 631 1274 666 injuria},
1293 631 1413 659 secundo
1427 632 1587 665 inimicitiae,
1617 635 1697 661 tertio
1727 635 1824 669 ampli-

1037 675 1141 704 tudinis
1156 683 1254 704 nomen
1273 677 1378 704 indidit.
1398 677 1461 705 lnde
1483 677 1517 705 ad
1540 677 1652 706 Puteum
1675 679 1825 712 jurameuti

1038 723 1181 757 ascendit;
1195 727 1332 759 noctuque
1348 723 1372 751 ei
1387 724 1518 752 Dominus
1530 725 1665 759 apparuit,
1682 725 1772 759 itaque
1783 731 1824 751 est

1039 768 1136 796 affatus
1149 769 1156 784 ‘
1170 777 1177 796 ι
1198 778 1206 794 ‹
1221 769 1276 805 Εεο
1289 777 1347 797 sum
1360 770 1430 797 Deus
1441 770 1589 797 Abraliami
1600 770 1685 804 patris
1703 770 1740 796 tui
1755 778 1760 795 :
1775 770 1824 797 tibi

1038 823 1088 851 ego
1102 815 1211 847 adsum,
1224 819 1249 842 te
1263 815 1361 847 beabo,
1372 820 1500 851 tuamque
1518 816 1673 851 progeniem
1690 815 1722 842 ad
1734 815 1825 842 stella-

1039 868 1099 887 rum
1120 861 1182 888 εαξιὶ
1206 869 1350 888 numerum
1374 862 1514 896 adaugebo
1535 867 1645 896 propter
1664 861 1719 898 58
1737 862 1825 889 Abra-

199 905 244 932 τὺν
263 905 370 940 πατέρα
385 914 443 932 σου.
466 915 476 931 )
500 907 574 932 Ἐκεῖ
583 905 630 933 οὖν
643 907 657 933 ὁ
680 907 774 933 Ἰσαὰκ
792 906 985 942 θυσιαστήριον

1044 914 1147 934 tantum
1176 912 1279 942 patrem
1309 912 1395 935 tuum.
1415 917 1424 934 ι
1453 908 1491 935 Eo
1518 907 1608 941 itaque
1628 907 1687 935 loco
1717 908 1826 935 lsaacus

199 950 363 985 δειμάμενος
388 951 484 977 θυσίαν
501 951 540 986 τῷ
568 951 664 987 Κυρίῳ
692 951 845 986 ἀνέπεμψε,
875 952 920 979 καὶ
938 952 986 987 τὴν

201 996 303 1031 σκηνὴν
322 996 404 1023 αὑτοῦ
416 998 445 1023 ὲν
455 997 529 1032 αὑτῷ
550 996 588 1032 τῷ
599 998 675 1032 τόπῳ
701 998 864 1032 κατέπηξεν.
882 998 987 1033 Ὠσπερ

201 1042 229 1069 δὲ
244 1043 312 1077 πρὸς
333 1042 461 1078 Ἀϐραὰμ
476 1043 622 1079 πρότερον,
640 1043 710 1071 οὕτω
722 1044 769 1070 καὶ
792 1045 861 1080 πρὸς
895 1044 988 1071 Ἰσαὰκ

203 1089 272 1124 μετὰ
282 1089 369 1116 ταῦτα
385 1090 465 1121 αὑτός
476 1098 506 1117 τε
527 1089 675 1125 Ἀὗιμέλεχ
686 1091 700 1116 ὁ
711 1091 840 1125 Γεράρων
864 1090 989 1126 βασιλεὺς

201 1135 249 1161 καλ.
270 1135 382 1170 Ὀχοζὰδ
400 1137 413 1162 ό
429 1135 615 1170 νυμφαγωγὸς
628 1136 710 1163 αὐτοῦ
727 1137 774 1163 καὶ
789 1136 892 1172 Φιλὸχὸ
909 1138 988 1172 ἀρχι-

202 1180 358 1216 στράτηγος
370 1181 421 1215 τῆς
435 1181 577 1216 δυνάμεως
592 1181 686 1213 αὑτοῦ,
705 1182 805 1214 είδότες
817 1183 858 1208 ὅτι
888 1183 987 1218 Κύριος

200 1223 235 1260 ἦν
254 1227 312 1261 μετ’
328 1226 421 1259 αὐτοῦ,
438 1227 507 1262 πρὸς
521 1227 602 1254 αὐτὸν
618 1227 740 1260 ἐλθόντες
755 1228 888 1264 διαθήκην
910 1230 989 1264 εἰρή-

201 1281 250 1308 νης
269 1274 337 1308 πρὸς
350 1273 482 1309 ἀλλήλους
493 1275 667 1309 ἐποιήσαντο,
679 1276 724 1301 καὶ
738 1275 810 1310 πρωῒ
824 1277 991 1308 ἀναστάντες

202 1320 250 1345 καὶ
269 1319 420 1354 ὀμόσαντες
438 1319 580 1355 dat-(plano
605 1320 674 1354 μετὰ
688 1322 826 1356 σωτηρίας
847 1322 989 1350 ἀπἀὑτοῦ.

238 1365 360 1393 Γίνονται
375 1367 402 1394 δὲ
416 1367 470 1393 ἀπὸ
486 1367 533 1394 τοῦ
548 1367 733 1402 διαμερισμοῦ
759 1368 810 1402 τῆς
824 1368 990 1403 συγχύσεως,

202 1410 255 1442 ἓως
274 1408 307 1439 οὗ
321 1409 403 1446 ἦλθεν
424 1412 550 1447 ’Λὸραὰμ
565 1411 596 1438 ὲκ
614 1413 827 1447 Μεσοποταμίας
843 1413 874 1439 ἐκ
889 1414 991 1444 πόλεως

203 1457 315 1491 Χαρρὰν
334 1457 381 1483 καὶ
392 1457 439 1484 τοῦ
454 1458 528 1484 οῑκου
544 1457 591 1484 τοῦ
610 1458 712 1493 πατρὸς
740 1459 822 1484 αὑτοῦ
850 1459 922 1486 κατὰ
944 1460 991 1486 κέ-

203 1502 294 1529 λευσιν
321 1502 389 1531 Θεοῦ
416 1504 456 1534 είς
486 1504 537 1538 γῆν
552 1504 663 1530 Χαναὰν
676 1524 684 1536 ,
702 1505 718 1538 ἥ
743 1505 801 1530 ἐστι
814 1505 991 1541 Παλαιστίνη,

204 1547 251 1582 ἐτη
268 1547 335 1582 χις¹.
357 1549 479 1584 Ὑπῆρχε
496 1549 524 1575 δὲ
540 1549 600 1576 τότε
617 1550 686 1576 ἑτῶν
716 1549 764 1576 οε’.
789 1550 938 1585 Διατρίψας
962 1550 991 1576 δὲ

203 1595 244 1626 είς
260 1595 371 1622 Χαναὰν
386 1595 432 1631 ἐτη
453 1595 501 1628 κε’,
519 1597 648 1631 ἐγέννησε
664 1597 710 1624 τὸν
731 1597 834 1631 Ἰσαὰκ,
855 1598 902 1624 καὶ
918 1597 988 1631 μετὰ

203 1639 282 1667 Ιτοῦτο
293 1640 388 1675 ἔζησεν
405 1640 452 1676 ἔτη
467 1640 510 1678 [Ρ.
539 1641 585 1678 55]
601 1640 647 1676 οε¹,
661 1643 708 1669 καὶ
720 1642 839 1669 ἀπέθανε
857 1641 941 1677 ζήσας
961 1642 994 1670 τὰ

204 1686 294 1712 πάντα
306 1685 353 1722 ἔτη
366 1685 436 1720 ρος’.
453 1688 502 1718 Ὃς
517 1689 565 1714 καὶ
582 1687 631 1719 τὰς
655 1688 781 1722 εὐλογίας
800 1687 848 1714 τοῦ
862 1688 993 1723 Μελχισε-

204 1731 250 1758 δὲκ
266 1732 313 1760 τοῦ
330 1732 475 1759 θεσπεσίου
494 1733 627 1768 βασιλέως
643 1734 738 1770 Σαλὴμ.
756 1734 874 1768 ἐδέξατο,
893 1735 994 1770 ἄρτους

205 1778 252 1804 καὶ
267 1775 337 1805 οἶνον
348 1787 355 1794 ·
368 1776 402 1813 ἦν
415 1779 469 1815 γὰρ
485 1780 574 1816 ἱερεὺς
585 1779 634 1807 τοῦ
651 1779 719 1808 Θεοῦ
736 1780 784 1808 τοῦ
807 1780 932 1815 ὑψίστου,
956 1781 994 1812 ὡς

205 1824 379 1859 προείρηται.

239 1873 293 1899 T06
315 1873 408 1900 Ἰσαὰκ
421 1873 496 1905 ὄντος
508 1873 611 1908 χρόνων
627 1873 668 1909 λβ¹
684 1871 799 1909 τελευτᾷ
812 1875 918 1910 Σάρρα,
928 1875 996 1901 ἑτῶν

204 1915 272 1944 οὖσα
287 1918 385 1944 ἑκατὸν
395 1918 477 1945 ὀκτώ.
495 1919 550 1945 Καὶ
576 1919 709 1946 θάπτεται
733 1921 762 1946 ἐν
785 1919 909 1953 Χεόρὼν,
935 1920 996 1954 ἥτις

206 1963 255 1991 νῦν
273 1964 494 1998 Ἐλευθερόπολις
509 1964 644 1997 καλεῖται,
658 1966 687 1991 ὲν
699 1965 738 1999 τῷ
754 1965 879 2001 σπηλαίῳ
895 1965 909 1992 ὃ
923 1965 996 2000 ὠνή-

208 2016 273 2036 σατο
286 2009 300 2035 ὁ
321 2008 447 2043 Ἀϐραὰμ.
461 2009 538 2044 παρὰ
561 2008 667 2044 Ἐφρὼν
683 2009 729 2036 τοῦ
751 2010 882 2036 Χετταίου
899 2019 997 2045 τετρα-

207 2054 307 2081 κοσίων
323 2053 462 2089 δραχμῶν,
478 2055 524 2083 ἐπὶ
544 2055 685 2091 μαρτυρίᾳ
702 2055 756 2082 τῶν
775 2056 841 2082 υἱῶν
854 2057 909 2083 Χέτ
928 2063 935 2071 ·
949 2056 996 2090 ἀφ’

206 2097 237 2127 οὗ
251 2100 298 2126 καὶ
318 2099 353 2126 τὰ
372 2099 417 2126 διὰ
429 2100 603 2135 γραμμάτων
632 2101 786 2135 συμΰόλαια
815 2102 841 2128 οί
866 2102 996 2137 ’Έλληνες

207 2145 367 2182 ὁμολογοῦσι
395 2145 604 2181 παρειληφέναι.
625 2146 719 2173 Ἰσαὰκ
739 2147 767 2173 δὲ
791 2148 996 2183 τεσσαράκοντα

207 2193 276 2219 ἑτῶν
304 2192 449 2227 γενόμενος
470 2191 550 2219 ἔλαϐε
582 2191 632 2228 τὴν
661 2193 810 2221 Ῥεόέκκαν
825 2215 833 2227 ,
857 2194 995 2230 θυγατέρα

1039 952 1119 980 altari
1135 957 1274 980 exstructo
1288 961 1344 980 rem
1362 954 1416 980 Deo
1431 961 1538 982 sacrant
1557 954 1629 986 fecit,
1644 959 1725 988 atque
1748 961 1780 980 eo
1799 953 1826 979 in

1039 998 1099 1026 loco
1111 998 1315 1026 tabernaculum
1330 1007 1409 1027 suum
1419 1000 1572 1028 collocavit.
1586 999 1727 1033 Quomodo
1736 1003 1826 1027 autent

1040 1045 1177 1080 quondam
1194 1045 1227 1072 ad
1238 1045 1436 1078 Abraitamnm,
1456 1046 1492 1072 ita
1507 1051 1533 1072 et
1555 1046 1589 1073 ad
1604 1045 1727 1074 Isaacum
1753 1050 1827 1080 post-

1041 1093 1122 1120 modo
1160 1091 1352 1119 Abimeleclius
1392 1091 1558 1119 Gerarornm
1589 1100 1648 1124 rex,
1679 1091 1827 1119 Ocltozado

1041 1138 1159 1174 μήδεεοί
1180 1138 1221 1165 sui
1244 1138 1372 1173 praefecto
1391 1143 1418 1166 et
1438 1139 1569 1166 Philocho
1591 1146 1698 1166 summo
1724 1138 1827 1165 militiae

1040 1185 1168 1220 praefecto
1203 1185 1361 1216 comitatus,
1408 1185 1492 1211 venit.
1521 1184 1598 1218 Quod
1631 1185 1703 1212 enim
1741 1184 1826 1211 Deum

1041 1229 1135 1257 Isaaco
1153 1229 1249 1258 adesse
1263 1229 1405 1262 sentirent,
1433 1230 1492 1257 ideo
1509 1229 1541 1256 ad
1571 1237 1632 1256 eum
1653 1232 1829 1256 accesserunt

1042 1278 1198 1309 mutumque
1209 1274 1284 1310 pacis
1300 1274 1356 1301 icto
1371 1275 1482 1307 [αιτιοι-ο,
1500 1282 1578 1310 inane
1596 1274 1634 1301 illi
1648 1273 1829 1309 jurejurando

1044 1319 1159 1347 invicem
1178 1319 1241 1347 dato
1256 1320 1355 1348 animis
1367 1320 1473 1355 pacatis
1499 1320 1698 1348 discesserunt.

1077 1365 1100 1392 Α
1130 1365 1300 1402 Babylonica;
1333 1366 1503 1394 confusionis
1533 1371 1653 1400 tempore
1679 1373 1766 1400 usque
1795 1365 1829 1392 ad

1044 1410 1193 1437 Abrahami
1218 1410 1416 1445 migrationem,
1449 1418 1510 1438 eum
1527 1411 1632 1438 scilicet
1645 1410 1759 1446 jubente
1775 1410 1830 1438 Deo

1044 1456 1138 1483 Carris
1163 1456 1364 1491 Mesopotamia:
1386 1462 1553 1492 paternaque
1567 1457 1649 1484 domo
1672 1457 1777 1486 relictis
1803 1457 1830 1483 in

1045 1507 1146 1530 terram
1177 1502 1371 1534 Cltanutucant,
1395 1509 1456 1537 qua:
1488 1507 1531 1530 est
1566 1502 1723 1535 Palaestina,
1751 1502 1830 1534 abiit,

1046 1551 1111 1578 anni
1145 1550 1386 1578 effluxcruntGlb‘.
1411 1551 1476 1578 Erat
1490 1555 1548 1578 tum
1564 1559 1650 1579 annos
1678 1557 1759 1579 natus
1787 1551 1832 1578 75.

1046 1595 1112 1623 Cum
1129 1596 1155 1623 in
1183 1595 1338 1623 Chananaza
1367 1600 1440 1624 terra
1455 1604 1542 1624 annos
1554 1597 1690 1632 exegisset
1704 1596 1831 1628 25.lsaa-

1045 1649 1109 1669 cum
1124 1642 1229 1677 genuit,
1255 1642 1376 1677 vixitque
1394 1646 1525 1677 praeterea
1540 1650 1628 1670 annos
1643 1642 1689 1669 '16.
1705 1642 1830 1670 Mortuus

1045 1694 1111 1722 ergo
1129 1691 1171 1716 est
1186 1688 1265 1715 annis
1278 1688 1337 1716 vitae
1353 1687 1402 1716 I76
1414 1690 1492 1716 actis.
1509 1689 1596 1724 Atque
1611 1689 1680 1716 liiea
1695 1688 1833 1716 Melchise-

1046 1733 1113 1761 deco
1128 1734 1223 1761 divino
1240 1733 1345 1762 Salemi'
1370 1743 1433 1771 rege
1462 1735 1568 1763 faustas
1594 1735 1833 1770 eontpreeutiones

1045 1781 1163 1816 accepit,
1174 1787 1272 1816 panem
1283 1788 1315 1807 ac
1324 1781 1430 1815 vinum,
1441 1785 1534 1816 utpote
1543 1788 1557 1808 ιι
1567 1781 1667 1808 summi
1682 1780 1727 1809 Dei
1742 1788 1834 1808 sacer-

1046 1826 1120 1858 dote,
1139 1827 1211 1853 sicut
1225 1826 1305 1861 paulo
1324 1829 1388 1853 ante
1400 1827 1623 1854 commemoravi.
1672 1842 1676 1845 ι

1082 1871 1177 1900 lsaaco
1193 1879 1281 1898 annos
1291 1876 1356 1898 nato
1373 1871 1408 1899 52
1423 1871 1490 1898 Sara
1510 1872 1636 1904 moritur,
1654 1879 1728 1899 anno
1746 1872 1835 1899 atatis

1047 1924 1103 1944 sua:
1118 1916 1180 1949 108,
1190 1924 1222 1943 ac
1232 1916 1338 1951 sepulta
1349 1920 1391 1943 est
1402 1915 1622 1951 Hebrone’(nune
1634 1917 1835 1952 Eleutheropo-

1047 1962 1065 1990 li
1082 1969 1182 1989 nomen
1201 1963 1252 1995 est)
1276 1961 1303 1988 in
1321 1961 1462 1996 spelunca,
1482 1969 1563 1998 quam
1596 1962 1771 1990 Abrahamus
1800 1964 1834 1991 ab

1049 2008 1175 2044 Ephrone
1199 2007 1321 2036 Chettaeo
1352 2008 1561 2044 quadringentis
1581 2008 1702 2038 denariis
1721 2014 1835 2042 emerat,

1047 2053 1241 2080 :tttestatttibus
1253 2051 1331 2079 Cbcti
1353 2052 1428 2083 filiis.
1448 2052 1522 2079 unde
1542 2056 1570 2080 et
1589 2053 1706 2087 scriptas
1728 2058 1838 2081 eontra-

1047 2102 1140 2126 ctuutn
1152 2096 1282 2124 formulas
1290 2096 1378 2124 Graeci
1392 2104 1421 2124 se
1430 2097 1550 2125 fatentur
1563 2099 1713 2133 accepisse.
1725 2098 1836 2126 lsaacus

1047 2151 1148 2172 annum
1161 2151 1244 2178 agens
1252 2143 1489 2178 quadragesimum
1497 2143 1647 2171 Rebeccam
1659 2144 1742 2176 duxit,
1754 2145 1836 2171 tiliam

1048 2192 1102 2227 59
1125 2191 1281 2223 Batltuelis;
1308 2190 1354 2224 qui
1376 2189 1510 2218 Naeboris
1539 2191 1651 2218 ultimus
1669 2190 1719 2218 fuit
1743 2195 1770 2218 et
1790 2198 1839 2218 oe-

207 2237 339 2273 Βαθουὴλ,
355 2238 384 2270 ὃς
399 2238 456 2270 υίδς
467 2237 569 2274 Ναχῲρ
590 2236 624 2275 ἦν
635 2238 727 2273 δγδοος
746 2239 793 2266 καὶ
819 2241 990 2272 τελευταῖος·

1048 2245 1127 2265 tavus
1144 2236 1226 2265 ﬁlius.
1242 2236 1350 2263 Naclior
1363 2237 1436 2264 enim
1451 2237 1600 2264 Abrahami
1623 2236 1707 2264 frater
1721 2245 1753 2265 ex
1774 2236 1839 2264 Mel-

207 2284 279 2311 ὸκτὼ
291 2285 345 2319 γὰρ
357 2282 427 2319 ἦσαν
440 2285 494 2311 ἀπὸ
512 2285 623 2320 Μελχᾶς
637 2285 711 2320 αὐτῷ
723 2286 826 2317 παῖδες.
843 2285 945 2322 Ναχὼρ
966 2287 995 2314 δὲ

207 2331 222 2357 ὁ
233 2330 324 2365 πατὴρ
332 2330 455 2365 Βαθουὴλ
471 2327 504 2365 ἦν
515 2331 631 2366 ἀδελφὸς
644 2331 779 2367 Ἀϐραάμ.
795 2331 896 2358 Τούτου
913 2332 996 2367 ἐσχα-

207 2385 254 2408 τος
266 2377 324 2408 υἱὸς
346 2376 468 2411 Βαθουὴλ
496 2376 589 2416 πατὴρ
613 2375 647 2412 ἦν
668 2376 814 2409 Ῥεΰέκκας
840 2378 886 2404 καὶ
901 2378 995 2405 Λάὸαν

208 2422 256 2448 τοῦ
270 2422 402 2456 πενθεροῦ
422 2422 530 2450 ’1ακώ6.
548 2423 652 2449 Τούτου
667 2423 743 2458 νέμει
757 2423 791 2450 τὰ
803 2424 928 2458 πρόϐατα
954 2425 996 2459 ἐφ’

209 2467 281 2499 ὅλοις
296 2467 385 2494 ἐτεσιν
398 2468 496 2495 εἰκοσι.
516 2468 649 2494 Ῥεϐέκκα
669 2469 697 2494 δὲ
716 2469 811 2504 στεῖρα
838 2468 904 2495 οὖσα
930 2469 998 2504 μετὰ

210 2513 311 2540 είκοσιν
337 2512 386 2547 ἔτη
412 2513 541 2549 ἐγέννησε
568 2513 615 2540 δύο
642 2513 690 2540 ἐπὶ
716 2513 745 2540 τὸ
770 2513 836 2540 αὐτὸ
849 2515 934 2546 υἱοὺς,
952 2515 997 2541 τὸν

216 2560 312 2588 Ἰακὼὸ
325 2561 373 2587 καὶ
384 2560 431 2587 τὸν
453 2559 551 2593 Ἠσαῦ,
563 2560 591 2587 ὲν
603 2559 642 2595 τῷ
657 2559 678 2593 ξ’
692 2559 748 2587 ἔτει
770 2561 874 2588 Ἰσαάκ.
890 2560 944 2587 Τοῦ
971 2561 1000 2587 δὲ

209 2607 314 2642 κόσμου
324 2604 359 2642 ἦν
375 2606 433 2638 ἔτος
449 2605 542 2642 ,γυοβκ

244 2653 307 2680 Ὅτι
321 2652 466 2688 κολλυρίδα
494 2653 550 2688 (42)
575 2653 713 2688 ποιήσασα
743 2652 878 2680 Ῥεϐέκκα
900 2652 1003 2680 δέδωκε

246 2710 256 2726 ¹
275 2709 344 2738 Gen.
365 2718 438 2738 xxvt.

775 2754 951 2782 XYLANDRI
976 2754 1020 2781 ET

247 2802 422 2838 (42)Generis
435 2803 598 2831 vocabulum
612 2803 640 2831 in
653 2803 878 2838 interpretatione
887 2803 996 2835 retinui,

211 2845 274 2874 eum
286 2839 376 2873 qualis
385 2843 460 2866 esset
478 2838 566 2866 forma
578 2839 733 2874 κολλυρίδος
750 2846 804 2866 non
823 2845 996 2872 asscquerer.

211 2873 355 2903 Athenaeus
371 2882 437 2903 sane
451 2875 469 2903 ι.
487 2882 516 2903 ιιι
529 2874 561 2903 de
582 2873 667 2910 panis
679 2874 762 2903 variis
778 2874 925 2909 generibus
940 2873 997 2902 dis-

1047 2284 1098 2312 elia
1115 2291 1200 2311 uxore
1215 2287 1278 2310 oeto
1294 2283 1364 2310 ﬁlios
1385 2282 1644 2318 sustulit.interque
1659 2283 1709 2310 hos
1731 2287 1837 2317 postre—

1048 2337 1093 2357 mo
1109 2327 1342 2355 loeo~Bathuelem
1353 2331 1457 2362 patrem
1472 2326 1602 2355 Rebecca:
1614 2332 1639 2354 et
1654 2326 1838 2362 Labani,ejus

1048 2377 1093 2412 qui
1110 2376 1208 2403 deinde
1227 2383 1305 2403 socer
1320 2374 1414 2402 Jacobi
1432 2373 1495 2401 fuit.
1520 2373 1587 2400 Nam
1602 2372 1722 2400 Iacobus
1741 2377 1840 2408 perto-

1049 2428 1092 2449 tos
1110 2421 1205 2457 viginti
1228 2427 1316 2447 annos
1330 2427 1427 2454 greges
1446 2420 1508 2454 ejus
1528 2419 1614 2454 pavit.
1629 2419 1763 2447 Catlerum
1788 2419 1841 2446 Re—

1051 2469 1145 2501 becca,
1161 2475 1222 2495 eum
1240 2470 1313 2494 esset
1328 2466 1443 2499 sterilis,
1459 2470 1521 2500 post
1547 2466 1642 2501 viginti
1669 2465 1779 2493 demum
1793 2474 1842 2492 an-

1052 2523 1103 2542 nos
1119 2522 1174 2541 uuo
1185 2519 1262 2548 partu
1272 2512 1340 2540 duos
1354 2512 1440 2540 edidit
1455 2511 1674 2545 filiosJaeobum
1689 2516 1715 2539 et
1728 2511 1840 2545 Esaum,

1054 2560 1147 2588 lsaaeo
1160 2565 1217 2587 tum
1234 2559 1424 2594 sexagenario,
1442 2566 1515 2586 anno
1532 2558 1628 2586 mundi
1641 2558 1722 2586 54⁵12.

1092 2651 1214 2679 Rebecca
1234 2653 1330 2685 parato
1352 2649 1443 2677 edulio
1456 2648 1559 2678 Iacobo
1577 2649 1602 2676 id
1625 2649 1710 2683 dedit,
1725 2657 1842 2685 eumque

1050 2753 1154 2783 COARI
1179 2753 1295 2781 NOTAE.

1051 2810 1157 2832 serens.
1165 2810 1196 2829 ex
1207 2802 1397 2837 Aristophanis
1408 2800 1477 2829 Pace
1488 2808 1596 2837 versum
1609 2800 1675 2837 eita_t
1684 2798 1717 2824 de
1729 2797 1840 2837 collyra,

1051 2846 1132 2872 qtiam
1154 2838 1216 2865 inde
1231 2833 1350 2865 ostetidit
1365 2845 1397 2864 ex
1414 2837 1529 2872 panibus
1546 2833 1742 2872 l'uisse.__Poct_ze
1758 2833 1841 2859 inter-

1052 2868 1113 2907 pres
1132 2874 1208 2908 panis
1224 2873 1266 2901 vel
1284 2868 1539 2908 exiguum'frustum
1559 2870 1599 2898 vel
1623 2868 1724 2903 aliquid
1739 2876 1771 2896 cx
1793 2875 1841 2903 pa-
