2007 3156
94 206 129 237 9⁶ὶ
620 209 894 240 HISTORIARUM
913 209 1181 241 COMPENDIUM.
1693 211 1728 242 οι

95 263 352 298 χειροτκοπικὸνηδ
366 264 395 291 δὲ
420 265 523 292 ἐνόδιον
548 265 564 300 ἢ
590 265 808 300 κληδονιστικδν,
826 263 883 292 οἷον

940 264 1107 294 divinatione
1122 273 1155 293 ex
1172 273 1303 293 manuum
1323 265 1501 300 inspectione,
1514 272 1579 300 pars
1598 264 1624 292 iu
1640 265 1727 292 obviis

93 309 157 334 ὅταν
175 310 207 335 ὲκ
222 309 269 335 τοῦ
293 311 507 346 παρατυχόντος
520 311 666 346 εἰρημένου
696 311 884 346 τεκμαίρηταί

93 362 135 385 τις
148 354 178 379 τὸ
190 354 328 388 ἐσόμενον,
343 357 390 382 καὶ
405 356 468 381 ὅταν
483 356 518 382 δι’
538 356 679 390 ὀνομάτων
695 356 802 391 νεκρῶν
820 357 884 382 ἐπι-

95 401 229 436 κλήσεως,
244 402 291 428 καὶ
305 402 370 428 ὅταν
386 402 420 428 δι’
436 403 545 436 ἄστρων
564 404 610 429 καὶ
626 402 730 429 ὑδάτων
742 403 758 438 ἢ
772 402 886 437 ὀνείρων

97 447 230 482 ματαίων.
256 445 306 474 οἷοι
329 448 389 474 καθ’
418 449 538 483 ἑκάστην
562 450 629 475 πᾶσι
658 448 884 483 προσπίπτουσι·

96 494 205 519 σπάνιοι
216 494 271 528 γὰρ
285 493 345 520 λίαν
356 495 380 520 oi
396 494 500 521 ἄνωθεν
517 495 641 530 ἥκοντες.
658 491 775 522 Οὗτοιδὲ
786 495 886 526 πάντες

95 539 284 573 δαιμονιώδεις
302 540 327 566 οἱ
348 540 445 575 τρόποι
460 541 509 575 τῆς
524 541 695 577 προφητείας
721 540 769 567 καὶ
787 549 886 575 στοχα-

97 586 196 617 στικοὶ,
210 585 234 611 οἳ
253 586 323 612 κατὰ
342 586 516 620 συμϐεϐηκὸς
531 586 711 620 ἀληθεύοντες
726 585 755 612 ἐν
768 593 839 612 τισιν
857 587 886 612 ὲν

95 633 152 663 τοῖς
175 631 310 663 πλείστοις
337 632 551 666 ἁμαρτάνουσιν.
566 632 651 665 ’Λλλη
677 632 704 658 δὲ
731 631 885 667 προφητεία

96 678 210 713 φυσικὴ,
224 678 261 709 ὡς
279 678 354 712 ὴδιὰ
372 677 427 704 τῶν
443 678 571 712 ἀλόγων·
592 678 728 712 χελιδὸνες
754 677 810 712 γὰρ
837 677 886 704 καὶ

98 725 243 759 μύρμηκες
268 724 316 750 καὶ
331 724 442 759 γέρανοι
460 724 544 759 ὲχῖνοί
568 733 597 750 τε
615 724 662 750 καὶ
679 723 810 754 ἀλκυόνες
831 732 887 758 χει-

98 769 187 805 μῶνος
213 770 336 800 ἐπιόντος
357 769 482 803 φυσικῶς
506 769 730 796 ὲπαισθάνονται.
748 769 832 803 Ἄλλη
856 768 886 795 δὲ

96 815 224 851 τεχνητὴ.
242 816 279 847 ὡς
301 816 318 851 ἡ
333 815 401 850 παρ’
415 816 517 850 ἰατροῖς
539 815 587 841 καὶ
610 815 794 850 κυϐερνήταις
816 816 886 849 ὁρω-

98 861 178 896 μένη,
192 862 252 897 ἥτις
278 861 431 896 στοχασμὸς
449 861 549 895 μᾶλλον
563 861 579 897 ἢ
594 861 747 896 προφητεία
768 860 888 895 μετωνὸ-

97 915 209 942 μασται.
228 906 282 933 Καὶ
296 906 371 942 παρὰ
387 905 488 938 ταύτας
499 908 516 942 ή
533 906 659 942 δημώδης
674 915 703 933 τε
721 907 769 933 καὶ
797 906 884 940 κοινὴ,

94 952 132 984 ὡς
151 953 215 979 ὅταν
229 953 293 988 εἴπῃ
310 961 352 984 τις
377 953 418 980 ὅτι
436 953 504 988 μετὰ
521 954 597 988 τρεῖς
610 953 716 988 ἡμέρας
731 952 807 979 ἔσται
828 961 885 987 χει-

96 997 168 1032 μὼν,
186 999 227 1024 ὅτι
242 998 273 1024 ἐκ
285 997 452 1032 φιλονεικίας
465 998 555 1032 ψυχῆς
572 997 702 1028 πολλάκις
720 998 797 1032 μῖσος
816 997 888 1030 ἐγεί-

95 1052 185 1077 ρεται,
202 1044 234 1069 ἐκ
248 1043 295 1070 τοῦ
305 1045 400 1078 μίσους
415 1043 443 1070 δὲ
458 1044 547 1078 ἔριδος
562 1042 747 1077 ἀνισταμένης
760 1043 807 1068 καὶ
821 1039 888 1077 κρα-

95 1090 246 1124 τυνομένης
263 1089 343 1124 ζῆλος
360 1089 469 1123 ἐγένετο
484 1089 595 1124 πικρὸς.
621 1089 653 1115 ἐκ
670 1089 698 1114 δὲ
718 1087 765 1114 τοῦ
790 1088 888 1122 φθόνος

95 1134 230 1168 ἐνέσκηψε
247 1134 379 1169 κρυπτὸς,
395 1134 465 1160 ἐκδὲ
478 1133 526 1160 τοῦ
541 1136 555 1160 ὁ
565 1133 649 1168 θυμὸς
659 1133 779 1168 ἀνῆπται
789 1133 887 1166 δεινὸς,

96 1182 129 1208 ἐκ
144 1181 190 1208 τοῦ
203 1181 289 1216 θυμοῦ
306 1181 334 1208 δὲ
352 1182 466 1213 θάνατος
489 1183 641 1208 ἀνακύπτει
659 1181 788 1216 πονηρὸς,
807 1182 831 1207 εί
850 1181 888 1217 μὴ

96 1227 234 1263 κρείττοσι
248 1227 370 1263 δηλονότι
385 1227 526 1263 προνοίαις
543 1228 735 1274 ἀνεκόπτοιτο.

138 1363 183 1390 Ἐν
199 1363 237 1398 τῷ
253 1363 392 1399 πραθῆναι
408 1363 453 1390 τὸν
475 1363 575 1398 Ἰωσὴφ
598 1364 628 1389 ὲν
653 1363 783 1399 Αἰγύπτῳ
798 1364 885 1391 Πετε-

98 1411 154 1446 φρῇ
165 1409 285 1444 εὐνούχῳ
301 1409 341 1444 τῷ
357 1409 548 1444 ἅρχιμαγείρῳ
558 1409 669 1443 Φαραὼ,
682 1409 728 1436 καὶ
739 1410 768 1436 ἐν
783 1410 890 1445 δεσμω-

97 1457 185 1492 τηρίῳ
199 1455 402 1490 ὲγκλεισθῆναι,
421 1454 520 1489 συνὲὃη
544 1454 590 1481 τὸν
614 1455 817 1490 ἀρχισιτοποιὺν
841 1456 890 1482 καὶ

98 1503 143 1529 τὸν
156 1492 350 1537 ἀρχιοινοχόον,
364 1501 427 1532 τοὺς
440 1500 584 1536 εὐνούχους
598 1501 709 1536 Φαραὼ,
726 1500 890 1535 ἐγκλεισοῆ-

99 1558 143 1576 vat
172 1549 202 1574 ὲν
227 1547 266 1582 τῷ
298 1546 373 1582 αὐτῷ
399 1547 580 1583 δεσμωτηρίῳ
605 1548 669 1574 ἔνθα
698 1547 745 1574 καὶ
778 1548 887 1582 Ἰωσήφ.

103 1594 230 1630 Ἦμερῶν
244 1594 273 1621 δὲ
286 1593 447 1620 διελθουσῶν
462 1594 614 1630 ἀμφότεροι
627 1592 697 1620 εἶδον
711 1594 837 1621 ἐνύπνια.
860 1595 888 1620 '0

100 1642 149 1676 μὲν
163 1640 346 1677 ἀρχιοινοχόος
371 1639 494 1675 ἄμπελον
517 1638 571 1667 εἶδε
590 1640 741 1667 θάλλουσαν
766 1639 888 1675 βλαστοῖς

98 1687 146 1714 καὶ
174 1686 320 1722 πεπείρους
352 1685 467 1722 βότρυας
496 1686 635 1721 σταφυλῆς
671 1686 888 1721 προσάλλουσαν,

98 1734 173 1769 τρεῖς
203 1733 230 1759 δὲ
260 1733 361 1767 ταύτην
400 1732 554 1768 ὑπέχουσαν
581 1732 705 1759 κάτωθεν
737 1733 888 1767 πυθμένας.

101 1789 112 1807 ι
135 1779 205 1813 Ἐγὼ
215 1778 255 1811 δὲ,
275 1778 370 1813 φησὶν,
388 1778 468 1813 ᾤμην
483 1778 523 1813 τῷ
540 1778 663 1814 ποτηρίῳ
686 1778 736 1813 τὴν
749 1779 889 1813 σταφυλὴν

99 1825 232 1853 ἑκθλίδων
258 1826 299 1856 είς
325 1825 374 1859 τὴν
395 1825 475 1859 χεῖρα
502 1823 603 1850 διδόναι
632 1825 742 1860 Φαραώ.
770 1833 779 1850 ι
798 1825 852 1851 Καὶ
876 1825 889 1851 ὁ

104 1871 204 1906 Ἰωσὴφ
215 1871 279 1902 τοὺς
289 1871 362 1905 τρεῖς
377 1869 520 1905 πυθμένας
531 1870 570 1896 ἔτι
579 1871 653 1905 τρεῖς
663 1870 771 1906 ἡμέρας
781 1870 891 1897 ἔσεσθαί

99 1924 178 1950 φησι,
191 1915 238 1941 καὶ
252 1916 300 1950 τῆς
311 1915 400 1950 ἀρχῆς
415 1923 462 1941 σου
479 1916 649 1950 μεμνήσεται
674 1916 688 1942 ὁ
704 1915 816 1951 Φαραὼ,
843 1915 891 1942 καὶ

99 1961 321 1996 ἀποκαταστήσει
336 1969 366 1986 σε
381 1962 422 1992 είς
447 1961 496 1996 τὴν
512 1961 650 1996 προτέραν
678 1962 890 1997 ἀρχιοινοχοὴν.

106 2006 189 2034 Ἀλλὰ
206 2006 342 2042 μνήσθητι
362 2007 464 2042 κάμοῦ,
486 2007 551 2034 ὅταν
576 2008 607 2034 εὖ
632 2016 674 2035 σοι
699 2009 824 2043 γένηται,
849 2008 892 2035 ὅτι

102 2053 190 2088 μάτην
206 2053 361 2088 διαϐληθεὶς
376 2053 415 2087 τῷ
443 2054 604 2089 ὀχυρώματι
619 2054 707 2090 τούτῳ
724 2055 893 2090 κατακέκρι-

102 2108 160 2135 μαι.
181 2099 243 2126 Ἐπὶ
255 2099 361 2131 τούτοις
379 2100 426 2127 καὶ
440 2102 454 2127 ὁ
470 2101 673 2136 ἀρχισιτοποιὸς
687 2101 738 2137 [Ρ.
757 2101 809 2137 57]
828 2101 891 2136 ἔφη’

106 2157 114 2172 ι
131 2147 203 2181 Τρία
232 2146 303 2173 κανᾶ
331 2146 480 2182 χονδριτῶν
506 2147 656 2179 σιτοποιοῦ,
673 2147 702 2180 ἐξ
720 2144 757 2174 ὧν
773 2147 861 2182 ἔργων
876 2149 890 2174 6

102 2192 230 2227 βασιλεὺς
247 2192 345 2224 ἐσθίει,
357 2193 405 2218 ἐπὶ
418 2193 467 2228 τῆς
483 2192 605 2228 κεφαλῆς
622 2201 673 2228 μου
685 2193 757 2228 ἔχειν
771 2193 894 2228 ὕπελάμσ

102 2239 183 2266 ϐανον
199 2247 206 2254 ·
223 2239 270 2265 καὶ⁸
289 2238 325 2265 τὰ
346 2239 458 2266 πετεινά
480 2239 527 2265 τοῦ
549 2239 666 2274 οὐρανοῦ
693 2240 806 2267 ἐπιόντα
829 2248 893 2266 κατ-

103 2286 196 2321 ήσθιεν
210 2285 289 2312 αὐτά.
302 2295 311 2311 ι
326 2285 381 2311 Καὶ
391 2285 405 2312 ὁ
420 2285 549 2321 Ἰωσὴφ,ι
563 2279 824 2321 Ἐτιτρεῖςήμέραι,
834 2285 897 2320 ἔφη,

103 2331 150 2357 καὶ
164 2331 302 2365 ἀφελεῖται
318 2330 417 2367 Φαραὼ
432 2331 481 2366 τὴν
494 2331 615 2367 κεφαλήν
630 2340 678 2358 σου
691 2331 746 2358 ἀπὸ
761 2331 821 2364 σοῦ,
846 2332 892 2358 καὶ

635 2408 814 2436 ΧΫΙΑΝΟΙΠ
845 2409 888 2437 ET

105 2471 176 2499 oculi
194 2470 342 2503 dextri;et
353 2469 390 2497 ait
409 2469 603 2498 Possidonium
623 2479 654 2498 ea
673 2472 707 2499 de
730 2479 760 2498 re
786 2471 890 2505 aliquit!

105 2515 167 2535 esse
180 2509 405 2534 commentatum.
424 2505 496 2532 Sane
509 2505 580 2540 apud
593 2505 769 2533 Theocritum
781 2514 892 2541 quoque

107 2543 140 2570 de
157 2548 250 2568 amore
266 2548 316 2568 suo
327 2541 396 2568 bene
412 2541 538 2568 ominans
547 2541 658 2575 quidam
673 2543 709 2569 ita
721 2541 778 2568 ait:
796 2541 893 2568 Ἂλλε-

110 2587 151 2605 ται
174 2575 313 2611 ὀφθαλμός
335 2584 380 2610 μοι
404 2576 418 2602 ὁ
433 2575 531 2608 δεξιός.
552 2576 581 2611 id
604 2580 658 2608 est,
673 2577 778 2604 Oculus
796 2577 894 2603 dexter

107 2613 172 2639 mihi
191 2611 322 2639 substiiit.
340 2610 473 2638 Caeterum
485 2611 549 2644 quid
566 2610 782 2639 divinatiouibus
797 2612 893 2645 hujus-

108 2647 181 2674 modi
211 2646 386 2674 tribuendum
418 2646 465 2677 sit.
494 2647 597 2681 optime
631 2647 765 2680 intelliges
800 2655 833 2673 ex
862 2647 891 2674 ί).

109 2683 261 2718 Augustino
272 2681 486 2718 iiiultislocis,et
502 2682 637 2716 praecipue
651 2682 668 2708 l.
681 2690 698 2708 ιι
717 2682 754 2718 De
765 2682 888 2709 doctrina

109 2716 278 2749 Christiana.
294 2726 321 2744 c.
340 2716 376 2744 2t)
388 2720 416 2744 et
428 2717 519 2744 tribus
536 2717 726 2751 sequentibus.
743 2717 832 2752 Atque
856 2718 892 2744 ibi

110 2752 220 2786 quidem
251 2753 334 2780 etiam
362 2751 519 2780 salientium
547 2752 732 2780 membrorum
760 2751 892 2787 praesagia

110 2792 374 2815 commemorantur.
402 2786 496 2822 Itaque
523 2795 578 2816 non
602 2788 706 2822 optimo
732 2786 792 2822 iure
816 2788 891 2822 carpi

110 2830 158 2849 eos
174 2827 238 2856 puto
258 2823 304 2858 qui
319 2831 351 2851 ex
367 2822 511 2857 Epiphanii
525 2823 644 2850 Panario
664 2823 771 2857 παλμόν
788 2827 890 2850 tremo-

110 2865 168 2885 rem
196 2865 243 2884 scu
267 2859 476 2886 concussionem
503 2862 708 2892 converterunt,
739 2858 888 2892 praesertim

108 2900 170 2920 cum
193 2894 426 2928 coqnoqueloco
457 2893 564 2925 παλμός
596 2892 667 2920 inter
701 2902 733 2920 ea
766 2897 885 2927 ponatur

109 2928 287 2956 divinationis
307 2936 414 2964 genere,
434 2937 494 2964 quae
510 2937 571 2957 cum
588 2929 751 2965 extispicum
764 2929 889 2957 doctrina

937 311 1106 344 rumoribus,
1131 312 1204 339 unde
1232 313 1324 339 omnia
1349 315 1505 346 captantur,
1537 318 1599 338 cum
1629 311 1728 338 obvius

937 357 1054 391 quisque
1070 356 1254 392 interrogatus
1275 358 1343 384 dicit
1364 358 1435 385 unde
1453 357 1575 384 futurum
1595 356 1728 389 conjicia-

937 406 993 430 tur.
1019 403 1089 430 Tum
1116 407 1287 430 mortuorum
1318 403 1480 430 nominatim
1509 402 1726 430 invocandorum

936 448 1018 480 ratio,
1049 456 1081 476 ex
1100 448 1248 481 sideribus,
1272 449 1353 483 aquis
1381 453 1428 476 aut
1455 449 1582 476 inanibus
1612 447 1727 476 somniis

937 489 1087 530 prmdiétio,
1104 495 1196 530 qualia
1210 495 1284 522 omni
1307 499 1388 522 nocte
1404 495 1549 529 quibusvis
1571 494 1699 522 accidunt
1718 502 1725 520 :

936 549 998 568 rara
1014 541 1161 568 admodum
1178 545 1243 568 sunt
1261 541 1332 568 enim
1350 541 1455 568 somnia
1472 540 1603 568 divinitus
1623 540 1726 568 oblata.

937 587 1000 615 Haec
1015 587 1108 615 omnia
1130 586 1296 614 vaticinandi
1318 594 1418 622 genera
1437 593 1451 613 a
1475 586 1645 613 daemonibus
1663 589 1727 612 sunt

937 633 1160 668 conjecturisque
1183 632 1349 665 innitnntur,
1371 632 1407 658 ita
1430 635 1459 658 ut
1479 638 1528 666 per
1552 631 1680 658 accidens
1700 631 1727 657 in

937 678 1102 713 quibusdam
1118 686 1213 706 verum
1230 678 1376 713 attingant,
1392 677 1418 705 in
1436 677 1573 712 plerisque
1588 677 1726 704 aberrent.

936 724 985 752 Est
995 727 1031 759 Iet
1048 723 1101 751 alia
1132 723 1266 752 naturalis
1286 723 1421 750 divinatio
1439 723 1596 750 brutorum.
1622 723 1728 748 Etenim

937 769 1111 800 hirundines,
1126 768 1259 800 formicae.
1270 777 1364 804 grues,
1384 767 1477 796 echini
1500 773 1583 803 atque
1599 768 1730 803 alcyones

938 818 1126 850 tempestatem
1153 819 1326 850 appetentem
1350 819 1452 842 naturae
1478 815 1584 841 monitu
1608 821 1730 850 prmscn-

938 861 1022 888 tiunt.
1039 861 1099 888 Alia
1118 862 1279 894 artiﬁciosa,
1300 862 1411 896 qualem
1434 861 1533 888 medici
1549 865 1576 888 et
1592 861 1729 896 guberna-

939 911 1012 934 tores
1028 906 1179 934 ostendunt
1192 915 1198 940 ;
1213 915 1273 942 qua:
1288 910 1380 933 tamen
1394 906 1562 941 eonjectatio
1577 905 1669 940 potius
1687 909 1730 932 est

937 960 1020 987 quam
1039 953 1172 981 divinatio
1190 953 1336 988 appellata.
1350 953 1450 980 Przeter
1463 953 1514 980 has
1529 952 1650 988 vulgaris
1664 959 1732 987 quo-

937 1005 992 1032 quc
1006 999 1059 1024 ista
1074 1002 1101 1026 et
1114 999 1281 1030 communis,
1301 1003 1330 1025 ut
1349 1006 1411 1026 cum
1428 999 1490 1033 quis
1507 998 1573 1025 dicit
1594 1002 1654 1033 post
1679 997 1730 1024 tri-

939 1043 1023 1071 duum
1039 1043 1098 1072 fore
1110 1047 1311 1079 tempestatem.
1324 1044 1378 1080 65
1399 1044 1525 1071 Studium
1547 1043 1731 1071 contendendi

937 1091 1068 1126 exiguum
1099 1098 1171 1126 saepe
1196 1090 1261 1118 odio
1283 1091 1459 1118 occasionem
1478 1090 1601 1126 praebet;
1625 1097 1656 1117 ex
1677 1097 1733 1124 quo

937 1141 1000 1164 orta
1017 1137 1075 1164 rixa
1090 1141 1118 1165 et
1134 1137 1323 1166 invalescente
1336 1128 1436 1165 acerba
1455 1137 1565 1165 exsistit
1580 1136 1731 1164 aunulatio.

938 1182 1015 1210 lianc
1030 1183 1137 1210 occulta
1149 1183 1454 1218 subsequiturinvidia;
1470 1186 1497 1211 et
1506 1190 1538 1211 ex
1552 1182 1605 1209 hac
1621 1188 1731 1209 rursum

938 1228 1023 1256 animi
1043 1229 1199 1258 exardescit
1221 1229 1294 1258 acris
1316 1229 1368 1264 ira,
1387 1237 1448 1264 qua:
1469 1229 1628 1256 homicidiis
1650 1227 1732 1255 laedis

938 1281 1051 1302 causam
1068 1274 1190 1307 exhibet,
1211 1275 1266 1302 nisi
1289 1275 1490 1310 praestantioris
1513 1274 1644 1301 nimirum
1666 1281 1733 1309 prn-

939 1319 1039 1347 dentiae
1055 1319 1181 1347 consiliis
1192 1327 1222 1346 ea
1235 1323 1405 1347 avertantur.

974 1363 1042 1391 Cum
1066 1363 1094 1391 in
1116 1363 1264 1399 Egyptum
1289 1364 1418 1392 venditus
1436 1363 1572 1398 Iosephus
1591 1363 1733 1398 Pntiphari

939 1410 1021 1445 regite
1042 1409 1198 1438 Pharaonis
1219 1410 1318 1438 culinae
1346 1410 1474 1445 praefecto
1503 1410 1633 1437 eunucho
1659 1413 1734 1436 esset

939 1453 1023 1490 atque
1051 1455 1078 1482 in
1104 1462 1244 1482 carcerem
1265 1455 1394 1487 traditus,
1423 1455 1514 1482 evenit
1540 1459 1569 1482 ut
1596 1455 1733 1489 pistorum

939 1508 1051 1537 quoque
1066 1505 1093 1529 et
1109 1502 1302 1536 pincernarum
1318 1501 1469 1528 Pharaonis
1487 1501 1629 1535 principes
1645 1508 1734 1527 eunu-

940 1548 985 1575 chi
1017 1548 1045 1575 in
1069 1548 1196 1576 eumdem
1227 1555 1368 1576 carcerem
1390 1548 1633 1576 concluderenlur.
1670 1546 1735 1574 Inde

938 1594 1047 1629 aliquot
1067 1593 1169 1629 elapsis
1186 1593 1283 1622 diebus
1311 1599 1426 1629 uterque
1448 1593 1547 1620 horum
1566 1593 1733 1621 insomnium

941 1640 1049 1668 habuit.
1077 1639 1208 1674 Princeps
1230 1640 1426 1675 pincernarum
1452 1639 1545 1666 retulit
1570 1639 1655 1666 visam
1682 1638 1734 1665 sibi

941 1686 968 1713 in
985 1686 1092 1714 somnis
1110 1685 1197 1714 fuisse
1212 1687 1294 1714 vitem
1318 1687 1406 1714 laetam
1423 1685 1584 1721 palmitibus
1599 1691 1737 1713 maturas-

940 1740 994 1767 que
1011 1740 1079 1760 uvas
1099 1734 1300 1768 porrigentem.
1324 1737 1406 1768 atque
1426 1733 1533 1760 inferne
1555 1733 1645 1761 tribus
1666 1733 1735 1760 sub-

942 1779 1035 1805 nixam
1054 1778 1226 1813 palmitibus,
1253 1787 1283 1806 se
1302 1786 1369 1806 vero
1386 1786 1465 1806 uvain
1490 1779 1517 1806 in
1543 1780 1671 1813 poculum
1689 1786 1737 1806 ex-

942 1823 1072 1859 primere.
1092 1824 1174 1859 idque
1188 1825 1325 1852 Pharaoni
1343 1825 1370 1852 in
1384 1833 1494 1852 manum
1511 1825 1586 1853 dare.
1604 1825 1674 1852 Tum
1690 1824 1738 1852 Jo-

942 1871 1044 1905 scphus
1057 1871 1255 1905 interpretatus
1271 1876 1313 1898 est
1328 1871 1418 1898 tribus
1434 1872 1594 1906 palmitibus
1610 1872 1735 1898 triduum

941 1917 1090 1952 signiﬁcari
1111 1923 1168 1944 :eo
1190 1921 1287 1944 exacto
1305 1917 1442 1944 Pharaoni
1464 1917 1648 1943 ministerium
1670 1917 1733 1951 ejus

942 1962 970 1990 in
991 1962 1155 1990 memoriam
1176 1963 1340 1995 rediturum,
1362 1963 1509 1998 ipsumque
1529 1971 1542 1990 a
1558 1971 1620 1999 rege
1637 1963 1664 1990 in
1680 1963 1738 1999 pri—

943 2008 1043 2036 stinam
1060 2008 1222 2044 dignitatem
1242 2009 1400 2036 restitutum
1414 2009 1461 2037 iri.
1479 2008 1617 2043 Petiitque
1641 2013 1671 2035 ut
1692 2017 1737 2035 re-

942 2053 996 2081 bus
1011 2054 1151 2089 prosperis
1173 2054 1296 2082 redditns
1313 2055 1355 2081 sui
1380 2062 1429 2089 per
1449 2054 1614 2082 calumniam
1634 2052 1738 2080 carceri

943 2099 1044 2128 inclusi
1055 2100 1191 2128 rationem
1206 2100 1330 2128 haberet.
1342 2100 1445 2128 Deinde
1457 2100 1588 2135 magister
1597 2100 1738 2135 .pistorum

946 2153 955 2170 ι
976 2144 1143 2180 lmaginatus
1158 2153 1236 2179 sum,
1252 2145 1302 2177 ait,
1317 2153 1366 2181 per
1383 2147 1503 2181 quietem
1516 2146 1599 2181 capiti
1611 2153 1671 2173 meo
1686 2145 1740 2171 im-

944 2191 1050 2226 positas
1074 2196 1131 2219 tres
1146 2195 1257 2226 sportas
1278 2199 1322 2219 me
1346 2199 1452 2227 gerere,
1475 2192 1590 2227 panibus
1612 2191 1740 2219 delicatis

946 2237 1050 2272 plenas,
1063 2237 1195 2273 qualibus
1210 2245 1259 2265 rex
1274 2238 1348 2265 vesci
1364 2238 1435 2266 solet
1449 2247 1456 2265 :
1469 2242 1599 2265 cmterum
1616 2245 1681 2264 aves
1696 2236 1740 2263 in-

914 2285 936 2312 D
953 2292 1050 2320 gruerc
1066 2289 1150 2319 atque
1170 2291 1218 2311 eos
1239 2283 1385 2312 devorare.
1405 2293 1415 2310 ι
1434 2284 1589 2319 Respondit
1602 2282 1740 2317 Josephus

942 2332 1005 2358 fore
1019 2335 1049 2358 ut
1065 2333 1128 2365 post
1143 2334 1201 2358 tres
1215 2329 1275 2358 dies
1292 2329 1400 2358 Pharao
1415 2338 1479 2358 eum
1492 2330 1582 2365 capite
1596 2328 1741 2356 multatum

917 2408 1025 2437 GOARI
1054 2407 1171 2436 ΝΟΤΛΕ.

943 2474 970 2497 et
985 2473 1111 2496 extorum
1142 2468 1323 2503 palpitatione
1353 2474 1408 2495 non
1424 2466 1557 2503 intuitum
1572 2465 1740 2503 “videantur

945 2505 1045 2532 habere
1065 2501 1222 2532 commune.
1239 2503 1327 2530 Porro
1342 2502 1519 2537 Pulipharem
1534 2501 1634 2537 culinae
1650 2505 1698 2527 aut
1712 2503 1737 2529 si

945 2541 1033 2568 mavis
1060 2547 1213 2574 coquoruin
1246 2536 1413 2573 praefectum,
1441 2536 1741 2574 nu_mitiav_i_,_sec_utus

945 2574 1067 2602 Gmcam
1104 2571 1305 2610 ἆρχιμάγεὶρος
1332 2580 1439 2600 vocem.
1453 2572 1531 2610 _Nan_t
1547 2571 1739 2610 _llebrajciiiii

947 2618 1028 2638 secus
1042 2605 1132 2637 sonat'
1144 2605 1319 2639 vocabulum,
1335 2608 1489 2642 praesertim
1503 2607 1525 2634 si
1543 2607 1638 2642 Ortelo
1653 2605 1740 2642 Chal-

947 2645 1006 2672 dino
1020 2646 1206 2680 paruphrastae
1237 2641 1376 2680 credimus
1395 2651 1419 2680 ο.
1438 2643 1492 2680 ’59ς
1523 2642 1570 2680 cui
1592 2641 1741 2680 admodum

946 2675 1095 2716 stitl'ragari
1108 2680 1218 2716 videtur
1235 2679 1378 2716 Jeremias,
1397 2678 1537 2716 hoe_ipso_
1553 2678 1633 2716 titulo
1647 2675 1740 2716 Nebu-

945 2713 1092 2743 zardanem
1108 2715 1260 2750 appellans,
1275 2713 1324 2750 qui
1336 2721 1354 2750 a7
1365 2721 1429 2750 rege
1455 2713 1605 2750 Babylonio
1634 2713 1739 2739 missus

945 2751 996 2778 fuit
1010 2751 1045 2777 ail
1062 2748 1252 2786 Hierosolyma
1273 2748 1438 2783 diripienda.
1469 2748 1536 2786 Nam
1553 2755 1585 2774 ea
1609 2754 1655 2774 res
1673 2754 1738 2786 non!

945 2791 975 2813 ut
1000 2786 1109 2821 opinor,
1127 2785 1233 2821 rvalde_
1253 2785 1382 2821 appOSita
1415 2788 1459 2812 est
1485 2783 1575 2821 otlicio
1613 2783 1739 2821 magistri

944 2816 1107 2856 coquorum.
1120 2820 1200 2848 Certe
1219 2819 1250 2848 B.
1267 2816 1453 2857 Hieronymus
1479 2819 1654 2857 magistrum.
1667 2816 1739 2857 mil}

947 2850 1004 2883 tum
1023 2856 1065 2883 vel
1080 2857 1218 2884 exercitus
1235 2855 1314 2882 vertit
1328 2876 1335 2889 ,
1360 2850 1387 2882 εἰ
1409 2860 1473 2891 rma
1490 2850 1611 2891 mactare
1633 2850 1739 2891 signiﬁ-

944 2895 999 2924 cat,
1012 2898 1068 2926 quo
1084 2891 1200 2926 artiﬁcio
1216 2892 1349 2919 barbaros
1377 2890 1479 2917 milites
1501 2888 1622 2924 gautlcrc
1639 2888 1739 2914 etiam-

948 2934 1013 2954 num
1022 2925 1142 2956 scimus.
1161 2925 1230 2955 Χιι..
