2007 3156
274 111 309 142 99
903 101 1065 133 GEORGII
1093 97 1261 130 CEDRENI

1864 93 1936 125 100

273 165 406 201 ﬂagitium
431 162 523 189 addat.
552 159 678 188 Secundo
707 159 767 187 loco
796 159 865 186 iram
893 166 925 186 ac
947 157 1067 184 furorem

1128 154 1191 188 ὶὸωρ
1211 152 1324 185 ἐκζέσαι
1340 152 1434 180 τοῦτον
1449 151 1561 185 ἀσελγεῖ
1578 151 1652 185 πόθῳ
1671 151 1718 177 καὶ
1742 151 1786 177 ἐπ’
1807 150 1932 185 ἀνομίᾳ

277 209 423 247 Symeonis
456 212 482 235 et
507 207 569 235 Levi
590 206 759 237 detestatur,
786 205 1020 237 truculentamqne
1040 203 1068 228 In

275 256 441 284 Sicbemitas
457 254 556 281 editam
574 252 674 279 caedem
694 252 804 286 vimque
824 249 945 277 innoxiis
964 249 1068 275 illatam

275 302 376 336 carpit,
391 301 569 335 ipsorumque
588 298 718 332 injustam
734 297 912 326 voluntatem,
928 302 981 329 qua
993 293 1068 321 ducti

277 351 389 383 propter
415 353 536 374 sororem
562 352 640 372 suam
667 344 762 370 Dinam
796 342 957 369 innocentes
986 339 1070 366 truci-

277 394 399 421 dassent.
413 393 452 419 Ac
465 391 600 426 gloriatur
625 397 655 416 se
671 396 760 423 neque
777 394 870 414 eorutn
884 385 984 420 incepti
1001 391 1069 412 con-

277 439 363 467 scium
380 445 467 473 neque
485 436 602 464 instituti
620 435 828 470 approbatoretn
847 432 942 459 fuisse.
955 432 990 459 At
1004 437 1070 458 vero

276 484 365 517 Judze,
388 487 498 519 propter
512 482 651 510 Christum
671 480 725 515 7o
751 479 837 514 ipsius
857 485 889 505 ex
916 477 1001 512 stirpe
1015 477 1071 504 ori-

279 535 382 560 turum.
408 530 551 564 perspicue
578 527 665 553 laatam
684 525 782 557 laudis,
802 523 971 551 adorationis
990 526 1071 557 atque

277 576 313 603 de
326 575 454 603 omnibus
474 572 601 599 hostibus
626 572 746 598 victoria:
770 569 1003 597 denuntiationem
1021 575 1071 596 ex-

278 621 376 656 ponit;
402 626 483 654 quem
504 622 528 644 et
548 617 668 645 catulum
687 617 774 644 leonis
788 616 822 643 ob
838 614 975 650 Unigeniti
992 620 1071 641 natu-

279 673 337 693 ram
357 665 472 698 regiam,
497 666 524 690 et
544 669 654 697 germen
677 669 711 688 ex
735 661 797 696 ipso
819 660 1015 696 pullulatnrum
1035 659 1070 686 ob

279 709 372 738 carnis
386 709 419 735 de
433 708 537 743 virgine
549 706 764 742 assumptionem
778 710 805 733 et
820 706 954 733 humanos
967 705 1071 733 natales

280 756 410 791 appellat.
424 754 554 782 Eumdem
569 761 679 788 quoque
695 753 857 780 moriturum
874 756 901 780 et
913 752 973 779 vitae
988 752 1070 779 resti-

281 807 371 830 tutqu
391 802 434 834 iri,
449 802 486 829 ob
510 802 607 829 mortis
624 800 834 836 propensionem
849 803 876 827 et
893 798 1072 827 resurrectio-

281 855 356 878 nem,
372 847 513 874 evidenter
530 847 566 874 ibi
582 847 687 881 primus
701 845 823 872 omnium
842 844 953 872 divinus
972 844 1072 879 prmdi-

282 893 319 920 cit
349 892 476 920 lsraelus.
504 892 549 919 Ait
580 898 646 919 vero
675 898 815 925 nunquam
845 890 997 925 principem
1022 897 1070 918 seu

281 939 423 966 ductorem
455 946 486 965 ex
514 939 599 973 stirpe
635 936 712 964 Judaa
735 937 909 968 defuturum.
931 936 1018 963 donec
1050 936 1073 963 is

282 984 374 1011 veniat
390 984 433 1010 cui
452 990 496 1011 res
512 983 639 1018 repositae
652 986 726 1014 sunt,
748 990 846 1017 nempe
869 980 1008 1013 Christus,
1025 981 1071 1016 qui

282 1038 346 1058 vere
364 1030 486 1065 gentium
504 1029 673 1063 exspectatio
695 1033 757 1062 est;
780 1029 825 1063 qui
849 1027 950 1055 Judteis
972 1027 1072 1055 fastum

282 1077 482 1110 elationemque
512 1082 638 1107 omnem,
654 1079 682 1102 ut
700 1075 718 1102 ii
742 1075 777 1102 ob
792 1082 917 1109 regnum,
929 1074 1073 1108 imperium

284 1122 494 1155 univcrsamque
519 1122 681 1153 potestatem
711 1118 912 1154 gloriabantur,
940 1118 1074 1150 aditnens,

284 1165 337 1192 sibi
362 1170 390 1191 ut
421 1162 604 1198 omnipotenti
632 1169 740 1189 omnem
770 1161 959 1188 universarum
982 1167 1074 1188 rerum

284 1209 502 1237 dominationem
526 1208 680 1238 vindicans,
694 1207 795 1242 quibus
817 1207 875 1234 vult
892 1214 923 1234 ea
943 1206 1000 1241 ipse
1019 1206 1074 1233 lar-

284 1256 369 1291 gitur.
387 1255 412 1282 ls
433 1255 466 1281 ad
489 1254 571 1281 vitem
599 1261 688 1286 suam,
714 1253 766 1280 hoc
789 1256 832 1280 est
859 1257 1014 1280 sanctorum
1042 1259 1075 1279 ex

285 1301 498 1330 circumcisione
523 1299 685 1332 Ecclesiam,
718 1300 822 1335 pullum
849 1299 943 1333 asinae,
977 1299 1003 1325 id
1034 1303 1077 1327 est

285 1348 414 1375 collectas
431 1355 462 1374 ex
479 1347 603 1382 gentibus
616 1347 763 1378 Ecclesiae,
778 1346 906 1381 capreolo
921 1345 1076 1380 vitis,quod

286 1399 328 1421 est
353 1393 468 1427 spiritus
491 1393 658 1424 dilectionis,
675 1393 806 1426 alligavit.
833 1393 857 1418 ls
870 1392 967 1420 stolam
987 1399 1075 1424 suam,

286 1438 377 1465 carnis
393 1437 519 1465 videlicet
542 1437 683 1469 amictum,
709 1442 739 1465 ut
761 1437 787 1464 in
810 1438 874 1464 vino
895 1438 922 1464 in
945 1438 1078 1472 sanguine

289 1483 354 1510 vitis
368 1483 492 1514 tinctam,
515 1483 542 1509 in
571 1490 622 1510 suo
637 1483 750 1518 proprio
763 1483 896 1518 sanguine
919 1483 1031 1514 lavabit,
1050 1483 1077 1510 id

287 1531 341 1559 est,
357 1535 388 1553 ex
410 1526 520 1554 interitu
537 1527 655 1554 naturali
680 1527 714 1554 ad
741 1527 926 1554 conditionem
950 1527 1079 1554 interitus

287 1579 425 1607 expertem
438 1571 596 1606 transferet,
612 1573 833 1608 quandoquidem
849 1573 875 1600 in
888 1581 970 1601 cruce
985 1580 1080 1600 cruen-

289 1623 372 1649 tatus,
401 1626 416 1645 a
442 1618 560 1645 mortuis
588 1625 674 1653 purus
695 1627 726 1646 ac
750 1618 875 1646 interitui
905 1626 1078 1654 nequaquam

289 1671 373 1699 porro
388 1664 524 1691 obnoxius
541 1665 656 1691 exstitit.
681 1663 769 1700 Hujus
791 1665 874 1692 etiam
890 1665 992 1693 hilares
1015 1669 1079 1693 sunt

289 1710 375 1742 oculi,
399 1714 528 1744 tanquam
563 1718 577 1736 a
603 1711 678 1742 vino,
698 1711 804 1746 Spiritu
828 1712 957 1740 nimirum
984 1716 1081 1741 sancto

289 1756 399 1790 repleti.
417 1755 516 1782 Dentes
534 1755 612 1787 .lacte
628 1756 801 1785 candidiores
822 1758 1079 1786 excellentissimam

292 1809 453 1829 sermonum
486 1801 545 1834 ejus
568 1801 791 1836 perspicuitatem
819 1807 901 1837 atque
932 1804 1079 1839 puritatem

291 1852 401 1875 notant.
416 1847 538 1875 Zabulon
567 1848 731 1875 maritimam
750 1848 784 1876 ad
803 1849 914 1877 navium
934 1851 1080 1879 stationem

291 1894 343 1929 71
380 1893 515 1928 deligens,
547 1893 744 1921 habitationem
769 1902 855 1930 usque
883 1896 917 1923 ad
952 1895 1080 1924 Sidonem

292 1939 389 1967 urbem
416 1939 526 1967 incolet.
557 1939 683 1967 lssacltar
706 1944 802 1968 contra
828 1946 928 1968 terram
949 1942 976 1969 in
994 1942 1082 1970 medio

291 1985 466 2020 conspicatus
493 1986 621 2020 pinguem
640 1993 712 2016 esse.
728 1986 845 2014 fertilem
862 1991 945 2022 atque
971 1987 1080 2022 bonam,

292 2030 326 2056 ad
344 2030 451 2058 labores
466 2030 587 2058 studium
605 2039 686 2058 suum
696 2031 829 2063 conferet,
842 2031 941 2066 ﬂetque
952 2033 1079 2068 agricola.

292 2075 363 2107 Dan,
381 2075 479 2109 inquit,
495 2075 624 2110 populum
642 2077 722 2103 suum
741 2076 885 2111 iudicabit,
902 2078 972 2104 sicut
987 2083 1012 2105 et
1028 2079 1080 2106 alia

292 2121 382 2148 tribus
403 2120 566 2154 Israelitica,
594 2130 692 2157 nempe
717 2128 747 2150 ut
776 2124 850 2158 regia
873 2123 950 2152 Judae
967 2125 1080 2159 familia,

1119 200 1277 235 προσθεῖναι
1290 199 1416 234 ἀνομίαν.
1441 198 1574 232 Δεύτερον
1586 198 1615 224 δὲ
1633 197 1678 223 τὸν
1692 197 1778 232 θυμδν
1795 197 1831 222 Συ
1838 198 1933 230 μείων

1117 247 1164 274 καὶ
1175 246 1240 274 Λευῖ
1258 246 1306 273 καὶ
1321 245 1369 280 τὴν
1387 245 1469 280 μῆνιν
1483 244 1697 278 ἐπικαταρᾶται,
1713 242 1751 274 ὡς
1761 242 1872 277 αὐθάδη
1894 251 1935 268 τε

1119 293 1167 320 καὶ
1185 292 1307 327 σκληρὰν
1325 291 1374 327 θὴν
1390 291 1430 322 εἰς
1447 290 1511 320 τοὺς
1529 290 1672 324 Σικιμίτας
1689 289 1853 323 μιαιφονίαν
1870 290 1934 316 καὶ

1119 340 1211 366 πᾶσαν
1230 337 1321 365 αὐτῶν
1339 337 1390 372 τὴν
1404 337 1475 363 κατὰ
1486 336 1583 363 eadm
1605 336 1683 370 ὔῆριν
1698 335 1837 370 διασύρων
1848 356 1857 367 ,
1873 336 1935 362 καὶ

1118 384 1169 419 τὴν
1188 383 1297 410 ἀδικίαν
1309 383 1359 415 τῆς
1374 381 1464 408 αὐτῶν
1481 380 1681 415 προαιρέσεως,
1699 379 1795 414 ὥσπερ
1808 380 1860 406 καὶ
1886 380 1932 414 ἦν

1119 430 1164 457 διὰ
1178 430 1228 465 τὴν
1245 430 1364 463 ἀδελφὴν
1385 427 1477 455 αὐτῶν
1506 427 1587 452 Δίναν
1605 426 1736 456 ἀναιτίοις
1758 426 1930 460 ἐπήγαγον,

1122 477 1226 512 μήποτε
1247 476 1389 510 ὲπερεῖσαι
1412 473 1447 500 τὰ
1465 472 1607 506 σπλάγχνα
1623 471 1684 503 ἢτοι
1706 471 1870 497 συναινέσαι
1886 472 1931 505 τῇ

1121 523 1202 558 βουλῇ
1225 522 1314 548 αὐτῶν
1331 519 1526 555 ἐπευχόμενος.
1540 517 1585 552 Τῷ
1607 517 1693 543 Ἰούδα
1705 516 1734 542 δὲ
1751 516 1860 550 σαφῶς,
1875 516 1932 542 διὰ

1121 569 1169 596 τὸν
1183 569 1213 601 ἐξ
1227 567 1311 595 αὐτοῦ
1328 566 1458 602 μέλλοντα
1472 564 1634 600 βλαστάνειν
1656 561 1784 596 Χριστὸν,
1809 563 1930 588 αῖνεσιν

1121 617 1169 643 καὶ
1187 614 1373 650 προσκύνησιν
1388 613 1436 639 καὶ
1455 611 1534 646 νίκην
1552 610 1624 637 κατὰ
1643 608 1698 636 τῶν
1714 608 1820 645 ἐχθρῶν
1830 608 1929 634 αὑτοῦ

1122 661 1231 689 πάντων
1251 659 1459 693 εὐαγγελίζεται
1473 666 1481 673 ·
1495 657 1525 684 δν
1539 657 1586 682 καὶ
1600 656 1639 688 ὡς
1665 655 1784 689 σκύμνον
1807 654 1929 685 λέοντος

1120 706 1165 732 διὰ
1175 705 1203 732 τὸ
1217 704 1295 740 φύσει
1308 703 1446 739 βασιλικὸν
1453 701 1501 728 τοῦ
1514 700 1696 734 Μονοτενοῦς,
1708 700 1747 731 ὡς
1759 700 1791 726 ὲκ
1798 699 1928 734 βλαστοῦ

1121 752 1150 779 δὲ
1169 750 1251 778 αὑτοῦ
1270 751 1405 785 ἀναὸῆναι
1419 750 1463 777 διὰ
1476 750 1526 784 τὴν
1546 750 1578 776 ὲκ
1593 748 1732 783 παρθένου
1754 748 1887 782 γέννησιν
1904 747 1924 782 ἢ

1123 798 1272 833 σάρκωσιν,
1293 797 1340 824 xui.
1355 797 1437 823 αὑτὸν
1455 796 1483 822 δὲ
1504 795 1600 822 τοῦτον
1616 794 1790 821 ἀναπεσόντα
1815 802 1926 828 κοιμη-

1123 844 1203 879 θῆναι
1231 844 1279 870 καὶΙ
1305 842 1452 878 ἐγερθῆναι
1474 841 1518 867 διὰ
1545 841 1577 867 τὺ
1596 840 1713 874 πάθημα
1730 839 1778 865 τοῦ
1794 838 1921 865 θανάτου

1123 891 1170 917 καὶ
1198 890 1248 924 τὴν
1276 889 1435 920 ἀνάστασιν,
1454 887 1590 922 ἀριδήλως
1603 887 1617 913 ὁ
1632 885 1704 917 θεῖος
1719 885 1778 911 lui
1806 885 1923 920 πρῶτος

1123 935 1329 972 προηγόρευσεν
1346 933 1454 970 Ἰσραήλ
1469 941 1476 948 ·
1498 933 1536 968 μὴ
1551 931 1686 966 ἐκλείψειν
1701 931 1729 957 δὲ
1754 931 1873 966 ἄρχοντα
1887 929 1923 962 ἐξ

1128 982 1213 1008 Ἰούδα
1230 981 1246 1016 ἢ
1263 980 1426 1015 ἡγούμενον,
1441 979 1494 1010 ἕως
1508 979 1552 1010 ἂν,
1571 977 1665 1013 φησιν,
1682 977 1748 1012 ἔλθῃ
1764 976 1778 1002 ὃ
1798 977 1923 1003 ἀπόκει-

1123 1037 1179 1060 ται,
1192 1028 1354 1054 τουτέστινὸ
1370 1026 1499 1062 Χριστὸς,
1516 1026 1544 1057 ὃς
1566 1026 1641 1051 ἐστιν
1660 1025 1745 1055 ὅντως
1766 1023 1923 1058 προσδοκία

1124 1074 1179 1100 τῶν
1191 1072 1293 1100 ἔθνῶνσ
1313 1072 1342 1103 ὃς
1354 1072 1384 1098 τὸ
1395 1072 1441 1098 ἐπὶ
1455 1073 1488 1106 τῇ
1503 1070 1627 1105 βασιλείᾳ
1642 1069 1689 1096 καὶ
1709 1070 1844 1104 ἡγεμονίᾳ
1870 1069 1923 1095 καὶ

1125 1120 1226 1155 ἀρχικῇ
1251 1118 1362 1153 ἐξουσίᾳ
1387 1118 1463 1153 πάσῃ
1495 1116 1639 1151 γαυρίαμα
1669 1115 1836 1150 ἀφελόμενος
1863 1114 1924 1140 τῶν

1132 1164 1277 1195 Ἰουδαίων,
1293 1164 1339 1190 καὶ
1353 1164 1393 1195 εἰς
1407 1162 1502 1189 ἑαυτὸν
1514 1163 1568 1189 πᾶν
1585 1162 1615 1188 τὸ
1640 1161 1741 1196 κράτος
1775 1159 1830 1187 τῶν
1848 1160 1924 1187 ὅλων

1126 1212 1162 1243 ὡς
1183 1209 1378 1245 παντοκράτωρ
1396 1209 1632 1244 ὰναρτησάμενος,
1644 1205 1685 1239 οἷς
1699 1206 1823 1242 βούλεται
1838 1206 1924 1232 τοῦτο

1127 1258 1174 1284 καὶ
1191 1255 1344 1292 χαρίζεται.
1372 1250 1457 1286 Οὗτος
1475 1252 1544 1289 προς
1567 1253 1616 1288 τὴν
1634 1253 1758 1288 ἄμπελον
1783 1252 1880 1284 αὑτοῦ,
1897 1252 1917 1286 ῆ

1127 1302 1203 1328 ἐστιν
1234 1302 1266 1327 ἐκ
1292 1300 1445 1335 περιτομῆς
1468 1299 1523 1325 τῶν
1551 1299 1636 1332 ἁγίων
1657 1297 1847 1333 Ἐκκλησιῶν,
1874 1297 1924 1323 τὸν

1127 1348 1217 1375 πῶλον
1229 1347 1279 1381 τῆς
1295 1346 1368 1377 ὄνου,
1384 1345 1433 1377 τὰς
1447 1345 1476 1377 ἐξ
1485 1343 1570 1371 ἐθνῶν
1584 1344 1743 1379 ἐκκλησίας,
1760 1344 1790 1370 ὲν
1801 1344 1833 1378 τῇ
1846 1342 1923 1370 ἕλικι

1127 1394 1176 1428 τῆς
1196 1393 1318 1428 ἀμπέλου
1336 1392 1396 1427 ἦτοι
1426 1391 1465 1426 τῷ
1483 1391 1622 1425 πνεύματι
1637 1391 1687 1424 τῆς
1707 1390 1816 1424 ἀγάπης
1834 1397 1923 1425 προσο

1128 1440 1300 1474 εδέσμευσεν.
1311 1435 1394 1470 Οὗτος
1403 1438 1451 1471 τὴν
1462 1436 1545 1464 αὐτοῦ
1558 1436 1654 1469 στολὴν
1668 1436 1717 1463 xa’t
1732 1435 1778 1462 τοῦ
1793 1435 1921 1471 σώματος

1129 1486 1178 1520 τὴν
1194 1484 1355 1519 περιὸολὴν,
1366 1483 1404 1515 ὡς
1423 1484 1452 1509 ὲν
1470 1482 1534 1518 οἴνῳ
1548 1482 1587 1517 τῷ
1602 1482 1700 1517 αἵματι
1717 1481 1768 1516 τῆς
1783 1481 1922 1515 σταφυλῆς

1132 1530 1318 1565 βεδαμμένην,
1333 1530 1362 1555 ὲν
1375 1529 1414 1563 τῷ
1425 1528 1520 1563 οἰκείῳ
1535 1527 1632 1563 αἵματι
1643 1527 1747 1560 πλυνεῖ,
1758 1528 1772 1554 ὃ
1785 1528 1865 1559 ἐστιν,
1883 1527 1918 1553 ἑκ

1130 1576 1180 1610 τῆς
1205 1577 1326 1610 φυσικῆς
1348 1575 1452 1609 φθορᾶς
1475 1575 1515 1605 εἰς
1531 1574 1686 1609 ἀφθαρσίαν
1713 1573 1863 1609 μεταϐαλεῖ,
1883 1573 1913 1598 ἐν

1132 1620 1242 1656 σταυρῷ
1255 1620 1461 1656 αἰματούμενος
1481 1620 1528 1646 καὶ
1545 1620 1578 1646 ὲκ
1597 1619 1701 1655 νεκρῶν
1714 1619 1845 1654 ἀμίαντος
1869 1617 1919 1644 καὶ⁵

1130 1667 1269 1702 ἄφθαρτος
1311 1665 1500 1701 ἀνιστάμενος.
1528 1665 1630 1692 Τούτου
1652 1665 1700 1692 καὶ
1727 1666 1753 1691 οι
1785 1663 1921 1699 ὀφθαλμοὶ

1131 1713 1260 1749 χαροποὶ,
1287 1712 1326 1744 ὡς
1354 1712 1408 1739 ἀπὸ
1437 1712 1509 1738 οἴνου
1541 1712 1590 1739 τοῦ
1616 1711 1774 1746 Πνεύματος
1813 1709 1922 1743 πεπλη-

1135 1760 1251 1796 ρωμένοι
1270 1758 1317 1786 τοῦ
1343 1759 1431 1793 ἁγίου,
1456 1759 1481 1786 οἱ
1509 1759 1614 1790 ὀδόντες
1641 1758 1670 1784 δὲ
1698 1757 1769 1791 ὑπὲρ
1792 1756 1823 1783 τὸ
1851 1755 1923 1789 γάλα

1131 1804 1239 1836 λευκοὶ,
1281 1804 1312 1830 τδ
1356 1804 1504 1840 ὑπερφυῶς
1548 1802 1776 1838 φωτοειδέστατον
1809 1801 1864 1828 τῶν
1875 1801 1924 1828 αὔ-

1131 1850 1180 1877 τοῦ
1212 1850 1301 1884 λόγων
1333 1850 1380 1876 καλ
1421 1848 1618 1885 καθαρώτατον
1653 1847 1842 1881 ἐμφαίνοντες.
1874 1847 1924 1873 Ζι-

1132 1896 1237 1923 σουλὼν
1275 1896 1408 1932 παράλιον
1434 1896 1504 1930 πρὸς
1526 1895 1613 1931 ὅρμον
1639 1894 1741 1921 πλοίων
1770 1893 1923 1928 προελόμε-

1132 1950 1176 1973 νος
1187 1942 1324 1968 κατοικεῖν
1339 1941 1390 1972 ἕως
1401 1940 1513 1971 Σιδῶνος
1526 1940 1576 1974 τῆς
1587 1939 1689 1969 πόλεως
1701 1938 1751 1972 τὴν
1762 1937 1844 1964 αὑτοῦ
1858 1946 1924 1963 κατ-

1132 1987 1237 2022 οίκησιν
1255 1987 1411 2022 παρατενεῖ.
1430 1986 1458 2012 'O
1478 1986 1605 2021 Ἰσσαχὰρ
1619 1985 1646 2011 δὲ
1667 1984 1716 2020 τὴν
1735 1985 1764 2010 ἑν
1783 1983 1857 2018 μέσῳ
1868 1983 1925 2010 τῶν

1132 2032 1242 2068 κλήρων
1258 2032 1320 2059 ἰδὼν
1336 2033 1399 2066 γῆν,
1416 2032 1457 2058 ὅτι
1473 2032 1552 2062 πίων,
1570 2031 1610 2056 ὄτι
1625 2029 1764 2063 εὔκαρπος
1775 2029 1821 2055 καὶ
1841 2029 1918 2064 καλὴ,

1132 2077 1286 2111 φιλοπονεῖν
1305 2077 1471 2112 αἱρετίσεται
1503 2077 1551 2102 καὶ
1580 2075 1650 2110 ἀνὴρ
1681 2075 1806 2110 γεωργὸς
1833 2073 1918 2100 ἔσται.

1134 2123 1140 2159 [
1156 2123 1186 2150 P.
1197 2125 1231 2152 40
1243 2124 1251 2160 ]
1265 2124 1321 2150 Καὶ
1336 2123 1390 2150 Δὰν
1407 2123 1457 2157 μὲν
1479 2122 1524 2148 τὸν
1537 2121 1601 2147 λαὸν
1620 2121 1712 2153 αὑτοῦ,
1731 2121 1809 2155 φησὶ,
1824 2122 1921 2155 κρινεῖ,

292 2167 375 2194 sieuti
404 2167 468 2194 olim
500 2167 628 2195 Samson.
653 2167 686 2194 Et
708 2168 806 2196 deinde
832 2169 903 2198 filius
934 2170 1077 2205 iniquitatit

1136 2169 1202 2195 ὡσεὶ
1219 2169 1266 2195 καὶ
1286 2169 1334 2203 μία
1357 2167 1427 2202 φυλὴ
1451 2167 1479 2193 ὲν
1501 2167 1620 2201 Ἰσραὴλ,
1638 2166 1675 2198 ὼς
1696 2167 1712 2201 ἡ
1737 2166 1860 2201 βασιλικὴ
1875 2166 1920 2193 τοῦ

293 2216 422 2247 tanquam
447 2212 560 2240 coluber
574 2213 673 2248 aliqttis
691 2215 717 2241 in
744 2214 784 2241 via
808 2215 888 2250 hujus
904 2217 966 2243 vita:
979 2217 1086 2245 occulte

293 2258 453 2291 insidiatus,
473 2259 574 2286 calcem
603 2261 665 2294 equi
700 2260 839 2294 (nimirum
867 2262 919 2289 iter
951 2263 1011 2298 ejus
1037 2264 1085 2298 qui

293 2302 483 2337 imprudenter
509 2303 578 2331 banc
594 2304 676 2331 vitam
693 2304 775 2340 degit.
798 2313 813 2332 a
829 2311 904 2334 recto
932 2309 1083 2342 avertens),

295 2348 414 2381 mordet,
433 2356 464 2376 ac
478 2349 590 2376 tandem
617 2355 706 2376 astute
721 2358 735 2376 a
757 2349 811 2378 Deo
827 2359 953 2379 aversutn
970 2352 1085 2379 subver-

293 2393 335 2421 tit.
363 2394 499 2422 Concidet
518 2395 593 2421 bumi
618 2403 712 2430 eques,
735 2396 760 2424 id
784 2403 825 2424 est
847 2398 930 2424 homo
951 2397 1038 2424 ﬁdelis
1053 2404 1086 2424 ac

295 2439 369 2473 pius,
388 2447 543 2474 rursusque
569 2441 732 2476 resipiscens
750 2446 777 2469 et
798 2443 931 2469 auxilium
957 2441 1003 2469 Dei
1033 2442 1085 2469 im-

295 2483 418 2517 plorans.
437 2483 554 2517 Gidutn,
588 2486 634 2518 ait,
662 2487 802 2521 prtedoncs
836 2487 1084 2520 depratdabuntur;

295 2529 392 2563 quales
415 2529 516 2557 multas
534 2530 646 2560 diversis
664 2533 836 2568 temporibus
857 2532 951 2559 Cadus
969 2540 983 2558 a
1002 2533 1085 2560 [initi-

297 2574 352 2601 mis
380 2573 505 2602 hostibus
541 2577 716 2610 praedatorias
748 2577 920 2604 incursiones
948 2578 1084 2611 protulit:

295 2618 356 2653 ipse
368 2619 487 2648 vicissim
508 2620 598 2650 Gadus
612 2631 660 2650 eos
677 2631 692 2650 e
708 2622 824 2656 vestigio
843 2621 997 2650 latrociniis
1011 2624 1086 2652 ultus

295 2671 347 2692 est.
362 2665 478 2694 Aserum
498 2668 565 2696 adeo
584 2669 720 2697 fructibus
737 2668 939 2696 abundatttrnm
957 2674 985 2696 ut
1001 2670 1084 2698 etiam

295 2712 467 2748 principibus
481 2715 610 2742 alimenta
629 2714 855 2750 suppeditaturus
884 2716 930 2743 sit.
946 2716 1085 2752 Nephtali-

295 2766 370 2786 mum
390 2764 490 2788 trunco
509 2762 607 2796 plantae
626 2769 687 2788 sese
702 2761 858 2796 subjicienti
875 2763 991 2790 similem
1014 2763 1083 2796 fore,

294 2805 468 2835 multitudine
496 2811 524 2834 et
550 2807 684 2842 elegantia
711 2806 837 2842 potentis
857 2812 966 2836 auctum
998 2809 1084 2838 veluti

1145 2215 1229 2242 Ἰούδα
1242 2215 1324 2249 φυλὴ,
1343 2214 1469 2247 καθάπερ
1487 2213 1569 2239 πάλαι
1583 2213 1598 2238 ὁ
1614 2213 1733 2247 Σαμψὼν
1749 2213 1795 2239 καὶ
1813 2212 1922 2246 ὕστερον

1135 2263 1150 2288 ὁ
1164 2262 1214 2296 τῆς
1229 2261 1343 2296 ἀνομίας
1364 2261 1430 2292 υίὸς,
1445 2260 1540 2293 ὥσπερ
1562 2267 1603 2290 τις
1622 2259 1683 2292 ὄφις
1711 2258 1753 2292 ἐφ’
1767 2258 1828 2285 ὁδοῦ
1848 2258 1921 2285 τοῦδε

1136 2307 1324 2338 λανθανόντως
1345 2306 1392 2332 τοῦ
1420 2306 1478 2342 βίου
1498 2305 1594 2339 λοχῶν,
1608 2305 1656 2331 καὶ
1684 2305 1802 2340 πτέρναν
1829 2304 1920 2336 ἵππου,

1136 2353 1182 2379 τοῦ
1202 2352 1414 2388 ἀπερισκέπτως
1436 2352 1481 2378 τὸν
1508 2351 1564 2386 βίον
1582 2351 1689 2377 τουτονὶ
1712 2351 1853 2385 τρέχοντος
1872 2350 1921 2385 τὴν

1136 2398 1206 2430 ὁδον,
1224 2398 1398 2433 διαστρέψας.
1424 2397 1525 2424 Τοῦτον
1549 2397 1604 2432 γὰρ
1628 2397 1733 2423 δάκνων
1759 2397 1805 2423 καὶ
1832 2396 1919 2422 λοιπὸν

1137 2446 1300 2480 πανούργως
1321 2446 1373 2472 ὑπὸ
1393 2447 1403 2462 ⁶
1425 2445 1472 2472 τοῦ
1495 2445 1563 2472 Θεοῦ
1585 2445 1776 2476 ὑποσκελίσας,
1803 2447 1920 2472 πεσεῖται

1137 2493 1224 2528 χαμαὶ
1236 2493 1250 2518 ὀ
1272 2493 1381 2524 ἱππεὺς,
1401 2492 1495 2524 πιστὸς
1511 2492 1558 2518 καὶ
1574 2491 1690 2526 εὐσεϐὴς
1706 2492 1857 2525 ἄνθρωπος,
1875 2501 1922 2526 με-

1136 2538 1239 2565 τανοῶν
1260 2537 1307 2564 καὶ
1326 2538 1374 2572 τὴν
1390 2539 1421 2564 ὲκ
1437 2537 1506 2564 Θεοῦ
1523 2538 1662 2572 σωτηρίαν
1673 2536 1751 2568 αὖθις
1778 2539 1921 2565 ἀνακαλού-

1137 2592 1228 2618 μενος.
1247 2583 1297 2609 Τὸν
1323 2583 1376 2609 Γὰδ
1396 2583 1424 2609 δὲ
1448 2583 1640 2619 πειρατήριον,
1659 2583 1736 2617 φησὶ,
1759 2584 1918 2618 πειρατεύει,

1135 2626 1180 2654 οἷα
1200 2628 1284 2655 πολλὰ
1307 2628 1379 2654 κατὰ
1403 2629 1466 2660 τοὺς
1494 2629 1609 2660 πολλοὺς
1632 2629 1744 2663 καιροὺς
1768 2630 1919 2665 πειρατήρια

1135 2673 1174 2708 τῷ
1188 2674 1238 2700 Ιῗὰδ
1255 2674 1304 2708 μὲν
1318 2673 1372 2700 ἀπὸ
1380 2674 1434 2700 τῶν
1448 2673 1644 2709 πλησιοχώρων
1657 2674 1802 2700 συνέπεσεν
1811 2675 1918 2710 ἐχθρῶν,

1136 2720 1227 2750 αὐτοῖς
1243 2719 1270 2746 δὲ
1286 2718 1364 2751 αὖθις
1386 2720 1400 2745 ό
1421 2720 1474 2746 Γὰδ
1495 2720 1675 2755 πειρατήριον
1690 2721 1760 2747 κατὰ
1776 2721 1857 2752 πόδας
1876 2722 1920 2748 ἑπ-

1137 2765 1289 2800 ενήνεκται.
1302 2765 1357 2792 Καὶ
1376 2766 1458 2801 Ἀσὴρ
1477 2765 1620 2800 μὶνοῦτως
1635 2764 1673 2800 τῷ
1687 2764 1761 2801 ἄρτῳ
1772 2766 1920 2800 περισσεύει

1136 2810 1173 2842 ὡς
1186 2811 1232 2838 καὶ
1253 2812 1308 2844 τοῖς
1322 2811 1436 2847 ἄρκουσι
1462 2811 1562 2839 διδόναι
1581 2811 1695 2847 τροφὴν,
1719 2811 1874 2848 Νεφθαλεὶμ
1894 2813 1919 2840 δὲ
