2007 3156
117 141 166 172 103

657 137 927 167 IIISTORIARUM
944 138 1204 170 COMPENDIUM.

1682 145 1731 178 106

114 196 206 231 μάζει.
219 205 227 221 ι
240 195 286 221 Ἐκ
293 194 339 220 τοῦ
349 193 444 225 ὕδατος
456 193 520 227 γὰρ,
537 192 614 227 φησὶ,
629 192 710 218 αὐτὸν
719 191 889 227 ἀνειλόμην.»

948 193 1012 226 quin
1036 197 1063 220 et
1087 193 1122 220 ob
1142 201 1231 220 raram
1253 193 1346 222 forma:
1369 200 1538 224 venustatem
1563 197 1646 225 nlillllt
1668 208 1730 228 eum

118 241 288 276 ἐὲραιότατον
305 239 334 267 δὲ
357 239 420 266 ὄντα
437 239 623 274 υἱοποιήσατο.
651 237 753 264 Τούτου
765 237 812 264 τοῦ
829 237 894 264 κάλ-

112 288 172 318 λους
197 286 244 313 καὶ
261 284 355 320 Θαρϐἦ
379 284 448 320 μετὰ
468 284 564 315 ταῦτα,
581 284 597 318 ἡ
612 283 736 319 θυγάτηρ
764 283 896 318 βασιλέως

112 332 256 365 Αἰθιόπων,
270 330 477 366 ἐπιθυμήσασα,
493 330 543 365 τὴν
562 329 656 356 Σαϐϐὰ
668 329 830 364 μητρόπολιν
848 331 894 355 Αἰ-

111 378 218 409 θιοπίας
230 377 389 414 προῦδωκεν
406 376 462 412 (49)
481 384 488 392 ·
505 377 538 412 ἢν
550 376 658 411 χρόνοις
683 375 795 410 ὕστερον
812 376 893 410 Καμ-
916 375 917 381 ‘

110 425 195 458 ϐύσης
206 423 274 451 ἐλὼν
296 423 310 449 ὁ
325 422 418 457 Κύρου
433 422 542 458 Μερόην
568 422 608 454 είς
618 421 704 457 ὄνομα
718 421 767 457 τῆς
777 421 895 456 ἀδελφῆς

110 470 233 497 ἐκάλεσε.
247 470 316 497 Φασὶ
341 470 368 496 δέ
389 470 430 496 ὃτι
451 468 516 495 ποτέ
541 469 635 496 τοῦτον
659 470 675 504 ὴ
706 468 769 505 θετὴ
803 469 894 504 μήτηρ

109 517 196 552 Φαρία
209 516 248 552 τῷ
275 516 374 552 Φαραὼ
401 514 626 552 προσαγαγοῦσα,
647 516 751 546 ἐκεῖνος
780 515 826 541 τὸν
847 515 893 540 ἐπὶ

109 563 158 598 τῆς
176 562 297 597 κεφαλῆς
314 561 444 596 στέφανον
457 562 539 589 αὐτοῦ
557 562 604 588 τὸν
622 561 761 597 βασιλικὸν
787 560 894 595 ἀφελὼν

109 608 255 644 περιέθηκε
274 607 310 642 τῷ
325 608 428 643 Μωῠσῇ
441 608 619 642 νηπιάζοντι*
636 609 650 634 ὁ
664 608 692 634 δὲ
705 607 797 633 τοῦτον
813 606 893 642 ῥίψας

108 655 249 689 κατεπάτη
255 663 307 680 τεν.

144 701 205 727 Ὀτι
220 700 340 734 Μωῡσῆς
354 700 382 726 ἐν
399 700 454 731 τοῖς
462 700 568 735 χρόνοις
589 699 691 735 Ἰνάχου
708 697 742 735 ἦν
760 699 893 734 ἀκμάζων

108 746 153 773 τοῦ
170 746 241 773 κατὰ
256 745 469 782 Πελοπόννησον.
488 746 532 772 Ἐν
544 745 633 777 ἄλλοις
655 746 684 772 δὲ
714 745 829 780 εὓρηται
849 747 891 773 ὅτι

108 792 179 819 κατὰ
195 791 244 826 μὲν
256 791 360 826 Ἴναχον
370 791 416 817 τὸν
429 791 544 825 πρώτως
559 790 758 826 βασιλεύσαντα
774 791 893 826 Ἄργους

114 838 220 873 Ἰσραὴλ
237 838 392 872 γενόμενος,
407 836 437 869 ἐξ
451 834 482 864 οὗ
499 837 529 864 τὸ
547 837 736 872 δωδεκάφυλον
759 837 806 864 τοῦ
828 838 893 864 Ἰου-

105 883 188 910 δαίων
207 883 300 914 ἑθνους
317 882 366 917 τῆς
387 882 436 910 τοῦ
457 882 566 919 Ἰσραὴλ
591 883 750 918 ἐπωνυμίας
777 882 890 917 ἠξιώθη,

107 929 177 956 κατὰ
199 930 227 955 δὲ
244 929 293 964 τὴν
315 928 470 964 Σεμίραμιν
495 928 540 954 τὸν
561 928 836 962 ’Δϐραάμ·Μωῦσέα
863 928 892 955 δὲ

107 975 210 1003 τούτων
221 976 269 1010 μὲν
280 975 423 1008 νεώτερον,
438 974 492 1001 τῶν
512 974 541 1001 δὲ
552 973 616 1010 παρ’
634 974 762 1009 Ἕλλησιν
780 975 894 1009 ἀρχαιο-

107 1021 278 1056 λογουμένων
297 1021 423 1047 ἀπάντων
439 1019 637 1055 πρεσϐύτατον,
663 1019 890 1055 Ὀμήρον,λέγω,

108 1067 155 1094 καὶ
176 1067 299 1094 Ἠσιόδου
310 1066 357 1093 καὶ
365 1066 456 1093 αὐτῶν
470 1066 525 1094 τῶν
538 1066 679 1101 Τρωῖκῶν,
693 1067 739 1093 καὶ
751 1066 791 1093 ἔτι
815 1067 890 1093 Διοσ-

108 1112 214 1148 κούρων
248 1110 424 1146 Ἀσκληπιοῦ,
441 1111 568 1138 Διονύσου
594 1111 692 1146 ἡρώων
717 1120 746 1138 τε
771 1112 892 1145 πάντων,

112 1157 213 1192 Ἑρμοῦ
229 1165 258 1183 τε
274 1157 322 1183 καὶ
337 1156 504 1187 ’Λπόλλωνος
525 1156 579 1183 τῶν
589 1165 619 1183 τε
633 1156 735 1183 λοιπῶν
747 1157 812 1192 παρ’
829 1157 892 1183 ’Έλ-

106 1203 168 1239 λησι
178 1202 246 1229 θεῶν
265 1202 423 1238 μυστηρίων
439 1211 470 1228 τε
484 1202 529 1229 καὶ
542 1202 670 1235 τελετῶν,
688 1202 749 1235 Διός
763 1211 792 1230 τε
807 1203 890 1230 αὑτοῦ

106 1249 153 1276 καὶ
179 1249 233 1276 τῶν
262 1249 326 1284 παρ’
358 1248 470 1284 Ἕλλησι
494 1248 536 1284 [Ρ.
568 1247 614 1284 45]
644 1249 891 1284 μνημονευομένων

106 1294 244 1329 πράξεων.
264 1294 372 1321 Τούτων
396 1294 450 1330 γὰρ
468 1294 596 1321 ἁπάντων
610 1294 660 1329 τὴν
675 1294 797 1329 ἱστορίαν
822 1303 888 1321 νεω-

105 1341 187 1375 τέραν
215 1341 262 1368 καὶ
286 1340 336 1376 τῆς
351 1341 494 1375 Κέκροπος
509 1340 618 1376 ἡλικίας
635 1339 770 1376 Ἑλλήνων
797 1341 890 1374 παῖδες

77 1420 79 1423 ι
105 1387 294 1423 παραδιδόασι,
322 1388 442 1414 Μωῦσέα
465 1387 494 1414 δὲ
521 1388 537 1422 ἠ
562 1387 690 1422 παροῦσα
717 1387 889 1420 συνεξέτασις

105 1433 178 1460 κατὰ
201 1433 334 1468 Κέκροπα
368 1433 414 1459 τὸν
430 1433 511 1469 διφυῆ
536 1433 665 1468 γενέσθαι
690 1433 838 1467 δείκνυσιν,
861 1435 890 1466 ὃς

106 1479 226 1515 πρῶτος,
242 1479 278 1510 ὣς
293 1488 370 1514 φασι,
386 1480 435 1514 τῆς
458 1479 584 1515 ’Λττικῆς
604 1479 774 1512 ἐϐασίλευσε,
788 1481 840 1516 πρδ
853 1479 890 1507 tv’

106 1525 176 1552 ἐτῶν
193 1525 240 1551 τοῦ
261 1525 348 1552 Ἰλίου.
904 1545 926 1574 C

142 1571 203 1598 Ὅτι
218 1572 250 1597 ἐκ
261 1571 308 1598 τοῦ
334 1571 459 1606 Ἀϐραὰμ
469 1571 576 1607 καὶτῆς
586 1572 742 1607 Χεττούρας
761 1573 888 1606 γεννᾶται

109 1616 205 1650 ’1εξᾶν,
222 1617 255 1643 ἐκ
272 1617 368 1644 τούτου
393 1616 496 1651 Δαδὰμ,
512 1617 544 1643 ἐκ
568 1616 663 1644 τούτου
692 1616 825 1652 Ῥαγουὴλ
845 1617 891 1644 καὶ

109 1662 194 1699 ’1οθδρ
207 1663 223 1689 6
237 1663 284 1690 καὶ
304 1663 402 1695 Ἰοϐἁϐ,
417 1665 448 1690 ἐκ
461 1663 488 1689 δὲ
501 1663 586 1697 ἰοθὺρ
601 1664 739 1699 Σεπφόρα,
757 1664 788 1699 ἢν
803 1663 890 1700 ἔγημε

102 1709 233 1744 Μωῦσῆς,
247 1709 338 1741 καθὼς
360 1709 461 1743 ἱστορεῖ
480 1709 649 1746 Δημήτριος⁷
678 1710 716 1742 ὡς
727 1710 825 1745 φάσκει
842 1711 890 1736 καὶ

104 1754 233 1786 Εὐσέϐιος
249 1755 277 1781 ἐν
302 1754 342 1789 τῷ
364 1754 500 1790 Χρονιχῷ.
526 1755 581 1782 Καὶ
611 1755 731 1790 Μωῦσῆς
761 1755 811 1790 μὲν
837 1755 890 1782 ἀπδ

109 1800 237 1836 Ἀϐραὰμ
247 1801 371 1836 ἕϐδομος,
390 1801 406 1835 ὴ
423 1800 452 1826 δὲ
471 1800 599 1836 Σεπφόρα
621 1800 701 1835 ἕκτη.
721 1800 763 1832 Ὠς
775 1800 802 1827 δὲ
818 1801 890 1834 λέγει

101 1847 117 1874 6
138 1847 312 1883 Ἀφρικανὸς,
329 1847 369 1873 ὃτι
385 1847 419 1873 ἐκ
435 1845 482 1873 τοῦ
507 1846 591 1873 Ἢσαῦ
607 1846 680 1874 ἄλλοι
692 1855 721 1873 τε
739 1846 831 1873 πολλοὶ
843 1846 890 1873 καὶ

107 1893 243 1928 Ῥαγουὴλ
267 1893 404 1926 γεννᾶται,
426 1892 472 1926 ἀφ’
493 1888 523 1918 οὗ
552 1892 650 1927 Ζαρέθ,
668 1892 698 1924 ἐξ
717 1889 748 1919 οὗ
771 1892 842 1924 Ἰὼϐ,
861 1892 892 1924 ὃς

103 1939 176 1966 κατὰ
193 1937 365 1973 συγχώρησιν
381 1938 448 1964 Θεοῦ
464 1938 517 1965 ὑπὸ
535 1938 658 1964 διαϐόλου
676 1938 828 1973 ἐπειράσθη
844 1938 892 1966 καὶ

104 1985 214 2021 ἐνίκησε
239 1985 284 2011 τὸν
311 1984 485 2019 πειράζοντα.
504 1984 534 2011 '0
552 1984 581 2011 δέ
603 1992 635 2018 γε
664 1984 734 2016 Θεῖος
763 1984 890 2020 ’Δϐραὰμ

102 2031 232 2067 ἐγέννησε
253 2030 334 2057 πάλιν
348 2030 422 2061 υιοὺς
437 2030 468 2055 ἐκ
481 2029 530 2065 τῆς
544 2029 661 2065 ἐσχάτης
684 2029 768 2056 αὑτοῦ
800 2038 891 2064 γυναι-

101 2077 150 2110 κὸς
169 2076 325 2112 Χεττούρας
353 2076 446 2108 πέντε,
458 2076 505 2110 ἀφ’
519 2072 556 2102 ὧν
581 2077 639 2102 ἐστι
658 2076 782 2110 Μαδιὰμ,
798 2076 828 2108 ἐξ
859 2073 890 2102 οὖ

101 2124 276 2157 Μαδιανίται,
292 2125 340 2150 καὶ
353 2123 457 2158 Ἀφαρ,
475 2122 504 2155 ἐξ
519 2120 550 2148 οὗ
568 2121 696 2157 Ἀφρικὴ,
716 2121 744 2148 ἐν
820 2131 891 2158 τιαρ-

101 2168 223 2204 ῴκησεν,
249 2168 266 2204 ὴ
279 2167 356 2203 χώρα
378 2166 586 2203 προσηγορεύθη
600 2167 784 2202 παρωνύμως,
798 2167 890 2204 ὥσπερ

947 238 999 264 sibi
1018 238 1166 273 adeptavit.
1184 238 1250 274 Ejus
1269 239 1472 275 pulchritudine
1486 248 1580 277 postea
1600 249 1732 280 tetnports

946 282 1116 311 Tharhetilia
1132 285 1203 320 regis
1215 285 1374 321 Ethiopum
1385 293 1474 323 capta,
1490 288 1606 317 Sabbam
1621 291 1728 320 [Ethio-

947 330 996 364 pixe
1020 330 1178 364 primariam
1202 331 1296 358 urbem
1322 334 1456 368 prodidit;
1483 343 1536 370 qna
1560 338 1645 365 multo
1671 344 1732 374 post

945 375 1094 411 Cambyses
1119 375 1182 411 Cyri
1206 376 1279 405 ﬁlius
1302 379 1414 412 potitus,
1440 388 1498 408 eam
1524 389 1539 409 a
1566 391 1660 412 sorore
1681 393 1730 413 sua

946 421 1063 448 Meroen]
1079 422 1239 449 nominavit.
1255 421 1397 451 Traditum
1411 426 1465 461 76
1477 433 1518 456 est
1532 427 1624 456 Mosen
1642 438 1655 457 a
1671 439 1730 458 ma-

945 473 987 495 tre
1011 475 1060 495 sua
1081 467 1214 496 Phareide
1241 468 1376 498 Pharaoni
1401 472 1524 506 allatum,
1543 482 1660 512 cumque
1683 484 1728 505 rex

945 514 1095 542 detractam
1121 515 1155 542 de
1178 522 1230 543 suo
1251 516 1340 551 capite
1364 524 1493 546 coronam
1521 528 1604 555 puero
1626 523 1729 551 ludenti

946 561 1132 595 imposuisset,
1146 561 1238 590 Mosen
1253 569 1314 590 eam
1333 563 1467 599 abjecisse
1484 573 1515 593 ae
1534 569 1648 602 pedibus
1665 579 1730 597 con-

945 607 1079 635 culcasse.

981 697 1068 726 Moses
1092 699 1185 726 deruit
1211 705 1289 727 astate
1313 701 1402 728 Inachi
1429 702 1630 738 Peloponnesii.
1653 706 1729 741 Apud

943 743 1015 771 alios
1038 745 1172 781 scriptum
1198 746 1307 775 invenio
1326 747 1430 780 Inachi,
1455 750 1500 784 qui
1522 750 1628 784 primus
1651 752 1731 788 Argis

944 791 1078 825 regnavit,
1094 792 1226 836 aeqttalem
1252 792 1337 821 fuisse
1362 794 1502 828 lsraelnm,
1519 803 1533 822 a
1556 805 1611 832 quo
1627 798 1732 826 duode-

943 835 997 862 cim
1024 837 1111 865 tribus
1136 842 1267 866 constans
1288 838 1444 867 Iudaeorum
1468 842 1542 868 natio
1563 847 1633 872 orta.
1650 849 1732 879 atque

946 880 1092 909 Israelitica
1126 890 1194 918 gens
1231 885 1406 913 denominata
1437 886 1505 920 fuit,
1542 887 1731 918 Semiramidis

944 931 1024 954 :rtate
1046 928 1231 957 Abrahamum
1248 931 1366 966 vixisse;
1384 932 1476 960 Mosen
1494 935 1536 962 his
1552 936 1661 970 quidem
1682 945 1731 973 po-

944 973 1086 1000 titeriorern
1104 973 1200 1006 fuisse,
1219 976 1346 1004 omnibus
1362 982 1453 1005 autem
1467 980 1512 1014 qui
1532 982 1558 1008 in
1572 981 1729 1011 Graecorum

945 1018 1107 1053 antiquitate
1131 1025 1279 1048 narrantur
1300 1023 1436 1057 priorem,
1461 1024 1580 1053 Homero
1600 1028 1728 1062 inquam,

945 1063 1064 1092 Hesiodo
1079 1066 1192 1101 ipsoque
1207 1067 1328 1102 Trojano
1344 1069 1425 1103 bello,
1441 1076 1523 1106 atque
1537 1073 1619 1099 etiam
1635 1074 1732 1102 (Σπειο⁴

946 1110 1031 1144 ribus,
1047 1111 1213 1147 [Esculapim
1227 1112 1343 1146 BaCeho,
1365 1115 1491 1144 omnibus
1514 1117 1655 1152 heroibus,
1672 1124 1729 1148 ttun

945 1158 1091 1190 Mercurio,
1103 1158 1227 1193 Apolline
1248 1166 1280 1186 ac
1295 1161 1401 1188 caeteris
1418 1159 1574 1190 Grmcornm
1590 1163 1653 1195 diis,
1670 1173 1730 1202 my-

945 1205 1036 1233 steriis
1049 1209 1131 1240 atque
1148 1205 1246 1238 sacris,
1263 1206 1378 1242 ipsoque
1391 1207 1467 1238 Jove.
1485 1213 1512 1236 et
1528 1211 1655 1238 omnibus
1670 1220 1731 1246 qua:

944 1251 1016 1286 apud
1033 1250 1144 1279 Graecos
1155 1257 1408 1280 commemorantur
1419 1254 1501 1281 rebus
1516 1257 1611 1290 gestis.
1626 1256 1729 1286 llorntn

944 1296 1017 1323 enim
1055 1296 1177 1323 omnFum
1215 1295 1359 1323 historiam
1395 1297 1516 1334 Cecrope
1550 1303 1728 1330 recentiorem

943 1340 1030 1368 Graeci
1046 1341 1157 1368 tradunt
1172 1349 1179 1367 :
1194 1346 1221 1368 at
1246 1340 1338 1369 Mosen
1354 1350 1475 1378 presens
1495 1347 1662 1380 comparatio
1678 1347 1730 1374 Ce-

943 1388 1034 1422 cropis
1056 1387 1156 1423 gemini
1175 1391 1336 1422 tempestate
1358 1390 1459 1417 vixisse
1479 1391 1665 1425 demonstrat;
1683 1395 1728 1428 qui

945 1433 1050 1469 primus
1068 1434 1096 1460 in
1112 1433 1202 1461 Attica
1217 1434 1342 1469 regnavit
1355 1435 1436 1463 annis
1450 1440 1514 1463 ante
1528 1437 1606 1464 Ilium
1620 1438 1684 1466 550.

981 1566 1018 1594 Ex
1044 1567 1200 1595 Abrahamo
1221 1572 1249 1596 et
1269 1568 1402 1596 Chettura
1429 1569 1545 1599 lexanus
1571 1575 1613 1600 est
1636 1577 1729 1607 natus.

943 1617 1020 1648 pater
1033 1613 1158 1641 Dadami.
1175 1613 1312 1642 Dadamus
1327 1615 1442 1650 Ragum,
1455 1616 1590 1645 lothorem
1609 1623 1636 1646 et
1650 1619 1731 1648 Ioba-

944 1659 1008 1686 bum
1034 1660 1136 1695 genuit.
1163 1659 1282 1688 lothoris
1307 1661 1362 1688 ﬁlia
1390 1661 1441 1690 fuit
1466 1662 1621 1698 Sepphora,
1648 1672 1730 1700 quam

944 1706 1033 1734 Moses
1049 1706 1135 1739 duxit,
1150 1710 1181 1733 ut
1197 1705 1352 1735 Demetrius
1372 1712 1466 1735 narrat
1488 1713 1515 1736 et
1537 1709 1565 1737 in
1585 1709 1732 1739 Chronicis

943 1752 1079 1781 Eusebius
1094 1752 1189 1780 refert.
1208 1752 1348 1788 Septimus
1364 1754 1398 1780 ab
1416 1754 1574 1783 Abrahamo
1591 1755 1642 1783 fuit
1658 1758 1729 1785 serie

942 1798 1051 1832 generis
1066 1797 1165 1831 Moses,
1181 1797 1321 1833 Sepphora
1335 1804 1422 1826 sexta.
1437 1800 1584 1828 Africanus
1602 1802 1656 1836 77
1675 1807 1730 1830 tra-

944 1843 984 1870 dit
999 1843 1070 1870 Esao
1084 1850 1146 1870 cum
1161 1843 1230 1871 alios
1243 1844 1342 1872 multos
1360 1845 1444 1872 luisse
1457 1845 1538 1878 ﬁlios,
1555 1851 1612 1874 tum
1626 1848 1732 1882 ltague-

943 1889 995 1916 lem
1022 1889 1132 1916 Zaretlti
1151 1893 1270 1925 patrem.
1293 1889 1405 1918 Zarethi
1430 1891 1502 1919 illius
1522 1892 1573 1920 fuit
1593 1893 1690 1926 Jobus,
1707 1895 1731 1921 is

943 1935 989 1970 qui
1005 1935 1141 1969 permissu
1154 1935 1202 1963 Dei
1216 1943 1231 1962 a
1243 1935 1353 1963 diabolo
1371 1940 1492 1965 tentatus
1510 1943 1551 1965 est
1563 1945 1595 1965 ac
1609 1942 1715 1967 tentato

943 1988 1000 2008 rem
1025 1981 1102 2008 vicit.
1127 1980 1243 2009 Divinus
1266 1986 1357 2009 autem
1381 1982 1554 2012 Abrahamus
1577 1992 1610 2011 ex
1635 1986 1731 2014 tritinia

944 2034 995 2054 sua
1013 2034 1100 2054 uxore
1120 2027 1252 2054 Chettura
1270 2027 1392 2063 quinque
1404 2037 1514 2056 rursum
1529 2030 1600 2059 ﬁlios
1618 2031 1730 2065 habuit;

943 2081 958 2101 e
980 2073 1081 2109 quibus
1103 2072 1155 2101 fuit
1180 2072 1341 2106 Madiamus,
1357 2078 1454 2102 auctor
1467 2074 1690 2111 Madianitaram,
1705 2085 1732 2107 et

943 2120 1047 2156 Aphar,
1063 2127 1079 2148 a
1101 2127 1156 2155 quo
1178 2123 1252 2147 terra
1273 2128 1354 2155 quam
1376 2121 1490 2149 incoluit
1512 2123 1609 2151 Africa:
1632 2132 1730 2153 nomen

945 2166 1074 2198 obtinuit,
1097 2166 1169 2193 sicut
1193 2166 1296 2194 Ausitis
1321 2171 1393 2194 terra
1415 2167 1450 2194 ab
1474 2167 1553 2196 Esao.
1571 2168 1637 2202 Quae
1660 2175 1731 2197 terra

101 2215 213 2246 Λὺσῖτις
229 2215 246 2249 ή
261 2213 339 2249 χώρα
353 2214 384 2240 ἐκ
399 2213 446 2240 τοῦ
467 2213 564 2247 Ἡσαῦ,
578 2213 607 2240 ἐν
659 2213 860 2249 ἀνεϐλάστησεν
875 2215 889 2242 6

944 2213 1053 2241 beatum
1072 2213 1146 2240 illum
1169 2213 1387 2248 excellentisque
1402 2214 1540 2249 patientia:
1553 2219 1580 2242 et
1599 2216 1729 2243 nobilita-

103 2261 240 2296 μακάριος
263 2261 310 2287 καὶ
335 2258 469 2291 πολύτλας
498 2260 546 2286 καὶ¹
578 2259 719 2295 διαϐόητος
752 2260 834 2287 Ἰώϐ·
859 2260 888 2288 δν

101 2307 306 2343 ἐγκωμιάζωνὸ
317 2306 388 2338 θεῖος
403 2306 596 2342 Χρυσόστομος
606 2306 691 2341 λέγει’
704 2316 714 2334 ι
729 2307 890 2343 ’Ἄνθρωπός

102 2363 145 2386 τις
158 2352 192 2390 ἦν
204 2354 233 2381 ἐν
251 2353 329 2389 χώρᾳ
346 2354 379 2388 τῇ
393 2353 516 2380 Αύσίτιδι
530 2361 537 2370 ·
559 2362 569 2379 ›
590 2352 734 2388 κηρύττων
750 2353 830 2381 αὑτὸν
843 2355 890 2380 καὶ

102 2401 159 2427 ἀπὸ
186 2400 234 2435 τῆς
256 2399 362 2434 φύσεως
385 2399 432 2426 καὶ
456 2399 511 2426 ἀπὸ
536 2399 585 2434 τῆς
603 2398 704 2434 χώρας,
733 2399 766 2426 ἵν’
795 2399 888 2434 ὥσπερ
913 2430 918 2433 κ

101 2445 223 2477 ἀκούσας
250 2445 329 2472 αὑτὸν
359 2445 502 2480 ἄνθρωπον
544 2444 695 2480 θαυμάζεις
734 2444 775 2471 ὅτι
819 2444 890 2480 ὑπὲρ

101 2491 246 2527 ἄνθρωπον
278 2491 472 2518 ἐπολιτεύσατο
488 2511 496 2523 ,
522 2490 593 2518 οὕτω
631 2490 724 2526 μαθὼν
759 2491 807 2517 καὶ
841 2491 890 2526 τὴν

102 2537 195 2574 χώραν
219 2537 249 2570 ἐξ
281 2534 314 2572 ἧς
343 2538 357 2564 ό
382 2538 503 2569 τοιοῦτος
541 2537 647 2574 καρπὸς
676 2537 792 2572 ήνθησεν
809 2557 816 2569 ,
845 2537 890 2563 ἐκ-

103 2583 210 2619 πλαγῇς
237 2584 328 2611 ὁποῖον
347 2583 423 2618 ῥόδον
439 2584 468 2610 ἐν
489 2583 565 2618 μέσῳ
589 2583 644 2609 τῶν
663 2582 789 2609 ἀκανθῶν
809 2582 891 2609 ἐϐλά-

106 2639 215 2666 στησεν.
248 2630 390 2664 Ἐπίγονος
422 2630 476 2665 γάρ
506 2631 564 2656 ἐστι
599 2629 646 2655 τοῦ
682 2628 891 2664 διαϐαλλομένου

141 2690 159 2704 ¹“
179 2688 230 2716 Job
245 2697 261 2716 ιι
278 2689 303 2714 l.

941 2260 978 2288 tis
1005 2259 1105 2291 Jobum
1133 2258 1256 2294 protulit,
1283 2259 1363 2294 cujus
1390 2260 1484 2287 laudes
1506 2260 1657 2298 praedicans
1685 2262 1728 2288 di-

942 2306 1022 2334 vinus
1044 2306 1090 2333 ille
1117 2305 1331 2340 Chrysostomus
1356 2305 1413 2333 haec
1440 2305 1506 2334 dicit
1531 2315 1537 2333 :
1562 2316 1571 2332 ι
1588 2306 1651 2334 Fuit
1666 2308 1724 2342 qui-

941 2354 1004 2381 dam
1026 2352 1145 2380 homoin
1170 2351 1419 2379 Ausitideterra".
1442 2361 1451 2378 ι
1467 2352 1501 2379 Et
1519 2357 1644 2380 naturam
1666 2354 1728 2389 ejus

942 2398 1025 2425 refert
1040 2401 1067 2425 et
1082 2397 1209 2432 patriam,
1225 2400 1253 2423 ut
1266 2401 1292 2424 et
1309 2404 1371 2425 cum
1387 2396 1522 2425 hominem
1534 2399 1626 2426 vocari
1637 2400 1726 2433 audis,

942 2444 1087 2471 admireris
1112 2443 1196 2471 vitam
1225 2443 1344 2470 humana
1368 2442 1598 2477 praestantiorem,
1615 2448 1643 2471 et
1665 2452 1728 2472 cum

943 2491 1033 2519 solum
1060 2490 1196 2518 nominari
1219 2489 1298 2517 audis
1312 2489 1385 2524 quod
1401 2489 1481 2516 talem
1495 2489 1581 2517 edidit
1597 2490 1727 2525 fructum,

943 2536 1036 2564 animo
1048 2536 1218 2572 percellaris,
1231 2535 1304 2572 quod
1324 2536 1384 2563 talis
1401 2543 1463 2563 rosa
1477 2536 1511 2563 de
1526 2536 1617 2564 medio
1633 2538 1728 2572 spina-

943 2589 1004 2609 rum
1022 2581 1150 2610 ellioruit.
1161 2581 1208 2609 Est
1221 2582 1293 2609 enim
1309 2585 1460 2616 prognatus
1474 2581 1568 2609 inlami
1584 2582 1631 2610 illo
1644 2582 1726 2616 Esao,

943 2627 1080 2664 quomodo
1093 2635 1155 2655 cum
1170 2627 1312 2662 Scriptura
1327 2626 1454 2660 quintum
1468 2627 1502 2654 ab
1516 2626 1673 2655 Abrahamo
1687 2628 1728 2656 fa-

642 2733 816 2760 XYLANMH
849 2733 891 2761 ET
920 2733 1025 2761 GOARI
1050 2732 1167 2760 NOTAE.

141 2791 196 2828 (49)
212 2793 386 2828 Annotantur
398 2791 425 2818 in
438 2791 564 2828 margine
581 2790 661 2828 h_aec_:
683 2789 726 2828 Ei-
736 2789 783 2828 διὸι
796 2789 892 2828 κάλλος

102 2824 250 2856 Maia-1ith
269 2827 360 2858 πόλεις
378 2824 557 2861 προὺδέδόντο
574 2825 613 2860 τῷ
629 2825 688 2851 τότε
701 2824 891 2861 Πβαρϐαργικαὶ,

101 2864 129 2891 τὶ
143 2863 195 2889 ἔδει
210 2862 334 2896 γενέσθαι
349 2860 452 2888 νῦνὸιὰ
473 2861 513 2891 σέ,
532 2861 681 2894 ὡραιότατε
701 2860 798 2887 Ἰοάκιε
817 2860 893 2894 βασι-

247 2909 378 2939 l’AraOL.
401 2908 458 2937 Gn.
477 2908 589 2939 CXXI.

947 2788 1011 2822 λεῦς
1042 2787 1274 2822 pulchritudinem
1308 2787 1386 2815 lsacii
1416 2787 1517 2817 laudat.
1549 2787 1725 2822 imperatoris

948 2823 1000 2854 sui,
1018 2821 1126 2857 dignam
1143 2823 1177 2849 oh
1190 2831 1270 2857 quam
1288 2823 1349 2857 ipsi,
1365 2827 1392 2848 ut
1403 2824 1539 2857 quondam
1551 2821 1630 2857 lii-isi,
1644 2822 1725 2850 urbes

948 2867 962 2885 a
979 2856 1105 2886 Barbaris
1121 2856 1295 2886 dederentur.
1309 2857 1391 2885 llcmi
1406 2856 1531 2893 ineptias.
1548 2856 1616 2883 XrL.

1487 2903 1505 2934 4
