2007 3156
138 158 189 192 121

665 160 936 191 HISTORIAHUM
956 162 1221 193 COMPENDIUM.

1717 162 1769 195 12?

137 218 282 252 ἀχάριστοι
302 215 377 248 ὄντες
395 215 496 251 μᾶλλον
513 215 741 249 κατεξανίσταντο
752 217 798 244 τοῦ
815 218 921 254 προφή-

982 219 1032 246 vivi
1049 223 1126 246 terra:
1142 220 1217 246 hiatu
1233 225 1296 247 sunt
1309 219 1441 255 absorpti,
1457 220 1525 248 alios
1541 220 1650 248 cwlitus
1662 222 1768 247 immis-

137 272 198 291 του,
218 261 578 297 Ὀσοιδὲκατεξανέστησαν
596 262 693 295 αὐτοῦ,
722 264 747 289 οί
772 263 821 298 μὲν
861 272 928 290 κατ-

140 308 304 343 επτὼθησαν
331 308 370 339 είς
393 308 445 342 γῆν
463 308 574 340 ζῶντες,
595 308 656 335 οίδὲ
673 309 745 335 θείου
769 309 855 344 πυρὸς
882 318 929 343 γε·

137 355 233 388 γόνασι
250 353 447 389 παρανάλωμα.
456 355 524 389 Φησὶ
535 355 599 389 γάρ·
617 364 626 380 ι
641 355 694 381 Καὶ
709 355 832 389 ἐγένοντο
847 356 871 382 οἱ
884 365 929 382 τε·

983 272 1030 292 sus
1057 266 1229 300 consumpsit
1262 266 1342 301 ignis.
1378 266 1516 301 Scriptum
1553 271 1595 294 est
1612 268 1684 294 enim
1706 266 1768 293 ita:

987 318 995 335 ι
1017 309 1115 336 Movtui
1133 314 1198 337 sunt
1220 311 1246 337 in
1263 311 1339 338 clade
1357 312 1447 346 populi
1469 312 1554 339 millia
1576 313 1606 339 l4
1621 319 1652 339 ac
1666 313 1765 347 septin-

983 355 1119 390 genti,bis
1127 355 1245 389 demptis
1258 357 1303 391 qui
1324 365 1348 391 pl
1357 360 1434 391 opter
1452 356 1550 384 Coram
1563 357 1702 392 perierunt
1712 356 1744 383 “.
1757 365 1771 382 μ

138 400 269 434 ονηκότες
284 401 313 427 ὲν
329 401 362 436 τῇ
380 400 493 437 θραύσει
508 401 626 436 χιλιάδες
650 401 852 437 δεκατέσσαρες
882 405 928 429 καὶ
949 402 1116 435 ἑπτακόσιοι,
1130 403 1214 438 χωρὶς
1230 403 1284 429 τῶν
1312 404 1482 438 τεθνηκότων
1503 404 1596 431 ἕνεκεν
1620 404 1702 439 Κορὲ.
1719 412 1730 430 υ

177 446 230 472 Καὶ
245 446 314 481 μετὰ
327 446 413 473 ταῦτα
425 447 475 473 οὐκ
489 445 523 482 ἦν
543 446 615 483 ὕδωρ
638 449 671 484 τῇ
699 450 857 484 συναγωγῇ,
881 449 929 475 καὶ

140 492 269 527 ἐλοιδόρει
284 493 298 518 ὁ
311 491 374 524 λαὸς
389 492 428 527 τῷ
439 492 542 528 Μωῦσῇ
557 494 603 520 καὶ
623 493 740 529 Ἀαρών.
772 494 826 521 Καὶ
843 503 927 522 κατα-

138 537 298 572 ϐοησάντες,
310 536 369 565 εἷπε
395 538 496 573 Κύριος
516 540 584 574 πρὸς
602 540 722 576 Μωΰσῆν
738 547 746 555 ·
762 549 772 567 1
787 541 860 567 Λάὃε
880 541 928 576 τὴν

141 583 238 618 ῥάϐδον
253 584 356 619 ταύτην
369 605 376 617 ,
393 585 440 611 καὶ
454 585 636 619 ἐκκλησίασαι
652 586 701 621 τὴν
721 587 883 622 συναγωγὴν
896 587 927 614 σὺ

139 629 186 656 καὶ
208 629 312 664 Ἀαρὼν
325 631 339 656 ό
355 629 469 664 ἀδελφός
481 639 539 663 σου,
555 631 603 658 καὶ
631 631 857 669 λαλήσατερπρδς
878 633 927 669 τὴν

140 676 242 709 πέτραν
259 675 380 702 ἐναντίον
395 677 495 709 αὐτῶν,
508 678 556 704 καὶ
568 677 649 704 δώσει
663 678 696 705 τὰ
709 678 791 706 ὕδατα
806 679 900 714 αὐτῆς.
915 689 925 705 ι

139 719 194 746 Καὶ
209 719 288 747 ἔλαϐε
312 722 431 756 Μωῦσῆς
451 723 500 757 τὴν
521 722 652 750 ἀπέναντι
680 725 783 760 Κυρίου
818 725 926 760 ῥάϐδον,

140 766 187 792 καὶ
202 765 380 801 ὲξεκλησῐασε
397 767 445 802 τὴν
460 768 621 804 συναγωγὴν
645 769 776 797 ἀπέναντι
801 770 851 805 τῆς
877 771 927 798 πέ-

140 821 217 847 τρας.
248 814 302 840 Καὶ
321 811 381 839 εἷπε
407 815 510 849 Κύριος
532 815 603 850 πρὸς
635 815 743 848 αὐτούς·
780 817 928 844 ’Δκούσατέ

142 866 192 892 μου
213 859 237 885 οἱ
260 859 381 891 ἀπειθεῖς
391 868 397 874 ·
413 860 449 895 μὴ
459 860 491 886 ἐκ
504 862 552 896 τῆς
567 861 672 896 πέτρας
687 862 788 896 ταύτης
799 862 929 898 ἐξάξομαι

141 905 205 939 ὑμῖν
221 905 310 941 ὓδωρς
340 907 392 932 Καὶ
413 907 521 944 ἐπάρας
548 908 671 942 Μωῦσῆς
684 908 734 942 τὴν
747 910 828 944 χεῖρα
846 909 929 937 αὐτοῦ

139 952 186 978 καὶ
199 951 320 984 nat-.5151;
329 952 377 988 τὴν
389 953 491 988 πέτραν
503 953 543 984 δὶς
556 955 588 988 τῇ
606 953 706 989 ῥάϐδῳ,
721 954 833 988 ἐξῆλθεν
858 954 930 990 ὕδωρ

141 996 220 1028 πολὺ,
240 997 285 1023 καὶ
300 997 377 1024 ἔπιεν
393 998 409 1033 ἡ
428 997 575 1032 συναγωγὴ
589 997 638 1024 καὶ
661 997 697 1024 τὰ
722 999 807 1034 κτήνη
828 999 928 1026 αὐτῶν.

140 1043 196 1070 Καὶ
215 1042 276 1069 εἷπε
291 1043 393 1078 Κύριος
421 1043 489 1078 πρὸς
514 1044 633 1079 Μωῡσῆν
649 1046 694 1071 καὶ
709 1044 814 1080 Ἀαρών
828 1055 835 1062 ·
859 1045 929 1072 Ἀνθ’

140 1087 177 1115 ὧν
192 1090 242 1116 οὐκ
257 1090 435 1116 ἐπιστεύσατε
455 1090 568 1124 ἁγιάσαι
584 1098 616 1124 με
637 1091 761 1117 ἐναντίον
784 1091 831 1118 τοῦ
851 1091 928 1126 λαοῦ,

139 1135 182 1162 διὰ
197 1135 274 1162 τοῦτο
287 1136 337 1162 οῦκ
355 1135 477 1168 εἰσάξετε
496 1136 575 1169 ὑμεῖς
591 1136 640 1171 τὴν
653 1138 815 1173 συναγωγὴν
827 1139 928 1174 ταύτην

139 1183 178 1214 είς
193 1182 244 1218 τὴν
252 1182 302 1216 γῆν
311 1182 344 1216 ἦν
355 1182 443 1209 ἔδωκα
457 1182 618 1214 αὺτοῖς.”Διὸ
630 1184 807 1219 προστεθήτω
823 1184 928 1220 Ἀαρὼν

140 1229 268 1268 πρὺςσὸν
284 1230 349 1257 λαὸν
365 1230 460 1263 αὑτοῦ,
478 1232 524 1257 καὶ
540 1232 710 1265 ἀποθανέτω,
724 1231 790 1258 διότι
801 1232 930 1268 παρωξύ-

138 1276 201 1303 νιτέ
214 1285 246 1312 με
256 1277 301 1304 ἐπὶ
314 1277 355 1304 τοῦ
366 1276 461 1309 ὕδατος
469 1277 519 1311 τῆς
528 1278 709 1312 ἀντιλογίας.»
722 1279 775 1304 Καὶ
784 1278 929 1306 ἀνεϐίϐασε

139 1323 259 1358 Μωῦσῆς
269 1324 314 1350 τδν
330 1323 435 1359 Ἀαρὼν
445 1325 485 1356 είς
498 1325 526 1351 τὸ
535 1325 607 1360 ὅρος,
621 1326 668 1351 καὶ
675 1325 799 1358 ὲξέδυσεν
809 1325 888 1352 αὑτὸν
895 1325 929 1352 τά

140 1371 264 1405 ἱερατικά
281 1371 386 1405 ίμάτια,
397 1371 444 1397 καὶ
458 1371 582 1398 ἐνέδυσεν
591 1371 662 1398 αὐτὰ
679 1371 813 1406 Ἐλεάζαρ
820 1371 865 1398 τὸν
873 1372 929 1398 υῐὶιν

140 1416 233 1442 αὑτοῦ.
250 1416 305 1442 Καὶ
333 1417 467 1443 ἀπέθανεν
487 1416 592 1452 Ἀαρὼν
615 1418 644 1443 ἐν
663 1417 702 1451 τῷ
719 1417 929 1453 τεσσαρακοστῷ

1020 449 1176 477 Secundum
1205 448 1263 476 haec
1288 450 1417 484 populum
1441 457 1512 485 aqua
1541 450 1660 483 defecit;
1692 451 1772 485 isque

983 496 1050 524 Mosi
1066 501 1093 523 et
1110 495 1210 523 Aaroui
1231 495 1354 523 convicia
1367 495 1440 523 fecit.
1457 496 1496 524 lbi
1512 498 1584 525 Deus
1598 497 1665 525 Mosi
1685 497 1769 532 jussit

983 547 1012 568 ut
1026 546 1132 576 sumpta
1154 541 1228 575 virga
1248 541 1340 576 populi
1357 546 1458 568 ctetum
1472 542 1629 575 advocaret,
1644 542 1770 570 adhibito

982 587 1033 615 sibi
1048 587 1167 619 Aarone,
1185 591 1270 622 utque
1287 587 1319 614 ad
1340 587 1495 622 appositum
1509 595 1606 614 saxum
1624 589 1707 616 verba
1727 588 1769 615 fa-

982 638 1076 661 cerent
1092 642 1098 660 :
1117 633 1142 661 id
1156 640 1253 668 aquam
1266 633 1444 661 emissurum.
1458 633 1546 660 Moses
1562 633 1658 660 baculo
1677 641 1692 660 a
1715 633 1769 660 Do-

982 679 1055 706 mino
1075 683 1183 713 sumpto
1200 687 1215 706 ο
1232 679 1344 714 regione
1362 679 1421 706 saxi
1438 679 1566 714 populum
1584 678 1639 714 92
1655 679 1681 705 in
1699 687 1768 706 con-

982 726 1088 754 cioncm
1115 725 1269 753 advocavit.
1296 725 1365 752 Tum
1386 725 1457 753 Deus
1475 732 1523 753 eos
1537 725 1572 751 ita
1584 729 1626 752 est
1647 724 1768 752 atratus:

983 781 992 798 ι
1012 771 1110 799 Audite
1123 779 1175 801 me,
1188 779 1204 798 ο
1216 770 1350 798 increduli
1368 780 1375 798 :
1391 778 1482 797 nonne
1499 778 1532 798 ex
1545 771 1597 797 hoc
1611 777 1677 798 saxo
1692 770 1769 797 vobis

981 826 1079 852 aquam
1107 817 1268 845 eliciemus?
1294 826 1304 843 ›
1334 817 1421 844 Simul
1448 815 1538 844 Moses
1556 815 1664 843 sublata
1687 822 1768 842 manu

981 872 1078 892 saxum
1099 865 1197 892 baculo
1214 863 1255 892 bis
1270 863 1418 899 percussit,
1436 868 1463 890 et
1480 862 1591 897 copiosa
1615 861 1679 888 inde
1699 869 1768 896 aqua

981 910 1126 942 emanavit,
1152 910 1275 944 bibitque
1295 908 1412 944 populus
1431 912 1458 935 et
1475 907 1611 942 iumenta.
1634 907 1704 934 Deus
1720 914 1770 932 au-

981 961 1034 984 tem
1046 956 1149 983 Mosem
1162 959 1189 983 et
1200 956 1334 982 Aaronem
1346 955 1387 982 sic
1396 954 1587 989 compellavit:
1600 963 1609 979 ι
1622 952 1768 987 Propterea

981 1003 1052 1037 quod
1067 1009 1121 1029 nou
1139 1001 1297 1029 credidistis
1314 1000 1380 1028 mihi
1396 1004 1511 1027 eatenus
1528 1003 1557 1026 ut
1573 1007 1659 1026 meam
1675 1006 1768 1025 coram

981 1050 1081 1086 populo
1107 1049 1280 1076 sanctitatem
1295 1047 1492 1077 defenderetis,
1515 1046 1577 1074 ideo
1602 1054 1651 1074 vos
1667 1053 1768 1074 «manu

980 1097 1055 1124 hunc
1072 1103 1126 1123 non
1147 1095 1285 1122 inducetis
1306 1094 1334 1122 in
1351 1098 1453 1121 terram
1471 1093 1539 1128 ipsis
1556 1100 1570 1119 a
1590 1100 1633 1120 me
1648 1093 1769 1119 destina-

980 1145 1046 1168 tam.
1069 1140 1187 1168 Proinde
1203 1140 1292 1167 Aaron
1310 1139 1423 1166 accedat
1438 1138 1540 1173 populo
1560 1145 1610 1164 suo
1626 1142 1654 1164 et
1667 1137 1770 1164 moria-

981 1191 1036 1219 tur,
1053 1186 1118 1221 quia
1135 1193 1178 1212 me
1200 1184 1331 1212 irritastis
1348 1182 1420 1218 apud
1436 1189 1535 1216 aquam
1554 1182 1629 1208 rixa).
1649 1190 1658 1206 ι
1677 1180 1769 1215 Itaque

981 1233 1070 1260 Moses
1083 1231 1220 1258 Aaronem
1238 1231 1265 1257 in
1282 1233 1402 1257 montem
1417 1228 1544 1259 adduxit,
1560 1234 1677 1261 eumque
1689 1226 1769 1253 vesti-

979 1278 1033 1306 bus
1048 1277 1265 1305 sacerdotalibus
1280 1276 1367 1306 exuit,
1385 1275 1490 1309 hasque
1503 1274 1559 1301 tilio
1582 1273 1669 1308 ipsius
1690 1271 1768 1298 Elea-

981 1332 1044 1352 χιιι-ο
1062 1324 1160 1351 induit.
1179 1323 1217 1350 Ita
1239 1323 1330 1349 Aaron
1350 1321 1403 1348 vita
1421 1319 1539 1348 decessit
1559 1326 1630 1345 anno
1646 1318 1680 1344 ab
1694 1318 1771 1343 exitu

980 1370 1071 1406 populi
1096 1368 1317 1404 quadragesimo,
1341 1373 1428 1393 annos
1452 1369 1534 1392 natus
1562 1363 1630 1396 l23;
1651 1369 1769 1395 cumque

980 1417 1097 1452 populus
1111 1415 1170 1443 dies
1183 1415 1218 1442 50
1232 1414 1311 1441 luxit.
1330 1412 1432 1440 Deinde
1447 1411 1547 1438 Mosem
1560 1410 1632 1437 Deus
1649 1409 1676 1434 in
1690 1416 1766 1434 mun-

140 1461 195 1487 ἔτει
212 1461 260 1496 τῆς
271 1461 360 1493 ἐξόδου
379 1461 434 1488 τῶν
450 1461 516 1488 υἱῶν
547 1462 665 1497 Ἰσραὴλ,
684 1462 771 1498 ζήσεις
787 1463 834 1498 ἐτη
856 1466 927 1499 ρκγ’.

983 1467 1035 1489 tem
1051 1461 1146 1488 Naban
1160 1459 1307 1487 ascendere
1320 1458 1414 1493 jussit,
1432 1456 1549 1491 indeque
1563 1460 1663 1483 terrain
1680 1454 1768 1481 Israe-

140 1507 197 1534 Καὶ
213 1506 344 1534 ἔκλαυσεν
365 1507 446 1535 αὐτὸν
459 1508 473 1534 ὁ
490 1508 552 1540 λαὸς
581 1507 624 1544 [Ρ.
651 1508 698 1544 ΒΞ]
723 1509 829 1545 ἡμέρας
848 1509 928 1545 τριά-

141 1561 234 1581 κοντα.
250 1553 303 1580 Καὶ
318 1553 387 1589 μετὰ
398 1553 483 1580 ταῦτα
502 1551 563 1581 εἶπε
582 1554 683 1590 Κύριος
699 1555 767 1591 πρὸς
792 1556 925 1591 Μωῦσῆν·

143 1608 154 1624 ι
176 1599 304 1634 ’Λνάϐηθι
317 1599 356 1632 είς
372 1600 402 1626 τὸ
416 1600 479 1636 ὅρος
495 1600 602 1634 Ναόᾶν,
625 1601 673 1627 καὶ
692 1601 728 1627 ίδε
746 1599 795 1635 τὴν
816 1600 869 1636 γῆν
895 1601 928 1636 ῆν

140 1644 238 1679 δίδωμι
248 1645 305 1677 τοῖς
317 1646 384 1676 υἱοῖς
403 1645 523 1683 Ἰσραὴλ,
541 1645 588 1672 καὶ
603 1645 717 1673 τελεύτα
740 1647 800 1672 ἐκεῖ
823 1646 853 1672 ὃν
867 1647 929 1682 τρό-

141 1699 192 1718 πον
210 1691 346 1719 ἀπέθανεν
370 1691 477 1727 ’Δαρὼν
492 1693 506 1719 ὁ
522 1692 637 1727 ἁδελφός
653 1701 712 1724 σου,
737 1693 804 1719 διότι
815 1693 929 1728 ἠπειθή-

141 1745 206 1763 σατε
221 1737 260 1772 τῷ
271 1737 374 1773 ῥήματί
389 1746 440 1772 μου
453 1738 500 1764 ἐπὶ
515 1737 561 1764 τοῦ
577 1737 673 1770 ὓδατος
700 1739 750 1774 τῆς
775 1739 928 1773 ἀντιλογίας

141 1783 258 1818 Κάδδης.
275 1793 284 1809 ›
301 1783 354 1810 Τοῦ
371 1783 399 1810 δὲ
412 1783 551 1815 Μωῦσέως
563 1784 648 1811 πολλὰ
663 1784 713 1811 καὶ
726 1785 855 1816 πολλάκις
868 1785 929 1819 δεη-

142 1829 234 1861 θέντος
247 1829 294 1855 τοῦ
303 1829 370 1856 Θεοῦ
384 1829 449 1864 περὶ
463 1831 570 1861 τούτου,
588 1831 636 1857 καὶ
647 1830 783 1864 λέγοντος·
803 1839 812 1856 ι
829 1830 929 1862 Διαϐὰς

142 1871 199 1905 οὖν,
215 1871 236 1900 ὢ
252 1874 347 1910 Κύριε,
358 1875 403 1905 τὸν
418 1875 554 1910 Ἰορδάνην
571 1875 682 1910 ὅψομαι,
706 1875 754 1910 τὴν
765 1875 868 1910 ἀγαθὴν
879 1876 930 1910 γῆν

144 1920 261 1955 ἑκείνηνς
281 1931 289 1946 ι
304 1919 364 1947 εἷπε
378 1921 478 1956 Κύριος
487 1922 555 1955 πρὸς
570 1922 660 1948 αὐτόν·
676 1931 685 1947 ι
703 1921 865 1948 Ὶκανούσθω
877 1930 929 1948 σοι.

145 1967 216 2002 Ὀρα
225 1966 262 2002 μὴ
277 1966 428 2002 προσέλθῃς
443 1958 488 2001 ᾗσι
499 1967 541 1993 ἔτι
555 1967 619 2001 περὶ
633 1967 728 1993 τούτου
738 1966 930 2000 λαλῆσαι,άλλ’

145 2012 207 2039 ίδὼν
223 2012 273 2042 τὴν
290 2011 395 2047 ἀγαθὴν
407 2012 458 2046 γῆν
468 2013 524 2043 τοῖς
537 2012 687 2046 ὀφθαλμοῖς
708 2021 755 2039 σου
775 2012 900 2039 τελεύτα.
917 2021 927 2038 )

144 2058 198 2084 Καὶ
211 2057 322 2092 γράψας
336 2058 367 2083 ὲκ
383 2057 595 2092 προστάγματος
613 2057 715 2092 Κυρίου
743 2057 791 2093 τὴν
809 2057 930 2092 μεγάλην

142 2104 225 2140 ᾠδὴν,
241 2104 287 2130 καὶ
302 2102 407 2135 ἐπιθεὶς
419 2103 468 2134 τὰς
483 2104 578 2139 χεῖρας
592 2103 637 2130 ἐπὶ
654 2103 760 2138 Ἰησοῦν
781 2103 829 2130 τοῦ
851 2103 929 2138 Ναυῆ

143 2151 183 2182 εἰς
201 2149 232 2176 τὸ
250 2148 421 2182 διαδέξασθαι
435 2148 531 2180 αὑτὸν,
543 2148 720 2184 ἐτελεύτησεν
742 2150 800 2176 ἐκεῖ
813 2149 856 2176 διὰ
879 2150 930 2184 ρή-
945 2142 969 2172 Ῑ)

145 2196 350 2231 ματοςΚυρίου,
367 2195 453 2229 ζήσας
475 2194 522 2230 ἔτη
549 2194 600 2230 ρκ’.
624 2195 679 2222 Καὶ
708 2195 796 2231 θάψας
825 2195 931 2222 αὺτδνδ

143 2242 206 2274 λαὸς
223 2243 270 2269 καὶ
285 2241 406 2273 κλαύσας
421 2241 529 2276 ἡμέρας
560 2245 598 2276 μ’,
617 2241 704 2274 οὐδεὶς
727 2239 782 2269 εἶδε
807 2241 858 2277 τὴν
879 2250 930 2268 τα-

145 2289 198 2324 φὴν
210 2288 302 2315 αὑτοῦ.
316 2288 371 2315 Καὶ
384 2288 434 2315 οὐκ
450 2288 549 2323 ἀνέστη
563 2287 602 2314 ἔτι
617 2288 760 2324 προφήτης
775 2288 805 2315 ὲν
821 2288 930 2324 Ἰσραὴλ

144 2334 182 2366 ὠς
194 2334 323 2368 nimiis-71;.
341 2334 456 2361 Ἐκτοτε
470 2333 517 2360 οὖν
536 2334 583 2360 καὶ
600 2333 680 2369 μέχρι
693 2334 740 2360 τοῦ
757 2334 805 2361 νῦν
816 2343 928 2369 φωτοει-

144 2380 190 2414 δὴς
205 2380 304 2415 νεφέλη
317 2379 470 2411 ἐπισκιάζει
481 2380 525 2406 τὸν
536 2379 618 2407 τόπον
631 2381 746 2413 ἐκεῖνον,
763 2381 926 2417 ἀμαυροῦσα

979 1508 1033 1537 lico
1053 1506 1154 1542 populo
1177 1503 1370 1541 possidendam
1387 1502 1559 1538 prospicere,
1577 1501 1670 1534 ibique
1687 1499 1768 1530 mori,

979 1553 1116 1591 quomodo
1127 1557 1154 1580 et
1172 1551 1255 1579 frater
1271 1550 1332 1585 ejus
1347 1550 1438 1577 Aaron
1454 1548 1579 1580 obiisset,
1598 1547 1712 1576 idcirco,
1726 1545 1768 1572 (li-

979 1590 1068 1633 ecbat,
1084 1599 1148 1635 quia
1180 1598 1263 1626 verbo
1297 1603 1359 1623 meo
1383 1594 1463 1623 diiiisi
1482 1594 1548 1621 estis
1571 1592 1642 1627 apud
1670 1590 1768 1621 Gades,

979 1648 1012 1676 ad
1040 1653 1139 1681 aquam
1160 1645 1236 1672 rixae.
1257 1642 1325 1671 Cum
1354 1647 1443 1669 autem
1469 1639 1558 1666 Moses
1583 1642 1769 1672 saepenumero

980 1693 1072 1720 multis
1090 1690 1218 1726 precibus
1235 1697 1250 1716 a
1266 1688 1380 1716 Domino
1398 1686 1549 1722 ﬂagitasset
1574 1684 1614 1712 uti
1633 1683 1685 1710 sibi
1705 1681 1767 1709 Jor-

979 1738 1076 1766 danem
1094 1736 1285 1764 transmittere
1314 1736 1546 1768 prazstantemque
1570 1730 1644 1757 illam
1667 1733 1769 1755 terram

979 1782 1102 1811 contueri
1130 1781 1224 1808 liceret
1240 1789 1246 1813 ;
1264 1779 1337 1807 Deus
1353 1786 1416 1806 eum
1429 1780 1588 1805 contentum
1602 1782 1662 1802 esse
1674 1773 1769 1809 jussit.

981 1837 1069 1864 neque
1088 1836 1118 1856 se
1133 1828 1247 1863 pOstbac
1262 1826 1344 1860 hujus
1362 1825 1401 1852 rei
1414 1830 1498 1851 causa
1517 1821 1703 1856 interpellare,
1722 1818 1770 1846 scd

980 1876 1088 1903 eminus
1116 1875 1263 1907 conspecta
1289 1871 1342 1898 ista
1369 1869 1481 1903 regione
1514 1867 1569 1893 vita
1597 1872 1659 1892 cum
1683 1867 1771 1890 morte

981 1924 1161 1948 commutare.
1174 1918 1245 1952 Ergo
1260 1915 1348 1943 Moses
1361 1914 1408 1941 Dei
1420 1913 1548 1940 mandato
1560 1917 1686 1945 magnum
1704 1907 1770 1935 illud

981 1973 1092 1994 carmen
1107 1963 1283 1997 conscripsit,
1302 1960 1483 1994 manibusque
1503 1956 1594 1986 Josua:
1615 1955 1689 1982 Nave
1715 1954 1770 1981 tilio

981 2012 1117 2047 impositis
1132 2011 1178 2046 (eo
1192 2009 1244 2037 ritu
1264 2008 1319 2043 93
1334 2007 1408 2034 hunc
1422 2005 1474 2033 sibi
1490 2009 1679 2032 successorem
1698 2000 1771 2028 desi-

982 2046 1093 2094 gnabat)
1115 2055 1152 2083 ibi
1176 2053 1326 2082 secundum
1357 2050 1464 2078 Domini
1490 2048 1571 2076 verba
1598 2048 1678 2074 linem
1711 2046 1770 2072 vitae

983 2091 1059 2134 iecit,
1083 2107 1166 2136 quam
1186 2107 1233 2135 per
1259 2104 1347 2125 annos
1370 2096 1422 2123 120
1448 2095 1624 2122 toleraverat.
1648 2091 1770 2126 Populus

983 2157 1045 2178 eum
1059 2146 1183 2183 sepelivit
1194 2153 1226 2173 ac
1240 2145 1275 2172 40
1290 2144 1349 2172 dies
1361 2142 1440 2170 luxit.
1455 2141 1562 2169 Nemini
1578 2144 1668 2167 autem
1682 2137 1772 2172 sepul-

981 2203 1058 2224 crum
1077 2195 1137 2229 ejus
1151 2193 1202 2219 fuit
1215 2191 1366 2226 cognitum.
1383 2188 1478 2223 Neque
1491 2187 1518 2214 in
1533 2194 1565 2214 eo
1579 2185 1677 2220 populo
1694 2187 1770 2210 vates
1792 2199 1794 2202 -

982 2242 1049 2270 Mosi
1076 2248 1124 2276 par
1143 2239 1273 2272 deinceps
1293 2236 1408 2264 exstitit.
1429 2234 1490 2262 Jam
1516 2232 1580 2261 inde
1598 2233 1633 2259 ab
1649 2238 1682 2258 eo
1704 2234 1773 2256 tem-

981 2295 1047 2323 pore
1068 2287 1095 2313 in
1119 2286 1190 2312 hunc
1217 2290 1304 2318 usque
1328 2281 1400 2309 diem
1420 2280 1537 2308 illustris
1563 2279 1649 2306 nubes
1681 2276 1769 2303 locum

979 2321 1063 2360 istum
1077 2329 1234 2360 obumbrat,
1249 2328 1477 2360 cernentiumque
1495 2324 1563 2351 visui
1583 2323 1677 2354 ollicit,
1693 2329 1727 2348 nc
1742 2321 1770 2348 in

980 2378 1175 2413 sempiternum
1187 2381 1274 2409 usque
1281 2372 1402 2407 conspici
1412 2371 1568 2405 sepulcrum
1581 2369 1663 2395 Musis
1677 2371 1769 2402 queat.

146 2427 193 2454 καὶ
206 2426 416 2461 ἀποτειχίζουσα
424 2426 472 2458 τὰς
489 2427 564 2461 ὄψεις
573 2427 629 2453 τῶν
644 2428 781 2465 ὁρώντων,
796 2430 840 2456 ἴνα
853 2429 890 2465 μὴ
903 2427 1064 2463 γινώσκοιεν
1078 2425 1161 2453 αὑτοῦ
1172 2424 1218 2451 τὸν
1230 2421 1316 2456 τάφον
1331 2421 1370 2452 εἰς
1385 2419 1430 2446 τδν
1443 2419 1537 2446 αῑῶνα·

179 2474 256 2502 Μετὰ
270 2475 298 2502 δὲ
313 2476 432 2503 Μωῦσέα
447 2476 581 2510 διεδέξατο
606 2476 669 2518 τὴν.
682 2476 769 2512 ἀρχὴν
801 2475 904 2508 Ἰησοῦς
919 2475 933 2501 ὁ

1027 2472 1094 2500 Mosi
1110 2471 1193 2500 Josua
1207 2471 1353 2503 successit,
1381 2469 1466 2497 Name
1489 2468 1572 2495 ﬁlius.
1596 2466 1632 2499 Is,
1657 2465 1772 2500 trajecto

143 2521 191 2549 τοῦ
201 2521 290 2557 Ναυῆ.
305 2523 351 2549 καὶ
361 2523 483 2557 περάσας
495 2523 540 2550 τὸν
556 2511 707 2558 Ἰορδάνηνέ
716 2522 763 2549 καὶ
777 2521 893 2556 ποιήσας
903 2521 929 2547 ὲν

987 2519 1115 2551 Jordane,
1131 2520 1158 2546 in
1172 2522 1245 2546 terra
1263 2518 1397 2554 promissa
1412 2524 1499 2544 annos
1516 2515 1551 2542 52
1569 2515 1637 2541 bella
1653 2511 1772 2549 gerendo

144 2567 177 2602 τῇ
198 2567 234 2602 γῇ
260 2567 310 2601 τῆς
326 2567 493 2602 ἐπαγγελίας
513 2568 560 2603 ἔτη
579 2568 618 2604 λβ¹
635 2568 761 2604 πολεμῶν
778 2567 826 2594 καὶ
849 2575 933 2593 κατα-

144 2612 314 2650 κληροδοτῶν
330 2614 416 2649 αὐτὴν
431 2615 488 2646 τοῖς
502 2615 571 2646 utor;
593 2615 708 2650 Ἰσραὴλ,
719 2614 839 2642 ἀπέθανε
848 2613 932 2649 ζήσας

181 2670 203 2687 ¹⁸
217 2669 296 2697 Num.
315 2676 369 2703 va,
385 2670 430 2698 49.

988 2571 1142 2600 terramque
1163 2573 1222 2592 eam
1243 2564 1367 2593 lsraelico
1384 2563 1483 2598 populo
1502 2560 1648 2590 dividendo
1670 2559 1770 2594 exegit.

987 2611 1112 2639 Decessit
1125 2618 1211 2638 annos
1231 2615 1313 2638 natus
1330 2609 1391 2636 MO.
1408 2609 1446 2636 Ac
1461 2608 1547 2636 Moses
1560 2606 1670 2643 quidem
1683 2605 1772 2634 Scene

670 2716 844 2744 XYbANDRI
886 2718 928 2745 ET
967 2717 1072 2745 GOARI
1104 2716 1220 2744 NOTAE.

148 2764 237 2794 fuerit,
251 2764 302 2791 nisi
320 2764 388 2792 forte
407 2765 492 2792 Parva
508 2765 730 2799 Gertcsisaliquid
739 2765 829 2793 habet.
839 2766 929 2801 Θραῦ-

149 2808 203 2839 σινἶ
248 2807 309 2833 qum
346 2805 570 2839 vox_rupturau_|
603 2805 650 2839 aut
668 2801 924 2831 .commiuutionem

150 2835 239 2868 potius
270 2839 305 2871 et,
325 2835 518 2871 contritioncm
543 2835 689 2869 signiﬁcat,
719 2837 925 2871 perspicuitatis

147 2876 230 2895 causa
242 2870 429 2898 verticladem.
449 2870 534 2898 Locus
551 2872 581 2898 de
602 2870 677 2898 clade
696 2870 923 2899 lt'tbO'llclrra'o—

987 2773 1045 2792 rum
1065 2763 1246 2792 cstNuun-ris
1270 2771 1313 2790 xvi
1339 2763 1372 2790 ad
1399 2762 1490 2790 linem.
1509 2761 1611 2788 Deinde
1631 2761 1770 2797 quoii_e§t

981 2801 1007 2827 iu
1024 2805 1146 2827 montem
1170 2799 1274 2830 Naban,
1292 2799 1390 2834 legitur
1403 2798 1429 2834 in
1456 2793 1768 2834 gomplutcnsi_Na§<_15.

980 2835 1083 2865 Nubnu,
1096 2835 1171 2863 Deut.
1185 2828 1297 2861 xxxilet
1314 2828 1404 2865 fxxtv,
1419 2833 1446 2860 in
1459 2828 1593 2860 Hebraico
1608 2829 1691 2856 Nolxo.
1705 2828 1769 2855 ideo

980 2872 1005 2897 in
1024 2871 1143 2905 margine
1157 2869 1252 2897 Ναϐαὖ
1272 2869 1410 2897 annotavi.
1428 2868 1493 2895 Xv1..
