2007 3156
130 147 184 180 125

663 147 934 177 IIlSTORIARUM
955 147 1219 179 COMPENDIUM.

1705 151 1755 184 1°26

166 206 243 234 Μετὰ
255 205 284 232 δέ
297 214 329 239 γε
354 204 457 240 Ἰησοῦν
468 205 512 232 διὰ
521 204 573 232 τῶν
593 205 694 241 κριτῶν
711 206 724 231 6
740 205 806 236 Θεὸς
833 204 917 236 ἔσωζε

1003 205 1070 234 Post
1083 205 1196 234 Josuam
1214 207 1284 235 Deus
1303 207 1426 242 judicum
1450 215 1530 243 opera
1547 209 1678 244 populum
1698 217 1755 236 ser-

126 254 177 281 τὸν
186 254 260 286 λαὸν,
268 252 426 288 θλιϐόμενον
442 252 496 280 ὑπὸ
514 252 569 279 τῶν
594 251 823 287 περιλειφθέντων
841 252 919 278 ἀλλο-

127 300 233 335 φύλων.
246 300 292 326 Ἐν
305 297 347 331 οἷς
361 299 467 335 ὑπῆρξε
493 298 648 334 πρώτιστος
659 298 760 329 Ἰούδας
783 297 865 324 καλοῦ
871 306 919 332 με-

127 355 187 378 νος,
203 346 251 372 καὶ
268 345 359 381 ἔκρινε
374 345 421 371 τὸν
447 345 512 371 λαὸν
527 344 573 379 ἔτη
591 343 624 377 ζ’,
641 343 845 379 χειρωσάμενος
872 342 920 369 καὶ

127 392 177 419 τὸν
189 390 368 423 ’Λδωνιζεὸὲκ
389 389 502 426 βασιλέα
514 390 569 416 τῶν
585 389 752 424 ἀλλοφύλων,
766 389 811 416 καὶ
830 389 920 424 ἀκρω-

128 437 269 472 τηριάσας
283 436 366 463 αὐτοῦ
383 437 477 471 χεῖρας
490 436 536 462 καὶ
551 436 646 467 πόδας.
661 434 729 463 Εῐπε
760 436 789 462 δὲ
810 436 919 462 Ἀδωνι‹

129 484 224 516 ζεὸέκ·
239 492 247 509 ι
268 482 470 518 Ἐὕδομήκοντα
482 481 602 517 βασιλεῖς
616 481 649 510 τὰ
664 482 736 517 ἄκρα
752 482 806 508 τῶν
821 481 920 517 χειρῶν

129 529 247 556 καὶτῶν
265 528 353 555 ποδῶν
369 528 460 554 αὐτῶν
490 528 711 563 ἁποκεκομμένοι
728 526 808 564 ἦσαν,
828 527 922 553 συλλέ-

129 582 227 608 γοντες
245 573 279 601 τὰ
291 572 422 600 ὑποκάτω
437 572 486 608 τῆς
502 573 642 608 τραπέζης
673 581 736 608 μου.
758 572 857 604 Καθὼς
874 570 920 599 οὖν

129 620 258 655 ἐποίησα,
284 618 358 646 οὕτω
378 619 426 646 καὶ
460 619 635 646 ἀνταπέδωκέ
664 627 708 654 μοι
737 619 751 646 6
776 618 888 654 Κύριος.
908 627 918 644 ι

130 666 209 693 Μετὰ
220 665 248 692 δὲ
270 665 370 692 Ἰούδαν
383 665 478 698 γέγονε
494 665 590 700 κριτὴς
622 665 748 700 Γοθονιὴλ
779 664 826 691 καὶ
853 665 922 699 μετὰ

130 711 227 737 τοῦτον
242 710 322 737 ’Δώδ.
335 710 413 737 Μετὰ.
426 709 454 736 δέ
469 718 499 743 γε
513 709 585 736 ’Δὼδ
618 710 714 744 γέγονε
748 709 844 745 κριτὴς
868 710 921 736 Σα-

133 757 223 792 μὲγαρ
239 756 286 791 ἐτη
298 756 379 788 ἑπτὰ,
391 755 514 789 πατάξας
530 755 577 782 καὶ
602 755 635 781 ἐκ
654 755 707 781 τῶν
723 754 880 789 ἀλλοφύλων
892 756 922 782 ὲν

130 802 224 838 ἡμέρᾳ
240 803 289 837 μιᾷ
300 803 328 828 ὲν
339 801 377 837 τῷ
389 801 436 828 τοῦ
453 801 570 836 ἀρότρου
582 800 642 828 ποδὶ
655 801 710 828 τῶν
729 800 797 835 βοῶν
821 800 922 836 ἄνδρας

130 847 299 880 ἑξακοσίους.
317 846 393 873 Μετὰ
405 846 535 881 Σαμέγαρ
565 845 662 880 γέγονε
690 845 786 880 κριτὴς
814 845 919 880 Βαρὰκ,

131 891 192 927 μεθ’
204 889 234 919 οὗ
246 893 294 919 καὶ
308 892 428 927 Δεὸόρρα
442 892 459 926 ὴ
476 891 622 926 προφῆτις.
635 890 694 925 Ἐφ’
709 887 746 917 ὧν
760 890 923 926 Προμηθεὺς

130 938 178 964 καὶ
215 938 331 973 Ὀρφεὺς
360 939 374 964 ὁ
401 937 475 974 Θρᾲξ
493 939 516 965 cl
540 937 691 970 σοφώτατοι
715 937 779 972 παρ’
798 937 920 973 Ἕλλησι,

131 985 180 1011 καὶ
212 985 375 1020 Ἀσκληπιὸς
398 986 412 1011 6
429 984 533 1020 ίατρὶς,
561 984 607 1011 καὶ
636 983 678 1019 [Ρ.
696 983 740 1018 541
766 983 923 1018 Λυκοῦργος

130 1030 145 1055 6
158 1029 335 1064 Σπαρτιάτης
351 1029 397 1056 καὶ
416 1029 566 1064 νομοθέτης
578 1029 632 1055 τῶν
651 1028 787 1064 Ἑλλήνων
803 1028 921 1064 ἐγνωρί-

130 1075 220 1107 {av-ro.
235 1074 312 1102 Μετὰ
329 1075 357 1102 δὲ
375 1074 469 1110 Βαράκ
483 1074 581 1109 γέγονε
597 1073 693 1110 κριτὴς
719 1068 838 1106 Γεδεὼν,
850 1075 864 1101 6
877 1075 923 1103 καὶ

137 1121 351 1156 ’1ερο6άαλ,ἔτη
368 1121 541 1156 μ’.Πατὰξας
563 1121 609 1148 τὸν
631 1121 744 1155 Μαδιὰμ
778 1121 846 1156 μετὰ
868 1120 923 1148 τῶν

129 1166 275 1201 λαψάντων
290 1167 466 1202 τριακοσίων,
484 1167 522 1198 ὡς
536 1166 685 1200 λελέξεται,
708 1167 755 1193 καὶ
785 1167 848 1199 τοὺς
872 1166 922 1202 ἄρ-

129 1221 226 1248 χοντας
237 1213 328 1239 αὐτῶν
341 1213 455 1248 ὴλόησεν
464 1214 492 1239 ἐν
503 1213 563 1244 ταῖς
574 1212 716 1244 ἀκάνθαις.
729 1212 807 1239 Μετὰ
819 1211 922 1239 Γεδεὼν

129 1261 227 1294 γέγονε
239 1259 334 1295 κριτὴς
354 1259 500 1294 Ἀῦιμέλεχ
516 1259 573 1290 υἱὸς
587 1259 669 1285 αὑτοῦ
684 1258 732 1294 ἐτη
743 1259 816 1294 τρία,
832 1258 921 1285 πατά-
940 1276 945 1279 μ

132 1305 181 1337 ξας
194 1305 222 1332 δὲ
238 1305 285 1332 καὶ
296 1307 359 1338 τοὺς
373 1306 505 1340 ἀδελφοὺς
518 1305 602 1332 αὑτοῦ
618 1305 651 1332 ἐκ
683 1304 739 1331 τῶν
771 1305 921 1340 ἐλευθέρων

130 1352 230 1386 ἄνδρας
245 1355 264 1378 o'
276 1351 323 1378 ἐπὶ
335 1351 409 1379 λίθον
423 1351 482 1385 ἕνα,
496 1352 525 1384 ἐξ
536 1348 574 1378 ὧν
593 1352 644 1377 οὐκ
675 1351 826 1386 ἀπελείφθη
852 1350 921 1386 πλὴν

137 1396 250 1423 Ἰωάθαν
267 1397 314 1423 τοῦ
329 1398 474 1432 νεωτέρου.
490 1397 539 1428 ’ος
563 1397 610 1423 καὶ
621 1397 739 1423 ἀνελθὼν
760 1397 789 1422 ὲν
811 1397 848 1431 τῷ
862 1397 921 1432 lipsi

132 1439 194 1468 εἷπε
210 1443 266 1473 τοῖς
283 1441 438 1477 Σικιμίταις
463 1441 512 1477 τὴν
527 1442 684 1478 παραδολὴν
712 1442 766 1469 τῶν
792 1442 918 1477 δένδρων,

130 1489 180 1523 τῆς
193 1497 222 1514 τε
236 1488 327 1520 ἐλαίας
342 1488 389 1515 καὶ
411 1488 458 1523 τῆς
472 1488 558 1524 συκῆς
593 1489 639 1515 καὶ
650 1489 698 1523 τῆς
723 1488 846 1524 ἀμπέλου
873 1488 920 1515 καὶ

969 252 1052 284 ιὀνίῐ,
1067 259 1080 278 a
1094 252 1218 286 reliquiis
1230 253 1351 287 gentium
1365 253 1451 280 aliena
1459 261 1515 280 rum
1528 259 1669 281 vexatum.
1683 254 1757 282 Inter

967 294 1076 329 judices
1097 303 1146 323 eos
1163 296 1268 331 primus
1286 295 1337 322 fuit
1362 296 1457 323 ordine
1474 295 1568 329 Judas,
1585 298 1632 332 qui
1655 298 1757 332 pop-ilo

971 347 1057 368 annos
1078 345 1182 375 septem
1200 340 1316 375 praefuit.
1333 339 1358 368 ls
1379 340 1599 367 Adonibezccum
1620 342 1755 369 barbaro-

971 393 1030 412 rum
1046 393 1137 421 regem
1154 387 1180 414 in
1195 394 1273 414 suam
1292 390 1455 421 potestatem
1473 387 1587 420 redegit,
1603 387 1684 422 eique
1701 396 1757 414 ma—

971 440 1056 459 nuum
1072 440 1104 459 ac
1123 432 1223 467 pedum
1248 433 1433 460 extremitates
1449 434 1584 468 praecidit.
1601 433 1669 460 Tum
1687 435 1759 462 Ado-

971 478 1136 506 nibezecus:
1155 488 1164 504 ι
1183 478 1387 514 Septuaginta,»
1403 479 1491 514 inquit
1503 480 1537 511 ’³,
1554 489 1563 504 ι
1576 487 1653 514 reges
1666 480 1757 512 habui,

971 524 1018 559 qui
1034 524 1156 559 praecisis
1171 532 1186 552 a
1204 532 1247 552 me
1260 532 1388 552 manuum
1405 529 1432 552 ct
1453 525 1553 560 pedum
1576 525 1758 552 extremitati-

971 571 1023 598 bus
1039 570 1090 598 sub
1106 578 1199 598 mensa
1214 579 1273 598 mea
1292 571 1415 598 ciborum
1435 571 1564 607 reliquias
1583 570 1758 606 colligebant.

972 617 1049 644 Sicut
1064 624 1129 651 ergo
1148 616 1212 650 feci,
1224 617 1265 644 sic
1280 617 1344 644 mihi
1363 616 1494 644 Dominus
1507 617 1645 645 retribuit.
1659 626 1668 642 ι
1688 615 1759 643 Suc-

972 661 1056 689 cessit
1075 661 1152 689 Judaa
1173 661 1329 695 Gothoniel,
1353 662 1416 690 huic
1433 663 1536 691 Aodus.
1563 663 1630 690 Post
1651 662 1758 690 Aollum

972 707 1102 742 Samegar
1119 709 1291 743 septennium
1310 708 1415 742 jndicis
1432 708 1520 736 officio
1540 708 1651 737 functus
1665 716 1718 736 es:.
1735 709 1759 736 Is

974 753 1007 781 de
1023 753 1148 780 barbaris
1163 761 1218 781 uno
1234 754 1278 780 die
1298 753 1351 781 600
1365 754 1438 782 viros
1457 755 1527 782 stiva
1543 755 1626 782 aratri
1646 755 1757 782 occidit.

974 799 1114 827 Successit
1134 799 1199 826 huic
1221 799 1352 832 Baracus,
1378 801 1483 835 collega
1504 801 1607 828 chora
1635 801 1758 829 fatidica.

975 845 1076 872 Horum
1091 849 1170 873 aetate
1191 845 1371 874 Prometheus
1388 851 1416 873 ct
1430 846 1555 881 Orpheus
1564 846 1666 880 Thrax,
1683 848 1759 875 Grae-

973 898 1067 918 corum
1084 891 1290 926 sapientissimi,
1302 892 1358 927 96
1374 896 1430 918 tum
1447 892 1622 927 Esculapius
1637 893 1760 920 medicus

973 936 1169 972 Lycurgusque
1186 937 1337 972 Spartanus
1355 937 1401 972 qui
1421 937 1523 964 Graecis
1538 938 1610 972 leges
1626 938 1759 972 condidit,

973 982 1162 1010 innotuerunt.
1179 981 1244 1009 Post
1259 981 1392 1008 Baracum
1410 981 1513 1016 judicis
1534 990 1634 1010 munus
1650 991 1697 1018 per
1711 991 1744 1010 an

973 1036 1024 1057 nos
1037 1029 1071 1056 £0
1087 1028 1173 1056 obivit
1186 1028 1307 1061 Gedeon,
1327 1028 1372 1063 qui
1387 1032 1414 1056 et
1425 1027 1587 1056 Jerubaalus
1599 1035 1758 1064 usurpatur,

972 1075 1019 1110 qui
1038 1074 1164 1102 Madiami
1181 1079 1288 1109 gentem
1305 1078 1490 1102 trecentorum
1503 1075 1636 1108 virorum,
1655 1075 1712 1110 qui,
1730 1080 1760 1102 ut

972 1121 1092 1153 dicetur.
1108 1128 1205 1156 aquam
1222 1120 1367 1159 lambendo
1387 1120 1485 1148 delecti
1502 1119 1622 1154 fuerant,
1637 1121 1759 1148 exercitu

973 1167 1061 1195 fretus
1077 1167 1157 1200 fudit,
1175 1167 1290 1202 ejusque
1304 1167 1442 1202 principes
1456 1167 1544 1202 spinis
1561 1167 1716 1194 triturantis
1731 1167 1759 1194 in

973 1222 1075 1242 morem
1090 1213 1221 1241 concidit.
1240 1213 1308 1240 lluic
1325 1213 1397 1241 filius
1409 1213 1604 1241 Abimelcehus
1626 1214 1761 1242 successit

973 1267 1004 1287 ac
1021 1259 1169 1287 triennium
1189 1259 1307 1294 praefuit.
1324 1258 1349 1287 ls
1366 1258 1466 1286 fratres
1485 1267 1562 1291 suos,
1584 1259 1686 1287 liberos
1709 1259 1759 1286 bo-

972 1305 1071 1336 mines,
1088 1311 1201 1331 numero
1218 1304 1260 1335 70,
1279 1311 1363 1339 super
1381 1311 1436 1331 uno
1450 1312 1517 1332 saxo
1533 1312 1629 1332 omnes
1646 1305 1760 1332 interfe-

972 1349 1027 1382 cit;
1059 1357 1148 1384 neque
1175 1349 1290 1376 fratrum
1317 1348 1464 1384 quisquam
1494 1349 1631 1384 superfuit
1662 1354 1761 1385 praeter

971 1403 1055 1423 unum
1077 1394 1240 1423 Joathanum
1264 1399 1330 1422 natu
1355 1394 1511 1426 minimum,
1532 1395 1580 1429 qui
1605 1402 1760 1423 conscenso

970 1445 1064 1470 monte
1078 1441 1215 1469 Sicemitis
1229 1441 1385 1476 parabolam
1402 1441 1436 1468 de
1448 1441 1595 1468 arboribus
1607 1441 1677 1472 olea,
1694 1441 1758 1473 ficu,

971 1489 1026 1516 vite
1043 1493 1070 1516 el
1083 1488 1198 1516 rhamno
1213 1487 1356 1520 narravit;
1371 1487 1450 1522 cujus
1466 1486 1566 1515 fabulae
1579 1495 1636 1515 rem
1650 1494 1681 1514 ea
1699 1495 1760 1522 quae

130 1532 181 1568 τῆς
197 1533 311 1569 ῥάμνον,
324 1532 386 1560 καθ’
409 1534 441 1569 ἣν
471 1534 519 1560 καὶ
541 1533 640 1569 συνέϐη
675 1534 776 1566 αὐτοῖς.
802 1533 855 1561 Καὶ
884 1535 915 1560 τὰ

971 1535 1038 1570 ipsis
1056 1538 1207 1563 evenerunt
1227 1533 1453 1569 comprobavere.
1479 1532 1595 1568 Reliqua
1613 1533 1646 1561 de
1658 1533 1759 1568 judici-

132 1579 215 1607 λοιπὰ
226 1580 279 1607 τῶν
289 1579 391 1615 κριτῶν
407 1579 535 1615 εὑρήσεις
550 1579 716 1615 ἔμπροσθεν.

170 1626 268 1653 ’ἰστέον
282 1625 337 1659 οὖν,
353 1626 435 1661 φησὶν
447 1625 587 1660 όάοίδιμος
597 1625 799 1660 Χρυσόστομος,
812 1625 849 1656 ὡς
863 1634 913 1652 που

129 1669 300 1705 λυσήμαντόν
312 1671 370 1697 ἐστι
384 1671 414 1697 τὸ
426 1669 511 1705 ὄνομα
520 1670 570 1705 τῆς
586 1670 754 1706 παραϐολῆς.
770 1671 847 1697 Ἐστι
863 1670 917 1706 γὰρ

131 1713 271 1748 παραϐολὴ
280 1714 388 1748 λάλημα
395 1715 442 1740 καὶ
450 1714 603 1748 ὑπόδειγμα
614 1714 661 1740 καὶ
677 1714 844 1748 ὀνειδισμὸς,
877 1714 917 1746 ὡς

130 1758 272 1791 ὄτανλέγει
290 1759 379 1785 Δαυΐδ·
392 1768 401 1785 ι
419 1758 500 1785 Ἔθου
512 1760 584 1794 ἡμᾶς
595 1761 635 1791 είς
647 1759 804 1795 παραϐολὴν
818 1761 847 1786 ὲν
862 1762 917 1792 τοῖς

131 1802 346 1839 ἔθνεσι,κίνησιν
362 1804 484 1839 κεφαλῆς
500 1805 530 1830 ὲν
542 1805 598 1836 τοῖς
608 1804 692 1836 λαοῖς.
711 1814 719 1830 ι
738 1805 849 1831 Ἔστιδὲ
865 1814 917 1832 πα-

130 1848 231 1884 ραϐολὴ
241 1849 443 1884 αίνιγματὼδης
453 1850 530 1884 λόγος
535 1850 559 1881 ,ὖ
570 1850 661 1876 πολλοὶ
674 1851 783 1884 λέγουσι
796 1852 916 1886 ζήτημα,

131 1894 256 1926 ἐκφαῖνον
285 1894 386 1928 μέντοι,
415 1895 466 1921 οὐκ
489 1895 604 1922 αὐτόθεν
637 1896 664 1922 δὲ
677 1896 785 1928 πάντως
795 1897 872 1930 δῆλον
889 1897 918 1923 ὃν

132 1939 184 1965 ιπὸ
194 1939 247 1965 τῶν
259 1940 398 1975 ῥημάτων,
415 1941 472 1967 ἀλλ’
490 1940 551 1976 ἕχον
562 1941 636 1973 ἐντὸς
651 1943 846 1978 κεκρυμμένην
858 1944 919 1971 διάη

132 1993 215 2020 νοιαν,
226 1985 262 2017 ὡς
275 1986 338 2013 ὅταν
353 1986 367 2012 6
377 1986 496 2022 Σαμψὼν
504 1987 596 2022 ἔλεγεν
606 1995 612 2003 ·
629 1997 638 2013 ι
658 1988 784 2022 Ἐξῆλθεν
792 1989 847 2016 ἀπὸ
856 1990 918 2016 στό-

131 2039 213 2066 ματος
223 2031 345 2064 ἔσθοντος
355 2031 453 2067 βρῶσις
473 2033 520 2059 καὶ
533 2033 586 2060 ἀπὸ
601 2033 710 2069 ισχυροῦ
725 2034 821 2069 γλυκύ.
839 2044 847 2061 I
865 2036 918 2063 Καὶ

129 2075 253 2110 Σολομὼν
263 2075 324 2111 ἔφη·
345 2085 354 2102 ι
365 2077 432 2104 Τότε
438 2078 544 2113 νοήσεις
553 2079 708 2114 παραϐολὴν
723 2080 768 2106 καὶ
782 2082 918 2109 σκοτεινὸν

129 2121 232 2156 λόγον.»
250 2122 364 2156 Λέγεται
379 2123 407 2149 δὲ
425 2124 566 2160 παραϐολὴ
580 2125 625 2151 καὶ
636 2126 773 2160 ὁμοίωσις.
789 2137 798 2153 ι
816 2128 918 2163 ’Ἄλλην

129 2167 192 2203 γὰρ,
201 2177 236 2202 φη
242 2169 264 2193 <1"-
271 2188 278 2200 ,
286 2169 443 2204 παραὸολὴν
452 2170 607 2206 παρέθηκεν
615 2172 705 2204 αὐτοῖς
711 2173 808 2207 λέγων·
817 2174 914 2210 Ὀμοία

972 1581 1035 1612 bus,
1049 1580 1077 1608 in
1095 1588 1242 1615 progressu
1260 1579 1392 1608 invenies.

1007 1626 1092 1653 Porro
1111 1626 1252 1654 sciendum
1270 1629 1322 1657 est,
1340 1626 1378 1653 ait
1398 1625 1514 1654 celebris
1530 1625 1575 1653 ille
1591 1625 1759 1661 Chrysoste-

973 1679 1042 1705 mus,
1060 1672 1198 1707 parabolae
1216 1672 1351 1700 vocabulo
1373 1672 1466 1707 plures
1482 1680 1526 1700 res
1540 1672 1674 1700 denotari.
1691 1672 1758 1698 Nam

972 1722 998 1745 et
1010 1725 1163 1745 sermonem
1181 1718 1317 1753 significat
1331 1724 1356 1745 et
1368 1718 1521 1752 exemplum
1532 1722 1558 1745 et
1569 1718 1759 1753 opprobrium,

973 1767 1069 1791 utcum
1079 1764 1162 1792 David
1174 1763 1376 1791 ait":d“ecisti
1390 1771 1440 1791 nos
1452 1764 1608 1798 parabolam
1621 1763 1759 1798 gentibus,

973 1813 1002 1836 ut
1016 1809 1108 1844 populi
1128 1810 1220 1844 capita
1243 1814 1370 1837 moveant
1387 1810 1467 1838 nobis
1490 1810 1569 1837 visis.
1588 1819 1596 1835 ι
1615 1809 1662 1837 Est
1677 1810 1759 1836 etiam

973 1855 1101 1890 parabola
1115 1855 1204 1882 oratio
1219 1862 1273 1890 qua
1298 1855 1400 1889 aliquid
1415 1863 1462 1889 per
1477 1855 1605 1889 ambages
1626 1855 1760 1887 innuitur,

973 1900 1045 1935 quod
1061 1908 1145 1934 genus
1168 1901 1245 1927 multi
1262 1900 1441 1933 quaestionem
1456 1901 1614 1935 appellant;
1626 1908 1687 1928 cum
1699 1909 1761 1928 ver—

972 1947 998 1974 bi
1016 1946 1105 1982 gratia
1133 1945 1304 1980 signiﬁcatur
1325 1945 1437 1980 aliquid,
1450 1953 1503 1973 non
1520 1946 1610 1972 statim
1627 1949 1716 1972 autem
1728 1952 1759 1972 ex

973 1992 1063 2020 verbis
1088 1992 1200 2019 evidens
1221 1995 1273 2023 cst,
1299 1992 1346 2019 sed
1372 1991 1446 2018 intus
1472 1991 1645 2019 reconditum
1679 1990 1760 2018 habet

973 2046 1096 2066 sensum.
1115 2037 1150 2066 Ut
1161 2045 1223 2065 cum
1235 2037 1349 2064 SamSnn
1364 2037 1466 2064 dixit“
1481 2046 1487 2064 :
1508 2047 1516 2063 ι
1536 2038 1575 2064 Ah
1588 2045 1635 2064 ore
1650 2037 1759 2063 voracis

971 2084 1050 2111 cibus
1065 2083 1131 2110 exiit
1149 2087 1176 2110 et
1187 2082 1301 2109 dulcedo
1310 2090 1325 2109 a
1335 2082 1450 2109 valido.»
1463 2081 1500 2109 De
1509 2082 1603 2109 eodem
1619 2082 1674 2108 hac
1683 2081 1761 2108 Solo-

972 2127 1061 2155 m0nis
1071 2131 1135 2154 aunt
1144 2126 1225 2153 verba
1235 2127 1257 2142 “
1270 2134 1277 2152 :
1293 2135 1302 2151 (
1315 2126 1392 2153 Tunc
1405 2126 1561 2160 parobolam
1580 2126 1715 2160 intelliges
1733 2129 1760 2153 et

971 2174 1119 2201 obscurum
1129 2179 1294 2199 sermonem.
1310 2181 1319 2198 ι
1332 2172 1532 2200 Diciturautem
1542 2172 1668 2205 parabole
1676 2172 1757 2198 etiam

129 2213 201 2239 ἐστὶν
214 2214 229 2248 ἡ
241 2213 362 2247 βασιλεία
373 2215 426 2240 τῶν
436 2215 556 2250 οὐρανῶν
565 2216 702 2252 ἀνθρώπῳ
713 2218 851 2254 σπείροντι
861 2229 912 2247 κα-

971 2219 1125 2248 similitudo.
1142 2217 1218 2246 Unde
1233 2218 1289 2253 97
1305 2218 1362 2246 haec
1382 2228 1392 2244 ‹
1405 2218 1493 2245 Aliam
1509 2225 1590 2253 porro
1607 2217 1647 2245 eis
1678 2224 1759 2251 para-

129 2258 172 2286 λδν
187 2260 298 2294 σπέρμα
311 2261 340 2286 ἐν
352 2260 390 2294 τῷ
403 2261 481 2296 ἀγρῷ
496 2262 590 2289 αὐτοῦ.
604 2272 612 2288 ι
630 2263 685 2290 Καὶ
695 2264 919 2301 παραδολὴλέγε-

128 2313 170 2330 ται
188 2305 202 2340 ἡ
215 2305 389 2340 τροπολογία,
400 2303 455 2333 οἶόν
470 2308 527 2333 ἐστι
544 2308 586 2341 τὸ,
599 2318 608 2334 ‹
623 2309 670 2335 Υίὲ
678 2309 832 2345 ἀνθρώπου,
841 2311 918 2340 εἷπον

129 2351 217 2382 αὐτοῖς
226 2351 275 2386 τὴν
292 2352 449 2387 παραϐολὴν
462 2353 573 2388 ταύτην,
597 2355 625 2381 '0
639 2355 716 2388 ἀετὸς
725 2358 738 2383 6
750 2358 917 2391 μεγαλοπτέ-

129 2405 220 2432 ρυγος·
242 2407 250 2423 ι
269 2399 347 2425 ἀετὸν
361 2399 448 2434 λέγων
464 2401 510 2428 τὸν
527 2401 650 2436 βασιλέα.
667 2403 815 2440 Παραϐολὴ
838 2405 916 2438 λέγε-

127 2449 169 2468 ται
188 2442 234 2468 καὶ
249 2443 356 2475 ὀτύπος
367 2445 441 2480 καὶὴ
457 2446 552 2477 εἰκὼν,
566 2446 606 2478 ὡς
625 2448 672 2474 καὶ
691 2449 705 2474 6
724 2448 810 2484 μέγας
838 2449 913 2476 Παῦ-

127 2486 169 2518 λος
180 2487 242 2522 ἔφη·
259 2497 268 2514 ι
284 2488 376 2515 Πίστει
390 2491 587 2526 προσενήνοχεν
597 2493 611 2518 6
626 2492 751 2528 Ἀϐραὰμ
765 2493 810 2520 τὸν
820 2494 913 2521 Ἰσαὰκ

127 2533 334 2568 πειραζόμενος,
353 2535 398 2560 καὶ
416 2535 463 2561 τὸν
475 2537 606 2572 μονογενῆ
633 2538 803 2573 προσέφερεν
825 2539 839 2565 6
863 2539 911 2572 τὰς

125 2579 290 2613 ἐπαγγελίας
317 2580 475 2616 δεξάμενος.
507 2582 590 2610 Ὅθεν
628 2585 675 2611 καὶ
703 2585 732 2611 ἐν
772 2585 912 2621 παραϐολῇ

125 2625 218 2651 τοῦτον
258 2626 418 2660 ἐκομίσατο,
447 2636 456 2653 ι
488 2629 627 2655 τουτέστιν
653 2631 682 2656 ὲν
699 2631 778 2666 τύπῳ
802 2632 850 2658 καὶ
868 2633 909 2658 εί-

125 2670 190 2697 κθίνι.
231 2671 285 2698 Καὶ
317 2673 458 2708 παραϐολή
492 2674 551 2701 ἐστι
580 2675 659 2709 λόγος
681 2676 864 2711 παραϐάλλων
876 2678 910 2704 τὰ

126 2717 204 2751 νοητᾶ
230 2718 285 2748 τοῖς
302 2719 458 2752 αἰσθητοῖς,
484 2721 530 2746 καὶ
552 2721 694 2756 παριστῶν
716 2723 748 2748 ἐκ
767 2723 821 2749 τῶν
830 2724 910 2758 ἐγκο-

127 2762 209 2795 σμίων
239 2763 286 2790 καὶ
312 2765 418 2799 ὁρατῶν
446 2766 480 2792 τὰ
510 2767 686 2803 ὑπερκόσμια
714 2769 760 2796 καὶ
792 2769 906 2805 ἀόρατα.

159 2819 179 2834 ¹⁹
190 2818 277 2846 .lndic.
295 2829 313 2850 ι,
327 2821 351 2847 7.

127 2854 147 2873 ²¹
167 2854 246 2881 Hebr.
268 2863 304 2886 XI,
324 2856 362 2882 i7.

391 2823 413 2838 "
427 2822 585 2856 Psal.xt.m,
606 2825 648 2852 15.
687 2825 808 2853 "Judic.
823 2826 934 2857 sua”.

969 2266 1059 2294 bolam
1083 2265 1235 2300 proposuit,
1258 2264 1294 2291 ita
1312 2264 1407 2292 dicens
1420 2264 1444 2281 "
1463 2272 1470 2292 :
1488 2263 1611 2298 Regnum
1624 2262 1757 2289 caelorum

968 2313 1058 2340 simile
1070 2315 1112 2340 est
1127 2311 1230 2338 homini
1249 2310 1323 2338 bono
1338 2310 1442 2339 semine
1454 2317 1547 2344 agrum
1565 2316 1644 2337 suum
1659 2315 1758 2335 conse-

968 2358 1051 2386 renti.
1070 2367 1080 2383 ι
1099 2357 1264 2391 ’fropologia
1275 2356 1370 2388 etiam,
1389 2363 1452 2383 cum
1467 2355 1561 2382 verbis
1576 2353 1650 2381 aliud
1672 2353 1757 2388 signi-

969 2403 1113 2430 ficantibus
1136 2410 1180 2430 res
1202 2401 1376 2436 exprimitur,
1399 2400 1539 2436 parabolae
1557 2408 1655 2427 nomen
1675 2401 1755 2435 gerit.

967 2447 1003 2476 Ut
1019 2449 1062 2476 hic
1071 2449 1112 2476 ’δε
1133 2458 1142 2474 ι
1165 2447 1355 2478 Filihominis,
1370 2446 1415 2474 die
1426 2446 1468 2474 eis
1483 2445 1553 2472 hanc
1573 2445 1729 2479 parabolam
1747 2454 1755 2474 :

966 2494 1064 2529 Aquila
1090 2494 1195 2528 magnis
1216 2493 1277 2526 alis,
1295 2502 1304 2518 ι
1321 2495 1375 2520 etc.
1398 2491 1503 2527 Aquilae
1529 2490 1640 2518 nomine
1664 2499 1754 2526 regem

967 2546 1054 2568 notat.
1076 2541 1167 2576 Imago
1189 2539 1269 2567 etiam
1290 2547 1338 2567 seu
1355 2538 1494 2573 exemplar
1511 2537 1650 2572 parabohe
1672 2545 1756 2564 voca-

966 2586 1029 2613 bulo
1053 2585 1200 2617 indicatur,
1223 2587 1253 2611 ut
1267 2591 1330 2610 cum
1353 2583 1386 2610 Ι).
1399 2582 1500 2610 Paulus
1514 2582 1634 2610 dicit":
1658 2591 1668 2608 ι
1689 2582 1756 2610 Fide

966 2630 1089 2659 lsaacum
1110 2634 1231 2657 tentatus
1253 2629 1426 2657 Abrahamus
1453 2628 1562 2661 obtulit,
1582 2627 1754 2663 unigenitum

964 2684 1057 2708 suum,
1069 2680 1180 2711 accepta
1190 2676 1248 2710 jam
1266 2675 1450 2710 promissione
1463 2683 1470 2708 ;
1489 2675 1561 2702 unde
1573 2677 1600 2702 et
1613 2682 1661 2709 per
1674 2680 1754 2709 para-

965 2723 1052 2750 holam
1067 2730 1128 2750 eum
1145 2722 1216 2754 tulit,
1229 2731 1238 2748 ν
1254 2722 1279 2749 id
1297 2726 1350 2754 cst,
1367 2726 1395 2748 ul
1407 2721 1551 2756 imaginem
1564 2724 1590 2746 et
1603 2719 1751 2753 exemplar.

965 2768 1013 2796 Est
1025 2768 1106 2795 etiam
1129 2768 1258 2804 parabola
1279 2768 1369 2795 oratio
1382 2775 1443 2802 quae
1464 2770 1554 2794 tuente
1574 2763 1748 2800 pcrcipirnda

972 2828 992 2843 "
1009 2826 1138 2854 Proverb.
1156 2835 1174 2856 ι,
1187 2826 1215 2854 6.
1253 2827 1275 2842 ’⁸
1288 2825 1383 2854 Matth.
1400 2833 1459 2857 sui,
1498 2824 1521 2839 ’⁸
1534 2822 1706 2854 Ezccli.xvu,
1720 2820 1746 2849 5-
