2007 3156
217 164 269 198 1‘23

846 165 1008 195 GEORGII
1030 166 1198 197 CEDRENI

1802 162 1856 195 124

217 224 406 250 Amoraeorum
422 227 450 251 et
467 222 524 258 Ogo
540 222 652 250 Basanis
669 223 777 257 regibus
789 222 930 257 percussis
950 230 1010 250 om-

1073 224 1110 258 ζτη
1127 226 1171 258 ρι’.
1184 223 1237 250 Kal
1250 224 1263 249 ὁ
1274 222 1323 258 μὲν
1337 223 1459 256 Μωυσης
1470 222 1592 254 πατάξας
1602 222 1646 248 τὸν
1656 222 1733 257 Σηὼν
1745 221 1858 258 βασιλέα

215 277 279 296 nem
294 276 390 297 eorum
419 270 548 297 ditionem
570 269 726 305 subegerat.
749 268 799 296 llic
816 268 891 304 Ogus
913 268 947 297 de
964 268 1007 304 gi-

218 316 348 349 gantibus
381 315 471 343 fuerat
491 315 615 346 relictus,
644 315 672 342 in
706 314 859 350 Raphainis
881 314 1009 342 habitans

217 361 368 394 Astarothi,
391 368 476 396 genus
490 368 505 387 a
520 360 672 396 Raphainis
687 361 808 394 ducens;
823 361 904 397 cuius
922 362 1010 388 culci-

217 411 262 434 tra
277 407 327 434 fuit
346 407 442 439 ferrea,
458 415 556 434 novem
573 408 654 442 longa
671 408 790 440 eubitos,
806 412 926 443 quatuor
943 407 1010 435 lata.

218 452 300 480 losua
311 460 385 485 vero,
395 452 570 486 Chananteis,
580 453 744 485 Pherelaais,
757 453 919 489 Gergesaais,
931 454 1013 480 Chet-

218 504 288 532 tuus,
300 499 440 532 lebusaais,
455 500 588 528 Amoraeis
605 504 633 528 et
656 500 744 528 Evaeis
765 500 891 533 domitis,
912 507 944 527 ac
962 499 1012 527 tri-

217 545 291 580 ginta
322 545 432 574 duobus
457 554 554 574 eorum
582 547 704 582 regibus,
732 547 889 574 universam
916 554 1011 574 eorum

217 594 319 617 terram
334 591 466 619 lsraelico
485 593 586 627 populo
607 593 730 620 tradidit.
751 592 820 620 Cum
848 596 950 625 autem,
970 592 1013 618 in-

217 637 278 672 quit
292 638 328 670 ”,
347 637 477 666 lsraelico
489 639 590 674 populo
606 643 680 674 terga
695 639 882 671 obverterent,
899 638 1014 674 grandi-

215 683 261 711 nis
276 684 381 718 lapides
391 685 500 713 etelitus
515 685 541 712 in
555 686 628 720 ipsos
643 685 795 720 ejaeulatus
809 689 851 713 est
868 685 1010 718 Dominus,

216 730 367 765 pluresque
383 731 417 759 iis
434 739 516 767 quam
529 732 619 767 gladio
631 731 824 760 lsraelicorum
841 732 911 759 duce
925 731 1010 759 Josua

217 775 304 802 oecisi
318 780 394 804 sunt.

1060 270 1115 296 τῶν
1131 269 1286 304 Ἀμοραίων
1303 269 1350 295 καὶ
1378 268 1423 295 τὸν
1443 268 1491 294 Ὧν
1511 268 1623 303 βασιλέα
1638 267 1687 303 τῆς
1703 267 1805 298 Βισὰν,
1828 268 1858 300 ὃς

1064 316 1214 351 ὑπελείφθη
1227 317 1259 342 ἐκ
1275 315 1329 342 τῶν
1342 315 1488 349 γιγάντων,
1505 314 1641 341 κατοικῶν
1652 315 1680 340 ἐν
1691 314 1730 349 τῷ
1742 314 1859 349 Ῥαφαῗν

1062 363 1092 389 ὲν
1112 362 1264 397 Ἀσταρὼθ,
1290 362 1423 396 ἀπόγονον
1441 361 1505 388 ὄντα
1521 361 1568 387 τοῦ
1586 359 1711 394 Ῥαφατν,
1728 357 1758 388 οὗ
1775 362 1822 388 καὶ
1840 363 1857 397 ή

1065 407 1145 442 κλίνη
1168 408 1277 443 σιδηρᾶ,
1300 407 1330 433 τὺ
1349 406 1438 441 μῆκος
1469 405 1569 440 ἔχουσα
1584 406 1682 441 πήχεις
1711 406 1801 439 ἐννέα,
1828 407 1861 433 τὸ

1063 454 1165 485 πλάτος
1177 453 1328 488 τέσσαρας,
1347 452 1475 487 ἀφείλετο
1488 452 1580 478 πᾶσαν
1604 451 1652 487 τὴν
1681 451 1734 486 γῆν
1758 451 1860 480 αὐτῶν.

1070 500 1100 526 '0
1112 499 1140 526 δὲ
1159 499 1267 534 Ἰησοῦς
1279 498 1484 534 χειρωσάμενος
1497 498 1588 524 πᾶσαν
1600 497 1649 532 τὴν
1683 497 1737 532 γῆν
1769 497 1861 524 αὐτῶν

1065 546 1111 572 καὶ
1125 545 1187 576 τοὺς
1200 544 1372 575 Χαναναίους
1385 544 1432 570 καὶ
1440 543 1605 579 Φερεζαίους
1619 543 1666 571 καὶ
1679 543 1862 578 Γεργεσαίους

1065 592 1113 618 καὶ
1128 591 1276 622 Χετταίους
1285 590 1333 617 καὶ
1346 589 1527 621 Ἰεϐουσαίους
1545 589 1594 616 καὶ
1618 590 1780 625 Ἀμοραίους
1812 590 1862 617 καὶ

1066 637 1181 669 Εὑαίους
1196 638 1243 664 καὶ
1259 637 1364 668 πάντας
1381 637 1472 663 αὐτῶν
1490 637 1552 667 τοὺς
1565 636 1696 672 βασιλεῖς,
1713 637 1794 668 ὖντας
1813 637 1861 663 τδν

1067 684 1185 719 ἀριθμὸν
1198 682 1406 718 τριακονταδύο,
1419 683 1514 709 πᾶσαν
1529 682 1579 718 τὴν
1594 684 1646 718 γῆν
1661 683 1750 709 αὐτῶν
1759 683 1861 710 δέδωκε

1066 732 1121 761 τοῖς
1136 731 1203 760 υἱοῖς
1218 729 1338 764 Ἰσραήλ.
1353 729 1399 756 Ἐν
1414 729 1442 755 δὲ
1458 729 1496 764 τῷ
1512 731 1626 764 φεύγειν
1641 730 1751 760 αὐτοὺς.
1763 730 1858 764 φηςἰν,

1065 777 1118 803 ἀπὸ
1132 775 1278 811 προσώπου
1293 775 1349 802 τῶν
1367 775 1432 802 υἱῶν
1449 775 1561 810 Ἰσραὴλ
1583 777 1629 802 καὶ
1655 776 1758 810 Κύριος
1779 776 1863 811 ἐςτέρ-

218 822 298 856 ριψεν
321 823 413 855 αὐτοῖς
426 823 518 856 λίθους
532 823 654 859 χαλάζης
684 824 717 851 ὲκ
743 824 790 851 τοῦ
818 823 946 860 οὐρανοῦ,
976 823 1023 850 καὶ
1043 823 1169 857 ἐγένοντο
1186 823 1296 854 πλείους
1309 824 1334 849 οἰ
1359 821 1542 854 ἀποθανόντες
1553 822 1598 849 διὰ
1609 823 1671 854 τοὺς
1693 823 1784 853 λίθους
1811 819 1864 857 τῆς

217 867 367 905 χαλάζηςῆ
388 869 434 901 οὓς
449 869 614 897 ἀπέκτειναν
643 871 667 896 ot
683 869 737 896 υἱοὶ
769 869 878 905 Ἰσραὴλ
924 869 1050 906 μαχαίρᾳ
1072 870 1292 906 στρατηγοῦντος
1319 869 1420 904 Ἰησοῦ.

252 915 308 952 94
324 915 423 943 Verum
446 917 586 944 enimvero
606 924 722 952 magnus
736 918 788 945 iste
803 917 898 951 Josua,
914 922 941 945 et
963 918 1009 953 qui

1086 920 1121 946 "0
1137 928 1168 953 γε
1178 919 1231 955 μὴν
1240 919 1327 953 μέγας
1339 918 1386 945 καὶ
1395 927 1423 944 τε
1429 917 1579 953 ρατουργὺς
1596 917 1642 944 καὶ
1652 917 1779 951 θεοφιλὴς
1790 917 1861 943 πάνυ

218 963 350 990 miracula
359 962 441 989 etiam
457 962 564 990 edendo
578 971 608 991 se
621 963 675 990 Deo
688 971 783 990 carum
798 964 1011 996 demonstraret.

219 1015 274 1036 non
302 1013 392 1035 tamen
415 1007 520 1036 doloris
542 1009 734 1044 variarumque
754 1009 804 1036 fuit
831 1009 1013 1037 lentationum

219 1062 329 1089 expers.
343 1054 380 1082 De
395 1062 452 1089 quo
464 1055 546 1083 etiam
562 1055 619 1083 hzcc
636 1055 728 1083 divina
740 1056 895 1090 eloquentia
915 1055 1015 1083 nobilis

219 1101 433 1137 Chrysostomus
456 1101 532 1129 dicit.
553 1101 706 1129 Considera
733 1102 800 1129 mihi
828 1101 895 1137 quid
917 1102 957 1129 rei
980 1101 1016 1129 sit

217 1148 311 1183 justus
329 1149 421 1175 homo.
443 1148 531 1176 Jussit
561 1148 643 1176 Josua
661 1149 736 1176 Nave
754 1149 825 1175 filius
841 1149 926 1176 solem
947 1148 1015 1176 sub-

220 1195 406 1230 sisterejuxta
419 1195 542 1223 Gabaoth
554 1195 703 1230 lunamque
719 1194 751 1222 ad
770 1194 866 1221 vallem
882 1194 1015 1225 Eloman;

220 1245 304 1276 atque
324 1241 359 1268 ita
375 1241 477 1268 factum
501 1245 553 1268 est.
573 1241 611 1267 ita
635 1241 707 1268 enim
723 1245 765 1267 est
778 1240 931 1272 scriptum:
949 1248 957 1264 ι
979 1241 1016 1265 Ac

219 1287 346 1314 substitit
365 1287 408 1315 sol
425 1287 453 1314 in
476 1286 567 1314 medio
586 1285 649 1314 coeli
667 1293 757 1321 usque
774 1285 809 1312 ad
833 1285 915 1311 tinem
934 1285 1016 1311 unius

219 1331 283 1359 diei.
298 1331 424 1365 Quantus
453 1331 512 1359 dies
545 1339 633 1366 neque
651 1334 714 1358 ante
735 1330 785 1357 fuit
810 1337 898 1364 neque
910 1333 1015 1364 postea.

220 1378 257 1405 ita
277 1382 335 1404 tum
353 1378 425 1405 Deus
441 1377 546 1404 homini
568 1377 769 1411 obtemperavit
781 1376 814 1403 ¹⁶.
834 1385 843 1402 ›
860 1376 917 1403 Iloe
934 1375 1017 1403 Musis

221 1423 294 1451 facta
313 1427 435 1458 superat.
457 1422 492 1449 At
508 1423 583 1450 enim
611 1430 728 1458 magnus
745 1422 797 1450 iste
817 1426 899 1457 atque
919 1421 1017 1449 mirifi-

221 1478 272 1497 cus
285 1475 312 1497 et
331 1469 502 1496 admirabilis
520 1468 604 1496 Musis
628 1476 786 1502 successor,
813 1469 936 1496 omnium
957 1475 1017 1503 qua:

221 1517 267 1545 isti
275 1516 389 1544 molesta
401 1516 554 1550 acerbaque
561 1521 718 1548 evenerant,
729 1520 834 1551 partem
843 1515 901 1550 ipse
909 1522 1018 1550 queque

222 1563 318 1591 sensit.
345 1561 407 1590 Non
434 1563 507 1594 enim
527 1562 608 1590 modo
630 1562 739 1590 vivente
761 1560 912 1589 etiamnum
944 1561 1019 1588 Mose

1066 962 1144 996 οὗτος
1160 965 1332 999 ἀναδειχῦεὶς
1345 965 1396 990 οὐκ
1411 964 1526 999 ἄμοιρος
1537 963 1625 997 λύπης
1637 962 1685 988 καὶ
1699 963 1862 995 πειρασμῶν

1066 1011 1204 1046 διαςςόρων
1220 1011 1339 1044 ἐγένετο.
1358 1010 1426 1045 Περὶ
1444 1007 1474 1036 οὗ
1500 1009 1547 1036 καὶ
1571 1010 1585 1035 ὁ
1611 1008 1773 1042 θεορῤήμων
1790 1008 1863 1042 Χρυ-

1067 1057 1199 1091 σόπομος
1209 1056 1270 1090 ἔφη·
1280 1065 1288 1080 ι
1301 1056 1443 1090 Ἐννόησον
1453 1057 1515 1082 ὅσον
1525 1055 1584 1082 ἐστὶ
1594 1055 1697 1084 δίκαιος
1708 1052 1755 1081 ἄνθ
1761 1062 1862 1088 ρωπος.

1066 1099 1149 1128 Εἶπεν
1160 1102 1264 1136 Ἰησοῦς
1275 1101 1323 1127 τοῦ
1337 1101 1414 1135 Ναυῆ
1426 1109 1433 1116 ·
1449 1101 1543 1136 Στήτω
1555 1102 1568 1127 ὀ
1579 1101 1655 1136 ἥλιος
1667 1100 1737 1126 κατὰ
1748 1099 1864 1126 Faustus

1068 1148 1115 1174 καὶ
1131 1148 1147 1182 ἡ
1165 1147 1263 1181 σελήνη
1287 1147 1359 1173 κατὰ
1387 1149 1517 1182 φάραγγα
1533 1146 1641 1181 Ἐλώμ·
1667 1147 1713 1172 καὶ
1734 1146 1843 1179 ἐγένετο
1855 1154 1863 1162 ⁵

1068 1194 1134 1228 φησὶ
1144 1193 1197 1227 γάρ
1217 1199 1225 1207 ”
1245 1202 1254 1218 ‹
1271 1193 1325 1219 Καὶ
1344 1192 1408 1226 ἔστη
1427 1193 1523 1228 ὁῆλιος
1536 1193 1605 1220 κατὰ
1624 1193 1704 1228 μέσον
1719 1193 1765 1219 τοῦ
1781 1194 1864 1227 οὐρα-

1068 1240 1114 1266 νοῦ
1129 1240 1169 1270 εἰς
1189 1239 1264 1271 τέλος
1280 1240 1388 1275 ἡμέρας
1411 1241 1486 1274 μιᾶς,
1509 1239 1608 1275 [P.55]
1621 1240 1667 1266 καὶ
1693 1239 1742 1265 οὐκ
1757 1239 1866 1273 ἐγένετο

1069 1287 1159 1322 ἡμέρα
1173 1287 1284 1322 τοιαύτη
1297 1287 1430 1321 πρότερον
1446 1287 1493 1313 καὶ
1515 1286 1681 1322 ἔμπροσθεν,
1699 1286 1769 1312 ὥστε
1807 1287 1862 1312 ὑπο

1068 1333 1184 1359 ακοῦται
1202 1333 1268 1360 Θεὸν
1283 1332 1438 1368 ἀνθρώπου.
1457 1343 1465 1358 ι
1484 1333 1570 1359 Τοῦτο
1578 1332 1625 1359 τοῦ
1644 1333 1785 1364 Μωῦσέως
1806 1333 1865 1368 μεῖ-

1069 1375 1124 1412 ζον.
1149 1380 1230 1407 Ἀλλά
1243 1388 1276 1414 γε
1291 1380 1323 1415 δὴ
1336 1380 1383 1406 καὶ
1414 1376 1491 1411 οὗτος
1502 1380 1515 1406 ὁ
1531 1380 1688 1414 θαυμαστὸς
1716 1380 1764 1406 καὶ
1779 1380 1868 1414 μέγας

1073 1427 1120 1454 καὶ
1135 1427 1334 1462 τερατουργδς,
1358 1426 1554 1462 διαδεξάμενος
1582 1429 1628 1453 τὸν
1652 1427 1785 1460 Mutat-iw,
1811 1436 1870 1453 συν-

1069 1474 1227 1508 απήλαυσεν
1237 1473 1312 1509 αὐτῷ
1323 1473 1442 1506 πάντων,
1455 1473 1490 1504 ὡς
1498 1473 1560 1504 ἔπος
1570 1473 1670 1506 εἰπεῖν,
1678 1473 1730 1499 τῶν
1737 1473 1868 1507 ἀνιαρῶν.

1071 1520 1109 1546 Οὐ
1124 1520 1178 1554 γὰρ
1195 1519 1235 1545 ἔτι
1251 1519 1332 1553 μόνον
1347 1519 1392 1545 ὅτε
1404 1518 1452 1553 ἔζη
1473 1519 1607 1553 Μωῦσῆς,
1623 1518 1658 1544 τὰ
1684 1519 1782 1552 ἱμάτια
1796 1518 1870 1554 arte.

1074 1566 1139 1601 ρηξε
1160 1566 1207 1592 καὶ
1231 1565 1329 1591 σποδὸν
1341 1565 1531 1596 κατεπάσατο,
1545 1564 1615 1590 ἀλλὰ
1629 1564 1676 1591 καὶ
1691 1564 1872 1600 τελευτήσαν-

221 1614 326 1636 vestem
348 1608 480 1635 laceravit
506 1615 583 1635 suam
605 1615 689 1643 seque
708 1608 802 1635 cinere
818 1607 1017 1642 conspersit",

1073 1600 1117 1644 τος
1134 1611 1214 1638 πάλιν
1229 1612 1270 1643 εἰς
1286 1611 1402 1646 μείζονα
1419 1611 1522 1645 ταύτης
1545 1611 1665 1646 κατέστη
1689 1611 1813 1646 ἀνάγκην
1834 1610 1870 1638 δι’

224 1654 272 1682 sed
288 1662 321 1682 eo
334 1654 466 1682 defuncto
487 1654 515 1680 in
540 1654 639 1689 majori
665 1661 762 1682 rursus
785 1654 954 1681 constitutus
971 1654 1020 1680 fuit

223 1701 443 1733 necessitudine,
457 1708 561 1735 pronus
578 1700 653 1727 humi
673 1703 760 1728 totum
777 1700 849 1728 diem
867 1704 1022 1735 prostratus

225 1747 262 1775 ob
286 1747 391 1774 Achani
414 1751 556 1782 peccatum
579 1747 728 1781 populique
752 1746 868 1774 cladem.
887 1746 933 1774 Sic
948 1747 1022 1774 enim

225 1794 310 1822 habet
324 1794 467 1829 Scriptura
478 1794 511 1826 ”,
524 1804 532 1819 ι
547 1794 579 1821 Ει
595 1794 725 1821 laceravit
740 1793 824 1821 Josua
841 1797 932 1821 vestes
946 1801 1021 1825 suas,

225 1848 310 1875 seque
329 1848 422 1868 coram
441 1840 557 1867 Domino
571 1840 596 1866 in
618 1839 718 1866 faciem
737 1839 871 1874 postravit
890 1847 976 1875 usque
989 1839 1022 1866 ad

224 1893 379 1921 vesperam.
397 1893 517 1920 cumque
531 1884 592 1920 ipso
605 1885 729 1912 seniores
747 1885 851 1919 populi,
870 1885 1025 1920 pulverem-

225 1940 278 1966 que
297 1932 434 1966 capitibus
460 1931 518 1959 suis
547 1931 733 1965 ingesserunt.
758 1931 886 1966 Dixitque
912 1930 1022 1959 Josua:

226 1977 361 2009 Obsecro,
376 1977 501 2010 Domine,
519 1985 570 2004 cur
584 1977 704 2004 lautulus
722 1982 786 2004 tuus
801 1978 932 2012 populum
948 1978 1023 2005 hunc

227 2029 305 2052 trans
322 2024 470 2051 Jnrdancm
489 2023 584 2050 duxit?
603 2031 637 2050 an
652 2028 679 2050 nt
695 2031 758 2050 cum
774 2023 909 2051 Aurormis
929 2024 1024 2055 delen-

228 2071 294 2098 dum
312 2070 546 2106 praeberenquid
563 2070 636 2097 enim
652 2069 756 2101 dicam,
775 2075 921 2104 postquam
939 2069 1027 2098 Israe-

229 2117 301 2144 licus
332 2116 452 2151 populus
486 2119 563 2148 terga
591 2115 662 2142 hosti
696 2115 797 2142 vertit?
824 2114 946 2142 Audierit
974 2115 1026 2143 hoc

229 2162 378 2192 Chananaai
396 2170 430 2189 ac
455 2161 556 2196 reliqui
583 2165 662 2188 terrm
684 2159 767 2196 hujus
789 2161 894 2194 incolae,
922 2169 1027 2197 nosque

231 2209 451 2244 circumcingent
466 2212 493 2235 et
512 2207 685 2235 exscindent.
708 2217 717 2233 ›
738 2207 855 2235 Videsne
881 2208 954 2235 hunc
971 2217 1025 2235 non

230 2256 332 2284 minori
346 2263 429 2291 quam
447 2254 550 2282 Mosem
568 2254 655 2282 fuisse
670 2254 697 2281 in
714 2254 851 2282 anxietate
869 2259 952 2290 atquc
971 2255 1025 2291 95

229 2302 454 2338 perturbatione;
472 2308 525 2336 qua
541 2301 686 2336 probabile
700 2305 741 2329 est
754 2309 815 2329 eum
831 2309 864 2329 eo
880 2301 967 2330 fuisse
981 2310 1025 2330 re-

231 2350 342 2377 dactum
362 2353 389 2376 ut
407 2349 466 2384 ipse
478 2356 588 2384 quoque
602 2349 685 2375 vitam
700 2353 905 2383 aspernaretur.
923 2348 1026 2383 Super-

230 2398 314 2425 sedeo
335 2396 490 2424 referendis
507 2399 547 2423 tot
560 2396 649 2428 bellis,
665 2396 765 2431 pugnis
780 2403 812 2423 ac
828 2396 1026 2424 sollicitudlni-

230 2444 301 2476 bus,
333 2443 485 2478 fraudeque
516 2441 707 2470 Gabaonitica.
734 2441 805 2469 Sane
837 2446 864 2470 et
899 2449 1026 2477 agrorum

231 2490 331 2517 divisio
349 2497 477 2525 maguum
493 2489 517 2516 ei
529 2489 649 2517 laborem
662 2488 891 2523 difﬁcultatesque
905 2495 988 2524 porro
1001 2492 1028 2516 et

233 2536 394 2563 vexationes
425 2535 593 2570 multiplices
617 2535 719 2562 attulit.
748 2535 788 2562 Ad
813 2534 888 2563 hunc
920 2534 1031 2562 modum

235 2589 331 2609 omnes
347 2581 364 2608 ii
384 2581 430 2616 qui
447 2581 503 2609 Deo
521 2589 686 2618 magnopere
703 2581 877 2615 placuerunt,
901 2580 1033 2608 aerumnis

236 2628 314 2662 prius
335 2628 589 2662 tentationibusque
612 2632 736 2662 spectata.
760 2635 855 2654 eorum
885 2627 1031 2662 probitate.

237 2674 331 2701 divino
347 2681 442 2702 amore
463 2674 569 2702 fruendi
585 2675 700 2702 liberam
716 2674 873 2702 facultatem
891 2673 1032 2702 consecuti

238 2724 324 2748 sunt:
342 2727 431 2754 neque
447 2720 595 2755 quisquam
611 2727 706 2747 eorum
726 2719 773 2755 qui
797 2719 824 2746 in
851 2719 944 2754 aliquo
960 2718 1031 2754 apud

238 2766 323 2794 Deum
353 2767 440 2801 pretio
467 2767 613 2799 habentur,
637 2767 768 2794 :ernmnis
789 2766 890 2797 caruit.
920 2765 1029 2794 etiamsi

240 2821 290 2842 nos
307 2813 333 2841 id
349 2817 376 2841 et
396 2813 443 2841 Dei
460 2814 493 2841 de
508 2813 721 2848 ipsisjudicium
739 2813 831 2840 lateat.

686 2903 702 2917 “
722 2903 802 2930 .\um.
823 2911 875 2930 λιν.

279 2904 301 2920 ”
315 2903 369 2933 Jos.
389 2913 415 2932 Χ.
456 2903 644 2937 "Jus.x,13.

1073 1659 1138 1694 ὅλης
1163 1658 1273 1693 ἡμέρας
1299 1658 1405 1693 πρηνὴς
1429 1658 1557 1692 κείμενος
1579 1658 1623 1684 διὰ
1652 1657 1703 1693 τὴν
1731 1658 1872 1693 ἁμαρτίαν

1075 1704 1163 1738 Ἀχαν
1178 1703 1225 1730 καὶ
1235 1703 1284 1737 τὴν
1296 1703 1344 1729 τοῦ
1361 1703 1426 1729 λαοῦ
1440 1700 1533 1739 ἧτταν.
1544 1704 1612 1737 Φησὶ
1624 1704 1687 1739 γάρ·
1705 1713 1714 1726 ι
1732 1704 1786 1730 Καὶ
1797 1704 1856 1741 aee

1077 1749 1160 1783 ρηξεν
1188 1747 1294 1783 Ἰησοῦς
1321 1747 1354 1773 τὰ
1373 1747 1471 1782 ἱμάτια
1499 1748 1595 1780 αὐτοῦ,
1623 1749 1671 1774 καὶ
1698 1749 1795 1775 ἔπεσεν
1824 1749 1873 1776 ἐπὶ

1077 1795 1223 1829 πρόσωπον
1240 1794 1361 1820 ἐναντίον
1377 1794 1482 1829 Κυρίου
1498 1794 1550 1826 ἕως
1566 1795 1699 1830 ἑσπέρας,
1718 1795 1799 1826 αὐτὸς
1823 1796 1868 1822 xa.‘

1074 1842 1099 1868 οί
1113 1841 1429 1878 πρεσϐύτεροιἺαραήλ.
1446 1837 1501 1869 Καὶ
1515 1842 1651 1869 ἐπέϐαλον
1666 1843 1731 1878 χοῦν
1761 1843 1808 1870 ἐπὶ
1823 1843 1874 1878 τὴν

1076 1887 1200 1922 κεφαλὴν
1215 1888 1317 1920 αὐτῶν,
1330 1889 1378 1914 καὶ
1393 1885 1471 1915 εἶπεν
1487 1888 1592 1923 Ἰησοῦς
1607 1897 1613 1904 ·
1628 1889 1740 1923 Δέομαι,
1772 1889 1873 1925 Κύριε,

1076 1935 1119 1961 ἵνα
1133 1935 1160 1961 τί
1175 1934 1328 1961 ᾱεὸἱὸασεν
1340 1936 1354 1961 ὁ
1370 1936 1437 1966 παῖς
1452 1944 1498 1962 σου
1511 1935 1556 1961 τὺν
1572 1935 1636 1962 λαὸν
1647 1935 1741 1962 τοῦτον
1752 1936 1796 1962 τὸν
1807 1937 1863 1973 Ὶορ

1075 1981 1169 2016 δάνην,
1202 1980 1372 2015 παραδοῦναι
1401 1980 1481 2008 αὑτὸν
1509 1980 1549 2016 τῷ
1580 1981 1722 2017 ’Λμοραὲῳ
1739 1982 1873 2010 ἀπολέσαι.

1077 2028 1169 2063 ήμᾶ;;
1187 2027 1234 2054 καὶ
1252 2027 1279 2054 τί
1294 2027 1350 2062 ὲρῶ
1363 2048 1370 2060 ,
1386 2027 1448 2054 ἐπεὶ
1475 2027 1740 2063 μετέϐαλενΊσραὴλ
1760 2028 1805 2054 τὸν
1825 2029 1858 2055 αὖ

1077 2073 1142 2108 χένα
1154 2074 1286 2100 ἀπέναντι
1297 2072 1344 2099 τοῦ
1366 2073 1464 2108 ἐχθροῦ
1492 2073 1601 2107 αὓτοῢ;
1637 2074 1692 2100 Καὶ
1722 2074 1842 2106 ἀκούσας

1077 2120 1229 2151 Χαναναῖος
1242 2119 1288 2146 xa‘t
1303 2120 1404 2150 πάντες
1419 2121 1442 2146 ot
1457 2119 1647 2151 κατοικοῦντες
1662 2120 1710 2155 τὴν
1726 2119 1779 2155 γῆν
1794 2129 1860 2156 περι

1078 2165 1265 2193 κυκλώσουσιν
1283 2166 1357 2201 ἡμᾶς
1373 2167 1420 2192 καὶ
1436 2165 1612 2201 ὲκτρίψουσιν
1631 2166 1684 2192 ἀπὸ
1708 2167 1756 2201 Ιι-ἦς
1781 2168 1842 2202 γῆς.
1864 2191 1867 2194 .

1084 2212 1166 2247 Ὁρᾷς
1178 2213 1252 2244 ὅπως
1265 2212 1313 2239 καὶ
1326 2209 1403 2244 οὗτος
1418 2213 1467 2247 οὐχ
1485 2209 1565 2248 ἧττον
1584 2213 1725 2244 Μωῦσέως
1745 2213 1858 2248 ἁδημον⁶

1081 2259 1129 2286 καὶ
1149 2258 1306 2294 θορυϐεῖται
1320 2268 1328 2292 ;
1341 2259 1389 2286 καί
1403 2267 1455 2285 που
1475 2259 1548 2294 τάχα
1564 2259 1612 2285 καὶ
1626 2260 1706 2291 αὐτὸς
1717 2260 1817 2295 ὁμοίως
1827 2260 1862 2295 τὴ

1081 2304 1154 2340 ζωὴν
1169 2305 1198 2337 ἐξ
1214 2305 1332 2340 ἀπορίας
1348 2305 1511 2339 ἀπελέγετο.
1524 2305 1577 2332 Ἐὤ
1590 2306 1682 2340 λέγειν
1693 2306 1757 2338 τοὺς
1779 2306 1862 2340 διαφό

1082 2359 1147 2386 ρους
1160 2350 1297 2385 πολέμους
1309 2352 1356 2378 καὶ
1371 2350 1420 2382 τὰς
1433 2351 1524 2386 μάχας
1541 2351 1588 2377 καὶ
1607 2351 1657 2382 τὰς
1671 2351 1814 2386 φροντίδας
1830 2360 1859 2379 κε

1081 2397 1135 2423 τῶν
1150 2397 1330 2423 Γαυαωνιτῶν
1345 2397 1394 2432 τὴν
1409 2397 1528 2432 ἀπάτην.
1547 2397 1603 2424 Καὶ
1619 2397 1711 2432 μέντοι
1723 2398 1769 2424 καὶ
1794 2399 1810 2434 ἡ
1823 2398 1878 2426 τῶν

1081 2442 1191 2478 κλήρων
1215 2442 1330 2478 διανομὴ
1358 2443 1442 2470 πολὺν
1472 2444 1521 2478 μὲν
1547 2443 1592 2470 τὸν
1617 2444 1698 2470 πόνον
1722 2444 1818 2476 πολλὰς
1850 2445 1880 2472 δὲ

1081 2492 1211 2526 παρεῖχεν
1242 2491 1317 2525 αὐτῷ
1334 2490 1384 2521 τὰς
1413 2489 1558 2522 δυσκολίας
1588 2491 1636 2517 καὶ
1661 2490 1777 2525 Θλίψεις,
1800 2490 1881 2518 Οὕτω

1084 2535 1174 2561 τοίνυν
1190 2534 1311 2566 ἅπαντες
1321 2535 1378 2561 ὅσοι
1391 2534 1430 2570 τῷ
1448 2535 1508 2570 Θεῷ
1526 2535 1652 2570 μεγάλως
1679 2536 1879 2571 εὖηρέστησαν,

1084 2581 1128 2608 διὰ
1144 2581 1261 2615 θλίψεων
1277 2581 1327 2608 καὶ
1343 2581 1507 2617 πειρασμῶν
1527 2581 1742 2617 δοκιμασθέντες
1766 2582 1814 2608 καὶ
1836 2582 1882 2609 δό-

1085 2637 1161 2663 κιμοι
1173 2628 1360 2662 ἁναφανέντες
1374 2629 1423 2662 τῆς
1441 2627 1510 2664 πρὸς
1518 2627 1585 2654 Θεὸν
1618 2627 1732 2662 ἀγάπης
1748 2628 1796 2654 καὶ
1810 2627 1883 2663 παῤ-

1086 2675 1185 2709 ῥησξας
1204 2674 1347 2708 ἐπέτυχον,
1367 2673 1414 2700 καὶ
1430 2673 1480 2699 οὐκ
1511 2673 1584 2700 ἐστιν
1615 2673 1714 2707 οὐδεὶς,
1729 2669 1768 2700 ὧν
1797 2673 1883 2705 πολὺς

1083 2720 1160 2755 πιτρᾶ
1197 2719 1237 2754 τῷ
1262 2719 1322 2755 Θεῷ
1337 2719 1428 2754 λόγος,
1454 2719 1572 2754 θλίψεων
1601 2719 1691 2751 ἐκτὸς,
1719 2719 1770 2746 κᾶν
1798 2719 1883 2755 ἡμεῖς

1086 2766 1229 2801 ἀγνοῶμεν
1243 2765 1322 2792 τοῦτο
1348 2765 1501 2800 xaris-1306
1522 2764 1590 2792 Θεοῦ
1617 2765 1681 2801 περὶ
1709 2765 1800 2792 αὐτῶν
1818 2764 1884 2802 κρί-

1090 2821 1171 2846 ματα.

917 2903 936 2917 ¹¹
958 2902 1013 2930 J05.
1035 2909 1084 2930 \‘tt.
