2007 3156
240 179 290 213 1‘27

865 185 1024 215 GEORGII
1047 186 1212 218 CEDllENl

1807 187 1860 220 128

236 236 418 266 sensibilibus
436 243 585 274 comparat,
605 242 631 266 et
649 239 795 268 mundanis
813 249 844 268 ac
865 242 1016 269 visibilibus

1072 243 1220 279 Πρόΰλημα
1235 244 1261 271 δέ
1278 244 1426 278 ἐστιλόγος
1454 243 1684 278 συνεσκιασμένος
1713 242 1761 269 καὶ
1786 243 1856 269 αἰνι-

236 283 321 311 rebus‘
339 283 486 312 invisibilia
509 289 590 320 atque
617 293 699 321 supra
717 286 790 314 hunc
813 287 944 314 mundum
967 289 1019 316 sita

236 327 351 356 indicat.
376 329 516 357 Problema
531 338 594 357 vero
612 331 802 366 (quaestionem
818 333 914 361 Latine
929 335 1020 362 dicere

236 374 338 408 possis)
349 375 434 401 oratio
449 379 490 401 est
502 375 665 404 obumbrata
676 382 703 405 et
717 379 912 406 divinationem
927 381 1019 414 requi-

236 425 311 450 rens,
323 418 400 452 juxta
415 419 497 446 hoc"
510 428 517 446 :
532 429 541 445 ι
562 419 701 449 Ιιιςιίιιθὺο
712 431 803 450 aurem
822 432 909 451 meatu
925 424 959 451 ad
974 432 1021 458 pa-

235 464 366 496 rabolam,
380 464 499 498 aperiam
512 466 538 493 in
553 467 684 502 psalterio
695 470 876 503 quaestionem
893 477 991 497 nteant.
1007 480 1017 496 ι

233 508 374 536 Problenta
397 511 481 538 etiam
500 517 543 540 est
558 514 754 548 contemplatio
776 515 809 541 ad
834 516 1019 550 cognitionem

231 554 346 583 faciens.
362 555 525 592 Exemplum
551 562 612 592 est,
631 559 703 593 quod
719 567 733 586 a
751 561 881 595 singulari
910 561 942 589 ad
961 561 1021 589 uni-

233 600 341 627 versale
358 601 492 636 adducit;
510 607 558 630 aut
580 611 640 631 cum
664 606 795 640 singulari
816 614 862 640 per
881 607 1020 642 singulare

230 646 288 672 sive
301 646 391 674 simile
407 648 486 675 iidem
503 649 630 677 facimus.
646 650 780 678 l’armmia
800 659 892 678 scrmo
911 658 952 679 es:
971 661 1019 680 oc-

231 692 333 724 cultus,
352 693 399 727 qtti
416 694 470 721 alio
486 695 631 723 manifesto
651 697 797 724 indicatur.
823 698 960 732 Allegoria
978 704 1020 726 est

232 744 291 770 qua:
306 737 339 764 de
349 739 476 766 inanimis
487 741 616 774 sumitur,
635 746 663 768 ut
675 743 962 776 montibtts,collibus,
976 752 1019 771 ar-

231 781 346 810 boribus
367 787 393 810 ct
413 784 706 822 czetera.Tropologia,
717 795 777 823 qua:
790 796 804 815 a
820 789 921 816 nostris
936 797 1020 817 mem-

232 827 289 855 bris
305 829 423 860 ducitur,
442 835 469 857 ut
490 832 589 866 capite,
613 837 642 860 ut
661 834 762 863 oculis.
783 839 812 861 ut
828 835 960 870 reliquis;
985 836 1020 863 ab

233 874 424 904 inmmtatione
438 877 584 906 verborum
603 887 702 907 nomen
719 881 807 909 habet.

267 941 324 976 98
349 941 538 972 Necessarium
567 947 631 974 duxi
666 947 716 975 hoc
742 949 801 976 loco
836 950 869 977 de
891 950 1015 984 iudicum

232 987 423 1016 lsraelirorum
451 992 533 1018 rebus
556 993 639 1026 gestis
662 994 781 1022 breviter
791 1002 1016 1032 commemorare,

233 1039 263 1060 ut
281 1040 307 1061 rt
326 1035 426 1069 quibus
446 1044 483 1064 ea;
499 1038 616 1072 cognitae
631 1045 705 1072 sunt,
721 1041 747 1067 in
765 1043 922 1070 utcmoriam
938 1051 1017 1072 revo-

231 1084 339 1112 centur,
363 1087 389 1108 et
403 1082 503 1116 quibus
520 1083 629 1118 ignotas,
657 1085 710 1113 illis
727 1086 768 1114 vel
793 1094 903 1121 parvam
922 1096 1016 1117 earum

230 1126 354 1153 notitiam
371 1127 550 1162 praebeamus.

265 1182 373 1211 Mortuo
402 1184 498 1218 Josua,
517 1186 639 1220 quadam
671 1193 764 1222 gentes
793 1189 826 1216 ad
857 1190 1016 1218 tentandum

230 1228 360 1257 Israelem
388 1231 490 1258 relictae
511 1231 633 1260 fuerunt.
651 1234 827 1262 Praanoverat
850 1236 923 1262 enim
946 1236 1017 1264 Deus

229 1273 288 1302 {ore
306 1279 334 1301 ut
353 1283 367 1301 a
384 1283 413 1303 se
444 1276 594 1304 deﬁcerent
615 1285 645 1304 ac
663 1278 746 1306 falsos
771 1280 837 1307 deos
864 1281 1018 1315 amplecte-

228 1324 325 1348 rentur
343 1330 349 1348 :
369 1322 461 1357 itaque
475 1330 523 1351 eos
535 1323 560 1350 itt
575 1324 694 1351 hostium
710 1332 823 1352 suorum
839 1327 1016 1360 sttperstitttm

228 1375 327 1396 manus
351 1369 466 1402 dedidit,
490 1370 536 1405 qtti
569 1378 618 1398 eos
644 1378 839 1405 oppresserunt
863 1380 895 1399 ac
917 1373 1018 1408 stipen-

228 1413 331 1442 diarios
358 1414 490 1442 fecerunt.
515 1415 584 1443 Tum
600 1417 621 1432 "'
653 1418 766 1452 angelus
791 1417 837 1445 Dci
860 1418 887 1445 itt
907 1419 1018 1446 conval-

229 1460 299 1490 lem.
331 1461 357 1487 in
385 1469 468 1495 quam
507 1461 651 1489 universus
681 1462 798 1497 populus
835 1469 1016 1497 convenerat,

229 1506 383 1537 descendit.
416 1507 495 1541 eique
519 1515 598 1534 suam
628 1507 807 1535 defectionem
832 1509 1017 1543 exprobravit,

229 1553 356 1581 indicans
383 1560 443 1579 eam
461 1553 546 1581 fuisse
570 1560 682 1580 causam
706 1561 756 1581 cur
786 1553 910 1582 barbaris
934 1555 1019 1584 dede-

233 1603 338 1626 rentur.
370 1599 475 1627 Fletum
500 1599 537 1627 ibi
564 1600 710 1628 universus
743 1601 858 1636 populus
894 1602 1016 1635 sustulit,

231 1646 337 1673 Domini
361 1646 555 1673 beneﬁciorum
570 1650 597 1674 et
617 1646 760 1681 praesentis
784 1647 901 1675 miseria:
917 1655 1019 1675 memo-

227 1693 279 1719 ria.
299 1693 392 1727 itaque
419 1692 443 1719 ei
469 1692 530 1720 loco
545 1698 645 1718 nomen
668 1691 752 1719 Vallis
776 1691 856 1720 ﬂetus
888 1693 1017 1720 inditum.

228 1738 304 1772 Quod
319 1739 390 1765 enim
412 1737 554 1765 lsraelicus
578 1737 696 1772 populus
715 1741 811 1772 gentes
836 1745 906 1773 quas
935 1738 1018 1766 deleri

225 1785 346 1819 jttsserat
375 1783 445 1811 Deus
479 1791 534 1810 non
558 1783 708 1816 exciderat,
735 1783 782 1810 sed
815 1791 898 1818 opera
923 1791 1017 1812 eorum

228 1830 381 1860 didit-isset,
399 1829 432 1856 iis
449 1836 477 1855 se
490 1828 694 1863 permiscuisset
708 1834 788 1863 atque
803 1830 906 1864 sculpta
922 1837 1016 1857 eorum

228 1877 373 1905 simulacra
391 1876 465 1902 cultu
483 1875 613 1909 dignatus
632 1879 716 1903 esset.
732 1875 792 1902 ideo
812 1877 836 1902 in
856 1880 1016 1910 potestatem

228 1921 409 1948 barbarorum
435 1924 494 1948 erat
513 1920 631 1947 deditus.
656 1920 725 1947 Deus
741 1925 830 1948 tanten
854 1930 904 1948 sua
928 1926 1017 1950 tnottts

228 1968 399 1994 humanitate
421 1974 483 1993 eum
521 1966 667 1993 miseratus
696 1971 748 1997 est,
777 1967 961 2002 excitavitque
991 1969 1015 1996 ei

228 2013 347 2046 primum
386 2011 506 2046 judicem
548 2009 739 2038 Gotltnnielnm
787 2012 898 2039 Cbalebi
937 2021 1018 2048 gene-

228 2054 342 2085 rum”.
361 2058 386 2084 ls
419 2056 555 2084 Cltalebus
588 2064 649 2083 eunt
677 2064 763 2084 annos
795 2058 845 2084 107
876 2057 1015 2090 vixisset,

226 2104 332 2132 \a'ribus
348 2103 430 2131 veluti
448 2103 609 2130 adolescens
623 2103 738 2137 integris
758 2103 784 2129 in
800 2103 870 2130 bello
885 2105 1016 2132 versaba-

225 2153 280 2177 t'ttr.
296 2148 477 2176 Gothonielus
501 2153 591 2176 autem
614 2149 712 2175 robore
734 2148 866 2176 divinitus
885 2150 1016 2184 praeditus

227 2202 316 2228 regem
335 2192 422 2228 Syria:
433 2193 510 2221 clade
524 2193 625 2227 affecit,
641 2201 791 2228 pacemque
810 2195 867 2222 suis
883 2196 1013 2229 restituit,

1072 290 1228 324 γματώδης,
1240 291 1309 317 κατὰ
1321 290 1349 316 τὸ
1365 290 1508 325 εἰρημένον
1518 298 1524 304 ·
1541 299 1550 314 t
1572 289 1662 316 Κλινῶ
1676 290 1716 320 εῐς
1735 288 1860 323 παραῦο-

1072 335 1153 370 εολὴν
1163 336 1193 362 τὸ
1204 333 1250 367 οὖς
1268 345 1330 370 μου,
1354 336 1452 368 ἀνοῖξω
1468 336 1496 362 ὲν
1510 335 1654 371 ψαλτηρίῳ
1669 334 1700 361 τὸ
1711 334 1862 370 πρόϐλημά

1073 388 1133 416 μου,
1155 390 1164 407 ι
1197 381 1349 416 Πρόϐλημά
1370 381 1429 407 ἐστι
1458 380 1589 415 θεώρημα
1629 380 1765 406 συντεῖνον
1790 379 1862 415 πρὸς

1072 426 1191 460 θεωρίαν
1209 427 1256 454 καὶ
1278 427 1390 461 γνῶσιν.
1420 427 1600 462 Παράδειγμα
1610 427 1640 453 δέ
1657 427 1730 453 ἐστιν
1744 426 1797 453 ἀπὸ
1811 426 1860 453 τοῦ

1071 472 1132 499 καθ’
1147 471 1262 499 ἕκαστον
1275 472 1341 507 ἄγον
1369 473 1417 499 ἐπὶ
1445 474 1477 499 τδ
1506 472 1632 506 καθόλου,
1659 473 1675 508 ἢ
1703 472 1785 507 δεῖξις
1813 481 1860 498 πι-

1072 518 1205 553 στουμένη
1253 518 1284 545 τὸ
1316 519 1427 555 μερικὸν
1458 518 1502 545 διὰ
1532 518 1647 554 μερικοῦ
1671 519 1719 545 καὶ
1753 518 1858 554 ὁμοίου,

1071 563 1208 598 Παροιμία
1225 563 1247 590 δ’
1263 564 1321 590 ἐστὶ
1336 563 1414 598 λόγος
1429 563 1588 599 ἀπόκρυφος
1617 563 1653 590 δι’
1668 563 1762 599 ἐτέρου
1793 571 1861 598 προ-

1071 609 1151 644 δήλου
1167 609 1378 644 σημαινόμενος.
1405 609 1570 644 Ἀλληγορία
1583 609 1605 635 δ’
1619 610 1694 636 ἐστὶν
1710 609 1726 643 ὴ
1743 608 1791 636 ἐπὶ
1804 609 1860 635 τῶν

1071 654 1193 690 ἀψύχων,
1205 653 1260 681 οἷον
1271 655 1357 690 ὀρέων
1372 655 1419 682 καὶ
1428 655 1541 690 βουνῶν,
1556 654 1599 691 [Ρ.
1621 655 1669 691 55}
1679 654 1795 690 δένδρων
1806 655 1856 681 καὶ

1071 699 1184 726 λοιπῶν.
1200 699 1372 735 Τροπολογία
1385 699 1407 727 δ’
1423 701 1497 727 ἐστὶν
1524 701 1541 736 ὴ
1565 700 1611 727 ἐπὶ
1641 701 1697 727 τῶν
1717 701 1860 736 ἡμετέρων

1073 746 1171 781 μελῶν,
1181 745 1238 773 οἷον
1249 747 1372 782 κεφαλῆς
1382 748 1528 782 ὀφθαλμῶν
1539 749 1649 777 καὶτῶν
1662 748 1763 775 λοιπῶν
1773 757 1780 765 ·
1794 757 1859 784 τρο-

1073 793 1187 827 πολογία
1202 792 1230 819 δὲ
1243 793 1297 820 ἀπὸ
1308 793 1356 819 τοῦ
1367 793 1516 828 τρέπεσθαι
1528 795 1647 829 λέγεται.
1658 794 1797 822 Ἐντεῦθεν
1807 795 1859 830 ὅρα

1073 845 1117 871 μοι
1129 837 1178 868 τὰς
1188 836 1301 872 πράξεις
1322 836 1376 863 τῶν
1392 837 1504 872 κριτῶν.

1102 953 1270 985 ’Ἀναγκαῖον
1288 951 1316 978 δὲ
1333 950 1498 986 ἡγησάμεθα
1513 951 1562 978 καὶ
1576 951 1640 986 περὶ
1659 951 1707 986 τῆς
1725 952 1779 978 τῶν
1794 961 1857 987 κρι-

1068 998 1124 1024 τῶν
1135 997 1181 1024 τοῦ
1199 997 1305 1032 Ἰσραὴλ
1317 995 1442 1031 πράξεως
1456 998 1485 1024 ὲν
1505 996 1602 1032 βραχεῖ
1619 997 1856 1030 ἐπισημήνασθαι,

1069 1043 1113 1070 ἵνα
1139 1043 1202 1073 τοὺς
1222 1042 1269 1076 μὲν
1292 1042 1394 1074 είδότας
1414 1043 1454 1074 είς
1481 1043 1636 1077 ἀνάμνησιν
1660 1042 1855 1077 ἀναγάγωμεν,

1068 1088 1125 1120 τοῖς
1140 1087 1168 1114 δὲ
1179 1087 1305 1121 ἀγνοοῦσι
1322 1088 1421 1124 μικράν
1436 1097 1496 1115 τινα
1514 1088 1617 1123 εἴδησιν
1632 1088 1754 1114 ἐντεῦθεν
1768 1088 1858 1124 παρά-

1068 1140 1188 1167 σχωμεν.

1103 1187 1181 1214 Μετὰ
1195 1187 1325 1223 τελευτὴν
1346 1188 1434 1223 Ἰησοῦ
1458 1190 1676 1225 κατελείφθησαν
1694 1191 1758 1226 ἔθνη
1787 1191 1856 1227 πρὸς

1067 1233 1099 1260 τὺ
1124 1234 1253 1268 πειράσαι
1283 1234 1328 1261 τὸν
1357 1234 1484 1270 Ἰσραήλ’
1510 1235 1570 1272 θείᾳ
1597 1238 1650 1272 γὰρ
1675 1238 1826 1272 προγνώσει
1841 1239 1856 1264 6

1068 1278 1135 1310 Θεδς
1150 1279 1200 1313 ἤδη
1215 1279 1264 1312 τὴν
1278 1279 1447 1306 ἀποστασίαν
1457 1280 1557 1313 αὐτῶν,
1570 1281 1611 1308 ὅτι
1624 1283 1855 1318 προστεθήσονται

1068 1326 1124 1355 τοῖς
1150 1324 1280 1357 εἰδώλοις,
1311 1325 1359 1352 καὶ
1376 1325 1481 1358 ἐξέδοτο
1514 1327 1612 1359 αθτοὺς
1625 1329 1665 1359 εἰς
1693 1330 1785 1364 χεῖρας
1800 1329 1855 1356 τῶν

1068 1369 1172 1405 ἐχθρῶν
1187 1370 1277 1397 αὐτῶν
1291 1370 1345 1397 τῶν
1366 1371 1614 1405 καταλειφθέντων,
1636 1373 1683 1400 καὶ
1706 1375 1856 1402 ἐταπείνω-

1069 1424 1118 1442 σαν
1134 1417 1180 1443 καὶ
1209 1416 1390 1452 ἐφορολόγουν
1423 1417 1533 1449 αὐτούς.
1548 1419 1673 1454 Κατῆλθε
1687 1420 1716 1446 δὲ
1740 1420 1855 1455 ἄγγελος

1068 1463 1170 1497 Κυρίου
1190 1464 1229 1495 εἷς
1242 1463 1291 1499 τὴν
1308 1463 1418 1490 κοιλάδα
1431 1464 1477 1490 καὶ
1493 1465 1548 1496 πᾶς
1573 1465 1682 1500 Ἰσραήλ
1692 1474 1698 1481 ·
1716 1467 1763 1492 καὶ
1774 1467 1856 1502 ήλεγο

1069 1509 1113 1541 ξεν
1133 1508 1231 1539 αὐτοὺς
1251 1509 1265 1535 6
1278 1508 1394 1543 ἄγγελος
1416 1510 1481 1544 περὶ
1498 1509 1548 1544 τῆς
1564 1510 1733 1543 ἀποστασίας
1755 1512 1855 1544 αὐτῶν,

1070 1554 1116 1580 καὶ
1132 1554 1173 1580 ὅτι
1190 1554 1234 1581 διὰ
1260 1553 1337 1580 τοῦτο
1365 1555 1553 1590 παρεδόθησαν
1585 1557 1643 1587 τοῖς
1671 1556 1771 1584 ἔθνεσι.
1801 1559 1856 1584 Kal

1068 1598 1185 1625 ἔκλαυσε
1210 1600 1264 1630 πᾶς
1289 1600 1303 1626 ὁ
1328 1599 1403 1632 λαὸς,
1435 1600 1600 1635 μνησθέντες
1619 1602 1671 1629 τῶν
1691 1603 1856 1638 εὐεργεσιῶν

1069 1645 1170 1680 Κυρίου
1182 1644 1230 1671 καὶ
1245 1645 1295 1679 τῆς
1308 1646 1489 1680 ἐνισταμένης
1504 1647 1650 1678 κακώσεως
1666 1649 1764 1675 αὐτῶν.
1776 1650 1856 1677 Ὅθεν

1068 1689 1170 1724 ἐκλήθη
1181 1690 1195 1716 6
1208 1690 1290 1721 τόπος
1310 1692 1415 1722 ἐκεῖνος
1430 1691 1523 1723 κοιλὰς
1537 1692 1726 1727 κλαυθμῶνος’
1746 1695 1790 1722 διὰ
1801 1695 1856 1730 γὰρ

1067 1735 1098 1762 τὸ
1110 1735 1147 1770 μὴ
1163 1734 1352 1769 ὲξολοθρεῦσαι
1367 1736 1413 1762 τὸν
1433 1737 1541 1772 Ἰσραὴλ
1557 1738 1591 1763 τὰ
1607 1737 1670 1773 ἔθνη
1685 1739 1702 1765 ἃ
1720 1737 1780 1766 εἷπε
1796 1740 1855 1767 Κύ-

1070 1789 1126 1815 ριος
1140 1781 1242 1812 αὐτοῖς,
1255 1780 1323 1806 ἀλλά
1336 1781 1381 1806 καὶ
1402 1781 1498 1815 μαθεῖν
1514 1782 1548 1808 τὰ
1565 1781 1632 1816 ἔργα
1644 1783 1734 1809 αὐτῶν
1752 1786 1797 1809 καὶ
1811 1793 1856 1818 μι-

1068 1825 1149 1860 γῆναι
1173 1825 1266 1857 αὐτοῖς
1285 1826 1332 1852 καὶ
1360 1826 1502 1852 δουλεῦσαι
1527 1829 1583 1856 τοῖς
1608 1828 1735 1861 γλυπτοῖς
1753 1829 1855 1862 αὐτῶν,

1067 1871 1111 1898 διὰ
1124 1871 1204 1898 τοῦτο
1218 1871 1407 1907 παρεδόθησαν
1434 1873 1472 1904 εἰς
1492 1874 1585 1908 χεῖρας
1613 1874 1666 1900 τῶν
1687 1875 1855 1909 ἀλλοφύλων.

1068 1917 1107 1952 Τῇ
1123 1918 1211 1952 οἰκείᾳ
1225 1918 1252 1944 δὲ
1266 1917 1457 1952 φιλανθρωπίᾳ
1470 1917 1628 1953 κινούμενος
1648 1920 1661 1945 ὁ
1677 1921 1742 1951 Θεὸς
1756 1920 1856 1955 ᾠκτεί-

1069 1974 1134 2000 ρησε
1152 1964 1197 1990 τὸν
1221 1965 1338 2000 Ἰσραὴλ,
1352 1965 1400 1991 καὶ
1415 1965 1563 1999 ἀνέστησεν
1579 1965 1653 2000 αὐτῷ
1670 1965 1778 1999 πρῶτον
1794 1974 1855 2000 κρι-

1067 2013 1115 2045 τὴν
1132 2011 1177 2037 τὸν
1201 2011 1347 2046 Γοθονιὴλ,
1368 2011 1493 2046 γαμόρῦν
1517 2011 1581 2037 ὂντα
1599 2011 1646 2037 τοῦ
1661 2012 1761 2044 Χάλεϐ,
1781 2013 1855 2044 ὖσῑις

1066 2057 1157 2083 Χάλεὸ
1171 2056 1256 2090 ζήσας
1285 2056 1333 2091 ἔτη
1355 2056 1393 2092 ρξ’
1408 2058 1436 2082 ἐν
1454 2056 1569 2090 δυνάμει
1590 2056 1626 2087 ὡς
1641 2058 1749 2087 νεανίας
1762 2058 1855 2092 εἰσήρ-

1066 2111 1129 2137 χετο
1141 2102 1188 2128 καὶ
1202 2103 1331 2137 ἐξήρχετο
1346 2103 1374 2128 ἐν
1386 2102 1424 2136 τῷ
1438 2102 1560 2136 πολέμῳ.
1581 2102 1635 2128 Καὶ
1660 2103 1784 2137 ὲνίσχυσε
1799 2103 1855 2130 Κύ-

1067 2157 1124 2184 ριος
1139 2149 1185 2175 τὸν
1199 2147 1339 2181 Γοθονιὴλ,
1358 2148 1405 2173 καὶ
1418 2147 1464 2173 τὸν
1477 2147 1588 2182 βασιλέα
1600 2147 1703 2181 Συρίας
1720 2148 1854 2181 ἐπάταξε.

1066 2195 1121 2222 Καὶ
1144 2195 1301 2230 εἰρήνευσεν
1326 2195 1343 2228 η
1370 2193 1406 2228 γῆ
1423 2193 1476 2224 ἕως
1493 2194 1542 2228 τῆς
1557 2192 1630 2228 ζωῆς
1647 2193 1730 2220 αὐτοῦ
1754 2193 1800 2228 ἔτη
1816 2193 1853 2229 μ’.

224 2249 286 2276 qua:
299 2249 385 2268 annos
404 2241 439 2269 ιο
455 2242 572 2276 duravit,
592 2250 680 2277 usque
705 2243 739 2269 ad
763 2243 918 2271 Gotbonieli
939 2252 1012 2271 mor-

1070 2242 1124 2268 Καὶ
1135 2241 1215 2267 πάλιν
1234 2240 1341 2276 ἀπέστη
1355 2239 1464 2274 Ἰσραὴλ
1480 2240 1534 2265 ἀπὸ
1549 2240 1662 2275 Κυρίου,
1678 2240 1724 2267 καὶ
1738 2241 1854 2275 ἐπήγει-

224 2290 290 2314 tem.
325 2285 444 2314 Rursum
482 2288 545 2315 inde
574 2295 590 2315 a
627 2287 742 2316 Domino
775 2288 934 2317 defecerunt
959 2289 1015 2325 99

223 2331 367 2364 Israelici;
395 2332 476 2368 isque
511 2333 551 2360 eis
577 2332 706 2368 Eglonetn
735 2332 891 2360 Moabicum
923 2341 1013 2369 regem

224 2377 350 2409 immisit,
377 2378 423 2413 qui
448 2386 498 2412 per
527 2386 615 2405 annos
638 2378 671 2405 18
697 2379 825 2414 populum
852 2379 1013 2407 lsraelicum

223 2424 355 2452 servitute
378 2426 490 2460 pressit.
517 2425 611 2452 Denuo
632 2425 724 2460 itaque
745 2424 876 2452 auxilium
896 2425 942 2453 Dei
962 2433 1012 2460 op.

223 2470 313 2505 pressi
331 2470 535 2506 implorarunt;
551 2470 598 2505 qtti
613 2470 654 2498 eis
665 2470 786 2505 judicem
801 2469 874 2498 dedit
892 2470 1010 2502 Aodum,

222 2516 311 2543 virum
333 2517 544 2544 ambidexlrum.
568 2516 593 2544 Is
612 2517 770 2552 praeclarum
797 2524 881 2545 ausus
905 2516 1012 2544 facinus

221 2561 351 2597 Eglonem
379 2563 451 2590 domi
469 2570 526 2590 sum
551 2562 613 2590 dolo
638 2562 790 2595 interfecit,
817 2562 934 2597 fugaque
955 2563 1011 2590 ela-

224 2613 315 2641 psus,
349 2605 493 2633 confestim
519 2606 648 2634 lsraelico
681 2606 804 2634 exercitu
844 2612 1011 2642 assutnpto,

224 2659 323 2686 magna
351 2652 485 2680 Moabitae
513 2653 591 2680 clade
623 2652 724 2680 aﬂecit.
755 2653 854 2681 Postea
872 2653 952 2681 annis
979 2654 1013 2682 80

222 2697 327 2726 JlldiEiS
353 2699 444 2733 quieta
467 2699 557 2726 omnia
583 2698 704 2726 fuerunt.
730 2699 787 2726 Snb
812 2699 873 2734 ejus
899 2705 1012 2728 mortem

225 2752 287 2772 cum
305 2745 423 2780 populus
447 2745 596 2773 Israelicus
616 2753 714 2774 rursus
738 2754 753 2773 a
771 2745 824 2773 Deo
844 2747 1014 2779 descivisset,

225 2799 272 2826 per
285 2799 373 2820 annos
384 2791 420 2819 20
435 2799 497 2819 cum
511 2791 604 2820 Sisera
618 2791 709 2819 Jabini
725 2792 797 2828 regis
807 2792 944 2828 copiarum
959 2793 1014 2821 dux

260 2893 284 2909 “
303 2893 485 2926 Psal.xt.vttt,
566 2894 586 2909 ³⁷
607 2891 697 2921 Judic.
711 2901 728 2920 tt
761 2892 782 2909 ’⁸
802 2891 938 2921 Judic.ttt.

1069 2296 1115 2323 ρεν
1132 2287 1223 2318 αὐτοῖς
1252 2286 1353 2321 Κύριος
1377 2286 1422 2312 τὸν
1444 2285 1552 2321 Ἐκλὼμ
1568 2285 1680 2321 βασιλέα
1696 2286 1792 2318 Μωάϐ,
1807 2287 1855 2313 καὶ

1065 2332 1232 2360 ἐδουλώσατο
1245 2332 1291 2358 τδν
1310 2331 1419 2366 Ἰσραὴλ
1432 2331 1479 2366 ἐτη
1492 2335 1537 2366 ιη’.
1551 2331 1606 2358 Καὶ
1618 2331 1732 2365 ἐϐόησεν
1750 2332 1830 2358 πάλιν
1840 2333 1855 2358 6

1065 2377 1129 2409 λαὺς
1145 2377 1214 2412 πρὸς
1238 2377 1349 2411 Κύριον,
1369 2377 1417 2404 καὶ
1437 2376 1537 2403 ἔδωκεν
1567 2377 1660 2408 αὐτοῖς
1685 2377 1782 2412 κριτὴν
1808 2378 1854 2404 τὸν

1071 2422 1140 2449 Ἀὼδ
1169 2423 1254 2458 ἄνδρα
1279 2423 1516 2458 ἀμφοτεροδέξιον,
1535 2423 1563 2454 ὃς
1593 2422 1732 2458 τολμήσας
1748 2424 1855 2451 ἀνεῖλεν

1065 2468 1176 2505 Ἐκλὼμ
1191 2470 1219 2495 ὲν
1234 2469 1272 2504 τῷ
1287 2469 1354 2505 οἴκῳ
1366 2470 1449 2496 αὐτοῦ
1465 2470 1542 2504 δόλῳ,
1558 2470 1604 2496 καὶ
1618 2469 1711 2503 φυγὼν
1725 2470 1853 2505 διεσώθη.

1066 2515 1121 2541 Καὶ
1132 2514 1271 2550 παρευθὺς
1291 2515 1424 2550 λαμϐάνει
1445 2515 1489 2541 τὸν
1514 2515 1632 2550 Ἰσραὴλ,
1663 2517 1707 2542 καὶ
1720 2516 1854 2544 πατάσσει

1065 2563 1114 2599 τὴν
1129 2563 1216 2590 Moss
1230 2563 1374 2598 παταγμὸν
1391 2563 1489 2598 μέγαν,
1508 2562 1556 2589 καὶ
1570 2563 1701 2598 ἡσυχάζει
1728 2564 1744 2598 ὴ
1757 2565 1791 2599 γῆ
1806 2564 1852 2598 ἐτη

1064 2610 1240 2646 ὀγδοήκοντα.
1259 2611 1312 2637 Καὶ
1338 2611 1407 2646 μετὰ
1432 2610 1562 2646 τελευτὴν
1575 2610 1625 2646 τὴν
1639 2610 1722 2637 αὐτοῦ
1747 2611 1852 2646 ἀπέστη

1064 2657 1145 2683 πάλιν
1163 2658 1177 2683 6
1195 2657 1259 2688 λαὸς
1272 2677 1279 2690 ,
1310 2658 1357 2683 καὶ
1378 2658 1562 2684 ἐταπείνωσεν
1584 2657 1681 2688 αὐτοὺς
1697 2658 1710 2683 6
1726 2657 1853 2692 εισάρῥα

1064 2702 1078 2728 6
1092 2702 1236 2739 δυνάστης,
1253 2703 1381 2738 βασιλεὺς
1400 2703 1492 2736 Ἰαϐιν,
1504 2703 1551 2737 ἐτη
1562 2705 1598 2737 η’.
1618 2703 1672 2730 Καὶ
1685 2703 1852 2738 προσκαλεῖ-

1064 2757 1109 2774 ται
1126 2749 1247 2785 Δεῧόρῤα
1272 2749 1289 2784 ἡ
1308 2750 1442 2784 προφῆτις
1457 2748 1503 2775 τὸν
1522 2748 1615 2783 Βαρὰκ
1643 2747 1688 2784 (ἦν
1703 2750 1759 2784 γὰρ
1779 2748 1850 2784 αὕτη

1066 2795 1126 2821 τότε
1142 2795 1272 2831 κρίνουσα
1292 2795 1337 2823 τὸν
1352 2795 1438 2830 λαὺν),
1456 2794 1504 2822 καὶ
1519 2794 1722 2831 dirumparis-rat
1734 2794 1792 2832 μετ’
1802 2793 1854 2822 αὑ-
