2007 3156
130 150 180 182 129

656 153 926 184 HISTORIARUM
945 153 1212 189 COMPENDIUM.

1702 164 1753 198 130

125 209 174 237 τοῦ
201 209 248 235 ἐπὶ
275 209 383 245 Θαϐὼρ,
396 211 444 237 καὶ
458 210 563 238 δίδωσιν
575 211 650 246 αὐτῷ
672 211 769 246 δήλους
786 212 854 248 (55),
871 212 909 238 ὅτι

964 216 1112 249 oppressit.
1141 216 1210 244 Tum
1238 217 1342 246 Debora
1372 223 1458 253 vates,
1484 229 1544 255 qua:
1569 229 1600 250 eo
1629 227 1752 258 tempore

125 257 200 291 Αὕτη
212 255 304 291 ἡμέρα
320 253 377 293 ὲνῇ
391 256 473 283 σώσει
484 257 585 292 Κύριος
594 257 639 283 τὸν
655 257 764 293 Ἰσραὴλ
777 259 809 284 ὲκ
823 257 914 293 χειρὸς

124 302 249 336 Μαδιάμ.
262 302 417 336 Κατεδεωξε
432 302 460 329 δὲ
475 303 570 338 Βαρὰκ
585 303 631 330 τὸν
646 304 780 340 Σισάρῤα.
795 305 841 330 καὶ
852 312 915 330 συν-

123 347 220 382 έτριψε
239 347 273 373 τὰ
305 346 417 382 ἅρματα
435 347 528 374 αὑτοῦ.
550 348 659 383 Κατέϐη
675 348 704 375 δὲ
732 349 854 384 Σισάῤῥα
883 350 914 375 ὲκ

123 394 170 420 τοῦ
187 393 310 428 ἅρματος
338 393 430 425 αὐτοῦ,
457 394 505 420 καὶ
532 394 617 429 ἔφυγε
641 397 730 430 μόνος,
744 395 785 431 [Ρ.
799 395 845 431 56]
861 395 914 426 ἕως

123 437 196 464 εἱόεν
210 438 294 466 αὐτὸν
324 438 396 473 Ἰαὴλ
415 439 482 475 γυνὴ
499 438 595 466 ἀστεία
606 461 613 473 ,
629 441 678 468 καὶ
694 440 914 476 προσεκαλέσατο

123 483 205 509 αὐτὸν
220 483 352 517 λέγουσαη
367 494 376 510 ι
391 484 547 517 Ἔκκλινον,
560 484 651 519 κύριε,
666 485 734 520 πρός
753 494 798 520 με,
817 486 854 520 μὴ
867 493 914 520 φο-

124 528 173 555 ϐοῦ
202 539 210 558 7
231 530 289 556 dicti.
306 529 413 564 εἰσῆλθε
432 531 500 565 πρὸς
515 530 612 565 αὐτὴν,
635 532 681 558 καὶ
696 532 822 558 ἐπότισεν
833 533 914 558 αυτὸν

123 574 195 608 γάλα
207 574 252 600 διὰ
263 573 293 600 τὺ
304 574 390 608 δίψος,
403 574 450 601 καὶ
465 574 614 610 κοιμίσασα
628 576 760 611 πασσάλῳ
785 577 915 604 ἀπέκτει-

123 628 169 646 νεν
183 619 275 646 αὐτόν.
302 619 358 646 Καὶ
386 620 524 655 ἡσύχασεν
544 621 608 656 ήγῆ
630 621 677 648 ἐπὶ
703 622 798 657 Βαράκ
811 622 857 657 ἐτη
875 625 912 658 μ’.

123 665 207 696 Abit;
221 665 248 691 δὲ
270 665 377 700 Ἰσραὴλ
392 665 505 692 ἐπέθετο
517 668 573 697 τοῖς
589 666 721 699 εἰδώλοις,
738 668 784 693 καὶ
798 668 914 702 γεγόνα-

110 721 168 738 -σιν
187 713 215 738 ὲν
232 712 304 746 χειρὶ
323 712 436 747 Μαδιάμ
445 712 492 747 ἔτη
507 713 539 745 ζ’.
552 713 618 740 Τότε
633 712 711 748 ὤφθη
727 713 842 747 ἄγγελος
857 715 914 740 Κυ-

128 758 185 793 ρίου
201 758 237 792 τῷ
251 756 366 790 Γεδεὼν,
381 758 486 791 λέγων·
506 767 514 784 t
541 759 587 786 Ἐν
606 761 640 794 τῇ
662 759 734 793 χειρί
750 767 796 785 σου
811 760 914 795 Κύριος

127 804 291 839 παραδίδωσι
302 803 352 838 τὴν
365 803 488 839 Μαδιάμ.
506 813 514 829 ι
543 805 649 840 ’ῌτησε
669 804 703 836 ,δὲ
718 804 821 831 Γεδεὼν
835 805 913 840 γενέ-

125 850 187 876 σθαι
204 849 298 876 ουσίαν
324 849 364 885 τῷ
389 849 495 885 Κυρίῳ,
519 851 566 876 καὶ
582 850 672 885 ἥψατο
695 851 709 876 ὁ
736 849 850 884 ἄγγελος
874 851 913 886 τῷ

122 896 200 931 ἄκρῳ
211 896 261 931 τῆς
276 896 374 931 ῥάϐδου
392 896 474 923 αὐτοῦ
489 896 538 931 τῆς
557 896 664 928 θυσίας,
677 896 725 923 καὶ
746 897 840 931 ἐξῆλθε
856 898 912 933 πῦρ

122 942 170 968 καὶ
189 943 360 968 κατέκαυσεν
383 943 480 977 αὑτήν.
508 942 563 968 Καὶ
589 943 713 977 ἀπῆλθεν
738 943 785 969 ἀπ’
799 943 881 969 αὐτοῦ
899 944 913 970 ὁ

121 987 249 1022 ἄγγελος.
277 988 344 1014 Τότε
368 987 439 1021 ἔγνω
455 987 558 1014 Γεδεὼν
572 988 613 1014 ὃτι
632 987 748 1022 ἄγγελος
761 988 910 1022 συνελάλει,

121 1035 167 1060 καὶ
180 1034 313 1069 ἐφοϐήθη.
331 1031 398 1060 Εἶτα
417 1034 488 1060 αἰτεῖ
500 1033 548 1068 τὴν
558 1034 652 1068 δισσὴν
667 1034 775 1070 αἴτησιν
786 1036 850 1070 περὶ
864 1035 911 1062 τοῦ

113 1079 218 1112 ιπόκου,
235 1081 282 1106 καί
293 1081 422 1114 τυγχάνει
439 1081 488 1114 τῆς
506 1078 740 1116 αἰτήσεωςηιεῖτα
754 1082 911 1116 καταστρέο

120 1127 219 1161 φειτὸν
239 1126 330 1161 βωμδν
343 1127 371 1153 ἐν
384 1123 405 1160 ᾧ
422 1127 606 1162 ἐθεράπευσεν
621 1128 635 1153 ὁ
656 1128 748 1163 πατὴρ
764 1128 848 1155 αὐτοῦ
866 1128 911 1155 τὸν

120 1173 205 1206 Βαὰλ,
224 1173 271 1199 κα).
282 1173 355 1199 ποιεῖ
369 1173 428 1199 ἐκεῖ
442 1172 645 1208 θυσιαστήριον,
666 1173 714 1200 καὶ
727 1166 786 1200 θῦει
798 1174 836 1209 τῷ
851 1175 911 1210 Θεῷ

119 1220 247 1256 δάμαλιν.
260 1217 327 1246 Εἶτα
342 1220 520 1255 προκαλεῖται
535 1219 581 1246 τὸν
598 1220 662 1247 λαὸν
679 1222 727 1247 καὶ
742 1221 911 1256 ἀποστρέφει

120 1267 182 1297 τοὺς
197 1265 327 1297 δεδιότας.
340 1267 429 1292 εἴκοσι
446 1266 493 1292 καὶ
507 1265 555 1292 δύο
577 1266 710 1300 χιλιάδας.
732 1264 797 1294 Εἶτα
821 1276 911 1303 παρα-

119 1313 254 1348 λαμϐάνει
264 1313 313 1343 τὰς
325 1312 538 1346 ἁπολειφθείσας
546 1312 613 1339 δέκα
623 1313 757 1348 χιλιάδας,
767 1314 814 1340 καὶ
826 1323 911 1350 προσ-

119 1359 197 1392 τάξει
209 1359 276 1385 Θεοῦ
298 1358 421 1385 κάτεισιν
433 1359 461 1385 ὲν
472 1358 511 1394 τῷ
525 1358 652 1394 ποταμῷ,
669 1360 716 1386 καὶ
730 1362 793 1392 τοὺς
804 1360 910 1395 λάψιν.

119 1413 168 1436 τας
181 1406 213 1440 τῇ
239 1405 347 1440 γλώσσῃ
373 1405 548 1440 τριακοσίους
563 1406 685 1440 κατέχει,
703 1407 863 1442 ἀποπέμπει
881 1408 909 1435 δὲ

118 1450 183 1481 τοὺς
205 1450 324 1481 λοιπούς.
345 1450 389 1481 Ὠς
415 1450 443 1476 δὲ
459 1450 607 1484 ἐναγώνιος
632 1451 741 1485 ἐγένετο
755 1453 788 1487 τῇ
808 1452 909 1488 βραχύ-

119 1504 181 1530 τητι
192 1495 246 1522 τῶν
259 1496 423 1531 συμμάχων,
435 1497 616 1534 ἐπιτρέπεται
633 1497 709 1532 παρὰ
724 1497 791 1524 Θεοῦ
810 1500 842 1534 τῇ
862 1508 908 1525 νυ-

926 881 949 910 Β

121 1542 164 1569 κτὶ
179 1541 272 1577 ἐκείνῃ
284 1541 426 1568 κατελθεῖν
444 1542 473 1568 ὲν
490 1543 523 1577 τῆ
551 1543 712 1579 παρεμϐολῇ
732 1544 845 1580 Μαδιάμ
861 1545 905 1580 μό·
921 1554 944 1584 c

119 1596 163 1620 vo;
189 1588 259 1622 μετὰ
287 1588 444 1623 παιδαρίου.
477 1588 624 1616 Κατελθὼν
647 1589 676 1615 δὲ
697 1590 813 1624 ἤκουσεν
828 1592 857 1618 ὲν
875 1593 909 1626 τῇ

119 1634 281 1669 παρεμϐολῇ
293 1633 427 1668 λεγόντων
449 1635 552 1669 μαγίδα
564 1635 689 1671 κριθίνην
711 1637 767 1670 (5i)
788 1638 817 1663 έν
835 1636 910 1673 ὕπνῳ

118 1679 263 1706 τεθεᾶσθαι
288 1680 333 1707 τον
361 1679 474 1712 λέγοντα
491 1681 519 1706 ὲν
549 1681 580 1716 τῇ
608 1682 769 1717 παρεμϐολῇ
785 1683 908 1718 Μαδιάμ,

117 1727 179 1761 ἥτις
207 1726 407 1762 ἁνακυλιομένη
440 1727 470 1753 ὲν
494 1728 576 1754 παντὶ
593 1727 631 1762 τῷ
651 1727 708 1762 λαῷ
726 1728 843 1762 ἔφθασεν
856 1729 909 1761 ἕως

118 1772 167 1808 τῆς
183 1772 285 1807 σκηνῆς
304 1771 350 1798 τοῦ
364 1772 506 1807 βασιλέως,
520 1773 567 1799 καὶ
579 1773 715 1805 ἐπάταξεν
731 1775 747 1809 ἡ
762 1775 845 1809 μαγις
858 1776 908 1810 τὴν

119 1818 223 1854 σκηνὴν
236 1839 243 1850 ,
265 1819 312 1845 καὶ
328 1817 420 1845 ἔπεσε.
439 1818 494 1845 Καὶ
509 1817 586 1846 εἷπον
610 1820 634 1845 οἱ
648 1819 808 1852 ἀκούοντες’
826 1830 836 1846 ‹
852 1821 908 1848 Οὐκ

117 1864 174 1891 ἐστι
189 1863 278 1897 τοῦτο,
295 1863 381 1900 ἀλλ’ἢ
401 1864 417 1898 ή
438 1865 561 1899 ρομφαὶα
580 1864 627 1891 τοῦ
648 1865 767 1892 Γεδεών·
782 1866 909 1901 παραδώ-

118 1919 160 1937 σει
173 1910 228 1946 γὰρ
245 1910 260 1936 ὁ
275 1910 378 1946 Κύριος
394 1910 444 1944 τὴν
463 1911 640 1946 παρεμϐολὴν
666 1911 760 1947 ταύτηι
785 1912 814 1937 ὲν
836 1912 909 1947 χειρ)⁵

117 1957 211 1986 αὑτοῦ.
233 1968 242 1984 ι
270 1958 324 1985 Καὶ
349 1957 450 1993 ἤκουσε
484 1957 589 1984 Γεδεὼν
617 1958 665 1985 καὶ
687 1959 823 1994 ὲνίσχυσε.
853 1959 908 1986 Καὶ

116 2003 233 2039 ἀνῆλθεν
249 2004 278 2030 ὲν
303 2004 336 2039 τῇ
352 2003 444 2039 ἐκείνῃ
459 2004 540 2030 νυκτὶ
556 2003 625 2038 πρὸς
643 2003 692 2038 τὴν
717 2003 905 2039 παρεμϐολὴν,

117 2051 165 2077 καὶ
179 2049 303 2085 ενισχυσε
317 2049 382 2080 τοὺς
402 2049 580 2084 τριακοσίους
598 2049 697 2084 ἄνδρας
707 2049 770 2080 τοὺς
787 2050 845 2084 μετ’
859 2050 908 2076 αὺ-

115 2095 175 2126 τοῦ,
190 2095 292 2122 δέδωκε
311 2094 341 2121 δὲ
359 2094 454 2125 αὐτοῖς
477 2095 610 2130 ἀμφορεῖς
627 2095 676 2121 καὶ
697 2094 845 2130 λαμπάδας
860 2096 907 2122 καὶ

116 2142 281 2176 σάλπιγγας.
296 2141 349 2168 Καὶ
367 2140 505 2167 κατελθὼν
522 2141 672 2176 πεποίηκεν
686 2141 724 2173 ὡς
738 2142 903 2177 γέγραπται.

114 2185 169 2214 *Ην
184 2187 211 2214 δὲ
231 2187 344 2222 Μαδιὰμ
374 2186 504 2222 μυριάδες
532 2189 687 2222 τριακόσιαι
707 2187 821 2221 δώδεκα,
839 2189 906 2216 ὡσεὶ

966 260 1066 295 populo
1095 264 1261 297 prteerat",
1287 265 1394 293 adscito
1416 266 1519 294 Baruco
1545 276 1596 295 una
1617 269 1650 296 ad
1675 277 1752 295 tuon-

968 311 1019 334 luxu
1055 305 1206 335 Thaborcm
1235 309 1429 344 proﬁciscitur,
1460 317 1557 339 testata
1592 321 1652 341 eutn
1691 321 1752 341 esse

965 353 1036 380 diem
1071 361 1126 389 quo
1162 353 1234 383 Deus
1267 356 1397 385 lsraelum
1437 364 1510 386 esset
1544 367 1558 386 ιι
1596 360 1752 388 Madianitis

965 400 1141 428 liberaturus.
1174 402 1260 429 Porro
1295 403 1415 432 Baracus
1449 405 1570 432 Siseram
1603 406 1630 433 in
1660 405 1751 441 fugam

965 450 1056 473 actum
1086 447 1229 476 insecutus
1251 452 1305 479 est.
1321 452 1404 483 atque
1428 449 1488 484 ejus
1511 458 1609 477 currus
1636 452 1752 478 cummi-

965 492 1033 519 nuit.
1050 492 1110 527 Ipse
1137 493 1248 528 quidem
1275 493 1366 521 Sisera
1390 495 1423 522 dc
1439 502 1489 522 suo
1503 504 1586 524 cttrru
1611 496 1752 524 descendit

965 538 1095 573 solusque
1125 539 1204 573 fugit.
1234 542 1321 571 Quem
1352 540 1512 574 conspicata
1547 542 1633 573 Jacla,
1656 543 1753 569 mulir

964 584 1082 618 egregia,
1100 584 1132 610 ad
1155 592 1185 612 se
1207 585 1325 616 vocavit,
1349 585 1457 613 hortata
1471 590 1501 613 ut
1523 592 1610 614 metus
1637 596 1752 616 secutus

964 629 997 655 ad
1017 637 1047 656 se
1061 630 1217 658 diverteret.
1236 630 1364 666 Ingresso
1390 632 1451 659 sitis
1475 633 1675 667 restinguendae
1691 642 1753 669 gra-

964 674 1000 700 tia
1018 674 1058 701 lac
1086 675 1232 702 bibendum
1254 676 1390 710 exhibuit,
1412 677 1585 712 sopitumque
1602 680 1679 705 clam
1693 683 1752 706 tru-

963 719 1074 745 cidavit.
1106 718 1162 746 Sub
1190 720 1295 747 Baraco
1317 721 1380 749 inde
1407 723 1506 757 povulo
1530 730 1580 757 pax
1608 723 1643 750 40
1666 731 1753 751 minus

963 762 1024 790 luit.
1042 763 1116 795 Post,
1131 771 1193 791 cum
1211 765 1301 792 denuo
1317 766 1350 793 ad
1367 767 1580 794 simulacrorum
1605 769 1708 794 cultum
1724 776 1753 796 se

964 808 1096 841 dedisset,
1116 809 1142 836 in
1168 809 1380 838 Madianitarum
1398 820 1480 839 manu
1505 820 1554 847 per
1580 814 1752 849 septenuiuut

965 853 1024 881 luit.
1062 855 1099 882 Ea
1131 859 1291 890 tempestate
1307 856 1329 872 '°
1366 857 1479 893 angelus
1515 857 1635 886 Gedeoni
1669 867 1753 894 appa-

965 900 1029 933 ruit,
1054 901 1101 935 qui
1125 902 1148 928 ei
1179 903 1312 929 iudicaret
1336 902 1395 930 fore
1418 907 1447 930 ut
1470 903 1497 930 in
1527 904 1613 938 ipsius
1642 912 1752 932 manum

965 946 1035 973 Deus
1062 945 1224 975 Madianitas
1253 948 1383 975 traderet.
1415 947 1454 975 lbi
1483 956 1545 976 cuin
1574 948 1683 977 Gedeon
1705 957 1753 985 pc-

964 992 1054 1019 tiisset
1070 995 1100 1019 ut
1119 992 1172 1020 sibi
1201 1001 1257 1020 rem
1283 1001 1390 1021 sacram
1420 994 1475 1022 Deo
1499 994 1590 1022 facere
1611 996 1753 1031 permitte-

963 1040 1048 1067 retur,
1063 1036 1176 1072 angelus
1194 1037 1352 1065 summitate
1369 1038 1450 1073 virgae
1468 1039 1635 1066 sacrificium
1655 1039 1750 1074 tetigit,

963 1082 1090 1117 ignisque
1116 1083 1179 1110 inde
1196 1083 1300 1110 exarsit
1322 1083 1403 1117 idque
1420 1085 1602 1119 consumpsit,
1623 1092 1654 1112 ac
1674 1085 1753 1120 100

962 1126 1088 1154 discessit
1114 1126 1238 1162 angelus.
1269 1126 1362 1154 Sensit
1394 1135 1458 1163 ergo
1483 1127 1594 1156 Gedeou
1624 1131 1750 1163 angelum

962 1179 1055 1200 secum
1072 1172 1156 1200 fuisse
1176 1173 1311 1205 locututu,
1330 1180 1361 1200 ac
1378 1174 1480 1201 timuit.
1501 1174 1566 1201 inde
1583 1174 1701 1209 duplicis
1718 1175 1752 1200 de

962 1218 1061 1246 vellere
1079 1218 1132 1246 voti
1154 1218 1286 1246 divinitus
1302 1227 1416 1255 compos
1443 1220 1545 1252 factus,
1570 1221 1656 1260 altare
1677 1221 1750 1256 quod

961 1264 995 1291 ad
1016 1263 1090 1291 Baali
1106 1265 1210 1292 cultum
1228 1269 1305 1300 pater
1327 1265 1478 1300 usurpabat
1504 1260 1649 1298 subvertit,
1665 1274 1751 1301 eoque

961 1311 1023 1339 loco
1051 1318 1098 1338 ara
1119 1316 1258 1338 exstructa
1293 1311 1348 1339 Deo
1372 1312 1498 1339 buculam
1518 1313 1652 1341 immolat.
1669 1312 1752 1346 Tum,

961 1361 1112 1385 convocato
1128 1358 1239 1392 populo,
1255 1357 1291 1384 2'2
1305 1358 1388 1385 millia
1404 1366 1498 1386 eorum
1511 1359 1556 1394 qui
1578 1359 1628 1386 sibi
1646 1363 1751 1386 metue-

960 1403 1026 1431 bant
1040 1403 1182 1438 discedere
1205 1405 1314 1431 domum
1336 1404 1425 1439 jubet,
1440 1409 1467 1432 et
1488 1405 1592 1440 reliqua
1605 1405 1638 1432 10
1663 1406 1748 1433 millia

961 1449 1080 1476 virorum
1095 1449 1173 1483 jussu
1191 1449 1237 1477 Dei
1260 1449 1293 1476 ad
1312 1457 1417 1477 amnem
1435 1450 1556 1484 deducit,
1574 1452 1619 1479 tibi
1638 1452 1750 1487 reliquis

960 1494 1090 1521 omnibus
1115 1495 1266 1529 repudiatis
1289 1499 1427 1523 trecentos
1455 1500 1571 1529 tantum,
1588 1497 1634 1532 qui
1658 1497 1749 1532 lingua

961 1547 1059 1575 aquam
1079 1547 1177 1567 canum
1196 1540 1250 1567 rittt
1265 1540 1409 1575 lampendo
1426 1541 1571 1574 bibissent,
1586 1543 1696 1571 retinet.
1713 1543 1750 1570 Ea

961 1591 1015 1613 tam
1037 1594 1118 1622 parva
1135 1593 1215 1614 manu
1241 1586 1392 1615 instructus
1406 1587 1537 1616 mandato
1558 1589 1605 1616 Dei
1628 1590 1703 1617 solus
1718 1597 1749 1617 ea

960 1638 1041 1661 nocte
1060 1641 1123 1660 cum
1145 1641 1230 1668 puero
1250 1633 1277 1661 in
1306 1638 1395 1661 castra
1421 1634 1570 1663 Madianiea
1597 1636 1748 1664 descendit.

961 1680 999 1707 lbi
1028 1679 1133 1707 audivit
1161 1679 1327 1707 insomnium
1355 1681 1407 1708 sibi
1441 1681 1556 1709 invicem
1592 1687 1748 1716 narrantes,

960 1726 1124 1761 imaginatos
1154 1733 1183 1753 se
1212 1734 1259 1761 per
1291 1726 1409 1761 quietetn
1435 1727 1528 1755 videre
1552 1732 1656 1763 pastam
1685 1729 1750 1756 hor.

959 1773 1086 1800 deaceam
1098 1773 1214 1799 volutari
1231 1780 1280 1807 per
1287 1772 1438 1801 Madianica
1451 1778 1554 1807 castra,
1573 1782 1676 1810 perque
1691 1779 1748 1812 tota

958 1823 1051 1846 castra
1073 1818 1222 1845 volutatum
1239 1819 1272 1845 ad
1297 1819 1368 1854 regis
1387 1818 1497 1846 tandem
1516 1821 1662 1847 tentorium
1685 1829 1748 1855 per-

959 1865 1040 1891 latam
1057 1864 1198 1898 impulisse
1215 1863 1241 1890 id
1255 1869 1336 1898 atque
1351 1864 1493 1899 dejecisse.
1510 1864 1537 1891 ld
1553 1865 1692 1892 auditores
1711 1867 1748 1892 ita

959 1909 1145 1945 interpretari,
1160 1909 1228 1936 nihil
1249 1909 1322 1935 aliud
1351 1908 1533 1942 significatum
1557 1917 1589 1936 eo
1608 1910 1746 1937 insomnio

958 1962 1040 1990 quam
1059 1953 1197 1981 Gedeonis
1214 1953 1346 1988 gladium,
1362 1953 1389 1979 iu
1412 1953 1491 1988 cujus
1507 1961 1616 1981 manum
1631 1954 1700 1982 Deus
1714 1962 1746 1982 ea

958 2005 1048 2029 castra
1066 2004 1139 2027 esset
1166 1999 1332 2026 traditurus.
1358 1998 1415 2027 Hoc
1441 1999 1593 2026 inauditqu
1612 2000 1746 2028 Gedcouis

958 2048 1081 2074 animum
1099 2045 1292 2079 conﬁrmavit;
1308 2053 1394 2081 eaque
1410 2051 1490 2073 nocte
1504 2046 1530 2072 iu
1552 2054 1601 2073 sua
1621 2055 1746 2076 reversus

957 2098 1058 2126 castra,
1071 2092 1169 2120 ﬁducia
1179 2092 1231 2119 500
1246 2092 1320 2119 viros
1331 2099 1397 2120 suos
1410 2092 1542 2127 implevit,
1556 2101 1587 2120 ac
1598 2094 1746 2122 instructos

957 2138 1109 2174 amphoris,
1129 2137 1300 2173 lampadibus
1333 2142 1415 2172 atque
1455 2139 1526 2166 tubis
1556 2140 1589 2166 ad
1626 2139 1745 2167 hostium

957 2191 1048 2213 castra
1072 2185 1207 2211 deduxit:
1239 2183 1277 2211 ibi
1304 2189 1360 2210 tum
1387 2192 1430 2211 res
1455 2189 1530 2219 gesta
1546 2189 1589 2212 est
1609 2187 1746 2219 quomodo

114 2234 196 2268 ἀκρὶς
212 2235 240 2260 ἐν
265 2233 350 2269 πεδίῳ
374 2233 524 2268 κεχυμένη,
543 2233 590 2260 καὶ
614 2234 664 2260 οὐκ
677 2232 711 2269 ἦν
726 2233 842 2269 ἀριθμὸς
857 2235 903 2262 τοῦ

960 2233 1100 2267 Scriptura
1117 2231 1236 2265 exponit.
1259 2229 1344 2257 Erant
1371 2235 1397 2257 ιιι
1428 2232 1529 2270 castris
1557 2230 1675 2257 hostitnu
1704 2235 1746 2257 ter

114 2279 180 2306 λαοῦ
195 2278 287 2306 αὐτῶν
302 2279 318 2314 ἦ
331 2279 385 2305 τῶν
397 2278 530 2313 καμήλων
540 2279 641 2305 αὐτῶν.
654 2280 708 2306 Καὶ
722 2280 783 2306 ἐπεὶ
793 2281 903 2316 ἐξέστη-

115 2334 162 2352 σεν
177 2325 276 2356 αὐτοὺς
292 2325 306 2351 δ
322 2325 399 2358 Θεὸς,
420 2324 565 2356 κατεδίωξε
579 2325 681 2352 Γεδεὼν
698 2325 786 2352 ὀπίσω
799 2326 901 2354 αὐτῶν.

957 2279 1066 2306 millena
1094 2281 1260 2310 centumque
1288 2282 1320 2302 ac
1349 2275 1444 2310 viginti
1480 2276 1562 2302 millia
1591 2276 1744 2308 houtiuum,

957 2325 1039 2353 veluti
1069 2324 1237 2351 locustarum
1267 2321 1413 2348 tnultitudo
1447 2329 1494 2356 per
1519 2329 1600 2356 agros
1622 2322 1742 2354 dill'usa;

114 2373 228 2405 Γνόντες
242 2373 274 2408 ,δὲ
287 2373 313 2400 οἱ
325 2372 461 2399 ἐπίλοιποι
484 2372 689 2408 προκατέλαϐον
700 2373 748 2405 τὰς
763 2373 902 2405 διαϐάσεις

960 2378 1044 2406 neque
1062 2374 1193 2396 numerus
1210 2366 1376 2394 camelorum
1391 2365 1452 2392 iniri
1466 2369 1582 2401 poterat.
1596 2365 1744 2400 Postquam

186 2465 209 2481 ¹⁹
228 2463 317 2492 Judic.
332 2472 369 2497 tv,
443 2464 465 2480 “
479 2462 556 2491 Judi:
587 2471 622 2491 vt.

636 2531 815 2560 XYIANDRI
854 2533 897 2561 ET
917 2529 1023 2560 GOAiil
1056 2527 1172 2556 NOTE.

152 2591 207 2628 (55)
229 2590 328 2628 Nescio
349 2598 383 2618 an
414 2590 455 2617 sic
476 2589 644 2628 locutus_sit
673 2589 826 2628 ςειιιλοιιιιις1
846 2591 900 2619 Res

111 2624 160 2655 est‘
178 2624 332 2659 manifesta,
356 2630 384 2653 et
409 2633 459 2660 pro
494 2624 645 2659 Ἐλιθαὸώρ
675 2625 789 2653 historia
814 2626 900 2654 fretus

111 2670 217 2697 repono
233 2661 279 2688 ἐπὶ
294 2661 403 2697 Θαϐώρ.
416 2660 485 2697 νΧιιι..

150 2697 206 2733 (54)
227 2696 304 2729 Quod
318 2696 385 2731 quid
400 2696 446 2728 sit,
461 2703 518 2722 uett
535 2695 694 2730 pronuntio.
714 2695 785 2723 Sane
813 2704 902 2731 neque

111 2752 128 2771 α
145 2744 239 2783 Grtcco
255 2751 342 2783 neque
365 2743 399 2770 ab
417 2744 479 2777 ipso
496 2741 629 2783 Hebraico
717 2735 780 2773 5155:
791 2749 901 2783 nti-my

109 2779 208 2814 procul
224 2784 288 2813 puto
303 2779 400 2806 abesse
414 2785 504 2814 meam
529 2779 793 2814 interpretationem.
814 2781 901 2807 Ζοιιίι-

109 2812 158 2842 ras
187 2812 270 2841 habet
298 2813 394 2849 μᾶζαν
430 2812 565 2849 κριθίνην.
598 2812 733 2849 Josepltus
756 2815 831 2842 addit
856 2816 901 2842 ὑπ’

111 2848 250 2880 εὐτελείας
259 2848 412 2884 ἀνθρώποις
432 2848 566 2882 ἄϐρωτον,
579 2855 640 2882 qua:
665 2849 700 2876 ob
715 2849 844 2877 vilitatem
869 2852 902 2878 al)

113 2884 273 2912 hominibus
306 2892 353 2918 pro
369 2885 431 2911 cibo
464 2892 518 2910 nun
548 2889 736 2918 usurparetur,
759 2886 776 2914 Ι,
793 2895 816 2919 v,
834 2894 857 2913 ς.
875 2888 900 2913 8,

954 2588 1039 2615 Porro
1059 2587 1106 2622 qui
1123 2587 1248 2621 sequitur
1273 2585 1482 2622 Medianum-um
1515 2593 1657 2622 numerus,
1678 2595 1741 2616 eum

954 2620 1078 2657 expressi
1094 2627 1124 2649 ut
1145 2620 1242 2655 reperi,
1268 2620 1385 2648 512000.
1403 2620 1508 2657 Vertth
1518 2621 1541 2649 is
1559 2629 1666 2649 omnem
1685 2631 1739 2651 non

955 2656 1034 2685 ﬁdem
1050 2657 1130 2684 modo
1142 2657 1188 2684 sed
1205 2661 1231 2683 et
1256 2657 1397 2692 veritatem
1426 2656 1533 2692 excedit
1557 2664 1564 2683 :
1593 2657 1659 2692 quin
1685 2659 1741 2686 imo

954 2694 1035 2720 etiam
1053 2693 1076 2719 si
1105 2700 1154 2727 pro
1184 2691 1352 2727 myriadibus
1381 2691 1512 2719 cltiliadcs
1535 2691 1619 2727 legas,
1650 2697 1679 2720 ut
1703 2694 1740 2720 sit

955 2727 1072 2761 512000,
1105 2726 1195 2755 tamen
1224 2726 1340 2761 amplior
1361 2726 1436 2760 justo
1464 2726 1683 2762 videri’possit.
1709 2727 1739 2755 lu

957 2763 1101 2798 Scriptura
1116 2769 1195 2798 sacra
1212 2762 1350 2798 exercitus
1368 2769 1422 2788 non
1440 2766 1611 2793 numeratur,
1633 2765 1739 2798 tametsi

959 2800 1108 2825 maximum
1138 2797 1224 2824 l‘ttisSe
1242 2797 1410 2824 locustarum
1424 2798 1595 2832 comparatio
1625 2797 1738 2825 indicat.

955 2833 1092 2868 Josephus
1111 2833 1331 2868 quidemauetor
1355 2836 1398 2868 est
1418 2833 1583 2860 occubuisse
1601 2832 1626 2859 in
1650 2840 1739 2866 pugna

958 2866 1169 2896 Madianitatu-nt
1186 2867 1234 2894 [‘20
1247 2867 1341 2895 millia.
1355 2866 1419 2894 Χῖι..
