2007 3156
270 155 321 190 135

896 149 1056 180 GEORGII
1077 149 1174 180 CEDR
1180 150 1241 179 ENl

1848 150 1900 183 136

269 211 371 239 llabuit
394 210 466 238 enim
490 209 534 237 hic
559 208 669 237 cheon
695 215 727 235 ex
754 206 846 234 multis
871 206 1003 233 uxoribus
1023 211 1054 232 ac

1109 204 1246 240 λόορευσιν
1268 204 1309 230 toi
1339 204 1413 231 οἴκου
1440 204 1533 232 αὐτοῦ.
1563 201 1648 237 οὗτος
1664 205 1717 239 γὰρ
1730 206 1744 232 ὁ
1763 205 1867 232 Γεδεὼν
1878 204 1900 232 η’

267 256 411 292 pollicibus
434 255 469 283 70
493 254 573 282 filios.
596 253 632 281 Ex
652 253 747 279 barum
771 259 825 279 una
840 251 922 278 etiam
948 250 1058 278 Abnue-

270 302 380 330 lechum
397 301 521 333 sustulit,
532 300 577 335 qui
593 299 714 334 reliquos
727 305 793 326 suos
815 298 913 325 fratres
926 296 958 324 ad
973 303 1056 323 unum

269 356 367 376 omnes
383 353 464 382 super
486 353 540 373 uno
570 344 659 380 lapide
683 343 804 376 necavit,
832 342 890 370 solo
915 340 1058 369 Joatltamo

268 394 361 428 elapso
385 391 464 420 caedi.
495 389 629 426 Populum
659 389 733 417 enim
762 388 922 416 adulatione
946 386 1056 413 Abime.

268 439 364 468 lecbus
395 437 501 472 decepit
531 443 704 471 regnumque
740 434 869 463 obtinuit.
896 432 1058 460 Joathatnus

268 489 357 513 autem
386 483 470 511 frater
485 483 547 517 ejus
563 489 718 510 conscenso
733 481 852 516 quodam
875 482 967 507 monte
983 478 1059 506 Sice-

265 530 343 557 mitis
360 529 447 565 patris
472 528 515 557 sui
536 527 668 555 beneﬁcia
692 526 877 562 exprobravit,
892 533 924 553 ac
938 524 1057 552 fabulam

266 576 300 602 iis
315 575 349 603 de
362 575 433 608 olea,
452 574 516 607 ficu,
535 574 591 601 vite
607 573 757 601 etrhamno
766 572 896 599 narravit.
913 571 962 598 Cui
979 569 1058 604 105

265 625 381 649 eventus
413 629 507 648 eorum
537 619 705 656 respondit:
727 627 806 654 reges
831 619 903 645 enim
936 618 1057 652 ipsorum

266 667 381 701 spiritus
409 665 518 693 Domini
555 666 738 696 conturbavit,
771 665 875 699 fuitque
913 664 940 690 in
983 663 1058 698 ipsos

264 711 361 740 emcax
376 711 543 740 Abimelechi
558 711 675 745 gladius.
689 715 717 737 ct
732 709 838 746 gladius
853 709 975 744 ipsorum
990 715 1058 735 con-

269 764 311 786 tra
353 766 428 786 eum.
469 757 650 793 Tyrannidem
682 756 876 784 Abimelct-hus
911 754 1057 782 triennium

268 805 368 837 tonuit,
387 805 524 839 urbesque
550 803 739 830 Siccmitarum
764 803 872 830 evertit.
891 801 976 829 Unam
994 807 1058 828 vero

268 851 360 878 adhuc
387 858 482 877 eorum
506 849 601 876 urbem
625 852 826 884 oppugnantem
843 854 975 882 muroque
991 846 1058 874 sub-

269 900 378 924 euntem
394 896 512 930 desuper
528 894 614 922 frusto
637 894 715 921 molae
739 893 861 928 conjecto
877 893 975 919 mulier
995 900 1056 927 per-
1073 886 1094 914 Β

267 942 366 974 cussit,
381 949 413 969 ac
429 941 573 969 calvariam
590 939 616 967 ei
629 938 775 974 confregit.

303 1078 441 1106 Successit
457 1077 751 1109 AbimeleclioTltolas,
765 1077 904 1112 Judexque
920 1076 1057 1105 lsraclicis

268 1125 319 1152 fuit
330 1124 366 1151 23
380 1132 477 1152 annos.
495 1123 560 1151 Post
588 1123 660 1151 hunc
687 1123 777 1151 Jairus
798 1123 955 1151 Galaadites
970 1131 1057 1151 annos

267 1171 313 1198 22.
330 1171 398 1198 Huic
413 1170 460 1198 filii
483 1169 595 1198 fuerunt
618 1169 662 1197 '50.
675 1169 781 1197 Mortuo
797 1177 829 1197 eo
857 1178 954 1197 rursus
972 1169 1056 1197 Dcum

268 1218 384 1252 populus
417 1217 537 1251 peccatis
564 1216 688 1249 offendit,
705 1216 885 1244 barbarorum
910 1216 1058 1244 simulacra

267 1264 392 1291 colendo.
409 1262 504 1297 Itaque
529 1269 577 1297 per
594 1269 682 1290 annos
711 1261 744 1289 18
761 1269 806 1289 rex
823 1261 975 1293 Moabicus,
992 1262 1057 1287 Am-

269 1310 412 1340 monicus,
440 1313 468 1336 ct
501 1316 563 1343 quae
594 1308 829 1343 circumjacebant
860 1311 969 1342 gentes,
994 1314 1056 1334 eum

268 1354 476 1382 divexaverunt.
498 1354 563 1382 Inde
578 1361 641 1381 cutn
664 1354 761 1382 alienis
778 1354 831 1381 diis
859 1353 993 1380 submotis
1024 1352 1057 1379 ad

270 1400 414 1428 Dominum
434 1408 494 1428 sese
516 1400 710 1432 convertisset,
727 1399 750 1427 is
764 1401 804 1427 eis
817 1399 937 1434 iudicem
953 1398 1056 1425 excitu-

270 1446 310 1474 vit
325 1446 466 1480 lephtham
481 1445 649 1473 Galaaditcm
667 1450 759 1472 scorto
773 1449 878 1472 natum.
893 1444 942 1471 Hic
958 1448 1057 1471 auctus

271 1493 370 1520 robore
397 1492 518 1520 Moabico
531 1492 632 1528 populo
647 1496 674 1519 et
692 1492 747 1527 regi
763 1498 872 1527 gravem
894 1490 998 1518 cladem
1014 1490 1058 1516 in-

271 1540 341 1567 tulit.
354 1539 481 1575 ldemque
494 1544 586 1567 votum
599 1547 679 1568 suum
699 1546 793 1574 parum
812 1538 855 1573 pie
871 1537 982 1573 propria
1003 1538 1056 1565 tilia

268 1585 408 1614 immolata
419 1586 557 1620 persolvit.
569 1585 702 1617 Excessit,
714 1592 775 1611 cum
788 1583 947 1611 sexennium
960 1583 1059 1618 populo

271 1633 434 1668 przel'uisset.
453 1631 518 1659 Post
545 1632 620 1658 bunc
641 1631 762 1658 Esscbon
786 1631 813 1662 7,
830 1630 916 1666 Eglon
940 1629 1058 1656 Zabulo-

272 1678 335 1705 nius
353 1676 395 1709 10,
412 1677 508 1704 Abdon
529 1675 713 1706 Pharatonius
729 1675 745 1702 8
762 1682 849 1702 annos
864 1673 956 1709 populi
974 1673 1057 1700 duces

271 1723 392 1754 fuerunt,
408 1723 524 1758 quisque
546 1729 641 1749 eorum
670 1720 755 1755 priori
782 1724 889 1747 mortuo
917 1719 1056 1747 suifectus.

270 1771 366 1798 Abdon
395 1770 464 1798 filios
494 1769 589 1796 habuit
614 1768 659 1800 ΔΟ,
690 1771 802 1802 nepotes
825 1766 869 1793 50.
901 1765 1056 1793 Secundum

271 1817 328 1844 lucc
340 1817 439 1851 populo
457 1823 564 1843 rursum
581 1814 614 1841 ad
632 1813 729 1848 impios
741 1813 950 1840 simulacrorum
967 1812 1057 1839 cultus

271 1870 301 1890 se
319 1863 412 1895 dante,
428 1862 499 1889 Dens
518 1869 579 1888 eum
595 1859 742 1887 Philistaeis
754 1866 800 1894 per
819 1858 853 1886 60
865 1865 951 1885 annos
966 1856 1059 1892 oppri-

271 1908 399 1935 mendum
409 1906 551 1943 permittit.
564 1906 643 1941 106
653 1905 689 1932 Eo
698 1909 818 1940 tempore
826 1905 939 1940 angelus
951 1904 1058 1931 Domini

272 1953 380 1981 mulieri
413 1953 511 1985 sterili,
539 1959 600 1987 qua;
619 1951 722 1978 Manoae
743 1955 802 1978 erat
832 1959 911 1983 uxor,
933 1954 1058 1986 apparet,

270 1999 465 2035 gravidamque
484 1998 542 2025 fore
557 2001 584 2024 et
612 1996 755 2024 Samsonis
771 2000 884 2023 matrem
902 1996 1056 2030 pollicetur.

271 2046 386 2074 Adultus
411 2045 526 2072 Samson
555 2044 588 2071 ad
617 2043 771 2071 ducendum
795 2043 847 2071 sibi
877 2043 1058 2078 alienigenam

272 2100 385 2120 uxorem
399 2092 522 2118 animum
543 2090 656 2125 adjecit,
671 2090 829 2125 parentibus
848 2090 1057 2122 reluctantibus,

270 2139 344 2174 quod
370 2137 508 2165 nescirent
533 2136 649 2164 consilio
664 2135 711 2164 Dei
738 2136 808 2164 hanc
827 2136 850 2164 ei
881 2135 1059 2171 cupiditatem

271 2185 420 2220 injectam,
449 2190 509 2218 qua
541 2183 720 2210 internecioni
753 2182 934 2210 barbarorum
962 2189 1057 2210 ansam

270 2231 414 2267 praeberet.
432 2228 567 2256 Successu
582 2229 713 2264 temporis
725 2228 822 2256 illusus
832 2228 866 2256 ab
881 2232 966 2256 uxore
977 2227 1058 2255 Sam-

270 2285 320 2305 son
339 2277 412 2311 (cum
429 2275 580 2310 quaestione
592 2275 618 2310 ζα
633 2275 731 2302 marito
749 2275 799 2302 sibi
812 2275 963 2310 proposita,
978 2274 1059 2310 quid-

270 2329 333 2349 nam
348 2320 401 2349 sibi
423 2321 475 2348 ltoc
488 2320 585 2348 vellet:
598 2330 607 2347 (
623 2321 661 2348 Ex
682 2328 730 2349 ore
748 2321 872 2348 vorantis
890 2320 968 2348 cibus
983 2321 1058 2348 exiit-

273 2371 355 2402 atque
384 2366 501 2395 dulcedo
537 2375 552 2395 a
590 2368 723 2399 robusto,
759 2375 769 2392 ι
797 2373 829 2394 ea
849 2367 1056 2402 respondisset:

273 2422 283 2439 ι
302 2412 437 2441 Numnam
462 2412 567 2448 aliquid
596 2413 676 2440 leone
712 2412 874 2445 robustius,
904 2416 951 2439 aut
979 2412 1058 2440 melle

270 2460 398 2488 dulcius?
414 2469 424 2486 ι
444 2460 454 2495 )
470 2459 668 2488 consuetudine
683 2458 743 2493 ejus
768 2465 797 2486 se
821 2458 969 2492 abstinuit;
985 2466 1059 2486 eam-

269 2514 323 2541 que
337 2514 416 2534 socer
433 2507 479 2534 alii
507 2507 566 2533 viro
588 2506 615 2532 in
639 2505 842 2532 matrimonium
860 2505 981 2532 tradidit.
999 2505 1057 2538 Qua

270 2561 298 2581 re
316 2553 345 2580 in
363 2553 496 2580 barbaros
508 2558 687 2588 exasperatus
703 2553 832 2584 Samson,
843 2552 916 2579 mille
929 2552 1056 2587 vulpibus

269 2599 412 2627 adornatis
428 2607 524 2627 eorum
540 2605 648 2633 segetes
675 2598 807 2626 incendit.
823 2597 916 2634 Itaque
945 2598 1056 2625 barbari

270 2646 413 2674 Samsonis
434 2652 547 2672 uxorem
564 2644 702 2679 hujusque
719 2649 843 2679 parentes
858 2648 884 2672 et
901 2644 1048 2672 universan

269 2691 398 2718 familiam
413 2691 468 2726 igni
484 2691 706 2723 combusserunt,
720 2690 792 2726 quod
812 2698 897 2725 penes
914 2698 962 2718 eos
978 2697 1055 2718 accc:

270 2739 307 2773 pti
322 2738 414 2765 damni
432 2744 515 2764 causa
531 2736 638 2764 fuisset.
653 2736 749 2777 Postea
766 2737 894 2764 Samsoni
916 2736 970 2763 alia
997 2743 1058 2763 eve-

269 2789 370 2810 nerunt
385 2786 495 2818 propter
507 2789 619 2810 uxorem
633 2789 692 2816 quae
713 2783 740 2810 in
759 2782 826 2810 urbe
841 2781 1056 2816 alienigenarum

269 2828 404 2864 degebat;
419 2835 481 2856 cum
508 2827 619 2862 quidem
637 2831 732 2864 portas
746 2827 823 2855 urbis
851 2826 974 2854 humeris
999 2826 1058 2854 suis

269 2875 392 2903 suniatas
419 2875 446 2902 in
474 2879 592 2904 montem
619 2874 726 2903 extulit.
758 2873 890 2903 Similiter
913 2877 940 2900 et
966 2872 1057 2900 Dalilae

1109 251 1182 281 υίοὺς
1197 250 1271 285 ἔσχε,
1285 250 1396 281 πολλαῖς
1411 251 1520 284 γυναιξὶ
1535 250 1583 277 καὶ
1594 251 1746 282 παλλακαῖς
1761 251 1900 286 μιγνύμε-

1108 305 1162 328 νος.
1182 296 1230 322 Ἐκ
1249 296 1313 332 μιᾶς
1329 296 1356 323 δὲ
1375 296 1479 324 τούτων
1493 297 1593 333 ἐτέχθη
1603 297 1677 332 αύτῷ
1696 297 1852 333 Ἀδιμέλεχ,
1869 298 1901 329 ὃς

1108 342 1249 376 ἀπέσφαξε
1278 342 1340 374 τοὺς
1365 342 1476 374 λοιποὺς
1502 343 1634 378 ἀδελφοὺς
1651 344 1735 370 αὐτοῦ
1764 345 1809 371 ἐπὶ
1824 344 1901 371 λίθον

1108 388 1166 420 ἕνα,
1192 389 1251 420 ἐνὸς
1269 388 1317 415 καὶ
1340 389 1421 424 μόνου
1441 388 1616 424 διαφυγόντος
1637 390 1765 426 Ίωάθαμ,
1792 391 1901 425 θωπείᾳ

1107 435 1134 461 δὲ
1154 435 1332 471 ἀπεπλάνησε
1354 435 1401 462 τὸν
1428 436 1493 462 λαὸν
1519 437 1567 463 καὶ
1597 437 1772 464 ἐϐασίλευσεν
1795 437 1900 464 αὐτῶν.

1116 480 1233 516 Ίωὰθαμ
1244 481 1273 508 δὲ
1285 482 1299 507 ὁ
1313 481 1426 515 ἀδελφὸς
1439 482 1522 509 αὑτοῦ
1535 483 1577 517 ἐφ’
1593 483 1621 509 ἐν
1636 483 1690 510 τῶν
1712 483 1798 518 ὀρέων
1817 483 1901 510 ἀνελ-

1110 525 1164 553 Θὼν
1175 527 1345 562 προσεφώνει
1360 528 1401 564 [Ρ.
1418 528 1466 564 59]
1483 530 1539 559 τοῖς
1554 529 1708 563 Σικιμίταις
1721 529 1771 560 τὰς
1785 529 1901 563 εὐεργε-

1110 571 1171 602 σίας
1184 572 1231 598 τοῦ
1246 573 1348 607 πατρὸς
1358 573 1453 605 αὑτοῦ,
1469 573 1556 600 είπὼν
1564 574 1655 606 αὐτοῖς
1666 574 1731 609 περὶ
1742 575 1791 608 τῆς
1804 574 1901 606 ἐλαίας

1110 617 1157 643 καὶ
1176 618 1225 652 τῆς
1243 619 1327 653 συκῆς
1338 620 1384 645 καὶ
1398 619 1448 654 τῆς
1463 619 1587 654 ἀμπέλου
1598 620 1646 646 καὶ
1661 620 1710 655 τῆς
1726 620 1828 656 ῥάμνου
1843 630 1902 646 πα-

1111 663 1237 698 ραϐολήν.
1260 665 1314 690 Kal.
1325 665 1395 691 κατὰ
1415 665 1517 700 ταύτην
1540 665 1588 700 τὴν
1614 665 1770 701 παραϐολὴν
1797 666 1900 701 συνέση

1109 709 1201 740 αὐτοῖς
1212 716 1218 722 ·
1233 710 1342 745 πνεῦμα
1365 711 1420 746 γὰρ
1436 711 1538 745 Κυρίου
1556 711 1721 746 συνετάραξε
1739 713 1802 743 τοὺς
1817 712 1902 747 βασι-

1108 754 1256 787 λεύσαντας
1286 756 1384 788 αὐτῶν,
1414 757 1491 792 καὶὴ
1514 758 1639 792 ῥομφαία
1660 757 1804 792 ’Λὸιμέλεχ
1822 760 1902 793 ἐνερ-

1109 801 1192 833 γοῦσα
1207 802 1268 828 κατ’
1282 802 1384 833 αὐτῶν,
1396 802 1444 829 καὶ
1458 803 1474 837 ἡ
1491 803 1613 837 ῥομφαία
1627 803 1715 829 αὐτῶν
1730 803 1791 830 κατ’
1801 803 1899 830 αὑτοῦ.

1109 847 1164 873 Καὶ
1181 847 1364 883 ἐτυράννησεν
1397 847 1541 883 ’Λειμέλεχ
1559 847 1606 883 ἐτη
1635 848 1710 883 τρία,
1730 849 1774 875 καὶ
1788 849 1903 876 καθεῖλε

1110 893 1199 926 πόλεις
1210 894 1371 929 Σικιμιτῶν.
1387 895 1448 921 Ἔτι
1462 895 1490 922 δὲ
1513 896 1578 930 μίαν
1595 896 1649 921 τῶν
1663 896 1766 922 πόλεων
1787 897 1904 931 πολιορ-

1109 939 1165 965 κῶν
1178 939 1331 974 πλησιάσας
1355 940 1394 975 τῷ
1409 940 1504 975 τείχει,
1534 941 1672 975 κλάσματι
1700 941 1784 976 μύλου
1799 942 1904 968 ἑὸαλεν

1108 985 1190 1011 αὑτὸν
1208 985 1310 1012 ἄνωθεν
1332 987 1412 1022 γυνὴ,
1430 987 1479 1013 καὶ
1505 986 1649 1022 συνέτριψε
1669 987 1700 1013 τὸ
1721 988 1831 1022 κρανίον
1848 988 1906 1013 αὖ·

1109 1039 1168 1057 του.

1144 1077 1221 1104 Μετὰ
1247 1077 1276 1103 δέ
1297 1078 1440 1113 ¹Δειμέλεχ
1461 1078 1561 1114 ἀνέστη
1578 1079 1660 1111 Θόλα,
1688 1077 1736 1111 καὶ
1749 1078 1839 1112 ἔκρινε
1852 1077 1906 1103 τδν

1115 1122 1222 1157 Ἰσραὴλ
1239 1122 1325 1149 εἴκοσι
1352 1123 1416 1158 τρία
1430 1123 1487 1158 ἐτη.
1514 1125 1570 1151 Καὶ
1598 1125 1657 1159 μετ’
1683 1124 1764 1150 αὑτὸν
1789 1123 1873 1158 Ἰαεὶρ
1889 1124 1906 1149 ό

1108 1166 1276 1202 Γαλααδίτης
1292 1167 1339 1200 ἔτη
1355 1167 1441 1193 εἴκοσι
1465 1167 1522 1199 δύο,
1547 1168 1576 1199 ὃς
1591 1167 1648 1203 εἶχε
1666 1169 1813 1202 τριάκοντα
1827 1167 1903 1204 [δύο]

1109 1211 1194 1243 υἱούς.
1215 1212 1270 1238 Καὶ
1289 1212 1357 1246 μετὰ
1367 1212 1463 1239 τοῦτον
1477 1213 1633 1249 ἐξήμαρτεν
1658 1214 1764 1249 Ἰσραὴλ
1780 1213 1819 1248 τῷ
1838 1215 1904 1241 Κυ-

1110 1256 1170 1291 ρίῳ,
1196 1256 1244 1282 καὶ
1272 1256 1412 1283 ἐδούλευσε
1443 1259 1499 1289 τοῖς
1513 1258 1643 1292 γλυπτοῖς
1659 1259 1714 1285 τῶν
1727 1258 1821 1286 ἐθνῶν.
1842 1259 1905 1286 Καὶ

1108 1303 1290 1330 ἐταπείνωσεν
1313 1304 1396 1331 αὑτὸν
1421 1304 1548 1339 βασιλεὺς
1567 1305 1655 1333 Μωὰῦ
1679 1306 1726 1332 καὶ
1746 1305 1837 1341 Ἀμὼν
1850 1307 1904 1333 καὶ

1109 1349 1198 1375 πάντα
1206 1349 1239 1375 τὰ
1257 1350 1320 1386 περὶ
1336 1350 1429 1386 κύκλῳ
1449 1351 1531 1378 αὐτοῦ
1550 1351 1614 1386 ἑϐνη
1632 1351 1678 1387 ἐτη
1694 1355 1737 1387 ιη’.
1763 1349 1830 1378 Εἶτα
1847 1352 1904 1379 ἐπ-ι

1108 1395 1222 1430 έστρεψε
1239 1397 1306 1432 πρὸς
1321 1396 1366 1424 τὸν
1378 1398 1455 1429 Θεὸν,
1467 1398 1515 1425 καὶ
1536 1398 1652 1433 περιῆρε
1666 1399 1728 1430 τοὺς
1743 1398 1821 1430 θεοὺς
1834 1398 1904 1430 τοὺς

1107 1441 1274 1476 ἀλλοτρίους.
1289 1444 1343 1470 Καὶ
1353 1444 1502 1480 ἀνέστησεν
1514 1444 1608 1476 αὐτοῖς
1623 1444 1719 1479 κριτὴν
1733 1445 1779 1470 τδν
1790 1444 1903 1478 Ἰεφθάε

1107 1486 1153 1512 τὸν
1170 1486 1349 1523 Γαλααδίτην,
1366 1488 1424 1515 υἱὸν
1440 1489 1570 1522 γυναικὸς
1585 1489 1698 1524 πόρνης,
1720 1489 1749 1520 ὃς
1763 1487 1797 1523 ἦν
1809 1490 1902 1524 ἐπηρ-

1110 1533 1190 1567 μένος
1215 1534 1244 1560 ἐν
1268 1533 1393 1568 δυνάμει,
1420 1535 1468 1561 καὶ
1483 1535 1604 1568 ἐπάταξε
1614 1534 1661 1561 τὸν
1678 1534 1790 1569 βασιλέα
1809 1534 1902 1561 Μωὰὸ

1111 1579 1158 1605 καὶ
1177 1579 1222 1605 τὸν
1237 1579 1300 1606 λαὸν
1313 1579 1395 1606 αὐτοῦ
1416 1580 1567 1614 κραταιῶς.
1592 1577 1675 1610 Οὗτος
1690 1580 1834 1614 ἐπλήρωσε
1847 1579 1902 1614 τὴν

1111 1624 1178 1651 ἰδίαν
1206 1624 1290 1660 εὐχὴν
1313 1624 1364 1651 οὐκ
1394 1625 1501 1659 εὐαγῶς
1529 1626 1576 1651 ἐπὶ
1606 1626 1638 1660 τῇ
1663 1625 1778 1660 θυγατρὶ
1802 1625 1900 1652 αὐτοῦ.

1111 1671 1223 1704 Ἔκρινε
1253 1670 1281 1696 δὲ
1306 1669 1352 1696 τὸν
1384 1670 1494 1705 Ἰσραὴλ
1523 1671 1569 1697 ἐπὶ
1579 1670 1626 1706 ἔτη
1643 1670 1672 1704 ἒξ
1689 1671 1736 1697 καὶ
1751 1670 1900 1698 ἀπέθανεν.

1109 1713 1175 1742 Εἶτα
1186 1715 1276 1751 κρίνει
1288 1716 1368 1742 αὐτὸν
1389 1716 1524 1743 Ἑσσεὸὼν
1544 1717 1592 1751 ἔτη
1607 1716 1678 1743 ἑπτὰ
1693 1716 1739 1743 καὶ
1749 1716 1900 1743 ἀπέθανεν.

1109 1759 1176 1788 Εἶτα
1186 1761 1276 1797 κρίνει
1291 1761 1371 1788 αὐτὸν
1390 1762 1490 1796 Ἑλγὼν
1511 1763 1525 1788 ὁ
1540 1762 1743 1798 Ζαδουλωνίτης
1767 1762 1816 1796 ἐτη
1832 1762 1902 1790 δέκα

1109 1809 1157 1835 καὶ
1171 1809 1317 1836 ἀπέθανεν.
1335 1806 1399 1835 Εἶτα
1414 1809 1502 1843 κρίνει
1517 1809 1599 1836 αὑτὸν
1624 1809 1725 1836 Ἀϐδὼν
1739 1809 1753 1835 ὁ
1765 1809 1903 1844 Φαραθω-

1109 1854 1185 1889 νίττις
1201 1854 1247 1890 ἔτη
1264 1855 1352 1881 ὀκτώ·
1380 1855 1409 1887 ὃς
1423 1855 1502 1890 ἔσχεν
1517 1856 1592 1888 υἱοὺς
1619 1855 1834 1892 τεσσαράκοντα,
1851 1856 1902 1882 καὶ

1108 1902 1258 1936 τριάκοντα
1276 1902 1350 1933 υἱοὺς
1366 1903 1420 1929 τῶν
1438 1902 1503 1928 υίῶν
1516 1902 1611 1929 αὑτοῦ.
1627 1900 1694 1929 Εἶτα
1704 1902 1867 1938 ἐκπορνεύει
1886 1903 1902 1928 ὁ

1108 1948 1171 1979 λαὸς
1186 1949 1215 1974 ἐν
1227 1949 1284 1980 τοῖς
1308 1948 1437 1980 εἰδώλοις,
1454 1949 1500 1975 καὶ
1522 1948 1706 1984 παραδίδωσιν
1723 1949 1821 1980 αὐτοὺς
1840 1949 1902 1976 Κύ-

1110 2003 1168 2030 ριος
1195 1995 1224 2020 ἐν
1250 1995 1323 2030 χειρὶ
1350 1995 1504 2029 Φιλιστιεὶμ
1527 1994 1576 2029 ἐτη
1594 1995 1808 2030 τεσσαράκοντα.
1830 1995 1901 2022 Τότε

1110 2040 1188 2075 ῶφθη
1200 2041 1315 2075 ἄγγελος
1327 2041 1432 2076 Κυρίου
1449 2040 1628 2077 στειρευούσῃ
1650 2042 1682 2076 τῇ
1700 2042 1810 2074 γυναικὶ
1834 2042 1900 2069 Μαο

1110 2087 1171 2120 νωέ,
1194 2087 1241 2113 καὶ
1256 2087 1453 2121 ἐπαγγέλλεται
1472 2088 1540 2122 αὐτῇ
1555 2088 1605 2121 τὴν
1621 2087 1751 2122 σύλληψιν
1766 2088 1901 2123 Σαμψών.

1119 2133 1313 2168 Ἀνδρωθέντος
1332 2133 1359 2160 δὲ
1375 2132 1505 2168 Σαμψὼν,
1526 2133 1601 2159 ἔθετο
1617 2133 1665 2167 τὴν
1682 2134 1796 2169 καρδίαν
1815 2135 1900 2161 αὑτοῦ

1111 2179 1139 2204 ἐν
1154 2178 1288 2213 ἐπιθυμίᾳ.
1301 2178 1432 2213 γυναικὸς
1447 2178 1608 2212 ἀλλοφύλου.
1642 2178 1758 2204 Ἑκώλυε
1774 2179 1802 2205 δὲ
1817 2180 1902 2206 αὑτὸν

1074 2235 1097 2263 ι)
1111 2225 1210 2251 Μανωὲ
1235 2225 1283 2251 καὶ
1311 2225 1327 2259 ἡ
1344 2224 1436 2260 μήτηρ
1461 2224 1556 2257 αὐτοῦ,
1584 2224 1621 2259 μὴ
1635 2225 1733 2254 εἰδότες
1752 2224 1789 2256 ὡς
1801 2225 1901 2261 γνώμῃ

1111 2270 1177 2298 Θεοῦ
1190 2270 1301 2304 γέγονεν
1315 2269 1389 2304 αὐτῷ
1400 2269 1480 2296 τοῦτο
1494 2269 1540 2296 ἐπὶ
1558 2270 1703 2305 ἀφανισμῷ
1714 2270 1768 2296 τῶν
1783 2270 1902 2305 ἀλλοφύ-

1109 2317 1172 2344 λων.
1185 2316 1351 2348 Χλευασθεὶς
1364 2316 1392 2342 δέ
1407 2315 1527 2351 Σαμψὼν
1542 2316 1594 2343 ὑπὸ
1610 2317 1658 2352 τῆς
1673 2317 1802 2351 γυναικὸς
1815 2317 1899 2344 αὐτοῦ

1108 2365 1137 2391 ἐν
1154 2364 1193 2399 τῷ
1208 2363 1408 2399 προδλήματιό
1428 2362 1516 2397 εἶπεν,
1536 2372 1545 2389 ι
1570 2363 1617 2390 Ἐκ
1630 2364 1763 2399 στόματος
1773 2364 1900 2397 ἔσθοντος

1109 2412 1204 2447 ἐξῆλθε
1225 2412 1326 2447 βρῶσις
1354 2412 1402 2438 καὶ
1434 2411 1488 2437 ἀπὸ
1510 2410 1621 2446 ἰσχυροῦ
1634 2410 1730 2445 γλυκὺ,
1761 2421 1770 2437 ι
1789 2412 1899 2447 ἀπέστη

1108 2458 1156 2484 ἀπ’
1170 2458 1256 2492 αὐτῆς
1271 2457 1414 2492 εἰπούσης·
1430 2466 1438 2482 ι
1455 2457 1487 2483 Τί
1501 2456 1674 2492 ἰσχυρότερον
1683 2457 1799 2489 λέοντος,
1810 2459 1856 2484 καὶ
1871 2459 1899 2485 τί

1109 2503 1278 2538 γλυκύτερον
1297 2502 1419 2537 μὲλιτος;
1448 2510 1457 2526 ι
1477 2501 1531 2527 Καὶ
1548 2502 1561 2527 ὁ
1583 2503 1674 2536 πατὴρ
1692 2502 1775 2536 αὐτῆς
1793 2501 1900 2534 ἐξέδοτο

1109 2548 1194 2585 αὐτὴν
1216 2548 1293 2582 ἀνδρὶ
1318 2547 1412 2582 ἑτέρῳ.
1432 2547 1485 2574 Καὶ
1505 2547 1550 2574 διὰ
1570 2547 1647 2574 τοῦτο
1663 2547 1803 2582 ὀργίζεται
1823 2549 1900 2583 Eap—

1108 2595 1167 2630 ψὼν
1189 2593 1289 2629 μᾶλλον
1308 2594 1365 2624 τοῖς
1386 2593 1556 2627 ἀλλοφύλοις,
1574 2594 1621 2620 καὶ¹
1638 2595 1764 2629 ἐμπιπρᾷ
1781 2594 1830 2626 τὰς
1843 2595 1899 2629 χώ-

1111 2650 1160 2676 ρας
1171 2640 1259 2667 αὐτῶν
1275 2639 1319 2665 διὰ
1333 2639 1387 2666 τῶν
1402 2639 1495 2674 χιλίων
1513 2639 1674 2667 ἀλωπέκων.
1692 2641 1722 2666 Οἱ
1738 2639 1765 2666 δὲ
1778 2639 1899 2674 ἀλλόφυ-

1108 2687 1149 2714 λοι
1165 2685 1337 2713 κατέκαυσαν
1351 2685 1400 2720 τὴν
1411 2686 1527 2720 γυναῖκα
1539 2684 1658 2719 Σαμψὼν
1670 2685 1717 2711 καὶ
1731 2685 1794 2716 τοὺς
1805 2687 1899 2720 γονεῖς

1109 2734 1205 2768 αὐτῆς,
1221 2732 1267 2759 καὶ
1283 2733 1373 2759 πάντα
1392 2731 1436 2758 τὶν
1458 2729 1532 2758 οἷκον
1544 2732 1635 2758 αὐτῶν
1650 2731 1852 2764 ἐξωλόθρευσαν
1867 2735 1897 2759 ἐν

1110 2779 1187 2814 πυρὶ,
1217 2779 1258 2805 ὅτι
1283 2777 1316 2804 δι’
1332 2778 1430 2809 αὐτοὺς
1460 2777 1571 2804 τοιαῦτα
1594 2777 1694 2813 συνέϐη
1709 2778 1811 2809 αὐτοῖς.
1827 2777 1897 2804 Εἶτα

1111 2825 1207 2861 συνέϐη
1222 2824 1296 2860 αὐτῷ
1323 2825 1357 2852 τὰ
1371 2824 1436 2859 περὶ
1450 2824 1499 2858 τὴν
1514 2825 1630 2858 γυναῖκα
1652 2823 1702 2858 τὴν
1718 2820 1800 2851 οὖσαν
1814 2824 1842 2850 ἐν
1861 2825 1896 2858 τῇ

1108 2873 1184 2899 πόλει
1201 2871 1254 2899 τῶν
1269 2871 1436 2906 ἀλλοφύλων,
1448 2870 1492 2897 ὅτε
1503 2870 1549 2897 καὶ
1561 2870 1610 2901 τὰς
1627 2869 1713 2902 πύλας
1729 2869 1780 2907 τῆς
1791 2869 1896 2902 Mitem;
