1990 3160
131 104 184 137 149

166 162 227 188 Ὀτι
248 161 288 192 δὶς
299 160 376 195 ὤφθη
393 162 407 188 ὁ
419 161 484 194 Θεὸς
501 161 539 197 τῷ
556 163 719 196 Σολομῶντι,
740 163 800 190 κατ’
814 164 906 191 ὲπίτα-
923 167 943 192 Α

128 217 173 234 σιν
189 207 404 242 ἀσφαλιζόμενος
414 207 495 235 at)sz
508 209 657 242 ἀπέχεσθαι
671 209 724 236 τῶν
736 210 913 245 παρανόμων.

134 254 165 281 '0
178 254 207 281 δὲ
229 253 359 288 Ἰώσηπος
383 255 429 281 καὶ
445 255 490 281 διὰ
504 255 583 282 τοῦτο
595 256 699 288 ἀκλεῶς
723 257 850 284 τεθνάναι
865 259 915 284 αὐ-

127 300 174 326 τὸν
189 299 274 333 λέγει,
294 299 339 326 διὰ
353 299 383 326 τὸ
398 301 445 326 καὶ
462 301 571 333 λέοντας
592 302 640 328 καὶ
668 301 733 337 βόας
759 303 828 338 μετὰ
859 304 914 331 τῶν

127 344 232 371 λοιπῶν
244 345 429 381 ἀνομημάτων
447 347 486 379 είς
509 347 614 383 ὑψηλὴν
630 349 747 384 θεωρίαν
759 350 916 378 ἀναπλάσαι

128 391 222 418 αὐτόν.
248 390 277 418 '0
292 391 346 425 γὰρ
372 391 438 423 Θεὸς
452 393 512 419 οὐδὲ
528 393 614 428 ὅψεως
632 393 726 421 ἕνεκεν
739 395 785 422 καὶ
799 395 916 431 θεωρίας

129 438 294 473 παραχωρεῖ
311 437 399 464 ταῦτα
413 438 457 465 διὰ
471 438 518 465 τοῦ
542 439 625 474 νόμου
651 440 786 474 γίνεσθαι.

166 524 229 551 Ὀτι
249 525 342 553 Ἀϐίας
362 526 376 552 ὁ
392 525 540 561 Σιλωνίτης
555 528 698 564 προφήτης
716 528 765 562 ὢν,
787 530 918 566 συναντή-

129 579 181 602 σας
207 570 347 606 Ἰεροσοὰμ
359 571 397 606 τῷ
410 571 495 608 δούλῳ
512 573 703 608 Σολομῶντος,’
728 575 742 602 ὃ
753 575 844 610 ἐφόρει
855 583 918 602 και-

129 617 175 644 νξν
194 617 300 652 ἱμάτιον
327 617 476 653 διαρρήξας
503 620 543 650 είς
574 620 664 655 φάρση
681 620 785 647 δώδεκα
803 621 918 648 δέδοικεν

130 663 205 697 αὐτῷ
217 663 282 690 δέκα
299 663 437 699 ῥήγματα,
465 665 565 692 εἰπών·
585 675 594 692 ι
615 666 660 692 Σοὶ
673 666 781 693 δίδωσιν
816 669 829 694 ὁ
852 668 917 701 Θεὸς

132 710 184 741 τὰς
198 709 261 736 δέκα
283 709 369 743 φυλὰς
389 711 437 737 τοῦ
458 711 563 747 Ἰσραὴλ
575 712 619 739 διὰ
636 712 685 744 τὰς
707 713 822 748 ἀνομίας
837 714 918 741 Σολο-

138 754 242 788 μῶντος
255 763 263 771 ι
278 755 352 788 ὅμως
370 757 440 791 μετὰ
462 757 577 785 θάνατον
593 759 677 785 αὑτοῦ
701 759 772 796 λήψῃ
790 760 885 792 αὐτάς.
906 770 915 787 ι

172 800 231 827 Ὀτι
246 801 370 836 Σολομῶν
385 803 502 837 ἐζήτησε
514 804 561 830 τὸν
591 804 732 840 Ίεροϐοὰμ
759 807 918 834 ἀποκτεῖναι

681 106 862 137 HISTORIA
869 107 951 137 RUM
971 107 1046 136 CUM
1053 106 1237 137 l’ENDlUM.

1703 104 1759 136 150‘

996 160 1040 188 Bis
1056 161 1196 188 Solomoni
1215 160 1287 188 lteus
1300 160 1436 196 apparuit,
1452 165 1481 187 ut
1500 168 1532 187 eo
1546 160 1678 187 intentius
1691 169 1752 188 eum

967 206 1139 233 conﬁrmaret
1152 214 1182 233 ac
1197 207 1230 234 ab
1239 207 1329 242 impiis
1340 207 1418 234 factis
1434 206 1623 235 abstinendum
1635 214 1697 234 esse
1707 208 1756 234 atl—

968 257 1100 280 moneret.
1111 252 1245 288 Joscphus
1260 257 1349 281 autem
1367 257 1509 288 propterea
1523 260 1700 288 quoquceum
1713 254 1756 279 in-

967 297 1052 334 gloria
1070 302 1157 325 morte
1165 297 1301 325 sublatum
1320 298 1533 333 perhibet,quod
1548 302 1646 334 przeter
1660 303 1756 325 ea-tcra

968 347 1077 379 peccata
1089 343 1181 371 leones
1212 351 1321 378 quoque
1335 347 1362 370 et
1391 344 1474 372 boves
1502 344 1530 372 in
1553 344 1662 372 Sublimi
1695 343 1756 371 loco

968 390 1175 425 conspiciendos
1200 389 1343 417 cﬂinxerit.
1371 389 1468 417 Divina
1502 390 1574 418 enim
1591 389 1649 425 lege
1667 389 1758 418 sanci-

969 442 1025 465 tum
1043 441 1086 465 est
1100 444 1134 465 ne
1144 437 1198 465 tale
1213 437 1279 472 quid
1295 437 1337 465 vel
1355 437 1429 466 risus
1445 441 1472 465 et
1490 435 1677 473 conspiciendi
1693 444 1756 472 gra-

969 485 1006 511 tia
1019 484 1075 511 ﬁat.

1005 531 1103 559 Achias
1117 530 1247 559 Silonites
1261 534 1337 559 vates
1364 530 1526 558 Jeroboamo
1554 530 1660 558 obviam
1671 530 1760 558 fartus

970 584 1049 604 servo
1062 577 1228 610 Solomonis,
1251 583 1350 603 novam
1367 584 1421 611 qua
1453 576 1566 604 indutus
1581 580 1639 604 erat
1657 581 1758 604 vestem

970 624 996 650 in
1013 622 1155 649 duodecim
1169 622 1254 649 l'ruSta
1269 621 1424 657 discerpsit,
1454 622 1544 656 deque
1564 621 1606 649 his
1624 621 1648 648 ei
1664 621 1758 648 decem

969 667 1054 697 dedit.
1067 667 1103 694 ita
1114 666 1197 694 fatus:
1211 676 1220 692 ι
1228 666 1340 701 Propter
1351 669 1460 700 peccata
1469 665 1625 693 Solomonis
1634 664 1703 692 Deus
1712 665 1760 691 tibi

970 713 1015 740 dat
1029 713 1122 740 decem
1143 712 1231 740 tribus
1248 712 1367 741 lsraelici
1391 711 1483 747 populi
1497 719 1504 743 ;
1517 719 1584 746 quas
1601 716 1690 738 tamen
1708 718 1760 737 non

971 760 1023 786 nisi
1039 763 1147 786 mortuo
1161 759 1308 786 Solomone
1327 758 1465 786 obtinebis
1480 757 1512 784 ⁵⁸.
1533 766 1542 783 ι

1008 806 1088 841 118
1102 805 1230 833 Solomon
1259 803 1451 833 Jeroboamum
1477 803 1528 831 sibi
1550 805 1706 838 suspectum
1721 802 1762 829 in-

134 845 283 882 ὑπονοήσας
299 847 389 874 αὐτόν.
411 847 441 875 '0
457 849 485 876 δὲ
496 850 576 883 γνοὺς
592 849 750 886 ἀνεχώρησε
768 852 835 887 πρὸς
855 852 919 878 Σου-

978 852 1095 879 .crtieere
1126 851 1264 886 cogitavit.
1279 850 1313 878 At
1331 850 1355 879 is
1374 849 1491 885 cognitis
1505 849 1612 876 insidiis
1627 849 1659 876 ad
1675 848 1760 875 Susa-

133 893 234 927 σακεὶμ
255 893 367 927 βασιλέα
381 894 532 928 Αἰγύπτου,
549 895 596 921 καὶ
611 893 645 931 ἦν
665 897 725 923 ἐκεῖ
737 896 790 929 ἓως
810 897 861 931 τῆς
873 906 919 924 τε-

131 937 232 972 λευτῆς
246 938 292 965 τοῦ
319 939 415 974 κυρίου
439 940 521 967 αὑτοῦ
552 941 734 976 Σολομῶντος.
765 942 863 970 Ἐλασε
891 943 920 970 δὲ

130 983 182 1018 τὴν
200 983 337 1019 θυγατέρα
352 985 506 1020 Σουσακεὶμ
521 986 610 1021 ἑαυτῷ
623 989 752 1021 γυναῖκα.

169 1028 232 1055 ὀτι
247 1029 260 1054 ὸ
275 1031 304 1056 ὲν
332 1030 528 1066 Ἰεροσολύμοις
549 1032 613 1064 ναὸς
631 1033 767 1069 τέσσαρας
791 1031 848 1069 εἶχε
870 1043 920 1061 πε-

132 1074 267 1108 ριϐόλους,
295 1075 345 1102 καὶ
356 1077 396 1107 είς
419 1077 468 1111 μὲν
495 1077 541 1104 τὸν
557 1078 687 1110 ἐξωτάτω
714 1079 845 1106 εἰσελθεῖν
868 1082 920 1108 ἑπ-

132 1121 284 1156 ετέτραπτο
299 1122 365 1148 πᾶσι
378 1122 424 1148 καὶ
438 1124 494 1154 τοῖς
509 1123 681 1159 ἀλλοφύλοις,
698 1125 808 1159 γυναιξὶ
823 1126 852 1153 δὲ
870 1127 920 1162 ὲμ-

133 1166 241 1200 μηνίοις
257 1167 354 1201 μόναις
370 1168 504 1203 ἀπείρητο
532 1170 671 1204 παριέναι.
687 1171 734 1203 Εἰς
749 1171 778 1198 δὲ
798 1172 844 1199 τὸν
858 1172 920 1199 δεύ-

130 1221 213 1247 τερον
249 1214 369 1241 Ἰουδαῖοι
398 1215 499 1247 πάντες
526 1217 664 1253 εἰσῄεσαν,
694 1219 740 1245 καὶ
766 1219 795 1246 αἱ
818 1219 920 1247 τούτων

133 1258 265 1290 γυναῖκες
276 1259 396 1294 καθαραὶ
406 1260 460 1287 ἀπὸ
474 1263 573 1294 παντὸς
592 1263 757 1298 μιάσματος.
772 1264 820 1297 Εἱς
834 1265 861 1291 δὲ
876 1265 921 1292 τὸν

132 1303 226 1338 τρίτον
240 1305 264 1331 οἱ
277 1305 390 1341 ἄρρενες
400 1306 455 1334 τῶν
481 1307 624 1341 Ἰουδαίων,
638 1311 678 1342 είς
690 1311 718 1337 δὲ
730 1311 777 1337 τὸν
790 1311 921 1347 τέταρτον

134 1347 161 1374 οἱ
175 1348 258 1382 ἱερεῖς
270 1350 357 1384 μόνοι.
374 1351 421 1384 Et;
432 1352 462 1378 δὲ
484 1351 529 1379 τὸν
543 1353 606 1380 ναὸν
615 1356 662 1382 καὶ
678 1355 726 1382 ἐπὶ
757 1356 802 1383 τὸν
830 1357 921 1393 βωμὸν

133 1393 160 1419 οἱ
175 1394 284 1430 ἄμωμοι
297 1397 389 1431 ἱερεῖς,
403 1397 500 1430 στολὰς
515 1399 656 1435 ἱερατικὰς
682 1401 864 1438 ἐνδεδυμένοι.
875 1404 922 1436 Είς

134 1439 165 1465 δὲ
183 1440 213 1466 τὸ
244 1441 340 1468 ἄδυτον
363 1444 378 1469 ὁ
401 1444 546 1479 ἀρχιερεὺς
564 1446 656 1480 μόνος.
678 1447 729 1482 τὴν
743 1448 846 1475 οἰκείαν
862 1457 922 1476 στι)⁴

135 1485 185 1519 λὴν
199 1486 438 1523 περιϐεϐλημένος,
455 1490 528 1524 ἅπαξ
547 1491 594 1518 τοῦ
609 1492 743 1521 ἐνιαυτοῦ.

971 898 1073 924 ciuntm
1095 897 1204 932 Egypti
1220 904 1309 932 regem
1326 895 1473 927 concessit,
1491 900 1572 930 atque
1596 894 1667 929 apud
1689 894 1762 921 hunc

971 946 1156 971 commoratus
1169 949 1211 970 est
1224 950 1311 977 usque
1322 942 1355 969 ad
1367 946 1482 969 mortem
1503 940 1606 968 domini
1622 940 1663 968 sui
1679 939 1759 967 Solo-

971 989 1071 1016 monis.
1091 988 1143 1016 Sed
1164 988 1335 1016 etSusacimi
1356 987 1441 1015 tiliam
1456 994 1570 1015 uxorem
1586 986 1674 1013 duxit.

1007 1034 1150 1069 Templum
1167 1033 1450 1070 Hierosolymitanum
1465 1039 1582 1068 quatuor
1596 1032 1689 1059 habuit
1703 1039 1762 1058 ani-

971 1081 1055 1109 bitus.
1072 1081 1100 1109 In
1119 1085 1269 1108 extremum
1286 1082 1388 1108 intrare
1409 1080 1549 1112 omnibus,
1567 1079 1648 1107 etiam
1666 1078 1763 1106 alicui-

971 1127 1058 1162 genis,
1080 1127 1244 1161 permissum
1265 1126 1332 1154 fuit:
1348 1126 1413 1154 solm
1439 1130 1579 1153 menstruo
1607 1124 1763 1151 laborantes

972 1172 1100 1200 mulieres
1115 1173 1289 1200 arcebantur.
1301 1172 1373 1200 Intra
1396 1171 1547 1200 secundum
1564 1178 1660 1198 omnes
1676 1168 1762 1197 Jlldzt‘i

973 1219 1121 1252 intrabant,
1153 1227 1303 1254 eorumque
1346 1218 1454 1247 femina:
1483 1217 1643 1253 pollutionis
1671 1215 1763 1243 omnis

972 1271 1056 1298 purae.
1074 1265 1101 1290 In
1114 1265 1222 1291 tertium
1241 1263 1434 1292 niaresludrei.
1453 1262 1482 1290 In
1509 1266 1636 1298 quartum
1652 1262 1702 1290 soli
1717 1269 1763 1287 sa-

972 1309 1108 1338 cerdotes.
1125 1310 1154 1337 in
1171 1310 1324 1337 sacrarium
1338 1315 1363 1337 et
1376 1310 1409 1336 ad
1441 1317 1515 1336 aram
1551 1308 1616 1336 vitio
1639 1311 1763 1335 carentes

973 1355 1144 1388 sacerdotes,
1165 1355 1243 1383 stolis
1259 1355 1472 1383 sacerdotalibus
1486 1354 1588 1381 amicti.
1606 1353 1633 1380 In
1651 1354 1762 1389 adytum

973 1401 1123 1436 quotannis
1137 1404 1241 1428 tantum
1255 1401 1331 1428 solus
1346 1406 1471 1428 summus
1484 1399 1605 1435 pontifex
1626 1399 1762 1434 ingredie-

974 1448 1064 1478 batur.
1094 1454 1144 1474 suo
1174 1446 1273 1474 vestitu
1292 1451 1417 1475 ornatus.
1457 1462 1460 1464 -

173 1531 236 1558 Ὅτι
255 1533 284 1560 ὲν
299 1534 373 1570 γήρα
388 1535 471 1562 αὐτοῦ
484 1523 610 1572 Σολομῶν
622 1538 766 1570 ἐξώκειλεν
793 1541 847 1567 ἀπὸ
873 1541 920 1568 τοῦ

1008 1533 1125 1562 Senecta
1147 1537 1228 1562 aetate
1249 1533 1377 1562 Solomon
1390 1540 1404 1560 a
1421 1533 1475 1561 Deo
1501 1533 1677 1566 exorbitarit,
1693 1541 1764 1561 uxo-

135 1577 216 1610 Θεοῦ,
227 1579 280 1604 τῶν
304 1580 441 1613 γυναικῶν
464 1582 547 1610 αὐτοῦ
567 1583 664 1611 εῐδωλα
681 1584 882 1613 ἀνατιθουσῶνθ
908 1588 923 1614 ὁ

136 1624 191 1660 γὰρ
208 1625 311 1660 ἑτέρων
335 1627 517 1656 ἀνατιθέντων
531 1630 618 1664 ἐφιεὶς
636 1630 718 1663 αὐτὸς
735 1631 855 1667 ἱδρύεται
876 1633 922 1660 δυ-

134 1670 228 1705 νάμει.
243 1670 285 1707 [Ρ.
298 1672 344 1709 67]
372 1674 428 1701 Καὶ
442 1674 486 1702 διὰ
500 1675 579 1702 τοῦτο
602 1676 680 1712 ὲδόοη
704 1677 779 1713 αὐτῷ
798 1679 887 1706 Σατὰν
908 1680 922 1707 ὀ

137 1717 201 1743 Ἀδε
204 1726 230 1752 ρ.

174 1763 235 1790 Ὀτι
253 1763 370 1799 ’ἱεροδοὰ
375 1774 395 1799 μ
409 1765 500 1798 δοῦλος
511 1764 545 1802 ἦν
558 1767 741 1803 Σολομῶντος,
759 1770 816 1801 υἱὸς
826 1779 921 1804 γυναι-

136 1809 185 1840 κὺς
197 1809 310 1845 πόρνης,
335 1810 495 1839 ἐϐασίλευσε
514 1813 543 1840 δὲ
557 1813 605 1840 τοῦ
635 1814 742 1850 Ἰσραὴλ
768 1815 797 1841 ὲν
831 1815 922 1851 Σαμα-

136 1856 208 1891 ρείᾳ.
225 1857 278 1883 Καὶ
295 1857 440 1892 συμϐαλὼν
453 1859 571 1894 πόλεμον
588 1859 627 1894 τῷ
652 1860 730 1895 ’Λῦἱᾳ
744 1860 860 1896 ἡττήθη.
874 1862 922 1889 καὶ¹

135 1902 234 1928 ἔπεσον
243 1902 291 1929 τοῦ
319 1903 428 1938 Ἰσραὴλ
438 1903 555 1938 χιλιάδες
568 1907 606 1938 φ’.

173 1947 234 1974 Ὀτι
249 1948 278 1974 ὲν
299 1948 339 1983 τῷ
363 1949 447 1984 τρίτῳ
479 1949 534 1975 ἔτει
563 1949 614 1983 τῆς
636 1949 774 1984 βασιλείας
796 1951 924 1984 Γοθολίας

142 1994 213 2027 Ἰηοῦ
225 1995 313 2021 ἀνεῖλε
330 1994 376 2021 τὸν
400 1995 503 2030 Ἰωρὰμ
517 1995 565 2021 καὶ
576 1995 621 2022 τὸν
648 1995 772 2031 Ὀχοζίαν
791 1998 838 2024 καὶ
859 1998 922 2030 τοὺς

136 2040 212 2071 υῐοῦς
232 2040 334 2075 Ἀχαὰὸ
348 2039 396 2067 καὶ
406 2041 455 2076 τὴν
476 2039 605 2072 Ἰεζάϐελ.

173 2086 235 2112 Ὅτι
260 2085 347 2120 Ἄχας
360 2085 419 2117 υἱὸς
441 2086 644 2123 Ὀζίου,πατὴρ
669 2087 698 2114 δὲ
720 2086 857 2121 Ἐζεκίου,
877 2088 923 2124 βα-

138 2132 229 2163 σιλεὺς
248 2132 343 2165 Ἰούδα,
360 2131 491 2167 συνέκοψε
519 2132 552 2159 τὰ
572 2133 779 2169 συγκλείσματα
800 2135 855 2162 τῶν
875 2144 924 2171 με-

135 2177 232 2214 χονώθ.
253 2176 343 2205 Ἷὶσαν
356 2178 385 2205 δὲ
398 2178 514 2211 λέοντες,
539 2180 588 2206 καὶ
607 2179 677 2214 βόες,
702 2181 749 2207 καὶ
771 2180 920 2217 Χερουὸίμ.
937 2193 960 2221 Ῑ)

137 2224 217 2250 Ἔστι
232 2223 259 2250 δὲ
270 2223 284 2250 ὁ
298 2223 419 2259 μεχονὼθ
434 2223 543 2259 λουτήρ.
558 2224 628 2256 Τοὺς
641 2225 704 2260 βόας
715 2226 778 2258 τοὺς
803 2227 921 2262 χαλκοῦς

135 2270 200 2301 τοὺς
212 2269 396 2304 βαστάζοντας
420 2269 470 2306 τὴν
498 2270 634 2297 θάλασσαν
658 2271 709 2303 τὴν
741 2270 855 2306 χαλκῆν,
875 2270 922 2303 οὓς

138 2316 304 2350 παρανόμως
332 2315 504 2343 ἀνεπλάσατο
525 2315 661 2350 Σολομῶν.
691 2317 746 2342 Καὶ
765 2315 848 2350 ἔθηκε
871 2316 922 2352 τὴν

135 2361 274 2388 θάλασσαν
286 2361 333 2388 ἐπὶ
349 2360 426 2396 βάσει
442 2361 541 2396 λιθίνῃ.
567 2361 608 2388 Τὰ
624 2361 652 2388 δὲ
680 2361 763 2389 λοιπά
792 2361 916 2397 ἐγράφη-

136 2416 187 2434 σαν
201 2407 366 2443 ἐμπροσθεν.
383 2408 438 2435 Καὶ
452 2408 484 2435 ὲκ
503 2408 558 2435 τῶν
576 2408 823 2444 Παραλειπομένων
844 2409 915 2437 τινά.

171 2464 206 2491 Αἱ
218 2465 456 2500 Παραλειπόμεναι
468 2465 504 2491 τὰ
524 2465 651 2492 λείποντα
668 2466 799 2498 πολλάκις
811 2466 921 2500 λέγουσι

138 2509 186 2536 καὶ
197 2509 231 2536 τὰ
246 2510 310 2537 ὅντα
326 2510 581 2546 παραλιμπάνουσι,
598 2511 729 2542 πολλάκις
752 2511 780 2539 δὲ
795 2513 843 2539 καὶ
854 2513 920 2547 ὅλην

137 2555 242 2582 ἔννοιαν
255 2555 415 2583 ἁλλοιοῦσιν.
441 2556 484 2583 Ἐν
496 2556 550 2591 γὰρ
567 2556 606 2592 τῷ
619 2557 711 2591 λέγειν
723 2558 765 2584 ὅτι
787 2558 853 2584 Ἀσᾶ
865 2557 921 2593 (66)

137 2602 248 2637 ἐποίησε
256 2602 285 2628 τὸ
293 2601 370 2633 εῡθὲς
378 2602 493 2628 ὶνώπιον
499 2601 601 2637 Κυρίου
608 2602 644 2634 ὥς
650 2603 732 2630 Δαόἱδ
740 2603 784 2630 καὶ
792 2603 918 2638 Σολομῶν

172 2658 195 2675 ³⁵
209 2657 241 2685 lll
259 2657 326 2693 Reg.
344 2666 382 2691 τι,
397 2659 443 2686 51.

696 2708 869 2735 ΧΥΙΛΝΟΚΙ
905 2708 948 2735 ΕΤ

174 2754 229 2785 (ﬁli)
250 2754 396 2788 Perspirue
423 2753 537 2781 falsum:
566 2762 619 2781 non
631 2754 713 2781 Abias
726 2753 918 2782 Jeroboamum

139 2790 214 2820 vicit,
231 2794 259 2815 nt
276 2791 355 2822 patilo
370 2793 432 2824 ante
447 2797 479 2816 ex
498 2789 518 2816 Il
532 2788 646 2824 Paralip.
663 2797 727 2816 nm
748 2790 850 2821 retulit.
872 2798 919 2816 nc-

138 2832 192 2859 que
213 2828 254 2851 est
269 2823 304 2850 ibi
324 2823 455 2858 scriptum
475 2824 630 2852 Salomonis
654 2825 815 2852 imitatorem
834 2824 918 2853 fuisse

973 1579 1048 1607 ribus
1062 1579 1122 1614 ejus
1134 1579 1280 1607 simulacra
1310 1579 1545 1608 consecrantibus.
1568 1579 1634 1606 Nam
1659 1580 1706 1615 qui
1722 1580 1762 1607 al-

972 1626 1023 1654 teri
1052 1630 1214 1662 potestatem
1244 1625 1424 1654 consectandi
1458 1626 1521 1653 talia
1552 1626 1707 1661 permittit.
1739 1627 1764 1655 is

973 1676 1104 1706 quantum
1122 1672 1217 1707 inipso
1231 1675 1284 1705 est,
1296 1679 1328 1700 ea
1339 1671 1456 1700 dedicat.
1469 1670 1585 1706 Ideoque
1600 1671 1624 1699 ei
1642 1672 1761 1700 Satanas

972 1717 1044 1746 Δάοι·
1061 1718 1202 1747 immissus
1216 1723 1269 1747 est.

1007 1763 1185 1793 Jeroboamus
1203 1765 1358 1794 Solomonis
1385 1773 1492 1799 servus,
1511 1767 1583 1795 illius
1595 1767 1758 1797 meretricis.

974 1810 1105 1839 Samaria:
1125 1813 1226 1846 regiam
1244 1812 1350 1845 habuit,
1364 1820 1411 1840 rex
1431 1813 1522 1848 populi
1537 1813 1666 1841 lsraelici.
1687 1813 1758 1840 Idem

973 1857 1066 1891 pralio
1075 1863 1238 1892 congressus
1251 1863 1313 1884 cum
1325 1856 1394 1884 Abia
1405 1857 1560 1889 succubuit,
1577 1857 1656 1884 caesis
1673 1856 1764 1884 lsrae—

974 1904 1088 1931 lieorum
1101 1903 1257 1938 quingentis
1270 1902 1403 1930 millibus.

1008 1947 1102 1976 Tertio
1128 1954 1200 1975 anno
1218 1948 1294 1983 regni
1313 1946 1446 1976 G0tholia:
1469 1945 1554 1976 Jehus
1572 1948 1715 1977 Joramum
1735 1953 1762 1976 ct

974 1994 1121 2022 Ochoziam
1140 1998 1167 2022 et
1178 1994 1283 2021 Achabi
1295 1994 1367 2022 ﬁlios
1380 1999 1408 2022 et
1428 1993 1581 2023 Jezabelam
1614 1994 1762 2022 interfecit.

1011 2081 1091 2118 119
1099 2083 1224 2110 Achazus
1232 2080 1304 2110 Ozia:
1314 2082 1385 2111 illius
1393 2082 1514 2111 Ezechiae
1522 2089 1608 2119 pater,
1617 2091 1664 2111 rex
1674 2083 1761 2115 ludar.

975 2128 1300 2156 Mechonothicaelaturas
1313 2129 1454 2157 concidit:
1468 2134 1544 2157 erant
1555 2134 1644 2157 autent
1658 2131 1760 2160 leones.

974 2174 1058 2202 boves
1074 2177 1101 2202 et
1120 2174 1290 2202 Cherubimi.
1316 2174 1524 2202 Mechonothnm
1544 2175 1762 2209 signiﬁcatlara-

974 2227 1051 2248 crum
1061 2229 1068 2248 :
1078 2224 1135 2247 tum
1151 2220 1235 2247 boves
1249 2223 1328 2247 erant
1343 2220 1421 2253 aenei,
1435 2222 1481 2256 qui
1499 2228 1571 2247 mare
1585 2228 1690 2248 autcum
1701 2229 1763 2255 por-

974 2265 1079 2298 tabant,
1094 2272 1162 2300 quos
1178 2265 1261 2292 boves
1276 2268 1373 2292 contra
1388 2265 1474 2300 legem
1506 2265 1636 2292 Solomon
1653 2265 1762 2292 eilinxe-

976 2315 1027 2338 rat.
1046 2311 1085 2338 Ac
1103 2318 1178 2339 mare
1207 2311 1385 2339 fundamento
1399 2312 1506 2347 lapideo
1535 2311 1674 2346 imposuit.
1691 2311 1763 2338 lteli-

976 2365 1028 2393 qua
1041 2364 1101 2393 post
1121 2365 1171 2386 suo
1190 2358 1249 2386 loco
1274 2361 1435 2393 sequuntur.
1450 2357 1509 2384 Jam
1521 2357 1644 2392 quaedam
1666 2356 1763 2385 chu-

975 2403 1095 2431 nal'rbus.

1011 2462 1130 2491 Annales
1162 2462 1371 2497 Paralipomcna
1392 2460 1486 2489 Grrccc
1515 2465 1657 2494 vocantur,
1689 2462 1760 2496 quod

975 2510 1134 2546 plerumque
1164 2509 1266 2537 omissa
1287 2507 1418 2540 referant,
1449 2507 1557 2534 tametsi
1578 2511 1604 2534 et
1633 2507 1763 2534 omittunt

974 2564 1018 2583 res
1031 2560 1131 2592 gestas,
1146 2561 1172 2583 et
1189 2563 1260 2590 smpe
1292 2561 1405 2589 prorsus
1438 2553 1574 2581 diversam
1600 2554 1761 2581 sententiam

975 2608 1090 2638 ponunt.
1106 2602 1182 2636 Quod
1198 2603 1269 2630 enim
1284 2602 1311 2629 in
1327 2602 1362 2630 iis
1374 2601 1477 2629 dicitur
1492 2621 1500 2635 ,
1514 2601 1596 2629 Asam
1611 2601 1664 2629 Deo
1679 2601 1761 2629 vitam

984 2707 1090 2736 GO.\ill
1110 2707 1225 2735 NOT/E.

973 2756 1066 2781 Asam.
1086 2754 1155 2780 Sunt
1166 2759 1193 2781 ct
1207 2754 1310 2788 reliqua
1326 2754 1489 2782 mirabiliter
1509 2753 1644 2785 confusa;
1663 2754 1760 2785 quibus

973 2789 1143 2818 illustrandis
1157 2789 1230 2816 nolui
1244 2797 1348 2821 vacare,
1367 2797 1428 2816 cum
1445 2793 1553 2817 cvstcnt
1574 2790 1600 2816 in
1626 2789 1717 2816 Billliis
1734 2795 1758 2815 ct

974 2826 1044 2860 apud
1059 2824 1216 2859 Josvplunn.
1239 2826 1346 2860 sintque
1362 2825 1515 2852 notissima.
1532 2825 1595 2851 XvL.
