1990 3160
113 128 168 165 153

660 133 932 167 IliSTORlARUM
948 136 1214 168 COMPENDIUM.

1696 137 1748 171 154

112 188 211 216 τούτου
225 196 232 220 ;
260 187 316 214 Καὶ
330 185 406 214 εἶπεν
421 195 428 203 ·
451 187 516 214 Ἀπὸ
533 187 630 222 καιροῦ
648 189 844 224 παραλλάξεως
856 191 903 218 τοῦ

965 193 1094 221 iiacuium
1117 193 1300 221 abominabile
1325 194 1460 223 vastitatis
1479 194 1601 228 dabitur,
1625 203 1674 230 per
1695 196 1755 225 dies

111 233 314 269 ἑνδελεχισμοῦ,
342 234 390 260 καὶ
420 233 531 269 δοθῆναι
560 233 698 269 βδέλυγμα
737 235 907 270 ἐρημώσεως

110 280 220 316 ἡμέρας
236 282 303 316 ,σαι-ι’
319 288 326 295 ·
345 280 393 306 καὶ
415 281 551 315 μακάριος
576 280 589 307 ὁ
608 280 752 315 ὑπομένων
774 282 821 308 καὶ
838 282 907 316 φθά-

112 335 163 358 σας
175 325 283 362 ἡμέρας
298 325 386 358 ,ατλε¹.
408 336 418 352 ι

150 373 213 399 Ὀτι
230 373 277 399 ὲπ¹ι
292 372 346 398 τῶν
369 372 474 407 χρόνων
507 373 598 408 Ἀμὼς
621 373 754 408 βασιλέως
771 374 856 401 Ἰούδα
874 374 908 401 τὰ

116 418 181 453 περὶ
196 418 246 452 τῆ;
270 417 354 444 Νινατ
378 418 600 453 προφητευθέντα
618 419 689 445 κατὰ
708 420 770 450 τοὺς
795 420 909 454 χρόνους

113 464 227 494 τούτους
249 463 336 498 πέρας
353 463 442 498 ἔσχεν,
465 464 580 499 Ἱστορεῖ
594 465 622 491 δὲ
635 466 768 500 Ἰώσηπος
783 466 812 491 ὲν
834 465 871 500 τῷ
885 465 907 492 θ’

113 510 164 545 τῆς
179 510 401 544 Ὰρχαιολογίας
415 510 459 536 τὸν
475 509 566 537 Ὶωνᾶν
580 511 768 538 καταποθέντα
783 512 836 537 ὑπο
860 511 908 537 τοῦ

113 557 216 591 κήτους
237 556 307 589 μετά
324 557 397 590 τρεῖς
417 557 526 591 ἡμέρας
541 559 589 583 καὶ
604 559 678 592 τρεῖς
691 558 792 589 νύκτας
806 557 909 594 ἐκϐρα-

114 603 213 637 σθῆναι
231 603 320 634 ζῶντα
337 603 365 628 ἐν
378 602 416 637 τῷ
435 602 556 637 Εὐξείνῳ
576 603 678 637 πόντῳ.

156 649 224 674 Ἀπο
235 648 281 673 τοῦ
295 647 318 682 γ’
335 648 437 683 βιὸλίου
454 650 503 683 τῆς
525 649 747 683 Ἀρχαιολογίας
763 649 908 683 Ἰωσήπου,

114 694 218 722 ante»,
232 703 274 726 τις
297 695 436 730 ὑπονοήσῃ
463 695 518 722 τῶν
550 695 684 730 Ἐϐραίων
713 695 910 730 μεμοιχεῦσθαι

117 741 201 774 αὑτοῦ
218 741 265 776 τὴν
280 742 408 775 γυναῖκα,
433 741 542 776 κομίζει
565 741 667 776 κριθῶν
686 740 801 776 ἀλεύρου
825 741 909 767 ἀσσά-

119 795 204 821 ρωνα,
219 789 265 814 καὶ
278 787 341 821 μίαν
354 787 438 821 αὐτῆς
452 787 540 822 δράκα
560 787 736 819 ἐπιϐαλόντες
750 787 789 822 τῷ
802 786 862 821 Θεῷ
879 787 909 813 τὺ

117 832 213 859 λοιπὸν
229 834 283 864 τοῖς
299 832 403 868 ίερεῦσι
418 833 537 860 διδόασιν
557 834 597 865 είς
614 834 728 868 τροφήν.
745 833 801 867 Τὴν
816 832 844 859 δὲ
859 841 909 866 γυ-

959 240 1039 274 1290,
1067 244 1095 268 et
1124 240 1187 267 felix
1215 239 1261 275 qui
1297 240 1457 275 perdurabit
1486 248 1518 268 ac
1547 241 1687 276 perveniet
1719 243 1754 270 ad

958 287 1016 315 dies
1029 288 1109 314 1555.

993 374 1096 402 Amoso
1108 373 1233 402 Judaeum
1258 383 1371 410 regnum
1387 380 1510 411 gerente.
1529 380 1680 404 evenerunt
1693 385 1755 412 quae

959 420 993 447 de
1005 419 1102 447 Ninive
1118 421 1246 455 praedicta
1263 420 1381 450 fuerant.
1397 422 1496 449 Narrat
1508 427 1599 450 autem
1618 422 1754 457 Josephus
1785 445 1788 448 .

960 465 1032 493 libro
1047 466 1222 501 Antiquilalis
1235 466 1357 494 Iudaica:
1373 475 1455 500 nono,
1484 467 1581 496 .Ionam
1608 477 1622 496 a
1637 473 1697 496 ceto
1707 470 1756 497 de-

959 511 1085 546 glutitum
1100 516 1161 546 post
1174 516 1229 539 tres
1255 513 1314 539 dies
1341 512 1510 547 totidemque
1540 519 1634 541 noctes
1661 515 1751 542 vivum

960 557 1076 591 ejectum
1098 557 1183 585 fuisse
1197 560 1223 585 in
1239 558 1346 586 Euxino
1360 561 1439 586 mari.

995 644 1033 672 De
1047 644 1127 672 tertio
1142 645 1212 672 libro
1228 645 1351 680 ejusdem
1370 646 1461 681 operis
1476 655 1483 674 :
1501 647 1530 674 Si
1545 648 1607 683 quis
1624 648 1753 676 Hebraeus

961 699 1072 719 uxorem
1082 700 1159 720 suam
1176 693 1356 720 adulteratam
1371 695 1538 728 suspicatur,
1548 694 1673 722 isfarinae
1687 695 1748 722 hor-

961 736 1067 764 deacea:
1075 745 1233 766 assaronem
1252 738 1285 765 ad
1300 740 1470 767 sacerdotem
1485 739 1579 773 alii-rt;
1590 740 1670 775 cujus
1682 749 1754 768 unus

962 783 1081 818 pugillus
1094 785 1120 810 iu
1136 791 1210 811 aram
1222 783 1268 811 Dei
1281 785 1439 819 c0njicitur,
1453 786 1589 821 reliquum
1605 787 1755 814 sacerdoti-

962 829 1013 856 bus
1022 829 1103 857 datur
1121 830 1154 857 ad
1170 831 1282 858 victum.
1294 830 1434 859 Mulierem
1444 837 1534 859 autem
1551 833 1756 860 sacerdoscon-

116 880 199 905 ναίκα
226 879 328 913 στήσας
346 879 361 904 ὁ
379 878 469 912 ἱερεὺς
494 879 566 904 κατὰ
590 878 639 909 τὰς
665 877 753 908 πύλας
778 876 846 912 πρὸς
863 876 907 903 τὸν

965 876 1050 902 stituit
1066 876 1099 902 ad
1116 880 1223 910 portam
1242 878 1345 912 templi,
1360 878 1462 906 nudato
1481 879 1542 913 ejus
1567 879 1666 914 capite.
1683 878 1754 905 Tum

114 921 195 952 νεὼν,
211 922 258 949 καὶ
272 923 321 957 τὴν
338 922 460 956 κεφαλὴν
480 923 566 957 αὐτῆς
582 922 742 957 γυμνώσας,
756 923 907 956 ἐπιγράφει

113 967 162 993 τοῦ
195 968 265 994 Θεοῦ
291 969 340 1004 τὴν
366 969 554 1004 προσηγορίαν
586 968 712 1003 διφθέρᾳ.
743 968 856 994 Κελεύει
880 967 909 994 δὲ

112 1014 226 1048 ὀμνύειν
245 1015 329 1049 μηδὲν
345 1016 506 1050 ἠδικηκέναι
525 1015 589 1050 περὶ
607 1016 652 1042 τὸν
665 1015 761 1050 ἄνδρα.
779 1014 909 1050 Παραδᾶ-

113 1070 164 1087 σαν
178 1061 208 1087 δὲ
224 1061 254 1087 τὸ
279 1061 400 1097 σῶφρον,
433 1062 479 1088 τοῦ
512 1060 602 1094 δεξιοῦ
628 1061 740 1093 σκέλους
755 1061 785 1088 τὺ
807 1061 909 1096 ἄρθρον

113 1106 248 1141 ἔξαρθρον
264 1107 402 1140 γενέσθαι,
418 1108 464 1134 καὶ
477 1107 525 1142 τὴν
541 1107 665 1143 γαστέρα
685 1107 849 1143 πρισθεῖσαν
860 1107 908 1134 οὗ-

112 1159 168 1181 1m;
186 1151 343 1178 ἀποθανεῖν.
369 1152 432 1178 Ἐὰν
446 1153 474 1178 δὲ
493 1152 546 1179 ὑπὸ
564 1153 663 1179 πολλοῦ
679 1153 780 1188 ἔρωτος
798 1153 844 1179 καὶ
859 1153 909 1188 τῆς

112 1197 210 1223 τούτου
232 1197 400 1232 ζηλοτυπίας
426 1198 571 1233 προπετῶς
589 1199 602 1224 ό
617 1198 688 1234 ἀνὴρ
711 1198 754 1225 διὰ
778 1199 827 1233 τὴν
842 1199 909 1224 ὑπό-

111 1252 188 1270 νοιαν
206 1244 247 1278 εἴη
264 1244 455 1278 κεκινημένος,
468 1246 538 1280 ’μηνὶ
563 1245 668 1280 δεκάτῳ
690 1246 817 1279 γενέσθαι
841 1254 907 1272 παι-

112 1289 170 1316 δῖον
183 1290 267 1325 ἄρρεν
291 1290 371 1325 αὐτῇ.
397 1290 458 1317 Τῶν
472 1291 500 1317 δὲ
516 1291 606 1326 ὅρκων
629 1291 839 1322 τελειωθέντων,
858 1292 908 1325 τῆς

115 1335 249 1370 διφθέρας
272 1335 426 1370 ἀπαλείτέας
449 1335 581 1370 τοῦνομα,
598 1338 638 1367 εἰς
652 1337 750 1371 φιάλην
773 1337 906 1368 ἐκπιέζει.

116 1381 235 1416 Προςκο,
252 1382 311 1413 ίσας
326 1381 353 1408 δὲ
371 1383 403 1408 ὲκ
421 1381 469 1416 τῆς
489 1382 536 1407 τοῦ
553 1382 625 1417 ίεροῦ
641 1383 692 1416 γῆς
709 1385 772 1410 εἴτι
788 1384 907 1419 προστύ-

114 1435 169 1462 χοι,
185 1428 232 1453 καὶ
257 1427 432 1458 καταπάτας,
459 1428 567 1454 ἐκπιεῖν
586 1428 703 1456 δίδωσιν.
727 1429 758 1456 Ἦ
775 1430 803 1456 δὲ
819 1432 843 1456 εί
858 1431 908 1465 μὲν

113 1472 214 1504 ἀδίκως
237 1473 381 1507 ἐνεκλήθη,
404 1472 535 1507 ἐγκύμων
556 1482 584 1498 τε
604 1473 709 1507 γίνεται
726 1475 909 1510 καὶτελεσφο-

115 1521 203 1554 ρεῖται
218 1519 288 1545 κατὰ
300 1519 349 1554 τὴν
366 1520 498 1555 γαστέρα.
514 1519 558 1555 [Ρ.
573 1519 619 1554 69]
640 1521 808 1556 Ψευσαμένη
820 1521 848 1548 δὲ
862 1522 907 1548 τὸν

960 929 1058 949 nomen
1076 922 1121 949 Dei
1139 923 1166 949 in
1182 924 1369 954 membranam
1381 925 1658 960 inscribit,jubetque
1676 925 1754 960 122

961 968 1101 995 mulierem
1118 968 1212 1003 jurare
1228 977 1257 996 se
1272 969 1351 996 ﬁdem
1372 971 1472 998 marito
1501 978 1636 1001 servasse.
1667 978 1756 1006 neque

961 1013 1118 1048 pudicitiam
1136 1014 1305 1049 negligenter
1317 1015 1446 1043 habuisse
1461 1025 1468 1042 :
1497 1016 1519 1043 si
1537 1024 1619 1043 secus
1647 1015 1754 1049 fecerit,

961 1061 1104 1095 imprecari
1121 1060 1172 1088 sibi
1187 1065 1218 1088 ut
1234 1068 1299 1088 crus
1314 1069 1394 1088 suum
1423 1062 1551 1089 dextrum
1571 1062 1679 1088 luxetur
1691 1069 1756 1090 ven-

960 1113 1054 1142 treque
1071 1113 1199 1142 crepante
1215 1107 1358 1135 moriatur.
1373 1107 1450 1140 Quod
1470 1109 1492 1135 si
1508 1108 1549 1134 vir
1565 1109 1647 1135 nimio
1662 1115 1756 1135 amore

959 1153 993 1180 ad
1003 1154 1071 1180 hanc
1084 1154 1256 1181 temerariam
1266 1154 1492 1181 obtrectationem
1508 1153 1587 1181 fuerit
1597 1154 1754 1188 prolapsus,

960 1200 1018 1234 ipsa
1035 1199 1141 1226 decium
1159 1204 1219 1234 post
1240 1207 1333 1227 mense
1364 1202 1515 1228 masculum
1545 1201 1641 1235 pariat.
1676 1199 1756 1227 Jura-

961 1251 1051 1273 inento
1066 1251 1176 1281 peracto
1191 1254 1288 1273 nomen
1310 1247 1356 1273 Dei
1378 1255 1391 1273 a
1409 1248 1566 1274 membrana
1583 1247 1662 1278 ιΙιιΙυι,
1678 1254 1751 1274 eam-

960 1301 1012 1327 que
1025 1292 1052 1319 in
1082 1297 1203 1327 pateram
1229 1293 1368 1327 exprimit,
1386 1293 1697 1328 pulveremquetempii,
1726 1294 1753 1319 in

959 1346 1040 1373 quam
1052 1338 1238 1372 forteincidit,
1254 1339 1398 1374 inspergit,
1426 1339 1628 1373 bibendumque
1646 1339 1753 1367 mnlieti

959 1384 1080 1412 exhibet.
1102 1384 1149 1417 Ea,
1175 1385 1310 1420 siquidem
1328 1386 1425 1413 insons
1451 1390 1503 1416 est,
1527 1385 1610 1413 fetum
1634 1386 1755 1420 concipit

959 1438 991 1457 ac
1004 1438 1055 1458 suo
1069 1435 1190 1465 tempore
1214 1431 1301 1465 parit:
1315 1432 1387 1466 quod
1404 1431 1427 1458 si
1441 1431 1500 1458 viro
1514 1431 1594 1458 [idem
1614 1431 1707 1459 fefellit
1722 1438 1755 1458 ac

961 1475 1015 1502 Deo
1027 1475 1168 1510 pejeravit,
1185 1477 1257 1511 turpi
1274 1481 1360 1503 tnurle
1371 1485 1402 1504 ea
1419 1477 1500 1512 perit,
1517 1484 1599 1504 crure
1610 1476 1755 1504 excidente

958 1526 986 1549 et
997 1527 1092 1549 ventre
1104 1530 1175 1557 aqua
1198 1523 1333 1550 intercute
1356 1523 1486 1550 distento.

113 1565 201 1600 ἄνδρα
213 1565 260 1591 ἐπὶ
275 1565 331 1595 τοῖς
352 1564 454 1599 γάμοις
471 1565 518 1590 καὶ
538 1564 584 1590 τὸν
599 1564 666 1591 Θεὸν
683 1566 729 1591 ἐπὶ
743 1568 798 1596 τοῖς
812 1567 906 1601 ὅρκοις
927 1568 984 1601 μετ’
999 1567 1132 1603 αἰσχύνης
1146 1567 1330 1603 καταστρέφει
1346 1569 1393 1596 τὸν
1409 1569 1477 1604 βίον,
1493 1569 1540 1596 τοῦ
1576 1578 1606 1596 τε
1637 1569 1751 1600 σκέλους

113 1612 278 1643 ἐκπεσόντος
303 1611 389 1646 αὐτῆς
410 1612 457 1644 καὶ
480 1612 530 1647 τὴν
547 1611 651 1638 κοιλίαν
668 1613 766 1647 ὑδέρου
783 1614 997 1646 καταλαὸόντος.

157 1659 224 1686 Ἀπὸ
238 1658 340 1693 βιῦλίου
352 1659 482 1694 τετάρτου
494 1659 540 1684 τοῦ
555 1658 648 1691 αὐτοῦ,
664 1660 704 1685 ὅτι
715 1660 768 1686 ἀπὸ
785 1661 908 1694 ἀμυγδα-
920 1663 942 1693 C

113 1705 166 1740 λῆς
175 1703 205 1731 οὗ
211 1713 259 1740 σης
269 1704 317 1738 τῆς
331 1703 429 1739 ῥάϐδου
441 1704 548 1740 ’Λαρὼν
559 1705 704 1740 ἀμύγδαλα
715 1707 794 1732 καλοί
807 1708 909 1742 καρποὶ

113 1750 274 1786 ὠρὰθησαν.

153 1796 216 1822 ’Ότι
231 1797 289 1822 ὅσοι
313 1796 346 1822 ἂν
366 1796 480 1827 ἑαυτοὺς
506 1797 672 1831 καθιερῶσιν
695 1797 776 1833 εὐχὴν
793 1807 910 1834 πεποιη-

116 1841 203 1876 μένοι,
218 1840 363 1875 Ναζιραῖοι
379 1838 453 1868 οὗτοι
465 1841 622 1873 καλοῦνται,
635 1843 772 1877 κομῶντες
781 1843 827 1869 καὶ
837 1842 908 1869 οἶνον

114 1886 155 1922 μὴ
180 1885 410 1920 προσφερόμενοι.
439 1886 559 1917 Τούτους
583 1887 622 1918 δὲ,
645 1888 710 1913 ὅταν
738 1888 787 1918 τὰς
812 1889 908 1922 τρίχας

113 1931 267 1967 ἀφιερῶσιν
283 1932 328 1958 ἐπὶ
342 1932 424 1967 θυσίᾳ
433 1941 462 1957 τε
479 1932 565 1967 δρῶσι
585 1933 634 1964 τὰς
647 1935 759 1969 κουρὰς,
776 1934 907 1968 νέμεσθαι

112 1978 184 2014 πρὸς
197 1978 261 2010 τοὺς
280 1978 383 2013 ἱερέας.
402 1978 457 2004 Καὶ
477 1979 501 2003 οὶ
519 1978 622 2012 κορόἁν
640 1979 740 2010 αὐτοὺς
756 1979 907 2013 ὀνομάσαν-

111 2033 159 2056 τες
172 2025 210 2059 τῷ
228 2024 287 2059 Θεῴ
302 2024 407 2059 (δῶρον
425 2023 453 2050 δὲ
469 2023 548 2050 τοῦτο
574 2025 721 2060 σημαίνει)
751 2025 908 2060 βουλόμενοι

112 2071 243 2106 ἀῳίεσθαι
257 2071 308 2105 τῆς
319 2070 501 2105 λειτουργίας,
515 2072 571 2102 τοῖς
588 2071 692 2106 ἱερεῦσι
703 2072 866 2099 καταὸαλεῐν
877 2072 907 2099 τὸ

111 2118 257 2153 ἀργύριον,
282 2117 412 2151 γυναικὸς
433 2118 482 2152 μὲν
498 2117 648 2152 τριάκοντα
672 2117 793 2151 σίκλους,
810 2119 907 2154 ἀνδρὸς

111 2165 142 2190 δὲ
157 2164 336 2198 πεντήκοντα.

148 2209 210 2235 Ὅτι
225 2209 336 2235 Βαλαὰκ
352 2209 443 2235 πεσὼν
453 2209 499 2235 ἐπὶ
510 2210 597 2245 στόμα
611 2210 644 2236 τὰ
654 2210 728 2245 πάθη
742 2209 904 2244 προῦλεγεν,

110 2257 163 2284 ὅσα
176 2265 205 2282 τε
221 2255 378 2291 βασιλεῦσιν
393 2255 471 2282 ἔσται
488 2256 535 2282 καὶ
546 2257 597 2282 ὅσα
610 2256 705 2282 πόλεσι
721 2256 783 2286 ταῖς
799 2255 905 2287 ἀξιολο-

110 2303 261 2338 γωτάταις,
285 2298 322 2328 ὧν
339 2301 424 2333 ἐνίαις
442 2301 502 2328 οὐδὲ
526 2302 660 2328 οἰκεῖσθαί
684 2311 742 2333 πως
764 2301 905 2328 συνέϐαινε

997 1663 1032 1690 De
1047 1668 1146 1696 quarto
1161 1663 1230 1690 libro
1257 1662 1381 1697 ejusdem
1405 1672 1412 1690 :
1431 1662 1469 1690 De
1485 1663 1582 1690 arbore
1611 1662 1754 1698 amygdala

962 1707 1012 1734 fuit
1030 1709 1104 1744 virga
1123 1709 1251 1742 Aaronis,
1273 1709 1391 1744 ideoque
1416 1713 1443 1737 et
1455 1709 1614 1745 amygdalas
1630 1709 1754 1744 proferte

961 1755 1018 1781 visa
1040 1754 1102 1782 fuit.

995 1800 1046 1832 Qui
1062 1805 1125 1828 voto
1139 1805 1270 1836 concepto
1289 1801 1396 1836 seipsos
1410 1802 1466 1829 Deo
1480 1797 1655 1834 consecratit,
1669 1801 1754 1828 Nazi-

960 1847 1004 1872 rzci
1031 1847 1217 1880 appellantur;
1238 1847 1318 1881 hique
1336 1855 1442 1874 comam
1466 1848 1542 1874 alunt
1564 1852 1590 1875 et
1624 1847 1686 1874 vino
1709 1847 1754 1873 alt-

959 1893 1071 1918 stiuent.
1091 1891 1121 1918 lli
1141 1900 1202 1919 cum
1217 1900 1322 1919 comam
1334 1892 1458 1924 tondent,
1476 1893 1612 1919 sacrificio
1631 1893 1753 1919 adhibito

958 1945 1017 1965 eam
1040 1939 1093 1964 [)co
1110 1937 1238 1970 oﬂ‘erunt,
1252 1938 1426 1966 sacerdotum
1440 1946 1532 1973 opera.
1548 1938 1580 1964 Et
1595 1938 1640 1973 qui
1655 1947 1684 1966 se
1697 1938 1752 1965 Deo

958 1983 1059 2011 donum
1073 1983 1189 2018 (Corban
1206 1985 1232 2012 id
1255 1984 1388 2011 llebrniee
1414 1984 1525 2019 dicitur)
1546 1989 1715 2019 nuncupant,
1734 1985 1752 2011 ii

957 2031 979 2057 si
1005 2030 1113 2057 liberari
1140 2030 1228 2057 oﬂieio
1262 2030 1361 2062 velint,
1389 2031 1532 2065 pecuniam
1562 2031 1753 2059 sacerdotibus

957 2075 1124 2111 dependunt,
1141 2077 1240 2103 mulier
1254 2077 1336 2104 siclos
1349 2076 1394 2107 30,
1413 2076 1454 2102 vir
1466 2076 1511 2105 50.

996 2212 1163 2240 Balaacnsiu
1184 2212 1280 2239 faciem
1292 2221 1408 2248 pronum
1419 2221 1448 2241 se
1475 2217 1602 2240 sternens
1624 2211 1751 2246 praedixit

956 2267 1017 2295 qua:
1029 2259 1201 2286 calamitates
1211 2259 1322 2294 regibus
1339 2264 1366 2286 et
1383 2259 1498 2286 urbibus
1515 2258 1670 2293 praecipuis,
1684 2264 1752 2292 quas

957 2314 1015 2333 rum
1029 2305 1152 2340 quaedam
1169 2309 1224 2332 tum
1234 2296 1268 2332 ire
1283 2306 1398 2333 habitari
1409 2305 1518 2339 quidem
1537 2305 1615 2339 123
1624 2304 1749 2339 contigit,

110 2349 161 2384 τὴν
176 2349 274 2384 ἀρχήν.
298 2346 429 2373 ’Υπέθετο
443 2346 471 2373 δὲ
484 2349 530 2374 καὶ
543 2348 588 2374 τὸν
600 2348 653 2374 τῶν
665 2348 839 2375 Μαδιανιτῶν
854 2348 902 2374 καὶ

965 2356 1044 2379 essent
1058 2355 1206 2379 eventurte.
1231 2351 1343 2378 Addidit
1358 2355 1386 2378 et
1410 2351 1621 2378 Madianitarum
1637 2354 1664 2378 et
1677 2349 1751 2377 Moa-

112 2396 160 2424 Ιτὸν
175 2395 229 2421 τῶν
246 2394 426 2421 Μωαΰιτίδων
443 2394 582 2428 γυναικῶν
598 2395 684 2421 δόλον.

149 2442 217 2468 Ἀπὸ
242 2440 345 2476 βιὸλίου
370 2445 389 2466 ε’
411 2441 459 2467 τοῦ
476 2441 568 2473 αὑτοῦ,
588 2442 629 2468 ὅτι
653 2442 702 2477 οὐχ
721 2442 759 2472 ὡς
774 2443 790 2477 ή
805 2441 902 2477 Γραφὴ

111 2488 179 2523 ἔχει,
189 2487 275 2518 οὕτως
286 2487 425 2522 ἐξηγεῖται
442 2486 573 2522 Ἰώσηπος
580 2487 614 2513 τὰ
624 2488 687 2522 περὶ
696 2487 826 2522 Σαμψών.
841 2488 903 2515 "Ott

113 2536 163 2570 μὲν
178 2535 232 2569 γὰρ
248 2535 310 2561 ὕνου
332 2534 436 2568 σιαγόνι
457 2534 558 2569 χιλίους
580 2534 736 2568 ἀπέκτεινε,
762 2535 846 2569 λέγει,
862 2536 902 2562 ὅτι

109 2581 141 2607 δὲ
156 2581 185 2613 ἐξ
201 2581 285 2615 αὐτῆς
301 2580 373 2615 ὕδωρ
391 2580 513 2613 ἔϐλυσεν,
532 2581 561 2607 οὐ
577 2580 662 2615 λέγει,
678 2581 734 2608 ἀλλ’
750 2582 790 2608 ὃτι
804 2582 904 2617 μᾶλλον

111 2627 160 2654 τοῦ
175 2627 259 2654 τόπου
275 2627 420 2663 ἀνωνύμου
439 2627 525 2659 ὄντος,
552 2629 584 2653 ἐκ
599 2628 646 2654 τοῦ
666 2628 820 2663 συμϐάντος
843 2629 904 2656 ἐπι-

111 2676 246 2711 κληθῆναι
257 2677 271 2703 ὁ
288 2674 401 2709 σιαγών.
416 2675 463 2707 Ἐξ
478 2673 561 2701 αὐτοῦ
575 2674 604 2700 δὲ
619 2675 711 2710 πηγὴν
728 2675 903 2703 ἀναδοθεῖσαν

112 2721 185 2748 κατά
198 2730 270 2753 τινος
297 2721 412 2756 πέτρας,
433 2721 528 2756 ἡδεῖαν
547 2720 595 2746 καὶ
609 2720 710 2756 πολλὴν
727 2721 803 2748 πόσιν
818 2722 904 2749 6260-3-

111 2775 163 2793 σαν
177 2767 289 2802 κορέσαι
302 2767 348 2794 τὸν
365 2765 500 2802 Σαμψὼν,
519 2765 566 2793 καὶ
578 2765 650 2793 οὕτω
665 2767 747 2802 μέχρι
761 2767 807 2794 τοῦ
822 2768 903 2803 δεῦρο

111 2811 254 2840 καλεῖσθαι
270 2814 301 2840 τδ
312 2813 423 2849 χωρίον.

146 2859 256 2886 Βισλίον
271 2858 294 2892 ζ’
309 2858 356 2886 τοῦ
383 2859 479 2894 αὑτοῦ,
496 2860 536 2888 ὅτι
551 2860 634 2889 Δαϐίδ
652 2859 833 2897 ἐκλαθόμενος
848 2861 902 2889 τῶν

958 2397 1072 2426 bitidum
1087 2398 1231 2424 mulierum
1245 2398 1348 2425 dolum.

992 2443 1030 2471 De
1040 2444 1135 2479 quinto
1143 2443 1264 2478 ejusdem
1282 2444 1369 2470 libro:
1387 2443 1530 2470 Samsnnis
1540 2443 1684 2470 historiam
1701 2442 1752 2470 ali.

959 2495 999 2518 ter
1013 2489 1248 2524 narratJosephus
1258 2498 1337 2524 quam
1347 2497 1432 2517 sacrae
1442 2489 1561 2517 Litterae.
1573 2488 1666 2516 Refert
1676 2489 1749 2517 enim

959 2538 993 2564 ab
1007 2545 1040 2564 eo
1055 2537 1162 2563 maxilla
1181 2537 1250 2564 asini
1274 2537 1347 2564 mille
1374 2537 1447 2563 viros
1457 2543 1559 2563 cassos:
1581 2537 1627 2564 sed
1654 2536 1680 2564 id
1693 2544 1749 2563 non

957 2584 1050 2616 refert,
1067 2591 1099 2611 ex
1112 2591 1143 2610 ea
1165 2591 1262 2619 aquam
1278 2583 1411 2617 erupisse.
1439 2583 1492 2611 Sed
1505 2583 1593 2610 locum
1621 2583 1669 2615 ait,
1686 2590 1748 2610 cum

956 2635 1018 2658 ante
1030 2631 1138 2658 nomine
1156 2634 1272 2662 careret,
1292 2629 1427 2657 Maxillam
1444 2630 1478 2658 ab
1494 2638 1526 2658 eo
1543 2630 1613 2657 facto
1627 2631 1749 2665 appella-

956 2683 1025 2709 tum,
1043 2684 1130 2712 eoque
1144 2677 1204 2703 loco
1221 2684 1253 2703 ex
1269 2683 1335 2703 saxo
1346 2677 1462 2710 quodam
1494 2676 1595 2703 fontem
1611 2684 1689 2712 aqua:
1701 2685 1748 2704 co—

955 2724 1085 2759 piosaeac
1102 2722 1189 2749 dulcis
1209 2721 1356 2754 exstitisse,
1375 2721 1446 2750 unde
1473 2722 1547 2750 sitim
1564 2722 1680 2750 Samson
1705 2731 1747 2749 re-

956 2770 1084 2798 stinxerit
1094 2777 1101 2783 '
1120 2769 1179 2796 loco
1193 2776 1291 2796 nomen
1306 2769 1440 2805 hodieque
1455 2777 1576 2798 manere.

991 2860 1130 2896 Septimus
1143 2861 1265 2898 ejusdem
1283 2861 1362 2890 liber.
1392 2858 1592 2896 Daviduslcgis
1619 2865 1666 2893 per
1693 2856 1747 2885 blo-
