1990 3160
263 131 314 162 155

880 131 1040 161 GEORGII
1057 124 1234 161 (ΣΕΒἩΕἈΓ

1838 125 1915 158 156

261 197 275 216 s
285 196 319 214 -.m
332 187 402 215 datas
413 187 621 222 immemor,qua
634 186 770 214 sancitum
787 191 845 214 erat
858 187 921 214 utsi
934 188 1045 222 populus

1105 187 1244 218 Μωῡσέως
1259 185 1385 219 ἐντολῶν,
1400 186 1430 218 ὃς
1448 186 1589 223 προεῖπεν,
1611 186 1659 213 ἐὰν
1673 185 1848 221 ἐξαριθμηθῇ
1864 186 1904 212 τὺ

261 239 464 266 numeraretur,
487 234 513 260 in
524 234 628 268 singula
656 233 746 268 capita
768 233 893 261 semissis
917 233 977 262 sicli
993 233 1048 261 Deo

260 280 415 312 oil'crretnr,
430 279 542 306 Joabum
566 279 669 305 circum
700 279 783 306 urbes
795 283 822 306 et
858 279 957 314 oppida
973 279 1048 314 regni

262 325 396 359 proﬁcisci
409 332 594 359 summamque
606 325 696 353 omnis
710 325 848 353 Israclicze
863 326 1048 354 multitudinis

259 373 431 399 conscribere
447 371 540 405 jussit.
554 370 617 399 ideo
634 371 667 398 70
681 372 768 399 millia
795 372 935 400 hominum
952 373 985 400 de
998 380 1048 407 po-

259 418 321 452 pulo
339 418 485 452 perierunt.
500 417 588 445 donec
617 418 714 446 hostiis
730 426 778 446 rex
811 419 894 446 Deum
919 419 1046 454 placavit.

257 462 330 496 Quas
342 462 431 490 evenit
446 463 542 490 eodem
559 463 585 490 in
601 464 663 491 loco
683 464 775 492 oﬁ'erri
791 472 845 500 quo
857 465 916 493 loco
926 465 1048 492 Abraha-

255 517 316 536 mus
328 508 413 536 ﬁlium
430 516 511 536 suum
520 508 645 537 lsaacum
659 510 714 538 Deo
727 510 868 538 immolare
881 511 1047 539 intenderat.

287 600 327 626 Ad
338 600 528 628 aediﬁcandum
552 602 682 636 templum
700 602 817 629 Davidtts
844 602 936 629 omnia
967 610 1048 637 para-

255 652 347 674 verat:
364 648 390 674 id
405 652 495 675 tamen
511 647 645 675 aediﬁcare
654 648 806 682 prohibitus
823 653 875 680 est,
885 649 956 683 quod
973 649 1024 677 (lex
1035 665 1048 670 -

254 697 295 719 tra
305 693 365 727 eius
377 693 473 720 crebra
499 693 618 720 hostium
630 693 702 720 caede
731 698 805 721 esset
827 695 942 729 polluta.
971 694 1048 722 Solo-

254 740 327 766 moni
346 743 435 767 autem
459 739 492 766 ad
508 744 672 766 structuram
689 741 780 775 templi
808 741 918 776 reliquit
941 741 992 768 tria
1006 747 1048 768 ta-

254 785 390 812 lcntorum
402 784 460 811 auri
479 784 576 811 millia.

288 831 447 858 Carminum
457 835 484 858 et
493 831 662 858 canticorqu
675 831 760 858 libros
772 830 884 858 Solomo
892 831 1047 866 composuit

253 876 332 907 5000.
350 877 436 904 tribus
457 876 578 904 millibus
592 884 672 912 porro
702 877 833 904 librorum
858 879 1044 912 comparatio-

253 931 301 950 nes
332 926 359 950 et
389 923 584 950 similitudines
598 927 640 950 est
665 923 835 956 complexus.
867 922 932 950 Nam
964 924 1043 959 124

252 968 286 995 de
300 969 395 1003 quavis
404 968 511 995 arboris
525 968 854 1002 speciecomparationem
876 967 952 998 fecit.
966 970 1029 996 item

251 1022 305 1045 qtte
322 1014 509 1046 terrestribus,
529 1014 685 1041 volantibus
703 1017 731 1041 et
748 1014 831 1041 aeriis
845 1014 1043 1042 animantibus.

252 1059 396 1086 Concessit
406 1059 431 1086 ei
443 1059 524 1085 etiam
549 1059 663 1086 Deusut
686 1059 803 1086 disceret
832 1063 919 1087 artem
948 1063 1043 1087 contra

252 1105 339 1132 malos
349 1105 486 1133 daemones
500 1105 534 1132 ad
552 1105 699 1133 utilitatem
725 1106 885 1133 hominum:
915 1110 1047 1134 excanta—

252 1151 340 1178 tiones
356 1151 514 1178 morborum
541 1151 676 1179 condendi
705 1152 849 1178 scientiam
877 1152 999 1186 reliquit,
1018 1156 1046 1179 et

251 1196 354 1224 formas
369 1196 584 1231 adjurationum,
610 1197 710 1231 quibus
727 1197 791 1223 mali
812 1197 883 1232 genii
898 1197 1047 1232 ejiciuntur

251 1250 391 1277 nunquam
404 1242 530 1270 redituri.
545 1241 624 1274 Quod
653 1242 766 1269 remedii
788 1250 873 1278 genus
900 1242 972 1277 apud
995 1250 1046 1270 nos

249 1297 323 1316 nunc
342 1289 490 1323 plurimum
522 1288 604 1316 valet.
634 1287 692 1315 Vidi
716 1289 800 1321 enim,
829 1289 868 1316 ait
896 1288 1044 1324 Iosephus,

249 1335 408 1362 Eleazarum
423 1335 568 1369 quemdam
583 1334 742 1368 popularem
751 1342 853 1367 meum,
864 1334 1043 1370 Vespasiano,

249 1381 310 1415 ejus
326 1381 401 1412 ﬁliis,
427 1381 546 1408 ducibus
563 1384 590 1407 et
618 1380 742 1407 exercitu
771 1381 965 1416 praesentibus,
996 1388 1045 1408 eos

250 1427 297 1462 qui
308 1435 323 1454 a
334 1427 503 1454 daemonibus
513 1431 593 1454 erant
604 1428 710 1456 obsessi
738 1427 897 1463 hujusmodi
913 1432 1044 1455 excanta-

251 1474 325 1501 tione
335 1474 460 1501 liberare.
484 1474 581 1501 Modus
603 1475 684 1502 istius
711 1474 865 1502 curationis
887 1474 950 1502 talis
967 1477 1043 1501 erat:

250 1518 369 1547 Naribus
385 1520 509 1547 daemone
522 1521 648 1555 oecupati
673 1521 803 1548 annulum
834 1519 1043 1553 admovebat,in

251 1565 330 1598 cujus
341 1565 400 1600 pala
414 1565 490 1592 radix
506 1573 520 1591 a
543 1564 689 1594 Solomone
717 1566 905 1595 demonstrata
934 1566 1042 1593 inerat:

250 1619 283 1637 eo
308 1612 391 1639 odore
402 1615 530 1647 percepto
553 1620 602 1647 per
629 1620 707 1640 nares
725 1612 816 1640 exibat
843 1613 970 1640 dmmon:
986 1616 1043 1639 tum

250 1659 361 1686 homine
383 1659 476 1686 statim
498 1659 673 1691 concidente.
697 1659 814 1687 daemoni
847 1660 994 1687 mandabat
1010 1667 1045 1687 ne

251 1705 277 1731 in
297 1705 368 1732 hunc
381 1709 475 1739 postea
497 1709 691 1737 reverteretur,
707 1705 890 1740 adjurationis
921 1705 1044 1732 Solomo-

251 1749 321 1776 nirm
334 1757 395 1777 eum
411 1749 562 1777 admonens
588 1750 844 1786 incantationesque
860 1750 895 1778 ab
914 1758 947 1778 eo
969 1757 1045 1777 com-

251 1795 355 1829 positas
376 1795 504 1823 recitans.
519 1796 594 1823 Idem
609 1796 743 1831 Josephus
772 1797 946 1825 Solomonem
958 1804 1044 1824 annos

250 1840 352 1868 vixisse
362 1841 406 1874 94,
415 1849 541 1877 regnasse
556 1842 591 1869 80
604 1842 711 1870 scribit.

286 1929 323 1957 De
334 1929 404 1958 libro
415 1930 524 1959 decimo
546 1931 690 1966 ejusdem:
715 1932 801 1960 Isaias
832 1932 962 1968 propheta
986 1933 1044 1969 regi

251 1975 373 2003 Ezechia:
385 1977 511 2011 prmdixit
541 1985 638 2006 omnes
654 1979 715 2013 ejus
741 1979 852 2008 divitias
876 1979 1044 2015 Babylonem

250 2021 412 2048 translatum
424 2021 468 2052 iri.
483 2027 663 2058 posterosque
689 2021 751 2057 ejus
778 2024 910 2051 virilitate
934 2029 1044 2052 exsecta

251 2065 399 2101 Babylonio
412 2067 469 2102 regi
487 2069 650 2101 servituros;
670 2076 702 2097 ea
717 2068 799 2097 Deum
817 2069 971 2098 vaticinari.

286 2198 398 2229 Lihrum
423 2207 531 2235 quoque
546 2200 580 2228 de
607 2200 686 2229 beato
709 2200 778 2229 Jobo
803 2201 830 2229 in
850 2201 1042 2237 compendium
1061 2214 1081 2241 [ι

251 2245 417 2280 redegimus,
439 2250 598 2281 argumenta
610 2245 670 2281 ejus
696 2247 840 2282 potissima
863 2247 982 2274 breviter
992 2248 1045 2274 huc

249 2291 420 2326 colligendo;
435 2299 497 2326 qua:
507 2292 540 2320 iis
552 2292 652 2326 rIuibus
677 2293 729 2321 istc
740 2293 808 2320 liber
825 2293 952 2328 cognitus
966 2292 1046 2327 125

249 2342 306 2369 estl
314 2345 370 2365 rem
389 2338 414 2365 iu
430 2339 590 2366 memoriam
612 2343 751 2366 revocent.
768 2338 851 2366 Liber
875 2339 919 2366 ille
945 2339 972 2366 in
987 2346 1046 2365 mo-

250 2390 306 2410 rem
328 2384 444 2410 scenica:
474 2383 572 2410 fabula:
598 2391 645 2410 sex
671 2383 797 2418 personis
818 2388 937 2415 constat,
970 2383 1046 2418 justo

248 2427 329 2460 Jobo,
345 2428 475 2464 Eliphazo
486 2429 661 2461 'l‘hemauita,
687 2429 806 2458 Baldado
836 2430 979 2463 Sauchila,
996 2429 1047 2457 So-

250 2475 334 2508 phare
350 2474 457 2506 lilinato,
480 2474 539 2501 Filio
550 2474 655 2507 Buzita,
673 2483 706 2503 ac
720 2474 786 2503 Deo.
797 2475 940 2509 Colloquia
954 2476 1045 2503 habita

250 2517 407 2548 suntinter
421 2528 469 2548 cos
482 2521 527 2548 23.
558 2519 672 2549 Orditur
695 2521 792 2553 Jobus,
821 2522 936 2557 singulis
963 2523 1043 2550 trium

252 2567 402 2594 amicorum
421 2575 534 2595 suorum
554 2568 661 2601 dicens,
682 2576 711 2596 se
726 2569 781 2595 telo
799 2569 903 2596 robusti
921 2569 967 2596 Dei
983 2570 1044 2597 vul-

254 2617 380 2639 neratum
404 2620 492 2640 esse:
523 2613 540 2640 ii
569 2622 582 2640 a
611 2614 665 2642 Deo
693 2614 806 2642 robusto
841 2620 922 2648 atque
943 2620 1044 2644 mteruo

253 2658 388 2686 neminem
405 2658 506 2694 injuste
527 2660 665 2687 vulnerari
692 2664 830 2688 asserunt.
855 2659 915 2688 llsec
929 2662 1044 2696 quaestio

252 2713 298 2732 sex
313 2705 459 2740 colloquiis
471 2707 600 2741 agitatur.
620 2706 722 2734 Deinde
737 2714 844 2734 rursum
860 2706 946 2735 Jobus
965 2707 1042 2742 prin-

252 2751 353 2786 cipium
370 2750 524 2779 disserendi
544 2752 609 2780 facit
623 2760 684 2780 cum
699 2753 743 2786 iis,
772 2753 917 2788 perlubens
945 2761 975 2781 se
991 2753 1043 2780 sibi

252 2797 356 2825 nullius
366 2805 426 2825 esse
457 2798 600 2832 spontanei
627 2798 717 2826 delicti
741 2801 900 2826 conscium:
919 2799 968 2833 ipsi
982 2806 1042 2825 eum

252 2842 549 2880 instantimarrogantis
561 2844 701 2873 damnant.
717 2845 778 2873 llaec
793 2845 914 2874 secunda
930 2845 1044 2879 quaestio

1058 1547 1079 1574 ϐ

1101 232 1215 268 πλῆθος,
1232 232 1302 267 ὑπὲρ
1318 233 1438 268 ἑκάστης
1458 233 1579 268 κεφαλῆς
1592 232 1667 268 αὐτῷ
1685 231 1725 267 τῷ
1738 231 1800 267 Θεῷ
1813 232 1900 258 τελέ-

1101 286 1171 304 σειεν
1186 278 1341 313 ἡμίσικλον,
1354 278 1522 314 προσέταξεν
1535 278 1615 305 Ἰωὰὸ
1628 278 1787 314 πορευθέντι
1801 279 1904 305 πάντα

1098 324 1144 351 τὸν
1159 324 1236 360 ὄχλον
1252 323 1445 361 ἐξαριθμῆσαι,
1462 325 1510 352 καὶ
1522 324 1566 351 διὰ
1584 324 1662 362 τοᾷτο
1685 324 1830 351 ἀπώλοντο
1846 332 1897 358 χι-

1099 369 1187 402 λιάδες
1197 370 1383 405 ἐϐδομήκοντα
1391 369 1438 396 τοῦ
1449 370 1524 400 λαοῦ.
1534 370 1585 401 ἕως
1597 366 1626 396 οὗ
1639 369 1733 402 θυσίας
1747 369 1902 405 είρηνικὰς

1099 417 1248 450 ἐπενέγκας
1273 416 1354 443 Δαὸὶδ
1379 416 1553 451 κατεπράϋνε
1577 417 1607 443 τὸ
1623 417 1712 443 Θετον.
1741 416 1847 450 Συνέϐη
1864 415 1900 442 δὲ

1099 462 1142 490 ἐπ’
1165 464 1269 489 ἐκεῖνον
1284 463 1330 489 τὸν
1351 462 1435 489 τόπον
1457 462 1619 497 τελεσθῆναι
1636 463 1686 494 τὰς
1703 463 1809 494 θυσίας,
1826 463 1858 488 ὲν
1872 458 1901 495 ᾧ

1099 509 1144 535 καὶ
1165 509 1293 544 ’Λῦραὰμ
1314 508 1360 535 τὸν
1377 509 1436 535 υίὸν
1460 508 1544 535 αὑτοῦ
1569 508 1663 534 Ἰσαὰκ
1683 508 1834 543 ἀνήνεγκεν
1852 509 1902 538 εἲς

1098 554 1301 590 ὁλοκάρπωσιν.

1135 600 1243 627 Ἧτιτὰ
1257 600 1323 635 περὶ
1344 600 1392 626 τὸν
1413 600 1477 626 ναὸν
1494 600 1576 626 Δαὸὶδ
1597 600 1746 635 ἡτοίμασεν
1766 599 1895 630 ἅπαντα,

1099 646 1225 680 ἐκωλύθη
1241 645 1270 672 δὲ
1283 646 1378 672 κτίσαι
1400 645 1482 672 αὐτὸν
1495 645 1538 672 διὰ
1552 645 1582 672 τὸ
1600 646 1749 681 μεμιάνθαι
1765 647 1796 681 τῇ
1812 645 1897 680 δεξτᾷ

1098 692 1171 728 χειρὶ
1183 692 1223 728 τῷ
1237 692 1392 728 συχνοτέρῳ
1404 692 1460 719 τῶν
1475 691 1580 728 ἐχθρῶν
1598 692 1681 727 φόνῳ.
1699 692 1845 727 Τρισχίλια
1862 693 1895 718 δὲ

1097 738 1218 765 τάλαντα
1237 738 1350 774 χρυσίου
1368 738 1514 765 κατέλιπεν
1532 738 1573 770 εὶς
1588 737 1637 773 τὴν
1652 737 1699 764 τοῦ
1711 737 1777 764 ναοῦ
1799 738 1895 763 κτίσιν

1097 784 1136 818 τῷ
1155 784 1321 819 Σολομῶντι.
1857 812 1860 814 _

1134 831 1195 857 Ὀτι
1222 830 1386 863 συνετάξατο
1410 829 1537 864 Σολομῶν
1559 828 1650 863 βιϐλία
1669 829 1734 863 περὶ
1747 829 1825 863 ῲίὦν
1840 829 1892 855 καὶ

1097 876 1187 911 μελῶν
1203 876 1425 910 πεντακισχίλια,
1449 875 1497 902 καὶ
1512 875 1676 910 παραδολῶν
1701 876 1747 901 καὶ
1771 876 1892 901 εἰκόνων

1096 921 1204 956 βίϐλους
1221 921 1391 956 τρισχιλίας·
1409 921 1471 947 καθ’
1489 921 1605 947 ἕκαστον
1616 921 1670 955 γὰρ
1685 918 1754 952 εἶδος
1774 921 1891 955 δένδρου

1095 967 1255 1002 παραϐολὴν
1274 966 1345 997 εἶπε,
1363 968 1410 993 καὶ
1420 967 1486 1002 περὶ
1501 966 1609 1001 κτηνῶν
1623 967 1669 992 κλὶ
1682 967 1734 993 τῶν
1754 967 1892 1000 ἐπιγείων

1095 1012 1171 1044 ζώων
1185 1013 1313 1040 ἁπάντων
1338 1014 1386 1040 καὶ
1410 1013 1464 1039 τῶν
1488 1014 1599 1047 πτηνῶν
1623 1015 1667 1040 καὶ
1691 1013 1746 1039 τῶν
1771 1013 1890 1047 ἀερίων.

1095 1057 1220 1092 Παρέσχε
1234 1058 1263 1084 δὲ
1280 1057 1355 1093 αὐτῷ
1378 1058 1475 1092 μαθεῖν
1489 1059 1503 1084 ὁ
1520 1057 1586 1090 Θεὸς
1602 1059 1650 1085 καὶ
1670 1058 1720 1093 τὴν
1743 1059 1815 1084 κατὰ
1831 1058 1892 1084 τῶν

1095 1103 1230 1138 δαιμόνων
1247 1105 1346 1139 τέχνην
1360 1105 1400 1136 είς
1419 1104 1555 1138 ὠφέλειαν
1579 1105 1633 1131 τῶν
1648 1104 1811 1139 ἀνθρώπων,
1835 1105 1891 1130 επ-

1095 1150 1164 1184 ῳδὰς
1177 1150 1204 1176 δὲ
1221 1150 1350 1182 συντάξαι
1367 1151 1395 1176 ὲν
1410 1148 1453 1182 αἷς
1466 1152 1665 1185 παρηγορεῖται
1683 1150 1717 1176 τὰ
1729 1152 1889 1184 νοσήματα.

1098 1194 1141 1230 [Ρ.
1164 1195 1211 1231 70]
1234 1197 1287 1222 Καὶ
1310 1196 1427 1231 τρόπους
1463 1196 1638 1232 ἐξορκώσεων
1668 1197 1826 1225 κατέλιπεν.
1843 1196 1891 1228 εἷς

1096 1241 1244 1276 ἐνδούμενα
1252 1242 1286 1268 τὰ
1297 1242 1435 1276 δαιμόνια,
1447 1242 1484 1273 ὡς
1494 1242 1594 1276 μηκέτι
1606 1242 1776 1271 ἐπανελθεῖν,
1788 1242 1891 1268 satana.

1096 1296 1201 1314 κονται.
1219 1288 1274 1314 Καὶ
1295 1287 1365 1323 αὐτὴ
1392 1288 1458 1323 παρ’
1472 1288 1538 1322 ἡμῖν
1555 1287 1630 1322 νῦνὴ
1647 1287 1781 1321 θεραπεία
1805 1287 1890 1313 πλεῖ·

1096 1341 1156 1359 στον
1174 1333 1272 1368 ἰσχύει.
1294 1333 1438 1369 Ἰστόρησα
1450 1335 1516 1368 γὰρ,
1534 1333 1618 1367 φησὶν
1630 1333 1773 1368 Ἰώσηπος,
1790 1333 1890 1359 Ἑλεά-

1095 1378 1178 1413 ζαρόν
1190 1387 1262 1408 τινα.
1278 1378 1332 1404 τῶν
1345 1379 1489 1413 ὁμοφύλων
1501 1378 1720 1408 Οὐεσπασιανοῦ,
1739 1379 1888 1413 παρόντων

1095 1424 1143 1451 καὶ
1160 1425 1215 1450 τῶν
1229 1424 1296 1450 υἱῶν
1316 1425 1399 1451 αὑτοῦ
1416 1425 1464 1451 καὶ
1476 1425 1628 1460 χιλιάρχων
1640 1425 1687 1451 καὶ
1704 1424 1785 1451 ἄλλου
1799 1433 1890 1459 στρα-

1094 1470 1222 1496 τιωτικοῦ
1246 1470 1377 1503 πλήθους,
1397 1471 1460 1502 τοὺς
1478 1470 1530 1496 ὑπὸ
1544 1471 1679 1505 δαιμόνων
1707 1470 1888 1504 λαμϐανομέ-

1095 1525 1156 1548 νους
1169 1516 1322 1543 ἀπολύοντα
1345 1516 1459 1547 τούτοις.
1477 1517 1505 1542 Ὀ
1516 1516 1544 1542 δὲ
1555 1516 1655 1551 τρῦπος
1671 1515 1720 1550 τῆς
1733 1515 1889 1550 θεραπείας

1095 1562 1215 1594 τοιοῦτος
1230 1560 1265 1597 ἦν
1279 1571 1285 1577 ·
1302 1562 1470 1598 Προσφέρων
1484 1563 1544 1592 ταῖς
1558 1562 1614 1597 ῥισὶ
1629 1561 1675 1587 τοῦ
1690 1561 1894 1596 δαιμονιζομέ-

1095 1619 1142 1637 νου
1158 1610 1203 1637 τέιν
1226 1609 1378 1642 δακτύλιον,
1397 1609 1493 1644 ἔχοντα
1518 1609 1564 1634 ἐπὶ
1587 1608 1637 1643 τὴν
1653 1608 1789 1643 σφραγῖδα
1803 1607 1888 1643 ῥίζαν

1095 1656 1124 1689 ἐξ
1138 1654 1175 1682 ὧν
1187 1656 1311 1688 ὑπέδειξε
1333 1648 1470 1690 Σολομῶν.
1488 1654 1583 1680 ἔπειτα
1601 1653 1713 1688 ἐξῆλθεν
1736 1653 1888 1687 ὀσφραινό-

1096 1710 1176 1738 μενον
1186 1701 1230 1729 διὰ
1240 1701 1293 1728 τῶν
1305 1701 1387 1736 ῥινῶν
1395 1700 1425 1726 τὸ
1436 1699 1582 1735 δαιμόνιον.
1597 1700 1652 1726 Καὶ
1663 1699 1791 1730 πεσόντος
1801 1697 1888 1730 εὐθὺς

1095 1748 1142 1775 τοῦ
1160 1747 1303 1783 ἀνθρώπου
1316 1746 1416 1781 μηκέτι
1431 1746 1471 1777 εἰς
1488 1745 1568 1772 αὑτὸν
1582 1744 1773 1780 ὑποστρέφειν,
1785 1744 1889 1779 ὄρχους

1096 1794 1266 1828 Σολομῶντος
1285 1792 1460 1827 μεμνημένον
1473 1791 1521 1818 καὶ
1534 1790 1583 1821 τὰς
1597 1789 1705 1825 ἐπῳδὰς
1721 1790 1752 1821 εις
1769 1789 1890 1823 συνέθη-

1096 1848 1141 1865 κεν
1155 1840 1259 1869 ἐκεῖνος
1274 1837 1420 1871 ἐπιλέγων.
1439 1836 1520 1870 Λέγει
1530 1836 1559 1862 δὲ
1574 1836 1706 1870 Ἰώσηπος
1726 1835 1768 1862 ὅτι
1781 1835 1821 1868 ιιδν
1835 1835 1886 1870 ἔτη

1094 1883 1190 1919 ἔζησεν
1205 1886 1218 1910 ὁ
1231 1883 1368 1916 Σολομῶν,
1385 1882 1544 1909 ἐϐασίλευσε
1561 1882 1589 1908 δὲ
1605 1880 1653 1916 ἐτη
1667 1884 1705 1908 π’.

1130 1930 1199 1956 ’Λπὸ
1224 1929 1329 1964 βιϐλίου
1352 1928 1466 1955 δεκάτου
1489 1927 1537 1954 τοῦ
1565 1926 1659 1960 αὐτοῦ,
1674 1927 1716 1953 ὅτι
1740 1926 1854 1958 Ἡσαΐας
1871 1927 1889 1953 ὁ

1095 1976 1238 2011 προφήτης
1258 1974 1386 2008 προλέγει
1411 1974 1450 2008 τῷ
1472 1973 1577 2008 βασιλεί
1599 1972 1712 2008 Ἐζεκίᾳ
1735 1972 1825 1999 πάντα
1839 1972 1889 1998 τὸν

1095 2021 1209 2048 πλοῦτον
1235 2021 1318 2047 αὐτοῦ
1339 2021 1379 2051 εἰς
1396 2019 1545 2046 Βαϐυλῶνα
1570 2018 1814 2054 μετατεθήσεσθαι,
1837 2019 1889 2044 καὶ

1094 2069 1157 2099 τοὺς
1173 2068 1300 2101 ἐγγόνους
1317 2066 1624 2102 εὐνουχισθησομένους,
1639 2065 1684 2091 καὶ
1698 2065 1888 2097 ἀπολέσαντας

1096 2114 1126 2140 ab
1139 2114 1238 2150 ἄνδρας
1261 2111 1331 2140 εἶναι
1346 2113 1384 2147 τῷ
1402 2112 1583 2138 Βαϐυλωνίων
1599 2111 1742 2138 δουλεῦσαι
1759 2111 1885 2146 βασιλεῖ’

1098 2160 1144 2186 καὶ
1159 2160 1248 2186 ταῦτα
1271 2159 1414 2194 προλέγειν
1427 2158 1473 2184 τὸν
1486 2157 1562 2185 Θεὸν.

1133 2204 1387 2241 Ἐπεσημηνάμεθα
1406 2204 1434 2231 δὲ
1451 2204 1497 2230 καὶ
1512 2204 1562 2238 τὴν
1587 2202 1634 2230 τοῦ
1650 2203 1802 2238 μακαρίτου
1821 2201 1888 2229 ’1ὼὸ

1099 2251 1188 2286 βίϐλον
1200 2251 1228 2277 ὲν
1242 2251 1375 2285 ὲπιτόμῳ,
1394 2250 1444 2281 τὰς
1465 2249 1657 2284 πραγματείας
1673 2248 1759 2283 αὐτῆς
1775 2248 1814 2280 ὡς
1827 2246 1890 2275 οἷόν

1097 2305 1127 2323 τε
1139 2296 1183 2323 διὰ
1203 2296 1327 2332 βραχέων
1350 2295 1583 2330 ὲγκαταλέξαντες
1599 2295 1639 2325 εἰς
1662 2294 1815 2330 ἀνάμνησιν
1829 2294 1890 2322 τῶν

1097 2342 1204 2369 εἰδότων
1226 2342 1327 2377 ταύτης
1346 2342 1393 2368 τὸν
1416 2341 1489 2368 νοῦν.
1520 2341 1564 2372 Ὦς
1581 2341 1609 2366 ὲν
1625 2340 1743 2375 δράματι
1761 2341 1777 2375 ἠ
1795 2340 1890 2375 βίϐλος

1096 2388 1143 2414 τοῦ
1168 2388 1303 2423 μακαρίου
1327 2387 1388 2414 ’1ὼὸ
1413 2387 1537 2422 περιέχει
1558 2386 1692 2422 πρόσωπα
1714 2386 1754 2418 ἒξ,
1776 2387 1889 2421 πρῶτον

1096 2434 1177 2460 αὑτὸν
1187 2434 1232 2460 τὸν
1245 2434 1348 2460 δίκαιον
1367 2433 1437 2464 Ἰὼϐ,
1450 2433 1576 2468 δεύτερον
1594 2432 1707 2467 Ἑλιφᾰζ
1719 2432 1764 2458 τὸν
1779 2432 1890 2468 Θαιμα-

1097 2478 1182 2513 νίτην.
1203 2478 1294 2514 τρίτον
1311 2477 1415 2504 Βαλδᾶιδ
1430 2477 1475 2503 τὸν
1488 2477 1633 2512 Σαυχίτην,
1649 2477 1779 2512 τέταρτον
1794 2477 1889 2512 Σοφὰρ

1095 2526 1140 2552 τὸν
1156 2525 1279 2557 Μιναῖον,
1306 2524 1431 2558 πέμπτον
1461 2523 1564 2554 Ἐλιοῦς
1581 2523 1626 2549 τὸν
1643 2523 1784 2558 Βουζίτην,
1804 2524 1888 2550 ἕκτον

1095 2571 1139 2597 τὸν
1153 2570 1291 2604 Δεσπότην
1304 2569 1380 2595 Θεὸν.
1397 2569 1520 2595 Γίνονται
1530 2569 1558 2594 δὲ
1575 2568 1676 2603 μεταξῦ
1691 2569 1780 2595 αὐτῶν
1795 2569 1887 2595 διάλο-

1095 2625 1137 2650 γοι
1154 2614 1207 2649 κγ’.
1220 2615 1391 2650 Πρωτολογεῖ
1403 2614 1430 2640 δὲ
1447 2614 1517 2646 Ἰὼϐ,
1530 2614 1596 2649 προς
1609 2614 1724 2640 ἕκαστον
1736 2614 1789 2640 τῶν
1800 2615 1887 2649 τριῶν

1096 2661 1180 2696 φίλων
1194 2660 1276 2686 αὐτοῦ
1289 2660 1375 2693 λέγων
1388 2659 1565 2694 ὃτι,Ἔτρωσέ
1579 2667 1612 2693 με
1625 2659 1640 2685 ὸ
1652 2658 1758 2693 ἰσχυρὸς
1768 2658 1849 2693 βέλει·
1861 2659 1888 2685 οἱ

1096 2707 1124 2734 δὲ
1145 2706 1196 2733 οὐκ
1211 2706 1311 2736 ἀδίκως
1327 2705 1373 2731 τὸν
1391 2705 1501 2740 ἰσχυρὸν
1529 2704 1576 2730 καὶ
1592 2703 1700 2730 αἰώνιον
1724 2702 1887 2738 τιτρώσκειν

1098 2751 1187 2779 εἷπον.
1207 2751 1261 2779 Καὶ
1278 2752 1308 2777 ἐν
1322 2751 1408 2787 ταύτῃ
1429 2752 1462 2786 τῇ
1484 2750 1596 2784 ζητήσει
1621 2750 1741 2783 γίνονται
1765 2749 1886 2783 διάλογοι

1155 2793 1219 2822 Εἶτα
1237 2795 1316 2821 πάλιν
1328 2794 1495 2830 πρωτολογεί
1517 2793 1576 2820 Ἰὼῦ
1592 2794 1658 2828 προς
1675 2794 1784 2826 αὐτοὺς,
1798 2794 1885 2827 λέγων

1099 2843 1210 2870 ἑκούσια
1241 2842 1452 2878 παραπτιῖμματα
1477 2841 1564 2875 ἑαυτῷ
1582 2840 1618 2875 μὴ
1643 2841 1801 2874 γινώσκει-λ’
1819 2841 1842 2866 ul
1858 2841 1883 2866 ὖὲ
