1990 3160
121 167 173 201 flii

668 170 941 202 HISTORIARUM
960 171 1225 204 COMPENDIUM.

1701 173 1754 206 162

117 236 164 255 νου
176 227 275 254 δέδωκε
291 227 411 262 Μωῦσῆς
424 227 464 259 είς
478 227 643 264 κατάσχεσιν
656 228 695 264 τῷ
717 228 845 263 Ῥουϐεὶμ
861 229 908 255 καὶ

969 229 999 256 :is
1014 228 1160 257 Iordanem
1188 230 1315 265 Rubeno,
1331 231 1396 259 Dani
1415 237 1447 258 ac
1464 230 1584 258 dimidia:
1608 230 1755 258 Manassae

116 274 172 301 Δὰν
187 273 236 300 καὶ
250 273 290 308 τῷ
306 273 401 308 ἡμίσει
421 273 506 308 φυλῆς
520 273 666 309 Μανασσῆ,
687 273 756 309 μετὰ
771 273 802 300 τὸ
817 273 912 299 λαϐεῖν

115 320 200 346 αὐτὸν
221 320 361 354 ἀπόφασιν
381 318 503 345 ἀνελθεῖν
515 321 544 346 ὲν
557 319 595 355 τῷ
604 319 660 354 ὃρει
676 321 722 346 καὶ
737 319 911 355 τελευτῆσαι.

156 366 217 392 Ὀτι
233 365 435 400 παρερχόμενοι
449 366 472 392 οἱ
492 366 545 392 υἱοὶ
571 366 679 401 Ἰσραὴλ
704 365 748 392 διὰ
764 366 811 393 τοῦ
834 367 912 402 ὄρους

119 411 189 447 Σιὴρ
205 412 422 446 προστάσσονται
435 411 488 438 ὑπὸ
507 412 554 438 τοῦ
573 412 641 438 Θεοῦ
657 412 738 447 ἄρτον
766 413 814 439 καὶ
835 413 908 448 ὕδωρ

121 458 252 493 πρίασθαι
281 457 358 492 παρὰ
385 458 439 483 τῶν
472 458 630 490 Ἰδουμαίων
644 459 698 485 τῶν
715 459 780 484 υἱῶν
815 459 912 491 Ἠσαῦ,

118 504 187 530 διότι
214 502 290 530 εἶπεν
313 504 404 535 αὐτοῖς
422 503 524 535 δΘεός·
547 513 556 529 ι
571 504 608 530 Οὐ
634 504 854 540 κληρονομήσετε
882 507 914 531 ἐκ

118 551 172 585 τῆς
186 551 238 585 γῆς
255 550 309 576 τῶν
327 549 413 576 Ἠσαῦ
431 549 492 576 οὐδὲ
513 550 587 585 βῆμα
612 550 702 583 ποδὸς,
733 551 773 577 ὅτι
799 551 910 585 ἀδελφοὶ

120 596 201 632 ὑμῶν
224 597 304 623 εἰσιν.
320 605 329 622 ι
354 595 569 631 Ἀποτρέπονται
595 595 624 622 δὲ
650 596 702 622 ὑπὸ
719 596 786 622 Θεοῦ
813 597 844 622 ὲκ
865 597 914 631 τῆς

120 643 174 677 γῆς
189 644 243 668 τῶν
257 642 411 669 Μωαϐιτῶν
426 641 540 668 καὶτῶν
565 642 667 668 πόλεων
690 641 779 668 αὐτῶν
795 642 839 668 διὰ
853 640 914 669 Λὼτ

123 687 170 714 τὸν
184 687 347 722 προπάτορα
363 686 465 713 αὐτῶν.

161 734 222 760 Ὅτι
240 735 267 760 ὲν
281 735 313 768 τῇ
332 733 445 768 δευτέρα
462 733 608 768 νομοθεσίᾳ.
622 733 696 767 λέγει
712 733 841 769 Μωῦσῆς·
860 733 915 759 «Τὰ

128 779 195 814 ἃγια
205 780 268 806 δέκα
278 780 389 814 ῥήματα
402 780 487 806 ταῦτα
498 780 576 814 ὑμεῖς
587 778 722 814 ἠκούσατε
732 780 763 806 ἐκ
776 780 859 814 μέσου
867 779 914 805 τοῦ

129 825 225 858 πυρὸς,
238 834 246 849 ι
263 824 332 850 ὥστε
345 824 393 851 καὶ
406 826 459 860 πρὸ
473 824 520 850 τοῦ
537 824 676 860 γραφῆναι
692 824 762 851 αὐτὰ
774 826 802 851 ὲν
815 824 914 857 πλαξὶν

125 870 284 906 ἐξεδόθησαν
300 871 351 898 ὑπὸ
361 872 410 906 τῆς
420 871 494 903 θείας
504 871 604 906 φωνῆς.
620 871 657 897 Οὐ
669 872 725 906 γὰρ
743 871 835 906 φωνὴν
847 871 915 906 ἄση-

964 274 1046 302 tribui
1062 275 1194 310 assignat.

998 359 1066 386 Cum
1083 367 1130 394 per
1147 365 1266 388 montem
1284 361 1390 389 Scirum
1412 363 1462 390 iter
1477 362 1606 391 Israelita!
1623 363 1755 395 facerent,

964 405 1121 433 mandatum
1151 406 1191 434 eis
1204 414 1218 433 a
1235 406 1288 434 Deo
1310 412 1351 436 est
1377 412 1407 436 ut
1424 417 1520 444 panem
1555 417 1710 444 aquamque
1723 410 1758 436 ab

963 449 1090 478 ldumaais
1118 457 1317 485 mercarentur,
1350 453 1442 481 Esauo
1474 456 1625 490 prognatis.
1646 455 1708 483 ideo
1732 461 1759 483 ct

963 497 1032 524 dixit
1046 497 1086 525 eis
1101 497 1172 533 Deus
1189 506 1195 524 :
1214 507 1222 523 ι
1237 498 1294 524 Νοιι
1312 499 1489 533 possidebitis
1510 501 1542 528 de
1561 507 1631 528 terra
1657 501 1757 528 Esaui-

964 551 1070 575 corum.
1085 551 1118 572 ne
1128 545 1271 579 vestigium
1288 545 1396 578 quidem
1409 545 1485 579 pedis
1497 546 1578 573 latam
1590 547 1757 581 portionem:

965 591 1030 614 sunt
1053 587 1125 614 enim
1141 587 1226 614 vestri
1247 587 1357 615 fratres.
1376 597 1385 613 ι
1399 588 1469 620 Quin
1492 593 1519 615 et
1536 596 1550 614 a
1578 589 1757 617 Moabitarum

965 640 1036 665 terra
1057 638 1140 667 atque
1156 633 1268 660 urbibus
1289 633 1360 661 Deus
1377 633 1506 669 [\lebrwos
1522 635 1630 667 avertit,
1653 635 1723 668 quod
1741 636 1758 661 ii

965 678 1032 706 Loto
1047 683 1139 706 essent
1152 681 1276 714 prognati
1295 679 1330 707 ⁸⁸,

1000 725 1029 751 lu
1057 725 1218 758 repetitione
1245 725 1311 759 legis
1342 725 1429 752 Moses
1446 730 1540 752 sancta
1559 726 1652 752 decem
1677 727 1757 753 verba

966 771 1100 803 recitavit,
1119 771 1222 798 addens
1239 773 1366 806 populum
1377 779 1408 798 ea
1420 771 1453 798 de
1470 772 1559 799 medio
1575 771 1636 806 igne
1648 772 1689 798 edi
1710 781 1758 798 au-

966 816 1081 844 divisse.
1109 816 1202 852 Itaque
1223 818 1384 851 priusquam
1414 810 1630 844 inscriberentur
1646 818 1756 847 tabulis.

965 862 1021 896 jam
1044 867 1100 889 tum
1131 870 1145 889 a
1169 862 1261 890 divina
1273 870 1337 889 voce
1363 863 1471 889 ftterunt
1501 863 1682 897 promulgata.
1698 862 1758 889 Non

124 925 189 952 μον,
208 902 264 944 ἀλλ’
281 902 411 953 ἔναρθρον
426 902 542 953 ἧκουσπεν
557 902 649 949 ὁπλαδς
663 902 695 944 sic
710 902 791 952 μέσου
807 902 854 944 ¹ιξοῡ

969 909 1041 935 enim
1072 915 1165 935 vocem
1190 909 1249 935 sine
1268 908 1368 940 verbis,
1389 909 1435 935 sed
1453 909 1625 934 articulatam
1655 907 1759 934 audivit

124 963 171 997 ρὶς
181 964 209 989 ὲν
220 963 295 998 Σινᾷ,
309 963 400 994 καθὼς
411 964 576 998 γέγραπται·
584 971 593 988 ι
601 962 656 989 Καὶ
667 963 701 988 τὰ
712 964 822 998 ῥήματα
833 962 916 989 αὐτοῦ

123 1008 241 1043 ἤκουσεν
253 1010 286 1035 ἐκ
299 1010 382 1044 μέσου
394 1009 440 1036 τοῦ
454 1010 550 1044 πυρός.
567 1019 575 1034 ι
592 1009 685 1036 Ταῦτα
700 1009 728 1035 δέ
742 1010 796 1036 εἰσι
807 1010 840 1035 τὰ
850 1009 917 1043 ἅγια

126 1054 239 1089 ῥήματα
255 1055 302 1081 τοῦ
320 1055 413 1089 νόμου,
435 1054 454 1082 δι
472 1055 585 1091 ὕστερον
612 1054 776 1090 ἐνεχάραξεν
793 1055 822 1081 ἐν
845 1054 915 1081 πλα-

125 1099 180 1131 ξίν.

161 1144 224 1170 ’Ὁτι
237 1144 356 1178 Μωῦσῆς
375 1149 402 1171 π’
417 1145 485 1173 ὲτῶν
494 1139 532 1172 ὢν
543 1147 651 1182 ἡγεῖται
667 1147 716 1182 τῆς
731 1146 762 1179 ὲξ
776 1146 915 1181 Αἰγύπτου

124 1190 239 1225 πορείας
251 1191 298 1216 τοῦ
319 1190 454 1227 Ἐϐραίων
476 1192 580 1224 ἔθνους,
600 1193 683 1228 συνῆν
707 1202 737 1219 τε
752 1193 845 1225 αὐτοῖς
873 1203 916 1220 νο-

126 1235 249 1270 μοθετῶν
262 1237 308 1262 ἐπὶ
321 1236 371 1271 τῆς
386 1237 491 1272 ἐρήμου
510 1238 558 1273 ἐτη
574 1238 610 1274 μ’.

167 1282 232 1308 Ἀπὸ
243 1280 265 1316 β’
285 1282 388 1317 βιὸλίου
404 1283 534 1319 Ἰωσήπου
552 1285 601 1319 τῆς
621 1285 852 1320 Ἃρχαιολογίιις,
876 1285 916 1311 ὅτι

124 1327 228 1361 Φαραὼ
241 1328 294 1354 ὑπὸ
308 1328 357 1363 τὴν
374 1329 458 1364 αὐτὴν
480 1329 554 1364 ὥραν
569 1330 702 1357 ἐθεάσατο
716 1331 763 1357 καὶ
790 1330 839 1362 τὰς
861 1331 914 1357 τῶν

125 1373 261 1400 ἐνυπνίων
277 1374 351 1409 ὄψεις
363 1377 410 1402 καὶ
425 1375 475 1407 τὰς
489 1376 633 1411 ἐξηγήσεις
648 1376 751 1404 αὐτῶν.
772 1377 851 1403 ’Λλλά
863 1377 917 1403 τῶν

130 1420 291 1455 ἐξηγήσεων
305 1421 500 1457 ἐπιλαθόμενος
526 1422 571 1447 τὸν
601 1422 702 1454 ταύτας
727 1423 918 1458 ἀναμνήσοντα

125 1465 302 1502 ὲζήτει.“’οτι
317 1468 345 1493 ὲν
371 1468 428 1498 τοῖς
457 1466 526 1494 ἑπτὰ
541 1467 591 1502 τῆς
613 1467 740 1503 εὐθηνίας
770 1467 859 1494 ἔτεσιν
885 1469 915 1494 οὐ

126 1513 296 1549 προῄσθοντο
315 1514 513 1549 Αίγύπτιοιτδν
526 1515 646 1549 ἑπταετῆ
661 1515 751 1550 λιμόν.
767 1516 830 1542 Ὅτι
860 1515 915 1542 τῶν

969 961 1002 981 ex
1020 954 1109 981 medio
1126 954 1197 989 ignis
1216 954 1243 981 in
1264 954 1340 981 Sinai
1366 954 1493 988 populus.
1511 953 1589 988 130
1606 952 1658 981 Sed
1688 953 1759 981 scri-

967 1004 1044 1035 ptum
1059 1005 1117 1027 est:
1134 999 1238 1027 «Verba
1251 1000 1312 1034 ejus
1328 999 1430 1027 audivit
1445 1006 1477 1026 ex
1492 1000 1580 1026 medio
1590 999 1708 1034 igue’h
1720 1000 1756 1026 Ea

967 1053 1048 1080 porro
1057 1050 1121 1073 sunt
1136 1050 1230 1073 sancta
1251 1045 1320 1080 legis
1339 1045 1434 1077 verba,
1450 1051 1510 1079 quae
1534 1044 1631 1072 deinde
1658 1045 1759 1072 tabulis

967 1092 1122 1126 insculpsit.

1002 1144 1090 1172 Moses
1103 1151 1189 1172 annos
1207 1147 1286 1172 natus
1304 1143 1338 1171 80
1364 1142 1508 1171 Hebreum
1524 1144 1652 1179 populum
1667 1152 1698 1172 ex
1712 1145 1760 1172 ,Ε-

967 1195 1047 1226 gypto
1058 1191 1162 1222 eduxit,
1176 1197 1206 1217 ac
1224 1190 1251 1217 in
1273 1190 1422 1218 solitudine
1437 1190 1510 1226 leges
1528 1191 1568 1218 eis
1591 1191 1693 1226 posuit,
1710 1191 1760 1218 ad-

968 1237 1073 1271 fuitque
1085 1244 1133 1272 per
1150 1244 1238 1263 annos
1257 1235 1304 1263 40.

1002 1291 1042 1318 Ex
1058 1291 1127 1318 libro
1140 1289 1251 1325 Joscphi
1269 1289 1307 1317 De
1328 1290 1487 1324 antiquitate
1505 1290 1636 1317 secundo.
1649 1289 1759 1318 Pharao

967 1340 993 1364 et
1009 1336 1143 1363 insomnia
1157 1341 1182 1363 et
1198 1343 1292 1363 eorutn
1317 1335 1556 1370 interpretationes
1578 1336 1673 1363 cadent
1692 1337 1760 1364 hora

967 1381 1082 1416 accepit.
1101 1380 1154 1408 Sed
1165 1381 1422 1415 interpretationum
1438 1381 1550 1414 oblitus,
1564 1382 1690 1416 quaesivit
1708 1382 1756 1416 qui

967 1435 1014 1455 eas
1030 1427 1081 1462 ipsi
1106 1427 1133 1453 in
1147 1427 1307 1453 memoriam
1325 1431 1476 1454 revocaret.
1494 1425 1602 1462 Septem
1622 1427 1759 1455 fertilibus

968 1474 1048 1501 annis
1059 1472 1177 1508 Egyptii
1206 1473 1392 1507 septeunalem
1410 1472 1508 1500 famem
1537 1481 1590 1500 non
1607 1478 1760 1508 praasense—

968 1525 1042 1547 runt.
1065 1519 1179 1552 Quidam
1196 1527 1289 1546 eorum
1300 1519 1347 1553 qui
1369 1526 1463 1546 sacras
1480 1519 1598 1546 Litteras
1628 1519 1758 1550 tractant.

127 1560 375 1596 ἱερογραμματέων
387 1570 429 1593 τις
444 1561 618 1596 -ἀναγγέλλει
646 1561 685 1596 τῷ
701 1561 805 1597 βασιλεῖ
814 1561 913 1597 Φαραὼ

969 1564 1102 1591 Pharaoni
1117 1565 1246 1592 iudicavit
1259 1572 1291 1592 eo
1302 1569 1424 1599 tempore
1432 1565 1576 1598 quemdam
1585 1565 1656 1592 ittler
1668 1565 1757 1592 Israe-

125 1606 308 1640 τεχθήσεσθαί
317 1615 379 1633 τινα
389 1607 448 1633 κατ’
456 1608 560 1634 ἐκεῖνον
569 1607 614 1634 τὸν
629 1608 723 1643 καιρὸν
731 1609 787 1639 τοῖς
810 1608 914 1643 Ἰσραη-

125 1654 224 1685 λίταις,
241 1655 270 1685 ὃς
286 1654 451 1681 ταπεινώσει
469 1655 516 1690 μὲν
525 1655 574 1690 τὴν
585 1655 741 1689 Αἰγυπτίων
756 1655 913 1690 ἠγεμονίαν,

125 1699 240 1735 αὐξήσει
257 1700 284 1726 δὲ
302 1701 364 1731 τοὺς
380 1700 550 1736 Ἰσραηλίτας
563 1701 685 1735 τραφείς.
707 1700 751 1725 Διὸ
761 1700 806 1726 καὶ
818 1699 915 1736 γνώμῃ

125 1745 209 1772 αὑτοῦ
225 1745 332 1773 κελεύει
348 1747 401 1772 πᾶν
419 1749 449 1772 τὸ
464 1746 593 1781 γεννηθὲν
610 1747 693 1781 ἄρσεν
706 1746 757 1772 ὑπὸ
783 1746 836 1772 τῶν
864 1746 915 1772 Ἰσ-

126 1792 264 1827 ραηλιτῶν
279 1793 317 1823 είς
331 1792 376 1818 τὸν
394 1792 515 1827 ποταμὸν
532 1792 686 1828 ῥίπτεσθαι.
703 1791 786 1818 ama
811 1792 915 1826 κρατή-

125 1846 183 1864 σειε
196 1838 217 1864 δ’
231 1838 263 1864 iv
278 1838 364 1870 οὐδεὶς
378 1838 428 1872 τῆς
443 1838 489 1865 τοῦ
506 1838 573 1864 Θεοῦ
586 1838 710 1873 γνώμης,
722 1838 776 1864 οὐδ’
788 1839 802 1863 ὁ
815 1838 915 1872 μυρίας

124 1884 223 1918 τέχνας
233 1883 278 1910 ἐπὶ
290 1884 376 1919 τούτῳ
386 1885 624 1919 μηχανησάμενος.
635 1885 697 1910 ’Ότι
708 1885 721 1910 ὁ
731 1884 822 1918 πατὴρ
831 1884 915 1910 Μωῦ-

126 1929 198 1960 ceto;
215 1929 285 1956 κατὰ
299 1930 362 1960 τοὺς
377 1929 478 1961 ὖπνους
493 1931 581 1956 πάντα
597 1930 631 1956 τὰ
644 1930 714 1957 κατὰ
732 1929 851 1956 Μωῦσέα
869 1930 916 1955 καὶ

133 1974 239 2010 ’Δαρὼν
252 1975 448 2010 συμϐησόμενα
466 1976 498 2001 ὲκ
516 1975 582 2001 Θεοῦ
599 1975 805 2010 προδιδάσκεται
823 1975 870 2000 καὶ
881 1975 913 2010 τῇ

125 2022 210 2048 αὐτοῦ
228 2021 339 2056 γυναικὶ
366 2021 485 2056 Ἰοχάὸεδ
502 2022 623 2055 φανεροῑ.
643 2021 704 2047 Ὅτι
720 2020 873 2055 Θέρμουθις
897 2021 913 2054 ή

126 2068 251 2103 θυγάτηρ
267 2066 368 2102 Φαραὼ
383 2067 533 2101 ἀνελομένη
547 2067 667 2093 Μωῡσέα
679 2065 785 2092 κελεύει
805 2065 915 2099 γύναιον

125 2114 241 2149 ἀχθῆναι
254 2113 302 2139 καὶ
314 2112 398 2148 θηλὴν
410 2112 449 2146 τῷ
464 2111 564 2146 παιδίῳ
576 2113 729 2147 παρασχεῖν
740 2120 746 2126 ·
762 2110 867 2137 πολλῶν
886 2111 915 2137 δὲ

125 2159 263 2194 ἀχθεισῶν
299 2158 337 2194 μὴ
377 2157 559 2193 προσιεμένου
583 2157 722 2188 Μωῦσὲως
750 2157 914 2191 παρεστῶσα

126 2205 244 2240 Μαριὰμ
264 2203 349 2231 εἷπεν·
368 2213 378 2230 ι
392 2205 422 2230 Ει
442 2203 496 2230 τῶν
512 2203 656 2238 ὁμοφύλων
681 2202 755 2237 αὑτῷ
770 2202 910 2236 γυναικῶν

967 1610 1035 1637 licos
1051 1609 1232 1639 nasciturum,
1245 1610 1291 1644 qui
1308 1609 1417 1636 adultus
1437 1608 1627 1643 [Egyptiorum
1644 1616 1759 1643 regnum

965 1655 1146 1690 deprcssurus
1177 1662 1312 1689 suumque
1343 1655 1470 1689 populum
1498 1659 1643 1682 evecturus
1677 1656 1758 1682 foret.

967 1701 1059 1735 itaque
1071 1708 1118 1728 rex
1133 1701 1215 1735 hujus
1225 1699 1431 1736 cousiliojubet
1448 1708 1543 1728 omnes
1563 1700 1754 1728 Israelicorum

967 1746 1103 1774 masculos
1131 1752 1225 1781 partus
1251 1745 1277 1772 in
1308 1745 1419 1772 fluvium
1450 1746 1541 1779 abjici.
1571 1746 1678 1773 Alenitn
1708 1746 1755 1774 Dei

967 1793 1130 1820 sententiam
1157 1799 1238 1819 nemo
1267 1792 1407 1818 hominum
1431 1792 1579 1827 infringere
1606 1798 1706 1827 potest,
1725 1802 1758 1822 ne

966 1839 989 1866 si
1009 1839 1081 1865 mille
1109 1838 1218 1872 quidem
1236 1838 1341 1864 artibus
1366 1837 1417 1864 hoc
1434 1838 1572 1865 moliatur.
1586 1839 1669 1866 Musis
1682 1845 1760 1874 pater

967 1884 1051 1911 aDeo
1068 1892 1114 1918 per
1144 1883 1309 1910 insomnium
1323 1883 1357 1910 de
1388 1883 1516 1910 omnibus
1547 1892 1608 1918 quae
1635 1885 1701 1912 Μοδὶ
1732 1892 1759 1914 et

966 1929 1067 1955 Aaroui
1085 1931 1214 1955 eventura
1231 1932 1323 1954 essent
1340 1928 1465 1960 edoctus,
1482 1929 1561 1954 uxori
1593 1936 1650 1956 suae
1664 1929 1760 1958 Jocha-

967 1976 1054 2003 bctha:
1071 1974 1244 2010 signiﬁcavit.
1263 1974 1438 2002 Tbermutbis
1451 1975 1503 2002 filia
1529 1975 1681 2004 Pharaonis
1697 1974 1758 2005 c‘utn

966 2020 1068 2047 Mosem
1087 2028 1119 2047 ex
1133 2027 1203 2054 aqua
1230 2020 1399 2052 sustulisset,
1418 2021 1559 2048 mulierem
1577 2024 1661 2057 quaeri
1683 2023 1760 2058 jubet

966 2076 1027 2102 qum
1053 2075 1114 2095 eum
1132 2068 1223 2095 iactet.
1244 2067 1338 2095 Multis
1352 2068 1478 2095 adductis
1505 2077 1566 2096 cum
1583 2071 1685 2096 nullam
1699 2070 1759 2096 Mo-

966 2121 1010 2142 ses
1025 2113 1191 2146 admitteret,
1219 2119 1311 2141 astans
1329 2113 1413 2141 Maria
1427 2123 1435 2142 ι
1452 2114 1507 2147 (δί,
1524 2115 1624 2150 inquit,
1640 2117 1758 2150 aliquam

966 2159 999 2187 de
1009 2160 1185 2194 popularibus
1193 2160 1254 2194 ejus
1269 2160 1390 2188 llebrzeis
1407 2161 1567 2189 mulieribus
1582 2170 1695 2190 curares
1708 2163 1759 2189 ad-

966 2206 1038 2238 duci,
1070 2206 1193 2233 fortassis
1224 2213 1367 2233 mammam
1389 2207 1555 2234 admitteret.
1575 2217 1584 2233 ι
1599 2207 1680 2235 Jusaa
1708 2209 1759 2235 hoc

131 2250 281 2285 Ἐἦραΐδων
310 2250 454 2284 ποιήσειας
468 2249 596 2285 ἀχθῆναι,
619 2249 690 2284 τάχα
716 2249 748 2275 ἂν
772 2250 913 2284 προσίεται

969 2259 1046 2286 agere
1060 2255 1172 2279 malretu
1195 2251 1271 2286 131
1293 2251 1416 2284 adduxit,
1432 2253 1546 2287 ejusque
1563 2254 1645 2280 ubera
1670 2253 1759 2281 liben-

127 2297 237 2332 θηλήν.)
253 2297 298 2322 Διὸ
318 2296 365 2322 καὶ
376 2295 554 2322 κελευσθεῖσα
569 2295 630 2329 ἄγει
645 2294 786 2330 τὴναὺτοῦ
795 2295 913 2330 μητέρα,

127 2343 175 2370 καὶ
194 2343 225 2369 τὸ
236 2342 342 2369 παιδίον
357 2343 485 2377 ἀσμένως
514 2341 684 2377 προσφύεται
703 2343 737 2377 τῇ
753 2341 832 2376 θηλῇ.
850 2342 913 2367 ’Ὁτι

128 2388 371 2424 φιλοφρονούμενος
390 2387 491 2423 Φαραὼ
515 2389 547 2423 τῇ
565 2388 618 2421 ἰδίᾳ
643 2387 759 2422 θυγατρὶ
775 2387 913 2422 ἐπιτίθησι

127 2435 230 2470 Μωῦσῇ
240 2434 269 2461 τὸ
277 2434 405 2469 διάδημα,
413 2435 426 2460 ό
436 2434 464 2460 δὲ
472 2434 514 2460 διὰ
522 2434 674 2468 νηπιότητα
686 2433 835 2468 καταφέρει
846 2433 913 2459 αὐτὸ

127 2480 168 2511 εἰς
178 2480 229 2514 γῆν
244 2480 356 2511 καὶτοῖς
369 2479 446 2505 ποσὶν
462 2479 609 2506 ἐπιϐαίνει.
623 2478 668 2515 [Ρ.
692 2478 738 2514 Ἠ]
750 2478 802 2505 Τοῦ
811 2479 838 2505 δὲ
847 2487 914 2514 προ-

128 2526 295 2562 δηλωθέντος
310 2525 554 2561 ἱερογραμματέως
570 2525 648 2551 τοῦτο
674 2525 843 2560 θεασαμένου
867 2525 914 2551 καὶ

128 2572 233 2600 ἀνελεῖν
262 2572 520 2607 ἑπιχειρήσαντοςή
552 2570 704 2606 Θέρμουθις
729 2571 910 2606 ἐξαρπάσασα

127 2619 284 2645 διεσώσατο.
296 2618 356 2644 Ὀτι
368 2616 520 2652 χειροήθεις
534 2616 612 2643 οὖσαι
623 2617 651 2643 αι
671 2616 737 2648 ῑὸεις
751 2617 818 2652 πρὸς
833 2617 914 2652 μόνον

127 2665 159 2692 ἐδ
173 2664 226 2691 τῶν
239 2664 327 2699 ὄφεων
340 2663 417 2698 γένος
429 2662 532 2697 ἀγρίως
548 2661 651 2697 ἔχουσι,
663 2663 709 2688 καὶ
721 2661 814 2693 δεινῶς
830 2663 914 2697 ἀναρ-

129 2710 282 2746 παζόμεναι
301 2709 488 2737 κατεσθίουσιν
502 2708 610 2742 ἐλάφων
631 2708 743 2743 μᾶλλον.
760 2708 821 2735 Ὅτι
838 2708 914 2743 φθει-

129 2758 185 2793 ρῶν
199 2758 311 2792 ἄπειρόν
323 2765 349 2782 τι
371 2755 474 2790 πλῆθος
490 2756 547 2786 τοῖς
568 2754 732 2789 Δὺγυπτίοις
754 2754 914 2790 ἐξήνθησεν,

129 2803 234 2830 ἑνδοθεν
244 2802 434 2837 ἀναδιδόμενον
448 2801 497 2827 καὶ
507 2800 600 2832 κακῶς
630 2800 788 2836 διαφθεῖρον
815 2801 914 2832 αὐτοὺς

129 2850 178 2876 καὶ
192 2848 244 2875 ὑπὸ
272 2847 385 2883 μηδενὸς
420 2847 644 2884 διαφθειρόμενον
672 2847 829 2882 φαρμάκου.
852 2846 914 2874 Ὀτι

166 2905 190 2924 ³⁸
207 2905 286 2934 Deut.
303 2913 332 2938 ιι,
344 2906 370 2933 5.
410 2906 431 2922 "
448 2905 527 2934 Deut.
545 2914 582 2938 iv,
602 2905 646 2933 19.

964 2303 1004 2325 ter
1021 2296 1111 2324 infans
1125 2297 1245 2324 admistt.
1257 2296 1363 2324 Pharao
1374 2298 1434 2324 filiae
1446 2305 1503 2325 suae
1523 2299 1665 2326 blandiens
1689 2298 1757 2326 Mosi

967 2343 1091 2371 diadema
1107 2343 1240 2378 imponit:
1254 2343 1345 2370 infans
1367 2349 1457 2370 autem
1475 2345 1562 2372 aetatis
1582 2345 1759 2379 simplicitate

964 2381 991 2416 id
1008 2391 1034 2417 in
1052 2395 1152 2417 terram
1180 2389 1274 2424 abjicit
1295 2397 1326 2417 ac
1345 2390 1459 2425 pedibus
1474 2391 1571 2418 calcat.
1599 2391 1627 2418 ld
1643 2399 1704 2418 cum
1717 2392 1758 2418 vi-

964 2434 1040 2462 deret
1057 2435 1079 2462 is
1094 2442 1175 2470 quem
1192 2435 1273 2470 paulo
1289 2440 1351 2461 ante
1369 2435 1488 2462 diximus
1510 2442 1649 2463 sacrarum
1672 2436 1757 2463 Litte~

965 2488 1058 2508 rarum
1075 2481 1215 2516 magister,
1233 2480 1347 2508 interfici
1361 2488 1473 2515 ptterutu
1490 2481 1566 2515 jubet
1585 2490 1592 2508 :
1608 2482 1655 2509 sed
1671 2482 1758 2510 Ther-

969 2527 1072 2555 muthis
1091 2532 1213 2561 ert'ptum
1229 2527 1289 2554 neci
1314 2527 1460 2554 subtraxit.
1479 2527 1532 2555 Ibis
1559 2532 1699 2555 mansueta
1715 2533 1757 2557 est

969 2575 1039 2606 avis,
1054 2574 1119 2602 solis
1129 2573 1227 2602 infesta
1238 2573 1373 2608 anguibus
1383 2582 1391 2607 ;
1402 2581 1472 2608 quos
1484 2577 1511 2601 et
1526 2575 1756 2610 crebro,amplius

968 2619 1049 2646 etiam
1067 2619 1164 2651 cervis,
1190 2619 1260 2654 rapit
1280 2623 1361 2653 atque
1384 2624 1472 2646 vorat.
1496 2618 1593 2654 ingens
1618 2619 1755 2654 pediculo-

969 2673 1029 2692 rutu
1057 2665 1098 2692 vis
1124 2664 1267 2700 Aﬂgyptios
1306 2664 1415 2696 invasit,
1432 2671 1463 2691 ex
1486 2665 1552 2699 ipsis
1595 2666 1756 2699 corporibus

968 2711 1179 2745 erumpentium,
1196 2718 1227 2737 ac
1247 2710 1316 2737 male
1331 2718 1380 2738 eos
1404 2711 1591 2743 multantium,
1605 2719 1692 2746 neque
1708 2712 1755 2738 ulli

969 2757 1088 2784 remedio
1103 2756 1269 2784 cedentium.
1286 2756 1391 2784 Hebraei
1414 2765 1445 2784 ex
1462 2757 1579 2793 Egypto
1596 2759 1696 2792 egressi
1715 2762 1755 2784 te-

969 2803 1058 2830 nuiter
1075 2810 1104 2830 se
1119 2807 1308 2830 sustentarunt
1324 2811 1372 2839 per
1399 2805 1434 2831 50
1444 2804 1514 2837 dies,
1534 2809 1609 2839 pasta
1630 2804 1753 2835 subacta,

969 2857 1050 2884 quant
1067 2857 1159 2877 secum
1180 2850 1343 2877 extulerant.
1373 2851 1400 2878 In
1417 2851 1496 2888 cujus
1512 2851 1633 2886 penuria:
1653 2856 1755 2878 memo-
