1990 3160
137 164 191 196 155

671 150 941 194 HISTORIARUM
958 144 1222 198 (IOMPEN’DIUM.

1718 167 1767 199 166

131 224 180 250 ἐπί
197 222 247 258 τῆς
261 222 322 257 γῆς.
335 221 373 254 ς’.
391 221 428 248 Οὐ
442 220 607 257 μοιχεύσεις.
624 220 655 253 ς’.
670 221 706 247 Οὐ
720 219 905 255 φονεύσεις.η’

971 225 1040 248 tum.
1062 222 1088 248 9.
1108 221 1146 248 Ne
1162 221 1336 256 perhibueris
1351 221 1449 249 falsum
1475 228 1570 251 contra
1602 232 1766 260 quemquam

131 269 171 295 Οὐ
184 269 304 303 κλέψεις.
322 267 354 294 θ’.
372 267 410 294 Οὔ
424 267 694 302 ψευδομαρτυρήσεις
708 266 776 292 κατὰ
791 266 836 292 τοῦ
852 265 919 299 πλη-

134 314 193 340 σίον
214 322 272 340 σου.
289 313 315 339 ι’.
333 313 391 339 Οὐκ
407 312 586 346 ἐπιθυμήσεις
601 312 650 346 τὴν
666 312 784 344 γυναῖκα
796 310 841 336 τοῦ
850 310 919 345 πλη-

134 361 190 387 σίον
200 369 259 393 σου,
269 359 285 395 ἢ
294 359 342 395 τὴν
352 359 450 391 οἰκίαν,
463 358 533 394 ῆτδν
545 357 639 392 ἀγρὸν,
649 357 665 392 ἢ
677 357 723 384 τὸν
734 357 817 383 παῖδα
826 356 919 389 αὑτοῦ,

974 267 1170 294 testimonium.
1190 268 1231 294 10.
1246 267 1284 294 Ne
1301 268 1465 302 appetiveris
1492 277 1615 304 uxorem,
1643 271 1765 302 domum,

974 319 1080 346 agrum,
1095 321 1148 339 non
1169 321 1290 346 servum,
1318 322 1371 340 non
1384 315 1522 347 ancillam,
1537 316 1643 349 bovem,
1656 324 1766 351 jumen-

975 361 1031 384 tum
1044 361 1090 383 aut
1105 357 1254 392 quidquam
1279 359 1392 386 omnino
1418 359 1452 386 de
1473 360 1551 387 bonis
1574 361 1687 395 proximi
1711 362 1763 388 tui.

130 408 148 442 ἢ
163 407 211 442 τὴν
226 406 384 441 παιδίσκην,
402 406 418 439 ἣ
436 405 481 431 τὸν
502 404 577 439 βοῦν,
591 405 607 439 ἦ
621 404 651 430 τὸ
671 402 818 437 ὑποζύγιον
834 402 929 435 αὑτοῦ,
942 403 958 438 ἢ
971 404 1025 429 πᾶν
1037 403 1135 438 κτῆνος
1148 403 1241 436 αὐτοῦ,
1257 403 1318 431 οὔτε
1339 405 1390 431 ὅσα
1401 406 1446 432 τοῦ
1462 407 1575 442 πλησίον
1588 407 1633 433 σού
1646 409 1727 436 ἐστιν.

166 466 242 501 Αὕτη
257 464 470 500 δὲήδεκάλογος
489 462 543 489 τῶν
562 462 679 496 γενικῶν
698 461 812 488 ἐντολῶν
844 462 918 487 ἐστιν

132 514 148 547 ἡ
162 511 296 543 διάταξις.
317 509 412 536 Ταῦτα
427 510 460 535 τὰ
472 509 531 535 θεῖα
558 508 712 543 διδάγματα
734 507 839 543 φοΰερᾷ
868 515 920 533 τινι

130 560 178 586 καὶ.
191 557 316 593 ὲνάρθρῳ
335 557 411 592 φωνῇ
427 555 616 586 διατέτακται,
632 554 757 589 ὁρῶντος.
776 553 822 579 τοῦ
852 551 919 578 λαοῦ

129 604 179 632 καὶ
194 603 349 634 ἀκούοντος,
363 599 397 637 ἧς
411 601 441 628 τὸ
455 599 675 635 καταπληκτικὸν
692 601 738 626 καὶ
754 599 848 629 ἀκοαῖς
859 598 920 623 δυσ-

130 652 246 687 άντητον
273 649 311 685 μὴ
325 648 453 684 φέροντες
465 647 569 683 ᾔτησαν
581 646 625 673 διὰ
634 646 774 677 Μωῠσέως
789 644 823 671 τὰ
838 645 918 671 λοιπὰ

130 698 186 724 τῶν
200 695 297 732 ἑφεξῆς
314 694 425 726 είδικῶς
433 693 526 724 αὺτοῖς
535 694 564 719 ἐν
574 693 743 727 πεντήκοντα
761 689 919 724 κεφαλαίοις

132 744 344 781 νομοθετηθέντα
360 743 527 779 λαληθῆναι·
545 740 615 777 ἦσαν
633 741 661 767 δὲ
677 740 740 775 περί
757 748 786 766 τε
804 738 916 766 οἰκετῶν

131 793 179 819 καὶ
193 791 277 826 φόνων
293 789 424 817 ἑκουσίων
437 789 485 816 καὶ
503 787 650 820 ἀκουσίων,
672 786 785 820 ἀτιμίας
811 785 914 820 γονέων

129 837 179 864 καὶ
199 836 370 870 κακολογίας,
385 835 499 869 κλοπῆς,
519 833 661 865 πατάξεως
685 834 714 858 ἐν
736 832 834 867 μάχαις
846 830 915 865 πρὸς

1007 461 1070 489 llaec
1086 467 1150 489 sunt
1162 462 1258 490 decem
1276 469 1421 498 praecepta,
1442 467 1608 499 generalium
1625 468 1766 494 mandato-

973 515 1033 535 rmn
1047 508 1194 536 ordinatio.
1212 509 1301 544 Atque
1319 510 1377 537 haec
1389 510 1480 537 divina
1498 518 1630 547 praecepta
1644 514 1760 541 terribili

973 555 1090 589 quadam
1105 560 1132 582 et
1146 556 1290 583 articulata
1309 563 1374 583 voce
1387 556 1459 583 edita
1477 563 1550 590 sunt,
1565 565 1692 587 cernente
1723 565 1766 587 at-

972 607 1026 633 que
1060 599 1186 628 audiente
1198 600 1307 635 populo;
1333 600 1413 635 cujus
1431 602 1506 629 vocis
1527 603 1673 630 terribilem
1687 605 1764 631 audi-

971 648 1054 678 tuque
1068 644 1204 672 diﬂieilem
1222 653 1318 673 sonum
1334 653 1388 672 non
1409 645 1527 674 ferentes
1559 649 1713 682 petiverunt
1732 655 1761 676 ut

970 689 1022 717 sibi
1038 690 1141 725 reliqua
1158 690 1231 718 Deus
1246 699 1375 720 sermone
1389 692 1472 720 Mosis
1489 699 1665 728 proponeret.
1692 697 1762 722 Sunt

970 740 1061 763 autem
1088 737 1194 772 reliqua
1218 738 1418 773 quinquaginta
1442 738 1589 773 peculiaria
1608 740 1708 774 capita,
1729 741 1763 768 de

968 781 1064 814 servis,
1077 781 1109 808 de
1124 782 1242 809 emdibus
1256 783 1347 810 dedita
1359 791 1442 818 opera
1461 788 1507 810 aut
1522 791 1605 811 causa
1622 790 1762 820 perpetra-

968 826 1013 859 tis,
1030 827 1193 854 contumelia
1204 828 1362 862 parentibus
1375 828 1460 860 illata,
1473 834 1520 856 aut
1532 830 1686 862 maledicto.
1703 831 1762 858 fur-

128 882 270 917 θάνατονῆ
290 881 373 915 ζωὴν,
393 880 535 915 ἐλεύθερος
550 880 617 914 πρὸς
633 877 774 913 ἐλεύθερον
791 878 838 904 καὶ
852 877 910 902 δεσ-

965 878 1003 905 ιο,
1017 873 1177 901 vulneribus
1198 873 1268 900 inter
1282 874 1458 908 pugnandum
1487 875 1633 903 lethalibus
1644 881 1691 904 aut
1708 885 1760 904 non

126 928 212 962 πότης
226 927 294 962 πρὸς
305 926 406 958 δοῦλον,
419 925 466 953 καὶ
481 925 575 960 ἀνδρὸς
596 924 664 959 πρὸς
675 924 773 958 ἔγκυον
785 923 912 957 γυναῖκα,

125 973 244 1008 ἐκϐολῆς
262 972 409 1007 ὀψθαλμῶν
429 971 523 998 δούλου
539 971 587 997 καὶ
614 970 724 1005 δούλης,
747 969 913 1005 κερατισμοῦ

125 1020 228 1056 ταύρου
256 1020 323 1056 πρὸς
356 1019 468 1054 ταῦρον,
484 1019 588 1054 κλοπῆς
618 1017 731 1053 μόσχου,
759 1018 806 1044 καὶ
829 1017 913 1052 θανῆς

125 1066 246 1092 κλέπτου
273 1067 302 1092 ὲν
317 1066 354 1101 τῷ
374 1065 547 1100 διορύγματι,
573 1064 644 1092 κατά
672 1063 838 1100 ἐμπρησμοῦ
869 1064 912 1098 βο-

125 1113 277 1148 σκημάτων
306 1113 353 1139 καὶ
379 1112 491 1144 ἅλωνος,
518 1111 588 1138 κατὰ
604 1111 839 1146 παρακαταθήκης
862 1111 911 1146 ἀρ-

124 1158 252 1194 γυρίουῆ
278 1158 388 1193 χρυσίου
406 1177 414 1189 ,
453 1157 499 1184 καὶ
523 1157 676 1190 ὑποζυγίων
705 1157 751 1183 καὶ
779 1156 912 1184 παντοίων

127 1203 234 1239 κτηνῶν
249 1205 372 1239 χρήσεως
384 1203 460 1239 παρὰ
475 1203 522 1230 τοῦ
535 1203 661 1238 πλησίον,
677 1204 781 1238 φθορᾶς
806 1202 912 1237 παρθέ-

125 1259 179 1277 νων
191 1251 238 1276 καὶ
253 1250 368 1277 θανάτου
385 1250 548 1285 φαρμάκων,
564 1248 746 1284 κτηνοὸασίας
765 1249 811 1275 καὶ
837 1248 913 1275 θυσί-

124 1304 159 1327 ας
185 1295 312 1327 εἰδώλων,
340 1296 488 1326 κακώσεως
517 1294 699 1330 προσηλύτου,
722 1294 769 1320 καὶ
785 1293 912 1329 ὀρφανῶν

124 1343 174 1369 καὶ
198 1342 289 1377 χηρῶν
305 1341 510 1376 δανειζομένων,
537 1341 699 1375 κακολογίας
716 1342 756 1372 είς
775 1340 840 1375 Θεὸν
863 1340 911 1367 καὶ

125 1388 243 1424 ἄρχοντα
266 1387 313 1414 τοῦ
347 1387 432 1420 λαοῦ,
461 1387 594 1422 ἀπαρχῶν
620 1386 721 1418 ἅλωνος
747 1386 794 1413 καὶ
816 1386 909 1422 ληνοῦ,

125 1434 306 1469 πρωτοτόκων
327 1433 393 1460 υἱῶν
427 1433 536 1468 μόσχων
560 1441 589 1459 τε
626 1433 673 1459 καὶ
703 1432 846 1468 προῦάτων
863 1433 911 1459 καὶ

125 1478 292 1513 ὑποζυγίων,
311 1479 357 1505 τοῦ
386 1477 456 1505 εἶναι
487 1479 585 1510 αὐτοῦς
618 1475 719 1512 ἄνδρας
748 1478 843 1512 ἁγίους
872 1478 910 1514 τῷ

139 1525 216 1562 Θεῷ,
245 1526 329 1561 κρέας
359 1525 527 1561 θηριάλωτον
542 1525 580 1560 μὴ
606 1525 705 1552 ἐσθίειν
734 1525 801 1552 ἀλλὰ
832 1526 910 1552 κυσὶν

123 1571 307 1608 ἀπορρίπτειν
323 1592 331 1604 ,
354 1572 391 1607 μὴ
422 1571 624 1607 παραδέχεσθαι
653 1571 739 1606 ἀκοὴν
774 1571 911 1606 ματαίαν,

127 1618 166 1653 μὴ
192 1619 398 1653 συμμαρτυρεῖν
423 1617 517 1653 ἀδίκῳ,
531 1617 569 1653 μὴ
597 1618 716 1644 συνεῖναι
737 1617 843 1650 πολλοῖς
866 1619 912 1644 ἐπὶ

123 1663 220 1699 κακία,
256 1665 292 1700 μὴ
317 1664 438 1690 ἐκκλῖναι
471 1664 539 1699 μετὰ
557 1663 661 1690 πολλῶν
677 1665 778 1700 κρίσιν,
796 1665 833 1699 μὴ
855 1664 912 1690 ἐλε-

123 1709 192 1744 ῆσαι
208 1710 316 1745 πτωχὸν
340 1711 369 1736 ὲν
383 1709 482 1745 κρίσει,
512 1710 694 1745 ἀποστρέφειν
719 1711 765 1737 καὶ
788 1710 911 1737 ἀποδιδό-

125 1764 171 1783 ναι
187 1756 232 1783 τὸν
256 1755 318 1791 βοῦν
344 1757 390 1782 καὶ
418 1755 448 1781 τὸ
480 1754 626 1790 ὑποζύγιον
638 1755 682 1781 τοῦ
714 1756 811 1791 ἐχθροῦ
841 1756 910 1783 πλα-

124 1801 246 1836 νώμενον
270 1801 314 1828 τδν
341 1801 511 1836 εὑρίσκοντα,
539 1802 585 1827 καὶ
615 1802 759 1833 πεπτωχδς
789 1802 841 1828 ὑπ’)
864 1802 909 1828 τὸν

123 1848 209 1882 γόμον
239 1847 415 1882 συνεγείρειν,
441 1847 478 1883 μὴ
510 1847 681 1883 διαστρέφειν
709 1847 798 1882 κρίσιν
828 1848 910 1881 πένη-

123 1901 170 1924 τος
201 1892 318 1924 δικαίαν,
338 1892 382 1928 [Ρ.
413 1892 458 1928 ’16]
483 1893 536 1919 ἀπὸ
554 1894 653 1925 παντὸς
669 1894 789 1928 ῥήματος
816 1893 908 1920 ἀδίκου

123 1938 302 1973 ἀφίστασθαι,
321 1939 359 1974 μὴ
387 1939 509 1974 ἀναιρεῖν
537 1939 625 1966 ἀθῶον
655 1939 701 1965 καὶ
729 1939 843 1970 δίκαιον,
871 1939 908 1975 μὴ

122 1984 245 2011 δικαιοῦν
258 1984 302 2011 τδν
327 1984 422 2019 ἀσεϐῆ,
443 1984 517 2019 δῶρα
546 1984 584 2019 μὴ
598 1985 746 2019 λαμϐάνειν
761 1985 799 2016 ὡς
828 1985 909 2011 Extu-

123 2029 242 2063 φλοῦντα
257 2030 320 2061 τοὺς
335 2029 481 2065 βλέποντας
495 2030 539 2055 καὶ
550 2030 580 2056 τὸ
593 2030 696 2056 δίκαιον
708 2030 905 2065 λυμαινόμενα,

123 2076 292 2111 προσήλυτον
309 2073 338 2102 εὖ
355 2076 454 2107 ποιεῖν,
473 2075 503 2107 ἐξ
518 2075 564 2110 ἔτη
581 2075 704 2110 σπείρειν
718 2075 766 2111 τὴν
781 2078 843 2111 γῆν,
868 2075 907 2111 τῷ

123 2122 150 2148 δὲ
167 2122 274 2156 ἑϐδόμῳ
288 2122 383 2156 ἄφεσιν
393 2122 523 2156 παρέχειν
532 2122 600 2157 αὑτῇ
612 2123 651 2152 είς
670 2121 818 2148 ἀπόλαυσιν
836 2131 906 2149 πτω-

122 2167 178 2203 χῶν
195 2167 211 2203 ἢ
228 2167 340 2202 θηρίων,
368 2167 468 2202 ὁμοίως
487 2167 533 2194 καὶ
548 2167 592 2193 τὸν
618 2167 766 2202 ἀμπελῶνα
795 2169 842 2195 καὶ
860 2168 906 2194 τὸν

926 1548 947 1575 C

965 918 1117 946 letltalibus
1131 919 1267 953 impositis
1281 919 1395 951 ;ictibus
1405 927 1473 954 quos
1486 921 1658 954 liberlibero,
1673 922 1761 950 domi-

963 972 1016 992 nus
1031 972 1120 997 servo,
1137 965 1178 991 vir
1192 965 1342 1000 praegnanti
1366 966 1472 993 mulieri
1498 966 1598 999 infert;
1613 969 1684 995 oculi
1712 969 1760 995 eli-

964 1009 1041 1037 sione
1068 1010 1140 1037 servi
1164 1013 1211 1036 aut
1236 1010 1351 1042 ancillae,
1370 1014 1449 1037 tauro
1476 1015 1583 1038 taurum
1608 1022 1693 1040 cornu
1720 1014 1757 1040 l'e-

964 1055 1059 1088 riente,
1077 1054 1149 1082 furto
1164 1055 1253 1090 vituli,
1268 1057 1407 1084 occidione
1428 1058 1496 1084 ruris
1515 1059 1541 1084 iu
1559 1059 1700 1092 fui-:nniuc,
1719 1069 1760 1087 m-

963 1100 1058 1127 ceudio
1071 1100 1160 1135 pabuli
1177 1105 1225 1128 aut
1243 1109 1326 1134 arcte,
1343 1101 1467 1136 deposita
1482 1103 1542 1129 auri
1572 1104 1613 1130 \el
1638 1106 1756 1139 argenti.

962 1146 1137 1174 eonnnodato
1149 1147 1239 1174 omnis
1258 1147 1366 1181 generis
1378 1148 1495 1182 jumenti
1515 1149 1549 1176 ab
1572 1149 1670 1182 amica,
1688 1151 1755 1177 vitio

962 1192 1061 1227 virgini
1077 1192 1180 1224 oblato,
1201 1200 1351 1227 congressu
1363 1201 1423 1220 cum
1446 1194 1537 1226 bruto,
1565 1203 1603 1222 sai
1616 1194 1703 1222 riﬂeio
1719 1196 1756 1222 si-

963 1238 1091 1266 mulacris
1103 1238 1205 1268 oblato.
1222 1239 1400 1273 oppressione
1416 1240 1542 1274 inquilini
1568 1242 1662 1276 pupilli
1677 1248 1703 1269 el
1717 1243 1757 1269 vi-

963 1285 1088 1316 duarum,
1098 1283 1221 1318 pecuniis
1232 1282 1311 1318 134
1323 1284 1466 1318 mutnatis,
1479 1285 1622 1312 maledicto
1632 1285 1656 1312 in
1672 1285 1756 1313 Deum

963 1334 1008 1356 aut
1016 1330 1107 1365 populi
1120 1331 1281 1366 principem,
1293 1331 1420 1367 primitiis
1427 1339 1496 1359 area:
1504 1335 1529 1359 et
1540 1333 1695 1365 torrularis,
1703 1334 1755 1367 pri.

963 1377 1170 1410 mogenitorunt,
1186 1376 1313 1409 ﬁliorum,
1342 1377 1499 1409 vitulorum,
1516 1377 1626 1410 ovium,
1644 1379 1754 1412 jumen-

963 1425 1063 1455 lorum;
1075 1426 1104 1448 ut
1117 1426 1210 1450 essent.
1224 1423 1272 1449 viri
1291 1423 1346 1449 Deo
1360 1423 1444 1450 sacri.
1460 1422 1575 1450 Carnem
1603 1431 1616 1450 a
1647 1426 1702 1451 tera
1714 1433 1756 1451 re-

962 1471 1066 1502 ceptam
1087 1467 1223 1494 mandavit
1239 1475 1295 1494 non
1315 1468 1369 1501 edi,
1394 1467 1441 1495 Sed
1463 1467 1580 1495 canibus
1596 1467 1688 1502 objiei,
1707 1476 1755 1495 va-

963 1520 1027 1539 num
1052 1521 1189 1540 rumorem
1224 1521 1277 1540 non
1305 1513 1458 1546 admittere,
1473 1518 1580 1542 sontem
1594 1515 1752 1542 testimonio

965 1565 1020 1585 non
1053 1558 1207 1590 sublevare,
1241 1559 1334 1586 multis
1360 1567 1388 1586 se
1422 1560 1536 1587 sceleris
1567 1561 1670 1587 socium
1699 1569 1753 1588 non

965 1604 1095 1638 praebere,
1115 1611 1204 1638 neque
1224 1612 1238 1630 a
1255 1609 1330 1631 recto
1342 1605 1376 1631 ob
1393 1605 1598 1632 multitudinem
1617 1605 1751 1639 judicium

963 1650 1117 1683 delleclere,
1153 1650 1180 1677 in
1212 1650 1318 1684 judicio
1348 1658 1495 1686 pauperem
1524 1659 1577 1677 non
1610 1651 1752 1684 miserari;

964 1695 1060 1723 bovem
1074 1700 1121 1724 aut
1147 1696 1302 1731 jumenth
1327 1697 1432 1724 initnici
1451 1697 1485 1724 ab
1509 1705 1602 1725 errore
1632 1697 1658 1724 in
1679 1698 1751 1725 vium

963 1742 1095 1770 reducere
1114 1748 1195 1779 atque
1214 1737 1359 1772 restituere
1389 1745 1542 1777 inventum,
1575 1745 1601 1771 in
1622 1745 1752 1780 erigendo

962 1789 1013 1817 sub
1040 1797 1123 1817 onere
1148 1791 1299 1824 collapsum
1327 1790 1484 1824 jumentum
1506 1792 1530 1817 ei
1552 1799 1631 1825 opem
1669 1791 1752 1825 ferre,

962 1835 1090 1870 pauperis
1104 1835 1209 1869 justum
1230 1835 1364 1869 judicium
1376 1843 1428 1862 non
1446 1841 1612 1870 pervertere,
1628 1836 1661 1862 ab
1674 1836 1747 1862 onmi

962 1880 1066 1915 injusta
1082 1889 1112 1908 re
1129 1881 1279 1914 abstinere,
1295 1881 1431 1908 insontem
1444 1885 1470 1908 et
1484 1882 1587 1916 justum
1602 1890 1656 1908 non
1673 1882 1748 1908 occi-

960 1928 1034 1960 dere,
1052 1935 1140 1962 neque
1155 1928 1297 1955 absolvere
1310 1932 1416 1955 sontem
1432 1937 1439 1961 ;
1456 1927 1527 1955 dona
1543 1936 1596 1954 non
1610 1928 1746 1962 accipere,

959 1981 1022 2015 quia
1039 1985 1177 2008 excmeant
1191 1981 1315 2008 videntes
1330 1986 1356 2008 et
1368 1981 1487 2015 justitiat
1502 1981 1642 2012 alliciunt;
1658 1982 1748 2017 inqui-

959 2027 1013 2053 lino
1050 2026 1227 2060 benefacere;
1260 2035 1307 2054 sex
1342 2035 1431 2055 annos
1460 2031 1612 2055 sementem
1645 2027 1747 2060 facere,

958 2073 1075 2107 Septimo
1091 2078 1191 2100 terram
1220 2074 1314 2108 egenis
1328 2074 1470 2100 l'rucndam
1493 2073 1629 2101 dunittere
1659 2079 1684 2101 et
1700 2075 1748 2100 Ιιο-

958 2119 1036 2152 stiis-;
1052 2119 1179 2146 similiter
1191 2123 1218 2146 et
1228 2120 1334 2147 vineam
1345 2126 1371 2148 et
1384 2121 1483 2148 oleam.
1498 2119 1555 2147 Hoc
1569 2121 1747 2149 humanitatis

958 2165 1086 2193 docenda:
1099 2173 1183 2193 causa
1193 2165 1320 2193 instituit.
1332 2166 1369 2193 Eo
1383 2174 1455 2193 anno
1465 2167 1545 2193 etimit
1556 2175 1593 2193 ms
1626 2167 1745 2193 alienum

122 2213 249 2244 ἐλαιῶνα,
279 2213 484 2247 ςιλανθρωπίαν
501 2213 672 2239 ὲκπκιδεύειν
700 2213 812 2245 αὐτούς.
828 2215 905 2240 Κατά

963 2217 1058 2245 dimitti
1073 2217 1158 2252 jussit
1183 2223 1208 2244 et
1223 2225 1321 2245 servos
1341 2217 1469 2246 llebrreos
1487 2219 1611 2246 libertate
1627 2218 1721 2244 donari
1735 2226 1744 2251 ;

121 2258 200 2286 τοῦτο
215 2259 242 2285 δὲ
269 2258 299 2284 τὸ
325 2258 384 2289 ἔτος
403 2258 451 2284 καὶ
479 2259 574 2292 ἄφεσις
598 2257 762 2293 ὀφλημάτων
787 2258 902 2292 ἐγίνετο,

123 2303 239 2330 καὶτῶν
261 2303 439 2330 δουλευόντων
462 2303 594 2338 Ἐϐραίων
617 2303 768 2337 ἐλευθερία,
787 2304 835 2330 καὶ
859 2304 905 2331 τὸν

124 2350 268 2385 ιὐὕηλαῖον
286 2350 380 2385 ἀργεῖν
395 2348 602 2384 ἐνομοθέτησεν.
627 2349 798 2384 Ἐλευθερίαν
821 2349 847 2376 δὲ
858 2352 906 2378 καὶ

121 2396 217 2428 ἄφεσιν
237 2395 363 2430 σημαίνει
382 2393 412 2420 τὸ
428 2394 522 2428 ὕνομα.
558 2393 712 2428 Ἰωῦηλαῖον
736 2393 764 2419 δὲ
791 2395 822 2420 τὸ
842 2403 906 2421 πεν-

122 2440 252 2474 τηκοστὸν
289 2438 540 2474 προσαγορεύυυσιν
573 2438 641 2470 ἔτος.
680 2439 724 2465 Ἑν
753 2435 775 2473 ᾧ
799 2438 905 2466 κελεύει

128 2485 176 2512 καὶ
196 2487 241 2512 τὶν
267 2485 351 2520 ἀγρίιν
379 2484 580 2520 ἀναλαμϐάνειν
606 2485 650 2511 τὶν
676 2486 836 2520 πεπρακότα
860 2486 906 2512 καὶ

123 2532 172 2563 τὰς
203 2533 232 2559 ὲν
261 2532 335 2568 αὐτῷ
368 2531 479 2563 οἰκίας,
501 2531 548 2557 καὶ
567 2531 655 2566 χρεῶν
687 2532 829 2563 ἀποκοπὰς
859 2533 906 2559 καὶ

122 2578 225 2606 παίδων
256 2577 368 2613 ὼνητῶν
396 2576 562 2611 ἐλευθερίας.
590 2577 637 2609 Ἓξ
654 2578 760 2613 ἡμέρας
792 2579 905 2613 ἐργάζε-

123 2624 183 2652 σθαι
209 2624 258 2661 τὴν
286 2624 439 2659 ἑϐδομάδα,
468 2625 500 2660 τῇ
521 2624 548 2651 δὲ
581 2624 904 2660 ἑϐδόμῃ-ἁναπαύεσοαι.

127 2670 253 2706 Ὀνόματι
265 2670 326 2696 θεοῦ
335 2671 474 2706 ἀλλοτρίου
488 2670 524 2705 μὴ
539 2670 660 2705 ὀμνύειν,
678 2671 745 2706 μήτε
756 2671 905 2707 προφέρειν

120 2717 165 2744 διὰ
173 2717 315 2752 στόματος.
327 2716 407 2752 Τρεῖς
422 2717 536 2752 καιροὺς
544 2716 590 2742 τοῦ
603 2716 680 2748 ἔτους
693 2717 844 2752 ἑορτάζειν,
854 2717 904 2753 τὴν

120 2763 218 2799 ἑορτὴν
231 2764 283 2790 τῶν
302 2763 428 2798 Ἀζύμων
444 2762 555 2798 πρώτην
571 2763 640 2789 ἑπτὰ
661 2763 766 2798 ἡμέρας
781 2763 819 2798 τῷ
837 2764 904 2799 μηνὶ

119 2811 157 2845 τῷ
171 2811 222 2845 νέῳ
230 2811 288 2846 ἤτοι
303 2810 373 2837 κατὰ
390 2810 438 2845 τὴν
453 2809 565 2846 πρώτην
576 2810 741 2844 πανσέληνον
751 2810 797 2837 τοῦ
813 2811 902 2846 ἔαρος,

119 2857 252 2891 δευτέραν
267 2856 361 2892 ἑορτὴν
387 2856 518 2892 θερισμοῦ
546 2857 826 2892 πρωτογίννημάτων,
854 2857 901 2884 καὶ

955 2261 1114 2298 Juliilaeique
1145 2263 1209 2289 anni
1243 2263 1329 2290 otium
1357 2265 1458 2292 sanxit.
1493 2263 1625 2291 Jubilmus
1654 2270 1743 2289 annus

956 2307 1202 2342 qninquagesimt‘ts
1246 2308 1365 2342 quisque
1390 2308 1501 2339 dicitur,
1533 2307 1613 2342 idque
1645 2315 1743 2334 nomen

957 2353 1106 2380 libertatem
1134 2361 1166 2379 ac
1190 2353 1377 2380 dimissionem
1410 2357 1497 2380 notat.
1529 2353 1568 2380 Eo
1597 2361 1669 2379 anno
1686 2353 1744 2388 agri

943 2399 1105 2434 domusque
1117 2399 1232 2427 vendita:
1246 2400 1279 2427 ad
1299 2400 1429 2434 pristinos
1446 2399 1563 2427 redeunt
1597 2399 1739 2433 dominos,

956 2448 982 2470 et
997 2444 1087 2471 debila
1102 2445 1256 2477 abolentur,
1274 2449 1301 2472 et
1312 2453 1365 2472 tere
1378 2444 1610 2480 cmptamaneipia
1627 2445 1745 2471 liberan-

957 2495 1010 2517 tur.
1026 2490 1077 2517 Sex
1106 2491 1164 2519 dies
1177 2493 1335 2526 septimana:
1347 2491 1472 2519 laborare
1484 2491 1642 2526 imperavit,
1661 2491 1744 2526 septi-

956 2545 1029 2564 mum
1038 2538 1186 2572 quiescere.
1196 2537 1246 2565 Per
1255 2545 1352 2565 nomen
1362 2538 1442 2564 alieni
1454 2537 1496 2565 dei
1506 2537 1743 2571 nequejnrarene-

955 2592 1008 2618 que
1020 2583 1046 2610 id
1058 2584 1169 2610 oninino
1179 2584 1365 2618 pronuntiare.
1376 2582 1442 2610 Tres
1454 2583 1602 2618 quotannis
1614 2582 1743 2617 135m-

956 2630 1090 2657 slivitates
1108 2630 1215 2656 celebra
1221 2637 1258 2661 re,
1276 2629 1388 2664 Azymor
1397 2637 1439 2656 nm
1450 2637 1498 2663 per
1508 2628 1613 2663 st‘plltlu
1620 2637 1662 2654 um
1673 2635 1720 2654 n0\
1727 2636 1742 2655 υ

956 2682 1060 2707 mense,
1076 2674 1101 2701 id
1115 2679 1167 2706 CSl,
1180 2675 1252 2701 circa
1268 2674 1384 2709 primum
1397 2674 1468 2701 veris
1478 2674 1743 2708 plenilunium,alle-

956 2727 1013 2746 ram
1024 2720 1205 2754 primitiarum
1214 2720 1320 2751 messis,
1332 2719 1496 2747 tertiatosth
1509 2719 1587 2746 lim-ni
1598 2719 1673 2750 anni,
1687 2719 1742 2744 enl-

955 2765 1032 2792 lectis
1053 2766 1226 2800 agricultura:
1243 2765 1388 2792 fructibus.
1411 2765 1581 2793 Admonebat
1595 2771 1683 2791 autem
1694 2771 1741 2790 eos

955 2810 1059 2837 Pascha
1080 2811 1122 2845 (ea
1139 2812 1211 2838 enim
1227 2815 1267 2839 est
1282 2811 1368 2846 prima
1383 2811 1526 2846 festivitas)
1542 2811 1632 2837 exitus
1650 2808 1741 2836 (1οΛέ-

956 2861 1048 2892 gypto,
1076 2856 1236 2886 Prntreosxc
1253 2857 1347 2895 (quod
1363 2862 1403 2886 cst
1430 2857 1506 2884 alteri
1537 2856 1606 2883 t‘esto
1629 2857 1740 2888 nomen)
