1990 3160
100 188 143 220 201
627 184 899 216 HISTORIABUM
917 185 990 215 COM
997 185 1183 215 PENDIUM.
1209 171 1214 174 .

1654 187 1709 220 202

99 247 125 274 ὒν
139 248 233 281 ήκουσα
246 245 273 271 ἓν
291 245 324 280 τῇ
343 246 377 280 γῇ
391 253 452 280 μου,
465 244 512 271 καὶ
527 244 576 270 οὐκ
593 244 648 270 ἔστι
664 244 694 270 τὸ
710 243 795 278 ἥμισυ
810 242 874 270 καλ

930 249 1008 277 quam
1036 242 1233 269 inaudiveram.
1262 242 1364 270 Felic's
1387 243 1509 277 profecto
1543 244 1672 272 mulieres
1686 249 1713 273 et

99 291 132 324 ὼς
148 291 281 326 ἀπηγγέλη
308 299 352 325 μοι
371 300 378 306 ·
407 290 518 316 πλείονα
544 291 598 325 γὰρ
634 289 743 324 ἑώρακα
763 289 833 324 ὑπὲρ
857 287 875 314 ὃ.

100 339 202 374 ηκουσα.
226 336 367 372 Μακάριαι
382 336 448 370 γοῦν
470 337 498 362 αι
516 337 644 370 γυναϊκες
662 336 708 362 καὶ
733 335 757 361 οἱ
782 334 875 366 παῖδές

101 392 151 414 σου.
165 382 187 409 οἱ
201 383 405 417 παρεστηκότες
421 377 495 408 οὗτοι
511 381 625 407 ἐνώπιόν
641 389 688 407 σου
704 381 751 407 καὶ
763 380 876 406 ἀκούον-

98 437 139 460 τες
155 429 212 459 τοὺς
230 427 325 461 λόγους
345 428 394 459 τῆς
414 426 572 462 φρονήσεώς
596 435 653 453 σου.
687 436 697 452 ι
717 426 772 453 Καὶ
794 425 876 452 δοῦσα

99 473 168 508 αὑτῷ
181 474 294 509 χρυσίου
312 473 431 500 τάλαντα
450 472 547 499 ἑκατὸν
562 473 649 499 εῐκοσι
665 473 711 499 καὶ
734 472 876 508 ἡδύσματα

98 520 175 546 πολλὰ
196 520 241 545 καὶ
260 519 351 550 λίθους
374 519 480 553 τιμίους
494 518 543 545 καὶ
557 518 590 553 δὴ
610 518 658 544 καὶ¹
677 518 726 553 τὴν
742 516 788 544 τοῦ
814 518 876 543 ὁπο-

99 566 230 599 δαλσάμου
255 565 351 600 ῥίζαν,
368 565 415 599 ἀφ’
433 562 463 591 οὗ
481 566 497 598 ὴ
515 564 678 599 Παλαιστίνη
698 564 778 590 τοῦτο
791 563 878 598 γεώρ-

99 620 154 646 γιον
164 611 247 645 ἔσχεν,
264 610 301 642 ὥς
319 619 402 646 φησιν
424 609 564 645 Ἰώσηπος,
581 608 753 644 ὑπέστρεψεν
772 610 812 640 είς
828 609 877 644 τὴν

98 658 147 691 γῆν
169 657 249 690 αὐτῆς
274 655 552 691 ὑπερεκπληττομὲνη
573 655 643 682 λίαν.
672 656 737 690 Περὶ
752 652 786 690 ἧς
800 655 847 681 καὶ
863 655 877 681 ό

98 704 191 737 Κύριος
206 702 267 737 ἔφη·
286 710 295 727 ι
314 701 462 728 Basiliam
473 701 557 728 Νότου
575 699 657 736 ἦλθεν
671 702 703 727 ὲκ
720 700 774 727 τῶν
793 701 877 736 περά-

96 757 148 774 των
166 748 213 783 τῆς
230 748 282 782 γῆς
299 748 362 774 ἰδεῖν
379 747 428 782 τὴν
451 747 546 781 σοφίαν
563 747 746 781 Σολομῶντος.
769 756 778 772 ι
804 747 876 782 Πρὸς

97 793 125 820 ὃν
145 793 230 828 μέντοι
247 793 294 820 καὶ
309 793 394 828 Σιρὰχ
407 793 421 818 ὁ
435 792 592 826 σοφώτατος
607 792 695 827 ἔλεγε·
714 802 722 818 ι
739 793 875 828 Σολομῶν,

102 839 238 874 ἐσοφίσθης
254 839 283 865 ὲν
296 839 403 873 νεότητί
416 847 463 865 σου
474 860 481 871 ,
496 839 544 865 καὶ
556 838 727 874 ὲνεπλήσθης
742 839 780 870 ὡς
795 847 878 865 ποτα-

100 885 146 920 μὸς
170 885 311 916 συνέσεως.
332 884 386 919 Γῆν
409 884 580 920 ἐπεκάλυψεν
605 886 620 919 ή
648 885 728 919 σοφία
751 892 812 917 σου,
830 885 877 911 καὶ

925 287 1004 323 pueri
1022 288 1067 322 qui
1082 291 1175 314 eoram
1193 292 1220 315 te
1245 292 1338 316 astant
1358 292 1474 324 tuosque
1499 290 1636 325 sapientes
1653 297 1712 318 ser-

925 341 1021 361 mones
1031 333 1145 360 audiunt
1153 333 1203 360 “.o
1218 332 1333 361 Proinde
1343 341 1404 362 cum
1419 335 1591 363 Solomonem
1607 336 1656 363 120
1671 341 1714 363 ta-

926 379 1007 407 lentis
1027 379 1098 410 auri,
1111 379 1205 406 multis
1215 380 1385 407 aromatibus
1400 385 1482 416 atque
1502 381 1629 416 gemmis,
1650 389 1714 409 nee-

925 433 979 452 non
1002 425 1171 460 opobalsami
1193 425 1282 452 radice
1291 425 1429 460 donasset,
1442 427 1513 454 unde
1520 434 1582 458 eam
1601 428 1714 462 stirpem

926 472 953 499 in
970 471 1115 499 Palaestina
1145 472 1290 507 propagari
1316 477 1435 508 emptam
1461 473 1596 509 Josephus
1619 475 1713 509 refert,

927 517 1028 553 ingenti
1037 517 1217 545 admiratione
1235 518 1362 552 perculsa
1377 518 1488 546 domum
1506 521 1597 548 rediit.
1614 520 1650 549 De
1664 522 1716 549 hae

927 562 1008 590 etiam
1024 562 1154 590 Dominus
1180 563 1249 590 dixit
1260 564 1282 580 "'
1298 563 1332 590 ab
1356 565 1487 592 extremis
1511 570 1591 594 terrae
1616 566 1715 595 finibus

928 609 1079 636 austrinam
1100 609 1206 636 venisse
1225 610 1366 644 reginam,
1398 615 1428 637 ut
1448 611 1611 644 sapientiam
1635 612 1716 640 Solo-

928 657 1016 682 monis
1046 660 1182 682 cerneret.
1205 655 1237 683 Et
1266 656 1399 684 Sirachus
1424 657 1645 692 sapientissimus
1678 660 1716 686 ita

927 708 989 728 eum
1006 700 1153 735 alloquitur
1166 701 1188 717 "
1208 712 1215 728 :
1244 711 1253 727 ι
1274 701 1296 728 0
1309 702 1451 735 Solomon,
1470 703 1498 730 in
1515 703 1658 738 juventute
1671 709 1717 732 tua

928 747 1036 781 sapiens
1051 746 1139 774 factus
1154 754 1195 778 es,
1211 752 1295 782 atque
1307 748 1397 775 amnis
1424 748 1510 775 instar
1536 749 1651 776 scientia
1663 749 1717 776 im-

929 793 1028 827 pletus.
1047 792 1186 828 Sapientia
1201 797 1246 820 tua
1261 797 1362 820 terram
1375 794 1455 830 texit,
1470 801 1585 830 eantque
1599 796 1718 830 parabo-

929 839 962 865 lis
981 844 1008 866 et
1028 838 1176 866 subtilibus
1201 839 1401 874 quaestionibus
1418 840 1566 872 replevisti.
1582 840 1674 877 Longe
1690 842 1717 869 in

929 883 1032 911 insulas
1049 886 1076 911 et
1090 887 1209 912 remotas
1236 888 1324 912 terras
1344 889 1390 912 tua
1415 887 1546 914 memoria
1572 888 1716 922 pervenit:

96 931 240 966 ἐνέπλησας
265 932 293 957 ὲν
315 931 483 966 παραϐολαῖς
502 931 684 966 αἰνιγμάτων.
708 931 756 962 Είς
779 931 876 966 νήσους

930 929 1083 964 charusque
1105 929 1182 956 fuisti
1203 929 1230 957 in
1256 931 1348 965 quiete
1377 935 1433 964 tua,
1459 932 1591 960 divinitus
1614 935 1718 968 paratis

97 977 184 1013 πόρῥω
200 977 245 1003 καὶ
266 977 376 1011 μακρὰς
392 975 484 1011 χώρας
499 977 612 1011 ἀφίκετό
630 984 677 1002 σου
692 975 722 1002 et
737 976 876 1011 μνημόσυ-

97 1032 148 1053 νον.
161 1023 205 1049 κα)⁵
221 1023 366 1057 ήγαπήθης
379 1024 408 1049 ἐν
421 1024 453 1058 τῇ
469 1024 562 1058 εἰρήνῃ
580 1031 638 1056 σου,
655 1023 688 1057 ἣν
703 1022 876 1049 κατέπαυσεν

96 1070 110 1096 ὁ
125 1069 185 1100 Θεὸς
202 1069 342 1096 κυκλόθεν.
361 1070 414 1096 Καὶ
427 1069 509 1104 ᾠδαῖς
523 1069 570 1095 καὶ
583 1068 745 1102 παροιμίαις
762 1069 809 1095 καὶ
825 1077 877 1094 πα-

98 1114 218 1149 ραδολαίς
236 1113 460 1150 ὲῡαυμαστώθης.
482 1114 537 1140 Καὶ
559 1114 713 1148 συνήγαγες
729 1113 766 1145 ὡς
781 1114 876 1140 κασσί-

96 1168 170 1195 τερον
187 1161 217 1186 τὸ
234 1160 355 1195 χρυσίον,
371 1160 419 1186 καὶ
437 1160 474 1191 ὡς
491 1159 614 1194 μόλιϐδον
628 1159 779 1194 ὲπλήθυνας
792 1160 877 1195 ἄργυ-

97 1216 152 1242 ρον.
182 1207 262 1234 Ἀλλὰ
284 1206 450 1241 παρέκλινας
474 1205 523 1237 τὰς
542 1205 660 1240 λαγόνας
684 1214 731 1232 σου
749 1206 875 1240 γυναιξὶ,

95 1254 142 1280 καὶ
159 1252 362 1287 ὲνεξουσιάσθης
384 1253 412 1278 ὲν
438 1251 477 1287 τῷ
495 1251 601 1286 σώματί
620 1260 685 1284 σου,
701 1252 749 1278 καὶ
776 1251 877 1283 ἔδωκας

98 1299 189 1334 μῶμον
208 1299 236 1325 ὲν
249 1299 283 1334 τῇ
304 1297 367 1334 δόξῃ
384 1305 430 1324 σου
441 1319 447 1330 ,
467 1297 514 1324 καὶ
532 1297 703 1333 ὲὸεϐήλωσας
720 1297 750 1324 τὸ
766 1298 877 1333 σπέρμα

97 1354 161 1378 σου,
174 1346 323 1379 ἐπαγαγεῖν
343 1344 428 1379 ὀργήν
445 1345 491 1371 ἐπὶ
511 1343 545 1370 τὰ
564 1343 648 1370 τέχνα
666 1352 723 1371 σου.
745 1354 754 1370 ι
773 1344 809 1370 Οὐ
824 1344 877 1378 μὴν

94 1390 125 1418 δὲ
139 1390 202 1417 ἀλλὰ
213 1391 260 1417 καὶ
274 1389 354 1421 αὐτὸς
368 1389 402 1416 δι’
414 1388 513 1416 ἑαυτοῦ
528 1389 685 1423 σαφέστατα
700 1389 763 1424 περί
775 1388 817 1425 [Ρ.
832 1388 878 1425 96]

94 1436 146 1471 τῆς
161 1435 226 1467 ιδίας
242 1436 336 1470 σοφίας
351 1435 398 1462 καὶ
418 1434 465 1461 τοῦ
482 1435 600 1461 πλούτου
619 1435 712 1470 φησίν·
728 1444 738 1461 ι
760 1435 837 1469 Ἐμοὶ
850 1435 878 1463 δὲ

96 1481 149 1517 δῴη
171 1483 185 1508 ὁ
206 1482 271 1513 Θεὸς
294 1481 365 1508 κατὰ
381 1481 494 1516 γνώμην
520 1481 607 1507 εἰπεῖν
624 1481 670 1508 καὶ
693 1481 878 1517 ἐνθυμηθῆναι

96 1529 176 1560 ἀξίως
193 1528 246 1555 τῶν
267 1527 437 1563 λεγομένων,
457 1528 498 1554 ὅτι
513 1527 594 1558 αὐτὸς
610 1529 624 1554 ὁ
641 1527 742 1563 Κύριος
763 1528 812 1554 καὶ
829 1527 879 1562 τῆς

97 1575 190 1609 σοφίας
210 1575 306 1609 ὁδηγός
331 1575 390 1601 ἐστι
405 1574 451 1600 καὶ
465 1573 520 1600 τῶν
541 1573 630 1608 σοφῶν
651 1573 808 1609 διορθωτής.
833 1574 878 1601 Ἑν

95 1621 149 1656 γὰρ
163 1621 232 1656 χειρὶ
246 1620 328 1647 αὑτοῦ
347 1620 392 1646 καὶ
405 1620 485 1655 ήμεῖς
499 1620 547 1646 καὶ
560 1621 584 1646 οἱ
599 1619 671 1654 λόγοι
687 1619 777 1654 ήμῶν.
793 1619 881 1652 Αὐτὸς.

93 1667 149 1701 γάρ
168 1675 212 1701 μοι
236 1666 336 1693 δέδωκε
351 1666 404 1692 τῶν
432 1665 517 1691 ὀντων
539 1665 588 1700 τὴν
611 1664 711 1698 γνῶσιν
734 1664 857 1700 ἁψευδῶς
871 1687 878 1697 ,

91 1709 191 1736 είδέναι
213 1709 344 1735 σύστασιν
371 1709 418 1735 τοῦ
443 1709 546 1744 κόσμου
571 1709 617 1735 καὶ
640 1708 780 1744 ἐνεργείας
809 1717 880 1736 στοι-

91 1757 185 1791 χείων,
201 1757 287 1792 ἀρχὴν
304 1758 350 1784 καὶ
362 1757 437 1788 τέλος
449 1756 497 1784 καὶ
513 1757 649 1792 μεσότητα
664 1758 779 1792 χρόνων,
791 1758 880 1786 ἐνιαυ-

90 1803 147 1829 τῶν
163 1802 278 1834 κύκλους
291 1804 338 1828 καὶ
352 1803 475 1837 ἀστέρων
494 1803 582 1834 θέσεις
593 1822 601 1836 ,
625 1803 721 1836 φύσεις
736 1803 813 1836 ζώων
834 1805 879 1831 καὶ

91 1849 196 1883 θυμοὺς
214 1848 330 1883 θηρίων,
351 1849 514 1883 πνευμάτων
538 1848 599 1884 βίας
618 1849 665 1876 καὶ
688 1850 880 1885 διαλογισμοὺς

90 1895 141 1922 ἀνθ
148 1894 255 1929 ρώπων,
271 1894 401 1929 διαφορὰς
416 1895 507 1929 φυτῶν
521 1895 567 1921 καὶ
581 1895 709 1930 δυνάμεις
721 1896 813 1930 ῥιζῶν,
830 1896 880 1922 ὅσα

88 1941 121 1967 τέ
136 1941 195 1967 ἐστι
217 1941 326 1975 κρυπτὰ
342 1941 388 1966 καὶ
404 1933 511 1976 ἑμέρανῆ
534 1940 630 1973 ἔγνων.
655 1941 684 1967 ‘0
704 1941 758 1976 γὰρ
772 1942 881 1968 πάντων

86 1987 217 2021 τεχνίτης
235 1986 338 2018 ὲδίδαξὲ
354 1994 388 2021 με
405 1986 512 2020 σοφίαν.
534 1987 590 2013 Καὶ
606 1986 662 2020 ἐγὼ
681 1986 880 2022 ἐκκλησιαστὴς

87 2034 226 2068 ἐγενόμην
250 2033 375 2068 βασιλεὺς
411 2031 519 2068 Ἰσραὴλ
548 2032 577 2059 ὲν
604 2031 803 2068 Ἰερουσαλὴμ,
833 2034 881 2059 καὶ

86 2081 182 2108 ἔδωκα
197 2080 246 2115 τὴν
261 2079 374 2114 καρδίαν
392 2087 441 2114 μου
456 2078 503 2105 τοῦ
516 2078 667 2113 ἐπιζητῆσαι
683 2079 730 2105 καὶ
744 2079 880 2106 κατασκέ-

85 2126 195 2162 ψασθαι
213 2128 241 2152 ἐν
263 2127 295 2160 τῇ
322 2126 403 2160 σοφίᾳ
429 2127 492 2161 περὶ
519 2124 573 2151 τῶν
599 2125 754 2159 γενομένων
772 2125 881 2153 πάντων

86 2174 144 2201 ὑπὸ
166 2173 214 2200 τὸν
240 2172 364 2207 οὐρανόν.
387 2172 443 2198 Καὶ
467 2171 522 2198 ίδου
540 2171 595 2205 ἐγὼ
613 2171 818 2208 ὲμεγαλύνθην,
835 2172 881 2198 καὶ

85 2219 254 2254 προσέθηκα
272 2218 366 2253 σοξίαν
381 2219 426 2244 ἐπὶ
444 2219 526 2245 πᾶσιν
542 2218 566 2245 οἳ
587 2218 711 2252 ἐγένοντο
726 2217 880 2253 ἔμπροσθέν

927 976 1028 1002 circum
1048 981 1073 1003 te
1085 976 1253 1011 regionibus.
1266 975 1395 1004 Carmina
1406 982 1461 1010 tua,
1486 979 1600 1007 dicteria
1629 986 1655 1008 et
1668 989 1718 1017 pa-

927 1021 1027 1049 rabolas
1042 1021 1253 1050 admirationem
1265 1023 1303 1050 tui
1329 1024 1493 1052 excitarunt.
1506 1025 1608 1052 Aurum
1638 1027 1718 1061 cupri

926 1069 1014 1094 instar
1030 1068 1175 1103 collegisti,
1193 1076 1223 1096 ac
1239 1074 1381 1104 argentum
1395 1077 1426 1097 ea
1439 1071 1517 1105 copia
1530 1078 1561 1098 ac
1577 1072 1599 1099 si
1619 1072 1718 1106 ptum—

927 1114 991 1141 bum
1005 1118 1088 1142 esset.
1105 1115 1250 1142 Enimvero
1274 1115 1357 1142 lumbi
1372 1116 1410 1143 tui
1441 1117 1604 1145 mulieribus
1632 1118 1718 1146 dediti

927 1160 1049 1193 fuerunt,
1075 1164 1176 1196 tuoque
1196 1169 1225 1188 es
1250 1161 1351 1189 abusus
1366 1169 1491 1197 corpore.
1511 1162 1602 1196 Quare
1624 1165 1718 1200 gloriae

928 1209 981 1233 tuae
997 1206 1130 1233 maculam
1155 1206 1289 1240 inussisti,
1310 1211 1439 1243 tuamque
1462 1209 1620 1244 progeniem
1649 1218 1718 1239 con-

928 1251 1079 1284 tnmiuasti,
1096 1251 1250 1288 iratumqne
1270 1253 1340 1287 proli
1355 1257 1408 1281 tum
1424 1253 1509 1282 Deum
1534 1255 1686 1284 reddidisti.
1705 1267 1716 1284 ι

928 1294 966 1322 Ac
981 1296 1039 1330 ipse
1054 1296 1163 1330 quidem
1175 1297 1236 1325 suis
1257 1298 1348 1326 verbis
1362 1299 1534 1333 apertissime
1555 1301 1717 1335 sapientiam

929 1340 1093 1377 divitiasque
1106 1350 1170 1370 suas
1188 1343 1343 1378 praedicat.‘
1355 1343 1431 1377 Mihi,
1441 1345 1490 1376 ait,
1504 1345 1574 1374 Deus
1586 1346 1719 1383 largiatur

930 1391 960 1413 ut
974 1391 1047 1415 recte
1058 1387 1175 1423 cogitem
1203 1393 1285 1424 atque
1300 1391 1413 1424 eloquar
1425 1399 1485 1426 quae
1505 1392 1646 1420 dicuntur.
1657 1394 1719 1428 Ipse

929 1431 1001 1458 enim
1024 1431 1157 1460 Dominus
1178 1437 1206 1460 et
1225 1434 1366 1468 sapientiae
1393 1435 1448 1463 dux
1473 1441 1552 1465 estet
1579 1438 1719 1473 sapientes

930 1477 1041 1513 dirigit:
1052 1478 1151 1513 quippe
1167 1478 1194 1505 in
1209 1487 1290 1506 manu
1306 1480 1366 1514 ejus
1381 1487 1407 1508 et
1420 1489 1469 1509 nos
1481 1490 1576 1511 sumus
1591 1489 1619 1512 et
1634 1485 1720 1512 ratio-

931 1531 979 1551 nes
991 1528 1101 1552 nostrae.
1111 1523 1170 1559 Ipse
1183 1525 1256 1552 enim
1271 1526 1338 1554 mihi
1357 1535 1449 1554 veram
1464 1535 1554 1556 rerum
1582 1531 1719 1565 cognitio-

932 1577 993 1597 nelu
1008 1570 1094 1604 dedit,
1114 1574 1142 1598 ut
1155 1571 1254 1598 scirem
1271 1573 1363 1599 mundi
1383 1573 1536 1607 exordium,
1566 1576 1718 1604 elemento-

933 1623 992 1642 rum
1015 1616 1149 1649 actiones,
1169 1617 1345 1652 prineipium.
1363 1618 1443 1646 ﬁnem
1460 1623 1486 1647 et
1501 1621 1619 1648 medium
1649 1625 1718 1650 tem-

929 1669 1037 1697 porum,
1065 1669 1200 1690 annorum
1229 1663 1416 1696 circuitiones,
1450 1665 1570 1694 siderum
1598 1669 1716 1703 positus.

931 1712 1044 1735 naturas
1052 1708 1223 1742 animalium,
1242 1710 1375 1737 szevitiem
1395 1710 1527 1744 ferarum,
1544 1712 1719 1741 viresvente-

931 1761 1003 1785 rum,
1023 1754 1164 1781 hominum
1174 1755 1364 1790 cogitationes,
1375 1756 1530 1790 plantarum
1538 1758 1716 1791 differentias.

932 1798 1054 1826 radicum
1071 1798 1224 1826 facultates.
1255 1799 1376 1835 Cognovi
1401 1801 1492 1828 omnia
1518 1806 1545 1830 et
1557 1803 1664 1831 occulta
1691 1809 1718 1833 et

933 1843 1094 1871 manifesta:
1111 1851 1172 1870 nam
1184 1844 1272 1879 opifex
1286 1845 1408 1872 omnium
1421 1847 1550 1874 instruxit
1559 1856 1600 1875 me
1610 1849 1718 1884 sapien-

932 1889 979 1916 tia.
988 1888 1043 1923 Ego
1054 1888 1231 1916 concionator
1241 1888 1438 1926 Hierosolymis
1453 1899 1566 1927 regnum
1577 1893 1602 1920 iu
1614 1893 1718 1922 Israeli-

932 1941 979 1962 cos
989 1933 1240 1969 gessi;induxique
1265 1935 1292 1962 in
1302 1936 1423 1963 animum
1447 1944 1536 1965 meum
1560 1939 1718 1974 perquirere

934 1981 1014 2016 169
1031 1981 1066 2009 de
1079 1981 1216 2014 omnibus,
1250 1989 1282 2009 ac
1297 1983 1436 2017 sapienter
1452 1985 1638 2021 pervestigare
1656 1995 1718 2015 om-

931 2026 977 2054 nia
994 2034 1052 2060 quze
1065 2027 1118 2054 sub
1129 2027 1200 2054 ctelo
1209 2026 1287 2054 fiunt.
1302 2027 1372 2056 Ecce
1386 2030 1520 2064 sapientia
1532 2037 1630 2060 auctus
1644 2041 1717 2066 sum,

931 2081 1018 2108 eaque
1035 2073 1160 2107 superavi
1178 2081 1274 2103 omnes
1297 2075 1419 2109 quiante
1435 2084 1477 2105 me
1493 2076 1603 2106 fuerunt
1621 2079 1716 2108 Iliero-

932 2119 1054 2154 solymis,
1072 2119 1237 2154 animusque
1253 2127 1331 2148 meus
1343 2121 1492 2150 multarum
1515 2131 1606 2151 rerum
1623 2126 1719 2160 cogni-

933 2166 1008 2193 tione
1021 2165 1071 2192 fuit
1088 2169 1115 2193 et
1134 2165 1269 2200 sapientia
1297 2166 1440 2201 praeditus,
1471 2169 1610 2203 parabolis
1635 2175 1719 2204 atque

933 2213 1067 2240 scientiis.
1081 2212 1321 2247 lllagniliceomnia
1334 2214 1387 2248 egi,
1399 2214 1496 2243 domos
1505 2215 1570 2242 mihi
1581 2218 1716 2250 exstruxi,

86 2275 143 2302 μου
175 2268 206 2292 ὲν
239 2263 428 2300 Ἰερουσαλήμ,
447 2264 494 2290 καὶ
519 2263 618 2299 καρδία
640 2272 690 2298 μου
708 2261 762 2290 εἶδε
783 2263 876 2295 πολλὰ,

932 2258 1028 2287 vineas
1043 2259 1168 2290 eonsevi,
1188 2259 1284 2287 hortos
1298 2263 1326 2286 et
1347 2261 1471 2294 pomaria
1497 2261 1613 2294 confeci,
1636 2263 1718 2298 inque

84 2312 190 2346 σοφίαν
206 2311 252 2338 καὶ
270 2310 384 2344 γνῶσιν,
402 2309 448 2335 καὶ
468 2309 553 2342 Ξγνων
577 2309 734 2344 παραϐολὰς
755 2310 802 2336 καὶ
821 2310 881 2335 ἐπι-

82 2359 203 2394 στήμας
215 2379 222 2390 ,
239 2358 285 2384 καὶ
308 2356 462 2391 ἑμεγάλυνα
481 2356 515 2382 τὰ
535 2355 676 2389 ποιήματά
693 2363 761 2389 μου,
782 2354 882 2390 ᾠκοδό-

82 2404 170 2440 μησά
195 2413 238 2438 μοι
260 2404 351 2434 οἴκους
366 2402 413 2429 καὶ
433 2401 569 2435 seti-rauca.
584 2409 630 2435 μοι
651 2401 816 2435 ἀμπελῶνας
834 2401 881 2427 καὶ

79 2450 211 2485 ἐποίησά
239 2457 282 2484 μοι
307 2450 411 2483 κήπους
439 2447 485 2473 καὶ
511 2445 708 2480 παραδείσους,
738 2445 786 2472 καὶ
817 2445 881 2479 ἐφύ-

78 2503 176 2522 τευσα
200 2495 228 2520 ὲν
252 2494 344 2524 αὐτοῖς
364 2492 441 2524 ξύλον
464 2491 638 2526 πάγκαρπον.
674 2490 807 2524 Ἑποίησά
836 2499 880 2526 μοι

78 2541 154 2568 κολυ
160 2541 289 2576 μὸήορας
301 2540 404 2566 ὑδάτων
415 2539 461 2566 τοῦ
474 2538 582 2565 ποτίσαι
595 2538 641 2565 ἀπ’
651 2538 740 2564 αὐτῶν
752 2538 881 2573 δρυμῶνα

77 2587 245 2623 βλαστόντα
259 2587 334 2620 ξύλα.
354 2585 528 2620 Ἐκτησάμην
541 2584 650 2616 δούλους
664 2585 710 2610 καὶ
723 2585 881 2617 παιδίσκας,

75 2635 132 2661 καὶ
159 2635 311 2667 οἰκογενεῖς
329 2632 450 2666 ἐγένοντό
471 2639 526 2665 μοι,
549 2630 595 2657 καί
611 2638 642 2664 γε
661 2631 770 2665 κτήσεις
788 2631 882 2665 βουκοο

72 2680 144 2706 λίου
163 2680 215 2706 καὶ
228 2677 352 2713 ποιμνίου
370 2677 493 2711 ἐγένοντό
510 2684 554 2710 μοι
571 2675 678 2708 πολλαὶ,
695 2676 765 2711 ὑπὲρ
778 2676 881 2707 πάντας

72 2726 151 2756 τοὺς
179 2724 343 2759 γενομένους
368 2722 523 2758 ἔμπροσθέν
548 2730 598 2757 μου
629 2722 657 2748 ἐν
692 2721 880 2757 Ἰερουσαλήμ.

72 2772 141 2799 Καί
159 2780 195 2805 γε
213 2770 293 2805 σοφία
308 2778 357 2804 μου
371 2768 471 2803 ἐστάθη
487 2777 541 2802 μοι.
560 2768 613 2795 Καὶ
627 2767 682 2794 πᾶν
698 2767 712 2794 ὃ
728 2767 760 2794 ἂν
777 2767 882 2803 ᾔτησαν

70 2818 100 2844 οξ
117 2816 267 2852 ὀφθαλμοί
289 2825 338 2851 μου
350 2835 358 2847 ,
377 2815 428 2842 οὐκ
440 2814 550 2849 ἀφεῖλον
565 2813 613 2841 ἀπ’
631 2813 721 2839 αὐτῶν
732 2831 740 2845 ,
767 2814 814 2839 καὶ
833 2813 883 2839 οὐκ

70 2863 257 2892 ὲπεκώλυσα
280 2862 329 2898 τήν
354 2861 470 2898 καρδίαν
490 2869 541 2896 μου
568 2859 621 2886 ἀπὸ
637 2858 728 2894 πάσης
752 2859 883 2893 εὐφροσύ-

69 2918 145 2944 νης.
189 2920 200 2936 ι
221 2909 276 2936 Καὶ
301 2908 355 2943 γὰρ
383 2907 485 2941 πολλῆς
510 2906 620 2941 εἰρήνης
645 2905 694 2932 καὶ
720 2903 882 2935 πολυολϐίας

933 2305 966 2331 iis
978 2305 1069 2332 omnis
1088 2305 1197 2339 generis
1211 2304 1357 2340 frugiferas
1376 2307 1489 2334 arbores
1509 2307 1639 2342 plunlavi.
1655 2307 1718 2336 Pis-

931 2352 1008 2378 einas
1020 2350 1085 2378 mihi
1099 2350 1204 2385 paravi,
1219 2350 1292 2378 unde
1305 2351 1450 2379 viridantia
1463 2359 1575 2380 nemora
1594 2353 1717 2388 rigat-eu-

933 2401 989 2424 tur.
1017 2396 1153 2432 Acquisivi
1184 2404 1279 2425 servos
1297 2401 1324 2424 et
1350 2398 1475 2430 ancillas,
1494 2402 1520 2425 et
1543 2406 1634 2427 verme
1651 2400 1719 2429 mihi

933 2443 988 2471 nati
1010 2447 1085 2475 sunt,
1103 2443 1169 2470 item
1185 2447 1310 2470 armenta
1326 2450 1356 2470 ac
1367 2451 1464 2478 greges
1491 2445 1612 2479 copiose,
1627 2453 1715 2481 quart-

933 2493 989 2517 tum
1004 2493 1066 2517 ante
1081 2496 1123 2516 me
1135 2487 1333 2524 Hierosolymis
1346 2496 1426 2516 nemo
1449 2490 1578 2524 possedit.
1605 2490 1676 2519 Sane
1687 2497 1715 2520 et

933 2535 1067 2570 sapientia
1082 2542 1143 2561 mea
1158 2534 1295 2564 constitit,
1314 2542 1403 2568 neque
1416 2535 1511 2562 oculos
1522 2543 1598 2564 meos
1609 2537 1644 2565 ab
1659 2538 1714 2566 ulla

934 2589 962 2608 re
974 2581 1129 2608 desiderata
1145 2581 1213 2615 ipsis
1227 2580 1357 2612 abstinui,
1371 2580 1529 2615 nullumque
1546 2589 1632 2617 genus
1648 2583 1716 2612 Ιωιί-

934 2627 979 2655 tiae
993 2627 1068 2654 cordi
1086 2635 1147 2654 meo
1162 2635 1216 2654 non
1230 2626 1382 2662 permisi”.
1399 2627 1490 2660 [Nam
1506 2635 1573 2656 sane
1585 2629 1610 2656 ei
1622 2629 1718 2658 datum

934 2674 996 2704 fuit,
1014 2677 1043 2700 ut
1057 2673 1112 2700 alta
1127 2680 1203 2708 pace.
1223 2679 1331 2700 summa
1353 2672 1544 2707 prosperitate,
1569 2675 1718 2704 securitate

933 2727 966 2748 ac
982 2720 1044 2747 vita:
1060 2718 1246 2754 voluptatibus
1263 2717 1402 2746 frueretur
1421 2727 1427 2745 :
1445 2727 1538 2747 verum
1569 2720 1652 2750 luxus
1667 2722 1718 2749 iste

933 2770 960 2794 et
970 2766 1088 2794 delicata
1105 2766 1160 2792 vita
1175 2765 1208 2792 ad
1219 2768 1371 2792 extremum
1387 2765 1531 2793 acerbitati
1547 2765 1610 2799 fuit,
1628 2774 1660 2793 ac
1675 2767 1718 2793 in-

933 2811 1121 2848 temperantiae
1131 2811 1269 2838 materies.
1283 2811 1375 2845 itaque
1387 2810 1444 2838 haec
1459 2811 1545 2838 dicit‘:
1561 2821 1570 2837 ι
1591 2811 1659 2839 Odio
1671 2811 1719 2838 ha—

934 2857 980 2885 bui
999 2861 1083 2884 totam
1100 2863 1189 2884 meam
1205 2856 1290 2884 vitam
1303 2863 1452 2892 omnesque
1468 2864 1606 2885 aerumnas
1622 2863 1718 2890 meas;

935 2903 1026 2931 omnia
1039 2903 1110 2930 enim
1129 2909 1198 2930 vana
1210 2907 1284 2930 sunt.
1302 2902 1436 2938 Expertus
1448 2903 1521 2930 enim
1534 2910 1595 2930 sum
1613 2901 1719 2930 mulie-

114 2957 144 2974 ³*
162 2956 202 2984 111
220 2955 287 2990 Reg.
305 2962 331 2986 Χ,
347 2954 409 2981 6—8.
447 2953 469 2968 ³⁷
490 2951 584 2978 Matth.
601 2956 648 2986 xtl,
661 2951 709 2979 ΔΞ.
747 2951 769 2968 ⁵⁸
787 2951 870 2979 Eccli.

930 2958 972 2978 ru.
1010 2950 1034 2966 ’9
1049 2949 1138 2978 Ecclc.
1157 2957 1177 2977 ιι
1201 2949 1277 2977 4-10.

259 3005 393 3033 ΙἈτιιοι..
412 3002 471 3032 Gtt.
495 2999 602 3031 CXXI.

1479 2995 1495 3025 7
