1990 3160
100 206 150 239 90')

101 263 170 290 οὐδὲν
191 262 299 297 ὄφελος,
320 263 503 299 ὲναρξάμενον
527 263 675 300 πνεύματι,
695 264 778 299 σαρκὶ
800 265 890 290 ἐπι-ιε-

100 308 180 337 λέσαι.
203 309 275 341 Ἕως
292 309 340 344 μὲν
355 309 410 345 γὰρ
431 309 555 345 ἀπήλαυε
578 309 702 345 Σολομῶν
717 310 767 345 τῆς
784 310 888 337 ἄνωθεν

101 356 281 392 προμηθείας,
297 357 325 383 ὲν
347 357 443 392 εἰρήνῃ
465 357 513 383 καὶ
536 357 641 393 γαλήνῃ
666 357 763 392 διῆγε,
784 357 889 388 πάντας

100 402 164 437 ἔχων
178 401 391 437 ὑποκειμένους,
414 401 506 433 καθὼς
522 402 701 436 προείρηται,
718 401 766 427 καὶ
783 401 887 434 δασμὸν

100 448 256 483 κομίζοντας
269 448 310 474 ὅτι
324 448 457 483 utilia-ra-
472 449 565 484 ἐπειδὴ
577 448 605 474 δὲ
615 448 717 483 ταύτης
730 447 886 482 ἐγυμνώθη,

99 496 151 526 τοῖς
176 495 338 528 δυσμενέσιν
372 495 582 530 εὐεπιχείρητος
609 495 733 529 γέγονεν.
765 493 887 528 Ἀληθῶς

98 541 174 573 ἥντως
193 540 308 575 φοῦερὸν
327 541 357 567 τὸ
372 542 504 576 ἐμπεσεῖν
519 542 558 573 εις
572 542 666 576 χεῖρας
687 540 755 567 Θεοῦ
772 540 885 572 ζῶντος.

100 586 138 622 [Ρ.
157 587 199 623 98]
226 587 332 622 ’Ὠσπερ
354 587 408 621 γὰρ
433 587 446 613 ό
465 587 537 618 ἕλεος
563 588 683 622 ἄρρητος
696 607 702 617 ,
719 586 790 613 οὕτω
807 586 885 621 καὶὴ

99 633 203 663 κόλασις
231 632 428 663 ἀνυπόστατος.
457 632 517 658 ’Ότι
540 632 568 658 δὲ
601 633 657 662 τοῖς
680 632 800 663 εἰδώλοις
825 631 887 658 ὲλά-

98 687 200 712 τρευοε,
217 677 386 712 καταλείψας
402 678 448 704 τὸν
465 678 548 710 ὅντως
565 678 628 704 ὄντα
640 678 706 704 Θεὸν
721 677 768 704 τοῦ
783 677 886 713 πατρὸς

97 725 174 751 αὑτοῦ
188 725 286 757 Δαϐὶδ,
309 725 420 760 εὔδηλον
440 725 469 758 ἐξ
484 722 520 752 ὧν
541 727 588 752 καὶ
608 725 701 761 Ἀχίας
715 727 729 752 ὁ
743 727 885 761 προφήτης

97 771 145 806 ἔφη
161 773 227 806 πρὸς
241 772 287 798 τὸν
307 772 457 807 Ἰεροϐοάμ”
474 782 482 798 t
503 771 572 798 Τάδε
587 772 661 806 λέγει
681 772 800 807 Κύριος·
819 772 884 798 Ἰδοὺ

97 817 149 850 ἐγὼ
162 818 254 852 ρήσσω
265 818 314 851 τὴν
328 817 468 852 βατιλείαν
481 818 513 844 ὲκ
527 818 619 853 χειρὸς
633 818 819 853 Σολομῶντος.
838 818 885 844 καὶ

95 863 171 890 δώπω
187 873 228 891 σοι
241 865 276 890 τὰ
292 865 359 891 δέκα
377 865 517 900 σκῆπτρα,
536 865 583 891 καὶ
599 865 646 891 δύο
664 865 791 900 σκῆπτρα
806 863 885 891 δώσω

95 911 166 947 αὐτῷ
177 911 220 938 διὰ
236 911 318 938 Δαῆὶδ
332 911 377 938 τὸν
391 911 484 938 δοῦλόν
505 920 555 946 μου
572 912 620 937 καὶ
643 911 822 947 Ἰερουσαλὴμ
835 911 885 946 τὴν

96 958 170 984 πόλιν
195 966 264 992 μου,
287 958 320 991 ἢν
350 956 519 992 ἐξελεξάμην
543 958 574 983 ὲκ
603 957 697 984 πασῶν
718 957 773 983 τῶν
793 956 884 992 φυλῶν

101 1003 222 1039 Ἰσραὴλ,
241 1003 300 1030 ἀνθ’
315 1000 352 1030 ὧν
368 1003 531 1038 ἑγκατέλιπέ
552 1012 585 1038 με
598 1024 605 1036 ,
625 1003 671 1030 καὶ
687 1003 828 1030 ἐδούλευσε
850 1004 883 1039 τῇ

101 1050 234 1085 Ἀστάρτῃ
268 1050 433 1085 βδελύγματι
459 1049 602 1082 Σιδονίων,
630 1050 678 1076 καὶ
714 1049 752 1086 τῷ
780 1050 884 1084 Χαμὼς

94 1095 193 1130 εἰδώλῳ
213 1096 316 1128 Μωᾶιϐ,
332 1096 379 1122 καὶ
393 1096 432 1131 τῷ
449 1094 571 1130 Μελχὼμ
585 1095 802 1130 προσοχθεσματι
819 1095 884 1122 υἱῶν

100 1140 209 1175 ’Δμὼν,
233 1143 279 1169 καὶ
304 1144 437 1176 γυναῖκας
467 1141 612 1177 ἀλλοτρίας
637 1142 748 1172 πολλάς.
766 1142 822 1168 Καὶ
843 1141 884 1168 ἐτι

92 1187 172 1214 ἓλαὸε
186 1187 234 1222 τὴν
250 1188 387 1222 θυγατέρα
403 1187 504 1222 Φαραὼ
515 1188 547 1213 ἐκ
563 1187 617 1213 τῶν
634 1187 717 1213 ἐθνῶν
732 1183 769 1213 ὧν
783 1187 883 1213 ἀπεῖπε

92 1234 194 1270 Κύριος
210 1235 265 1264 τοῖς
284 1235 350 1265 υἱοῖς
376 1233 495 1269 Ὶσραήλ”
514 1234 571 1260 Οὐκ
585 1233 774 1259 εῑσελεύπεσθε
789 1233 817 1259 ὲν
836 1233 884 1259 αὒ-

91 1283 160 1313 τοῖς,
177 1281 223 1306 καὶ
238 1281 315 1306 αὐτοὶ
337 1281 387 1307 οὐκ
405 1281 607 1306 εἰσελεύσονται
621 1280 661 1312 εἰς
680 1280 763 1314 ὑμᾶς,
780 1279 824 1306 ἵνα
847 1280 884 1315 μὴ

92 1327 238 1353 ὲκκλίνωσι
260 1326 309 1357 τὰς
335 1321 450 1360 καρδῖας
478 1326 556 1359 ὑμῶν
580 1326 667 1352 ὀπίσω
688 1325 743 1352 τῶν
767 1325 884 1352 εἰδώλων

90 1372 193 1399 αὐτῶν.
214 1372 269 1398 Καὶ
295 1371 405 1397 ἔκλιναν
429 1371 513 1398 αὑτοῦ
536 1371 586 1406 τὴν
607 1371 719 1406 καρδίαν
740 1372 769 1397 ὲν
796 1371 885 1406 καιρῷ

90 1419 185 1452 γήρως
205 1417 287 1444 αὑτοῦ
313 1417 401 1444 ὀπίσω
425 1417 480 1444 τῶν
501 1417 570 1444 θεῶν
594 1418 694 1446 αὐτῶν.
716 1418 771 1445 Καὶ
787 1416 886 1454 ᾠκοδόὶ

92 1474 180 1500 μησεν
197 1466 299 1500 ὑψηλὸν
315 1467 354 1501 τῷ
369 1465 472 1501 Χαμὼς
494 1465 594 1500 εἰδώλῳ
608 1465 695 1493 Μωᾶὃ
711 1467 739 1492 ὲν
756 1466 795 1501 τῷ
815 1466 884 1502 ὄρει,

90 1513 138 1538 ἐπὶ
154 1512 300 1547 προσώπου
322 1512 406 1548 Ίερου
413 1512 515 1547 σαλὴμ,
534 1513 581 1539 καὶ
595 1513 634 1548 τῷ
649 1512 770 1548 Μελχὼμ
783 1513 885 1548 εἰδώλῳ

88 1557 159 1584 υἱῶν
177 1558 275 1592 Ἀμὼν,
291 1559 338 1585 καὶ
352 1560 385 1594 τῇ
405 1559 540 1594 ’Λοτάρτῃ
559 1558 724 1594 βδελύγματι
738 1559 882 1586 Σιδονίων·

89 1604 140 1630 καὶ
162 1603 247 1635 οὕτως
263 1604 375 1639 ἐποίησε
394 1604 496 1635 πάσαις
511 1606 570 1636 ταῖς
585 1604 710 1638 γυναιξὶν
725 1605 807 1632 αὑτοῦ
824 1606 884 1636 ταῖς

88 1647 265 1683 ἀλλοτρίαις,
282 1648 309 1674 αἶ
330 1649 451 1682 ἐθυμίων
467 1649 514 1675 καὶ
533 1649 610 1676 ἔθυον
625 1651 681 1682 τοῖς
703 1650 822 1682 εἰδώλοις
837 1651 886 1677 αὺ-

87 1694 158 1722 τῶν.
175 1694 230 1720 Καὶ
244 1693 367 1729 ὠργίσθη
385 1694 485 1729 Κύριος
499 1694 537 1730 τῷ
551 1695 716 1731 Σολομῶντι,
728 1696 776 1723 καὶ
788 1694 865 1724 εἶπεν
876 1706 883 1712 ·

93 1739 170 1766 Ἀνθ’
184 1736 221 1766 ὧν
245 1740 294 1766 οὐκ
315 1740 450 1774 ἐφύλαξας
463 1742 497 1768 τὰ
514 1742 714 1777 προστάγματα
732 1751 782 1777 μου
805 1743 822 1769 ἃ
842 1743 885 1769 ἐν-

86 1786 241 1822 ετειλάμην
258 1795 309 1819 σοι,
328 1787 503 1823 διαρῤήσσων
520 1788 658 1823 διαρῤήξω
673 1788 722 1824 τὴν
745 1788 884 1823 βασιλείαν

89 1841 142 1859 σου
160 1834 191 1859 ἐκ
205 1832 297 1867 χειρός
315 1841 374 1865 σου,
395 1833 443 1860 καὶ
462 1833 540 1860 δώσω
556 1835 641 1869 αὐτὴν
662 1835 699 1870 τῷ
717 1835 803 1871 δούλῳ
819 1844 883 1863 σου·

85 1880 162 1915 πλὴν
190 1881 220 1906 ὲν
235 1881 294 1911 ταῖς
315 1880 435 1914 ἡμέραις
452 1889 498 1906 σου
521 1881 552 1906 οὑ
572 1882 678 1915 ποιήσω
703 1881 806 1914 ταῦτα,
824 1882 885 1908 οὐδὲ

84 1926 155 1961 ὃλην
169 1925 219 1961 τὴν
235 1925 373 1960 βασιλειαν
393 1925 527 1961 λήψομαι.
544 1927 689 1962 Σκῆπτρον
705 1927 734 1953 ἓν
749 1927 827 1954 δώσω
844 1936 884 1954 σοι

83 1971 134 1999 διὰ
151 1971 234 1998 Δαῦὶδ
248 1971 294 1998 τὸν
317 1971 412 1998 δοῦλόν
437 1980 488 2006 μου
505 1972 553 1998 καὶ
567 1971 611 1998 διὰ
627 1972 675 2007 τὴν
698 1972 836 2007 βασιλείαν
851 1973 885 2007 ἣν

83 2017 269 2053 ἐξελεξάμην.
290 2027 299 2044 ι

131 2154 309 2181 Ἀποθανόντε
325 2153 354 2180 δὲ
377 2155 415 2190 τῷ
429 2154 512 2182 Δαὸὶδ
529 2154 641 2190 ἐποίησε
670 2155 797 2189 Σολομῶν
817 2164 885 2190 μνη-

85 2202 170 2237 μεῖον
188 2201 265 2235 παρὰ
279 2200 318 2236 τῷ
338 2200 450 2236 Σιλωὰμ
473 2201 608 2236 ἀντρῶδες
623 2201 666 2227 διὰ
682 2200 797 2236 βάθους,
817 2201 885 2236 πρὸς

82 2247 119 2274 τδ
137 2246 177 2282 μὴ
192 2247 306 2283 ὁρᾶσθαι
324 2247 567 2282 μεμηχανημένον,
587 2246 784 2281 Συγχατώρυξε
800 2247 827 2274 δὲ
844 2247 884 2282 τῷ

84 2293 179 2328 πατρὶ
205 2293 253 2319 καὶ
270 2293 382 2327 χρυσίου
399 2293 499 2324 πολλὰς
524 2293 672 2329 μυριάδας,
695 2294 732 2325 ὠς
755 2294 884 2328 Ἰώσηπός

83 2346 187 2373 φησιν.
215 2338 288 2364 Ἐκεῖ
304 2339 348 2364 καὶ
363 2339 442 2369 αὐτὸς
456 2340 470 2365 ὁ
484 2339 611 2374 Σολομῶν
631 2339 776 2366 ἀποθανὼν
788 2340 887 2375 ἐτάφη.

80 2385 162 2412 Φασὶ
173 2384 202 2411 δὲ
219 2385 265 2410 καὶ
284 2384 419 2419 Ὑρκανὸν
432 2385 546 2420 ὕστερον
559 2386 604 2412 τὸν
619 2386 706 2421 ἱερέα,
720 2386 770 2421 τῆς
785 2385 888 2417 πόλεως

83 2430 350 2465 πολιορκουμένης,
379 2430 483 2463 ἀνοῖξαι
504 2431 535 2458 τὺ
564 2434 696 2466 μνημεῖον
720 2432 766 2458 καὶ
787 2431 886 2467 χρυσοῦ

80 2477 234 2512 τρισχίλια
263 2478 383 2504 τάλαντα
409 2479 514 2505 ἐκεῖθεν
538 2479 700 2514 ἐκφορῆσαι.
736 2478 817 2504 Ἀλλὰ
843 2479 888 2504 καὶ

90 2523 227 2560 Ἡρώδην
242 2523 300 2558 μετ’
311 2523 392 2550 αὺτδν
405 2523 507 2557 ἀνοῖξαι
521 2524 569 2559 μὲν
584 2526 628 2550 τὸν
643 2525 738 2558 τάφον,
755 2526 807 2560 χρὴ
814 2533 884 2559 ματα

79 2569 116 2596 δὲ
135 2570 176 2603 μὴ
192 2570 284 2603 εὑρεῖν
294 2577 301 2584 ·
316 2569 419 2604 κόσμον
432 2569 459 2595 δὲ
474 2569 592 2604 χρυσοῦν
606 2570 652 2596 καὶ
664 2570 886 2604 κειμήλιαιπάμ-

79 2615 182 2642 πολλα
199 2614 293 2642 τοῦτον
320 2615 464 2642 ἀνελέσθαι
489 2615 643 2650 ἱστοροῦσι,
669 2615 833 2651 πειραθέντα
857 2615 886 2641 δὲ

75 2661 138 2688 καὶ
159 2661 293 2696 ἐνδοτέρω
308 2662 408 2696 χωρεῖν
425 2662 491 2696 πυρὶ
506 2661 694 2697 ἐπισχεθῆναι.

132 2707 334 2739 Ἀποθανόντος
361 2707 390 2734 δὲ
419 2707 466 2734 τοῦ
489 2707 663 2741 Σολομῶντος
695 2707 813 2743 Ῥοόοὰμ
837 2708 887 2742 τὴν

78 2753 237 2789 βασιλειαν
252 2752 416 2787 διαδέχεται.
444 2754 500 2779 Καὶ
531 2753 612 2783 αὐτὸς
630 2753 751 2788 ἀπῆλθεν
781 2755 822 2785 εἰς
845 2753 890 2780 ΣΞ-

77 2809 176 2836 κιμα,
196 2801 238 2826 ὅτι
252 2801 310 2827 ἐκεῖ
323 2801 376 2832 πᾶς
398 2800 506 2835 Ἰσραὴλ
522 2801 646 2835 ἀπῄεσαν
664 2799 711 2825 τοῦ
731 2799 889 2834 βασιλεῦσαι

74 2846 177 2873 αὸτόν
188 2854 195 2860 ·
209 2846 254 2872 καὶ
267 2846 397 2882 ἐλάλησεν
408 2847 422 2872 ὁ
433 2847 496 2877 λαὸς
513 2845 581 2881 πρὸς
604 2844 732 2880 Ῥοϐοάμ·
757 2846 786 2871 Ὀ
799 2846 890 2881 πατήρ

73 2901 137 2920 σου
158 2892 281 2928 ἑᾷάρυνε
295 2892 341 2919 τὸν
357 2892 448 2919 κλοιὺν
464 2892 552 2926 ήμῶν,
571 2892 617 2918 καὶ
635 2892 666 2918 σὺ
687 2891 734 2918 νῦν
747 2891 889 2926 κούφισον,

73 2939 135 2965 xz".
147 2937 334 2972 δουλεύσομέν
350 2945 400 2963 σοι.
411 2937 465 2963 Καὶ
479 2935 555 2963 εἶπεν
567 2938 580 2963 ὸ
590 2937 727 2972 βασιλεύς·
744 2937 890 2964 ’Λπέλθετε

123 2986 151 3002 ε’
171 2985 209 3013 ttt
226 2985 291 3020 Heg.
314 2993 350 3018 μ,
366 2985 460 3013 31—53.

644 203 914 237 lllSTORiARUM
933 206 1199 240 COMPENDlUM.

1677 209 1730 240 9.06

905 267 928 294 Α
943 263 1056 291 deorum
1076 265 1167 292 cultus
1183 266 1218 293 sit
1235 266 1401 302 prolapsus?
1420 266 1501 294 siculi
1531 267 1730 294 demonstravi-

941 317 1011 338 mus.
1036 309 1171 337 Nimirum
1189 319 1283 339 revera
1296 321 1350 340 non
1366 313 1478 348 prodest
1493 312 1590 348 spiritu
1604 313 1730 347 cmpissr.

940 356 984 383 ubi
1003 363 1086 382 carne
1106 357 1248 384 absolvere
1272 359 1351 386 velis.
1366 358 1472 394 Quippe
1486 358 1626 390 Solomon,
1641 365 1731 392 quan-

939 402 986 429 diu
1017 402 1117 430 dit-inre
1150 404 1330 437 providentia:
1363 405 1517 432 commodis
1553 405 1640 433 fretus
1669 405 1729 437 fuit,

938 452 1052 475 eatenus
1065 453 1190 483 pacatam
1204 456 1236 476 ae
1249 450 1425 484 tranquillam
1442 451 1524 479 vitam
1542 451 1609 487 egit,
1624 458 1729 481 omnes,

939 497 968 520 ιιι
987 494 1119 526 diximus,
1138 495 1265 523 subditos
1285 503 1317 522 ac
1331 495 1528 530 stipendiarios
1551 496 1665 525 habens.
1681 495 1731 524 De-

939 540 1053 568 stitutus
1068 541 1103 568 ab
1116 548 1148 568 ea
1178 541 1267 569 facilis
1293 547 1392 569 vexatu
1422 542 1547 572 hostibus
1568 543 1628 570 luit.
1654 541 1730 571 Adeo

938 594 1032 614 verum
1060 591 1112 619 est,
1132 587 1257 615 terribile
1282 596 1343 616 esse
1369 588 1395 616 in
1418 596 1514 616 manus
1532 590 1579 617 Dei
1609 590 1730 617 incidere

937 633 1079 661 viventis:
1097 633 1177 668 cujus
1197 639 1228 661 ut
1242 634 1388 662 ineﬂabilis
1412 634 1491 670 172
1511 642 1553 663 εει
1573 636 1729 663 miserit-or

938 679 994 709 dia,
1019 679 1056 706 ita
1073 684 1099 706 et
1115 680 1306 708 intolerabiles
1330 685 1394 708 sunt
1413 689 1510 716 pu-nae.
1530 681 1618 709 Porro
1637 687 1728 709 autem

939 724 965 750 in
985 729 1113 759 promptu
1128 731 1170 752 est
1186 725 1363 753 Solomonem
1379 727 1511 754 derelicto
1527 735 1591 753 vero
1611 727 1666 754 Deo
1683 736 1730 762 pa-

938 769 986 796 tris
1004 770 1046 796 sui
1064 769 1159 797 Davidi
1173 770 1331 798 simulacris
1350 771 1475 799 divinum
1492 772 1627 800 detulisse
1643 774 1729 800 bono-

937 823 1008 851 rem,
1024 823 1085 843 eum
1105 816 1161 844 bare
1173 817 1229 844 sint
1244 817 1326 844 verba
1348 818 1442 845 Acilia:
1456 819 1526 845 vatis
1540 819 1574 846 ad
1597 818 1729 846 Jeroboa-

937 869 1010 888 mum
1030 870 1037 888 :
1059 871 1068 887 ι
1091 862 1160 889 Ecce
1186 870 1237 898 ego
1264 862 1398 898 abrumpo
1428 871 1542 898 regnum
1581 872 1615 891 ex
1646 873 1729 892 manu

938 907 1105 934 Solomonis.
1124 908 1184 935 Tibi
1199 909 1294 936 decem
1311 910 1400 937 tribtts
1416 909 1488 937 dabo
1503 918 1509 937 :
1530 909 1599 937 duas
1624 911 1674 945 ipsi
1689 919 1730 938 re-

901 949 921 976 Β
937 953 1070 987 linquam,
1084 953 1112 980 in
1133 953 1251 988 gratiam
1273 954 1367 981 Davidi
1387 954 1460 982 servi
1480 956 1532 981 mei
1551 963 1582 983 ac
1601 955 1730 983 Hieroso-

937 999 1072 1034 lymorum
1089 999 1164 1027 urbis
1181 1007 1259 1032 mem,
1274 1008 1355 1035 quam
1378 1000 1412 1028 de
1437 1001 1566 1028 omnibus
1592 1001 1729 1029 israciicis

936 1044 1061 1071 tribubus
1077 1044 1144 1071 mibi
1162 1044 1259 1079 delegi.
1278 1044 1370 1072 Causa
1395 1049 1448 1078 est,
1471 1045 1543 1080 quod
1569 1053 1612 1073 tne
1636 1052 1729 1081 spreto

934 1087 1075 1115 Astartam
1094 1088 1286 1124 Sidoniorum,
1299 1090 1467 1118 Cbamosum
1490 1090 1683 1124 Moabitarum,
1702 1096 1730 1119 et

936 1134 1120 1162 Meleltomum
1149 1136 1368 1163 Anunonitarum
1402 1137 1586 1165 abominanda
1615 1139 1729 1166 simula-

935 1189 981 1208 cra
997 1182 1089 1209 divino
1102 1182 1176 1209 cultu
1194 1183 1342 1211 honoravit
1352 1184 1386 1211 θ’.
1405 1183 1486 1211 Duxit
1497 1189 1586 1212 autem
1600 1183 1729 1212 Solomon

936 1234 1037 1254 uxores
1051 1228 1153 1255 multas
1169 1228 1348 1264 alienigenas,
1367 1233 1395 1256 et
1419 1229 1527 1257 tandem
1552 1229 1634 1257 etiam
1658 1228 1730 1257 Pba-

936 1275 1030 1301 raonis
1045 1275 1142 1306 tiliam,
1155 1275 1258 1310 nuptiis
1273 1276 1424 1304 contractis
1441 1283 1504 1303 cum
1516 1277 1646 1311 gentibus
1659 1285 1729 1312 qua-

936 1327 996 1346 rurn
1011 1319 1189 1347 allinitatibus
1205 1326 1232 1348 et
1249 1322 1455 1350 necessitudine
1465 1322 1537 1350 Deus
1552 1323 1730 1351 interdixerat

937 1365 972 1393 ob
988 1366 1057 1393 bane
1076 1373 1144 1398 rem,
1160 1374 1194 1394 ne
1210 1374 1249 1394 eae
1265 1366 1455 1395 lsraelicorum
1477 1369 1585 1396 animos
1602 1377 1632 1397 ea
1649 1377 1730 1398 occa-

937 1411 1014 1439 sione
1039 1418 1055 1438 a
1094 1411 1149 1439 Deo
1177 1412 1210 1439 ad
1240 1413 1450 1441 simulacrorum
1480 1414 1594 1450 impium
1626 1415 1730 1445 cultum

937 1456 1117 1485 abducerent.
1134 1457 1214 1490 Quod
1241 1459 1352 1494 quidem
1369 1459 1512 1488 Solouroni
1529 1466 1658 1496 provecta
1673 1463 1729 1498 jam

936 1507 1016 1530 aetate
1036 1511 1051 1530 a
1078 1504 1136 1531 suis
1151 1505 1282 1532 uxoribus
1310 1506 1421 1537 accidit.
1444 1507 1513 1534 adeo
1538 1512 1567 1534 ut
1590 1507 1728 1536 Cbamoso

937 1550 1082 1577 delubrum
1110 1555 1264 1578 exstrueret
1280 1551 1397 1579 sablime
1421 1552 1448 1579 in
1466 1557 1560 1581 monte
1584 1562 1599 1582 e
1619 1556 1730 1590 regione

939 1597 1147 1632 llierosolymae,
1163 1597 1284 1633 itemque
1294 1597 1449 1626 Melcbomo
1464 1603 1492 1627 et
1509 1601 1636 1634 Astartae,
1657 1601 1730 1629 Moa-

938 1643 1070 1675 bilarum,
1090 1643 1311 1670 Ammonitarum
1327 1648 1355 1671 et
1371 1642 1547 1672 Sidoniorum
1562 1645 1730 1674 detestandis

938 1689 1104 1717 simulacris.
1126 1689 1215 1724 Atque
1230 1689 1327 1717 eodem
1346 1690 1427 1717 modo
1446 1691 1563 1727 singulis
1580 1693 1638 1721 suis
1652 1701 1731 1728 pere-

936 1735 1023 1769 grinis
1055 1735 1192 1762 uxoribus
1218 1739 1262 1763 est
1287 1736 1471 1771 gratilicatus,
1504 1738 1652 1766 simulacra
1681 1748 1730 1767 sua

936 1780 1072 1808 adolrndo
1090 1785 1117 1808 et
1132 1781 1314 1809 sacriﬁcando
1329 1783 1498 1810 colentibus.
1529 1784 1618 1812 iratus
1636 1785 1731 1821 itaque

936 1825 1009 1854 Deus
1026 1826 1168 1854 Solouroni
1187 1828 1264 1859 dixit,
1283 1828 1394 1862 quando
1407 1829 1430 1855 is
1445 1834 1580 1864 priet-cpta
1602 1838 1651 1858 sua
1674 1839 1729 1859 non

936 1872 1122 1906 observasset,
1152 1880 1182 1900 se
1205 1873 1329 1900 vicissitu
1359 1881 1474 1908 regnum
1504 1875 1529 1901 ei
1548 1874 1582 1901 de
1602 1876 1730 1904 manibus

937 1923 1060 1954 ereptttm
1079 1926 1159 1946 servo
1180 1918 1265 1953 ipsius
1287 1919 1465 1953 traditurum,
1479 1920 1591 1948 tametsi
1607 1921 1730 1957 hoeipso

936 1965 998 1991 vivo
1014 1972 1068 1992 non
1082 1964 1161 2000 1'73
1170 1970 1243 1992 esset
1258 1964 1394 1998 facturus,
1409 1973 1498 2001 neque
1511 1970 1599 1994 totum
1612 1975 1728 2003 regnum

937 2011 1091 2044 ablaturus,
1121 2011 1169 2039 sed
1195 2020 1276 2039 unam
1306 2012 1408 2040 tribum
1441 2013 1561 2048 posteris
1593 2014 1655 2049 ejus
1680 2015 1730 2042 da-

938 2063 1028 2092 turus,
1044 2057 1139 2086 Davidi
1162 2065 1246 2086 causa
1262 2059 1335 2086 servi
1366 2059 1409 2088 sui
1435 2064 1463 2087 et
1483 2060 1576 2088 electae.
1595 2067 1610 2088 a
1633 2068 1664 2089 se
1685 2069 1730 2089 ur-

937 2105 987 2133 bis.
1007 2115 1015 2131 ι

972 2150 1032 2177 Vita
1060 2150 1156 2178 iuncto
1172 2149 1274 2179 Davido
1302 2152 1458 2188 sepulcrum
1488 2153 1618 2182 Solomon
1659 2155 1730 2188 apud

937 2197 1087 2225 Siloamum
1114 2197 1274 2231 aediﬁcavit,
1305 2203 1393 2227 totum
1433 2200 1462 2227 in
1486 2208 1587 2233 specus
1613 2201 1729 2228 formam

935 2243 1073 2276 eil'cetum,
1087 2251 1120 2271 ne
1133 2247 1207 2271 esset
1223 2244 1423 2280 conspicuum;
1447 2249 1475 2272 et
1495 2253 1557 2272 cum
1575 2250 1653 2280 patre
1667 2253 1729 2273 eum

902 2298 923 2326 ι)
939 2289 975 2317 ibi
990 2289 1130 2318 defodisse
1140 2290 1228 2317 multa
1247 2290 1412 2318 talentorum
1426 2291 1485 2318 auri
1499 2291 1582 2318 millia
1594 2290 1729 2326 Josepbus

939 2336 1048 2364 scribit.
1064 2337 1165 2365 ibidem
1192 2340 1220 2364 et
1245 2337 1376 2364 Solomon
1397 2337 1471 2364 obita
1498 2341 1588 2365 morte
1607 2338 1730 2373 sepultus

938 2387 990 2408 est.
1004 2381 1156 2409 Perhibent.
1173 2387 1266 2416 postea
1282 2383 1416 2417 temporis
1445 2382 1603 2418 Hyrcanum
1621 2383 1730 2417 pontill-

938 2434 1009 2458 cent.
1027 2435 1088 2454 cum
1107 2428 1175 2455 urbs
1199 2427 1346 2456 obsidione
1364 2433 1546 2463 premeretur,
1563 2433 1657 2464 aperto
1673 2436 1730 2457 mo—

938 2477 1072 2500 numento
1089 2474 1149 2501 auri
1170 2474 1276 2514 talenta
1299 2479 1341 2502 ter
1367 2475 1442 2502 mille
1469 2475 1534 2502 inde
1561 2479 1729 2510 exportassc.

939 2519 1005 2547 Post
1020 2520 1094 2548 lumc
1115 2515 1338 2549 Ilerodem'idem
1360 2526 1513 2549 tentantem
1529 2522 1650 2557 pecunia:
1662 2522 1729 2550 nihil

940 2567 1090 2599 invenisse,
1119 2568 1167 2595 sed
1205 2576 1289 2596 aurea
1317 2574 1478 2596 ornamenta
1504 2574 1585 2604 atque
1612 2569 1729 2602 reposita

940 2613 1053 2640 donaria
1066 2614 1200 2648 permulta
1214 2614 1379 2648 abstulisse;
1399 2615 1571 2650 interiusque
1586 2620 1729 2650 penetrare

940 2667 1101 2694 aggressum
1121 2660 1175 2694 igni
1199 2660 1285 2688 fuisse
1302 2661 1481 2696 prohibitum.

979 2705 1120 2732 Solomoni
1142 2705 1298 2733 Roboamus
1325 2708 1471 2735 successit.
1499 2708 1580 2740 Eum,
1609 2716 1671 2736 cum
1696 2709 1728 2736 ad

942 2752 1054 2779 cornitia
1070 2753 1164 2787 populi
1181 2760 1271 2788 regem
1287 2753 1375 2788 ipsum
1392 2755 1556 2782 declaraturi
1575 2753 1728 2782 Sicbemam

940 2799 1073 2831 venisset,
1099 2799 1217 2834 populus
1245 2801 1352 2836 rogavit
1382 2802 1420 2828 uti
1447 2801 1556 2836 jugurn.
1587 2801 1658 2835 quod
1688 2800 1729 2827 eis

941 2850 1019 2881 pater
1035 2844 1124 2879 ipsius
1145 2851 1331 2881 aggravasset,
1352 2847 1456 2874 levaret
1477 2856 1483 2873 :
1502 2847 1538 2873 ita
1564 2855 1594 2874 se
1618 2849 1728 2881 paratos

941 2899 1001 2919 esse
1019 2891 1051 2918 ad
1064 2892 1240 2919 serviendum
1262 2893 1325 2928 ipsi.
1346 2893 1504 2921 Roboamus
1524 2893 1664 2920 discedere
1679 2900 1730 2926 po-

941 2937 1006 2972 pulo
1022 2941 1105 2972 atque
1119 2936 1212 2965 triduo
1231 2935 1293 2973 p'ost
1309 2939 1342 2966 ad
1356 2939 1545 2975 accipiendum
1567 2945 1731 2974 responsum

899 1625 920 1654 C
