1990 3160
282 194 334 226 εδπ

289 254 380 282 redire
392 253 482 289 jussu,
498 251 590 287 populi
605 251 740 286 postulata
753 258 816 278 cum
832 250 944 278 senibus
953 258 1076 277 commn-
1092 253 1113 281 Α

287 302 397 329 nicavit.
407 300 425 327 I‘i
435 300 632 327 consnlnr-runt
651 298 689 324 uti
705 297 806 333 popqu
823 304 926 324 morem
949 302 1054 332 gereret
1069 305 1075 329 ;

285 350 322 375 ita
338 355 399 375 etim
410 347 462 373 sub
476 353 505 373 se
518 349 653 380 perpetuo
668 344 839 371 habiturum.
855 343 979 371 Consulti
994 343 1076 370 etiam

286 403 300 422 a
316 402 378 429 rege
387 391 598 424 adolescentuli,
611 399 681 426 quos
693 391 797 418 circum
809 398 838 418 se
850 391 949 418 habere
960 390 1076 423 solebat,

286 440 385 467 hortati
399 446 460 466 eum
476 443 542 466 sunt
556 442 585 464 ut
598 437 699 473 popqu
712 437 753 464 sic
771 436 961 472 responderet,
977 436 1077 464 tenuis-

284 484 379 512 simam
413 484 456 511 sui
490 483 618 517 corporis
650 487 756 517 partem
781 482 946 508 crassiorem
977 481 1076 509 lumbis

282 530 405 566 paternis
425 537 499 557 esse.
520 529 630 556 Patrem
657 528 725 563 ipsis
756 527 837 564 174
867 535 949 563 grave
978 527 1075 562 jugum

282 578 450 613 imposuisse
467 585 473 602 ε
489 580 517 603 at
539 584 568 603 se
581 576 606 603 id
621 582 702 610 porro
724 582 833 609 quoque
852 578 1073 609 aggravaturum.

283 624 393 651 Patrem
418 624 444 650 in
464 623 532 657 ipsis
548 621 718 657 castigandis
739 629 819 648 usum
840 620 926 647 fuisse
949 620 1073 654 ﬂagellis,

280 678 312 697 se
329 670 456 704 scorpios
470 668 503 695 ad
517 668 569 696 hoc
589 668 787 695 adhibiturum.
805 666 863 694 lloc
879 666 1074 694 adolescentu-

283 717 373 743 lorum
391 715 538 743 consilium
556 715 678 750 probavit
709 713 880 748 Roboamus,
898 716 991 749 itaque
1012 723 1073 742 om-

283 762 350 788 nino
369 761 515 796 respondit
532 761 632 796 popqu
649 760 806 789 Sichemam
820 770 943 791 reverso.
963 764 1001 790 Ad
1016 764 1073 791 hzcc

283 807 402 842 populus
428 814 483 834 uno
503 815 550 834 ore
568 811 736 841 protestatus
756 812 800 835 est
828 809 897 836 nihil
914 817 997 844 porro
1020 811 1072 838 sibi

285 859 347 879 cum
377 852 479 879 Davido
495 859 520 880 et
535 852 637 880 Jessrra
657 853 732 888 prole
747 861 892 882 commune
907 865 914 882 :
931 856 1073 884 lsraelicos

282 899 310 925 in
330 906 410 926 suum
427 907 562 934 quemque
581 899 786 928 tabernaculum
806 902 891 934 abire,
909 902 998 937 ipsum
1018 902 1071 930 Da-

283 945 374 972 vidmn
393 953 469 973 suam
487 946 596 974 domum
613 954 726 982 pascere
743 955 775 974 ac
791 948 946 983 gubernare
959 949 1070 977 debere.

283 991 340 1018 Hoc
369 991 450 1019 modo
476 991 631 1019 Solomonis
658 1001 773 1028 regnum
799 993 894 1021 ﬁssum
919 999 974 1023 est.
1005 994 1071 1023 Nam

281 1036 422 1065 Roboamo
441 1037 502 1066 dute
518 1042 624 1065 tantum
644 1039 745 1071 tribus,
766 1039 845 1067 Iudae
860 1045 887 1067 et
908 1040 1070 1075 Benjamini,

278 1083 458 1111 adhzeserunt
474 1094 479 1111 :
496 1084 611 1119 reliqua:
637 1093 734 1112 omnes
749 1084 946 1113 Jeroboamum
975 1086 1071 1115 Nabati

280 1129 367 1157 lilium
391 1138 483 1165 regem
514 1130 564 1157 sibi
584 1130 801 1158 constituerunt.
829 1129 914 1166 Regia
937 1130 1072 1158 Roboami

280 1177 336 1204 fuit
352 1176 561 1212 Hierosolymis,
579 1181 606 1204 et
620 1176 768 1204 multitudo
785 1184 869 1212 regno
890 1177 949 1212 ejus
964 1177 1072 1205 subdita

278 1223 365 1251 Judas
383 1223 574 1258 appellabatur
595 1230 627 1250 ac
643 1223 742 1250 domus
763 1222 902 1256 Davidica,
923 1223 1035 1251 nomine
1057 1231 1073 1250 a

278 1270 353 1298 tribu
368 1270 560 1306 praestantiore
584 1275 707 1304 sumpto.
729 1270 765 1296 At
788 1269 970 1298 JerOboamus
995 1270 1071 1305 regni

280 1322 362 1352 caput
376 1317 470 1344 habuit
487 1317 652 1349 Samariam,
668 1317 770 1351 regiam
795 1316 927 1349 Tharsaz;
957 1317 1072 1351 populus

281 1372 363 1398 quam
380 1364 492 1398 regebat
504 1364 627 1391 lsraclus
643 1362 678 1390 ob
690 1362 897 1390 multitudinem
914 1366 941 1390 et
957 1361 1072 1398 Epitrai-

282 1418 344 1438 mus
363 1410 398 1437 ob
412 1409 489 1445 regni
512 1410 612 1436 tribum
630 1410 851 1444 nuncupabatur.

317 1533 429 1560 Decima
446 1533 542 1568 quinta
565 1533 610 1561 die
643 1534 731 1561 octavi
759 1534 863 1562 mensis
891 1534 1073 1564 Jeroboamus

282 1579 421 1606 Bethelam
438 1578 574 1610 ascendit,
589 1579 623 1605 ad
645 1587 719 1606 aram
737 1587 818 1615 quam
844 1585 1017 1608 exstruxerat
1044 1586 1074 1608 ut

283 1625 401 1656 buculis,
420 1632 488 1659 quas
502 1623 622 1657 fuderat,
639 1632 697 1652 rem
712 1633 818 1653 Sacram
840 1625 953 1659 faceret,
969 1628 1072 1655 consti—

283 1672 392 1705 tuitque
407 1670 578 1702 sacerdotes,
595 1671 640 1705 qui
657 1670 683 1697 in
699 1671 780 1698 editis
793 1671 861 1699 loris
873 1672 1071 1706 sacriﬁcarent,

283 1724 299 1743 a
312 1724 341 1744 se
357 1717 537 1743 consecratis.
564 1716 635 1744 Ecce
654 1721 744 1744 autem
761 1725 793 1744 ex
809 1716 878 1744 Juda
894 1719 1004 1753 quidam
1029 1719 1072 1746 di-

284 1762 365 1789 vimts
392 1762 474 1790 homo
493 1763 622 1790 mandato
639 1763 683 1790 Dei
702 1765 855 1791 instructus
873 1763 1011 1791 Bethelam
1027 1765 1074 1792 ad-

283 1809 368 1836 venit.
388 1807 422 1840 ls,
437 1816 498 1836 cum
525 1808 707 1836 Jeroboamus
723 1809 803 1836 altari
825 1817 876 1838 suo
901 1811 1073 1838 sacrificandi

283 1855 368 1888 gratia
383 1853 461 1889 175
485 1858 597 1886 astaret,
613 1855 648 1880 ita
665 1854 758 1881 divino
781 1855 914 1882 instinctu
932 1855 1018 1882 altare
1032 1861 1074 1883 est

283 1900 381 1928 aﬂatus
396 1909 402 1928 :
422 1901 525 1933 Altare,
540 1901 634 1934 altare,
651 1900 702 1928 hoc
725 1901 773 1928 tibi
789 1901 934 1928 denuntiat
948 1902 1031 1935 Deus,
1046 1903 1073 1929 in

282 1946 363 1973 domo
384 1945 479 1972 Davidi
499 1946 670 1973 nasciturum
683 1954 809 1981 puerum,
828 1945 933 1974 Josiam
951 1947 1072 1980 nomine,

282 1994 329 2026 qui
346 1992 515 2019 sacriﬁculos
532 1992 669 2019 editorum
685 1993 807 2019 locorum
829 2000 910 2028 super
928 1998 953 2020 te
964 1993 1074 2021 adolere

283 2037 379 2064 solitos
396 2038 444 2064 tibi
469 2037 612 2072 impositos
629 2037 770 2069 mactabit,
785 2045 818 2065 ac
834 2045 916 2072 supra
933 2043 959 2066 te
985 2038 1074 2066 homi-

282 2089 348 2110 num
366 2088 429 2109 ossa
448 2082 589 2108 accendet.
613 2081 645 2109 Et
665 2081 751 2109 fatum
765 2082 890 2117 prodigio
918 2086 947 2109 ut
972 2083 1075 2110 conﬁr-

282 2131 379 2158 maret,
404 2126 456 2159 En,
472 2127 521 2158 ait,
538 2127 623 2154 altare
653 2132 806 2162 rumpetur,
824 2132 905 2163 atque
920 2129 1076 2157 eﬂundetur

281 2174 328 2209 qui
345 2177 386 2201 est
401 2175 427 2200 ei
453 2173 596 2208 impositus
614 2174 706 2209 adeps.
727 2173 790 2201 Haec
808 2174 923 2202 audiens
943 2174 1074 2203 Jeroboa-

282 2227 344 2247 mus
362 2226 473 2247 manum
491 2227 569 2247 suam
607 2220 724 2248 hominis
756 2221 975 2256 apprehendendi
992 2230 1073 2250 causa

282 2267 425 2295 extendit:
443 2274 504 2301 qua:
522 2266 614 2294 subito
630 2267 747 2299 exaruit,
771 2267 909 2302 simulque
927 2274 974 2294 ara
993 2273 1072 2303 rupta
1089 2277 1114 2307 Ι)

282 2313 366 2348 adeps
393 2312 495 2341 effusus
520 2317 572 2340 est.
587 2311 655 2339 Tum
671 2311 850 2341 Jeroboamus
870 2317 958 2341 vatem
987 2315 1074 2342 oravit

283 2359 321 2386 uti
339 2359 422 2386 Deum
444 2366 494 2394 pro
513 2367 542 2387 se
563 2359 768 2394 deprecaretur,
785 2359 824 2386 uti
844 2359 894 2387 sibi
910 2367 959 2387 sua
976 2367 1074 2388 manus

282 2407 453 2441 inintcgrum
465 2406 664 2434 restitueretur.
677 2405 737 2438 Quo
749 2405 821 2433 facto
831 2411 918 2439 vales,
935 2411 962 2434 et
978 2411 1072 2434 sanata

282 2459 374 2484 manu,
391 2459 423 2478 ex
436 2454 587 2485 conspectu
601 2450 673 2485 regis
681 2450 757 2477 abiit.
777 2450 841 2477 Erat
853 2451 923 2478 alius
940 2451 1074 2486 impostor

283 2492 392 2532 quidam
410 2497 479 2524 vatis
494 2497 617 2530 nomine,
635 2504 717 2525 senex
745 2496 862 2525 Bothelm
889 2497 1025 2526 habitans.
1048 2498 1072 2525 ls

282 2551 344 2569 cuin
365 2543 514 2571 audivisset
532 2551 593 2578 quae
610 2550 624 2570 a
641 2543 734 2570 divino
763 2543 875 2570 homine
900 2547 960 2570 acta
983 2548 1072 2576 erant,

284 2597 346 2616 eum
375 2595 536 2623 persecutus
562 2595 625 2623 est;
656 2590 854 2625 inventumque
883 2589 933 2616 sub
969 2598 1073 2624 qucrctt

283 2635 424 2664 sedentem
437 2635 562 2663 hortatus
574 2641 615 2663 est
628 2640 657 2663 ut
669 2643 762 2664 secum
776 2640 925 2663 reverteret
939 2644 970 2663 ac
981 2637 1072 2664 cibum

282 2686 413 2709 sumeret.
442 2681 552 2709 Divinus
580 2689 642 2709 vero
662 2682 687 2709 id
709 2681 841 2713 abnuere,
872 2682 943 2716 quod
962 2682 1012 2708 sibi
1032 2682 1073 2708 in-

281 2730 398 2757 terdicm
415 2729 463 2756 Dei
489 2736 521 2756 eo
550 2729 603 2755 loci
632 2736 721 2763 neque
751 2728 832 2755 edere
860 2735 950 2762 neque
979 2728 1073 2755 bibere

280 2775 403 2810 permitti
417 2774 532 2802 diceret.
548 2774 587 2801 lbi
606 2774 740 2810 impostor
762 2774 819 2805 ille.
834 2782 867 2810 se
882 2768 993 2809 quoque
1008 2783 1070 2810 pcr-

281 2822 345 2849 inde
374 2826 457 2856 atque
477 2821 567 2856 ipsum
594 2828 656 2848 esse
684 2825 784 2854 Vatem,
810 2821 994 2857 angclttutque
1025 2821 1070 2849 Dei

282 2867 336 2894 sibi
359 2867 507 2894 mandasse
531 2870 560 2892 ut
573 2866 622 2901 ipsi
649 2870 767 2893 retracto
793 2866 884 2894 cibum
914 2867 1000 2894 daret.
1035 2867 1072 2894 [Co

283 2912 427 2939 mendacio
452 2911 574 2938 divinum
600 2911 735 2946 permovit
764 2917 794 2939 ut
825 2920 918 2940 secum
945 2920 1072 2941 reversus

934 191 1094 221 GEORGII
1114 191 1279 222 CEDRENI

1129 250 1181 282 ἕως
1194 252 1307 287 ἡμερῶν
1320 253 1403 288 τριῶν
1413 262 1419 268 ”
1434 254 1635 290 ἀναστρέψατε,
1649 256 1696 283 καὶ
1708 255 1821 292 λαλήσω
1844 257 1917 292 ὑμῖν.

1131 295 1174 332 [Ρ.
1194 297 1239 333 99]
1260 298 1314 326 Καὶ
1339 300 1488 334 ἀπήγγειλε
1508 301 1626 336 Ῥοόοὰμ
1649 303 1705 334 τοῖς
1723 303 1918 337 πρεσϐυτέροις

1129 343 1159 370 τὸ
1172 344 1248 378 ῥῆμα
1261 344 1307 371 τοῦ
1323 345 1399 372 λαοῦ.
1414 347 1468 372 Καὶ
1480 347 1557 373 αὐτοὶ
1571 345 1659 374 εἷπον·
1683 347 1726 379 Ὧς
1739 350 1877 383 ᾐτήσαντὸ
1890 358 1916 375 σε

1129 389 1269 423 ποιήσεις,
1282 391 1337 417 ’καὶ
1357 392 1432 418 αὐτοὶ
1450 392 1538 418 δοῦλοί
1556 401 1602 419 σου
1623 394 1712 426 πάσας
1729 395 1780 425 τὰς
1797 395 1916 429 ἡμέρας.

1128 435 1183 461 Καὶ
1201 436 1431 464 συνεϐουλεύσατο
1451 438 1520 472 μετὰ
1533 438 1588 466 τῶν
1610 439 1764 475 παιδαρίων
1779 440 1835 466 τῶν
1849 449 1918 474 παρ-

1127 480 1252 508 εστώτων
1264 483 1336 517 αὐτῷ
1352 484 1414 519 περὶ
1428 484 1534 517 τούτου,
1547 485 1593 511 καὶ
1604 485 1679 511 αὐτοὶ
1692 484 1780 512 εἷπον·
1794 486 1918 520 Λάλησον

1126 527 1165 562 τῷ
1181 527 1239 563 λαῷ
1263 527 1348 560 οὕτως
1361 537 1368 545 ·
1393 529 1425 556 'H
1448 531 1600 565 σμικρότης
1621 539 1671 566 μου
1696 532 1838 565 παχυτέρα
1859 533 1918 558 ἐστὶ

1126 574 1173 609 τῆς
1192 574 1294 609 ὀσφύος
1308 575 1354 602 τοῦ
1371 577 1472 610 πατρός
1492 585 1554 611 μου.
1576 577 1606 603 ’0
1622 578 1713 613 πατήρ
1727 586 1778 613 μου
1796 579 1918 604 ὑπέτασ-

1126 628 1172 646 σεν
1195 621 1267 655 ὑμᾶς
1291 622 1319 647 ὲν
1343 621 1425 657 κλοιῷ
1442 622 1538 657 βαρεῖ,
1559 622 1615 656 ἐγὼ
1634 623 1783 659 προσθήσω
1803 625 1851 651 ἐπὶ
1879 624 1918 658 τῷ

1125 663 1210 698 κλοιῷ
1230 664 1312 690 αὑτοῦ
1324 673 1330 679 ·
1349 667 1362 692 ὁ
1383 668 1475 701 πατήρ
1491 675 1542 701 μου
1561 667 1719 694 ἐπαίδευσεν
1735 669 1808 703 ὑμᾶς
1822 670 1851 697 ὲν
1867 671 1919 703 μά-

1127 710 1223 743 στιξιν.
1240 710 1295 744 ἐγὼ
1311 712 1449 740 παιδεύσω
1464 713 1536 748 ὑμᾶς
1548 715 1577 740 ἐν
1590 715 1725 750 σκορπίῳ.
1744 715 1855 749 Ταύτην
1868 716 1917 751 τὴν

1126 755 1223 792 βουλὴν
1237 757 1291 783 τῶν
1311 759 1463 794 παιδαρίων
1487 757 1547 785 εἷπε
1572 759 1692 795 Ῥοϐοὰμ
1713 761 1917 796 ὑποστρέψαντι

1123 799 1162 835 τῷ
1192 800 1302 836 Ἰσραήλ
1314 811 1322 817 ·
1341 803 1389 828 καὶ
1410 804 1545 838 ἀπεκρίθη
1564 805 1618 836 πᾶς
1634 806 1648 831 ὁ
1663 805 1740 836 λαός·
1761 807 1820 832 υῦκ
1842 806 1917 832 ἔστιν

1124 844 1190 880 ἡμῖν
1208 846 1248 872 ἔτι
1272 848 1352 883 μερὶς
1379 848 1408 874 ἐν
1429 849 1531 881 Δαδιδ,
1553 849 1613 876 οὐδὲ
1635 850 1809 886 κληρονομία
1822 853 1851 878 ἐν
1866 852 1918 886 ut;

1130 892 1241 920 Ἰεσσαί.
1261 894 1420 930 Ἀπότρεχε,
1437 895 1555 930 Ἰσραὴλ,
1573 898 1613 927 είς
1626 897 1660 923 τὰ
1677 897 1847 932 σκηνώματα
1859 907 1917 930 σου,

1125 938 1206 974 βόσκε
1224 939 1268 966 τὸν
1293 938 1366 966 οἶκόν
1391 949 1449 972 σου,
1473 941 1571 974 Δαδὶδ,
1589 943 1635 969 καὶ
1653 945 1741 978 κρῖνε.
1755 945 1808 971 Καὶ
1825 945 1919 980 διεμε-

1125 984 1204 1020 ρίσθη
1230 985 1247 1020 ὴ
1272 985 1397 1020 βασιλεία
1420 987 1611 1022 Σολομῶντος·
1639 990 1685 1015 καὶ
1710 990 1784 1025 αὐτῷ
1803 991 1855 1025 μὲν

1130 1030 1248 1066 Ῥοϐοὰμ
1267 1033 1282 1066 ἡ
1296 1032 1324 1064 ἐξ
1347 1033 1432 1059 Ἰούδα
1448 1034 1602 1069 παραμένει
1617 1035 1686 1070 φυλὴ
1701 1037 1747 1062 καὶ
1762 1037 1778 1071 ή
1792 1038 1839 1063 τοῦ
1852 1036 1919 1063 Βεν-

1125 1077 1221 1112 ιαμὶν,
1239 1078 1266 1104 αἱ
1284 1078 1312 1105 δὲ
1330 1079 1422 1105 λοιπαὶ
1440 1079 1507 1106 δέκα
1527 1081 1609 1114 φυλαὶ
1630 1080 1770 1117 Ίεροῦοὰμ
1796 1083 1843 1109 τὸν
1870 1085 1918 1110 τοῦ

1124 1121 1220 1149 Ναὸὰτ
1237 1125 1442 1159 προεστήσαντο
1459 1125 1582 1160 βασιλέα.
1595 1125 1650 1154 Ἦν
1666 1127 1716 1161 μὲν
1733 1129 1772 1163 τῷ
1796 1129 1920 1165 Ῥοϐοὰμ

1124 1168 1174 1204 τῆς
1192 1169 1332 1204 βασιλείας
1354 1171 1368 1196 ὁ
1385 1169 1456 1203 οἶκος
1479 1173 1508 1198 ὲν
1534 1172 1729 1209 Ἰερουσαλὴμ,
1745 1175 1872 1203 ἐκαλεῖτο
1892 1178 1921 1204 δὲ

1123 1216 1154 1241 τὸ
1173 1216 1219 1242 ὑπ’
1235 1217 1315 1243 αὑτὸν
1331 1218 1496 1252 ταττόμενον
1509 1219 1610 1254 πλῆθος
1632 1221 1730 1253 Ἰούδας
1748 1222 1796 1248 καὶ
1813 1223 1828 1249 ὸ
1844 1221 1921 1255 οἶκος

1124 1263 1226 1296 Δαὸὶδ,
1249 1264 1281 1290 ἐκ
1304 1263 1353 1298 τῆς
1369 1265 1602 1300 ἐπικρατεστέρας
1625 1266 1711 1301 φυλῆς
1727 1268 1850 1304 εἰληφὼς
1869 1270 1921 1305 τὴν

1124 1310 1322 1346 προσηγορίαν.
1337 1310 1389 1337 Τοῦ
1409 1312 1437 1338 δὲ
1458 1312 1599 1348 Ίεροϐοὰμ
1617 1313 1760 1349 Σαμάρεια
1776 1316 1792 1350 ή
1811 1317 1921 1352 μητρὸ-

1125 1357 1244 1390 πολις,·ὁ
1261 1357 1290 1384 δὲ
1310 1358 1360 1392 τῆς
1374 1358 1510 1392 βασιλείας
1525 1357 1598 1391 οἶκος
1615 1360 1644 1386 ὲν
1657 1360 1752 1396 Θαρσᾷ
1764 1369 1770 1376 ·
1787 1361 1878 1397 δνομα
1893 1363 1921 1390 δὲ

1124 1403 1162 1439 τῷ
1177 1405 1222 1430 ὑπ’
1234 1404 1315 1431 αὐτὸν
1326 1403 1384 1440 λαῷ
1402 1405 1510 1440 Ἰσραὴλ
1521 1406 1565 1432 δια
1575 1406 1605 1432 τὸ
1619 1407 1721 1443 πλῆθος
1732 1408 1780 1435 καὶ
1797 1409 1922 1446 Ἐφραῖμ

1128 1447 1170 1477 ῗιὰ
1183 1450 1232 1485 τὴν
1248 1451 1296 1486 τῆς
1313 1450 1451 1485 βασιλείας
1467 1451 1564 1487 φυλήν.

1160 1528 1238 1556 Κατὰ
1263 1529 1291 1556 δὲ
1306 1529 1352 1556 τὸν
1372 1529 1464 1564 ὃγδοον
1480 1531 1569 1566 μῆνα,
1586 1533 1614 1559 ὲν
1629 1533 1661 1568 τῇ
1683 1535 1922 1571 πεντεκαιδεκάτῃ

1125 1576 1173 1602 τοῦ
1198 1577 1292 1611 μηνδς,
1313 1577 1397 1613 ἀνέϐη
1421 1577 1562 1614 Ίεροὸοὰμ
1576 1581 1604 1606 ὲν
1620 1579 1705 1616 Βεθὴλ
1721 1581 1759 1612 είς
1775 1581 1806 1607 τὺ
1823 1581 1923 1609 θυσια-

1127 1623 1237 1656 στήριον
1258 1622 1273 1649 ὃ
1298 1623 1411 1658 ἐποίησε
1436 1624 1483 1650 τοῦ
1511 1624 1585 1651 θύειν
1610 1627 1670 1656 ταῖς
1697 1625 1850 1660 δαμάλεσιν
1879 1625 1923 1659 αἶς

1124 1667 1258 1703 ἐχώνευσε
1270 1689 1277 1701 ,
1298 1669 1346 1695 καὶ
1362 1670 1518 1705 παρέστησε
1539 1671 1602 1702 τοὺς
1618 1672 1699 1706 ἱερεῖς
1715 1672 1768 1698 τῶν
1785 1673 1903 1707 ὑψηλῶν
1914 1695 1922 1706 ,

1124 1713 1170 1745 οὒς
1185 1713 1265 1745 αὐτὸς
1279 1714 1444 1750 κατέστησεν
1462 1716 1490 1741 ὲν
1507 1717 1608 1747 αὐτοῖς.
1622 1718 1676 1744 Καὶ
1706 1717 1758 1744 ίόοὺ
1772 1718 1924 1754 ἄνθρωπος

1125 1759 1172 1785 τοῦ
1189 1759 1256 1786 Θεοῦ
1278 1761 1445 1796 παρεγένετο
1463 1762 1490 1787 ὲν
1509 1762 1606 1797 Βεθὴλ,
1630 1764 1658 1789 ὲν
1679 1763 1751 1798 λόγῳ
1767 1765 1876 1799 Κυρίου
1894 1766 1925 1797 ἐξ

1131 1803 1233 1832 Ἰούδαν
1249 1807 1297 1833 καὶ
1316 1807 1457 1843 Ἰεροεοὰμ.
1477 1809 1598 1842 εἱστήκει
1615 1809 1662 1835 ἐπὶ
1678 1810 1706 1835 τὸ
1721 1809 1924 1846 θυσιαστήριον

1126 1851 1208 1878 αὐτοῦ
1229 1852 1275 1879 τοῦ
1299 1852 1390 1880 θῦσαι.
1411 1853 1466 1879 Καὶ
1487 1851 1564 1880 εἷπεν
1589 1855 1603 1880 ὁ
1629 1854 1772 1890 ἅνθρωπος
1797 1858 1872 1892 πρὸς
1894 1859 1927 1884 τὸ

1127 1897 1321 1933 θυσιαστήριον
1333 1899 1361 1925 ὲν
1375 1899 1446 1933 λόγῳ
1460 1899 1562 1933 Κυρίου
1572 1909 1578 1915 ·
1594 1900 1804 1936 Θυσιαστήριον,
1827 1903 1926 1929 θυσια-

1127 1944 1321 1979 στήριον,τάδε
1332 1945 1408 1978 λέγει
1420 1945 1530 1980 Ιὲύριοςε
1547 1946 1613 1973 Ἰδοὺ
1629 1947 1685 1978 υίὸς
1700 1948 1824 1974 τίκτεται
1842 1950 1873 1976 ἐν
1885 1950 1925 1985 τῷ

1126 1991 1193 2025 οἴκῳ
1213 1989 1305 2022 Δαῦὶδ,
1332 1989 1435 2022 Ἰωσίας
1455 1991 1539 2026 ὄνομα
1555 1992 1640 2026 αὐτῷ.
1659 1993 1715 2019 Καὶ
1734 1993 1810 2021 θύσει
1825 1996 1876 2021 ἐπὶ
1895 1997 1926 2021 σε

1126 2036 1189 2066 τοὺς
1212 2037 1296 2071 ἱερεῖς
1318 2036 1371 2062 τῶν
1390 2037 1500 2071 ὑψηλῶν
1526 2039 1579 2064 τῶν
1599 2039 1717 2065 θυόντων
1736 2041 1775 2071 είς
1801 2041 1834 2067 σὲ
1848 2061 1856 2073 ,
1875 2043 1926 2069 καὶ

1126 2083 1194 2109 δστᾶ
1218 2082 1370 2118 ἀνθρώπων
1385 2084 1481 2109 καύσει
1506 2084 1551 2110 ἐπὶ
1567 2084 1607 2111 σέ.
1635 2085 1688 2111 Καὶ
1713 2085 1814 2112 ἔδωκεν
1839 2089 1927 2120 εὐθὺς

1127 2129 1222 2163 τέρας,
1238 2128 1337 2162 λέγων·
1361 2128 1425 2155 Ἰδοὺ
1441 2129 1471 2155 τὸ
1488 2129 1680 2165 θυσιαστήριον
1696 2131 1831 2166 ῥήγνυται
1843 2152 1851 2163 ,
1878 2135 1928 2160 καὶ

1127 2175 1310 2210 ἐκχυθήσεται
1334 2175 1465 2210 ήπιὸτης
1492 2176 1508 2210 ἡ
1535 2173 1602 2202 οὖσα
1616 2177 1661 2202 ἐπ’
1683 2177 1768 2213 αὐτῷ.
1796 2179 1856 2205 Καὶ
1889 2181 1929 2212 ὡς

1127 2221 1245 2257 ’ήκουσεν
1266 2220 1424 2256 ’1εροόοὰμ,
1451 2221 1567 2254 ἐξέτεινε
1582 2222 1630 2258 τὴν
1654 2224 1734 2258 χεῖρα
1755 2224 1842 2250 αύτοῦ
1861 2227 1931 2251 συλ-

1128 2267 1259 2294 λαϐέσθαι
1284 2268 1375 2294 αὐτόν.
1392 2267 1447 2293 Καὶ
1466 2268 1518 2294 ἰδοὺ
1545 2268 1680 2304 ἐξηράνθη
1699 2271 1714 2304 ὴ
1732 2271 1792 2305 χεὶρ
1818 2271 1929 2303 αὑτοῦ,

1128 2315 1175 2341 καὶ
1195 2315 1224 2340 τδ
1249 2314 1439 2349 θυσιαστήριον
1458 2315 1579 2350 ὲῤῥαγη,
1598 2316 1645 2342 καὶ
1672 2317 1688 2349 ὴ
1715 2316 1813 2352 πιότης
1839 2319 1930 2345 αἱ.τοῦ

1128 2360 1255 2396 ἐξεχύθη.
1265 2361 1320 2387 Καὶ
1332 2358 1409 2387 εἶπεν
1420 2361 1571 2396 Ἱεροϐοάμ·
1585 2362 1700 2397 Δεήθητι
1711 2362 1758 2389 τοῦ
1768 2365 1930 2398 προσώπου

1128 2406 1231 2441 Κυρίου
1247 2405 1293 2432 τοῦ
1310 2406 1376 2431 Θεοῦ
1394 2415 1456 2438 σου,
1481 2406 1528 2432 καὶ
1550 2407 1740 2443 ἐπιστρεψάτω
1754 2409 1770 2442 ἠ
1787 2410 1854 2445 χείρ
1875 2420 1933 2444 μου

1128 2453 1196 2487 πρός
1223 2461 1267 2487 με.
1289 2452 1344 2479 Καὶ
1370 2451 1467 2487 ἐδεήθη
1490 2454 1504 2478 ὸ
1523 2452 1666 2488 ἄνθρωπος
1692 2454 1738 2480 τοῦ
1761 2453 1854 2487 Θεοῦ,
1879 2457 1934 2483 καὶ

1128 2498 1237 2532 ἐγένετο
1252 2499 1268 2533 ἡ
1285 2498 1345 2533 χεὶρ
1357 2497 1439 2523 αὐτοῦ
1459 2498 1548 2532 ὑγιής.
1569 2500 1622 2525 Καὶ
1640 2499 1762 2534 ἀπῆλθεν
1776 2501 1789 2527 ὁ
1812 2502 1933 2537 ἂνθρω-

1128 2552 1178 2575 πος
1192 2542 1238 2569 τοῦ
1255 2542 1322 2569 Θεοῦ
1343 2543 1397 2569 ἀπὸ
1411 2543 1559 2578 προσώπου
1586 2545 1736 2580 Ίεροὸοάμ.
1758 2543 1815 2572 Ἷίν
1836 2547 1869 2574 δέ
1887 2558 1932 2580 τις

1128 2589 1206 2620 ἄλλος
1223 2589 1460 2624 ψευδοπροξήτης,
1481 2591 1616 2616 κατοικῶν
1631 2593 1659 2616 εν
1676 2591 1717 2627 [Ρ.
1737 2591 1799 2627 100]
1821 2593 1932 2630 Βεύὴ).,

1128 2633 1285 2668 πρεσϐύτης
1297 2641 1303 2647 ·
1316 2633 1362 2660 καὶ
1378 2633 1470 2668 μαθὼν
1484 2635 1533 2661 ὅσα
1548 2635 1675 2670 ἐποίησεν
1691 2638 1704 2662 ὁ
1714 2636 1865 2671 ἄνθρωπος
1883 2639 1934 2666 τοῦ

1127 2680 1206 2712 Θεοῦ,
1223 2680 1386 2712 κατεδίωξεν
1396 2680 1484 2706 ὀπίσω
1499 2682 1592 2712 αὑτοῦ,
1607 2683 1653 2708 καὶ
1664 2679 1742 2718 εὗρεν
1754 2683 1843 2710 αὑτὸν
1854 2686 1934 2712 καθ-

1128 2726 1229 2761 ήμενον
1243 2727 1289 2753 ἐπὶ
1302 2726 1377 2762 δρῦν,
1397 2727 1443 2753 καὶ
1461 2725 1539 2753 εἶπεν
1557 2728 1630 2762 αὐτῷ
1643 2737 1648 2743 ·
1662 2728 1747 2763 Δεῦρο
1764 2730 1828 2764 μετ’
1842 2732 1933 2766 ἐμοῦ,

1128 2772 1175 2798 καὶ
1189 2772 1258 2806 φάγε
1271 2772 1363 2808 ἄρτον.
1381 2773 1435 2799 Καὶ
1455 2773 1540 2799 εἶπεν·
1556 2775 1592 2800 Οὐ
1610 2774 1740 2810 φάγωμαι
1754 2775 1843 2811 ἄρτον
1865 2779 1934 2804 οζιδε

1128 2817 1234 2850 πίωμαι
1250 2817 1321 2853 ’ὕδωρ
1340 2819 1370 2845 ὲν
1384 2819 1423 2854 τῷ
1438 2819 1513 2855 τόπῳ
1529 2820 1628 2854 τούτῳ,
1645 2821 1685 2846 ὅτι
1700 2821 1802 2856 Κύριος
1821 2824 1934 2850 ἐνετεί-

1127 2863 1191 2890 λατό
1207 2873 1252 2899 μοι
1266 2864 1363 2896 οὕτως.
1380 2866 1435 2892 Καὶ
1451 2864 1522 2892 εἷπε·
1536 2867 1620 2901 Κάγὼ
1639 2869 1783 2903 προψήτης
1798 2871 1864 2904 εἰμὶ
1883 2880 1934 2897 κα-

1127 2911 1181 2943 θὼς
1200 2912 1243 2944 σὺ,
1264 2912 1311 2938 καὶ
1333 2912 1447 2946 ἄγγελος
1464 2913 1567 2949 Κυρίου
1587 2913 1701 2949 nemo:
1719 2923 1764 2950 μοι
1782 2916 1834 2942 τοῦ
1864 2917 1934 2942 ἐπει
