1990 3160
98 206 147 238 20')

98 262 168 289 οὐδὲν
190 261 297 297 δφελος,
318 262 501 298 ὲναρξάμενον
525 263 672 299 πνεύματι,
693 264 776 298 σαρκὶ
798 264 889 291 ἐπιτε-

98 308 178 336 λέσαι.
200 308 273 340 Ἐως
289 309 339 344 μὲν
353 309 408 345 γὰρ
429 309 552 344 ἁπήλαυε
576 309 701 345 Σολομῶν
715 310 766 345 τῆς
782 309 885 337 ἄνωθεν

98 355 280 391 προμηθείας,
295 357 324 383 ὲν
344 356 441 392 εἰρήνῃ
463 357 511 382 καὶ
534 357 639 393 γαλήνῃ
664 357 741 392 διῆγε
755 377 761 388 ,
783 357 887 388 πάντας

98 401 162 437 ἔχων
176 401 389 436 ὑποκειμένους,
412 400 504 433 καθὼς
519 402 699 436 προείρηται,
716 401 764 427 καὶ
781 401 885 434 δασμὸν

98 448 254 482 κομίζοντας
267 448 307 474 ὅτι
322 448 439 482 μάλιστα
448 457 454 463 ·
469 449 563 484 ἐπειδὴ
575 448 603 474 δὲ
613 448 716 483 ταύτης
727 447 884 482 ἐγυμνώθη.

96 496 148 525 τοῖς
173 494 335 528 δυσμενέσιν
370 495 580 530 εὐεπιχείρητος
607 494 731 529 γέγονεν.
763 493 885 529 ’Λληοῶς

96 540 172 572 ὅντως
191 540 306 575 φοῦερὸν
325 541 355 567 τὸ
370 541 501 576 ἐμπεσεῖν
517 542 557 573 εἰς
570 542 664 575 χεῖρας
685 540 753 567 Θεοῦ
770 540 883 572 ζῶντος.

97 585 136 622 [Ρ.
155 586 197 622 98]
224 587 330 622 Ὥσπερ
351 586 405 621 γὰρ
430 587 444 613 ὁ
463 587 535 618 ἕλεος
561 588 681 622 ἄῤῥητος
694 607 701 617 .
717 585 788 613 οὕτω
805 586 851 612 καὶ
866 587 883 620 ἠ

96 632 201 663 κόλασις
229 632 426 662 ἀνυπόστατος.
455 632 515 658 Ὀτι
538 632 566 658 δὲ
599 633 655 662 τοῖς
678 631 797 663 εἰδώλοις
823 631 884 658 ἐλά.-

95 686 198 712 τρευσε.
215 677 383 712 καταλείψας
400 678 445 704 τὸν
462 678 546 710 ὅντως
563 678 626 704 ὄντα
638 678 704 704 Θεὸν
719 677 765 704 τοῦ
781 677 883 713 πατρὸς

95 725 172 750 αὐτοῦ
185 725 267 751 Δαὸὶδ
278 746 284 757 ,
306 725 418 760 εὖδηλον
438 725 467 758 ἐξ
481 722 518 752 ὧν
539 727 585 752 καὶ
606 725 698 761 ’Λχίας
713 727 726 752 ό
741 726 883 761 προφήτης

95 771 144 806 ἔφη
159 772 226 806 προς
239 772 285 798 τὸν
305 772 454 807 Ἱεροϐοάμ·
471 782 480 798 ‹
501 772 569 798 Τάδε
585 772 659 806 λέγει
678 771 780 807 Κύριος
791 781 797 788 ⁸
817 771 882 798 Ἰδοὺ

95 816 146 850 ἐγὼ
160 818 252 852 ρήσσω
263 818 312 851 τὴν
326 817 466 852 βασιλείαν
479 818 510 844 ὲκ
525 818 617 852 χειρὸς
632 818 817 853 Σολομῶντος.
835 818 883 844 καὶ

94 863 168 890 δώσω
185 873 225 891 σοι
239 865 273 890 τὰ
290 865 357 891 δέκα
374 865 514 900 σκῆπτρα,
533 865 581 890 καὶ
596 865 643 891 δύο
662 865 789 899 σκῆπτρα
803 863 883 891 δώσω

94 911 165 947 αὐτῷ
175 911 219 938 διὰ
233 911 315 938 Δαόὶδ
330 911 375 938 τὸν
389 911 481 937 δοῦλόν
502 919 552 946 μου
570 911 617 937 καὶ
641 911 819 946 Ἰερουσαλὴμ
833 911 882 946 τὴν

95 957 168 984 πόλιν
192 966 262 992 μου,
285 958 318 992 ἦν
347 957 516 992 ἐξελεξάμην
540 958 572 983 ὲκ
600 957 695 983 πασῶν
716 957 770 983 τῶν
791 957 882 992 φυλῶν

100 1003 220 1039 Ἰσραὴλ,
238 1003 298 1030 ἀνθ’
312 1000 349 1030 ὧν
365 1003 529 1038 ἑγιιατέλιπέ
549 1012 582 1038 με
595 1024 603 1036 ,
623 1004 669 1030 καὶ
684 1003 826 1030 ἐδούλευσε
847 1004 880 1039 τῇ

101 1050 232 1085 Ἀστάρτῃ
266 1050 430 1085 βδελύγματι
456 1050 599 1081 Σιδονίων,
627 1050 675 1076 καὶ
712 1049 750 1086 τῷ
778 1049 882 1084 Χαμὼς

93 1095 191 1129 εἰδώλῳ
210 1095 313 1128 Μωίιϐ,
330 1096 376 1122 καὶΙ
391 1096 429 1131 τῷ
447 1094 568 1130 Μελχὼμ
581 1095 800 1130 προσοχϐἱσματι
816 1095 882 1122 υἱῶν

99 1140 207 1174 ’Λμὼν,
231 1142 277 1168 καὶ
302 1143 434 1176 γυναῖκας
464 1141 608 1177 ἀλλοτρίας
635 1142 746 1173 πολλάς.
764 1142 819 1168 Καὶ
841 1141 881 1168 ἔτι

92 1186 170 1213 ἔλαϐε
183 1187 232 1222 τὴν
247 1187 385 1222 θυγατέρα
401 1186 501 1222 Φαραὼ
513 1188 544 1213 ἐκ
561 1187 614 1213 τῶν
631 1187 715 1213 ἐθνῶν
729 1184 766 1214 ὧν
781 1187 881 1214 ἀπεῖπε

92 1234 192 1269 Κύριος
208 1234 263 1264 τοῖς
282 1234 348 1264 υἱοῖς
374 1233 493 1268 Ἰσραήλ·
512 1234 568 1260 Οὐκ
583 1233 771 1259 εἰσελεύσεσθε
787 1234 815 1259 ἐν
834 1233 882 1260 αὖ-

91 1282 158 1312 τοῖς,
175 1280 221 1306 καὶ
236 1280 314 1306 αὐτοὶ
336 1280 385 1306 οὐκ
403 1281 604 1306 εἰσελεύσονται
619 1280 659 1312 είς
677 1280 761 1314 ὑμᾶς,
778 1280 822 1307 ἵνα
844 1280 882 1315 μὴ

91 1326 235 1352 suto/mi
259 1325 307 1357 τὰς
333 1321 447 1360 καρδίας
476 1325 553 1359 ὑμῶν
577 1326 664 1352 ὀπίσω
686 1325 741 1352 τῶν
764 1325 882 1352 εἰδώλων

90 1371 191 1398 αὐτῶν.
212 1372 267 1398 Καὶ
293 1371 402 1397 ἔκλιναν
427 1371 511 1398 αὑτοῦ
534 1371 584 1406 τὴν
604 1370 716 1407 καρδίαν
738 1372 766 1397 ὲν
794 1371 882 1406 καιρῷ

90 1419 183 1452 γήρως
203 1417 285 1444 αὑτοῦ
311 1417 400 1443 ὀπίσω
423 1417 478 1444 τῶν
498 1417 568 1444 Θεῶν
592 1418 692 1446 αὐτῶν.
714 1419 768 1445 Καὶ
784 1417 883 1454 ᾡκοδόὶ

92 1474 179 1500 μησεν
195 1465 297 1500 ὑψηλὸν
313 1466 352 1501 τῷ
367 1465 470 1501 Χαμὼς
491 1465 592 1500 εἰδώλῳ
605 1465 693 1493 Μωὰὸ
709 1467 736 1492 ὲν
753 1466 791 1501 τῷ
813 1466 881 1502 ὄρει,

90 1512 137 1538 ὲπί
152 1511 298 1547 προσώπου
320 1511 513 1547 Ἰερουσαλὴμ,
531 1513 579 1539 καὶ
592 1512 631 1547 τῷ
647 1512 768 1548 Μελχὼμ
780 1513 883 1548 εἰδώλῳ

88 1557 157 1584 υἱῶν
174 1557 273 1592 Ἀμὼν,
290 1558 336 1584 καὶ
350 1560 383 1593 τῇ
403 1559 537 1594 ’Λστὰρτῃ
556 1558 722 1594 βδελύγματι
735 1559 862 1586 Σιδονίων
874 1567 880 1573 ⁸

89 1604 138 1630 καὶ
159 1603 245 1635 οὕτως
261 1604 373 1638 ἐποίησε
392 1604 494 1634 πάσαις
508 1605 568 1635 ταῖς
583 1604 707 1639 γυναιξὶν
722 1604 805 1632 αὐτοῦ
822 1606 882 1635 ταῖς

88 1647 244 1682 ἀλλοτρίαις
256 1668 263 1679 ,
280 1647 307 1674 αἳ
329 1648 449 1682 ἐθυμίων
465 1649 512 1675 καὶ
531 1648 608 1675 ἕουον
623 1651 678 1682 τοῖς
700 1650 820 1682 εἰδώλοις
834 1651 883 1677 αὺ-

88 1694 156 1721 τῶν,
173 1693 228 1720 Καὶ¹
241 1693 365 1728 ὠργίσθη
383 1693 482 1729 Κύριος
497 1694 535 1729 τῷ
549 1695 714 1731 Σολομῶντι,
726 1696 774 1722 καὶ
786 1694 862 1723 εἶιιεν
874 1706 880 1712 ·

94 1738 167 1766 ³Λνθ’
182 1735 218 1765 ὧν
243 1739 292 1766 οὐκ
313 1739 447 1773 ὲφύλαξας
461 1741 495 1767 τὰ
512 1742 712 1777 προστάγματά
729 1751 780 1778 μου
802 1743 820 1770 ἃ
840 1743 883 1769 ἐν-

87 1786 238 1822 ετειλάμην
255 1794 307 1819 σοι,
326 1786 500 1822 διαῤῥήσσων
518 1788 655 1823 διαρρήξω
670 1788 720 1824 τὴν
743 1789 882 1823 βασιλείαν

90 1840 140 1859 σου
158 1833 189 1859 ἐκ
203 1831 295 1867 χειρός
313 1840 371 1865 σου,
393 1833 441 1859 καὶ
460 1833 538 1860 δώσω
553 1835 638 1869 αὐτὴν
659 1835 697 1870 τῷ
715 1835 800 1871 δούλῳ
816 1845 863 1862 σον
874 1844 880 1850 ·

86 1880 159 1914 πλὴν
188 1880 217 1906 ὲν
232 1881 292 1911 ταῖς
314 1879 433 1914 ἡμέραις
449 1888 496 1906 σου
519 1881 549 1906 οὑ
569 1882 676 1914 ποιήσω
701 1881 804 1914 ταῦτα,
822 1882 882 1908 οὐδὲ

85 1925 153 1961 ὅλην
167 1925 217 1961 τὴν
232 1925 371 1960 βασιλειαν
391 1925 525 1960 λήψομαι.
542 1926 686 1962 Σκῆπτρον
703 1926 731 1953 ἓν
746 1927 825 1954 δώσω
842 1935 882 1953 σοι

83 1970 133 1998 διὰ
149 1971 231 1997 Δαδὶδ
245 1971 292 1997 τὸν
315 1970 410 1997 δοῦλόν
434 1979 486 2005 μου
503 1971 550 1998 καὶ
565 1971 608 1998 διὰ
624 1972 672 2007 τὴν
695 1971 834 2007 βασιλείαν
849 1973 882 2007 ἢν

83 2017 266 2053 ἐξελεξάμην.
287 2027 297 2044 ι

129 2153 306 2180 Ἀποϐανόντι
323 2153 351 2180 δὲ
373 2154 412 2189 τῷ
427 2153 509 2181 Δαῦὶδ
526 2154 638 2189 ἐποίησε
667 2154 794 2189 Σολομῶν
815 2163 883 2190 μνη-

84 2201 167 2236 μεῖον
186 2200 262 2235 παρὰ
276 2200 315 2235 τῷ
335 2199 448 2236 Σιλωὰμ
470 2200 605 2236 ἀντρῶδες
620 2200 663 2227 διὰ
679 2200 795 2236 βάθους,
814 2200 882 2236 πρὸς

81 2247 116 2273 τὸ
135 2246 175 2281 μὴ
189 2246 303 2282 ὁρᾶσθαι
321 2247 564 2281 μεμηχανημένον.
584 2246 782 2281 Συγκστώρυξε
798 2246 825 2273 δὲ
842 2246 882 2282 τῷ

83 2293 176 2328 πατρὶ
202 2292 249 2318 καὶ
267 2292 379 2327 χρυσίου
397 2292 497 2323 πολλὰς
521 2293 670 2328 μυριάδας,
692 2293 730 2324 ὠς
752 2293 882 2328 Ἰώσηπός

82 2345 185 2373 φησιν.
211 2338 284 2364 Ἑκεί
301 2338 345 2364 καὶ
360 2338 439 2369 αὐτὸς
453 2339 467 2364 ὁ
481 2339 609 2374 Σολομῶν
628 2339 773 2365 ἀποθανὼν
786 2339 884 2374 ἐτάφη.

80 2385 158 2411 Φασὶ
170 2384 199 2411 δὲ
216 2384 262 2410 καὶ
281 2384 416 2420 Ὑρκανὸν
429 2385 543 2420 ὕστερον
556 2385 601 2411 τὸν
617 2386 703 2421 ἱερέα,
717 2385 767 2420 τῆς
782 2385 885 2416 πόλεως

82 2430 347 2465 πολιορκουμένης,
376 2430 480 2463 ἀνοῖξαι
501 2431 531 2457 τὺ
561 2433 694 2466 μνημεῖον
717 2431 764 2458 καὶ
784 2431 883 2466 χρυσοῦ

80 2477 231 2512 τρισχίλια
260 2477 380 2505 τάλαντα
406 2479 511 2504 ἐκεῖῠεν
535 2479 697 2514 ἐκφορῆσαι.
734 2478 814 2504 ’Λλλᾶι
839 2478 885 2504 καὶ

43 2533 65 2559 ᾖ
89 2522 223 2559 Ἡρώδην
239 2523 296 2558 μετ’
308 2523 389 2550 αὑτὸν
402 2524 504 2557 ἀνοῖξαι
518 2524 566 2559 μὲν
581 2525 625 2550 τὸν
640 2524 734 2558 τάφον,
752 2525 881 2559 χρήματα

79 2569 113 2595 δὲ
132 2570 174 2603 μὴ
190 2569 281 2602 εὑρεῖν
291 2577 297 2583 ·
313 2569 415 2604 κόσμον
429 2569 456 2595 δὲ
471 2569 589 2604 χρυσοῦν
604 2570 649 2596 καὶ
661 2570 883 2604 κειμήλια·πάμ-

79 2614 179 2641 πολλα
196 2614 290 2642 τοῦτον
317 2615 460 2642 ἀνελέσθαι
486 2615 640 2650 ἱστοροῦσι,
666 2615 830 2651 πειραθέντα
854 2615 883 2642 δὲ

77 2661 135 2687 καὶ
155 2661 291 2696 ἐνδοτέρω
305 2662 405 2696 χωρεῖν
421 2662 487 2696 πυρὶ
503 2661 691 2697 ἐπισχεθῆναι.

129 2707 331 2739 Ἀποθανόντος
358 2707 386 2734 δὲ
416 2707 463 2734 τοῦ
486 2707 660 2741 Σολομῶντος
692 2708 810 2744 Ῥοῦοὰμ
835 2709 883 2742 τὴν

78 2752 234 2788 βασιλείαν
249 2752 412 2788 διαδέχεται.
441 2753 496 2779 Καὶ
528 2753 609 2784 αὐτὸς
627 2753 748 2788 ἀπῆλθεν
779 2755 818 2785 εἰς
842 2754 886 2780 Σί-

78 2808 174 2835 κιμα,
193 2800 235 2826 ὅτι
249 2800 307 2826 ἐκεῖ
320 2801 372 2831 πᾶς
394 2800 503 2835 Ἰσραὴλ
520 2801 643 2835 ἀπῄεσαν
661 2799 708 2826 τοῦ
727 2799 886 2834 βασιλεῦσαι

76 2845 175 2873 αὺτόν
186 2853 193 2860 ‘
205 2846 252 2872 καί
264 2845 394 2881 ἐλάλησεν
405 2846 418 2872 ὁ
429 2846 493 2877 λαὸς
511 2845 578 2880 πρὸς
601 2844 730 2879 Ῥοδοάμ’
754 2845 784 2870 '0
796 2846 887 2880 πατήρ

76 2900 134 2920 σου
154 2892 278 2927 ιᾷάρυνε
292 2892 338 2919 τὸν
353 2891 444 2919 κλοιὸν
461 2892 550 2926 ἡμῶν,
568 2891 614 2918 καὶ
632 2891 663 2918 σὺ
685 2891 731 2917 νῦν
745 2890 886 2925 κούφισον,

75 2938 131 2964 καὶ
143 2937 330 2971 δουλεύσομω
346 2937 462 2963 σοι.1(αὶ
476 2935 552 2963 εἶπεν
563 2937 577 2963 ὁ
587 2936 724 2971 βασιλεύς·
741 2936 887 2962 ’Δπέλθετε

118 2986 146 3002 ⁶¹
169 2984 206 3012 Ill
223 2984 288 3020 Heg.
311 2993 346 3018 .\t,
363 2985 457 3012 Fit-5'5.

642 203 912 237 HISTORTARUM
932 205 1197 240 COMPENDlUM.

1676 209 1727 240 2οϋ

903 267 926 294 Α
941 263 1055 291 deorum
1074 265 1165 292 cultus
1182 266 1217 293 sit
1234 266 1399 302 prolapsus?
1418 266 1499 294 siculi
1529 268 1728 295 ueinonstravi~

939 317 1009 337 mus.
1034 309 1169 337 Nimirum
1187 319 1281 340 revera
1295 321 1348 340 non
1364 312 1476 347 prodest
1491 313 1588 348 spiritu
1602 313 1728 347 ccepissr.

938 356 982 383 ubi
1001 363 1084 383 carne
1104 357 1246 385 absolvere
1270 359 1350 386 velis.
1364 358 1470 394 Quippe
1483 358 1624 390 Solomon,
1639 365 1728 392 quan-

937 401 984 429 diu
1016 402 1115 430 divina:
1148 404 1328 438 providentia:
1361 405 1515 432 commodis
1551 405 1638 433 fretus
1666 404 1727 438 fuit,

936 451 1051 475 eatenus
1063 453 1188 483 pacatam
1202 457 1234 476 ac
1247 449 1423 484 tranquillam
1439 452 1522 479 vitam
1539 452 1606 486 egit,
1621 459 1727 481 omnes.

938 497 967 520 ιιι
985 493 1117 526 diximus.
1136 495 1262 522 subditos
1283 503 1315 522 ac
1329 496 1526 530 stipendiarios
1549 497 1662 525 habens.
1679 496 1729 524 De-

936 540 1051 567 stitutus
1067 541 1100 568 ab
1114 549 1146 568 ea
1176 541 1265 569 facilis
1291 548 1390 570 vexatu
1420 542 1545 572 hostibus
1565 543 1625 571 fuit.
1651 542 1727 571 Adeo

936 594 1030 613 verum
1058 591 1110 619 est,
1130 587 1255 616 terribile
1280 596 1340 616 esse
1366 589 1393 616 in
1416 597 1512 616 manus
1530 590 1577 617 Dei
1606 590 1728 617 incidere

935 633 1056 661 viventis
1072 643 1078 660 :
1095 634 1175 668 cuius
1194 639 1225 662 ut
1240 634 1386 662 ineﬂabilis
1410 634 1488 670 172
1509 642 1550 663 est
1571 636 1726 664 miserit-or-

935 679 992 709 dia.
1017 679 1054 706 ita
1071 684 1098 706 et
1113 680 1304 708 intolerabiles
1327 685 1391 708 sunt
1411 689 1508 716 pix-nae.
1527 681 1615 709 Porro
1634 687 1726 709 autem

936 724 963 750 in
982 730 1112 759 promptu
1126 731 1168 752 cst
1184 724 1361 753 Solomonem
1377 727 1509 754 derelicto
1524 735 1590 754 vero
1609 727 1664 754 Deo
1680 736 1727 762 pa-

936 769 984 796 tris
1002 771 1044 796 sui
1062 769 1157 797 Davitli
1171 771 1329 798 simulacris
1348 771 1472 799 divinum
1490 772 1624 800 detulisse
1641 774 1727 800 hono-

935 823 1006 851 rem‘
1022 823 1083 843 cum
1103 816 1159 844 haec
1171 818 1227 844 sint
1242 818 1324 845 verba
1346 818 1439 845 Acilia:
1454 819 1523 846 vatis
1538 819 1572 846 ad
1595 819 1726 847 Jeroboa-

935 869 1008 888 mum
1028 871 1035 888 :
1057 871 1066 888 ι
1089 862 1158 889 Ecce
1184 870 1234 898 ego
1262 863 1395 898 abrumpo
1426 871 1539 898 regnum
1579 872 1612 892 ex
1644 873 1726 892 manu

936 907 1103 935 Solomonis.
1122 907 1182 935 Tibi
1197 908 1292 936 decem
1308 909 1397 937 tribus
1414 909 1485 937 dabo
1501 918 1507 937 :
1528 910 1597 938 duas
1621 912 1671 946 ipsi
1686 919 1727 938 re-

899 949 918 977 Β
935 953 1068 987 linquam,
1083 953 1109 980 in
1131 954 1248 987 gratiam
1271 953 1365 981 Davidi
1384 954 1458 982 servi
1478 956 1530 981 mei
1549 963 1580 983 ac
1599 956 1728 983 Hieroso-

935 999 1069 1034 lymorum
1087 999 1162 1027 urbis
1179 1007 1256 1032 mete,
1272 1008 1352 1035 quam
1376 1000 1410 1028 de
1435 1001 1563 1028 omnibus
1590 1001 1727 1029 Israelicis

934 1044 1059 1071 tribubus
1075 1044 1141 1071 mihi
1159 1044 1256 1079 delegi.
1275 1045 1367 1072 Causa
1393 1049 1446 1078 est,
1469 1045 1541 1080 quod
1566 1053 1610 1073 me
1633 1052 1727 1081 spreto

932 1087 1073 1116 Aslartam
1092 1088 1283 1123 Siduniorum,
1297 1090 1464 1118 Chamosum
1488 1090 1681 1125 Moabitarum,
1700 1096 1728 1119 et

933 1134 1118 1162 Melcbomutn
1147 1136 1366 1164 Ammonitarum
1400 1137 1584 1165 abominanda
1612 1139 1727 1167 simula-

933 1189 978 1209 cra
994 1182 1087 1209 divino
1099 1182 1174 1209 cultu
1191 1183 1339 1211 honoravit
1350 1184 1383 1211 θ’.
1403 1183 1484 1211 Duxit
1495 1190 1584 1212 autem
1597 1183 1726 1212 Solomon

934 1235 1034 1255 uxores
1048 1228 1151 1255 multas
1167 1228 1345 1264 alienigenas,
1365 1233 1392 1256 et
1417 1229 1525 1258 tandem
1549 1230 1632 1257 etiatn
1656 1229 1727 1257 Plia-

933 1275 1027 1301 raonis
1043 1275 1139 1306 filiam,
1153 1275 1255 1310 nuptiis
1270 1276 1421 1304 contractis
1439 1283 1501 1304 cum
1514 1277 1643 1312 gentibus
1657 1286 1727 1312 qua-

933 1328 994 1347 rutn
1008 1320 1187 1348 afﬁnitatibus
1202 1326 1230 1348 et
1246 1322 1452 1350 necessitudine
1463 1322 1535 1350 Deus
1550 1324 1727 1351 interdixerat

933 1365 969 1393 ob
985 1367 1055 1393 hanc
1073 1374 1141 1399 rem,
1157 1374 1192 1394 ne
1207 1374 1246 1394 ea:
1263 1367 1452 1395 lsraelicorum
1475 1369 1583 1397 animos
1599 1377 1630 1397 ea
1646 1378 1728 1398 oeca-

934 1411 1011 1439 sione
1037 1419 1052 1438 a
1091 1411 1147 1440 Deo
1174 1412 1207 1440 ad
1238 1414 1448 1441 simulacrorum
1478 1415 1592 1450 impium
1623 1416 1727 1445 cultum

934 1456 1114 1485 abducerent.
1131 1457 1211 1491 Quod
1239 1460 1350 1494 quidem
1366 1459 1509 1488 Solomoni
1526 1466 1656 1496 provecta
1671 1463 1726 1498 jam

934 1507 1013 1531 aelate
1033 1511 1048 1530 ει
1075 1504 1133 1531 suis
1147 1505 1280 1532 uxoribus
1308 1506 1418 1537 accidit.
1442 1507 1511 1534 adeo
1535 1513 1564 1534 ut
1588 1508 1726 1537 Chamoso

935 1550 1079 1577 delubrum
1107 1556 1261 1579 exstrueret
1277 1551 1394 1580 sublime
1419 1552 1446 1579 in
1463 1558 1558 1582 monte
1581 1562 1596 1581 e
1616 1556 1727 1590 regiona

936 1597 1144 1632 Hierosolyma,
1161 1597 1281 1633 itemque
1292 1597 1446 1626 Melchomo
1461 1603 1489 1627 et
1506 1601 1634 1634 Astartm,
1654 1601 1727 1629 Moa-

935 1642 1068 1676 bitarutn,
1087 1643 1308 1670 Ammonilarum
1325 1648 1352 1671 et
1369 1643 1545 1672 Sidoniorum
1559 1645 1727 1674 detestandis

935 1689 1102 1718 simulacris.
1123 1689 1212 1725 Atque
1227 1689 1324 1717 eodem
1343 1690 1424 1718 modo
1444 1691 1561 1727 singulis
1577 1693 1635 1721 suis
1650 1701 1728 1728 pere-

933 1735 1021 1769 grinis
1052 1735 1190 1763 uxoribus
1216 1740 1259 1764 est
1284 1736 1468 1771 gratificalus,
1501 1737 1649 1766 simulacra
1679 1748 1727 1768 sua

934 1780 1069 1807 adol-endo
1087 1785 1115 1808 et
1129 1781 1312 1809 sacrificando
1327 1783 1495 1810 colentibus.
1527 1784 1616 1812 Iratus
1634 1785 1728 1821 itaque

934 1825 1007 1853 Deus
1024 1826 1165 1854 Solomoni
1184 1828 1262 1859 dixit,
1280 1829 1392 1862 quando
1404 1829 1427 1855 is
1442 1835 1577 1864 prmcepta
1599 1838 1648 1858 sua
1672 1839 1727 1859 non

934 1872 1120 1906 observasset,
1149 1880 1179 1899 se
1203 1873 1327 1900 vicissim
1357 1881 1471 1908 regnum
1501 1874 1526 1901 ei
1546 1874 1580 1901 de
1599 1876 1727 1904 manibus

934 1923 1058 1953 ereptum
1076 1925 1157 1946 servo
1177 1918 1263 1953 ipsius
1284 1919 1463 1953 traditurum,
1476 1921 1588 1948 tametsi
1605 1921 1727 1957 hocipso

934 1964 996 1991 vivo
1011 1971 1065 1991 non
1080 1964 1158 2000 173
1168 1969 1241 1992 esset
1255 1964 1391 1998 facturus,
1407 1973 1496 2001 neque
1509 1970 1596 1994 totum
1610 1975 1725 2003 regnum

934 2011 1088 2043 ablaturus,
1119 2010 1167 2038 sed
1193 2019 1273 2039 unam
1303 2012 1405 2040 tribum
1438 2014 1559 2048 posleris
1590 2014 1652 2049 ejus
1677 2015 1727 2042 da-

935 2063 1025 2092 turus,
1041 2057 1136 2085 Davidi
1159 2065 1244 2086 causa
1259 2059 1333 2086 servi
1364 2059 1406 2088 sui
1433 2063 1460 2087 et
1480 2060 1574 2088 electae
1593 2067 1608 2088 a
1631 2068 1661 2089 se
1682 2069 1727 2089 ur-

934 2105 984 2133 bis.
1004 2115 1013 2130 ι

970 2150 1029 2177 Vita
1057 2150 1154 2178 functo
1169 2150 1272 2180 Davido
1299 2152 1456 2188 sepulcrum
1485 2153 1615 2182 Solomon
1656 2155 1726 2188 apud

934 2196 1084 2224 Siloamum
1111 2197 1271 2231 aedificavit,
1303 2203 1390 2227 totum
1430 2199 1459 2227 in
1483 2208 1584 2233 specus
1610 2201 1727 2228 formam

933 2242 1071 2275 effectum,
1084 2251 1118 2271 ne
1130 2247 1204 2271 esset
1221 2244 1420 2280 conspicuum;
1444 2250 1472 2272 et
1493 2253 1554 2273 cutn
1572 2250 1651 2280 patre
1665 2254 1726 2273 eum

899 2297 920 2325 ι)
935 2289 972 2316 ibi
988 2288 1127 2317 defodisse
1137 2290 1225 2317 multa
1244 2290 1409 2318 talentorum
1423 2292 1482 2318 auri
1496 2291 1579 2318 millia
1591 2290 1727 2326 Josephus

936 2335 1045 2363 scribit.
1061 2335 1162 2363 Ibidem
1190 2339 1217 2363 et
1242 2336 1373 2364 Solomon
1394 2337 1467 2364 obita
1495 2341 1585 2364 morte
1604 2338 1726 2372 sepultus

935 2385 987 2407 est.
1001 2379 1153 2408 Perhibent
1171 2386 1264 2415 postea
1280 2382 1414 2416 temporis
1442 2381 1600 2417 Hyrcanum
1618 2383 1728 2417 pontifi-

935 2434 1007 2457 cent,
1024 2434 1086 2454 cum
1105 2427 1172 2455 urbs
1197 2427 1344 2455 obsidione
1361 2432 1544 2462 premeretur,
1560 2433 1654 2463 aperto
1671 2436 1728 2457 mo—

935 2477 1069 2500 numento
1086 2473 1146 2500 auri
1167 2473 1273 2514 talenta.
1296 2478 1338 2502 ter
1365 2475 1439 2502 tnille
1467 2474 1532 2502 inde
1557 2478 1726 2510 exportassc.

935 2518 1002 2547 Post
1018 2519 1092 2547 hunc
1113 2515 1335 2549 llerodem‘idem
1358 2525 1510 2549 tentantetn
1526 2521 1647 2556 pecuniae
1659 2521 1727 2549 nihil

937 2567 1087 2600 invenisse,
1116 2568 1165 2595 sed
1202 2576 1286 2596 aurea
1314 2573 1475 2596 ornamenta
1501 2573 1582 2604 atque
1610 2569 1727 2602 reposita

937 2613 1050 2640 donaria
1063 2615 1197 2648 permulta
1212 2615 1376 2648 abstulisse;
1397 2615 1568 2651 interiusque
1583 2620 1728 2651 penetrare

938 2667 1098 2694 aggressum
1117 2660 1172 2694 igni
1196 2660 1282 2688 fuisse
1299 2661 1478 2696 proltibitutn.

976 2705 1117 2732 Solomoni
1139 2705 1295 2733 Rolmamus
1322 2708 1467 2734 successit.
1496 2707 1577 2741 Eunt,
1606 2716 1669 2736 cum
1693 2709 1727 2736 ad

938 2752 1051 2778 comitia
1067 2753 1160 2787 populi
1177 2760 1268 2788 regem
1284 2753 1372 2788 ipsum
1390 2754 1553 2782 declaraturi
1572 2753 1726 2782 Sichemam

937 2799 1070 2831 venisset,
1096 2799 1214 2833 populus
1242 2800 1349 2835 rogavit
1379 2801 1418 2827 uti
1445 2801 1554 2835 iugum.
1584 2801 1655 2836 quod
1685 2799 1726 2827 eis

939 2850 1015 2880 pater
1032 2844 1120 2880 ipsius
1140 2851 1328 2881 aggravasset,
1349 2847 1454 2874 levaret
1475 2856 1481 2874 :
1500 2847 1535 2874 ita
1562 2855 1592 2874 se
1616 2849 1725 2881 paratos

938 2899 998 2919 esse
1015 2892 1048 2918 ad
1061 2892 1237 2919 serviendum
1258 2893 1322 2928 ipsi.
1343 2893 1501 2921 [iubeamus
1522 2893 1662 2920 discedere
1676 2898 1727 2926 po-

938 2938 1003 2972 pulo
1019 2942 1101 2972 atque
1116 2937 1208 2965 triduo
1227 2935 1289 2974 p'ost
1306 2939 1339 2966 ad
1353 2938 1542 2974 acripiendum
1565 2943 1728 2972 responsum

896 1625 918 1653 C
