1990 3160
112 168 165 201 217

662 167 935 199 HISTORIARUM
954 167 1223 199 COMPENDIUM.

1699 164 1753 199 218

112 227 213 264 πύλης,
227 226 414 262 συνεπάτησεν
435 227 517 255 αὑτὸν
529 228 544 254 ὸ
555 227 620 260 λαδς
637 228 702 263 (καὶ
712 227 851 263 ἀπέθανε)
868 226 907 262 μὴ

968 229 1049 253 ratem
1066 225 1138 254 Deus
1163 224 1336 260 prxedixerat.
1361 223 1407 252 ille
1420 227 1511 252 autem
1528 231 1542 251 ο
1557 231 1621 260 rege
1639 224 1750 256 tertius,

113 275 237 309 φαγόντα
251 275 284 302 ὲκ
298 275 346 303 τοῦ
362 275 436 302 σίτου
452 274 523 302 κατὰ
536 275 568 302 τὸ
585 274 661 311 ῥῆμα
673 274 720 301 τοῦ
735 275 886 310 προφήτου.

150 407 206 434 Καὶ
224 406 317 441 μέντοι
337 407 384 437 καὶ
405 406 436 433 τὸ
463 406 670 442 Ἰεριχούντειον
687 405 760 442 ὕδωρ
777 405 811 433 δι’
824 407 907 441 εὺχῖς

115 453 222 481 ἱάσατο.
237 453 340 488 [Itva
353 453 406 488 γὰρ
420 451 455 489 ἦν
469 453 549 487 φύσει
563 453 612 479 καὶ
627 452 759 479 δύσποτον
775 453 822 480 καὶ
840 452 908 487 πρὸς

114 500 291 533 τεκνογονίαν
312 498 440 534 ἐμπόδιόν
454 507 483 525 τε
508 499 554 525 καὶ
573 498 771 534 θανατηφόρον,
793 497 849 524 ἔσθ’
864 498 908 524 ὅτε

115 547 164 573 καὶ
180 545 249 580 πρὸς
266 545 378 580 ἁρδείαν
389 545 576 578 ἀνεπιτήδειον
586 552 593 560 ·
613 544 680 579 ὅπερ
691 545 731 576 είς
744 543 908 579 εὐχρηστίαν

114 590 273 626 ἀνθρώποις
295 591 343 617 καὶ⁸
368 591 480 626 κτήνεσι
500 590 670 625 μεταϐληθὲν
686 590 838 625 εὐκαρπίας
856 589 909 624 μά-

115 637 196 664 λιστα
224 637 326 672 πολλῆς
344 637 392 663 καὶ
417 637 555 671 σωτηρίας
576 637 683 672 ὑπῆρχε
698 637 731 672 τῇ
747 636 823 671 χώρᾳ
841 636 910 671 πρόο

115 684 203 717 ξενον.
220 684 302 718 Ἀχρι
318 683 372 719 γὰρ
389 683 468 718 δεῦρο
480 683 665 718 πλςημμυροῦν
681 683 813 718 μεγίστην
833 682 909 709 πιαί-

115 738 158 756 νει
176 730 300 761 πεδιάδα,
322 730 369 756 καὶ
385 729 481 764 τρέφει
496 729 680 764 παραδείσους
706 729 754 756 καὶ
779 728 910 763 φοινίκων

116 777 184 811 γένη
202 775 320 809 διάφορα
338 775 514 810 μελιτοφόρα,
537 771 575 801 ὧν
587 775 611 801 οί
631 775 751 801 πλεῖστοι
771 774 910 808 πατούμε-

116 830 159 848 νοι
182 821 229 848 καὶ
255 820 463 856 ἀποθλιϐόμενοι
484 821 544 856 μέλι
562 821 630 848 πολὺ
656 821 808 856 ἐκχέουσιν.
831 821 911 847 Ἔστι

116 868 173 903 γὰρ
192 867 367 902 μελιτοφόρος
394 867 442 893 καὶ
460 867 677 902 ἀρωματοφόρος
692 868 709 902 ή
736 867 813 902 χώρα
827 867 909 898 πάνυ,

118 915 242 949 φέρουσα
272 914 366 948 κίτρον
381 914 430 941 καὶ
449 914 638 950 μυροϐάλανον
653 914 700 941 καὶ
718 914 909 949 ὀποϐάλσαμον
926 903 948 932 Β

117 961 161 987 ὅτι
187 961 329 987 πλεῖστον·
347 961 409 996 ἣτις
431 961 466 987 δι’
491 961 590 994 ὀλίγων
610 961 726 996 καρπῶν
744 960 791 988 καὶ
806 960 911 995 ἀνθρὼ-

118 1016 182 1038 etot;
200 1007 378 1042 ὲπιῡυμητῶν
394 1005 424 1034 εὖ
444 1007 517 1042 μάλα
538 1007 577 1042 τῷ
591 1007 748 1042 παραδείσῳ
765 1015 824 1038 πως
837 1015 910 1042 παρ-

117 1054 269 1086 εικάζεται.

155 1145 199 1182 [Ρ.
224 1146 287 1182 105]
306 1145 384 1173 Μετὰ
403 1145 432 1172 δὲ
455 1145 558 1180 Ἰωρὰμ
574 1145 747 1172 ἐϐασίλευσεν
768 1145 839 1179 Ἰηοῦ
853 1144 912 1176 υίὸς

119 1193 261 1226 Ναμεσίου
288 1192 353 1227 (89).
381 1192 484 1219 Τούτου
511 1193 706 1227 εἰσερχομένου
730 1192 760 1218 ὲν
784 1193 816 1227 τῇ
835 1192 912 1219 πόλει

119 1239 280 1274 Σαμαρείας
291 1238 449 1273 παρέκυψεν
468 1237 586 1270 Ἰεζάϐελ
597 1238 640 1265 διὰ
653 1237 702 1272 τῆς
717 1237 824 1273 θυρίδος
834 1245 912 1273 περι-

75 1289 87 1295 '
119 1286 370 1320 κεκαλλωπισμένη
381 1294 388 1300 ·
406 1285 420 1311 ὸ
435 1285 464 1312 δὲ
481 1285 608 1320 βασιλεὺς
627 1284 779 1318 προσέταξε
793 1285 851 1315 τοῖς
864 1284 911 1311 εὖ-

119 1332 226 1367 νούχοις
239 1332 324 1366 αὐτῆς
348 1332 573 1367 κατακρημνίσαι
587 1332 682 1365 αὑτήν.
705 1331 807 1358 Τούτου
821 1331 849 1358 δὲ
864 1339 912 1365 γε-

119 1377 230 1413 γλνότος
259 1378 378 1410 Ἰεζάϐελ
405 1378 582 1414 κατεπατήθη
605 1378 658 1405 ὑπὸ
678 1377 732 1404 τῶν
758 1377 850 1404 ἵππων
865 1377 914 1404 καὶ

120 1422 282 1458 κατεϐρώθη
302 1423 356 1449 ὑπὸ
371 1423 425 1449 τῶν
441 1423 541 1449 κυνῶν.
565 1422 699 1454 Ἐπάταξε
713 1422 742 1448 δὲ
757 1422 772 1448 ὁ
789 1422 915 1457 βασιλεὺς

121 1469 172 1495 καὶ
194 1468 256 1495 τοὺς
279 1467 464 1503 ἐϐδομήκοντα
485 1468 560 1499 υίοὺς
581 1468 684 1502 Ἀχαάὁ
699 1467 822 1499 καὶτοὺς
835 1476 914 1502 περι-

123 1514 285 1549 λειφθέντας
312 1513 396 1541 αὑτοῦ
431 1514 536 1546 πάντας
565 1514 594 1540 ὲν
623 1513 765 1550 Σαμαρείᾳ.
789 1514 859 1540 κατὰ
884 1513 914 1540 τὸ

124 1562 201 1597 ῥῆμα
220 1561 324 1588 Ἠλιοῦ.
353 1560 539 1596 Συναοροίσας
561 1560 588 1587 δὲ
613 1560 687 1587 ἅπαν
704 1560 733 1586 τὸ
748 1560 851 1595 πλῆθος
866 1558 913 1586 τοῦ

123 1607 203 1639 λαοῦ,
220 1608 272 1642 ἔφη
288 1607 355 1642 πρὸς
373 1607 472 1638 αὐτοὺς
491 1606 559 1642 μετὰ
574 1607 742 1642 πανουργίας
753 1615 760 1622 ·
781 1617 790 1632 ι
812 1606 914 1642 ’Δχαὰδ

126 1653 178 1688 μὲν
200 1652 340 1679 ἐδούλευσε
364 1652 402 1687 τῷ
426 1652 500 1679 Βάαλ
515 1652 604 1687 ὀλίγα,
628 1652 700 1687 Ἱηοῦ
715 1652 742 1679 δὲ
753 1652 839 1679 πολλὰ
853 1652 916 1679 δου-

124 1699 215 1726 λεύσει
232 1698 316 1733 αὐτῷ.
345 1699 400 1725 Καὶ
427 1698 475 1725 νῦν
502 1699 608 1730 πάντας
631 1698 766 1725 καλέσατε
783 1698 852 1732 πρός
883 1707 917 1734 με

123 1745 188 1776 τοὺς
208 1744 352 1778 προφήτας
366 1745 413 1770 καὶ
427 1744 510 1779 ἱερεῖς
522 1743 570 1770 τοῦ
589 1743 672 1774 Βάαλ,
685 1743 727 1770 ὅτι
740 1742 847 1778 μεγάλη
873 1751 919 1778 μοι

126 1790 206 1816 ουσία
217 1789 255 1825 τῷ
266 1790 350 1816 Βάαλ·
360 1791 413 1821 πᾶς
425 1790 478 1825 γὰρ
489 1790 518 1820 ὃς
527 1790 560 1816 ἂν
571 1789 715 1826 ἁπολείψῃ,
728 1789 758 1816 οὖ
770 1789 894 1824 ζήσεται.
908 1798 917 1815 ›

125 1835 380 1870 Συναθροισοέντων
406 1835 452 1862 οὖν
476 1836 609 1864 πάντων.
631 1836 680 1862 καὶ
708 1835 755 1862 τοῦ
782 1835 919 1862 εῑδωλείου

128 1880 306 1915 πλησθέντοῇ
333 1881 421 1914 στόμα
447 1882 516 1916 πρὸς
543 1881 631 1916 στόμα
654 1881 735 1915 φησὶν
755 1882 769 1908 ό
793 1881 920 1915 βασιλεὺς

125 1928 180 1958 τοῖς
191 1925 294 1957 δούλοις
307 1926 353 1952 τοῦ
365 1926 438 1953 Βάαλ
450 1935 457 1941 ·
476 1936 486 1952 ι
499 1926 678 1961 Ἐρευνὴσατε
691 1926 814 1961 ἀκριϐῶς
822 1927 846 1952 εί
862 1926 920 1953 ἐστι

127 1973 187 2008 μεθ’
202 1973 279 2007 ὑμῶν
301 1981 342 2004 τις
361 1973 415 1998 τῶν
445 1973 546 1999 δούλων
571 1973 685 2008 Κυρίου.
704 1983 713 1998 ι
735 1973 789 1999 Καὶ
807 1972 920 2007 μηδενὸς

127 2019 285 2055 εὑρεθέντος
300 2019 428 2046 ἐκέλευσε
447 2021 503 2051 τοῖς
518 2020 666 2055 ὑπουργοίς
681 2019 776 2052 αὑτοῦ,
793 2019 841 2046 καὶ
852 2018 919 2046 ἑπά-

126 2066 214 2099 ταξαν
229 2066 334 2095 πάντας
346 2066 375 2092 ἐν
391 2066 506 2101 στόματι
524 2067 678 2101 ῥομφαίας·
707 2066 754 2094 καὶ
775 2065 822 2092 τὸν
847 2065 919 2092 Βάαλ

126 2113 175 2138 καὶ
189 2112 223 2138 τὰ
237 2111 320 2138 αὑτοῦ
335 2112 424 2139 πάντα
456 2113 604 2148 ἐνέπρησε.
634 2112 708 2148 Πλὴν
719 2113 770 2139 οὐκ
782 2112 918 2146 ἐφύλαξεν

958 279 1021 299 cum
1036 279 1098 299 cum
1123 280 1168 299 rex
1186 276 1270 306 porta
1288 271 1466 307 praefecisset.
1481 271 1599 298 obtritns
1611 278 1626 296 a
1648 270 1751 305 populo

957 317 1050 352 periit.
1067 325 1121 344 non
1146 318 1264 352 gusmtis
1276 318 1309 345 iis
1337 317 1487 350 alimentis,
1517 317 1598 345 sicuti
1624 321 1651 344 et
1677 321 1753 344 vates

959 364 1019 392 fore
1033 363 1228 391 allirmaverat.

999 409 1071 438 Idem
1103 409 1218 438 Eliszens
1245 410 1374 444 precibus
1399 410 1519 437 obtinuit
1536 414 1565 437 ut
1581 417 1659 445 aqum
1678 410 1753 438 Jeri—

958 457 1079 484 ebuntitr.
1108 460 1201 484 essent
1216 457 1351 489 salubres,
1376 464 1437 484 cum
1453 462 1550 484 natura
1571 462 1663 484 essent
1677 464 1754 483 ama-

959 511 1006 535 rae.
1033 503 1107 538 potui
1129 502 1319 535 incommoda,
1330 502 1492 530 fecunditati
1521 503 1654 535 adversm,
1675 502 1755 539 184

959 555 987 578 et
1006 549 1131 582 letliales,
1144 556 1176 576 ac
1206 556 1403 583 nonnunquam
1441 550 1521 577 etiam
1553 549 1585 576 ad
1614 551 1756 585 rigandum

959 596 1047 623 solum
1067 595 1189 623 inutiles.
1206 594 1272 628 Quae
1302 603 1371 630 aqua
1405 596 1556 623 mutatione
1586 596 1638 623 ista
1667 595 1756 622 homi-

960 650 1024 670 num
1051 646 1079 669 et
1108 641 1217 676 pecoris
1245 641 1305 668 usui
1324 641 1542 674 accommodata,
1561 641 1708 669 fertilitatis
1725 649 1757 668 ac

963 687 1062 716 salutis
1086 688 1234 722 plurimum
1260 688 1305 714 isti
1332 687 1437 722 regioni
1454 687 1622 714 conciliavit.
1640 687 1706 713 Natu
1729 687 1758 714 in

964 734 1040 762 hunc
1056 742 1144 768 usque
1159 734 1230 761 diem
1243 733 1386 761 exundans
1413 737 1596 767 campestrem
1612 732 1758 760 maximam

963 781 1104 816 regionem
1121 780 1285 815 impingunt,
1301 779 1441 814 nutritque
1455 779 1577 814 pomaria
1591 782 1619 806 et
1642 778 1758 813 palmeta

961 826 1104 860 mellifera.
1136 833 1250 860 quorum
1287 825 1394 852 fruetus
1429 825 1527 852 calcati
1562 829 1645 859 atque
1667 823 1756 859 pressi

961 880 1088 907 magnam
1116 872 1207 900 mellis
1223 872 1276 899 vim
1293 871 1449 899 ell‘undunt.
1468 871 1516 899 Est
1537 872 1609 899 enim
1637 871 1760 906 apprime

963 918 1094 945 mellifera
1108 922 1135 945 et
1162 918 1338 946 aromalifera
1352 918 1403 945 ista
1417 918 1503 953 regio,
1531 918 1630 945 citrum
1657 917 1760 952 produ-

963 971 1028 991 rens
1040 967 1067 990 et
1083 964 1207 998 glandem
1229 964 1440 999 unguentariam
1456 967 1483 990 et
1503 963 1672 998 opobalsami
1697 963 1758 998 pln-

962 1009 1072 1042 rimum,
1089 1014 1118 1036 ut
1131 1014 1241 1045 propter
1259 1017 1337 1038 raros
1365 1015 1395 1037 et
1418 1009 1578 1037 hominibus
1593 1008 1761 1036 desiderabi-

962 1061 1002 1088 les
1026 1056 1132 1085 fructus
1157 1064 1210 1084 non
1227 1057 1344 1084 absurde
1370 1055 1500 1092 paradiso
1512 1055 1663 1091 comparari
1680 1062 1762 1090 posse

963 1103 1100 1130 videatur.

997 1149 1108 1177 Joramo
1125 1149 1229 1177 Jeliuus
1246 1149 1390 1180 successit.
1406 1147 1524 1175 Namcsii
1554 1146 1637 1175 illius.
1654 1146 1678 1174 Is
1698 1154 1760 1173 cum

964 1195 1115 1223 Samariam
1133 1195 1259 1227 intraret,
1284 1194 1408 1222 Jezabela
1435 1197 1568 1221 exornato
1593 1200 1708 1228 corpore
1727 1192 1762 1219 de

964 1239 1081 1268 fenestra
1097 1241 1246 1276 prospexit.
1263 1240 1367 1268 Jelntus
1381 1240 1441 1273 ejus
1457 1239 1593 1267 eunuchis
1616 1237 1761 1274 imperavit

964 1287 1002 1314 uti
1019 1294 1077 1314 eam
1095 1287 1310 1322 praecipitarent;
1332 1293 1386 1321 quo
1399 1285 1472 1313 facto
1488 1284 1614 1313 Jezabcla
1632 1284 1665 1311 ab
1682 1285 1762 1319 equis

964 1333 1076 1363 obtrita.
1104 1340 1119 1360 a
1147 1333 1263 1361 canibus
1289 1333 1416 1360 devorata
1431 1336 1482 1360 est.
1514 1331 1586 1359 Idem
1601 1339 1649 1358 rex
1679 1332 1762 1358 etiam

965 1379 1138 1414 septuaginta
1164 1379 1234 1405 filios
1251 1378 1354 1406 Achabi
1372 1385 1536 1412 omnemque
1563 1377 1622 1411 ejus
1648 1376 1762 1411 stirpem

965 1425 1138 1459 superstitem
1161 1424 1292 1452 Samarizr
1307 1424 1453 1452 interfecit
1468 1423 1620 1451 secundum
1637 1422 1702 1449 Eliaa
1716 1429 1764 1448 va-

966 1471 1102 1498 ticinium.
1120 1470 1185 1498 Inde
1201 1476 1295 1498 coacta
1310 1470 1384 1497 omni
1401 1469 1578 1497 multitudine
1602 1472 1692 1496 astute
1715 1475 1763 1496 eos

966 1517 1155 1552 compellavit:
1193 1518 1335 1544 Achabum
1363 1517 1486 1550 exiguos,
1511 1524 1540 1544 se
1556 1516 1642 1543 multo
1671 1515 1763 1549 plures

966 1561 1039 1588 Baali
1062 1563 1152 1590 cultus
1174 1562 1370 1596 praestiturum.
1396 1561 1514 1590 Proinde
1556 1567 1651 1588 omnes
1675 1559 1765 1587 Baulis

965 1613 1042 1636 vates
1056 1617 1087 1636 ac
1122 1608 1270 1644 pontifices
1285 1609 1319 1635 ad
1355 1616 1384 1636 se
1411 1611 1614 1635 convocarent:
1644 1614 1705 1633 nam
1736 1613 1766 1633 se

965 1662 1095 1690 magnum
1119 1654 1193 1682 Baali
1219 1653 1388 1682 sacrificium
1416 1653 1582 1684 instituisse,
1609 1655 1636 1679 et
1653 1656 1766 1679 necatu—

966 1708 1039 1732 rum.
1077 1701 1100 1729 si
1124 1700 1187 1736 quis
1211 1700 1321 1728 illorum
1348 1700 1383 1728 ab
1405 1699 1457 1727 hoc
1488 1699 1632 1726 abfuisset.
1662 1697 1700 1724 Ita
1729 1697 1764 1725 iis

969 1746 1099 1774 omnibus
1125 1747 1309 1782 congregatis.
1340 1753 1372 1773 ac
1400 1745 1464 1773 fauo
1496 1745 1636 1772 simulacri
1651 1743 1766 1779 repleto,

971 1792 1076 1820 diserte
1097 1793 1238 1820 mandavit
1253 1793 1342 1820 servis
1358 1791 1438 1827 185
1455 1791 1545 1819 Baalis
1563 1798 1611 1819 rex
1626 1790 1664 1818 uti
1681 1789 1767 1824 dispi-

973 1842 1069 1865 cerent
1085 1838 1180 1873 ecquis
1197 1838 1223 1864 in
1243 1837 1321 1864 turba
1336 1843 1410 1864 esset
1433 1837 1479 1864 Dei
1495 1837 1595 1864 cultor.
1611 1835 1679 1863 Cum
1694 1835 1768 1862 inter

970 1883 1094 1911 Baalicos
1125 1883 1224 1910 borum
1251 1883 1343 1910 nullus
1367 1883 1546 1913 inveniretur,
1564 1881 1632 1915 regii
1665 1880 1762 1908 famuli

968 1930 1047 1965 jussu
1060 1930 1132 1965 regis
1159 1929 1284 1957 Baalicos
1299 1936 1395 1956 omnes
1410 1928 1481 1956 ferro
1495 1928 1676 1960 trucidarunt,
1699 1927 1769 1953 Baa-

969 1976 1077 2010 lemque
1091 1983 1153 2002 cum
1169 1974 1244 2002 omni
1272 1974 1332 2010 ejus
1351 1975 1536 2002 instrumento
1563 1975 1766 2000 cremaverunt.

973 2021 1107 2049 Caeterum
1127 2021 1231 2048 Jehuus
1245 2028 1299 2048 non
1324 2020 1509 2056 perseveravit
1527 2025 1614 2054 usque
1633 2017 1668 2044 ad
1687 2017 1768 2045 linem

977 2066 1123 2095 servandis
1145 2066 1191 2094 Dei
1207 2067 1362 2102 praeceptis.
1377 2067 1407 2094 lu
1423 2066 1494 2094 bello
1506 2065 1706 2100 cecidit,regno
1721 2071 1769 2100 per

974 2119 1060 2140 annos
1076 2112 1174 2147 viginti
1191 2113 1262 2140 duos
1283 2117 1370 2147 gesto.

127 2159 168 2189 εἰς
197 2159 274 2190 τέλος
305 2159 353 2185 τοῦ
385 2158 551 2193 πορεύεσθαι
577 2159 606 2186 ὲν
638 2159 714 2194 νόμῳ
759 2159 875 2193 Κυρίου,
903 2159 950 2186 καὶ
976 2158 1083 2194 ἐσφάγη
1109 2159 1139 2186 ὲν
1169 2158 1209 2194 τῷ
1236 2159 1372 2194 πολέμῳ,
1408 2158 1572 2194 βασιλεύσας
1600 2159 1647 2196 ἔτη
1679 2159 1766 2187 εἴκοσι

126 2205 185 2232 δὶο.

164 2251 242 2278 Μετὰ
262 2251 291 2278 δὲ
307 2251 377 2286 Ἰηοῦ
398 2251 570 2278 ἐϐασίλευσεν
589 2251 705 2286 Ὶωάχαζ
722 2251 736 2278 6
753 2251 810 2284 υἱδς
822 2251 915 2283 αὑτοῦ,

1006 2251 1148 2280 Successit
1177 2252 1202 2280 ei
1231 2251 1387 2280 Joacbazus
1414 2252 1497 2285 illius,
1530 2253 1577 2288 qui
1608 2260 1670 2280 cum
1687 2252 1769 2288 impie

127 2298 177 2324 καὶ
193 2297 305 2332 ἐποίησε
330 2297 361 2324 τὸ
376 2297 494 2333 πονηρὸν
512 2298 630 2324 ἐνώπιον
649 2298 764 2332 Κυρίου,
782 2298 831 2325 καὶ
850 2297 920 2324 ἀπέ-

129 2344 194 2370 οανε
211 2343 373 2379 βασιλεύσας
391 2344 438 2378 ἐτη
457 2343 508 2376 κζ’.
535 2343 612 2370 Μετὰ
631 2343 660 2370 δὲ
691 2343 807 2378 Ἱωάχαξ
830 2343 922 2370 ἐϐασί-

128 2390 228 2416 λευσεν
256 2390 334 2421 Ίωὰς
349 2390 365 2416 ὁ
385 2390 443 2421 υίὸς
456 2389 549 2421 αὐτοῦ,
574 2390 621 2416 καὶ
638 2390 752 2424 ἐποίησε
763 2389 795 2415 τὸ
806 2389 924 2424 πονηρὸν

129 2435 246 2462 ἐνώπιον
269 2436 385 2471 Κυρίου,
412 2436 460 2463 καὶ
477 2435 598 2462 ἀπέθανε
623 2435 786 2470 βασιλεύσας
810 2435 858 2470 ἔτη
881 2433 923 2463 ιδ’.

136 2482 195 2516 Ἐφ’
205 2479 235 2509 οὗ
253 2482 388 2510 Ἐλισσαιὲ
402 2482 572 2518 ἐτελεύτησε,
586 2482 780 2517 προφητεύσας
794 2481 833 2517 τῷ
845 2481 925 2513 Ὶωὰς

130 2528 182 2561 τὴν
194 2528 330 2564 προτέραν
341 2528 386 2555 διὰ
399 2528 542 2563 συμόόλων
558 2529 629 2555 κατὰ
641 2529 741 2564 Συρίας
756 2528 846 2564 νίκην,
863 2530 923 2555 ἐπι-

130 2573 235 2608 τρέψας
258 2574 332 2609 αὐτῷ
350 2575 396 2601 ἐπὶ
419 2574 469 2609 τὴν
492 2574 544 2608 γῆν
563 2574 689 2606 τοξεῦσαι
707 2574 838 2606 πεντάκις
850 2582 858 2591 ο
876 2575 924 2602 καὶ

131 2619 161 2645 τὸ
179 2619 228 2654 μὲν
243 2620 334 2655 τρίτον
346 2619 480 2654 εὐστόχως
492 2619 599 2655 ἔρριψε,
612 2619 642 2645 τδ
654 2619 683 2646 δὲ
697 2619 828 2655 τέταρτον
842 2619 923 2654 ἠστό-

133 2673 211 2700 χησε,
241 2666 289 2693 καὶ
307 2665 475 2702 προφητεύει
492 2664 567 2700 αὐτῷ
591 2665 643 2698 ἕως
669 2665 765 2701 τρίτης
786 2665 925 2700 συμϐολῆς

974 2298 1088 2330 viveret,
1115 2305 1200 2333 regno
1220 2306 1268 2333 per
1298 2306 1385 2326 annos
1413 2298 1508 2333 viginti
1537 2304 1638 2334 septem
1660 2298 1771 2326 functus

976 2344 1055 2373 obiit.
1088 2345 1153 2372 Post
1177 2344 1249 2371 hunc
1274 2345 1397 2380 regnavit
1427 2344 1500 2371 ﬁlius
1516 2344 1576 2379 ejus
1596 2343 1660 2371 Joas
1683 2351 1771 2372 annos

975 2390 1193 2426 quatuordeclm,
1217 2390 1318 2425 impius
1346 2391 1404 2425 ipse
1418 2398 1540 2426 quoque.
1571 2391 1608 2417 Eo
1639 2395 1770 2426 regnante

984 2437 1097 2464 Elisaeus
1123 2437 1262 2469 moritur,
1293 2434 1425 2472 prmdir'ta
1451 2438 1527 2471 prius
1551 2436 1608 2464 Joa:
1634 2437 1667 2464 de
1685 2437 1772 2472 Syriis

973 2482 1103 2514 victoria,
1115 2483 1196 2518 idque
1211 2490 1258 2518 per
1274 2482 1362 2518 signa.
1376 2481 1464 2510 Jussit
1475 2490 1536 2510 cum
1554 2483 1652 2517 sagitta
1669 2486 1771 2510 terram

973 2529 1121 2564 quinquies
1153 2534 1254 2564 petere.
1277 2529 1401 2557 Tertium
1432 2527 1496 2556 Joas
1524 2535 1637 2566 scopum
1670 2528 1769 2564 attigit,

973 2579 1071 2609 quarto
1088 2575 1234 2603 aberravit.
1247 2575 1342 2610 Itaque
1371 2575 1395 2602 ei
1408 2575 1572 2602 vaticinatus
1590 2580 1631 2602 est
1656 2574 1771 2603 Eliszeus

978 2621 1068 2648 tribus
1085 2628 1147 2648 cum
1167 2620 1269 2656 praeliis
1287 2620 1321 2648 de
1333 2619 1411 2655 Syris
1426 2619 1557 2646 victorem
1574 2619 1641 2651 fore.
1655 2619 1770 2654 reliquis

981 2667 1198 2694 suecubiturum.
1211 2666 1315 2700 Quodsi
1329 2666 1477 2702 quinquies
1494 2673 1607 2701 scopum
1626 2665 1763 2701 attigisset

666 2757 846 2785 XYLANDRI
861 2757 906 2784 ET
917 2756 1024 2785 οοΑιιι
1039 2758 1154 2786 ΝΟΤᾸΞ.

172 2830 227 2865 (89)
243 2830 289 2858 Sic
302 2834 344 2858 est
360 2830 386 2857 in
400 2829 504 2858 Bibliis.
524 2828 576 2858 Sed
589 2833 616 2857 et
627 2837 714 2857 annos
732 2828 925 2865 regumgmulto

135 2863 315 2893 aluei-rode:
333 2865 414 2901 habet
426 2869 536 2893 notatos
556 2873 636 2901 quam
659 2863 924 2901 veritas’Scripturze

135 2907 221 2929 sacrae
243 2901 323 2930 ferat.
345 2900 472 2931 Historia:
494 2899 713 2937 ipsae‘lcgantur.
738 2906 799 2935 qua
829 2899 871 2925 hic
898 2903 924 2925 et

981 2821 1084 2857 mutilie
1096 2834 1123 2856 et
1139 2837 1192 2865 non
1209 2829 1312 2865 optimo
1329 2828 1425 2857 ordine
1443 2834 1495 2863 qua
1512 2830 1642 2855 notantur
1656 2830 1709 2860 qua
1724 2823 1768 2852 in-

979 2865 1133 2893 culcantur.
1149 2864 1216 2893 Χνι..
