1990 3160
218 138 274 177 223

866 132 1028 164 GEORGII
1048 131 1219 162 CEDRENI

1796 127 1858 159 224

218 195 314 223 orbem
329 193 437 226 circuit,
466 200 545 228 quem
563 191 704 227 Olympum
732 193 838 217 veteres
866 188 1005 215 dixerunt.

1062 185 1201 221 Ὄλυμπον
1216 183 1339 211 ἐκάλουν.
1365 183 1410 210 Ἑν
1434 183 1503 218 αὐτῇ
1519 183 1553 218 τῇ
1576 181 1673 218 πρώτῃ
1687 182 1858 217 Ὀλυμπιάδι

222 240 314 268 Prima
330 241 382 268 ista
398 232 554 274 Olympiade
563 237 693 265 Romulus
705 240 732 264 et
744 237 846 264 Remus
860 235 916 262 nati
934 238 1008 266 sunt.

223 287 270 321 qui
285 288 397 321 septima
416 283 573 320 Olympiade
590 283 704 310 Romam
720 287 864 318 cceperunt
875 282 1009 313 condere;

221 340 336 367 quarum
353 339 441 359 rerum
463 331 647 358 narrationem
669 330 850 365 copiosiorem
867 329 894 355 in
914 335 1009 362 regum

220 377 379 405 recensione
394 376 526 404 invenies.

256 423 383 450 Ezechias
416 423 486 458 patri
518 423 629 450 Acbazo
662 422 809 454 successit,
838 428 1010 457 regnumque

218 477 304 496 annos
317 469 352 496 29
365 469 460 503 gessit.
475 469 533 495 Hoc
549 472 657 496 sextum
675 475 776 495 annum
800 471 932 502 regnante
949 467 1010 494 Sal-

219 522 371 547 manassar,
389 514 435 549 qui
451 519 478 542 et
494 513 673 541 Nabunassar
686 514 797 546 dicitur,
813 521 860 541 rex
880 513 1009 549 Assyrio-

217 568 289 592 rum,
308 559 432 587 Samaria
449 563 528 594 capta
549 559 705 588 lsraelicum
722 560 852 595 populum
869 559 1008 594 captivum

217 607 344 633 abduxit.
356 607 420 634 Hac
439 606 519 641 190
536 612 577 634 est
602 607 687 642 prima
704 607 891 634 lsraelicorum
909 606 1010 641 depor-

218 651 295 678 tatio.
313 652 338 679 is
352 659 399 678 rex
411 651 493 678 etiam
511 651 715 687 Sardanapallus
730 651 781 680 fuit
796 652 962 687 appellatus,
981 656 1009 683 et

220 703 264 725 est
293 703 368 732 paler
394 697 681 735 Nabucltodonosoris.
705 697 822 726 Necesse
846 701 888 726 est
917 702 1008 726 autem

218 751 341 777 qumrere
358 744 392 771 de
411 751 495 779 regno
512 744 633 779 Assyrio,
650 744 696 779 qui
718 744 764 771 ﬁat
775 744 847 779 quod
863 743 1009 779 Scriptura

220 789 456 817 Salmanassarem
473 790 651 825 Assyriorum
677 797 767 825 regem
795 791 928 821 nominet,
946 797 1008 817 cum

221 839 284 862 ante
307 843 394 862 annos
410 835 445 863 96
468 836 501 862 ab
529 836 635 863 Arbace
651 835 675 863 id
696 843 808 870 regnum
826 836 969 867 abolitum.
982 839 1009 862 et

220 880 254 907 ad
272 879 364 907 Medos
384 880 543 907 translatum
560 879 653 906 fuerit.
676 879 764 907 Causa
785 880 921 912 redditur,
935 881 1008 914 quod

222 926 346 960 quamvis
361 926 394 953 ab
410 926 514 952 Arbace
531 926 671 953 successio
691 925 717 952 in
732 933 815 960 regno
832 926 884 952 fuit
900 926 1010 954 Medicae

219 972 320 1007 gentis,
341 971 367 999 id
384 975 474 998 tamen
495 971 576 999 etiam
593 972 736 1007 Assyrium
752 976 940 1007 nuncupatum
959 973 1010 1001 fuit

221 1019 255 1045 ob
268 1017 434 1044 nobilitatem
450 1021 477 1045 et
493 1022 655 1045 vetustatem
670 1018 846 1054 Assyriorum
870 1026 903 1046 ac
920 1020 1011 1054 regio-

220 1065 262 1092 nis
278 1072 387 1091 nomcn.
405 1063 527 1099 Namque
540 1064 583 1091 hic
597 1064 774 1100 Assyriorum
791 1072 838 1092 rex
849 1073 911 1092 cum
923 1065 1010 1095 Medis

219 1108 355 1142 subesset,
371 1109 545 1144 Assyriorum
571 1117 618 1137 rex
647 1110 818 1138 constitutus
838 1110 900 1138 fuit.
923 1111 1010 1140 Caete-

218 1161 278 1180 rum
285 1152 414 1181 Ezechias
424 1162 470 1181 rex
487 1161 560 1181 anno
574 1154 615 1182 sui
630 1154 704 1189 regni
722 1154 898 1188 quindecimo
912 1154 1010 1182 letbali

220 1199 315 1226 morbo
334 1205 477 1234 correptus
502 1200 658 1227 ministerio
684 1199 763 1227 Isaiae
788 1200 1009 1235 propagationem

218 1243 280 1270 vita:
295 1244 322 1270 in
339 1244 494 1278 quindecim
522 1251 610 1271 annos
627 1243 767 1278 obtinuit;
792 1252 853 1279 qua:
873 1245 897 1272 ei
910 1245 1010 1272 contir-

219 1293 291 1316 mata
307 1294 349 1317 est
367 1290 525 1324 prodigiose
541 1289 608 1317 solis
625 1297 673 1324 per
684 1291 777 1317 decem
796 1291 900 1326 gradus
915 1292 1010 1319 adver-

218 1342 265 1362 sus
277 1343 356 1362 suum
379 1336 532 1363 naturalem
554 1343 664 1363 cursum
684 1336 786 1369 reditu,
800 1344 856 1372 quo
880 1337 937 1365 dies.
961 1345 1010 1373 per

219 1386 305 1408 totum
322 1386 454 1410 terrarum
473 1384 567 1411 orbem
581 1384 656 1411 boris
670 1383 703 1410 10
718 1389 815 1412 auctus
828 1384 863 1411 22
879 1385 1008 1413 horarum

221 1427 282 1461 fuit,
298 1436 402 1464 suaque
417 1434 498 1456 nocte
513 1430 612 1457 caruit.
627 1430 652 1458 Is
668 1438 714 1458 rex
729 1431 906 1465 quantumvis
924 1432 1010 1459 casti-

221 1474 268 1501 tati
283 1474 401 1506 dcditus,
416 1483 430 1502 a
452 1475 550 1502 morbo
568 1479 657 1503 tamen
684 1484 841 1511 resurgens,
857 1481 919 1504 voto
936 1485 1004 1505 con-

1067 231 1173 266 Ῥῶμος
1188 231 1236 257 καὶ
1257 229 1398 265 Ῥωμύλος
1413 229 1608 264 ἐγεννήθησαν,
1620 228 1719 260 οἵτινες
1737 231 1766 255 ὲν
1785 231 1821 264 τῇ
1834 229 1858 261 ζ’

1067 279 1230 314 Ὀλυμπιάδι
1256 279 1307 314 τὴν
1323 277 1433 313 Ῥώμην
1461 276 1578 312 ἤρξαντο
1605 275 1717 309 κτίζειν.
1742 277 1858 303 Τούτων

1061 325 1110 359 τὴν
1123 325 1250 359 διήγησιν
1267 324 1437 358 πλατύτερον
1453 323 1482 348 έν
1499 323 1532 357 τῇ
1550 322 1628 354 τάξει
1646 322 1700 348 τῶν
1719 321 1857 357 βασιλέων

1061 370 1201 405 εὑρήσεις.

1108 416 1140 442 P.
1161 414 1221 450 108]
1249 414 1374 446 Ἐζεκίας
1399 414 1444 440 τὸν
1462 413 1544 449 Ἀχὰζ
1561 413 1751 448 διαδεξάμενος
1769 414 1783 439 ὁ
1796 412 1858 444 υἱὸς

1061 461 1238 487 ὲὸασίλευσεν
1258 460 1304 495 ἔτη
1327 460 1380 487 κθ’.
1414 460 1457 486 Ἐν
1471 459 1509 494 τῷ
1534 462 1560 490 ς’
1584 458 1639 485 ἔτει
1653 459 1748 485 τούτου
1765 468 1858 494 μετῳ-

1062 506 1142 542 κίσθη
1160 507 1211 533 ὑπὸ
1224 506 1410 541 Σαλμανασὰρ
1430 506 1477 532 τοῦ
1492 506 1539 532 καὶ
1554 505 1779 538 Ναῦουνασὰρου,
1803 505 1857 539 βαι

1061 552 1158 584 σιλέως
1170 552 1332 587 Ἀσσυρίων,
1350 552 1491 586 Σαμάρεια
1506 552 1765 586 αἰχμαλωτισθεῖσα.
1777 551 1854 587 Αὕτη

1061 597 1158 632 πρώτη
1173 599 1189 632 ἡ
1204 598 1378 633 αἰχμαλωσία
1401 597 1521 632 Ἰσραήλ.
1550 596 1633 627 Οὗτος
1653 598 1681 623 δὲ
1707 598 1754 624 val.
1784 598 1856 631 Σαρ-

1059 643 1212 674 δανάπαλος
1228 643 1347 678 ἐλέγετο,
1374 641 1408 678 ἦν
1423 643 1452 670 δὲ
1475 644 1568 679 πατὴρ
1588 643 1635 670 τοῦ
1651 644 1856 678 Ναϐουχοδονό-

1060 697 1120 724 σορ.
1148 689 1312 723 Ἀναγκαῖον
1338 690 1366 716 δὲ
1393 689 1510 725 ζητῆσαι
1527 691 1591 725 περὶ
1606 691 1655 725 τῆς
1673 691 1727 717 τῶν
1755 692 1857 717 Ἀσσυο

1061 734 1125 769 ρίων
1143 734 1293 768 βασιλείας,
1312 735 1370 766 πῶς
1400 735 1502 770 ταύτης
1530 737 1587 771 πρὸ
1604 738 1651 769 ις’
1670 736 1738 763 ἑτῶν
1753 737 1856 763 καθαι-

1061 779 1186 815 ρεθείςης
1205 780 1257 807 ὑπὸ
1276 780 1411 816 Ἀρϐάκου
1427 781 1474 808 τοῦ
1492 782 1594 816 Μήδου,
1613 781 1660 808 τοῦ
1682 782 1788 818 ταύτην
1813 783 1856 814 εἰς

1059 826 1169 861 Μήδους
1194 827 1452 861 μετενέγκαντος,ή
1479 828 1574 862 Γραψὴ
1601 829 1647 854 τὸν
1668 827 1856 863 Σαλμανασὰρ

1025 861 1046 889 Β
1064 872 1174 907 βασιλέα
1208 873 1358 907 Ἀσσυρίων
1389 873 1477 899 καλεῖ.
1506 874 1559 900 Καί
1585 883 1667 908 φησιν
1691 875 1732 900 ὅτι
1752 875 1857 909 Μήδων

1064 919 1112 953 μὲν
1126 919 1204 952 γένος
1219 920 1288 946 κατὰ
1303 919 1429 954 διαδοχὴν
1445 920 1500 946 ἀπὸ
1515 920 1650 955 Ἀρϐάκου
1665 921 1855 953 ἐϐασίλευσεν,

1060 966 1076 1000 ἡ
1094 965 1122 991 δὲ
1140 965 1262 1000 βασιλεία
1278 966 1325 992 καὶ
1347 965 1497 1000 Ἀσσυρίων
1513 966 1623 999 ἐλέγετο
1640 966 1684 993 διὰ
1699 967 1728 993 τὸ
1742 967 1856 1001 εὐγενὲς

1060 1010 1107 1037 καὶ
1134 1010 1249 1037 παλαιὸν
1272 1011 1322 1045 τῆς
1347 1010 1435 1045 ἀρχῆς
1450 1010 1540 1037 καὶτὸ
1556 1011 1606 1045 τῆς
1622 1011 1714 1046 χώρας
1725 1012 1826 1047 ὄνομα·
1841 1013 1858 1039 ὀ

1060 1056 1115 1091 γὰρ
1131 1056 1186 1083 τῶν
1219 1057 1370 1091 ’Δσσυρὶων
1391 1054 1468 1089 οὗτος
1495 1057 1621 1092 βασιλεὺς
1649 1059 1700 1085 ὑπὸ
1719 1059 1768 1093 τὴν
1785 1059 1855 1094 ἠγε-

1062 1103 1157 1138 μονίαν
1167 1103 1267 1138 Μήδων
1281 1103 1318 1129 ὢν
1343 1103 1496 1138 ’Δσσυρίων
1514 1103 1642 1138 βασιλεὺς
1666 1105 1799 1140 κατέστη.
1823 1105 1856 1131 ’0

1060 1147 1150 1174 τοίνυν
1178 1148 1302 1181 Ἐζεκίας
1321 1148 1359 1183 τῷ
1389 1148 1419 1175 ιέ
1437 1149 1492 1175 ἔτει
1521 1149 1570 1183 τῆς
1599 1149 1738 1184 βασιλείας
1767 1150 1856 1176 αὑτοῦ

1060 1195 1177 1230 νοσήσας
1194 1195 1263 1230 πρὸς
1292 1195 1407 1222 θάνατον
1432 1195 1593 1231 προσθήκην
1621 1197 1692 1230 ζωῆς
1711 1197 1790 1223 ἔλαϐε
1808 1198 1856 1224 διὰ

1066 1242 1179 1269 Ἡσαΐου
1204 1243 1272 1270 ἑτῶν
1303 1242 1344 1270 ιε’.
1376 1244 1430 1270 Καὶ
1465 1244 1609 1271 πιστοῦται
1636 1244 1723 1271 ταῦτα
1746 1245 1790 1271 διὰ
1805 1244 1854 1270 τοῦ

1061 1289 1214 1323 παραδόξου
1233 1289 1348 1324 σημείου
1374 1290 1423 1324 τῆς
1440 1291 1570 1316 ἐπανόδου
1587 1291 1674 1325 ἡλίου,
1697 1291 1747 1324 τῆς
1770 1299 1855 1324 φυσι-

1059 1335 1111 1367 κῆς
1137 1335 1270 1370 κινήσεως
1299 1334 1365 1362 δέκα
1391 1335 1512 1370 βαθμοὺς
1536 1336 1738 1371 ἀναποδισ-ἇσης
1765 1337 1853 1371 ἤγουν

1057 1380 1123 1406 δέκα
1139 1380 1213 1416 ὥρας
1230 1381 1292 1407 καθ*
1316 1381 1381 1416 ὃλην
1399 1382 1449 1416 τὴν
1461 1382 1637 1416 οἰκουμένην,
1665 1382 1702 1414 ὡς
1717 1380 1786 1408 εἶναι
1802 1383 1853 1416 τὴν

1059 1427 1167 1462 ἡμέραν
1183 1427 1293 1460 ἐκείνην
1308 1428 1392 1462 μόνην
1409 1428 1494 1463 χωρὶς
1508 1428 1556 1463 τῆς
1574 1429 1641 1458 ἰδίας
1657 1429 1754 1460 νυκτὸς
1771 1429 1854 1462 ὡρῶν

1059 1471 1113 1506 κβ¹.
1140 1468 1226 1503 Οὗτος
1254 1472 1301 1499 καὶ
1330 1473 1508 1508 σωφροσύνην
1533 1474 1624 1500 ἀσκῶν
1642 1474 1696 1500 άπὸ
1709 1475 1760 1509 τῆς
1772 1474 1853 1502 νόσου

219 1523 297 1554 ccpto
314 1519 406 1547 liberis
418 1528 529 1555 opcrattl
544 1521 627 1548 dedit.
643 1520 713 1548 Idem
730 1527 882 1556 serpentem
894 1530 1006 1555 :ereum,

1062 1518 1179 1550 ἀναστὰς
1208 1517 1311 1551 ηὔξατο
1340 1519 1545 1554 παιδοποιῆσαι.
1568 1516 1649 1550 Οὗτος
1675 1520 1721 1546 τὸν
1745 1520 1806 1554 ὅφιν
1821 1520 1854 1546 ὃν

218 1572 300 1599 quem
330 1566 358 1592 in
388 1565 536 1593 solitudine
565 1565 655 1593 Moses
670 1566 859 1600 suspenderat,
883 1566 1009 1601 deposuit

220 1615 302 1647 atque
327 1611 468 1645 conﬂavit,
502 1612 577 1647 quod
603 1612 626 1639 ei
650 1613 766 1647 populus
790 1613 921 1641 adoleret.
938 1613 1008 1646 Quin

218 1663 246 1686 et
261 1659 360 1686 librum
377 1658 546 1690 Solomonis,
565 1659 610 1685 cui
624 1660 712 1686 omnis
725 1659 835 1694 generis
850 1660 1007 1688 morborum

219 1704 340 1732 remedia
355 1704 441 1731 incisa
459 1708 550 1737 erant,
568 1709 718 1732 crematum
735 1706 768 1732 de
779 1705 867 1733 medio
882 1705 1007 1741 sustulit;

217 1758 241 1777 et
260 1751 383 1786 ejusdem
399 1750 483 1778 libros
501 1751 534 1778 de
552 1752 814 1786 comparationibus.
837 1757 863 1780 ct
885 1751 1008 1779 carmina

219 1797 246 1823 in
264 1795 364 1830 quibus
383 1795 416 1822 de
440 1797 565 1832 stirpittm
591 1800 673 1832 atque
696 1797 856 1824 animalium
884 1797 1007 1826 omnium

220 1842 405 1874 terrestrium,
424 1843 572 1870 volucrium
587 1846 613 1871 et
628 1843 781 1871 natantium
796 1849 907 1878 natura,
919 1852 1008 1873 reme-

220 1889 327 1923 diisqne
350 1889 472 1916 omnium
498 1890 656 1917 morborum
682 1890 744 1918 inde
768 1891 893 1925 petendis
921 1891 1009 1920 disse-

221 1939 312 1963 ruerat
327 1935 411 1971 (unde
427 1935 586 1964 Graecorum
611 1936 709 1964 tuediei
724 1937 866 1964 materiam
883 1938 1007 1966 sulfurati

222 1981 298 2016 191
324 1989 389 2009 suas
416 1986 489 2009 artes
517 1981 730 2016 constituerunt)
749 1983 910 2015 combussit,
928 1983 1008 2011 sicuti

222 2027 377 2059 retulimus,
399 2027 462 2062 quia
477 2027 594 2062 populus
610 2035 644 2055 ex
661 2027 694 2054 iis
707 2028 825 2054 remedia
850 2028 1007 2056 morborum

220 2077 315 2108 petens
339 2080 354 2100 a
377 2073 433 2100 Deo
464 2073 608 2101 sanitatetn
633 2081 749 2108 poscere
773 2074 934 2109 negligcbat.
957 2075 1009 2103 Re-

221 2124 321 2153 gnantc
346 2119 460 2147 Ezccltia
481 2120 508 2147 in
531 2119 654 2146 Judmam
678 2120 772 2156 copias
798 2121 910 2148 adduxit
928 2120 1010 2149 Sena-

219 2164 360 2197 cberibns,
399 2164 614 2192 Salmanassaris
652 2172 809 2194 successor.
853 2165 903 2198 Qui
943 2174 1006 2193 cum

1061 1563 1199 1598 ἐκρέμασε
1214 1564 1336 1599 Μωῡσῆς
1363 1567 1392 1592 ἐν
1409 1567 1442 1600 τῇ
1459 1566 1564 1602 ἐρήμῳ,
1595 1566 1704 1593 καθεῖλε
1722 1568 1767 1593 καὶ
1780 1567 1853 1602 ἐχώ-

1060 1618 1165 1641 νευσεν,
1183 1610 1223 1637 ὅτι
1238 1611 1312 1646 αὐτῷ
1333 1611 1433 1646 ἑθυμία
1455 1613 1468 1638 ό
1483 1612 1557 1643 λαός.
1589 1613 1667 1638 Ἀλλὰ
1687 1613 1733 1639 καὶ
1750 1613 1854 1648 βιϐλίον

1060 1655 1243 1690 Σολομῶντος,
1268 1657 1433 1692 ἰαματήριον
1449 1658 1550 1689 παντὸς
1564 1659 1667 1690 πάθους
1679 1659 1854 1694 ἐγκεκολαμ-

1063 1701 1154 1736 μένον.
1172 1701 1303 1734 ἐξέκαυσε
1317 1703 1363 1730 καὶ
1376 1704 1504 1738 ἠφάνισε.
1524 1704 1574 1736 τάς
1592 1713 1621 1731 τε
1648 1706 1711 1742 περὶ
1727 1706 1782 1732 τῶν
1801 1715 1854 1732 πα-

1061 1747 1183 1782 ραὸολῶν
1211 1749 1258 1776 καὶ
1286 1748 1373 1783 ᾠδῶν,
1405 1751 1434 1776 ἐν
1461 1748 1504 1781 αἶς
1532 1751 1666 1786 περὶτῶν
1686 1751 1778 1786 φυτῶν
1805 1753 1853 1778 καὶ

1060 1794 1196 1821 παντοίων
1223 1795 1300 1826 ζώων
1325 1796 1494 1830 φυσιολογία.
1508 1798 1657 1832 χερσαίων
1675 1798 1806 1825 πετεινῶν
1822 1807 1852 1825 τε

1059 1840 1105 1867 καὶ
1119 1840 1238 1875 νηκτῶν,
1254 1842 1300 1867 καὶ
1318 1842 1440 1876 ἰαμάτων
1452 1842 1556 1874 πάθους
1572 1844 1681 1874 παντδς,
1695 1843 1852 1878 γραφείσας

1059 1886 1145 1921 αὐτῷ,
1161 1887 1207 1921 ἀφ’
1228 1883 1265 1913 ὧν
1281 1889 1328 1914 καὶ
1348 1888 1374 1914 οἰ
1398 1887 1452 1914 τῶν
1478 1888 1614 1923 Ἑλλήνιον
1642 1890 1852 1924 Ξατροσοφισταὶ

1060 1933 1290 1968 σφετερισάμενοι
1315 1933 1363 1960 καὶ
1387 1933 1436 1966 τὰς
1474 1934 1602 1969 ἀφορμὰς
1630 1935 1773 1970 εἰληφότες
1803 1937 1853 1967 τὰς

1060 1978 1129 2010 ἰδίας
1147 1981 1349 2015 συνεστήσαντο
1363 1979 1474 2014 τέχνας.
1495 1980 1588 2007 Ταῦτα
1605 1981 1695 2008 τοίνυν
1710 1982 1743 2008 τὰ
1760 1982 1853 2016 βιῖιλία

1065 2023 1189 2056 Ἐζεκίας
1207 2025 1382 2057 κατακαύσας
1398 2021 1488 2060 ἀφανῆ
1507 2026 1644 2062 ἐποίησεν,
1661 2027 1698 2059 ὡς
1713 2028 1851 2061 λέλεκται,

1059 2069 1152 2104 ἐπειδὴ
1180 2070 1230 2102 τὰς
1253 2070 1403 2105 θεραπείας
1431 2071 1485 2097 τῶν
1500 2072 1663 2107 νοσημάτων
1681 2073 1758 2099 ἐνθεν
1775 2082 1853 2108 κομι-

1059 2114 1172 2150 ζόμενος
1185 2117 1199 2142 ὁ
1213 2116 1277 2148 λαὸς
1292 2117 1419 2152 περιώρα
1428 2118 1480 2149 τὰς
1493 2118 1577 2150 ἰάσεις
1589 2120 1675 2145 αἰτεῖν
1687 2120 1761 2155 παρὰ
1769 2120 1849 2147 Θεοῦ.

1067 2161 1110 2187 Ἐν
1125 2162 1240 2194 ταύταις
1255 2163 1317 2193 ταῖς
1329 2163 1449 2198 ἡμέραις
1461 2163 1508 2190 τοῦ
1530 2164 1653 2196 Ἐζεκίου
1668 2165 1753 2200 ἀνέϐη
1770 2166 1854 2192 Σενα-

219 2211 338 2246 gloriose
364 2211 449 2238 multa
474 2211 500 2237 in
519 2211 663 2238 Dominum
690 2214 716 2238 ct
732 2212 861 2246 populum
886 2211 946 2244 ejus
959 2212 1006 2240 de~

1062 2208 1162 2242 χηρεὶμ
1177 2208 1191 2233 ὁ
1206 2207 1328 2243 διάδοχος
1342 2209 1540 2245 Σαλμανασάρ·
1559 2210 1606 2236 καὶ
1626 2211 1742 2238 πλεῖστα
1764 2219 1851 2245 μεγα-

219 2258 391 2291 hlatcrnssel,
419 2257 542 2284 irritatus
569 2261 610 2284 est
633 2257 656 2284 is
681 2257 728 2292 qui
754 2257 868 2285 consilia
886 2259 1007 2293 gentium

217 2305 334 2342 dissipat
349 2308 376 2331 ct
398 2303 561 2339 populorum
585 2304 764 2339 cogitationes
780 2303 871 2330 irritas
898 2304 961 2331 facit
977 2311 1009 2332 ac

219 2351 334 2379 consilia
358 2351 513 2387 principum
535 2350 630 2377 eludit.
661 2349 696 2381 ls,
722 2350 808 2378 misso
838 2351 946 2386 angelo,
974 2350 1009 2378 de

219 2399 342 2425 exercitu
358 2398 533 2433 Assyriorum
547 2397 631 2424 millia
656 2397 704 2424 :85
725 2397 873 2424 interfecit.
893 2396 930 2423 Ita
945 2404 1008 2423 cum

219 2445 353 2475 dedecore
367 2451 393 2472 et
406 2445 482 2472 rabie
495 2444 609 2472 Niniren
623 2451 750 2472 reversus
765 2443 969 2471 Senaclteribus
981 2443 1008 2470 in

219 2491 343 2526 captivos
386 2498 402 2517 a
441 2490 645 2518 Salmanassare
689 2490 825 2518 abductos
865 2489 1009 2517 lsraelicos

221 2543 316 2570 magna
331 2535 403 2562 corde
420 2535 549 2562 dcsteriit.
563 2534 647 2569 Quem
665 2542 728 2561 mox
745 2534 838 2560 divina
854 2534 922 2560 ultio
936 2534 1009 2561 inse-

220 2584 283 2607 cula
302 2587 413 2607 suorum
428 2580 543 2608 filiorum
557 2581 687 2608 manibus
708 2579 819 2612 occidit,
833 2587 919 2614 eaque
934 2580 1008 2614 justa

219 2634 270 2653 ncx
294 2626 421 2662 injustam
450 2627 619 2662 captivorum
636 2625 806 2653 occidionem
822 2625 940 2653 sedarit.

251 2757 314 2786 Fuit
329 2764 384 2786 lum
395 2759 467 2786 inter
479 2759 603 2793 captivos
619 2759 700 2786 homo
713 2759 823 2793 qttidam
838 2759 1007 2792 misericors,

217 2812 270 2830 non
284 2804 327 2831 ine
357 2804 471 2835 Tobias,
507 2803 553 2838 qui
593 2803 620 2830 in
657 2804 813 2838 sepeliendo
849 2804 1008 2833 interfectos

215 2849 326 2879 Judmos
344 2851 463 2878 multum
477 2857 566 2885 operae
589 2849 775 2886 impendebat.
791 2851 851 2884 Qua
876 2851 909 2879 de
925 2858 1008 2879 causa

1060 2252 1319 2289 λορῥημονήεταντος
1338 2255 1408 2282 κατὰ
1438 2255 1485 2282 τοῦ
1513 2256 1616 2290 Κυρίου
1643 2256 1779 2283 καὶκατὰ
1802 2257 1854 2284 τοῦ

1060 2298 1125 2325 λαοῦ
1143 2299 1237 2333 αὑτοῦ,
1255 2301 1415 2336 παρεκλήθη
1430 2303 1443 2328 ὁ
1457 2302 1642 2334 διασκεδάζων
1657 2302 1754 2338 βουλὰς
1766 2303 1852 2329 ἐθνῶν

1060 2344 1107 2370 καὶ
1133 2344 1235 2371 ἀθετῶν
1257 2345 1405 2381 λογισμοὺς
1425 2346 1497 2374 λαῶν
1517 2348 1564 2374 καὶ
1579 2347 1678 2382 βουλὰς
1699 2348 1849 2382 ἀρχόντων,

1061 2390 1107 2416 καὶ
1138 2391 1303 2422 ἀποστείλας
1334 2391 1450 2426 ἄγγελον
1465 2392 1572 2420 ἀνεῖλεν
1597 2394 1628 2420 ὲκ
1643 2394 1694 2428 τῆς
1709 2393 1849 2428 παρεμϐο-

1060 2435 1109 2471 λῆς
1133 2437 1187 2463 τῶν
1220 2438 1375 2474 Ἀσσυρίων
1394 2438 1518 2474 χιλιάδας
1541 2443 1610 2473 pm’.
1636 2440 1690 2466 Kal.
1705 2439 1778 2466 οὕτω
1791 2441 1850 2475 μετ’

1060 2482 1190 2517 αἰσχύνης
1211 2484 1257 2510 καὶ
1283 2484 1384 2519 λύσσης
1407 2485 1421 2510 ὁ
1445 2485 1618 2520 Σεναχηρεὶμ
1637 2485 1789 2518 ἀναζεύξας
1809 2487 1849 2518 εἰς

1060 2528 1153 2555 Νινευῗ
1178 2529 1272 2561 δεινῶς
1303 2530 1399 2565 ἀνῄρει
1418 2531 1482 2562 τοὺς
1510 2531 1782 2565 αἰχμαλωτισθέντας
1797 2532 1850 2559 ὑπὸ

1060 2575 1242 2611 Σαλμανασὰρ
1252 2576 1306 2602 ἀπὸ
1323 2577 1478 2611 Σαμαρείας
1489 2577 1535 2603 τοῦ
1556 2578 1674 2612 Ἰσραήλ.
1689 2579 1738 2605 Ὃν
1750 2579 1849 2605 absim

1060 2620 1119 2648 θεία
1137 2621 1199 2656 δίκη
1218 2622 1394 2656 μετελθοῦσα,
1422 2623 1469 2649 καὶ
1496 2623 1548 2650 ὑπὸ
1573 2624 1627 2650 τῶν
1648 2624 1720 2651 ἰδίων
1746 2625 1848 2650 τέκνων

1059 2667 1265 2702 ἀναιρεθέντος,
1295 2668 1402 2703 ἐπαύθη
1429 2669 1478 2703 τῆς
1499 2670 1688 2704 αἰχμαλωσίας
1711 2671 1727 2706 ἡ
1755 2671 1846 2701 Ξᾱκος

1061 2715 1152 2748 σφαγὴ
1166 2714 1209 2741 διὰ
1220 2715 1269 2748 τῆς
1286 2714 1389 2741 ἐνδίκου
1402 2715 1581 2748 ἀναιρέσεως.

1095 2759 1138 2795 [Ρ.
1162 2760 1220 2795 109]
1253 2761 1297 2787 Ἑν
1327 2760 1413 2796 ταύτῃ
1428 2762 1461 2796 τῇ
1481 2761 1654 2797 αἰχμαλωσίᾳ
1685 2761 1790 2796 ὑπῆρχέ
1809 2770 1847 2793 τις

1061 2806 1185 2842 ἐλεήμων
1200 2806 1344 2841 ἄνθρωπος
1373 2807 1493 2842 τοῦνομα
1526 2807 1635 2842 Τωεὴτ,
1673 2807 1720 2834 καὶ
1748 2807 1847 2840 πολλὴν

1061 2851 1133 2887 ἔχων
1151 2853 1269 2888 σπουδὴν
1287 2853 1327 2884 εἰς
1343 2853 1373 2879 τὸ
1400 2852 1512 2880 θάπτειν
1537 2854 1599 2885 τοὺς
1626 2852 1848 2888 ἀποθνήσκοντας
