1990 3160
143 128 199 159 €25

693 125 963 156 HISTORIARUM
980 124 1246 156 COMPENDIUM.

1724 123 1778 157 226

143 187 200 214 τῶν
225 185 371 213 Ἰουδαίων.
387 185 455 221 Περὶ
476 182 514 212 ὦν
532 185 579 212 καὶ
593 184 749 219 διαῦληθεῖς
763 184 803 219 τῷ
829 184 934 219 βασιλεῖ

991 183 1057 217 ιριιά
1077 183 1294 218 tegemdelalus,
1312 188 1374 208 cum
1390 181 1444 208 eihi
1461 180 1525 216 iuga
1546 180 1731 208 consuluisset
1750 187 1778 210 et

145 234 193 260 καὶ
209 232 303 267 φυγὼν
319 232 455 267 ἐκοιμήθη
467 231 521 264 ἔξω
533 231 581 258 τοῦ
595 232 702 266 τείχους
717 240 724 247 ·
741 233 787 257 καὶ
805 231 842 262 ὡς
855 230 933 257 εῐωθε

144 279 277 307 πολλάκις
295 277 428 312 γίνεσθαι,
450 276 621 312 κοιμώμενος
637 277 684 303 καὶ
701 277 763 307 τοὺς
778 275 935 310 ὀφθαλμοὺς

144 325 337 360 ἠνεῳγμένους
356 324 435 359 ἔχων,
453 325 499 351 καὶ
515 323 664 358 στρουθίων
676 323 884 356 ἀφοδενσάντων
895 323 934 353 είς

143 373 209 404 ’τοὺς
226 370 384 406 ὀφθαλμοὺς
397 371 493 402 αὐτοῦ,
519 369 682 405 λευκώματα
705 369 866 404 πεποίηκεν.
882 367 936 395 Ἢν

144 419 175 445 δὲ
189 420 237 445 καὶ
252 419 281 444 ὲν
303 417 480 448 Ἐκϐατάνοις
514 417 583 450 κόρη
608 416 742 450 συγγενὴς
765 414 860 447 αὑτοῦ,
875 415 936 449 ἥτις

145 464 217 491 ἑπτὰ
236 463 335 498 ἄνδρας
358 462 489 494 λαθοῦσα,
519 462 566 488 καὶ
595 461 706 487 πάντων
737 460 789 486 ὑπὸ
809 460 936 495 δαίμονος

144 509 356 544 ἀναιρουμένων
370 509 424 542 πρὸ
437 507 483 534 τοῦ
497 507 599 542 γνῶναι
614 506 726 542 ταύτην,
744 505 856 541 ηὔξατο.
881 506 936 532 Καὶ

144 555 306 583 ἀπέστειλεν
321 555 389 589 αὐτῇ
402 553 498 589 βοηθὸν
510 554 525 580 ό
541 553 606 584 Θεὸς
618 552 662 579 τὸν
672 552 787 586 ἄγγελον
802 551 934 586 Ῥαφαήλ.

151 603 182 628 ‘0
206 600 252 628 οὖν
266 601 362 635 Τωϐὴτ
381 600 568 635 παραγγείλας
579 597 618 634 τῷ
631 597 681 632 υίῷ
698 597 780 624 αὐτοῦ
795 597 880 632 Τοὸίᾳ
899 597 936 632 μὴ

144 647 240 673 λαϐεῖν
256 645 406 680 ἀλλαχόθεν
430 645 548 679 γυναῖκα
564 644 588 669 εί
614 642 652 678 μὴ
664 644 696 668 ὲκ
713 643 761 677 τῆς
776 641 864 677 φυλῆς
890 642 936 668 καὶ

145 691 194 718 τοῦ
214 691 309 724 γένους
335 690 418 716 αὑτοῦ
444 690 514 716 κατὰ
540 688 587 715 τδν
612 688 705 722 νόμον,
735 688 843 714 δίδωσιν
862 687 937 722 αὐτῷ

145 735 332 770 χειρόγραφον
360 733 426 768 περὶ
453 733 592 760 ταλάντων
623 733 689 759 δέκα
713 733 825 767 χρυσίου
851 732 869 759 ἃ
889 733 936 760 καὶ

145 780 285 814 παρέθετο
297 781 324 805 ὲν
339 781 372 814 τῇ
390 780 494 814 Μηδία.
512 779 580 814 πρὸς
597 780 627 806 τὸ
645 779 774 806 ἀπελθεῖν
785 780 831 806 καὶ
844 779 936 806 λαϐεῖν

145 826 218 854 αὐτὰ
233 824 276 852 διὰ
286 824 398 861 τάχους.
414 825 468 850 Τοῦ
482 825 511 851 δὲ
529 825 624 857 παιδὸς
644 825 789 860 ζητοῦντος
816 825 935 852 συνοδοι-

145 872 232 907 πόρον
248 870 284 902 ὼς
297 870 347 906 τὴν
361 870 421 897 όδὸν
437 871 610 905 ἀγνοοῦντος,
632 871 756 906 εὑρίσκει
778 871 847 898 Θεοῦ
869 879 936 906 προ-

146 917 208 952 νοίᾳ
228 917 275 944 τὸν
303 916 420 951 ἄγγελον
449 916 572 953 Ῥαφαὴλ
587 917 625 949 ὡς
647 917 792 953 ἄνθρωπον
820 917 936 945 ἑστῶτα.

149 963 199 989 Ὃν
218 962 441 997 μισθωσάμενος,
474 962 575 989 εἰδέναι
592 961 642 998 τὴν
674 962 734 989 ὁδὸν
756 962 870 995 λέγοντα
891 963 939 989 καὶ

153 1009 284 1042 Ἀζαρίαν
299 1008 512 1044 ὀνομαζόμενον,
530 1009 669 1035 συνοδεύει
681 1009 781 1044 τούτῳ.
795 1009 849 1036 Καὶ
866 1008 938 1035 δελ-

147 1053 250 1080 θόντων
262 1054 352 1080 αὐτῶν
369 1054 410 1085 είς
426 1053 472 1080 τὸν
489 1054 612 1089 ποταμὸν
625 1054 736 1090 Τίγριν,
752 1055 799 1081 καὶ
813 1054 860 1081 τοῦ
872 1063 938 1081 παι-

146 1101 192 1132 ὃ³ις
206 1100 372 1132 εἰσελθόντος
390 1100 550 1134 λούσασθαι,
565 1101 612 1128 καὶ⁸
626 1101 718 1136 ἰχθύος
728 1100 803 1135 αὐτῷ
820 1100 938 1134 μεγάλου

148 1146 377 1181 ἐπιπηδήσαντος,
392 1143 470 1172 είπεν
494 1145 570 1180 αὑτῷ
582 1146 596 1172 6
616 1145 731 1179 ἄγγελος
759 1144 939 1172 ἐπιλαϐέσθαι

148 1191 197 1218 τοῦ
214 1191 306 1226 ίχθύος
322 1191 369 1218 καὶ
381 1191 477 1226 τεμεῖν
490 1190 574 1217 αὑτοῦ
600 1190 651 1225 τὴν
667 1190 801 1226 γαστέρα.
825 1191 873 1217 καὶ
889 1190 938 1217 λα-

149 1237 208 1264 ϐεῖν
221 1237 251 1264 τό
269 1246 299 1264 τε
311 1235 389 1273 ἧπαρ
402 1237 449 1264 καὶ
465 1236 515 1271 τὴν
530 1236 647 1272 καρδίαν
660 1237 707 1263 καὶ
720 1237 770 1272 τὴν
785 1236 877 1272 χολὴν,
892 1236 940 1263 καὶ

150 1283 308 1315 φυλάττειν.
319 1282 372 1308 Τοῦ
385 1282 413 1308 δὲ
425 1281 628 1317 πυνθανομένου
642 1282 673 1309 τὸ
684 1282 821 1318 χρήσιμον
835 1281 939 1314 αὐτῶν,

153 1338 163 1354 ι
177 1329 213 1354 Τὸ
223 1328 272 1364 μὲν
281 1326 369 1364 ἧπαρ,
379 1328 458 1363 φησὶ,
470 1328 518 1354 καὶ
533 1328 550 1364 ἡ
565 1327 663 1363 καρδία
678 1327 839 1362 θυμιώμενα
847 1326 940 1354 διώκει

149 1373 292 1408 δαίμονας,
308 1375 323 1407 ἡ
339 1373 366 1400 δὲ
385 1373 452 1408 χολὴ
463 1373 609 1409 καθαρίζει
628 1372 804 1407 λευκώματα.
823 1382 832 1398 ι
848 1370 941 1399 Εἷταδ

150 1420 202 1455 μὲν
219 1421 284 1451 παῖς
305 1420 438 1454 λαμϐάνει
456 1420 506 1455 τὴν
533 1421 566 1447 ὲκ
587 1419 635 1446 τοῦ
652 1419 749 1454 γένους
768 1419 852 1446 αὐτοῦ
872 1427 941 1454 προ-

150 1465 293 1501 λεχθεῐσαν
309 1466 395 1502 κόρην
406 1467 444 1498 εἰς
454 1468 584 1500 γυναῖκα,
595 1467 629 1501 τῇ
644 1465 795 1501 συμϐουλίᾳ
810 1467 859 1492 καὶ
873 1474 939 1492 συν-

152 1511 234 1547 εργίᾳ
245 1511 293 1538 τοῦ
315 1511 434 1546 ἀγγέλου
446 1511 607 1547 διωχθέντας
617 1510 666 1538 τοῦ
679 1511 800 1547 πονηροῦ
811 1511 939 1546 δαίμονος

150 1558 180 1584 ὲν
196 1557 233 1592 τῷ
252 1557 406 1593 θυμιὰμστι
423 1557 521 1592 τούτῳ.
536 1558 591 1584 Καὶ
615 1557 782 1592 ὑποστρέφει
796 1557 866 1592 μετὰ
891 1557 939 1584 τοῦ

151 1603 249 1635 παιδὸς
266 1605 312 1630 καὶ
344 1603 394 1638 τῆς
417 1603 547 1638 γυναικὸς
575 1603 657 1630 αὑτοῦ
686 1603 754 1638 πρὸς
774 1603 820 1629 τὸν
833 1603 940 1638 πατέρα

151 1650 266 1685 Τωόήτ·
282 1646 314 1677 οὗ
344 1651 406 1681 τοὺς
425 1649 582 1684 ὀφθαλμοὺς
608 1651 622 1676 ό
654 1651 720 1681 παῖς
747 1651 780 1685 τῇ
800 1649 865 1685 χολῇ
893 1649 940 1676 τοῦ

152 1696 243 1731 ἰχθύος
254 1695 411 1732 ἐπιχρίσας,
421 1697 468 1723 καὶ
482 1696 604 1730 παρευθὺ
620 1695 717 1730 Τωόὴτ
726 1695 939 1730 ἀναϐλέψαντος.

149 1742 325 1777 ἐφανέρωσεν
349 1742 446 1768 ἑαυτὸν
461 1742 475 1767 ὁ
498 1741 626 1775 ἄγγελος,
652 1741 693 1768 ὅτι
718 1740 769 1767 οὐκ
796 1740 941 1776 ἄνθρωπός

150 1788 237 1819 ἐστιν,
258 1787 327 1814 ἀλλὰ
353 1787 430 1822 παρὰ
455 1785 525 1812 Θεοῦ
551 1786 693 1820 ἀπεστάλη
719 1785 787 1820 πρὸς
811 1785 939 1821 βοήθειαν

986 232 1063 255 extra
1079 228 1179 255 muenia
1198 227 1332 254 dormiret
1355 226 1466 261 apertis,
1480 230 1510 252 ut
1533 232 1604 260 stepe
1619 225 1659 259 lit,
1677 227 1777 258 oculis,

986 281 1112 309 passeres
1138 274 1165 300 in
1184 273 1279 300 oculos
1296 272 1358 307 ejus
1375 277 1482 300 stercus
1503 270 1672 306 deiecerunt,
1692 279 1779 306 eoque

986 328 1053 347 casu
1073 320 1100 346 in
1127 319 1283 354 albuginem
1310 317 1415 345 ineidit.
1432 318 1497 345 Erat
1523 318 1670 345 Ecbatanis
1687 319 1778 352 puella

987 366 1074 400 ipsum
1100 365 1262 400 cognatione
1279 364 1435 399 attingens;
1478 371 1540 399 quae
1574 370 1636 390 eum
1677 363 1778 398 septies

987 411 1149 446 nupsisset,
1184 417 1354 445 sponsosque
1393 410 1516 444 singulos
1559 409 1638 444 192
1673 409 1778 436 daunon

987 458 1146 492 priusquam
1180 464 1237 483 rem
1265 463 1326 483 cum
1354 463 1457 490 sponsa
1483 457 1614 483 haberent
1642 460 1777 488 necasset,

987 502 1072 530 Deum
1088 502 1214 537 precibus
1230 501 1439 536 interpellabat;
1457 502 1535 536 isque
1548 501 1573 528 ei
1588 501 1691 528 emilio
1704 501 1779 528 misit

990 548 1116 583 angelum
1128 547 1308 583 Baphaelum.
1323 547 1471 575 Enimvero
1481 547 1582 574 Tobias
1597 547 1682 574 [ilium
1697 555 1778 574 suum

987 593 1111 621 hortatus
1129 602 1162 621 ne
1184 593 1293 620 aliunde
1309 599 1390 628 quam
1403 600 1436 620 ex
1462 598 1511 620 sua
1533 593 1618 627 stirpe
1639 598 1665 620 et
1679 600 1779 628 genere

987 647 1039 668 suo
1053 647 1164 667 uxorem
1179 639 1302 670 dueeret,
1327 639 1406 666 sicuti
1433 638 1473 665 lex
1491 638 1650 670 mandabat,
1667 646 1728 665 eum
1745 638 1778 666 ad

988 685 1134 720 repetenda
1152 692 1233 719 quam
1249 685 1366 719 primum
1391 684 1485 711 decent
1513 683 1624 716 talenta,
1648 690 1709 718 qua:
1723 684 1780 718 ipse

987 732 1125 767 quondam
1152 732 1180 758 in
1207 731 1294 758 Media
1323 731 1498 766 deposuerat,
1525 737 1588 756 cum
1626 730 1779 765 syngrapha

988 777 1083 803 mittit.
1103 775 1190 804 Filius
1205 776 1313 802 itineris
1327 776 1452 802 comitem
1469 782 1500 802 ae
1526 775 1623 802 ducem
1641 783 1778 810 qutcrens.

989 823 1062 858 quod
1075 823 1148 850 viam
1165 823 1316 858 ignoraret,
1335 822 1434 849 divime
1453 821 1632 856 provilentize
1649 822 1733 849 ductu
1751 822 1778 849 in

989 869 1159 904 Rapliaelum
1177 869 1274 896 incidit
1301 869 1353 896 sub
1373 869 1424 895 viri
1454 868 1546 903 specie
1574 868 1600 896 in
1629 867 1689 896 foro
1704 873 1780 897 stan-

990 919 1044 943 tem
1057 924 1065 949 ;
1079 916 1158 950 cujus
1173 915 1297 942 Azariam
1322 923 1352 942 se
1366 915 1534 942 nominantis
1551 919 1579 942 et
1594 915 1643 942 viae
1664 922 1694 942 se
1711 922 1780 949 gna-

990 970 1050 990 rum
1067 962 1220 997 proﬁtentis
1246 970 1327 996 opera
1350 962 1496 993 con-lucta,
1515 962 1567 988 iter
1579 970 1612 990 eo
1631 962 1779 989 comitatus

988 1007 1151 1043 ingreditur.
1177 1007 1244 1037 Cum
1263 1007 1296 1034 ad
1323 1006 1418 1042 Tigrin
1443 1007 1555 1034 ﬂuvium
1579 1007 1777 1042 pervenissent,

989 1062 1059 1090 puer
1080 1053 1187 1080 lavandi
1213 1061 1295 1080 causa
1325 1061 1423 1088 aquam
1451 1054 1593 1088 ingressus
1619 1055 1671 1086 est,
1698 1057 1780 1088 atque

989 1100 1085 1135 ingens
1101 1099 1137 1126 ibi
1162 1099 1248 1134 piscis
1264 1106 1326 1126 eum
1352 1098 1462 1126 invasit.
1488 1099 1554 1126 Eum
1572 1099 1665 1134 iussus
1683 1102 1724 1126 est
1745 1099 1780 1126 ab

990 1145 1086 1180 angelo
1107 1152 1218 1179 capere,
1237 1149 1263 1171 et
1279 1144 1400 1171 dissecto
1415 1148 1510 1171 ventre
1523 1144 1612 1179 jecur,
1631 1151 1680 1172 cor
1699 1149 1726 1172 et
1745 1144 1780 1172 fel

990 1191 1110 1218 eximere
1124 1198 1156 1218 ac
1173 1198 1296 1218 servare.
1309 1190 1429 1225 Angelus
1442 1190 1474 1217 ad
1495 1190 1559 1225 quid
1575 1198 1606 1218 ea
1619 1191 1781 1226 prodessent

991 1236 1189 1272 interrogatus,
1213 1237 1348 1271 jecinoris
1365 1241 1391 1263 et
1417 1237 1510 1264 cordis
1536 1237 1626 1264 sullltu
1643 1237 1782 1266 dzcmoues

990 1283 1062 1318 abigi
1079 1283 1234 1318 respondit,
1261 1283 1324 1310 felle
1339 1283 1484 1316 albugines
1507 1283 1575 1311 tolli.
1591 1283 1709 1311 Proinde
1723 1291 1782 1311 eam

991 1328 1025 1356 de
1036 1336 1090 1363 qua
1107 1329 1210 1356 dictum
1229 1333 1271 1356 est
1291 1329 1420 1364 puellam,
1444 1329 1675 1364 consanguineam
1692 1337 1781 1362 suam,

992 1373 1085 1402 Tobiae
1117 1374 1190 1403 illius
1217 1382 1328 1402 uxorem
1358 1374 1459 1407 duxit,
1493 1375 1581 1410 angeli
1613 1375 1730 1402 ennsilio
1755 1379 1783 1402 ct

991 1420 1106 1450 auxilio.
1120 1421 1193 1448 malo
1208 1421 1333 1448 daemone
1347 1420 1372 1448 vi
1390 1420 1450 1455 ejus
1475 1420 1583 1448 sumtus
1596 1420 1687 1456 fugato
1714 1429 1722 1454 ;
1740 1428 1784 1448 re—

991 1473 1142 1500 versusque
1164 1473 1227 1492 cum
1247 1466 1346 1494 comite
1373 1473 1424 1493 suo
1449 1470 1476 1493 et
1501 1473 1588 1494 uxore
1617 1466 1650 1494 ad
1668 1473 1784 1502 patrem,

992 1511 1088 1538 oculos
1112 1511 1172 1546 ejus
1194 1511 1256 1539 felle
1276 1511 1403 1546 inuugit;
1430 1519 1485 1546 quo
1500 1511 1572 1540 facto
1585 1520 1669 1540 senex
1694 1513 1783 1541 vismn

992 1557 1064 1585 illico
1082 1557 1194 1592 recepit.
1207 1556 1276 1583 Tum
1291 1558 1403 1591 angelus
1417 1564 1446 1584 se
1457 1557 1518 1592 quis
1532 1564 1603 1586 esset
1616 1559 1713 1593 aperit,
1729 1567 1783 1586 non

993 1602 1130 1630 hominem
1145 1610 1175 1629 se
1190 1610 1261 1633 esse,
1281 1602 1327 1630 sed
1342 1611 1357 1629 a
1378 1602 1433 1630 Deo
1449 1604 1561 1631 missum
1578 1603 1681 1632 docens
1696 1605 1784 1639 opitu-

992 1648 1076 1675 latum
1096 1649 1164 1683 ipsis
1176 1655 1205 1676 et
1217 1649 1313 1683 puellae
1328 1648 1414 1680 Serm,
1431 1648 1513 1684 idque
1533 1655 1645 1686 propter
1661 1650 1784 1684 ipsorum

991 1694 1131 1729 pietatem.
1145 1693 1223 1729 193
1235 1694 1262 1721 id
1273 1701 1382 1729 quoque
1396 1695 1464 1729 ipsis
1475 1695 1554 1729 dixit,
1568 1696 1640 1730 regis
1654 1703 1784 1723 arcanum

991 1746 1069 1768 recte
1097 1741 1160 1775 tegi,
1187 1742 1235 1769 sed
1266 1741 1337 1770 facta
1361 1741 1408 1769 Dei
1430 1742 1580 1777 praedicare
1604 1742 1784 1770 honoriﬁcum

991 1794 1064 1814 esse.

151 1833 242 1864 αὐτοῖς
258 1841 286 1859 τε
301 1833 349 1859 καὶ
363 1835 396 1867 τῇ
411 1832 481 1868 κόρῃ
499 1832 593 1868 Σάρῤςι
610 1832 656 1858 διὰ
670 1832 720 1865 τὴν
737 1832 827 1859 αὐτῶν
856 1832 1008 1865 εὑσέσειαν,
1024 1833 1112 1867 λέγων
1132 1833 1200 1868 πρὸς
1220 1833 1328 1866 αὐτούς·
1353 1842 1362 1860 ι
1379 1834 1538 1870 Μυστὴριον
1558 1834 1690 1870 βασιλέως
1720 1835 1786 1870 κρύ-

151 1889 230 1907 πτειν
245 1880 337 1910 καλὸν,
351 1880 384 1906 τὰ
400 1880 427 1906 δὲ
443 1879 513 1916 ἔργα
538 1880 586 1906 τοῦ
606 1879 710 1915 Κυρίου
739 1881 870 1914 ἀνυμνεῖν
895 1880 1020 1912 ἐνδόξως.
1035 1889 1044 1905 ι

204 1928 256 1954 lini.
274 1927 372 1953 τούτου
393 1927 441 1953 καὶ
457 1927 600 1962 ἄνθρωπός
621 1935 664 1958 τις
681 1927 846 1962 ἐγνωρίζετο
860 1928 890 1954 ὲν
904 1928 943 1962 τῷ

159 1974 267 2010 Ἰσραὴλ
290 1974 419 2005 πλούσιος
447 1974 495 2000 καὶ
514 1973 685 2008 ἀνελεήμων,
709 1973 739 2005 ὃς
766 1973 852 2000 ἐλθὼν
874 1974 943 2008 πρός

151 2029 214 2047 τινα
227 2021 284 2046 τῶν
311 2020 483 2046 διδασκάλων
511 2020 559 2046 καὶ
583 2019 739 2052 ἀναπτύξας
767 2019 816 2055 τὴν
846 2020 944 2054 σοφίαν

152 2066 328 2100 Σολομῶντος
340 2062 419 2100 εὗρεν
428 2065 519 2097 εὐθύς·
537 2074 547 2092 ι
571 2065 601 2092 '0
611 2065 695 2092 ἐλεῶν
706 2066 813 2101 πτωχὸν
826 2065 943 2097 δανείζει

151 2111 223 2146 Θεῷ.
245 2121 254 2137 ι
277 2111 332 2138 Καὶ
348 2112 388 2143 εἰς
418 2111 515 2138 ἑαυτὸν
535 2111 682 2146 γενόμενος
709 2112 756 2138 καὶ
776 2111 943 2145 κατανυγεὶς

151 2157 278 2185 ἀπελθὼν
292 2158 419 2193 πέπρακε
433 2159 523 2185 πάντα
535 2158 584 2185 καὶ
603 2157 722 2194 διένειμε
739 2159 868 2193 πτωχοῖς,
888 2167 940 2193 μη-

1027 1927 1128 1955 Eodem
1147 1932 1268 1963 tempore
1292 1927 1334 1954 vir
1358 1927 1469 1963 quidam
1488 1929 1514 1956 in
1536 1929 1639 1964 populo
1658 1929 1786 1958 lsraelicn

990 1973 1193 2006 celebrabatur,
1215 1973 1292 2001 dives
1318 1978 1345 2001 et
1370 1973 1548 2002 inhumanus.
1566 1975 1589 2002 Is
1613 1982 1674 2002 cum
1692 1984 1787 2011 quem-

990 2019 1054 2046 dam
1080 2020 1222 2047 doctorem
1250 2019 1438 2053 convenisset,
1465 2020 1621 2056 librumque
1645 2023 1787 2056 sapientia:

993 2065 1151 2093 Solomonis
1169 2066 1336 2101 aperuisset,
1355 2066 1446 2102 primo
1464 2067 1561 2094 obtutu
1585 2068 1610 2094 in
1628 2067 1685 2095 haec
1704 2070 1786 2097 verba

992 2111 1098 2144 incidit,
1119 2121 1129 2138 ‹
1148 2112 1200 2146 Qui
1215 2113 1365 2140 miseratur
1387 2120 1546 2148 pauperem,
1565 2113 1588 2140 is
1605 2113 1660 2141 Deo
1680 2115 1788 2142 tenera.

993 2163 1047 2185 tur.
1067 2168 1076 2184 ι
1092 2159 1186 2194 Itaque
1207 2159 1234 2185 in
1251 2166 1280 2186 se
1295 2158 1467 2186 descendens
1483 2164 1510 2186 et
1525 2165 1706 2194 compunctus
1724 2161 1786 2187 ani-

151 2204 197 2231 δὲν
209 2204 299 2239 ἑαυτῷ
316 2204 484 2240 καταλείψας
508 2205 578 2240 πλὴν
601 2205 778 2240 νομισμάτων
802 2205 860 2232 δύο.
884 2205 939 2232 Καὶ

993 2211 1080 2238 mum,
1102 2193 1245 2240 digressus
1273 2204 1366 2231 omnia
1390 2211 1440 2231 sua
1463 2193 1595 2238 vendidit,
1613 2213 1644 2231 ac
1668 2206 1785 2240 pretimu

154 2250 316 2285 πτωχεύσας
341 2252 414 2278 πάνυ
439 2252 486 2278 καὶ
507 2251 560 2278 ὑπὸ
581 2250 695 2286 μηδενὸς
715 2251 748 2277 ὲκ
768 2250 843 2282 θείας
871 2251 943 2278 δοκι-

155 2297 257 2331 μασίας
273 2296 434 2332 ἐλεούμενος
451 2296 565 2332 ὕστερον
587 2298 617 2324 ὲν
630 2296 719 2331 ἑαυτῷ
744 2296 819 2331 λέγει
846 2304 944 2332 μικρο-

153 2341 290 2376 ψυχήσας.
308 2351 317 2368 ι
342 2342 544 2373 Ἀπελεύσομαι
566 2341 608 2378 [Ρ.
628 2341 689 2378 HO]
707 2343 736 2369 ὲν
765 2341 944 2377 Ἰερουσαλὴμ

154 2387 203 2414 καὶ
216 2387 409 2424 διακρινοῦμαι
425 2388 465 2423 τῷ
479 2388 538 2423 Θεῷ
551 2396 602 2423 μου
619 2389 660 2414 ὅτι
673 2387 810 2422 ὲπλάνησέ
836 2395 870 2422 με
883 2385 943 2413 δια-

156 2435 305 2470 σκορπισαι
323 2436 357 2462 τὰ
381 2435 538 2471 ὑπάρχοντά
550 2443 613 2470 μου.
628 2444 636 2460 i
657 2434 844 2470 Πορευομένου
858 2433 885 2460 δὲ
900 2433 946 2459 ati-

155 2482 215 2513 τοῦ,
231 2480 302 2508 εἶδεν
321 2482 420 2517 ἄνδρας
437 2481 485 2508 δύο
514 2482 686 2516 μαχομένους
716 2480 783 2516 πρὸς
801 2480 942 2514 ἀλλήλους,

155 2528 285 2562 εὑρόντας
303 2527 376 2553 λίθον
387 2527 489 2561 τίμιον.
505 2527 560 2553 Καὶ
572 2527 638 2561 φησὶ
649 2526 717 2561 πρὸς
729 2526 841 2556 αὐτούς·
857 2534 866 2549 ι
882 2525 943 2551 Ἶνα

155 2573 193 2605 τί,
212 2573 335 2606 ἀδελφοῖ,
353 2571 493 2607 μάχεσθε;
513 2572 577 2597 Δότε
608 2579 653 2606 μοι
677 2571 770 2603 αὑτὸν,
786 2571 833 2597 καὶ
847 2569 943 2597 λάϐετε

155 2617 311 2653 νομίσματα
326 2617 382 2644 δύο.
405 2627 414 2644 ι
432 2617 492 2643 Τῶν
511 2617 539 2643 δὲ
557 2617 626 2652 μετὰ
638 2617 725 2652 χαρᾶς
744 2616 838 2642 τοῦτον
852 2623 944 2650 παρα-

156 2666 275 2699 σχόντων
291 2664 331 2700 (οὐ
348 2667 403 2700 γὰρ
417 2664 517 2700 ᾔδεσαν
540 2664 588 2690 τοῦ
613 2664 689 2690 λίθου
716 2663 746 2689 τὸ
772 2663 944 2699 ὑπερτίμιον)

155 2709 277 2744 ἀπῆλθεν
291 2710 330 2740 εἰς
353 2708 542 2744 Ἰερουσαλὴμ,
559 2709 604 2735 τὸν
633 2708 706 2735 λίθον
735 2709 943 2742 ἐπιφερόμενος.

156 2755 212 2782 Καὶ
232 2755 321 2787 δείξας
343 2756 424 2782 αὑτὸν
449 2755 602 2791 χρυσοχόῳ,
623 2755 794 2791 παραχρῆμα
810 2755 856 2782 τὸν
872 2755 946 2783 λίθον

157 2802 260 2832 ἐκεῖνος
289 2801 350 2828 ἰδὼν
372 2801 494 2833 ἀναστὰς
509 2801 710 2837 προσεκύνησε,
731 2801 780 2827 καὶ
809 2800 946 2836 ἑκθαμὸος

156 2848 303 2883 γενόμενος
314 2848 490 2882 ἐπυνθάνετο,
507 2858 516 2875 ι
534 2848 590 2875 Ποῦ
602 2848 647 2875 τὸν
668 2848 828 2884 πολύτιμον.
846 2847 944 2882 λέγων,

995 2249 1066 2276 inter
1098 2257 1200 2285 egenos
1230 2249 1393 2282 distribuit,
1418 2250 1488 2276 nihil
1519 2250 1569 2277 sibi
1594 2256 1692 2285 pra-ter
1717 2251 1787 2279 duos

995 2303 1122 2323 nummos
1157 2303 1313 2323 reservans.
1345 2296 1384 2322 Ita
1423 2296 1456 2322 ad
1490 2304 1626 2323 summam
1659 2297 1787 2325 redactus

995 2344 1198 2375 paupertatem,
1227 2348 1289 2368 cum
1316 2340 1383 2374 (Deo
1413 2341 1450 2368 ita
1473 2341 1631 2376 ordinante,
1659 2343 1697 2369 uti
1724 2351 1786 2370 eum

995 2387 1137 2422 probaret)
1154 2395 1235 2414 nemo
1253 2387 1341 2423 ipsius
1364 2387 1553 2421 misereretur,
1570 2388 1678 2416 tandem
1695 2390 1787 2417 animo

995 2432 1083 2460 fracto
1103 2440 1195 2461 secum
1217 2433 1316 2461 statuit
1334 2433 1372 2460 ire
1390 2431 1588 2468 Hierosolyma,
1607 2439 1634 2461 et
1655 2443 1716 2462 cum
1732 2435 1787 2464 Deo

997 2485 1048 2505 suo
1065 2478 1232 2514 disceptare,
1249 2479 1296 2514 qui
1312 2486 1341 2506 se
1357 2478 1390 2506 ad
1411 2478 1482 2506 bona
1499 2485 1550 2506 sua
1567 2479 1724 2515 dissipanda
1741 2490 1788 2516 per

996 2524 1133 2552 fallaciam
1149 2525 1315 2552 induxisset.
1333 2525 1361 2552 in
1378 2532 1410 2552 eo
1429 2525 1527 2553 itinere
1542 2525 1616 2554 videt
1631 2527 1705 2555 viros
1718 2529 1788 2558 duos

996 2571 1205 2607 depugnantes,
1229 2571 1276 2607 qui
1304 2571 1420 2607 lapidem
1445 2572 1593 2607 pretiosum
1615 2574 1788 2604 invenerant.

995 2617 1050 2646 Eos
1060 2619 1096 2645 ita
1108 2619 1206 2646 allatur
1221 2627 1227 2646 :
1243 2628 1252 2644 ι
1263 2618 1345 2652 Quid,
1358 2618 1467 2651 fratres,
1477 2619 1622 2655 pugnatis?
1638 2620 1703 2649 Date
1722 2621 1788 2649 mihi

996 2662 1125 2698 lapidem,
1144 2671 1176 2690 ac
1199 2670 1249 2690 vos
1271 2671 1322 2698 pro
1342 2670 1375 2691 eo
1399 2663 1468 2691 duos
1485 2671 1614 2692 nummos
1630 2665 1756 2701 accipite.
1776 2675 1786 2693 ι

996 2709 1074 2743 Quod
1102 2710 1157 2741 illi,
1183 2716 1252 2744 quos
1282 2710 1377 2745 ingens
1404 2710 1504 2746 lapidis
1527 2711 1643 2745 pretium
1670 2712 1787 2744 latebat,

996 2757 1162 2791 perlibenter
1188 2756 1288 2784 fecere.
1313 2755 1392 2784 Venit
1414 2765 1480 2793 ergo
1502 2757 1554 2784 iste
1579 2757 1766 2792 Hierosolyma
1780 2777 1788 2790 ,

996 2801 1114 2836 lapidem
1133 2809 1225 2829 secum
1243 2806 1364 2837 gestans,
1381 2810 1498 2838 cumque
1515 2803 1620 2830 aurilici
1643 2809 1787 2831 monstrat.

997 2846 1049 2880 Qui
1065 2847 1239 2883 simulatque
1263 2848 1380 2883 lapidem
1406 2849 1559 2882 conspexit,
1577 2848 1713 2878 adoravit,
1732 2854 1789 2876 stu-
