1990 3160
111 153 166 186 233

109 255 148 285 ὧν
173 256 223 291 τὴν
243 254 352 291 γραφὴν
377 254 457 289 μόνος
478 253 578 289 Δανιὴλ
603 253 788 288 ἡρμήνευσεν.
821 250 900 285 Ἔχει

108 305 137 332 δὲ
148 303 246 335 οὕτως’
265 301 337 329 Μανί
347 309 354 316 ·
364 301 378 328 ϐ
392 302 478 334 ἐστιν,
495 300 665 336 Ἐμέτρησεν
678 300 691 326 ὁ
707 298 773 330 Θεὸς
789 298 838 333 τὴν
855 297 900 332 βα-

110 349 213 377 σιλείαν
230 358 277 375 σου
287 348 334 375 καὶ
345 347 504 383 ἐπλήρωσεν
522 346 617 381 αὑτήν.
634 344 721 372 Θεκέ).
733 353 739 359 ·
753 344 808 371 Καὶ
823 343 903 370 ἐστά-

109 395 216 431 θμησεν
230 396 260 422 ὲν
280 393 355 429 ζυγῷ
374 394 422 421 καὶ
436 392 535 429 εὑρέθη
556 391 718 426 ὑστεροῦσα,
736 389 824 425 Φαρές
835 397 842 405 ·
857 390 900 415 Δι-

658 148 929 181 ΗΙΞΤΟΒΙΛΒΗΜ
950 124 1214 178 commntust.

110 209 181 239 εἶδεν
194 208 338 245 ἀνθρώπου
355 207 504 239 δακτύλους
525 205 682 242 γράφοντας
702 206 731 232 ἐν
743 205 781 240 τῷ
793 204 875 240 τοίχῳ
888 211 894 219 ·
916 211 935 234 Α
951 204 1042 230 habet.
1068 201 1139 229 Mani
1167 210 1174 228 ε

1689 145 1745 178 234

1199 201 1251 228 hoc
1273 204 1316 228 est
1342 199 1425 233 Deus,
1445 201 1585 229 dimensus
1601 205 1644 229 est
1667 205 1744 229 tuum

953 255 1077 283 regnum,
1092 247 1174 282 idque
1188 246 1317 274 absolvit.
1336 245 1436 273 Thecel
1454 255 1461 273 :
1478 246 1505 273 in
1521 246 1625 274 trutina
1641 250 1745 274 exami-

953 293 1040 324 navit,
1061 300 1094 319 ac
1114 288 1315 327 deprehensum
1339 295 1383 319 est
1407 291 1433 318 id
1457 291 1584 320 deﬁcere.
1604 292 1710 320 Phares
1735 301 1744 320 :

951 338 1105 366 abscissum
1117 342 1159 365 est
1171 345 1284 373 regnum
1297 343 1372 364 tuum
1391 336 1531 373 Medisque
1543 343 1569 365 et
1578 337 1670 365 Persis
1688 343 1747 365 tra-

951 385 1048 412 (litum.
1057 383 1148 418 Atque
1156 390 1188 410 ea
1203 383 1262 417 ipsa
1275 387 1355 410 nocte
1365 382 1525 411 interfectus
1535 388 1578 411 est
1591 383 1745 410 Balthasar.

108 429 211 478 ᾕρηται
223 442 239 477 ὴ
252 440 375 476 βασιλεία
387 449 434 467 σου
451 440 498 467 καὶ
508 439 586 475 ἐδόθη
598 438 698 474 Μήδοις
710 438 758 465 καὶ
770 437 898 473 Πέρσαις.
922 432 977 460 Καὶ
993 432 1021 458 ὲν
1038 431 1107 466 αὐτῇ
1122 431 1156 466 τῇ
1172 429 1251 457 νυκτὶ
1266 430 1419 478 ἀναιρεῖται
1431 429 1586 467 Βαλτάσαρ.

145 489 418 525 Δίχμαλωτισθείσης
446 488 496 522 τῆς
535 486 714 523 Ἰερουσαλὴμ
751 485 902 521 Ἱερεμίας,

109 536 199 562 καίτοι
228 534 314 561 πολλὰ
344 533 420 568 παρὰ
448 533 504 559 τῶν
533 532 677 559 Χαλδαίων
704 529 900 565 ἀναγκασθεὶς,

109 581 256 616 ᾑρετίσατο
270 579 370 614 μᾶλλον
381 579 451 613 μετὰ
461 579 516 606 τῶν
527 578 766 613 καταλειφθέντων
776 576 901 611 πενήτων

110 627 299 662 ὲναπομεῖναι.
323 626 378 652 Καὶ
400 626 437 657 ὡς
462 625 544 652 αὑτὸν
564 625 604 656 είς
625 625 670 651 τὸν
693 624 822 659 βόρϐορον
844 621 900 658 (9|)

111 672 236 705 ἑϐαλλον,
261 670 423 706 πολύστιχον
450 670 553 706 βιϐλίον
580 670 720 703 συνέταξε.
739 668 817 696 Κατὰ
838 667 902 699 τοὺς

113 718 226 753 καιροὺς
247 719 368 749 ἐκείνους
395 718 442 743 καὶ
468 716 598 751 Ἰεζεκιὴλ
619 717 634 743 ό
660 716 799 746 θειότατος
820 714 903 749 αἰχμ-

110 764 215 796 άυωτος
226 763 364 799 ἀναχθεὶς,
374 764 420 790 ἐπὶ
429 764 476 790 τοῦ
492 762 615 797 ποταμοῦ
629 761 720 797 λαχὼν
734 760 782 787 τοῦ
796 760 900 794 Χοϐἁρ,

110 810 305 845 διανοιγέντων
328 810 402 845 αὑτῷ
424 809 479 837 τῶν
496 808 630 844 οὐρανῶν,
648 807 701 834 εἶδε
723 807 802 840 δόξαν
821 806 901 839 Θεοῦ,

112 856 223 891 πνεῦμα
237 856 385 891 ἐρχόμενον
400 855 455 882 ἀπὸ
470 854 566 891 βορῤἇ.
579 854 628 881 καὶ
645 853 760 889 νεφέλην
772 854 801 880 ἐν
812 853 897 888 αὐτῷ,

111 903 161 929 καὶ
187 903 287 936 φέγγος
307 901 450 935 κυκλόθεν,
477 902 527 935 τὴν
549 901 652 936 Τριάδα
684 898 898 934 φανταζόμενος.

117 948 194 974 Ἐκεῖ
206 949 253 974 καὶ
269 947 324 973 τῶν
336 947 471 982 χερουϐὶμ
487 944 557 972 εἶδεν
572 946 759 978 ὑποτύπωσιν,
771 948 799 972 ὲν
813 953 900 980 προτ-

110 991 181 1026 ώπῳ
207 990 350 1026 ἀνθρώπου
373 989 421 1016 καὶ
445 989 547 1024 μόσχου
569 989 615 1016 καὶ
635 989 741 1021 λέοντος
758 989 804 1016 καὶ
821 988 900 1016 ἀετοῦ

111 1035 353 1070 ὑποτυπουμένην.
378 1033 522 1069 ’Υπεράνω
541 1033 568 1059 δὲ
582 1033 695 1065 τούτων,
713 1032 751 1064 ὡς
768 1030 838 1063 εἶδος
853 1033 901 1058 ἀν-

111 1083 236 1118 θρώπου,
249 1082 295 1108 τὸν
306 1081 372 1107 Θεὸν
386 1080 528 1115 ἄνθρωπον
540 1079 611 1113 ὀρῶν
622 1079 654 1105 δι’
663 1079 746 1105 αὑτοῦ
758 1078 901 1114 προφήτης

989 478 1188 514 llierOsolymis
1202 478 1288 512 captis
1298 476 1443 511 Jeremias,
1459 479 1565 506 tametsi
1583 485 1645 506 eum
1662 478 1748 506 vehe-

953 530 1060 554 menter
1076 529 1205 560 urgerent
1218 523 1350 556 Chaldaei,
1365 527 1455 550 tamen
1472 523 1591 557 pra-tulit
1614 523 1650 550 ibi
1683 531 1746 551 cum

953 571 1056 599 relictis
1072 571 1166 606 egenis
1183 577 1352 606 permanere.
1370 568 1494 604 Cumque
1504 573 1578 596 esset
1592 569 1619 597 in
1638 571 1748 606 voragi-

953 625 1015 646 nem
1031 617 1166 653 ahjectus,
1178 623 1306 651 magnum
1325 615 1425 643 librum
1443 616 1608 650 composuit.
1628 616 1665 643 Eo
1682 623 1750 643 tem-

954 672 1021 702 pore
1037 665 1118 691 etiam
1141 663 1331 691 divinissimus
1357 661 1517 689 Ezechielus
1542 663 1668 697 captivus
1697 663 1749 690 ah-

954 712 1066 745 ductus,
1093 720 1155 738 cum
1177 712 1209 738 ad
1229 710 1341 738 fluvium
1357 709 1509 737 Chobarem
1528 709 1650 744 degeret,
1671 710 1750 737 caelis

956 758 1009 794 ipsi
1030 758 1132 793 apertis
1159 757 1329 792 tnajcstatem
1346 755 1393 783 Dei
1411 755 1487 786 vidit.
1500 761 1612 782 ventum
1629 763 1644 783 a
1663 755 1749 783 Borea

956 805 1038 840 200
1053 805 1221 836 venientem,
1233 803 1389 837 nubemque
1404 802 1430 828 in
1444 808 1477 829 eo
1490 805 1517 829 et
1530 801 1704 837 splendorem
1723 803 1750 830 in

954 852 1047 878 orbem
1061 849 1268 878 c'rcumfusum.
1282 848 1343 882 Quo
1360 849 1420 877 viso
1439 847 1601 876 Trinitatem
1616 851 1659 876 est
1680 848 1750 875 ima-

952 897 1113 933 ginatusti
1125 900 1151 923 et
1160 896 1378 923 Cherubinorum
1391 895 1459 923 vidit
1468 895 1751 933 repratsentationem,

951 945 978 972 in
994 943 1081 970 forma
1098 942 1229 975 hominis,
1246 942 1335 975 vituli,
1348 942 1435 969 leonis
1447 945 1474 969 et
1489 942 1598 976 aquilat,
1613 949 1645 969 ae
1662 939 1752 976 supra'

952 987 1002 1014 hos
1011 986 1156 1022 quemdam
1165 986 1285 1013 humana
1295 986 1397 1021 specie.
1408 986 1538 1013 nimirum
1550 985 1634 1014 Deum
1644 987 1688 1022 qui
1701 986 1751 1014 lin-

953 1039 1060 1059 manant
1073 1036 1200 1058 naturam
1216 1031 1315 1063 induit.
1331 1039 1458 1062 cernens,
1471 1031 1517 1066 qui
1535 1040 1596 1058 enm
1610 1032 1748 1061 lsraelicis

953 1084 1042 1105 vatem
1062 1077 1205 1105 constituit
1216 1077 1428 1113 futurorumque
1451 1078 1603 1114 cognitioni
1618 1079 1737 1107 initiavit

109 1130 159 1156 τοῦ
183 1128 289 1164 Ἰσραὴλ
304 1128 433 1162 κατέστη,
451 1127 499 1153 καὶ
512 1127 565 1153 τῶν
582 1125 719 1161 ἐσομένων
732 1125 781 1160 τὴν
793 1124 893 1159 γνῶσιν
907 1123 1034 1152 ὶντεῦϐεν
1049 1123 1313 1160 μεμυσταγώγηται.

152 1175 229 1202 Μετὰ
260 1175 287 1201 δὲ
314 1174 442 1209 Ίωακεὶμ
476 1173 650 1200 ἐϐασίλευσεν
685 1172 815 1208 Ἰεχονίας
848 1171 905 1203 υἱὸς

111 1221 208 1254 αἰτοῦ,
226 1222 239 1248 ὸ
255 1221 301 1247 καὶ
319 1220 456 1255 Ίωακεὶμ,
477 1219 521 1246 διὰ
536 1219 745 1254 προστάγματος
760 1217 901 1253 Ναϐουχο-

113 1268 239 1302 δονόσορ.
254 1266 309 1293 Καὶ
328 1266 438 1300 ἐποίησε
463 1267 494 1293 τὸ
509 1267 627 1302 πονηρὴν
647 1264 763 1291 ἐνώπιον
789 1264 902 1299 Κυρίου.

114 1314 173 1340 Καὶ
188 1312 252 1346 περὶ
267 1312 330 1343 τοὺς
353 1310 452 1346 φόρους
466 1310 712 1345 ἁγνωμονήσαντος
726 1307 808 1335 αὑτοῦ
823 1306 905 1342 ἦλθεν

114 1357 195 1390 αὖθις
216 1357 454 1393 Ναϐουχοδονόσορ
479 1357 519 1389 εἰς
541 1356 590 1392 τὴν
611 1355 689 1382 πόλιν
712 1354 901 1390 Ἰερουσαλὴμ,

112 1407 162 1432 καὶ
186 1403 228 1440 [Ρ.
246 1403 308 1439 114]
331 1402 488 1438 ὲπολιθῖρκει
513 1402 608 1438 αὑτήν.
633 1401 703 1436 Πρὸς
719 1400 749 1427 ὃν
775 1399 903 1435 Ἰεχονίας

989 1170 1054 1199 Post
1072 1171 1225 1198 Joacimum
1244 1170 1391 1200 Jechonias
1410 1170 1481 1199 filius
1498 1171 1569 1206 ejus,
1584 1172 1628 1199 cui
1646 1178 1672 1200 et
1684 1172 1733 1200 Joa

955 1218 1048 1245 ehimo
1063 1226 1162 1246 nomen
1182 1218 1242 1251 fuit,
1252 1219 1332 1254 jussu
1347 1219 1625 1247 Nabuchmlonosoris
1635 1228 1749 1255 regnum

958 1264 1075 1298 accepit.
1090 1264 1166 1291 Vixit
1184 1269 1210 1292 ct
1227 1265 1285 1299 ipse
1300 1265 1391 1300 impie,
1408 1268 1435 1292 et
1461 1265 1593 1292 tributum
1609 1266 1681 1292 mala
1698 1266 1751 1294 fide

954 1309 1097 1344 persolvit.
1116 1309 1266 1345 Eapropter
1293 1310 1328 1337 ad
1358 1309 1547 1346 Hierosolyma
1566 1318 1661 1338 rursus
1685 1319 1750 1338 cum

956 1356 1077 1383 exercitu
1094 1355 1348 1384 Nabuchodonosor
1365 1357 1484 1384 accessit
1507 1356 1659 1392 urbemque
1671 1357 1752 1385 obsc-

957 1399 1008 1427 dit.
1023 1399 1140 1427 Exiitad
1164 1408 1226 1428 eum
1242 1400 1390 1429 Jechonias
1412 1403 1473 1428 cuin
1487 1405 1585 1434 matre,
1606 1401 1700 1429 liberis
1725 1412 1752 1440 (ιι

113 1449 210 1482 ἐξήλυε
225 1449 274 1475 σὺν
290 1448 374 1484 μητρὶ
390 1447 437 1474 καὶ
448 1447 554 1478 τέκνοις
568 1446 615 1472 καὶ
635 1447 692 1476 τοῖς
708 1445 840 1480 ἄρχουσιν
855 1444 904 1470 αὒ-

958 1446 1138 1481 primoribus.
1151 1446 1183 1473 Et
1197 1448 1243 1482 qui
1258 1452 1336 1474 erant
1349 1450 1419 1482 apud
1439 1446 1750 1481 Nabuchodonosoretn,

112 1495 177 1521 τοῦ.
207 1494 260 1521 Καὶ
283 1492 408 1528 εἰσῆλθον
429 1492 453 1518 οἱ
483 1492 645 1526 μεγιστᾶνες
669 1490 906 1526 Ναϐουχοδονόσορ

113 1540 158 1572 αις
167 1539 216 1575 τὴν
227 1539 316 1570 πόλιν,
328 1538 374 1565 καὶ
386 1538 536 1574 ἐξήνεγκαν
551 1537 613 1569 τοὺς
629 1537 783 1572 θησαυροὺς
799 1535 903 1572 Κυρίου

114 1588 165 1614 καὶ
183 1586 230 1613 τοῦ
255 1585 388 1621 βασιλέως
422 1585 469 1611 καὶ
489 1584 523 1611 τὰ
542 1583 632 1619 χρυσᾶ
654 1583 739 1618 σκεύη
761 1582 779 1609 ἃ.
795 1582 906 1618 ἐποίησε

116 1630 246 1666 Σολομὼν
275 1632 304 1656 ἐν
336 1629 393 1664 ναῷ
423 1628 536 1664 Κυρίου.
565 1629 617 1654 Τὺν
637 1628 665 1655 δὲ
689 1627 818 1654 Σεδεκίαν
846 1628 907 1654 ἀντὶ

123 1677 250 1712 Ἰεχονίου
275 1675 461 1710 καταστήσας,
478 1673 618 1710 ἀπῴκισεν
648 1673 776 1708 Ἰεχονίαν
790 1674 830 1705 εἰς
852 1673 906 1699 Βα-

115 1721 226 1750 ϐυλῶνα
241 1721 288 1747 καὶ
304 1720 353 1756 τὴν
376 1720 482 1755 μητέρα
504 1719 551 1746 καὶ
572 1719 636 1750 τοὺς
661 1719 796 1753 ἄρχοντας
811 1717 905 1748 αὑτοῦ,

117 1768 318 1805 βασιλεύσαντα
335 1767 423 1802 μῆνας
432 1767 517 1800 τρεῖς.
535 1766 602 1800 Περὶ
613 1762 644 1792 οὗ
663 1764 744 1791 π.ιλιν
771 1763 906 1799 Ἱερεμίας

115 1816 222 1849 ἔλεγεν·
241 1823 251 1840 ‹
267 1812 406 1848 Ἠτιμώθη
426 1811 552 1848 Ἰεχονίας
567 1811 604 1842 ὠς
617 1810 712 1842 σκεῦος
727 1807 757 1837 οὗ
771 1810 822 1836 οὐκ
832 1811 906 1836 ἐστιν

115 1862 209 1897 χμία,
235 1861 277 1888 ὅτι
300 1861 441 1896 ἀπερρίφη
457 1860 504 1886 καὶ
525 1858 656 1894 ἐξεϐλήθη
672 1859 712 1889 εἰς
730 1859 791 1893 γῆν,
810 1857 842 1892 ἣν
857 1857 907 1883 οὐκ

117 1908 189 1943 ᾔδει,
203 1907 277 1941 λέγει
299 1906 413 1942 Κύριος.
431 1905 480 1940 Γῆ,
493 1906 541 1939 γῆ,
559 1905 675 1931 ἄκουσον
698 1904 777 1938 λόγον
792 1903 905 1938 Κυρίου·

116 1953 225 1987 γράψον
238 1953 285 1979 τδν
299 1952 384 1986 ἄνδρα
401 1950 496 1978 τοῦτον
510 1951 682 1986 ὲκκήρυκτον
698 1949 854 1985 ἄνθρωπον,
867 1948 908 1975 ὅτι

115 2001 148 2027 οὐ
167 2002 205 2035 μὴ
219 1999 321 2034 αὐξηθῇ
339 2000 371 2025 ὲκ
387 1998 434 2025 τοῦ
458 1997 617 2033 σπέρματος
640 1995 722 2023 αὑτοῦ
739 1995 810 2030 ἀνὴρ
840 1994 907 2021 καθ-

116 2047 219 2081 Δίξμενος
235 2047 280 2073 ἐπὶ
295 2045 392 2081 θρόνου
409 2044 501 2077 Δαϐὶδ,
524 2044 616 2079 ἄρχων
631 2042 671 2069 ἔτι
692 2043 722 2069 ὲν
735 2041 774 2076 τῷ
792 2041 904 2076 Ἰούδᾳ.»

116 2093 195 2120 Μετὰ
202 2092 230 2119 δὲ
244 2092 371 2126 Ἰεχονίαν
383 2089 557 2117 ἐϐασίλευσεν
568 2088 706 2120 Σεδεκίας,
718 2087 906 2123 πατράδελφος

118 2137 213 2170 αὐτοῦ,
238 2138 285 2164 καὶ
310 2137 421 2172 ἐποίησε
451 2135 482 2162 τὺ
511 2134 627 2169 πονηρὸν
655 2133 769 2161 ἐνώπιον
797 2133 910 2168 Κυρίου.

117 2185 172 2212 Καὶ
187 2184 251 2219 περὶ
272 2185 321 2218 τὴν
337 2182 496 2218 φορολογίαν
518 2181 649 2212 ὡσαύτως
666 2180 911 2216 παρασπονδήσαν-

116 2238 164 2261 eo;
188 2229 270 2256 αὑτοῦ
284 2227 350 2264 ἦ).οε
379 2227 461 2255 πάλιν
483 2225 718 2261 Ναϐουχοδονόσορ
741 2225 781 2257 εἰς
808 2225 910 2261 Ἰερουο

121 2275 224 2310 σαλὴμ,
243 2276 289 2301 καὶ
305 2274 460 2309 ἐπολιόρκει
476 2272 562 2301 αὐτὴν
584 2271 631 2306 ἐτη
652 2270 708 2297 δύο.
732 2272 786 2297 Καὶ
800 2279 909 2305 προφη-

118 2320 220 2352 τεύσας
250 2319 385 2356 Ἱερεμίας
411 2317 460 2354 τὴν
480 2317 580 2345 ἅλωσιν
595 2318 645 2351 τῆς
669 2317 773 2348 πόλεως
797 2317 907 2352 δέσμιος

119 2366 222 2402 ὲϐλήῦη
237 2366 289 2392 ὑπο
302 2365 427 2391 Σεδεκίου
442 2365 470 2390 ὲν
485 2364 588 2399 λάκκῳ.
606 2363 685 2390 Μετὰ
698 2363 726 2389 δὲ
746 2362 777 2389 τὸ
792 2362 907 2397 λυθῆναι

117 2414 201 2440 αὐτὸν
217 2412 265 2438 τοῦ
287 2411 398 2447 δεσμοῦ,
423 2410 514 2442 λαϐὼν
532 2409 580 2445 τὴν
605 2409 721 2436 κιϐωτὸν
739 2409 785 2434 καὶ
812 2409 842 2434 τὸ
863 2408 910 2435 Θυ-

117 2459 279 2493 σιαστήριον
295 2457 344 2484 καὶ
357 2457 407 2492 τὴν
421 2454 561 2492 τράπεζαν
573 2456 621 2482 καὶ
628 2455 677 2490 τὴν
689 2454 802 2489 λυχνίαν
816 2455 848 2480 ὲκ
860 2453 907 2481 τοῦ

118 2495 187 2531 νσοῧ
205 2505 233 2531 ἐν
249 2503 321 2539 λόγῳ
334 2503 449 2539 Κυρίου,
468 2503 619 2538 μέλλουσαν
633 2501 682 2536 τὴν
697 2501 773 2527 πόλιν
789 2501 839 2536 ἤδη
855 2509 909 2526 πα-

119 2549 357 2586 ραλαμϐάνεσθαι,
384 2548 558 2584 κατέκρυψεν
579 2549 608 2574 ὲν
633 2547 723 2581 ἀδήλῳ
743 2546 837 2582 τόπῳ·
858 2547 907 2573 καὶ

117 2596 168 2630 οὺχ
189 2594 341 2630 εὑρέθησαν
366 2594 418 2626 ἔτι,
443 2593 480 2625 ὠς
503 2594 520 2628 ἡ
541 2593 597 2619 τῶν
622 2593 795 2620 Μακαϐαίων
818 2592 908 2627 βίϐλος

116 2641 202 2675 λέγει.
239 2641 268 2668 '0
288 2641 318 2668 δέ
344 2649 375 2675 γε
401 2639 638 2675 Ναϐουχοδονόσορ
664 2638 832 2674 παραλαϐὼν
856 2639 907 2674 τὴν

122 2688 202 2714 πόλιν
222 2688 358 2723 ἐνέπρησε
380 2687 482 2713 πᾶσαν.
506 2687 558 2713 Τὸν
581 2685 609 2712 δὲ
621 2685 758 2712 Σεδεκίαν
773 2685 906 2720 χειρωσὰ-

120 2742 211 2769 μενος,
237 2734 286 2769 τὴν
312 2734 361 2769 μὲν
377 2734 494 2768 γυναῖκα
517 2732 564 2759 καὶ
576 2732 610 2759 τὰ
631 2733 713 2758 τέκνα
737 2731 820 2758 αὑτοῦ
843 2731 905 2757 κατ’

154 2782 177 2798 ⁷¹
193 2780 249 2809 Jcr.
266 2790 331 2815 un,
348 2781 392 2809 13.

959 1492 1040 1527 piimi
1058 1492 1084 1519 in
1098 1493 1191 1520 urbem
1204 1493 1321 1529 ingressi
1335 1493 1478 1520 thesauros
1493 1498 1546 1520 tam
1561 1500 1656 1521 sacros
1668 1502 1751 1530 quam

959 1539 1048 1572 regios
1072 1539 1219 1574 omniaque
1246 1546 1330 1566 aurea
1362 1539 1456 1574 templi
1482 1538 1529 1566 Dei
1557 1539 1752 1572 instrumenta,

957 1593 1018 1620 qua:
1031 1585 1160 1612 Solomon
1181 1586 1294 1617 fecerat,
1309 1588 1503 1620 cxportarunt.
1523 1585 1684 1613 Scdecbiam
1708 1594 1753 1613 re-

959 1641 1011 1667 pnn
1028 1631 1167 1660 Barbarus
1183 1633 1314 1668 praefecit,
1329 1631 1472 1665 Jechonia,
1504 1639 1565 1659 cum
1590 1632 1613 1660 is
1643 1640 1752 1660 menses

960 1682 1015 1705 tres
1041 1685 1154 1713 regnum
1185 1678 1325 1713 gessisset,
1355 1685 1409 1705 una
1441 1685 1504 1705 cum
1523 1682 1611 1705 matre
1624 1681 1651 1705 ct
1675 1678 1750 1713 prin-

959 1724 1066 1758 cipibus
1081 1723 1246 1760 Babylonem
1263 1724 1419 1759 deportato.
1439 1723 1475 1751 De
1492 1724 1542 1751 hoc
1557 1723 1687 1751 Jechonia
1712 1725 1754 1751 sic

957 1767 1089 1797 Jeremias
1108 1770 1345 1804 prununtiatit":
1365 1778 1374 1794 ι
1393 1768 1500 1796 Nullius
1511 1768 1591 1804 pretii
1605 1773 1647 1797 est
1656 1768 1755 1797 Jecho-

960 1816 1029 1844 nias,
1049 1816 1160 1850 perinde
1176 1820 1258 1850 atque
1272 1823 1320 1842 vas
1333 1815 1417 1843 nullis
1436 1816 1532 1843 usibus
1548 1815 1688 1843 idoneum.
1704 1816 1753 1844 Est

959 1861 1031 1887 enim
1047 1861 1181 1895 abjeilus,
1196 1865 1223 1888 et
1245 1861 1351 1895 ejectus
1369 1861 1396 1888 in
1422 1866 1523 1888 terrain
1546 1861 1598 1888 sibi
1620 1861 1753 1896 ignotam,

959 1908 997 1932 ait
1013 1905 1153 1933 Dominus.
1169 1905 1192 1933 Ο
1219 1912 1302 1939 terra,
1320 1910 1404 1939 terra,
1425 1906 1490 1934 audi
1520 1913 1676 1934 sermonem
1696 1907 1752 1935 Dei.

961 1951 1057 1978 Scribe
1079 1952 1151 1979 hunc
1181 1951 1331 1986 hominem,
1358 1954 1448 1980 virum
1481 1953 1666 1981 abdicatum:
1696 1962 1752 1982 non

960 1997 1033 2024 enim
1051 2005 1171 2032 unquam
1187 2005 1219 2024 ex
1235 1998 1340 2026 semine
1354 1998 1413 2034 ejus
1428 1999 1566 2028 adolescet
1580 2000 1631 2032 vir,
1661 2001 1707 2036 qui
1726 2002 1753 2029 in

959 2043 1028 2072 solio
1045 2044 1174 2071 Davidico
1203 2045 1297 2073 sedeat
1314 2050 1362 2074 aut
1379 2054 1461 2082 porro
1484 2047 1512 2075 in
1537 2046 1606 2075 Juda
1625 2048 1754 2084 princeps

964 2090 1009 2117 sit.
1030 2099 1039 2114 ι
1057 2090 1126 2126 Ergo
1143 2095 1204 2125 post
1218 2090 1378 2119 Jechoniam
1396 2098 1511 2128 patruus
1526 2094 1587 2130 ejus
1604 2093 1754 2123 Sedechias

964 2137 1098 2172 regnavit,
1116 2137 1161 2171 qui
1183 2141 1209 2164 et
1233 2137 1292 2172 ipse
1320 2137 1404 2165 Deum
1431 2147 1480 2167 sua
1499 2139 1552 2167 vita
1584 2140 1698 2168 offendit
1725 2148 1754 2168 et

964 2181 1034 2216 pacti
1049 2182 1142 2209 tributi
1159 2181 1239 2210 fidem
1252 2183 1332 2218 201
1345 2183 1450 2211 fefellit.
1463 2185 1581 2212 llursum
1595 2185 1688 2220 itaque
1697 2185 1751 2212 Na—

961 2225 1175 2253 buchodonosor
1202 2227 1235 2253 ad
1250 2227 1437 2264 Hierosolyma
1459 2230 1584 2262 accessit,
1603 2231 1752 2265 urbemque

963 2271 1103 2299 biennium
1119 2272 1237 2299 obsedit.
1251 2271 1412 2306 Jeremiam,
1424 2274 1482 2302 fore
1503 2280 1532 2302 nt
1551 2276 1615 2303 urbs
1627 2276 1753 2311 capiatur

958 2318 1162 2350 vaticinantem,
1177 2318 1324 2346 Sedechias
1340 2319 1460 2346 vinctum
1477 2321 1502 2347 in
1517 2320 1620 2348 foveam
1637 2321 1750 2356 abiecit.

957 2363 983 2391 ls
1007 2368 1150 2398 postquam
1175 2364 1283 2392 solutus
1308 2369 1360 2398 cst,
1377 2366 1491 2400 jamjam
1511 2366 1644 2401 capienda
1669 2368 1750 2400 urbe,

954 2409 1034 2444 jussu
1048 2410 1094 2437 Da-i
1111 2418 1216 2443 arcam,
1230 2418 1304 2437 arant
1324 2415 1351 2438 et
1366 2419 1489 2439 mensam
1511 2418 1538 2439 et
1553 2412 1694 2440 lucernam
1718 2415 1751 2441 de

957 2457 1059 2492 templo
1084 2457 1208 2490 abstulit,
1226 2461 1253 2484 et
1280 2457 1340 2486 loco
1362 2458 1454 2493 ignoto
1477 2458 1643 2490 occultavit;
1660 2467 1750 2494 neque

959 2503 1059 2530 deinde
1076 2511 1107 2531 ea
1125 2503 1236 2531 inventa
1256 2509 1331 2537 sunt,
1350 2504 1388 2531 uti
1410 2504 1520 2539 quidem
1549 2505 1617 2532 liber
1636 2506 1751 2534 Muclu-

961 2550 1080 2576 hazorum
1096 2549 1190 2577 tradit.
1202 2547 1275 2577 Urbe
1292 2550 1395 2584 potitus
1411 2549 1665 2578 Nabuchodonosor
1687 2559 1748 2578 eam

958 2598 1043 2621 totam
1072 2595 1199 2622 incendio
1224 2596 1350 2623 vastavit.
1376 2595 1537 2624 Sedechi-‘tm
1563 2604 1629 2624 vero
1652 2603 1749 2625 nactus

957 2647 1069 2666 uxorem
1095 2640 1155 2674 ejus
1183 2645 1211 2668 et
1236 2640 1339 2668 liberos
1361 2641 1422 2676 ipso
1449 2641 1557 2669 vivente
1579 2641 1747 2669 trucidavit:

958 2689 1013 2711 tum
1027 2685 1079 2720 ipsi
1091 2685 1187 2713 oculos
1201 2685 1283 2718 eruit,
1297 2691 1380 2721 atque
1393 2686 1421 2714 in
1439 2687 1557 2714 vinculis
1581 2687 1748 2723 Babylonem

956 2731 1081 2765 abduxit,
1106 2739 1169 2759 cum
1197 2732 1221 2759 is
1247 2732 1394 2760 triennium
1414 2733 1586 2769 imperasset.
1615 2733 1749 2769 Populum

697 2813 876 2842 XYIANDlll
894 2813 937 2842 ET
949 2812 1058 2841 GOARI
1074 2812 1192 2840 ΝΟΤΛΕ.

157 2864 212 2899 (ut)
233 2864 364 2900 Βόρϐορυς
384 2872 496 2905 regnum
520 2864 670 2899 significat,
701 2863 747 2890 fuit
765 2866 853 2890 autem
899 2862 926 2889 in
948 2860 1054 2889 foveam
1082 2858 1235 2896 conjectus,
1271 2866 1325 2889 non
1353 2867 1423 2897 aqua
1451 2862 1498 2890 sed
1520 2868 1597 2889 caeno
1619 2860 1748 2892 obsitam,

123 2903 224 2931 lerunt.
249 2909 362 2927 nxvnt.
383 2900 447 2927 Xt‘L.

262 2946 359 2976 ΡΛτιι(
370 2953 397 2976 ι.
412 2947 467 2977 Gn.
493 2947 604 2978 CXXI.

1532 2941 1552 2973 8
