1990 3160
219 186 272 216 Ξίῖὶ

866 181 992 214 GEORG
999 180 1027 211 [Ι
1046 181 1214 214 CEDRENI

1793 182 1850 215 2ίεὶ

216 245 329 280 cognito
347 245 476 282 Cyzicum
498 246 548 274 sibi
574 254 674 282 genere
698 246 882 282 propinquum
906 245 998 276 fuisse,

1056 245 1083 271 δὲ
1097 245 1216 277 Κύζικον
1231 244 1336 278 ἔλαϐον,
1355 245 1522 281 μητρόπολιν
1534 245 1616 272 οὖσαν
1636 245 1847 280 Ἑλλησπόντου.

216 292 298 318 venia
315 292 448 326 postulata
461 292 590 327 templum
601 291 751 319 condidere
763 291 908 320 admodum
922 291 1006 317 mira~

219 336 290 370 bile;
313 343 395 373 atque
413 338 445 364 ad
470 337 622 369 oraculum,
645 337 719 373 quod
748 342 790 365 est
812 343 874 365 ante
894 337 1006 373 Pythias

220 383 351 415 thermas,
370 383 483 418 profecti
507 383 642 410 Phoebum
668 384 821 419 Apollinem
842 386 1006 419 rogaverunt

218 433 250 456 ut
277 427 329 456 sibi
350 429 469 456 ediceret
488 430 532 457 cui
557 438 590 457 ea
613 430 685 458 mdes
708 431 894 458 consecranda
922 434 1004 459 esset.

219 474 390 510 Responsum
408 476 442 504 iis
456 476 483 503 in
495 477 567 504 hanc
581 481 622 504 est
639 479 822 506 sententiam:

216 521 331 549 Assidue
347 522 461 550 sublime
477 522 556 551 decus
569 525 664 553 virtute
674 529 779 560 parate,

215 567 299 602 Atque
315 576 397 595 unum
413 569 464 604 (sic
481 570 590 606 mando)
607 570 702 605 Deum,
716 572 760 606 qui
773 574 867 598 cuncta
875 570 1006 606 gubernat

216 613 323 640 C(elesti
342 615 461 643 residem
482 616 559 648 solio,
578 616 657 644 colite
675 623 753 652 atque
772 618 870 645 timete.

215 657 296 687 Illius
313 666 442 688 wternum
459 668 551 690 natum
565 669 676 699 anteque
689 664 788 692 strcula
806 663 920 692 Verbum

215 705 316 734 Nescia
341 707 420 743 Virgo
436 709 487 736 viri
505 710 638 745 quondam
650 716 731 745 partu
748 717 836 738 tenera
851 712 927 744 edet;

214 753 297 788 210
311 753 366 786 Qui
380 755 446 782 t-elut
460 756 578 791 igniferis
592 757 707 790 impulsa
722 758 821 793 sagitta
834 758 967 792 procellis,

219 798 370 827 Edomitum
386 801 475 829 reddet
493 803 570 830 Patri
585 812 633 839 pro
650 813 755 832 munere
770 806 908 833 mundum.

216 844 316 880 Hujus.
333 855 412 882 quam
435 847 533 877 Mariae
558 858 652 878 nomen
668 856 766 883 manet,
781 852 855 878 alma
871 851 1003 886 Genitrix,

216 891 346 926 Agnoscat
363 894 489 928 templum
499 896 647 931 proprium,
667 897 719 923 tibi
734 897 785 924 rite
795 898 925 926 dicatum.

215 937 274 965 Hoc
292 939 432 967 oraculum
452 941 530 969 aereis
553 942 650 970 litteris
666 943 692 970 in
709 951 845 972 marmore
859 944 1002 980 impressis

216 985 404 1020 conscriptum
417 987 454 1014 illi
469 987 495 1014 in
511 995 613 1023 supero
629 994 715 1023 portae
728 989 822 1017 limine
831 994 1002 1025 'posueruut.

215 1030 303 1064 Atque
319 1030 369 1066 ipsi
386 1032 496 1067 quidem
517 1037 584 1061 tunc
596 1034 680 1062 aedem
693 1034 775 1074 Rhea:
785 1037 879 1065 matris
889 1037 1002 1066 deorum

215 1075 407 1110 dixerunt,sed
422 1085 452 1106 ea
462 1083 567 1113 postea,
578 1079 858 1117 Zeuoneimperante,
869 1085 1002 1120 templum

214 1127 316 1150 sanctae
331 1123 379 1151 Dei
394 1123 541 1153 Gcnitricis
558 1126 733 1155 denominata
752 1129 814 1156 fuit.
833 1130 872 1158 Ex
889 1138 923 1158 eo
940 1132 1002 1160 loco

213 1172 354 1196 moventes
364 1169 539 1205 Argonautxr,
552 1179 614 1199 cum
629 1172 729 1200 vellent
741 1181 790 1209 per
806 1174 1001 1210 Propontidem

213 1213 354 1248 navigare,
373 1215 408 1242 ab
426 1215 529 1252 Amyco
555 1218 685 1252 prohibiti
707 1224 781 1252 sunt,
803 1220 871 1255 ipsis
891 1222 999 1250 obviam

213 1266 275 1287 cum
300 1261 386 1296 copiis
408 1262 542 1296 profecto.
570 1263 654 1298 Cujus
676 1269 750 1292 metu
774 1273 835 1293 cum
858 1267 885 1294 in
908 1267 999 1296 sinum

212 1304 355 1338 quemdam
368 1305 506 1334 desnrtutu
521 1313 604 1343 atque
618 1310 775 1338 nemoribus
786 1311 904 1339 obsitum
918 1320 1001 1341 naves

212 1349 420 1384 subduxissent,
442 1353 594 1388 conspicati
621 1361 686 1382 sunt
704 1356 812 1385 caelitus
829 1358 896 1392 ipsis
917 1367 1001 1395 appa-

211 1401 316 1424 reutcm
333 1397 383 1424 viri
399 1397 513 1426 formam
531 1400 659 1428 terribilis
675 1403 858 1439 aquilinisque
871 1404 998 1433 instructi

211 1445 325 1479 pennis;
340 1453 395 1481 quo
420 1446 479 1474 viso
496 1447 651 1476 conﬁrmati
674 1457 791 1485 pugnam
816 1458 878 1479 cum
896 1452 1000 1488 Amyco

211 1498 423 1526 conseruerunt,
441 1502 529 1529 eoque
542 1495 698 1528 interfecto,
714 1505 770 1532 quo
792 1497 852 1525 loco
870 1498 896 1525 id
911 1499 999 1526 visum

211 1537 280 1573 ipsis
295 1539 416 1567 oblatum
434 1540 534 1573 fuerat,
552 1542 684 1577 templum
694 1543 895 1574 condiderunt:
911 1552 1001 1573 exem-

211 1637 317 1665 presso,
345 1631 489 1666 templum,
506 1639 520 1659 a
544 1633 633 1660 salute
658 1633 694 1661 ibi
710 1637 799 1669 parta,
824 1634 999 1663 Sosthenium

210 1676 432 1705 nominaverunt.
454 1676 512 1705 Hoc
536 1683 631 1713 postea
653 1679 852 1709 Constantinus
870 1681 999 1719 Magnus,

212 1723 327 1751 oraculo
348 1731 396 1759 per
414 1724 534 1759 quietem
555 1725 724 1760 admonitus,
750 1729 876 1762 mutavit,
897 1737 1000 1766 araque

212 1769 246 1797 ad
262 1775 352 1797 ortum
375 1770 439 1798 solis
453 1777 596 1804 conversa,
615 1773 744 1808 templum
765 1773 889 1803 Michaeli
917 1783 1000 1811 ange-

180 1838 182 1842 ,
212 1815 302 1842 lorum
317 1815 432 1851 principi
458 1817 640 1851 couswravit,
659 1819 799 1854 expressis
819 1820 845 1847 in
862 1828 894 1848 eo
908 1822 999 1849 omni-

211 1862 263 1890 bus
281 1861 423 1897 elegantiae
436 1867 462 1891 et
475 1863 649 1892 abundantiae
666 1866 805 1900 operibus.
820 1865 898 1895 Victo
914 1868 999 1904 Amy-

210 1915 243 1934 co
271 1907 435 1943 Argonautae
463 1917 524 1937 cum
552 1909 665 1938 Heracle
693 1911 720 1938 in
749 1919 826 1940 mare
851 1913 997 1942 Ponticum

210 1955 316 1983 advecti
349 1960 423 1988 sunt,
461 1957 612 1992 urbemque
648 1957 774 1987 Herculis
805 1960 996 1994 cognominem

177 1991 189 1999 ’
209 2001 402 2029 condiderunt.
416 2002 482 2030 Inde
496 2004 571 2031 aurci
586 2003 695 2032 velleris
705 2011 788 2032 causa
803 2004 831 2032 in
839 2005 996 2034 Colchidem

210 2053 322 2074 cursum
348 2050 510 2080 tenuerunt;
539 2048 620 2082 211
641 2052 670 2076 et
699 2056 760 2075 cum
786 2056 870 2077 aureo
897 2050 997 2081 vellere

209 2091 304 2119 Medea
315 2091 409 2124 etiam,
424 2092 494 2127 regis
512 2092 566 2119 lilia
583 2093 716 2125 Uolcbici,
730 2102 790 2129 quae
809 2102 902 2122 amore
918 2095 997 2123 Jaso—

210 2137 254 2164 nis
263 2141 390 2172 correpta
407 2137 507 2170 luerat,
522 2138 649 2171 abducta,
664 2140 766 2167 reversi
781 2146 854 2168 sunt.
873 2141 912 2168 Eo
928 2146 996 2168 tem-

210 2191 277 2218 pore
299 2183 370 2212 Tros
392 2184 421 2211 ili
440 2189 467 2212 et
483 2184 648 2221 Ganymedis
666 2191 743 2222 pater
761 2186 887 2223 Phrygiae
911 2188 997 2223 impe-

209 2229 289 2257 ravit.
320 2230 346 2258 is
372 2230 442 2259 duas
472 2230 554 2259 urbes
580 2233 725 2265 exstruxit,
755 2241 852 2268 nempe
884 2234 993 2267 Troiam

209 2279 291 2311 atque
307 2274 385 2303 llium
399 2284 406 2310 ;
419 2275 452 2303 ad
473 2284 588 2312 quarum
607 2277 805 2306 dedicationem
817 2287 879 2306 cum
893 2280 996 2307 vicinos

209 2326 401 2355 cnnvocasset,
418 2321 526 2350 Tantali
541 2323 714 2358 Mycenarum
728 2325 799 2360 regis
813 2325 917 2352 oblitus
934 2325 994 2358 fuit,

209 2372 291 2403 atque
304 2367 378 2395 hunc
395 2375 538 2403 propterea
553 2369 607 2397 sibi
625 2369 764 2398 infensum
781 2370 888 2399 habuit.
908 2370 997 2398 Vove-

208 2417 250 2439 rat
265 2417 328 2440 ante
340 2413 487 2442 :edilicatas
503 2415 582 2442 urbes
596 2414 665 2443 Tros
677 2413 736 2442 Jovi
748 2415 876 2444 victimas
888 2423 918 2444 se
929 2416 953 2443 ei
963 2410 998 2444 ὀι

207 2459 278 2485 dona
295 2459 324 2486 in
339 2457 475 2495 Europam
499 2461 659 2487 missurum.
679 2460 785 2488 Idcirco
807 2461 924 2490 urbibus
940 2462 996 2496 jam

208 2505 342 2533 absolutis
365 2505 549 2542 Ganymedem
573 2513 635 2532 cum
651 2506 686 2533 50
703 2507 770 2534 viris
789 2507 860 2535 dona
875 2512 902 2535 et
921 2509 998 2537 victi-

207 2557 266 2578 mas
288 2550 322 2578 ad
345 2551 474 2586 templum
500 2550 577 2580 Jovis
602 2551 713 2579 allatum
745 2552 837 2580 mittit.
864 2553 997 2584 Tantalus

206 2602 272 2622 vero
298 2594 391 2623 dolum
416 2597 533 2624 subesse
557 2598 728 2632 suspicatus,
757 2599 842 2627 misso
859 2601 994 2634 exercitu,

205 2639 392 2677 Ganymedem
409 2648 471 2668 cum
488 2643 618 2671 comitatu
642 2644 744 2679 rapuit,
760 2644 884 2673 dicentes
899 2654 929 2674 se
945 2646 996 2674 Eu-

206 2694 298 2722 ropaeo
309 2686 369 2714 Jovi
382 2686 507 2714 victimas
518 2687 625 2716 all‘erre.
640 2689 813 2726 Ganymedes
826 2692 997 2726 turpitudine

206 2735 247 2762 rei
257 2738 286 2763 et
301 2739 375 2762 metu
388 2739 581 2763 consternatus
597 2737 623 2764 in
646 2739 770 2766 morbum
789 2739 896 2772 incidit,
911 2740 998 2774 impe-

205 2783 334 2816 trataque
350 2780 425 2808 venia
438 2789 491 2809 non
505 2783 588 2810 multo
605 2788 665 2818 post
677 2785 731 2811 vita
746 2786 863 2813 excedit.
879 2785 996 2814 Proinde

207 2835 322 2855 munera
344 2825 452 2854 Tantali
470 2827 549 2862 jussu
572 2828 635 2855 iano
656 2829 731 2857 Jovis
752 2831 858 2857 reddita
877 2835 953 2858 sunt.
969 2836 995 2859 et

206 2872 503 2911 reliquiaeGanymedis
514 2874 541 2900 in
557 2875 657 2909 templo
668 2876 740 2903 intus
755 2877 912 2904 reconditae.
928 2876 994 2906 "inc

208 2917 299 2945 tabula
311 2918 426 2946 conﬁcta
446 2924 498 2953 est,
514 2919 698 2954 Ganymedem
714 2929 728 2949 a
743 2921 809 2949 Jove
824 2922 851 2949 in
871 2923 989 2957 aquilam

1059 291 1115 318 Καὶ
1140 291 1271 326 μαθόντες
1296 293 1337 319 ὅτι
1365 291 1484 324 Κύζικος
1508 293 1521 318 ὁ
1542 293 1655 326 σφαγεὶς
1670 292 1735 327 παρ’
1757 291 1851 319 αὐτῶν

1059 339 1194 374 συγγενὴς
1206 337 1240 374 ἦν
1264 339 1366 370 αὐτοῖς,
1393 338 1560 374 συγγνώμην
1581 339 1706 374 ᾐτοῦντο,
1724 339 1773 365 καὶ
1787 338 1849 365 κτί-

1057 387 1150 420 ζουσιν
1169 387 1241 422 ἱερὸν
1264 386 1416 421 Θαυμάσιον
1433 383 1500 413 οἷον.
1531 385 1601 420 Πρδς
1626 385 1654 412 δὲ
1671 385 1701 411 τὸ
1715 385 1770 411 τῶν
1782 385 1850 420 θερ-

1058 433 1117 468 μῶν
1146 434 1271 468 μαντεῖον
1298 432 1438 466 γενόμενοι
1466 431 1513 458 καὶ
1539 431 1687 466 θυσάμενοι
1702 431 1847 457 ἐπύθοντο·

1059 487 1069 505 ι
1084 479 1277 514 Προφήτευσον
1306 479 1383 513 ἡμῖν,
1401 477 1473 504 Φοῖϐ’
1495 477 1639 510 Ἄπολλον,
1657 478 1729 509 τίνος
1749 478 1781 505 ἂν
1802 477 1847 511 εἴη

1055 524 1136 560 δόμος
1152 522 1251 557 οὖτοςς
1269 534 1278 551 ι
1309 525 1356 552 καὶ
1383 524 1546 552 ἀκούουσιν·
1571 534 1580 551 ι
1600 525 1670 551 Ὅσα
1702 524 1752 558 μὲν
1777 523 1850 558 πρὸς

1054 571 1156 606 ἀρετὴν
1174 572 1220 598 καὶ
1238 571 1340 606 κόσμον
1367 571 1467 606 opt-ips,
1487 573 1599 598 ποιεῖτε.
1630 570 1701 604 Ἐγὼ
1722 571 1751 596 δὲ
1778 571 1846 604 ἐφε-

1054 617 1129 652 τμὲω
1144 618 1219 653 τρεῖν
1233 617 1280 644 ἕνα
1298 617 1394 652 μοῦνον
1421 617 1585 661 ὑψιμέδονλσα
1607 617 1684 648 Θεὸν,
1708 613 1739 643 οὗ
1754 616 1843 648 Λόγος

1054 664 1166 699 ἄφθιτος
1187 666 1214 691 ὲν
1229 665 1304 691 ἀδαεῖ
1317 665 1404 700 κούρῃ
1424 665 1521 698 ἔγκυος
1543 660 1629 691 ἔσται.
1648 660 1732 695 Οὗτος
1746 663 1844 698 ὥσπερ

1053 712 1131 745 τόξον
1150 713 1300 748 πυριφόρον
1330 712 1410 747 μέσον
1432 711 1588 747 διαδραμὼν
1604 711 1713 738 ἅπαντα
1727 710 1846 744 κόσμον,

1055 757 1200 794 ζωγρήσας
1230 759 1318 793 Πατρὶ
1350 757 1479 793 προσάξει
1511 757 1607 793 δῶρον.
1642 756 1733 791 Αὐτῆς
1767 756 1847 782 ἔσται

1053 804 1134 838 δόμος
1156 800 1232 835 οὗτος
1247 812 1256 820 θ
1282 803 1377 838 Μαρία
1399 803 1428 830 δὲ
1452 802 1571 838 τοῦνομα
1599 802 1694 837 αὐτῆς.
1715 811 1724 828 ι
1743 802 1848 829 Τοῦτον

1054 851 1099 878 τὸν
1115 851 1240 886 χρησμὸν
1251 851 1280 878 ὲν
1292 850 1358 886 λίθῳ
1373 851 1538 886 μαρμαρίνῳ
1555 850 1681 885 χαλκέοις
1697 849 1846 884 γράμμασι

1054 897 1211 933 γράψαντες
1222 898 1262 929 εὶς
1271 897 1302 924 τὸ
1315 897 1361 924 τοῦ
1378 897 1441 923 ναοῦ
1458 897 1613 932 ὑπέρθυρον
1624 896 1766 927 ἀνέθεσαν,
1781 895 1846 920 τότε

1057 943 1107 978 μὲν
1133 943 1299 974 καλέσαντες
1329 943 1375 969 τον
1403 940 1478 969 οἷκον
1511 941 1589 973 Ῥέας
1623 941 1726 976 μητρὸς
1754 940 1844 971 θεῶν,

1056 988 1168 1024 ὕστερον
1193 988 1221 1014 δὲ
1247 988 1294 1014 ἐπὶ
1322 988 1446 1023 Ζήνωνος
1468 987 1515 1014 τοῦ
1540 986 1673 1022 βασιλέως
1703 985 1766 1016 ναὸς
1792 984 1847 1018 τῆς

1055 1034 1136 1068 ἁγίας
1157 1033 1289 1060 Θεοτόκου
1311 1032 1530 1068 μετωνόμασται.
1561 1031 1681 1058 Ἐκεῖθεν
1702 1030 1792 1057 τοίνυν
1820 1030 1845 1055 οἱ

1055 1079 1237 1115 ’Δργοναῦται
1266 1079 1478 1114 ἐξορμήσαντες.
1507 1077 1554 1105 καὶ
1577 1077 1622 1104 διὰ
1648 1076 1694 1103 τοῦ
1722 1075 1845 1103 avsum

1054 1125 1213 1161 βουλόμενοι
1221 1124 1379 1160 παρελθεῖν,
1392 1123 1542 1150 ἐκωλύοντο
1554 1122 1606 1149 ὑπὸ
1624 1121 1743 1157 ’Δμύκου
1757 1129 1844 1156 στρα-

1053 1173 1199 1208 τευομένου
1225 1171 1285 1199 κατ’
1311 1170 1410 1197 αὐτῶν.
1443 1170 1566 1201 Δεδιότες
1591 1168 1637 1196 οὖν
1665 1168 1759 1202 κόλπῳ
1787 1166 1845 1193 τινὶ

1053 1219 1142 1254 ἀγρίῳ
1166 1218 1213 1244 καὶ
1235 1217 1350 1244 ἁλσώδει
1380 1218 1570 1252 προσίσχουσι.
1589 1216 1676 1243 Κάκεῖ
1706 1215 1842 1241 ὀπτασίαν

1053 1265 1129 1291 θείαν
1157 1265 1186 1297 ἐξ
1213 1263 1329 1299 οὐρανοῦ
1358 1263 1449 1295 αὐτοῖς
1477 1262 1656 1297 ἐπιφανεῖσαν
1683 1262 1713 1288 ὲν
1742 1260 1843 1295 ἀνδρὸς

1052 1311 1168 1348 φοϐεροῦ
1197 1311 1273 1343 είδει,
1297 1310 1435 1346 πτέρυγας
1460 1309 1498 1340 ὡς
1523 1307 1604 1335 ἀετοῦ
1631 1307 1842 1342 περικειμένου,

1052 1359 1224 1393 Θεασάμενοι,
1253 1356 1341 1392 τούτῳ
1363 1355 1626 1392 καταθαῤῥήσαντες
1653 1355 1693 1385 είς
1721 1353 1842 1388 πόλεμον

1050 1405 1089 1440 τῷ
1109 1405 1221 1439 ’Λμύκῳ
1240 1404 1435 1438 συμϐάλλουσι.
1458 1403 1512 1430 Καὶ
1525 1402 1735 1432 ἀποκτείναντες
1757 1399 1842 1426 αὐτὸν

1052 1451 1163 1478 ἔκτισαν
1186 1452 1216 1478 ἐν
1239 1451 1277 1486 τῷ
1304 1450 1353 1485 τῆς
1368 1449 1501 1480 ὀπτασίας
1516 1448 1592 1483 τόπῳ
1619 1447 1701 1483 ἱερόν.
1729 1445 1784 1473 Καὶ
1806 1445 1841 1471 δι’

1050 1497 1153 1528 είκόνος
1168 1497 1218 1532 τῆς
1236 1497 1327 1528 αὐτοῖς
1350 1495 1496 1530 ὀραθεῖσης
1512 1493 1619 1530 μορφῆς
1633 1493 1663 1520 τδ
1686 1491 1842 1525 ὲκτύπωμα

1050 1542 1289 1577 ἀναστηλώσαντες
1319 1541 1467 1568 Σωσθένιον
1485 1541 1514 1567 τὸ
1537 1540 1609 1575 ἱερὸν
1631 1539 1777 1572 ὠνόμασαν
1795 1537 1841 1562 διὰ

211 1583 336 1619 plarique
352 1583 413 1619 ejus
429 1585 501 1620 quod
516 1591 680 1620 apparuerat
696 1587 786 1615 visum
808 1589 834 1615 in
848 1592 939 1616 statua
953 1597 998 1617 ex-

1054 1588 1098 1625 [P.
1111 1587 1172 1625 120]
1184 1589 1213 1615 τὸ
1224 1589 1252 1615 ὲν
1265 1588 1352 1624 τούτῳ
1366 1587 1463 1618 αὐτοὺς
1477 1586 1607 1620 σωθῆναι.
1624 1584 1709 1611 Τοῦτο
1722 1583 1753 1610 τὸ
1769 1583 1841 1618 ἱερὸν

1052 1634 1165 1670 ὕστερον
1188 1635 1202 1661 ὁ
1231 1634 1317 1669 μέγας
1339 1635 1366 1660 ὲν
1382 1632 1521 1668 βασιλεῦσι
1553 1631 1754 1660 Κωναταντῖνος
1779 1628 1842 1655 κατ’

1051 1681 1120 1717 δναρ
1138 1681 1337 1717 χρηματισθεὶς
1357 1679 1531 1714 μετεποίησε,
1553 1678 1613 1704 καὶ·
1626 1677 1656 1703 τὸ
1680 1676 1729 1712 μὲν
1744 1676 1842 1702 θυσια-

1052 1727 1161 1762 στήριον
1176 1726 1243 1761 προς
1255 1725 1388 1757 ἀνατολὰς
1406 1725 1472 1760 όρᾷν
1496 1723 1628 1755 ἑτύπωςε,
1656 1722 1701 1748 τὸν
1727 1720 1755 1747 δὲ
1775 1720 1841 1746 ναδν

1050 1772 1097 1800 τοῦ
1111 1771 1282 1808 ἀρχαγγέλου
1296 1771 1407 1806 Μιχαὴλ
1420 1769 1545 1798 ἐκάλεσε,
1558 1769 1648 1794 πᾶσαν
1660 1765 1840 1800 καλλιεργίαν

1050 1819 1097 1846 καὶ
1121 1818 1311 1854 καρποφορίαν
1335 1817 1364 1843 ὲν
1387 1816 1462 1851 αὺτῷ
1491 1815 1630 1845 τυπώσας.
1654 1813 1730 1840 Μετὰ
1746 1812 1773 1839 δὲ
1788 1811 1840 1847 τὴν

1049 1866 1128 1902 νίκην
1151 1865 1272 1900 ’Δμύκου
1300 1865 1326 1891 οἱ
1362 1862 1542 1898 Ἀργοναῦται
1569 1860 1630 1895 μεθ’
1669 1858 1840 1895 Ἡρακλέους

1050 1910 1095 1937 ἐπὶ
1125 1911 1176 1947 τὴν
1199 1910 1333 1945 Ποντικὴν
1363 1909 1501 1937 Θάλασσαν
1527 1906 1729 1936 ἐκπλεύσαντες
1757 1905 1839 1930 πόλιν

1048 1959 1190 1993 ὲδείμαντο
1210 1957 1257 1983 ἐπὶ
1283 1956 1322 1990 τῷ
1340 1955 1388 1982 τοῦ
1424 1953 1590 1990 Ἡρακλέους
1617 1952 1741 1986 ὀνόματι.
1771 1948 1840 1977 Εἶτα

1048 2005 1091 2032 διὰ
1111 2004 1139 2030 τὸ
1148 2001 1265 2039 χρυσοῦν
1279 2001 1359 2036 δέρας
1370 2000 1417 2027 ἐπὶ
1431 1999 1479 2035 τὴν
1490 1999 1606 2034 Κολχίδα
1620 1998 1840 2032 διαπεράσαντες

1039 2050 1114 2077 αὑτό
1129 2058 1159 2076 τε
1183 2049 1230 2076 καὶ
1250 2047 1372 2082 Μήδειαν
1398 2046 1448 2081 τὴν
1473 2045 1520 2072 τοῦ
1552 2044 1684 2079 βασιλέως
1708 2043 1839 2078 Κολχίδος

1048 2095 1208 2131 θυγατέρα,
1245 2094 1362 2124 Ἰάσονος
1390 2091 1571 2126 ἐρασθεῖσαν,
1601 2090 1758 2124 ἀνελόμενοι
1785 2089 1839 2115 ὑπ-

1048 2140 1194 2175 έστρεψαν.
1208 2139 1274 2166 Τότε
1296 2138 1343 2165 καὶ
1358 2136 1437 2172 Τρὼς
1449 2137 1496 2171 τῆς
1518 2135 1632 2170 Φρυγῶν
1647 2135 1738 2170 χώρας
1753 2135 1838 2169 ἦρχεν

1047 2189 1061 2214 ό
1078 2187 1149 2214 Ἴλου
1163 2187 1209 2213 καὶ
1225 2184 1401 2219 Γανυμήδους
1427 2183 1529 2217 πατήρ,
1563 2178 1646 2213 Οὗτος
1670 2181 1716 2207 δύο
1746 2180 1840 2211 πόλεις

1048 2233 1146 2268 Τροίαν
1162 2232 1209 2258 καὶ
1221 2231 1302 2257 Ἴλιον
1318 2229 1487 2265 ᾠκοδόμησε,
1505 2227 1552 2254 καὶ
1566 2227 1629 2258 τοὺς
1643 2224 1839 2260 ἀστυγείτονας

1048 2280 1088 2310 είς
1113 2278 1158 2304 τὶν
1187 2275 1364 2311 ἐγκαινισμδν
1386 2274 1440 2300 τῶν
1457 2273 1560 2299 πόλεων
1578 2270 1838 2306 προσκαλεσάμενος

1048 2324 1093 2351 τοῦ
1114 2322 1281 2358 Μυκηναίων
1312 2321 1475 2350 ἁνᾶσσοντος
1499 2318 1639 2345 Ταντάλου
1666 2315 1815 2342 ἐπελάθετο
1830 2322 1836 2329 ·

1047 2370 1077 2402 ὃς
1098 2370 1145 2398 καὶ
1175 2369 1214 2400 εις
1241 2368 1341 2402 ἔχθραν
1364 2366 1439 2401 αὐτῷ
1462 2366 1506 2392 διὰ
1530 2364 1610 2391 τοῧτο
1639 2362 1838 2397 ἀντεκατέστη.

1048 2415 1102 2444 Ἦν
1122 2416 1151 2443 δὲ
1182 2417 1196 2443 ό
1223 2414 1302 2450 Τρὼς
1329 2414 1382 2449 πρδ
1411 2414 1460 2448 τῆς
1484 2412 1539 2439 τῶν
1558 2411 1663 2438 πόλεων
1693 2409 1840 2444 οἰκοδομῆς

1048 2463 1196 2498 εὐξάμενος
1218 2462 1300 2497 εὐχὴν
1325 2461 1364 2496 τῷ
1382 2460 1436 2493 Διὶ¹
1454 2459 1550 2490 θυσίας
1566 2459 1613 2485 καὶ
1633 2457 1707 2492 δῶρα
1720 2456 1839 2491 πέμπων

1048 2512 1087 2543 είς
1107 2509 1253 2545 Εὐρώπην.
1278 2507 1332 2535 Καὶ
1347 2507 1408 2534 ἐπεὶ
1421 2507 1449 2533 αἱ
1471 2506 1560 2537 πόλεις
1575 2503 1767 2538 ἐτελέσθησαν,
1789 2503 1839 2530 τὸν

1047 2556 1211 2591 Γανυμήδην
1232 2555 1280 2581 σὺν
1306 2553 1420 2588 ἀνδράσι
1444 2552 1615 2587 πεντήκοντα
1639 2551 1715 2586 δῶρά
1732 2558 1763 2576 τε
1792 2550 1839 2576 καὶ

1048 2601 1145 2632 θυσίας
1161 2600 1228 2635 πρὸς
1245 2599 1275 2625 τὸ
1288 2598 1335 2624 τοῦ
1351 2598 1412 2629 Διὸς
1432 2596 1504 2632 ἱερὸν
1528 2597 1677 2631 ἐκπέμπει.
1701 2595 1840 2626 Τάνταλος

1047 2647 1075 2675 δὲ
1099 2647 1174 2674 δόλον
1192 2645 1305 2680 οἰηθεὶς,
1331 2645 1446 2678 δύναμιν
1471 2643 1633 2673 ἀποστείλας
1657 2643 1768 2678 ἥρπασε
1787 2642 1839 2668 Γα-

1048 2739 1173 2773 κομίζειν
1195 2737 1234 2773 τῷ
1260 2736 1415 2772 Εὑρωπαίῳ
1437 2736 1488 2763 Διί.
1518 2735 1546 2762 Ὀ
1569 2734 1597 2761 δὲ
1616 2734 1778 2769 Γανυμήδης
1794 2733 1838 2760 διὰ

1047 2785 1097 2819 τὴν
1124 2782 1254 2817 αἰσχύνην
1282 2781 1339 2816 ἅμα
1362 2781 1410 2807 καὶ
1437 2780 1483 2806 τὸν
1509 2779 1592 2814 φόϐον
1620 2779 1769 2814 ἀρρωστεῖ,
1791 2778 1839 2804 καὶ

1049 2828 1214 2863 συγγνώμης
1230 2828 1373 2862 τυγχάνει,
1400 2825 1470 2852 ἀλλὰ
1501 2824 1560 2860 μετ’
1590 2824 1680 2858 ὀλίγον
1711 2824 1834 2859 τελευτᾷ.

1047 2876 1102 2903 Καὶ
1128 2875 1163 2902 τὰ
1191 2875 1241 2909 μὲν
1265 2874 1340 2909 δῶρα
1362 2872 1410 2899 τοῦ
1437 2873 1576 2899 Ταντάλου
1603 2871 1782 2903 κελεύσαντος
1798 2871 1836 2906 τῷ

1047 2923 1112 2956 ἱερῶ
1126 2921 1173 2949 τοῦ
1188 2921 1248 2953 Διός
1267 2920 1396 2955 ἀπεδόθη,
1411 2919 1442 2947 τδ
1460 2919 1487 2946 δὲ
1505 2919 1631 2954 λείψανον
1655 2918 1737 2946 αὑτοῦ
1751 2919 1780 2944 ἐν
1796 2917 1835 2951 τῷ
