1990 3160
95 200 152 233 3l9

643 202 917 234 HISTORIABUM
933 203 1199 237 COMFENDIUM.
1220 231 1221 234 η

1674 208 1727 239 950
1750 184 1752 186 η

94 259 170 295 λύπῃ
186 259 352 291 “transeat;
365 259 476 296 ερριψεν
491 260 587 287 ἑαυτὸν
607 261 647 292 εις
677 262 727 297 τὴν
750 260 890 288 θάλασσαν

950 264 1089 297 ιίρεοι-ριιιε
1110 263 1137 290 in
1153 271 1228 291 mare
1240 271 1269 291 se
1289 264 1377 299 ipsum
1395 263 1511 299 proiecit
1525 271 1556 291 ae
1577 262 1730 291 suﬂ‘ocams

95 306 145 332 καὶ
160 304 298 340 ἀπεπνίγη
314 313 321 320 ’
345 306 405 333 ὅθεν
431 306 479 333 καὶ
496 307 608 340 Αἰγαῖον
635 307 666 334 τδ
692 307 808 340 πέλαγος
826 307 893 334 ὠνό-

99 359 214 386 μασται.
237 351 267 377 '0
283 351 310 378 δὲ
335 351 441 386 Θησεὺς
468 353 517 388 τὴν
545 354 658 388 Κρήτην
685 354 780 387 ἐάσας,
808 363 892 381 κατα-

98 397 238 432 φρονήσας
261 396 289 424 δὲ
318 398 365 424 καὶ
387 397 543 434 Ἀριάδνης,
568 399 629 434 ἦτις
654 401 683 427 ὲν
696 400 736 436 τῷ
755 400 821 436 ῑερῷ
845 400 892 427 τοῦ

97 441 161 474 Διὸς
186 442 393 478 παρεδρεύουσα
418 444 563 478 παρθένος,
596 443 634 475 ὥς
664 453 741 479 φασι,
767 444 892 480 τελευτᾷ,

96 490 148 523 τῆς
164 488 318 520 Θεσσαλίας
330 488 495 524 βασιλεύσας
506 490 626 525 ἠγάγετο
637 492 755 524 γυναῖκα
765 491 894 525 Φαίδραν.

100 535 137 561 Ἦ
157 534 204 560 καὶ
220 534 428 570 ἐσυκτιφαντὴθη
456 535 494 567 ὡς
523 535 684 571 Ἱππολύτῳ,
708 536 759 572 υιῷ
777 537 826 572 μὲν
840 537 894 572 Θη-

99 579 171 610 σέως
202 579 234 606 ἑκ
262 579 407 615 παλλακῆς
426 580 514 616 αὐτῆς
542 581 571 608 δὲ
597 581 735 617 προγονῷ,
757 581 894 618 πορνικῶς

100 625 223 658 μιγείσα.
248 624 278 650 ’0
305 624 355 659 μὲν
376 624 423 651 οὖν
448 626 607 658 Ἱππόλυτος
629 627 748 662 ἔφιππος
774 627 895 662 σύαγρον

97 669 206 696 διώκων
223 669 270 696 τοῦ
300 670 385 698 ῐππου
414 671 585 708 ὲξετινάχθη,
616 673 663 700 τοῦ
693 673 721 700 δὲ
741 673 829 709 λώρου
847 673 894 700 τοῦ

100 718 211 752 χαλινοῦ
227 719 446 754 περιελιχθέντος
463 721 519 752 τοῖς
544 720 688 752 δακτύλοις
705 720 788 748 αὐτοῦ
806 721 894 756 ὲσύρη

103 764 157 790 ὑπο
171 763 218 791 τοῦ
231 764 326 798 ἵππου,
338 765 385 792 καὶ
400 767 432 801 τῇ
447 765 514 801 ἕκτῃ
524 766 617 802 ἡμέρᾳ
630 766 753 802 τελευτᾷ.
777 766 834 801 Ἐφ’
845 762 867 800 ᾧ
881 767 896 793 ὁ

104 810 209 843 Θησεὺς
223 811 346 846 σφοδρῶς
372 812 505 844 ἀνιαθεὶς,
534 811 602 839 ἀλλὰ
633 811 675 849 [Ρ.
693 811 755 848 125]
785 812 832 839 καὶ
847 812 896 848 τὴν

102 856 222 892 Φαίδραν
236 857 324 884 καίτοι
344 858 431 885 πολλὰ
457 858 646 894 ὲξομνυμένην
668 859 826 894 λοιδορήσας
843 858 897 886 ἀπὺ

102 902 192 936 ὅψεως
207 903 346 939 ἐποίησεν.
363 904 436 939 Αὐτὴ
454 903 482 930 δὲ
507 905 539 938 τῇ
558 904 695 940 ὑπερϐολῇ
712 905 763 939 τῆς
779 904 896 936 θλίψεως

945 313 1004 340 est;
1022 309 1093 336 unde
1108 315 1134 337 et
1151 309 1266 345 Egeum
1283 311 1351 338 mari
1368 318 1467 338 nomen
1477 310 1584 345 obtigit.
1596 310 1731 337 Caeterum

946 354 1082 385 Theseus.
1100 354 1182 382 Creta
1216 356 1329 388 omissa,
1361 361 1453 391 spreta
1480 356 1563 384 etiam
1598 356 1731 386 Ariadna,

948 407 1029 435 quam
1052 399 1144 427 ferunt
1159 400 1185 427 itt
1206 401 1264 428 aede
1277 400 1352 429 lovis
1369 402 1504 437 virginem
1525 400 1666 428 desedisse
1682 401 1733 427 ibi-

945 453 998 481 que
1014 450 1161 476 mortuam.
1177 446 1328 474 Thessaliae
1351 454 1469 482 regnum
1485 447 1592 481 accepit
1606 453 1734 473 uxorem-

945 499 999 526 que
1015 491 1093 519 duxit
1108 492 1262 520 Phaedram.
1279 492 1342 520 Hac
1359 494 1430 528 apud
1451 492 1540 527 ipsum
1558 492 1627 518 falso
1643 491 1733 518 delata

946 539 998 566 fuit
1018 547 1080 566 cum
1101 538 1248 574 Hippolyto
1272 539 1400 574 privigno
1424 546 1486 571 suo,
1509 539 1556 574 qui
1573 538 1681 566 Theseo
1700 545 1732 565 ex

946 584 1044 620 pellice
1067 588 1150 612 natus
1169 584 1270 616 fuerat,
1295 591 1398 620 corpus
1415 592 1464 620 per
1483 584 1649 611 adulterium
1667 585 1735 611 mis-

946 632 1046 659 cuisse.
1073 631 1112 658 Ac
1137 630 1301 666 Hippolytus
1325 631 1435 666 quidem
1451 638 1513 658 eum
1534 638 1619 665 eques
1638 637 1735 664 aprum

946 677 1148 712 insequeretur.
1165 684 1236 711 equo
1247 684 1393 709 excussus,
1403 677 1518 704 habenis
1529 684 1628 703 manus
1643 675 1736 710 digitis

946 722 1107 757 implicatis,
1133 722 1168 750 ab
1183 730 1254 757 equo
1271 727 1397 757 raptatus
1414 726 1492 750 sexto
1512 725 1572 756 post
1587 721 1631 748 die
1652 721 1734 747 vitam

946 768 1057 796 clausit.
1073 767 1132 801 Qua
1153 776 1182 796 re
1197 776 1260 796 cum
1273 768 1300 795 in
1313 768 1463 795 maximum
1479 767 1602 795 venisset
1614 766 1735 793 dolorem

947 813 1081 846 Theseus,
1099 813 1394 849 Pltmdrazquanquam
1407 813 1555 848 dejeranti,
1571 811 1736 839 adulterium

947 860 1132 895 exprobravit.
1150 867 1267 895 eamque
1283 867 1299 887 e
1315 863 1464 895 conspectu
1482 866 1532 887 suo
1544 859 1671 886 removit.
1688 857 1737 888 Ea,

948 905 1103 933 calamitate
1119 905 1265 933 imtnodica
1278 905 1388 938 alllicta,
1405 912 1525 933 mmrore
1535 905 1674 932 exstincta
1683 908 1736 931 est.

100 948 323 985 δεινοπαθήσασα
338 949 488 986 ἐτεθνήκει.
506 951 573 977 Τότε
586 950 633 977 καὶ
647 950 802 985 Εὐρυσθεὺς
814 951 897 986 ἐκρά-

950 950 1027 979 Tune
1040 951 1124 978 etiam
1141 951 1313 987 Eurystheus
1327 958 1442 986 regnum
1462 951 1545 986 216
1566 951 1594 977 in
1613 949 1738 977 Lacedae-

101 1003 145 1021 τει
160 995 216 1022 τῶν
229 996 451 1031 Λακεδαιμονίων
467 996 514 1030 ἐτη
531 995 574 1031 μβ¹
600 996 648 1023 καὶ
671 995 747 1024 ἄλλοι
770 995 828 1032 μετ’
847 996 896 1022 αὑ-

101 1041 150 1068 τὸν
163 1045 198 1076 η’.
211 1042 251 1068 Τὰ
263 1042 289 1068 δὲ
307 1042 396 1069 πάντα
408 1043 456 1078 ἔτη
467 1043 601 1077 κατέσχεν
612 1043 628 1077 ἡ
640 1043 730 1069 αὐτῶν
744 1035 817 1077 ἀρχῆ
828 1045 896 1070 τκε’.

143 1087 206 1114 Ὀτι
225 1089 254 1122 εν
267 1089 324 1120 ταῖς
339 1088 447 1123 χρόνοις
462 1088 550 1116 Σαοὺλ
568 1088 677 1124 πρῶτον
698 1088 792 1122 ἀγῶνα
807 1088 832 1114 οἱ
850 1088 898 1114 Πι-

105 1134 180 1160 σαῖοι
195 1134 225 1160 ἐν
246 1134 384 1170 Ὀλυμπία
415 1134 594 1162 κατεδάλοντο
612 1136 660 1161 καὶ
687 1136 730 1161 Διὶ
758 1134 898 1169 Ὀλυμπίῳ

103 1181 244 1216 κοσμικὴν
269 1180 383 1217 πρώτην
415 1181 580 1208 ἐπετέλεσαν
617 1181 725 1217 ἑορτήν.
758 1180 897 1207 Ἐντεῦθεν

103 1227 179 1253 κατὰ
194 1227 316 1262 τέσσαρα
330 1227 378 1262 ἐτη
392 1227 436 1253 τὸν
454 1227 549 1261 ἀγῶνα
569 1227 617 1254 καὶ⁸
630 1227 682 1263 τὴν
698 1226 795 1262 ἑορτὴν
807 1227 898 1253 ὲπιτε-

104 1272 228 1305 λοῦντες,
257 1273 444 1308 Ὀλυμπιάδας
467 1273 518 1305 τὰς
540 1273 753 1308 τετραετηρίδας
779 1272 898 1308 καθεξῆς

107 1319 257 1353 ἡρίομουν.
281 1319 325 1345 ‘Ev
340 1316 380 1349 οἷς
397 1319 506 1355 χρόνοις
520 1319 568 1347 καὶ
590 1319 731 1353 Κορίνθιοι
749 1320 818 1354 μετὰ
834 1320 897 1352 τοὺς

104 1363 339 1398 Λακεδαιμονίους
349 1365 552 1400 τοπαρχοῦντες
569 1365 707 1400 Ἑλλήνων
718 1364 898 1392 ἐϐασίλευσαν

105 1410 141 1435 τὰ
159 1410 250 1437 πάντα
267 1410 315 1445 ἐτη
331 1414 396 1445 τιην.
418 1411 474 1437 Καὶ
500 1411 570 1446 μετὰ
585 1411 732 1446 Δάρδανον,
760 1411 805 1437 τὸν
821 1410 893 1437 Ἴλου

107 1456 177 1487 υἱον,
190 1457 236 1483 καὶ
249 1457 295 1483 τον
312 1457 449 1493 Δαρδάνου
460 1457 519 1484 υἱον
531 1458 715 1493 Λαομέδοντα,
731 1458 867 1493 Πρίαμος,
883 1458 899 1484 ὁ

108 1503 308 1537 Λαομέδοντος,
325 1503 375 1538 τῆς
389 1504 505 1539 Φρυγῶν
520 1503 612 1540 χώρας
625 1503 808 1540 ἀνηγορεύετο
820 1504 898 1539 βασι-

110 1547 184 1580 λεύς.
198 1549 264 1576 Τότε
279 1549 327 1576 καὶ
338 1550 369 1576 τὸ
380 1549 516 1585 Δάρδανον
529 1550 577 1577 καὶ
590 1550 621 1576 τὸ
632 1550 714 1577 Ἴλιον
727 1550 774 1577 καὶ
787 1550 804 1586 ἡ
822 1550 899 1586 Γροία

109 1595 157 1620 καὶ
174 1595 191 1630 ἡ
208 1596 284 1622 πᾶσα
312 1595 389 1632 χώρα
414 1595 535 1631 Φρυγίας
553 1595 601 1622 ἐπὶ
618 1595 673 1623 τῶν
689 1596 802 1632 ἡμερῶν
817 1597 898 1624 ἐκπε-

109 1641 291 1676 τιολιόρκηται
306 1641 444 1677 Πριάμου.
466 1640 500 1668 Ἦ
510 1641 538 1668 δὲ
551 1641 626 1668 αιτία
636 1642 686 1675 τῆς
701 1642 899 1678 καταδῃώσεως

115 1687 290 1721 Ἀλέξανδρος
305 1687 319 1714 ό
338 1687 385 1714 καὶ
401 1687 499 1723 Πάρις.
526 1686 629 1714 Τούτου
653 1688 707 1724 γὰρ
723 1688 900 1723 γεννηθέντος

109 1732 166 1760 ὑπὸ
183 1733 310 1768 Πριάμου
338 1733 463 1768 χρησμὸς
489 1733 563 1768 αὐτῷ
586 1733 744 1760 ἁναδέδοται
762 1733 898 1766 τοιοῦτος’

114 1787 124 1805 ι
140 1779 257 1814 Ἐτέχθη
274 1787 314 1805 σοι
337 1779 423 1814 Πάρις
439 1779 592 1814 δύσπαρις·
616 1779 828 1816 τριακοντούτης
846 1780 900 1816 γὰρ

110 1824 259 1860 γενόμενος
277 1824 366 1851 ὀλέσει
381 1824 520 1859 βασιλείαν
543 1823 670 1859 Φρυγῶν.
695 1833 704 1850 ι
721 1824 809 1857 Εὐθὺς
821 1823 869 1852 οὖν
887 1825 901 1851 ὁ

114 1870 242 1906 Πρίαμος
280 1869 457 1906 Ἀλέξανδρον
487 1871 677 1906 μετονομάσας
710 1870 833 1906 επεμψεν
861 1872 901 1902 εἰς

109 1917 207 1952 ὰγρδν,
224 1916 343 1952 Μανδρῶ
368 1917 527 1951 λεγόμενον,
548 1916 840 1951 γαλακτοτροφηθῆναι
853 1916 902 1943 καὶ

113 1963 266 1998 αὐξηθῆναι
282 1962 359 1998 παρὰ
369 1962 482 1998 γηπόνῳ
495 1963 560 1996 τινὶ,
571 1963 652 1998 ἄχρις
661 1959 692 1990 οὖ
706 1962 742 1989 τὰ
755 1962 902 1998 τριάκοντα

111 2009 160 2042 ἐτη
179 2009 226 2036 τοῦ
254 2008 382 2044 χρησμοῦ
407 2008 541 2044 παρέλθῃ.
565 2009 694 2043 Ἐποίησε
707 2008 736 2035 δὲ
750 2008 797 2035 καὶ⁵
812 2009 901 2043 τεῖχος

113 2055 188 2089 μέγα
203 2055 232 2081 ὲν
246 2054 284 2090 τῷ
300 2053 389 2090 ἀγρῷ,
404 2053 419 2080 ὃ
439 2054 488 2081 καὶ
503 2054 605 2090 Πάριον
627 2054 782 2089 ὠνόμασεν.
803 2054 876 2081 Ἐκεῖ
887 2053 902 2080 ὸ

113 2102 200 2137 Πεὶρις
214 2102 326 2137 διάγων,
352 2102 476 2138 εὐμαθής
487 2110 517 2128 τε
535 2102 600 2138 περὶ
614 2102 649 2128 τὰ
657 2103 810 2138 γράμματα
825 2102 902 2137 γενό-

114 2156 195 2183 μενος
222 2147 271 2175 καὶ
302 2147 428 2179 παιδείας
457 2147 488 2174 οὐ
515 2147 566 2183 τῆς
593 2147 728 2182 τυχούσης
747 2147 902 2182 μετασχὼν,

112 2194 333 2229 ἑγκωμιαστικδν
347 2193 426 2228 λόγον
446 2193 494 2220 καὶ
513 2193 598 2228 ὕμνον
615 2194 655 2225 εις
672 2193 721 2229 τὴν
741 2193 902 2229 ’Δφροδίτην

111 2238 266 2273 διετάξατο,
286 2239 336 2276 τὴν
351 2239 500 2275 ἐπιθυμίαν
515 2239 599 2274 αὐτὴν
613 2239 701 2274 λέγων
724 2237 807 2272 εἶναι,
819 2238 848 2273 ἐξ
867 2236 902 2275 ἧς

912 1618 933 1648 C

947 997 1056 1025 monios
1072 997 1169 1032 gessit,
1188 1004 1275 1025 annos
1287 997 1332 1029 42,
1351 1001 1377 1024 ct
1394 1001 1455 1032 post
1470 997 1546 1023 lllunt
1568 995 1681 1023 fuerunt
1692 995 1738 1022 alii

947 1047 1010 1071 octo
1024 1050 1113 1078 reges.
1127 1043 1242 1070 Duravit
1255 1043 1281 1070 id
1299 1050 1412 1078 regnutn
1429 1049 1517 1068 annos
1533 1041 1596 1069 525.

983 1088 1058 1116 Sauli
1076 1093 1198 1124 tempore
1210 1089 1327 1124 primtttn
1345 1092 1484 1115 certamen
1502 1086 1582 1114 Pisai
1599 1086 1632 1114 ad
1647 1085 1741 1121 Olynto

947 1134 1019 1169 piam
1032 1135 1222 1167 instituerunt,
1237 1134 1353 1170 Jovique
1366 1134 1492 1170 Olympio
1502 1134 1618 1170 primam
1634 1133 1738 1160 solem-

948 1187 1009 1207 ttetn
1032 1180 1208 1208 festivitatem
1233 1181 1454 1208 celebraverunt.
1469 1179 1533 1206 Inde
1549 1177 1740 1214 quadrienniis

947 1227 1064 1262 singulis
1089 1226 1116 1254 id
1139 1227 1306 1254 sacrificium
1333 1227 1476 1256 iterantes,
1498 1226 1584 1252 lustra
1599 1223 1740 1260 Olympia-

948 1273 1013 1300 dum
1028 1273 1139 1300 nomine
1162 1273 1196 1300 ab
1212 1281 1245 1301 eo
1263 1273 1342 1300 initio
1355 1277 1578 1299 tmnwraVet-nnt.
1596 1270 1656 1303 Quo
1673 1274 1741 1297 tem-

948 1326 1014 1354 pore
1033 1319 1116 1347 etiam
1134 1318 1271 1347 Corinthii
1291 1323 1352 1354 post
1381 1317 1615 1349 Lacedaemonios,
1631 1316 1742 1352 regione

949 1365 977 1393 in
993 1373 1072 1392 suam
1087 1370 1249 1400 potestatem
1266 1365 1386 1396 redacta.
1399 1364 1510 1392 Graeciaa
1526 1370 1639 1398 regnum
1654 1369 1742 1390 annos

948 1411 1061 1439 omnino
1084 1411 1136 1439 318
1161 1412 1350 1439 obtinuerunt.
1382 1411 1415 1438 Et
1438 1414 1500 1446 post
1527 1410 1683 1436 Dardanum
1710 1407 1741 1435 Ili

950 1458 1048 1491 liliunt,
1063 1465 1095 1485 ac
1118 1457 1332 1485 Laomedontem
1357 1456 1476 1484 Dardani
1494 1456 1592 1488 lilium,
1616 1453 1742 1481 Priamus

949 1502 1145 1531 Laomedontis
1177 1502 1251 1531 ﬁlius
1279 1503 1404 1538 Phrygiae
1429 1509 1478 1530 rex
1507 1501 1666 1529 declaratus
1687 1504 1741 1527 est.

950 1548 1007 1577 Sub
1025 1556 1080 1584 quo
1102 1547 1258 1577 Dardanum
1271 1548 1363 1581 Ilium,
1381 1547 1466 1584 Troja
1493 1554 1525 1574 ac
1541 1551 1597 1574 tota
1625 1545 1743 1581 Phrygia

949 1595 1042 1623 excisa
1058 1599 1133 1622 suttt.
1143 1595 1261 1623 Causam
1271 1595 1295 1623 ei
1306 1594 1488 1623 devastationi
1504 1592 1744 1629 prazhuitAlexan-

950 1641 1010 1674 der,
1041 1642 1097 1670 alio
1125 1641 1237 1670 nomine
1267 1640 1347 1668 Paris
1380 1641 1481 1668 dictus.
1515 1639 1542 1667 ls
1567 1646 1630 1666 cum
1662 1642 1744 1666 natus

950 1688 1060 1716 Priamo
1085 1692 1169 1721 esset,
1186 1688 1240 1716 tale
1265 1687 1409 1716 oraculum
1438 1686 1509 1722 patri
1536 1689 1578 1713 est
1600 1684 1740 1712 allatum:

954 1744 964 1761 ι
979 1735 1059 1763 Paris
1073 1735 1168 1762 infelix
1186 1734 1234 1761 tibi
1250 1739 1331 1762 natus
1347 1738 1399 1767 est,
1418 1732 1464 1768 qui
1485 1740 1558 1759 anno
1580 1731 1669 1758 etatis
1687 1737 1745 1758 suae

951 1781 1094 1808 tricesimo
1107 1779 1234 1816 Phrygia:
1248 1787 1364 1816 regnum
1382 1780 1486 1814 perdet.
1506 1787 1515 1804 )
1536 1777 1633 1804 Statim
1650 1776 1742 1811 itaque

951 1825 1078 1853 Priamus
1108 1833 1170 1853 eutn
1215 1826 1327 1853 nomine
1355 1824 1504 1852 Alexandri
1533 1823 1682 1854 affectum,
1715 1823 1744 1849 in

951 1872 1085 1907 pmdlum
1119 1872 1163 1898 ctti
1192 1871 1307 1898 Mandro
1341 1878 1454 1902 nomen,
1483 1868 1609 1904 agricolae
1635 1867 1744 1896 cuidam

952 1918 1024 1946 lacte
1053 1917 1181 1945 alendunt
1215 1921 1242 1944 et
1274 1917 1448 1944 educandum
1475 1915 1627 1947 mandavit,
1656 1914 1746 1941 donec

951 1964 986 1991 30
1018 1964 1082 1991 anni
1111 1963 1222 1991 oraculo
1262 1962 1398 1998 designati
1423 1961 1606 1998 praeterirent.
1646 1962 1745 1988 Arcem

953 2018 1060 2045 quoque
1075 2010 1102 2037 in
1128 2017 1194 2045 agro
1212 2017 1338 2045 magnam
1360 2008 1508 2041 exstruxit,
1536 2007 1608 2042 quod
1633 2007 1743 2035 Parium

952 2056 1108 2092 appellavit.
1130 2056 1167 2084 lbi
1185 2058 1286 2091 degens
1302 2056 1392 2088 Paris,
1410 2063 1472 2082 eum
1497 2059 1524 2082 et
1548 2054 1657 2090 ingenio
1671 2058 1745 2082 esset

953 2102 1025 2131 felici
1041 2106 1070 2130 et
1085 2101 1262 2130 institutione
1287 2109 1342 2129 non
1372 2101 1475 2137 vulgari
1495 2097 1670 2130 formaretur,
1684 2106 1745 2126 ora-

953 2148 1053 2176 tionem
1068 2147 1249 2175 laudatoriam
1266 2152 1293 2175 et
1319 2149 1450 2183 hymnum
1468 2148 1495 2174 in
1522 2146 1656 2174 Venerem
1669 2153 1746 2172 com-

952 2195 1056 2230 posuit,
1073 2193 1168 2222 dicens
1182 2201 1243 2221 eam
1261 2201 1325 2221 csse
1348 2193 1541 2229 cupiditatem,
1559 2199 1620 2227 qua:
1643 2192 1744 2218 liberos

954 2240 1118 2275 sapientiam
1144 2243 1172 2268 et
1202 2244 1279 2267 artes
1300 2239 1372 2274 apud
1399 2239 1525 2266 homines
1542 2243 1569 2266 et
1583 2239 1662 2265 bruta
1679 2245 1744 2271 pro-

111 2287 161 2313 καὶ¹
187 2286 270 2312 τέκνα
292 2285 339 2312 καὶ
357 2285 455 2320 σοφίαν
478 2285 526 2312 καὶ
549 2285 646 2320 τέχνας
661 2286 689 2312 ἐν
711 2285 830 2320 λογικοῖς
852 2285 898 2312 καὶ

953 2290 1027 2314 creet
1041 2294 1048 2319 ;
1065 2285 1146 2321 217
1161 2293 1276 2320 eamque
1296 2285 1323 2312 in
1341 2284 1548 2320 comparatione
1569 2283 1697 2311 Minerva:
1712 2290 1744 2310 ac

112 2332 223 2366 ἀλόγοις
249 2331 454 2364 ἀποτίκτεσθαι,
470 2331 518 2358 καὶ
537 2331 622 2366 αὐτὴν
641 2332 674 2357 ὲν
691 2330 835 2366 συγκρίσει
851 2331 902 2366 τὴν

119 2377 281 2413 Ἀφροδίτην
296 2377 434 2409 Παλλάδος
448 2377 594 2413 προέκρινε
611 2378 659 2404 καὶ
675 2377 777 2412 Ἤρας.
795 2377 842 2404 Διὸ
855 2378 902 2405 καὶ

113 2423 303 2459 ὲμυθεύσαντο
318 2423 412 2450 τοῦτον
425 2424 522 2459 κριτὴν
546 2423 600 2450 τῶν
612 2423 696 2458 τριῶν
712 2425 857 2458 γενόμενον
868 2425 902 2460 τῇ

119 2470 266 2506 ’Δφροδίτῃ
280 2469 310 2496 τὸ
330 2469 416 2505 μῆλον
430 2469 515 2504 ἡγουν
530 2469 580 2504 τὴν
600 2470 679 2504 νίκην
694 2469 732 2500 ὡς
748 2468 802 2495 τῶν
816 2469 904 2496 ἄλλων

113 2515 251 2551 κρείττονι
263 2513 424 2550 βραϐεῦσαι,
436 2515 552 2541 Μετᾶδὲ
561 2515 624 2546 τοὺς
634 2515 781 2550 τριάκοντα
791 2515 904 2550 χρόνους

113 2561 293 2597 λογισάμενος
315 2562 330 2587 ό
357 2560 482 2596 Πρίαμος
506 2561 554 2588 τον
580 2562 645 2597 περὶ
670 2561 752 2588 αὐτοῦ
779 2561 904 2597 χρησμὸν

115 2607 275 2643 παρελθεῖν,
286 2608 499 2643 καταφρονήσας
509 2607 702 2642 προσηγάγετο
709 2608 800 2636 αὐτόν.
812 2608 905 2644 Γράμ-

116 2654 192 2689 ματά.
205 2662 234 2680 τε
251 2653 299 2681 καὶ
330 2654 404 2689 δῶρα
431 2654 479 2680 καὶ
500 2653 596 2685 θυσίας
624 2653 733 2685 ἐπιδοὺς
763 2654 832 2688 μετὰ
857 2654 904 2681 καὶ

116 2699 216 2726 ἑκατὸν
230 2699 380 2726 νεανίσκων
400 2699 514 2734 Φρυγῶν
529 2699 596 2734 πρὸς
613 2700 677 2731 τοὺς
697 2699 837 2735 τοπάρχας
851 2699 904 2726 Εὐ-

117 2745 214 2782 ρώπης
232 2746 359 2782 διασῆναι
376 2746 482 2773 κελεύει
498 2746 547 2772 καὶ
561 2746 598 2781 τῷ
614 2747 742 2782 Δαφναίῳ
757 2747 903 2782 Ἀπόλλωνι

117 2780 211 2824 θῦσαι,
223 2791 271 2819 καὶ
283 2780 391 2828 πρῶτον
402 2793 432 2818 ὲν
445 2793 478 2827 τῇ
495 2780 607 2828 Σπάρτῃ
621 2780 697 2819 πόλει
710 2780 760 2826 τῆς
781 2780 903 2824 Ἑλλάδος

117 2837 217 2870 ἐλθεῖν,
236 2838 287 2864 ὑπὸ
301 2837 431 2873 Μενελάῳ
440 2838 501 2865 τότε
519 2837 727 2875 βασιλευομένῃ,
740 2838 769 2870 ὃς
781 2840 837 2870 υιδς
855 2839 904 2874 μὲν

119 2884 296 2917 Πλεισθένους
310 2883 344 2921 ἦν
364 2884 482 2920 ἀληθῶς,
500 2885 552 2912 ὑπο
572 2885 601 2912 δὲ
620 2885 710 2920 Ἀτρεῖ
731 2885 837 2919 βασιλεῖ
849 2885 903 2912 τῶν

124 2931 267 2966 Ἀργείων,
283 2931 340 2967 ἅμα
352 2931 386 2968 τῷ
394 2931 444 2967 υἱῷ
454 2931 535 2959 αὑτοῦ
549 2931 731 2967 ’Δγαμὲμνονι
740 2932 902 2968 ἀνατραφεὶς

954 2332 1055 2360 Junoni
1081 2331 1212 2367 prtetulit.
1236 2331 1304 2359 Inde
1319 2336 1380 2359 orla
1404 2336 1445 2358 cst
1472 2330 1574 2362 fabula,
1591 2337 1652 2356 eum
1671 2328 1745 2356 arbi-

955 2385 1026 2406 trum
1046 2379 1180 2407 delectum
1198 2378 1270 2405 inter
1283 2377 1349 2405 deas
1366 2377 1464 2404 Veneri
1480 2377 1517 2405 uti
1531 2377 1628 2412 potiori
1643 2376 1744 2402 malum

953 2425 1076 2453 victoriae
1117 2425 1225 2459 signum
1260 2424 1445 2459 adjudicasse.
1483 2423 1593 2450 Exactis
1634 2421 1744 2455 triginta

955 2471 1046 2503 annis,
1063 2471 1188 2498 l'riamus
1204 2470 1308 2496 oraculi
1329 2469 1502 2504 tempusjam
1517 2468 1639 2494 exivisse
1656 2470 1744 2499 ratus,

955 2523 1071 2544 securus
1091 2515 1175 2543 animi
1191 2514 1316 2542 Paridem
1343 2513 1482 2549 produxit,
1498 2520 1616 2547 eumque
1644 2511 1745 2538 additis

954 2563 1009 2590 100
1023 2562 1175 2597 Phrygibus
1195 2560 1426 2591 adolescentibus,
1442 2567 1503 2586 cum
1521 2559 1631 2592 litteris,
1646 2565 1744 2584 mune-

954 2608 1032 2635 ribus
1058 2611 1086 2635 et
1116 2606 1236 2634 victimis
1261 2605 1294 2633 ad
1333 2606 1442 2640 regulos
1469 2605 1584 2640 Europa:
1617 2604 1744 2638 trajicere

951 2654 1036 2689 jussit
1064 2657 1092 2681 et
1131 2652 1269 2687 Daphnazo
1303 2651 1420 2687 Apollini
1459 2651 1625 2679 sat-rilicare.
1655 2649 1745 2677 l'rimo

954 2700 1077 2727 omnium
1094 2698 1172 2726 Paris
1199 2699 1271 2726 venit
1292 2698 1418 2732 Spartam
1435 2696 1548 2724 ϐαθεῖαι
1570 2695 1676 2727 urbem,
1696 2694 1744 2722 ubi

954 2746 1085 2781 regnabat
1104 2745 1252 2772 Manelaus.
1270 2744 1294 2772 ls
1308 2744 1454 2772 Plisthenis
1472 2744 1542 2771 [ilius
1557 2751 1587 2770 re
1601 2749 1665 2780 vera
1681 2741 1743 2772 fuit,

954 2792 1001 2820 sed
1020 2792 1054 2820 ab
1070 2793 1152 2819 Atreo
1178 2791 1343 2827 Argivorum
1364 2798 1426 2826 rege
1443 2797 1496 2817 una
1522 2797 1584 2816 eum
1601 2789 1661 2822 ejus
1687 2787 1744 2814 tllio

954 2838 1159 2873 Agamemnone
1188 2836 1331 2865 educatus
1359 2837 1466 2865 Atrides
1494 2835 1682 2871 appellabatur
1711 2840 1744 2860 ac

955 2884 1039 2912 frater
1052 2883 1274 2918 Agamemnonis.
1291 2883 1429 2910 Menelaus
1454 2882 1578 2909 Paridem
1595 2879 1744 2914 perhuma-

956 2931 1026 2959 uitcr
1053 2931 1171 2966 cxccpit,
1191 2930 1275 2966 inque
1299 2937 1349 2959 suo
1366 2929 1467 2965 palatio
1483 2927 1556 2956 omni
1570 2925 1667 2964 .omcio
1685 2929 1742 2954 stu-
