1990 3160
75 172 135 206 Ξῦῦ

624 171 901 204 HISTORIABUM
920 170 1186 205 COMPENDIUM.
1275 188 1299 211 δ

1663 177 1717 209 266

79 227 176 265 ροΰσιν
195 228 220 255 oi
234 229 315 263 τάφοι
336 228 390 256 τῶν
406 229 596 271 ἀνῃρημένων.
612 229 670 257 Νῦν
684 228 730 257 οὖν
750 231 775 256 οἱ
793 237 871 264 περι-

929 235 977 256 uos
999 228 1179 257 redimamus.
1204 227 1260 257 Vos
1277 236 1325 264 per
1342 229 1418 263 deus,
1445 238 1494 267 per
1515 231 1645 267 patriam,
1670 241 1718 268 per

79 273 243 308 λειφθέντες
260 275 341 310 ἡμεῖς
357 275 443 311 λύτρα
463 275 584 311 φέρομεν
595 276 670 310 ὑμῖν.
688 275 775 310 ’Υπὲρ
789 274 871 308 θεῶν,

77 321 151 356 ὑπὲρ
166 321 306 357 πατρίδος,
328 322 397 358 ὑπὲρ
420 323 534 350 τέκνων.
553 323 684 359 Ἕλληνες
702 323 791 354 ῠντες,
807 321 872 353 τοὺς

78 368 147 404 πρὶν
169 368 310 401 ἀπειθεῖς,
328 369 376 396 νῦν
394 370 486 402 ίκέτας
508 369 625 397 σώσατε.
647 378 657 395 ι
683 368 746 396 Ἐπὶ
767 367 872 399 τούτοις

78 413 241 446 πεισθέντες
257 416 281 441 οἱ
292 415 424 451 Ἕλληνες
443 415 574 442 Ὀδυσσέα
588 415 637 442 καὶ
654 414 792 450 Διομήδην
803 415 873 440 ἁπο-

82 459 225 486 στέλλουσι
253 460 302 495 τὴν
323 460 378 488 τῶν
402 461 553 496 χρημάτων
577 461 715 496 ποσότητα
736 459 872 488 τυπῶσαι.

78 504 173 540 Καίγε
179 505 325 532 ὲτύπωσαν
338 507 450 542 χρυσίου
465 507 585 534 τάλαντα
598 507 716 542 δισχίλια
728 507 775 533 καὶ
787 506 874 542 ἀργύ-

79 559 128 586 ρου
145 552 263 579 τάλαντα
270 552 398 588 δισχίλια,
412 553 503 580 καὶτὰ
519 553 633 586 δόξαντα
651 553 742 580 πάντα
756 552 875 588 κομισά-

82 606 161 633 μενοι
177 598 226 625 καὶ
246 599 452 634 ἀφορμηθέντες
461 601 511 635 τῆς
521 600 625 630 πόλεως
644 598 818 634 ὑπέστρεψαν
834 598 875 630 είς

75 644 123 670 τδν
141 644 268 679 στρατόν,
287 645 365 672 Μετὰ
379 645 465 672 ταῦτα
475 645 659 678 θυσιαζόντων
673 645 727 672 τῶν
741 644 874 679 Ἐλλήνων

77 691 127 717 καὶ
134 690 305 717 ἀποπλεῦσαι
315 690 498 727 βουλομένων,
506 692 610 724 πάντας
616 691 776 728 ὲνώρκωσεν
783 691 876 718 Ὀδυσ-

81 736 145 767 σεὺς
158 737 188 762 ὲν
198 737 257 767 ταῖς
271 736 376 767 θυσίαις
389 738 426 773 μὴ
439 737 612 764 ἀποπλεῦσαι
627 737 677 772 τῆς
689 738 768 764 Ἰλίου
783 737 846 773 πρὶν
856 737 873 772 ἢ

82 782 128 808 τὸν
139 782 258 818 δούρειον
276 782 358 809 ἵππον
374 783 645 818 κατασκευασθῆναι.
660 783 758 810 Ἔνθεν
772 791 815 810 τοι
827 783 875 810 καὶ

81 827 170 860 ξύλοις
185 830 240 860 τοῖς
261 829 478 864 ἀρμοδιωτάτοις
497 831 691 866 συμπήξαντες
707 831 754 857 καὶ
767 830 876 865 εὐφυῶς

78 875 354 910 κατακοσμήσαντες,
362 877 409 903 καὶ
416 877 477 908 ταῖς
490 876 600 903 Ἐπειοῦ
611 876 799 911 τεχνουργίαις
809 878 876 903 θαυ-

77 920 185 955 μαστὸν
209 921 291 948 αὑτὸν
309 921 458 957 ὑπερφυῶς
482 922 757 957 κατασκευασάμενοι
773 922 876 954 πάσαις

78 967 330 1001 μηχανορραφίαις,
346 966 417 994 ὥστε
431 969 478 994 καὶ
503 968 622 1003 στρατὸν
644 968 875 1004 εικοσιτεσσάρων

73 1014 196 1041 ὁπλιτῶν
206 1014 281 1041 ἔνδον
294 1015 450 1050 κρύπτοντα
460 1014 579 1042 ἁϐίαστα
587 1014 632 1042 διὰ
643 1015 823 1050 τροχιλίσκων
833 1014 876 1041 ἑλ-

74 1057 198 1093 κόμενον
208 1058 259 1093 τῆς
281 1058 411 1094 φορδειᾶς
437 1058 605 1092 ἀκολουθεῖν,
627 1058 673 1085 καὶ
691 1058 786 1086 τοῦτον
804 1058 875 1086 οὕτω

72 1104 288 1140 τεκτηνάμενοι,
304 1106 353 1137 τὰς
364 1105 468 1141 σκηνάς
476 1114 505 1132 τε
517 1105 740 1137 κατακαύσαντες
749 1105 796 1132 καὶ
807 1105 875 1132 ἁπο-

74 1149 246 1182 πλεύσαντες
256 1151 302 1177 καὶ
311 1151 350 1182 είς
359 1151 470 1178 Τένεδον
479 1151 633 1186 ὑποθήκαις
650 1151 800 1183 Ὀδυσσέως
808 1152 875 1178 ἀπο-

74 1195 226 1230 κρυὸέντες
241 1195 290 1232 τὴν
303 1196 395 1230 νῆσον,
410 1196 458 1223 ἕνα
481 1197 543 1224 τινὰ
563 1198 687 1232 γενναῖον
703 1197 788 1233 ἄνδρα
807 1205 872 1224 κατ-

74 1241 265 1276 αικισάμενοι,
293 1242 341 1268 καὶ
360 1242 479 1278 μετρίως
502 1242 586 1269 αὐτὸν
615 1242 876 1278 ἀκρωτηριάσαντες

77 1287 208 1315 ἐθέλοντα
233 1288 280 1315 καὶ
308 1287 439 1323 χαίροντα
453 1288 494 1324 τῷ
521 1289 625 1323 ἐπαίνῳ
638 1289 685 1315 καὶ
711 1288 750 1324 τῷ
776 1288 875 1324 μισθῷ,

77 1334 218 1369 προδότην
242 1335 356 1369 ἀφιᾶσιν
381 1334 479 1362 αὐτόν·
496 1334 525 1367 ὃς
540 1325 803 1370 διαπυνθανομένοις
818 1335 876 1366 τοῖς

80 1380 232 1416 βαρσάροις
245 1379 271 1407 τί
290 1380 326 1407 ἂν
339 1381 382 1415 εἴη
396 1381 426 1407 τὸ
443 1380 624 1416 προκείμενον
642 1380 723 1415 ἔργον
738 1381 812 1408 τουτὶ
830 1380 878 1407 καὶ

80 1426 150 1461 πρὸς
167 1426 194 1452 τί
219 1425 340 1462 φέροιτο,
367 1426 537 1462 ἀπεκρίνατο
557 1426 657 1460 λέγων’
680 1426 725 1462 Τῷ
740 1425 805 1462 ίερῷ
827 1426 876 1461 τῆς

87 1471 206 1506 Ἀθηνᾶς
222 1471 381 1498 ἀνατιθέασι
399 1472 498 1499 Δαναοὶ
515 1471 604 1505 τοῦτο,
623 1472 692 1507 ὁμοῦ
710 1472 759 1507 μὲν
778 1471 878 1499 ἀπολο-

81 1517 144 1551 τίαν
158 1517 229 1553 ὑπὲρ
251 1514 288 1545 ὦν
308 1518 349 1549 εἰς
368 1519 418 1554 τὴν
431 1518 509 1545 πόλιν
523 1518 610 1553 αὐτῆς
632 1517 675 1554 [Ρ.
693 1518 756 1555 i153]
779 1518 876 1555 ἠδίκη-

80 1572 142 1598 σαν,
153 1565 221 1600 ὁμοῦ
237 1564 266 1590 δὲ
281 1564 329 1591 καὶ
344 1564 431 1600 δῶρον
445 1564 525 1591 τοῦτο
542 1564 612 1600 ὑπὲρ
627 1565 677 1600 τῆς
694 1565 733 1596 εἰς
750 1565 799 1596 τὰς
813 1565 877 1591 ἑαυ-

78 1610 135 1637 τῶν
161 1611 297 1646 πατρίδας
330 1610 469 1646 σωτηρίας
494 1610 542 1637 xal.
576 1611 617 1643 εἰς
643 1611 756 1646 μνήμην
781 1610 873 1637 αὐτῶν

79 1655 212 1690 ἁφιεροῦν
236 1655 381 1692 κεκρίκασι
402 1655 466 1682 δεῖν.
489 1655 521 1681 Ol
550 1655 642 1682 τοίνυν
664 1655 759 1691 Τρῶες
779 1655 876 1691 πειθή-

79 1711 134 1729 νιοι
148 1702 255 1733 τούτοις
281 1703 440 1737 γενόμενοι,
458 1702 587 1734 λαϐόντες
606 1702 655 1729 σὺν
678 1701 799 1738 εὐθυμία
825 1702 873 1729 καὶ

79 1749 205 1783 χαρμονῇ
233 1747 277 1774 τὸν
301 1747 422 1782 δούρειον
443 1748 537 1780 ἵππον,
561 1747 661 1783 μᾶλλον
684 1748 712 1774 δὲ
735 1748 781 1775 τὸν
810 1748 876 1775 ίδιον

78 1793 202 1828 ὄλεθρον,
221 1793 269 1820 καὶ
291 1793 435 1826 καλωδίοις
446 1794 606 1826 ἀνέλκοντες
619 1793 666 1821 καὶ
678 1793 832 1825 εὐάζοντες,
842 1793 875 1820 τὸ

80 1838 132 1872 τῆς
147 1839 236 1874 πύλης
259 1839 416 1874 ὑπέρθυρον
432 1840 547 1876 ἄραντες
562 1841 618 1871 τοῖς
633 1839 681 1866 τοῦ
701 1839 762 1866 θεοῦ
784 1839 875 1867 αὐτῶν

80 1884 189 1915 ἀδύτοις
206 1885 275 1919 μετὰ
289 1885 345 1911 τῶν
361 1884 466 1920 ἐχθρῶν
483 1885 641 1921 είσήγαγον.
661 1885 706 1912 Ἐν
722 1884 750 1911 δὲ
771 1884 811 1919 τῷ
828 1893 877 1920 με·

82 1931 216 1966 σονυκτίῳ
229 1932 254 1957 οἱ
266 1933 295 1958 ὲν
311 1932 351 1966 τῷ
367 1932 444 1967 ἵππῳ
461 1932 595 1967 λοχῶντες
614 1932 663 1959 ἐπὶ
678 1932 777 1967 σχολῆς
795 1932 878 1957 ἐκπε-

83 1976 248 2012 πηδηκότες,
269 1977 352 2004 αὐτόν
376 1986 406 2003 τε
424 1978 470 2004 τὺν
490 1977 617 2013 Πρίαμον
638 1977 762 2008 καὶτοὺς
778 1977 877 2008 παῖδας

81 2020 164 2047 αὑτοῦ
183 2021 336 2054 ἀνελόντες.
346 2022 392 2048 τόν
411 2031 441 2048 τε
459 2022 594 2057 Δηῖφοδον
605 2021 876 2058 ἀκρωτηριάσαντες,

80 2067 112 2095 τὸ
122 2068 220 2103 πλῆθος
230 2069 257 2095 δὲ
267 2068 322 2095 τῶν
331 2068 435 2103 ἀνδρῶν
446 2068 668 2102 ἀποκτείναντες,
678 2069 794 2104 πυρσοῖς
806 2068 878 2104 μάλα

80 2114 218 2150 λαμπροῖς
234 2116 280 2142 καὶ
291 2117 397 2150 συχνοῖς
406 2116 461 2146 τοῖς
473 2115 505 2142 ὲκ
514 2115 561 2142 τοῦ
580 2115 686 2150 τείχους
699 2115 745 2141 τὸν
755 2115 808 2142 τῶν
825 2115 878 2142 Δα-

82 2161 154 2186 ναῶν
165 2161 256 2187 στόλον
263 2161 331 2196 πρὸς
342 2162 455 2192 ἑαυτοὺς
463 2162 647 2197 ἐπέστρεψαν.
657 2161 779 2197 Ἡμέρας
788 2161 816 2188 δὲ
826 2161 877 2197 ήδη

84 2206 253 2242 διαγελώσης
266 2208 314 2234 καὶ
331 2208 408 2234 αὐτοὶ
420 2209 611 2244 παραστάντες
624 2208 686 2240 τοὺς
699 2208 877 2242 ὑπολειφθέν-

930 274 1032 303 liberos
1053 276 1236 310 obtestamur,
1268 275 1357 304 Gnaei
1385 284 1448 304 eum
1477 279 1550 311 sitis,
1578 279 1718 314 supplices

928 328 1003 348 nunc
1019 325 1136 354 vestros,
1149 321 1289 356 quondam
1307 325 1498 357 contumaces,
1516 323 1694 351 miseremini.
1706 334 1727 349 ιη

928 365 977 393 llis
990 366 1057 394 moti
1071 365 1163 394 Graeci
1179 365 1302 402 Ulyssem
1320 371 1347 395 et
1361 367 1519 397 Diomedem
1532 369 1656 401 mittunt,
1672 371 1719 404 qui

929 412 1034 447 argenti
1048 412 1157 448 pondus
1170 412 1322 448 signarent.
1337 413 1574 450 Signaveruntque
1587 416 1605 443 ii
1617 415 1720 443 talenta

930 459 990 486 auri
1009 459 1053 486 bis
1075 458 1149 486 mille
1164 458 1333 494 totidemque
1349 460 1468 494 argenti.
1486 461 1612 496 Cumque
1627 462 1720 489 omnia

930 511 980 539 pro
1003 511 1054 532 suo
1071 504 1187 531 arbitrio
1211 504 1399 536 abstulissent,
1427 513 1461 532 ex
1484 507 1552 533 urbe
1576 507 1604 533 in
1623 511 1719 534 castra

929 550 1031 577 reversi
1055 554 1130 577 sunt.
1155 550 1222 578 Post
1246 549 1304 577 haec
1329 549 1550 579 sacriﬁcantibus
1568 551 1672 580 Graecis
1693 557 1721 580 et

929 595 1082 623 discessum
1091 596 1263 630 parantibus,
1276 595 1388 631 Ulysses
1400 596 1543 624 universos
1556 597 1629 625 inter
1640 605 1720 626 sacra

928 641 1110 677 jurejurando
1127 642 1258 669 astrinxit
1272 650 1326 670 non
1347 648 1411 670 ante
1431 643 1603 672 discessuros
1624 645 1658 672 ab
1671 645 1720 672 llio

931 696 1014 724 quam
1032 696 1121 724 equus
1141 688 1258 724 ligneus,
1275 689 1321 724 qui
1336 689 1372 717 ob
1384 689 1411 717 id
1422 695 1449 717 et
1465 689 1582 717 Dureius
1594 697 1719 725 vocatur,

930 734 1073 762 absolutus
1089 739 1172 762 esset.
1187 734 1266 763 Hune
1284 735 1384 767 Graeci,
1405 735 1470 770 Epei
1489 736 1618 768 artificio,
1632 737 1719 772 lignis

930 781 1146 809 concinniSsime
1160 782 1322 816 compactis,
1339 781 1441 817 insigni
1455 786 1555 809 ornatu
1571 783 1721 811 admirabi-

930 828 1003 863 lique
1017 835 1100 863 opere
1113 832 1340 862 construxerunt,
1355 829 1392 856 ita
1408 834 1438 856 ut
1450 829 1525 858 intus
1538 830 1574 858 24
1587 831 1721 858 militibus

931 874 1023 908 gravis
1050 877 1197 900 armatura:
1224 873 1337 907 abditis,
1362 874 1460 902 rotulis
1480 866 1640 910 impositus
1668 879 1721 903 tra-

893 915 914 943 B
929 920 1025 946 hentes
1038 919 1117 954 231
1135 921 1287 954 capistrum
1302 920 1381 948 facile
1393 926 1565 956 sequeretur.
1585 921 1622 948 Eo
1636 923 1720 950 abso-

927 965 984 992 luto
998 965 1174 993 tabernacula
1185 974 1234 993 sua
1254 967 1480 1001 combusserunt,
1493 974 1518 995 cl
1537 968 1564 995 in
1579 968 1719 997 Tenedum

927 1011 1047 1039 insulam
1064 1012 1228 1047 navigantes
1245 1012 1282 1040 ibi
1298 1020 1359 1040 sese
1376 1013 1587 1041 occultaverunt
1609 1013 1717 1050 Ulyssis

927 1058 1054 1090 consilio,
1079 1057 1270 1086 tantummodo
1300 1058 1400 1086 relicto
1421 1059 1573 1094 proditore,
1608 1059 1719 1088 homine

927 1104 1055 1140 generosi
1081 1104 1178 1136 animi,
1200 1104 1246 1139 qui
1267 1104 1348 1132 laude
1365 1109 1392 1132 et
1406 1105 1520 1140 praemio
1537 1106 1668 1134 inductus
1683 1108 1717 1134 ad

927 1151 980 1178 hoc
996 1157 1058 1178 sese
1074 1151 1236 1178 vulneribus
1253 1150 1414 1178 foedandum
1441 1154 1468 1179 et
1489 1151 1619 1179 extremis
1633 1152 1720 1188 parti-

927 1195 980 1222 bus
997 1195 1095 1223 leviter
1110 1194 1293 1222 mutilandnm
1311 1196 1385 1224 ultro
1401 1196 1566 1231 praebuerat.
1581 1196 1607 1224 ls
1622 1196 1722 1224 Barba.

927 1241 967 1268 ris
982 1240 1217 1275 interrogantibus
1229 1241 1360 1276 quidnam
1377 1241 1429 1269 sibi
1446 1242 1500 1269 ista
1513 1241 1575 1277 equi
1593 1242 1720 1270 machina

927 1286 1020 1326 vellet,
1047 1286 1192 1322 respondit
1222 1286 1334 1314 Graecos
1358 1294 1419 1315 eam
1454 1289 1554 1323 templo
1592 1287 1721 1316 Minerva:

927 1337 1094 1359 consecrare
1109 1335 1192 1367 atque
1204 1331 1344 1365 dedicare,
1359 1332 1467 1360 comod
1482 1333 1631 1367 expiandas
1649 1342 1718 1370 quas

927 1379 988 1414 ejus
1004 1379 1065 1407 urbi
1081 1380 1240 1408 intulissent
1257 1380 1387 1416 injurias,
1410 1385 1466 1408 tum
1481 1385 1511 1409 ut
1528 1386 1601 1410 esset
1615 1382 1718 1410 donum

927 1431 977 1460 pro
990 1425 1079 1452 reditu
1097 1424 1221 1460 ipsorutn
1248 1425 1275 1452 in
1298 1426 1415 1460 patriam
1435 1426 1613 1461 ipsorumque
1629 1428 1719 1454 moni-

928 1475 1062 1498 mentum.
1094 1470 1180 1500 Troes
1213 1479 1280 1507 ergo
1309 1472 1353 1500 his
1381 1472 1462 1500 [idem
1493 1473 1626 1501 habentes
1656 1481 1719 1501 cum

928 1517 1029 1553 gaudio
1042 1522 1068 1546 et
1084 1518 1177 1546 laetitia
1191 1518 1320 1546 Dureium
1334 1527 1434 1554 equum
1451 1519 1518 1556 (imo
1533 1524 1623 1547 autem
1642 1527 1719 1547 suam

929 1564 1052 1599 ipsorum
1080 1564 1242 1600 perniciem)
1268 1564 1380 1593 fortibus
1407 1565 1548 1601 alligatum
1575 1566 1602 1593 in
1624 1566 1719 1593 urbem

922 1614 1083 1643 traxerunt,
1116 1618 1239 1646 paeanem
1262 1612 1444 1645 accinentes;
1474 1616 1616 1647 portaque
1639 1619 1722 1648 supe-

928 1656 1000 1684 riore
1011 1656 1106 1685 limine
1119 1663 1221 1691 amoto,
1238 1665 1302 1685 eum
1320 1662 1350 1685 ut
1369 1663 1431 1686 erat
1449 1659 1576 1686 hostibus
1592 1659 1720 1692 refertus,

927 1702 956 1730 in
972 1703 1114 1738 penetrale
1128 1703 1188 1731 deat
1205 1704 1428 1732 introduxerunt.
1447 1704 1532 1733 Media
1551 1710 1630 1733 nocte
1642 1706 1660 1732 ii
1673 1702 1721 1742 qui

927 1748 954 1776 in
969 1756 1041 1784 equo
1055 1756 1103 1784 per
1115 1749 1232 1778 insidias
1246 1749 1333 1777 abditi
1353 1749 1486 1782 latebant,
1502 1756 1581 1786 capto
1597 1756 1722 1787 tempore

929 1793 1099 1828 desilientes,
1112 1795 1253 1824 Priamum
1273 1796 1389 1831 ejusque
1407 1795 1478 1825 ﬁlios
1495 1796 1637 1830 occidunt,
1654 1797 1716 1825 Dei-

929 1841 1050 1877 phobum
1073 1843 1206 1870 extremis
1225 1843 1352 1878 corporis
1373 1843 1501 1878 partibus
1515 1846 1646 1871 trum-ant
1666 1851 1721 1876 ;ac

929 1887 1108 1916 multitudine
1120 1887 1242 1915 hostium
1258 1888 1404 1922 trucidata,
1419 1889 1525 1916 crebris
1543 1897 1576 1916 ac
1592 1889 1722 1924 fulgenti-

929 1934 982 1961 bus
994 1933 1106 1969 ignibus
1120 1933 1155 1961 de
1171 1941 1251 1961 muro
1266 1934 1360 1967 editis,
1378 1935 1461 1963 classi
1482 1934 1586 1963 Graecae
1600 1934 1634 1962 ad
1648 1935 1722 1969 ipsos

929 1980 1083 2008 revertendi
1104 1980 1213 2016 signum
1240 1980 1381 2009 exhibent.
1415 1981 1449 2009 Ut
1474 1981 1595 2017 primum
1621 1981 1722 2013 illuxit,

930 2026 1023 2054 caeteri
1052 2027 1134 2054 etiam
1162 2026 1322 2055 adfuerunt.
1348 2027 1386 2056 lbi
1416 2027 1556 2063 Troianis,
1584 2033 1723 2064 quotquot

931 2079 1105 2109 supererant,
1140 2075 1269 2102 omnibus
1299 2074 1464 2109 interfectis,
1494 2083 1596 2104 uxores
1625 2082 1723 2103 eorum

931 2117 1116 2153 atqueipsam
1140 2125 1252 2154 quoque
1270 2117 1410 2146 Hecubam
1431 2119 1569 2154 captivam
1593 2119 1724 2147 abduxe-

931 2169 1007 2198 runt,
1022 2173 1072 2193 nec
1085 2173 1140 2193 non
1152 2169 1180 2193 et
1199 2172 1284 2200 pecus
1301 2172 1394 2197 omne,
1411 2165 1493 2200 232
1510 2165 1724 2201 supellectilem-

931 2217 986 2245 que
1000 2210 1073 2237 inter
1089 2217 1119 2237 se
1137 2209 1232 2244 partiti
1255 2211 1337 2241 sunt;
1352 2208 1515 2244 redditaque
1527 2209 1652 2237 Menelao
1669 2208 1724 2238 He-

81 2261 130 2285 τας
151 2254 255 2285 πάντας
268 2254 452 2281 ἀπέκτειναν·
469 2255 518 2286 τὰς
538 2255 566 2282 δὲ
590 2256 724 2290 γυναῖκας
738 2254 875 2291 αίχμαλώ-

930 2254 1001 2287 lena,
1015 2257 1043 2282 et
1053 2254 1121 2281 urbe
1134 2253 1257 2288 undique
1268 2252 1383 2281 incensa
1392 2257 1476 2290 atque
1487 2253 1590 2287 diruta,
1606 2254 1720 2282 domu-

81 2308 143 2331 τους
160 2301 206 2326 καὶ
220 2300 269 2336 τὴν
288 2300 407 2335 Ἑκάϐην
420 2300 468 2328 καὶ
481 2300 516 2327 τὰ
532 2301 617 2336 κτήνη
632 2300 771 2333 λαϐόντες,
786 2300 822 2328 τά
837 2309 866 2328 τε

925 2301 1015 2329 redire
1026 2299 1213 2328 intenderunt.

85 2347 170 2382 σκεύη
182 2349 229 2375 καὶ
247 2349 304 2384 εἴδη
319 2350 583 2385 καταμερισάμενοι,
603 2350 653 2385 τήν
674 2358 703 2376 τε
723 2349 833 2385 Ἑλένην
846 2348 886 2385 τῷ
906 2349 1037 2384 Μενελάῳ
1054 2347 1199 2380 ἀποδόντες
1211 2348 1260 2375 καὶ
1269 2348 1320 2384 τὴν
1334 2348 1412 2375 πόλιν
1433 2348 1524 2376 πᾶσαν
1557 2349 1723 2386 ὲμπρήσανδ

82 2402 127 2427 τες
145 2396 193 2423 καὶ
204 2396 459 2431 καταστρεψάμενοι
473 2395 676 2422 ὲπαλινόστονν.

120 2442 201 2469 Μετὰ
214 2443 245 2469 τὸ
265 2442 365 2468 ἁλῶναι
384 2442 414 2468 τὸ
432 2442 514 2468 Ἴλιον
530 2441 596 2473 Αἱάς
613 2442 628 2468 ὁ
640 2441 814 2477 Τελαμώνιος
830 2441 877 2468 κα.)⁸

89 2489 237 2520 Ὀδυσσεὺς
254 2487 302 2514 τοῦ
322 2487 418 2520 ζωδίου
436 2487 575 2519 Παλλάδος
601 2487 729 2522 ἑκάτερος
751 2487 877 2514 ἀντεποι-

82 2536 175 2566 οῦντο,
191 2534 229 2565 ὡς
245 2534 321 2569 αύτῷ
335 2534 509 2569 διαφέροντος
525 2534 575 2560 καὶ
590 2535 623 2569 τῇ
639 2533 692 2567 ίδίᾳ.
715 2533 790 2559 πόλει
806 2532 878 2565 ἕξειν

84 2581 153 2608 αὐτὸ
169 2580 367 2615 φυλακτήριον,
382 2579 420 2611 ὡς
435 2580 545 2605 πάντων
564 2578 729 2614 ἐπίπροσθεν
747 2578 877 2612 ἀγωνιζό‹

85 2636 178 2662 μενον.
195 2627 284 2654 Πολλὰ
298 2627 326 2653 δὲ
349 2625 567 2661 στρατηγήματα
593 2625 624 2658 ἐξ
643 2625 806 2661 ἀμφοτέρων
831 2626 879 2660 ρη-

84 2673 178 2704 θέντα,
195 2674 270 2708 ὅμως
284 2674 312 2699 ὲν
331 2671 481 2708 παραθήκῃ
506 2671 606 2698 δίδοται
620 2671 650 2698 τὸ
666 2671 815 2698 Παλλάδιον
828 2671 880 2702 ἓως

87 2717 164 2753 πρωῒ
185 2718 224 2751 τῷ
237 2718 378 2752 Διομήδει.
394 2716 444 2742 Διὰ
468 2715 560 2751 μέντοι
576 2714 673 2746 νυκτὸς
691 2714 796 2749 ἀδήλως
811 2715 880 2748 σφά-

84 2763 164 2795 ζεται
179 2763 255 2794 Mm.
275 2763 384 2797 Πρωῖας
398 2761 424 2788 δὲ
442 2761 592 2796 γενομένης
605 2761 642 2792 ὡς
657 2760 757 2796 εὑρέθη
772 2760 880 2794 νεκρὸς,

88 2810 193 2844 πολλῆς
211 2809 329 2840 στάσεως
353 2808 503 2843 γενομένης
529 2809 571 2839 είς
591 2807 727 2842 ὑπόληψιν
746 2806 810 2842 ἦλθε
831 2806 881 2841 τῆς

83 2856 213 2891 πράξεως
233 2853 377 2886 Ὀδυσσεύς
389 2862 396 2870 ·
414 2854 475 2880 ὅθεν
490 2854 536 2880 καὶ
558 2854 598 2885 είς
613 2853 745 2888 ἐμφύλιον
760 2853 877 2880 ἀναπτοι

87 2902 172 2937 μένου
191 2901 238 2928 τοῦ
264 2900 428 2936 πράγματος
448 2899 579 2934 πόλεμον,
608 2898 715 2936 πρῶτος
737 2897 880 2930 Ὀδυσσεὺς

208 2951 343 2981 Ρλτῐιοιι.
365 2949 420 2979 Gn,
445 2949 557 2980 CXXI.

968 2441 1018 2469 Ilio
1034 2445 1125 2477 capto,
1144 2441 1215 2477 Ajax
1232 2441 1409 2470 Telamonius
1438 2447 1466 2470 et
1479 2441 1592 2478 Ulysses
1608 2448 1722 2480 uterqtte

930 2487 984 2515 sibi
992 2487 1145 2515 Palladium
1154 2487 1316 2521 vindicavit,
1332 2496 1394 2516 cum
1408 2492 1524 2524 uterque
1543 2490 1580 2516 ob
1593 2490 1722 2519 toleratos

931 2540 980 2568 pro
996 2537 1053 2561 toto
1065 2534 1189 2561 exercitu
1207 2534 1316 2562 labores
1330 2534 1381 2562 sibi
1396 2534 1423 2561 id
1438 2534 1471 2562 ad
1485 2542 1542 2562 sua!
1556 2535 1632 2564 urbis
1654 2541 1723 2566 tute-

931 2578 985 2605 lam
1009 2579 1102 2606 deberi
1117 2579 1306 2606 eontenderet.
1325 2579 1406 2613 Cum-
1419 2584 1535 2616 uterque
1550 2582 1636 2610 multa
1649 2590 1720 2617 pra:-

931 2624 1005 2651 elara
1020 2631 1069 2652 sua
1084 2624 1144 2658 ejus
1158 2624 1222 2652 belli
1234 2624 1357 2652 facinora
1367 2631 1620 2661 commemorasset,
1632 2627 1722 2656 Palla-

933 2669 1008 2697 dium
1023 2673 1115 2696 tamen
1128 2676 1215 2704 usque
1229 2669 1258 2698 in
1268 2670 1419 2698 crastinum
1440 2671 1512 2700 diem
1525 2673 1594 2708 apud
1612 2673 1722 2702 Diome-

932 2715 994 2743 dem
1006 2715 1159 2750 depositqu
1177 2715 1238 2743 fuit.
1255 2715 1307 2744 Sed
1321 2724 1354 2744 ea
1367 2722 1447 2745 nocte
1463 2718 1542 2754 Ajax,
1557 2719 1692 2748 incertum
1705 2728 1721 2748 a

908 2756 999 2796 'quo,
1026 2762 1169 2790 occiditur.
1197 2761 1263 2795 Quae
1289 2770 1335 2791 res
1361 2770 1424 2791 cum
1456 2771 1582 2801 magnam
1612 2766 1722 2793 turbam

933 2809 1091 2841 excitasset,
1108 2807 1221 2843 Ulysses
1236 2808 1263 2836 in
1277 2809 1461 2844 suspicionem
1477 2810 1538 2846 ejus
1566 2811 1629 2839 facti
1643 2812 1723 2839 devo-

930 2854 986 2887 nit;
997 2861 1114 2889 cumque
1129 2854 1162 2881 ad
1178 2854 1338 2882 intestinum
1353 2854 1410 2890 iam
1433 2863 1478 2884 res
1495 2857 1597 2884 bellum
1613 2860 1721 2890 specta-

934 2904 987 2933 ret,
1003 2899 1110 2936 primns
1122 2899 1373 2936 Ulysses‘deductis
1388 2901 1446 2930 suis
1474 2902 1590 2930 navibus
1606 2908 1622 2929 ε
1636 2899 1720 2937 Troja

1505 2947 1523 2978 9
