1990 3160
107 159 164 207 273

653 176 926 208 HISTORIARUM
940 178 1205 211 COMPENDIUM.

1678 181 1732 211 2η

108 229 245 264 αρχοῦντα
280 229 393 262 Ἰταλίας
424 230 664 266 Δατϊνονὲφορμᾷ,
681 233 728 258 καὶ
746 233 816 259 κατᾶ
843 233 896 260 τῶν

959 234 1078 262 litionem
1094 235 1168 263 facit.
1190 236 1230 263 Eo
1244 236 1270 263 in
1287 236 1358 264 bello
1373 236 1486 264 Latinus
1505 237 1615 265 cecidit.
1631 237 1733 265 [Encas

112 275 265 302 Ῥουτύλων
290 277 339 303 σὺν
361 275 435 311 αὐτῷ
459 277 645 313 ἐπιστρατεύει.
677 278 721 304 Ἐν
738 274 760 312 ᾦ
785 279 897 315 πολέμῳ

108 321 226 351 Λατῖνος
252 322 266 348 ὀ
301 321 423 357 Τηλέφου
445 322 501 354 υἱὸς
519 323 681 357 ἀναιρεῖται.
710 324 818 356 Αἰνείας
851 325 892 359 δὲ,

109 368 227 402 στρατὸν
243 368 466 403 συναγηγερκὼς,
499 370 568 396 κατὰ
588 369 640 395 τῶν
670 370 821 397 Ῥουτύλων
850 381 899 398 πο-

109 413 201 447 λεμεῖ,
227 413 274 440 καὶ
288 413 397 445 τούτους
412 415 594 450 τρεψάμενος,
607 415 656 451 τὴν
677 416 813 451 θυγατέρα
844 417 899 444 Λα-

109 458 184 484 τίνου
214 457 355 484 ’Λλὸανίαν
372 459 413 495 [Ρ.
431 459 493 495 136]
510 460 555 486 καὶ
567 459 615 494 τὴν
640 459 777 494 βασιλείαν
797 461 896 493 λαϐὼν,

111 505 189 531 πόλιν
204 504 289 537 κτίζει
308 505 437 540 μεγάλην,
462 506 603 534 ’Δλόανίαν
622 507 739 539 καλέσας
753 517 760 523 ·
778 509 807 535 ὲν
834 509 900 545 αὐτῇ

111 550 160 584 ἔτη
175 550 341 585 βασιλεύσας
354 552 477 587 τελευτᾷ,

146 597 213 622 Μετ’
233 597 314 623 αὑτὸν
347 597 375 624 δὲ
399 597 541 630 ’Λσκάνιος
564 599 671 632 Ἰοῦλος,
695 600 753 630 υἱὸς
792 601 900 627 Αἰνείου

109 642 165 668 ἀπὸ
183 643 324 678 Κρεούσης
339 644 476 678 Τρωάδος,
496 645 545 680 τῆς
563 645 674 681 πρώτης
698 646 781 672 αὑτοῦ
805 655 899 681 γυναι-

111 689 171 719 κὸς,
189 688 236 722 ἐτη
254 688 290 714 λε’
306 697 313 704 ·
341 688 369 720 ὃς
395 689 441 715 καὶ
466 689 515 724 τὴν
536 689 668 716 Λαΰινίαν
688 690 783 723 κτίσας
812 691 900 724 πόλιν,

112 732 211 760 αὐτόσε
237 733 268 759 τὸ
293 733 428 769 βασίλειον
463 735 562 762 καὶτὸ
592 735 739 763 Παλλάδιον
764 737 819 763 ἀπὸ
852 738 902 772 τῆς

121 778 263 811 ’Λλὸανίας
278 781 317 810 εἰς
335 781 384 815 τὴν
405 780 535 808 Λαϐινίαν
565 782 699 818 μετέθηκε
721 783 770 818 τὴν
782 783 903 811 κτισθεῖ-

115 834 163 852 σαν
176 826 190 852 ὑ
197 825 221 852 π’
235 826 326 854 αὐτοῦ.

149 870 280 903 Λαδινίας
298 872 326 898 δὲ
343 870 426 907 ἦρξεν
444 872 544 904 Ἄλϐας
559 874 572 900 ὁ
598 874 655 906 υἰὺς
691 875 833 902 ’Δσκανίου
853 875 900 910 ἔτη

111 916 163 942 λέ-
188 917 217 948 ὂς
241 918 286 944 καὶ
301 918 387 949 κτίζει
399 917 446 952 τὴν
462 918 539 945 πόλιν
562 919 670 952 Σίλὸαν,
701 920 731 952 ἐξ
758 917 789 948 οὗ
811 922 857 947 καὶ
877 922 902 948 οἱ

953 285 1042 308 autem
1054 282 1172 308 exercitu
1188 282 1301 310 collecto
1319 281 1426 310 ButuHs
1438 283 1536 310 bellum
1556 284 1631 316 facit,
1647 284 1736 318 iisque

951 326 1048 360 pulsis,
1068 326 1151 353 ﬁliam
1169 327 1256 355 Latini
1272 328 1414 356 Albaniam
1440 337 1550 356 uxorem
1567 334 1594 356 et
1622 337 1735 364 regnum

950 376 1115 400 consecutus
1124 373 1218 400 urbem
1237 381 1362 409 magnam
1383 375 1510 405 exstruit,
1534 375 1643 402 nomine
1657 374 1738 402 Alba-

951 417 1035 449 niam,
1048 418 1130 453 inque
1144 426 1176 446 ea
1193 417 1343 447 Palladium
1367 420 1492 448 collocat.
1509 419 1569 456 ipse
1581 428 1664 456 regno
1676 425 1739 456 post

950 463 1075 491 Latinum
1095 473 1181 493 annos
1192 465 1223 493 i9
1235 466 1346 494 functus
1362 467 1489 494 moritur.

918 510 948 537 τὸ
964 511 1112 540 Παλλάδιον
1139 514 1265 541 ἀπέθετο.
1281 513 1337 541 Καὶ
1349 513 1431 546 αὐτὸς
1463 515 1531 549 μετὰ
1558 515 1672 543 Λατῖνον
1705 516 1738 542 ιο.

988 603 1051 631 Post
1067 604 1140 632 hunc
1151 604 1286 632 ASCanius
1295 604 1367 632 Iulus
1377 604 1472 632 :Enem
1483 613 1517 631 ex
1528 604 1632 631 Creusa
1641 604 1739 638 Troja-

952 657 985 676 nn
997 670 1003 682 ,
1028 650 1114 684 prima
1142 658 1237 682 uxore,
1255 650 1326 677 [ilius
1356 658 1469 685 regnum
1486 657 1572 677 annos
1586 650 1621 677 55
1641 651 1737 685 gessit.

952 694 978 722 ls
994 695 1088 722 urbem
1101 695 1241 723 Laviniam
1261 696 1395 728 condidit,
1419 703 1506 731 eoque
1523 695 1623 730 regiam
1639 701 1665 724 et
1678 695 1742 723 Pal-

952 741 1052 768 ladium
1069 742 1217 770 transtulit.

994 874 1113 901 Lavinia
1142 875 1211 901 rexit
1226 875 1309 902 Albus
1338 874 1447 901 Ascanii
1466 873 1539 902 ﬁlius
1560 881 1646 901 annos
1659 873 1703 899 55.
1717 873 1742 899 is

958 920 1054 946 urbem
1067 919 1170 947 Silvam
1183 920 1316 953 condidit,
1342 920 1415 947 unde
1441 920 1523 947 etiam
1554 926 1633 954 reges
1664 917 1742 945 Silvii

113 962 234 995 βασιλεῖς
248 963 350 991 Σίλὸιοι
365 965 520 998 ἐκαλοῦντο.
535 962 620 996 Οὗτος
632 965 660 992 δὲ
678 966 758 992 πάλιν
772 967 785 993 ὁ
801 967 903 999 Ἄλϐας

959 965 1215 992 denominalisuut.
1230 965 1254 992 is
1265 972 1374 999 quoque
1397 964 1547 992 Palladium
1574 964 1686 991 Lavinia
1712 963 1741 991 in

110 1008 143 1034 τὸ
181 1009 332 1036 Παλλάδιον
365 1010 393 1036 ὲν
417 1011 450 1045 τῇ
473 1011 518 1037 ὑπ’
545 1011 628 1037 αὐτοῦ
658 1011 800 1047 κτισθείσῃ
828 1012 905 1040 πόλει

110 1054 196 1090 Σέλϐῃ
219 1056 251 1081 ὲκ
266 1056 317 1090 τῆς
336 1056 466 1088 Λαϐινίας
480 1057 619 1092 μετήγαγε
632 1057 745 1090 πόλεως.
761 1058 903 1085 Ἐντεῦθεν

109 1099 206 1126 λοιπὸν
219 1101 277 1126 ἐκεῖ
298 1101 471 1136 βασιλεύουσι
486 1103 557 1129 κατὰ
576 1103 706 1138 διαδοχὴν
717 1104 742 1130 οἰ
764 1104 902 1131 Αἰνειάδαι

111 1146 161 1180 ἔτη
178 1145 246 1172 τλα’.
259 1146 393 1182 Εὔανδρος
406 1148 433 1173 δὲ
451 1148 497 1174 καὶ
511 1148 601 1180 Πάλας
616 1149 640 1175 ot
654 1148 700 1175 τοῦ
716 1149 821 1176 Αἰνείου
836 1149 899 1182 υἰοὶ,

109 1191 162 1224 τὴν
185 1191 355 1227 καλουμένην
369 1193 488 1219 Βαλέντα
503 1193 635 1229 ἐπαρχίαν
658 1194 803 1226 ἰθύνοντες,
825 1193 899 1222 οἷκον

109 1236 285 1271 οἰκοδομοῦσι
301 1237 370 1264 πάνυ
390 1238 477 1273 μέγαν
491 1239 537 1265 καί
551 1238 704 1274 θαυμαστὸν
717 1240 764 1268 καὶ
771 1241 904 1274 τοιοῦτον,

113 1283 176 1315 ὲξυ
194 1283 299 1310 ἐκείνου
329 1284 417 1312 πάντα
436 1285 572 1320 βασίλειον
586 1284 661 1313 οἰκον
697 1287 829 1315 παλάτιον
849 1289 907 1315 ὀνο-

115 1329 258 1364 μάζεσοαι.

151 1374 211 1401 Ὀτι
228 1376 251 1401 οἰ
275 1375 404 1411 Ῥωμαῖοι
425 1378 464 1409 εἰς
479 1378 542 1413 τρία
564 1379 700 1413 διαιροῦσι
714 1380 764 1411 τὰς
784 1379 829 1406 τοῦ
854 1388 908 1415 μη-

114 1419 159 1451 νδς
169 1421 283 1456 ἡμέρας,
293 1422 333 1455 εἰς
342 1423 484 1456 καλάνδας,
494 1425 533 1455 εἰς
547 1424 639 1456 νόννας
650 1425 740 1457 καὶείς
748 1425 843 1457 εῐδοῦς.
854 1425 908 1453 Καὶ

118 1465 144 1492 αἱ
155 1465 203 1500 μὲν
222 1466 351 1493 καλάνδαι
362 1468 430 1494 εἰσὶν
450 1468 504 1494 ἀπὸ
515 1469 562 1503 τῆς
575 1469 662 1504 ἀρχῆς
670 1470 716 1496 τοῦ
730 1470 813 1505 μηνὸς
827 1470 907 1506 μέχρι

119 1511 164 1545 τῆς
182 1511 205 1537 0'
216 1513 335 1548 ἡμέρας,
348 1513 413 1540 αἰδὲ
438 1514 484 1540 ἀπ’
502 1514 587 1548 αὐτῆς
603 1515 694 1542 νόνναι
709 1516 790 1551 μέχρι
805 1517 856 1551 τῆς
875 1516 907 1543 ιε’

119 1556 236 1592 ἡμέρας,
262 1558 328 1585 είδοῖ
353 1559 381 1585 δὲ
414 1561 441 1586 αἱ
457 1559 537 1595 μέχρι
550 1560 600 1595 τῆς
613 1559 634 1587 λ’
659 1562 766 1597 ἡμέρας
783 1563 830 1588 καὶ
857 1563 908 1596 τῆς

117 1602 205 1637 ἀρχῆς
227 1604 274 1630 τοῦ
293 1605 388 1640 μηνὸς,
414 1606 474 1640 ἣτις
501 1607 624 1633 καλεῖται
641 1607 687 1642 ἔνη
786 1609 833 1635 καὶ
859 1609 907 1636 νέα

960 1011 1054 1038 urbem
1068 1019 1083 1038 a
1101 1018 1130 1038 se
1141 1011 1280 1038 conditum
1291 1010 1392 1038 Silvam
1408 1011 1538 1038 traduxit.
1563 1010 1602 1037 ibi
1612 1009 1743 1044 deinceps

959 1057 1089 1085 Encadm
1105 1057 1200 1084 ordine
1227 1061 1412 1092 regnaverunt
1426 1064 1514 1084 annos
1529 1056 1605 1083 2531.¹
1617 1055 1744 1082 Evander

959 1108 1047 1131 autem
1061 1107 1088 1131 et
1102 1103 1181 1132 Palas
1199 1103 1292 1131 [Encas
1313 1103 1370 1136 ﬁlii,
1386 1103 1467 1138 239
1481 1109 1541 1129 cum
1572 1100 1744 1137 provinciam

958 1149 1100 1177 Valentem
1129 1150 1323 1184 gubernarent,
1348 1149 1459 1177 douutm
1486 1148 1657 1176 aediﬁcarunt
1674 1147 1743 1175 mole

957 1200 984 1223 et
1001 1199 1139 1223 structura
1155 1195 1318 1224 mirabilem.
1331 1195 1397 1223 inde
1408 1195 1524 1224 obtinuit
1533 1199 1563 1222 ut
1573 1195 1653 1230 regiae
1663 1193 1743 1220 Pala—

958 1241 994 1269 tia
1007 1242 1192 1269 nominentur.

994 1376 1110 1404 Romani
1124 1372 1183 1404 dies
1209 1376 1312 1405 mensis
1325 1376 1351 1403 in
1361 1379 1417 1404 tres
1444 1380 1534 1412 partes
1556 1375 1692 1410 digerunt,
1717 1374 1745 1401 in

958 1423 1110 1454 Kalendas,
1131 1423 1158 1450 in
1172 1422 1264 1450 Nonas
1275 1426 1302 1450 et
1322 1422 1348 1449 in
1359 1422 1434 1450 ldus.
1449 1421 1577 1449 Kalendae
1597 1421 1620 1447 'a
1641 1420 1747 1448 mensis

958 1469 1093 1504 principio
1104 1476 1192 1504 usque
1208 1468 1242 1495 ad
1256 1475 1358 1495 nonum
1373 1467 1444 1495 diem
1462 1467 1570 1499 durant,
1587 1466 1650 1494 inde
1660 1465 1746 1494 Nona:

959 1515 992 1542 ad
1008 1515 1144 1542 decimttm
1169 1513 1296 1549 quintum
1325 1521 1413 1548 usque
1426 1513 1497 1540 diem
1531 1512 1678 1547 pertinent.
1696 1511 1746 1539 Se-

958 1566 1082 1596 quuntur
1092 1561 1156 1588 Idus
1167 1567 1254 1595 usque
1265 1559 1298 1586 ad
1316 1559 1388 1586 diem
1406 1559 1574 1594 trigesimum
1588 1562 1615 1586 et
1643 1559 1746 1586 mensis

959 1608 1077 1637 initium,
1091 1606 1163 1641 quod
1176 1607 1232 1633 Ene
1244 1605 1343 1633 Kaenea
1360 1605 1394 1632 ab
1419 1605 1600 1639 Aristophane
1624 1604 1743 1637 comico,

116 1647 192 1682 παρὰ
215 1648 254 1684 τῷ
273 1651 387 1685 κωμικῷ
419 1651 598 1686 Ἀριστοφάνη
628 1653 674 1679 καὶ
710 1653 825 1689 Ἡσιόδῳ
855 1654 904 1680 καὶ

959 1653 1074 1681 Hesiodo
1086 1656 1114 1680 et
1135 1652 1247 1688 reliquis
1266 1652 1426 1687 appellatur.
1454 1650 1516 1679 ldus
1526 1655 1616 1678 autem
1644 1658 1746 1678 nomen

117 1693 173 1724 τοῖς
183 1693 296 1724 λοιποῖς.
329 1695 403 1722 Εἰδοῖ
421 1696 449 1722 δὲ
482 1697 628 1723 καλοῦνται
643 1699 672 1724 αἰ
696 1698 776 1733 μέχρι
796 1700 846 1733 τῆς
870 1699 902 1731 λ’,

117 1738 159 1764 ὃτι
173 1739 324 1772 τηνικαῦτα
338 1740 476 1776 ἀρχομένη
491 1742 540 1776 τῆς
564 1740 602 1773 ις’
615 1742 787 1770 εἰδοποιεῖται
806 1753 899 1772 παντε-

118 1784 200 1819 λῶςὴ
222 1784 332 1820 σελήνη,
356 1783 416 1812 εἶτα
428 1786 527 1821 φθίνει,

151 1830 229 1857 Μετὰ
239 1830 286 1865 τὴν
299 1831 438 1866 βασιλείαν
455 1832 501 1859 τοῦ
528 1834 642 1868 ’Λρδὲως
655 1835 834 1862 ἐϐασίλευσαν
848 1837 904 1862 Λυ-

117 1874 170 1900 δῶν
184 1874 273 1910 ἕτεροι
284 1874 309 1910 η’
333 1876 385 1908 ἓως
400 1877 518 1912 Κροίσου
535 1878 581 1905 τοῦ
597 1879 773 1914 ὑπερηφάνου
784 1881 830 1907 καὶ
849 1881 904 1907 Κύ-

119 1929 166 1954 ρου
200 1921 331 1954 βασιλέως
365 1923 527 1958 Ἀσσυρίων.
553 1924 727 1951 Ἐσασίλευσε
740 1926 768 1952 δὲ
787 1927 802 1952 ὁ
825 1926 904 1957 αὐτὸς

119 1967 235 2000 Κροῖσος
251 1967 298 2001 ἐτη
313 1971 355 1994 ιε’.
374 1968 514 2003 Κατέσχεν
528 1968 574 1995 οὖν
588 1971 604 2004 ἡ
625 1970 747 2005 βασιλεία
768 1971 861 1997 Λυδῶν
872 1971 905 1998 τὰ

118 2012 168 2038 ὅλα
181 2012 228 2046 ἔτη
241 2012 306 2047 σλβ’.
323 2013 439 2047 Κροῖσος
454 2014 482 2040 δὲ
503 2015 620 2047 ὑπέταξε
649 2016 738 2047 πάσας
761 2016 810 2048 τὰς
839 2016 906 2052 πλή-

121 2058 178 2084 σίον
194 2059 275 2085 αὐτοῦ
291 2058 439 2093 βασιλείας,
455 2060 502 2086 καὶ
526 2060 560 2087 τὰ
578 2061 718 2097 πόρρωθεν
739 2062 823 2089 αὐτοῦ
839 2062 906 2097 λαμ-

122 2105 213 2130 ϐάνει.
249 2104 388 2139 Ἐμήνυσε
410 2105 437 2131 δὲ
452 2106 498 2132 καὶ
517 2107 601 2141 Κύρῳ
614 2107 693 2133 ἐᾶσαι
707 2107 756 2142 τὴν
768 2107 906 2142 βασιλείαν

119 2149 204 2175 αὖτοῦ
216 2150 262 2176 καὶ
277 2150 465 2185 ἀναχωρῆσαι,
489 2151 505 2186 ἢ
527 2151 653 2184 δέξασθαι
679 2152 729 2187 τὴν
755 2153 908 2188 παρουσίαν

119 2196 167 2230 τῆς
187 2195 323 2230 βασιλείας
334 2197 416 2223 αὐτοῦ
433 2197 614 2232 πολεμοῦσαν.
639 2198 667 2224 '0
681 2198 711 2225 δὲ
723 2199 814 2234 Κῦρος
843 2200 908 2225 ἀντ-

118 2242 195 2267 εῖπεν
208 2241 283 2275 αὐτῷ
306 2241 350 2269 διὰ
365 2241 419 2268 τῶν
450 2242 590 2277 πρέσϐεων
601 2251 607 2258 ·
622 2253 633 2268 ι
643 2243 676 2269 Τί
695 2243 750 2279 γὰρ
778 2244 905 2279 ἠδίκηται

120 2286 186 2320 παρ’
201 2286 268 2321 ἐμοῦ
292 2288 305 2313 ὁ
323 2288 448 2322 Κροῖσος,
468 2288 603 2323 τοσαύτην
620 2291 671 2324 γῆν
684 2289 847 2324 ἀφεστηκὼς
860 2291 908 2316 ἀπ’

118 2331 188 2365 ἐμοῦ
222 2332 269 2358 καὶ
309 2332 364 2358 τῶν
398 2332 472 2367 ἐμῶν
500 2333 660 2367 βασιλείων;
686 2334 741 2360 Καὶ
765 2335 906 2370 ἀδημονῶν

118 2377 299 2404 ἐϐουλεύσατο
311 2379 407 2412 φυγεῖν
427 2378 473 2405 ἐπὶ
488 2378 536 2413 τὴν
556 2378 669 2414 Ἱινδικὴν
692 2379 796 2415 χώραν,
823 2381 909 2406 δεδοι-

119 2423 177 2454 κὼς
205 2423 253 2458 τὴν
284 2423 411 2459 εὐτυχίαν
453 2425 583 2460 Κροίσου.
611 2425 714 2452 ’ἰδοῦσα
739 2426 768 2452 δὲ
794 2426 874 2453 αὑτὸν
891 2427 909 2462 ὴ

119 2469 190 2504 γυνὴ
206 2469 288 2496 αὑτοῦ
312 2469 398 2502 οὕτως
428 2471 584 2506 ἀθυμοῦντα
612 2472 659 2498 καὶ
696 2472 907 2507 ἐπερωτήσασα,

118 2516 167 2543 καὶ
184 2516 306 2550 μαθοῦσα
322 2516 388 2552 παρ’
407 2517 489 2545 αὐτοῦ
517 2517 548 2544 τὸ
562 2518 689 2554 πρᾶγμα,
714 2517 788 2551 λέγει
817 2518 892 2553 αὐτῷ
903 2542 912 2555 ,

956 1699 1020 1727 inde
1048 1700 1159 1731 habent,
1184 1698 1258 1733 quod
1277 1699 1311 1724 ab
1341 1704 1435 1725 earum
1458 1697 1537 1724 initio
1561 1697 1633 1724 luna
1659 1697 1746 1723 forma

956 1744 1044 1778 (eidos
1062 1743 1150 1771 forma
1169 1747 1210 1771 est
1223 1743 1318 1770 Grazco
1340 1741 1477 1777 sermone)
1497 1741 1608 1768 omnino
1638 1740 1747 1775 perﬁci-

956 1794 1009 1821 tur,
1027 1793 1108 1824 atque
1123 1796 1154 1816 ea
1167 1789 1265 1816 exinde
1281 1788 1397 1822 deperit.

990 1834 1160 1870 PostArdyn
1183 1838 1244 1860 octo
1258 1833 1396 1869 Lydorum
1424 1840 1501 1868 reges
1527 1833 1638 1859 fuerunt
1656 1839 1746 1866 usque

955 1881 990 1907 ad
1005 1881 1130 1908 Crmsum
1143 1879 1290 1914 superbum
1305 1883 1332 1906 et
1341 1879 1440 1915 Cyrum
1456 1879 1625 1914 Assyriorum
1643 1879 1745 1912 regem.

956 1925 1091 1960 Regnavit
1104 1924 1217 1952 Crcesus
1236 1931 1323 1952 annos
1335 1924 1379 1951 15.
1406 1924 1515 1951 Duravit
1526 1930 1638 1957 regnum
1653 1921 1744 1957 Lydo-

957 1979 1017 1999 rum
1028 1978 1115 1998 annos
1126 1970 1238 1998 omnino
1248 1970 1312 1997 252.
1343 1970 1456 2005 Subegit
1479 1969 1591 1997 Croesus
1607 1968 1696 1995 omnia
1719 1972 1747 1995 et

958 2016 1047 2043 vicina
1064 2019 1091 2043 et
1104 2015 1252 2050 longinqua
1263 2022 1355 2048 regna.
1369 2014 1439 2048 Quin
1462 2019 1488 2042 et
1501 2014 1572 2050 Cyro
1582 2013 1748 2049 signiﬁcavit

949 2066 988 2098 λιιι
1003 2063 1027 2090 is
1055 2069 1106 2089 suo
1123 2069 1205 2097 regno
1223 2061 1346 2095 decedat,
1377 2061 1445 2088 alias
1465 2069 1493 2089 se
1513 2061 1565 2095 ipsi
1588 2060 1690 2088 bellum
1704 2059 1746 2087 fa-

959 2113 1078 2136 cturum.
1098 2107 1344 2142 ResponditCyrus
1362 2115 1410 2142 per
1427 2107 1530 2141 legatos
1547 2115 1569 2134 ι(
1584 2106 1687 2141 Ecquid
1702 2106 1745 2133 in-

957 2152 1038 2187 juriae
1050 2152 1147 2180 Croeso
1162 2152 1211 2179 abs
1226 2159 1269 2179 me
1290 2155 1379 2178 ortum
1393 2151 1499 2185 est,qui
1514 2159 1528 2178 a
1549 2159 1591 2179 me
1607 2155 1634 2178 et
1662 2159 1746 2185 regno

961 2205 1020 2225 tneo
1037 2202 1141 2224 tantum
1157 2201 1235 2224 terrae
1246 2197 1359 2224 abstulit
1372 2197 1383 2223 ?
1395 2207 1403 2222 ι
1415 2197 1526 2224 Interim
1543 2196 1625 2223 animi
1636 2196 1745 2227 anxius.

960 2248 989 2271 et
1004 2243 1160 2271 felicitatem
1173 2243 1260 2270 Crmsi
1277 2248 1413 2275 metuens,
1436 2243 1463 2269 in
1475 2242 1579 2269 Indiam
1593 2242 1686 2276 fugere
1699 2249 1745 2268 co-

961 2289 1075 2324 gitabat.
1086 2289 1220 2316 Cmterum
1230 2295 1299 2314 uxor
1310 2295 1371 2314 eum
1384 2288 1420 2314 ita
1432 2295 1532 2322 aegrum
1541 2287 1632 2314 animo
1639 2287 1745 2319 videns.

961 2342 1128 2369 causamque
1153 2334 1252 2361 scitata
1284 2338 1309 2360 et
1337 2333 1444 2366 edocta,
1478 2333 1609 2360 indicavit
1637 2332 1746 2360 vivente

960 2380 1042 2407 Dario
1051 2387 1100 2407 suo
1107 2380 1199 2414 priore
1211 2379 1309 2406 marito
1317 2383 1405 2406 vatem
1419 2378 1500 2414 240
1510 2378 1654 2414 quemdam
1663 2379 1747 2407 fuisse

961 2427 1116 2458 Hebraeum,
1124 2427 1214 2453 divina
1225 2425 1358 2460 sapientia
1369 2425 1520 2460 pra-.ditum,
1529 2425 1640 2452 nomine
1651 2424 1747 2452 Danie-

962 2473 1018 2499 lum
1036 2483 1042 2499 :
1065 2479 1127 2499 eum
1141 2478 1155 2498 a
1172 2479 1234 2506 rege
1248 2471 1275 2498 in
1293 2477 1401 2498 stnan
1433 2468 1518 2497 fuisse
1544 2469 1648 2496 honore
1669 2470 1748 2497 habi-

963 2522 1032 2549 tum,
1052 2524 1140 2552 neque
1164 2524 1254 2551 regem
1284 2517 1336 2544 nisi
1355 2523 1417 2543 cum
1436 2523 1469 2543 eo
1492 2516 1692 2543 communicata
1719 2523 1749 2544 re

668 2584 844 2613 XYLANDRI
867 2584 910 2613 ET
937 2584 1042 2613 GOARI
1060 2584 1177 2612 ΝοΤιΕ.
1225 2575 1228 2578 ’

157 2642 195 2677 (5)
218 2642 299 2676 “Enn
321 2641 402 2677 habet
420 2640 522 2677 codex,
547 2641 647 2674 duplici
678 2651 703 2673 ν,
721 2645 748 2668 ct
764 2641 909 2669 annotavit

118 2675 283 2704 Eustathius
312 2684 366 2702 non
381 2675 503 2703 defuisse
518 2677 565 2711 qui
594 2684 640 2710 per
653 2677 753 2711 duplex
769 2685 783 2702 ν
797 2677 905 2703 scribe-

120 2717 194 2743 rent,
209 2711 316 2739 lutuelsi
335 2712 419 2745 magis
436 2712 533 2745 probat
559 2712 682 2738 unicum.
712 2712 764 2738 Sed
788 2717 814 2737 et
832 2711 905 2745 θεμί-

119 2747 229 2781 τθτῇτὸ
244 2755 257 2772 ε
272 2755 286 2773 a
315 2747 453 2773 nonnullis
475 2747 586 2778 indicat,
606 2746 632 2772 in
654 2754 759 2773 versum
789 2746 840 2773 Otl.
873 2755 905 2777 τ,

121 2782 188 2812 507,
205 2781 252 2807 τοῦ
266 2783 314 2815 μὲν
333 2781 470 2815 φθίνοντος
485 2782 578 2816 μηνὸς.
595 2781 641 2807 τοῦ
655 2782 842 2813 ὀ¹ἰσῖαμένοιο,
859 2783 905 2816 qui

122 2821 212 2843 exstat
233 2817 311 2843 etiam
334 2817 384 2843 οτι.
401 2817 425 2848 ς.
452 2817 483 2842 Et.
501 2816 661 2843 Plutarchus
678 2817 702 2843 in
724 2817 822 2842 Solone
837 2817 908 2842 iudi-

125 2856 170 2878 cat
187 2860 251 2880 eum
269 2852 306 2877 kw
322 2860 388 2878 ncan
409 2860 441 2877 eo
458 2854 556 2884 notari,
576 2852 600 2878 id
619 2857 670 2882 est,
694 2852 818 2878 ultimum
835 2852 907 2878 (ἰὴ-ιιι

125 2887 241 2920 mensis,
259 2894 319 2913 cum
339 2887 402 2914 luna
419 2887 470 2914 soli
486 2887 664 2922 congrediens
680 2891 706 2915 et
723 2886 907 2914 vetustissima

960 2647 1002 2670 est
1017 2645 1143 2676 respectu
1163 2641 1248 2675 elapsi
1279 2641 1381 2669 mensis
1405 2641 1475 2676 (ἐνόν
1488 2642 1568 2669 esteo
1584 2642 1709 2675 παλαιόν)
1721 2647 1748 2670 vt

960 2682 1087 2711 respectu
1122 2676 1242 2711 ineuntis
1263 2677 1355 2702 eadem
1385 2677 1543 2704 novissima.
1557 2676 1625 2704 Vide
1639 2682 1664 2704 et
1683 2677 1747 2704 Sui-
1772 2687 1775 2690 ·

959 2710 1023 2738 tiam
1049 2718 1074 2738 et
1088 2711 1167 2737 alios.
1183 2710 1285 2738 Versus
1298 2711 1491 2746 Aristophanis
1511 2717 1600 2740 exstat
1614 2711 1746 2744 Nubibuc,

959 2747 1040 2775 εὐθὺς
1060 2747 1128 2780 μετὰ
1156 2746 1258 2779 ταύτην
1272 2745 1327 2772 ἔσθ’
1347 2745 1434 2778 ἓνη⁷τε
1452 2746 1500 2773 καὶ
1521 2747 1577 2775 νέα.
1595 2747 1635 2774 Ac
1660 2751 1748 2781 potest

959 2783 995 2809 ibi
1015 2782 1101 2809 videri
1119 2789 1179 2815 qtae
1196 2781 1291 2807 haheat
1312 2781 1482 2808 scholiastCs.
1504 2781 1540 2808 De
1554 2790 1586 2808 eo
1600 2783 1644 2809 die
1658 2787 1745 2808 intor-

963 2821 1108 2851 pretantur
1128 2817 1298 2851 gratnnmtici
1323 2816 1485 2842 llesiodeum
1501 2850 1504 2851 ν
1518 2817 1580 2848 hoc,
1608 2816 1669 2851 μήτ’
1684 2817 1748 2844 iuva..-

962 2850 1107 2879 ϐάλλεσῡαι
1126 2851 1154 2882 ἔς
1167 2852 1191 2877 τ’
1209 2850 1303 2887 αὔριον
1318 2851 1341 2877 τ’
1353 2851 1472 2886 ἔννηεριν.
1486 2850 1551 2878 Χγι..
