1990 3160
112 140 164 174 281

658 144 929 176 HISTORIARUM
949 146 1215 179 COMPENDIUM.

1684 151 1737 184 282

114 203 209 237 οὔσης,
229 202 330 238 μεταξὺ
345 203 400 230 τῶν
416 204 496 240 ὁρίων
518 204 607 242 Τύρου
623 206 671 233 καὶ
692 206 807 238 Σιδῶνος
818 214 824 222 ’
838 206 899 242 ἥτις

961 206 1088 235 naritima
1107 207 1255 235 Phteniciae
1271 206 1348 240 urbe,
1363 215 1424 242 quae
1439 207 1506 236 fines
1521 207 1585 244 Tyri
1609 215 1641 236 ac
1655 208 1737 236 Sido-

114 248 184 276 Διδὼ
209 246 244 285 ἦν
271 249 477 284 πλουσιωτάτη,
500 251 600 287 ἔχουσα
623 251 709 287 ἄνδρα
729 252 848 287 Σιχαῖον,
871 251 901 277 ὃν

114 295 263 330 ἐφόνευσεν
285 296 314 322 ἐν
335 296 491 332 κυνηγεσίῳ
514 298 528 325 6
551 298 666 333 ἀδελφὸς
689 299 738 334 τῆς
769 297 863 330 Διδοῦς
887 297 901 324 ό

115 340 295 376 Πυγμαλίων,
319 341 545 378 διαφθονούμενος
566 343 641 378 αὐτῷ
663 343 702 375 ὡς
723 343 902 380 πολυευπόρῳ

117 386 165 413 καὶ
180 387 309 422 δυνάστῃ.
326 387 548 420 Καταδιώκοντες
569 389 623 424 γὰρ
643 389 762 425 σύαγρον
775 390 900 424 ἔφιπποι,

116 432 217 467 ἤλασεν
233 435 264 460 ὲκ
280 433 334 460 τῶν
350 433 462 460 ὄπισθεν
477 434 539 461 κατ’
558 434 642 463 αὑτοῦ
654 436 685 462 τὸ
699 436 764 471 δόρυ
786 436 833 462 καὶ
852 437 904 462 ἀπ-

116 479 231 508 έκτεινε.
247 478 295 506 καὶ
311 479 401 505 λαϐὼν
413 479 443 506 τὸ
461 479 542 515 σῶμα
559 479 641 507 αὑτοῦ
655 480 753 516 ἔρριψε
772 481 844 507 κατὰ
855 479 901 507 τοῦ

116 523 253 559 κρημνοῦ.
280 524 335 551 Καὶ
358 525 532 560 ὑποστρέψας
561 524 621 558 εἷπε
650 527 707 558 τοῖς
731 526 904 562 διαφέρουσιν

117 570 192 605 αὐτῷ
206 570 247 596 ὃτι
257 570 428 606 ὲκρημνίσθη
442 571 548 598 διώκων
564 572 609 599 τὸν
624 572 904 608 σύαγρον.Ἐϐούλετο

116 615 146 641 δὲ
161 616 175 641 ό
191 615 273 646 αὐτὸς
295 615 464 650 Πυγμαλίων
482 616 529 642 καὶ
552 616 602 652 τὴν
623 616 692 644 ίδίαν
713 617 829 652 ἀδελφὴν
846 617 904 643 δια-

116 660 290 696 χειρία-ασθαι
327 661 374 687 καὶ
396 661 487 688 λαϐεῖν
503 661 537 688 τὰ
560 662 690 697 χρήματα.
711 663 813 698 αὐτῆς⁵
832 659 905 699 ᾗτινι

118 706 189 733 Διδοῖ
210 705 296 742 ὲφάνη
324 707 338 733 6
364 706 433 742 ἀνὴρ
447 707 532 742 αὐτῆς
547 708 656 742 Σιχαῖος
667 708 696 734 ἐν
713 708 842 743 ὁράματι,
858 708 906 734 καὶ

120 750 195 778 εἶπεν
210 753 262 785 ὅτι,
277 761 286 778 ι
298 751 327 779 '0
341 752 454 787 ἀδελφός
462 761 509 779 σου
520 753 647 787 ἐφόνευσε
659 763 704 789 με,
716 763 725 779 ι
737 753 825 786 δείξας
836 754 904 788 αὐτῇ

121 797 166 823 καὶ
179 797 225 823 τὴν
238 798 319 824 τόπον
337 798 387 833 τῆς
399 797 518 833 πληγῆς.
532 798 587 824 Καὶ
601 797 676 825 εἶπεν
691 799 772 834 αὐτῇ,
789 808 798 825 ι
820 799 904 833 Φύγε,

952 253 996 280 nis
1012 252 1093 288 246
1119 253 1272 288 interiacet.
1298 254 1482 289 Amplissimis
1505 259 1595 282 autem
1624 256 1736 290 praedita

953 299 1051 334 opibus
1068 299 1195 325 maritum
1218 299 1335 326 habebat
1354 298 1490 326 Sichazum
1505 307 1513 332 ;
1529 300 1609 333 cujus
1634 299 1738 327 divitiis

952 349 1034 379 atque
1050 344 1177 378 potentiae
1191 343 1316 372 invidens
1340 343 1498 380 Pygmalion
1514 344 1626 372 Didonis
1652 344 1738 371 frater

953 397 1014 419 eum
1030 390 1057 418 in
1071 389 1225 421 venatione,
1243 397 1304 417 cum
1324 391 1431 424 equites
1447 398 1500 427 una
1524 397 1620 425 aprum
1645 398 1738 423 persc-

953 441 1112 472 querentur,
1143 436 1221 464 hasta
1245 436 1273 463 in
1310 441 1417 471 tergum
1446 437 1571 471 conjecta
1589 437 1737 468 interfecit,

953 490 1110 517 corpusque
1126 482 1159 510 de
1182 482 1333 517 praecipitio
1347 482 1506 513 deturbans,
1521 483 1630 510 domum
1653 490 1740 509 rever-

954 536 1002 557 sus
1031 529 1197 556 necessariis
1230 528 1290 562 ejus
1319 528 1413 555 retulit
1447 536 1521 559 eum,
1551 528 1615 555 dum
1643 536 1739 562 aprum

954 575 1120 610 insequitur.
1144 574 1313 610 praecipitem
1349 579 1439 601 actum
1466 574 1589 609 periisse.
1618 574 1687 607 Quin
1713 578 1741 601 et

955 621 1059 650 sororis
1079 628 1134 648 suae
1149 621 1212 648 vita).
1223 619 1382 655 Pygmalion
1403 619 1577 654 fortunisque
1593 619 1742 646 insidiaba-

955 671 1009 694 tur.
1026 666 1078 694 Sed
1095 665 1219 693 Siehaeus
1243 665 1322 693 uxori
1350 673 1399 700 per
1426 665 1592 692 insomnium
1616 664 1692 691 visus
1708 664 1742 690 ab

955 713 1041 749 ipsius
1076 713 1160 740 fratre
1188 720 1218 740 se
1253 717 1380 740 necatum
1420 711 1560 743 indicavit,
1591 715 1743 738 monstrato

955 760 1036 788 etiam
1052 760 1173 788 vulneris
1188 759 1259 791 loco,
1281 759 1424 794 ipsamque
1437 758 1500 793 fuga
1516 756 1567 786 sibi
1585 757 1741 788 consulere,

956 814 991 834 ne
1014 806 1084 834 idem
1113 806 1246 838 eveniret,
1283 805 1400 832 monuit.
1429 804 1547 831 Proinde
1578 803 1647 831 Dido
1673 803 1742 830 clam

121 842 158 878 μὴ
172 844 217 869 καὶ
231 843 260 870 σὲ
278 843 407 879 φονεύσῃ.
427 854 436 870 ι
465 845 520 872 Kal.
541 844 633 871 λοιπὸν
650 846 665 880 ἡ
680 846 749 880 αὐτὴ
776 846 845 872 Διδὼ
858 846 905 873 λα-

961 852 1041 879 lratre
1062 852 1154 879 navim
1180 852 1303 885 ingressa
1320 851 1504 885 omnibusque
1527 849 1585 877 suis
1609 849 1744 884 impositis

120 889 203 917 Θοῦσα
225 890 271 918 τὸν
295 891 361 917 ι’διον
384 891 498 925 ἀδελφὸν
512 891 658 918 ἀνελάϐετο
674 892 763 918 πάντα
775 893 905 927 χρήματα

119 935 217 970 αὐτῆς,
234 937 281 963 καὶ
295 935 404 971 ἐμϐᾶσα
431 938 472 968 είς
492 937 585 964 πλοῖον
603 937 776 964 ἀπέπλευσεν
803 938 835 964 ὲκ
857 938 907 972 τῆς

119 982 255 1016 Φοινίκης,
280 984 328 1009 καὶ
342 981 426 1018 ἦλθεν
440 983 479 1014 είς
498 983 549 1017 τὴν
565 982 679 1018 Λιϐύην,
696 984 744 1011 καὶ
759 983 845 1015 κτίζει
857 983 907 1018 τὴν

119 1028 327 1062 Χαρτάγαιναν,
340 1028 401 1062 ἥτις
419 1028 477 1054 ἐστι
495 1028 649 1060 Νεάπολις·
667 1028 715 1055 καὶ
732 1028 908 1056 ἐϐασίλευσεν

119 1075 149 1101 ἐν
165 1074 246 1108 αὐτῇ,
264 1075 311 1101 καὶ
324 1075 437 1110 τελευτᾷ
454 1075 599 1110 σωφρόνως
615 1075 731 1110 ζήσασα.

161 1118 190 1144 Ὀ
205 1118 233 1145 δὲ
248 1119 384 1153 Διομήδης
408 1119 531 1154 ὑπῆρχεν
554 1118 583 1151 ἐξ
601 1120 746 1152 Αίτωλίας,
771 1119 862 1155 φέρων
877 1119 908 1146 τὸ

118 1164 198 1198 γένος
213 1165 245 1191 ὲκ
258 1165 306 1192 τοῦ
321 1165 421 1197 Οἰνέως
434 1186 440 1197 ,
471 1166 546 1196 ὅστις
571 1166 667 1198 Οἰνεὺς
691 1167 760 1201 μετὰ
779 1166 908 1202 τελευτὴν

126 1209 260 1245 Ἐριϐοίας
287 1210 408 1244 ἠγάγετο
439 1211 488 1245 τὴν
509 1211 647 1244 Ἀλθαίαν,
671 1211 700 1244 ἐξ
724 1210 758 1247 ἦς
775 1212 837 1247 ἔσχε
862 1212 908 1240 τδν

120 1256 277 1291 Μελέαγρον
307 1257 354 1283 καὶ
382 1256 431 1291 τὴν
457 1257 631 1292 Δηϊάνειραν,
655 1258 753 1292 ἥντινα
768 1257 907 1292 ἡρμόσατο

127 1302 258 1337 Ἀχελῷος
274 1303 287 1329 ὁ
305 1303 361 1333 υἱὸς
379 1302 557 1329 Ποσειδωνίου
583 1303 775 1338 συγκλητικοῦ.
798 1305 828 1332 Ὀ
842 1304 909 1338 γοῦν

128 1349 257 1383 Ἀχελῷος
285 1348 337 1383 πρὸ
364 1348 410 1374 τοῦ
428 1349 517 1383 γάμου
544 1338 653 1382 ἔφθειρε
682 1349 731 1384 τὴν
746 1349 908 1384 Δηϊάνειραν

121 1394 217 1429 λάθρα,
236 1394 283 1421 καὶ
299 1394 368 1429 μετὰ
381 1394 466 1420 ταῦτα
477 1393 548 1428 λέγει
562 1394 600 1429 τῷ
615 1395 689 1421 Οίνεῖ
705 1395 819 1429 βασιλεῖ·
832 1404 841 1421 t
853 1395 909 1422 Οὐκ

122 1441 208 1472 ἄλλως
219 1440 428 1475 παραλαμϐάνω
445 1440 557 1474 ταύτην,
586 1441 610 1467 εἰ
635 1441 672 1475 μὴ
697 1441 909 1477 παραχωρήσεις

125 1495 166 1520 μοι
179 1487 290 1512 διοικεῖν
307 1486 355 1521 τὴν
371 1486 509 1521 βασιλείαν
526 1495 581 1514 σου.
604 1487 652 1513 »Ὀ
668 1487 696 1513 δὲ
717 1487 767 1513 οὐκ
784 1486 907 1521 ἐπείσθη.

957 897 1060 924 divitiis
1080 905 1095 924 a
1111 897 1252 924 Phtenicia
1277 897 1368 928 solvit,
1396 897 1479 930 inque
1511 895 1630 922 Africam
1654 895 1743 922 delata

956 942 1157 977 Carthaginem,
1171 949 1232 977 qute
1247 945 1289 970 est
1306 941 1441 976 Neapolis,
1457 940 1588 973 condidit,
1606 946 1745 976 regnoque

957 989 995 1016 ibi
1014 988 1106 1016 functa
1123 992 1150 1016 et
1163 989 1218 1015 vita
1237 987 1333 1023 pudice
1347 991 1444 1014 exacta
1457 987 1584 1015 decessit.

993 1121 1137 1149 Diomedes
1160 1127 1242 1155 porro
1265 1119 1374 1147 Aitolus
1397 1118 1458 1150 fuit,
1486 1124 1573 1153 genus
1593 1116 1627 1144 ab
1651 1116 1746 1144 (Enen

957 1169 1072 1197 ducens.
1093 1168 1117 1194 is
1133 1166 1243 1194 (Eneus
1266 1170 1373 1193 mortua
1399 1164 1506 1191 Eribma
1530 1163 1662 1190 Althaeam
1693 1162 1744 1189 sibi

957 1213 1134 1246 matrimonio
1145 1212 1293 1247 copulavit,
1309 1210 1474 1244 sustulitque
1489 1217 1522 1237 ex
1534 1216 1565 1235 ea
1581 1208 1745 1242 Meleagrum

958 1263 985 1288 et
1000 1259 1166 1294 Dejaniram.
1182 1258 1260 1285 Hanc
1283 1264 1344 1285 cum
1364 1256 1500 1283 Achelous
1513 1254 1651 1282 Posidonii
1667 1261 1747 1280 sena-

959 1305 1028 1333 toris
1061 1305 1132 1332 lilius
1161 1303 1365 1338 despondisset,
1396 1305 1460 1329 ante
1496 1301 1609 1336 nuptias
1638 1300 1747 1327 occulte

958 1351 1077 1383 vitiavit,
1091 1358 1124 1379 ac
1145 1350 1242 1378 deinde
1266 1350 1324 1385 regi
1345 1349 1439 1377 (Eneo
1457 1349 1525 1376 dixit
1550 1356 1579 1376 se
1604 1355 1664 1375 eam
1692 1355 1746 1374 non

960 1397 1011 1424 alia
1041 1396 1198 1423 conditione
1232 1395 1379 1422 ducturum
1409 1402 1489 1429 quam
1530 1394 1579 1421 sibi
1614 1398 1643 1420 ιιι
1671 1392 1746 1426 regni

960 1442 1223 1470 administrationem
1238 1441 1318 1477 247
1332 1449 1411 1469 socer
1421 1440 1571 1472 concedat;
1588 1447 1620 1466 ac
1638 1439 1746 1466 tandem

961 1496 1022 1515 cttm
1040 1492 1116 1523 patre
1136 1495 1187 1515 suo
1212 1487 1268 1521 regi
1291 1486 1386 1514 (Eneo
1408 1486 1536 1513 abnuenti
1554 1485 1654 1512 bellum
1674 1484 1748 1512 fecit.

122 1533 175 1559 Καὶ
189 1533 285 1559 λοιπον
302 1533 350 1559 σὺν
366 1532 405 1567 τῷ
420 1533 476 1568 ἰδίῳ
493 1533 577 1568 πατρὶ
590 1534 707 1568 ἀντῆρεν
721 1533 734 1559 6
753 1533 907 1568 Ἀχελῷοςό

962 1533 1127 1561 Necessitate
1155 1531 1268 1560 adactus
1291 1531 1402 1559 (Eneus
1433 1539 1466 1559 ex
1497 1530 1594 1558 Phthia
1638 1531 1749 1566 regione

120 1579 176 1609 υἱδς
196 1578 372 1604 Ποσειδωνίου
401 1578 440 1613 τῷ
467 1579 540 1605 Οἰνεῖ
557 1578 603 1605 καὶ
629 1578 798 1613 ἐπολέμησεν
822 1578 907 1613 αὐτῷ.

121 1624 176 1650 Καὶ
191 1623 372 1657 ἀναγκασθεὶς
384 1625 398 1649 6
410 1625 504 1655 Οἰνεὺς
520 1623 705 1659 προετρέψατο
721 1624 753 1650 ἐκ
765 1624 814 1658 τῆς
826 1623 909 1655 Φθίας

120 1669 212 1704 χώρας
229 1669 382 1704 στρατηγὸν
398 1671 522 1703 γενναῖον
544 1669 682 1704 Ἡρακλέα
702 1669 748 1695 τὸν
763 1669 910 1703 λεγόμενον

122 1716 298 1750 Πολύφημον,
314 1715 513 1750 συνταξάμενος
525 1715 616 1742 δοῦναι
626 1715 699 1750 αὐτῷ
710 1715 759 1748 τήν
771 1715 871 1748 Θυγατέ
877 1724 910 1750 ρα

120 1760 204 1788 αὑτοῦ
221 1761 384 1796 Δηϊάνειραν
395 1769 402 1775 ·
421 1760 449 1791 ὃς
465 1760 550 1786 ἐλθὼν
566 1759 635 1794 μετὰ
651 1761 700 1795 τῆς
716 1759 798 1786 αὐτοῦ
827 1767 909 1794 στρα-

119 1807 180 1837 τιᾶς
199 1805 327 1832 συνέϐαλε
351 1805 468 1840 πόλεμον
492 1805 561 1839 μετὰ
587 1805 767 1831 Ποσειδωνίου
792 1805 840 1831 καὶ
861 1803 909 1830 τοῦ

121 1851 181 1879 υἱοῦ
205 1851 288 1878 αὑτοῦ
304 1851 438 1886 Ἀχελῴου
451 1871 459 1882 ,
476 1851 524 1877 καὶ
542 1852 581 1882 είς
597 1851 646 1886 τὴν
664 1851 801 1885 συμϐολὴν
820 1851 909 1877 ἀνεῖλε

120 1899 195 1933 ξίφει
218 1899 231 1924 6
256 1897 421 1933 Πολύφημος
442 1897 618 1923 Ποσειδώνιον
634 1896 675 1929 [Ρ.
694 1897 756 1931 Mf]
776 1897 821 1922 τὸν
835 1897 910 1931 Ἀχε-

119 1945 189 1980 λῴου
204 1944 320 1979 πατέρα.
344 1944 393 1970 Διὰ
423 1943 502 1970 τοῦτο
517 1942 639 1975 ἐξέθεντο
654 1943 678 1968 οί
693 1942 804 1976 ποιηταὶ
820 1942 861 1968 ὅτι
880 1943 910 1968 τὸ

121 1989 208 2024 κέρας
230 1989 279 2016 τοῦ
293 1988 429 2024 Ἀχελῴου
447 1987 609 2014 ἀπέσπασεν
627 1987 640 2013 ό
662 1987 800 2022 Ἡρακλῆς
813 2006 820 2018 ,
841 1988 910 2022 ὅπερ

120 2036 180 2063 ἐστὶ
197 2036 247 2071 τὴν
270 2035 408 2070 πατρικὴν
433 2033 515 2061 αὐτοῦ
541 2033 665 2068 δύναμιν.
692 2033 838 2068 Ἐωρακὼς
863 2032 910 2061 οὖν

119 2082 171 2116 τὴν
185 2082 289 2109 πτῶσιν
300 2081 347 2108 τοῦ
363 2081 428 2108 ἰδίου
446 2080 550 2115 πατρὸς
574 2079 587 2106 6
606 2079 738 2114 Ἀχελῷος
753 2079 849 2113 φεύγει
864 2079 911 2114 ἐφ-

121 2136 219 2160 ιπποςσ
244 2128 284 2154 διὸ
309 2128 356 2154 καὶ
383 2127 537 2162 γράφουσιν
565 2125 647 2152 αὑτὸν
675 2125 908 2161 ἱπποκένταυρον.

120 2175 177 2201 Καὶ
190 2175 219 2200 ὲν
232 2173 270 2208 τῷ
288 2172 468 2200 καταδιώκειν
488 2172 569 2198 αὐτὸν
586 2171 632 2197 τὸν
648 2171 812 2206 Πολύφημον
827 2172 911 2207 Ἠρα-

120 2221 188 2247 κλέα
216 2219 395 2254 ὲπιστραφεὶς
424 2218 530 2251 τοξεύει
555 2217 636 2244 αὑτὸν
658 2218 672 2244 6
687 2217 822 2252 Ἀχελῷος
837 2218 909 2244 κατὰ
925 2210 948 2239 Ῐ)

962 1578 1104 1606 Herculem
1122 1581 1305 1613 cognomento
1323 1576 1531 1612 Polyphemum,
1557 1576 1654 1603 ducem
1678 1583 1749 1610 pra:-

961 1627 1076 1659 clarum,
1096 1625 1230 1658 evocavit,
1251 1624 1389 1660 pollicitus
1409 1625 1434 1651 ei
1459 1624 1521 1651 filiae
1545 1631 1600 1651 sum
1615 1622 1750 1658 Deianira:

961 1672 1131 1708 conjugium.
1148 1672 1173 1700 is
1199 1679 1261 1700 cum
1287 1671 1409 1699 exercitu
1436 1679 1487 1698 suo
1514 1670 1625 1697 veniens
1647 1669 1748 1696 bellum

961 1718 1109 1746 Posidonio
1142 1717 1258 1753 ejusque
1279 1717 1334 1745 filio
1361 1717 1481 1744 Acheloo
1504 1716 1605 1748 intulit,
1635 1715 1749 1743 Posido-

962 1765 1091 1799 ninmque
1107 1764 1134 1791 in
1153 1772 1241 1800 pugna
1263 1764 1352 1799 gladio
1378 1763 1562 1790 obtruncavit.
1581 1762 1643 1790 lude.
1665 1767 1751 1796 poeta:

962 1810 1109 1837 commenti
1124 1815 1188 1837 sunt
1205 1809 1349 1837 Herculem
1368 1809 1480 1836 Acheloi
1498 1816 1601 1835 cornua
1615 1808 1750 1840 avellissc,

962 1855 1094 1882 nimirum
1111 1855 1226 1889 patriam
1246 1854 1406 1888 potentiam.
1425 1853 1562 1880 Achelous
1580 1853 1666 1887 patris
1685 1860 1752 1879 nece

963 1904 1110 1934 conspecta
1124 1907 1208 1934 eques
1224 1899 1315 1934 fugam
1340 1898 1404 1926 facit
1430 1898 1504 1933 (ideo
1516 1906 1578 1925 eum
1597 1898 1751 1931 Hippocen-

964 1951 1072 1974 taurum
1093 1945 1179 1973 fuisse
1192 1945 1339 1979 scribunt),
1356 1943 1557 1978 Herculemque
1577 1944 1629 1972 sibi
1645 1944 1751 1970 instan-

962 1996 1014 2019 tem
1043 1998 1193 2018 conversus
1218 1991 1317 2026 sagitta
1342 1990 1375 2017 ad
1400 1990 1546 2017 mamillam
1565 1990 1671 2018 sauciat
1693 1997 1700 2016 :
1719 1997 1752 2016 ac
1782 2006 1787 2011 ι

962 2036 1107 2064 confestim
1131 2037 1165 2064 ab
1182 2035 1297 2064 Hercule
1324 2036 1447 2064 vicissim
1472 2036 1570 2072 sagitta
1592 2037 1703 2071 petitus,
1718 2035 1752 2062 ab

962 2091 1031 2116 equo
1060 2090 1090 2110 se
1119 2085 1146 2109 in
1178 2082 1261 2110 Evoni
1291 2083 1379 2110 amnis
1407 2083 1493 2110 undas
1520 2082 1640 2110 demittit
1660 2082 1752 2116 ibique

963 2129 1056 2162 perit:
1075 2128 1109 2154 ab
1139 2136 1170 2156 co
1196 2129 1304 2160 ﬂuvius.
1333 2133 1439 2155 tnttlato
1465 2129 1587 2160 nomine,
1615 2128 1753 2155 Achelous

967 2173 1095 2208 appellari
1110 2175 1191 2208 cepit.
1208 2174 1342 2201 Caeterum
1361 2174 1492 2201 Hercules
1512 2173 1694 2209 Polyphemus
1719 2180 1753 2200 ex

962 2219 1073 2246 vulnere
1093 2226 1216 2246 mamma:
1238 2219 1331 2253 paucis
1346 2224 1405 2253 post
1422 2219 1518 2246 diebus
1531 2218 1645 2245 interiit.
1700 2228 1707 2233 ν

119 2267 168 2293 τοῦ
182 2266 295 2301 μαστοῦ.
309 2266 364 2292 Καὶ
378 2265 480 2296 εὐθέως
495 2265 532 2296 ὡς
549 2263 621 2299 εἶχεν
637 2266 652 2291 ὁ
672 2264 823 2300 Ἡρακλῆς,
839 2264 1014 2296 ἀντετόξευσε
1031 2265 1076 2292 τὸν
1101 2265 1232 2300 ’Ᾱχελᾷον
1252 2265 1366 2299 πλησίον
1397 2265 1445 2291 τοῦ
1479 2263 1602 2299 ποταμοῦ
1636 2262 1751 2297 Εὐήνου.

125 2313 156 2340 ’0
169 2312 198 2338 δὲ
211 2311 343 2349 Ἀχελῷος
360 2311 457 2345 ἐνῆκεν
475 2311 571 2338 ἑαυτὸν
587 2312 640 2338 ἀπὸ
653 2311 700 2337 τοῦ
718 2312 803 2338 ἵππου
820 2312 860 2342 είς
875 2311 909 2338 τὰ
929 2312 1026 2346 ῥεῖθρα
1042 2311 1090 2338 τοῦ
1104 2311 1230 2347 ποταμοῦ
1253 2312 1300 2338 καὶ
1321 2311 1463 2338 ἀπώλετο·
1501 2311 1549 2338 καὶ
1574 2310 1603 2343 ἐξ
1647 2309 1754 2336 ἐκείνου

120 2357 279 2393 μετεκλήοη
301 2357 315 2382 ό
339 2357 460 2390 ποταμὸς
481 2357 623 2392 ’Δχελῷος.
643 2357 672 2383 Ὀ
702 2358 731 2384 δὲ

118 2404 214 2438 ὀλίγας
227 2403 334 2438 ἡμέρας
346 2402 469 2438 τελευτᾷ.

110 2444 135 2456 "
155 2449 315 2484 Μελέαγρος
328 2449 356 2476 δὲ
376 2450 391 2475 ό
405 2449 464 2480 υἱὸς
482 2449 595 2481 οινέως,
613 2449 726 2483 ἀδελφὸς
739 2448 786 2475 τοῦ
802 2448 912 2480 Τυδέως

118 2497 169 2524 καὶ
193 2496 365 2531 Δηϊανείρας,
391 2495 518 2530 ἐποίησεν
541 2493 623 2522 ἆθλον
652 2495 750 2530 μέγαν,
779 2495 912 2529 φονεύσας

117 2545 227 2579 κάπρον
241 2543 269 2576 ὃς
285 2541 447 2577 ἐλυμαίνετο
461 2542 514 2576 τὴν
524 2541 616 2577 χώραν
630 2541 739 2576 ἐκείνην
752 2541 854 2573 πᾶσαν,
863 2542 912 2577 τῆς

120 2589 301 2625 κυνηγέτιδος
312 2587 480 2622 Ἀταλάντης
496 2587 688 2622 προσαλούσης
710 2586 780 2622 τόξῳ
796 2588 842 2613 τὸν
865 2587 912 2612 σύ-

120 2643 220 2670 αγρον.
241 2634 296 2660 Kal.
313 2632 383 2668 μετὰ
396 2632 446 2667 τὴν
462 2632 602 2666 ἀναίρεσιν
615 2631 662 2658 τοῦ
676 2631 760 2666 θηρὸς
774 2631 804 2657 τὸ
823 2631 911 2666 δέρμα.

118 2681 207 2708 αὐτοῦ
241 2682 273 2716 τῇ
298 2679 450 2716 ’Δταλάντῃ
482 2678 642 2713 Μελέαγρος
673 2677 840 2712 ἐχαρίσατο,
871 2678 909 2710 είς

119 2728 216 2764 ἔρωτα
230 2727 334 2761 ταύτης
351 2725 473 2761 βληθείς.
491 2724 632 2751 ’Λπελθὼν
659 2724 687 2750 δὲ
710 2725 724 2750 6
748 2723 910 2758 Μελέαγρος

117 2774 163 2804 εὶς
185 2772 230 2799 τὸν
252 2771 349 2799 ἑαυτοῦ
367 2771 476 2806 πατέρα
498 2771 578 2798 Οἰνέα
595 2771 726 2805 ἀπῃτεῖτο
745 2769 811 2804 παρ’
829 2768 910 2799 αὐτοῦ

117 2822 156 2849 τα
168 2819 316 2854 νικητήρια
326 2817 373 2845 τοῦ
388 2817 481 2853 Θηρός.
490 2817 546 2844 Καὶ
558 2815 652 2852 μαθὼν
663 2816 704 2842 ὅτι
717 2817 750 2850 τῇ
761 2814 911 2850 Ἀταλάντῃ

119 2866 153 2894 οδ
169 2865 259 2902 δέρμα
274 2864 430 2900 ἐχαρίσατο,
445 2863 583 2900 ὀργισθεὶς
598 2863 659 2891 κατ’
673 2862 756 2890 αὑτοῦ
773 2862 868 2889 ἐλαϐεν
882 2861 910 2888 ὃν

774 2356 940 2392 Πολύφημος
965 2358 1106 2393 Ἡρακλῆς
1138 2359 1169 2384 ὲκ
1195 2359 1245 2393 τῆς
1261 2357 1368 2393 πληγῆς
1392 2357 1440 2384 τοῦ
1458 2355 1561 2392 μαστοῦ
1586 2355 1668 2383 αὑτοῦ
1696 2363 1746 2390 μετ

1002 2448 1134 2484 Meleager
1150 2454 1240 2476 autent
1266 2447 1351 2475 (Enei
1377 2447 1450 2474 filius
1465 2446 1548 2481 Tydei
1566 2449 1592 2473 et
1620 2444 1754 2479 Dejanira:

965 2497 1051 2525 frater
1076 2505 1204 2532 magnum
1231 2501 1370 2523 certamen
1395 2495 1482 2521 obivit
1506 2501 1572 2528 apro
1595 2493 1751 2525 interfecto,

964 2544 1012 2579 qui
1037 2547 1121 2570 totam
1144 2550 1204 2570 eam
1232 2542 1370 2576 regionem
1396 2540 1530 2572 vastabat,
1554 2547 1616 2567 cum
1642 2539 1753 2574 quidem

964 2589 1087 2616 venatrix
1108 2589 1232 2616 Atalanta
1249 2595 1310 2614 eum
1327 2594 1421 2622 aprum
1448 2585 1545 2621 sagitta
1571 2585 1652 2613 ferire
1668 2592 1754 2612 occu-

964 2639 1066 2669 passet.
1093 2634 1187 2670 Itaque
1214 2633 1347 2668 Meleager
1371 2632 1516 2662 Atalantat.
1548 2631 1629 2666 cujus
1659 2637 1755 2658 amore

962 2680 1018 2715 jam
1031 2684 1089 2707 erat
1104 2685 1211 2714 captus,
1224 2677 1358 2705 interfecti
1373 2677 1431 2711 apri
1442 2677 1569 2703 exuvium
1584 2677 1656 2704 dono
1667 2675 1754 2703 dedit.

965 2724 1102 2751 Reversus
1117 2723 1151 2750 ad
1170 2727 1273 2757 patrem
1290 2730 1368 2749 suum
1383 2721 1503 2749 (Enenm
1521 2720 1655 2755 Meleager
1670 2720 1703 2747 ab
1720 2727 1753 2747 eo

964 2770 999 2798 ob
1011 2771 1110 2798 victam
1130 2769 1215 2797 feram
1237 2769 1378 2804 praemium
1403 2770 1502 2803 poscit.
1513 2767 1581 2795 Cum
1600 2774 1663 2795 vero
1674 2771 1752 2800 pater

966 2816 1130 2851 intelligeret
1140 2815 1303 2850 Meleagrum
1314 2814 1396 2851 248
1407 2814 1500 2842 bestiae
1511 2814 1606 2848 pellem
1618 2812 1751 2839 Atalanta)

966 2862 1039 2889 dono
1052 2860 1171 2894 dedisse,
1193 2861 1257 2889 oleae
1271 2859 1392 2887 frondem
1411 2866 1490 2894 quam
1505 2858 1607 2886 Althaea
1624 2863 1749 2884 asserva-
