1990 3160
81 139 136 170 289

622 140 892 172 IIISTORIARUM
912 141 1173 174 COMPENDIUM.

1652 146 1706 179 290

87 196 118 222 '0
132 197 184 232 γὰρ
199 195 239 232 [Ρ.
255 195 326 232 145]
342 195 468 230 Σολομῶν
484 196 512 223 ὲν
524 196 593 223 ἑπτὰ
607 196 679 224 ἔτεσι
700 198 866 225 κατεσκεύα-

925 200 970 227 ltoc
999 201 1079 227 annis
1100 201 1134 228 46
1156 200 1320 228 aediﬁcatum
1349 205 1400 234 est,
1421 206 1447 230 et
1470 206 1499 230 tu
1518 202 1544 230 id
1564 203 1654 231 triduo
1680 208 1707 231 te

83 251 129 268 σεν
150 243 242 269 αὐτόν.
273 241 363 269 Ἦσαν
391 243 419 270 δὲ
447 244 471 270 οι
500 243 719 279 ὑποστρέψαντες
744 245 797 272 ἀπὸ
818 247 868 281 τῆς

82 289 270 322 αἰχμαλωσίας
285 289 443 321 Βαὸυλῶνος
459 289 577 324 χιλιάδες
598 290 636 317 κδ’
653 291 699 318 καὶ
710 290 760 324 τε,
779 291 868 318 δοῦλοι

81 334 109 360 δὲ
123 335 319 370 ἑπτακισχίλιοι
331 335 380 367 λς’.

125 423 157 449 Ἦ
189 423 217 448 δὲ
243 422 291 448 τοῦ
320 423 474 458 Ζοροϐάϐελ
505 423 659 459 ὑπόμνησις
686 424 799 459 τοιαύτη
823 422 867 459 ἦν·

81 469 162 504 Τρεῖς
193 469 425 503 σωματοφύλακες
450 469 497 496 τοῦ
530 469 662 504 βασιλέως
694 471 734 501 είς
757 471 869 502 ἑαυτοὺς

81 515 268 550 διαλεχθέντες
288 512 363 540 εἷπον
386 523 393 530 ·
412 515 579 550 Δαλήσωμεν
597 515 637 550 τῷ
656 514 759 550 βασιλεῖ
785 515 870 550 ζητή-

85 570 169 596 ματα,
186 560 301 591 ἕκαστος
314 561 378 595 περὶ
393 560 439 586 τοῦ
459 561 486 586 τί
503 561 577 587 ἐστιν
594 561 769 596 ἰσχυρότερον
784 562 812 587 ἐν
831 560 870 596 τῷ

83 607 189 642 κόσμῳ,
206 606 220 632 ὃ
234 607 296 641 νικᾷ
316 605 406 632 πάντα
422 613 429 620 ·
447 607 495 633 καὶ
507 604 562 638 οἷος
578 607 609 633 ἂν
625 607 723 642 εὑρεθῇ
739 607 867 642 νικήσας,

83 653 264 688 τιμηθήσεται
280 652 355 687 παρὰ
375 651 422 678 τοῦ
439 652 579 687 βασιλέως.
611 653 640 679 ’0
658 653 765 688 πρῶτος
783 650 869 678 εἶπεν·

90 701 272 736 Ἰσχυρότερος
297 701 311 726 ὁ
333 697 412 733 οῐνος,
438 700 484 726 καὶ
497 700 558 735 νικᾷ
573 699 671 727 πάντα.
706 699 734 725 ’0
747 699 871 733 δεύτερος

86 745 146 774 εἶπε
158 754 164 762 ·
181 747 252 781 Nm;
265 747 279 772 ό
291 745 427 781 βασιλεὺς,
444 745 475 772 τὸ
492 745 633 780 βούλεσθαι
650 745 720 780 ἔχων
748 747 780 780 τῇ
793 745 871 771 δυνά-

90 802 134 827 μει
153 792 308 827 σύνδρομον.
341 791 370 818 Ὀ
393 791 483 826 τρίτος
505 792 519 818 ὁ
544 792 591 818 καὶ
610 791 762 826 Ζοροϐάϐελ
792 789 870 817 εἷπε·

86 839 157 874 Νικᾷ
171 839 188 873 ἡ
206 837 285 873 γυνὴ,
312 838 358 864 καὶ
374 838 443 872 ὑπὲρ
458 838 546 864 πάντα
567 839 582 871 ἡ
604 837 726 866 ἀλήθεια.
752 838 799 869 Ὃς
824 838 872 865 ὲπ-

87 883 181 920 ⁴τινεθη,
199 885 247 909 καὶ
258 883 335 918 ἐδόθη
355 883 430 918 αὐτῷ
449 883 603 917 αῑτηοις,”0
619 883 646 909 δὲ
663 884 802 918 ὑπέμνησε
825 883 870 910 τὸν
887 873 907 900 Β

86 928 197 962 βασιλέα
214 928 264 962 τῆς
290 927 382 963 εὐχῆς,
401 929 449 954 καὶ
472 929 591 955 ἀπέλυσε
615 927 660 954 τὸν
685 927 750 954 λαὸν
770 928 870 961 πάντα,

85 974 134 1000 καὶ
147 974 195 1009 τὴν
212 974 290 1001 πόλιν
305 974 353 1001 καὶ
369 974 415 1000 τὸν
431 974 493 1000 ναὸν
510 974 696 1009 ᾠκοδόμησεν.

122 1020 166 1046 Ἐν
179 1021 212 1055 τῇ
226 1019 339 1054 δευτέρᾳ.
352 1019 405 1046 τῶν
423 1019 629 1046 ἣῖακκαῦαῖκῶν
646 1019 794 1046 ἐπιστολῶν
814 1021 870 1052 τοῖς

85 1064 146 1091 κατ’
162 1065 301 1098 Αἴγυπτον
321 1064 460 1096 Ἰουδαίοις
477 1065 632 1100 γέγραπται
653 1065 718 1100 περὶ
739 1065 869 1100 Νεεμίου,

85 1112 126 1138 ὅτι
145 1112 362 1146 ἀνοικοδομήσας
391 1111 421 1138 τὸ
442 1111 514 1146 ἱερὸν
542 1111 590 1137 καὶ
617 1111 647 1137 τὸ
678 1110 871 1146 θυσιαστήριον

85 1157 134 1183 καὶ
145 1156 249 1191 μέλλων
265 1156 360 1182 θυσίαν
378 1156 527 1190 ἀναφέρειν
547 1155 653 1190 έπεμψε
665 1157 728 1187 τοὺς
743 1156 871 1190 ἐγγόνους

86 1201 141 1228 τῶν
156 1202 252 1236 ἱερέων
275 1202 320 1228 ἐπὶ
337 1201 367 1228 τδ
387 1202 487 1237 φρέαρ,
505 1202 533 1228 ὲν
548 1198 570 1235 ᾧ
586 1201 762 1237 κατέκρυψαν
777 1203 802 1228 οἱ
820 1211 872 1229 πα-

86 1249 165 1283 τέρες
179 1247 269 1274 αὐτῶν
285 1249 313 1274 ὲν
328 1247 366 1282 τῷ
381 1247 468 1283 καιρῷ
481 1247 530 1282 τῆς
542 1248 730 1282 αἰχμαλωσίας
744 1247 871 1280 λαϐόντες

88 1296 120 1321 ἐκ
130 1294 176 1321 τοῦ
191 1295 277 1329 πυρὸς
291 1294 339 1320 τοῦ
356 1294 560 1330 θυσιαστηρίου,
576 1294 613 1326 ὡς
635 1294 770 1329 Ἱερεμίας
788 1294 868 1330 φησὶ,

87 1341 133 1367 τοῦ
145 1342 257 1374 ἀγαγεῖν
271 1340 326 1375 πῦρ
337 1339 368 1373 ἐξ
383 1340 476 1368 αὐτοῦ.
494 1341 524 1367 Οἱ
538 1341 566 1366 δὲ
578 1340 739 1371 ἀπελθόντες
753 1341 801 1375 οὐχ
825 1338 871 1366 εὖ-

89 1395 135 1422 ρον
151 1387 218 1421 πῡρ,
238 1385 382 1421 ἁλλ’ῦδωρ
410 1386 493 1421 παχύ.
526 1386 666 1413 Ἐκὲλευσε
693 1387 721 1412 δὲ
750 1386 872 1421 Νεεμίας

91 1434 200 1466 ἀγαγεῖν
216 1433 249 1458 ἐκ
263 1432 369 1465 τούτου,
386 1433 433 1459 καὶ
446 1433 593 1468 ὲπιρῥᾶναι
618 1434 674 1464 τοῖς
705 1432 793 1464 ξύλοις
815 1433 872 1464 τοῖς

93 1479 280 1514 ὑποκειμένοις
315 1480 348 1514 τῇ
374 1479 464 1515 θυσίᾳ.
496 1478 548 1504 Τοῦ
573 1478 601 1504 δὲ
641 1478 715 1514 ἡλίου
747 1479 800 1505 ἀπὸ
829 1478 872 1504 νέ-

91 1534 154 1560 φους
177 1525 333 1560 λάμψαντος
353 1525 462 1560 ἀνήφθη
502 1525 576 1559 πυρὰ
609 1525 716 1559 μεγάλη
732 1524 802 1550 κατὰ
817 1524 871 1550 τῶν

91 1572 190 1598 θυσιῶν
205 1571 252 1598 καὶ
265 1571 434 1606 ἐδαπάνησεν
449 1571 542 1604 αὑτὰς,
556 1570 625 1597 ὥστε
645 1571 785 1605 θαυμάσαι
806 1571 873 1598 πᾶν·

88 1625 137 1649 τας
151 1618 197 1644 καὶ
213 1617 322 1649 δοξάσαι
339 1617 384 1643 τὸν
400 1616 465 1643 Θεὸν
482 1617 546 1652 μετ’
561 1617 653 1652 εὐχῆς.

126 1664 188 1689 ὐτι
202 1664 215 1689 ὀ
230 1662 332 1697 Ξέρξης
347 1659 423 1694 οὗτος
440 1662 577 1696 Αἴγυπτον
592 1662 758 1697 παραλαϐὼν
772 1663 819 1689 καὶ
834 1663 873 1694 εἰς

89 1709 205 1744 Ἀθήνας
216 1708 311 1741 ἐλθὼν,
330 1708 427 1742 ζεύξας
440 1707 485 1734 τὸν
505 1707 711 1743 Ἑλλήσποντον,
726 1709 873 1744 ἐνέπρησεν

90 1756 188 1786 αὐτάς.
210 1754 255 1781 Ἐν
274 1755 302 1781 δὲ
323 1754 426 1789 ¹Ρώμῃ’
446 1754 566 1789 Πορτίλα
593 1763 635 1786 τις
659 1754 794 1788 παρθένος
827 1754 874 1781 ἐπὶ

90 1803 226 1838 διαφθορᾷ
243 1802 466 1836 καταγνωσθεῖσα
486 1801 561 1833 ζῶσα
579 1802 738 1836 κατωρύγη.
752 1802 807 1828 Καὶ
829 1801 874 1829 νό-

91 1859 136 1885 μοι
153 1851 181 1876 ἐν
210 1849 304 1884 Ῥώμῃ
324 1848 377 1875 ἀπὸ
413 1848 536 1878 Ἑλλάδος
556 1847 600 1873 διὰ.
623 1847 726 1874 δώδεκα
757 1847 869 1882 pisum

91 1895 284 1930 ἐπέμφθησαν.
311 1894 355 1921 Ἑν
382 1893 487 1926 τούτοις
514 1895 568 1924 τοῖς
586 1894 690 1928 χρόνοις
717 1893 821 1929 ὲρράγη
846 1893 875 1918 ὲν

91 1941 202 1976 Σικελίᾳ
215 1940 246 1967 τὸ
259 1940 384 1967 Αἰτναῖον
399 1939 461 1974 ὅρος
484 1940 530 1965 καὶ
549 1938 644 1972 ἐξῆλθε
665 1939 730 1972 πῦρ.
748 1938 804 1964 Καὶ
822 1946 876 1964 σει-

94 1987 171 2021 σμῶν
186 1985 340 2020 γενομένων
365 1986 381 2019 ἡ
397 1984 464 2019 πρὸς
491 1984 606 2019 Λόκροις
632 1984 780 2019 Ἀταλάντη
815 1993 874 2018 σχι-

92 2032 188 2058 σθεῖσα
204 2031 284 2065 νῆσος
310 2029 428 2063 ἐγένετο.
456 2028 533 2055 Κατὰ
548 2027 659 2059 τούτους
676 2029 737 2059 τοὺς
763 2028 875 2064 χρόνους

89 2078 139 2105 καὶ
158 2079 182 2104 οἱ
203 2076 338 2111 Ἀθηναῖοι
363 2075 419 2105 τοῖς
449 2073 488 2100 κδ’
525 2073 692 2108 Ἑλληνικοῖς
715 2074 875 2108 γραμμασιν

90 2126 256 2160 ἐχρήσαντο,
273 2122 340 2158 μόνα
356 2120 393 2153 ις’
404 2121 470 2147 ὄντα
487 2120 630 2155 πρότερον.
653 2120 707 2146 Καὶ
727 2119 875 2154 Σωκράτης

90 2171 123 2203 ἐξ
135 2170 229 2200 ἀνοίας
238 2168 292 2195 τῶν
314 2167 463 2202 Ἀθηναίων
474 2166 505 2192 τὸ
519 2167 631 2192 κώνειον
649 2166 719 2191 πιὼν
732 2164 872 2193 ἐτελεύτα.

919 248 1121 272 exstructnrum
1135 245 1225 272 ais?"
1241 254 1251 271 ›
1268 245 1398 274 Solomon
1426 246 1441 272 7
1460 254 1548 275 annos
1561 248 1603 275 sui
1613 249 1706 282 templi

919 288 1033 315 aedilicio
1052 288 1233 323 impenderat.
1244 288 1380 318 Numerus
1392 289 1547 319 Iudaeorum
1562 293 1596 319 ab
1610 293 1706 320 exsilio

920 333 1086 369 Babylonico
1110 335 1306 363 revertenlium
1324 335 1376 364 fuit
1401 336 1436 364 24
1458 338 1594 371 millia,et
1616 339 1706 374 capita

919 380 981 413 360,
997 387 1137 407 servorum
1152 380 1231 407 7057.

955 425 1090 453 Cmternm
1123 426 1194 460 quod
1218 425 1252 453 de
1279 426 1465 455 admonitione
1492 435 1507 454 a
1535 428 1706 456 Zorohabelo

921 471 991 498 facta
1021 471 1170 498 indicatum
1198 476 1249 504 est,
1275 472 1302 499 id
1327 473 1367 500 sie
1396 473 1498 501 habet:
1517 473 1584 502 Tres
1607 475 1706 509 quibus

920 517 1044 545 custodia
1067 517 1192 553 corporis
1229 519 1295 552 regii
1322 519 1469 546 commissa
1487 524 1556 553 erat,
1581 521 1654 547 inter
1677 529 1706 548 se

921 563 1064 594 collocuti,
1093 567 1249 590 statuerunt
1280 563 1380 598 singuli
1406 566 1584 598 quaestionem
1611 565 1645 592 de
1674 573 1706 592 eo

921 609 993 643 quod
1008 608 1188 636 fortissimum
1204 609 1229 635 in
1244 610 1345 635 mundo
1358 610 1393 636 sit
1403 614 1486 644 atque
1499 611 1590 637 Omnia
1605 611 1704 643 vincat,

921 656 978 690 regi
1007 662 1144 690 exponere
1173 663 1180 680 :
1209 655 1304 682 victori
1333 662 1430 690 nempe
1449 662 1464 681 a
1484 663 1547 690 rege
1575 655 1705 682 honorent

922 701 1045 727 habitum
1064 701 1107 728 iri.
1124 699 1232 728 Primus
1248 701 1317 728 dixit
1331 701 1422 727 vinum
1442 709 1503 728 esse
1516 701 1705 733 tot-tissimum,

924 750 950 773 et
962 746 1055 772 omnia
1069 746 1188 773 vincere.
1206 745 1351 772 Secundus
1363 747 1431 773 dixit
1443 755 1450 772 :
1462 746 1550 773 Vincit
1565 755 1624 777 rex.
1643 748 1706 781 quia

922 790 1056 817 voluntati
1074 790 1230 817 facultatem
1240 790 1396 824 adjunctam
1407 791 1497 818 habet.
1509 791 1554 818 Ter
1563 790 1707 818 tiusZuro-

923 835 1182 864 babelnsmulierent
1193 837 1349 872 praevalere,
1366 838 1412 865 sed
1430 837 1557 864 omnibus
1571 838 1707 872 potentio-

921 889 1047 909 remesse
1057 883 1197 909 veritatem
1207 882 1284 909 dixit.
1293 882 1342 909 llic
1359 883 1584 916 meruitlaudem,
1601 888 1627 910 et
1640 883 1707 910 libe-

921 935 980 955 ram
993 929 1131 962 optionem
1149 934 1246 955 nactus
1267 936 1357 963 regem
1377 929 1430 956 voti
1447 929 1604 962 admonuit;
1617 934 1645 956 et
1662 937 1709 956 rex

921 974 1050 1009 populum
1060 974 1087 1001 di
1098 974 1171 1001 misit
1179 981 1210 1000 ac
1224 974 1317 1000 urbem
1328 973 1470 1001 aediﬁcavit
1478 979 1559 1009 atque
1565 976 1707 1010 templum.

957 1021 985 1047 ln
1002 1021 1121 1047 secunda
1136 1020 1250 1055 epistola
1264 1019 1482 1047 Maeltabazorum
1502 1020 1535 1047 ad
1555 1019 1665 1048 Iudaeos
1680 1021 1707 1048 in

921 1066 1039 1102 Egypto
1066 1067 1196 1101 degentes
1230 1066 1366 1101 scriptum
1398 1071 1449 1099 est,
1475 1067 1548 1101 quod
1581 1067 1708 1094 refecerit

921 1113 1052 1147 templum
1070 1116 1097 1139 et
1112 1113 1198 1139 altare
1213 1111 1350 1145 Neemias,
1369 1119 1411 1145 ac,
1430 1112 1646 1145 sacriﬁcaturus,
1663 1120 1706 1140 sa-

922 1158 1062 1185 cerdotum
1090 1163 1216 1193 posteros
1240 1158 1274 1184 ad
1299 1158 1404 1186 foveam
1430 1159 1547 1191 miserit,
1569 1159 1595 1186 in
1625 1166 1707 1194 quant

922 1207 1045 1238 tempore
1057 1203 1156 1229 excidii
1174 1201 1255 1237 255
1274 1202 1392 1237 majores
1408 1203 1530 1237 ipsorum
1547 1203 1709 1231 abdiderant

922 1249 1011 1284 ignem
1029 1249 1062 1276 de
1076 1248 1156 1275 altari
1170 1252 1322 1283 sumptum,
1337 1252 1366 1275 ut
1376 1247 1510 1276 Jeretnias
1520 1249 1569 1280 ait,
1584 1253 1613 1276 ut
1631 1249 1664 1276 de
1675 1257 1708 1276 eo

922 1294 1011 1330 ignem
1026 1293 1170 1328 alierrent;
1187 1295 1297 1327 missos,
1311 1301 1343 1321 eo
1358 1302 1421 1322 cum
1433 1294 1581 1325 venissent,
1598 1302 1652 1321 non
1667 1295 1708 1321 in-

921 1341 1029 1368 venisse
1046 1340 1146 1375 ignem,
1174 1340 1221 1367 sed
1241 1347 1340 1374 aquam
1365 1347 1549 1373 erassam;ex
1567 1347 1599 1367 ea
1615 1339 1706 1367 all‘erri

920 1385 1037 1420 jussisse
1057 1384 1207 1417 Neemiam,
1232 1391 1348 1419 eamque
1368 1384 1531 1419 inspersisse
1547 1385 1628 1420 lignis
1645 1385 1709 1420 qui-

922 1431 974 1458 bus
992 1431 1101 1457 victima
1117 1434 1174 1457 erat
1188 1430 1333 1464 imposita;
1350 1437 1414 1457 cum
1428 1435 1517 1457 autem
1536 1431 1577 1458 sol
1591 1438 1623 1458 ex
1638 1431 1709 1458 nube

922 1475 1079 1508 eﬂ'ulsisset,
1113 1483 1228 1511 magnos
1254 1477 1331 1510 ignes
1360 1476 1498 1504 exarsisse
1521 1484 1552 1503 ac
1586 1476 1709 1504 victimas

886 1538 907 1566 ε
925 1523 1126 1558 absumpsisse;
1166 1522 1343 1557 quamobrem
1390 1530 1485 1550 omnes
1529 1523 1709 1551 admiratione

924 1572 1019 1604 captos
1038 1568 1123 1596 Deum
1137 1567 1215 1596 factis
1233 1568 1304 1596 votis
1320 1568 1494 1603 praedicasse.

959 1657 984 1686 Is
1001 1659 1105 1686 Xerxes
1123 1657 1240 1694 Egypto
1253 1657 1281 1684 in
1298 1659 1460 1692 potestatem
1486 1665 1565 1685 suam
1587 1658 1707 1690 redacta.

924 1704 1045 1732 Athenas
1075 1705 1172 1739 juncto
1210 1707 1294 1739 ponte
1328 1701 1504 1738 Hellesponto
1533 1705 1707 1738 perveniens.

926 1751 1018 1778 urbem
1031 1751 1160 1778 incettdit.
1175 1750 1266 1778 Romae
1277 1748 1379 1779 Portila
1390 1751 1513 1785 quaedam
1525 1751 1601 1785 virgo
1613 1751 1710 1778 incesti

926 1796 1053 1824 damnata
1069 1797 1130 1823 viva
1164 1797 1275 1825 defossa
1289 1797 1350 1825 fuit.
1367 1797 1453 1832 Leges
1470 1796 1612 1824 duodecim
1631 1796 1711 1823 tabu-

926 1844 1014 1870 larum
1030 1849 1062 1869 ex
1081 1842 1184 1870 Gracia
1201 1842 1314 1869 Romam
1345 1843 1434 1868 allatae
1456 1845 1530 1869 sunt.
1562 1840 1601 1866 Ea
1628 1845 1709 1867 aetate

925 1889 1008 1918 Etna
1020 1896 1098 1916 mons
1118 1889 1146 1915 in
1162 1888 1256 1915 Sicilia
1274 1892 1372 1923 ruptus
1389 1892 1432 1915 est
1453 1888 1598 1922 ignemque
1612 1886 1708 1914 edidit.

927 1935 958 1962 Et
973 1939 1053 1962 terrm
1065 1934 1185 1961 molibus
1194 1934 1322 1961 Atalanta
1338 1942 1353 1960 a
1372 1933 1468 1960 Locris
1481 1933 1596 1967 abrupta
1617 1932 1708 1959 insula

926 1981 997 2008 facta
1012 1986 1063 2008 est.
1085 1980 1185 2007 Eodem
1206 1984 1326 2014 tempore
1349 1979 1530 2006 Athenienses
1558 1977 1660 2005 Graecis
1675 1977 1710 2003 Ἡ

926 2027 1026 2054 litteris
1033 2027 1074 2053 usi
1083 2030 1157 2060 sunt,
1170 2034 1232 2054 cum
1247 2030 1311 2052 ante
1320 2025 1415 2052 littera:
1425 2028 1531 2051 tantum
1542 2024 1707 2050 iiiiuissent.

926 2073 960 2100 Et
975 2072 1102 2100 Socrates
1131 2072 1229 2100 haustu
1262 2079 1309 2105 per
1334 2071 1473 2098 vesaniam
1502 2069 1710 2096 Atheniensium

927 2119 1023 2145 cicutae
1047 2125 1151 2144 veneno
1177 2117 1303 2144 moritur.
1326 2111 1428 2143 'Helice
1440 2119 1468 2143 et
1499 2115 1570 2142 Bura
1599 2115 1710 2141 Achaia:

927 2163 1009 2190 urbes
1031 2163 1137 2197 magnis
1167 2151 1248 2189 terrae
1275 2161 1394 2189 molibus
1418 2162 1553 2195 absorpta!
1582 2164 1664 2192 sunt;
1684 2164 1711 2186 ct

95 2216 192 2250 Ἑλίκη
207 2215 254 2241 καὶ
268 2215 284 2249 η
300 2213 401 2247 Βοῦρα,
419 2211 510 2242 πόλεις
526 2210 649 2245 Ἀχαίας,
673 2210 802 2245 μεγάλοις
821 2218 873 2236 σει-

929 2208 1017 2236 adltuc
1031 2215 1124 2235 earum
1134 2208 1247 2242 vestigia
1261 2208 1287 2234 in
1302 2208 1368 2234 mari
1381 2207 1507 2234 visuntur
1520 2206 1554 2233 ad
1572 2205 1709 2238 dextram,

95 2263 177 2297 σμοῖς
202 2259 418 2294 κατεπτώθησαν
435 2265 443 2273 ·
459 2255 496 2284 ὧν
512 2256 552 2284 ἔτι
581 2256 652 2283 κατά
679 2256 816 2282 θάλασσαν
843 2256 877 2281 τὰ

93 2308 158 2343 ἴχνη
173 2306 315 2342 φαίνονται
335 2305 391 2335 τοῖς
410 2303 537 2330 πλέουσιν
561 2302 615 2329 ἀπὸ
631 2301 746 2335 Πατρῶν
759 2301 806 2328 ent
822 2301 876 2328 Κό·

92 2353 187 2389 ρινθον
199 2351 284 2387 δεξιᾷ.

129 2399 194 2425 ὀτι
210 2397 339 2432 Σκηπίων
371 2394 534 2430 ’Δφρικανδς
563 2393 696 2428 Ῥωμαῖος
724 2391 875 2426 δικτάτωρ,

91 2442 236 2480 πορθήσας
261 2441 433 2477 Καρχηδόνα,
455 2438 587 2474 Ἀφρικὴν
626 2437 674 2473 τὴν
699 2437 791 2472 χώραν
817 2445 879 2471 μετ-

88 2490 245 2525 ωνόμασεν.

131 2536 195 2562 Ὀτι
209 2534 329 2561 Γαλάται
346 2534 393 2560 καὶ
409 2533 506 2559 Κελτοὶ
526 2531 634 2566 Ῥώμης
649 2528 782 2565 ἐκράτουν
808 2528 877 2563 πλὴν

89 2581 141 2608 τοῦ
155 2579 342 2607 Καπιτωλίου.

131 2624 322 2660 Ἀριστοτέλης
332 2622 372 2658 τῷ
384 2622 508 2649 Πλάτωνι
520 2619 668 2656 μαθητεύει
680 2619 733 2646 ἀπὺ
743 2619 878 2645 δεκαεπτὰ

90 2670 200 2706 χρόνων
211 2670 260 2704 τῆς
272 2667 380 2704 ἡλικίας
395 2665 488 2694 αὐτοῦ.

130 2715 174 2752 [P.
194 2714 257 2751 H6]
296 2713 355 2741 Ἐπ’
371 2712 454 2740 αὑτοῦ
491 2711 628 2744 Διονύσιος
660 2712 799 2747 ἐτυράννει
823 2711 877 2738 τῶν

90 2762 226 2793 Σ.κελῶν,
248 2760 309 2788 καθ’
323 2759 352 2786 ὃν
376 2760 389 2785 ό
416 2758 529 2786 Πλάτων
551 2758 731 2794 ἀποδημήσας
757 2758 879 2792 ἱστορίας

89 2809 177 2834 ἕνεκα
192 2806 247 2833 τῶν
262 2805 416 2840 λεγομένων
430 2804 564 2833 Αἰτναίων
586 2803 734 2839 κρατήρων
762 2802 809 2829 τοῦ
825 2811 878 2828 πυ-

128 2863 154 2880 ·³
167 2861 262 2890 Matth.
282 2868 366 2895 xxvn,
380 2860 426 2889 40.

928 2262 990 2283 cum
1007 2261 1023 2280 a
1036 2253 1125 2282 Patris
1139 2253 1299 2282 Corinthum
1313 2253 1468 2288 navigatur.

965 2383 1057 2418 Scipio
1097 2382 1242 2410 Africanus
1274 2381 1462 2409 Romanorum
1496 2380 1614 2408 dictator
1645 2379 1710 2408 Car-

929 2430 1038 2465 thagine
1051 2429 1139 2457 deleta
1157 2428 1260 2464 regioni
1286 2435 1384 2455 nomen
1397 2427 1496 2454 Africa:
1513 2425 1622 2454 indidit.

965 2523 1046 2559 256
1057 2522 1158 2550 Galatae
1172 2525 1199 2549 et
1219 2520 1300 2548 Celtae
1314 2518 1428 2547 Romam
1440 2521 1555 2553 excepto
1568 2517 1710 2552 Capitolio,

930 2575 1072 2599 οεοςπυιιι.

983 2579 1072 2597 erunt.

964 2579 1123 2644 pAristoteles
1161 2622 1176 2641 a
1204 2613 1238 2641 t7
1264 2619 1321 2641 suae
1349 2611 1440 2639 aetatis
1475 2617 1548 2638 anno
1592 2609 1712 2638 Platonis

930 2661 1081 2696 discipulus
1095 2659 1156 2687 fuit.

967 2708 1004 2735 Eo
1020 2713 1141 2741 tempore
1157 2704 1303 2738 Dionysius
1327 2702 1482 2730 Siculorum
1496 2702 1546 2729 fuit
1566 2705 1712 2737 tyrannus.

932 2755 973 2783 Ad
1002 2762 1064 2782 eum
1086 2753 1162 2781 Plato
1186 2752 1323 2788 profectus
1351 2754 1404 2783 est,
1423 2749 1512 2777 Aith
1538 2748 1626 2776 dictos
1643 2747 1715 2782 ignis

932 2808 1052 2830 crateras
1065 2798 1266 2835 contemplandi
1276 2797 1377 2831 studio,
1391 2804 1422 2825 ac
1433 2794 1545 2832 tyranni
1555 2795 1582 2822 in
1591 2793 1715 2821 notitiam
