1990 3160
96 157 149 189 ‘297

622 157 894 189 HISTORIARUM
920 160 1188 191 COMPENDIUM.

1674 165 1728 197 9‘35

95 215 197 250 πλῆθος
217 213 381 250 ἀριθμηοεὶς
407 211 487 250 εἶρέν
504 214 576 242 ὀκτὼ
609 216 742 252 μυριάδας
769 217 887 244 πολιτῶν

943 222 1004 246 sunt
1029 218 1131 245 civium
1152 217 1290 253 octoginta
1309 218 1361 245 tria
1388 219 1483 254 millia,
1507 225 1605 255 praeter
1620 229 1668 250 eos
1681 221 1728 258 qui

93 261 176 292 οὔσας
189 261 238 287 σὺν
255 259 415 296 τρισχιλίοις
428 261 555 296 ἀνδράσι,
579 262 647 296 πρὸς
668 264 724 294 τοῖς
753 264 799 290 ἐπὶ
829 264 885 290 τῶν

94 305 187 340 ἀγρῶν
217 304 418 345 διαιτωμένοις,
443 305 497 337 Οὒς
523 307 562 338 εἰς
587 307 682 342 λόχους
704 309 884 344 κατανείμας,

93 353 141 379 καὶ
154 352 214 382 ταῖς
231 352 337 383 οὐσίαις
353 352 469 379 ἑκάστου
489 353 633 388 τιμήματα
657 354 727 389 πρὸς
742 354 820 388 λόγον
834 355 885 390 τὴς

95 398 236 432 δυνάμεως
251 398 367 429 ἐπιθεὶς,
386 399 557 425 δικαιότατον
583 399 712 425 ἁπάντων
735 399 886 435 πολίτευμα

95 445 143 470 καὶ
159 444 415 477 πολυωφελέστατον
424 444 599 479 είσηγάγετο.
611 445 703 481 Ταύτῃ
716 445 771 481 γὰρ
785 447 818 481 τῇ
828 446 887 473 δια-

95 489 230 523 κοσμήσει
245 488 294 521 τάς
311 497 340 515 τε
368 489 422 515 τῶν
451 490 625 524 στρατιωτῶν
643 490 826 526 καταγραφὰς
841 492 887 518 καὶ

94 536 144 567 τὰς
159 535 213 562 τῶν
229 536 365 571 εἰσφορῶν
386 536 525 569 συντάξεις
550 537 596 563 καὶ
615 537 648 564 τὰ
669 538 814 573 τιμήματα
831 537 886 564 τῶν

96 582 162 616 βίων
179 582 297 607 ἐποιεῖτο
308 589 314 595 ·
330 582 452 617 τέσσαρα
464 582 518 617 γὰρ
530 579 608 614 οὗτος
621 584 655 611 τὰ
681 584 887 619 τιμωρημάτων

95 628 210 663 ἐφεῦρεν
223 627 336 663 ὄργανα.
351 629 405 655 Καὶ
427 629 634 664 τεσσαράκοντα
653 629 700 665 ἔτη
723 631 773 665 τῆς
800 631 887 665 ἀρχῆς

96 675 238 710 κρατήσας
255 674 656 710 διαφθείρεται,δολοφονηθεὶς
671 676 723 703 ὑπὸ
733 677 886 712 Ταρκυνίου

97 720 263 754 Σουπέρϐου.

132 765 282 801 Ταρκύνιος
294 765 460 802 Σούπερὸος.
470 763 553 799 Οὗτος
560 767 641 799 εὐθὺς
651 768 755 800 πάντας
763 768 888 804 ἐκίνησεν

100 812 146 839 ἐπὶ
160 812 188 838 τὲ
207 812 414 848 αὐθαδέστερον,
428 813 477 840 καὶ
497 812 651 848 βαρυτέραν
670 815 719 850 τὴν
748 816 888 843 πολιτείαν

98 858 228 892 ἀπέφηνε,
246 859 310 890 τούς
337 867 367 886 τε
397 859 498 894 νόμους
526 860 655 894 μεταθεὶς
685 861 732 888 καὶ
756 862 888 897 ἄρχοντας

939 271 1003 290 rure
1021 263 1161 290 vivebant.
1176 263 1241 291 Eam
1260 264 1461 292 multitudinem
1474 267 1501 293 in
1517 267 1620 295 classes
1636 268 1729 295 distri-

937 308 1008 341 buit,
1034 308 1206 344 singulisque
1233 317 1316 337 censu
1346 318 1395 345 pro
1425 311 1547 346 ipsorum
1571 313 1664 341 habitu
1688 314 1731 341 ir.—

935 356 1039 392 jnncto,
1054 356 1215 390 iustissimae
1228 356 1306 391 juxta
1318 358 1451 393 longeque
1463 359 1616 387 utilissima:
1628 361 1731 388 consti-

939 403 1052 430 tutionis
1077 407 1175 430 auctor
1199 402 1261 434 fuit.
1292 412 1346 439 qua
1372 410 1399 433 et
1428 406 1567 434 scribendi
1593 410 1729 438 exercitus

938 450 1077 477 rationem
1111 454 1139 477 et
1168 450 1262 477 tributi
1297 451 1470 478 collationem
1503 457 1529 480 et
1571 453 1729 482 facultatum

938 499 1073 530 cujusque
1096 495 1307 522 aestimationem
1335 496 1481 530 expedivit.
1506 497 1628 530 Quatuor
1657 499 1729 526 enim

938 542 983 568 hic
999 541 1103 568 invenit
1126 548 1227 569 census
1251 544 1445 570 instrumenta.
1463 543 1530 571 Cum
1555 552 1642 573 annos
1660 554 1730 581 qua-

939 587 1065 622 draginta
1095 593 1249 622 regnasset,
1277 597 1324 624 per
1351 589 1445 616 dolum
1470 593 1512 616 est
1539 597 1554 616 a
1579 591 1731 627 Tarquinio

941 633 1067 669 Superbo
1082 637 1208 661 necatus.

939 764 947 776 ⁷
975 764 1143 800 Tarquinius
1164 765 1304 800 Superbus
1333 774 1417 802 regno
1440 767 1542 803 potitus
1567 769 1657 796 omnia
1680 777 1729 804 pro

940 818 988 838 sua
1014 812 1155 839 voluntate
1175 820 1256 847 agere
1283 813 1377 848 coepit,
1395 814 1606 850 reipublicmqttc
1631 817 1732 850 guber-

941 856 1079 883 nationem
1109 857 1217 885 civibus
1246 859 1430 887 molestiorem
1456 860 1586 894 reddidit,
1618 869 1680 889 cum
1706 867 1733 889 ct

98 904 322 939 προϐαλλόμενος,
334 905 382 931 καὶ
394 905 430 932 δι’
442 906 532 932 αὐτῶν
546 907 592 933 τὸν
601 907 686 942 δῆμον
700 907 810 943 δεσμοῖς
820 917 888 934 παν-

943 903 1012 937 leges
1025 903 1180 938 refingeret,
1193 908 1219 931 et
1230 905 1408 940 magistratus
1417 907 1607 939 constitueret,
1616 915 1733 942 quorum

97 951 178 980 τοίοις
191 952 237 977 καὶ
250 950 378 985 μεγάλοις
391 951 437 977 καὶ
451 951 577 979 κολάσεσι
596 953 642 979 καὶ
652 952 770 988 ἐξορίαις
783 953 889 986 αἰκιζό-

99 1004 177 1030 μενος
188 1004 194 1011 '
207 996 287 1028 αὐτὸς
300 997 354 1032 γὰρ
369 997 464 1032 ἐξεῦρε
476 998 576 1033 δεσμὰ,
587 997 734 1032 μάστιγας.
744 999 820 1032 ξύλα,
832 1001 890 1034 εἰρ-

96 1041 176 1074 κτάς,
187 1043 321 1076 φυλακὰς,
329 1043 453 1076 ’κλοιοὺς,
471 1044 564 1076 πέδας,
582 1044 701 1076 ἁλύσεις.
714 1044 832 1080 ὲξορίας,
843 1045 892 1080 μέ-

96 1089 193 1120 ταλλα,
202 1089 249 1116 καὶ
260 1090 316 1116 εἴτι
325 1088 389 1116 ἄλλο
398 1091 494 1117 κακόν.
507 1089 690 1125 Φιλοπόλεμός
701 1099 742 1124 τε,
751 1091 774 1118 εί
789 1093 836 1118 καί
847 1100 888 1124 τις

97 1133 176 1165 ἄλλος
184 1134 292 1161 πώποτε
300 1135 421 1169 γέγονεν,
431 1136 590 1172 ὑπερόπτης
597 1145 625 1163 τε
633 1137 679 1163 καὶ
688 1137 804 1169 ἀλαζών.
810 1138 892 1164 Ὅθεν

97 1181 147 1207 καὶ
163 1180 212 1216 τὴν
223 1181 383 1216 ἐπωνυμίαν
393 1181 496 1217 ταύτην
509 1183 687 1218 ἀπηνέγκατο
698 1191 705 1197 ·
725 1183 893 1219 σουπέρὸους

97 1227 153 1262 γὰρ
166 1227 229 1258 τοὺς
261 1227 457 1262 ὑπερηφάνους
484 1227 616 1263 Ῥωμαῖοι
633 1229 822 1264 ὀνομάζουσιν.
839 1227 892 1257 Οἶμ-

97 1281 143 1304 τος
155 1272 230 1307 παρᾶ
245 1272 392 1308 Ῥωμαίοις
408 1274 534 1308 μισηθεὶς
559 1274 604 1301 διά
633 1283 663 1301 τε
678 1273 764 1302 τᾶλλα
785 1276 832 1302 καὶ
847 1276 892 1303 διὰ

100 1320 146 1345 τὸν
159 1319 305 1354 ὁμώνυμον
317 1320 391 1356 αὐτῷ
403 1321 566 1355 Ταρκύνιον,
595 1321 624 1353 ὃς
640 1322 691 1348 καὶ
707 1324 824 1356 γυναῖκα
835 1324 890 1350 Λαο

100 1365 172 1392 τίνου
187 1367 360 1400 Λουκρητίαν
371 1366 522 1402 λεγομένην
537 1368 635 1403 εὐγενῆ
649 1369 724 1404 παρὰ
746 1368 893 1404 Ῥωμαίοις

101 1413 197 1443 νυκτὸς
212 1412 266 1438 ἀπὸ
299 1412 346 1440 τοῦ
376 1414 559 1448 στρατοπέδου
580 1415 725 1449 πορευθεὶς
744 1415 814 1450 πρὶς
833 1415 893 1450 βίαν

102 1458 225 1492 ᾔσχυνεν.
247 1457 278 1484 Ἦ
297 1458 325 1485 δὲ
339 1458 369 1484 τὸ
384 1459 448 1494 περὶ
468 1460 552 1495 αὐτὴν
576 1460 699 1496 ἀδίκημα
715 1461 753 1496 τῷ
765 1470 795 1488 τε
813 1462 893 1498 ἀνδρὶ

105 1504 200 1538 μικρὸν
215 1503 329 1539 ὕστερον
357 1504 534 1531 ἐπανελθόντι
563 1506 610 1532 καὶ
626 1506 664 1541 τῷ
682 1506 767 1542 πατρὶ
791 1507 838 1534 καὶ
857 1510 891 1543 τῇ

102 1549 179 1585 λοιπῇ
191 1551 361 1585 κατεμήνυσε
369 1551 513 1586 συγγενείᾳ
526 1571 533 1584 ,
547 1552 592 1578 καὶ
601 1552 797 1589 ἐπαρασαμένη
807 1554 893 1581 πολλὰ

101 1597 157 1626 τοῖς
169 1596 214 1629 ἀφ’
231 1596 355 1631 αἵματος,
365 1598 448 1632 εἰτὴν
462 1599 606 1633 συμφοράν
618 1599 703 1635 αὐτῆς
717 1601 892 1629 καταλίποιεν

100 1640 287 1676 ἀτιμώρητον,
305 1641 380 1675 ξίφος
397 1643 561 1677 σπασαμένη
569 1643 635 1679 ὅπερ
645 1644 698 1671 ὑπὸ
708 1647 764 1677 τοῖς
779 1646 892 1679 κόλποις

101 1686 213 1720 ἀφανῶς
228 1686 334 1722 ἔφερεν,
351 1686 452 1720 ἑαυτὴν
467 1687 496 1714 ὲν
520 1687 581 1722 ὕψει
597 1688 652 1716 τῶν
670 1690 813 1725 παρόντων
826 1699 893 1718 κατ-

101 1733 258 1768 ειργάσατο.
275 1732 362 1759 Τοῦτο
373 1733 463 1760 πᾶσαν
477 1733 528 1770 τὴν
543 1735 619 1761 πόλιν
631 1736 672 1767 είς
683 1736 767 1772 ὀργὴν
777 1737 889 1772 ἀνῆψεν,

101 1779 169 1806 ἀλλὰ
185 1779 232 1805 καὶ
244 1779 362 1813 Βροῦτον
372 1780 547 1815 προσήκοντα
559 1782 609 1816 μὲν
621 1783 692 1809 κατὰ
702 1784 778 1817 γένος
788 1784 889 1820 ἐκείνῃ,

101 1823 185 1863 ἄνδρα
204 1824 230 1850 δὲ
249 1824 394 1858 δημοτικόν
411 1833 441 1851 τε
452 1826 502 1852 καὶ
517 1826 725 1862 μισοτύραννον,
735 1827 762 1859 ὃς
773 1828 892 1863 μάλιστα

101 1870 131 1896 τὸ
146 1862 248 1904 πλῆθος
262 1871 303 1901 εἰς
314 1870 363 1905 τὴν
376 1870 421 1897 τοῦ
438 1871 572 1905 βασιλέως
587 1871 698 1908 ἠγειρεν
711 1862 891 1901 ἀποστασίαν.

108 1915 248 1951 Ἀφείλετό
264 1916 286 1931 ³⁸
299 1924 328 1942 τε
344 1917 392 1951 τῆς
405 1916 530 1949 ἐξουσίας
547 1917 637 1951 πάσης
652 1918 804 1952 Ταρκύνιος
816 1927 823 1934 ·
834 1919 892 1954 ἅμα

101 1961 157 1996 γὰρ
181 1962 214 1997 τῇ
232 1960 303 1988 κατᾶ
330 1960 378 1996 τὴν
395 1961 473 1988 πόλιν
500 1962 695 1995 ἐπαναστάσει,
718 1964 765 1990 καὶ
791 1965 808 1999 ή
825 1964 892 1999 πρὸς

108 2006 224 2042 Ἀρδέαν
249 2006 317 2033 οὖσα
344 2007 458 2040 στρατιά
477 2007 622 2042 Ῥωμαίων
649 2009 821 2036 ἀπολιποῦσα
848 2010 893 2037 τὸν

101 2051 235 2086 τύραννον
251 2051 347 2087 ᾤχετο,
362 2051 440 2078 οὐδὲν
462 2052 523 2078 οὔτε
547 2053 748 2085 ἀνακαλοῦντος
771 2054 830 2081 οὐδὲ
846 2055 894 2089 μέ-

102 2105 159 2123 νειν
175 2096 303 2131 δεομένου
317 2097 525 2130 πεφροντικυῖα.
535 2097 687 2132 Ταρκύνιος
703 2097 730 2123 δὲ
748 2098 805 2128 τοῖς
822 2106 893 2132 παρ-

102 2143 180 2169 οῦσιν
195 2141 345 2177 ἀμηχανῶν
361 2142 477 2177 ἤλαυνεν
505 2143 549 2169 ἐπὶ
569 2142 618 2178 τὴν
637 2142 748 2178 Ῥώμην
767 2142 804 2174 ώς
821 2145 892 2169 παύ-

104 2198 159 2217 σων
175 2191 207 2225 τῇ
221 2189 330 2224 παρόδῳ
347 2189 396 2224 τὴν
426 2190 550 2225 ταραχὴν
582 2190 630 2216 καὶ
656 2189 705 2225 τὴν
730 2189 892 2217 δυναστείαν

942 956 1024 983 opera
1042 950 1186 984 populares
1211 951 1296 979 variis
1311 952 1482 979 vinculorum
1499 954 1657 988 generibus,
1675 962 1732 981 me-

943 998 1060 1025 tallariis
1075 998 1177 1033 operis,
1203 999 1298 1027 multis
1318 1002 1401 1034 atque
1423 1000 1528 1028 exsiliis
1556 1001 1636 1036 262
1662 1000 1735 1035 inju-

943 1043 1016 1071 riose
1046 1044 1167 1078 puniret.
1205 1043 1310 1071 Etenim
1346 1045 1468 1077 vincula,
1503 1046 1618 1081 ﬂagella,
1650 1046 1732 1081 ligna,

943 1097 1080 1123 carceres,
1109 1089 1252 1123 custodire,
1269 1091 1414 1122 {numel|a2,
1440 1091 1598 1126 compedes,
1620 1097 1732 1121 catenm.

942 1135 1050 1167 exsilia.
1078 1135 1186 1162 metalla
1212 1139 1239 1162 et
1261 1135 1285 1163 si
1308 1143 1362 1170 qua
1386 1136 1439 1163 alia
1464 1141 1527 1163 sunt
1552 1136 1634 1169 mala,
1653 1136 1734 1171 hujus

943 1184 1007 1206 sunt
1031 1180 1152 1207 inventa.
1181 1179 1244 1208 Erat
1276 1185 1379 1212 autem.
1407 1185 1436 1208 ut
1458 1181 1583 1216 quisquis
1613 1189 1734 1215 unquam

944 1226 1026 1259 alius,
1054 1226 1119 1253 belli
1150 1227 1305 1258 studiosus,
1331 1231 1504 1262 contemptor
1539 1227 1679 1255 hominum
1706 1233 1734 1255 et

943 1280 1076 1307 arrogans
1089 1281 1095 1299 :
1108 1272 1180 1300 unde
1194 1277 1220 1300 et
1232 1273 1346 1307 Superbi
1358 1277 1568 1308 cognomentum
1580 1273 1603 1301 ei
1619 1273 1734 1300 Romani

943 1319 1079 1346 fecerunt.
1092 1317 1160 1347 Cum
1178 1319 1206 1346 in
1218 1319 1281 1346 odio
1295 1324 1369 1346 esset
1379 1317 1577 1348 Romanorum.
1587 1319 1612 1346 id
1626 1327 1734 1354 quoque

944 1364 977 1391 ad
999 1372 1030 1391 ea
1043 1364 1161 1391 accessit
1178 1364 1249 1399 quod
1272 1364 1443 1399 cognominis
1467 1365 1527 1398 ejus
1551 1364 1731 1399 Tarquinius,

945 1414 1027 1438 noctu
1048 1410 1082 1437 ab
1111 1411 1234 1438 exercitu
1262 1418 1400 1443 reversus,
1425 1411 1582 1438 Lucretiam
1606 1410 1734 1438 Collatini

945 1464 1071 1488 uxorem,
1087 1457 1210 1484 nobilem
1239 1462 1402 1489 matronam,
1425 1465 1473 1491 per
1491 1457 1543 1484 vim
1560 1464 1733 1492 compressc-

944 1508 996 1530 rat.
1009 1502 1085 1535 Quod
1101 1503 1148 1530 illa
1166 1503 1298 1538 ﬂagitium
1315 1503 1413 1530 marito
1438 1504 1520 1538 paulo
1536 1508 1597 1538 post
1622 1511 1733 1531 rrverso

944 1550 1071 1585 patrique
1096 1554 1123 1577 et
1147 1550 1277 1577 omnibus
1304 1550 1429 1584 cognatis
1445 1550 1568 1585 aperuit;
1593 1551 1734 1585 multaque

944 1596 1003 1624 dira
1032 1595 1196 1630 propinquis
1225 1595 1282 1622 suis
1310 1595 1470 1630 imprecata,
1503 1596 1638 1630 siquidem
1662 1596 1733 1623 hanc

944 1650 1021 1671 suam
1051 1642 1235 1669 calamitatem
1271 1641 1385 1669 inultam
1420 1641 1600 1674 dimitterent,
1630 1642 1732 1678 gladio.

942 1694 1023 1721 quem
1038 1686 1146 1713 occulte
1170 1685 1197 1712 in
1216 1685 1279 1712 sinu
1307 1685 1442 1721 gestabat,
1458 1685 1558 1713 educto
1578 1693 1607 1713 se
1622 1686 1648 1712 in
1665 1694 1733 1714 con-

943 1737 1038 1769 spectu
1057 1733 1179 1767 ipsorum
1198 1733 1316 1759 necavit.
1331 1731 1357 1759 ld
1374 1731 1475 1758 factum
1493 1735 1575 1759 totam
1592 1731 1732 1759 civitatem

943 1780 1006 1807 odio
1031 1778 1176 1813 Tarquinii
1202 1777 1398 1810 inﬂammavit;
1421 1782 1448 1805 et
1474 1776 1576 1805 Brutus
1598 1777 1734 1805 Lucretia:

942 1825 1126 1860 propinquus,
1152 1823 1194 1850 vir
1221 1823 1361 1858 popularis
1388 1831 1419 1850 ac
1445 1823 1568 1857 tyrannis
1595 1822 1732 1851 infensus.

943 1871 1073 1904 majorem
1094 1870 1121 1897 in
1147 1869 1256 1896 modum
1277 1869 1351 1896 cives
1379 1869 1411 1896 ad
1428 1868 1609 1896 defectionem
1632 1876 1648 1896 a
1670 1877 1733 1902 rege

943 1915 1095 1942 faciendam
1113 1913 1273 1942 commovit.
1292 1912 1331 1940 lta
1356 1913 1430 1940 omni
1445 1917 1580 1948 potestate
1597 1920 1647 1940 sua
1662 1912 1734 1940 Tar-

942 1956 1056 1996 quinius
1071 1964 1114 1988 est
1128 1963 1238 1987 exutus.
1255 1958 1342 1986 Simul
1352 1960 1423 1986 enim
1439 1964 1520 1996 atque
1531 1959 1624 1987 Romae
1636 1963 1731 1987 contra

944 2012 1007 2033 eum
1025 2005 1099 2032 cives
1118 2005 1338 2037 insurrexerunt,
1354 2004 1491 2032 exercitus
1506 2012 1615 2040 quoque
1633 2004 1735 2032 Roma-

944 2060 995 2080 nus
1014 2051 1060 2086 qui
1075 2056 1130 2078 tum
1144 2051 1215 2086 apud
1231 2050 1347 2078 Ardeam
1363 2055 1421 2078 erat
1438 2057 1582 2086 tyrannum
1599 2051 1732 2084 deseruit,

942 2105 1032 2133 neque
1057 2102 1229 2125 revocantem
1254 2105 1342 2132 neque
1371 2101 1401 2124 ut
1420 2103 1563 2125 manerent
1578 2098 1732 2126 hortantem

943 2144 1092 2178 quidquam
1118 2148 1250 2171 moratus.
1270 2142 1447 2178 Tarquinius,
1465 2145 1573 2172 consilii
1591 2145 1732 2179 echvcnln

945 2189 1038 2223 inops,
1064 2195 1127 2215 cum
1152 2187 1265 2214 Romam
1277 2188 1455 2216 contenderet
1471 2196 1518 2223 spe
1544 2187 1661 2215 adventu
1682 2196 1733 2215 Suo

103 2236 175 2272 μετὰ
192 2235 302 2267 πειθοῦς
319 2235 523 2270 ἀναληιζςόμενος
534 2243 540 2251 ·
557 2235 710 2268 άπεωσθεὶς
732 2236 760 2262 δὲ
773 2236 826 2262 ὑπὸ
837 2236 890 2262 τῶν

945 2234 1079 2262 tumultus
1105 2232 1219 2261 sedandi
1232 2238 1259 2260 et
1275 2241 1388 2268 regnum
1415 2234 1605 2269 recuperandi,
1622 2241 1636 2261 a
1652 2234 1732 2269 263

103 2283 224 2310 πολιτῶν
238 2282 378 2317 ἀπεχώρει
398 2282 447 2308 σὺν
457 2283 513 2314 τοῖς
526 2282 648 2315 οἰκείοις,
670 2282 834 2318 βασιλεύσας
843 2283 891 2318 ἔτη

102 2328 155 2356 κδ’,
170 2327 238 2354 Καθ’
255 2327 286 2354 ὃν
298 2326 330 2362 δὴ
344 2327 440 2362 χρόνον
455 2327 471 2362 ἡ
491 2327 568 2359 πόλις
583 2328 705 2364 ἀπελύθη
722 2327 772 2363 τῆς
792 2337 893 2363 cupav-

101 2374 186 2405 νίδος.

141 2421 186 2457 [Ρ.
204 2421 267 2457 150]
281 2421 459 2456 Δημοκρατία
469 2420 497 2448 δὲ
512 2421 561 2456 τὴν
582 2419 691 2456 Ῥώμην
714 2421 760 2448 ἐπὶ
781 2421 894 2457 χρόνους

101 2467 312 2503 τεσσαράκοντα
336 2469 412 2501 τρεῖς
443 2466 505 2493 δυσὶ
529 2467 691 2502 στρατηγοῖς
724 2467 894 2493 ἐνιαυσιαίαν

101 2513 198 2548 ἔχουσι
213 2513 261 2548 τὴν
274 2512 363 2547 ἀρχὴν
381 2511 542 2546 ἐφύλαττεν,
558 2511 605 2543 οὓς
629 2510 791 2543 κονσούλους
805 2508 849 2538 οἷα
862 2511 894 2548 δὴ

103 2559 278 2594 στρατηγοὺς
291 2559 338 2585 καὶ
351 2556 520 2592 προϐούλους
531 2557 580 2583 καὶ
594 2557 765 2592 προηγόρους
784 2558 893 2593 ὠνόμα-

102 2604 151 2636 ζον
162 2613 169 2620 ·
192 2605 314 2636 ὑπάτους
333 2603 361 2630 δὲ
374 2603 487 2635 τούτους
502 2604 526 2629 οἱ
538 2603 669 2638 Ἕλληνες
680 2603 816 2637 λέγουσιν.
833 2605 895 2631 Ἐπὶ

52 2687 53 2690 η
101 2652 208 2687 ταύτης
228 2651 279 2686 τῆς
297 2650 488 2686 δημοκρατίας
512 2650 537 2676 οἱ
557 2650 654 2677 Γάλλοι
679 2651 895 2686 τυραννήσαντες

103 2698 181 2725 κατὰ
199 2697 343 2732 Ῥωμαίων
358 2697 496 2732 ἔρχονται.
515 2697 570 2723 Καὶ
583 2697 686 2723 Μάλιον
706 2697 858 2732 στρατηγὸν
870 2698 895 2724 ot

109 2745 243 2778 Ῥωμαῖοι
257 2744 319 2770 κατ’
331 2743 421 2770 αὐτῶν
446 2742 612 2773 στέλλουσιν,
630 2742 658 2773 ὃς
683 2744 729 2769 καὶ
746 2743 892 2776 τροπωσὰ-

104 2797 189 2825 μενος
199 2790 298 2820 αὐτοὺς
315 2788 497 2824 ὑπέστρεψεν.
509 2786 563 2815 *Ην
576 2788 604 2815 δέ
628 2797 669 2820 τις
683 2790 715 2815 ἐκ
731 2789 777 2815 τοῦ
796 2789 894 2825 μέρους

101 2834 162 2860 τῶν
176 2833 286 2860 Γάλλων
306 2834 491 2868 καταγόμενος
509 2833 699 2867 συγκλητικὸς,
714 2835 895 2870 Φεϐρουάριος

101 2879 318 2915 ὀνομαζόμενος.
334 2876 417 2910 Οὗτος
430 2879 535 2907 Μαλίου
556 2879 603 2906 τοῦ
630 2881 676 2907 καὶ
704 2881 894 2908 Καπιτωλίνου

257 2928 388 2957 l‘nkon.
409 2928 466 2957 Gn.
484 2927 584 2957 CXXI.

945 2280 1053 2307 civibus
1065 2279 1190 2314 repulsus
1199 2287 1261 2306 cum
1277 2279 1380 2307 familia
1395 2280 1534 2313 discessit,
1550 2287 1632 2314 regno
1647 2287 1734 2306 annos

944 2325 1040 2360 viginti
1058 2329 1176 2360 quatuor
1190 2327 1277 2360 gesto.
1292 2323 1331 2352 Eo
1347 2329 1468 2360 tempore
1483 2325 1634 2361 tyrannidis
1648 2323 1733 2351 Roma

942 2372 1040 2407 jugum
1055 2371 1186 2398 excussit.

980 2418 1046 2445 Inde
1062 2417 1155 2453 populi
1171 2417 1199 2445 in
1223 2417 1361 2452 republica
1377 2421 1500 2453 potestas
1517 2417 1630 2446 Romam
1646 2425 1734 2445 annos

945 2464 1128 2499 quadraginta
1158 2467 1214 2491 tres
1232 2464 1415 2496 conservavit,
1444 2464 1552 2492 duobus
1585 2465 1733 2500 quotannis

945 2512 1092 2546 imperium
1109 2511 1278 2546 gerentibus,
1292 2519 1361 2546 quos
1376 2516 1406 2538 ut
1420 2512 1514 2544 duces,
1532 2519 1565 2539 ac
1578 2513 1624 2547 qui
1640 2512 1733 2540 consi-

945 2557 982 2584 lio
999 2557 1138 2592 praeirent,
1154 2558 1283 2585 consules
1293 2557 1467 2593 appellabant
1482 2568 1489 2586 :
1502 2558 1587 2586 Grazci
1605 2558 1732 2594 hypatus,

945 2602 1024 2637 quiasi
1054 2602 1129 2630 dicas
1163 2610 1296 2636 summos,
1322 2603 1476 2630 nominant.
1503 2604 1543 2631 Eo
1574 2604 1732 2639 reipublicre

946 2653 1020 2677 statu
1035 2648 1105 2676 Galli
1119 2653 1279 2684 grassantes
1298 2648 1451 2677 Romanum
1467 2649 1612 2685 imperium
1643 2651 1731 2678 adorti

946 2703 1021 2725 sunt.
1037 2697 1140 2725 Contra
1154 2705 1223 2732 quos
1240 2698 1343 2725 missus
1354 2705 1416 2725 cum
1436 2697 1557 2726 exercitu
1574 2705 1589 2724 a
1601 2697 1734 2725 Romanis

946 2743 1064 2772 Manlius
1077 2743 1112 2771 iis
1119 2744 1206 2779 pulsis
1218 2744 1308 2771 rediit.
1319 2744 1386 2772 Erat
1400 2743 1509 2779 quidam
1523 2749 1579 2772 tum
1599 2743 1626 2771 in
1637 2748 1733 2772 senatu

948 2791 1117 2818 Februarius
1136 2789 1302 2818 Gallicarum
1324 2791 1453 2826 partium.
1469 2791 1505 2824 is,
1528 2799 1589 2819 cum
1603 2792 1630 2818 in
1646 2791 1734 2818 comi-

946 2837 1014 2864 tium
1029 2837 1150 2865 venisset
1178 2836 1297 2865 Manlius
1324 2838 1369 2865 cui
1395 2843 1606 2873 cognomentum
1620 2841 1663 2865 est
1681 2837 1734 2865 Ca-

949 2882 1069 2919 pitolini,
1098 2883 1229 2919 utilisque
1244 2885 1385 2913 sententia:
1404 2889 1501 2913 auctor
1524 2883 1631 2916 fuisset,
1652 2889 1732 2918 pera-
