1990 3160
101 166 155 199 SOI

631 166 870 197 IIISTORIARU
876 167 902 196 Μ
923 167 1189 198 COMPENDIUM.

1681 173 1734 204 302

100 223 247 252 σκτοῦντα.
264 223 309 256 Ὠς
329 224 383 260 γὰρ
395 224 528 258 Δέξιππος
549 224 663 260 ἱστορεῖ,
674 226 764 252 πᾶσαν
782 226 896 260 ἄσκησιν

950 225 990 252 bit
1011 227 1139 254 omnibus
1163 228 1286 262 corporis
1301 229 1542 258 exercitationibus
1569 230 1654 259 fuisse
1672 239 1734 260 eum

99 270 211 305 ⁴ήσκήθη
227 270 396 304 σωματικὴν,
405 269 609 305 Ἀριστοτέλους
622 270 808 305 γνησιώτατος
821 278 899 303 γεγο-

100 314 155 347 νὼς
176 314 316 350 φοιτητὴς,
338 315 380 346 εῐς
399 323 429 341 τε
452 314 548 348 λόγους
571 314 680 349 ἄριστος
702 316 749 341 καὶ
772 315 811 346 εἰς
831 315 899 350 ἔργα

100 359 298 394 ἐπαινούμενος
321 360 432 395 εὑρέθη.
454 360 494 386 Τὰ
517 361 546 386 δὲ
570 360 707 395 πολεμικὰ
733 360 897 395 θαυμαστῶς

101 405 229 433 ὑπελθὼν
248 405 359 437 πειθοῦς
380 405 442 437 ἀξια
460 405 633 441 διεπράξατο.
656 405 823 438 Βασιλεύὺας
844 406 897 441 γὰρ

100 453 214 487 χρόνους
225 452 297 478 ὀκτὼ
306 453 367 484 τοὺς
379 452 538 483 Μακεδόνας
550 453 597 479 καὶ
610 452 754 486 Ἰλλυριοὺς
768 452 815 478 καὶ
826 451 899 487 Θρᾷ-

101 507 152 530 κας
168 499 285 531 ὑπέταξε
295 519 302 531 ,
315 498 364 534 τὴν
381 498 495 525 Ἐλλάδα
510 498 678 532 κατέστρεψε
689 519 695 528 ,
713 499 759 525 καὶ
773 499 835 529 τοὺς
850 498 897 524 τοῦ

100 545 206 579 πατρὸς
219 545 316 579 φονέας
328 545 555 580 τιμωρησάμενος
567 545 613 570 καὶ
625 545 687 576 τοὺς
701 545 818 575 Παίονας
831 544 899 570 ὑπο-

99 591 186 622 τάξας
203 591 249 616 ἐπὶ
263 589 312 625 τὴν
327 590 419 616 Ἀσίαν
433 590 559 626 διαπερᾷ.
574 590 628 616 Καὶ
643 593 691 626 τὴν
707 591 833 625 Πριάμου
850 590 898 616 πό-

100 636 142 662 λιν
156 637 203 663 καὶ
218 636 267 668 τὰς
282 637 311 662 ὲν
327 637 412 672 Λυδίᾳ
428 637 539 672 Σάρδεις
556 637 691 669 ὑποτάξας
707 637 752 663 ἐπὶ
770 637 899 664 Κιλικίαν

100 683 272 717 ἀφικνεῖται,
287 683 334 710 καὶ
349 683 394 709 τὸν
409 684 521 719 Δαρεῖον
535 682 767 717 καταπολεμήσας
783 682 829 709 καὶ
847 683 896 718 ήτ-

102 730 188 764 τῆσας
212 729 354 764 ἀμύθητον
377 730 456 763 φόνον
480 729 639 764 ἐργάζεται.
663 729 718 760 Τὰς
747 728 898 763 παραλίους

103 777 228 810 Φοινίκης
251 776 461 811 παραλαμϐάνει
484 775 585 806 πόλεις.
600 775 686 802 Ἔνθα
708 775 756 802 καὶ
777 775 898 810 Σάτυρον

104 821 197 855 βλέπει
213 821 274 847 καθ’
287 821 398 853 ὕπνους.
413 822 442 848 ὲν
454 823 487 857 τῇ
506 820 636 856 πορθήσει
647 820 747 856 Τύρου,
762 821 898 854 φήσαντος

101 867 176 902 αύτῷ
193 867 240 893 τοῦ
261 867 458 902 όνειροκρίτου·
481 868 520 893 Σὰ
540 866 645 901 Τύρος,
663 866 831 900 Ἀλέξανδρε.
846 866 897 892 “HV

101 911 161 946 ἅμα
185 911 279 937 Σιδῶνι
303 911 433 947 δῃώσας,-
447 912 494 938 ἐπὶ
517 911 567 946 τὴν
583 910 715 937 Ἰουδαίαν
739 910 824 937 ἐλθὼν
849 911 896 938 καὶ

99 957 203 992 ’ταύτην
227 957 311 989 ἐλὼν,
338 957 391 983 ὑπὸ
412 958 460 984 τοῦ
485 958 636 992 ἀρχιερέως
651 957 733 983 ’Δδδὼ
754 957 894 992 τιμηθεὶς,

100 1003 186 1035 (θύσας
200 1004 239 1038 τῷ
253 1004 311 1038 Θεῴ
323 1004 361 1035 ὡς
375 1003 440 1039 παρ’
451 1004 533 1030 αὑτοῦ
547 1004 596 1038 τήν
609 1003 771 1038 οἰκουμένην
785 1012 896 1038 προσει-

99 1050 207 1085 ληφὼς,
218 1051 402 1086 ’Δνδρόμαχον
414 1051 467 1077 τῶν
480 1051 570 1078 τόπων
582 1051 749 1087 ἐπιμελητήν
761 1051 895 1086 κατέστη-

101 1105 169 1123 σεν·
199 1097 230 1123 ὃν
254 1097 367 1132 ὕστερον
392 1097 560 1132 Σαμαρεῖται
585 1097 794 1128 ἀποκτείναντες
818 1097 895 1129 δίκας

101 1144 205 1170 ἔτισαν.
222 1144 283 1170 Ἐπὶ
304 1144 425 1176 τούτοις,
447 1144 537 1176 Γάζαν
558 1145 605 1171 καὶ
627 1145 756 1179 Κυρήνην
776 1144 823 1170 καὶ
845 1144 895 1178 τὴν

101 1189 247 1215 Γαλιλαίαν
259 1189 337 1221 ἑλὼν,
352 1191 391 1220 εἰς
402 1190 451 1224 τὴν
464 1189 599 1224 Αἴγυπτον
611 1190 734 1224 ἀφίκετο.
746 1189 831 1216 Ἔνθα
843 1189 894 1224 τήν

102 1242 132 1261 τε
150 1233 263 1269 ἄνυδρον
280 1234 372 1269 χώραν
390 1235 437 1262 καὶ
454 1235 502 1271 τὴν
519 1235 688 1270 πικροτάτην
704 1235 803 1271 λίμνην
819 1235 848 1261 τό
865 1243 894 1261 τε

104 1280 176 1315 ιερὸν
190 1281 339 1315 Ἀμμωνος
363 1281 411 1308 καὶ
434 1282 484 1309 ὅσα
507 1282 723 1317 παρἈῑγυπτον
749 1281 896 1316 μυθεύεται

106 1326 285 1361 θεασάμενος.
299 1327 348 1354 καὶ
365 1328 447 1362 ἱεροῖς
462 1328 620 1364 ἀναθήμασι
633 1328 764 1363 τιμήσας,
778 1327 845 1362 πρὸς
858 1327 897 1362 τῷ

104 1371 151 1406 τῆς
174 1371 313 1406 θαλάσσης
337 1372 452 1406 στόματι
475 1373 552 1399 πόλιν
573 1373 719 1409 ἐπώνυμον
739 1373 828 1407 ἐαυτῷ
849 1373 896 1407 τὴν

111 1417 313 1453 Ἀλεξάνδρειαν
329 1418 431 1451 κτίζει,
447 1419 486 1454 τῷ
502 1419 608 1454 ἑϐδόμῳ
623 1419 678 1445 ἔτει
692 1419 742 1454 τῆς
757 1418 896 1454 βασιλείας

108 1463 197 1490 αὑτοῦ.
211 1465 264 1490 Καὶ
277 1464 321 1491 διὰ
335 1465 384 1500 τῆς
400 1465 447 1491 τοῦ
463 1465 560 1492 Νείλου
575 1465 709 1501 διώρυγος
723 1466 769 1492 ἐπὶ
782 1465 831 1498 τὴν
843 1464 896 1490 τῶν

114 1509 258 1544 Ἀσσυρίων
274 1510 324 1545 γῆν
339 1510 459 1545 ἔρχεται,
473 1511 519 1537 καὶ
535 1510 695 1546 πολεμήσας
707 1512 819 1546 Δαρεῖον
831 1511 896 1536 ἑκα-

106 1556 147 1581 τὸν
166 1555 188 1582 λ’
198 1556 318 1592 χιλιάδας
337 1556 487 1592 Ἀσσυρίων
506 1557 668 1592 διαφθείρει.
689 1558 776 1589 Αὐτὸς
796 1557 824 1583 δὲ
844 1558 897 1583 Δα-
910 1579 932 1608 c

105 1602 177 1636 ρεῖος
194 1602 303 1636 φεύγων
318 1602 371 1635 ὑπὸ
389 1602 454 1628 ἰδίου
472 1603 613 1638 σατράπου
632 1603 727 1639 (ὄνομα
744 1604 830 1638 τούτῳ
847 1603 896 1630 Βέ-

106 1647 160 1682 σος)
183 1647 237 1683 τὴν
259 1648 381 1683 κεφαλὴν
403 1648 564 1683 ἀφαιρεθεὶς
582 1649 705 1684 τελευτᾷ.
727 1649 824 1676 ’Λλλ’ὀ
848 1651 897 1685 μὲν

106 1692 247 1727 σατράπης
263 1693 341 1724 δίκας
358 1693 442 1724 ἔτισε,
458 1693 488 1719 τὸ
504 1693 532 1720 δὲ
548 1694 662 1729 Δαρείου
680 1694 760 1729 σῶμα
779 1695 896 1729 ἐντίμως

105 1739 255 1774 κηδεύεται.
272 1739 327 1774 Τήν
341 1748 369 1766 τε
387 1739 555 1775 Περσέπολιν
569 1740 674 1772 διαϐὰς,
692 1741 756 1767 ἔνθα
771 1742 806 1768 τὰ
825 1742 897 1775 Περ-

105 1785 158 1810 σῶν
173 1784 308 1819 βασίλεια,
323 1786 408 1820 αὑτήν
423 1794 453 1812 τε
467 1783 522 1811 εἷλε
537 1787 585 1812 καὶ
600 1786 704 1812 Σοῦσαν
719 1787 766 1813 καὶ
780 1787 829 1819 τὰς
842 1788 896 1814 Δα-

105 1833 178 1866 ρείου
193 1832 346 1868 θυγατέρας
362 1833 421 1867 ἅμα
435 1834 468 1868 τῇ
485 1833 568 1868 μητρὶ
585 1833 631 1860 καὶ
649 1833 760 1869 μάμμῃ.
777 1834 832 1860 Καὶ
847 1833 889 1870 [Ρ.

105 1878 166 1915 152]
182 1879 338 1911 καταλύσας
350 1880 399 1914 τὴν
414 1879 526 1914 Περσῶν
539 1879 628 1914 ἀρχὴν
640 1879 825 1913 διαρκέσασαν
839 1880 893 1906 ὰπδ

104 1925 196 1960 Κύρου
212 1925 260 1960 ἐτη
277 1925 324 1957 σδ’,
339 1925 389 1956 τάς
401 1932 431 1950 τε
447 1924 540 1956 πόλεις
555 1924 735 1960 πυρπολήσας
750 1925 796 1951 καὶ
810 1924 856 1951 τὸν
869 1925 898 1952 ὲν

104 1972 199 2003 αὐταῖς
215 1971 382 2007 ἀφελόμενος
399 1970 531 2003 πλοῦτον,
550 1971 619 2006 πρὸς
636 1971 764 2005 Μάρδους
781 1972 828 1998 καὶ
845 1972 898 1998 Κε-

103 2017 243 2054 δρουσίους
264 2018 312 2044 καὶ
327 2017 480 2052 Ὑρκανοὺς
497 2017 544 2043 καὶ
561 2017 624 2048 τοὺς
642 2016 808 2051 λεγομένους
824 2017 899 2051 Ἀρι-

106 2063 245 2098 μασποὺς,
266 2062 297 2094 ἐξ
316 2058 354 2090 ὧν
373 2061 510 2097 Θαλευτὴν
531 2061 580 2096 τὴν
598 2062 735 2096 Ἀμαζόνα
755 2061 899 2096 σύμμαχον

105 2109 222 2141 ἐδέξατο,
241 2108 448 2143 Παραπανίταις
462 2117 492 2135 τε
511 2109 557 2135 καὶ
573 2110 628 2140 τοῖς
645 2109 709 2143 περὶ
724 2107 769 2134 τὸν
783 2107 897 2144 Θερμώ-

104 2155 183 2181 δοντα
195 2156 242 2182 καὶ
251 2154 300 2190 τήν
312 2155 461 2190 λεγομένην
476 2155 590 2189 ’Ἄορνον
603 2155 706 2189 πέτραν
718 2155 896 2190 ὲπεφοίτησε,

104 2201 174 2235 πρός
192 2209 222 2226 τε
242 2201 292 2236 τὴν
307 2200 399 2227 Ἰνδῶν
419 2201 522 2236 χώραν,
541 2197 574 2236 ἧς
595 2201 690 2236 Πῶρος
712 2201 896 2233 ὲῦασίλευσεν,

103 2247 173 2282 ἀνὴρ
191 2246 255 2273 εἴδει
270 2254 299 2272 τε
317 2247 363 2272 καὶ
381 2245 454 2281 ἔργῳ
475 2247 620 2280 μέγιστος,
636 2246 665 2278 ὃς
683 2246 730 2273 καὶ
748 2247 787 2277 εἰς
804 2247 897 2280 χεῖρας
914 2254 935 2281 ο

104 2293 189 2320 ἐλθὼν
202 2293 389 2328 Ἀλεξάνδρου,
406 2293 522 2324 πολλούς
534 2301 564 2319 τε
579 2292 632 2319 τῶν
643 2293 731 2318 Ἰνδῶν
747 2292 895 2327 ζημιωθεὶς

103 2341 153 2366 καὶ
166 2338 282 2372 τρωθεὶς
295 2338 340 2364 τὸν
355 2337 478 2372 ἀγκῶνα,
494 2338 541 2364 σὺν
554 2337 592 2372 τῷ
607 2337 733 2370 ἐλέφαντι
749 2337 895 2368 κατέπεσε,

104 2384 207 2418 πολλῆς
227 2392 258 2410 τε
281 2382 430 2418 θεραπείας
451 2382 542 2418 τυχὼν
565 2383 707 2418 σύμμαχος
723 2382 895 2418 Ἀλεξάνδρου

103 2430 227 2464 γέγονεν.
242 2429 361 2456 Ἐκεῐθέν
374 2438 403 2456 τε
419 2429 514 2460 διαϐὰς
529 2430 569 2460 είς
584 2429 618 2455 τὰ
633 2429 726 2464 πρόσω
740 2431 788 2464 τῆς
800 2429 894 2461 Ἰνδίας

106 2478 179 2511 μέρη
200 2476 248 2503 καὶ
267 2476 317 2510 τὴν
339 2475 477 2509 βασιλείαν
498 2475 643 2509 Κανδάκης
662 2475 710 2508 τῆς
732 2476 829 2510 χήρας,
849 2475 894 2501 ὑπ’

103 2523 190 2557 αὐτῆς
204 2521 358 2556 συνελήφθη
370 2521 463 2556 τρόπῳ
475 2521 578 2556 τοιῷδε·
591 2521 670 2552 Ἐθος
684 2519 718 2556 ἦν
730 2521 897 2556 Ἀλεξάνδρῳ

104 2569 266 2596 ἀλλάσσοντι
279 2568 309 2593 τὸ
323 2567 463 2602 βασιλικὸν
477 2568 570 2602 σχῆμα
583 2567 633 2599 τὰς
649 2566 797 2602 πρεσϐείας
813 2568 898 2593 ποιεῖ-

105 2615 169 2641 σθαι
185 2613 243 2648 ἅμα
256 2614 312 2645 τοῖς
328 2612 403 2644 ίδίοις
418 2612 552 2648 ἔξάρχοις,
568 2613 616 2639 καὶ
631 2612 850 2647 καταμανθάνειν
863 2612 897 2639 τὰ

104 2659 163 2694 εἴδη
180 2661 226 2686 καὶ
239 2659 288 2695 ἔθη
302 2659 349 2686 καὶ
363 2659 481 2694 τρόπους
493 2658 548 2685 τῶν
562 2659 592 2685 ὲν
603 2660 664 2696 ταῖς
677 2658 779 2694 χώραις
794 2657 896 2693 βαρϐά-

106 2706 274 2741 ρων.”υπερ
293 2706 435 2732 ἀκούσασα
455 2705 473 2740 ὴ
496 2705 636 2740 Κανδάκη,
659 2705 705 2731 καὶ
726 2705 827 2739 σημεῖα
848 2703 895 2730 τοῦ

105 2752 254 2786 προσώπου
278 2751 408 2783 λαόοῦσα,
432 2752 561 2787 συνέσχεν
583 2751 664 2778 αὺτδν
687 2751 716 2776 ὲν
737 2752 793 2782 τοϊς
819 2750 896 2785 βασι-

104 2797 201 2829 λείοις,
223 2797 271 2824 καὶ
292 2795 378 2823 εἶπεν·
398 2796 555 2830 Ἀλέξανδρε
581 2796 702 2830 βασιλεῦ,
726 2796 771 2822 τὸν
795 2797 896 2831 κόσμον

105 2843 276 2879 παρέλαὸες,
293 2844 340 2870 καὶ
353 2843 421 2877 γυνή
439 2851 468 2869 σε
483 2843 645 2878 ἐκράτησεν.
663 2842 692 2869 '0
707 2843 734 2869 δὲ
752 2843 895 2869 καταπλα-

103 2890 166 2924 γεὶς
188 2890 236 2916 ἐπὶ
255 2890 287 2924 τῇ
308 2889 409 2925 ταύτης
431 2889 562 2924 φρονήσει
585 2889 698 2924 εἰρήνην
720 2889 788 2924 πρὸς
813 2889 897 2924 αὐτὴν

951 272 1143 300 cxcrcitattrt‘.
1174 273 1331 302 Aristotelis
1347 275 1572 310 diligentissimus
1586 276 1634 303 fuit
1650 277 1734 305 disci-

951 317 1041 352 pulus.
1055 317 1147 352 Neque
1166 320 1290 348 oratione
1305 326 1420 354 tantum,
1432 322 1479 350 sed
1495 327 1522 350 et
1535 323 1614 352 faelis
1628 324 1735 352 laudent

952 363 1061 392 meruit.
1086 365 1125 391 Ite
1137 365 1234 392 bellica
1264 367 1362 394 mirum
1378 368 1405 395 in
1429 369 1540 396 modum
1556 370 1663 405 polluit,
1675 380 1738 407 ges-

951 410 1040 444 sitque
1076 418 1121 438 res
1144 412 1303 446 stupendas.
1332 413 1466 442 Octcnnio
1488 416 1560 444 enim
1592 418 1633 445 sni
1659 420 1736 454 regni

951 452 1124 488 Macedonas,
1136 455 1241 490 Illyrios
1249 464 1280 483 ac
1292 457 1412 486 Thraces
1425 459 1590 495 subjugavit,
1604 452 1735 490 Grrcciaut

950 499 1066 532 domuit,
1089 501 1176 535 patris
1190 509 1367 536 percussores
1381 504 1454 531 ultus
1465 509 1515 537 est,
1537 505 1737 543 Paeonibusque

950 545 1083 576 subactis.
1097 546 1124 572 in
1147 546 1239 573 Asiam
1261 547 1379 582 trajecit.
1405 548 1442 576 lbi
1466 548 1516 577 Ilio
1546 555 1573 578 et
1603 551 1736 581 Sardibus

953 591 1042 624 captis
1069 590 1095 617 iu
1116 590 1241 619 Ciliciam
1271 593 1411 628 profectus
1443 593 1552 622 Darium
1578 596 1735 631 debellavit,

950 633 1060 667 ingente
1074 634 1194 661 hostium
1208 635 1280 663 edita
1295 641 1393 672 strage.
1406 636 1475 664 Tum
1490 639 1641 668 maritimas
1655 642 1737 668 Plum-

951 678 1029 705 niciae
1046 679 1127 706 urbes
1144 680 1226 715 266
1246 682 1388 716 recipiens,
1408 683 1434 710 in
1453 685 1655 719 oppugnatione
1675 677 1737 721 Tyri

950 725 1076 760 Satyrum
1094 733 1142 761 per
1156 727 1275 761 quietem
1290 729 1357 755 vidit
1374 737 1380 755 :
1400 730 1473 764 quod
1487 730 1618 758 insomnii
1639 733 1733 767 conje-

949 775 1010 798 (ιον
1028 771 1064 798 ita
1080 773 1206 806 exposuit
1224 783 1230 800 :
1252 772 1287 800 Sa
1302 773 1387 809 Tyros
1401 775 1470 808 ('I‘ua
1486 781 1527 803 est
1543 776 1653 813 Tyrus).
1666 778 1736 814 Tyro

949 822 1015 850 ergo
1033 823 1064 843 ac
1081 815 1183 844 Sidone
1206 819 1319 846 vastatis
1342 820 1369 846 in
1388 818 1508 847 Juda-am
1540 823 1624 854 venit,
1649 831 1737 858 eaque

951 863 1053 895 potitus
1085 862 1120 890 ab
1145 863 1259 892 Addonc
1283 865 1412 900 pontiﬁce
1441 867 1561 894 maximo
1586 868 1737 896 honoriﬁce

950 912 1094 943 exceptus,
1125 908 1182 936 Deo
1201 918 1258 937 rem
1281 919 1388 939 sacram
1408 911 1484 945 fecit,
1507 913 1580 948 quod
1608 915 1736 941 nimirum

950 954 984 979 ah
999 954 1060 988 ipso
1083 955 1176 982 orbem
1191 959 1327 983 terrarum
1348 958 1374 983 in
1397 965 1474 984 suam
1508 963 1672 993 potestatem
1688 967 1735 986 ac-

949 1000 1076 1034 cepisset.
1090 999 1129 1028 Ac
1142 1000 1242 1029 Iudaea:
1258 1002 1480 1030 Andromachum
1497 1004 1633 1039 praefecit,
1651 1014 1735 1040 quem

951 1045 1091 1074 Samaritae
1107 1052 1199 1082 postea
1218 1055 1280 1075 cum
1306 1049 1489 1084 occidissent,
1515 1050 1627 1086 impune
1643 1052 1669 1079 id
1694 1051 1736 1079 fa-

950 1097 1022 1120 ctum
1050 1101 1103 1121 non
1135 1095 1267 1122 tulerunt.
1298 1095 1362 1123 Post
1400 1096 1457 1123 haec
1486 1096 1688 1134 Gaza,Cyrene
1709 1103 1738 1126 et.

951 1139 1061 1167 Galilzea
1093 1141 1236 1175 occupatis
1265 1141 1292 1168 in
1320 1141 1468 1178 Egyptum
1500 1151 1529 1171 se
1549 1145 1674 1172 contulit.
1700 1145 1737 1173 Ibi

951 1188 1051 1212 terram
1077 1193 1154 1222 aqum
1181 1192 1332 1222 expertem,
1371 1190 1571 1217 amarissimam
1598 1191 1735 1226 paludem,

951 1231 1081 1266 templum
1107 1233 1258 1263 Ammonis.
1283 1238 1310 1260 et
1325 1242 1385 1269 qua:
1404 1235 1457 1262 alia
1478 1236 1506 1262 in
1523 1236 1640 1272 Egypto
1654 1236 1735 1264 fabu—

951 1278 1007 1305 losa
1026 1279 1297 1314 suntcontcmplatus
1310 1299 1317 1311 .
1334 1287 1367 1307 ac
1383 1280 1453 1309 fanis
1477 1281 1592 1309 donaria
1605 1283 1733 1318 largitus,

950 1324 983 1351 ad
1001 1323 1094 1351 fauces
1107 1325 1191 1352 maris
1217 1325 1312 1352 urbem
1328 1326 1379 1353 sibi
1414 1328 1604 1361 cognominem
1618 1328 1739 1354 Alexan-

950 1370 1039 1397 driam
1061 1371 1172 1405 posuit,
1189 1378 1262 1397 anno
1281 1371 1323 1398 sui
1356 1373 1432 1407 regni
1456 1373 1583 1408 septimo.
1602 1373 1671 1401 Ilinc
1688 1382 1737 1409 per

951 1415 1002 1442 Nili
1029 1415 1131 1443 fossam
1166 1416 1194 1443 in
1221 1416 1364 1452 Assyriam
1394 1418 1535 1452 advectus,
1562 1427 1651 1455 pugna
1674 1428 1737 1447 cum

951 1461 1032 1489 Durio
1045 1461 1128 1494 facta,
1158 1462 1208 1489 I50
1227 1463 1311 1490 millia
1343 1463 1521 1499 Assyriorum
1556 1465 1665 1493 delevit.
1683 1465 1737 1492 Da-

951 1509 1009 1536 rius
1030 1509 1057 1535 in
1080 1508 1142 1544 fuga
1159 1516 1174 1535 a
1193 1508 1277 1537 Besso
1293 1513 1403 1546 satrapa
1425 1518 1475 1538 suo
1487 1511 1576 1547 capite
1592 1516 1738 1540 truncatus

950 1554 1041 1588 periit.
1071 1554 1122 1581 Sed
1153 1553 1253 1582 Bessus
1285 1563 1381 1590 poenas
1411 1556 1524 1584 sceleris
1549 1557 1634 1589 dedit.
1662 1557 1735 1584 Darii

948 1608 1049 1635 corpus
1067 1601 1221 1628 Aleumder
1234 1601 1385 1629 honoriﬁce
1414 1603 1547 1638 sepelivit.
1570 1603 1657 1631 Porro
1672 1603 1737 1631 Pe:-

948 1647 1066 1682 scpolin,
1083 1647 1126 1674 ubi
1141 1648 1216 1682 regia
1232 1652 1292 1675 erat
1315 1647 1471 1683 Persarum,
1496 1649 1647 1684 profectus,
1676 1658 1736 1677 eam

949 1694 1056 1726 urbem,
1083 1701 1115 1720 ac
1142 1692 1213 1722 Susa
1228 1695 1311 1721 etiam
1339 1699 1366 1721 et
1380 1695 1449 1722 ﬁlias
1465 1700 1578 1723 matrem
1591 1697 1737 1731 aviumque

949 1739 1020 1766 Darii
1034 1739 1118 1774 cepit.
1140 1739 1175 1767 lis
1204 1740 1319 1767 urbibus
1335 1740 1465 1773 incensis,
1481 1740 1682 1777 Persarumque
1695 1750 1738 1770 re-

949 1793 1012 1820 gno,
1026 1786 1100 1821 quod
1128 1794 1142 1812 a
1158 1786 1230 1821 Cyro
1258 1794 1346 1814 annos
1371 1787 1424 1813 204
1452 1787 1609 1820 duraverat,
1629 1796 1737 1820 everso,

949 1831 1105 1864 thesauris,
1120 1831 1231 1858 urbium
1253 1839 1349 1858 earum
1380 1832 1488 1865 ablatis,
1508 1833 1535 1860 in
1554 1833 1738 1867 Mardos,Ge-

949 1877 1071 1909 drosios,
1095 1876 1276 1912 Hyrcanosfct
1287 1877 1449 1912 Arimaspos
1476 1878 1572 1907 duxit:
1588 1887 1620 1906 ex
1638 1881 1738 1914 quibus

949 1922 1103 1950 Thaleutan
1119 1924 1283 1950 Amazonem
1311 1924 1415 1950 sociant
1441 1924 1505 1952 belli
1522 1925 1649 1953 adscivit.
1671 1926 1737 1954 Inde

949 1967 1139 2003 Paropanitas,
1155 1972 1181 1995 et
1191 1975 1239 1996 eos
1252 1969 1300 2003 qui
1326 1968 1360 1996 ad
1378 1968 1608 1997 Thermodontem
1624 1970 1737 1998 ﬂuvium

949 2023 981 2042 ac
1005 2022 1101 2042 saxum
1138 2014 1259 2042 Aornum
1292 2015 1426 2047 habitant,
1460 2017 1547 2051 petiit.
1570 2017 1683 2052 Ab.his
1707 2018 1735 2046 in

949 2061 1051 2088 Indiam
1080 2061 1231 2094 contendit,
1246 2061 1290 2088 ubi
1309 2062 1396 2089 Porus
1415 2062 1556 2098 regnabat,
1585 2063 1626 2090 vir
1649 2064 1737 2092 forma

950 2106 1084 2141 factisque
1113 2114 1250 2134 summus.
1278 2107 1305 2135 Is
1329 2115 1390 2135 cum
1419 2108 1575 2136 Alexandro
1607 2116 1738 2138 conserto

950 2153 1060 2188 praelio,
1090 2153 1183 2180 multis
1196 2154 1323 2180 Indorum
1341 2162 1453 2181 suorum
1478 2155 1604 2186 amissis,
1624 2162 1737 2191 accepto

951 2198 978 2225 iu
1002 2198 1126 2225 cubitum
1149 2198 1263 2225 vulnere
1288 2207 1350 2225 cum
1367 2199 1514 2234 elephanto
1530 2201 1662 2232 concidit.
1677 2201 1738 2229 dili-

951 2248 1100 2279 genterque
1127 2247 1239 2271 curatus
1271 2251 1332 2271 eum
1355 2245 1507 2273 Alexandro
1525 2246 1616 2274 fmdus
1640 2251 1667 2274 et
1689 2255 1737 2275 Sn-

948 2289 1073 2316 cietatem
1087 2289 1196 2324 pepigit.
1210 2289 1287 2324 267
1302 2290 1453 2318 Alexander
1464 2292 1491 2318 in
1507 2293 1661 2320 ulteriorem
1675 2301 1737 2328 pro-

949 2344 1058 2369 gressus
1077 2336 1180 2363 Indiam
1204 2341 1230 2362 et
1249 2344 1362 2371 regnum
1386 2337 1519 2364 Candacze
1540 2339 1638 2369 viduae.
1654 2339 1685 2366 at
1704 2347 1736 2366 ea

952 2385 994 2409 est
1022 2381 1074 2408 hoc
1099 2384 1178 2416 pacto
1201 2385 1313 2415 captus.
1355 2380 1414 2408 Mos
1441 2386 1499 2408 crat
1526 2382 1682 2410 Alexandro
1706 2389 1737 2410 ut

954 2427 1029 2463 regio
1046 2427 1141 2454 habitu
1170 2431 1275 2454 mutato
1294 2435 1356 2454 eum
1374 2428 1535 2462 proceribus
1551 2429 1609 2463 ipse
1623 2429 1735 2465 legatio-

953 2481 1002 2500 nes
1017 2473 1117 2505 obiret,
1140 2473 1233 2507 sicque
1248 2472 1360 2506 formas,
1377 2474 1591 2502 consuetudines
1603 2479 1629 2502 et
1643 2484 1735 2503 mores

952 2520 1129 2547 barbarorum
1161 2519 1188 2546 in
1209 2519 1367 2554 regionibus
1397 2519 1520 2555 ipsorum
1546 2526 1735 2555 cognosceret.

953 2565 981 2592 Id
1014 2573 1076 2592 cum
1094 2565 1246 2592 audivisset
1269 2565 1396 2592 Candace
1416 2573 1448 2593 ac
1472 2570 1552 2593 notas
1569 2566 1646 2594 facici
1676 2567 1735 2601 eius

955 2612 1140 2646 concepisset,
1163 2612 1190 2638 iu
1209 2619 1258 2639 sua
1287 2619 1349 2638 eum
1369 2612 1454 2646 regia.
1468 2611 1594 2643 detinuit,
1615 2612 1709 2640 dicens
1727 2622 1734 2640 :

953 2657 975 2685 Ο
991 2665 1036 2684 rex
1059 2656 1225 2690 Alexander,
1252 2662 1280 2683 tu
1306 2657 1449 2690 mundum,
1474 2661 1501 2684 te
1524 2658 1621 2685 mulier
1649 2651 1746 2692 ccpit.‘

953 2703 1019 2739 Ejus
1037 2702 1367 2738 prudentiamadmiratus
1383 2703 1536 2731 Alexander
1548 2711 1641 2739 pacem
1658 2702 1744 2730 com?

952 2751 1053 2785 posuit,
1081 2754 1107 2776 et
1137 2757 1218 2776 omne
1259 2749 1423 2776 maleficium
1450 2750 1484 2776 ab
1507 2750 1595 2784 ipsius
1616 2750 1736 2776 dictione

953 2794 1096 2823 abstinuit.
1112 2794 1178 2822 Inde
1194 2795 1228 2822 ad
1253 2793 1366 2827 Phasin,
1390 2794 1479 2823 Gades
1508 2801 1535 2823 et
1565 2794 1736 2822 Britannicas

952 2845 1048 2877 gentes
1070 2841 1203 2877 pervenit,
1238 2842 1410 2876 navibusque
1444 2841 1519 2868 mille
1542 2841 1644 2876 paratis
1675 2840 1736 2875 ipse

952 2889 1076 2916 dextram
1099 2887 1184 2915 Indici
1212 2887 1285 2915 liuvii
1312 2892 1415 2923 partem
1442 2887 1588 2922 navigavit,
1622 2886 1734 2914 sinistra
