1990 3160
255 154 307 187 311

904 157 1067 189 GEORGII
1083 159 1251 189 CEDRENI

1852 156 1911 186 ἭΞ

259 214 334 241 ldem
360 213 466 243 animas
484 215 518 244 de
544 203 707 250 corporibus
733 215 761 243 in
785 223 902 251 corpora
926 217 1044 251 migrare

1106 226 1175 252 ξιμον
1190 218 1302 253 Σάμιον,
1329 217 1388 254 μεθ’
1401 217 1431 245 ὃν
1451 218 1560 254 Πύρρον
1574 217 1671 254 Δήλιον
1696 216 1746 244 καὶ
1765 215 1843 252 πέμτ
1859 225 1906 242 τον

258 260 347 288 sensit
365 270 372 288 :
392 262 462 297 quod
476 265 504 289 ut
518 261 703 294 conﬁrmaret,
732 269 763 290 se
778 266 842 289 ante
859 262 959 290 bellum
976 263 1043 290 Tro-

1098 263 1273 299 Πυθαγόραν.

253 307 350 344 janum
378 308 461 337 fuisse
476 308 640 336 (Ethalidem
666 309 749 342 dixit.
788 310 816 337 in
842 309 916 337 bello
942 310 1067 345 Trojano
1096 309 1286 346 Euphorbum,
1318 315 1414 348 postea
1451 310 1651 339 ﬂermotirnum
1684 310 1827 342 Samium,
1867 317 1901 337 ac

257 365 352 384 rursus
363 356 493 392 Pyrrhum
503 355 619 389 Delium,
632 357 731 392 quinto
744 357 853 385 demum
868 358 928 385 loco
940 357 1135 394 Pythagoram.

291 402 368 429 Prior
382 401 537 436 Pythagora
549 401 602 429 fuit
615 402 727 435 Thales,
745 403 791 438 qui
808 409 932 431 naturam
949 412 1042 431 rerum

255 447 392 482 explicare
409 451 524 474 conatus
544 448 653 474 initium
669 453 696 475 et
711 447 790 475 linem
811 449 935 479 omnium
948 455 1041 476 rerum

253 492 322 519 dixit
337 499 399 519 esse
415 499 515 527 aquam
532 497 615 528 atque
632 493 722 528 ignem
738 503 745 521 :
760 501 793 521 ex
810 494 853 522 his
869 494 960 521 omnia
977 502 1044 521 con-

254 544 327 565 stare
343 546 351 565 :
370 538 404 565 ab
423 539 466 565 his
489 539 572 566 etiam
596 544 675 567 terra:
696 544 797 573 motus,
822 544 966 568 ventorum
985 544 1044 568 tur-

254 584 334 612 bines
347 589 376 612 et
392 585 516 612 siderum
530 591 621 613 motus
636 585 786 621 proﬁcisci.

290 631 401 659 Primus
414 631 514 659 Thales
531 633 663 667 sapientis
680 640 778 660 nomen
808 633 968 668 reportavit.
986 633 1046 668 pri-

254 685 373 711 musque
393 677 513 704 anim‘am
530 678 712 705 immortalem
726 679 806 711 dixit,
825 683 907 713 atque
920 679 1045 706 delectus

256 724 324 751 solis
342 727 370 750 et
389 724 460 751 lunae
484 728 512 750 et
527 724 692 758 aequinoctia
711 724 903 760 deprehendit.
924 725 1047 753 Plurima

255 768 339 795 etiam
353 767 468 796 dicteria
483 769 609 803 reliquit;
626 777 742 802 quorum
759 774 801 797 est
816 770 897 797 etiam
912 770 1048 798 famosum

257 813 325 841 illud
341 822 352 839 ι
366 813 454 841 Nosce
468 818 495 841 te
510 814 626 848 ipsum.»
642 813 710 841 Nam
727 815 792 842 illud
817 824 825 840 ι
842 815 961 850 Sponde,
977 822 1047 850 prae-

261 863 305 887 sto
325 866 396 886 noxa
417 863 459 886 est
477 869 485 885 ι
504 860 629 888 Chilonis
645 860 737 895 potius
751 864 803 893 est,
816 862 861 896 qui
876 861 901 888 id
921 861 972 888 sibi
988 861 1048 888 vin-

259 905 377 938 dicavit;
394 910 420 932 et
437 906 502 933 illud
520 915 529 932 ι
552 905 591 934 Ne
611 907 675 941 quid
698 907 788 934 nimis.
806 916 816 932 ι

296 950 405 979 Tertius
430 952 610 987 philosophus
634 952 824 988 Empedocles,
839 958 939 988 praeter
964 952 1050 980 multa

259 997 311 1024 alia
327 1001 485 1032 portentosa
501 999 621 1031 decreta,
637 999 689 1026 hoc
704 999 783 1026 etiam
804 999 901 1031 sensit,
920 999 1049 1027 universi

258 1043 392 1079 principia
423 1052 485 1072 esse
509 1044 659 1072 amicitiam
674 1050 755 1080 atque
771 1045 947 1078 discordiam,
963 1045 1052 1072 unita-

257 1094 311 1117 tem
340 1090 478 1118 intellectu
510 1091 625 1126 percipi,
652 1091 741 1126 ignem
768 1099 831 1120 esse
854 1091 1051 1124 Deum,omnia

256 1143 289 1162 ex
300 1135 361 1171 igne
375 1143 434 1164 esse
446 1141 598 1172 compacta,
609 1137 637 1164 in
652 1145 770 1172 eumque
790 1137 882 1164 omnia
900 1137 1050 1164 resolutum

256 1182 302 1208 iri.
321 1182 371 1209 Cui
394 1182 452 1210 fere
478 1183 563 1211 Stoici
577 1185 772 1218 astipulantur,
797 1183 880 1218 276
899 1183 1051 1218 conﬂagra-

257 1230 360 1255 tionem
391 1233 594 1264 exspectantes.
628 1229 701 1256 ldem
737 1233 845 1255 censuit
880 1228 999 1254 animam
1022 1227 1049 1253 in

258 1281 340 1302 omne
356 1274 497 1302 brutorum
512 1283 598 1310 genus
615 1275 749 1302 transire:
762 1275 798 1301 ita
810 1274 881 1302 enim
892 1273 1051 1309 Pythagora:

257 1321 413 1355 opinionem
437 1327 550 1349 secutus
561 1323 598 1348 ait
619 1327 626 1350 :

292 1365 408 1400 Jamque
420 1366 515 1393 valete.
531 1365 598 1393 Deus
617 1374 684 1392 nunc
697 1365 858 1392 immortalis
874 1369 899 1392 et
916 1372 1008 1399 expers

295 1400 427 1428 luteritus
445 1410 491 1434 ego
506 1409 575 1428 sum.
595 1401 666 1428 Puer
683 1406 708 1428 et
725 1401 883 1435 quandoque
899 1401 990 1433 puella

292 1435 354 1469 Ipse
370 1437 432 1469 fui:
451 1437 575 1471 fruticem
592 1437 699 1462 memini
709 1437 855 1470 piscemque
871 1436 1005 1462 marinum

293 1471 365 1500 Pisa:
380 1479 470 1506 meque
486 1471 569 1505 fuisse
585 1473 684 1498 bovem.

295 1519 418 1552 Quartus
434 1518 590 1545 Heraclitus
603 1518 661 1546 fere
675 1517 838 1554 Pythagorae
853 1523 973 1545 consona
986 1523 1050 1552 pro-

258 1564 406 1593 numiavit.
425 1562 487 1590 Haec
499 1571 608 1598 quoque
624 1568 755 1599 praeterea
768 1563 827 1597 ejus
842 1567 916 1595 sunt,
926 1562 1050 1597 corporis

260 1618 341 1645 quam
358 1610 499 1637 minimam
512 1610 626 1638 omnino
641 1610 792 1637 habendam
811 1609 956 1639 rationem.
967 1607 1050 1642 idque

262 1657 363 1684 timetis
387 1656 522 1691 abjeclius
561 1657 746 1690 cansentlum;
772 1663 804 1684 ac
828 1654 950 1690 quandiu
980 1654 1050 1681 Deus

260 1710 377 1737 rorpore
397 1706 526 1737 tanquam
551 1702 736 1729 instrumento
757 1701 796 1728 uti
817 1701 968 1736 prtccipiat,
989 1700 1050 1734 ejus

262 1749 477 1776 necessitatibus
492 1756 572 1783 quam
590 1749 705 1776 minimo
721 1747 925 1775 inserviendum
943 1747 1048 1781 impen-

261 1795 318 1822 dio.
332 1795 405 1822 Vixit
420 1799 542 1829 tempore
555 1795 627 1822 Darii
646 1794 801 1830 Hystaspei.
813 1793 937 1820 Fuerunt
948 1797 975 1820 et
989 1792 1048 1824 alii,

263 1842 308 1876 qui
320 1849 383 1869 suos
396 1842 428 1869 de
440 1849 529 1869 rerum
546 1846 644 1868 natura
660 1841 805 1876 opiniones
814 1839 1048 1875 perscripserunt,

264 1889 332 1916 nillil
359 1896 373 1916 ιι
400 1889 481 1916 dictis
506 1888 714 1923 discrepantes;
742 1895 812 1922 quas
835 1893 1051 1914 commemorare

262 1943 316 1964 non
332 1935 463 1963 duximus
480 1935 680 1962 necessarium.

297 1981 415 2015 Quintus
442 1981 657 2007 Anaximander.
681 1978 707 2006 ls
727 1986 776 2014 pro
794 1986 887 2006 rerum
913 1977 1051 2013 principio

262 2028 410 2064 quamdam
428 2026 561 2053 inﬁnitam
581 2030 706 2053 naturam
723 2025 844 2059 agnovit,
861 2024 933 2052 unde
950 2028 977 2051 et
993 2031 1052 2050 cte-

264 2076 319 2102 lum
334 2078 360 2101 et
376 2081 408 2100 eo
429 2076 576 2100 contentus
600 2073 719 2099 mundus
735 2076 797 2099 orla
816 2072 880 2099 sint.
898 2070 975 2097 llanc
990 2077 1052 2097 esse

264 2119 461 2154 sempiternam
490 2122 518 2145 et
538 2118 690 2146 senectutis
718 2121 870 2152 expertem,
901 2117 936 2143 ab
965 2123 1052 2150 caque

263 2173 358 2193 omnes
372 2164 489 2192 mundos
511 2164 658 2191 contineri.
676 2164 750 2191 ldcm
767 2170 870 2190 terram
885 2163 1054 2197 pronuntia-

262 2211 302 2238 vit
323 2211 452 2245 pendere,
471 2210 581 2237 nemine
603 2217 664 2237 eam
685 2213 806 2240 tenente,
821 2212 848 2235 et
865 2208 927 2234 loco
943 2215 1053 2234 manere

1130 405 1187 441 Πρδ
1201 406 1296 433 τοῦτου
1321 406 1350 433 δὲ
1378 406 1474 441 γέγονε
1502 406 1603 441 Θαλῆς,
1631 405 1661 437 ὃς
1689 405 1900 440 ὲπικεχεέρηκε

1097 452 1256 487 φιλοσοφίαν
1270 452 1399 488 φυσικὴν,
1418 453 1508 488 ἀρχὴν
1525 452 1572 479 τοῦ
1594 452 1695 484 παντὸς
1710 453 1757 479 καὶ
1773 452 1863 483 τέλος
1875 453 1907 478 τὸ

1097 496 1154 532 πῦρ
1168 497 1255 523 καὶτὸ
1269 497 1341 532 ὕδωρ
1351 496 1419 524 εἶναι
1438 499 1539 532 φήσας,
1551 498 1598 524 καὶ
1608 498 1637 531 ἐξ
1649 497 1740 524 αὐτῶν
1753 498 1790 524 τὰ
1803 498 1905 523 «aut:

1097 541 1275 569 συνίστασθαι
1288 552 1294 558 ’
1310 543 1355 577 ἀφ’
1373 539 1411 570 ὧν
1425 544 1472 570 καὶ
1484 544 1547 574 τοὺς
1563 545 1693 578 σεισμοὺς
1707 543 1754 570 καὶ
1771 543 1907 577 πνευμά-

1096 597 1152 615 των
1167 589 1323 624 συστροφὰς
1339 590 1385 616 καὶ
1403 589 1513 625 ἄστρων
1525 590 1648 625 κινήσεις
1661 589 1801 623 γίνεσθαι.

1134 635 1194 661 Ὀτι
1207 636 1315 670 πρῶτος
1333 637 1347 662 ὸ
1367 635 1458 670 Θαλῆς
1478 636 1507 662 τὸ
1533 636 1581 662 τοῦ
1605 636 1689 670 σοφοῦ
1704 636 1786 670 ἔσχεν
1798 636 1904 669 δνομα.

1100 681 1147 708 καὶ
1168 681 1276 716 πρῶτος
1294 682 1344 717 τὴν
1356 682 1446 717 ψυχὴν
1459 680 1535 709 εἶπεν
1548 682 1696 712 ἀθάνατον,
1712 682 1859 715 ἐκλείψεις
1876 691 1905 708 τε

1099 726 1148 753 καὶ
1163 727 1310 763 ἰσημερίας
1325 729 1484 763 κατείληφε.
1497 729 1551 755 Καὶ
1564 729 1764 764 ἀποφθέγματα
1782 729 1905 755 πλεῖστα

1100 773 1242 805 κατέλιπε,
1266 774 1313 800 καὶ
1339 775 1369 801 τδ
1394 774 1590 810 θρυλούμενον,
1612 785 1621 801 ι
1636 775 1725 802 Γνῶθι
1743 776 1879 801 σεαυτόν.
1893 786 1902 800 ι

1101 818 1139 844 Τὸ
1154 819 1220 854 γιίιρ⁷
1240 828 1250 845 t
1264 819 1376 854 Ἐγγύα,
1407 821 1482 855 πάρα
1499 820 1521 847 δ’
1537 821 1599 856 ἄτη,
1620 830 1629 846 ι
1653 821 1776 852 Χίλωνος
1797 821 1905 855 pauo.

1102 865 1187 898 ἐστιν,
1206 865 1443 902 ίδιοποιησαμένου
1460 867 1526 893 αὐτὸ
1539 867 1586 893 καὶ
1602 867 1642 898 τὺ,
1661 877 1670 892 ι
1683 867 1777 903 Μηδὲν
1790 867 1897 902 ἄγαν.»

1137 953 1234 989 Τρίτος
1261 953 1406 988 φιλόσοφος
1426 954 1625 989 Ἐμπεδοκλῆς.

1101 999 1149 1030 λάς
1166 1000 1360 1034 τερατολογίας
1390 1001 1553 1036 ἐδογμάτισε
1579 1001 1626 1027 καὶ
1653 1000 1752 1033 ταῦτα,
1782 1002 1836 1035 τὴν
1855 1000 1903 1026 τοῧ

1102 1046 1202 1077 παντὸς
1217 1046 1304 1081 ἀρχὴν
1318 1047 1406 1077 νεῖκος
1427 1047 1474 1072 καὶ
1497 1046 1589 1080 φιλίαν
1616 1046 1714 1080 λέγων,
1732 1046 1781 1072 καὶ
1803 1045 1835 1072 τδ
1853 1045 1902 1079 τῆς

1103 1092 1218 1128 μονάδος
1235 1092 1329 1125 νοερὸν
1356 1092 1411 1125 πῦρ
1436 1091 1487 1118 τὸν
1508 1092 1585 1125 Θεὸν,
1599 1092 1646 1118 καὶ
1658 1093 1699 1118 ὅτι
1712 1093 1745 1118 ὲκ
1761 1091 1855 1126 πυρὸς
1870 1094 1902 1117 τα

1666 951 1729 986 ὗτος
1744 955 1818 989 μετὰ
1835 954 1904 980 πολ-

1102 1139 1192 1166 πάντα
1208 1139 1366 1170 συνίσταται
1387 1139 1436 1165 καὶ
1457 1139 1497 1170 εἰς
1518 1138 1575 1174 πῦρ
1597 1137 1678 1170 αὖθις
1700 1138 1865 1167 ἀναλύεται,
1880 1135 1900 1170 ᾧ

1103 1185 1196 1220 σχεδὸν
1213 1186 1260 1212 καὶ
1275 1185 1299 1211 οί
1315 1185 1431 1212 Στωϊκοὶ
1443 1184 1624 1217 συντίθενται,
1639 1186 1800 1220 ἐκπύρωσιν
1815 1192 1900 1219 προσ-

1101 1231 1244 1263 δοκῶντες.
1261 1228 1345 1263 Οὗτος
1360 1233 1400 1263 είς
1415 1232 1504 1258 πάντα
1524 1231 1558 1258 τὰ
1572 1231 1630 1263 ζῶα
1644 1232 1693 1266 τὴν
1711 1231 1805 1266 ψυχὴν
1832 1239 1898 1266 μετ-

1102 1278 1246 1303 αλλάττειν
1269 1278 1375 1313 είρηκε,
1393 1278 1433 1312 τῷ
1456 1277 1615 1312 Πυθαγόρου
1643 1277 1759 1311 δόγματι
1777 1284 1898 1303 κατακο-

1102 1323 1214 1350 λουθῶν.
1233 1333 1242 1350 ‹
1254 1324 1370 1359 Χαίρετε
1384 1324 1448 1359 γὰρ,
1458 1323 1551 1358 φησὶν,
1569 1323 1624 1357 ἐγὼ
1643 1322 1679 1349 ὅδ’
1689 1323 1746 1357 εἰμὶ
1763 1323 1831 1353 θεὸς
1846 1322 1898 1355 ἅμ’

1103 1370 1210 1405 ὅρα-τος,
1240 1371 1333 1397 οὐκέτι
1357 1370 1464 1405 θνητός.
1491 1368 1573 1396 Ἧτοι
1601 1369 1651 1404 μὲν
1674 1368 1768 1404 πρῶτα
1797 1367 1898 1402 κοῦρος

1102 1417 1236 1451 ἐγενόμην
1258 1417 1327 1452 κόρη
1355 1425 1384 1443 τε
1402 1417 1448 1443 καὶ
1461 1416 1514 1451 θὴρ
1530 1416 1578 1443 καὶ
1602 1416 1704 1450 θάμνος
1719 1416 1768 1442 καὶ
1784 1415 1816 1447 ἐξ
1830 1414 1897 1445 ἅλις

1103 1462 1220 1497 ἔμπνοος
1237 1463 1313 1498 ἰχθὺς
1324 1463 1371 1489 καὶ
1380 1461 1408 1488 ἒν
1432 1462 1568 1498 Ὀλυμπίᾳ
1583 1462 1656 1497 βοῦς.
1669 1471 1678 1487 ι

1137 1517 1275 1554 Τέταρτος
1292 1518 1480 1554 Ἡράκλειτος,
1495 1519 1542 1544 καὶ
1558 1518 1639 1549 αὐτὸς
1657 1517 1748 1553 σχεδὸν
1761 1517 1897 1551 σύμφωνα

1102 1563 1142 1599 τῷ
1158 1565 1308 1601 Πυθαγόρᾳ
1337 1565 1537 1600 φθεγξάμενος.
1559 1564 1632 1599 Ἔφη
1648 1563 1676 1590 δὲ
1691 1563 1846 1593 καὶτοῦτο,
1857 1563 1895 1587 ὅτι

1103 1611 1190 1646 πάντη
1211 1610 1258 1637 τοῦ
1277 1610 1404 1645 σώματος
1431 1610 1520 1646 χρεὼν
1541 1610 1684 1645 ὀλιγωρεῖν
1705 1610 1753 1636 καὶ
1773 1608 1894 1643 νομίζειν

1101 1656 1168 1684 αὐτὸ
1196 1656 1318 1690 κοπρίων
1349 1656 1557 1691 ἔκδλητότερον,
1586 1656 1633 1684 καὶ
1663 1657 1696 1682 ὲκ
1715 1656 1763 1682 τοῦ
1796 1656 1897 1691 ῥᾴστου

1102 1701 1225 1737 πληροῦν
1238 1702 1320 1729 αὑτοῦ
1336 1702 1386 1735 τὰς
1400 1702 1560 1738 θεραπείας,
1574 1702 1626 1733 ἕως
1642 1702 1675 1729 ἆν
1689 1702 1703 1728 ό
1719 1702 1785 1732 Θεὸς
1803 1701 1898 1736 ὥσπερ

1101 1748 1211 1784 ὀργάνῳ
1234 1748 1272 1783 τῷ
1293 1748 1400 1783 σώματι
1416 1749 1535 1785 χρῆσθαι
1549 1749 1691 1785 ἐπιτάττῃ.
1706 1745 1790 1779 Οὗτος
1803 1747 1837 1783 ἦν
1853 1750 1899 1774 ἐπὶ

1102 1793 1217 1829 Δαρείου
1246 1794 1293 1820 τοῦ
1316 1794 1482 1821 Ὑστάσπου.
1511 1795 1652 1829 Ἐγένοντο
1678 1795 1708 1822 δὲ
1733 1795 1781 1822 καὶ
1810 1795 1899 1830 ἕτεροι

1103 1840 1223 1874 φυσικὰς
1243 1840 1323 1873 δόξας
1348 1841 1397 1868 καὶ
1427 1841 1504 1868 αὐτοὶ
1522 1841 1689 1876 γράψαντες,
1705 1841 1789 1876 μηδὲν
1805 1842 1898 1875 ἀπεμ-

1103 1887 1252 1920 φαινούσας
1280 1886 1335 1913 τῶν
1368 1888 1589 1922 προειρημένων,
1612 1887 1644 1919 ἃς
1670 1887 1720 1913 οὐκ
1747 1887 1898 1920 ἀναγκαῖον

1102 1932 1268 1967 ἡγησάμεθα
1281 1934 1374 1967 γραφῇ
1393 1933 1574 1968 παραδοῦναι.

1139 1978 1268 2013 Πέμπτος
1294 1979 1516 2014 Ἀναξίμανδρος.
1541 1975 1627 2009 Οὗτος
1656 1979 1743 2015 ἀρχὴν
1772 1978 1826 2012 ἔφη
1846 1979 1899 2005 τῶν

1104 2023 1189 2050 ὄντων
1203 2023 1286 2057 φύσιν
1299 2024 1361 2050 τινὰ
1372 2024 1419 2051 τοῦ
1439 2025 1566 2060 ἀπείρου,
1577 2025 1623 2058 ἀφ’
1637 2021 1670 2060 ἧς
1685 2024 1816 2058 γενέσθαι
1835 2025 1898 2055 τοὺς

1104 2069 1237 2103 οὐρανοὺς
1254 2070 1300 2096 καὶ
1315 2070 1361 2096 τὸν
1374 2071 1403 2096 ἐν
1414 2070 1508 2101 αὐτοῖς
1522 2070 1624 2105 κόσμον
1635 2077 1642 2085 ’
1656 2070 1759 2104 ταύτην
1776 2070 1798 2095 δ’
1813 2070 1899 2096 ἀῖὀ;ον

1104 2112 1228 2140 εἶναικαὶ
1239 2114 1348 2150 ἀγήρω,
1360 2115 1408 2141 καὶ
1418 2116 1522 2147 πάντας
1535 2115 1676 2150 περιέχειν
1688 2115 1751 2147 τοὺς
1765 2115 1896 2150 κόσμους.

1104 2157 1189 2191 Οὗτος
1210 2160 1257 2186 καὶ
1267 2160 1315 2196 τὴν
1328 2162 1380 2196 γῆν
1398 2161 1493 2197 εῐρηκε
1508 2162 1646 2196 μετέωρον
1661 2159 1744 2195 εἶναι,
1766 2162 1821 2188 ὑπὸ
1846 2171 1899 2196 μηο

1104 2206 1178 2238 δενὸς
1189 2207 1392 2242 κρατουμένην,
1406 2208 1540 2242 μένουσαν
1554 2207 1581 2234 δὲ
1596 2208 1640 2235 διὰ
1658 2208 1707 2243 τὴν
1720 2209 1818 2243 ὁμοίαν
1831 2209 1898 2236 πάν-

263 2257 324 2284 ideo
338 2256 411 2292 quod
428 2256 549 2290 undique
567 2255 665 2290 aequali
688 2255 832 2282 intervallo
856 2253 948 2287 absit;
969 2255 1049 2281 sitam

1106 2260 1160 2278 των
1175 2252 1336 2279 ἀνάστασιν.
1356 2253 1411 2279 Καὶ
1423 2253 1530 2280 κεῖσθαι
1546 2254 1648 2289 ταύτην
1663 2254 1712 2288 μὲν
1728 2255 1895 2289 μεσαιτάτῳ,

263 2309 323 2328 esse
340 2309 399 2328 eam
418 2301 445 2327 in
466 2300 566 2333 medio,
584 2300 669 2334 ﬁgura
683 2301 721 2327 rei
741 2299 851 2327 mobilis
867 2306 899 2325 ac
913 2299 1007 2325 teretis
1026 2302 1053 2325 et

264 2348 361 2379 niveae,
379 2346 477 2381 lapidis
496 2346 592 2373 instar.
611 2345 721 2373 Primus
746 2344 798 2372 iste
817 2349 842 2371 et
857 2344 1051 2378 aequinoctium

263 2393 432 2424 observavit,
448 2397 475 2420 et
491 2392 620 2425 solstitia,
637 2395 665 2419 et
681 2398 833 2426 gnomones
849 2390 1052 2425 horologiorum

263 2440 345 2474 277
363 2440 390 2466 in
413 2447 492 2468 usum
516 2439 655 2474 produxit,
678 2438 846 2472 omninoque
869 2437 1053 2471 geometricas

263 2487 465 2521 descriptiones
487 2485 618 2514 ostendit.
647 2484 747 2512 Stellas
774 2483 843 2510 dixit
877 2490 939 2510 esse
972 2483 1053 2510 orbes

264 2534 360 2568 igneos
373 2532 408 2560 ab
422 2540 486 2560 aere
500 2532 716 2567 comprehensos
732 2539 738 2557 :
754 2537 836 2565 porro
852 2529 1054 2565 exspirationes

263 2588 324 2608 esse
341 2581 474 2615 quosdam
494 2587 568 2607 aurae
585 2582 754 2615 permeatus,
773 2577 809 2604 ob
823 2585 892 2612 quos
914 2577 999 2605 stella:
1012 2578 1053 2604 vi-

263 2626 391 2658 deantur,
420 2631 446 2653 et
471 2626 572 2661 quibus
601 2624 737 2652 meatibus
763 2624 900 2651 obturatis
929 2623 1053 2651 defectus

263 2671 459 2698 exsistant.Ac
478 2670 556 2704 juxta
578 2672 676 2697 horum
698 2669 740 2696 vel
763 2669 931 2703 apertionem
948 2669 989 2696 vel
1005 2669 1054 2696 ob-

263 2717 445 2743 structionem
477 2716 568 2742 lunam
599 2715 680 2741 modo
706 2714 815 2749 plenam
846 2715 925 2742 modo
950 2715 1053 2742 lumine

263 2762 426 2790 diininutam
447 2761 544 2788 videri.
566 2760 638 2788 Solis
660 2760 793 2788 circulum
811 2760 844 2787 ad
867 2761 938 2788 lunae
957 2761 1051 2788 orbem

263 2816 326 2836 esse
351 2806 530 2844 proportione
555 2806 788 2842 vigintiseptupla.
812 2807 839 2834 ln
859 2814 969 2834 summo
992 2814 1053 2834 esse

263 2855 362 2888 solem,
378 2854 407 2881 in
426 2854 482 2880 imo
499 2852 579 2880 orbes
604 2853 747 2880 stellarum
770 2854 897 2880 lixarum.
916 2852 1052 2880 Animalia

265 2901 340 2931 nasci
352 2899 501 2936 vaporibus
514 2906 528 2926 a
540 2899 596 2928 solc
611 2900 735 2935 elevatis,
746 2905 853 2934 ventos,
865 2907 927 2940 curn
948 2899 1051 2928 tenuis-

1107 2297 1138 2323 τὸ
1165 2297 1194 2323 δὲ
1214 2296 1306 2331 σχῆμα
1330 2298 1416 2333 αὐτῆς
1439 2299 1534 2333 ὑγρὸν,
1553 2299 1733 2334 στρογγύλον,
1756 2299 1895 2334 χιονῶδες,

1107 2343 1173 2378 λίθῳ
1199 2344 1398 2380 παραπλήσιον.
1431 2344 1542 2379 Πρῶτος
1557 2345 1598 2381 [P.
1616 2345 1678 2381 158]
1693 2345 1721 2372 δὲ
1738 2346 1821 2376 αὐτὸς
1848 2346 1895 2372 καὶ

1110 2389 1255 2424 ἰσημερίαν
1271 2387 1334 2425 εὗρε
1361 2390 1407 2416 καὶ
1422 2390 1527 2426 τροπὰς
1540 2391 1587 2417 καὶ
1605 2391 1754 2426 ὡρολογίας
1768 2390 1895 2425 γνώμονά

1108 2443 1137 2461 τε
1163 2436 1333 2470 εισήγαγεν,
1355 2436 1423 2471 ὅπερ
1449 2436 1508 2462 ἐστὶ
1533 2436 1563 2462 τδ
1589 2437 1619 2462 ἐν
1638 2437 1694 2467 τοῖς
1723 2436 1894 2470 ἡλιοτρόπσις

1108 2480 1304 2516 πηγνύμενον,
1331 2482 1380 2508 καὶ
1416 2481 1484 2513 ὅλως
1514 2482 1687 2518 γεωμετρίας
1721 2481 1893 2508 ὑποτύπωσιν

1108 2526 1202 2560 ἔδειξε.
1219 2528 1260 2554 Τὰ
1280 2528 1308 2555 δὲ
1326 2529 1414 2564 ἄστρα
1440 2528 1507 2563 φησὶ
1527 2528 1659 2563 γενέσθαι
1674 2528 1774 2555 κύκλον
1799 2528 1892 2563 πυρὸς,

1108 2574 1312 2610 περιληφθέντα
1335 2574 1363 2601 δὲ
1388 2575 1439 2601 ὑπὸ
1453 2575 1542 2610 ἀέρος.
1565 2575 1699 2606 Ἐκπνοὰς
1714 2575 1742 2601 δὲ
1762 2573 1832 2601 εἶναι
1848 2575 1893 2600 πός

1110 2627 1173 2654 ρους
1186 2619 1264 2650 τινὰς
1284 2620 1425 2654 αὺρὼδεις,
1441 2620 1502 2646 καθ’
1515 2620 1562 2652 οὓς
1584 2620 1724 2655 φαίνονται
1744 2621 1778 2646 τὰ
1793 2621 1890 2655 ἄστρα·

1107 2665 1146 2692 διό
1171 2674 1237 2700 φησι
1264 2666 1311 2692 καὶ
1336 2666 1583 2701 ἐπιφρασσομένων
1616 2666 1670 2693 τῶν
1697 2666 1821 2693 ἐκπνοιῖω
1846 2667 1892 2697 τὲς

1107 2712 1242 2747 ἐκλείψεις
1257 2712 1390 2746 γίνεσθαι.
1412 2712 1466 2748 Τὴν
1483 2712 1510 2739 δὲ
1525 2713 1640 2748 σελήνην
1661 2712 1725 2739 ποτὲ
1739 2713 1789 2747 μὲν
1805 2713 1893 2746 φαίνε-

1108 2761 1170 2786 σθαι
1198 2760 1400 2795 πληρουμένην,
1419 2761 1485 2786 ποτὲ
1517 2759 1545 2786 δί
1575 2761 1739 2795 μειουμένην
1757 2761 1832 2795 παρὰ
1846 2761 1891 2793 τὴν

1106 2806 1161 2832 τῶν
1178 2805 1269 2840 πόρων
1283 2805 1428 2840 ὲπίφραξιν
1442 2806 1457 2840 ἢ
1473 2805 1586 2838 ἄνοιξιν.
1602 2803 1679 2832 Εἶναι
1691 2806 1719 2832 δὲ
1734 2806 1781 2832 τὸν
1797 2805 1890 2832 κύκλον

1107 2851 1154 2877 τοῦ
1171 2850 1247 2885 ἡλίου
1271 2851 1613 2878 ἑπτακαιεικοσιπλασίονα
1632 2852 1680 2886 τῆς
1696 2852 1825 2887 σελήνης,
1848 2852 1890 2878 καὶ

1108 2897 1239 2925 ἀνωτάτω
1268 2897 1315 2932 μὲν
1339 2894 1408 2924 εἶναι
1425 2897 1470 2924 τὸν
1488 2897 1574 2932 ἣλιον,
1599 2898 1750 2925 κατωτάτω
1778 2898 1804 2924 δὲ
1835 2899 1890 2930 τοὺς
