1990 3160
56 170 120 201 3L7

593 169 865 200 HISTORIARUM
883 169 1151 202 COMPENDIUM.

1639 172 1693 205 3i3

56 227 128 254 κατ’
142 225 221 258 ἀξίαν
237 225 364 259 ἑκάστης,
381 225 428 251 καὶ
447 225 517 251 κατά
530 233 605 256 τινας
621 226 762 260 περιόδους
779 225 850 260 ὡρι-

916 232 993 258 :rare,
1015 231 1095 261 prout
1122 234 1237 262 quaque
1259 227 1371 259 meruit,
1391 235 1492 262 easque
1502 227 1582 255 statis
1595 227 1694 261 quibus

57 273 173 307 σμένας
186 271 396 306 ἀναπέμπεσθαι
421 270 502 297 πάλιν
515 271 555 301 εἰς
570 271 664 297 τοῦτον
680 271 725 297 τὸν
740 271 853 305 κόσμον,

58 320 168 354 πεῖραν
190 317 380 352 παρεξομένας
395 317 443 351 τῆς
460 316 565 343 ἑαυτῶν
586 316 783 352 προαιρέσεως.
796 317 852 343 Καὶ

58 365 107 392 ὅτι
125 364 195 400 μετὰ
220 364 282 395 Διός
310 372 388 395 τινας
407 361 478 390 εἶναι
506 363 562 390 τῶν
577 363 682 398 ψυχῶν,
702 364 751 390 καὶ
774 363 855 394 ἄλλας

61 411 139 445 μετὰ
152 410 208 437 τῶν
219 409 306 436 ἄλλων
333 409 412 437 θεῶν,
442 409 624 444 Εἱμαρμένην
640 410 668 436 δέ
682 418 763 445 φησιν
777 407 855 439 εἶναι,

58 456 96 482 οὐ
119 455 213 490 μέντοι
232 455 321 481 πάντα
336 455 399 480 καθ’
415 455 587 490 εἱμαρμένην
611 455 743 489 γίνεσθαι.
764 455 792 482 '0
808 455 858 490 μὲν

61 499 115 528 οὖν
145 501 268 533 Πλάτων,
286 500 446 535 συναγαγὼν
462 502 496 528 τὰ
526 502 588 537 τρία
618 502 688 537 μέρη
712 502 762 537 τῆς
789 502 860 529 κατὰ

60 548 158 574 πάντα
178 546 347 580 φιλοσοφίας,
375 547 700 582 φυσιολογικὴν,ὴθικὴν,
709 548 757 574 καὶ
783 547 858 581 λογι-

62 595 132 628 κὴν,
146 593 233 623 οὕτως
251 593 424 628 ἐδογμάτισε.
444 593 556 619 Πλάτων
570 593 597 620 δὲ
613 593 793 628 ἐπωνομάσθη
814 593 858 619 διὰ

62 639 97 666 τὸ
119 639 224 670 πλατὺς
235 636 304 664 εἶναι
317 639 347 664 τὸ
360 638 480 672 στέρνον.
496 638 587 665 Ἀλλοι
607 638 635 665 δὲ
650 639 688 671 ὡς
709 639 813 666 πλατὺν
829 639 859 667 ὲν

65 683 160 718 λόγοις
175 683 307 710 Πλάτωνα
327 682 470 718 κληθῆναι.
488 679 572 715 Οὗτος
585 683 651 709 ὲσιω
662 684 711 718 ἐτη
728 682 786 718 πβ¹.

111 776 222 806 Δέκατος
241 774 441 810 Ἀριστοτέλης.
456 771 541 806 Οὗτος
561 774 699 810 ἀκροατὴς
711 775 860 810 γενόμενος

69 821 120 847 τοῦ
134 821 275 852 Πλάτωνος
292 821 331 852 εἰς
344 821 441 856 τέχνην
462 821 512 855 τὴν
536 821 694 855 φιλοσοφίαν
709 822 796 857 ἡγαγε
812 823 859 849 καὶ

69 866 252 902 λογικώτερος
278 866 396 900 ἐγένετο,
413 865 446 892 τὰ
467 866 516 901 μὲν
542 867 660 901 στοιχεῖα
673 867 727 894 τῶν
750 869 860 894 πάντων

67 912 248 946 ὑποθέμενος,
263 908 318 939 οἷον
330 912 379 948 τὴν
389 911 484 939 οὐσίαν
500 913 547 939 καὶ
565 912 595 940 τδ
610 913 792 948 συμϐεϐηκὸς,
809 913 858 949 τὴν

68 958 122 993 μὲν
133 958 226 984 οὐσίαν
237 958 302 993 μίαν
310 959 365 990 τοῖς
377 958 461 984 τᾶσιν
472 958 665 994 ὑποκειμένην,
676 960 709 986 τὰ
718 959 746 986 δὲ
758 960 859 994 συμϐε-

70 1003 177 1036 ϐηκότα
191 1004 281 1030 ὲννέα’
290 1003 337 1030 καὶ
347 1003 396 1037 τὴν
410 1004 458 1038 μὲν
468 1004 562 1030 οὐσίαν
577 1004 705 1038 τοιαύτην
721 1004 791 1032 εἶναι
804 1003 860 1032 οἷον

67 1049 138 1074 Θεὸν
154 1049 202 1075 καὶ
214 1048 412 1084 ἄνθρωπονκαὶ
422 1049 502 1081 ζῶον,
518 1049 582 1084 περὶ
594 1049 611 1076 ὃ.
622 1051 668 1076 καὶ
680 1051 713 1076 τὰ
724 1051 861 1085 συμϐεϐη-

67 1095 137 1120 κότα
150 1094 302 1127 θεωρεῖται,
315 1094 345 1121 τὸ
363 1094 412 1129 μὲν
422 1095 498 1120 ποιόν
506 1093 562 1121 οἷον
579 1095 685 1130 tam,
703 1097 786 1132 μέλαν
797 1105 803 1111 ·
830 1098 861 1124 τὸ

66 1139 96 1165 δὲ
111 1140 194 1165 ποσὸν
204 1137 258 1165 οἷον
267 1139 365 1174 δίπηχυ
374 1140 505 1175 τρίπηχυ,
516 1140 562 1166 καὶ
572 1141 711 1168 διπλάσιον
722 1143 860 1177 καὶἦμισυ

68 1185 120 1212 ςκιὶ
134 1184 236 1221 μεῖζον,
249 1185 279 1212 τὸ
291 1185 320 1212 δὲ
337 1185 403 1221 πρός
417 1195 442 1212 τι
458 1183 513 1212 οἷον
531 1187 632 1223 πατὴρ,
648 1188 714 1221 υἱὸς,
731 1189 798 1216 τὸδὲ
809 1190 860 1216 ποῦ

66 1228 127 1258 οἷον
143 1231 282 1267 Ἀθήνῃσι,
298 1231 448 1266 Μεγάροις,
473 1233 501 1258 ὲν
521 1233 606 1267 οἰκίᾳ,
628 1234 656 1259 ὲν
671 1234 767 1270 ἀγορᾷ,
787 1235 817 1262 τὸ
833 1235 862 1262 δὲ

69 1279 138 1304 πότε
151 1275 204 1304 οἷον
219 1277 294 1312 χθὲς,
310 1277 433 1313 πέρυσιν,
449 1277 495 1304 ἐπὶ
512 1278 561 1314 τῆς
582 1279 696 1315 δεκάτης
713 1281 864 1314 Ὀλυμπιά-

68 1324 127 1356 δος,
140 1323 169 1349 τὸ
183 1323 209 1349 δὲ
227 1324 312 1349 ποιεῖν
336 1321 393 1349 οἷον
408 1324 536 1358 γράφειν,
551 1325 674 1359 τέμνειν,
703 1326 792 1353 καίειν
815 1327 863 1353 καὶ

69 1369 140 1400 ὅλως
156 1369 318 1404 ἐνεργεῐντι,
334 1368 363 1394 τὸ
375 1368 402 1395 δὲ
423 1368 537 1403 πάσχειν
552 1367 608 1396 οἷον
618 1369 775 1404 τέμνεσθαι.
787 1371 862 1397 καίε-

73 1418 146 1452 σθαι,
160 1417 311 1445 τύπτεσθαι
324 1437 331 1450 ,
349 1418 378 1445 τὸ
388 1418 416 1445 δὲ
434 1418 506 1453 ἔχειν
521 1415 577 1444 οἷον
603 1417 762 1452 κεκτῆσθαι,
777 1417 861 1443 ὡπλί-

72 1464 183 1496 σῦαι,τὺ
191 1464 219 1491 δὲ
235 1464 344 1492 κεῖσθαι
361 1462 416 1491 οἷον
436 1466 608 1497 κατάκειται,
631 1465 782 1496 ἀνάκειται,
799 1464 865 1491 κάθ-

71 1519 103 1546 1".
110 1519 147 1544 αι,
154 1510 269 1545 δέχεται.
279 1511 307 1537 ’0
321 1510 400 1541 αὐτὸς
415 1509 603 1546 Ἀριστοτέλης
613 1509 705 1544 σχεδὸν
713 1509 745 1535 τά
752 1509 864 1535 πλεῖστα

73 1558 215 1591 συμφωνεῖ
225 1557 268 1592 [Ρ.
285 1556 348 1592 Hii]
366 1557 404 1591 τῷ
431 1557 566 1588 Πλάτωνι,
589 1556 658 1591 πλὴν
672 1555 719 1582 τοῦ
736 1555 800 1591 περὶ
810 1555 858 1586 thi-
875 1573 896 1602 ὓ

73 1603 127 1639 ﬁ};
141 1602 286 1636 δόγματος.
309 1603 510 1637 Ἐτιιὸιαμένειν
538 1603 591 1637 γάρ
618 1611 695 1636 φησι,
719 1602 766 1628 καὶ
792 1602 860 1636 μετὰ

72 1649 161 1676 ταῦτα
183 1649 270 1684 αὐτὴν
298 1648 528 1683 συναφανίζεσθαι
547 1649 586 1683 τῷ
599 1649 718 1683 πέμπτῳ
734 1649 858 1682 σώματι·

73 1695 232 1722 ὑποτίθεται
245 1696 299 1730 γὰρ
315 1693 390 1726 οὗτος
407 1695 454 1721 καὶ
480 1695 604 1730 πέμπτον
631 1696 711 1729 σῶμα
727 1695 795 1729 μετὰ
807 1694 860 1721 τῶν

72 1741 161 1768 ἄλλων
174 1741 307 1775 σωμάτων
320 1740 374 1767 τῶν
383 1740 534 1776 τεσσάρων,
545 1737 599 1766 οἷον
611 1740 732 1774 πνεῦμα·
744 1739 793 1773 τὴν
807 1739 862 1773 γὰρ

72 1787 162 1822 ψυχὴν
179 1786 240 1813 ὅλου
268 1787 316 1813 τοῦ
347 1786 452 1820 κόσμου
471 1787 552 1821 φησὶν
569 1786 702 1812 ἀθάνατον
718 1783 799 1818 εἶναι,
815 1786 862 1812 καὶ

72 1833 155 1860 αὑτὸν
183 1832 228 1860 τὸν
256 1832 357 1867 κόσμον
385 1832 482 1866 ἀΐδιον,
497 1831 546 1868 τὴν
560 1832 659 1859 δὲκαθ’
675 1832 801 1863 ἕκαστον,
825 1831 862 1862 ὡς

75 1877 254 1912 προείπομεν,
274 1876 464 1911 ἀφανίζεσθαι.

112 1925 175 1951 Ὂτι
191 1924 237 1950 ἐπὶ
261 1923 440 1959 Ἀρταξέρξου
455 1923 502 1950 τοῦ
524 1924 606 1958 Ὤχου
626 1920 660 1958 ἦν
677 1924 691 1949 ὁ
711 1921 863 1958 Ἀριστοτέ-

73 1970 134 2006 λης,
150 1970 310 2005 ἐτελεύτησε
323 1970 350 1996 δὲ
369 1971 470 2005 βιώσας
495 1969 542 2005 ἐτη
559 1973 590 1997 of.
613 1969 783 2003 Ἐκλήθησαν
796 1968 824 1995 δὲ
838 1969 863 1995 οἱ

77 2019 127 2054 μὲν
144 2018 199 2044 ἀπὸ
226 2018 350 2052 Ζήνωνος
362 2017 416 2044 ἀπὺ
437 2017 486 2052 τῆς
499 2015 624 2050 ποικίλης
640 2016 720 2046 στοᾶς
737 2015 862 2047 Στωϊκοὶ,

74 2065 101 2091 οἱ
123 2063 152 2090 δὲ
168 2063 221 2090 ἀπὸ
236 2062 283 2090 τοῦ
301 2062 505 2097 Ἀριστοτέλους
529 2061 583 2088 ἀπὸ
606 2060 653 2087 τοῦ
679 2060 760 2096 ἔργου
784 2060 865 2094 Περι-

74 2110 223 2145 πατητικοί
235 2117 241 2124 ·
265 2108 480 2144 περιπατοῦντες
496 2107 551 2143 γὰρ
567 2108 596 2134 ἄν
610 2107 650 2143 τῷ
666 2107 775 2142 Λυκείῳ
788 2107 864 2133 ἐποι-

75 2156 156 2183 οζντο
171 2156 221 2186 τὰς
232 2155 372 2190 ζητήσεις.

116 2201 263 2235 Ἑνδεκάτη
288 2201 394 2236 αἵρεσις
413 2200 467 2228 τῶν
491 2199 630 2227 Στωῖχῶν.
649 2199 703 2227 Καὶ
721 2194 795 2226 οὗτοι
813 2199 864 2225 ὑπ-

906 273 967 298 dam
980 272 1097 305 peractis
1111 273 1272 300 circuitibus
1286 273 1313 300 in
1323 273 1396 300 hunc
1411 273 1539 300 mundum
1554 272 1654 305 redire,
1664 277 1693 299 ut

907 318 958 345 sibi
973 326 1029 345 suae
1046 319 1192 346 voluntatis
1207 320 1344 354 specimen
1358 319 1517 347 exhibeant.
1532 319 1599 346 Esse
1609 327 1693 353 quas-

906 363 968 390 dam
1000 364 1108 391 animas
1140 372 1202 392 cum
1219 363 1296 398 Jove,
1314 365 1447 399 quasdam
1475 372 1537 392 cum
1555 365 1615 391 aliis
1628 365 1691 391 diis.

908 407 1006 436 Fatum
1022 417 1132 444 quoqtte
1149 418 1220 441 esse,
1239 411 1286 438 sed
1316 418 1369 437 non
1385 411 1477 437 omnia
1490 409 1546 437 fato
1565 411 1633 437 ﬁeri.
1656 411 1693 436 Ac

908 454 987 481 Plato
1005 454 1116 489 quidem
1136 459 1191 482 tres
1211 455 1296 482 totius
1315 455 1497 490 philosophiae
1513 460 1604 490 partes
1618 462 1693 481 com-

909 500 1014 535 plexus,
1030 507 1146 535 quarum
1163 501 1251 534 prima
1276 500 1309 527 de
1329 509 1421 528 rertlm
1442 505 1550 532 natura,
1576 501 1693 528 sccun'a

908 546 942 573 de
955 546 1089 578 moribus,
1106 546 1183 573 tertia
1200 546 1234 574 de
1259 546 1414 574 disserendi
1444 552 1486 573 est
1505 548 1622 578 ratione,
1643 547 1695 572 hu-

907 592 1028 627 iusmodi
1045 593 1186 627 opiniones
1205 593 1303 620 tenuit.
1325 592 1428 619 Nomen
1449 592 1572 619 Platonis
1601 592 1696 620 habuit

909 646 925 666 a
941 639 1085 667 latitudine
1101 639 1220 674 pectoris
1234 640 1287 674 (est
1318 639 1390 666 enim
1408 639 1499 666 Platos
1513 638 1616 666 Graecis
1632 639 1695 665 lati-

910 685 985 719 tudo)
1001 685 1054 717 vel,
1071 691 1099 712 ut
1114 686 1177 712 aliis
1187 686 1307 717 videtur,
1326 688 1360 712 ab
1378 685 1513 712 orationis
1539 684 1693 711 latitudine.

909 730 984 759 Vixit
997 739 1084 758 annos
1108 733 1247 766 octoginta
1265 732 1345 758 duos.

944 776 1073 805 Decimus
1085 777 1256 805 Aristoteles.
1271 777 1364 804 lscnm
1378 776 1528 803 audivisset
1543 775 1697 807 Platonem,

909 827 995 850 artem
1015 823 1226 858 philosophandi
1259 823 1414 850 constituit.
1437 821 1594 849 Disserendi
1610 820 1696 847 ratio-

910 876 973 896 nem
989 869 1160 896 subtiliorem
1172 869 1286 905 redegit,
1301 869 1435 904 principia
1460 868 1582 895 omnium
1605 875 1696 894 rerum

911 917 1037 941 statuens
1064 913 1247 941 substantiam
1272 918 1301 940 et
1316 914 1480 945 accidentia,
1507 919 1623 948 quorum
1651 911 1697 938 illa

910 961 1033 986 omnium
1058 963 1134 988 esset
1150 959 1317 993 subjectum,
1350 959 1408 986 haec
1432 959 1459 985 in
1484 966 1580 986 novem
1596 957 1697 985 classes

910 1005 1153 1040 distinguereutur.
1168 1004 1367 1037 Sulistantiam,
1379 1008 1408 1031 ut
1420 1004 1494 1031 verbi
1507 1011 1600 1036 causa,
1614 1003 1696 1036 Deus,

912 1051 1003 1083 homo,
1025 1050 1135 1083 animal,
1151 1051 1177 1078 in
1192 1051 1292 1085 quibus
1306 1051 1433 1077 nimirum
1459 1049 1609 1076 accidentia
1633 1056 1698 1075 con-

911 1097 1076 1131 siderantur,
1095 1098 1227 1132 qualitas,
1245 1101 1275 1124 ut
1292 1097 1395 1127 album,
1411 1096 1535 1130 nigrum;
1548 1096 1696 1130 quantitas,

913 1149 942 1172 ut
984 1145 1147 1176 bicubitum,
1180 1143 1348 1175 tricubitale.
1386 1143 1511 1177 duplum,
1542 1141 1695 1170 dimidium,

913 1191 1144 1226 majus;relatio,
1173 1194 1203 1217 ut
1228 1195 1315 1225 pater,
1333 1189 1425 1221 ﬁlius;
1441 1189 1497 1220 ubi,
1526 1193 1555 1214 ut
1571 1187 1695 1214 Atltrnis.

912 1238 1038 1273 Megarat,
1050 1237 1135 1269 domi,
1155 1237 1182 1263 in
1201 1236 1281 1268 l‘oro;
1299 1235 1451 1270 quando,nt
1468 1234 1536 1266 lteri,
1556 1233 1697 1267 superiore

913 1292 996 1317 anno,
1021 1284 1127 1311 decima
1156 1282 1344 1318 Olympiade;
1376 1281 1458 1311 actio,
1501 1284 1530 1306 ut
1565 1279 1696 1309 scribere,

914 1338 1020 1362 secare,
1037 1336 1128 1361 urere,
1143 1333 1226 1363 atque
1242 1327 1356 1355 omnino
1368 1334 1448 1362 agere
1460 1325 1562 1360 aliquid
1576 1333 1584 1357 ;
1598 1324 1699 1359 passio.

914 1380 944 1403 ut
957 1375 1058 1407 secari,
1076 1375 1129 1407 uri,
1144 1374 1220 1401 feriri
1239 1382 1247 1406 -,
1266 1373 1386 1403 habitus,
1401 1377 1431 1399 ut
1445 1371 1595 1406 possidere,
1611 1377 1701 1396 arma-

914 1426 970 1448 tum
983 1428 1044 1448 esse
1057 1429 1065 1454 ;
1080 1421 1158 1452 situs,
1174 1423 1204 1446 ut
1214 1419 1388 1450 decumbere,
1400 1417 1576 1448 accumbere,
1593 1416 1700 1446 sedere.

914 1467 1079 1502 accipereJn
1092 1467 1230 1502 plerisque
1240 1466 1322 1500 282
1336 1464 1464 1491 omnibus
1485 1462 1622 1491 Aristmeli
1639 1469 1700 1487 cum

913 1513 1025 1541 Platone
1042 1513 1180 1544 convenit,
1192 1515 1306 1546 excepto
1331 1510 1365 1538 de
1376 1507 1703 1543 animajudicioJlancie

913 1560 985 1588 enim
993 1567 1052 1587 eam
1067 1563 1129 1594 post
1145 1566 1245 1593 corpus
1265 1558 1359 1590 sentit,
1375 1564 1407 1584 ac
1420 1560 1513 1592 postea
1532 1563 1592 1583 cum
1607 1554 1703 1589 quinto

912 1613 1028 1640 corpore
1060 1604 1173 1632 aboleri.
1190 1603 1268 1631 Ponit
1289 1602 1362 1629 enim
1390 1601 1444 1634 hic,
1462 1603 1561 1635 prmtcr
1586 1604 1704 1633 quatuor

911 1657 1028 1685 corpora
1040 1668 1049 1682 ,
1065 1649 1191 1685 quintum
1208 1648 1358 1683 quoddam,
1375 1647 1449 1674 velut
1480 1645 1618 1681 spiritum.
1635 1643 1702 1670 Ani-

915 1704 986 1723 mam
1017 1696 1090 1723 enim
1109 1696 1194 1722 totius
1224 1693 1317 1721 mundi
1358 1693 1396 1720 ait
1425 1700 1486 1720 esse
1510 1691 1702 1721 immortalem,

914 1742 1058 1777 ipsumque
1087 1741 1218 1767 mttndum
1251 1744 1396 1772 aeternum,
1413 1738 1583 1774 singulorum
1613 1739 1702 1763 autem

913 1789 1032 1821 animas,
1049 1791 1078 1814 ut
1095 1787 1225 1819 diximus,
1240 1786 1364 1813 interire.

955 1921 1029 1949 Vixit
1044 1919 1209 1947 Aristoteles
1226 1925 1313 1945 annOs
1329 1917 1363 1945 ’ῖο
1377 1920 1403 1944 et
1421 1916 1474 1943 luit
1487 1919 1609 1950 tempore
1624 1915 1704 1942 Arta-

913 1969 1006 1996 xerxis
1020 1966 1100 1995 Ochi.
1115 1965 1254 1992 Zenonem
1279 1964 1366 1992 secuti
1380 1962 1535 1998 philosophi
1555 1969 1569 1988 a
1586 1962 1704 1997 porticu,

913 2022 974 2050 quae
986 2014 1020 2041 ob
1035 2015 1146 2048 picturas
1157 2011 1316 2039 varietatem
1333 2014 1394 2038 stoa
1406 2009 1505 2037 Poecile
1519 2009 1620 2036 Graecis
1636 2008 1701 2035 dici—

917 2067 971 2093 tur,
983 2059 1069 2088 Stoici
1083 2059 1271 2086 nominantur.
1285 2056 1443 2084 Aristotclei
1458 2060 1548 2083 autem
1564 2055 1704 2089 Peripate-

916 2106 963 2133 tici
979 2114 993 2133 a
1011 2104 1222 2136 deambulando,
1236 2103 1308 2138 quod
1320 2101 1415 2130 Graece
1426 2102 1577 2136 peripatein
1591 2101 1707 2128 dicitur:

914 2152 1124 2180 obambulantes
1137 2149 1209 2177 enim
1226 2149 1252 2176 in
1268 2148 1357 2182 Lyceo
1372 2148 1562 2182 disputabant.

950 2196 1099 2225 Undecima
1108 2193 1331 2229 philosophorum
1345 2198 1417 2220 secta
1433 2191 1532 2219 Stoici.
1549 2191 1581 2218 lli
1598 2198 1711 2226 quoque

77 2247 170 2274 έοεντο
182 2246 269 2282 ἀρχὴν
285 2247 334 2281 μὶν
347 2247 402 2273 τῶν
415 2246 524 2273 πάντων
546 2246 623 2279 Θεὸν,
641 2246 689 2272 καὶ
703 2245 733 2272 τὸ
746 2245 807 2272 καθ’
824 2245 862 2271 ειη

917 2243 1002 2271 Deum
1015 2242 1182 2278 principium
1201 2239 1322 2267 omnium
1341 2247 1432 2266 rerum
1449 2243 1615 2268 statuerunt,
1640 2245 1706 2264 con-

78 2294 224 2329 μιρμένην
248 2293 283 2320 τὰ.
310 2292 399 2319 πάντα
425 2291 661 2319 διεόεὸαιώσαντο.
678 2291 734 2327 Τὴν
749 2291 865 2326 σελήνην

77 2339 203 2373 λέγουσιν
217 2338 350 2365 ἀθάνατον
370 2335 449 2364 εἶναι.
464 2337 548 2372 Σῶμα
563 2337 590 2364 δὲ
614 2337 724 2370 λέγουσι
739 2335 866 2370 γενέσθαι

77 2386 110 2412 ὲκ
123 2385 171 2419 τῆς
185 2384 355 2419 περιψύξεως
370 2383 418 2410 τοῦ
436 2383 516 2418 ἀέρος
539 2382 585 2409 τοῦ
602 2382 776 2418 περιέχοντος
789 2389 796 2397 ·
826 2381 866 2407 διὸ

77 2433 126 2459 καὶ
138 2431 227 2466 ψυχὴν
240 2431 325 2464 αὐτὴν
345 2429 484 2456 καλοῦσιν.
509 2428 686 2464 Ὀμολογοῦσι
702 2428 751 2454 καὶ
773 2435 868 2462 μετεν-

78 2478 254 2513 σωμάτωσιν,
267 2476 427 2512 ὡρισμένων
439 2474 527 2501 οὐσῶν
544 2474 600 2500 τῶν
613 2472 716 2508 ψυχῶν.

117 2569 276 2599 Δωδὲκατος
306 2566 477 2600 Ἐπίκουρος.
509 2561 593 2596 Οὗτος
622 2564 715 2600 σχεδὸν
746 2564 868 2591 ἐναντίαν

78 2615 162 2640 etim
187 2613 266 2645 δόξαν
295 2613 382 2639 ἔθετο.
400 2610 502 2646 Ἀρχὰς
526 2611 575 2645 μὲν
593 2610 647 2636 τῶν
667 2610 736 2637 ὅλων
754 2609 868 2636 ὑπέθετο

78 2660 197 2694 ἀτόμους
213 2660 260 2686 καὶ
289 2658 377 2689 κενὸν,
406 2656 485 2684 κενὸν
513 2656 563 2691 μὲν
588 2653 643 2682 οἷον
657 2656 703 2682 τὸν
718 2656 800 2682 τόπον
815 2655 868 2682 τῶν

80 2705 230 2740 ἐσομένων,
243 2704 362 2739 ἀτόμους
376 2703 426 2739 τὴν
450 2703 516 2737 ὓλην
528 2702 556 2734 ἐξ
567 2699 600 2737 ἧς
610 2701 644 2728 τὰ
665 2702 763 2728 πάντα.
777 2700 825 2727 Ἐκ
841 2701 867 2727 δὲ

79 2752 134 2779 τῶν
150 2751 258 2786 ἀτόμων
273 2749 459 2777 συνελθουσῶν
478 2748 605 2784 γενέσθαι
621 2748 668 2774 καὶ
684 2748 729 2774 τδν
742 2747 808 2774 Θεὸν
823 2747 870 2773 καὶ

79 2797 115 2823 τὰ
134 2797 254 2831 στοιχεῖα
265 2796 313 2823 καὶ
328 2796 419 2822 πάντα
440 2795 474 2821 τὰ
490 2796 518 2820 ὲν
534 2795 636 2827 αὐτοῖς,
648 2794 686 2825 ὠς
701 2794 783 2829 μηδὲν
801 2794 868 2828 μήτε

81 2843 208 2878 γενέσθαι
236 2843 303 2877 μήτε
330 2842 441 2868 ἑστάναι
467 2841 544 2876 εἰμὴ
573 2842 605 2867 ἐκ
628 2841 681 2867 τῶν
703 2840 811 2875 ἀτόμων
824 2838 867 2875 ἦν.

88 2889 218 2924 Ἀτόμους
235 2888 263 2916 δὲ
292 2887 400 2922 λέγουσι
418 2888 447 2914 τὺ
467 2887 727 2923 λεπτομερέστερον,
744 2885 792 2913 xxi.
809 2885 868 2920 μεθ’

918 2291 1118 2324 tenderuntque
1137 2288 1228 2316 omnia
1247 2287 1302 2314 l'ato
1317 2287 1389 2314 ﬁeri.
1408 2287 1513 2314 Lunam
1537 2286 1630 2313 dicunt
1645 2293 1706 2312 esse

919 2337 1112 2368 immortalem,
1142 2332 1245 2369 corpus
1278 2334 1338 2369 ejus
1365 2338 1460 2360 natum
1487 2340 1549 2360 esse
1573 2340 1605 2359 ex
1636 2332 1709 2359 aeris

918 2382 1080 2410 circumdati
1097 2379 1316 2415 refrigeratione.
1334 2378 1412 2406 Unde
1430 2382 1457 2405 et
1473 2377 1606 2412 Psychen,
1624 2377 1650 2403 id
1662 2382 1704 2403 est.

918 2430 1049 2460 animam,
1064 2435 1124 2455 eam
1139 2427 1287 2462 appellant,
1301 2433 1363 2452 cum
1377 2424 1496 2460 psychos
1510 2423 1604 2450 Graece
1619 2421 1710 2456 frigus

919 2475 1064 2510 signiticet.
1080 2473 1231 2500 Numerum
1243 2471 1396 2499 animarum
1414 2469 1556 2497 deﬁnitum
1570 2471 1706 2499 statuunt,

918 2527 1020 2555 easque
1038 2518 1072 2547 de
1101 2517 1265 2553 eorporihus
1293 2517 1320 2543 in
1337 2523 1453 2550 corpora
1470 2514 1601 2548 migrare.

954 2565 1138 2593 Duodecimus
1151 2569 1192 2591 est
1218 2562 1366 2597 Epicurus.
1398 2560 1424 2588 ls
1451 2560 1508 2588 fere
1541 2559 1633 2585 omnia
1664 2558 1708 2586 his

919 2611 1058 2640 contraria
1076 2609 1194 2637 censuit.
1209 2606 1348 2641 Principia
1368 2613 1459 2633 rerum
1485 2604 1579 2640 posuit
1602 2608 1710 2631 atomos

922 2665 953 2685 ac
974 2657 1066 2689 inane,
1084 2656 1135 2682 hoc
1165 2658 1194 2682 ut
1220 2654 1310 2680 locum
1332 2651 1414 2679 rebus
1429 2652 1503 2678 natis
1531 2650 1706 2684 recipiendis,

920 2708 1028 2730 atomos
1041 2706 1070 2729 ut
1091 2701 1213 2727 onmium
1242 2699 1394 2726 materiam.
1421 2696 1522 2723 Earum
1550 2700 1706 2722 atomorum

920 2754 1068 2782 congressu
1081 2751 1107 2773 et
1124 2746 1206 2773 Deum
1218 2749 1244 2772 et
1271 2744 1404 2771 elementa
1421 2747 1448 2770 et
1462 2749 1522 2776 qua
1535 2743 1562 2768 in
1593 2741 1626 2768 iis
1643 2744 1709 2768 stunt

921 2793 1013 2820 omnia
1029 2793 1170 2821 exstitisse
1182 2800 1190 2824 ;
1204 2797 1292 2826 neque
1304 2789 1451 2824 quidquam
1465 2787 1546 2823 283
1560 2792 1604 2814 aut
1618 2791 1706 2814 ortum

922 2843 969 2866 aut
984 2844 1113 2866 constare
1126 2838 1177 2865 nisi
1194 2846 1226 2865 ex
1243 2837 1350 2864 atomis.
1368 2836 1406 2863 Ita
1433 2839 1533 2863 vocant
1546 2832 1708 2861 tenuissima

922 2885 1098 2921 corpuscula,
1128 2892 1188 2920 qua:
1205 2889 1301 2913 ccutro
1329 2886 1377 2911 aut
1403 2885 1504 2918 puncto
1530 2879 1604 2908 nullo
1622 2875 1708 2907 dividi
