2020 3156
123 165 181 198 345

678 171 835 201 HISTORI
842 172 862 200 .\
868 172 891 201 li
897 171 918 200 Li
924 173 952 201 Μ
966 171 1039 200 (1031
1045 172 1232 202 PENDIUM.

1703 172 1758 206 346

125 223 272 260 πανταχοῦ
287 224 339 259 τῆς
358 224 411 251 τῶν
426 223 586 260 θαυμασίων
615 225 709 261 φήμης
737 226 855 261 Χριστοῦ
880 225 925 253 τοῦ

979 225 1112 252 editorum
1134 226 1254 260 undique
1277 232 1372 260 sparsa
1395 225 1518 260 pervenit
1538 225 1628 259 fama;
1644 232 1762 260 quorum

126 270 198 298 Θεοῦ
225 271 317 305 ἡμῶν,
345 270 466 302 ἀκούσας
490 273 537 298 καὶ
551 271 633 303 αὐτὸς
651 272 665 297 ὁ
678 271 771 307 ῥηθεὶς
783 272 923 306 τοπάρχης

128 316 257 348 ἐξίστατο
281 316 329 343 ἐπὶ
353 316 457 347 τούτοις
483 315 530 343 καὶ
543 317 636 343 ἐπόθει
655 317 718 344 [δεῖν
731 317 775 343 τὸν
794 317 922 353 Χριστόν.

129 363 188 389 Οὐκ
204 362 320 397 ἠδύνατο
330 363 359 389 δὲ
373 363 416 389 διὰ
429 362 460 389 τὸ
474 363 592 395 ἀνιάτως
607 364 704 390 νοσεῖν.
717 363 820 398 Γράφει
835 363 925 391 τοίνυν

131 409 277 444 ἐπιστολὴν
289 409 356 444 πρὸς
367 409 458 440 αὐτὸν,
475 409 508 445 ἢν
522 409 665 436 ἀπέστειλε
685 409 719 435 δι’
735 409 859 436 ’Λνανίου
870 410 924 436 τῶν

131 455 214 482 αὑτοῦ
237 455 426 490 ταχυδρόμων,
450 455 478 486 ὃς
495 456 524 481 ὲν
548 455 632 490 πείρᾳ.
659 456 789 490 ἐτύγχανε
810 456 856 482 καὶ
874 455 925 490 τῆς

131 501 311 535 ζωγραφικῆς
322 500 431 536 τέχνης.
448 501 621 536 Παρήγγειλε
639 501 666 527 δὲ
681 501 756 536 αὐτῷ
769 502 783 528 ὁ
799 501 924 536 Αῠγαρος

130 546 226 572 λαϐεῖν
241 547 269 572 ὲν
281 545 368 572 σανίδι
387 546 418 572 τὸ
434 546 560 580 ὁμοίωμα
573 546 622 580 τῆς
639 545 686 572 τοῦ
704 546 822 581 Χριστοῦ
841 546 922 577 ἰδέας.

136 593 169 619 'H
185 592 214 618 δὲ
232 592 361 626 ἐπιστολὴ
388 591 434 618 τοῦ
462 592 588 626 Αὺγάρου
616 592 688 618 κατὰ
712 592 788 626 ῥῆμα
813 591 923 623 διέξεισι

130 636 206 663 τάδε·
229 645 238 662 ι
258 635 384 671 Αῠγαρος
401 635 541 671 τοπάρχης
557 636 661 667 πόλεως
692 636 820 670 Ἐδέσσης
834 636 922 671 Ἰησοῦ

129 683 240 718 Σωτῆρι
260 681 365 716 ἀγαθῷ,
383 681 549 716 ἁναφανέντι
567 682 596 707 ὲν
619 682 694 708 πέλει
717 682 922 717 Ἰεροσολύμων,

129 727 248 763 χαίρειν.
275 727 426 753 Ἠκουσταί
458 735 502 762 μοι
527 726 560 753 τὰ
577 727 640 761 περὶ
670 727 716 753 σοῦ
735 728 782 753 καὶ
796 727 850 753 τῶν
867 727 922 754 σῶν

131 774 257 808 ἰαμάτων
268 773 305 804 ὡς
317 773 381 800 ἄνευ
402 773 556 808 φαρμάκων
571 773 623 800 ὑπό
639 782 684 800 σου
696 774 848 807 γινομένων
858 781 865 789 ·
886 774 923 806 ὡς

128 820 184 856 γὰρ
200 820 289 854 λόγος,
301 819 418 853 τυφλοὺς
431 818 595 846 ἀναϐλέπειν
612 820 710 850 ποιεῖς,
728 819 832 854 χωλοὺς
846 828 923 854 περι-

129 867 239 898 πατεῖν,
253 865 370 900 λεπροὺς
380 864 549 898 καθαρίζεις,
563 864 609 891 καὶ
620 864 765 900 ἀκάθαρτα
780 864 922 899 πνεύματα

129 911 205 946 λόγῳ
221 910 394 943 ἀπελαύνεις,
410 911 457 937 καὶ
468 910 532 942 τοὺς
543 910 571 936 ὲν
587 911 756 946 μακρονοσία
776 911 921 946 βασανιζο-

131 957 231 992 μένους
258 956 421 992 θεραπεύεις
451 957 498 983 καὶ
526 956 641 992 νεκροὺς
667 956 795 991 ὲγείρεις.
830 957 922 983 Ταῦτα

129 1002 222 1029 πάντα
237 1002 356 1034 ἀκούσας
370 1002 432 1037 περὶ
447 1002 494 1029 σοῦ
510 1002 580 1029 κατὰ
596 1002 659 1028 νοῦν
676 1002 779 1037 ἐθέμην
802 1003 843 1029 ὅτι
857 1002 923 1034 Θεὸς

130 1046 156 1074 εἳ
166 1047 216 1074 καὶ
231 1048 355 1080 καταϐὰς
376 1047 405 1081 ἐξ
428 1048 544 1083 οὐρανοῦ
561 1047 648 1075 ταῦτα
666 1049 764 1080 ποιεῖς,
780 1048 796 1083 ἢ
813 1048 877 1080 Tib;
898 1046 924 1075 εἴ

131 1093 178 1120 τοῦ
198 1094 278 1126 Θεοῦ,
294 1093 379 1120 ποιῶν
394 1093 492 1121 ταῦτα.
513 1094 563 1121 Διὰ
585 1094 673 1120 ταῦτα
699 1094 790 1121 τοίνυν
813 1094 923 1129 γράψας

130 1138 247 1173 ἐδεήθην
257 1139 306 1173 τῆς
320 1138 370 1172 σῆς
385 1137 476 1172 ἰσχύος
489 1138 536 1164 καὶ
547 1137 716 1172 ἀγαθότητος
732 1137 864 1172 σκυλῆναι
876 1137 923 1163 καὶ

129 1183 220 1210 ἐλθεῖν
236 1183 304 1218 πρός
320 1192 364 1217 με,
380 1184 423 1209 ἵνα
438 1183 469 1210 τὸ
484 1183 569 1214 πάθος
581 1183 594 1210 ὂ
608 1183 661 1218 ἔχω
675 1183 924 1218 θεραπεύσῃς.Καὶ

130 1231 188 1265 γΞιρ
200 1230 307 1265 ηκουσα
323 1229 364 1256 ὃτι
380 1229 427 1255 καὶ
442 1230 467 1255 οἱ
487 1229 608 1256 Ἰουδαῖοι
625 1229 863 1263 καταγογγύζοοσί
876 1237 923 1255 σου

130 1275 180 1302 καὶ
198 1274 339 1309 βούλονται
355 1274 532 1301 κακῶσαῖσε.
547 1274 629 1306 Πόλις
640 1274 667 1301 δέ
682 1276 726 1308 μοι
740 1278 797 1301 ἐστι
810 1283 925 1310 σμικρο-

129 1321 212 1355 τάτη,
246 1320 287 1356 [Ρ.
318 1319 381 1355 176]
410 1321 471 1355 ἥτις
487 1321 631 1355 ἐξαρκέσει
646 1320 813 1355 ἀμφοτέροις
845 1321 922 1354 ἡμῖν.

134 1366 274 1402 Ἐῥρωσο.
299 1376 308 1392 ι
333 1366 362 1392 ’0
376 1366 405 1393 δὲ
431 1366 602 1402 ταχυδρόμος
620 1365 745 1392 ἀπελθὼν
777 1367 804 1392 ὲν
824 1365 924 1400 Ἰερου-

132 1412 237 1447 σαλὴμ,
250 1412 298 1438 καὶ
309 1411 370 1443 δοὺς
387 1412 426 1446 τῷ
439 1411 535 1446 Κυρίῳ
548 1411 597 1446 τὴν
612 1411 767 1446 ἐπιστολὴν,
784 1409 817 1446 ἧν
828 1412 925 1446 ἐπιμε-

130 1457 185 1488 λῶς
199 1457 330 1489 ἀτενίζων
344 1457 427 1492 αὐτῷ,
443 1456 480 1492 μὴ
511 1457 657 1491 δυνάμενος
668 1457 694 1483 δὲ
712 1456 824 1491 πλησίον
841 1456 924 1482 αὑτοῦ

133 1504 232 1538 στῆναι
253 1503 297 1530 διὰ
323 1503 353 1530 τι
372 1504 527 1539 συρῤεὖσαν
556 1503 669 1538 πλῆθος,
687 1503 732 1530 ἐπί
746 1512 806 1530 τινα
822 1503 924 1538 πέτραν

976 271 1157 299 admiratione
1184 272 1326 307 perculsus
1347 272 1487 300 Christum
1512 272 1604 301 videre
1626 272 1765 300 desidera-

975 319 1024 344 vit.
1036 317 1114 350 Quod
1131 326 1165 346 ne
1179 318 1267 350 ﬁeret,
1281 319 1426 346 insanabili
1443 319 1538 346 morbo
1551 319 1762 354 impediebatur.

976 362 1069 397 Itaque
1085 363 1118 390 ad
1136 371 1198 391 eum
1220 363 1301 390 mittit
1319 364 1463 398 epistolam
1485 372 1534 399 per
1555 371 1639 391 unum
1657 364 1690 392 de
1707 365 1764 392 suis

975 409 1133 436 cursoribus
1146 409 1279 435 Ananiam
1293 409 1415 441 nomine,
1429 409 1508 444 eique
1521 410 1594 444 (nam
1609 415 1635 436 et
1651 411 1763 444 pingere

977 454 1067 488 norat)
1090 453 1199 480 mandat
1214 458 1244 480 ut
1258 453 1360 481 Christi
1379 453 1494 482 formam
1516 455 1542 481 in
1561 455 1652 481 tabula
1668 455 1764 489 depin-

975 503 1058 533 geret.
1072 499 1200 534 Epistolas
1214 500 1367 534 exemplum
1383 499 1453 526 infra
1467 500 1598 532 scriptum
1611 504 1652 527 e-t
1665 510 1670 526 :
1687 509 1695 525 ι
1709 503 1764 527 Att-

975 553 1056 580 garus
1079 545 1189 580 regulus
1208 545 1316 573 Edessa:
1341 545 1417 573 urbis
1438 545 1502 573 Jesu
1523 545 1663 574 Servatori
1682 547 1764 579 bono,

974 591 1117 619 exsistenti
1139 592 1166 618 in
1180 591 1246 618 urbe
1271 591 1472 626 Hierosolyma,
1495 592 1621 619 salutem.
1647 593 1764 619 Allatum

975 638 1008 664 ad
1027 645 1070 664 me
1086 641 1128 665 est
1147 641 1171 664 te
1187 638 1247 664 sine
1261 636 1469 664 medicamentis
1486 638 1596 665 morbos
1608 638 1743 672 depellere
1757 648 1765 664 :

975 683 1061 710 fertur
1075 683 1148 710 enim
1166 682 1216 710 abs
1232 686 1259 709 te
1275 683 1355 709 caecis
1374 683 1477 712 visum,
1491 683 1595 709 claudis
1614 683 1766 717 ingressum

975 728 1093 760 restitui,
1108 729 1231 762 leprosos
1248 728 1400 763 repurgari,
1417 728 1562 762 verbisque
1577 729 1632 755 tuis
1648 729 1766 755 immun-

974 774 1024 802 dos
1044 774 1160 809 spiritus
1173 774 1262 810 abigi,
1283 781 1331 801 eos
1353 774 1399 808 qui
1423 773 1560 801 diuturnis
1582 774 1685 800 morbis
1709 778 1766 801 tor-

974 825 1094 857 quentur
1117 821 1222 853 sanari,
1235 825 1357 848 mortuos
1372 821 1399 847 in
1412 821 1495 847 vitam
1512 820 1644 847 revocari.
1661 819 1766 852 Quibus

974 868 1057 904 309
1069 868 1202 895 omnibus
1213 867 1247 894 de
1262 872 1287 894 te
1305 867 1408 894 auditis
1424 866 1451 893 in
1469 874 1529 894 eam
1548 866 1608 893 veni
1622 866 1766 900 cogitatio-

976 923 1050 946 nem.
1066 918 1091 941 te
1111 913 1194 941 Deum
1209 921 1270 941 esse
1284 914 1407 948 maloque
1422 913 1580 948 degressum
1598 913 1647 940 ista
1663 912 1764 945 facere,

975 964 1021 987 aut
1034 959 1131 987 Filium
1142 967 1203 987 esse
1222 959 1277 992 Dei,
1290 958 1335 994 qui
1352 959 1404 986 ista
1422 964 1546 993 praestes.
1562 958 1656 992 Itaque
1673 958 1765 985 missis

976 1007 1076 1034 litteris
1101 1006 1174 1032 volui
1204 1006 1254 1032 hoc
1281 1005 1330 1032 abs
1355 1009 1401 1031 tua
1428 1007 1563 1038 potestate
1587 1009 1615 1031 et
1642 1004 1767 1031 bonitate

977 1051 1156 1084 contendere,
1174 1050 1213 1077 uti
1234 1050 1266 1077 ad
1289 1057 1331 1077 me
1352 1048 1529 1084 proﬁciscare
1553 1055 1585 1075 ac
1605 1055 1648 1074 me
1673 1048 1767 1074 morbo

975 1105 1038 1124 meo
1053 1097 1165 1124 liberes.
1189 1095 1257 1123 Nam
1277 1099 1305 1122 et
1327 1095 1379 1122 hoc
1396 1094 1462 1121 mihi
1485 1093 1639 1121 nuntiatum
1656 1098 1698 1120 cst
1717 1092 1767 1120 Ju-

975 1143 1047 1170 dzos
1060 1142 1109 1170 tibi
1123 1141 1233 1176 obloqui
1250 1149 1281 1168 ac
1300 1140 1412 1168 insidias
1429 1140 1552 1167 tendere.
1567 1139 1601 1166 At
1619 1139 1683 1165 mihi
1698 1139 1765 1166 urbs

976 1194 1031 1220 est,
1057 1195 1217 1223 quanquam
1244 1186 1401 1221 perexigua,
1427 1190 1518 1213 tamen
1546 1185 1680 1212 ainbobus
1706 1185 1767 1212 sur.-

977 1234 1093 1262 fectura.
1122 1233 1198 1261 Vale.
1228 1242 1238 1259 ι
1269 1232 1374 1260 Cursor
1401 1231 1591 1266 Hierosolyma
1623 1231 1766 1265 profectus

975 1278 1084 1306 Christo
1100 1277 1244 1313 epistolam
1277 1276 1419 1308 exhibuit;
1438 1283 1553 1310 eumqtte
1569 1274 1712 1310 diligenter
1727 1278 1769 1301 at-

976 1323 1058 1350 tentis
1075 1322 1277 1357 contemplatus
1290 1321 1389 1352 oculis,
1404 1328 1465 1347 cum
1481 1327 1496 1347 a
1514 1318 1668 1346 conﬂuente
1683 1318 1766 1346 turba

978 1369 1091 1404 propius
1109 1371 1199 1394 astare
1219 1374 1274 1394 non
1298 1367 1445 1397 sineretur,
1465 1365 1492 1392 in
1514 1372 1610 1393 saxum
1625 1364 1767 1399 quoddam

977 1415 1116 1450 paululum
1137 1420 1219 1448 supra
1240 1416 1340 1440 terram
1364 1413 1488 1439 eminens
1511 1410 1646 1442 consedit,
1674 1409 1767 1444 ibique

977 1461 1070 1488 statim
1093 1459 1189 1487 oculos
1209 1458 1330 1488 Christo,
1348 1464 1458 1484 manum
1477 1457 1578 1484 charta:
1594 1455 1721 1488 intendit,
1736 1459 1766 1482 ut

977 1506 1135 1541 apparentis
1164 1505 1256 1539 ﬁgurae
1281 1504 1394 1539 elligiem
1421 1503 1590 1538 depingeret.
1616 1500 1716 1529 Verum
1745 1501 1768 1528 is

135 1550 236 1585 μικρὸν
248 1549 298 1583 τῆς
312 1549 364 1584 γῆς
379 1550 562 1585 ἁνεστηκυῖαν
578 1549 682 1581 ἁναδὰς
700 1548 848 1584 ἑκαθέσθη,
877 1549 924 1575 καὶ

978 1556 1092 1580 conatus
1109 1551 1210 1578 frustra
1230 1550 1292 1582 fuit,
1312 1549 1428 1576 Domino
1449 1548 1566 1576 subinde
1580 1547 1685 1575 vultum
1703 1554 1766 1573 mu-

132 1594 214 1626 εὐθὺς
228 1595 324 1630 ἐκείνῳ
341 1595 389 1630 μὲν
408 1596 471 1626 τοὺς
485 1595 651 1630 ὀφθαλμοὺς,
669 1594 708 1628 τῷ
728 1595 756 1622 δὲ
772 1594 860 1631 χάρτῃ
876 1594 925 1629 τὴν

133 1641 214 1675 χεῖρα.
228 1640 400 1675 προσήρειδε,
417 1641 465 1667 καὶ
478 1641 527 1675 τὴν
541 1640 589 1667 τοῦ
604 1641 768 1676 φαινομένου
790 1642 927 1676 μετέγρα-

135 1694 185 1719 φεν
195 1685 353 1720 ὁμοιότητα.
373 1686 427 1713 Καὶ
439 1686 564 1720 οὐδαμῶς
575 1686 695 1721 ἠδύνατο
710 1687 794 1714 αὐτὸν
808 1686 927 1714 καταλαν

134 1730 194 1756 δεῖν
208 1730 251 1756 διὰ
266 1730 294 1756 τὸ
309 1729 392 1765 ἑτέρᾳ
409 1730 457 1756 καὶ
479 1730 560 1766 ἑτέρᾳ
579 1730 640 1765 ὄψει
671 1731 827 1765 φαίνεσθαι,
848 1731 877 1758 'O
889 1731 926 1763 at

133 1775 250 1810 Κύριος,
263 1776 299 1807 ὡς
312 1775 358 1802 ἆτε
372 1775 495 1810 κρυφίων
507 1777 634 1809 γνώσεων
647 1777 694 1803 καὶ
707 1777 824 1811 καρδιῶν
837 1776 928 1808 ἐξετα-

134 1821 213 1856 στὴς,
229 1821 311 1855 γνοὺς
323 1821 373 1857 τὴν
390 1821 540 1856 ἐνθύμησιν
558 1821 638 1848 αὑτοῦ
663 1822 865 1857 μετεκαλέσατο
878 1823 928 1849 αὺ-

133 1866 193 1898 τὸν,
213 1866 259 1892 καὶ
275 1865 397 1901 ζητήσας
413 1865 542 1900 νίψασθαι
558 1866 672 1901 ἐπεδόθη
687 1866 761 1901 αὺτῷ
784 1867 867 1901 ῥάκος
880 1875 925 1892 τε-

133 1911 282 1946 τράδιπλον
296 1912 367 1946 μετὰ
378 1911 409 1938 τὸ
420 1911 562 1946 νίψασθαι,
571 1913 599 1938 ὲν
611 1908 633 1946 ᾧ
647 1913 694 1938 καὶ
706 1912 867 1946 ἀπεμάξατο
879 1911 928 1947 τὴν

133 1957 269 1992 ἄχραντον
285 1957 332 1983 καὶ
345 1956 420 1983 θείαν
431 1956 514 1984 αὐτοῦ
525 1957 596 1991 ὄψιν.
613 1958 668 1984 Καὶ
681 1957 704 1984 ὦ
713 1957 760 1984 τοῦ
776 1957 925 1993 θαύματοςί

135 2002 277 2038 παρευθῦς
292 2003 452 2039 ἑνετυπώθη
464 2004 514 2038 τῆς
531 2003 615 2030 αὑτοῦ
637 2004 746 2040 μορφῆς
775 2005 806 2030 τὸ
819 2004 928 2030 ἀπεικὸ-

133 2057 223 2084 νισμα
250 2050 279 2075 ἐν
296 2051 329 2084 τῇ
358 2049 468 2081 σινδόνι,
489 2050 522 2084 ἣν
552 2050 600 2077 καὶ
614 2049 738 2076 ἀπέδωκε
760 2050 799 2084 τῷ
820 2049 930 2085 Ἀνανίᾳ

134 2094 250 2122 εἰπών’(
266 2095 394 2128 Ἀπελθε,
405 2096 453 2122 καὶ
469 2096 568 2127 ἀπέδος
583 2096 668 2131 αὐτὴν
683 2097 723 2132 τῷ
737 2096 929 2123 ἀποστείλαντι

134 2148 195 2167 σε.)
207 2140 373 2176 Ἀντὲγραψε
387 2142 415 2168 δὲ
430 2143 443 2168 ὁ
460 2142 563 2177 Κύριος
578 2142 784 2177 καὶιὲπιστολὴν
802 2142 869 2177 πρὸς
884 2142 929 2168 τὸν

134 2186 276 2222 Αῡγαρον,
288 2187 334 2213 ὲπὶ
349 2187 449 2219 λέξεως
462 2187 579 2222 ἔχουσαν
592 2187 694 2219 οὕτως·
710 2197 720 2213 ‹
737 2187 880 2222 Μακάριος
894 2185 928 2219 εἴ,

979 1602 1065 1625 tante.
1082 1597 1137 1625 Sed
1146 1596 1284 1628 Christus,
1295 1595 1338 1622 cui
1352 1595 1468 1622 Occultre
1481 1593 1573 1621 cordis
1587 1592 1769 1628 cogitationes

978 1644 1126 1678 exploratre
1144 1646 1248 1674 essent,
1264 1641 1404 1676 proposito
1418 1640 1505 1674 ipsius
1522 1639 1661 1666 intellecto
1677 1638 1768 1665 homi-

978 1697 1040 1717 nem
1065 1689 1098 1716 ad
1122 1696 1151 1716 se
1174 1687 1303 1719 vocavit;
1327 1693 1360 1713 ac
1388 1685 1481 1712 lavare
1507 1684 1605 1712 faciem
1629 1690 1768 1718 quaerens,

977 1741 1123 1770 postquam
1140 1733 1284 1764 abluisset,
1299 1732 1326 1759 in
1346 1738 1468 1767 pannum
1487 1729 1696 1764 quadruplicem
1715 1728 1770 1755 sibi

978 1781 1099 1809 oblatum
1120 1780 1220 1807 divina:
1240 1785 1296 1806 suae
1311 1782 1339 1806 et
1360 1776 1542 1805 immaculatae
1558 1775 1639 1803 faciei
1656 1774 1771 1802 simula-

980 1834 1058 1854 crum
1078 1825 1197 1852 maximo
1217 1823 1349 1851 tniraculo
1367 1822 1516 1858 impressit.
1539 1821 1604 1848 Eam
1626 1821 1770 1848 sindonem

979 1871 1092 1899 Ana'nite
1109 1869 1231 1900 tradidit,
1254 1867 1389 1895 mandans
1405 1872 1433 1894 ut
1453 1866 1565 1894 domino
1583 1872 1632 1892 suo
1648 1865 1769 1896 aderret,

980 1925 1012 1945 ac
1029 1924 1083 1944 una
1105 1915 1261 1951 epistolam,
1282 1920 1362 1948 quam
1387 1912 1414 1939 in
1436 1912 1494 1940 haec
1509 1911 1591 1938 verba
1606 1909 1768 1944 rescripsit:

983 1973 992 1989 ι
1009 1962 1108 1990 Beatus
1129 1968 1169 1993 es,
1187 1961 1306 1995 Augare,
1325 1958 1371 1993 qui
1389 1957 1456 1985 mihi
1474 1964 1529 1984 non
1552 1956 1610 1983 viso
1628 1955 1708 1983 Iidem
1724 1954 1772 1982 ba-

980 2008 1074 2035 bnisti.
1099 2006 1144 2034 Sic
1164 2005 1238 2033 enim
1257 2006 1292 2032 de
1309 2011 1352 2032 me
1374 2003 1488 2031 Litteris
1501 2001 1632 2029 traditum
1651 2005 1704 2033 est,
1722 2007 1771 2028 eos

980 2053 1026 2089 qui
1043 2061 1086 2080 me
1101 2051 1222 2085 videant,
1239 2050 1319 2078 ﬁdem
1336 2050 1404 2077 mihi
1424 2057 1478 2076 non
1498 2048 1658 2079 habituros,
1674 2053 1769 2074 verum

980 2106 1028 2126 eos
1043 2097 1124 2133 310
1143 2096 1190 2132 qui
1211 2103 1254 2123 me
1270 2103 1325 2122 non
1342 2094 1495 2126 vidissent,
1512 2093 1591 2121 (idem
1607 2091 1674 2119 mihi
1691 2094 1773 2125 atque

981 2145 1066 2172 vitam
1085 2143 1238 2171 habituros.
1257 2140 1334 2174 Quod
1350 2141 1420 2176 petis
1437 2145 1465 2167 ut
1480 2139 1513 2166 ad
1529 2143 1556 2166 te
1570 2138 1689 2169 veniam,
1706 2137 1773 2164 mihi

981 2191 1072 2218 omnia
1097 2187 1263 2216 absolvenda
1284 2190 1349 2214 sttnt
1367 2194 1398 2213 ea
1423 2193 1539 2221 quorum
1565 2184 1650 2219 gratia
1673 2182 1774 2210 missus

135 2230 260 2266 Λῦγαρε,
276 2232 424 2263 πιστεύσας
441 2233 469 2258 ὲν
485 2233 547 2267 ἐμοὶ
562 2233 600 2268 μὴ
614 2232 743 2268 ἑωρακώς
760 2242 804 2268 με.
823 2233 925 2268 Γέγρα-

979 2244 1051 2268 sum,
1073 2235 1161 2270 iisque
1176 2232 1310 2261 conlectis
1332 2231 1502 2259 redeundum
1526 2229 1559 2256 ad
1586 2229 1708 2258 Patrem.
1726 2226 1773 2261 qui

136 2285 205 2303 πται
214 2276 268 2311 γὰρ
279 2277 343 2312 napi.
359 2277 508 2312 ὲμοῦ,τοὺς
519 2278 678 2314 ἑωρακότας
691 2287 723 2314 με
739 2279 777 2314 μὴ
789 2279 927 2306 πιστεύειν

136 2323 168 2349 ἐν
182 2323 260 2358 ὲμοί·
275 2325 302 2359 ,οἱ
324 2324 353 2351 δὲ
373 2324 411 2360 μὴ
436 2325 591 2360 ἑωρακότες
620 2334 654 2360 με
680 2326 756 2352 αὐτοὶ
768 2325 927 2352 πιστεύουσι

137 2369 187 2396 καὶ
202 2370 338 2404 ζὴσονται.
371 2371 438 2405 Περὶ
452 2370 480 2397 δὲ
504 2367 533 2397 οὗ
552 2370 675 2406 ἔγραψάς
693 2380 738 2406 μοι
752 2372 839 2398 ἐλθεῖν
859 2373 927 2407 πρός

137 2415 181 2446 σε,
199 2414 257 2441 δέον
283 2416 341 2441 ἐστὶ
367 2417 456 2442 πάντα
472 2415 616 2450 πληρῶσαι
635 2425 669 2451 με
681 2416 714 2443 δι’
730 2416 926 2452 ἃὰπεστάλην,

138 2460 188 2485 καὶ
211 2460 280 2494 μετὰ
307 2461 336 2486 τὸ
356 2460 502 2495 πληρῶσαι
531 2461 720 2496 ἀναληφθῆναι
742 2470 776 2496 με
793 2462 861 2497 πρὸς
881 2462 927 2488 τὸν

138 2505 340 2532 ἀποστείλαντά
363 2515 397 2541 με
425 2507 545 2541 Πατέρα.
576 2507 701 2534 Ἐπειδὰν
723 2507 750 2534 δὲ
771 2508 928 2544 ἀναληφθῶ,

140 2550 294 2579 ἀποστείλω
309 2561 350 2578 σοι
365 2552 413 2579 ἕνα
430 2553 484 2580 τῶν
499 2554 628 2588 μαθητῶν
642 2562 704 2588 μου,
723 2553 838 2588 ὀνόματι
859 2554 929 2581 Θαδ-

139 2594 227 2628 δαῖον,
242 2598 316 2628 ὅστις
329 2599 375 2624 καὶ
399 2598 430 2624 τὺ
452 2599 538 2630 πάθος
559 2607 605 2625 σου
619 2599 783 2634 θεραπεύσει
797 2599 843 2625 καὶ
860 2599 930 2634 ζωὴν

139 2643 252 2669 αἱὼιιον
266 2643 313 2669 καὶ
329 2644 441 2678 εἰρήνην
457 2652 498 2670 σοι
515 2645 654 2679 παράσχῃ,
681 2645 727 2671 καὶ
742 2645 774 2679 τῇ
793 2644 868 2670 πόλει
884 2652 930 2670 σου

140 2690 289 2724 γενήσεται
314 2691 343 2716 τὸ
370 2691 462 2716 ἰκανὸν
478 2689 545 2725 πρὸς
561 2690 591 2716 τὸ
615 2690 717 2724 μηδένα
742 2690 796 2715 τῶν
824 2690 930 2725 ἐχθρῶν

141 2736 306 2769 κατιτιίσιι
319 2736 414 2770 chi-5.
431 2746 440 2761 ι
465 2735 585 2766 Ἐπιθεὶς
604 2736 632 2760 ὲν
645 2736 683 2770 τῷ
699 2736 770 2762 τέλει
786 2736 831 2761 καὶ
844 2743 930 2770 σφρα-

140 2784 203 2818 γῖδα
220 2783 379 2817 γράμμασιν
404 2784 559 2818 Ἐῦριῗκιιίς
580 2783 886 2817 ὲνσημανϐεἴσανὲπτὰ,
914 2783 931 2808 ἆ

139 2838 201 2856 τέκε
223 2829 482 2864 μεθερμηνευόμενα
507 2829 593 2856 ταῦτα
607 2828 726 2864 δηλοῦσι,
744 2828 809 2854 Θεοῦ
835 2828 931 2855 θεαθὲν

143 2875 237 2909 θαῦμα
267 2875 347 2903 θετον.
383 2876 412 2902 '0
438 2876 464 2902 δὲ
481 2875 621 2910 τοπάρχης
646 2874 770 2909 Αὒταρος
786 2873 929 2908 δεξάμενος

140 2921 304 2958 π;ριχαρῶς
332 2922 376 2950 τὸν
405 2922 541 2957 Ἀνανίαν,
560 2921 650 2949 πεσὼν
666 2920 852 2956 προσεκύνησε
879 2920 927 2954 τὴν

982 2282 1107 2310 miserat.
1127 2279 1167 2308 Eo
1183 2280 1256 2308 laeto
1271 2279 1377 2306 mittam
1398 2277 1431 2305 ad
1451 2281 1477 2304 te
1496 2283 1580 2304 unum
1596 2280 1718 2302 meorum
1734 2272 1775 2299 di-

983 2327 1162 2362 scipulorum,
1186 2325 1296 2353 nomine
1318 2322 1483 2351 Thaddaauut
1502 2330 1508 2348 :
1534 2321 1558 2348 is
1573 2323 1600 2347 et
1631 2318 1728 2346 morbo
1746 2321 1773 2344 te

983 2373 1070 2401 solvet
1094 2376 1122 2400 et
1145 2371 1229 2398 vitam
1257 2373 1387 2397 aeternam
1413 2373 1563 2403 pacemque
1588 2365 1635 2392 tibi
1660 2367 1687 2390 et
1715 2363 1770 2389 tuis

982 2418 1124 2454 praebebit,
1141 2417 1263 2451 urbsque
1278 2421 1324 2443 tua
1339 2415 1373 2442 ab
1387 2414 1516 2442 omnibus
1537 2411 1662 2439 hostibus
1675 2414 1732 2436 tuta
1746 2412 1774 2436 et

982 2466 1084 2493 invicta
1099 2465 1153 2492 tiet.
1170 2473 1179 2490 ι
1196 2463 1224 2490 ln
1242 2462 1294 2490 ﬁne
1310 2461 1429 2496 sigillum
1444 2459 1538 2495 posuit
1551 2458 1652 2486 litteris
1668 2461 1770 2490 septem

978 2510 1118 2539 Hebraicis
1132 2513 1254 2537 notatum
1267 2516 1273 2538 ;
1288 2515 1403 2542 quarum
1417 2513 1516 2534 sensus
1531 2508 1573 2533 est
1585 2513 1592 2530 :
1603 2503 1649 2530 Dei
1668 2505 1775 2538 specta-

980 2562 1037 2585 tum
1059 2557 1181 2585 divinum
1202 2555 1376 2582 miraculum.
1397 2553 1524 2588 Augarus
1544 2556 1654 2585 recepto
1673 2555 1773 2583 magna

980 2607 1042 2627 cum
1070 2599 1161 2626 laetitia
1178 2598 1320 2626 tabellario
1337 2604 1440 2633 pronus
1456 2595 1587 2626 cancidit,
1601 2595 1776 2628 divinamque

981 2643 1107 2670 adoravit
1134 2643 1279 2677 imaginem
1303 2649 1399 2677 magna
1416 2648 1477 2668 cum
1498 2640 1550 2668 (ide
1569 2645 1596 2667 et
1616 2638 1774 2669 desiderio;

981 2689 1128 2724 statimque
1144 2689 1245 2716 morbis
1259 2689 1317 2716 suis
1331 2688 1460 2716 liberatus
1471 2690 1524 2719 est,
1536 2685 1642 2720 exiguis
1659 2685 1686 2710 in
1702 2683 1772 2711 facie

983 2735 1189 2763 remanentibus
1205 2735 1294 2762 adhuc
1308 2734 1441 2768 reliquiis.
1459 2732 1565 2759 Etenim
1578 2730 1687 2757 duobus
1703 2735 1775 2755 mor-

984 2781 1026 2808 bis
1044 2781 1132 2807 fuerat
1147 2780 1331 2811 conﬂictatus,
1347 2779 1527 2806 articulorum
1542 2776 1650 2804 scilicet
1665 2774 1774 2799 diutur-

983 2826 1026 2853 nis
1045 2826 1184 2854 doloribus
1206 2833 1237 2852 ac
1254 2826 1328 2861 lepra
1345 2826 1433 2860 nigra,
1451 2830 1513 2859 quae
1529 2829 1630 2856 corpus
1646 2819 1706 2853 ejus
1724 2818 1773 2843 dc-

984 2879 1100 2907 pasccus
1127 2872 1196 2900 adeo
1226 2872 1426 2899 deformavcrat
1456 2874 1485 2897 ut
1514 2875 1570 2904 pra:
1602 2865 1705 2901 pudore
1723 2863 1769 2890 Vix

983 2927 1101 2956 unquam
1119 2928 1148 2948 sc
1163 2919 1328 2948 cernendum
1346 2917 1502 2946 hominibus
1519 2914 1662 2950 praeberet.
