2020 3156
91 161 145 193 353

647 165 672 194 Il
680 164 786 194 ΙξὲΤιξηί
794 164 914 194 lARUM
937 165 1010 195 COM
1017 166 1199 201 PENDIUM.

1671 170 1724 204 354

93 221 140 247 ἐπὶ
162 218 275 255 Ῥώμην
292 220 439 256 ἐκπέμψας
452 220 482 247 τὸ
497 221 550 248 πᾶν
573 221 707 248 Ἰουδαίων
722 221 797 253 ἔθνος
821 221 882 248 Ῥω-

939 231 999 250 CIIII
1014 231 1122 251 omnem
1133 224 1264 253 Romanis
1283 225 1492 261 stipendiarium
1509 226 1581 254 fecit.
1593 226 1630 254 Eo
1643 229 1724 256 modo

94 265 189 300 μαίοις
203 266 342 301 ὗπόφορον
356 267 520 301 κατέστησε.
535 267 590 293 Καὶ
604 266 677 294 οὕτω
688 267 795 302 πρῶτος
810 267 886 294 ἀλλό-

93 311 180 345 φυλος
204 312 338 348 Ἡρώδης,
357 313 395 344 ὡς
413 313 492 348 ἔφην,
510 312 541 339 τδ
562 313 687 341 Ἰουδαῖον
701 313 777 345 ἔθνος
797 314 886 349 ἐγχει-

95 358 216 393 ρίζεται.
250 358 318 385 Καθ’
343 359 373 385 ὃν
407 359 503 394 καιρὸν
532 359 655 395 ἐναργῶς
685 360 736 395 τῆς
765 353 885 395 Χριστοῦ

94 404 250 439 παρουσίας
262 404 395 439 ἐνστάσης
410 404 532 437 ἐξέλιπον
548 405 574 430 oi.
588 405 642 431 τῶν
664 406 799 432 Ἰουδαίων
818 406 886 440 ἀρχ-

95 451 181 484 ιερεῖς
197 451 243 476 καὶ
258 450 415 485 ἡγούμενοι.

130 495 275 530 Γεννηθεὶς
297 496 389 522 τοίνυν
408 496 423 522 ὁ
447 496 564 532 Χριστὸς
589 496 642 523 οὐδ’
661 497 741 529 αὐτὸς
767 499 813 525 ἐπὶ
838 499 884 526 τοῦ

92 541 227 576 αίαθηιιοῦ
243 541 338 576 θρόνου
363 541 445 568 Δασὶδ
461 542 599 574 ἐκάθισεν,
615 543 683 569 ἀλλὰ
698 543 793 578 θρόνον
813 545 885 580 λέγει

92 587 180 613 Δασὶδ
190 588 240 622 τὴν
250 587 432 623 ἀκαθαίρετον
449 589 496 614 καὶ
508 587 617 614 αἰώνιον
635 588 784 623 βασιλείαν.
800 591 884 622 Αὐτὸς

93 633 153 668 γάρ
172 635 231 659 ἐστι
247 633 397 668 προσδοκία
415 633 510 666 ἐθνῶν,
535 633 595 668 οὐχὶ
613 634 660 660 τοῦ
677 636 819 670 ἐλαχίστου
838 637 886 671 μὲ-

93 687 161 713 ρους
178 679 229 713 τῆς
253 679 426 714 οἰκουμένης.
452 689 462 705 ι
483 678 655 715 Ἐσταιγὰρ,
678 681 770 716 φησὶν,
790 682 806 716 ἡ
823 681 884 716 ῥίζα

91 725 142 751 τοῦ
173 725 273 752 Ἰεσσαὶ
298 724 345 752 καὶ
362 726 376 751 ὁ
399 725 581 760 ἀνιστάμενος
604 726 698 761 ἄρχειν
720 727 823 753 ὲθνῶνο
841 728 884 754 ἐπ’

91 771 171 806 αὐτῷ
184 771 249 806 ἔθνη
266 771 388 798 ὲλπιοῦσι
401 779 424 797 ⁸)
442 772 515 803 καὶ,«
530 771 646 799 Τέθεικά
661 780 690 798 σε
705 773 744 804 εἰς
754 773 884 809 διαθήκην

90 817 204 849 γένους,
216 817 255 848 είς
269 817 327 851 φῶς
337 816 432 843 ἐθνῶν·
441 825 450 842 ι
470 816 518 843 καὶ
532 825 542 842 ι
557 817 680 852 Θήσομαι
695 819 734 849 είς
742 818 787 845 τὸν
800 819 884 846 αίῶνα

89 861 139 888 τοῦ
153 862 253 894 αῑὼνος
276 863 306 889 τὸ
323 863 435 898 σπέρμα
452 862 549 893 αὑτοῦ,
562 863 609 889 καὶ
622 863 667 889 τὸν
684 863 778 899 θρόνον
799 864 882 891 αὑτοῦ

90 908 128 940 ὡς
144 908 196 940 τὰς
210 908 316 944 ἡμέρας
325 908 372 935 τοῦ
384 907 526 944 οὐρανοῦ.»
540 905 625 941 Οὗτος
639 909 685 935 οὖν
699 911 744 936 καὶ
756 909 883 945 βασιλεὺς

90 955 184 988 πάσης
199 954 250 989 τῆς
262 954 314 989 γῆς
325 954 471 989 διέμεινεν,
488 955 513 980 εί
528 953 575 980 καὶ
593 954 630 989 μὴ
643 954 677 981 τὰ
693 955 821 991 σκῆπτρα
835 957 884 990 τῆς

96 998 231 1030 Ἰουδαίας
255 998 408 1034 παρέλαῦε,
426 999 475 1025 καὶ
499 999 627 1033 βασιλεὺς
654 999 744 1035 πάσης
757 1001 807 1034 τῆς
832 1001 884 1035 γῆς

91 1044 164 1070 ἐστιν
173 1044 187 1070 ὁ
194 1043 270 1075 Θεός.
281 1043 355 1078 Καλὴ
364 1043 502 1079 ἐλευθερία
508 1043 553 1069 τοῦ
561 1043 658 1070 Ἰακὼϐ
668 1044 829 1080 ὲῦεὸαιώθη,
837 1046 883 1072 καὶ

92 1089 312 1124 ἑνευλογήθησαν
320 1090 349 1115 ὲν
358 1089 396 1124 τῷ
410 1089 547 1124 σπέρματι
556 1088 639 1116 αὑτοῦ
652 1090 736 1117 πᾶσαι
751 1091 779 1116 αἱ
801 1090 884 1125 φυλαὶ

90 1135 139 1169 τῆς
158 1136 222 1170 γῆς,
243 1134 291 1161 καὶ
303 1135 391 1161 πάντα
399 1134 432 1160 τὰ
445 1134 508 1169 ἔθνη
518 1134 684 1170 μακαριοῦσι
694 1135 740 1162 τὸν
753 1136 882 1170 Χριστόν.

126 1180 187 1207 Ἱνα
207 1181 236 1207 δὲ
253 1180 420 1216 σαφέστερον
436 1180 549 1215 γένηται
565 1181 622 1213 πῶς
641 1181 657 1216 ἡ
673 1181 797 1218 ῑερατικὴ
813 1183 883 1218 φυλὴ

89 1227 177 1262 ἐμίγη
201 1227 235 1261 τῇ
253 1226 389 1261 βασιλικῇ,
406 1226 517 1261 λέξομεν
537 1226 634 1257 οὕτως.
664 1227 695 1254 '0
711 1227 760 1261 μὲν
784 1228 882 1260 Ἰούδας

88 1272 223 1306 ἐγέννησε
240 1271 285 1297 τὸν
307 1271 406 1305 Φαρὲς,
425 1272 438 1297 ὁ
452 1271 481 1297 δὲ
497 1270 586 1305 Φαρὲς
609 1271 656 1297 τὸν
679 1270 800 1307 Ἑσρὼμ,
827 1274 840 1299 ὁ
854 1273 882 1300 δὲ

95 1317 211 1352 Ἐσρὼμ
234 1317 278 1342 τὸν
300 1316 400 1351 Ἀρὰμ,
427 1316 441 1342 ὁ
466 1315 495 1342 δὲ
517 1316 606 1350 Ἀρὰμ
622 1316 668 1342 τὸν
689 1316 852 1353 ’Δμιναδὰμ,
869 1319 883 1344 ό

89 1362 118 1388 δὲ
141 1361 300 1396 ’Λμιναδὰμ
314 1361 360 1387 τὸν
375 1360 521 1390 Ναασσὼν.
536 1362 550 1387 ὁ
564 1360 593 1387 δὲ
608 1361 743 1387 Ναασσὼν
757 1361 801 1387 τὸν
816 1362 884 1388 Σαλ-

92 1408 163 1442 μὼν,
181 1408 195 1433 ὀ
209 1407 238 1433 δὲ
261 1406 376 1441 Σαλμὼν
395 1407 441 1432 τὸν
467 1406 547 1438 Βόοζ,
574 1406 642 1438 Βόοζ
669 1406 697 1433 δὲ
719 1406 765 1433 τὸν
792 1407 881 1442 neas,

96 1454 180 1489 mea
205 1454 234 1481 δὲ
247 1454 292 1480 τὸν
316 1453 426 1485 Ἰεσσαὶ,
447 1453 500 1480 est
522 1453 622 1479 Ἰεσσαὶ
639 1453 722 1480 Δαὸὶδ
739 1454 785 1480 τὸν
805 1454 882 1488 βασι-

90 1501 152 1527 λέα.
172 1500 250 1527 Ἐπεὶ
262 1497 310 1527 οὖν
332 1501 346 1526 ὁ
362 1499 497 1526 Ναασσὼν
512 1498 569 1530 υίδς
593 1497 628 1534 ἦν
642 1500 689 1526 τοῦ
718 1500 881 1535 ’Λμιναδὰμ,

91 1546 188 1572 τούτου
203 1546 253 1581 τὴν
268 1544 387 1580 ἀδελφὴν
417 1544 560 1571 Ἑλισάόετ
579 1545 699 1579 ἠγάγετο
727 1547 843 1578 γυναῖκα
869 1547 883 1572 ὁ

93 1591 183 1625 μέγας
208 1591 354 1626 ἀρχιερεὺς
387 1590 508 1625 Ἀαρὼν,
536 1590 651 1624 ἀδελφὸς
677 1591 827 1623 Μωῡσέως,
851 1593 882 1619 ἐκ

93 1637 182 1670 φυλῆς
197 1636 329 1671 ὑπάρχων
352 1635 398 1662 τοῦ
413 1636 490 1663 Λευῖ.
508 1636 562 1662 Καὶ
578 1636 668 1671 μέντοι
685 1637 732 1662 καὶ
748 1637 762 1662 ὁ
782 1636 881 1663 θεσπὲ-

93 1690 152 1714 σιος
181 1682 313 1717 ἱεράρχης
343 1681 443 1711 Ἰωδαὲ,
473 1681 559 1716 φυλῆς
589 1681 626 1707 ὣν
654 1682 704 1716 τῆς
724 1682 879 1717 Λευῖτικῆς,

93 1727 216 1762 ἠγάγετο
229 1729 348 1760 γυναῖκα
361 1727 410 1761 τὴν
426 1727 544 1762 ἀδελφὴν
559 1726 692 1762 Ὀχοζίου,
706 1727 791 1761 φυλῆς
799 1725 881 1754 οὖσαν

93 1773 140 1800 τοῦ
165 1773 261 1800 Ἰούδα.
280 1772 434 1800 Κάντεῦθεν
455 1772 549 1799 λοιπὸν
565 1773 615 1807 τῆς
631 1773 772 1807 βασιλικῆς
795 1773 881 1808 φυλῆς

96 1819 282 1854 συμμιγείσης
297 1820 330 1854 τῇ
349 1818 490 1853 Δευῑτικῇ,
505 1818 577 1852 μάλα
585 1826 617 1852 γε
628 1818 741 1849 εἰκότως
753 1818 767 1844 ὁ
779 1818 881 1853 Κύριος

92 1865 125 1891 ἐκ
144 1865 256 1900 Μαρίας
270 1865 319 1898 τῆς
344 1863 481 1898 Παρθένου
507 1863 641 1890 καὶκατὰ
664 1864 753 1899 σάρκα
779 1863 880 1898 μητρὸς

91 1910 178 1937 αὐτοῦ
196 1909 441 1944 γενεαλογούμενος
456 1909 528 1936 οὕτω
541 1909 666 1944 βασιλεὺς
678 1909 723 1935 καὶ
740 1909 830 1944 ῑερεὺς
839 1911 877 1940 είς

896 1566 916 1594 C

939 269 1058 304 primum
1072 269 1171 298 Herodi
1187 272 1345 308 alienigenae
1360 273 1387 299 in
1400 271 1507 300 Iudaeos
1521 281 1632 308 regnum
1647 282 1724 302 eom-

938 314 1053 341 missum
1080 314 1148 348 fuit;
1181 323 1236 350 quo
1274 321 1395 352 tempore
1426 318 1568 352 perspicue
1605 319 1725 347 instante

937 360 1038 388 Christi
1066 361 1194 394 adventu,
1210 362 1367 390 .lndteorutn
1382 368 1407 391 et
1424 365 1566 399 pontiﬁces
1586 370 1613 392 et
1622 365 1724 402 princi-

937 414 985 441 pes
997 407 1148 434 desierunt.

971 494 1057 523 Natus
1080 495 1206 524 Christus
1236 505 1290 524 non
1308 497 1407 525 vis‘ibili
1434 497 1564 527 Davidico
1591 500 1660 527 solio
1677 508 1724 528 rex

936 542 1074 574 consedit,
1092 543 1139 569 sed
1158 542 1256 569 solium
1278 541 1438 570 Davidicum
1467 544 1608 579 Scriptura
1631 546 1724 580 :tppt‘l-

937 589 974 615 lat
986 591 1120 615 aeternum
1137 591 1163 614 et
1185 587 1385 615 indissolubile.
1403 587 1461 622 Ipse
1479 590 1550 615 enim
1580 593 1623 616 est
1643 597 1723 624 quem

935 638 1095 670 exspectant
1105 638 1209 669 gentes,
1221 642 1281 669 qum
1293 641 1345 661 non
1361 640 1425 662 sunt
1447 635 1560 663 minima
1573 643 1635 670 pars
1648 638 1723 664 orbis

936 684 1080 706 terrarum.
1092 689 1101 706 ι
1119 679 1176 707 Erit
1191 681 1277 712 enim,
1290 681 1428 716 ait,stirps
1445 680 1537 713 Jessaa,
1555 687 1582 709 et
1595 682 1617 709 is
1629 683 1674 717 qui
1688 683 1723 710 ad

936 724 1079 759 imperium
1114 727 1140 753 in
1168 732 1261 761 gentes
1285 728 1434 762 gerendum
1461 729 1615 757 exorietur:
1648 729 1723 757 ineo

935 777 1030 806 gentes
1046 781 1120 806 spem
1135 779 1248 808 portent.
1271 773 1352 802 Posui
1366 779 1392 802 te
1406 775 1432 801 in
1461 775 1549 802 fmdus
1579 776 1685 810 generis
1695 779 1723 802 et

935 818 1025 845 lumen
1038 819 1118 854 317
1142 821 1274 853 gentium.
1302 820 1328 847 In
1339 821 1430 847 omnia
1446 821 1540 848 secula
1565 821 1721 856 propagaho

935 862 994 897 ejus
1020 865 1198 899 progeniem;
1213 873 1301 900 neque
1327 869 1390 893 ante
1412 866 1509 893 solium
1534 866 1593 900 ejus
1616 867 1720 902 regium

935 916 1094 937 successore
1105 911 1208 938 carebit
1228 919 1308 946 quam
1338 911 1397 939 dies
1416 913 1486 940 cmio
1505 920 1559 940 non
1573 914 1690 940 oriatur.
1707 923 1716 939 ι

935 955 960 982 Is
975 962 1040 990 ergo
1064 960 1089 982 et
1104 963 1149 982 rex
1180 957 1314 984 universa:
1332 961 1413 984 terra:
1440 959 1601 992 permansit,
1633 967 1722 993 quan-

934 1008 1014 1036 quam
1028 1006 1133 1036 sceptra
1145 1001 1257 1029 Iudaica
1273 1009 1325 1029 non
1333 1004 1480 1038 acceperit;
1493 1009 1520 1031 et
1532 1012 1577 1032 rex
1586 1005 1722 1032 universa:

934 1042 1015 1073 tert’a:
1029 1050 1072 1073 est
1091 1046 1172 1079 Deus,
1193 1055 1225 1074 ac
1249 1048 1361 1076 libertas
1377 1048 1470 1076 Jacobi
1489 1049 1650 1076 confirmata
1668 1054 1721 1079 est.

934 1092 1017 1126 inque
1031 1092 1090 1127 ejus
1102 1093 1206 1120 semine
1217 1101 1312 1121 omnes
1325 1098 1405 1121 terra:
1428 1095 1513 1123 tribus
1535 1096 1619 1122 beatze
1643 1095 1722 1123 factio

934 1141 1008 1169 sunt,
1025 1145 1176 1173 omnesque
1191 1139 1282 1174 populi
1297 1139 1436 1166 Christum
1455 1139 1650 1174 prmdicabunt.

970 1183 1004 1210 Ut
1019 1189 1110 1212 autem
1123 1185 1296 1213 manifestius
1313 1185 1357 1212 (int
1378 1186 1517 1220 quomodo
1541 1187 1721 1214 sacerdotalis

935 1227 1022 1255 tribus
1037 1229 1169 1262 permixta
1183 1229 1267 1256 fuerit
1281 1237 1342 1257 cum
1365 1231 1449 1266 regia,
1467 1231 1576 1258 sicrem
1600 1239 1722 1266 expone-

934 1280 995 1300 mus
1009 1281 1014 1298 :
1028 1272 1112 1301 Judas
1130 1273 1278 1302 Pharezum
1293 1275 1455 1309 procreavit.
1470 1275 1535 1303 inde
1548 1277 1642 1304 ordine
1659 1284 1722 1311 pro-

933 1320 1006 1353 gnati
1017 1324 1080 1346 sunt
1093 1321 1233 1352 Esromns,
1244 1322 1368 1351 Aramus,
1378 1321 1582 1355 Aminadamus.
1597 1322 1721 1351 Naasson

934 1363 1055 1396 Salmon,
1068 1364 1182 1398 Boozus,
1195 1365 1315 1398 Obedus,
1327 1365 1429 1399 Jessas,
1444 1375 1489 1394 rex
1507 1367 1634 1396 Dnvidus.
1647 1368 1722 1402 Quo-

935 1410 1006 1436 niam
1025 1411 1108 1444 igitur
1123 1411 1244 1439 Naasson
1273 1413 1345 1439 illius
1363 1416 1421 1439 erat
1437 1413 1621 1446 Aminadami,
1639 1415 1719 1448 hujus

934 1463 1055 1482 sororem
1098 1456 1262 1485 Elizabetam
1307 1458 1397 1485 Aaron
1427 1458 1548 1493 pontifex
1586 1460 1721 1488 maximus

933 1510 1045 1529 morem
1064 1503 1151 1535 duxit,
1171 1503 1255 1531 frater
1280 1503 1373 1536 Mosis,
1388 1505 1459 1531 tribu
1479 1505 1582 1533 Levita.
1598 1505 1668 1539 Quin
1694 1511 1722 1535 et

933 1547 1042 1576 divinus
1061 1548 1171 1581 Jodaas,
1203 1550 1324 1584 pontifex
1343 1555 1369 1579 et
1395 1552 1452 1587 ipse
1471 1552 1617 1583 maximus.
1647 1554 1722 1580 tribu

934 1593 1038 1624 Levita.
1068 1595 1094 1622 in
1114 1595 1289 1623 matrimonio
1306 1597 1398 1624 habuit
1428 1605 1552 1625 sororem
1582 1597 1720 1629 Ochozir.

933 1639 1052 1666 Judaeam
1068 1641 1150 1668 tribu.
1169 1640 1293 1676 Cumque
1321 1642 1420 1670 exinde
1435 1643 1522 1670 tribus
1541 1644 1615 1678 regia
1638 1644 1721 1671 fuerit

933 1692 996 1712 cum
1011 1686 1172 1714 sacerdotali
1200 1687 1343 1722 permixta.
1363 1689 1508 1716 admodum
1527 1689 1722 1717 conrenientl-r

933 1729 1062 1757 dominus
1084 1738 1115 1757 ex
1133 1731 1217 1759 Maria
1249 1732 1357 1767 Virgine
1375 1740 1407 1760 ac
1432 1739 1519 1761 matre
1541 1735 1634 1762 carnis
1664 1743 1721 1762 sua:

932 1780 1022 1804 natus.
1041 1775 1111 1803 serie
1129 1777 1237 1810 generis
1255 1777 1378 1812 exposita
1405 1782 1443 1805 et‘
1458 1787 1504 1806 rex
1530 1783 1558 1806 et
1583 1781 1715 1809 sacerdos

934 1819 993 1850 Dei,
1012 1823 1040 1846 ut
1057 1820 1158 1846 dictum
1170 1824 1222 1852 est,
1251 1820 1474 1855 deprehenditur.
1505 1822 1599 1856 Itaque
1629 1825 1719 1848 mani-

934 1863 1003 1892 festo
1021 1865 1184 1899 praedicatur
1199 1872 1245 1892 rex
1258 1866 1449 1899 sempiternus,
1464 1867 1590 1901 idemque
1601 1873 1720 1895 aeternus

934 1910 1055 1944 pontifex
1072 1910 1222 1938 secundum
1239 1910 1428 1938 Melchisedeci
1443 1912 1577 1940 ordinem.

91 1957 127 1984 τὰ
138 1957 206 1991 πρὸς
224 1956 300 1989 Θεὸν,
320 1955 357 1987 ὡς
374 1955 453 1990 ἔφην,
473 1955 626 1989 ἀνθρώποις
642 1953 684 1989 [Ρ.
699 1953 760 1988 181]
783 1953 981 1986 ἀναδέδεικται,
997 1956 1044 1981 καὶ
1076 1955 1219 1991 προδήλως
1256 1956 1423 1991 κηρύττεται
1456 1956 1583 1992 βασιλεὺς
1611 1957 1720 1991 αἰώνιος

92 2004 141 2031 καὶ
158 2003 248 2037 ἱερεὺς
262 2003 301 2034 εἰς
316 2002 361 2028 τὸν
374 2001 460 2028 αἰῶνα
472 2002 542 2029 κατὰ
553 2001 602 2036 τὴν
615 2001 691 2032 τάξιν
702 2000 880 2034 Μελχισεδέκ.

135 2049 278 2076 Ἐντεῦθεν
290 2049 378 2074 τοίνυν
394 2049 506 2083 ἄρχεται
523 2047 540 2082 ή
558 2047 675 2081 τετάρτη
698 2045 830 2080 βασιλεία,
846 2046 880 2081 ἢν

968 2044 1051 2080 318
1064 2042 1152 2078 Atque
1173 2043 1225 2070 hoc
1241 2046 1282 2072 est
1293 2043 1401 2071 initium
1419 2044 1509 2079 quarti
1532 2045 1618 2079 regni,
1645 2046 1719 2080 quod

92 2097 107 2123 ό
125 2094 224 2130 Δανιὴλ
237 2095 265 2120 ὲν
276 2095 309 2129 τῇ
320 2093 373 2120 τῶν
385 2093 526 2127 τεσσάρων
540 2091 643 2127 θηρίων
654 2091 772 2125 ὀπτασίᾳ
781 2090 880 2125 τέταρ-

935 2091 1074 2123 Danielus,
1090 2098 1151 2117 cum
1166 2090 1190 2117 ei
1202 2095 1319 2125 quatuor
1332 2090 1460 2117 animalia
1473 2096 1647 2126 apparerent,
1665 2093 1718 2120 sibi

92 2150 140 2169 τον
157 2140 252 2176 θηρίον
269 2139 397 2174 διαφέρον
416 2138 470 2165 τῶν
488 2138 575 2164 ἄλλων
589 2137 728 2172 τροπικῶς
740 2136 878 2169 ὀνομάζει,

93 2189 138 2223 ἐφ’
156 2185 186 2214 οὗ
209 2187 255 2213 καὶ
270 2187 284 2212 ό
301 2185 356 2212 τῶν
379 2184 494 2220 πρώτων
518 2184 660 2218 τεσσάρων
677 2182 816 2217 στοιχείων
831 2182 879 2217 δη-

96 2217 230 2270 μιουργὸς
245 2233 293 2258 καὶ
308 2232 353 2257 τὸν
367 2217 572 2265 τετραπέρατον
586 2217 689 2264 κόσμον
706 2228 838 2264 συνδήσας
850 2229 879 2255 ἐν
894 2217 917 2246 θ

91 2280 200 2311 τούτοις
221 2278 325 2312 Ἰησοῦς
335 2277 452 2312 Χριστὸς
463 2275 608 2311 ὲσαρκώθη
623 2275 668 2301 διὰ
681 2275 731 2310 τὴν
743 2275 881 2310 ἡμετέραν

95 2325 246 2360 σωτηρίαν.
258 2324 340 2350 Ὅθεν
354 2323 467 2353 εἰκότως
488 2322 572 2357 μέγας
586 2319 712 2356 βασιλεὺς
722 2321 770 2347 καὶ
785 2321 880 2355 ἐπίση-

95 2381 148 2408 μος
159 2373 229 2407 ὑπὲρ
244 2371 348 2401 πάντας
362 2370 375 2395 ὁ
387 2369 540 2402 Αὔγουστος
551 2368 600 2394 καὶ
610 2368 722 2399 δυνατὸς
737 2367 881 2402 γενόμενος

93 2417 214 2449 ὑπέταξε
239 2416 289 2448 τὰς
306 2415 420 2451 μερικὰς
442 2413 579 2449 βασιλείας
604 2413 704 2445 πάσας,
721 2413 766 2439 διὰ
787 2413 834 2439 τὺν
852 2413 881 2439 ὲν

92 2466 155 2496 ταῖς
169 2463 288 2499 ἡμέραις
300 2461 384 2489 αὑτοῦ
400 2460 518 2488 Βασιλέα
537 2459 584 2486 τοῦ
601 2459 701 2490 παντὸς
715 2458 881 2493 καὶ-Κύριον

91 2509 235 2545 τεχθέντα,
250 2507 321 2535 κατὰ
330 2507 380 2542 τὴν
397 2506 508 2534 Ἡσαΐου
524 2505 695 2541 προφητείαν
705 2512 712 2520 ·
729 2504 797 2539 φησὶ
809 2503 878 2539 γάρ’

96 2564 108 2580 σ
125 2554 181 2581 Καὶ
200 2553 277 2580 ἔσται
294 2553 324 2580 ὲν
337 2552 399 2583 ταῖς
414 2550 542 2586 ἐσχάταις
563 2550 683 2585 ἡμέραις
705 2548 824 2584 ἐμφανὲς
850 2549 881 2574 τὺ

91 2599 157 2634 ὅρος
174 2598 287 2634 Κυρίου,
305 2597 354 2625 καὶ
369 2597 384 2624 ὸ
400 2594 474 2628 οἶκος
490 2595 539 2622 τοῦ
553 2594 622 2623 Θεοῦ
650 2594 694 2622 ἔπ’
712 2594 806 2629 ἄκρων
825 2593 881 2620 τῶν

92 2645 191 2680 ὁρέων.
208 2644 264 2671 Καὶ
282 2642 457 2678 ὑψωθήσεται
473 2641 602 2677 ὑπεράνω
624 2639 679 2667 τῶν
704 2638 816 2673 βουνῶν,
833 2638 880 2665 καὶ

90 2691 205 2727 ἥξουσιν
218 2690 262 2717 ἐπ’
274 2690 355 2717 αὑτὸν
373 2691 461 2716 πάντα
477 2689 512 2715 τὰ
528 2688 603 2724 ἔθνη,
629 2687 677 2714 καὶ
699 2685 879 2721 πορεύσονται

91 2737 153 2764 λαοὶ
168 2737 270 2769 πολλοὶ,
281 2736 330 2763 καὶ
340 2735 442 2772 ἐροῦσι·
457 2734 551 2766 Δεῦτε,
561 2733 707 2768 ἀναὸὦμεν
722 2733 761 2763 είς
773 2731 803 2757 τὸ
817 2731 880 2766 ὅρος

91 2782 196 2818 Κυρίου
222 2782 270 2810 καὶ
285 2783 325 2813 είς
344 2782 390 2809 τὸν
419 2778 494 2808 οἷκον
518 2780 566 2807 τοῦ
591 2779 658 2806 Θεοῦ
687 2777 793 2805 Ἰακώϐ.
821 2777 878 2804 Καὶ

90 2829 239 2863 ἀναγγελεῖ
252 2829 319 2863 ἡμῖν
332 2829 382 2863 τὴν
400 2828 459 2855 ὁδδν
476 2826 571 2858 αὑτοῦ,
585 2826 632 2853 καὶ
648 2823 838 2860 πορευσόμεθα
851 2824 879 2849 ὲν

91 2876 171 2910 αὐτῇ.
200 2874 250 2901 Ἐκ
265 2875 319 2908 γὰρ
335 2873 404 2901 Σιὼν
426 2873 595 2906 ἐξελεύσεται
611 2871 704 2907 νόμος,
730 2870 776 2897 καὶ
801 2869 879 2903 λόγος

124 2922 147 2938 ⁸⁸
167 2922 222 2950 lsa.
239 2928 270 2954 ιι,
288 2920 347 2948 1-ιιί.

933 2137 1060 2164 animalis
1084 2136 1174 2171 specie
1190 2143 1205 2163 a
1229 2136 1343 2172 reliquis
1371 2136 1513 2164 diﬂ‘erente
1539 2143 1719 2172 repraesenta-

935 2190 990 2210 tum
1008 2184 1057 2214 ait,
1070 2190 1124 2217 quo
1142 2182 1285 2209 veheretur
1302 2182 1451 2216 primorum
1466 2186 1583 2217 quatuor
1600 2183 1720 2210 elemen-

933 2234 1021 2256 torqu
1041 2227 1142 2262 opifex,
1163 2227 1208 2262 qui
1233 2227 1461 2262 quatripatentem
1489 2227 1620 2255 tnundum
1651 2236 1716 2256 ron-

932 2275 1069 2307 cinnavit;
1086 2281 1140 2309 quo
1160 2280 1244 2308 regno
1258 2273 1365 2300 scilicet
1391 2277 1492 2300 nostrae
1522 2274 1619 2301 salutis
1634 2281 1718 2301 causa

931 2320 1011 2348 Jesus
1026 2320 1152 2347 Christus
1165 2320 1244 2346 homo
1257 2324 1337 2346 natus
1351 2323 1404 2346 est.
1429 2319 1519 2352 Quare
1535 2320 1632 2346 merito
1659 2327 1719 2346 om-

931 2366 1013 2393 nibus
1024 2365 1134 2400 regibus
1155 2365 1242 2398 major
1268 2364 1456 2399 illustriorque
1483 2363 1536 2391 fuit
1567 2364 1718 2398 Augustus,

931 2411 1079 2445 omniaque
1091 2410 1268 2445 particularia
1283 2417 1366 2445 regna
1390 2417 1440 2437 suo
1457 2409 1571 2444 imperio
1588 2409 1719 2444 subjecit,

932 2460 1044 2492 propter
1058 2463 1119 2483 eum
1132 2456 1178 2490 qui
1194 2455 1282 2490 ipsius
1309 2459 1388 2482 aetate
1407 2455 1483 2482 nasci
1511 2454 1606 2482 debuit
1627 2462 1672 2481 rex
1692 2459 1718 2482 ct

932 2502 1063 2530 Dominus
1074 2501 1205 2533 universi,
1230 2508 1290 2535 quae
1303 2500 1388 2528 Isaias
1411 2500 1454 2527 his
1469 2499 1560 2527 verbis
1585 2500 1718 2534 pradixe-

931 2551 973 2574 rat
994 2546 1018 2564 ⁸³
1041 2541 1084 2573 ε]
1109 2545 1217 2573 Ultimis
1248 2553 1329 2579 porro
1361 2544 1529 2580 temporibus
1556 2551 1636 2572 mons
1666 2544 1718 2571 Do-

931 2593 1000 2622 mini
1008 2593 1061 2621 erit
1071 2591 1195 2624 illustris,
1207 2592 1335 2626 aedesque
1346 2590 1393 2618 Dei
1406 2591 1434 2617 in
1444 2596 1552 2618 summo
1564 2591 1697 2617 montium
1709 2599 1717 2618 :

932 2638 1099 2666 exaltabitur
1113 2644 1194 2672 supra
1209 2635 1303 2669 colles,
1317 2640 1344 2663 ct
1359 2636 1392 2662 ad
1419 2642 1480 2662 eam
1504 2635 1717 2669 proficiscentur

931 2691 1026 2711 omnes
1040 2682 1174 2709 nationes.
1194 2680 1324 2715 Multique
1343 2680 1433 2715 populi
1447 2680 1538 2712 ibunt,
1551 2686 1583 2706 ac
1604 2679 1713 2706 dicent:

931 2729 1053 2764 Agedum
1064 2727 1281 2756 conscendamus
1293 2731 1410 2754 montem
1428 2725 1532 2753 Domini
1546 2729 1573 2752 et
1588 2725 1718 2752 adeamus

933 2775 1019 2802 eadem
1035 2773 1082 2801 Dei
1107 2772 1237 2800 Jacobei:
1253 2773 1277 2799 is
1297 2772 1378 2799 nobis
1401 2771 1472 2799 viam
1491 2778 1567 2799 suam
1584 2774 1719 2797 monstra-

932 2820 982 2852 bit,
1003 2819 1086 2854 inque
1103 2826 1134 2846 ca
1151 2825 1200 2845 nos
1216 2818 1428 2845 ambulabimus.
1443 2817 1510 2844 Nam
1525 2816 1558 2844 de
1577 2815 1660 2843 Sione
1674 2815 1716 2841 lex

931 2866 1098 2902 egredietur,
1115 2873 1141 2894 et
1160 2873 1249 2893 sermo
1274 2866 1376 2893 domini
1393 2864 1587 2900 Hierosolymis
1611 2861 1716 2896 exibit;
