2020 3156
152 144 215 176 τεο

716 147 740 177 Π
748 147 987 178 ΙΞῚὈΠΙΑΒΗΜ
1003 150 1193 181 COMPENDI
1199 151 1265 182 ΗΜ.

1741 158 1794 190 320

159 202 192 228 δὲ
209 201 301 236 πάσης
318 201 442 234 ἐναντίας
469 201 548 237 δόξης
567 202 614 229 καὶ
638 202 779 238 λατρείας,
806 203 852 229 καὶ
869 203 946 238 ταύτῃ

1013 211 1068 231 ora:
1087 204 1166 233 istius
1198 205 1331 234 doctrina:
1359 213 1391 234 ac
1418 207 1615 236 venerabilium
1641 211 1793 240 studiorum

166 248 239 283 μόνῃ
257 248 438 283 προσανέχειν
452 249 485 283 τῇ
502 247 562 283 θείᾳ
583 248 681 284 μέχρις
696 249 810 283 αἵματος
822 248 956 284 θρησκείᾳ

165 293 216 320 καὶ
237 293 416 321 καταστάσει.
446 293 492 320 Ἐκ
515 293 567 328 τῆς
584 294 686 328 πολλῆς
701 293 729 320 δὲ
752 294 894 329 ἀσκήσεως
910 295 956 321 καὶ

165 339 353 374 καθαρότητος
368 339 460 366 πολλοὶ
472 339 520 366 καὶ
533 339 567 366 τὰ
581 340 710 374 μέλλοντα
721 341 956 374 προγινώσκουσιν

166 387 201 412 hc
226 385 302 417 θείας
323 385 468 416 ἐπιπνοίας
481 385 528 412 καὶ
549 386 670 420 χάριτος,
686 386 893 422 ἀκαταπαύστῳ
910 396 957 422 με-

164 429 232 465 λέτῃ
248 430 395 466 προφητῶν
419 430 467 456 καὶ
479 429 580 457 λοιπῶν
598 431 678 466 ἱερῶν
695 431 792 465 λογίων
808 431 855 458 καὶ
871 440 957 467 προσ-

165 476 233 511 ευχῇ
249 475 551 511 ἐμπαιδοτριϐούμενοι.

1008 257 1088 276 secus
1117 250 1278 278 traditurum
1305 259 1385 287 quam
1411 252 1464 288 ipsi
1494 254 1660 289 acceperint,
1685 264 1794 285 omnem

1009 295 1146 322 diversam
1163 297 1321 332 opinionem
1337 305 1369 325 ac
1386 299 1544 334 religionem
1561 301 1704 334 vitaturos,
1729 303 1794 331 huic

1009 340 1108 368 divina:
1124 342 1248 377 religioni
1264 343 1344 370 unice
1371 353 1458 380 usque
1475 345 1508 372 ad
1532 347 1691 380 sanguinem
1706 356 1734 375 se
1750 349 1794 383 pie

1012 393 1044 412 ac
1075 390 1234 414 reverenter
1263 396 1373 422 operam
1399 394 1555 417 navaturos.
1579 391 1791 426 Consequuntur

1012 433 1063 459 hoc
1080 433 1156 459 tnulti
1178 432 1300 468 ipsorum
1329 440 1461 469 perpetua
1486 438 1682 464 exercitatione
1712 441 1793 472 atque

1011 478 1131 511 puritate
1149 483 1177 505 ut
1194 478 1288 505 divino
1305 484 1372 506 nutu
1398 484 1478 512 atque
1495 481 1580 515 gratia
1604 483 1686 508 etiam
1704 482 1792 508 futura

167 523 345 556 przevideant,
360 522 424 550 dum
441 522 494 557 iugi
513 522 590 557 351
606 523 697 550 studio
721 529 814 551 vatum
840 524 950 551 oracula
970 527 996 551 et
1009 524 1144 558 reliquum
1162 532 1301 552 sacrarum
1319 525 1483 553 Litterarutu
1517 528 1667 555 lectitantes
1701 531 1792 564 preci-

167 570 272 604 busque
288 570 475 598 incumbentes
493 570 530 597 ita
552 571 726 598 erudiuntur.

201 614 310 649 Ταύτην
325 615 366 649 (Ρ.
383 615 446 650 900)
464 612 511 641 οὖν
534 616 548 641 6
569 616 699 651 Ἰώσηπος
715 617 807 652 ἄκρως
824 617 949 651 ἀσκήσας

164 661 215 695 τὴν
236 659 394 693 φιλοσοφίαν
420 659 465 685 ἐπὶ
494 660 598 695 μείζονι
627 661 789 694 προκόπτειν
809 661 950 689 ἔσπευσεν.

173 706 306 736 ’Δκοὺσας
322 705 376 740 γάρ
390 714 450 731 τινα
471 705 653 741 διαφερόντως
668 707 803 734 ἀσκοῦνται
820 707 887 734 κατὰ
902 708 952 743 τὴν

166 751 270 786 ἔρημον
292 750 392 778 Ἀϐϐᾶν
406 751 619 786 ὀνομαζόμενον,
644 753 736 787 ἐσθῆτι
760 753 809 787 μὲν
827 754 880 780 ἀπὸ
893 754 952 779 δέν-

165 797 236 832 δρων
259 796 475 832 καλυπτόμενον,
495 799 582 834 τροφῇ
597 798 625 824 δὲ
646 799 807 833 αὐτομάτως
827 800 948 835 φυομένῃ

165 842 318 877 χρώμενον,
340 844 386 870 καὶ
411 843 460 879 τὴν
475 844 563 879 ἄκραν
590 844 705 879 ἄσκησιν
722 845 804 872 αὑτοῦ
825 845 950 880 ζηλώσας

163 889 234 923 πρὸς
258 889 339 916 αὐτὸν
358 890 482 924 ἀφίκετο,
506 890 552 916 καὶ
568 892 644 925 τρεῖς
660 891 724 926 παρ’
747 892 822 926 αὐτῷ
835 893 950 926 ποιήσας

164 935 304 966 ἐνιαυτοὺς
322 936 361 967 είς
374 935 422 970 τὴν
442 935 519 962 πόλιν
536 937 689 972 ὑπέστρεψε
702 938 749 964 καὶ
761 939 794 974 τῇ
817 938 872 964 τῶν
898 939 951 964 Φα-

159 980 280 1014 ρισαίων
300 981 471 1007 ἐπολιτεύετο
486 981 653 1018 δικαιοσύνῃ.

209 1021 236 1051 ὐ
252 1025 280 1051 δέ
295 1034 325 1058 γε
340 1026 438 1057 Φίλων,
459 1026 496 1058 ὡς
508 1027 627 1062 εἴρηται,
646 1028 709 1063 περὶ
723 1029 775 1054 τῶν
791 1029 821 1061 ἐξ
840 1029 950 1064 Ἐὖραῗ-

160 1080 202 1097 ων
242 1071 385 1107 ἡμετέρων
418 1073 544 1108 ἀσκητῶν
580 1074 774 1107 ἁναφανέντων
812 1075 949 1110 μέμνηται

160 1117 259 1151 σαφῶς
274 1118 302 1143 ἐν
319 1116 357 1152 τῷ
372 1117 444 1151 λόγῳ
457 1120 485 1144 ἐν
505 1116 526 1152 ᾧ
542 1119 681 1154 ἐπέγραψε
700 1121 764 1153 περὶ
781 1120 948 1156 Θεωρητικοῦ

162 1162 235 1196 βίου,
261 1161 308 1194 οὓς
334 1162 509 1197 Θερεπευτὰς
534 1164 580 1191 καὶ
606 1165 656 1196 τὰς
673 1165 873 1201 ὁμοιοσχήμους
900 1169 947 1194 καὶ

160 1208 333 1242 ὁμοτρόπους
359 1211 488 1243 γυναῖκας
515 1210 718 1244 Θεραπεύτιδας
736 1211 871 1246 ὠνόμασε.
895 1214 949 1240 Καὶ

161 1254 332 1288 θεραπευταὶ
351 1254 413 1289 μὲνι,
433 1254 526 1290 φησὶν,
548 1255 724 1291 ἐκέκληντοῆ
749 1257 823 1291 παρᾶ
844 1257 875 1284 τδ
901 1259 950 1290 τᾶς

158 1300 252 1335 ψυχὰς
271 1300 326 1326 τῶν
348 1301 515 1335 προσιόντων
535 1300 624 1333 αὐτοῖς
651 1301 704 1327 ἀπὸ
731 1302 831 1333 κακίας
855 1303 949 1330 παθῶν

161 1345 266 1380 ἰατρῶν
281 1345 358 1380 δίκην
370 1346 590 1379 ἀπαλλάττοντας
604 1346 777 1383 θεραπεύειν,
795 1348 811 1383 ἢ
825 1347 874 1383 τῆς
885 1348 949 1382 περὶ

157 1392 191 1418 τδ
207 1392 279 1418 θεῖον
308 1392 430 1428 καθαρᾶς
451 1393 498 1419 καὶ
528 1393 691 1428 εἰλικρινοῦς
721 1394 868 1429 θεραπείας
903 1395 949 1421 καὶ

159 1437 311 1472 θρησκείας
340 1438 430 1466 ἕνεκα.
458 1436 524 1465 Εἶτά
543 1446 628 1474 φηςιν
650 1439 747 1475 πρῶτα
764 1440 813 1475 μὲν
833 1441 948 1475 ἀρχόμε-

1040 615 1067 642 ln
1082 615 1133 641 hoc
1153 614 1245 642 studio
1262 622 1325 642 cum
1351 614 1487 650 Josepbus
1511 617 1543 644 ad
1569 625 1702 645 summam
1729 628 1792 654 per-

1004 661 1148 689 fectionem
1170 668 1316 697 provectus
1338 662 1455 697 ntajores
1485 663 1577 690 adhuc
1607 664 1697 691 facere
1722 673 1788 700 pro-

1003 716 1115 743 gressus
1144 712 1266 742 cuperet,
1290 708 1384 735 audito
1413 708 1557 743 quemdam
1585 709 1611 736 in
1641 710 1791 739 solitudine

1003 754 1085 780 vitam
1103 753 1328 789 degere,Abbam
1352 754 1472 784 nomine.
1497 754 1542 780 cui
1569 755 1619 781 sub
1644 755 1790 784 arboribus

1003 799 1125 831 latibula,
1142 801 1235 831 vestis,
1253 799 1332 826 cibus
1348 807 1430 833 quem
1459 802 1532 826 terra
1559 800 1631 826 ultro
1650 800 1789 833 educeret,

1001 844 1100 871 ductus
1114 844 1288 871 aemulatione
1314 845 1374 879 ejus
1401 849 1455 870 tam
1488 845 1622 872 absolutae
1650 847 1788 873 ext-reita-

1002 889 1087 916 tionis
1116 890 1148 915 ad
1175 889 1263 923 ipsum
1287 897 1315 916 se
1342 890 1469 920 contulit.
1496 890 1697 925 tricliniumque
1726 899 1787 918 cum

1001 934 1112 961 homine
1127 939 1253 961 versatus
1264 935 1290 961 in
1307 935 1402 962 urbem
1419 935 1507 967 rediit,
1525 936 1785 972 Pharismorumque

997 980 1102 1014 justam
1120 980 1201 1006 vitam
1218 980 1314 1008 coluit.

1033 1026 1169 1053 Castorum
1202 1025 1281 1054 Philo
1314 1026 1348 1053 de
1376 1026 1517 1054 Hebraicis
1554 1028 1655 1055 nostris
1687 1030 1786 1056 asectis

1000 1073 1171 1106 perspicuam
1188 1072 1253 1099 facit
1277 1072 1442 1100 mentionem
1460 1073 1486 1099 iu
1505 1073 1574 1100 libro
1591 1082 1670 1108 quem
1683 1075 1717 1101 de
1729 1076 1784 1102 vita

1001 1117 1230 1152 contemplationi
1257 1118 1349 1145 dedita
1365 1118 1515 1153 inscripsit.
1534 1118 1622 1145 Mares
1637 1119 1784 1154 tbcrapeu»

999 1167 1051 1193 tas.
1074 1162 1191 1190 feminas
1223 1163 1319 1190 habitu
1342 1168 1368 1190 et
1397 1164 1520 1191 moribus
1548 1168 1655 1192 utentes
1688 1165 1785 1192 iisdem

998 1208 1205 1242 therapeutidas
1237 1208 1379 1242 nominat;
1416 1209 1497 1243 idque
1523 1210 1644 1237 notninis
1673 1211 1713 1237 eis
1746 1212 1785 1237 ait

999 1253 1115 1280 inditum
1142 1253 1184 1281 vel
1208 1254 1281 1288 quod
1300 1254 1405 1281 animas
1432 1262 1526 1281 eorum
1549 1255 1595 1290 qui
1622 1263 1651 1283 se
1682 1256 1714 1282 ad
1743 1256 1785 1290 ip-

999 1306 1046 1325 sos
1058 1298 1216 1331 conterunt,
1241 1306 1256 1325 a
1272 1299 1348 1326 vitiis
1374 1299 1543 1326 medicorum
1571 1301 1658 1328 instar
1675 1307 1783 1334 sanant,

999 1346 1071 1378 quod
1099 1344 1192 1372 Graece
1207 1349 1249 1373 est
1267 1346 1460 1380 therapeuein;
1477 1347 1519 1374 vel
1544 1347 1614 1381 quod
1633 1347 1689 1375 Deo
1717 1357 1786 1384 pure

999 1393 1083 1424 atquo
1099 1389 1213 1417 sincere
1227 1390 1342 1417 colendo
1354 1390 1477 1417 serviunt
1494 1399 1502 1417 :
1519 1398 1581 1417 nam
1591 1392 1784 1420 serviret-tiam

1000 1442 1047 1461 seu
1077 1434 1207 1462 famulum
1223 1442 1284 1462 esse
1303 1434 1428 1462 Graecum
1453 1436 1615 1464 vocabulum
1637 1437 1784 1472 signiﬁcat.

158 1490 202 1508 νοι
229 1482 386 1517 φιλοσοφεῖν
414 1482 569 1516 ἐξίστανται
596 1484 651 1510 τῶν
680 1484 874 1519 προσηκόντων
896 1484 944 1511 καὶ

999 1480 1080 1507 Addit
1101 1481 1197 1508 deinde
1212 1480 1311 1508 Philo:
1335 1480 1367 1507 lli
1380 1488 1446 1516 ergo
1471 1489 1532 1508 cum
1553 1483 1670 1517 primum
1691 1492 1720 1511 se
1750 1485 1784 1510 a-l

158 1527 216 1553 τῶν
243 1528 432 1563 ὑπαρχόντων
456 1527 550 1555 ἔπειτα
573 1528 601 1555 δὲ
627 1529 725 1561 πάσαις
746 1530 948 1565 ἀποταξάμενοι

159 1575 222 1606 ταῖς
239 1574 286 1600 τοῦ
304 1574 362 1609 βίου
380 1574 502 1610 φροντίσι
515 1574 561 1601 καὶ
581 1574 634 1607 ἔξω
647 1575 745 1610 τειχῶν
772 1576 949 1611 προελθόντες

159 1621 191 1646 ὲν
215 1620 362 1656 μονάγροις
387 1620 434 1647 καὶ
451 1621 548 1655 κήποις
573 1619 621 1647 καὶ
637 1620 712 1655 δρεσι
736 1621 785 1652 τὰς
808 1621 948 1656 διατριϐὰς

159 1666 312 1697 ποιοῦνται,
329 1666 378 1697 τὰς
401 1666 433 1692 ὲκ
450 1665 504 1692 τῶν
521 1665 643 1701 ἀνομιῶν
667 1666 808 1702 ἐπιμιξίας
825 1667 948 1693 ἀλυσιτε-

158 1713 216 1743 λεῖς
228 1720 257 1737 τε
269 1712 316 1738 καὶ
329 1710 463 1749 βλαϐερὰς
478 1710 588 1743 εἰδότες,
602 1712 647 1738 τον
660 1713 827 1747 προφητικὸν
838 1713 947 1748 ζηλοῦσι

158 1759 206 1785 καὶ
233 1757 348 1784 ἀσκοῦσι
376 1757 444 1792 βίον.
471 1756 549 1784 Οὕτω
565 1757 699 1792 πολλαχοῦ
725 1759 774 1793 μὲν
792 1759 841 1794 τῆς
857 1761 947 1786 οἰκου-

160 1805 246 1839 μένης
264 1804 322 1830 ἐστὶ
340 1803 371 1830 τὸ
388 1803 465 1838 γένος
483 1803 547 1839 (ἔδει
562 1804 616 1838 γὰρ
631 1804 732 1837 ἀγαθοῦ
744 1805 846 1832 τελείου
864 1815 945 1841 μετα-

160 1851 236 1885 σχεῖν
263 1850 311 1875 καὶ
342 1849 390 1884 τὴν
427 1849 540 1876 Ἑλλάδι)⁴
568 1850 615 1875 καὶ
643 1850 692 1884 τὴν
719 1850 891 1886 Βάρὸαρον),
917 1853 946 1878 ὲν

158 1896 290 1930 Αἰγύπτῳ
319 1895 347 1921 δὲ
375 1893 537 1927 πλεονάζει,
569 1895 616 1921 καὶ
651 1894 768 1930 μάλιστα
805 1897 869 1930 περὶ
897 1896 946 1930 τὴν

164 1942 382 1976 ἰἰλεξᾶιαδρειαν.
412 1942 467 1968 Καὶ
493 1943 522 1968 ὲν
546 1941 648 1976 ἑκάστῃ
677 1941 816 1976 συμμορίᾳ
843 1940 946 1976 οἴκημά

159 1989 234 2015 ἐστιν
262 1988 350 2022 ἱερὸν,
371 1987 385 2014 ὃ
403 1987 516 2015 καλοῦσι
542 1988 665 2022 σεμνεῖον
685 1987 731 2013 καὶ
754 1987 944 2022 μοναστήριον,

159 2036 188 2060 ἐν
208 2030 231 2068 ᾧ
261 2033 422 2069 μονούμενοι
451 2034 486 2060 τὰ
516 2033 562 2060 τοῦ
595 2033 693 2068 σεμνοῦ
722 2032 779 2068 βίου
808 2034 945 2068 μυστήρια

158 2079 311 2111 τελοῦνται,
329 2079 423 2114 μηδεὶς
439 2079 522 2114 μηδὲν
539 2079 699 2114 κομίζοντες
710 2098 718 2111 ,
737 2079 773 2113 μὴ
789 2079 881 2111 ποτὸν,
907 2079 944 2115 μὴ

161 2127 244 2160 σῖτον,
261 2125 329 2160 μηδέ
342 2134 367 2151 τι
382 2126 437 2152 τῶν
452 2124 538 2151 ἄλλων
550 2124 601 2151 ὅσα
615 2124 682 2160 πρὸς
696 2124 745 2159 τὴν
757 2125 803 2151 τοῦ
820 2124 944 2159 σώματος

999 1526 1141 1561 sapientiae
1160 1527 1282 1553 studitun
1310 1527 1460 1562 applicant.
1474 1528 1545 1555 bona
1564 1536 1613 1555 sua
1628 1534 1710 1564 atque
1722 1538 1786 1564 pos-

998 1573 1137 1600 sessiones
1153 1572 1310 1607 resignant;
1336 1573 1434 1600 deinde
1465 1573 1593 1601 omnibus
1625 1575 1688 1601 vitae
1709 1576 1784 1602 curis

997 1619 1087 1645 valere
1117 1618 1204 1653 jussis
1230 1619 1314 1646 urbes
1346 1620 1461 1655 egressi,
1491 1620 1520 1647 in
1551 1621 1682 1648 solitariis
1711 1622 1783 1648 villis

998 1664 1087 1691 hortis
1113 1668 1161 1691 aut
1177 1664 1320 1692 montibus
1334 1665 1416 1692 vitam
1436 1665 1551 1701 degunt.
1584 1667 1690 1701 Quippe
1716 1676 1783 1693 cott-

997 1709 1170 1736 suetudinetn
1188 1717 1352 1744 peccantum
1367 1711 1530 1739 damnosam
1557 1712 1675 1740 scientes
1693 1716 1782 1739 vatum

997 1754 1150 1789 priscorum
1164 1756 1329 1783 aemulantur
1358 1761 1440 1790 atque
1455 1757 1600 1784 imitantur
1619 1759 1711 1785 vitam.
1725 1758 1782 1785 lluc

997 1807 1082 1834 genus
1102 1800 1250 1828 hominum
1272 1802 1405 1837 cst352
1425 1803 1451 1829 iu
1476 1803 1593 1830 diversis
1616 1804 1707 1831 mundi
1721 1812 1782 1838 par-

997 1845 1093 1872 tibus:
1115 1846 1217 1872 bonutn
1242 1847 1315 1873 cnim
1347 1848 1499 1881 perfectum
1529 1849 1672 1882 oportebat
1696 1853 1723 1876 ct
1747 1849 1781 1875 ad

996 1889 1105 1918 Graecos
1141 1891 1284 1925 pervenire
1305 1896 1332 1918 et
1357 1892 1389 1918 ad
1418 1891 1564 1920 Barbaros.
1598 1894 1628 1920 In
1663 1893 1781 1929 [Egypto

996 1941 1086 1963 autem
1103 1944 1200 1971 magna
1216 1942 1257 1964 est
1269 1937 1329 1971 ejus
1344 1938 1434 1972 copia,
1450 1939 1568 1965 maxime
1582 1939 1653 1973 apud
1661 1940 1781 1966 Alexan-

995 1981 1082 2009 driam
1100 1991 1107 2015 ;
1129 1986 1156 2010 et
1176 1983 1202 2009 in
1218 1983 1315 2017 quavis
1329 1983 1417 2010 classe
1431 1984 1528 2010 domus
1542 1987 1584 2011 est
1599 1992 1689 2016 sacra,
1706 1986 1780 2019 quod

997 2035 1136 2055 semneum
1151 2028 1266 2060 dicitur,
1297 2033 1324 2056 et
1362 2029 1570 2063 monasterium,
1602 2031 1673 2065 quod
1699 2031 1780 2058 inea

995 2073 1030 2099 ab
1046 2073 1185 2100 hominum
1200 2073 1280 2100 turba
1297 2073 1398 2100 seclusi
1416 2074 1582 2102 venerabilis
1597 2075 1659 2101 vitae
1671 2079 1777 2110 myste-

997 2119 1045 2145 riis
1082 2119 1238 2151 initiantur,
1269 2120 1339 2147 nihil
1374 2120 1517 2154 quisquam
1547 2120 1700 2152 aﬂ‘ereutcs.
1725 2129 1779 2147 non

159 2172 255 2208 χρείαν
267 2172 416 2205 ἀναγκαῖα,
427 2171 493 2197 ἀλλὰ
505 2171 602 2205 νόμους
617 2170 663 2197 καὶ
673 2170 750 2204 λόγια
765 2171 944 2198 θεσπισοὲντα

998 2169 1100 2201 potum.
1115 2173 1170 2192 non
1194 2166 1296 2197 cibum,
1328 2173 1381 2192 non
1408 2165 1556 2200 quidquam
1584 2166 1657 2193 aliud
1681 2175 1777 2194 eorum

159 2218 202 2243 ἰιὶι
227 2216 376 2253 προφητῶν
399 2215 446 2242 καὶ
471 2215 572 2250 ὕμνους
591 2216 638 2241 καὶ
655 2213 739 2242 τᾶλλα
750 2213 790 2246 οἷς
806 2216 945 2250 ἐπιστήμη

158 2264 206 2289 ut
220 2262 346 2289 εὐσέϐεια
360 2261 537 2294 συναύξονται
554 2261 600 2287 καὶ
617 2260 796 2288 τελειοῦνται.
824 2260 862 2288 Τὸ
874 2261 901 2288 δὲ
917 2261 946 2294 ἐξ

157 2308 272 2335 ἑωἽινοῦ
297 2307 393 2343 μέχρις
418 2306 537 2341 ἑσπέρας
560 2306 698 2341 διάστημα
719 2307 830 2342 σύμπαν
854 2307 946 2338 αὐτοῖς

157 2355 232 2379 ἐστιν
268 2353 406 2387 ἄσκησις·
445 2351 651 2386 ἐντυγχάνοντες
690 2352 744 2386 γὰρ
778 2352 833 2383 τοῖς
864 2352 945 2386 ἱεροῖς

157 2399 307 2433 γράμμασι
335 2396 509 2430 φιλοσοφοῦσι
541 2396 590 2430 τὴν
623 2396 741 2431 πατρίαν
775 2396 943 2431 φιλοσοφίαν.

161 2444 344 2479 Ἐγκράτειαν
362 2441 390 2468 δὲ
415 2441 510 2476 ὥσπερ
526 2443 586 2469 τινὰ
603 2441 729 2476 θεμέλιον
749 2442 943 2477 προκαταῧαλ-

156 2490 266 2524 λόμενοι
287 2491 319 2523 τῇ
332 2488 405 2524 ψυχῇ
422 2489 471 2518 τὰς
487 2488 570 2519 ἄλλας
588 2487 810 2522 ὲποικοδομοῦσιν
831 2488 941 2521 ἀρετάς·

157 2535 243 2561 σιτίον
258 2534 312 2569 γὰρ
328 2534 344 2568 ἢ
361 2533 442 2559 ποτὸν
458 2532 545 2563 οὐδεὶς
561 2531 650 2558 αὐτῶν
665 2530 876 2566 προσενέγκοιτο
891 2531 943 2567 πρὸ

155 2579 233 2615 ἡλίου
249 2579 361 2610 δύσεως,
379 2578 527 2613 ἐπειδήπερ
552 2577 583 2603 τὸ
610 2577 658 2610 μὲν
687 2576 844 2611 φιλοσοφεῖν
869 2577 942 2609 ἄξιον

154 2627 245 2661 φωτδς
263 2625 396 2661 κρίνουσι,
417 2624 527 2655 σκότους
541 2623 568 2649 δὲ
586 2622 634 2653 τὰς
655 2622 702 2649 τοῦ
719 2623 843 2658 σώματος
857 2623 939 2658 ἀνάγ-

156 2681 218 2703 καις.
248 2671 335 2697 Ἔνιοι
362 2670 390 2697 δὲ
412 2670 459 2696 καὶ
481 2670 515 2696 δι’
532 2669 643 2703 ἡμερῶν
667 2669 749 2702 τριῶν
782 2668 938 2703 ὑπομιμνή-

157 2726 268 2743 σκονται
295 2716 408 2752 τροφῆς,
435 2713 474 2747 οἷς
492 2715 573 2741 πλέον
588 2715 602 2740 ὁ
628 2714 709 2745 πόθος
724 2714 772 2749 τῆς
787 2714 940 2750 ἐπιστήμης

156 2763 304 2797 ἐνίδρυται.
333 2763 411 2792 Τινὲς
423 2762 450 2788 δὲ
465 2761 550 2792 crine;
575 2760 796 2794 ὲνευφρκίνονται
812 2761 857 2787 καὶ
875 2769 939 2794 τρυ-

157 2810 244 2842 φιῗλσν
266 2809 319 2836 ὖπῆ
335 2809 429 2842 σοφίας
450 2809 607 2842 ἐστιζμενοι
630 2806 762 2838 πλουσίως
786 2807 833 2833 καὶ
856 2806 939 2841 ἀερῢὸ-

157 2863 209 2886 νως
227 2855 262 2881 τὰ
283 2854 404 2890 δόγματα
429 2853 608 2891 χορηγούσης,
627 2853 663 2885 ὡς
691 2853 736 2880 καὶ
753 2853 821 2889 πρὶς
845 2852 940 2879 διπλα-

996 2216 1056 2241 quaz
1075 2209 1108 2236 ad
1129 2216 1196 2236 usus
1222 2209 1347 2243 corporis
1366 2213 1431 2236 sunt
1447 2210 1622 2237 necessaria:
1639 2211 1685 2237 sed
1706 2212 1778 2245 leges

995 2258 1022 2281 et
1034 2255 1145 2281 oracula
1163 2259 1264 2285 vatum.
1279 2255 1405 2290 hymnos,
1429 2260 1510 2290 atque
1529 2256 1581 2282 alia
1607 2257 1708 2290 quibus
1732 2257 1776 2284 Dei

995 2299 1115 2334 cognitio
1141 2304 1167 2327 et
1192 2299 1282 2327 cultus
1316 2303 1450 2334 augentur
1483 2304 1564 2334 atque
1587 2301 1778 2334 perﬁciuntur.

996 2344 1133 2379 Quidquid
1150 2349 1192 2372 est
1213 2345 1247 2372 ab
1261 2352 1360 2372 aurora
1378 2344 1411 2372 ad
1436 2353 1576 2380 vesperam
1597 2354 1682 2380 usque
1710 2352 1778 2373 tctu-

995 2391 1079 2424 poris,
1110 2391 1135 2418 id
1160 2398 1240 2418 omne
1273 2391 1306 2417 iis
1334 2390 1577 2418 exercitationibus
1600 2391 1778 2426 impenditur.

995 2435 1093 2464 Satras
1105 2437 1177 2463 enim
1193 2436 1311 2464 Litteras
1333 2437 1453 2471 legentes
1468 2437 1664 2472 philosophiam
1689 2441 1778 2472 pater-

994 2490 1056 2508 nam
1077 2488 1216 2509 exercent.
1236 2481 1441 2509 Continentiam
1466 2487 1594 2516 tanquam
1613 2482 1775 2510 fundamen-

994 2532 1051 2554 tum
1069 2528 1096 2554 in
1112 2528 1202 2555 animo
1229 2535 1278 2555 suo
1295 2528 1397 2560 locant,
1416 2535 1551 2562 superque
1576 2535 1635 2555 eam
1659 2529 1776 2563 reliquas

993 2577 1139 2601 exstruunt
1157 2573 1282 2600 virtutes.
1308 2572 1394 2600 Nemo
1412 2581 1506 2600 corutn
1534 2573 1624 2600 cibum
1648 2580 1776 2607 potumvc

993 2623 1081 2652 gustat
1100 2621 1164 2645 ante
1196 2618 1263 2645 solis
1279 2626 1419 2646 OCC3>UIIL
1445 2618 1552 2645 Etenim
1585 2619 1772 2654 philosophari

992 2666 1102 2699 dignum
1126 2665 1188 2691 luce
1202 2669 1308 2699 putant.
1330 2665 1459 2692 tenebras
1477 2666 1604 2700 corporis
1624 2667 1775 2694 necessita-

993 2712 1065 2738 tibus
1083 2719 1244 2746 congruere.
1265 2711 1380 2743 Quidam
1398 2712 1521 2739 seieutiae
1535 2712 1684 2740 ardentiori
1703 2713 1774 2740 desi-

993 2758 1069 2785 derio
1086 2758 1216 2784 alimenta
1233 2757 1312 2784 tertio
1324 2762 1426 2784 tantum
1439 2765 1545 2793 quoque
1556 2757 1600 2786 die
1613 2758 1772 2785 admittunt.

992 2805 1045 2831 Alii
1061 2808 1167 2831 tantum
1190 2804 1291 2831 iwtitia:
1313 2811 1345 2832 ac
1363 2804 1510 2839 voluptatis
1524 2805 1616 2831 studio
1631 2803 1773 2838 sapienti-.1:

995 2852 1165 2879 immorando
1180 2850 1343 2886 percipiunt,
1367 2851 1472 2878 abunde
1483 2851 1614 2879 doctrina:
1640 2847 1776 2887 suppetit:
