2020 3156
277 164 332 198 395

926 167 1086 198 GEORGII
1101 169 1267 201 CEDRENI

1846 176 1905 208 396

280 225 393 254 nasticm
411 224 594 253 traditionem.
613 223 715 256 Quodsi
733 232 802 260 quos
817 225 900 252 etiam
917 231 1057 255 extraneos

1114 237 1171 263 γοις
1189 229 1408 257 διαϐεϐαιοῦνται
1427 230 1545 266 ἀρχαίαν
1567 231 1615 257 καὶ
1638 231 1819 264 ἁποστολικὴν
1836 232 1908 261 εἶναι

279 275 364 299 testes
389 270 542 301 laudemus,
568 269 635 297 vitio
651 271 731 298 nobis
759 270 785 298 id
809 271 876 298 verti
893 279 947 299 non
971 273 1062 301 debet.

278 318 356 346 Plato
369 316 482 352 proinde
493 323 574 351 quam
591 323 653 343 rara
669 317 724 344 sint
742 324 773 344 ea
788 325 849 352 quae
862 319 985 346 absoluta
999 324 1064 347 sunt

277 364 411 396 indicans,
428 363 500 390 haud
516 362 635 390 absurde
647 365 684 390 ita
696 363 793 390 scribit
809 373 816 392 :
835 373 845 390 ι
861 365 922 392 Non
943 366 1009 393 mihi
1024 365 1065 393 vi-

275 409 377 436 dentur
397 408 533 441 homines,
552 408 605 436 nisi
624 409 714 444 pauci,
741 410 812 437 beati
837 418 869 438 ac
894 411 986 439 felices
1005 411 1062 440 ﬁeri

275 462 367 491 posse,
396 455 556 490 qttantisper
586 456 658 483 hanc
686 456 769 483 vitam
802 457 954 485 ducimus:
983 458 1061 485 multi

272 501 346 528 enim
359 505 424 528 sunt
435 500 569 536 virgil‘eri.
585 501 666 535 pauci
680 507 770 529 autem
784 506 810 529 et
824 502 879 529 rari
895 503 1060 537 philosophi.

275 547 359 574 ﬂecte
380 551 471 574 autem
487 546 605 574 traditur
636 554 668 573 ac
691 546 813 574 creditur
840 553 962 575 mortuos
991 549 1061 575 bona

275 593 420 628 consequi.
439 602 449 619 ι
472 592 520 620 His
535 591 618 619 infert
634 592 676 619 vir
688 593 795 620 sincero
811 593 902 620 animo
918 597 999 628 atque
1016 601 1060 629 ge-

275 647 385 672 neroso,
397 639 503 674 qualem
520 637 667 673 Escliylus
681 637 822 669 describit,
837 639 955 673 praemiis
968 645 999 666 ac
1013 638 1062 666 do-

274 687 317 714 nis
332 685 476 713 aﬂicietur.
493 684 545 718 Qui
568 684 677 712 videtur
696 685 760 712 talis
775 692 846 713 eSse.
868 686 949 719 Atqui
969 686 996 712 in
1021 685 1062 712 in-

272 737 348 760 certo
361 736 414 764 est,
428 730 579 766 justitiaene
593 738 627 758 an
644 738 711 758 vero
725 739 869 758 tnunerum
885 736 912 759 et
927 732 1061 759 honorum

274 785 357 805 causa
377 778 437 804 talis
457 777 503 805 sit.
514 776 666 804 Nudandus
683 777 768 812 igitur
789 778 918 805 omnibus
935 782 989 810 est,
1008 778 1060 804 ita-

272 832 326 859 que
346 824 516 859 redigendus
538 828 569 851 ut
583 823 619 851 sit
634 823 695 858 ejus
710 831 790 858 quem
814 824 890 858 prius
915 823 1062 858 descripsi.

276 878 337 898 mus
366 870 533 898 contrarius.
563 869 641 897 Nulla
657 869 728 896 enim
756 877 784 896 re
803 869 934 904 praeditus
954 869 1062 904 opinio-

279 924 340 943 nem
355 917 455 944 habent
482 924 594 944 summa:
614 915 765 951 injustitiée,
783 919 813 942 ut
838 916 875 943 ita
890 915 1059 951 exploratum

276 964 311 992 sit
324 971 384 990 enin
399 971 460 991 esse
470 963 586 997 justum,
601 970 662 990 cum
679 970 732 990 non
745 961 824 990 cedat
836 961 954 989 sinistrae
971 960 1060 994 famae,

275 1018 362 1044 neque
373 1009 523 1036 ambitione
540 1013 587 1036 aut
604 1009 638 1036 iis
649 1016 709 1044 quae
725 1007 789 1035 inde
802 1007 930 1034 orittntur
951 1006 1061 1041 propel-

275 1057 355 1086 Iatur,
374 1055 420 1082 sed
434 1055 471 1082 sit
486 1054 638 1086 mutabilis,
654 1058 711 1081 toto
723 1053 785 1080 vita:
799 1053 888 1088 spatio
905 1060 967 1080 cum
982 1056 1060 1088 pute-

258 1108 318 1128 vtttr
337 1109 398 1128 esse
413 1101 544 1133 injustus.
556 1100 590 1127 Et
605 1099 714 1134 quidem
740 1099 822 1127 etiam
845 1098 982 1131 Socrates,
1001 1098 1061 1132 ejus

267 1151 434 1182 praeceptor,
448 1146 484 1173 ita
498 1145 580 1181 357
597 1153 660 1173 eum
678 1145 872 1180 interrogavit:
883 1146 922 1171 An
930 1144 1061 1171 debemus

270 1193 343 1228 vulgi
366 1193 400 1220 de
412 1191 493 1219 nobis
506 1191 609 1226 judicia
625 1190 768 1218 metuere?
779 1194 826 1217 aut
846 1189 949 1225 potius,
961 1189 1060 1224 spretis

268 1238 399 1266 omnibus
415 1237 489 1269 aliis,
502 1236 698 1271 ejusjudicium
710 1237 826 1263 revereri
842 1235 887 1270 qui
899 1235 924 1262 ei
937 1235 1009 1270 quod
1018 1242 1061 1262 re-

269 1288 345 1313 ctum
360 1288 402 1312 est
414 1283 596 1318 obtemperet?
606 1282 651 1309 cui
669 1282 724 1309 nisi
741 1289 896 1316 pareamus,
911 1282 1007 1315 ingens
1021 1280 1061 1308 si-

270 1340 331 1359 tnns
349 1331 478 1358 damnum
492 1329 656 1364 percepturi.
681 1328 738 1354 Non
755 1327 893 1363 equidem,
925 1328 993 1355 heus
1017 1332 1058 1359 tu,

269 1377 420 1405 cttrandum
435 1375 516 1403 nobis
527 1379 567 1403 est
581 1375 644 1410 quid
661 1375 736 1409 plebs
746 1374 861 1409 judicet,
875 1374 922 1401 sed
935 1372 1000 1408 quid
1012 1380 1058 1400 ve-

270 1424 340 1450 ritas
353 1422 460 1457 probet,
477 1429 539 1456 qua:
551 1421 656 1456 justum
671 1420 704 1446 ab
721 1419 825 1453 injusto
842 1420 983 1446 discernit.
996 1417 1059 1446 llaec

269 1470 413 1506 perspicue
430 1469 518 1503 magis
541 1467 710 1494 conveniunt
736 1466 838 1493 nostris
862 1465 949 1493 sacris
976 1469 1059 1499 atque

269 1515 428 1549 apostolicis
464 1513 651 1540 sermonibus.
680 1511 748 1538 Nam
778 1511 878 1538 Paulus
907 1510 944 1537 ita
969 1510 1059 1545 loqui-

1079 902 1100 930 B

1117 275 1166 310 τὴν
1180 275 1226 301 τοῦ
1249 276 1383 312 μονήρους
1407 275 1464 310 βίον
1486 276 1646 311 παράδοσιν.
1664 276 1694 303 Εἰ
1715 277 1743 304 δὲ
1764 279 1812 305 καί
1829 288 1908 311 τινας

1114 322 1170 348 τῶν
1185 321 1302 357 θύραθεν
1314 323 1353 353 εἰς
1369 325 1470 357 ταύτην
1491 323 1540 357 τὴν
1557 324 1711 359 μαρτυρίαν
1733 325 1906 360 παράξομεν.

1116 368 1211 403 μηδεὶς
1223 368 1373 403 μεμφὲσθω
1386 369 1461 404 ἡμῖν.
1474 369 1593 401 Εἰκότως
1606 366 1652 396 οὖν
1665 369 1679 395 ὸ
1693 369 1807 397 Πλάτων
1818 371 1907 406 ὑπεμ-

1115 414 1218 448 φαίνων
1243 414 1298 440 τῶν
1314 415 1424 442 τελείων
1442 415 1473 441 τὺ
1490 415 1603 442 σπάνιον
1616 415 1737 450 ἔφασκεν
1748 424 1757 432 ·
1774 425 1783 442 ι
1803 416 1841 444 οῡ
1859 426 1906 451 μοι

1114 461 1187 487 δοκεῖ
1201 461 1312 489 δυνατὸν
1328 461 1482 496 ἀνθρώποις
1497 462 1643 498 μακαρίοις
1656 471 1686 489 τε
1700 463 1746 489 καὶ
1760 463 1905 498 εὐδαίμοσι

1115 507 1254 541 γενέσθαι,
1267 507 1338 543 πλὴν
1356 508 1464 542 ὀλίγων.
1481 509 1570 544 Μέχρι
1588 518 1641 544 περ
1657 508 1690 536 ἂν
1705 509 1807 543 ζῶμεν,
1825 509 1906 535 τοῦτο

1113 552 1285 589 διορίζομεν¹
1308 554 1507 589 ναρθηκοφόροι
1528 556 1576 590 μὲν
1589 556 1644 590 γὰρ
1668 555 1770 586 πολλοὶ,
1795 555 1905 589 φιλόσο-

1115 608 1160 634 φοι
1172 600 1201 626 δὲ
1216 600 1323 627 σπάνιοι
1336 601 1381 627 καὶ
1394 601 1488 634 ὀλίγοι.
1505 602 1580 637 Καλὴ
1594 602 1622 628 δὲ
1635 601 1735 636 πρᾶξις
1752 601 1800 628 καὶ
1813 603 1906 632 πίστις

1114 645 1313 681 τελευτήσαντα
1338 647 1429 682 τυχεῖν
1459 647 1597 673 ἁπάντων.
1616 657 1626 672 ι
1653 647 1733 674 Ὅθεν
1760 647 1905 681 ἐπήγαγεν

1115 691 1200 726 ἄνδρα
1215 692 1319 718 ἁπλοῦν
1335 692 1382 719 καὶ
1398 694 1520 726 γενναῖον
1537 693 1596 719 κατ’
1614 693 1756 728 Αἰσχύλον.
1773 693 1903 718 Ἔσονται

1114 735 1190 771 αὐτῷ
1203 736 1282 772 τιμαὶ
1297 737 1344 763 καὶ
1356 737 1455 771 δωρεαὶ
1469 736 1591 763 δοκοῦντι
1606 737 1720 772 τοιούτῳ
1731 735 1905 770 εἷναι.’Λδη-

1114 782 1160 809 λον
1173 782 1218 809 οὖν
1236 783 1290 809 εῑτε
1303 782 1348 808 τοῦ
1365 783 1470 808 δικαίου
1485 784 1539 810 εἴτε
1555 782 1609 809 τῶν
1624 783 1733 818 δωρεῶν
1748 783 1797 809 καὶ
1813 782 1903 817 τιμῶν

1114 828 1196 854 ἕνεκα
1213 827 1332 858 τοιοῦτός
1350 827 1418 853 ἐστι.
1435 828 1591 862 Γυμνωτέος
1605 828 1637 862 δὴ
1652 827 1760 854 πάντων
1776 827 1848 862 πλὴν
1862 827 1903 853 δι-

1115 873 1270 908 καιοσύνης,
1296 873 1341 899 καὶ
1370 873 1491 908 ποιητέος
1517 873 1648 905 ἐναντίως
1672 873 1847 907 διακείμενος
1862 873 1903 908 τῷ

1115 919 1250 954 προτέρῳ.
1275 919 1366 953 Μηδὲν
1390 919 1444 954 γὰρ
1467 918 1536 953 ἔχων
1558 918 1638 952 δόξαν
1660 919 1747 953 ἐχέτω
1766 918 1902 953 μεγίστης

1112 965 1230 996 ἀδικίας,
1254 964 1297 991 ἵνα
1314 964 1544 999 βεϐασανισμένος
1600 965 1639 996 εἰς
1657 964 1844 999 δικαιοσύνην,
1869 964 1902 991 τὸ

1114 1010 1152 1046 μὴ
1178 1009 1300 1036 nemo“
1323 1009 1376 1036 ὐπὺ
1393 1009 1586 1044 κακοδοξίαςῆ
1604 1010 1755 1043 φιλοδοξίας
1780 1011 1829 1037 καὶ
1853 1009 1901 1036 ὑπ’

1111 1056 1195 1090 αὐτῆς
1209 1055 1370 1090 γινομένων,
1391 1055 1447 1082 ἀλλ’
1472 1055 1542 1082 ἔστω
1560 1057 1727 1091 μετάστατκ
1743 1056 1826 1091 μέχρι
1848 1056 1900 1082 θα-

1112 1102 1193 1129 νάτου
1209 1102 1295 1129 δοκῶν
1310 1102 1401 1132 ἄδικος
1417 1099 1488 1128 εἶναι
1507 1101 1552 1128 διὰ
1574 1101 1643 1136 βίου.
1659 1102 1714 1128 Καὶ
1727 1101 1759 1137 δὴ
1778 1102 1826 1128 καὶ
1842 1102 1902 1128 Σιω-

1111 1148 1216 1183 κρὰτης
1235 1150 1249 1174 ὁ
1265 1148 1423 1178 διδάσκαλος
1440 1146 1522 1173 αὑτοῦ
1540 1147 1609 1182 πρὸς
1623 1147 1704 1174 αὑτὸν
1722 1147 1811 1179 οὓτως
1830 1147 1898 1182 ἔφη·

1113 1195 1226 1228 πότερον
1243 1193 1291 1228 τὴν
1315 1193 1368 1219 τῶν
1385 1192 1491 1219 πολλῶν
1505 1192 1583 1223 δόξαν
1601 1192 1642 1219 δεῖ
1664 1193 1738 1228 ἡμᾶς
1755 1193 1900 1219 πείθεσθαι

1111 1240 1157 1265 καὶ
1177 1238 1315 1272 φοϐεῖσθαι
1332 1239 1348 1273 ἢ
1369 1238 1418 1272 τὴν
1431 1238 1477 1264 τοῦ
1502 1238 1570 1269 ἑνὸς,
1595 1237 1622 1264 εί
1643 1246 1686 1269 τις
1703 1238 1778 1264 ἐστιν
1794 1237 1899 1264 ἐπαΐων

1110 1282 1140 1311 οὗ
1156 1283 1205 1316 δεῖ,
1234 1284 1280 1310 καὶ
1298 1283 1440 1318 φοϐεῖσθαι
1469 1284 1516 1311 καὶ
1546 1282 1722 1317 αἰσχύνεσθαι
1750 1282 1852 1317 μᾶλλον
1878 1282 1896 1317 ἢ

1111 1329 1270 1364 ξύμπαντας
1293 1329 1355 1360 τοὺς
1370 1329 1484 1361 dno-uc;
1499 1325 1534 1364 '9
1555 1329 1580 1354 εί
1602 1328 1640 1363 μὴ
1662 1328 1897 1363 ἀκολουθήσομεν,

1109 1375 1203 1406 δεινῶς
1222 1375 1411 1410 λωὸησόμεθα.
1426 1375 1482 1401 Οὐκ
1495 1375 1548 1409 ἄρα
1563 1383 1606 1408 γε,
1625 1371 1648 1400 ὧ
1662 1374 1794 1409 βέλτιστε,
1813 1382 1899 1409 φρον-

1109 1421 1214 1448 τιστέον
1233 1421 1300 1455 ἡμῖν
1320 1420 1346 1446 τί
1363 1419 1471 1455 ἐροῦσιν
1489 1420 1555 1454 ἡμῖν
1572 1419 1596 1446 οἱ
1618 1419 1720 1450 πολλοὶ,
1743 1419 1811 1445 ἀλλά
1824 1419 1851 1445 τί
1868 1418 1899 1444 τὸ

1109 1467 1204 1493 ὲπαῖον
1217 1466 1256 1502 τῷ
1278 1466 1376 1501 δικαίῳ
1391 1467 1438 1493 καὶ
1455 1466 1550 1501 ἀδίκῳ,
1565 1466 1626 1500 ἥτις
1639 1465 1715 1491 ἐστὶν
1735 1465 1751 1500 ἠ
1767 1464 1896 1499 ἀλήθεια.

1111 1513 1202 1539 Ταῦτα
1225 1513 1253 1538 δὲ
1280 1512 1405 1548 φανερῶς
1422 1511 1524 1538 ἐοίκασι
1553 1513 1608 1543 τοῖς
1632 1512 1777 1546 ἡμετέροις
1796 1510 1898 1545 μᾶλλον

260 1566 315 1588 ~tur
330 1560 371 1587 “1
390 1569 399 1585 ι
416 1559 507 1586 Armis
525 1558 640 1593 justitim
669 1557 773 1584 dextris
800 1561 827 1584 et
853 1557 983 1588 sinistris,
1011 1564 1057 1591 per

1112 1560 1193 1594 ἱεροῖς
1208 1560 1254 1585 καὶ
1267 1558 1453 1590 ἀποστολικοῖς
1467 1558 1568 1592 λόγοις,
1587 1558 1615 1584 ἐν
1630 1555 1670 1588 οἷς
1685 1565 1767 1592 φησιν
1781 1557 1797 1583 ὁ
1812 1557 1900 1590 μέγας

270 1606 383 1642 gloriam
394 1609 421 1633 et
433 1604 623 1640 ignominiam,
631 1611 679 1639 per
691 1603 837 1638 opprobria
847 1608 874 1630 et
886 1603 1056 1635 maestitiam;

272 1657 403 1686 tanquam
418 1652 594 1685 impostores,
622 1657 684 1677 cum
708 1649 819 1684 quidetn
837 1649 925 1679 simus
936 1655 1056 1678 veraces,

265 1705 401 1734 tanquam
430 1698 527 1732 ignoti,
543 1704 605 1724 cum
631 1696 720 1723 simus
741 1696 810 1727 noti,
833 1699 965 1730 tanquam
997 1702 1056 1721 mo-

265 1745 384 1776 rientes,
401 1750 464 1771 cum
477 1743 587 1777 quidem
605 1742 741 1773 vivamus,
765 1745 796 1768 ut
823 1741 869 1776 qui
893 1740 1058 1775 castigamur

270 1797 360 1824 neque
371 1793 463 1816 tamen
481 1795 613 1815 necamur
630 1797 640 1814 ι
661 1793 714 1815 etc.
740 1786 816 1814 Hanc
836 1787 869 1813 de
889 1786 996 1821 justitia
1024 1793 1057 1812 ac

270 1835 331 1862 vita:
358 1834 463 1861 ratione
476 1833 531 1860 Deo
547 1837 665 1868 acceptae
679 1832 833 1860 doctrinam
848 1831 985 1866 principes
996 1831 1057 1866 phi-

270 1880 449 1915 losopltoruin
476 1879 605 1906 Socrates
619 1885 652 1905 ac
675 1878 753 1905 Plato
771 1877 954 1910 tradiderunt,
968 1877 1056 1904 admi-

263 1926 381 1953 rabilem
397 1924 532 1960 profecto,
547 1927 574 1951 et
588 1924 668 1951 laude
696 1923 817 1959 dignam,
833 1928 864 1950 ut
876 1931 936 1958 quae
948 1923 985 1950 sit
1011 1930 1056 1949 ra-

256 1973 337 1998 ~tioni
355 1971 475 1998 hominis
503 1970 622 1997 naturali
642 1974 842 1997 consentanea.
870 1969 978 1997 Etenim
1007 1969 1056 1996 do-

267 2016 356 2043 ctrina
384 2023 489 2042 morutn
515 2022 611 2042 omnes
650 2014 774 2042 homines
809 2015 842 2041 ab
867 2014 926 2048 ipsa
959 2018 1055 2041 natura

269 2062 462 2088 instituuntur.
481 2060 588 2095 Quippe
611 2059 682 2086 Deus
709 2067 770 2086 cum
793 2060 940 2086 humanum
969 2067 1054 2096 genus

268 2106 450 2140 condidisset,
460 2106 521 2141 ejus
533 2109 639 2132 natura:
654 2105 725 2132 bona
743 2112 776 2131 ac
794 2106 862 2131 mala
876 2105 1054 2132 discernendi

271 2152 406 2180 rationem
421 2151 539 2184 indidit;
573 2151 700 2185 idemque
715 2155 809 2185 gentes
837 2150 936 2177 erudiit
953 2155 980 2177 et
1003 2151 1054 2178 ho-

267 2199 368 2226 minem
401 2197 560 2233 cognitione
588 2197 695 2223 imbuit.

1111 1605 1216 1635 Παῦλος
1229 1612 1235 1619 ·
1251 1614 1259 1629 ι
1275 1604 1322 1630 Διὰ
1330 1604 1384 1630 τῶν
1393 1604 1483 1631 ὃπλων
1495 1605 1543 1638 τῆς
1556 1602 1728 1638 δικαιοσύνης
1739 1602 1793 1629 τῶν
1803 1602 1899 1634 δεξιῶν

1109 1651 1155 1676 καὶ
1167 1649 1329 1685 ἀριστερῶν,
1347 1649 1391 1676 διὰ
1406 1649 1487 1683 δόξης
1510 1649 1557 1675 καὶ
1573 1649 1696 1681 ἀτιμίας,
1720 1648 1764 1674 διὰ
1792 1647 1898 1681 δυσφη-

1109 1698 1174 1732 μίας
1200 1697 1247 1722 καὶ
1268 1696 1404 1730 ἀθυμίας,
1433 1696 1470 1726 ὡς
1497 1695 1592 1722 πλάνοι
1621 1695 1668 1721 καὶ
1696 1693 1828 1729 ἀληθεῖς,
1860 1693 1898 1724 ὼς

1108 1744 1285 1778 ἀγνοούμενοι
1298 1743 1345 1769 καὶ
1360 1741 1613 1776 ἐπιγινωσκόμενοι,
1626 1741 1663 1770 ὼς
1678 1740 1898 1776 ἀποθνήσκοντες

1108 1789 1155 1815 xui.
1173 1789 1228 1815 ἰδοὺ
1252 1788 1354 1823 ζῶμεν,
1372 1789 1410 1819 ὡς
1427 1787 1618 1822 παιδευόμενοι
1641 1787 1689 1813 καὶ
1708 1786 1745 1821 μὴ
1762 1784 1898 1811 θανατού-

1109 1843 1196 1869 μενοι,
1217 1844 1226 1859 ι
1243 1835 1289 1861 καὶ
1302 1834 1336 1861 τὰ
1345 1834 1418 1868 ἑξῆς.
1435 1833 1568 1868 Τοιαύτην
1582 1832 1627 1859 οὖν
1643 1833 1707 1867 περὶ
1722 1831 1899 1865 δικαιοσύνης

1107 1880 1154 1906 καὶ
1171 1880 1317 1914 οεαρέστου
1335 1879 1472 1909 πολιτείας
1497 1879 1568 1905 πάνυ
1592 1878 1740 1912 Σωκράτης
1757 1877 1806 1902 καὶ
1822 1875 1899 1902 ιιλάς

1105 1934 1160 1952 των
1177 1924 1353 1952 διδασκαλίαν
1369 1925 1542 1959 ἐποιήσαντο,
1567 1923 1726 1958 Θαυμαστὴν
1746 1923 1832 1953 ὅντως
1849 1922 1899 1948 καὶ

1106 1972 1262 2003 ἀξιέπαινον
1277 1970 1384 2006 ἀληθῶς
1401 1972 1433 2005 τῇ
1454 1970 1550 2004 λογικῇ
1571 1970 1652 2004 φύσει
1667 1968 1720 1995 τῶν
1740 1967 1898 2003 ἀνθρώπων

1107 2016 1321 2052 συμὸαίνουσαν.
1338 2017 1378 2043 Τὰ
1393 2017 1448 2052 γὰρ
1459 2016 1542 2050 ἠθικὰ
1561 2015 1712 2050 μαθήματα
1726 2015 1832 2046 πάντας
1847 2015 1897 2040 ἀν’

1106 2062 1231 2097 θρώπους
1249 2063 1265 2097 ἡ
1279 2062 1359 2096 φύσις
1375 2062 1530 2088 ἐπαίδευσε.
1550 2061 1705 2093 Δια-κλάσας
1721 2061 1774 2096 γάρ
1785 2069 1827 2087 τοι
1842 2061 1898 2087 τῶν

1105 2108 1257 2142 ἀνθρώπων
1282 2107 1312 2133 τὸ
1337 2108 1415 2141 γένος
1430 2107 1444 2132 ὀ
1460 2107 1526 2138 Θεὸς
1540 2107 1676 2133 ἑντέθεικε
1692 2109 1725 2142 τῇ
1742 2107 1824 2140 φύσει
1840 2106 1897 2132 τῶν

1105 2153 1214 2187 ἀγαθῶν
1231 2153 1278 2179 καὶ
1290 2152 1343 2178 τῶν
1358 2153 1488 2179 ἐναντίων
1500 2153 1548 2187 τὴν
1567 2153 1724 2187 διάγνωσιν,
1741 2154 1755 2178 ὀ
1769 2153 1819 2179 καὶ
1831 2161 1898 2179 παι-

742 2196 835 2230 ltaque
864 2204 918 2222 non
949 2201 1053 2223 tantum

1109 2198 1190 2224 Ξεύων
1202 2197 1265 2232 ἔθνη
1280 2198 1328 2224 καὶ
1349 2198 1483 2225 διδάσκων
1504 2198 1647 2233 ἄνθρωπον
1663 2198 1775 2231 γνῶσιν.
1792 2199 1896 2233 Διόπερ

267 2245 395 2272 Socrates
430 2243 507 2270 Plato
537 2242 640 2277 aliique
668 2241 793 2269 nonnulli
815 2241 901 2268 Graeci
924 2241 1052 2276 injustam

1109 2244 1137 2269 οὺ
1153 2243 1233 2277 μόνον
1253 2242 1400 2278 Σωκράτης
1414 2243 1461 2269 καὶ
1476 2243 1587 2269 Πλάτων
1612 2244 1659 2270 καὶ
1671 2243 1745 2269 ἄλλοι
1756 2243 1830 2275 τινὲς
1841 2243 1896 2269 τῶν

266 2289 491 2319 suntabominati
525 2289 619 2320 vitam,
637 2287 684 2315 sed
707 2292 733 2315 et
748 2287 932 2314 Barbarorum
960 2286 1051 2314 multi.

258 2337 371 2372 Quippe
399 2335 591 2371 Hyperboreos
631 2334 712 2360 etiam
747 2333 890 2368 perhibent
928 2332 1053 2360 habitare

264 2387 341 2410 trans
351 2382 458 2416 Ripzeos
470 2384 578 2408 montes
590 2379 704 2414 justitia:
716 2379 808 2406 studio
824 2378 936 2405 assiduo
946 2379 1052 2405 incum~

263 2430 359 2457 bentes
372 2435 449 2454 :nam
467 2434 554 2461 nequc
568 2425 696 2452 carnibus
708 2428 872 2456 vescuntur,
887 2425 1050 2450 etarborutn

263 2475 397 2502 fructibus
411 2473 523 2500 aluntur
532 2478 687 2507 aquamque
700 2470 808 2497 bibunt.
821 2469 854 2495 Et
867 2468 1052 2495 Brachmanas

263 2521 289 2547 in
299 2520 374 2547 silvis
383 2517 467 2554 358
480 2517 588 2553 degere,
603 2523 718 2550 corpora
731 2515 810 2549 foliis
817 2518 914 2546 tectos,
924 2521 955 2541 ac
964 2514 1052 2541 virtu-

263 2570 299 2593 tis
308 2565 406 2600 majori
419 2571 500 2599 quam
513 2571 562 2598 pro
574 2563 693 2590 humana
705 2561 863 2588 conditione
876 2560 965 2588 studio
974 2559 1052 2587 dedi-

263 2617 317 2639 tos.
357 2609 529 2638 Anacharsin
556 2616 664 2644 quoque
695 2607 825 2643 Scytham
860 2607 1050 2641 philosophum

263 2655 348 2683 [disse
360 2655 447 2688 aiunt,
467 2655 504 2682 ita
516 2662 609 2682 amore
627 2653 767 2688 sapientia:
793 2651 990 2679 inﬂammatum
1022 2656 1053 2679 ut

263 2703 298 2730 ob
315 2702 449 2736 insignem
465 2701 525 2735 ejus
543 2700 765 2729 exercitationem
792 2703 875 2733 atque
896 2704 1050 2733 temperan-

263 2744 328 2775 tiam
355 2749 391 2775 sit
414 2747 620 2775 celeberrimus.
643 2747 702 2773 Non
730 2746 802 2773 enitn
832 2745 948 2780 vigilans
970 2744 1051 2772 modo

264 2793 349 2821 animi
362 2793 482 2820 motibtts
492 2792 685 2820 obluctabatur
700 2797 793 2819 tacens
811 2795 893 2826 atquc
906 2791 1050 2825 quiesseus

301 2883 320 2898 “
335 2881 356 2909 ll
374 2880 434 2908 Cur.
455 2889 489 2914 vi,
506 2880 532 2912 7,
551 2881 578 2907 8.

1112 2288 1248 2323 Ἑλλήνων
1271 2288 1318 2314 τὸν
1345 2289 1437 2316 ἄδικον
1464 2288 1640 2321 ἐϐδελύξαντο
1663 2289 1730 2324 βίον,
1754 2289 1825 2315 ἀλλὰ
1847 2290 1897 2316 καὶ

1106 2334 1199 2360 πολλοὶ
1214 2334 1267 2360 τῶν
1284 2333 1440 2370 βαρὸάρων.
1469 2335 1523 2361 Καὶ
1547 2335 1601 2369 γὰρ
1623 2335 1685 2366 τοὺς
1708 2334 1897 2370 ὖπερὸορέους

1108 2380 1156 2414 μὲν
1171 2381 1255 2406 οἰκεῖν
1281 2380 1351 2415 ὑπὲρ
1375 2380 1408 2407 τὰ
1431 2381 1541 2406 Ῥιπαῖα
1559 2380 1609 2416 ὅρη
1627 2381 1721 2414 φασιν.
1746 2381 1843 2406 ἀσκεῖν
1865 2380 1896 2405 δὲ

1105 2425 1279 2460 δικαιοσύνην
1298 2424 1336 2461 μὴ
1344 2426 1584 2460 κρεωφαγοῡντας,
1602 2425 1645 2462 [Ρ.
1665 2425 1730 2460 204]
1742 2425 1893 2459 ἀλλ’ἀκρο-

1105 2471 1196 2505 δρύοις
1213 2472 1260 2497 καὶ
1275 2469 1354 2498 ὕδασι
1373 2472 1541 2507 χρωμένους.
1569 2473 1623 2499 Καὶ
1646 2472 1708 2503 τοὺς
1727 2471 1897 2506 Βραχμᾶνας

1106 2518 1134 2543 ὲν
1150 2518 1211 2548 ταῖς
1226 2517 1303 2549 ὕλαις
1319 2518 1435 2552 διάγειν,
1452 2519 1560 2553 φύλλοις
1583 2520 1613 2545 τὸ
1639 2519 1719 2553 σῶμα
1737 2518 1880 2544 καλύπτον

1104 2570 1153 2588 τας
1170 2564 1217 2588 καὶ
1240 2563 1310 2598 ὑπὲρ
1330 2563 1472 2598 ἄνθρωπον
1489 2564 1650 2593 ἀσκοῦντας.
1680 2564 1733 2589 Καὶ
1756 2563 1896 2596 Ἀνάχαρ-

1106 2615 1148 2632 σιν
1162 2607 1190 2632 δὲ
1203 2608 1247 2633 τὶν
1261 2608 1367 2641 Σκύθην
1379 2608 1524 2643 φιλόσοφον
1534 2608 1698 2642 γεγενῆσθαι
1713 2608 1835 2641 λέγουσι,
1847 2607 1899 2633 καὶ

1104 2653 1191 2683 οὕτως
1206 2653 1288 2680 αὑτὸν
1311 2655 1325 2679 ὁ
1346 2654 1394 2688 τῆς
1418 2654 1577 2688 φιλοσοςίας
1595 2654 1664 2688 ἔρως
1688 2654 1832 2688 ὲπύρωσεν
1856 2653 1897 2682 ὡς

1102 2698 1318 2732 ὀνομαστότατον
1331 2699 1374 2725 διὰ
1394 2699 1496 2734 πολλὴν
1512 2699 1628 2734 ἄςκησιν
1645 2701 1692 2726 καὶ
1713 2699 1897 2733 σωφροσύνην

1103 2744 1240 2776 γενέσθαι.
1257 2745 1294 2770 Οὺ
1309 2745 1363 2779 γὰρ
1386 2745 1466 2778 μόνον
1480 2745 1625 2780 γρηγορῶν
1640 2745 1707 2780 πρὸς
1722 2746 1757 2771 τὰ
1778 2745 1829 2778 τῆς
1842 2745 1897 2778 ψυ-

1102 2791 1152 2824 χῆς
1170 2791 1318 2824 ἠγωνίζετο
1346 2791 1417 2826 πάθη
1437 2791 1547 2818 σιωπῶ-ι
1568 2792 1613 2818 καὶ
1638 2791 1795 2827 ἡσυχάζων,
1823 2790 1898 2817 ἀλλὰ
