2020 3156
134 162 187 194 397

682 161 952 193 HISTORIARUM
973 162 1236 194 COMPENDIUM.

1708 163 1760 196 398

132 219 181 246 καὶ
197 218 339 246 καθεύδων
357 218 392 245 τὰ
416 217 466 254 τῆς
491 217 669 254 σωφροσύνης
687 218 735 245 καὶ
754 217 918 254 ἐγκρατείας

972 218 1018 245 sed
1035 219 1116 246 etiam
1132 219 1273 246 dermiens
1289 217 1365 254 signa
1382 218 1572 253 temperantiae
1589 223 1670 254 atque
1686 226 1760 248 eon-

131 265 228 300 ιδήλου
242 266 353 299 σημεῖα.
377 263 474 290 Εἰώθει
490 264 545 299 γὰρ
559 265 592 299 τῇ
609 264 659 298 μὲν
678 264 742 299 λαιᾷ
753 265 826 299 χειρὶ
838 264 871 290 τὰ
886 264 925 289 al-

132 312 192 338 δοῖα
207 312 346 346 κατέχειν,
363 311 396 345 τῇ
415 309 490 345 δεξιᾷ
503 310 531 336 δὲ
543 311 577 336 τὰ
592 309 667 345 χείλη
685 310 820 345 συνέχειν,
838 310 926 344 ὑπεμ-

133 358 240 392 ιραίνων
258 356 295 383 ὡς
311 356 401 391 πολλῷ
419 355 511 390 μεῖζόν
532 356 607 382 ἐστιν
624 355 760 391 ή-ἀγωνία
775 355 825 388 τῆς
838 355 923 387 γλώτ-

134 412 184 438 της
200 403 248 430 καὶ
267 403 390 434 πλείονος
412 402 574 436 ἐπικουρίας
595 403 634 433 εἰς
656 402 806 435 ἀσφάλειαν
826 401 922 428 δεῖται.

135 449 190 475 Καὶ
207 448 253 475 τὸν
264 449 391 484 Χείρωνα
407 447 436 474 δὲ
452 448 608 482 Κένταυρον
623 447 777 482 ἱστοροῦσιν
793 447 924 482 Ἕλληνες

132 494 307 529 δικαιοσύνης
332 494 381 520 καὶ¹
405 493 515 528 ἁγνείας
542 493 668 527 γενέσθαι
690 493 860 525 διδάσκαλον,
886 493 924 524 ὡς

133 541 182 567 καὶ
194 541 318 575 Ὅμηρος
333 540 468 575 μαρτυρεῖ
479 539 572 566 τοῦτον
586 539 757 566 δικαιότατον
774 539 923 574 πεφηνέναι

135 587 310 621 Κενταύρων,
339 586 383 613 διὰ
409 586 509 622 πολλὴν
537 586 669 621 δήπουθεν
700 586 848 621 καρτερίαν
875 587 923 613 καὶ

133 633 298 667 ἐγκράτειαν
309 632 355 658 καὶ
369 631 493 667 σώματος
507 632 692 666 δουλαγωγίαν
705 634 751 658 καὶ
765 632 922 667 σύμμετρον

131 678 300 713 ἐπιμέλειαν.
318 678 400 704 Ὅθεν
414 678 445 713 δὴ
458 678 571 704 Πλάτων
586 678 710 713 ἐναργῶς
723 675 802 710 αὖθις
816 678 922 704 ὲκδιδάυ

131 732 206 750 σκων
221 723 313 759 φησιν·
338 723 540 758 Ἑπιμελεῖσθαι
558 723 585 749 δὲ
603 723 728 756 σώματος
738 722 827 758 ψυχῆς
839 722 922 749 ἕνεκα

129 770 275 805 ἁρμονίας,
288 770 321 796 δι’
337 766 367 796 οὗ
388 770 462 804 βιοῦν
482 778 512 795 τε
528 769 585 796 ἐστι
601 770 647 795 καὶ
667 769 756 804 όροῶς
773 769 858 804 βιοῦν,
872 770 920 796 καὶ

128 817 328 850 καταγγέλλειν
354 817 403 851 τῆς
419 816 549 850 ἀληθείας
564 817 594 842 τὸ
611 816 751 850 κήρυγμα.
770 817 856 842 Τοῦτο
873 817 920 842 καὶ

127 865 141 888 ὁ
152 863 223 893 θεῖος
238 862 290 896 ἔφη
307 861 412 893 Παῦλος
425 869 432 876 ·
446 870 456 887 ‹
477 861 645 894 ’Υπωπιάζω
662 870 713 897 μου
727 862 758 888 τὸ
778 862 858 896 σῶμα
873 863 920 888 καὶ

126 907 305 941 δουλαγωγῶ,
326 916 334 931 1
352 906 475 933 τουτέστι
498 907 565 942 πρὸς
581 905 699 940 ἄσκησιν
722 907 768 932 καὶ
790 906 919 932 σύστασιν

127 954 194 979 αὐτὸ
209 954 268 988 μετ’
289 954 448 988 ἐπιστήμης
461 952 510 980 καὶ
530 953 689 988 φρονήσεως
707 951 849 987 γυμνάζω,
873 953 919 978 καὶ

126 1000 198 1034 πρὸς
215 999 265 1035 τὴν
280 999 335 1026 τῶν
351 998 515 1034 κρειττόνων
536 999 692 1033 συνεργίαν,
710 999 740 1024 οὑ
760 998 827 1033 πρὸς
841 998 920 1025 ἀσέλ-

126 1054 208 1078 γειαν
231 1045 442 1080 προνοούμενος.
455 1039 668 1079 ’Συμπεφὼνηκε
691 1044 781 1070 τοίνυν
796 1043 841 1069 καὶ
859 1044 919 1070 τού-

125 1099 184 1122 τοις
198 1091 212 1116 ό
236 1090 351 1116 Πλάτων
376 1088 406 1116 εὖ
432 1090 505 1125 μάλα
521 1091 578 1121 τοῖς
593 1089 749 1124 ἡμετέροις,
770 1089 821 1124 τὴν
835 1089 919 1122 ἀναγ-

124 1137 209 1163 καίαν
237 1137 285 1163 καὶ
315 1136 429 1162 δέουσαν
458 1135 619 1170 ἐπιμέλειαν
649 1135 788 1162 ποιεῖσθαι
815 1144 918 1170 παρεγν

131 1185 233 1218 ιυήσας
248 1182 296 1209 τοῦ
314 1182 451 1218 σώματος.
474 1182 614 1213 ’Υπέδειξέ
627 1190 656 1208 τε
672 1182 754 1208 πάλιν
767 1183 815 1208 καὶ
830 1182 919 1208 διεσά-

124 1238 215 1264 φησεν
239 1230 313 1260 ὃπως
348 1228 461 1263 ἄρχεται
496 1228 543 1254 καὶ
578 1227 690 1259 αὒξεται
727 1228 776 1262 τῆς
813 1228 917 1262 φαύλης

124 1277 275 1312 ἐπιθυμίας
293 1278 341 1303 καὶ
358 1275 491 1311 κακίστης
518 1275 662 1310 συνηθείας
691 1276 722 1301 τὺ
743 1276 838 1307 πάθος,
867 1276 918 1309 φά-

127 1331 204 1349 σκων
228 1322 314 1353 οὓτως
337 1323 409 1357 ἀρχὴ
431 1322 481 1356 μὲν
502 1321 604 1357 ἔρωτος
618 1322 723 1356 ὅρασις,
745 1322 821 1354 αὔξει
838 1322 865 1348 δὲ
889 1322 918 1347 et

127 1369 216 1401 πάθος
239 1369 327 1400 ἐλπὶς,
342 1369 435 1403 τρέφει
453 1368 481 1395 δὲ
508 1368 613 1403 μνήμη,
630 1370 710 1403 τηρεῖ
729 1368 758 1394 δὲ
777 1369 916 1402 συνήθεια.

124 1416 173 1442 Διὸ
196 1417 243 1441 καὶ
269 1415 418 1449 Σωκράτης
439 1414 473 1440 τὰ
495 1412 640 1449 βλέμματα
660 1415 706 1440 καὶ
729 1414 761 1440 τὰ
778 1414 918 1448 φιλήματα.

124 1462 182 1487 τῶν
199 1461 343 1497 εὖμόρῳωλ
358 1462 395 1492 ὡς
410 1459 599 1496 χαλεπώτερον
615 1460 754 1495 σκορπίων
770 1462 816 1487 καὶ
830 1461 918 1494 ὄψεων

127 1508 168 1533 ἰὸν
183 1507 283 1533 ἐνιέναι
310 1507 451 1541 πεφυκότα
475 1506 642 1540 ἀποφεύγειν
666 1506 815 1533 ἐδίδασκεν.
836 1507 918 1532 Ὅθεν

127 1554 191 1580 ιόών
208 1553 332 1579 τινανέον
347 1553 498 1588 φιλήσαντα
513 1553 637 1585 εΰοπτον,
657 1563 666 1578 ι
684 1550 779 1584 Οὗτος,
794 1553 858 1587 ἔφη,
873 1554 919 1588 ρᾳ-
932 1573 953 1600 (ς

603 1599 608 1600 .
943 1591 953 1600 Α

943 1591 954 1602 ,Δ

125 1601 191 1631 ὂίως
219 1601 252 1626 ἂν
275 1600 319 1626 καὶ
336 1601 375 1630 εἰς
395 1600 533 1634 μαχαίρας
557 1599 709 1635 κυδιστήσῃ
734 1600 780 1625 καὶ
804 1600 843 1630 εἰς
863 1599 917 1635 πῦρ

126 1647 249 1681 ἐμπέσῃ,
268 1655 276 1671 ι
294 1647 307 1672 ό
323 1646 457 1680 τοσαύτην
473 1646 593 1682 δηλονότι
612 1646 701 1680 πυρὰν
721 1646 750 1671 ἐν
765 1646 855 1681 ἑαυτῷ
872 1655 919 1672 κα-

126 1693 302 1728 τατολμήσας
316 1693 427 1727 ἀνάψαι.
447 1692 576 1727 Διογένης
590 1692 618 1718 δὲ
633 1693 799 1727 θεασάμενος
822 1693 918 1727 μειρά-

127 1748 187 1765 κτον
206 1739 400 1773 ἀσελγέστερον
417 1738 432 1773 ῆ
446 1739 507 1765 κατ’
521 1739 605 1773 ἄνδρα
622 1739 828 1774 κεκοσμημένον
842 1737 919 1765 εἶπεν

129 1794 139 1809 ο
157 1785 187 1811 Εἰ
204 1785 254 1818 μὲν
272 1785 338 1820 πρὸς
353 1785 463 1819 ἄνδρας,
478 1786 597 1820 ἀτυχεῖς,
611 1786 634 1811 εἱ
649 1785 676 1811 δὲ
691 1786 759 1819 πρὸς
773 1787 916 1819 γυναῖκας,

126 1825 241 1862 ἀδικεῖς.
264 1840 273 1857 ι
291 1831 402 1865 Θηρῶσι
420 1831 464 1857 διὰ
481 1831 528 1857 τοῦ
546 1831 742 1866 καλλωπισμοῦ
757 1833 781 1858 oi
800 1834 848 1866 μὲν
871 1832 918 1858 ἄν-

125 1878 190 1911 δρες
205 1877 254 1908 τὰς
266 1878 409 1910 γυναῖκας,
424 1877 453 1903 αί
467 1877 495 1903 δὲ
516 1879 644 1911 γυναῖκες
661 1878 706 1903 καὶ
721 1879 744 1904 οἰ
760 1878 917 1913 ἀνδρόγυνοι

125 1924 191 1954 τοὺς
208 1923 318 1957 ἄνδρας.
339 1924 394 1949 Καὶ
415 1924 508 1957 μέντοι
530 1924 577 1949 καὶ
595 1923 755 1957 ’Λγησὶλαος
777 1924 916 1959 εὐμόρφου

125 1970 183 2004 ᾕρει
201 1969 305 2000 παιδὸς,
333 1969 380 1995 καὶ
405 1969 568 2004 βουλόμενος
591 1970 674 1996 αὑτὸν
695 1970 806 2004 φιλῆσαι
823 1969 917 1996 διεκώ-

123 2016 191 2041 λυεν
205 2016 310 2046 ἑαυτὸν,
327 2015 436 2050 φεύγων
452 2016 500 2051 τὴν
517 2016 629 2051 βλάϐην.
651 2016 679 2042 '0
694 2016 722 2042 δὲ
742 2015 915 2052 Ἀλέξανδρος

123 2061 188 2087 οὐδὲ
208 2061 272 2087 ἰδεῖν
293 2061 342 2092 τὰς
357 2061 469 2097 Δαρείου
485 2062 638 2098 θυγατέρας
654 2062 766 2093 εὐειδεῖς
783 2062 852 2096 ἄγαν
871 2063 917 2089 καὶ

124 2107 281 2143 παρθένους
300 2107 382 2139 οὔσας
395 2108 526 2142 ἠνέσχετο
541 2109 691 2146 παντελῶς,
713 2107 823 2142 αἰσχρὸν
838 2108 916 2142 νομί-

124 2163 177 2186 σας
190 2154 234 2190 [Ρ.
249 2153 312 2189 205]
326 2154 371 2180 τὸν
386 2155 485 2189 ἄνδρας
501 2154 597 2181 ἑλόντα
612 2154 664 2181 ὑπὸ
683 2154 821 2188 γυναικῶν
834 2155 916 2188 ἡττη-

124 2200 220 2235 θῆναι.
235 2199 313 2226 Οὕτω
327 2199 355 2225 δὲ
376 2199 422 2226 καὶ
439 2200 530 2235 Κῦρος
546 2200 560 2224 ὁ
578 2199 691 2234 Περσῶν
712 2199 837 2234 βασιλεὺς
855 2199 915 2225 οὐδὲ

977 264 1098 292 tinentiaa
1115 265 1222 292 edebat.
1236 263 1348 292 Solebat
1359 265 1433 293 enim
1447 264 1513 292 laeva
1527 272 1610 292 manu
1624 265 1761 301 pudenda,

976 311 1072 338 dextra
1084 311 1155 338 labia
1180 315 1284 345 tenere,
1306 313 1425 340 innuens
1450 313 1538 340 mullo
1567 313 1678 348 gravius
1699 321 1761 342 esse

975 358 1106 385 adversus
1123 357 1241 393 linguam
1255 362 1406 389 certamen.
1422 366 1454 386 ac
1476 358 1509 386 ad
1524 359 1698 387 securitatem
1727 361 1761 386 ab

975 410 1006 429 ea
1025 402 1207 436 prtrslandam
1223 403 1320 438 majori
1338 411 1406 438 opus
1426 411 1487 432 esse
1501 405 1637 440 praesidio.
1665 404 1763 432 Chiro—

975 454 1036 473 nem
1069 455 1177 482 quoque
1203 446 1371 474 Centaurum
1405 449 1492 476 Graeci
1517 455 1630 477 narrant
1650 449 1762 484 justilite

975 491 1061 519 fuisse
1073 496 1155 527 alque
1164 493 1299 520 castitatis
1308 494 1488 528 magistrum;
1506 495 1532 521 id
1542 495 1612 529 quod
1625 495 1761 523 Homerus

975 538 1056 565 etiam
1077 542 1203 571 testatur,
1219 538 1265 573 qui
1278 546 1339 565 eum
1356 539 1554 567 Centaurorum
1571 541 1607 568 ait
1620 541 1760 569 exstitisse

937 593 951 603 ι
971 585 1166 620 justissimum,
1180 585 1307 612 nimirum
1329 586 1364 612 ob
1380 585 1506 613 eximiam
1522 586 1695 614 tolerantiam
1718 593 1762 615 at-

974 641 1028 668 que
1041 634 1237 660 continentiam
1251 633 1429 668 corporisque
1442 633 1630 661 subactiouem
1655 639 1681 661 et
1695 642 1761 661 con-

973 678 1081 705 cinnam
1109 686 1214 706 curam.
1238 678 1315 706 Unde
1345 686 1440 706 rursus
1465 678 1540 706 Plato
1563 679 1703 706 evidenter
1722 681 1762 707 sic

974 725 1106 758 praecipit.
1133 725 1232 751 Curam
1259 724 1383 758 corporis
1400 732 1494 759 gerere
1511 729 1618 759 oportet
1642 733 1712 753 eam.
1731 730 1761 753 ut

972 778 1033 797 cum
1045 772 1136 796 anima
1153 776 1242 798 servet
1257 771 1442 802 harmoniam,
1454 775 1565 805 propter
1584 771 1656 806 quod
1671 776 1698 798 et
1721 772 1762 798 vi—

972 817 1022 848 vit,
1042 820 1069 843 et
1082 820 1155 844 recte
1174 816 1279 849 vivens,
1295 821 1322 844 et
1334 816 1457 844 veritatis
1470 817 1634 851 praeconium
1646 816 1759 844 faciens.

973 861 1018 888 Sic
1033 866 1060 889 et
1081 861 1109 889 ll.
1140 861 1242 890 Paulus
1269 863 1306 889 ait
1330 870 1410 890 suum
1428 871 1458 890 se
1473 871 1574 897 corpus
1590 863 1720 890 afﬂictare
1733 868 1762 891 et

948 907 956 926 ί
973 907 1110 940 subigere,
1126 907 1177 934 hoc
1193 912 1234 934 est
1246 908 1444 936 exercitatione
1455 917 1484 935 se
1502 909 1527 936 id
1540 909 1572 936 ad
1587 915 1687 936 statum
1701 917 1761 937 rec-

971 957 1026 979 tum
1044 953 1163 980 scienter
1178 954 1382 989 prudenterque
1403 963 1510 988 parare,
1524 961 1552 982 ιιι
1566 956 1590 982 id
1604 956 1656 983 sibi
1672 957 1698 983 in
1717 964 1761 983 rc-

971 997 1020 1024 bus
1034 997 1229 1031 prazstantibus
1246 998 1405 1033 adjmnento
1421 1000 1466 1032 sit,
1486 1007 1539 1026 non
1563 1001 1587 1026 ei
1605 1002 1761 1035 prospicere

970 1049 1030 1076 qua:
1061 1042 1162 1068 faciant
1187 1042 1219 1068 ad
1244 1042 1394 1069 lasciviam.
1409 1043 1469 1076 Quo
1488 1044 1549 1070 loco
1570 1052 1631 1071 cum
1659 1046 1760 1073 uostris

971 1087 1100 1122 praeclare
1115 1088 1244 1114 convenit
1260 1087 1377 1122 Platoni,
1403 1089 1448 1124 qui
1467 1097 1516 1118 nos
1534 1090 1612 1124 jubet
1632 1098 1761 1119 necessa-

969 1134 1038 1160 riam
1058 1141 1088 1160 ac
1098 1133 1216 1160 debitam
1228 1135 1353 1170 corporis
1364 1143 1457 1162 curam
1472 1144 1578 1171 gerere.
1595 1136 1668 1164 Idem
1682 1145 1761 1164 mon-

970 1179 1066 1206 stravit
1081 1182 1162 1213 atque
1173 1179 1255 1214 359
1273 1180 1401 1214 patefecit
1412 1182 1548 1216 quomodo
1557 1183 1632 1217 pravi
1648 1182 1761 1211 allectus

970 1225 1052 1252 animi
1071 1225 1208 1256 oriantur,
1227 1231 1434 1261 augeanturqu
1459 1228 1623 1262 cupiditates
1642 1230 1720 1257 malae
1734 1235 1762 1258 et

969 1271 996 1297 in
1014 1273 1240 1299 consuetudinem
1270 1273 1380 1300 abeunt.
1398 1273 1518 1308 Initium,
1538 1275 1637 1310 inquit,
1659 1277 1761 1306 amoris

969 1321 1013 1343 est
1029 1325 1043 1343 a
1059 1317 1138 1344 visu:
1155 1325 1234 1353 auget
1250 1325 1342 1346 autem
1357 1314 1418 1346 eu'm
1433 1319 1559 1348 allectum
1585 1329 1661 1357 spes,
1676 1324 1761 1351 nutrit

971 1364 1114 1395 memoria,
1136 1369 1281 1392 conservat
1310 1367 1490 1393 consuetudo.
1513 1366 1606 1402 Itaque
1633 1367 1761 1398 Socrates

970 1409 1086 1435 docebat
1105 1409 1191 1437 vitare
1207 1408 1386 1444 conspectum
1404 1416 1429 1438 et
1449 1413 1543 1440 oscula
1566 1413 1760 1450 formosorum,

970 1454 1041 1488 quod
1057 1455 1112 1481 hzee
1138 1456 1214 1482 virus
1242 1457 1418 1492 scorpionum
1431 1463 1458 1485 et
1486 1464 1643 1493 serpentum
1656 1469 1761 1490 veneno

971 1501 1131 1527 damnosius
1143 1502 1330 1539 imminerent.
1354 1503 1471 1539 Ideoque
1484 1513 1599 1534 cernens
1614 1509 1759 1542 quemdam

971 1545 1092 1574 formoso
1105 1547 1269 1576 adolescenti
1284 1550 1409 1577 osculum
1422 1548 1511 1579 daret
1528 1552 1587 1586 Hie,
1605 1556 1705 1590 inquit,
1718 1557 1759 1584 vel

972 1593 999 1620 in
1014 1593 1134 1628 gladium
1168 1595 1286 1624 insiliret
1311 1597 1353 1624 vel
1375 1598 1401 1624 in
1424 1599 1512 1633 ignem
1541 1609 1571 1628 se
1589 1601 1728 1636 abjiceret.
1749 1613 1758 1628 ι

972 1639 1130 1674 scilicetqui
1149 1644 1252 1668 tantum
1268 1643 1293 1669 in
1315 1644 1404 1679 seipso
1425 1652 1520 1681 rogum
1537 1650 1688 1677 accendere
1711 1658 1760 1678 au-

973 1692 1020 1712 sus
1040 1691 1123 1714 esset.
1144 1686 1277 1722 Diogenes
1293 1695 1385 1717 autem
1405 1691 1638 1722 adolescentulum
1659 1697 1758 1725 videns

970 1731 1100 1760 lascivius
1115 1741 1196 1768 quam
1225 1743 1286 1762 eum
1315 1743 1410 1764 sexum
1428 1738 1506 1766 decet
1534 1746 1672 1774 ornatum,
1691 1753 1700 1769 ι
1717 1744 1746 1771 Si

971 1777 1095 1811 quidem,
1117 1779 1216 1814 inquit,
1235 1781 1303 1808 viris
1322 1785 1347 1809 te
1360 1783 1395 1810 ita
1408 1791 1501 1818 ornas,
1511 1785 1697 1816 infortunatus
1706 1797 1758 1817 es:

971 1824 1014 1850 sin
1042 1824 1215 1858 mulieribus,
1235 1826 1335 1860 injuste
1349 1828 1427 1855 facis.
1442 1839 1452 1854 ι
1471 1830 1537 1857 Nam
1554 1832 1604 1858 viri
1630 1835 1758 1863 mulieres

970 1874 1067 1897 ornatu
1078 1875 1199 1906 captant,
1222 1873 1350 1900 mulieres
1364 1879 1455 1902 autem
1481 1881 1508 1902 ct
1527 1879 1648 1906 semiviri
1673 1881 1756 1909 viros.

970 1915 1193 1951 SuneAgesilaus
1207 1925 1317 1952 quoque
1337 1919 1488 1947 formosum
1508 1923 1618 1951 amabat
1627 1932 1753 1960 puerum,

969 1970 1089 1997 eumque
1108 1963 1233 1990 osculum
1259 1965 1311 1992 sibi
1346 1966 1478 1993 ferentem
1510 1969 1617 2003 rejecit,
1649 1972 1756 2000 evitaus

969 2007 1113 2034 damnum.
1132 2007 1285 2037 Alexander
1299 2009 1373 2037 Darii
1387 2010 1466 2045 filias,
1481 2011 1616 2042 formosas
1624 2016 1755 2051 virgines,

969 2060 1002 2079 ne
1025 2053 1119 2081 videre
1147 2054 1257 2089 quidem
1283 2057 1380 2088 voluit,
1417 2060 1497 2092 turpe
1519 2063 1595 2088 ratus
1623 2069 1684 2088 eum
1710 2065 1756 2098 qui

967 2100 1042 2126 viros
1056 2100 1168 2128 vicisset
1195 2108 1209 2127 a
1225 2102 1387 2130 mulieribus
1404 2103 1485 2131 vinci.
1497 2104 1535 2132 Ita
1547 2105 1633 2142 Cyrus
1647 2116 1757 2144 quoque

967 2144 1111 2172 Persarum
1138 2154 1184 2173 rex
1207 2155 1295 2182 neque
1332 2149 1430 2176 intueri
1464 2151 1594 2178 sustinuit
1636 2155 1753 2187 puellam

967 2192 1113 2227 quamdam
1136 2193 1186 2226 ipsi
1198 2198 1366 2228 exemptam,
1383 2195 1463 2229 cujus
1473 2196 1644 2226 admirabilis
1668 2199 1756 2228 forma

121 2246 277 2273 θεάσασθαι
291 2246 376 2281 κόρην
386 2245 448 2272 τινὰ
463 2246 620 2281 θαυμασίαν
635 2246 829 2280 ἀφορισθεῖσαν
841 2245 916 2280 αὐτῷ

971 2238 1195 2272 pnedicabatur:
1215 2239 1282 2271 quin
1295 2243 1321 2266 et
1333 2240 1357 2266 ei
1384 2241 1430 2275 qui
1457 2248 1487 2268 se
1510 2250 1570 2270 eam
1604 2245 1701 2273 crebro
1713 2248 1756 2275 vi-

121 2294 174 2320 καὶ
192 2294 334 2328 ἀμήχανον
347 2293 441 2325 κάλλος
465 2293 535 2329 ἔχειν
555 2293 783 2328 μαρτυρουμένην
804 2293 914 2320 κατεδέ-

122 2340 203 2373 ξατο,
220 2339 288 2366 ἀλλά
301 2348 332 2373 γε
348 2340 394 2366 καὶ
412 2339 451 2374 τῷ
465 2339 563 2374 ὁρῶντι
577 2339 696 2374 συνεχῶς
714 2339 762 2365 καὶ
783 2338 865 2374 μηδὲν
882 2340 915 2365 ὲκ

120 2385 222 2411 τούτου
236 2385 323 2411 δεινὸν
339 2385 456 2420 πάσχειν
479 2385 585 2418 λέγοντι
609 2384 727 2419 παρῄνει
745 2385 812 2418 μήτε
825 2385 914 2417 λέγειν

119 2431 205 2458 τοῦτο
226 2433 294 2466 μήτε
315 2431 454 2466 πράττειν.
468 2440 477 2456 ‹
488 2431 524 2457 Τὸ
542 2431 590 2464 μὲν
603 2431 657 2464 γὰρ
674 2429 738 2465 πῦρ,
761 2431 837 2464 φησὶ,
851 2431 914 2462 τοὺς

121 2475 242 2511 πλησίον
262 2475 350 2510 πάντη
371 2475 492 2505 ἑστῶτας
513 2475 606 2505 καίει,
631 2474 662 2499 τὸ
691 2474 718 2499 δὲ
743 2473 840 2503 κάλλος
867 2473 914 2499 καὶ

121 2522 190 2549 τοὺς
208 2522 349 2557 πόρρωθεν
365 2520 496 2552 ἑστῶτας.
514 2529 523 2544 ι
547 2519 622 2546 Ἐπεὶ
639 2519 685 2545 οὖν
700 2518 728 2545 τὸ
742 2519 807 2554 ὲρᾷν
821 2520 852 2544 ἐκ
866 2517 913 2544 τοῦ

121 2568 193 2602 ὶ-ρνᾷ
205 2568 326 2594 τίκτεται
340 2568 388 2593 καὶ
403 2567 435 2592 ἐκ
450 2566 497 2592 τοῦ
514 2566 580 2600 ὲρᾷν
596 2565 612 2600 ἡ
628 2565 827 2598 συγκατάθεσις
839 2564 914 2597 γίνε-

119 2622 170 2639 ται
186 2614 233 2639 καὶ
245 2614 277 2639 ὲκ
292 2613 341 2648 τῆς
357 2610 581 2646 συγκαταθέσεως
597 2612 613 2646 ἡ
628 2609 724 2644 πρᾶξις
737 2609 912 2640 ἐπιτελεῖται,

118 2659 168 2687 διὰ
184 2659 265 2686 τοῦτο
276 2659 322 2685 καὶ
336 2660 349 2685 ό
361 2658 478 2694 Χριστὸς
494 2658 540 2684 τὸν
551 2657 708 2688 ἀκολάστως
722 2656 852 2682 ἑστιῶντα
865 2656 913 2687 τὰς

117 2706 202 2741 ξψεις
216 2706 311 2741 μοιχὸν
324 2705 441 2740 ἔκρινεν,
453 2705 483 2731 οὐ
499 2704 546 2737 τὴν
560 2703 660 2739 πρᾶξιν
678 2703 772 2737 μόνην,
788 2702 855 2728 ἀλλὰ
866 2702 913 2728 καὶ

114 2753 171 2787 τὴν
198 2752 304 2779 ἔννοιαν
327 2751 563 2786 προαναστέλλων.
594 2749 648 2775 Καὶ
672 2749 686 2773 ὁ
710 2748 858 2783 Σωκράτης
885 2747 913 2774 δὲ

115 2800 206 2826 πάλιν
223 2798 408 2833 φυλάττεσθαι
434 2796 536 2831 σφόδρα
561 2795 607 2821 καὶ
630 2793 848 2829 παρατηρεῖσθαι
863 2793 912 2826 τὴν

115 2846 261 2881 ἀκρασίαν
296 2844 429 2872 διδάσκων
457 2843 508 2878 ἔφη
539 2842 575 2876 μὴ
602 2840 752 2871 πεινῶντας
785 2839 845 2865 λίαν
874 2839 912 2874 μὴ

108 2894 235 2925 ἐσθίειν,
252 2890 322 2928 μηδὲ
338 2891 472 2925 διψῶντας
487 2889 573 2917 πολλὰ
597 2889 633 2924 μὴ
650 2889 752 2915 πίνειν·
770 2887 882 2921 καὶγὰρ
901 2888 914 2914 ό
934 2886 1027 2922 κύριος
1053 2886 1205 2932 ἐμακάρισε
1226 2889 1288 2918 τοὺς
1315 2889 1449 2920 τοιούτους
1488 2890 1514 2914 ἓν
1540 2891 1593 2920 τοῖς

115 2942 214 2977 σμοῖς.

969 2285 1033 2310 dere
1054 2283 1214 2318 nequeinde
1237 2284 1386 2319 quidquam
1403 2285 1466 2312 mali
1478 2286 1580 2315 habere
1599 2289 1754 2326 dictitabat,

969 2330 1057 2356 suasit
1073 2337 1106 2356 ne
1121 2329 1173 2356 hoc
1190 2329 1231 2356 vel
1249 2329 1349 2357 faceret
1366 2331 1406 2356 vel
1423 2331 1545 2366 diceret;
1571 2334 1659 2368 ignem
1680 2337 1754 2364 enim

968 2376 1080 2402 omnino
1094 2380 1217 2403 astantes
1229 2384 1319 2408 urere,
1335 2376 1436 2403 amoris
1452 2377 1608 2406 incendium
1622 2381 1704 2408 etiam
1717 2383 1752 2410 ad

968 2428 1089 2449 remotos
1097 2422 1382 2457 pertinere.Quoniam
1392 2423 1562 2459 igitur360
1569 2433 1601 2452 ex
1609 2425 1669 2454 visu
1678 2435 1757 2455 amor

970 2469 1102 2500 nascitur,
1120 2469 1198 2503 isque
1220 2475 1397 2500 consensum,
1415 2476 1568 2497 consensus
1592 2471 1700 2501 facinus
1714 2475 1756 2510 gi-

969 2515 1037 2550 gnit,
1053 2515 1156 2543 idcirco
1171 2515 1299 2542 Christus
1319 2523 1381 2542 eum
1394 2516 1440 2549 qui
1458 2517 1553 2545 oculos
1566 2519 1755 2555 intemperan-

970 2565 1011 2588 ter
1024 2561 1112 2596 pascit
1128 2561 1436 2593 adulterumindicavit,
1450 2570 1506 2590 non
1518 2571 1532 2589 a
1547 2564 1619 2592 facto
1635 2570 1752 2600 tantum,

969 2607 1016 2634 sed
1028 2607 1163 2634 maturius
1181 2607 1263 2634 etiam
1290 2615 1304 2633 a
1323 2608 1493 2642 cogitatione
1515 2609 1752 2642 factidebortans.

967 2653 1088 2681 Rursum
1123 2653 1261 2687 Socrates,
1292 2661 1354 2680 cum
1393 2654 1473 2682 docet
1515 2656 1753 2691 intemperantiam

967 2707 1142 2734 summopere
1152 2700 1249 2734 vitare,
1259 2700 1312 2728 nisi
1329 2700 1476 2728 admodum
1504 2703 1671 2732 esurientem
1697 2714 1752 2733 non

967 2745 1048 2773 edere
1073 2755 1163 2781 neque
1187 2747 1281 2773 bibere
1305 2747 1357 2773 nisi
1388 2747 1542 2776 vehementi
1571 2755 1686 2784 urgente
1708 2752 1752 2778 siti

965 2792 1052 2827 jubet.
1073 2793 1111 2819 Ac
1126 2793 1253 2820 Christus
1279 2801 1389 2828 quoque
1410 2794 1479 2820 tales
1503 2796 1596 2823 beatos
1610 2797 1750 2831 przedimt.

968 2839 994 2866 in
1010 2839 1170 2866 bealitatum
1190 2841 1409 2867 enumeratione.

1634 2898 1749 2923 λιχκΐιριι
