2020 3156
236 171 290 206 403

881 177 1040 208 GEORGII
1061 178 1227 209 CEDRENI

1809 169 1863 200 40!

239 241 288 260 sua
303 236 437 268 potestate
450 233 606 265 habentem,
629 231 734 265 Simon,
747 231 794 267 qui
813 236 890 260 extra
917 234 1024 261 turbam

1087 235 1159 260 ιόνον
1175 232 1302 268 ἀληθινὸν
1315 230 1392 264 Θεὸν,
1414 230 1428 256 ὀ
1442 230 1543 265 Σίμων,
1558 227 1610 260 ἔξω
1619 223 1665 254 τοῦ
1676 226 1755 262 ὄχλου
1775 224 1864 254 ἑστὼς

238 279 357 310 astabat,
368 279 492 306 clamavit
508 277 594 310 :Quid
617 277 728 304 conaris
744 277 898 304 mentiendo
910 278 936 304 iu
949 285 1024 304 erro-

239 333 296 352 rem
325 325 458 351 ahducere
489 323 583 349 rudem
612 323 814 349 multitudinem
832 322 881 348 tibi
905 323 1024 350 circurn-

239 370 346 397 fusam?
360 368 508 404 persuades
523 369 563 395 eis
579 369 644 396 deos
656 376 743 403 neque
756 369 920 403 putandum,
937 375 1025 403 neque

240 416 351 442 omnino
376 423 448 441 esse.
474 415 557 449 Atqui
574 414 730 442 Elu'acorum
757 415 820 442 libri
841 415 941 442 multos
965 421 1025 441 esse

239 464 305 489 deos
320 462 467 488 alliruiant.
484 461 542 489 .lam
558 469 638 496 quem
653 466 681 489 tu
697 462 830 496 praedicas
852 462 947 492 Deum.
959 461 1024 496 quid

239 509 262 537 si
276 515 326 542 ego
345 507 489 534 ostendam
507 515 570 535 eum
596 516 649 534 non
665 516 726 535 esse
753 516 910 542 supremqu
937 515 1025 542 neque

238 553 477 588 omnipotentem?
491 553 559 580 Cum
577 558 603 580 et
625 553 709 580 futuri
735 553 847 587 ignarus
872 553 906 579 sit
921 556 949 579 et
974 553 1026 579 im-

239 599 376 632 perfectus
404 603 431 626 et
448 606 548 626 carens
575 599 713 632 aliquibus
738 599 830 631 rebus,
858 605 912 625 non
928 598 1024 628 honus,

238 645 286 672 sed
303 645 388 673 variis
407 645 545 673 obnoxius
565 644 799 680 perpessionibus.
816 645 906 675 Certe,
928 644 951 671 si
966 651 1028 671 ves-

240 692 290 718 tris
307 690 418 718 Litteris
433 691 557 724 creditis,
576 691 745 725 relinquetur
759 690 842 716 alium
865 697 925 716 esse
940 690 1026 717 Deum

240 737 325 764 futuri
349 737 506 770 prmseium.
530 736 691 771 perlectum,
712 736 814 763 nullius
837 735 876 762 rei
894 735 1026 769 indigum,

241 783 353 814 bonum,
367 782 433 809 nulli
450 782 618 817 perpessioni
638 782 807 815 obnOXium;
826 789 940 816 quorum
961 789 1029 808 con-

241 828 325 856 traria
342 829 447 856 suntin
464 836 496 856 eo
524 832 603 863 Quem
633 833 661 855 tu
692 829 818 863 cpiiicem
841 827 934 854 mundi
954 835 1029 854 sutri-

243 883 371 910 niumque
390 875 473 903 Deum
495 876 595 911 jactas.
619 875 677 902 Jaui
693 875 808 910 pt‘ltltlltll
829 875 961 906 Adamus,
981 874 1028 908 qui

243 921 276 948 ad
296 921 335 948 tui
352 921 398 948 Dei
415 922 559 956 imaginem
574 927 615 949 est
632 921 771 953 conditus,
788 928 880 948 cacus
894 920 1031 956 funerea-

243 970 287 993 tus
302 966 511 1001 cognitioneque
523 967 587 993 boni
602 971 629 993 et
645 966 709 993 mali
729 973 845 999 carens;
867 965 1031 1000 peccatique

245 1013 407 1040 manifestus
435 1013 564 1047 paradiso
578 1013 687 1048 ejicitur
703 1018 730 1040 et
754 1018 842 1039 morte
871 1012 1031 1040 damnatur.

244 1058 377 1085 Similiter
401 1060 425 1086 is
439 1059 485 1094 qui
513 1060 595 1086 istum
621 1059 709 1092 llnxit,
739 1066 794 1086 non
821 1059 922 1093 ubique
947 1058 1031 1085 videt.

243 1106 337 1139 Itaque
352 1104 386 1132 de
415 1105 522 1132 excidio
551 1104 734 1132 Sodomorum
753 1105 794 1132 sic
821 1105 860 1131 ait
885 1103 962 1138 (Gen.
988 1103 1033 1131 18)

247 1151 432 1178 «Descendam
446 1151 535 1178 visum
545 1158 578 1177 ac
591 1151 741 1184 cognitum,
752 1157 786 1176 an
800 1150 837 1176 ita
852 1153 949 1183 agatur
963 1149 1033 1183 apud

243 1203 290 1224 eos
305 1195 344 1223 uti
360 1195 394 1222 ad
407 1203 450 1223 me
462 1195 567 1222 clamor
575 1194 698 1229 per-tulit,
710 1201 808 1221 necne.
826 1203 835 1219 ι
850 1193 956 1226 Quibus
968 1200 1035 1220 sane

243 1241 336 1269 verbis
364 1248 442 1268 suam
474 1241 672 1275 ignoratiorr-m
703 1238 805 1275 prodit.
822 1238 883 1266 Jam
914 1247 974 1273 quae
1001 1239 1036 1267 de

243 1287 349 1315 Adamo
361 1287 430 1314 dicit
444 1285 524 1322 (Gen.
535 1286 574 1320 5),
590 1286 739 1320 Ejiciamus
754 1293 827 1319 eum,
839 1293 872 1313 ne
890 1285 1036 1319 aliquando

245 1341 324 1360 suam
345 1340 457 1360 manum
478 1332 569 1359 arbori
595 1333 658 1359 vita:
673 1331 797 1359 intendat
812 1332 926 1366 ejusque
945 1332 1036 1358 fructu

245 1377 328 1413 365
345 1385 459 1406 vescens
478 1378 641 1405 immortalis
653 1378 708 1411 ﬁat,
725 1366 799 1404 certa
822 1381 887 1404 sunt
905 1377 1036 1410 ignoran-

249 1424 292 1451 tia:
308 1423 472 1458 invidiaeque
489 1423 576 1458 signa.
596 1423 673 1450 Sicut
700 1423 758 1450 haec
771 1423 793 1438 “
809 1431 817 1449 :
832 1422 963 1450 Ptenituit
979 1421 1037 1449 sive

248 1469 436 1497 consideravit
452 1468 522 1496 Deus
538 1469 610 1502 quod
637 1469 774 1495 hominem
800 1471 933 1499 creasset,
954 1475 1037 1501 argu-

249 1518 342 1542 mento
369 1518 435 1542 sunt
457 1521 518 1541 eum
545 1514 710 1548 pmniludiui
729 1514 878 1541 obnoxium
905 1519 938 1540 ac
964 1513 1038 1539 futu-

1076 278 1224 313 ἐϐὁησε,ΤΞ
1235 277 1398 312 ψευδόμενος
1409 276 1518 310 ἀπατᾷν
1535 275 1622 305 Θέλεις
1637 273 1683 300 τὸν
1698 270 1865 307 παρεστῶτα

1077 333 1117 351 σοι
1135 324 1243 358 ἰδιώτην
1260 323 1349 358 ὄχλον,
1368 322 1470 349 πείθων
1493 321 1592 352 αὐτοὺς
1608 319 1686 350 θεοὺς
1702 318 1771 353 μήτε
1787 316 1864 350 νομέα

1075 368 1132 400 ζειν
1148 370 1215 404 μήτε
1233 367 1313 400 εἷναι,
1329 368 1431 403 καίπερ
1442 366 1497 393 τῶν
1511 365 1577 401 παρ’
1599 364 1735 400 Ἑϐραίοις
1752 362 1866 398 βιϐλίων

1075 416 1208 450 λεγόντων
1235 415 1349 446 πολλοὺς
1369 414 1447 444 θεοὺς
1465 411 1551 444 sive“;
1576 411 1651 446 Πλὴν
1679 408 1726 437 οὖν
1751 409 1816 444 περὶ
1834 405 1866 434 οὗ

1076 461 1143 495 ἔφης
1153 460 1230 491 θεοῦ,
1247 461 1271 486 εί
1280 460 1359 493 δείξω
1375 459 1430 493 ἐγὼ
1445 458 1484 493 μὴ
1497 457 1576 484 αὑτὸν
1589 454 1659 483 εἶναι
1670 456 1717 481 τὸν
1729 454 1865 480 ἀνωτάτω

1077 507 1122 533 καὶ
1139 506 1341 540 παντοδύναμον
1358 505 1435 537 Θεὸν,
1450 504 1518 530 καθὸ
1534 500 1730 536 ἁπρόγνωστός
1743 501 1802 526 ἐστι
1818 500 1869 524 καὶ

1076 553 1173 587 ἀτελὴς
1188 554 1235 578 καὶ
1251 552 1343 586 ἐνδεὴς
1359 552 1406 577 καὶ
1420 551 1470 576 οὐκ
1489 549 1590 584 ἀγαθὸς
1603 547 1652 574 καὶ
1665 546 1773 577 πολλοῖς
1796 546 1868 571 ὑπο-

1076 599 1201 632 κείμενος
1217 597 1315 624 πάθεσι
1331 596 1401 623 κατὰ
1415 596 1465 631 τὴν
1480 595 1618 630 ὑμετέραν
1633 593 1756 628 Γραφὴν,
1771 592 1870 625 ἕτερος

1077 644 1186 674 πάντως
1204 642 1391 677 περιλείπεται
1404 639 1609 677 προγνωστικὸς
1624 639 1726 668 τέλειος
1738 637 1871 669 ἀνενδεὴς

1077 689 1178 723 ἀγαθὸς
1187 689 1234 714 καὶ
1245 688 1345 719 παντὸς
1355 686 1457 718 πάθους
1466 684 1686 720 ἀπηλλαγμένος·
1697 683 1726 708 ὂν
1733 682 1760 708 δὲ
1773 682 1805 708 σὺ
1815 681 1872 715 φῂς

1077 734 1243 770 δημιουργὸν
1256 734 1303 760 καὶ
1314 732 1521 768 ὑπέρθεον,τοίς
1535 729 1666 759 ἐναντίοις
1679 727 1871 761 ἀντικείμενος

1078 780 1206 814 ὑπάρχει.
1220 779 1324 806 Αὐτίκα
1341 777 1407 811 γοῦν
1416 778 1430 803 6
1439 776 1500 803 καθ’
1510 775 1638 811 ὁμοίωσιν
1649 773 1732 800 αὑτοῦ
1747 771 1872 806 γεγονὼς

1085 826 1172 860 Ἀδὰμ
1199 825 1246 852 καὶ
1271 824 1369 858 τυφλὸς
1394 823 1516 854 κτίζεται
1542 821 1588 847 καὶ
1612 820 1713 853 γνῶσιν
1734 817 1871 852 ἀγαθοῦῆ

1081 872 1167 900 κακοῦ
1184 873 1220 907 μὴ
1235 872 1315 906 ἔχων,
1328 869 1490 905 παραϐάτης
1505 868 1673 903 εὑρίσκεται,
1690 867 1738 893 καὶ
1752 865 1800 892 τοῦ
1819 872 1875 890 πα-

1082 918 1208 953 ραδείσου
1235 917 1406 947 ἐκϐάλλεται,
1432 916 1478 942 καὶ
1512 913 1620 948 θανάτῳ
1646 911 1872 942 καταδικάζεται.

1087 965 1203 999 Ὁμοίως
1221 972 1251 990 τε
1274 964 1288 990 6
1310 963 1416 993 πλάσας
1439 960 1531 992 αὑτδν,
1560 959 1654 993 ἐπειδὴ
1678 958 1715 993 μὴ
1731 956 1873 990 πανταχοῦ

1083 1010 1187 1045 βλέπει,
1214 1010 1259 1035 ἐπὶ
1275 1010 1307 1044 τῇ
1335 1009 1391 1035 τῶν
1409 1008 1534 1041 Σοδόμων
1554 1006 1729 1040 καταστροφῇ
1746 1003 1790 1038 [Ρ.
1806 1002 1874 1037 2081

1083 1057 1166 1091 λέγει·
1180 1056 1331 1089 (ξΚαταῢὰς
1339 1055 1440 1089 ὂψομαι
1456 1054 1481 1079 εἰ
1495 1052 1565 1079 κατὰ
1580 1052 1628 1087 τὴν
1644 1049 1768 1086 κραυγὴν
1783 1048 1875 1076 αὐτῶν

1085 1103 1133 1138 τὴν
1148 1102 1301 1137 ἐρχομένην
1317 1100 1384 1135 πρὸς
1401 1108 1434 1134 με
1454 1097 1645 1125 συντελοῦνται
1655 1105 1662 1111 ·
1677 1097 1701 1122 εἰ
1718 1096 1747 1122 δὲ
1763 1095 1812 1130 μὴ,
1830 1095 1876 1120 ἵνα

1085 1147 1152 1181 γνῶ,
1166 1155 1174 1171 ι
1191 1146 1238 1172 καὶ
1255 1144 1350 1171 ἑαυτὸν
1364 1142 1654 1177 ἀγνοοῦνταιδείκνυσι.
1673 1142 1726 1167 Καὶ
1742 1140 1773 1166 τὸ
1786 1141 1876 1166 εἰπεῖν

1086 1192 1151 1227 περὶ
1166 1191 1214 1217 τοῦ
1234 1190 1329 1224 Ἀδὰμ,
1350 1189 1526 1223 Ἐκϐάλωμεν
1542 1187 1634 1219 αὑτὸν,
1656 1187 1761 1221 μήποτε
1783 1186 1878 1212 ἐκτεί-

1086 1245 1134 1268 νας
1151 1237 1201 1271 τὴν
1219 1237 1298 1270 χεῖρα
1321 1235 1404 1261 αὑτοῦ
1422 1235 1525 1268 ἅψηται
1549 1233 1596 1259 τοῦ
1615 1232 1693 1265 ξύλον
1716 1232 1764 1266 τῆς
1790 1230 1876 1264 ζωῆς,

1086 1283 1133 1309 καὶ
1153 1281 1249 1315 φαγὼν
1273 1281 1385 1316 ζήσεται
1404 1280 1444 1311 εις
1465 1279 1512 1306 τὸν
1539 1278 1626 1305 αίῶνα
1649 1277 1812 1312 ἀγνοοῦντος
1831 1277 1878 1302 καί

1087 1326 1247 1363 φθονοῦντός
1266 1328 1325 1353 ὲστι
1349 1325 1494 1360 σύμϐολον.
1511 1325 1617 1358 Ὠσπερ
1635 1323 1684 1349 καὶ
1706 1322 1736 1349 τὸ
1765 1321 1879 1348 Ἔνεθυ-

1089 1374 1162 1410 μήΘη
1174 1375 1188 1400 ὁ
1205 1372 1271 1403 Θεδς
1286 1371 1327 1398 ὅτι
1342 1371 1454 1404 ἐποίησε
1469 1370 1515 1396 τὸν
1532 1368 1676 1403 ἄνθρωπον
1693 1365 1878 1402 μεταμελείας

1088 1421 1146 1447 ἔστὶ
1162 1420 1209 1446 καὶ
1220 1418 1329 1452 ἀγνοίας
1343 1417 1494 1451 τεκμήριον
1509 1415 1564 1442 τῶν
1579 1414 1743 1450 μελλόντων.
1763 1413 1819 1439 Καὶ
1832 1412 1876 1443 τὸ,

1095 1464 1250 1500 Ὧσςρᾶνθη
1266 1463 1367 1498 Κύριος
1384 1463 1472 1496 ὀσμὴν
1487 1461 1600 1492 εὐωδίας
1616 1459 1721 1490 ἐνδεοῦς
1745 1460 1804 1485 ἐστι
1828 1466 1880 1492 ση-

1092 1513 1176 1546 μεῖον,
1193 1510 1229 1542 ὡς
1245 1509 1292 1536 καὶ
1309 1509 1339 1535 τὸ
1352 1508 1493 1543 πειράζειν
1509 1507 1555 1533 τὸν
1576 1505 1702 1540 Ἀϐραὰμ
1718 1504 1765 1531 καὶ
1780 1503 1880 1533 ἄλλους

248 1568 344 1588 rorum
373 1561 497 1588 nescium
525 1567 598 1587 esse.
615 1559 683 1586 Tum
709 1560 767 1586 hac
779 1560 802 1575 "
819 1567 826 1586 :
844 1558 944 1586 Olfecit
966 1558 1035 1585 Dens

1089 1559 1139 1585 οὐκ
1152 1556 1254 1591 ἀγαθοῦ
1269 1557 1343 1582 ὲστιν
1360 1554 1495 1586 ἀπόδειξις
1509 1554 1555 1580 καὶ
1574 1553 1604 1579 τὺ
1615 1552 1692 1583 τέλος
1709 1552 1759 1585 τῆς
1772 1551 1881 1584 ὑπομο-

251 1605 364 1633 odorem
404 1612 536 1638 suavem,
570 1604 762 1632 demonstrant
797 1603 935 1638 aliquibus
976 1611 1036 1630 eunt

252 1651 386 1686 indigere.
402 1651 435 1677 Et
452 1650 525 1685 quod
546 1649 731 1678 Abrahaninm
760 1649 884 1683 aliosque
914 1649 1037 1679 tentavit,

254 1703 306 1723 non
324 1701 367 1723 est
384 1695 494 1730 signum
514 1695 592 1726 boni,
619 1700 645 1721 et
661 1695 707 1729 qui
731 1693 914 1721 constantiam
943 1699 1037 1720 eorum

255 1745 450 1775 prmnosceret.
479 1740 519 1768 Ad
547 1740 604 1767 haec
639 1739 754 1767 Petrus:
792 1738 820 1766 Si
848 1746 937 1765 aecus
968 1741 1036 1769 erat,

254 1786 354 1821 inquit.
378 1786 512 1819 Adamus,
533 1785 671 1820 quomodo
683 1783 817 1811 mandans
835 1784 858 1810 ei
873 1783 944 1810 Deus
961 1791 1039 1808 mon-

253 1833 350 1859 stravit
366 1832 492 1861 arborem
526 1831 693 1866 cognitionis
719 1830 782 1857 boui
811 1835 837 1856 et
860 1829 935 1860 mali,
964 1833 991 1854 el.
1007 1835 1038 1855 ea

252 1879 391 1906 abstinere
404 1878 509 1912 jussit?
526 1877 676 1912 Respondit
704 1875 800 1903 Simon
824 1875 924 1902 mentis
954 1875 1039 1900 fuisse

252 1932 310 1951 eam
326 1924 488 1951 cmcitatem.
511 1923 580 1950 Tum
606 1922 721 1949 Petrus:
740 1921 791 1954 Qui
820 1928 885 1947 vero
912 1927 988 1947 caeca
1014 1920 1039 1945 ei

253 1970 436 2001 l'ucritmens,
449 1970 497 2004 qui
512 1973 575 2001 ante
591 1976 668 1995 esum
693 1968 767 1994 veliti
795 1967 899 1994 fructus
927 1965 1039 1992 nomina

252 2018 382 2045 omnibus
395 2015 562 2043 animalibus
579 2019 641 2048 apte
657 2013 808 2047 imposuit?
823 2012 890 2039 Nam
905 2011 1039 2038 Adamum

257 2064 396 2097 Evamque
420 2061 551 2088 habuisse
580 2064 607 2087 et
634 2059 716 2085 animi
743 2063 769 2085 et
798 2057 922 2092 corporis
945 2057 1040 2085 oculos

254 2115 373 2144 apertos,
383 2116 416 2136 ex
431 2108 474 2135 his
489 2107 604 2142 liquet“
621 2114 628 2132 :
647 2115 656 2131 ι
670 2104 754 2136 Vidit,
766 2105 897 2138 scriptum
921 2108 973 2135 est,
986 2111 1043 2129 mu-

255 2156 306 2182 lier
332 2154 469 2186 arborem,
492 2151 564 2187 quod
580 2151 687 2178 fructus
700 2151 760 2185 ejus
776 2150 833 2176 esui
853 2153 933 2183 aptus
961 2153 1042 2183 atque

262 2205 375 2235 aspectu
395 2203 489 2235 gratus
506 2198 672 2233 elegansque
707 2200 799 2227 esset;
827 2194 1000 2229 fructumque
1010 2201 1043 2220 ex

1088 1605 1136 1636 νῆς
1148 1602 1311 1639 προειδότος.
1332 1602 1362 1627 'O
1375 1601 1404 1626 δὲ
1422 1601 1522 1633 Πέτρος
1537 1600 1588 1634 ἔφη
1603 1598 1671 1634 πρὸς
1686 1597 1732 1623 τὸν
1755 1596 1878 1630 Σίμωνα·

1090 1650 1120 1676 Εἰ
1137 1648 1235 1683 τυφλὸς
1251 1647 1374 1681 ἐπλάσθη
1389 1646 1402 1672 6
1421 1645 1516 1680 Ἀδὰμ,
1530 1646 1567 1676 ὡς
1586 1645 1688 1677 λέγεις,
1704 1643 1763 1674 πῶς
1786 1644 1880 1668 ἐντελ-

1089 1696 1201 1729 λόμενος
1226 1694 1300 1729 αὑτῷ
1328 1695 1342 1720 6
1368 1692 1435 1723 Θεὸς
1450 1692 1526 1724 ἔλεγε
1542 1689 1684 1719 δεικνύων,
1705 1689 1758 1715 ἀπὸ
1779 1689 1808 1714 δὲ
1831 1687 1880 1713 τοῦ

1091 1742 1170 1774 ξύλου
1184 1740 1230 1766 τοῦ
1242 1739 1387 1774 γινώσκειν
1402 1737 1484 1764 καλὸν
1502 1737 1549 1763 καὶ
1562 1736 1679 1771 πονηρὸν
1690 1736 1719 1762 οὐ
1737 1734 1859 1768 φάγεσθε
1872 1742 1880 1763 :

1090 1788 1145 1815 Καὶ
1157 1789 1170 1814 ὁ
1190 1786 1279 1820 Σίμων
1296 1785 1362 1819 φησί
1374 1793 1380 1799 ·
1408 1784 1513 1817 Τυφλος
1531 1781 1590 1817 ἦνὸ
1610 1781 1670 1812 νοῦς
1687 1779 1781 1807 αὐτοῦ.
1799 1780 1855 1806 Καὶ
1867 1780 1882 1804 ὁ

1092 1834 1194 1868 Πέτρος
1207 1831 1267 1858 εἰπε
1278 1840 1285 1846 ’
1302 1831 1363 1861 Πῶς
1379 1830 1426 1856 καὶ
1437 1830 1483 1855 τὸν
1495 1828 1557 1855 νοῦν
1569 1827 1668 1861 τυφλὸς
1684 1824 1717 1860 ἦν
1732 1827 1746 1852 ὁ
1764 1825 1818 1860 προ
1831 1825 1879 1850 τοῦ

1090 1879 1239 1913 γεύσασθαι
1261 1877 1308 1903 τοῦ
1335 1875 1419 1910 φυτοῦ
1449 1874 1611 1909 προσφόρως
1635 1873 1703 1899 πᾶσι
1725 1873 1781 1901 τοῖς
1798 1870 1881 1905 ζῴοις

1091 1924 1195 1954 ἐπιθεὶς
1213 1923 1352 1957 ὀνόματας
1373 1922 1431 1947 ’Ὁτι
1445 1919 1500 1954 γὰρ
1519 1919 1566 1945 καὶ
1583 1918 1646 1949 τοὺς
1660 1918 1708 1950 τῆς
1724 1916 1815 1951 ψυχῆς
1831 1915 1880 1942 καὶ

1091 1970 1138 1996 τοῦ
1152 1969 1276 2003 σώματος
1291 1966 1447 2001 ὀφθαλμοὺς
1459 1963 1533 1998 εἶχον
1548 1963 1741 1998 ἀνεῳγμένους
1758 1961 1804 1987 καὶ
1819 1961 1881 1995 βλέ-

1093 2023 1189 2046 ποντες
1203 2012 1271 2048 ἦσαν
1282 2014 1296 2039 ὃ
1310 2021 1339 2039 τε
1358 2012 1444 2045 Ἀδὰμ
1456 2011 1503 2037 x11
1520 2011 1536 2043 ἡ
1557 2008 1624 2040 Εὕα,
1645 2008 1723 2042 δῆλον
1743 2006 1882 2032 ἐντεῦθεν.

1095 2071 1104 2087 ι
1122 2059 1180 2088 Εἶδε
1196 2059 1261 2095 γὰρ,
1286 2061 1378 2094 φησὶν.
1398 2058 1413 2091 ἡ
1439 2055 1508 2091 γυνὴ
1525 2056 1565 2081 ὅτι
1582 2054 1663 2080 καλὸν
1685 2053 1714 2079 τὸ
1739 2051 1817 2084 ξύλον
1843 2052 1884 2082 εἰς

1095 2108 1195 2142 βρῶσιν
1208 2106 1255 2132 καὶ
1269 2105 1383 2140 ἀρεστὸν
1396 2104 1452 2134 τοῖς
1472 2102 1620 2136 ὀφθαλμοῖς
1635 2100 1699 2126 ἰδεῖν
1720 2099 1768 2125 καὶ
1780 2099 1885 2133 ὡραῖον

1094 2153 1139 2179 τοῦ
1166 2151 1342 2185 κατανοῆσαι.
1367 2148 1414 2174 καὶ
1443 2146 1564 2173 λαϐοῦσα
1591 2145 1638 2171 τοῦ
1665 2143 1772 2179 καρποῦ
1798 2142 1885 2168 αὐτοῦ

1096 2197 1243 2232 ἑφαγε,καὶ
1257 2196 1342 2222 ἔδωκε
1355 2195 1401 2221 καὶ
1410 2194 1449 2228 τῷ
1460 2193 1538 2227 ἀνδρὶ
1548 2192 1645 2225 αὐτῆς.
1664 2201 1674 2216 ι
1687 2191 1717 2216 Εἰ
1725 2189 1792 2224 γοῦν
1801 2189 1885 2215 καλὸν

255 2256 284 2274 ea
297 2234 457 2280 decerptum
481 2244 549 2276 edit,
566 2248 647 2277 atque
663 2243 744 2270 etiam
761 2242 860 2268 marito
879 2239 964 2267 dedit.
986 2249 995 2265 ι
1013 2239 1035 2265 Si

1096 2245 1260 2278 θεασάμενοι
1278 2241 1309 2268 τὸ
1324 2241 1431 2275 δένδρον
1448 2240 1494 2266 καὶ
1519 2239 1564 2265 τὸν
1588 2237 1692 2272 καρπὸν
1709 2236 1823 2269 ἔφαγον,
1842 2234 1888 2259 εῦ-

255 2298 396 2326 crgocum
416 2289 570 2324 conspicati
586 2292 682 2315 essent
704 2287 812 2314 arboris
829 2290 911 2320 atque
937 2285 1043 2312 fructus

258 2335 504 2373 pulchritudinem,
521 2334 648 2364 ederunt.
663 2337 772 2360 constat
789 2336 851 2358 antc
866 2338 943 2358 esurit
960 2330 1043 2357 istum

256 2391 304 2411 eos
318 2386 346 2410 et
361 2381 425 2409 boni
440 2380 559 2415 malique
574 2381 699 2407 notitiam
712 2384 740 2406 et
754 2378 842 2406 visum
852 2377 1043 2404 acutissimum

258 2429 400 2462 habuisse,
421 2435 477 2461 quo
489 2425 597 2462 singula
610 2429 763 2452 cernerent.
774 2424 810 2450 Ea
823 2422 938 2458 proinde
947 2421 1043 2454 verba,

259 2476 348 2511 aperti
365 2478 430 2502 sunt
443 2481 540 2501 eorum
558 2473 644 2502 oculi,
661 2479 715 2498 non
732 2471 758 2497 in
785 2471 855 2496 hanc
878 2468 1044 2496 sententiam

259 2526 324 2550 sunt
342 2521 441 2556 posita,
457 2520 537 2554 quasi
554 2523 614 2551 post
629 2525 703 2544 csum
715 2517 824 2544 demum
855 2519 936 2549 atque
949 2521 1045 2549 pecca-

261 2572 318 2592 tum
330 2567 392 2594 visu
404 2565 522 2592 fuissent
539 2564 645 2594 donati.
663 2571 718 2597 quo
734 2566 796 2589 ante
819 2561 900 2596 366
918 2560 1046 2595 pra'tlitos

263 2613 349 2639 tuisse
377 2611 481 2639 docui:
517 2610 565 2638 sed
596 2609 670 2644 quod
703 2613 814 2643 peccato
841 2607 1044 2641 simplicitatem

255 2658 430 2689 amisissent,
451 2657 514 2684 mali
530 2657 620 2684 omnis
637 2655 768 2686 nesciam,
785 2662 846 2689 qua:
859 2653 1042 2688 cognitionem

262 2702 463 2730 indifferentem
489 2704 636 2739 praebebat,
658 2702 720 2729 ideo
748 2701 850 2728 dictum
880 2705 922 2726 est
949 2697 1045 2725 oculos

260 2755 358 2776 eorum
375 2747 461 2776 fuisse
476 2753 595 2783 apertos.
613 2747 716 2775 Oculus
733 2747 806 2774 enim
828 2754 859 2773 ea
879 2749 921 2772 est
946 2749 1045 2771 natura

261 2800 317 2822 uta
333 2799 425 2822 mente
441 2794 474 2822 ad
490 2802 521 2822 ea
535 2802 594 2830 qua:
607 2794 695 2821 cernit
710 2792 861 2820 excitetur:
877 2791 935 2825 ipse
945 2790 1045 2824 quippe

826 2881 920 2908 “Cen.
936 2889 976 2909 ιιι.
993 2881 1016 2907 6.

296 2887 315 2901 ¹⁷
330 2885 397 2913 Cen,
414 2893 449 2917 Tt,
470 2884 497 2912 6.
541 2885 561 2901 ¹⁹
578 2884 643 2911 Gen.
665 2891 722 2914 \‘lll,
742 2883 784 2910 ει.

1095 2289 1174 2323 δηλον
1190 2289 1231 2315 ὅτι
1247 2287 1296 2313 καὶ
1320 2286 1373 2320 πρὸ
1389 2285 1439 2318 τῆς
1451 2283 1498 2310 τοῦ
1519 2281 1625 2317 καρποῦ
1640 2280 1767 2317 βρώσεως
1782 2279 1888 2314 γνῶσιν

1098 2333 1147 2368 μὲν
1161 2330 1235 2366 εἶχον
1248 2329 1333 2357 καλοῦ
1349 2338 1379 2356 τε
1393 2328 1440 2355 καὶ
1455 2327 1551 2359 κακοῦ,
1570 2327 1631 2361 ὄψιν
1643 2335 1673 2351 τε
1687 2325 1887 2359 ὀξυδερκεπὰ-

1096 2378 1146 2412 τὴν
1168 2377 1235 2412 ὁρᾷν
1261 2376 1366 2402 ἕκαστα.
1390 2373 1552 2407 δυναμένην,
1569 2371 1675 2399 Οὐκοῦν
1689 2371 1738 2406 οὐχ
1760 2371 1800 2401 ὡς
1816 2371 1888 2404 μετὰ

1096 2425 1146 2460 τὴν
1163 2423 1264 2458 βρῶσιν
1285 2421 1333 2448 καὶ
1345 2421 1394 2455 τὴν
1415 2419 1572 2454 παράϐασιν
1587 2416 1798 2450 ἀναϐλεψάντων
1810 2416 1888 2450 εἴρη-

1096 2478 1141 2497 ται
1156 2469 1186 2496 τὸ
1199 2467 1390 2503 διηνοίχθησαν
1404 2466 1495 2493 αὐτῶν
1514 2466 1538 2491 οι
1561 2463 1697 2498 ὀφθαλμοί
1720 2462 1888 2497 (δείκνυνται

1095 2515 1150 2548 γὰρ
1164 2513 1211 2540 καὶ
1230 2513 1283 2547 πρὸ
1302 2512 1351 2546 τῆς
1363 2510 1491 2546 βρώσεως
1506 2509 1633 2544 ὁρῶντες,
1654 2508 1692 2539 ὠς
1706 2507 1808 2542 ἔφην)·
1827 2507 1888 2533 ἀλλ’

1096 2561 1133 2592 ὡς
1144 2560 1174 2586 τὸ
1187 2558 1369 2594 ἀπειρόκακον
1383 2555 1558 2590 ἀποθεμένων
1573 2555 1617 2581 διὰ
1629 2555 1678 2588 τῆς
1689 2553 1888 2589 παραϐάσεω-,

1096 2607 1110 2633 ὃ
1127 2607 1173 2632 καὶ
1194 2605 1244 2640 τὴν
1266 2603 1366 2638 γνῶσιν
1389 2602 1535 2636 ἀδιάφορον
1560 2601 1709 2636 παρέσχεν,
1723 2597 1828 2634 ὲρῥήθη
1845 2596 1889 2622 ὅτι

1099 2650 1289 2685 διηνοίχθησαν
1316 2648 1406 2674 αὐτῶν
1431 2647 1456 2673 οἱ
1482 2646 1626 2680 ὀφθαλμοί.
1649 2645 1759 2679 Πέφνκε
1787 2642 1842 2676 γὰρ

1099 2697 1238 2732 ὀφθαλμὸς
1266 2695 1318 2722 ὑπὸ
1342 2694 1388 2721 τοῦ
1415 2693 1546 2727 λογισμοῦ
1573 2690 1755 2726 διεγείρεσθαι
1784 2688 1854 2722 πρὸς
1871 2689 1890 2713 ἂ

1101 2744 1207 2779 βλέπει,
1232 2742 1300 2769 διότι
1324 2742 1431 2768 σύνεσιν
1452 2740 1533 2771 αὐτὸς
1557 2738 1619 2765 καθ’
1643 2737 1739 2764 ἑαυτὸν
1753 2735 1804 2762 οὐκ
1818 2733 1888 2768 ἔχε..

1101 2787 1248 2816 κάντεῦθεν
1265 2786 1392 2817 πολλάκις
1409 2786 1475 2819 πρ³ς
1495 2785 1575 2819 ἕτερα
1598 2782 1646 2817 τῆς
1668 2780 1786 2810 διανοῐας
1806 2778 1890 2811 ἀσχο-
