2020 3156
136 146 189 178 403

690 151 956 181 HISTORIARUM
973 152 1237 182 CUMPENDIUM.

1714 153 1768 184 410

140 205 197 233 ἰδοὺ
211 205 291 240 κάγὼ
313 206 548 241 ἁναλαμὸἀνομαι.
569 208 623 234 Καὶ
640 206 701 233 ίόὼν
731 207 812 234 αὐτὸν
833 208 932 243 Πέτρος

991 207 1067 242 370
1085 208 1168 235 fuisse
1183 207 1342 235 sublatum?
1355 206 1394 234 Eu
1411 207 1469 242 ipse
1484 214 1592 242 quoque
1612 208 1638 235 in
1666 209 1766 236 cteluut

141 251 341 286 κουφιζόμενον
355 251 398 279 διὰ
411 252 459 287 τῆς
478 254 593 287 μαγείας
608 255 647 285 εἰς
664 254 708 280 τὸν
729 254 797 288 ἀέρα
814 254 842 279 ὲν
857 255 931 288 μέσῳ

141 298 191 332 τῆς
207 299 311 330 πόλεως
332 298 454 333 Ῥώμης,
467 298 577 333 ηὔξατο,
591 301 635 326 καὶ
650 300 731 330 εὐθὺς
748 299 839 326 πεσὼν
854 300 868 326 ὁ
887 300 932 325 Σί-

145 353 202 380 μων
217 345 265 370 xui.
279 345 432 380 συντριϐεὶς
444 345 589 372 ἀπέθανεν.
609 346 639 372 '0
654 346 682 372 δὲ
700 347 781 378 τόπος
793 346 898 377 ἔκτοτε,
915 347 929 373 ὁ

142 390 288 425 δεξάμενος
305 390 386 417 αὑτοῦ
402 391 433 417 τὸ
454 390 567 425 βέὸηλον
587 391 634 417 καὶ
655 386 816 426 παμμίαρον
843 392 931 426 σῶμα,

142 435 246 470 ἐκλήθη
278 435 423 469 Σιμώνιον.
448 436 516 470 Περὶ
540 432 570 462 οὗ
600 436 629 462 ὲν
658 438 717 468 ταῖς
742 437 933 467 ἀποστολικαῖς

144 482 299 514 δια-τάξεσιν
315 483 328 508 ό
345 482 433 516 μέγας
448 482 597 513 ἀπόστολος
612 483 715 517 Πέτρος
729 483 799 510 οὕτω
818 484 930 517 φάσκει·

150 527 181 554 ’Π
195 527 223 554 δὲ
235 527 361 563 καταρχὴ
371 527 426 554 τῶν
437 527 505 554 νέων
527 529 661 564 αἱρέσεων
685 529 794 563 γέγονεν
808 530 861 556 ἀπὸ
891 530 934 556 Σί-

144 581 235 608 μωνος
248 573 294 599 τοῦ
309 574 408 608 μάγου,
427 574 455 606 ὃς
470 575 516 600 καὶ
531 575 559 600 ἐν
575 574 660 609 Συρίᾳ
677 575 763 601 πολλὰ
781 576 933 610 διαπραξά-

145 627 226 653 μενος
251 619 339 646 ἄτοπα
370 621 418 646 καὶ
440 620 468 646 ἐν
498 619 590 655 Ῥώμῃ
615 621 761 655 γενόμενος
790 622 858 648 πολὺ
884 623 933 657 τὴν

150 666 317 702 Ἐκκλησίαν
349 667 447 694 έσκυλε
470 668 514 694 διὰ
548 668 664 702 μαγείας
698 669 745 695 καὶ
779 669 933 703 διαῦολικῆς

144 713 288 748 ἐνεργείας
308 714 354 740 καὶ
371 714 529 749 ἐμπειρίας.
551 715 594 740 Ἐν
607 715 656 749 μὲν
671 715 725 750 γὰρ
736 715 887 750 Καισαρείᾳ
899 717 932 750 τῇ

144 759 378 794 Στράτωνοςέμοὶ
395 760 490 794 Πέτρῳ
504 759 644 795 συντυχὼν
661 761 791 795 ἐπειρᾶτο
808 761 934 796 διαστρέ-

144 811 207 837 φειν
227 804 275 830 τὸν
299 804 378 837 λόγον
402 804 448 830 τοῦ
479 805 558 834 Θεοῦ,
578 806 778 841 συμπαρόντων
807 815 851 841 μοι
879 807 933 833 τῶν

145 849 228 884 ιερῶν
243 850 357 881 τέκνων.
372 850 525 885 Ζακχαρίου
537 851 583 877 τοῦ
599 860 664 877 ποτε
674 851 789 878 τελώνου
803 852 849 878 καὶ
864 853 934 887 Βαρ-

145 895 227 928 νάϐα,
246 896 292 922 καὶ
314 895 413 922 Ἀκύλα
425 897 539 930 ἀδελφοῦ
551 896 708 932 Κλήμεντος
720 897 766 924 τοῦ
787 897 933 932 Ῥωμαίου,

147 940 370 976 μαθητεύσαντος
383 942 410 968 δὲ
427 943 474 968 καὶ
485 942 583 977 Παύλῳ
601 942 640 977 τῷ
652 945 842 978 συναποστόλῳ
857 944 935 979 ἡμῶν

146 986 194 1012 καὶ
209 987 335 1021 συνεργῷ
356 987 384 1012 ἐν
399 986 437 1021 τῷ
453 987 628 1022 Εὑαγγελίῳ·
643 988 691 1014 καὶ
710 988 800 1023 τρίτον
826 989 870 1014 ἐπ’
886 989 935 1015 αὺ-

145 1032 201 1057 τῶν
217 1031 371 1067 διαλεχθεὶς
399 1032 474 1067 αὐτῷ
497 1033 529 1059 ὲκ
553 1033 609 1059 τῶν
632 1033 676 1060 διὰ
705 1034 760 1060 τῶν
787 1034 936 1070 προφητῶν

145 1077 233 1110 λόγων
252 1078 297 1104 καὶ
312 1078 378 1113 περὶ
395 1078 461 1105 Θεοῦ
474 1079 638 1114 μοναρχίας,
657 1079 765 1114 ἦττησα
781 1080 862 1107 αὐτὸν
888 1081 933 1106 δυ-

146 1123 229 1157 νάμει
258 1123 306 1149 τοῦ
333 1124 436 1159 Κυρίου
467 1124 544 1159 ἡμῶν
566 1125 653 1159 Ἰησοῦ
680 1126 808 1160 Χριστοῦ,
827 1127 873 1152 καὶ
897 1127 936 1158 εἰς

147 1168 272 1202 ἀφωνίαν
295 1169 457 1202 κατέϐαλον,
472 1170 582 1204 φυγαῖσι
599 1179 629 1196 τε
653 1171 734 1198 αὐτὸν
752 1172 790 1202 εἰς
823 1172 936 1198 Ἰταλίαν

147 1214 316 1248 κατέστησα.
333 1215 480 1250 Γενόμενος
497 1216 536 1248 δὲ,
553 1216 589 1247 ὡς
606 1217 686 1251 ἔφην,
697 1218 726 1243 ἐν
746 1217 841 1253 Ῥώμῃ
869 1218 936 1244 πολὺ

147 1260 197 1295 τὴν
231 1260 397 1296 Ἐκκλησίαιί
429 1262 556 1296 ἐτάραξε,
581 1263 667 1289 πολλὰ
700 1264 861 1299 ἀνατρέπων
891 1265 937 1290 καὶ

150 1307 237 1342 ἑαυτῷ
252 1306 488 1342 περιποιούμενος,
504 1308 538 1334 τὰ
550 1309 578 1334 δὲ
591 1308 656 1344 ἔθνη
671 1309 817 1341 ἐξιστάνων
830 1311 935 1345 μαγικῇ

149 1353 230 1389 τέχνῃ
247 1353 295 1380 καὶ
307 1353 441 1387 δαιμόνων
455 1354 592 1389 ἐνεργείᾳ.
608 1355 655 1385 '0,-
666 1355 711 1380 καί
724 1363 788 1381 ποτε
803 1355 938 1389 μεσούσης

150 1401 257 1436 ἡμέρας
283 1400 422 1433 προελθὼν
444 1401 484 1432 εἰς
507 1401 537 1427 τὸ
561 1401 674 1436 Θέατρον
698 1402 882 1436 ἐπηγγείλατο
904 1402 937 1429 δι’

149 1446 229 1479 ἀέρος
248 1446 414 1481 ἀναπτῆναι,
432 1447 541 1473 πάντων
557 1446 752 1482 Θαυμαζὸντων
775 1448 822 1474 ἐπὶ
839 1448 936 1483 τούτῳ.

154 1491 226 1525 Ἐγὼ
239 1491 268 1518 δὲ
293 1492 395 1528 Πέτρος
417 1492 477 1519 καθ’
493 1493 588 1519 ἑαυτὸν
608 1493 742 1529 ηὐχόμην.
759 1494 814 1520 Καὶ
841 1494 873 1529 δὴ
889 1503 937 1529 με·

983 255 1094 280 attolor.
1111 254 1178 280 Cum
1202 257 1291 281 autem
1317 253 1414 280 Petrus
1431 260 1493 280 eum
1517 253 1632 287 magicis
1657 253 1767 280 artibus

983 298 1127 325 sublimem
1144 298 1171 324 in
1188 305 1278 325 acrem
1293 297 1384 326 ell'erri
1404 297 1507 325 videret
1531 298 1557 324 iu
1577 297 1667 326 medio
1691 298 1768 326 urbis

984 344 1087 375 Roulac,
1105 344 1188 371 Deum
1209 350 1339 379 precatus
1353 349 1406 378 est,
1420 349 1502 379 alque
1513 343 1657 372 confestim
1673 344 1767 371 Simon

983 392 1094 421 decidit,
1122 391 1357 426 comminutisque
1379 399 1412 418 eo
1428 398 1493 418 casu
1523 390 1654 418 membris
1675 390 1768 426 periit.

984 439 1073 466 Locus
1093 439 1140 473 qui
1168 439 1306 472 itnpurum
1335 437 1396 472 ejus
1420 442 1447 464 et
1479 437 1641 465 sceleratqu
1668 444 1768 471 corpus

984 486 1103 520 excepit,
1118 484 1175 520 jam
1194 484 1257 511 inde
1291 483 1444 511 Simoniutn
1465 485 1632 511 nominatur.
1657 483 1693 510 De
1719 483 1771 511 hoc

985 540 1101 568 magnus
1116 532 1161 559 ille
1177 532 1319 566 apostolus
1336 531 1434 558 Petrus
1465 532 1490 558 in
1519 531 1769 559 Ceustitutionibus

985 578 1142 614 apostolicis
1159 578 1194 605 ita
1208 577 1339 605 disserit:
1354 577 1519 612 principium
1535 585 1667 604 novarum
1686 577 1770 603 haere-

985 627 1054 653 sium
1071 633 1086 652 a
1104 625 1215 651 Simone
1235 623 1313 658 Mago
1331 623 1452 650 ducitur.
1471 622 1496 650 ls
1513 626 1537 649 et
1555 623 1581 649 in
1595 622 1672 657 Syria
1686 622 1769 648 tuulta

985 671 1143 706 prodigiose
1160 670 1235 702 fecit,
1261 673 1288 696 et
1306 668 1399 696 Romae
1426 668 1540 703 magicis
1571 667 1769 701 diabolicisque

985 717 1092 744 artibus
1103 721 1130 743 ct.
1145 716 1292 742 calliditate
1304 714 1454 742 Ecclesium
1471 713 1602 748 tnajorem
1618 712 1645 739 in
1658 712 1768 740 modunn

985 764 1102 790 vexavit.
1119 762 1160 788 Ac
1173 761 1304 789 Caesarea:
1318 761 1441 796 quidem,
1465 767 1526 795 qua:
1547 758 1687 786 Stratonis
1703 757 1771 785 dici-

986 816 1039 840 tur,
1061 808 1127 835 tnihi
1146 808 1225 835 Petro
1238 814 1404 841 congressus
1436 810 1552 833 conatus
1579 808 1621 832 est
1655 803 1767 831 verbum

987 855 1032 882 Dei
1056 859 1222 889 pervertere,
1247 861 1307 880 cum
1338 856 1431 879 essent
1463 858 1570 878 mecum
1602 849 1688 876 sancti
1710 849 1768 879 lilii.

988 901 1129 933 Zaclueus,
1142 901 1188 936 qui
1200 901 1264 927 olim
1284 899 1446 933 publicanus
1465 897 1565 928 fuerat,
1579 895 1730 927 Barnabas,
1744 898 1772 922 ct

987 948 1083 981 Aquila
1101 946 1250 974 Clementis
1265 945 1379 972 Romani
1396 944 1494 976 frater;
1513 942 1559 978 qui
1575 942 1674 977 Aquila
1688 941 1771 968 etiam

988 994 1138 1029 discipulus
1148 993 1200 1020 fuit
1212 992 1302 1023 Pauli,
1315 991 1341 1018 in
1354 991 1505 1026 apostolico
1521 997 1634 1016 munere
1645 994 1672 1016 et
1685 988 1773 1016 Evan-

987 1041 1057 1076 gelio
1077 1039 1201 1067 docendo
1221 1038 1332 1073 collega:
1359 1037 1458 1064 nostri.
1484 1035 1607 1062 Tertium
1636 1042 1698 1062 cum
1726 1033 1773 1060 illo

987 1086 1124 1122 disputavi
1147 1086 1180 1113 iis
1212 1083 1392 1119 praesentibus
1422 1090 1454 1109 ex
1481 1080 1592 1116 scriptis
1616 1080 1771 1106 divinorum

987 1137 1092 1162 vatum.
1109 1131 1142 1158 de
1159 1131 1239 1158 unius
1252 1129 1297 1157 Dei
1317 1128 1449 1163 imperio;
1470 1132 1496 1155 et
1517 1134 1578 1154 eum
1608 1125 1632 1152 vi
1667 1124 1772 1151 homini

988 1177 1074 1205 nostri
1086 1176 1152 1204 Jcsu
1167 1176 1267 1204 Christi
1293 1178 1451 1210 superatum
1481 1181 1531 1200 usu
1552 1171 1628 1199 vocis
1657 1169 1772 1205 privavi,

987 1224 1071 1258 inque
1089 1215 1195 1250 Italiam
1209 1221 1363 1249 exsulatum
1380 1219 1468 1253 abegi.
1485 1218 1576 1245 Romae
1604 1220 1693 1243 autem
1709 1222 1772 1241 cum

987 1274 1071 1300 esset,
1087 1268 1247 1297 Ecclesium.
1263 1271 1292 1293 ut
1307 1266 1374 1297 dixi,
1389 1265 1564 1292 vehementer
1592 1260 1772 1297 perturbavit,

989 1317 1073 1342 multa
1104 1319 1263 1349 pervertens
1295 1319 1327 1338 ac
1357 1311 1408 1339 sibi
1441 1316 1594 1344 arrogans,
1624 1312 1774 1342 gentesque

989 1360 1103 1394 magicis
1124 1359 1229 1386 artibus
1253 1366 1284 1384 ac
1302 1357 1456 1384 dacumnum
1482 1353 1642 1382 cilicacitate
1665 1352 1772 1379 fallens.

990 1407 1059 1440 Quin
1074 1410 1100 1433 et
1116 1405 1266 1440 aliquando
1280 1403 1368 1430 turdia
1387 1403 1430 1429 die
1445 1401 1472 1428 in
1501 1401 1636 1427 theatrum
1651 1405 1774 1433 progres—

989 1460 1036 1480 sus
1049 1451 1174 1486 promisit
1203 1458 1232 1476 se
1260 1457 1307 1484 per
1341 1455 1432 1475 aeretn
1452 1453 1564 1473 sursum
1590 1445 1774 1473 evolaturum,

988 1499 1117 1525 omnibus
1130 1497 1155 1524 id
1175 1495 1348 1522 mirantibus.
1372 1494 1427 1528 Ego
1449 1492 1528 1527 371
1558 1495 1648 1518 autem
1668 1495 1774 1516 meeum

149 1537 308 1572 τεωρισθεὶς
324 1538 378 1564 ὑπὸ
391 1538 527 1572 δαιμόνων
543 1539 641 1566 ἵπτατο
667 1541 814 1575 μετάρσιος
831 1541 871 1571 εἰς
893 1540 937 1566 τὴν

991 1545 1092 1571 tacitus
1109 1543 1191 1570 Deum
1207 1540 1392 1577 precabar.Et
1410 1539 1520 1574 quidem
1535 1537 1628 1564 Simon
1645 1543 1659 1562 a
1675 1535 1776 1562 dmino-

150 1584 230 1619 ἀέρα,
244 1584 331 1618 λέγων
345 1585 385 1615 εἰς
403 1585 465 1616 τοὺς
481 1585 615 1620 οὐρανοὺς
630 1586 734 1612 ἀνιέναι
745 1586 870 1612 κάκεῖθεν
884 1587 939 1618 τοῖς

149 1629 223 1661 λαοῖς
250 1629 286 1655 τὰ
303 1629 393 1663 ἀγαθὰ
418 1631 645 1666 ὲπιχορηγήσειν,
660 1631 720 1657 Τῶν
747 1631 776 1657 δὲ
806 1631 939 1666 δαιμόνων

148 1674 381 1710 ὲπευφημούντων
400 1675 480 1702 αὑτὸν
501 1676 538 1708 ὡς
563 1675 774 1708 Θεὸν,ὲκτείνας
803 1676 858 1709 ἐγὼ
879 1677 929 1708 τὰς

149 1722 244 1756 χεῖρας
259 1721 299 1752 εἰς
317 1720 384 1755 ὕψος
405 1721 524 1748 ἱκέτευον
540 1721 588 1747 τὸν
605 1721 672 1748 Θεὸν
695 1721 871 1757 καταρῤαξαι
894 1722 940 1748 τὸν

147 1767 287 1802 λυμεῶνα.
306 1767 443 1800 ’Λτενίσας
456 1765 503 1794 οὗν
516 1766 640 1802 εἷποντῷ
651 1767 764 1803 Σίμωνι·
776 1769 806 1794 Εἰ
824 1768 940 1794 ἀπόστο-

148 1814 192 1845 λος
209 1813 301 1848 Ἰησοῦ
313 1813 431 1849 Χριστοῦ
444 1814 503 1848 εἰμι
520 1814 586 1847 ἐγὼ,
599 1814 646 1840 καὶ
656 1814 717 1849 οὐχὶ
734 1814 833 1845 πλάνος
847 1813 941 1849 ὥσπερ

148 1860 193 1894 σὺ,
202 1859 307 1894 Σίμων,
320 1860 483 1895 προστάσσω
496 1862 557 1898 ταῖς
566 1861 698 1896 πονηραῖς
709 1860 855 1895 δυνάμεσιν
865 1861 943 1894 ἀφεῖ-

147 1908 192 1933 ναί
222 1914 254 1932 σε
283 1906 332 1940 τῆς
358 1907 529 1941 κρατήσεως
555 1908 611 1934 Καὶ
630 1906 717 1933 ταῦτα
743 1906 865 1938 εἰπόντος
889 1915 940 1940 μου

147 1952 306 1988 κατηνέχοη
326 1953 384 1987 μετ’
395 1953 462 1988 ἤχου
475 1953 574 1980 πολλοῦ
591 1954 638 1979 καὶ
654 1952 798 1988 συνετρίόη
812 1961 818 1969 ·
834 1952 881 1978 καὶ
894 1951 941 1978 τοῦ

147 1999 231 2034 ὃχλου
254 1998 401 2034 βοήσαντος
424 1996 464 2030 εἷς
481 1999 546 2031 Θεὸς
577 1998 606 2026 ὃν
630 1999 729 2033 Πέτρος
752 1998 942 2032 καταγγέλλει,

150 2046 238 2077 οὕτως
251 2046 268 2080 ἡ
284 2045 379 2081 πρώτη
402 2045 536 2080 κατελύθη
556 2045 611 2072 τῶν
634 2045 812 2080 Σιμωνιανῶν
836 2045 940 2079 αἵρεσις

151 2092 180 2117 ὲν
193 2090 299 2127 Ῥώμῃ,
315 2091 362 2117 καὶ
379 2090 470 2118 τέλεον
486 2090 605 2126 ἀπέσϐη.
619 2091 665 2117 Διὸ
681 2091 713 2126 δὴ
729 2090 777 2117 καὶ
798 2091 848 2125 τὴν
870 2091 941 2125 ἡμέ-

153 2148 204 2174 ραν
213 2139 318 2166 ἐκείνου
325 2140 370 2166 τοῦ
381 2139 517 2166 σαϐϐάτου
529 2139 666 2174 ἐπίσημον
681 2140 777 2174 ἄγουσι
795 2139 937 2174 Ῥωμαῖοι.

992 1591 1072 1618 nibus
1099 1589 1258 1618 sublevatus
1276 1588 1304 1615 in
1331 1594 1422 1614 aerem
1452 1584 1578 1612 sublimis
1601 1581 1775 1613 ell'erebatur,

990 1636 1125 1671 proﬁtcns
1152 1635 1179 1661 in
1208 1634 1309 1661 coelum
1335 1640 1365 1660 se
1390 1630 1537 1659 ascendere
1566 1629 1683 1662 indeque
1706 1627 1777 1653 bona

992 1681 1100 1718 populis
1114 1680 1363 1715 suppeditaturutn.
1375 1677 1519 1704 Dmuones
1531 1683 1595 1702 vero
1609 1673 1633 1701 ei
1647 1678 1777 1707 tanquam

993 1728 1047 1756 Deo
1065 1727 1162 1755 faustis
1176 1724 1424 1754 acclamationibus
1442 1721 1617 1757 plaudebant.
1631 1718 1708 1746 Tunc
1728 1724 1779 1752 ego

993 1772 1120 1800 manibus
1133 1779 1243 1799 sursum
1264 1769 1378 1797 intentis
1394 1767 1554 1802 suppliciter
1571 1773 1585 1791 a
1601 1764 1654 1791 Deo
1673 1763 1735 1798 petii
1750 1765 1779 1788 ut

992 1818 1064 1845 hanc
1081 1818 1222 1844 hominum
1239 1820 1344 1851 pestem
1373 1813 1542 1842 deturbarct,
1568 1819 1599 1838 ac
1628 1810 1778 1841 Simonem,

995 1865 1022 1891 in
1040 1871 1102 1891 eum
1119 1861 1215 1889 delixis
1243 1860 1343 1890 oculis,
1361 1859 1398 1885 ita
1416 1866 1475 1885 sum
1497 1857 1635 1883 allocutus
1651 1864 1657 1880 :
1672 1854 1700 1881 Si
1728 1861 1778 1887 ego

994 1909 1138 1943 apostolus
1166 1915 1227 1934 sum
1253 1905 1318 1932 .Icsu
1349 1903 1462 1935 Christi,
1494 1907 1521 1929 et
1548 1909 1603 1928 non
1635 1901 1778 1934 impostor,

995 1954 1075 1983 sicuti
1094 1958 1121 1980 tu
1138 1960 1179 1984 es,
1195 1960 1211 1979 ο
1234 1951 1342 1983 Simon,
1370 1950 1474 1983 impero
1503 1947 1582 1974 malis
1596 1945 1683 1982 geniis
1709 1949 1736 1970 ut
1753 1947 1780 1970 te

995 2002 1108 2028 missum
1123 1999 1236 2026 faciant.
1253 1997 1316 2024 llaec
1334 2004 1377 2023 me
1397 1995 1517 2026 dicente,
1533 2000 1630 2027 magno
1654 1992 1699 2018 ille
1714 1997 1777 2017 eum

995 2047 1089 2074 sonitu
1103 2045 1205 2073 decidit
1219 2043 1424 2078 conlractisque
1437 2040 1568 2068 membris
1581 2038 1697 2066 interiit.
1709 2035 1779 2063 Tum

998 2092 1098 2127 populo
1117 2091 1288 2118 acclamante
1305 2096 1390 2116 unum
1413 2095 1474 2115 esse
1489 2087 1573 2114 Deum
1602 2085 1647 2120 qui
1666 2092 1681 2111 a
1701 2083 1781 2110 Petro

997 2137 1173 2172 praedicetur,
1187 2136 1222 2162 ita
1236 2143 1269 2162 co
1297 2140 1420 2169 tempore
1443 2134 1531 2168 prima
1559 2131 1781 2159 Simonianorum

152 2185 266 2212 haeresis
282 2184 377 2212 [totum
401 2193 497 2213 eversa
519 2193 551 2213 ac
576 2193 691 2220 prorsus
716 2186 853 2213 exstincta
881 2190 933 2212 est.
952 2185 1044 2218 Itaque
1060 2184 1142 2211 etiam
1164 2176 1236 2209 illius
1250 2173 1355 2208 sabbati
1376 2179 1448 2206 diem
1483 2178 1599 2205 Romani
1631 2177 1781 2204 solemnem

154 2236 252 2266 agunt.

190 2278 232 2314 [P.
250 2277 316 2313 212]
331 2278 359 2304 '0
373 2277 465 2313 μέντοι
480 2277 575 2313 Νέρων
587 2298 595 2311 ,
613 2278 733 2309 ἀκούσας
749 2278 790 2304 ὅτι
809 2279 937 2312 πεφόνευ‹

1032 2277 1104 2303 Nero
1117 2279 1207 2301 autem
1222 2274 1360 2300 Simonem
1381 2280 1394 2299 a
1417 2272 1497 2298 Petro
1530 2270 1701 2296 interfectum
1721 2273 1783 2295 esse

155 2334 200 2352 ται
212 2324 303 2359 Σίμων
319 2324 371 2350 ὑπὸ
392 2324 439 2350 τοῦ
457 2324 571 2358 Πέτρου,
589 2323 637 2350 καὶ
658 2325 861 2359 ἀγανακτήσας,
879 2324 941 2350 ἐκέ-

156 2370 250 2397 λευσεν
263 2370 345 2396 αὐτὸν
369 2370 570 2406 σταυρωθῆναι.
593 2370 622 2396 Ὀ
646 2370 674 2396 δὲ
693 2371 793 2405 Πέτρος
814 2370 941 2405 παρακα-

156 2415 234 2446 λέσας
249 2416 295 2445 τὸν
325 2415 445 2451 ἔπαρχον
463 2416 505 2442 ἵνα
530 2416 567 2450 μὴ
596 2416 740 2450 σταυρωθῇ
764 2416 856 2450 ὄρθιος
878 2415 915 2446 ὡς
930 2417 944 2441 ό

158 2462 267 2496 Κύριος,
281 2462 352 2488 κατὰ
367 2462 490 2496 κεφαλῆς
514 2462 684 2496 ἐσταυρώθη.
699 2462 777 2488 Μετὰ
799 2461 827 2487 δέ
842 2470 873 2495 γε
893 2462 941 2496 τὴν

158 2507 261 2543 Πέτρου
295 2507 436 2543 τελευτὴν,
458 2508 496 2539 ὥς
521 2516 603 2542 φησιν
629 2508 769 2540 Εὐσέϐιος,
802 2507 908 2538 Παῦλος
932 2509 946 2533 ὸ

158 2554 308 2586 ἀπόστολος
332 2554 404 2581 κατὰ
424 2554 473 2588 μὲν
489 2555 538 2589 τὴν
560 2554 673 2589 πρώτην
696 2554 845 2588 ἀπολογίαν
861 2554 947 2580 ἐλθὼν

158 2599 211 2626 ἀπὸ
226 2600 274 2633 τῆς
300 2599 430 2631 ἰουδαίας
445 2600 566 2635 δέσμιος,
583 2600 826 2634 ἀπολογησάμενος
841 2600 947 2634 Νέρωνι

158 2646 202 2672 ἐπὶ
224 2646 274 2681 τὴν
298 2643 437 2673 διακονίαν
466 2646 512 2673 τοῦ
543 2646 720 2681 κηρύγματος
742 2645 853 2680 ἐστάλη.
872 2646 947 2671 Κάν-

157 2692 263 2725 τεῧθεν,
278 2693 316 2724 ὡς
333 2693 414 2724 ἔοικε,
434 2694 482 2722 τὰς
497 2693 551 2719 τῶν
575 2693 733 2719 ἀποστόλων
759 2691 876 2727 Πράξεις
898 2693 941 2718 ἐπ’

158 2740 261 2766 ἐκεῖνον
273 2739 320 2765 τὸν
333 2739 427 2774 χρόνον
439 2741 545 2771 Λουκᾶς
559 2738 674 2774 ἔγραψε,
692 2738 788 2773 μέχρις
802 2739 846 2764 ὅτε
861 2738 945 2772 συνῆν

158 2785 196 2820 τῷ
229 2785 347 2820 Παύλῳ¹
366 2785 425 2812 καθ’
452 2785 481 2812 ὃν
509 2785 535 2812 δὲ
563 2785 659 2819 καιρὸν
687 2783 890 2819 ἐμαρτύρησεν,
913 2784 944 2809 οὐ

160 2831 308 2866 συμπαρῆν
320 2831 404 2866 αὐτῷ,
427 2832 472 2857 τοῦ
506 2831 668 2858 ’Λποστόλου
684 2830 775 2864 σαφῶς
795 2829 873 2857 τοῦτο
902 2830 943 2855 λέ-

194 2889 216 2905 "
233 2888 254 2915 ll
269 2889 339 2916 Tim.
354 2897 387 2921 tr,
407 2889 447 2916 l6.

997 2322 1143 2349 iuaudiens
1161 2321 1274 2347 moleste
1292 2319 1317 2345 id
1347 2318 1447 2345 factum
1474 2317 1546 2348 tulit,
1572 2316 1737 2349 Petrumque
1754 2313 1783 2341 in

997 2376 1106 2396 crucem
1128 2367 1170 2401 agi
1185 2367 1279 2401 jussit.
1303 2365 1403 2392 Petrus
1419 2365 1453 2391 ab
1468 2363 1546 2390 urbis
1569 2361 1697 2397 praefecto
1711 2359 1783 2387 obti-

998 2415 1057 2441 nuit
1073 2421 1106 2440 nc
1120 2417 1194 2439 recto
1209 2418 1324 2446 corpore
1339 2415 1366 2437 ut
1389 2409 1520 2444 magister
1538 2415 1609 2435 suus
1626 2405 1717 2437 Iesus,
1735 2404 1783 2432 sed

998 2460 1087 2495 capite
1103 2459 1136 2486 ad
1159 2464 1259 2486 terram
1288 2456 1408 2484 demisso
1433 2454 1651 2489 crucifigeretur.
1678 2451 1786 2478 Mortuo

999 2506 1089 2538 Petro,
1106 2510 1135 2532 ιιι
1156 2504 1292 2531 Eusebius
1315 2506 1358 2531 est
1381 2505 1486 2533 auctor,
1512 2499 1614 2529 Paulus
1643 2497 1784 2533 apostolus

998 2553 1151 2581 secuadum
1170 2549 1486 2586 primamdcfensioncm
1500 2554 1533 2573 ex
1559 2544 1652 2572 Iudaea
1675 2543 1784 2570 vinctus

999 2600 1109 2628 missus,
1126 2606 1187 2625 cum
1205 2596 1276 2632 apud
1307 2595 1442 2622 Neronem
1457 2599 1568 2620 causam
1599 2590 1725 2622 dixisset,
1750 2588 1784 2615 ad

1000 2645 1201 2680 prmdicaudum
1223 2643 1336 2670 verbum
1355 2640 1458 2668 missus
1474 2638 1536 2665 fuit.
1556 2637 1650 2671 Atque
1665 2635 1738 2667 inde,
1756 2638 1786 2661 ut

999 2689 1116 2720 videtur,
1132 2689 1197 2714 Acta
1210 2685 1396 2721 apostolorum
1415 2683 1504 2711 Lucas
1520 2683 1553 2710 ad
1574 2682 1600 2710 id
1614 2688 1702 2716 usque
1715 2684 1778 2707 tem-

1001 2743 1051 2770 pus
1070 2732 1242 2769 perscripsit,
1273 2731 1404 2767 quamdiu
1433 2729 1485 2757 fuit
1510 2735 1573 2756 cum
1593 2727 1689 2754 Paulo.
1717 2725 1785 2752 Nan.

1001 2781 1083 2808 Paulo
1097 2788 1152 2807 non
1166 2779 1263 2810 adfuit,
1298 2784 1353 2812 quo
1382 2777 1407 2804 is
1431 2780 1552 2810 tempore
1580 2772 1714 2808 supplicio
1745 2773 1786 2796 rst

1000 2827 1124 2854 ιιιΐεςυιυε.
1141 2825 1217 2858 Quod
1230 2823 1376 2859 Apostolus
1392 2822 1493 2850 diserte
1519 2820 1555 2848 ait
1570 2829 1577 2847 :
1595 2818 1676 2854 372
1697 2815 1781 2842 Νε¹¹¹⁰
