2020 3156
242 165 294 198 411

891 165 1051 194 GEORGII
1063 162 1232 194 CEDRENI

1815 156 1868 188 412

242 221 310 249 mihi
328 220 355 248 in
370 219 458 255 prima
481 219 640 246 defensione
667 217 765 250 adfuit,
796 218 844 255 sed
869 226 965 246 omnes
982 227 1024 246 me

1084 226 1179 252 (οντος,
1193 217 1234 244 ὃτι
1248 217 1334 248 οὐδείς
1352 224 1396 251 μοι
1407 217 1435 242 ὲν
1444 217 1476 251 τῇ
1490 214 1584 251 πρώτῃ
1596 215 1728 249 άπολογξᾳ
1742 220 1869 248 συμπαρ-

243 265 446 297 deseruerunt;
474 271 528 291 non
556 263 707 297 imputetur
733 263 811 298 ipsis.
843 262 1028 291 Posteriorcm

243 311 390 346 epistolam
408 309 442 336 ad
466 307 639 336 Timotheum
666 309 779 344 scripsit
806 309 949 344 captivus;
983 308 1029 335 ubi

244 357 325 385 simul
345 349 510 383 mentionem
523 355 587 382 facit
603 355 697 389 primae
717 363 773 383 suae
799 355 871 390 apud
893 355 1028 383 Neronem

244 402 422 430 defensionis.
445 400 532 434 Quem
545 405 572 427 et
592 401 679 429 leonis
699 401 809 428 nomine
824 401 925 432 affecit,
949 402 1031 428 inhu-

244 447 400 474 manitatem
412 446 474 480 ejus
485 451 568 481 atque
582 446 655 474 feros
669 453 762 474 mores
774 447 903 480 praeclare
919 451 1028 479 notans,

239 495 269 518 et
283 492 472 518 imminentem
488 498 568 518 suum
589 491 695 519 obitum
712 499 774 518 mox
789 492 910 519 indicat:
937 501 946 516 ι
965 492 1032 519 Erc-

243 542 304 571 ptus
319 544 393 568 sum,
413 537 554 570 inquiens,
567 536 608 563 ori
621 536 718 564 leonis.
736 535 787 563 Sed
803 540 830 563 et
848 537 873 563 in
889 541 1027 571 posterum

242 590 285 609 me
299 582 430 610 Dominus
444 582 566 609 servabit
578 582 612 609 ab
626 582 699 608 omni
713 583 784 609 mala
799 589 838 614 re,
855 582 937 617 inque
949 590 1029 610 suum

239 630 354 657 cceleste
368 637 481 666 regnum
497 634 613 662 asseret,
633 639 642 655 ι
661 629 779 657 innuens
806 630 962 664 propediem
981 638 1030 657 suo

245 675 379 710 supplicio
410 682 441 702 se
469 675 578 702 veritati
611 675 798 702 testimonium
817 675 1028 710 perbibiturum.

242 721 321 754 Quod
335 721 418 747 etiam
435 721 559 755 apertius
584 720 611 747 iu
633 721 728 748 cadent
752 721 869 755 epistola
896 721 1029 756 praedicit,

242 767 269 794 in
289 767 346 794 [nec
361 766 443 794 verba
458 775 465 792 τ
479 766 535 801 Ego
552 767 624 793 enim
641 774 714 793 nunc
733 767 872 798 immolor,
893 769 1032 802 instatque

242 816 350 847 tempus
369 819 436 840 mea!
455 813 611 840 solutionis.
627 812 691 840 Post
705 813 820 847 primam
841 813 1030 840 defensionem

244 856 377 884 dimissus
405 861 458 887 est,
476 861 506 884 ut
535 865 632 884 rursus
659 858 828 893 evangelium
857 859 1029 893 praedicaret.

1081 267 1201 300 εγενετο,
1216 265 1285 292 ἀλλὰ
1309 265 1409 295 πάντες
1434 272 1467 298 με
1493 262 1694 296 ἐγκατέλιπον,
1723 261 1761 296 μὴ
1777 261 1870 290 αὐτοῖς

1081 311 1231 346 λογισθείη.
1243 311 1299 346 Τὴν
1313 310 1341 336 δὲ
1352 310 1419 345 πρὸς
1436 309 1568 343 Τιμόθεον
1584 308 1713 343 δευτέραν
1722 306 1870 339 ἐπιστολὴν

1081 357 1263 392 κατεχόμενος
1288 356 1417 391 ἔγραψεν,
1439 354 1507 389 ὁμοῦ
1530 353 1669 388 σημαίνων
1688 353 1738 388 τήν
1756 361 1785 378 τε
1806 359 1873 387 προ-

1081 403 1162 438 τέραν
1185 402 1266 428 αὐτοῦ
1285 401 1433 435 ἀπολογίαν
1458 400 1526 434 πρὸς
1537 400 1649 434 Νέρωνα
1659 398 1698 431 ,ὃν
1714 399 1761 425 καὶ
1775 397 1871 424 λέοντι

1081 448 1125 474 διὰ
1143 448 1174 474 τὸ
1187 446 1371 481 ἀπάνθρωπον
1388 446 1435 472 καὶ
1449 445 1581 481 θηριῶδες
1597 444 1644 470 τοῦ
1657 444 1759 479 τρόπου
1781 443 1872 473 καλῶς

1085 493 1222 528 ὠνόμασε.
1237 494 1300 523 ,Καὶ
1325 492 1374 528 τὴν
1398 492 1473 527 παρὰ
1492 491 1577 522 πόδας
1596 491 1738 516 τελείωτιν
1768 490 1872 524 ἐπάγει

1082 540 1205 574 φάσκων·
1218 548 1227 565 ‹
1248 538 1400 574 Ἐρρύσθην
1415 539 1446 564 ἐκ
1460 537 1596 572 στόματος
1609 537 1728 567 λέοντοςο
1742 536 1812 562 ἀλλὰ
1824 536 1873 562 καὶ

1083 585 1192 620 picata!
1210 593 1244 620 με
1257 585 1271 610 ό
1282 584 1384 619 Κύριος
1401 583 1455 610 ἀπὸ
1470 583 1570 614 παντὸς
1581 582 1663 618 ἔργου
1677 581 1810 616 πονηροῦ,
1821 581 1874 608 καὶ

1083 631 1164 657 σώσει
1182 631 1222 662 εἰς
1250 630 1299 665 τὴν
1327 629 1465 665 βασιλείαν
1486 628 1570 655 αὐτοῦ
1597 628 1647 663 τὴν
1662 628 1836 663 ἐπουράνιον,
1860 637 1870 653 ι

1082 676 1260 711 ὑπεμφαίνων
1277 675 1306 702 τὸ
1326 675 1485 710 παραυτίκα
1503 674 1666 710 μαρτύριον,
1680 674 1694 700 ὃ
1710 675 1757 700 καὶ
1787 673 1874 708 σαφέ-

1083 731 1180 757 στερον
1201 723 1230 748 ἐν
1256 723 1290 756 τῇ
1316 721 1384 756 αὐτῇ
1400 721 1527 756 ἐπιστολῇ
1549 720 1746 756 προσαγορεύει
1762 720 1853 753 λέγων
1866 727 1874 734 ·

1088 768 1159 802 Ἐγὼ
1177 768 1232 802 γὰρ
1251 768 1302 802 ἠδη
1318 767 1477 801 σπένδομαι,
1490 767 1539 794 καὶ
1554 767 1568 793 ὁ
1584 766 1680 802 καιρὸς
1703 766 1753 800 τῆς
1771 765 1875 792 ἀναλύ-

1083 813 1151 844 σεώς
1181 821 1232 848 μου
1252 813 1416 848 ἐφέστηκεν.
1443 812 1696 847 Ἀπολογησάμενος
1711 811 1801 838 τοίνυν
1822 811 1876 846 τὴν

1082 859 1195 894 πρώτην
1210 858 1360 892 ἀπολογίαν
1370 859 1417 885 καὶ
1428 858 1505 890 αὖθις
1520 859 1566 884 ἐπὶ
1576 858 1626 892 τὴν
1637 858 1684 884 τοῦ
1693 856 1877 899 κηρύγματος

244 901 338 929 Denuo
347 906 438 929 autem
451 902 477 929 in
491 902 608 929 vinculis
622 901 736 929 Romam
749 903 893 935 adductus,
911 904 1029 938 itemque

1084 905 1219 932 διακονίαν
1235 905 1421 940 στειλάμενος,
1432 903 1490 930 εἶτα
1503 905 1585 931 πάλιν
1596 904 1626 930 τὸ
1636 903 1762 938 δεύτερον
1774 902 1877 933 ἐπιϐὰς

243 947 344 975 Neroni
359 948 485 980 traditus,
502 948 591 983 gladio
606 953 749 976 truncatus
763 949 887 984 martyrii
899 957 1030 976 coronam

245 993 361 1027 accepit,
381 993 425 1020 die
440 993 514 1020 Junii
530 993 574 1024 29,
596 993 693 1021 eodem
708 994 752 1021 die
769 1002 824 1029 quo
849 999 911 1021 ante
929 1002 1030 1022 annum

241 1037 340 1065 Petrus
354 1038 380 1064 in
401 1045 510 1065 crucem
529 1038 580 1065 fuit
601 1043 690 1068 actus.
707 1039 768 1072 Quo
785 1040 913 1075 supplicii
931 1047 1031 1075 genere

241 1086 331 1112 allecti
344 1086 502 1114 suntetiam
526 1086 634 1114 Marcus
650 1090 676 1114 et
701 1086 792 1114 Lucas
811 1088 985 1123 evangelista:
999 1095 1032 1116 ac

241 1128 363 1157 Iacobus
377 1130 486 1157 Domini
504 1130 599 1162 frater,
619 1131 652 1158 de
670 1131 771 1166 quibus
788 1136 851 1160 ante
874 1133 1030 1161 retulimus.

245 1174 312 1202 Divo
327 1175 406 1203 Lucae
421 1184 471 1210 pro
497 1183 580 1203 cruce
599 1176 650 1203 fuit
664 1177 724 1204 olea
754 1176 894 1211 frugifera,
920 1185 982 1204 cum
999 1177 1032 1204 ad

240 1222 391 1256 parandam
411 1230 521 1249 crucem
540 1223 646 1249 nullum
662 1223 695 1250 iis
708 1223 735 1250 in
761 1223 829 1250 locis
856 1223 962 1250 aridum
982 1225 1033 1259 lig-

241 1275 306 1294 num
329 1269 506 1303 reperiretur.
532 1268 598 1303 Ejus
622 1276 723 1302 corpus
750 1269 862 1304 quidam
892 1270 1031 1298 sublatum

240 1313 315 1340 inter
327 1314 414 1341 multa
427 1314 479 1340 alia
496 1314 623 1348 sepulcra
636 1314 807 1347 recondidit;
825 1315 918 1350 itaque
941 1315 1033 1343 eﬂ‘ecit

242 1363 272 1387 ut
295 1360 323 1387 in
346 1360 464 1388 obscuro
487 1360 546 1394 ejus
570 1361 719 1395 sepulturze
746 1361 822 1388 locus
849 1367 933 1389 esset.
962 1362 1030 1390 Cum

239 1410 335 1433 autem
360 1410 455 1441 postea
486 1406 615 1440 discipuli
644 1413 704 1433 eam
734 1408 917 1442 requirerent,
949 1413 1032 1444 atque

240 1456 356 1486 propter
372 1451 563 1486 sepulcrorum
581 1451 787 1478 multitudinem
806 1460 858 1479 non
876 1454 1031 1488 deprehen-

240 1497 307 1523 dere
323 1495 405 1530 373
421 1500 545 1531 possent,
557 1503 651 1523 eorum
663 1497 792 1531 precibus
808 1503 899 1525 motus
912 1498 985 1526 Deus
1000 1506 1031 1526 ea

242 1547 324 1570 nocte
337 1542 453 1578 collyria
470 1542 577 1569 medica
591 1550 673 1577 super
689 1543 748 1577 ejus
763 1544 897 1570 tumulum
915 1544 1030 1578 depluit,

241 1593 333 1615 nolam
351 1588 420 1615 artis
442 1595 524 1622 quam
554 1592 728 1615 exercuerat.
755 1590 844 1624 Atque
873 1589 923 1616 hoc
950 1575 1066 1617 modoc

243 1634 401 1668 sepulcrum
426 1633 508 1660 Lucae
535 1635 665 1669 innotuit.
696 1633 784 1668 Hujus
816 1639 919 1662 sancta
951 1641 1033 1670 atque

244 1679 410 1706 venerandae
437 1679 559 1713 reliquiae
582 1679 635 1706 sub
661 1679 824 1707 Constantio
858 1680 1032 1708 Constantini

246 1724 336 1760 “agni
353 1725 408 1752 lilio
420 1725 492 1752 beati
508 1724 622 1751 Artemii
652 1732 734 1760 opera
766 1725 1033 1762 Constantinopolim

245 1770 348 1804 relatae,
364 1770 495 1805 deposita!
510 1774 574 1798 sunt
589 1770 616 1796 in
627 1771 731 1805 templo
750 1770 878 1798 Divorum
891 1772 1036 1806 Apostolo-

246 1823 320 1848 rum,
335 1816 405 1842 infra
422 1823 527 1843 sacram
553 1824 687 1850 mensam,
710 1824 764 1844 una
793 1825 856 1844 cum
883 1817 992 1845 Audi-ea
1008 1823 1036 1846 et

244 1861 393 1889 Timotheo
412 1861 499 1888 bealis
515 1862 660 1896 apostolis.

277 1907 411 1935 Caeterum
436 1906 522 1934 Judaei
539 1915 554 1934 a
583 1907 686 1935 Christi
709 1907 735 1934 in
757 1908 857 1935 ctelum
882 1910 1036 1944 receptione

242 1963 336 1990 pacem
354 1955 508 1982 habuerunt
519 1962 605 1982 annos
614 1955 806 1990 quadraginta,
817 1963 878 1983 cum
891 1957 931 1984 eis
944 1957 1036 1984 divina

243 2002 376 2030 lentitudo
390 2002 415 2028 id
430 2002 463 2028 ad
481 2001 697 2035 resipiscendum
714 2002 859 2037 largiretur
872 2007 989 2038 tempus,
1007 2008 1036 2032 ut

243 2057 294 2077 sua
311 2049 474 2076 damnantes
488 2052 598 2083 peccata
612 2047 713 2074 factum
727 2053 872 2076 mutarent.
891 2050 911 2076 li
931 2058 995 2078 vero
1009 2052 1035 2078 in

245 2093 367 2121 deterius
389 2096 511 2124 ruentes,
536 2091 639 2118 invidia
655 2099 687 2118 eo
702 2091 813 2118 adducti
831 2096 895 2119 sunt
914 2094 952 2120 uti
973 2101 1038 2121 san—

243 2144 305 2166 etos
330 2137 526 2169 interficerent,
555 2134 736 2170 Stephanum,
759 2134 891 2162 Iacobum
914 2136 1035 2164 Zebedaei

244 2184 342 2217 filium,
373 2182 504 2210 Jacobum
529 2181 636 2208 Domini
660 2180 782 2214 fratrem,
797 2185 824 2208 et
845 2182 924 2209 alios.
944 2182 1036 2217 Itaque

245 2237 296 2256 suo
314 2229 413 2256 merito
427 2227 560 2255 divinitus
574 2226 724 2261 profectam
740 2226 792 2254 sibi
808 2231 980 2255 attraxerunt
995 2228 1037 2254 in-
1047 2242 1074 2272 Β

245 2275 441 2305 ternecionem,
466 2273 503 2300 Ea
524 2274 592 2308 ipsis
609 2277 652 2300 est
666 2272 835 2300 terribilibus
859 2277 942 2308 atque
973 2281 1035 2308 per-

243 2322 346 2358 spicuis
370 2321 529 2349 denuntiata
561 2319 707 2355 portentis.
737 2318 804 2346 Nam
825 2326 882 2354 quo
913 2325 1034 2354 tempore

242 2375 399 2405 azymorum
421 2366 552 2395 solemnis
568 2366 658 2400 agitur
675 2365 820 2397 festivitas,
840 2365 913 2392 circa
936 2365 1032 2392 boram

243 2416 332 2443 noctis
355 2421 469 2445 nonam.
488 2418 594 2440 tantum
615 2419 690 2439 aram
711 2411 896 2447 templumque
913 2412 1029 2439 circum-

241 2462 318 2490 fulsit
335 2462 427 2489 lumen
444 2459 517 2495 quod
537 2467 585 2494 per
602 2459 734 2494 integram
749 2457 858 2485 duravit
874 2458 979 2491 horam,
1002 2463 1033 2486 ut

241 2508 300 2536 dies
315 2508 454 2535 videretur
472 2506 554 2533 facta.
571 2505 675 2533 Deinde
688 2505 767 2532 stella
782 2511 864 2539 supra
878 2505 972 2531 urbem
985 2513 1035 2532 en-

241 2554 280 2582 sis
296 2553 386 2588 specie
403 2552 540 2588 apparuit.
557 2551 618 2579 Alio
635 2555 758 2587 tempore
775 2555 854 2586 porta
871 2551 956 2581 urbis,
972 2559 1034 2585 quae

1081 953 1115 985 τῇ
1130 951 1224 986 Ῥώμῃ
1231 951 1339 984 δέσμιος
1348 951 1395 977 καὶ
1403 950 1534 981 ὡσαύτως
1541 950 1648 985 Νέρωνι
1658 948 1877 984 παραδοθεὶςτὺν

1081 997 1126 1023 διὰ
1140 996 1230 1031 ξίφους
1243 996 1290 1022 τοῦ
1314 995 1464 1031 μαρτυρίου
1484 996 1616 1029 στέφανον
1631 995 1792 1030 ἀνεδήσατο,
1809 993 1878 1028 μηνὶ

1088 1041 1189 1075 ’ίουνίῳ
1206 1040 1258 1072 κθ’,
1274 1041 1334 1068 καθ’
1347 1041 1379 1075 ἣν
1393 1040 1501 1075 ἡμέραν
1514 1040 1562 1066 καὶ
1577 1040 1686 1074 Πέτρος
1701 1038 1877 1074 ἐσταυρώθη,

1085 1087 1153 1122 μετὰ
1166 1087 1289 1122 περίοδον
1303 1086 1399 1121 χρόνου
1415 1086 1484 1116 ἐνὸς,
1497 1085 1623 1120 καθάπερ
1639 1085 1687 1111 καὶ
1702 1084 1815 1117 Μάρκος
1826 1086 1877 1110 καὶ

1082 1133 1189 1162 Λουκᾶς
1200 1131 1225 1158 οἱ
1238 1131 1432 1166 εὑαγγελισταὶ
1455 1131 1502 1157 καὶ
1525 1130 1654 1162 Ἰάκωόος
1669 1131 1683 1156 ὁ
1697 1129 1873 1165 άδελφόθεος,

1082 1175 1120 1207 ὡς
1130 1176 1283 1211 ἔμπροσθεν
1299 1176 1418 1211 είρηται.
1440 1175 1469 1202 '0
1483 1173 1529 1202 οὖν
1546 1175 1682 1210 μακάριος
1705 1175 1816 1206 Λουκᾶς
1830 1175 1876 1201 ἐπὶ

1083 1222 1175 1253 ἐλαίας
1205 1222 1380 1257 καρποφόρου
1414 1220 1587 1256 ἐσταυρώθη,
1613 1221 1650 1256 μὴ
1676 1221 1876 1256 εὑρισκομένου

1084 1267 1162 1298 ξύλου
1175 1267 1256 1301 ξηροῦ
1269 1268 1298 1293 ἐν
1309 1267 1348 1302 τῷ
1363 1267 1442 1303 τόπῳ
1462 1267 1531 1302 πρὸς
1546 1267 1577 1293 τὸ
1596 1267 1725 1301 γενέσθαι
1743 1267 1874 1302 σταυρόν.

1083 1314 1139 1340 Καὶ
1153 1313 1245 1340 λαϐὼν
1259 1322 1302 1344 τις
1316 1314 1348 1340 τὸ
1372 1314 1452 1349 σῶμα
1468 1313 1549 1340 αὑτοῦ
1573 1315 1620 1340 καὶ
1637 1314 1740 1349 μεταξὺ
1768 1313 1877 1340 πολλῶν

1084 1360 1224 1395 μνημείων
1239 1359 1325 1394 θάψας
1355 1360 1452 1395 άδηλον
1463 1360 1576 1395 ἐποίησε
1591 1360 1636 1387 τον
1659 1359 1755 1394 τάφον.
1769 1359 1830 1386 Τῶν
1847 1359 1878 1386 δέ

1084 1405 1214 1440 μαθητῶν
1230 1405 1438 1441 ἀναζητούντων
1453 1406 1601 1441 μετέπειτα
1617 1406 1664 1433 καὶ
1681 1406 1718 1441 μὴ
1734 1405 1878 1441 εὑρισκόν-

1082 1459 1137 1478 των
1151 1450 1234 1478 αὑτοῦ
1250 1451 1295 1478 τὸν
1310 1452 1395 1485 τάφον
1410 1451 1453 1478 διὰ
1471 1452 1502 1478 τὸ
1525 1451 1627 1486 πλῆθος
1643 1451 1697 1478 τῶν
1714 1451 1877 1486 μνημάτων,

1083 1497 1315 1532 προσευξαμένων
1342 1498 1434 1525 αὐτῶν
1454 1499 1487 1532 τῇ
1515 1498 1595 1524 νυκτὶ
1627 1498 1721 1534 ἐκείνῃ
1747 1497 1878 1532 κολούρια

1084 1543 1194 1578 ἑδρεξεν
1206 1545 1219 1569 ὁ
1232 1543 1297 1575 Θεὸς
1318 1543 1427 1579 ἰατρικὰ
1442 1544 1534 1570 ἐπάνω
1552 1542 1600 1570 τοῦ
1614 1544 1701 1577 τάφου
1722 1542 1769 1570 τοῦ
1793 1543 1878 1569 Ἀπο-

1085 1589 1190 1620 στόλου,
1204 1589 1326 1625 σύμϐολα
1338 1589 1388 1624 τῆς
1398 1590 1553 1625 ἐπιστήμης
1564 1590 1657 1621 αὑτοῦ,
1670 1590 1717 1616 καὶ
1729 1590 1762 1615 ἐκ
1773 1590 1878 1616 τούτων

1084 1636 1192 1669 ἐγένετο
1206 1635 1344 1672 γνώριμος
1369 1637 1383 1662 ό
1400 1637 1496 1670 τάφος.
1509 1634 1547 1663 Οὖ
1566 1637 1596 1662 τὸ
1622 1636 1714 1670 τίμιον
1737 1636 1786 1662 καὶ
1798 1635 1878 1670 ἅγιον

1085 1680 1211 1715 λείψανον
1224 1681 1407 1716 ἀνακομισθὲν
1422 1682 1469 1707 ἐπὶ
1483 1681 1676 1708 Κωνσταντίου
1688 1680 1744 1715 (47)
1757 1681 1805 1707 τοῦ
1815 1681 1876 1707 υἱοῦ

1084 1726 1132 1754 τοῦ
1160 1727 1279 1762 μεγάλου
1309 1727 1517 1754 Κωνσταντίνου
1535 1727 1580 1754 διά
1598 1727 1646 1753 τοῦ
1667 1728 1746 1760 ἁγίου
1786 1727 1868 1762 ’Δρτε

1087 1771 1160 1806 μίου,
1178 1772 1256 1806 ἐτέθη
1288 1772 1317 1798 ἐν
1331 1771 1369 1806 τῷ
1396 1772 1453 1806 ναῷ
1481 1771 1536 1798 τῶν
1562 1771 1664 1805 ’Δγίων
1690 1772 1876 1804 ’Λποστόλων,

1087 1817 1216 1844 ὑποκάτω
1238 1818 1289 1852 τῆς
1312 1817 1394 1851 ἁγίας
1417 1817 1568 1853 τραπέζης,
1599 1818 1658 1854 μετ’
1675 1818 1800 1853 ’Δνδρὲου
1831 1820 1876 1845 καὶ

1087 1862 1220 1897 Τιμοθέου
1231 1863 1286 1888 τῶν
1300 1863 1386 1896 ἁγίων
1403 1863 1570 1891 ἀποστόλων.

1123 1907 1168 1943 ΙΡ.
1188 1908 1254 1944 213]
1271 1909 1303 1935 Οἱ
1318 1909 1407 1935 τοίνυν
1423 1909 1542 1935 Ἰουδαῖοι
1560 1909 1629 1944 μετὰ
1641 1908 1690 1943 τὴν
1711 1909 1758 1935 τοῦ
1774 1908 1875 1943 Κυρίου

1087 1956 1220 1992 ἀνάληψιν
1252 1957 1420 1992 ἀπολέμητοι
1442 1957 1583 1992 διέμειναν
1598 1957 1645 1992 ἔτη
1678 1959 1714 1992 μ’,
1732 1957 1875 1992 μετανοίας

1086 2003 1177 2034 αὐτοῖς
1192 2003 1287 2038 καιρὸν
1308 2003 1356 2037 τῆς
1385 2004 1577 2039 μακροθυμίας
1602 2003 1817 2039 ἁπεκτεινούσης
1829 2003 1875 2030 τοῦ

1087 2047 1165 2078 Θεοῦ,
1181 2048 1223 2074 ἵνα
1234 2049 1495 2083 γνωσιμαχήσαντες
1509 2048 1559 2084 τὴν
1572 2048 1640 2075 ίδίςιν
1652 2048 1874 2075 άνακαλέσωνται

1087 2093 1289 2128 πλημμέλειαν.
1307 2094 1338 2120 Οἱ
1350 2094 1378 2119 δὲ
1397 2094 1498 2127 μᾶλλον
1511 2095 1552 2126 είς
1565 2094 1595 2120 τδ
1616 2095 1708 2128 χεῖρον
1732 2094 1874 2124 νεύσαντες

1087 2139 1126 2174 τῷ
1138 2139 1227 2174 φθόνῳ
1239 2139 1285 2166 καὶ
1295 2140 1358 2171 τοὺς
1372 2139 1467 2173 ἁγίους
1478 2140 1608 2175 ἀνῄρουν,
1617 2140 1764 2173 Στέφανον,
1779 2139 1872 2166 Ἰάκω-

1089 2185 1136 2211 ϐον
1148 2185 1194 2212 τὸν
1214 2185 1262 2212 τοῦ
1271 2185 1425 2218 Ζεϐεδαίου,
1444 2185 1574 2212 Ἰάκωϐον
1582 2186 1628 2212 τὸν
1644 2185 1808 2218 ἀδελφόθεον
1830 2185 1873 2211 iul

1088 2230 1208 2262 λοιπούς.
1220 2231 1265 2257 Διὸ
1283 2230 1336 2257 καὶ
1363 2231 1445 2262 ἀξίως
1469 2231 1512 2265 ἐφ’
1534 2231 1648 2262 ἐαυτοὺς
1674 2232 1724 2266 τὴν
1745 2231 1874 2265 θεήλατον

1088 2272 1277 2302 ἐπεσπάσαντο
1302 2277 1505 2310 πανωλεθρίαν.
1534 2276 1616 2303 Ὅθεν
1644 2277 1738 2308 αὐτοῖς
1771 2276 1874 2311 φοὸερὰ

1088 2323 1189 2356 σημεῖα
1203 2322 1250 2348 καὶ
1265 2322 1367 2357 ἐναργῆ
1382 2322 1586 2354 ἐπεδείκνυντο,
1598 2321 1648 2357 τὴν
1665 2321 1818 2357 μέλλουσαν
1829 2330 1870 2348 κα⁵

1088 2367 1380 2402 ταλαμσάνεινξαὺτοὺς
1389 2367 1490 2394 ἅλωσιν
1501 2367 1705 2403 προμηνύοντα.
1720 2367 1764 2393 Ἐν
1779 2367 1834 2402 γὰρ
1843 2367 1873 2400 τῇ

1086 2413 1141 2439 τῶν
1149 2414 1272 2448 Ἀζύμων
1283 2414 1375 2449 ἑορτῇ.
1387 2414 1450 2449 περὶ
1462 2413 1535 2448 ὤραν
1545 2414 1565 2440 0'
1577 2414 1626 2449 τῆς
1634 2414 1741 2447 νυκτὸς,
1752 2414 1873 2440 τοσοῦτο»

1087 2460 1145 2494 φῶς
1160 2461 1206 2487 τὸν
1218 2461 1280 2487 ναὸν
1295 2459 1465 2495 περιέλαμψε
1483 2461 1530 2486 καὶ
1547 2460 1593 2486 τὺν
1613 2460 1705 2495 βωμὸν
1724 2460 1790 2494 περὶ
1804 2459 1873 2494 ὥρα»

1089 2507 1152 2541 μίαν
1165 2508 1204 2538 ὡς
1231 2507 1318 2533 δοκεῖν
1341 2506 1448 2542 ἡμέραν
1476 2506 1614 2540 γενέσθαι.
1647 2506 1764 2532 Ἔπειτα
1788 2505 1873 2540 ἀστὴρ

1088 2552 1207 2587 ὕπερθεν
1224 2552 1273 2587 τῆς
1293 2552 1397 2583 πόλεως
1410 2552 1534 2587 ῥομφαίᾳ.
1548 2551 1699 2586 παρόμοιος
1721 2551 1865 2578 ὠπτὰνετο

811 2618 989 2646 XYLANDRI
1002 2619 1046 2647 ET
1061 2621 1167 2649 GOARI
1188 2620 1306 2649 ΝΟΤΑΞ.

278 2668 335 2704 (Π)
348 2667 485 2704 Audacter
502 2667 694 2695 Constantium
708 2666 816 2704 restitui
833 2673 884 2704 pro
893 2665 1031 2704 Constan-

239 2700 310 2736 tino,
327 2700 390 2731 cum
408 2708 435 2729 et
453 2703 575 2730 Zonaras
599 2710 706 2730 mecum
736 2701 820 2736 faciat
843 2701 870 2727 in
887 2701 942 2727 vita
958 2700 1032 2728 Con-

241 2735 346 2771 staniii,
375 2743 402 2765 et
429 2738 602 2771 Nicephorus
634 2745 661 2769 κ,
687 2738 716 2768 2,
735 2737 758 2763 si
781 2735 966 2771 Tbeodoritus
989 2743 1029 2768 ιιι,

242 2775 288 2805 l8,
304 2770 536 2807 et'fragmcntum
552 2772 681 2799 Dorothei
705 2771 842 2806 martyris.
860 2770 933 2804 quod
950 2770 1031 2807 [mete

240 2809 388 2844 Evangelio
397 2805 466 2836 solet
473 2807 586 2841 praefigi.
594 2814 752 2844 quanquam
763 2805 789 2832 in
797 2813 830 2833 eo
839 2813 946 2844 quoque
955 2805 1032 2844 Κων-

243 2841 384 2871 στανεέίνου
401 2851 451 2878 pro
470 2841 662 2878 Κωνσταντίου
694 2841 792 2878 vitiose
817 2841 916 2878 legitur
943 2846 976 2878 et
1009 2841 1032 2867 is

243 2878 316 2907 Illius
329 2875 599 2914 Maguiperbibetur.
623 2875 690 2904 Nam
712 2875 912 2904 Constantinus
941 2875 1031 2905 statim

1082 2668 1155 2696 filius
1169 2667 1287 2696 celerius
1303 2672 1346 2694 est
1360 2666 1492 2694 sublatus
1508 2674 1590 2702 quam
1602 2671 1632 2694 ut
1655 2667 1743 2702 ipsius
1761 2668 1878 2702 imperio

1085 2703 1188 2738 aliquid
1204 2704 1303 2730 horum
1323 2702 1380 2738 fieri
1400 2703 1533 2738 poluerit.
1542 2701 1594 2729 Sed
1610 2707 1635 2729 et
1668 2701 1696 2730 in
1724 2702 1877 2737 Sophronii

1083 2736 1217 2773 scriptum
1248 2742 1290 2765 est
1305 2738 1338 2765 de
1365 2736 1405 2773 D.’
1427 2736 1499 2763 Luca
1515 2737 1693 2773 fragmento,
1709 2736 1782 2765 anno
1802 2738 1879 2765 Con-

1083 2774 1195 2800 stantini
1209 2772 1479 2807 vigesimoreliquias
1497 2772 1556 2806 ejus
1564 2772 1670 2806 Cpolim
1686 2780 1748 2800 esse
1764 2773 1878 2804 allatas;

1084 2810 1154 2842 quod
1173 2809 1333 2870 niendosum
1351 2815 1465 2842 prorsus
1481 2812 1522 2834 est
1547 2813 1574 2834 et
1592 2810 1617 2834 in
1647 2808 1759 2835 nOmine
1788 2814 1818 2835 et
1846 2808 1875 2835 in

1084 2851 1168 2870 anno.
1208 2850 1248 2870 rt.

1084 2851 1168 2871 anno.
1183 2850 1248 2870 Ᾱῖι..
