2020 3156
144 157 201 192 H3

703 168 971 200 HISTORIARUM
988 171 1251 204 COMPENDIUM.

1729 174 1783 206 4M

149 215 267 242 ’Λλλοτε
284 218 301 251 ἡ
321 217 481 252 Ἀνατολικὴ
499 219 568 253 πύλη
586 221 674 255 χαλκῆ
697 222 746 256 τῆς
762 223 876 254 πόλεως,
893 231 940 258 ση-

1001 233 1072 252 τοιιιει
1101 226 1247 254 Orientalis
1271 227 1383 260 dicitur,
1404 235 1473 255 terea
1501 235 1533 255 ac
1558 228 1668 257 ferratis
1691 229 1784 257 obdita

147 261 307 297 δηροδέτοι;
324 263 466 299 κλειομένη
483 265 592 299 μοχλοῖς
603 267 649 293 καὶ
670 267 745 301 μόλις
760 268 812 294 ὑπὸ
839 269 944 304 ἀνδρῶν

149 307 173 333 λ’
189 308 364 343 ἀνοιγομένη,
379 308 455 344 ὤφθη
473 311 537 345 περὶ
556 311 629 347 ὤραν
642 316 667 348 η’
681 313 730 347 τῆς
742 315 839 346 νυκτὸς
855 315 943 349 ἁνεῳα

151 354 254 389 “sm.
284 355 368 381 Πάλιν
400 356 546 391 ὼράθησαν
572 357 625 393 πρὸ
647 359 724 393 ἡλίου
752 360 856 392 δύσεως
880 361 946 386 ὡσεὶ

153 400 269 434 ἅρματα
285 400 412 436 μετέωρα
435 402 482 428 καὶ
502 403 674 437 στρατόπεδα
689 404 789 431 ἔνοπλοι
816 406 878 440 περὶ
900 405 946 432 τὸν

152 444 226 479 ἀέρα
241 444 415 480 διατρέχοντα
430 446 538 478 καὶτὰς
559 448 651 479 πόλεις
664 449 714 483 τῆς
740 450 870 482 Ἰουδαίας
895 459 945 484 φο-

154 490 246 526 ϐερῶς
268 491 513 527 περιστοιχίζοντα.
530 493 586 528 Πρὸ
609 494 677 521 ἐτῶν
698 495 725 521 δὲ
740 496 881 531 τεσσάρων
896 499 946 532 τῆς

154 536 296 568 ἁλώσεως,
314 538 343 563 ὲν
364 539 396 573 τῇ
425 539 504 574 ἑορτῇ
536 541 586 574 τῆς
611 541 815 576 Σκηνοπηγίας,
833 542 872 570 ἔτι
896 544 945 578 τῆς

156 582 262 614 πόλεως
276 583 482 619 είρηνευούσης,
498 584 640 621 ἄνθρωπός
658 595 699 617 τις
713 586 818 621 Ὶησοῦς
833 589 945 622 ὀνόματι

155 627 286 663 ὲξαίςνης
310 629 338 655 ἐν
355 629 430 665 μέσῳ
448 629 495 656 τοῦ
516 630 581 657 λαοῦ
607 631 750 666 παρελθὼν
768 633 849 659 ἐϐόων
864 633 942 668 Φωνὴ

154 672 211 699 ἀπὸ
237 673 383 706 ἀνατολῶν,
401 675 477 710 φωνὴ
499 676 553 702 ἀπὸ
582 676 703 710 δυσμῶν,
722 678 798 713 φωνὴ
821 678 874 704 ὰπδ
892 677 946 704 τῶν

155 719 299 752 τεσσάρων
315 719 436 753 ἀνέμων,
450 720 526 755 φωνὴ
543 720 588 747 ἐπὶ
610 721 783 756 Ἰεροσόλυμα
798 722 845 749 καὶ
858 723 946 749 πάντα

153 765 202 790 τὲιν
225 764 298 791 λαόν.
328 765 384 791 Καὶ
400 766 485 792 ταῦτα
506 766 551 792 ἐπὶ
568 767 679 798 πολλαῖς
707 768 825 802 ἡμέραις
837 776 947 803 περιερ-

157 809 273 842 χόμενος
285 809 349 844 ὅλην
370 810 418 844 τὴν
442 811 520 837 πόλιν
549 812 697 843 ἀνενδότως
726 813 800 840 ὲόόοι.
826 813 872 839 Διὸ
898 814 946 840 καί

155 863 230 885 τινες
247 855 301 881 τῶν
312 856 437 890 δημοτῶν
450 857 690 893 ἀγανακτήσαντες
716 860 842 893 μάστιξιν
866 859 946 886 αὐτόν

154 901 290 935 ᾐκίζοντο.
313 900 343 928 '0
366 901 393 928 δὲ
410 903 476 938 πρὸς
488 892 607 939 ἑκάστην
621 905 674 930 τῶν
685 905 797 940 πληγῶν
812 905 928 940 ἔκραζεν
938 913 945 920 ’
964 892 984 919 Β

155 946 238 978 Οὐαὶ,
254 946 325 979 οὐαὶ,
345 947 406 973 οὐαὶ
418 949 474 979 τοῖς
492 948 711 984 Ὶεροσολύμοιςί
730 950 798 977 Κατ’
816 950 900 986 αὐτὴν
918 951 946 977 δὲ

153 992 206 1025 τὴν
223 992 321 1028 ἑορτὴν
344 993 413 1028 βοῦς
439 994 553 1029 ἀχθεῖσα
577 995 646 1030 πρὸς
675 995 771 1022 θυσίαν
788 996 946 1031 παραδόξως

152 1037 251 1063 ἔτεκεν
269 1038 338 1073 ἄρνα
356 1039 385 1065 ὲν
400 1039 475 1075 μέσῳ
490 1040 536 1066 τοῦ
557 1041 645 1076 ίεροῦο
663 1041 735 1076 ἥτις,
750 1039 836 1077 οἶμαι,
853 1042 947 1076 σαφῶς

151 1083 199 1109 ἐνέ
205 1093 282 1117 ψαινε
295 1084 345 1119 τὴν
355 1086 540 1120 γενησομένην
552 1087 644 1118 αὺτοῖς
654 1087 737 1121 ἄρδην
748 1087 944 1120 πανωλεθρίαν.

189 1128 253 1155 Τῶν
271 1128 317 1155 οὖν
337 1129 473 1156 Ἰουδαίων
485 1131 535 1164 τὴν
551 1131 618 1166 πρὸς
630 1131 693 1162 τοὺς
708 1131 863 1166 Ῥωμαίους
880 1132 946 1157 ὐπο-

151 1175 241 1210 ταγην
250 1174 421 1210 ἠθετηκότων
430 1175 574 1203 ἀπέστειλε
584 1177 681 1212 Νέρων
688 1177 892 1204 Οὐεσπασιανὸν
901 1177 947 1203 τὸν

151 1221 214 1247 υἱῆν
235 1220 319 1248 αὑτοῦ
339 1222 386 1248 καὶ
416 1223 496 1249 Τίτον
525 1223 571 1249 τὸν
599 1223 712 1257 ἔκγονον
736 1223 829 1254 αὑτοῦ,
846 1224 870 1250 οἳ
901 1224 947 1249 καὶ

151 1265 314 1300 ἐπόρθησαν
325 1266 420 1302 αὐτὴν,
439 1268 548 1294 πάντων
566 1267 622 1294 τῶν
637 1268 810 1303 Χριστιανῶν
829 1268 862 1294 δι’
880 1269 947 1295 ἀπο-

151 1311 303 1344 καλύψεως
337 1312 412 1344 θείας
438 1314 492 1339 τῶν
529 1314 724 1350 Ἰεροσολύμων
759 1314 945 1347 ἐξελθόντων,

154 1357 242 1391 μόνον
259 1357 288 1384 δὲ
299 1357 365 1384 τῶν
379 1358 513 1385 Ἰουδαίων
526 1360 557 1386 ὲκ
575 1360 666 1394 πάσης
680 1359 730 1394 τῆς
754 1360 846 1394 χώρας
862 1360 891 1385 ὲν
912 1361 946 1396 τῇ

152 1404 205 1430 τοῦ
220 1404 317 1439 Πάσχα
333 1405 414 1440 ἑορτῇ
429 1404 524 1440 ὥσπερ
553 1406 581 1431 ὲν
595 1405 691 1441 εἱρκτῇ
709 1407 764 1436 τοῖς
798 1404 948 1440 Ἰεροσολύ-

155 1459 219 1484 μοις
237 1450 479 1484 συγκὶεισθέντων,
497 1451 536 1482 ὡς
551 1451 624 1485 ἀμφὶ
642 1451 692 1482 τὰς
713 1451 873 1486 τριακοσίας
898 1459 949 1486 μυ-

155 1496 255 1531 ριάδας
265 1496 296 1522 τὸ
312 1495 415 1531 πλῆθος
427 1496 614 1532 ἀριθμεῖσθαι.
627 1497 681 1523 Καὶ
693 1496 793 1527 πάντες
805 1496 849 1523 τὸν
859 1497 947 1531 ἐπηρ-

152 1541 276 1577 τημένον
289 1542 381 1573 αὐτοῖς
395 1541 506 1577 ὄλεθρον
524 1541 592 1577 πρὸς
606 1541 675 1568 Θεοῦ
693 1542 736 1569 διὰ
759 1543 809 1576 τὴν
825 1544 865 1574 είς
879 1543 947 1578 Χρι-
961 1567 983 1598 C

155 1588 221 1614 στὸν
229 1587 276 1615 τὸν
287 1587 354 1614 Θεὸν
363 1587 441 1623 ήμῶν
449 1587 631 1622 τολμηθεϊσαν
640 1588 731 1619 αὐτοῖς
742 1587 891 1623 θεομαχίαν
902 1589 948 1614 καὶ

157 1633 317 1669 μιαιφονίαν
332 1633 445 1665 ὲνδίκως
459 1633 650 1666 κατεδέξαντο,
667 1634 873 1665 Οὐεσπασιανὸς
895 1635 948 1669 γὰρ

155 1682 186 1707 ἐν
201 1681 234 1714 τῇ
250 1679 417 1715 Παλαιστίνῃ
437 1679 507 1714 μετὰ
523 1680 637 1707 Θάνατον
655 1680 780 1714 Νέρωνος
800 1682 950 1716 ἀναγορευ-

156 1726 214 1757 θεὶς
231 1725 358 1760 βασιλεὺς
367 1725 420 1751 ὑπὸ
436 1725 483 1751 τοῦ
499 1726 615 1760 στρατοῦ
628 1726 697 1760 πρὸς
707 1725 817 1760 Ῥώμην
832 1726 948 1760 ἁπῆλθε,

157 1773 237 1798 Ίῖτον
253 1771 300 1797 τὸν
316 1771 372 1797 υἱὸν
385 1770 467 1797 αὐτοῦ
478 1771 644 1806 καταλείψας
661 1773 762 1799 ἐκεῖσε.
775 1771 820 1808 [Ρ.
832 1771 899 1807 214]
920 1772 949 1798 ’0

157 1817 186 1843 δὲ
204 1816 344 1848 ἑλεπόλεις
366 1816 415 1843 καὶ
434 1816 556 1852 πύργους
578 1817 727 1848 παντοίους
748 1818 949 1852 τεκτηνάμενος

158 1862 241 1897 διχῶς
252 1862 287 1889 τὰ
299 1862 376 1897 τείχη
398 1862 593 1898 Ἰεροσολύμων
608 1863 802 1898 κατεπολὲμει.
824 1863 950 1895 Ἐξελαύ-

147 1902 200 1935 ’νει
215 1909 281 1943 γοῦν
300 1908 348 1934 τοῦ
367 1908 420 1940 ἔξω
443 1908 548 1944 τείχους
564 1909 627 1940 τοὺς
653 1909 808 1940 Ἰουδαίους.
826 1909 898 1944 Πρὸς
921 1909 950 1935 δὲ

158 1956 189 1981 τὸ
215 1955 342 1990 δεύτερον
358 1955 567 1989 καταφυγόντας
583 1955 710 1982 κάκεῖθεν
729 1955 840 1990 σφόδραί
849 1955 949 1989 βιαίοις

159 2001 290 2035 πολέμοις
318 2001 478 2034 ἀναγκάσας
497 2001 544 2027 ἐπὶ
567 2000 599 2027 τὸ
627 2001 765 2036 ἐνδότερον
790 2001 838 2027 καὶ
859 2001 951 2035 τρίτον

160 2046 273 2072 συνώθει
293 2047 404 2081 χωρεῖν,
420 2046 488 2072 ὅπου
503 2045 551 2072 καὶ
568 2046 705 2081 καρτερᾶς
722 2046 860 2081 διαμάχης
872 2054 951 2080 γενο-

163 2093 247 2126 μένης
284 2091 314 2124 ἐξ
347 2092 482 2127 ἑκατέρας
514 2092 696 2127 παρατάξεως
731 2092 855 2118 πλεῖστοι
892 2093 951 2118 ὅσοι

162 2137 324 2173 ἀνῃροῦντο.
343 2137 431 2172 Διμοῦ
445 2138 473 2164 δὲ
489 2138 549 2164 τότε
565 2137 615 2173 τὴν
630 2137 708 2164 πόλιν
736 2139 875 2174 ἀφορήτου
902 2147 952 2164 και

162 2183 373 2218 τακρατοῦντος,
385 2181 421 2219 ἦν
438 2184 503 2210 ἰδεῖν
518 2184 607 2218 πολλῷ
628 2183 713 2219 χείρω
733 2184 787 2210 τῶν
813 2184 951 2218 πολεμίων

997 272 1130 302 vectibus.
1150 277 1176 299 et
1192 280 1273 307 quam
1288 281 1359 308 aegre
1376 273 1485 308 triginta
1505 274 1555 301 viri
1571 279 1681 307 possent
1695 275 1785 308 aperi-

996 324 1036 348 re,
1060 317 1134 344 circa
1162 323 1285 345 octavam
1310 319 1398 346 noctis
1421 319 1516 346 horam
1533 321 1591 347 visa
1614 325 1656 347 est
1672 320 1783 354 aperiri.

997 362 1102 390 Rursus
1133 368 1197 390 ante
1227 364 1295 390 solis
1307 371 1435 391 occasum
1466 365 1515 392 visi
1546 370 1610 393 sunt
1635 365 1662 392 in
1676 365 1784 392 sublimi

996 416 1096 435 currus
1112 413 1139 435 et
1154 409 1291 437 exercitus
1302 409 1397 436 annali
1416 417 1464 444 per
1478 417 1568 437 aerem
1583 410 1665 446 374
1676 411 1785 437 discur-

996 458 1087 480 rentes
1102 457 1184 488 atque
1199 454 1313 482 urbibus
1325 453 1425 481 Judteae
1439 455 1599 482 terribiliter
1612 455 1783 483 circumfusi.

997 498 1120 531 Quatuor
1140 498 1221 525 etiam
1237 503 1301 526 ante
1314 498 1450 526 excidium
1466 500 1558 530 armis.
1572 499 1639 527 festo
1656 500 1786 526 taberna-

997 543 1118 571 culorum
1133 544 1186 573 die.
1204 545 1272 571 urbe
1294 544 1383 571 adhuc
1403 549 1510 578 pacata,
1530 546 1572 571 vir
1582 545 1691 579 quidam
1706 544 1785 573 Jesus

998 589 1108 615 nomine
1126 589 1218 616 subito
1231 589 1257 616 in
1274 589 1391 616 medium
1403 590 1494 624 populi
1509 597 1668 625 progressus
1683 590 1786 617 clama-

996 634 1046 662 vit.
1060 633 1117 661 Vox
1133 635 1168 662 ab
1187 641 1249 662 ortu
1268 635 1343 667 Solis,
1357 643 1407 662 vox
1428 635 1462 662 ab
1478 643 1588 667 occasu,
1612 643 1664 662 vox
1679 643 1694 661 a
1717 643 1786 670 qua-

997 684 1059 706 tuor
1076 679 1170 706 mundi
1183 679 1360 710 cardinibus,
1378 687 1429 707 vox
1446 679 1579 707 adversus
1599 678 1786 713 Hierosolyma

998 729 1025 752 et
1050 729 1134 752 lotam
1153 729 1271 760 gentem.
1290 725 1354 753 Ha-c
1368 725 1413 753 ille
1433 733 1480 760 per
1496 725 1601 758 aliquot
1616 725 1685 755 dies.
1702 728 1786 750 totam

997 770 1162 798 circumiens
1171 770 1276 803 urbem,
1289 771 1348 798 sine
1360 772 1563 798 intermissione
1572 769 1786 797 vociferabatur.
1824 791 1827 793 .

997 816 1074 849 Quod
1086 817 1195 851 quidam
1208 817 1242 844 de
1253 817 1354 852 populo
1367 817 1477 852 indigne
1487 817 1606 844 ferentes
1617 816 1710 851 ﬂagris
1725 823 1787 843 eum

998 863 1169 894 ceciderunt.
1179 862 1211 889 ad
1222 863 1344 898 singulos
1359 863 1429 890 ictus
1453 863 1651 890 exclamantem
1669 861 1724 893 Vat.
1737 868 1788 893 vae,

999 916 1038 935 vae
1062 909 1267 943 Hierosolyma.
1286 907 1385 935 Eadem
1401 908 1549 935 festivitate
1571 908 1621 935 bos
1636 907 1668 933 ad
1682 906 1788 934 sacriﬁ-

998 954 1070 981 cium
1081 953 1199 982 adducta
1217 962 1316 989 agnum
1328 959 1407 989 partu
1421 953 1505 981 edidit
1520 955 1547 980 in
1563 954 1653 981 medio
1668 952 1787 987 templo;

998 1008 1053 1035 quo
1079 1000 1189 1035 quidem
1205 999 1341 1035 prodigio,
1368 999 1395 1025 ui
1417 999 1505 1031 fallor,
1532 999 1654 1026 funditus
1674 997 1788 1025 exitium

997 1045 1100 1074 Judteis
1116 1050 1209 1081 aperte
1228 1045 1280 1072 fuit
1294 1048 1543 1080 pramtonstratum.

1032 1133 1100 1160 Cum
1115 1140 1180 1168 ergo
1203 1132 1289 1160 Judzei
1318 1140 1332 1159 a
1356 1132 1487 1160 Romanis
1515 1132 1692 1166 defecissent,
1713 1134 1790 1162 misit

997 1178 1069 1206 Nero
1088 1177 1285 1213 Vespasianum
1303 1178 1388 1206 ﬁlium
1407 1184 1435 1206 et
1457 1178 1560 1213 Titum,
1573 1180 1619 1214 qui
1638 1179 1790 1216 Hierosoly-

998 1231 1069 1250 mam
1081 1224 1283 1251 exscinderent.
1303 1224 1398 1251 Divina
1414 1228 1470 1251 tum
1499 1223 1680 1258 patefactione
1696 1223 1790 1250 admo-

997 1269 1047 1296 niti
1061 1269 1211 1296 Christiani
1239 1269 1359 1296 universi
1384 1269 1579 1304 Hierosolymis
1603 1272 1789 1299 excesserant,

998 1315 1104 1349 solique
1123 1314 1209 1342 Judaai
1230 1315 1256 1341 in
1268 1315 1335 1342 urbe
1351 1320 1441 1348 erant,
1461 1316 1494 1342 ad
1511 1315 1653 1343 Paschalis
1668 1315 1790 1342 solemne

1001 1359 1165 1387 sacriﬁcium
1174 1364 1268 1386 extota
1279 1359 1372 1387 Judaea
1380 1367 1413 1387 eo
1422 1361 1549 1395 profecti,
1562 1360 1789 1395 ibiquetanquam

998 1406 1025 1433 in
1039 1412 1150 1432 carcere
1162 1405 1271 1432 inclusi.
1287 1404 1469 1433 Multitudinis
1487 1413 1618 1433 numerus
1629 1405 1680 1432 fuit
1694 1405 1728 1432 ad
1749 1408 1791 1432 tel'

998 1451 1108 1479 millena
1119 1451 1202 1478 millia
1215 1459 1221 1482 ;
1231 1451 1277 1485 qui
1293 1458 1388 1479 omnes
1399 1451 1490 1478 divina
1505 1451 1623 1478 vindicta
1634 1450 1790 1478 rebellionis

999 1505 1056 1525 sua:
1071 1501 1166 1524 contra
1179 1497 1319 1524 Christum
1330 1497 1476 1524 Dominum
1502 1501 1640 1528 nostrum,
1655 1496 1791 1530 caedisque

1000 1543 1028 1570 in
1037 1550 1099 1570 eum
1112 1546 1232 1575 statutae,
1249 1542 1332 1569 exitio
1343 1549 1394 1570 suo
1410 1550 1504 1576 poenas
1517 1540 1661 1569 dederunt.
1682 1540 1789 1567 Etenim

1002 1587 1185 1622 Vespasianus
1199 1587 1225 1614 in
1246 1587 1388 1615 Palaestina
1404 1587 1516 1623 degens,
1542 1595 1556 1614 a
1575 1591 1662 1614 morte
1673 1585 1791 1614 Neroni!

1001 1633 1149 1667 imperator
1162 1633 1196 1659 ab
1221 1634 1342 1660 exercitu
1361 1637 1470 1660 creatus
1498 1632 1611 1659 Romam
1638 1631 1714 1662 abiit.
1729 1629 1792 1657 Tito

1001 1677 1057 1704 lilio
1066 1677 1147 1712 3'75
1156 1685 1207 1704 suo
1223 1678 1259 1704 ibi
1279 1678 1384 1704 relicto.
1398 1677 1422 1704 Is
1437 1677 1577 1704 machinas
1588 1676 1621 1704 ad
1629 1682 1791 1710 oppugnan-

1001 1723 1066 1750 dum
1084 1728 1162 1758 aptas
1173 1723 1318 1758 onmisque
1335 1724 1442 1758 generis
1466 1727 1557 1750 turres
1575 1722 1734 1752 fabricatus,
1751 1720 1792 1747 bi-

1001 1769 1100 1796 fariam
1112 1776 1206 1796 muros
1217 1768 1467 1804 Hierosolymorum
1479 1769 1656 1803 oppugnavit.
1669 1767 1792 1794 Iudaeos—

1001 1822 1054 1850 que
1067 1814 1291 1848 murojexteriore
1307 1814 1420 1840 abactos
1436 1813 1468 1840 ad
1486 1814 1636 1841 secundum
1648 1813 1790 1847 compulit.

1000 1859 1068 1888 Inde
1085 1867 1194 1894 quoque
1217 1859 1324 1894 magnis
1342 1859 1540 1886 certaminibus
1551 1865 1610 1886 -eos
1624 1859 1657 1885 ad
1680 1859 1790 1885 tertium

1001 1905 1107 1938 redegit
1126 1912 1235 1932 murum
1252 1913 1260 1938 ;
1275 1904 1322 1931 ubi
1335 1904 1391 1931 acri
1416 1904 1561 1931 commissa
1577 1910 1667 1939 pugna
1683 1902 1792 1936 plurimi

1001 1951 1037 1978 ab
1060 1955 1178 1985 utraque
1199 1955 1275 1985 parte
1289 1950 1489 1977 occubuerunt.
1511 1949 1621 1976 Interim
1645 1955 1707 1975 cum
1725 1946 1792 1974 urbs

1002 1997 1168 2025 intolerabili
1184 1997 1255 2024 fame
1271 1995 1484 2028 conﬂictaretur,
1499 1995 1615 2023 vidisses
1623 1995 1702 2030 longe
1719 1997 1793 2020 atro-

1002 2044 1078 2071 ciora
1107 2043 1182 2070 intus
1213 2049 1227 2069 a
1245 2042 1401 2077 raptoribus
1425 2049 1506 2076 quant
1526 2041 1595 2069 foris
1611 2041 1646 2068 ab
1668 2039 1793 2067 hostibus

1001 2088 1099 2116 damna
1116 2087 1185 2114 dari.
1202 2086 1270 2114 Nam
1285 2087 1371 2115 sicubi
1385 2086 1498 2121 januam
1513 2085 1792 2116 viderentoeclusam,

1001 2141 1033 2160 ea
1052 2133 1163 2160 effracta
1177 2133 1365 2166 irrumpebaut
1380 2132 1512 2166 bolosque
1529 2139 1561 2159 ex
1576 2131 1642 2166 ipsis
1663 2129 1793 2157 faucibus

1001 2178 1143 2206 hominum
1156 2178 1320 2212 eripiebant.
1337 2178 1487 2212 Propterea
1502 2181 1528 2203 et
1536 2183 1616 2204 senes
1630 2175 1794 2210 lorquebant

164 2228 226 2260 τοὺς
238 2228 312 2255 ἔνδον
329 2229 450 2264 δρῶντας
466 2229 647 2260 στασιαστὰς·
669 2229 696 2255 ei
714 2238 766 2256 που
781 2231 835 2265 γὰρ
857 2229 942 2264 θύραν

1003 2229 1031 2252 et
1048 2225 1178 2252 mulieres
1194 2223 1335 2250 laniabant
1351 2227 1379 2250 et
1396 2222 1518 2250 infantes
1538 2226 1618 2249 terra:
1633 2221 1792 2253 allidebant,

164 2273 232 2302 εἶδον
248 2275 461 2309 κεκλεισμένην,
475 2275 667 2307 κατακλῶντες
688 2276 839 2310 εἰσεπήδων
856 2277 904 2302 καὶ
919 2276 951 2302 ὲκ

163 2321 216 2347 τῶν
233 2320 383 2357 φαρύγγων
399 2321 582 2356 διηρπάζοντο
597 2321 642 2347 τὸν
664 2321 770 2356 ψωμόν.
788 2322 891 2348 Τούτου
921 2322 954 2358 δὴ

163 2367 244 2394 ἕνεκα
259 2367 308 2393 καὶ
319 2367 448 2402 γέροντας
460 2366 623 2398 ὲὸασάνιζον
639 2367 687 2393 καὶ
705 2367 805 2400 γύναια
817 2369 954 2403 ἐσπάρατ-

162 2421 208 2439 τον
226 2413 274 2439 καὶ
295 2413 379 2447 νήπια
401 2413 523 2447 ηρασσον
546 2414 587 2444 είς
616 2413 678 2447 γῆν.
703 2414 824 2449 Ὀρόσοις
845 2414 873 2441 δὲ
891 2415 954 2446 τοὺς

164 2459 264 2493 πόρους
297 2457 351 2483 τῶν
378 2456 485 2483 αἰδοίων
511 2458 715 2492 ἐμφράττοντες
730 2477 738 2490 ,
768 2458 816 2484 καὶ
846 2458 954 2493 ρἀδοις

162 2503 264 2535 ὀξείαις
276 2503 326 2534 τὰς
340 2502 420 2538 ἕδρας
435 2500 490 2529 τῶν
508 2503 608 2529 ἀθλίων
618 2503 852 2538 ιδιαττερονῶντες,
868 2504 955 2536 οὕτως

161 2549 320 2585 ἠνάγκαζον
335 2549 423 2584 δράκα
442 2549 507 2584 μίαν
516 2549 629 2583 ἀλφίτου
647 2549 766 2585 μηνῦσαι
794 2550 955 2585 κεκρυμμέυ

161 2605 221 2630 νην.
248 2595 305 2621 Καὶ
331 2592 439 2629 χόρτου¹
465 2595 515 2630 μὲν
543 2594 730 2630 σπαράγματα
758 2595 929 2629 διεμασῶντο
946 2616 953 2628 ,

164 2640 285 2676 μητέρες
302 2641 331 2667 δὲ
350 2640 404 2667 τῶν
420 2640 526 2676 νηπίων
544 2642 604 2673 ταῖς
613 2641 718 2667 ἑαυτῶν
732 2641 812 2676 χερσὶ
825 2641 865 2676 τῷ
884 2641 955 2676 λιμῷ

164 2687 377 2722 μαραινομένων
393 2687 628 2723 ὑπερεώρων,καὶ
643 2687 698 2714 τῶν
716 2688 768 2723 πρὸ
790 2688 844 2714 τῶν
856 2688 956 2721 deﬂet).-

164 2737 224 2772 μῶν
242 2735 334 2762 αὐτῶν
353 2735 526 2771 θνησκόντων
547 2735 595 2762 καὶ
609 2736 642 2770 τῇ
658 2734 747 2770 ἐνδείᾳ
773 2734 956 2769 καταφθειρο-

164 2783 254 2818 μένων
271 2782 492 2817 παρελογίζοντο.
514 2782 593 2808 Πᾶσα
608 2781 636 2808 δὲ
660 2781 733 2808 οἰκία
760 2781 864 2816 νεκρῶν
890 2781 957 2815 πλη-

164 2828 285 2862 ρουμένη
299 2828 345 2854 καὶ
366 2828 500 2859 ὲπόζουσα
526 2827 660 2862 ἀργαλέον
694 2826 830 2861 ἐνέσκηψε
851 2826 954 2860 λοιμόν,

163 2873 218 2899 Καὶ
233 2873 344 2904 πῖείους
361 2874 374 2900 ό
390 2873 465 2907 λιμός
481 2873 496 2908 ἢ
517 2874 530 2900 ό
552 2873 669 2908 πόλεμος
692 2873 830 2900 ἀνάλωσε·
846 2872 872 2898 τί
902 2872 955 2907 γὰρ

1005 2275 1112 2299 meatus
1138 2270 1328 2305 pudendorum
1358 2269 1428 2303 pisis
1451 2268 1636 2300 obturabaut,
1671 2273 1793 2300 anosque

1005 2318 1168 2345 miserorum
1182 2317 1271 2344 acutis
1282 2315 1366 2350 virgis
1382 2315 1571 2350 penetrabant,
1593 2314 1632 2341 uti
1648 2321 1696 2341 eos
1710 2320 1792 2348 coge-

1004 2368 1067 2392 rent
1081 2364 1213 2399 pugillum
1230 2370 1314 2390 unum
1337 2362 1433 2389 farinae
1451 2361 1642 2389 absconditum
1659 2360 1792 2387 indicare.

1004 2409 1241 2437 Manducabanlur
1264 2408 1358 2435 herba:
1371 2408 1473 2435 evulsa:
1489 2415 1496 2440 ;
1510 2411 1538 2434 et
1556 2410 1657 2434 matres
1673 2413 1737 2433 suos
1749 2406 1794 2432 in-

1006 2455 1095 2482 fantes
1111 2454 1184 2481 inter
1206 2453 1328 2488 ipsarum
1345 2459 1442 2479 manus
1462 2451 1533 2478 fame
1555 2451 1729 2477 tabescentes
1745 2457 1794 2477 ne-

1005 2501 1154 2537 gtigebaut,
1179 2499 1305 2534 fameque
1332 2502 1395 2526 aute
1415 2498 1511 2525 oculos
1533 2504 1605 2525 suos
1619 2495 1794 2523 morientium

1008 2548 1111 2575 nullam
1127 2547 1264 2574 ducebant
1275 2546 1420 2573 rationem.
1435 2544 1522 2572 Porro
1543 2548 1632 2570 autent
1649 2542 1792 2574 cadavera,

1005 2594 1106 2629 quibus
1131 2601 1227 2621 omnes
1249 2596 1328 2620 erant
1352 2591 1451 2619 domus
1470 2589 1704 2625 oppletae,-fetore
1721 2588 1795 2616 edito

1006 2648 1115 2676 gravem
1129 2640 1318 2667 excitaverunt
1329 2641 1445 2673 pestem,
1459 2644 1512 2672 qua
1522 2637 1613 2672 plures
1628 2642 1712 2670 quam
1723 2634 1795 2662 bello

1007 2687 1159 2721 perierunt.
1176 2685 1247 2718 Quid
1267 2685 1340 2712 enim
1362 2691 1415 2711 non
1432 2683 1485 2710 fuit
1500 2683 1675 2717 absumptum
1691 2681 1703 2708 ?
1717 2680 1795 2707 Tunc

1007 2734 1088 2761 etiam
1106 2733 1203 2759 mulier
1223 2731 1347 2766 quaedam
1362 2729 1463 2757 nobilis
1475 2733 1555 2764 atque
1571 2728 1658 2760 dives,
1684 2726 1795 2754 nomine

1008 2778 1103 2811 Maria,
1118 2785 1178 2814 qua:
1194 2785 1226 2805 ex
1240 2784 1305 2812 agro
1317 2776 1344 2804 in
1360 2775 1454 2803 urbem
1471 2775 1642 2809 confugerat»,
1658 2780 1719 2800 cum
1736 2778 1796 2798 om-

1008 2825 1090 2852 nibus
1105 2824 1163 2852 suis
1188 2823 1364 2851 facultatibus
1389 2825 1462 2849 esset
1485 2828 1500 2848 a
1519 2820 1650 2847 militibus
1665 2817 1794 2852 spoliata,

1009 2872 1138 2898 infantem
1152 2877 1232 2905 quem
1250 2869 1338 2897 adhuc
1355 2868 1424 2896 lacte
1440 2874 1491 2895 suo
1502 2861 1792 2894 uutriebat’mactavit:
