2020 3156
149 176 214 208 ιιι-

700 177 973 209 HISTORIARUM
992 179 1140 210 COMPEN
1146 181 1256 210 DIUM.

1734 182 1788 213 “8

153 234 251 268 ραυνδς
267 234 422 266 ἐπιπίπτει,
438 233 485 260 καὶ
507 231 587 264 εὐθὺς
600 232 767 259 ἐπιτίθενται
782 233 857 269 αὐτῷ
871 241 944 264 τινες

998 239 1106 261 xerunt.
1122 235 1214 270 Itaque
1228 243 1294 263 suos
1309 235 1366 270 ipse
1383 236 1467 271 378
1484 236 1610 264 hortatus
1631 242 1672 264 est
1689 243 1718 265 ut
1736 240 1788 273 ipsi

151 279 206 306 τῶν
222 281 253 307 ὲν
274 279 346 306 τέλει
369 279 574 314 ἀναιρήσοντες.
609 278 638 304 '0
663 278 691 304 δὲ
710 278 861 314 παρεκάλει
878 279 944 310 τοὺς

154 326 284 357 συνόντας
299 325 373 360 αὐτῷ
388 324 493 351 ἀνελεῖν
508 324 653 355 αὐτόν.Ὧς
669 324 697 350 δὲ
712 324 799 355 οὐδεὶς
813 325 944 359 ἠνέσχετο

153 371 232 398 τοῦτο
247 371 362 405 πρᾶξαι,
386 370 458 404 Ἐγὼ
476 370 566 405 μόνος,
585 370 649 404 ἔφη.
665 369 726 396 οὔτε
742 370 819 404 φίλον
833 370 886 405 ἔχω
898 371 944 397 τδιν

155 417 275 449 σώζοντα
290 417 353 444 οὒτε
370 416 468 453 ἐχθρὸν
484 416 529 442 τὸν
544 415 709 451 ἁναιροῦντά
724 424 768 450 με.
786 416 944 442 Ἀποθανείν

153 465 226 490 Θέλει
249 464 266 499 η
277 463 362 499 ψυχὴ,
377 463 424 490 καὶ
446 464 462 497 ἡ
478 463 539 498 χεὶρ
552 462 601 497 οὐχ
614 463 669 498 ὐπη
676 463 758 497 ρετεί.
776 463 832 489 Καὶ
848 463 942 488 τελευ-

154 512 230 537 ταῖον
256 509 390 543 ἐπειπὼν,
413 508 448 536 Ὦ
465 509 529 542 Ζεῦ,
555 506 610 540 οἷος
639 509 765 544 τεχνίτης
793 509 944 543 κιθαρῳδὸς

152 557 304 582 ἀπόλλυται
322 555 420 582 ἑαυτὸν
449 555 565 582 ἀνεῖλεν.
596 554 793 586 Ἀποθανόντος
806 554 835 580 δὲ
860 553 943 580 αὑτοῦ

151 603 223 631 τινὲς
238 602 313 628 πιλία
328 602 365 634 ὡς
379 600 600 636 ὲλευθερούμενοι
614 601 757 636 ἐφόρεσαν.
775 599 843 635 Περὶ
853 597 884 626 οὗ
897 601 943 626 καὶ

151 647 350 682 Dalﬁnum),
375 647 508 682 περὶτῆς
523 647 583 673 κατ’
610 645 693 672 αὐτοῦ
719 645 880 676 ἐπιθέσεως.
905 647 944 677 ὡς

150 695 253 726 οἳκεῖος
271 694 354 720 αὐτοῦ
368 694 408 720 ὣν
426 692 576 728 ἐρωτηθεὶς
595 693 670 728 παρὰ
692 693 830 727 Νέρωνος,
845 693 883 724 ὡς
897 693 945 718 καὶ

151 740 235 771 αὐτὸς
249 738 275 766 εἴ
293 739 354 766 κατ’
369 739 453 774 ὲμοῦς
475 738 539 773 ἔφη,
559 739 697 772 Ἔφί).ησᾶ
717 747 746 764 σε
760 738 860 769 παντὸς
876 738 943 772 μᾶλ-

149 785 199 812 λον
212 785 260 812 καὶ
278 785 408 820 ἐμίσησα.
423 784 467 820 [Ρ.
479 783 544 819 216]
561 783 695 818 Ἐφίλησα
711 783 824 814 ἐλπίσας
843 783 944 817 ἀγαθον

148 831 342 866 αὐτοκράτορα
355 830 466 857 ἔσεσθαι
483 838 524 862 σε,
541 829 613 864 μισῶ
629 829 657 856 δὲ
673 829 713 856 δτι
729 830 816 856 ταῦτα
837 830 925 861 ποιεῖς
936 838 942 845 ·

148 877 215 904 οὔτε
232 877 287 912 γὰρ
313 876 496 912 ἁρματηλάτῃ
513 875 575 902 οὔτε
591 875 702 910 κυνηγῷ
726 874 788 901 οὔτε
802 875 945 911 κιθαρῳδῷ

147 923 292 950 δουλεύειν
304 923 434 958 δύναμαι.

191 968 254 994 Ἐπὶ
269 968 395 1003 Νέρωνος
406 969 435 994 ὲν
451 967 546 1003 Ῥώμῃ
561 967 663 998 ὕπατος
676 966 795 998 Λεύκιος
813 967 944 998 Κούϊντος

148 1014 317 1045 Κικιννάτος
333 1014 444 1048 ἄριστος
457 1012 576 1048 ἐδείχθη.
594 1012 695 1039 Τοῦτον
709 1012 726 1047 ἡ
743 1011 823 1047 βουλὴ
837 1011 944 1046 ἔπεμψε

146 1059 215 1090 τοὺς
229 1057 478 1093 παραληψομένους
492 1058 540 1084 ἐπὶ
553 1058 604 1093 τὴν
618 1057 716 1093 ἀρχήν.
733 1057 831 1091 Ἔτυχε
849 1056 877 1082 δὲ
892 1064 944 1091 τη-

145 1104 270 1131 νικαῦτα
284 1105 405 1140 ἄρουραν
432 1104 617 1139 ἐργαζόμενος
633 1104 674 1135 εἰς
688 1103 804 1138 σπορὰν.
820 1102 868 1130 καὶ
882 1103 946 1128 ἁκο-

147 1151 256 1178 λουοῶν
272 1151 329 1183 τοῖς
342 1150 435 1186 βουσὶν
452 1150 566 1185 ἀχίτων,
581 1149 785 1185 περιζωμάτιον
800 1148 870 1183 ἔχων
897 1148 944 1174 καὶ

147 1197 199 1223 ἐπὶ
218 1199 251 1232 τῇ
267 1198 372 1233 κεφαλῇ
402 1196 490 1224 πῖλον.
517 1196 728 1231 Προδραμόντος
753 1195 783 1221 δέ
805 1203 879 1226 τινος
895 1195 942 1221 καὶ

149 1243 334 1274 κελεύσαντος
363 1243 409 1269 ἐπὶ
431 1242 462 1269 τὸ
479 1242 666 1277 κοσμιώτερον
691 1241 788 1268 ἑαυτὸν
817 1241 942 1275 ποιῆσαι,

150 1288 299 1324 παρελθὼν
311 1290 351 1321 εἰς
364 1289 413 1324 τὴν
426 1288 548 1324 καλύδην
557 1288 604 1315 καὶ
617 1287 828 1323 ἀμφιασάμενος
840 1287 942 1322 προῆλ-

150 1336 209 1362 θεν.
221 1336 293 1362 om
308 1336 467 1370 ἠσπάσαντο
489 1344 519 1362 τε
547 1335 629 1361 αὑτὸν
651 1334 688 1366 ὡς
705 1333 808 1360 ὕπατον
821 1335 868 1360 καὶ
891 1334 944 1368 τὴν

150 1381 361 1417 περιπόρῳυρον
375 1381 478 1416 ἐσθῆτα
494 1380 668 1415 περιέθεσαν,
684 1380 714 1406 ὐ
728 1379 756 1405 δὲ
774 1380 872 1414 μικρὶιν
884 1379 943 1405 ἑπι-

152 1427 226 1462 σχὼν
242 1429 290 1453 καὶ
304 1427 596 1462 δακρύσας,”Ασπορον
612 1425 667 1461 ἄρα
683 1434 739 1460 μοι,
758 1425 821 1460 ἔφη.
840 1425 871 1451 τὺ
884 1434 940 1459 χω-

153 1474 211 1508 ρίον
228 1473 307 1499 ἔσται
324 1473 420 1499 τοῦτον
432 1473 479 1498 τὸν
500 1472 634 1498 ἐνιαυτόν.
651 1471 707 1498 Καὶ
732 1471 943 1504 κινδυνεύσομεν

150 1519 201 1554 οὐκ
213 1519 286 1552 ἕξειν
297 1519 378 1545 πόθεν
390 1518 573 1554 διατραφῆναι
583 1526 590 1551 ;

188 1568 253 1594 Ὅτι
269 1569 286 1602 ἡ
301 1567 445 1602 ἕπωνυμια
466 1566 512 1592 τοῦ
528 1565 696 1592 ἐνιαυσιαίου
717 1565 832 1596 κύκλου,
851 1565 868 1599 ἡ
895 1565 944 1599 μὲν
959 1581 980 1610 C

153 1613 334 1648 ῥωμαΐζουσα
349 1612 426 1648 φωνὴ
442 1612 472 1639 τὸ
488 1612 600 1647 μήνυμα
613 1611 742 1646 σημαίνει
752 1619 759 1626 ·
777 1611 875 1646 μηνύει
890 1611 945 1646 γὰρ

153 1660 256 1695 ἡάρχὴ
278 1659 328 1694 τὴν
351 1659 488 1694 περίοδον,
505 1659 551 1685 καὶ
569 1658 650 1685 τοῦτο
669 1659 745 1684 ἐστιν
762 1658 778 1692 ὴ
798 1657 942 1684 ινδικτιών.

160 1705 191 1733 Ἡ
203 1706 232 1732 as
254 1705 350 1736 Ἑλλὰς
374 1705 543 1740 φερωνὺμως
556 1704 638 1738 ἔθηκε
653 1704 702 1739 τὴν
717 1703 891 1738 ἐπινέμησιν.
905 1704 943 1730 Οὐ

153 1753 208 1786 γὰρ
221 1752 261 1782 εἰς
273 1751 451 1786 ἀπαράϐατον
467 1751 514 1777 καὶ
529 1750 681 1785 ὡρισμένον
696 1749 779 1785 βάρος
791 1750 822 1776 τὸ
830 1749 945 1777 παλαιὸν

153 1798 177 1823 οἱ
193 1798 272 1831 φόροι
289 1797 344 1828 τοῖς
372 1796 504 1831 ὑπηκόοις
519 1795 672 1826 ἐτάττοντο.
697 1796 756 1822 ἀλλ’
770 1797 786 1831 ἠ
803 1795 858 1822 τῶν
874 1805 943 1831 καρ-

155 1843 212 1870 πῶν
220 1843 328 1877 γένεσις
341 1843 390 1878 τὴν
402 1842 527 1875 σύνταξιν
541 1843 632 1874 αὐτοῖς
647 1842 924 1876 ἐφιλανθρωπεύσατο
935 1849 942 1856 ·

156 1891 339 1922 σπανίζουσαν
366 1890 420 1925 γὰρ
446 1889 611 1924 ὴλάφρυνεν,
643 1888 810 1921 εὖθηνοῦσαν
839 1889 868 1914 δὲ
894 1889 945 1915 οὐκ

157 1937 280 1972 ἐϐάρυνε,
293 1937 341 1963 καὶ
351 1936 484 1970 διένειμεν
501 1935 612 1966 ἀλύπως
626 1936 683 1966 τοῖς
699 1933 944 1968 φορολογουμένοις

156 1983 185 2009 τὸ
197 1983 340 2016 ἀνάλογον,
353 1981 401 2008 καὶ
415 1981 474 2008 τότε
491 1982 536 2008 ὅτε
549 1981 629 2016 χρεία
651 1980 755 2006 ἐκάλει.
781 1979 903 2013 Μηδενὸς
913 1978 941 2005 δὲ

156 2029 230 2061 ὄντος
245 2029 291 2055 τοῦ
307 2029 540 2064 φορολογουμένου
553 2028 608 2054 οὐδ’
627 2027 696 2058 ὅλως
709 2028 722 2053 ὁ
738 2026 820 2060 φόρος
836 2025 942 2060 ἐπράτ-

155 2085 224 2108 τετο,
240 2076 297 2102 ἀλλ’
312 2075 418 2110 ἐγίνετο
441 2075 535 2109 κέρδος
547 2075 560 2100 ὁ
573 2074 653 2105 πόνος
666 2074 726 2104 ὅλος
740 2074 796 2104 τοῖς
813 2073 941 2106 γεωργήο

157 2129 227 2148 σασι.

188 2167 295 2198 Γάλϐας
325 2165 483 2193 ἐϐασίλευσε
514 2165 601 2201 μῆνας
627 2164 780 2199 θ’,ἡμέρας
804 2164 850 2198 ιγ’,
865 2162 899 2199 ἦν
915 2164 943 2190 δὲ

154 2210 208 2238 τῶν
238 2210 421 2244 εὐπατριδῶν.
450 2209 480 2241 ὃς
507 2207 564 2244 εἶχε
595 2209 942 2244 παραδυναστεύονταοτὸν

999 288 1096 308 manus
1106 281 1244 309 aﬂerrent.
1258 282 1336 315 Quod
1349 290 1410 309 cum
1420 290 1517 310 otnnes
1533 288 1705 312 recusarent.
1723 285 1788 320 Ego,

997 326 1097 361 inquit,
1117 328 1193 355 solus
1210 336 1299 363 neque
1322 329 1442 356 amicum
1458 329 1504 364 qui
1523 336 1567 357 me
1584 335 1675 358 servet
1691 331 1788 362 habeo.

997 381 1085 408 neque
1097 373 1239 401 inimicum
1249 375 1295 410 qui
1308 383 1350 402 me
1364 375 1471 402 occidat
1488 384 1495 402 :
1513 377 1789 411 moricupitanimus,

996 423 1024 446 et
1041 426 1139 446 manus
1153 420 1178 446 ei
1193 427 1247 446 non
1264 420 1387 448 inservit.
1405 421 1528 448 Tandem
1541 421 1625 454 fatus,
1638 421 1789 457 OJupiter,

997 470 1116 499 quantus
1131 464 1228 491 artifex
1244 469 1271 491 et
1287 465 1456 492 citharmdus
1469 466 1549 501 peril,
1566 474 1595 493 se
1610 466 1790 502 ipsunijugu-

997 510 1072 536 lavit.
1089 510 1129 536 Eo
1159 509 1268 537 sublato
1282 511 1392 544 quidam
1404 511 1502 545 pileos,
1517 516 1546 538 ut
1561 511 1714 539 libertatem
1729 512 1791 539 ade-

996 554 1047 589 pti,
1062 558 1245 589 gestavernnt.
1267 554 1304 582 De
1320 562 1353 583 eo
1368 554 1490 588 Flavius,
1510 564 1581 583 unus
1593 563 1688 583 eorum
1702 555 1749 590 qui
1764 557 1789 583 ei

997 601 1115 628 insidias
1132 601 1269 633 fecerunt,
1293 602 1334 629 sic
1356 603 1554 635 pronuntiavit.
1570 602 1753 637 interrogatus
1773 610 1789 629 a

997 647 1115 679 Nerone,
1134 649 1178 675 cui
1191 652 1250 676 erat
1266 648 1413 675 admodum
1437 647 1590 679 familiaris,
1606 655 1657 675 cur
1671 656 1701 676 se
1721 656 1790 682 quo-

996 702 1049 729 quc
1066 695 1118 730 ipsi
1142 695 1286 722 adversum
1312 695 1456 729 praeberet,
1485 694 1585 727 Maiore
1604 694 1642 720 ait
1661 698 1687 721 te
1705 701 1789 729 quam

996 743 1080 768 ullum
1090 741 1173 769 alium
1184 746 1311 769 clamore
1321 745 1347 767 et
1355 740 1419 768 odio
1431 748 1490 767 sum
1504 746 1673 774 prosccutus;
1685 748 1787 773 amore,

996 787 1070 822 quod
1082 787 1224 822 sperabam
1246 791 1271 814 te
1287 786 1388 813 bmium
1408 785 1466 813 fore
1482 786 1692 821 imperatorem;
1714 793 1788 813 nunc

998 838 1089 861 autem
1108 833 1151 860 odi
1169 837 1194 860 te
1204 832 1240 859 ob
1255 836 1300 859 tua
1317 831 1386 859 facta
1403 841 1411 859 :
1428 839 1482 858 non
1497 833 1570 858 enim
1587 839 1697 866 possunt
1711 833 1788 859 auri-

997 887 1047 914 gae,
1061 879 1183 906 venatori
1204 885 1250 906 aut
1268 879 1368 906 ﬁdicini
1388 879 1502 906 servire.

1032 967 1140 995 Nerone
1155 967 1317 1002 imperante,
1332 966 1424 994 Romae
1434 967 1529 995 consul
1541 967 1592 994 fuit
1604 967 1634 994 L.
1643 967 1788 1001 Quinctius

996 1012 1192 1043 Cincinnatus,
1211 1013 1252 1039 vir
1273 1012 1393 1047 optimus
1414 1012 1532 1039 habitus.
1547 1012 1582 1045 ls,
1598 1020 1660 1039 eum
1676 1019 1788 1042 senatus

997 1059 1120 1086 mitteret
1137 1059 1184 1094 qui
1196 1067 1259 1086 eum
1279 1059 1312 1086 ad
1330 1058 1518 1092 accipiendum
1534 1059 1725 1093 magistratum
1741 1068 1789 1087 vo-

996 1109 1102 1137 carent,
1127 1105 1256 1132 inventus
1280 1109 1324 1132 est
1346 1105 1406 1132 sine
1428 1105 1521 1132 tunica
1545 1112 1629 1133 arans
1651 1105 1789 1141 bovesque

1000 1159 1131 1187 sequens,
1142 1152 1314 1188 subligaculo
1327 1153 1434 1180 cinctus
1443 1160 1475 1179 ac
1483 1152 1584 1188 pileum
1595 1154 1788 1187 gestansﬁum

997 1198 1165 1226 accurriSset
1183 1197 1294 1232 quidam
1312 1198 1478 1233 juberetque
1493 1206 1554 1226 eum
1581 1206 1611 1227 se
1634 1207 1742 1232 ornare,
1760 1201 1787 1228 in

998 1251 1091 1272 rasam
1114 1245 1255 1279 ingressus
1280 1249 1384 1272 vestem
1413 1245 1541 1279 sumpsit,
1570 1252 1788 1281 progressusque

996 1291 1132 1318 salutatus
1159 1295 1202 1318 est
1215 1291 1322 1323 consul,
1349 1295 1377 1318 et
1404 1298 1525 1326 purpura
1556 1295 1683 1326 praetexta
1712 1296 1789 1320 veste

996 1337 1125 1362 amictus.
1142 1335 1289 1368 Quinctius
1304 1335 1444 1370 paululum
1456 1339 1580 1363 moratus
1596 1335 1680 1366 licvit.
1695 1336 1789 1364 dicens

998 1381 1107 1416 Ergone
1123 1381 1176 1408 hoc
1191 1389 1264 1408 anno
1279 1388 1343 1416 ager
1361 1381 1426 1408 milii
1442 1388 1495 1408 non
1510 1386 1683 1414 conseretur,
1698 1387 1724 1408 et
1739 1389 1788 1416 pe-

996 1426 1114 1453 riculum
1132 1427 1184 1453 erit
1199 1426 1234 1453 de
1250 1426 1364 1461 penuria
1378 1426 1389 1453 ?

1032 1562 1138 1589 Nomen
1162 1562 1246 1589 annui
1269 1561 1366 1589 circuli
1383 1561 1497 1588 indictio
1511 1565 1554 1588 est
1574 1560 1644 1595 apud
1665 1561 1787 1592 Latinos.

997 1608 1062 1642 quia
1078 1607 1242 1642 principium
1265 1607 1349 1642 379
1367 1607 1486 1634 circuitu
1503 1607 1615 1634 indicat.
1636 1605 1740 1633 Graecia
1753 1607 1788 1633 ab

997 1658 1097 1681 eventu
1113 1661 1211 1680 nomen
1224 1654 1364 1688 imposuit,
1386 1657 1415 1680 ut
1435 1653 1604 1688 epinemesin
1626 1653 1786 1687 appellaret.

995 1699 1158 1734 Antiquilus
1173 1699 1246 1726 enim
1264 1699 1397 1726 tributum
1413 1699 1532 1727 subditis
1547 1706 1601 1726 non
1625 1699 1660 1725 ita
1675 1699 1787 1734 imposi-

997 1750 1053 1772 tum
1067 1749 1126 1771 erat
1140 1749 1170 1770 ut
1184 1745 1244 1779 ejus
1257 1745 1309 1772 lixa
1321 1749 1394 1772 esset
1409 1749 1436 1772 et
1449 1744 1630 1771 immutabilis
1645 1744 1725 1775 ratio,
1740 1744 1786 1771 sed

993 1791 1071 1825 juxta
1088 1791 1197 1826 frugum
1213 1795 1377 1824 proventum
1400 1790 1558 1817 humaniter
1575 1790 1609 1817 iis
1625 1790 1786 1825 imponeba-

997 1842 1051 1869 tur,
1068 1837 1105 1864 ila
1126 1841 1156 1863 ut
1180 1844 1212 1864 eo
1235 1836 1360 1863 tenuiore
1392 1835 1484 1862 minus
1509 1836 1669 1870 penderent,
1698 1843 1786 1870 neque

996 1884 1122 1911 uberiore
1135 1890 1169 1910 eo
1189 1889 1291 1909 census
1314 1886 1470 1915 augeretur.
1494 1882 1588 1916 itaque
1612 1882 1787 1909 exactoribus

995 1937 1045 1964 pro
1059 1929 1184 1963 portione
1197 1927 1364 1958 tribuebant,
1384 1927 1465 1960 idque
1478 1932 1551 1959 tunc,
1565 1927 1675 1961 quando
1691 1934 1788 1954 neces-

995 1976 1063 2002 sitas
1080 1973 1246 2009 postulabat.
1256 1972 1324 2000 Cum
1338 1977 1429 2000 autem
1438 1981 1519 2001 nemo
1531 1974 1660 2008 exigeret,
1675 1981 1787 2008 prorsus

995 2027 1108 2047 censum
1129 2027 1182 2046 non
1199 2019 1374 2053 pendebant;
1389 2019 1436 2046 sed
1454 2019 1544 2046 omnis
1565 2019 1667 2047 laboris
1681 2018 1787 2046 fructus

995 2066 1123 2102 agricolis
1143 2065 1358 2099 relinquebatur.

1030 2155 1267 2190 Galbaimperavit
1279 2162 1389 2182 menses
1404 2155 1420 2182 9
1436 2155 1494 2182 dies
1510 2155 1553 2183 l3.
1571 2155 1785 2190 Fuitpatricius,

994 2202 1145 2236 habuitque
1172 2201 1279 2235 imperii
1309 2201 1438 2227 temulqu
1471 2200 1619 2231 Othonem.
1649 2202 1696 2236 qui
1724 2209 1786 2228 cum

155 2256 330 2287 Ὀθωνα.“ος
344 2256 393 2282 καὶ
410 2255 473 2285 ἰδὼν
484 2255 530 2281 τὸν
545 2255 651 2281 Γάλϐαν
668 2254 782 2281 Λούκιον
799 2255 839 2286 εἱς
856 2255 943 2281 υἱοθε-

998 2248 1112 2275 Lucium
1130 2255 1144 2274 a
1159 2247 1242 2274 Galba
1259 2247 1364 2274 videret
1395 2247 1531 2282 adoptari,
1564 2247 1666 2274 invidia
1686 2247 1787 2276 ductus

153 2301 214 2328 afav
230 2300 437 2336 παραλαϐόντα,
453 2301 591 2336 φθονήσας
603 2301 650 2326 καὶ
666 2300 696 2326 τὸ
711 2301 869 2336 στράτευμα
881 2302 942 2327 κατ’

151 2347 236 2373 αὐτοῦ
251 2347 367 2382 κινήσας
379 2347 541 2373 ἀπέκτεινεν
569 2346 661 2372 αὐτόν.
681 2345 900 2380 ’Λπαιτούμενος
915 2346 943 2372 δὲ

149 2394 164 2420 ὸ
177 2393 271 2419 Ὄθων
289 2393 418 2426 χρήματα
432 2392 507 2427 παρὰ
521 2391 577 2418 τῶν
593 2391 802 2426 στρατιωτῶνρ
813 2392 946 2428 ὑπέσχετο

150 2439 257 2469 αὐτοῖς,
277 2437 327 2472 ἔφη
341 2437 371 2463 οὐ
389 2437 430 2463 δεῖ
445 2437 635 2471 αὐτοκράτορα
646 2437 862 2470 ἀναγκάζεσθαι.

189 2481 285 2508 Ὄθων
301 2481 460 2508 ἐϐασίλευσε
482 2481 570 2515 μῆνας
590 2482 665 2516 τρεῖς
692 2481 799 2516 ἡμέρας
812 2480 848 2515 η’,
867 2478 902 2519 ἦν
916 2481 944 2508 δὲ

151 2529 251 2562 γένους
267 2527 388 2561 ἀσήμου.
411 2526 489 2553 Θύων
513 2526 542 2552 δέ
559 2534 623 2553 ποτε
649 2527 678 2552 ἐν
691 2525 731 2561 τῷ
754 2525 821 2561 ἱερῷ
841 2526 876 2552 τὰ
893 2526 944 2560 τῆς

157 2573 325 2608 Ἀφροδίτης
339 2572 452 2607 ᾄσματα
477 2573 536 2602 τοῖς
552 2571 636 2606 ἱεροῖς
657 2570 804 2605 παρέμιξε,
829 2570 877 2597 καὶ
901 2571 944 2597 διὰ

150 2621 233 2648 τοῦτο
248 2619 389 2661 Οὐϊτελιου
405 2619 481 2654 αὐτῷ
498 2618 706 2650 ἐπαναστάντος
723 2618 830 2653 ξιφιδίῳ
845 2618 942 2645 ἑαυτὸν

995 2296 1147 2323 exercitum
1162 2295 1295 2321 adversus
1308 2293 1382 2321 hunc
1397 2294 1555 2327 concitavit,
1569 2301 1687 2328 eumque
1699 2295 1787 2320 inter-

996 2341 1070 2369 fecit.
1101 2341 1172 2369 Otho
1199 2345 1290 2367 antcm
1320 2347 1334 2366 a
1358 2340 1491 2367 militibus
1519 2340 1674 2374 pecuniam,
1703 2346 1786 2374 quam

996 2388 1171 2422 promiserat,
1187 2387 1350 2422 postulatus,
1369 2387 1511 2422 respondit
1525 2387 1716 2421 imperatorem
1731 2392 1786 2413 non

996 2435 1096 2462 debere
1119 2435 1189 2469 cogi.

1034 2480 1180 2514 Imperavit
1192 2479 1264 2506 Otho
1289 2485 1399 2506 menses
1415 2478 1433 2505 ὅ
1449 2479 1508 2505 dies
1524 2478 1551 2506 8.
1569 2477 1655 2504 Natus
1671 2477 1723 2504 fuit
1737 2477 1787 2504 ob-

998 2534 1080 2553 scuro
1102 2532 1212 2561 genere.
1234 2525 1389 2560 Aliquando
1417 2532 1474 2552 rem
1495 2531 1600 2552 sacram
1633 2524 1660 2550 in
1683 2523 1786 2557 templo

1000 2571 1106 2598 faciens
1121 2571 1245 2598 carmina
1260 2569 1383 2598 Venerea
1407 2570 1496 2597 sacris
1511 2569 1682 2604 pertniseuit.
1709 2568 1786 2596 ldeo—

998 2624 1052 2652 que
1070 2617 1204 2644 adversus
1219 2617 1307 2651 ipsum
1331 2623 1346 2644 a
1361 2615 1471 2643 Vitellio
1487 2620 1560 2643 mota
1576 2611 1711 2644 seditione
1726 2614 1787 2651 gla-

720 2699 900 2728 XYLANDRI
919 2699 964 2727 ET
984 2699 1089 2728 GOAlil
1108 2699 1228 2727 NOTAE.

189 2762 246 2798 (48)
275 2761 393 2798 Βάλὸιος
423 2761 478 2798 vel,
494 2760 610 2798 βάλόος,
628 2759 734 2798 ’βιιιιιιιθ
761 2760 801 2798 vel
824 2758 944 2798 fluvius

154 2794 271 2828 Βλᾶὁίος
300 2797 443 2831 legendum
456 2797 610 2823 videbatur.
626 2795 678 2822 Sed
694 2803 763 2831 cum‘
779 2794 808 2822 1).
820 2795 943 2821 Cornelii

155 2833 244 2860 Taciti
264 2829 363 2859 librum
380 2840 411 2858 xv
425 2832 611 2863 consulerem,
632 2830 722 2857 inverti
744 2829 865 2856 Flavium
902 2837 945 2856 rc-

157 2873 230 2895 ctum
252 2875 323 2894 esse.
339 2866 429 2893 Subrii
439 2867 510 2893 enim
529 2866 614 2892 Flavii
635 2866 737 2893 tribuni
756 2869 797 2891 est
813 2865 946 2891 illuctlic-

158 2908 213 2930 tum
230 2903 268 2930 ibi
287 2903 420 2934 relatum;
446 2907 472 2928 ct
485 2901 595 2936 quidem
621 2900 747 2929 eumdem
774 2901 898 2927 nominat
920 2900 946 2926 in

994 2760 1045 2786 hac
1056 2760 1123 2797 ipsa
1141 2759 1254 2797 historia
1279 2758 1436 2797 Xipliilinns
1449 2768 1480 2788 ex
1494 2760 1589 2794 Dione,
1605 2760 1770 2797 stipatorlhu
1783 2767 1786 2770 ‘

996 2795 1138 2830 prmfuisse
1155 2795 1290 2822 intliCnns.
1310 2795 1388 2827 Quod
1405 2801 1494 2823 auth
1510 2795 1690 2825 Cincinnatus
1716 2796 1773 2823 dic.

997 2836 1040 2866 ιιιι·
1053 2831 1085 2857 ad
1108 2838 1164 2857 rem
1179 2830 1314 2863 publicam
1329 2832 1474 2866 gerendam
1490 2833 1524 2858 ab
1539 2839 1631 2858 aratro
1660 2835 1784 2861 vocatus,

997 2865 1104 2926 {iurene
1143 2866 1306 2900 imperante,
1334 2865 1389 2894 Vest.
1429 2875 1543 2894 summae
1579 2865 1784 2901 ἀνιστορησίας.

999 2908 1065 2926 .vL.

999 2908 1065 2927 λιι..
