2020 3156
210 171 264 203 419
839 169 1001 200 GEORGII

1038 170 1183 200 EDRENI
1782 167 1834 198 420

211 230 267 256 dio.
291 235 342 256 suo
376 235 406 256 se
443 227 592 258 interfecit.
621 226 726 254 dicens.
754 224 893 259 Quorsum
925 227 997 254 enim

1049 227 1229 261 διεχειρίσατο
1255 226 1353 253 εἰπών·
1368 226 1402 253 Τί
1416 225 1468 262 γάρ
1486 234 1519 261 με
1534 225 1588 253 ἔδει
1612 225 1727 260 μακροῖς
1743 225 1834 256 αὐλοῖς

213 273 348 301 attinebat
360 280 403 300 me
426 279 537 307 quoque
550 271 638 306 longis
655 275 768 298 cantare
781 271 875 298 tibiis?

516 279 537 298 ie
550 271 638 306 longis
655 275 768 298 cantare
781 271 875 298 tibiis?
1049 272 1123 308 βειν
1137 273 1184 299 καὶ
1200 272 1313 305 αὺλεῖνς

249 318 375 346 Vitellius
387 325 471 345 unum
487 325 588 344 annum
601 317 756 351 imperavit,
778 317 877 344 illustri
895 316 998 343 familia

1085 318 1222 350 Οὐϊτέλιος
1245 319 1262 354 ἢ
1277 318 1397 350 Βιτέλιος
1420 318 1480 349 ἔτος
1497 318 1537 350 ἒν,
1565 316 1660 352 γενους
1687 317 1836 352 ἐπιφανοῦς

214 369 302 392 ortus.
321 363 347 391 Is
365 362 528 396 astrologos,
543 366 718 390 astronomos
730 362 998 397 prmsligiatoresque

1048 364 1096 391 ὧν.
1114 361 1199 396 Οὗτος
1210 364 1392 400 ἀστρολόγους
1408 366 1456 392 καὶ
1470 366 1654 401 ἀστρονόμους
1666 366 1715 392 καὶ.
1730 365 1833 399 γόητας

213 418 308 438 omnes
323 411 394 436 intra
405 413 510 436 certum
525 408 597 436 diem
609 409 686 436 ltalia
701 408 834 436 excedere
844 408 927 443 380
938 409 998 442 jus-

1048 411 1123 442 ἐντὸς
1135 411 1219 445 ῥητῆς
1233 412 1339 446 ἡμέρας
1354 411 1457 443 πάντας
1471 411 1627 446 ἐκχωρῆσαι
1651 411 1701 443 τῆς
1720 410 1835 441 Ἰταλίας

212 457 259 484 sit.
271 456 359 489 Atque
374 454 398 481 ii‘
407 455 528 482 libellum
541 459 712 490 sparserunt,
724 461 780 490 quo
791 453 829 480 illi
845 454 924 481 finem
937 454 999 481 vitae

1049 456 1225 490 προσέταξεν.
1243 457 1276 484 Οἳ
1291 458 1339 484 καὶ
1354 458 1524 493 πρόγραμμα
1537 456 1663 492 ἔρριψαν,
1682 455 1835 492 προαγγέλ-

213 501 248 528 ad
267 504 371 528 certum
397 503 506 534 tempus
522 499 720 535 pmdicebant.
736 500 823 533 Quam
845 499 1000 534 praedictio—

1049 503 1080 529 λο
1089 511 1146 534 ντες
1161 503 1234 534 ἐντὸς
1255 504 1362 538 ἡμέρας
1382 503 1466 538 ῥητῆς
1485 502 1728 536 ἀπαλλαγήσεσθαι
1753 501 1834 528 αὑτὸν

212 554 274 574 nem
289 546 382 573 exitus
409 546 610 581 comprobavit,
634 545 744 573 Vitellio
758 553 773 572 a
795 545 928 573 militibus
951 552 998 572 oc-

1048 547 1096 573 τοῦ
1107 547 1176 581 βίου.
1195 548 1228 574 '0
1242 547 1274 582 δὴ
1297 548 1344 574 καὶ
1353 548 1465 582 γέγονεν
1476 555 1483 563 ·
1502 547 1610 582 ἐσφάγη
1621 547 1676 582 γὰρ
1686 546 1739 573 ὑπὸ
1749 554 1835 581 στρα-

210 593 279 620 ciso.

1051 593 1156 620 τιωτῶν
1161 613 1167 620 .

245 637 442 672 Vespasianus,
461 636 575 664 Neronis
593 635 676 669 ﬁlius,
699 643 785 663 annos
810 635 903 663 decem
915 655 923 667 ,
940 635 999 662 dies

1085 639 1288 671 Οὐεσπασιανὸς
1306 640 1363 671 υίὸς
1376 640 1502 676 Νέρωνος
1514 639 1688 666 ἐϐασίλευσεν
1706 639 1754 675 ἔτη
1767 638 1835 665 δέκα

211 687 274 710 octo
288 683 442 718 imperavit.
458 682 605 716 Imperium
620 681 645 708 ei
660 681 778 708 delatum
793 684 834 707 est
859 680 885 706 in
900 680 1000 707 Palzes-

1050 686 1157 720 ἡμέρας
1173 688 1208 718 η’.
1227 686 1409 721 Αὐτοκράτωρ
1432 686 1460 712 δὲ
1475 685 1585 719 γέγονεν
1610 686 1638 712 ἐν
1654 685 1835 719 Παλαιστίνῃ,

212 730 280 761 tina,
298 728 388 755 adhuc
404 727 559 755 Judaeorum
583 727 665 754 urbes
686 726 865 761 oppugnanti.
879 726 905 752 ls
921 725 1000 754 Jose-

1051 732 1091 757 ἔτι
1105 732 1154 763 τὰς
1170 731 1261 762 πόλεις
1276 732 1330 758 τῶν
1357 731 1399 767 [Ρ.
1425 731 1489 768 217]
1511 732 1647 758 Ἰουδαίων
1674 731 1837 766 πολιορκῶν.

213 775 298 809 phum
315 774 475 801 historicum
498 773 578 807 cepit.
596 772 708 799 Romam
732 773 918 806 proﬁciscens,
935 779 998 798 cum

1052 777 1145 809 Ὅστις
1156 779 1202 805 καὶ
1212 778 1342 813 Ἰώσηπον
1353 779 1397 805 τὸν
1411 778 1570 814 συγγραφέα
1581 778 1736 813 ὑποχείριον
1744 778 1839 812 ἐποιή-

211 825 285 848 esset
304 821 337 847 ab
354 820 476 847 exercitu
497 819 644 854 imperator
669 817 832 850 declaratus,
849 817 938 844 Titum
966 818 1000 845 ad

1052 831 1126 850 σατο.
1162 824 1276 859 mmor,
1299 824 1327 850 δὲ
1348 825 1377 850 ὲν
1397 823 1491 860 Ῥώμῃ
1507 824 1702 858 ἀναγορευθεὶς
1723 823 1775 850 ὑπὸ
1789 822 1838 848 τοῦ

214 866 313 893 bellum
331 866 357 892 in
376 866 518 893 Palaestina
532 864 679 899 gerendum
701 863 919 898 reiiquit.l‘rimo
936 863 1000 890 Ves-

1055 869 1173 903 στρατοῦ
1191 869 1328 904 βασιλεὺς,
1345 869 1503 896 καταλιπὼν
1519 869 1597 895 Τῖτον
1611 869 1656 894 τὸν
1673 868 1731 894 υίὸν
1754 867 1838 894 αὐτοῦ

215 910 320 945 pasiani
333 917 406 937 anno
423 909 552 944 templum
568 908 753 943 Capitolinum
769 908 957 943 conﬂagravit,
972 912 1000 935 et

1049 915 1098 949 τὴν
1129 914 1310 949 Παλαιστίνην
1335 915 1501 950 πολιορκεῖν.
1528 915 1573 949 Τῷ
1589 914 1689 949 πρώτῳ
1705 914 1760 940 ἔτει
1786 914 1839 939 οι-

214 963 231 990 q
244 956 309 983 rinto
327 962 398 982 anno
411 954 437 982 id
454 954 565 981 r'eiicere
578 953 634 988 ipse
651 952 745 988 οωρὶι.

1051 960 1242 987 εσπασιανοῧὸ
1263 961 1327 992 ναὸς
1341 961 1387 986 τοῦ
1409 960 1582 987 Καπιτωλίου
1600 960 1769 995 ἐνεπρήσθη,
1791 961 1838 986 κειὶ

1051 1006 1090 1041 τῷ
1104 1005 1123 1032 ε’
1138 1006 1192 1032 ἔτει
1208 1006 1406 1040 οἰκοδομεῖσθαι
1418 1007 1484 1042 παρ’
1495 1007 1577 1033 αὑτοῦ
1591 1007 1704 1042 ἤρξατο.

251 1057 416 1092 Vespasiano
442 1055 578 1083 successit
597 1054 670 1082 filius
690 1053 780 1086 Titus,
801 1053 999 1088 imperavitque

1087 1052 1153 1078 Μετ’
1170 1052 1374 1079 υὺεσπασιανὸν
1402 1053 1480 1084 Τῖτος
1497 1053 1511 1079 ὁ
1529 1053 1584 1084 υἱὸς
1600 1053 1682 1079 αὐτοῦ
1696 1052 1839 1079 ἐσασίλευ-

213 1111 299 1130 aunos
312 1107 380 1130 tres.
402 1103 428 1128 ts
438 1101 604 1136 expugnavit
613 1100 839 1135 Hierosolymam,
850 1100 1000 1134 urbemque

1053 1105 1099 1123 σεν
1114 1098 1161 1132 ἔτη
1172 1097 1246 1132 τρία..
1261 1095 1345 1129 Οὗτος
1361 1099 1502 1133 πολιορκεῖ
1526 1099 1560 1124 τὰ
1577 1099 1762 1134 Ἱεροσόλυμα,
1789 1099 1837 1124 καὶ

213 1154 241 1177 ct
255 1149 385 1183 templum
402 1147 536 1174 incendit.
553 1146 578 1174 ls
595 1147 690 1178 minis,
707 1153 761 1172 non
775 1145 918 1180 suppliciis
935 1153 1000 1173 son-

1052 1144 1101 1178 τὴν
1116 1144 1192 1170 πόλιν
1218 1144 1266 1170 καὶ
1287 1143 1334 1170 τὸν
1349 1144 1413 1170 ναὸν
1428 1145 1567 1180 ὲμπιπρᾷ,
1592 1144 1684 1177 καθὼς
1706 1143 1841 1180 Ἰώσηπος

213 1200 255 1224 tes
271 1195 398 1222 terrebat.
418 1192 498 1220 Nulla
510 1192 569 1219 dies
583 1199 617 1219 eo
633 1192 784 1226 imperante
798 1191 865 1218 abiit
875 1199 927 1225 qua
946 1199 998 1218 non

1053 1189 1162 1224 ἱστορεῖ,
1182 1184 1266 1220 Οὗτος
1277 1189 1402 1221 ἀπειλαῖς
1415 1190 1462 1217 καὶ
1474 1191 1504 1216 οὐ
1519 1191 1667 1226 τιμωρίαις
1679 1190 1741 1222 τοὺς
1756 1190 1840 1216 ὑπευ-

213 1241 330 1275 aliquem
345 1239 519 1267 subditorum
533 1237 605 1264 dono
623 1241 671 1264 aut
692 1236 825 1264 beneficio
838 1237 931 1271 aliquo
941 1236 999 1263 alli-

1053 1233 1147 1265 θύνους
1161 1234 1260 1268 ἐφόϐει.
1278 1235 1472 1267 Βασιλεύοντος
1486 1236 1540 1271 γὰρ
1553 1236 1635 1262 αὑτοῦ
1649 1237 1681 1262 οὐ
1697 1235 1840 1270 παρῆλθεν

215 1290 288 1314 ceret
302 1295 308 1313 :
326 1286 420 1313 dicere
431 1284 504 1312 enim
522 1282 627 1311 solebat
643 1282 749 1317 regium
762 1289 822 1309 esse
838 1281 1000 1310 benefacere

1053 1279 1143 1314 ἡμέρα
1157 1276 1210 1315 ἐνῇ
1225 1279 1310 1314 δῶρόν
1328 1288 1353 1306 τι
1369 1279 1422 1306 τῶν
1436 1281 1566 1316 ὑπηκόων
1580 1281 1634 1307 τινὶ
1646 1281 1662 1316 ἢ
1675 1281 1838 1316 εὐεργεσίαν

214 1337 243 1360 et
254 1332 382 1367 precibus
412 1329 492 1357 facile
521 1335 656 1356 annuere.
686 1328 814 1355 Omnium
836 1328 883 1362 qui
911 1328 998 1362 ipsum

1052 1324 1083 1350 οὐ
1095 1325 1242 1359 παρέσχεν.
1259 1325 1356 1358 Ἔλεγε
1377 1326 1431 1360 γὰρ
1448 1325 1581 1360 βασιλέως
1593 1325 1662 1352 εἶναι
1677 1326 1792 1362 γνώμην
1809 1327 1841 1353 τὸ

214 1378 412 1412 compellarent
426 1375 606 1411 petitionibus
621 1374 770 1401 annuebat.
802 1373 835 1400 Et
856 1381 918 1400 cum
936 1372 1000 1408 qui-

1054 1370 1207 1404 εὐεργετεῖν
1222 1371 1270 1396 καὶ
1285 1371 1314 1396 ὲν
1332 1372 1393 1402 ταῖς
1422 1371 1564 1406 αιτήσεσιν
1587 1372 1739 1406 εὑεπήκοον
1755 1370 1841 1399 εἶναι.

216 1426 278 1452 dom
313 1424 490 1451 familiarium
518 1426 730 1457 percontaretur
760 1429 809 1448 cur
830 1421 856 1448 id
889 1421 999 1453 faceret,

1054 1416 1160 1446 Πάντας
1175 1415 1204 1441 δὲ
1218 1416 1282 1447 τοὺς
1295 1415 1506 1450 ἐντυγχάνοντας
1528 1416 1603 1452 αὺτῴ
1619 1418 1799 1451 αίτουμένῡυς
1814 1428 1841 1444 τι

215 1475 377 1497 cumtamen
390 1476 462 1503 saepe
476 1468 611 1503 promissa
628 1473 682 1493 non
699 1466 833 1500 impleret,
849 1464 998 1500 respondit:

1054 1461 1206 1488 συνετίθετο
1219 1462 1233 1488 ὃ
1243 1470 1270 1487 τι
1283 1463 1330 1488 καὶ
1342 1462 1487 1497 βούλοιντο.
1504 1463 1556 1489 Καί
1565 1472 1637 1495 τινος
1647 1464 1701 1490 τῶν
1717 1465 1843 1500 συνήθων

217 1515 286 1548 Quia
296 1515 330 1541 ab
346 1514 513 1548 imperatore
528 1519 610 1538 nemo
629 1511 710 1538 debet
719 1514 836 1537 mmstus
846 1509 999 1536 discedere.

1053 1506 1252 1541 ἐρωτήσαντος,
1269 1507 1349 1533 ὐτου
1358 1507 1439 1541 χάριν
1450 1507 1528 1534 τοῦτο
1537 1511 1633 1540 ποιεῖς,
1655 1509 1786 1540 πολλάκις
1804 1511 1842 1544 μὴ

217 1559 269 1586 llic
292 1558 370 1586 Titus
389 1565 452 1584 cum
477 1560 574 1584 a'state
599 1559 685 1583 totum
707 1555 779 1583 diem
806 1555 858 1582 iter
881 1554 999 1587 fecisset,

1055 1552 1200 1588 ἐκπληρῶν
1217 1553 1265 1585 τὰς
1276 1553 1451 1588 ὑποσχέσεις
1465 1569 1498 1575 --
1514 1554 1625 1587 Οὐδένα,
1639 1553 1714 1581 εἶπεν
1724 1556 1739 1581 ὁ
1752 1556 1842 1588 Τῖτος,

216 1605 296 1639 eique
320 1603 435 1638 sanguis
456 1610 506 1638 per
528 1609 608 1629 nares
630 1601 778 1635 erupisset,
807 1605 889 1634 atque
905 1607 920 1627 a
944 1601 1002 1628 sole

1056 1598 1109 1624 ἀπὸ
1126 1597 1257 1632 βασιλέως
1281 1599 1322 1625 δεῖ
1336 1599 1498 1634 σκυθρωπὸν
1514 1601 1738 1634 ἀποπέμπεσθαι.
1755 1599 1840 1632 Οὗτος

217 1655 296 1676 ustus
311 1648 338 1675 in
352 1647 436 1674 animi
450 1647 600 1681 deliquium
617 1645 770 1676 incidisset.
791 1645 880 1672 adhuc
895 1645 1002 1680 spiran-

1055 1644 1070 1671 ὁ
1084 1644 1161 1675 Τῖτος
1170 1643 1229 1680 ὥρᾳ
1242 1644 1338 1678 θέρους
1351 1646 1508 1681 πανήμερον
1528 1646 1708 1682 ὁδοιπορήσας
1725 1648 1772 1674 καὶ
1795 1649 1824 1674 αἱ
1835 1663 1844 1668 -

218 1700 272 1723 tem
293 1695 374 1730 381
393 1694 478 1720 frater
507 1692 679 1720 Domitianus
707 1691 735 1718 in
761 1692 858 1718 cistam
886 1692 1003 1726 ligneam

1058 1690 1235 1725 μορραγήσας
1250 1690 1295 1717 διὰ
1307 1691 1361 1716 τῶν
1385 1693 1544 1726 μυκτήρων,
1561 1692 1613 1719 ὑπὸ
1636 1693 1714 1728 ἡλίου
1727 1701 1756 1719 τε
1775 1694 1842 1727 φλε-

219 1741 280 1768 nive
290 1740 397 1775 plenam
411 1738 529 1773 conjecit
544 1742 674 1773 tanquam
690 1737 842 1764 remedium
858 1736 1002 1764 adhibitu-

1056 1736 1129 1771 χοεὶς
1143 1737 1190 1762 καὶ
1203 1736 1272 1762 πάνυ
1287 1737 1500 1772 λειποθυμὴσας,
1513 1738 1553 1764 ἔτι
1569 1739 1731 1772 ἐμπνέοντος
1759 1739 1845 1766 αὑτοῦ

218 1792 277 1817 rus,
293 1789 378 1819 atque
394 1784 430 1811 ita
447 1782 597 1810 interfecit.
615 1783 660 1810 Ille
676 1783 759 1817 igitur
774 1781 872 1817 dignus
885 1781 1003 1808 admira-

1057 1782 1183 1808 ὲνέὸαλεν
1208 1783 1222 1808 ὁ
1236 1782 1349 1816 ἀδελφὸς
1368 1783 1451 1810 αὑτοῦ
1471 1785 1633 1818 Δομετιανὸς
1651 1786 1691 1816 εἰς
1717 1785 1843 1820 λάρνακα

218 1831 292 1857 tione
304 1828 381 1856 Titus
395 1828 567 1864 philosophia
580 1828 703 1863 apprime
713 1827 860 1859 formatus,
872 1827 1003 1861 cloquen-

1057 1827 1165 1863 ξυλίνην
1180 1828 1264 1863 χιόνος
1283 1828 1421 1862 γέμουσαν
1435 1828 1472 1860 ὡς
1484 1829 1563 1864 δῆθεν
1585 1830 1776 1865 θεραπεύσων,
1795 1832 1845 1858 καὶ

211 1877 354 1907 tissimus,
390 1874 614 1902 bellicosissimus
637 1878 717 1909 atque
753 1874 1001 1905 moderatissimus,

1057 1873 1229 1899 ἀπέκτεινεν.
1254 1873 1282 1899 ’0
1297 1873 1361 1906 γοῦν
1373 1873 1522 1908 θαυμάσιος.
1530 1875 1607 1906 Τῖτος
1625 1876 1845 1910 φιλοσοφώτατος

219 1921 461 1955 hcneflcentiaque,
478 1920 673 1956 temperantia,
691 1920 798 1955 iustitia
814 1923 840 1946 et
859 1920 1002 1954 prudentia

1056 1917 1104 1943 καὶ
1119 1917 1335 1950 εὐγλωττότατος
1351 1919 1397 1946 καὶ
1419 1919 1641 1954 πολεμικώτατος
1665 1922 1711 1948 καὶ
1726 1921 1841 1956 μέτριος

218 1966 318 2001 insigni
343 1971 466 1997 ornatus,
483 1966 509 1992 in
544 1965 650 1993 exctdio
666 1966 781 1993 maxime
800 1965 1003 2000 Hierosolymo-

1056 1964 1125 1996 ἄγιν
1137 1964 1276 1998 ὑπάρχων,
1291 1965 1338 1991 καὶ
1348 1965 1516 2001 ἀγαθοεργὶᾳ
1527 1967 1610 2001 πολλῇ
1620 1967 1668 1994 καὶ
1678 1968 1843 2003 σωφροσύνῃ

218 2019 278 2038 rum
297 2019 374 2038 suam
401 2011 549 2038 miserandi
569 2011 810 2045 promptitudiuem
833 2010 1004 2038 demonstra-

1057 2009 1103 2035 καὶ
1115 2009 1272 2044 δικαιοσύνῃ
1288 2011 1336 2036 καὶ
1362 2012 1491 2046 φρονήσει
1508 2012 1704 2047 κοσμούμενος.
1732 2013 1845 2048 ἐκδηλο-

219 2058 268 2084 vit.
289 2056 472 2083 Vehementer
488 2057 560 2083 enim
586 2061 651 2082 tunc
669 2064 683 2082 a
705 2055 761 2082 Deo
775 2055 927 2089 exagitatos
955 2055 1004 2082 de-

1057 2055 1137 2089 τέρςιν
1149 2055 1233 2081 ἅπασι
1246 2056 1379 2089 πεποίηκε
1396 2056 1445 2090 τὴν
1459 2056 1556 2083 ἑαυτοῦ
1574 2058 1747 2092 συμπάθειαν
1763 2059 1794 2085 ὲν
1808 2060 1842 2093 τῇ

218 2102 334 2136 ploravit
347 2101 473 2134 Judzos;
490 2101 632 2136 magisque
642 2101 724 2127 etiam
736 2101 925 2135 illacrymavit,
941 2107 1003 2127 cum

1057 2100 1156 2126 ἁλώσει
1171 2101 1219 2134 τῆς
1239 2100 1426 2135 Ἰερουσαλήμ.
1445 2101 1551 2136 Σφὸδρα
1567 2103 1621 2136 γὰρ
1636 2102 1769 2137 ἐπένθησε
1779 2104 1844 2135 τοὺς

218 2147 304 2175 aedem
322 2147 371 2174 Dei
389 2146 494 2174 videret
511 2147 642 2179 incendi;
661 2149 843 2180 precatusque
857 2150 898 2172 est
917 2153 930 2172 a
950 2145 1004 2172 Deo

1057 2145 1203 2180 θεηλάτους
1220 2145 1362 2176 Ἰουδαίους
1375 2145 1445 2178 τότε,
1461 2147 1507 2173 καὶ
1524 2147 1623 2181 μᾶλλον
1639 2147 1685 2174 τδν
1695 2147 1767 2175 θεῖον
1780 2149 1845 2175 ναὸν

219 2193 336 2226 veniam,
355 2193 429 2228 quod
448 2200 502 2220 non
520 2200 569 2220 sua
585 2192 643 2220 haec
659 2192 810 2224 voluntate,
832 2191 879 2218 sed
903 2191 939 2218 ob
953 2191 1005 2218 ini-

1057 2189 1280 2224 πυρπολούμενον
1294 2191 1365 2225 ὁρῶν
1380 2191 1523 2226 ἐδάκρυσε,
1541 2193 1587 2219 καὶ
1601 2193 1647 2219 τὸν
1671 2193 1738 2220 Θεὸν
1765 2194 1846 2220 ἐδυσ-

219 2239 291 2274 piam
301 2238 456 2266 Judaeorum
467 2238 671 2274 perversitatem
701 2237 850 2264 evenirent.
877 2237 1002 2271 Cumque

1063 2235 1157 2270 ώπησε
1174 2238 1265 2270 τυχεῖν
1281 2236 1373 2267 ἐλέους
1390 2237 1436 2264 καὶ
1445 2237 1619 2272 συγγνώμης,
1638 2239 1672 2265 δι’
1687 2237 1716 2266 οὗ
1727 2239 1757 2266 οὐ
1773 2240 1846 2266 κατὰ

219 2285 287 2312 urbe
298 2284 391 2312 excisa
403 2291 465 2311 eum
480 2284 522 2310 sui
549 2284 679 2310 victorem
707 2287 788 2316 atque
811 2282 1004 2315 triumphalem

1057 2280 1105 2314 τὴν
1125 2280 1223 2306 ἑαυτοῦ
1249 2281 1408 2315 προαίρεσιν
1434 2281 1520 2308 ταῦτα
1543 2283 1700 2316 γεγόνασιν,
1719 2283 1788 2309 ἀλλὰ
1801 2283 1848 2309 διὰ

219 2330 411 2364 praedicarent,
427 2329 531 2363 respuit
550 2336 598 2356 eas
611 2328 820 2363 appellationes,
834 2328 928 2355 dicens
949 2335 1004 2355 non

1055 2326 1104 2360 τὴν
1118 2326 1230 2353 ἐκείνων
1257 2326 1389 2362 θεοστυγῆ
1405 2327 1582 2362 δυστροπίαν.
1605 2328 1688 2355 ’Ὀθεν
1711 2328 1744 2363 δὴ
1773 2330 1846 2364 μετὰ

218 2383 249 2402 se
263 2375 314 2402 ista
331 2375 459 2409 gessisse,
483 2373 530 2400 sed
547 2373 647 2400 divinae
662 2373 709 2399 ira:
723 2380 820 2399 manus
847 2379 1004 2399 accommo-

1055 2373 1103 2406 τὴν
1115 2371 1215 2397 ἅλωσιν
1224 2372 1290 2405 πρὸς
1307 2372 1368 2404 τοὺς
1382 2373 1620 2408 ἀνακηρύττοντας
1630 2374 1710 2400 αὐτὸν
1726 2375 1847 2409 νικητὴν

219 2421 298 2448 dasse
311 2428 343 2448 ac
357 2420 550 2447 administrum
568 2419 664 2446 fuisse.
679 2417 743 2445 lude
756 2425 818 2445 cum
835 2418 936 2446 virtute
953 2425 1004 2446 sua

1056 2418 1103 2444 καὶ
1118 2417 1298 2452 τροπαιοῦχον
1324 2417 1446 2445 διωθεῖτο
1467 2419 1515 2450 τὰς
1539 2419 1717 2454 ἀναρρήσεις,
1740 2419 1779 2450 ὡς
1793 2420 1844 2446 οὐκ

218 2469 245 2492 et
259 2464 344 2491 animi
365 2463 532 2491 demissione
553 2463 580 2489 in
593 2462 696 2489 honore
712 2467 739 2489 et
762 2469 855 2489 amore
880 2462 1003 2489 omnium

1055 2462 1136 2493 αὐτὸς
1148 2462 1290 2498 εἰργάσθαι
1300 2463 1387 2490 ταῦτα
1397 2465 1496 2498 φήσεις,
1511 2464 1578 2490 ἀλλὰ
1593 2464 1715 2499 θεηλάτῳ
1724 2465 1772 2492 καὶ
1783 2465 1847 2500 θείᾳ

218 2514 304 2541 esset,
318 2517 350 2537 eo
370 2517 424 2544 quo
436 2510 557 2536 diximus
569 2508 648 2536 modo
666 2508 778 2536 interiit.
793 2507 896 2535 Tantus
913 2512 1003 2554 autern

1058 2510 1126 2543 ὀργῇ
1143 2509 1370 2543 καθυπουργῆσαι
1387 2509 1434 2536 καὶ
1454 2511 1502 2541 τὰς
1528 2511 1622 2545 χεῖρας
1637 2511 1845 2538 ἐπιδεδωκέναι.

218 2555 280 2588 eius
295 2561 384 2581 morte
409 2554 502 2581 Ruina:
529 2554 620 2581 luctus
640 2553 752 2580 obortus
777 2552 839 2584 fuit,
867 2556 897 2579 ut
920 2552 1006 2579 multo

1059 2554 1213 2580 Κὰντεῦοεν
1229 2555 1317 2580 τοίνυν
1330 2554 1374 2581 διὰ
1387 2555 1436 2590 τὴν
1457 2556 1556 2590 ἀρετὴν
1584 2556 1668 2582 αὑτοῦ
1685 2558 1732 2583 καὶ
1748 2565 1846 2582 ταπει-

218 2603 342 2634 tempore
353 2600 468 2627 virtutes
484 2599 544 2634 ejus
556 2602 804 2626 commemorantes
820 2602 902 2632 atque
921 2605 1005 2633 rcpu~

1060 2600 1229 2634 νοφροσύνην
1259 2600 1451 2634 παγγέραστος
1477 2602 1524 2627 καὶ
1549 2602 1759 2636 πανεπέραστος
1797 2611 1847 2635 γε-

218 2649 308 2671 tantes
323 2644 431 2678 publice
445 2650 472 2670 et
492 2644 618 2678 privatim
634 2651 682 2678 per
704 2643 800 2670 domos
816 2648 943 2676 tanquam
955 2649 1007 2669 suo

1060 2645 1171 2678 νόμενος
1182 2644 1267 2675 οὕτως
1281 2645 1586 2680 ὲτελεὺτησε.Τοσοῦτος
1599 2647 1628 2673 δὲ
1641 2647 1738 2682 θρῆνος
1750 2647 1798 2674 ἐπὶ
1811 2649 1844 2682 τῇ

218 2690 334 2725 quisque
351 2689 502 2716 infortunio
515 2695 628 2724 accepto
643 2690 792 2723 plorarcnt.
1002 2687 1007 2691 ”

1059 2690 1171 2723 τελευτῇ
1201 2688 1284 2715 αὑτοῦ
1307 2689 1422 2723 κατέσχε
1445 2690 1494 2724 τὴν
1511 2690 1620 2725 Ῥώμην
1645 2691 1682 2722 ὡς
1707 2692 1735 2716 ὲν
1755 2691 1846 2726 χρόνῳ

218 2735 310 2770 πολλῷ
357 2735 450 2762 τοῦτον
478 2736 751 2771 ἀπομνημονεύοντες
788 2737 835 2763 καὶ
871 2735 921 2766 τὰς
959 2735 1061 2770 ἀρετὰς
1097 2735 1180 2762 αὑτοῦ
1209 2735 1430 2771 ἀναλογιζόμενοι
1461 2736 1577 2772 δημοσίᾳ
1609 2737 1655 2763 καὶ
1691 2737 1847 2771 κατόῖκους

219 2781 342 2812 κλαίειν,
374 2779 468 2816 ὥσπερ
497 2781 590 2815 οἰκείῳ
624 2782 704 2807 πάθει
734 2781 914 2816 κατεχόμενος
939 2780 1063 2813 ἕκαστος.

255 2828 334 2853 Anno
357 2826 419 2861 ejus
439 2827 560 2854 secundo
576 2835 702 2861 magnum
729 2827 780 2853 fuit
802 2827 894 2853 Roma:
917 2826 1009 2853 incen-

1099 2825 1144 2860 Τῷ
1170 2826 1288 2862 δευτέρῳ
1311 2827 1365 2853 ἒτει
1388 2830 1482 2855 τούτου
1512 2829 1598 2863 μέγας
1625 2831 1791 2864 ἐμπρησμὸς
1816 2831 1845 2856 ἐν

220 2871 306 2899 diuiti.
327 2871 365 2898 Ac
376 2872 403 2899 S.
417 2871 449 2899 C.
464 2870 543 2899 Titus
559 2871 627 2899 deus
646 2872 797 2906 appellatus
817 2876 869 2899 est.
888 2871 912 2898 [s
925 2871 1004 2898 Titus

1063 2870 1156 2906 Ῥώμῃ
1166 2871 1345 2905 ὲγένετο.Καὶ
1358 2874 1407 2907 τῆς
1423 2873 1573 2909 συγκλήτου
1589 2875 1785 2910 ψηεισαμένης
1799 2877 1846 2901 ἰ’ῐ-
