2020 3156
273 159 329 193 443

907 159 1070 190 GEORGII
1090 160 1258 190 CEDRENI

1849 155 1906 188 444

276 222 318 248 lus
332 220 378 255 qui
396 219 480 247 Deum
497 218 638 254 cognoscit
662 217 843 252 (Maccabeos
859 217 950 245 innuit
969 223 997 244 et
1016 225 1060 245 res

1117 219 1188 246 τέετι
1197 219 1259 250 τοὺς
1270 217 1488 253 παραϐαίνοντας
1494 217 1548 243 τῶν
1555 215 1689 243 Ἰουδαίων
1701 223 1709 231 ·
1716 213 1867 247 ἀπάξουσιν
1876 216 1906 240 ἐν

276 276 292 295 a
306 268 376 295 Jnda
392 268 503 295 Simone
518 274 548 293 ac
560 266 666 294 Joanne
683 267 799 302 gestas),
811 272 844 292 ae
854 266 1003 300 prudentes
1029 265 1062 292 de

276 315 378 350 populo
402 314 488 340 multa
506 313 670 347 intelligent.
690 313 851 340 Atlerentur
870 317 960 339 autem
979 312 1062 339 caedi-

279 360 330 387 bus
344 365 369 386 et
384 359 521 386 incendiis
535 358 706 393 (incendium
718 359 792 386 urbis
803 366 912 386 rursum
926 358 1062 393 designat)

277 410 303 432 et
320 405 453 432 servitute
468 411 499 431 ac
511 404 724 439 direptionibus.
756 405 844 440 Atque
862 405 888 431 in
905 404 963 432 suis
979 412 1065 439 angu-

277 451 339 478 stiis
363 450 501 477 modicum
521 451 562 478 eis
590 450 693 478 feretur
706 450 837 478 auxilium
855 450 993 485 (indicans
1016 457 1064 477 eos

276 497 349 523 inter
360 503 409 523 sua
422 496 493 523 mala
506 497 642 530 respirare
652 496 733 532 404
742 504 821 531 posse
830 500 855 524 et
867 505 899 524 ex
913 495 947 523 iis
958 496 1065 530 aliqua-

277 546 356 569 tenus
370 542 532 577 emergere).
551 542 584 569 Et
600 543 731 570 accedent
748 543 781 570 iis
805 543 881 569 multi
904 543 931 570 in
950 543 1064 570 lubrici-

277 589 398 620 tatibus,
429 589 563 624 multique
591 589 756 624 prudentum
783 589 918 622 deﬁcient,
946 589 1064 617 innuens

276 635 359 662 etiam
377 642 471 662 eorum
492 635 538 670 qui
555 635 665 662 stabant
691 636 792 663 multos
808 636 943 671 lapsuros.
963 637 1066 664 Deinde

277 681 359 708 eliam
377 688 489 708 causam
502 681 586 709 refert
600 689 649 708 cur
662 681 732 709 lleus
743 689 791 708 eos
808 687 905 716 passus
918 681 953 709 sit
966 682 991 708 in
1003 686 1066 708 tan-

278 732 320 754 tas
350 727 521 754 calamitates
547 727 701 754 devenire:
737 726 782 759 Ut,
809 728 910 762 inquit,
935 735 983 755 eos
1003 728 1065 761 igne

279 771 434 806 exploraret
449 780 481 799 ac
497 773 629 808 probaret
647 778 674 800 et
688 780 778 807 usque
793 772 825 799 ad
840 773 981 800 deﬁnitum
994 777 1064 800 tem-

280 825 330 850 pus
351 824 490 854 purgaret.
509 818 565 846 Hoc
586 819 691 846 indicat
707 818 790 846 Deum
807 820 859 846 ista
875 819 932 846 ﬁeri
955 819 1064 852 sivisse,

281 863 319 890 uti
345 871 393 891 eos
408 870 584 900 expurgaret.
602 869 631 892 ct
645 865 692 900 qui
715 865 787 893 inter
802 873 850 893 eos
874 866 951 900 probi
974 870 1066 893 essent

280 910 448 937 ostenderet.
472 911 575 938 Deinde
601 912 724 946 ejusdem
756 912 883 940 Antiochi
917 913 1065 948 potentiam

280 955 472 983 demonstrans
486 957 524 984 ait
537 965 544 984 :
561 957 683 992 Agetque
705 965 755 992 pro
770 958 847 985 libito
860 966 920 992 suo,
937 959 1067 986 exaltabi-

281 1005 334 1034 tur,
362 1006 390 1029 ct
409 1002 453 1029 iiet
477 1003 651 1037 magniﬁcus.
676 1004 845 1038 lnipielatem
865 1012 976 1040 quoque
1005 1006 1066 1040 ejus

280 1047 435 1082 expressit:
453 1048 589 1084 Superbe,
606 1050 706 1084 inquit,
727 1050 781 1078 Deo
801 1050 914 1078 deorum
935 1051 1066 1087 obloque-

279 1098 341 1124 tur;
357 1098 383 1120 et
402 1093 484 1121 rebus
500 1095 628 1123 secundis
644 1099 746 1129 utetur,
771 1096 835 1123 dum
855 1097 902 1124 ira:
920 1097 981 1125 ﬁnis
1009 1099 1065 1132 ﬁat,

279 1139 426 1166 ostendens
450 1140 615 1167 Antiochum
634 1149 688 1168 non
710 1149 725 1168 a
753 1150 782 1170 se
806 1143 875 1177 ipso,
889 1143 936 1170 sed
957 1148 1066 1178 propter

282 1184 327 1211 Dei
343 1185 410 1212 iram
425 1186 559 1214 adversus
572 1186 681 1215 Judteos
705 1193 864 1223 conceptam
891 1193 996 1216 tantum
1017 1198 1066 1225 po-

282 1230 377 1258 lentia:
388 1231 561 1266 adepturum.
580 1232 644 1259 Inde
661 1233 787 1267 pluribus
802 1234 893 1262 verbis
907 1236 1067 1270 complexus

281 1284 342 1311 qua:
371 1277 395 1304 is
425 1277 495 1304 mala
513 1277 632 1314 Egypto
655 1280 860 1316 Palaestinasque
880 1281 1065 1316 injuncturus,

279 1323 415 1357 quomodo
433 1325 583 1357 rediturus,
599 1333 655 1361 quo
670 1331 784 1355 vocante
797 1332 824 1355 et
840 1335 893 1362 qua
905 1329 1068 1356 necessitate

282 1376 408 1405 urgente,
423 1373 530 1400 tandem
543 1373 625 1400 etiam
641 1375 819 1403 mutationem
840 1375 955 1403 istarum
976 1383 1066 1404 rerum

280 1417 411 1451 exponit,
444 1423 471 1445 et
497 1419 570 1454 quod
589 1419 675 1447 Judaei
707 1421 767 1448 istis
792 1422 920 1449 omnibus
943 1422 1067 1449 cladibus

283 1462 372 1497 puniti
399 1464 506 1491 tandem
532 1465 664 1493 auxilium
684 1471 900 1502 consequentur.
926 1469 1014 1496 misso
1032 1468 1067 1496 ad

282 1516 331 1536 eos
344 1509 474 1537 tutandos
489 1511 597 1545 angelo.
615 1511 664 1544 Eo,
679 1513 779 1547 inquit,
799 1517 921 1547 tempore
940 1518 1068 1550 exsurget

281 1554 430 1583 Michaelus
444 1563 561 1591 magnus
577 1557 715 1592 princeps,
742 1563 875 1593 patronus
898 1560 991 1594 populi
1014 1561 1066 1588 tui.
1080 1567 1104 1598 α

280 1601 322 1628 Ad
337 1608 399 1628 eum
414 1609 502 1637 usque
528 1602 601 1630 diem
619 1604 783 1632 calamitatis
804 1609 909 1640 tempus
926 1606 989 1638 erit,
1007 1614 1068 1642 qua:

281 1650 357 1673 tanta
371 1647 478 1681 ingruet
501 1652 603 1683 quanta
615 1648 649 1676 ab
664 1650 739 1676 omni
768 1650 908 1678 hominum
935 1653 1066 1679 memoria

281 1692 356 1718 nulla
372 1692 434 1720 fuit.
456 1692 495 1720 Eo
507 1697 598 1721 autem
610 1693 654 1722 die
676 1702 774 1730 magna
794 1697 950 1724 servabitur
977 1699 1068 1725 multi-

282 1737 359 1770 tudo,
392 1738 493 1773 scripta
522 1740 548 1766 in
581 1740 661 1772 libro,
688 1740 712 1768 id
740 1740 821 1776 505
841 1745 895 1774 est.
924 1742 941 1770 ii
958 1744 1004 1778 qui
1024 1751 1070 1771 sa-

282 1782 339 1811 lute
369 1783 443 1819 digni
464 1789 539 1812 sunt.
574 1785 626 1812 Sed
655 1786 727 1821 quod
758 1787 894 1822 praecipue
926 1790 1070 1823 quaereba-

283 1834 336 1860 tur,
366 1830 484 1858 nondum
509 1831 770 1865 demonstravimus,
802 1834 931 1862 nimirum
962 1839 1069 1871 tempus

283 1876 414 1904 malorum
443 1877 569 1908 istorum.
596 1878 663 1906 Nam
698 1881 770 1908 sicut
801 1881 895 1915 prima:
919 1882 1068 1910 calamitati

281 1921 334 1948 400
349 1929 437 1950 annos
455 1923 576 1951 deﬁnivit
605 1923 686 1957 Deus,
713 1926 840 1954 secundae
856 1926 899 1958 70,
912 1927 949 1954 ita
978 1928 1069 1955 viilea-

282 1973 345 1994 tuus
378 1975 414 1994 an
441 1968 486 1995 hic
519 1976 629 2003 quoque
654 1974 760 1997 certum
785 1976 893 2006 tempus
920 1976 1068 2000 statuatur.

282 2010 310 2036 Ill
340 2018 406 2046 ergo
429 2013 583 2040 invenimus
611 2015 637 2041 in
664 2015 698 2042 iis
721 2016 812 2043 verbis
838 2025 900 2051 quae
930 2019 1000 2052 apud
1021 2027 1070 2047 va—

284 2061 338 2082 tem
368 2062 531 2091 sequuntur.
566 2059 713 2094 Postquam
741 2061 872 2090 Danielus
890 2063 1022 2091 inaudivit
1037 2065 1070 2093 de

283 2101 484 2131 calamitatibus
514 2104 575 2132 istis
607 2106 700 2133 multis
723 2111 806 2142 atque
833 2110 952 2143 magnis,
979 2109 1069 2137 dein-

285 2147 383 2175 condio
403 2149 489 2182 urbis,
518 2150 584 2184 legis
611 2150 788 2186 abrogatione
819 2157 846 2180 et
874 2155 1006 2183 servitute
1024 2164 1070 2191 po-

283 2193 352 2227 puli.
370 2194 444 2229 cupit
464 2195 572 2223 tandem
597 2203 691 2224 eorum
709 2198 788 2225 ﬁnem
817 2206 993 2234 cognoscere,
1008 2203 1068 2230 etsi

283 2246 336 2273 qua
352 2241 387 2267 sit
400 2240 493 2268 futura
515 2241 629 2269 istorum
660 2244 793 2272 malorum
819 2246 944 2273 mutatio.
974 2247 1068 2283 Itaque

283 2285 322 2312 sic
334 2285 500 2322 interrogat:
517 2287 638 2321 Domine,
648 2290 710 2324 quis
718 2290 813 2318 horum
825 2292 876 2319 erit
886 2292 948 2320 ﬁnis
959 2293 970 2319 ?
982 2293 1014 2321 Et
1027 2302 1067 2322 rc-

283 2333 452 2366 spomletur:
470 2333 553 2366 Vade,
569 2335 759 2371 Danielc,quia
771 2339 965 2367 sermonesisti
982 2347 1069 2376 usque

282 2377 314 2403 :nl
327 2377 429 2405 exitum
444 2380 575 2414 temporis
585 2380 719 2415 olisignati
733 2386 798 2410 sunt
815 2382 850 2412 ".
863 2383 901 2411 ita
914 2384 1070 2414 obscuritas

281 2423 317 2449 dit
327 2427 416 2450 torum
433 2424 566 2452 innuitur.
580 2425 750 2461 Additurque
778 2436 860 2456 causa
885 2436 935 2457 cur
954 2432 1070 2465 permis-

282 2477 340 2495 sum
357 2470 392 2496 sit
409 2477 440 2496 ea
459 2471 529 2497 mala
544 2471 682 2499 incidere:
700 2473 801 2507 Donec,
816 2474 915 2509 inquit,
931 2476 1070 2511 eligantur

282 2520 364 2548 alque
379 2515 441 2550 igne
471 2522 672 2552 perpurgentur
701 2519 791 2551 multi.
821 2524 849 2548 et
877 2521 954 2556 impii
985 2521 1069 2556 impie

283 2565 373 2594 agent,
403 2569 491 2596 neque
521 2563 628 2598 sapient
656 2565 775 2595 scelesti,
803 2566 948 2600 prudentes
977 2572 1068 2596 autem

283 2606 401 2640 μνία-ιιι.
421 2608 483 2636 Inde
495 2613 603 2644 tempus
617 2610 748 2642 nominat,
776 2612 907 2646 quamdiu
929 2613 998 2640 mala
1018 2614 1069 2641 ista

284 2657 376 2678 essent
395 2651 504 2680 Judazos
532 2662 659 2689 pressura
673 2664 679 2682 :
696 2655 736 2683 Ab
749 2664 791 2689 eo,
806 2658 906 2692 inquit,
936 2662 1067 2694 tempore,

284 2704 339 2731 quo
353 2698 516 2726 sacriﬁcium
526 2700 591 2735 juge
605 2705 737 2729 mutatum
753 2702 843 2730 fuerit.
858 2703 925 2738 .luge
936 2712 984 2732 seu
999 2706 1070 2732 assi-

283 2743 367 2769 duum
392 2744 556 2772 sacriﬁcium
577 2751 690 2774 vocatur
711 2748 919 2783 quotidianum:
946 2751 1068 2785 quotidie

282 2788 355 2815 enim
365 2787 451 2816 Judaei
469 2798 548 2818 inane
566 2799 597 2818 ac
609 2793 715 2827 vesperi
728 2794 855 2822 solebant
869 2794 923 2823 Deo
951 2803 1007 2824 rem
1022 2804 1066 2824 sa.

321 2881 342 2897 ’⁵⁷
360 2881 424 2908 Dan.
440 2882 524 2915 xn,8,
542 2884 558 2910 9

1116 268 1279 303 ὀλισθήμασι
1289 267 1348 302 μεθ’
1363 266 1466 293 ἑαυτῶν
1481 266 1528 292 καὶ
1547 264 1756 301 μεταστήσουσι,
1778 263 1826 290 καὶ
1838 263 1907 293 λαῖς

1115 313 1258 348 γινώσκων
1270 314 1315 339 τὴν
1326 313 1393 339 Θεὺν
1414 311 1497 339 αὐτοῦ
1526 311 1722 345 κατισχύσουσι
1735 310 1780 344 (τὰ
1794 309 1840 336 ἐπὶ
1849 309 1907 335 τῶν

1116 359 1305 387 Μακκαΰαίων
1316 359 1403 392 λέγων
1415 359 1460 384 καὶ
1472 358 1506 384 τὰ
1517 358 1563 383 ἐπὶ
1573 356 1660 383 Ἰούδα
1671 355 1846 390 καὶΣὶμωνος
1856 354 1908 381 καὶ

1117 405 1266 439 Ἰωάννου),
1277 406 1324 432 καὶ
1339 406 1362 431 οἱ
1376 403 1480 430 συνετοὶ
1493 402 1558 429 λαοῦ
1577 402 1737 436 συνήσουσιν
1751 401 1790 431 εἰς
1807 399 1908 426 πολλὰ.

1117 449 1171 475 Kal.
1185 448 1380 483 ἀσθενήσουσιν
1396 449 1423 474 ὲν
1440 447 1562 482 ῥομφαίᾳ
1575 447 1623 473 καὶ
1641 447 1671 472 ὲν
1686 445 1778 480 φλογί·
1794 445 1839 471 τὸν
1853 445 1911 478 ἐμ-

1118 495 1244 528 πρησμὺν
1273 494 1322 528 τῆς
1346 494 1450 525 πόλεως
1480 493 1672 528 ἐξηγούμενος,
1699 492 1791 525 πάλιν,
1813 492 1862 517 καὶ
1878 491 1911 516 ἐν

1117 539 1291 574 αἰχμαὶωτίᾳ
1313 539 1360 566 καὶ
1379 541 1408 566 ἑν
1436 539 1574 574 διαρπαγῇ
1602 537 1713 572 ἡμερῶν
1727 558 1735 570 ,
1762 537 1809 563 καὶ
1824 538 1852 563 ὲν
1867 535 1910 571 τῷ

1118 585 1264 621 ἀσθενῆσαι
1279 585 1376 617 αὐτοὺς
1390 585 1566 621 βοηθήσονται
1579 584 1706 620 βοήθειαν
1722 582 1834 618 μικρὰν,
1853 583 1912 616 ἐμ-

1118 633 1221 667 φαίνων
1236 633 1276 659 ὃτι
1294 631 1394 667 μεταξῦ
1419 632 1473 658 τῶν
1501 631 1595 658 κακῶν
1613 631 1727 657 ἐκείνων
1743 629 1911 663 δυνήσονται

1118 678 1286 705 ἀναπνεῦσαι
1317 678 1363 704 καὶ
1389 677 1544 710 ἀνενεγκεῖν
1570 676 1602 702 ὲκ
1631 675 1685 701 τῶν
1701 673 1912 707 κατειληφότων

1119 723 1217 754 αὐτοὺς
1231 723 1335 754 δεινῶν,
1349 722 1397 749 καὶ
1407 721 1642 757 προστεθήσονται
1655 719 1723 754 πρὸς
1736 718 1913 749 αὐτοὺςπώ.-

1118 770 1159 797 Kal.
1181 771 1210 797 ὲν
1225 770 1397 805 ὁλισθήμασι,
1422 769 1470 796 καὶ
1487 768 1541 795 ἀπὸ
1554 768 1609 794 τῶν
1626 766 1768 793 συνιόντων
1788 764 1913 799 ἀσθενὴ-

1120 825 1196 843 σουσι
1211 816 1318 847 δεικνὺς
1333 817 1375 842 ὃτι
1395 815 1488 842 πολλοὶ
1512 814 1559 841 καὶ
1570 813 1624 840 τῶν
1649 812 1773 838 ἑστώτων
1790 810 1913 836 πεσοῦν-

1119 871 1173 889 ται.
1198 860 1265 889 Εἶτα
1281 861 1327 888 καὶ
1337 861 1387 896 τὴν
1401 860 1490 887 αἰτίαν
1501 859 1534 886 δι’
1553 859 1586 894 ἢν
1601 856 1789 892 συνεχώρησεν
1805 855 1914 886 αὐτοὺς

1082 899 1103 926 Β
1117 909 1130 934 ὁ
1145 908 1210 939 Θεὸς
1221 910 1249 934 ἐν
1273 907 1410 937 τοσούτοις
1432 906 1526 936 κακοῖς
1539 904 1672 938 γίνεσθαι.
1703 904 1751 933 Τίς
1775 903 1801 928 δὲ
1818 902 1912 935 αῦτη;

1117 951 1170 978 Τοῦ
1187 951 1322 987 πυρῶσαι,
1331 951 1460 985 φησὶν,ἐν
1469 951 1560 981 αὐτοῖς
1570 950 1616 976 καὶ
1625 948 1670 975 τοῦ
1682 947 1844 979 ἐκλέξασθαι
1858 946 1914 972 καὶ

1116 998 1164 1025 τοῦ
1178 998 1342 1025 ὲκλευκᾶναι
1358 997 1411 1028 ἕως
1434 996 1531 1031 καιροῦ
1549 996 1646 1031 πέρας.
1664 994 1758 1021 Ταῦτα
1772 995 1839 1028 γὰρ,
1854 1002 1915 1027 φη-

1118 1045 1171 1077 σὶν,
1185 1045 1199 1070 ὁ
1214 1044 1279 1075 Θεδς
1291 1043 1480 1079 συνεχώρησεν
1493 1042 1564 1069 ὥστε
1575 1042 1673 1071 αὐτοὺς
1689 1040 1840 1074 ἐκκαθᾶραι
1859 1039 1915 1064 καὶ

1117 1091 1201 1123 δεῖξαι
1220 1090 1284 1121 τοὺς
1301 1091 1330 1116 ἐν
1354 1089 1446 1120 αὐτοῖς
1469 1089 1608 1123 δοκίμους.
1641 1085 1707 1113 Εἶτα
1729 1085 1915 1120 διηγούμενος

1117 1136 1199 1164 αὑτοῦ
1222 1137 1328 1163 ἐκείνου
1345 1136 1393 1171 τὴν
1419 1136 1534 1169 δύναμιν
1545 1135 1609 1169 ἔφη’
1635 1134 1690 1160 Καὶ
1716 1134 1823 1168 ποιήσει
1836 1131 1916 1157 κατᾶ

1117 1184 1148 1210 τὸ
1163 1183 1269 1217 θέλημα
1290 1181 1382 1213 αὑτοῦ,
1409 1181 1457 1208 καὶ
1481 1180 1654 1216 ὑψωθήσεται
1672 1179 1718 1207 καὶ
1736 1177 1916 1213 μεγαλυνθή-

1119 1238 1205 1256 σεται.
1230 1229 1285 1255 Καὶ
1301 1228 1393 1263 μέντοι
1419 1227 1466 1254 καὶ
1494 1227 1543 1261 τὴν
1559 1226 1718 1262 βλάσφημον
1736 1223 1818 1250 αὑτοῦ
1838 1222 1916 1257 γνὼ-

1119 1283 1172 1310 μην
1186 1275 1272 1309 λέγων
1285 1273 1456 1310 προσέθηκεν
1477 1273 1519 1300 ὅτι
1536 1272 1583 1299 ἐπὶ
1609 1272 1655 1298 τὸν
1670 1271 1736 1298 Θεὸν
1760 1270 1814 1296 τῶν
1835 1268 1915 1295 θεῶν

1118 1321 1228 1356 λαλήσει
1242 1321 1383 1356 ὑπέρογκα
1394 1320 1441 1346 καὶ
1459 1319 1619 1346 κατευθυνεῖ
1633 1318 1714 1352 μέχρι
1729 1314 1915 1349 συντελεσθῆ-

1118 1375 1162 1394 ναι
1173 1367 1221 1403 τὴν
1232 1366 1329 1401 ὀργὴν,
1349 1365 1458 1397 δεικνὺς
1472 1365 1513 1391 ὅτι
1525 1365 1574 1391 οὐκ
1587 1363 1643 1390 ἀπὸ
1660 1363 1709 1398 τῆς
1721 1359 1914 1410 etuias-rw?-

1120 1420 1182 1447 μης,
1201 1412 1270 1438 ἀλλὰ
1296 1411 1340 1437 διὰ
1364 1411 1413 1445 τὴν
1440 1409 1526 1444 ὀργὴν
1541 1408 1588 1435 τοῦ
1603 1407 1671 1435 Θεοῦ
1694 1407 1744 1441 τὴν
1765 1405 1837 1432 κατὰ
1851 1405 1914 1430 τῶν

1118 1457 1253 1485 Ἰουδαίων
1273 1457 1359 1488 οὕτως
1369 1457 1473 1487 ἐκεῖνος
1489 1455 1599 1491 ἐκράτει
1626 1454 1673 1481 καὶ
1694 1454 1797 1488 ἴσχυεν.
1812 1450 1914 1478 Εἰπὼν

1122 1503 1170 1532 οὖν
1181 1505 1214 1531 δι’
1243 1504 1344 1539 ἑτέρων
1363 1503 1494 1529 πλειόνων
1507 1503 1558 1529 ὅσα
1578 1502 1652 1528 κακὰ
1682 1500 1830 1534 ἐργάσεται
1857 1498 1914 1532 τὴν

1119 1552 1256 1584 Αἴγυπτον
1272 1549 1319 1576 καὶ
1335 1549 1385 1585 τὴν
1409 1547 1603 1582 Παλαιστίνην,
1627 1547 1674 1574 καί
1698 1546 1757 1577 πῶς
1776 1544 1913 1578 ἐπανήξει

1121 1597 1247 1629 καὶτίνος
1253 1596 1413 1629 καλοῦντος,
1424 1595 1472 1622 καὶ
1490 1596 1570 1624 ποίας
1580 1593 1670 1624 αίτίας
1684 1589 1915 1624 καταναγκαζοὺ-

1120 1651 1171 1676 σης
1187 1642 1259 1676 λέγει
1274 1642 1365 1668 λοιπὸν
1380 1640 1482 1675 καὶτὴν
1501 1639 1652 1673 μεταϐολὴν
1666 1636 1720 1663 τῶν
1735 1633 1914 1670 πραγμάτων

1119 1689 1231 1720 τούτων,
1250 1690 1296 1716 καὶ
1315 1689 1354 1714 ὅτι
1372 1688 1450 1722 δίκην
1459 1687 1550 1717 δόντες
1563 1686 1588 1712 ot
1599 1685 1722 1711 Ἰουδαῖοι
1741 1681 1785 1708 διὰ
1803 1680 1914 1707 τούτων

1120 1736 1247 1762 ἁπάντων
1257 1734 1396 1766 τεύξονται
1409 1742 1479 1764 τινος
1500 1731 1679 1766 ἀντιλήψεως,
1698 1728 1814 1762 ἀγγέλου
1838 1735 1915 1758 πεμ-

1120 1783 1234 1817 φθέντος
1249 1783 1288 1813 εἰς
1303 1781 1351 1816 τὴν
1362 1779 1472 1807 ἐκείνων
1484 1778 1619 1814 βοήθειαν·
1635 1776 1680 1803 Ἐν
1690 1776 1729 1810 τῷ
1738 1773 1827 1809 καιρῷ
1843 1773 1913 1807 γὰρ,

1120 1830 1213 1864 φησὶν,
1227 1828 1323 1862 ἐκείνῳ
1334 1828 1516 1862 ἀναστήσεται
1525 1823 1634 1858 Μιχαὴλ
1648 1824 1662 1849 ὁ
1674 1822 1760 1856 μέγας
1773 1821 1879 1855 ἄρχων,
1900 1820 1915 1845 ὁ

1121 1875 1278 1910 ἐφεστηκὼς
1296 1874 1342 1900 ἐπὶ
1355 1873 1417 1904 τοὺς
1433 1873 1506 1903 υἱοὺς
1521 1871 1567 1898 τοῦ
1583 1870 1647 1896 λαοῦ
1663 1878 1720 1896 σου.
1748 1867 1806 1895 Καὶ
1831 1867 1915 1893 ἔσται

1120 1922 1214 1955 καιρδς
1225 1920 1339 1954 θλίψεως
1355 1918 1410 1950 οἷος
1422 1919 1453 1945 οὺ
1465 1919 1576 1952 γέγονεν
1585 1915 1631 1950 ἀφ’
1639 1912 1668 1942 οῦ
1678 1915 1822 1949 γεγένηται
1831 1913 1914 1943 ἔθνος

1120 1967 1167 1992 ἐπὶ
1175 1967 1224 2000 τῆς
1233 1966 1284 2000 γῆς
1300 1966 1345 1992 καὶ
1362 1965 1415 1996 ἕως
1432 1963 1476 1990 τοῦ
1493 1963 1588 1998 καιροῦ
1611 1963 1727 1989 ἐκείνου.
1746 1961 1799 1987 Καὶ
1818 1961 1846 1986 ἐν
1870 1958 1914 1992 τῷ

1120 2012 1208 2048 καιρῷ
1216 2013 1311 2046 ὲκείνῳ
1322 2012 1473 2047 σωθήσεται
1483 2010 1545 2042 λαὸς
1552 2009 1635 2041 πολὺς
1649 2010 1662 2036 ὁ
1677 2008 1867 2043 γεγραμμένος
1882 2008 1916 2033 ἐν

1119 2060 1153 2094 τῇ
1171 2059 1265 2094 βίῦλῳ,
1276 2058 1414 2085 τουτέστιν
1435 2058 1459 2084 οί
1478 2057 1614 2091 σωτηρίας
1629 2056 1705 2087 ὄντες
1722 2056 1803 2087 ἄξιοι.
1825 2054 1914 2081 Ἀλλὰ

1120 2105 1150 2132 τὸ
1167 2105 1332 2140 ζητούμενον
1356 2104 1432 2131 οὔπω
1461 2105 1508 2132 καὶ
1529 2104 1575 2131 νῦν
1603 2103 1800 2130 ἀποδέδεικται.
1814 2102 1847 2127 Τί
1877 2101 1913 2136 δὴ

1120 2150 1199 2178 τοῦτό
1214 2152 1305 2184 scr-civ;
1326 2150 1389 2178 ’Ότι
1416 2151 1465 2178 καὶ
1493 2151 1605 2185 χρόνους
1620 2149 1719 2185 ὥρισεν
1738 2149 1767 2175 ἓν
1785 2149 1842 2179 τοῖς
1859 2157 1912 2174 κα-

1121 2200 1179 2230 κοῖς
1209 2198 1334 2230 τούτοις,
1364 2197 1460 2233 ὥσπερ
1492 2197 1551 2223 ἐκεῖ
1584 2197 1633 2232 ἔτη
1661 2195 1839 2231 τετρακόσια,
1861 2195 1912 2220 καὶ

1085 2239 1107 2266 Ῑ)
1122 2244 1190 2280 μετὰ
1213 2244 1299 2271 ταῦτα
1320 2243 1516 2278 ἑϐδομήκοντα.
1535 2242 1650 2277 Ἴδωμεν
1673 2242 1764 2269 τοίνυν
1791 2242 1838 2268 καὶ
1867 2242 1913 2268 ὲν-

1121 2290 1208 2317 ταῦθα
1231 2289 1258 2316 εῐ
1283 2298 1343 2317 τινα
1371 2290 1466 2324 χρόνον
1488 2289 1582 2324 ὁρίζει.
1605 2288 1659 2315 Ποῦ
1682 2289 1713 2324 δὴ
1736 2288 1816 2315 τοῦτο
1835 2288 1912 2314 ἐστιν

1119 2336 1211 2372 εὑρεῖν
1225 2344 1231 2368 ;
1249 2335 1294 2362 Ἐν
1310 2337 1365 2367 τοῖς
1381 2336 1450 2371 μετὰ
1463 2335 1549 2362 ταῦτα
1561 2335 1781 2370 λεχθησομένοις.
1797 2334 1910 2369 Ἐπειδὴ

1121 2383 1177 2418 γὰρ
1193 2383 1226 2409 τὰ
1245 2382 1330 2409 πολλὰ
1342 2383 1389 2409 καὶ
1405 2382 1511 2417 μεγάλα
1527 2382 1627 2417 ἢκουσε
1641 2382 1723 2413 κακὰ,
1738 2381 1784 2407 τὸν
1799 2382 1911 2416 ἐμπρη-

1123 2428 1190 2463 σμὸν
1203 2429 1251 2463 τῆς
1269 2428 1311 2463 [Ρ.
1326 2427 1390 2463 251]
1411 2427 1527 2458 πόλεως.
1555 2427 1604 2462 τὴν
1619 2427 1776 2462 ἀνατροπὴν
1796 2427 1844 2454 τοῦ
1864 2428 1910 2453 νέ-

1121 2483 1182 2509 μου,
1197 2475 1247 2507 τὴν
1273 2473 1478 2509 αἰχμαλωσίαν,
1507 2473 1635 2508 ἐπιθυμεῖ
1663 2473 1756 2499 λοιπὸν
1778 2473 1808 2499 τι
1832 2473 1910 2504 τέλος

1119 2521 1207 2548 αὐτῶν
1225 2520 1330 2556 μαθεῖν,
1348 2521 1395 2547 καὶ
1409 2520 1434 2546 εί
1447 2529 1489 2551 τις
1512 2519 1589 2546 ἔσται
1607 2519 1661 2546 τῶν
1684 2519 1834 2554 συμφορῶν
1847 2519 1911 2545 τού-

1119 2576 1173 2595 των
1192 2566 1337 2602 μεταὸολή.
1352 2566 1407 2592 Καὶ
1422 2565 1558 2600 διερωτῶν
1576 2565 1668 2599 ἔλεγεν
1681 2565 1770 2596 οὕτως
1784 2574 1790 2579 ”
1809 2564 1910 2599 Κύριε,

1118 2613 1146 2639 τί
1162 2613 1196 2639 τὰ
1208 2612 1309 2647 ἔσχατα
1323 2612 1441 2645 τούτωνς
1459 2611 1515 2638 Καὶ
1535 2610 1595 2638 εἷπε
1609 2620 1616 2626 '
1632 2611 1719 2647 Δεῦρο
1742 2611 1852 2644 Δανιὴλ,
1867 2612 1910 2636 ὁτι

1122 2658 1347 2694 ὲμπεφραγμένοι
1361 2657 1429 2684 εἰσὶν
1444 2658 1469 2683 οἱ
1482 2657 1555 2690 λόγοι
1572 2657 1623 2688 ἕως
1645 2657 1743 2692 καιροῦ
1765 2657 1862 2692 πέρας,
1877 2657 1909 2682 τὸ

1121 2704 1225 2736 ἀσαφὲς
1240 2704 1294 2730 τῶν
1320 2704 1473 2739 εἰρημένων
1492 2703 1688 2738 αἰνιττόμενος.
1707 2701 1773 2730 Εἶτα
1797 2703 1842 2729 καὶ
1858 2704 1909 2737 τὴν

1121 2751 1211 2777 αἰτίαν
1223 2751 1272 2785 τῆς
1290 2752 1487 2785 συγχωρήσεως
1503 2749 1556 2776 τῶν
1571 2749 1665 2775 κακῶν
1674 2758 1681 2765 ·
1699 2749 1773 2780 "Em;
1785 2749 1817 2776 ἀν
1830 2749 1909 2774 ἐκλεο

1122 2796 1192 2829 γῶσι
1209 2796 1254 2823 καὶ
1270 2796 1471 2822 ἐκλευκανῦῶσι
1494 2795 1541 2822 καὶ
1566 2795 1715 2831 πυρωθῶσι
1736 2795 1839 2827 πολλοὶ,
1860 2795 1908 2820 καὶ
