2020 3156
285 155 340 188 443

918 156 1081 188 GEORGII
1101 157 1269 188 CEDRENI

1860 153 1916 186 444

287 217 329 242 lus
343 215 389 250 qui
406 215 491 243 Deum
508 214 650 250 cognoscit
673 214 854 249 (Maecabmos
870 213 961 242 innuit
980 219 1008 241 et
1027 223 1072 242 res

1127 217 1199 244 τέστι
1209 217 1270 248 τοὺς
1281 215 1498 251 παραϐαίνοντας
1505 215 1559 242 τῶν
1567 213 1700 241 Ἰουδαίων
1712 221 1720 229 ο
1727 211 1878 245 ἀπάξουσιν
1887 214 1914 238 ἐν

287 272 302 290 a
317 263 386 291 Juda
403 263 514 290 Simone
529 270 560 290 ac
572 262 677 289 Joanne
694 263 810 298 gestas),
823 269 854 289 ac
865 263 1014 297 prudentes
1039 263 1074 289 de

286 310 389 345 populo
414 309 499 336 multa
517 308 682 343 intelligent.
701 309 861 336 Atterentur
881 313 970 336 autem
990 309 1073 336 caedi-

290 356 340 382 luis
354 360 381 382 et
395 354 532 382 incendiis
546 354 717 389 (incendium
729 355 803 382 urbis
814 363 923 383 rursum
937 356 1073 390 designat)

287 406 314 428 et
330 401 463 428 servitute
478 407 510 427 ac
522 400 734 435 direptionibus.
767 401 855 436 Atque
873 401 899 428 in
916 401 974 429 suis
989 409 1075 436 angu-

288 447 350 474 stiis
374 446 511 473 modicum
532 447 573 474 eis
601 447 848 474 fercturauxilium
865 447 1003 482 (indicans
1027 454 1074 474 eos

287 493 359 518 inter
371 499 419 519 sua
433 492 503 518 mala
516 492 652 527 respirare
662 493 743 529 404
753 501 832 528 posse
840 497 865 520 et
877 501 910 521 ex
924 493 958 520 iis
968 493 1075 528 aliqua-

287 541 366 565 tenus
380 538 543 573 emergere).
561 538 594 565 Et
611 539 741 566 accedent
758 539 791 567 iis
815 539 891 566 multi
914 540 942 566 in
961 540 1074 567 lubrici-

287 584 408 616 Iatibus,
439 585 573 620 multique
601 586 765 620 prudentum
793 586 929 619 deﬁcient,
956 587 1074 615 innueus

286 630 369 657 etiam
387 638 480 658 eorum
502 632 547 666 qui
565 632 675 658 stabant
702 633 802 660 multos
818 632 953 668 lapsuros.
973 634 1075 661 Deinde

287 676 369 704 c:iam
387 684 499 704 causam
512 677 596 705 refert
610 685 658 705 cur
672 678 741 705 Deus
754 686 802 705 eos
818 684 915 712 passus
929 678 963 706 sit
976 679 1002 705 in
1013 683 1076 705 tan-

288 728 330 750 tas
359 723 531 750 calamitates
556 723 711 751 devenire:
747 723 792 756 Ut,
820 725 920 758 inquit,
946 732 993 752 eos
1009 725 1075 763 igne

288 767 443 802 exploraret
458 776 491 796 ac
507 769 638 804 probaret
657 775 684 797 et
699 777 787 804 usque
803 769 835 796 ad
850 769 991 797 deﬁnitum
1004 774 1074 797 tem-

289 821 340 846 pus
360 820 500 850 purgaret.
519 815 575 842 Hoc
596 815 700 842 indicat
717 815 800 842 Deum
817 817 869 843 ista
885 816 942 843 ﬁeri
965 816 1074 850 sivisse,

291 859 328 886 uti
355 867 402 887 eos
418 866 594 896 expurgaret,
612 866 640 889 et
655 862 702 897 qui
725 862 796 890 inter
811 870 859 890 eos
884 863 961 897 probi
984 867 1076 891 essent

289 906 458 933 ostenderet.
482 907 584 935 Deinde
611 908 733 942 ejusdem
766 909 893 937 Antiochi
927 910 1075 944 potentiam

290 951 482 979 demonstrans
496 953 554 980 ait:
570 953 692 989 Agetque
715 962 765 988 pro
780 955 857 982 libito
869 963 929 988 suo,
947 956 1077 983 exaltabi-

290 1001 344 1030 t<ir,
372 1002 399 1024 et
418 998 464 1025 lict
487 999 660 1033 magniﬁcus.
685 1000 855 1035 lmpietatem
875 1009 986 1037 quoque
1015 1003 1075 1037 ejus

290 1044 445 1078 expressit:
463 1044 598 1080 Superbe,
616 1046 716 1081 inquit,
737 1046 791 1074 Deo
811 1047 924 1074 deorum
945 1048 1076 1084 obloque-

290 1094 350 1120 tnr;
367 1094 393 1116 et
412 1089 494 1117 rebus
509 1091 638 1120 secundis
653 1096 755 1126 utetur,
781 1093 845 1120 dum
864 1094 911 1121 ira:
929 1094 990 1122 linis
1019 1096 1074 1129 ﬁat,

288 1135 436 1162 ostendens
459 1136 625 1164 Antiochum
643 1146 697 1165 non
719 1146 734 1165 a
762 1147 791 1167 se
815 1139 885 1174 ipso,
899 1140 946 1167 sed
965 1145 1076 1175 propter

292 1181 336 1207 Dei
352 1181 420 1208 iram
434 1182 569 1210 adversus
581 1183 690 1212 Judmos
714 1189 874 1220 conceptam
901 1189 1006 1213 tantum
1026 1195 1075 1222 po-

291 1226 386 1253 tentiae
397 1227 571 1262 adepturum.
589 1229 653 1256 Inde
671 1230 796 1264 pluribus
812 1231 902 1259 verbis
916 1233 1076 1267 complexus

290 1280 351 1307 qua:
381 1273 404 1300 is
434 1273 504 1300 mala
522 1274 642 1310 Egypto
665 1277 868 1313 Palaestimeque
890 1278 1074 1313 injuncturus,

288 1319 425 1353 quomodo
442 1320 592 1353 rediturus,
609 1329 664 1357 quo
679 1328 794 1352 vocante
806 1328 833 1352 et
848 1332 903 1359 qua
914 1326 1077 1353 necessitate

291 1372 417 1402 urgente,
431 1369 539 1396 tandem
552 1369 633 1397 etiam
650 1371 828 1399 mutationem
850 1372 964 1400 istarum
984 1381 1075 1401 rerum

289 1413 420 1446 exponit,
453 1419 480 1442 et
506 1416 579 1450 quod
599 1415 684 1444 Judaei
716 1417 776 1445 istis
800 1418 929 1446 omnibus
952 1419 1076 1447 cladibus

291 1458 381 1493 puniti
408 1460 516 1487 tandem
541 1462 673 1489 auxilium
693 1468 909 1498 consequentur,
935 1466 1023 1493 misso
1040 1465 1076 1493 ad

290 1512 340 1532 eos
353 1506 483 1533 tutandos
498 1507 605 1542 angelo.
623 1508 672 1541 Eo,
688 1509 788 1544 inquit,
807 1513 930 1544 tempore
949 1515 1077 1547 exsurget

1127 266 1290 300 ὀλισθήμασι
1301 264 1360 299 μεθ’
1373 264 1476 292 ἑαυτῶν
1492 264 1539 290 καὶ
1557 263 1766 299 μεταστήσουσι,
1789 262 1837 288 καὶ
1849 261 1915 292 λαῖς

1126 311 1269 345 γινώσκων
1281 311 1326 337 τον
1337 311 1403 337 Θεὸν
1425 309 1508 336 αὑτοῦ
1537 309 1732 343 κατισχύσουσι
1746 307 1790 342 (τὰ
1805 307 1852 333 ἐπὶ
1862 307 1915 333 τῶν

1127 357 1316 384 Μακκαόαίων
1327 357 1414 390 λέγων
1425 357 1470 383 καὶ
1483 356 1516 382 τὰ
1528 356 1574 382 ἐπὶ
1584 355 1670 381 Ἰούδα
1681 354 1729 381 καὶ
1736 353 1859 388 Σίμωνος
1868 352 1915 379 καὶ

1127 403 1276 437 Ἰωάννου),
1288 403 1335 429 καὶ
1349 403 1373 429 οί
1387 401 1491 428 συνετοὶ
1503 400 1569 427 λαοῦ
1588 400 1748 433 συνήσουσιν
1762 399 1801 429 είς
1818 397 1915 424 πολλά.

1128 445 1182 472 Καὶ
1196 446 1391 481 ἀσθενήσονσιν
1406 447 1434 472 ὲν
1451 445 1573 481 ῥομφαίᾳ
1585 445 1633 472 καὶ
1651 445 1681 470 ὲν
1696 443 1789 478 φλογί·
1805 442 1851 468 τὸν
1865 443 1917 477 ἑμ-

1129 492 1254 526 πρησμὸν
1284 491 1333 526 τῆς
1357 491 1460 523 πόλεως
1490 491 1682 526 ἐξηγούμενος,
1709 490 1802 523 πάλιν,
1825 489 1873 515 καί
1888 489 1917 514 ἐν

1128 537 1301 572 αἰχμαῖωςέα
1323 538 1370 563 καὶ
1389 539 1418 564 ὲν
1446 537 1584 572 διαρπαγῇ
1612 535 1724 571 ἡμερῶν
1737 555 1744 567 ,
1773 535 1820 562 καὶ
1836 535 1865 561 ἐν
1877 533 1915 569 τῷ

1128 583 1274 618 ἀσθενῆσαι
1290 583 1386 615 αὐτοὺς
1400 583 1577 619 βοηθήσονται
1590 582 1716 617 βοήθειαν
1731 580 1846 616 μικρὰν,
1867 580 1916 614 ἐμ-

1128 630 1232 665 φαίνων
1246 630 1287 656 ὃτι
1304 629 1404 664 μεταξὺ
1430 630 1483 656 τῶν
1511 629 1605 656 κακῶν
1623 628 1737 655 ἐκείνων
1753 627 1915 660 δυνήσονται

1128 675 1296 703 ἀναπνεῦσαι
1327 675 1373 702 καὶ
1399 675 1554 708 ἀνενεγκεῖν
1581 674 1612 700 ὲκ
1641 673 1695 699 τῶν
1711 670 1916 705 κατειληῳότων

1129 721 1227 752 αὐτοὺς
1241 720 1345 752 δεινῶν,
1359 721 1407 747 καὶ
1417 719 1652 756 προστεοὴσονται
1665 717 1733 752 πρὸς
1746 717 1847 748 αὐτοὺς
1856 716 1917 741 πολ-

1128 767 1170 794 λοὶ
1191 768 1220 794 ἐν
1235 768 1407 803 ὀλισθήμασι,
1432 767 1480 793 καὶ
1497 766 1551 793 ἀπὸ
1563 766 1618 792 τῶν
1635 764 1778 791 συνιόντων
1798 762 1918 797 ἀσθενή-

1130 822 1206 841 σουσι
1221 814 1328 845 δεικνὺς
1343 815 1384 840 ὅτι
1404 813 1497 840 πολλοὶ
1521 811 1634 839 καὶτῶν
1658 810 1783 837 ἑστώτων
1800 807 1918 835 πεςοῦν-

1128 868 1183 886 ται.
1208 857 1275 886 Εἶτα
1291 859 1337 885 καὶ
1347 859 1396 894 τὴν
1411 858 1500 885 αἰτίαν
1511 857 1543 884 δι’
1562 857 1596 892 ἢν
1611 854 1800 890 συνεχώρησεν
1816 853 1919 884 αὐτοὺς

1092 897 1113 924 Β
1126 906 1140 932 ό
1154 905 1219 937 Θεὸς
1231 907 1259 932 ὲν
1283 904 1420 935 τοσούτοις
1441 905 1536 934 κακοῖς
1549 902 1681 936 γίνεσθαι.
1713 901 1761 931 Τίς
1785 901 1812 926 6‘s
1829 900 1918 932 c.5111;

1126 949 1179 975 Τοῦ
1196 949 1332 984 πυρῶσαι,
1340 949 1433 983 φησιν,
1441 948 1469 974 ἒν
1479 948 1569 979 αὐτοῖς
1579 946 1679 974 καὶτοῦ
1691 945 1856 977 ἐκλέξασθαι
1871 943 1921 970 καὶ

1125 995 1173 1022 τοῦ
1187 995 1351 1022 ὲκλευκᾶναι
1367 995 1421 1026 ἕως
1444 994 1540 1029 καιροῦ
1558 994 1655 1029 πέρας.
1674 992 1768 1019 Ταῦτα
1782 993 1851 1026 γὰρ,
1866 1000 1922 1025 φη-

1127 1042 1181 1074 σὶν,
1194 1043 1208 1068 ὀ
1223 1041 1288 1073 Θεὸς
1300 1041 1489 1076 συνεχώρησεν
1503 1040 1573 1067 ὥστε
1584 1040 1682 1069 αὐτοὺς
1698 1038 1852 1073 ἐκκαθᾶραι
1871 1037 1922 1062 καὶ

1126 1088 1211 1121 δεῖξαι
1229 1088 1294 1119 τοὺς
1310 1088 1339 1113 ἐν
1363 1087 1455 1117 αὐτοῖς
1479 1087 1617 1121 δοκίμους.
1650 1083 1716 1111 Εἶτα
1738 1083 1922 1118 διηγούμενος

1126 1134 1208 1161 αὑτοῦ
1232 1135 1336 1161 ἐκείνου
1354 1134 1402 1168 τὴν
1428 1133 1618 1168 δύναμινὲφη·
1644 1132 1699 1158 Καὶ
1725 1131 1833 1166 ποιήσει
1847 1128 1924 1155 κατὰ

1126 1181 1156 1207 τὸ
1172 1180 1278 1214 θέλημα
1299 1179 1392 1211 αὑτοῦ,
1418 1179 1466 1206 καὶ
1490 1178 1663 1213 ὑψωθήσεται
1681 1177 1728 1204 καὶ
1745 1175 1924 1211 μεγαλυνθή-

1128 1235 1214 1254 σεται.
1239 1227 1294 1253 Καὶ
1310 1225 1401 1261 μέντοι
1428 1225 1475 1252 καὶ
1503 1225 1552 1260 τὴν
1568 1223 1726 1260 βλάσφημον
1745 1221 1828 1248 αὐτοῦ
1849 1221 1924 1255 γνὼι

1128 1281 1182 1308 μην
1195 1272 1281 1307 λέγων
1294 1271 1465 1308 προσέθηκεν
1486 1271 1528 1298 ὅτι
1545 1270 1592 1297 ἐπὶ
1617 1270 1663 1296 τὸν
1679 1269 1744 1295 Θεὸν
1769 1268 1824 1294 τῶν
1845 1266 1924 1293 θεῶν

1127 1318 1237 1354 λαλήσει
1251 1318 1392 1354 ὑπέρογκα
1403 1317 1450 1344 καὶ
1468 1317 1627 1344 κατευθυνεῖ
1642 1315 1723 1350 μέχρι
1738 1313 1924 1347 συντελεσθῆ-

1127 1373 1170 1391 ναι
1181 1364 1231 1400 τὴν
1241 1363 1338 1399 ὀργὴν,
1358 1363 1467 1394 δεικνὺς
1480 1363 1522 1389 ὅτι
1533 1363 1582 1388 οὐκ
1597 1361 1651 1388 ἀπὺ
1668 1361 1717 1396 τῆς
1731 1360 1835 1390 οίκείας
1844 1358 1924 1392 γνὼ-

1129 1418 1191 1444 μης,
1211 1409 1279 1436 ἀλλὰ
1305 1408 1348 1435 διὰ
1373 1409 1422 1443 τὴν
1449 1407 1534 1442 ὀργὴν
1549 1406 1596 1432 τοῦ
1612 1405 1680 1432 Θεοῦ
1702 1405 1753 1439 τὴν
1774 1403 1847 1430 κατὰ
1862 1401 1925 1428 τῶν

1126 1455 1261 1483 Ἰουδαίων
1281 1455 1368 1486 οὕτως
1378 1455 1482 1485 ἐκεῖνος
1497 1453 1608 1488 ἐκράτει
1635 1451 1682 1479 καὶ
1703 1452 1806 1486 ἴσχυεν.
1822 1449 1925 1476 Εἰπὼν

1131 1501 1178 1529 οὖν
1190 1502 1222 1528 δι’
1252 1501 1353 1536 ἐτέρων
1372 1500 1503 1527 πλειόνων
1516 1500 1567 1526 ὅσα
1586 1499 1660 1525 κακὰ
1690 1498 1839 1532 ἐργάσεται
1868 1497 1924 1531 τὴν

290 1550 439 1579 Mieliaelus
454 1558 570 1587 magnus
586 1553 723 1588 princeps,
751 1543 884 1590 patronus
907 1557 999 1592 populi
1023 1543 1075 1585 tui.

1128 1549 1265 1581 Αιγυπτον
1280 1546 1328 1574 καὶ
1344 1547 1393 1582 τὴν
1417 1545 1611 1580 Παλαιστίνην,
1636 1545 1683 1571 καὶ
1707 1544 1765 1575 πῶς
1785 1543 1922 1595 ἐπανήξει

289 1597 331 1624 Ad
346 1604 408 1624 eum
423 1606 510 1633 usque
537 1599 610 1626 diem
627 1600 791 1629 calamitatis
812 1606 918 1637 tempus
935 1603 997 1635 erit,
1016 1611 1076 1639 quae

290 1646 366 1669 tanta
381 1643 487 1677 ingruet
509 1648 612 1679 quanta
623 1645 657 1672 ab
672 1647 748 1673 omni
776 1647 917 1674 hominum
944 1649 1075 1676 memoria

290 1688 364 1715 nulla
381 1687 442 1716 l‘uit.
465 1688 504 1716 Eo
515 1694 607 1718 autem
618 1690 662 1718 die
684 1699 782 1726 magna
802 1694 958 1720 servabitur
985 1695 1077 1722 multi-

290 1733 368 1767 tudo,
401 1735 502 1770 scripta
531 1736 557 1762 in
589 1736 670 1769 libro,
696 1737 721 1764 id
748 1737 829 1773 405
849 1743 903 1770 est,
932 1739 949 1767 ii
966 1741 1012 1775 qui
1032 1747 1078 1768 sa-

291 1779 347 1806 lute
377 1779 451 1815 digni
473 1785 548 1808 sunt.
583 1781 635 1809 Sed
664 1783 736 1817 quod
767 1784 902 1819 precipue
935 1787 1078 1820 quaereba-

291 1829 345 1856 tur,
375 1826 493 1854 nondum
518 1827 779 1862 demonstravimus,
810 1830 939 1858 nimirum
970 1836 1077 1868 tempus

291 1872 423 1900 nialorum
452 1874 578 1904 istorum.
604 1875 671 1903 Nam
707 1877 779 1904 sicut
809 1877 903 1912 prima;
927 1879 1076 1907 calamitati

290 1917 343 1944 400
358 1925 446 1946 annos
463 1919 585 1947 deﬁnivit
613 1920 694 1954 Deus,
721 1923 849 1950 secundae
864 1922 907 1955 70,
921 1924 957 1951 ita
986 1925 1078 1952 videa-

291 1969 353 1990 trus
387 1970 422 1990 an
450 1963 495 1991 hic
527 1972 637 1999 quoque
662 1971 768 1993 certum
793 1972 901 2002 tempus
928 1973 1076 1997 statuatur.

290 2006 318 2032 id
348 2014 414 2042 ergo
437 2009 591 2037 invenimus
619 2012 645 2037 in
673 2011 706 2039 iis
730 2012 820 2040 verbis
847 2021 908 2048 qua).
938 2015 1009 2049 apud
1029 2024 1077 2044 va-

292 2057 345 2078 tem
377 2058 540 2087 sequuntur.
574 2055 721 2091 Postquam
749 2057 879 2086 Danielus
898 2060 1030 2088 inaudivit
1044 2061 1078 2090 de

291 2097 492 2127 calamitatibus
522 2100 583 2128 istis
615 2102 708 2130 multis
732 2107 814 2138 atque
841 2106 959 2140 magnis,
987 2106 1020 2133 de
1035 2107 1076 2134 in-

294 2143 392 2171 ccudio
411 2145 497 2178 urbis,
525 2146 592 2180 legis
619 2147 797 2182 abrogatione
827 2154 854 2176 et
882 2151 1014 2179 servitute
1032 2161 1078 2187 po-

291 2189 359 2222 puli,
378 2190 453 2225 cupit
472 2191 580 2219 tandem
605 2201 700 2220 eorum
717 2194 797 2221 ﬁnem
825 2203 1000 2231 cognoscere,
1016 2199 1076 2226 etsi

1129 1594 1256 1626 καὶ-τίνος
1262 1593 1421 1626 καλοῦντος,
1433 1593 1480 1620 καὶ
1499 1593 1578 1621 ποίας
1589 1591 1678 1621 αἰτίας
1692 1587 1924 1622 καταναγκαζοὺ-

1129 1648 1179 1673 σης
1195 1639 1268 1673 λέγει
1282 1639 1374 1665 λοιπὸν
1388 1639 1435 1665 καὶ
1442 1638 1491 1673 τὴν
1510 1636 1660 1671 μεταϐολὴν
1674 1634 1728 1661 τῶν
1743 1631 1924 1667 πραγμάτων

1128 1685 1240 1717 τούτων,
1259 1687 1305 1712 καὶ
1324 1686 1362 1711 ὃτι
1380 1685 1458 1719 δίκην
1468 1685 1558 1714 δόντες
1571 1684 1596 1709 oi
1608 1682 1731 1709 Ἰουδαῖοι
1749 1679 1794 1706 διὰ
1812 1678 1923 1705 τούτων

1128 1733 1255 1759 ἁπάντων
1265 1731 1405 1763 τεύξονταί
1417 1739 1488 1762 τινος
1508 1729 1687 1764 ἀντιλήψεως,
1707 1726 1824 1760 ἀγγέλου
1851 1733 1924 1756 πεμ-

1129 1780 1242 1814 φθέντος
1257 1780 1296 1810 εἰς
1311 1779 1359 1813 τὴν
1370 1777 1480 1804 ἐκείνων
1492 1775 1628 1812 βοήθειαν
1643 1774 1688 1801 Ἐν
1698 1774 1737 1807 τῷ
1746 1771 1838 1807 καιρῷ
1856 1772 1922 1805 γὰρ,

1129 1827 1221 1861 φησιν,
1235 1826 1331 1859 ἐκείνῳ
1342 1825 1524 1859 ἀναστήσεται
1533 1821 1643 1856 Μιχαὴλ
1657 1822 1670 1847 ό
1683 1819 1767 1854 μέγας
1781 1819 1894 1853 ἅρχων,
1909 1819 1924 1843 ὀ

1128 1871 1286 1907 ἐφεστηκὼς
1304 1871 1350 1897 ἐπὶ
1363 1871 1425 1902 τοὺς
1440 1871 1514 1900 υἱοὺς
1529 1869 1575 1895 τοῦ
1590 1867 1655 1894 λαοῦ
1671 1876 1728 1893 σου.
1756 1866 1816 1893 Καὶ
1843 1866 1925 1892 ἔσται

1129 1919 1222 1952 καιρὸς
1233 1918 1347 1951 θλίψεως
1364 1915 1419 1948 οἷος
1430 1916 1461 1943 οὗ
1474 1916 1584 1950 γέγονεν
1593 1913 1638 1948 ἀφ’
1647 1910 1677 1940 οὗ
1686 1913 1832 1947 γεγένηται
1844 1911 1923 1941 ἔθνος

1128 1964 1175 1990 ἐπὶ
1183 1964 1232 1997 τῆς
1241 1963 1291 1997 γῆς
1308 1963 1353 1988 καὶ
1370 1962 1422 1993 ἕως
1439 1961 1484 1987 τοῦ
1501 1960 1596 1996 καιροῦ
1618 1961 1734 1987 ἐκείνου.
1754 1959 1809 1984 Καὶ
1829 1959 1862 1984 ἐν
1887 1956 1924 1990 τῷ

1128 2009 1216 2045 καιρῷ
1224 2010 1319 2044 ἐκείνῳ
1330 2009 1481 2044 σωθήσεται
1491 2007 1553 2039 λαὸς
1560 2007 1642 2039 πολὺς
1657 2009 1670 2033 ὁ
1685 2006 1885 2040 γεγραμμένος
1897 2006 1925 2031 ὲν

1127 2057 1160 2091 τῇ
1179 2055 1422 2091 βίὸλῳ,τουτέςτιν
1443 2056 1467 2081 οἱ
1486 2055 1622 2089 σωτηρίας
1637 2054 1712 2085 ὄντες
1730 2054 1813 2085 ἄξιοι.
1837 2052 1925 2080 Ἀλλὰ

1127 2103 1158 2130 τὸ
1175 2102 1340 2137 ζητούμενον
1364 2101 1440 2128 οὔπω
1469 2102 1516 2129 καὶ
1537 2101 1583 2128 νῦν
1611 2101 1810 2128 ἀποδέδεικται.
1824 2100 1863 2126 Τί
1893 2100 1924 2134 δὴ

1128 2147 1207 2175 τοῦτό
1221 2149 1313 2181 tactv;
1334 2147 1396 2175 ’Ότι
1424 2149 1472 2175 καὶ
1501 2148 1612 2183 χρόνους
1628 2147 1726 2183 ὥρισεν
1746 2147 1774 2173 ὲν
1792 2148 1857 2178 τοῖς
1875 2155 1924 2172 κα.-

1129 2197 1187 2227 κοῖς
1217 2195 1342 2226 τούτοις,
1373 2194 1467 2230 ὦσπερ
1500 2195 1558 2220 ἐκεῖ
1593 2194 1640 2229 ἔτη
1669 2193 1853 2228 τετρακόσια,
1877 2193 1924 2220 καὶ

291 2243 345 2268 qua
361 2236 395 2262 sit
408 2235 501 2264 futura
523 2238 638 2265 istorum
668 2240 801 2268 malorum
827 2243 952 2269 mutatio.
981 2244 1075 2279 itaque

1130 2241 1198 2276 μετὰ
1220 2241 1307 2268 ταῦτα
1328 2240 1523 2275 ἑϐδομήκοντα.
1543 2239 1658 2275 Ἴδωμεν
1680 2240 1771 2266 τοίνυν
1799 2240 1852 2267 καὶ
1883 2241 1925 2266 ἐν-

291 2281 330 2308 sie
343 2281 507 2318 interrogat:
524 2283 646 2317 Domine,
656 2286 821 2320 quisborum
833 2289 884 2315 erit
894 2289 955 2316 linis
966 2290 978 2316 ί
990 2290 1021 2318 Ει
1034 2298 1075 2318 re-

291 2329 460 2362 spondetur:
478 2329 561 2362 Vade,
578 2331 766 2368 Daniele,quia
779 2336 972 2364 sermoncsisti
990 2345 1077 2372 usque

290 2373 322 2399 nil
336 2373 437 2400 exitum
452 2376 582 2410 temporis
593 2376 727 2412 obsignati
741 2383 806 2406 sunt
823 2379 858 2408 ".
871 2379 909 2407 lta
922 2381 1077 2411 obscuritas

290 2419 424 2446 dittorum
441 2420 574 2448 innuitur.
588 2421 758 2457 Additurque
786 2432 868 2452 causa
893 2433 943 2453 cur
962 2428 1078 2461 permis-

289 2473 348 2491 sum
365 2465 400 2492 sit
416 2473 448 2492 ea
466 2467 536 2493 mala
551 2467 689 2496 incidere:
708 2469 809 2503 Donec,
824 2471 923 2505 inquit,
939 2472 1077 2506 eligantur

289 2516 371 2545 atque
387 2511 448 2546 igne
478 2519 679 2548 perpurgentnr
708 2516 798 2547 multi,
829 2521 856 2544 et
885 2516 962 2552 impii
993 2517 1077 2552 impie

289 2561 380 2591 agent,
410 2566 499 2592 neque
528 2559 635 2594 sapient
663 2561 783 2592 scelesti,
810 2562 956 2596 prudentes
985 2567 1076 2592 autem

289 2603 409 2637 sapit-nt.
429 2603 491 2631 lude
504 2608 611 2639 tempus
625 2606 756 2639 nominat,
784 2608 914 2642 quamdiu
936 2609 1006 2636 mala
1025 2610 1077 2638 ista

289 2653 382 2674 essent
402 2647 511 2676 Juclzeos
540 2657 666 2684 pressura
680 2660 687 2678 :
703 2651 744 2679 Ab
756 2660 798 2685 eo,
814 2653 914 2688 inquit,
943 2658 1074 2690 tempore,

290 2701 344 2728 quo
359 2694 523 2721 sacriﬁcium
533 2695 598 2730 juge
612 2701 745 2724 mutatum
761 2697 851 2726 fuerit.
865 2699 932 2734 Juge
944 2708 991 2728 seu
1007 2703 1077 2729 assi-

290 2739 372 2766 duum
398 2740 563 2768 sacriﬁcium
584 2747 698 2770 vocatur
719 2744 927 2778 quotidianum:
953 2747 1076 2781 quotidie

289 2785 361 2811 enim
372 2784 457 2812 Judaei
475 2794 554 2816 niane
572 2795 604 2815 ac
616 2789 722 2823 vesperi
736 2789 862 2817 solebant
877 2790 930 2818 Deo
958 2799 1014 2819 rem
1029 2800 1073 2820 sa—

328 2875 349 2891 ”
367 2876 431 2903 Dan.
447 2879 529 2912 ωε,
548 2881 563 2907 Ω

1129 2287 1216 2314 ταῦοα
1238 2287 1265 2313 et
1290 2295 1351 2314 τινα
1379 2287 1473 2322 χρόνον
1495 2286 1590 2321 ὁρίζει.
1613 2286 1667 2313 Ποῦ
1690 2287 1720 2322 δὴ
1744 2286 1827 2313 τοῦτο
1848 2287 1924 2313 ἔστιν

1127 2333 1218 2368 εὑρεῖν
1232 2341 1239 2365 ;
1257 2332 1302 2359 'Ev
1318 2334 1373 2364 τοῖς
1388 2333 1458 2368 μετὰ
1471 2332 1557 2359 ταῦτα
1569 2333 1787 2367 λεχθησομένοις.
1806 2333 1922 2368 Ἐπειδὴ

1128 2380 1185 2414 γὰρ
1201 2379 1233 2406 τὰ
1252 2379 1337 2406 πολλὰ
1349 2380 1396 2406 καὶ
1413 2379 1518 2414 μεγάλα
1535 2380 1635 2415 ἢκουσε
1648 2379 1730 2411 κακὰ,
1745 2379 1790 2404 τὸν
1808 2380 1923 2414 ἐμπρη-

1130 2425 1197 2460 σμὸν
1211 2425 1258 2460 τῆς
1276 2425 1318 2459 [Ρ.
1333 2424 1398 2460 251]
1419 2424 1533 2456 πόλεως.
1563 2424 1612 2459 τὴν
1627 2424 1783 2459 ἀνατροπὴν
1804 2425 1857 2452 τοῦ
1878 2426 1922 2452 νό-

1129 2479 1189 2506 μου,
1205 2471 1255 2504 τὴν
1281 2470 1485 2506 αἰχμαλωσίαν,
1514 2470 1643 2505 ἐπιθυμεῖ
1671 2471 1763 2497 λοιπὸν
1785 2471 1818 2497 τὺ
1843 2471 1923 2503 τέλος

1127 2517 1215 2543 αὐτῶν
1232 2517 1337 2552 μαθεῖν,
1355 2517 1403 2543 καὶ
1416 2516 1496 2548 εἴτις
1519 2516 1596 2543 ἔσται
1615 2516 1668 2543 τῶν
1691 2517 1845 2552 συμφορῶν
1860 2517 1923 2544 τού-

1126 2572 1181 2590 των
1199 2562 1344 2598 μεταϐολή.
1360 2563 1414 2589 Καὶ
1429 2562 1566 2597 διερωτῶν
1583 2562 1674 2596 ἔλεγεν
1689 2562 1776 2593 οὕτως
1791 2571 1797 2578 ’
1817 2563 1923 2597 Κύριε,

1126 2609 1153 2635 τί
1169 2609 1204 2635 τὰ
1215 2609 1316 2643 ἔσχατα
1330 2608 1449 2642 τούτων;
1466 2609 1521 2635 Καὶ
1541 2607 1602 2635 εἷπε
1616 2616 1623 2623 ·
1639 2609 1726 2644 Δεῦρο
1749 2609 1864 2643 Δανιὴλ,
1880 2610 1922 2635 ὅτι

1130 2654 1354 2689 ὲμπεερραγμένοι
1368 2654 1437 2680 είσὶν
1451 2655 1476 2679 οἱ
1489 2654 1562 2688 λόγοι
1579 2654 1630 2685 ἕως
1653 2654 1750 2689 καιροῦ
1772 2655 1876 2690 πέρας,
1891 2655 1922 2681 se

1129 2700 1233 2733 ἀσαφὲς
1248 2700 1302 2726 τῶν
1327 2701 1480 2735 εἰρημένων
1499 2700 1694 2735 αἰνιττόμενος.
1714 2699 1780 2727 Εἶτα
1804 2702 1854 2727 καὶ
1871 2702 1921 2736 τὴν

1129 2747 1218 2773 αἰτίαν
1231 2747 1279 2781 τῆς
1296 2748 1494 2782 συγχωρήσεως
1510 2746 1563 2772 τῶν
1578 2747 1671 2772 κακῶν
1681 2755 1688 2762 ·
1707 2746 1779 2777 Ἕως
1791 2747 1826 2773 ἂν
1838 2748 1921 2773 ἐκλε-

1129 2792 1199 2826 γῶσι
1216 2793 1260 2819 καὶ
1277 2793 1478 2819 ἐκλευκανέὶῶσι
1500 2792 1548 2819 κα¹ι
1573 2792 1722 2828 πυρωοῶσι
1743 2792 1849 2825 πολλοὶ,
1873 2793 1920 2819 καὶ
