2020 3156
102 173 150 204 457

635 168 905 200 HISTORIARUM
926 166 1115 197 COlllPENDl
1122 165 1186 197 ΠΜ.

1655 161 1708 193 4Γ8

102 227 145 254 καὶ
155 227 198 256 τὰς
213 224 305 260 ἑορτὰς
322 223 399 258 ὑμῶν
415 223 516 258 μισεῖὴ
534 221 606 257 ψυχή
625 230 686 257 μου.
710 220 874 255 Ἐγενήθητέ
891 227 898 250 Α

949 227 1024 245 orum
1037 224 1145 247 tuorum
1160 219 1221 245 nolo
1233 218 1327 246 audire
1348 218 1380 245 '”.
1399 218 1463 245 Item
1483 217 1559 246 :Non
1578 219 1708 253 accipiam

102 281 143 308 μοι
163 272 203 302 εἰς
223 270 388 304 πλησμονήν.
406 269 460 295 Καὶ
478 268 645 303 ’Λπόστησον
658 267 705 294 ἀπ’
724 266 791 301 ἐμοῦ
808 264 874 300 ἦχον

100 317 174 352 ᾠδῶν
187 325 245 346 σου,
259 315 304 341 καὶ
320 314 429 349 ψαλμοῦ
444 314 568 348 ὁργάνων
588 321 635 339 σου
646 312 698 339 οὐκ
712 311 876 345 ἀκούσομαι.

102 362 165 393 Καὶ,
179 361 217 387 Οὐ
231 360 340 394 δέξομαι
358 360 390 385 ὲκ
404 358 451 385 τοῦ
470 358 545 385 οἴκου
559 367 605 384 σου
622 358 748 393 μόσχους,
767 357 828 384 οὐδὲ
847 358 878 383 ἐκ

101 409 150 435 τῶν
165 406 298 441 ποιμνίων
315 414 361 432 σου
379 405 522 439 χιμάρους,
553 403 622 438 Ὲμὴ
636 404 690 439 γάρ
709 404 784 430 ἐστιν
806 403 823 437 ἡ
839 403 879 428 ol—

103 453 216 487 ιουμὲνη
234 451 281 478 καὶ
295 450 324 477 τὸ
339 451 474 486 πλήρωμα
487 450 583 484 αὐτῆς.
596 449 641 484 Μὴ
651 449 781 484 φάγωμαι
797 448 880 482 κρέα-

101 509 131 526 τα
143 499 258 534 ταύρων,
277 497 292 533 ἢ
307 495 377 531 αἷμα
401 497 510 532 τράγων
534 496 658 530 πίωμαι;
672 495 758 521 Θῦσον
769 494 807 529 τῷ
821 494 882 529 Θεῷ

101 546 190 572 θυσίαν
202 545 340 574 αἰνέσεως,
353 544 417 574 Καὶ,
429 542 515 568 Θυσία.
539 541 577 576 τῷ
591 540 650 576 Θεῷ
665 541 773 575 πνεῦμα
786 547 882 566 συντε-

104 592 255 628 τριμμένον.
267 590 321 617 Καὶ
332 589 424 621 ἁπλῶς
438 590 466 615 ἓν
477 588 575 620 πάσαις
583 589 644 619 ταῖς
656 587 883 622 Γραφαῖςρμοίως

102 639 146 669 τὰς
159 637 256 669 θυσίας
271 635 449 662 ἀπαναίνεται
462 635 507 661 διὰ
523 634 553 660 τὺ
570 633 769 668 ἐξαμαρτάνειν
784 632 883 662 αὐτοὺς

102 685 138 715 εἰς
149 683 230 710 αὑτὸν
238 682 268 715 ἐξ
279 682 366 716 ἄκρας
379 680 477 711 κακίας
491 688 519 706 τε
534 680 580 705 καὶ
590 678 731 710 ἀπειθείας
747 678 793 704 καὶ
803 677 886 712 σκλη-

106 729 261 766 ροκαρδίας.
277 727 375 754 Θυσίαι
399 727 453 761 γὰρ
481 725 586 752 ἀσεϐῶν
617 725 755 760 βλέλυγμα
771 723 884 758 Κυρίῳ·

104 775 146 800 καὶ
160 773 215 808 γὰρ
228 772 394 806 παρανόμως
412 769 612 805 προσφέρουσιν
626 768 722 799 αὑτὰς,
737 767 783 794 καὶ
797 767 886 794 θυσίαι

108 819 192 845 αὐτῶν
222 818 263 850 ὡς
293 818 375 851 ἄρτος
402 815 517 847 πένθους
541 815 643 846 αὐτοῖς,
667 814 714 840 καὶ
739 812 838 843 πάντες
863 813 887 838 ol.

106 863 236 893 ἐσθίοντες
273 860 357 892 αὑτὰς
388 859 609 894 μολυνθήσονται.
641 857 686 883 Διὸ
713 857 744 892 δὴ
774 857 822 882 καὶ
849 855 888 890 τῷ

107 909 185 935 Σαοὺλ
200 909 215 934 ὁ
226 890 303 938 θεῖος
320 890 446 941 sapite
462 890 554 938 ελέγεν
571 912 578 920 -
602 904 682 938 Ἀκοὴ
702 890 792 937 ἀγαθὴ
819 902 890 937 ὑπὲρ
907 890 926 916 Β

108 955 196 982 θυῖίαν
211 954 261 980 καὶ
287 952 416 988 ἀκρόαμα
439 950 508 985 ὑπὲρ
532 950 615 985 στέαρ
629 949 724 984 κριῶν.
749 948 816 974 Ἰδοὺ
838 948 892 982 γὰρ

109 1001 174 1027 θέλει
200 999 305 1034 Κύριος
331 998 426 1025 θυσίαν
450 997 488 1028 ὼς
508 996 539 1022 τὸ
559 995 712 1021 εἰσακούειν
737 994 831 1021 αὑτοῦ.
862 993 893 1020 Et

109 1048 190 1075 τοίνυν
205 1047 254 1072 καὶ
287 1045 339 1080 πρὸ
363 1045 413 1079 τῆς
433 1043 584 1078 παρουσίας
599 1041 682 1068 αὐτοῦ
701 1042 771 1077 ὑπὲρ
799 1041 894 1067 θυσίαν

111 1094 217 1129 καρδίαν
243 1091 368 1127 καθαρὰν
384 1089 511 1124 ἐπεζήτει
538 1089 586 1116 καὶ
602 1088 710 1124 πνεῦμα
733 1096 894 1122 συντετριμ-

113 1141 194 1173 μένον,
221 1138 316 1172 πολλῷ
339 1136 440 1172 μᾶλλον
465 1134 551 1162 ἐλθὼν
578 1135 680 1161 ἔπαυσε
705 1133 754 1165 τὰς
767 1134 800 1160 δι’
815 1134 894 1168 αἱμα-

113 1192 160 1209 των
175 1184 287 1213 θυσίας,
305 1182 365 1208 οὐδὲ
378 1181 596 1215 πάλαιδεόμενος
611 1179 712 1211 αὐτῶν,
728 1179 764 1210 ὡς
779 1179 896 1214 εἴρηται,

112 1229 170 1255 ἀλλὰ
185 1229 208 1255 εί
226 1227 383 1263 βουληθῶσι
411 1226 571 1261 συγχωρῶν,
586 1226 633 1252 καὶ
656 1225 680 1251 εί
709 1224 763 1251 ἀπὸ
785 1223 896 1258 γνώμης

113 1275 186 1309 ὀρθῆς
216 1273 419 1309 προσοίσουσιν,
446 1272 475 1298 Et
505 1271 578 1297 θύειν
602 1270 758 1305 ἐπιθυμεῖς,
787 1269 817 1295 οὺ
842 1269 899 1295 δεο-

116 1319 179 1354 μένῳ
191 1327 235 1352 μοι
255 1317 314 1344 θύε.
328 1317 422 1344 Ὁπότε
435 1316 463 1343 δὲ
476 1315 572 1342 τούτῡυ
592 1315 748 1349 ἀμνήμονες
764 1314 897 1347 ἐγένοντο,

115 1366 156 1390 καὶ
175 1365 279 1398 μόσχον
293 1362 352 1388 ἀντὶ
367 1360 434 1388 Θεοῦ
447 1361 506 1386 θεὸν
526 1359 735 1389 ἐπεκαλέσαντο,
753 1359 800 1384 καὶ
812 1357 899 1392 τούτῳ

117 1410 159 1444 τὴν
176 1410 271 1436 αἰτίαν
283 1409 333 1442 τῆς
347 1408 376 1441 ἐξ
397 1407 535 1441 Αἰγύπτου
561 1405 675 1440 πορείας
698 1404 898 1439 ἐπεγράψαντο,

117 1456 230 1490 λέγοντες
245 1464 253 1471 ·
273 1451 350 1482 Οὗτοι
365 1455 388 1481 οἱ
401 1454 456 1480 θεοί
471 1462 529 1485 σου,
547 1452 664 1488 Ἰσραὴλ,
678 1452 703 1478 οί
721 1450 899 1484 ἐξαγαγόντες

120 1510 145 1527 σε
161 1504 190 1528 ἐκ
204 1502 262 1536 γῆς
283 1501 422 1534 Αἰγύπτου
439 1508 446 1514 ·
461 1500 508 1526 καὶ
531 1498 756 1533 ἁπαρνησὰμενοι
771 1497 837 1522 Θεὸν
855 1495 901 1522 τὸν

928 264 962 291 de
976 264 1054 291 domo
1072 268 1117 290 tua
1133 264 1244 295 vitulos.
1263 263 1346 299 418
1362 271 1449 298 neque
1464 264 1560 291 hmdos
1575 271 1608 291 ex
1625 263 1711 291 caulis

929 310 994 337 tuis.
1013 309 1069 337 Mea
1086 310 1158 337 enim
1171 314 1212 338 cst
1234 315 1318 342 terra,
1335 315 1362 337 et
1377 310 1510 345 quidquid
1524 318 1583 338 eam
1605 310 1709 345 implet.

930 354 1000 382 Num
1022 362 1072 389 ego
1084 358 1224 381 taurorum
1253 362 1336 382 carne
1361 363 1457 382 vescar
1481 361 1528 382 aut
1550 356 1711 390 sanguinem

932 401 1071 428 hircorum
1091 400 1204 427 bibam?
1232 400 1305 428 Oﬁcr
1329 400 1444 428 Domino
1469 400 1634 428 sacriﬁcium
1657 401 1715 428 lau-

931 447 985 474 dis.
1007 446 1050 480 Et,
1076 445 1247 474 Sacriﬁcium
1279 446 1335 474 Deo
1355 452 1498 482 acceptum
1526 451 1569 474 est
1601 446 1716 482 spiritus

932 495 1066 520 contritus
1082 493 1116 519 ".
1133 492 1161 520 In
1178 500 1295 524 summa,
1312 493 1412 526 passim
1428 493 1454 520 in
1476 492 1617 528 Scriptura
1645 492 1716 520 Deus

933 539 1067 567 sacriﬁcia
1079 538 1192 573 respuit,
1209 538 1280 573 quod
1291 537 1377 565 Judaei
1397 539 1528 567 adversus
1543 540 1632 574 ipsum
1653 547 1718 574 pce-

934 587 1028 610 carent
1042 591 1147 611 sutnma
1157 583 1272 616 malitia,
1283 583 1453 610 contumacia
1466 587 1546 619 atque
1558 585 1717 619 pertinacia.

934 629 1039 664 Quippe
1056 628 1200 663 impiorum
1214 628 1348 655 sacriﬁcia
1361 629 1432 656 Deus
1448 629 1620 656 aborninatur
1635 637 1642 654 :
1656 637 1718 656 nam

935 676 1017 710 impie
1030 682 1060 702 ea
1071 675 1199 708 oﬁ‘erunt,
1215 679 1334 709 suntque
1346 675 1396 710 ipsi
1419 679 1548 709 tanquam
1573 675 1652 709 panis
1680 675 1722 701 lu-

937 726 1014 754 ctus;
1041 726 1068 748 et
1093 721 1250 756 quicunque
1284 721 1319 748 de
1349 721 1384 748 iis
1416 721 1511 754 edunt,
1550 721 1722 748 contamina-

938 767 1048 794 bttntur.
1065 767 1156 802 Itaque
1167 766 1248 794 etiam
1274 767 1357 794 Saulo
1389 766 1533 794 Samuelus
1556 766 1624 793 dixit
1657 767 1723 794 obc-

938 813 1067 840 dientiam
1091 813 1225 840 sacriﬁcio
1239 817 1320 848 atque
1346 813 1417 848 adipi
1443 813 1559 840 arietino
1583 817 1723 848 pmstare,

941 863 1042 894 atquea
1062 858 1117 886 Deo
1135 859 1169 886 iis
1184 859 1307 894 praeferri
1323 858 1358 886 ".
1379 859 1431 891 Qui
1456 866 1522 894 ergo
1537 863 1600 886 ante
1620 860 1723 886 aulvcn-

943 908 1000 931 tum
1031 912 1111 932 suum
1141 912 1189 932 cor
1224 912 1321 940 purum
1351 909 1377 931 et
1414 905 1534 932 animam
1579 906 1725 932 contritam

943 948 1080 975 sacriﬁcio
1105 949 1211 983 potiora
1233 949 1337 980 habuit,
1367 949 1390 976 is
1411 950 1506 984 utique
1533 953 1674 984 postquam
1699 950 1725 976 in

943 1002 1052 1022 carnem
1074 994 1158 1025 venit.
1173 993 1259 1021 multo
1276 995 1362 1027 magis
1388 995 1562 1029 sanguinaria
1583 995 1635 1022 ista
1658 995 1727 1022 abo-

945 1040 1008 1067 levit
1024 1039 1170 1072 sacriﬁcia,
1191 1047 1251 1074 qute
1277 1047 1311 1066 ne
1337 1038 1439 1074 pridem
1461 1040 1571 1074 quidem
1593 1041 1728 1075 requisie-

946 1090 996 1117 rat,
1013 1086 1060 1113 sed
1074 1085 1229 1113 sacriﬁcare
1245 1086 1417 1120 cupientibus
1434 1085 1546 1112 liberam
1578 1093 1635 1112 rem
1666 1093 1728 1120 per-

947 1131 1067 1162 miserat.
1083 1131 1163 1158 ntodo
1178 1137 1208 1158 ea
1217 1131 1298 1158 corde
1317 1135 1389 1158 recto
1403 1131 1543 1158 oll‘errcnt.
1562 1131 1625 1158 Ideo
1641 1131 1706 1158 dicit
1720 1140 1727 1156 :

948 1175 975 1202 Si
985 1176 1142 1203 sacriﬁcare
1154 1176 1243 1210 cupis.
1259 1176 1325 1202 mihi
1345 1184 1397 1203 non
1423 1176 1573 1211 requirenti
1593 1177 1729 1204 sacriﬁca.

947 1222 1014 1248 Cum
1030 1230 1093 1249 vero
1109 1222 1156 1249 Dei
1178 1222 1256 1249 obliti
1274 1221 1333 1256 ejus
1349 1223 1409 1249 loco
1436 1222 1552 1249 vitulum
1580 1222 1729 1249 invocave-

949 1271 1024 1300 runt,
1043 1268 1121 1303 eique
1131 1268 1246 1295 reditum
1262 1276 1295 1296 ex
1309 1267 1426 1303 JEgypto
1441 1273 1581 1303 acceptum
1598 1269 1731 1300 tulerunt,

949 1314 1088 1341 dicentes:
1104 1314 1173 1342 Ecce
1187 1315 1225 1341 dii
1239 1315 1288 1347 tui,
1308 1314 1420 1346 lsracle,
1435 1315 1482 1350 qui
1509 1318 1535 1342 te
1557 1323 1589 1342 ex
1616 1315 1733 1351 [Egypto

949 1360 1102 1388 eduxerunt
1116 1381 1123 1393 ,
1139 1360 1284 1388 ditIiteutes
1311 1361 1406 1393 Deum,
1423 1361 1470 1394 qui
1484 1368 1532 1388 eos
1547 1361 1660 1388 aﬁlictos
1677 1361 1734 1388 Mo-

951 1408 989 1434 sis
1005 1414 1087 1442 opera
1101 1407 1268 1439 sublevarat,
1287 1407 1332 1442 qui
1347 1414 1429 1434 manu
1442 1411 1470 1435 et
1491 1407 1565 1442 virga
1580 1407 1663 1435 Mosis
1681 1408 1734 1435 mi-

951 1454 1043 1481 racula
1067 1454 1202 1486 ediderat,
1232 1454 1279 1489 qui
1306 1453 1444 1489 Egyptiis
1459 1447 1653 1489 decemplicem
1679 1462 1736 1490 pm-

952 1507 1014 1526 nam
1046 1498 1189 1532 inﬂixerat,
1225 1499 1271 1534 qui
1286 1498 1407 1526 Rubrum
1437 1507 1512 1527 mare
1541 1500 1567 1527 in
1598 1500 1737 1535 portiones

118 1548 155 1574 διὰ
181 1547 326 1578 Μωῡσέως
355 1545 574 1580 ἐπισκεψάμενον
594 1543 692 1574 αὐτοὺς
711 1544 740 1569 ὲν
760 1544 792 1578 τῇ
810 1542 898 1576 θλίψει

951 1544 1098 1572 disciderat
1109 1545 1235 1580 ipsosque
1251 1551 1298 1579 per
1307 1544 1410 1572 medias
1424 1544 1448 1561 "
1462 1551 1547 1580 aquas
1558 1545 1676 1581 M519
1691 1552 1739 1580 per

121 1595 210 1626 αὐτῶν,
229 1593 281 1620 τὸν
299 1593 332 1619 τὰ
347 1593 447 1626 σημεῖα
463 1591 527 1626 περὶ
540 1590 629 1625 χειρὸς
649 1590 696 1616 καὶ
714 1589 812 1624 ῥάϐδου
825 1597 902 1623 ποιη-

121 1640 247 1673 σάμενον,
271 1638 316 1664 τὸν
348 1637 513 1671 Αἰγυπτίους
541 1635 704 1670 δεκαπλήγῳ
729 1634 900 1667 πατάξαντα,

121 1685 158 1710 τὸν
171 1685 218 1719 τὴν
261 1682 395 1718 Ἐρυθρὰν
409 1681 546 1709 θάλασσαν
569 1681 608 1712 είς
620 1681 764 1714 διαιρέσεις
782 1679 901 1706 διελόντα

123 1730 163 1757 καὶ
177 1730 348 1764 διαγαγόντα
361 1728 459 1758 αὐτοὺς
481 1728 510 1754 ὲν
524 1727 599 1762 μέσῳ
612 1726 659 1753 τοῦ
677 1726 772 1758 ὕδατος
792 1726 831 1757 ὡς
856 1726 901 1751 διὰ

123 1775 208 1810 ξηρᾶς,
237 1775 288 1802 τὸν
318 1776 380 1806 τοὺς
406 1773 521 1809 ἐχθροὺς
548 1773 637 1799 αὐτῶν
669 1772 826 1807 βυθίσαντα,
856 1772 901 1798 τὸν

123 1821 225 1856 Μεῤῥὰν
246 1820 299 1855 τὴν
320 1819 411 1855 πηγὴν
443 1819 492 1854 τὴν
515 1818 616 1853 πικρὰν
634 1817 826 1852 γλυκάναντα,
857 1816 902 1842 τὸν

134 1867 161 1892 ἐκ
183 1868 290 1902 πέτρας
316 1867 469 1900 ἀκροτόμου
495 1864 567 1899 ὕδωρ
590 1865 630 1895 είς
661 1863 817 1899 πλησμονὴν
841 1863 905 1888 ἀνα-

126 1912 266 1943 ελύσαντα,
286 1912 332 1938 τὸν
359 1911 449 1946 στύλῳ
469 1911 512 1947 [Ρ.
527 1909 592 1946 259]
607 1909 723 1944 νεφέλης
744 1912 791 1936 καὶ
818 1909 905 1942 στύλῳ

127 1960 202 1993 πυρός
219 1949 368 1990 σκιάζοντα
385 1957 484 1988 αὐτοὺς
508 1956 552 1983 διὰ
575 1947 676 1987 θάλπος
701 1955 830 1990 ἄμετρον,
858 1955 907 1982 καὶ

127 2005 271 2038 φωτίζοντα
301 2005 348 2030 καὶ
369 2002 519 2038 ὁδηγοῦντα
547 2003 609 2034 τοὺς
632 2002 682 2028 οὐκ
707 2002 811 2033 εἰδότας
838 2002 904 2029 ὅπου

957 1591 1141 1618 continentem
1159 1591 1325 1623 traduxerat,
1342 1591 1388 1625 qui
1403 1591 1495 1618 hostes
1506 1598 1600 1618 eorum
1611 1592 1737 1619 subruer-

956 1642 1038 1669 scrat,
1055 1637 1101 1671 qui
1120 1636 1221 1664 fontem
1241 1636 1335 1664 Merrae
1351 1637 1384 1664 de
1400 1644 1494 1664 amaro
1506 1637 1612 1665 dulcem
1627 1637 1739 1673 redege—

955 1685 1008 1714 rat,
1022 1682 1066 1716 qui
1083 1681 1116 1709 dc
1140 1682 1282 1710 cacumine
1298 1682 1357 1710 saxi
1380 1683 1432 1710 icto
1451 1691 1548 1718 aquam
1568 1684 1676 1711 abunde
1689 1684 1739 1711 eli-

954 1731 1061 1758 cucrat,
1075 1728 1120 1762 qui
1145 1729 1272 1755 columna
1293 1729 1374 1757 nubis
1411 1737 1458 1757 eos
1494 1729 1664 1758 obumbrans
1696 1730 1739 1757 ni-

956 1774 1040 1800 mium
1063 1773 1134 1800 aeris
1158 1778 1255 1801 aestum
1270 1775 1419 1807 avertebat,
1438 1775 1484 1810 qui
1500 1776 1628 1802 columna
1659 1775 1739 1810 ignea

956 1818 1119 1853 przcluccbat
1139 1826 1190 1853 per
1204 1819 1330 1854 viamque
1344 1827 1393 1847 eos
1412 1820 1530 1854 ignotam
1548 1821 1675 1852 ducebat,
1691 1821 1739 1855 qui

958 1865 998 1891 cis
1030 1865 1138 1892 cmlitus
1174 1871 1271 1892 manna
1306 1865 1452 1900 prmbcbat,
1484 1866 1531 1900 qui
1557 1873 1572 1892 a
1599 1866 1668 1893 mari
1694 1873 1742 1893 co-

958 1910 1112 1937 turnicibus
1140 1910 1232 1938 missis
1256 1917 1339 1938 carne
1375 1918 1424 1939 eos
1449 1912 1609 1944 saturabat,
1635 1912 1682 1946 qui
1714 1912 1742 1938 in

959 1960 1049 1984 mcnte
1061 1956 1147 1991 legem
1172 1956 1238 1991 ipsis
1250 1957 1371 1991 dederat,
1385 1957 1494 1992 quieos
1511 1957 1653 1986 auditione
1687 1966 1744 1986 sua:

962 2003 1060 2030 divina:
1075 2010 1107 2030 ex
1131 2002 1277 2030 tonitribus
1290 2004 1364 2032 vocis
1381 2005 1508 2038 dignatus
1539 2004 1636 2033 fuerat.

127 2052 295 2085 πορευθῶσι,
326 2051 372 2078 τὸν
396 2051 426 2083 ἐξ
453 2049 569 2086 οὐρανοῦ
597 2048 834 2084 μαννοδοτήσαντα
861 2051 952 2081 αὐτοῖς
977 2050 1023 2076 καὶ
1051 2051 1083 2076 ὲκ
1113 2048 1251 2084 θαλάσσης
1275 2051 1499 2086 κρεωόιιτήσαντα
1524 2051 1744 2086 ὀρτυγομήτραν,

128 2097 167 2123 τδν
184 2100 210 2124 ἐν
222 2098 335 2134 τῷδρει
349 2098 569 2132 νομοθετήσαντα
592 2097 694 2129 αὐτοῖς,
715 2093 746 2123 οὗ
769 2097 819 2129 τῆς
835 2097 910 2129 θείας
940 2098 988 2125 καὶ
1008 2097 1193 2134 βροντοφώνου
1219 2099 1310 2133 φωνῆς
1341 2098 1498 2134 ἠξιώθησαν
1528 2100 1656 2127 ἀκούσαι.

160 2144 260 2172 Τοῦτον
269 2144 471 2178 ἁπηρνήσαντο,
487 2143 608 2174 εἰπόντες
616 2143 655 2178 τῷ
671 2142 785 2178 Ἀαρών·
799 2142 913 2177 Ποίησον

130 2191 186 2225 ἡμῖν
197 2191 276 2222 θεοὺς
291 2190 316 2216 οἳ
329 2190 559 2226 προπορεύσονται
567 2189 658 2224 ἡμῶν.
666 2190 721 2216 Καὶ
731 2190 912 2224 ἐμοσχοποίη-

1002 2143 1080 2172 llunc
1108 2143 1148 2171 illi
1180 2143 1344 2176 diﬁidentes,
1372 2144 1506 2172 Aaronem
1521 2145 1665 2178 jusserunt
1692 2147 1746 2175 sibi

965 2189 1031 2217 deos
1047 2189 1173 2217 fabricari
1189 2189 1294 2217 itineris
1310 2190 1402 2222 duces,
1415 2190 1531 2226 fusoque
1543 2191 1628 2219 vitulo
1643 2193 1750 2219 sacriﬁ-

131 2244 175 2262 σαν
191 2237 338 2272 χωνευτὸν,
361 2236 408 2263 καὶ
434 2236 534 2262 ἔθυσαν
559 2236 598 2270 τῷ
621 2236 732 2270 εἰδώλῳ.
760 2235 896 2262 Κάντεῦθε

949 2246 950 2253 ι
965 2240 1104 2264 caverunt.
1114 2235 1151 2263 Ea
1161 2236 1281 2271 ipsorum
1297 2236 1493 2271 ingratitudine
1507 2237 1578 2265 Deus
1596 2238 1647 2271 ira,
1662 2245 1748 2273 quan-

132 2280 170 2308 οὗν
194 2283 333 2318 ὀργισθείς
358 2283 373 2309 ὁ
388 2282 564 2317 μακρόθυμος
584 2281 660 2314 Θεὸς,
685 2282 733 2309 ara
756 2282 789 2318 δὴ
814 2283 911 2318 ἀχαρι-

134 2328 231 2362 στηθείς
246 2328 294 2355 ὑπ’
312 2327 412 2359 αὐτῶν,
429 2327 524 2362 ἔδησεν
540 2328 636 2359 αὐτοὺς
660 2328 770 2362 δεσμοῖς
792 2328 913 2361 ἀλύτοις,

134 2373 232 2399 στιθάσι
249 2373 397 2408 φορτισμοῦ
407 2373 454 2399 καὶ
469 2372 632 2408 σκληρότητι
643 2372 734 2399 κλοιοῦ
747 2381 754 2388 ’
767 2374 812 2399 καὶ
820 2373 914 2399 οὐκέτι

134 2415 211 2451 εἶπεν,
221 2419 285 2445 Ἐὰν
295 2419 420 2454 ποιήσῃς,
429 2418 465 2450 ὡς
474 2418 526 2454 πρὸ
539 2419 588 2453 τῆς
605 2419 778 2454 μοσχοποιὶας
792 2419 912 2454 εἴρηκεν·

135 2463 206 2497 ἀλλὰ,
223 2465 337 2501 Ποίησον
349 2465 551 2499 θυσιαστήριον,
570 2465 617 2491 καὶ
634 2464 681 2491 eos
696 2465 837 2499 διηνεκῶς·
855 2466 914 2491 ἐπι-

135 2509 239 2545 λήσμων
253 2512 306 2547 γὰρ
326 2511 460 2546 ὑπάρχεις
487 2512 534 2538 καὶ
557 2511 714 2545 ἀχάριστος,
731 2511 774 2537 ἵνα
795 2511 913 2546 συνεχῶς

137 2555 318 2593 ὲπιμιμνήσκῃ
334 2565 394 2591 μου.
409 2557 486 2582 Ἐπεὶ
501 2555 586 2590 οὖνίτῇ
603 2555 710 2590 ἐξουσίᾳ
726 2555 818 2586 κακῶς
830 2556 912 2590 ἐχρή-

139 2608 211 2628 σαντο
224 2603 248 2628 ot
262 2603 376 2634 τάλανες
390 2603 438 2629 καὶ
449 2603 617 2637 ἀγνώμονες,
644 2602 768 2636 ἀνάγκην
792 2601 911 2637 ἐπέθηκε

139 2645 223 2674 λοιπὸν
239 2648 311 2674 θύειν
334 2649 382 2675 καὶ
409 2648 560 2684 βρωμάτων
577 2647 727 2682 ἀπέχεσθαί
738 2655 837 2680 τινων,
864 2648 911 2674 καὶ

139 2691 210 2722 ζώων
221 2693 349 2729 διαφορὰς
373 2694 499 2729 καθαρῶν
519 2694 565 2720 καὶ
588 2694 748 2728 ἀκαθάρτων
769 2693 909 2725 διέστειλε,

140 2739 223 2764 καίτοι
250 2740 349 2770 παντὸς
364 2739 434 2772 (Lbet)
459 2740 579 2775 καθαροῦ
598 2740 792 2775 τυγχάνοντος·
824 2740 911 2767 πάντα

141 2783 190 2818 γὰρ
203 2784 251 2811 ὅσα
262 2785 389 2821 ἐποίησεν
401 2786 415 2812 ὁ
434 2786 499 2817 Θεὸς
514 2786 585 2812 καλὰ
599 2786 670 2814 λίαν.
680 2786 734 2812 Καὶ
744 2785 775 2820 δὴ
789 2787 836 2812 καὶ
849 2787 912 2820 ἀσο-

173 2871 195 2887 "
213 2871 279 2900 l‘sal.
295 2882 367 2906 χιιι,
386 2875 427 2903 l7.
441 2875 464 2891 "
477 2875 547 2903 Psal.
559 2867 657 2906 ι,19.”
679 2877 702 2892 ”
719 2875 727 2902 1
746 2875 810 2912 Reg.
829 2884 871 2909 xv,
884 2877 929 2903 2'2.

298 2922 431 2953 Parnou.
455 2923 510 2953 Gn.
531 2922 646 2954 CXXI.

964 2282 1065 2309 tumvis
1082 2283 1115 2309 ad
1140 2289 1201 2309 eam
1230 2282 1331 2315 lentus,
1360 2283 1474 2316 exarsit,
1501 2290 1603 2318 eosque
1629 2284 1747 2311 vinculis

966 2327 1158 2354 insolubilibus
1187 2327 1288 2362 ligavit,
1316 2328 1447 2355 oneribus
1476 2329 1605 2363 gravibus
1622 2333 1649 2356 et
1668 2329 1746 2356 dttris

966 2379 1077 2408 pressos
1109 2372 1303 2407 compedibus;
1327 2381 1425 2408 neque,
1446 2377 1475 2400 ut
1500 2377 1564 2401 ante
1591 2373 1746 2401 confectura

967 2419 1094 2451 vitulum,
1115 2419 1239 2453 permisit
1253 2419 1288 2446 iis
1299 2419 1467 2452 Sacriﬁcarc,
1485 2419 1532 2446 sed
1550 2419 1693 2453 imperavit
1708 2419 1748 2446 uti

967 2465 1044 2492 altari
1053 2464 1165 2492 condito
1176 2465 1346 2492 continenter
1354 2465 1551 2496 sacriﬁcarent,
1569 2464 1748 2499 hominesque

967 2511 1093 2538 obliviosi
1112 2511 1231 2545 alioquin
1247 2516 1275 2538 et
1289 2511 1398 2545 ingrati,
1413 2511 1449 2538 ita
1465 2510 1511 2538 Dci
1531 2514 1660 2545 perpetuo
1674 2511 1748 2538 cole-

965 2560 1026 2584 rent
1040 2557 1209 2583 memoriam.
1225 2557 1357 2589 Quoniam
1374 2557 1455 2592 igitur
1468 2557 1559 2584 miseri
1574 2557 1748 2591 obnoxioque

965 2603 1071 2637 praediti
1091 2603 1182 2630 animo
1198 2602 1285 2630 Judtci
1302 2604 1412 2631 licentia
1427 2611 1476 2631 sua
1507 2604 1578 2630 male
1607 2603 1649 2630 usi
1671 2607 1746 2634 sunt.

964 2650 1154 2677 necessitatem
1171 2649 1211 2677 eis
1227 2649 1328 2677 exinde
1345 2650 1476 2685 imposuit
1508 2649 1639 2677 Dominus
1657 2650 1746 2677 sacri-

966 2696 1102 2724 ﬁcandict
1121 2696 1190 2724 cibis
1202 2695 1366 2731 quibusdam
1392 2696 1558 2729 abstinendi,
1584 2696 1749 2724 discrimen-

966 2750 1019 2777 que
1035 2744 1198 2770 mundorum
1210 2747 1237 2770 et
1249 2742 1450 2770 itnmundorutn
1468 2743 1626 2770 animalium
1642 2742 1746 2772 statuit,

966 2795 1122 2823 quanquam
1143 2788 1235 2816 omnia
1261 2788 1387 2816 animalia
1416 2789 1516 2816 munda
1545 2789 1624 2816 sint:
1655 2787 1747 2814 omnia

967 2877 988 2893 ⁸⁸
1018 2877 1108 2903 .Exod.
1143 2885 1224 2909 xxxtt,
1246 2878 1272 2905 4.

1555 2924 1591 2952 15
