2020 3156
278 170 330 201 457

892 170 1051 199 GEORGII
1069 169 1235 198 CEDRENI

1846 171 1901 203 168

280 225 388 253 fructus
410 229 436 253 et
451 225 523 252 alere
545 231 669 259 corpora.
693 222 760 256 Quis
788 223 905 258 explicet
923 228 1054 258 quantum

1112 222 1238 256 ἀκίνητον
1249 222 1312 249 ὄντα
1329 222 1545 257 διαφθείρεσθαι,
1560 223 1703 250 πεπαίνειν
1716 223 1744 250 δὲ
1755 223 1820 256 τοὺς
1833 233 1904 260 καρ-

280 272 501 308 navigationibus
518 270 642 306 prosim?
657 275 684 298 et
700 278 794 297 eorum
809 276 943 306 tempora,
961 272 1061 306 quibus

279 317 374 344 ordine
404 316 534 351 ingruunt
550 315 673 350 aliusque
698 315 743 342 alii
767 316 878 349 cedunt,
901 316 1017 343 choreas
1033 317 1060 343 in

280 363 347 389 mari
374 362 516 393 ducentes,
545 360 646 395 aliique
673 359 756 396 428
782 369 876 389 eorum
903 362 1061 396 navigantes

278 414 332 441 quo
352 406 448 433 volunt
475 406 654 438 deducenles,
667 406 712 432 alii
736 406 921 441 excipientes?
935 407 1005 440 Quin
1033 410 1061 434 et

277 451 423 479 contrariis
449 451 606 480 incedentes
636 452 687 479 viis
718 457 799 487 atque
827 453 978 480 ministeria
1009 459 1058 480 sua

277 497 410 525 obeuntes
424 497 483 524 utili
500 497 563 525 vita:
585 502 687 525 nostra:
706 505 796 533 pugna
820 498 890 525 inter
906 506 935 526 se
964 498 1060 525 decer-

277 546 345 570 tant.
371 542 506 571 Sescenta
534 549 646 578 possent
672 545 882 572 commemorari
916 549 1058 572 ventorum

275 589 380 616 ofﬁcia:
399 590 446 617 sed
461 594 551 617 tamen
563 595 637 618 vates
656 590 698 618 his
716 591 842 618 omnibus
864 590 1058 618 enumerandis

275 634 480 669 supersedens'
508 634 669 662 facilitatem
716 635 908 662 tantummodo
957 634 1058 669 opificii

276 680 422 714 expressit.
436 679 487 712 Qui
499 680 571 707 enim
586 680 671 707 dicit:
700 680 738 707 De
761 680 896 707 thesauris
922 679 1056 714 ipsorum,

277 727 300 753 is
315 733 371 754 non
382 727 450 754 dicit
462 726 594 761 quosdam
608 733 668 754 esse
681 731 824 754 ventorum
843 726 997 758 thesauros,
1009 725 1057 753 sed

276 771 416 806 signiﬁcat
435 779 517 806 quam
535 771 614 799 facile
644 772 680 799 sit
702 772 726 799 ei
753 772 799 807 qui
821 773 943 804 mandat,
965 772 1057 799 omnia

275 825 325 851 pro
342 825 392 845 suo
409 818 522 845 arbitrio
542 818 568 845 in
586 822 710 853 promptu
725 818 845 852 Lhabere.
873 818 1058 850 Quemadmo-

276 864 339 890 dum
357 864 430 890 enim
450 871 506 891 rem
524 871 604 899 quam
620 864 647 891 in
663 864 793 891 thesauro
816 863 960 896 habemus,
980 864 1058 891 facile

275 918 307 936 ex
323 917 356 936 eo
368 911 408 937 vel
428 910 589 945 promimus,
603 910 655 942 vel,
666 911 688 937 si
701 910 788 937 visum
805 911 851 942 sit,
873 910 1055 941 recontlimus,

276 957 312 982 ita
329 956 446 983 universi
467 955 563 990 Opifex
579 956 670 983 omnia
684 956 758 983 nullo
781 956 890 990 negotio
917 956 1005 983 effecit
1025 963 1057 982 ae

274 1007 379 1029 naturte
392 1001 513 1029 tradidit.
530 1002 625 1030 Vidisti
642 1006 743 1037 quanta
755 1003 790 1030 sit
804 1003 830 1029 in
848 1010 910 1030 aere
926 1003 1055 1035 varietas,

274 1049 346 1075 sicut
363 1052 390 1075 ct
402 1048 428 1075 in
441 1056 510 1083 aqua
526 1053 552 1076 ct
566 1049 592 1075 in
620 1049 683 1083 igne
698 1049 789 1076 multae
817 1054 881 1076 sunt
897 1048 1054 1076 varietates.

273 1094 413 1128 Aquarum
429 1094 503 1120 enim
517 1094 569 1120 alia
584 1098 626 1121 est
644 1093 766 1126 fontana,
780 1094 833 1121 alia
859 1094 974 1127 marina,
1003 1094 1056 1121 alia

272 1147 362 1171 aerea,
373 1139 426 1166 alia
447 1140 474 1166 in
493 1140 609 1172 nebulis,
625 1140 677 1167 alia
693 1148 777 1175 supra
791 1140 886 1172 ctelos,
908 1141 962 1168 alia
974 1147 1056 1175 supra

273 1185 410 1219 homines,
423 1186 475 1213 alia
493 1186 565 1213 infra
583 1191 696 1218 terram,
708 1195 740 1214 ex
760 1194 812 1221 qua
829 1187 912 1214 etiam
939 1187 1056 1214 diversis

273 1231 339 1258 locis
360 1239 438 1266 aqua:
465 1231 600 1258 ebulliunt
616 1231 780 1259 mirabiliter
806 1231 841 1258 ab
856 1232 918 1266 igne
930 1231 975 1266 qui
1005 1231 1056 1259 sub

272 1282 344 1304 terra
361 1281 403 1305 est
422 1277 571 1305 calefacta).
589 1277 662 1312 ignis
680 1277 749 1304 alius
762 1277 789 1304 in
805 1276 862 1304 sole
878 1281 931 1309 est,
944 1276 1013 1303 alius
1028 1277 1054 1303 in

273 1322 348 1353 luna,
365 1323 436 1350 alius
452 1322 479 1350 in
511 1322 676 1357 fulguribus,
695 1322 764 1349 alius
785 1322 811 1348 in
829 1329 902 1354 aere,
918 1321 987 1348 alius
1008 1321 1055 1355 qui

270 1375 305 1394 cx
320 1368 403 1402 lignis
423 1375 438 1394 a
469 1368 549 1395 nobis
564 1372 591 1395 et
615 1368 735 1396 lucernis
765 1368 830 1401 exit,
853 1367 925 1395 alius
948 1367 993 1402 qui
1022 1375 1055 1394 cx

271 1419 343 1441 terra
357 1414 495 1448 erumpit:
513 1414 606 1441 multis
622 1414 695 1441 enim
709 1413 778 1440 locis
795 1420 857 1439 eum
877 1412 919 1439 edi
931 1412 1055 1439 videmus

271 1466 326 1486 non
341 1465 423 1486 secus
437 1466 518 1493 quam
538 1459 622 1486 etiam
647 1458 747 1485 fontes.
764 1458 842 1485 Alius
867 1458 937 1493 ignis
947 1462 990 1485 est
1008 1457 1054 1492 qui

273 1504 368 1531 attritu
383 1504 502 1539 lapidum
520 1504 642 1538 eiicitur,
657 1507 686 1531 et
704 1503 775 1530 alius
790 1503 838 1537 qui
863 1503 958 1530 attritu
978 1503 1054 1530 frons

1114 269 1181 300 ποὺς
1193 268 1240 295 καὶ
1255 268 1364 303 τρέφειν
1377 268 1412 294 τὰ
1428 267 1552 303 σώματα.
1561 269 1600 295 ,Τί
1623 269 1655 296 ἄν
1669 278 1711 301 τις
1725 270 1796 296 εἴποι
1808 271 1858 302 τὰς
1871 273 1902 298 ἑν

1113 314 1233 350 ναυτιλίᾳ
1251 315 1346 349 χρείας
1371 314 1472 346 αὐτῶν,
1489 315 1536 341 καὶ
1550 316 1614 346 τοὺς
1631 315 1743 350 καιροὺς
1763 313 1804 348 οἷς
1821 315 1901 343 τετα-

1112 362 1220 396 γμένως
1237 361 1396 395 ἐφίστανται
1407 361 1455 387 καὶ
1473 361 1682 396 παραχωροῦσιν
1700 362 1834 397 ἀλλήλοις,
1852 371 1901 397 χο-

1114 407 1236 442 ρεύοντες
1254 407 1283 432 ἐν
1297 406 1335 441 τῷ
1348 406 1460 441 πελάγει
1475 408 1522 433 καὶ
1533 406 1576 443 [Ρ.
1592 407 1656 443 244]
1671 408 1735 440 τοὺς
1748 409 1902 443 πλωτῆρας

1111 450 1328 483 διαϐιϐάζοντες;
1349 450 1405 477 Kal.
1427 452 1441 477 6
1465 451 1515 484 μὲν
1529 451 1720 486 παρέπεμψεν,
1743 452 1758 478 6
1773 452 1801 478 δὲ
1816 452 1902 478 διεδέ-

1111 497 1186 530 ξατο.
1199 496 1255 523 Καὶ
1286 497 1409 528 ἐναντίας
1431 497 1577 524 ὁδευόντων
1590 498 1666 528 ὁδοὺς
1684 498 1731 524 καὶ
1745 498 1902 525 διακονούν-

1111 544 1190 578 τωνή
1208 543 1281 578 μάχη
1294 543 1382 570 αὐτῶν
1398 543 1482 570 πάλιν
1499 544 1537 577 τῷ
1555 544 1604 579 βίῳ
1623 544 1728 578 γίνεται
1750 545 1899 580 χρήσιμος.

1111 589 1165 614 Καὶ
1189 589 1274 624 μυρία
1301 590 1333 616 ἂν
1348 597 1390 621 τις
1418 590 1489 616 εῐποι
1512 590 1567 616 τῶν
1590 590 1698 624 ἀνέμων
1722 589 1801 625 ἔργα.
1827 590 1901 616 Ἀλλ’

1109 635 1183 670 ὅμως
1202 635 1290 662 πάντα
1308 635 1396 662 ταῦτα
1422 635 1612 671 παραδραμὼν
1639 637 1653 662 ό
1680 637 1825 670 προφήτης
1852 636 1902 662 καὶ

1110 680 1267 706 καταλιπὼν
1290 681 1481 714 ἀναλέγεσθαι,
1501 681 1568 707 αὐτὸ
1593 681 1674 716 μόνον
1694 681 1745 716 τὴν
1771 681 1902 707 εὐκολίαν

1109 726 1157 760 τῆς
1167 725 1347 760 δημιουργίας
1360 727 1525 761 παρέστησε.
1543 727 1579 752 T6
1598 726 1652 762 γὰρ
1670 727 1769 758 εἰπεῖν,
1779 725 1830 753 Ἐκ
1847 726 1901 760 Θη-

1111 771 1218 806 σαυρῶν
1233 771 1332 804 αὐτῶν,
1343 772 1374 798 οὐ
1387 772 1466 798 τοῦτο
1476 772 1619 807 δηλοῦν-τός
1635 772 1719 803 ἐστιν,
1736 772 1776 798 ὅτι
1792 772 1902 806 θησαυ-

1111 816 1231 851 ροετινές
1247 818 1318 844 εἰσιν
1332 818 1452 852 ἀνέμων,
1467 818 1535 844 αλλὰ
1546 818 1596 852 τὴν
1616 817 1741 845 εὐκολίαν
1763 816 1810 844 τοῦ
1835 818 1902 844 ἑπι-

1109 863 1252 894 τάττοντος
1275 863 1322 889 καὶ
1346 863 1377 889 τὸ
1412 863 1521 896 ἕτοιμον
1544 863 1592 898 τῆς
1609 862 1708 897 βουλῆς
1744 863 1792 890 καὶ
1820 871 1902 898 παρ-

1109 908 1322 943 εσκευασμένον.
1339 908 1444 944 Ὥσπερ
1457 909 1511 943 γὰρ
1527 910 1541 935 6
1553 909 1621 944 ἔχων
1630 910 1658 935 ὲν
1678 908 1808 944 θησαυρῷ
1827 909 1903 943 μετα

1109 954 1201 986 ἁδείας
1217 954 1308 989 ἐξάγει
1323 955 1424 987 πάντα,
1439 955 1486 981 καὶ
1507 955 1552 981 ὅτε
1586 954 1709 988 βούλεται
1730 954 1812 980 πάλιν
1839 955 1901 980 εισ-

1108 1000 1181 1035 άγει,
1191 1001 1275 1032 οὕτως
1289 1002 1302 1027 6
1317 1000 1364 1027 τοῦ
1385 1001 1485 1032 παντὸς
1498 1000 1670 1035 Δημιουργὸς
1682 1001 1769 1026 πάντα
1777 1000 1901 1031 εὐκιὶλως

1108 1045 1219 1080 ἐποίησε
1231 1046 1278 1072 καὶ
1291 1047 1324 1081 τῇ
1343 1045 1426 1079 φύσει
1438 1046 1608 1081 παρέδωκεν.
1624 1044 1700 1077 Εἶδες
1716 1047 1764 1072 καὶ
1779 1046 1853 1079 πόση
1869 1047 1900 1073 ἐν

1107 1090 1169 1124 ἀέρι
1182 1090 1310 1125 διαφορὰ.
1328 1091 1455 1126 καθάπερ
1477 1091 1526 1117 καὶ
1555 1091 1584 1117 ἐν
1601 1091 1670 1126 πυρὶ
1691 1091 1737 1117 καὶ
1759 1092 1788 1118 ἑν
1818 1091 1900 1117 ὕδατι

1107 1136 1202 1162 πολλαὶ
1213 1136 1370 1167 ἐναλλαγαξ.
1391 1137 1446 1163 Καὶ
1463 1136 1519 1172 γὰρ
1532 1135 1578 1162 τοῦ
1599 1135 1694 1168 ὓδατος
1714 1137 1744 1162 τὸ
1759 1136 1809 1171 μέν
1836 1137 1900 1163 ἐστι

1107 1183 1234 1217 πηγαῖον,
1252 1182 1282 1208 τὺ
1296 1182 1324 1208 δὲ
1338 1182 1491 1214 θαλάττιον,
1504 1182 1534 1208 τὸ
1553 1182 1581 1208 δὲ
1598 1182 1744 1216 ἁέριον,τὸ
1754 1183 1783 1208 δὲ
1801 1183 1832 1208 ἐν
1853 1191 1901 1209 νε-

1107 1228 1212 1262 φέλαις,
1226 1228 1257 1254 τὸ
1276 1228 1304 1254 δὲ
1316 1228 1521 1263 ὐπερουράνιον,
1537 1227 1567 1254 τδ
1579 1227 1608 1254 δὲ
1623 1228 1753 1263 ὑπεράνω
1769 1228 1826 1254 τῶν
1849 1229 1901 1254 ἀν-

1107 1273 1233 1308 θρώπων,
1249 1273 1278 1300 τὸ
1293 1273 1320 1299 δὲ
1334 1273 1470 1308 ὑπόγειον,
1486 1273 1534 1307 ἀφ’
1552 1268 1582 1299 οὗ
1600 1273 1689 1299 καὶτὰ
1705 1273 1795 1308 θερμὰ
1812 1273 1900 1300 ὕδατα

1107 1319 1136 1346 ἐν
1165 1319 1304 1353 διαφόροις
1331 1319 1425 1350 τόποις
1446 1319 1603 1353 ἀνάγονται,
1630 1320 1674 1346 διὰ
1695 1320 1741 1347 τοῦ
1764 1321 1900 1354 ὑπογεεου

1106 1365 1191 1398 πυρὸς
1211 1365 1398 1400 θερμανθέντα
1423 1365 1594 1400 παραδόξως.
1614 1366 1669 1392 Καὶ
1695 1366 1741 1392 τοῦ
1762 1367 1851 1401 πυρὸς
1869 1367 1900 1393 τὸ

1108 1410 1156 1445 μὲν
1169 1412 1241 1438 ἐστιν
1257 1412 1285 1437 ὲν
1303 1412 1382 1446 ἡλίῳ,
1395 1412 1424 1438 τὸ
1436 1411 1464 1438 δὲ
1479 1411 1508 1437 ἐν
1525 1411 1634 1446 σελήνῃ,
1649 1411 1680 1438 τδ
1703 1411 1731 1438 δὲ
1745 1413 1775 1438 ὲν
1789 1413 1900 1447 ἀστρα-

1105 1457 1180 1488 παῖς,
1203 1457 1232 1483 τὸ
1255 1457 1284 1483 δὲ
1313 1457 1447 1491 ἐναέριον,
1475 1457 1506 1483 τδ
1535 1457 1563 1483 δὲ
1585 1458 1640 1483 ἀπὸ
1665 1457 1762 1489 ξύλων,
1780 1459 1811 1484 τὸ
1827 1460 1898 1494 περὶ

1106 1502 1180 1536 ἡμᾶς
1196 1502 1242 1528 καὶ
1253 1502 1284 1528 τὸ
1302 1502 1439 1537 λυχναῖον,
1454 1502 1484 1528 τὸ
1498 1502 1525 1528 δὲ
1541 1502 1595 1529 ἀπὸ
1621 1502 1673 1537 γῆς
1689 1502 1747 1537 (καὶ
1765 1503 1820 1538 γὰρ
1835 1504 1899 1531 ἐστι

271 1549 345 1577 dium
357 1550 552 1582 arhorearum;
574 1549 643 1576 alius
667 1549 696 1576 in
713 1548 874 1576 fulminibus
891 1556 924 1576 ex
943 1548 1053 1581 :cthere,

1107 1547 1240 1583 πολλαχοῦ
1271 1548 1302 1574 τὸ
1324 1548 1430 1574 τοιοῦτο
1447 1548 1501 1574 ἀπὸ
1532 1547 1584 1582 γῆς
1612 1548 1802 1583 ἀναδιδόμενον
1817 1549 1897 1582 ἰδεῖν,

272 1595 344 1622 alius
356 1603 388 1622 ex
408 1602 478 1629 aqua
496 1599 523 1622 et
544 1595 624 1622 vltris
643 1594 868 1630 pellucidissimis
885 1602 917 1621 ac
936 1595 1053 1629 purissi-

271 1639 324 1666 mis
347 1637 431 1674 429
450 1639 562 1666 exsilire
587 1639 668 1666 solet.
698 1639 744 1666 Sic
759 1643 786 1666 et
810 1639 882 1674 quod
903 1639 935 1666 ad
962 1647 1053 1666 aerem

272 1683 378 1714 attinet,
394 1684 466 1711 alius
491 1687 534 1710 est
549 1684 679 1716 crassior,
702 1684 750 1719 qui
780 1692 831 1712 nos
859 1684 956 1716 ambit,
975 1684 1054 1719 isque

272 1728 460 1762 corruptionis
472 1736 554 1756 causa
568 1732 610 1756 est
626 1734 653 1756 et
668 1731 816 1757 multorum
833 1729 1053 1765 periculosorum

272 1774 448 1806 morborum;
470 1774 541 1801 alius
557 1775 676 1808 tenuior,
690 1775 738 1810 qui
760 1775 923 1810 corporibus
953 1775 1052 1802 bonam

272 1819 429 1854 temperiem
447 1825 474 1847 et
490 1819 645 1847 firmitatem
664 1820 809 1854 conciliat;
827 1821 896 1848 alius
911 1821 1012 1848 siccior
1027 1823 1053 1847 et

270 1865 410 1894 fervidior.
418 1865 463 1893 Sic
470 1870 497 1893 et
508 1872 649 1894 ventorum
659 1871 724 1893 sunt
734 1866 892 1894 diﬂ‘erentiae
901 1867 1052 1894 secundum

269 1911 440 1944 tenuitatem,
462 1912 628 1944 erassitiem,
649 1912 749 1947 frigus,
772 1912 933 1945 siccitatem,
965 1912 1054 1939 humi—

271 1957 396 1989 ditatem,
406 1957 584 1985 caliditatcm.
598 1958 692 1992 Itaque
706 1963 781 1986 vates
797 1965 857 1985 cum
875 1958 901 1984 in
918 1958 1052 1984 inexhau-

269 2005 339 2028 stam
357 2006 397 2028 tot
413 2005 608 2037 tantorumque
628 2001 674 2029 Dei
704 2003 900 2030 beneficiorum
922 2003 1052 2038 abyssum

270 2044 414 2072 incidisset
437 2048 715 2078 commemorandam,
747 2047 846 2080 quibus
862 2046 908 2074 Dei
932 2048 1052 2082 potentia

269 2095 351 2125 atque
367 2091 502 2126 sapientia
519 2092 733 2124 demonstratur,
757 2093 908 2128 vidensque
935 2094 1052 2121 immen-

269 2144 329 2164 sum
345 2144 374 2164 se
389 2144 464 2164 mare
480 2137 644 2172 ingressum,
656 2138 763 2166 resiluit
773 2139 824 2166 hac
835 2146 898 2165 cum
914 2139 1053 2166 exclama-

269 2182 370 2210 tione:
413 2183 683 2218 Magnificentissima
717 2188 781 2212 sunt
817 2189 882 2218 tua,
920 2185 1048 2218 Domine,

1106 1593 1200 1629 ὥσπερ
1213 1595 1240 1621 al
1249 1594 1336 1630 πηγαὶ
1351 1595 1404 1621 τῶν
1425 1594 1549 1629 ὑδάτων),
1566 1594 1595 1620 τὸ
1607 1594 1635 1621 δὲ
1651 1595 1680 1620 ὲν
1693 1594 1778 1626 λίθοις
1801 1603 1898 1630 παραυ

1105 1639 1287 1674 τριϐομένοις,
1317 1636 1348 1666 θ)
1372 1640 1399 1666 δὲ
1420 1640 1449 1666 ἐν
1467 1639 1567 1675 κόμαις
1583 1639 1698 1675 δένδρων
1724 1641 1772 1667 καὶ
1801 1641 1899 1668 αὐτῶν

1105 1685 1360 1720 παρατριϐομένων,
1380 1686 1411 1712 τὸ
1426 1686 1453 1712 δὲ
1465 1687 1494 1713 ὲν
1506 1688 1647 1722 κεραυνοῖς
1660 1688 1691 1714 ὲκ
1707 1688 1754 1714 τοῦ
1770 1688 1898 1725 αἰθέρος,

1105 1729 1134 1756 τὺ
1146 1730 1173 1756 δὲ
1189 1730 1219 1762 ἐξ
1233 1730 1337 1757 ὑδάτων
1353 1732 1399 1758 καὶ
1412 1731 1496 1758 ὑὲλων
1512 1733 1714 1766 διαυγεστάτων
1734 1735 1782 1760 καὶ
1800 1734 1896 1760 καθα-

1105 1775 1233 1810 ρωτάτων
1244 1775 1403 1808 ἐξάλλεσθαι
1426 1777 1559 1810 πέφυκεν.
1577 1777 1655 1804 Οὕτω
1669 1778 1697 1804 δὲ
1713 1779 1760 1805 καὶ
1784 1779 1814 1805 ὲν
1829 1780 1897 1814 ἀέρι

1106 1820 1185 1846 πάλιν
1200 1822 1213 1846 6
1230 1821 1279 1856 μέν
1291 1822 1348 1848 ἐστι
1364 1821 1515 1856 παχύτερος
1527 1823 1541 1848 6
1556 1823 1620 1857 περὶ
1635 1823 1709 1858 ἡμᾶς
1729 1824 1777 1850 καὶ
1791 1824 1897 1860 φθορο-

1106 1865 1181 1896 ποιδς
1194 1865 1241 1892 καὶ
1255 1865 1340 1892 νόσων
1368 1866 1500 1893 ποικίλων
1523 1866 1703 1894 ἑπικινδύνων
1718 1868 1804 1900 αἴτιος
1818 1870 1851 1897 ,ὁ
1869 1869 1897 1896 δὲ

1104 1910 1267 1945 λεπτότερος
1287 1911 1336 1937 καὶ
1353 1911 1486 1944 σωμάτων
1499 1911 1647 1946 εὐκρασίας
1669 1912 1717 1938 καὶ
1739 1913 1898 1948 εὐρωστίας

1104 1955 1244 1990 πρόξενος,
1255 1956 1270 1981 6
1288 1955 1316 1982 δὲ
1333 1956 1462 1991 αὑότερος
1477 1957 1524 1983 καὶ
1546 1957 1760 1992 πυρωδέστερος,
1780 1959 1896 1994 Ὠσπερ

1105 2001 1152 2027 καὶ
1173 2001 1226 2027 τῶν
1253 2001 1362 2035 ἀνέμων
1380 2001 1475 2027 πολλαὶ
1499 2001 1643 2036 διαφοραί·
1663 2003 1676 2029 6
1693 2003 1741 2037 μὲν
1756 2004 1812 2039 γάρ
1823 2006 1895 2039 ,ἐστι

1104 2046 1264 2082 λεπτότερος
1279 2047 1293 2072 6
1305 2047 1333 2072 δὲ
1352 2046 1516 2082 παχύτερος,
1540 2048 1554 2073 6
1569 2048 1617 2081 μὲν
1632 2048 1811 2084 ψυχρότερος.
1833 2052 1850 2077 6
1867 2052 1894 2078 δὲ

1105 2091 1259 2127 ξηρότερος,
1277 2093 1291 2118 6
1309 2092 1358 2127 μὲν
1380 2092 1524 2127 ὑγρότερος
1540 2093 1554 2118 6
1569 2093 1597 2119 δὲ
1611 2093 1785 2129 θερμότερος.
1805 2095 1895 2122 Ὅθεν

1104 2136 1150 2164 οὖν
1163 2139 1176 2164 ὁ
1187 2138 1327 2172 προφήτης
1350 2137 1478 2172 ἐμπεσὼν
1493 2138 1533 2170 εις
1544 2137 1593 2173 τὴν
1610 2138 1727 2165 ἄϐυσσον
1741 2139 1796 2165 τῶν
1810 2141 1894 2177 εὐερ-

1103 2183 1267 2217 γετημάτων
1281 2182 1380 2209 τούτων
1405 2183 1450 2209 καὶ
1467 2183 1519 2209 τῶν
1541 2184 1670 2210 τοιούτων
1681 2203 1688 2215 ,
1707 2184 1736 2210 ὲν
1751 2181 1791 2215 οἷς
1813 2187 1829 2221 ἡ
1845 2187 1894 2213 τοῦ

268 2235 365 2262 opera:
385 2229 525 2263 sapienter
538 2229 630 2256 omnia
644 2229 744 2262 fecisti,
758 2231 947 2266 sapientiaque
959 2232 1049 2259 omnia

1107 2226 1170 2253 Ε)εοῦ
1184 2227 1298 2262 δύναμις
1314 2227 1360 2253 καὶ
1374 2227 1455 2262 σοφία
1469 2226 1615 2260 δείκνυται,
1629 2228 1676 2254 καὶ
1692 2227 1754 2254 ἰδὼν
1764 2229 1796 2254 τὸ
1808 2230 1895 2256 πέλα-

267 2278 293 2300 et
310 2274 430 2302 animata
448 2271 642 2302 et‘inanimata
660 2275 818 2311 implevisti.

303 2404 366 2432 'I‘ito
386 2405 521 2432 successit
538 2404 563 2431 in
575 2404 718 2439 imperium
733 2405 817 2432 frater
839 2406 899 2439 ejus
918 2406 1050 2435 Domitia-

266 2460 330 2484 nus,
349 2451 431 2485 idque
451 2450 538 2477 tenuit
555 2457 644 2477 annos
669 2449 712 2482 i5,
730 2457 838 2478 menses
856 2450 899 2478 Η.
922 2451 1002 2486 Isque
1023 2452 1050 2480 in

267 2498 368 2532 templo
382 2497 475 2524 Roma:
489 2500 532 2523 est
550 2495 712 2523 interfectus
736 2496 844 2523 insidiis
859 2504 917 2523 suae
945 2498 1049 2525 uxoris.

267 2542 359 2577 Neque
375 2542 460 2576 patris
477 2541 520 2568 hic
536 2548 625 2576 neque
642 2539 736 2568 fratris
758 2544 878 2569 sectatus
893 2547 935 2569 est
948 2551 1049 2575 mores,

269 2589 315 2615 sed
331 2593 428 2616 contra
444 2587 546 2615 Tiberii
562 2595 594 2614 ac
611 2587 728 2614 Neronis
744 2587 845 2615 scelera
861 2588 983 2616 imitatus
999 2595 1050 2616 est.

268 2633 336 2660 Cum
348 2641 378 2660 se
392 2634 467 2660 omni
487 2640 586 2668 genere
602 2632 773 2668 flagitiorum
788 2632 1053 2669 homicidiormnque

269 2683 297 2706 et
312 2679 426 2706 libidine
440 2679 468 2706 in
492 2686 582 2707 mares
599 2679 770 2714 feminasque
791 2679 875 2707 effusa
897 2679 1049 2713 polluisset,

268 2725 379 2752 tandem
399 2725 481 2752 homo
494 2732 508 2751 a
526 2724 580 2752 Deo
597 2724 703 2752 alienus
719 2724 800 2751 deum
817 2732 846 2752 se
857 2725 946 2760 ipsum
962 2725 1052 2760 appel-

1102 2281 1148 2306 γος
1158 2272 1265 2307 ἀχανὲς,
1279 2272 1437 2308 ἀπεπήδησε
1451 2273 1644 2308 μέγαιβοήσαςα
1658 2274 1702 2304 Ὠς
1715 2275 1894 2311 ἑμεγαλύνθη

1102 2318 1136 2343 τὰ
1152 2317 1220 2352 ἔργα
1235 2325 1291 2350 σου⁹
1308 2316 1394 2352 Κύριε
1406 2324 1414 2332 ·
1431 2318 1518 2343 πάντα
1533 2318 1561 2344 ὲν
1573 2319 1655 2355 σοφίᾳ
1679 2320 1824 2354 ἐποίησας,
1842 2323 1893 2348 καὶ

1103 2363 1197 2396 metu;
1213 2362 1363 2398 ἐνέπλησας
1382 2363 1417 2389 τά
1432 2371 1461 2389 τε
1476 2363 1586 2399 ἔμψυχα
1607 2365 1700 2392 καὶτὰ
1714 2366 1817 2402 ἀψυχα.

1138 2407 1215 2433 Μετὰ
1229 2407 1258 2434 δὲ
1275 2406 1352 2434 Τῖτον
1375 2408 1535 2434 ἐϐασίλευσε
1558 2411 1720 2443 Δομετιανὸς
1739 2412 1753 2437 6
1774 2411 1892 2446 ἁδελφὸς

1103 2452 1186 2479 αὑτοῦ
1200 2453 1247 2488 ἐτη
1266 2452 1295 2479 ιε’
1311 2453 1397 2488 μῆνας
1412 2452 1456 2486 ια’,
1467 2454 1512 2480 καὶ
1527 2455 1632 2490 ἐσφάγη
1649 2456 1678 2482 ὲν
1693 2456 1730 2491 τῷ
1750 2457 1807 2492 ναῷ
1822 2457 1892 2484 Ῥῶ-

1106 2509 1160 2535 μης
1173 2500 1233 2527 κατ’
1253 2500 1397 2535 ἐπιϐουλὴν
1412 2501 1462 2535 τῆς
1483 2501 1580 2528 ἑαυτοῦ
1602 2503 1740 2536 γυναικός.
1760 2504 1891 2538 Διάδοχος

1105 2546 1159 2580 γὰρ
1174 2546 1317 2580 γενόμενος
1335 2546 1382 2572 τοῦ
1394 2546 1509 2580 ἀδελφοῦ
1525 2547 1555 2572 οὺ
1568 2548 1617 2582 τὴν
1633 2549 1771 2583 πατρικήν
1786 2558 1816 2576 τε
1841 2550 1890 2576 καί

1105 2592 1252 2627 ἀδελφικὴν
1267 2591 1401 2627 ἐζήλωσεν
1417 2593 1649 2628 ἀριστοπυλιτείαν
1667 2593 1735 2629 (50),
1753 2595 1823 2622 ἀλλὰ
1839 2595 1890 2630 τὴν

1104 2637 1151 2663 τοῦ
1167 2637 1291 2671 Τιϐερίου
1305 2638 1350 2663 καὶ
1360 2637 1486 2672 Νέρωνος
1500 2639 1672 2672 ἀνοςιεργίαν
1683 2640 1715 2665 ἐκ
1729 2639 1890 2676 διαμέτρου.

1105 2683 1160 2708 Καὶ
1179 2682 1210 2717 δὴ
1224 2683 1277 2708 πᾶν
1286 2680 1356 2714 εἶδος
1368 2683 1467 2713 κακίας
1483 2684 1614 2717 ἐπελθὼν,
1634 2686 1790 2719 μιαιφονίας
1800 2694 1830 2713 τε
1841 2688 1890 2713 καὶ

1105 2729 1318 2763 γυναικομανίας
1342 2728 1399 2764 ἅμα
1417 2729 1463 2755 καὶ
1486 2729 1666 2764 ἀνδρομανίας
1685 2732 1828 2764 ἀνάπλεως
1842 2741 1890 2766 γε·

844 2782 1020 2810 XYLANDRl
1038 2783 1080 2810 ΕΤ
1097 2784 1202 2812 GUARI
1216 2785 1329 2813 ΝΟΤιΕ.

305 2830 360 2865 (50)
380 2830 502 2871 Equam
518 2830 622 2871 imperii
648 2830 734 2871 legem
752 2834 777 2857 et
803 2830 939 2858 laudatam
968 2831 994 2858 in
1014 2832 1227 2860 administranda
1249 2833 1383 2868 republica
1413 2832 1548 2861 solertiam
1565 2854 1571 2865 ,
1602 2842 1620 2869 Ρ
1640 2836 1691 2862 tiu:
1723 2845 1802 2870 quam
1831 2837 1886 2871 pri-

268 2871 345 2893 vatos
361 2873 462 2899 mores,
477 2865 520 2893 hic
533 2865 651 2900 inspice.
664 2866 746 2891 Gosn.
