2020 3156
270 162 322 194 471

879 162 1040 192 GEORGII
1057 162 1225 192 CEDRENI

1839 158 1892 190 472

273 221 444 256 scorpiorum
462 220 574 254 expulit,
589 227 622 246 ne
638 219 681 246 cui
699 226 780 254 porro
795 219 896 246 homini
914 224 1053 248 nocerent.

1107 219 1216 254 ἐποίησε
1245 217 1342 250 ταῦτα,
1363 217 1534 252 φυγαδεύσας
1549 216 1581 243 τδ
1612 215 1713 250 πλῆθος
1732 214 1786 242 τῶν
1803 215 1894 250 ὄφεων

273 264 411 300 Equorum
429 265 510 292 etiam
527 264 553 290 in
570 264 752 291 conventibus
769 265 923 300 principum
941 265 1054 292 confuse

273 311 462 339 ferocientium
489 309 677 344 intemperiem
697 310 853 338 refrenavit.
882 311 953 338 Idem
972 312 1006 338 ab
1023 319 1056 338 eo

273 357 435 388 Antiochiaz,
451 362 512 383 cum
533 362 566 382 eo
578 355 707 388 venisset,
721 356 897 391 efﬂagitatum
921 361 973 385 est.
987 358 1054 384 Cum

273 401 344 427 enim
356 399 554 427 Antiochenses
570 407 585 426 ει
598 400 715 434 scorpiis
731 405 758 428 et
787 401 921 429 culicibus
946 401 1056 429 divexa-

272 450 489 477 remunareum
510 445 568 479 ipse
594 446 732 480 scorpium
760 445 897 479 conﬂavit,
922 454 1057 482 supraque

272 498 333 516 enm
347 490 374 517 in
388 493 461 517 terra
478 490 632 525 depositum
647 496 831 526 parvaerecta
855 493 980 520 columna
1008 501 1056 528 po-

273 536 335 568 pulo
348 536 433 570 jussit
459 541 488 563 ut
504 537 625 564 calamos
652 541 800 572 gestarent,
831 545 932 572 perque
962 538 1055 565 urbem

272 581 432 612 circuirent.
463 585 489 608 et
507 582 627 609 ealamos
644 583 833 610 concutientes
860 583 1054 614 inclamarent.
1070 582 1076 585 ’

275 625 357 653 Vacet
382 626 448 654 urbs
473 627 617 654 culicibus.
637 626 718 662 432
734 627 773 655 Eo
800 627 881 655 modo
903 631 930 655 et
955 628 1056 662 scorpii

271 677 298 699 et
311 673 413 700 culices
428 680 503 700 eaex
523 673 590 700 urbe
615 674 748 708 proﬂigati
777 679 850 701 sunt.
877 673 945 701 Cum
965 678 1055 701 autem

273 721 410 751 peteretur
420 718 454 745 ab
469 725 501 746 eo
519 722 548 745 ut
562 722 643 746 terrze
661 722 751 746 motus
775 719 875 753 quibus
902 719 1058 754 afﬂigebat]-

273 765 318 788 tur
336 766 479 796 averteret,
496 763 678 799 ingemiscens
692 763 720 790 in
747 764 845 791 tabulis
872 764 909 790 ita
928 764 1055 798 scripsit:

275 808 320 836 Vae
337 809 396 842 tibi,
415 809 514 837 misera
529 810 604 841 urbs.
621 811 750 846 quoniam
761 815 841 838 terra:
853 811 972 839 motibus
987 811 1057 838 mul-

272 854 309 881 tis
332 853 522 890 incendiisque
552 856 746 891 prosterneris,
774 861 856 891 teque
880 855 997 883 Orontes
1023 856 1055 882 ad

273 898 348 933 ripas
360 906 425 927 suas
452 899 570 928 deﬂebit.
596 899 633 928 De
668 901 720 928 hoc
750 909 865 936 magnus
893 901 1057 928 Anastasius

274 943 421 979 'l'heopolis
445 945 592 980 episcopus
623 946 661 973 ita
692 946 996 979 scribitzuuibusdam
1030 947 1056 973 in

274 989 341 1016 locis
356 989 388 1016 ad
403 990 475 1018 hunc
492 998 578 1025 usque
592 990 663 1018 diem
680 991 816 1026 Apollonii
843 998 925 1026 opera
946 994 1018 1018 stant
1031 994 1058 1018 et

274 1042 352 1062 suam
372 1035 472 1063 habent
498 1035 697 1069 clIicacitatem,
710 1036 763 1063 alia
788 1036 1010 1072 quadrupedibus
1026 1043 1058 1063 ac

272 1081 431 1110 volucribus
464 1082 606 1110 damnosis
625 1083 792 1115 avertendis,
824 1083 875 1110 alia
903 1083 935 1110 ad
956 1083 1058 1110 inordi-

273 1130 352 1155 natos
365 1127 484 1154 amnium
495 1135 630 1155 excursus
647 1128 821 1160 inhibendos,
836 1128 888 1156 alia
900 1128 962 1156 aliis
977 1128 1058 1155 rebus

274 1180 335 1206 quze
364 1172 523 1200 hominibus
553 1173 746 1200 detrimentum
776 1172 890 1201 afferent
919 1173 1056 1201 arcendis.

272 1217 365 1252 Neque
379 1226 412 1245 eo
427 1222 532 1246 tantum
549 1219 611 1246 vivo
640 1220 777 1247 daemones
792 1227 840 1254 per
867 1220 957 1254 ipsum
975 1224 1014 1247 tot
1026 1227 1058 1247 ac

273 1262 338 1290 talia
355 1267 480 1298 egerunt,
497 1264 545 1292 sed
560 1264 620 1299 ipso
638 1265 719 1292 etiam
735 1269 844 1292 mortuo
857 1265 890 1292 ad
907 1265 1058 1293 monimen-

273 1313 331 1335 tum
356 1310 416 1344 ejus
443 1314 697 1345 perseveraverunt,
723 1314 805 1345 atque
832 1311 919 1345 ipsius
948 1311 1058 1339 nomine

272 1354 403 1381 miracula
427 1355 549 1388 quaedam
569 1354 712 1382 ediderunt
729 1355 762 1382 ad
791 1355 980 1390 decipiendum
1007 1356 1058 1382 mi-

273 1408 351 1429 seros
374 1401 509 1432 homines.
528 1401 574 1435 qui
603 1400 682 1428 facile
711 1401 867 1436 hujusmodi
890 1401 972 1428 rebus
988 1409 1017 1428 se
1042 1408 1058 1428 a

273 1446 381 1473 diabolo
393 1446 421 1473 in
447 1445 570 1474 fraudem
590 1446 683 1473 induci
712 1448 862 1481 patiuntur.
887 1445 958 1478 Quid
984 1446 1057 1474 cnim

273 1491 361 1518 dicam
382 1491 416 1518 de
427 1491 603 1520 Mancthonis
628 1492 741 1527 magicis
757 1493 910 1527 operibus?
923 1492 969 1527 qui
995 1496 1057 1519 tan-

273 1543 317 1565 tus
338 1538 389 1565 fuit
408 1538 522 1565 istarum
543 1539 755 1573 imposturarnm
770 1538 878 1570 artifex,
907 1543 935 1565 ut
951 1546 1057 1573 semper

273 1585 362 1618 palam
391 1584 565 1618 Apollonium
586 1585 701 1612 irriserit
718 1588 747 1611 ut
762 1592 816 1611 non
832 1584 952 1620 perfecta
975 1585 1058 1618 hujus

272 1631 404 1658 doctrinae
413 1631 507 1665 peritia
517 1631 681 1658 instructum
693 1640 699 1658 :
710 1630 859 1665 Oportebat
866 1629 947 1662 enim,
957 1625 1057 1662 aiebat,

272 1683 347 1709 eum,
377 1676 459 1703 sicuti
474 1683 525 1710 ego
544 1676 631 1707 soleo,
647 1675 714 1703 solis
733 1675 824 1703 verbis
843 1675 973 1710 perlicere
998 1683 1059 1710 qua:

272 1721 364 1753 vellet,
389 1729 443 1748 non
469 1729 582 1756 operum
602 1721 792 1749 «affectionibus
818 1721 852 1748 ad
872 1728 903 1748 ea
917 1721 966 1748 uti.
996 1721 1058 1748 Haec

274 1772 364 1795 autem
378 1768 470 1794 omnia
484 1767 530 1794 Dei
547 1767 683 1802 permissu
693 1770 720 1794 et
735 1774 888 1794 cantionum
901 1766 1058 1794 eﬂicacitate

275 1815 355 1847 tiunl,
376 1818 405 1840 ut
419 1814 577 1848 hujusmodi
593 1814 675 1841 rebus
702 1821 765 1841 vera
784 1817 876 1841 nostra
903 1813 1058 1847 exploretur

273 1861 351 1892 ﬁdes,
370 1860 482 1887 firmane
499 1867 530 1887 ea
546 1860 581 1887 sit
596 1863 623 1886 et
640 1859 692 1886 fixa
721 1859 891 1895 Dominoque
911 1858 991 1894 433
1007 1858 1057 1885 ad-

273 1908 389 1939 haerens,
406 1913 495 1940 neque
519 1905 552 1933 ab
571 1913 604 1933 eo
629 1913 658 1933 se
688 1905 765 1933 avelli
792 1905 887 1933 sinens
913 1899 1056 1940 praestigiis

272 1953 335 1982 istis
351 1960 382 1980 ac
397 1951 540 1979 diabolicis
555 1951 698 1987 prodigiis,
714 1959 775 1987 quze
799 1951 952 1979 ministerio
965 1958 1058 1978 servo-

272 2007 333 2025 rum
351 1998 531 2033 improbitatis
552 1998 680 2026 eduntur.
696 1997 800 2032 Quippe
812 1997 894 2024 etiam
912 1996 958 2023 Dei
987 2003 1056 2030 prae-

273 2048 396 2071 texentes
411 2051 509 2071 nomen
521 2043 792 2071 nonuullivaticinati
820 2047 894 2072 sunt.
916 2047 945 2069 ut
962 2041 1056 2068 Balaa-

274 2097 347 2122 tuus,
370 2089 470 2116 Saulus
485 2093 512 2116 ct
528 2088 674 2123 Caiaphas.
695 2088 747 2114 Alii
763 2088 848 2115 malos
867 2087 962 2123 genios
992 2087 1056 2114 abe-

273 2140 382 2171 gerunt,
399 2135 525 2163 utJudas
538 2138 565 2163 et
590 2135 637 2162 lilii
664 2134 766 2162 Scevae.
785 2134 822 2161 lla
853 2135 938 2169 gratia
964 2133 1054 2161 divina

272 2182 353 2209 etiam
369 2189 417 2216 per
436 2181 561 2214 indignos
572 2179 719 2215 aliquando
733 2184 861 2214 operatur
877 2183 906 2206 ut
933 2178 994 2204 aliis
1009 2178 1056 2205 be-

1107 266 1153 291 καὶ
1169 264 1306 299 σκορπίων
1328 264 1360 290 ἐκ
1379 263 1426 298 τῆς
1442 263 1556 294 πόλεως,
1581 261 1651 288 ὥστε
1675 260 1712 296 μὴ
1739 260 1894 288 ἀδικεῖσθαι

1108 309 1154 336 ὑπ’
1170 308 1260 336 αὐτῶν
1271 309 1334 339 τοὺς
1349 307 1518 343 ἀνθρώπους,
1536 307 1583 333 καὶ
1593 306 1647 333 τῶν
1657 306 1748 333 ἵππων
1763 307 1815 340 τὴν
1825 313 1895 333 ατα-

1109 357 1166 389 ξξαν
1183 355 1339 391 χαλινώσας
1349 357 1378 382 ἐν
1399 356 1459 386 ταῖς
1474 355 1646 382 συνελεύσεσι
1667 354 1722 380 τῶν
1740 354 1892 390 ἀρχόντων.

1113 401 1250 432 Ὡσαύτως
1264 401 1311 427 καὶ
1330 401 1370 432 εξς
1390 401 1553 436 Ἀντιόχειαν
1567 400 1791 435 παραγενόμενος
1804 400 1894 426 δυσω-

1107 446 1204 482 πηθεὶς
1219 446 1341 481 ἐποίησε.
1354 446 1585 481 Τυραννουμένων
1594 445 1649 480 γὰρ
1662 445 1718 470 τῶν
1733 445 1896 479 ’Δντιοχέων

1107 493 1159 519 ὑπὸ
1173 492 1227 519 τῶν
1253 491 1393 527 σκορπίων
1417 491 1464 517 καὶ
1493 490 1644 520 κωνώπων,
1660 490 1778 525 ποιήσας
1792 489 1896 524 χαλκὸν

1108 539 1237 574 σκορπίον
1263 538 1309 565 καὶ
1336 537 1426 572 χώσας
1443 537 1523 564 αὐτὸν
1552 538 1581 563 ἐν
1603 538 1636 571 τῇ
1664 538 1699 572 γῇ
1725 536 1772 562 καὶ
1794 536 1896 570 μικρὸν

1107 585 1258 618 ἐπιστήσας
1277 583 1370 610 ἐπάνω
1397 583 1484 615 κίονα,
1505 582 1650 617 βαστάζειν
1668 581 1820 617 προσέταξε
1841 590 1898 608 κα-

1107 629 1208 665 λάμους
1236 629 1275 665 τῷ
1300 629 1368 664 λαῷ,
1394 629 1441 655 καὶ
1468 627 1699 663 περιερχομένους
1720 628 1797 662 ἐντῇ
1814 626 1896 652 πόλει

1108 675 1229 710 κράζειν,
1245 675 1308 706 τοὺς
1328 674 1467 708 καλάμους
1490 674 1670 706 ἐπισείοντες,
1687 673 1840 699 Ἀκώνωπα
1858 673 1893 706 τῇ

1107 721 1195 748 πόλει.
1216 720 1271 747 Καὶ
1285 719 1372 751 οὓτως
1397 719 1614 755 ἐξηφανίσθησαν
1634 720 1666 745 ἐκ
1680 719 1730 753 τῆς
1752 718 1858 748 πόλεως
1871 718 1901 744 οἵ

1107 775 1137 793 τε
1153 766 1277 801 σκορπίοι
1294 767 1340 792 καὶ
1354 766 1378 792 οἱ
1395 766 1536 797 κώνωπες.
1555 765 1683 800 Alt-(18:1;
1698 765 1726 791 δὲ
1753 764 1802 791 καὶ
1828 764 1898 799 περὶ

1107 812 1161 838 τῶν
1175 811 1357 846 ἐπικειμένων
1382 811 1450 846 αὑτῇ
1477 810 1609 845 σεισμῶν,
1626 809 1757 841 στενάξας
1775 809 1900 844 ἔγραψεν

1108 859 1136 884 ἐν
1147 857 1267 891 διπτύχῳ
1280 857 1375 883 ταῦτα·
1393 856 1461 883 Οὐαί
1478 865 1527 888 σοι,
1539 855 1653 882 τάλαινα
1671 856 1758 887 πόλις,
1776 856 1817 882 ὅτι
1832 865 1898 882 σει-

1073 894 1093 921 B
1111 904 1201 938 σμοῖσι
1212 902 1318 932 πολλοῖς
1333 903 1378 928 καὶ
1393 902 1508 937 πυρσοῖς
1520 901 1720 936 κατενεχθήσῃ.
1738 901 1898 928 κλαύσεται

1108 949 1136 974 δέ
1151 957 1179 974 σε
1194 949 1240 974 καὶ
1254 949 1268 974 ὁ
1281 947 1346 982 παρ’
1360 947 1494 980 αἰγιαλοῖς
1513 947 1653 982 Ὀρόντης.
1671 947 1740 982 Περὶ
1753 944 1783 973 οὗ
1801 947 1899 981 μέντοι

1108 994 1156 1021 καὶ
1168 995 1182 1019 ὸ
1195 994 1278 1028 μέγας
1303 993 1477 1024 Ἀναστάσιος
1493 992 1666 1023 Θεουπὸλεώς
1685 1001 1777 1028 φησιν·
1801 992 1900 1019 Ἀπολ-

1108 1039 1204 1066 λωνίου
1228 1039 1255 1065 δὲ
1282 1039 1364 1074 μέχρι
1392 1038 1439 1065 νῦν
1463 1038 1492 1065 ἐν
1505 1046 1561 1064 τισι
1579 1038 1673 1069 τόποις
1704 1038 1846 1073 ἐνεργοῦσι
1862 1037 1900 1064 τά

1108 1084 1317 1118 ἀποτελέσματα
1346 1084 1497 1118 ἱστάμενα,
1528 1084 1563 1110 τὰ
1588 1084 1639 1119 μὲν
1667 1084 1708 1115 εις
1735 1084 1899 1119 ἀποτροπὴν

1108 1129 1186 1162 ζώων
1199 1129 1370 1164 τετραπόδων
1385 1130 1433 1155 καὶ
1447 1127 1579 1154 πετεινῶν
1593 1127 1722 1162 βλάπτειν
1734 1126 1898 1162 δυναμένων

1108 1175 1278 1210 ἀνθρώπους,
1296 1176 1331 1202 τὰ
1353 1175 1382 1201 δὲ
1405 1175 1446 1206 εις
1475 1174 1576 1209 ἐποχὴν
1605 1173 1750 1209 ῥευμάτων
1767 1172 1896 1207 ποταμοῦ

1108 1222 1234 1252 ἀτάκτως
1252 1219 1414 1256 φερομένου,
1432 1218 1480 1246 καὶ
1495 1218 1562 1245 ἄλλα
1579 1219 1620 1249 εἰς
1636 1217 1718 1252 ἔτερα
1734 1217 1782 1244 ἐπὶ
1804 1216 1897 1252 φθορᾷ

1108 1267 1155 1294 καὶ
1170 1266 1256 1303 βλάϐῃ
1269 1265 1421 1301 ἀνθρώπων
1434 1265 1592 1301 ὑπάρχοντα
1609 1263 1784 1299 ἀποτρόπαια
1800 1263 1898 1289 ἵσταν-

1108 1322 1163 1340 ται.
1179 1313 1234 1339 Καὶ
1248 1312 1278 1338 οὺ
1294 1311 1374 1346 μόνον
1389 1312 1418 1338 ιν
1433 1312 1465 1346 τῇ
1489 1310 1544 1346 ζωῇ
1567 1309 1650 1336 αὑτοῦ
1675 1309 1763 1335 ταῦτα
1784 1309 1832 1336 καὶ
1859 1308 1899 1334 τὰ

1107 1359 1220 1385 τοιαῦτα
1243 1358 1409 1392 εἰργάσαντο
1430 1356 1591 1391 οιδαζμονες
1612 1356 1646 1382 δι’
1663 1355 1757 1387 αὐτοῦ,
1776 1354 1846 1382 ἀλλὰ
1863 1363 1898 1386 γε

1108 1407 1155 1431 καὶ
1169 1404 1238 1439 μετὰ
1267 1403 1316 1439 τήν
1345 1402 1474 1437 τελευτὴν
1507 1401 1588 1428 αὑτοῦ
1617 1401 1824 1436 παραμένοντες
1853 1400 1897 1434 τῷ

1110 1451 1231 1486 μνήματι
1245 1449 1328 1477 αὑτοῦ
1344 1448 1445 1484 σημεῖά
1460 1456 1521 1474 τινα
1542 1448 1571 1480 ἐξ
1583 1447 1714 1482 ὀνόματος
1744 1445 1827 1473 αὐτοῦ
1844 1447 1898 1471 ἐπ-

1108 1497 1235 1523 ετέλεσαν
1253 1496 1322 1531 πρὸς
1337 1495 1444 1528 ἀπάτην
1461 1493 1515 1520 τῶν
1528 1493 1652 1520 ἐλεεινῶν
1666 1492 1827 1527 ἀνθρώπων,
1840 1492 1898 1518 τῶν

1110 1542 1209 1577 ῥᾳδίως
1232 1540 1478 1575 ὑποκλεπτομένων
1501 1539 1542 1571 εἰς
1564 1538 1600 1566 τὰ
1627 1538 1738 1566 τοιαῦτα
1766 1537 1819 1564 ὑπὸ
1846 1537 1898 1564 τοῦ

1109 1587 1243 1614 διαϐόλου.
1260 1586 1292 1612 Τί
1307 1585 1340 1612 ἄν
1354 1593 1396 1617 τις
1411 1585 1483 1611 εἴποι
1497 1585 1563 1620 περὶ
1583 1583 1638 1611 τῶν
1655 1584 1725 1610 κατὰ
1740 1583 1898 1610 Μανέθωνα

1111 1632 1235 1667 μαγικῶν
1248 1631 1351 1666 lmen;
1367 1632 1396 1662 ὂς
1409 1629 1529 1662 τοιοῦτος
1537 1630 1621 1666 ἄκρος
1636 1630 1731 1664 γέγονε
1742 1631 1775 1664 τῇ
1787 1631 1896 1664 μαγικῇ

1109 1679 1200 1714 ἀπάτῃ
1213 1678 1284 1705 ὥστε
1297 1678 1341 1705 ἀεὶ
1356 1678 1480 1704 ἔσκωπτε
1497 1677 1637 1712 προδήλως
1652 1676 1697 1702 τὸν
1715 1675 1899 1702 Ἀπολλώνιον

1108 1727 1146 1758 ὡς
1163 1726 1200 1761 μὴ
1219 1725 1320 1761 ἀκριϐῆ
1337 1725 1387 1760 τὴν
1400 1726 1461 1752 κατ’
1486 1726 1585 1756 αὐτοὺς
1603 1724 1783 1759 φιλοσοφικὴν
1798 1724 1899 1758 ἐμπειυ

1110 1772 1170 1806 ρίαν
1186 1771 1330 1806 ἐσχηκότα.
1351 1771 1424 1797 Ἔδει
1440 1771 1495 1805 γὰρ
1505 1770 1597 1802 αὑτὸν,
1610 1771 1703 1804 φησὶν,
1714 1769 1809 1804 ὥσπερ
1825 1769 1897 1802 ἐγὼ,

1108 1818 1179 1852 λόγῳ
1196 1817 1269 1852 μόνῳ
1292 1818 1380 1843 ποιεῖν
1398 1816 1470 1851 ειπερ
1488 1815 1630 1846 ὲΕούλετο,
1656 1814 1704 1840 καὶ
1729 1814 1765 1849 μὴ
1792 1814 1897 1840 ἀποτε-

1107 1862 1238 1896 λέσμασιν
1265 1861 1422 1897 ἐπιτρέπειν
1449 1860 1484 1887 τὰ
1506 1861 1572 1895 παρ’
1599 1859 1682 1886 αὑτοῦ
1704 1859 1894 1894 πραττόμενα.

1107 1908 1199 1935 Ταῦτα
1212 1908 1240 1934 δὲ
1259 1908 1349 1934 πάντα
1364 1907 1537 1942 συγχωρήσει
1550 1905 1596 1932 τοῦ
1612 1905 1680 1931 Θεοῦ
1698 1904 1746 1930 καὶ
1768 1904 1897 1939 ἐνεργεέᾳ

1106 1955 1240 1989 δαιμόνων
1256 1954 1374 1989 γενονται
1398 1953 1466 1988 πρὸς
1485 1953 1515 1980 τὸ
1536 1952 1580 1979 διὰ
1597 1952 1652 1978 τῶν
1666 1951 1797 1979 τοιούτων
1822 1960 1896 1986 πρα-

1107 2001 1219 2035 γμάτων
1254 1999 1452 2034 δοκιμάζεσθαι
1491 1999 1540 2033 τὴν
1574 1997 1712 2032 ἡμετέραν
1752 1996 1895 2031 ὀροὸδοξον

1107 2046 1208 2078 πίστιν,
1227 2047 1251 2072 εἰ
1269 2045 1364 2080 ὲδραία
1389 2044 1447 2071 ἐστὶ
1470 2045 1518 2070 καὶ.
1534 2043 1621 2077 παγία
1646 2042 1840 2078 προσμένουσα
1853 2040 1894 2075 τῷ

1106 2091 1212 2126 Κυρίῳ,
1224 2091 1271 2117 καὶ
1283 2091 1320 2125 μὴ
1335 2089 1525 2124 ὑποσυρομένη
1543 2089 1595 2115 ὑπὸ
1606 2088 1652 2115 τοῦ
1666 2087 1764 2122 ἐχθροῦ
1781 2087 1825 2114 διὰ
1838 2087 1894 2113 τῶν

1107 2136 1299 2171 φαντασιωδῶν
1322 2135 1446 2170 τεράτων
1475 2135 1522 2161 καὶ
1548 2134 1704 2161 σατανικῶν
1727 2132 1818 2168 ἔργων
1837 2132 1893 2158 τῶν

1107 2181 1302 2216 πραττομένων
1321 2179 1373 2206 ὑπὸ
1398 2179 1452 2206 τῶν
1476 2178 1577 2205 δούλων
1594 2179 1641 2205 καὶ
1665 2177 1815 2212 ὑπηρετῶν
1840 2177 1892 2210 τῆς

273 2227 400 2255 nefaciat.
419 2226 484 2253 Nam
499 2226 643 2254 Balaamus
654 2233 741 2261 neque
756 2231 828 2254 recte
841 2225 949 2252 vivebat
966 2232 1054 2259 neque

1107 2226 1215 2258 κακίας.
1243 2226 1280 2253 Οὐ
1308 2225 1361 2261 μὴν
1380 2225 1408 2251 δὲ
1435 2225 1503 2251 ἀλλὰ
1522 2223 1624 2258 καὶτῷ
1645 2223 1758 2258 ὀνόματι
1785 2223 1891 2257 Κυρίου

272 2281 336 2301 vera
354 2276 412 2300 erat
431 2272 482 2299 ﬁde
497 2272 648 2306 praeditus:
679 2275 707 2298 et
725 2276 815 2298 tamen
836 2270 882 2298 Dei
904 2270 992 2304 gratia
1009 2278 1057 2304 per

273 2328 335 2348 eum
354 2320 409 2354 egit
425 2323 534 2354 propler
545 2318 674 2345 aliorum
690 2317 844 2344 utilitatem.
859 2317 921 2344 Fuit
948 2321 974 2344 et
989 2317 1058 2343 Pha-

274 2372 325 2392 rao
341 2365 448 2392 malus:
474 2368 556 2398 atque
583 2363 646 2390 huic
679 2368 768 2391 tamen
797 2363 886 2390 futura
915 2363 1054 2390 indicarit.

273 2410 306 2441 Et
332 2410 493 2445 impiissimo
531 2408 791 2436 Nabuchodonosori
820 2409 998 2436 nihilominus
1024 2416 1055 2435 ea

273 2459 481 2491 prmmonstrata
497 2459 562 2484 sunt
573 2462 633 2488 quae
655 2454 748 2482 multis
769 2458 829 2489 post
857 2460 947 2482 essent
971 2463 1056 2483 even-

273 2505 334 2528 tura
349 2501 486 2528 mtatibus.
517 2500 594 2528 Unde
613 2503 720 2527 constat
747 2499 847 2526 multos
872 2499 953 2527 etiam
984 2507 1055 2528 verae

273 2546 403 2573 adversos
419 2544 545 2580 religioni
571 2544 623 2572 sub
647 2543 749 2571 Christi
766 2543 885 2571 nominis
911 2545 1054 2579 praescrip-

273 2591 347 2618 tione
369 2592 422 2618 alio
440 2590 558 2618 artificio
578 2590 708 2617 miracula
725 2589 807 2617 edere
821 2589 854 2616 ad
880 2589 1055 2624 decipiendos

275 2637 426 2671 imperitos.
441 2636 534 2670 Qualis
545 2636 596 2663 fuit
624 2635 717 2662 Simon
734 2635 828 2670 Magius
852 2640 878 2662 et
908 2635 1055 2663 Menander

275 2689 307 2708 ac
322 2685 383 2716 post
397 2689 445 2709 eos
468 2681 514 2708 alii
540 2689 633 2709 eorum
667 2681 780 2709 similes.
809 2679 902 2716 Itaque
926 2682 1054 2716 prmclare

274 2727 376 2754 dictum
405 2730 462 2753 est:
478 2733 566 2760 neque
585 2726 671 2761 decipi
688 2717 828 2753 miraculis
855 2727 992 2759 convenit,
1006 2735 1053 2755 ne-

274 2773 338 2800 dum
357 2771 428 2799 nuda
444 2771 650 2806 pollicitatione,
663 2772 710 2799 sed
723 2772 887 2806 exploranda
899 2777 940 2800 est
954 2774 1054 2801 veritas

273 2825 367 2846 corum
390 2825 451 2852 qua:
467 2817 604 2843 dicuntur.
624 2816 662 2843 Ex
688 2816 822 2844 fructibus
854 2818 925 2845 enim
958 2826 1054 2847 eorum

272 2863 428 2897 fudicabitis
444 2863 528 2898 ipsos,
543 2863 580 2889 ait
597 2862 726 2891 Dominus

1108 2272 1313 2307 προεφήτευσάν
1327 2279 1410 2303 τινες,
1425 2271 1462 2302 ὼς
1481 2270 1596 2305 Βαλαὰμ
1611 2269 1712 2300 Σαυλδς
1726 2269 1773 2295 καὶ
1800 2268 1890 2294 Καῖά-

1107 2327 1170 2353 φας,
1187 2318 1233 2345 καὶ
1249 2317 1376 2353 δαιμόνια
1403 2317 1483 2343 πάλιν
1510 2316 1652 2349 ἐξέὁαλον,
1669 2315 1706 2347 ὡς
1727 2314 1827 2346 Ἰούδας
1843 2314 1890 2340 καὶ

1107 2365 1131 2390 οἱ
1148 2364 1200 2390 υἱοὶ
1222 2363 1321 2390 Σκεύα.
1349 2362 1454 2389 Οὐκοῦν
1464 2362 1510 2389 καὶ
1533 2362 1574 2393 εἰς
1601 2360 1728 2392 ἀναξίους
1761 2361 1777 2394 ἡ
1808 2359 1890 2394 χάρις

1106 2410 1213 2444 ἐνεργεῖ
1224 2408 1362 2440 πολλάκις,
1377 2408 1410 2434 ἶν’
1434 2408 1545 2442 ἐτέρους
1563 2407 1742 2441 εὑεργετήσῃ.
1767 2406 1823 2432 Καὶ
1838 2405 1890 2440 γὰρ

1107 2455 1232 2490 Βαλαάμ,
1253 2454 1416 2488 ἀμφοτέρων
1427 2453 1566 2487 ἀλλότριος
1582 2450 1626 2487 ἦν,
1641 2451 1697 2486 βίου
1713 2451 1825 2486 ἀρίστου
1843 2451 1890 2477 καὶ

1107 2500 1240 2531 πίστεως·
1264 2500 1321 2526 ἀλλ’
1344 2499 1419 2534 ὅμως
1438 2499 1592 2534 ἐνήργησεν
1612 2499 1652 2529 εἰς
1672 2497 1754 2524 αὑτὸν
1769 2497 1786 2531 ὴ
1808 2496 1889 2532 χάρις

1105 2545 1148 2572 διὰ
1164 2546 1212 2581 τὴν
1233 2545 1334 2581 ἐτέρων
1360 2545 1527 2579 οἰκονομίαν.
1555 2544 1610 2571 Καὶ
1636 2543 1679 2579 [Ρ.
1696 2542 1759 2578 ⁵247]
1777 2542 1889 2578 ·Φαραὼ

1104 2592 1223 2623 τοιοῦτος
1240 2589 1284 2626 ἦν,
1300 2591 1368 2618 ἀλλὰ
1393 2591 1510 2626 κάκείνῳ
1525 2591 1558 2616 τά
1582 2590 1711 2623 μέλλοντα
1736 2588 1887 2624 προέδειξε.

1106 2639 1160 2666 Καὶ
1173 2640 1186 2665 ὁ
1203 2634 1436 2672 Ναϐουχοδονόσορ
1449 2636 1689 2672 παρανομώτατος,
1705 2635 1772 2662 ἀλλά
1791 2643 1824 2669 γε
1841 2635 1889 2661 καὶ

1104 2684 1191 2719 τούτῳ
1201 2684 1234 2710 τὰ
1251 2683 1319 2718 μετὰ
1338 2683 1438 2714 πολλὰς
1455 2683 1566 2716 ὕστερον
1582 2682 1699 2716 ἐσόμενα
1722 2682 1819 2715 γενεάς
1837 2682 1889 2707 άπ-

1105 2728 1250 2763 εκάλυιὲεν.
1269 2728 1349 2755 Ὅθεν
1365 2728 1444 2762 δῆλον
1463 2727 1504 2754 ὅτι
1518 2727 1610 2753 πολλοὶ
1625 2727 1672 2752 καὶ
1691 2726 1746 2752 τῶν
1765 2725 1888 2752 ἐναντίον

1105 2774 1357 2810 ἑχόντωπθφρόνημα
1378 2774 1425 2800 ἐπὶ
1444 2773 1482 2808 τῷ
1507 2772 1683 2807 προσχήματι
1698 2771 1745 2798 τοῦ
1764 2770 1884 2806 Χριστοῦ

1104 2821 1234 2856 τεράστια
1252 2820 1375 2847 ποιοῦσιν
1401 2819 1482 2853 ἑτέρᾳ
1505 2818 1586 2853 τέχνῃ
1607 2817 1659 2844 τινὶ
1683 2817 1751 2853 πρὸς
1778 2817 1884 2849 ἀπάτην

1104 2865 1255 2900 ἀνθρώπων
1284 2864 1494 2899 ἀπειροκάλων,
1523 2861 1577 2894 οἷος
1605 2863 1713 2896 ἐγένετο
1748 2862 1842 2897 Σίμων
1870 2861 1883 2885 ὁ

276 2909 361 2948 μάγος
378 2910 424 2938 καὶ
434 2910 656 2947 Μέναίιδρνιςμπῖ
671 2911 771 2938 ἰκτῖνον
784 2912 828 2938 καὶ
841 2912 913 2940 ἄλλοι
926 2913 1049 2947 τοιοῦτοι,
1071 2914 1103 2941 δι’
1117 2912 1161 2945 οὒς
1177 2913 1287 2946 εἰκότως
1305 2911 1355 2946 ἔψη
1387 2911 1423 2947 μὴ
1446 2911 1581 2947 θαύμασιν
1612 2910 1767 2938 dimidio“
1800 2917 1883 2948 πρία-
