2020 3156
280 175 315 206 Ἠ)
899 165 1024 196 GEORG
1033 164 1058 194 ll
1078 162 1245 194 CEDRENI

1825 157 1876 189 £85}

260 231 333 258 enim
356 233 475 260 mortuo,
498 225 638 261 epistolam
656 223 771 251 tinxerat
787 227 916 257 tanquam
930 222 963 248 ab
980 221 1039 255 ipso

1109 220 1163 245 ῖναν
1178 218 1233 253 (6H)
1248 226 1254 233 '
1273 217 1482 254 τελευτήσαντος
1503 218 1557 253 γὰρ
1578 216 1725 252 Τραϊανοῦ,
1743 215 1881 243 ἐπλάσατο

263 276 399 309 scriptanr
408 274 440 300 ad
457 276 591 303 senatum,
606 277 658 305 qua
674 277 735 297 eum
755 268 840 295 tilium
857 271 883 294 et
896 274 1043 294 successo-

263 330 319 349 rem
339 321 498 348 declararet.

281 409 452 437 ‘Anloniuus
484 407 628 442 imperavit
655 413 741 433 annos
766 405 812 435 24,
842 404 987 438 adoptatus
1012 402 1045 430 ab

263 457 392 484 Adriano.
409 454 458 480 llic
471 454 575 489 primus
591 454 784 487 imperatorum
803 451 866 478 Pius
882 454 924 477 est
944 456 1045 483 cogno-

264 502 383 528 minatus
406 501 441 526 ob
466 500 556 526 Onmis
571 499 680 534 generis
701 498 825 528 virtutes,
845 496 944 530 quibus
964 493 1046 529 439

262 550 320 573 erat
346 546 488 581 praeditus.
514 545 615 571 Scribit
631 543 758 570 Clemens
780 543 840 576 ejus
857 545 977 574 tempore
989 539 1046 566 ﬂo-

263 599 313 617 tuae
335 591 440 617 nobiles
457 589 539 616 finisse
556 593 692 616 sectarum
709 588 844 622 principes
859 585 1043 615 Valentinum,

263 638 416 664 Cerdonem
440 641 466 662 et
489 636 663 666 Marcionem.
678 639 705 661 et
729 634 798 667 apud
816 633 936 667 Phryges
951 630 1046 657 Tatia-

264 691 329 709 nmn
344 686 371 708 et
383 681 575 713 Bardesanem,
593 688 624 707 ac
649 679 799 706 Priscillam
825 684 851 705 et
870 677 1046 704 Maximillam

266 728 348 755 falsas
364 732 451 755 vates.
469 727 532 754 Fuit
547 732 614 753 tunc
630 726 657 753 in
672 725 851 753 admiratione
870 725 951 751 etiam
968 723 1048 750 Gale-

267 782 319 801 nus
336 773 467 801 medicus.
485 773 516 800 Et
539 776 598 799 erat
616 773 724 807 quidam
741 771 919 802 Bardesanes,
936 769 1048 795 natione

267 820 364 855 Syrtis,
387 819 542 853 disputator
562 817 759 846 subtilissinuts
781 824 812 843 ac
837 816 935 842 doctus
955 815 1047 845 homo,

265 866 345 899 cujus
371 866 403 893 tle
427 866 483 892 fato
507 864 657 891 oralionem
685 863 838 896 Antoninus
861 862 976 888 miratus
996 864 1048 887 est.

1099 265 1243 299 ἐπιστολὴν
1257 264 1294 296 ὡς
1308 264 1387 299 δῆθεν
1403 264 1467 299 παρ’
1482 265 1562 291 αὐτοῦ
1581 265 1732 298 γραφεῖσαν
1750 263 1819 298 πρὸς
1833 271 1883 298 την

1099 310 1197 345 βουλὴν
1208 329 1215 342 ,
1235 309 1301 336 ἔνθα
1319 310 1377 336 υίδν
1396 309 1444 337 καὶ
1460 310 1579 345 διάδοχον
1592 310 1643 345 τῆς
1660 308 1799 344 βασιλείας
1816 308 1885 334 ὠνό-

1100 364 1194 391 μασεν.

1143 403 1301 434 ’Λντωνῖνος
1318 403 1332 429 ὸ
1346 403 1467 438 Εὐσεϐὴς
1489 401 1660 428 ἐϐασίλευσεν
1678 400 1726 436 ἔτη
1749 400 1788 427 κδ’
1800 421 1807 432 ,
1826 400 1885 426 υἷο-

1099 447 1222 482 ποιηοεὶς
1236 447 1275 483 τῷ
1297 448 1436 482 Ἀδριανῷ,
1456 447 1502 474 καὶ
1515 446 1620 482 πρῶτος
1635 445 1814 480 αὐτοκράτωρ
1834 443 1887 470 Εὖ-

1101 494 1182 529 σεϐὴς
1208 494 1363 529 ἐπεκλήθη·
1388 495 1478 520 πᾶσαν
1503 494 1556 528 γὰρ
1580 493 1680 528 ἀρετὴν
1702 492 1886 525 ἐπεκτήσατο.

1114 539 1149 570 Ως
1165 548 1230 575 φησι
1244 539 1271 566 δὲ
1286 540 1411 574 Κλήμης,
1421 541 1461 566 ὅτι
1476 539 1521 565 ἐπὶ
1538 538 1619 564 αὐτοῦ
1635 537 1824 569 Οὐαλεντίνος,
1839 535 1889 562 καὶ

1100 585 1211 619 Κέρδων
1223 604 1231 616 ,
1247 585 1294 611 καὶ
1309 585 1441 620 Μαρκίων
1456 585 1484 610 ὲν
1498 584 1590 619 Ῥώμῃ
1612 584 1784 618 αἱρεσιὰρχαι
1799 583 1890 616 ἐγνω-

1102 629 1218 665 ρίζοντο,
1232 631 1278 657 καὶ
1294 630 1435 663 Τατιανδς,
1449 630 1495 656 καὶ.
1510 630 1677 665 Βαρδισάνης
1688 628 1890 664 (61),καὶΠρι-

1102 674 1198 701 σκίλλα
1209 675 1256 702 καὶ
1270 675 1427 710 Μαξιμίλλα
1442 676 1468 701 αι
1479 673 1801 709 ψευδοπροφήτιδες.τῶν
1816 673 1890 699 κατὰ

1101 721 1211 756 ⁸1)ρύγας
1234 722 1423 756 ἐγνωρίζοντο.
1450 721 1504 748 Kal
1530 721 1649 756 Γαληνὸς
1671 721 1685 747 ὁ
1708 720 1801 754 [arpi];
1825 719 1889 745 τότε

1102 766 1283 801 ἐθαυμάζετο.
1301 768 1356 794 Καὶ
1373 767 1542 802 Βαρδισάνης
1555 767 1583 794 δέ
1597 775 1638 798 τις
1654 766 1739 801 Σύρος
1753 765 1891 791 διαλεκτι-

1102 811 1223 844 κώτατος
1251 813 1298 839 καὶ
1320 813 1399 847 cogo;
1423 811 1467 848 ἦν,
1493 813 1564 839 ὥστε
1593 812 1781 846 θαυμάζεσθαι
1803 810 1891 837 αὑτοῦ

1103 858 1171 892 πρὸς
1190 858 1236 884 τοῦ
1271 859 1428 885 Ἀντωνίνου
1444 859 1489 885 τὸν
1513 860 1583 886 κατὰ
1606 859 1776 894 εἱμαρμένης
1797 858 1892 891 λόγον.

266 896 368 938 Marcio
385 911 563 946 Polycarpum
579 909 701 944 Smyrnae
711 910 869 943 episcopum
883 907 988 934 obviam
999 906 1048 933 sibi

1109 904 1280 940 Ἰολύκαρπος
1294 905 1323 931 δὲ
1348 905 1495 937 ἐπίσκοπος
1522 905 1649 940 Σμύρνης
1665 906 1706 936 εἰς
1727 905 1787 939 ὄψιν
1804 903 1893 930 ἐλθὼν

267 956 369 982 factum
395 956 571 990 interrogavit
586 964 592 981 :
605 955 774 989 Agnoscisne
793 961 853 983 nos,
871 953 978 987 egregie
997 952 1050 978 Po—

267 1001 374 1037 lycarpe
383 1001 395 1026 ?
404 1001 552 1035 Respondit
564 1000 747 1035 Polycarpus:
762 999 886 1033 Agnosco
896 1003 931 1029 te,
945 997 1052 1025 Satanae

268 1046 491 1081 primogenitum.
505 1045 623 1072 Moriens
632 1044 786 1072 Antoninus
798 1044 940 1078 imperium
951 1050 1052 1078 genero

268 1100 318 1119 suo
344 1091 377 1119 Μ.
402 1092 542 1119 Antonino
567 1091 715 1118 mandavit.
742 1090 798 1117 Sub
815 1098 848 1117 eo
872 1089 1051 1124 Polycarpus,

267 1137 381 1164 Joannis
395 1137 571 1171 evangelista:
596 1136 760 1170 discipulus,
774 1142 801 1163 et
816 1135 942 1162 Justinus
963 1135 1051 1169 philo-

269 1183 380 1217 sophus,
399 1190 429 1209 ac
447 1182 592 1216 Dionysius
609 1181 734 1208 Corinthi
751 1181 896 1216 episcopus
908 1200 916 1213 ,
933 1181 967 1208 ob
982 1180 1053 1207 diri-

268 1237 309 1255 na:
329 1229 452 1255 veritatis
472 1228 670 1262 professionem
693 1227 826 1262 supplicio
841 1226 1016 1254 suntaﬂ'ccli.

304 1273 338 1301 Μ.
357 1274 512 1301 Antoninus
539 1273 683 1304 imperavit
700 1279 786 1300 annos
802 1272 835 1299 19
854 1279 861 1298 :
879 1272 912 1299 de
930 1273 973 1299 his
990 1278 1052 1298 cum

270 1319 339 1346 Vero
355 1327 453 1354 genero
470 1327 519 1346 suo
535 1323 622 1346 annos
641 1318 686 1350 l0,
704 1326 813 1346 menses
829 1318 855 1346 9.
878 1317 901 1344 ls
918 1325 979 1345 cum
1004 1317 1053 1344 ad-

268 1372 364 1393 versus
391 1365 541 1392 Germanos
574 1372 605 1391 ac
634 1364 773 1391 Sarmatas
800 1364 900 1391 bellum
928 1367 1053 1398 gereret,

269 1409 462 1443 exercitusque
486 1409 531 1436 siti
553 1416 665 1443 pressus
688 1409 904 1443 periclitaretur,
922 1407 1056 1435 Meliteme

270 1453 386 1488 legionis
404 1454 512 1486 milites,
535 1455 581 1488 qui
603 1453 752 1481 Christiani
777 1457 867 1484 erant,
883 1461 898 1480 a
915 1452 969 1480 Deo
988 1461 1056 1480 con-

271 1500 354 1525 tentis
366 1499 491 1533 precibus
514 1499 728 1534 impetraverunt
752 1502 782 1525 ut
802 1499 916 1526 fulmine
935 1499 1053 1526 hostium

272 1544 410 1571 exercitus
434 1544 563 1571 feriretur
585 1544 726 1578 imberque
741 1544 880 1571 Romanas
896 1544 989 1578 copias
1011 1551 1055 1571 re-

272 1593 389 1615 crearet.
416 1587 503 1620 Quam
531 1597 587 1615 rem
616 1589 764 1623 imperator
789 1589 867 1616 valde
891 1589 1054 1620 admiratus,

271 1634 361 1661 edicto
376 1633 540 1662 Christianis
563 1634 681 1662 honores
695 1634 804 1666 detulit,
821 1634 977 1669 legionique
994 1633 1057 1661 Ful-

273 1679 426 1706 minatricis
458 1684 667 1714 cognomentum
700 1679 806 1706 indidit.
842 1679 909 1714 Ejus
940 1679 1056 1714 imperio

272 1725 381 1759 quidam
397 1724 526 1752 Hebrzeus
543 1732 590 1759 per
601 1725 773 1756 solitudinem
787 1725 837 1752 iter
851 1732 911 1752 cum
926 1725 1058 1752 Christia-

274 1771 316 1798 nis
331 1770 444 1803 faeicns,
463 1779 524 1797 cum
541 1772 566 1797 in
586 1778 693 1805 gravem
708 1768 789 1806 440
806 1771 932 1798 morbum
946 1771 1058 1806 delapso

273 1817 330 1850 jam
357 1817 421 1844 vitae
444 1817 592 1845 discrimen
624 1816 801 1851 impenderet.
821 1816 994 1845 Christianos
1011 1825 1059 1852 per

274 1862 322 1890 Dei
349 1870 447 1890 nomen
466 1863 619 1890 obtestatus
631 1868 672 1890 est
688 1863 725 1890 uti
751 1870 780 1890 se
795 1863 973 1898 baptizarent.
990 1863 1058 1890 Cum

274 1915 340 1935 vero
355 1915 442 1943 neque
456 1915 525 1942 aqua
545 1908 578 1934 ad
600 1916 709 1934 manum
732 1912 806 1936 esset
823 1916 911 1943 neque
930 1908 1059 1936 sacerdos

274 1953 458 1986 Christianus,
476 1954 600 1981 vestibus
623 1953 762 1980 hominem
783 1953 931 1986 nudarunt,
946 1957 973 1980 et
988 1954 1060 1988 ipso-

276 2006 336 2025 rum
346 1998 457 2032 quidam
473 1998 600 2025 manibus
612 2005 721 2025 arenam
736 1999 859 2026 haustam
876 1998 987 2026 tertium
1000 1998 1060 2032 ejus

276 2042 357 2076 capiti
368 2042 477 2074 infudit,
488 2043 597 2070 tertium
608 2042 720 2070 dicens:
735 2043 890 2077 Baptizatur
901 2043 1061 2073 Theodorus

277 2087 305 2114 in
325 2087 435 2114 nomine
448 2087 537 2114 Patris
559 2091 585 2114 et
606 2086 665 2113 Filii
681 2093 707 2114 et
722 2086 841 2122 Spiritus
856 2089 954 2116 sancti.
974 2089 1062 2124 Atque

279 2133 323 2159 ille
339 2132 467 2160 llcbrteus
482 2133 563 2160 simul
576 2137 658 2167 atque
671 2133 707 2159 ita
721 2133 875 2167 baptizatus
890 2139 940 2167 est,
952 2135 1061 2163 confes-

278 2178 327 2204 tim
356 2179 451 2205 tnorho
479 2186 529 2206 suo
546 2187 659 2214 prorsus
685 2183 727 2206 est
748 2179 890 2206 liberatus.
913 2179 1061 2215 Postquam

1101 951 1244 985 Μαρκίωνι
1271 951 1403 986 ἤκουσεν·
1421 949 1630 985 Ἐπιγινώσκεις
1658 951 1746 986 ἡμᾶς,
1777 948 1799 976 ὦ
1822 948 1893 975 καλὲ

1103 995 1282 1030 ῐΙολύκαρπες
1307 997 1336 1022 Ὀ
1351 996 1585 1030 δέ·Ἑπιγινὼσκω
1600 1005 1641 1027 σε,
1665 996 1729 1031 ἔφη.
1748 995 1795 1022 τὸν
1813 1004 1894 1030 πρω-

1102 1041 1212 1068 τότοκον
1233 1041 1280 1068 τοῦ
1300 1042 1417 1069 Σατανᾶ.
1433 1042 1549 1076 Θνήσκει
1563 1041 1591 1067 δὲ
1612 1042 1767 1072 Ἀντωνῖνος
1783 1040 1893 1075 προϐα-

1103 1088 1215 1123 λόμενος
1242 1091 1281 1121 είς
1307 1089 1420 1124 βασιλέα
1442 1090 1554 1124 Μάρκον
1580 1089 1736 1116 Ἀντωνῖνον
1758 1088 1804 1114 τὸν
1826 1087 1894 1114 ἴδιον

1103 1134 1239 1170 γαμϐρόν.
1258 1135 1320 1162 Ἐπὶ
1331 1134 1427 1162 τούτου
1441 1134 1620 1170 Πολύκαρπος
1632 1135 1645 1161 ὁ
1660 1133 1784 1168 μαθητὴς
1803 1133 1895 1159 Ἰωαν-

1104 1190 1150 1209 νου
1163 1181 1210 1208 τοῦ
1226 1181 1421 1216 εὐαγγελιστοῦ
1437 1181 1484 1208 καὶ
1501 1181 1641 1211 Ὶουστῖνος
1653 1181 1666 1206 ὁ
1682 1179 1827 1213 φιλόσοφος
1844 1177 1896 1205 καὶ

1103 1228 1242 1260 Διονύσιος
1257 1228 1271 1254 ὁ
1289 1228 1437 1259 ἐπίσκοπος
1452 1227 1585 1263 Κορίνθου
1603 1225 1811 1262 ἐμαρτύρησαν.

1139 1275 1252 1309 Μάρκος
1271 1275 1430 1305 ’Λντωνῖνος
1445 1273 1618 1300 ἐϐασίλευσεν
1634 1272 1682 1306 ἐτη
1697 1271 1740 1304 ιο’,
1755 1271 1825 1307 μετὰ
1842 1270 1897 1305 μὲν

1105 1321 1224 1356 Σεὸήρου
1239 1319 1286 1347 τοῦ
1300 1320 1426 1356 γαμϐροῦ
1439 1319 1522 1346 αὑτοῦ
1535 1319 1581 1354 ἔτη
1597 1317 1611 1345 t'
1625 1319 1671 1345 καὶ
1685 1318 1771 1353 μῆνας
1787 1316 1809 1343 θ’
1824 1317 1895 1352 (62).

1105 1366 1290 1401 Πολιεμοῦντος
1303 1367 1331 1393 δὲ
1346 1367 1504 1402 Γερμανοὺς
1518 1365 1566 1392 καὶ
1581 1365 1743 1400 Σαρμάτας,
1759 1363 1831 1398 δίψει
1846 1364 1897 1398 τῆς

1105 1412 1236 1447 στρατιᾶς
1251 1411 1416 1446 πιεζομένης
1433 1411 1479 1437 καὶ
1498 1410 1637 1437 ὁιὰ¹τοῦτο
1660 1409 1898 1442 κινδυνευούσης,

1104 1457 1168 1489 τοὺς
1181 1457 1228 1483 ἐπὶ
1241 1457 1289 1491 τῆς
1307 1456 1461 1491 Μελιτηνῆς
1478 1455 1550 1482 οὕτω
1564 1456 1734 1490 καλουμένης
1748 1455 1897 1489 λεγεῶνος,

1105 1501 1285 1537 Χριστιανοὺς
1313 1501 1409 1534 ὕντας,
1433 1501 1467 1527 δι’
1494 1501 1578 1536 εὐχῆς
1605 1500 1731 1533 ὲκτενοῦς
1755 1500 1825 1536 πρὸς
1849 1501 1898 1527 τδν

1106 1547 1172 1574 Θεὸν
1189 1547 1339 1582 γενομένης
1356 1547 1419 1578 τοὺς
1440 1546 1489 1582 μὲν
1514 1546 1662 1580 πολεμίους
1683 1546 1808 1582 κεραυνῷ
1829 1545 1898 1580 βλη-

1107 1592 1197 1626 θῆναι,
1217 1591 1312 1627 ὅμϐρῳ
1326 1591 1354 1618 δὲ
1370 1592 1433 1623 τοὺς
1454 1591 1607 1625 Ῥωμαίους
1629 1590 1897 1626 παραμυθήσασθαι.

1108 1638 1196 1673 Ὅπερ
1223 1637 1345 1672 σφοδρῶς
1368 1637 1544 1672 καταπλῆξαν
1570 1636 1615 1663 τὸν
1641 1637 1764 1672 βασιλέα,
1792 1636 1898 1672 γράφει

1107 1684 1190 1718 τιμᾷν
1210 1683 1405 1718 Χριστιανοὺς,
1431 1683 1480 1718 τὴν
1504 1682 1532 1709 δὲ
1549 1683 1670 1716 λεγεῶνα
1689 1681 1899 1718 Κεραυνοῧόλον

1109 1728 1339 1764 προσαγορεῦσαι.
1365 1728 1428 1754 Ἐπὶ
1445 1728 1538 1755 τούτου
1564 1727 1690 1763 Ἑϐραῖός
1712 1736 1754 1759 τις
1773 1728 1899 1754 συνοδοι-

1109 1773 1200 1808 πορῶν
1214 1774 1387 1808 Χριστιανοῖς
1407 1774 1477 1800 κατὰ
1497 1773 1546 1808 τὴν
1563 1773 1665 1808 ἔρημον
1683 1773 1730 1799 καὶ
1753 1773 1900 1808 ἀρρωστίᾳ

1110 1819 1249 1854 συσχεθεὶς
1263 1819 1402 1855 βαρυτάτῃ
1413 1838 1419 1850 ,
1433 1818 1597 1845 κινδυνεύειν
1608 1818 1657 1853 ἤδη
1673 1818 1789 1853 μέλλων,
1821 1827 1898 1853 παρ-

1109 1866 1201 1893 εκάλει
1222 1866 1285 1896 τοὺς
1297 1865 1476 1900 Χριστιανοὺς
1501 1860 1620 1899 ὲνορᾶιῶν
1640 1865 1679 1896 εἰς
1703 1864 1732 1891 τὸ
1761 1864 1808 1890 τοῦ
1827 1864 1900 1891 Θεοῦ

1109 1910 1194 1944 ὄνομα
1222 1908 1351 1944 βαπτίσαι
1375 1908 1466 1935 αὐτόν.
1486 1908 1600 1940 Ὕδατος
1623 1908 1651 1934 δὲ
1668 1907 1705 1943 μὴ
1724 1908 1801 1940 ὄντος
1826 1910 1901 1944 μήτε

1111 1956 1205 1991 ἱερέως
1223 1954 1277 1982 τῶν
1297 1954 1469 1990 Χριστιανῶν
1485 1953 1678 1980 ἁποδυσὰντων
1693 1953 1791 1986 αὐτὸν,
1807 1952 1848 1986 εἷς
1872 1954 1902 1986 ἐξ

1111 2001 1200 2028 αὐτῶν
1224 2000 1330 2036 πλήσας
1352 2000 1400 2031 τὰς
1417 1994 1511 2035 χεῖρας
1529 2000 1644 2035 ψάμμου
1665 2000 1697 2027 ὲκ
1731 1999 1824 2035 τρίτου
1847 2001 1900 2026 ἐπ-

1112 2046 1188 2081 έχεεν
1204 2045 1249 2071 ἐπὶ
1265 2045 1314 2080 τὴν
1327 2044 1458 2079 κεφαλὴν,
1475 2045 1565 2080 τρίτον
1575 2044 1662 2078 λέγων
1673 2052 1682 2060 ⁵
1703 2053 1712 2070 ι
1731 2044 1902 2076 Βαπτίζεται

1112 2091 1247 2126 Θεόδωρος
1264 2091 1303 2121 εἰς
1316 2090 1346 2117 τὸ
1359 2090 1442 2125 δνομα
1456 2090 1503 2117 τοῦ
1519 2091 1634 2126 Πατρὸς,
1647 2090 1745 2118 καὶτοῦ
1760 2090 1837 2122 Υίοῦ,
1853 2091 1902 2117 καὶ

1112 2135 1159 2162 τοῦ
1177 2136 1255 2169 ἁγίου
1281 2134 1450 2170 Πνεύματος.
1471 2136 1528 2162 Καὶ
1544 2137 1715 2172 παραχρῆμα
1737 2137 1901 2172 mebe

1113 2182 1127 2208 ὁ
1142 2181 1293 2216 ἄνθρωπος,
1309 2180 1414 2207 τελείαν
1432 2181 1593 2217 ἀπαλλαγὴν
1612 2183 1660 2216 τῆς
1678 2183 1756 2209 νόσου
1777 2183 1900 2218 εὑράμε-

276 2224 475 2250 Alexandream
502 2227 696 2258 pervenerunt,
716 2231 760 2249 res
786 2231 816 2250 ea
833 2223 963 2259 Dionysio
988 2232 1055 2260 papa

1114 2235 1168 2258 νος.
1195 2226 1340 2252 Ἐλθόντων
1356 2226 1385 2253 δὲ
1401 2227 1490 2254 αὐτῶν
1510 2228 1539 2254 ὲν
1564 2228 1766 2263 Ἀλεξανδρεία,
1790 2229 1838 2255 καὶ
1855 2238 1903 2256 συ-

278 2269 312 2296 ad
331 2269 538 2305 dijudicandum
559 2270 684 2304 exposita
705 2274 755 2296 est.
777 2268 801 2296 ls
821 2269 958 2296 hominem
972 2269 1062 2297 denuo

1116 2271 1256 2306 ζητήσεως
1273 2271 1349 2308 παρὰ
1363 2271 1409 2298 τοῦ
1431 2272 1510 2298 πάπα
1523 2272 1661 2298 Διονυσίου
1678 2271 1722 2307 (P.
1739 2271 1803 2308 251]
1823 2281 1902 2307 γενο-

854 2338 1027 2365 XYLANDRI
1047 2338 1091 2368 ET
1108 2327 1215 2367 omni
1233 2338 1350 2367 NOTIE.

316 2386 373 2421 (60)
385 2385 450 2413 Haec
464 2393 552 2421 neque
567 2386 600 2413 de
615 2386 750 2413 Antonino
774 2386 861 2420 accipi
878 2392 993 2420 possunt
1014 2394 1062 2413 nc-

280 2430 334 2455 qtze
360 2422 471 2448 omnino
487 2422 540 2448 huc
557 2422 703 2455 pertinent.
726 2421 772 2448 sed
791 2421 822 2447 ad
841 2421 1001 2453 Adriauum,
1016 2423 1062 2455 qui

282 2458 375 2484 ticlisa
389 2456 494 2483 Platina
508 2456 627 2491 Augusta
659 2456 756 2482 litteris
776 2455 892 2488 Trajano
919 2457 1064 2491 adoptatus

282 2491 343 2519 fuit.
360 2492 475 2518 Constat
491 2493 541 2518 hoc
553 2490 591 2518 rex
602 2490 753 2526 Xiphilino,
782 2491 938 2526 Spartiano,
956 2490 1064 2518 Zouara

282 2531 362 2552 atque
376 2527 448 2552 aliis.
464 2526 530 2552 XrL.

282 2531 362 2555 atque
376 2527 448 2553 aliis.
464 2527 530 2555 XYL.

330 2536 362 2552 Ill!
395 2535 484 2553 lIlS.A
522 2547 530 2555 .

310 2535 536 2596 (1(61)aperspitv'tlie
556 2560 625 2588 falso
650 2560 695 2587 hic
718 2560 882 2587 Bardesanis
907 2567 1006 2587 nomen
1023 2560 1065 2587 in-

283 2598 416 2628 c-ulcatur,
443 2597 571 2624 hominis.
599 2601 627 2623 ut
656 2596 728 2622 aliud
761 2596 827 2622 nihil
864 2596 962 2626 dicam,
994 2596 1065 2628 Syri.

284 2631 438 2666 Lugendum
473 2633 544 2662 apud
570 2631 685 2666 Phryges
711 2630 873 2666 Priscillam,
886 2635 939 2657 etc.
953 2630 988 2666 De
1000 2631 1067 2657 Bar-

284 2664 386 2692 desauc
405 2666 465 2692 vide
480 2666 578 2693 Euseb.
597 2664 650 2694 inte
662 2666 722 2692 ﬁbri
741 2666 831 2700 quarti
852 2665 944 2691 Hister
965 2664 1065 2692 lt'ecles.

284 2702 318 2728 de
335 2701 525 2735 Cataphrygon
547 2700 656 2730 haeresi.
676 2700 795 2727 Montani
814 2705 841 2727 et
868 2700 997 2726 falsarum
1022 2707 1069 2726 va-

285 2740 341 2797 tium
372 2734 507 2762 Priscilla:
537 2743 568 2762 ac
583 2735 749 2769 Maximillze,
773 2736 842 2763 idem
857 2743 884 2768 ν,
902 2735 934 2761 16
947 2739 973 2762 et
988 2735 1067 2769 alias.

313 2779 354 2797 rt.

313 2779 354 2797 ἵΙι.

330 2804 386 2840 (6'2)
411 2805 440 2832 In
472 2805 592 2840 margine
614 2805 670 2832 haec
691 2806 800 2833 stabant
826 2814 832 2831 :
879 2806 939 2831 Ἐπὶ
955 2805 1001 2831 τοῦ
1018 2805 1071 2838 πρὸ

286 2841 368 2867 αὑτοῦ
408 2840 557 2866 ’Ᾱντονίνου
580 2840 659 2867 τοῦτο
670 2841 794 2874 γενέσθαι
807 2842 820 2867 ὸ
833 2840 987 2874 σοφώτατος
1004 2842 1073 2873 γρα-

288 2884 333 2911 φει
351 2875 506 2912 Θεμίστιος,
522 2875 608 2908 ἄλλως
632 2876 659 2902 δὲ
680 2877 726 2902 καὶ
742 2877 790 2911 οὐχ
814 2875 909 2907 οὕτως.
935 2875 1072 2910 Apologia:

1110 2387 1212 2415 Justini
1230 2386 1358 2422 martyris
1375 2386 1504 2414 secundae
1514 2387 1660 2422 subiuncta
1687 2391 1730 2415 est
1754 2395 1784 2414 ea
1808 2387 1843 2414 de
1872 2395 1902 2415 re

1113 2422 1199 2456 ipsius
1214 2421 1345 2448 Antonini
1372 2421 1571 2455 epistola:sed
1591 2423 1682 2449 utrius
1692 2430 1723 2449 ea
1749 2423 1796 2454 sit,
1824 2422 1902 2450 Piine

1113 2464 1147 2483 an
1166 2456 1336 2490 Philosophi,
1352 2456 1454 2490 ambigi
1482 2460 1580 2490 potest.
1610 2457 1648 2483 Ex
1661 2456 1759 2484 Orosio
1781 2465 1829 2488 vn,
1858 2458 1901 2488 15,

1114 2491 1180 2518 satis
1202 2494 1276 2526 patet
1290 2491 1341 2518 sub
1356 2490 1522 2525 Philosophe
1537 2499 1597 2519 eam
1619 2499 1674 2518 rem
1691 2497 1807 2526 gestam,
1823 2492 1903 2518 item-

1113 2534 1166 2560 que
1181 2533 1213 2553 ex
1230 2525 1338 2553 Eusebii
1357 2526 1542 2553 narrationum
1570 2526 1676 2556 ordine.
1697 2525 1726 2553 et
1752 2527 1825 2560 quod
1847 2527 1902 2553 fra-

1117 2565 1186 2587 trem
1208 2560 1321 2595 alterius
1335 2561 1465 2587 Antonini
1479 2561 1620 2594 (uimirum
1634 2560 1707 2595 Veri)
1720 2561 1839 2587 Marcum
1865 2561 1902 2587 ait

1121 2596 1222 2622 bellum
1239 2594 1433 2622 Germanicum
1468 2595 1588 2630 gessisse
1599 2600 1626 2630 et
1650 2594 1818 2623 Christianis
1842 2604 1902 2630 pre-

1120 2630 1248 2657 cautibus
1277 2637 1347 2663 aqua
1364 2629 1478 2663 potitum
1495 2631 1531 2664 (v,
1543 2630 1580 2664 5).
1607 2629 1659 2657 Sed
1677 2635 1704 2656 et
1720 2630 1811 2657 Melite
1831 2629 1902 2665 apud

1121 2665 1349 2704 euuulcm‘paulo
1364 2669 1427 2692 ante
1437 2664 1549 2691 Adriani
1573 2669 1699 2699 nepotem
1725 2664 1901 2725 aspellatﬂv.

1121 2699 1164 2725 26.
1182 2698 1340 2725 thlltnus
1362 2707 1472 2725 ououue
1491 2703 1517 2725 et
1537 2699 1660 2725 Zonaras
1690 2708 1721 2725 ex
1762 2708 1823 2725 mne
1839 2700 1901 2725 Pht-

1120 2699 1164 2726 26.
1182 2698 1340 2735 Xiphilinus
1362 2707 1472 2735 quoque
1491 2703 1517 2726 et
1537 2698 1660 2735 Zonaras
1690 2708 1721 2727 ex
1739 2698 1823 2727 Dione
1839 2699 1903 2726 Phi-

1121 2734 1229 2768 losophi
1246 2733 1359 2768 imperio
1377 2733 1434 2762 rem
1447 2739 1570 2769 narrant.
1598 2733 1687 2762 Julius
1701 2735 1764 2762 item
1793 2734 1903 2769 Capito-

1121 2769 1193 2795 linu»
1210 2773 1237 2794 et
1253 2769 1444 2804 Gerumnicum
1461 2768 1766 2804 Marcomannicmnque
1778 2768 1846 2796 bella
1868 2769 1902 2795 ab

1123 2805 1176 2830 hoc
1197 2808 1271 2838 gesta
1283 2803 1384 2831 diserte
1404 2805 1516 2836 indicat,
1537 2809 1563 2831 et
1580 2812 1642 2831 eum
1671 2803 1774 2831 fulmen
1809 2808 1902 2831 contra

1123 2839 1242 2874 hostium
1260 2839 1511 2874 machinamentum
1528 2846 1684 2874 aquamque
1700 2839 1757 2866 suis
1769 2839 1815 2866 siti
1827 2839 1901 2866 labo-

1124 2873 1249 2902 rantibus
1260 2873 1389 2902 elicuisse
1405 2874 1532 2910 precibus
1556 2873 1700 2903 memerat.
1714 2874 1782 2904 XVL.
