2020 3156
261 151 311 184 ἑὸἳ

299 208 357 235 Non
378 211 469 235 tamen
490 205 576 240 gloria
599 204 658 238 ejus
675 203 725 230 viri
752 203 784 230 ad
802 202 881 229 linem
896 210 982 237 usque
998 201 1050 227 illi-
1064 204 1085 231 Α

264 255 328 282 bata
343 253 506 290 permansit.
535 250 602 277 Nam
623 250 667 277 illa
682 254 736 276 tam
762 248 920 283 multiplicis
945 247 1048 282 peritia:

264 301 408 329 ellicacitas
423 298 456 325 ad
473 301 623 324 extremum
644 295 807 330 gravissimo
817 302 878 322 eum
896 301 962 320 casu
979 292 1048 319 allii-

265 346 323 378 xit;
344 343 493 376 multisque
523 339 689 367 oilendiculo
713 339 764 366 fuit
788 342 815 365 et
838 337 915 365 exitii
941 341 1047 364 auctor.

265 390 333 418 Dum
348 389 420 416 enim
434 386 503 414 nihil
519 385 553 413 de
564 385 647 421 446
661 385 749 412 sacris
770 383 881 410 Litteris
901 381 1049 416 inexplica-

264 442 323 464 [um
341 433 399 459 vult
417 432 582 466 relinquere,
600 438 630 458 se
650 431 740 465 ipsum
755 429 780 456 in
796 432 937 463 peccatum
962 427 1048 452 intro-

264 479 340 507 duxit
355 478 492 512 verbaque
505 476 615 504 lethalia
627 475 745 509 scripsit.
760 475 827 501 Nam
840 475 873 500 ab
884 480 917 500 eo
926 477 952 499 et
967 471 1049 498 Arius

264 531 358 552 ansam
371 523 414 550 Sui
430 523 534 550 erroris
545 525 686 549 mutuatus
698 524 749 552 est,
760 525 786 547 ct
800 519 895 554 reliqui
910 517 1049 551 deinceps,

264 570 310 605 qui
327 569 425 596 Filium
444 568 518 596 Patri
540 567 658 594 similem
689 566 866 601 ejusdemque
892 563 1052 591 substantiae

266 621 374 650 negant,
389 620 416 642 ct
429 614 485 641 alii.
502 613 641 648 Principio
667 613 739 640 enim
765 611 897 646 Origenes
908 617 992 637 ausus
1011 613 1052 636 est

267 662 323 690 lree
338 661 417 688 verba
435 668 552 696 ponere:
570 659 731 693 linigenitus
744 657 827 685 Filius
843 657 947 684 Patrem
962 656 1052 683 videre

267 716 320 735 non
342 711 442 742 potest,
457 714 545 741 neque
564 705 661 732 Filium
685 705 804 739 Spiritus
821 707 945 735 sanctus,
966 709 1053 736 neque

267 754 357 788 angeli
379 753 511 788 Spiritum
536 756 672 783 sanctum,
688 758 776 785 neque
793 750 918 776 homines
930 748 1051 782 angelos.

269 797 357 832 Negat
374 799 456 825 etiam
474 797 572 824 Filium
593 797 627 824 de
639 800 734 822 natura
756 795 844 822 Patris
858 801 929 826 esse,
944 793 991 820 sed
1007 799 1051 819 as-

270 844 337 870 serit
348 851 409 870 eum
427 847 550 870 creatum
563 848 634 873 esse,
652 848 683 867 ae
704 840 776 875 quod
796 839 881 867 Filius
893 839 1010 870 dicatur,
1027 837 1051 864 id

269 889 342 916 dono
359 888 509 922 accepisse.
529 887 612 914 Docet
625 886 708 914 etiam
728 885 847 912 animam
867 885 986 912 hominis
1004 884 1053 910 ho-

271 936 344 961 mine
369 934 446 969 prius
460 934 589 964 existere,
605 931 729 959 diabolos
741 931 767 957 in
783 930 931 966 pristinum
951 935 1053 956 statum

271 980 428 1006 restitutum
451 977 484 1004 iri
512 985 545 1004 ac
573 977 654 1004 ﬁnem
677 976 736 1003 fore
765 975 918 1011 supplicio;
947 975 1055 1008 aliaque

272 1030 400 1060 praetcrea
414 1024 494 1058 impie
508 1024 600 1050 tradit.
619 1022 647 1049 ln
666 1022 782 1057 quodvis
812 1025 903 1049 autem
928 1021 1054 1048 volumen

272 1070 402 1104 Origenes
413 1069 497 1096 multa
514 1069 663 1102 congessit.
675 1068 704 1095 In
719 1067 818 1102 quibus
837 1067 883 1094 ubi
900 1066 982 1094 certis
992 1073 1055 1093 cum

273 1116 430 1143 hominibus
442 1115 609 1149 colloquitur
623 1119 670 1140 aut
682 1113 820 1148 praefanth
832 1113 866 1140 de
877 1112 1010 1143 moribus,
1023 1111 1057 1139 de

273 1162 381 1189 naturis
397 1161 578 1188 animantium
591 1164 618 1187 et
639 1160 744 1187 ratione
756 1159 909 1186 carentium
925 1159 1056 1192 disputat.

276 1205 394 1232 medium
426 1210 522 1232 tenens
552 1211 738 1238 saepenumero
767 1204 903 1238 eleganter
934 1202 1056 1230 disserit.

274 1249 326 1277 llbi
350 1255 441 1277 autem
461 1249 496 1277 de
515 1249 566 1276 lide
583 1249 693 1276 decreta
718 1248 820 1280 condit,
842 1248 878 1275 ibi
894 1247 991 1283 quovis
1004 1247 1058 1274 alio

274 1296 419 1323 absurdior
443 1300 495 1322 est.
515 1294 627 1322 Videtur
646 1300 735 1322 autem
756 1294 837 1322 etiam
855 1294 936 1321 vitam
955 1301 1016 1328 quae
1030 1293 1058 1320 in

275 1341 413 1368 domando
428 1347 542 1375 corpore
561 1345 717 1375 occupatur
741 1339 894 1374 amplexus,
908 1344 935 1367 et
948 1339 982 1367 ad
998 1347 1057 1366 eam
1082 1348 1085 1354 ·

276 1393 334 1413 rem
358 1386 459 1420 aliquid
474 1386 652 1421 excogitasse.
678 1385 745 1412 Nam
765 1385 875 1420 quidam
892 1386 979 1418 aiunt,
997 1393 1058 1413 eum

278 1433 329 1459 sibi
347 1441 459 1460 nervum
474 1432 640 1468 praecidisse,
659 1440 693 1459 ne
709 1432 762 1460 sibi
782 1439 798 1459 a
815 1433 952 1467 voluptate
975 1440 1059 1468 nego-

277 1479 344 1505 tium
361 1479 547 1510 exhiberetur,
562 1478 607 1505 alii
625 1486 687 1505 curn
710 1478 838 1512 genitalia
853 1479 982 1513 imposito
1001 1486 1060 1505 mev

894 146 1056 178 GEORGII
1073 147 1239 177 CEDRENI

1830 145 1882 178 ‘88

1142 202 1212 227 ‘AiJi'
1228 201 1277 228 οὐκ
1297 201 1336 232 εἰς
1351 199 1426 231 τέλος
1450 199 1581 226 ἄσϐεστον
1599 199 1680 226 αὑτοῦ
1695 200 1726 226 τὸ
1754 200 1832 232 κλέος
1846 203 1885 228 δι-

1099 247 1200 282 έμεινε.
1215 247 1377 282 Συμϐέϐηκε
1391 247 1444 281 γὰρ
1454 245 1528 280 αὐτῷ
1539 247 1568 272 τὸ
1577 247 1626 280 τῆς
1635 245 1813 281 πολυπειρίας
1825 247 1889 283 δρα-

1100 294 1210 327 στήριον
1224 293 1326 328 πτῶμα
1343 292 1471 325 ἐξαίσιον.
1488 292 1535 318 καὶ
1551 292 1644 325 μέντοι
1658 292 1806 319 σκάνδαλον
1823 293 1888 320 πολ-

1098 338 1155 370 λοῖς
1171 339 1219 365 καὶ
1233 338 1371 369 ἀπωλείας
1385 336 1514 372 πρόξενος
1527 337 1632 371 γέγονε.
1649 337 1818 373 Βουλόμενος
1833 339 1889 374 γὰρ

1101 383 1184 419 μηδὲν
1203 384 1283 410 ἐᾶσαι
1305 383 1359 409 τῶν
1385 383 1465 409 Θείων
1495 382 1611 417 Γραφῶν
1638 383 1822 418 ἀνεξήγητον,
1846 386 1888 416 εἰς

1110 429 1256 464 ἐπαγωγὴν
1267 429 1362 455 ἐαυτὸν
1376 428 1536 463 περιέϐαλεν
1544 429 1678 463 ἁμαρτίας
1687 429 1735 455 καὶ
1748 430 1890 464 θανάσιμα

1101 475 1253 510 ἐξηγήσατο
1269 476 1388 510 ῥήματα.
1412 475 1456 508 Ἐξ
1476 475 1558 501 αὑτοῦ
1573 475 1627 510 γὰρ
1646 476 1695 502 καὶ
1716 476 1825 511 Ἄρειος
1840 477 1891 508 τὰς

1101 521 1229 556 ἀφορμὰς
1249 522 1344 556 εἴληφε
1373 521 1420 547 καὶ
1436 521 1461 547 οἱ
1487 521 1607 555 καθεξῆς
1639 521 1763 556 ἀνόμοιοι
1789 531 1820 548 τε
1842 523 1892 549 καὶ

1102 566 1203 592 ἀνόσιοι
1217 565 1273 600 (67)
1289 566 1335 592 καὶ
1347 566 1371 592 οἱ
1385 566 1473 592 λοιποὶ
1495 566 1606 597 πάντες.
1618 565 1720 592 Φάσιιει
1742 567 1797 602 γὰρ
1811 564 1893 599 air-.0;

1101 611 1240 646 τολμήσας
1253 612 1324 638 κατὰ
1339 611 1388 646 τὴν
1402 611 1488 647 ἀρχὴν
1503 611 1543 637 ὅτι
1557 612 1571 637 ὁ
1584 613 1730 646 μονογενὴς
1746 613 1809 644 Υίὸς
1824 614 1893 648 ὑρᾷν

1102 657 1147 684 τὸν
1164 657 1272 692 Πατέρα
1285 657 1315 683 οὺ
1331 658 1452 689 δύναται,
1467 657 1529 684 οὔτε
1549 657 1593 684 τὸν
1609 658 1672 684 re»
1685 659 1717 685 τὺ
1733 659 1847 694 Πνεῦμα
1864 659 1894 685 τὸ

1103 703 1190 737 ἇγιον,
1209 702 1271 729 οὔτε
1285 703 1311 729 οἱ
1325 703 1435 736 ἄγγελοι
1451 703 1482 730 τὸ
1496 703 1618 737 Πνεῦμα,
1637 703 1698 730 οὒτε
1713 706 1738 731 οἱ
1749 705 1892 739 ἄνθρωποι

1103 750 1167 780 τοὺς
1192 749 1335 783 ἀγγέλους,
1351 749 1406 776 Καὶ
1429 749 1460 775 ἐκ
1481 749 1532 783 τῆς
1553 750 1647 781 οὐσίας
1671 749 1718 776 τοῦ
1739 751 1850 785 Πατρὸς
1861 751 1893 777 οὐ

1104 794 1175 821 ϐέλει
1190 792 1259 821 εἶναι
1274 795 1320 821 τὸν
1342 795 1419 826 Υίδν,
1440 795 1507 822 ἀλλὰ
1524 796 1637 830 κτίσμα,
1657 797 1704 823 καὶ
1721 798 1791 823 κατὰ
1810 797 1894 832 χάριν

1104 841 1168 867 Υἱὸν
1183 840 1329 874 λέγεσθαι,
1350 841 1399 875 τὴν
1412 841 1441 867 δέ
1457 841 1631 877 ἀνθρωπίνην
1646 842 1734 877 ψυχὴν
1751 843 1886 878 προῡπάρ

1105 895 1161 922 χειν
1173 905 1180 918 ,
1196 887 1244 913 καὶ
1258 886 1312 912 τῶν
1325 886 1460 920 δαιμόνων
1484 886 1533 920 τὴν
1555 887 1595 918 είς
1613 887 1642 913 τὺ
1654 887 1765 922 ἀρχαῖον
1784 888 1895 914 ἀποκα-

1104 932 1246 964 τάστασιν,
1262 932 1308 958 καὶ
1321 931 1397 962 τέλος
1413 931 1462 966 τῆς
1482 932 1628 964 κολάσεως,
1646 932 1693 958 καὶ
1707 932 1741 959 τὰ
1755 932 1820 967 ἑξῆς
1836 933 1895 959 τῶν

1106 977 1286 1013 βλασφημιῶν
1300 976 1394 1004 αὐτοῦ.
1412 977 1516 1012 Πολλὴν
1534 977 1600 1012 γοῦν
1615 978 1749 1013 πεποίηκε
1766 977 1897 1010 σύνταξιν

1106 1025 1146 1055 εἰς
1168 1024 1287 1057 ἑκάστην
1309 1024 1423 1058 Γραφὴν
1435 1043 1443 1056 ,
1459 1024 1506 1050 καὶ
1522 1024 1573 1050 ὅσα
1594 1024 1642 1058 μὲν
1658 1025 1686 1050 ἐν
1702 1024 1897 1060 προσομιλίαις

1107 1069 1154 1095 καὶ
1176 1068 1220 1095 διὰ
1236 1068 1388 1103 προοιμίων
1403 1069 1442 1100 είς
1461 1069 1514 1104 ῆθη
1529 1077 1559 1095 τε
1578 1069 1626 1096 καὶ
1645 1070 1684 1101 είς
1704 1069 1800 1103 φύσεις
1817 1070 1897 1102 (dum

1105 1124 1136 1142 τε
1152 1115 1199 1141 καὶ
1223 1115 1330 1149 ἀλόγων
1347 1115 1442 1150 εἴρηκε
1469 1115 1550 1148 μέσος
1571 1116 1738 1150 φερόμενος,
1763 1116 1898 1147 πολλάκις

1109 1161 1257 1195 χαριέντως
1276 1160 1433 1194 διηγήσατο’
1450 1161 1500 1187 ὅσα
1514 1160 1543 1186 δέ
1557 1161 1620 1196 περὶ
1639 1161 1759 1193 πίστεως
1778 1162 1899 1195 ἐδογμὰα

1108 1214 1182 1236 τισε,
1198 1205 1252 1231 τῶν
1280 1207 1390 1232 πάντων
1412 1205 1584 1241 ἀτοπώτερος
1608 1207 1777 1241 εὑρίσκεται,
1802 1207 1898 1239 Ἔδοξε

1109 1251 1137 1277 δὲ
1161 1251 1207 1278 καὶ
1222 1251 1370 1285 ἀσκητικον
1387 1251 1442 1284 βίον
1456 1251 1646 1287 ὲπανῃρῆσοαι
1663 1252 1730 1287 (68),
1755 1254 1803 1279 καὶ
1824 1253 1900 1279 κατὰ

1109 1297 1140 1322 τὸ
1164 1296 1301 1330 σωμάτιον
1324 1296 1527 1331 ἐπινενοηκέναι
1552 1304 1596 1326 τι,
1620 1298 1644 1322 οἱ
1666 1296 1715 1331 μὲν
1736 1297 1778 1324 ὅτι
1799 1297 1900 1331 νεῦρον

1110 1342 1329 1376 ἀποτετμηκέναι
1346 1341 1391 1368 διὰ
1408 1333 1438 1367 τὸ
1457 1342 1494 1376 μὴ
1509 1343 1541 1376 τῇ
1555 1342 1637 1377 ἡδονῇ
1655 1343 1898 1379 παρενοχλεῖσθαι,

1110 1388 1134 1413 οἱ
1148 1387 1176 1413 δὲ
1190 1387 1334 1421 φάρμακον
1354 1387 1513 1422 ἐπιτεθῆναι
1532 1388 1587 1419 τοῖς
1607 1388 1712 1422 μορίοις
1728 1386 1804 1414 εἷπον
1829 1390 1900 1422 παρ’

1111 1434 1192 1460 αὑτοῦ
1217 1434 1265 1461 καὶ
1287 1433 1468 1468 ἀποξηρᾶναι.
1487 1434 1587 1468 (Ἄλλοι
1610 1434 1639 1461 δὲ
1661 1435 1728 1461 ἄλλα
1749 1436 1789 1466 είς
1815 1435 1901 1463 αὐτὸν

1112 1481 1304 1516 ἀναφέρουσιν,
1318 1481 1356 1513 ὡς
1369 1481 1409 1507 ὃτι
1419 1480 1467 1507 καὶ
1479 1479 1594 1515 βοτάνην
1609 1482 1734 1516 ίατρικὴν
1747 1478 1810 1516 εὗρε
1828 1482 1901 1515 μνή-

278 1522 433 1550 dicamenlo
448 1523 618 1555 exsiccasse;
636 1522 682 1550 alii
705 1523 756 1550 alia
772 1525 796 1550 ei
811 1523 961 1556 ascribunt,
981 1523 1059 1558 quale

1115 1535 1168 1562 μης
1183 1527 1274 1553 ἕνεκα.
1297 1524 1381 1557 Οὗτος
1407 1526 1492 1552 πολλὰ
1508 1525 1615 1559 λέγεται
1637 1526 1800 1553 πεπονθέναι
1826 1527 1901 1560 ὑπὲρ

278 1573 305 1596 et
335 1567 398 1600 hoc,
428 1568 501 1603 quod
528 1568 639 1596 herbam
666 1568 800 1596 invenerit
825 1576 877 1604 qua
901 1569 1060 1596 memoriam

278 1617 398 1640 acueret.
420 1613 519 1641 Fertur
541 1614 642 1642 Christi
662 1614 749 1649 gratia
771 1614 856 1641 multa
876 1622 936 1642 esse
951 1622 1061 1649 perpes-

279 1667 337 1692 sus,
355 1660 455 1694 quippe
472 1659 554 1686 homo
570 1659 669 1687 doctus
686 1664 713 1687 et
734 1660 762 1687 in
778 1659 901 1688 Ecclesia
918 1660 1061 1688 educatus.

278 1704 332 1732 Sed
348 1712 410 1732 cum
430 1705 500 1740 apud
515 1705 691 1740 magistratus
709 1713 757 1740 per
786 1706 950 1733 calumniam
968 1706 1062 1734 tradu-

278 1755 339 1778 ctus
355 1756 437 1782 esset.
455 1751 600 1779 diabolicis
615 1751 697 1788 447
721 1752 827 1780 artibus
856 1752 996 1779 inventum
1021 1755 1062 1779 est

278 1798 416 1832 quomodo
447 1799 651 1826 circumventus
675 1806 691 1826 a
715 1803 790 1826 recto
819 1798 927 1826 detrudi
959 1801 1061 1832 posset.

279 1842 506 1871 Subornaverunt
537 1844 609 1871 enim
649 1845 793 1879 quemdam
824 1844 911 1871 \‘irum
945 1848 1061 1878 turpem,

277 1887 444 1923 Ethiopem,
457 1889 503 1924 qui
521 1889 581 1925 ejus
603 1897 728 1924 corpore,
741 1890 764 1918 si
778 1890 936 1917 sacriﬁcare
950 1889 1062 1917 abnuis-

278 1938 330 1966 set,
347 1934 379 1961 ad
394 1935 549 1964 eobscenam
568 1935 729 1962 abuteretur
752 1934 903 1962 libidinem.
921 1935 986 1962 Eam
1003 1939 1063 1962 tur-

277 1980 428 2014 pitndinetn
452 1980 534 2015 hujus
553 1981 765 2008 machinationis
789 1989 842 2008 non
857 1980 948 2008 ferens
969 1980 1063 2015 Orige-

278 2033 340 2057 nes,
366 2033 428 2052 eum
449 2030 522 2054 esset
542 2027 566 2053 ei
590 2027 680 2053 soluta
708 2027 793 2061 optio,
821 2027 847 2054 in
879 2027 948 2053 hanc
970 2034 1061 2053 Vocem

279 2071 380 2106 erupit,
396 2071 465 2098 velle
482 2079 512 2099 se
532 2071 698 2099 sacriﬁcare.
718 2071 870 2106 Statimque
895 2073 919 2099 ei
945 2072 1010 2100 thus
1034 2073 1061 2099 in

279 2124 378 2143 manus
392 2120 434 2144 est
447 2117 588 2152 injectum.
603 2117 674 2152 quod
694 2118 739 2145 ille
752 2118 778 2144 in
795 2126 889 2152 rogum
903 2125 958 2146 arae
973 2119 1062 2145 inuni-

279 2163 325 2189 sit.
342 2162 492 2198 Eapropter
503 2170 517 2189 a
533 2163 674 2198 judicibus
690 2171 705 2191 a
730 2164 855 2199 martyrii
873 2164 1004 2200 dignitate
1021 2172 1063 2192 re-

279 2210 378 2245 pulsus
395 2210 571 2245 Ecclesiaque
587 2211 704 2246 cjeetus,
722 2219 785 2239 cum
803 2198 921 2239 dedecus
937 2212 988 2239 hoc
1006 2220 1060 2239 non
1078 2198 1101 2226 D

281 2254 375 2288 ferret,
399 2255 562 2282 Alexandria
588 2256 680 2284 relicta
697 2257 724 2283 in
749 2255 870 2283 Judaeam
891 2264 920 2284 se
934 2257 1058 2284 contulit.

279 2300 348 2328 Cum
363 2305 453 2328 autem
479 2302 666 2337 Hierosolyma
682 2302 863 2337 pervenisset,
888 2303 1058 2330 sacerdotum

281 2346 316 2372 ab
329 2353 361 2373 eo
376 2346 520 2382 collegium
542 2352 571 2373 ut
587 2346 699 2374 homine
713 2347 795 2374 docto
815 2353 897 2383 atque
913 2349 1061 2382 interprete

282 2391 428 2426 ﬂagitavit,
444 2393 481 2419 uti
498 2392 600 2427 aliquid
623 2400 672 2427 pro
701 2394 833 2421 concione
861 2394 962 2422 diceret
981 2400 1060 2422 :erat

280 2437 353 2464 cnim
382 2437 535 2474 presbyter.
568 2436 660 2473 Itaque
677 2446 739 2466 eum
765 2439 909 2467 admodum
934 2445 1062 2476 urgerent

1111 1572 1246 1607 Χριστοῦ,
1271 1572 1360 1606 λόγιος
1383 1571 1420 1598 ὣν
1445 1571 1548 1606 σφόδρα
1573 1571 1620 1597 καὶ
1636 1572 1663 1597 ὲν
1682 1572 1715 1606 τῇ
1745 1570 1901 1606 Ἐκκλησία

1111 1618 1363 1652 ἀνατεθραμμένος.
1391 1617 1482 1651 comp
1510 1617 1539 1643 δὲ
1565 1617 1719 1651 διαϐληθεὶς
1738 1616 1807 1651 πρὸς
1832 1617 1902 1646 τοὺς

1111 1664 1160 1699 τῆς
1190 1663 1312 1696 ἐξουσίας
1338 1663 1488 1699 ἄρχοντας,
1516 1661 1710 1697 κακομηχανίᾳ.
1738 1661 1902 1696 διαϐολικῆς

1112 1710 1231 1741 ἐπινοίας
1252 1710 1292 1741 εἰς
1314 1709 1491 1744 αἰσχρότερον
1512 1709 1594 1743 ἄνδρα
1615 1709 1696 1742 φασιν
1720 1708 1902 1742 ἐπινοηθῆναι

1113 1758 1188 1791 παρὰ
1211 1756 1266 1782 τῶν
1284 1757 1333 1790 τῆς
1354 1757 1454 1786 κακίας
1477 1754 1602 1789 ἐργατῶν
1620 1753 1715 1780 τοῦτον
1737 1753 1900 1780 ὑπολαϐεῖν.

1112 1803 1228 1829 Attila-rm
1257 1802 1310 1837 γὰρ
1334 1801 1410 1836 αὐτῷ
1432 1801 1642 1836 παρεσκεύασαν
1661 1800 1703 1833 εἰς
1721 1800 1902 1836 παράχρηςιν

1113 1848 1160 1875 τοῦ
1178 1848 1304 1882 σώματος
1323 1846 1417 1874 αὐτοῦ.
1441 1846 1469 1874 '0
1482 1846 1509 1872 δὲ
1527 1846 1564 1881 μὴ
1579 1847 1671 1881 φέρων
1692 1846 1741 1881 τὴν
1759 1846 1901 1881 τοσαύτην

1113 1893 1244 1929 βδελυρὰν
1263 1893 1384 1919 ἐπίνοιαν
1409 1891 1508 1927 ἔρρηξε
1530 1892 1622 1926 φωνὴν
1639 1892 1802 1927 ἀμφοτέρων
1821 1893 1902 1927 αὐτῷ

1113 1939 1298 1974 προτεθέντων
1314 1937 1497 1972 πραγμάτων.
1519 1937 1595 1963 Ἐπεὶ
1610 1936 1639 1962 δὲ
1664 1936 1743 1963 τοῦτο
1768 1936 1902 1971 καθωμοο

1112 1984 1212 2019 λόγησε
1233 1983 1323 2014 οὖσαι,
1350 1982 1476 2018 βαλόντες
1501 1982 1549 2009 ἐπὶ
1573 1983 1652 2017 χεῖρα
1668 1982 1750 2009 αὑτοῦ
1775 1982 1901 2011 λίϐανον,

1113 2031 1153 2062 είς
1171 2030 1219 2066 τὴν
1247 2029 1293 2056 τοῦ
1315 2028 1408 2064 βωμοῦ
1435 2029 1525 2063 πυρὰν
1546 2028 1666 2063 καθῆκε,
1693 2028 1741 2054 καὶ
1763 2027 1836 2054 οὕτω
1851 2028 1901 2055 τοῦ

1115 2075 1264 2111 μαρτυρίου
1285 2074 1338 2101 ἀπὸ
1354 2074 1409 2100 τῶν
1436 2073 1588 2108 κρινάντων
1604 2068 1744 2108 ἀπεϐλήθη
1771 2074 1821 2100 καὶ
1848 2076 1901 2105 τῆς

1121 2121 1285 2152 Ἐκκλησίας
1302 2119 1418 2153 season.
1432 2117 1486 2147 Τὴν
1501 2118 1704 2152 Ἀλεξάνδρειαν
1711 2117 1740 2144 δέ
1755 2117 1842 2144 λιπὼν
1856 2118 1901 2144 διὰ

1113 2167 1144 2192 τὸ
1160 2166 1260 2196 ὗνειδος
1275 2165 1323 2199 τὴν
1342 2164 1472 2190 Ἰουδαίαν
1489 2163 1649 2190 κατέλαϐεν.
1665 2163 1707 2199 [Ρ.
1724 2162 1789 2199 255]
1811 2164 1902 2190 ’Δνελ-

1114 2212 1168 2239 Θὼν
1183 2211 1210 2238 δὲ
1224 2212 1263 2242 εἰς
1281 2209 1454 2245 Ἰεροσόλυμα
1463 2209 1500 2240 ὡς
1511 2208 1647 2244 ἐξηγητὴς
1659 2209 1706 2236 καὶ
1717 2210 1806 2243 λόγιος
1829 2219 1897 2244 προ.

1115 2258 1244 2292 ετρέπετο
1259 2256 1311 2282 ἀπὸ
1323 2255 1368 2282 τοῦ
1381 2255 1499 2289 ίερατίου
1511 2255 1556 2280 ἐπὶ
1567 2255 1615 2288 τῆς
1624 2255 1786 2288 Ἐκκλησίας
1798 2256 1898 2282 εἰπεῖν·

1114 2303 1301 2338 πρεσϐύτερος
1318 2301 1372 2336 γὰρ
1396 2302 1564 2335 προϋπῆρχε.
1587 2301 1642 2327 Καὶ
1659 2301 1743 2328 πολλὰ
1763 2306 1898 2335 καταναγι

1115 2348 1227 2379 κασοεὶς
1243 2348 1295 2374 ὑπο
1310 2347 1366 2373 τῶν
1392 2347 1486 2382 ἱερέων
1497 2367 1504 2377 ,
1523 2346 1641 2377 ἀναστὰς
1656 2347 1702 2372 καὶ
1722 2346 1800 2373 τοῦτο
1817 2347 1899 2381 μόνον

1114 2396 1144 2422 τὸ
1160 2395 1240 2429 ῥητὴν
1255 2394 1349 2420 είπών·
1361 2393 1406 2428 Τῷ
1422 2393 1450 2419 δὲ
1467 2391 1619 2427 ἁμαρτωλῷ
1636 2390 1713 2418 εἶπεν
1725 2393 1739 2419 ὸ
1752 2392 1818 2423 Θεός
1829 2394 1899 2419 "Iv:

1115 2441 1142 2468 τί
1160 2441 1191 2467 σὺ
1205 2440 1316 2475 ἐκδιηγῇ
1336 2438 1369 2464 τὰ
1380 2437 1554 2473 δικαιώματά
1569 2446 1620 2472 μου
1634 2438 1682 2464 καὶ
1695 2437 1900 2473 ἁναλαμόάνεις

856 2517 1034 2546 XYLANDRI
1051 2518 1095 2546 ET
1109 2519 1213 2546 COARI
1234 2517 1348 2546 NOTAE.

318 2572 374 2607 (67)
407 2571 522 2599 Ἀνόσιοι
552 2572 661 2607 impios,
681 2573 823 2609 haereticos
843 2574 978 2608 signiﬁcat
993 2583 1000 2600 :
1016 2583 1059 2609 egi

283 2608 470 2643 perspicuitati
483 2608 586 2635 servire
599 2609 683 2636 militi.
692 2613 723 2643 ret
732 2608 788 2635 ﬁeri
799 2613 923 2642 potestut
935 2610 1066 2643 ἀνομοού-

285 2650 337 2667 σιοι
351 2642 490 2668 Ccdrenus
502 2643 659 2677 scripserit.
677 2642 782 2669 XrL.—
792 2644 882 2677 Atqui
900 2642 1065 2677 scripsisset,

283 2677 306 2711 si
322 2676 436 2702 necdum
458 2683 473 2702 a
501 2676 639 2711 Xylandro
655 2678 770 2704 eonﬂcta
789 2676 937 2705 vox’erat?
958 2676 1066 2706 Certius

282 2710 377 2738 dixero
398 2710 454 2737 ﬁeri
481 2710 602 2745 potuisse
619 2717 647 2738 ut
663 2713 815 2747 scripserit,
842 2713 928 2739 ἄνισοι
949 2714 989 2739 vel
1009 2714 1066 2739 ἀνί..

283 2753 346 2777 σιοι,
359 2753 419 2782 (pta:
435 2753 525 2776 vet-es.
542 2750 598 2773 tum
613 2748 684 2782 apud
699 2748 827 2780 antiquos
841 2753 896 2774 tum
914 2749 984 2780 apud
999 2756 1065 2775 nco-

283 2784 356 2816 teres
367 2779 529 2812 Orientales,
547 2779 729 2815 ina'qu'alt'tale
745 2779 852 2816 uirecta;
873 2788 896 2809 el
915 2783 1006 2810 ductos
1020 2790 1063 2810 rc-

282 2814 331 2853 {tsrl
346 2835 353 2845 ,
371 2815 538 2853 lll‘tlilllil‘lllll
567 2814 648 2844 iidem
671 2814 876 2845 essent'éviotot
891 2821 936 2853 qui
959 2823 985 2846 et
1016 2819 1058 2844 ἁν-

280 2848 376 2883 6μοιοι.
386 2849 460 2877 Gesn
467 2869 474 2876 .

1157 2574 1213 2609 (68)
1235 2574 1415 2609 Ἐπανήρατο,
1432 2571 1685 2609 ἐπειρᾶτοηεῖλετο.
1704 2571 1899 2609 Ἐπανῃρημέ.

1119 2607 1174 2640 νος,
1190 2607 1390 2643 προῃρημένος,
1404 2607 1499 2634 θέλων.
1521 2607 1628 2633 Suidas.
1645 2607 1770 2643 Arsct'tica
1788 2607 1900 2636 \‘ila'est

1117 2651 1178 2676 qua:
1193 2641 1421 2677 corpilsiidomare
1439 2643 1570 2669 assuescit
1584 2646 1610 2668 et
1621 2642 1676 2677 solii
1685 2641 1776 2675 pietati
1789 2649 1899 2671 vacare.

1118 2679 1147 2705 Ei
1165 2676 1355 2704 exercitationi
1366 2676 1657 2706 nmnaehistudebant,
1671 2676 1790 2706 indeque
1801 2683 1900 2705 asceta:

1116 2713 1278 2739 dicebantur
1287 2712 1364 2746 quasi
1382 2712 1585 2738 cxcrcitatores.
1598 2710 1730 2746 Caeterum
1739 2711 1794 2738 haec
1807 2713 1899 2739 omnia

1117 2747 1188 2782 apud
1206 2747 1473 2781 Studaupaliquanto
1487 2747 1567 2782 etiam
1582 2753 1662 2779 quam
1684 2745 1728 2772 hic
1748 2747 1858 2780 plenius
1872 2753 1900 2773 ut

1118 2780 1254 2820 integrius
1266 2781 1390 2820 leguntur
1408 2783 1434 2820 in
1449 2780 1600 2820 Ὦρὲγένης,
1615 2788 1693 2814 quem
1713 2787 1824 2820 secutus
1839 2789 1899 2820 sr_u_n

1120 2817 1178 2877 sxuis
1204 2817 1281 2845 locis.
1302 2817 1366 2844 Vide
1389 2817 1470 2843 etiam
1495 2815 1677 2850 Neephorum
1696 2823 1722 2848 ν,
1744 2815 1778 2842 52
1806 2821 1834 2844 et
1854 2817 1897 2844 ὦ.

1146 2859 1186 2877 τι.

1146 2859 1186 2878 τι..
