2020 3156
139 138 192 173 489

687 141 958 172 HISTORIARUM
976 140 1240 172 COMPENDIUM.

1716 137 1770 172 490

137 199 183 235 τὴν
210 198 348 235 διαθήκην
368 207 419 235 μου
445 199 490 226 διὰ
514 199 648 235 στόματὸς
677 208 742 233 σου;
768 199 875 233 Πτύξας
899 199 930 225 τὸ

987 198 1135 234 pontiﬁces,
1153 197 1274 226 surrexit
1289 201 1372 233 atque
1392 197 1444 225 hoc
1469 196 1551 225 modo
1579 196 1682 226 dictum
1708 205 1772 234 pro-

137 245 242 280 βιὸλίον
263 245 374 273 ἐκάθισε
393 245 462 281 μετὰ
478 245 615 280 κλαυθμοῦ
630 245 677 272 καὶ
695 244 821 280 δακρύων
832 264 839 276 ,
862 245 930 272 πάν-

136 299 188 318 των
208 291 277 326 ὁμοῦ
294 291 495 325 συγκλαιόντων
511 290 598 325 αὐτῷ.
614 291 674 317 Εἰσὶ
689 291 717 317 δὲ
736 292 783 317 καὶ
797 290 880 325 ἕτερα
896 290 930 316 τὰ

137 337 200 372 περὶ
219 336 305 363 αὑτοῦ
322 336 459 372 λεγόμενά
475 345 505 362 τε
523 336 570 363 καὶ
583 336 701 372 ᾀδόμενα
715 336 759 362 διὰ
780 336 811 362 τὸ
825 335 928 370 πλῆθος

137 384 183 418 τῆς
201 383 332 417 γνώσεως
355 384 440 410 αὐτοῦ
467 384 514 411 καὶ
540 383 694 414 συντάξεως
717 382 772 408 τῶν
803 381 928 416 βιϐλίων·

135 429 194 455 ἰοεν
210 429 259 455 καὶ
282 429 462 461 συντακτικὺς
485 427 632 463 ὠνομάσθη
660 427 704 454 διὰ
723 427 753 453 τὸ
769 426 854 453 πολλὰ
880 434 930 452 πε-

136 475 280 509 ποιηκέναι
304 474 403 509 βιϐλία,
428 474 465 509 μὴ
487 473 605 505 ἀκούων,
621 472 658 504 ὡς
674 472 757 503 ἔοικε,
774 472 822 498 τοῦ
844 480 931 506 σοφω-

134 521 217 548 τάτου
242 521 417 555 Σολομῶντος
443 520 579 554 λέγοντος,
604 519 662 550 Υἱὲ,
685 519 804 553 φύλασσε
822 518 879 550 τοῦΔ
893 517 931 552 μὴ

136 568 223 594 ποιεῖν
238 567 330 602 βιϐλία
346 567 441 597 πολλὰ,
454 567 502 592 καὶ
518 565 555 601 μὴ
569 566 669 592 σπεῦδε
682 565 729 591 ἐπὶ
743 564 858 599 στόματί
872 572 930 596 σου,

136 614 184 640 καὶ
199 613 300 648 καρδία
326 621 372 639 σου
394 612 430 647 μὴ
450 611 594 646 ταχυνάτω
616 610 664 637 τοῦ
684 610 837 643 ἐξενεγκεῖν
852 610 931 642 λόγον

137 660 190 686 ἀπὸ
207 658 356 694 προσώπου
373 658 420 684 τοῦ
437 658 515 690 Θεοῦ,
531 657 571 684 ὅτι
591 657 604 683 ὁ
619 656 686 687 Θεὸς
704 657 732 683 ἐν
748 654 855 690 οὐρανῷ
875 655 932 682 ἅνω

137 703 184 729 καὶ
213 703 247 728 σὺ
268 703 314 728 ἐπὶ
330 703 379 737 τῆς
404 703 456 737 γῆς
479 703 565 729 κάτω.
590 701 639 728 Διὰ
658 701 736 728 τοῦτο
761 701 882 727 ἔστωσαν
907 701 931 726 οἱ

136 750 210 783 livor
226 757 275 775 σου
294 749 397 783 ὀλίγοι·
413 748 467 775 εἰσὶ
477 748 533 784 γὰρ
545 749 622 782 λόγοι
640 747 734 774 πολλοὶ
752 747 932 782 πληθύνοντες

138 795 335 831 ματαιότητος.
361 795 414 822 Καὶ
433 794 471 830 μὴ
487 795 563 828 γίνου
583 795 686 826 δίκαιος
700 793 768 820 πολύ
783 801 789 808 ·
806 792 863 819 ἔστι
879 793 933 826 γὰρ

133 842 240 872 δίκαιος
259 841 446 877 ἀπολλύμενος
470 841 498 867 ὲν
522 841 682 875 δικαιοσύνη
696 839 789 866 αὐτοῦ.
813 839 868 866 Καὶ
892 838 929 873 μὴ

982 245 1127 272 nuntiavit.
1145 244 1286 272 Peccatori
1299 248 1390 273 autem
1407 245 1475 272 dicit
1490 244 1623 273 Dominus
1637 253 1644 273 :
1659 244 1714 272 Cur
1743 251 1772 272 In

981 297 1096 317 enarras
1117 297 1176 316 utea
1201 290 1277 325 jura,
1299 294 1328 318 et
1346 298 1437 318 meum
1466 294 1658 318 testamentum
1679 291 1705 318 in
1725 299 1773 318 ore

984 335 1067 362 habes
1084 335 1105 350 “
1118 335 1129 361 ?
1142 335 1296 370 Statimque
1310 336 1405 364 clauso
1427 336 1497 364 libro
1522 337 1649 365 consedit
1666 338 1774 372 ejnlans

983 385 1064 415 atque
1082 381 1248 416 lari-ymans,
1279 382 1408 410 omnibus
1434 381 1480 418 qui
1511 383 1627 411 aderant
1653 384 1774 411 hominis

983 426 1158 454 miseratione
1172 435 1224 454 una
1245 427 1384 456 flentibus.
1401 428 1470 455 Sunt
1486 434 1513 456 et
1531 429 1617 456 untlta
1637 429 1690 456 alia
1710 437 1771 464 qua:

983 471 1016 498 de
1035 479 1067 498 eo
1080 472 1210 499 dicuntur
1221 477 1303 508 atque
1317 478 1476 507 cantantur,
1497 475 1531 503 de
1544 476 1698 504 eruditione
1714 477 1775 512 ejus

983 521 1010 544 et
1026 517 1157 544 librorum
1175 519 1377 553 compositione
1393 527 1401 552 ;
1416 527 1432 546 a
1457 527 1573 554 quorum
1599 520 1777 548 multitudine

985 563 1171 598 syntacticus,
1189 564 1268 599 quasi
1280 565 1459 599 compositor,
1477 565 1566 593 dictus
1582 566 1642 593 fuit.
1657 567 1776 602 Apparet

983 616 1046 635 cum
1063 617 1117 636 non
1140 610 1267 644 paruisse
1284 610 1439 639 Solomonis
1459 611 1543 644 dicto,
1562 612 1599 639 ita
1618 613 1777 647 praecipien-

984 655 1030 687 tis,
1057 654 1119 689 Fili,
1140 663 1205 683 eave.
1218 664 1252 684 ne
1275 657 1376 685 multos
1395 657 1479 686 lihros
1503 657 1600 686 facias.
1620 658 1713 695 Neque
1739 659 1778 686 fc-

984 701 1057 728 stiua
1077 702 1162 737 loqui,
1192 711 1281 738 neque
1298 707 1425 738 properet
1455 704 1563 732 animus
1589 710 1652 732 tuus
1681 713 1776 734 coram

986 745 1040 773 Deo
1064 747 1146 774 verba
1177 747 1276 775 facere.
1306 747 1373 775 Nam
1391 748 1463 777 Deus
1483 750 1510 776 in
1536 750 1607 777 caelo
1627 758 1709 785 supra
1725 756 1776 784 est,

985 798 1067 828 tuque
1079 793 1150 821 infra
1160 794 1186 821 in
1199 799 1283 822 terra.
1296 795 1391 829 Itaque
1403 803 1549 824 sermones
1561 797 1599 824 tui
1612 797 1667 825 sint
1676 798 1754 832 pauci
1768 807 1775 824 :

984 845 1078 865 eorum
1097 839 1170 866 cnim
1199 841 1373 868 multitudine
1403 847 1521 876 augetur
1550 842 1666 870 vanitas.
1695 842 1780 878 448

134 887 249 922 πρίζου
266 887 396 922 περισσὰ,
416 887 453 922 μή
472 895 536 913 ποτε
552 886 700 921 ἀσεὸήσῃς.
718 886 827 916 Ταύτας
841 886 931 912 τοίνυν

987 884 1074 919 Neque
1086 885 1124 912 sis
1139 885 1255 912 nimium
1273 887 1365 920 justus
1388 899 1393 914 ;
1411 888 1559 922 aliquando
1585 889 1657 915 enim
1671 888 1777 924 justum

134 932 394 968 παραγραψάμενος
406 933 456 964 τὰς
472 932 548 968 ἱερὰς
566 931 744 967 παραινέσεις
759 931 807 958 καὶ
823 940 932 966 παραγ-

134 981 327 1014 κωνισάμενος
338 1000 345 1012 ,
363 979 424 1006 οὐδὲ
440 979 488 1006 τοῦ
504 979 647 1006 Θεσπεσίου
672 979 808 1014 προσέσχε
825 978 932 1005 Παύλου

133 1027 168 1060 τῇ
187 1026 281 1061 ἐννοίᾳ
298 1035 329 1052 τε
349 1026 396 1052 καὶ
427 1026 534 1052 συνέσει
550 1026 579 1051 ὲν
595 1026 651 1056 τοῖς
677 1024 873 1059 συντάγμασιν.
904 1025 932 1052 ’0

133 1071 190 1106 γὰρ
206 1071 413 1107 τρισμακάριος
424 1070 531 1102 Παῦλος
544 1071 572 1097 ὲν
585 1071 747 1106 παρασκευῇ
762 1069 850 1103 λόγων
864 1077 932 1095 παν-

134 1116 262 1143 τοδαπῶν
283 1116 457 1152 βραχυτάτας
481 1116 627 1148 ἐπιστολὰς
648 1117 681 1151 τῇ
704 1116 797 1150 γραφῇ
814 1115 933 1151 παραδέ-

134 1162 217 1193 δωκε,
240 1163 334 1189 καίτοι
352 1163 437 1199 μυρία
453 1162 499 1190 καὶ
514 1162 662 1198 ἀπόρρητα
676 1162 768 1195 λέγειν
784 1161 864 1196 ἔχων,
885 1161 934 1188 ἅτε

135 1209 169 1235 τὰ
197 1209 299 1244 μέχρις
324 1208 440 1245 οὐρανοῦ
465 1208 558 1245 τρίτου
583 1207 750 1243 θεωρήματα
766 1207 933 1241 ἐπιφθάσας,

136 1253 180 1280 ἐπ’
196 1254 281 1280 αὐτὸν
298 1254 326 1280 δὲ
340 1254 386 1280 τὸν
404 1253 543 1289 θεοπρεπῆ
564 1252 729 1288 παράδεισον
747 1252 934 1288 ἀναρπασθεὶς

136 1300 183 1326 καὶ
212 1299 271 1327 τῶν
304 1300 392 1326 ἐκεῖσε
426 1300 624 1334 ἀνεκφράστων
652 1300 784 1335 ῥημάτων
819 1298 935 1325 ἀκοῦσαι

136 1344 280 1376 ἀξιωθείς.
307 1346 362 1371 Καὶ
392 1345 484 1380 μέντοι
512 1345 566 1371 οὐδ’
593 1345 617 1371 οἱ
641 1345 729 1370 λοιποὶ
748 1343 796 1370 τοῦ
816 1344 935 1379 Χριστοῦ

138 1391 277 1426 ean-qu
293 1390 397 1418 δώδεκα
415 1391 465 1426 μὲν
477 1391 638 1423 ἀπόστολοι,
654 1391 680 1417 ot
697 1390 724 1416 δὲ
744 1389 865 1425 μαθηταὶ⁸
887 1391 936 1417 καὶ

137 1437 212 1464 ἄλλοι
233 1437 304 1473 πρὸς
316 1438 422 1467 τούτοις
445 1437 548 1472 μυρίοι,
564 1437 614 1464 οἰκ
632 1436 742 1471 ἄπειροι
761 1436 847 1470 λόγων
862 1435 938 1471 ἐτύγ-

138 1490 237 1516 χανον·
261 1483 309 1509 καὶ
334 1483 409 1518 ὅμως
425 1480 471 1509 οὖν
486 1482 516 1515 ἑξ
541 1483 670 1508 ἁπάντων
692 1481 748 1508 τῶν
764 1480 812 1508 τοῦ
831 1481 935 1516 Κυρίου

139 1526 288 1561 διατριϐῶν
298 1527 332 1553 τὰ
344 1527 530 1562 ὑπομνήματα
546 1527 685 1558 Matinio;
698 1527 764 1562 ἡμῖν
780 1527 826 1553 καὶ
845 1526 935 1553 Ἰωάν-

140 1581 187 1607 νης
202 1572 445 1604 καταλελοὶπασιν,
461 1572 508 1605 οὓς
526 1574 572 1599 καὶ
586 1573 741 1607 ἐπάναγκες
754 1573 802 1599 ἐπὶ
819 1572 849 1599 τὸ
866 1573 936 1608 γρα-

142 1626 201 1652 φειν
218 1618 309 1644 ἐλθεῖν
331 1619 440 1653 κατέχει
457 1618 536 1653 λόγος
547 1639 553 1651 ,
572 1618 667 1653 ὥσπερ
683 1618 731 1644 καὶ
755 1618 869 1654 Μάρκον
890 1618 937 1645 καὶ

142 1665 251 1692 Δουκᾶν
269 1664 396 1700 ὕστερον.
417 1665 462 1691 Διδ
479 1665 511 1700 δή
526 1673 608 1700 φησιν
621 1665 635 1691 ὁ
654 1664 740 1699 μέγας
752 1665 890 1700 Μάξιμοςι
907 1665 937 1692 Ὁ

142 1710 219 1744 λόγος
238 1711 466 1746 συγγραψάμενος
486 1711 502 1746 ἦ
523 1711 591 1745 πρὸς
604 1710 654 1745 τὴν
668 1709 767 1736 ἑαυτοῦ
783 1710 937 1746 ὑπόμνησιν

145 1757 346 1792 συγγράφεται,
360 1757 376 1791 ἦ
391 1757 458 1792 πρὸς
470 1756 605 1791 ὠφέλειαν
623 1756 737 1791 ἐτέρων,
751 1757 767 1792 ἦ
783 1757 830 1783 καὶ
842 1758 937 1792 ἄμφω,

143 1804 159 1838 ἢ
184 1804 253 1840 πρὸς
280 1803 385 1839 βλάϐην
411 1803 510 1836 τινῶν,
537 1803 554 1839 ἢ
584 1803 652 1839 πρὸς
679 1803 834 1836 ἀπόδειξιν,
864 1804 880 1840 ἢ
909 1804 938 1836 ἐξ

145 1850 277 1885 ἀνάγκης.

176 1919 256 1946 Μετὰ
287 1919 315 1946 δὲ
341 1919 462 1955 Σεϐἧρον
490 1919 667 1947 ἐϐασίλευσεν
698 1920 857 1951 ’Δντωνῖνος
881 1919 938 1952 υἱὸς

143 1965 266 2001 ἣσήρου
285 1966 334 1991 καὶ
346 1965 433 1998 Γέτας
447 1967 461 1992 ό
478 1965 594 2000 ἀδελφὸς
608 1965 692 1993 αὐτοῦ
708 1966 795 2001 μῆνας
812 1965 869 1993 δύο.
884 1966 940 1992 Καὶ

143 2013 247 2048 σφάξας
274 2012 321 2039 τὸν
340 2013 407 2039 [διον
425 2012 540 2047 ἀδελφὸν
557 2013 586 2039 ὲν
602 2011 641 2047 τῷ
659 2011 752 2047 κόλπῳ
770 2013 818 2047 τῆς
835 2012 939 2047 μητρὸς

138 2059 330 2095 ἐμονάρχησεν
352 2059 398 2094 ἐτη
422 2062 460 2091 ς’.
483 2058 627 2094 Σεραπίων
644 2058 672 2084 δέ
686 2066 726 2090 τις
746 2057 939 2093 μαθηματικὸς

137 2106 235 2139 ἔλεγεν
251 2105 290 2136 ὡς
302 2104 461 2140 τεθνήξεται
473 2105 524 2131 οὐκ
539 2104 580 2136 είς
592 2103 703 2139 μακρὰν
723 2104 880 2135 ’Δντωνῖνος
893 2104 939 2130 καὶ

135 2152 286 2187 Μακρῖνος
314 2151 397 2178 αὐτὸν
421 2151 591 2183 διαδέξεται,
611 2151 658 2177 καὶ
675 2150 776 2183 ἔδειξεν
794 2150 875 2177 αὑτὸν
900 2150 939 2183 τῷ

134 2198 267 2232 δικ-ξύλῳ
293 2197 460 2232 παρεστῶτα
479 2196 522 2233 [Ρ.
539 2197 606 2228 2561
622 2197 691 2231 μετὰ
706 2197 755 2230 τῆς
774 2196 937 2230 συγκλήτου.

983 938 1032 957 sua
1051 931 1138 966 perdit
1152 931 1271 966 justitia.
1287 931 1379 968 Neque
1398 933 1511 960 nimium
1523 941 1597 968 sape.
1615 942 1649 962 ne
1667 934 1788 969 quando

984 975 1017 1002 ad
1034 976 1199 1011 impietatem
1218 977 1369 1012 prolaharis
1387 977 1419 1004 “.
1443 977 1589 1006 Enimvero
1602 979 1651 1006 has
1671 979 1717 1006 ille
1732 988 1778 1007 Bn-

983 1029 1046 1048 cras
1057 1022 1256 1049 admonitiones
1269 1028 1440 1057 aspernatus,
1451 1031 1538 1058 neque
1547 1023 1632 1050 divini
1646 1023 1724 1051 Pauli
1733 1031 1779 1052 sa-

984 1067 1113 1101 pientiam
1138 1068 1163 1096 in
1180 1069 1326 1096 scribendo
1347 1075 1460 1096 secu'us
1473 1073 1524 1096 est.
1541 1068 1644 1097 Paulus
1655 1069 1728 1096 enim
1749 1070 1778 1096 in

986 1117 1061 1140 tanto
1078 1114 1167 1141 omnis
1181 1115 1291 1149 generis
1315 1122 1472 1142 sermonum
1495 1120 1629 1150 apparatu
1646 1116 1778 1143 brevissi-

986 1167 1045 1186 mas
1054 1159 1184 1194 epistolas
1194 1160 1314 1195 scriptas
1329 1160 1452 1195 reliquit,
1470 1168 1531 1188 ctttn
1546 1161 1657 1196 quidem
1670 1161 1777 1189 infinita

985 1210 1012 1232 et
1027 1212 1126 1232 arcana
1144 1211 1237 1241 posset
1259 1206 1357 1235 litteris
1378 1208 1499 1240 tradere,
1528 1213 1556 1235 ut
1575 1209 1621 1244 qui
1640 1217 1728 1244 usque
1741 1211 1774 1236 ad

987 1252 1060 1278 tertii
1075 1251 1137 1279 caeli
1163 1253 1319 1287 spectacula
1345 1253 1435 1281 elatus
1448 1253 1532 1288 inque
1548 1255 1637 1289 ipsum
1653 1255 1777 1282 divinntn

987 1297 1144 1331 paradisum
1157 1298 1297 1333 abreptus,
1313 1298 1404 1334 ibique
1420 1299 1567 1326 ineffabilia
1582 1300 1664 1327 verba
1683 1301 1779 1328 audire

987 1341 1116 1377 dignatus
1132 1347 1216 1370 esset.
1233 1343 1304 1376 Quin
1334 1348 1362 1371 et
1378 1344 1476 1378 reliqui
1506 1343 1609 1372 Christi
1626 1346 1777 1376 auditores.

988 1386 1131 1414 duodecim
1148 1396 1263 1416 nttmero
1273 1389 1390 1424 apostoli
1407 1395 1433 1416 et
1445 1390 1618 1425 septuaginta
1632 1390 1778 1426 discipttli,

989 1440 1020 1460 ac
1036 1439 1135 1468 praeter
1151 1434 1201 1462 hos
1220 1435 1356 1463 innumeri
1379 1436 1437 1469 alii,
1455 1444 1611 1472 quanquam
1632 1445 1686 1464 non
1708 1437 1780 1465 indi-

989 1480 1056 1506 serti
1078 1484 1181 1514 essent,
1209 1485 1300 1508 tamen
1309 1489 1343 1509 ex
1360 1485 1434 1509 tanta
1452 1483 1530 1510 turba
1548 1482 1692 1511 Matthaans
1719 1489 1779 1511 tan-

989 1529 1047 1552 ttnn
1062 1529 1088 1552 ct
1112 1526 1232 1555 Joannes
1243 1529 1457 1557 commentarios
1481 1529 1516 1557 de
1530 1530 1585 1556 vita
1600 1534 1626 1557 et
1640 1530 1722 1559 dictis
1738 1535 1781 1558 at-

989 1578 1042 1606 que
1074 1571 1156 1600 factis
1185 1573 1290 1602 Christi
1327 1575 1508 1609 scripserunt,
1540 1577 1716 1608 necessitate,
1750 1581 1781 1604 ut

989 1616 1085 1650 fertur,
1101 1619 1132 1645 ad
1149 1619 1327 1647 scribendum
1347 1621 1493 1659 compulsi,
1517 1622 1600 1649 sicuti
1627 1628 1654 1650 et
1681 1627 1780 1658 postea

989 1664 1120 1696 temporis
1140 1663 1247 1692 Marcus
1265 1668 1348 1700 atque
1368 1665 1470 1694 Lucas.
1496 1666 1560 1694 [deo
1588 1674 1705 1702 magnus
1735 1668 1781 1695 ille

989 1707 1124 1736 Maximus
1140 1710 1179 1737 sic
1198 1711 1235 1737 ait
1252 1720 1258 1738 :
1275 1710 1327 1744 Qui
1355 1712 1440 1740 libros
1456 1713 1564 1747 scribit,
1583 1713 1649 1741 facit
1667 1715 1718 1742 hoc
1733 1719 1782 1742 aut

989 1754 1041 1782 sibi
1067 1757 1293 1784 commentarium
1323 1758 1437 1794 parandi
1462 1766 1558 1791 causa,
1580 1764 1629 1787 attt
1651 1761 1781 1789 utilitatis

988 1801 1106 1828 aliorum
1122 1802 1220 1836 gratia,
1235 1807 1283 1830 aut
1309 1804 1454 1839 utriusque
1472 1813 1548 1841 ergo,
1565 1812 1613 1833 aut
1626 1807 1659 1834 ad
1680 1814 1782 1835 nocen-

989 1845 1053 1873 dnm
1071 1847 1143 1878 aliis,
1158 1852 1205 1874 aut
1221 1849 1378 1876 ostentandi
1394 1850 1496 1883 studio,
1513 1857 1560 1878 aut
1576 1856 1699 1880 coactus.

1024 1914 1089 1941 Post
1100 1914 1230 1942 Severum
1249 1915 1296 1942 lilii
1312 1916 1372 1951 ejus
1394 1916 1550 1945 Antoninus
1568 1923 1594 1946 et
1609 1918 1676 1946 Geta
1697 1920 1782 1954 impe-

990 1965 1121 1987 raverunt
1150 1969 1258 1989 menses
1271 1963 1299 1990 2.
1319 1962 1438 1991 Severus
1450 1964 1559 1997 deimle,
1580 1973 1643 1993 cum
1668 1965 1780 1993 fratrem

991 2007 1017 2034 in
1033 2007 1095 2035 sinu
1109 2009 1205 2037 matris
1219 2014 1357 2041 necasset.
1368 2011 1446 2038 solus
1466 2011 1612 2046 imperium
1630 2013 1715 2048 gessit
1731 2020 1781 2040 an-

991 2061 1042 2082 nos
1056 2054 1081 2082 6.
1099 2053 1216 2087 Quidam
1231 2064 1296 2084 vero
1322 2057 1545 2090 mathematicus,
1571 2058 1704 2094 Serapion
1731 2067 1781 2086 no-

990 2100 1074 2132 mine,
1090 2102 1218 2135 prmdixit
1236 2102 1406 2131 Antoninum
1425 2112 1478 2131 non
1497 2105 1584 2132 multo
1601 2109 1663 2140 post
1680 2105 1782 2140 peritu-

990 2153 1063 2178 rum.
1088 2148 1169 2182 eique
1191 2148 1340 2176 Macrinum
1372 2158 1579 2182 successurum,
1598 2146 1681 2187 M9
1701 2159 1782 2186 quem

991 2193 1071 2220 etiam
1085 2201 1147 2221 cutn
1163 2196 1337 2223 senatoribus
1346 2200 1480 2223 astantem
1495 2197 1581 2231 digito
1607 2198 1781 2225 demonstra-
1831 2228 1837 2232 _

140 2245 172 2272 Ὀ
183 2245 217 2272 δὲ
233 2244 289 2271 ὑπὸ
304 2243 403 2278 θυμοῦ,
424 2243 524 2279 μᾶλλον
538 2243 567 2270 δὲ
583 2243 635 2270 ὑπὸ
651 2243 700 2278 τῆς
715 2243 810 2277 τύχης,
825 2242 855 2268 οὺ
871 2250 934 2268 συν-

990 2238 1039 2266 vit.
1066 2239 1119 2266 Sed
1136 2241 1291 2268 Atttoninns
1317 2249 1372 2276 prae
1393 2242 1442 2272 ira.
1469 2247 1517 2270 aut
1545 2244 1637 2278 potius
1666 2244 1782 2271 fortuna:

133 2293 190 2327 ἧκε
203 2291 237 2318 τὸ
250 2291 398 2324 πρόσωπον
412 2291 564 2325 Μακρίνου,
577 2289 633 2316 ἀλλ’
645 2289 739 2325 ἕτερον
755 2289 799 2316 τὸν
822 2289 936 2324 πλησίον

135 2339 288 2365 ἐκέλευσεν
306 2337 521 2372 ἀποκτανθῆναι.
542 2336 572 2363 '0
589 2335 616 2362 δὲ
630 2336 769 2370 Μακρῖνος
787 2335 937 2361 ἐσπούδασε

135 2385 185 2412 τὸν
220 2384 380 2410 ’Δντωνίνον
400 2381 635 2418 προκαταλαϐεῖν·
653 2381 683 2408 ὃν
705 2380 759 2408 ἀπὸ
781 2380 829 2406 τοῦ
853 2380 936 2407 ἵππου

136 2429 310 2458 κατελθόντα
325 2429 356 2455 ἐν
370 2429 493 2464 κυνηγίῳ
506 2429 545 2460 είς
558 2427 698 2455 ἀπόπατον
709 2447 717 2459 ,
738 2426 937 2462 ἑκατόνταρχον

137 2474 311 2507 ἀποστείλας
329 2475 424 2501 τοῦτον
449 2475 488 2510 τῷ
521 2474 593 2508 ξίφει
610 2473 732 2506 ἀνεῖλεν,
758 2471 843 2499 εἰπὼν
869 2472 937 2507 πρὸς

142 2523 227 2550 αὐτόν
239 2531 247 2538 ·
270 2523 315 2555 Ὣς
333 2522 364 2549 σὺ
379 2523 425 2549 τὸν
445 2522 559 2557 ἀδελφὸν
570 2520 740 2556 ἀπέσφαξας,
759 2519 845 2551 οὕτως
859 2519 937 2554 κάγὼ

145 2569 186 2595 σέ.
208 2568 273 2594 Ἐπὶ
293 2568 390 2594 τούτου
405 2568 512 2605 πρῶτος
528 2568 677 2598 ἐπίσκοπος
691 2566 810 2600 κατέστη
833 2565 938 2597 Βυζαν-

145 2615 205 2641 τίου
226 2614 401 2649 Φιλάδελφος,
423 2614 471 2650 ἔτη
498 2614 562 2649 τρία
575 2619 582 2628 ·
600 2613 694 2649 πρώην
718 2612 772 2648 γὰρ
789 2611 938 2648 προΐστατο

149 2660 196 2696 τῇς
217 2659 380 2696 Ἐκκλησίας
395 2660 442 2696 ἔτη
456 2664 480 2696 η’
494 2660 678 2696 πρεσῦύτερός
694 2668 748 2691 τις.

184 2729 261 2756 Μετὰ
277 2729 435 2756 ’Δντωνῑνον
458 2729 617 2756 ἐϐασίλευσε
634 2729 783 2764 Μακρῖνος,
801 2728 830 2759 ὃς
851 2726 885 2764 ἦν
908 2728 938 2756 τὸ

190 2863 295 2893 “Psal.
315 2871 390 2897 xm,
405 2862 448 2890 16.
486 2863 506 2878 ⁶¹
529 2862 617 2890 Eccle.
634 2870 650 2890 ν
664 2867 691 2891 ct
710 2871 732 2891 v'l
747 2863 858 2899 passim.

310 2913 445 2943 PAI'ROL.
468 2911 525 2942 Gtt.
550 2911 597 2943 CX
605 2911 656 2942 .\ZI.

991 2290 1070 2318 nutu,
1087 2286 1237 2314 Macrinttm
1252 2295 1306 2315 non
1319 2288 1455 2322 cognovit,
1470 2290 1609 2324 aliumque
1623 2290 1673 2324 ipsi
1688 2295 1783 2318 astan-

991 2337 1044 2360 tem
1065 2340 1113 2368 pro
1133 2341 1166 2360 eo
1189 2334 1272 2368 jussit
1288 2335 1392 2362 necari.
1426 2334 1564 2363 Macrinus
1584 2343 1649 2362 vero
1668 2343 1781 2370 cperant

991 2380 1066 2408 dedit
1079 2386 1108 2408 ut
1125 2380 1257 2408 Antonini
1273 2385 1403 2408 conatum
1420 2386 1626 2416 anteverteret;
1655 2387 1682 2410 et
1706 2390 1781 2414 eum.

991 2433 1053 2453 cum
1068 2426 1095 2452 in
1108 2426 1251 2453 venatione
1263 2425 1367 2454 ventris
1381 2427 1547 2454 exoneraudi
1564 2434 1646 2454 causa
1665 2427 1699 2454 de
1710 2435 1782 2462 equo

992 2472 1182 2506 descrnderet,
1202 2473 1327 2500 immisso
1344 2474 1506 2501 centurione
1523 2474 1634 2507 occidit,
1648 2475 1758 2502 dicente
1774 2484 1780 2502 :

992 2519 1079 2547 Sicuti
1096 2525 1124 2546 tu
1136 2520 1258 2551 fratrem,
1278 2520 1314 2546 ita
1330 2528 1380 2555 ego
1398 2524 1425 2547 te
1440 2528 1518 2548 neco.
1535 2520 1572 2547 Eo
1588 2526 1710 2556 tempore
1724 2522 1782 2557 pri-

993 2575 1054 2594 mus
1080 2566 1205 2602 Byzantii
1233 2567 1380 2602 episcopus
1399 2568 1565 2595 constitutus
1586 2573 1628 2601 est
1643 2568 1784 2596 Philadel-

992 2613 1073 2646 phus,
1099 2618 1127 2641 et
1149 2620 1237 2641 annos
1251 2613 1268 2640 5
1285 2612 1394 2648 praefuit
1412 2622 1420 2640 :
1437 2617 1501 2641 aute
1527 2614 1600 2641 enim
1624 2622 1671 2650 per
1686 2622 1783 2644 octen-

992 2661 1067 2688 ninm
1083 2659 1212 2688 Ecclesiae
1231 2659 1338 2695 prmfuit
1356 2660 1466 2695 quidam
1485 2661 1638 2695 presbyter.

1028 2728 1168 2755 Antonino
1203 2728 1339 2756 succeSSit
1370 2728 1522 2762 Macrinus,
1556 2729 1782 2765 patriadlaurus
