2036 3153
265 169 319 202 519

922 163 1085 194 GEORGII
1106 162 1275 193 CEDRENI

1844 163 1900 195 5Ξο

223 234 228 243 δ
266 226 429 255 lactentium
456 229 605 260 puerorum
631 219 765 257 sanguine
794 219 901 255 impleri
926 220 953 246 in
982 226 1069 254 eaque

1122 218 1152 253 δὴ
1172 218 1294 245 Ἰουδαῖοί
1307 225 1378 249 τινες
1389 216 1516 252 ἔρχονται
1527 216 1650 251 λέγοντες
1660 218 1701 244 ὅτι
1714 216 1911 258 κολυμϐήθραν

268 273 344 300 ablui
362 271 507 307 juberent,
519 270 555 296 ita
572 269 647 303 lepra
663 267 848 294 liberandum.
864 265 1066 293 Conducuntttr

271 319 364 354 itaque
380 318 441 352 ejus
454 317 492 344 rei
509 322 591 342 causa
612 313 731 342 infantes
748 321 809 341 cum
826 313 979 346 tnatribus;
996 321 1065 347 qua-

268 373 331 400 rum
357 363 486 398 ejulattts,
506 361 627 389 crinium
654 360 824 392 evulsioncs,
842 359 949 394 aliaque
973 359 1065 394 qualia

269 410 384 438 intimus
410 408 489 435 dolor
511 406 669 434 hominibus
699 405 839 440 exprimit,
865 405 930 440 quid
962 404 1065 432 referre

270 454 387 483 attinet?
398 453 469 481 Sane
483 452 685 480 Constantinus
701 452 752 480 ista
774 451 870 478 videns
885 451 943 486 ipse
955 458 1066 486 quoque

269 500 463 536 illacrymavit,
490 499 614 533 dixitque
637 498 778 525 :Prrestat
802 505 845 525 tne
872 497 960 525 solum
995 497 1066 523 male

267 546 336 574 mori
365 552 448 580 quam
473 545 543 572 istos
577 543 708 574 infantes,
726 543 877 578 praesertim
902 543 1009 570 incerto
1026 541 1064 569 rei

269 591 356 619 exitu.
371 591 517 626 Simulque
535 590 578 618 liis
590 590 671 618 dictis
688 597 790 617 matres
811 589 928 624 benigne
943 588 1062 616 donatas

269 638 414 666 indemnes
433 638 551 665 dimisit.
566 637 626 664 Mox
646 644 694 672 per
720 636 888 664 insomnium
910 635 977 663 vidit
996 635 1066 663 duos

271 692 387 720 magnos
404 685 465 712 illos
483 684 624 719 apostolos
650 682 760 710 Petrum
785 688 811 710 et
829 682 956 714 l’aulum,
973 691 988 709 ιι
1004 684 1067 717 qui-

272 729 326 757 bus
352 730 514 757 monebatttr
540 728 578 756 uti
606 729 684 756 urbis
709 729 870 764 episcopum
901 729 1063 757 Silvestrum

271 776 426 810 requireret
441 784 448 802 :
462 776 497 803 ab
509 776 561 802 hoc
576 775 600 802 ei
618 775 758 802 lavacrum
787 774 1005 802 demonstratum
1021 776 1065 808 iri,

269 823 343 856 quod
371 827 397 850 et
420 823 519 849 anima:
544 825 571 849 et
589 822 713 857 corporis
736 822 809 848 mala
841 825 935 856 posset
961 822 1064 849 eluere.

271 867 353 895 Redit
374 875 438 903 ergo
457 868 593 895 Silvester
605 867 733 899 Romam,
749 875 802 902 qua
818 867 853 894 ob
871 868 1065 902 ingravescen-

271 919 314 942 tes
345 914 553 948 persecutiones
585 913 772 946 exsulaverat,
801 918 829 940 et
853 897 1105 940 ConstantinumB

270 959 437 988 Christianae
457 959 600 993 religionis
627 959 754 987 doctrina
777 959 886 991 imbuit,
906 965 989 995 atque
1013 960 1061 987 ba-

272 1007 367 1043 ptizat.
398 1006 450 1039 Qui
475 1013 538 1033 cum
561 1005 595 1033 de
621 1013 702 1033 sacro
729 1005 910 1033 adseenderct
944 1007 1065 1039 lavacro,

272 1054 346 1081 illico
358 1061 473 1088 corpore
488 1053 548 1088 ejus
567 1052 690 1086 quaedam
706 1059 836 1086 squamas
852 1052 970 1084 piscium
988 1052 1065 1080 sinti-

271 1099 387 1126 iitudine
397 1097 562 1133 attingentia
572 1097 656 1134 476
663 1097 836 1129 deciderunt,
850 1097 956 1132 fuitque
968 1104 1069 1132 purga-

272 1150 329 1177 tus,
341 1150 369 1172 et
386 1149 459 1172 totus
469 1145 506 1172 ita
517 1145 636 1171 mundus
651 1147 680 1170 ut
691 1143 762 1170 solet
773 1143 892 1170 tnundus
903 1150 964 1170 esse
976 1142 1068 1171 infans

271 1198 371 1218 recens
386 1194 477 1218 natus.
496 1190 523 1216 ld
537 1197 601 1217 cum
618 1189 723 1216 videret
743 1188 873 1223 populus,
887 1188 984 1223 ingens
996 1188 1068 1215 mul-

271 1236 362 1265 titudo
376 1236 514 1271 baptizata
531 1239 586 1268 est,
603 1238 686 1270 atque
697 1234 779 1262 etiam
793 1233 909 1270 Crispus
928 1234 1067 1263 Constan-

272 1283 324 1310 tini
339 1282 423 1310 filius.

309 1328 361 1361 Qui
381 1332 473 1355 autem
498 1326 594 1354 dicunt
609 1325 821 1354 Constantinum
843 1330 932 1353 morte
955 1325 1065 1353 demum

275 1374 516 1409 appropinquante
541 1374 575 1400 ab
602 1372 720 1400 Eusebio
749 1371 915 1401 Nicomedia:
940 1372 1069 1406 episeopo

275 1420 381 1446 Ariano
410 1419 493 1446 fuisse
515 1418 681 1445 Nicomedia:
700 1419 881 1452 baptizatum,
899 1421 1004 1444 errant.
1022 1417 1068 1444 Di-

274 1470 341 1493 cunt
371 1467 406 1492 ab
429 1473 463 1492 eo
486 1465 652 1499 baptismum
677 1464 808 1494 dilatum,
839 1463 910 1497 quod
943 1467 1069 1497 speraret

276 1521 306 1540 se
324 1513 350 1539 in
366 1505 486 1539 Iordane
511 1511 680 1546 baptizatum
698 1510 744 1537 iri.
764 1510 834 1542 Quid
862 1517 926 1536 vero
943 1509 1070 1536 obstabat

277 1567 328 1587 cur
341 1567 394 1585 non
408 1558 464 1593 jam
478 1561 535 1584 tutu
555 1558 582 1585 in
601 1557 721 1584 Jordane
750 1557 947 1591 baptizaretur,
966 1564 1027 1583 cum
1042 1559 1069 1583 et

277 1604 418 1632 Galerium
446 1604 473 1629 in
491 1601 602 1629 Oriente
622 1601 769 1629 debellaret
789 1605 816 1628 et
837 1601 928 1628 denuo
961 1601 989 1628 in
1003 1601 1069 1628 Per-

278 1651 346 1678 siam
363 1648 675 1685 proficiscereturHam
691 1649 762 1682 quod
777 1655 838 1674 cum
860 1648 984 1674 nonnulli
1003 1655 1071 1682 spu-

277 1696 349 1722 riqu
367 1695 581 1727 calumniantur,
596 1699 727 1722 extremae
739 1697 781 1721 est
796 1693 991 1727 improbitatis,
1007 1700 1069 1719 cum

226 1769 234 1773 _
277 1741 338 1776 ejus
354 1741 438 1775 stirps
454 1740 635 1775 imperatoria
656 1739 740 1767 fuerit
755 1739 841 1766 etiam
869 1742 932 1766 ante
965 1738 1071 1766 Diocle-

278 1789 393 1815 tianum.
417 1787 498 1814 Pater
512 1787 585 1814 enim
603 1786 695 1821 magni
720 1784 893 1813 Constantini
920 1783 972 1811 fuit
997 1783 1071 1811 Con-

278 1834 408 1865 stantius,
422 1833 475 1860 ﬁlia
492 1832 599 1859 Claudii
618 1831 793 1866 imperatoris
809 1834 888 1857 natus
906 1838 914 1858 :
933 1829 956 1857 is
972 1837 1003 1857 ex
1016 1830 1072 1865 pri-

278 1888 321 1906 ma
338 1887 387 1906 sua
400 1887 486 1907 uxore
502 1879 604 1906 Helena
620 1878 835 1906 Constantinum
847 1876 971 1910 sustulit,
985 1877 1070 1904 veluti

277 1925 428 1952 indicatum
444 1932 458 1951 a
473 1925 553 1952 nobis
569 1924 630 1951 fuit.

316 1972 462 2007 Baptizato
477 1971 664 1999 Constantino
686 1969 757 1998 Deus
782 1977 830 2005 per
852 1970 961 1997 beatum
982 1969 1070 1997 Silve-

277 2024 365 2045 strum
378 2025 478 2052 magna
499 2017 586 2045 edidit
603 2017 756 2049 miracula;
774 2017 808 2043 de
826 2017 926 2051 quibus
941 2016 1070 2044 omnibus

278 2065 391 2092 unicutn
416 2063 650 2091 commemorabo.
679 2063 719 2090 Ad
749 2062 924 2089 fundamenta
942 2061 1070 2096 Capitolii

278 2111 384 2143 Romae,
404 2110 538 2138 descensu
562 2110 696 2144 graduum
717 2108 780 2139 565,
798 2107 905 2136 inferne
928 2109 1071 2136 habitabat

278 2158 365 2185 draco
385 2156 506 2192 quidam,
528 2157 573 2184 cui
593 2155 682 2183 Graeci
697 2155 817 2190 quotidie
833 2162 888 2181 rem
904 2161 1011 2181 sacram
1028 2153 1067 2181 fa-

279 2202 401 2229 ciebant.
429 2201 540 2236 Absque
560 2201 634 2228 enim
659 2201 712 2227 hoc
735 2204 818 2232 esset,
842 2199 934 2227 subito
961 2198 1070 2226 irruens

1118 263 1172 299 χρὴ
1187 264 1299 299 ποιῆσαι
1315 263 1361 298 ἀφ’
1378 263 1494 298 αἵματος
1514 262 1676 297 ὑπομαζίων
1692 263 1801 299 βρεφῶν
1817 265 1864 291 καὶ
1881 267 1911 292 εν

1116 309 1185 345 αὐτῇ
1200 309 1368 344 λουσάμενον
1383 309 1597 344 καθαρισθῆναι.
1613 309 1785 344 Συνάγονται
1808 307 1858 338 οὖν
1877 311 1912 338 τὰ

1118 355 1205 390 βρέφη
1224 355 1294 390 μετὰ
1307 355 1360 383 τῶν
1383 355 1523 390 μητέρων.
1539 356 1596 382 Kal.
1622 355 1649 382 τί
1665 356 1706 383 δεῖ
1728 356 1822 390 λέγειν
1847 357 1914 389 τοὺς

1115 402 1171 428 τῶν
1189 401 1316 437 μητέρων
1330 401 1468 437 ὀδυρμοὺς
1481 402 1528 428 καὶ
1543 402 1592 434 τὰς
1604 402 1658 429 τῶν
1671 402 1773 438 τριχῶν
1788 404 1914 435 ἐκκοπεὶς

1118 447 1166 474 καὶ
1193 445 1279 474 τᾶλλα
1303 448 1354 474 ὅσα
1385 449 1441 477 τοῖς
1469 449 1502 474 ὲκ
1520 447 1610 483 ψυχῆς
1634 448 1819 483 ὀδυνωμένοις
1838 450 1914 483 sati;

1117 493 1210 520 Ταῦτα
1229 493 1290 520 ἰδὼν
1304 495 1407 525 ἐκεῖνος
1427 494 1473 520 καὶ
1490 493 1642 529 σύνδακρυς
1656 495 1803 529 γενόμενος
1827 493 1891 522 εἷπε
1908 503 1914 511 ’

1117 539 1206 566 Καλόν
1224 541 1283 566 ἐστι
1304 539 1404 574 μᾶλλον
1421 540 1470 575 ἐμὲ
1488 540 1567 574 μόνον
1578 540 1655 574 κακῷ
1672 541 1748 576 μόρῳ
1763 541 1916 568 ἀποθανεῖν

1117 585 1133 620 ἢ
1155 585 1244 611 ταῦτα
1271 585 1305 611 τὰ
1324 578 1423 620 βρέφη.
1448 585 1529 611 Ἀλλὰ
1558 585 1605 612 καὶ
1624 586 1666 617 τίς
1686 583 1757 612 οἶδεν
1783 586 1815 612 τὺ
1836 586 1917 618 τέλος

1119 631 1225 664 ὀποῖον;
1243 631 1337 657 Ταῦτα
1352 631 1437 657 είπὼν
1454 631 1503 657 καὶ
1518 631 1568 662 τὰς
1582 632 1707 666 μητέρας
1722 632 1820 667 δώροις
1837 633 1918 667 φιλο-

1119 676 1327 712 φρονησάμενος
1341 677 1477 704 ἀπέλυσεν
1503 678 1531 704 ἐν
1554 678 1661 713 εἰρήνῃ.
1684 677 1778 715 Ταύτῃ
1792 687 1836 706 ¹ιὀι
1866 679 1917 706 καὶ

1117 724 1176 749 κατ’
1191 723 1258 759 ὄναρ
1275 724 1325 759 ὀρᾷ
1343 725 1407 755 τοὺς
1432 723 1479 750 δύο
1504 724 1645 758 μεγάλους
1670 726 1839 757 ἀποστόλους
1863 727 1918 752 Πέ-

1117 778 1181 804 τρον
1202 770 1249 796 καὶ
1264 769 1370 796 Παῦλον
1386 770 1631 805 προτρεπομένους
1652 771 1732 798 αὑτὸν
1746 771 1917 807 Σίλϐεστρον

1118 817 1236 852 ζητῆσαι
1264 817 1309 844 τὸν
1330 818 1481 844 ἐπίσκοπον
1514 818 1564 852 τῆς
1598 818 1722 850 πόλεως·
1744 819 1799 845 Καὶ
1827 819 1918 850 αὐτὸς

1118 863 1254 896 ὑποδείξει
1268 872 1309 889 σοι
1324 863 1519 899 κολυμϐήθραν
1542 863 1575 889 δι’
1597 861 1631 899 ἦς
1647 864 1695 899 τῆς
1703 873 1731 890 τε
1748 865 1840 899 ψυχῆς
1866 864 1919 896 τὰς

1121 908 1214 940 νόσους
1231 909 1278 935 καὶ
1294 909 1342 936 τοῦ
1359 909 1485 944 σώματος
1502 910 1706 947 θεραπευθήσῃ.
1723 911 1854 946 Ἔρχεται
1870 911 1918 937 οὖν

1118 955 1132 980 6
1155 954 1317 990 Σίλϐεστρος
1341 956 1386 982 διὰ
1413 957 1477 987 τοὺς
1506 957 1699 990 ἐπικειμένους
1724 957 1863 992 διωγμοὺς
1888 958 1919 984 ἐν

1120 1000 1256 1035 φυγαδείᾳ
1272 1000 1367 1033 τελῶν⁷
1391 1001 1438 1028 καὶ
1469 1001 1596 1036 βαπτίζει
1623 1003 1784 1037 κατηχήσας
1809 1003 1918 1030 τοῦτον.

1120 1045 1210 1076 Εὐθὺς
1227 1046 1272 1072 οὖν
1289 1046 1343 1073 ἀπὸ
1358 1047 1409 1082 τῆς
1424 1047 1499 1080 θείας
1515 1048 1710 1084 κολυμϐήθρας
1731 1050 1920 1085 ἀνερχομένου

1118 1091 1165 1118 τοῦ
1180 1092 1387 1120 Κωνσταντίνου
1403 1093 1532 1126 ἐξέπεσον
1546 1094 1601 1121 ἀπὸ
1616 1094 1664 1121 τοῦ
1688 1094 1815 1130 σώματος
1829 1096 1917 1123 αὑτοῦ

1118 1136 1184 1164 ὡσεὶ
1195 1137 1313 1171 λεπίδες,
1328 1140 1374 1166 καὶ
1385 1139 1568 1175 ἐκαθαρίσθη,
1580 1141 1628 1168 καὶ
1639 1141 1752 1175 γέγονεν
1761 1142 1822 1168 ὅλον
1840 1142 1920 1176 ὑγιὲς

1119 1182 1156 1213 ὡς
1169 1183 1315 1218 παιδαρίου
1334 1185 1444 1220 μικροῦ.
1463 1186 1549 1213 Τοῦτο
1567 1186 1668 1219 ίδόντες
1681 1188 1705 1214 οί
1726 1188 1787 1214 λαοὶ
1801 1189 1920 1215 ἐϐαπτί-

1121 1230 1223 1265 σθησαν
1240 1230 1360 1266 ἄπειροι,
1379 1232 1427 1258 καὶ
1450 1232 1573 1267 Κρίσπος
1586 1233 1600 1259 6
1615 1233 1672 1265 υίὸς
1692 1234 1919 1261 Κωνσταντίνου.

1156 1321 1187 1347 Οἱ
1209 1320 1237 1347 δὲ
1263 1321 1390 1356 λέγοντες
1409 1322 1438 1348 ἐν
1462 1321 1630 1358 Νικομηδεία
1662 1324 1734 1349 κατὰ
1753 1323 1801 1349 τὸν
1832 1322 1919 1350 αὐτοῦ

1120 1366 1236 1393 θάνατον
1253 1367 1434 1402 βαπτισθῆναι
1451 1369 1502 1395 ὑπδ
1523 1369 1655 1396 Εὑσεϐίου
1669 1369 1716 1396 τοῦ
1729 1370 1921 1404 Νικομηδεῐας

1119 1413 1167 1440 τοῦ
1190 1414 1331 1449 Ἀρειανοῦ
1361 1414 1518 1449 ψεύδονται.
1546 1416 1615 1442 Φασὶ
1639 1415 1694 1451 γὰρ
1715 1416 1921 1444 ἀναϐάλλεσθαι

1120 1459 1201 1486 αὐτὸν
1215 1459 1246 1485 τὸ
1264 1459 1406 1495 βάπτισμα
1415 1461 1461 1487 δια
1474 1460 1504 1487 τὸ
1516 1460 1637 1493 ἐλπίζειν
1650 1461 1732 1488 αὐτὸν
1747 1461 1776 1487 ἐν
1793 1461 1833 1497 τῷ
1852 1462 1922 1497 Ἰορ-

1121 1504 1187 1540 δίινῃ
1207 1505 1401 1542 βαπτισθῆναι.
1420 1507 1452 1533 Τί
1467 1507 1521 1542 γὰρ
1545 1505 1580 1543 ἦν
1605 1507 1679 1543 αὺτῷ
1708 1508 1755 1534 καὶ
1779 1507 1922 1543 ἐμποδὼν,

1122 1551 1168 1577 τὸν
1181 1551 1326 1587 Γαλλέριον
1349 1553 1378 1579 ἐν
1395 1553 1426 1588 τῇ
1463 1553 1591 1588 Ἀνατολῇ
1610 1554 1849 1589 καταπολεμοῦντι
1873 1555 1924 1581 καὶ

1123 1597 1162 1628 εἰς
1176 1597 1295 1631 Περσίαν
1315 1597 1396 1624 πάλιν
1413 1599 1445 1625 ἐκ
1459 1598 1586 1633 δευτέρου
1599 1599 1758 1631 εἰσελθόντι,
1777 1599 1814 1635 μὴ
1827 1599 1920 1626 ἀπελ-

1123 1642 1179 1670 θεῖν
1196 1643 1244 1669 καὶΙ
1266 1643 1449 1679 βαπτισθῆναι
1467 1645 1497 1670 ἐν
1515 1644 1554 1679 τῷ
1572 1645 1707 1681 Ἰορδάνῃ;
1731 1646 1812 1672 Ἀλλά
1827 1647 1876 1672 καὶ
1892 1647 1924 1673 τὺ

1122 1688 1160 1720 ὡς
1179 1689 1256 1715 νόθον
1271 1689 1424 1716 διαϐάλλειν
1441 1690 1524 1716 αὑτὸν
1539 1691 1631 1726 πάσης
1649 1691 1749 1723 κακίας
1774 1692 1861 1718 ἐστίν.
1888 1691 1924 1719 Ἦ

1123 1734 1176 1770 γὰρ
1192 1735 1272 1769 γενεὰ
1286 1735 1368 1762 αὑτοῦ
1387 1735 1514 1772 βασιλικὴ
1530 1736 1636 1772 ὑπῆρχε
1658 1737 1706 1764 καὶ
1728 1737 1782 1773 πρδ
1805 1737 1924 1773 Διοχλη-

1122 1781 1226 1809 τιανοῦ.
1253 1783 1308 1808 Καὶ
1327 1783 1382 1817 γὰρ
1401 1783 1413 1809 6
1431 1783 1523 1818 πατὴρ
1548 1782 1631 1810 αὑτοῦ
1654 1784 1846 1815 Κωνσταντιος
1871 1785 1922 1810 θυ-

1123 1827 1266 1862 γατριδοῦς
1295 1826 1329 1864 ἦν
1349 1828 1482 1855 Κλαυδίου
1513 1829 1560 1856 τοῦ
1577 1828 1719 1864 βασιλέως,
1742 1830 1789 1856 καὶ
1814 1831 1847 1856 ἐκ
1871 1831 1924 1865 τῆς

1129 1873 1238 1908 Ἑλένης
1250 1874 1300 1909 τῆς
1316 1875 1428 1909 πρώτης
1444 1874 1526 1901 αὐτοῦ
1543 1875 1669 1909 γυναικὸς
1685 1874 1748 1911 ἔσχε
1767 1875 1813 1902 τὸν
1825 1875 1924 1910 Μέγαν

1125 1919 1343 1953 Κωνσταντίνον,
1360 1921 1452 1953 καθὼς
1471 1921 1604 1948 λέλεκται.

1160 1965 1263 1992 Τούτου
1277 1966 1324 1993 οὖν
1338 1966 1533 2001 βαπτισθέντος
1547 1967 1654 2002 μεγάλοι
1667 1966 1809 2002 θαυμάσια
1827 1966 1924 2003 ἐποίη-

1127 2019 1173 2037 σεν
1189 2011 1202 2037 ὁ
1222 2011 1287 2043 Θεὸς
1296 2011 1340 2038 διὰ
1352 2011 1399 2038 τοῦ
1421 2012 1450 2038 ἐν
1471 2012 1560 2047 ἁγίοις
1583 2012 1758 2048 Σιλϐέστρου.
1783 2013 1879 2041 Πάντα
1893 2014 1922 2041 δὲ

1124 2058 1222 2093 παρεὶς
1246 2057 1276 2084 ἓν
1291 2058 1372 2093 μόνον
1393 2059 1502 2094 φράσω.
1529 2059 1574 2085 Ἐν
1595 2059 1634 2094 τῷ
1661 2059 1831 2095 Καπιτωλίῳ
1852 2060 1922 2086 Ῥώ-

1127 2112 1190 2138 μης,
1210 2103 1332 2139 βαθμοὺς
1349 2104 1438 2140 ἔχοντι
1453 2105 1627 2140 τριακοσίους
1643 2105 1874 2141 ἑξηκονταπέντε,
1892 2107 1922 2133 ἐν

1124 2150 1158 2184 τῇ
1173 2149 1319 2176 καταδύσει
1330 2150 1385 2177 τῶν
1406 2150 1520 2185 βαθμῶν
1535 2151 1583 2178 καὶ
1598 2151 1653 2177 τῶν
1667 2151 1802 2186 θεμελίων
1810 2152 1922 2187 δράκων

1124 2195 1191 2230 ῷκει
1205 2195 1248 2232 [Ρ.
1260 2195 1323 2232 272]
1342 2197 1537 2232 παμμεγέθης,
1546 2194 1569 2231 ᾧ
1581 2197 1722 2230 ἑθυσίαζον
1734 2198 1796 2225 καθ’
1811 2199 1922 2234 ἡμέραν

279 2249 381 2275 multos
397 2240 521 2274 ladeﬁat.
535 2247 574 2274 Eo
589 2247 722 2274 Silvester
738 2245 893 2278 descendit,
909 2249 936 2273 et
958 2245 1069 2272 inventa

1127 2240 1270 2276 Ἕλληνες.
1289 2242 1321 2268 Εἰ
1335 2242 1357 2268 δ’
1371 2241 1417 2275 οὒ,
1442 2242 1510 2269 ἀλλὰ
1531 2243 1662 2278 ἐξαίφνης
1679 2243 1836 2270 ἐπιπίπτων
1853 2244 1921 2271 πολ-

280 2295 377 2329 exigua
391 2293 473 2330 477
495 2293 574 2325 cella,
595 2299 657 2327 qua
674 2291 754 2319 aereis
781 2298 844 2326 apta
870 2295 930 2319 erat
953 2290 1071 2324 foribus,

281 2340 332 2366 bas
348 2339 454 2367 obdens
477 2339 505 2366 in
520 2338 632 2366 nomine
650 2337 717 2365 Jesu
732 2337 834 2365 Christi
851 2336 998 2365 draconem
1024 2337 1069 2364 in-

279 2383 400 2411 terfecit.

315 2480 423 2510 Nanum
449 2488 553 2508 annum
580 2480 734 2515 imperante
753 2477 950 2511 Constantino‘,
974 2477 1072 2506 Metro-

280 2527 386 2563 phanes
402 2535 430 2554 tv
444 2527 591 2561 episcopus
604 2524 726 2560 Byzantii
742 2529 852 2552 creatus
867 2527 919 2551 est.
934 2523 996 2550 Haec
1009 2531 1071 2550 eum

282 2573 309 2599 in
324 2572 435 2600 Oriente
451 2571 632 2599 Maximianus
643 2571 769 2598 Galerius
786 2569 947 2604 audivisset,
970 2569 1072 2597 bellum

284 2617 416 2645 adversus
436 2617 608 2645 Christianos
632 2616 726 2643 movit.
743 2615 854 2642 Decimo
871 2622 944 2642 anno
963 2615 1005 2642 sui
1021 2614 1074 2642 im-

286 2663 367 2699 perii,
384 2663 582 2691 Constantinus
597 2663 710 2698 Magnus
722 2667 749 2690 et
767 2662 888 2690 Licinius
903 2662 995 2689 Caesar
1008 2669 1075 2688 con-

285 2714 328 2736 tra
351 2708 490 2736 Galerium
517 2717 593 2737 arma
620 2713 797 2744 paraverunt.
821 2709 854 2737 Et
878 2707 1075 2737 Constantinus

285 2754 352 2783 fuso
366 2754 487 2782 exercitu
505 2754 619 2786 Galerii,
639 2755 782 2783 universos
800 2755 912 2783 occidit.
940 2755 1000 2789 Ipse
1023 2754 1076 2782 Ca-

284 2802 370 2830 lerius
392 2800 518 2837 proiecto
541 2801 709 2835 diademate,
724 2809 786 2829 cum
810 2802 907 2837 paucis
932 2801 1076 2830 ﬁdissimis

283 2848 348 2884 fuga
367 2849 489 2883 elapsus,
503 2855 518 2875 a
534 2855 604 2883 pago
619 2848 653 2875 ad
669 2855 767 2883 pagum
791 2847 932 2880 discurrit,
945 2847 1074 2875 sacerdo-

286 2902 382 2933 tesque
400 2895 625 2931 simulacrorum,
647 2901 761 2932 mystas,
775 2897 850 2924 vates
873 2899 901 2924 et
918 2893 1021 2923 ariolos
1046 2898 1076 2922 ut

1124 2285 1186 2317 λοὺς
1204 2286 1375 2321 ἐλυμαίνετο.
1397 2287 1502 2314 Ἑκεῖσε
1524 2287 1687 2322 Σίλϐεστρος
1716 2287 1852 2319 καταϐὰς,
1874 2289 1921 2314 καὶ

1125 2331 1246 2358 οἰκίσκον
1259 2332 1357 2367 μικρὸν
1383 2332 1479 2368 ἔχοντα
1495 2333 1583 2365 πύλας
1607 2332 1713 2368 χαλκᾶς
1730 2332 1819 2368 εὑρὼν
1838 2329 1871 2360 οὖ
1886 2331 1921 2369 ἦν

1125 2377 1258 2412 ὀδράκων
1285 2378 1396 2411 κλείσας
1411 2380 1460 2411 τὰς
1481 2380 1566 2415 Θύρας
1591 2381 1623 2416 τῇ
1651 2379 1798 2415 ἐπικλήσει
1827 2380 1918 2416 Ἰησοῦ

1125 2424 1245 2460 Χριστοῦ
1255 2425 1350 2452 τοῦτον
1375 2426 1531 2454 ἀπέκτεινε.

1161 2467 1207 2504 Τῷ
1222 2469 1244 2495 θ’
1259 2469 1315 2496 ἔτει
1339 2472 1389 2506 τῆς
1406 2471 1545 2506 βασιλείας
1572 2471 1793 2505 Κωνσταντίνου,
1808 2471 1920 2508 Μητρο-

1127 2516 1214 2551 φάνης
1230 2517 1379 2549 ἐπίσκοπος
1398 2517 1547 2550 Βυζαντίου
1567 2517 1588 2545 δ’
1603 2518 1709 2553 γέγονε.
1735 2518 1830 2545 Ταῦτα
1859 2519 1916 2546 τοί-

1127 2571 1174 2588 νυν
1196 2563 1210 2589 ὁ
1235 2563 1284 2598 τῆς
1308 2563 1392 2598 Ἐῴας
1416 2564 1588 2598 Μαξιμιανὸς
1602 2565 1616 2591 6
1639 2563 1784 2599 Γαλλέριος
1799 2562 1920 2595 ἀκοῦσας

1125 2609 1171 2636 τὸν
1188 2610 1257 2636 κατὰ
1272 2610 1443 2645 Χριστιανῶν
1465 2610 1548 2644 ἀνῆκε
1566 2611 1695 2645 πόλεμον.
1718 2610 1763 2637 'Ev
1774 2610 1813 2645 τῷ
1836 2614 1850 2637 ι’
1866 2611 1920 2638 ἐτει

1126 2655 1177 2690 τῆς
1203 2655 1340 2690 βασιλείας
1365 2655 1449 2682 αὑτοῦ
1474 2657 1488 2682 6
1511 2656 1607 2690 Μέγας
1633 2657 1841 2688 Κωνσταντῖνςς
1873 2657 1921 2683 σὺν

1126 2702 1240 2737 Λικινίῳ
1256 2702 1374 2737 Καίσαρι
1389 2703 1458 2729 κατὰ
1468 2702 1514 2729 τοῦ
1533 2702 1678 2738 Γαλλερίου
1696 2702 1817 2738 ἀθροίζει
1838 2702 1919 2728 πόλε-

1129 2757 1189 2784 μον,
1205 2749 1251 2775 καὶ
1276 2749 1370 2776 τοῦτον
1392 2749 1561 2785 τρεψάμενος
1591 2750 1697 2780 πάντας
1720 2749 1918 2783 κατασφάττει.

1127 2796 1213 2827 Αὐτὸς
1230 2795 1258 2821 δέ
1274 2796 1288 2821 6
1311 2796 1458 2830 Γαλλὲριος
1472 2796 1503 2822 τὺ
1524 2796 1645 2830 διάδημα
1670 2795 1750 2831 ῥίψας
1778 2795 1827 2821 καὶ
1862 2795 1919 2829 μετ’

1128 2841 1228 2876 ὀλίγων
1244 2842 1431 2870 εὐνουστάτων
1453 2841 1566 2878 διαδρὰς
1591 2841 1646 2868 ἀπὸ
1670 2840 1767 2876 κώμης
1797 2840 1838 2871 είς
1866 2839 1920 2866 κώ-

1131 2899 1184 2927 μην
1197 2891 1293 2927 (fixam,
1307 2891 1355 2918 καὶ
1369 2891 1431 2923 τοὺς
1450 2889 1532 2925 ἱερεῖς
1542 2887 1597 2916 τῶν
1618 2886 1735 2915 εἰδώλων
1751 2885 1798 2912 καὶ
1812 2885 1920 2917 μύσται
