2036 3153
144 169 198 202 521

690 166 963 198 HISTORIARUM
983 164 1249 196 COMPENDIUM.

1709 165 1762 197 522

138 225 185 252 καὶ
199 223 342 260 προφήτας
353 223 400 250 καὶ
416 223 527 258 μάντεις
541 223 579 255 ὡς
594 223 757 255 ἀπατεῶνας
782 222 923 257 κατέσφα-

977 221 1138 256 impostores
1159 221 1316 249 tru‘cidavit.
1347 220 1498 249 Undecimo
1522 228 1605 254 anno,
1621 229 1683 249 cum
1704 223 1762 258 jam

137 271 192 304 ειν.
217 271 262 296 Ἐν
285 269 370 304 δὲτῷ
386 273 421 296 ια’
447 270 503 296 ἔτει
527 270 669 305 μέλλοντος
694 269 864 305 κρατηθῆναι
878 268 925 295 τοῦ

137 315 312 351 Μαξιμιανοῦ
328 315 381 342 ὑπὸ
400 316 447 343 τοῦ
465 316 592 350 Μεγάλου
618 315 835 348 Κωνσταντίνου,
858 323 926 350 προ-

138 362 259 389 λαϐοῦσα
276 361 336 388 θεία
349 361 418 397 ὀργὴ
441 361 591 388 κατέλαϐεν
611 361 708 388 αὐτόν·
725 360 791 395 φλὸξ
805 360 859 396 γὰρ
873 359 927 387 ἀπὸ

131 408 190 435 τῶν
210 407 376 442 σπλάγχνων
391 407 474 434 αὑτοῦ
489 407 536 433 κα)⁸
550 407 638 442 μελῶν
659 406 812 441 άναφθεῖσα
834 406 927 441 ἀμφο-

138 455 235 490 τέρους
248 455 311 486 τοὺς
327 454 484 488 ὀφθαλμοὺς
500 454 582 480 αὐτοῦ
594 453 746 489 ἐκπηδῆσαι
765 454 926 488 πεποίηκεν,

138 501 165 526 αἱ
184 500 215 526 δὲ
230 500 334 534 σάρκες
349 499 431 526 αὐτοῦ
458 500 587 526 σαπεῖσαι
601 499 655 527 τῶν
668 499 769 525 ὀστέων
786 498 927 532 ἐξὶπεσον,

135 546 182 574 καὶ
197 545 273 572 οὓτω
293 545 430 577 διατεθεὶς
448 545 498 581 τὴν
516 545 651 581 Θεομάχον
675 545 760 572 αὑτοῦ
789 545 927 581 ἀπέρρηξε

135 592 240 627 ψυχήν.
262 591 308 626 Τῷ
328 591 402 626 αὐτῷ
414 591 443 618 δὲ
468 591 562 627 τρόπῳ
592 592 639 619 καὶ
665 592 816 626 Μαξιμῖνος
843 591 858 617 6
880 590 928 617 τοῦ

136 637 240 672 μιαροῦ
271 636 442 672 μιαρώτατος
476 637 543 669 υίὸς,
561 637 647 672 μυρία
673 638 723 664 ὅσα
752 637 800 663 καὶ
820 637 927 672 ἀρῤητα

136 684 207 711 κατὰ
238 683 294 709 τῶν
325 682 499 718 Χριστιανῶν
536 683 696 718 ἐπινοήσας,
733 683 928 718 ἀναριθμήτοις

135 729 232 760 κακοῖς
249 727 401 764 ὑπεδλήθη,
414 727 462 754 καὶ
481 729 570 760 νόσοις
587 729 662 762 παρὰ
688 728 768 762 φύσιν
785 729 832 754 καὶ
858 727 928 762 πλη-

134 774 193 808 ταῖς
210 773 348 806 ἐξαισίαις
361 773 610 808 ποινηλατούμενος
629 772 753 808 ἑξέψυξε.

167 819 215 854 Τῷ
251 819 285 854 ιβ’
307 819 362 845 ἔτει
390 819 512 846 Λικίνιον
539 818 672 854 διαθήκας
698 819 854 853 ἀπαιτήσας
880 818 927 845 τοῦ

135 865 218 902 μηδὲν
236 866 308 892 κατὰ
332 866 505 900 Χριστιανῶν
533 865 664 900 πράττειν
690 865 786 897 κακὸν,
818 864 928 899 βασιλέα

134 910 302 946 ἀναγορεύει
316 910 364 936 καὶ
380 909 515 945 ἀφορίσας
534 910 632 944 μοῖραν
645 908 695 943 τῆς
716 907 859 943 Ῥωμαίων
875 908 927 943 γῆς

134 956 253 982 δίδωσιν.
280 955 422 982 Ἐντεῦθεν
437 956 451 981 6
463 954 534 981 κατὰ
554 953 726 989 Χριστιανῶν
750 953 842 988 χάριτι
859 951 926 979 Θεοῦ

136 1001 281 1029 πέπαυται
296 1001 433 1036 διωγμός.·
447 1001 509 1028 Ἐπὶ
522 999 619 1027 τούτου
634 999 682 1027 τοῦ
698 999 822 1027 Λικινίου
838 999 927 1034 ἐμαρ-

134 1049 255 1084 τύρησεν
268 1049 283 1075 6
301 1048 378 1083 ἇγιος
391 1047 539 1083 Θεόδωρος.

165 1094 214 1130 Τῷ
233 1093 264 1121 ιδ’
289 1095 345 1121 ἐτει
361 1093 540 1129 μονοκράτωρ
567 1093 582 1119 6
611 1092 709 1127 Μέγας
725 1092 927 1123 Κωνσταντῖνος

136 1141 230 1176 πάσης
246 1140 296 1176 τῆς
321 1139 465 1175 Ῥωμαίων
488 1141 540 1174 γῆς
558 1139 704 1174 γενόμενος
730 1140 821 1166 πᾶσαν
844 1138 926 1164 αὑτοῦ

134 1187 180 1222 τὴν
200 1187 311 1214 ἔννοιαν
325 1187 365 1218 είς
385 1185 460 1218 θείας
479 1185 625 1222 φροντίδας
641 1185 809 1220 μετήγαγεν,
827 1184 928 1220 ἐκκλη-

137 1234 195 1265 σίας
211 1233 366 1268 ἀνεγείρων
388 1232 437 1259 καὶ
465 1232 616 1267 φιλοτίμως
642 1231 744 1262 ταύτας
764 1230 925 1262 πλουτίζων.

135 1279 240 1316 Γράφει
252 1278 282 1305 δὲ
295 1279 342 1305 καὶ
357 1278 462 1314 πρῶτον
474 1278 566 1313 νόμον,
575 1278 639 1308 τοὺς
653 1277 708 1304 τῶν
719 1276 836 1302 εἰδώλων
848 1275 928 1305 ναοὺς

136 1325 314 1352 ἀποδίδοσθαι
328 1325 383 1356 τοῖς
402 1324 441 1358 τῷ
462 1323 575 1358 Χριστῷ
603 1323 804 1358 άφιερωμὲνοις
823 1323 899 1353 ναοῖς
917 1327 924 1335 ⁸

134 1372 277 1407 δεύτερον,
293 1370 474 1405 Χριστιανοὺς
504 1370 602 1404 μόνους
618 1368 815 1404 στρατεύεσθαι
843 1367 927 1394 ἐθνῶν

137 1426 164 1444 τε
181 1418 232 1444 καὶ
245 1416 436 1452 στρατοπέδων
451 1416 558 1451 ἄρχειν,
577 1416 640 1447 τοὺς
654 1415 684 1442 δὲ
700 1415 879 1449 ἐπιμένοντας
892 1415 925 1450 τῇ

137 1463 349 1499 είδωλολατρείᾳ
364 1462 522 1497 κεφαλικῶς
542 1461 734 1498 τιμωρεῖσθαι·
749 1461 851 1497 τρίτον,
875 1460 925 1492 τὰς

136 1509 294 1544 πασχαλίας
311 1508 358 1535 δύο
373 1508 523 1543 ἑϐδομάδας
535 1508 693 1542 ἀπράκτους
709 1507 809 1540 τελεῖν,
823 1507 873 1542 τήν
895 1515 926 1532 τε

943 897 964 924 Β

975 267 1174 295 Constantinus
1190 267 1383 294 Maximianum
1402 271 1476 295 esset
1493 267 1521 294 in
1539 275 1616 295 suam
1639 273 1763 303 potesta-

978 318 1032 341 tem
1054 313 1227 347 redacturus,
1246 313 1295 341 Dei
1312 314 1352 340 ira
1368 314 1541 348 imperatoris
1557 319 1686 342 conatum
1702 322 1764 342 cor-

976 359 1103 394 ripiendo
1119 359 1172 388 isto
1191 360 1348 388 antevertit.
1364 359 1487 388 Flamma
1512 360 1584 388 enim
1600 369 1634 388 ex
1653 361 1764 388 inteslio

977 405 1020 433 nis
1028 405 1138 433 Gallerii
1152 409 1179 434 et
1193 405 1324 433 membris
1339 410 1444 438 exorta,
1456 411 1601 442 utrumque
1615 407 1640 434 ei
1655 407 1763 434 oculum

977 451 1050 479 elisit
1066 458 1236 486 :carnesque
1263 452 1296 479 ab
1319 452 1429 480 ossibus
1451 452 1623 480 deciderunt.
1649 452 1695 480 Sic
1718 454 1764 480 ille

979 497 1093 525 allectus
1111 497 1165 525 Deo
1190 498 1380 526 adversantem
1394 499 1513 526 animam
1527 500 1591 534 egit.
1607 499 1764 535 Eodemque

978 543 1059 571 modo
1076 544 1254 576 Maximinus,
1270 544 1401 572 scelerosi
1426 544 1508 579 hujus
1526 545 1758 573 sceleratissimus

979 589 1065 622 Illius,
1081 590 1129 624 qui
1148 589 1253 617 inﬁnita
1269 594 1296 617 et
1311 590 1458 617 inettabilia
1477 594 1576 617 contra
1589 591 1763 619 Christianos

978 637 1188 672 excogitaverat,
1204 636 1356 665 innumeris
1371 635 1460 672 poenis
1473 635 1627 671 subjectus,
1642 638 1763 665 morbis-

979 692 1032 719 que
1046 684 1248 712 innaturalibus
1263 687 1291 712 et
1304 683 1437 711 inauditis
1451 682 1571 712 miseriis
1584 684 1764 713 excarniﬁca-

979 737 1023 760 tus
1037 731 1114 760 obiit.

1018 822 1184 852 Dnodecimo
1206 830 1278 851 anno
1305 821 1451 855 Licinium,
1478 829 1540 850 cum
1561 821 1585 853 is
1605 825 1684 857 pacto
1709 822 1765 850 icto

980 871 1127 907 stipulatus
1142 873 1225 902 esset,
1246 869 1313 896 nihil
1331 875 1362 896 se
1376 872 1471 896 contra
1490 867 1661 896 Christianos
1674 873 1763 896 tenta-
1819 879 1822 882 ο

980 923 1083 949 turum,
1102 915 1294 950 imperatorem
1314 914 1474 947 declaravit,
1490 918 1651 949 partemque
1668 915 1691 941 ei
1710 913 1767 942 Ro-

978 961 1051 989 mani
1069 959 1176 994 imperii
1191 958 1326 986 attribuit.
1343 958 1422 985 Tunc
1439 957 1485 985 Dei
1504 958 1639 986 beneﬂcio
1652 959 1762 986 vexatio

978 1006 1198 1035 Christianorum
1217 1004 1301 1040 478
1325 1004 1400 1031 [inita
1428 1007 1480 1032 est.
1503 1004 1558 1032 Sub
1587 1005 1639 1032 hoc
1656 1003 1763 1032 Licinio

978 1053 1074 1081 beatus
1091 1051 1252 1078 Theodorus
1272 1053 1377 1086 martyr
1392 1057 1490 1085 passus
1503 1054 1546 1077 est
1566 1050 1743 1084 supplicium.

1013 1098 1092 1125 Anno
1102 1096 1208 1124 decimo
1222 1099 1320 1130 quarto
1334 1094 1614 1126 Constantinus,cum
1628 1094 1661 1122 ad
1674 1095 1762 1130 ipsum

979 1151 1063 1171 unum
1090 1143 1180 1170 omnis
1206 1142 1313 1176 imperii
1336 1145 1459 1177 potestas
1485 1140 1652 1175 devenisset,
1668 1149 1763 1169 omnes

979 1197 1044 1218 suas
1070 1188 1248 1224 cogitationes
1275 1187 1309 1214 ad
1328 1194 1421 1214 sacras
1441 1194 1484 1214 res
1501 1187 1652 1221 convertit,
1663 1189 1764 1223 templa

978 1235 1114 1264 exstruxit
1139 1242 1171 1262 ac
1186 1233 1328 1269 magniﬁce
1350 1233 1458 1260 ditavit.
1479 1232 1552 1261 Tulit
1575 1233 1657 1261 etiam
1678 1233 1762 1269 leges.

978 1282 1069 1310 Prima
1085 1281 1148 1313 fuit,
1165 1284 1196 1307 ut
1216 1280 1278 1307 fana
1301 1279 1458 1307 simulacris
1472 1284 1633 1307 consecrata
1653 1279 1764 1307 Christo

978 1328 1110 1355 dedicatis
1121 1326 1230 1361 templis
1245 1325 1448 1353 addicerentur.
1462 1325 1587 1352 Secunda
1603 1326 1671 1353 :soli
1685 1325 1765 1353 Chri-

978 1373 1060 1401 stiani
1075 1372 1203 1403 militent,
1217 1370 1428 1404 nationibnsque
1445 1373 1472 1397 et
1491 1370 1656 1398 exercitibus
1681 1372 1765 1407 impe-

977 1423 1048 1446 rent.
1068 1416 1119 1449 Qui
1139 1416 1168 1443 in
1196 1416 1272 1442 cultu
1295 1415 1425 1442 falsorum
1451 1414 1565 1442 deorum
1593 1422 1762 1450 perseverat,

977 1464 1065 1499 capite
1073 1463 1216 1498 plectatur.
1233 1461 1326 1489 Tertia
1340 1471 1347 1489 :
1361 1469 1408 1496 per
1423 1461 1491 1489 duas
1506 1462 1684 1497 septimanas,
1697 1471 1765 1498 qua-

976 1517 1037 1538 rum
1051 1509 1135 1537 altera
1150 1509 1296 1539 antecedit,
1310 1508 1395 1535 altera
1414 1508 1539 1543 sequitur
1556 1508 1672 1542 Pascha,
1691 1509 1765 1537 feria:

136 1554 189 1589 πρὸ
199 1552 249 1579 τοῦ
262 1553 357 1588 Πάσχα
367 1553 414 1578 καὶ
426 1551 475 1586 τὴν
489 1551 547 1586 μετ’
556 1551 651 1586 αὑτήν.
667 1550 708 1577 Τὰ
722 1550 751 1577 δὲ
760 1550 815 1577 τῶν
830 1550 925 1586 πηχῶν

977 1560 1068 1584 sunto.
1092 1555 1246 1582 Mensuram
1275 1562 1385 1590 quoque
1409 1554 1563 1582 cubitorum
1595 1555 1765 1583 ascensionis

135 1600 184 1635 τῆς
199 1599 362 1630 ἀναϐάσεως
376 1598 423 1625 τοῦ
435 1598 533 1624 Νείλου
549 1597 577 1624 ἐν
594 1599 627 1633 τῇ
651 1597 786 1632 ἐκκλησίᾳ
800 1597 927 1632 ἐνομοθέ-

135 1654 220 1681 τησεν
237 1644 433 1681 ἀναφέρεσθαι,
450 1644 496 1670 καὶ
524 1643 574 1670 οὐκ
602 1644 630 1670 ἐν
651 1643 690 1679 τῷ
716 1643 861 1679 Σαράπιδι,
889 1643 927 1675 ὡς

137 1693 242 1720 εἴθιστο
266 1693 322 1723 τοῖς
339 1691 479 1725 Ἕλλησιν.
505 1689 588 1717 Ἀλλὰ
609 1690 668 1716 δέον
698 1690 757 1716 ἐστὶ
784 1689 849 1725 περὶ
877 1691 927 1725 τῆς

135 1740 184 1767 ¹τοῦ
196 1739 275 1774 ἀγίου
288 1739 450 1774 Σιλὸἐστρου
467 1737 611 1769 διαλέξεως
624 1737 704 1770 ὀλίγα
717 1737 777 1764 τινά
789 1737 888 1764 εἰπεῖν.

174 1785 218 1822 [Ρ.
238 1785 305 1821 275]
329 1785 373 1819 Τῷ
389 1785 410 1811 δ’
423 1784 478 1810 ἔτει
504 1784 554 1819 τῆς
576 1783 714 1819 βασιλείας
737 1783 784 1810 τοῦ
818 1782 928 1809 εὺσεσε-

138 1835 238 1859 στάτου
250 1834 298 1859 καὶ
306 1832 432 1866 Μεγάλου
443 1830 648 1857 Κωνσταντίνου
658 1829 774 1861 διάλεξις
783 1829 892 1864 γέγονεν
899 1830 928 1855 ὲν

143 1877 415 1915 ῬὡμῃΧρισ-τιανῶν
431 1877 478 1905 καὶ
497 1876 643 1904 Ἰουδαίων,
657 1876 712 1903 Καὶ
725 1875 778 1902 τῶν
795 1876 843 1910 μὲν
858 1875 927 1911 Χρι-

139 1925 257 1952 στιανῶν
279 1926 293 1951 6
309 1924 396 1960 μέγας
410 1925 502 1959 ἡγεῖτο
515 1923 678 1957 Σίλὸεστρος
706 1922 800 1952 πάπας
815 1920 853 1947 ὢν
878 1921 928 1956 τῆς

146 1971 269 2006 Ῥώμης,
277 1969 411 1996 Ἰουδαίων
418 1969 447 1996 δέ
458 1969 507 1995 σὺν
516 1968 606 2000 ἄλλοις
616 1967 752 1998 πλείστοις
761 1965 927 2002 νομομαθὲσι

140 2021 188 2044 καὶ
199 2016 331 2051 Ζαμὸρῆς
343 2016 356 2042 6
367 2015 465 2050 μάγος,
477 2013 601 2049 Ἐσραϊος
612 2013 659 2040 καὶ
673 2012 751 2047 γόης,
759 2013 789 2038 ἐν
802 2008 824 2046 ᾧ
837 2012 927 2038 πᾶσαν

139 2064 187 2100 τὴν
204 2062 366 2098 πεποίθησιν
391 2060 462 2097 εἶχον
489 2061 514 2087 el.
535 2061 669 2087 Ἰουδαῖοι.
695 2060 812 2094 Λέγουσι
836 2059 927 2086 τοίνυν

145 2108 281 2136 Ἰουδαῐον
306 2107 467 2140 Ἐκλέξασθε
485 2106 588 2133 δώδεκα
610 2105 801 2142 Χριστιανοὺς,
831 2105 928 2137 οἵτινες

139 2155 276 2190 ὀφείλουσι
283 2152 520 2188 δικαιολογηθῆναι
528 2153 604 2187 ἡμῖν.
612 2151 642 2179 '0
649 2151 677 2177 δέ
683 2150 761 2184 ἆγιος
767 2149 878 2177 Σίλδεστ
881 2158 927 2185 ρος

138 2200 201 2236 ἐφη·
212 2199 307 2234 Ἦμεϊς
324 2199 364 2230 είς
374 2198 423 2233 τὴν
437 2197 484 2224 τοῦ
495 2197 563 2224 Θεοῦ
578 2196 692 2232 δύναμιν
704 2196 861 2231 ἀφορῶμεν.
879 2194 927 2227 Εἷς

202 2233 304 2278 ἐστινῷ
311 2244 437 2279 λέγομενσ
446 2243 561 2270 Ἀνάστα
571 2243 585 2269 6
592 2242 667 2276 Θεὸς,
676 2243 786 2269 δίκασον
795 2241 926 2277 τὴνδίκην
942 2233 963 2261 Ῑ)

140 2300 198 2318 σου.
216 2291 300 2318 ὀσον
311 2290 364 2326 γὰρ
375 2290 424 2324 τῆς
434 2289 489 2316 τῶν
499 2287 649 2324 ἀνθρώπων
660 2287 786 2324 βοηθείας
798 2287 926 2323 ὑστερού-

140 2338 221 2373 μεθα,
238 2336 366 2364 τοσοῦτον
383 2337 416 2371 τῇ
437 2335 484 2362 τοῦ
509 2335 576 2362 Θεοῦ
591 2335 703 2369 δυνάμει
728 2334 923 2369 στηριζόμεθα.

141 2385 212 2421 Πρὸς
225 2383 312 2411 ταῦτα
326 2382 458 2417 ’Δδιάθαρ
468 2382 596 2413 Ἰουδαῖος
613 2381 665 2416 ἔφη
677 2389 685 2397 ·
702 2381 787 2408 Τοῦτο
801 2382 830 2407 τδ
843 2381 924 2416 ῥητὸν

138 2431 152 2457 6
168 2429 302 2465 ἡμέτερος
321 2427 374 2462 ἐφη
392 2428 545 2462 προφήτης.
566 2427 622 2454 Καὶ
635 2427 648 2453 6
662 2425 738 2460 ἆγιος
753 2426 923 2460 Σίλδεστρος·

143 2476 235 2502 Πάντα
248 2474 368 2510 σήμερον
390 2472 508 2499 ἐνταῦθα
522 2473 554 2499 ἐκ
578 2472 633 2498 τῶν
658 2472 799 2507 ὑμετέρων
826 2471 925 2506 βίὸλων

139 2520 332 2557 προσενεγκεῖν
361 2518 459 2554 ἔχομεν
481 2518 543 2544 καθ’
562 2518 638 2553 ὑμῶν
662 2517 751 2544 αὐτῶν
764 2525 771 2532 '
788 2517 848 2544 τότε
870 2518 924 2554 γάρ
948 2531 950 2533 ι

137 2567 252 2602 λαμπρὰ
263 2566 366 2600 γίνεται
384 2564 457 2599 νίκη,
474 2565 539 2590 ὅταν
552 2564 583 2590 τὺ
598 2564 628 2597 ἐξ
651 2564 776 2595 ἐναντίας
793 2564 874 2599 μέρος
889 2566 922 2600 τῇ

138 2614 190 2640 τῶν
204 2613 313 2639 οἰκείων
326 2609 505 2638 διδασκαλιῶν
518 2609 644 2644 αὺθεντίᾳ
660 2609 772 2645 ἡττηθῇ.
793 2610 823 2636 '0
849 2609 924 2644 βασι-

137 2658 200 2691 λεὺς
218 2658 283 2693 ἔφη*
299 2657 374 2693 Αὕτη
389 2656 482 2683 δικαία
497 2656 513 2691 ή
526 2655 628 2690 κρίσις,
643 2655 671 2681 ἐν
686 2651 704 2692 ᾖ
717 2656 924 2689 καταναγκάζε-

138 2713 182 2731 ται
197 2704 312 2735 ἕκαστος
327 2703 359 2738 τῇ
374 2702 422 2737 τῆς
437 2701 506 2732 ἰδίας
518 2700 668 2735 θρησκείας
689 2700 818 2736 αὑθεντίᾳ
844 2701 925 2736 ἡττᾶ-

140 2751 211 2779 σθαι.
223 2749 355 2784 ’Δϐιάθαρ
379 2746 455 2775 εἴπεο
473 2747 526 2774 Τοῦ
542 2747 759 2784 παντοκράτορος
776 2747 854 2781 Θεοῦ,
878 2747 924 2774 τοῦ

139 2797 285 2833 ἡμετέρου,
293 2795 377 2831 λέγω,
391 2794 448 2830 ἰδίῳ
458 2794 573 2830 στόματι
586 2793 724 2829 λέγοντος,
739 2795 834 2828 Ἴδετε,
844 2794 925 2828 ίδετε,

172 2884 197 2903 ⁸⁵
213 2884 292 2914 Deut.
309 2891 397 2918 xxxtt;
413 2883 468 2912 Isa.
487 2890 549 2915 ην,
569 2881 603 2909 ιθ
620 2883 726 2917 passim.

304 2932 442 2964 Parnot.
462 2930 522 2962 Gn.
544 2930 654 2962 CXXI.

977 1601 1137 1636 Nili,jussit
1158 1601 1186 1628 in
1212 1601 1341 1636 templum
1364 1599 1470 1634 referri,
1493 1609 1547 1628 non
1575 1601 1617 1637 (ut
1642 1602 1766 1629 solebant

978 1648 1064 1676 Graeci
1077 1648 1177 1683 facere)
1197 1647 1223 1675 in
1242 1647 1306 1675 fano
1334 1647 1483 1682 Serapidis.
1511 1648 1683 1676 Verum'boc
1704 1649 1765 1677 loco

978 1698 1085 1730 oportet
1097 1701 1183 1729 pauca
1199 1693 1321 1729 qua-dam
1332 1693 1365 1721 de
1383 1694 1471 1728 sancti
1487 1693 1610 1721 Silvestri
1629 1695 1765 1730 colloquio

979 1741 1110 1768 inserere.

1013 1787 1110 1814 Annus
1129 1789 1188 1814 erat
1204 1790 1320 1821 quartus
1337 1786 1443 1821 Imperii
1459 1786 1634 1814 Constantini
1663 1787 1764 1822 Magni,

979 1841 1040 1860 cum
1059 1832 1150 1859 Roma:
1162 1833 1233 1859 inter
1249 1831 1420 1859 Christianos
1435 1836 1462 1859 et
1476 1831 1585 1859 Judwos
1600 1833 1765 1868 colloquitnn

980 1877 1042 1904 fuit.
1059 1876 1280 1904 Christianorum
1304 1883 1415 1903 causam
1441 1876 1538 1911 agebat
1570 1876 1700 1905 Silvester
1719 1879 1766 1906 ille

979 1930 1105 1958 magnus,
1122 1929 1190 1957 papa
1201 1922 1351 1953 Romanus,
1366 1921 1532 1954 Iudaeorum;
1550 1922 1621 1949 inter
1633 1923 1765 1957 plurimos

979 1968 1049 1996 alios
1071 1968 1139 2003 legis
1158 1967 1261 2002 peritos
1273 1967 1404 1996 Zambres
1426 1975 1482 1995 rem
1506 1968 1633 1996 tuebatur
1656 1971 1763 2006 magus,

980 2014 1092 2042 libratus
1108 2014 1250 2048 impostor,
1268 2013 1296 2040 in
1311 2021 1365 2048 quo
1373 2013 1458 2041 Judazi
1475 2021 1583 2041 omnem
1597 2023 1671 2050 spem
1685 2023 1764 2043 suam

979 2064 1168 2094 reposuerant.
1183 2059 1269 2087 Judaei
1284 2068 1290 2086 :
1305 2059 1402 2094 Eligite
1424 2060 1566 2088 duodecim
1583 2060 1764 2094 Christianos.

978 2115 1049 2142 quos
1067 2107 1139 2142 apud
1155 2114 1206 2134 nos
1220 2109 1329 2142 oportet
1355 2113 1467 2134 causam
1490 2107 1591 2134 dicere.
1611 2108 1742 2136 Silvestcr
1756 2118 1762 2124 -

978 2151 1033 2180 Nos
1062 2152 1096 2180 de
1120 2151 1240 2188 potentia
1267 2151 1314 2180 Dei
1342 2153 1501 2187 pendemus.
1526 2152 1603 2181 Unus
1621 2155 1692 2181 enim
1709 2150 1775 2186 est,‘

978 2205 1059 2233 quem
1091 2198 1131 2225 sic
1159 2198 1365 2232 compellamus.
1386 2198 1484 2233 Surge,
1512 2199 1594 2231 Deus,
1611 2204 1637 2227 et
1651 2207 1762 2227 causam

979 2249 1053 2272 tuam
1076 2251 1178 2272 assere.
1193 2243 1302 2278 Quanto
1327 2244 1399 2272 enim
1430 2246 1516 2281 magis
1543 2246 1622 2274 nobis
1651 2247 1763 2274 humani

979 2291 1074 2318 auxilii
1094 2291 1182 2323 deest,
1198 2289 1281 2327 479
1299 2294 1374 2318 tanto
1404 2291 1465 2326 plus
1492 2292 1520 2319 in
1548 2292 1640 2319 divino
1662 2293 1764 2320 auxilio

979 2336 1085 2364 ﬁduciae
1097 2337 1266 2370 reponimus.
1281 2336 1322 2363 Ad
1340 2337 1398 2364 ha-c
1413 2338 1545 2365 Abiathar
1559 2338 1669 2366 Judtnus
1683 2348 1688 2365 :
1701 2339 1764 2367 Haec

979 2383 1078 2417 inquit,
1092 2382 1175 2410 verba
1196 2386 1259 2409 sunt
1276 2383 1362 2410 nostri
1377 2384 1456 2411 vatis.
1474 2383 1596 2419 Subjecit
1613 2384 1761 2413 Silvester:

977 2425 1032 2454 N05
1043 2426 1124 2454 hodie
1144 2427 1235 2453 omnia
1254 2433 1314 2461 qua!
1339 2427 1470 2454 adversus
1497 2435 1545 2455 vos
1568 2435 1761 2463 proponemus,

978 2480 1012 2500 ex
1028 2473 1127 2501 vestris
1147 2472 1225 2500 libris
1248 2473 1396 2502 statuimus
1422 2473 1555 2509 proferre.
1585 2473 1663 2502 Tune
1687 2475 1760 2502 cn'nn

978 2520 1094 2547 illustris
1120 2524 1162 2547 est
1186 2520 1311 2552 victoria,
1328 2527 1390 2547 cum
1407 2520 1520 2548 adversa
1538 2527 1601 2555 pars
1617 2528 1672 2548 suae
1690 2521 1762 2555 ipso-

977 2574 1038 2593 rum
1063 2565 1195 2593 doctrinaz
1210 2566 1374 2593 auctoritate
1386 2567 1515 2593 vincitur.
1531 2565 1683 2601 Imperator
1700 2574 1763 2600 pro-

977 2612 1112 2639 nuntiavit
1138 2611 1243 2646 justum
1257 2610 1285 2637 id
1300 2617 1361 2638 esse
1383 2610 1528 2646 judicium.
1550 2618 1612 2638 cum
1631 2613 1761 2638 alterutra
1810 2620 1814 2623 ν

973 2665 1038 2693 pars
1067 2665 1124 2684 sua)
1151 2664 1232 2692 quam
1259 2657 1402 2692 proﬁtetur
1430 2657 1571 2692 religionis
1595 2658 1761 2684 auctoritate

973 2702 1080 2736 cogitur
1091 2709 1120 2728 se
1132 2701 1229 2728 victam
1242 2701 1397 2729 ostendere.
1406 2701 1537 2729 Abiatbar
1549 2710 1556 2728 :
1570 2701 1626 2729 Suo
1633 2709 1680 2729 ore
1692 2702 1761 2728 dixit

974 2747 1148 2782 omnipotens
1158 2752 1252 2774 noster
1269 2747 1341 2775 Deus
1356 2756 1363 2774 :
1379 2746 1486 2780 Videte,
1504 2748 1605 2775 videte.
1626 2747 1681 2782 Ego
1697 2755 1759 2774 sum

975 2793 1057 2828 Deus,
1074 2800 1164 2830 neque
1178 2793 1248 2822 alius
1262 2798 1304 2822 est
1318 2798 1416 2829 praeter
1427 2801 1472 2823 me
1486 2794 1558 2822 Deus
1570 2795 1603 2822 ⁸⁵.
1617 2793 1760 2826 Quomodo

1566 2927 1604 2958 17
