2036 3153
258 158 314 191 523

905 156 1066 188 GEORGII
1084 158 1250 188 CEDRENI

1825 160 1876 192 524

257 213 325 252 ergo
344 214 493 243 Christiani
523 215 599 242 aiunt
622 218 677 242 tres
703 221 764 242 esse
797 214 972 247 adorandos,
989 214 1040 242 Pa-

1095 215 1131 242 5'rt
1148 215 1204 250 ἐγώ
1218 216 1276 250 είμι
1299 215 1375 247 Θεὸς,
1403 216 1447 242 καὶ
1463 215 1512 243 οὐκ
1537 217 1594 244 ἔστι
1618 217 1686 252 πλὴν
1716 216 1796 252 ἐμοῦ,
1819 217 1877 248 πῶς

260 269 328 291 trem
349 261 377 288 in
402 268 482 296 quem
505 265 531 287 et
563 267 614 287 nos
635 260 812 293 confidimus,
835 260 933 288 Filium
960 268 1042 296 quem

262 306 379 341 majores
397 305 484 333 nostri
501 305 528 332 in
542 311 653 332 crucem
671 310 797 340 egerunt,
813 313 845 333 ac
856 305 966 333 tertium
980 305 1043 340 Spi-

261 353 344 380 ritum
359 355 485 378 sanctum
493 350 514 377 il
524 350 595 385 Ergo
610 357 723 378 necesse
739 357 779 378 est
809 355 837 378 ut
867 359 930 378 cum
945 351 984 378 illi
999 351 1044 386 ju-

261 399 340 426 beant
368 401 424 424 tres
446 395 568 428 adorari,
581 396 655 424 hunc
668 395 807 424 offendant
824 397 870 432 qui
886 404 916 425 se
933 397 1043 425 unicum

260 449 321 470 esse
341 441 426 467 Deum
446 440 526 467 dixit.
545 439 678 468 Silvester
695 450 702 468 :
718 440 774 469 Nos
790 441 900 469 unicum
919 441 1002 469 Deum
1017 445 1045 470 et

259 487 374 514 colimus
390 489 418 513 et
435 484 607 519 proﬁtentur.
623 485 718 521 Neque
743 489 836 514 tamen
854 487 891 513 ita
906 486 1044 514 desertam

257 539 403 560 censemus
417 531 547 559 deitatem
566 535 597 558 ut
610 538 666 559 non
689 531 789 559 habeat
800 530 899 559 Filiqu
913 539 968 567 quo
980 538 1047 567 gau-

258 578 333 606 deat.
347 577 406 605 Jam
433 576 532 605 Filium
548 576 609 612 ejus
624 577 697 605 hunc
722 584 784 605 esse
801 577 931 610 dicimus,
945 576 979 605 de
991 583 1046 612 quo

256 629 334 652 vates
349 628 438 652 vester
463 623 501 650 ait
530 622 618 651 Verbo
633 623 741 650 Domini
764 623 849 652 caelos
869 631 931 652 esse
947 623 1046 651 funda-

258 674 312 703 tos,
332 677 498 705 omnemque
524 677 619 697 eorum
647 670 703 697 vim
729 669 828 706 spiritu
854 671 910 698 oris
939 670 999 706 ejus
1010 671 1044 700 ⁸⁸.

260 717 337 744 Hunc
350 716 446 743 Filium
459 715 640 750 appellamus,
650 722 731 749 quem
739 715 810 750 apud
822 719 912 743 vatem
924 720 1044 743 vestrum

258 761 339 789 Pater
351 761 391 788 sic
404 760 569 795 al10quitur:
583 759 623 786 Tu
638 767 667 787 es
679 758 766 787 Filius
776 767 864 793 meus,
874 767 924 796 ego
931 765 957 788 te
964 760 1044 788 hodie

256 807 386 844 genui".
412 805 495 841 Atqui
533 804 605 833 Deus
626 812 689 832 cum
716 806 848 841 temporis
877 813 975 841 expers
998 806 1045 839 sit,

257 855 357 889 quippe
373 860 407 880 eo
429 851 616 887 praestantior,
633 851 795 878 hodiernum
820 855 869 879 aut
891 851 1044 880 crastinum

1094 262 1171 288 αὐτοὶ
1185 262 1292 295 λέγουσι
1303 263 1363 296 τρεῖ
1368 272 1375 292 ;
1388 261 1506 295 ὀφείλειν
1518 262 1739 298 προσκυνεῖσθαι,
1755 261 1879 298 Πατέρα,

1094 307 1184 334 ὅντινα
1197 308 1243 333 καὶ
1258 307 1340 342 ἡμεῖς
1355 307 1591 343 πεπιστεύκαμεν,
1609 308 1684 340 Υίδν,
1705 307 1736 334 ὃν
1748 308 1773 334 οῖ
1797 307 1880 334 πατέ-

1096 360 1142 387 ρες
1168 351 1247 387 ἡμῶν
1264 352 1458 386 ¹ἐσταύρωσαν,
1484 353 1576 388 τρίτον
1598 352 1712 388 Πνεῦμα
1729 352 1879 387 τοᾶγιονς

1095 397 1176 432 Τρεῖς
1197 394 1244 424 οὖν
1272 397 1489 433 προσκυνοῦντες
1509 397 1597 433 τούτῳ
1623 397 1664 433 τῷ
1687 397 1809 433 εἰρηκότι
1831 398 1881 425 ἕνα

1095 443 1175 478 μόνον
1188 440 1258 469 εἶναι
1266 443 1332 470 Θεὸν
1339 443 1371 476 ἐξ
1383 443 1506 478 ἀνάγκης
1516 443 1741 480 προσκρούουσιν.
1763 442 1793 470 ὐ
1803 442 1882 478 ἅγιος

1095 488 1256 524 Σίλϐεστρος
1272 488 1336 524 εφη·
1352 489 1448 524 Ἡμεῖς
1458 488 1507 516 ἕνα
1514 488 1580 516 Θεὸν
1597 488 1713 525 σέϐομεν
1725 488 1773 516 καὶ
1786 488 1883 524 ὁμολο-

1096 535 1210 572 γοῦμεν.
1231 536 1302 563 Ἀλλ’
1313 536 1363 572 οὐχ
1377 535 1463 567 οὕτως
1474 535 1576 572 ἔρημον
1589 536 1672 564 αὑτοῦ
1692 535 1741 571 τὴν
1765 535 1884 571 θεότητά

1096 588 1186 616 φαμεν
1203 580 1274 607 ὥστε
1287 581 1325 616 μὴ
1337 581 1411 616 ιχιιν
1428 581 1589 615 ἁγαλλίασιν
1601 580 1678 608 Υἱοῦ.
1696 581 1761 608 Υίδν
1775 580 1804 607 δὲ
1830 580 1884 607 αὖ-

1095 625 1142 652 τοῦ
1152 625 1247 653 τοῦτον
1272 626 1389 661 λέγομεν
1416 627 1483 662 περὶ
1509 624 1540 654 οὗ
1552 627 1568 654 ὸ
1582 627 1716 663 ὑμέτερος
1735 627 1883 662 προφήτης

1095 670 1169 699 εἷπε·
1185 671 1230 708 Τῷ
1241 673 1313 708 λόγῳ
1324 672 1428 708 Κυρίου
1439 673 1464 700 oi.
1477 673 1587 709 οὐρανοὶ
1600 671 1818 708 ἐστερεώθησαν,
1833 671 1886 699 καὶ

1095 717 1135 753 τῷ
1150 717 1287 752 πνεύματι
1302 717 1349 744 τοῦ
1375 718 1509 753 στόματος
1531 716 1615 744 αὑτοῦ
1644 718 1720 744 πᾶσα
1734 717 1751 753 ἡ
1766 716 1886 751 δύναμις

1095 763 1196 790 αὐτῶν.
1211 763 1276 790 Υἱδν
1288 763 1317 789 δὲ
1330 764 1433 790 ἐκεῖνον
1448 763 1564 799 λέγομεν
1576 763 1644 796 πρὸς
1659 763 1689 790 ὃν
1701 763 1744 790 διὰ
1755 762 1802 789 τοῦ
1815 762 1887 798 ὑμε-

1095 807 1174 843 τέρου
1187 807 1448 843 προφήτουόΠατὴρ
1456 806 1609 842 βοᾷλέγωνι
1635 807 1699 838 Υἱός
1712 815 1763 842 μου
1783 804 1811 832 εἴ
1835 805 1884 832 σύ·

1096 854 1152 889 ἐγὼ
1157 854 1277 890 σήμερον
1283 853 1436 889 γεγέννηκά
1447 862 1488 882 σε.
1503 853 1568 885 Θεὸς
1576 852 1605 879 δὲ
1616 852 1685 888 χθὲς
1694 852 1741 879 καὶ
1750 852 1886 888 σήμερον.

262 899 289 927 in
309 906 340 926 se
362 897 433 925 nihil
452 897 544 924 habet.
559 896 619 929 Quo
636 896 782 938 conficitur
794 900 821 924 et
838 896 935 924 Filium
953 902 980 925 et
995 897 1045 925 Pa-

1095 901 1146 926 οὑκ
1154 889 1302 934 ἔχειτέλος,
1312 899 1408 934 ἐπειδὴ
1416 899 1582 934 ὑπέρχρονός
1592 900 1676 926 ἐστιν.
1691 898 1826 933 ’Δναρχος
1835 895 1886 924 οὖν

259 951 327 971 trem
339 951 460 978 quoque,
482 943 540 970 sine
555 941 639 977 480
658 941 794 977 principio
815 949 887 970 esse.
904 941 946 969 Ad
963 950 1044 978 quem

258 990 329 1018 enim
356 989 436 1022 dixit,
459 987 605 1015 Faciamus
630 987 767 1014 hominem
793 986 826 1014 ad
850 987 993 1022 imaginem
1018 992 1046 1015 et

258 1035 463 1062 similitudinem
481 1037 603 1061 nostram
614 1032 654 1059 "‘1
670 1031 736 1060 Nam
751 1032 775 1059 si
801 1032 917 1060 dixisset
935 1031 1044 1060 Faciam

258 1082 396 1110 hominem
421 1079 456 1107 ad
477 1080 623 1114 imaginem
650 1083 678 1106 et
704 1078 914 1106 similitudinem
945 1086 1044 1113 meam,

258 1132 365 1162 poterat
385 1126 471 1154 videri
490 1126 623 1153 unitatem
636 1132 714 1152 suam
730 1124 857 1151 innuere.
872 1124 940 1152 Cum
955 1129 1045 1153 autem

258 1173 328 1200 dixit
350 1171 529 1199 :Secundum
557 1174 678 1197 nostram
715 1169 872 1203 imaginem,
898 1169 1046 1204 perspicue

256 1217 356 1245 Filium
373 1224 492 1252 eumque
502 1216 554 1244 sibi
571 1215 702 1252 aequalem
716 1214 828 1242 iudicat.
838 1213 912 1241 Nihil
927 1214 999 1242 enim
1016 1221 1046 1242 se

258 1265 346 1299 majus
355 1263 481 1298 accipere
492 1267 592 1300 potest,
604 1269 664 1289 cum
677 1260 874 1295 magnitudinis
890 1260 1045 1288 incremen-

258 1315 314 1338 tum
332 1317 388 1337 non
409 1309 553 1342 admittat;
571 1315 603 1335 ac
628 1315 662 1335 ne
686 1307 778 1336 minus
800 1307 910 1342 quidem
941 1305 1046 1341 aliquid

258 1356 380 1384 ascist-it.
403 1354 473 1381 Rabi
490 1353 576 1381 Jonas
592 1353 744 1380 :llumana:
766 1352 969 1380 ratiocinationi
991 1359 1046 1379 non

258 1406 300 1429 cst
313 1400 468 1428 adhibenda
481 1399 557 1426 fides.
570 1399 681 1432 Qualem
699 1398 772 1426 enim
785 1397 903 1426 consulit
914 1404 946 1425 ea
960 1397 1045 1425 Deum

258 1447 346 1478 credi,
361 1445 409 1480 qui
434 1449 461 1472 et
480 1445 560 1471 Pater
582 1444 689 1472 dicatur
704 1449 729 1470 et
748 1443 834 1471 Filius
856 1449 884 1470 et
907 1443 1046 1477 Spiritus?

260 1492 392 1520 Silvester
404 1500 411 1519 :
422 1491 488 1518 Cum
499 1491 527 1517 in
538 1489 625 1518 sacris
636 1489 747 1516 Litteris
756 1489 822 1523 legis
835 1489 868 1516 de
876 1489 957 1516 Patre
966 1496 1045 1516 suum

259 1537 359 1564 Filium
376 1534 554 1570 compellante
574 1541 581 1548 ·
598 1532 684 1561 Filius
696 1540 772 1560 meus
784 1540 814 1560 es
832 1532 901 1560 tu“.
915 1531 948 1560 Et
961 1532 1024 1559 alibi
1038 1542 1044 1560 :

260 1582 286 1610 ls
300 1590 344 1609 me
359 1581 469 1608 Patrem
485 1587 565 1607 suum
583 1578 723 1606 invocabit
734 1578 767 1612 ",
786 1582 850 1605 tunc
872 1577 984 1606 evidens
998 1578 1046 1606 tibi

262 1629 307 1655 lict
323 1627 395 1662 quod
415 1625 545 1658 dicimus,
557 1631 645 1659 neque
658 1623 845 1658 suspicaberis
856 1630 905 1650 nos
921 1623 955 1650 de
966 1630 1046 1651 sacra

261 1673 396 1700 Trinitate
422 1670 526 1705 aliquid
543 1671 608 1698 novi
625 1670 730 1697 dicere.
757 1668 795 1696 De
823 1668 927 1703 Spiritu
955 1673 1045 1696 autem

260 1723 367 1751 sancto,
383 1724 495 1744 rursum
511 1715 576 1743 audi
594 1720 683 1742 vatem
698 1718 774 1741 tuum
794 1714 865 1740 inter
877 1713 1046 1749 precandum

261 1764 302 1792 sic
324 1763 474 1796 dicentem,
489 1760 620 1796 Spiritum
647 1763 724 1787 tuum
749 1763 874 1787 sanctum
890 1767 924 1787 ne
940 1759 1048 1788 auferas

259 1819 277 1837 ιι
291 1817 335 1838 me
347 1810 381 1837 "°.
400 1809 435 1837 Et
450 1809 514 1837 alibi
530 1818 537 1837 :
556 1807 660 1843 Spiritu
676 1807 732 1834 oris
747 1807 807 1842 ejus
834 1806 924 1834 omnis
938 1806 1047 1834 illorum

261 1857 302 1884 vis
314 1856 349 1882 '“.
364 1855 500 1891 Loquitur
512 1859 603 1881 autem
618 1853 652 1881 de
674 1851 857 1887 potestatibus
874 1850 1044 1879 caelestibus.

259 1901 460 1929 Constantinus
472 1899 613 1935 Augustus
626 1898 696 1926 dixit
709 1905 715 1924 :
727 1896 811 1924 Miror
824 1895 981 1924 Judaaorum
993 1896 1047 1923 im-

260 1947 430 1982 pudentiam,
445 1946 490 1982 qui
506 1945 600 1973 multis
615 1944 703 1971 modis
718 1950 751 1971 ex
765 1943 892 1971 universa
906 1949 955 1969 sua
971 1941 1047 1969 Scri-

260 1997 341 2027 ptura
358 1991 489 2025 convicti,
508 1995 602 2017 tamen
626 1989 714 2016 adhuc
729 1992 826 2015 contra
843 1988 983 2014 veritatem
999 1987 1049 2014 ali-

259 2037 327 2072 quid
338 2037 433 2064 volunt
441 2036 614 2071 conquirere.
622 2033 739 2061 Proinde
748 2033 812 2069 quia
821 2033 854 2060 de
863 2032 955 2067 Patre,
967 2032 1046 2066 Filio,

261 2087 289 2110 ct
307 2081 410 2118 Spiritu
425 2085 525 2110 sancto
540 2080 713 2108 satisfactum
725 2082 780 2112 est,
790 2078 941 2114 proferant,
953 2078 976 2105 si
992 2084 1048 2113 qua

262 2128 373 2162 habent,
395 2128 459 2155 alia.
481 2126 611 2155 Godolias
621 2125 733 2153 Judaeus
746 2133 754 2152 :
770 2124 838 2158 Nos,
853 2124 952 2160 inquit,
968 2123 1002 2152 de
1015 2131 1048 2152 eo

261 2187 411 2224 loquimur,
428 2186 476 2222 qui
499 2189 583 2214 natus
603 2184 666 2219 fuit.
693 2184 752 2220 qui,
773 2187 805 2211 ut
832 2181 860 2210 in
879 2182 939 2217 ejus
965 2181 1042 2218 481

1098 946 1232 982 ὑπάρχει·
1245 945 1364 980 ἄναρχος
1378 945 1433 980 ἄρα
1445 945 1493 972 καὶ
1505 946 1519 971 ό
1529 945 1637 980 Πατήρ.
1652 944 1729 971 Ἐπεὶ
1738 943 1792 970 τίνι
1807 941 1886 970 εἴπεο

1098 991 1261 1026 Ποιήσωμεν
1275 990 1419 1025 ἄνθρωπον
1434 990 1495 1017 κατ’
1506 990 1599 1017 είκόνα
1612 988 1659 1016 καὶ
1674 988 1735 1015 καθ’
1751 988 1886 1024 ὁμοίωσιν

1095 1036 1112 1071 ἡ
1116 1036 1180 1071 μετέ
1184 1044 1244 1070 ραν;
1250 1035 1282 1062 El
1288 1035 1342 1071 γὰρ
1349 1035 1454 1071 εἴρηκε,
1464 1035 1573 1070 Ποιήσω
1578 1034 1626 1062 ἃ.νο
1632 1042 1723 1070 ρωπον
1727 1033 1786 1060 κατ’
1792 1033 1889 1060 εἰκόνα

1096 1081 1142 1109 καὶ
1151 1080 1212 1108 καθ’
1220 1081 1350 1116 ὁμοίωσιν
1361 1079 1579 1116 ὲμὴν,ὲδόκειᾶν
1588 1079 1618 1106 τδ
1628 1079 1677 1115 τῆς
1687 1079 1830 1114 μονότητος
1840 1078 1891 1104 αὑι

1095 1128 1142 1154 τοῦ
1153 1127 1304 1162 σημαίνειν.
1319 1126 1356 1152 Τδ
1367 1125 1407 1159 δὲ,
1422 1125 1491 1153 Κατ’
1503 1126 1595 1152 εἰκόνα
1612 1124 1659 1151 καὶ
1673 1124 1803 1160 ὁμοίωσιν
1817 1123 1891 1158 ήμε-

1095 1172 1187 1206 τέραν,
1199 1171 1293 1206 σαφῶς
1304 1170 1352 1198 καὶ
1360 1170 1405 1197 τὸν
1416 1170 1479 1197 Υίὸν
1495 1169 1542 1196 καὶ
1555 1170 1603 1204 τὴν
1614 1169 1724 1204 ἰσότητα
1736 1168 1889 1204 ἐσήμανεν.

1096 1218 1134 1244 Οὐ
1148 1217 1201 1253 γὰρ
1210 1216 1302 1252 μεῖζόν
1318 1225 1344 1243 τι
1356 1215 1520 1252 προσλαϐεῖν
1528 1215 1650 1247 δύναται,
1667 1214 1762 1249 ἐπειδὴ
1774 1213 1890 1248 ἡλικίας

1095 1262 1209 1298 αὔξησιν
1230 1264 1280 1289 οὐκ
1311 1260 1396 1289 οἶδεν·
1424 1262 1570 1288 ἐλάττωσιν
1597 1260 1679 1288 πάλιν
1710 1261 1741 1287 οὐ
1766 1259 1890 1294 δέχεται.

1101 1310 1193 1340 Ἰωνᾶς
1213 1308 1292 1344 ραϐὶς
1303 1307 1379 1335 εἶπεν
1393 1316 1400 1324 ι
1424 1307 1600 1343 Ἀνθρωπίνῳ
1618 1306 1663 1343 [Ρ.
1677 1305 1741 1341 οτι]
1762 1305 1892 1340 λογισμῷ

1095 1355 1145 1382 οὒκ
1161 1355 1219 1381 ἐστι
1228 1354 1325 1381 δεκτέα
1340 1354 1358 1389 ἡ
1379 1353 1481 1385 πίστις.
1497 1354 1576 1380 Ποῖον
1599 1353 1654 1388 γὰρ
1671 1351 1738 1379 Θεὸν
1764 1351 1889 1386 συμϐου-

1095 1400 1170 1428 λεύει
1185 1396 1263 1431 sine:
1278 1399 1471 1433 πιστευθῆναι,
1489 1398 1518 1425 ὃν
1540 1399 1588 1425 καὶ
1604 1397 1723 1433 Πατέρα,
1740 1397 1788 1423 καὶ
1804 1397 1887 1428 risv.

1095 1447 1144 1474 καὶ
1160 1446 1272 1481 Πνεῦμα
1281 1445 1358 1479 ἅγιον
1370 1442 1549 1479 όμολογεῖςὋ
1560 1443 1636 1478 ἆγιος
1646 1443 1805 1476 Σίλϐεστρος
1819 1441 1890 1475 ἔφη’

1097 1493 1180 1519 Ὅταν
1191 1491 1316 1526 ἀναγνῷς
1330 1491 1359 1517 ὲν
1372 1491 1432 1522 ταῖς
1449 1489 1556 1521 Βίϐλοις
1570 1489 1635 1524 περὶ
1648 1489 1696 1523 μὲν
1708 1488 1754 1514 τοῦ
1766 1487 1890 1522 Πατρὸς,

1058 1555 1082 1587 c
1098 1538 1177 1573 ἡνίκα
1192 1537 1266 1571 λέγει
1281 1536 1346 1572 περὶ
1368 1536 1416 1563 τοῦ
1431 1535 1498 1562 ἰδίου
1523 1534 1603 1561 Υίοῦ·
1615 1535 1679 1566 Υἱός
1691 1543 1742 1569 μου
1754 1530 1779 1559 εἷ
1793 1532 1839 1565 σὺ,
1863 1533 1892 1559 ὁ-

1100 1583 1182 1618 μοίως
1192 1583 1220 1609 δὲ
1235 1582 1282 1609 καὶ
1295 1583 1324 1608 ὲν
1345 1581 1431 1617 ἑτέρῳ
1439 1581 1524 1616 τόπῳ,
1537 1580 1622 1612 Αὐτὸς
1637 1579 1828 1607 ὲπικαλέσεταί
1843 1586 1892 1613 με,

1096 1628 1194 1663 Πατήρ
1208 1636 1262 1662 μου
1280 1625 1307 1653 εἴ
1323 1627 1368 1659 σὺ,
1388 1626 1450 1653 τότε
1474 1625 1536 1661 εἴσῃ
1559 1625 1652 1660 σαφῶς
1674 1625 1704 1651 τὸ
1728 1624 1892 1658 λεγόμενον,

1098 1674 1144 1701 καὶ
1158 1673 1234 1701 οὐδὲν
1247 1672 1321 1705 ξένον
1336 1672 1402 1708 περὶ
1427 1672 1477 1707 τῆς
1499 1672 1580 1706 ἁγίας
1605 1670 1719 1706 Τριάδος
1744 1669 1892 1705 ὑπολάϐῃς

1097 1720 1184 1752 λέξειν
1205 1720 1291 1756 ἡμᾶς.
1307 1719 1377 1754 Περὶ
1398 1718 1426 1745 δὲ
1456 1718 1502 1745 τοῦ
1526 1718 1604 1752 ἁγίου
1623 1716 1780 1752 Πνεύματος
1803 1716 1892 1743 ἄκουε

1098 1765 1179 1792 πάλιν
1193 1765 1240 1792 τοῦ
1255 1766 1398 1800 προφήτου
1416 1772 1463 1791 σου
1474 1764 1599 1798 λέγοντος
1609 1763 1656 1790 καὶ
1672 1762 1832 1798 εὐχομένου·
1852 1761 1891 1788 To

1097 1811 1210 1846 Πνεῦμα
1223 1819 1270 1837 σου
1284 1811 1314 1837 τὸ
1330 1810 1408 1845 ἅγιον
1426 1809 1465 1846 μὴ
1492 1809 1641 1846 ἀντανέλῃς
1657 1808 1705 1836 ἀπ’
1727 1807 1807 1843 ἐμοῦ.
1829 1807 1892 1834 Καὶ

1098 1857 1180 1884 πάλιν
1190 1857 1205 1883 ό
1215 1856 1307 1888 αὐτός’
1326 1856 1383 1883 Καὶ
1396 1855 1435 1891 τῷ
1449 1856 1585 1891 πνεύματι
1597 1854 1644 1882 τοῦ
1659 1854 1793 1889 στόματος
1802 1852 1890 1879 αὑτοῦ

1098 1903 1174 1931 πᾶσα
1196 1903 1214 1938 ή
1238 1902 1354 1938 δύναμις
1388 1901 1489 1934 αὐτῶν,
1516 1901 1640 1929 τουτέστι
1668 1901 1723 1927 τῶν
1750 1899 1892 1935 οὐρανίων

1097 1947 1252 1983 δυνάμεων.
1271 1948 1477 1978 Κωνσταντῖνος
1490 1945 1645 1980 Λῠγουστος
1655 1943 1727 1972 εἷπε·
1744 1944 1892 1980 Θαυμάζω

1097 1994 1152 2021 τῶν
1167 1993 1304 2021 Ἰουδαίων
1318 1993 1350 2020 τὸ
1368 1992 1560 2028 ἀναίσχυντον·
1582 1992 1636 2019 ἀπὸ
1652 1990 1747 2018 πασῶν
1759 1990 1815 2026 γὰρ
1829 1991 1890 2016 τῶν

1097 2039 1206 2067 οίκείων
1244 2038 1361 2074 Γραφῶν
1392 2038 1570 2074 πολυτρόπως
1606 2036 1760 2073 ἡττώμενοι
1790 2035 1890 2071 ἀκμήν

1099 2084 1206 2112 θέλουσι
1230 2093 1293 2112 τινα
1317 2083 1389 2111 κατὰ
1413 2084 1462 2120 τῆς
1483 2083 1612 2120 ἀληθείας
1633 2083 1786 2118 ἐπιζητεῖν.
1801 2081 1891 2108 ’Ὅθεν

1098 2129 1161 2156 ἐπεὶ
1175 2128 1240 2165 περὶ
1253 2130 1301 2156 τοῦ
1317 2128 1436 2164 Πατρός,
1454 2128 1502 2155 καὶ
1516 2128 1564 2156 τοῦ
1584 2127 1661 2162 Υίοῦ,
1678 2129 1727 2154 καὶ
1741 2126 1787 2154 τοῦ
1804 2127 1889 2161 ἁγίου

1099 2175 1258 2211 Πνεύματος
1273 2174 1305 2201 τδ
1321 2173 1413 2201 ίκανδν
1427 2173 1550 2208 γέγονεν,
1565 2174 1592 2201 et
1610 2182 1638 2200 τι
1659 2173 1743 2209 ἕτερά
1758 2173 1811 2200 εἰσι
1829 2173 1889 2200 δει-

263 2216 419 2269 Evangeliis
435 2216 614 2265 describitur,
628 2216 735 2258 statura
745 2216 778 2256 et
792 2216 927 2263 sapientia
944 2216 1045 2261 crevit;

1100 2222 1178 2255 κτια,
1199 2220 1457 2257 προσφαρέσθωσαν.
1482 2220 1607 2252 Γοδολίας
1637 2219 1762 2251 Ἰουδαῖος
1794 2216 1888 2246 εἷπενυ

262 2279 309 2314 qui
324 2286 340 2306 υ
355 2277 465 2306 diabolo
480 2281 613 2310 tentatus,
631 2281 726 2312 postea
742 2273 874 2310 temporis
889 2280 904 2300 a
921 2280 971 2301 suo
983 2280 1047 2308 pro-

262 2324 337 2351 ditus
353 2322 499 2358 discipulo,
515 2321 644 2354 traditus,
673 2324 782 2356 captus,
799 2319 910 2358 illusus,
929 2318 1047 2354 ﬂagella-

263 2371 317 2399 tus,
331 2366 393 2394 felle
404 2367 516 2393 mistum
536 2369 645 2394 acetum
658 2369 780 2400 potatus.
789 2364 878 2399 spinis
886 2368 1046 2396 coronatus,

262 2412 392 2444 nudatus,
419 2411 544 2439 vestibus
566 2410 626 2444 suis
648 2414 721 2438 sorte
749 2409 857 2441 divisis,
878 2409 937 2444 ipse
969 2409 1045 2436 cruci

262 2457 343 2490 flxus,
370 2461 497 2484 mortuus
521 2460 549 2484 et
571 2456 694 2491 sepultus
709 2458 761 2483 est.
787 2455 918 2482 Silvester
934 2462 941 2480 :
959 2454 1047 2483 Hodie

262 2502 512 2531 demonstrabimus
533 2501 591 2529 haec
605 2509 622 2528 a
638 2501 746 2528 vatibus
762 2500 796 2528 de
811 2498 923 2527 Christo
950 2500 1041 2527 omnia
1071 2525 1077 2529 .

261 2554 325 2575 esse
340 2547 469 2583 praedicta
482 2553 515 2574 ac
528 2546 696 2582 praescripta.
713 2544 752 2572 De
774 2543 918 2572 nativitate
939 2543 1043 2572 Christi

261 2592 356 2620 lsaias.
372 2591 443 2620 Ecce
467 2591 551 2627 Virgo
567 2596 675 2619 uterum
697 2590 776 2623 feret,
792 2594 820 2617 et
839 2589 923 2616 filium
942 2589 1042 2623 pariet,

261 2637 342 2673 cujus
367 2645 465 2667 nomen
493 2638 602 2666 dicetur
614 2635 818 2666 Emmanuel".
845 2634 924 2669 Quod
953 2639 1045 2664 autem

262 2684 334 2711 inter
353 2683 477 2712 homines
502 2684 586 2713 fuerit
602 2687 773 2716 versaturus,
798 2682 862 2709 audi
890 2682 1046 2710 Baruchum

260 2729 463 2758 vaticinantem.
477 2730 528 2758 Hic
544 2735 585 2759 est
599 2730 672 2759 Deus
688 2733 793 2762 noster,
805 2735 894 2763 neque
912 2728 984 2756 alius
999 2736 1043 2757 re-

314 2836 336 2852 "
353 2835 425 2864 Psal.
445 2841 530 2866 xxxu,
543 2834 569 2861 6.
637 2834 659 2848 “
676 2833 748 2860 Psa..
770 2839 800 2864 ll,
817 2830 843 2856 7.

260 2879 287 2904 1.,
306 2871 349 2899 13.
404 2871 426 2887 ⁷*
440 2865 612 2901 Ρδιιιζιηιι,
625 2868 652 2895 6.
691 2869 712 2884 ἰ
729 2867 781 2899 lsa,
798 2873 846 2897 vn,
864 2865 905 2892 ιι.

893 2830 914 2845 °'
925 2829 992 2858 Gen.
1009 2839 1028 2863 t,
1045 2830 1090 2858 26.

1102 2267 1197 2302 Ἡμεῖς
1209 2266 1274 2302 περὶ
1292 2266 1397 2294 ἐκείνου
1424 2265 1538 2301 λέγομεν
1553 2264 1600 2292 τοῦ
1624 2264 1774 2300 τεχθέντος,
1792 2265 1843 2291 τοῦ
1858 2265 1889 2291 ὲν

1097 2313 1153 2344 τοῖς
1168 2311 1346 2346 Εὑαγγελίοις
1370 2310 1453 2338 αὑτοῦ
1469 2310 1718 2346 ἁναγεγραμμένου
1730 2309 1887 2345 ηὑξηκέναι

1096 2367 1126 2386 τε
1142 2358 1236 2394 ἡλικίᾳ
1263 2358 1310 2384 καὶ
1336 2357 1428 2394 σοφίᾳ,
1457 2358 1504 2385 καὶ
1526 2356 1722 2393 πειρασθέντος
1744 2355 1821 2392 παρὰ
1836 2356 1888 2383 τοῦ

1096 2404 1232 2437 διαϐόλου,
1250 2405 1319 2440 μετὰ
1329 2404 1358 2431 δὲ
1373 2404 1460 2431 ταῦτα
1472 2403 1623 2439 πραθέντος
1634 2403 1710 2438 παρὰ
1723 2402 1769 2429 τοῦ
1781 2402 1887 2428 οἰκείου

1098 2449 1235 2486 μαθητοῦ,
1258 2449 1467 2486 παραδοθέντος,
1486 2448 1683 2484 κρατηθέντος,
1712 2447 1887 2483 ὲμπαιχθέν-

1096 2503 1151 2528 τος,
1178 2495 1417 2531 φραγελωθέντος,
1441 2494 1522 2530 χολὴν
1547 2495 1596 2521 σὺν
1621 2493 1678 2528 όξει
1699 2493 1887 2526 τωτισθέντος,

1096 2541 1227 2573 ἀκάνθαις
1243 2542 1459 2577 στεφανωθέντος
1476 2542 1524 2568 καὶ
1547 2539 1750 2576 γυμνωθέντος,
1767 2539 1817 2566 καὶ
1833 2539 1888 2574 τῆς

1096 2589 1179 2616 αὐτοῦ
1194 2588 1306 2624 ἐσθῆτος
1330 2589 1359 2615 ὲν
1375 2589 1470 2624 κλήρῳ
1488 2587 1611 2623 δοθείσης
1635 2587 1682 2614 ἐπὶ
1700 2585 1818 2621 σταυροῦ
1832 2593 1887 2612 πα-

1096 2636 1200 2670 γέντος,
1215 2635 1396 2666 ἀποθανόντος
1415 2636 1462 2662 καὶ
1479 2634 1622 2668 ταφέντος.
1646 2633 1675 2659 '0
1700 2632 1776 2666 ἅγιος
1790 2630 1887 2658 Σίλϐε-

1099 2688 1178 2716 στρος
1193 2680 1256 2715 ἔφη·
1271 2679 1365 2707 Ταῦτα
1381 2679 1470 2706 πάντα
1480 2679 1518 2711 ὼς
1533 2678 1759 2714 προκηρυχθέντα
1773 2677 1885 2712 ἐγράφη

1098 2726 1162 2761 περὶ
1180 2725 1227 2753 τοῦ
1252 2725 1371 2761 Χριστοῦ
1394 2726 1471 2761 παρὰ
1488 2725 1543 2752 τῶν
1570 2723 1729 2760 προφητῶν,
1761 2724 1884 2759 σήμερον

1808 2769 1818 2786 Ὶ

1147 2830 1169 2846 ⁸⁸
1193 2831 1264 2859 Psal.
1295 2840 1325 2864 ll,
1344 2832 1368 2859 7.
1408 2832 1512 2860 “Psal.
1528 2839 1658 2864 urxvut,
1674 2831 1720 2858 27.
1773 2829 1882 2857 "Psal.
