2036 3153
196 190 246 222 523
735 187 917 216 lliSTOlllA
924 187 1006 217 RUM
1026 187 1278 217 COMPENDIUM
1285 210 1291 216 .
1762 189 1813 219 526

193 240 366 276 ἐπιδείξομεν.
399 239 514 271 Ἡσαΐας
535 239 589 275 γὰρ
629 239 693 275 περὶ
715 239 764 275 τῆς
790 240 836 266 τοῦ
855 239 972 275 Χριστοῦ

1034 243 1119 274 :pertu
1135 239 1194 273 ejus
1207 239 1420 274 reputabitur".
1436 240 1482 266 llic
1496 240 1601 267 invenit
1617 248 1723 268 onmem
1745 242 1814 268 viam

192 289 339 324 γεννήσεως
354 287 520 323 προείρηκεν
542 286 629 318 οὕτως
642 295 649 302 ·
668 286 733 313 ’ἰδοὺ
751 287 766 322 ὴ
787 286 924 321 Παρθένος
942 287 971 311 ὲν

1034 285 1164 318 scientiae,
1181 290 1208 312 et
1221 292 1280 312 eam
1299 285 1411 313 tradidit
1429 285 1530 314 Jacobo
1544 286 1600 313 lilio
1617 294 1667 314 suo
1677 292 1704 314 et
1716 287 1818 314 lsraeln

190 334 285 370 γαστρὶ
307 334 376 366 ἔξει,
399 333 448 360 καὶ
472 333 578 365 τέξεται
598 332 674 364 Υίὺν,
703 332 750 358 καὶ
774 332 917 358 καλέσουσι
943 332 972 358 τὸ

1034 331 1133 358 dilecto
1147 331 1210 358 sibi.
1232 329 1299 358 Post
1313 331 1371 359 haec
1388 332 1415 359 in
1432 332 1514 360 terris
1529 332 1606 360 visus
1630 337 1672 360 est
1694 333 1819 368 interque

190 383 271 416 δνομα
298 379 382 407 αὑτοῦ
408 379 594 415 Ἐμμανουήλ.
614 379 675 405 Ὅτι
696 379 725 405 δὲ
749 378 797 405 καὶ
819 377 973 414 ἀνθρώποις

1034 378 1152 405 homines
1173 383 1309 405 versatus.

193 429 492 464 συναναστραφήσεται,
519 427 602 454 ἄκουε
635 427 682 454 τοῦ
712 427 852 463 προφήτου
879 426 1009 462 Ἱερεμίου
1026 435 1033 442 ·
1052 422 1137 457 Οὗτος
1151 425 1243 457 όΘεδς
1263 426 1359 461 ήμῶν·
1374 427 1404 453 οὺ
1420 426 1611 462 λογισθήσεται
1634 428 1728 463 ἔτερος
1751 428 1819 463 πρὸς

189 476 280 503 αὐτόν.
306 475 418 510 Ἐξεῦρε
439 475 530 501 πᾶσαν
542 473 600 500 ὁδὸν
613 473 779 509 ἐπιστήμης,
795 474 843 501 καὶ
867 472 967 499 ἔδωκεν
984 471 1070 506 αὐτὴν
1091 470 1190 497 Ἰακὼϐ
1213 470 1251 506 τῷ
1270 471 1346 498 παιδὶ
1362 472 1443 498 αὑτοῦ
1465 472 1512 499 καὶ
1534 473 1645 509 Ἰσραὴλ
1656 473 1695 508 τῷ
1708 475 1819 509 ἡγαπη·

189 522 259 557 μένῳ
275 521 321 548 ὑπ’
350 519 445 547 αὑτοῦ.
477 519 554 546 Μετὰ
577 519 664 546 ταῦτα
693 519 740 545 ἐπὶ
768 519 823 554 τῆς
842 518 896 553 γῆς
931 517 1010 552 ὤφθη
1032 517 1149 548 καὶτοῖς
1165 515 1319 550 ἀνθρώποις
1336 517 1555 553 συνανεστράφη.

221 578 286 604 Ὀτι
299 577 328 604 δὲ
340 577 389 604 καὶ
412 576 629 612 πειρασθήσεται
644 576 698 603 ὑπὸ
713 576 760 603 τοῦ
785 575 910 602 διαϐόλου
930 575 977 602 καὶ

186 624 292 659 νικήσει
322 622 415 656 αὑτὸν,
444 622 607 658 Ζαχαρίαςὸ
629 623 772 658 προφήτης
791 621 876 656 λέγει·
895 618 974 648 Εἶδον

187 668 292 704 Ἰησοῦν
309 668 355 695 τὸν
374 667 448 704 ίερέα
462 668 508 694 τὸν
526 667 613 703 μέγαν
629 667 744 700 ἑστῶτα,
757 668 804 694 καὶ
820 668 834 693 ὁ
853 666 977 698 διάϐολις

186 715 309 750 εἱστήκει
325 715 357 740 ἐκ
372 714 467 748 δεξιῶν
482 713 565 741 αὑτοῦ
578 713 625 741 τοῦ
639 713 809 741 ἀντικεῖσθαι
824 713 907 749 αὐτῷ.
923 713 979 740 Καὶ

185 759 244 787 εἶπε
263 761 333 796 πρὸς
363 760 455 792 αὑτὸν,
471 760 648 795 Ἐπιτιμήσαι
661 768 703 786 σοι
733 759 846 796 Κύριος,
861 758 977 786 διάὸολε.

186 806 246 833 Ὀτι
261 807 292 833 δὲ
310 807 358 833 καὶ
379 806 585 842 κρατηθήσεται
601 806 619 841 ἡ
642 805 722 840 σοφία
741 805 785 832 διὰ
807 803 981 840 Σολομῶντος

185 852 258 886 λέγει
274 860 282 867 ⁸
295 850 380 879 Εἶπον
406 853 434 878 ὲν
453 853 558 884 ἑαυτοῖς
582 853 607 878 oi.
632 851 741 883 ἀσεϐεῖς
754 859 762 866 ·
788 851 920 886 Δήσωμεν
934 850 980 877 τὸν

184 898 301 930 δίκαιον,
317 898 359 924 ὅτι
373 897 613 933 ὄύσχρηστοςήμϊν
622 897 706 924 ἔστιν.
721 896 783 923 Ὀτι
796 896 824 923 δὲ
840 896 888 923 καὶ
903 895 978 931 παρὰ

185 943 311 979 μαθητοῦ
326 943 533 979 πρυδοθήσεται,
548 945 622 976 λέγει
635 944 648 969 6
667 942 822 978 ψαλμῳδός’
833 942 861 969 '0
877 941 975 968 ἐσθίων
993 936 1014 963 Β

183 989 286 1025 ἄρτους
313 998 364 1023 μου
390 989 558 1024 ἐμεγάλυνεν
581 988 625 1015 ἐπ’
650 990 699 1024 ἐμὲ
715 988 756 1025 [Ρ.
773 988 837 1025 275]
863 996 974 1023 πτερνι-

184 1035 268 1070 σμόν.
285 1035 347 1061 ’Ὁτι
363 1034 391 1061 δὲ
409 1035 455 1061 καὶ
470 1034 645 1070 ἐκδοθήσεται
670 1035 717 1061 καὶ
737 1034 771 1061 τὰ
787 1034 882 1070 ἱμάτια
892 1033 974 1060 αὐτοῦ

183 1082 213 1107 ὲν
231 1081 326 1116 κλήρῳ
344 1081 499 1116 δοθήσεται,
524 1081 689 1116 προείρηκεν
706 1082 720 1107 ὁ
736 1082 816 1112 αὐτὸς
832 1081 976 1116 προφήτης

185 1126 288 1161 λέγων·
304 1126 503 1162 Διεμερίσαντο
518 1126 553 1153 τὰ
570 1126 665 1161 ἱμάτιά
684 1135 733 1162 μου
747 1127 775 1153 ὲν
794 1127 909 1159 ἑαυτοῖς,
930 1127 977 1152 καὶ

184 1174 234 1200 ἐπὶ
249 1174 296 1200 τὸν
316 1173 463 1208 ἱματισμόν
490 1181 539 1208 μου
553 1173 649 1200 ἔϐαλον
674 1173 785 1208 κλῆρον,
811 1173 872 1199 Ὅτι
888 1172 917 1199 δὲ
930 1172 978 1199 καὶ

187 1220 264 1256 παρὰ
274 1219 507 1255 ψευδομαρτύρων
516 1220 782 1256 κατηγορηθήσεται,
795 1220 808 1246 ὁ
819 1219 899 1251 αὐτὸς
915 1227 979 1255 προ-

184 1267 277 1302 φήτης
308 1266 405 1293 εἶπεν·
423 1266 628 1302 Ἐπανὲστησάν
653 1275 698 1301 μοι
715 1267 851 1302 μάρτυρες
877 1265 978 1293 ἄδικοι.

187 1312 250 1339 Ὀτι
265 1312 294 1339 δὲ
308 1312 357 1339 καὶ
375 1311 510 1344 ἀκάνθαις
535 1312 787 1347 στεφανωθήσεται,
814 1313 981 1348 προείρηκεν

189 1357 333 1392 Ἱερεμίας
352 1358 450 1393 λέγων·
464 1358 611 1390 ’Δκάνθαις
624 1358 680 1385 τῶν
696 1359 793 1386 ἑαυτοῦ
800 1360 980 1395 πταισμάτων

186 1405 201 1430 ὁ
215 1404 281 1435 λαὸς
305 1401 381 1435 ὦτος
407 1403 608 1440 περιεστοίχισέ
626 1412 671 1438 με.
688 1404 748 1430 Ὅτι
776 1404 805 1430 δὲ
834 1404 881 1430 καὶ
901 1403 982 1439 χολὴν

185 1451 360 1486 τραφήσεται
368 1451 414 1477 καὶ
425 1449 486 1483 ὄξος
501 1449 707 1485 ποτισθήσεται,
721 1450 735 1476 ὁ
749 1450 890 1486 προφήτης
900 1450 983 1477 Δαεὶδ

187 1497 262 1531 λέγει
278 1504 285 1512 ·
304 1497 428 1524 Ἔδωκαν
441 1498 480 1529 είς
495 1498 525 1523 τὸ
540 1496 640 1532 βρῶμά
656 1505 707 1532 μου
722 1496 812 1532 χολὴν,
826 1496 874 1523 καὶ
887 1497 925 1527 είς
934 1496 983 1531 τὴν

186 1543 269 1578 δίψαν
282 1552 334 1578 μου
349 1543 477 1570 ὲπότισὰν
491 1552 525 1578 με
541 1543 612 1575 ὅξος.
633 1543 694 1570 Ὀτι
708 1542 737 1569 δὲ
749 1542 982 1578 ἐμπαιχθήσεται,

199 1588 336 1625 Ἱερεμίας
358 1588 432 1623 λέγει
451 1596 458 1603 ·
477 1589 523 1620 Εἰς
543 1588 703 1624 ἑμπαιγμδν
724 1588 858 1623 ἐγενόμην
870 1587 908 1622 τῷ
928 1587 985 1622 λαῷ
997 1603 1019 1634 C

189 1635 288 1670 τούτῳ.
300 1635 362 1663 Ὀτι
377 1635 406 1662 δὲ
416 1637 463 1662 καὶ
483 1636 538 1667 τοῖς
549 1635 659 1670 δεσμοῖς
680 1634 770 1661 αὐτῶν
787 1634 979 1669 δεθήσεταικαὶ

192 1681 417 1717 σταυρωθήσεται
425 1682 470 1708 ἐπὶ
477 1681 556 1714 ξύλου
567 1681 642 1717 παρὰ
653 1681 708 1708 τῶν
719 1680 867 1713 Ἰουδαίων,
880 1680 954 1714 λέγει
965 1680 979 1705 ὁ

193 1727 313 1763 Ἔσδρας
323 1736 330 1742 ·
348 1727 477 1763 Ἐδήσατέ
489 1736 523 1763 με
539 1728 587 1762 οὐχ
596 1727 634 1759 ὡς
643 1727 749 1763 πατέρα
767 1727 812 1754 τὸν
828 1726 980 1762 ῥυσάμενον

192 1772 301 1808 ὗμᾶςέκ
312 1772 363 1807 γῆς
371 1772 683 1807 Αίγύπτου.Κρά.ζοντες
691 1772 791 1798 ἐπὶ.τοῦ
839 1780 920 1806 ματος
931 1771 978 1798 τοῦ

193 1818 286 1852 κριτοῦ
303 1817 505 1844 ὲταπεινώσατέ
517 1826 563 1853 με,
577 1818 769 1853 κρεμασθῆναι
784 1818 831 1844 ἐπὶ
843 1817 890 1844 τοῦ
902 1817 979 1849 ξύλου

193 1864 373 1898 παρεδώκατε
397 1873 441 1899 με.
469 1864 530 1891 ’Ὁτι
546 1865 574 1890 δὲ
595 1865 642 1890 καὶ
658 1865 822 1899 ταφήσεται,
847 1863 980 1898 Ἱερεμίας

194 1908 275 1943 λέγει·
292 1909 334 1934 Ἐν
347 1910 380 1944 τῇ
395 1910 468 1943 ταφῇ
483 1909 566 1934 αὐτοῦ
577 1908 825 1942 ζωοποιηθήσονται
838 1909 863 1934 οἱ
880 1908 979 1942 νεκροί.

200 1953 243 1979 Ἐν
256 1954 311 1987 γὰρ
321 1952 360 1988 τῷ
373 1953 460 1988 καιρῷ
475 1952 581 1987 ἐκείνῳ,
594 1952 638 1978 ὅτε
655 1952 669 1978 ὸ
681 1951 819 1986 Δεσπότης
831 1951 908 1986 ήμῶν
930 1950 980 1986 Ἰη-

195 1999 257 2030 σοῦς
273 2001 301 2025 ἐν
313 1999 353 2033 τῷ
362 1999 447 2034 τιμίῳ
461 1998 544 2025 αὐτοῦ
558 1998 640 2025 πάθει
659 1998 804 2033 παρέδωκε
818 1998 848 2024 τὺ
863 1997 980 2032 πνεῦμα,

194 2046 222 2071 οἱ
232 2046 313 2080 τάφοι
324 2045 513 2080 ἠνεῴχθησαν,
531 2045 581 2071 καὶ
596 2044 682 2071 πολλὰ
699 2043 813 2079 σώματα
828 2043 882 2070 τῶν
893 2052 983 2070 κεκοι-

197 2091 326 2125 μημένων
341 2090 427 2124 ἁγίων
450 2089 567 2125 ἠγέρθη,
591 2090 605 2116 ὁ
621 2089 697 2124 ἥλιος
715 2088 870 2122 ἐσκοτίσθη,
887 2088 917 2114 τὺ
932 2096 983 2115 κα-

194 2137 357 2172 ταπέτασμα
367 2136 415 2163 τοῦ
422 2137 486 2163 ναοῦ
494 2135 620 2171 ἐσχίσθη,
631 2136 679 2162 καὶ
690 2135 803 2170 σεισμὸς
814 2134 902 2169 μέγας
915 2135 984 2161 κατὰ

196 2182 286 2208 πᾶσαν
294 2181 345 2216 τὴν
352 2181 516 2216 οίκουμένην
525 2180 645 2214 ἐγένετο.
661 2179 754 2206 Ταῦτα
763 2179 851 2206 πάντα
862 2180 885 2206 εί
901 2179 983 2214 δυνη-

196 2227 246 2263 θῇς
257 2228 293 2260 ⁸⁸,
302 2225 325 2254 ὦ
348 2227 467 2260 Ἰουδαῖε,
479 2227 517 2262 μὴ
528 2225 599 2253 εἶναι
610 2226 687 2261 παρὰ
697 2225 751 2253 τῶν
763 2225 904 2261 ὑμετέρων
919 2234 985 2261 προ-

1067 574 1145 607 Quod
1171 578 1261 601 autem
1288 573 1369 601 fuerit
1387 581 1402 601 a
1419 575 1529 602 diabolo
1549 576 1697 604 lentandus
1716 581 1742 604 et
1758 585 1820 604 eutn

1034 625 1224 656 superaturus,
1249 620 1398 650 Zacharias
1425 626 1501 650 vates
1532 622 1570 650 ita
1597 623 1720 658 praedicit
1737 633 1744 651 :
1761 623 1819 651 Vidi

1031 666 1124 695 Jesum
1148 667 1319 696 sacerdotem
1339 675 1468 702 magnum
1496 672 1627 702 stantem,
1651 669 1820 705 astabatque

1033 713 1066 740 ad
1093 713 1154 748 ejus
1187 713 1328 741 dexteram
1355 713 1493 748 diabolus,
1512 718 1543 742 ut
1567 714 1657 749 ipsum
1690 719 1819 744 tentaret.

1034 758 1160 794 Dixitque
1169 759 1193 787 ei
1205 757 1286 788 Jesus
1301 768 1308 786 :
1324 759 1447 793 Diabole,
1465 759 1597 788 Dominus
1615 765 1640 788 te
1654 761 1821 796 increpet“.

1032 804 1267 840 Comprehensum
1308 805 1342 832 iri
1379 806 1514 841 sapientia
1546 806 1637 834 verbis
1666 806 1823 835 Solomonis

1031 852 1150 880 ostendit
1161 860 1167 878 :
1178 851 1307 880 Dixerunt
1315 851 1386 879 inter
1397 859 1428 879 se
1441 851 1526 887 impii,
1535 851 1695 880 Vincinmus
1706 852 1822 887 justum,

1032 898 1096 932 quia
1113 897 1194 926 nobis
1207 901 1246 926 est
1266 897 1498 926 incommodus".
1509 897 1685 926 Prodendum
1704 906 1719 926 a
1737 898 1822 927 disci-

1029 945 1094 979 pulo
1110 951 1173 976 suo,
1189 943 1317 979 praedixit
1330 943 1503 972 Psalmorum
1524 950 1620 972 auctor
1634 954 1640 974 :
1654 944 1678 974 ls
1696 945 1742 981 qui
1763 953 1824 974 meo

1028 990 1150 1018 vescitur
1164 997 1246 1026 pane,
1264 990 1368 1018 calcem
1380 989 1445 1016 mihi
1463 990 1620 1025 impegit".
1637 991 1711 1019 Idem
1724 991 1824 1020 vatici-

1027 1040 1111 1063 natus
1139 1040 1182 1064 est
1208 1035 1332 1064 vestibus
1363 1035 1504 1064 Christum
1527 1036 1610 1072 482
1636 1038 1823 1072 spoliandum,

1027 1087 1130 1115 easque
1150 1086 1230 1108 sorte
1257 1081 1376 1108 divisum
1404 1081 1435 1108 iri
1452 1079 1462 1106 ἐ
1479 1080 1648 1114 Diviserunt,
1662 1082 1762 1117 inquit,
1777 1091 1825 1111 ve-

1033 1130 1090 1153 stes
1110 1134 1196 1159 meas,
1212 1130 1238 1154 et
1259 1130 1332 1154 sorte
1358 1127 1506 1155 amiculum
1534 1136 1624 1155 mcttm
1639 1129 1778 1157 duxerunt
1788 1130 1822 1157 ".

1030 1170 1198 1198 Accusatum
1212 1171 1244 1198 iri
1259 1179 1274 1198 a
1293 1171 1370 1200 falsis
1384 1173 1502 1201 testibus
1528 1173 1600 1201 idem
1614 1178 1689 1202 vates
1710 1174 1824 1202 demon-

1031 1217 1387 1251 stravit:lnsurrexerunt,
1412 1218 1511 1254 inquit,
1541 1223 1639 1246 contra
1670 1227 1713 1248 me
1741 1224 1824 1248 testes

1031 1264 1169 1298 injusti”.
1187 1263 1281 1299 Spinis
1314 1266 1502 1293 coronandum
1529 1265 1662 1294 Jeremias
1699 1267 1824 1302 praedixit

1031 1310 1076 1338 bis
1093 1309 1203 1338 verbis:
1221 1310 1341 1345 Populus
1357 1304 1401 1339 hic
1421 1312 1508 1346 spinis
1521 1320 1633 1340 suorum
1651 1319 1823 1348 peccatorum

1033 1364 1076 1384 me
1094 1356 1318 1384 circumdedit".
1337 1357 1414 1390 Quod
1427 1362 1518 1385 autem
1537 1358 1572 1387 fel
1588 1366 1638 1394 pro
1650 1359 1712 1387 cibo
1723 1363 1750 1388 et
1764 1367 1825 1388 acc-

1033 1405 1089 1429 tum
1105 1409 1155 1436 pro
1180 1407 1247 1437 potu
1265 1403 1290 1430 ei
1304 1402 1490 1431 exhibendum
1505 1404 1653 1439 aliquando
1676 1409 1760 1438 esset,
1775 1405 1826 1432 Da-

1033 1446 1114 1474 vidus
1133 1447 1184 1475 hoc
1203 1448 1316 1476 oraculo
1332 1449 1498 1483 praemonuit
1511 1448 1612 1477 :Felin
1625 1450 1716 1478 cibum
1734 1458 1824 1478 meum

1035 1493 1222 1526 immiserunt,
1250 1494 1410 1530 sitientique
1423 1499 1530 1522 acetum
1552 1495 1700 1523 bibendum
1717 1497 1824 1524 obtule-

1035 1544 1100 1565 runt
1114 1538 1148 1565 ⁸ο.
1169 1537 1300 1566 Ludibrio
1316 1539 1439 1566 habitum
1457 1539 1489 1567 iri
1504 1538 1639 1568 Jeremias
1655 1548 1766 1568 rursum
1788 1541 1827 1568 in-

1035 1583 1108 1611 dicat
1122 1583 1313 1617 :Ludibrium,
1323 1585 1423 1620 inquit.
1434 1585 1523 1613 factus
1534 1592 1596 1613 sum
1608 1586 1670 1614 huic
1680 1587 1780 1622 populo
1789 1588 1824 1615 ".

1035 1629 1114 1664 Quod
1142 1629 1229 1658 Judazi
1256 1639 1320 1659 eum
1352 1633 1470 1660 vincturi
1486 1637 1513 1660 et
1531 1633 1559 1660 in
1580 1633 1697 1669 ligneam
1715 1642 1825 1662 crucem

1032 1676 1122 1704 acturi
1139 1681 1244 1710 essent,
1260 1677 1363 1705 Esdras
1391 1678 1516 1712 pradixit
1534 1687 1541 1704 :
1559 1677 1678 1714 Ligaslis
1706 1688 1749 1708 me
1772 1687 1828 1708 non

1031 1727 1059 1749 ut
1069 1722 1189 1755 Patrem,
1200 1723 1247 1758 qui
1260 1730 1307 1750 vos
1317 1731 1348 1750 ex
1360 1722 1479 1759 Egypto
1491 1724 1652 1759 liberasset;
1663 1726 1784 1755 clamore
1794 1728 1828 1754 axi

1031 1768 1151 1794 tribunal
1169 1767 1271 1802 iudicis
1299 1769 1478 1802 oppugnastis
1499 1776 1552 1802 me,
1572 1771 1751 1805 oppressistis
1774 1779 1827 1799 me.

1031 1821 1063 1840 ac
1078 1813 1231 1840 tradidistis
1260 1813 1287 1840 in
1311 1814 1385 1849 ligno
1399 1815 1636 1849 suspendendum.
1650 1816 1826 1852 Sepulturam

1031 1865 1141 1893 quoque
1151 1858 1212 1892 ejus
1222 1856 1356 1886 Jcremias
1367 1860 1495 1894 pradixit
1512 1867 1575 1887 eum
1587 1861 1677 1895 inquit
1695 1863 1740 1890 :ls
1754 1870 1829 1898 sepe-

1032 1901 1123 1936 lietur,
1133 1911 1165 1931 ea
1177 1904 1346 1932 resmortuis
1354 1905 1436 1932 vitam
1446 1905 1616 1939 reddet.Quo
1626 1907 1698 1934 enim
1708 1913 1829 1943 lempmc

1033 1948 1167 1977 Dominus
1181 1955 1274 1977 noster
1293 1949 1422 1979 Christus
1449 1951 1570 1987 pretiosa
1587 1960 1635 1980 sua
1654 1953 1680 1980 in
1697 1955 1828 1988 passione

1033 1995 1195 2030 exspiravit,
1213 2003 1245 2023 eo
1260 1996 1386 2031 sepulcra
1399 2001 1465 2025 sunt
1479 2003 1584 2032 aperta,
1610 1999 1744 2034 multique
1761 2007 1830 2027 mor-

1034 2046 1144 2070 tuorum
1156 2047 1317 2071 sanctorum
1330 2045 1491 2073 revixerunt
1500 2055 1507 2079 ;
1516 2047 1557 2074 sol
1568 2047 1766 2076 obtenebratus
1775 2053 1827 2081 est.

1035 2090 1124 2117 velum
1136 2091 1229 2125 templi
1244 2091 1374 2124 scissum,
1386 2099 1558 2128 magnusque
1572 2101 1621 2128 per
1633 2099 1720 2122 totum
1731 2095 1826 2123 orbem

1035 2141 1115 2162 terrae
1126 2141 1216 2163 motus
1226 2136 1286 2165 fuit.
1300 2136 1361 2164 Haac
1371 2138 1473 2172 omnia,
1482 2137 1585 2172 Judme,
1594 2140 1617 2167 si
1626 2148 1728 2175 negare
1739 2146 1828 2176 potes,

1036 2188 1051 2207 a
1065 2181 1166 2209 vestris
1178 2181 1265 2209 fuisse
1277 2182 1408 2217 praedicta
1421 2183 1543 2217 vatibus,
1557 2185 1693 2213 mendacii
1710 2193 1777 2214 sane
1785 2194 1829 2214 me

1039 2226 1206 2254 conviceris.
1226 2226 1274 2255 Sin
1290 2235 1320 2256 ea
1337 2235 1400 2256 vere
1415 2233 1480 2257 sunt
1491 2230 1615 2265 ipsorum
1636 2233 1758 2265 oracula,
1772 2233 1827 2259 tuis

197 2274 292 2308 φητῶν
313 2273 552 2309 προκηρυχθέντα,
565 2274 602 2304 ὠς
617 2272 739 2307 ψεύστην
752 2271 882 2306 ὲνίκησάς
899 2272 982 2307 με.ΕΙ

1036 2271 1119 2308 483
1131 2272 1215 2301 debes
1227 2274 1338 2301 credere
1363 2275 1472 2303 vatibus
1494 2279 1522 2303 et
1542 2280 1668 2304 nostrum
1687 2277 1827 2305 Christum

199 2320 222 2346 δ’
239 2319 349 2355 ἀληθῶς
359 2319 425 2355 παρ’
435 2319 545 2346 ἐκείνων
553 2317 917 2355 προφητευθένταείσὶ,⁴τοῖς
930 2319 985 2349 σοῖς

197 2367 317 2401 ὀφείλεις
335 2366 480 2401 πεισθῆναι
493 2366 648 2402 προφήταις
657 2366 705 2392 καὶ
716 2365 761 2392 τὸν
771 2365 906 2400 ἡμέτερον
919 2364 987 2400 Χρι-

200 2413 260 2439 στὸν
281 2413 357 2440 ἄκων
380 2413 426 2439 καὶ
443 2414 480 2448 μὴ
503 2413 664 2448 βουλόμενος
683 2410 884 2446 προσκυνῆσαι,
907 2411 987 2438 Κων-

199 2460 339 2491 σταντῖνος
350 2458 504 2494 Αῠγουστος
519 2457 612 2486 εἷπςνο
627 2459 658 2486 Εἰ
670 2458 757 2485 ταῦτα
766 2459 826 2489 ταῖς
840 2457 987 2493 ὑμετέραις

199 2505 358 2540 περιέχεται
381 2504 494 2540 βίϐλοις,
521 2503 659 2540 περισσῶς
681 2503 848 2537 ἀντιλέγετε,
873 2499 896 2529 ὦ
921 2502 986 2529 Ἰου-

199 2549 278 2582 δαῖοι,
301 2550 356 2577 τῶν
379 2549 551 2585 παθημάτων
577 2550 671 2576 ἕνεκεν
691 2548 739 2576 τοῦ
759 2548 891 2584 Χριστοῦ,
915 2548 986 2582 ἅπερ

199 2594 268 2620 κατὰ
288 2594 366 2626 τάξιν
386 2594 572 2630 προλεχθέντα
593 2594 622 2620 ὲν
642 2594 681 2629 τῷ
702 2593 812 2630 Χριστῷ
826 2593 986 2629 ἐπληρώθη.

199 2640 288 2666 Δὺνᾶν
311 2641 436 2672 Ἰουδαῖος
453 2640 545 2675 λέγει·
567 2639 701 2675 Ὀφείλεις
721 2640 806 2673 δεῖξαι
821 2641 886 2676 ἡμῖν
899 2640 929 2666 τὸ
941 2648 988 2666 τε-

199 2685 295 2720 χθῆναι
334 2686 414 2713 αὑτὸν
448 2687 495 2712 καὶ
531 2686 701 2722 κρατηθῆναι
733 2686 781 2713 καὶ
822 2685 986 2721 ὑϐρισθῆναι

199 2732 245 2758 καὶ
265 2733 450 2767 ὲμπαιχθῆναι
479 2732 527 2759 καὶ
558 2732 748 2768 σταυρωθῆναι
781 2732 829 2758 καὶ
858 2731 985 2758 τεθνάναι

201 2777 245 2803 καὶ
265 2779 338 2812 ταφῇ
362 2777 572 2813 παραδεδόσθαι.
593 2777 622 2804 ὐ
646 2778 722 2812 ἅγιος
736 2776 895 2813 Σίλσεστρος
912 2777 965 2813 ἔφη
977 2785 985 2793 ·

243 2867 266 2882 ⁷⁸
283 2867 388 2894 Barnch
403 2876 442 2902 ιιι,

493 2868 539 2900 56,
557 2869 601 2896 57.
651 2868 674 2884 ⁷³
693 2867 806 2895 Zachar.
831 2876 871 2900 ιιι,
891 2867 914 2899 1,
932 2867 960 2894 ‘2.

1023 2868 1045 2883 ⁷⁸
1058 2867 1122 2896 Sat).
1136 2876 1166 2896 ιι.
1187 2870 1231 2896 12.

246 2876 266 2882 ··
283 2876 388 2894 narttcn
403 2876 442 2902 tu,
493 2876 539 2900 oo,
557 2876 601 2896 ω.
653 2876 674 2884 ’ν
693 2876 806 2895 ιιοριιηι.
831 2876 871 2900 ιιι,
891 2876 914 2899 ι,
932 2876 960 2894 τ..

202 2901 224 2916 ⁷⁵
239 2901 309 2930 l’sal.
325 2911 399 2937 xxvi,
412 2904 440 2931 2,
478 2905 500 2920 τ’
513 2903 655 2939 Jerem.tx,
667 2903 694 2930 Ξ.
717 2904 754 2939 ,⁸ο
768 2904 840 2932 l’sul.
856 2910 949 2936 tnui,
962 2903 978 2930 “2

1035 2876 1045 2883 ι·
1058 2876 1122 2903 bap.
1136 2876 1166 2901 ιι,
1187 2876 1231 2896 1:.
1287 2876 1306 2885 ὐ
1319 2876 1337 2897 1³

1044 2904 1065 2919 ⁸¹
1080 2904 1182 2932 Thren.
1205 2913 1244 2939 ιιι,
1267 2905 1310 2932 Η.
1334 2916 1337 2917 ν

1040 2319 1082 2346 vel
1107 2319 1225 2346 invitus.
1239 2320 1364 2348 adorare.
1378 2320 1578 2349 Constantinus
1595 2331 1601 2349 :
1617 2322 1645 2349 Si
1658 2323 1714 2350 hazc
1730 2325 1828 2352 vestris

1041 2365 1216 2392 continentur
1227 2365 1316 2398 libris,
1329 2373 1561 2401 supervacaneum
1571 2371 1623 2400 est,
1643 2376 1660 2396 ο
1672 2367 1768 2402 Judaei,
1781 2377 1829 2398 vos

1041 2411 1230 2439 contradicere
1257 2413 1290 2439 iis
1311 2412 1414 2440 Christi
1429 2414 1665 2448 perpessionibus,
1690 2423 1759 2450 quas
1781 2425 1828 2444 or—

1041 2457 1106 2484 dine
1123 2461 1197 2485 vates
1222 2458 1247 2485 ei
1278 2463 1424 2487 eventuras
1455 2459 1650 2495 prmdixerunt,
1677 2469 1828 2498 eorumque

1040 2503 1152 2529 oracula
1184 2503 1311 2531 Christus
1338 2503 1470 2538 implevit.
1502 2505 1600 2532 Aunan
1621 2505 1733 2535 ludas-us
1764 2508 1826 2535 ait:

1041 2546 1163 2576 Debebas
1176 2548 1276 2576 nostris
1289 2549 1478 2579 demonstrare
1491 2551 1525 2579 de
1540 2551 1650 2580 Christo
1669 2554 1826 2588 praedictum

1040 2593 1139 2627 fuisse,
1166 2602 1228 2621 eum
1256 2596 1443 2629 nasciturum,
1474 2602 1597 2632 captum,
1629 2599 1828 2627 contumeliose

1039 2644 1184 2667 tractatum
1200 2645 1228 2668 et
1244 2641 1354 2669 illusum
1370 2643 1500 2678 crucique
1515 2643 1635 2677 allixum,
1652 2645 1825 2677 moriturum,

1041 2687 1243 2721 sepulturaeque
1258 2687 1387 2727 traditum
1404 2688 1448 2716 iri.
1464 2688 1595 2718 Silvester
1610 2699 1616 2717 :
1632 2690 1745 2727 Oportet
1762 2699 1827 2725 ergo

1042 2740 1085 2759 me
1096 2739 1191 2760 omnes
1208 2733 1365 2768 Scripturas
1382 2742 1528 2770 exponere.
1543 2736 1623 2765 Prius
1637 2741 1728 2765 tamen
1742 2736 1827 2764 fatere

1042 2782 1068 2805 te
1081 2786 1129 2806 eas
1148 2779 1275 2813 amplecti
1288 2780 1567 2815 verasquejudicare.
1591 2782 1688 2809 Aunan
1703 2791 1709 2808 :
1725 2780 1823 2808 Vatum

1285 2869 1306 2885 ⁷⁸
1318 2869 1458 2905 Psal.‘u.,
1479 2872 1522 2900 10.
1579 2873 1601 2888 ⁷⁷
1613 2871 1687 2900 Psal.
1707 2879 1764 2904 ni,
1782 2871 1825 2897 ll).
