2036 3153
189 194 238 224 ἷ-Ξὶῖ

842 193 1002 224 GEORGII
1020 194 1188 224 CEDRENI

1767 196 1822 227 528

187 252 298 278 ιιίιειιΙλ
326 258 388 280 esse
411 258 484 282 rem,
502 257 580 277 nemo
596 253 685 284 negat.
715 249 768 277 Sed
790 253 817 277 ιιι
845 250 879 276 ad
905 249 975 276 alios

1035 251 1132 277 )ὐκοῦν
1154 250 1259 284 ἀνάγκη
1278 249 1338 276 ἐστὶ
1361 249 1452 282 πάσας
1475 258 1516 277 σοι
1537 250 1586 281 τὰς
1611 250 1723 287 Γραφὰς
1746 253 1828 279 ἐκθέ-

187 299 276 325 trahis
298 306 358 333 qua:
375 297 409 324 de
432 296 494 324 aliis
509 299 572 323 stntt
590 295 732 330 praedicta.
763 296 914 323 Silvester:
947 300 975 322 tu

188 346 271 379 igitur
282 345 371 372 alium
388 342 488 378 profer,
505 342 548 369 cui
575 341 610 369 fel
635 349 684 376 pro
707 341 781 374 cibo,
804 347 910 369 acetum
927 349 976 376 pro

188 395 252 425 potu
272 392 308 418 sit
331 388 479 416 exhibilum
495 395 503 419 ;
522 387 567 422 qui
586 387 673 421 spinis
698 392 858 419 coronatus,
884 387 976 414 cruei-

187 437 258 463 ﬁxus
274 442 305 462 ac
322 434 446 468 Sepultus
471 433 612 460 rcvixerit.
635 432 729 460 Judmo
755 432 915 467 aliquandiu
938 432 978 460 si-

188 484 268 514 lente,
293 480 491 508 Constantinus
509 480 567 506 ait:
587 479 615 506 Si
644 480 727 506 alium
750 481 848 506 Auuan
866 479 978 506 demou-

186 533 277 554 strare
295 533 350 553 non
368 529 468 561 potest,
487 526 558 553 sciat
573 533 602 553 se
618 526 687 552 citra
704 533 812 552 oumettt
828 525 979 553 dubitatio-

187 581 246 600 ncm
263 578 425 608 superatunt
441 580 514 599 esse.
531 572 604 607 Doeg
619 571 732 599 Judmus
746 572 856 606 inquit:
872 570 980 606 Optime

187 621 346 655 imperator,
366 618 500 658 Silvester
524 619 664 654 pollicitus
687 622 729 646 est
757 627 786 646 se
800 618 903 653 justam
920 618 980 645 edi-

188 671 278 693 turum
297 672 409 693 causam
426 665 462 692 ob
477 672 560 700 quam
576 664 703 692 Christus
718 665 807 697 nasci,
831 671 845 690 a
871 663 980 691 diabolo

189 712 289 739 tentari
316 716 342 738 ct
368 711 533 746 suppliciqu
559 711 663 746 perpeti
693 710 830 737 debuerit.
855 710 896 737 Ad
923 710 982 736 hate

187 757 340 784 Silvester:
362 755 498 789 Quoniam
517 756 627 790 quidem
657 756 770 783 oracula
796 760 888 783 vatum
916 762 981 783 vera

186 811 248 831 esse
262 803 329 830 fassi
349 803 434 835 estis,
452 802 649 830 conlitebimini
665 802 758 837 utique
768 802 900 837 virginem
920 809 983 837 gra-

187 849 277 877 vidam
294 856 355 876 esse
371 849 483 882 factam,
500 854 637 884 partuque
667 849 885 880 Emmanuelem,
910 847 983 882 quod

188 903 286 924 nomen
306 898 387 922 sonat
410 894 479 922 Deus
493 895 647 927 nobiscum,
664 895 795 922 edidisse.
817 893 983 920 Tacentibus

1028 297 1110 328 σθαι,
1147 295 1209 321 ὅθεν
1237 295 1346 332 πρῶτον
1384 295 1552 331 ὁμολόγησον
1593 294 1642 326 σὰς
1672 294 1741 323 εἶναι
1776 297 1828 328 τὰς

1027 342 1137 377 Γραῳάς
1156 343 1202 369 καὶ
1216 342 1328 377 ἀληθεῖς
1346 343 1491 378 ὑπάρχειν.
1510 343 1600 369 Δὺνᾶν
1612 341 1683 369 εἷπε·
1698 343 1739 369 Τὰ
1748 344 1826 379 παρὰ

1029 388 1084 415 τῶν
1106 388 1255 424 προφητῶν
1274 388 1406 424 λεχθέντα
1424 388 1513 424 ἀληθῆ
1537 386 1608 415 εἶναι
1633 389 1735 420 πάντες
1759 390 1828 424 ὀμο-

1033 434 1168 469 λογοῦσιν.
1195 435 1276 461 Ἀλλὰ
1290 436 1322 462 σὺ
1337 435 1371 462 τὰ
1383 435 1451 471 πρὸς
1467 435 1563 467 ἄλλους
1579 435 1715 471 εἰρημένα
1729 435 1828 467 ἄλλους

1029 481 1193 508 πεπονθέναι
1209 482 1273 516 φής.
1292 482 1321 508 '0
1338 481 1416 516 ἃγιος
1432 481 1596 517 Σίλὸεστρος
1611 480 1688 509 εἷπεν
1699 490 1706 497 ·
1724 482 1830 509 Οὐκοῦν

1029 527 1106 558 δίδως
1122 527 1200 554 ἄλλον
1215 528 1276 554 τινά
1292 536 1358 554 ποτε
1378 528 1459 564 χολὴν
1474 527 1613 564 τραφέντα
1630 529 1677 555 καὶ
1695 528 1755 561 ὅξος
1772 537 1825 556 πο-

1029 573 1158 600 τισθέντα
1183 574 1231 601 καὶ
1245 574 1379 605 ἀκάνθαις
1401 573 1612 608 στεφανωθέντα
1637 574 1685 600 καὶ
1701 582 1829 609 σταυρω-

1031 619 1112 646 θέντα
1140 620 1188 647 καὶ
1204 621 1327 654 ταφέντα
1355 619 1403 646 καὶ
1422 619 1599 652 ἀναστάντας
1615 620 1670 647 Kal
1690 620 1737 647 ὲπὶ
1759 621 1828 647 πολὺ

1033 666 1190 697 σιωπῶντος
1203 666 1297 699 αὑτοῦ,
1308 667 1512 698 Κωνσταντῖνος
1525 665 1681 700 Αὔγουστος
1700 666 1752 701 ἔφη
1762 675 1770 682 ·
1798 667 1830 693 Et

1032 711 1110 738 ἄλλον
1124 711 1257 745 ἐπιδεῖξαι
1271 712 1360 740 Ᾱὺνᾶν
1371 712 1402 738 οὐ
1416 711 1540 744 δύναται,
1555 711 1716 746 γινωσκέτω
1732 712 1831 739 ἑαυτὸν

1033 757 1158 792 φανερῶς
1176 758 1337 793 ἡττημένον.
1356 757 1400 793 [Ρ.
1415 757 1480 793 276]
1496 757 1577 793 Δωὴκ
1599 757 1727 790 Ἰουδαῖος
1740 758 1826 792 λέγει·

1034 804 1148 831 Βασιλεῦ
1170 805 1310 840 κράτιστε,
1334 804 1499 840 Σίλόεστρος
1515 805 1699 840 ἐπηγγείλατο
1719 804 1830 836 δικαὲας

1034 851 1108 886 ὲρείν
1126 850 1215 882 αἰτίας
1232 851 1296 886 περὶ
1311 850 1358 877 τοῦ
1373 851 1538 886 γεννηθῆναι
1565 850 1649 878 αὐτὸν
1664 851 1712 877 καὶ
1732 859 1832 885 πειρα-

1036 895 1132 930 σθῆναι
1147 895 1200 922 ὑπὸ
1211 894 1259 922 τοῦ
1282 896 1406 923 διαϐόλου
1421 896 1468 922 καὶ
1491 895 1601 923 παθεῖν.
1627 895 1656 922 '0
1671 894 1750 929 ἆγιος
1767 895 1830 921 Σίλ-

185 940 288 968 Judaeis
312 939 414 967 addidit
431 939 569 967 :Otunino
594 940 620 966 iu
639 939 726 966 sacris
740 938 850 965 Litteris
867 938 981 972 legistis,

1036 941 1149 977 ὃεστρος
1159 942 1222 978 ἔφη’
1232 942 1341 977 Ἐπειδὴ
1353 942 1441 969 τοίνυν
1452 941 1539 976 ἀληθῆ
1556 942 1590 968 τὰ
1604 942 1832 977 προφητευθέντα

188 985 326 1022 quomodo
361 985 433 1013 Deus
457 986 574 1020 primum
598 985 736 1012 hominem
764 992 796 1012 ex
823 984 881 1011 luto
900 983 983 1020 484

180 1030 360 1064 lormaverit,
377 1032 423 1066 qui
442 1031 524 1058 homo
538 1031 675 1066 serpentis
696 1031 813 1058 consilio
831 1031 982 1058 obsecutus

189 1078 316 1113 paradiso
336 1078 441 1112 cjcetus
460 1076 598 1111 mortique
615 1080 658 1103 est
679 1075 818 1102 addictus.
839 1073 898 1101 Jam
915 1081 982 1110 ergo

188 1125 265 1157 mihi,
289 1123 391 1156 Iudaee,
411 1122 561 1158 responde,
581 1128 652 1149 terra
676 1129 710 1149 ex
731 1129 785 1156 qua
804 1120 856 1148 fuit
875 1120 982 1148 eilictus

185 1171 317 1203 Adamus,
336 1168 511 1204 corruptioni
528 1167 616 1195 l‘uitue
631 1171 759 1202 exempta
779 1173 814 1194 an
835 1165 982 1200 subjecta?

186 1217 293 1246 tiusech
324 1215 468 1251 respondit
502 1215 588 1242 fuisse
620 1217 789 1248 exemptam.
824 1213 981 1240 Silvester:

190 1266 272 1291 tlecte
291 1263 396 1291 dixisti.
414 1261 480 1289 Nam
506 1265 533 1288 et
563 1260 640 1296 virgo
662 1260 715 1288 fuit
740 1264 812 1287 terra
839 1259 904 1292 ista,
919 1267 982 1286 cum

188 1310 309 1337 nondum
336 1309 424 1344 spinis
453 1314 485 1334 ac
502 1307 612 1334 tribulis
630 1313 691 1334 eam
717 1306 809 1334 divina
838 1306 983 1333 detestatio

187 1355 369 1391 exposuisset,
387 1362 476 1389 neque
505 1354 532 1380 in
552 1361 583 1380 ea
611 1353 698 1380 ullqu
716 1353 867 1380 humanum
882 1360 983 1387 corpus

189 1405 285 1432 luisset
299 1402 445 1437 sepultum.
460 1401 521 1428 ldeo
536 1407 648 1428 necesse
659 1403 718 1426 erat
729 1407 830 1427 novum
846 1398 982 1426 Adamum

187 1459 220 1476 ex
249 1449 334 1476 Maria
357 1448 468 1482 Virgine
494 1447 582 1479 ttasci,
610 1451 640 1474 ut
669 1446 714 1473 hic
739 1449 906 1480 serpentem,
935 1445 983 1481 qui

180 1495 306 1528 primum
324 1493 463 1520 hominem
492 1491 622 1519 tentando
650 1491 764 1524 vicerat,
784 1491 906 1518 vicissim
925 1491 984 1518 vin-

189 1547 264 1568 mret
289 1540 452 1576 jejunando,
483 1540 565 1567 sicuti
596 1530 718 1566 edamus
737 1538 797 1566 cibo
822 1542 904 1573 capto
920 1546 984 1566 suc-

178 1588 334 1615 irubuerat.
366 1586 459 1614 Victor
487 1594 553 1621 ergo
582 1585 686 1613 diaboli
718 1585 876 1620 paradisum
903 1585 983 1613 nobis

1034 987 1176 1022 εἰρήκατε,
1195 985 1381 1022 ὸμολογήσατε
1396 987 1439 1014 ὅτι
1452 988 1468 1023 ἠ
1484 986 1623 1022 Παρθένος
1639 987 1770 1014 συνέλαϐε
1783 988 1833 1013 καὶ

1034 1032 1111 1059 ἔτεκε
1133 1032 1179 1059 τὸν
1209 1032 1394 1068 Ἐμμανυσηλ,
1414 1033 1428 1059 ὅ
1447 1033 1517 1066 ἐστι,
1536 1033 1604 1060 Μεθ’
1622 1033 1701 1069 ἡμῶν
1723 1033 1737 1059 ὁ
1752 1032 1830 1064 Θεὸς.

1033 1079 1204 1105 Σιωπώντων
1218 1079 1246 1105 δὲ
1259 1079 1314 1106 τῶν
1335 1079 1483 1114 Ἰουδαίων,
1503 1081 1517 1106 ὁ
1534 1079 1612 1114 ἆγιος
1628 1077 1700 1106 εἷπε·
1718 1079 1833 1110 Πάντως

1034 1125 1184 1160 γινώσκετε
1198 1126 1226 1152 ὲν
1242 1126 1303 1157 ταῖς
1330 1125 1416 1158 θείαις
1432 1127 1555 1162 Γραφαϊς
1576 1126 1672 1161 ὅτιπερ
1689 1126 1721 1152 ἐκ
1741 1125 1831 1161 πηλοῦ

1034 1171 1164 1206 ἐποίησεν
1185 1171 1200 1197 ὸ
1218 1171 1285 1204 Θεὸς
1304 1172 1350 1198 τὸν
1369 1172 1476 1207 πρῶτον
1493 1171 1648 1207 ἄνθρωπον,
1666 1171 1695 1204 ὃς
1710 1172 1743 1206 τῇ
1763 1179 1835 1206 συμ-

1035 1215 1130 1251 6ουλία
1143 1216 1190 1244 τοῦ
1211 1216 1300 1252 δφεως
1317 1216 1451 1253 ὲεεΰλήθη
1466 1218 1514 1244 τοῦ
1532 1218 1699 1254 παραδείσου
1715 1217 1762 1244 καὶ
1780 1217 1831 1244 θα-

1034 1264 1107 1299 νάτῳ
1122 1259 1343 1298 περιπέπτωκεν.
1362 1263 1468 1290 Οὐκοῦν
1483 1263 1544 1290 εἰπέ
1559 1272 1615 1299 μοι,
1630 1259 1653 1292 ὢ
1674 1263 1800 1295 ’1ουδαῖε,
1814 1263 1832 1285 Ἰ-

1034 1311 1072 1347 γῆ
1086 1311 1132 1346 ἀφ’
1143 1309 1177 1347 ἦς
1189 1311 1311 1346 ἐπλάσθη
1323 1312 1338 1338 ὁ
1360 1311 1458 1346 Ἀδὰμ,
1476 1311 1617 1346 ἄφθαρτος
1627 1309 1660 1346 ἦν
1673 1311 1689 1346 ἢ
1704 1310 1813 1345 φθαρτή
1822 1330 1831 1343 ,

1034 1358 1148 1393 Κουσὴχ
1173 1356 1262 1384 εἶπεν·
1278 1357 1445 1393 Ἀφθαρτος.
1460 1358 1623 1393 Σὶλὸεστρος
1640 1355 1713 1385 ιῖπε³
1732 1357 1830 1390 Καλῶς,

1035 1401 1125 1436 εἶπας·
1148 1403 1287 1438 ἄφθαρτος
1303 1404 1359 1439 γὰρ
1379 1401 1413 1438 ἦν
1437 1404 1483 1431 καὶ
1499 1404 1634 1439 παρθένος
1650 1404 1694 1430 διὰ
1713 1404 1743 1430 τὸ
1763 1403 1834 1438 μήτε

1035 1451 1160 1485 κατάραν
1183 1450 1270 1485 αὐτὴν
1297 1449 1438 1485 εἰληφέναι
1457 1449 1584 1477 ἀκανθῶν
1611 1450 1658 1476 καὶ
1686 1449 1834 1484 τριϐόλων,

1037 1497 1107 1532 μήτε
1136 1496 1164 1522 δὲ
1190 1495 1280 1531 ταφὴν
1315 1495 1443 1531 σώματος
1473 1495 1645 1531 ἀνθρωπίνου
1673 1496 1834 1531 ἐσχηκέναι.

1036 1542 1133 1570 Τοίνυν
1152 1542 1236 1578 ἑχρῆν
1252 1542 1300 1568 καὶ
1319 1542 1352 1568 ἐκ
1368 1542 1418 1576 τῆς
1433 1542 1572 1578 Παρθένου
1589 1542 1700 1577 Μαρίας
1715 1542 1761 1568 τὸν
1773 1541 1837 1568 νέον

1042 1588 1128 1623 Ἀδὰμ
1142 1587 1320 1622 γεννηθῆναι,
1336 1587 1366 1618 ὃς
1380 1586 1481 1621 ὤφειλε
1495 1587 1542 1613 τὸν
1561 1587 1676 1622 νικητὴν
1692 1585 1739 1613 τοῦ
1758 1585 1837 1621 πρώ-

190 1635 310 1662 tt'siilltll
344 1634 462 1668 vitaeque
497 1638 607 1660 attenta:
636 1636 730 1668 portas
763 1632 881 1667 aperuit.
912 1631 982 1659 Tum

1035 1642 1080 1660 του
1106 1632 1262 1668 ἀνθρώπου,
1278 1633 1324 1659 τὸν
1341 1632 1508 1668 πειράζοντα
1531 1632 1606 1667 ὅφιν,
1627 1633 1748 1667 νικῆσαι.
1776 1631 1836 1658 Καὶ

190 1681 322 1709 Judarus:
343 1680 404 1708 Non
423 1680 504 1707 ntodo
522 1687 571 1707 cur
590 1683 670 1707 nattts
694 1684 766 1706 esset
780 1678 918 1711 Christus,
933 1678 982 1706 sed

1035 1679 1129 1714 ἐπειδὴ
1144 1679 1190 1705 τὸν
1210 1678 1297 1714 Ἀδὰμ.
1309 1678 1353 1705 διὰ
1370 1678 1499 1714 βρώσεως
1512 1678 1634 1714 ἐνίκησε,
1646 1678 1692 1705 διὰ
1705 1677 1836 1712 νηστείας

189 1728 272 1754 etiam
301 1734 350 1754 cur
380 1725 500 1753 ludibrio
529 1725 651 1757 habitus,
682 1725 818 1759 prodittts,
846 1724 982 1759 supplicio

1035 1725 1149 1761 ἡττήθη.
1171 1725 1200 1752 Ὀ
1215 1724 1280 1759 γοῦν
1298 1725 1415 1760 νικήσας
1431 1725 1477 1752 τὸν
1493 1725 1618 1752 διάϐολον
1634 1724 1680 1751 τδν
1701 1724 1837 1760 παράδει-
1864 1722 1869 1723 ⁷

189 1772 304 1800 :itl‘ectus
331 1776 359 1799 et
388 1776 524 1803 mortuus,
552 1777 666 1798 causam
699 1770 867 1804 postulatus,
896 1777 982 1805 pauca

1036 1780 1081 1799 σον
1099 1772 1166 1808 ἡμῖν
1181 1771 1307 1798 ἀπέδωκε
1325 1771 1373 1798 καὶ
1389 1772 1441 1807 τῆς
1455 1771 1567 1798 αἰωνίου
1583 1771 1658 1806 ζωῆς
1673 1770 1722 1802 τὰς
1741 1770 1833 1801 πύλας

189 1819 313 1855 quaedam
326 1818 360 1845 de
377 1817 518 1845 nativitate
535 1816 595 1852 ejus
609 1815 739 1844 docuisti.

1035 1818 1150 1854 ὴνέῳξε.
1166 1817 1222 1844 Καὶ
1244 1818 1258 1844 ὁ
1278 1817 1404 1849 Ἰουδαῖος
1425 1814 1524 1853 εἷπενξ·
1544 1817 1582 1843 Οὺ
1608 1816 1689 1852 μόνον
1704 1815 1837 1851 περὶτῆς

189 1866 342 1901 γεννήσεως
354 1864 400 1891 τοῦ
418 1863 553 1899 ὑμετέρου
570 1861 703 1898 Χριστοῦ,
724 1862 793 1890 ἀλλά
808 1863 856 1890 xal
870 1863 998 1899 περὶτῆς
1017 1864 1176 1900 ὲμπαίξεως
1192 1863 1276 1891 αὐτοῦ
1295 1864 1342 1892 xal
1358 1864 1504 1900 προδοσίας
1524 1863 1572 1890 καὶ
1587 1862 1690 1894 πάθους
1709 1862 1757 1889 καὶ
1787 1862 1838 1888 θα-

188 1914 268 1940 νάτου
283 1910 441 1946 ἐρωτηθεὶς,
463 1908 534 1944 περὶκ
545 1908 631 1944 μόνης
649 1908 698 1943 τῆς
719 1909 872 1944 γεννήσεως
889 1909 1013 1943 ἐδίδαξας
1028 1910 1107 1945 ὀλίγα
1117 1910 1189 1938 τινά.

225 1959 339 1994 Oportet
358 1961 450 1983 autem
471 1956 505 1983 de
530 1955 647 1990 singulis
663 1959 689 1982 te
706 1955 840 1983 rationem
854 1956 981 1984 reddere.

190 2006 338 2034 Siltester:
355 2003 392 2031 De
407 2009 528 2038 quonam
542 2002 611 2029 dixit
623 2002 792 2038 maguusille
804 2002 889 2030 isaias
903 2003 955 2030 ista
968 2022 978 2036 ,

190 2053 259 2080 Ecce
289 2050 373 2086 Virgo
401 2048 556 2082 concipiet,
587 2053 614 2076 et
644 2049 735 2082 pariet
766 2047 866 2075 Filium
900 2056 982 2084 quem

190 2096 397 2124 Emtuanuelem
431 2093 639 2124 nominabunt?
667 2093 693 2121 ls
715 2097 861 2129 antequam
876 2098 982 2129 patrem

191 2146 238 2170 aut
264 2146 380 2169 matrem
407 2148 507 2168 vocare
533 2140 632 2173 discAt,
661 2139 825 2168 Damascum
853 2140 880 2168 in
903 2148 982 2168 suam

191 2189 297 2224 rediget
306 2191 480 2223 .potestatem
501 2190 530 2214 et
545 2186 697 2214 Samariam
713 2187 825 2222 diripiet
845 2194 878 2214 ac
891 2194 983 2223 regem

192 2235 313 2271 Assyria:
328 2235 419 2262 vincet
434 2234 470 2260 ⁸².
491 2233 615 2260 Balaami
637 2237 769 2268 praeterea
791 2234 844 2261 hoc
857 2237 900 2261 est
914 2233 985 2260 vati-

193 2283 307 2311 cinium.
339 2281 422 2309 Sidus
453 2288 486 2308 ex
515 2279 618 2307 Jacobo
646 2281 762 2313 orietur,
790 2281 926 2315 homoque
949 2279 984 2307 de

1079 1957 1198 1992 Ἀνάγκη
1215 1955 1261 1984 οὖν
1274 1957 1333 1984 ἐστι
1349 1956 1414 1990 περὶ
1426 1957 1535 1983 πάντων
1549 1955 1781 1990 ἀπολογήσασθαι.
1805 1955 1836 1982 Ὁ

1036 2002 1114 2037 ἅγιος
1142 2003 1304 2038 Σίλὸεστρος
1324 2003 1377 2038 ἔφη
1388 2012 1395 2019 ο
1411 2003 1479 2038 Περὶ
1493 2002 1564 2034 τίνος
1579 2003 1594 2029 ὁ
1612 2003 1698 2037 μέγας
1718 2000 1836 2034 Ἡσαΐας

1037 2048 1101 2084 ἔφη,
1126 2049 1225 2085 Ἰδοὺή
1245 2050 1386 2086 Παρθένος
1412 2050 1441 2076 ἐν
1468 2050 1568 2084 γαστρὶ
1585 2048 1640 2082 ἕξει
1665 2049 1713 2075 καὶ
1725 2047 1835 2081 τέξεται

1037 2095 1112 2128 Υίὸν,
1126 2095 1174 2122 καὶ
1189 2096 1336 2122 καλέσουσι
1350 2095 1380 2122 τὸ
1399 2095 1486 2130 δνομα
1510 2095 1595 2122 αὑτοῦ
1619 2094 1805 2131 Ἐμμανουὴλ,
1819 2095 1836 2122 ὅ

1036 2141 1106 2175 ἔστι,
1121 2142 1188 2168 Μεθ’
1205 2141 1283 2177 ήμῶν
1297 2142 1312 2167 ό
1323 2141 1404 2175 Θεός;
1415 2142 1482 2175 Καὶ,
1494 2142 1563 2177 Πρὶν
1577 2141 1594 2177 ἢ
1611 2141 1753 2175 γνῶναιτδ
1765 2149 1833 2167 παι-

1036 2187 1092 2214 δίον
1104 2187 1197 2214 καλεῖν
1213 2187 1320 2223 πατέρα
1333 2187 1349 2223 ἢ
1376 2188 1494 2223 μητέρα,
1514 2188 1630 2222 λήψεται
1644 2187 1761 2222 δύναμιν
1779 2188 1834 2214 Δα-

1039 2234 1146 2269 μασκοῦ
1171 2234 1218 2261 καὶ
1236 2235 1270 2261 τὰ
1292 2234 1377 2261 σκῦλα
1397 2234 1566 2269 Σαμαρείας,
1586 2233 1677 2260 ἔναντι
1696 2233 1833 2268 βασιλέως

1044 2282 1205 2318 Ἀσσυρίων.
1224 2282 1301 2309 Καὶὸ
1316 2282 1450 2318 Βαλαάμ’
1473 2281 1612 2309 ’Δνατελεί
1626 2281 1726 2317 ἄστρον
1739 2281 1768 2313 ἐξ
1783 2281 1836 2308 Ἰα-

192 2330 294 2358 lsraele
310 2332 466 2360 enascetur,
491 2326 539 2362 qui
556 2326 695 2362 principes
707 2326 846 2354 Moabicos
861 2330 982 2354 conterat

1037 2328 1105 2361 κὼὸ,
1129 2329 1177 2356 καὶ
1199 2328 1382 2364 ἀναστήσεται
1404 2328 1550 2363 ἄνθρωπος
1579 2329 1608 2362 ἐξ
1641 2328 1764 2363 Ἰσραὴλ,
1784 2327 1835 2354 καὶ

192 2381 220 2405 et
239 2376 317 2404 Setlti
338 2375 410 2402 ﬁlios
438 2373 645 2401 incursionibus
673 2373 753 2400 laedat
783 2373 985 2408 imperiumque

194 2425 222 2451 in
233 2423 334 2451 multas
347 2426 441 2457 gentes
451 2422 568 2455 occupet
580 2419 613 2445 ⁸³.
624 2417 674 2446 llis
687 2419 825 2446 vaticiniis
837 2418 920 2454 485
934 2418 984 2446 de-

195 2470 351 2498 nuntiatum
367 2472 411 2496 est
421 2475 484 2495 eum
501 2465 639 2493 hominem
651 2465 786 2492 futurum.
801 2464 878 2498 Quod
893 2468 986 2492 autem

194 2516 317 2545 omnium
333 2522 424 2543 reruttt
438 2513 570 2541 Dominus
586 2512 696 2539 futurus
715 2516 800 2544 esset,
818 2519 927 2538 rursum
944 2512 986 2539 his

195 2563 287 2591 verbis
312 2567 386 2590 vates
414 2560 600 2596 prmﬂixerunt
618 2559 710 2586 :Ecce
727 2558 860 2586 Dominus
886 2558 988 2585 insidet

195 2609 302 2638 nebulae
316 2607 380 2641 levi,
406 2613 513 2641 suoque
539 2606 568 2632 in
589 2604 736 2640 Egyptqu
752 2604 871 2632 adventu
902 2611 986 2631 manu

195 2656 285 2683 iactos
296 2660 392 2681 eorum
406 2652 473 2680 deos
488 2651 628 2679 concutiet
636 2650 669 2677 “.
680 2650 759 2683 Item,
769 2649 840 2678 Ecce
855 2649 986 2678 Dominus

195 2702 269 2729 Deus
285 2704 379 2727 noster
395 2699 498 2731 veniet,
513 2705 619 2732 uosque
633 2697 742 2732 eripiet.
757 2695 836 2724 Tune
857 2696 985 2731 aperien-

193 2752 242 2775 tur
256 2745 330 2775 oculi
345 2750 480 2772 caecorum
493 2750 632 2778 auresque
651 2743 812 2774 surdorum,
831 2747 858 2769 et
869 2740 984 2768 claudus

195 2794 269 2823 cervi
286 2794 375 2821 instar
389 2790 511 2822 saltabit,
527 2789 655 2824 balbique
670 2789 773 2817 diserte
787 2789 934 2824 loquentur
946 2787 981 2814 ⁸⁸.

194 2839 253 2868 Hoc
281 2847 347 2868 sane
360 2837 502 2866 oraculum
526 2836 611 2863 Deum
628 2836 655 2863 in
669 2835 751 2862 terris
780 2835 984 2862 ambulaturum

1036 2373 1150 2410 θραύσει
1160 2375 1225 2406 τοὺς
1237 2374 1376 2410 ἀρχηγοὺς
1388 2374 1488 2407 Μωάὒ,
1503 2374 1550 2401 καὶ
1565 2373 1749 2409 προνομεὸσει
1768 2373 1834 2403 τοὺς

1037 2421 1113 2453 υἱοὺς
1129 2421 1196 2456 Σὴθ,
1218 2421 1266 2448 καλ¹
1292 2420 1503 2456 κατακυριεύσει
1523 2420 1609 2448 ἐθνῶν
1627 2420 1743 2447 πολλῶν.
1769 2419 1833 2446 Ὀτι

1042 2467 1091 2502 μὲν
1105 2465 1152 2493 οὖν
1168 2466 1312 2502 ἄνθρωπος
1324 2467 1486 2501 φανήσεται,
1498 2466 1541 2492 διὰ
1552 2465 1655 2492 τούτων
1674 2473 1834 2499 προκαταγ-

1039 2511 1172 2546 γέλλεται·
1200 2512 1242 2538 ὅτι
1276 2511 1305 2538 δὲ
1336 2510 1439 2546 Κύριος
1463 2511 1584 2543 πάντων,
1612 2510 1832 2546 προσημαίνουσι

1040 2556 1122 2583 πάλιν
1137 2557 1162 2582 οἱ
1177 2556 1315 2591 προφῆται
1327 2550 1499 2590 φάσκοντεςλ
1519 2556 1585 2583 Ἰδοὺ
1601 2556 1702 2591 Κύριος
1713 2556 1832 2590 κάθηται

1039 2603 1087 2629 ἐπὶ
1113 2602 1227 2638 νεφέλης
1243 2601 1360 2638 κούφης,
1379 2603 1427 2629 καὶ
1454 2601 1513 2637 ἥξει
1539 2602 1580 2633 εἰς
1611 2603 1759 2636 Αἴγυπτον,
1786 2603 1831 2627 καὶ

1039 2648 1228 2684 «πεισθήσονται
1250 2648 1285 2675 τὰ
1307 2648 1485 2684 χειροποίητα
1508 2647 1658 2683 Δίγύπτου.
1675 2648 1741 2680 Καὶ,
1765 2647 1830 2674 Ἰδοὺ

1039 2694 1141 2730 Κύριος
1155 2696 1169 2720 ὁ
1187 2694 1253 2726 Θεὸς
1270 2694 1349 2729 ήμῶν
1363 2694 1423 2730 ἥξει
1441 2694 1490 2721 καὶ
1505 2694 1586 2720 σώσει
1601 2695 1687 2729 ἡμᾶς,
1707 2694 1755 2720 καὶ
1770 2694 1829 2719 τότε

1039 2741 1240 2776 ἀνοιγήσονται,
1267 2741 1403 2776 ὀφθαλμοὶ
1429 2741 1548 2775 τυφλῶν,
1575 2741 1622 2767 καὶ
1648 2737 1707 2767 ὦτα
1731 2739 1830 2773 κωφῶν

1039 2788 1240 2822 ἀνοιγήσονται,
1257 2788 1305 2814 καὶ
1330 2788 1434 2814 ἁλείται
1454 2788 1492 2820 ὡς
1515 2787 1614 2823 ἔλαφος
1635 2788 1650 2814 ὁ
1668 2786 1764 2822 χωλὸς,
1785 2787 1829 2811 καὶ

1040 2833 1126 2869 τρανὴ
1147 2833 1224 2860 ἔσται
1246 2835 1357 2868 γλῶσσα
1379 2834 1545 2870 μογιλάλων.
1573 2832 1605 2861 Ἦ
1632 2833 1683 2868 μὲν
1699 2830 1746 2860 οὗν
1763 2840 1829 2868 προ-

231 2932 255 2948 ⁸²
269 2932 321 2960 lsa.
340 2939 387 2966 vrt,
402 2931 494 2959 M-lG.
531 2931 554 2947 ⁸³
568 2930 649 2957 Num.
668 2936 742 2962 χχιιι,
762 2928 803 2960 l‘l,
821 2930 865 2956 l8.
903 2929 926 2946 εδ
952 2930 982 2956 Is:

1038 2936 1075 2961 ιιι,
1095 2929 1120 2955 t.
1159 2926 1183 2942 ⁸³
1201 2925 1252 2953 lsa.
1270 2933 1352 2960 xxxv,
1366 2925 1393 2952 4.
