2036 3153
171 195 221 225 ἷὲὶἸ

827 194 986 225 GEORGII
1004 195 1171 226 CEDRENI

1751 197 1805 229 528

170 253 281 279 «.rncula
309 258 370 280 esse
395 258 468 283 vera,
485 257 564 278 nemo
580 254 669 285 negat.
699 249 753 278 Sed
774 253 802 278 tu
829 252 862 277 ad
889 250 959 278 alios

1017 252 1115 278 3ὖκοῦν
1137 251 1243 285 ἀνάγκη
1261 251 1321 278 ἐστὶ
1345 251 1435 284 πάσας
1459 260 1500 279 σοι
1521 252 1570 284 τὰς
1595 252 1706 289 Γραφὰς
1729 254 1811 280 ἐκϐέ-

170 299 259 326 trahis
280 306 341 333 qua:
358 297 392 325 de
415 297 478 324 aliis
493 300 556 324 sunt
574 295 716 331 praedicta.
747 297 897 325 Silvester:
931 302 959 324 tu

170 346 354 380 igiluralium
370 343 472 379 profer,
489 343 532 370 cui
559 342 595 369 l‘el
620 351 669 377 pro
691 343 764 375 cibo,
787 348 894 371 acetum
911 350 960 378 pro

170 396 235 426 potu
255 393 291 418 sit
314 389 487 420 exhihilum;
506 387 551 422 qui
570 388 657 422 spinis
682 393 842 420 coronatus,
868 389 960 416 cruci-

170 437 240 464 ﬁxus
257 443 288 463 ac
305 435 431 470 sepultus
454 434 595 461 rcvixerit.
619 433 713 461 Judmo
738 434 899 469 aliquandiu
921 433 961 461 si-

171 485 252 515 lente,
276 480 475 509 Constantinus
492 480 550 507 ait:
571 480 599 508 Si
627 481 710 508 alium
733 482 831 508 Aunan
850 481 962 508 demou-

169 534 261 555 strare
278 534 334 554 non
352 529 451 561 potest,
471 527 542 554 sciat
556 534 585 554 se
601 527 671 554 citra
687 534 796 554 onmem
812 526 962 554 dubitatio-

170 582 230 601 nem
246 578 408 609 superatum
424 580 498 600 esse.
515 572 587 608 Doeg
603 572 715 601 Judzcus
730 573 838 608 inquit:
855 571 963 608 Optime

171 622 329 656 imperator,
349 619 483 658 Silvester
508 619 647 655 pollicitus
671 623 713 647 est
739 628 769 647 se
783 619 887 654 justam
903 619 963 646 edi-

172 672 261 694 turum
279 673 392 694 causam
409 665 445 693 ob
460 673 544 701 quam
559 665 686 693 Christus
701 667 791 699 nasci,
814 673 828 692 a
854 665 964 692 diabolo

172 713 272 740 tentari
299 717 325 740 et
351 712 516 747 supplicium
543 713 646 747 perpeti
677 711 814 738 debuerit.
839 711 879 738 Ad
906 711 965 738 hinc

170 758 323 786 Silvester:
345 756 481 790 Quoniam
500 757 610 791 quidem
640 757 753 784 oracula
779 761 872 784 vatum
899 764 964 784 vera

169 812 231 832 esse
245 804 312 832 fassi
332 804 417 836 estis,
435 803 633 831 coniitebimini
648 803 741 838 utique
752 803 882 838 virginem
903 810 967 838 gra-

170 851 260 878 vidam
276 857 338 877 esse
355 850 466 883 factam,
483 855 620 885 partuque
649 849 868 882 Emmanuclem,
893 849 966 884 quod

171 904 269 924 nomen
290 900 370 923 sonat
392 895 462 923 Deus
476 897 629 928 nobiscum,
647 896 778 923 edidisse.
801 894 966 922 Tacentibus

169 941 271 969 .ludaeis
294 941 397 968 addidit
415 940 552 968 :Omnino
577 941 603 968 in
622 941 709 968 sacris
724 940 834 967 Litteris
850 939 965 974 legistis,

171 987 309 1023 quomodo
345 986 417 1014 Deus
440 987 558 1022 primum
581 986 719 1014 hominem
747 994 780 1013 ex
807 985 864 1013 luto
883 985 966 1021 484

163 1030 343 1065 ΔΙ()ι’ῐιι;ιι-εη·ἰι,
360 1033 406 1067 qui
426 1033 508 1060 homo
521 1033 658 1068 serpentis
679 1032 797 1060 consilio
814 1032 965 1059 obsecutus

172 1079 300 1114 paradiso
320 1079 425 1113 ejectus
443 1078 581 1112 mortique
599 1081 641 1104 est
663 1076 801 1104 addictus.
822 1075 881 1103 lam
898 1082 965 1112 ergo

171 1126 248 1158 mihi,
272 1124 375 1157 Jndaze,
395 1123 544 1159 responde,
564 1129 636 1150 terra
659 1131 693 1150 ex
714 1130 768 1158 qua
787 1122 839 1150 fuit
857 1121 965 1150 ellictus

169 1172 301 1204 Adamus,
320 1170 494 1206 corruptioni
511 1169 598 1196 fuitne
614 1173 742 1204 exempta
762 1176 796 1195 an
818 1167 965 1202 subjecta?

170 1219 276 1246 tiusech
308 1217 452 1253 respondit
485 1217 571 1244 fuisse
603 1219 771 1250 exemptam.
807 1215 964 1243 Silvester:

173 1267 255 1293 llecte
274 1265 379 1292 dixisti.
397 1263 464 1291 Nam
489 1266 516 1290 et
547 1262 623 1298 virgo
645 1261 698 1289 fuit
724 1266 796 1289 terra
821 1261 887 1293 ista,
902 1269 965 1288 cum

171 1311 291 1338 nonduin
319 1310 407 1346 spinis
436 1316 468 1336 ac
485 1309 595 1336 tribulis
613 1316 674 1336 eam
701 1308 793 1336 divina
821 1308 965 1335 detestatio

170 1357 352 1392 exposuisset,
370 1364 459 1391 neque
488 1356 515 1382 in
535 1363 566 1382 ea
595 1355 681 1382 ullum
699 1354 850 1382 burnanum
865 1361 966 1388 corpus

171 1406 268 1432 inisset
282 1404 428 1438 sepultum.
443 1403 505 1430 ldeo
519 1409 631 1430 necesse
642 1405 701 1428 erat
713 1408 814 1428 novum
830 1400 965 1428 Adamum

170 1460 203 1477 et
232 1450 317 1478 Maria
340 1449 452 1484 Virgine
477 1449 565 1481 nasci,
594 1452 623 1474 ut
653 1448 697 1474 hic
723 1450 890 1482 serpentem,
918 1447 966 1482 qui

173 1497 289 1530 primum
307 1494 446 1522 hominem
475 1493 605 1520 tentando
633 1493 748 1525 vicerat,
767 1492 889 1520 vicissim
907 1493 967 1519 vin-

172 1548 247 1569 ναι-ει
271 1541 435 1578 jejunando,
466 1541 548 1569 sicuti
579 1532 701 1568 Adamus
720 1540 780 1568 cibo
805 1543 887 1575 capto
903 1548 967 1567 suc-

160 1590 317 1617 rnbuerat.
350 1587 443 1615 Victor
471 1595 536 1623 ergo
565 1586 669 1614 diaboli
701 1586 859 1621 paradisum
887 1586 966 1614 nobis

173 1636 294 1663 n-stitnit
327 1635 445 1669 vitzeque
480 1639 591 1661 aeternae
620 1637 713 1669 portas
747 1633 864 1668 aperuit.
895 1633 965 1660 Tum

173 1683 284 1710 Judaeus
299 1691 306 1709 :
326 1681 387 1709 Non
406 1681 487 1708 modo
505 1688 554 1708 cur
573 1684 653 1708 natus
677 1685 749 1707 esset
763 1679 901 1712 Christus,
917 1679 965 1707 sed

171 1729 255 1755 etiam
284 1736 333 1755 cur
363 1727 483 1754 ludibrio
511 1726 634 1758 habitus,
665 1726 801 1760 proditus,
829 1725 966 1761 supplicio

172 1774 287 1801 :iil‘ectus
314 1777 342 1801 et
370 1777 506 1804 mortuus,
535 1779 648 1799 causam
682 1772 850 1806 postulatus,
878 1779 966 1806 pauca

172 1820 296 1857 quaedam
310 1819 343 1847 de
360 1818 501 1846 nativitate
518 1818 578 1853 ejus
592 1817 722 1845 docuisti.

1012 298 1093 330 σθαι,
1131 297 1193 323 ὅθεν
1221 297 1330 333 πρῶτον
1367 297 1535 333 ὁμολόγησον
1576 296 1625 328 σὰς
1656 296 1725 325 εἶναι
1759 299 1810 330 τὰς

1011 343 1122 379 Γραφὰς
1139 345 1186 370 καὶ
1200 344 1311 379 ἀληθεῖς
1330 344 1475 380 ὑπάρχειν.
1493 345 1583 371 Δὺνᾶν
1595 343 1667 371 εἷπε·
1681 345 1722 371 Τὰ
1732 346 1808 381 παρὰ

1012 390 1068 416 τῶν
1090 389 1239 425 προφητῶν
1258 390 1389 426 λεχθέντα
1407 390 1497 426 ἀληθῆ
1521 388 1592 417 εἶναι
1617 390 1719 422 πάντες
1742 392 1811 425 ὁμο-

1016 436 1152 470 λογοῦσιν.
1178 436 1259 463 Ἀλλὰ
1273 437 1306 463 σὺ
1321 436 1355 463 τὰ
1366 436 1435 472 πρὸς
1450 437 1547 468 ἄλλους
1563 437 1698 472 εἰρημένα
1712 437 1811 469 ἄλλους

1012 483 1177 509 πεπονθέναι
1192 484 1256 518 φής.
1275 483 1305 509 '0
1321 483 1399 518 ἆγιος
1416 483 1579 519 Σίλὸεστρος
1595 482 1688 510 εἶπεν·
1707 484 1813 511 Οὐκοῦν

1011 528 1090 560 δίδως
1105 528 1184 556 ἄλλον
1198 529 1260 556 τινά.
1276 537 1342 556 ποτε
1362 529 1443 565 χολὴν
1457 529 1597 566 τραφέντα
1614 530 1661 556 καὶ
1677 529 1738 563 ὅξος
1755 539 1807 557 πο-

1013 574 1141 601 τισθέντα
1167 575 1214 602 καὶ
1229 575 1362 606 ἀκάνθαις
1384 575 1596 610 στεφανωθέντα
1620 576 1668 602 καὶ
1684 584 1811 611 σταυρω-

1015 620 1096 648 θέντα
1123 622 1171 648 καὶ
1188 622 1310 656 ταφέντα
1338 621 1386 648 καὶ
1405 621 1582 654 ἀναστάντα;
1599 621 1653 648 Καὶ
1673 622 1720 649 ἐπὶ
1742 622 1810 649 πολὺ

1017 667 1173 699 σιωπῶντος
1186 667 1280 701 αὑτοῦ,
1292 668 1496 700 Κωνσταντῖνος
1509 667 1663 702 Αὔγουστος
1683 668 1735 703 ἔφη
1745 677 1752 684 ·
1781 669 1812 695 Et

1015 713 1094 739 ἄλλον
1107 713 1240 746 ἐπιδεῖξαι
1254 713 1344 742 Αὺνᾶν
1355 713 1385 740 οὐ
1400 713 1524 746 δύναται,
1539 713 1699 747 γινωσκέτω
1715 713 1812 740 ἑαυτὸν

1016 759 1142 793 φανερῶς
1159 760 1321 795 ἡττημένον.
1339 759 1383 795 [Ρ.
1398 759 1464 795 276]
1480 759 1560 795 Δωὴκ
1583 759 1710 791 Ἰουδαῖος
1723 760 1808 794 λέγει·

1017 805 1131 832 Βασιλεῦ
1153 807 1293 842 κράτιστε,
1318 806 1482 842 Σίλόεστρος
1498 807 1682 842 ἐπηγγείλατο
1702 806 1812 838 δικαῖας

1017 852 1091 888 ὲρεῖν
1109 852 1198 883 αἰτίας
1216 853 1279 887 περὶ
1295 852 1341 879 τοῦ
1357 853 1522 888 γεννηθῆναι
1549 852 1632 880 αὐτὸν
1647 852 1695 878 καὶ
1715 860 1813 887 πειρα-

1019 896 1115 932 σθῆναι
1130 897 1183 924 ὑπδ
1195 896 1243 924 τοῦ
1265 897 1389 924 διαϐόλου
1404 898 1451 924 καὶ
1475 897 1584 925 παθεῖν.
1610 897 1639 924 '0
1655 896 1733 931 ἇγιος
1749 897 1812 923 Σίλ-

981 941 1004 971 Β
1019 943 1132 978 ϐεστρος
1142 943 1205 980 ἔφη·
1215 943 1325 978 Ἐπειδὴ
1336 944 1425 971 τοίνυν
1435 943 1522 978 ἀληθῆ
1539 944 1574 970 τὰ
1587 943 1814 979 προφητευθέντα

1017 989 1160 1023 είρήκατε,
1178 987 1365 1023 ὁμολογήσατε
1379 989 1422 1016 ὅτι
1435 990 1451 1024 ὴ
1467 988 1606 1024 Παρθένος
1622 988 1753 1015 συνέλαϐε
1766 989 1814 1015 καὶ

1017 1033 1094 1060 ἔτεκε
1115 1033 1162 1061 τὸν
1192 1033 1377 1069 Ἐμμανυαηλ,
1397 1035 1412 1061 ὅ
1430 1035 1501 1067 ἐστι,
1520 1034 1587 1061 Μεθ’
1605 1035 1685 1070 ἡμῶν
1706 1035 1720 1061 ό
1735 1034 1812 1066 Θεός.

1016 1080 1186 1107 Σιωπώντων
1201 1080 1229 1107 δὲ
1242 1081 1297 1107 τῶν
1318 1080 1466 1116 Ἰουδαίων,
1486 1083 1500 1108 ὁ
1518 1081 1595 1115 ἆγιος
1611 1079 1683 1107 εἶπεε
1701 1081 1815 1111 Πάντως

1017 1126 1167 1161 γινώσκετε
1181 1128 1210 1154 ἐν
1226 1128 1286 1159 ταῖς
1312 1127 1399 1160 θείαις
1415 1129 1539 1163 Γραφαϊς
1559 1128 1656 1162 ὅτιπερ
1673 1128 1704 1154 ὲκ
1724 1126 1813 1162 πηλοῦ

1017 1172 1146 1208 ἐποίησεν
1168 1173 1182 1199 ὸ
1202 1173 1268 1205 Θεὸς
1287 1174 1333 1200 τὸν
1352 1173 1460 1208 πρῶτον
1476 1173 1632 1208 ἄνθρωπον,
1649 1173 1678 1205 ὃς
1693 1174 1726 1208 τῇ
1746 1181 1816 1208 συμο

1018 1217 1113 1253 δουλίᾳ
1125 1218 1173 1245 τοῦ
1194 1218 1283 1253 ὕφεως
1301 1218 1434 1254 ἐξεϐλήθη
1449 1220 1497 1246 τοῦ
1515 1219 1683 1255 παραδείσου
1699 1218 1745 1246 καὶ
1763 1218 1812 1245 θα-

1018 1266 1090 1300 νάτῳ
1105 1261 1326 1300 περιπέπτωκεν.
1345 1265 1451 1292 Οὐκοῦν
1466 1265 1527 1292 εἰπέ
1542 1274 1599 1301 μοι,
1613 1261 1636 1293 ὦ
1657 1265 1782 1297 Ὶουδαῖε,
1797 1264 1813 1287 ὖ

1017 1313 1055 1348 γῆ
1069 1313 1115 1348 ἀφ’
1127 1311 1160 1349 ἧς
1172 1313 1294 1348 ἐπλάσθη
1307 1314 1321 1340 ὁ
1343 1313 1441 1347 Ἀδὰμ,
1459 1312 1600 1348 ἄφθαρτος
1610 1310 1672 1348 ἦνῆ
1687 1311 1812 1347 φθαρτή,

1018 1359 1131 1394 Κουσὴχ
1157 1357 1245 1386 εἶπενε
1261 1359 1427 1395 Ἀφθαρτος.
1443 1360 1606 1395 Σίλὸεστρος
1624 1357 1695 1386 εἷπε·
1715 1358 1812 1392 Καλῶς,

1018 1403 1109 1437 εἴπας
1131 1405 1271 1440 ἄφθαρτος
1287 1406 1343 1441 γὰρ
1362 1403 1396 1440 ἦν
1420 1405 1466 1432 καὶ
1482 1405 1617 1441 παρθένος
1633 1405 1677 1432 διὰ
1697 1405 1727 1432 τὸ
1746 1405 1815 1439 μήτε

1018 1451 1143 1487 κατάραν
1167 1451 1253 1486 αὐτὴν
1280 1451 1422 1487 εἰληφέναι
1440 1451 1567 1478 ἀκανθῶν
1594 1451 1642 1478 καὶ
1669 1450 1815 1486 τριϐόλων,

1021 1498 1090 1534 μήτε
1119 1497 1148 1524 δὲ
1173 1497 1263 1533 ταφὴν
1298 1497 1427 1533 σώματος
1456 1497 1628 1532 ἀνθρωπίνου
1657 1497 1814 1532 ἐσχηκέναι.

1019 1543 1116 1571 Τοίνυν
1136 1544 1219 1580 ἐχρῆν
1235 1544 1283 1570 καὶ
1302 1544 1335 1570 ὲκ
1351 1544 1400 1578 τῆς
1416 1544 1555 1579 Παρθένου
1571 1543 1683 1578 Μαρίας
1698 1543 1743 1570 τὸν
1757 1543 1816 1570 νέον

1025 1590 1111 1625 Ἀδὰμ
1125 1588 1303 1624 γεννηθῆναι,
1319 1588 1349 1619 ὃς
1363 1587 1464 1622 ὤφειλε
1478 1588 1525 1614 τὸν
1544 1588 1659 1624 νικητὴν
1675 1587 1723 1615 τοῦ
1741 1587 1817 1623 πρώ-

1016 1643 1063 1661 του
1089 1633 1244 1670 ἁνθρώπου,
1262 1634 1307 1660 τὸν
1323 1633 1491 1669 πειράζοντα
1515 1633 1589 1668 ὄφιν,
1610 1634 1731 1669 νικῆσαι.
1759 1633 1816 1660 Καὶ

1018 1680 1113 1716 ἐπειδὴ
1127 1681 1173 1706 τὸν
1193 1680 1279 1715 ’Δδὰμ
1292 1679 1336 1706 διὰ
1352 1679 1482 1715 βρώσεως
1495 1680 1617 1715 ἐνίκησε,
1628 1679 1674 1707 διὰ
1688 1679 1816 1714 νηστείας

1016 1727 1132 1763 ἡττήθη.
1154 1727 1182 1753 '0
1198 1726 1263 1761 γοῦν
1281 1726 1397 1761 νικήσας
1414 1726 1460 1752 τὸν
1476 1726 1600 1753 διάϐολον
1616 1726 1662 1753 τδν
1684 1725 1816 1761 παράδει-
1843 1724 1846 1725 ⁷

1019 1782 1064 1801 σον
1082 1774 1149 1809 ἡμῖν
1164 1772 1289 1799 ἀπέδωκε
1308 1772 1356 1799 καὶ
1372 1772 1423 1808 τῆς
1438 1772 1550 1800 αἰωνίου
1566 1772 1641 1807 ζωῆς
1657 1772 1704 1804 τὰς
1723 1771 1814 1802 πύλας

1018 1819 1133 1856 ἡνέῳξε.
1149 1818 1204 1846 Καὶ
1226 1819 1240 1845 ὁ
1261 1818 1387 1850 Ἰουδαῖος
1407 1815 1507 1854 εἷπενξ·
1527 1818 1564 1845 Οὺ
1591 1818 1672 1853 μόνον
1688 1817 1817 1852 περὶτῆς

172 1868 324 1902 γεννήσεως
337 1865 384 1892 τοῦ
401 1864 536 1900 ὑμετέρου
553 1863 687 1899 Χριστοῦ,
707 1863 776 1891 ἀλλὰ
791 1865 839 1892 καὶ
853 1865 981 1901 περὶτῆς
1000 1866 1158 1901 ὲμπαίξεως
1175 1864 1258 1891 αὐτοῦ
1277 1865 1326 1892 καὶ
1341 1865 1486 1900 προδοσίας
1506 1864 1554 1891 καὶ
1570 1864 1672 1896 πάθους
1692 1863 1739 1891 καὶ
1769 1863 1817 1890 ϐα-

171 1915 251 1942 νέιτου
266 1911 424 1947 ἐρωτηθεὶς,
446 1909 517 1945 περὶ·
528 1910 614 1945 μόνης
632 1909 681 1944 τῆς
702 1910 856 1945 γεννήσεως
872 1910 996 1944 ἐδίδαξας
1011 1911 1090 1946 ὀλίγα
1100 1912 1172 1939 τινά.

208 1960 322 1996 Oportet
342 1963 433 1985 autem
454 1957 488 1984 de
514 1956 630 1991 singulis
646 1960 672 1984 te
689 1957 824 1984 rationem
837 1957 964 1985 reddere.

173 2008 321 2035 Siliester:
338 2005 375 2032 De
390 2011 512 2039 quonam
525 2003 595 2031 dixit
606 2004 775 2039 magnusille
787 2004 872 2032 lsaias
887 2004 938 2032 ista
951 2024 961 2038 ,

173 2054 242 2082 Ecce
272 2051 356 2088 Virgo
384 2049 539 2084 concipiet,
570 2054 598 2077 et
627 2050 718 2084 pariet
749 2049 849 2077 Filium
884 2058 965 2085 quem

173 2097 380 2125 Emmanuelem
415 2095 622 2125 nominabunt?
650 2095 676 2123 ls
698 2099 845 2131 antequam
859 2100 965 2131 patrem

174 2148 221 2171 aut
248 2147 364 2170 matrem
390 2149 490 2169 vocare
515 2141 616 2175 discat,
644 2141 808 2171 Damascum
836 2143 863 2169 iu
886 2149 965 2170 suam

175 2190 280 2225 rediget
290 2193 463 2224 potestatem
485 2191 512 2215 et
528 2187 680 2216 Samariam
696 2189 808 2224 diripiet
828 2195 861 2215 ac
874 2195 966 2224 regem

175 2237 297 2272 Assyria:
310 2237 402 2263 vincet
417 2236 453 2261 ε’.
475 2234 598 2262 Balaami
620 2239 752 2270 praaterea
774 2236 827 2262 hoc
840 2238 883 2262 est
897 2234 967 2261 vati-

176 2285 290 2312 cinium.
323 2282 406 2310 Sidus
436 2289 469 2309 ex
498 2281 601 2309 Iacobo
629 2282 744 2314 orietur,
773 2282 910 2316 homoque
932 2280 967 2308 de

1062 1958 1181 1993 Ἀνάγκη
1197 1955 1243 1985 οὖν
1257 1958 1316 1985 ἐστι
1332 1957 1396 1991 περὶ
1408 1958 1517 1984 πάντων
1532 1956 1764 1991 ἀπολογήσασθαι.
1787 1956 1816 1983 '0

1019 2003 1096 2038 ἆγιος
1125 2004 1287 2040 Σίλὸεστρος
1307 2004 1359 2040 ἔφη
1371 2013 1378 2020 σ
1392 2004 1462 2039 Περὶ
1475 2004 1546 2035 τίνος
1562 2005 1576 2030 ὁ
1595 2004 1682 2038 μέγας
1701 2002 1816 2035 Ἡσαΐας

1019 2050 1084 2085 ἔφη,
1109 2050 1176 2078 Ἰδοὺ
1191 2052 1208 2086 ἡ
1228 2051 1368 2087 Παρθένος
1394 2051 1424 2077 ὲν
1451 2051 1551 2086 γαστρὶ
1567 2050 1623 2083 ἔξει
1648 2050 1695 2076 καὶ
1707 2048 1816 2082 τέξεται

1020 2096 1095 2129 Υίὸν,
1109 2096 1157 2123 καὶ
1172 2097 1318 2124 καλέσουσι
1332 2096 1363 2124 τὺ
1381 2097 1468 2131 ὄνομα
1493 2096 1577 2124 αὐτοῦ
1602 2096 1788 2132 Ἐμμανουήλ,
1801 2096 1816 2123 ὂ

1019 2142 1089 2176 ἐστι,
1104 2143 1171 2170 Μεθ’
1187 2142 1266 2179 ἡμῶν
1279 2143 1295 2169 ὁ
1305 2142 1387 2176 Θεός;
1398 2143 1464 2176 Καὶ,
1477 2143 1546 2179 Πρὶν
1560 2143 1576 2178 ἢ
1594 2143 1696 2177 γνῶναι
1705 2142 1735 2169 τὸ
1748 2150 1814 2169 παι-

1019 2188 1075 2215 δίον
1087 2189 1179 2216 καλεῖν
1196 2189 1302 2224 πατέρα
1315 2189 1332 2224 ἢ
1358 2189 1477 2224 μητέρα,
1497 2189 1613 2224 λήψεται
1627 2188 1744 2224 δύναμιν
1762 2190 1815 2215 Δα-

1022 2235 1129 2271 μασκοῦ
1154 2236 1202 2262 καὶ
1218 2235 1252 2262 τὰ.
1274 2235 1360 2261 σκῦλα
1380 2235 1548 2271 Σαμαρείας,
1569 2234 1659 2262 ἔναντι
1678 2234 1814 2270 βασιλέως

1026 2284 1188 2320 Ἀσσυρίων.
1207 2284 1261 2310 Καὶ
1270 2284 1284 2310 ὁ
1299 2282 1433 2318 Βαλαάμι
1456 2283 1594 2310 Ἀνατελεῖ
1608 2283 1708 2319 ἄστρον
1721 2282 1751 2315 ἐξ
1765 2282 1817 2309 Ἰα-

176 2331 278 2359 lsraele
294 2333 449 2361 enascetur,
475 2328 522 2363 qui
539 2328 678 2364 principes
690 2328 829 2356 Moabicos
844 2331 965 2356 conterat

1020 2329 1088 2363 κὼῦ,
1111 2330 1159 2357 καὶ
1182 2330 1364 2365 ἀναστήσεται
1387 2329 1532 2364 ἄνθρωπος
1561 2330 1591 2363 ἐξ
1624 2329 1747 2365 Ἰσραὴλ,
1766 2329 1816 2356 καὶΙ

176 2383 203 2406 et
223 2376 301 2404 Sethi
322 2376 393 2403 ﬁlios
421 2375 628 2402 incursionibus
656 2374 736 2402 laxlat
766 2374 968 2409 imperiumque

178 2426 205 2452 in
217 2424 318 2451 multas
331 2427 425 2458 gentes
434 2425 551 2456 occupet
563 2421 596 2447 ⁸³.
607 2419 656 2447 His
670 2420 808 2447 vaticiniis
820 2419 903 2456 485
917 2420 967 2448 de-

178 2471 335 2499 nuntiatum
351 2473 394 2497 est
405 2476 467 2496 eum
484 2467 622 2495 hominem
634 2466 769 2493 futurum.
783 2465 861 2499 Quod
876 2470 969 2494 autem

177 2517 300 2546 omnium
316 2523 407 2544 rerum
421 2515 553 2542 Dominus
569 2513 679 2541 iuturus
698 2517 783 2545 esset,
800 2521 910 2540 rursum
927 2513 969 2540 his

179 2565 270 2592 verbis
295 2568 370 2591 vates
397 2562 583 2597 praedixerunt
601 2559 692 2587 :Ecce
710 2560 843 2587 Dominus
869 2559 970 2587 insidet

178 2611 285 2639 nebulae
299 2609 362 2643 levi,
390 2614 496 2642 suoque
523 2606 551 2633 in
572 2605 718 2642 (Egyptum
735 2605 853 2633 adven-tu
885 2613 969 2632 manu

178 2658 268 2685 laetos
278 2663 375 2684 eorum
389 2654 456 2682 deos
471 2652 610 2680 concutiet
619 2652 652 2678 “.
663 2651 742 2684 item,
753 2650 823 2680 Ecce
838 2651 970 2679 Dominus

178 2704 252 2732 Deus
267 2707 362 2730 noster
378 2701 480 2733 veniet,
496 2706 602 2734 nosque
616 2699 725 2733 eripiet.
740 2697 819 2725 Tunc
841 2698 968 2732 aperien-

177 2754 225 2777 tur
239 2748 312 2777 oculi
328 2753 463 2775 caecorum
476 2752 615 2779 auresque
633 2744 795 2775 surd0rum,
813 2748 841 2770 et
853 2742 968 2770 claudus

178 2796 252 2825 cervi
270 2796 358 2823 instar
372 2792 494 2824 saltabit,
510 2791 638 2826 balbique
653 2790 756 2818 diserte
769 2790 917 2825 loquentur
930 2789 964 2816 ".

177 2841 236 2870 Hoc
265 2848 331 2869 sane
343 2838 484 2867 oraculum
509 2837 593 2865 Deum
610 2837 638 2864 in
652 2837 734 2864 terris
763 2836 966 2863 ambulaturum

1018 2375 1133 2411 θραύσει
1143 2376 1208 2406 τοὺς
1220 2375 1359 2411 ἀρχηγοὺς
1371 2374 1471 2408 Μωὰῦ,
1485 2375 1532 2402 καὶ
1547 2375 1731 2410 προνομεὸσει
1750 2374 1816 2405 τοὺς

1020 2422 1096 2454 υἱοὺς
1112 2422 1179 2457 Σὴθ,
1200 2422 1249 2449 καὶ
1275 2421 1486 2457 κατακυριεύσει
1506 2422 1592 2449 ἐθνῶν
1610 2421 1725 2448 πολλῶν.
1751 2421 1815 2447 Ὅτι

1025 2468 1074 2504 μὲν
1088 2466 1135 2494 οὖν
1151 2468 1295 2503 ἅνθρωπος
1307 2467 1468 2502 φανήσεται,
1481 2467 1524 2494 διὰ
1535 2466 1637 2494 τούτων
1657 2475 1816 2501 προκαταγ-

1022 2513 1155 2547 γέλλεται·
1183 2513 1225 2539 ὅτι
1259 2512 1288 2538 δὲ
1318 2511 1422 2546 Κύριος
1446 2512 1566 2544 πάντων,
1594 2512 1814 2547 προσημαίνουσι

1023 2558 1105 2584 πάλιν
1119 2558 1145 2584 οἱ
1160 2557 1298 2592 προφῆται
1310 2551 1482 2591 φάσκοντεςΖ
1502 2557 1568 2584 Ἰδοὺ
1584 2557 1685 2592 Κύριος
1696 2558 1814 2591 κάθηται

1022 2604 1070 2630 ἐπὶ
1096 2603 1210 2639 νεφέλης
1226 2603 1342 2639 κούφης,
1362 2604 1410 2630 καὶ
1436 2602 1497 2638 ἥξει
1522 2603 1563 2635 είς
1593 2604 1742 2638 Αἴγυπτον,
1768 2604 1813 2629 καί

1023 2649 1211 2686 σεισθήσονται
1233 2649 1268 2676 τὰ
1290 2650 1468 2685 χειροποίητα
1491 2649 1640 2684 Αἰγύπτου.
1657 2649 1723 2681 Καὶ,
1747 2649 1812 2675 Ἰδοὺ

1022 2695 1124 2731 Κύριος
1138 2697 1152 2722 ὁ
1170 2695 1236 2727 Θεὸς
1253 2695 1332 2730 ἡμῶν
1346 2695 1406 2731 ἥξει
1423 2695 1472 2722 καὶ
1488 2695 1569 2722 σώσει
1584 2696 1669 2730 ἡμᾶς,
1690 2696 1737 2722 καὶ
1752 2695 1812 2721 τότε

1021 2743 1223 2777 ἀνοιγήσονται,
1250 2741 1386 2776 ὀφθαλμοὶ
1412 2742 1531 2777 τυφλῶν,
1557 2742 1604 2768 καὶ
1631 2739 1690 2769 ὦτα
1713 2741 1813 2775 κωφῶν

1022 2789 1223 2824 ἀνοιγήσονται,
1240 2789 1288 2816 καὶ
1313 2789 1417 2815 ἁλεϊται
1437 2789 1475 2820 ὡς
1497 2788 1596 2823 ἔλαφος
1618 2789 1632 2815 ὁ
1651 2788 1747 2823 χωλὸς,
1767 2788 1813 2813 καὶ

1023 2835 1109 2871 τρανὴ
1130 2835 1207 2862 ἔσται
1229 2836 1340 2870 γλῶσσα
1363 2835 1528 2871 μογιλὰλων.
1555 2833 1587 2862 Ἦ
1615 2834 1665 2869 μὲν
1682 2832 1728 2861 οὗν
1745 2841 1813 2870 προ-

215 2933 239 2949 ⁸²
253 2933 305 2961 lsa.
323 2939 371 2966 vn,
385 2931 478 2960 14-16.
514 2932 537 2948 ⁸⁵
551 2931 631 2959 Num.
651 2938 724 2965 xxw,
743 2931 786 2963 l7,
803 2932 846 2959 lS.
886 2932 909 2948 ελ
934 2932 965 2958 ls:

1021 2938 1058 2962 ix,
1078 2930 1103 2956 i.
1142 2927 1166 2943 ⁸⁵
1183 2926 1236 2954 lsa.
1253 2934 1335 2960 xxxv,
1349 2926 1376 2954 4.
