2036 3153
207 170 259 203 529
749 171 1020 203 HISTORIARUM
1039 172 1228 203 CUMPENDI
1235 172 1304 202 UM.
1776 169 1833 200 530'

203 225 301 261 φητεία
317 225 383 254 Θεδν
398 224 541 261 ἐπιδημεῖν
563 226 647 260 λέγει,
667 225 706 254 ’τά
726 225 754 253 δὲ
769 228 869 262 σημεῖα
883 227 929 254 καὶ
945 227 991 253 τὸν

1057 227 1175 260 >stendit,
1194 226 1332 262 simulque
1342 229 1417 253 ccrta
1433 225 1510 260 signa
1530 224 1660 260 temporis
1678 231 1732 259 quo
1747 224 1828 251 Chri-

204 272 298 307 χρόνον
320 271 372 307 τῆς
393 271 544 307 παρουσίας
567 269 707 307 γνωρίζει·
732 271 793 298 τότε
819 271 874 307 γάρ
903 270 991 298 ταῦτα

1061 277 1105 301 tus
1122 273 1290 301 adventurus
1313 276 1387 300 esset
1407 272 1521 299 iudicat.
1536 271 1605 299 Tum
1629 271 1701 298 enim
1728 278 1758 298 ea
1782 270 1831 297 im-

204 318 396 353 πεπλήρωνται
409 318 479 352 ἅπερ
487 317 547 344 οὐδέ
557 326 621 344 ποτε
630 317 772 352 γεγόνασιν
785 319 814 344 ὲν
826 318 865 353 τῷ
884 317 993 353 Ἰσραὴλ

1057 319 1116 347 ιιθιει
1138 323 1214 352 sunt,
1234 326 1295 354 quae
1326 323 1387 345 ante
1409 318 1435 345 in
1458 317 1562 346 Israelo
1591 325 1730 351 nunquam
1759 316 1830 343 facta

205 363 348 399 πρότερον.
364 363 406 399 [Ρ.
418 362 483 399 277]
498 363 566 399 Περὶ
585 363 613 390 δὲ
631 363 678 390 τοῦ
693 363 797 395 πάθους
811 363 895 390 αὑτοῦ
911 364 993 390 πάλιν

1059 369 1162 392 uerant.
1180 364 1217 391 De
1233 364 1363 391 aerumnis
1379 371 1460 398 porro
1477 363 1536 398 ejus
1551 363 1588 390 ita
1604 363 1703 389 dicitur
1719 372 1724 390 :
1745 361 1832 388 llomo

206 408 296 442 φησίν·
319 408 479 443 Ἀνθρωπος
503 408 532 434 ἐν
558 408 648 444 πληγῇ
671 408 708 434 ῶν
729 409 777 435 καὶ
802 408 881 439 εἰδὼς
901 409 994 444 φέρειν

208 453 341 486 μαλακίαν
361 453 502 487 ὴτιμάσθη
526 454 574 480 καὶ
596 454 645 480 οὐκ
669 453 808 489 ἐλογίσθη.
838 450 922 486 Οὗτος
947 455 996 486 τὰς

208 499 343 534 ἁμαρτίας
358 498 437 533 ἡμῶν
448 499 526 534 φέρει
541 499 588 526 καὶ
602 500 666 534 περὶ
684 499 764 535 ἡμῶν
788 500 925 527 ὁδυνᾶται.
943 501 997 527 Καὶ

207 545 286 578 ἡμεῖς
310 544 494 579 ἐλογισάμεθα
524 544 607 571 αὑτὸν
631 542 701 571 εἶναι
733 545 762 572 ἐν
793 546 864 580 πόνῳ
893 546 941 571 καὶ
967 546 997 571 ἐν

210 589 300 624 πληγῇ
315 589 363 616 καὶ
380 590 409 616 ἐν
435 588 566 616 κακώσει·
584 589 664 622 αὐτὸς
678 589 706 616 δὲ
724 590 930 625 ἐτραυματίσθη
954 590 999 617 διε)⁴

207 635 256 666 τὰς
281 634 420 669 ἁμαρτίας
441 635 519 669 ἡμῶν
541 636 588 662 καὶ
609 635 801 670 μεμαλάκηται
819 636 862 662 διὰ
877 636 926 667 τὰς
938 637 999 662 ἀνο-

211 681 272 715 μίας
294 680 384 715 ἡμῶν.
410 680 523 707 Παιδεία
548 680 659 716 εἰρήνης
682 680 761 716 ἡμῶν
784 681 827 707 ἐπ’
849 681 933 716 αὐτῷ.
953 681 999 716 Τῷ

211 726 323 756 μώλωπι
339 725 421 753 αὐτοῦ
441 727 522 761 ἡμεῖς
540 727 666 762 ίάθημεν.
685 727 740 753 Καὶ
753 727 793 753 ὄτι
810 727 918 762 αἴρεται
945 727 1000 755 ἀπὸ

211 773 262 807 τῆς
281 773 332 807 γῆς
354 773 372 808 ὴ
387 772 444 807 ζωὴ
459 773 553 799 αὐτοῦ.
568 773 623 808 Τὴν
643 773 672 800 δὲ
689 773 787 807 γενεὰν
810 773 891 800 αὐτοῦ
907 773 948 806 τίς
960 774 1000 801 δι-

212 818 362 853 ηγήσεται;
388 817 443 843 Καὶ
454 818 468 844 ὁ
483 817 604 852 Μωῢσῆς
614 826 621 834 ·
637 817 755 852 Ὄψεσθε
770 818 820 854 τὴν
842 818 914 853 ζωὴν
924 818 1000 854 ὑμῶν

212 864 389 898 κρεμαμένην
407 864 537 890 ἀπέναντι
560 864 615 890 τῶν
634 863 783 899 ὀφθαλμῶν
804 864 890 899 ὑμῶν,
910 865 958 891 καὶ
968 865 999 891 οὖ

214 909 249 943 μὴ
264 908 439 943 πιστεύσητε.
450 909 504 935 Καὶ
515 909 598 936 Δαϐὶδ
610 910 641 936 ἐκ
657 909 802 944 προσώπου
817 909 864 936 τοῦ
880 910 1000 944 Χριστοῦ

212 954 294 988 λέγει·
316 954 433 990 Ὠρυξαν
447 955 541 991 χεῖράς
561 964 610 991 μου
632 956 679 982 καὶ
693 956 776 987 πόδας
784 964 846 991 μου,
858 957 905 983 καὶ
911 957 1002 992 διεμεο

215 1002 323 1036 ρίσαντο
335 1002 480 1037 τά·ίμάτιά
492 1011 543 1037 μου
558 1003 675 1034 ἑαυτοῖς,
700 1002 748 1029 καὶ
765 1002 800 1029 τὰ
818 1003 891 1038 έξῆς.
901 1003 1003 1030 ’Ότιδέ

215 1048 261 1077 καὶ
283 1047 337 1075 τῶν
358 1048 440 1075 ἐθνῶν
461 1048 538 1080 ἐλπὶς
555 1046 600 1084 ἦν,
615 1049 630 1075 ὸ
653 1049 702 1084 μὲν
723 1049 819 1076 ’ἰακὼὸ
836 1047 928 1079 εἷπεν”
946 1050 1003 1077 Οὐκ

214 1093 334 1128 ἐκλείψει
350 1093 442 1130 ἄρχων
457 1094 487 1126 ἐξ
506 1093 593 1120 Ἰούδα
621 1094 669 1121 καὶ
685 1094 836 1130 ἡγούμενος
854 1095 886 1121 ἐκ
907 1095 1003 1131 μηρῶν

215 1138 307 1170 αὑτοῦ,
319 1138 372 1170 ἕως
381 1139 413 1165 ἂν
426 1139 489 1175 ἔλθῃ
500 1135 523 1173 ᾧ
533 1139 688 1178 ἀπόκειται,
701 1141 748 1167 καὶ
760 1141 841 1172 αὑτδς
855 1141 1005 1176 προσδοκία

216 1183 310 1211 ἐθνῶν.
341 1184 370 1211 '0
392 1184 420 1211 δέ
439 1184 553 1217 Ἡσαΐας
576 1184 628 1220 ἔφη
640 1194 646 1202 ·
663 1186 718 1212 Καὶ
737 1186 814 1213 ἔσται
838 1187 854 1222 ἡ
874 1187 937 1222 ῥίζα
956 1187 1004 1214 τοῦ

221 1228 320 1256 Ἰεσσαὶ
335 1230 383 1257 καὶ
403 1231 417 1257 ὸ
436 1230 616 1266 ἀνιστάμενος
634 1231 729 1266 ἄρχειν
749 1231 844 1258 ἐθνῶν·
870 1232 913 1258 ἐπ’
930 1232 1004 1268 αὐτῷ

217 1275 280 1310 ἑθνη
296 1275 429 1303 ἐλπιοῦσι.
447 1277 502 1303 Καὶ
516 1276 601 1304 ταῦτα
621 1277 669 1312 μὲν
684 1277 763 1311 ὀλίγα
785 1278 853 1314 πρὸς
868 1278 1004 1311 ἀπόδειξιν

218 1320 273 1346 τῶν
289 1321 453 1356 γενομένων.
468 1323 542 1349 πᾶσα
557 1322 585 1349 δὲ
601 1323 618 1357 ἡ
633 1322 728 1358 Γραφὴ
742 1323 896 1359 πέπλησται
908 1324 1007 1358 διελέγ-

219 1375 304 1401 χουσα
317 1367 367 1402 τὴν
387 1367 521 1403 ὑμετέραν
535 1368 674 1396 ἀπιστίαν.
698 1369 746 1401 Τίς
761 1370 815 1405 γάρ
833 1379 897 1397 ποτε
911 1371 965 1397 τῶν
978 1371 1006 1397 έν

218 1413 276 1443 ταῖς
297 1412 382 1445 θείαις
398 1413 520 1448 Γραφαῖς
535 1414 735 1450 ἱστορουμένων
747 1415 858 1443 δικαίων
879 1417 926 1443 καὶ
939 1425 1007 1452 προ-

219 1458 312 1492 φητῶν
325 1459 411 1493 ἁγίων
423 1459 455 1486 ἐκ
468 1460 607 1495 Παρθένου
620 1461 705 1496 μόνης
720 1461 784 1497 ἔσχε
797 1462 847 1497 τὴν
861 1462 1004 1498 γέννησιν;

219 1504 296 1536 Τίνος
307 1504 335 1531 δὲ
348 1505 397 1539 τῆς
411 1505 566 1541 γεννήσεως
585 1506 757 1541 προέδραμεν
771 1507 861 1542 ἀστὴρ
875 1508 904 1533 ἐν
922 1507 1007 1543 οὐρα-

1047 411 1133 446 plagis
1148 410 1289 444 subjectus
1302 413 1329 436 et
1356 409 1482 437 miserias
1504 408 1606 436 ferendi
1627 408 1730 442 peritus
1756 409 1832 442 igno-

1047 456 1130 483 minia
1144 455 1258 482 aﬁ‘ectus
1274 459 1316 482 est
1333 461 1364 481 ac
1378 462 1428 489 pro
1443 454 1527 481 nihilo
1545 453 1665 480 habitus.
1683 452 1707 479 Is
1723 456 1833 487 peccata

1047 504 1140 527 nostra
1156 500 1286 535 portavit,
1309 499 1451 533 nostrique
1472 506 1554 526 causa
1571 498 1599 525 in
1617 498 1759 526 doloribus
1772 498 1833 524 fuit.

1049 546 1088 573 Ac
1119 553 1170 573 nos
1203 544 1313 581 quidem
1345 544 1562 571 existimavimus
1588 552 1647 571 eum
1682 543 1834 575 laboribus,

1048 591 1209 619 verberibus
1242 598 1274 618 ac
1306 590 1425 618 miseriis
1460 590 1639 624 subjectum:
1681 590 1739 624 ipse
1771 597 1836 616 vero

1050 639 1190 667 sauciatus
1217 638 1267 665 fuit
1298 641 1472 672 peccatorum
1503 640 1660 663 nostrorum
1688 643 1781 668 causa,
1810 640 1835 662 et

1051 689 1162 720 propter
1188 684 1287 711 delicta
1305 687 1400 711 nostra
1419 682 1571 718 aegrotavit.
1601 681 1756 716 Castigatus
1784 686 1836 712 est.

1051 734 1081 756 ut
1104 729 1184 757 nobis
1213 737 1305 764 pacem
1338 733 1455 764 pareret,
1482 728 1596 763 ejusque
1627 727 1760 755 vibicibus
1788 736 1837 754 nos

1052 783 1148 803 sumus
1159 775 1258 803 sanati.
1280 775 1412 802 Aufertur
1430 782 1445 801 a
1460 778 1532 801 terra
1546 774 1604 808 ejus
1620 773 1676 800 vita
1691 781 1698 801 :
1716 774 1762 801 sed
1777 774 1838 808 quis

1051 829 1138 857 genus
1162 821 1222 856 ejus
1244 821 1383 848 enarrabit
1397 820 1442 847 "1'
1463 819 1562 851 Moses.
1581 826 1690 854 quoque
1715 819 1773 846 ait:
1795 818 1841 846 νί-

1052 867 1152 894 debitis
1170 867 1253 894 vitam
1269 870 1389 894 vestram
1408 872 1569 901 suspensam
1589 869 1652 893 aute
1674 865 1769 892 oculos
1793 873 1839 891 ve-

1054 917 1138 944 stros,
1168 916 1195 939 et
1220 911 1299 939 ﬁdem
1323 919 1378 938 non
1407 911 1544 938 habebitis
1561 910 1595 937 ⁸⁷.
1614 910 1733 938 Davidus
1758 917 1841 943 porro

1055 957 1082 984 in
1099 956 1199 984 Christi
1216 964 1332 992 persona
1347 956 1386 984 sic
1410 956 1533 991 loquitur
1547 964 1555 982 :
1583 955 1764 983 Perfoderunt
1783 963 1840 982 ma-

1054 1010 1107 1030 nus
1119 1010 1193 1029 meas
1209 1006 1236 1029 et
1256 1002 1338 1037 pedes
1356 1009 1444 1033 meos,
1461 1005 1609 1035 vestesque
1625 1009 1699 1029 meas
1717 1001 1790 1029 inter
1813 1009 1842 1027 se

1054 1047 1216 1081 diviserunt,
1230 1053 1282 1075 etc.
1293 1047 1426 1074 Praeterea
1446 1046 1473 1074 in
1490 1053 1523 1074 eo
1534 1046 1619 1074 fuisse
1629 1046 1755 1081 gentibus
1764 1054 1837 1081 spem

1055 1093 1214 1127 repositam.
1224 1091 1343 1120 Iacobus
1352 1091 1396 1120 his
1409 1091 1501 1120 verbis
1517 1095 1634 1119 testatur
1644 1092 1668 1108 "
1680 1100 1687 1119 :
1697 1091 1840 1126 Nunquam

1056 1138 1143 1166 deerit
1159 1139 1288 1174 princeps
1304 1137 1374 1166 Juda
1397 1142 1486 1169 ortus.
1507 1141 1535 1165 et
1557 1137 1656 1165 ductor
1679 1144 1712 1164 ex
1740 1137 1843 1165 femore

1056 1184 1116 1219 ejus
1130 1191 1269 1219 egressus,
1297 1183 1381 1219 486
1401 1187 1547 1218 antequam
1570 1183 1594 1211 is
1620 1183 1710 1210 veniat
1733 1184 1777 1210 cui
1804 1191 1846 1210 re—

1056 1230 1144 1265 posita
1158 1229 1250 1257 omnia
1265 1233 1329 1257 sunt
1343 1238 1351 1256 ε
1365 1229 1393 1256 in
1410 1237 1442 1256 eo
1463 1236 1538 1264 spem
1552 1232 1654 1264 ponent
1677 1233 1772 1264 gentes
1798 1230 1842 1256 ⁸⁸⁵.

1057 1275 1143 1303 Isaias
1161 1282 1291 1310 quoque:
1319 1274 1439 1302 Exsistet
1467 1274 1544 1301 radix
1571 1273 1667 1307 Jessaz,
1698 1279 1724 1301 et
1752 1281 1846 1308 surget

1057 1321 1104 1356 qui
1120 1321 1278 1348 nationibus
1295 1320 1456 1354 imperabit:
1480 1320 1507 1346 in
1529 1327 1561 1346 eo
1574 1327 1649 1354 spem
1666 1323 1769 1354 ponent
1782 1327 1846 1354 gen-

1057 1372 1100 1395 tes
1122 1367 1157 1394 ⁸⁸.
1178 1366 1241 1394 Haec
1258 1373 1345 1402 pauca
1365 1366 1399 1393 ad
1429 1373 1524 1393 eorum
1546 1373 1606 1400 quae
1620 1366 1692 1393 facta
1717 1371 1782 1393 sunt
1797 1366 1844 1394 de—

1058 1414 1284 1441 monstrationem
1311 1413 1460 1447 protulisse
1490 1412 1612 1439 sutliciat.
1645 1412 1730 1439 Porro
1752 1415 1842 1439 autem

1058 1464 1115 1488 tota
1131 1459 1274 1494 Scriptura
1289 1459 1369 1494 plena
1396 1463 1438 1487 est
1463 1458 1729 1486 demonstratiouum
1746 1462 1845 1485 vestra:

1059 1505 1239 1533 inﬁdelitatis.
1259 1505 1327 1538 Quis
1345 1505 1418 1532 enim
1440 1511 1561 1538 unquam
1577 1511 1672 1531 eorum
1687 1507 1845 1531 sanctorum

220 1550 285 1582 νοῖς,
299 1550 348 1576 καὶ
368 1550 414 1576 τὸν
426 1550 593 1585 γεννηθέντα
611 1551 760 1587 διεσήμανε
783 1552 816 1587 τῇ
841 1552 1006 1588 οῐκουμένῃ;

1059 1555 1106 1578 aut
1117 1555 1220 1581 vatum.
1239 1551 1285 1586 qui
1301 1551 1387 1579 sacris
1401 1550 1514 1578 Litteris
1531 1551 1719 1584 celebrantur,
1740 1559 1772 1578 ex
1788 1551 1847 1579 sola

161 1618 165 1622 ,
220 1592 268 1624 Τίς
282 1593 310 1619 δὲ
329 1593 466 1627 βασιλεὺς,
488 1595 554 1629 πρὶν
571 1595 681 1630 ίσχῦσαι
695 1596 787 1624 καλεῖν
802 1597 936 1632 πατέραῆ
954 1606 1008 1633 μη-

220 1636 296 1672 τέρα,
313 1638 471 1666 ἐϐασίλευσε
487 1640 535 1666 καὶ
554 1640 674 1675 τρόπαια
687 1641 758 1669 κατά
777 1642 831 1669 τῶν
851 1642 956 1681 ἐχθρῶν
969 1643 1009 1669 εῖ-

221 1683 305 1719 ληφε;
322 1685 370 1717 Τίς
388 1686 435 1712 οὖν
448 1686 502 1722 ἀρα
514 1686 610 1721 γέγονε
635 1687 762 1723 βασιλεὺς
782 1689 811 1716 ἐν
834 1689 943 1725 Ἰσραὴλ
966 1689 1010 1725 ἐφ’

220 1731 250 1757 ὃν
263 1731 298 1758 τὰ
320 1731 384 1767 ἔθνη
405 1732 495 1759 πάντα
518 1733 568 1768 τὴν
587 1733 683 1761 ἐλπίδα
708 1734 856 1767 τέθεινται,
879 1736 926 1766 καὶ
950 1736 1012 1771 οὐχὶ

223 1778 323 1814 μᾶλλον
346 1778 420 1814 αὐτῷ
443 1779 621 1814 ἠναντιοῦντο
643 1780 831 1815 πανταχόθεν;
857 1781 931 1813 Ἕως
957 1782 1011 1818 γὰρ

222 1825 364 1851 συνίστατο
384 1824 574 1861 Ἰερουσαλὴμ,
588 1825 706 1861 πόλεμος
717 1826 850 1859 ἄσπονδος
863 1825 897 1862 ἦν
909 1827 1011 1860 αὐτοῖς,

222 1872 270 1898 καὶ
280 1871 440 1907 διεμάχοντο
454 1871 522 1907 πρὸς
535 1871 581 1898 τὸν
601 1871 711 1907 Ἰσραὴλ
733 1872 871 1908 Ἀσσύριοι
887 1873 936 1908 μὲν
955 1873 1013 1899 θλί-

223 1917 326 1951 ϐοντες,
339 1917 482 1951 Αἰγύπτιοι
492 1917 521 1943 δὲ
530 1917 684 1950 διώκοντες,
697 1918 890 1954 πολεμοῦντες.
904 1920 939 1946 Ἦ
951 1920 1013 1955 οὐχὶ

223 1961 237 1987 ὁ
253 1961 302 1996 μὲν
310 1961 392 1988 Δαϐὶδ
401 1962 456 1994 τοῖς
468 1961 630 1993 Μωαϐίταις
643 1962 773 1998 ἐπολέμει
781 1963 829 1989 καὶ
843 1964 1012 1998 ἐπολεμεῖτο,

223 2007 238 2032 ὸ
253 2006 280 2033 δὲ
297 2006 402 2038 Ἰωσίας
409 2007 473 2039 τοὺς
479 2007 594 2042 πλησίον
606 2008 845 2042 παρεφυλάττετο;
861 2009 914 2038 Καὶ
922 2010 1014 2045 μέντοι

224 2052 271 2078 καὶ
294 2051 419 2084 Ἐζεκίας
432 2052 530 2080 ὲδειλία
539 2053 588 2088 τὴν
600 2053 759 2085 ἀλαζονείαν
769 2053 816 2080 τοῦ
829 2055 932 2090 Σεναχη
938 2056 1012 2090 ρεὶμ,

225 2098 273 2124 καὶ
284 2097 323 2132 τῷ
338 2098 388 2133 μὲν
405 2098 494 2133 Ἰησοῦ
510 2099 535 2125 οί
556 2099 715 2135 Ἀμορραῖοι
730 2099 917 2134 ἠναντιοῦντο,
931 2101 970 2136 τῷ
985 2102 1014 2128 δὲ

224 2143 327 2179 Μωῦσῇ
341 2145 355 2170 ὸ
371 2144 497 2179 Ἀμαλὴιι
509 2144 749 2180 ἀντεστρατεύετο,
761 2145 809 2172 καὶ
821 2145 906 2178 ὅντως
917 2147 1014 2174 imav-

224 2189 268 2216 δον
292 2187 327 2225 ἦν
341 2190 380 2225 τῷ
403 2190 512 2225 Ἰσραὴλ
527 2191 594 2224 πρὸς
613 2190 649 2216 τὰ
667 2190 732 2225 ἔθνη
751 2191 782 2217 τὸ
799 2191 849 2226 τῆς
862 2191 961 2226 φιλίας,
975 2191 1013 2223 ὡς

1060 1597 1171 1634 Virgine
1186 1600 1268 1625 natus
1281 1597 1465 1632 perhibetur?
1481 1599 1561 1632 cujus
1585 1597 1690 1625 natales
1709 1598 1848 1632 praecessit

1061 1645 1089 1671 in
1100 1645 1170 1672 caelo
1186 1644 1275 1676 stella,
1292 1651 1352 1679 quae
1364 1644 1465 1671 mundo
1481 1644 1603 1679 genitum
1618 1643 1751 1672 indicaret
1762 1644 1774 1671 ?
1785 1644 1848 1679 quis

1060 1694 1214 1718 vestrorum
1236 1697 1342 1725 regum,
1364 1694 1510 1725 antequam
1539 1694 1664 1725 parentes
1686 1689 1847 1717 nominatim

1063 1737 1200 1773 appellare
1225 1739 1330 1771 posset,
1351 1736 1475 1772 regnavit
1502 1739 1529 1764 et
1551 1736 1585 1764 de
1598 1736 1724 1765 hostibus
1746 1739 1846 1772 tropaea

1066 1782 1185 1810 statuit?
1201 1782 1268 1816 Quis
1290 1781 1408 1817 denique
1423 1789 1471 1809 rex
1488 1782 1539 1809 fuit
1565 1782 1721 1815 lsraelicus.
1747 1783 1774 1809 in
1795 1790 1850 1818 quo

1065 1833 1140 1860 spem
1158 1834 1236 1853 suam
1250 1829 1345 1861 gentes
1361 1826 1552 1854 collocarent?
1572 1825 1628 1855 lmo
1647 1831 1737 1855 autem
1753 1834 1850 1855 omnes

1064 1871 1191 1899 nationes
1208 1871 1384 1906 undiquaque
1397 1875 1518 1898 vestram
1537 1875 1646 1907 gentem
1673 1872 1753 1899 bellis
1779 1872 1850 1899 infe-

1065 1921 1182 1951 starunt,
1200 1924 1338 1953 nunquam
1359 1917 1550 1947 desinentibus
1569 1917 1700 1953 quamdiu
1723 1917 1851 1946 llierOSo-

1064 1963 1168 1999 solyma
1188 1963 1274 1991 stetit.
1289 1962 1420 1990 lsraelum
1440 1963 1513 1991 enim
1535 1964 1647 1992 assiduo
1671 1963 1775 1999 Assyrii
1800 1971 1852 1999 op-

1064 2011 1235 2043 presserunt,
1253 2006 1374 2043 Egyptii
1394 2007 1493 2042 aliique
1510 2007 1601 2042 populi
1617 2007 1695 2034 bellis
1709 2012 1850 2034 vexarunt.

1064 2053 1202 2080 Nonne-et
1216 2052 1336 2080 Davidus
1358 2052 1492 2080 Moabitas
1519 2053 1591 2080 bello
1611 2052 1699 2088 petiit,
1715 2052 1853 2080 vicissim—

1065 2107 1119 2135 que
1133 2099 1168 2126 ab
1183 2099 1224 2126 eis
1239 2102 1281 2126 est
1299 2098 1371 2125 bello
1391 2098 1556 2133 impetitus?
1581 2105 1672 2125 nonne
1696 2096 1786 2125 Josias
1812 2098 1852 2124 vi-

1064 2145 1142 2172 cinos
1159 2144 1279 2171 metuit?
1295 2151 1384 2171 nonne
1395 2143 1590 2171 Seunacheribi
1602 2143 1763 2178 jactantiam
1784 2144 1852 2170 Eze-

1067 2191 1144 2218 chias
1159 2190 1309 2218 extimuit?
1323 2189 1419 2217 Nonne
1430 2193 1457 2216 ct
1472 2189 1618 2217 adversum
1629 2188 1741 2216 Josuam
1753 2189 1851 2215 Amor‘

227 2223 372 2271 péxptviiv'
387 2223 556 2271 μαρτυροῦσί
573 2235 607 2262 τὰ
624 2223 787 2271 γράμματα.
804 2223 904 2263 Καὶ-οι
921 2223 1006 2272 γραμ-

1065 2237 1123 2268 mi.
1151 2241 1178 2264 et
1207 2236 1353 2264 Amalecus
1384 2239 1481 2263 contra
1510 2235 1612 2263 Mosem
1637 2235 1753 2262 adversa
1774 2235 1850 2270 signa

227 2282 320 2315 ματεῖς
330 2281 525 2316 ἀποκριθέντες
536 2278 622 2307 εἷπονο
632 2281 689 2308 Οὐκ
705 2281 861 2317 ἀρνούμεθα
877 2282 915 2314 ὡς
926 2283 1006 2309 ταῦτα

1064 2283 1288 2311 tulerunt?adeo
1303 2282 1378 2309 nulla
1398 2288 1520 2317 unquam
1538 2281 1564 2308 in
1581 2281 1654 2308 hunc
1669 2287 1756 2315 usque
1779 2280 1850 2307 diem

227 2326 276 2361 μὲν
287 2326 376 2353 πάντα
398 2326 564 2362 γέγραπται,
583 2327 777 2363 προσδοκῶμεν
791 2328 819 2354 δὲ
836 2328 882 2355 τὺν
897 2329 1006 2364 μηδέπιι

1065 2336 1118 2364 pax
1131 2328 1203 2355 inter
1218 2327 1350 2356 lsraelum
1363 2332 1390 2355 et
1405 2332 1500 2363 gentes
1515 2326 1603 2362 potuit
1613 2326 1739 2361 componi
1753 2335 1760 2359 ;
1777 2326 1850 2360 quod

225 2371 446 2406 παραγενόμενον
460 2371 526 2398 Θεὺν
547 2371 644 2406 Λόγον.
668 2373 697 2399 '0
720 2373 749 2399 δέ
768 2373 929 2409 Σίλὸεστρος
948 2373 1006 2410 ἔφη·

1065 2374 1157 2402 doceri
1173 2377 1263 2409 potest
1277 2381 1309 2400 ex
1323 2372 1540 2400 commentariis.
1562 2371 1631 2398 Tum
1653 2371 1852 2405 respondentes

226 2416 280 2443 Kal.
295 2416 353 2447 πῶς
368 2417 417 2443 οὐκ
432 2416 572 2451 ἠκούσατε
585 2416 634 2443 τοῦ
647 2417 747 2453 Δανιὴλ
760 2418 939 2454 προλέγοντος
958 2428 1006 2454 φας

1064 2420 1161 2448 scribze
1177 2419 1326 2446 dixerunt:
1354 2417 1415 2445 Non
1432 2418 1587 2445 inficiamur
1608 2417 1659 2444 ista
1678 2417 1769 2444 omnia
1791 2423 1852 2444 esse

226 2461 312 2496 νερῶς
334 2461 376 2497 [Ρ.
404 2461 469 2497 278]
487 2461 534 2488 καὶ
549 2461 595 2488 τὸν
617 2462 712 2498 καιρὸν
729 2462 777 2489 καὶ
797 2463 847 2498 τὴν
866 2463 940 2490 θείαν
963 2464 1010 2492 τοῦ

226 2507 352 2541 Σωτῆρος
369 2507 531 2543 ἐπιδημίαν;
555 2507 625 2542 Φησὶ
639 2507 693 2542 γάρ
715 2508 729 2534 ὁ
749 2507 1011 2543 προσδιαλεγόμενος

227 2553 301 2587 αὐτῷ
308 2554 434 2587 ἄγγελος·
444 2553 645 2588 Ἐὃδομήκοντα
651 2554 796 2589 ἐϐδομάδες
805 2555 1011 2590 συνετμήθησαν

227 2600 273 2626 ἐπὶ
288 2600 335 2626 τὴν
351 2599 416 2626 λαόν
440 2609 488 2626 σου
505 2599 551 2626 καὶ
567 2600 613 2626 ἐπὶ
630 2600 678 2635 τὴν
696 2600 774 2627 πόλιν
796 2600 846 2636 τὴν
866 2601 947 2635 ἀγίαν
964 2601 1012 2628 τοῦ

229 2645 437 2681 συντελεσθῆναι
461 2647 598 2681 ἁμαρτίαν
620 2648 666 2674 καὶ
689 2647 737 2673 τοῦ
758 2647 933 2679 ἐξιλάσασθαι
953 2648 1013 2675 ἁδι-

228 2693 300 2725 κίαν,
318 2693 367 2720 καὶ
383 2693 430 2720 τοῦ
449 2694 597 2728 σφραγίσαι
613 2694 751 2729 ἁμαρτίαν
769 2695 816 2720 καὶ
832 2695 879 2721 τοῦ
896 2694 1012 2737 ἀπαλεῖ-

1063 2466 1174 2500 scripta,
1183 2470 1373 2501 exspectamus
1385 2468 1474 2492 autem
1491 2463 1610 2492 Verbum
1622 2463 1679 2496 Dei,
1694 2463 1771 2498 quod
1779 2469 1851 2490 non-

1063 2512 1127 2539 dum
1144 2511 1170 2539 in
1181 2518 1289 2538 carnem
1301 2510 1384 2538 venit.
1410 2509 1540 2538 Silvester
1557 2509 1625 2537 dixit
1640 2518 1647 2537 :
1665 2509 1698 2537 Et
1715 2508 1850 2544 quomodo

1063 2566 1117 2586 non
1135 2556 1277 2584 audivistis
1291 2555 1374 2591 487
1385 2555 1527 2582 Danielum
1542 2555 1640 2582 diserte
1651 2559 1757 2589 tempus
1777 2554 1850 2581 desi-

1063 2607 1203 2639 gnantem,
1219 2610 1274 2637 quo
1284 2602 1310 2629 in
1324 2607 1412 2629 terras
1430 2600 1559 2629 Servatur
1572 2601 1740 2629 adventurus
1756 2605 1828 2629 esset
1839 2601 1852 2628 ’ί

1064 2650 1105 2677 sic
1119 2650 1191 2677 enim
1209 2649 1233 2676 ei
1250 2649 1316 2676 dicit
1327 2648 1449 2683 angelus,
1467 2646 1513 2682 qui
1526 2654 1588 2674 cum
1600 2647 1659 2682 ipso
1674 2646 1850 2681 colloqueba—

1064 2698 1132 2722 tur:
1159 2693 1261 2721 Dccisae
1287 2698 1348 2721 sunt
1363 2693 1462 2728 populo
1479 2696 1527 2720 tuo
1549 2692 1667 2727 urbique
1691 2697 1794 2719 sanetae
1816 2691 1846 2718 71

228 2740 277 2775 ψαι
301 2740 418 2771 ἀδικίαν,
436 2741 485 2766 καὶ
507 2740 555 2767 τοῦ
574 2741 688 2775 ἀγαγεῖν
705 2740 879 2776 δικαιοσύνην
902 2740 1006 2767 αίὼνιοι

1065 2740 1222 2775 septimame
1234 2739 1336 2775 quibus
1354 2743 1497 2774 peccatum
1525 2737 1685 2773 perﬁciatur
1709 2741 1737 2765 et
1748 2737 1850 2765 delicta

229 2787 276 2814 καὶ
300 2786 348 2814 τοῦ
377 2787 526 2823 σφραγίσαι
548 2787 643 2822 ὅρασιν
662 2786 709 2813 καὶ
737 2785 784 2812 τοῦ
801 2788 894 2822 χρῖσαι
916 2787 1006 2821 ’Ἅγιοι¹

1065 2785 1220 2821 expientur,
1240 2785 1454 2820 obsigneturque
1480 2788 1635 2821 peccatum,
1665 2789 1693 2811 et
1718 2783 1849 2818 iniquitas

261 2881 283 2898 "
300 2882 352 2910 lsa.
371 2890 428 2914 Llll,
444 2882 461 2909 ὅ
488 2890 564 2918 seqq.
602 2883 623 2899 "
642 2881 718 2911 Deut.
739 2890 832 2915 ιιινιιι,
849 2882 891 2910 66.
929 2882 951 2899 ⁸⁸
967 2881 1006 2910 Ps:

1057 2890 1109 2914 nr,
1130 2881 1170 2910 i9.
1205 2881 1245 2898 ³⁸⁸
1261 2880 1328 2908 Gen.
1348 2887 1420 2913 χιιι,
1438 2879 1480 2908 l0.
1517 2881 1604 2908 "Isa.
1622 2887 1658 2913 xl,
1674 2878 1698 2913 i,
1715 2879 1742 2906 2.
