2036 3153
188 161 236 192 ίῖἓί

830 163 990 194 GEORGII
1007 164 1173 194 CEDRENI

1758 165 1813 196 532

183 219 318 252 deleatur,
332 225 364 246 ac
389 223 490 246 aeterna
513 219 620 254 justitia
649 219 862 247 introducatur:
892 220 967 248 obsi-

1025 221 1114 254 ὶγίων.
1139 222 1194 248 Καὶ
1208 220 1300 258 γνώσῃ
1324 221 1369 248 καὶ
1389 222 1523 257 συνήσεις,
1544 222 1598 250 ἀπὸ
1619 222 1710 254 ἐξόδου
1733 223 1814 256 λόγου

182 267 281 299 gnetur
305 264 386 297 visio,
403 269 431 292 et
445 265 563 293 Sanctus
582 270 739 293 sanctorum
768 269 895 302 ungatur.
919 265 971 293 Co-

184 318 355 347 gnoscesque
385 315 412 338 et
439 311 576 347 intelliges
604 311 638 339 ab
658 319 691 339 eo
718 316 841 347 tempore
857 320 912 348 quo
929 313 973 340 dc-

185 361 289 384 rretum
304 357 400 384 edetur
411 357 445 384 de
457 356 657 394 Hierosolymis
670 358 869 391 instaurandis,
884 366 972 394 usque

184 403 217 429 ad
235 403 332 430 ducem
347 407 473 434 unctum,
488 402 599 431 etﬂuere
610 404 777 439 septimanas
793 405 808 432 7
832 409 859 432 et
885 404 971 440 septi-

184 456 279 477 manos
292 448 327 476 62
350 449 384 476 ⁸⁸.
413 449 517 477 Cmtzra
534 449 645 485 quidem
675 458 735 485 quae
764 451 851 478 sacris
879 451 972 477 consi-

183 497 264 528 gnata
299 497 364 521 sunt
395 492 516 527 Litteris,
543 493 669 522 fortassis
702 495 883 523 causabimini
918 495 972 522 alio

181 547 243 567 esse
268 539 406 574 implenda
434 543 567 575 tempore.
589 539 639 568 His
665 544 756 568 autem
784 541 849 575 quid
865 541 971 568 habetis

182 584 255 619 quod
282 585 453 620 opponatis?
477 593 539 613 cum
564 589 593 613 ct
611 593 717 621 ungcns
742 586 915 619 nominatur,
944 590 971 613 et

181 632 205 658 is
220 631 267 666 qui
285 631 398 667 ungitur
417 639 470 659 non
485 631 566 659 homo
592 632 639 660 sed
665 631 784 660 Sanctus
813 638 971 661 sanctorum

182 677 346 711 appelletur.
360 678 401 705 Ad
417 678 539 712 ejusdem
561 685 649 713 usque
675 679 821 705 adventum
843 677 972 705 llieroso—

182 724 254 759 lyma
274 723 360 751 stetit.
380 724 528 759 Postquam
543 724 663 757 advenit,
680 731 769 758 neque
786 729 873 751 vatem
890 732 922 751 ex
939 731 972 751 eo

184 769 268 795 ullum
285 768 373 796 Judaei
390 769 544 806 habuerunt
562 776 650 803 neque
673 769 795 796 visiones
819 769 859 796 eis
886 777 971 804 appa-

183 818 307 842 ruerunt.
328 813 401 842 Sane
428 815 532 850 pridem
553 820 581 843 et
608 815 727 844 Davidus
756 816 807 844 fuit
826 821 926 845 unctus
945 821 972 844 et

184 860 313 888 Solomon
331 863 357 888 et
379 860 522 894 Ezechias,
551 861 599 889 sed
619 861 654 889 iis
678 861 746 889 vivis
771 866 798 890 et
813 864 879 890 urbs
896 863 972 891 stetit

183 908 265 937 atque
291 911 370 931 sacer
400 904 489 937 locus,
521 909 549 932 et
575 909 652 933 vates
679 906 789 934 oracula
814 907 970 935 ediderunt.
987 892 1010 923 Β

182 947 251 974 Tum
268 949 342 977 uncti
358 949 398 976 illi
412 949 501 977 sancti
514 950 624 986 quidem
646 951 781 986 homines,
808 960 862 980 non
879 957 971 981 tamen

182 995 270 1022 sancti
296 999 455 1023 sanctorum
474 1000 539 1023 sunt
561 997 701 1032 appellati.
730 997 813 1026 Vates
835 1004 924 1027 autem
945 1003 973 1028 et

182 1040 305 1069 visiones
319 1041 429 1077 quando
442 1042 524 1070 desiit
537 1042 638 1070 habere
653 1042 771 1071 lsraelus
788 1051 869 1079 quam
886 1052 970 1078 nunc,

181 1087 299 1114 adventu
315 1088 385 1116 vatis
401 1092 428 1116 et
442 1088 534 1116 Sancti
550 1093 710 1117 sanctorum
725 1089 827 1118 Christi
840 1091 852 1117 ?
865 1091 893 1118 ld
907 1098 973 1119 vero

181 1130 306 1165 apprime
314 1131 426 1159 evidens
443 1132 551 1167 signum
565 1136 647 1168 atque
664 1133 796 1161 indicium
811 1139 853 1162 est
867 1136 971 1163 adven-

180 1181 224 1203 tus
238 1175 319 1203 Verbi
330 1176 389 1209 Dei,
404 1178 478 1212 quod
490 1186 580 1214 neque
592 1178 780 1215 Hierosolyma
795 1180 874 1209 hodie
885 1185 969 1214 stant,

181 1229 270 1255 neque
285 1227 362 1250 vates
378 1223 450 1251 inter
463 1223 574 1252 Judaeos
590 1224 663 1252 ullus
677 1225 770 1253 ullave
783 1225 855 1254 visio
869 1231 970 1255 exstat.

180 1267 265 1303 488
292 1268 369 1302 Quod
400 1270 510 1305 quidem
542 1275 602 1298 erat
633 1277 864 1300 consentaneum.
901 1273 969 1301 Cum

180 1314 319 1350 enimjam
335 1316 487 1344 exhibitum
504 1323 578 1345 esset
593 1317 619 1345 id
643 1317 716 1353 quod
739 1318 913 1347 indicabatur
937 1327 970 1347 ac

182 1358 319 1387 vaticiniis
334 1360 546 1395 praedicebatur,
569 1362 656 1397 signis
671 1367 698 1390 et
713 1363 823 1392 vatibus
840 1371 973 1399 quorsum

1024 267 1071 294 τοῦ
1091 267 1274 303 ἀποκριθῆναι
1293 267 1341 294 καὶ
1365 267 1412 294 τοῦ
1431 269 1608 303 οἰκοδομῆσαι
1637 268 1815 303 Ἰερουσαλὴμ

1023 312 1075 344 ἕως
1099 313 1215 348 Χριστοῦ
1238 312 1391 348 ἡγουμένου
1414 312 1561 348 ἐϐδομάδες
1576 311 1598 345 ζ’
1621 313 1669 340 καὶ
1695 313 1813 348 ἑϐδομά-

1022 358 1066 390 δες
1077 357 1125 392 ge.
1138 357 1192 385 Καὶ
1209 357 1276 393 πρὸς
1291 357 1342 392 μὲν
1358 358 1416 389 τοῖς
1426 356 1515 388 ἄλλοις
1527 357 1592 388 ἴσως
1607 355 1812 391 προφασιζόμε-

1022 412 1062 430 νοι
1075 405 1114 435 εις
1125 403 1257 439 μέλλοντα
1270 403 1365 439 χρόνον
1383 403 1564 430 ἀναϐάλλεσθε
1576 402 1610 429 τὰ
1622 402 1812 438 γεγραμμένα·

1023 448 1048 475 τί
1063 448 1090 474 δὲ
1104 448 1174 483 πρὸς
1188 447 1273 475 ταῦτα
1289 448 1380 482 λέγειν
1394 448 1411 484 ἢ
1429 448 1497 479 ὅλως
1513 448 1674 482 ἀντωπῆσαι
1687 445 1813 478 δύνασθε,

1022 494 1089 520 ὅπου
1105 502 1137 528 γε
1153 495 1199 520 καὶ
1218 494 1232 519 ό
1256 493 1341 529 χρίων
1354 493 1480 528 δηλοῦται
1505 493 1554 520 καὶ
1568 493 1582 519 ό
1603 492 1747 528 χριόμενος
1765 493 1816 518 οὐκ

1023 540 1166 575 ἄνθρωπος
1180 540 1239 567 ἀλλ’
1256 540 1352 574 ’Ἄγιος
1363 539 1449 574 ἁγίων
1460 539 1687 574 καταγγέλλεται,
1701 539 1748 565 καὶ
1763 538 1815 569 ἕως

1023 585 1072 620 τῆς
1095 585 1248 620 παρουσίας
1271 584 1355 612 αὐτοῦ
1386 583 1565 620 Ἰερουσαλὴμ
1589 583 1752 614 συνίστατο,
1768 583 1817 610 καὶ

1011 631 1115 665 ,λοιπὸν
1130 631 1201 663 ἅπας
1224 631 1367 667 προφήτης
1390 630 1530 657 πέπαυται
1553 630 1596 656 καὶ
1622 630 1719 664 ὅρασις
1734 630 1763 656 ὲν
1777 629 1815 664 τῷ

1029 677 1153 712 Ἰσραήλ;
1174 675 1303 712 Ἐχρίσθη
1322 676 1414 711 μέντοι
1429 676 1515 703 πάλαι
1529 675 1612 702 Δαΰὶδ
1625 676 1672 702 καὶ
1686 675 1814 710 Σολομῶν

1024 723 1070 750 καὶ
1091 722 1227 755 Ἐζεκίας,
1246 723 1304 749 ἀλλ’
1326 722 1506 758 Ἰερουσαλὴμ
1520 722 1568 748 καὶ¹
1590 722 1604 748 ό
1630 722 1712 753 τόπος
1727 729 1816 747 συνει-

1024 770 1119 804 στήκει
1136 770 1183 796 καὶ
1199 769 1338 804 προφῆται
1358 769 1556 804 προεφήτευον.
1581 768 1687 800 Ἀλλως
1712 768 1740 794 δὲ
1766 767 1815 794 καὶ

1023 815 1099 842 αὐτοὶ
1116 816 1140 842 oi
1163 815 1323 850 χρισθέντες
1345 814 1417 848 ἆγιοι
1440 814 1580 850 ἄνθρωποι
1599 814 1647 841 καὶ
1670 814 1720 849 οὺχ
1742 813 1816 847 ἃγιοι

1023 861 1108 896 ἁγίων
1125 861 1292 897 ἐκλήθησαν.
1310 861 1380 889 Πότε
1399 861 1428 888 δὲ
1447 862 1495 892 καὶ
1516 861 1662 896 προφήτης
1677 860 1816 888 ἐπαύσατο

1023 908 1069 935 καὶ
1083 908 1178 943 ὅρασις
1195 907 1251 935 ἀπὸ
1266 907 1314 934 τοῦ
1334 907 1453 942 Ἰσραὴλ.
1470 908 1495 933 εί
1515 908 1552 942 μὴ
1574 907 1632 939 νῦν,
1649 908 1694 934 ὅτε
1713 908 1727 934 ὁ
1749 916 1816 942 προ-

1023 953 1206 989 φητευόμενος
1218 953 1265 980 καὶ
1279 955 1293 980 ό
1308 953 1403 987 Ἀγιος
1422 953 1508 986 ἁγίων
1524 954 1538 979 ὁ
1559 953 1678 987 Χριστὸς
1692 954 1814 988 παρεγέ-

1023 1009 1083 1027 νετο
1094 1009 1101 1033 ;
1115 1000 1151 1035 Ση
1156 1001 1229 1035 μεῖον
1239 996 1285 1026 οὖν
1295 999 1380 1031 ὅντως
1393 999 1463 1034 μέγα
1475 999 1607 1035 πρόδηλον
1616 1000 1662 1026 καὶ
1672 999 1816 1035 γνώρισμα

1023 1046 1069 1072 τοῦ
1086 1045 1153 1072 Θεοῦ
1170 1045 1258 1080 Λόγου
1273 1045 1320 1072 καὶ
1334 1045 1384 1080 τῆς
1400 1045 1483 1071 αὐτοῦ
1501 1045 1653 1080 παρουσίας
1670 1045 1701 1072 τὸ
1715 1046 1816 1080 μηκέτι

1024 1091 1072 1127 τὴν
1103 1091 1282 1127 Ἰερουσαλὴμ
1299 1090 1409 1118 ἑστάναι
1437 1091 1507 1126 μήτε
1529 1091 1673 1126 προφήτην
1694 1092 1811 1127 ἐνεργη-

1023 1136 1101 1171 θῆναι
1132 1137 1200 1171 μήτε
1225 1137 1320 1172 ὅρασιν
1344 1136 1585 1163 ἀποκαλύπτεσθαι
1615 1137 1732 1169 τούτοις.
1759 1137 1816 1164 Καὶ

1022 1183 1146 1214 εἰκότως·
1158 1182 1280 1214 ἐλθόντος
1293 1183 1347 1217 γὰρ
1361 1182 1408 1209 τοῦ
1428 1182 1630 1217 σημαινομένου
1645 1183 1691 1210 καὶ
1707 1192 1816 1218 προφη-

1026 1228 1186 1262 τευομένου,
1199 1227 1240 1259 τίς
1254 1229 1271 1264 ή
1288 1228 1367 1263 χρεία
1383 1228 1438 1255 τῶν
1453 1228 1640 1263 σημαινόντων
1648 1229 1694 1256 καὶ
1711 1237 1816 1264 προφη-

1021 1274 1172 1306 τευόντων;
1187 1273 1236 1300 Διὰ
1251 1275 1307 1310 γὰρ
1322 1273 1401 1300 τοῦτο
1415 1274 1613 1309 προεφήτευον,
1628 1274 1681 1305 ἕως
1701 1271 1732 1301 οὗ
1750 1275 1815 1310 ἔλθῃ

1022 1320 1036 1346 ό
1058 1319 1296 1355 προφητευόμενος
1320 1321 1367 1347 καὶ
1392 1320 1576 1356 λυτρούμενος
1600 1320 1650 1352 τὰς
1677 1321 1816 1357 ἁμαρτίας

1028 1365 1147 1392 πάντων.

180 1414 262 1441 porro
275 1416 342 1436 usus
357 1409 516 1438 erat?ldeo
526 1411 667 1438 vaticinati
686 1415 750 1439 sunt
766 1412 804 1440 illi
821 1413 966 1448 tantisper,
984 1413 1048 1441 dum
1070 1415 1144 1442 venit
1166 1415 1189 1442 is
1210 1423 1291 1450 quem
1316 1415 1412 1442 adfore
1440 1416 1638 1450 przedleebant,
1672 1416 1816 1444 omnium-

181 1462 235 1489 que
253 1455 370 1482 abolevit
387 1461 509 1492 peccata.

216 1501 275 1529 Jom
287 1503 349 1538 quis
360 1503 411 1530 fuit
422 1504 468 1532 ille
479 1505 607 1541 princeps
618 1506 663 1540 qui
676 1514 691 1534 e
704 1506 881 1535 Bethlehema
893 1509 968 1540 exiit.

1058 1509 1137 1539 Ποῖος
1162 1508 1252 1535 τοίνυν
1271 1508 1423 1543 ἡγούμενος
1443 1508 1555 1543 ἐξῆλθεν
1575 1509 1607 1534 ὲκ
1624 1509 1750 1544 Βηθλεὲμ
1768 1511 1815 1536 καὶ

182 1547 229 1582 qui
246 1547 375 1575 lsraelum
404 1550 579 1585 gubernavit,
613 1552 693 1586 cujus
722 1552 813 1580 exitus
830 1553 865 1580 ab
893 1553 973 1581 initio

184 1593 245 1624 fuit,
275 1594 309 1621 ab
332 1594 390 1636 ipsa
416 1595 580 1628 aeternitate.
597 1597 677 1631 cujus
694 1605 793 1626 nomen
817 1599 877 1627 sole
903 1599 973 1626 anti-

183 1639 265 1674 quius
296 1645 338 1668 est
365 1645 392 1668 et
420 1642 551 1670 nativitas
575 1642 794 1671 inenarrabilis?
820 1644 878 1673 haec
900 1644 973 1672 enim

185 1687 328 1721 Scriptura
345 1687 369 1715 ei
386 1688 524 1716 attribuit.
539 1688 705 1716 Sanctorum
721 1690 832 1725 quidem
851 1690 973 1717 omnium

184 1738 274 1760 ortum
300 1733 404 1762 scimus
429 1734 569 1763 memoriae
585 1735 734 1770 proditum,
763 1736 974 1772 principumque

185 1777 375 1807 lsraelicorum
394 1780 516 1807 omnium
536 1785 644 1808 exstant
667 1785 693 1807 et
715 1781 820 1808 natales
829 1786 855 1808 et
870 1781 972 1814 obitus,

186 1825 362 1853 monimentis
392 1825 546 1853 litterarum
575 1827 739 1862 consignati.
768 1825 854 1866 Porro
880 1827 974 1855 memi-

185 1870 259 1898 nisse
278 1870 371 1904 debes,
397 1870 501 1904 Judaee,
529 1879 573 1899 me
592 1871 644 1900 hoc
671 1872 785 1906 dixisse,
808 1872 907 1900 Filium
925 1872 974 1900 Dei

185 1921 271 1944 totum
297 1924 351 1944 non
376 1916 462 1945 fuisse
488 1918 715 1953 perpessionibus
734 1919 900 1954 subjectum.
925 1918 974 1946 sed

185 1964 322 1991 hominem
358 1964 437 1998 cujus
467 1964 491 1991 ei
525 1964 681 1992 substantia
713 1964 782 1992 citra
812 1969 972 1992 naturarum

184 2009 377 2038 confusionem
405 2010 431 2037 in
456 2015 535 2037 utero
553 2010 639 2038 beata:
655 2009 776 2046 Virginis
790 2010 883 2038 Mariae
897 2011 974 2038 unita

186 2055 247 2082 fuit.
267 2055 353 2088 Quem
370 2055 441 2082 Deus
464 2055 623 2083 Abrahamo
648 2055 811 2090 promittens
832 2056 869 2083 ita
884 2055 975 2083 fuerat

186 2101 259 2128 l‘utus
278 2109 286 2128 :
305 2100 334 2128 lu
357 2102 463 2129 semine
487 2105 535 2128 tuo
555 2109 650 2128 omnes
664 2101 756 2136 populi
772 2101 926 2129 beabunlur
938 2102 973 2129 ⁸⁸.

187 2146 345 2182 Davidoque
376 2147 504 2176 similiter
533 2147 687 2184 promisit:
716 2147 835 2176 Fructus
869 2147 974 2176 ventris

1028 1553 1074 1580 τὸν
1095 1552 1202 1588 Ἰσραὴλ
1226 1553 1375 1588 ὲποίμανεν
1386 1573 1395 1585 ,
1411 1549 1441 1580 οὗ
1456 1553 1472 1588 ἡ
1489 1553 1578 1586 ἔξοδος
1593 1553 1640 1580 ἀπ’
1657 1553 1746 1588 ἀρχῆς
1768 1554 1815 1588 ἀφ’

1026 1597 1138 1633 ἡμερῶν
1160 1598 1270 1630 αἰῶνος,
1299 1597 1352 1632 πρὸ
1371 1597 1418 1624 τοῦ
1442 1598 1517 1633 ήλίου
1539 1599 1661 1633 διαμένει
1683 1599 1712 1625 τὸ
1730 1598 1816 1633 ὄνομα

1026 1642 1120 1674 αὑτοῦ,
1142 1643 1191 1678 και
1204 1642 1398 1677 ἀνεκδιήγητος
1414 1643 1431 1678 ἡ
1450 1643 1531 1677 γενεὰ
1545 1644 1639 1676 αὑτοῦ,
1657 1643 1749 1675 καθὼς
1767 1645 1815 1678 γέ-

1027 1695 1165 1723 γραπταις
1184 1676 1247 1714 τΓῶν
1264 1687 1318 1723 γὰρ
1334 1676 1546 1722 ἁγίων-παντων
1562 1690 1641 1724 ίσμεν
1655 1689 1704 1724 τὴν
1717 1676 1816 1723 γενεὰν

1029 1733 1235 1769 ίστορόυμένην,
1255 1733 1302 1759 καὶ
1319 1733 1374 1760 τῶν
1389 1733 1530 1769 ἀρξάντων
1542 1735 1591 1761 τοῦ
1613 1734 1722 1770 Ἰσραὴλ
1746 1743 1817 1770 παρ-

1031 1780 1151 1806 ιστῶσαν
1171 1779 1227 1815 τὴν·
1245 1779 1352 1814 γένεσιν
1375 1780 1421 1807 καὶ
1443 1780 1489 1807 τὸν
1503 1780 1628 1807 θάνατον.
1651 1780 1816 1815 Μεμνῆσθαι

1027 1823 1074 1852 οὖν
1090 1824 1217 1860 ὀφείλεις,
1233 1822 1256 1852 ὧ
1277 1825 1398 1858 Ἰουδαῑε,
1415 1826 1555 1860 εἰρηκέναι
1574 1834 1608 1859 με
1631 1825 1677 1852 τὸν
1689 1825 1754 1852 Υξὸν
1767 1826 1816 1852 τοῦ
1861 1821 1869 1829 ”

1027 1870 1095 1896 Θεοῦ
1113 1870 1194 1898 πάθει
1217 1871 1248 1898 τὺ
1273 1871 1383 1898 σύνολον
1406 1871 1444 1906 μὴ
1464 1872 1663 1898 ὑποπίπτοντα·
1679 1871 1748 1899 ἀλλὰ
1770 1872 1817 1898 τὶν

1028 1917 1162 1944 ἑνωθέντα
1187 1916 1261 1952 αὐτῷ
1276 1917 1418 1952 ἄνθρωπον
1441 1917 1501 1944 καθ’
1522 1917 1672 1944 ὑπόστασιν
1693 1918 1817 1952 ἀσυγχύ-

1027 1971 1082 1994 τως
1093 1964 1125 1989 ἐκ
1141 1963 1188 1997 τῆς
1203 1962 1283 1997 ἁγίας
1294 1963 1434 1999 Παρθένου
1455 1963 1577 1998 Μαρίας,
1591 1963 1621 1990 ὃν
1634 1963 1817 1998 ἐπηγγείλατο

1027 2010 1041 2036 ό
1064 2008 1129 2040 Θεὸς
1152 2008 1190 2043 τῷ
1213 2008 1339 2044 Ἀϐραὰμ
1363 2009 1461 2043 λέγων,
1484 2009 1528 2035 Ἐν
1549 2008 1586 2044 τῷ
1611 2008 1750 2043 σπέρματί
1768 2016 1816 2034 σου

1028 2054 1258 2089 εὐλογηθήσονται
1272 2055 1361 2081 πάντα
1372 2055 1406 2082 τὰ
1416 2054 1491 2090 ἔθνη,
1507 2054 1555 2081 καὶ
1567 2053 1605 2089 τῷ
1620 2055 1703 2081 Δαῦὶδ
1714 2054 1817 2089 ὁμοίως

1029 2099 1133 2133 λέγων·
1155 2100 1203 2127 Ἐκ
1220 2100 1327 2136 καρποῦ
1355 2101 1404 2135 τῆς
1428 2100 1531 2132 κοιλίας
1551 2109 1598 2127 σου
1620 2099 1740 2135 θήσομαι
1770 2100 1819 2126 ἐπὶ

1028 2145 1075 2172 τοῦ
1099 2146 1194 2181 θρόνου
1219 2155 1277 2173 σου.
1303 2145 1405 2173 Τοῦτον
1431 2146 1614 2180 πειρασθῆναί
1646 2154 1748 2180 φαμεν,
1773 2146 1818 2172 ἵνα

185 2193 225 2220 ιιιὶ
243 2193 385 2221 cellocabu
404 2194 430 2221 in
447 2194 516 2222 solio
532 2199 579 2222 tuo
597 2194 630 2222 ".
657 2193 735 2221 Hunc
759 2201 810 2222 nos
839 2198 973 2221 tentatum

1028 2191 1073 2218 τὸν
1094 2191 1259 2226 πειράζοντα
1279 2191 1361 2218 αὑτὸν
1381 2191 1495 2226 νικήσας
1519 2191 1643 2218 διάϐολον
1665 2190 1818 2225 ἀἰχμαλω-

185 2240 314 2274 dicimus,
342 2244 371 2267 ut
390 2240 539 2274 diabolum,
568 2249 582 2267 a
611 2248 666 2276 quo
685 2240 855 2272 tentabatur,
874 2240 974 2267 victum

185 2286 381 2322 captivumque
398 2286 546 2321 redigeret.
561 2285 679 2314 Passum
696 2285 825 2318 dicimus,
840 2289 869 2311 ut
885 2285 976 2314 omnia

186 2331 302 2359 adversa
329 2331 501 2366 subjiceret;
524 2335 675 2364 mortuum,
701 2335 731 2359 ut
754 2338 817 2359 eum
845 2330 978 2366 dejiceret

186 2378 233 2413 qui
250 2378 349 2407 mortis
362 2379 510 2414 potentiam
524 2377 651 2406 habebat.
664 2376 777 2405 Iudaeus
787 2381 876 2404 autem
889 2376 976 2407 dixit:

188 2424 259 2459 Ergo
285 2424 334 2452 Dei
361 2424 417 2452 duo
430 2428 495 2452 sunt
517 2423 576 2457 ﬁlii,
591 2431 663 2451 unus
682 2431 764 2459 quem
788 2423 868 2451 beata
893 2422 976 2459 Virgo

187 2471 310 2506 peperit,
338 2470 408 2499 alter
436 2478 517 2506 quem
551 2469 728 2505 omnipotens
758 2468 830 2497 Deus
858 2469 975 2504 genuit?

188 2518 319 2547 Silvester
332 2528 338 2546 :
353 2518 431 2546 Unus
457 2523 499 2546 est
524 2518 623 2552 Filius,
641 2517 781 2545 Christus.
800 2516 879 2543 Sicut
901 2516 974 2544 enim

188 2571 252 2591 vere
279 2564 368 2592 Filius
392 2564 439 2592 Dei
467 2564 625 2596 invisibilis,
654 2563 692 2590 ita
723 2567 765 2590 est
789 2562 870 2590 etiam
888 2561 975 2590 Filius

187 2610 308 2638 hominis
321 2611 450 2639 visibilis.
471 2611 523 2644 Qui
547 2611 620 2638 enim
646 2609 784 2645 perfectus
808 2612 868 2635 erat
891 2607 975 2640 Deus,

187 2655 271 2691 489
303 2655 440 2690 perfectus
467 2656 550 2684 homo
580 2655 785 2683 immutabiliter
810 2653 899 2681 factus
923 2657 974 2685 cst,

189 2705 219 2728 ut
236 2700 363 2736 perfecta;
385 2701 482 2729 salutis
508 2705 603 2729 auctor
634 2699 792 2727 hominibus
820 2698 908 2724 ﬁeret.
927 2696 976 2724 Ju-

191 2747 267 2775 tlteus
283 2756 291 2775 :
304 2746 337 2774 Et
353 2747 489 2782 quomodo
504 2747 562 2774 fieri
578 2751 667 2783 potest
682 2746 719 2773 uti
733 2745 854 2780 patiatur
868 2751 975 2771 assum-

190 2799 252 2828 ptus
269 2794 352 2822 homo
366 2794 428 2822 sine
448 2801 482 2821 co
500 2793 546 2829 qui
576 2794 665 2829 ipsum
691 2790 863 2826 assumpsit?
888 2789 974 2817 Slec-

227 2887 328 2916 “Dan.
343 2895 380 2920 lx,
397 2887 430 2914 “2t
456 2894 532 2922 seqq.
566 2887 586 2902 ἰ
603 2887 670 2914 Gcn.
685 2894 749 2917 xvii,
765 2886 805 2913 lG.

1028 2238 1103 2273 τίσῃ,
1127 2236 1292 2264 πεπονθέναι
1307 2236 1350 2272 [Ρ.
1372 2236 1438 2272 279]
1455 2237 1495 2268 δὲ,
1515 2237 1560 2263 ῖνα
1575 2237 1663 2264 πάντα
1689 2237 1724 2263 τὰ
1740 2236 1817 2272 πάθη

1028 2283 1165 2318 ὑποτάξῃ,
1193 2282 1319 2309 τεθνάναι
1346 2281 1385 2315 δὲ,
1410 2281 1454 2308 ἵνα
1478 2282 1510 2308 τὸ
1536 2282 1637 2317 κράτος
1653 2281 1701 2309 τοῦ
1728 2281 1816 2308 θανά-

1027 2338 1073 2356 του
1087 2328 1236 2366 καταλύσῃ.
1256 2328 1285 2355 ¹0
1305 2327 1431 2360 Ἰουδαῖος
1446 2325 1523 2354 εἶπεν
1533 2337 1540 2344 ·
1559 2327 1664 2355 οὐκοῦν
1684 2327 1732 2354 δύο
1746 2327 1817 2354 εἰσιν

1027 2376 1080 2402 υίοὶ
1095 2375 1142 2403 τοῦ
1155 2375 1234 2408 Θεοῦ,
1258 2371 1298 2407 εἷς
1314 2374 1364 2410 μὲν
1385 2375 1399 2402 ό
1415 2375 1447 2401 ὲκ
1469 2374 1520 2409 τῆς
1535 2374 1675 2409 Παρθένου
1689 2373 1797 2409 τεχθεὶς
1807 2394 1816 2406 ,

1026 2422 1120 2457 ἕτερος
1137 2422 1166 2448 δὲ
1178 2421 1208 2448 ὃν
1229 2421 1429 2456 παντοκράτωρ
1439 2421 1506 2453 Θεὸς
1519 2420 1667 2456 ἐγέννησι;
1694 2420 1724 2448 ’0
1737 2421 1817 2454 ἅγιος

1027 2468 1188 2504 Σίλὸεστρος
1204 2465 1280 2495 εἶπεν
1290 2475 1298 2483 ο
1314 2467 1377 2498 Υίδς
1385 2464 1426 2499 εἷς
1445 2467 1519 2494 ἐστιν
1533 2467 1547 2493 ό
1564 2467 1694 2502 Χριστός.
1707 2466 1817 2500 Ὠσπερ

1026 2514 1081 2550 γὰρ
1094 2514 1202 2549 ἀληθῶς
1213 2514 1271 2541 ἐστι
1285 2513 1353 2540 Θεοῦ
1370 2512 1435 2545 Υίδς
1448 2512 1574 2549 ἀόρατος,
1594 2512 1683 2543 οὕτως
1695 2512 1753 2538 ἐστὶ
1767 2511 1817 2537 καὶ

1027 2560 1090 2592 Tib;
1107 2559 1250 2595 ἀνθρώπου
1267 2559 1375 2595 ὁρατός
1392 2559 1493 2591 τέλειος
1510 2558 1564 2594 γὰρ
1577 2557 1614 2584 ὣν
1628 2557 1705 2591 Θεὸς,
1713 2556 1818 2588 τέλειος

1027 2606 1170 2641 ἄνθρωπος
1190 2606 1332 2641 ἀτρέπτως
1349 2605 1468 2640 ἐγένετο,
1486 2605 1529 2631 ἵνα
1553 2604 1659 2631 τελείαν
1676 2603 1816 2638 σωτηρίαν

1029 2653 1084 2685 τοῖς
1093 2651 1247 2687 ἀνθρώποις
1258 2651 1406 2687 παράσχῃ.’
1414 2652 1442 2678 '0
1459 2651 1583 2682 Ἰουδαῖος
1595 2648 1656 2677 εἷπε
1665 2657 1672 2665 ε
1685 2650 1741 2677 Καὶ
1755 2649 1815 2681 πῶς

1030 2699 1148 2735 ἐγχωρεῖ
1168 2698 1199 2725 τὸ
1211 2698 1348 2734 ληφθέντα
1365 2697 1509 2734 ἄνθρωπον
1528 2697 1645 2731 πάσχειν
1664 2696 1751 2732 χωρὶς
1766 2695 1815 2722 τοῦ

1028 2745 1208 2775 ἀναλαϐόντος
1220 2744 1315 2776 αὺτόν;
1334 2744 1362 2770 ’0
1378 2743 1454 2778 ἅγιος
1463 2743 1623 2778 Σὶλόεστρος
1636 2741 1713 2769 εἶπεν
1722 2750 1729 2757 '
1742 2742 1815 2768 οὐκ·

1029 2792 1076 2818 οῦν
1092 2790 1270 2826 ὑποδείγματί
1288 2799 1341 2818 τινι
1363 2790 1481 2825 ὀφείλεις
1497 2789 1667 2825 διδαχθῆναι,
1682 2789 1725 2815 ἵνα
1744 2787 1815 2822 γνῷς

844 2886 866 2901 θ’
885 2887 955 2915 Γείιι.
973 2893 1065 2918 cum,
1088 2886 1130 2913 Η.
