2036 3153
153 195 196 226 531

687 194 958 226 HISTORIARUM
986 194 1251 229 COMPENDIUM.

1719 198 1776 229 53ί>

151 254 185 280 δτι
199 253 244 280 δύο
270 252 342 280 κατὰ
365 253 463 280 ταυτὸν
477 253 626 289 ἡνωμένων
643 253 752 287 φύσεων
768 254 784 289 ἡ
813 253 863 288 μὲν
881 252 930 288 μία
945 275 947 280 .

999 258 1040 282 ter
1054 262 1061 280 :
1080 254 1212 290 Exemplo
1230 255 1313 291 igitur
1330 255 1424 283 doceri
1447 254 1532 282 debes
1544 254 1650 282 duabus
1666 257 1776 283 naturis.

154 299 306 333 -εριπίπτει
323 300 357 335 τῇ
371 298 460 334 ὕϐρει,
482 300 498 334 ἡ
517 299 545 326 δὲ
560 300 640 336 ἑτέρα
659 299 763 334 ταύτην
777 299 930 334 διαφεύγει.

154 346 199 373 Καὶ
210 346 223 372 ὁ
240 345 368 381 Ἑϐραῖος
383 345 435 380 ἔφη
451 346 610 373 ·’Δδύνατόν
626 348 684 373 ἐστι
697 346 791 374 πεῖσαί
805 355 838 381 με
848 347 876 373 ὲν
894 347 934 373 ἐνὶ

153 393 192 419 δύο
215 388 285 418 εἶναι
313 400 385 424 τινα,
412 393 461 419 καὶ
478 392 535 428 ἅμα
559 393 609 428 μὲν
632 392 795 428 κατέχεσθαι
822 392 881 428 ἆμα
905 393 934 419 δὲ

155 438 273 473 πάσχειν,
300 437 348 465 καὶ
369 437 399 464 ἓν
422 437 525 464 τούτων
541 439 591 473 τὴν
614 438 693 474 ὕϐριν
717 438 872 474 ὑπομένειν.
906 439 936 466 '0

125 495 128 496 ν
154 484 223 516 ἅγιος
237 483 398 519 Σίλϐεστρος
416 482 502 510 εἷπεν·
518 484 628 517 Ἄκουε,
641 480 664 511 ὦ
686 484 805 521 Ἑϐραῖεο
819 485 936 512 Δυνατόν

154 529 205 554 ἐστι
219 528 251 554 τὸ
267 528 376 564 δένδρον
399 529 461 565 έχον
473 530 502 556 ὲν
518 530 608 566 ἑαυτῷ
621 530 671 565 τὴν
684 531 783 559 ἀκτῖνα
797 530 846 558 τοῦ
860 531 936 567 ἡλίου

155 573 305 609 τμηθῆναις
324 574 420 611 capp:
443 574 536 609 λέγει·
553 576 670 603 Δυνατόν
694 577 779 604 ἐστιν.
809 576 839 604 '0
860 576 938 610 ἅγιος

156 618 311 653 Σίλϐεστρος
322 618 375 654 ἔφη
388 627 396 635 ο
409 620 500 654 Δεῖξον
518 621 586 656 ἡμῖν
611 621 659 657 τὴν
684 622 868 650 ἀποκοπεῖσαν
890 623 938 650 τοῦ

156 664 224 699 ἡλίου
241 664 340 691 ἀκτῖνα
361 666 390 692 ἐν
414 666 453 701 τῷ
467 666 616 702 τέμνεσθαι
641 667 716 695 αὐτό.
732 668 786 695 Τοῦ
801 668 829 695 δὲ
845 669 940 704 Θάρῤα

157 710 318 743 σιωπῶντος,
329 712 344 738 ὁ
354 711 431 745 ἅγιος
442 712 604 749 Σίλϐεστρος
616 713 680 749 ἔφη·
696 714 752 750 Οὐχ
769 715 835 751 ὁρᾷς
844 715 941 750 ὃτιτὴν

156 755 258 791 πληγὴν
273 756 320 782 τοῦ
334 757 481 792 τέμνοντος
496 758 607 794 σιδήρου
631 760 648 794 ἡ
664 760 744 791 ἀκτὶς
761 759 857 795 πρώτη
873 760 941 787 ὑπο-

154 800 268 836 δέχεται,
283 801 349 835 πρὶν
364 802 381 837 ἢ
398 803 428 828 τὸ
444 803 523 836 ξύλον
546 804 747 839 ὑποδέξασθαις
772 805 804 832 Ἦ
825 805 854 832 δὲ
873 805 943 841 λαμ-

156 845 243 880 πηδὼν
258 848 348 874 καίτοι
363 849 422 875 hu!
434 847 501 877 οὖσα
525 849 587 878 οὔτι
609 851 748 887 τμηθῆναι
768 852 832 879 οὕτε
851 852 944 879 διακο-

156 894 234 929 πῆναι
250 894 372 923 δύναται.
390 895 485 929 Οὕτως
506 897 598 925 τοίνυν
613 899 662 926 καὶ
685 899 702 934 ἡ
721 899 817 935 θεότης
840 899 944 936 ἀχώρι-

157 949 214 973 uso;
229 940 277 968 τοῦ
297 942 470 979 Ἐμμανουὴλ
490 943 558 971 οὖσα
573 944 671 972 παθεῖν
689 945 707 980 ἢ
732 946 870 982 τμηθῆναι
889 947 939 974 οὐκ

155 987 277 1021 ἠδύνατο.
304 988 390 1015 Τοῦτο
417 989 447 1016 δὲ
479 990 601 1017 ὑπέπεσε
632 991 672 1027 τῷ
701 991 782 1019 πάθει
806 992 821 1020 δ
853 992 940 1020 καθά-

157 1039 205 1067 τερ
220 1032 252 1058 τὸ
269 1032 349 1065 ξύλον
363 1034 411 1060 καὶ
424 1034 535 1068 δεθῆναι
555 1036 602 1063 καὶ
620 1036 791 1072 κρατηθῆναι
812 1036 939 1072 ἠδύνατο.

157 1077 202 1104 Διὰ
216 1077 272 1113 γὰρ
292 1077 373 1105 τοῦτο
398 1079 567 1113 κατηξίωσεν
591 1081 606 1107 ὁ
627 1081 730 1116 Κύριος
754 1082 941 1109 ἀπολαϐέσθαι

158 1122 245 1159 σάρκα
258 1123 351 1150 ἔννουν
366 1125 412 1151 καὶ
425 1124 546 1160 ἔμψυχον
562 1127 593 1152 ὲκ
604 1127 650 1153 τοῦ
666 1128 803 1162 ἡμετέρου
817 1129 942 1163 φυράμα-

158 1177 210 1201 τος,
226 1168 270 1195 ῖνα
287 1170 433 1202 κοινωνοὺς
445 1171 519 1205 ἡμᾶς
536 1172 612 1203 Θείας
628 1173 817 1207 ἀπεργάσηται
835 1175 942 1207 φύσεως

159 1215 202 1241 καὶ
218 1214 308 1251 ἑνώσῃ
327 1216 417 1252 ἐαυτῷ
438 1216 488 1252 τὴν
508 1219 646 1253 ἡμετέραν
671 1219 762 1253 φύσιν.
781 1220 899 1247 Ἕνωσιν
915 1221 942 1247 δὲ

159 1260 227 1294 λέγω
242 1261 395 1296 ἀσύγχυτον
411 1262 459 1289 καὶ
475 1262 609 1298 ἄτρεπτον
626 1264 672 1290 καὶ
688 1265 878 1297 ἀναλλοίωτον,
896 1266 943 1292 καὶ

160 1307 189 1341 ἢν
208 1306 289 1340 μόνος
312 1307 391 1338 αὐτὸς
408 1308 561 1337 ἐπίσταται.
593 1310 763 1346 Ἀποκριθεὶς
786 1311 815 1338 δὲ
837 1311 944 1346 Σιμεὼν

160 1350 250 1379 εἶπεν·
268 1354 301 1380 Et
326 1354 391 1389 περὶ
410 1354 457 1381 τοῦ
474 1355 608 1391 ὑμετέρου
619 1356 739 1391 Χριστοῦ
760 1358 786 1384 οἱ
812 1358 944 1394 ήμέτεροι

160 1398 296 1433 προφῆται
321 1399 541 1434 προεφήτευσαν,
558 1399 608 1431 τὰς
631 1400 722 1432 αἰτίας
744 1401 794 1436 τῆς
808 1402 945 1437 τοσαύτης

162 1441 278 1477 ὕϐρεως,
296 1443 344 1470 τοῦ
370 1444 541 1479 ὲμπαιγμοῦ,
556 1445 602 1472 τοῦ
630 1445 733 1478 πάθους
755 1447 802 1473 καὶ
824 1447 871 1475 τοῦ
897 1448 948 1475 θα-

161 1489 239 1516 νάτου
265 1490 443 1526 διασάφησον,
469 1492 512 1518 ἵνα
531 1492 626 1519 τοῦτον
645 1490 715 1520 εἶναι
740 1494 786 1521 τὸν
809 1495 946 1531 ἀπηγγελ-

162 1535 240 1569 μένον
259 1536 376 1570 Χριστδν
390 1537 436 1564 καὶ
453 1538 532 1573 ἡμεῖς
552 1538 611 1574 ἅμα
633 1540 697 1575 ὑμῖν
722 1540 944 1577 ὁμολογήσωμεν.

984 302 1088 329 unione
1100 301 1263 329 constrictis
1279 302 1391 330 alteram
1407 301 1543 336 supplicio
1559 301 1669 336 subjici.
1688 301 1772 328 altera

985 348 1012 376 id
1040 347 1196 383 eﬂ'ugiente.
1228 346 1359 375 Hebraeus
1389 347 1482 375 dixit:
1515 346 1677 375 Persuaderi
1707 346 1773 373 mihi

986 393 1061 421 nullo
1088 393 1170 421 modo
1196 397 1297 428 potest.
1328 393 1356 420 in
1387 400 1441 420 uno
1468 400 1529 421 esse
1559 392 1615 420 duo
1638 392 1772 428 qundam,

986 441 1087 476 quibus
1116 440 1197 468 simul
1223 439 1382 468 constrictis
1406 443 1487 475 atque
1512 439 1614 475 aliquid
1645 439 1776 474 patienti-

988 489 1039 516 bus
1069 487 1186 515 alterum
1219 486 1410 514 tantummodo
1447 486 1517 514 male
1543 489 1687 514 tractetur.
1722 484 1776 512 Sil-

987 537 1078 562 vester
1102 542 1108 560 :
1135 532 1228 565 Audi,
1260 531 1383 559 Hebrae.
1404 530 1534 559 Potestne
1569 532 1651 559 arbor
1676 530 1776 562 scindi,

990 581 1018 608 in
1034 587 1117 616 quam
1128 580 1196 608 solis
1212 578 1281 606 radii
1302 577 1451 605 incidunt?
1464 577 1586 606 Tharras
1604 577 1652 611 ait,
1670 577 1777 604 Potest.

990 625 1123 653 Silvester
1136 634 1144 653 :
1164 623 1286 652 Ostende
1299 622 1365 651 mibi
1381 622 1428 650 ubi
1443 622 1537 650 radius
1552 622 1618 650 solis
1634 621 1775 649 abscissus

990 671 1038 701 sit.
1061 671 1126 698 dum
1158 669 1240 696 arbor
1276 668 1438 697 secaretur?
1463 667 1565 695 silente
1584 667 1690 694 Tharra
1719 667 1777 693 hace

993 716 1118 745 addidit:
1133 715 1229 743 Nonne
1255 715 1332 743 vides
1356 714 1441 742 ictum
1470 713 1621 742 scindentis
1639 712 1702 740 ferri
1719 712 1777 747 pri-

993 770 1066 790 mum
1090 769 1104 789 a
1124 762 1202 790 radio
1215 761 1315 797 excipi,
1334 766 1480 796 antequam
1498 759 1520 787 is
1535 760 1606 786 ictus
1618 758 1653 786 ad
1673 758 1777 791 lignum

993 808 1152 844 pertingat?
1179 808 1212 835 Et
1232 811 1322 835 tamen
1351 807 1442 843 fulgor
1466 805 1514 842 qui
1543 805 1581 832 ibi
1609 807 1663 838 est,
1688 811 1777 838 neque

995 854 1083 883 secari
1097 861 1185 888 neque
1199 852 1287 882 scindi
1309 856 1410 889 potest.
1435 851 1481 880 Sic
1503 854 1531 879 et
1557 850 1648 879 Deitas
1667 856 1729 877 cum
1745 849 1788 876 ab-

961 899 1172 947 BEmmanuele
1203 899 1295 927 divelli
1327 906 1381 927 non
1406 897 1505 934 possit,
1533 897 1588 932 pati
1613 900 1706 923 tamen
1734 898 1782 922 aut

995 947 1082 974 scindi
1102 945 1207 981 nequit.
1234 945 1262 973 ld
1289 944 1371 973 modo
1393 942 1619 980 perpessionibus
1641 942 1671 969 lit
1696 940 1783 969 obno-

995 993 1089 1024 xium,
1116 991 1189 1027 quod
1220 990 1307 1018 instar
1338 989 1404 1025 ligni
1429 988 1510 1016 istius
1539 986 1732 1022 comprehendi
1756 989 1783 1013 et

995 1038 1093 1066 vinciri
1121 1040 1224 1073 potest.
1255 1035 1360 1063 Idcirco
1386 1034 1459 1063 enim
1483 1033 1613 1067 dignatus
1640 1038 1682 1060 est
1711 1030 1782 1058 Deus

995 1084 1146 1112 humanum
1160 1089 1260 1116 corpus
1274 1080 1364 1108 anima
1377 1084 1405 1107 et
1428 1083 1518 1106 mente
1545 1077 1688 1113 praeditum
1705 1084 1784 1104 assu-

996 1138 1069 1157 mere
1083 1129 1116 1156 de
1134 1134 1226 1155 nostra
1243 1133 1344 1160 massa,
1363 1130 1394 1153 ut
1409 1133 1460 1153 nos
1473 1125 1573 1152 divinae
1585 1127 1689 1151 natura:
1702 1122 1784 1150 faciat

996 1175 1144 1211 participes
1158 1180 1307 1207 secumque
1323 1175 1447 1199 nostram
1464 1170 1541 1198 uniat
1553 1173 1692 1197 naturam.
1715 1168 1786 1196 Uni-

996 1224 1097 1250 tionem
1114 1224 1203 1248 autem
1221 1220 1281 1247 dico
1310 1216 1481 1246 confusionis
1505 1221 1532 1245 et
1555 1215 1716 1244 mutationis
1736 1221 1786 1243 ex-

998 1274 1099 1303 pertem
1112 1268 1219 1302 ipsique
1236 1267 1286 1294 soli
1300 1265 1449 1300 cognitam.
1473 1263 1626 1298 Respondit
1650 1261 1785 1290 Simeon:

998 1315 1026 1342 Si
1040 1314 1074 1342 de
1088 1318 1179 1341 vestro
1191 1313 1300 1340 Christo
1314 1310 1401 1339 nostri
1417 1313 1493 1337 vates
1504 1309 1673 1340 cecinerunt,
1687 1314 1786 1335 causas

997 1359 1064 1389 mihi
1075 1359 1181 1394 aperias
1190 1357 1271 1394 E90
1279 1356 1358 1385 velim
1371 1363 1420 1384 cur
1430 1356 1453 1383 is
1462 1358 1505 1382 tot
1513 1353 1622 1389 injuriis
1631 1353 1699 1380 allici
1708 1345 1785 1380 illudi

998 1405 1116 1435 cruciari
1131 1412 1163 1432 ac
1179 1405 1250 1431 mori
1265 1403 1403 1435 debuerit,
1423 1406 1454 1430 ut
1481 1409 1543 1429 eum
1567 1408 1629 1429 esse
1644 1401 1727 1428 istum
1741 1399 1786 1434 qui

998 1452 1155 1489 promissus
1184 1455 1244 1483 est,
1273 1457 1324 1478 nos
1354 1456 1463 1484 quoque
1490 1447 1632 1475 vobiscum
1663 1445 1787 1473 conﬁteri

998 1498 1145 1535 possimus.
1169 1495 1301 1523 Silvester
1322 1503 1330 1521 :
1347 1494 1387 1521 Ab
1419 1493 1532 1521 exordio
1551 1490 1659 1523 mundi,
1682 1498 1714 1518 ex
1733 1497 1789 1525 quo

999 1543 1103 1572 invidia
1114 1541 1215 1570 diaboli
1229 1541 1434 1568 circumventus
1447 1539 1531 1565 homo
1546 1537 1674 1573 paradiso
1686 1536 1789 1571 eiectus

167 1582 195 1609 '0
221 1582 300 1628 ἅγιος
322 1583 483 1618 Σίλϐεστρος
509 1585 573 1620 ἔφη·
598 1586 642 1619 Ἐξ
661 1587 749 1622 ἀρχῆς
762 1588 809 1614 τοῦ
833 1589 941 1623 αίῶνος,

1001 1589 1139 1624 mortique
1164 1587 1289 1614 addictus
1313 1585 1377 1618 fuit,
1401 1593 1435 1612 ex
1459 1588 1517 1612 tota
1544 1583 1657 1611 humani
1680 1582 1795 1618 generis.

162 1628 206 1661 ἀφ’
218 1625 250 1655 οὗ
259 1629 273 1655 ὁ
285 1628 428 1664 ἄνθρωπος
445 1631 476 1657 ὲκ
486 1630 534 1658 τοῦ
546 1632 710 1666 παραδείσου
724 1633 813 1669 φθόνῳ
824 1634 948 1663 διαϐόλου

162 1675 294 1710 ἐξεϐλήθη
313 1676 359 1703 καὶ
372 1676 479 1711 θανάτῳ
494 1678 687 1713 κατεδικάσθη,
709 1680 740 1706 ὲκ
756 1680 803 1706 τοῦ
819 1681 949 1717 φυράμα-

163 1729 206 1753 τος
219 1722 311 1757 πάσης
330 1722 540 1758 ἀνθρωπότητος
558 1724 685 1760 Ἀϐραὰμ
698 1725 775 1759 ἅγιος
794 1727 841 1753 καὶ
855 1727 951 1759 πιστὸς

165 1767 286 1802 εὑρεθεὶς
310 1767 406 1795 τούτου
432 1769 479 1795 τοῦ
507 1770 716 1806 ἐπαγγέλματος
745 1771 847 1807 ἠξιώθη
875 1773 951 1809 παρὰ

164 1813 242 1846 Θεοῦ,
266 1813 313 1840 τοῦ
340 1814 370 1840 ὲν
390 1813 429 1849 τῷ
453 1814 592 1850 σπέρματι
616 1816 700 1842 αὑτοῦ
719 1816 952 1852 εὐλογηθήσεσθαι

165 1859 253 1886 πάντα
273 1860 308 1887 τὰ
322 1860 397 1895 Εθνη.
422 1861 559 1895 Ἐκλεγεὶς
577 1858 623 1889 οὖν
643 1857 688 1889 διᾶ
704 1862 753 1898 τὴν
768 1863 819 1897 τῆς
833 1863 952 1896 πίστεως

165 1906 244 1939 ἀξίαν
271 1906 400 1941 ἐγέννησε
424 1907 470 1934 τὸν
495 1907 599 1939 Ἰσαὰκ,
622 1908 669 1935 καὶ
705 1908 799 1936 Ἰσαὰκ
821 1909 951 1943 ἐγέννησε

164 1951 209 1976 τὸν
238 1950 346 1978 Ἰακώϐ.
364 1951 420 1978 Καὶ
444 1951 530 1984 οδτως
552 1952 693 1988 ἄμεμπτοι
714 1953 865 1989 εὑρέθησαν
882 1954 953 1981 ὥστε

164 1997 209 2023 τὸν
223 1998 433 2032 παντοκράτορα
448 1998 514 2024 Θεὸν
533 1998 677 2034 ὲνδιαθέτῳ
691 1999 753 2035 ἀξίᾳ
766 2000 909 2034 βούλεσθαι
922 2000 954 2028 τὸ

165 2044 231 2070 [διον
239 2043 324 2079 ὄνομα
340 2044 368 2070 ὲν
385 2045 427 2079 [Ρ.
436 2044 612 2080 280]ζτούτοις
624 2044 815 2081 ὀνομάζεσθαι,
827 2046 953 2081 λέγοντα·

171 2089 244 2123 Ἐγώ
256 2090 314 2124 είμι
329 2091 342 2115 ὁ
356 2090 422 2121 Θεὸς
443 2090 581 2125 Ἀϐραὰμ,
593 2091 641 2118 καὶ
652 2091 742 2124 ὸῖθεδς
759 2092 862 2127 Ἰσαὰκ,
877 2093 926 2120 καὶ
940 2093 955 2121 ὁ

164 2136 232 2167 Θεὸς
259 2135 367 2162 Ἰακώϐ·
388 2136 467 2162 τοῦτό
484 2145 528 2171 μοι
553 2136 639 2172 ὄνομα
663 2137 772 2165 αἰώνιον
793 2138 834 2170 είς
858 2139 955 2173 γενεὰς

166 2181 281 2215 γενεῶν.
311 2181 481 2216 Ἀνεφὺησαν
498 2180 543 2209 οὖν
565 2183 661 2216 αίτίαι,
681 2184 716 2216 ἃς
734 2183 783 2212 νῦν
798 2185 905 2221 μακρὸν
922 2185 956 2213 ἂν

166 2226 209 2261 είη
226 2226 399 2260 καταλέγειν,
416 2226 485 2253 ὥστε
500 2228 562 2260 τοὺς
579 2228 654 2260 υίοὺς
679 2229 805 2265 Ἀϐραὰμ
816 2230 956 2258 κατελθεῖν

1000 1641 1092 1663 massa
1117 1633 1303 1661 Abrahamum
1325 1634 1451 1658 sanctum
1470 1633 1497 1657 et
1520 1629 1625 1657 lidelem
1650 1631 1789 1663 repertum

1000 1682 1074 1709 Deus
1090 1679 1142 1707 ista
1158 1677 1342 1714 promissione
1365 1677 1493 1711 dignatus
1509 1678 1563 1707 est,
1588 1675 1648 1702 fore
1673 1678 1703 1701 ut
1730 1673 1790 1708 ejus

1001 1733 1095 1755 semen
1116 1724 1245 1752 omnibus
1267 1722 1377 1758 populis
1393 1720 1551 1749 beatitatem
1571 1719 1740 1748 conciliaret.
1765 1718 1790 1745 Is

1002 1779 1068 1806 ergo
1087 1771 1122 1798 ob
1147 1769 1209 1797 ﬁdei
1229 1768 1389 1804 dignitatem
1416 1766 1521 1794 electus
1546 1764 1668 1792 lsaacum
1685 1763 1790 1800 genuit,

1002 1819 1114 1846 lsaacus
1140 1806 1284 1843 Jacobu‘m.
1306 1813 1346 1840 lta
1370 1815 1461 1838 autem
1491 1811 1646 1845 inculpatos
1672 1817 1735 1837 sese
1752 1809 1790 1835 illi

1002 1865 1156 1899 gesserunt,
1177 1865 1207 1887 ut
1224 1866 1286 1886 cum
1303 1857 1375 1885 Dcus
1401 1856 1575 1891 omnipotens
1602 1854 1722 1882 nominis
1748 1854 1791 1881 sui

1003 1906 1164 1942 dignitatem
1179 1910 1309 1939 expresse
1324 1905 1452 1929 testatam
1470 1900 1551 1928 vellet
1575 1900 1674 1931 facere,
1697 1906 1790 1926 eorum

1004 1961 1034 1982 se
1050 1952 1133 1979 Deum
1150 1957 1211 1978 esse
1235 1948 1346 1979 dixerit,
1367 1946 1434 1982 Ego,
1463 1945 1601 1981 inquiens,
1628 1952 1689 1973 sum
1720 1944 1793 1972 Deus

1004 1997 1165 2030 Abrahami,
1184 1996 1254 2024 Deus
1265 1995 1364 2026 lsaaci,
1390 2001 1423 2021 ac
1443 1992 1514 2020 Deus
1540 1991 1647 2020 Jacobi.
1665 1990 1723 2018 Hoc
1752 1994 1795 2017 est

1005 2051 1107 2073 nomen
1130 2050 1219 2070 meum
1236 2041 1433 2076 sempiternum
1453 2046 1501 2075 per
1517 2045 1613 2066 omnes
1638 2041 1732 2066 aetates
1758 2037 1792 2065 ".

1005 2091 1104 2119 Causae
1120 2088 1234 2124 proinde
1246 2087 1422 2119 exstiterunt,
1434 2092 1504 2121 quas
1516 2084 1562 2112 hic
1578 2090 1801 2112 commemorare

1007 2136 1143 2173 prolixum
1160 2135 1206 2167 sit,
1226 2138 1338 2170 propter
1368 2140 1436 2168 quas
1464 2131 1567 2167 posteri
1592 2130 1743 2158 Abrahami
1766 2130 1794 2157 in

1007 2182 1155 2218 Egyptum
1172 2180 1344 2215 devenerunt
1364 2184 1504 2213 regnoque
1527 2176 1679 2205 Pharaonis
1692 2175 1794 2203 subditi

1009 2228 1131 2256 luerunt.
1150 2225 1204 2253 Sed
1228 2232 1342 2253 suorum
1361 2230 1466 2251 memor
1494 2222 1694 2258 promissorum
1723 2220 1802 2248 Deus.

165 2273 195 2299 ὲν
219 2274 257 2308 γῇ
282 2272 414 2308 Αἰγύπτῳ
438 2273 490 2299 ὁπὺ
509 2273 560 2309 τὴν
581 2274 720 2309 βασιλείαν
741 2276 852 2313 Φαραώ.
875 2277 947 2305 Ἀλλέ

1009 2273 1073 2302 inde
1088 2279 1135 2301 eos
1152 2271 1248 2300 eduxit
1269 2277 1353 2298 manu
1378 2269 1468 2297 valida
1490 2271 1655 2303 exsertaque
1669 2266 1794 2298 brachio,

166 2318 347 2354 μεμνημένος
358 2319 407 2353 τῆς
423 2320 520 2346 ἑαυτοῦ
538 2321 704 2355 ἐπαγγελίας
716 2322 730 2348 ὁ
743 2322 808 2354 Θεὸς
823 2323 957 2359 ἐξήγαγεν

164 2365 268 2397 αὐτοὺς
287 2364 391 2391 ἐκεῖθεν
418 2366 446 2391 ὲν
466 2365 537 2402 χειρὶ
558 2367 679 2403 κραταιᾷ
701 2367 749 2395 καὶ
778 2368 808 2395 ἐν
834 2368 957 2404 βραχίονι

165 2408 276 2444 ὑψηλῷ,
293 2409 385 2440 καθὼς
400 2410 499 2442 πάντες
513 2410 581 2439 ἴση.
598 2412 732 2448 ’Υστερον
746 2412 775 2440 δι
790 2414 823 2440 ὲκ
836 2414 958 2450 σπέρμα-

163 2464 212 2488 τος
236 2455 375 2491 Ἀϐραὰμ,
398 2456 430 2483 τὸ
454 2456 526 2484 κατὰ
543 2456 644 2493 σάρκα,
666 2458 763 2494 ιτέχθη
787 2460 802 2487 δ
828 2459 887 2492 υίὸς
909 2459 958 2486 τοῦ

164 2501 250 2534 Θιοῦ,
270 2501 304 2528 ἐκ
322 2500 374 2537 τῆς
387 2501 470 2537 ἁγίας
490 2502 641 2538 Παρθένου,
659 2504 703 2531 ῐνα
716 2504 796 2540 ἡμεῖς
808 2504 958 2541 ἀναγεννη-

165 2546 263 2582 θῶμεν
273 2546 306 2575 ιιι
319 2547 437 2582 γαστρὸς
451 2547 501 2583 τῆς
515 2548 653 2584 παρθένου
673 2549 846 2584 Ἐκκλησίας.
867 2550 960 2577 Ἐπει-

168 2592 273 2627 ράσθη,
294 2592 340 2620 ῑνα
356 2594 436 2627 ἡμεῖς
455 2593 649 2629 λυτρωοῶμεν.
673 2595 806 2630 Ἑπράθη,
826 2595 870 2622 ῖνα
885 2595 960 2631 ἡμᾶς

167 2639 336 2675 ἐξαγοράσῃ.
356 2639 552 2667 Ἐταπείνωσεν
564 2641 669 2673 ἑαυτὴν,
678 2642 722 2667 ἴνα
733 2641 807 2677 ἡμᾶς
818 2641 959 2677 ὰνυψώσῃ.

176 2684 334 2720 Ἐκρατήθη
350 2686 425 2721 παρὰ
446 2687 608 2722 ἀνθρώπων,
626 2688 669 2713 ἵνα
690 2688 765 2722 ἡμᾶς
787 2688 959 2725 ἐλευθερώσῃ

171 2730 222 2765 τῆς
245 2730 300 2756 τῶν
326 2730 461 2765 δαιμόνων
484 2731 682 2767 αίχμαλωσίας.
710 2732 843 2768 Ἔσλατον
866 2733 896 2760 ἐν
921 2732 960 2769 τῷ

173 2775 245 2812 ξύλῳ
258 2776 305 2803 τοῦ
327 2776 446 2811 σταυροῦ
470 2777 630 2814 ὲθυσιάσθη,
654 2778 699 2806 ἵνα
721 2778 771 2812 τὴν
791 2779 839 2806 τοῦ
861 2779 961 2812 παντὸς

175 2822 278 2858 κόσμου
293 2824 432 2859 ἁμαρτίαν
444 2824 590 2862 ἅπαλεῑψῃ.
609 2826 733 2866 Ἀνέστη,
749 2826 793 2854 ἵνα
807 2827 873 2862 ἡμῖν
887 2826 960 2862 ζωὴν

212 2912 237 2929 ’³
255 2912 341 2941 Exod.
369 2921 414 2946 tu,
429 2915 457 2942 6.

1008 2320 1089 2349 sicuti
1101 2326 1199 2347 omnes
1215 2317 1313 2345 nostis.
1328 2315 1427 2344 Postea
1438 2314 1574 2350 temporis
1594 2321 1629 2341 ex
1646 2312 1794 2340 Abrahami

1008 2366 1112 2395 semine
1125 2364 1264 2397 Christus,
1276 2362 1348 2398 quod
1360 2361 1395 2389 ad
1406 2368 1518 2389 carnem
1532 2360 1640 2392 attinet,
1657 2363 1740 2386 natus
1753 2363 1795 2385 est

1008 2412 1043 2441 de
1055 2413 1132 2440 beata
1147 2410 1271 2446 Virgine,
1301 2409 1341 2437 uti
1368 2416 1420 2436 nos
1434 2408 1468 2435 de
1493 2413 1565 2434 novo
1578 2405 1658 2441 virgo
1673 2404 1801 2432 Ecclesia

1008 2459 1142 2495 gigneret.
1158 2456 1295 2484 Tentatus
1308 2458 1361 2486 est.
1380 2457 1413 2481 ut
1435 2460 1487 2481 nos
1511 2453 1703 2485 liberaremur;
1730 2458 1796 2478 ven-

1011 2504 1096 2537 ditus,
1113 2506 1143 2530 ut
1156 2509 1209 2530 nos
1225 2500 1372 2529 redimeret
1386 2508 1394 2533 ;
1410 2506 1440 2527 se
1456 2498 1545 2534 ipsum
1562 2497 1683 2530 demisit,
1703 2500 1733 2524 ut
1746 2502 1800 2523 nos

1011 2550 1173 2583 attolleret;
1201 2551 1299 2583 captus
1330 2549 1375 2574 est
1402 2545 1437 2573 ab
1463 2543 1632 2577 hominibus,
1660 2546 1691 2570 ut
1709 2549 1760 2569 nos
1781 2550 1795 2567 a

1011 2597 1165 2626 daemonum
1182 2593 1343 2629 captivitate
1359 2591 1491 2619 liberaret
1536 2589 1657 2624 denique
1670 2588 1698 2615 in
1721 2587 1798 2623 ligno

1010 2641 1103 2670 crucis
1127 2647 1177 2675 pro
1204 2638 1314 2665 victima
1343 2636 1452 2664 oblatus
1476 2640 1529 2668 est.
1551 2639 1581 2663 ut
1600 2634 1685 2662 totius
1701 2633 1797 2661 mundi

1012 2691 1122 2724 peccata
1131 2686 1263 2721 expiaret.
1274 2683 1353 2720 49],
1367 2683 1394 2710 ln
1409 2682 1493 2710 vitam
1506 2689 1522 2709 e
1533 2680 1648 2709 mortuis
1663 2679 1754 2713 rediit,
1767 2683 1797 2705 ut

1013 2734 1093 2763 nobis
1107 2733 1190 2760 vitam
1204 2731 1361 2767 largiretur.
1385 2729 1414 2756 In
1431 2729 1529 2756 ccelum
1547 2726 1681 2757 ascendit,
1699 2730 1727 2752 ut
1746 2733 1799 2752 nos

1014 2785 1106 2808 secum
1122 2776 1260 2804 eveherel.
1285 2774 1366 2802 Sedet
1393 2779 1467 2800 nunc
1491 2772 1524 2799 ad
1543 2771 1681 2799 dexteram
1697 2768 1798 2795 Patris.

1015 2829 1047 2854 ut
1060 2815 1192 2853 ﬁdelibus.
1202 2820 1377 2857 precantibus
1395 2822 1509 2847 annuat.
1534 2817 1633 2846 Veniet
1655 2818 1746 2843 autem
1771 2813 1797 2839 iu
