  <div class='ocr_page' id='page_1' title='image "/cluster/home/n/w/nwhite01/storage/ocr_20150623/121/njp.32101077773008/319.png"; bbox 0 0 2036 3153; ppageno 0'>
   <div class='ocr_carea' id='block_1_1' title="bbox 239 199 293 230">
    <p class='ocr_par' dir='ltr' id='par_1_1' title="bbox 239 199 293 230">
     <span class='ocr_line' id='line_1_1' title="bbox 239 199 293 230; baseline 0 0"><span class='ocrx_word' id='word_1_1' title='bbox 239 199 293 230; x_wconf 73' lang='grc'>535</span> 
     </span>
    </p>
   </div>
   <div class='ocr_carea' id='block_1_2' title="bbox 886 190 1235 223">
    <p class='ocr_par' dir='ltr' id='par_1_2' title="bbox 886 190 1235 223">
     <span class='ocr_line' id='line_1_2' title="bbox 886 190 1235 223; baseline -0.006 -1"><span class='ocrx_word' id='word_1_2' title='bbox 886 192 1046 223; x_wconf 78' lang='lat' dir='ltr'><strong>GEORGII</strong></span> <span class='ocrx_word' id='word_1_3' title='bbox 1068 190 1235 222; x_wconf 52' lang='lat' dir='ltr'><strong>CEDREXI</strong></span> 
     </span>
    </p>
   </div>
   <div class='ocr_carea' id='block_1_3' title="bbox 1803 185 1858 218">
    <p class='ocr_par' dir='ltr' id='par_1_3' title="bbox 1803 185 1858 218">
     <span class='ocr_line' id='line_1_3' title="bbox 1803 185 1858 218; baseline 0 0"><span class='ocrx_word' id='word_1_4' title='bbox 1803 185 1858 218; x_wconf 83' lang='lat'><strong>536</strong></span> 
     </span>
    </p>
   </div>
   <div class='ocr_carea' id='block_1_4' title="bbox 240 244 1030 288">
    <p class='ocr_par' dir='ltr' id='par_1_4' title="bbox 240 250 1022 288">
     <span class='ocr_line' id='line_1_4' title="bbox 240 250 1022 288; baseline -0.001 -8"><span class='ocrx_word' id='word_1_5' title='bbox 240 254 293 281; x_wconf 79' lang='lat' dir='ltr'><strong>line</strong></span> <span class='ocrx_word' id='word_1_6' title='bbox 309 253 402 283; x_wconf 77' lang='lat' dir='ltr'><strong>mundi</strong></span> <span class='ocrx_word' id='word_1_7' title='bbox 417 253 569 288; x_wconf 83' lang='lat' dir='ltr'><strong>judicatum</strong></span> <span class='ocrx_word' id='word_1_8' title='bbox 584 250 660 279; x_wconf 85' lang='lat' dir='ltr'><strong>vivos</strong></span> <span class='ocrx_word' id='word_1_9' title='bbox 676 254 703 278; x_wconf 83' lang='lat' dir='ltr'><strong>et</strong></span> <span class='ocrx_word' id='word_1_10' title='bbox 717 255 851 282; x_wconf 84' lang='lat' dir='ltr'><strong>mortuos,</strong></span> <span class='ocrx_word' id='word_1_11' title='bbox 872 259 904 278; x_wconf 90' lang='lat' dir='ltr'><strong>ac</strong></span> <span class='ocrx_word' id='word_1_12' title='bbox 924 251 1022 286; x_wconf 82' lang='lat' dir='ltr'><strong>cuique</strong></span> 
     </span>
    </p>
   </div>
   <div class='ocr_carea' id='block_1_5' title="bbox 1083 244 1862 288">
    <p class='ocr_par' dir='ltr' id='par_1_5' title="bbox 1083 244 1862 288">
     <span class='ocr_line' id='line_1_5' title="bbox 1083 244 1862 288; baseline -0.006 -10"><span class='ocrx_word' id='word_1_13' title='bbox 1083 251 1214 288; x_wconf 76' lang='grc' dir='ltr'>ταράσχῃ.</span> <span class='ocrx_word' id='word_1_14' title='bbox 1233 249 1327 285; x_wconf 79' lang='grc' dir='ltr'><strong>Ἀνέϐη</strong></span> <span class='ocrx_word' id='word_1_15' title='bbox 1344 248 1383 281; x_wconf 81' lang='grc' dir='ltr'><strong>είς</strong></span> <span class='ocrx_word' id='word_1_16' title='bbox 1395 247 1537 284; x_wconf 76' lang='grc' dir='ltr'>οὐρανοὺς,</span> <span class='ocrx_word' id='word_1_17' title='bbox 1549 246 1593 273; x_wconf 80' lang='grc' dir='ltr'><strong>ἵνα</strong></span> <span class='ocrx_word' id='word_1_18' title='bbox 1603 245 1677 281; x_wconf 75' lang='grc' dir='ltr'>ἡμᾶς</span> <span class='ocrx_word' id='word_1_19' title='bbox 1702 244 1862 282; x_wconf 74' lang='grc' dir='ltr'>συνυψὼσῃ.</span> 
     </span>
    </p>
   </div>
   <div class='ocr_carea' id='block_1_6' title="bbox 239 296 882 336">
    <p class='ocr_par' dir='ltr' id='par_1_6' title="bbox 239 296 882 336">
     <span class='ocr_line' id='line_1_6' title="bbox 239 296 882 336; baseline -0.005 -9"><span class='ocrx_word' id='word_1_20' title='bbox 239 302 347 336; x_wconf 79' lang='lat' dir='ltr'><strong>dignam</strong></span> <span class='ocrx_word' id='word_1_21' title='bbox 368 301 425 328; x_wconf 85' lang='lat' dir='ltr'><strong>suis</strong></span> <span class='ocrx_word' id='word_1_22' title='bbox 444 298 524 326; x_wconf 83' lang='lat' dir='ltr'><strong>factis</strong></span> <span class='ocrx_word' id='word_1_23' title='bbox 540 297 691 325; x_wconf 80' lang='lat' dir='ltr'><strong>mercedem</strong></span> <span class='ocrx_word' id='word_1_24' title='bbox 711 296 882 325; x_wconf 79' lang='lat' dir='ltr'><strong>redditurus.</strong></span> 
     </span>
    </p>
   </div>
   <div class='ocr_carea' id='block_1_7' title="bbox 1076 291 1862 332">
    <p class='ocr_par' dir='ltr' id='par_1_7' title="bbox 1076 291 1862 332">
     <span class='ocr_line' id='line_1_7' title="bbox 1076 291 1862 332; baseline -0.01 -7"><span class='ocrx_word' id='word_1_25' title='bbox 1076 297 1200 332; x_wconf 84' lang='grc' dir='ltr'>Κάθηται</span> <span class='ocrx_word' id='word_1_26' title='bbox 1215 296 1261 323; x_wconf 90' lang='grc' dir='ltr'><strong>νῦν</strong></span> <span class='ocrx_word' id='word_1_27' title='bbox 1273 296 1305 323; x_wconf 77' lang='grc' dir='ltr'>ἐκ</span> <span class='ocrx_word' id='word_1_28' title='bbox 1315 294 1410 328; x_wconf 80' lang='grc' dir='ltr'>δεξιῶν</span> <span class='ocrx_word' id='word_1_29' title='bbox 1421 293 1468 321; x_wconf 84' lang='grc' dir='ltr'><strong>τοῦ</strong></span> <span class='ocrx_word' id='word_1_30' title='bbox 1483 293 1600 328; x_wconf 78' lang='grc' dir='ltr'>Πατρδς,</span> <span class='ocrx_word' id='word_1_31' title='bbox 1613 293 1657 320; x_wconf 83' lang='grc' dir='ltr'><strong>ἵνα</strong></span> <span class='ocrx_word' id='word_1_32' title='bbox 1669 295 1729 324; x_wconf 77' lang='grc' dir='ltr'>ταῖς</span> <span class='ocrx_word' id='word_1_33' title='bbox 1749 291 1862 327; x_wconf 79' lang='grc' dir='ltr'>Ἐκκληο</span> 
     </span>
    </p>
   </div>
   <div class='ocr_carea' id='block_1_8' title="bbox 240 341 1866 383">
    <p class='ocr_par' dir='ltr' id='par_1_8' title="bbox 240 341 1866 383">
     <span class='ocr_line' id='line_1_8' title="bbox 240 341 1866 383; baseline -0.006 -6"><span class='ocrx_word' id='word_1_34' title='bbox 240 350 312 381; x_wconf 88' lang='grc' dir='ltr'>σίαις</span> <span class='ocrx_word' id='word_1_35' title='bbox 326 348 380 375; x_wconf 85' lang='grc' dir='ltr'><strong>τῶν</strong></span> <span class='ocrx_word' id='word_1_36' title='bbox 393 346 495 374; x_wconf 77' lang='grc' dir='ltr'>πιστῶν</span> <span class='ocrx_word' id='word_1_37' title='bbox 510 345 633 383; x_wconf 85' lang='grc' dir='ltr'>ὲπινεύῃ.</span> <span class='ocrx_word' id='word_1_38' title='bbox 659 346 855 373; x_wconf 77' lang='grc' dir='ltr'>Ἐλεύσεταιδὲ</span> <span class='ocrx_word' id='word_1_39' title='bbox 871 345 918 373; x_wconf 78' lang='grc' dir='ltr'><strong>ἐπὶ</strong></span> <span class='ocrx_word' id='word_1_40' title='bbox 932 345 1072 381; x_wconf 80' lang='grc' dir='ltr'>συντελείᾳ</span> <span class='ocrx_word' id='word_1_41' title='bbox 1099 345 1153 372; x_wconf 83' lang='grc' dir='ltr'>τῶν</span> <span class='ocrx_word' id='word_1_42' title='bbox 1177 345 1282 372; x_wconf 82' lang='grc' dir='ltr'><strong>αἰώνων</strong></span> <span class='ocrx_word' id='word_1_43' title='bbox 1318 344 1409 379; x_wconf 88' lang='grc' dir='ltr'>κρῖναι</span> <span class='ocrx_word' id='word_1_44' title='bbox 1434 343 1539 375; x_wconf 79' lang='grc' dir='ltr'>ζῶντας</span> <span class='ocrx_word' id='word_1_45' title='bbox 1576 342 1624 369; x_wconf 80' lang='grc' dir='ltr'>καὶ</span> <span class='ocrx_word' id='word_1_46' title='bbox 1659 342 1774 377; x_wconf 79' lang='grc' dir='ltr'>νεκροὺς</span> <span class='ocrx_word' id='word_1_47' title='bbox 1816 341 1866 368; x_wconf 80' lang='grc' dir='ltr'>καὶ</span> 
     </span>
    </p>
   </div>
   <div class='ocr_carea' id='block_1_9' title="bbox 239 393 830 431">
    <p class='ocr_par' dir='ltr' id='par_1_9' title="bbox 239 393 830 431">
     <span class='ocr_line' id='line_1_9' title="bbox 239 393 830 431; baseline -0.003 -7"><span class='ocrx_word' id='word_1_48' title='bbox 239 395 385 425; x_wconf 84' lang='grc' dir='ltr'>ἀποδοῦναι</span> <span class='ocrx_word' id='word_1_49' title='bbox 399 395 508 430; x_wconf 80' lang='grc' dir='ltr'>ἑκάστῳ</span> <span class='ocrx_word' id='word_1_50' title='bbox 520 394 593 422; x_wconf 87' lang='grc' dir='ltr'>κατὰ</span> <span class='ocrx_word' id='word_1_51' title='bbox 606 394 639 421; x_wconf 84' lang='grc' dir='ltr'>τὰ</span> <span class='ocrx_word' id='word_1_52' title='bbox 655 394 723 431; x_wconf 75' lang='grc' dir='ltr'>ἔργα</span> <span class='ocrx_word' id='word_1_53' title='bbox 735 393 830 422; x_wconf 83' lang='grc' dir='ltr'>αὑτοῦ.</span> 
     </span>
    </p>
   </div>
   <div class='ocr_carea' id='block_1_10' title="bbox 275 442 1023 478">
    <p class='ocr_par' dir='ltr' id='par_1_10' title="bbox 275 442 1023 478">
     <span class='ocr_line' id='line_1_10' title="bbox 275 442 1023 478; baseline -0.003 -8"><span class='ocrx_word' id='word_1_54' title='bbox 275 443 342 471; x_wconf 91' lang='lat' dir='ltr'><strong>Cum</strong></span> <span class='ocrx_word' id='word_1_55' title='bbox 358 442 535 470; x_wconf 91' lang='lat' dir='ltr'><strong>disseruisset</strong></span> <span class='ocrx_word' id='word_1_56' title='bbox 559 443 665 478; x_wconf 83' lang='lat' dir='ltr'><strong>prolixe</strong></span> <span class='ocrx_word' id='word_1_57' title='bbox 691 442 833 474; x_wconf 88' lang='lat' dir='ltr'><strong>Silvester,</strong></span> <span class='ocrx_word' id='word_1_58' title='bbox 863 442 1023 476; x_wconf 73' lang='lat' dir='ltr'><strong>Christique</strong></span> 
     </span>
    </p>
   </div>
   <div class='ocr_carea' id='block_1_11' title="bbox 238 488 1022 521">
    <p class='ocr_par' dir='ltr' id='par_1_11' title="bbox 238 488 1022 521">
     <span class='ocr_line' id='line_1_11' title="bbox 238 488 1022 521; baseline -0.001 -4"><span class='ocrx_word' id='word_1_59' title='bbox 238 497 283 517; x_wconf 88' lang='lat' dir='ltr'><strong>res</strong></span> <span class='ocrx_word' id='word_1_60' title='bbox 297 497 329 516; x_wconf 81' lang='lat' dir='ltr'><strong>ex</strong></span> <span class='ocrx_word' id='word_1_61' title='bbox 346 488 433 516; x_wconf 87' lang='lat' dir='ltr'><strong>sacris</strong></span> <span class='ocrx_word' id='word_1_62' title='bbox 451 488 562 515; x_wconf 85' lang='lat' dir='ltr'><strong>Litteris</strong></span> <span class='ocrx_word' id='word_1_63' title='bbox 578 489 785 516; x_wconf 76' lang='lat' dir='ltr'><strong>accuratissime</strong></span> <span class='ocrx_word' id='word_1_64' title='bbox 796 488 1022 521; x_wconf 80' lang='lat' dir='ltr'><strong>demonstrasset,</strong></span> 
     </span>
    </p>
   </div>
   <div class='ocr_carea' id='block_1_12' title="bbox 238 534 1022 570">
    <p class='ocr_par' dir='ltr' id='par_1_12' title="bbox 238 534 1022 570">
     <span class='ocr_line' id='line_1_12' title="bbox 238 534 1022 570; baseline -0.004 -7"><span class='ocrx_word' id='word_1_65' title='bbox 238 535 380 570; x_wconf 74' lang='lat' dir='ltr'><strong>Judzeique</strong></span> <span class='ocrx_word' id='word_1_66' title='bbox 392 535 539 562; x_wconf 84' lang='lat' dir='ltr'><strong>admodum</strong></span> <span class='ocrx_word' id='word_1_67' title='bbox 553 540 765 570; x_wconf 85' lang='lat' dir='ltr'><strong>saperarentur,</strong></span> <span class='ocrx_word' id='word_1_68' title='bbox 783 534 894 569; x_wconf 86' lang='lat' dir='ltr'><strong>quidam</strong></span> <span class='ocrx_word' id='word_1_69' title='bbox 915 542 1022 566; x_wconf 87' lang='lat' dir='ltr'><strong>eorum,</strong></span> 
     </span>
    </p>
   </div>
   <div class='ocr_carea' id='block_1_13' title="bbox 239 579 1021 614">
    <p class='ocr_par' dir='ltr' id='par_1_13' title="bbox 239 579 1021 614">
     <span class='ocr_line' id='line_1_13' title="bbox 239 579 1021 614; baseline -0.003 -7"><span class='ocrx_word' id='word_1_70' title='bbox 239 581 370 608; x_wconf 52' lang='lat' dir='ltr'><strong>Za‘mbres</strong></span> <span class='ocrx_word' id='word_1_71' title='bbox 383 580 503 612; x_wconf 88' lang='lat' dir='ltr'><strong>nomine,</strong></span> <span class='ocrx_word' id='word_1_72' title='bbox 522 580 643 614; x_wconf 90' lang='lat' dir='ltr'><strong>reliquos</strong></span> <span class='ocrx_word' id='word_1_73' title='bbox 654 579 763 607; x_wconf 64' lang='lat' dir='ltr'><strong>Juda‘os</strong></span> <span class='ocrx_word' id='word_1_74' title='bbox 790 580 825 606; x_wconf 86' lang='lat' dir='ltr'><strong>ita</strong></span> <span class='ocrx_word' id='word_1_75' title='bbox 846 583 888 606; x_wconf 86' lang='lat' dir='ltr'><strong>est</strong></span> <span class='ocrx_word' id='word_1_76' title='bbox 906 579 1021 605; x_wconf 75' lang='lat' dir='ltr'><strong>allatus:</strong></span> 
     </span>
    </p>
   </div>
   <div class='ocr_carea' id='block_1_14' title="bbox 241 626 1023 658">
    <p class='ocr_par' dir='ltr' id='par_1_14' title="bbox 241 626 1023 658">
     <span class='ocr_line' id='line_1_14' title="bbox 241 626 1023 658; baseline -0.001 -4"><span class='ocrx_word' id='word_1_77' title='bbox 241 627 270 655; x_wconf 91' lang='lat' dir='ltr'><strong>Si</strong></span> <span class='ocrx_word' id='word_1_78' title='bbox 286 627 411 654; x_wconf 86' lang='lat' dir='ltr'><strong>Silvestri</strong></span> <span class='ocrx_word' id='word_1_79' title='bbox 434 634 575 655; x_wconf 84' lang='lat' dir='ltr'><strong>sermones</strong></span> <span class='ocrx_word' id='word_1_80' title='bbox 595 626 750 658; x_wconf 82' lang='lat' dir='ltr'><strong>admittitis,</strong></span> <span class='ocrx_word' id='word_1_81' title='bbox 772 634 884 654; x_wconf 85' lang='lat' dir='ltr'><strong>necesse</strong></span> <span class='ocrx_word' id='word_1_82' title='bbox 911 631 953 653; x_wconf 89' lang='lat' dir='ltr'><strong>est</strong></span> <span class='ocrx_word' id='word_1_83' title='bbox 973 634 1023 654; x_wconf 78' lang='lat' dir='ltr'><strong>vos</strong></span> 
     </span>
    </p>
   </div>
   <div class='ocr_carea' id='block_1_15' title="bbox 238 670 1026 707">
    <p class='ocr_par' dir='ltr' id='par_1_15' title="bbox 238 670 1026 707">
     <span class='ocr_line' id='line_1_15' title="bbox 238 670 1026 707; baseline -0.001 -8"><span class='ocrx_word' id='word_1_84' title='bbox 238 672 312 707; x_wconf 80' lang='lat' dir='ltr'><strong>leges</strong></span> <span class='ocrx_word' id='word_1_85' title='bbox 343 671 477 706; x_wconf 84' lang='lat' dir='ltr'><strong>majorum</strong></span> <span class='ocrx_word' id='word_1_86' title='bbox 513 675 667 699; x_wconf 87' lang='lat' dir='ltr'><strong>vestrorum</strong></span> <span class='ocrx_word' id='word_1_87' title='bbox 696 670 833 702; x_wconf 83' lang='lat' dir='ltr'><strong>deserere,</strong></span> <span class='ocrx_word' id='word_1_88' title='bbox 870 678 1026 705; x_wconf 86' lang='lat' dir='ltr'><strong>vanumque</strong></span> 
     </span>
    </p>
   </div>
   <div class='ocr_carea' id='block_1_16' title="bbox 239 715 1024 752">
    <p class='ocr_par' dir='ltr' id='par_1_16' title="bbox 239 715 1024 752">
     <span class='ocr_line' id='line_1_16' title="bbox 239 715 1024 752; baseline -0.003 -8"><span class='ocrx_word' id='word_1_89' title='bbox 239 717 379 745; x_wconf 84' lang='lat' dir='ltr'><strong>hominem</strong></span> <span class='ocrx_word' id='word_1_90' title='bbox 396 716 484 752; x_wconf 88' lang='lat' dir='ltr'><strong>sequi,</strong></span> <span class='ocrx_word' id='word_1_91' title='bbox 500 725 580 752; x_wconf 88' lang='lat' dir='ltr'><strong>quem</strong></span> <span class='ocrx_word' id='word_1_92' title='bbox 593 717 630 744; x_wconf 91' lang='lat' dir='ltr'><strong>illi</strong></span> <span class='ocrx_word' id='word_1_93' title='bbox 643 721 731 744; x_wconf 87' lang='lat' dir='ltr'><strong>morte</strong></span> <span class='ocrx_word' id='word_1_94' title='bbox 744 716 904 744; x_wconf 64' lang='lat' dir='ltr'><strong>multarunt;</strong></span> <span class='ocrx_word' id='word_1_95' title='bbox 922 715 1024 743; x_wconf 75' lang='lat' dir='ltr'><strong>Verum</strong></span> 
     </span>
    </p>
   </div>
   <div class='ocr_carea' id='block_1_17' title="bbox 241 763 1025 798">
    <p class='ocr_par' dir='ltr' id='par_1_17' title="bbox 241 763 1025 798">
     <span class='ocr_line' id='line_1_17' title="bbox 241 763 1025 798; baseline -0.001 -7"><span class='ocrx_word' id='word_1_96' title='bbox 241 763 469 798; x_wconf 81' lang='lat' dir='ltr'><strong>niihiimperator</strong></span> <span class='ocrx_word' id='word_1_97' title='bbox 482 763 661 798; x_wconf 83' lang='lat' dir='ltr'><strong>obsequatur,</strong></span> <span class='ocrx_word' id='word_1_98' title='bbox 684 763 832 798; x_wconf 79' lang='lat' dir='ltr'><strong>iubeatque</strong></span> <span class='ocrx_word' id='word_1_99' title='bbox 850 763 936 790; x_wconf 82' lang='lat' dir='ltr'><strong>ferum</strong></span> <span class='ocrx_word' id='word_1_100' title='bbox 963 767 1025 790; x_wconf 87' lang='lat' dir='ltr'><strong>tau-</strong></span> 
     </span>
    </p>
   </div>
   <div class='ocr_carea' id='block_1_18' title="bbox 240 809 1024 845">
    <p class='ocr_par' dir='ltr' id='par_1_18' title="bbox 240 809 1024 845">
     <span class='ocr_line' id='line_1_18' title="bbox 240 809 1024 845; baseline -0.003 -7"><span class='ocrx_word' id='word_1_101' title='bbox 240 818 303 838; x_wconf 88' lang='lat' dir='ltr'><strong>rum</strong></span> <span class='ocrx_word' id='word_1_102' title='bbox 335 809 445 842; x_wconf 87' lang='lat' dir='ltr'><strong>adduci,</strong></span> <span class='ocrx_word' id='word_1_103' title='bbox 481 814 511 837; x_wconf 89' lang='lat' dir='ltr'><strong>ut</strong></span> <span class='ocrx_word' id='word_1_104' title='bbox 536 810 587 837; x_wconf 88' lang='lat' dir='ltr'><strong>hae</strong></span> <span class='ocrx_word' id='word_1_105' title='bbox 617 817 667 845; x_wconf 78' lang='lat' dir='ltr'><strong>ego</strong></span> <span class='ocrx_word' id='word_1_106' title='bbox 691 809 735 837; x_wconf 91' lang='lat' dir='ltr'><strong>die</strong></span> <span class='ocrx_word' id='word_1_107' title='bbox 764 816 857 836; x_wconf 89' lang='lat' dir='ltr'><strong>coram</strong></span> <span class='ocrx_word' id='word_1_108' title='bbox 881 809 1024 837; x_wconf 85' lang='lat' dir='ltr'><strong>ostendam</strong></span> 
     </span>
    </p>
   </div>
   <div class='ocr_carea' id='block_1_19' title="bbox 241 854 1023 892">
    <p class='ocr_par' dir='ltr' id='par_1_19' title="bbox 241 854 1023 892">
     <span class='ocr_line' id='line_1_19' title="bbox 241 854 1023 892; baseline -0.001 -9"><span class='ocrx_word' id='word_1_109' title='bbox 241 860 343 892; x_wconf 88' lang='lat' dir='ltr'><strong>quanta</strong></span> <span class='ocrx_word' id='word_1_110' title='bbox 362 856 404 884; x_wconf 87' lang='lat' dir='ltr'><strong>vis</strong></span> <span class='ocrx_word' id='word_1_111' title='bbox 416 856 453 884; x_wconf 85' lang='lat' dir='ltr'><strong>sit</strong></span> <span class='ocrx_word' id='word_1_112' title='bbox 467 856 570 883; x_wconf 88' lang='lat' dir='ltr'><strong>nomini</strong></span> <span class='ocrx_word' id='word_1_113' title='bbox 591 854 639 882; x_wconf 88' lang='lat' dir='ltr'><strong>Dei</strong></span> <span class='ocrx_word' id='word_1_114' title='bbox 658 855 756 883; x_wconf 86' lang='lat' dir='ltr'><strong>nostri.</strong></span> <span class='ocrx_word' id='word_1_115' title='bbox 767 854 828 882; x_wconf 89' lang='lat' dir='ltr'><strong>Non</strong></span> <span class='ocrx_word' id='word_1_116' title='bbox 844 855 915 882; x_wconf 77' lang='lat' dir='ltr'><strong>enim</strong></span> <span class='ocrx_word' id='word_1_117' title='bbox 931 854 1023 882; x_wconf 84' lang='lat' dir='ltr'><strong>verbis</strong></span> 
     </span>
    </p>
   </div>
   <div class='ocr_carea' id='block_1_20' title="bbox 241 899 1024 934">
    <p class='ocr_par' dir='ltr' id='par_1_20' title="bbox 241 899 1024 934">
     <span class='ocr_line' id='line_1_20' title="bbox 241 899 1024 934; baseline -0.004 -5"><span class='ocrx_word' id='word_1_118' title='bbox 241 901 288 929; x_wconf 74' lang='lat' dir='ltr'><strong>srd</strong></span> <span class='ocrx_word' id='word_1_119' title='bbox 308 901 388 929; x_wconf 80' lang='lat' dir='ltr'><strong>factis</strong></span> <span class='ocrx_word' id='word_1_120' title='bbox 404 901 544 928; x_wconf 78' lang='lat' dir='ltr'><strong>veritatem</strong></span> <span class='ocrx_word' id='word_1_121' title='bbox 562 899 766 928; x_wconf 83' lang='lat' dir='ltr'><strong>demonstrabo.</strong></span> <span class='ocrx_word' id='word_1_122' title='bbox 784 899 916 927; x_wconf 85' lang='lat' dir='ltr'><strong>Silvester</strong></span> <span class='ocrx_word' id='word_1_123' title='bbox 938 899 1024 934; x_wconf 84' lang='lat' dir='ltr'><strong>impe-</strong></span> 
     </span>
    </p>
   </div>
   <div class='ocr_carea' id='block_1_21' title="bbox 241 946 1024 982">
    <p class='ocr_par' dir='ltr' id='par_1_21' title="bbox 241 946 1024 982">
     <span class='ocr_line' id='line_1_21' title="bbox 241 946 1024 982; baseline -0.003 -6"><span class='ocrx_word' id='word_1_124' title='bbox 241 953 361 976; x_wconf 83' lang='lat' dir='ltr'><strong>ratorem</strong></span> <span class='ocrx_word' id='word_1_125' title='bbox 375 949 501 976; x_wconf 86' lang='lat' dir='ltr'><strong>hortatus</strong></span> <span class='ocrx_word' id='word_1_126' title='bbox 512 951 541 976; x_wconf 92' lang='lat' dir='ltr'><strong>ut</strong></span> <span class='ocrx_word' id='word_1_127' title='bbox 557 951 666 975; x_wconf 87' lang='lat' dir='ltr'><strong>taurum</strong></span> <span class='ocrx_word' id='word_1_128' title='bbox 681 948 763 974; x_wconf 88' lang='lat' dir='ltr'><strong>talem</strong></span> <span class='ocrx_word' id='word_1_129' title='bbox 779 946 889 982; x_wconf 88' lang='lat' dir='ltr'><strong>juberet</strong></span> <span class='ocrx_word' id='word_1_130' title='bbox 914 947 1024 980; x_wconf 88' lang='lat' dir='ltr'><strong>adduci,</strong></span> 
     </span>
    </p>
   </div>
   <div class='ocr_carea' id='block_1_22' title="bbox 242 993 1024 1028">
    <p class='ocr_par' dir='ltr' id='par_1_22' title="bbox 242 993 1024 1028">
     <span class='ocr_line' id='line_1_22' title="bbox 242 993 1024 1028; baseline -0.003 -7"><span class='ocrx_word' id='word_1_131' title='bbox 242 995 352 1022; x_wconf 76' lang='lat' dir='ltr'><strong>interim</strong></span> <span class='ocrx_word' id='word_1_132' title='bbox 373 993 515 1022; x_wconf 80' lang='lat' dir='ltr'><strong>Zambrem</strong></span> <span class='ocrx_word' id='word_1_133' title='bbox 535 993 686 1028; x_wconf 79' lang='lat' dir='ltr'><strong>interrogat</strong></span> <span class='ocrx_word' id='word_1_134' title='bbox 703 1001 751 1021; x_wconf 87' lang='lat' dir='ltr'><strong>cur</strong></span> <span class='ocrx_word' id='word_1_135' title='bbox 767 996 876 1020; x_wconf 90' lang='lat' dir='ltr'><strong>taurum</strong></span> <span class='ocrx_word' id='word_1_136' title='bbox 893 993 1024 1028; x_wconf 86' lang='lat' dir='ltr'><strong>requirat.</strong></span> 
     </span>
    </p>
   </div>
   <div class='ocr_carea' id='block_1_23' title="bbox 241 1037 1026 1072">
    <p class='ocr_par' dir='ltr' id='par_1_23' title="bbox 241 1037 1026 1072">
     <span class='ocr_line' id='line_1_23' title="bbox 241 1037 1026 1072; baseline -0.004 -5"><span class='ocrx_word' id='word_1_137' title='bbox 241 1040 390 1068; x_wconf 86' lang='lat' dir='ltr'><strong>Zambres:</strong></span> <span class='ocrx_word' id='word_1_138' title='bbox 407 1039 475 1072; x_wconf 86' lang='lat' dir='ltr'><strong>Quia</strong></span> <span class='ocrx_word' id='word_1_139' title='bbox 498 1046 596 1067; x_wconf 88' lang='lat' dir='ltr'><strong>nomen</strong></span> <span class='ocrx_word' id='word_1_140' title='bbox 620 1039 706 1066; x_wconf 88' lang='lat' dir='ltr'><strong>nostri</strong></span> <span class='ocrx_word' id='word_1_141' title='bbox 731 1037 779 1066; x_wconf 85' lang='lat' dir='ltr'><strong>Dei</strong></span> <span class='ocrx_word' id='word_1_142' title='bbox 801 1038 875 1065; x_wconf 87' lang='lat' dir='ltr'><strong>nulla</strong></span> <span class='ocrx_word' id='word_1_143' title='bbox 901 1042 1026 1065; x_wconf 82' lang='lat' dir='ltr'><strong>creatura</strong></span> 
     </span>
    </p>
   </div>
   <div class='ocr_carea' id='block_1_24' title="bbox 242 1082 1028 1121">
    <p class='ocr_par' dir='ltr' id='par_1_24' title="bbox 242 1082 1028 1121">
     <span class='ocr_line' id='line_1_24' title="bbox 242 1082 1028 1121; baseline -0.006 -7"><span class='ocrx_word' id='word_1_144' title='bbox 242 1086 338 1114; x_wconf 91' lang='lat' dir='ltr'><strong>audire</strong></span> <span class='ocrx_word' id='word_1_145' title='bbox 351 1088 440 1121; x_wconf 87' lang='lat' dir='ltr'><strong>potest</strong></span> <span class='ocrx_word' id='word_1_146' title='bbox 454 1085 521 1120; x_wconf 81' lang='lat' dir='ltr'><strong>quiti</strong></span> <span class='ocrx_word' id='word_1_147' title='bbox 537 1085 681 1116; x_wconf 86' lang='lat' dir='ltr'><strong>moriatur,</strong></span> <span class='ocrx_word' id='word_1_148' title='bbox 693 1083 755 1112; x_wconf 90' lang='lat' dir='ltr'><strong>volo</strong></span> <span class='ocrx_word' id='word_1_149' title='bbox 779 1083 840 1118; x_wconf 84' lang='lat' dir='ltr'><strong>ejus</strong></span> <span class='ocrx_word' id='word_1_150' title='bbox 855 1083 908 1110; x_wconf 86' lang='lat' dir='ltr'><strong>vim</strong></span> <span class='ocrx_word' id='word_1_151' title='bbox 930 1083 958 1110; x_wconf 89' lang='lat' dir='ltr'><strong>in</strong></span> <span class='ocrx_word' id='word_1_152' title='bbox 977 1082 1028 1109; x_wconf 89' lang='lat' dir='ltr'><strong>hoc</strong></span> 
     </span>
    </p>
   </div>
   <div class='ocr_carea' id='block_1_25' title="bbox 243 1128 1027 1167">
    <p class='ocr_par' dir='ltr' id='par_1_25' title="bbox 243 1128 1027 1167">
     <span class='ocr_line' id='line_1_25' title="bbox 243 1128 1027 1167; baseline -0.006 -7"><span class='ocrx_word' id='word_1_153' title='bbox 243 1138 321 1160; x_wconf 87' lang='lat' dir='ltr'><strong>tauro</strong></span> <span class='ocrx_word' id='word_1_154' title='bbox 335 1135 428 1167; x_wconf 89' lang='lat' dir='ltr'><strong>aperte</strong></span> <span class='ocrx_word' id='word_1_155' title='bbox 441 1135 605 1158; x_wconf 88' lang='lat' dir='ltr'><strong>monstrare.</strong></span> <span class='ocrx_word' id='word_1_156' title='bbox 623 1130 757 1157; x_wconf 86' lang='lat' dir='ltr'><strong>Silvester</strong></span> <span class='ocrx_word' id='word_1_157' title='bbox 771 1138 778 1158; x_wconf 90' lang='lat'><strong>:</strong></span> <span class='ocrx_word' id='word_1_158' title='bbox 797 1128 941 1162; x_wconf 86' lang='lat' dir='ltr'><strong>Quomodo</strong></span> <span class='ocrx_word' id='word_1_159' title='bbox 963 1136 1027 1164; x_wconf 83' lang='lat' dir='ltr'><strong>ergo</strong></span> 
     </span>
    </p>
   </div>
   <div class='ocr_carea' id='block_1_26' title="bbox 242 1174 1028 1211">
    <p class='ocr_par' dir='ltr' id='par_1_26' title="bbox 242 1174 1028 1211">
     <span class='ocr_line' id='line_1_26' title="bbox 242 1174 1028 1211; baseline -0.005 -6"><span class='ocrx_word' id='word_1_160' title='bbox 242 1177 310 1206; x_wconf 91' lang='lat' dir='ltr'><strong>illud</strong></span> <span class='ocrx_word' id='word_1_161' title='bbox 324 1185 422 1205; x_wconf 89' lang='lat' dir='ltr'><strong>nomen</strong></span> <span class='ocrx_word' id='word_1_162' title='bbox 434 1182 462 1204; x_wconf 90' lang='lat' dir='ltr'><strong>tu</strong></span> <span class='ocrx_word' id='word_1_163' title='bbox 477 1176 623 1204; x_wconf 87' lang='lat' dir='ltr'><strong>didicisti?</strong></span> <span class='ocrx_word' id='word_1_164' title='bbox 635 1175 674 1202; x_wconf 83' lang='lat' dir='ltr'><strong>Ex</strong></span> <span class='ocrx_word' id='word_1_165' title='bbox 689 1175 816 1211; x_wconf 89' lang='lat' dir='ltr'><strong>aliquone</strong></span> <span class='ocrx_word' id='word_1_166' title='bbox 829 1175 856 1202; x_wconf 92' lang='lat' dir='ltr'><strong>id</strong></span> <span class='ocrx_word' id='word_1_167' title='bbox 870 1174 970 1202; x_wconf 87' lang='lat' dir='ltr'><strong>audisti</strong></span> <span class='ocrx_word' id='word_1_168' title='bbox 982 1177 1028 1201; x_wconf 87' lang='lat' dir='ltr'><strong>aut</strong></span> 
     </span>
    </p>
   </div>
   <div class='ocr_carea' id='block_1_27' title="bbox 244 1220 1028 1259">
    <p class='ocr_par' dir='ltr' id='par_1_27' title="bbox 244 1220 1028 1259">
     <span class='ocr_line' id='line_1_27' title="bbox 244 1220 1028 1259; baseline -0.006 -8"><span class='ocrx_word' id='word_1_169' title='bbox 244 1223 351 1259; x_wconf 80' lang='lat' dir='ltr'><strong>legisti?</strong></span> <span class='ocrx_word' id='word_1_170' title='bbox 366 1223 516 1251; x_wconf 88' lang='lat' dir='ltr'><strong>Zambres:</strong></span> <span class='ocrx_word' id='word_1_171' title='bbox 531 1221 623 1257; x_wconf 85' lang='lat' dir='ltr'><strong>Neque</strong></span> <span class='ocrx_word' id='word_1_172' title='bbox 637 1221 731 1249; x_wconf 85' lang='lat' dir='ltr'><strong>charta</strong></span> <span class='ocrx_word' id='word_1_173' title='bbox 750 1229 840 1256; x_wconf 90' lang='lat' dir='ltr'><strong>neque</strong></span> <span class='ocrx_word' id='word_1_174' title='bbox 854 1220 923 1255; x_wconf 87' lang='lat' dir='ltr'><strong>lapis</strong></span> <span class='ocrx_word' id='word_1_175' title='bbox 939 1227 1028 1255; x_wconf 86' lang='lat' dir='ltr'><strong>neque</strong></span> 
     </span>
    </p>
   </div>
   <div class='ocr_carea' id='block_1_28' title="bbox 242 1266 1028 1305">
    <p class='ocr_par' dir='ltr' id='par_1_28' title="bbox 242 1266 1028 1305">
     <span class='ocr_line' id='line_1_28' title="bbox 242 1266 1028 1305; baseline -0.006 -9"><span class='ocrx_word' id='word_1_176' title='bbox 242 1270 347 1305; x_wconf 80' lang='lat' dir='ltr'><strong>lignum</strong></span> <span class='ocrx_word' id='word_1_177' title='bbox 365 1269 423 1303; x_wconf 88' lang='lat' dir='ltr'><strong>ejus</strong></span> <span class='ocrx_word' id='word_1_178' title='bbox 440 1268 562 1295; x_wconf 92' lang='lat' dir='ltr'><strong>nominis</strong></span> <span class='ocrx_word' id='word_1_179' title='bbox 591 1271 634 1295; x_wconf 85' lang='lat' dir='ltr'><strong>est</strong></span> <span class='ocrx_word' id='word_1_180' title='bbox 646 1275 742 1302; x_wconf 86' lang='lat' dir='ltr'><strong>capax.</strong></span> <span class='ocrx_word' id='word_1_181' title='bbox 771 1266 827 1301; x_wconf 83' lang='lat' dir='ltr'><strong>Ego</strong></span> <span class='ocrx_word' id='word_1_182' title='bbox 855 1270 945 1293; x_wconf 87' lang='lat' dir='ltr'><strong>autem</strong></span> <span class='ocrx_word' id='word_1_183' title='bbox 966 1272 1028 1292; x_wconf 89' lang='lat' dir='ltr'><strong>cum</strong></span> 
     </span>
    </p>
   </div>
   <div class='ocr_carea' id='block_1_29' title="bbox 241 1311 1030 1350">
    <p class='ocr_par' dir='ltr' id='par_1_29' title="bbox 241 1311 1030 1350">
     <span class='ocr_line' id='line_1_29' title="bbox 241 1311 1030 1350; baseline -0.006 -9"><span class='ocrx_word' id='word_1_184' title='bbox 241 1315 423 1350; x_wconf 82' lang='lat' dir='ltr'><strong>jejunassem,</strong></span> <span class='ocrx_word' id='word_1_185' title='bbox 439 1313 466 1340; x_wconf 92' lang='lat' dir='ltr'><strong>in</strong></span> <span class='ocrx_word' id='word_1_186' title='bbox 484 1316 640 1348; x_wconf 80' lang='lat' dir='ltr'><strong>argenteam</strong></span> <span class='ocrx_word' id='word_1_187' title='bbox 656 1312 754 1347; x_wconf 89' lang='lat' dir='ltr'><strong>pelvim</strong></span> <span class='ocrx_word' id='word_1_188' title='bbox 779 1319 877 1338; x_wconf 85' lang='lat' dir='ltr'><strong>novam</strong></span> <span class='ocrx_word' id='word_1_189' title='bbox 905 1311 1030 1337; x_wconf 86' lang='lat' dir='ltr'><strong>immissa</strong></span> 
     </span>
    </p>
   </div>
   <div class='ocr_carea' id='block_1_30' title="bbox 244 1357 1029 1397">
    <p class='ocr_par' dir='ltr' id='par_1_30' title="bbox 244 1357 1029 1397">
     <span class='ocr_line' id='line_1_30' title="bbox 244 1357 1029 1397; baseline -0.006 -9"><span class='ocrx_word' id='word_1_190' title='bbox 244 1369 313 1397; x_wconf 80' lang='lat' dir='ltr'><strong>aqua</strong></span> <span class='ocrx_word' id='word_1_191' title='bbox 331 1361 356 1388; x_wconf 92' lang='lat' dir='ltr'><strong>id</strong></span> <span class='ocrx_word' id='word_1_192' title='bbox 373 1360 503 1388; x_wconf 85' lang='lat' dir='ltr'><strong>addidici.</strong></span> <span class='ocrx_word' id='word_1_193' title='bbox 531 1359 580 1387; x_wconf 88' lang='lat' dir='ltr'><strong>llis</strong></span> <span class='ocrx_word' id='word_1_194' title='bbox 600 1359 680 1386; x_wconf 87' lang='lat' dir='ltr'><strong>dictis</strong></span> <span class='ocrx_word' id='word_1_195' title='bbox 707 1357 788 1386; x_wconf 91' lang='lat' dir='ltr'><strong>simul</strong></span> <span class='ocrx_word' id='word_1_196' title='bbox 811 1358 892 1385; x_wconf 88' lang='lat' dir='ltr'><strong>etiam</strong></span> <span class='ocrx_word' id='word_1_197' title='bbox 920 1360 1029 1383; x_wconf 89' lang='lat' dir='ltr'><strong>taurum</strong></span> 
     </span>
    </p>
   </div>
   <div class='ocr_carea' id='block_1_31' title="bbox 246 1403 1031 1441">
    <p class='ocr_par' dir='ltr' id='par_1_31' title="bbox 246 1403 1031 1441">
     <span class='ocr_line' id='line_1_31' title="bbox 246 1403 1031 1441; baseline -0.006 -6"><span class='ocrx_word' id='word_1_198' title='bbox 246 1408 323 1435; x_wconf 91' lang='lat' dir='ltr'><strong>multi</strong></span> <span class='ocrx_word' id='word_1_199' title='bbox 338 1407 389 1434; x_wconf 90' lang='lat' dir='ltr'><strong>viri</strong></span> <span class='ocrx_word' id='word_1_200' title='bbox 405 1406 527 1441; x_wconf 88' lang='lat' dir='ltr'><strong>undique</strong></span> <span class='ocrx_word' id='word_1_201' title='bbox 541 1405 652 1432; x_wconf 83' lang='lat' dir='ltr'><strong>funibus</strong></span> <span class='ocrx_word' id='word_1_202' title='bbox 674 1404 796 1432; x_wconf 90' lang='lat' dir='ltr'><strong>vinctum</strong></span> <span class='ocrx_word' id='word_1_203' title='bbox 811 1403 892 1439; x_wconf 67' lang='lat'><strong>492</strong></span> <span class='ocrx_word' id='word_1_204' title='bbox 913 1406 1031 1430; x_wconf 78' lang='lat' dir='ltr'><strong>attraxe-</strong></span> 
     </span>
    </p>
   </div>
   <div class='ocr_carea' id='block_1_32' title="bbox 247 1449 1031 1486">
    <p class='ocr_par' dir='ltr' id='par_1_32' title="bbox 247 1449 1031 1486">
     <span class='ocr_line' id='line_1_32' title="bbox 247 1449 1031 1486; baseline -0.006 -6"><span class='ocrx_word' id='word_1_205' title='bbox 247 1457 321 1484; x_wconf 86' lang='lat' dir='ltr'><strong>runt,</strong></span> <span class='ocrx_word' id='word_1_206' title='bbox 336 1452 505 1480; x_wconf 81' lang='lat' dir='ltr'><strong>ferissimum</strong></span> <span class='ocrx_word' id='word_1_207' title='bbox 535 1459 566 1479; x_wconf 89' lang='lat' dir='ltr'><strong>ac</strong></span> <span class='ocrx_word' id='word_1_208' title='bbox 582 1451 783 1486; x_wconf 68' lang='lat' dir='ltr'><strong>praegrandem.</strong></span> <span class='ocrx_word' id='word_1_209' title='bbox 809 1449 846 1476; x_wconf 92' lang='lat' dir='ltr'><strong>lbi</strong></span> <span class='ocrx_word' id='word_1_210' title='bbox 868 1449 1031 1476; x_wconf 86' lang='lat' dir='ltr'><strong>Silvestrum</strong></span> 
     </span>
    </p>
   </div>
   <div class='ocr_carea' id='block_1_33' title="bbox 247 1495 1033 1530">
    <p class='ocr_par' dir='ltr' id='par_1_33' title="bbox 247 1495 1033 1530">
     <span class='ocr_line' id='line_1_33' title="bbox 247 1495 1033 1530; baseline -0.006 -4"><span class='ocrx_word' id='word_1_211' title='bbox 247 1500 421 1526; x_wconf 86' lang='lat' dir='ltr'><strong>subsannans</strong></span> <span class='ocrx_word' id='word_1_212' title='bbox 436 1497 577 1530; x_wconf 82' lang='lat' dir='ltr'><strong>Zambres,</strong></span> <span class='ocrx_word' id='word_1_213' title='bbox 589 1497 738 1529; x_wconf 88' lang='lat' dir='ltr'><strong>Nunc,ail,</strong></span> <span class='ocrx_word' id='word_1_214' title='bbox 752 1495 842 1523; x_wconf 77' lang='lat' dir='ltr'><strong>verbis</strong></span> <span class='ocrx_word' id='word_1_215' title='bbox 856 1495 910 1522; x_wconf 87' lang='lat' dir='ltr'><strong>tuis</strong></span> <span class='ocrx_word' id='word_1_216' title='bbox 925 1502 1033 1523; x_wconf 89' lang='lat' dir='ltr'><strong>eorum-</strong></span> 
     </span>
    </p>
   </div>
   <div class='ocr_carea' id='block_1_34' title="bbox 1118 436 1864 474">
    <p class='ocr_par' dir='ltr' id='par_1_34' title="bbox 1118 436 1864 474">
     <span class='ocr_line' id='line_1_34' title="bbox 1118 436 1864 474; baseline -0.008 -6"><span class='ocrx_word' id='word_1_217' title='bbox 1118 442 1180 468; x_wconf 77' lang='grc' dir='ltr'><strong>Ἐπὶ</strong></span> <span class='ocrx_word' id='word_1_218' title='bbox 1197 440 1263 467; x_wconf 83' lang='grc' dir='ltr'>πολὺ</span> <span class='ocrx_word' id='word_1_219' title='bbox 1279 438 1325 467; x_wconf 71' lang='grc' dir='ltr'>οὖν</span> <span class='ocrx_word' id='word_1_220' title='bbox 1337 439 1524 474; x_wconf 77' lang='grc' dir='ltr'><strong>διαλεχθέντος</strong></span> <span class='ocrx_word' id='word_1_221' title='bbox 1534 437 1581 464; x_wconf 84' lang='grc' dir='ltr'><strong>τοῦ</strong></span> <span class='ocrx_word' id='word_1_222' title='bbox 1596 437 1674 471; x_wconf 83' lang='grc' dir='ltr'>ἁγίου</span> <span class='ocrx_word' id='word_1_223' title='bbox 1688 436 1864 470; x_wconf 74' lang='grc' dir='ltr'>Σιλδέστρου,</span> 
     </span>
    </p>
   </div>
   <div class='ocr_carea' id='block_1_35' title="bbox 1077 482 1866 522">
    <p class='ocr_par' dir='ltr' id='par_1_35' title="bbox 1077 482 1866 522">
     <span class='ocr_line' id='line_1_35' title="bbox 1077 482 1866 522; baseline -0.009 -7"><span class='ocrx_word' id='word_1_224' title='bbox 1077 488 1123 515; x_wconf 71' lang='grc' dir='ltr'><strong>καὶ</strong></span> <span class='ocrx_word' id='word_1_225' title='bbox 1139 488 1187 514; x_wconf 82' lang='grc' dir='ltr'><strong>σὺν</strong></span> <span class='ocrx_word' id='word_1_226' title='bbox 1200 486 1284 521; x_wconf 86' lang='grc' dir='ltr'>πολλῇ</span> <span class='ocrx_word' id='word_1_227' title='bbox 1297 485 1424 522; x_wconf 77' lang='grc' dir='ltr'>ἀκριϐείᾳ</span> <span class='ocrx_word' id='word_1_228' title='bbox 1439 483 1648 514; x_wconf 77' lang='grc' dir='ltr'><strong>ἀποδεικνύντος</strong></span> <span class='ocrx_word' id='word_1_229' title='bbox 1663 484 1695 509; x_wconf 78' lang='grc' dir='ltr'>ἐκ</span> <span class='ocrx_word' id='word_1_230' title='bbox 1709 482 1764 509; x_wconf 87' lang='grc' dir='ltr'>τῶν</span> <span class='ocrx_word' id='word_1_231' title='bbox 1784 482 1866 508; x_wconf 81' lang='grc' dir='ltr'>θείων</span> 
     </span>
    </p>
   </div>
   <div class='ocr_carea' id='block_1_36' title="bbox 1077 527 1866 569">
    <p class='ocr_par' dir='ltr' id='par_1_36' title="bbox 1077 527 1866 569">
     <span class='ocr_line' id='line_1_36' title="bbox 1077 527 1866 569; baseline -0.01 -8"><span class='ocrx_word' id='word_1_232' title='bbox 1077 534 1096 560; x_wconf 84' lang='grc' dir='ltr'><strong><em>Γ</em></strong></span> <span class='ocrx_word' id='word_1_233' title='bbox 1099 533 1192 569; x_wconf 84' lang='grc' dir='ltr'>ραφῶν</span> <span class='ocrx_word' id='word_1_234' title='bbox 1215 533 1250 560; x_wconf 83' lang='grc' dir='ltr'>τὰ</span> <span class='ocrx_word' id='word_1_235' title='bbox 1266 532 1330 567; x_wconf 75' lang='grc' dir='ltr'>περὶ</span> <span class='ocrx_word' id='word_1_236' title='bbox 1351 530 1397 558; x_wconf 87' lang='grc' dir='ltr'><strong>τοῦ</strong></span> <span class='ocrx_word' id='word_1_237' title='bbox 1419 529 1550 565; x_wconf 84' lang='grc' dir='ltr'><strong>Χριστοῦ,</strong></span> <span class='ocrx_word' id='word_1_238' title='bbox 1577 529 1625 555; x_wconf 75' lang='grc' dir='ltr'>καὶ</span> <span class='ocrx_word' id='word_1_239' title='bbox 1651 527 1705 554; x_wconf 86' lang='grc' dir='ltr'>τῶν</span> <span class='ocrx_word' id='word_1_240' title='bbox 1729 527 1866 554; x_wconf 77' lang='grc' dir='ltr'><strong>Ἰουδαίων</strong></span> 
     </span>
    </p>
   </div>
   <div class='ocr_carea' id='block_1_37' title="bbox 1078 573 1855 614">
    <p class='ocr_par' dir='ltr' id='par_1_37' title="bbox 1078 573 1855 614">
     <span class='ocr_line' id='line_1_37' title="bbox 1078 573 1855 614; baseline -0.009 -8"><span class='ocrx_word' id='word_1_241' title='bbox 1078 579 1201 614; x_wconf 77' lang='grc' dir='ltr'><strong>μεγάλως</strong></span> <span class='ocrx_word' id='word_1_242' title='bbox 1226 577 1408 613; x_wconf 80' lang='grc' dir='ltr'>ἡττηθέντων,</span> <span class='ocrx_word' id='word_1_243' title='bbox 1439 575 1491 610; x_wconf 76' lang='grc' dir='ltr'>ἔφη</span> <span class='ocrx_word' id='word_1_244' title='bbox 1514 583 1556 606; x_wconf 84' lang='grc' dir='ltr'><strong>τις</strong></span> <span class='ocrx_word' id='word_1_245' title='bbox 1583 574 1613 606; x_wconf 79' lang='grc' dir='ltr'>ἐξ</span> <span class='ocrx_word' id='word_1_246' title='bbox 1636 573 1727 601; x_wconf 83' lang='grc' dir='ltr'>αὐτῶν</span> <span class='ocrx_word' id='word_1_247' title='bbox 1752 573 1855 607; x_wconf 80' lang='grc' dir='ltr'>ὀνὸματ</span> 
     </span>
    </p>
   </div>
   <div class='ocr_carea' id='block_1_38' title="bbox 1075 618 1854 660">
    <p class='ocr_par' dir='ltr' id='par_1_38' title="bbox 1075 618 1854 660">
     <span class='ocr_line' id='line_1_38' title="bbox 1075 618 1854 660; baseline -0.01 -8"><span class='ocrx_word' id='word_1_248' title='bbox 1075 624 1206 660; x_wconf 80' lang='grc' dir='ltr'>Ζαμϐρῆς</span> <span class='ocrx_word' id='word_1_249' title='bbox 1224 623 1292 660; x_wconf 73' lang='grc' dir='ltr'>πρὸς</span> <span class='ocrx_word' id='word_1_250' title='bbox 1307 622 1369 653; x_wconf 84' lang='grc' dir='ltr'>τοὺς</span> <span class='ocrx_word' id='word_1_251' title='bbox 1389 622 1499 652; x_wconf 81' lang='grc' dir='ltr'>λοιποὺς</span> <span class='ocrx_word' id='word_1_252' title='bbox 1525 619 1687 651; x_wconf 77' lang='grc' dir='ltr'>Ἰουδαίους⁶</span> <span class='ocrx_word' id='word_1_253' title='bbox 1714 619 1745 646; x_wconf 76' lang='lat' dir='ltr'><strong>EE</strong></span> <span class='ocrx_word' id='word_1_254' title='bbox 1774 618 1854 644; x_wconf 80' lang='grc' dir='ltr'>Σιλσέ</span> 
     </span>
    </p>
   </div>
   <div class='ocr_carea' id='block_1_39' title="bbox 1075 665 1867 706">
    <p class='ocr_par' dir='ltr' id='par_1_39' title="bbox 1075 665 1867 706">
     <span class='ocr_line' id='line_1_39' title="bbox 1075 665 1867 706; baseline -0.009 -8"><span class='ocrx_word' id='word_1_255' title='bbox 1075 680 1156 706; x_wconf 89' lang='grc' dir='ltr'>στρου</span> <span class='ocrx_word' id='word_1_256' title='bbox 1183 671 1273 704; x_wconf 80' lang='grc' dir='ltr'><strong>λόγοις</strong></span> <span class='ocrx_word' id='word_1_257' title='bbox 1302 669 1461 705; x_wconf 80' lang='grc' dir='ltr'>προσέχετε,</span> <span class='ocrx_word' id='word_1_258' title='bbox 1494 667 1601 701; x_wconf 80' lang='grc' dir='ltr'><strong>ἀνάγκη</strong></span> <span class='ocrx_word' id='word_1_259' title='bbox 1625 667 1689 697; x_wconf 80' lang='grc' dir='ltr'>τοὺς</span> <span class='ocrx_word' id='word_1_260' title='bbox 1720 665 1867 700; x_wconf 80' lang='grc' dir='ltr'><strong>πατρῴους</strong></span> 
     </span>
    </p>
   </div>
   <div class='ocr_carea' id='block_1_40' title="bbox 1074 710 1866 752">
    <p class='ocr_par' dir='ltr' id='par_1_40' title="bbox 1074 710 1866 752">
     <span class='ocr_line' id='line_1_40' title="bbox 1074 710 1866 752; baseline -0.011 -7"><span class='ocrx_word' id='word_1_261' title='bbox 1074 718 1173 752; x_wconf 85' lang='grc' dir='ltr'>νόμους</span> <span class='ocrx_word' id='word_1_262' title='bbox 1186 716 1346 743; x_wconf 81' lang='grc' dir='ltr'><strong>καταλιπεῖν</strong></span> <span class='ocrx_word' id='word_1_263' title='bbox 1360 715 1408 741; x_wconf 77' lang='grc' dir='ltr'>καὶ</span> <span class='ocrx_word' id='word_1_264' title='bbox 1424 712 1582 741; x_wconf 75' lang='grc' dir='ltr'>ἀκολουθεῖ-ι</span> <span class='ocrx_word' id='word_1_265' title='bbox 1596 710 1733 747; x_wconf 84' lang='grc' dir='ltr'><strong>ἀνθρώπῳ</strong></span> <span class='ocrx_word' id='word_1_266' title='bbox 1746 711 1866 746; x_wconf 76' lang='grc' dir='ltr'>ματαίῳ,</span> 
     </span>
    </p>
   </div>
   <div class='ocr_carea' id='block_1_41' title="bbox 1075 757 1868 797">
    <p class='ocr_par' dir='ltr' id='par_1_41' title="bbox 1075 757 1868 797">
     <span class='ocr_line' id='line_1_41' title="bbox 1075 757 1868 797; baseline -0.01 -7"><span class='ocrx_word' id='word_1_267' title='bbox 1075 764 1105 790; x_wconf 82' lang='grc' dir='ltr'><strong>ὃν</strong></span> <span class='ocrx_word' id='word_1_268' title='bbox 1127 764 1151 789; x_wconf 91' lang='grc' dir='ltr'>οἱ</span> <span class='ocrx_word' id='word_1_269' title='bbox 1176 763 1294 797; x_wconf 83' lang='grc' dir='ltr'><strong>πατέρες</strong></span> <span class='ocrx_word' id='word_1_270' title='bbox 1313 761 1393 796; x_wconf 82' lang='grc' dir='ltr'><strong>ἡμῶν</strong></span> <span class='ocrx_word' id='word_1_271' title='bbox 1409 758 1602 787; x_wconf 82' lang='grc' dir='ltr'><strong>κατεδίκασαν.</strong></span> <span class='ocrx_word' id='word_1_272' title='bbox 1629 757 1700 785; x_wconf 78' lang='grc' dir='ltr'>Ἀλλ’</span> <span class='ocrx_word' id='word_1_273' title='bbox 1722 757 1868 783; x_wconf 78' lang='grc' dir='ltr'><strong>ἀκουσάτω</strong></span> 
     </span>
    </p>
   </div>
   <div class='ocr_carea' id='block_1_42' title="bbox 1076 802 1868 845">
    <p class='ocr_par' dir='ltr' id='par_1_42' title="bbox 1076 802 1868 845">
     <span class='ocr_line' id='line_1_42' title="bbox 1076 802 1868 845; baseline -0.009 -10"><span class='ocrx_word' id='word_1_274' title='bbox 1076 818 1126 845; x_wconf 90' lang='grc' dir='ltr'><strong>μου</strong></span> <span class='ocrx_word' id='word_1_275' title='bbox 1142 810 1156 835; x_wconf 89' lang='grc' dir='ltr'><strong><em>ὁ</em></strong></span> <span class='ocrx_word' id='word_1_276' title='bbox 1172 808 1306 843; x_wconf 77' lang='grc' dir='ltr'>βασιλεὺς,</span> <span class='ocrx_word' id='word_1_277' title='bbox 1323 807 1370 834; x_wconf 82' lang='grc' dir='ltr'><strong>καὶ</strong></span> <span class='ocrx_word' id='word_1_278' title='bbox 1389 806 1526 841; x_wconf 81' lang='grc' dir='ltr'>ὲνεχθήτω</span> <span class='ocrx_word' id='word_1_279' title='bbox 1541 805 1642 840; x_wconf 78' lang='grc' dir='ltr'>ταῦρος</span> <span class='ocrx_word' id='word_1_280' title='bbox 1670 804 1777 838; x_wconf 78' lang='grc' dir='ltr'>ἄγριος,</span> <span class='ocrx_word' id='word_1_281' title='bbox 1796 802 1868 829; x_wconf 80' lang='grc' dir='ltr'>ὥστε</span> 
     </span>
    </p>
   </div>
   <div class='ocr_carea' id='block_1_43' title="bbox 1076 847 1868 891">
    <p class='ocr_par' dir='ltr' id='par_1_43' title="bbox 1076 847 1868 891">
     <span class='ocr_line' id='line_1_43' title="bbox 1076 847 1868 891; baseline -0.01 -9"><span class='ocrx_word' id='word_1_282' title='bbox 1076 864 1110 891; x_wconf 81' lang='grc' dir='ltr'><strong>με</strong></span> <span class='ocrx_word' id='word_1_283' title='bbox 1123 855 1207 886; x_wconf 84' lang='grc' dir='ltr'>δεῖξαι</span> <span class='ocrx_word' id='word_1_284' title='bbox 1229 854 1349 889; x_wconf 81' lang='grc' dir='ltr'><strong>σήμερον</strong></span> <span class='ocrx_word' id='word_1_285' title='bbox 1365 852 1482 879; x_wconf 71' lang='grc' dir='ltr'>ἐνώπιον</span> <span class='ocrx_word' id='word_1_286' title='bbox 1505 851 1587 877; x_wconf 82' lang='grc' dir='ltr'>αὑτοῦ</span> <span class='ocrx_word' id='word_1_287' title='bbox 1611 850 1661 885; x_wconf 82' lang='grc' dir='ltr'><strong>τὴν</strong></span> <span class='ocrx_word' id='word_1_288' title='bbox 1683 849 1798 882; x_wconf 86' lang='grc' dir='ltr'>δύναμιν</span> <span class='ocrx_word' id='word_1_289' title='bbox 1819 847 1868 875; x_wconf 76' lang='grc' dir='ltr'><strong>τοῦ</strong></span> 
     </span>
    </p>
   </div>
   <div class='ocr_carea' id='block_1_44' title="bbox 1077 894 1865 936">
    <p class='ocr_par' dir='ltr' id='par_1_44' title="bbox 1077 894 1865 936">
     <span class='ocr_line' id='line_1_44' title="bbox 1077 894 1865 936; baseline -0.011 -8"><span class='ocrx_word' id='word_1_290' title='bbox 1077 901 1208 936; x_wconf 80' lang='grc' dir='ltr'>ὀνόματος</span> <span class='ocrx_word' id='word_1_291' title='bbox 1230 899 1277 926; x_wconf 88' lang='grc' dir='ltr'><strong>τοῦ</strong></span> <span class='ocrx_word' id='word_1_292' title='bbox 1301 898 1369 925; x_wconf 91' lang='grc' dir='ltr'>Θεοῦ</span> <span class='ocrx_word' id='word_1_293' title='bbox 1390 897 1480 934; x_wconf 81' lang='grc' dir='ltr'>ἡμῶν·</span> <span class='ocrx_word' id='word_1_294' title='bbox 1497 896 1559 923; x_wconf 72' lang='grc' dir='ltr'>οὐδὲ</span> <span class='ocrx_word' id='word_1_295' title='bbox 1584 895 1638 930; x_wconf 75' lang='grc' dir='ltr'><strong>γὰρ</strong></span> <span class='ocrx_word' id='word_1_296' title='bbox 1653 895 1698 922; x_wconf 78' lang='grc' dir='ltr'><strong>διὰ</strong></span> <span class='ocrx_word' id='word_1_297' title='bbox 1719 894 1865 929; x_wconf 76' lang='grc' dir='ltr'>ῥημάτων,</span> 
     </span>
    </p>
   </div>
   <div class='ocr_carea' id='block_1_45' title="bbox 1077 939 1869 979">
    <p class='ocr_par' dir='ltr' id='par_1_45' title="bbox 1077 939 1869 979">
     <span class='ocr_line' id='line_1_45' title="bbox 1077 939 1869 979; baseline -0.013 -6"><span class='ocrx_word' id='word_1_298' title='bbox 1077 946 1146 974; x_wconf 83' lang='grc' dir='ltr'>ἀλλὰ</span> <span class='ocrx_word' id='word_1_299' title='bbox 1159 945 1203 972; x_wconf 82' lang='grc' dir='ltr'>διὰ</span> <span class='ocrx_word' id='word_1_300' title='bbox 1219 944 1390 979; x_wconf 80' lang='grc' dir='ltr'><strong>πραγμάτων</strong></span> <span class='ocrx_word' id='word_1_301' title='bbox 1412 943 1545 978; x_wconf 78' lang='grc' dir='ltr'>βούλομαι</span> <span class='ocrx_word' id='word_1_302' title='bbox 1559 941 1718 969; x_wconf 74' lang='grc' dir='ltr'><strong>δείκνυσθαι</strong></span> <span class='ocrx_word' id='word_1_303' title='bbox 1735 940 1785 974; x_wconf 78' lang='grc' dir='ltr'><strong>τὴν</strong></span> <span class='ocrx_word' id='word_1_304' title='bbox 1800 939 1869 974; x_wconf 77' lang='grc' dir='ltr'>άλη-</span> 
     </span>
    </p>
   </div>
   <div class='ocr_carea' id='block_1_46' title="bbox 1079 986 1873 1025">
    <p class='ocr_par' dir='ltr' id='par_1_46' title="bbox 1079 986 1873 1025">
     <span class='ocr_line' id='line_1_46' title="bbox 1079 986 1873 1025; baseline -0.009 -6"><span class='ocrx_word' id='word_1_305' title='bbox 1079 993 1165 1020; x_wconf 89' lang='grc' dir='ltr'>θειαν.</span> <span class='ocrx_word' id='word_1_306' title='bbox 1185 991 1214 1018; x_wconf 80' lang='grc'><strong>’0</strong></span> <span class='ocrx_word' id='word_1_307' title='bbox 1230 990 1259 1018; x_wconf 77' lang='grc' dir='ltr'>δὲ</span> <span class='ocrx_word' id='word_1_308' title='bbox 1276 990 1455 1025; x_wconf 78' lang='grc' dir='ltr'>Σίλσρεστρος</span> <span class='ocrx_word' id='word_1_309' title='bbox 1476 987 1671 1023; x_wconf 83' lang='grc' dir='ltr'>παρακαλέσας</span> <span class='ocrx_word' id='word_1_310' title='bbox 1686 986 1806 1012; x_wconf 82' lang='grc' dir='ltr'>τοιοῦτον</span> <span class='ocrx_word' id='word_1_311' title='bbox 1828 986 1873 1012; x_wconf 73' lang='grc' dir='ltr'><strong>ὲν-</strong></span> 
     </span>
    </p>
   </div>
   <div class='ocr_carea' id='block_1_47' title="bbox 1079 1032 1869 1073">
    <p class='ocr_par' dir='ltr' id='par_1_47' title="bbox 1079 1032 1869 1073">
     <span class='ocr_line' id='line_1_47' title="bbox 1079 1032 1869 1073; baseline -0.01 -8"><span class='ocrx_word' id='word_1_312' title='bbox 1079 1038 1191 1073; x_wconf 84' lang='grc' dir='ltr'>εχθῆναι</span> <span class='ocrx_word' id='word_1_313' title='bbox 1200 1035 1312 1071; x_wconf 83' lang='grc' dir='ltr'>ταῦρον,</span> <span class='ocrx_word' id='word_1_314' title='bbox 1323 1035 1464 1070; x_wconf 74' lang='grc' dir='ltr'><strong>ἠρώτησεν</strong></span> <span class='ocrx_word' id='word_1_315' title='bbox 1474 1035 1502 1060; x_wconf 84' lang='grc' dir='ltr'>ὲν</span> <span class='ocrx_word' id='word_1_316' title='bbox 1514 1033 1554 1068; x_wconf 83' lang='grc' dir='ltr'>τῷ</span> <span class='ocrx_word' id='word_1_317' title='bbox 1562 1033 1661 1068; x_wconf 76' lang='grc' dir='ltr'>μεταξὺ</span> <span class='ocrx_word' id='word_1_318' title='bbox 1670 1033 1716 1059; x_wconf 77' lang='grc' dir='ltr'>τὸν</span> <span class='ocrx_word' id='word_1_319' title='bbox 1728 1032 1869 1067; x_wconf 77' lang='grc' dir='ltr'>Ζαμΰρῆν·</span> 
     </span>
    </p>
   </div>
   <div class='ocr_carea' id='block_1_48' title="bbox 1079 1078 1871 1117">
    <p class='ocr_par' dir='ltr' id='par_1_48' title="bbox 1079 1078 1871 1117">
     <span class='ocr_line' id='line_1_48' title="bbox 1079 1078 1871 1117; baseline -0.01 -5"><span class='ocrx_word' id='word_1_320' title='bbox 1079 1086 1158 1116; x_wconf 87' lang='grc' dir='ltr'>Τίνος</span> <span class='ocrx_word' id='word_1_321' title='bbox 1185 1084 1277 1110; x_wconf 76' lang='grc' dir='ltr'>ἕνεκεν</span> <span class='ocrx_word' id='word_1_322' title='bbox 1308 1082 1447 1117; x_wconf 71' lang='grc' dir='ltr'>ἐπιζητεῖς</span> <span class='ocrx_word' id='word_1_323' title='bbox 1472 1081 1518 1107; x_wconf 79' lang='grc' dir='ltr'><strong>τὸν</strong></span> <span class='ocrx_word' id='word_1_324' title='bbox 1544 1080 1659 1114; x_wconf 81' lang='grc' dir='ltr'>ταῦρον;</span> <span class='ocrx_word' id='word_1_325' title='bbox 1693 1078 1748 1105; x_wconf 81' lang='grc' dir='ltr'>Καί</span> <span class='ocrx_word' id='word_1_326' title='bbox 1775 1085 1871 1113; x_wconf 76' lang='grc' dir='ltr'>φησιν’</span> 
     </span>
    </p>
   </div>
   <div class='ocr_carea' id='block_1_49' title="bbox 1085 1123 1872 1165">
    <p class='ocr_par' dir='ltr' id='par_1_49' title="bbox 1085 1123 1872 1165">
     <span class='ocr_line' id='line_1_49' title="bbox 1085 1123 1872 1165; baseline -0.011 -6"><span class='ocrx_word' id='word_1_327' title='bbox 1085 1131 1195 1165; x_wconf 82' lang='grc' dir='ltr'>Ἐπειδὴ</span> <span class='ocrx_word' id='word_1_328' title='bbox 1209 1130 1240 1157; x_wconf 86' lang='grc' dir='ltr'><strong>τδ</strong></span> <span class='ocrx_word' id='word_1_329' title='bbox 1250 1130 1335 1164; x_wconf 75' lang='grc' dir='ltr'>ὄνομα</span> <span class='ocrx_word' id='word_1_330' title='bbox 1347 1128 1394 1154; x_wconf 84' lang='grc' dir='ltr'><strong>τοῦ</strong></span> <span class='ocrx_word' id='word_1_331' title='bbox 1408 1127 1542 1162; x_wconf 79' lang='grc' dir='ltr'>ἡμετέρου</span> <span class='ocrx_word' id='word_1_332' title='bbox 1555 1126 1623 1152; x_wconf 86' lang='grc' dir='ltr'><strong>Θεοῦ</strong></span> <span class='ocrx_word' id='word_1_333' title='bbox 1640 1125 1754 1159; x_wconf 80' lang='grc' dir='ltr'>οὐδεμία</span> <span class='ocrx_word' id='word_1_334' title='bbox 1771 1123 1872 1158; x_wconf 80' lang='grc' dir='ltr'>κτιστὴ</span> 
     </span>
    </p>
   </div>
   <div class='ocr_carea' id='block_1_50' title="bbox 1080 1169 1872 1211">
    <p class='ocr_par' dir='ltr' id='par_1_50' title="bbox 1080 1169 1872 1211">
     <span class='ocr_line' id='line_1_50' title="bbox 1080 1169 1872 1211; baseline -0.009 -9"><span class='ocrx_word' id='word_1_335' title='bbox 1080 1175 1161 1211; x_wconf 81' lang='grc' dir='ltr'>φύσις</span> <span class='ocrx_word' id='word_1_336' title='bbox 1183 1174 1323 1201; x_wconf 87' lang='grc' dir='ltr'>ἀκούσασα</span> <span class='ocrx_word' id='word_1_337' title='bbox 1341 1173 1465 1208; x_wconf 82' lang='grc' dir='ltr'>ζήσεται,</span> <span class='ocrx_word' id='word_1_338' title='bbox 1483 1171 1613 1206; x_wconf 83' lang='grc' dir='ltr'>βούλομαι</span> <span class='ocrx_word' id='word_1_339' title='bbox 1637 1170 1681 1196; x_wconf 82' lang='grc' dir='ltr'><strong>διὰ</strong></span> <span class='ocrx_word' id='word_1_340' title='bbox 1698 1169 1746 1196; x_wconf 87' lang='grc' dir='ltr'><strong>τοῦ</strong></span> <span class='ocrx_word' id='word_1_341' title='bbox 1767 1169 1872 1204; x_wconf 81' lang='grc' dir='ltr'>ταύρου</span> 
     </span>
    </p>
   </div>
   <div class='ocr_carea' id='block_1_51' title="bbox 1080 1213 1874 1257">
    <p class='ocr_par' dir='ltr' id='par_1_51' title="bbox 1080 1213 1874 1257">
     <span class='ocr_line' id='line_1_51' title="bbox 1080 1213 1874 1257; baseline -0.011 -8"><span class='ocrx_word' id='word_1_342' title='bbox 1080 1221 1128 1257; x_wconf 78' lang='grc' dir='ltr'><strong>τὴν</strong></span> <span class='ocrx_word' id='word_1_343' title='bbox 1153 1220 1230 1256; x_wconf 78' lang='grc' dir='ltr'>ἰσχὺν</span> <span class='ocrx_word' id='word_1_344' title='bbox 1246 1218 1385 1250; x_wconf 80' lang='grc' dir='ltr'>ἀποδεῖξαι</span> <span class='ocrx_word' id='word_1_345' title='bbox 1401 1218 1504 1252; x_wconf 81' lang='grc' dir='ltr'>σαφῶς.</span> <span class='ocrx_word' id='word_1_346' title='bbox 1522 1213 1602 1251; x_wconf 75' lang='grc' dir='ltr'><strong>Πρὸς¹</strong></span> <span class='ocrx_word' id='word_1_347' title='bbox 1616 1216 1646 1242; x_wconf 77' lang='grc' dir='ltr'>ὃν</span> <span class='ocrx_word' id='word_1_348' title='bbox 1666 1217 1681 1242; x_wconf 81' lang='grc' dir='ltr'><strong>ὁ</strong></span> <span class='ocrx_word' id='word_1_349' title='bbox 1709 1215 1874 1250; x_wconf 77' lang='grc' dir='ltr'>Σίλϐεστρος</span> 
     </span>
    </p>
   </div>
   <div class='ocr_carea' id='block_1_52' title="bbox 1081 1258 1872 1301">
    <p class='ocr_par' dir='ltr' id='par_1_52' title="bbox 1081 1258 1872 1301">
     <span class='ocr_line' id='line_1_52' title="bbox 1081 1258 1872 1301; baseline -0.011 -8"><span class='ocrx_word' id='word_1_350' title='bbox 1081 1266 1144 1301; x_wconf 81' lang='grc' dir='ltr'>ἐφη·</span> <span class='ocrx_word' id='word_1_351' title='bbox 1157 1265 1211 1292; x_wconf 76' lang='grc' dir='ltr'><strong>Καὶ</strong></span> <span class='ocrx_word' id='word_1_352' title='bbox 1225 1265 1257 1291; x_wconf 80' lang='grc' dir='ltr'>σὺ</span> <span class='ocrx_word' id='word_1_353' title='bbox 1270 1264 1337 1299; x_wconf 82' lang='grc' dir='ltr'>ποίῳ</span> <span class='ocrx_word' id='word_1_354' title='bbox 1349 1263 1441 1298; x_wconf 83' lang='grc' dir='ltr'>τρόπῳ</span> <span class='ocrx_word' id='word_1_355' title='bbox 1451 1261 1482 1288; x_wconf 78' lang='grc' dir='ltr'><strong>τὸ</strong></span> <span class='ocrx_word' id='word_1_356' title='bbox 1495 1261 1581 1292; x_wconf 74' lang='grc' dir='ltr'>δνομα</span> <span class='ocrx_word' id='word_1_357' title='bbox 1595 1260 1675 1287; x_wconf 85' lang='grc' dir='ltr'>τοῦτο</span> <span class='ocrx_word' id='word_1_358' title='bbox 1690 1258 1872 1294; x_wconf 73' lang='grc' dir='ltr'>μεμάθηκαςς</span> 
     </span>
    </p>
   </div>
   <div class='ocr_carea' id='block_1_53' title="bbox 1081 1303 1872 1347">
    <p class='ocr_par' dir='ltr' id='par_1_53' title="bbox 1081 1303 1872 1347">
     <span class='ocr_line' id='line_1_53' title="bbox 1081 1303 1872 1347; baseline -0.011 -8"><span class='ocrx_word' id='word_1_359' title='bbox 1081 1310 1154 1347; x_wconf 70' lang='grc' dir='ltr'><strong>τΑρα</strong></span> <span class='ocrx_word' id='word_1_360' title='bbox 1169 1311 1242 1346; x_wconf 80' lang='grc' dir='ltr'><strong>παρά</strong></span> <span class='ocrx_word' id='word_1_361' title='bbox 1255 1319 1328 1342; x_wconf 85' lang='grc' dir='ltr'>τινος</span> <span class='ocrx_word' id='word_1_362' title='bbox 1344 1309 1463 1340; x_wconf 80' lang='grc' dir='ltr'>ἀκούσας</span> <span class='ocrx_word' id='word_1_363' title='bbox 1478 1307 1494 1343; x_wconf 80' lang='grc' dir='ltr'>ἢ</span> <span class='ocrx_word' id='word_1_364' title='bbox 1519 1307 1668 1341; x_wconf 78' lang='grc' dir='ltr'>ἅναγνούςς</span> <span class='ocrx_word' id='word_1_365' title='bbox 1695 1306 1724 1331; x_wconf 81' lang='grc' dir='ltr'>Ὀ</span> <span class='ocrx_word' id='word_1_366' title='bbox 1736 1305 1764 1331; x_wconf 81' lang='grc' dir='ltr'>δὲ</span> <span class='ocrx_word' id='word_1_367' title='bbox 1784 1303 1872 1331; x_wconf 75' lang='grc' dir='ltr'>εἶπεψ</span> 
     </span>
    </p>
   </div>
   <div class='ocr_carea' id='block_1_54' title="bbox 1081 1350 1875 1392">
    <p class='ocr_par' dir='ltr' id='par_1_54' title="bbox 1081 1350 1875 1392">
     <span class='ocr_line' id='line_1_54' title="bbox 1081 1350 1875 1392; baseline -0.01 -8"><span class='ocrx_word' id='word_1_368' title='bbox 1081 1357 1151 1386; x_wconf 69' lang='grc' dir='ltr'>Οὔτε</span> <span class='ocrx_word' id='word_1_369' title='bbox 1165 1357 1268 1392; x_wconf 85' lang='grc' dir='ltr'>χάρτης</span> <span class='ocrx_word' id='word_1_370' title='bbox 1288 1355 1350 1382; x_wconf 75' lang='grc' dir='ltr'>οὔτε</span> <span class='ocrx_word' id='word_1_371' title='bbox 1371 1354 1445 1386; x_wconf 82' lang='grc' dir='ltr'>λίθος</span> <span class='ocrx_word' id='word_1_372' title='bbox 1465 1353 1527 1380; x_wconf 74' lang='grc' dir='ltr'>οὔτε</span> <span class='ocrx_word' id='word_1_373' title='bbox 1547 1352 1624 1385; x_wconf 80' lang='grc' dir='ltr'>ξύλον</span> <span class='ocrx_word' id='word_1_374' title='bbox 1644 1350 1826 1383; x_wconf 80' lang='grc' dir='ltr'>ὑποδέξασθαι</span> <span class='ocrx_word' id='word_1_375' title='bbox 1841 1350 1875 1377; x_wconf 75' lang='grc' dir='ltr'>τὸ</span> 
     </span>
    </p>
   </div>
   <div class='ocr_carea' id='block_1_55' title="bbox 1088 1395 1876 1439">
    <p class='ocr_par' dir='ltr' id='par_1_55' title="bbox 1088 1395 1876 1439">
     <span class='ocr_line' id='line_1_55' title="bbox 1088 1395 1876 1439; baseline -0.011 -8"><span class='ocrx_word' id='word_1_376' title='bbox 1088 1405 1174 1439; x_wconf 75' lang='grc' dir='ltr'>ὕνομα</span> <span class='ocrx_word' id='word_1_377' title='bbox 1188 1404 1244 1439; x_wconf 80' lang='grc'><strong>(79)</strong></span> <span class='ocrx_word' id='word_1_378' title='bbox 1264 1402 1343 1429; x_wconf 83' lang='grc' dir='ltr'>τοῦτο</span> <span class='ocrx_word' id='word_1_379' title='bbox 1377 1401 1498 1428; x_wconf 82' lang='grc' dir='ltr'>δύναται’</span> <span class='ocrx_word' id='word_1_380' title='bbox 1524 1399 1579 1434; x_wconf 74' lang='grc' dir='ltr'><strong>ἐγὼ</strong></span> <span class='ocrx_word' id='word_1_381' title='bbox 1601 1399 1638 1431; x_wconf 9' lang='grc' dir='ltr'><strong>δὲὶ</strong></span> <span class='ocrx_word' id='word_1_382' title='bbox 1651 1396 1804 1432; x_wconf 84' lang='grc' dir='ltr'>νηστεύσας</span> <span class='ocrx_word' id='word_1_383' title='bbox 1825 1395 1876 1422; x_wconf 77' lang='grc' dir='ltr'>καὶ</span> 
     </span>
    </p>
   </div>
   <div class='ocr_carea' id='block_1_56' title="bbox 1083 1441 1877 1485">
    <p class='ocr_par' dir='ltr' id='par_1_56' title="bbox 1083 1441 1877 1485">
     <span class='ocr_line' id='line_1_56' title="bbox 1083 1441 1877 1485; baseline -0.014 -7"><span class='ocrx_word' id='word_1_384' title='bbox 1083 1452 1123 1482; x_wconf 86' lang='grc' dir='ltr'><strong>είς</strong></span> <span class='ocrx_word' id='word_1_385' title='bbox 1147 1450 1273 1485; x_wconf 77' lang='grc' dir='ltr'>ἀργυρᾶν</span> <span class='ocrx_word' id='word_1_386' title='bbox 1297 1448 1414 1482; x_wconf 81' lang='grc' dir='ltr'>λεκάνην</span> <span class='ocrx_word' id='word_1_387' title='bbox 1430 1447 1528 1481; x_wconf 82' lang='grc' dir='ltr'>καινὴν</span> <span class='ocrx_word' id='word_1_388' title='bbox 1543 1445 1616 1480; x_wconf 79' lang='grc' dir='ltr'>ὕδωρ</span> <span class='ocrx_word' id='word_1_389' title='bbox 1641 1443 1768 1479; x_wconf 82' lang='grc' dir='ltr'>ὲμὸαλὼν</span> <span class='ocrx_word' id='word_1_390' title='bbox 1794 1441 1877 1468; x_wconf 87' lang='grc' dir='ltr'>τοῦτο</span> 
     </span>
    </p>
   </div>
   <div class='ocr_carea' id='block_1_57' title="bbox 1086 1487 1878 1533">
    <p class='ocr_par' dir='ltr' id='par_1_57' title="bbox 1086 1487 1878 1533">
     <span class='ocr_line' id='line_1_57' title="bbox 1086 1487 1878 1533; baseline -0.014 -8"><span class='ocrx_word' id='word_1_391' title='bbox 1086 1497 1244 1533; x_wconf 85' lang='grc' dir='ltr'>μεμάθηκα.</span> <span class='ocrx_word' id='word_1_392' title='bbox 1260 1494 1370 1522; x_wconf 88' lang='grc' dir='ltr'>Τούτων</span> <span class='ocrx_word' id='word_1_393' title='bbox 1385 1493 1431 1520; x_wconf 81' lang='grc' dir='ltr'><strong>οὖν</strong></span> <span class='ocrx_word' id='word_1_394' title='bbox 1449 1492 1603 1527; x_wconf 83' lang='grc' dir='ltr'>λεγομένων</span> <span class='ocrx_word' id='word_1_395' title='bbox 1623 1490 1694 1526; x_wconf 78' lang='grc' dir='ltr'>ἢχθη</span> <span class='ocrx_word' id='word_1_396' title='bbox 1714 1489 1761 1516; x_wconf 76' lang='grc' dir='ltr'>καὶ</span> <span class='ocrx_word' id='word_1_397' title='bbox 1782 1489 1796 1515; x_wconf 83' lang='grc' dir='ltr'><strong>ὁ</strong></span> <span class='ocrx_word' id='word_1_398' title='bbox 1809 1487 1878 1514; x_wconf 83' lang='grc' dir='ltr'>ταῦ-</span> 
     </span>
    </p>
   </div>
   <div class='ocr_carea' id='block_1_58' title="bbox 246 1534 1030 1581">
    <p class='ocr_par' dir='ltr' id='par_1_58' title="bbox 246 1542 1030 1581">
     <span class='ocr_line' id='line_1_58' title="bbox 246 1542 1030 1581; baseline -0.004 -9"><span class='ocrx_word' id='word_1_399' title='bbox 246 1554 299 1581; x_wconf 90' lang='lat' dir='ltr'><strong>que</strong></span> <span class='ocrx_word' id='word_1_400' title='bbox 318 1545 485 1580; x_wconf 86' lang='lat' dir='ltr'><strong>argumentis</strong></span> <span class='ocrx_word' id='word_1_401' title='bbox 496 1544 555 1571; x_wconf 81' lang='lat' dir='ltr'><strong>linis</strong></span> <span class='ocrx_word' id='word_1_402' title='bbox 569 1543 689 1570; x_wconf 78' lang='lat' dir='ltr'><strong>advenit.</strong></span> <span class='ocrx_word' id='word_1_403' title='bbox 709 1543 737 1569; x_wconf 77' lang='lat' dir='ltr'><strong>Si</strong></span> <span class='ocrx_word' id='word_1_404' title='bbox 753 1542 868 1569; x_wconf 81' lang='lat' dir='ltr'><strong>conﬁdis</strong></span> <span class='ocrx_word' id='word_1_405' title='bbox 883 1542 909 1568; x_wconf 87' lang='lat' dir='ltr'><strong>in</strong></span> <span class='ocrx_word' id='word_1_406' title='bbox 922 1542 1030 1569; x_wconf 85' lang='lat' dir='ltr'><strong>nomine</strong></span> 
     </span>
    </p>
   </div>
   <div class='ocr_carea' id='block_1_59' title="bbox 1083 1534 1878 1581">
    <p class='ocr_par' dir='ltr' id='par_1_59' title="bbox 1086 1534 1878 1579">
     <span class='ocr_line' id='line_1_59' title="bbox 1086 1534 1878 1579; baseline -0.014 -8"><span class='ocrx_word' id='word_1_407' title='bbox 1086 1553 1130 1579; x_wconf 85' lang='grc' dir='ltr'><strong>ρος</strong></span> <span class='ocrx_word' id='word_1_408' title='bbox 1150 1543 1201 1570; x_wconf 77' lang='grc' dir='ltr'><strong>ὑπὸ</strong></span> <span class='ocrx_word' id='word_1_409' title='bbox 1223 1541 1328 1569; x_wconf 85' lang='grc' dir='ltr'>πολλῶν</span> <span class='ocrx_word' id='word_1_410' title='bbox 1350 1540 1456 1575; x_wconf 82' lang='grc' dir='ltr'>ἀνδρῶν</span> <span class='ocrx_word' id='word_1_411' title='bbox 1471 1539 1629 1573; x_wconf 76' lang='grc' dir='ltr'>ἑλκόμενος,</span> <span class='ocrx_word' id='word_1_412' title='bbox 1649 1535 1790 1570; x_wconf 80' lang='grc' dir='ltr'>δεδεμένος</span> <span class='ocrx_word' id='word_1_413' title='bbox 1804 1534 1878 1561; x_wconf 88' lang='grc' dir='ltr'>πάν-</span> 
     </span>
    </p>
   </div>
   <div class='ocr_carea' id='block_1_60' title="bbox 248 1586 1032 1626">
    <p class='ocr_par' dir='ltr' id='par_1_60' title="bbox 248 1586 1032 1626">
     <span class='ocr_line' id='line_1_60' title="bbox 248 1586 1032 1626; baseline -0.006 -7"><span class='ocrx_word' id='word_1_414' title='bbox 248 1591 296 1619; x_wconf 85' lang='lat' dir='ltr'><strong>Dei</strong></span> <span class='ocrx_word' id='word_1_415' title='bbox 329 1592 379 1625; x_wconf 87' lang='lat' dir='ltr'><strong>tui,</strong></span> <span class='ocrx_word' id='word_1_416' title='bbox 411 1591 559 1626; x_wconf 86' lang='lat' dir='ltr'><strong>pronuntia</strong></span> <span class='ocrx_word' id='word_1_417' title='bbox 589 1588 723 1625; x_wconf 84' lang='lat' dir='ltr'><strong>agendum</strong></span> <span class='ocrx_word' id='word_1_418' title='bbox 749 1589 774 1615; x_wconf 91' lang='lat' dir='ltr'><strong>id</strong></span> <span class='ocrx_word' id='word_1_419' title='bbox 797 1588 831 1615; x_wconf 88' lang='lat' dir='ltr'><strong>ad</strong></span> <span class='ocrx_word' id='word_1_420' title='bbox 853 1595 933 1615; x_wconf 87' lang='lat' dir='ltr'><strong>aures</strong></span> <span class='ocrx_word' id='word_1_421' title='bbox 961 1586 1032 1614; x_wconf 90' lang='lat' dir='ltr'><strong>tauri</strong></span> 
     </span>
    </p>
   </div>
   <div class='ocr_carea' id='block_1_61' title="bbox 248 1633 1033 1673">
    <p class='ocr_par' dir='ltr' id='par_1_61' title="bbox 248 1633 1033 1673">
     <span class='ocr_line' id='line_1_61' title="bbox 248 1633 1033 1673; baseline -0.006 -8"><span class='ocrx_word' id='word_1_422' title='bbox 248 1638 341 1673; x_wconf 82' lang='lat' dir='ltr'><strong>hujus,</strong></span> <span class='ocrx_word' id='word_1_423' title='bbox 359 1644 440 1672; x_wconf 86' lang='lat' dir='ltr'><strong>atque</strong></span> <span class='ocrx_word' id='word_1_424' title='bbox 450 1637 486 1664; x_wconf 91' lang='lat' dir='ltr'><strong>ita</strong></span> <span class='ocrx_word' id='word_1_425' title='bbox 496 1637 639 1664; x_wconf 83' lang='lat' dir='ltr'><strong>veritatem</strong></span> <span class='ocrx_word' id='word_1_426' title='bbox 657 1639 709 1662; x_wconf 66' lang='lat' dir='ltr'><strong>tuae</strong></span> <span class='ocrx_word' id='word_1_427' title='bbox 718 1634 860 1669; x_wconf 69' lang='lat' dir='ltr'><strong>religionis</strong></span> <span class='ocrx_word' id='word_1_428' title='bbox 874 1633 1033 1669; x_wconf 84' lang='lat' dir='ltr'><strong>imperatori</strong></span> 
     </span>
    </p>
   </div>
   <div class='ocr_carea' id='block_1_62' title="bbox 248 1680 1032 1719">
    <p class='ocr_par' dir='ltr' id='par_1_62' title="bbox 248 1680 1032 1719">
     <span class='ocr_line' id='line_1_62' title="bbox 248 1680 1032 1719; baseline -0.006 -9"><span class='ocrx_word' id='word_1_429' title='bbox 248 1683 344 1719; x_wconf 86' lang='lat' dir='ltr'><strong>proba.</strong></span> <span class='ocrx_word' id='word_1_430' title='bbox 362 1683 411 1710; x_wconf 92' lang='lat' dir='ltr'><strong>Sin</strong></span> <span class='ocrx_word' id='word_1_431' title='bbox 429 1689 504 1715; x_wconf 89' lang='lat' dir='ltr'><strong>vero,</strong></span> <span class='ocrx_word' id='word_1_432' title='bbox 516 1683 575 1716; x_wconf 87' lang='lat' dir='ltr'><strong>ipse</strong></span> <span class='ocrx_word' id='word_1_433' title='bbox 590 1680 792 1716; x_wconf 86' lang='lat' dir='ltr'><strong>pronuntiabo;</strong></span> <span class='ocrx_word' id='word_1_434' title='bbox 809 1684 958 1714; x_wconf 86' lang='lat' dir='ltr'><strong>omnesque</strong></span> <span class='ocrx_word' id='word_1_435' title='bbox 973 1683 1032 1713; x_wconf 74' lang='lat' dir='ltr'><strong>sta-</strong></span> 
     </span>
    </p>
   </div>
   <div class='ocr_carea' id='block_1_63' title="bbox 249 1725 1036 1763">
    <p class='ocr_par' dir='ltr' id='par_1_63' title="bbox 249 1725 1036 1763">
     <span class='ocr_line' id='line_1_63' title="bbox 249 1725 1036 1763; baseline -0.008 -6"><span class='ocrx_word' id='word_1_436' title='bbox 249 1732 297 1758; x_wconf 84' lang='lat' dir='ltr'><strong>tim</strong></span> <span class='ocrx_word' id='word_1_437' title='bbox 324 1731 357 1758; x_wconf 89' lang='lat' dir='ltr'><strong>ad</strong></span> <span class='ocrx_word' id='word_1_438' title='bbox 387 1738 430 1758; x_wconf 90' lang='lat' dir='ltr'><strong>me</strong></span> <span class='ocrx_word' id='word_1_439' title='bbox 452 1733 602 1758; x_wconf 53' lang='lat' dir='ltr'><strong>accurrent‘</strong></span> <span class='ocrx_word' id='word_1_440' title='bbox 624 1729 758 1763; x_wconf 85' lang='lat' dir='ltr'><strong>ﬁdemque</strong></span> <span class='ocrx_word' id='word_1_441' title='bbox 785 1726 851 1754; x_wconf 87' lang='lat' dir='ltr'><strong>mihi</strong></span> <span class='ocrx_word' id='word_1_442' title='bbox 885 1725 1036 1753; x_wconf 83' lang='lat' dir='ltr'><strong>habebunt.</strong></span> 
     </span>
    </p>
   </div>
   <div class='ocr_carea' id='block_1_64' title="bbox 250 1772 1033 1810">
    <p class='ocr_par' dir='ltr' id='par_1_64' title="bbox 250 1772 1033 1810">
     <span class='ocr_line' id='line_1_64' title="bbox 250 1772 1033 1810; baseline -0.009 -5"><span class='ocrx_word' id='word_1_443' title='bbox 250 1779 284 1805; x_wconf 90' lang='lat' dir='ltr'><strong>Et</strong></span> <span class='ocrx_word' id='word_1_444' title='bbox 311 1778 452 1809; x_wconf 84' lang='lat' dir='ltr'><strong>Zambres,</strong></span> <span class='ocrx_word' id='word_1_445' title='bbox 479 1777 581 1804; x_wconf 65' lang='lat' dir='ltr'><strong>Judmis</strong></span> <span class='ocrx_word' id='word_1_446' title='bbox 609 1784 642 1804; x_wconf 88' lang='lat' dir='ltr'><strong>ac</strong></span> <span class='ocrx_word' id='word_1_447' title='bbox 673 1776 785 1810; x_wconf 86' lang='lat' dir='ltr'><strong>reliquis</strong></span> <span class='ocrx_word' id='word_1_448' title='bbox 813 1772 1033 1804; x_wconf 85' lang='lat' dir='ltr'><strong>exhortantibus,</strong></span> 
     </span>
    </p>
   </div>
   <div class='ocr_carea' id='block_1_65' title="bbox 251 1821 1036 1858">
    <p class='ocr_par' dir='ltr' id='par_1_65' title="bbox 251 1821 1036 1858">
     <span class='ocr_line' id='line_1_65' title="bbox 251 1821 1036 1858; baseline -0.009 -6"><span class='ocrx_word' id='word_1_449' title='bbox 251 1832 349 1853; x_wconf 89' lang='lat' dir='ltr'><strong>nomen</strong></span> <span class='ocrx_word' id='word_1_450' title='bbox 364 1825 396 1851; x_wconf 87' lang='lat' dir='ltr'><strong>ad</strong></span> <span class='ocrx_word' id='word_1_451' title='bbox 414 1831 495 1852; x_wconf 90' lang='lat' dir='ltr'><strong>aures</strong></span> <span class='ocrx_word' id='word_1_452' title='bbox 510 1823 580 1851; x_wconf 84' lang='lat' dir='ltr'><strong>tauri</strong></span> <span class='ocrx_word' id='word_1_453' title='bbox 598 1822 727 1858; x_wconf 88' lang='lat' dir='ltr'><strong>protulit:</strong></span> <span class='ocrx_word' id='word_1_454' title='bbox 742 1827 824 1857; x_wconf 87' lang='lat' dir='ltr'><strong>atque</strong></span> <span class='ocrx_word' id='word_1_455' title='bbox 849 1821 922 1848; x_wconf 91' lang='lat' dir='ltr'><strong>illico</strong></span> <span class='ocrx_word' id='word_1_456' title='bbox 939 1825 1036 1846; x_wconf 83' lang='lat' dir='ltr'><strong>taurus</strong></span> 
     </span>
    </p>
   </div>
   <div class='ocr_carea' id='block_1_66' title="bbox 252 1864 1035 1906">
    <p class='ocr_par' dir='ltr' id='par_1_66' title="bbox 252 1864 1035 1906">
     <span class='ocr_line' id='line_1_66' title="bbox 252 1864 1035 1906; baseline -0.01 -8"><span class='ocrx_word' id='word_1_457' title='bbox 252 1879 351 1906; x_wconf 79' lang='lat' dir='ltr'><strong>inagna</strong></span> <span class='ocrx_word' id='word_1_458' title='bbox 368 1871 474 1905; x_wconf 86' lang='lat' dir='ltr'><strong>mugitu</strong></span> <span class='ocrx_word' id='word_1_459' title='bbox 489 1870 575 1901; x_wconf 91' lang='lat' dir='ltr'><strong>edito,</strong></span> <span class='ocrx_word' id='word_1_460' title='bbox 592 1869 681 1896; x_wconf 89' lang='lat' dir='ltr'><strong>oculis</strong></span> <span class='ocrx_word' id='word_1_461' title='bbox 697 1868 775 1895; x_wconf 88' lang='lat' dir='ltr'><strong>elisis</strong></span> <span class='ocrx_word' id='word_1_462' title='bbox 799 1865 960 1902; x_wconf 85' lang='lat' dir='ltr'><strong>exspiravit.</strong></span> <span class='ocrx_word' id='word_1_463' title='bbox 985 1864 1035 1891; x_wconf 86' lang='lat' dir='ltr'><strong>Hic</strong></span> 
     </span>
    </p>
   </div>
   <div class='ocr_carea' id='block_1_67' title="bbox 249 1911 1036 1946">
    <p class='ocr_par' dir='ltr' id='par_1_67' title="bbox 249 1911 1036 1946">
     <span class='ocr_line' id='line_1_67' title="bbox 249 1911 1036 1946; baseline -0.009 -2"><span class='ocrx_word' id='word_1_464' title='bbox 249 1916 351 1946; x_wconf 65' lang='lat' dir='ltr'><strong>Judaeis</strong></span> <span class='ocrx_word' id='word_1_465' title='bbox 364 1916 569 1945; x_wconf 77' lang='lat' dir='ltr'><strong>exsultantibus</strong></span> <span class='ocrx_word' id='word_1_466' title='bbox 583 1923 616 1943; x_wconf 84' lang='lat' dir='ltr'><strong>ae</strong></span> <span class='ocrx_word' id='word_1_467' title='bbox 637 1920 734 1943; x_wconf 88' lang='lat' dir='ltr'><strong>contra</strong></span> <span class='ocrx_word' id='word_1_468' title='bbox 766 1913 928 1941; x_wconf 85' lang='lat' dir='ltr'><strong>Silvestrum</strong></span> <span class='ocrx_word' id='word_1_469' title='bbox 950 1911 1036 1938; x_wconf 87' lang='lat' dir='ltr'><strong>multa</strong></span> 
     </span>
    </p>
   </div>
   <div class='ocr_carea' id='block_1_68' title="bbox 249 1957 1035 1998">
    <p class='ocr_par' dir='ltr' id='par_1_68' title="bbox 249 1957 1035 1998">
     <span class='ocr_line' id='line_1_68' title="bbox 249 1957 1035 1998; baseline -0.01 -8"><span class='ocrx_word' id='word_1_470' title='bbox 249 1963 429 1998; x_wconf 73' lang='lat' dir='ltr'><strong>iactantibus,</strong></span> <span class='ocrx_word' id='word_1_471' title='bbox 443 1962 608 1989; x_wconf 85' lang='lat' dir='ltr'><strong>Christianis</strong></span> <span class='ocrx_word' id='word_1_472' title='bbox 622 1968 712 1988; x_wconf 85' lang='lat' dir='ltr'><strong>autem</strong></span> <span class='ocrx_word' id='word_1_473' title='bbox 729 1959 804 1995; x_wconf 81' lang='lat' dir='ltr'><strong>gravi</strong></span> <span class='ocrx_word' id='word_1_474' title='bbox 821 1958 916 1986; x_wconf 83' lang='lat' dir='ltr'><strong>dolore</strong></span> <span class='ocrx_word' id='word_1_475' title='bbox 927 1957 1035 1989; x_wconf 88' lang='lat' dir='ltr'><strong>oborto,</strong></span> 
     </span>
    </p>
   </div>
   <div class='ocr_carea' id='block_1_69' title="bbox 252 2002 1037 2043">
    <p class='ocr_par' dir='ltr' id='par_1_69' title="bbox 252 2002 1037 2043">
     <span class='ocr_line' id='line_1_69' title="bbox 252 2002 1037 2043; baseline -0.01 -7"><span class='ocrx_word' id='word_1_476' title='bbox 252 2010 384 2036; x_wconf 85' lang='lat' dir='ltr'><strong>Silvester</strong></span> <span class='ocrx_word' id='word_1_477' title='bbox 399 2008 592 2043; x_wconf 86' lang='lat' dir='ltr'><strong>imperatorem</strong></span> <span class='ocrx_word' id='word_1_478' title='bbox 611 2006 717 2041; x_wconf 60' lang='lat' dir='ltr'><strong>rogavit</strong></span> <span class='ocrx_word' id='word_1_479' title='bbox 744 2009 774 2031; x_wconf 91' lang='lat' dir='ltr'><strong>ut</strong></span> <span class='ocrx_word' id='word_1_480' title='bbox 794 2003 933 2032; x_wconf 88' lang='lat' dir='ltr'><strong>silentium</strong></span> <span class='ocrx_word' id='word_1_481' title='bbox 950 2002 1037 2029; x_wconf 68' lang='lat' dir='ltr'><strong>turba:</strong></span> 
     </span>
    </p>
   </div>
   <div class='ocr_carea' id='block_1_70' title="bbox 253 2050 1037 2090">
    <p class='ocr_par' dir='ltr' id='par_1_70' title="bbox 253 2050 1037 2090">
     <span class='ocr_line' id='line_1_70' title="bbox 253 2050 1037 2090; baseline -0.008 -9"><span class='ocrx_word' id='word_1_482' title='bbox 253 2056 412 2090; x_wconf 87' lang='lat' dir='ltr'><strong>imperaret.</strong></span> <span class='ocrx_word' id='word_1_483' title='bbox 443 2054 503 2087; x_wconf 86' lang='lat' dir='ltr'><strong>Quo</strong></span> <span class='ocrx_word' id='word_1_484' title='bbox 531 2053 603 2080; x_wconf 80' lang='lat' dir='ltr'><strong>facto</strong></span> <span class='ocrx_word' id='word_1_485' title='bbox 633 2053 691 2087; x_wconf 88' lang='lat' dir='ltr'><strong>ipse</strong></span> <span class='ocrx_word' id='word_1_486' title='bbox 721 2050 830 2078; x_wconf 90' lang='lat' dir='ltr'><strong>sublimi</strong></span> <span class='ocrx_word' id='word_1_487' title='bbox 861 2054 938 2078; x_wconf 85' lang='lat' dir='ltr'><strong>stans</strong></span> <span class='ocrx_word' id='word_1_488' title='bbox 965 2050 1037 2080; x_wconf 90' lang='lat' dir='ltr'><strong>loco,</strong></span> 
     </span>
    </p>
   </div>
   <div class='ocr_carea' id='block_1_71' title="bbox 253 2094 1036 2135">
    <p class='ocr_par' dir='ltr' id='par_1_71' title="bbox 253 2094 1036 2135">
     <span class='ocr_line' id='line_1_71' title="bbox 253 2094 1036 2135; baseline -0.011 -6"><span class='ocrx_word' id='word_1_489' title='bbox 253 2101 365 2132; x_wconf 75' lang='lat' dir='ltr'><strong>Audite.</strong></span> <span class='ocrx_word' id='word_1_490' title='bbox 387 2101 486 2135; x_wconf 87' lang='lat' dir='ltr'><strong>inquit,</strong></span> <span class='ocrx_word' id='word_1_491' title='bbox 501 2106 630 2134; x_wconf 87' lang='lat' dir='ltr'><strong>proceres</strong></span> <span class='ocrx_word' id='word_1_492' title='bbox 659 2102 742 2132; x_wconf 87' lang='lat' dir='ltr'><strong>atque</strong></span> <span class='ocrx_word' id='word_1_493' title='bbox 756 2096 904 2132; x_wconf 81' lang='lat' dir='ltr'><strong>principes,</strong></span> <span class='ocrx_word' id='word_1_494' title='bbox 925 2094 1036 2130; x_wconf 87' lang='lat' dir='ltr'><strong>populi-</strong></span> 
     </span>
    </p>
   </div>
   <div class='ocr_carea' id='block_1_72' title="bbox 254 2142 1036 2183">
    <p class='ocr_par' dir='ltr' id='par_1_72' title="bbox 254 2142 1036 2183">
     <span class='ocr_line' id='line_1_72' title="bbox 254 2142 1036 2183; baseline -0.01 -8"><span class='ocrx_word' id='word_1_495' title='bbox 254 2156 308 2183; x_wconf 87' lang='lat' dir='ltr'><strong>que</strong></span> <span class='ocrx_word' id='word_1_496' title='bbox 319 2155 414 2175; x_wconf 86' lang='lat' dir='ltr'><strong>omnes</strong></span> <span class='ocrx_word' id='word_1_497' title='bbox 430 2146 512 2174; x_wconf 88' lang='lat' dir='ltr'><strong>verba</strong></span> <span class='ocrx_word' id='word_1_498' title='bbox 535 2152 594 2173; x_wconf 89' lang='lat' dir='ltr'><strong>mea</strong></span> <span class='ocrx_word' id='word_1_499' title='bbox 612 2144 727 2171; x_wconf 86' lang='lat' dir='ltr'><strong>attentis</strong></span> <span class='ocrx_word' id='word_1_500' title='bbox 752 2143 885 2178; x_wconf 84' lang='lat' dir='ltr'><strong>percipite</strong></span> <span class='ocrx_word' id='word_1_501' title='bbox 912 2142 1036 2168; x_wconf 83' lang='lat' dir='ltr'><strong>auribus.</strong></span> 
     </span>
    </p>
   </div>
   <div class='ocr_carea' id='block_1_73' title="bbox 255 2187 1038 2225">
    <p class='ocr_par' dir='ltr' id='par_1_73' title="bbox 255 2187 1038 2225">
     <span class='ocr_line' id='line_1_73' title="bbox 255 2187 1038 2225; baseline -0.01 -5"><span class='ocrx_word' id='word_1_502' title='bbox 255 2194 377 2221; x_wconf 73' lang='lat' dir='ltr'><strong>l’rzedico</strong></span> <span class='ocrx_word' id='word_1_503' title='bbox 389 2193 533 2220; x_wconf 88' lang='lat' dir='ltr'><strong>Dominum</strong></span> <span class='ocrx_word' id='word_1_504' title='bbox 547 2190 668 2218; x_wconf 89' lang='lat' dir='ltr'><strong>universi</strong></span> <span class='ocrx_word' id='word_1_505' title='bbox 682 2188 875 2225; x_wconf 79' lang='lat' dir='ltr'><strong>mundiJesum</strong></span> <span class='ocrx_word' id='word_1_506' title='bbox 887 2187 1038 2218; x_wconf 88' lang='lat' dir='ltr'><strong>Christum,</strong></span> 
     </span>
    </p>
   </div>
   <div class='ocr_carea' id='block_1_74' title="bbox 1086 1581 1878 1624">
    <p class='ocr_par' dir='ltr' id='par_1_74' title="bbox 1086 1581 1878 1624">
     <span class='ocr_line' id='line_1_74' title="bbox 1086 1581 1878 1624; baseline -0.013 -7"><span class='ocrx_word' id='word_1_507' title='bbox 1086 1591 1163 1617; x_wconf 80' lang='grc' dir='ltr'>τοθεν</span> <span class='ocrx_word' id='word_1_508' title='bbox 1189 1588 1326 1624; x_wconf 73' lang='grc' dir='ltr'>σχοινίοις,</span> <span class='ocrx_word' id='word_1_509' title='bbox 1356 1585 1525 1621; x_wconf 84' lang='grc' dir='ltr'>ἀγριώτατος</span> <span class='ocrx_word' id='word_1_510' title='bbox 1547 1584 1595 1610; x_wconf 83' lang='grc' dir='ltr'><strong>καὶ</strong></span> <span class='ocrx_word' id='word_1_511' title='bbox 1622 1582 1708 1617; x_wconf 78' lang='grc' dir='ltr'>μέγας</span> <span class='ocrx_word' id='word_1_512' title='bbox 1733 1581 1878 1616; x_wconf 82' lang='grc' dir='ltr'><strong>ὑπάρχων.</strong></span> 
     </span>
    </p>
   </div>
   <div class='ocr_carea' id='block_1_75' title="bbox 1087 1625 1880 1669">
    <p class='ocr_par' dir='ltr' id='par_1_75' title="bbox 1087 1625 1880 1669">
     <span class='ocr_line' id='line_1_75' title="bbox 1087 1625 1880 1669; baseline -0.014 -7"><span class='ocrx_word' id='word_1_513' title='bbox 1087 1636 1164 1663; x_wconf 80' lang='grc' dir='ltr'>Καὶὸ</span> <span class='ocrx_word' id='word_1_514' title='bbox 1175 1634 1305 1669; x_wconf 76' lang='grc' dir='ltr'>Ζαμόρῆς</span> <span class='ocrx_word' id='word_1_515' title='bbox 1320 1631 1497 1662; x_wconf 75' lang='grc' dir='ltr'><strong>ἐπιτωθάζων</strong></span> <span class='ocrx_word' id='word_1_516' title='bbox 1511 1629 1549 1664; x_wconf 85' lang='grc' dir='ltr'><strong>τῷ</strong></span> <span class='ocrx_word' id='word_1_517' title='bbox 1564 1628 1720 1663; x_wconf 80' lang='grc' dir='ltr'>Σιλὸέστρῳ</span> <span class='ocrx_word' id='word_1_518' title='bbox 1735 1627 1801 1661; x_wconf 77' lang='grc' dir='ltr'><strong>ἐφη⁸</strong></span> <span class='ocrx_word' id='word_1_519' title='bbox 1818 1625 1880 1652; x_wconf 83' lang='grc' dir='ltr'>Νῦν</span> 
     </span>
    </p>
   </div>
   <div class='ocr_carea' id='block_1_76' title="bbox 1086 1672 1883 1716">
    <p class='ocr_par' dir='ltr' id='par_1_76' title="bbox 1086 1672 1883 1716">
     <span class='ocr_line' id='line_1_76' title="bbox 1086 1672 1883 1716; baseline -0.011 -8"><span class='ocrx_word' id='word_1_520' title='bbox 1086 1682 1121 1708; x_wconf 83' lang='grc' dir='ltr'>τὰ</span> <span class='ocrx_word' id='word_1_521' title='bbox 1135 1682 1245 1716; x_wconf 79' lang='grc' dir='ltr'>ῥήματα</span> <span class='ocrx_word' id='word_1_522' title='bbox 1263 1680 1310 1706; x_wconf 77' lang='grc' dir='ltr'>καὶ</span> <span class='ocrx_word' id='word_1_523' title='bbox 1334 1679 1362 1705; x_wconf 79' lang='grc' dir='ltr'>αἱ</span> <span class='ocrx_word' id='word_1_524' title='bbox 1381 1677 1525 1708; x_wconf 76' lang='grc' dir='ltr'>ὑποθέσεις</span> <span class='ocrx_word' id='word_1_525' title='bbox 1547 1677 1602 1702; x_wconf 85' lang='grc' dir='ltr'>τῶν</span> <span class='ocrx_word' id='word_1_526' title='bbox 1620 1675 1750 1710; x_wconf 75' lang='grc' dir='ltr'>ῥημάτων</span> <span class='ocrx_word' id='word_1_527' title='bbox 1772 1681 1818 1700; x_wconf 83' lang='grc' dir='ltr'><strong>σου</strong></span> <span class='ocrx_word' id='word_1_528' title='bbox 1835 1672 1883 1699; x_wconf 84' lang='grc' dir='ltr'><strong>τὲ-</strong></span> 
     </span>
    </p>
   </div>
   <div class='ocr_carea' id='block_1_77' title="bbox 1087 1720 1882 1763">
    <p class='ocr_par' dir='ltr' id='par_1_77' title="bbox 1087 1720 1882 1763">
     <span class='ocr_line' id='line_1_77' title="bbox 1087 1720 1882 1763; baseline -0.011 -8"><span class='ocrx_word' id='word_1_529' title='bbox 1087 1729 1132 1759; x_wconf 88' lang='grc' dir='ltr'><strong>λος</strong></span> <span class='ocrx_word' id='word_1_530' title='bbox 1145 1726 1188 1763; x_wconf 86' lang='grc' dir='ltr'><strong>[Ρ.</strong></span> <span class='ocrx_word' id='word_1_531' title='bbox 1201 1726 1267 1762; x_wconf 70' lang='grc'><strong>281]</strong></span> <span class='ocrx_word' id='word_1_532' title='bbox 1278 1725 1396 1758; x_wconf 70' lang='grc' dir='ltr'>ἕξουσιν.</span> <span class='ocrx_word' id='word_1_533' title='bbox 1408 1725 1440 1751; x_wconf 85' lang='grc' dir='ltr'><strong>Εἰ</strong></span> <span class='ocrx_word' id='word_1_534' title='bbox 1450 1724 1499 1759; x_wconf 80' lang='grc' dir='ltr'><strong>μὲν</strong></span> <span class='ocrx_word' id='word_1_535' title='bbox 1509 1722 1556 1750; x_wconf 78' lang='grc' dir='ltr'><strong>οὖν</strong></span> <span class='ocrx_word' id='word_1_536' title='bbox 1568 1722 1679 1758; x_wconf 81' lang='grc' dir='ltr'>θαρρεῖς</span> <span class='ocrx_word' id='word_1_537' title='bbox 1692 1722 1733 1752; x_wconf 81' lang='grc' dir='ltr'><strong>εἰς</strong></span> <span class='ocrx_word' id='word_1_538' title='bbox 1747 1720 1777 1747; x_wconf 81' lang='grc' dir='ltr'><strong>τὺ</strong></span> <span class='ocrx_word' id='word_1_539' title='bbox 1791 1720 1882 1755; x_wconf 76' lang='grc' dir='ltr'>δνομα</span> 
     </span>
    </p>
   </div>
   <div class='ocr_carea' id='block_1_78' title="bbox 1088 1765 1881 1803">
    <p class='ocr_par' dir='ltr' id='par_1_78' title="bbox 1088 1765 1881 1803">
     <span class='ocr_line' id='line_1_78' title="bbox 1088 1765 1881 1803; baseline -0.01 -3"><span class='ocrx_word' id='word_1_540' title='bbox 1088 1773 1135 1800; x_wconf 79' lang='grc' dir='ltr'><strong>τοῦ</strong></span> <span class='ocrx_word' id='word_1_541' title='bbox 1154 1772 1223 1799; x_wconf 82' lang='grc' dir='ltr'>Θεοῦ</span> <span class='ocrx_word' id='word_1_542' title='bbox 1240 1780 1298 1802; x_wconf 85' lang='grc' dir='ltr'>σου.</span> <span class='ocrx_word' id='word_1_543' title='bbox 1316 1771 1377 1797; x_wconf 80' lang='grc' dir='ltr'>εἰπὲ</span> <span class='ocrx_word' id='word_1_544' title='bbox 1402 1769 1481 1796; x_wconf 87' lang='grc' dir='ltr'>τοῦτο</span> <span class='ocrx_word' id='word_1_545' title='bbox 1497 1767 1570 1795; x_wconf 88' lang='grc' dir='ltr'>κατὰ</span> <span class='ocrx_word' id='word_1_546' title='bbox 1586 1768 1636 1803; x_wconf 87' lang='grc' dir='ltr'><strong>τὴν</strong></span> <span class='ocrx_word' id='word_1_547' title='bbox 1650 1767 1735 1802; x_wconf 82' lang='grc' dir='ltr'>ἀκοὴν</span> <span class='ocrx_word' id='word_1_548' title='bbox 1750 1766 1797 1793; x_wconf 89' lang='grc' dir='ltr'><strong>τοῦ</strong></span> <span class='ocrx_word' id='word_1_549' title='bbox 1811 1765 1881 1792; x_wconf 81' lang='grc' dir='ltr'>ταύο</span> 
     </span>
    </p>
   </div>
   <div class='ocr_carea' id='block_1_79' title="bbox 1091 1811 1882 1856">
    <p class='ocr_par' dir='ltr' id='par_1_79' title="bbox 1091 1811 1882 1856">
     <span class='ocr_line' id='line_1_79' title="bbox 1091 1811 1882 1856; baseline -0.013 -9"><span class='ocrx_word' id='word_1_550' title='bbox 1091 1829 1149 1856; x_wconf 80' lang='grc' dir='ltr'>ρου,</span> <span class='ocrx_word' id='word_1_551' title='bbox 1172 1819 1219 1846; x_wconf 68' lang='grc' dir='ltr'>καὶ</span> <span class='ocrx_word' id='word_1_552' title='bbox 1240 1817 1371 1854; x_wconf 83' lang='grc' dir='ltr'>δειχθήσῃ</span> <span class='ocrx_word' id='word_1_553' title='bbox 1392 1815 1598 1850; x_wconf 84' lang='grc' dir='ltr'>Παντοκράτορι</span> <span class='ocrx_word' id='word_1_554' title='bbox 1619 1812 1789 1849; x_wconf 81' lang='grc' dir='ltr'>θρησκεύων·</span> <span class='ocrx_word' id='word_1_555' title='bbox 1812 1812 1838 1838; x_wconf 84' lang='grc' dir='ltr'>εἰ</span> <span class='ocrx_word' id='word_1_556' title='bbox 1857 1811 1882 1838; x_wconf 69' lang='grc' dir='ltr'>δ’</span> 
     </span>
    </p>
   </div>
   <div class='ocr_carea' id='block_1_80' title="bbox 1089 1856 1883 1899">
    <p class='ocr_par' dir='ltr' id='par_1_80' title="bbox 1089 1856 1883 1899">
     <span class='ocr_line' id='line_1_80' title="bbox 1089 1856 1883 1899; baseline -0.014 -5"><span class='ocrx_word' id='word_1_557' title='bbox 1089 1865 1149 1899; x_wconf 74' lang='grc' dir='ltr'><strong>οὖν,</strong></span> <span class='ocrx_word' id='word_1_558' title='bbox 1171 1865 1240 1897; x_wconf 78' lang='grc' dir='ltr'>λέξω</span> <span class='ocrx_word' id='word_1_559' title='bbox 1262 1863 1328 1898; x_wconf 75' lang='grc' dir='ltr'>ἐγὼ,</span> <span class='ocrx_word' id='word_1_560' title='bbox 1348 1863 1396 1890; x_wconf 77' lang='grc' dir='ltr'>καὶ</span> <span class='ocrx_word' id='word_1_561' title='bbox 1417 1862 1519 1893; x_wconf 85' lang='grc' dir='ltr'>πάντες</span> <span class='ocrx_word' id='word_1_562' title='bbox 1539 1861 1573 1896; x_wconf 85' lang='grc' dir='ltr'>τῇ</span> <span class='ocrx_word' id='word_1_563' title='bbox 1595 1860 1649 1895; x_wconf 74' lang='grc' dir='ltr'>ἐμῇ</span> <span class='ocrx_word' id='word_1_564' title='bbox 1674 1856 1883 1894; x_wconf 76' lang='grc' dir='ltr'>προσδραμοῦσι</span> 
     </span>
    </p>
   </div>
   <div class='ocr_carea' id='block_1_81' title="bbox 1089 1904 1884 1939">
    <p class='ocr_par' dir='ltr' id='par_1_81' title="bbox 1089 1904 1884 1939">
     <span class='ocr_line' id='line_1_81' title="bbox 1089 1904 1884 1939; baseline -0.014 0"><span class='ocrx_word' id='word_1_565' title='bbox 1089 1912 1192 1939; x_wconf 79' lang='grc' dir='ltr'>πίστει.</span> <span class='ocrx_word' id='word_1_566' title='bbox 1206 1909 1267 1936; x_wconf 85' lang='grc' dir='ltr'>Τῶν</span> <span class='ocrx_word' id='word_1_567' title='bbox 1283 1909 1311 1936; x_wconf 75' lang='grc' dir='ltr'>δὲ</span> <span class='ocrx_word' id='word_1_568' title='bbox 1330 1907 1465 1935; x_wconf 82' lang='grc' dir='ltr'>Ἰουδαίων</span> <span class='ocrx_word' id='word_1_569' title='bbox 1484 1906 1533 1933; x_wconf 79' lang='grc' dir='ltr'>καὶ</span> <span class='ocrx_word' id='word_1_570' title='bbox 1552 1905 1608 1932; x_wconf 82' lang='grc' dir='ltr'><strong>τῶν</strong></span> <span class='ocrx_word' id='word_1_571' title='bbox 1629 1904 1719 1932; x_wconf 75' lang='grc' dir='ltr'>ἄλλων</span> <span class='ocrx_word' id='word_1_572' title='bbox 1734 1911 1884 1938; x_wconf 92' lang='grc' dir='ltr'>παρορμη-</span> 
     </span>
    </p>
   </div>
   <div class='ocr_carea' id='block_1_82' title="bbox 1092 1948 1884 1988">
    <p class='ocr_par' dir='ltr' id='par_1_82' title="bbox 1092 1948 1884 1988">
     <span class='ocr_line' id='line_1_82' title="bbox 1092 1948 1884 1988; baseline -0.014 -3"><span class='ocrx_word' id='word_1_573' title='bbox 1092 1958 1196 1985; x_wconf 84' lang='grc' dir='ltr'>σάντων</span> <span class='ocrx_word' id='word_1_574' title='bbox 1208 1957 1295 1983; x_wconf 85' lang='grc' dir='ltr'>είπεῖν</span> <span class='ocrx_word' id='word_1_575' title='bbox 1308 1955 1356 1982; x_wconf 82' lang='grc' dir='ltr'><strong>τὸν</strong></span> <span class='ocrx_word' id='word_1_576' title='bbox 1370 1953 1502 1988; x_wconf 76' lang='grc' dir='ltr'>Ζαμϐρῆν</span> <span class='ocrx_word' id='word_1_577' title='bbox 1522 1952 1553 1979; x_wconf 79' lang='grc' dir='ltr'>τὸ</span> <span class='ocrx_word' id='word_1_578' title='bbox 1565 1951 1651 1987; x_wconf 70' lang='grc' dir='ltr'>ὄνομα</span> <span class='ocrx_word' id='word_1_579' title='bbox 1665 1950 1718 1977; x_wconf 81' lang='grc' dir='ltr'><strong>ὑπὸ</strong></span> <span class='ocrx_word' id='word_1_580' title='bbox 1734 1949 1783 1984; x_wconf 88' lang='grc' dir='ltr'><strong>τὴν</strong></span> <span class='ocrx_word' id='word_1_581' title='bbox 1795 1948 1884 1983; x_wconf 80' lang='grc' dir='ltr'>ἀκοὴν</span> 
     </span>
    </p>
   </div>
   <div class='ocr_carea' id='block_1_83' title="bbox 1091 1995 1884 2038">
    <p class='ocr_par' dir='ltr' id='par_1_83' title="bbox 1091 1995 1884 2038">
     <span class='ocr_line' id='line_1_83' title="bbox 1091 1995 1884 2038; baseline -0.014 -6"><span class='ocrx_word' id='word_1_582' title='bbox 1091 2004 1138 2031; x_wconf 83' lang='grc' dir='ltr'><strong>τοῦ</strong></span> <span class='ocrx_word' id='word_1_583' title='bbox 1160 2003 1272 2038; x_wconf 82' lang='grc' dir='ltr'>ταύρου,</span> <span class='ocrx_word' id='word_1_584' title='bbox 1294 2001 1343 2028; x_wconf 79' lang='grc' dir='ltr'>καὶ</span> <span class='ocrx_word' id='word_1_585' title='bbox 1364 2000 1460 2027; x_wconf 87' lang='grc' dir='ltr'>τούτου</span> <span class='ocrx_word' id='word_1_586' title='bbox 1483 1998 1618 2030; x_wconf 76' lang='grc' dir='ltr'>εἰπόντος,</span> <span class='ocrx_word' id='word_1_587' title='bbox 1643 1997 1724 2028; x_wconf 81' lang='grc' dir='ltr'>εὐθὺς</span> <span class='ocrx_word' id='word_1_588' title='bbox 1746 1997 1760 2022; x_wconf 79' lang='grc' dir='ltr'>ὁ</span> <span class='ocrx_word' id='word_1_589' title='bbox 1781 1995 1884 2030; x_wconf 81' lang='grc' dir='ltr'>ταῦρος</span> 
     </span>
    </p>
   </div>
   <div class='ocr_carea' id='block_1_84' title="bbox 1094 2041 1883 2085">
    <p class='ocr_par' dir='ltr' id='par_1_84' title="bbox 1094 2041 1883 2085">
     <span class='ocr_line' id='line_1_84' title="bbox 1094 2041 1883 2085; baseline -0.013 -8"><span class='ocrx_word' id='word_1_590' title='bbox 1094 2050 1285 2085; x_wconf 82' lang='grc' dir='ltr'>μυκησάμενος</span> <span class='ocrx_word' id='word_1_591' title='bbox 1301 2047 1373 2082; x_wconf 80' lang='grc' dir='ltr'>μέγα</span> <span class='ocrx_word' id='word_1_592' title='bbox 1390 2046 1443 2073; x_wconf 86' lang='grc' dir='ltr'>τῶν</span> <span class='ocrx_word' id='word_1_593' title='bbox 1455 2044 1603 2079; x_wconf 82' lang='grc' dir='ltr'>ὀφθαλμῶν</span> <span class='ocrx_word' id='word_1_594' title='bbox 1616 2042 1698 2070; x_wconf 76' lang='grc' dir='ltr'>αὐτοῦ</span> <span class='ocrx_word' id='word_1_595' title='bbox 1716 2041 1883 2074; x_wconf 70' lang='grc' dir='ltr'>ἐξελθόντων</span> 
     </span>
    </p>
   </div>
   <div class='ocr_carea' id='block_1_85' title="bbox 1093 2085 1885 2129">
    <p class='ocr_par' dir='ltr' id='par_1_85' title="bbox 1093 2085 1885 2129">
     <span class='ocr_line' id='line_1_85' title="bbox 1093 2085 1885 2129; baseline -0.013 -8"><span class='ocrx_word' id='word_1_596' title='bbox 1093 2093 1235 2129; x_wconf 75' lang='grc' dir='ltr'>ἐξέψυξεν.</span> <span class='ocrx_word' id='word_1_597' title='bbox 1265 2090 1506 2126; x_wconf 80' lang='grc' dir='ltr'>Ἀνασκιρτώντων</span> <span class='ocrx_word' id='word_1_598' title='bbox 1526 2087 1573 2116; x_wconf 81' lang='grc' dir='ltr'>οὖν</span> <span class='ocrx_word' id='word_1_599' title='bbox 1595 2087 1649 2114; x_wconf 86' lang='grc' dir='ltr'>τῶν</span> <span class='ocrx_word' id='word_1_600' title='bbox 1679 2086 1815 2114; x_wconf 81' lang='grc' dir='ltr'>Ἰουδαίων</span> <span class='ocrx_word' id='word_1_601' title='bbox 1835 2085 1885 2112; x_wconf 74' lang='grc' dir='ltr'>καὶ</span> 
     </span>
    </p>
   </div>
   <div class='ocr_carea' id='block_1_86' title="bbox 1096 2132 1885 2176">
    <p class='ocr_par' dir='ltr' id='par_1_86' title="bbox 1096 2132 1885 2176">
     <span class='ocr_line' id='line_1_86' title="bbox 1096 2132 1885 2176; baseline -0.014 -9"><span class='ocrx_word' id='word_1_602' title='bbox 1096 2137 1339 2176; x_wconf 79' lang='grc' dir='ltr'>μεγαλαυχούντων</span> <span class='ocrx_word' id='word_1_603' title='bbox 1353 2135 1425 2162; x_wconf 81' lang='grc' dir='ltr'>κατὰ</span> <span class='ocrx_word' id='word_1_604' title='bbox 1435 2134 1608 2170; x_wconf 75' lang='grc' dir='ltr'>Σιλόέστρου,</span> <span class='ocrx_word' id='word_1_605' title='bbox 1622 2133 1670 2160; x_wconf 79' lang='grc' dir='ltr'><strong>καὶ</strong></span> <span class='ocrx_word' id='word_1_606' title='bbox 1683 2132 1738 2159; x_wconf 82' lang='grc' dir='ltr'>τῶν</span> <span class='ocrx_word' id='word_1_607' title='bbox 1750 2132 1885 2167; x_wconf 82' lang='grc' dir='ltr'>Χριστια-</span> 
     </span>
    </p>
   </div>
   <div class='ocr_carea' id='block_1_87' title="bbox 1094 2177 1883 2219">
    <p class='ocr_par' dir='ltr' id='par_1_87' title="bbox 1094 2177 1883 2219">
     <span class='ocr_line' id='line_1_87' title="bbox 1094 2177 1883 2219; baseline -0.014 -5"><span class='ocrx_word' id='word_1_608' title='bbox 1094 2186 1148 2214; x_wconf 88' lang='grc' dir='ltr'>νῶν</span> <span class='ocrx_word' id='word_1_609' title='bbox 1163 2183 1340 2219; x_wconf 84' lang='grc' dir='ltr'>λυπουμένων</span> <span class='ocrx_word' id='word_1_610' title='bbox 1354 2182 1468 2217; x_wconf 81' lang='grc' dir='ltr'>σφόδρα,</span> <span class='ocrx_word' id='word_1_611' title='bbox 1483 2179 1610 2208; x_wconf 82' lang='grc' dir='ltr'>κελεῦσαι</span> <span class='ocrx_word' id='word_1_612' title='bbox 1623 2179 1663 2214; x_wconf 86' lang='grc' dir='ltr'>τῷ</span> <span class='ocrx_word' id='word_1_613' title='bbox 1677 2177 1734 2213; x_wconf 84' lang='grc' dir='ltr'><strong>λαῷ</strong></span> <span class='ocrx_word' id='word_1_614' title='bbox 1745 2177 1883 2213; x_wconf 72' lang='grc' dir='ltr'>ὴσυχάσσι</span> 
     </span>
    </p>
   </div>
   <div class='ocr_carea' id='block_1_88' title="bbox 257 2221 1030 2274">
    <p class='ocr_par' dir='ltr' id='par_1_88' title="bbox 257 2232 1030 2274">
     <span class='ocr_line' id='line_1_88' title="bbox 257 2232 1030 2274; baseline -0.009 -9"><span class='ocrx_word' id='word_1_615' title='bbox 257 2241 303 2274; x_wconf 72' lang='lat' dir='ltr'><strong>qui</strong></span> <span class='ocrx_word' id='word_1_616' title='bbox 322 2239 401 2266; x_wconf 60' lang='lat' dir='ltr'><strong>caecis</strong></span> <span class='ocrx_word' id='word_1_617' title='bbox 416 2238 516 2269; x_wconf 87' lang='lat' dir='ltr'><strong>visum,</strong></span> <span class='ocrx_word' id='word_1_618' title='bbox 536 2236 628 2264; x_wconf 86' lang='lat' dir='ltr'><strong>surdis</strong></span> <span class='ocrx_word' id='word_1_619' title='bbox 643 2235 777 2264; x_wconf 88' lang='lat' dir='ltr'><strong>auditum.</strong></span> <span class='ocrx_word' id='word_1_620' title='bbox 799 2234 882 2260; x_wconf 83' lang='lat' dir='ltr'><strong>mutis</strong></span> <span class='ocrx_word' id='word_1_621' title='bbox 905 2232 1030 2267; x_wconf 85' lang='lat' dir='ltr'><strong>loquelan</strong></span> 
     </span>
    </p>
   </div>
   <div class='ocr_carea' id='block_1_89' title="bbox 1083 2221 1883 2274">
    <p class='ocr_par' dir='ltr' id='par_1_89' title="bbox 1094 2221 1883 2267">
     <span class='ocr_line' id='line_1_89' title="bbox 1094 2221 1883 2267; baseline -0.013 -10"><span class='ocrx_word' id='word_1_622' title='bbox 1094 2230 1248 2267; x_wconf 85' lang='grc' dir='ltr'>παρακαλεί</span> <span class='ocrx_word' id='word_1_623' title='bbox 1268 2229 1282 2255; x_wconf 85' lang='grc' dir='ltr'>ὁ</span> <span class='ocrx_word' id='word_1_624' title='bbox 1307 2227 1468 2261; x_wconf 63' lang='lat' dir='ltr'><strong>Elimea-spec</strong></span> <span class='ocrx_word' id='word_1_625' title='bbox 1488 2225 1534 2252; x_wconf 78' lang='grc' dir='ltr'><strong>τὸν</strong></span> <span class='ocrx_word' id='word_1_626' title='bbox 1558 2224 1682 2260; x_wconf 81' lang='grc' dir='ltr'>βασιλέα.</span> <span class='ocrx_word' id='word_1_627' title='bbox 1707 2222 1763 2250; x_wconf 78' lang='grc' dir='ltr'><strong>Καὶ</strong></span> <span class='ocrx_word' id='word_1_628' title='bbox 1783 2221 1883 2249; x_wconf 83' lang='grc' dir='ltr'>τούτου</span> 
     </span>
    </p>
   </div>
   <div class='ocr_carea' id='block_1_90' title="bbox 259 2278 1039 2317">
    <p class='ocr_par' dir='ltr' id='par_1_90' title="bbox 259 2278 1039 2317">
     <span class='ocr_line' id='line_1_90' title="bbox 259 2278 1039 2317; baseline -0.013 -4"><span class='ocrx_word' id='word_1_629' title='bbox 259 2286 390 2317; x_wconf 85' lang='lat' dir='ltr'><strong>restituit,</strong></span> <span class='ocrx_word' id='word_1_630' title='bbox 406 2292 503 2312; x_wconf 88' lang='lat' dir='ltr'><strong>manus</strong></span> <span class='ocrx_word' id='word_1_631' title='bbox 523 2283 615 2310; x_wconf 84' lang='lat' dir='ltr'><strong>aridas</strong></span> <span class='ocrx_word' id='word_1_632' title='bbox 634 2281 749 2312; x_wconf 88' lang='lat' dir='ltr'><strong>sanavit,</strong></span> <span class='ocrx_word' id='word_1_633' title='bbox 777 2279 889 2306; x_wconf 81' lang='lat' dir='ltr'><strong>claudos</strong></span> <span class='ocrx_word' id='word_1_634' title='bbox 911 2278 938 2305; x_wconf 89' lang='lat' dir='ltr'><strong>in</strong></span> <span class='ocrx_word' id='word_1_635' title='bbox 969 2278 1039 2304; x_wconf 87' lang='lat' dir='ltr'><strong>inte-</strong></span> 
     </span>
    </p>
   </div>
   <div class='ocr_carea' id='block_1_91' title="bbox 1091 2268 1884 2311">
    <p class='ocr_par' dir='ltr' id='par_1_91' title="bbox 1091 2268 1884 2311">
     <span class='ocr_line' id='line_1_91' title="bbox 1091 2268 1884 2311; baseline -0.013 -8"><span class='ocrx_word' id='word_1_636' title='bbox 1091 2275 1239 2311; x_wconf 72' lang='grc' dir='ltr'>γενομένου</span> <span class='ocrx_word' id='word_1_637' title='bbox 1263 2274 1311 2300; x_wconf 77' lang='grc' dir='ltr'>καὶ</span> <span class='ocrx_word' id='word_1_638' title='bbox 1332 2273 1375 2307; x_wconf 74' lang='grc' dir='ltr'><strong>ἐφ’</strong></span> <span class='ocrx_word' id='word_1_639' title='bbox 1401 2272 1504 2308; x_wconf 77' lang='grc' dir='ltr'>ὑψηλοῦ</span> <span class='ocrx_word' id='word_1_640' title='bbox 1525 2271 1610 2298; x_wconf 82' lang='grc' dir='ltr'>τόπου</span> <span class='ocrx_word' id='word_1_641' title='bbox 1635 2269 1730 2311; x_wconf 59' lang='lat' dir='ltr'><strong>uaga</strong></span> <span class='ocrx_word' id='word_1_642' title='bbox 1747 2268 1884 2304; x_wconf 77' lang='grc' dir='ltr'>μακάριος</span> 
     </span>
    </p>
   </div>
   <div class='ocr_carea' id='block_1_92' title="bbox 259 2309 1030 2368">
    <p class='ocr_par' dir='ltr' id='par_1_92' title="bbox 259 2323 1030 2368">
     <span class='ocr_line' id='line_1_92' title="bbox 259 2323 1030 2368; baseline -0.013 -9"><span class='ocrx_word' id='word_1_643' title='bbox 259 2340 339 2368; x_wconf 85' lang='lat' dir='ltr'><strong>grum</strong></span> <span class='ocrx_word' id='word_1_644' title='bbox 361 2331 482 2366; x_wconf 82' lang='lat' dir='ltr'><strong>reposuit</strong></span> <span class='ocrx_word' id='word_1_645' title='bbox 509 2333 619 2360; x_wconf 86' lang='lat' dir='ltr'><strong>statum,</strong></span> <span class='ocrx_word' id='word_1_646' title='bbox 634 2328 756 2362; x_wconf 87' lang='lat' dir='ltr'><strong>leprosos</strong></span> <span class='ocrx_word' id='word_1_647' title='bbox 781 2325 918 2361; x_wconf 82' lang='lat' dir='ltr'><strong>purgavit,</strong></span> <span class='ocrx_word' id='word_1_648' title='bbox 934 2323 1030 2350; x_wconf 55' lang='lat' dir='ltr'><strong>luxatov</strong></span> 
     </span>
    </p>
   </div>
   <div class='ocr_carea' id='block_1_93' title="bbox 1083 2309 1884 2368">
    <p class='ocr_par' dir='ltr' id='par_1_93' title="bbox 1093 2309 1884 2356">
     <span class='ocr_line' id='line_1_93' title="bbox 1093 2309 1884 2356; baseline -0.011 -7"><span class='ocrx_word' id='word_1_649' title='bbox 1093 2309 1254 2356; x_wconf 62' lang='grc' dir='ltr'>Σιλσεστρος</span> <span class='ocrx_word' id='word_1_650' title='bbox 1268 2320 1320 2355; x_wconf 75' lang='grc' dir='ltr'>ἐφη</span> <span class='ocrx_word' id='word_1_651' title='bbox 1333 2326 1340 2333; x_wconf 94' lang='grc'><strong>·</strong></span> <span class='ocrx_word' id='word_1_652' title='bbox 1360 2318 1508 2346; x_wconf 81' lang='grc' dir='ltr'>’Δκούσατέ</span> <span class='ocrx_word' id='word_1_653' title='bbox 1519 2326 1581 2352; x_wconf 82' lang='grc' dir='ltr'>μου,</span> <span class='ocrx_word' id='word_1_654' title='bbox 1595 2309 1724 2352; x_wconf 79' lang='grc' dir='ltr'>ἄρχοντες</span> <span class='ocrx_word' id='word_1_655' title='bbox 1742 2314 1789 2341; x_wconf 68' lang='grc' dir='ltr'>καὶ</span> <span class='ocrx_word' id='word_1_656' title='bbox 1802 2312 1884 2340; x_wconf 73' lang='grc' dir='ltr'>δυνά-</span> 
     </span>
    </p>
   </div>
   <div class='ocr_carea' id='block_1_94' title="bbox 259 2358 1030 2408">
    <p class='ocr_par' dir='ltr' id='par_1_94' title="bbox 259 2358 1030 2408">
     <span class='ocr_line' id='line_1_94' title="bbox 259 2358 846 2368; baseline -0.014 0"><span class='ocrx_word' id='word_1_657' title='bbox 259 2358 309 2368; x_wconf 54' lang='grc' dir='ltr'><strong>ονη</strong></span> <span class='ocrx_word' id='word_1_658' title='bbox 393 2358 400 2366; x_wconf 94' lang='grc'>.</span> <span class='ocrx_word' id='word_1_659' title='bbox 613 2358 617 2360; x_wconf 95' lang='grc'>.</span> <span class='ocrx_word' id='word_1_660' title='bbox 660 2358 668 2362; x_wconf 98' lang='grc'>.</span> <span class='ocrx_word' id='word_1_661' title='bbox 782 2358 790 2361; x_wconf 80' lang='grc'>,</span> <span class='ocrx_word' id='word_1_662' title='bbox 836 2358 846 2360; x_wconf 60' lang='lat'><strong>-</strong></span> 
     </span>
     <span class='ocr_line' id='line_1_95' title="bbox 259 2369 1030 2408; baseline -0.014 -2"><span class='ocrx_word' id='word_1_663' title='bbox 259 2383 337 2405; x_wconf 86' lang='lat' dir='ltr'><strong>artus</strong></span> <span class='ocrx_word' id='word_1_664' title='bbox 356 2376 484 2408; x_wconf 80' lang='lat' dir='ltr'><strong>ﬁrmavit,</strong></span> <span class='ocrx_word' id='word_1_665' title='bbox 511 2380 634 2402; x_wconf 91' lang='lat' dir='ltr'><strong>mortuos</strong></span> <span class='ocrx_word' id='word_1_666' title='bbox 654 2373 682 2400; x_wconf 90' lang='lat' dir='ltr'><strong>in</strong></span> <span class='ocrx_word' id='word_1_667' title='bbox 708 2373 790 2399; x_wconf 87' lang='lat' dir='ltr'><strong>vitam</strong></span> <span class='ocrx_word' id='word_1_668' title='bbox 820 2370 940 2398; x_wconf 81' lang='lat' dir='ltr'><strong>reduxit.</strong></span> <span class='ocrx_word' id='word_1_669' title='bbox 967 2369 1030 2397; x_wconf 43' lang='lat' dir='ltr'><strong>Undt</strong></span> 
     </span>
    </p>
   </div>
   <div class='ocr_carea' id='block_1_95' title="bbox 1083 2358 1884 2408">
    <p class='ocr_par' dir='ltr' id='par_1_95' title="bbox 1094 2358 1884 2397">
     <span class='ocr_line' id='line_1_96' title="bbox 1094 2358 1884 2397; baseline -0.011 -3"><span class='ocrx_word' id='word_1_670' title='bbox 1094 2374 1165 2397; x_wconf 83' lang='grc' dir='ltr'>σται,</span> <span class='ocrx_word' id='word_1_671' title='bbox 1182 2366 1230 2392; x_wconf 72' lang='grc' dir='ltr'>καὶ</span> <span class='ocrx_word' id='word_1_672' title='bbox 1243 2363 1418 2397; x_wconf 73' lang='grc' dir='ltr'>ἐνωτίσασθε,</span> <span class='ocrx_word' id='word_1_673' title='bbox 1431 2363 1490 2390; x_wconf 74' lang='grc' dir='ltr'>λαοὶ</span> <span class='ocrx_word' id='word_1_674' title='bbox 1503 2362 1634 2393; x_wconf 73' lang='grc' dir='ltr'>ᾶπαντες,</span> <span class='ocrx_word' id='word_1_675' title='bbox 1644 2360 1679 2386; x_wconf 85' lang='grc' dir='ltr'>τὰ</span> <span class='ocrx_word' id='word_1_676' title='bbox 1692 2358 1804 2395; x_wconf 79' lang='grc' dir='ltr'>ῥήματά</span> <span class='ocrx_word' id='word_1_677' title='bbox 1820 2365 1884 2392; x_wconf 86' lang='grc' dir='ltr'>μου.</span> 
     </span>
    </p>
   </div>
   <div class='ocr_carea' id='block_1_96' title="bbox 262 2404 1030 2459">
    <p class='ocr_par' dir='ltr' id='par_1_96' title="bbox 262 2415 1030 2459">
     <span class='ocr_line' id='line_1_97' title="bbox 262 2415 1030 2459; baseline -0.017 -6"><span class='ocrx_word' id='word_1_678' title='bbox 262 2425 368 2459; x_wconf 87' lang='lat' dir='ltr'><strong>liquido</strong></span> <span class='ocrx_word' id='word_1_679' title='bbox 380 2427 422 2452; x_wconf 88' lang='lat' dir='ltr'><strong>est</strong></span> <span class='ocrx_word' id='word_1_680' title='bbox 446 2423 663 2450; x_wconf 83' lang='lat' dir='ltr'><strong>demonstratum</strong></span> <span class='ocrx_word' id='word_1_681' title='bbox 686 2425 786 2446; x_wconf 88' lang='lat' dir='ltr'><strong>nomen</strong></span> <span class='ocrx_word' id='word_1_682' title='bbox 812 2416 889 2447; x_wconf 85' lang='lat' dir='ltr'><strong>illud,</strong></span> <span class='ocrx_word' id='word_1_683' title='bbox 907 2415 980 2450; x_wconf 88' lang='lat' dir='ltr'><strong>quod</strong></span> <span class='ocrx_word' id='word_1_684' title='bbox 1011 2422 1030 2441; x_wconf 67' lang='lat' dir='ltr'><strong>an</strong></span> 
     </span>
    </p>
   </div>
   <div class='ocr_carea' id='block_1_97' title="bbox 1083 2404 1884 2459">
    <p class='ocr_par' dir='ltr' id='par_1_97' title="bbox 1100 2404 1884 2459">
     <span class='ocr_line' id='line_1_98' title="bbox 1100 2404 1884 2446; baseline -0.011 -8"><span class='ocrx_word' id='word_1_685' title='bbox 1100 2411 1172 2446; x_wconf 86' lang='grc' dir='ltr'><strong>Ἐγὼ</strong></span> <span class='ocrx_word' id='word_1_686' title='bbox 1186 2411 1231 2438; x_wconf 74' lang='grc' dir='ltr'><strong>τὸν</strong></span> <span class='ocrx_word' id='word_1_687' title='bbox 1247 2410 1388 2445; x_wconf 82' lang='grc' dir='ltr'>Δεσπότην</span> <span class='ocrx_word' id='word_1_688' title='bbox 1402 2410 1450 2436; x_wconf 77' lang='grc' dir='ltr'>καὶ</span> <span class='ocrx_word' id='word_1_689' title='bbox 1471 2407 1573 2444; x_wconf 85' lang='grc' dir='ltr'>Κύριον</span> <span class='ocrx_word' id='word_1_690' title='bbox 1591 2406 1693 2438; x_wconf 82' lang='grc' dir='ltr'>παντὸς</span> <span class='ocrx_word' id='word_1_691' title='bbox 1715 2404 1762 2432; x_wconf 81' lang='grc' dir='ltr'><strong>τοῦ</strong></span> <span class='ocrx_word' id='word_1_692' title='bbox 1780 2404 1884 2438; x_wconf 87' lang='grc' dir='ltr'>κόσμου</span> 
     </span>
     <span class='ocr_line' id='line_1_99' title="bbox 1177 2447 1884 2459; baseline 0 0"><span class='ocrx_word' id='word_1_693' title='bbox 1177 2457 1189 2459; x_wconf 33' lang='grc' dir='ltr'><strong>μ</strong></span> <span class='ocrx_word' id='word_1_694' title='bbox 1222 2457 1243 2459; x_wconf 30' lang='grc' dir='ltr'><em>ἡ</em></span> <span class='ocrx_word' id='word_1_695' title='bbox 1310 2456 1316 2459; x_wconf 89' lang='grc'>.</span> <span class='ocrx_word' id='word_1_696' title='bbox 1425 2455 1431 2459; x_wconf 93' lang='grc'>.</span> <span class='ocrx_word' id='word_1_697' title='bbox 1542 2454 1549 2459; x_wconf 93' lang='grc'>.</span> <span class='ocrx_word' id='word_1_698' title='bbox 1702 2451 1709 2459; x_wconf 92' lang='grc'><strong><em>,</em></strong></span> <span class='ocrx_word' id='word_1_699' title='bbox 1777 2458 1787 2459; x_wconf 31' lang='grc' dir='ltr'><em>κ</em></span> <span class='ocrx_word' id='word_1_700' title='bbox 1801 2447 1839 2459; x_wconf 48' lang='grc' dir='ltr'>ηλ</span> <span class='ocrx_word' id='word_1_701' title='bbox 1847 2448 1884 2459; x_wconf 69' lang='grc' dir='ltr'><strong>-ς-</strong></span> 
     </span>
    </p>
   </div>
   <div class='ocr_carea' id='block_1_98' title="bbox 260 2447 1030 2499">
    <p class='ocr_par' dir='ltr' id='par_1_98' title="bbox 260 2447 1030 2499">
     <span class='ocr_line' id='line_1_100' title="bbox 262 2447 922 2459; baseline -0.017 -6"><span class='ocrx_word' id='word_1_702' title='bbox 262 2447 366 2459; x_wconf 59' lang='grc' dir='ltr'><strong>...μμ-ν</strong></span> <span class='ocrx_word' id='word_1_703' title='bbox 382 2447 421 2452; x_wconf 42' lang='grc' dir='ltr'><strong>--τ</strong></span> <span class='ocrx_word' id='word_1_704' title='bbox 448 2447 522 2450; x_wconf 47' lang='lat' dir='ltr'><strong>-m,</strong></span> <span class='ocrx_word' id='word_1_705' title='bbox 552 2447 558 2448; x_wconf 61' lang='lat'><strong><em>,</em></strong></span> <span class='ocrx_word' id='word_1_706' title='bbox 916 2447 922 2450; x_wconf 89' lang='lat'>_</span> 
     </span>
     <span class='ocr_line' id='line_1_101' title="bbox 260 2461 1030 2499; baseline -0.016 0"><span class='ocrx_word' id='word_1_707' title='bbox 260 2470 415 2499; x_wconf 88' lang='lat' dir='ltr'><strong>necandum</strong></span> <span class='ocrx_word' id='word_1_708' title='bbox 433 2473 539 2496; x_wconf 85' lang='lat' dir='ltr'><strong>taurum</strong></span> <span class='ocrx_word' id='word_1_709' title='bbox 555 2466 686 2493; x_wconf 83' lang='lat' dir='ltr'><strong>Zambres</strong></span> <span class='ocrx_word' id='word_1_710' title='bbox 698 2463 846 2494; x_wconf 86' lang='lat' dir='ltr'><strong>invocavit,</strong></span> <span class='ocrx_word' id='word_1_711' title='bbox 859 2461 957 2489; x_wconf 84' lang='lat' dir='ltr'><strong>diaboli</strong></span> <span class='ocrx_word' id='word_1_712' title='bbox 971 2468 1030 2488; x_wconf 86' lang='lat' dir='ltr'><strong>esse</strong></span> 
     </span>
    </p>
   </div>
   <div class='ocr_carea' id='block_1_99' title="bbox 1083 2447 1886 2499">
    <p class='ocr_par' dir='ltr' id='par_1_99' title="bbox 1101 2447 1886 2493">
     <span class='ocr_line' id='line_1_102' title="bbox 1101 2447 1886 2493; baseline -0.014 -8"><span class='ocrx_word' id='word_1_713' title='bbox 1101 2457 1207 2493; x_wconf 86' lang='grc' dir='ltr'>Ἰησοῦν</span> <span class='ocrx_word' id='word_1_714' title='bbox 1221 2456 1339 2493; x_wconf 78' lang='grc' dir='ltr'>Χριστὸν</span> <span class='ocrx_word' id='word_1_715' title='bbox 1361 2455 1500 2491; x_wconf 83' lang='grc' dir='ltr'>κηρύττω,</span> <span class='ocrx_word' id='word_1_716' title='bbox 1524 2454 1572 2480; x_wconf 77' lang='grc' dir='ltr'>τὸν</span> <span class='ocrx_word' id='word_1_717' title='bbox 1584 2451 1762 2488; x_wconf 86' lang='grc' dir='ltr'>παρασχόντα</span> <span class='ocrx_word' id='word_1_718' title='bbox 1774 2447 1886 2483; x_wconf 80' lang='grc' dir='ltr'>τυφλοῖς</span> 
     </span>
    </p>
   </div>
   <div class='ocr_carea' id='block_1_100' title="bbox 265 2495 1030 2544">
    <p class='ocr_par' dir='ltr' id='par_1_100' title="bbox 265 2506 1028 2544">
     <span class='ocr_line' id='line_1_103' title="bbox 265 2506 1028 2544; baseline -0.016 0"><span class='ocrx_word' id='word_1_719' title='bbox 265 2517 294 2544; x_wconf 86' lang='lat' dir='ltr'><strong>Si</strong></span> <span class='ocrx_word' id='word_1_720' title='bbox 310 2516 383 2544; x_wconf 78' lang='lat' dir='ltr'><strong>enim</strong></span> <span class='ocrx_word' id='word_1_721' title='bbox 400 2517 510 2542; x_wconf 86' lang='lat' dir='ltr'><strong>mortuo</strong></span> <span class='ocrx_word' id='word_1_722' title='bbox 526 2513 608 2539; x_wconf 87' lang='lat' dir='ltr'><strong>vitam</strong></span> <span class='ocrx_word' id='word_1_723' title='bbox 624 2510 739 2538; x_wconf 89' lang='lat' dir='ltr'><strong>reddere</strong></span> <span class='ocrx_word' id='word_1_724' title='bbox 756 2516 808 2536; x_wconf 89' lang='lat' dir='ltr'><strong>non</strong></span> <span class='ocrx_word' id='word_1_725' title='bbox 825 2511 926 2543; x_wconf 79' lang='lat' dir='ltr'><strong>potest,</strong></span> <span class='ocrx_word' id='word_1_726' title='bbox 950 2506 1028 2541; x_wconf 90' lang='lat' dir='ltr'><strong>utiqu</strong></span> 
     </span>
    </p>
   </div>
   <div class='ocr_carea' id='block_1_101' title="bbox 1083 2495 1888 2544">
    <p class='ocr_par' dir='ltr' id='par_1_101' title="bbox 1097 2495 1888 2538">
     <span class='ocr_line' id='line_1_104' title="bbox 1097 2495 1888 2538; baseline -0.014 -7"><span class='ocrx_word' id='word_1_727' title='bbox 1097 2503 1244 2538; x_wconf 75' lang='grc' dir='ltr'>ἀνάϐλεψιν</span> <span class='ocrx_word' id='word_1_728' title='bbox 1256 2503 1304 2530; x_wconf 80' lang='grc' dir='ltr'>καὶ</span> <span class='ocrx_word' id='word_1_729' title='bbox 1322 2503 1424 2537; x_wconf 87' lang='grc' dir='ltr'>κωφοῖς</span> <span class='ocrx_word' id='word_1_730' title='bbox 1435 2501 1556 2533; x_wconf 80' lang='grc' dir='ltr'>ἀκούειν,</span> <span class='ocrx_word' id='word_1_731' title='bbox 1571 2499 1680 2529; x_wconf 86' lang='grc' dir='ltr'>ἀλάλοις</span> <span class='ocrx_word' id='word_1_732' title='bbox 1700 2495 1888 2536; x_wconf 71' lang='grc' dir='ltr'>χαρισάμενον</span> 
     </span>
    </p>
   </div>
   <div class='ocr_carea' id='block_1_102' title="bbox 260 2539 1030 2590">
    <p class='ocr_par' dir='ltr' id='par_1_102' title="bbox 260 2554 1030 2590">
     <span class='ocr_line' id='line_1_105' title="bbox 260 2554 1030 2590; baseline -0.014 -2"><span class='ocrx_word' id='word_1_733' title='bbox 260 2562 325 2590; x_wconf 70' lang='lat' dir='ltr'><strong>vitae</strong></span> <span class='ocrx_word' id='word_1_734' title='bbox 341 2565 368 2589; x_wconf 91' lang='lat' dir='ltr'><strong>et</strong></span> <span class='ocrx_word' id='word_1_735' title='bbox 385 2559 483 2588; x_wconf 86' lang='lat' dir='ltr'><strong>salutis</strong></span> <span class='ocrx_word' id='word_1_736' title='bbox 499 2557 586 2585; x_wconf 86' lang='lat' dir='ltr'><strong>hostis</strong></span> <span class='ocrx_word' id='word_1_737' title='bbox 598 2561 650 2587; x_wconf 89' lang='lat' dir='ltr'><strong>est,</strong></span> <span class='ocrx_word' id='word_1_738' title='bbox 663 2555 710 2590; x_wconf 87' lang='lat' dir='ltr'><strong>qui</strong></span> <span class='ocrx_word' id='word_1_739' title='bbox 732 2554 821 2581; x_wconf 89' lang='lat' dir='ltr'><strong>vivum</strong></span> <span class='ocrx_word' id='word_1_740' title='bbox 841 2560 950 2583; x_wconf 85' lang='lat' dir='ltr'><strong>necare.</strong></span> <span class='ocrx_word' id='word_1_741' title='bbox 972 2558 1030 2578; x_wconf 88' lang='lat' dir='ltr'><strong>ntor</strong></span> 
     </span>
    </p>
   </div>
   <div class='ocr_carea' id='block_1_103' title="bbox 1083 2539 1889 2590">
    <p class='ocr_par' dir='ltr' id='par_1_103' title="bbox 1097 2539 1889 2590">
     <span class='ocr_line' id='line_1_106' title="bbox 1097 2539 1889 2590; baseline -0.014 -14"><span class='ocrx_word' id='word_1_742' title='bbox 1097 2549 1199 2581; x_wconf 82' lang='grc' dir='ltr'>λαλεῖν,</span> <span class='ocrx_word' id='word_1_743' title='bbox 1217 2550 1313 2584; x_wconf 81' lang='grc' dir='ltr'>χεῖρας</span> <span class='ocrx_word' id='word_1_744' title='bbox 1333 2548 1419 2584; x_wconf 79' lang='grc' dir='ltr'>ξηρὰς</span> <span class='ocrx_word' id='word_1_745' title='bbox 1443 2546 1601 2582; x_wconf 77' lang='grc' dir='ltr'>ἰασάμενον,</span> <span class='ocrx_word' id='word_1_746' title='bbox 1624 2543 1721 2579; x_wconf 84' lang='grc' dir='ltr'>χωλοῖς</span> <span class='ocrx_word' id='word_1_747' title='bbox 1742 2542 1814 2568; x_wconf 74' lang='grc' dir='ltr'>ἴασιν</span> <span class='ocrx_word' id='word_1_748' title='bbox 1833 2539 1889 2590; x_wconf 62' lang='grc' dir='ltr'>δω-</span> 
     </span>
    </p>
   </div>
   <div class='ocr_carea' id='block_1_104' title="bbox 262 2584 1030 2636">
    <p class='ocr_par' dir='ltr' id='par_1_104' title="bbox 262 2596 1030 2636">
     <span class='ocr_line' id='line_1_107' title="bbox 262 2596 1030 2636; baseline -0.016 -1"><span class='ocrx_word' id='word_1_749' title='bbox 262 2613 341 2635; x_wconf 86' lang='lat' dir='ltr'><strong>qum</strong></span> <span class='ocrx_word' id='word_1_750' title='bbox 361 2611 451 2633; x_wconf 84' lang='lat' dir='ltr'><strong>autem</strong></span> <span class='ocrx_word' id='word_1_751' title='bbox 464 2604 604 2632; x_wconf 79' lang='lat' dir='ltr'><strong>viviﬁcare</strong></span> <span class='ocrx_word' id='word_1_752' title='bbox 621 2601 724 2636; x_wconf 89' lang='lat' dir='ltr'><strong>nequit.</strong></span> <span class='ocrx_word' id='word_1_753' title='bbox 744 2599 812 2627; x_wconf 88' lang='lat' dir='ltr'><strong>Tum</strong></span> <span class='ocrx_word' id='word_1_754' title='bbox 828 2598 959 2626; x_wconf 81' lang='lat' dir='ltr'><strong>Zambres</strong></span> <span class='ocrx_word' id='word_1_755' title='bbox 975 2596 1030 2623; x_wconf 86' lang='lat' dir='ltr'><strong>tuni</strong></span> 
     </span>
    </p>
   </div>
   <div class='ocr_carea' id='block_1_105' title="bbox 1083 2584 1887 2636">
    <p class='ocr_par' dir='ltr' id='par_1_105' title="bbox 1104 2584 1887 2631">
     <span class='ocr_line' id='line_1_108' title="bbox 1104 2584 1887 2631; baseline -0.014 -9"><span class='ocrx_word' id='word_1_756' title='bbox 1104 2595 1267 2631; x_wconf 84' lang='grc' dir='ltr'>ρησὰμενον,</span> <span class='ocrx_word' id='word_1_757' title='bbox 1282 2594 1401 2630; x_wconf 79' lang='grc' dir='ltr'>λεπροὺς</span> <span class='ocrx_word' id='word_1_758' title='bbox 1421 2592 1621 2628; x_wconf 82' lang='grc' dir='ltr'>καθαρίσαντα,</span> <span class='ocrx_word' id='word_1_759' title='bbox 1636 2587 1810 2624; x_wconf 83' lang='grc' dir='ltr'>παραλύτους</span> <span class='ocrx_word' id='word_1_760' title='bbox 1826 2584 1887 2620; x_wconf 79' lang='grc' dir='ltr'>σφί-</span> 
     </span>
    </p>
   </div>
   <div class='ocr_carea' id='block_1_106' title="bbox 263 2632 1030 2686">
    <p class='ocr_par' dir='ltr' id='par_1_106' title="bbox 263 2643 1030 2686">
     <span class='ocr_line' id='line_1_109' title="bbox 263 2643 1030 2686; baseline -0.016 -6"><span class='ocrx_word' id='word_1_761' title='bbox 263 2661 323 2682; x_wconf 80' lang='lat' dir='ltr'><strong>eam</strong></span> <span class='ocrx_word' id='word_1_762' title='bbox 337 2660 414 2680; x_wconf 88' lang='lat' dir='ltr'><strong>suam</strong></span> <span class='ocrx_word' id='word_1_763' title='bbox 429 2651 614 2686; x_wconf 79' lang='lat' dir='ltr'><strong>disrumpens,</strong></span> <span class='ocrx_word' id='word_1_764' title='bbox 627 2647 745 2684; x_wconf 86' lang='lat' dir='ltr'><strong>Optime,</strong></span> <span class='ocrx_word' id='word_1_765' title='bbox 773 2645 873 2681; x_wconf 86' lang='lat' dir='ltr'><strong>inquit,</strong></span> <span class='ocrx_word' id='word_1_766' title='bbox 900 2643 1030 2678; x_wconf 85' lang='lat' dir='ltr'><strong>imperato</strong></span> 
     </span>
    </p>
   </div>
   <div class='ocr_carea' id='block_1_107' title="bbox 1083 2632 1890 2686">
    <p class='ocr_par' dir='ltr' id='par_1_107' title="bbox 1102 2632 1890 2677">
     <span class='ocr_line' id='line_1_110' title="bbox 1102 2632 1890 2677; baseline -0.016 -7"><span class='ocrx_word' id='word_1_767' title='bbox 1102 2642 1204 2677; x_wconf 77' lang='grc' dir='ltr'>γεαντα</span> <span class='ocrx_word' id='word_1_768' title='bbox 1216 2642 1263 2669; x_wconf 80' lang='grc' dir='ltr'>καὶ</span> <span class='ocrx_word' id='word_1_769' title='bbox 1278 2641 1392 2676; x_wconf 84' lang='grc' dir='ltr'>νεκροὺς</span> <span class='ocrx_word' id='word_1_770' title='bbox 1408 2639 1562 2675; x_wconf 84' lang='grc' dir='ltr'>ὲγείραντα.</span> <span class='ocrx_word' id='word_1_771' title='bbox 1577 2635 1660 2663; x_wconf 84' lang='grc' dir='ltr'>Ὅθεν</span> <span class='ocrx_word' id='word_1_772' title='bbox 1674 2632 1800 2669; x_wconf 77' lang='grc' dir='ltr'>φανερῶς</span> <span class='ocrx_word' id='word_1_773' title='bbox 1817 2632 1890 2659; x_wconf 75' lang='grc' dir='ltr'>ἀπο-</span> 
     </span>
    </p>
   </div>
   <div class='ocr_carea' id='block_1_108' title="bbox 830 2713 1322 2765">
    <p class='ocr_par' dir='ltr' id='par_1_108' title="bbox 830 2713 1322 2765">
     <span class='ocr_line' id='line_1_111' title="bbox 830 2713 1322 2765; baseline -0.01 0"><span class='ocrx_word' id='word_1_774' title='bbox 830 2736 1007 2765; x_wconf 71' lang='grc' dir='ltr'>χνιΑΝοιιι</span> <span class='ocrx_word' id='word_1_775' title='bbox 1026 2735 1070 2763; x_wconf 83' lang='lat' dir='ltr'><strong>ET</strong></span> <span class='ocrx_word' id='word_1_776' title='bbox 1086 2713 1191 2763; x_wconf 68' lang='lat' dir='ltr'><strong>coam</strong></span> <span class='ocrx_word' id='word_1_777' title='bbox 1206 2732 1322 2761; x_wconf 68' lang='grc' dir='ltr'><strong>ΝΟΜ).</strong></span> 
     </span>
    </p>
   </div>
   <div class='ocr_carea' id='block_1_109' title="bbox 310 2793 1030 2850">
    <p class='ocr_par' dir='ltr' id='par_1_109' title="bbox 310 2806 1030 2850">
     <span class='ocr_line' id='line_1_112' title="bbox 310 2806 1030 2850; baseline -0.014 -8"><span class='ocrx_word' id='word_1_778' title='bbox 310 2814 356 2850; x_wconf 77' lang='lat'><strong>79)</strong></span> <span class='ocrx_word' id='word_1_779' title='bbox 370 2813 426 2850; x_wconf 87' lang='lat' dir='ltr'><strong>Ipsi</strong></span> <span class='ocrx_word' id='word_1_780' title='bbox 451 2812 537 2850; x_wconf 56' lang='grc' dir='ltr'><strong>(ἦιωοὶ</strong></span> <span class='ocrx_word' id='word_1_781' title='bbox 569 2811 698 2850; x_wconf 49' lang='lat' dir='ltr'><strong>fabulosa:</strong></span> <span class='ocrx_word' id='word_1_782' title='bbox 723 2808 880 2850; x_wconf 56' lang='lat' dir='ltr'><strong>{od-«eorum</strong></span> <span class='ocrx_word' id='word_1_783' title='bbox 901 2806 1030 2850; x_wconf 66' lang='lat' dir='ltr'><strong>tradition</strong></span> 
     </span>
    </p>
   </div>
   <div class='ocr_carea' id='block_1_110' title="bbox 1083 2793 1891 2850">
    <p class='ocr_par' dir='ltr' id='par_1_110' title="bbox 1102 2793 1891 2850">
     <span class='ocr_line' id='line_1_113' title="bbox 1102 2793 1891 2850; baseline -0.015 -17"><span class='ocrx_word' id='word_1_784' title='bbox 1102 2815 1186 2850; x_wconf 77' lang='grc' dir='ltr'>ματος</span> <span class='ocrx_word' id='word_1_785' title='bbox 1203 2813 1250 2832; x_wconf 90' lang='grc' dir='ltr'><strong>του</strong></span> <span class='ocrx_word' id='word_1_786' title='bbox 1277 2804 1323 2830; x_wconf 76' lang='grc' dir='ltr'><strong>ἐπὶ</strong></span> <span class='ocrx_word' id='word_1_787' title='bbox 1335 2802 1385 2836; x_wconf 85' lang='grc' dir='ltr'>τῆς</span> <span class='ocrx_word' id='word_1_788' title='bbox 1413 2800 1517 2836; x_wconf 79' lang='grc' dir='ltr'>πέτρας</span> <span class='ocrx_word' id='word_1_789' title='bbox 1541 2797 1750 2835; x_wconf 71' lang='grc' dir='ltr'>ἐπιγραφέντος,</span> <span class='ocrx_word' id='word_1_790' title='bbox 1777 2794 1826 2823; x_wconf 78' lang='grc' dir='ltr'>καὶ</span> <span class='ocrx_word' id='word_1_791' title='bbox 1840 2793 1891 2836; x_wconf 33' lang='grc' dir='ltr'><strong>’μὴ</strong></span> 
     </span>
     <span class='ocr_line' id='line_1_114' title="bbox 1196 2829 1891 2850; baseline -0.006 2"><span class='ocrx_word' id='word_1_792' title='bbox 1196 2841 1277 2850; x_wconf 27' lang='lat' dir='ltr'><strong>iis,”</strong></span> <span class='ocrx_word' id='word_1_793' title='bbox 1311 2838 1374 2850; x_wconf 73' lang='lat' dir='ltr'><strong>:.\‘.J.</strong></span> <span class='ocrx_word' id='word_1_794' title='bbox 1402 2835 1596 2850; x_wconf 54' lang='grc' dir='ltr'><strong>»ωλι-...την</strong></span> <span class='ocrx_word' id='word_1_795' title='bbox 1624 2833 1687 2850; x_wconf 70' lang='grc' dir='ltr'><strong>,ευηὶ</strong></span> <span class='ocrx_word' id='word_1_796' title='bbox 1715 2830 1800 2850; x_wconf 65' lang='grc' dir='ltr'>υσυιλμ</span> <span class='ocrx_word' id='word_1_797' title='bbox 1835 2829 1891 2850; x_wconf 54' lang='lat' dir='ltr'><strong>ana</strong></span> 
     </span>
    </p>
   </div>
   <div class='ocr_carea' id='block_1_111' title="bbox 264 2815 1030 2882">
    <p class='ocr_par' dir='ltr' id='par_1_111' title="bbox 264 2815 1030 2882">
     <span class='ocr_line' id='line_1_115' title="bbox 300 2815 1030 2851; baseline -0.014 -9"><span class='ocrx_word' id='word_1_798' title='bbox 300 2815 426 2851; x_wconf 77' lang='lat' dir='ltr'><strong>(79)lpsi</strong></span> <span class='ocrx_word' id='word_1_799' title='bbox 451 2815 537 2840; x_wconf 79' lang='lat' dir='ltr'><strong>Grzeci</strong></span> <span class='ocrx_word' id='word_1_800' title='bbox 569 2815 698 2838; x_wconf 71' lang='lat' dir='ltr'><strong>fabulosa:</strong></span> <span class='ocrx_word' id='word_1_801' title='bbox 723 2815 880 2837; x_wconf 51' lang='lat' dir='ltr'><strong>Jun-«eorum</strong></span> <span class='ocrx_word' id='word_1_802' title='bbox 901 2815 1030 2834; x_wconf 83' lang='lat' dir='ltr'><strong>traoumn</strong></span> 
     </span>
     <span class='ocr_line' id='line_1_116' title="bbox 264 2842 1029 2882; baseline -0.014 -3"><span class='ocrx_word' id='word_1_803' title='bbox 264 2851 415 2881; x_wconf 77' lang='lat' dir='ltr'><strong>adhaerent.</strong></span> <span class='ocrx_word' id='word_1_804' title='bbox 430 2848 475 2876; x_wconf 88' lang='lat' dir='ltr'><strong>ubi</strong></span> <span class='ocrx_word' id='word_1_805' title='bbox 490 2847 641 2882; x_wconf 88' lang='lat' dir='ltr'><strong>composita</strong></span> <span class='ocrx_word' id='word_1_806' title='bbox 661 2843 814 2882; x_wconf 78' lang='lat' dir='ltr'><strong>Tryphonis</strong></span> <span class='ocrx_word' id='word_1_807' title='bbox 844 2842 953 2869; x_wconf 86' lang='lat' dir='ltr'><strong>nomine</strong></span> <span class='ocrx_word' id='word_1_808' title='bbox 983 2849 1029 2869; x_wconf 85' lang='lat' dir='ltr'><strong>ora</strong></span> 
     </span>
    </p>
   </div>
   <div class='ocr_carea' id='block_1_112' title="bbox 1083 2815 1892 2882">
    <p class='ocr_par' dir='ltr' id='par_1_112' title="bbox 1101 2815 1892 2882">
     <span class='ocr_line' id='line_1_117' title="bbox 1123 2815 1891 2837; baseline -0.016 -4"><span class='ocrx_word' id='word_1_809' title='bbox 1123 2815 1186 2837; x_wconf 81' lang='grc' dir='ltr'>ατος</span> <span class='ocrx_word' id='word_1_810' title='bbox 1203 2815 1250 2832; x_wconf 76' lang='grc' dir='ltr'><strong>του</strong></span> <span class='ocrx_word' id='word_1_811' title='bbox 1277 2815 1323 2830; x_wconf 85' lang='grc' dir='ltr'><strong>επι</strong></span> <span class='ocrx_word' id='word_1_812' title='bbox 1335 2815 1384 2836; x_wconf 77' lang='grc' dir='ltr'><strong>της</strong></span> <span class='ocrx_word' id='word_1_813' title='bbox 1413 2815 1516 2836; x_wconf 67' lang='grc' dir='ltr'>πεῖρας</span> <span class='ocrx_word' id='word_1_814' title='bbox 1541 2815 1750 2835; x_wconf 55' lang='grc' dir='ltr'>ινιιιιρυιγενως,</span> <span class='ocrx_word' id='word_1_815' title='bbox 1778 2815 1826 2823; x_wconf 70' lang='grc' dir='ltr'><strong>η...</strong></span> <span class='ocrx_word' id='word_1_816' title='bbox 1850 2815 1891 2830; x_wconf 61' lang='grc' dir='ltr'>Γ...</span> 
     </span>
     <span class='ocr_line' id='line_1_118' title="bbox 1101 2815 1892 2882; baseline -0.016 -14"><span class='ocrx_word' id='word_1_817' title='bbox 1101 2815 1277 2882; x_wconf 54' lang='lat' dir='ltr'><strong>generedian</strong></span> <span class='ocrx_word' id='word_1_818' title='bbox 1307 2835 1596 2882; x_wconf 51' lang='grc' dir='ltr'>ἀλλάηδιαιρραγείσης</span> <span class='ocrx_word' id='word_1_819' title='bbox 1623 2833 1689 2860; x_wconf 78' lang='grc' dir='ltr'>ὡσεὶ</span> <span class='ocrx_word' id='word_1_820' title='bbox 1715 2830 1800 2868; x_wconf 80' lang='grc' dir='ltr'>κηρὸς</span> <span class='ocrx_word' id='word_1_821' title='bbox 1835 2829 1892 2856; x_wconf 77' lang='grc' dir='ltr'><strong>ἀπὸ</strong></span> 
     </span>
    </p>
   </div>
   <div class='ocr_carea' id='block_1_113' title="bbox 266 2872 1030 2921">
    <p class='ocr_par' dir='ltr' id='par_1_113' title="bbox 266 2872 1030 2921">
     <span class='ocr_line' id='line_1_119' title="bbox 266 2872 1030 2921; baseline -0.013 -9"><span class='ocrx_word' id='word_1_822' title='bbox 266 2872 353 2914; x_wconf 38' lang='lat' dir='ltr'><strong>:i‘o‘n‘e-</strong></span> <span class='ocrx_word' id='word_1_823' title='bbox 360 2872 543 2921; x_wconf 55' lang='lat' dir='ltr'><strong>pro&#39;nunliant</strong></span> <span class='ocrx_word' id='word_1_824' title='bbox 554 2872 625 2921; x_wconf 43' lang='grc' dir='ltr'>ἰᾶτο</span> <span class='ocrx_word' id='word_1_825' title='bbox 630 2889 690 2921; x_wconf 72' lang='lat' dir='ltr'><strong>rsus</strong></span> <span class='ocrx_word' id='word_1_826' title='bbox 699 2872 807 2921; x_wconf 70' lang='lat' dir='ltr'><strong>insecta</strong></span> <span class='ocrx_word' id='word_1_827' title='bbox 817 2885 941 2921; x_wconf 53' lang='lat' dir='ltr'><strong>ﬁntque</strong></span> <span class='ocrx_word' id='word_1_828' title='bbox 965 2885 1030 2921; x_wconf 66' lang='lat' dir='ltr'><strong>agro</strong></span> 
     </span>
    </p>
   </div>
   <div class='ocr_carea' id='block_1_114' title="bbox 1083 2872 1462 2921">
    <p class='ocr_par' dir='ltr' id='par_1_114' title="bbox 1101 2872 1462 2913">
     <span class='ocr_line' id='line_1_120' title="bbox 1101 2872 1462 2913; baseline -0.017 -9"><span class='ocrx_word' id='word_1_829' title='bbox 1101 2872 1360 2913; x_wconf 63' lang='grc' dir='ltr'>προσώπουπυρός.</span> <span class='ocrx_word' id='word_1_830' title='bbox 1377 2872 1462 2900; x_wconf 61' lang='lat' dir='ltr'><strong>Gesn.</strong></span> 
     </span>
    </p>
   </div>
   <div class='ocr_carea' id='block_1_115' title="bbox 266 2911 1045 2954">
    <p class='ocr_par' dir='ltr' id='par_1_115' title="bbox 266 2911 1045 2954">
     <span class='ocr_line' id='line_1_121' title="bbox 266 2911 1045 2954; baseline -0.017 -3"><span class='ocrx_word' id='word_1_831' title='bbox 266 2911 442 2951; x_wconf 48' lang='lat' dir='ltr'><strong>Misimus</strong></span> <span class='ocrx_word' id='word_1_832' title='bbox 457 2928 465 2946; x_wconf 84' lang='lat'><strong><em>:</em></strong></span> <span class='ocrx_word' id='word_1_833' title='bbox 478 2916 601 2954; x_wconf 75' lang='grc' dir='ltr'>Ὁρκίζω</span> <span class='ocrx_word' id='word_1_834' title='bbox 615 2916 687 2952; x_wconf 79' lang='grc' dir='ltr'>ὑμᾶς</span> <span class='ocrx_word' id='word_1_835' title='bbox 697 2915 768 2942; x_wconf 72' lang='grc' dir='ltr'>κατὰ</span> <span class='ocrx_word' id='word_1_836' title='bbox 784 2911 965 2948; x_wconf 69' lang='grc' dir='ltr'>τοῦμεγάλου</span> <span class='ocrx_word' id='word_1_837' title='bbox 987 2911 1045 2939; x_wconf 84' lang='grc' dir='ltr'><strong>ὀνό-</strong></span> 
     </span>
    </p>
   </div>
  </div>
