2036 3153
201 155 255 188 537

754 156 1029 188 HISTORIARUM
1045 157 1312 189 COMPENDIUM.

1788 164 1842 198 538

201 213 342 240 δείκνυται
352 212 394 241 ὅτι
403 212 483 241 τοῦτο
491 212 523 241 τὺ
531 213 618 250 ὄνομα
626 213 640 241 δ
649 214 837 242 ἐπεκαλέσατο
844 216 857 242 ό
866 215 998 251 Ζαμδρῆς

1051 220 1134 252 atque
1146 216 1228 253 493
1244 222 1355 252 aeterne,
1368 216 1552 254 ,Silvestrum,
1579 227 1661 256 quem
1689 228 1705 249 I
1734 224 1844 252 nemine

204 259 250 287 τοῦ
264 260 426 287 ἀποκτεῖναι
446 259 492 287 τδν
516 260 628 296 ταῦρον,
642 261 689 289 τοῦ
716 261 840 289 διαϐόλου
868 263 952 289 ἐστίν.
968 262 1001 290 Et

204 306 259 342 γὰρ
268 305 385 334 Θανόντα
393 307 541 342 ἀναστῆσαι
552 307 582 334 οὗ
591 307 794 341 δύναται,ςέστιν
805 308 859 343 ἄρα
871 307 943 341 ζωῆς
952 307 1001 334 καὶ

205 352 342 388 σωτηρίας
359 353 455 388 ἐχθρὸς
469 353 483 378 6
500 352 590 385 ζῶντα
609 353 659 388 μὲν
678 354 840 380 ἀποκτεῖναι
862 354 1000 389 δυνηθεὶς,

205 398 300 433 νεκρὸν
313 397 343 424 δέ
363 397 532 434 ζωοποιῆσαι
554 398 591 434 μὴ
614 398 725 434 ἰσχύων.
742 399 810 425 Τότε
832 400 845 426 ὁ
870 399 1001 434 Ζαμϐρῆς

205 443 356 479 διαρρήξας
368 443 414 470 τήν
427 443 525 471 ἑαυτοῦ
546 445 648 478 χιτῶνα
661 444 723 480 ἔφη·
743 446 866 472 Δέσποτα
879 445 1000 472 ἐπιεικέ-

206 495 298 519 στατε,
314 488 424 523 βασιλεῦ
440 489 545 522 αίώνιε,
554 489 717 525 Σίλὸεστρον
726 490 755 517 ὃν
766 490 869 525 λέγεις,
879 491 999 525 Νικῆσαι

205 535 293 567 οὐδεὶς
309 536 441 572 ἠδυνήθη,
465 536 521 570 ἐγὼ
541 537 571 563 ἐν
585 536 625 572 τῷ
642 538 845 573 παντοκράτορι
867 537 927 573 Θεῷ
944 537 1000 563 ἐνί-

205 591 288 617 κησα.
309 582 419 609 Δίκαιον
435 580 481 610 οὖν
501 584 560 610 ἐστι
581 583 619 618 μὴ
637 584 683 610 ἐπὶ
706 583 774 610 πολὺ
793 583 905 619 δοθῆναι
924 583 1000 619 αὐτῷ

206 629 330 661 ἐξουσίαν
342 628 390 655 τοῦ
401 629 510 662 ιλαλεῖν.
531 629 601 656 Ξένα
623 629 678 665 γὰρ
696 630 867 664 ἐφευρίσκων
889 630 929 656 ἀει
953 631 1000 657 καὶ

206 675 313 702 ἐνςὶντία
333 675 380 701 τοῦ
404 675 471 702 Θεοῦ
488 675 579 702 λαλῶν
596 676 626 702 οὐ
649 676 779 708 παύεται,
802 676 850 703 καὶ
868 677 900 711 τῇ
917 676 999 703 αὑτοῦ

208 722 327 758 φλυαρίᾳ
342 722 477 758 ἐπιὸαρὺς
498 723 604 757 γίνεται
627 724 660 759 τῇ
680 723 757 759 ὑμῶν
776 723 909 760 βασιλείᾳ.
928 724 1000 757 Πρὸς

207 769 234 795 ὃν
258 769 272 795 ὁ
287 767 442 802 Δῦγουστος
466 769 536 805 ἔφη·
558 769 595 796 Τὸ
611 769 660 796 τοῦ
682 770 904 806 παντοκράτορος
930 770 998 797 Θεοῦ

207 815 289 848 ὄνομα
315 815 363 842 καὶ
388 815 533 850 ἐπίκλησις
553 816 697 851 πρώτιστα
721 817 832 844 πάντων
859 817 931 852 ζωῆς
952 818 1000 844 καὶ

207 861 344 896 σωτηρίας
364 862 494 897 πρόνοιαν
516 862 679 898 παρέχεται.
703 863 841 896 Ὡσαύτως
863 865 911 891 καὶ
927 865 959 891 σὺ
975 865 999 891 εί

205 907 251 934 τοῦ
262 908 332 934 Θεοῦ
349 905 552 943 εἵ,“ἀνὰστησον
565 909 611 936 τὸν
625 909 736 945 ταῦρον,
751 910 798 936 καὶ
817 910 999 945 πιστεύσομεν

207 963 235 981 σε
257 954 312 981 ἀπὸ
336 954 406 982 Θεοῦ
425 955 498 990 ἔχειν
517 956 567 991 τὴν
584 956 675 991 νίκην.
694 957 724 983 El
739 956 768 983 δέ
785 956 866 984 τοῦτο
884 957 914 984 οὗ
934 957 999 993 δύνῃ

206 1003 330 1036 ποιῆσαι,
356 1002 463 1038 φανερά
484 1010 530 1029 σου
554 1002 605 1037 τῆς
627 1002 802 1038 ὑποκρίσεως
821 1003 934 1038 γοητεία
955 1004 1000 1031 διὰ

207 1049 341 1084 δαιμόνων
353 1049 523 1084 πεπρᾶχθαι.
537 1049 609 1084 Πρὸς
622 1049 651 1076 ὃν
664 1050 734 1076 καὶὸ
749 1050 826 1085 ἅγιος
837 1050 1001 1086 Σίλὸεστρος

207 1096 268 1131 ἔφη·
287 1097 399 1128 Ἄκουε.
415 1092 438 1123 ὦ
459 1096 582 1130 Ἰουδαῖε,
597 1095 653 1123 ἀπὸ
667 1097 722 1124 τῶν
740 1097 794 1123 σῶν
818 1097 936 1132 Γραφῶν
952 1097 1001 1131 τὴν

206 1143 345 1177 ἀλήθειαν.
369 1142 413 1170 'Ev
428 1142 467 1178 τῷ
481 1142 686 1178 Δευτερονομίῳ
701 1143 783 1175 αὐτὸς
795 1143 809 1168 ὁ
824 1143 892 1175 Θεδς
911 1143 998 1178 λέγει’

209 1199 218 1216 ι
240 1190 336 1220 Ἴδετε,
357 1189 437 1221 ἴδετε,
452 1189 493 1216 ὅτι
507 1188 563 1223 ἐγώ
572 1189 642 1225 είμι,
655 1189 703 1216 καὶ
712 1189 761 1217 οὐκ
776 1190 833 1217 ἐστι
849 1189 915 1222 Θεὸς
931 1190 1001 1225 πλὴν

207 1235 286 1270 ἐμοῦ.
321 1234 394 1270 Ἐγὼ
415 1235 561 1262 ἀποκτενῶ
585 1235 634 1262 καὶ
662 1235 712 1270 ζῇν
739 1236 857 1271 ποιήσω,
887 1235 1002 1268 πατάξω

206 1282 284 1316 κάγὼ
294 1283 419 1318 ίάσομαι.
433 1293 442 1310 ι
456 1283 599 1319 Εὐκαίρως
607 1283 654 1311 οῦν
663 1283 823 1319 ἐπικληθεὶς
833 1283 1000 1317 ἀποκτείνει,

207 1330 254 1356 καὶ
270 1330 407 1366 εὐκαίρως
418 1331 501 1358 πάλιν
513 1331 651 1363 ζωοποιεῖ.
665 1331 847 1359 Ἐπικάλεσαι
859 1329 906 1358 οὖν
920 1331 1001 1358 αὑτὸν

207 1377 253 1404 ἐπὶ
264 1376 313 1411 τὴν
329 1375 512 1412 ᾶλλην,ἀκοὴν
525 1375 573 1403 τοῦ
588 1376 702 1413 ταύρου,
715 1377 762 1403 καὶ
776 1377 823 1403 ἐὰν
835 1376 915 1403 αὑτὸν
929 1376 1002 1410 ἐγεί-

208 1430 269 1458 ρῃς,
293 1422 479 1457 πιστεύσομεν
503 1419 616 1455 πάντες,
635 1422 727 1454 καθὼς
759 1423 793 1449 σὺ
813 1423 878 1458 φής.
903 1423 971 1449 Τότε
987 1423 1002 1450 6

207 1468 338 1504 Ζαμϐρῆς
349 1469 435 1503 λέγει·
450 1469 508 1496 Οὐκ
525 1466 602 1496 εἶπόν
617 1477 669 1503 σοι,
679 1469 867 1496 ἐπιεικέστατε
877 1468 999 1505 βασιλεῦ,

207 1517 247 1542 ὅτι
271 1516 301 1542 ἐν
325 1516 416 1550 λόγοις
440 1515 604 1552 Σίλσεστρον
627 1516 717 1548 οὐδεὶς
735 1517 847 1544 δύναται
871 1516 1000 1551 νικῆσαι;

1051 263 1126 290 vinci
1137 264 1261 298 potuisse
1271 264 1395 296 dicebas.
1407 273 1457 300 ego
1473 265 1520 293 Dei
1533 267 1728 302 omnipotentis
1739 269 1843 296 auxilio

1052 309 1116 337 vici.
1128 308 1236 337 Justum
1251 318 1316 345 ergo
1329 315 1372 338 est
1382 318 1434 338 non
1446 313 1568 347 permitti
1580 313 1604 340 ei
1618 314 1702 341 multa
1714 314 1842 349 loquendi

1053 355 1162 390 longum
1178 357 1308 390 spatium.
1328 357 1443 392 Semper
1459 358 1531 385 enim
1547 359 1671 387 inaudita
1697 361 1845 387 commini-

1052 409 1143 433 scens.
1176 401 1231 430 Deo
1248 403 1362 431 adversa
1391 405 1500 432 dicendi
1528 405 1608 434 linem
1632 407 1739 434 nullum
1767 407 1843 440 facit,

1052 456 1156 481 suaque
1174 448 1341 483 loquacitate
1369 450 1486 486 imperio
1504 455 1551 479 tuo
1578 452 1710 481 molestus
1738 458 1791 480 cst.
1811 453 1843 480 Et

1052 494 1192 530 Augustus
1230 496 1396 530 respondit:
1425 497 1527 525 Nomen
1559 499 1756 532 omnipotentis
1797 500 1843 528 Dei

1052 541 1167 575 ejusque
1184 541 1324 570 invoratio
1340 543 1463 570 omnium
1481 544 1542 572 vita:
1558 550 1585 572 et
1599 545 1680 572 Saluti
1708 547 1843 575 consulit.

1052 588 1147 623 Itaque
1174 592 1201 615 tu
1220 588 1316 620 etiam.
1341 589 1477 624 siquidem
1505 597 1519 616 a
1545 589 1600 618 Deo
1625 599 1666 624 es,
1689 597 1799 620 taurum
1816 593 1844 622 in

1052 636 1134 662 vitam
1146 643 1261 663 revoca:
1280 641 1336 662 tum
1350 636 1494 665 credemus
1513 643 1538 665 te
1550 638 1683 666 divinitus
1697 630 1842 667 victoriam

1051 685 1240 709 consecutum.
1258 681 1335 715 Quod
1369 682 1391 709 si
1411 683 1463 710 hoc
1488 687 1621 717 prrestare
1644 692 1779 719 nequeas,
1814 685 1842 713 in

1050 733 1179 764 prompltl
1198 734 1239 756 est
1261 729 1406 757 diabolicis
1418 730 1563 764 prmsligiis
1593 734 1620 758 te
1639 738 1720 758 usum
1745 730 1842 759 fuisse.

1053 775 1106 802 Sed
1123 779 1150 802 et
1166 775 1315 803 Silvester:
1339 775 1422 806 Audi.
1444 776 1546 811 inquit,
1563 775 1667 809 Judaae,
1695 777 1842 804 veritatem

1051 830 1084 849 ex
1099 825 1154 848 tuis
1172 821 1250 849 libris
1268 822 1448 856 propositam.
1466 821 1494 849 lu
1527 822 1742 850 Deuteronomio
1769 822 1844 852 Deus

1052 867 1142 895 fatur:
1162 877 1172 894 ‹
1191 867 1294 905 Videte,
1311 867 1410 899 videte,
1430 868 1502 903 quod
1515 875 1566 903 ego
1579 876 1651 901 sum,
1665 872 1692 895 et
1704 873 1781 896 extra
1801 876 1844 896 me

1053 921 1108 941 non
1125 914 1208 941 Deus.
1227 913 1284 949 Ego
1313 913 1477 941 interneiam
1497 918 1524 941 et
1549 914 1611 941 vitae
1642 914 1767 946 reddam.
1793 922 1844 950 ego

1053 959 1148 987 feriam
1161 959 1287 994 idemque
1297 960 1401 987 sanabo
1409 960 1443 986 “.
1465 969 1474 986 ι
1492 960 1588 995 Itaque
1597 960 1845 995 tempestiveinvo-

1052 1011 1132 1034 catus
1150 1011 1243 1038 necat,
1259 1007 1420 1041 tempestive
1437 1006 1585 1034 invocatus
1601 1014 1700 1035 rursus
1717 1007 1744 1034 in
1758 1007 1843 1034 vitam

1052 1053 1188 1080 restituit.
1207 1052 1327 1079 Proinde
1344 1053 1372 1079 in
1390 1051 1504 1079 alteram
1527 1059 1621 1079 aurern
1644 1052 1715 1079 tauri
1743 1060 1844 1080 nomen

1053 1099 1101 1126 Dei
1121 1099 1259 1132 inclama;
1276 1102 1304 1126 et
1321 1097 1344 1126 si
1361 1098 1384 1125 is
1399 1099 1540 1129 revixerit,
1571 1098 1651 1126 iidem
1681 1098 1773 1126 verbis
1790 1099 1845 1126 tuis

1053 1145 1257 1173 adhibebimus.
1275 1145 1427 1173 Zambres:
1445 1144 1542 1172 Nonne
1558 1144 1628 1178 dixi,
1644 1144 1748 1179 optime
1759 1144 1846 1179 impe-

1052 1197 1140 1224 rator,
1159 1192 1250 1220 verbis
1279 1191 1445 1219 Silveslrum
1473 1199 1488 1218 a
1514 1191 1622 1218 nemine
1649 1191 1723 1218 vinci
1747 1190 1847 1226 posse?

1052 1238 1122 1267 Jube
1142 1238 1225 1274 igitur
1239 1246 1302 1266 eum
1318 1245 1373 1266 non
1397 1237 1490 1265 verbis
1516 1237 1562 1265 sed
1582 1237 1655 1264 facto
1674 1237 1766 1272 aliquo
1794 1244 1844 1264 sua

1053 1285 1235 1320 comprobare
1250 1284 1341 1312 nobis.
1354 1283 1506 1311 Silvester:
1527 1282 1574 1311 Vis
1601 1291 1676 1317 ergo.
1692 1283 1796 1316 Judaze,
1816 1286 1846 1310 ut

1052 1339 1103 1366 ego
1120 1331 1273 1359 invocando
1299 1331 1411 1358 nomine
1442 1329 1548 1358 Domini
1573 1329 1626 1357 mei
1650 1329 1713 1357 Jesu
1739 1329 1853 1358 Christi

1052 1381 1163 1405 taurum
1179 1377 1318 1405 excitem?
1335 1376 1488 1404 Zambres:
1515 1376 1545 1403 Id
1562 1384 1615 1404 non
1644 1375 1756 1407 eliicies.
1773 1384 1806 1403 ne
1821 1375 1846 1404 si

1054 1424 1105 1451 alis
1121 1423 1231 1458 quidem
1250 1423 1390 1451 subvoles.
1406 1423 1580 1458 Imperator:
1608 1420 1706 1454 Tuam,
1723 1430 1740 1450 ο
1762 1421 1845 1449 Zam-

1053 1469 1127 1502 bres.
1139 1469 1223 1506 494
1235 1469 1436 1504 impudentiam
1457 1469 1553 1496 miror.
1574 1468 1680 1496 Peliiin
1707 1472 1737 1496 ut
1752 1468 1845 1496 verbis

1053 1516 1166 1544 omissis
1181 1519 1320 1544 certamen
1354 1515 1489 1543 factorum
1516 1515 1688 1543 instituatur.
1709 1515 1768 1543 Jam
1792 1515 1847 1542 Sil-

207 1563 345 1590 Κέλευσον
356 1560 404 1590 οῦν
416 1563 498 1590 αὐτὸν
511 1563 549 1597 μὴ
562 1563 684 1599 ῥήμασιν
695 1563 752 1590 ἀλλ’
762 1563 854 1599 ἔργοις
867 1563 999 1597 ἐπιδεῖξαί

1053 1566 1145 1591 vester
1163 1563 1301 1598 promittit
1316 1562 1343 1590 id
1359 1570 1389 1590 se
1407 1562 1556 1595 facturum,
1572 1563 1645 1598 quod
1658 1563 1696 1595 {tu
1719 1562 1776 1590 ﬁeri
1788 1570 1843 1590 non

203 1617 234 1634 ’τι
248 1609 324 1643 ἡμῖν.
346 1608 390 1644 [Ρ.
406 1608 473 1645 ΞΒΞ]
496 1609 525 1635 '0
542 1609 619 1643 ἆγιος
642 1608 803 1643 Σίλϐεα-ερος
819 1608 871 1644 ἐφη
881 1610 896 1642 ’ζ
906 1608 999 1640 Θέλεις

208 1650 264 1687 οὖν,
289 1653 312 1680 ὦ
345 1654 468 1687 Ἰουδαῖε,
493 1653 550 1688 ἐγὼ
568 1656 601 1690 τῇ
627 1655 771 1689 ἐπικλήσει
791 1654 838 1682 τοῦ
862 1656 999 1683 Δεσπότου

210 1708 259 1735 μου
283 1700 372 1735 Ἰησοῦ
396 1700 518 1735 Χριστοῦ
537 1701 639 1736 ἐγείρω
659 1701 706 1728 τδν
721 1701 840 1737 ταῦρον;
866 1702 1000 1738 Ζαμϐρῆς

207 1747 280 1780 λέγει
291 1755 298 1762 ”
314 1747 401 1774 Τοῦτο
413 1748 444 1774 οὐ
459 1747 557 1779 ποιεῖς.
572 1748 597 1774 εί
612 1747 660 1774 καὶ
676 1749 787 1782 πτεροῖς
799 1748 949 1783 πετασθῇς.
970 1747 1000 1776 '0

209 1793 336 1829 βασιλεὺς
347 1792 420 1822 εἴπεο
435 1794 573 1830 Θαυμάζω
584 1794 634 1829 τὴν
648 1794 842 1829 ἀναισχυντίαν
856 1803 914 1828 σου,
923 1795 1000 1830 Ζαμ-

208 1841 270 1876 ϐρῆ.
286 1841 323 1867 Σὺ
350 1837 442 1873 εἶπας,
466 1840 673 1876 σχολαζέτωσαν
697 1841 722 1867 οἱ
744 1841 819 1875 λόγοι
840 1841 887 1867 καὶ
907 1841 1000 1875 ἔργοις

208 1886 395 1920 ἀγωνιζέσθω.
414 1882 499 1918 Οὗτος
515 1886 543 1913 δὲ
562 1887 734 1925 ὑπισχνεῖται
750 1887 862 1922 ποιῆσαι
880 1887 950 1923 ὅπερ
966 1887 998 1914 σὺ

207 1933 296 1967 λέγεις
307 1932 448 1964 παντελῶς
460 1930 530 1960 εἶναι
543 1932 686 1960 ἀδύνατον.
704 1933 787 1959 ’Ὥστε
802 1933 906 1960 δίκαιόν
923 1934 999 1960 ἐστιν

207 1979 373 2014 ὁμολογῆσαί
394 1988 425 2006 σε
445 1979 540 2006 τοῦτον
553 1978 622 2007 εἶναι
637 1979 704 2006 Θεὸν
719 1979 808 2014 ἀληθῆ
823 1980 870 2007 τὸν
884 1980 1000 2016 νεκροὺς

207 2026 359 2061 ἀναστῆσαι
379 2026 542 2061 δυνάμενον,
557 2027 663 2053 ἐκεῖνον
687 2025 843 2053 δὲ·πλὰνον
870 2026 918 2053 καὶ
940 2026 1000 2054 διά-

208 2074 285 2101 ϐολον
297 2074 344 2100 τὸν
357 2074 559 2101 ἀποκτείναντα
570 2073 617 2100 καὶ
639 2073 809 2108 ζωοποιῆσαι
824 2073 861 2109 μὴ
879 2073 999 2109 δυνάμε-

206 2129 261 2148 νον.
280 2120 348 2147 Τότε
358 2120 372 2146 ὀ
384 2119 517 2154 Ζαμσρῆς
534 2118 626 2153 ὤμοσε
640 2119 737 2154 λέγων·
756 2119 821 2146 Ἐὰν
837 2119 1000 2154 Σίλὸεστρος

204 2166 252 2193 τὸν
265 2166 362 2202 νεκρὸν
379 2165 480 2201 ταῦρον
494 2165 647 2200 ἀναστήσῃ.
663 2165 764 2197 πάντες
783 2165 830 2192 τδν
851 2165 999 2192 Ἰουδαϊκὸν

205 2212 422 2248 καταλείψαντας
437 2211 520 2247 νόμον
538 2211 607 2247 πρὸς
624 2211 673 2247 τὴν
687 2211 742 2238 τῶν
759 2211 932 2247 Χριστιανῶν
948 2212 999 2239 αὖ-

204 2259 398 2295 τομολήσομεν
426 2258 530 2285 πίστιν.
560 2257 590 2284 '0
621 2257 650 2284 δὲ
676 2256 812 2292 μακάριος
834 2257 998 2292 Σίλόεστρος

205 2304 329 2336 ἐκτείνας
345 2304 393 2330 ἐπὶ
410 2303 477 2330 πολῦ
492 2302 542 2334 τὰς
561 2303 655 2338 χεῖρας
680 2303 721 2334 είς
741 2302 786 2329 τὸν
805 2302 930 2338 οὐρανὸν.
949 2303 999 2331 καὶ

206 2349 277 2384 μετὰ
290 2348 415 2384 δακρύων
429 2347 511 2383 εὐχὴν
522 2348 650 2383 ποιήσας,
664 2347 733 2382 πρὸς
743 2347 789 2374 τὸν
799 2347 899 2384 ταῦρον
913 2348 998 2375 ἀπελ-

205 2397 260 2424 θὼν
271 2394 333 2423 εἷπε
347 2396 423 2431 φωνῇ
447 2394 570 2430 μεγάλῃ⁶
586 2393 668 2427 Ἐγὼ,
686 2393 810 2422 Δέσποτά
832 2403 883 2429 μου
908 2395 996 2430 Ἰησοῦ

204 2442 319 2478 Χριστέ,
342 2441 374 2469 τὸ
405 2440 538 2475 πανάγιον
559 2440 646 2476 ὖνομά
671 2448 719 2467 σου
744 2440 929 2476 ἐπικαλοῦμαι
949 2441 997 2469 ἐπὶ

205 2489 327 2521 πάντων,
352 2488 396 2515 tv:
421 2486 495 2522 μάθῃ
514 2487 528 2513 ὁ
551 2486 616 2518 λαὸς
638 2482 716 2517 οὗτος
738 2487 779 2513 ὅτι
798 2486 922 2513 διαὸόλου
947 2487 998 2522 μὲν

205 2538 292 2572 δνομα
306 2535 436 2570 ἐφόνευσε
458 2534 503 2560 τδν
523 2533 635 2569 ταῦρον,
663 2533 710 2560 τοῦ
737 2533 765 2560 δὲ
787 2533 924 2566 ζωοποιοῦ
949 2535 998 2562 καὶ

205 2582 398 2619 φανερωτάτου
418 2590 465 2608 σου
488 2581 620 2615 ὀνόματος
644 2579 788 2615 ἐπικλήσει
813 2580 996 2617 ἐζωοποιήθη.

205 2627 261 2655 Καὶ
279 2626 434 2661 πλησιάσας
447 2625 487 2661 τῷ
508 2625 602 2660 ταύρῳ
623 2624 699 2659 λέγει
717 2624 788 2660 μετὰ
802 2626 928 2660 κραυγῆς
949 2634 999 2661 με.

205 2673 303 2709 γάλης·
321 2672 366 2699 Ἐν
380 2671 420 2708 τῷ
432 2671 545 2707 ὀνόματι
562 2671 651 2707 Ἰησοῦ
677 2671 808 2706 Χριστοῦ,
820 2671 850 2699 ὃν
866 2672 891 2698 οἱ
907 2673 999 2708 παρά-

204 2729 284 2756 νομοι
310 2720 434 2746 Ἰουδαῖοι
462 2718 640 2754 ἐσταύρωσαν
667 2718 714 2745 ἐπὶ
738 2718 850 2746 Ποντίου
867 2719 996 2753 Πιλάτου,

205 2766 340 2801 ἀνάστηθι
364 2765 433 2801 μετὰ
449 2764 626 2800 σεμνότητος.
640 2765 696 2791 Καὶ
710 2764 850 2800 παρευθὺς
869 2767 883 2793 ὁ
896 2766 998 2803 ταῦρος

204 2812 267 2840 ὅλον
290 2810 387 2839 ἐαυτδν
411 2810 526 2846 κινήσας
548 2809 660 2846 ἀνέστη.
686 2809 742 2837 Καὶ
761 2809 845 2844 λύσας
859 2810 942 2839 αὑτοῦ
964 2812 997 2840 τὰ

245 2891 267 2918 υ
276 2889 355 2918 Deut.
376 2897 462 2922 mm,
474 2872 520 2917 39.

1052 1617 1136 1645 posse
1154 1609 1310 1637 contendis.
1341 1608 1395 1636 Par
1410 1612 1533 1644 estergo
1563 1612 1590 1636 te
1616 1608 1740 1636 conﬁteri
1770 1609 1844 1636 hunc

1051 1663 1114 1684 esse
1128 1663 1222 1683 verum
1239 1655 1335 1687 Deum,
1355 1655 1402 1690 qui
1420 1658 1544 1682 mortuos
1563 1655 1590 1682 in
1607 1654 1691 1682 vitam
1712 1654 1844 1682 reducere

1052 1701 1224 1741 valetﬂhunc
1239 1705 1331 1728 autem
1348 1700 1528 1735 impostorem
1560 1708 1622 1729 esse
1638 1705 1664 1728 et
1692 1700 1844 1734 diabolum,

1051 1747 1100 1783 qui
1117 1752 1198 1775 necat
1212 1752 1239 1775 et
1252 1747 1336 1774 vitam
1353 1746 1469 1774 reddere
1485 1755 1541 1775 non
1558 1751 1659 1783 potest.
1677 1747 1747 1775 Tum
1763 1747 1846 1774 Zam-

1051 1792 1254 1828 bresjuravit:
1272 1791 1414 1827 Siquidem
1427 1792 1562 1821 Silvester
1587 1797 1698 1821 taurum
1713 1794 1845 1821 excitabit

1052 1846 1068 1866 a
1085 1842 1185 1869 morte.
1200 1837 1320 1866 universi
1335 1837 1450 1866 Iudaica
1464 1838 1523 1873 lege
1535 1839 1644 1866 deserta
1660 1839 1843 1867 Christianam

1052 1884 1254 1918 amplectemur
1269 1883 1362 1911 ﬁdem.
1388 1885 1423 1911 At
1439 1884 1535 1912 beatus
1554 1884 1700 1918 Silvester,
1717 1886 1845 1913 manibus

1052 1928 1223 1964 aliquamdiu
1251 1928 1279 1956 in
1310 1929 1411 1956 malum
1427 1929 1551 1962 intentis,
1575 1934 1602 1956 et
1630 1937 1692 1957 cum
1715 1930 1845 1965 laizrymis

1052 1978 1191 2009 precatus,
1204 1973 1238 2002 ad
1255 1979 1365 2002 taurum
1378 1974 1446 2008 adit,
1460 1982 1614 2011 magnaque
1630 1982 1697 2002 voce
1712 1975 1760 2002 ait.
1776 1974 1843 2011 Ego,

1051 2019 1167 2048 Domine
1184 2020 1221 2047 mi
1235 2020 1302 2048 Jesu
1317 2019 1439 2054 Christe,
1457 2028 1551 2048 coram
1573 2020 1703 2049 omnibus
1723 2021 1843 2048 sanctis-

1051 2067 1151 2095 simum
1169 2071 1247 2094 tuum
1262 2075 1363 2094 nomen
1378 2066 1487 2099 invoco.
1506 2072 1534 2094 ut
1548 2067 1670 2095 universi
1690 2066 1844 2102 intelligant

1051 2117 1162 2141 taurum
1179 2113 1253 2141 hunc
1283 2120 1297 2140 a
1327 2113 1437 2141 diabolo
1468 2117 1610 2145 necatum.
1642 2112 1770 2141 invocato
1796 2116 1843 2140 tuo

1050 2159 1171 2187 viviiicio
1181 2159 1411 2187 etillustrissimo
1425 2159 1537 2186 nomine
1554 2159 1582 2186 in
1599 2159 1682 2186 vitam
1699 2159 1842 2186 reductum

1051 2212 1122 2233 esse.
1144 2204 1232 2232 Simul
1256 2205 1368 2241 propius
1398 2210 1506 2232 taurum
1531 2205 1669 2233 assistens
1694 2205 1748 2232 alta
1777 2213 1844 2233 voce

1051 2251 1222 2279 inclamavit.
1252 2251 1281 2278 In
1299 2252 1410 2279 nomine
1423 2252 1489 2280 Jesu
1517 2251 1633 2284 Christi,
1660 2259 1741 2286 quem
1767 2251 1843 2286 impii

1029 2305 1038 2312 ⁸
1050 2297 1138 2325 Judaei
1151 2305 1234 2333 opera
1249 2297 1341 2326 Pontii
1354 2297 1434 2325 Pilati
1453 2298 1480 2325 in
1494 2305 1605 2325 crucem
1620 2302 1747 2333 egerunt,
1763 2304 1844 2332 surge

1051 2350 1114 2371 cum
1130 2343 1284 2378 majestate.
1301 2343 1377 2372 lllico
1390 2348 1488 2372 taurus
1502 2348 1590 2371 totum
1604 2351 1705 2378 corpus
1722 2351 1844 2371 commo-

1051 2390 1260 2417 venssurrexit.
1293 2389 1379 2423 Quem
1412 2389 1545 2417 Silvester
1568 2388 1688 2417 vinculis
1723 2389 1842 2416 solutum

1051 2434 1128 2462 abire
1158 2434 1229 2461 unde
1257 2437 1370 2461 venerat
1402 2437 1429 2461 et
1461 2433 1533 2461 inter
1556 2433 1676 2461 eundum
1707 2433 1844 2461 neminem

1052 2480 1151 2508 laedere
1166 2479 1259 2515 jussit.
1278 2479 1335 2507 Hoc
1366 2484 1421 2507 tam
1449 2480 1547 2515 ingens
1572 2480 1736 2507 miraculum
1756 2479 1843 2508 Juda’i

1051 2532 1207 2559 cernentes.
1221 2534 1310 2561 eoque
1324 2527 1457 2562 perculsi.
1476 2527 1569 2555 statim
1581 2535 1611 2555 se
1622 2527 1655 2554 ad
1673 2526 1757 2562 pedes
1769 2527 1842 2555 beati

1052 2573 1179 2601 Silvestri
1198 2573 1324 2601 universi
1349 2573 1522 2608 abiecerunt,
1538 2581 1571 2601 ac
1583 2579 1710 2601 sanctum
1737 2573 1844 2609 baptis-

1052 2627 1126 2648 mum
1139 2627 1201 2647 eum
1218 2619 1422 2655 ﬂagitaverunt.
1452 2619 1513 2654 Ipsa
1544 2627 1655 2655 quoque
1684 2619 1843 2648 ielicissima

1052 2665 1146 2700 regina
1161 2665 1263 2693 Helena
1279 2665 1312 2692 ad
1327 2665 1409 2700 pedes
1426 2664 1555 2694 Silvestri
1573 2665 1685 2699 accidit,
1698 2665 1843 2700 locumque

1053 2710 1108 2738 sibi
1133 2710 1304 2746 poenitentiae
1326 2709 1409 2746 595
1436 2711 1551 2739 concedi
1580 2711 1668 2746 petiit.
1700 2711 1741 2738 Eo
1770 2711 1843 2739 l'acto

1051 2756 1230 2784 vehementer
1244 2756 1358 2792 gavisus
1378 2761 1422 2785 est
1447 2757 1597 2791 imperator
1624 2757 1727 2786 Christi
1746 2763 1843 2785 amans

1053 2802 1270 2839 beatissimaque
1287 2802 1410 2840 Augusta
1425 2807 1453 2832 et
1463 2807 1539 2833 totus
1557 2804 1689 2841 populus,
1705 2802 1843 2831 universi-
