2036 3153
168 133 220 165 5719

775 110 780 113 λ
815 128 978 162 GEORGII
998 130 1167 161 CEDBENI

1745 129 1798 160 5ἇο

170 198 223 223 que
239 197 287 225 per
309 188 380 218 duas
406 189 488 218 horas
505 188 647 217 voeil’erati
672 191 757 216 sunt:
780 188 895 224 Magnus
913 191 955 215 est

1016 186 1094 221 ἰεσμὰ
1109 185 1123 212 ὀ
1145 186 1223 220 ἅγιος
1249 185 1412 220 Σίλσεστρος
1425 185 1560 218 ἀπέλυσεν
1582 185 1674 216 αὑτὸν,
1698 184 1797 219 λέγων·

173 234 246 262 Deus
256 234 492 262 Christianorum.
514 234 553 261 Ita
580 234 614 262 ab
634 234 762 262 omnibus
786 232 956 261 admirabilis

168 285 212 308 est
246 281 413 316 praedicatus
443 280 662 308 Christianorum
701 281 775 308 Deus
816 279 956 314 huiusque

170 327 296 354 minister
310 327 405 354 beatus
426 326 568 354 Silvester.
586 327 688 354 Eadem
706 326 773 354 hora
794 325 852 354 suis
867 325 956 360 preci-

171 372 223 399 bus
235 376 347 399 sanctus
372 378 441 406 papa
464 372 566 400 multos
590 380 604 399 a
628 372 783 400 daemonum
809 371 957 399 vexatione

170 417 317 450 liberavit;
348 418 483 453 multique
510 419 556 446 alii
588 419 676 446 morbi
712 418 802 447 sanati
831 422 896 446 sunt
930 417 957 444 vi

173 462 280 490 Domini
306 463 394 490 nostri
420 463 484 491 Jesu
502 463 618 498 Christi,
641 465 785 500 magniﬁce
814 471 863 499 per
892 470 957 492 suos

171 508 278 542 agentis
294 513 417 537 sanctos.
431 509 571 544 Baptizata
591 515 681 539 autem
694 510 810 538 Judaica
829 509 958 537 multitu-

169 554 234 582 dine
250 562 379 590 magnum
405 555 457 583 fuit
475 554 568 584 Roma:
584 561 612 585 et
635 558 663 584 in
695 561 750 585 tota
768 556 870 584 vicinia
886 564 956 592 gau-

168 599 255 627 dium.

1010 233 1130 269 Πορεύου
1143 233 1205 260 ὅθεν
1219 230 1310 269 ἦλθες,
1324 233 1425 268 μηδένα
1438 232 1510 259 κατὰ
1520 232 1569 268 τὴν
1580 232 1638 259 ὁδὸν
1651 232 1796 267 ἀδικήσας.

1011 277 1100 312 ὀπερ
1114 276 1186 311 μέγα
1203 276 1295 312 θαῦμα
1308 277 1430 304 Ἰουδαῖοι
1445 277 1609 312 θεασάμενοι
1631 277 1676 303 καὶ
1694 276 1798 311 σφόδρα

1010 322 1231 356 καταπλαγέντες
1255 323 1355 350 αὐτίκα
1375 323 1544 358 προσέπεσον
1569 323 1608 354 είς
1628 323 1690 353 τοὺς
1714 322 1798 353 πόδας

1010 369 1058 395 τοῦ
1079 369 1156 403 ἁγίου
1175 368 1338 404 Σιλὸέστρου
1365 369 1476 402 πάντες,
1497 369 1652 403 αἰτούμενοι
1669 367 1699 394 τὸ
1721 368 1799 401 ἅγιον

1012 415 1163 450 βάπτισμα.
1181 414 1262 442 Ἀλλὰ
1273 415 1320 442 καὶ
1330 414 1399 451 αὑτὴ
1411 416 1427 451 ἡ
1442 415 1640 450 μακαριωτάτη
1656 413 1799 448 βαπίλισσα

1018 461 1113 498 Ἑλένη
1129 461 1324 498 προσπεσοῦσα
1337 463 1394 493 τοῖς
1405 462 1470 488 ποσὶ
1484 461 1531 488 τοῦ
1547 461 1624 495 ἁγίου
1636 459 1800 494 Σιλὸέστρου

1011 508 1194 542 παρεκαλεῖτο
1214 507 1297 538 τόπον
1316 507 1384 543 αὐτῇ
1419 507 1562 542 μετανοίας
1580 505 1800 541 παρασχεθῆναι.

1009 554 1066 582 Καὶ
1087 554 1182 582 τούτου
1199 554 1345 590 γενομένου
1364 554 1450 589 ὲχάρη
1466 553 1590 588 μεγάλως
1601 553 1615 579 ὃ
1634 560 1663 579 τε
1676 551 1800 586 φιλόχρι-
1830 588 1834 593 ν

1011 608 1073 631 στος
1086 599 1214 636 βασιλεὺς
1227 600 1303 636 καὶὴ
1319 598 1517 635 μακαριωτάτη
1531 598 1674 632 Αὑγοῦστα
1688 598 1734 624 καὶ
1746 597 1802 623 πᾶν

167 647 198 673 τὸ
213 647 314 682 πλῆθος
323 647 369 674 τοῦ
384 647 460 682 λαοῦ,
472 648 542 676 ὥστε
553 649 599 676 ἐπὶ
609 649 683 683 ὥρας
693 649 742 676 δύο
752 648 866 684 κράζειν
888 648 1010 679 ἅπαντας
1018 653 1026 661 ⁸
1039 646 1135 680 Μέγας
1143 647 1156 672 ὁ
1166 645 1233 678 Θεὸς
1241 645 1297 671 τῶν
1315 644 1496 681 Χριστιανῶν.
1508 643 1564 671 Καὶ
1576 643 1663 675 οὕτως
1681 643 1805 684 ὲθαυματ

170 694 260 730 στὼθη
272 695 325 722 ὑπὸ
335 696 444 723 πάντων
453 695 540 728 όΘεδς
552 695 606 722 τῶν
616 683 787 731 Χριστιανῶν
804 695 852 721 καὶ
867 694 880 721 ό
893 692 989 720 τούτου
1000 691 1126 725 θεράπων
1145 690 1222 723 ἆγιος
1235 690 1407 725 Σίλσεστρος.
1437 689 1482 716 'Ev
1501 688 1570 723 αὐτῇ
1586 689 1620 724 τῇ
1634 688 1693 723 ὥρᾳ
1709 683 1802 714 πολλοὶ

169 743 351 777 δαιμονῶντες
361 743 584 778 ἐθεραπεύθησαν
597 743 631 770 δι’
645 743 731 778 εὐχῶν
744 742 791 769 τοῦ
808 742 887 776 ἁγίου
904 740 993 772 πάπα,
1006 739 1053 766 καὶ
1064 737 1132 765 ἄλλα
1155 738 1183 765 δὲ
1198 737 1271 773 πάθη
1287 736 1371 763 πολλὰ
1382 736 1430 763 καὶ
1441 736 1514 763 νόσοι
1532 735 1754 771 ἐκαθαρίσθησαν
1766 735 1801 770 τῇ

170 790 283 826 δυνάμει
302 790 350 817 τοῦ
368 791 472 826 Κυρίου
489 791 567 826 ἡμῶν
591 791 679 825 Ἰησοῦ
693 789 812 827 Χριστοῦ
833 788 881 816 τοῦ
908 786 1116 821 ὲνδοξαζομένου
1128 786 1157 812 ἐν
1168 786 1223 816 τοῖς
1247 785 1335 819 ἁγίοις
1358 783 1452 812 αὑτοῦ.
1473 781 1571 818 Tom:
1598 781 1718 817 πλήθους
1745 781 1802 808 τῶν

171 837 306 864 Ἰουδαίων
321 837 516 873 βαπτισθέντος
529 837 634 873 μεγάλη
649 837 845 872 χαρά¹γέγονεν
857 836 886 862 ὲν
897 835 970 870 πάσῃ
983 834 1017 869 τῇ
1035 832 1129 867 Ῥώμῃ
1143 831 1190 858 καὶ
1211 832 1246 867 τῇ
1260 829 1406 866 περιχώρῳ
1421 830 1518 865 αὐτῆς.

209 883 288 911 Anno
316 884 423 920 imperii
452 884 627 912 Constantini
650 884 684 911 Η
715 887 743 911 et
772 884 807 912 15
832 883 957 911 Licinius

1047 878 1092 913 Τῷ
1107 876 1138 904 ιδ’
1155 877 1202 904 καὶ
1218 880 1248 904 ιε’
1263 876 1318 903 ἔτει
1337 876 1457 907 Λικίνιος
1471 875 1574 911 ἡρεατο
1585 874 1656 901 κατὰ
1671 874 1803 909 Χριστια-

174 933 316 963 pactorum
335 931 448 963 oblitus,
471 931 690 966 persecutionem
724 930 858 958 adversus
879 929 960 957 Chri-

177 976 284 1002 stianos
315 976 426 1004 molitus
455 980 508 1004 est.
539 976 624 1010 Quem
661 984 709 1012 per
738 977 844 1004 litteras
876 975 957 1003 oiiicii

174 1029 289 1049 monens
300 1021 512 1055 Constantinus,
531 1027 560 1050 ut
585 1030 601 1050 a
617 1023 722 1051 malitia
745 1023 891 1051 desisteret
905 1030 960 1050 non

176 1066 325 1101 persuasit.

210 1113 298 1140 Annis
325 1112 371 1145 16,
392 1113 424 1140 l7
439 1113 510 1141 etlS
536 1121 581 1142 res
606 1118 701 1142 contra
728 1114 842 1150 impium
865 1115 961 1142 Arium

174 1162 249 1192 gesta
264 1162 318 1191 est,
340 1159 546 1194 conciliumque
566 1167 676 1188 sacrum
703 1160 821 1195 primum
853 1167 886 1187 ex
904 1164 962 1188 toto

177 1209 311 1232 terrarum
354 1205 422 1232 orbe
463 1206 660 1237 collectorum,
697 1213 758 1240 qua!
791 1206 961 1233 (ecumenica

177 1251 319 1278 nominant
344 1251 444 1284 Graeci,
471 1251 589 1284 Nicaeae,
623 1259 638 1278 a
667 1252 719 1278 518
735 1252 839 1280 sanctis
867 1259 899 1279 ac
915 1251 962 1279 Dei

178 1297 276 1331 spiritu
291 1297 379 1331 plenis
393 1296 525 1324 Patribus
543 1297 724 1329 celebratum,
740 1297 835 1324 Arium
848 1297 964 1332 ejusque

177 1346 326 1370 sectatores
342 1343 515 1377 proscripsit.
532 1342 610 1370 Tunc
629 1343 778 1378 imperator
804 1343 885 1370 etiam
915 1351 963 1371 eos

174 1388 219 1422 qui
246 1388 401 1416 Jutlzeorum
429 1396 505 1416 more
529 1388 636 1416 Pascha
664 1388 851 1420 celebrabant,
881 1396 964 1422 opera

177 1434 344 1461 sanctissimi
374 1434 509 1462 Corduba:
536 1434 659 1470 episcopi
688 1435 823 1467 inhibuit;
853 1440 879 1463 et
895 1435 964 1463 Cun-

178 1483 295 1506 stantem
329 1479 413 1506 lilium
451 1488 531 1507 suum
565 1480 700 1507 Caesarem
731 1480 904 1516 designatum
936 1481 963 1507 in

175 1524 279 1553 Gallias
301 1526 386 1553 misit.
402 1526 463 1561 Ipse
488 1525 542 1553 isto
569 1530 692 1561 tempore
723 1526 885 1553 recordatus
912 1526 963 1553 sibi

176 1571 313 1605 quondam
330 1579 414 1606 prope
429 1571 543 1599 Romam
556 1571 583 1598 in
597 1571 701 1598 somnis
717 1579 731 1597 a
758 1570 872 1598 Domino
886 1579 963 1598 man-
976 1564 999 1595 C

176 1618 270 1643 «latum
287 1618 325 1644 uti
338 1624 371 1643 eo
388 1617 458 1649 loco,
477 1624 558 1651 quem
575 1617 634 1652 ipse
648 1616 673 1643 ei
689 1621 762 1644 esset
780 1617 963 1650 indicaturus,

177 1661 260 1697 496
272 1661 318 1689 Dei
335 1661 468 1689 Genitrici
484 1661 578 1689 urbem
595 1661 736 1693 conderet,
754 1661 819 1688 dum
838 1662 964 1697 regiones

177 1709 245 1734 istas
259 1713 286 1734 et
302 1707 361 1734 loca
385 1707 597 1741 contemplatur,
625 1706 852 1735 Thessalonicam
879 1708 965 1735 venit.

177 1753 236 1785 Quo
253 1753 314 1780 loco
340 1753 505 1785 delectatus,
533 1753 673 1780 biennium
702 1753 739 1780 ibi
767 1758 966 1786 commoratus.

185 1798 280 1825 urbem
294 1798 449 1834 magniﬁcis
462 1798 584 1834 templis,
600 1798 705 1826 balneis
721 1803 747 1825 et
758 1799 966 1834 aquaeductibus

178 1843 334 1871 exornavit.
350 1843 415 1876 Sed,
428 1847 505 1879 peste
522 1844 678 1879 ingruente,
706 1851 768 1872 eam
795 1845 966 1881 relinquens.

179 1889 246 1917 inde
266 1889 468 1918 Cbalcedonem
500 1889 634 1926 Bithyniae
657 1890 753 1918 urbem
778 1898 807 1918 se
831 1891 965 1926 contulit;

179 1943 295 1971 eamque
311 1936 370 1964 solo
381 1940 547 1972 prostratam
565 1944 580 1964 a
596 1936 688 1964 Persis
698 1937 840 1965 inveniens
855 1938 963 1966 instau-

178 1989 241 2009 rare
253 1989 402 2018 aggressus
416 1987 467 2010 est.
495 1981 594 2009 Statim
622 1988 712 2010 autem
738 1982 837 2018 aquilae
861 1983 966 2019 lapides

179 2027 264 2055 fabris
280 2032 390 2063 ereptos
411 2028 445 2055 ad
471 2028 566 2055 urbem
590 2027 751 2063 Byzantium
780 2030 965 2064 proiecerunt.

180 2072 210 2100 ιι]
238 2080 300 2099 eum
328 2081 518 2108 saepenumero
545 2073 624 2102 lieret
658 2073 836 2109 omniumque
859 2076 966 2104 animos

180 2125 333 2152 suspensos
350 2123 466 2151 teneret,
481 2119 594 2155 quidam
611 2119 748 2154 regiorum
763 2121 965 2155 ministrorum,

179 2162 337 2198 Euphratas
349 2166 471 2199 nomine,
484 2165 633 2199 explicavit
660 2174 729 2198 rem,
762 2174 859 2202 nempe
879 2167 966 2195 Deum

177 2207 215 2235 ibi
230 2207 297 2236 velle
315 2208 410 2237 urbem
427 2217 484 2237 sua:
499 2209 577 2237 Matri
589 2209 682 2238 condi.
702 2209 855 2245 Imperator
871 2212 964 2239 statim

177 2305 230 2331 set,
264 2299 435 2336 Euphratam
464 2302 541 2337 operi
568 2301 694 2338 prazlicit,
737 2302 845 2338 magnis
874 2303 963 2338 copiis

177 2345 329 2381 opibusque
345 2347 521 2375 instructum.
535 2348 596 2383 ipse
611 2348 638 2375 in
650 2347 749 2376 Persas
765 2348 961 2384 proﬁciscitur.

176 2389 214 2418 lbi
234 2399 297 2419 cum
317 2392 344 2420 in
358 2387 477 2422 hostium
492 2401 591 2421 manus
604 2393 772 2426 devenisset,
790 2393 883 2421 divina
899 2401 963 2429 pro-

175 2436 294 2465 videntia
307 2443 475 2474 procurante
502 2447 548 2468 eas
563 2438 668 2475 eﬂ‘ugit,
696 2446 729 2467 ac
750 2438 785 2466 ad
800 2439 961 2474 Byzantium

1013 924 1067 951 νῶν
1077 922 1199 958 διωγμὸν
1211 922 1307 955 κινεῖν,
1323 921 1410 957 λήθην
1423 920 1514 947 λαϐὼν
1527 919 1581 946 τῶν
1598 919 1804 955 προγεγονότων

1015 969 1168 1004 συνθηκῶν.
1184 967 1284 995 Τοῦτον
1298 967 1341 994 διὰ
1356 967 1527 1002 γραμμάτων
1540 965 1672 993 νουθετῶν
1684 966 1698 992 ὁ
1707 965 1802 998 Μέγας

1015 1015 1222 1047 Κωνσταντῖνος
1246 1014 1400 1044 ἀποστῆναι
1418 1013 1468 1048 τῆς
1498 1012 1598 1044 κακίας
1622 1012 1673 1038 οὐκ
1697 1011 1803 1038 ἔπεισε.

1051 1118 1094 1155 [Ρ.
1105 1117 1170 1154 283]
1182 1117 1228 1153 Τῷ
1242 1120 1280 1150 ις’
1291 1115 1338 1143 καὶ
1353 1115 1387 1148 ιζ’
1396 1114 1442 1142 καὶ
1453 1113 1487 1148 ιη’
1495 1114 1550 1141 ἔτει
1564 1113 1599 1140 τὰ
1613 1113 1683 1140 κατὰ
1697 1113 1805 1149 Ἀρείου

1015 1163 1062 1191 τοῦ
1074 1162 1219 1194 δυσσεϐοῦς
1231 1161 1365 1198 ἐπράχθη,
1380 1160 1452 1195 καὶὴ
1473 1160 1501 1186 ἑν
1514 1159 1616 1195 Νικαίᾳ
1630 1158 1726 1194 πρώτη
1738 1159 1805 1192 ἁγία

1017 1209 1063 1236 καὶ
1074 1208 1249 1244 οἰκουμενικὴ
1278 1207 1387 1237 σύνοδος
1402 1206 1457 1232 τῶν
1478 1205 1642 1241 τριακοσίων
1665 1204 1806 1231 δεκαοκτὼ

1017 1255 1101 1289 ἁγίων
1117 1254 1255 1290 θεοφόρων
1273 1252 1403 1287 Πατέρωυ
1419 1251 1538 1285 ἐγένετο,
1550 1251 1612 1286 ἥτις
1626 1250 1670 1277 τὸν
1693 1251 1804 1284 ’Δρειον

1017 1301 1064 1327 καὶ
1078 1300 1140 1332 τοὺς
1156 1300 1311 1334 ὁμόφρονας
1325 1296 1408 1325 αὐτοῦ
1423 1296 1630 1331 άνεθεμάτισεν.
1655 1296 1699 1322 Ἐν
1716 1295 1805 1330 τούτῳ

1016 1345 1140 1376 καὶτοὺς
1162 1343 1316 1375 Ἰουδαϊκῶς
1326 1343 1356 1370 τὸ
1379 1342 1473 1377 Πάσχα
1497 1341 1676 1375 ἑορτάζοντας
1702 1341 1745 1368 διὰ
1755 1341 1804 1368 τοῦ

1017 1392 1165 1418 όσιωτάτου
1192 1390 1342 1417 ἐπισκόπου
1362 1387 1520 1424 Κοδρούὸης
1550 1387 1606 1422 (80)
1633 1387 1804 1422 ἐπέστρεψε·

1017 1438 1063 1464 καὶ
1080 1437 1245 1464 Κώνσταντα
1258 1436 1303 1463 τδν
1324 1436 1381 1462 υίδν
1405 1436 1486 1462 αὑτοῦ
1508 1434 1712 1470 προϐαλόμενος
1737 1433 1806 1460 Καί-

1019 1491 1089 1518 σαρα
1104 1483 1143 1514 είς
1166 1482 1281 1513 Γαλλίας
1294 1481 1464 1507 ἀπέστειλεν.
1479 1480 1525 1507 ‘Ev
1539 1479 1650 1510 ταύταις
1664 1480 1724 1510 ταῖς
1733 1478 1805 1513 ἡμέ-

1019 1537 1080 1564 ραις
1095 1529 1134 1560 είς
1158 1528 1270 1563 μνήμην
1297 1527 1406 1562 ἔρχεται
1437 1526 1484 1553 τοῦ
1513 1525 1659 1560 γενομένου
1689 1525 1805 1558 πλησίον

1022 1574 1131 1609 Ῥώμης
1159 1574 1211 1600 ὑπὸ
1236 1572 1283 1599 τοῦ
1311 1572 1413 1607 Κυρίου
1447 1571 1515 1607 πρὸς
1545 1571 1626 1598 αὑτὸν
1652 1570 1723 1597 κατὰ
1742 1570 1806 1601 τοὺς

1018 1618 1118 1650 ὕπνους
1137 1618 1354 1653 προστάγματος,
1377 1617 1445 1652 ὅπερ
1464 1614 1497 1652 ἦν
1513 1616 1638 1650 λέγοντος
1658 1615 1807 1650 οἰκοδομῆ-

1018 1674 1064 1692 σαι
1077 1666 1111 1700 τῇ
1132 1664 1256 1698 Θεοτόκῳ
1277 1663 1355 1690 πόλιν
1373 1662 1470 1699 (8.1)ὲν
1492 1659 1514 1697 ᾧ
1538 1662 1612 1697 τόπῳ
1636 1661 1717 1692 αὐτὸς
1737 1661 1807 1687 ὑπο-

1017 1712 1096 1744 δείξω
1110 1721 1161 1739 σοι.
1174 1711 1230 1738 Καὶ
1250 1711 1283 1745 δὴ
1297 1711 1330 1738 τὰ
1348 1710 1418 1737 κατὰ
1435 1709 1526 1745 χώραν
1544 1710 1590 1735 καὶ
1605 1708 1703 1739 τόπους
1726 1709 1807 1742 ἔρευ-

1018 1758 1072 1786 νῶν
1087 1760 1121 1793 τῇ
1133 1756 1318 1793 Θεσσαλονίκῃ
1330 1756 1476 1788 ἐπιϐαίνει,
1487 1757 1533 1782 κατ¹
1541 1755 1579 1790 τῷ
1591 1755 1666 1789 τόπῳ
1678 1752 1806 1788 ἀρεσθεὶς

1017 1801 1078 1829 δυσὶ
1091 1802 1198 1837 χρόνοις
1213 1802 1271 1828 ἐκεῖ
1294 1801 1438 1836 διατρίϐει.
1464 1799 1555 1832 Ναούς
1578 1808 1607 1826 τε
1636 1798 1806 1834 θαυμασίους

1019 1848 1066 1875 καὶ
1079 1848 1178 1883 λουτρὰ
1203 1849 1250 1874 καὶ
1269 1847 1373 1874 ὑδάτων
1388 1847 1541 1881 εἰσαγωγὰς
1560 1845 1806 1879 κατασκευασάμε-

1017 1902 1073 1927 νος,
1085 1893 1122 1926 ὠς
1136 1892 1188 1920 εἶδε
1203 1892 1296 1929 λοιμὸν
1311 1893 1517 1931 ἐπιγενόμενον,
1532 1892 1634 1926 ταύτην
1655 1891 1705 1926 μὲν
1717 1899 1806 1917 κατα-

1017 1938 1160 1972 λιμπάνει,
1181 1939 1227 1965 ἐπὶ
1248 1938 1277 1965 δὲ
1290 1938 1340 1974 τὴν
1357 1937 1479 1966 Βιθυνῶν
1502 1938 1661 1972 Χαλκηδόνα
1685 1937 1805 1972 ἔρχεται.

1018 1985 1071 2011 ὑπὸ
1099 1985 1153 2011 τῶν
1180 1985 1294 2020 Περσῶν
1322 1984 1540 2019 ὲεηδαφισμένην
1555 1983 1643 2019 εὑρὼν
1661 1982 1804 2010 ἀνοικοδο-

1019 2031 1079 2066 μεῖν
1103 2030 1214 2066 ῆρξατο.
1236 2029 1291 2057 Καὶ
1302 2029 1403 2062 εὐθέως
1417 2030 1490 2057 άετοὶ
1503 2029 1566 2062 τοὺς
1590 2029 1646 2056 τῶν
1673 2028 1807 2063 τεχνιτῶν

1018 2074 1108 2106 λίθους
1139 2075 1308 2110 ἁρπάζοντες
1335 2074 1376 2110 τῷ
1415 2074 1555 2110 Βυζαντίῳ
1593 2074 1806 2110 προσέρῤιπτον.

1019 2120 1121 2147 Τούτου
1136 2120 1165 2146 δὲ
1185 2120 1314 2151 πολλάκις
1334 2120 1483 2155 γενομένου
1499 2120 1551 2146 ὑπὸ
1572 2120 1682 2146 πάντων
1713 2119 1808 2146 διαπο-

1020 2165 1161 2200 ρουμένου,
1178 2161 1219 2196 εἷς
1238 2164 1293 2191 τῶν
1306 2163 1537 2199 ὑπηρετουμένων
1560 2164 1600 2200 τῷ
1627 2163 1734 2199 βασιλεῖ
1757 2164 1808 2191 Εὐ-

179 2209 215 2235 ibi
230 2209 297 2236 velle
315 2209 410 2237 urbem
427 2217 484 2237 sua:
499 2209 577 2237 Matri
589 2209 682 2238 condi.
702 2209 855 2245 Imperator
871 2212 963 2239 statim

179 2254 288 2289 trajecit
300 2262 333 2283 eo
345 2264 353 2289 ;
366 2263 483 2291 cumque
498 2255 588 2284 locum
605 2256 771 2292 inspexisset
794 2260 822 2284 et
847 2256 963 2292 probas-

1018 2211 1124 2246 φρατᾶς
1134 2209 1279 2245 λεγόμενος
1288 2210 1453 2245 διεσάφησεν
1471 2210 1510 2243 ὡς
1527 2210 1586 2237 ἐκεῖ
1600 2210 1677 2245 φίλον
1697 2211 1755 2237 ἐστὶ
1765 2210 1806 2245 τῷ

1019 2255 1080 2291 Θεῷ
1094 2257 1127 2292 τῇ
1141 2255 1234 2291 Μητρὶ
1251 2255 1334 2283 αὐτοῦ
1348 2255 1493 2291 κτισθῆναι
1513 2255 1601 2283 πόλιν.
1622 2255 1732 2286 Εὐθέως
1758 2255 1805 2282 οῦν

1019 2255 1080 2291 Θεῷ
1094 2257 1127 2292 τῇ
1141 2255 1234 2291 Μητρὶ
1251 2255 1334 2283 αὐτοῦ
1348 2255 1493 2291 κτισθῆναι
1513 2255 1601 2283 πόλιν.
1622 2255 1732 2286 Εὐθέως
1758 2255 1805 2282 οῦν

1018 2302 1196 2338 διαπεράσας.
1211 2302 1258 2329 καὶ
1271 2302 1316 2329 τδν
1341 2302 1424 2329 τόπον
1443 2302 1561 2330 κατιδὼν
1576 2302 1624 2328 καὶ
1636 2301 1806 2337 ἀποδεξάμεο

1017 2356 1071 2379 νος,
1091 2347 1137 2374 τὸν
1151 2347 1298 2383 Εὐφρατᾶν
1316 2348 1466 2383 ἐπιστάτην
1497 2347 1544 2374 τοῦ
1562 2347 1644 2383 ἔργου
1670 2348 1806 2382 καταλιμ-

1017 2392 1097 2420 πάνει
1114 2392 1183 2428 μετὰ
1198 2392 1310 2428 βαρείας
1333 2392 1475 2428 δυνάμεως
1484 2394 1533 2421 καὶ
1553 2393 1669 2420 πλούτου
1694 2393 1804 2420 πολλοῦ.

1015 2438 1072 2465 Καὶ
1085 2438 1166 2470 αὐτὸς
1179 2438 1304 2474 βασιλεὺς
1317 2438 1388 2468 κατὰ
1403 2438 1516 2475 Περσῶν
1542 2439 1690 2475 ἀποδημεῖ.
1718 2438 1807 2466 Ἔνθα

750 2526 929 2555 XYLANDRI
945 2526 989 2554 ET
1007 2524 1113 2554 GOARI
1134 2524 1250 2554 NOTAE.

212 2600 277 2637 (80)
305 2600 415 2632 Scribe.
456 2600 624 2637 Κορδούὸης.
663 2599 799 2637 Loquitur
834 2599 868 2627 de
894 2599 960 2626 Usio

174 2636 312 2665 Cordubae
327 2637 470 2672 episcopo.
486 2635 545 2672 viro
565 2635 671 2672 magnae
685 2635 741 2672 isto»
758 2640 881 2672 tempore
902 2642 957 2672 au-

172 2672 325 2702 ctoritatis,
338 2669 369 2698 ut
383 2669 431 2699 ex'
444 2671 560 2698 Eustebio
590 2669 625 2698 et'
643 2670 759 2704 reliquis
781 2669 963 2704 scriptoribus

174 2706 494 2736 ecclesiasticis]notum
512 2710 564 2734 est.
591 2706 656 2733 Vide
681 2706 731 2732 hac
757 2705 791 2732 de
811 2712 841 2731 re
867 2704 966 2731 Socra-

176 2751 228 2771 tA-m
252 2750 273 2775 ι,
306 2742 321 2768 7
344 2746 372 2769 et
404 2742 432 2774 9,
461 2741 607 2774 Sozom...
645 2741 689 2772 lli,
719 2739 916 2775 Thendoritum
941 2749 965 2775 _|.

176 2773 454 2814 XvL.-¥7K096006nc.
463 2776 762 2814 Tltenplmnesquoque
776 2773 967 2814 viec,K_99606-

179 2815 242 2848 6ης,
266 2809 345 2848 juxta
361 2809 501 2847 receptum
567 2809 670 2848 Graecis
692 2809 834 2848 modernis
862 2809 969 2848 litteras

1014 2597 1128 2659 16:93:“
1161 2602 1189 2626 et
1215 2598 1359 2635 ἀμύγδαλα.
1394 2597 1574 2634 pronuntiant
1611 2602 1639 2625 et
1667 2598 1803 2627 scribunt.

1041 2640 1102 2660 οΛιι.

1055 2667 1111 2703 (81)
1142 2668 1211 2696 Hinc
1234 2672 1264 2696 ut
1292 2668 1414 2702 Deiparae
1440 2668 1529 2695 dicata
1558 2667 1689 2694 Θεοτόκου
1727 2668 1806 2700 πόλις

1020 2703 1197 2738 quandoque,
1209 2704 1282 2731 sicut
1298 2709 1325 2731 et
1339 2703 1626 2735 Κωνσταντινούπολις
1638 2704 1748 2738 legitur.
1766 2703 1805 2730 Ita

1023 2738 1154 2765 Menaeum
1171 2738 1279 2773 27Maii,
1293 2739 1373 2773 cujus
1398 2738 1585 2765 anniversario
1608 2739 1653 2766 die
1672 2738 1805 2766 redeunte

1041 2780 1070 2799 er
1084 2777 1171 2799 totum
1189 2772 1332 2808 Orientem
1346 2773 1666 2808 celebranturencrenia.
1684 2780 1802 2808 quorum

1022 2781 1070 2834 per
1084 2781 1171 2799 tctum
1189 2781 1329 2801 umentem
1346 2781 1520 2800 celebrantur
1533 2781 1666 2804 encaama.
1684 2781 1802 2808 quorum

1032 2808 1166 2834 iisloriam
1187 2807 1247 2835 festi
1261 2807 1382 2842 ejusdem
1396 2807 1564 2842 Synaxarion
1578 2807 1698 2841 exhibet,
1716 2808 1804 2836 cllo-

178 2842 380 2878 trausdoncndi
396 2842 513 2876 morem.
525 2846 572 2874 Sic
588 2845 701 2874 κραδίαν
712 2848 737 2872 ct
751 2843 894 2879 ἁμύγλαδι
910 2844 970 2871 loco
1024 2851 1104 2870 nurus
1117 2848 1312 2871 commemorat
1328 2844 1354 2871 in
1364 2842 1558 2871 Constantino.
1569 2842 1657 2870 Gosn.
