2036 3153
254 137 307 170 543
903 136 1058 168 GEORGII

1085 138 1253 170 CEDRENI
1824 133 1877 165 544

251 194 336 230 498
348 194 496 230 omniaque
508 193 638 228 restituit,
655 197 683 222 et
699 194 800 230 templa
824 194 860 224 iis
885 196 952 224 locis
971 197 1036 224 aedi-
1051 215 1055 226 Α

1071 222 1073 227 ,
1087 197 1182 232 ἁγίους
1195 197 1296 229 τόπους
1315 196 1498 233 φανερώσασα
1511 195 1560 223 καὶ
1575 194 1621 223 τὸν
1634 193 1724 229 τίμιον
1755 194 1875 229 σταυρὸν

253 241 390 268 ticaritae
412 241 556 275 splendide
579 241 735 268 exornavit.
762 241 802 269 Eo
833 246 956 278 tempore
969 242 1040 270 Con-

1091 241 1210 278 εὐροῦσα
1226 243 1314 270 πάντα
1337 242 1479 278 ἀνέστησε,
1500 241 1547 268 καὶ
1569 240 1649 271 ναοὺς
1674 239 1878 274 οίκοδομήσασα

253 289 390 315 stantinus
403 287 488 314 aedem
508 287 538 314 S.
568 286 686 322 Sophim,
711 287 737 315 id
770 292 812 315 est
828 287 988 322 Sapientiae,
1010 292 1039 316 et

1092 287 1122 314 ἐν
1155 288 1248 320 αὐτοῖς
1279 288 1436 324 περιφανῶς
1469 287 1582 319 τούτους
1613 285 1812 313 ἐκαλλώπισεν.
1832 285 1879 311 Ἐν

255 334 285 362 S.
303 335 396 364 Irenaa.
417 333 443 359 id
460 337 502 360 est
517 332 608 363 Pacis.
626 337 654 360 et
680 332 731 362 SS.
750 333 957 369 Apostolorum,
981 339 1038 362 tum

1090 333 1195 365 τούτοις
1205 335 1260 366 τοῖς
1274 335 1379 369 καιροῖς
1391 334 1438 360 τὸν
1452 334 1515 361 ναδν
1530 334 1580 368 τῆς
1598 332 1692 367 Ἀγίας
1705 331 1817 365 Σοφίας,
1830 332 1879 357 καὶ

255 379 396 405 ὒιιῖιιοΙῚΙΙΙΙ
409 377 500 409 Mucii,
521 382 549 404 et
569 377 745 413 Agathonici,
762 383 790 407 et
812 380 953 415 copiarum
966 388 1037 415 pra:-

1090 381 1241 417 τῆςἊγίας
1258 382 1386 417 Εἰρήνης,
1403 381 1451 408 καὶ
1459 380 1513 407 τῶν
1520 378 1620 414 Ἀγίων
1634 377 1814 410 Ἀποστό).ων,
1831 377 1880 403 καὶ

258 423 319 449 fecti
337 423 363 449 in
377 422 485 458 Auaplo
501 428 527 450 et
541 422 688 452 Sosthenio
710 426 866 459 exstruxit;
892 426 937 453 ubi
956 426 1039 454 etiam

1091 427 1139 454 τοῦ
1146 427 1237 462 Ἀγίου
1254 427 1379 459 Μωκιου,
1393 427 1440 453 καὶ
1458 426 1506 453 τοῦ
1513 425 1605 460 Ἀγίου
1624 424 1812 459 Ἀγαθονίκου,
1832 423 1881 450 καὶ

258 469 421 495 Iuiraculose
437 469 543 495 audivit
554 469 709 497 divinarum
727 478 823 498 vocum
852 472 944 499 omina
959 475 1042 506 atque

1091 473 1138 500 τοῦ
1152 473 1373 509 ἀρχιστρατήγου
1391 473 1447 508 (86)
1462 473 1491 499 ἐν
1498 472 1536 507 τῷ
1555 471 1679 506 Ἀνάπλῳ
1702 471 1751 497 καὶ
1769 469 1880 497 Σωσθε-

255 513 332 545 vidit.
350 513 532 541 .lussitetiam
547 515 705 543 Graecorum
733 517 890 545 simulacris
914 517 1042 545 dedicata

1092 518 1152 553 νίῳ,
1179 518 1244 545 ἔνθα
1275 518 1321 545 καὶ
1347 518 1421 550 θείας
1445 517 1536 553 όμφάς
1553 516 1718 551 θαυμαστῶς
1737 515 1838 551 ἢκουσέ
1851 523 1881 541 τε

257 559 321 586 fana
336 560 456 593 destrui,
476 568 627 596 eorumque
639 562 744 591 reditus
771 564 880 598 templis
907 563 1042 591 Christia-

1092 565 1140 591 καὶ
1156 563 1286 591 ἐθεάσατο
1311 564 1325 590 ὁ
1350 563 1520 599 φιλόχριστος
1546 563 1682 598 βασιλεὺς,
1709 561 1881 597 ᾠκοδόμησε.

257 613 355 632 norum
372 614 388 633 a
417 614 447 634 se
476 607 619 635 aediﬁcatis
647 608 761 635 addixit.
790 608 848 636 Hoc
878 609 1044 644 imperatore

1093 610 1162 640 Τοὺς
1175 610 1203 636 δέ
1216 610 1271 636 τῶν
1293 609 1426 645 Ἐλλήνων
1451 609 1607 640 είδωλικοῦς
1626 607 1706 640 ναοὺς
1730 606 1882 642 προσέταξε

259 652 337 678 multi
377 652 469 687 populi
506 653 693 680 Christianam
735 652 894 688 religionem
924 654 1043 690 amplexi

1085 654 1276 682 ’καταλύεσθαι
1291 655 1339 682 καὶ
1355 655 1500 690 ἐκκλησίας
1521 653 1731 689 οἰκοδομεῖσθαι,
1756 654 1803 680 καὶ
1832 652 1884 684 τὰς

259 701 335 729 sunt,
352 697 491 725 Celtarum
516 703 544 726 et
570 699 710 726 Gallorum
736 700 961 734 occidentalium,
984 705 1042 728 tum

1092 701 1195 728 τούτων
1222 701 1370 737 προσόδους
1392 701 1488 732 αὐταῖς
1516 699 1671 734 δωρεῖσθαι.
1710 699 1772 726 Ἐπὶ
1785 699 1883 726 τούτου

258 743 319 770 lndi
348 743 494 771 interiores
518 743 663 779 lberesque
687 749 716 773 et
746 746 882 779 Armenii,
912 747 1044 775 Teridate

1093 746 1140 773 τοῦ
1159 746 1292 781 βασιλέως
1303 746 1388 773 πολλὰ
1410 746 1465 774 τῶν
1488 746 1572 773 ἐθνῶν
1597 746 1644 773 τδν
1668 745 1885 781 Χριστιανισμον

259 789 322 823 eius
340 789 377 816 rei
394 790 527 825 principe.
554 790 632 818 Tunc
656 791 728 827 enim
742 790 891 827 Gregorius
916 800 1042 827 magnus,

1094 792 1300 827 προσεδέξαντο,
1325 791 1381 819 ἀπὸ
1404 800 1433 818 τε
1462 791 1572 818 Κελτῶν
1601 792 1649 818 καὶ
1675 790 1803 818 Γαλατῶν
1827 790 1885 816 τῶν

259 834 398 862 Armeniae
414 843 520 870 magna:
532 836 694 872 cpiscopus,
717 845 750 865 ex
771 838 886 865 terribili
913 839 966 867 isto
982 840 1042 867 lacu
1061 867 1063 872 ,

1095 837 1229 871 ἐσπερίων
1240 845 1248 852 ·
1263 836 1331 864 ἀλλά
1349 837 1397 863 καὶ
1412 836 1488 863 Ἰνδοὶ
1510 837 1535 862 οἱ
1552 835 1692 870 ἐνδοτέρω,
1715 834 1827 871 Ἴϐηρές
1853 843 1886 861 τε

260 879 378 909 eductus
394 881 427 908 ad
442 889 532 915 regem
550 882 706 910 Teridatem
723 885 850 917 accessit,
866 889 893 912 et
915 886 1045 914 universa
1061 867 1064 895 1

1097 884 1142 910 καὶ¹
1164 867 1300 918 ξΑρμένιοι
1314 882 1400 918 ἀρχὴν
1414 883 1446 909 ἐκ
1469 882 1620 917 Τηριδάτου
1644 867 1787 913 λαϐόντεςξ
1815 881 1886 908 Τότε

261 925 390 953 Armenia
409 927 437 954 in
456 927 559 955 Christi
575 928 653 956 Iidem
670 930 823 963 concessit;
842 938 893 958 nec
910 939 964 958 non
978 932 1046 960 Per-

1096 929 1152 963 γάρ
1166 929 1180 955 ὁ
1195 928 1281 963 μέγας
1298 928 1448 964 Γρηγόριος
1461 929 1475 955 ὁ
1497 928 1546 963 τῆς
1560 927 1681 962 μεγάλης
1691 926 1839 962 Ἀρμενίας
1853 927 1889 953 ἐκ

261 979 309 1004 sae,
325 971 451 1000 Simeone
462 974 594 1008 eplscopo
606 982 654 1002 eos
671 975 799 1004 docente.
816 975 868 1004 Sed
882 980 910 1004 et
926 977 1048 1005 Uthaxa~

1097 975 1144 1002 τοῦ
1162 974 1277 1009 φοϐεροῦ
1294 975 1396 1001 λάκκου
1416 974 1522 1001 ἐκείνου
1553 973 1717 1008 ἐκϐέϐληται
1743 974 1790 1000 καὶ
1815 973 1889 1000 κατὰ

262 1018 314 1045 dus
330 1019 484 1052 eunuchus,
496 1019 608 1054 Saporis
622 1019 768 1048 Persarum
784 1022 858 1057 regis
871 1023 1046 1059 paedagogus,

1097 1021 1142 1047 τὸν
1162 1019 1274 1055 βασιλέα
1287 1020 1441 1056 Τηριδὰτην
1457 1019 1574 1053 γίνεται,
1588 1019 1635 1046 καὶ
1652 1020 1669 1054 ἡ
1693 1019 1768 1046 πᾶσα
1783 1018 1889 1054 Ἀρμε-

261 1064 297 1089 ob
312 1064 478 1092 Christianae
496 1066 639 1101 religionis
654 1066 857 1095 confessionem
874 1069 987 1104 capitali
1005 1073 1048 1099 est

1098 1065 1143 1092 νία
1163 1066 1204 1097 είς
1217 1065 1267 1100 τὴν
1288 1065 1334 1091 τοῦ
1350 1064 1469 1100 Χριστοῦ
1497 1063 1589 1090 πίστιν
1621 1064 1805 1099 μετατίθεται.
1832 1064 1889 1090 Καὶ

261 1108 376 1138 aﬂ'ectus
393 1111 539 1145 supplicio.

1100 1109 1204 1143 Πέρσαι
1227 1109 1328 1145 ὁμοίως
1352 1109 1399 1136 ἐπὶ
1421 1108 1528 1144 Σιμεὼν
1551 1108 1713 1135 ἐπισκόπου.
1737 1108 1818 1135 Ἀλλὰ
1839 1108 1889 1135 xui.

1099 1154 1222 1187 Οὑθαξὰδ
1238 1155 1365 1191 εὐνοῦχος
1377 1154 1551 1189 παιδαγωγὸς
1571 1154 1703 1190 Σαπώρου
1729 1154 1890 1190 ἐμαρτύρη-

1100 1210 1158 1229 σεν.

299 1245 497 1274 Constantinus
524 1253 620 1281 porro,
638 1253 701 1274 cum
728 1246 753 1274 ei
778 1246 934 1282 philosophi
962 1247 1049 1276 Graeci

1136 1243 1220 1279 Οὗτος
1233 1247 1247 1274 ὁ
1265 1247 1350 1282 μέγας
1361 1246 1488 1281 βασιλεὺς
1503 1246 1555 1273 ὑπὸ
1580 1246 1731 1281 φιλοσόφων
1753 1245 1889 1281 Ἐλλήνων

264 1291 462 1325 exprobrarent
492 1291 566 1326 quod
589 1291 748 1327 religionem
766 1292 937 1325 innovasset,
953 1301 1050 1328 quem-

1100 1293 1294 1328 ὀνειδιζόμενος
1305 1293 1342 1324 ὡς
1352 1291 1520 1328 νεωτερίζων
1535 1292 1584 1328 τὴν
1595 1292 1754 1327 θρησκείαν,
1771 1292 1818 1319 ἕνα
1832 1291 1889 1318 τῶν

264 1337 327 1364 dam
344 1338 571 1372 philosophorum
589 1338 622 1365 ad
650 1338 842 1374 disputandum
866 1339 899 1366 de
922 1339 974 1366 ﬁde
988 1347 1050 1366 cum

1102 1339 1253 1374 φιλοσόφων
1268 1338 1357 1365 αὐτῶν
1370 1338 1523 1373 παρέστησε
1535 1338 1705 1373 διαλεχθῆναι
1721 1337 1891 1373 Ἀλεξάνδρῳ

263 1383 419 1410 Alexandro
436 1384 566 1418 episcopo
588 1384 730 1419 produxit.
749 1385 815 1412 Erat
844 1385 868 1412 is
894 1385 1050 1412 Alexander

1101 1383 1140 1417 τῷ
1163 1383 1306 1418 ἐπισκόπῳ
1317 1383 1440 1418 περὶτῆς
1460 1382 1591 1414 πίστεως.
1614 1383 1643 1409 '0
1657 1382 1686 1409 δὲ
1713 1382 1891 1418 Ἀλέξανδρος

265 1428 348 1455 homo
367 1428 488 1461 divinus,
505 1433 633 1456 caeterum
650 1430 786 1457 indoctus.
808 1431 834 1458 ιε
849 1438 910 1456 cum
929 1430 1048 1465 philoso-

1103 1428 1176 1459 θεῖος
1188 1428 1237 1463 μὲν
1252 1426 1285 1464 ἦν
1295 1428 1375 1463 ἀνὴρ,
1387 1428 1473 1462 λόγων
1484 1428 1512 1454 δὲ
1524 1428 1645 1462 ἄπειρος.
1664 1428 1709 1459 Ὧς
1720 1427 1766 1454 οῦν
1775 1426 1829 1454 εἶδε
1842 1428 1892 1455 τὸν

267 1473 350 1506 phum
363 1473 468 1500 videret
486 1473 663 1507 garrientem,
679 1473 800 1508 lulpero,
823 1474 922 1509 inquit,
949 1475 997 1502 tibi
1025 1475 1052 1502 in

1103 1474 1246 1508 φιλόσοφον
1254 1474 1488 1507 γλωσσαλγοῦντα,
1497 1474 1559 1509 ἔφη·
1576 1475 1729 1501 Ἐπιτάττω
1739 1483 1779 1500 σοι
1791 1475 1819 1500 ἐν
1829 1474 1891 1500 6V6-

266 1517 379 1545 nomine
404 1517 469 1545 Jesu
498 1518 613 1548 Christi.
630 1519 687 1545 veri
711 1518 771 1550 Dei,
794 1523 823 1546 ut
856 1520 939 1548 sileas
964 1528 1070 1564 neque,

1107 1527 1172 1553 ματι
1185 1519 1272 1553 Ἰησοῦ
1286 1519 1403 1555 Χριστοῦ
1412 1520 1458 1546 τοῦ
1471 1519 1596 1554 ἀληθινοῦ
1613 1519 1680 1546 Θεοῦ
1692 1520 1771 1555 ἡμῶν
1784 1520 1894 1555 σιωπᾷν

267 1563 399 1597 loquaris.
415 1563 513 1590 Adhuc
531 1563 614 1599 5.99
627 1571 658 1591 ea
675 1563 831 1591 Alexandro
857 1565 966 1592 dicente
992 1566 1052 1600 phi-
1069 1563 1071 1565 ’

1105 1566 1152 1593 καὶ
1161 1565 1198 1600 μὴ
1207 1565 1374 1600 φθέγγεσθαι
1395 1565 1514 1599 Καὶᾶμα
1522 1565 1561 1600 τῷ
1569 1565 1639 1601 λόγῳ
1651 1565 1776 1600 ἐφιμώθη
1788 1565 1835 1591 καὶ
1843 1565 1894 1599 γέ-

266 1609 400 1643 losophus
427 1609 567 1636 obmutuit
596 1610 766 1645 verbumque
801 1610 891 1638 facere
920 1613 1053 1646 nequivit.

1105 1620 1182 1646 γονεν
1189 1611 1293 1643 ἄλαλος.
1304 1611 1371 1638 Τότε
1384 1611 1424 1647 [Ρ.
1434 1611 1499 1646 285]
1512 1611 1622 1646 σεισμὸς
1632 1612 1727 1645 γέγονε
1735 1611 1894 1642 τηλικοῦτος

267 1654 307 1682 Ea
323 1658 486 1689 tempestate
499 1655 526 1682 in
543 1655 693 1689 Campania
718 1655 803 1682 urbes
821 1655 856 1684 15
871 1659 952 1683 terra:
978 1661 1051 1684 motu

1106 1658 1135 1684 ὲν
1146 1657 1297 1693 Καμπανίᾳ
1307 1657 1345 1689 ὠς
1361 1656 1394 1692 ιγ’
1412 1657 1502 1689 πόλεις
1518 1659 1622 1689 πεσεῖν,
1632 1658 1679 1684 καὶ
1690 1658 1764 1692 ἡλίου
1774 1657 1896 1692 ἔκλειψις

270 1705 416 1736 prostratae
430 1705 520 1735 sunt;,
533 1704 683 1736 tantusque
706 1701 757 1728 fuit
783 1701 850 1728 solis
875 1701 998 1730 defectus
1025 1706 1055 1729 ut

1105 1703 1217 1738 τοιαύτη
1226 1703 1264 1735 ὡς
1272 1703 1391 1738 ἀστέρας
1399 1703 1516 1738 φανῆναι
1529 1704 1557 1730 ἓν
1565 1703 1665 1738 ἡμέρα.
1673 1703 1742 1729 Τότε
1750 1703 1797 1729 καὶ
1805 1703 1896 1737 όφεων

269 1747 384 1774 meridie
414 1747 502 1775 stella
516 1747 686 1775 viderentur.
706 1748 740 1775 Et
755 1748 782 1775 in
807 1748 934 1776 Melitena
964 1749 1055 1777 omnis

1106 1750 1232 1776 παντοῖον
1248 1749 1327 1783 γένος
1353 1749 1398 1776 ἐπὶ
1425 1749 1475 1784 τὴν
1494 1749 1647 1784 Μελιτηνὴν
1656 1751 1774 1784 φανῆναι
1784 1757 1791 1765 ο
1807 1750 1832 1776 ο¹ί
1846 1751 1896 1776 καὶ

268 1793 379 1828 generis
424 1800 528 1828 angues
568 1793 750 1825 exstiterunt,
785 1794 832 1828 qui
867 1802 898 1822 se
937 1795 1055 1823 invicem

1107 1794 1295 1830 μαχεσάμενοι
1304 1793 1482 1821 κατέκτειναν
1491 1793 1615 1826 ἑαυτοὺς,
1632 1794 1670 1826 ὡς
1683 1794 1732 1820 atat
1739 1794 1788 1828 τῆν
1801 1793 1897 1829 χώραν

270 1840 417 1874 pugnando
450 1843 638 1872 necaverunt,
668 1847 702 1868 ex
727 1840 819 1875 iisque
850 1841 941 1876 gravis
968 1849 1000 1869 ea
1028 1841 1056 1870 in

1108 1839 1248 1873 δποζέσαι.
1262 1840 1318 1867 Καὶ
1341 1840 1485 1871 Ἰουδαίους
1515 1840 1581 1876 περὶ
1601 1839 1652 1872 τὴν
1677 1839 1821 1874 οἰκοδομὴν
1846 1839 1896 1865 τοῦ

269 1886 383 1921 regione
393 1890 436 1913 est
449 1885 562 1913 obortus
576 1885 656 1913 fetor.
677 1885 788 1914 Iudaeos
812 1894 921 1921 quoque
947 1894 1057 1914 rursum

1109 1885 1173 1914 ναοῦ
1202 1886 1284 1914 πάλιν
1310 1886 1514 1918 εστασιάζοντας
1539 1886 1751 1917 Κωνσταντῖνοςι
1769 1886 1783 1911 ὸ
1797 1885 1899 1919 Μέγας

270 1932 480 1964 tumultuantes,
492 1940 525 1960 ac
534 1932 667 1967 templum
678 1931 817 1960 aedificare
829 1936 972 1966 conantes,
988 1933 1059 1961 Con-

743 1932 817 1960 icare
829 1936 972 1966 conantes,
988 1933 1059 1961 Con-
1108 1932 1335 1968 τιμωρησάμενος
1346 1932 1547 1968 διεσκόρπισεν.

271 1979 411 2005 stantinus
427 1978 502 2006 ultus
515 1983 567 2010 est,
584 1983 666 2012 atque
685 1977 828 2012 dispersit.

309 2023 392 2051 Beata
419 2028 511 2050 autem
540 2022 646 2051 Helena
665 2022 862 2058 HierOsolymis
885 2024 996 2051 domum
1015 2031 1061 2052 re-

1153 2019 1186 2046 'H
1199 2019 1228 2045 δέ
1244 2019 1366 2056 μακαρία
1397 2020 1489 2056 Ἑλένη
1514 2020 1542 2054 ἐξ
1567 2020 1762 2062 Ἰεροσολύμων
1780 2021 1897 2048 ἐπανελ-

272 2077 363 2101 versa.
382 2078 443 2097 cum
464 2070 518 2097 lilio
532 2070 616 2098 multa
635 2069 668 2097 de
682 2067 841 2096 Christiana
857 2070 955 2104 pietate
976 2078 1058 2098 man-

1112 2063 1206 2096 θοῦσα,
1216 2066 1263 2091 καὶ
1275 2065 1359 2092 πολλὰ
1374 2065 1413 2101 τῷ
1431 2065 1481 2100 υίῷ
1495 2066 1581 2100 αὐτῆς
1596 2067 1643 2096 καὶ
1656 2066 1763 2101 βασιλεῖ
1773 2068 1836 2102 περὶ
1848 2068 1900 2100 τῆς

274 2117 376 2147 dasset,
394 2116 478 2142 vitam
493 2115 565 2142 (iniit
578 2122 651 2142 anno
666 2115 755 2142 aetatis
768 2114 803 2142 80
816 2123 824 2147 ;
842 2115 1004 2150 sepultaque
1017 2118 1061 2143 est

1112 2109 1152 2140 είς
1162 2109 1278 2144 Χριστὸν
1295 2110 1412 2141 πίστεως
1429 2110 1616 2146 ἐντειλαμένη,
1640 2112 1816 2146 ἐτελεύτησεν
1829 2112 1901 2138 ἐτῶν

274 2162 302 2188 in
321 2161 421 2195 templo
431 2160 635 2195 Apostolorum.
654 2160 734 2187 Beata
751 2159 803 2186 ista
817 2159 916 2187 mulier
934 2160 1062 2188 omnibus

1113 2153 1151 2186 τί,
1167 2155 1214 2182 καὶ
1229 2155 1316 2190 ἐτάφη
1332 2156 1362 2182 ἐν
1385 2156 1425 2191 τῷ
1442 2156 1499 2191 ναῷ
1521 2156 1574 2183 τῶν
1595 2157 1694 2190 ’Λγίων
1714 2158 1900 2184 Ἀποστόλων.

275 2211 372 2234 ornata
386 2205 549 2237 virtutibus,
566 2205 671 2232 Christi
688 2205 845 2231 imitatione
870 2205 953 2232 etiam
975 2205 1059 2233 animi
1076 2204 1079 2231 l

1097 2212 1099 2224 ν
1112 2198 1218 2230 Πάσαις
1234 2199 1323 2225 τοίνυν
1338 2200 1354 2234 ἡ
1369 2200 1491 2236 μακαρία
1505 2200 1615 2234 ἀρεταῖς
1630 2202 1823 2237 κεκοσμημένη
1840 2199 1901 2237 εἶχε

273 2252 441 2280 ἀειιιίεείοηε
455 2259 504 2279 usa
515 2255 558 2278 est
573 2259 636 2278 cum
653 2258 718 2286 erga
742 2258 838 2278 omnes
855 2250 982 2279 homines
1003 2257 1061 2279 tum

1112 2246 1159 2272 καὶ
1169 2245 1219 2280 τὴν
1229 2245 1443 2281 χριστομίμητον
1455 2246 1705 2282 ταπεινοφροσύνην
1713 2248 1780 2283 προς
1793 2248 1903 2281 πάντας

275 2298 392 2326 maxime
405 2305 452 2326 eos
466 2297 514 2332 qui
541 2297 692 2325 solitariam
713 2296 797 2323 vitam
811 2301 907 2331 agunt.
923 2296 990 2324 Nam
1007 2297 1064 2324 vir-

1114 2291 1174 2326 μὲν,
1187 2291 1335 2326 ἐξαιρέτως
1346 2291 1374 2318 δὲ
1390 2292 1459 2328 πρὸς
1475 2293 1537 2324 τοὺς
1551 2293 1726 2327 μονάζοντας.
1742 2294 1902 2328 Συνάγουσα

274 2344 351 2378 gines
366 2351 466 2379 cogens
485 2347 513 2370 et
528 2344 556 2370 in
572 2343 641 2370 toris
667 2341 817 2375 collocans,
833 2342 891 2376 ipsa
905 2342 945 2370 eis
958 2342 1064 2371 ancillae

1112 2336 1167 2372 γὰρ
1181 2337 1332 2371 παρθένους
1346 2338 1397 2364 καὶ
1411 2337 1457 2364 ἐπὶ
1471 2338 1603 2365 στιϐάδων
1617 2339 1818 2366 κατακλίνουσα
1830 2340 1902 2376 αὐτὴ

275 2391 303 2417 lu
331 2397 434 2417 morem
463 2389 646 2421 ministrabat,
672 2388 749 2416 cibos
770 2395 910 2423 apponens
927 2393 953 2416 et
968 2388 1064 2423 pocula

1113 2383 1152 2410 δι’
1182 2383 1282 2418 ἑαυτῆς
1295 2383 1492 2419 καθυπούργει,
1504 2383 1557 2419 ὅψα
1568 2384 1749 2419 παρατιθείσα
1759 2385 1806 2411 καὶ
1821 2386 1902 2412 κύλι-

274 2437 419 2471 porrigens
434 2435 617 2469 manibusque
634 2442 727 2462 earum
741 2441 839 2469 aquam
854 2434 1009 2461 aﬂ'undens.
1021 2434 1061 2461 Ita

1115 2437 1166 2460 κας
1177 2428 1310 2464 ὀρέγουσα
1324 2428 1370 2455 καὶ
1381 2428 1453 2463 ὕδωρ
1462 2429 1523 2460 ταῖς
1535 2429 1629 2464 χερσὶν
1641 2428 1729 2455 αὐτῶν
1742 2428 1901 2463 ἐπιχέοντα,

274 2488 302 2510 et
313 2483 442 2518 inclytum
457 2489 536 2508 suum
551 2481 634 2508 tilium
650 2479 820 2512 instituebat,
836 2479 874 2506 uti
892 2478 964 2506 fastu
981 2486 1063 2506 vaca-

1114 2474 1281 2509 θεραπαίνης
1297 2474 1377 2509 ἔργον
1388 2474 1518 2510 ἐπλήρου.
1535 2474 1612 2501 Οὕτω
1626 2474 1654 2501 δὲ
1670 2475 1718 2501 καὶ
1729 2475 1773 2501 τδν
1785 2475 1828 2501 ἀεί
1832 2484 1903 2511 μνη-

276 2533 318 2555 ret
342 2529 493 2563 virtutique
521 2532 618 2555 exacte
633 2525 763 2553 laudabili
780 2524 913 2557 studeret,
932 2524 1062 2552 Domino-

1115 2529 1176 2548 στον
1191 2521 1247 2548 υἱὸν
1261 2520 1347 2555 αὐτῆς
1361 2520 1553 2553 ὲξεπαίδευσεν
1567 2521 1667 2556 ἄτυφον
1679 2521 1751 2556 ἔχειν
1763 2521 1903 2556 φρόνημα,

276 2582 330 2608 que
344 2583 405 2601 cum
422 2579 494 2602 metu
514 2578 541 2601 et
557 2578 674 2600 tremore
689 2571 816 2599 serviret.
827 2571 914 2606 Atque
926 2571 949 2598 is
966 2571 1061 2599 matris

1115 2567 1216 2603 ἀρετῆς
1239 2567 1286 2594 καὶ
1309 2566 1447 2598 πολιτείας
1463 2566 1595 2602 ἀκριϐοῦς
1618 2566 1818 2601 ἐπιμελεῖσθαι,
1841 2567 1905 2593 δου-

278 2620 422 2655 μνωοεριίε
437 2624 565 2648 accurate
589 2625 688 2655 parens
704 2616 861 2652 centuplum
877 2617 993 2652 protulit
1005 2616 1063 2644 t‘ru-

1114 2613 1202 2640 λεύειν
1221 2613 1250 2640 δὲ
1263 2613 1301 2647 τῷ
1323 2613 1417 2655 Ιξυρίῳ
1443 2613 1511 2648 μετά
1547 2613 1630 2646 φόϐου
1650 2613 1698 2639 καὶ
1715 2613 1817 2648 τρόμου
1831 2619 1839 2627 ·
1875 2613 1905 2644 ὃς

277 2650 375 2694 ctum.-
589 2650 598 2655 I
787 2650 794 2652 ξ
877 2650 886 2652 7
1117 2659 1259 2694 φυλάττων
1277 2650 1398 2692 expres;
1414 2658 1464 2690 τὰς
1487 2658 1574 2693 αὐτῆς
1592 2658 1703 2689 ἐντολὰς
1720 2658 1907 2694 ἐκαρποφόρει

1117 2703 1382 2735 ἐκατονταπλασίως.

851 2759 1027 2790 XYLANDRI
1041 2759 1085 2786 ET
1104 2757 1208 2786 GOARI
1224 2757 1341 2785 NOTAE.

317 2810 372 2845 (86)
389 2809 527 2845 Xylander
539 2809 674 2843 copiarum
685 2809 804 2844 pra-fecti
816 2809 908 2845 vertit.
917 2806 1046 2845 gQuarum
1055 2805 1068 2832 Ἰ
1121 2804 1263 2845 Michaelis
1276 2803 1443 2845 archangeli.
1456 2803 1602 2845 antiquam
1619 2803 1717 2832 exiudc
1732 2813 1795 2842 erga
1811 2807 1908 2837 beatos

279 2838 392 2876 Rectius
416 2838 549 2879 "dixisset,
564 2838 674 2873 caelestis
685 2838 794 2872 'mt'litia:
809 2838 947 2878 principis,
969 2842 996 2870 id
1019 2845 1061 2871 cst
1116 2841 1230 2876 spiritus
1246 2838 1417 2868 devotionem
1432 2838 1539 2874 collige.
1554 2838 1640 2868 ϐοοκ.
