2036 3153
109 195 162 227 545

658 195 930 227 IIISTORIARUM
950 196 1213 228 COMPENDIUM.

1683 198 1735 231 548

143 251 192 288 Τῷ
217 253 242 278 κ’
269 250 328 278 ἔτει
358 250 471 286 γέγονεν
494 251 511 286 ἠ
548 251 613 286 ἁγία
638 251 685 278 καὶ
720 252 897 287 οἰκουμενικὴ

984 252 1063 279 Anno
1082 252 1254 280 Constantini
1270 252 1402 281 vicesimo
1417 256 1544 281 sanetum
1560 253 1737 290 primumque

108 299 204 334 πρώτη
225 298 337 329 σύνοδος
354 298 384 324 ὲν
403 297 516 333 Νικαίᾳ,
541 297 722 325 συνελθόντων
740 298 794 324 τῶν
814 297 899 331 ἁγίων

108 345 159 380 τιη¹
178 345 320 380 Πατέρων.
332 341 386 376 Ἦς
401 344 516 381 ἡγοῦντο
532 344 694 378 Σιλὸέστρου
704 344 783 371 πάπα
791 343 900 379 Ῥώμης

107 392 310 427 τοποτηρηταὶ,
340 391 428 418 Βίτων
453 391 500 418 καὶ
527 391 675 417 Βικεντίων
707 389 898 426 πρεσϐύτεροι,

106 438 296 472 Μητροφάνης
312 437 359 464 τοῦ
376 436 536 469 Βυζαντίου,
560 436 734 471 Ἀλέξανδρος
769 436 898 469 ’Λλεξαν-

105 485 211 520 ὀρείας,
230 483 380 515 Εὐστάθιος
399 482 577 518 Ἀντιοχείας,
593 483 734 516 Μακάριος
751 481 898 517 Ἰεροσολύ-

107 540 178 566 μων,
210 530 281 557 κατὰ
313 529 420 566 ’Ᾱρείου
448 529 634 564 πρεσϐυτέρου
647 528 790 562 γεγονότος
807 527 899 560 Ἀλεξ-

104 577 243 612 σνδρείας,
273 575 496 611 βλασφημοῦντος
521 575 567 602 τὸν
586 575 653 601 Θεὸν
686 575 772 607 Λόγον
796 575 899 610 κτίσμα

105 623 154 650 καὶ
182 621 354 657 ἐτεροούσιον
376 621 423 648 τοῦ
458 620 575 657 Πατρδς,
607 621 655 647 καὶ
670 620 711 646 ὅτι
724 617 758 655 ἦν
775 628 840 646 ποτε
854 620 898 646 ὅτε

104 669 154 695 οὐκ
170 666 206 704 ἦν
224 667 393 701 δοξάζοντος.
418 667 466 693 Ὃν
489 666 641 693 καθελοῦσα
653 665 834 701 ἀνεθεμάτισε
851 666 899 693 σὺν

103 715 161 746 τοῖς
178 714 330 750 ὁμόφροσιν
343 712 437 745 αὑτοῦ,
448 712 493 740 τδν
504 712 532 739 δὲ
547 712 610 738 Υιὺν
621 711 763 747 όμοούσιον
772 711 818 738 καὶ
835 720 899 738 συν-

104 759 224 795 ἆναρχον
253 758 309 795 (87)
340 757 378 794 τῷ
400 758 489 794 Πατρὶ
527 757 573 784 καὶ
606 757 671 784 Θεὸν
699 756 832 791 ἀληθινὸν,
851 755 898 783 καὶ

106 805 229 841 κτίστην
248 805 361 832 πάντων
388 804 560 839 ἐδογμάτισε.
594 803 672 830 Μετὰ
696 803 761 837 γοῦν
782 803 812 829 τὸ
838 811 899 829 συν-

105 851 286 886 αθροισθῆναι
300 850 404 881 πάντας
422 850 485 881 τοὺς
503 848 634 885 ῥηθέντας
646 847 698 884 τιη¹
721 848 846 884 Πατέρας
869 849 899 875 ὲν

103 895 210 931 Natat;
233 894 376 930 δημοσίοις
393 893 540 929 ὀχήμασιν,
557 894 670 928 ἀφίκετο
683 893 731 920 καὶ
745 894 758 919 ό
771 893 898 928 βασιλεὺς

103 940 250 975 ἐφιέμενος
263 940 330 967 ίδεῖν
345 939 395 976 τὴν
410 939 515 975 πληθὺν
529 939 585 966 τῶν
607 939 768 975 ἀρχιερέων.
783 939 838 966 Καὶ
863 938 895 975 δὴ

103 983 178 1012 οἷκον
213 985 344 1020 μέγιστον
370 986 399 1012 ὲν
421 986 478 1017 τοῖς
501 984 648 1020 βασιλείοις
685 985 896 1017 κατασκευάσας

104 1031 219 1067 θρόνους
245 1031 362 1063 πολλοὺς
389 1032 417 1058 ὲν
444 1030 521 1067 αὑτῷ
536 1030 648 1066 τεθῆναι
673 1030 834 1066 προσέταξε,
849 1031 896 1057 καὶ

105 1077 194 1108 οὕτως
212 1077 347 1104 εἰσελθεῖν
362 1077 426 1108 τοὺς
440 1077 578 1112 ἀρχιερεῖς
591 1076 750 1112 ἐπέτρεψεν.
762 1076 896 1111 Ἐσχατος

105 1124 132 1151 ἃ
154 1124 205 1150 σὺν
221 1124 327 1158 ὀλίγοις
339 1123 468 1150 είσελθὼν
483 1124 529 1149 καὶ
542 1123 634 1154 αὐτὸς,
649 1123 697 1149 καὶ
720 1122 785 1154 στὰς
801 1123 831 1149 ιν
856 1122 896 1158 τῷ

106 1169 191 1205 μέσῳ,
219 1169 408 1205 προετρέψατο
432 1168 536 1201 πάντας
570 1168 690 1196 καθίσαι.
715 1165 782 1195 Εἶτα
800 1167 896 1202 θρόνου

106 1215 209 1251 μικροῦ
236 1215 362 1246 τεθέντος
396 1211 552 1246 κελευσθεὶς
580 1214 628 1240 ὑπ’
656 1214 747 1241 αὐτῶν
768 1214 896 1241 ἐκάθισεν

105 1260 218 1294 ἔσχατος
230 1259 359 1285 πάντων
373 1258 493 1293 τοσαύτη
518 1267 560 1290 τις
585 1258 714 1285 εὐλάόεια
737 1258 786 1285 καὶ
813 1258 896 1290 αἰδὼς

105 1305 158 1331 τῶν
176 1304 286 1340 ἀνδρῶν
299 1305 410 1340 κατεῖχε
422 1305 469 1331 τδν
485 1303 608 1340 βασιλέα.
625 1305 680 1331 Καὶ
707 1304 732 1330 oi.
762 1305 812 1340 μὲν
838 1305 896 1336 τοῖς

107 1352 200 1379 ἄνθεσι
219 1352 275 1379 τῶν
286 1353 433 1388 ἐγκωμίων
445 1353 494 1388 τὴν
504 1352 626 1388 κεφαλὴν
654 1352 738 1379 αὐτοῦ
759 1352 897 1387 στεφανώ-

108 1407 203 1430 σαντες
213 1397 265 1434 τὴν
279 1398 342 1434 περὶ
361 1399 394 1425 τὰ
417 1398 475 1425 θεῖα
489 1397 531 1434 [Ρ.
543 1398 607 1434 286]
631 1398 747 1434 σπουδὴν
762 1399 898 1433 εὐλογίαις

108 1444 261 1479 ἠμείψαντο
274 1453 281 1461 ·
307 1445 320 1471 ό
337 1444 365 1471 δὲ
380 1445 443 1476 τοὺς
453 1445 518 1481 περὶ
540 1445 591 1480 τῆς
613 1445 741 1480 ὁμονοίας
751 1446 798 1472 καὶ
828 1454 898 1480 συμ-

109 1489 211 1522 φωνίας
227 1489 412 1525 προσαγαγὼν
427 1490 523 1524 λόγους
546 1489 660 1522 πολλοὺς
679 1490 728 1525 μὲν
750 1490 896 1525 ἐφιλοφρο-

109 1536 208 1570 νήσατο
222 1536 270 1562 καὶ
283 1536 373 1570 λόγοις
394 1536 443 1563 καὶ
453 1536 561 1571 δώροις,
578 1535 679 1568 πολλὰς
703 1536 732 1564 δὲ
768 1536 898 1568 στισάδας

109 1581 266 1631 προστάξας
296 1582 508 1631 εὐτρεπισθῆναι
540 1583 586 1609 ἐπὶ
626 1582 658 1610 τὺ
701 1582 768 1609 αὐτὸ
793 1583 897 1615 πάντας
911 1602 932 1631 c

110 1627 230 1660 ἑστίασε,
262 1627 326 1658 τοὺς
349 1627 400 1663 μὲν
431 1627 660 1664 ἀξιολογωτέρους
692 1628 898 1664 ὁμοτραπέζους

110 1672 211 1705 λσὸὼν,
234 1673 298 1705 τοὺς
320 1673 350 1700 δὲ
379 1673 489 1705 λοιποὺς
518 1674 558 1705 είς
584 1673 634 1706 τὰς
654 1674 738 1705 ἄλλας
755 1674 898 1709 τραπέζας

110 1719 200 1745 όιεῖλε.
216 1718 390 1753 Θεασάμενος
407 1719 435 1746 δέ
450 1728 526 1752 τινας
538 1719 602 1752 τοὺς
619 1719 723 1752 δεξιοὺς
737 1719 896 1755 ὀφθαλμοὺς

112 1762 346 1796 εκκεκομμένους,
367 1763 414 1789 καὶ
438 1763 533 1798 μαθὼν
559 1763 597 1796 ὡς
623 1764 675 1790 ὺπδ
697 1764 894 1799 Διοκλητιανοῦ

112 1807 156 1833 καὶ
185 1808 360 1843 Μαξιμιανοῦ
387 1808 431 1836 διὰ
456 1810 506 1843 τὴν
541 1810 582 1841 είς
611 1809 728 1844 Χριστὸν
752 1810 898 1845 ὁμολογίαν

111 1852 190 1879 τοῦτο
202 1854 363 1886 πεπόνθασι,
380 1854 415 1881 τὰ
430 1854 506 1890 χείλη
519 1856 576 1887 τοῖς
595 1855 736 1891 τραύμασι
762 1855 898 1891 προσενή-

112 1908 171 1934 νοχε
185 1899 439 1935 κατασπαζόμενος,
454 1900 580 1928 ἑλκύσειν
597 1902 701 1928 ἐκεῖθεν
719 1901 843 1936 εὐλογίαν
859 1901 898 1938 τῷ

113 1945 246 1981 φιλήματι
258 1946 412 1973 πιστεύων·
447 1946 533 1979 οὕτως
556 1944 590 1983 ἦν
611 1948 626 1974 ὁ
651 1947 802 1983 Θαυμάσιος
828 1948 898 1984 ἀνὴρ

113 1992 214 2023 ἐκεῖνος
241 1991 370 2028 εὐλαϐείᾳ
395 1992 443 2019 καὶ
470 1993 562 2020 πίστει
592 1993 643 2020 καὶ
679 1995 896 2030 μετριοφροσύνῃ

113 2037 367 2073 λελαμπρυσμένος.
386 2039 426 2074 Τῇ
439 2038 468 2065 δὲ
485 2038 617 2074 ἐπαύριον
630 2040 776 2067 ἐπίσκοποι
797 2041 897 2073 πάντες

113 2082 158 2109 καὶ
168 2083 183 2109 ό
199 2083 328 2118 βασιλεὺς
339 2084 378 2115 είς
387 2084 435 2110 ἕνα
450 2084 532 2111 τόπον
543 2084 716 2116 συνελθόντες
730 2085 841 2112 λαλοῦσι
851 2085 897 2113 τὸν

115 2129 222 2164 Ἀρειον
240 2129 291 2156 σὺν
311 2131 368 2161 τοῖς
379 2130 527 2166 όμόφροσιν
538 2131 621 2157 αὑτοῦ
633 2131 674 2163 εἰς
699 2131 750 2166 τὴν
776 2131 895 2166 σύνοδον,

115 2174 308 2209 ἐπιτρέποντες
324 2174 398 2209 αὐτῷ
412 2176 540 2211 συστῆναι
555 2177 610 2207 τοῖς
629 2175 740 2208 οἰκείοις
754 2177 896 2212 δόγμασιν.

115 2217 202 2247 Ἦνδὲ
226 2220 261 2247 τὰ
275 2220 398 2256 δόγματα
416 2221 462 2248 τοῦ
488 2221 602 2254 ἀσεϐοῦς
617 2223 665 2250 καὶ
679 2224 895 2259 τρισκαταράτου

950 299 1150 326 meumeuieum
1175 299 1321 327 concilium
1347 298 1443 327 Nicaeae
1468 305 1558 327 actum
1581 299 1641 333 fuit,
1667 308 1736 330 con-

949 345 1070 380 gregatis
1081 351 1114 372 eo
1125 344 1177 372 5l8
1188 345 1290 372 sanctis
1301 344 1441 373 Patribus.
1457 344 1628 373 Praefuerunt
1639 347 1663 373 ei
1680 347 1736 374 Sil-

949 391 1031 417 vestri
1047 389 1162 417 Romani
1173 398 1248 424 papae
1257 391 1345 418 locum
1356 394 1481 419 tenentes
1489 392 1568 419 Vitou
1582 397 1610 418 et
1619 391 1736 420 Vincen-

950 437 1005 464 tius
1035 436 1115 471 500
1142 436 1316 471 presbyteri,
1357 436 1549 472 Metrophanes
1591 438 1735 474 Byzantii,

948 482 1103 509 Alexander
1138 481 1328 514 Alexandriae,
1369 481 1529 511 Eustathius
1572 484 1734 518 Antiochiae,

950 528 1088 555 Macarius
1119 527 1317 563 Hierosolyma:
1346 528 1479 563 episcopi.
1509 529 1606 557 A‘ctum
1639 536 1736 558 contra

949 575 1056 606 Arium,
1073 574 1119 609 qui
1131 570 1309 601 Alexandreae
1327 574 1471 610 presbyter
1488 574 1584 608 fuerat,
1599 576 1736 610 impieque

949 620 1144 655 pronuntiabat
1154 619 1273 647 Verbum
1283 618 1331 646 Dei
1345 624 1498 647 creaturam
1514 627 1601 655 neque
1613 622 1735 656 ejusdem

949 674 1011 693 cum
1037 665 1117 693 Patre
1140 666 1265 693 essentia:
1287 673 1359 699 esse,
1380 674 1412 693 ac
1431 666 1515 693 fuisse
1541 671 1649 702 tempus
1680 675 1736 702 quo

950 710 1067 739 Verbum
1083 719 1137 738 non
1156 711 1247 739 fuerit.
1263 711 1331 738 Eum
1347 711 1493 738 concilium
1514 719 1575 738 eum
1592 713 1736 740 sectatori-

949 758 1000 785 bus
1016 758 1074 793 ejus
1091 757 1277 792 proseribens,
1291 758 1412 785 decrevit
1426 757 1525 784 Filium
1539 765 1600 785 esse
1609 758 1737 792 ejusdem

949 809 1012 830 cum
1030 801 1110 829 Patre
1131 802 1268 835 essentize,
1283 802 1464 837 similiterque
1480 801 1617 837 principio
1631 810 1735 837 carere,

949 852 976 875 et
998 855 1060 876 esse
1080 856 1174 875 verum
1192 847 1275 876 Deum
1301 850 1384 883 atque
1407 848 1527 875 omnium
1551 849 1735 877 Conditorem.

948 889 1015 922 Cum
1043 894 1162 922 Nicaeam
1186 894 1238 922 318
1267 894 1312 921 isti
1341 894 1435 922 Patres
1460 894 1577 929 publicis
1602 895 1737 924 vehiculis

936 934 1148 975 pervenissent,
1176 940 1272 967 eodem
1286 939 1368 966 etiam
1397 940 1545 975 imperator
1561 947 1591 968 se
1607 941 1736 974 contulit,

949 986 1063 1021 cupiens
1074 985 1167 1012 videre
1178 992 1238 1012 eam
1253 992 1422 1012 summorum
1440 985 1600 1020 pontiﬁcum
1616 986 1738 1013 multitu-

949 1031 1052 1058 dinem.
1067 1030 1180 1058 Domum
1196 1031 1224 1058 in
1241 1030 1314 1065 regia
1330 1030 1528 1065 amplissimam
1544 1031 1642 1065 positis
1659 1033 1737 1060 soliis

949 1077 1077 1105 adornari
1095 1077 1178 1112 inque
1192 1084 1252 1104 eam
1275 1075 1370 1104 Patres
1395 1076 1544 1103 convenire
1563 1076 1659 1111 jussit.
1675 1077 1736 1111 ipse

950 1131 1011 1151 cum
1031 1124 1127 1159 paucis
1148 1128 1304 1158 postremus
1330 1122 1453 1154 intravit,
1471 1123 1553 1157 inque
1567 1123 1656 1151 medio
1670 1122 1739 1151 asti-

950 1169 993 1203 tit,
1008 1176 1040 1197 ac
1054 1169 1198 1197 considere
1210 1170 1308 1197 Patres
1325 1170 1477 1201 mandavit,
1491 1169 1629 1204 jussuque
1639 1177 1735 1197 eorum

949 1215 1036 1251 posita
1057 1215 1123 1242 sella
1146 1215 1258 1242 ultimus
1271 1215 1394 1242 omnium
1413 1215 1485 1242 sedit
1504 1225 1511 1243 :
1529 1219 1635 1242 tantum
1648 1216 1735 1250 impe-

949 1264 1025 1287 rator
1039 1259 1167 1288 Patribus
1182 1260 1341 1287 reverentiae
1356 1267 1387 1286 ac
1402 1260 1515 1288 honoris
1530 1259 1678 1288 deferebat.
1697 1260 1737 1287 Ac

950 1304 1046 1332 Patres
1060 1304 1170 1338 quidem
1187 1303 1301 1332 ﬂoribus
1317 1304 1505 1332 laudationum
1521 1309 1604 1338 caput
1619 1305 1738 1339 impera-

950 1350 1020 1378 toris
1036 1354 1211 1380 coronautes,
1224 1349 1321 1377 faustis
1332 1350 1597 1384 comprecationibus
1613 1351 1736 1387 studium

950 1397 1010 1431 ejus
1026 1403 1118 1423 rerum
1146 1403 1257 1422 sacrum
1285 1399 1544 1430 compensaverunt.
1573 1395 1735 1431 imperator,

951 1441 1043 1469 habita
1068 1441 1203 1473 oratione,
1226 1447 1281 1475 qua
1297 1448 1346 1468 eos
1361 1441 1395 1468 ad
1409 1442 1584 1468 concordiam
1599 1446 1626 1469 et
1639 1441 1737 1469 unani-

950 1487 1071 1513 mitatent
1097 1485 1300 1519 exhortaretur,
1328 1486 1431 1514 multos
1459 1486 1582 1521 ipsorum
1600 1487 1691 1514 verbis
1705 1494 1737 1514 ac

951 1533 1112 1560 muneribus
1125 1536 1301 1568 prosecutus,
1321 1533 1423 1561 multos
1436 1537 1513 1560 tor05
1538 1533 1629 1568 parari
1641 1532 1735 1567 jussit,

951 1586 1100 1614 omnesque
1113 1580 1147 1606 ad
1161 1587 1244 1606 unum
1270 1579 1425 1606 convivium
1439 1579 1558 1612 vocavit,
1576 1579 1613 1606 ita
1628 1582 1657 1605 ut
1670 1586 1738 1614 prte-

949 1626 1097 1654 stantiores
1113 1633 1170 1653 suae
1187 1632 1287 1652 mensae
1311 1625 1464 1656 adhiberet.
1482 1625 1604 1660 reliquos
1619 1625 1646 1652 iu
1659 1629 1738 1652 caete-

949 1679 995 1699 ras
1011 1678 1121 1699 mensas
1141 1671 1330 1698 distribueret.
1347 1669 1449 1697 Videns
1463 1674 1555 1697 autem
1571 1669 1736 1704 quibusdam

947 1717 1058 1745 oculum
1073 1717 1201 1744 dextrum
1221 1724 1283 1745 esse
1302 1721 1422 1748 erutum,
1447 1716 1639 1751 accipieusque
1655 1715 1734 1751 501

948 1762 975 1790 id
995 1770 1071 1791 eosa
1094 1762 1266 1790 Diocletiano
1291 1766 1319 1790 et
1346 1761 1516 1795 Marii-tiam
1542 1769 1639 1796 passos
1661 1763 1735 1796 quod

948 1808 1088 1836 Christum
1114 1813 1208 1836 essent
1232 1808 1363 1841 confessi,
1386 1808 1530 1836 cicatrices
1545 1816 1639 1836 eorum
1656 1808 1737 1835 labiis

949 1855 1068 1882 admotis
1097 1854 1275 1882 deosculatus
1303 1858 1357 1885 est.
1382 1861 1496 1888 sperans
1513 1854 1616 1881 osculis
1632 1853 1694 1881 inde
1706 1861 1738 1881 se

947 1900 1104 1928 felicitatem
1119 1900 1284 1927 hausturqu
1298 1906 1306 1926 :
1321 1903 1427 1926 tantum
1442 1899 1495 1926 fuit
1512 1899 1539 1926 in
1552 1900 1605 1926 isto
1616 1899 1735 1933 impera-

949 1951 1008 1974 tore
1022 1946 1096 1979 tidei,
1113 1945 1295 1974 observantiae
1319 1953 1384 1981 erga
1402 1951 1514 1973 sanctos
1533 1949 1560 1973 et
1584 1945 1734 1972 modestia.

948 1991 1086 2020 Postridie
1099 1992 1222 2028 episcopi
1238 1991 1359 2020 universi
1372 1995 1399 2019 et
1417 1992 1569 2027 imperator
1593 1991 1622 2018 in
1649 1998 1735 2018 unum

949 2038 1039 2066 locum
1066 2037 1173 2065 collecti
1201 2037 1296 2064 Arium
1326 2036 1361 2064 ad
1377 2045 1407 2064 se
1429 2041 1528 2065 vocant
1545 2037 1571 2063 in
1587 2035 1736 2063 concilium

948 2093 1011 2113 cum
1027 2085 1085 2113 suis
1097 2084 1291 2117 sectatoribus,
1306 2084 1386 2118 eique
1402 2091 1467 2111 suas
1491 2082 1636 2118 opiniones
1657 2080 1740 2120 asse-1

947 2133 1025 2161 rendi
1038 2135 1200 2168 potestatem
1216 2130 1336 2158 faciunt.
1355 2129 1418 2158 Haec
1444 2136 1535 2157 autem
1549 2134 1630 2157 erant
1658 2129 1734 2164 impii

947 2184 1028 2215 atque
1042 2177 1203 2206 exsecrandi
1212 2176 1270 2204 Arii
1285 2177 1406 2204 decreta.
1422 2176 1493 2203 Deus
1504 2183 1557 2203 non
1569 2183 1677 2210 semper
1683 2175 1735 2202 fuit

947 2225 1037 2258 Pater,
1046 2224 1094 2252 sed
1107 2224 1224 2250 fuiteum
1233 2222 1303 2250 Deus
1312 2230 1365 2250 non
1372 2227 1442 2250 esset
1456 2221 1546 2249 Pater.
1554 2220 1612 2248 Non
1628 2227 1736 2255 semper

119 2266 223 2302 ’Δρείου
235 2267 335 2296 ταῦτα.
352 2268 409 2294 Οὐκ
420 2267 463 2294 ἀεὶ
482 2268 496 2294 ὀ
516 2268 582 2300 Θεὸς
597 2269 690 2305 Πατὴρ
713 2267 758 2306 ἦν,
788 2270 845 2297 ἀλλ’
864 2268 897 2305 ἦν

950 2272 1000 2300 fuit
1021 2270 1140 2299 Verbum
1152 2269 1212 2302 Dei,
1237 2269 1282 2296 sed
1293 2276 1326 2296 cx
1341 2276 1373 2296 eo
1388 2267 1461 2303 quod
1480 2268 1549 2295 nihil
1565 2271 1635 2298 erat,
1655 2274 1735 2293 crea-

114 2313 153 2339 ὄτε
185 2312 253 2344 Θεδς
275 2313 372 2349 Πατὴρ
403 2313 453 2340 οὐκ
482 2312 526 2350 ἦν.
543 2315 599 2341 Οὺκ
613 2315 656 2342 ἀεὶ
680 2313 714 2351 ἦν
728 2317 742 2342 ό
764 2315 812 2342 τοῦ
828 2316 895 2343 Θεοῦ

114 2358 210 2393 Λόγος,
243 2358 301 2384 ἀλλ’
316 2358 347 2391 ἐξ
370 2359 420 2386 οὐκ
436 2358 522 2386 όντων
535 2359 646 2394 γέγονεν
662 2367 670 2375 ο
681 2361 695 2387 ὁ
716 2361 770 2395 γὰρ
785 2360 821 2387 ὢν
831 2360 898 2392 Θεὸς

113 2403 155 2430 τὸν
168 2405 207 2439 μὴ
220 2403 285 2430 ὂντα
298 2404 330 2430 ἐκ
344 2403 392 2430 τοῦ
413 2405 450 2440 μὴ
466 2405 543 2437 ὄντος
553 2405 698 2441 πεποίηκε.
719 2406 765 2432 Διὸ
774 2403 808 2441 ἦν
832 2415 898 2433 ποτε

114 2448 155 2475 ὅτε
181 2449 233 2476 οὐκ
252 2446 288 2484 ἦν
302 2457 308 2463 ·
337 2450 441 2485 κτίσμα
457 2450 512 2486 γάρ
539 2451 656 2477 ἐστικαὶ
677 2450 783 2486 ποίημα
799 2451 896 2482 ὁΥἱός.

114 2494 178 2521 Οὔτε
191 2495 221 2522 δὲ
232 2495 326 2530 ὅμοιός
339 2496 414 2523 εστιν
426 2496 441 2522 ὁ
452 2496 516 2528 Υῑὸς
532 2497 571 2532 τῷ
592 2497 681 2532 Πατρ¹ι
700 2498 761 2524 κατ’
788 2497 895 2526 οὐσίαν.

115 2541 179 2568 Οὔτε
207 2542 240 2578 δὴ
274 2542 400 2578 ἀληθινὸς
430 2543 479 2571 καὶ
514 2543 593 2579 φύσει
622 2543 669 2571 τοῦ
687 2544 793 2580 [ἰατρὸς
812 2545 900 2578 Λόγος

118 2589 196 2622 εστὶν,
224 2589 287 2616 οὔτε
312 2589 427 2625 ἀληθινὴ
454 2593 535 2625 σοφία
546 2591 628 2618 αὐτοῦ
656 2592 749 2618 ἐστιν·
776 2591 834 2618 ἀλλ’
859 2588 898 2623 εἷς

120 2634 165 2668 μὲν
181 2634 238 2663 τῶν
249 2636 413 2671 ποιημάτων
428 2637 475 2662 καὶ.
504 2637 634 2671 γεννητός
654 2638 723 2670 ἐστι,
759 2645 898 2673 καταχρη-

120 2681 214 2714 στικῶς
224 2681 251 2708 δὲ
267 2681 377 2716 λέγεται
392 2682 478 2716 Λόγος
494 2683 541 2709 καὶ
565 2683 656 2717 σοφία,
679 2683 825 2719 ,γενόμενος
851 2684 898 2711 καὶ

120 2727 194 2760 αὐτος
207 2728 243 2764 τῷ
256 2728 313 2764 ίδίῳ
323 2728 370 2755 τοῦ
388 2728 456 2756 Θεοῦ
473 2729 553 2764 Λόγῳ
565 2729 611 2756 καὶ
626 2730 654 2756 ὲν
668 2729 708 2764 τῷ
719 2729 779 2765 Θεῷ
803 2729 895 2765 σοφίᾳ,

947 2321 1005 2344 tum
1013 2319 1056 2344 est
1068 2324 1076 2342 :
1086 2314 1158 2341 Deus
1167 2314 1239 2340 enim
1248 2313 1294 2348 qui
1302 2318 1371 2345 erat,
1383 2312 1405 2340 is
1415 2312 1499 2340 Deum
1510 2313 1556 2347 qui
1564 2319 1618 2339 non
1626 2315 1694 2344 erat,
1701 2319 1735 2339 ex

948 2362 1035 2390 nihilo
1042 2361 1156 2388 creavit.
1164 2358 1402 2394 Aliquandoigitur
1409 2357 1525 2386 Verbum
1536 2365 1589 2384 non
1599 2350 1649 2384 fuit
1657 2366 1663 2384 :
1672 2363 1734 2383 nam

948 2407 1034 2435 Filius
1051 2409 1178 2434 creatura
1189 2409 1242 2437 est,
1259 2410 1286 2431 et
1300 2412 1343 2431 res
1355 2403 1463 2431 eifecta.
1475 2403 1568 2438 Neque
1582 2409 1647 2430 vero
1661 2402 1735 2437 quod

948 2452 982 2480 ad
997 2451 1144 2480 essentiam
1160 2450 1268 2483 attinet,
1284 2449 1370 2478 Filius
1386 2449 1460 2476 Patri
1475 2449 1571 2476 similis
1596 2453 1658 2481 est;
1686 2455 1735 2475 ue-

951 2506 1004 2534 que
1019 2498 1167 2534 genuinum
1181 2501 1208 2524 et
1224 2499 1330 2523 naturae
1353 2495 1474 2530 ejusdem
1490 2502 1552 2522 curn
1572 2493 1653 2521 Patre
1668 2493 1735 2520 Ver-

952 2546 1016 2573 bum
1031 2548 1083 2578 est,
1105 2552 1194 2579 neque
1216 2551 1281 2570 vera
1298 2543 1358 2578 ejus
1376 2542 1520 2577 sapientia.
1547 2540 1601 2568 Sed
1616 2540 1734 2567 Verbum

951 2595 994 2619 cst
1013 2590 1047 2618 de
1073 2598 1190 2618 numero
1203 2594 1394 2616 creaturarum
1419 2588 1540 2623 genitum
1557 2596 1564 2614 :
1586 2586 1736 2622 improprie

952 2643 1042 2665 autem
1064 2636 1184 2664 Verbum
1202 2640 1229 2663 et
1256 2635 1390 2670 sapientia
1419 2634 1532 2666 dicitur,
1560 2641 1622 2660 cum
1645 2633 1735 2668 ipsum

951 2691 1061 2720 qucque
1073 2684 1213 2710 conditum
1231 2682 1267 2710 sit
1291 2690 1306 2708 a
1331 2681 1444 2716 proprio
1470 2678 1518 2708 Dei
1537 2680 1625 2708 Verbo
1649 2684 1736 2707 etsa—

951 2730 1052 2765 pientia
1068 2736 1129 2764 quae
1147 2729 1174 2756 in
1200 2728 1254 2756 Deo
1273 2731 1326 2760 est,
1348 2734 1402 2763 qua
1421 2735 1437 2755 a
1454 2727 1508 2755 Deo
1523 2726 1615 2754 omnia
1628 2730 1656 2753 et
1672 2725 1738 2752 Ver-

687 2823 862 2852 XYLANDRI
880 2823 924 2851 ET
939 2821 1043 2852 GOA‘BI
1058 2821 1174 2849 NOTAE.

165 2879 260 2918 εῃᾼη
279 2881 315 2908 ita
329 2879 429 2918 Filius,
448 2881 519 2909 sicut
531 2881 611 2909 Pater
625 2882 751 2918 ἄναρχος,
768 2890 822 2909 non
849 2882 898 2913 ita,

180 2915 261 2944 Filius
277 2922 388 2951 quoque
414 2917 541 2952 ἄναρχος,
564 2917 629 2951 quia
649 2915 712 2946 licet
733 2917 896 2952 principium

953 2880 1080 2916 originis.
1099 2889 1153 2908 non
1167 2878 1299 2916 temporis
1319 2884 1409 2916 tame_n
1427 2881 1474 2904 aut
1487 2874 1634 2904 creationis
1651 2881 1737 2910 agno~

953 2913 1014 2945 seit'.
1034 2915 1182 2950 Gregorius
1198 2914 1363 2950 Theologus.
1381 2913 1468 2941 Gom.
