2036 3153
277 181 329 213 547

922 178 1083 209 GEORGII
1098 178 1264 208 CEDRENI

1851 181 1905 212 548

277 241 343 268 bum
361 244 469 274 quoque
485 237 573 271 ipsum
587 234 659 262 facta
670 239 744 263 sunt.
768 234 831 262 Ideo
847 234 965 263 Verbum
984 237 1064 263 etiam

1122 232 1174 272 ὲνῇ
1190 234 1280 261 καὶτὰ
1295 235 1385 262 πάντα
1401 235 1448 261 καὶ
1462 235 1543 262 αὑτὸν
1560 236 1710 272 πεποίηκεν
1726 236 1741 262 ό
1770 237 1848 268 Θεός.
1862 239 1910 264 Διὸ

280 285 409 313 mutabile
431 286 472 310 est
498 288 529 308 ac
549 286 654 308 natura:
679 281 842 314 alterabilis,
868 281 949 308 sicuti
974 281 1067 308 omnia

281 332 388 358 ratione
419 327 550 364 praedita;
580 327 756 361 alienumque
776 330 819 354 est
852 326 968 354 Verbum
985 334 1001 354 a
1019 326 1065 354 Dei

278 376 442 407 substantia,
473 374 508 402 ab
532 380 619 408 eaque
652 373 826 401 distinctum.
859 372 952 408 Neque
974 373 1068 400 videre

278 413 367 456 potest
395 419 506 447 Patrem
535 417 632 451 Filius,
649 425 738 453 neque
765 417 888 453 perfecte
905 423 932 446 et
950 418 1066 453 praecise

278 474 340 494 cum
359 473 529 501 cognoscere
554 472 645 499 neque
659 465 753 492 videre
783 469 884 500 potest.
906 464 973 491 Nam
989 472 1066 492 suatn

277 513 364 548 ipsius
376 519 489 548 qu0que
499 511 686 539 substantiam
704 518 759 538 non
774 511 861 544 novit,
881 511 1019 546 quomodo
1031 511 1068 538 sit

277 558 374 587 Filius.
396 558 510 593 Propter
522 564 572 585 nos
590 557 665 585 enim
681 556 773 584 factus
788 561 841 588 est,
857 562 886 584 ut
904 555 973 584 Deus
986 556 1066 591 502

279 613 331 633 nos
355 605 444 640 ipsius
474 609 603 639 tanquam
635 603 811 631 instrumenti
835 610 918 638 opera
948 598 1066 635 crearet,

278 657 368 685 neque
382 648 496 677 omnino
508 649 663 677 exstitisset
681 647 735 675 nisi
758 647 830 675 Deus
845 655 896 675 nos
915 647 1006 676 facere
1018 655 1067 675 vo-

278 695 390 723 luisset.
432 695 622 729 Interrogatus
663 694 745 721 etiam
780 693 861 720 Arius
889 700 904 720 a
934 693 1065 728 quodam,

279 745 409 776 possetne
426 741 545 769 Verbum
568 740 681 773 mutari,
709 739 849 774 quomodo
875 740 1001 767 diabolus
1024 743 1068 767 est

280 790 415 818 mutatus,
436 793 491 814 non
523 786 629 813 veritus
645 790 687 813 est
704 784 839 813 aﬂirmare
853 792 935 820 posse
960 783 987 812 id
1007 792 1068 812 tnu-

280 832 330 859 tari
347 839 429 859 :esse
447 831 521 859 enim
546 830 689 859 mutabilis
712 835 819 858 natura
835 834 930 865 utpote
945 830 1066 865 genitum

279 882 306 906 et
318 882 454 906 creatum.

315 924 451 952 Caeterum
471 923 636 950 miraculum
653 930 687 950 eo
706 922 735 950 in
752 922 872 950 concilio
890 922 990 950 factum
1004 921 1067 957 jure

278 969 451 1005 praetermitti
466 969 578 996 silentio
597 975 653 996 non
678 973 778 1003 potest.
808 967 935 995 Novitate
963 967 1068 994 decreti

279 1014 453 1049 imperatoris
467 1013 531 1040 tuoti
549 1017 737 1040 convenerant
759 1012 793 1039 ad
811 1013 959 1040 concilium
976 1013 1067 1047 philo-

278 1060 356 1095 sophi
372 1066 552 1094 oratoresque
563 1059 631 1087 artis
642 1059 795 1087 disserendi
806 1059 979 1094 peritissimi.
996 1058 1070 1086 Inter

277 1114 326 1135 eos
343 1106 454 1142 quidam
472 1110 533 1133 erat
546 1104 660 1133 Graecus
682 1105 709 1132 in
727 1106 850 1133 omnium
873 1105 1069 1139 admiratione,

277 1157 306 1180 et
322 1152 357 1179 ad
374 1152 455 1187 cujus
479 1151 683 1187 disputationes
700 1159 799 1186 magna
817 1151 959 1179 hominum
974 1159 1070 1178 accur-

279 1202 352 1226 reret
373 1197 532 1225 multitudo.
551 1196 646 1232 Neque
661 1197 735 1225 enim
754 1205 815 1224 eutn
831 1197 978 1225 confutare
993 1197 1069 1224 vale-

279 1245 344 1271 bant
355 1243 491 1278 episcopi,
508 1250 570 1270 cum
590 1245 618 1270 et
634 1242 764 1270 facillime
779 1243 921 1278 quibusvis
935 1243 1070 1277 objectio-

279 1289 360 1316 nibus
375 1291 547 1319 occurreret,
563 1292 590 1315 et
614 1291 713 1322 argute
737 1287 900 1315 dissolveret
916 1287 1068 1322 proposita,

278 1335 420 1368 instarque
436 1334 562 1369 anguilla:
578 1333 774 1368 comprehendi
792 1334 928 1368 nequiret,
943 1333 991 1362 sed
1005 1341 1069 1362 cttm

280 1382 399 1409 maxime
414 1382 553 1409 videretur
579 1382 759 1413 constrictus,
785 1381 941 1408 elaberetur
956 1388 989 1408 ac
1003 1381 1070 1407 vali-

279 1428 343 1455 dius
359 1427 475 1454 instaret
501 1427 661 1454 adversario
676 1435 684 1453 :
702 1430 779 1453 tanta
796 1426 822 1452 in
839 1433 872 1453 co
889 1430 951 1453 erat
965 1426 1069 1460 ingenii

279 1474 332 1506 vis,
347 1474 548 1507 verborumque
562 1473 643 1507 copia
658 1478 685 1498 et
698 1471 856 1499 volubilitas
872 1473 980 1506 linguae.
997 1471 1069 1499 Deus

281 1525 370 1546 tamen
386 1524 452 1546 tunc
467 1518 588 1546 ostendit
610 1525 724 1552 regnum
741 1525 820 1544 suttm
837 1525 890 1544 non
915 1517 1006 1544 verbis
1021 1517 1069 1544 sed

280 1568 416 1600 potestate
444 1564 507 1592 niti.
535 1564 652 1596 Quidam
678 1564 750 1590 enim
776 1563 810 1590 de
826 1563 940 1596 sanctis,
960 1563 1070 1590 nomine

280 1611 428 1647 Spyridon,
446 1612 595 1646 cpiscOpus
618 1610 844 1643 Trimithuntius,
867 1610 1072 1644 simplicissitno

281 1657 390 1692 ingenio
407 1664 439 1684 ac
462 1655 619 1684 disserendi
634 1657 721 1688 rudis,
739 1656 817 1690 petiit
834 1655 887 1683 sibi
906 1663 969 1682 cum
984 1655 1073 1690 philo—

281 1706 368 1738 sopho
384 1704 438 1730 isto
451 1702 609 1737 disputandi
622 1703 711 1730 locum
728 1701 859 1734 concedi;
877 1701 1000 1734 nihilque
1013 1707 1071 1728 mo-

282 1752 361 1775 ratus
381 1747 489 1779 Patres,
505 1748 552 1782 qui
573 1747 633 1783 ejus
649 1747 794 1775 ruditatem
820 1751 848 1774 et
869 1745 1073 1781 simplicitatem

282 1795 400 1822 scientes
415 1794 607 1829 prohibebant,
628 1801 774 1828 aggressus
799 1793 927 1820 eumzln
952 1793 1072 1825 nomine,

282 1839 382 1874 inquit.
399 1838 464 1866 .lcsu
479 1838 592 1871 Christi,
605 1838 680 1869 audi.
690 1837 864 1873 philosophe,
883 1836 1008 1876 veritatis
1025 1837 1073 1864 de-

282 1889 367 1912 creta.
384 1883 488 1912 Unicus
502 1889 544 1912 est
559 1883 642 1916 Deus,
658 1885 705 1918 qtti
723 1882 803 1918 503
819 1882 919 1910 celum
932 1885 960 1909 et
972 1887 1072 1910 terram

283 1932 397 1962 creavit,
415 1935 444 1958 et
455 1930 593 1958 hominem
610 1937 643 1957 ex
656 1933 730 1957 terra
748 1928 838 1961 ﬁnxit,
855 1932 883 1955 et
899 1927 1003 1962 reliqua
1014 1935 1074 1955 om-

283 1979 330 2006 nia
347 1982 402 2005 tattt
418 1985 480 2012 quae
490 1977 581 2004 visunt
599 1976 708 2011 fugiunt
729 1982 812 2010 quam
839 1981 901 2009 quae
923 1973 951 2002 in
976 1974 1072 2001 oculos

283 2024 442 2057 incurrunt,
466 2023 555 2050 \ierbo
579 2021 737 2057 Spirimqtte
752 2028 804 2048 suo
826 2019 958 2048 condidit.
985 2019 1074 2054 Ilujus

283 2066 406 2096 Verbum
418 2075 467 2096 nos
477 2067 580 2095 scimus
592 2065 689 2093 Filium
704 2065 749 2092 Dei
762 2072 835 2097 esse,
848 2064 964 2099 ideoque
974 2064 1074 2091 adora-

285 2123 358 2148 mus,
374 2114 517 2142 credentes
529 2116 632 2140 nostrae
646 2111 745 2140 salutis
760 2117 844 2139 causa
861 2118 923 2138 eum
936 2114 1074 2145 postremo

286 2166 410 2196 tempore
421 2168 455 2188 ex
477 2158 589 2195 Virgine
602 2162 707 2190 natum,
722 2156 869 2192 supplicio,
887 2154 974 2184 morte
993 2161 1074 2191 atque

287 2208 314 2234 in
330 2208 414 2234 vitam
441 2205 531 2234 reditu
555 2212 607 2232 suo
634 2204 785 2231 humanum
815 2210 901 2237 genus
923 2202 1072 2236 liberasse;

1119 283 1167 308 καὶ
1179 281 1295 317 τρεπτός
1310 281 1368 308 ἐστι
1385 281 1432 308 καὶ
1456 281 1600 314 ἁλλοιωτὸς
1625 283 1674 318 τὴν
1694 283 1787 317 φύσιν,
1804 284 1842 315 ὡς
1861 285 1911 310 καὶ

1119 328 1209 354 πάντα
1222 327 1256 354 τὰ
1269 327 1376 361 λογικά.
1398 327 1479 360 Ξένος
1495 337 1525 354 τε
1545 329 1593 356 καὶ
1608 329 1747 364 ἀλλότριος
1775 330 1823 356 καὶ
1855 331 1911 357 ἀπ-

1123 372 1328 407 εσχοινισμένος
1344 373 1417 399 ἐστὶν
1431 374 1445 399 ὁ
1464 373 1549 407 Λόγος
1563 374 1613 409 τῆς
1639 374 1706 401 Θεοῦ
1725 375 1830 407 οὐσίας,
1862 378 1912 402 καὶ

1117 417 1260 452 ἀόρατοςό
1275 417 1368 452 Πατὴρ
1382 417 1420 452 ’τῷ
1455 418 1524 452 Υἱῷ.
1562 418 1629 445 Οὔτε
1654 420 1706 454 γὰρ
1729 420 1829 451 τελέως
1862 421 1913 447 καὶ

1120 461 1244 497 ἀκριϐῶς
1258 461 1388 496 γινώσκει
1401 463 1414 488 6
1427 462 1512 496 Λόγος
1525 463 1570 489 τὸν
1583 463 1703 498 Πατέρα,
1718 464 1782 491 οὔτε
1797 465 1910 496 τελείως

1118 506 1200 533 αὐτὸν
1216 506 1413 541 ὁρᾷνβύναται.
1429 507 1484 533 Καὶ
1497 508 1550 542 γὰρ
1564 508 1662 535 ἑαυτοῦ
1676 509 1725 542 τὴν
1750 509 1845 536 οὐσίαν
1859 511 1912 536 οὐκ

1119 547 1190 577 οἶδεν
1205 549 1244 582 ὡς
1258 549 1322 581 Υἱός
1333 551 1407 577 ἐστι·
1424 550 1464 577 δι’
1485 552 1559 586 ἡμᾶς
1590 551 1645 587 γὰρ
1681 553 1841 588 πεποίηται,
1867 554 1913 580 ἵνα

1122 596 1198 631 ἡμᾶς
1211 595 1245 622 δι’
1254 595 1336 622 αὑτοῦ
1354 596 1392 627 ὡς
1403 596 1437 622 δι’
1449 596 1566 631 ὀργάνου
1580 597 1660 632 κτίσῃ
1672 599 1686 624 6
1699 597 1780 630 Θεός·
1800 601 1846 625 καὶ
1859 600 1913 626 οὐκ

1117 641 1151 668 ἂν
1165 641 1281 676 ὑπέστη,
1297 642 1321 668 ει
1337 642 1375 677 μὴ
1392 642 1465 678 ἡμᾶς
1493 642 1625 678 ἠθέλησεν
1649 645 1663 670 ὁ
1686 643 1752 675 Θεὸς
1784 646 1909 679 ποιῆσαι,

1124 688 1280 724 Ἦρώτησεν
1294 687 1341 715 οὖν
1353 697 1394 720 τις
1405 688 1504 721 αὐτοὺς
1520 689 1544 715 εἰ
1559 688 1670 716 δύναται
1681 691 1694 716 6
1713 689 1759 716 τοῦ
1772 690 1839 717 Θεοῦ
1854 692 1910 717 Λό-

1117 739 1165 766 γος
1194 732 1344 767 τραπῆναι,
1367 732 1406 764 ῶς
1433 732 1539 769 ἐτράπη
1563 734 1578 760 6
1614 733 1758 766 διάϐολος·
1788 735 1836 762 καὶ
1859 737 1912 762 οὐκ

1117 777 1289 813 ὲφοὸήθησαν
1307 778 1406 811 εἰπεῖν,
1421 778 1462 805 ὄτι
1475 778 1540 812 Ναὶ,
1556 779 1666 806 δύναται
1677 781 1814 816 τραπῆναι
1825 789 1831 796 ·
1846 790 1912 817 τρε-

1116 824 1187 859 πτῆς
1208 824 1262 859 γάρ
1282 825 1339 851 ἐστι
1360 824 1477 859 φύσεως,
1501 825 1631 861 γεννητὸς
1648 826 1696 854 καὶ
1721 827 1827 860 κτιστδς
1857 829 1912 854 ὐπ-

1117 871 1221 907 άρχων.

1157 917 1238 945 Ἀλλὰ
1262 919 1292 944 τδ
1319 918 1390 945 κατὰ
1413 917 1463 953 τὴν
1487 918 1596 945 σύνοδον
1630 918 1742 953 γεγονὸς
1771 919 1863 955 θαῦμα
1881 921 1913 947 οὐ

1118 963 1222 990 δίκαιον
1238 964 1327 998 σιωπῇ
1340 963 1534 999 παραπέμψαι.
1562 964 1633 999 Πρὸς
1647 965 1701 1000 γὰρ
1713 965 1742 992 τὸ
1758 965 1913 1001 παράδοξον

1118 1009 1166 1036 τοῦ
1183 1009 1324 1044 βασιλικοῦ
1335 1009 1523 1044 διατάγματος
1550 1010 1597 1036 καὶ
1614 1010 1754 1045 φιλόσοφοι
1781 1012 1829 1039 καὶ
1858 1013 1912 1047 ῥή-

1119 1063 1198 1090 τορες
1213 1056 1243 1082 ἐν
1257 1056 1290 1091 τῇ
1308 1055 1410 1090 συνόδῳ
1434 1056 1574 1091 παρῆσαν,
1609 1056 1782 1093 διαλεκτικῆς
1811 1059 1913 1093 ἐμπει-

1122 1101 1229 1136 ρότατοι
1246 1109 1253 1116 ·
1277 1101 1307 1126 ὲν
1321 1098 1362 1132 οἷς
1380 1101 1486 1136 ὑπῆρχέ
1515 1109 1557 1133 τις
1569 1101 1669 1137 Ἕλλην
1700 1104 1778 1138 παρά
1800 1104 1913 1130 πάντων

1119 1145 1200 1177 αὐτὸς
1213 1145 1430 1181 θαυμαζόμενος,
1445 1145 1515 1172 ὥστε
1532 1146 1654 1181 μεγάλην
1671 1147 1803 1182 ἀκρόασιν
1816 1149 1849 1175 ἐκ
1860 1149 1913 1183 τῆς

1121 1191 1259 1225 συμϐολῆς
1274 1190 1404 1225 γενέσθαι
1418 1190 1539 1226 πλήθους
1567 1192 1815 1227 ἑπισυντρέχοντος.
1844 1194 1912 1220 Οὐδὲ

1120 1238 1173 1271 γὰρ
1185 1233 1276 1263 οἷοίτε
1291 1234 1360 1272 ἦσαν
1382 1237 1407 1263 οἱ
1424 1237 1569 1264 ἐπίσκοποι
1591 1237 1637 1264 τὸν
1650 1238 1794 1273 φιλόσοφόν
1808 1247 1839 1266 τε
1865 1242 1913 1266 καὶ

1121 1283 1223 1318 ῥήτορα
1240 1283 1403 1319 περιτρέψαι
1418 1283 1487 1315 τέως
1501 1283 1701 1319 διαλεγόμενον,
1712 1283 1755 1320 [Ρ.
1778 1285 1842 1321 287]
1871 1286 1912 1312 ὅτι

1120 1329 1187 1355 πᾶσι
1201 1330 1256 1360 τοῖς
1270 1328 1450 1364 ἐπαγομένοις
1466 1329 1553 1364 ῥᾷστα
1573 1329 1769 1365 προσεφέρετο,
1786 1330 1912 1357 ὲπιλύων

1120 1374 1228 1409 εὐφυῶς
1243 1375 1277 1401 τὰ
1294 1375 1491 1409 προτεινόμενα
1506 1375 1552 1401 καὶ
1565 1375 1644 1410 δίκην
1656 1376 1784 1411 ἐγχέλυος
1806 1377 1912 1403 ἀκατά-

1121 1429 1215 1456 σχετος
1230 1421 1432 1456 εὑρισκόμενος.
1453 1422 1498 1448 Ἑν
1512 1419 1553 1453 οἷς
1568 1422 1621 1456 γὰρ
1637 1422 1725 1449 ἐδόκει
1740 1423 1911 1458 συνέχεσθαι,

1120 1467 1305 1494 διολισθαίνων
1326 1468 1567 1503 ὲπικρατεστέρως
1595 1469 1761 1505 ἀντεφέρετο
1793 1472 1827 1506 τῇ
1855 1471 1912 1496 τῶν

1121 1513 1264 1548 νοημάτων
1277 1513 1409 1548 δεινότητι
1429 1515 1477 1540 καὶ
1488 1514 1619 1549 ῥημάτων
1631 1515 1783 1551 εὖγλωττῐᾳ
1805 1525 1835 1542 τε
1862 1517 1911 1542 καὶ

1123 1558 1273 1594 στωμυλίᾳ.
1295 1559 1364 1585 Ἀλλ’
1380 1559 1422 1585 ἵνα
1436 1559 1510 1595 δείξῃ
1534 1561 1548 1586 ό
1565 1560 1631 1591 Θεὸς
1657 1561 1697 1587 ὅτι
1715 1562 1766 1587 οὐκ
1786 1562 1815 1588 ἐν
1839 1562 1913 1597 λόγῳ

1122 1604 1139 1640 ἡ
1156 1603 1278 1638 βασιλεία
1292 1603 1339 1630 τοῦ
1357 1604 1438 1638 Θεοῦ,
1452 1605 1511 1631 ἀλλ’
1525 1606 1554 1631 ἐν
1566 1606 1690 1641 δυνάμει,
1715 1607 1859 1643 ἄνθρωπός
1871 1618 1913 1640 τις

1121 1650 1154 1675 ἐκ
1170 1649 1224 1676 τῶν
1237 1649 1321 1684 ἁγίων
1341 1651 1454 1686 ὀνόματι
1470 1652 1623 1687 Σπυρίδων,
1647 1653 1795 1685 ἐπίσκοπος
1811 1655 1913 1689 Τριμι-

1123 1694 1252 1727 θούντων,
1271 1696 1455 1729 ἀπλούστατος
1470 1698 1499 1724 δὲ
1514 1698 1563 1734 τὴν
1579 1699 1661 1734 φύσιν
1678 1699 1726 1726 καὶ
1743 1700 1851 1735 ἰδιώτης
1866 1701 1913 1728 τὸν

1121 1741 1211 1775 λόγον,
1225 1743 1340 1769 αἰτεῖται
1353 1743 1444 1779 χώραν
1461 1744 1536 1779 αὐτῷ
1558 1745 1668 1780 δοθῆναι
1683 1745 1828 1778 διαλέξεως
1843 1746 1913 1781 πρὸς

1122 1789 1168 1814 τὸν
1196 1788 1352 1823 φιλόσοφον.
1386 1791 1416 1816 Ol
1447 1790 1476 1816 δὲ
1510 1791 1633 1826 Πατέρες
1662 1792 1692 1818 τδ
1707 1792 1809 1820 ἁπλοῦν
1819 1800 1850 1818 τε
1866 1794 1914 1819 καί

1124 1833 1257 1860 ἰδιωτικὸν
1268 1835 1317 1861 τοῦ
1329 1835 1424 1870 ἀνδρὸς
1438 1836 1537 1868 εἰδότες
1553 1837 1671 1864 ὲκὼλυον
1684 1838 1775 1864 αὐτόν.
1807 1838 1862 1864 Τοῦ
1883 1839 1912 1865 δὲ

1125 1878 1162 1914 μὴ
1187 1879 1360 1914 ἀνεχομένου¹
1384 1881 1509 1916 πρόσεισι
1534 1882 1573 1917 τῷ
1589 1883 1667 1918 ἀνδρὶ
1682 1883 1727 1910 καί
1745 1892 1845 1918 φησιν·
1866 1884 1912 1911 Ἐν

1124 1924 1238 1959 ὀνόματι
1253 1925 1299 1951 τοῦ
1316 1925 1405 1961 Ἰησοῦ
1426 1926 1558 1962 Χριστοῦ,
1571 1928 1699 1961 ἄκουσον,
1718 1925 1741 1955 ὦ
1769 1929 1912 1964 φιλόσοφε,

1123 1970 1158 1997 τὰ
1184 1971 1235 2005 τῆς
1263 1971 1392 2005 ἀληθείας
1411 1973 1545 2007 δόγματα.
1573 1973 1640 2005 Θεὸς
1660 1971 1700 2006 εἷς
1723 1974 1809 2007 ἐστιν,
1836 1976 1850 2001 6
1866 1975 1913 2002 τὸν

1123 2015 1237 2052 οὐρανὸν
1251 2017 1298 2044 καὶ
1323 2017 1372 2053 τὴν
1389 2018 1577 2054 γῆνποιήσας,
1602 2020 1616 2046 6
1632 2020 1679 2046 καὶ
1708 2020 1853 2055 ἄνθρωπον
1881 2022 1914 2047 ἐκ

1123 2062 1174 2097 γῆς
1195 2062 1355 2094 διαπλάσας,
1367 2063 1459 2091 καὶτὰ
1469 2064 1554 2099 δρατὰ
1582 2064 1670 2093 πάντα
1682 2066 1728 2093 καὶ
1750 2066 1856 2100 ἀόρατα
1873 2066 1914 2100 τῷ

1126 2106 1206 2142 Λόγῳ
1218 2107 1302 2134 αὑτοῦ
1319 2108 1367 2134 καὶ
1379 2107 1417 2142 τῷ
1432 2108 1571 2144 Πνεύματι
1586 2109 1913 2144 συστησάμενος.Τοῦτον

1123 2151 1170 2178 τὸν
1186 2151 1274 2186 Λόγον
1299 2153 1379 2188 ἡμεῖς
1395 2153 1459 2179 Υἱὸν
1485 2153 1552 2180 Θεοῦ
1568 2153 1668 2185 ειδότες
1692 2154 1912 2190 προσκυνοῦμεν,

1124 2197 1296 2230 πιστεύοντες
1311 2198 1356 2225 διὰ
1366 2197 1415 2234 τὴν
1429 2199 1564 2235 ἡμετέραν
1580 2199 1715 2235 σωτηρίαν
1729 2200 1779 2226 ἐπ’
1788 2201 1913 2235 ἐσχάτων

286 2252 466 2287 eamdemque
480 2257 623 2286 speramus
637 2250 801 2282 rediturum,
818 2247 948 2283 justeque
962 2249 1070 2276 univer-

1126 2245 1158 2271 ὲκ
1187 2245 1238 2279 τῆς
1264 2243 1403 2281 Παρθένου
1434 2244 1574 2279 τεχθῆναι,
1599 2245 1647 2272 καὶ
1671 2245 1715 2272 διὰ
1727 2245 1848 2281 σταυροῦ
1867 2246 1913 2272 καὶ

286 2307 333 2327 sos
343 2298 544 2333 iudicaturum.
566 2295 700 2324 Credisne
728 2295 795 2328 hac,
822 2293 1002 2329 philosophe?
1029 2293 1076 2321 Ille

285 2352 362 2378 vero,
378 2344 462 2371 veluti
474 2343 497 2370 si
509 2349 650 2376 nunquam
676 2342 816 2376 disputare
840 2340 991 2372 didicisset,
1005 2340 1074 2367 muti

286 2391 375 2419 instar
392 2390 519 2421 obticuit,
545 2389 597 2416 hoc
613 2396 697 2416 unum
713 2387 807 2415 fatus:
824 2387 890 2414 Mihi
904 2393 1014 2421 quoque
1037 2386 1075 2412 ita

286 2445 331 2465 res
341 2436 443 2464 habere
452 2436 569 2463 videtur.
588 2433 657 2461 Tum
673 2441 757 2462 senex
771 2433 909 2468 Spyridon
922 2431 1022 2467 :Ergo,
1034 2431 1075 2458 iu-

287 2484 356 2517 quit,
378 2489 470 2518 surge,
485 2486 512 2509 et
527 2488 571 2508 tne
588 2480 621 2508 ad
639 2480 772 2515 templum
798 2486 924 2513 sequere,
942 2477 979 2505 ibi
991 2482 1075 2504 tesse-

286 2536 345 2556 ram
373 2528 435 2555 Iidci
469 2527 555 2562 hujus
576 2531 748 2560 accepturus.
779 2523 962 2558 Philosoplms
985 2526 1074 2550 autem

285 2582 382 2602 vorsus
395 2574 428 2601 ad
443 2572 591 2609 discipulos
604 2579 686 2600 suos:
703 2570 860 2604 Audite,ait
871 2578 878 2598 :
891 2569 1016 2603 Quandiu
1030 2576 1075 2597 res

287 2620 379 2648 verbis
395 2620 538 2655 agebatur,
554 2620 628 2647 dicta
644 2618 727 2646 dictis
746 2617 874 2652 opposui,
890 2620 1004 2650 arteque
1017 2615 1075 2643 dis-

288 2666 395 2693 serendi
415 2665 522 2700 objecta
536 2665 662 2692 rel‘utavi.
679 2664 828 2698 Postquam
841 2666 933 2689 autem
948 2669 997 2697 pro
1015 2668 1076 2688 ver-

287 2711 330 2739 bis
346 2711 387 2739 vis
407 2711 531 2746 quaedam
552 2718 586 2738 ex
602 2718 651 2738 ore
679 2709 761 2743 hujus
785 2709 860 2736 senis
887 2708 981 2740 exivit,
1007 2706 1075 2733 nihil

288 2758 424 2785 adversus
452 2757 507 2784 vim
539 2757 620 2783 verba
652 2756 762 2783 valuere
779 2764 786 2782 :
803 2763 857 2782 non
886 2755 958 2781 enitn
986 2757 1075 2788 potest

287 2804 369 2831 homo
389 2802 521 2830 resistere
552 2801 617 2828 Dco.
650 2801 743 2836 Itaque
767 2800 790 2827 si
816 2800 878 2834 quis
898 2803 1019 2826 vestrum
1037 2798 1074 2824 ita

287 2852 376 2884 potest
395 2847 549 2882 intelligere
563 2847 601 2874 uti
626 2854 687 2881 ego,
709 2846 732 2873 is
754 2845 781 2872 in
803 2844 945 2871 Christum
967 2842 1072 2874 credat,

286 2901 447 2929 mecumque
473 2900 566 2922 settem
583 2892 656 2920 hunc
671 2896 813 2927 sequatur,
839 2889 920 2925 cujus
935 2897 983 2917 ore
1003 2888 1074 2917 Deus

1128 2289 1245 2316 θανάτου
1257 2289 1306 2315 καὶ
1315 2289 1490 2320 ἀναστάσεως
1502 2289 1719 2325 ἠλευθερωκέναι
1729 2291 1759 2316 τὸ
1768 2290 1846 2324 γένος
1859 2291 1913 2317 τῶν

1126 2334 1277 2370 ἀνθρώπων
1290 2342 1298 2350 ⁶
1322 2333 1354 2360 ὃν
1373 2335 1420 2361 καὶ
1433 2334 1579 2370 ἐλπίζομεν
1594 2335 1708 2362 ἐλθόντα
1722 2335 1804 2363 πάλιν
1817 2338 1911 2371 κρῖναι

1126 2380 1230 2411 πάντας
1242 2380 1272 2406 ὲν
1288 2379 1456 2416 δικαιοσύνῃ.
1472 2380 1614 2412 Πιστεύεις
1630 2381 1744 2414 τούτοις,
1763 2382 1912 2416 tentiones;

1131 2425 1162 2452 '0
1180 2425 1220 2459 δὲ,
1238 2426 1276 2457 ὡς
1295 2426 1329 2453 ἀν
1344 2434 1386 2457 τις
1417 2426 1552 2461 μηδέποτε
1570 2428 1666 2462 πεῖραν
1689 2426 1776 2461 λόγων
1789 2427 1861 2462 ἔχων
1874 2430 1914 2459 εἰς

1127 2472 1277 2505 ἀντίθεσιν,
1288 2472 1448 2511 ἀπηνεώθη,
1458 2473 1507 2498 καὶ
1522 2473 1558 2504 ὼς
1569 2473 1661 2507 κωφὸς
1675 2474 1723 2500 καὶ
1734 2473 1832 2505 ἄλαλος
1847 2475 1915 2500 άτιο-

1127 2519 1268 2553 σιωπήσας
1280 2518 1360 2545 τοῦτο
1375 2519 1455 2553 μόνον
1474 2518 1636 2554 ἐφθέγξατο,
1649 2519 1690 2546 ὅτι
1714 2519 1807 2554 Κάμοὶ
1826 2519 1914 2546 ταῦτα

1125 2563 1212 2595 οὕτως
1244 2563 1316 2599 ἔχειν
1340 2564 1423 2590 δοκεῖ.
1447 2564 1502 2590 Καὶ
1525 2565 1539 2591 6
1572 2564 1661 2598 γέρων
1686 2565 1786 2600 φησιν·
1808 2565 1915 2590 οὐκοῦν

1126 2608 1246 2640 ἀναστὰς
1280 2608 1424 2635 ἀκολούθει
1457 2617 1502 2644 μοι
1530 2609 1598 2645 πρὸς
1626 2610 1675 2644 τὴν
1691 2609 1916 2644 ἑκκλησίαν,καὶ

1126 2653 1198 2688 λήψῃ
1227 2653 1258 2679 τὸ
1289 2655 1401 2688 σημεῖον
1443 2655 1492 2689 τῆς
1530 2655 1648 2686 πίστεως
1688 2656 1800 2690 ταύτης.
1837 2656 1868 2682 ’U
1888 2656 1915 2682 δὲ

1126 2699 1283 2733 φιλόσοφος,
1297 2700 1476 2735 ἐπιστραφεὶς
1493 2700 1568 2734 λέγει
1586 2702 1641 2732 τοῖς
1661 2701 1797 2737 μαθηταῖς
1815 2703 1916 2735 αὐτοῦ,

1131 2746 1291 2777 Ἀκούσατε,
1312 2744 1334 2772 ὦ
1348 2746 1462 2781 ἄνδρεςσ
1488 2746 1561 2778 Ἕως
1592 2748 1635 2773 ὅτε
1654 2747 1740 2781 λόγων
1764 2748 1918 2782 ἐποιούμην

1128 2791 1257 2827 σπουδὴν,
1268 2791 1363 2826 λόγους
1377 2791 1466 2825 λόγοις
1491 2792 1646 2818 ἀντετίθουν
1665 2793 1757 2831 καὶητὰ
1773 2795 1920 2827 προτεινὸ-

1128 2846 1195 2872 μενα
1221 2838 1302 2872 τέχνῃ
1333 2837 1381 2863 τοῦ
1409 2836 1499 2871 λέγειν
1535 2839 1694 2873 ἀνέτρεπον.
1727 2839 1792 2864 Ὅτε
1814 2839 1841 2864 δὲ
1857 2840 1921 2865 ἀντὶ

1126 2885 1213 2920 λόγων
1225 2885 1339 2920 δύναμίς
1354 2893 1395 2916 τις
1416 2884 1527 2920 ἐξῆλθεν
1549 2886 1580 2912 ἐκ
1596 2885 1643 2912 τοῦ
1675 2886 1808 2921 στόματος
1840 2887 1923 2913 {ciC-5.
