2036 3153
161 173 209 205 549

703 175 727 205 li
734 174 975 206 ISTORIARUM
985 173 1067 206 'COM
1073 177 1258 208 PENDIUM.

1721 186 1775 217 550

157 229 200 255 τιιῦ
215 228 354 264 γέροντος,
370 229 420 256 οὐκ
437 229 551 265 ἴσχυσαν
564 229 590 256 οἱ
604 230 679 264 λόγοι
693 231 725 266 τῇ
742 229 855 265 όυνάμει
867 231 939 258 ἀντι-

995 236 1037 259 εδι
1053 232 1175 260 locutus.
1204 233 1262 261 lloc
1284 233 1365 263 modo
1394 235 1574 273 philosophus
1598 238 1782 268 Christianum

157 275 282 307 τάξασθαι
295 283 302 290 ⁶
326 275 385 302 οὐδὲ
399 276 454 311 γὰρ
467 274 524 307 οἷός
543 276 572 303 τέ
598 277 672 304 ἐστιν
697 276 841 312 ἄνθρωπος
866 277 943 304 ἀντι-

159 321 253 356 στῆναι
270 321 340 357 Θεῷ.
358 322 409 348 Διά
424 330 465 348 τοι
479 322 558 349 τοῦτο
569 322 596 348 εῐ
608 331 650 354 τις
662 322 740 358 ὑμῶν
752 322 862 350 δύναται
878 331 943 350 συν-

998 277 1127 312 pietatem
1142 279 1284 314 amplexus
1298 288 1327 309 se
1342 288 1359 308 a
1378 289 1444 310 sene
1463 282 1518 310 isto
1536 284 1641 312 victum
1671 287 1784 321 gavisus

995 327 1049 351 εει.

160 369 220 396 ιέναι
251 370 288 400 ὡς
320 368 410 404 κάγὼ,
429 369 571 397 πιστεύσει
586 371 627 402 εις
650 370 697 397 τὸν
715 370 842 406 Χριστὸν,
866 370 914 397 καὶ
945 371 1127 399 ἀκολουθείτω
1140 374 1188 400 σὺν
1201 360 1264 409 ἐμοὶ.
1283 373 1323 409 τῷ
1353 375 1460 410 γέροντι
1482 375 1581 412 τούτῳ,
1611 378 1640 404 ὲν
1665 374 1688 412 ᾦ
1723 378 1786 405 ἱλά-

158 414 234 450 λησεν
250 414 266 441 6
285 414 361 446 Θεός.
391 414 485 451 Τούτῳ
512 412 561 443 οὖν
586 415 627 452 τῷ
649 415 744 452 τρόπῳ
761 416 906 452 γενόμενος
931 416 946 443 ό
964 417 1108 453 φιλόσοφος
1121 419 1284 455 Χριστιανὸς
1294 421 1404 457 ἔχαιρεν
1418 422 1548 457 ἡττηθεὶς
1574 423 1628 450 ὑπὸ
1661 424 1709 451 τοῦ
1735 426 1779 460 γέ‹

159 469 258 496 ροντος.

193 508 287 543 Παρῆν
298 507 327 535 δὲ
341 507 493 545 τηνικαῦτα
516 509 590 537 καὶὸ
608 509 680 541 θεῖος
702 509 873 543 Παφνούτιος
898 510 947 537 καὶ

159 555 337 591 τερατουργδς
347 555 395 582 καὶ
407 555 589 591 ὁμολογητὴς,
605 552 636 584 οὖ
649 555 695 583 τὸν
705 556 794 588 δεξιὸν
807 555 946 591 ὀφθαλμὸν

161 600 328 636 Μαξιμεανδς
361 601 506 638 ιεώρυξεν,
546 602 595 634 Ὃς
618 601 670 637 τῆς
699 601 810 628 συνόδου
833 602 940 629 κανονί-

160 655 200 675 aut
216 647 274 683 (88)
298 647 429 684 θελούσης
443 647 516 676 ὥστε
538 648 671 684 κληρικὸν
696 649 733 684 μὴ
766 648 946 684 συνέρχεσθαι

158 694 265 727 γυναικὶ
277 693 347 729 πρὸς
359 694 460 729 γάμον,
472 694 510 726 ὼς
524 694 612 730 βαρὺν
630 693 678 721 τδν
698 693 778 729 λόγον
799 694 942 730 ἀνέτρεψε,

158 739 203 765 καὶ
227 740 319 774 μόνοις
334 739 497 772 ἐπισκόποις
517 739 643 767 nam“
665 739 745 767 τοῦτο
763 740 944 776 παραφυλάτ-

158 784 260 813 τεσθαι.

189 831 268 859 Μετὰ
277 830 343 866 γοῦν
356 831 457 867 πολλὴν
467 831 519 868 τῆς
545 831 669 868 σκέψεως
699 832 845 869 ἀκρίϐειαν
869 833 942 865 ἔδοξε

158 878 239 905 πᾶσιν
265 877 334 912 ὁμοῦ
358 877 414 905 δεῖν
437 877 582 914 ὁρίσασθαι
604 878 636 905 τὸ
665 878 808 914 όμοούσιον
834 878 882 905 επὶ
892 878 943 914 τῆς

1031 510 1158 538 Interfuit
1173 511 1199 539 ei
1217 511 1336 539 concilio
1359 511 1442 540 etiam
1468 512 1579 541 divinus
1600 513 1782 549 Paphnutius,

994 557 1130 586 miriﬁcus
1148 557 1231 585 homo
1245 562 1273 586 et
1286 557 1440 590 confessor.
1457 559 1503 587 cui
1517 559 1699 589 Maximianus
1714 562 1781 589 dex-

994 607 1066 630 trum
1080 607 1192 632 eruerat
1219 603 1341 632 oculum.
1376 603 1412 637 Is,
1433 612 1496 632 cum
1526 605 1608 633 vellet
1635 608 1782 634 concilium

997 646 1080 684 50‘.
1110 648 1259 676 decernere
1284 653 1314 675 ut
1345 648 1439 677 clerici
1473 650 1577 685 nuptiis
1601 651 1781 684 abstinerent,

995 701 1056 722 eam
1083 695 1254 722 sententiam
1277 698 1309 723 ut
1337 695 1433 723 duram
1464 696 1605 728 relutavit,
1633 702 1783 734 auctorque

995 737 1048 766 fuit
1083 742 1114 766 ut
1149 739 1296 774 cmlibatus
1325 740 1393 770 solis
1436 740 1629 776 injungeretur
1671 743 1780 778 episeo-

1029 829 1069 857 Re
1082 830 1291 858 accuratissime
1303 831 1467 864 examinata,
1477 839 1509 859 ea
1522 831 1573 860 fuit
1584 833 1704 860 omnium
1717 842 1781 862 seu-

994 875 1088 907 tentia.
1103 883 1196 904 veram
1207 876 1291 904 ﬁdem
1307 880 1429 904 statuere
1442 876 1541 905 Filium
1557 878 1781 906 consubstantia-

157 924 297 958 όρθοδόξου
311 923 441 957 πίστεως,
455 912 579 952 τουτέστι
593 925 644 958 τῆς
673 912 760 959 αὐτῆς
780 924 875 956 οὐσίας
894 912 939 952 καὶ

993 921 1058 953 lem,
1078 921 1130 949 hoc
1145 926 1188 949 est
1213 922 1336 957 ejusdem
1361 930 1422 950 cum
1449 922 1529 951 Patre
1550 925 1678 952 essentia
1698 929 1781 960 atque

156 967 262 1001 φύσεώς
274 968 314 1004 τῷ
325 969 413 1005 Πατρὶ
420 969 467 996 καὶ
477 969 523 997 τδν
534 969 599 996 Υιδν
610 970 761 1005 ὁμολογεῖν.
772 970 823 996 Ἦν
833 968 942 1006 [1³388]

154 1013 184 1048 δὴ
208 1014 258 1040 καὶ
283 1013 356 1040 κατὰ
381 1013 481 1049 κράτος
506 1013 554 1040 καὶ
583 1013 736 1048 συμφώνως
766 1013 943 1045 ἐϐεϐαίωσαν,

154 1059 240 1093 παρὲξ
264 1059 371 1094 ’Δρειου
381 1058 428 1086 τοῦ
442 1059 560 1092 άσεόοὖς
579 1059 630 1086 καὶ
641 1059 745 1094 ἑτέρων
756 1058 786 1091 ἓξ
818 1059 890 1094 όμοφ
896 1059 942 1094 ρό-

155 1114 207 1131 νων
220 1105 307 1140 αὐτῷ,
324 1105 370 1137 οὓς
384 1105 652 1140 ἁναθεματισθέντας
667 1105 719 1132 ὑπὸ
731 1105 786 1132 τῶν
797 1104 879 1132 θειων
889 1108 944 1140 τιη⁷

155 1150 282 1186 Πατέρων
291 1151 306 1176 6
319 1150 446 1186 βασιλεὺς
459 1150 586 1186 ἐξώρισε.

187 1197 266 1224 Μετὰ
277 1197 400 1225 δὲταῦτα
411 1198 649 1234 φιλαπεχθήμονες
667 1198 763 1234 ἄνδρες
777 1198 850 1226 κατά
861 1207 943 1226 τινων

153 1242 310 1270 ἐπισκόπων
330 1243 486 1278 ἑγγράφους
512 1244 654 1270 ἐπέδωκαν
667 1243 707 1279 τῷ
732 1243 837 1278 βασιλεῖ
875 1252 943 1271 κατ-

154 1287 278 1321 ηγορίας.
301 1287 332 1313 ’0
348 1287 377 1314 δὲ
391 1287 493 1320 ταύτας
511 1288 656 1325 δεξάμενος
680 1289 727 1316 καὶ
740 1289 876 1324 δεσμήσας
895 1290 944 1317 καὶ

153 1331 190 1367 τῷ
211 1333 349 1367 δακτυλίῳ
369 1334 563 1368 σημηνάμενος
589 1334 719 1361 ἐκέλευσε
746 1334 941 1369 φυλάττεσθαι.

154 1375 218 1404 Εἶτα
226 1376 294 1412 πρὸς
308 1377 422 1414 εἰρήνην
446 1378 545 1409 αὐτοὺς
560 1377 608 1405 καὶ
623 1379 748 1413 ὁμόνοιαν
769 1378 942 1414 συμϐιϐάσας

152 1423 254 1454 ταύτας
267 1422 386 1450 ἐνώπιον
402 1423 511 1450 πάντων
525 1425 704 1455 κατέκαυσεν,
717 1423 792 1459 ὅρκῳ
807 1424 943 1459 πληροφο-

154 1468 240 1504 ρήσας
269 1468 369 1500 αὐτοὺς
404 1468 488 1502 μηδὲν
514 1468 670 1502 ἀναγνῶναι
699 1470 755 1496 τῶν
779 1471 808 1496 ὲν
849 1470 942 1501 αὐτοῖς

153 1514 366 1549 γεγραμμένων.
384 1515 452 1541 οὐδὲ
471 1514 525 1550 γὰρ
537 1514 590 1549 ἔφη
606 1514 708 1550 χρῆναι
728 1514 764 1542 τά
776 1515 942 1551 πλημμελή-

154 1567 229 1612 ματα
243 1559 299 1586 τῶν
312 1561 418 1612 λιεζρέων
435 1561 504 1595 δῆλα
527 1560 655 1595 γενέσθαι
680 1562 736 1594 τοῖς
759 1562 877 1595 πολλοῖς,
895 1562 939 1589 ινα
952 1580 976 1612 c

153 1605 206 1640 μὴ.
239 1605 389 1633 σκανδάλου
419 1607 557 1642 πρόφασιν
591 1606 717 1633 ἐντεῦθεν
755 1606 940 1642 λαμϐάνοντες

151 1650 238 1682 ἀδεῶς
249 1651 455 1686 ἁμαρτάνωσιν.
479 1652 551 1686 Ἐγὼ
560 1652 589 1680 δὲ
605 1653 630 1679 εἰ
644 1652 782 1688 αὐτόπτης
804 1653 936 1688 ἐγενόμην

150 1696 301 1723 ἐπισκόπου
314 1697 402 1732 γάμον
409 1697 551 1734 ἀλλότριον
560 1697 757 1734 διορύττοντας,
767 1698 940 1733 συνεκάλυψε

150 1742 183 1769 ἂν
196 1743 232 1777 τῇ
258 1742 405 1778 πορφυρίδι
433 1751 484 1777 μου
504 1743 592 1779 ταύτῃ
603 1743 635 1770 τὸ
645 1743 813 1779 παρανόμως
829 1743 940 1778 γινόμε-

149 1796 205 1820 νον,
236 1788 277 1820 ὠς
308 1787 342 1815 ἂν
365 1788 403 1824 μὴ
425 1788 537 1824 βλάψειε
549 1789 613 1821 τοὺς
638 1789 792 1824 θεωμένους
803 1789 857 1816 τῶν
870 1789 941 1824 δρω-

149 1833 239 1869 μένων
267 1834 285 1869 ή
308 1833 381 1868 δψις.
408 1834 488 1861 Οὕτω
514 1834 604 1862 τοίνυν
626 1834 689 1866 τοὺς
703 1835 753 1870 μιν
763 1832 794 1861 εὖ
811 1834 939 1869 λέγοντας

150 1880 363 1916 ἀνακηρύττων,
380 1881 444 1913 τοὺς
455 1880 484 1908 δὲ
506 1881 697 1916 ἀντιλέγοντας
726 1881 939 1916 παρακλητικᾶκ

147 1926 188 1959 εις
219 1927 348 1962 ὁμόνοιαν
371 1927 503 1959 ελαύνων,
527 1927 591 1958 τοὺς
608 1927 713 1959 πάντας
736 1926 934 1962 ὁμογνώμονας

147 1972 194 1999 καὶ
206 1972 354 2008 ὁμοδόξους
374 1973 431 2005 τοῖς
462 1972 731 2008 ἀμφισϐητουμένοις
753 1973 840 2000 άπασι
871 1981 938 2000 κατ-

147 2024 260 2053 εστησε.
279 2017 336 2045 Καὶ
347 2016 419 2045 οὕτω
442 2017 610 2053 παραινέσας
634 2017 750 2049 πάντας.
775 2017 823 2044 καὶ
836 2017 937 2053 πολλῆς

144 2063 229 2098 τιμῆς
242 2071 274 2090 τε
289 2063 336 2091 καὶ
347 2063 452 2100 δωρεᾶς
468 2063 599 2096 ἀξιώσας,
613 2063 729 2090 ικαστον
752 2063 936 2099 παρηγγύησε

145 2109 312 2137 καταλαϐεῖν
326 2109 376 2145 τὴν
389 2109 458 2136 ιδίαν
472 2109 601 2145 ποίμνην.
620 2109 764 2137 Ἐτύπωσε
789 2109 817 2136 δὲ
842 2109 890 2136 καὶ
904 2109 936 2136 τὸ

144 2155 224 2190 ἅγιον
239 2155 338 2190 Πάσχα
351 2155 492 2191 ἑορτάζειν
503 2155 577 2191 ἡμᾶς
592 2154 664 2183 κατὰ
681 2155 732 2190 τὴν
750 2154 799 2182 νῦν
815 2154 935 2191 κρατοῦ-

144 2210 194 2229 σαν
227 2201 392 2238 συνήθειαν·
416 2201 490 2233 τινδς
507 2201 562 2237 γὰρ
587 2201 643 2229 τῶν
669 2199 769 2237 πρώην
793 2201 865 2228 κατὰ
883 2202 934 2237 τὴν

143 2248 175 2275 ιδ’
190 2248 243 2284 τῆς
260 2248 374 2285 σελήνης
395 2247 543 2283 ἑώρταζον.

175 2293 258 2322 Μετὰ
284 2293 314 2321 δέ
329 2302 391 2321 τινα
406 2293 500 2329 χρόνον
528 2292 581 2319 ὑπὸ
602 2291 653 2325 τῆς
678 2291 814 2328 θυγατρὸς
847 2291 933 2319 αὐτοῦ

141 2339 338 2370 Κωναταντίας
364 2338 554 2375 παρακληθεὶς
577 2338 665 2373 ἀνῆκε
691 2337 737 2365 τὸν
755 2338 867 2374 Ἄρειον
879 2337 934 2365 ἀπὺ

139 2386 190 2421 τῆς
207 2385 319 2421 ἐξοριας
345 2385 383 2417 ὡς
397 2384 479 2420 δῆθεν
497 2384 714 2420 μετανοήσαντα.
730 2380 768 2411 οὖ
780 2391 933 2419 παραγενο-

140 2431 238 2465 μένου,
254 2430 304 2457 καὶ
320 2430 506 2466 ἐρωτηθέντος
524 2430 577 2456 ὑπὸ
589 2429 637 2456 τοῦ
650 2429 783 2465 βασιλέως
797 2430 820 2455 sl
831 2429 934 2465 στοιχεῖ

137 2477 198 2508 τοῖς
212 2477 290 2512 ὅροις
305 2476 353 2503 καὶ
376 2476 411 2512 τῇ
434 2475 542 2502 ἐκθέσει
566 2476 617 2511 τῆς
640 2475 669 2502 ιν
694 2474 797 2509 Νικαιᾳ
810 2474 931 2507 συνόδου,

136 2521 268 2558 παρευΘὺ
287 2521 417 2548 κατέθετο
431 2521 572 2548 πιστεύειν
584 2520 682 2553 οὕτως.
705 2521 735 2547 ’0
744 2521 773 2548 δὲ
789 2520 932 2556 θαυμάσας

135 2568 222 2604 ζρκον
235 2569 372 2604 ιπήνεγκε
386 2567 424 2604 μὴ
445 2568 555 2604 φρονεῖν
567 2567 677 2595 ιναντὶα
697 2568 731 2603 τῇ
757 2567 868 2602 συνόδῳ·
884 2567 932 2594 καὶ

136 2613 221 2642 τοῦτο
242 2614 361 2650 ποιήσας
387 2614 523 2641 ἀπέλυσεν
550 2613 633 2641 αὐτὸν
654 2612 774 2649 εἰρηκὼς
790 2612 884 2649 αὐτῷ·
900 2613 932 2640 Εἰ

139 2659 194 2695 μὶν
209 2659 279 2696 ὀρθὴ
295 2659 344 2687 σού
368 2660 444 2687 ἐστιν
460 2661 477 2695 ὴ
492 2659 595 2692 πίστις,
619 2658 709 2690 καλῶς
722 2658 842 2694 ὤμοσας·
863 2659 888 2685 si
902 2658 932 2686 δὲ

139 2707 243 2743 άσεὸὴς
263 2707 313 2736 καὶ
328 2707 547 2742 διεστραμμένη,
565 2705 658 2741 κρίναι
673 2705 774 2741 Κύριος
789 2705 804 2732 6
817 2704 882 2736 Θεὸς
895 2704 930 2732 τὰ

993 970 1108 994 naturae.
1138 966 1203 993 Eam
1230 967 1394 994 sententiam
1430 968 1545 996 ﬁrmiter
1578 977 1674 998 omnes
1697 975 1780 1006 atque

994 1019 1049 1039 uno
1081 1019 1129 1040 ore
1156 1013 1356 1048 approbarunt,
1393 1020 1508 1050 excepto
1544 1016 1628 1051 impio
1663 1017 1730 1045 Ario
1752 1022 1780 1046 et

993 1064 1042 1084 sex
1079 1057 1148 1092 aliis,
1170 1065 1232 1085 cum
1263 1065 1297 1086 eo
1333 1059 1529 1087 sentientibus.
1564 1059 1640 1092 Quos
1668 1068 1683 1088 s
1709 1061 1781 1088 divi-

994 1103 1038 1130 nis
1070 1102 1123 1130 3l8
1152 1103 1282 1132 Patribus
1306 1105 1475 1140 proscriptos
1490 1105 1639 1141 imperator
1654 1107 1781 1135 exsulare

991 1147 1084 1182 jussit.

1029 1194 1188 1222 Secundum
1201 1194 1270 1226 hac,
1291 1202 1352 1223 cum
1368 1195 1573 1223 inimicitiarum
1597 1198 1776 1225 serendarum

991 1240 1110 1267 studiosi
1129 1240 1255 1268 homines
1280 1241 1397 1276 scriptas
1415 1246 1509 1269 contra
1535 1242 1680 1278 episcopos
1695 1251 1781 1278 quos-

993 1286 1055 1314 dam
1081 1286 1273 1314 accusationes
1299 1287 1458 1321 imperatori
1485 1288 1674 1321 tradidissent.
1690 1290 1713 1317 is
1732 1297 1779 1317 cas

992 1337 1122 1367 acceptas
1138 1332 1277 1367 colligavit
1297 1340 1401 1367 suoque
1423 1333 1527 1360 annulo
1555 1334 1713 1368 obsignatas
1736 1342 1780 1361 as-

992 1379 1099 1407 servari
1117 1378 1211 1413 jussit.
1234 1378 1332 1406 Postea
1350 1378 1497 1419 discordiis
1518 1379 1706 1414 paciﬁcatione
1730 1387 1780 1407 sua

994 1424 1121 1458 sublatis,
1142 1431 1190 1452 eas
1213 1425 1406 1452 accusationes
1432 1425 1460 1451 in
1480 1431 1630 1460 conspectu
1657 1426 1779 1453 omnium

991 1470 1133 1503 cremavit,
1157 1470 1316 1504 iuramento
1341 1470 1420 1497 [idem
1443 1470 1547 1498 faciens
1574 1471 1641 1497 nihil
1659 1471 1728 1498 sein
1745 1472 1780 1500 iis

991 1515 1125 1549 scriptum
1150 1515 1260 1550 legisse.
1287 1514 1346 1542 Non
1372 1515 1457 1548 enim,
1472 1515 1593 1548 dicebat,
1619 1515 1718 1543 debent
1735 1524 1780 1543 sa-

991 1560 1134 1587 eerdotum
1147 1560 1248 1588 delicta
1271 1559 1441 1587 multitudini
1458 1560 1569 1594 exponi,
1596 1568 1630 1587 ne
1655 1561 1780 1593 homines

993 1606 1057 1634 inde
1069 1606 1179 1634 oll'ensze
1195 1610 1303 1641 sumpta
1315 1606 1460 1634 occasione
1474 1606 1535 1633 sine
1552 1609 1626 1633 metu
1648 1611 1775 1641 peccent.

991 1653 1048 1689 Ego
1063 1653 1086 1681 si
1100 1654 1168 1681 meis
1187 1653 1275 1681 oculis
1285 1653 1405 1680 viderem
1420 1653 1455 1681 ab
1467 1653 1598 1688 episcopo
1612 1653 1778 1681 adulterium

991 1698 1139 1730 committi.
1154 1699 1196 1726 vel
1209 1706 1331 1734 purpura
1348 1707 1408 1726 mea
1426 1699 1523 1727 vellem
1546 1699 1679 1734 ﬂagitium
1702 1700 1780 1727 oblo-

990 1751 1065 1780 gere,
1078 1751 1113 1772 ne
1124 1745 1184 1780 ejus
1198 1748 1360 1779 conspectus
1376 1745 1444 1772 alios
1458 1745 1578 1772 laederet.
1597 1745 1634 1772 Ita
1653 1749 1710 1772 tum
1727 1746 1779 1773 im-

990 1795 1102 1826 perator
1114 1799 1161 1819 eos
1177 1791 1224 1827 qui
1239 1795 1315 1818 recte
1326 1791 1462 1819 sentirent
1477 1791 1598 1818 victores
1612 1791 1776 1826 praedicans,

991 1836 1103 1864 veritati
1134 1841 1318 1871 repugnantes
1345 1836 1452 1870 placide
1481 1836 1516 1864 ad
1549 1836 1777 1864 consentiendum

988 1881 1140 1909 adhortans
1153 1880 1243 1909 elIecit
1262 1881 1300 1908 uti
1319 1881 1439 1908 universi
1462 1881 1497 1908 de
1513 1880 1595 1908 rebus
1616 1884 1778 1908 controver-

988 1928 1028 1956 sis
1047 1928 1119 1955 idem
1136 1927 1281 1955 sentirent.
1304 1927 1393 1961 Atque
1419 1927 1457 1954 ita
1481 1926 1654 1954 eollaudatos
1680 1933 1777 1954 omnes

988 1973 1142 2001 honoribus
1161 1972 1242 2008 505
1256 1980 1290 2000 ac
1305 1972 1386 2000 donis
1397 1977 1560 2008 prosecutus
1573 1972 1606 2000 ad
1623 1979 1704 2000 suum
1718 1972 1777 2000 sin-

987 2020 1067 2054 gulos
1077 2026 1185 2055 gregem
1197 2018 1289 2046 redire
1299 2018 1392 2053 jussit.
1414 2016 1564 2046 Constituit
1584 2018 1668 2046 etiam
1683 2021 1712 2045 ut
1727 2024 1774 2045 sa-

986 2074 1063 2094 crum
1087 2066 1193 2094 Pascha
1211 2072 1257 2099 eo,
1275 2072 1330 2100 quo
1347 2073 1422 2093 nunc
1448 2070 1589 2101 receptum
1618 2069 1670 2099 est,
1693 2065 1776 2093 modo

990 2112 1178 2141 celebraretur
1193 2120 1202 2140 :
1220 2115 1284 2141 ante
1294 2111 1367 2140 enim
1380 2111 1491 2147 quidam
1513 2111 1547 2139 H
1565 2112 1630 2140 luna
1654 2111 1681 2139 id
1707 2118 1773 2147 age-

985 2157 1063 2186 bant.

1023 2288 1173 2323 Aliquanlo
1197 2291 1259 2319 post
1285 2291 1419 2323 tempore,
1433 2294 1515 2315 suasu
1531 2287 1698 2315 Constantia:
1712 2288 1774 2316 lilia

986 2342 1053 2367 suae,
1068 2335 1163 2362 Arium
1191 2335 1226 2362 ab
1247 2334 1345 2362 exsilio
1371 2334 1482 2361 domum
1499 2333 1588 2361 redire
1604 2341 1701 2369 passus
1720 2340 1773 2362 est.

987 2381 1136 2417 resipuisse
1150 2388 1212 2408 eum
1226 2384 1335 2416 putans.
1349 2379 1432 2408 Arius
1448 2387 1576 2409 reversus
1598 2381 1632 2408 ab
1651 2381 1773 2415 impera-

987 2431 1047 2455 tore
1068 2431 1112 2455 est
1130 2427 1316 2461 interrogatus
1342 2433 1413 2454 anne
1432 2426 1544 2454 decreto
1560 2430 1586 2453 et
1606 2426 1772 2461 expasitioni

987 2473 1095 2501 concilii
1119 2472 1224 2500 Nicaeui
1240 2476 1336 2501 staret.
1360 2471 1514 2507 Statimque
1528 2473 1579 2500 hoc
1593 2473 1638 2500 ille
1652 2472 1772 2500 amt-ma-

986 2519 1034 2547 vit.
1052 2519 1130 2553 Quod
1146 2519 1298 2547 admiratus
1309 2519 1620 2554 imperatorjuramcnto
1631 2518 1772 2552 adactum,

985 2573 1040 2594 non
1049 2565 1196 2594 dissentire
1209 2566 1244 2593 ab
1255 2565 1424 2598 eo;concilio,
1441 2565 1556 2598 dimisit,
1572 2565 1608 2592 ita
1626 2565 1712 2593 fatus:
1727 2564 1772 2592 Si-

983 2612 1091 2647 quidem
1105 2616 1180 2640 recta
1194 2615 1236 2639 est
1249 2611 1316 2639 ﬁdes
1334 2615 1391 2645 tua,
1406 2611 1474 2638 bene
1485 2611 1584 2646 jurasti
1601 2620 1609 2638 :
1626 2611 1666 2639 sin
1683 2611 1767 2646 impia

986 2662 1014 2686 et
1032 2664 1171 2693 perversa,
1189 2656 1316 2685 celeriter
1331 2656 1358 2684 in
1375 2662 1401 2684 te
1421 2656 1495 2685 Deus
1522 2662 1633 2684 statuat.
1652 2656 1772 2685 Proinde

985 2703 1186 2732 Constantinus
1200 2710 1216 2731 a
1229 2709 1327 2738 magno
1342 2702 1424 2730 etiam
1443 2703 1594 2731 Athanasio
1618 2702 1771 2738 postulavit

718 2791 895 2821 XYLANDBI
913 2792 957 2820 ET
971 2791 1077 2820 GOARI
1090 2791 1203 2820 NOTE.

178 2852 234 2888 (88)
256 2854 365 2882 Canone
381 2853 451 2879 edito
467 2857 592 2888 uulnere.
622 2851 748 2880 Padnutii
771 2851 855 2884 dicto,
881 2850 926 2877 cui
943 2850 1016 2877 velut
1042 2850 1141 2878 fabulae
1171 2851 1227 2883 alii,
1252 2849 1392 2878 Ccdrenus
1420 2853 1449 2876 ut
1468 2849 1589 2878 historia:
1616 2849 1767 2877 verissima

141 2887 265 2923 perhibet
274 2889 474 2918 testiinonium.
489 2887 576 2914 Gesn.
