2036 3153
230 171 284 206 551

881 168 1042 199 GEORGII
1060 168 1227 199 CEDRENI

1800 170 1856 202 552

229 236 262 260 ut
275 238 338 259 eum
353 230 438 258 veluti
452 228 499 265 qui
513 227 675 264 resipuisset
698 227 849 262 reciperet;
867 231 894 255 et
914 235 978 254 cum
989 227 1017 255 id

1077 227 1139 254 ιατά
1152 235 1181 253 σε
1202 226 1310 254 θᾶττον.
1328 226 1420 262 Ταύτῃ
1431 235 1471 254 τοι
1491 226 1539 254 καὶ
1562 227 1608 254 τὸν
1629 227 1718 263 μέγαν
1737 227 1856 255 Ἀθανά-

231 280 374 307 recusaret
398 274 500 309 quippe
525 272 583 300 Arii
602 273 810 307 perversitatem
838 272 1018 309 perspiciens,

232 321 312 350 ﬁdem
328 320 462 347 adhibens
476 318 643 345 Arianorum
654 318 810 351 calumniis,
822 318 924 353 quibus
937 318 1021 345 Atha-

233 368 341 396 nasium
370 364 549 400 impetebant,
574 365 734 400 episcopatu
763 365 854 400 ejecit.
876 364 968 399 Neque
993 364 1020 391 id

232 414 332 441 mirqu
348 412 410 438 fuit.
429 411 508 446 Saepe
522 411 597 438 enim
612 411 695 438 etiam
712 411 798 438 divini
823 411 958 443 homines,
972 418 1021 438 ca-

187 476 190 480 -
232 459 351 487 lumnias
366 459 420 492 piis
437 458 587 484 intentatas
604 465 634 485 re
649 465 704 485 non
724 458 864 492 explorata
877 457 1021 484 admitten-

231 512 284 538 tes,
301 513 315 532 a
328 512 393 532 vero
407 505 605 532 aberraverunt
621 505 735 539 piosque
749 504 857 539 injuriis
868 511 901 531 ac
913 503 1021 531 damnis

233 552 395 579 alfecerunt.
414 550 558 583 Quomodo
573 551 655 578 etiam
672 551 783 578 divinus
806 551 888 577 homo
903 549 1021 577 Davidus

231 606 245 624 a
259 605 339 625 servo
352 595 416 623 Siba
441 597 582 631 deceptus,
610 596 657 630 qui
677 596 746 623 falso
772 595 1022 631 Memphibosthum

231 644 374 671 dominum
391 651 471 671 suum
487 644 628 670 deferebat
641 644 721 678 quasi
740 643 764 671 is
778 643 917 671 Absalomi
939 642 1024 678 parti-

231 690 285 718 bus
300 697 331 717 se
355 689 517 722 addixisset,
535 688 683 716 facultates
701 689 815 716 domino
841 689 943 723 injuste
967 689 1023 716 eri-

234 736 295 771 puit
319 742 458 769 servoque
481 735 659 769 mancipavit.
675 733 766 767 Quare
792 738 899 769 oportet
925 741 1023 768 magna

233 788 296 808 cum
329 781 481 808 attentione
509 780 594 807 animi
621 784 706 815 atque
734 780 929 807 deliberatione
944 779 1024 814 506

233 827 352 854 crimina
383 826 541 860 explorare,
573 833 664 860 neque
691 830 795 852 temere
819 825 1044 865 accusatoribus‘

233 872 355 903 credere.
376 876 515 907 utcumque
535 872 554 898 ii
567 871 620 898 fide
629 871 704 906 digni
719 871 882 898 habeantur.
897 872 925 898 In
940 878 1023 906 quam

234 902 400 943 sententiam
431 902 598 942 Nicodemus
624 902 735 949 quoque
767 915 884 948 iniustos
915 902 1061 942 JudaeosB

235 962 356 997 graviter
371 961 511 996 obiurgat,
529 961 669 996 inquiens,
684 960 819 988 Numnam
839 961 910 996 leges
927 965 1024 988 vestrae

236 1008 358 1043 aliquem
386 1008 490 1034 indicta
509 1016 592 1036 causa
610 1012 638 1035 et
655 1015 711 1034 non
735 1007 876 1042 explorata
901 1014 930 1034 re
947 1007 1024 1034 datu—

235 1058 304 1082 nant
320 1053 343 1070 "
357 1053 368 1080 ἳ
382 1052 519 1080 Nimirum
531 1059 559 1080 et
575 1053 684 1088 profani
700 1053 857 1088 philosophi
871 1052 943 1079 idem
963 1059 1026 1087 per-

233 1099 331 1135 spicue
347 1099 457 1132 docent,
484 1099 521 1126 ita
542 1099 734 1134 praecipientes
751 1107 759 1126 :
776 1099 806 1126 Si
826 1106 937 1127 causam
959 1106 1026 1126 con-

234 1146 371 1173 troversia
386 1145 534 1180 disceptat,
550 1145 745 1180 suspendatur.
759 1145 788 1172 Si
799 1145 944 1180 judicium,
960 1152 1025 1180 pro-

236 1192 363 1220 bationes
406 1192 597 1228 explorentur.
626 1191 656 1219 Si
687 1193 865 1227 quaestiones.
897 1191 925 1218 id
952 1191 1026 1226 quod

235 1243 343 1272 aequum
359 1241 402 1264 est
419 1237 624 1272 prascribatur,
641 1237 776 1263 terminus
788 1236 945 1269 deﬁniatur,
958 1236 1026 1264 scri-

236 1286 282 1318 pta
299 1287 358 1310 rata
375 1283 451 1315 sint;
467 1289 528 1317 qua:
546 1283 615 1309 scita
630 1287 705 1314 sunt.
717 1289 750 1309 ea
767 1282 838 1309 facto
850 1282 1024 1317 impleantur.

234 1325 274 1354 Ita
289 1326 383 1353 omnis
398 1327 511 1353 tollatur
538 1327 693 1360 contentio,
722 1334 876 1362 rursusque
905 1327 1027 1355 amicitia

235 1372 374 1399 obtineat.
389 1372 457 1398 Tulit
471 1373 498 1399 in
513 1373 674 1407 apostolicis
686 1373 935 1401 constitutionibus
954 1373 1025 1400 divi-

235 1424 302 1444 num
311 1415 431 1444 Verbum
446 1416 486 1444 sic
496 1417 609 1444 mandat
622 1425 629 1443 :
642 1416 730 1444 Iudex
745 1423 804 1445 esto
820 1425 923 1446 vacuus
932 1425 1026 1453 perso-

237 1469 336 1489 narum
358 1462 554 1497 reputationis,
568 1462 615 1497 qui
632 1471 722 1497 neque
735 1463 846 1491 divitem
869 1470 1027 1492 revereatur

238 1511 286 1533 aut
304 1507 434 1535 aduletur
453 1514 533 1542 atquo
546 1508 675 1542 amplius,
691 1515 781 1542 neque
791 1509 904 1544 pauperi
920 1514 1024 1543 parcat.

237 1552 378 1589 Scriptum
397 1556 440 1580 est
455 1553 528 1580 enim
545 1561 554 1582 :
570 1553 631 1580 Non
653 1555 786 1588 respicies
800 1556 834 1582 ad
849 1556 969 1590 potentis
985 1556 1027 1583 di-

237 1599 382 1635 gnitatem,
400 1606 492 1634 neque
509 1598 687 1627 tniseraberis
701 1607 849 1634 pauperem
865 1601 891 1627 in
909 1600 1024 1635 judicio.

240 1644 289 1672 Dei
302 1645 377 1672 enim
407 1645 543 1680 judicium
567 1644 641 1680 juste
668 1644 805 1679 justitiam
831 1651 1025 1680 persequetur;

239 1697 329 1725 neque
342 1690 420 1724 justo
435 1689 587 1725 quidquam
612 1689 746 1725 injustum
769 1690 939 1725 probabitur.
966 1691 1027 1718 Non

236 1742 304 1770 ergo
319 1735 416 1763 leviter
429 1735 596 1763 credendum
610 1740 652 1763 est
667 1735 810 1770 quibusvis
828 1736 1026 1764 criminationi-

238 1783 290 1810 bus
307 1789 338 1810 re
350 1789 403 1809 non
419 1782 571 1818 explorata.
583 1781 655 1810 Fieri
669 1783 742 1809 enim
755 1787 844 1817 potest
861 1788 890 1810 ut
905 1784 969 1811 odio
980 1787 1028 1811 aut

237 1828 343 1855 invidia
358 1828 460 1863 aliquis
475 1828 612 1862 impulsus
626 1827 743 1855 fratrem
767 1828 836 1856 falso
853 1829 1027 1863 criminetur,

237 1873 312 1901 sicut
334 1872 490 1900 Susannam
504 1872 559 1899 duo
578 1880 659 1900 senes
680 1877 707 1900 et
729 1871 879 1908 Josepbutn
902 1873 1029 1908 Egyptia

239 1919 351 1946 mulier.
370 1918 410 1946 Tu
422 1926 499 1954 ergo,
513 1919 595 1946 homo
610 1919 668 1952 Dei,
680 1919 837 1954 huiusmodi
853 1927 888 1947 ne
905 1924 1029 1955 prompte

237 1966 395 1998 admiseris,
412 1972 447 1992 ne
462 1967 600 1993 insontem
616 1965 727 1993 occidas
755 1969 784 1993 et
815 1966 966 1994 interficias
982 1967 1029 2002 ju-

238 2016 324 2045 stum,
343 2019 431 2047 neque
440 2012 521 2039 donis
533 2016 559 2039 te
569 2013 603 2039 ad
617 2012 770 2039 necandum
782 2014 922 2049 corrumpi
932 2015 1008 2042 sinas
1021 2022 1029 2042 :

239 2065 305 2085 nam
324 2065 440 2085 munera
456 2062 596 2085 excaecamt
614 2058 710 2085 oculos
731 2058 880 2093 iustorum,
911 2065 938 2088 et
962 2061 1029 2096 justi

239 2103 416 2131 sermonibus
430 2103 510 2138 507
525 2102 659 2131 alliciunt.
677 2103 707 2131 Si
721 2112 787 2139 ergo
807 2105 909 2132 nullam
933 2107 1029 2141 cujus~

240 2157 323 2187 quam
353 2157 479 2185 persona:
506 2149 639 2177 rationem
668 2150 801 2178 habentes
814 2151 918 2187 judicia
937 2153 1028 2185 obitis,

241 2195 456 2231 deprehendetis
478 2203 541 2223 eum
562 2195 611 2230 qui
640 2196 710 2224 falso
733 2198 848 2225 crimine
874 2199 1029 2233 proximum

1071 281 1129 300 σιον
1154 274 1194 304 είς
1209 272 1353 299 κοινωνίαν
1371 272 1453 299 αὑτὸν
1476 272 1604 306 δέξασθαι
1632 272 1857 307 παρεκελεύσατο

1069 318 1108 349 ὡς
1130 317 1176 344 ﬁte
1198 318 1412 354 μετανοήσαντα.
1437 317 1490 344 Τοῦ
1512 318 1541 344 δέ
1566 318 1604 353 μὴ
1628 318 1858 354 καταδεχομὲνου,

1071 364 1251 398 γινώσκοντος
1263 365 1386 400 ἀκριϐῶς
1398 364 1448 400 τὴν
1464 365 1568 400 Ἀρείου
1583 365 1757 400 δυστροπίαν,
1769 365 1859 400 ἐξορί-

1072 410 1113 442 ζει
1129 410 1176 436 τοῦ
1194 410 1290 445 θρόνου
1317 411 1362 438 τὸν
1379 410 1466 445 ἆγιον,
1485 411 1634 442 πιστεύσας
1658 411 1706 437 καὶ
1732 411 1781 443 τὰς
1796 411 1860 437 κατ’

1072 456 1154 483 αὐτοῦ
1172 457 1322 491 γενομένας
1339 457 1391 483 ὑπὸ
1407 456 1461 484 τῶν
1477 457 1626 493 ’Δρεπανῶν
1640 457 1785 492 λοιδορίας.
1803 458 1860 484 Καὶ

1071 502 1101 528 οὐ
1120 501 1222 537 θαῦμα·
1239 502 1369 534 πολλάκις
1387 503 1441 538 γὰρ
1458 505 1504 530 καὶ
1527 503 1595 529 θεῖοι
1618 503 1716 538 ἄνδρες
1730 503 1802 530 κατά
1815 511 1860 529 τι-

1073 556 1126 575 νων
1138 547 1259 574 εὺσεὸῶν
1273 549 1401 584 διασολὴν
1414 549 1535 584 ἀκρίτως
1548 548 1769 584 παραδεξάμενοι
1784 557 1859 583 παρ-

1072 594 1232 629 ετράπησαν
1243 594 1292 629 τῆς
1302 594 1432 630 ἀληθείας
1444 595 1492 621 καὶ
1504 594 1567 626 τοὺς
1582 594 1704 626 εὐσεϐεῖς
1719 594 1861 630 παρέὸλαο

1072 639 1126 674 ψάν
1143 648 1174 666 τε
1189 640 1236 666 καὶ
1254 639 1463 675 παρελύπησαν,
1479 640 1574 675 ὥσπερ
1590 639 1637 666 οῦν
1659 639 1707 666 καὶ
1729 640 1744 665 ό
1758 640 1860 666 θεσπέ-

1075 694 1132 717 σιος
1152 686 1235 713 Δαϐὶδ
1248 686 1433 720 ἐξαπατηθεὶς
1449 685 1501 712 ὑπὸ
1513 685 1559 712 τοῦ
1570 685 1678 712 οἰκέτου
1692 685 1770 718 Σιεὰ,
1788 685 1861 712 κατὰ

1072 731 1120 756 τοῦ
1131 730 1261 757 δεσπότου
1272 731 1452 766 Μεμφιϐοσθέ
1469 730 1701 765 ψευδηγοροῦντος
1714 731 1752 762 ὡς
1767 731 1808 757 ὃτι
1826 730 1862 757 τὰ

1073 774 1121 801 τοῦ
1136 775 1270 810 τυράννου
1292 775 1454 810 Ἀὁεσαλὼμ
1466 778 1571 811 φρονεῖ,
1586 775 1681 802 τοῦτον
1701 775 1862 811 παρέσλαψε

1074 822 1122 848 καὶ
1132 821 1185 848 τῶν
1195 821 1268 848 ίδίων
1282 822 1482 858 ἀποστερήσας.
1496 822 1540 858 [Ρ.
1551 822 1615 858 289]
1626 822 1665 857 τῷ
1674 822 1767 858 οίκέτῃ
1776 831 1863 858 προσ-

1074 869 1241 903 εκλήρωσεν.
1262 869 1345 895 Ὅθεν
1363 869 1416 904 χρὴ
1444 869 1513 903 μετὰ
1544 868 1647 903 πολλῆς
1672 868 1815 903 ἀκριϐείας
1831 877 1862 896 τε

1076 915 1123 942 καὶ
1136 915 1260 950 σκέψεως
1288 916 1403 951 ἐρευνᾷν
1426 916 1475 947 τὰς
1499 915 1678 951 κατηγορίας,
1705 915 1804 951 καὶμὴ
1823 915 1863 948 ὼς

1076 961 1155 996 ἔτυχε
1180 960 1319 988 πιστεύειν
1343 962 1400 993 τοῖς
1419 961 1614 996 κατηγοροῦσι,
1638 961 1691 989 κᾶν
1708 962 1780 996 ἄγαν
1795 959 1864 989 ὦσιν

1075 1007 1236 1039 ἀξιόπιστοι.
1252 1007 1297 1034 Διὸ
1309 1007 1341 1043 δὴ
1368 1007 1417 1034 καὶ
1439 1007 1594 1042 Νικόδημος
1609 1008 1678 1044 πρὸς
1693 1009 1756 1039 τοὺς
1771 1016 1864 1042 παρα-

1076 1052 1176 1087 νόμους
1193 1051 1338 1083 Ἰουδαίους
1354 1052 1549 1086 καταφορικῶς
1563 1060 1593 1078 τε
1614 1053 1662 1079 καὶ
1676 1052 1864 1088 ἐντρεπτικῶς

1075 1098 1138 1134 ἔφη·
1153 1098 1200 1134 Μὴ
1223 1099 1238 1124 ὁ
1258 1098 1341 1133 νόμος
1356 1098 1436 1133 ὑμῶν
1461 1098 1550 1134 κρίνει
1574 1098 1621 1125 τὸν
1644 1098 1799 1134 ἄνθρωπον,
1815 1100 1864 1126 ἐὰν

1077 1144 1114 1180 μὴ
1129 1144 1234 1181 ἀκούσῃ
1261 1144 1327 1180 παρ’
1343 1143 1425 1170 αὐτοῦ
1451 1144 1559 1179 πρῶτον
1575 1145 1624 1172 καὶ
1643 1145 1701 1180 γνῷ
1721 1145 1749 1172 τί
1767 1146 1864 1178 notet;

1082 1190 1192 1225 Ἀμέλει
1205 1190 1237 1224 γέ
1254 1198 1296 1216 τοι
1314 1190 1361 1216 καὶ
1382 1190 1407 1216 ot
1421 1190 1476 1216 τῶν
1497 1190 1549 1224 ἔξω
1568 1192 1646 1225 σοφοὶ
1662 1191 1742 1218 τοῦτο
1760 1193 1866 1227 προδή-

1075 1235 1128 1267 λως
1147 1235 1364 1270 ὑπεμφαίνοντες
1385 1235 1457 1262 οὕτω
1484 1235 1575 1270 φασίν·
1593 1237 1624 1263 Εἰ
1640 1237 1689 1272 μέν
1705 1237 1864 1273 ἀμφιϐἡτηο

1077 1289 1119 1312 σις
1138 1281 1237 1316 κρίνει,
1256 1281 1429 1315 ἀναρτάσθω,
1447 1282 1471 1308 εἰ
1491 1281 1520 1308 δέ
1541 1282 1643 1316 κρίσις,
1656 1283 1719 1314 τοὺς
1735 1284 1866 1319 ἐλέγχους

1077 1325 1260 1360 βασανιζέτω,
1281 1326 1305 1352 εἰ
1330 1326 1358 1352 δέ
1374 1325 1500 1361 βάσανος,
1524 1327 1556 1353 τὸ
1578 1328 1638 1354 δέον
1651 1327 1781 1364 όριζέτω¹
1805 1331 1820 1356 ό
1833 1329 1866 1356 δὲ

1075 1371 1138 1406 ὄρος
1167 1371 1332 1406 γεγράφθω,
1356 1372 1391 1398 τὰ
1425 1372 1454 1398 δὲ
1486 1374 1667 1408 γεγραμμένα
1696 1375 1865 1410 κυρούσθω,

1074 1417 1109 1444 τὰ
1138 1417 1166 1444 δέ
1200 1417 1358 1453 κυρωθέντα
1392 1418 1560 1452 βεῦαιούσθω
1588 1421 1646 1451 τοῖς
1673 1420 1782 1456 ἔργοις,
1816 1422 1867 1448 καὶ

1076 1463 1152 1490 πᾶσα
1185 1463 1323 1498 ἁψιμαχία
1354 1463 1470 1498 οἰχέσθω
1486 1484 1494 1497 ,
1524 1465 1571 1491 καὶ
1596 1465 1678 1492 πάλιν
1717 1466 1793 1500 φιλία
1823 1474 1869 1502 χο-

1077 1509 1190 1544 ρευέτω.
1223 1509 1279 1535 Καὶ
1311 1510 1341 1535 ἐν
1367 1511 1427 1541 ταῖς
1451 1510 1644 1543 ἁποστολικαῖς
1669 1511 1822 1544 διατάεεσιν
1850 1513 1868 1539 ό

1077 1553 1148 1585 θεῖος
1163 1553 1249 1588 Λόγος
1263 1553 1350 1586 οὓτως
1365 1555 1447 1590 φησίν
1459 1563 1466 1570 ·
1485 1556 1574 1582 Ἔστω
1588 1556 1616 1583 δὲ
1629 1557 1642 1583 ό
1655 1558 1750 1592 κριτὴς
1764 1558 1869 1593 ἀπροσ-

1077 1599 1239 1634 ωπόληπτος
1255 1619 1262 1632 ,
1313 1600 1383 1635 μήτε
1429 1600 1558 1628 πλούσιον
1607 1603 1803 1638 ἐντρεπόμενος
1846 1602 1866 1639 ἢ

1078 1644 1234 1671 κολακεύων
1262 1646 1337 1680 παρὰ
1358 1646 1388 1673 τὸ
1404 1647 1553 1682 προσῆκον,
1575 1648 1644 1683 μήτε
1672 1648 1786 1683 πένητος
1802 1657 1868 1684 φει-

1077 1690 1197 1726 δόμενος.
1218 1691 1257 1718 Οὺ
1273 1691 1344 1727 λήψῃ
1359 1692 1423 1728 γὰρ,
1453 1694 1531 1728 φησὶ,
1551 1694 1697 1729 πρόσωπον
1722 1695 1867 1728 δυνάστου,

1078 1737 1126 1763 καὶ
1156 1737 1259 1772 πένητα
1291 1738 1341 1764 οὐκ
1374 1738 1497 1773 ἐλεήσεις
1533 1740 1562 1766 ἐν
1589 1740 1690 1774 κρίσει.
1722 1740 1786 1768 Ὀτι
1815 1741 1867 1768 τοῦ

1078 1781 1147 1808 Θεοῦ
1163 1783 1179 1818 ή
1191 1783 1281 1817 κρίσις
1299 1783 1410 1815 δικαίως
1431 1784 1463 1810 ab
1474 1784 1580 1812 δίκαιον
1593 1785 1731 1820 διώξεται,
1754 1788 1802 1814 καὶ
1812 1787 1867 1814 οὐκ

1079 1827 1165 1864 ἀρέσῃ
1189 1828 1229 1864 τῷ
1247 1829 1346 1864 δικαίῳ
1375 1829 1451 1856 οὐδὲν
1480 1830 1583 1858 ἄδικον.
1613 1827 1695 1858 Ὀθεν
1717 1832 1748 1859 οὒ
1764 1832 1806 1859 δεῖ
1820 1841 1870 1859 πι-

1080 1874 1186 1900 στεύειν
1202 1873 1239 1905 ὡς
1255 1874 1334 1909 ἔτυχε
1361 1876 1418 1907 τοῖς
1441 1875 1641 1911 κατηγοροῦσιν
1671 1878 1791 1913 ἀκρίτως
1816 1879 1868 1905 καὶ

1079 1918 1278 1952 ἀϐασανίστως.
1308 1921 1440 1956 Ἐγχωρεϊ
1459 1922 1514 1957 γάρ
1535 1931 1612 1954 τινας
1629 1922 1677 1949 καὶ
1692 1923 1736 1950 διὰ
1753 1923 1833 1959 ζῆλον
1848 1925 1868 1961 ἢ

1080 1963 1177 1998 φθόνον
1199 1966 1271 1992 κατά
1294 1974 1367 1998 τινος
1389 1966 1505 2001 ἀδελφοῦ
1530 1968 1712 2003 ἐνστήσασθαι
1730 1969 1870 2006 ψευδηγο-

1082 2009 1154 2045 ρίαν,
1172 2010 1210 2042 ὡς
1222 2011 1248 2037 οἱ
1269 2011 1316 2037 δύο
1339 2011 1519 2047 πρεσϐύτεροι
1539 2014 1612 2040 κατὰ
1630 2014 1775 2050 Σωσάννης
1788 2017 1834 2042 καὶ
1849 2017 1868 2052 ἡ

1079 2056 1217 2090 Αἰγυπτία
1244 2057 1291 2083 ἐπὶ
1307 2057 1356 2084 τοῦ
1375 2057 1485 2093 Ἰωσήφ.
1505 2059 1543 2085 Σὺ
1562 2058 1608 2086 οὖν
1624 2059 1662 2091 ὡς
1676 2060 1745 2087 Θεοῦ
1761 2061 1869 2096 ἀνθρω-

1081 2109 1130 2133 πος
1143 2102 1177 2127 τὰ
1192 2102 1304 2129 τοιαῦτα
1325 2103 1363 2138 μὴ
1395 2105 1550 2140 προχείρως
1570 2106 1735 2141 παραδέχου,
1754 2107 1801 2134 καὶ
1828 2108 1870 2144 μὴ

1080 2147 1178 2184 ἀνέλῃς
1198 2148 1244 2174 τὸν
1258 2148 1356 2181 ἀθῶον,
1381 2149 1428 2176 καὶ
1447 2150 1485 2185 μὴ
1499 2150 1668 2187 ἀποκτείνῃς
1689 2152 1735 2179 τὸν
1748 2149 1868 2186 δίκαιον,

1080 2192 1141 2219 οὐδὲ
1156 2193 1227 2229 λήψῃ
1243 2193 1318 2229 δῶρα
1334 2194 1422 2230 ψυχὴν
1438 2195 1567 2228 πατάξαι·
1583 2197 1619 2224 τὰ
1632 2188 1686 2233 γὰρ
1698 2198 1772 2234 δῶρα
1786 2200 1871 2226 ἐκτυ-

241 2249 323 2268 suum
335 2242 521 2276 oppugnavit;
533 2249 651 2276 eumque
664 2242 809 2276 calumnia
823 2245 978 2271 convictum
996 2252 1026 2273 eo

1085 2238 1198 2272 φλοῦσιν
1211 2239 1367 2275 ὀφθαλμοὺς
1386 2241 1475 2276 σοφῶν
1492 2243 1540 2269 καὶ
1556 2243 1736 2278 λυμαίνονται
1753 2245 1870 2280 ῥήματα

242 2289 316 2316 malo
331 2288 467 2321 allicietis,
484 2287 558 2323 quod
576 2288 623 2316 ille
638 2289 717 2316 alteri
733 2289 846 2317 molitus
876 2289 946 2323 fuit;
971 2299 1028 2318 ma-

240 2333 422 2368 litiosumque
434 2333 537 2361 tolletis
553 2341 570 2361 e
587 2333 689 2365 medio,
704 2333 750 2368 qui
771 2339 905 2368 quantum
926 2336 952 2362 in
969 2335 1029 2371 ipso

239 2379 303 2412 fuit,
333 2380 448 2407 auribus
475 2379 580 2415 judicis
603 2380 746 2414 mcupatis
768 2380 880 2408 fratrem
911 2383 1029 2410 necavit.

241 2426 379 2462 Scriptum
397 2430 440 2453 est
460 2425 534 2453 enitn
552 2435 559 2453 :
575 2424 628 2459 Qui
649 2426 810 2461 sanguinem
834 2426 945 2461 fuderit,
966 2436 1029 2456 eum

239 2472 352 2508 proprio
374 2471 511 2506 sanguine
527 2471 595 2498 luat.
609 2471 704 2506 Neque
715 2472 828 2500 omnino
842 2473 924 2501 unius
939 2474 1027 2501 homi-

239 2525 305 2544 num
320 2517 507 2544 testimonium
524 2520 622 2543 contra
635 2518 732 2550 alium,
753 2522 893 2553 utcunque
915 2518 967 2546 fide
989 2519 1027 2546 di-

239 2562 297 2596 gni,
309 2568 360 2596 pro
375 2562 451 2588 certo
464 2560 619 2588 habendum
634 2566 685 2588 est.
697 2561 818 2589 Duorum
833 2562 918 2596 enim,
939 2562 1028 2597 inquit

240 2608 384 2638 Dominus,
400 2610 448 2632 aut
463 2606 546 2632 trium
562 2606 670 2633 testium
686 2614 734 2634 ore
747 2607 849 2642 quaevis
865 2615 910 2635 res
926 2608 1028 2636 conﬁr-

241 2652 340 2679 manda
358 2656 411 2679 est.
424 2651 504 2684 Quod
516 2652 538 2678 si
551 2659 617 2687 ergo
630 2651 739 2679 ditiicile
747 2657 790 2680 est
801 2653 911 2688 id'-quod
920 2654 1027 2688 justum

241 2700 278 2726 sit
297 2698 430 2730 invenire,
443 2698 532 2725 adhuc
543 2698 679 2725 diﬂicilius
697 2699 838 2726 inventum
853 2699 934 2733 tueri,
947 2707 1028 2727 nemo

239 2744 371 2780 judicium
388 2744 559 2779 praecipitare
577 2744 670 2772 debet.
685 2744 763 2772 Tunc
782 2749 873 2772 autem
900 2751 975 2773 recte
995 2746 1027 2773 il-

240 2799 290 2820 nes
329 2791 444 2826 iustitia:
474 2797 633 2826 servantur,
662 2798 725 2820 cum
764 2799 854 2820 causa
880 2791 1026 2828 judicium,

277 2881 302 2898 "
315 2880 394 2922 Joan.
411 2888 457 2914 vu,
473 2880 517 2908 5i.

1079 2284 1178 2312 δίκαια.
1204 2286 1236 2312 Et
1263 2284 1310 2312 οὖν
1326 2286 1586 2323 ἀπροσωπολήπτως
1608 2289 1727 2325 κρίνετε,
1747 2289 1870 2325 ἐπιγνώ-

1081 2330 1161 2357 σεσθε
1184 2331 1231 2358 τὸν
1261 2333 1467 2368 κατηγοροῦντα
1482 2335 1554 2361 κατὰ
1573 2335 1621 2362 τοῦ
1647 2335 1762 2371 πλησίον
1780 2336 1868 2363 αὑτοῦ

1083 2379 1236 2413 μαρτυρίαν
1248 2377 1345 2414 ψευδῆ·
1363 2380 1411 2406 καὶ
1427 2380 1618 2414 ἀποδείξαντες
1632 2381 1714 2409 αὐτὸν
1732 2383 1870 2418 συκοφάν-

1081 2431 1142 2457 την,
1166 2425 1297 2459 ποιήσατε
1315 2425 1390 2459 αὺτῷ
1405 2425 1468 2452 καθ’
1489 2426 1519 2452 ὃν
1538 2427 1639 2461 τρόπον
1661 2428 1870 2463 ἐπονηρεύσατο
1902 2446 1910 2451 ς

1082 2468 1196 2504 ποιῆσαι
1217 2469 1257 2504 τῷ
1277 2470 1402 2505 πλησίον,
1425 2473 1472 2498 καὶ
1491 2472 1615 2507 ἐξαρεῖτε
1633 2474 1678 2500 τὸν
1699 2475 1818 2509 πονηρὸν
1834 2477 1869 2502 ἐκ

1082 2516 1166 2551 μέσου
1193 2517 1280 2552 ὑμῶν.
1310 2518 1392 2545 Ὀσον
1415 2519 1470 2554 γὰρ
1491 2521 1535 2546 ἐπ’
1560 2521 1644 2556 αὐτῷ,
1664 2522 1794 2556 ἐφόνευσε
1820 2524 1869 2550 τὸν

1081 2562 1204 2598 ἀδελφὸν,
1220 2566 1434 2600 προκαταλαῦὼν
1453 2567 1487 2593 τὰ
1500 2564 1558 2594 ὦτα
1575 2568 1622 2594 τοῦ
1640 2568 1744 2603 κριτοῦ.
1762 2569 1781 2595 Γ
1783 2569 1870 2605 ἐγρα-

1081 2618 1148 2636 πται
1161 2610 1226 2646 γάρ·
1235 2610 1265 2637 '0
1280 2611 1383 2646 ἐκχέων
1396 2610 1465 2648 αἷμα
1477 2613 1632 2648 ἀνθρώπου,
1645 2615 1705 2641 ἀντὶ
1719 2615 1766 2641 τοῦ
1777 2615 1866 2650 aina-

1080 2663 1127 2687 τος
1139 2657 1244 2682 ἐκείνου
1261 2657 1444 2692 ἐκχυθήσεται
1458 2659 1488 2685 τὸ
1502 2656 1571 2694 αἷμα
1587 2660 1682 2688 αὑτοῦ.
1701 2660 1782 2686 Ἀλλὰ
1799 2662 1870 2695 μηδέ

1081 2699 1124 2734 εἷς
1139 2702 1334 2738 παραδεχέσθω
1354 2706 1501 2740 μαρτυρῶν
1518 2706 1589 2732 κατά
1604 2714 1689 2739 τινος,
1702 2706 1755 2733 κᾶν
1774 2705 1836 2733 λίαν

1081 2748 1248 2782 ἀξιόπιστος.
1272 2750 1332 2776 Ἐπὶ
1345 2750 1478 2786 στόματος
1493 2752 1547 2786 γὰρ
1567 2752 1613 2778 δύο
1629 2752 1646 2788 ἢ
1660 2753 1744 2788 τριῶν
1762 2754 1870 2789 μαρτύ-

1082 2802 1137 2830 ρων
1151 2795 1204 2823 πᾱν
1221 2797 1296 2832 ῥῆμα
1313 2795 1542 2833 βεϐαιωθήσεται,
1555 2795 1634 2826 εῐπιν
1658 2798 1674 2826 ό
1697 2798 1818 2835 Κύριος.
1836 2800 1869 2828 El
