2036 3153
180 171 223 204 557
714 168 985 199 HISTORIARUM
998 168 1073 199 COM
1079 169 1267 201 PENDIUM.

1734 173 1789 204 558

180 234 285 260 γνυνται
312 224 337 251 οἱ
362 224 393 251 τὺ
422 224 514 260 μεῖζον
530 225 576 252 καὶ
592 224 702 252 ἔλαττον
724 225 771 252 ἐπὶ
786 224 833 252 τοῦ
848 225 955 260 [ἰατρὸς

1013 226 1090 254 homo
1115 226 1166 254 fuit
1190 226 1316 255 Christus
1340 226 1367 254 in
1396 233 1477 255 carne
1500 226 1612 263 degens.
1632 227 1680 256 sed
1700 229 1790 263 potius

181 271 220 299 καὶ
231 270 279 298 τοῦ
289 270 353 297 Υίοῦ
369 270 571 306 συγκρίνοντες,
590 270 760 306 ἑτεροούσιον
772 270 816 298 τδν
830 270 895 298 Υἱὺν
909 270 955 297 τοῦ

182 317 279 351 Πατρδς
290 317 336 343 καὶ
352 317 477 351 ἀνόμοιον
491 316 710 351 δογματίζοντες.
730 317 768 344 Οὐ
786 317 840 351 γὰρ
855 317 955 350 ἴσασιν,

180 363 210 394 ὡς
223 363 321 392 ἔοικεν,
332 363 373 389 ὅτι
390 363 481 397 μεῖζον
493 363 540 389 καὶ
553 363 663 389 ἔλαττον
680 362 726 389 ἐπὶ
738 362 792 389 τῶν
806 362 956 396 ὀμοουσίων

180 409 294 443 ζητεῖται
309 417 355 436 κα.
374 409 507 443 κρίνεται,
525 408 562 440 ὼς
583 408 725 443 ἄνθρωπος
739 408 883 441 ἀνθρώπου
898 408 957 443 μεί-

181 454 227 486 ζων
242 455 288 481 καὶ
304 454 365 489 βοῦς
382 454 442 489 βοὸς
460 455 506 481 καὶ
522 454 604 486 ἵππος
619 454 713 487 ἰππου,
731 455 777 481 καὶ
792 453 958 487 ἁπαξαπλῶς

181 502 194 528 6
210 501 299 527 κανὼν
316 501 366 535 τῆς
387 501 566 536 ,συγκρίσεως
588 501 643 532 τοῖς
659 500 817 535 ὁμογενέσιν
832 500 956 534 ἁρμόζει.

184 546 210 576 '0
222 547 312 573 τοίνυν
328 546 362 572 τὰ
375 546 422 573 τοῦ
438 546 505 572 Θεοῦ
524 545 669 580 τολμηρῶς
695 546 956 581 περιεργαζόμενος,

180 592 222 618 καὶ
247 592 359 626 μείζονα
383 591 470 625 λέγων
487 591 533 618 τοῦ
549 591 614 618 Υίοῦ
630 591 676 618 τὸν
692 592 811 626 Πατέρα,
832 591 881 625 τὴν
895 589 960 624 σύγ-

180 645 266 670 κρισιν
281 637 319 668 ὡς
333 637 476 671 ὁμοοὺσιον
505 638 657 672 προσίεται,
684 637 736 663 κᾶν
754 637 791 671 μὴ
817 636 958 671 βούληταιτ

180 683 331 716 ὲτεροούσια
347 683 402 718 γὰρ
428 682 554 718 ἀλλήλοις
570 683 765 718 συγκρίνεσθαι
784 683 816 708 οὐ
835 682 958 715 δύναται,

178 729 234 755 οὔτε
256 728 367 763 λέγεται
383 728 485 762 μείζων
504 729 647 764 ἄνθρωπος
674 728 733 764 βοὸς
753 729 769 764 ἢ
789 729 889 764 μείζων
914 728 960 755 ἆν-

178 773 282 808 θρωπος
302 774 424 809 καμήλου
456 774 473 810 ἢ
503 775 604 810 μείζων
630 775 773 809 ἄνθρωπος
802 774 902 809 ίχθὺος.
920 774 960 801 Τὰ

180 820 269 853 μέντοι
297 828 329 853 γε
357 820 402 846 τδν
419 820 508 846 ἑνικὸν
527 820 645 855 ἀριθμὸν
664 820 865 855 ὑπερϐαίνοντα
884 820 912 846 ἐν
926 821 959 856 τῇ

179 864 234 899 θείᾳ
255 865 350 900 Γραφῇ
366 866 414 900 τῆς
433 865 488 891 τῶν
506 865 682 892 ὑποστάσεων
694 866 826 901 διαφορᾶς
843 865 896 892 εισι
908 873 961 893 πα·

180 911 336 946 ραστατικὰ,
355 912 389 937 τὰ
399 911 425 937 δὲ
437 911 534 943 ἑνικῶς
550 911 748 946 ἐξενηνεγμένα
768 911 816 946 τῆς
830 911 961 946 ταυτότη-

178 964 220 986 τος
234 955 283 989 τῆς
301 955 418 989 φύσεως.
434 956 474 982 Τὰ
493 955 542 990 μὲν
554 956 609 990 γὰρ
624 955 742 991 εἴρηται,
760 955 803 982 ἵνα
817 954 961 986 Σασέλλιος

179 1001 222 1028 καὶ
244 1001 365 1027 Ἰουδαῖοι
388 1001 612 1036 ἑπιστομισθῶσι,
626 1001 660 1027 τὰ
675 1000 714 1033 δὲ,
737 1001 780 1027 ἵνα
793 1000 902 1035 Ἄρειος
916 1000 962 1027 καὶ

179 1046 306 1080 Εὖνόμιος
328 1047 374 1072 καὶ
390 1046 520 1081 Ἓλληνες
540 1046 762 1082 στηλιτευθῶσιν.
779 1047 809 1073 Οί
825 1046 878 1082 γὰρ
892 1046 962 1073 πλα-

178 1092 299 1123 τύνοντες
321 1092 370 1126 μὲν
387 1092 426 1123 είς
444 1092 493 1127 τὴν
511 1092 592 1126 ἁγίαν
606 1092 710 1126 Τριάδα
729 1092 774 1119 τὸν
789 1093 842 1119 τῶν
865 1093 963 1128 ίδιοτή-

178 1147 227 1165 των
241 1138 304 1173 ἁριθ
311 1138 372 1172 μὸν,
383 1138 573 1169 συστέλλοντες
586 1137 613 1164 δὲ
623 1139 663 1170 είς
681 1138 745 1172 μίαν
760 1138 865 1170 οὐσίαν,
882 1138 962 1174 ὀρθό-

177 1192 244 1210 τατα
260 1182 453 1218 δογματίζουσι
466 1185 512 1210 καὶ
532 1187 592 1216 ταῖς
606 1185 659 1212 τῶν
674 1185 808 1221 οὐρανίων
828 1184 962 1220 χρησμῶν

178 1230 287 1256 ἕπονται
297 1230 494 1263 διδασκαλίαις,
506 1231 574 1266 μήτε
590 1232 628 1264 εἰς
643 1231 786 1258 πολυθεῖαν
796 1231 840 1258 διὰ
856 1232 904 1266 τὴν
915 1232 962 1265 τῆς

177 1275 284 1310 φύσεως
296 1276 428 1323 ριαφορὰν
443 1276 633 1308 ἐκπίπτοντες,
651 1277 719 1312 μήτε
740 1277 780 1308 είς
806 1276 961 1311 ίουδαῖσμὺν

177 1322 220 1349 διὰ
232 1322 282 1357 τὴν
295 1322 341 1348 τοῦ
364 1322 424 1353 ὲιιδς
446 1322 593 1356 προσώπου
609 1322 737 1349 σύστασιν
751 1322 961 1353 ὀλισθαίνοντες.

178 1369 238 1399 Πῶς
255 1368 284 1394 δὲ
296 1368 346 1394 οὐκ
363 1368 509 1403 ἐρυθριῶσι
526 1368 655 1401 κτίσματι
683 1367 899 1403 προσκυνοῦντες
915 1367 963 1394 καὶ

177 1416 234 1446 ταῖς
245 1414 351 1440 ἑαυτῶν
367 1414 515 1449 μαχόμενοι
529 1413 647 1448 ψήφοις
665 1412 893 1448 Ἀπαγορεὺοντες
909 1413 964 1448 γὰρ

178 1462 208 1488 τὸ
239 1462 276 1496 μὴ
301 1463 333 1495 τῇ
350 1461 437 1489 κτίσει
465 1461 625 1496 προσκυνεῖν
653 1460 689 1490 ὡς
709 1459 874 1495 Ἕλληνικίιν,
889 1459 965 1486 αὐτοὶ

178 1507 256 1535 τοῦτο
268 1507 386 1543 δρῶντες
397 1507 509 1538 ἑαυτοὺς
517 1506 689 1534 λανθάνουσι.
704 1505 765 1540 Χρὴ
779 1505 808 1532 δὲ
821 1506 868 1531 καὶ
883 1504 962 1531 τοῦτο

178 1553 287 1585 εἰδέναι,
299 1553 336 1584 ὼς
352 1553 382 1580 οὐ
395 1552 430 1579 τὰ
441 1552 510 1579 αὐτὰ
524 1552 645 1587 ὀνόματα
665 1550 774 1583 πάντως
791 1550 880 1578 καὶτὰ
895 1550 964 1577 αὐτὰ

179 1599 278 1634 μηνύει
295 1598 461 1634 πράγματα,
477 1596 538 1624 οὔτε
556 1598 572 1632 ὴ
590 1597 733 1631 ὁμωνυμία
752 1596 922 1631 συνωνυμίαν
934 1597 965 1622 ὲκ

178 1646 279 1677 παντὸς
300 1644 402 1679 τρόπου
424 1643 560 1678 ἐμφαίνει.
592 1642 655 1669 Ἐπὶ
679 1642 728 1677 μὲν
748 1642 803 1677 γὰρ
828 1641 874 1668 τοῦ
900 1641 965 1668 Υίοῦ

177 1692 281 1727 κυρίως
308 1691 417 1725 λέγεται
437 1691 454 1724 ἡ
470 1690 606 1724 γέννησις,
619 1689 665 1716 ἐπὶ
688 1689 717 1716 δὲ
733 1689 786 1715 τῶν
807 1688 965 1723 κτισμάτων

180 1735 409 1771 καταχρηστικῶς
425 1755 433 1768 ,
459 1734 503 1761 ἐπ’
530 1734 634 1761 ἐκείνου
676 1734 726 1770 μὲν
753 1733 803 1768 τῆς
833 1733 963 1768 ἀληθείας

179 1782 272 1809 ἕνεκεν
289 1781 399 1816 καὶτῆς
418 1780 636 1816 ὁμοουσιότητος,
658 1780 703 1806 ἐπὶ
724 1779 752 1806 δὲ
767 1779 869 1806 τοῦτων
883 1780 965 1814 τιμῆς

179 1829 259 1863 χάριν
271 1828 319 1854 καὶ
335 1826 480 1857 υίοθεσίας.
497 1825 643 1860 Βουληθεὶς
655 1825 709 1860 γὰρ
724 1825 880 1860 ἀπεκύησεν
893 1826 965 1860 ἡμᾶς

179 1873 251 1907 λόγῳ
266 1871 407 1906 ἀληθείας.
428 1871 474 1906 Μὴ
495 1870 585 1897 τοίνυν
601 1871 617 1905 ὴ
634 1870 777 1904 ὁμωνυμία
799 1869 848 1903 τὴν
871 1870 965 1904 ὁμοτι-

181 1919 246 1954 μίαν
266 1917 383 1944 ἐνταῦθα
399 1916 521 1949 τικτέτω,
542 1916 609 1951 μηδὲ
633 1916 667 1942 τὰ
689 1916 913 1950 καταχρηστικῶς
929 1916 966 1941 εί-

180 1965 288 2000 ρημένα
305 1963 407 1999 κυρίως
422 1962 553 1997 λεχθῆναι
579 1960 743 1996 νομιζέσθω,
769 1961 829 1987 ἐπεὶ
851 1961 897 1987 καὶ
921 1960 966 1987 τὸν

178 2010 266 2044 θυμὸν
290 2009 338 2036 καὶ
359 2009 408 2044 τὴν
426 2008 510 2043 ὀργὴν
528 2007 576 2033 καὶ
590 2006 674 2033 τᾶλλα
696 2007 785 2034 πάντα
807 2007 841 2032 τὰ
860 2008 892 2041 τῇ
906 2006 967 2042 θείᾳ

180 2055 219 2091 μὴ
234 2055 375 2091 πρέποντα
401 2052 481 2088 φύσει
496 2051 724 2088 καταχρηστικῶς
741 2051 900 2086 λελεγμένα,
915 2052 966 2079 οὐκ

177 2102 213 2129 ἄν
223 2110 265 2133 τις
286 2100 425 2135 εὖφρονῶν
453 2099 555 2134 κυρίως
570 2097 726 2133 πεφράσθαι
740 2096 786 2132 [Ρ.
806 2097 870 2133 295]
886 2097 964 2133 φαίη.

177 2147 264 2182 Δῆλον
278 2147 333 2181 γάρ
343 2147 418 2173 ἐστιν
432 2146 474 2173 ὅτι
486 2146 594 2179 ἑκάστῳ
605 2144 699 2179 χωρίῳ
715 2144 762 2170 καὶ
777 2143 880 2179 ἑκάστῃ
892 2143 965 2176 λέξει

176 2193 195 2228 ἡ
211 2193 389 2228 προσήκουσα
405 2192 452 2219 καὶ
477 2189 635 2226 ἁρμόζουσα
650 2189 813 2224 διασάφησις
825 2197 964 2224 προσαγο-

177 2238 249 2273 μένη
270 2237 318 2273 τὴν
334 2236 462 2271 ἀλήθειαν
477 2236 578 2262 ὼδίνει.

1008 270 1079 298 Deus
1096 279 1129 299 ex
1153 275 1268 306 utraque
1289 274 1387 299 natura
1411 279 1484 301 unus
1504 272 1609 300 exstitit
1631 271 1720 300 Filius
1743 271 1789 300 Dei

1008 314 1092 347 Deus.
1117 322 1214 343 natura
1240 323 1331 343 rerum
1359 321 1512 344 ereatarnm
1541 317 1676 352 superior,
1700 318 1744 346 vel
1767 318 1791 346 si

1009 365 1171 396 rumpantur
1183 362 1229 395 qui
1244 361 1350 389 Patrem
1366 369 1427 389 cuttt
1444 362 1513 390 Filio
1527 363 1632 392 ratione
1644 363 1791 399 majoriset

1009 408 1124 434 minoris
1146 413 1337 442 comparantes
1355 408 1471 436 diversae
1498 409 1660 438 substantia
1681 416 1695 436 ιι
1714 410 1793 437 Patro

1009 451 1107 479 Filium
1135 451 1214 486 eique
1234 451 1394 480 dissimilem
1419 456 1551 479 statuunt.
1582 452 1657 486 Quos
1680 457 1794 488 apparet

1009 505 1063 525 non
1085 497 1320 530 anintadvertiSSe,
1335 498 1408 533 quod
1429 497 1517 533 majus
1540 503 1567 526 et
1585 499 1676 526 minus
1689 503 1792 527 tantum

1010 543 1036 570 in
1062 542 1105 570 ltis
1125 547 1287 577 quaeruntur
1298 549 1324 570 et
1336 542 1493 578 iudicamur
1507 552 1567 579 quae
1583 545 1705 579 ejusdem
1729 549 1794 573 sunt

1010 594 1126 621 naturae.
1145 594 1173 616 ut
1193 589 1274 616 homo
1291 589 1400 617 homine
1419 589 1505 624 major
1521 590 1640 626 itemque
1658 591 1725 618 bove
1745 591 1794 618 bos

1010 641 1036 663 ct
1052 644 1140 670 equus
1152 643 1222 670 equo
1243 635 1344 663 dicitur
1362 644 1368 668 ;
1385 637 1551 671 omninoque
1564 637 1656 672 regula
1670 644 1701 665 ea
1719 644 1792 664 com-

1010 683 1122 717 parandi
1134 683 1160 710 in
1174 684 1208 710 iis
1222 683 1310 711 locutn
1326 683 1407 710 habet
1424 691 1483 718 quae
1499 688 1562 711 sunt
1576 684 1697 718 ejusdem
1713 691 1795 719 gene-

1011 728 1059 755 ris.
1076 727 1126 760 Qui
1141 736 1206 762 ergo
1217 729 1312 755 audaci
1331 728 1492 756 curiositate
1504 729 1588 756 Deum
1604 729 1709 757 Patrem
1728 728 1796 756 Filio

1012 772 1143 806 majorem
1167 773 1243 805 dicit,
1262 774 1284 801 is
1307 774 1409 802 invitus
1427 774 1509 802 etiam
1529 774 1653 802 eamdem
1671 780 1797 802 naturam

1013 817 1155 852 utriusque
1169 818 1297 845 admittit.
1322 817 1387 850 Qua!
1402 819 1474 846 enim
1492 824 1589 847 natura
1611 818 1750 851 dim-runt,
1765 827 1797 847 ea

1012 863 1166 898 comparari
1184 871 1237 891 non
1252 869 1385 898 possunt;
1403 872 1490 899 neque
1504 865 1585 892 homo
1597 866 1676 897 heve,
1692 866 1799 892 camelo

976 898 997 925 Β
1013 915 1057 936 aut
1068 909 1143 944 pisce
1157 909 1243 944 major
1260 909 1370 937 dicitur.
1384 898 1456 937 Sane
1467 917 1526 945 quae
1542 911 1569 938 in
1583 911 1671 939 sacris
1688 910 1799 938 Litteris

1012 955 1046 982 de
1062 954 1116 983 Deo
1134 962 1218 990 supra
1231 956 1395 991 singularem
1410 964 1552 984 numerum
1569 957 1710 989 dicuntur.
1723 965 1754 984 ea
1763 957 1798 984 ad

1013 1009 1194 1036 personarum
1211 1001 1371 1029 discrimina
1382 1002 1559 1029 monstranda
1570 1003 1691 1030 faciunt:
1707 1004 1800 1037 singu.

1013 1045 1063 1072 lari
1079 1053 1194 1073 numero
1213 1045 1293 1073 eﬂ'ata
1315 1047 1446 1073 unitatem
1469 1051 1572 1074 naturae
1584 1047 1696 1074 docent.
1711 1048 1800 1083 Atque

1013 1091 1058 1118 illa
1070 1091 1149 1126 512
1163 1092 1284 1127 quidem.
1307 1097 1336 1120 ut
1360 1092 1478 1120 Sabellio
1497 1098 1524 1120 et
1543 1093 1645 1122 ludatis
1660 1101 1707 1122 Ora
1717 1094 1800 1122 obtu-

1014 1137 1068 1164 rari
1085 1142 1208 1172 possent.
1220 1138 1291 1166 dicta
1307 1142 1387 1171 sunt;
1403 1138 1472 1171 haec,
1485 1143 1513 1166 ut
1527 1139 1620 1173 Arius,
1637 1139 1798 1172 Eunomius,

1013 1185 1039 1209 et
1050 1180 1134 1209 Graeci
1143 1186 1314 1210 notarentur.
1324 1183 1375 1216 Qui
1386 1191 1450 1211 vero
1461 1188 1583 1211 sanctam
1595 1183 1757 1213 Trinitatem
1770 1186 1798 1212 in

1014 1235 1191 1262 personarunt
1223 1229 1374 1256 ternarium
1397 1229 1557 1262 extendunt.
1580 1230 1617 1257 ita
1645 1236 1673 1259 ut
1695 1230 1745 1259 has
1771 1231 1800 1259 in

1015 1280 1095 1299 unam
1114 1273 1290 1309 compingant
1306 1277 1444 1307 naturam,
1463 1275 1480 1302 ii
1496 1276 1650 1303 rectissime
1665 1277 1798 1310 sentiunt,

1014 1319 1223 1353 cceiestiumque
1239 1320 1431 1347 auctoritatem
1448 1322 1620 1349 oraculorum
1635 1327 1798 1357 sequuntur,

1014 1371 1045 1390 ac
1073 1371 1162 1398 neque
1192 1364 1225 1391 ad
1249 1365 1451 1392 multitudinem
1484 1366 1597 1393 deorum
1629 1367 1799 1394 statuendam

1014 1408 1171 1436 diversitate
1194 1413 1355 1438 naturarum
1384 1410 1500 1438 conﬁcta
1523 1411 1688 1447 adiguntur.
1712 1421 1801 1448 neque

1014 1455 1095 1482 unius
1113 1462 1235 1489 personae
1247 1459 1401 1483 contmento
1419 1456 1445 1483 itt
1465 1456 1637 1485 Judaismutn
1655 1458 1801 1493 prolabun-

1016 1504 1068 1526 tur.
1098 1499 1241 1533 Quomodo
1270 1506 1360 1528 autent
1390 1509 1444 1528 non
1471 1504 1638 1530 erubescunt
1670 1503 1800 1536 haeretici,

1015 1551 1166 1573 creaturam
1177 1546 1323 1575 adorantes
1337 1547 1444 1583 sibique
1456 1548 1522 1583 ipsis
1532 1548 1700 1584 refragantes
1713 1550 1725 1577 2
1736 1557 1801 1578 cum

980 1586 1002 1616 C
1018 1592 1090 1619 enim
1102 1596 1352 1621 vetentcreaturam
1363 1594 1487 1627 adorare,
1496 1594 1681 1622 (ireccanicnm
1689 1595 1801 1631 quippe,

1016 1639 1066 1673 ipsi
1101 1639 1288 1673 imprudentes
1317 1640 1388 1667 idem
1419 1641 1605 1668 committunt.
1635 1640 1661 1668 Id
1694 1649 1802 1677 quoque

1015 1684 1156 1712 sciendum
1173 1689 1226 1717 est.
1240 1693 1294 1713 non
1308 1693 1416 1721 semper
1431 1686 1528 1714 iisdem
1541 1686 1679 1715 vocabulis
1691 1688 1802 1715 easdem

1016 1738 1060 1758 res
1073 1731 1232 1765 signiﬁcari.
1251 1740 1337 1766 neque
1349 1732 1442 1758 statim
1461 1731 1555 1760 eodem
1571 1732 1651 1759 ntodo
1668 1734 1755 1761 notari
1770 1741 1802 1761 ea

1015 1785 1075 1812 quae
1101 1777 1240 1804 communi
1259 1778 1392 1805 vocabulo
1412 1777 1578 1805 indicantur.
1600 1776 1668 1805 Nam
1692 1781 1803 1814 proprie

1016 1823 1119 1850 dicitur
1133 1823 1231 1851 Filium
1245 1832 1305 1851 esse
1320 1825 1441 1858 genitum
1459 1833 1465 1852 :
1480 1824 1513 1851 de
1524 1829 1651 1852 creatura
1663 1825 1734 1852 idem
1750 1826 1803 1852 im-

1016 1869 1125 1904 proprie
1146 1869 1259 1897 dixcris.
1281 1867 1350 1895 Filio
1363 1869 1436 1896 enim
1452 1869 1584 1896 tribuitur
1604 1870 1656 1897 hoc
1679 1871 1803 1898 Veritatis

1016 1921 1109 1946 causa,
1136 1920 1164 1942 et
1193 1915 1254 1949 quia
1284 1915 1407 1949 ejusdem
1435 1920 1476 1942 est
1495 1923 1557 1942 eum
1582 1915 1662 1942 Patre
1687 1920 1802 1949 natural.

1018 1959 1152 1987 creaturis
1175 1966 1265 1987 autem
1283 1961 1395 1988 honoris
1415 1965 1442 1988 et
1463 1961 1619 1996 adoptionis
1629 1963 1726 1997 gratia.
1748 1962 1803 1990 Sua

1015 2006 1087 2033 enim
1111 2007 1251 2033 voluntate
1268 2010 1358 2033 motus
1373 2008 1466 2041 genuit
1486 2015 1536 2035 nos
1549 2029 1555 2040 .
1574 2008 1656 2036 verbo
1671 2009 1801 2035 veritatis.

1015 2049 1074 2078 Non
1091 2051 1174 2086 igitur
1186 2051 1305 2079 nominis
1321 2053 1505 2080 communitas
1516 2052 1559 2080 hic
1575 2053 1699 2081 eamdem
1715 2053 1804 2088 digni-

1016 2099 1099 2123 tatem
1114 2096 1252 2131 utrimque
1264 2097 1371 2130 afferre,
1388 2102 1435 2125 aut
1448 2098 1521 2134 quod
1533 2099 1680 2134 improprie
1691 2100 1802 2131 dicitur.

1016 2142 1126 2178 proprie
1141 2147 1302 2177 usurpatum
1322 2148 1433 2178 putetur
1444 2164 1451 2175 .
1468 2145 1578 2179 quando
1601 2145 1803 2173 excandescen-

1017 2189 1083 2215 tiam
1109 2189 1191 2216 etiam
1210 2194 1237 2216 et
1255 2189 1323 2216 iram
1341 2195 1367 2217 et
1384 2190 1437 2217 alia
1458 2190 1558 2218 divinae
1573 2195 1678 2218 natum
1702 2197 1804 2225 nequa-

1017 2240 1097 2268 quam
1110 2235 1301 2262 convenientia
1319 2242 1399 2263 nemo
1411 2243 1496 2263 sanus
1509 2235 1565 2263 Deo
1578 2238 1689 2272 proprie
1702 2236 1803 2265 ascribi

176 2284 322 2316 censebit,
339 2291 399 2310 cunt
417 2282 504 2309 abusu
527 2280 722 2308 vocabulorum
738 2279 762 2307 ei
779 2279 965 2307 ascribantur.
979 2278 1093 2306 Constat
1107 2280 1179 2307 enim
1196 2280 1276 2315 513
1291 2280 1380 2309 cuivis
1411 2282 1473 2309 loco
1494 2285 1521 2309 et
1540 2283 1672 2310 vocabulo
1704 2292 1804 2313 convc-

174 2331 299 2358 nientem
313 2333 340 2356 et
357 2329 533 2363 quadrantem
550 2327 801 2361 interpretationem
815 2326 965 2353 adhibitam
979 2325 1122 2352 veritatem
1141 2326 1288 2360 parturire.

211 2375 377 2404 Είπάτωσαν
390 2373 419 2400 δέ
429 2381 460 2407 γε
475 2373 522 2399 καὶ
535 2373 560 2399 ot
573 2373 612 2404 είς
623 2372 652 2398 τὸ
664 2372 741 2405 ἅγιον
754 2371 866 2406 Πνεῦμα
880 2371 962 2406 βλασ-

1052 2369 1112 2398 Jant
1126 2370 1172 2406 qui
1188 2371 1222 2398 de
1237 2374 1334 2399 sancto
1347 2371 1450 2407 Spiritu
1466 2372 1547 2408 impie
1560 2374 1710 2408 loquuntur
1723 2383 1803 2405 enm-

175 2420 336 2457 φημοῦντες
368 2419 415 2446 καὶ
436 2418 484 2453 τῆς
500 2418 574 2449 θείας
591 2417 684 2449 οὐσίας
707 2417 773 2443 αὐτὸ
787 2415 961 2452 χωρίζοντες,

174 2467 237 2498 πῶς
262 2466 277 2493 ὁ
296 2464 362 2496 Θεὸς
379 2457 428 2491 καὶ
447 2464 542 2498 Σωτὴρ
563 2463 642 2498 ἡμῶν
662 2463 875 2499 ὲνανθρωπήσας
892 2472 964 2498 παρ-

174 2512 266 2541 έδωκε
282 2509 513 2545 συμπληρωτικὸν
538 2506 608 2536 εἶναι
619 2508 670 2543 τῆς
696 2509 776 2543 ἁγίας
793 2508 909 2544 Τριάδος
931 2508 962 2535 τὸ

173 2557 313 2591 πανάγιω
342 2555 469 2591 Πνεῦμα.
494 2555 542 2581 καὶ
565 2556 595 2581 ὲν
609 2556 642 2589 τῇ
667 2555 809 2590 ἐπικλήσει
823 2555 870 2581 τοῦ
890 2555 963 2581 θείου

174 2602 369 2638 βαπτίσματος
385 2601 433 2627 σὺν
447 2601 535 2637 Πατρὶ
550 2601 596 2627 καὶ
612 2600 670 2636 Υίῷ
683 2601 720 2632 ὡς
739 2600 896 2635 ἐλευθεροῦν
909 2602 963 2628 τῶν

177 2648 390 2683 ἁμαρτημάτων
415 2646 478 2677 τοὺς
495 2646 657 2682 ἀνθρώπους
672 2646 886 2682 ἀριθμούμενον.
909 2646 964 2673 Καὶ

178 2694 228 2720 ἐπὶ
248 2694 299 2728 τῆς
315 2691 450 2727 μυστικῆς
465 2692 605 2727 τραπέζης
620 2691 649 2718 τὺ
662 2691 741 2726 σῶμα
759 2691 841 2718 ίδικὺν
854 2691 904 2726 τῆς
917 2691 965 2717 τοῦ

178 2738 247 2765 Υῐοῦ
263 2738 430 2774 σαρκώσεως
451 2737 616 2771 ἀποφαῖνον,
635 2737 694 2768 πῶς
709 2737 742 2763 ἂν
757 2737 799 2772 εἴη
819 2737 930 2772 ποιητὸν
948 2737 965 2772 ἦ

182 2785 290 2811 κτιστδν
305 2784 322 2820 ἤ
339 2785 389 2819 τῆς
401 2783 525 2818 δουλικῖπ
540 2783 657 2817 φύσεως,
679 2783 737 2810 ἀλλ’
759 2784 790 2809 οὐ
804 2783 854 2818 τῆς
870 2783 967 2810 δεσπο-

183 2831 261 2866 τικῆς
274 2830 322 2857 καὶ
338 2829 505 2865 δημιουργοῦ
517 2829 563 2856 καὶ
579 2828 711 2864 βασιλίδος
728 2828 821 2861 οὐσίας
837 2829 967 2863 συγγενὲς

182 2877 231 2904 καὶ
248 2877 391 2913 ὀμοούσιον
402 2875 433 2902 τδ
447 2875 524 2909 ἃγιον
537 2874 648 2911 Πνεῦμα
661 2884 668 2908 ;
685 2874 717 2901 Et
732 2875 786 2910 γὰρ
803 2875 906 2908 δοῦλον,
927 2874 965 2910 μὴ

1018 2423 1071 2452 que
1088 2416 1181 2444 divina
1204 2420 1304 2444 natura
1323 2418 1518 2452 exterminant,
1540 2420 1723 2454 respondeant
1735 2429 1804 2457 quo-

1019 2462 1100 2490 tnodo
1130 2462 1259 2490 Servator
1280 2469 1373 2491 noster
1393 2464 1464 2491 Deus
1489 2465 1516 2492 in
1544 2465 1665 2494 humano
1687 2474 1803 2502 corpore

1017 2508 1171 2536 obversans
1191 2513 1314 2537 sanctum
1336 2510 1411 2537 illunt
1435 2509 1566 2545 Spiritum
1584 2512 1702 2540 voluerit
1724 2520 1802 2541 com-

1018 2553 1183 2588 plementmn
1200 2562 1260 2582 esse
1272 2554 1424 2589 Trinitatis,
1446 2560 1528 2591 atque
1547 2556 1575 2584 in
1593 2557 1727 2593 baptismo
1748 2567 1803 2587 una

1017 2607 1079 2626 cum
1105 2600 1185 2627 Patre
1215 2605 1243 2627 et
1272 2599 1350 2633 Filio,
1380 2606 1410 2628 ιιι
1438 2602 1485 2636 qui
1507 2602 1631 2631 homines
1650 2611 1664 2630 a
1681 2607 1801 2639 peccatis

1018 2645 1129 2678 liberet,
1154 2647 1293 2673 numerari
1316 2652 1398 2681 atque
1418 2647 1550 2675 invocari.
1572 2648 1606 2675 Et
1627 2649 1653 2676 in
1687 2652 1801 2685 mystica

1019 2699 1108 2725 caena,
1120 2699 1182 2719 cum
1195 2692 1313 2727 Spiritus
1334 2696 1446 2720 sanctus
1460 2701 1560 2728 corpus
1573 2695 1707 2722 incarnati
1719 2692 1803 2724 verbi

1021 2737 1129 2765 dicatur
1143 2737 1286 2769 formasse.
1307 2739 1445 2773 quomodo
1467 2740 1551 2773 possit
1570 2740 1657 2767 lactus
1678 2748 1737 2768 esse
1756 2745 1803 2768 aut

1021 2787 1143 2816 creatus,
1161 2787 1208 2810 aut
1226 2784 1333 2811 servilis
1350 2784 1527 2817 conditionis,
1551 2793 1605 2813 non
1624 2786 1803 2820 imperatricts

1020 2834 1136 2861 naturae,
1157 2837 1218 2863 qua:
1234 2836 1327 2857 omnes
1344 2837 1388 2857 res
1405 2829 1485 2858 efﬁcit
1498 2835 1578 2865 atque
1595 2831 1729 2865 gubernat
1743 2831 1754 2856 Ἰ
1773 2830 1802 2856 Si

1018 2874 1091 2902 enim
1105 2874 1198 2902 servili
1215 2879 1256 2902 est
1269 2879 1351 2909 statu,
1365 2883 1419 2905 non
1432 2876 1511 2905 debet
1524 2875 1698 2904 annumerari
1712 2875 1803 2903 Domi-
