2036 3153
120 184 168 217 569

667 189 943 222 HISTORIARUM
963 192 1232 228 COMPENDIUM.
1279 227 1282 229 λ

1696 196 1748 228 570

149 239 192 275 Τῷ
212 239 487 289 ρ’λὲτειῌΔυρῤάχιον
509 242 587 289 πόλις
600 243 652 279 τῆς
677 245 833 281 Δαλματίας
853 247 901 274 ὑπῆ

992 252 1072 280 Νοηο
1098 260 1171 281 anno
1200 252 1380 289 Dyrrachium
1407 251 1549 280 Dalmatiae
1575 251 1641 284 urbs
1668 255 1748 279 terra:

118 285 226 321 σεισμοῦ
240 284 386 322 διεφθάρη,
404 287 451 314 καὶ
470 286 564 324 Ῥώμη
576 289 605 315 ἐν
620 291 709 326 τρισὶν
717 292 906 319 ἐκινδύνευσεν

118 332 232 367 ἡμέραις
256 331 398 367 σειομένη,
424 331 475 368 τῆς
501 333 529 360 δὲ
558 334 729 369 Καμπανίας
761 336 794 372 ιβ’
812 337 906 370 πόλεις

118 377 310 412 διεφθάρησαν.
337 377 439 405 Ἐλθὼν
455 378 485 404 δὲ
503 379 692 414 Κωνστάντιος
706 383 746 414 εἰς
759 383 790 410 τὸ
802 383 907 415 Βυζάν-

118 432 167 450 τιον
181 423 289 450 Παῦλον
302 423 348 450 τὸν
368 424 517 451 ἐπίσκοπον
529 427 576 452 τοῦ
593 427 689 461 Θρόνου
708 429 844 464 ἀπήλασε,
855 431 906 458 καὶ

117 469 155 495 τὸν
166 469 351 496 ὰσεὸἐστατον
368 470 501 498 Εὐσέϐιον
513 472 558 498 τὸν
570 472 756 509 Νικομηδείας
767 476 906 511 εἰσήγαγε

117 516 267 551 λῃστρικῶς
277 517 325 543 καὶ
337 517 476 553 ἀθέσμοις.
499 518 528 544 τδ
543 519 598 546 τῶν
612 519 704 547 κακῶν
722 523 904 557 καταγώγιον.

116 563 165 589 Καὶ
189 563 414 590 συντελεσθεῖσαν
438 564 488 599 τὴν
511 564 558 591 τοῦ
583 565 651 592 Θεοῦ
670 567 791 601 μεγάλου
807 569 905 604 ἐκκλη-

119 608 174 634 σίαν
193 608 248 634 ὑπὸ
260 609 451 637 Κωνσταντίου
479 611 550 638 κατὰ
565 611 614 647 τὴν
625 612 784 647 ὲνδιάθηκον
796 614 905 650 ἐντολὴν

116 654 157 683 τοῦ
170 655 302 689 Μεγάλου
314 656 521 684 Κωνσταντίνου
536 657 663 690 Εὐσέϐιος
678 659 842 693 ἐγκαινίζει,
857 662 904 688 καὶ

114 701 145 726 τὰ
157 700 274 735 λείψανα
295 702 350 728 ἀπὸ
379 703 545 738 Ἀντιοχείας
573 704 681 737 κομίζει
703 706 751 732 καὶ
775 707 804 733 ὲν
829 707 904 743 αὑτῴ

114 747 275 783 κατατίθησι
286 748 334 775 τοῦ
352 749 431 783 ἁγίου
454 750 592 787 μάρτυρος
614 752 759 788 Παμφίλου
783 753 829 781 καὶ
851 754 905 780 τῶν

115 794 159 819 σὺν
172 793 260 828 αὐτῷ,
273 795 430 828 Θεοδοὺλου,
446 797 602 832 Πορφυρξου
618 799 666 825 καὶ
677 799 794 827 Παύλου.
811 800 904 834 Ἀλεξ-

114 840 216 874 αίδρείς
231 839 260 866 δὲ
277 840 428 876 Γρηγὸριον
439 842 594 878 λῃστρικῶς
611 844 655 880 [Ρ.
684 845 749 881 299]
771 846 905 873 ὲπιὸάντα

114 885 156 911 τοῦ
169 886 266 920 θρόνου
286 887 493 924 Ἀλεξανδρείας
506 890 553 916 καὶ
569 891 614 916 τὸν
632 891 719 926 μέγαν
742 892 903 920 ’Λϐανάσιον

959 303 1033 325 tnotu
1050 298 1139 333 periit.
1159 298 1198 325 Ac
1216 297 1301 325 Roma
1317 298 1400 325 etiam
1417 305 1466 333 per
1493 297 1612 324 triduum
1639 297 1748 332 pericu-

958 344 1016 371 lose
1031 344 1153 377 lremuit,
1167 344 1311 372 duodecim
1324 343 1481 378 Campaniae
1497 343 1579 371 urbes
1595 343 1747 378 perierunt.

958 389 1038 425 523
1064 390 1246 418 Constantius
1272 394 1303 417 ut
1320 390 1588 426 Byzantium‘venit,
1604 389 1748 424 cpiscopJ—

959 441 1014 464 tum
1029 435 1105 469 Pauli
1122 436 1235 468 ademit,
1250 437 1503 471 impiissimumque
1522 435 1668 463 Eusebium
1684 435 1750 471 (tui-‘

957 483 1030 510 nime
1047 491 1097 510 suo
1113 483 1216 510 nomini
1234 482 1457 518 respondentem)
1474 482 1640 515 introduxit,
1663 482 1749 509 latro-

957 529 1031 556 cinio
1049 529 1152 564 injusto
1176 529 1256 556 malis
1285 530 1390 564 asylum
1414 529 1552 564 aperiens.
1567 528 1641 556 ldem
1659 528 1748 555 Euse-

957 575 1020 603 bius
1047 576 1136 611 magni
1155 575 1200 603 Dei
1223 577 1355 610 templum
1369 583 1383 602 a
1396 575 1559 602 Constantio
1577 575 1746 607 absolutum,

957 622 1039 650 sicuti
1056 622 1256 648 Constantinus
1283 625 1449 648 testamento
1466 621 1655 652 mandaverat,
1674 619 1749 646 dedi-

961 668 1054 701 cavit;
1070 672 1151 703 atque
1165 667 1310 694 Antiochia
1328 667 1425 694 allatas
1440 672 1598 694 sanctorum
1615 664 1748 697 Pamphili

958 714 1086 749 martyris
1106 717 1133 741 et
1155 713 1448 745 sociorumThcoduli,
1466 711 1608 746 Porphyrii
1625 718 1658 737 at:
1672 709 1748 737 Pauli

957 760 1088 793 reliquias
1104 761 1130 786 in
1152 767 1184 787 eo
1199 759 1338 794 deposuit.
1363 758 1543 786 Alexandrini
1574 762 1665 784 autem
1681 756 1748 783 Gre-

956 806 1074 842 gorium,
1100 806 1147 841 qui
1175 806 1364 841 episcopatum
1382 805 1526 832 latrocinio
1552 806 1747 838 occupaverat,

957 858 1142 884 magnumque
1157 850 1341 878 Athanasium
1365 856 1414 883 per
1429 848 1591 876 sexennium
1618 846 1680 874 inde
1703 853 1749 872 ar-

955 901 1062 928 cuerat,
1081 895 1290 923 interfecerunt.
1305 895 1334 921 ln
1347 894 1407 929 ejus
1428 895 1516 921 locum
1533 892 1699 926 subrogatur
1713 890 1749 917 ab

116 931 300 964 ἀποδιώξαντα
312 935 358 960 ἐπὶ
372 934 401 966 ἓξ
413 935 503 962 ἐτεσιν
515 936 632 964 ἀνεῖλον.
646 938 700 963 Kal.
709 941 901 974 χειροτονεῖται

956 942 1066 969 Arianis
1090 941 1225 977 Georgius
1250 948 1346 969 eorum
1369 945 1460 973 sectae,
1491 943 1646 966 monstrum
1676 937 1748 972 Cap—

117 978 164 1004 ὑπὺ
187 978 338 1013 Ἀρειανῶν
367 980 504 1016 Γεώργιος
518 982 655 1018 ἀρειανὺς,
671 983 754 1020 τέρας
780 993 806 1011 τι
824 986 904 1012 Καπ-

119 1023 212 1049 παδόκε
217 1033 265 1051 ιον.

150 1069 192 1104 Τῷ
204 1074 220 1096 ι’
231 1071 285 1097 ἔτει
295 1072 482 1105 Κωνστάντιος
492 1074 537 1101 τὸν
547 1075 577 1101 ὲν
589 1074 735 1111 Σελευκείᾳ
745 1076 796 1111 τῆς
805 1077 906 1112 Συρίας

121 1116 209 1151 λιμένα
222 1118 388 1153 πεποίηκεν,
398 1119 461 1154 ὅρος
488 1121 537 1147 ἐπὶ
553 1121 621 1148 πολὺ
636 1122 783 1157 διατεμὼν,
794 1124 843 1150 καὶ
855 1124 905 1157 τὴν

122 1161 190 1188 πόλιν
200 1164 406 1199 ἀνῳκοδόμησε.
423 1167 477 1192 Kal.
489 1167 538 1201 τὴν
562 1167 727 1202 ’Λντάραδον
741 1169 770 1195 ὲν
793 1170 903 1206 Φοινίκῃ

123 1208 229 1241 ἔκτισεν,
245 1210 279 1244 ἣν
295 1211 504 1240 Κωνσταντείαν
516 1214 654 1248 ὠνόμασε.
671 1214 716 1250 Τῷ
731 1215 754 1242 δ’
767 1216 840 1252 αὑτῷ
849 1217 903 1244 ἔτει

122 1255 232 1290 ἔκλειψις
249 1257 358 1290 ἐγένετο
375 1258 462 1293 ἡλίου,
476 1262 542 1296 μηνὶ
555 1261 657 1297 Δαισίῳ
669 1262 708 1294 ς’,
726 1263 830 1298 ἡμέρας
844 1264 904 1299 ὥρᾳ

121 1301 200 1336 τρίτῃ.
217 1303 272 1328 Καὶ
291 1303 316 1329 οἱ
333 1304 516 1337 ἀπελαθέντες
536 1307 672 1342 ὀροόδοξοι
685 1309 829 1337 ἐπίσκοποι
846 1310 904 1346 ἅμα

127 1348 267 1384 ἈἾανα-ιίῳ
280 1349 328 1385 τὴν
350 1349 461 1386 Ῥώμην
476 1353 750 1389 καταλαμὸἀνουσιν.

152 1395 191 1431 Τῷ
209 1397 238 1423 δὲ
266 1397 301 1423 ια’
329 1398 383 1424 ἔτει
413 1399 580 1434 γράμμασιν
617 1401 729 1428 Ἰουλίου
751 1402 799 1429 τοῦ
827 1403 905 1430 πάπα

124 1442 224 1477 Ῥώμης
237 1442 427 1478 θαρρήσαντες
441 1446 504 1477 τοὺς
519 1446 600 1478 ἰδίους
608 1446 720 1480 θρόνους
735 1449 886 1476 κατέλαὸον
895 1467 903 1476 .

119 1488 307 1521 Κωνστάντιος
323 1490 352 1516 δὲ
370 1491 399 1516 ὲν
420 1490 572 1527 ’Λντιοχείᾳ
582 1492 684 1527 διάγων
713 1493 825 1525 τούτους
851 1495 905 1521 ἀπ-

117 1534 208 1567 ήλασεν
223 1535 345 1570 ὑποῦολῇ
357 1535 412 1562 τῶν
429 1537 586 1572 ’Δρειανῶν.

956 988 1055 1023 padox.

993 1077 1104 1105 Decimo
1119 1084 1193 1104 anno
1214 1076 1399 1104 Constantius
1414 1079 1524 1110 portum
1548 1073 1680 1101 Seleucia:
1695 1072 1747 1108 Sy-

955 1125 1002 1152 riae
1017 1125 1181 1156 construxit,
1195 1124 1298 1151 montis
1311 1130 1411 1158 magna
1427 1127 1502 1157 parte
1518 1120 1622 1150 excisa,
1637 1119 1748 1147 urbem-

955 1179 1008 1206 que
1020 1171 1126 1198 rel'ecit.
1136 1170 1267 1198 Condidit
1278 1170 1360 1197 etiam
1369 1168 1538 1196 Antaradum
1557 1168 1583 1194 in
1595 1166 1747 1199 thnicia,

956 1221 984 1244 et
1004 1217 1196 1245 Constantiam
1215 1217 1377 1244 nominavit.
1405 1215 1507 1243 Eodem
1524 1221 1596 1241 anno
1623 1213 1748 1241 defectus

954 1265 1091 1298 solisl'uit,
1101 1268 1177 1292 sexta
1186 1265 1289 1292 mensis
1298 1263 1375 1291 Dmii
1390 1263 1444 1294 die.
1459 1263 1525 1290 hora
1534 1262 1588 1289 diei
1603 1262 1693 1288 tertia.
1712 1260 1748 1288 Et

955 1311 1079 1347 episcopi
1093 1319 1184 1339 veram
1200 1311 1361 1346 religionem
1375 1315 1494 1339 tuentes.
1514 1309 1559 1343 qui
1576 1309 1603 1335 in
1617 1307 1746 1334 exsilium

955 1358 1008 1384 acti
1027 1361 1115 1389 erant,
1133 1365 1195 1384 curn
1210 1357 1360 1384 Athanasio
1380 1356 1494 1383 Romam
1511 1359 1707 1390 perm-nerunt.

995 1403 1145 1431 Undecimo
1162 1410 1237 1430 anno
1254 1403 1336 1430 iidem
1355 1402 1453 1429 litteris
1468 1401 1531 1428 Julii
1547 1407 1624 1435 papa).
1644 1398 1746 1426 Roma-

957 1450 984 1476 ni
1016 1449 1077 1476 freti
1109 1457 1158 1476 sua
1189 1449 1259 1476 solia
1289 1453 1536 1484 recuperaverunt.
1565 1445 1744 1472 Constantius

956 1499 1047 1523 autem
1073 1495 1227 1522 Antiochia:
1242 1495 1345 1530 degens
1361 1494 1493 1521 instinctu
1516 1492 1681 1520 Arianorum
1698 1498 1745 1518 eos

957 1542 1062 1576 abegit.

147 1579 189 1614 Τῷ
205 1581 238 1614 ιβ’
253 1581 309 1607 ἔτει
330 1582 442 1616 σεισμὸς
455 1583 542 1617 μέγας
555 1584 664 1618 ἐγένετο
678 1586 706 1612 ἐν
723 1585 836 1622 Βηρυτῷ
851 1587 901 1622 τῆς

994 1586 1161 1614 Duodectmo
1179 1593 1252 1613 anno
1277 1589 1359 1614 terrae
1384 1588 1477 1612 motus
1492 1584 1623 1619 majorem
1654 1582 1747 1618 Beryti

114 1626 246 1661 Φοινίκης,
264 1627 302 1658 ὠς
319 1627 351 1653 τὸ
360 1628 452 1655 πλεῖον
466 1629 514 1664 τῆς
532 1630 639 1662 πόλεως
654 1633 758 1659 πεσεῖν.

145 1671 189 1706 Τῷ
203 1670 239 1705 ιγ’
254 1671 310 1698 ἔτει
334 1672 473 1710 Σαπώρης
501 1675 608 1711 Πέρσης
629 1677 678 1711 τὴν
701 1678 808 1704 Νίσιϐιν
824 1678 902 1704 πόλιν

112 1718 239 1749 ποικίλως
259 1719 493 1754 παρακαθεσθεὶς,
509 1721 555 1747 τόν
579 1730 608 1748 τε
627 1723 751 1758 ποταμὸν
763 1723 832 1751 κατὰ
850 1725 900 1759 τῆς

111 1764 338 1800 πόλεωςκινήσας
367 1765 416 1792 καὶ
429 1767 560 1799 παντοίας
579 1769 705 1803 μηχανὰς
726 1770 841 1805 ποιήσας
851 1771 901 1805 ἠτ-

111 1810 187 1846 τήθη,
209 1811 258 1838 καὶ
281 1812 392 1846 φεύγων
414 1813 455 1844 εἰς
472 1813 522 1849 τὴν
553 1814 658 1842 οἰκείαν
681 1815 857 1851 ὑπεχώρησε,
871 1817 902 1843 τὸ

112 1857 236 1883 πλεῖστον
247 1858 295 1884 τοῦ
306 1858 373 1884 λαοῦ
387 1859 470 1885 αὐτοῦ
483 1859 634 1892 ἀπολέσας.

144 1902 189 1937 Τῷ
207 1903 237 1930 ιδ’
252 1903 307 1930 ἔτει
323 1904 514 1937 Κωνστάντιος
529 1905 576 1932 τὸν
589 1906 699 1941 ἀνεψιὸν
715 1907 816 1934 Γάλλον
831 1908 901 1935 Καί-

112 1957 179 1984 σαρα
189 1949 382 1984 ἀναγορεύσας
395 1951 444 1977 καὶ
462 1952 652 1979 Κωνστάντιον
666 1954 855 1987 μετονομάσας
872 1955 901 1981 ἐν

110 1996 141 2030 τῇ
157 1995 289 2031 ’Δνατολῇ
306 1996 477 2023 ἀπέστειλεν.

143 2041 189 2077 Τῷ
208 2046 240 2069 ιε’
265 2042 322 2069 ἔτει
348 2043 373 2069 οί
390 2043 418 2069 ὲν
434 2044 467 2078 τῇ
490 2040 620 2079 ’Δνατολῇ
650 2045 699 2078 τῆς
719 2045 901 2080 Παλαιστῖνης

116 2087 238 2115 Ἰουδαῖοι
250 2088 384 2122 ἁντῆραν,
406 2089 453 2115 καὶ
469 2089 583 2120 πολλοὺς
595 2090 649 2115 τῶν
670 2090 803 2125 Ἐλλήνων
815 2091 900 2117 ἐθνῶν

110 2141 138 2159 τε
152 2134 200 2160 καὶ
215 2134 397 2169 Σαμαρειτῶν
411 2135 526 2161 ἀνεῖλον.
549 2135 629 2162 Ἀλλὰ
644 2136 690 2162 καὶ
703 2137 780 2163 αὐτοὶ
794 2145 900 2170 παγγε-

109 2180 148 2205 νεὶ
164 2180 218 2206 ὑπὸ
238 2180 386 2215 Ῥωμαίων
401 2180 588 2216 ἀνῃρέθησαν.
610 2183 686 2217 καὶὴ
704 2182 784 2213 πόλις
810 2184 899 2210 αὐτῶν

109 2226 301 2261 Διοκαισάρεια
316 2225 463 2261 ἠφανίσθη.
475 2226 520 2262 Τῷ
531 2227 605 2262 αὑτῷ
617 2227 672 2253 ἔτει
689 2229 704 2254 ὁ
719 2229 807 2264 μέγας
819 2229 899 2256 Ἀθα-

956 1633 1035 1667 (urbs
1054 1638 1096 1660 est
1113 1632 1271 1667 thnicize)
1286 1635 1391 1666 partem
1407 1630 1517 1658 evertit.

989 1678 1165 1714 525Anno
1197 1679 1231 1706 13
1247 1677 1367 1713 Sapores
1394 1677 1478 1704 Persa
1509 1676 1616 1703 Nisibin
1648 1675 1744 1702 urbem

954 1725 1045 1753 omnis
1083 1725 1194 1760 generis
1227 1723 1434 1759 oppugnatione
1465 1723 1599 1755 tentavit;
1636 1729 1745 1748 amnem

952 1778 1062 1806 quoque
1073 1771 1206 1798 adversus
1218 1770 1313 1798 urbem
1330 1769 1480 1797 concitavit
1494 1773 1575 1803 atque
1589 1767 1745 1802 omnigenis

953 1817 1089 1845 machinis
1101 1817 1283 1852 oppugnavit.
1298 1815 1395 1843 Victus
1412 1821 1503 1842 tamen
1519 1814 1637 1841 maxima
1652 1814 1745 1848 copia-

953 1869 1013 1890 rnm
1033 1867 1110 1897 parte
1128 1862 1230 1889 amissa
1247 1861 1358 1889 domum
1388 1860 1513 1888 recessit.

987 1909 1066 1935 Anno
1080 1909 1114 1935 Η
1128 1908 1310 1935 Constantius
1329 1906 1436 1934 Gallum
1449 1906 1646 1934 consobrinum
1664 1912 1745 1932 suum

952 1954 1088 1982 Caesarem
1107 1953 1273 1989 designavit,
1291 1952 1404 1980 nomine
1431 1951 1587 1980 Constantii
1607 1950 1706 1983 indito,
1718 1955 1745 1978 et

952 2001 980 2027 in
994 1999 1134 2027 Orientem
1160 1998 1247 2026 misit.

987 2047 1066 2073 Anno
1101 2046 1134 2073 i5
1153 2045 1241 2072 Judaei
1278 2045 1305 2072 in
1335 2044 1481 2073 Palestina
1527 2044 1741 2074 reliellaveruut,

951 2092 1109 2126 multosque
1124 2091 1249 2124 Graecos,
1261 2091 1415 2119 Samaritas
1435 2095 1462 2119 et
1475 2091 1643 2126 alienigenas
1657 2089 1745 2117 truci—

952 2139 1099 2166 daverunt.
1129 2138 1191 2166 Mox
1213 2138 1265 2174 ipsi
1282 2146 1297 2165 a
1327 2138 1461 2166 Romanis
1488 2138 1631 2165 occidione
1657 2137 1741 2164 oecis.

951 2190 1025 2217 sunt.
1047 2185 1168 2220 urbsque
1197 2192 1292 2212 eorum
1320 2184 1489 2212 Diocaesarea
1519 2184 1618 2211 deleta.
1642 2183 1742 2210 Eodem

951 2241 1023 2261 anno
1038 2241 1155 2269 magnus
1176 2234 1348 2261 Athanasius
1363 2241 1377 2260 a
1396 2233 1559 2260 Constantio
1575 2233 1601 2259 in
1633 2231 1742 2257 Britan-

107 2272 198 2304 νάσιος
210 2272 264 2299 ὑπὸ
277 2273 469 2299 Κωνσταντίου
485 2274 556 2299 κατὰ
568 2274 619 2309 τὴν
627 2274 795 2308 Βρεττανίαν
811 2275 897 2310 ἐξορί-

954 2280 1026 2306 niam
1042 2281 1214 2315 deportatur.
1231 2281 1311 2314 eique
1340 2279 1416 2306 Felix
1434 2279 1622 2307 substituitur.
1640 2276 1743 2304 Medio-

108 2318 193 2352 ζεται,
206 2319 256 2346 καὶ
266 2319 350 2354 Φῆλιξ
372 2319 430 2346 ἀντ’
446 2319 529 2346 αὐτοῦ
546 2322 752 2356 χειροτονεῖται.
774 2322 817 2348 Ἐν
840 2323 898 2349 Με-

106 2364 239 2397 ancilium;
252 2365 280 2391 δὲ
300 2365 409 2396 σύνοδος
427 2364 480 2391 τῶν
511 2365 642 2400 Πατέρων
666 2366 895 2401 συναθροισθεῖσα

107 2411 186 2437 πάλιν
202 2410 346 2446 ἄπρακτος
363 2411 516 2438 διαλύεται.

140 2456 188 2493 Τῷ
211 2460 247 2493 ιη’
263 2457 318 2483 ἔτει
337 2457 437 2490 Γάλλος
456 2459 603 2494 τυραννίδα
622 2459 773 2494 μελετήσας
798 2461 898 2487 κτείνει

110 2504 271 2539 Δομετιανὸν
281 2503 403 2540 ἔπαρχον
428 2506 478 2540 τῆς
504 2505 590 2541 Ἐῴας
619 2507 667 2533 καὶ
683 2506 794 2541 Μάγνον
809 2508 898 2534 zona!-

110 2558 209 2586 στωρα,
227 2550 263 2577 τὰ
277 2550 327 2585 τῆς
348 2551 495 2586 ἐπιϐουλῆς
517 2552 700 2588 Κωνσταντίῳ
719 2553 896 2588 μηνύσαντα·

110 2597 137 2622 ὃν
156 2597 409 2632 μεταπεμψάμενος
431 2599 624 2630 Κωνστάντιος
651 2599 715 2634 περὶ
742 2598 898 2635 Θαλαμῶνα

111 2641 157 2676 τὴν
171 2642 255 2678 νῆσον
269 2643 326 2677 (99)
343 2644 461 2679 ἀναιρεῖ.
477 2643 529 2671 Τὸν
546 2645 574 2671 δὲ
593 2645 691 2672 τούτου
704 2645 819 2680 ἀδελφὸν
835 2645 901 2672 ’1ου-

110 2687 196 2716 λιανὸν
207 2689 238 2715 ὲν
252 2690 362 2725 φρουρᾷ
371 2690 514 2726 κατέσχεν.
530 2690 648 2719 Εὐσεὸία
658 2691 687 2717 δὲ
703 2692 720 2727 ἡ
731 2691 839 2727 γαμετὴ
851 2692 898 2718 τοῦ

111 2732 240 2767 βασιλέως
254 2734 351 2761 τοῦτον
365 2735 568 2772 ἐξαιτησαμένη
586 2737 616 2763 ὲν
639 2736 766 2772 Ἀθήναις
783 2737 897 2773 πέμπει.

953 2325 1008 2352 lani
1037 2333 1147 2361 quoque
1173 2326 1320 2354 concilium
1349 2325 1463 2352 Patrum
1495 2329 1690 2360 congregatum
1713 2329 1742 2349 re

953 2371 1053 2398 inlecta
1066 2372 1188 2399 solutum
1211 2376 1263 2399 est.

990 2460 1070 2487 Anno
1086 2459 1119 2488 18
1143 2459 1239 2488 Gallus
1266 2461 1437 2496 tyrannidem
1463 2460 1595 2488 affectans
1611 2459 1743 2487 Domitia-

953 2513 1018 2533 num
1040 2505 1162 2534 Orientis
1192 2507 1350 2541 praefectum
1374 2511 1454 2534 necat
1470 2511 1498 2534 et
1521 2506 1648 2542 Magnum
1665 2515 1741 2541 quau

950 2556 1064 2586 storem,
1072 2553 1117 2588 qui
1127 2553 1243 2581 insidias
1250 2553 1413 2581 Constantio
1423 2553 1742 2582 indicaverat.Constan-

954 2600 1009 2627 tius
1025 2599 1133 2627 Gallum
1147 2603 1292 2627 evocatum
1320 2600 1393 2635 apud
1414 2600 1532 2628 insulam
1545 2600 1740 2628 Thalamotmm

952 2644 1096 2676 interﬁcit,
1133 2644 1275 2672 Julianum
1321 2646 1432 2673 fratrem
1461 2646 1523 2680 ejus
1556 2647 1581 2672 in
1615 2647 1739 2674 custodia

951 2690 1066 2718 detinet.
1084 2690 1170 2724 Quem
1188 2691 1308 2719 Eusebia
1326 2691 1503 2727 imperatoris
1525 2700 1593 2720 uxor
1612 2694 1740 2728 pre-ribus

952 2738 1099 2766 liberatutn
1143 2739 1264 2768 Athenas
1306 2740 1399 2767 mittit.
1434 2740 1561 2768 Julianus
1602 2742 1738 2776 permissu

675 2820 850 2849 XYLANDR!
865 2821 909 2850 ΕΤ
920 2821 1024 2850 GOARI
1038 2821 1154 2852 ΝΟΤᾹΞ.

147 2876 199 2910 (99)
235 2877 314 2915 A_pud
346 2878 527 2915 soletncnum
555 2878 661 2915 legitur
687 2879 819 2907 Φλάϐωνα
847 2881 891 2915 νῆ-

115 2918 168 2945 σον,
194 2920 230 2947 ιν,
244 2912 271 2941 7.
300 2912 378 2948 Apud
396 2914 468 2942 hunc
479 2918 505 2942 et
524 2912 627 2949 reliqua
646 2914 735 2944 iusius
750 2912 883 2944 enarran-

947 2883 1001 2917 tur.
1020 2878 1194 2917 Marcellinus
1209 2881 1316 2909 Gallum
1332 2882 1505 2910 interiectum
1541 2884 1612 2917 apud
1639 2882 1732 2910 l’otam

939 2914 1025 2944 lstrite
1042 2915 1080 2943 ait
1100 2923 1184 2952 prope
1199 2917 1281 2946 linem
1293 2917 1312 2945 Ι.
1324 2926 1378 2947 xw.
1403 2917 1469 2946 Χγι..
