2036 3153
128 182 158 214 5'3
164 183 180 213 3

677 182 950 213 HISTORIARUM
968 182 1230 216 COMPENDIUM.

1701 189 1754 220 δτι

134 238 278 266 Ἰουλιανον
296 237 478 273 ὑπέστρεψεν.
495 237 526 263 Ὀ
543 237 571 264 δὲ
597 237 646 272 τὴν
673 238 764 265 αἰτίαν
783 238 832 272 τῆς
851 237 916 272 βρα-

970 237 1010 263 rit.
1024 236 1134 264 Juliano
1160 245 1272 266 causam
1298 246 1382 267 morae
1397 238 1565 273 sciscitante,
1585 239 1644 268 Non
1662 242 1753 269 modo.

129 286 242 319 δύτητος
268 283 432 320 ἠρώτησεν·
461 283 598 319 ἀπεκρίθη
614 283 642 310 δὲ
668 283 743 319 αὐτῷ
767 285 781 310 ὁ
799 283 915 318 δαίμων·

132 331 184 357 Καὶ
209 329 346 363 ὲῦράδυνα
370 328 418 355 καὶ
441 328 582 364 ἄπρακτος
598 328 703 363 ἔμεινα.
726 327 918 362 Ἐκδεχόμενος

130 377 183 411 γὰρ
196 374 335 401 Πούπλιὸν
347 383 408 401 τινα
432 374 592 409 μονάζοντα,
610 374 636 400 εἴ
650 382 707 406 πως
720 374 853 401 παύσεται
869 373 919 408 τῆς

131 421 299 458 προσευχῆς,
308 421 357 448 καὶ
369 420 406 455 μὴ
418 421 593 455 παυσάμενος
606 420 711 456 ἡμέρας
723 420 788 447 δέκα
799 419 918 446 ἐκώλυσὲ

134 477 166 503 με
180 467 297 502 ποιῆσαι
312 467 343 493 τὸ
357 466 464 501 θέλημά
480 475 537 493 σου.
552 466 608 493 Καὶ
623 466 702 492 τοῦτο
717 466 836 497 ἀκούσας
850 465 918 492 Ἰου-

131 513 221 543 λιανὸς
237 512 285 538 καὶ
299 512 402 546 σφόδρα
419 512 614 547 ἀγανακτήσας
633 511 837 547 προσηπείλησε
850 511 919 546 μετὰ

129 558 178 592 τὴν
194 556 371 593 ὑποστροφὴν
393 557 583 592 ὲξολοθρεῦσαι
603 558 634 584 τὺ
653 558 706 584 τῶν
723 557 766 594 [Ρ.
789 557 854 594 50!]
875 567 920 592 μο-

131 603 221 638 ναχῶν
255 603 448 638 γένος.“’οπερ
477 602 571 638 μαθών
597 612 639 635 τις
666 604 720 630 τῶν
750 604 919 638 μεγιστάνων

132 649 214 676 αὐτοῦ
227 649 276 676 καὶ
294 648 448 683 θαυμάσας,
467 649 624 676 ἐπανελθὼν
639 649 758 684 διένειμε
776 649 812 675 τὰ
831 649 918 683 ὑπάρ-

130 703 213 730 χοντα
227 694 314 721 αὐτοῦ
331 695 421 721 πάντα
441 695 538 729 πένησι
553 695 600 721 καὶ
614 694 720 729 ἀπῆλθε
733 694 799 729 πρὸς
812 694 859 720 τὸν
875 694 921 727 γέ-

132 750 226 776 ροντα.
252 740 309 767 Καὶ
333 741 479 775 γενόμενος
495 741 608 775 δόκιμος
632 741 671 775 (5)
704 741 819 774 μοναχὺς
836 741 919 767 πᾶσιν

131 788 206 821 ἔλεγε
220 787 270 822 τὴν
284 787 362 822 lexin
372 786 426 812 τῶν
444 786 625 820 μοναζόντων,
637 785 668 820 ἢν
680 785 776 812 ἔλαϐον
787 786 857 812 κατὰ
866 784 919 811 τῶν

132 831 373 866 σκοτεινομόρφων
387 831 530 865 δαιμόνων.

171 878 216 904 Ἐν
237 877 266 904 δὲ
281 877 400 912 Κάραις,
413 878 445 912 τῇ
464 877 539 911 παρὰ
557 875 603 902 τοῦ
620 876 712 912 Κάρου
726 875 771 902 τοῦ
787 875 918 910 βασιλέως

132 923 276 959 κτισθείσῃ
295 922 381 954 πόλει,
398 922 448 956 τὴν
470 922 539 958 πρὸς
561 922 669 958 Πέρσας
692 922 854 956 ποιούμενος
868 931 918 948 πο-

132 968 218 1002 ρείαν,
235 966 365 994 εἰσελθὼν
385 967 431 993 καὶ
455 966 484 992 ἓν
507 975 560 992 τινι
577 966 722 993 καταδύσει
747 966 841 998 θυσίας
855 967 920 992 ἀκα-

133 1014 248 1048 θάρτους
279 1013 449 1045 ἐπιτελέσας,
476 1012 588 1047 κλεῖθρα
616 1013 662 1039 καὶ
691 1013 835 1047 σὴμαντρα
860 1013 919 1044 ταῖς

133 1059 232 1094 θύραις
263 1058 382 1092 ἐπέθηκε
403 1058 458 1084 ’καὶ
486 1057 610 1091 φύλακας
640 1058 807 1090 ἐπέστησεν·
831 1057 919 1092 ἤνπερ

132 1105 288 1137 ἀνοίξαντες
299 1104 373 1139 μετὰ
392 1103 441 1138 τὴν
465 1104 569 1129 ἐκείνου
586 1102 699 1132 πτῶσιν.
715 1099 794 1136 εὗρον
809 1102 920 1136 γύναιον

133 1151 163 1177 ὲκ
174 1149 229 1176 τῶν
245 1149 348 1184 τριχῶν
358 1148 532 1184 κρεμάμενον
543 1148 589 1174 καὶ
601 1147 786 1182 ἐκτεταμέναις
798 1147 858 1182 ἔχον
871 1148 920 1180 τὰς

134 1198 240 1233 χεῖρας,
263 1193 297 1233 ἦς
322 1195 471 1230 ἀνασχίσας
488 1196 502 1222 ὁ
527 1194 699 1229 ἄσπλαγχνος
725 1193 774 1228 τὴν
799 1194 920 1229 γαστέρα

132 1243 181 1278 τὴν
204 1242 276 1268 κατὰ
298 1240 412 1277 Περσῶν
434 1239 569 1275 δήπουθεν
591 1239 662 1274 ἔγνω
683 1239 727 1265 διὰ
746 1239 793 1266 τοῦ
816 1240 921 1274 ἥπατος

138 1290 224 1323 νεκην.
250 1289 297 1315 Ἐν
315 1289 344 1315 δὲ
358 1288 510 1323 Ἀντιοχείᾳ
525 1287 608 1314 πολλὰ
627 1287 677 1323 μὲν
691 1287 775 1314 κιΰὼτ
782 1297 807 1313 ια
825 1289 853 1314 ὲν
865 1289 920 1319 τοῖς

135 1334 282 1369 βασιλείοις
297 1335 423 1368 κεφαλῶν
439 1334 590 1368 ἀνθρώπων
608 1334 821 1369 πεπληρωμένα,
837 1333 921 1360 πολλὰ

134 1381 160 1407 δὲ
177 1380 285 1415 φρέατα
299 1380 406 1416 νεκρῶν
424 1379 559 1414 σωμάτων
575 1376 654 1414 εὗρον
665 1379 846 1413 πεπλησμένα
857 1388 862 1394 ·
875 1379 921 1405 καὶ

135 1426 185 1460 γάρ
205 1426 308 1461 μυρίας
330 1426 379 1460 μὲν
391 1426 525 1459 γυναῖκας
541 1425 569 1451 tv
585 1425 682 1459 γαστρὶ
700 1425 814 1459 ἐχούσας
826 1425 921 1452 ἀνατε-

137 1471 192 1505 μὼν
205 1471 254 1498 καὶ
279 1472 308 1497 tv
330 1472 385 1502 τοῖς
409 1471 538 1506 ἐμϐρύοις
562 1470 855 1505 ἡπατοσκοπούμενος,
874 1471 921 1498 καὶ

138 1518 220 1544 πολλὰ
232 1517 327 1544 παιδία
339 1516 529 1551 κατασφάξας.
542 1516 595 1543 ὑπὸ
607 1515 642 1542 τὰ
655 1516 750 1543 εἴδωλα
765 1516 920 1552 κατώρυξεν

971 283 1061 317 inquit
1081 283 1201 316 daemon,
1229 284 1317 316 tarde,
1341 285 1387 312 sed
1408 285 1491 312 etiam
1509 292 1539 313 re
1555 286 1654 313 infecta
1674 287 1754 314 redii.

970 327 1169 362 Exspectabam
1183 330 1255 357 enim
1271 330 1336 357 dum
1352 331 1464 359 Publius
1475 332 1587 367 quidam
1605 333 1755 361 mouachus

969 375 1097 408 precandi
1113 375 1192 402 tinem
1212 374 1323 404 faceret.
1340 377 1390 409 Qui
1411 385 1472 404 cum
1489 378 1582 406 decem
1595 378 1653 406 dies
1669 379 1756 406 conti-

969 425 1066 447 nenter
1080 427 1248 455 precaretur,
1261 430 1314 449 non
1329 423 1402 456 potui
1415 423 1523 457 jussum
1543 429 1618 450 tuum
1631 425 1754 459 exsequi.

969 465 1026 493 Hoc
1052 466 1146 493 audito
1176 467 1314 499 Julianus,
1335 469 1409 501 gravi
1438 469 1626 504 indignalioue
1661 472 1755 498 conci-

970 516 1024 543 tus,
1042 511 1161 539 minatus
1177 517 1218 538 ost
1232 520 1261 539 se
1277 520 1291 538 ιι
1307 513 1394 539 reditu
1411 519 1523 548 gentem
1557 515 1755 542 monachorum

969 556 1134 583 deletorum.
1160 555 1217 583 Hoc
1232 565 1294 583 cum
1309 557 1418 591 quidam
1440 565 1583 592 procerum
1601 559 1661 593 ejus
1679 560 1757 586 inau-

971 602 1096 633 divisset,
1114 602 1298 629 admiratione
1313 611 1419 629 summa
1443 603 1541 630 ductus
1561 609 1621 639 post
1638 606 1755 632 reditum

971 655 1050 675 suum
1078 648 1169 674 omnia
1191 655 1240 674 sua
1274 648 1440 683 pauperibus
1456 649 1605 681 distribuit,
1625 654 1705 685 atque
1722 650 1756 677 ad

971 700 1064 720 senem
1084 693 1167 720 istum
1189 693 1329 726 profectus
1345 695 1493 729 pra-clarus
1508 696 1660 722 monachus
1676 696 1755 731 527

969 739 1068 772 evasit,
1097 740 1224 767 omnibus
1252 741 1403 774 pra‘dicans
1434 741 1630 767 monachorum
1647 742 1700 767 vitii
1724 749 1757 769 ac

970 789 1133 820 potestatem
1165 793 1218 820 qua
1250 785 1384 813 adversus
1417 787 1591 814 tenebriones
1617 786 1757 815 dmutonas

971 835 1036 857 sunt
1056 838 1111 865 prae
1123 830 1173 857 liti.

1006 876 1093 904 Porro
1123 876 1250 904 Julianus
1277 877 1382 909 Carris,
1412 885 1471 912 qua:
1488 878 1553 905 urbs
1584 881 1657 905 esta
1686 877 1757 905 Caro

972 923 1136 956 imperatore
1152 922 1276 953 condita,
1293 923 1344 949 iter
1361 923 1387 949 in
1411 923 1509 951 Persas
1526 923 1629 950 faciens
1644 923 1757 958 spelun-

971 975 1031 994 cam
1058 971 1205 1003 quamdam
1222 970 1318 999 subiit.
1337 971 1429 1005 ibique
1450 972 1573 998 εει-ιρειὶε
1588 972 1675 998 sacris
1692 979 1758 1005 ope-

971 1018 1046 1040 ratus
1063 1013 1135 1041 fores
1150 1015 1220 1042 seris
1244 1017 1361 1043 occlusit
1378 1024 1409 1043 ac
1427 1017 1611 1051 eonsignmit.
1631 1017 1757 1051 app0sita

970 1060 1105 1087 custodia.
1122 1060 1228 1093 Quibus
1252 1060 1368 1093 foribus,
1400 1069 1434 1088 eo
1460 1061 1615 1091 interiecto.
1643 1062 1756 1095 apertis,

972 1105 1082 1132 inventa
1098 1111 1140 1132 est
1169 1106 1331 1133 muliercula
1350 1107 1456 1141 capillis
1472 1114 1618 1139 suspensa,
1635 1107 1757 1134 extentis

971 1151 1128 1184 manibus;
1160 1151 1240 1185 cujus
1285 1152 1405 1179 ermlelis
1434 1152 1480 1180 ille
1510 1157 1604 1179 ventre
1638 1152 1758 1179 disserto

971 1197 1114 1224 victoriam
1150 1198 1256 1225 scilicet
1287 1198 1320 1225 de
1353 1198 1446 1226 Persis
1479 1206 1555 1225 suam
1584 1206 1615 1225 ex
1634 1198 1757 1232 jetinnre
1799 1196 1802 1198 ’

971 1244 1114 1272 didicerat.
1134 1244 1288 1272 Antiochia:
1304 1251 1393 1272 autem
1410 1245 1436 1272 in
1455 1245 1528 1279 regia
1545 1245 1637 1272 multa:
1657 1244 1757 1271 arcula

972 1290 1092 1317 inventae
1118 1295 1182 1316 sunt
1211 1290 1339 1317 humanis
1370 1291 1508 1325 capitibus
1524 1290 1610 1325 plenae
1623 1290 1756 1324 multique

972 1335 1045 1370 putei
1078 1336 1257 1363 cadaveribus
1284 1336 1396 1370 oppleti.
1434 1336 1503 1362 Nam
1537 1340 1564 1362 et
1598 1335 1756 1362 innumeras

972 1381 1098 1416 gravidas
1115 1381 1242 1408 mulieres
1255 1380 1381 1409 Julianus
1396 1381 1578 1411 dissecuerat,
1609 1384 1639 1407 ut
1655 1380 1756 1406 fetuum

970 1425 1095 1460 jecinora
1120 1426 1363 1462 contemplaretur,
1379 1430 1406 1453 et
1421 1427 1521 1453 multos
1537 1423 1657 1455 iniantes
1674 1425 1756 1460 jugu-

973 1472 1042 1500 latos
1068 1473 1100 1500 ad
1121 1473 1200 1500 bases
1233 1473 1444 1500 simulacrorum
1473 1471 1626 1502 deioderat.
1656 1471 1756 1505 quibus

973 1519 1095 1553 impense
1125 1524 1184 1545 erat
1215 1518 1334 1546 deditus.
1378 1519 1504 1553 Magnum
1535 1525 1642 1553 quoque
1673 1517 1756 1543 alium

136 1564 149 1589 ὸ
164 1563 322 1598 φιλείδωλος
339 1563 492 1594 Ἰουλιανός.
516 1561 620 1597 Πολλὴν
633 1562 660 1588 δὲ
677 1562 725 1588 καὶ
741 1562 824 1597 ἄλλην
847 1562 919 1596 λογι-

973 1572 1083 1599 gregem
1102 1564 1207 1591 ratione
1222 1565 1398 1599 praditorum
1428 1565 1620 1595 animantium,
1633 1563 1756 1590 diversa-

136 1609 184 1644 κὴν
198 1609 302 1644 ἀγέλην
316 1610 348 1635 ὲκ
371 1608 501 1635 ποικίλων
517 1607 630 1643 ἡλικιῶν
647 1608 786 1643 διαῳόροις
802 1607 919 1634 ὑπέϐαλε

136 1655 260 1687 θανάτοις
283 1655 326 1681 ἐπ’
348 1654 460 1690 ὀνόματι
480 1654 647 1685 Ποσειδῶνος
675 1654 722 1680 καὶ
745 1654 799 1680 τῶν
819 1653 921 1681 λοιπῶν

135 1701 270 1736 δαιμόνων
288 1701 302 1726 ὁ
318 1699 497 1735 δαιμονιώδης
520 1700 567 1727 καὶ
583 1699 753 1735 θεομίσητος.
770 1700 807 1726 Οὐ
828 1700 880 1735 μὴν
891 1700 920 1727 δὲ

136 1747 201 1773 ἀλλὰ
221 1747 270 1773 καὶ
289 1746 390 1778 ἵππους
407 1746 521 1777 λευκούς
540 1754 570 1772 τε
581 1745 627 1772 καὶ
640 1745 760 1781 πυρροὺς
773 1745 844 1777 ἔθυε,
859 1746 921 1777 τοὺς

138 1793 184 1827 μὲν
197 1792 237 1827 τῷ
252 1792 321 1827 ἡλίῳ
334 1793 397 1823 τοὺς
413 1791 441 1818 δὲ
461 1791 500 1826 τῷ
518 1792 583 1825 πυρὶ
600 1791 648 1818 καὶ
662 1792 719 1823 τοῖς
733 1791 852 1826 ἀνέμοις.
867 1792 921 1818 Καὶ

137 1839 203 1874 πρὸς
218 1838 325 1869 τούτοις
347 1837 430 1869 κύνας
445 1839 492 1864 καὶ
514 1837 647 1872 πιθήκους
671 1837 718 1863 καὶ
737 1837 858 1871 κόρακας
875 1836 921 1863 καὶ

134 1885 188 1911 πᾶν
209 1883 304 1920 σχεδὸν
320 1883 443 1918 ἑρπετῶν
461 1880 530 1913 εἶδος
552 1882 600 1908 καὶ
617 1881 791 1916 τετραπόδων
812 1881 918 1917 θηριων

134 1937 161 1955 τε
177 1929 225 1955 καὶ
240 1928 296 1954 τῶν
312 1927 401 1954 ἄλλων
427 1926 536 1962 πτηνῶν
561 1926 610 1953 καὶ
624 1925 732 1962 νηκτῶν
749 1926 779 1952 οὐ
804 1926 921 1954 διέλειπε

134 1972 334 2007 κατασφάττων
347 1973 394 1999 καὶ
407 1972 520 2003 τελετὰς
535 1971 665 2004 παντοίας
681 1972 797 1999 ἐπινοῶν
812 1972 921 2005 πλείους

134 2019 180 2044 καὶ
197 2016 309 2053 χείρους
332 2017 386 2044 τῶν
403 2017 468 2050 παρ’
484 2017 598 2052 Ἕλλησι
621 2017 834 2052 νενομισμένων,
850 2017 921 2053 πρὸς

132 2063 162 2090 τὸ
177 2063 283 2095 πάντας
302 2063 366 2095 τοὺς
381 2063 434 2098 πρὸ
454 2063 537 2090 αὑτοῦ
556 2063 750 2099 ἑλληνίσαντας
767 2064 921 2100 ὑπερακονσ-

132 2109 219 2141 τίσαι,
236 2108 281 2135 διὰ
303 2108 357 2135 τῶν
372 2107 500 2135 τοιούτων
529 2108 652 2144 οἰόμενος
669 2109 682 2135 ὁ
704 2108 782 2141 ἄθεος
797 2109 921 2136 ἀποθεω-

133 2154 211 2188 θῆναι
232 2154 279 2180 ml.
295 2153 355 2185 θεὸς
369 2153 539 2189 νομισθῆναι.
554 2153 637 2181 Ἀλλὰ
652 2153 687 2180 τὰ
699 2155 764 2189 περὶ
783 2154 878 2181 τούτου
892 2156 921 2181 tv

132 2199 164 2234 τῇ
175 2197 254 2230 τάξει
269 2198 320 2233 τῆς
338 2198 419 2225 αὑτοῦ
433 2198 596 2232 θεοστυγοῦς
612 2198 751 2234 βασιλείας
764 2199 801 2230 ὼς
817 2197 872 2226 οἷόν
890 2208 920 2226 τε

973 1618 1033 1637 rum
1064 1614 1190 1643 aetatum,
1220 1611 1306 1638 variis
1336 1610 1434 1637 mortis
1463 1610 1610 1645 generibus
1635 1609 1757 1641 sustulit,

971 1655 1095 1692 Neptuno
1107 1664 1155 1684 eos
1171 1661 1198 1684 et
1215 1657 1277 1684 aliis
1293 1657 1476 1687 (immanibus.
1492 1663 1608 1690 quorum
1624 1663 1653 1682 se
1673 1655 1757 1681 homo

971 1700 1027 1728 Deo
1055 1701 1161 1728 invisus
1190 1701 1276 1728 cultui
1305 1701 1457 1734 addixerat,
1474 1700 1629 1727 immolans.
1646 1699 1716 1731 Quin
1731 1702 1759 1725 et

971 1746 1041 1774 albis
1068 1746 1146 1782 equis
1161 1747 1222 1779 soli,
1257 1746 1323 1773 rufis
1339 1747 1394 1782 igni
1422 1754 1454 1773 ac
1474 1747 1562 1773 ventis
1579 1745 1755 1773 sacriﬁcavit.

970 1791 1025 1820 Nec
1041 1800 1096 1820 non
1114 1792 1224 1819 assidue
1238 1799 1331 1824 canes,
1349 1792 1455 1824 simias,
1470 1799 1567 1818 corvos
1582 1795 1663 1825 atque
1678 1797 1758 1817 omne

971 1837 1167 1874 propemodum
1197 1846 1282 1872 genus
1307 1838 1530 1872 quadrupedum,
1550 1838 1642 1863 avium
1660 1840 1759 1862 natau-

973 1885 1099 1919 tiumque
1124 1884 1274 1914 mactabat.
1303 1884 1448 1917 omnisque
1467 1882 1539 1910 modi
1553 1890 1631 1909 sacra
1648 1881 1759 1916 excogi-

973 1929 1059 1961 tabat,
1089 1929 1168 1965 plura
1198 1933 1224 1956 et
1249 1929 1383 1956 deteriora
1404 1928 1447 1955 his
1467 1935 1527 1962 quae
1546 1927 1619 1962 apud
1648 1926 1757 1954 Graecos

971 1980 1080 2010 recepta
1093 1977 1169 2002 sunt.
1185 1973 1223 2001 Ea
1243 1973 1315 2001 enim
1332 1981 1362 2000 re
1375 1973 1504 2000 omnibus
1520 1973 1565 2007 qui
1589 1977 1652 1998 ante
1668 1972 1757 2006 ipsum

971 2019 1093 2047 Grmeam
1112 2019 1272 2053 religionem
1288 2020 1387 2046 sectati
1410 2018 1539 2050 fuissent,
1557 2018 1673 2053 palmum
1687 2025 1758 2052 prce-

972 2066 1062 2100 ripere
1079 2066 1216 2097 studebat.
1239 2065 1321 2100 528
1335 2069 1477 2100 propterea
1496 2072 1525 2091 se
1540 2064 1566 2090 in
1582 2063 1695 2090 deorum
1713 2070 1758 2090 re-

971 2113 1057 2140 latutn
1076 2112 1108 2139 iri
1126 2113 1208 2139 homo
1223 2119 1237 2138 a
1255 2111 1308 2138 Deo
1324 2111 1429 2138 alienus
1442 2118 1566 2145 sperans.
1580 2109 1682 2137 Verum
1697 2109 1761 2144 ejus

972 2168 1019 2188 res
1035 2167 1085 2188 nos
1098 2159 1196 2187 ordine
1223 2166 1370 2191 annorum,
1383 2159 1484 2193 quibus
1497 2157 1654 2192 imperavit,
1674 2163 1757 2191 quam

972 2205 1135 2233 brevissime
1169 2205 1299 2239 deinceps
1329 2203 1484 2232 referemus
1516 2210 1618 2231 :nunc
1652 2202 1758 2236 reliqua

131 2244 174 2271 διὰ
189 2244 316 2280 βραχέων
328 2244 453 2280 λέξομεν.
472 2244 502 2271 '0
517 2244 546 2271 δὲ
565 2244 643 2279 λόγος
659 2246 727 2281 πρὸς
748 2246 781 2272 τὰ
794 2245 857 2281 ἑξῆς
873 2246 919 2281 βο.-

974 2255 1128 2279 attexamus
1156 2252 1304 2286 prioribus.

130 2289 241 2321 διξὲτω.
800 2313 802 2315 τ

166 2335 222 2361 Τοῦ
234 2333 427 2361 Κωνσταντίου
441 2334 481 2368 τῷ
503 2332 534 2360 ιθ¹
559 2333 625 2366 ἔτει,
646 2334 675 2360 tv
697 2335 730 2370 τῇ
754 2334 845 2370 ἡμέρᾳ
867 2335 918 2370 τῆς

131 2380 333 2415 Πεντηκοστῆς,
343 2380 372 2406 tv
387 2379 421 2406 Ίε
427 2379 520 2414 ροοολύ
525 2388 585 2414 μοις
599 2380 687 2415 ἐφάνη
698 2380 728 2406 τὸ
742 2382 856 2415 σημεῖον
869 2381 916 2408 τοῦ

133 2425 268 2458 ζωοποιοῦ
283 2425 401 2460 σταυροῦ
417 2427 446 2452 ὲν
463 2425 582 2460 οὐρανῷ,
600 2425 756 2460 φωτοειδὲς,
770 2427 918 2462 τεταμένον

132 2473 187 2500 ἀπὸ
202 2471 250 2499 τοῦ
268 2471 400 2506 Γολγοθᾶ,
424 2471 489 2498 ἔνθα
509 2471 670 2507 ἐσταυρώθη
687 2473 701 2498 ὁ
722 2473 849 2509 Χριστος,
866 2473 918 2505 ἕως

130 2518 177 2545 τοῦ
190 2518 272 2554 ὅρους
286 2517 341 2545 τῶν
348 2517 471 2550 Ἐλαιῶν,
481 2517 543 2544 ὅθεν
555 2518 604 2545 καὶ
617 2517 768 2553 ἀνελήφθη,
785 2519 876 2554 κύκλῳ
889 2519 918 2547 δὲ

132 2565 227 2591 τούτου
243 2563 388 2598 στέφανος,
407 2563 444 2595 ὡς
458 2561 514 2599 ἶρις
529 2564 559 2590 τὸ
574 2561 643 2596 εἶδος
655 2563 735 2599 ἔχων.
751 2565 790 2601 Τῇ
805 2565 873 2600 αὐτῇ
889 2565 918 2591 δὲ

132 2611 225 2647 ἡμέρᾳ
241 2611 289 2638 καὶ
306 2610 489 2646 Κωνσταντιῳ
503 2609 594 2646 ὤφθη,
608 2610 743 2645 Κυρελλου
757 2611 817 2638 τότε
836 2611 918 2647 Ἰερο-

136 2657 260 2693 σολύμων
276 2656 502 2688 ὲπισκυποῢντος,

1007 2339 1115 2366 Annum
1128 2338 1292 2366 Constantio
1312 2338 1462 2373 imperante
1487 2336 1530 2369 i9,
1561 2336 1604 2364 die
1625 2334 1757 2363 Penteco-

971 2390 1031 2415 βίω.
1048 2384 1075 2411 in
1096 2385 1167 2412 cmlo
1181 2385 1288 2419 signum
1303 2383 1416 2410 viviﬁcm
1431 2383 1522 2410 crucis
1537 2382 1674 2416 apparuit,
1691 2381 1759 2408 luci-

971 2430 1036 2457 dum
1054 2434 1136 2465 atque
1155 2434 1296 2457 extentum
1320 2437 1335 2456 a
1352 2427 1495 2462 Golgmba,
1519 2436 1573 2462 quo
1590 2428 1649 2453 loco
1678 2426 1760 2454 Chri-

971 2479 1033 2503 stus
1058 2476 1086 2502 in
1104 2482 1214 2503 crucem
1233 2475 1358 2503 sublatus
1377 2474 1439 2506 fuit,
1467 2481 1555 2508 usque
1584 2473 1617 2499 ad
1637 2476 1757 2499 montem

971 2522 1110 2555 Olearum,
1139 2523 1211 2550 unde
1240 2521 1311 2549 idem
1338 2520 1465 2548 Christus
1494 2519 1521 2546 in
1537 2520 1636 2546 coelum
1663 2517 1757 2545 subiit.

973 2567 1142 2603 Cingebatur
1155 2575 1204 2603 per
1217 2567 1310 2595 orbem
1321 2565 1427 2594 circulo
1439 2572 1520 2592 arcus
1534 2565 1654 2592 caelestis
1663 2563 1756 2590 simili.

973 2613 1075 2642 Eadem
1115 2613 1159 2642 die
1188 2613 1269 2641 etiam
1296 2612 1456 2640 Constantio
1489 2609 1624 2646 apparuit,
1657 2609 1758 2645 Cyrillo

975 2659 1170 2690 ilierosolvmte
1182 2663 1240 2687 tum
1256 2658 1396 2694 episcopo.

707 2726 883 2754 XYLANDRI
900 2728 943 2756 ΕΤ
958 2730 1063 2758 GOARI
1082 2730 1196 2758 NOTAE.
1241 2756 1244 2758 .

169 2782 206 2817 (3)
219 2781 338 2817 Δόκιμος
361 2789 422 2809 cum
439 2784 472 2810 de
505 2782 646 2809 monachis
671 2782 780 2814 dicitur,
807 2789 861 2810 non
891 2784 915 2810 is

135 2821 174 2852 est
193 2817 309 2851 quijam
323 2817 440 2845 ascetica
452 2818 508 2845 vita
541 2817 685 2852 probatus,
707 2818 857 2846 virtutibus
880 2817 918 2845 ef-

140 2850 220 2886 fulget
239 2857 398 2888 provectus,
416 2852 504 2888 sedis
518 2850 627 2888 proprie
644 2850 724 2887 cujus
750 2852 823 2880 vires
853 2859 918 2888 pro-

137 2886 252 2920 positum
265 2907 274 2922 ,
295 2887 403 2916 animus
419 2886 612 2922 probantur'et
627 2888 660 2915 ad
679 2886 811 2916 virtutem
829 2886 917 2916 infor-

967 2790 1106 2813 mantur:
1134 2793 1189 2813 uno
1225 2785 1326 2815 verbo,
1356 2792 1409 2812 non
1441 2783 1582 2810 ntonachus
1612 2780 1756 2815 prtcclanta

965 2821 1043 2862 juxta
1061 2820 1244 2862 X_ylandrum,
1261 2814 1518 2862 sed,’jutttantritunt
1533 2817 1561 2846 in
1582 2814 1758 2845 monasteriis
1802 2824 1803 2828 π

968 2853 1096 2892 loquendi
1110 2863 1202 2891 usum,
1213 2853 1389 2883 novitiua’cst.
1405 2853 1492 2882 Goan.
