2036 3153
248 175 304 208 583

901 167 1063 200 GEORGII
1086 167 1254 198 CEDRENI

1834 163 1889 196 58!.

284 230 396 258 Iuliano
412 229 613 259 Chalcedonem
632 228 786 255 transeunti
817 232 900 263 alque
929 228 956 254 in
975 227 1039 254 fano

1128 225 1310 260 Διερχόμενον
1333 224 1360 252 δὲ
1385 223 1432 251 τὸν
1463 223 1607 251 Ἰουλιανὺν
1632 221 1680 257 τὴν
1715 221 1890 256 Χαλκηδόνος

249 275 379 304 Fortuna:
393 274 558 303 sacrificanti
580 273 663 301 Maris
688 272 749 307 ejus
767 273 820 300 loci
844 273 991 307 episcopus
1012 272 1041 299 in

259 322 358 350 faciem
375 321 498 348 convicia
513 320 648 355 permulta
668 319 739 352 fecit,
762 319 929 346 desertorem
946 319 1038 353 appel-

250 368 311 396 lans
325 374 352 396 et
368 368 465 394 furiam
483 371 510 393 et
526 366 619 401 gloria:
636 365 682 393 Dei
700 366 830 392 alienum.
843 365 1040 396 SedJnliunus,

251 419 280 441 ιιι
297 414 343 448 qui
364 413 630 448 pbilosophumpra:
651 419 681 439 se
695 411 790 441 ferret.
804 420 858 439 uno
892 412 943 438 hoc
967 412 1041 439 dicto

250 459 346 487 Maritn
374 460 448 486 ultus
466 459 601 491 est,Ahi,
621 459 761 493 inquiens,
791 458 885 490 miser,
914 464 1042 492 tuamque

249 507 360 542 deplora
377 507 527 534 caecitatem
560 506 604 532 cui
621 505 779 536 Nazurazns,
792 513 872 540 quem
887 510 915 532 tu
931 506 1040 537 adoras,

249 561 328 587 opem
344 561 399 580 non
426 553 501 579 tulit.
525 551 592 578 Nam
608 551 690 578 Maris
705 551 884 579 suffusionem
897 552 1040 578 oculorum

248 607 396 635 perpessus
439 603 509 626 erat.
540 597 619 632 Isque
652 597 733 633 536
760 597 910 632 respondit,
933 596 1041 625 Gratias

250 652 303 680 agn
318 644 434 671 Domino
451 652 511 671 meo
529 644 657 676 Christo,
678 644 723 678 qui
743 643 808 670 tnilti
824 643 876 670 hoc
887 649 965 678 pacto
978 651 1041 677 pro-

251 693 384 726 spexitne
400 691 673 725 impudentissimum
704 696 781 717 tuum
796 694 878 725 atque
906 690 1036 725 impiissi-

249 744 323 764 mum
338 736 446 764 videam
462 737 579 764 vultum.

286 826 359 853 Idem
392 824 518 852 Julianus
545 824 648 852 Grmcis
675 824 871 858 instigantibus
911 831 1040 859 magnum

249 873 433 900 Athanasium
460 872 576 900 eculesia
591 871 706 906 expulit.
726 871 778 904 Qui
792 872 887 899 abiens
905 871 1040 899 Christia-

248 927 300 947 nos
319 926 403 954 super
420 920 478 953 ipso
495 917 591 945 ﬂentes
607 918 680 945 bono
695 926 756 945 esse
768 919 860 946 animo
871 918 956 952 jussit
973 926 1041 946 :nu-

247 965 373 994 beculam
390 965 461 992 eniut
481 964 552 991 hanc
570 964 645 991 brevi
665 965 859 991 trausituram.

283 1057 388 1091 Degens
404 1055 557 1083 Antiochiae
568 1055 696 1082 Julianus
712 1062 744 1082 ac
757 1055 856 1083 crebro
883 1055 911 1082 in
930 1055 1042 1091 Daphna

247 1101 440 1130 obambulans,
456 1099 649 1134 Apollinisque
658 1099 837 1126 simulacrum
851 1099 956 1131 colens,
969 1099 1043 1134 quod

251 1147 288 1174 ibi
300 1150 369 1175 erat.
383 1153 453 1181 opus
467 1145 591 1180 Bryxidis
606 1144 732 1172 statuarii
747 1145 952 1176 admirandum.
968 1145 1042 1180 quod

249 1192 384 1220 imitando
399 1199 509 1226 aequare
522 1199 603 1218 nemo
617 1196 756 1225 potuerat,
771 1192 914 1218 oraculum
939 1192 973 1219 ab
1007 1200 1039 1220 eo

257 1238 400 1273 poscebat.
424 1238 492 1264 Cum
505 1245 570 1265 vero
582 1237 648 1264 nihil
662 1238 887 1273 responderetur,
910 1240 1042 1275 reliquias

249 1285 336 1311 sancti
356 1284 485 1318 martyris
501 1283 620 1320 Babyltc,
640 1292 700 1318 qua:
717 1285 743 1311 ιιι
765 1285 878 1320 Daphna
905 1290 985 1313 erant
1001 1295 1042 1314 rc-

250 1332 358 1367 positae,
379 1331 405 1357 in
426 1338 507 1358 causa
535 1338 598 1358 esse
626 1335 704 1359 ratus
735 1332 880 1360 transferri
908 1341 955 1362 eas
978 1333 1042 1362 inde

247 1377 343 1413 jussit.
362 1377 421 1410 Quo
435 1377 517 1410 iacto,
533 1378 626 1404 eadem
644 1380 803 1414 nocteignis
819 1379 963 1407 confertim
971 1381 1041 1408 caelo

251 1424 359 1450 delatus
378 1423 463 1449 aedem
498 1423 734 1458 simulacrumque
758 1426 924 1459 combussit,
948 1427 985 1453 ita
1011 1432 1042 1455 ut

250 1477 285 1496 ne
301 1468 448 1503 vestigium
472 1469 580 1502 quidem
602 1469 662 1504 ejus
680 1475 851 1504 superesset.
880 1471 917 1498 Ea
936 1479 966 1500 re
988 1473 1041 1500 im-

249 1515 312 1549 pius
327 1514 372 1540 ille
397 1514 552 1549 perculsus,
571 1515 735 1549 insidiisque
762 1516 985 1545 Christianorum
1004 1518 1041 1546 fn-

1093 271 1180 305 πόλιν,
1201 272 1292 306 Μάρις
1303 272 1317 298 ὁ
1333 270 1434 305 ταύτης
1453 270 1603 300 ἐπίσκοπος
1619 268 1722 299 πολλὰς
1742 267 1837 302 ὕϐρεις
1850 268 1891 304 τῷ

1099 317 1234 352 Ἰουλιανῷ
1252 318 1290 349 είς
1302 317 1347 343 τὸν
1360 317 1408 351 τῆς
1420 316 1511 351 Τύχης
1525 315 1588 341 ναδν
1603 315 1694 342 θύοντι
1709 315 1779 341 κατά
1794 313 1890 350 πρώο-

1092 372 1165 390 ωπον
1180 365 1313 398 ἐπήγαγε,
1332 362 1496 398 παραϐάτην
1514 361 1659 388 ἀποκαλῶν
1679 361 1726 387 καὶ
1750 360 1891 395 ἀλάστορα

1091 410 1201 445 καὶτῆς
1216 409 1261 435 τοῦ
1277 410 1344 435 Θεοῦ
1357 409 1438 444 δόξης
1456 407 1606 443 ἀλλότριον.
1628 407 1658 433 Ὀ
1670 406 1699 432 δέ
1715 406 1761 432 ἆτε
1778 405 1891 439 φιλόςο-

1092 465 1142 491 ιρον
1160 455 1397 491 προσποιούμενος
1421 455 1462 482 ἐνὶ
1478 454 1524 481 τὸν
1542 454 1634 488 Μάριν
1658 453 1784 479 ὠνείδισε
1803 452 1888 487 λόγῳ,

1094 501 1223 533 Ἀπελθε,
1239 500 1337 534 λέγων,
1351 500 1519 534 ταλαίπωρε,
1533 499 1580 525 καὶ
1594 497 1744 533 ἀποορήνει
1760 496 1809 532 τὴν
1824 505 1893 522 σαι*

1092 547 1139 574 τοῦ
1155 546 1293 581 τύφλωσιν
1304 554 1310 560 ·
1326 546 1386 572 οὐδέ
1401 546 1454 580 γὰρ
1468 546 1481 571 ὁ
1498 544 1670 578 Ναζωραῖος,
1683 543 1712 569 ὃν
1725 543 1756 569 σὺ
1768 551 1892 578 προσκυ-

1094 596 1159 626 νεῖς,
1176 594 1223 620 τοῦ
1242 593 1347 624 πάθους
1365 593 1468 619 ἰάσατο.
1486 590 1540 617 Ἶίν
1553 591 1606 626 γὰρ
1621 591 1634 616 ὀ
1651 590 1742 625 Μάρις
1762 591 1892 624 ἐπίχυσιν

1092 639 1242 671 πεπονθώς.
1257 638 1286 665 '0
1296 639 1323 665 δὲ
1334 647 1399 674 φησι
1410 638 1478 673 πρὸς
1486 637 1530 663 τδν
1542 636 1716 671 Παραΰάτην·
1726 634 1892 670 Εὐχαριστῶ

1092 686 1131 721 τῷ
1144 686 1270 721 Δεσπότῃ
1291 694 1341 720 μου
1356 684 1467 720 Χριστῷ
1487 685 1565 710 τοῦτο
1590 691 1634 717 μοι
1658 682 1890 717 προνοησαμένῳ,

1093 732 1138 766 ἵνα
1155 732 1192 768 μὴ
1205 732 1236 758 τὺ
1250 731 1444 758 ἀναιδέστατον
1456 731 1503 757 καὶ
1525 729 1707 756 ἀσεϐέστστόν
1721 737 1768 754 σου
1783 727 1891 754 θεάσω-

1095 787 1143 815 μαι
1158 778 1313 813 πρόσωπον,

1128 820 1213 855 Οὗτος
1227 823 1272 850 τὸν
1286 822 1373 858 μέγαν
1390 821 1548 848 Ἀθανάσιον
1562 821 1612 856 τῆς
1629 819 1791 855 Ἐκκλησίις
1807 819 1888 852 ἐξελ-

1093 870 1150 897 θεῖν
1164 871 1303 902 ὲκέλευσε,
1319 869 1375 895 τῶν
1396 868 1533 903 Ἑλλήνων
1554 866 1636 895 αὑτὸν
1663 867 1888 902 παροξυνάντων.

1057 900 1079 929 Β
1100 917 1130 943 '0
1144 917 1172 943 δὲ
1198 900 1376 952 ἐξερχόμενος
1402 900 1514 950 θαρρεῖν
1541 912 1602 940 εἷπε
1632 900 1808 950 Χριστιανοῖς
1830 914 1892 945 τοῖς

1095 965 1165 1001 ὑπὲρ
1188 964 1271 1001 αὐτοῦ
1295 963 1461 1000 δακρύουσι·
1483 962 1627 997 Θαρσεῖτε,
1652 963 1732 997 φησι,
1751 961 1815 994 λαὸς
1839 960 1891 987 τοῦ

1094 1000 1234 1047 Χριστοῢ’·
1255 1010 1399 1046 νεφύδριόν
1413 1011 1483 1041 ἐστι,
1502 1010 1549 1036 καὶ
1565 1009 1745 1045 παρέρχεται.

1129 1058 1236 1092 Διάγων
1250 1057 1278 1084 δὲ
1296 1056 1439 1087 Ἰουλιανὸς
1454 1056 1483 1082 ἐν
1507 1055 1669 1090 ’Δντιοχείῃ
1695 1054 1743 1080 καὶ
1765 1054 1890 1088 συνεχῶς

1093 1105 1122 1132 ἐν
1136 1105 1230 1140 Δάφνῃ
1246 1103 1328 1131 ἀνιὼν
1351 1103 1398 1130 καὶ
1413 1103 1444 1129 τὸ
1460 1102 1508 1129 τοῦ
1530 1102 1697 1132 ’Λπόλλωνος
1723 1100 1889 1136 θεραπεύων

1093 1151 1203 1178 εἴδωλον
1219 1148 1263 1186 (ἦν
1279 1150 1334 1185 γὰρ
1361 1150 1451 1176 ἐκεῖσε
1474 1148 1630 1184 θαυμαστὸν
1654 1147 1734 1182 ἔργον
1757 1146 1890 1182 Βρύξιδος

1092 1197 1324 1232 ἀγαλματοποιοῦ,
1335 1196 1349 1222 ὃ
1359 1198 1439 1232 μήτις
1448 1195 1527 1227 ἄλλος
1536 1195 1645 1231 ῐσχυσεν
1654 1193 1889 1229 ἐκμιμήσασθαι),

1092 1245 1159 1282 παρ’
1174 1245 1259 1272 αὐτοῦ
1275 1244 1399 1280 χρησμὸν
1417 1245 1519 1278 ἐζήτει,
1536 1243 1595 1270 ἀλλ’
1623 1243 1754 1277 οὐδεμιᾶς
1769 1241 1892 1276 ἀποκρί-

1093 1300 1162 1324 σεως
1177 1291 1266 1326 ἔτυχε.
1284 1291 1408 1326 Νομίσας
1418 1291 1446 1317 δὲ
1458 1291 1499 1317 ὅτι
1514 1290 1558 1317 διὰ
1573 1291 1608 1316 τὰ
1623 1291 1652 1316 ἐν
1663 1292 1695 1325 τῇ
1711 1290 1804 1323 Δάφνῃ
1818 1289 1891 1314 ἀπο-

1093 1337 1207 1373 κείμενα
1217 1337 1331 1372 λείψανα
1342 1337 1389 1364 τοῦ
1400 1337 1479 1376 ἁγίου
1491 1338 1690 1373 ἱερομὰρτυρος
1703 1336 1758 1371 (Η)
1777 1334 1892 1361 Βαϐύλα

1091 1384 1247 1419 ὰποσιωπᾷ,
1264 1383 1408 1410 ἐκέλευσεν
1424 1384 1534 1410 ἅπαντα
1551 1383 1742 1419 μετατεθῆναι.
1757 1379 1794 1408 οὗ
1809 1390 1890 1415 γενο-

1094 1431 1176 1465 μένου
1195 1430 1305 1465 ἀθρὸως
1321 1430 1377 1465 πῦρ
1392 1430 1425 1457 ἐκ
1442 1429 1488 1456 τοῦ
1504 1429 1621 1464 οὐρανοῦ
1639 1428 1770 1456 κατελθὸν
1792 1427 1889 1463 ἐκείνῃ

1092 1478 1124 1512 τῇ
1136 1477 1212 1504 νυκτὶ
1228 1476 1273 1503 τόν
1285 1484 1315 1502 τε
1329 1475 1393 1503 ναδν
1408 1475 1557 1510 κατέφλεξε
1573 1475 1620 1502 καὶ
1635 1475 1665 1501 τὺ
1679 1474 1726 1501 τοῦ
1747 1473 1890 1500 ’Λπὸλλω-

1092 1532 1138 1555 νος
1165 1523 1298 1558 ἄγαλμα,
1330 1522 1401 1550 ὥστε
1434 1522 1502 1558 μηδέ
1531 1522 1604 1557 ἴχνος
1637 1521 1721 1548 αὑτοῦ
1755 1520 1888 1556 φανῆναι.

250 1563 324 1587 ctum
346 1564 455 1594 putans.
472 1560 628 1588 sacerdotes
644 1562 725 1588 torsit
738 1563 879 1597 variisque
898 1564 1039 1599 suppliciis

1101 1568 1265 1601 Ἐκπλαγεὶς
1288 1567 1334 1594 οὖν
1358 1568 1404 1594 ἐπὶ
1423 1567 1511 1603 τούτῳ
1528 1569 1542 1594 ὁ
1564 1567 1674 1602 μιαρὸς,
1699 1567 1747 1593 καὶ
1771 1565 1889 1599 νομίσας

251 1605 354 1636 ιιῐΐυοίι,
368 1605 403 1632 ita
422 1610 451 1633 ut
467 1606 548 1632 etiam
561 1607 665 1642 :tliquot
677 1608 710 1634 de
723 1609 755 1635 iis
768 1615 950 1637 morerentur.
981 1611 1039 1639 Hoc

251 1654 343 1677 autem
360 1651 552 1678 tantuuunodo
567 1659 599 1679 ex
629 1653 662 1679 iis
679 1654 773 1681 retulit
793 1657 930 1688 responsi,
949 1665 1040 1692 neque

250 1695 471 1723 Christianorum
509 1705 600 1732 neque
637 1699 723 1726 ullius
765 1701 877 1728 omnino
921 1702 1041 1730 hominis

250 1748 344 1776 opera,
358 1742 406 1769 sed
424 1742 485 1776 igne
502 1743 612 1771 caelitus
627 1745 717 1772 delato
728 1745 813 1773 tndem
831 1752 914 1782 atque
927 1749 1042 1776 simula-

250 1793 329 1813 crum
347 1787 542 1822 coMlngrasse.
557 1788 716 1824 Propterea'
732 1791 819 1818 iratus
844 1800 970 1828 magnam
985 1795 1042 1822 An-

249 1833 358 1860 tiochia1
371 1834 455 1860 aedem
470 1835 581 1862 reclusit
594 1837 742 1872 omniaque
753 1839 852 1872 templa
867 1839 1040 1874 deprzedatus

249 1888 301 1909 ρει.
313 1882 385 1910 Missi
402 1888 493 1911 autem
503 1884 582 1920 537
594 1886 649 1913 duo
661 1888 776 1915 cantites
791 1887 864 1916 Felix
880 1889 1040 1919 etJulianus

249 1929 404 1956 avunculus
417 1930 604 1964 imperatoris,
621 1939 683 1959 cum
698 1933 821 1961 dicerent
840 1942 869 1962 se
898 1938 1038 1970 putavisse

249 1977 396 2010 quamdam
427 1977 585 2006 facultatem
615 1988 707 2008 rerutn
741 1983 936 2018 inspectricem
965 1993 1036 2018 esse,

250 2029 311 2056 quae
342 2023 417 2057 ipsos
447 2024 646 2060 impedivisset,
673 2027 854 2056 subsannavit
882 2037 930 2058 eos
953 2029 1040 2058 Julia-

250 2075 312 2095 nus.

284 2157 424 2186 Artemius
435 2167 515 2194 porro
533 2160 588 2188 dux
605 2161 779 2191 Alexandria:
797 2182 804 2195 ,
824 2165 871 2199 qui
891 2164 1037 2200 imperium

249 2201 413 2232 Constantio
424 2210 536 2239 gerente
549 2214 647 2242 magno
661 2208 757 2236 ardore
772 2209 891 2238 cultores
905 2210 1036 2238 falsorum

1096 1613 1157 1639 κατ’
1182 1611 1327 1648 ἐπιϐουλὴν
1349 1612 1520 1647 Χριστιανῶν
1544 1612 1681 1647 γενέσθαι,
1699 1612 1742 1638 ἐπ’
1762 1611 1891 1644 ἐξὲτασιδ

1095 1656 1149 1684 τῶν
1175 1657 1270 1692 ἱερέων
1288 1657 1396 1693 ἐχώρει.
1424 1658 1479 1684 Καὶ
1499 1657 1633 1688 παντοίως
1657 1657 1891 1692 τιμωρησάμενος

1096 1702 1166 1729 ὥστε
1176 1703 1221 1730 καί
1235 1711 1311 1734 τινας
1320 1704 1410 1730 αὐτῶν
1425 1704 1582 1734 ἀποθανεῖν.
1597 1703 1677 1730 τοῦτο
1688 1703 1769 1737 μόνον
1785 1703 1889 1737 ἤκουσε

1096 1751 1161 1785 παρ’
1178 1749 1280 1782 αὐτῶν,
1294 1749 1405 1776 ὄτιοῦτε
1422 1750 1474 1776 ὑπὸ
1487 1749 1659 1785 Χριστιανῶν
1671 1749 1728 1775 οὗθ’
1737 1749 1789 1775 ὑπὸ
1801 1749 1891 1783 ἄλλης

1095 1795 1270 1831 ἀνθρωπίνης
1292 1796 1457 1831 ἐπιϐουλῆς,
1475 1796 1533 1823 ἀλλ’
1560 1797 1593 1823 ἐκ
1615 1795 1662 1822 τοῦ
1688 1795 1804 1832 οὐρανοῦ
1829 1795 1889 1831 πῦρ

1095 1842 1226 1869 κατελθὸν
1249 1842 1384 1878 ἐνέπρησε
1410 1843 1458 1869 καὶ
1481 1843 1527 1869 τὸν
1549 1843 1612 1869 ναὸν
1636 1842 1685 1869 καὶ
1706 1843 1737 1869 τὸ
1759 1842 1886 1876 ἁγαλμα.

1094 1888 1237 1923 Θυμωθεὶς
1249 1886 1296 1915 οὖν
1312 1890 1326 1915 ὁ
1340 1889 1505 1925 Παραϐάτης
1522 1889 1569 1916 καὶ
1584 1888 1718 1924 θεομάχος
1732 1888 1782 1923 τὴν
1798 1887 1890 1922 μεγά-

1094 1934 1144 1969 λην
1165 1934 1314 1969 ἐκκλησίαν
1331 1935 1496 1970 Ἀντιοχείας
1517 1934 1664 1962 ἀπέκλεισε
1684 1935 1732 1961 καὶ
1746 1934 1835 1960 πάντα
1851 1934 1888 1960 τὰ

1095 1981 1155 2016 ἰερὰ
1167 1980 1295 2015 ἐσύλησε.
1313 1981 1373 2007 Τῶν
1390 1981 1418 2007 δὲ
1430 1980 1640 2008 ἀποσταλέντων
1656 1980 1783 2015 κομήτων
1799 1979 1886 2014 Φήλι-

1094 2037 1140 2060 κος
1164 2029 1211 2055 καὶ
1237 2028 1383 2054 Ὶουλιανοῠ
1399 2027 1447 2055 τοῦ
1472 2028 1545 2054 θείου
1561 2026 1645 2054 αὐτοῦ
1664 2027 1810 2061 λεγόντων,
1827 2026 1886 2059 ὃτι,

1093 2071 1271 2108 Ἐνομίζομεν
1283 2073 1436 2108 ὲποπτικήν
1446 2081 1508 2099 τινα
1522 2071 1593 2099 εἶναι
1607 2072 1722 2108 δύναμιν
1735 2071 1783 2108 τὴν
1795 2072 1888 2099 κωλύ-

1094 2126 1179 2144 σασαν
1193 2118 1276 2152 ἡμᾶς,
1292 2119 1306 2144 ὁ
1320 2118 1416 2152 μιαρὸς
1430 2118 1612 2150 ἐπετώθαζεν.

1129 2163 1156 2190 Ἀ
1163 2166 1270 2199 ρτέμιος
1284 2164 1312 2190 δὲ
1327 2165 1341 2190 ὁ
1357 2164 1419 2197 δοὺξ
1435 2163 1652 2199 Ἀλεξανδρείας,
1666 2164 1821 2199 ἐπειδήπερ
1836 2164 1887 2191 ἐπὶ

1092 2210 1139 2237 τοῦ
1156 2211 1346 2238 Κωνσταντίου
1361 2210 1443 2247 ζῆλον
1456 2212 1540 2238 πολὺν
1554 2211 1702 2244 ἐνεδείξατο
1714 2213 1743 2239 ὲν
1757 2212 1888 2244 Ἀλεξαν-

250 2250 392 2277 numinmn
420 2258 638 2287 oppugnaverat.
673 2259 734 2289 post
766 2256 867 2283 multos
898 2257 1038 2285 cruciatus

1092 2258 1168 2293 δρείᾳ
1194 2258 1266 2285 κατὰ
1288 2258 1342 2284 τῶν
1366 2258 1643 2294 εὶδωλολατρούντων,
1670 2259 1808 2294 ἐδημεύθη
1834 2259 1887 2294 τὴν

249 2299 366 2330 propter
383 2297 461 2324 [idem
478 2298 664 2326 Christianam
691 2301 781 2336 capite
807 2306 952 2331 truncatus
983 2308 1037 2336 est,

249 2345 274 2368 et
290 2341 361 2369 bona
376 2343 437 2376 ejus
454 2344 481 2370 in
497 2345 638 2379 publicutn
654 2347 777 2374 redacta.
796 2347 929 2376 Similiter
947 2354 1037 2377 actum

249 2394 312 2414 cum
329 2387 438 2415 duobus
452 2389 620 2425 presbyteris
633 2390 756 2426 Eugenio
773 2396 799 2419 et
817 2392 948 2420 Macario.

283 2431 377 2460 Tertio
389 2435 432 2460 sui
446 2435 552 2469 imperii
566 2436 772 2464 annoJuIianus
782 2438 883 2466 ntnltos
897 2438 1036 2473 professos

248 2478 434 2506 Christianam
452 2481 613 2517 religionem
642 2483 789 2518 suppliciis
802 2483 904 2511 aﬂ‘ecit.
927 2484 1036 2513 Iudaeos

247 2533 357 2561 quoque
369 2527 500 2560 templum
513 2535 594 2555 suum
605 2528 760 2556 instaurare
771 2529 864 2564 jussit.
879 2530 956 2563 Quod
967 2539 1036 2566 opus

248 2579 311 2599 cum
328 2577 402 2599 esset
415 2573 587 2603 inchoatum.
601 2574 720 2609 primum
735 2576 809 2602 venti
832 2577 914 2603 turbo
933 2577 1035 2605 calcem

248 2617 357 2650 disiecit
375 2626 457 2652 supra
473 2618 591 2646 ducenta
617 2620 701 2647 millia
728 2622 894 2649 modiorum.
923 2622 1035 2650 Etcum

248 2662 335 2690 Jndmi
349 2663 440 2692 denuo
458 2674 528 2700 opus
546 2666 772 2701 aggrederentur,
793 2668 864 2703 ignis
888 2677 921 2696 ex
939 2669 1037 2696 funda-

248 2709 350 2737 mentis
376 2717 522 2744 erumpens
542 2719 590 2739 eos
602 2713 767 2740 combussit.
788 2714 877 2748 Atque
900 2715 938 2741 ita
967 2723 1037 2750 opus

246 2754 318 2784 illud
329 2755 464 2784 omissum
489 2761 541 2785 est.
569 2758 674 2793 Impius
689 2759 738 2787 ille
762 2759 890 2788 Julianus
922 2761 1034 2796 scripsit

1093 2301 1216 2336 κεφαλὴν
1239 2301 1410 2336 ἀποτμηθεὶς
1438 2303 1507 2337 μετὰ
1530 2303 1631 2335 πολλὰς
1654 2303 1789 2339 βασάνους
1813 2304 1887 2339 ὑπὲρ

1092 2346 1142 2382 τῆς
1159 2348 1199 2379 εἰς
1213 2348 1330 2383 Χριστὸν
1344 2349 1474 2381 πίστεως.
1496 2350 1612 2385 Ὁμοίως
1630 2350 1659 2376 δὲ
1684 2351 1731 2378 καὶ
1753 2350 1800 2377 δύο
1816 2359 1887 2386 πρε-

1094 2393 1230 2428 σὸὑτεροι,
1242 2394 1371 2428 Εὐγένιος
1383 2396 1429 2422 καὶ
1446 2396 1600 2431 Μακάριος.

1129 2439 1171 2475 [Ρ.
1190 2439 1254 2477 507]
1270 2441 1315 2476 Τῷ
1330 2442 1414 2477 τρίτῳ
1429 2442 1484 2468 ἔτει
1505 2443 1601 2470 τούτου
1623 2443 1736 2475 πολλοὺς
1758 2452 1886 2480 τιμωρη-

1093 2485 1210 2521 σάμενος
1221 2487 1268 2513 καὶ
1279 2487 1418 2522 μάρτυρας
1428 2489 1556 2524 ποιήσας,
1569 2491 1616 2516 καὶ
1629 2491 1673 2516 τὸν
1682 2491 1735 2517 τῶν
1746 2490 1884 2518 Ἰουδαίων

1091 2535 1155 2558 ναὸν
1169 2533 1380 2569 οἰκοδομηθῆναι
1396 2535 1556 2570 προσέταξε.
1570 2537 1626 2563 Καὶ
1636 2537 1682 2563 τοῦ
1695 2537 1777 2571 ἔργου
1793 2539 1886 2572 ἐγχει-

1093 2578 1244 2613 ρισοέντος,
1258 2579 1293 2606 τὰ
1311 2580 1361 2614 μὲν
1388 2581 1484 2616 πρῶτα
1510 2582 1611 2617 λαῖλαψ
1636 2583 1686 2618 τήν
1699 2591 1729 2610 τε
1749 2583 1886 2611 ἄσϐεστον

1092 2625 1258 2660 ἐξεφόρησεν
1274 2627 1345 2662 ὑπὲρ
1359 2629 1493 2663 μυριάδας
1506 2630 1594 2656 εἴκοσι
1607 2630 1705 2665 μοδίων
1715 2629 1810 2661 οὖσαν.
1828 2632 1885 2658 τῶν

1091 2670 1120 2698 δὲ
1135 2671 1270 2698 Ἰουδαίων
1282 2672 1322 2699 ἔτι
1337 2673 1377 2709 τῷ
1389 2674 1463 2710 ἔργῳ
1476 2675 1688 2711 ἐπιχειρούντων
1703 2677 1759 2713 πῦρ
1774 2677 1886 2710 ἐξελθὸν

1091 2717 1146 2743 τῶν
1161 2717 1295 2752 θεμελίων
1312 2719 1425 2752 τούτους
1440 2722 1606 2754 κατέκαυσε,
1625 2723 1672 2749 καὶ
1684 2723 1756 2750 οὓτω
1770 2723 1819 2750 τοῦ
1836 2723 1886 2758 ἔρ-

1090 2772 1138 2797 γου
1159 2764 1322 2793 ἐπαύσαντο.
1334 2762 1418 2798 Οὗτος
1433 2768 1446 2794 ὁ
1457 2767 1590 2804 δυσσεϐὴς
1605 2769 1653 2796 καὶ
1670 2768 1719 2804 τὴν
1735 2769 1790 2796 τῶν
1801 2769 1886 2799 θείων

825 2849 1004 2879 XYIANDRI
1025 2851 1068 2879 ET
1079 2852 1185 2881 GOARI
1204 2853 1321 2882 ΝΟΤᾸΕ.

285 2892 344 2930 (1-4)
368 2893 513 2924 Pontiﬁces
546 2897 628 2924 simul
658 2905 688 2925 ac
713 2902 847 2932 martyres
871 2899 1073 2936 ίερομάρτυρας
1090 2900 1213 2930 Ecclesia
1231 2901 1326 2930 Graeca
1337 2909 1488 2938 nuncupat.
1509 2904 1596 2934 Cosa.
