  <div class='ocr_page' id='page_1' title='image "/cluster/home/n/w/nwhite01/storage/ocr_20150623/121/njp.32101077773008/363.png"; bbox 0 0 2036 3153; ppageno 0'>
   <div class='ocr_carea' id='block_1_1' title="bbox 297 175 351 207">
    <p class='ocr_par' dir='ltr' id='par_1_1' title="bbox 297 175 351 207">
     <span class='ocr_line' id='line_1_1' title="bbox 297 175 351 207; baseline 0.019 -1"><span class='ocrx_word' id='word_1_1' title='bbox 297 175 351 207; x_wconf 70' lang='lat' dir='ltr'><strong>em</strong></span> 
     </span>
    </p>
   </div>
   <div class='ocr_carea' id='block_1_2' title="bbox 947 172 1297 205">
    <p class='ocr_par' dir='ltr' id='par_1_2' title="bbox 947 172 1297 205">
     <span class='ocr_line' id='line_1_2' title="bbox 947 172 1297 205; baseline 0.011 -3"><span class='ocrx_word' id='word_1_2' title='bbox 947 172 1108 203; x_wconf 78' lang='lat' dir='ltr'><strong>GEORGII</strong></span> <span class='ocrx_word' id='word_1_3' title='bbox 1130 174 1297 205; x_wconf 74' lang='lat' dir='ltr'><strong>CEDRENI</strong></span> 
     </span>
    </p>
   </div>
   <div class='ocr_carea' id='block_1_3' title="bbox 1871 179 1926 208">
    <p class='ocr_par' dir='ltr' id='par_1_3' title="bbox 1871 179 1926 208">
     <span class='ocr_line' id='line_1_3' title="bbox 1871 179 1926 208; baseline -0.018 0"><span class='ocrx_word' id='word_1_4' title='bbox 1871 179 1926 208; x_wconf 67' lang='grc' dir='ltr'><strong>ὓ(ὶῦ</strong></span> 
     </span>
    </p>
   </div>
   <div class='ocr_carea' id='block_1_4' title="bbox 296 225 1079 266">
    <p class='ocr_par' dir='ltr' id='par_1_4' title="bbox 296 225 1079 261">
     <span class='ocr_line' id='line_1_4' title="bbox 296 225 1079 261; baseline -0.009 -2"><span class='ocrx_word' id='word_1_5' title='bbox 296 238 353 260; x_wconf 84' lang='lat' dir='ltr'><strong>rem</strong></span> <span class='ocrx_word' id='word_1_6' title='bbox 371 229 505 258; x_wconf 84' lang='lat' dir='ltr'><strong>Gratiani.</strong></span> <span class='ocrx_word' id='word_1_7' title='bbox 526 228 560 255; x_wconf 85' lang='lat' dir='ltr'><strong>Ut</strong></span> <span class='ocrx_word' id='word_1_8' title='bbox 580 226 693 254; x_wconf 74' lang='lat' dir='ltr'><strong>[tornum</strong></span> <span class='ocrx_word' id='word_1_9' title='bbox 720 225 803 257; x_wconf 79' lang='lat' dir='ltr'><strong>venit,</strong></span> <span class='ocrx_word' id='word_1_10' title='bbox 833 226 914 261; x_wconf 77' lang='lat'><strong>569</strong></span> <span class='ocrx_word' id='word_1_11' title='bbox 929 226 1079 253; x_wconf 74' lang='lat' dir='ltr'><strong>Honorium</strong></span> 
     </span>
    </p>
   </div>
   <div class='ocr_carea' id='block_1_5' title="bbox 1130 225 1924 266">
    <p class='ocr_par' dir='ltr' id='par_1_5' title="bbox 1135 227 1924 266">
     <span class='ocr_line' id='line_1_5' title="bbox 1135 227 1924 266; baseline 0.008 -13"><span class='ocrx_word' id='word_1_12' title='bbox 1135 227 1293 262; x_wconf 73' lang='grc' dir='ltr'>Γρατιανόν.</span> <span class='ocrx_word' id='word_1_13' title='bbox 1301 229 1403 255; x_wconf 80' lang='grc' dir='ltr'>Ἐλθὼν</span> <span class='ocrx_word' id='word_1_14' title='bbox 1413 230 1440 256; x_wconf 80' lang='grc' dir='ltr'>δὲ</span> <span class='ocrx_word' id='word_1_15' title='bbox 1452 231 1490 262; x_wconf 78' lang='grc' dir='ltr'><strong>εἰς</strong></span> <span class='ocrx_word' id='word_1_16' title='bbox 1502 227 1610 266; x_wconf 72' lang='grc' dir='ltr'>Ῥώμην</span> <span class='ocrx_word' id='word_1_17' title='bbox 1619 230 1731 266; x_wconf 66' lang='grc' dir='ltr'>ἔστεψεν</span> <span class='ocrx_word' id='word_1_18' title='bbox 1744 231 1871 266; x_wconf 75' lang='grc' dir='ltr'>Ὀνιῦριον</span> <span class='ocrx_word' id='word_1_19' title='bbox 1879 235 1924 260; x_wconf 61' lang='grc' dir='ltr'><strong>τδι</strong></span> 
     </span>
    </p>
   </div>
   <div class='ocr_carea' id='block_1_6' title="bbox 298 272 1081 307">
    <p class='ocr_par' dir='ltr' id='par_1_6' title="bbox 298 272 1081 307">
     <span class='ocr_line' id='line_1_6' title="bbox 298 272 1081 307; baseline -0.006 -3"><span class='ocrx_word' id='word_1_20' title='bbox 298 277 382 304; x_wconf 74' lang='lat' dir='ltr'><strong>tilium</strong></span> <span class='ocrx_word' id='word_1_21' title='bbox 411 282 490 304; x_wconf 84' lang='lat' dir='ltr'><strong>suum</strong></span> <span class='ocrx_word' id='word_1_22' title='bbox 506 277 668 300; x_wconf 83' lang='lat' dir='ltr'><strong>coronatum</strong></span> <span class='ocrx_word' id='word_1_23' title='bbox 684 272 799 307; x_wconf 88' lang='lat' dir='ltr'><strong>imperio</strong></span> <span class='ocrx_word' id='word_1_24' title='bbox 817 272 999 307; x_wconf 80' lang='lat' dir='ltr'><strong>inaugurarit.</strong></span> <span class='ocrx_word' id='word_1_25' title='bbox 1017 273 1081 299; x_wconf 85' lang='lat' dir='ltr'><strong>Inde</strong></span> 
     </span>
    </p>
   </div>
   <div class='ocr_carea' id='block_1_7' title="bbox 298 318 1082 355">
    <p class='ocr_par' dir='ltr' id='par_1_7' title="bbox 298 318 1082 355">
     <span class='ocr_line' id='line_1_7' title="bbox 298 318 1082 355; baseline -0.005 -5"><span class='ocrx_word' id='word_1_26' title='bbox 298 320 553 355; x_wconf 76' lang='lat' dir='ltr'><strong>Constantinopolin</strong></span> <span class='ocrx_word' id='word_1_27' title='bbox 579 326 718 351; x_wconf 77' lang='lat' dir='ltr'><strong>reversus,</strong></span> <span class='ocrx_word' id='word_1_28' title='bbox 741 319 897 353; x_wconf 85' lang='lat' dir='ltr'><strong>postulante</strong></span> <span class='ocrx_word' id='word_1_29' title='bbox 912 318 1082 346; x_wconf 70' lang='lat' dir='ltr'><strong>Alexandria:</strong></span> 
     </span>
    </p>
   </div>
   <div class='ocr_carea' id='block_1_8' title="bbox 296 365 1080 404">
    <p class='ocr_par' dir='ltr' id='par_1_8' title="bbox 296 365 1080 404">
     <span class='ocr_line' id='line_1_8' title="bbox 296 365 1080 404; baseline -0.008 -7"><span class='ocrx_word' id='word_1_30' title='bbox 296 370 425 404; x_wconf 80' lang='lat' dir='ltr'><strong>episcopo</strong></span> <span class='ocrx_word' id='word_1_31' title='bbox 453 365 626 401; x_wconf 81' lang='lat' dir='ltr'><strong>Tlicopbilo,</strong></span> <span class='ocrx_word' id='word_1_32' title='bbox 655 365 747 392; x_wconf 80' lang='lat' dir='ltr'><strong>omnia</strong></span> <span class='ocrx_word' id='word_1_33' title='bbox 775 365 907 392; x_wconf 83' lang='lat' dir='ltr'><strong>falsorum</strong></span> <span class='ocrx_word' id='word_1_34' title='bbox 937 365 1080 392; x_wconf 90' lang='lat' dir='ltr'><strong>numinum</strong></span> 
     </span>
    </p>
   </div>
   <div class='ocr_carea' id='block_1_9' title="bbox 297 410 1080 446">
    <p class='ocr_par' dir='ltr' id='par_1_9' title="bbox 297 410 1080 446">
     <span class='ocr_line' id='line_1_9' title="bbox 297 410 1080 446; baseline -0.006 -5"><span class='ocrx_word' id='word_1_35' title='bbox 297 415 358 441; x_wconf 79' lang='lat' dir='ltr'><strong>fana</strong></span> <span class='ocrx_word' id='word_1_36' title='bbox 376 412 456 446; x_wconf 75' lang='lat' dir='ltr'><strong>dejici</strong></span> <span class='ocrx_word' id='word_1_37' title='bbox 482 415 510 438; x_wconf 85' lang='lat' dir='ltr'><strong>et</strong></span> <span class='ocrx_word' id='word_1_38' title='bbox 533 412 680 439; x_wconf 86' lang='lat' dir='ltr'><strong>simulacra</strong></span> <span class='ocrx_word' id='word_1_39' title='bbox 699 410 809 438; x_wconf 87' lang='lat' dir='ltr'><strong>conllari</strong></span> <span class='ocrx_word' id='word_1_40' title='bbox 826 418 859 438; x_wconf 85' lang='lat' dir='ltr'><strong>ac</strong></span> <span class='ocrx_word' id='word_1_41' title='bbox 886 410 913 436; x_wconf 91' lang='lat' dir='ltr'><strong>in</strong></span> <span class='ocrx_word' id='word_1_42' title='bbox 932 417 1080 445; x_wconf 81' lang='lat' dir='ltr'><strong>pauperum</strong></span> 
     </span>
    </p>
   </div>
   <div class='ocr_carea' id='block_1_10' title="bbox 297 456 1083 494">
    <p class='ocr_par' dir='ltr' id='par_1_10' title="bbox 297 456 1083 494">
     <span class='ocr_line' id='line_1_10' title="bbox 297 456 1083 494; baseline -0.006 -7"><span class='ocrx_word' id='word_1_43' title='bbox 297 468 363 488; x_wconf 92' lang='lat' dir='ltr'><strong>usus</strong></span> <span class='ocrx_word' id='word_1_44' title='bbox 375 459 480 494; x_wconf 80' lang='lat' dir='ltr'><strong>erogari</strong></span> <span class='ocrx_word' id='word_1_45' title='bbox 496 458 612 486; x_wconf 77' lang='lat' dir='ltr'><strong>curavit.</strong></span> <span class='ocrx_word' id='word_1_46' title='bbox 629 458 690 490; x_wconf 87' lang='lat' dir='ltr'><strong>Quo</strong></span> <span class='ocrx_word' id='word_1_47' title='bbox 705 462 827 492; x_wconf 86' lang='lat' dir='ltr'><strong>tempore</strong></span> <span class='ocrx_word' id='word_1_48' title='bbox 840 456 923 484; x_wconf 85' lang='lat' dir='ltr'><strong>etiam</strong></span> <span class='ocrx_word' id='word_1_49' title='bbox 938 456 1083 483; x_wconf 84' lang='lat' dir='ltr'><strong>Marcellus</strong></span> 
     </span>
    </p>
   </div>
   <div class='ocr_carea' id='block_1_11' title="bbox 294 502 1081 542">
    <p class='ocr_par' dir='ltr' id='par_1_11' title="bbox 294 502 1081 542">
     <span class='ocr_line' id='line_1_11' title="bbox 294 502 1081 542; baseline -0.006 -8"><span class='ocrx_word' id='word_1_50' title='bbox 294 507 422 542; x_wconf 79' lang='lat' dir='ltr'><strong>Apameae</strong></span> <span class='ocrx_word' id='word_1_51' title='bbox 453 504 551 540; x_wconf 66' lang='lat' dir='ltr'><strong>(Syriae</strong></span> <span class='ocrx_word' id='word_1_52' title='bbox 583 504 649 531; x_wconf 83' lang='lat' dir='ltr'><strong>urbs</strong></span> <span class='ocrx_word' id='word_1_53' title='bbox 683 504 735 538; x_wconf 87' lang='lat' dir='ltr'><strong>est)</strong></span> <span class='ocrx_word' id='word_1_54' title='bbox 759 503 905 538; x_wconf 82' lang='lat' dir='ltr'><strong>episcopus</strong></span> <span class='ocrx_word' id='word_1_55' title='bbox 923 502 1081 529; x_wconf 79' lang='lat' dir='ltr'><strong>Graecanica</strong></span> 
     </span>
    </p>
   </div>
   <div class='ocr_carea' id='block_1_12' title="bbox 295 548 1081 588">
    <p class='ocr_par' dir='ltr' id='par_1_12' title="bbox 295 548 1081 588">
     <span class='ocr_line' id='line_1_12' title="bbox 295 548 1081 588; baseline -0.008 -7"><span class='ocrx_word' id='word_1_56' title='bbox 295 553 394 588; x_wconf 89' lang='lat' dir='ltr'><strong>templa</strong></span> <span class='ocrx_word' id='word_1_57' title='bbox 412 552 562 580; x_wconf 86' lang='lat' dir='ltr'><strong>demoliens</strong></span> <span class='ocrx_word' id='word_1_58' title='bbox 579 559 593 577; x_wconf 90' lang='lat' dir='ltr'><strong>a</strong></span> <span class='ocrx_word' id='word_1_59' title='bbox 608 549 711 578; x_wconf 60' lang='lat' dir='ltr'><strong>Graecis</strong></span> <span class='ocrx_word' id='word_1_60' title='bbox 734 555 776 577; x_wconf 90' lang='lat' dir='ltr'><strong>est</strong></span> <span class='ocrx_word' id='word_1_61' title='bbox 804 553 930 578; x_wconf 88' lang='lat' dir='ltr'><strong>necatus.</strong></span> <span class='ocrx_word' id='word_1_62' title='bbox 946 548 1081 577; x_wconf 66' lang='lat' dir='ltr'><strong>Caeterum</strong></span> 
     </span>
    </p>
   </div>
   <div class='ocr_carea' id='block_1_13' title="bbox 293 595 1082 635">
    <p class='ocr_par' dir='ltr' id='par_1_13' title="bbox 293 595 1082 635">
     <span class='ocr_line' id='line_1_13' title="bbox 293 595 1082 635; baseline -0.008 -8"><span class='ocrx_word' id='word_1_63' title='bbox 293 599 396 635; x_wconf 86' lang='lat' dir='ltr'><strong>templo</strong></span> <span class='ocrx_word' id='word_1_64' title='bbox 414 598 554 633; x_wconf 82' lang='lat' dir='ltr'><strong>Serapidis</strong></span> <span class='ocrx_word' id='word_1_65' title='bbox 568 596 743 625; x_wconf 67' lang='lat' dir='ltr'><strong>Alexandriae</strong></span> <span class='ocrx_word' id='word_1_66' title='bbox 763 596 904 623; x_wconf 84' lang='lat' dir='ltr'><strong>destructo</strong></span> <span class='ocrx_word' id='word_1_67' title='bbox 927 603 1011 624; x_wconf 69' lang='lat' dir='ltr'><strong>sacra:</strong></span> <span class='ocrx_word' id='word_1_68' title='bbox 1037 595 1082 622; x_wconf 90' lang='lat' dir='ltr'><strong>lit-</strong></span> 
     </span>
    </p>
   </div>
   <div class='ocr_carea' id='block_1_14' title="bbox 294 641 1082 673">
    <p class='ocr_par' dir='ltr' id='par_1_14' title="bbox 294 641 1082 673">
     <span class='ocr_line' id='line_1_14' title="bbox 294 641 1082 673; baseline -0.005 -1"><span class='ocrx_word' id='word_1_69' title='bbox 294 652 414 673; x_wconf 85' lang='lat' dir='ltr'><strong>terarum</strong></span> <span class='ocrx_word' id='word_1_70' title='bbox 434 648 507 672; x_wconf 58' lang='lat' dir='ltr'><strong>nota</strong></span> <span class='ocrx_word' id='word_1_71' title='bbox 518 644 635 671; x_wconf 73' lang='lat' dir='ltr'><strong>inventae</strong></span> <span class='ocrx_word' id='word_1_72' title='bbox 651 648 715 670; x_wconf 89' lang='lat' dir='ltr'><strong>sunt</strong></span> <span class='ocrx_word' id='word_1_73' title='bbox 734 643 825 670; x_wconf 89' lang='lat' dir='ltr'><strong>crucis</strong></span> <span class='ocrx_word' id='word_1_74' title='bbox 837 641 937 669; x_wconf 82' lang='lat' dir='ltr'><strong>forma.</strong></span> <span class='ocrx_word' id='word_1_75' title='bbox 952 642 1005 670; x_wconf 87' lang='lat' dir='ltr'><strong>Eas</strong></span> <span class='ocrx_word' id='word_1_76' title='bbox 1020 649 1082 668; x_wconf 90' lang='lat' dir='ltr'><strong>cum</strong></span> 
     </span>
    </p>
   </div>
   <div class='ocr_carea' id='block_1_15' title="bbox 294 686 1083 723">
    <p class='ocr_par' dir='ltr' id='par_1_15' title="bbox 294 686 1083 723">
     <span class='ocr_line' id='line_1_15' title="bbox 294 686 1083 723; baseline -0.005 -6"><span class='ocrx_word' id='word_1_77' title='bbox 294 690 430 717; x_wconf 79' lang='lat' dir='ltr'><strong>vidissent</strong></span> <span class='ocrx_word' id='word_1_78' title='bbox 443 689 544 716; x_wconf 65' lang='lat' dir='ltr'><strong>Grtecm</strong></span> <span class='ocrx_word' id='word_1_79' title='bbox 568 687 709 723; x_wconf 79' lang='lat' dir='ltr'><strong>religionis</strong></span> <span class='ocrx_word' id='word_1_80' title='bbox 728 687 867 720; x_wconf 81' lang='lat' dir='ltr'><strong>homines,</strong></span> <span class='ocrx_word' id='word_1_81' title='bbox 895 686 975 713; x_wconf 83' lang='lat' dir='ltr'><strong>ﬁdem</strong></span> <span class='ocrx_word' id='word_1_82' title='bbox 1004 686 1083 714; x_wconf 88' lang='lat' dir='ltr'><strong>Chri-</strong></span> 
     </span>
    </p>
   </div>
   <div class='ocr_carea' id='block_1_16' title="bbox 295 731 1081 769">
    <p class='ocr_par' dir='ltr' id='par_1_16' title="bbox 295 731 1081 769">
     <span class='ocr_line' id='line_1_16' title="bbox 295 731 1081 769; baseline -0.005 -7"><span class='ocrx_word' id='word_1_83' title='bbox 295 736 411 763; x_wconf 85' lang='lat' dir='ltr'><strong>stianam</strong></span> <span class='ocrx_word' id='word_1_84' title='bbox 428 734 545 769; x_wconf 82' lang='lat' dir='ltr'><strong>amplexi</strong></span> <span class='ocrx_word' id='word_1_85' title='bbox 557 737 633 765; x_wconf 88' lang='lat' dir='ltr'><strong>sunt,</strong></span> <span class='ocrx_word' id='word_1_86' title='bbox 646 733 769 760; x_wconf 79' lang='lat' dir='ltr'><strong>dicentes</strong></span> <span class='ocrx_word' id='word_1_87' title='bbox 780 731 989 767; x_wconf 78' lang='lat' dir='ltr'><strong>hieroglyphico</strong></span> <span class='ocrx_word' id='word_1_88' title='bbox 1000 739 1081 759; x_wconf 87' lang='lat' dir='ltr'><strong>sensu</strong></span> 
     </span>
    </p>
   </div>
   <div class='ocr_carea' id='block_1_17' title="bbox 294 777 1083 816">
    <p class='ocr_par' dir='ltr' id='par_1_17' title="bbox 294 777 1083 816">
     <span class='ocr_line' id='line_1_17' title="bbox 294 777 1083 816; baseline -0.005 -8"><span class='ocrx_word' id='word_1_89' title='bbox 294 789 404 809; x_wconf 76' lang='lat' dir='ltr'><strong>crucem</strong></span> <span class='ocrx_word' id='word_1_90' title='bbox 437 780 582 816; x_wconf 74' lang='lat' dir='ltr'><strong>designare</strong></span> <span class='ocrx_word' id='word_1_91' title='bbox 607 781 691 806; x_wconf 90' lang='lat' dir='ltr'><strong>vitam</strong></span> <span class='ocrx_word' id='word_1_92' title='bbox 726 779 973 814; x_wconf 85' lang='lat' dir='ltr'><strong>supervenientem.</strong></span> <span class='ocrx_word' id='word_1_93' title='bbox 1004 777 1083 804; x_wconf 86' lang='lat' dir='ltr'><strong>Hunc</strong></span> 
     </span>
    </p>
   </div>
   <div class='ocr_carea' id='block_1_18' title="bbox 294 823 1080 863">
    <p class='ocr_par' dir='ltr' id='par_1_18' title="bbox 294 823 1080 863">
     <span class='ocr_line' id='line_1_18' title="bbox 294 823 1080 863; baseline -0.006 -8"><span class='ocrx_word' id='word_1_94' title='bbox 294 828 410 863; x_wconf 81' lang='lat' dir='ltr'><strong>Serapiu</strong></span> <span class='ocrx_word' id='word_1_95' title='bbox 436 827 481 854; x_wconf 82' lang='lat' dir='ltr'><strong>alii</strong></span> <span class='ocrx_word' id='word_1_96' title='bbox 507 826 602 854; x_wconf 84' lang='lat' dir='ltr'><strong>J0vem</strong></span> <span class='ocrx_word' id='word_1_97' title='bbox 633 833 695 853; x_wconf 85' lang='lat' dir='ltr'><strong>esse</strong></span> <span class='ocrx_word' id='word_1_98' title='bbox 724 825 880 860; x_wconf 81' lang='lat' dir='ltr'><strong>perhibent,</strong></span> <span class='ocrx_word' id='word_1_99' title='bbox 908 824 954 852; x_wconf 87' lang='lat' dir='ltr'><strong>alii</strong></span> <span class='ocrx_word' id='word_1_100' title='bbox 979 823 1080 856; x_wconf 79' lang='lat' dir='ltr'><strong>Nilum,</strong></span> 
     </span>
    </p>
   </div>
   <div class='ocr_carea' id='block_1_19' title="bbox 294 870 1080 908">
    <p class='ocr_par' dir='ltr' id='par_1_19' title="bbox 294 870 1080 908">
     <span class='ocr_line' id='line_1_19' title="bbox 294 870 1080 908; baseline -0.006 -7"><span class='ocrx_word' id='word_1_101' title='bbox 294 875 355 901; x_wconf 86' lang='lat' dir='ltr'><strong>ideo</strong></span> <span class='ocrx_word' id='word_1_102' title='bbox 382 873 454 908; x_wconf 87' lang='lat' dir='ltr'><strong>quod</strong></span> <span class='ocrx_word' id='word_1_103' title='bbox 481 873 604 899; x_wconf 90' lang='lat' dir='ltr'><strong>modium</strong></span> <span class='ocrx_word' id='word_1_104' title='bbox 622 871 704 898; x_wconf 81' lang='lat' dir='ltr'><strong>habet</strong></span> <span class='ocrx_word' id='word_1_105' title='bbox 730 871 758 898; x_wconf 93' lang='lat' dir='ltr'><strong>in</strong></span> <span class='ocrx_word' id='word_1_106' title='bbox 775 871 865 906; x_wconf 87' lang='lat' dir='ltr'><strong>capite</strong></span> <span class='ocrx_word' id='word_1_107' title='bbox 894 874 921 898; x_wconf 83' lang='lat' dir='ltr'><strong>et</strong></span> <span class='ocrx_word' id='word_1_108' title='bbox 947 870 1080 897; x_wconf 85' lang='lat' dir='ltr'><strong>cubitum.</strong></span> 
     </span>
    </p>
   </div>
   <div class='ocr_carea' id='block_1_20' title="bbox 1134 274 1928 312">
    <p class='ocr_par' dir='ltr' id='par_1_20' title="bbox 1134 274 1928 312">
     <span class='ocr_line' id='line_1_20' title="bbox 1134 274 1928 312; baseline 0.008 -13"><span class='ocrx_word' id='word_1_109' title='bbox 1134 274 1192 299; x_wconf 65' lang='grc' dir='ltr'>υἱὸν</span> <span class='ocrx_word' id='word_1_110' title='bbox 1210 274 1292 301; x_wconf 80' lang='grc' dir='ltr'>αὐτοῦ</span> <span class='ocrx_word' id='word_1_111' title='bbox 1314 275 1436 309; x_wconf 80' lang='grc' dir='ltr'>βασιλέα,</span> <span class='ocrx_word' id='word_1_112' title='bbox 1456 278 1504 303; x_wconf 75' lang='grc' dir='ltr'>καὶ</span> <span class='ocrx_word' id='word_1_113' title='bbox 1525 277 1638 312; x_wconf 79' lang='grc' dir='ltr'><strong>ἀνῆλθεν</strong></span> <span class='ocrx_word' id='word_1_114' title='bbox 1655 278 1683 303; x_wconf 80' lang='grc' dir='ltr'>ἐν</span> <span class='ocrx_word' id='word_1_115' title='bbox 1703 278 1928 305; x_wconf 79' lang='grc' dir='ltr'>Κωνσταντινου-</span> 
     </span>
    </p>
   </div>
   <div class='ocr_carea' id='block_1_21' title="bbox 1135 320 1928 359">
    <p class='ocr_par' dir='ltr' id='par_1_21' title="bbox 1135 320 1928 359">
     <span class='ocr_line' id='line_1_21' title="bbox 1135 320 1928 359; baseline 0.008 -14"><span class='ocrx_word' id='word_1_116' title='bbox 1135 320 1221 346; x_wconf 77' lang='grc' dir='ltr'>πόλει.</span> <span class='ocrx_word' id='word_1_117' title='bbox 1238 321 1292 347; x_wconf 81' lang='grc' dir='ltr'><strong>Καὶ</strong></span> <span class='ocrx_word' id='word_1_118' title='bbox 1307 321 1353 347; x_wconf 77' lang='grc' dir='ltr'><strong>τοῦ</strong></span> <span class='ocrx_word' id='word_1_119' title='bbox 1374 322 1575 358; x_wconf 70' lang='grc' dir='ltr'><strong>Ἀλεξανδρείας</strong></span> <span class='ocrx_word' id='word_1_120' title='bbox 1591 323 1720 358; x_wconf 69' lang='grc' dir='ltr'>Θεοφίλου</span> <span class='ocrx_word' id='word_1_121' title='bbox 1736 325 1928 359; x_wconf 63' lang='grc' dir='ltr'>αἰτησαμένου</span> 
     </span>
    </p>
   </div>
   <div class='ocr_carea' id='block_1_22' title="bbox 1132 366 1928 405">
    <p class='ocr_par' dir='ltr' id='par_1_22' title="bbox 1132 366 1928 405">
     <span class='ocr_line' id='line_1_22' title="bbox 1132 366 1928 405; baseline 0.005 -13"><span class='ocrx_word' id='word_1_122' title='bbox 1132 366 1166 392; x_wconf 87' lang='grc' dir='ltr'><strong>τὰ</strong></span> <span class='ocrx_word' id='word_1_123' title='bbox 1183 367 1242 401; x_wconf 79' lang='grc' dir='ltr'>ἱερὰ</span> <span class='ocrx_word' id='word_1_124' title='bbox 1256 368 1345 394; x_wconf 79' lang='grc' dir='ltr'>πάντα</span> <span class='ocrx_word' id='word_1_125' title='bbox 1359 367 1412 394; x_wconf 84' lang='grc' dir='ltr'>τῶν</span> <span class='ocrx_word' id='word_1_126' title='bbox 1429 369 1561 404; x_wconf 80' lang='grc' dir='ltr'><strong>Ἐλλήνων</strong></span> <span class='ocrx_word' id='word_1_127' title='bbox 1575 370 1767 405; x_wconf 77' lang='grc' dir='ltr'><strong>καθῃρέθησαν</strong></span> <span class='ocrx_word' id='word_1_128' title='bbox 1779 370 1827 397; x_wconf 75' lang='grc' dir='ltr'><strong>καὶ</strong></span> <span class='ocrx_word' id='word_1_129' title='bbox 1838 371 1874 397; x_wconf 70' lang='grc' dir='ltr'><strong>τα</strong></span> <span class='ocrx_word' id='word_1_130' title='bbox 1888 371 1928 396; x_wconf 77' lang='grc' dir='ltr'><strong>εἵ-</strong></span> 
     </span>
    </p>
   </div>
   <div class='ocr_carea' id='block_1_23' title="bbox 1132 406 1927 451">
    <p class='ocr_par' dir='ltr' id='par_1_23' title="bbox 1132 406 1927 451">
     <span class='ocr_line' id='line_1_23' title="bbox 1132 406 1927 451; baseline 0.006 -13"><span class='ocrx_word' id='word_1_131' title='bbox 1132 412 1203 439; x_wconf 88' lang='grc' dir='ltr'>δωλα</span> <span class='ocrx_word' id='word_1_132' title='bbox 1226 406 1418 448; x_wconf 79' lang='grc' dir='ltr'>ἑχωνεύθησαν</span> <span class='ocrx_word' id='word_1_133' title='bbox 1437 416 1485 442; x_wconf 70' lang='grc' dir='ltr'>καὶ</span> <span class='ocrx_word' id='word_1_134' title='bbox 1507 416 1546 447; x_wconf 78' lang='grc' dir='ltr'><strong>εἰς</strong></span> <span class='ocrx_word' id='word_1_135' title='bbox 1573 416 1667 451; x_wconf 79' lang='grc' dir='ltr'>χρείας</span> <span class='ocrx_word' id='word_1_136' title='bbox 1689 416 1812 451; x_wconf 79' lang='grc' dir='ltr'>πενήτων</span> <span class='ocrx_word' id='word_1_137' title='bbox 1832 417 1927 450; x_wconf 69' lang='grc' dir='ltr'>ἐδόθη.</span> 
     </span>
    </p>
   </div>
   <div class='ocr_carea' id='block_1_24' title="bbox 1133 458 1929 498">
    <p class='ocr_par' dir='ltr' id='par_1_24' title="bbox 1133 458 1929 498">
     <span class='ocr_line' id='line_1_24' title="bbox 1133 458 1929 498; baseline 0.006 -14"><span class='ocrx_word' id='word_1_138' title='bbox 1133 458 1199 484; x_wconf 85' lang='grc' dir='ltr'>Τότε</span> <span class='ocrx_word' id='word_1_139' title='bbox 1215 459 1261 485; x_wconf 74' lang='grc' dir='ltr'>καὶ</span> <span class='ocrx_word' id='word_1_140' title='bbox 1276 460 1436 494; x_wconf 65' lang='grc' dir='ltr'>Μάρκελλος</span> <span class='ocrx_word' id='word_1_141' title='bbox 1449 462 1463 488; x_wconf 79' lang='grc' dir='ltr'>ὁ</span> <span class='ocrx_word' id='word_1_142' title='bbox 1478 462 1627 494; x_wconf 77' lang='grc' dir='ltr'>ἐπίσκοπος</span> <span class='ocrx_word' id='word_1_143' title='bbox 1641 463 1794 498; x_wconf 74' lang='grc' dir='ltr'>’Δπαμείας</span> <span class='ocrx_word' id='word_1_144' title='bbox 1806 464 1858 498; x_wconf 82' lang='grc' dir='ltr'><strong>τῆς</strong></span> <span class='ocrx_word' id='word_1_145' title='bbox 1875 463 1929 489; x_wconf 79' lang='grc' dir='ltr'><strong>Συ-</strong></span> 
     </span>
    </p>
   </div>
   <div class='ocr_carea' id='block_1_25' title="bbox 1134 504 1930 544">
    <p class='ocr_par' dir='ltr' id='par_1_25' title="bbox 1134 504 1930 544">
     <span class='ocr_line' id='line_1_25' title="bbox 1134 504 1930 544; baseline 0.008 -14"><span class='ocrx_word' id='word_1_146' title='bbox 1134 504 1194 539; x_wconf 85' lang='grc' dir='ltr'>ρίας</span> <span class='ocrx_word' id='word_1_147' title='bbox 1212 505 1294 538; x_wconf 86' lang='grc' dir='ltr'>ναοὺς</span> <span class='ocrx_word' id='word_1_148' title='bbox 1309 506 1482 542; x_wconf 79' lang='grc' dir='ltr'>Ἑλληνικοὺς</span> <span class='ocrx_word' id='word_1_149' title='bbox 1503 510 1700 542; x_wconf 69' lang='grc' dir='ltr'><strong>καταστρέφων</strong></span> <span class='ocrx_word' id='word_1_150' title='bbox 1722 509 1774 535; x_wconf 75' lang='grc' dir='ltr'><strong>ὑπὸ</strong></span> <span class='ocrx_word' id='word_1_151' title='bbox 1789 509 1930 544; x_wconf 80' lang='grc' dir='ltr'>Ἐλλήνων</span> 
     </span>
    </p>
   </div>
   <div class='ocr_carea' id='block_1_26' title="bbox 1132 551 1929 590">
    <p class='ocr_par' dir='ltr' id='par_1_26' title="bbox 1132 551 1929 590">
     <span class='ocr_line' id='line_1_26' title="bbox 1132 551 1929 590; baseline 0.006 -13"><span class='ocrx_word' id='word_1_152' title='bbox 1132 551 1295 587; x_wconf 81' lang='grc' dir='ltr'>ἀναιρεῖται.</span> <span class='ocrx_word' id='word_1_153' title='bbox 1314 553 1367 579; x_wconf 89' lang='grc' dir='ltr'>Τοῦ</span> <span class='ocrx_word' id='word_1_154' title='bbox 1388 553 1416 580; x_wconf 83' lang='grc' dir='ltr'>δὲ</span> <span class='ocrx_word' id='word_1_155' title='bbox 1436 553 1500 580; x_wconf 84' lang='grc' dir='ltr'>ναοῦ</span> <span class='ocrx_word' id='word_1_156' title='bbox 1519 554 1565 581; x_wconf 80' lang='grc' dir='ltr'><strong>τοῦ</strong></span> <span class='ocrx_word' id='word_1_157' title='bbox 1586 554 1737 590; x_wconf 83' lang='grc' dir='ltr'>Σαράπιδος</span> <span class='ocrx_word' id='word_1_158' title='bbox 1757 556 1787 581; x_wconf 82' lang='grc' dir='ltr'>ὲν</span> <span class='ocrx_word' id='word_1_159' title='bbox 1799 555 1929 587; x_wconf 72' lang='grc' dir='ltr'>Ἀλεξαν-</span> 
     </span>
    </p>
   </div>
   <div class='ocr_carea' id='block_1_27' title="bbox 1132 596 1930 637">
    <p class='ocr_par' dir='ltr' id='par_1_27' title="bbox 1132 596 1930 637">
     <span class='ocr_line' id='line_1_27' title="bbox 1132 596 1930 637; baseline 0.006 -14"><span class='ocrx_word' id='word_1_160' title='bbox 1132 596 1209 633; x_wconf 84' lang='grc' dir='ltr'>δρείᾳ</span> <span class='ocrx_word' id='word_1_161' title='bbox 1222 598 1354 633; x_wconf 76' lang='grc' dir='ltr'><strong>λυομένου</strong></span> <span class='ocrx_word' id='word_1_162' title='bbox 1369 599 1548 634; x_wconf 76' lang='grc' dir='ltr'>ίερογλυφικὰ</span> <span class='ocrx_word' id='word_1_163' title='bbox 1561 601 1713 636; x_wconf 74' lang='grc' dir='ltr'>γράμματα</span> <span class='ocrx_word' id='word_1_164' title='bbox 1725 601 1825 637; x_wconf 74' lang='grc' dir='ltr'>εὑρέθη</span> <span class='ocrx_word' id='word_1_165' title='bbox 1842 610 1930 628; x_wconf 84' lang='grc' dir='ltr'>σταυ-</span> 
     </span>
    </p>
   </div>
   <div class='ocr_carea' id='block_1_28' title="bbox 1133 642 1930 681">
    <p class='ocr_par' dir='ltr' id='par_1_28' title="bbox 1133 642 1930 681">
     <span class='ocr_line' id='line_1_28' title="bbox 1133 642 1930 681; baseline 0.006 -13"><span class='ocrx_word' id='word_1_166' title='bbox 1133 642 1180 677; x_wconf 82' lang='grc' dir='ltr'><strong>ροῦ</strong></span> <span class='ocrx_word' id='word_1_167' title='bbox 1194 643 1279 669; x_wconf 83' lang='grc' dir='ltr'>τύπον</span> <span class='ocrx_word' id='word_1_168' title='bbox 1294 644 1437 679; x_wconf 70' lang='grc' dir='ltr'>ἐπέχοντα,</span> <span class='ocrx_word' id='word_1_169' title='bbox 1449 645 1521 680; x_wconf 74' lang='grc' dir='ltr'>ἅπερ</span> <span class='ocrx_word' id='word_1_170' title='bbox 1534 646 1558 672; x_wconf 86' lang='grc' dir='ltr'><strong>οί</strong></span> <span class='ocrx_word' id='word_1_171' title='bbox 1573 645 1603 678; x_wconf 76' lang='grc' dir='ltr'><strong>ἐξ</strong></span> <span class='ocrx_word' id='word_1_172' title='bbox 1613 646 1747 680; x_wconf 82' lang='grc' dir='ltr'>Ἑλλήνων</span> <span class='ocrx_word' id='word_1_173' title='bbox 1761 645 1930 681; x_wconf 82' lang='grc' dir='ltr'>θεασάμενοι</span> 
     </span>
    </p>
   </div>
   <div class='ocr_carea' id='block_1_29' title="bbox 1132 687 1928 726">
    <p class='ocr_par' dir='ltr' id='par_1_29' title="bbox 1132 687 1928 726">
     <span class='ocr_line' id='line_1_29' title="bbox 1132 687 1928 726; baseline 0.005 -12"><span class='ocrx_word' id='word_1_174' title='bbox 1132 687 1306 722; x_wconf 79' lang='grc' dir='ltr'>ἐπίστευσαν,</span> <span class='ocrx_word' id='word_1_175' title='bbox 1328 690 1456 724; x_wconf 84' lang='grc' dir='ltr'>λέγοντες</span> <span class='ocrx_word' id='word_1_176' title='bbox 1480 691 1624 725; x_wconf 84' lang='grc' dir='ltr'><strong>σημαίνειν</strong></span> <span class='ocrx_word' id='word_1_177' title='bbox 1643 691 1688 717; x_wconf 80' lang='grc' dir='ltr'>τὸν</span> <span class='ocrx_word' id='word_1_178' title='bbox 1710 691 1828 726; x_wconf 80' lang='grc' dir='ltr'>σταυρὸν</span> <span class='ocrx_word' id='word_1_179' title='bbox 1852 691 1928 718; x_wconf 79' lang='grc' dir='ltr'>κατὰ</span> 
     </span>
    </p>
   </div>
   <div class='ocr_carea' id='block_1_30' title="bbox 1132 734 1928 772">
    <p class='ocr_par' dir='ltr' id='par_1_30' title="bbox 1132 734 1928 772">
     <span class='ocr_line' id='line_1_30' title="bbox 1132 734 1928 772; baseline 0.004 -12"><span class='ocrx_word' id='word_1_180' title='bbox 1132 734 1181 768; x_wconf 84' lang='grc' dir='ltr'>τὴν</span> <span class='ocrx_word' id='word_1_181' title='bbox 1198 734 1252 761; x_wconf 87' lang='grc' dir='ltr'><strong>τῶν</strong></span> <span class='ocrx_word' id='word_1_182' title='bbox 1274 735 1471 771; x_wconf 74' lang='grc' dir='ltr'><strong>ἱερογλυφικῶν</strong></span> <span class='ocrx_word' id='word_1_183' title='bbox 1489 736 1531 772; x_wconf 81' lang='grc' dir='ltr'><strong>[Ρ.</strong></span> <span class='ocrx_word' id='word_1_184' title='bbox 1548 735 1613 772; x_wconf 69' lang='grc'>525]</span> <span class='ocrx_word' id='word_1_185' title='bbox 1630 737 1802 772; x_wconf 78' lang='grc' dir='ltr'>γραμμάτων</span> <span class='ocrx_word' id='word_1_186' title='bbox 1818 737 1928 763; x_wconf 71' lang='grc' dir='ltr'>ἔννοιαν</span> 
     </span>
    </p>
   </div>
   <div class='ocr_carea' id='block_1_31' title="bbox 1132 779 1928 818">
    <p class='ocr_par' dir='ltr' id='par_1_31' title="bbox 1132 779 1928 818">
     <span class='ocr_line' id='line_1_31' title="bbox 1132 779 1928 818; baseline 0.004 -12"><span class='ocrx_word' id='word_1_187' title='bbox 1132 779 1205 815; x_wconf 80' lang='grc' dir='ltr'>ζωὴν</span> <span class='ocrx_word' id='word_1_188' title='bbox 1222 781 1421 817; x_wconf 75' lang='grc' dir='ltr'>ἐπερχομένην.</span> <span class='ocrx_word' id='word_1_189' title='bbox 1441 782 1542 809; x_wconf 82' lang='grc' dir='ltr'>Τοῦτον</span> <span class='ocrx_word' id='word_1_190' title='bbox 1560 782 1606 808; x_wconf 71' lang='grc' dir='ltr'><strong>τὸν</strong></span> <span class='ocrx_word' id='word_1_191' title='bbox 1624 783 1747 818; x_wconf 73' lang='grc' dir='ltr'>Σάραπιν</span> <span class='ocrx_word' id='word_1_192' title='bbox 1765 783 1789 808; x_wconf 73' lang='lat' dir='ltr'><strong>al</strong></span> <span class='ocrx_word' id='word_1_193' title='bbox 1809 783 1860 818; x_wconf 81' lang='grc' dir='ltr'>μὲν</span> <span class='ocrx_word' id='word_1_194' title='bbox 1879 783 1928 809; x_wconf 81' lang='grc' dir='ltr'><strong>τὸν</strong></span> 
     </span>
    </p>
   </div>
   <div class='ocr_carea' id='block_1_32' title="bbox 1132 826 1928 865">
    <p class='ocr_par' dir='ltr' id='par_1_32' title="bbox 1132 826 1928 865">
     <span class='ocr_line' id='line_1_32' title="bbox 1132 826 1928 865; baseline 0.004 -12"><span class='ocrx_word' id='word_1_195' title='bbox 1132 827 1181 854; x_wconf 89' lang='grc' dir='ltr'>Δία</span> <span class='ocrx_word' id='word_1_196' title='bbox 1193 826 1264 855; x_wconf 85' lang='grc' dir='ltr'>εἶναι</span> <span class='ocrx_word' id='word_1_197' title='bbox 1277 829 1412 863; x_wconf 80' lang='grc' dir='ltr'>λέγουσιν,</span> <span class='ocrx_word' id='word_1_198' title='bbox 1426 830 1450 856; x_wconf 79' lang='grc' dir='ltr'>οἱ</span> <span class='ocrx_word' id='word_1_199' title='bbox 1465 829 1493 856; x_wconf 82' lang='grc' dir='ltr'>δὲ</span> <span class='ocrx_word' id='word_1_200' title='bbox 1505 830 1550 857; x_wconf 78' lang='grc' dir='ltr'><strong>τὸν</strong></span> <span class='ocrx_word' id='word_1_201' title='bbox 1563 830 1658 856; x_wconf 84' lang='grc' dir='ltr'>Νεῖλον</span> <span class='ocrx_word' id='word_1_202' title='bbox 1671 829 1716 856; x_wconf 78' lang='grc' dir='ltr'><strong>διὰ</strong></span> <span class='ocrx_word' id='word_1_203' title='bbox 1729 830 1759 856; x_wconf 69' lang='grc' dir='ltr'>τὸ</span> <span class='ocrx_word' id='word_1_204' title='bbox 1772 830 1817 856; x_wconf 82' lang='grc' dir='ltr'>τὸν</span> <span class='ocrx_word' id='word_1_205' title='bbox 1832 830 1928 865; x_wconf 81' lang='grc' dir='ltr'>μόδιον</span> 
     </span>
    </p>
   </div>
   <div class='ocr_carea' id='block_1_33' title="bbox 1133 874 1925 912">
    <p class='ocr_par' dir='ltr' id='par_1_33' title="bbox 1133 874 1925 912">
     <span class='ocr_line' id='line_1_33' title="bbox 1133 874 1925 912; baseline 0.004 -11"><span class='ocrx_word' id='word_1_206' title='bbox 1133 875 1206 910; x_wconf 74' lang='grc' dir='ltr'>ἔχειν</span> <span class='ocrx_word' id='word_1_207' title='bbox 1219 877 1248 902; x_wconf 84' lang='grc' dir='ltr'>ὲν</span> <span class='ocrx_word' id='word_1_208' title='bbox 1262 877 1295 911; x_wconf 84' lang='grc' dir='ltr'><strong>τῇ</strong></span> <span class='ocrx_word' id='word_1_209' title='bbox 1313 876 1419 912; x_wconf 80' lang='grc' dir='ltr'>κεφαλῇ</span> <span class='ocrx_word' id='word_1_210' title='bbox 1437 877 1483 903; x_wconf 76' lang='grc' dir='ltr'>καὶ</span> <span class='ocrx_word' id='word_1_211' title='bbox 1497 877 1544 903; x_wconf 82' lang='grc' dir='ltr'>τὸν</span> <span class='ocrx_word' id='word_1_212' title='bbox 1559 877 1660 911; x_wconf 68' lang='grc' dir='ltr'>πῆχυν.</span> <span class='ocrx_word' id='word_1_213' title='bbox 1675 877 1706 903; x_wconf 83' lang='grc' dir='ltr'><strong>Οἱ</strong></span> <span class='ocrx_word' id='word_1_214' title='bbox 1721 877 1750 903; x_wconf 80' lang='grc' dir='ltr'>δὲ</span> <span class='ocrx_word' id='word_1_215' title='bbox 1758 874 1843 903; x_wconf 72' lang='grc' dir='ltr'><strong>ἵΛπίν</strong></span> <span class='ocrx_word' id='word_1_216' title='bbox 1858 886 1925 904; x_wconf 86' lang='grc' dir='ltr'>τινα</span> 
     </span>
    </p>
   </div>
   <div class='ocr_carea' id='block_1_34' title="bbox 293 909 1079 957">
    <p class='ocr_par' dir='ltr' id='par_1_34' title="bbox 293 915 1079 954">
     <span class='ocr_line' id='line_1_34' title="bbox 293 915 1079 954; baseline -0.005 -8"><span class='ocrx_word' id='word_1_217' title='bbox 293 920 347 946; x_wconf 75' lang='lat' dir='ltr'><strong>Alii</strong></span> <span class='ocrx_word' id='word_1_218' title='bbox 371 919 441 954; x_wconf 87' lang='lat' dir='ltr'><strong>Apin</strong></span> <span class='ocrx_word' id='word_1_219' title='bbox 457 917 602 953; x_wconf 85' lang='lat' dir='ltr'><strong>quemdam</strong></span> <span class='ocrx_word' id='word_1_220' title='bbox 619 917 696 944; x_wconf 89' lang='lat' dir='ltr'><strong>aiunt</strong></span> <span class='ocrx_word' id='word_1_221' title='bbox 710 916 848 944; x_wconf 89' lang='lat' dir='ltr'><strong>hominem</strong></span> <span class='ocrx_word' id='word_1_222' title='bbox 864 915 976 943; x_wconf 81' lang='lat' dir='ltr'><strong>divitem</strong></span> <span class='ocrx_word' id='word_1_223' title='bbox 996 915 1079 942; x_wconf 80' lang='lat' dir='ltr'><strong>luisse</strong></span> 
     </span>
    </p>
   </div>
   <div class='ocr_carea' id='block_1_35' title="bbox 1130 909 1926 957">
    <p class='ocr_par' dir='ltr' id='par_1_35' title="bbox 1133 909 1926 957">
     <span class='ocr_line' id='line_1_35' title="bbox 1133 909 1926 957; baseline 0 -9"><span class='ocrx_word' id='word_1_224' title='bbox 1133 909 1277 957; x_wconf 66' lang='grc' dir='ltr'>ἄνθρωπον</span> <span class='ocrx_word' id='word_1_225' title='bbox 1289 909 1449 957; x_wconf 49' lang='grc' dir='ltr'>εΰπορονηὲν</span> <span class='ocrx_word' id='word_1_226' title='bbox 1461 909 1758 956; x_wconf 36' lang='grc' dir='ltr'>Αίγύπτῳηγεγονέναι,</span> <span class='ocrx_word' id='word_1_227' title='bbox 1772 922 1801 953; x_wconf 79' lang='grc' dir='ltr'>ὃς</span> <span class='ocrx_word' id='word_1_228' title='bbox 1816 923 1845 948; x_wconf 82' lang='grc' dir='ltr'>ὲν</span> <span class='ocrx_word' id='word_1_229' title='bbox 1859 931 1926 949; x_wconf 87' lang='grc' dir='ltr'>και-</span> 
     </span>
    </p>
   </div>
   <div class='ocr_carea' id='block_1_36' title="bbox 294 961 1082 1001">
    <p class='ocr_par' dir='ltr' id='par_1_36' title="bbox 294 961 1082 1001">
     <span class='ocr_line' id='line_1_36' title="bbox 294 961 1082 1001; baseline -0.006 -8"><span class='ocrx_word' id='word_1_230' title='bbox 294 967 322 993; x_wconf 82' lang='grc' dir='ltr'>ἱη</span> <span class='ocrx_word' id='word_1_231' title='bbox 338 965 466 1001; x_wconf 65' lang='lat' dir='ltr'><strong>Egypto,</strong></span> <span class='ocrx_word' id='word_1_232' title='bbox 481 964 527 999; x_wconf 85' lang='lat' dir='ltr'><strong>qui</strong></span> <span class='ocrx_word' id='word_1_233' title='bbox 542 967 657 998; x_wconf 78' lang='lat' dir='ltr'><strong>urgente</strong></span> <span class='ocrx_word' id='word_1_234' title='bbox 675 962 748 990; x_wconf 79' lang='lat' dir='ltr'><strong>fame</strong></span> <span class='ocrx_word' id='word_1_235' title='bbox 773 961 969 989; x_wconf 80' lang='lat' dir='ltr'><strong>Alexandrinis</strong></span> <span class='ocrx_word' id='word_1_236' title='bbox 983 961 1016 989; x_wconf 87' lang='lat' dir='ltr'><strong>de</strong></span> <span class='ocrx_word' id='word_1_237' title='bbox 1031 968 1082 988; x_wconf 87' lang='lat' dir='ltr'><strong>suo</strong></span> 
     </span>
    </p>
   </div>
   <div class='ocr_carea' id='block_1_37' title="bbox 294 1005 1082 1046">
    <p class='ocr_par' dir='ltr' id='par_1_37' title="bbox 294 1005 1082 1046">
     <span class='ocr_line' id='line_1_37' title="bbox 294 1005 1082 1046; baseline -0.008 -8"><span class='ocrx_word' id='word_1_238' title='bbox 294 1009 523 1046; x_wconf 86' lang='lat' dir='ltr'><strong>suppeditaverit:</strong></span> <span class='ocrx_word' id='word_1_239' title='bbox 553 1009 577 1036; x_wconf 89' lang='lat' dir='ltr'><strong>ei</strong></span> <span class='ocrx_word' id='word_1_240' title='bbox 602 1008 733 1035; x_wconf 82' lang='lat' dir='ltr'><strong>defuncto</strong></span> <span class='ocrx_word' id='word_1_241' title='bbox 755 1006 849 1034; x_wconf 79' lang='lat' dir='ltr'><strong>fanum</strong></span> <span class='ocrx_word' id='word_1_242' title='bbox 864 1005 950 1034; x_wconf 79' lang='lat' dir='ltr'><strong>fuisse</strong></span> <span class='ocrx_word' id='word_1_243' title='bbox 972 1010 1000 1033; x_wconf 86' lang='lat' dir='ltr'><strong>et</strong></span> <span class='ocrx_word' id='word_1_244' title='bbox 1025 1010 1082 1034; x_wconf 86' lang='lat' dir='ltr'><strong>sta-</strong></span> 
     </span>
    </p>
   </div>
   <div class='ocr_carea' id='block_1_38' title="bbox 293 1052 1081 1091">
    <p class='ocr_par' dir='ltr' id='par_1_38' title="bbox 293 1052 1081 1091">
     <span class='ocr_line' id='line_1_38' title="bbox 293 1052 1081 1091; baseline -0.008 -7"><span class='ocrx_word' id='word_1_245' title='bbox 293 1063 367 1085; x_wconf 90' lang='lat' dir='ltr'><strong>tuam</strong></span> <span class='ocrx_word' id='word_1_246' title='bbox 384 1056 514 1091; x_wconf 84' lang='lat' dir='ltr'><strong>positam,</strong></span> <span class='ocrx_word' id='word_1_247' title='bbox 528 1054 645 1089; x_wconf 86' lang='lat' dir='ltr'><strong>ejusquc</strong></span> <span class='ocrx_word' id='word_1_248' title='bbox 658 1054 755 1081; x_wconf 83' lang='lat' dir='ltr'><strong>bovem</strong></span> <span class='ocrx_word' id='word_1_249' title='bbox 771 1052 879 1088; x_wconf 88' lang='lat' dir='ltr'><strong>publice</strong></span> <span class='ocrx_word' id='word_1_250' title='bbox 895 1053 1029 1079; x_wconf 89' lang='lat' dir='ltr'><strong>nutritum</strong></span> <span class='ocrx_word' id='word_1_251' title='bbox 1049 1059 1081 1079; x_wconf 86' lang='lat' dir='ltr'><strong>ac</strong></span> 
     </span>
    </p>
   </div>
   <div class='ocr_carea' id='block_1_39' title="bbox 293 1098 1081 1133">
    <p class='ocr_par' dir='ltr' id='par_1_39' title="bbox 293 1098 1081 1133">
     <span class='ocr_line' id='line_1_39' title="bbox 293 1098 1081 1133; baseline -0.008 -3"><span class='ocrx_word' id='word_1_252' title='bbox 293 1102 397 1130; x_wconf 86' lang='lat' dir='ltr'><strong>domini</strong></span> <span class='ocrx_word' id='word_1_253' title='bbox 423 1102 467 1129; x_wconf 88' lang='lat' dir='ltr'><strong>sui</strong></span> <span class='ocrx_word' id='word_1_254' title='bbox 486 1100 598 1128; x_wconf 84' lang='lat' dir='ltr'><strong>nomine</strong></span> <span class='ocrx_word' id='word_1_255' title='bbox 613 1099 751 1127; x_wconf 76' lang='lat' dir='ltr'><strong>aﬂ‘ectutn.</strong></span> <span class='ocrx_word' id='word_1_256' title='bbox 768 1098 798 1126; x_wconf 87' lang='lat' dir='ltr'><strong>ld</strong></span> <span class='ocrx_word' id='word_1_257' title='bbox 818 1098 904 1126; x_wconf 86' lang='lat' dir='ltr'><strong>fuisse</strong></span> <span class='ocrx_word' id='word_1_258' title='bbox 927 1098 1081 1133; x_wconf 88' lang='lat' dir='ltr'><strong>symbolum</strong></span> 
     </span>
    </p>
   </div>
   <div class='ocr_carea' id='block_1_40' title="bbox 293 1143 1082 1182">
    <p class='ocr_par' dir='ltr' id='par_1_40' title="bbox 293 1143 1082 1182">
     <span class='ocr_line' id='line_1_40' title="bbox 293 1143 1082 1182; baseline -0.009 -7"><span class='ocrx_word' id='word_1_259' title='bbox 293 1147 421 1182; x_wconf 70' lang='lat' dir='ltr'><strong>agricola:</strong></span> <span class='ocrx_word' id='word_1_260' title='bbox 437 1155 444 1173; x_wconf 89' lang='lat'><strong>:</strong></span> <span class='ocrx_word' id='word_1_261' title='bbox 464 1145 512 1173; x_wconf 82' lang='lat' dir='ltr'><strong>sed</strong></span> <span class='ocrx_word' id='word_1_262' title='bbox 524 1149 550 1172; x_wconf 90' lang='lat' dir='ltr'><strong>et</strong></span> <span class='ocrx_word' id='word_1_263' title='bbox 567 1143 618 1170; x_wconf 85' lang='lat' dir='ltr'><strong>viri</strong></span> <span class='ocrx_word' id='word_1_264' title='bbox 635 1143 694 1179; x_wconf 83' lang='lat' dir='ltr'><strong>ejus</strong></span> <span class='ocrx_word' id='word_1_265' title='bbox 720 1150 820 1170; x_wconf 84' lang='lat' dir='ltr'><strong>nomen</strong></span> <span class='ocrx_word' id='word_1_266' title='bbox 838 1143 865 1169; x_wconf 96' lang='lat' dir='ltr'><strong>iu</strong></span> <span class='ocrx_word' id='word_1_267' title='bbox 882 1143 1010 1174; x_wconf 86' lang='lat' dir='ltr'><strong>Gorasin,</strong></span> <span class='ocrx_word' id='word_1_268' title='bbox 1026 1146 1082 1168; x_wconf 79' lang='lat' dir='ltr'><strong>sta-</strong></span> 
     </span>
    </p>
   </div>
   <div class='ocr_carea' id='block_1_41' title="bbox 294 1186 1081 1225">
    <p class='ocr_par' dir='ltr' id='par_1_41' title="bbox 294 1186 1081 1225">
     <span class='ocr_line' id='line_1_41' title="bbox 294 1186 1081 1225; baseline -0.008 -5"><span class='ocrx_word' id='word_1_269' title='bbox 294 1198 348 1220; x_wconf 71' lang='lat' dir='ltr'><strong>tua:</strong></span> <span class='ocrx_word' id='word_1_270' title='bbox 358 1192 387 1219; x_wconf 89' lang='lat' dir='ltr'><strong>in</strong></span> <span class='ocrx_word' id='word_1_271' title='bbox 405 1191 522 1225; x_wconf 88' lang='lat' dir='ltr'><strong>Serapin</strong></span> <span class='ocrx_word' id='word_1_272' title='bbox 546 1192 733 1216; x_wconf 80' lang='lat' dir='ltr'><strong>mutaverunt.</strong></span> <span class='ocrx_word' id='word_1_273' title='bbox 762 1189 793 1215; x_wconf 88' lang='lat' dir='ltr'><strong>In</strong></span> <span class='ocrx_word' id='word_1_274' title='bbox 814 1188 915 1222; x_wconf 89' lang='lat' dir='ltr'><strong>templo</strong></span> <span class='ocrx_word' id='word_1_275' title='bbox 932 1187 1014 1222; x_wconf 91' lang='lat' dir='ltr'><strong>hujus</strong></span> <span class='ocrx_word' id='word_1_276' title='bbox 1031 1186 1081 1214; x_wconf 86' lang='lat' dir='ltr'><strong>Se-</strong></span> 
     </span>
    </p>
   </div>
   <div class='ocr_carea' id='block_1_42' title="bbox 294 1233 1081 1274">
    <p class='ocr_par' dir='ltr' id='par_1_42' title="bbox 294 1233 1081 1274">
     <span class='ocr_line' id='line_1_42' title="bbox 294 1233 1081 1274; baseline -0.009 -7"><span class='ocrx_word' id='word_1_277' title='bbox 294 1238 398 1274; x_wconf 82' lang='lat' dir='ltr'><strong>rapidis</strong></span> <span class='ocrx_word' id='word_1_278' title='bbox 416 1241 506 1266; x_wconf 86' lang='lat' dir='ltr'><strong>statua</strong></span> <span class='ocrx_word' id='word_1_279' title='bbox 522 1235 573 1262; x_wconf 85' lang='lat' dir='ltr'><strong>fuit</strong></span> <span class='ocrx_word' id='word_1_280' title='bbox 592 1234 690 1270; x_wconf 79' lang='lat' dir='ltr'><strong>ingens</strong></span> <span class='ocrx_word' id='word_1_281' title='bbox 706 1238 789 1269; x_wconf 88' lang='lat' dir='ltr'><strong>atque</strong></span> <span class='ocrx_word' id='word_1_282' title='bbox 815 1234 955 1264; x_wconf 85' lang='lat' dir='ltr'><strong>terribilis.</strong></span> <span class='ocrx_word' id='word_1_283' title='bbox 973 1233 1081 1261; x_wconf 87' lang='lat' dir='ltr'><strong>diversa</strong></span> 
     </span>
    </p>
   </div>
   <div class='ocr_carea' id='block_1_43' title="bbox 293 1279 1081 1314">
    <p class='ocr_par' dir='ltr' id='par_1_43' title="bbox 293 1279 1081 1314">
     <span class='ocr_line' id='line_1_43' title="bbox 293 1279 1081 1314; baseline -0.011 0"><span class='ocrx_word' id='word_1_284' title='bbox 293 1294 327 1314; x_wconf 80' lang='lat' dir='ltr'><strong>ex</strong></span> <span class='ocrx_word' id='word_1_285' title='bbox 347 1284 463 1312; x_wconf 86' lang='lat' dir='ltr'><strong>materia</strong></span> <span class='ocrx_word' id='word_1_286' title='bbox 479 1285 608 1310; x_wconf 83' lang='lat' dir='ltr'><strong>constans</strong></span> <span class='ocrx_word' id='word_1_287' title='bbox 621 1285 648 1308; x_wconf 85' lang='lat' dir='ltr'><strong>et</strong></span> <span class='ocrx_word' id='word_1_288' title='bbox 661 1279 768 1307; x_wconf 83' lang='lat' dir='ltr'><strong>duabus</strong></span> <span class='ocrx_word' id='word_1_289' title='bbox 786 1279 915 1307; x_wconf 84' lang='lat' dir='ltr'><strong>manibus</strong></span> <span class='ocrx_word' id='word_1_290' title='bbox 930 1279 1000 1306; x_wconf 88' lang='lat' dir='ltr'><strong>duos</strong></span> <span class='ocrx_word' id='word_1_291' title='bbox 1014 1284 1081 1306; x_wconf 88' lang='lat' dir='ltr'><strong>tem-</strong></span> 
     </span>
    </p>
   </div>
   <div class='ocr_carea' id='block_1_44' title="bbox 293 1325 1081 1369">
    <p class='ocr_par' dir='ltr' id='par_1_44' title="bbox 293 1325 1081 1369">
     <span class='ocr_line' id='line_1_44' title="bbox 293 1325 1081 1369; baseline -0.011 -9"><span class='ocrx_word' id='word_1_292' title='bbox 293 1333 331 1369; x_wconf 88' lang='lat' dir='ltr'><strong>pli</strong></span> <span class='ocrx_word' id='word_1_293' title='bbox 348 1339 442 1359; x_wconf 87' lang='lat' dir='ltr'><strong>muros</strong></span> <span class='ocrx_word' id='word_1_294' title='bbox 460 1329 607 1364; x_wconf 65' lang='lat' dir='ltr'><strong>attingens.</strong></span> <span class='ocrx_word' id='word_1_295' title='bbox 621 1327 692 1354; x_wconf 89' lang='lat' dir='ltr'><strong>Intra</strong></span> <span class='ocrx_word' id='word_1_296' title='bbox 707 1327 779 1354; x_wconf 87' lang='lat' dir='ltr'><strong>hanc</strong></span> <span class='ocrx_word' id='word_1_297' title='bbox 809 1326 883 1353; x_wconf 89' lang='lat' dir='ltr'><strong>aliud</strong></span> <span class='ocrx_word' id='word_1_298' title='bbox 910 1325 1015 1358; x_wconf 72' lang='lat' dir='ltr'><strong>fanum,</strong></span> <span class='ocrx_word' id='word_1_299' title='bbox 1042 1327 1081 1352; x_wconf 90' lang='lat' dir='ltr'><strong>si-</strong></span> 
     </span>
    </p>
   </div>
   <div class='ocr_carea' id='block_1_45' title="bbox 294 1372 1081 1409">
    <p class='ocr_par' dir='ltr' id='par_1_45' title="bbox 294 1372 1081 1409">
     <span class='ocr_line' id='line_1_45' title="bbox 294 1372 1081 1409; baseline -0.008 -3"><span class='ocrx_word' id='word_1_300' title='bbox 294 1379 459 1409; x_wconf 79' lang='lat' dir='ltr'><strong>mulacrum.</strong></span> <span class='ocrx_word' id='word_1_301' title='bbox 487 1380 515 1404; x_wconf 86' lang='lat' dir='ltr'><strong>et</strong></span> <span class='ocrx_word' id='word_1_302' title='bbox 546 1379 638 1403; x_wconf 86' lang='lat' dir='ltr'><strong>statua</strong></span> <span class='ocrx_word' id='word_1_303' title='bbox 662 1381 749 1407; x_wconf 63' lang='lat' dir='ltr'><strong>aenea,</strong></span> <span class='ocrx_word' id='word_1_304' title='bbox 773 1381 826 1402; x_wconf 88' lang='lat' dir='ltr'><strong>non</strong></span> <span class='ocrx_word' id='word_1_305' title='bbox 855 1380 964 1408; x_wconf 78' lang='lat' dir='ltr'><strong>magna.</strong></span> <span class='ocrx_word' id='word_1_306' title='bbox 993 1372 1081 1407; x_wconf 86' lang='lat' dir='ltr'><strong>Hujus</strong></span> 
     </span>
    </p>
   </div>
   <div class='ocr_carea' id='block_1_46' title="bbox 293 1419 1079 1460">
    <p class='ocr_par' dir='ltr' id='par_1_46' title="bbox 293 1419 1079 1460">
     <span class='ocr_line' id='line_1_46' title="bbox 293 1419 1079 1460; baseline -0.009 -8"><span class='ocrx_word' id='word_1_307' title='bbox 293 1425 377 1460; x_wconf 87' lang='lat' dir='ltr'><strong>capiti</strong></span> <span class='ocrx_word' id='word_1_308' title='bbox 405 1422 552 1451; x_wconf 79' lang='lat' dir='ltr'><strong>inﬁxerant</strong></span> <span class='ocrx_word' id='word_1_309' title='bbox 573 1421 687 1453; x_wconf 79' lang='lat' dir='ltr'><strong>ferrum,</strong></span> <span class='ocrx_word' id='word_1_310' title='bbox 718 1424 747 1447; x_wconf 89' lang='lat' dir='ltr'><strong>et</strong></span> <span class='ocrx_word' id='word_1_311' title='bbox 771 1427 786 1447; x_wconf 91' lang='lat' dir='ltr'><strong>e</strong></span> <span class='ocrx_word' id='word_1_312' title='bbox 807 1420 918 1455; x_wconf 78' lang='lat' dir='ltr'><strong>regione</strong></span> <span class='ocrx_word' id='word_1_313' title='bbox 947 1426 1029 1454; x_wconf 85' lang='lat' dir='ltr'><strong>supra</strong></span> <span class='ocrx_word' id='word_1_314' title='bbox 1052 1419 1079 1446; x_wconf 89' lang='lat' dir='ltr'><strong>in</strong></span> 
     </span>
    </p>
   </div>
   <div class='ocr_carea' id='block_1_47' title="bbox 293 1464 1082 1502">
    <p class='ocr_par' dir='ltr' id='par_1_47' title="bbox 293 1464 1082 1502">
     <span class='ocr_line' id='line_1_47' title="bbox 293 1464 1082 1502; baseline -0.009 -5"><span class='ocrx_word' id='word_1_315' title='bbox 293 1470 358 1497; x_wconf 70' lang='lat' dir='ltr'><strong>tecti</strong></span> <span class='ocrx_word' id='word_1_316' title='bbox 376 1467 552 1502; x_wconf 73' lang='lat' dir='ltr'><strong>laquearibus</strong></span> <span class='ocrx_word' id='word_1_317' title='bbox 567 1466 685 1500; x_wconf 78' lang='lat' dir='ltr'><strong>lapidem</strong></span> <span class='ocrx_word' id='word_1_318' title='bbox 698 1467 877 1501; x_wconf 77' lang='lat' dir='ltr'><strong>magn‘etem&#39;;</strong></span> <span class='ocrx_word' id='word_1_319' title='bbox 897 1465 988 1499; x_wconf 81' lang='lat' dir='ltr'><strong>itaque</strong></span> <span class='ocrx_word' id='word_1_320' title='bbox 1001 1464 1082 1499; x_wconf 82' lang='lat' dir='ltr'><strong>57o</strong></span> 
     </span>
    </p>
   </div>
   <div class='ocr_carea' id='block_1_48' title="bbox 294 1511 1079 1546">
    <p class='ocr_par' dir='ltr' id='par_1_48' title="bbox 294 1511 1079 1546">
     <span class='ocr_line' id='line_1_48' title="bbox 294 1511 1079 1546; baseline -0.006 -4"><span class='ocrx_word' id='word_1_321' title='bbox 294 1515 442 1544; x_wconf 76' lang='lat' dir='ltr'><strong>eﬂeceraut</strong></span> <span class='ocrx_word' id='word_1_322' title='bbox 470 1518 500 1540; x_wconf 92' lang='lat' dir='ltr'><strong>ut</strong></span> <span class='ocrx_word' id='word_1_323' title='bbox 526 1517 617 1541; x_wconf 85' lang='lat' dir='ltr'><strong>statua</strong></span> <span class='ocrx_word' id='word_1_324' title='bbox 639 1511 666 1539; x_wconf 92' lang='lat' dir='ltr'><strong>in</strong></span> <span class='ocrx_word' id='word_1_325' title='bbox 682 1518 745 1538; x_wconf 81' lang='lat' dir='ltr'><strong>aere</strong></span> <span class='ocrx_word' id='word_1_326' title='bbox 770 1511 908 1538; x_wconf 83' lang='lat' dir='ltr'><strong>videretur</strong></span> <span class='ocrx_word' id='word_1_327' title='bbox 937 1517 1079 1546; x_wconf 85' lang='lat' dir='ltr'><strong>suspensa.</strong></span> 
     </span>
    </p>
   </div>
   <div class='ocr_carea' id='block_1_49' title="bbox 293 1560 859 1597">
    <p class='ocr_par' dir='ltr' id='par_1_49' title="bbox 293 1560 859 1597">
     <span class='ocr_line' id='line_1_49' title="bbox 293 1560 859 1597; baseline -0.009 -8"><span class='ocrx_word' id='word_1_328' title='bbox 293 1569 382 1597; x_wconf 85' lang='lat' dir='ltr'><strong>neque</strong></span> <span class='ocrx_word' id='word_1_329' title='bbox 397 1566 498 1588; x_wconf 83' lang='lat' dir='ltr'><strong>terram</strong></span> <span class='ocrx_word' id='word_1_330' title='bbox 515 1563 630 1595; x_wconf 77' lang='lat' dir='ltr'><strong>tangens</strong></span> <span class='ocrx_word' id='word_1_331' title='bbox 645 1565 733 1593; x_wconf 82' lang='lat' dir='ltr'><strong>neque</strong></span> <span class='ocrx_word' id='word_1_332' title='bbox 749 1560 859 1584; x_wconf 86' lang='lat' dir='ltr'><strong>tectum.</strong></span> 
     </span>
    </p>
   </div>
   <div class='ocr_carea' id='block_1_50' title="bbox 328 1645 1073 1681">
    <p class='ocr_par' dir='ltr' id='par_1_50' title="bbox 328 1645 1073 1681">
     <span class='ocr_line' id='line_1_50' title="bbox 328 1645 1073 1681; baseline -0.012 0"><span class='ocrx_word' id='word_1_333' title='bbox 328 1653 400 1681; x_wconf 87' lang='lat' dir='ltr'><strong>Inter</strong></span> <span class='ocrx_word' id='word_1_334' title='bbox 414 1652 517 1679; x_wconf 85' lang='lat' dir='ltr'><strong>idolum</strong></span> <span class='ocrx_word' id='word_1_335' title='bbox 537 1655 563 1678; x_wconf 86' lang='lat' dir='ltr'><strong>et</strong></span> <span class='ocrx_word' id='word_1_336' title='bbox 583 1649 702 1677; x_wconf 89' lang='lat' dir='ltr'><strong>imlalma</strong></span> <span class='ocrx_word' id='word_1_337' title='bbox 720 1648 772 1675; x_wconf 86' lang='lat' dir='ltr'><strong>hoc</strong></span> <span class='ocrx_word' id='word_1_338' title='bbox 791 1648 926 1674; x_wconf 86' lang='lat' dir='ltr'><strong>interesse</strong></span> <span class='ocrx_word' id='word_1_339' title='bbox 951 1645 1073 1677; x_wconf 79' lang='lat' dir='ltr'><strong>noveris,</strong></span> 
     </span>
    </p>
   </div>
   <div class='ocr_carea' id='block_1_51' title="bbox 294 1692 1078 1735">
    <p class='ocr_par' dir='ltr' id='par_1_51' title="bbox 294 1692 1078 1735">
     <span class='ocr_line' id='line_1_51' title="bbox 294 1692 1078 1735; baseline -0.014 -7"><span class='ocrx_word' id='word_1_340' title='bbox 294 1701 367 1735; x_wconf 81' lang='lat' dir='ltr'><strong>quod</strong></span> <span class='ocrx_word' id='word_1_341' title='bbox 391 1699 494 1726; x_wconf 90' lang='lat' dir='ltr'><strong>idolum</strong></span> <span class='ocrx_word' id='word_1_342' title='bbox 516 1697 618 1724; x_wconf 89' lang='lat' dir='ltr'><strong>nullius</strong></span> <span class='ocrx_word' id='word_1_343' title='bbox 642 1700 685 1723; x_wconf 85' lang='lat' dir='ltr'><strong>est</strong></span> <span class='ocrx_word' id='word_1_344' title='bbox 706 1695 745 1722; x_wconf 82' lang='lat' dir='ltr'><strong>rei</strong></span> <span class='ocrx_word' id='word_1_345' title='bbox 774 1694 801 1721; x_wconf 91' lang='lat' dir='ltr'><strong>in</strong></span> <span class='ocrx_word' id='word_1_346' title='bbox 822 1697 922 1720; x_wconf 85' lang='lat' dir='ltr'><strong>natura</strong></span> <span class='ocrx_word' id='word_1_347' title='bbox 944 1692 1078 1719; x_wconf 81' lang='lat' dir='ltr'><strong>exstantis</strong></span> 
     </span>
    </p>
   </div>
   <div class='ocr_carea' id='block_1_52' title="bbox 293 1739 1079 1782">
    <p class='ocr_par' dir='ltr' id='par_1_52' title="bbox 293 1739 1079 1782">
     <span class='ocr_line' id='line_1_52' title="bbox 293 1739 1079 1782; baseline -0.014 -7"><span class='ocrx_word' id='word_1_348' title='bbox 293 1747 414 1782; x_wconf 78' lang='lat' dir='ltr'><strong>signum,</strong></span> <span class='ocrx_word' id='word_1_349' title='bbox 432 1743 552 1772; x_wconf 86' lang='lat' dir='ltr'><strong>indalma</strong></span> <span class='ocrx_word' id='word_1_350' title='bbox 577 1745 668 1769; x_wconf 87' lang='lat' dir='ltr'><strong>autem</strong></span> <span class='ocrx_word' id='word_1_351' title='bbox 685 1739 804 1775; x_wconf 84' lang='lat' dir='ltr'><strong>alicujus</strong></span> <span class='ocrx_word' id='word_1_352' title='bbox 820 1739 973 1766; x_wconf 83' lang='lat' dir='ltr'><strong>similitudo</strong></span> <span class='ocrx_word' id='word_1_353' title='bbox 995 1743 1079 1772; x_wconf 86' lang='lat' dir='ltr'><strong>atque</strong></span> 
     </span>
    </p>
   </div>
   <div class='ocr_carea' id='block_1_53' title="bbox 292 1784 1078 1828">
    <p class='ocr_par' dir='ltr' id='par_1_53' title="bbox 292 1784 1078 1828">
     <span class='ocr_line' id='line_1_53' title="bbox 292 1784 1078 1828; baseline -0.013 -8"><span class='ocrx_word' id='word_1_354' title='bbox 292 1792 394 1828; x_wconf 76' lang='lat' dir='ltr'><strong>eﬂigies</strong></span> <span class='ocrx_word' id='word_1_355' title='bbox 414 1791 463 1818; x_wconf 90' lang='lat' dir='ltr'><strong>rei.</strong></span> <span class='ocrx_word' id='word_1_356' title='bbox 479 1789 585 1816; x_wconf 83' lang='lat' dir='ltr'><strong>Idolum</strong></span> <span class='ocrx_word' id='word_1_357' title='bbox 600 1791 652 1819; x_wconf 86' lang='lat' dir='ltr'><strong>est,</strong></span> <span class='ocrx_word' id='word_1_358' title='bbox 672 1791 703 1814; x_wconf 90' lang='lat' dir='ltr'><strong>ut</strong></span> <span class='ocrx_word' id='word_1_359' title='bbox 724 1785 800 1813; x_wconf 88' lang='lat' dir='ltr'><strong>verbi</strong></span> <span class='ocrx_word' id='word_1_360' title='bbox 818 1785 906 1820; x_wconf 76' lang='lat' dir='ltr'><strong>gratia</strong></span> <span class='ocrx_word' id='word_1_361' title='bbox 928 1784 1078 1819; x_wconf 82' lang='lat' dir='ltr'><strong>Sphinges,</strong></span> 
     </span>
    </p>
   </div>
   <div class='ocr_carea' id='block_1_54' title="bbox 292 1831 1078 1870">
    <p class='ocr_par' dir='ltr' id='par_1_54' title="bbox 292 1831 1078 1870">
     <span class='ocr_line' id='line_1_54' title="bbox 292 1831 1078 1870; baseline -0.011 -4"><span class='ocrx_word' id='word_1_362' title='bbox 292 1837 434 1870; x_wconf 82' lang='lat' dir='ltr'><strong>Centauri,</strong></span> <span class='ocrx_word' id='word_1_363' title='bbox 456 1837 532 1863; x_wconf 88' lang='lat' dir='ltr'><strong>vttltu</strong></span> <span class='ocrx_word' id='word_1_364' title='bbox 551 1835 651 1862; x_wconf 89' lang='lat' dir='ltr'><strong>canino</strong></span> <span class='ocrx_word' id='word_1_365' title='bbox 671 1837 717 1860; x_wconf 86' lang='lat' dir='ltr'><strong>aut</strong></span> <span class='ocrx_word' id='word_1_366' title='bbox 731 1832 868 1867; x_wconf 85' lang='lat' dir='ltr'><strong>capitibus</strong></span> <span class='ocrx_word' id='word_1_367' title='bbox 882 1831 992 1859; x_wconf 82' lang='lat' dir='ltr'><strong>bovillis</strong></span> <span class='ocrx_word' id='word_1_368' title='bbox 1008 1838 1078 1866; x_wconf 59' lang='lat' dir='ltr'><strong>pra;-</strong></span> 
     </span>
    </p>
   </div>
   <div class='ocr_carea' id='block_1_55' title="bbox 291 1877 1077 1915">
    <p class='ocr_par' dir='ltr' id='par_1_55' title="bbox 291 1877 1077 1915">
     <span class='ocr_line' id='line_1_55' title="bbox 291 1877 1077 1915; baseline -0.011 -3"><span class='ocrx_word' id='word_1_369' title='bbox 291 1885 341 1912; x_wconf 86' lang='lat' dir='ltr'><strong>diti</strong></span> <span class='ocrx_word' id='word_1_370' title='bbox 358 1890 366 1910; x_wconf 85' lang='lat'><strong>:</strong></span> <span class='ocrx_word' id='word_1_371' title='bbox 382 1890 413 1910; x_wconf 88' lang='lat' dir='ltr'><strong>ea</strong></span> <span class='ocrx_word' id='word_1_372' title='bbox 438 1882 511 1909; x_wconf 85' lang='lat' dir='ltr'><strong>enim</strong></span> <span class='ocrx_word' id='word_1_373' title='bbox 538 1887 674 1915; x_wconf 83' lang='lat' dir='ltr'><strong>nusquam</strong></span> <span class='ocrx_word' id='word_1_374' title='bbox 700 1882 776 1906; x_wconf 88' lang='lat' dir='ltr'><strong>sunt.</strong></span> <span class='ocrx_word' id='word_1_375' title='bbox 800 1877 954 1904; x_wconf 87' lang='lat' dir='ltr'><strong>Simulacra</strong></span> <span class='ocrx_word' id='word_1_376' title='bbox 986 1881 1077 1904; x_wconf 88' lang='lat' dir='ltr'><strong>autem</strong></span> 
     </span>
    </p>
   </div>
   <div class='ocr_carea' id='block_1_56' title="bbox 292 1922 1077 1960">
    <p class='ocr_par' dir='ltr' id='par_1_56' title="bbox 292 1922 1077 1960">
     <span class='ocr_line' id='line_1_56' title="bbox 292 1922 1077 1960; baseline -0.009 -5"><span class='ocrx_word' id='word_1_377' title='bbox 292 1933 357 1956; x_wconf 83' lang='lat' dir='ltr'><strong>sunt</strong></span> <span class='ocrx_word' id='word_1_378' title='bbox 374 1931 403 1954; x_wconf 92' lang='lat' dir='ltr'><strong>ut</strong></span> <span class='ocrx_word' id='word_1_379' title='bbox 418 1927 496 1960; x_wconf 92' lang='lat' dir='ltr'><strong>solis,</strong></span> <span class='ocrx_word' id='word_1_380' title='bbox 517 1930 547 1953; x_wconf 88' lang='lat' dir='ltr'><strong>ut</strong></span> <span class='ocrx_word' id='word_1_381' title='bbox 563 1926 643 1956; x_wconf 70' lang='lat' dir='ltr'><strong>lunae,</strong></span> <span class='ocrx_word' id='word_1_382' title='bbox 664 1928 694 1951; x_wconf 93' lang='lat' dir='ltr'><strong>ut</strong></span> <span class='ocrx_word' id='word_1_383' title='bbox 715 1927 865 1954; x_wconf 88' lang='lat' dir='ltr'><strong>astrorum,</strong></span> <span class='ocrx_word' id='word_1_384' title='bbox 881 1926 910 1949; x_wconf 87' lang='lat' dir='ltr'><strong>ut</strong></span> <span class='ocrx_word' id='word_1_385' title='bbox 925 1922 1077 1954; x_wconf 88' lang='lat' dir='ltr'><strong>hominum,</strong></span> 
     </span>
    </p>
   </div>
   <div class='ocr_carea' id='block_1_57' title="bbox 291 1969 942 2006">
    <p class='ocr_par' dir='ltr' id='par_1_57' title="bbox 291 1969 942 2006">
     <span class='ocr_line' id='line_1_57' title="bbox 291 1969 942 2006; baseline -0.011 -4"><span class='ocrx_word' id='word_1_386' title='bbox 291 1975 422 2005; x_wconf 74' lang='lat' dir='ltr'><strong>ferarum,</strong></span> <span class='ocrx_word' id='word_1_387' title='bbox 441 1972 605 2006; x_wconf 89' lang='lat' dir='ltr'><strong>repentium,</strong></span> <span class='ocrx_word' id='word_1_388' title='bbox 620 1975 647 1997; x_wconf 88' lang='lat' dir='ltr'><strong>et</strong></span> <span class='ocrx_word' id='word_1_389' title='bbox 664 1970 780 1997; x_wconf 89' lang='lat' dir='ltr'><strong>aliorum</strong></span> <span class='ocrx_word' id='word_1_390' title='bbox 801 1969 827 1996; x_wconf 92' lang='lat' dir='ltr'><strong>id</strong></span> <span class='ocrx_word' id='word_1_391' title='bbox 845 1976 942 2004; x_wconf 83' lang='lat' dir='ltr'><strong>genus.</strong></span> 
     </span>
    </p>
   </div>
   <div class='ocr_carea' id='block_1_58' title="bbox 327 2014 1077 2049">
    <p class='ocr_par' dir='ltr' id='par_1_58' title="bbox 327 2014 1077 2049">
     <span class='ocr_line' id='line_1_58' title="bbox 327 2014 1077 2049; baseline -0.007 -6"><span class='ocrx_word' id='word_1_392' title='bbox 327 2017 396 2043; x_wconf 80' lang='lat' dir='ltr'><strong>Nota</strong></span> <span class='ocrx_word' id='word_1_393' title='bbox 410 2015 553 2042; x_wconf 69' lang='lat' dir='ltr'><strong>Chaldaeos</strong></span> <span class='ocrx_word' id='word_1_394' title='bbox 574 2014 676 2049; x_wconf 80' lang='lat' dir='ltr'><strong>ignem,</strong></span> <span class='ocrx_word' id='word_1_395' title='bbox 690 2018 719 2040; x_wconf 89' lang='lat' dir='ltr'><strong>ut</strong></span> <span class='ocrx_word' id='word_1_396' title='bbox 732 2020 786 2048; x_wconf 88' lang='lat' dir='ltr'><strong>quo</strong></span> <span class='ocrx_word' id='word_1_397' title='bbox 807 2020 902 2040; x_wconf 88' lang='lat' dir='ltr'><strong>omnes</strong></span> <span class='ocrx_word' id='word_1_398' title='bbox 919 2020 962 2040; x_wconf 88' lang='lat' dir='ltr'><strong>res</strong></span> <span class='ocrx_word' id='word_1_399' title='bbox 976 2019 1077 2039; x_wconf 87' lang='lat' dir='ltr'><strong>consu-</strong></span> 
     </span>
    </p>
   </div>
   <div class='ocr_carea' id='block_1_59' title="bbox 292 2058 1077 2096">
    <p class='ocr_par' dir='ltr' id='par_1_59' title="bbox 292 2058 1077 2096">
     <span class='ocr_line' id='line_1_59' title="bbox 292 2058 1077 2096; baseline -0.008 -6"><span class='ocrx_word' id='word_1_400' title='bbox 292 2067 415 2094; x_wconf 88' lang='lat' dir='ltr'><strong>mantur,</strong></span> <span class='ocrx_word' id='word_1_401' title='bbox 440 2068 490 2096; x_wconf 90' lang='lat' dir='ltr'><strong>pro</strong></span> <span class='ocrx_word' id='word_1_402' title='bbox 519 2060 574 2087; x_wconf 83' lang='lat' dir='ltr'><strong>Deo</strong></span> <span class='ocrx_word' id='word_1_403' title='bbox 597 2060 730 2092; x_wconf 82' lang='lat' dir='ltr'><strong>coluisse,</strong></span> <span class='ocrx_word' id='word_1_404' title='bbox 748 2063 775 2086; x_wconf 86' lang='lat' dir='ltr'><strong>et</strong></span> <span class='ocrx_word' id='word_1_405' title='bbox 798 2066 894 2086; x_wconf 89' lang='lat' dir='ltr'><strong>omnes</strong></span> <span class='ocrx_word' id='word_1_406' title='bbox 919 2058 1077 2086; x_wconf 72' lang='lat' dir='ltr'><strong>Graecorum</strong></span> 
     </span>
    </p>
   </div>
   <div class='ocr_carea' id='block_1_60' title="bbox 292 2103 1078 2139">
    <p class='ocr_par' dir='ltr' id='par_1_60' title="bbox 292 2103 1078 2139">
     <span class='ocr_line' id='line_1_60' title="bbox 292 2103 1078 2139; baseline -0.004 -5"><span class='ocrx_word' id='word_1_407' title='bbox 292 2109 359 2136; x_wconf 84' lang='lat' dir='ltr'><strong>deos</strong></span> <span class='ocrx_word' id='word_1_408' title='bbox 385 2107 533 2135; x_wconf 78' lang='lat' dir='ltr'><strong>refutasse.</strong></span> <span class='ocrx_word' id='word_1_409' title='bbox 549 2105 580 2133; x_wconf 84' lang='lat' dir='ltr'><strong>Hi</strong></span> <span class='ocrx_word' id='word_1_410' title='bbox 593 2113 656 2133; x_wconf 81' lang='lat' dir='ltr'><strong>eum</strong></span> <span class='ocrx_word' id='word_1_411' title='bbox 671 2105 705 2132; x_wconf 90' lang='lat' dir='ltr'><strong>ad</strong></span> <span class='ocrx_word' id='word_1_412' title='bbox 724 2105 828 2139; x_wconf 80' lang='lat' dir='ltr'><strong>Canopi</strong></span> <span class='ocrx_word' id='word_1_413' title='bbox 850 2104 932 2132; x_wconf 85' lang='lat' dir='ltr'><strong>etiam</strong></span> <span class='ocrx_word' id='word_1_414' title='bbox 950 2103 1078 2131; x_wconf 86' lang='lat' dir='ltr'><strong>sacerdo-</strong></span> 
     </span>
    </p>
   </div>
   <div class='ocr_carea' id='block_1_61' title="bbox 293 2150 1077 2190">
    <p class='ocr_par' dir='ltr' id='par_1_61' title="bbox 293 2150 1077 2190">
     <span class='ocr_line' id='line_1_61' title="bbox 293 2150 1077 2190; baseline -0.006 -9"><span class='ocrx_word' id='word_1_415' title='bbox 293 2161 346 2183; x_wconf 91' lang='lat' dir='ltr'><strong>tem</strong></span> <span class='ocrx_word' id='word_1_416' title='bbox 369 2154 571 2190; x_wconf 79' lang='lat' dir='ltr'><strong>pervenissent,</strong></span> <span class='ocrx_word' id='word_1_417' title='bbox 599 2152 622 2179; x_wconf 93' lang='lat' dir='ltr'><strong>is</strong></span> <span class='ocrx_word' id='word_1_418' title='bbox 640 2152 687 2179; x_wconf 86' lang='lat' dir='ltr'><strong>tali</strong></span> <span class='ocrx_word' id='word_1_419' title='bbox 706 2158 774 2179; x_wconf 79' lang='lat' dir='ltr'><strong>usus</strong></span> <span class='ocrx_word' id='word_1_420' title='bbox 797 2155 839 2178; x_wconf 88' lang='lat' dir='ltr'><strong>est</strong></span> <span class='ocrx_word' id='word_1_421' title='bbox 864 2155 936 2178; x_wconf 85' lang='lat' dir='ltr'><strong>astu.</strong></span> <span class='ocrx_word' id='word_1_422' title='bbox 963 2150 1077 2177; x_wconf 88' lang='lat' dir='ltr'><strong>Situlatn</strong></span> 
     </span>
    </p>
   </div>
   <div class='ocr_carea' id='block_1_62' title="bbox 294 2196 1079 2231">
    <p class='ocr_par' dir='ltr' id='par_1_62' title="bbox 294 2196 1079 2231">
     <span class='ocr_line' id='line_1_62' title="bbox 294 2196 1079 2231; baseline -0.006 -4"><span class='ocrx_word' id='word_1_423' title='bbox 294 2201 403 2228; x_wconf 66' lang='lat' dir='ltr'><strong>ﬁctilem</strong></span> <span class='ocrx_word' id='word_1_424' title='bbox 428 2200 455 2226; x_wconf 91' lang='lat' dir='ltr'><strong>in</strong></span> <span class='ocrx_word' id='word_1_425' title='bbox 473 2203 570 2227; x_wconf 68' lang='lat' dir='ltr'><strong>statum</strong></span> <span class='ocrx_word' id='word_1_426' title='bbox 585 2197 701 2225; x_wconf 77' lang='lat' dir='ltr'><strong>formam</strong></span> <span class='ocrx_word' id='word_1_427' title='bbox 724 2197 875 2231; x_wconf 81' lang='lat' dir='ltr'><strong>apparavit,</strong></span> <span class='ocrx_word' id='word_1_428' title='bbox 889 2203 975 2231; x_wconf 87' lang='lat' dir='ltr'><strong>quam.</strong></span> <span class='ocrx_word' id='word_1_429' title='bbox 989 2196 1079 2223; x_wconf 83' lang='lat' dir='ltr'><strong>tenui-</strong></span> 
     </span>
    </p>
   </div>
   <div class='ocr_carea' id='block_1_63' title="bbox 293 2242 1078 2278">
    <p class='ocr_par' dir='ltr' id='par_1_63' title="bbox 293 2242 1078 2278">
     <span class='ocr_line' id='line_1_63' title="bbox 293 2242 1078 2278; baseline -0.005 -5"><span class='ocrx_word' id='word_1_430' title='bbox 293 2249 344 2273; x_wconf 74' lang='lat' dir='ltr'><strong>bus</strong></span> <span class='ocrx_word' id='word_1_431' title='bbox 361 2245 543 2273; x_wconf 81' lang='lat' dir='ltr'><strong>foraminibus</strong></span> <span class='ocrx_word' id='word_1_432' title='bbox 558 2251 622 2270; x_wconf 86' lang='lat' dir='ltr'><strong>cera</strong></span> <span class='ocrx_word' id='word_1_433' title='bbox 638 2243 754 2278; x_wconf 89' lang='lat' dir='ltr'><strong>oppletis</strong></span> <span class='ocrx_word' id='word_1_434' title='bbox 775 2247 913 2277; x_wconf 84' lang='lat' dir='ltr'><strong>pertusam</strong></span> <span class='ocrx_word' id='word_1_435' title='bbox 939 2250 1009 2277; x_wconf 84' lang='lat' dir='ltr'><strong>aqua</strong></span> <span class='ocrx_word' id='word_1_436' title='bbox 1027 2242 1078 2269; x_wconf 88' lang='lat' dir='ltr'><strong>im-</strong></span> 
     </span>
    </p>
   </div>
   <div class='ocr_carea' id='block_1_64' title="bbox 293 2288 1080 2326">
    <p class='ocr_par' dir='ltr' id='par_1_64' title="bbox 293 2288 1080 2326">
     <span class='ocr_line' id='line_1_64' title="bbox 293 2288 1080 2326; baseline -0.008 -6"><span class='ocrx_word' id='word_1_437' title='bbox 293 2292 386 2326; x_wconf 87' lang='lat' dir='ltr'><strong>plevit,</strong></span> <span class='ocrx_word' id='word_1_438' title='bbox 408 2291 576 2325; x_wconf 79' lang='lat' dir='ltr'><strong>inductoque</strong></span> <span class='ocrx_word' id='word_1_439' title='bbox 601 2288 692 2316; x_wconf 87' lang='lat' dir='ltr'><strong>colore</strong></span> <span class='ocrx_word' id='word_1_440' title='bbox 717 2292 745 2316; x_wconf 82' lang='lat' dir='ltr'><strong>et.</strong></span> <span class='ocrx_word' id='word_1_441' title='bbox 769 2293 867 2316; x_wconf 72' lang='lat' dir='ltr'><strong>statua:</strong></span> <span class='ocrx_word' id='word_1_442' title='bbox 886 2289 977 2323; x_wconf 84' lang='lat' dir='ltr'><strong>capite</strong></span> <span class='ocrx_word' id='word_1_443' title='bbox 996 2288 1080 2315; x_wconf 82' lang='lat' dir='ltr'><strong>artiﬁ-</strong></span> 
     </span>
    </p>
   </div>
   <div class='ocr_carea' id='block_1_65' title="bbox 293 2335 1080 2373">
    <p class='ocr_par' dir='ltr' id='par_1_65' title="bbox 293 2335 1080 2373">
     <span class='ocr_line' id='line_1_65' title="bbox 293 2335 1080 2373; baseline -0.003 -9"><span class='ocrx_word' id='word_1_444' title='bbox 293 2341 365 2366; x_wconf 66' lang='lat' dir='ltr'><strong>i-iuse</strong></span> <span class='ocrx_word' id='word_1_445' title='bbox 381 2338 509 2373; x_wconf 86' lang='lat' dir='ltr'><strong>imposito</strong></span> <span class='ocrx_word' id='word_1_446' title='bbox 538 2336 592 2371; x_wconf 54' lang='lat' dir='ltr'><strong>igni</strong></span> <span class='ocrx_word' id='word_1_447' title='bbox 615 2335 745 2368; x_wconf 83' lang='lat' dir='ltr'><strong>admovit,</strong></span> <span class='ocrx_word' id='word_1_448' title='bbox 764 2335 856 2370; x_wconf 84' lang='lat' dir='ltr'><strong>itaque</strong></span> <span class='ocrx_word' id='word_1_449' title='bbox 874 2336 927 2362; x_wconf 92' lang='lat' dir='ltr'><strong>vim</strong></span> <span class='ocrx_word' id='word_1_450' title='bbox 945 2335 1014 2370; x_wconf 79' lang='lat' dir='ltr'><strong>ignis</strong></span> <span class='ocrx_word' id='word_1_451' title='bbox 1034 2342 1080 2362; x_wconf 90' lang='lat' dir='ltr'><strong>re-</strong></span> 
     </span>
    </p>
   </div>
   <div class='ocr_carea' id='block_1_66' title="bbox 293 2381 891 2420">
    <p class='ocr_par' dir='ltr' id='par_1_66' title="bbox 293 2381 891 2420">
     <span class='ocr_line' id='line_1_66' title="bbox 293 2381 891 2420; baseline -0.007 -8"><span class='ocrx_word' id='word_1_452' title='bbox 293 2385 369 2418; x_wconf 60' lang='lat' dir='ltr'><strong>l‘vllit,</strong></span> <span class='ocrx_word' id='word_1_453' title='bbox 388 2384 518 2420; x_wconf 84' lang='lat' dir='ltr'><strong>paulatim</strong></span> <span class='ocrx_word' id='word_1_454' title='bbox 535 2390 610 2417; x_wconf 76' lang='lat' dir='ltr'><strong>aqua:</strong></span> <span class='ocrx_word' id='word_1_455' title='bbox 629 2381 737 2409; x_wconf 83' lang='lat' dir='ltr'><strong>deﬂuxu</strong></span> <span class='ocrx_word' id='word_1_456' title='bbox 751 2381 891 2409; x_wconf 81' lang='lat' dir='ltr'><strong>exstincti.</strong></span> 
     </span>
    </p>
   </div>
   <div class='ocr_carea' id='block_1_67' title="bbox 332 2469 1079 2507">
    <p class='ocr_par' dir='ltr' id='par_1_67' title="bbox 332 2469 1079 2507">
     <span class='ocr_line' id='line_1_67' title="bbox 332 2469 1079 2507; baseline -0.005 -7"><span class='ocrx_word' id='word_1_457' title='bbox 332 2474 413 2501; x_wconf 85' lang='lat' dir='ltr'><strong>Anno</strong></span> <span class='ocrx_word' id='word_1_458' title='bbox 430 2472 471 2499; x_wconf 85' lang='lat' dir='ltr'><strong>sui</strong></span> <span class='ocrx_word' id='word_1_459' title='bbox 489 2471 596 2507; x_wconf 83' lang='lat' dir='ltr'><strong>imperii</strong></span> <span class='ocrx_word' id='word_1_460' title='bbox 617 2471 650 2498; x_wconf 71' lang='lat' dir='ltr'><strong>IS</strong></span> <span class='ocrx_word' id='word_1_461' title='bbox 665 2474 691 2498; x_wconf 88' lang='lat' dir='ltr'><strong>et</strong></span> <span class='ocrx_word' id='word_1_462' title='bbox 703 2471 736 2498; x_wconf 68' lang='lat' dir='ltr'><strong>lt}</strong></span> <span class='ocrx_word' id='word_1_463' title='bbox 748 2469 921 2498; x_wconf 87' lang='lat' dir='ltr'><strong>Theodosius</strong></span> <span class='ocrx_word' id='word_1_464' title='bbox 932 2469 1019 2504; x_wconf 82' lang='lat' dir='ltr'><strong>legem</strong></span> <span class='ocrx_word' id='word_1_465' title='bbox 1036 2474 1079 2496; x_wconf 92' lang='lat' dir='ltr'><strong>tu-</strong></span> 
     </span>
    </p>
   </div>
   <div class='ocr_carea' id='block_1_68' title="bbox 295 2516 1078 2555">
    <p class='ocr_par' dir='ltr' id='par_1_68' title="bbox 295 2516 1078 2555">
     <span class='ocr_line' id='line_1_68' title="bbox 295 2516 1078 2555; baseline -0.004 -9"><span class='ocrx_word' id='word_1_466' title='bbox 295 2521 334 2554; x_wconf 88' lang='lat' dir='ltr'><strong>lit,</strong></span> <span class='ocrx_word' id='word_1_467' title='bbox 351 2527 385 2548; x_wconf 90' lang='lat' dir='ltr'><strong>ne</strong></span> <span class='ocrx_word' id='word_1_468' title='bbox 400 2526 454 2555; x_wconf 91' lang='lat' dir='ltr'><strong>qua</strong></span> <span class='ocrx_word' id='word_1_469' title='bbox 479 2517 579 2545; x_wconf 88' lang='lat' dir='ltr'><strong>mulier</strong></span> <span class='ocrx_word' id='word_1_470' title='bbox 595 2517 628 2544; x_wconf 89' lang='lat' dir='ltr'><strong>ad</strong></span> <span class='ocrx_word' id='word_1_471' title='bbox 645 2516 809 2544; x_wconf 61' lang='lat' dir='ltr'><strong>diaconissae</strong></span> <span class='ocrx_word' id='word_1_472' title='bbox 826 2524 926 2544; x_wconf 91' lang='lat' dir='ltr'><strong>munus</strong></span> <span class='ocrx_word' id='word_1_473' title='bbox 940 2517 1078 2551; x_wconf 85' lang='lat' dir='ltr'><strong>recipere-</strong></span> 
     </span>
    </p>
   </div>
   <div class='ocr_carea' id='block_1_69' title="bbox 294 2562 1079 2597">
    <p class='ocr_par' dir='ltr' id='par_1_69' title="bbox 294 2562 1079 2597">
     <span class='ocr_line' id='line_1_69' title="bbox 294 2562 1079 2597; baseline -0.006 -4"><span class='ocrx_word' id='word_1_474' title='bbox 294 2573 337 2593; x_wconf 87' lang='lat' dir='ltr'><strong>tur</strong></span> <span class='ocrx_word' id='word_1_475' title='bbox 351 2565 403 2593; x_wconf 74' lang='lat' dir='ltr'><strong>nisi</strong></span> <span class='ocrx_word' id='word_1_476' title='bbox 420 2571 522 2592; x_wconf 85' lang='lat' dir='ltr'><strong>annum</strong></span> <span class='ocrx_word' id='word_1_477' title='bbox 537 2563 571 2591; x_wconf 85' lang='lat'><strong>60</strong></span> <span class='ocrx_word' id='word_1_478' title='bbox 584 2570 707 2597; x_wconf 81' lang='lat' dir='ltr'><strong>egressa.</strong></span> <span class='ocrx_word' id='word_1_479' title='bbox 731 2562 833 2590; x_wconf 86' lang='lat' dir='ltr'><strong>Eodem</strong></span> <span class='ocrx_word' id='word_1_480' title='bbox 862 2569 935 2590; x_wconf 92' lang='lat' dir='ltr'><strong>anno</strong></span> <span class='ocrx_word' id='word_1_481' title='bbox 963 2562 1079 2589; x_wconf 89' lang='lat' dir='ltr'><strong>moritur</strong></span> 
     </span>
    </p>
   </div>
   <div class='ocr_carea' id='block_1_70' title="bbox 294 2607 1077 2643">
    <p class='ocr_par' dir='ltr' id='par_1_70' title="bbox 294 2607 1077 2643">
     <span class='ocr_line' id='line_1_70' title="bbox 294 2607 1077 2643; baseline -0.006 -5"><span class='ocrx_word' id='word_1_482' title='bbox 294 2611 402 2639; x_wconf 78' lang='lat' dir='ltr'><strong>Piacilla</strong></span> <span class='ocrx_word' id='word_1_483' title='bbox 418 2609 566 2637; x_wconf 84' lang='lat' dir='ltr'><strong>Theodosii</strong></span> <span class='ocrx_word' id='word_1_484' title='bbox 582 2616 660 2639; x_wconf 79' lang='lat' dir='ltr'><strong>uxor,</strong></span> <span class='ocrx_word' id='word_1_485' title='bbox 676 2608 718 2643; x_wconf 87' lang='lat' dir='ltr'><strong>pia</strong></span> <span class='ocrx_word' id='word_1_486' title='bbox 736 2612 763 2634; x_wconf 89' lang='lat' dir='ltr'><strong>et</strong></span> <span class='ocrx_word' id='word_1_487' title='bbox 780 2615 928 2642; x_wconf 85' lang='lat' dir='ltr'><strong>pauperum</strong></span> <span class='ocrx_word' id='word_1_488' title='bbox 942 2607 1077 2638; x_wconf 87' lang='lat' dir='ltr'><strong>studiosa,</strong></span> 
     </span>
    </p>
   </div>
   <div class='ocr_carea' id='block_1_71' title="bbox 262 2653 1080 2691">
    <p class='ocr_par' dir='ltr' id='par_1_71' title="bbox 262 2653 1080 2691">
     <span class='ocr_line' id='line_1_71' title="bbox 262 2653 1080 2691; baseline -0.002 -10"><span class='ocrx_word' id='word_1_489' title='bbox 262 2678 265 2682; x_wconf 82' lang='lat'><strong>.</strong></span> <span class='ocrx_word' id='word_1_490' title='bbox 294 2665 353 2691; x_wconf 74' lang='lat' dir='ltr'><strong>quae</strong></span> <span class='ocrx_word' id='word_1_491' title='bbox 368 2656 426 2684; x_wconf 86' lang='lat' dir='ltr'><strong>suis</strong></span> <span class='ocrx_word' id='word_1_492' title='bbox 443 2656 570 2682; x_wconf 88' lang='lat' dir='ltr'><strong>manibus</strong></span> <span class='ocrx_word' id='word_1_493' title='bbox 584 2656 694 2689; x_wconf 65' lang='lat' dir='ltr'><strong>aegrotis</strong></span> <span class='ocrx_word' id='word_1_494' title='bbox 715 2659 797 2689; x_wconf 84' lang='lat' dir='ltr'><strong>atque</strong></span> <span class='ocrx_word' id='word_1_495' title='bbox 813 2654 883 2681; x_wconf 83' lang='lat' dir='ltr'><strong>male</strong></span> <span class='ocrx_word' id='word_1_496' title='bbox 897 2653 997 2680; x_wconf 75' lang='lat' dir='ltr'><strong>aﬂ‘ecto</strong></span> <span class='ocrx_word' id='word_1_497' title='bbox 1016 2661 1080 2680; x_wconf 88' lang='lat' dir='ltr'><strong>cor-</strong></span> 
     </span>
    </p>
   </div>
   <div class='ocr_carea' id='block_1_72' title="bbox 295 2700 1074 2736">
    <p class='ocr_par' dir='ltr' id='par_1_72' title="bbox 295 2700 1074 2736">
     <span class='ocr_line' id='line_1_72' title="bbox 295 2700 1074 2736; baseline -0.004 -7"><span class='ocrx_word' id='word_1_498' title='bbox 295 2711 359 2736; x_wconf 84' lang='lat' dir='ltr'><strong>pore</strong></span> <span class='ocrx_word' id='word_1_499' title='bbox 381 2702 539 2729; x_wconf 85' lang='lat' dir='ltr'><strong>hominibus</strong></span> <span class='ocrx_word' id='word_1_500' title='bbox 567 2700 751 2728; x_wconf 81' lang='lat' dir='ltr'><strong>ministrabat.</strong></span> <span class='ocrx_word' id='word_1_501' title='bbox 771 2700 857 2734; x_wconf 89' lang='lat' dir='ltr'><strong>llujus</strong></span> <span class='ocrx_word' id='word_1_502' title='bbox 878 2705 993 2727; x_wconf 82' lang='lat' dir='ltr'><strong>statuam</strong></span> <span class='ocrx_word' id='word_1_503' title='bbox 1009 2707 1074 2727; x_wconf 66' lang='lat' dir='ltr'><strong>corr</strong></span> 
     </span>
    </p>
   </div>
   <div class='ocr_carea' id='block_1_73' title="bbox 294 2746 1077 2783">
    <p class='ocr_par' dir='ltr' id='par_1_73' title="bbox 294 2746 1077 2783">
     <span class='ocr_line' id='line_1_73' title="bbox 294 2746 1077 2783; baseline -0.004 -9"><span class='ocrx_word' id='word_1_504' title='bbox 294 2749 431 2783; x_wconf 68' lang='lat' dir='ltr'><strong>fregerunt</strong></span> <span class='ocrx_word' id='word_1_505' title='bbox 454 2747 619 2774; x_wconf 81' lang='lat' dir='ltr'><strong>Antioclteni</strong></span> <span class='ocrx_word' id='word_1_506' title='bbox 644 2746 679 2773; x_wconf 89' lang='lat' dir='ltr'><strong>ob</strong></span> <span class='ocrx_word' id='word_1_507' title='bbox 699 2747 870 2773; x_wconf 77' lang='lat' dir='ltr'><strong>exactionem</strong></span> <span class='ocrx_word' id='word_1_508' title='bbox 892 2746 1077 2780; x_wconf 83' lang='lat' dir='ltr'><strong>imperatoris;</strong></span> 
     </span>
    </p>
   </div>
   <div class='ocr_carea' id='block_1_74' title="bbox 292 2792 1079 2830">
    <p class='ocr_par' dir='ltr' id='par_1_74' title="bbox 292 2792 1079 2830">
     <span class='ocr_line' id='line_1_74' title="bbox 292 2792 1079 2830; baseline -0.003 -10"><span class='ocrx_word' id='word_1_509' title='bbox 292 2802 345 2830; x_wconf 76' lang='lat' dir='ltr'><strong>qua</strong></span> <span class='ocrx_word' id='word_1_510' title='bbox 365 2793 444 2829; x_wconf 82' lang='lat'><strong>571</strong></span> <span class='ocrx_word' id='word_1_511' title='bbox 471 2793 505 2820; x_wconf 84' lang='lat' dir='ltr'><strong>de</strong></span> <span class='ocrx_word' id='word_1_512' title='bbox 527 2801 555 2820; x_wconf 83' lang='lat' dir='ltr'><strong>re</strong></span> <span class='ocrx_word' id='word_1_513' title='bbox 575 2792 698 2820; x_wconf 84' lang='lat' dir='ltr'><strong>Joannes</strong></span> <span class='ocrx_word' id='word_1_514' title='bbox 721 2792 943 2828; x_wconf 75' lang='lat' dir='ltr'><strong>Chrysostomus,</strong></span> <span class='ocrx_word' id='word_1_515' title='bbox 959 2800 992 2819; x_wconf 85' lang='lat' dir='ltr'><strong>eo</strong></span> <span class='ocrx_word' id='word_1_516' title='bbox 1010 2798 1079 2818; x_wconf 86' lang='lat' dir='ltr'><strong>tem-</strong></span> 
     </span>
    </p>
   </div>
   <div class='ocr_carea' id='block_1_75' title="bbox 293 2837 1080 2874">
    <p class='ocr_par' dir='ltr' id='par_1_75' title="bbox 293 2837 1080 2874">
     <span class='ocr_line' id='line_1_75' title="bbox 293 2837 1080 2874; baseline -0.003 -8"><span class='ocrx_word' id='word_1_517' title='bbox 293 2847 359 2874; x_wconf 87' lang='lat' dir='ltr'><strong>pore</strong></span> <span class='ocrx_word' id='word_1_518' title='bbox 373 2839 525 2867; x_wconf 65' lang='lat' dir='ltr'><strong>Antiochia;</strong></span> <span class='ocrx_word' id='word_1_519' title='bbox 547 2838 704 2873; x_wconf 78' lang='lat' dir='ltr'><strong>presbyter,</strong></span> <span class='ocrx_word' id='word_1_520' title='bbox 721 2838 861 2865; x_wconf 87' lang='lat' dir='ltr'><strong>mirandas</strong></span> <span class='ocrx_word' id='word_1_521' title='bbox 875 2838 960 2865; x_wconf 83' lang='lat' dir='ltr'><strong>edidit</strong></span> <span class='ocrx_word' id='word_1_522' title='bbox 977 2837 1080 2864; x_wconf 83' lang='lat' dir='ltr'><strong>oratio-</strong></span> 
     </span>
    </p>
   </div>
   <div class='ocr_carea' id='block_1_76' title="bbox 292 2883 1073 2919">
    <p class='ocr_par' dir='ltr' id='par_1_76' title="bbox 292 2883 1073 2919">
     <span class='ocr_line' id='line_1_76' title="bbox 292 2883 1073 2919; baseline -0.005 -6"><span class='ocrx_word' id='word_1_523' title='bbox 292 2892 353 2919; x_wconf 78' lang='lat' dir='ltr'><strong>nes,</strong></span> <span class='ocrx_word' id='word_1_524' title='bbox 371 2888 522 2913; x_wconf 74' lang='lat' dir='ltr'><strong>statuarum</strong></span> <span class='ocrx_word' id='word_1_525' title='bbox 541 2884 632 2912; x_wconf 86' lang='lat' dir='ltr'><strong>titulo.</strong></span> <span class='ocrx_word' id='word_1_526' title='bbox 654 2884 731 2912; x_wconf 89' lang='lat' dir='ltr'><strong>Tunc</strong></span> <span class='ocrx_word' id='word_1_527' title='bbox 753 2883 833 2911; x_wconf 82' lang='lat' dir='ltr'><strong>etiam</strong></span> <span class='ocrx_word' id='word_1_528' title='bbox 863 2884 962 2910; x_wconf 74' lang='lat' dir='ltr'><strong>ideirco</strong></span> <span class='ocrx_word' id='word_1_529' title='bbox 987 2883 1073 2910; x_wconf 65' lang='lat' dir='ltr'><strong>&#39;l&#39;bzs</strong></span> 
     </span>
    </p>
   </div>
   <div class='ocr_carea' id='block_1_77' title="bbox 1133 964 1927 1003">
    <p class='ocr_par' dir='ltr' id='par_1_77' title="bbox 1133 964 1927 1003">
     <span class='ocr_line' id='line_1_77' title="bbox 1133 964 1927 1003; baseline 0.001 -10"><span class='ocrx_word' id='word_1_530' title='bbox 1133 967 1172 1003; x_wconf 80' lang='grc' dir='ltr'><strong>ρῷ</strong></span> <span class='ocrx_word' id='word_1_531' title='bbox 1188 967 1266 1002; x_wconf 84' lang='grc' dir='ltr'>λιμοῦ</span> <span class='ocrx_word' id='word_1_532' title='bbox 1282 969 1313 994; x_wconf 78' lang='grc' dir='ltr'>ὲκ</span> <span class='ocrx_word' id='word_1_533' title='bbox 1328 968 1382 994; x_wconf 85' lang='grc' dir='ltr'>τῶν</span> <span class='ocrx_word' id='word_1_534' title='bbox 1397 967 1469 995; x_wconf 82' lang='grc' dir='ltr'>ἰδίων</span> <span class='ocrx_word' id='word_1_535' title='bbox 1484 968 1637 1003; x_wconf 79' lang='grc' dir='ltr'><strong>ἐπήρκεσεν</strong></span> <span class='ocrx_word' id='word_1_536' title='bbox 1651 967 1885 1003; x_wconf 78' lang='grc' dir='ltr'>Ἀλεξανδρεῦσιν,</span> <span class='ocrx_word' id='word_1_537' title='bbox 1900 964 1927 1002; x_wconf 85' lang='grc' dir='ltr'><strong>ᾧ</strong></span> 
     </span>
    </p>
   </div>
   <div class='ocr_carea' id='block_1_78' title="bbox 1133 1013 1926 1050">
    <p class='ocr_par' dir='ltr' id='par_1_78' title="bbox 1133 1013 1926 1050">
     <span class='ocr_line' id='line_1_78' title="bbox 1133 1013 1926 1050; baseline 0 -10"><span class='ocrx_word' id='word_1_538' title='bbox 1133 1014 1178 1040; x_wconf 76' lang='grc' dir='ltr'>καὶ</span> <span class='ocrx_word' id='word_1_539' title='bbox 1190 1013 1349 1040; x_wconf 81' lang='grc' dir='ltr'>τελευτῶντι</span> <span class='ocrx_word' id='word_1_540' title='bbox 1361 1014 1425 1041; x_wconf 74' lang='grc' dir='ltr'>ναὸν</span> <span class='ocrx_word' id='word_1_541' title='bbox 1438 1015 1485 1041; x_wconf 81' lang='grc' dir='ltr'>καὶ</span> <span class='ocrx_word' id='word_1_542' title='bbox 1499 1014 1601 1050; x_wconf 80' lang='grc' dir='ltr'>στήλην</span> <span class='ocrx_word' id='word_1_543' title='bbox 1612 1014 1763 1049; x_wconf 82' lang='grc' dir='ltr'>ἀνέστησαν</span> <span class='ocrx_word' id='word_1_544' title='bbox 1773 1022 1780 1029; x_wconf 92' lang='grc'><strong>·</strong></span> <span class='ocrx_word' id='word_1_545' title='bbox 1797 1015 1844 1041; x_wconf 69' lang='grc' dir='ltr'>καὶ</span> <span class='ocrx_word' id='word_1_546' title='bbox 1859 1013 1926 1049; x_wconf 82' lang='grc' dir='ltr'>βοῦς</span> 
     </span>
    </p>
   </div>
   <div class='ocr_carea' id='block_1_79' title="bbox 1132 1057 1928 1094">
    <p class='ocr_par' dir='ltr' id='par_1_79' title="bbox 1132 1057 1928 1094">
     <span class='ocr_line' id='line_1_79' title="bbox 1132 1057 1928 1094; baseline 0 -9"><span class='ocrx_word' id='word_1_547' title='bbox 1132 1059 1214 1085; x_wconf 78' lang='grc' dir='ltr'>αὑτοῦ</span> <span class='ocrx_word' id='word_1_548' title='bbox 1229 1059 1370 1094; x_wconf 77' lang='grc' dir='ltr'>ἐτρέφετο,</span> <span class='ocrx_word' id='word_1_549' title='bbox 1387 1059 1417 1086; x_wconf 80' lang='grc' dir='ltr'><strong>δν</strong></span> <span class='ocrx_word' id='word_1_550' title='bbox 1431 1059 1479 1086; x_wconf 76' lang='grc' dir='ltr'>καὶ</span> <span class='ocrx_word' id='word_1_551' title='bbox 1486 1057 1571 1086; x_wconf 71' lang='grc' dir='ltr'>*Δπιν</span> <span class='ocrx_word' id='word_1_552' title='bbox 1586 1059 1700 1087; x_wconf 77' lang='grc' dir='ltr'>ἐκάλουν</span> <span class='ocrx_word' id='word_1_553' title='bbox 1715 1059 1870 1093; x_wconf 78' lang='grc' dir='ltr'><strong>ὁμωνύμως</strong></span> <span class='ocrx_word' id='word_1_554' title='bbox 1885 1058 1928 1093; x_wconf 84' lang='grc' dir='ltr'>τῷ</span> 
     </span>
    </p>
   </div>
   <div class='ocr_carea' id='block_1_80' title="bbox 1131 1102 1927 1140">
    <p class='ocr_par' dir='ltr' id='par_1_80' title="bbox 1131 1102 1927 1140">
     <span class='ocr_line' id='line_1_80' title="bbox 1131 1102 1927 1140; baseline 0 -9"><span class='ocrx_word' id='word_1_555' title='bbox 1131 1104 1259 1140; x_wconf 82' lang='grc' dir='ltr'>δεσπότῃ.</span> <span class='ocrx_word' id='word_1_556' title='bbox 1275 1105 1412 1140; x_wconf 76' lang='grc' dir='ltr'>Σύμϐολον</span> <span class='ocrx_word' id='word_1_557' title='bbox 1430 1102 1507 1136; x_wconf 75' lang='grc' dir='ltr'>οὗτος</span> <span class='ocrx_word' id='word_1_558' title='bbox 1523 1103 1558 1140; x_wconf 83' lang='grc' dir='ltr'>ἦν</span> <span class='ocrx_word' id='word_1_559' title='bbox 1574 1105 1621 1132; x_wconf 78' lang='grc' dir='ltr'><strong>τοῦ</strong></span> <span class='ocrx_word' id='word_1_560' title='bbox 1639 1105 1775 1139; x_wconf 75' lang='grc' dir='ltr'>γεωργοῦ.</span> <span class='ocrx_word' id='word_1_561' title='bbox 1795 1105 1927 1131; x_wconf 84' lang='grc' dir='ltr'>Μετωνό-</span> 
     </span>
    </p>
   </div>
   <div class='ocr_carea' id='block_1_81' title="bbox 1132 1148 1926 1185">
    <p class='ocr_par' dir='ltr' id='par_1_81' title="bbox 1132 1148 1926 1185">
     <span class='ocr_line' id='line_1_81' title="bbox 1132 1148 1926 1185; baseline 0.003 -11"><span class='ocrx_word' id='word_1_562' title='bbox 1132 1156 1223 1182; x_wconf 80' lang='grc' dir='ltr'>μασαν</span> <span class='ocrx_word' id='word_1_563' title='bbox 1236 1148 1264 1175; x_wconf 85' lang='grc' dir='ltr'>δὲ</span> <span class='ocrx_word' id='word_1_564' title='bbox 1276 1149 1321 1175; x_wconf 75' lang='grc' dir='ltr'>τὸν</span> <span class='ocrx_word' id='word_1_565' title='bbox 1334 1148 1480 1185; x_wconf 79' lang='grc' dir='ltr'>ἄνθρωπον</span> <span class='ocrx_word' id='word_1_566' title='bbox 1493 1149 1596 1176; x_wconf 78' lang='grc' dir='ltr'>ἐκεῖνον</span> <span class='ocrx_word' id='word_1_567' title='bbox 1608 1150 1655 1176; x_wconf 69' lang='grc' dir='ltr'>καὶ</span> <span class='ocrx_word' id='word_1_568' title='bbox 1667 1150 1795 1184; x_wconf 75' lang='grc' dir='ltr'>Γόρασιν,</span> <span class='ocrx_word' id='word_1_569' title='bbox 1809 1149 1858 1175; x_wconf 81' lang='grc' dir='ltr'><strong>καὶ</strong></span> <span class='ocrx_word' id='word_1_570' title='bbox 1871 1149 1926 1176; x_wconf 70' lang='grc' dir='ltr'><strong>Σά-</strong></span> 
     </span>
    </p>
   </div>
   <div class='ocr_carea' id='block_1_82' title="bbox 1132 1193 1927 1230">
    <p class='ocr_par' dir='ltr' id='par_1_82' title="bbox 1132 1193 1927 1230">
     <span class='ocr_line' id='line_1_82' title="bbox 1132 1193 1927 1230; baseline 0.001 -10"><span class='ocrx_word' id='word_1_571' title='bbox 1132 1202 1216 1229; x_wconf 86' lang='grc' dir='ltr'>ραπιν</span> <span class='ocrx_word' id='word_1_572' title='bbox 1233 1193 1283 1229; x_wconf 85' lang='grc' dir='ltr'>τὴν</span> <span class='ocrx_word' id='word_1_573' title='bbox 1300 1195 1411 1230; x_wconf 82' lang='grc' dir='ltr'>στήλην.</span> <span class='ocrx_word' id='word_1_574' title='bbox 1429 1194 1472 1221; x_wconf 87' lang='grc' dir='ltr'>Ἐν</span> <span class='ocrx_word' id='word_1_575' title='bbox 1487 1195 1525 1230; x_wconf 78' lang='grc' dir='ltr'>τῷ</span> <span class='ocrx_word' id='word_1_576' title='bbox 1541 1194 1598 1230; x_wconf 81' lang='grc' dir='ltr'><strong>ναῷ</strong></span> <span class='ocrx_word' id='word_1_577' title='bbox 1614 1194 1680 1229; x_wconf 92' lang='grc' dir='ltr'>γοῦν</span> <span class='ocrx_word' id='word_1_578' title='bbox 1697 1194 1792 1221; x_wconf 84' lang='grc' dir='ltr'>τούτου</span> <span class='ocrx_word' id='word_1_579' title='bbox 1809 1194 1927 1229; x_wconf 75' lang='grc' dir='ltr'>ἄγαλμα</span> 
     </span>
    </p>
   </div>
   <div class='ocr_carea' id='block_1_83' title="bbox 1133 1239 1927 1277">
    <p class='ocr_par' dir='ltr' id='par_1_83' title="bbox 1133 1239 1927 1277">
     <span class='ocr_line' id='line_1_83' title="bbox 1133 1239 1927 1277; baseline 0.001 -11"><span class='ocrx_word' id='word_1_580' title='bbox 1133 1241 1204 1274; x_wconf 87' lang='grc' dir='ltr'>μέγα</span> <span class='ocrx_word' id='word_1_581' title='bbox 1221 1241 1267 1267; x_wconf 69' lang='grc' dir='ltr'>καὶ</span> <span class='ocrx_word' id='word_1_582' title='bbox 1282 1240 1397 1276; x_wconf 79' lang='grc' dir='ltr'>φοϐερὸν</span> <span class='ocrx_word' id='word_1_583' title='bbox 1410 1239 1465 1268; x_wconf 79' lang='grc' dir='ltr'>οἷον</span> <span class='ocrx_word' id='word_1_584' title='bbox 1478 1242 1511 1268; x_wconf 81' lang='grc' dir='ltr'>ὲκ</span> <span class='ocrx_word' id='word_1_585' title='bbox 1525 1241 1653 1277; x_wconf 82' lang='grc' dir='ltr'>διαφόρου</span> <span class='ocrx_word' id='word_1_586' title='bbox 1668 1241 1927 1276; x_wconf 79' lang='grc' dir='ltr'>κατεσκευασμένον</span> 
     </span>
    </p>
   </div>
   <div class='ocr_carea' id='block_1_84' title="bbox 1132 1284 1926 1321">
    <p class='ocr_par' dir='ltr' id='par_1_84' title="bbox 1132 1284 1926 1321">
     <span class='ocr_line' id='line_1_84' title="bbox 1132 1284 1926 1321; baseline 0.003 -11"><span class='ocrx_word' id='word_1_587' title='bbox 1132 1284 1197 1320; x_wconf 81' lang='grc' dir='ltr'>ὕλης</span> <span class='ocrx_word' id='word_1_588' title='bbox 1215 1284 1317 1317; x_wconf 77' lang='grc' dir='ltr'>ἵστατο,</span> <span class='ocrx_word' id='word_1_589' title='bbox 1334 1285 1373 1317; x_wconf 83' lang='grc' dir='ltr'><strong>ὡς</strong></span> <span class='ocrx_word' id='word_1_590' title='bbox 1388 1285 1533 1321; x_wconf 78' lang='grc' dir='ltr'>ἑκατέραις</span> <span class='ocrx_word' id='word_1_591' title='bbox 1548 1286 1642 1321; x_wconf 81' lang='grc' dir='ltr'>χερσὶν</span> <span class='ocrx_word' id='word_1_592' title='bbox 1658 1286 1798 1321; x_wconf 78' lang='grc' dir='ltr'>ἑκατέρων</span> <span class='ocrx_word' id='word_1_593' title='bbox 1813 1286 1926 1321; x_wconf 73' lang='grc' dir='ltr'>ἔχεσθαι</span> 
     </span>
    </p>
   </div>
   <div class='ocr_carea' id='block_1_85' title="bbox 1130 1330 1926 1367">
    <p class='ocr_par' dir='ltr' id='par_1_85' title="bbox 1130 1330 1926 1367">
     <span class='ocr_line' id='line_1_85' title="bbox 1130 1330 1926 1367; baseline 0.003 -11"><span class='ocrx_word' id='word_1_594' title='bbox 1130 1330 1184 1356; x_wconf 86' lang='grc' dir='ltr'>τῶν</span> <span class='ocrx_word' id='word_1_595' title='bbox 1198 1330 1307 1365; x_wconf 85' lang='grc' dir='ltr'>τοίχων.</span> <span class='ocrx_word' id='word_1_596' title='bbox 1320 1330 1415 1357; x_wconf 85' lang='grc' dir='ltr'>Ἕνδον</span> <span class='ocrx_word' id='word_1_597' title='bbox 1429 1331 1457 1357; x_wconf 82' lang='grc' dir='ltr'>δὲ</span> <span class='ocrx_word' id='word_1_598' title='bbox 1472 1331 1569 1358; x_wconf 88' lang='grc' dir='ltr'>τούτου</span> <span class='ocrx_word' id='word_1_599' title='bbox 1584 1331 1631 1358; x_wconf 84' lang='grc' dir='ltr'><strong>τοῦ</strong></span> <span class='ocrx_word' id='word_1_600' title='bbox 1648 1332 1777 1367; x_wconf 81' lang='grc' dir='ltr'>μεγίστου</span> <span class='ocrx_word' id='word_1_601' title='bbox 1794 1332 1926 1366; x_wconf 80' lang='grc' dir='ltr'>ἁγάλμα-</span> 
     </span>
    </p>
   </div>
   <div class='ocr_carea' id='block_1_86' title="bbox 1130 1376 1929 1414">
    <p class='ocr_par' dir='ltr' id='par_1_86' title="bbox 1130 1376 1929 1414">
     <span class='ocr_line' id='line_1_86' title="bbox 1130 1376 1929 1414; baseline 0.001 -11"><span class='ocrx_word' id='word_1_602' title='bbox 1130 1385 1176 1408; x_wconf 86' lang='grc' dir='ltr'><strong>τος</strong></span> <span class='ocrx_word' id='word_1_603' title='bbox 1188 1376 1266 1408; x_wconf 80' lang='grc' dir='ltr'>ἄλλος</span> <span class='ocrx_word' id='word_1_604' title='bbox 1276 1377 1340 1408; x_wconf 71' lang='grc' dir='ltr'>ναὸς</span> <span class='ocrx_word' id='word_1_605' title='bbox 1352 1378 1399 1404; x_wconf 75' lang='grc' dir='ltr'><strong>καὶ</strong></span> <span class='ocrx_word' id='word_1_606' title='bbox 1412 1377 1521 1404; x_wconf 76' lang='grc' dir='ltr'>εἴδωλον</span> <span class='ocrx_word' id='word_1_607' title='bbox 1533 1379 1580 1405; x_wconf 73' lang='grc' dir='ltr'>καὶ</span> <span class='ocrx_word' id='word_1_608' title='bbox 1592 1377 1684 1410; x_wconf 75' lang='grc' dir='ltr'>ξόανον</span> <span class='ocrx_word' id='word_1_609' title='bbox 1695 1377 1846 1414; x_wconf 83' lang='grc' dir='ltr'>ἀπῃώρητο</span> <span class='ocrx_word' id='word_1_610' title='bbox 1858 1378 1929 1413; x_wconf 86' lang='grc' dir='ltr'>χαλ-</span> 
     </span>
    </p>
   </div>
   <div class='ocr_carea' id='block_1_87' title="bbox 1131 1421 1929 1460">
    <p class='ocr_par' dir='ltr' id='par_1_87' title="bbox 1131 1421 1929 1460">
     <span class='ocr_line' id='line_1_87' title="bbox 1131 1421 1929 1460; baseline 0.003 -12"><span class='ocrx_word' id='word_1_611' title='bbox 1131 1421 1208 1454; x_wconf 85' lang='grc' dir='ltr'>κοῦν,</span> <span class='ocrx_word' id='word_1_612' title='bbox 1219 1422 1250 1448; x_wconf 78' lang='grc' dir='ltr'>οὐ</span> <span class='ocrx_word' id='word_1_613' title='bbox 1266 1423 1336 1457; x_wconf 79' lang='grc' dir='ltr'>μέγα</span> <span class='ocrx_word' id='word_1_614' title='bbox 1349 1422 1388 1448; x_wconf 84' lang='grc' dir='ltr'>δέ.</span> <span class='ocrx_word' id='word_1_615' title='bbox 1399 1422 1501 1450; x_wconf 84' lang='grc' dir='ltr'>Τούτου</span> <span class='ocrx_word' id='word_1_616' title='bbox 1513 1425 1545 1458; x_wconf 83' lang='grc' dir='ltr'>τῇ</span> <span class='ocrx_word' id='word_1_617' title='bbox 1560 1423 1666 1460; x_wconf 77' lang='grc' dir='ltr'>κεφαλῇ</span> <span class='ocrx_word' id='word_1_618' title='bbox 1683 1424 1790 1459; x_wconf 85' lang='grc' dir='ltr'>σίδηρον</span> <span class='ocrx_word' id='word_1_619' title='bbox 1801 1424 1929 1459; x_wconf 77' lang='grc' dir='ltr'>ἔνείραν-</span> 
     </span>
    </p>
   </div>
   <div class='ocr_carea' id='block_1_88' title="bbox 1131 1467 1928 1505">
    <p class='ocr_par' dir='ltr' id='par_1_88' title="bbox 1131 1467 1928 1505">
     <span class='ocr_line' id='line_1_88' title="bbox 1131 1467 1928 1505; baseline 0.004 -12"><span class='ocrx_word' id='word_1_620' title='bbox 1131 1476 1189 1500; x_wconf 80' lang='grc' dir='ltr'>τες,</span> <span class='ocrx_word' id='word_1_621' title='bbox 1203 1469 1259 1499; x_wconf 81' lang='grc' dir='ltr'>τοῖς</span> <span class='ocrx_word' id='word_1_622' title='bbox 1274 1467 1436 1503; x_wconf 86' lang='grc' dir='ltr'>φατνώμασι</span> <span class='ocrx_word' id='word_1_623' title='bbox 1450 1469 1478 1495; x_wconf 82' lang='grc' dir='ltr'>δὲ</span> <span class='ocrx_word' id='word_1_624' title='bbox 1491 1469 1540 1504; x_wconf 87' lang='grc' dir='ltr'><strong>τῆς</strong></span> <span class='ocrx_word' id='word_1_625' title='bbox 1557 1470 1655 1504; x_wconf 88' lang='grc' dir='ltr'>στέγης</span> <span class='ocrx_word' id='word_1_626' title='bbox 1671 1469 1774 1496; x_wconf 78' lang='grc' dir='ltr'>ἄνωθεν</span> <span class='ocrx_word' id='word_1_627' title='bbox 1788 1471 1928 1505; x_wconf 77' lang='grc' dir='ltr'>μαγνῆτιν</span> 
     </span>
    </p>
   </div>
   <div class='ocr_carea' id='block_1_89' title="bbox 1131 1512 1925 1551">
    <p class='ocr_par' dir='ltr' id='par_1_89' title="bbox 1131 1512 1925 1551">
     <span class='ocr_line' id='line_1_89' title="bbox 1131 1512 1925 1551; baseline 0.005 -13"><span class='ocrx_word' id='word_1_628' title='bbox 1131 1512 1204 1539; x_wconf 87' lang='grc' dir='ltr'>λίθον</span> <span class='ocrx_word' id='word_1_629' title='bbox 1219 1513 1289 1539; x_wconf 72' lang='grc' dir='ltr'>κατὰ</span> <span class='ocrx_word' id='word_1_630' title='bbox 1306 1513 1420 1540; x_wconf 83' lang='grc' dir='ltr'>κάθετον</span> <span class='ocrx_word' id='word_1_631' title='bbox 1436 1514 1592 1550; x_wconf 70' lang='grc' dir='ltr'>ἐνθέμενοι,</span> <span class='ocrx_word' id='word_1_632' title='bbox 1610 1515 1748 1551; x_wconf 87' lang='grc' dir='ltr'>μετέωρον</span> <span class='ocrx_word' id='word_1_633' title='bbox 1762 1515 1858 1542; x_wconf 77' lang='grc' dir='ltr'>τοῦτον</span> <span class='ocrx_word' id='word_1_634' title='bbox 1876 1516 1925 1542; x_wconf 79' lang='grc' dir='ltr'><strong>τοῦ</strong></span> 
     </span>
    </p>
   </div>
   <div class='ocr_carea' id='block_1_90' title="bbox 1132 1557 1928 1597">
    <p class='ocr_par' dir='ltr' id='par_1_90' title="bbox 1132 1557 1928 1597">
     <span class='ocr_line' id='line_1_90' title="bbox 1132 1557 1928 1597; baseline 0.008 -14"><span class='ocrx_word' id='word_1_635' title='bbox 1132 1557 1212 1591; x_wconf 80' lang='grc' dir='ltr'>ἀέρος</span> <span class='ocrx_word' id='word_1_636' title='bbox 1233 1557 1344 1592; x_wconf 79' lang='grc' dir='ltr'>ἀφῆκαν</span> <span class='ocrx_word' id='word_1_637' title='bbox 1364 1558 1481 1594; x_wconf 77' lang='grc' dir='ltr'>δρᾶσθαι</span> <span class='ocrx_word' id='word_1_638' title='bbox 1503 1561 1696 1595; x_wconf 85' lang='grc' dir='ltr'>κρεμάμενον,</span> <span class='ocrx_word' id='word_1_639' title='bbox 1709 1561 1757 1588; x_wconf 69' lang='grc' dir='ltr'>καὶ</span> <span class='ocrx_word' id='word_1_640' title='bbox 1777 1561 1840 1588; x_wconf 73' lang='grc' dir='ltr'>οὔτε</span> <span class='ocrx_word' id='word_1_641' title='bbox 1862 1562 1928 1597; x_wconf 78' lang='grc' dir='ltr'>γῆς,</span> 
     </span>
    </p>
   </div>
   <div class='ocr_carea' id='block_1_91' title="bbox 1130 1602 1687 1640">
    <p class='ocr_par' dir='ltr' id='par_1_91' title="bbox 1130 1602 1687 1640">
     <span class='ocr_line' id='line_1_91' title="bbox 1130 1602 1687 1640; baseline 0.007 -11"><span class='ocrx_word' id='word_1_642' title='bbox 1130 1602 1185 1629; x_wconf 77' lang='grc' dir='ltr'>οὒτ’</span> <span class='ocrx_word' id='word_1_643' title='bbox 1196 1604 1280 1640; x_wconf 76' lang='grc' dir='ltr'>αὐτῆς</span> <span class='ocrx_word' id='word_1_644' title='bbox 1305 1604 1356 1638; x_wconf 80' lang='grc' dir='ltr'><strong>τῆς</strong></span> <span class='ocrx_word' id='word_1_645' title='bbox 1372 1604 1471 1639; x_wconf 80' lang='grc' dir='ltr'>στέγης</span> <span class='ocrx_word' id='word_1_646' title='bbox 1487 1606 1687 1640; x_wconf 70' lang='grc' dir='ltr'>ἐφαπτόμενον.</span> 
     </span>
    </p>
   </div>
   <div class='ocr_carea' id='block_1_92' title="bbox 1172 1649 1930 1688">
    <p class='ocr_par' dir='ltr' id='par_1_92' title="bbox 1172 1649 1930 1688">
     <span class='ocr_line' id='line_1_92' title="bbox 1172 1649 1930 1688; baseline 0.007 -12"><span class='ocrx_word' id='word_1_647' title='bbox 1172 1649 1269 1676; x_wconf 82' lang='grc' dir='ltr'>Ἰστέον</span> <span class='ocrx_word' id='word_1_648' title='bbox 1291 1650 1333 1677; x_wconf 86' lang='grc' dir='ltr'>ὅτι</span> <span class='ocrx_word' id='word_1_649' title='bbox 1358 1651 1389 1677; x_wconf 79' lang='grc' dir='ltr'>τὸ</span> <span class='ocrx_word' id='word_1_650' title='bbox 1415 1651 1465 1686; x_wconf 87' lang='grc' dir='ltr'>μὲν</span> <span class='ocrx_word' id='word_1_651' title='bbox 1489 1652 1598 1678; x_wconf 72' lang='grc' dir='ltr'>εἴδωλον</span> <span class='ocrx_word' id='word_1_652' title='bbox 1621 1653 1751 1688; x_wconf 76' lang='grc' dir='ltr'>οὐδεμίαν</span> <span class='ocrx_word' id='word_1_653' title='bbox 1774 1653 1930 1682; x_wconf 79' lang='grc' dir='ltr'>ὑπόστασιν</span> 
     </span>
    </p>
   </div>
   <div class='ocr_carea' id='block_1_93' title="bbox 1128 1694 1928 1734">
    <p class='ocr_par' dir='ltr' id='par_1_93' title="bbox 1128 1694 1928 1734">
     <span class='ocr_line' id='line_1_93' title="bbox 1128 1694 1928 1734; baseline 0.009 -14"><span class='ocrx_word' id='word_1_654' title='bbox 1128 1694 1199 1730; x_wconf 75' lang='grc' dir='ltr'>ἔχει,</span> <span class='ocrx_word' id='word_1_655' title='bbox 1217 1695 1246 1721; x_wconf 84' lang='grc' dir='ltr'>τὸ</span> <span class='ocrx_word' id='word_1_656' title='bbox 1261 1696 1283 1722; x_wconf 86' lang='grc' dir='ltr'>δ’</span> <span class='ocrx_word' id='word_1_657' title='bbox 1297 1696 1411 1732; x_wconf 80' lang='grc' dir='ltr'>ἵνδαλμά</span> <span class='ocrx_word' id='word_1_658' title='bbox 1426 1697 1498 1729; x_wconf 84' lang='grc' dir='ltr'>τινός</span> <span class='ocrx_word' id='word_1_659' title='bbox 1515 1698 1588 1724; x_wconf 76' lang='grc' dir='ltr'>ἐστιν</span> <span class='ocrx_word' id='word_1_660' title='bbox 1603 1698 1729 1734; x_wconf 81' lang='grc' dir='ltr'>ὁμοίωμα</span> <span class='ocrx_word' id='word_1_661' title='bbox 1746 1700 1794 1726; x_wconf 80' lang='grc' dir='ltr'>καὶ</span> <span class='ocrx_word' id='word_1_662' title='bbox 1808 1700 1928 1727; x_wconf 82' lang='grc' dir='ltr'>ἀπεικό-</span> 
     </span>
    </p>
   </div>
   <div class='ocr_carea' id='block_1_94' title="bbox 1126 1741 1930 1782">
    <p class='ocr_par' dir='ltr' id='par_1_94' title="bbox 1126 1741 1930 1782">
     <span class='ocr_line' id='line_1_94' title="bbox 1126 1741 1930 1782; baseline 0.007 -15"><span class='ocrx_word' id='word_1_663' title='bbox 1126 1748 1221 1776; x_wconf 87' lang='grc' dir='ltr'>νισμα.</span> <span class='ocrx_word' id='word_1_664' title='bbox 1234 1742 1289 1768; x_wconf 80' lang='grc' dir='ltr'><strong>Καὶ</strong></span> <span class='ocrx_word' id='word_1_665' title='bbox 1298 1741 1406 1769; x_wconf 78' lang='grc' dir='ltr'>εἴδωλον</span> <span class='ocrx_word' id='word_1_666' title='bbox 1421 1743 1470 1778; x_wconf 83' lang='grc' dir='ltr'>μὲν</span> <span class='ocrx_word' id='word_1_667' title='bbox 1482 1743 1611 1778; x_wconf 86' lang='grc' dir='ltr'>Σφίγγες,</span> <span class='ocrx_word' id='word_1_668' title='bbox 1627 1745 1778 1780; x_wconf 81' lang='grc' dir='ltr'>Κένταυροι</span> <span class='ocrx_word' id='word_1_669' title='bbox 1791 1746 1930 1782; x_wconf 77' lang='grc' dir='ltr'>κυνοπρό-</span> 
     </span>
    </p>
   </div>
   <div class='ocr_carea' id='block_1_95' title="bbox 1129 1788 1926 1826">
    <p class='ocr_par' dir='ltr' id='par_1_95' title="bbox 1129 1788 1926 1826">
     <span class='ocr_line' id='line_1_95' title="bbox 1129 1788 1926 1826; baseline 0.006 -13"><span class='ocrx_word' id='word_1_670' title='bbox 1129 1795 1207 1814; x_wconf 86' lang='grc' dir='ltr'>σωπα</span> <span class='ocrx_word' id='word_1_671' title='bbox 1220 1788 1267 1814; x_wconf 75' lang='grc' dir='ltr'>καὶ</span> <span class='ocrx_word' id='word_1_672' title='bbox 1281 1788 1442 1823; x_wconf 84' lang='grc' dir='ltr'>βουκέφαλοι</span> <span class='ocrx_word' id='word_1_673' title='bbox 1455 1789 1540 1824; x_wconf 82' lang='grc' dir='ltr'>ἧγουν</span> <span class='ocrx_word' id='word_1_674' title='bbox 1552 1789 1586 1816; x_wconf 84' lang='grc' dir='ltr'><strong>τὰ</strong></span> <span class='ocrx_word' id='word_1_675' title='bbox 1601 1790 1638 1825; x_wconf 82' lang='grc' dir='ltr'><strong>μὴ</strong></span> <span class='ocrx_word' id='word_1_676' title='bbox 1653 1790 1806 1824; x_wconf 79' lang='grc' dir='ltr'>ὑφεστῶτα,</span> <span class='ocrx_word' id='word_1_677' title='bbox 1820 1793 1926 1826; x_wconf 81' lang='grc' dir='ltr'>ὁμοιώ-</span> 
     </span>
    </p>
   </div>
   <div class='ocr_carea' id='block_1_96' title="bbox 1130 1833 1929 1873">
    <p class='ocr_par' dir='ltr' id='par_1_96' title="bbox 1130 1833 1929 1873">
     <span class='ocr_line' id='line_1_96' title="bbox 1130 1833 1929 1873; baseline 0.005 -14"><span class='ocrx_word' id='word_1_678' title='bbox 1130 1841 1201 1868; x_wconf 81' lang='grc' dir='ltr'>ματα</span> <span class='ocrx_word' id='word_1_679' title='bbox 1208 1833 1234 1860; x_wconf 82' lang='grc' dir='ltr'>δὲ</span> <span class='ocrx_word' id='word_1_680' title='bbox 1241 1834 1294 1860; x_wconf 86' lang='grc' dir='ltr'>τῶν</span> <span class='ocrx_word' id='word_1_681' title='bbox 1302 1834 1462 1868; x_wconf 75' lang='grc' dir='ltr'>ὑφεστώτων</span> <span class='ocrx_word' id='word_1_682' title='bbox 1470 1835 1635 1871; x_wconf 76' lang='grc' dir='ltr'>εἰκάσματα,</span> <span class='ocrx_word' id='word_1_683' title='bbox 1644 1834 1699 1863; x_wconf 79' lang='grc' dir='ltr'>οἷον</span> <span class='ocrx_word' id='word_1_684' title='bbox 1707 1836 1929 1873; x_wconf 79' lang='grc' dir='ltr'>ήλίου,σελήνης,</span> 
     </span>
    </p>
   </div>
   <div class='ocr_carea' id='block_1_97' title="bbox 1128 1878 1929 1916">
    <p class='ocr_par' dir='ltr' id='par_1_97' title="bbox 1128 1878 1929 1916">
     <span class='ocr_line' id='line_1_97' title="bbox 1128 1878 1929 1916; baseline 0.005 -11"><span class='ocrx_word' id='word_1_685' title='bbox 1128 1878 1246 1914; x_wconf 84' lang='grc' dir='ltr'>ἄστρων,</span> <span class='ocrx_word' id='word_1_686' title='bbox 1266 1879 1428 1915; x_wconf 81' lang='grc' dir='ltr'>ἀνθρώπων,</span> <span class='ocrx_word' id='word_1_687' title='bbox 1438 1881 1553 1916; x_wconf 83' lang='grc' dir='ltr'>θηρίων,</span> <span class='ocrx_word' id='word_1_688' title='bbox 1570 1882 1693 1916; x_wconf 73' lang='grc' dir='ltr'>ἑρπετῶν</span> <span class='ocrx_word' id='word_1_689' title='bbox 1702 1883 1749 1909; x_wconf 70' lang='grc' dir='ltr'>καὶ</span> <span class='ocrx_word' id='word_1_690' title='bbox 1757 1883 1810 1910; x_wconf 82' lang='grc' dir='ltr'>τῶν</span> <span class='ocrx_word' id='word_1_691' title='bbox 1819 1883 1929 1915; x_wconf 76' lang='grc' dir='ltr'>τούτοις</span> 
     </span>
    </p>
   </div>
   <div class='ocr_carea' id='block_1_98' title="bbox 1128 1924 1383 1959">
    <p class='ocr_par' dir='ltr' id='par_1_98' title="bbox 1128 1924 1383 1959">
     <span class='ocr_line' id='line_1_98' title="bbox 1128 1924 1383 1959; baseline 0.008 -8"><span class='ocrx_word' id='word_1_692' title='bbox 1128 1924 1338 1959; x_wconf 77' lang='grc' dir='ltr'>παραπλησίων.</span> <span class='ocrx_word' id='word_1_693' title='bbox 1377 1946 1383 1953; x_wconf 87' lang='grc'>.</span> 
     </span>
    </p>
   </div>
   <div class='ocr_carea' id='block_1_99' title="bbox 1169 2012 1929 2050">
    <p class='ocr_par' dir='ltr' id='par_1_99' title="bbox 1169 2012 1929 2050">
     <span class='ocr_line' id='line_1_99' title="bbox 1169 2012 1929 2050; baseline 0.003 -11"><span class='ocrx_word' id='word_1_694' title='bbox 1169 2013 1269 2040; x_wconf 79' lang='grc' dir='ltr'>’ἰστέον</span> <span class='ocrx_word' id='word_1_695' title='bbox 1284 2013 1324 2039; x_wconf 81' lang='grc' dir='ltr'>ὅτι</span> <span class='ocrx_word' id='word_1_696' title='bbox 1341 2012 1471 2040; x_wconf 80' lang='grc' dir='ltr'>Χαλδαῖοι</span> <span class='ocrx_word' id='word_1_697' title='bbox 1484 2013 1515 2039; x_wconf 81' lang='grc' dir='ltr'>τὸ</span> <span class='ocrx_word' id='word_1_698' title='bbox 1532 2012 1588 2048; x_wconf 77' lang='grc' dir='ltr'><strong>πῦρ</strong></span> <span class='ocrx_word' id='word_1_699' title='bbox 1604 2012 1642 2045; x_wconf 84' lang='grc' dir='ltr'>ὡς</span> <span class='ocrx_word' id='word_1_700' title='bbox 1661 2013 1769 2041; x_wconf 86' lang='grc' dir='ltr'>πάντων</span> <span class='ocrx_word' id='word_1_701' title='bbox 1784 2014 1929 2050; x_wconf 83' lang='grc' dir='ltr'>ἀναιρετι-</span> 
     </span>
    </p>
   </div>
   <div class='ocr_carea' id='block_1_100' title="bbox 1127 2058 1928 2094">
    <p class='ocr_par' dir='ltr' id='par_1_100' title="bbox 1127 2058 1928 2094">
     <span class='ocr_line' id='line_1_100' title="bbox 1127 2058 1928 2094; baseline 0.001 -8"><span class='ocrx_word' id='word_1_702' title='bbox 1127 2058 1175 2086; x_wconf 69' lang='grc' dir='ltr'><strong>κὸν</strong></span> <span class='ocrx_word' id='word_1_703' title='bbox 1190 2059 1325 2092; x_wconf 73' lang='grc' dir='ltr'>σέϐονται,</span> <span class='ocrx_word' id='word_1_704' title='bbox 1340 2059 1386 2086; x_wconf 76' lang='grc' dir='ltr'>καὶ</span> <span class='ocrx_word' id='word_1_705' title='bbox 1401 2060 1504 2090; x_wconf 82' lang='grc' dir='ltr'>πάντας</span> <span class='ocrx_word' id='word_1_706' title='bbox 1517 2059 1581 2091; x_wconf 84' lang='grc' dir='ltr'>τοὺς</span> <span class='ocrx_word' id='word_1_707' title='bbox 1608 2059 1743 2094; x_wconf 83' lang='grc' dir='ltr'>Ἑλλήνων</span> <span class='ocrx_word' id='word_1_708' title='bbox 1757 2060 1835 2091; x_wconf 76' lang='grc' dir='ltr'>θεοὺς</span> <span class='ocrx_word' id='word_1_709' title='bbox 1858 2069 1928 2087; x_wconf 87' lang='grc' dir='ltr'>κατ-</span> 
     </span>
    </p>
   </div>
   <div class='ocr_carea' id='block_1_101' title="bbox 1127 2103 1930 2141">
    <p class='ocr_par' dir='ltr' id='par_1_101' title="bbox 1127 2103 1930 2141">
     <span class='ocr_line' id='line_1_101' title="bbox 1127 2103 1930 2141; baseline 0.001 -10"><span class='ocrx_word' id='word_1_710' title='bbox 1127 2104 1253 2140; x_wconf 83' lang='grc' dir='ltr'>έδραμον.</span> <span class='ocrx_word' id='word_1_711' title='bbox 1276 2103 1432 2140; x_wconf 84' lang='grc' dir='ltr'>Προσῆλθον</span> <span class='ocrx_word' id='word_1_712' title='bbox 1445 2105 1473 2131; x_wconf 83' lang='grc' dir='ltr'>δὲ</span> <span class='ocrx_word' id='word_1_713' title='bbox 1496 2105 1542 2132; x_wconf 81' lang='grc' dir='ltr'><strong>καὶ</strong></span> <span class='ocrx_word' id='word_1_714' title='bbox 1560 2105 1598 2140; x_wconf 86' lang='grc' dir='ltr'>τῷ</span> <span class='ocrx_word' id='word_1_715' title='bbox 1620 2105 1754 2137; x_wconf 83' lang='grc' dir='ltr'>Κάνωπος</span> <span class='ocrx_word' id='word_1_716' title='bbox 1776 2107 1854 2141; x_wconf 77' lang='grc' dir='ltr'>ἱερεῖ,</span> <span class='ocrx_word' id='word_1_717' title='bbox 1878 2106 1930 2132; x_wconf 78' lang='grc' dir='ltr'>καὶ</span> 
     </span>
    </p>
   </div>
   <div class='ocr_carea' id='block_1_102' title="bbox 1129 2151 1928 2186">
    <p class='ocr_par' dir='ltr' id='par_1_102' title="bbox 1129 2151 1928 2186">
     <span class='ocr_line' id='line_1_102' title="bbox 1129 2151 1928 2186; baseline 0.003 -10"><span class='ocrx_word' id='word_1_718' title='bbox 1129 2151 1208 2182; x_wconf 86' lang='grc' dir='ltr'>αὑτὺς</span> <span class='ocrx_word' id='word_1_719' title='bbox 1230 2151 1385 2186; x_wconf 73' lang='grc' dir='ltr'>μηχανᾶταί</span> <span class='ocrx_word' id='word_1_720' title='bbox 1400 2159 1427 2177; x_wconf 83' lang='grc' dir='ltr'><strong>τι</strong></span> <span class='ocrx_word' id='word_1_721' title='bbox 1445 2151 1577 2178; x_wconf 86' lang='grc' dir='ltr'>τοιοῦτον.</span> <span class='ocrx_word' id='word_1_722' title='bbox 1595 2151 1641 2183; x_wconf 80' lang='grc' dir='ltr'><strong>Εἰς</strong></span> <span class='ocrx_word' id='word_1_723' title='bbox 1659 2151 1744 2178; x_wconf 80' lang='grc' dir='ltr'>τύπον</span> <span class='ocrx_word' id='word_1_724' title='bbox 1764 2153 1928 2186; x_wconf 83' lang='grc' dir='ltr'>ἀγάλματος</span> 
     </span>
    </p>
   </div>
   <div class='ocr_carea' id='block_1_103' title="bbox 1129 2195 1927 2233">
    <p class='ocr_par' dir='ltr' id='par_1_103' title="bbox 1129 2195 1927 2233">
     <span class='ocr_line' id='line_1_103' title="bbox 1129 2195 1927 2233; baseline 0.004 -12"><span class='ocrx_word' id='word_1_725' title='bbox 1129 2195 1223 2231; x_wconf 80' lang='grc' dir='ltr'>ὑδρίαν</span> <span class='ocrx_word' id='word_1_726' title='bbox 1244 2195 1408 2231; x_wconf 85' lang='grc' dir='ltr'>ὀστρακίνην</span> <span class='ocrx_word' id='word_1_727' title='bbox 1430 2196 1640 2229; x_wconf 82' lang='grc' dir='ltr'>κατασκευάσας</span> <span class='ocrx_word' id='word_1_728' title='bbox 1664 2197 1776 2233; x_wconf 84' lang='grc' dir='ltr'>τρήσεις</span> <span class='ocrx_word' id='word_1_729' title='bbox 1800 2197 1927 2233; x_wconf 82' lang='grc' dir='ltr'>ὑπέθηκε</span> 
     </span>
    </p>
   </div>
   <div class='ocr_carea' id='block_1_104' title="bbox 1095 2241 1927 2278">
    <p class='ocr_par' dir='ltr' id='par_1_104' title="bbox 1095 2241 1927 2278">
     <span class='ocr_line' id='line_1_104' title="bbox 1095 2241 1927 2278; baseline 0.004 -11"><span class='ocrx_word' id='word_1_730' title='bbox 1095 2250 1116 2276; x_wconf 73' lang='grc' dir='ltr'><strong>ῃ</strong></span> <span class='ocrx_word' id='word_1_731' title='bbox 1130 2241 1242 2273; x_wconf 83' lang='grc' dir='ltr'>λεπτὰς,</span> <span class='ocrx_word' id='word_1_732' title='bbox 1254 2241 1287 2273; x_wconf 79' lang='grc' dir='ltr'>ἃς</span> <span class='ocrx_word' id='word_1_733' title='bbox 1300 2241 1379 2276; x_wconf 86' lang='grc' dir='ltr'>κηρῷ</span> <span class='ocrx_word' id='word_1_734' title='bbox 1392 2241 1566 2276; x_wconf 69' lang='grc' dir='ltr'>φραξάμενος</span> <span class='ocrx_word' id='word_1_735' title='bbox 1577 2243 1624 2269; x_wconf 73' lang='grc' dir='ltr'>καὶ</span> <span class='ocrx_word' id='word_1_736' title='bbox 1636 2243 1762 2278; x_wconf 82' lang='grc' dir='ltr'>χρώματι</span> <span class='ocrx_word' id='word_1_737' title='bbox 1776 2243 1927 2275; x_wconf 82' lang='grc' dir='ltr'>καλλύνας.</span> 
     </span>
    </p>
   </div>
   <div class='ocr_carea' id='block_1_105' title="bbox 1132 2287 1928 2325">
    <p class='ocr_par' dir='ltr' id='par_1_105' title="bbox 1132 2287 1928 2325">
     <span class='ocr_line' id='line_1_105' title="bbox 1132 2287 1928 2325; baseline 0.005 -12"><span class='ocrx_word' id='word_1_738' title='bbox 1132 2287 1248 2314; x_wconf 80' lang='grc' dir='ltr'>παλαιοῦ</span> <span class='ocrx_word' id='word_1_739' title='bbox 1262 2288 1420 2322; x_wconf 78' lang='grc' dir='ltr'>ἀγάλματος</span> <span class='ocrx_word' id='word_1_740' title='bbox 1437 2288 1583 2323; x_wconf 77' lang='grc' dir='ltr'>ἀποτεμὼν</span> <span class='ocrx_word' id='word_1_741' title='bbox 1598 2289 1721 2325; x_wconf 82' lang='grc' dir='ltr'>κεφαλὴν</span> <span class='ocrx_word' id='word_1_742' title='bbox 1736 2290 1782 2316; x_wconf 61' lang='grc' dir='ltr'><strong>κοιλ⁸</strong></span> <span class='ocrx_word' id='word_1_743' title='bbox 1797 2290 1928 2325; x_wconf 71' lang='grc' dir='ltr'>ἐφαρμό-</span> 
     </span>
    </p>
   </div>
   <div class='ocr_carea' id='block_1_106' title="bbox 1131 2332 1928 2371">
    <p class='ocr_par' dir='ltr' id='par_1_106' title="bbox 1131 2332 1928 2371">
     <span class='ocr_line' id='line_1_106' title="bbox 1131 2332 1928 2371; baseline 0.004 -12"><span class='ocrx_word' id='word_1_744' title='bbox 1131 2341 1179 2364; x_wconf 85' lang='grc' dir='ltr'><strong>σας</strong></span> <span class='ocrx_word' id='word_1_745' title='bbox 1189 2332 1228 2368; x_wconf 82' lang='grc' dir='ltr'>τῴ</span> <span class='ocrx_word' id='word_1_746' title='bbox 1238 2332 1329 2360; x_wconf 87' lang='grc' dir='ltr'>σκεύει</span> <span class='ocrx_word' id='word_1_747' title='bbox 1342 2333 1460 2366; x_wconf 72' lang='grc' dir='ltr'>εὐφυῶς,</span> <span class='ocrx_word' id='word_1_748' title='bbox 1471 2333 1519 2360; x_wconf 73' lang='grc' dir='ltr'>καὶ</span> <span class='ocrx_word' id='word_1_749' title='bbox 1527 2334 1565 2369; x_wconf 85' lang='grc' dir='ltr'>τῷ</span> <span class='ocrx_word' id='word_1_750' title='bbox 1574 2335 1641 2370; x_wconf 74' lang='grc' dir='ltr'>πυρὶ</span> <span class='ocrx_word' id='word_1_751' title='bbox 1647 2335 1831 2370; x_wconf 78' lang='grc' dir='ltr'>προσαγαγὼν</span> <span class='ocrx_word' id='word_1_752' title='bbox 1843 2336 1928 2371; x_wconf 77' lang='grc' dir='ltr'>ήλεγ-</span> 
     </span>
    </p>
   </div>
   <div class='ocr_carea' id='block_1_107' title="bbox 1131 2379 1928 2416">
    <p class='ocr_par' dir='ltr' id='par_1_107' title="bbox 1131 2379 1928 2416">
     <span class='ocr_line' id='line_1_107' title="bbox 1131 2379 1928 2416; baseline 0.005 -11"><span class='ocrx_word' id='word_1_753' title='bbox 1131 2379 1176 2412; x_wconf 80' lang='grc' dir='ltr'>ξεν</span> <span class='ocrx_word' id='word_1_754' title='bbox 1199 2379 1282 2406; x_wconf 77' lang='grc' dir='ltr'>αὑτοῦ</span> <span class='ocrx_word' id='word_1_755' title='bbox 1309 2379 1366 2415; x_wconf 53' lang='grc' dir='ltr'>τὴν,</span> <span class='ocrx_word' id='word_1_756' title='bbox 1384 2380 1472 2414; x_wconf 83' lang='grc' dir='ltr'>ίσχὺν,</span> <span class='ocrx_word' id='word_1_757' title='bbox 1491 2380 1562 2407; x_wconf 81' lang='grc' dir='ltr'>κατὰ</span> <span class='ocrx_word' id='word_1_758' title='bbox 1583 2381 1680 2416; x_wconf 63' lang='grc' dir='ltr'>μικρὶν</span> <span class='ocrx_word' id='word_1_759' title='bbox 1699 2381 1742 2408; x_wconf 83' lang='grc' dir='ltr'><strong>διὰ</strong></span> <span class='ocrx_word' id='word_1_760' title='bbox 1760 2382 1806 2408; x_wconf 83' lang='grc' dir='ltr'><strong>τοῦ</strong></span> <span class='ocrx_word' id='word_1_761' title='bbox 1827 2383 1928 2415; x_wconf 82' lang='grc' dir='ltr'>ὕδατος</span> 
     </span>
    </p>
   </div>
   <div class='ocr_carea' id='block_1_108' title="bbox 1131 2424 1358 2457">
    <p class='ocr_par' dir='ltr' id='par_1_108' title="bbox 1131 2424 1358 2457">
     <span class='ocr_line' id='line_1_108' title="bbox 1131 2424 1358 2457; baseline 0.013 -8"><span class='ocrx_word' id='word_1_762' title='bbox 1131 2424 1358 2457; x_wconf 77' lang='grc' dir='ltr'>ἀποσὸεσθέντος.</span> 
     </span>
    </p>
   </div>
   <div class='ocr_carea' id='block_1_109' title="bbox 1165 2470 1926 2509">
    <p class='ocr_par' dir='ltr' id='par_1_109' title="bbox 1165 2470 1926 2509">
     <span class='ocr_line' id='line_1_109' title="bbox 1165 2470 1926 2509; baseline 0.007 -13"><span class='ocrx_word' id='word_1_763' title='bbox 1165 2470 1211 2505; x_wconf 82' lang='grc' dir='ltr'><strong>Τῷ</strong></span> <span class='ocrx_word' id='word_1_764' title='bbox 1231 2471 1261 2497; x_wconf 82' lang='grc' dir='ltr'>ιε’</span> <span class='ocrx_word' id='word_1_765' title='bbox 1275 2472 1322 2497; x_wconf 80' lang='grc' dir='ltr'>καὶ</span> <span class='ocrx_word' id='word_1_766' title='bbox 1341 2471 1379 2504; x_wconf 86' lang='grc' dir='ltr'>ις’</span> <span class='ocrx_word' id='word_1_767' title='bbox 1392 2472 1448 2499; x_wconf 76' lang='grc' dir='ltr'>ἔτει</span> <span class='ocrx_word' id='word_1_768' title='bbox 1465 2473 1547 2500; x_wconf 75' lang='grc' dir='ltr'>αὐτοῦ</span> <span class='ocrx_word' id='word_1_769' title='bbox 1565 2473 1706 2506; x_wconf 77' lang='grc' dir='ltr'>Θεοδόσιος</span> <span class='ocrx_word' id='word_1_770' title='bbox 1722 2475 1804 2509; x_wconf 79' lang='grc' dir='ltr'>νόμον</span> <span class='ocrx_word' id='word_1_771' title='bbox 1820 2475 1926 2509; x_wconf 73' lang='grc' dir='ltr'>γράφει</span> 
     </span>
    </p>
   </div>
   <div class='ocr_carea' id='block_1_110' title="bbox 1130 2517 1926 2556">
    <p class='ocr_par' dir='ltr' id='par_1_110' title="bbox 1130 2517 1926 2556">
     <span class='ocr_line' id='line_1_110' title="bbox 1130 2517 1926 2556; baseline 0.008 -14"><span class='ocrx_word' id='word_1_772' title='bbox 1130 2518 1246 2550; x_wconf 81' lang='grc' dir='ltr'>γυναῖκα</span> <span class='ocrx_word' id='word_1_773' title='bbox 1258 2517 1297 2549; x_wconf 79' lang='grc' dir='ltr'><strong>εἰς</strong></span> <span class='ocrx_word' id='word_1_774' title='bbox 1308 2517 1481 2545; x_wconf 87' lang='grc' dir='ltr'>διακόνισσαν</span> <span class='ocrx_word' id='word_1_775' title='bbox 1493 2519 1531 2555; x_wconf 87' lang='grc' dir='ltr'>μὴ</span> <span class='ocrx_word' id='word_1_776' title='bbox 1543 2520 1710 2555; x_wconf 74' lang='grc' dir='ltr'>προϐαίνειν,</span> <span class='ocrx_word' id='word_1_777' title='bbox 1724 2521 1747 2547; x_wconf 80' lang='grc' dir='ltr'><strong>εί</strong></span> <span class='ocrx_word' id='word_1_778' title='bbox 1762 2521 1800 2556; x_wconf 83' lang='grc' dir='ltr'>μὴ</span> <span class='ocrx_word' id='word_1_779' title='bbox 1815 2521 1926 2556; x_wconf 74' lang='grc' dir='ltr'>ὑπερϐῇ</span> 
     </span>
    </p>
   </div>
   <div class='ocr_carea' id='block_1_111' title="bbox 1130 2561 1927 2603">
    <p class='ocr_par' dir='ltr' id='par_1_111' title="bbox 1130 2561 1927 2603">
     <span class='ocr_line' id='line_1_111' title="bbox 1130 2561 1927 2603; baseline 0.005 -16"><span class='ocrx_word' id='word_1_780' title='bbox 1130 2561 1163 2587; x_wconf 71' lang='grc' dir='ltr'>τὰ</span> <span class='ocrx_word' id='word_1_781' title='bbox 1174 2561 1201 2603; x_wconf 32' lang='grc' dir='ltr'><strong>,ξ’</strong></span> <span class='ocrx_word' id='word_1_782' title='bbox 1212 2561 1270 2596; x_wconf 75' lang='grc' dir='ltr'>ἐτη.</span> <span class='ocrx_word' id='word_1_783' title='bbox 1285 2561 1330 2597; x_wconf 83' lang='grc' dir='ltr'><strong>Τῷ</strong></span> <span class='ocrx_word' id='word_1_784' title='bbox 1347 2563 1423 2598; x_wconf 78' lang='grc' dir='ltr'>αὐτῷ</span> <span class='ocrx_word' id='word_1_785' title='bbox 1440 2563 1495 2590; x_wconf 76' lang='grc' dir='ltr'>ἔτει</span> <span class='ocrx_word' id='word_1_786' title='bbox 1512 2564 1650 2590; x_wconf 83' lang='grc' dir='ltr'>Πλακίλλα</span> <span class='ocrx_word' id='word_1_787' title='bbox 1669 2565 1685 2600; x_wconf 81' lang='grc' dir='ltr'><strong>ή</strong></span> <span class='ocrx_word' id='word_1_788' title='bbox 1701 2565 1810 2599; x_wconf 81' lang='grc' dir='ltr'>γαμετὴ</span> <span class='ocrx_word' id='word_1_789' title='bbox 1829 2564 1927 2591; x_wconf 77' lang='grc' dir='ltr'>Θεοδο-</span> 
     </span>
    </p>
   </div>
   <div class='ocr_carea' id='block_1_112' title="bbox 1132 2606 1927 2645">
    <p class='ocr_par' dir='ltr' id='par_1_112' title="bbox 1132 2606 1927 2645">
     <span class='ocr_line' id='line_1_112' title="bbox 1132 2606 1927 2645; baseline 0.006 -13"><span class='ocrx_word' id='word_1_790' title='bbox 1132 2606 1189 2633; x_wconf 80' lang='grc' dir='ltr'>σίου</span> <span class='ocrx_word' id='word_1_791' title='bbox 1210 2608 1360 2643; x_wconf 80' lang='grc' dir='ltr'>ἐκοιμήθη,</span> <span class='ocrx_word' id='word_1_792' title='bbox 1382 2609 1496 2644; x_wconf 68' lang='grc' dir='ltr'>εὐσεϐὴς</span> <span class='ocrx_word' id='word_1_793' title='bbox 1518 2609 1585 2636; x_wconf 75' lang='grc' dir='ltr'>οὖσα</span> <span class='ocrx_word' id='word_1_794' title='bbox 1605 2610 1652 2636; x_wconf 80' lang='grc' dir='ltr'><strong>καὶ</strong></span> <span class='ocrx_word' id='word_1_795' title='bbox 1673 2610 1862 2645; x_wconf 75' lang='grc' dir='ltr'>φιλόπτωχος,</span> <span class='ocrx_word' id='word_1_796' title='bbox 1884 2611 1927 2637; x_wconf 70' lang='grc' dir='ltr'><strong>οἱα</strong></span> 
     </span>
    </p>
   </div>
   <div class='ocr_carea' id='block_1_113' title="bbox 1131 2652 1962 2691">
    <p class='ocr_par' dir='ltr' id='par_1_113' title="bbox 1131 2652 1962 2691">
     <span class='ocr_line' id='line_1_113' title="bbox 1131 2652 1962 2691; baseline 0.007 -13"><span class='ocrx_word' id='word_1_797' title='bbox 1131 2652 1217 2683; x_wconf 85' lang='grc' dir='ltr'>κεὶαις</span> <span class='ocrx_word' id='word_1_798' title='bbox 1229 2653 1306 2688; x_wconf 75' lang='grc' dir='ltr'>χερσὶ</span> <span class='ocrx_word' id='word_1_799' title='bbox 1318 2653 1414 2685; x_wconf 80' lang='grc' dir='ltr'>λωὸοῖς</span> <span class='ocrx_word' id='word_1_800' title='bbox 1427 2656 1473 2681; x_wconf 75' lang='grc' dir='ltr'>καὶ</span> <span class='ocrx_word' id='word_1_801' title='bbox 1484 2655 1606 2681; x_wconf 82' lang='grc' dir='ltr'>νοσοῦσιν</span> <span class='ocrx_word' id='word_1_802' title='bbox 1619 2655 1803 2690; x_wconf 83' lang='grc' dir='ltr'>ὑπηρετοῦσα.</span> <span class='ocrx_word' id='word_1_803' title='bbox 1813 2655 1927 2691; x_wconf 74' lang='grc' dir='ltr'>Ταύτης</span> <span class='ocrx_word' id='word_1_804' title='bbox 1959 2663 1962 2685; x_wconf 84' lang='lat'><strong>!</strong></span> 
     </span>
    </p>
   </div>
   <div class='ocr_carea' id='block_1_114' title="bbox 1131 2698 1966 2736">
    <p class='ocr_par' dir='ltr' id='par_1_114' title="bbox 1131 2698 1966 2736">
     <span class='ocr_line' id='line_1_114' title="bbox 1131 2698 1966 2736; baseline 0.004 -12"><span class='ocrx_word' id='word_1_805' title='bbox 1131 2699 1176 2724; x_wconf 72' lang='grc' dir='ltr'>τὸν</span> <span class='ocrx_word' id='word_1_806' title='bbox 1193 2698 1339 2734; x_wconf 79' lang='grc' dir='ltr'>ἀνδριάντα</span> <span class='ocrx_word' id='word_1_807' title='bbox 1359 2700 1497 2734; x_wconf 81' lang='grc' dir='ltr'>κατέαξαν</span> <span class='ocrx_word' id='word_1_808' title='bbox 1513 2702 1537 2727; x_wconf 81' lang='grc' dir='ltr'><strong>οἱ</strong></span> <span class='ocrx_word' id='word_1_809' title='bbox 1553 2701 1698 2736; x_wconf 78' lang='grc' dir='ltr'>Ἀντιοχεῖς</span> <span class='ocrx_word' id='word_1_810' title='bbox 1718 2702 1762 2729; x_wconf 74' lang='grc' dir='ltr'><strong>διὰ</strong></span> <span class='ocrx_word' id='word_1_811' title='bbox 1780 2703 1814 2728; x_wconf 75' lang='grc' dir='ltr'><strong>τὰ</strong></span> <span class='ocrx_word' id='word_1_812' title='bbox 1832 2702 1927 2729; x_wconf 82' lang='grc' dir='ltr'>ὲπιτε-</span> <span class='ocrx_word' id='word_1_813' title='bbox 1959 2700 1966 2727; x_wconf 60' lang='grc' dir='ltr'>ἱ</span> 
     </span>
    </p>
   </div>
   <div class='ocr_carea' id='block_1_115' title="bbox 1131 2743 1925 2781">
    <p class='ocr_par' dir='ltr' id='par_1_115' title="bbox 1131 2743 1925 2781">
     <span class='ocr_line' id='line_1_115' title="bbox 1131 2743 1925 2781; baseline 0.01 -13"><span class='ocrx_word' id='word_1_814' title='bbox 1131 2743 1212 2769; x_wconf 77' lang='grc' dir='ltr'>θέντα</span> <span class='ocrx_word' id='word_1_815' title='bbox 1234 2743 1350 2779; x_wconf 76' lang='grc' dir='ltr'>δημόσια</span> <span class='ocrx_word' id='word_1_816' title='bbox 1376 2746 1450 2781; x_wconf 74' lang='grc' dir='ltr'>παρὰ</span> <span class='ocrx_word' id='word_1_817' title='bbox 1471 2746 1518 2772; x_wconf 80' lang='grc' dir='ltr'><strong>τοῦ</strong></span> <span class='ocrx_word' id='word_1_818' title='bbox 1544 2746 1677 2781; x_wconf 78' lang='grc' dir='ltr'>βασιλέως</span> <span class='ocrx_word' id='word_1_819' title='bbox 1700 2747 1786 2774; x_wconf 82' lang='grc' dir='ltr'>τελεῖν</span> <span class='ocrx_word' id='word_1_820' title='bbox 1810 2748 1925 2780; x_wconf 78' lang='grc' dir='ltr'>αὐτούς.</span> 
     </span>
    </p>
   </div>
   <div class='ocr_carea' id='block_1_116' title="bbox 1131 2788 1927 2828">
    <p class='ocr_par' dir='ltr' id='par_1_116' title="bbox 1131 2788 1927 2828">
     <span class='ocr_line' id='line_1_116' title="bbox 1131 2788 1927 2828; baseline 0.006 -14"><span class='ocrx_word' id='word_1_821' title='bbox 1131 2788 1197 2814; x_wconf 78' lang='grc' dir='ltr'>Τότε</span> <span class='ocrx_word' id='word_1_822' title='bbox 1214 2789 1262 2815; x_wconf 79' lang='grc' dir='ltr'>καὶ</span> <span class='ocrx_word' id='word_1_823' title='bbox 1278 2790 1405 2825; x_wconf 78' lang='grc' dir='ltr'>Ἰωάννης</span> <span class='ocrx_word' id='word_1_824' title='bbox 1423 2792 1436 2817; x_wconf 84' lang='grc' dir='ltr'>ὁ</span> <span class='ocrx_word' id='word_1_825' title='bbox 1453 2791 1664 2826; x_wconf 76' lang='grc' dir='ltr'>Χρυσόστομος,</span> <span class='ocrx_word' id='word_1_826' title='bbox 1683 2792 1870 2828; x_wconf 73' lang='grc' dir='ltr'>πρεσϐύτερος</span> <span class='ocrx_word' id='word_1_827' title='bbox 1887 2792 1927 2820; x_wconf 77' lang='grc' dir='ltr'>ὢν</span> 
     </span>
    </p>
   </div>
   <div class='ocr_carea' id='block_1_117' title="bbox 1130 2835 1922 2872">
    <p class='ocr_par' dir='ltr' id='par_1_117' title="bbox 1130 2835 1922 2872">
     <span class='ocr_line' id='line_1_117' title="bbox 1130 2835 1922 2872; baseline 0.005 -12"><span class='ocrx_word' id='word_1_828' title='bbox 1130 2835 1306 2869; x_wconf 82' lang='grc' dir='ltr'>Ἀντιοχείας,</span> <span class='ocrx_word' id='word_1_829' title='bbox 1318 2835 1414 2870; x_wconf 84' lang='grc' dir='ltr'>λόγους</span> <span class='ocrx_word' id='word_1_830' title='bbox 1428 2837 1493 2872; x_wconf 69' lang='grc' dir='ltr'>περὶ</span> <span class='ocrx_word' id='word_1_831' title='bbox 1504 2839 1599 2863; x_wconf 75' lang='grc' dir='ltr'>τούτου</span> <span class='ocrx_word' id='word_1_832' title='bbox 1615 2837 1788 2872; x_wconf 74' lang='grc' dir='ltr'>θαυμαστοὺς</span> <span class='ocrx_word' id='word_1_833' title='bbox 1802 2838 1922 2871; x_wconf 76' lang='grc' dir='ltr'>ἐξέθετο,</span> 
     </span>
    </p>
   </div>
   <div class='ocr_carea' id='block_1_118' title="bbox 1130 2880 1923 2919">
    <p class='ocr_par' dir='ltr' id='par_1_118' title="bbox 1130 2880 1923 2919">
     <span class='ocr_line' id='line_1_118' title="bbox 1130 2880 1923 2919; baseline 0.005 -13"><span class='ocrx_word' id='word_1_834' title='bbox 1130 2880 1176 2912; x_wconf 70' lang='grc' dir='ltr'>οὓς</span> <span class='ocrx_word' id='word_1_835' title='bbox 1198 2881 1355 2916; x_wconf 67' lang='grc' dir='ltr'>ἀνδριάντα,</span> <span class='ocrx_word' id='word_1_836' title='bbox 1376 2882 1528 2918; x_wconf 50' lang='grc' dir='ltr'>ἐπέγραψε.</span> <span class='ocrx_word' id='word_1_837' title='bbox 1549 2884 1615 2910; x_wconf 72' lang='grc' dir='ltr'>Τότε</span> <span class='ocrx_word' id='word_1_838' title='bbox 1639 2884 1685 2910; x_wconf 71' lang='grc' dir='ltr'>καὶ</span> <span class='ocrx_word' id='word_1_839' title='bbox 1706 2885 1724 2919; x_wconf 73' lang='grc' dir='ltr'><strong>ἡ</strong></span> <span class='ocrx_word' id='word_1_840' title='bbox 1743 2885 1772 2911; x_wconf 82' lang='grc' dir='ltr'>ὲν</span> <span class='ocrx_word' id='word_1_841' title='bbox 1792 2884 1923 2910; x_wconf 63' lang='grc' dir='ltr'>Θεσσαλομ</span> 
     </span>
    </p>
   </div>
  </div>
