2036 3153
325 159 379 190 623

965 159 1126 190 GEORGII
1147 160 1314 191 CEDRENI

1895 159 1953 191 θΞὶ

327 221 459 250 tempore,
477 220 531 248 quo
547 212 685 240 Manasses
702 211 771 240 Jnda
790 220 835 239 rex
856 211 917 246 fuit,
932 217 960 240 et
975 221 1062 247 usque
1075 213 1108 240 ad

1163 212 1283 248 Ἤρξατο
1307 213 1336 239 δὲ
1366 212 1383 247 ἡ
1410 212 1521 247 τοιαύτη
1549 213 1703 248 πανήγυρις
1729 213 1773 240 ὅτε
1799 214 1954 248 Μαναωῆς

328 261 469 296 imperium
481 259 626 286 Theodosii
644 259 784 293 perducta.
800 259 1002 294 Coeperuntque
1011 267 1110 287 nume-

328 307 380 333 rari
395 305 573 336 indictioues,
592 312 709 340 quantm
728 305 893 339 principium
909 306 936 332 in
960 305 994 333 15
1008 313 1110 332 annum

328 351 434 386 imperii
451 350 580 385 Augusti.
598 349 702 377 Nomen
725 350 805 378 habet
823 351 938 378 indictio
953 352 986 378 ab
1000 351 1111 378 Actiaca

326 395 452 428 victoria,
477 401 502 422 et
522 401 564 423 cst
587 396 695 422 Actium
720 396 937 432 promontorium
960 396 1109 431 Nicopolis,

327 442 404 469 urbis
422 443 448 469 in
468 441 549 477 Epiro
576 443 650 476 sitae;
674 442 746 477 quod
776 450 808 469 co
829 447 951 477 tempore
973 444 1111 478 Augustus

327 488 362 516 ibi
379 489 492 515 devictis
509 489 627 515 Antonio
643 494 670 516 et
685 488 829 524 Cleopatra
843 489 918 517 solus
936 497 1026 517 rerum
1037 498 1111 518 sum-

327 543 398 561 mam
413 535 543 562 obtinuit.

365 670 510 698 Enimvero
523 669 694 698 Theodosius
704 670 838 706 principio
847 670 889 698 sui
906 669 1011 704 imperii
1024 668 1110 696 Roma

327 717 478 744 abduxerat
495 723 622 750 magnum
645 716 722 742 illum
749 715 906 748 Arsenium,
926 723 986 742 cum
1005 715 1039 742 de
1052 714 1111 749 ejus

328 770 417 789 rerum
431 762 620 789 humanarum
647 761 857 796 divinarumque
873 761 970 796 peritia
1000 761 1111 788 inaudi-

327 810 428 840 vissct;
448 809 528 844 eique
552 816 617 836 suos
644 807 714 835 ﬁlios
733 807 883 834 Arcadium
906 811 933 834 et
959 806 1109 834 Honorium

327 855 414 883 sarris
429 855 527 882 litteris
543 853 726 881 instituendos
740 853 991 886 commendaverat,
1007 861 1040 881 ac
1053 853 1109 881 Ca:-

1160 260 1215 286 τῶν
1227 259 1363 286 Ἰουδαίων
1380 258 1552 292 ἐϐασίλευσε,
1568 261 1615 286 καὶ
1638 259 1803 294 ἐφυλάττετο
1824 260 1877 291 ἓως
1900 261 1954 294 τῆς

1160 305 1248 340 ἀρχῆς
1261 304 1343 331 αὑτοῦ
1359 304 1406 331 τοῦ
1430 305 1547 340 μεγάλου
1575 305 1726 333 Θεοδοσίου.
1748 306 1803 332 Καὶ
1830 306 1955 341 ἤρξαντο

1160 350 1337 386 ἀριθμεῖσϐαι
1353 351 1381 377 αἱ
1394 350 1514 383 ῐνδικτοι,
1538 350 1690 386 ἀρξάμεναι
1714 351 1768 378 ἀπὸ
1792 351 1954 385 Αὐγούστου

1160 397 1298 432 Καίσαρος
1311 397 1339 423 ἐν
1352 396 1406 423 ἔτει
1427 400 1457 423 ιε’
1476 397 1526 432 τῆς
1546 397 1633 432 ἀρχῆς
1648 397 1742 425 αὐτοῦ.
1766 397 1898 425 Καλείται
1923 397 1955 424 δὲ

1162 443 1306 475 ἰνδικτιὼν,
1335 442 1476 470 τουτέστιν
1509 443 1644 476 ίνακτιὼν,
1669 444 1686 479 ἡ
1714 444 1777 479 περὶ
1796 443 1828 470 τὸ
1839 445 1956 471 ’Δκτιον

1160 488 1233 524 νίκη.
1249 489 1359 515 Ἄκτιον
1374 489 1402 516 δέ
1420 490 1493 516 ἐστιν
1505 490 1677 524 ἀκρωτήριον
1696 489 1872 522 Νικοπόλεως
1900 490 1956 524 τῆς

1167 535 1307 569 Ἠπείρου,
1321 535 1386 562 ἔνθα
1399 535 1589 570 μαχεσάμενος
1606 535 1760 570 Αὔγουστος
1774 537 1819 563 τόν
1837 545 1868 562 τε
1889 537 1956 563 Ἀν-
1977 527 1995 566 ἵ

1160 580 1255 607 τὼνιον
1269 583 1316 608 καὶ
1336 581 1514 617 Κλεοπάτραν
1535 582 1657 618 ἐνίκησε,
1684 583 1818 617 μόναρχος
1843 582 1956 610 ἀναδει-

1160 626 1234 662 χθεὶς
1244 626 1282 662 τῷ
1297 627 1356 654 τότε
1368 628 1467 663 χρόνῳ.

1196 672 1224 699 '0
1233 670 1279 699 οὖν
1293 673 1521 708 μέγαςΘεοδόσιος
1531 674 1632 709 ἤγαγεν
1644 674 1697 700 ἀπὸ
1714 674 1824 710 Ῥώμης
1837 676 1867 701 ὲν
1879 675 1956 710 ἀρχῇ

1161 719 1210 753 τῆς
1227 718 1366 752 βασιλείας
1380 718 1462 745 αὐτοῦ
1477 719 1522 745 τὸν
1538 719 1624 754 μέγαν
1655 720 1802 755 Ἀρσένιον,
1825 720 1955 751 ἀκούσας

1161 763 1226 798 περὶ
1251 764 1300 798 τῆς
1326 764 1422 798 σοφίας
1445 764 1527 791 αὑτοῦ
1543 765 1590 792 καὶ
1619 765 1713 800 θεῖκῆς
1732 764 1870 798 γνώσεως,
1905 767 1957 791 καὶ

1160 809 1248 843 τούτῳ
1264 807 1405 843 ’Λρκάδιον
1416 809 1462 835 καὶ
1481 809 1613 845 Ὁνῶριον
1621 810 1684 841 τοὺς
1709 810 1786 842 υἱοὺς
1798 810 1883 837 αὐτοῦ
1911 811 1958 837 δέ·

1161 854 1242 885 δωκε,
1257 854 1431 882 παιδεύεσθαι
1447 855 1493 881 ὑπ’
1508 855 1591 882 αὑτοῦ
1603 856 1636 882 τὰ
1648 856 1708 891 ἱερὰ
1721 858 1878 892 γράμματα
1889 865 1895 870 ·
1926 857 1959 882 ὃν

327 908 418 928 sarum
435 904 539 935 patrem
552 899 744 927 constituerat.
765 898 789 925 Is
803 898 934 926 Arsenius
948 898 1030 925 Deum
1045 906 1110 934 qua-

1163 901 1208 926 κα¹ι
1221 900 1437 936 βασιλεοπὰτορα
1450 902 1611 936 πεποίηκεν.
1632 899 1717 934 Οὗτος
1737 903 1766 928 ἐν
1787 904 1866 930 νυκτὶ
1894 903 1959 929 δεό-

327 946 388 973 dam
409 951 488 973 nocte
506 946 637 973 invocans
649 952 744 972 vocem
762 944 868 971 audivit
893 945 930 971 ita
950 945 1110 980 praecipien-

328 999 380 1019 tem
400 1001 407 1019 :
427 992 537 1023 Arseni,
553 991 614 1026 fuge
629 991 764 1023 homines,
779 995 806 1019 et
819 991 912 1019 salvus
932 991 997 1020 eris.

362 1050 433 1077 Idem
447 1050 619 1077 Theodosius
634 1049 732 1085 templa
747 1049 906 1076 ﬁclitiorum
916 1049 1041 1083 deorum,
1052 1057 1113 1084 qua:

327 1102 432 1123 tantum
463 1095 571 1123 occludi
596 1095 794 1123 Constantinus
831 1103 946 1130 magnus
979 1095 1110 1130 jusserat,

327 1143 419 1168 omnia
438 1141 559 1168 funditus
571 1139 844 1168 cverlit..lllediolani
860 1148 892 1167 ex
905 1140 1000 1167 morbo
1015 1141 1112 1168 deces-

329 1188 365 1214 sit
377 1187 583 1221 sexagenarius,
606 1190 751 1221 postquam
771 1185 933 1220 imperasset
960 1193 1046 1213 annos
1067 1186 1110 1216 16.

329 1235 436 1262 duobus
460 1234 522 1261 ﬁliis
545 1234 791 1268 relictis,quorum
813 1233 945 1268 majorem
965 1234 1111 1261 Arcadium

327 1280 431 1307 Orienti
439 1279 571 1315 praefecit.
580 1278 742 1312 Honorium,
752 1278 952 1312 cumPlacidia,
960 1279 1111 1307 Occidenli.

328 1327 366 1353 Ac
381 1325 517 1353 llonorius
533 1324 642 1359 quidem
660 1324 797 1352 Ravenna:
815 1325 917 1359 regiam
937 1332 1014 1352 suam
1032 1323 1113 1363 574

327 1371 483 1402 constituit,
504 1370 625 1398 Placidia
653 1375 743 1397 autem
775 1370 900 1397 Gratiani
931 1370 985 1397 tilia
1006 1369 1109 1398 Romae.

327 1416 417 1442 Patris
448 1423 548 1451 corpus
577 1415 711 1443 Arcadius
739 1415 836 1451 Cpolin
861 1416 958 1444 detulit
981 1421 1062 1450 atque
1083 1416 1110 1443 in

329 1463 391 1488 lano
419 1461 607 1496 apostolorum
632 1462 768 1496 deposuit.
800 1461 993 1496 Episcopatum
1025 1461 1113 1488 tenuit

329 1509 484 1541 Nectar-ius,
510 1515 582 1535 aitno
606 1507 699 1535 mundi
717 1508 798 1541 5888,
819 1507 1020 1535 incarnationis
1041 1508 1112 1534 divi-

329 1562 369 1580 na:
383 1554 447 1581 594.

363 1651 499 1679 Arcadius
517 1650 663 1678 Theodosii
684 1649 773 1685 Magni
799 1650 872 1677 ﬁlius
893 1650 1035 1684 imperavit
1061 1657 1112 1676 au-

329 1705 378 1724 nos
395 1697 437 1723 M.
456 1696 481 1724 ls
502 1697 599 1730 quinto
619 1696 727 1730 imperii
750 1696 791 1723 sui
812 1703 884 1722 anno
902 1695 1001 1722 Rostra
1013 1701 1111 1729 magna

327 1752 342 1770 e
359 1743 469 1777 regione
482 1741 599 1776 praetorii
610 1741 758 1768 exstruxit.
770 1739 833 1768 Fuit
846 1740 981 1768 Arcadius
998 1747 1113 1774 corpore

328 1788 473 1815 admodum
491 1787 619 1818 del'ormi,
633 1786 720 1822 niger,
741 1789 849 1813 statura
866 1792 961 1820 parva,
979 1785 1006 1812 id
1028 1792 1111 1813 unum

328 1834 490 1869 prmclarum
521 1832 625 1859 habens
645 1831 716 1866 quod
742 1832 813 1858 bene
841 1830 992 1863 scribebat,
1016 1830 1052 1858 ita
1078 1831 1113 1858 ab

326 1875 446 1906 Arsenio'
461 1878 585 1905 edoctus.
606 1877 665 1904 Sub
693 1885 725 1904 eo
749 1876 872 1911 reliquize
897 1876 969 1904 beati
998 1874 1112 1904 Joannis

328 1926 455 1961 tlaptista:
484 1924 677 1951 Alexandriam
698 1924 890 1960 ‘transpositze
915 1926 989 1951 sunt.
1024 1921 1111 1950 Etiam

328 1972 489 2006 peculiarem
516 1978 660 1997 numerum
675 1969 752 2005 Cpoli
781 1969 913 2002 instituit,
930 1976 999 2003 quos
1024 1968 1110 2006 Arca-

326 2019 424 2044 dianos
438 2016 596 2052 appellavit.

364 2167 476 2196 Sextum
485 2168 604 2195 Arcadio
615 2175 715 2196 artuum
728 2168 889 2204 imperante,
899 2168 1112 2204 Chrysostomus

1164 955 1244 982 μενος
1258 947 1305 974 τοῦ
1320 947 1387 974 Θεοῦ
1401 948 1500 984 ἢκουσε
1525 949 1616 983 φωνῆς
1634 949 1765 984 λεγούσης
1777 949 1863 985 αὖτῷ-
1890 950 1959 984 Ἀρ-

1164 993 1245 1024 σένιε,
1263 993 1347 1028 φεῦγε
1363 994 1426 1025 τοὺς
1441 994 1612 1030 ἀνθρώπους,
1628 996 1675 1021 καὶ
1688 995 1772 1032 σώζῃ.

1198 1046 1282 1082 Οὗτος
1312 1051 1326 1077 ό
1361 1051 1500 1083 Θεοδόσιος
1515 1051 1578 1083 τοὺς
1604 1052 1760 1083 είδωλικοὺς
1771 1053 1861 1084 ναοὺς,
1876 1052 1926 1083 οὓς
1943 1053 1958 1077 ὁ

1165 1097 1252 1132 μέγας
1270 1097 1474 1129 Κωνσταντῖνος
1496 1097 1654 1133 κλεισθῆναι
1681 1098 1762 1133 μόνον
1788 1097 1957 1133 προσέταξε,

1163 1143 1267 1174 πάντας
1285 1143 1338 1175 ἓως
1352 1143 1468 1178 ἐδάφους
1483 1144 1641 1171 κατέλυσεν.
1672 1145 1717 1171 Ἐν
1744 1144 1905 1179 Μεδιολάνῳ
1927 1145 1958 1170 δὲ

1163 1189 1344 1224 ἀρρωστήσας
1355 1190 1490 1225 ἐκοιμήθη
1499 1191 1529 1216 ἐν
1551 1191 1658 1226 Κυρίῳ,
1675 1189 1805 1225 ὑπάρχων
1817 1190 1888 1217 ἐτῶν
1920 1190 1956 1223 ξ’,

1165 1234 1326 1269 βασιλεύσας
1338 1236 1385 1270 ἔτη
1399 1235 1448 1269 ις’,
1465 1235 1631 1271 καταλείψας
1646 1236 1709 1268 τοὺς
1730 1236 1777 1263 δύο
1803 1236 1879 1268 υίοὺς
1908 1237 1958 1263 αίμ

1163 1277 1219 1308 τοῦ,
1242 1278 1381 1313 Ἀρκάδων
1403 1279 1453 1314 μὲν
1483 1280 1529 1306 τὸν
1559 1279 1744 1315 πρεσὸύτερον
1766 1281 1817 1316 τῆς
1853 1281 1956 1316 Ἐᾠας.

1169 1323 1296 1359 Ὀνὼριον
1315 1323 1343 1350 δὲ
1353 1324 1408 1351 τῶν
1427 1325 1578 1359 Ἐσπερίων
1590 1326 1638 1352 σὺν
1653 1326 1859 1361 Πλακιδὲᾳ.Καὶ
1873 1327 1887 1352 ὁ
1903 1326 1958 1360 μὲν

1169 1369 1296 1404 Ὁνώριος
1311 1370 1374 1406 ἔσχε
1393 1370 1428 1397 τὰ
1441 1371 1564 1406 βασίλεια
1579 1371 1620 1402 είς
1641 1371 1800 1403 Ῥάϐενναν,
1818 1372 1957 1399 Πλακιδία

1163 1416 1191 1443 δὲ
1202 1417 1219 1453 ή
1231 1416 1356 1452 Θυγάτηρ
1374 1417 1525 1457 Γρατιανοῦ
1550 1418 1579 1444 ὲν
1596 1419 1630 1453 τῇ
1655 1417 1760 1454 Ῥώμῃ.
1790 1418 1955 1454 Μετήνεγκε

1163 1460 1230 1487 δὲτὸ
1241 1460 1320 1495 σῶμα
1337 1461 1420 1488 αὐτοῦ
1438 1462 1468 1488 ὲν
1482 1462 1768 1489 Κωνσταντινουπόλει
1797 1463 1952 1498 Ἀρκάδιος.

1165 1505 1221 1537 Osi;
1235 1506 1264 1532 ὲν
1279 1505 1317 1540 τῷ
1328 1505 1384 1541 ναῷ
1397 1506 1452 1532 τῶν
1472 1506 1570 1541 Ἀγίων
1599 1507 1777 1533 Ἀποστόλων.
1790 1506 1845 1542 Τὴν
1857 1507 1886 1533 δὲ
1903 1508 1953 1541 τῆς

1164 1551 1371 1587 ἀρχιερωσύνης
1392 1552 1526 1587 καθέδραν
1540 1553 1651 1587 κατεῖχε
1667 1552 1831 1588 Νεκτάριος,
1845 1554 1951 1589 κόσμου

1163 1597 1218 1623 her.
1230 1596 1331 1633 ἐωπη’,
1353 1598 1403 1632 τῆς
1421 1598 1495 1630 θείας
1510 1597 1674 1633 σαρκώσεως
1693 1598 1758 1632 τιιδν.

1205 1654 1346 1688 Ἀρκάδιος
1360 1655 1375 1680 ό
1392 1654 1449 1685 υίὸς
1470 1654 1516 1681 τοῦ
1545 1655 1666 1690 μεγάλου
1686 1654 1826 1682 Θεοδοσίου
1858 1656 1953 1683 ἐϐασί-

1162 1699 1257 1726 λευσεν
1273 1700 1321 1735 ἐτη
1337 1700 1376 1727 ιδ’.
1393 1698 1477 1732 οὗτος
1494 1702 1523 1728 ὲν
1539 1701 1578 1736 τῷ
1595 1701 1615 1727 ε’
1630 1700 1686 1727 ἔτει
1709 1701 1755 1728 τὸν
1784 1702 1874 1736 μέγαν
1903 1703 1951 1737 εμ-

1163 1745 1240 1772 6ολον
1252 1746 1364 1782 ἀντικρὺ
1382 1746 1429 1773 τοῦ
1443 1747 1612 1782 πραιτωρίου
1629 1746 1747 1773 ἔκτισεν.
1774 1745 1829 1774 Ἦν
1850 1748 1880 1775 δὲ
1891 1748 1956 1783 ’Δρο

1162 1792 1254 1823 κάδιος
1267 1791 1317 1826 τὴν
1334 1792 1409 1819 θέσιν
1425 1792 1472 1818 τοῦ
1489 1792 1615 1827 σώματος
1631 1792 1844 1828 εἰδεχοέστατος.
1864 1793 1950 1828 μέλας

1162 1838 1211 1873 τὴν
1226 1839 1332 1874 χροιὰν,
1348 1839 1398 1875 τὴν
1415 1839 1525 1874 ἡλικίαν
1546 1840 1724 1875 φαυλότατος,
1748 1840 1777 1866 ἓν
1790 1840 1871 1875 μόνον
1883 1839 1954 1875 ἔχων

1163 1885 1356 1920 πλεονέκτημα
1372 1885 1403 1914 τὸ
1419 1885 1509 1916 καλῶς
1529 1886 1656 1921 γράφειν,
1668 1885 1682 1912 δ
1694 1885 1769 1921 παρά
1783 1885 1831 1912 τοῦ
1864 1887 1954 1920 μεγά-

1163 1930 1209 1957 λου
1233 1931 1371 1966 Ἀρσενίου
1394 1931 1583 1968 ὲξεπαιδεύθη.
1607 1932 1670 1958 Ἐπὶ
1696 1931 1793 1959 τούτου
1819 1932 1954 1967 μετετέθη

1162 1976 1196 2002 τὰ
1214 1976 1328 2011 λείψανα
1340 1976 1386 2003 τοῦ
1399 1977 1478 2009 ἁγίου
1492 1978 1632 2012 προφήτου
1650 1977 1809 2013 Προδρόμου
1826 1977 1876 2004 καὶ
1897 1977 1953 2003 Βα-

1162 2022 1276 2048 πτιστοῦ
1309 2022 1433 2050 Ἰωάννου
1462 2024 1492 2050 ὲν
1524 2023 1723 2059 Ἀλεξανδρείᾳ.
1749 2023 1827 2050 Ποιεῖ
1854 2023 1883 2050 δὲ
1906 2025 1955 2050 καὶ

1164 2069 1231 2096 [διον
1245 2069 1363 2104 ἀριθμὸν
1375 2070 1404 2096 ὲν
1424 2069 1720 2104 Κωνσταντινουπόλει,
1745 2070 1792 2102 οὓς
1820 2070 1955 2097 ἐκάλεσεν

1169 2114 1358 2149 ’Δρκαδικούς.

1199 2171 1244 2207 Τῷ
1261 2175 1287 2204 ς’
1298 2171 1395 2198 τούτου
1411 2171 1527 2206 ἐνιαυτῷ
1543 2172 1738 2208 χειροτονεῖται
1766 2173 1780 2199 ὁ
1794 2171 1955 2208 Χρυσόπο-

326 2214 419 2248 (ῖνοιὶε
444 2213 591 2248 episcopus
610 2212 758 2247 deligitur;
775 2213 852 2247 cujus
868 2213 1003 2241 facundia:
1029 2215 1110 2240 etiam

1166 2227 1214 2254 μος
1232 2219 1262 2245 ὲν
1277 2218 1573 2251 Κωνσταντινουπόλει,
1587 2215 1609 2252 ᾧ
1623 2219 1671 2245 καὶ
1685 2217 1812 2249 Διδάνιος
1827 2219 1955 2253 ἐμαρτύ-

327 2257 456 2286 Libanius
475 2258 661 2285 testimonium
691 2258 765 2285 tulit.
785 2258 971 2293 Interrogatus
993 2266 1111 2292 namque

325 2308 358 2332 ub
384 2305 557 2332 auditoribus
587 2311 734 2339 quemnam
757 2311 807 2332 suo
826 2304 887 2332 loco
907 2304 1007 2332 schola:
1024 2305 1111 2339 praeli-

324 2355 417 2383 cerct,
444 2349 577 2377 Joannem
611 2350 754 2385 respondit
779 2357 807 2377 se
843 2350 1053 2384 praepositurum
1086 2350 1110 2377 ei

326 2397 420 2428 luisse,
438 2397 490 2424 nisi
512 2397 585 2424 hunc
599 2396 800 2431 surripuissent
826 2395 990 2423 Christiani.
1009 2395 1110 2423 Eodem

325 2451 396 2470 anno
417 2443 602 2470 Theodosium
627 2443 764 2477 iuniorem
783 2442 904 2471 Eudoxia
920 2442 1041 2477 Augusta
1058 2442 1109 2467 Ar~

323 2490 403 2517 eadio
429 2490 546 2525 peperit,
575 2496 656 2524 quem
682 2489 717 2516 de
744 2492 841 2515 saneto
869 2487 978 2515 lavacro
993 2486 1112 2515 Joannes

323 2535 539 2571 Cbrysostomus
558 2534 690 2570 suscepit.

358 2595 439 2621 Almo
453 2597 550 2620 octavo
563 2591 667 2620 Gainas
677 2590 848 2627 tyrannidem
859 2594 954 2617 contra
965 2589 1111 2616 Arcadium

325 2639 481 2674 occupavit,
496 2639 638 2674 multaque
651 2638 720 2665 mala
733 2637 863 2673 Byzantio
876 2636 975 2664 intulit.
986 2635 1036 2668 Qui
1048 2643 1110 2662 cum

325 2686 398 2713 ultro
413 2687 537 2720 citroque
553 2685 616 2713 dato
638 2684 796 2720 iuramento
807 2683 981 2711 Chalcedone
995 2682 1028 2710 ad
1041 2681 1112 2709 San-

324 2733 395 2755 ctam
410 2728 585 2763 Euphemiam
599 2737 694 2764 pacem
710 2729 811 2760 inisset,
823 2735 856 2755 eo
868 2728 968 2755 violato
978 2727 1005 2754 in
1018 2727 1110 2755 urbem

325 2774 476 2808 ingressus,
501 2775 670 2809 direptiones
705 2780 730 2802 et
757 2774 810 2801 alia
839 2773 908 2800 mala
935 2773 1109 2808 perpetravit.

329 2820 392 2848 inde
415 2821 448 2848 ad
478 2820 602 2848 Thracia:
631 2821 831 2848 Cherronesum
850 2819 930 2854 575
961 2818 1109 2854 profectus,

328 2866 432 2894 ratibus
447 2867 580 2895 confectis
595 2867 628 2894 ad
645 2868 726 2894 urbes
741 2865 860 2893 Orientis
891 2873 1002 2893 cursum
1031 2865 1111 2892 insti-

1163 2273 1241 2300 ρησε.
1256 2263 1419 2299 Πυθομένων
1431 2263 1486 2300 γὰρ
1498 2264 1552 2291 τῶν
1564 2263 1647 2291 αὑτοῦ
1658 2263 1794 2298 φοιτητῶν
1809 2263 1873 2290 τίνα
1896 2264 1956 2290 ἀντ’

1162 2309 1245 2337 αὐτοῦ
1261 2310 1407 2345 προϊστησι
1419 2309 1458 2345 τῷ
1472 2309 1660 2346 διδασκαλείῳ,
1677 2310 1816 2345 ’Ῐῶάννην,
1833 2309 1899 2344 ἔφη,
1931 2310 1955 2335 εί

1164 2356 1201 2391 μὴ
1215 2355 1334 2390 ἐσυλήθη
1349 2355 1401 2381 ὑπὸ
1415 2356 1470 2382 τῶν
1482 2355 1664 2391 Χριστιανῶν.
1685 2355 1730 2390 Τῷ
1754 2355 1778 2381 δ’
1799 2354 1874 2390 αὺτῷ
1899 2355 1956 2381 ἔτει

1161 2402 1289 2436 γεννᾶται
1308 2401 1441 2437 Ἀρκαδίῳ
1454 2401 1511 2433 υἱὸς
1524 2401 1554 2434 ἐξ
1571 2402 1699 2434 Εὺδοξίας
1718 2401 1766 2436 τῆς
1781 2401 1954 2435 Δῦγούστης.

1161 2447 1300 2477 Θεοδόσιος
1314 2448 1328 2473 ὁ
1341 2447 1451 2482 μικρὸς,
1470 2446 1500 2474 ὃν
1515 2447 1661 2479 ἀνεδέξατο
1694 2447 1822 2481 Ἰωάννης
1842 2447 1858 2473 ὁ
1877 2447 1954 2482 Χρυ-

1163 2492 1294 2527 σόστομος
1306 2493 1335 2519 ἐν
1353 2493 1392 2528 τῷ
1405 2493 1475 2528 ἁγίῳ
1489 2492 1670 2528 βαπτίσματι.

1198 2591 1244 2627 Τῷ
1259 2591 1284 2626 η’
1298 2591 1353 2619 ἐτει
1368 2592 1468 2624 Γαῖνᾶς
1484 2593 1611 2627 τυραννεῖ
1624 2592 1694 2619 κατὰ
1723 2590 1881 2627 Ἀρκαδίου,
1905 2592 1954 2617 καὶ

1161 2637 1247 2664 πολλὰ
1273 2637 1347 2664 κακὰ
1373 2638 1413 2673 τῷ
1442 2637 1581 2673 Βυζαντίῳ
1598 2638 1765 2670 ἐπεδείξατο.
1786 2637 1909 2673 Ὀρκους
1927 2636 1959 2664 δὲ
1993 2651 1998 2669 ς

1161 2683 1252 2710 λαϐὼν
1270 2685 1318 2710 καὶ
1332 2683 1393 2716 δοὺς
1405 2684 1434 2710 ἐν
1452 2685 1486 2719 τῇ
1499 2684 1566 2720 ἁγίᾳ
1578 2683 1620 2720 [Ρ.
1635 2684 1699 2720 528]
1715 2684 1848 2719 Εὑφημίᾳ
1861 2684 1898 2718 τῇ
1925 2684 1957 2709 ὲν

1162 2729 1323 2764 Χαλκηδόνι,
1348 2730 1461 2762 τούτους
1492 2730 1611 2766 παρέϐη,
1633 2731 1680 2757 καὶ
1700 2731 1830 2757 εἰσελθὼν
1859 2730 1891 2756 ἰι
1920 2731 1957 2766 τῇ

1163 2775 1373 2811 πόλειὲχώρησε
1389 2776 1458 2812 πρὸς
1481 2776 1610 2811 ἁρπαγὰς
1631 2777 1677 2804 καὶ
1702 2777 1799 2812 ἐτέρας
1823 2777 1955 2809 ἀτοπιας.

1162 2818 1229 2848 Εἶτα
1242 2821 1357 2853 ἐξελθὼν
1374 2822 1414 2853 είς
1428 2822 1477 2857 τὴν
1495 2822 1669 2858 Χερρόνησον
1694 2822 1805 2859 Θρᾴκης
1823 2823 1873 2850 καὶ
1891 2831 1958 2858 σχε-

1161 2867 1219 2898 δίας
1235 2867 1363 2902 πιιήσας,
1374 2867 1441 2902 πρὸς
1450 2867 1499 2898 τὰς
1510 2867 1673 2901 ὰνατολικὰς
1687 2868 1778 2899 πόλεις
1788 2870 1884 2903 χωρεῖ.
1900 2868 1963 2905 Dos
