2036 3153
192 160 248 192 639

842 168 1002 200 GEORGII
1018 172 1185 203 CEDRENI

1761 175 1815 207 640

194 217 280 244 ierant
308 218 385 245 “60.
400 220 487 254 Atque
504 225 606 248 interea
620 221 727 255 quidem
745 224 876 257 temporis
893 225 975 253 multo

1030 227 1069 258 εἰς
1083 227 1197 262 ἄπειρον
1209 228 1295 254 εἰπεῖν
1313 228 1358 254 τὸν
1375 229 1459 255 αἰῶνα
1478 238 1483 243 ·
1500 229 1572 264 χίλια
1586 229 1639 264 γὰρ
1660 229 1708 256 καὶ
1721 230 1819 257 ἐκατιν

194 263 344 297 majoribus
361 264 449 292 fuerat
465 269 565 292 tentata
581 265 680 294 bellis:
701 271 765 296 tunc
785 273 875 297 autem
895 275 975 306 capta

193 313 244 339 est,
259 309 338 336 siculi
356 311 383 336 in
400 311 462 337 fatis
475 311 574 342 fuerat,
590 311 624 339 ob
637 313 828 347 imperantium
841 317 976 344 stolidita-

195 360 257 381 tem.
280 356 349 382 Sunt
363 356 408 390 qui
432 356 539 384 tradant
555 358 710 393 Scipionem
730 361 900 397 Africanum,
914 372 975 392 cum

195 403 288 427 u-uros
321 401 496 437 Carthaginis
526 403 666 439 dejiceret,
698 407 914 444 illacrymantem
944 411 978 438 de

194 444 277 470 ltzuna
295 447 516 479 pronuntiavissc
531 448 704 478 Homericum
722 459 831 480 versum
848 454 929 481 istum
943 456 953 470 ⁷
968 464 975 482 :

261 501 412 536 Equalura
421 503 478 530 solo
492 513 596 532 sacram
610 506 657 533 tua:
671 514 774 543 appetet
788 509 889 538 urbem.

193 556 220 583 Id
232 561 295 584 tunc
312 559 453 592 impletum
467 567 523 595 est;
535 566 664 598 tantaque
679 566 825 601 urbs,qu:e
837 576 973 595 summam

191 602 518 638 obtinneratpotestatem
530 613 557 635 et
565 610 685 637 omnimn
699 619 788 638 rerum
804 614 879 648 copia
891 614 978 641 abitu-

192 648 301 676 darerat
315 654 457 685 totumque
471 660 555 689 prope
564 655 656 683 orbem
671 660 805 685 terrarum
821 660 976 694 subegerat,

192 699 257 723 tunc
281 698 373 726 subito
395 703 512 727 vastata.
531 701 638 730 Accidit
660 704 711 731 hoc
733 705 869 733 excidium
888 706 979 735 Romae

191 743 236 772 die
264 746 393 776 vicesima
430 755 506 777 sexta
543 751 645 779 mensis
673 752 798 786 Augusti,
829 754 979 782 indictione

193 799 276 824 nona,
290 800 361 821 anno
377 794 412 822 ab
432 796 545 824 exordio
561 798 654 825 mundi
672 799 752 826 5965.
768 799 832 834 Ejus
848 800 884 827 rei
907 800 978 828 fama

192 846 254 864 cum
274 845 347 866 esset
366 839 522 869 Ravennam
544 844 657 877 perlata,
681 845 790 878 quidam
819 846 928 880 plorans
946 854 978 874 ac

192 884 328 916 quiritans
347 885 467 914 Honorio
488 889 555 916 dixit
571 889 712 922 :Domine,
727 891 812 918 Roma
832 891 977 919 Alarichus

195 927 375 958 Vandalorum
392 932 446 960 dux
465 935 566 968 potitus
586 939 637 962 est.
660 936 794 964 llouorius
809 937 904 965 dolore
917 946 977 965 eor-
993 922 1013 949 Β

193 979 296 1016 reptus.
306 978 451 1012 complosis
461 980 603 1008 manibus:
621 981 769 1014 Hactenus,
781 983 879 1018 inquit,
892 991 923 1011 ea
933 985 977 1012 hic

193 1013 243 1045 fuit
258 1028 264 1046 :
283 1023 419 1053 quonme
430 1031 493 1059 ergo
509 1025 535 1051 iu
553 1025 704 1053 Gothorum
722 1036 820 1056 manus
833 1029 977 1063 pervenit?

193 1063 260 1091 Tum
271 1066 337 1093 alter
349 1067 530 1101 ingemiscens
545 1071 634 1104 :Non,
646 1074 693 1106 ait,
706 1073 802 1108 loquor
813 1074 846 1101 de
858 1082 916 1107 avc,
930 1076 978 1103 sed

192 1110 226 1138 dc
242 1112 317 1139 urbe.
335 1114 373 1141 lbi
390 1115 715 1152 Honorius:Perculisti,
737 1120 835 1154 inquit,
855 1122 976 1148 animum

193 1165 380 1186 meumznam
407 1161 441 1190 de
466 1169 516 1189 ave
544 1164 672 1197 putabam
696 1168 722 1192 te
750 1165 833 1200 loqui.
856 1165 977 1194 Habebat

191 1202 262 1229 enim
275 1202 409 1232 Honorius
423 1213 499 1233 avem
517 1215 570 1242 qua
586 1208 781 1241 delectabatur,
797 1211 976 1245 quamliomae

193 1249 302 1278 nomine
316 1251 445 1279 all‘ecerat
459 1263 465 1280 :
477 1254 572 1288 ingens
582 1250 836 1292 stoliditatis,589
846 1266 878 1284 ne
886 1258 975 1286 dicam

192 1295 306 1323 insaniae
338 1297 456 1326 hominis
486 1305 688 1334 argumentum.
717 1302 810 1338 Neque
834 1308 876 1332 est
904 1305 976 1339 quod

192 1343 300 1370 mireris
323 1344 402 1371 talem
431 1345 565 1372 hominem
587 1347 729 1381 imperium
756 1350 887 1382 tenuisse,
913 1359 975 1379 cum

191 1387 235 1414 alii
258 1396 368 1423 quoque
393 1389 485 1417 Romae
507 1391 699 1426 imperaverint
718 1403 832 1430 quorum
853 1396 976 1424 facinora

190 1438 215 1459 et
232 1434 333 1460 insana:
349 1435 511 1469 cupiditates
526 1438 646 1465 auditum
659 1439 798 1468 oll'endunt
811 1451 818 1469 :
832 1443 973 1470 considera

190 1479 261 1505 enim
279 1479 409 1514 Nerones,
434 1481 538 1515 Avitos.
557 1483 668 1518 Galbas,
686 1485 808 1515 Othones
832 1493 858 1516 et
881 1489 903 1516 si
926 1489 973 1524 qui

190 1525 236 1553 alii
253 1525 335 1561 hujus
349 1527 443 1555 larium
461 1528 582 1558 fuerunt.

224 1657 310 1694 Capta
328 1660 424 1695 Roma,
442 1661 580 1691 Honorius
593 1671 624 1691 ex
642 1671 712 1699 aqua
735 1665 867 1694 intercute
889 1667 974 1694 mori—

189 1710 245 1738 tur,
265 1707 326 1733 cum
349 1707 463 1735 vixisset
481 1716 567 1737 annos
592 1710 771 1745 quadraginta
784 1731 792 1743 .
814 1712 974 1746 imperasset

189 1750 302 1785 triginta
320 1759 415 1784 unum,
433 1753 496 1780 vita:
521 1761 577 1781 sua:
593 1755 686 1782 relicta
706 1756 800 1782 infami
815 1761 842 1783 et
859 1757 973 1785 illauda-

190 1795 236 1822 bili
254 1798 395 1825 memoria.
411 1797 496 1826 Morte
512 1799 572 1834 ejus
587 1799 857 1835 Cpolin'annuutiata
874 1804 973 1830 tunml-

189 1845 293 1869 tuatum
321 1847 377 1870 tota
400 1844 468 1872 urbe
484 1849 525 1872 est
548 1853 596 1880 per
615 1847 674 1874 dies
695 1855 751 1874 sex.
777 1849 835 1880 Quo
852 1852 972 1883 tempore

190 1888 326 1917 Honorius
337 1890 464 1924 decessit,
479 1891 650 1920 Theodosius
662 1901 762 1921 annum
778 1895 874 1929 agebat
885 1897 973 1923 :elatis

188 1935 348 1963 vicesimum
372 1942 510 1972 quartum,
534 1939 639 1972 imperii
658 1939 793 1967 decimqu
816 1942 971 1976 septimum.

189 1982 253 2016 Ejus
269 1987 360 2010 auten)
381 1984 545 2019 pmdagogus
565 1985 728 2018 Antiochus,
748 1987 773 2013 id
791 1987 863 2022 quod
880 1988 905 2014 in
927 1996 973 2015 co-

189 2029 288 2055 mmdia
300 2033 353 2061 est,
369 2029 510 2057 Turhabat
525 2031 615 2058 omnia
633 2031 774 2066 fulgurans
792 2038 817 2064 et
833 2034 971 2062 intonans.

189 2073 281 2108 Itaque
291 2074 435 2109 imperium
446 2083 529 2110 prope
542 2077 644 2104 mulum
659 2078 721 2110 fuit,
732 2078 878 2114 omniaque
890 2080 973 2107 latro-

188 2128 252 2146 num
270 2119 360 2155 plena.

223 2167 302 2194 Anno
339 2167 435 2202 quinto
472 2168 557 2196 Judaei
592 2169 764 2198 Alexandriae
802 2170 974 2200 Christianos

188 2213 305 2246 pessime
320 2215 516 2242 tractarerunt.
529 2215 594 2242 Cum
608 2216 679 2243 enim
697 2222 807 2244 tessera:
822 2217 882 2245 loco
897 2225 974 2245 com-

1027 273 1158 310 ἐξήκοντα
1178 275 1224 311 ἐτη
1245 276 1413 311 παρῳχήκει,
1431 276 1460 302 ἐν
1483 273 1523 307 οἷς
1550 275 1634 311 αὐτὴν
1654 277 1819 312 πειραθῆναι

1027 321 1132 348 πολλῶν
1144 322 1275 358 μειζόνων
1286 322 1384 358 συνέϐη
1399 322 1545 357 πολεμίων,
1577 322 1644 348 Νυνὶ
1655 322 1683 348 δέ
1699 322 1818 358 ἁλούσης

1026 367 1065 403 τῷ
1077 369 1250 404 πεπρωμένῳ
1264 369 1309 396 διὰ
1330 369 1379 404 τῆς
1400 368 1456 395 τῶν
1484 368 1656 404 κρατούντων
1679 369 1818 403 εὐηθείας.

1027 414 1085 448 εἴγε
1103 415 1149 440 καὶ
1164 414 1237 442 ἐστιν
1250 416 1337 441 εἰπεῖν
1352 424 1378 441 τι
1394 414 1469 450 παρὰ
1481 415 1558 442 τοῦτο
1577 415 1714 449 γενέσθαι.
1740 416 1770 442 ΟΞ
1789 415 1819 441 δὲ

1027 460 1175 494 Σκηπίωνα
1188 461 1233 487 τὸν
1252 461 1416 496 Ἀφρικανὸν
1429 461 1612 496 ἐπικληθέντα
1634 462 1727 495 φασὶν,
1748 461 1819 495 ὀπη-

1028 506 1091 532 νίκα
1118 506 1233 542 καθῄρει
1247 507 1282 534 τὰ
1299 508 1348 541 τῆς
1364 507 1543 543 Καρθαγένης
1557 506 1645 542 τείχη,
1668 507 1818 542 ἐπιδακρύ-

1029 561 1113 580 σαντα
1128 553 1214 580 εἰπεῖν
1224 553 1270 580 ἐπὶ
1281 555 1313 588 τῇ
1335 553 1426 589 Ῥώμῃ
1437 555 1466 580 το
1479 553 1627 589 Ὁμηρικὸν
1641 553 1705 585 ἔπος
1718 554 1817 580 ἐκεῖνο·

1083 611 1226 637 Ἔσσεται
1239 608 1320 645 ἦμαρ
1336 610 1410 637 ὅταν
1422 610 1487 637 ποτ’
1499 610 1597 645 ὀλώλῃ
1613 611 1706 643 Ἴλιος
1724 610 1784 644 imi.

1028 665 1113 692 Τοῦτο
1125 666 1189 700 γοῦν
1204 667 1243 698 εἰς
1261 667 1345 701 πέρας
1355 666 1436 702 ἤχθη,
1446 667 1494 693 καὶ
1504 668 1519 702 ή
1537 666 1653 702 τοσαύτη
1665 666 1695 692 τὸ
1704 667 1816 700 κράτος,

1029 712 1076 738 καὶ
1100 711 1188 738 πάντα
1205 712 1239 738 τὰ
1260 712 1378 746 μέγιστα
1400 711 1578 747 εὒπορήσασα
1605 713 1651 738 καὶ
1676 713 1766 738 πᾶσαν
1779 712 1818 744 ώς

1028 757 1114 783 εἰπεῖν
1131 757 1324 792 δουλωσαμένη
1337 757 1387 792 τὴν
1402 758 1577 793 οἰκουμένην,
1598 756 1726 790 καθάπαξ
1745 758 1816 792 ἠρή-

1030 811 1104 838 μωτο
1128 803 1231 839 Ῥώμη.
1246 804 1350 830 Ἐπαθε
1367 804 1456 839 δὲτὴν
1471 804 1602 839 τοιαύτην
1621 803 1722 831 ἅλωσιν
1749 806 1817 838 μηνὶ

1027 848 1175 884 Αὐγούστῳ
1189 853 1245 882 κς’,
1264 849 1369 884 ἰνδίκτῳ
1386 849 1418 881 θ’,
1437 849 1491 877 ἔτει
1507 849 1559 875 ἀπὸ
1580 849 1696 880 κτίσεως
1713 850 1816 885 κόσμου

1029 895 1121 930 ,ειδξεκ
1141 895 1330 927 ’Ᾱκουσθέντος
1345 896 1374 922 δὲ
1395 896 1489 922 τούτου
1509 897 1538 922 ἐν
1567 896 1698 932 Ῥαϐέννῃ
1724 897 1817 931 ἀπήγ-

1028 941 1100 974 γειλέ
1116 949 1156 972 τις
1167 942 1204 976 τῷ
1221 941 1342 976 Ὀνωρίῳ
1356 942 1533 976 δακρυρροὦν
1552 943 1598 968 καὶ
1614 942 1796 976 ποτνιώμενος
1806 949 1815 957 ⁸

1027 985 1063 1013 Ὦ
1074 987 1202 1018 δέσποτα,
1218 987 1289 1013 ἑάλω
1310 987 1403 1022 Ῥώμη
1431 988 1483 1014 ὑπὸ
1512 988 1654 1023 Ἀλαρίχου
1683 988 1732 1014 τοῦ
1760 988 1816 1014 τῶν

1028 1032 1180 1059 υὺανδίλων
1197 1033 1335 1068 ἄρχοντος.
1350 1033 1391 1068 il).
1412 1033 1474 1070 336]
1499 1034 1528 1061 '0
1543 1034 1571 1060 δέ
1587 1034 1753 1065 συσπασθεὶς
1769 1035 1816 1060 καὶ

1027 1079 1065 1105 τὼ
1079 1081 1153 1114 χεῖρε
1167 1081 1303 1114 κροτήσας
1311 1080 1374 1114 ἔφη’
1393 1076 1457 1106 Ὧδε
1477 1077 1512 1115 ἦν
1530 1081 1581 1111 ἕως
1595 1081 1668 1114 ἄρτι,
1685 1081 1731 1107 καὶ
1756 1081 1816 1111 πιῖις

1027 1123 1188 1159 παρελήφθη
1205 1124 1257 1151 ὑπὸ
1272 1125 1326 1151 τῶν
1336 1125 1441 1151 ΓότΘων
1454 1133 1461 1157 ;
1483 1125 1511 1151 '0
1527 1125 1554 1151 δὲ
1577 1125 1707 1158 στενάξας
1724 1123 1814 1153 εἶπεν·

1027 1170 1064 1196 Οὺ
1085 1169 1134 1205 τὴν
1145 1169 1218 1204 ὄρνιν
1231 1170 1313 1204 λέγω,
1326 1170 1531 1203 δέσποτα,ἀλλὰ
1544 1170 1591 1205 τὴν
1610 1171 1696 1198 πόλιν.
1729 1171 1759 1198 ὐ
1785 1172 1816 1199 δὲ

1027 1214 1128 1250 ἀντέφη
1143 1223 1150 1230 ·
1172 1215 1336 1251 Ἐξέστησάς
1363 1225 1408 1252 με,
1436 1216 1562 1252 ἄνθρωπε
1577 1225 1584 1232 ·
1610 1216 1664 1250 ἐγὼ
1689 1217 1816 1252 ἐνόμιζον

1028 1261 1069 1287 ὅτι
1088 1261 1137 1296 τὴν
1155 1261 1249 1297 ὄρνιθα
1278 1261 1378 1296 λέγεις.
1398 1260 1460 1298 Εἶχε
1484 1263 1536 1297 γὰρ
1562 1263 1720 1299 ἀλεκτορίδα
1740 1260 1814 1299 ἐφ’ἶι

1028 1307 1267 1343 ἡγάλλετο,ἦνπερ
1281 1307 1372 1334 ἐκάλει
1398 1308 1528 1343 Ῥώμην·
1560 1308 1686 1335 τοσοῦτον
1716 1309 1815 1344 περιῆν

1028 1352 1102 1387 αὑτῷ
1117 1352 1147 1379 τὸ
1161 1353 1209 1388 τῆς
1224 1353 1397 1388 ἁδελτηρίας,
1417 1353 1459 1380 ἵνα
1476 1354 1513 1388 μὴ
1523 1354 1593 1387 λέγω
1606 1355 1696 1386 ἀνοίας
1709 1355 1816 1390 τεκμή-

1030 1408 1095 1434 ριον.
1113 1399 1168 1425 Καὶ
1180 1400 1210 1426 ού
1226 1399 1381 1435 θαυμαστὸν
1397 1401 1421 1426 εί
1446 1400 1565 1432 τοιοῦτος
1587 1401 1623 1427 ὢν
1648 1400 1813 1432 ἐϐασίλευεν,

1028 1447 1089 1473 ἐπεὶ
1105 1446 1152 1473 καὶ
1167 1446 1242 1473 ἄλλοι
1258 1447 1329 1478 τινὲς
1345 1447 1536 1482 προηγήσαντο
1569 1447 1687 1482 Ῥώμης,
1698 1456 1701 1459 ·
1713 1444 1750 1474 ὦν
1764 1448 1816 1479 τὰς

1029 1492 1144 1527 πράξεις
1167 1493 1214 1519 καὶ
1239 1492 1288 1524 τὰς
1319 1492 1432 1526 ἀλόγους
1465 1493 1551 1528 ὁρμὰς
1580 1493 1720 1528 ἀμήχανον
1744 1494 1814 1528 ἀκοῇ

1028 1538 1232 1573 παραδέξασθαι
1249 1546 1256 1554 ·
1271 1539 1334 1570 τοὺς
1347 1538 1473 1574 Νέρωνας
1489 1539 1536 1564 καὶ
1550 1538 1612 1569 τοὺς
1636 1538 1756 1570 Ἀδίτους
1768 1547 1814 1573 μοι

1028 1586 1083 1611 νόει
1095 1584 1140 1611 καὶ
1155 1585 1261 1616 Γάλϐας
1273 1585 1328 1620 (55)
1342 1585 1388 1611 καὶ
1404 1584 1537 1617 Ὅοωνας,
1558 1584 1605 1611 καὶ
1629 1584 1655 1610 ετ
1672 1593 1713 1616 τις
1735 1585 1814 1616 ἄλλος

1028 1630 1086 1657 ἐστὶ
1105 1630 1206 1656 τούτων
1223 1631 1317 1665 ἐσμός.

1061 1676 1138 1703 Μετὰ
1153 1676 1202 1711 τὴν
1217 1676 1318 1704 ἅλωσιν
1335 1677 1444 1712 Ῥώμης
1470 1677 1583 1712 τελευτᾷ
1611 1678 1736 1714 Ὀνώριος,
1755 1679 1813 1704 ὑδε-

1026 1722 1131 1757 ριάσας.
1149 1721 1250 1757 βιώσας
1264 1722 1310 1758 ἐτη
1333 1726 1369 1757 μ’,
1388 1723 1551 1758 βασιλεύσας
1567 1724 1595 1750 δὲ
1621 1724 1672 1756 λα’,
1701 1725 1815 1759 μνήμην

1025 1767 1110 1794 λιπὼν
1125 1767 1165 1802 τῷ
1182 1767 1231 1803 βίῳ
1246 1768 1364 1795 δυσκλεᾶ
1379 1769 1427 1795 καὶ
1438 1770 1565 1804 ἄσεμνον.
1584 1770 1758 1804 Δηλωοείσης
1785 1771 1814 1798 δὲ

1023 1813 1071 1847 τῆς
1084 1813 1166 1839 αὑτοῦ
1181 1814 1309 1845 τελευτῆς
1335 1814 1364 1839 ἐν
1387 1815 1669 1842 Κωνσταντινουπό).ει
1703 1815 1813 1851 ἐσείσθη

1025 1858 1100 1884 πᾶσι
1114 1858 1130 1892 ή
1144 1858 1219 1888 πόλις
1229 1859 1335 1893 ἡμέρας
1348 1861 1385 1890 ς’.
1401 1859 1539 1890 Θεοδόσιος
1556 1859 1584 1885 δὲ
1603 1860 1673 1886 κατὰ
1688 1860 1732 1886 τὸν
1750 1869 1813 1887 και-

1025 1902 1071 1937 ρὸν
1086 1902 1137 1937 τῆς
1161 1903 1289 1938 Ὀνωρίου
1299 1903 1428 1938 τελευτῆς
1442 1901 1492 1938 ἦγε
1504 1904 1552 1938 τῆς
1569 1904 1674 1939 ἡλικίας
1692 1905 1751 1936 ἔτος
1762 1905 1814 1932 κδ’.

1024 1948 1073 1982 τῆς
1087 1948 1114 1974 δὲ
1132 1949 1275 1983 βασιλείας
1292 1949 1335 1982 ιζ’.
1354 1950 1382 1976 '0
1399 1949 1427 1975 δὲ
1449 1949 1543 1976 τούτου
1561 1951 1676 1984 τροφεὺς
1713 1951 1815 1978 'Avtlo-

1024 2003 1080 2028 χος,
1098 1995 1167 2021 κατὰ
1177 1995 1226 2029 τὴν
1242 1995 1386 2030 κωμῳδίαν
1403 1995 1470 2032 (54),
1487 1996 1673 2031 Ἤστραπτεν,
1686 1997 1813 2032 ἐῦρὸντα,

1025 2038 1162 2066 συνεκύκα
1188 2040 1222 2066 τὰ
1246 2040 1407 2075 πράγματα.
1439 2040 1537 2075 Ἔγγὺς
1563 2041 1653 2068 τοίνυν
1681 2043 1814 2078 ἀναρχίας

1025 2087 1072 2111 καὶ⁹
1085 2085 1191 2121 ληστῶν
1204 2086 1296 2122 πλήρη
1312 2085 1346 2113 τὰ
1361 2086 1459 2113 πάντα.

1061 2173 1106 2209 Τῷ
1119 2173 1140 2200 ε’
1154 2173 1209 2200 ἔτει
1230 2174 1351 2201 Ἰουδαῖοι
1366 2175 1395 2201 ἐν
1414 2174 1602 2210 Ἀλεξανδρείᾳ
1630 2175 1716 2202 πολλὰ
1740 2177 1815 2203 κακὰ

1025 2221 1198 2255 Χριστιανοῖς
1215 2220 1396 2252 ἐπεδείξαντο.
1414 2221 1575 2256 Συνοέμενοι
1592 2221 1647 2257 γὰρ
1669 2222 1736 2257 πρὸς
1763 2223 1813 2249 ἀλ-

189 2259 344 2292 posuissent
367 2261 459 2286 annuli
485 2261 519 2288 de
544 2261 639 2296 palmae
662 2261 758 2290 fronde
782 2264 972 2298 gestationem,

1026 2265 1123 2300 λήλους
1134 2265 1278 2301 γνώρισμα
1294 2268 1388 2302 φορεῖν
1405 2266 1547 2293 δακτύλιον
1563 2267 1617 2293 ἀπὸ
1635 2268 1763 2302 φοίνικος,
1777 2270 1812 2304 τῇ

187 2309 268 2332 noctu
278 2313 325 2341 per
337 2314 477 2340 praecones
491 2308 637 2335 exclamari
652 2315 816 2337 curaverunt
830 2311 973 2339 ecclesiam

186 2359 248 2379 esse
270 2352 422 2386 incensam,
446 2358 474 2381 et
493 2353 664 2383 Christianos
685 2355 719 2382 ad
748 2356 971 2392 restinguendum

188 2398 342 2426 incendium
356 2405 553 2428 concurrentes
569 2402 773 2430 interfecerunt.
786 2403 824 2430 Re
835 2407 973 2438 comperta

187 2445 363 2479 magistratus
385 2446 536 2474 Christiani
554 2447 664 2476 Iudaeos
681 2448 844 2476 Alexandria
859 2450 972 2485 expule-

186 2496 258 2522 runt,
282 2500 433 2527 eorumque
449 2493 518 2520 bona
539 2494 757 2529 publicaverunt.
780 2495 881 2523 Eodem
898 2497 974 2523 anno

185 2537 261 2564 beata
271 2537 412 2566 Pulcheria
424 2539 471 2566 toti
490 2547 579 2566 rerum
592 2548 704 2568 summa
713 2540 830 2575 prmluit,
843 2541 970 2570 submoto

185 2582 265 2610 Persa
281 2584 425 2612 Antiocho.
436 2584 537 2613 Eodem
553 2593 625 2613 anno
638 2586 706 2622 Magi
719 2587 745 2614 in
764 2587 846 2623 590
858 2587 970 2616 Perside

216 2642 226 2655 "
244 2641 324 2669 Iliad.
344 2650 371 2669 ν.

1027 2313 1104 2339 νυκτὶ
1119 2312 1183 2348 βοᾷν
1199 2314 1406 2347 παρεσκεύασαν
1419 2314 1542 2349 κήρυκας
1570 2315 1610 2341 ὅτι
1637 2315 1653 2349 ἠ
1681 2315 1814 2350 ἐκκλησία

1027 2359 1196 2394 ἁνεπρήσθη,
1209 2359 1262 2385 τῶν
1277 2358 1305 2385 δέ
1327 2359 1498 2394 Χριστιανῶν
1516 2359 1723 2395 συνδραμόντων
1748 2361 1813 2386 τού-

1026 2413 1089 2436 τους
1104 2405 1129 2431 οἰ
1151 2405 1271 2432 Ἰουδαῖοι
1286 2405 1468 2439 κατέσφαξαν.
1486 2405 1660 2440 Φωραϐἑντος
1685 2405 1732 2432 οὖν
1763 2406 1812 2433 τοῦ

1025 2450 1163 2485 δράματος
1175 2451 1200 2476 ol
1229 2451 1387 2484 Χριστιανοὶ
1402 2451 1531 2485 ἄρχοντες
1552 2449 1664 2482 τούτους
1678 2451 1730 2486 τῆς
1748 2450 1811 2478 Ἀλ·

1024 2496 1180 2531 εξανδρείας
1195 2496 1330 2531 ἐξήλασαν
1346 2496 1393 2523 καὶ
1406 2496 1454 2528 τὰς
1470 2496 1634 2527 ὑποστάσεις
1642 2496 1732 2523 αὐτῶν
1749 2497 1813 2531 ἐδή-

1025 2550 1138 2577 μευσαν.
1166 2542 1212 2577 Τῷ
1238 2541 1260 2568 δ’
1283 2541 1357 2577 αὑτῷ
1383 2542 1438 2569 ἐτει
1463 2543 1479 2577 ὴ
1508 2543 1630 2578 μακαρία
1659 2543 1812 2578 Πουλχερία
1842 2563 1846 2567 .

1023 2587 1133 2619 τελείως
1151 2586 1206 2614 τῶν
1221 2588 1391 2624 πραγμάτων
1409 2589 1531 2624 ἐκράτει,
1547 2588 1593 2615 τοῦ
1619 2588 1725 2624 Πέρσου
1751 2589 1813 2615 ’Δν-

739 2699 919 2728 XYLANDHI
949 2700 993 2728 ET
1010 2700 1115 2729 GOARI
1131 2700 1247 2729 ΝΟΤᾹΞ.

217 2742 276 2777 (53)
294 2741 407 2770 Galbam
433 2749 483 2770 cur
504 2743 645 2772 sceleratis
671 2751 886 2776 annumeraret,
914 2753 968 2772 non

182 2778 261 2805 \Edeo
271 2786 352 2813 quam
367 2778 471 2812 justam
492 2778 617 2810 habuerit
631 2787 755 2807 causam.
767 2781 871 2811 Γάλλας
888 2785 930 2807 est
942 2781 968 2807 in

182 2813 287 2874 amice,
309 2818 337 2841 et
364 2813 481 2841 vicinius
509 2821 564 2841 nou
585 2814 719 2842 habebam
744 2823 826 2850 quam
850 2815 967 2847 Γάλϐας.

208 2855 247 2874 γι..

217 2883 272 2919 (δι)
285 2883 360 2919 Apud
378 2883 588 2920 Aristophanem
605 2885 638 2913 de
651 2885 764 2913 Pericle.
781 2885 859 2918 Quod
877 2886 968 2921 Sequi-

1024 2750 1070 2773 tur
1085 2747 1111 2774 in
1137 2747 1264 2775 Eudocia:
1288 2747 1403 2775 historia
1418 2747 1453 2774 de
1467 2747 1581 2774 Paulino
1597 2748 1736 2783 magistro.
1758 2749 1809 2776 ob-

1024 2787 1160 2818 servatum
1173 2787 1216 2810 est
1233 2790 1264 2810 ex
1277 2783 1394 2815 Zonara,
1410 2782 1554 2810 Ammiano
1564 2782 1678 2817 aliisque
1691 2785 1810 2818 seriptor

1025 2817 1112 2850 ribus,
1126 2818 1312 2854 magisterium
1334 2818 1428 2854 aulica:
1444 2819 1588 2852 potestatis
1610 2825 1641 2846 ac
1667 2818 1809 2854 dignitatis

1024 2853 1160 2887 primariae
1173 2861 1273 2881 nomen
1288 2861 1358 2882 esse.
1377 2853 1443 2880 Χτι.
