2036 3153
216 161 264 193 641

765 161 1035 195 lllSTORlARUM
1057 166 1320 202 COMPENDIUM.

1791 179 1845 212 612

220 215 305 250 τιδχου
321 214 443 243 ἐκποδὼν
460 215 614 249 γεγονότος,
633 216 727 252 Τούτῳ
741 217 781 253 τῷ
793 218 912 253 ἐνιαυτῷ
940 219 987 245 πολ

1036 229 1045 250 ι
1057 222 1158 250 mullos
1175 223 1347 255 Christianos
1357 228 1489 264 martyrio
1502 228 1661 264 aﬂ'ecernnt,
1676 236 1702 260 et
1716 242 1843 270 magnum

217 261 256 288 λοὶ
271 262 300 287 ἐν
314 261 424 296 Περσίδι
441 261 599 296 Χριστιανοὶ
615 262 668 289 ὑπὸ
687 263 741 289 τῶν
758 264 854 298 μάγων
868 264 1006 300 μάρτυρες

216 307 349 341 γεγόνασι.
370 307 416 343 Τῷ
427 307 449 334 δ’
467 307 540 342 αὐτῷ
559 308 614 335 ἔτει
631 309 711 336 πάλιν
735 310 789 336 ἀπὸ
817 310 865 337 τοῦ
893 312 1004 346 ἐμπρη-

215 351 283 387 σμοῦ
295 351 470 387 ὀνεκαινίσοη
517 353 632 389 Μεγάλη
641 354 783 389 ἐκκλησία.

248 400 291 435 Τῷ
302 399 325 432 ζ’
339 400 395 427 ἔτει
414 401 535 428 Ἰουδαῖοι
547 402 587 434 εῑς
601 401 646 428 τὸν
661 401 758 437 Ἰμμον
773 402 864 428 πεδίον
873 403 1005 437 Χριστια-

213 447 255 472 νὺν
269 447 350 473 παῖδα
368 447 555 479 συλλασόντες,
572 447 610 478 ὠς
624 447 769 480 παίζοντες
790 447 873 482 δῆθεν
899 448 945 474 καὶ
958 447 1004 475 τὸν

213 493 328 527 σταυρὸν
343 493 529 528 διασύροντες,
545 494 641 520 τοῦτον
657 494 817 529 ἐκρέμασαν
836 494 883 521 ἐπὶ
910 493 1002 527 ξύλου,

211 538 351 570 ἀνελόντες
379 539 517 574 βασάνοις.
551 540 636 568 Τοῦτο
651 541 733 575 γνοὺς
757 541 771 567 ό
788 540 916 576 βασιλεὺς
937 541 1002 572 τοὺς

217 585 358 616 Ἰουδαίους
373 586 534 620 πρεπόντως
549 586 674 614 ἐκόλασε.

244 630 290 664 Τῷ
305 629 334 656 ιδ’
350 630 405 657 ἔτει
420 631 497 665 λιμὸς
509 631 620 664 γέγονεν
645 631 675 657 ὲν
702 630 806 666 Πόντῳ,
835 631 906 658 ὥστε
938 631 1002 663 τοὺς

209 676 392 710 Παφλαγόνας
423 677 633 712 εὐνουχίσαντας
651 676 686 703 τὰ
712 677 764 704 [δια
785 677 869 704 τέκνα
897 678 1002 713 πιπρά-

208 729 295 748 σκειν.
314 721 406 756 Τούτῳ
416 721 454 756 τῷ
469 721 524 748 ἔτει
539 721 716 756 ἐτελεύτησεν
727 722 756 748 ὲν
779 722 908 753 Ἀθήναις
919 722 1000 749 Λέον-

205 775 264 798 τιος
278 767 293 793 ὸ
313 767 469 802 φιλόσοφος,
482 767 513 799 ὃς
522 767 642 802 ἔγραψεν
659 768 689 794 ὲν
713 769 746 806 τῇ
762 767 882 804 διαθήκῃ
905 767 998 794 αὐτοῦ·

205 813 263 847 Τὴν
272 813 323 848 μὲν
338 813 432 840 οὐσίαν
447 822 499 847 μου
513 814 603 840 πᾶσαν
618 813 817 848 καταλιμπάνω
845 815 902 846 τοῖς
931 815 1000 845 υἱοῖς

205 868 268 894 μου,
280 859 416 895 ’Δοηναῖδι
426 860 454 886 δὲ
465 861 497 894 τῇ
514 860 566 894 ἐμῇ
587 859 703 895 θυγατρὶ
719 859 792 894 ἀφίω
804 859 915 893 δοθῆναι
930 869 998 895 χρυ-

203 904 264 932 σίου
279 905 435 939 νομίσματα
450 905 548 932 ἑκατόν
565 913 572 919 ·
586 905 667 939 ἀρκεῖ
680 905 734 940 γὰρ
749 906 817 940 αὐτῇ
834 906 849 940 ἡ
866 905 935 940 τύχη
949 906 997 932 αὐ-

1057 269 1186 304 tcmplum
1204 272 1238 299 ab
1255 273 1382 302 incendio
1399 275 1530 305 refectum
1544 283 1596 306 est.

1091 400 1215 435 Septimo
1229 410 1302 433 anno
1313 405 1397 434 Judaei
1408 408 1434 434 in
1444 415 1540 444 campo
1551 410 1636 439 lrnmo
1644 411 1835 444 Christianum

1055 453 1169 480 prterunt
1183 453 1304 482 captum,
1315 450 1425 479 ludibrii
1439 460 1470 481 ac
1486 456 1577 483 crucis
1590 457 1747 487 deridenda:
1759 468 1840 489 causa

1053 493 1287 527 excarniﬁcatum,
1307 496 1341 524 de
1364 497 1437 534 ligno
1461 502 1674 535 suspenderunt.
1693 498 1766 537 Quos
1789 507 1841 533 im-

1052 542 1173 573 perator,
1188 547 1217 568 re
1236 541 1383 576 patefacta,
1402 544 1493 580 dignis
1509 547 1582 576 ultus
1594 555 1636 576 est
1651 551 1803 586 suppliciis.

1086 631 1212 660 Anqu
1232 631 1317 661 fames
1333 633 1383 662 fuit
1399 634 1426 662 in
1444 634 1531 664 Ponto
1549 641 1624 664 tanta
1639 643 1666 666 ιιι
1687 639 1837 675 Paphlago-

1051 678 1179 706 nes‘suos
1191 678 1261 707 ﬁlios
1278 681 1562 717 castraverintitaque
1582 685 1764 714 vendiderint.
1784 688 1835 715 Eu.

1050 723 1112 751 dem
1133 731 1207 751 anno
1230 730 1356 753 mortuus
1378 731 1420 754 est
1438 726 1551 755 Athenis
1570 729 1700 757 Leontius
1718 733 1838 766 philoso-

1050 770 1130 804 phus.
1164 769 1189 798 Is
1218 775 1383 799 testamento
1408 780 1459 801 suo
1477 781 1574 802 omnes
1603 775 1746 805 facultates
1775 779 1837 805 filiis

1050 815 1158 850 legavit,
1179 816 1326 844 Athenaidi
1348 817 1409 845 illis:
1430 823 1534 846 tantum
1555 827 1652 847 aureos
1667 821 1728 852 100.
1745 823 1835 850 addita

1049 860 1099 888 hac
1108 868 1192 889 causa
1207 870 1214 888 :
1235 862 1291 889 Sua
1310 863 1334 890 ei
1350 863 1465 891 snfliciet
1485 864 1602 892 fortuna.
1618 865 1693 894 Hanc
1708 867 1837 894 Athena”-

1048 906 1109 934 dem
1117 906 1232 937 Athenis
1241 907 1336 944 Cpolin
1349 909 1494 937 adductam
1504 918 1565 939 curn
1576 912 1680 941 videret
1690 913 1832 942 Pulchoria

201 950 263 984 τῆς.
281 950 390 986 Ταύτην
405 951 454 984 τὴν
467 950 613 984 Ἀθηναΐδα
629 950 659 982 ἐξ
678 951 798 986 Ἀθηνῶν
825 951 987 986 εἰσαχθεῖσαι

1046 960 1072 982 et
1088 955 1175 982 forma
1190 957 1315 991 corporis
1331 961 1462 991 praestare
1480 963 1507 986 et
1526 959 1634 994 ingenio
1654 969 1715 988 esse
1727 964 1836 998 egregio

201 995 360 1030 Θεασαμένη
377 996 394 1030 ἡ
422 995 574 1030 Πουλχερία
598 995 693 1022 κάλλει
725 995 846 1031 [Ρ.557]
871 996 987 1030 σώματοι

1046 1005 1130 1035 atque
1148 1000 1276 1029 facundia
1293 1007 1417 1029 ornatam
1431 1024 1438 1034 ,
1456 1004 1488 1030 ad
1509 995 1835 1042 archicpiscoprnn'nrlns

200 1041 406 1076 διαπρέπουσαν
435 1041 483 1067 καὶ
498 1041 604 1067 συνέσει
618 1041 708 1076 ψυχῆς
733 1041 935 1076 καλλυνομένην
949 1042 987 1069 κα¹

1044 1046 1164 1074 Atticum
1187 1048 1299 1075 missam
1330 1049 1478 1083 baptizavit
1493 1070 1500 1081 ,
1531 1041 1712 1087 Endocimque
1736 1062 1833 1081 nomen

198 1087 274 1122 λόγῳ
298 1088 510 1123 κεκοσμημένην
521 1108 528 1120 ,
543 1087 612 1122 πρὸς
626 1087 671 1114 τὸν
687 1088 903 1123 ἁρχιεπίσκοπον
914 1090 987 1116 Κων-

1045 1092 1121 1124 fecit,
1152 1092 1366 1127 itnperatoriqne
1391 1093 1467 1121 fratri
1493 1102 1543 1121 suo
1570 1101 1683 1130 nuptum
1711 1098 1832 1126 tradidit.

199 1134 448 1164 παντινουπὸλειυς
474 1133 597 1159 ’Δττικδν
621 1133 805 1160 ἁποστεὶλασα
831 1134 987 1166 ὲὸάπτισεν,

1045 1137 1146 1164 Eodem
1166 1144 1240 1164 anno
1256 1136 1364 1165 Atticus
1379 1138 1525 1173 episcopus
1541 1139 1655 1167 Joannis
1671 1142 1832 1177 Chrysostn.

198 1176 334 1208 Εὐδοκίαν
362 1178 570 1214 μετονομάσασα
587 1186 594 1194 ·
628 1179 724 1214 ¹ἵιντινα
751 1180 798 1206 καὶ
822 1180 861 1215 τῷ
890 1181 987 1215 ταύτης

1045 1182 1081 1208 mi
1097 1189 1196 1209 nomen
1212 1182 1239 1209 in
1256 1189 1350 1210 sacras
1365 1183 1471 1210 tabulas
1490 1185 1593 1212 retulit.
1611 1186 1701 1214 Attico
1718 1176 1834 1222 patriar-

197 1213 309 1260 ἁδελφῷ
329 1213 376 1252 καλ
391 1213 496 1260 βασιλεί
517 1213 675 1258 συνέζευξεν
691 1226 730 1258 εἰς
741 1213 869 1260 γυναῖκα.
899 1213 987 1262 Τούτιμ

1045 1227 1094 1254 cba
1115 1232 1235 1261 mortuo,
1253 1228 1419 1262 subrogatur
1435 1231 1584 1258 Sisinnins.

196 1273 305 1308 τῷἕτει
323 1272 633 1304 ’Δττιχὸςόὲπίσκοπος
664 1272 787 1300 Ἰωάννου
813 1273 860 1300 τοῦ
882 1274 1077 1309 Χρυσοστόμου
1090 1274 1121 1300 τὸ
1132 1274 1217 1309 ὄνομα
1233 1275 1263 1301 ὲν
1297 1276 1355 1307 τοῖς
1388 1276 1474 1312 ἱεροῖς
1508 1277 1646 1314 διπτύχοις
1683 1279 1740 1315 (55)
1770 1289 1832 1307 συν-

197 1321 288 1354 ἔταξε.
305 1321 424 1356 Τελευτᾷ
439 1320 467 1346 δὲ
491 1321 611 1350 Ἀττικὸς
625 1321 639 1348 ὀ
652 1321 836 1356 πατριάρχης,
864 1321 909 1348 καὶ
933 1323 1126 1357 χειροτονεῖται
1140 1322 1268 1355 Σισινιος.
1728 1356 1731 1360 ι

238 1365 321 1394 Ἀλλὰ
333 1366 451 1402 τοσαύτῃ
470 1366 518 1392 καὶ
543 1366 695 1401 τηλικαύτῃ
722 1365 789 1402 οὔσῃ
818 1367 851 1402 τῇ
877 1367 987 1402 Εὑδοκίᾳ

1078 1367 1364 1401 EnimveroEudociae.
1381 1370 1443 1398 talis
1459 1374 1551 1399 actam
1567 1373 1701 1407 praet-lane
1714 1375 1830 1411 femina‘,

196 1411 278 1444 λοξδν
295 1412 310 1438 δ
321 1411 418 1445 φθόνος
429 1410 556 1446 ἐμϐαλὼν
570 1412 647 1446 ὄμμα
661 1412 780 1439 τοιοῦτον
792 1412 987 1447 κατειργάσατο

1041 1414 1146 1442 facinus
1178 1415 1287 1443 invidiae
1316 1416 1473 1450 hujusmodi
1505 1419 1640 1447 actionem
1673 1410 1828 1451 intentavit.

193 1457 289 1494 δρᾶμα
305 1457 461 1492 ἐσύστερον.
476 1457 608 1488 Παυλινὸς
623 1466 664 1488 τις
682 1457 831 1492 μάγιστρος
860 1458 987 1491 ἠγαπᾶτο

1040 1458 1173 1488 Paulinus
1190 1461 1300 1494 quidam
1317 1463 1448 1496 magister
1466 1464 1621 1492 eruditione
1638 1473 1670 1493 ac
1689 1467 1830 1502 elegantia:

195 1488 274 1540 τίαρᾶ
288 1504 338 1539 τῆς
351 1488 479 1535 Εὺδοκίας
494 1504 531 1535 ὼς
546 1504 582 1529 ὡν
601 1488 763 1538 λογιώτατος
786 1505 834 1531 καὶ
855 1505 987 1539 ὡραιότα-

1038 1511 1123 1532 causa
1136 1505 1170 1532 ab
1187 1488 1308 1533 E'lndocia
1322 1488 1488 1542 diligebatur
1505 1516 1512 1540 ;
1536 1508 1698 1545 solebatqnc
1716 1488 1778 1539 clum
1796 1521 1829 1540 eo

194 1558 256 1582 τος,
265 1546 288 1583 ᾧ
298 1559 350 1576 τινι
364 1549 468 1584 συχνῶς
480 1558 511 1576 τε
523 1550 568 1576 καὶ
580 1550 650 1581 ἰδίως
668 1549 864 1585 συνετύγχανεν
876 1550 913 1581 ὡς
922 1559 987 1584 συμ-

195 1595 327 1607 -Αεινδηι
343 1595 486 1607 __2-..:...-_
495 1604 504 1607 _
515 1594 580 1607 _..'._:
590 1604 598 1607 _
624 1595 662 1607 vr:
677 1592 722 1607 ,πμ
733 1595 822 1607 ,ιηιΑμ
837 1595 889 1607 _.-...
906 1596 957 1607 L1.

1040 1549 1118 1584 591
1135 1551 1232 1578 crebro
1246 1555 1274 1579 et
1289 1552 1403 1580 seorsim
1421 1553 1550 1588 Colloqui,
1568 1560 1598 1582 ut
1612 1563 1625 1581 ιι
1641 1564 1695 1591 quo
1713 1564 1786 1586 esset
1801 1559 1828 1585 in

194 1595 330 1631 πράξαντι
342 1596 398 1626 τοῖς
405 1595 504 1630 γάμοις
513 1594 608 1630 αὐτῆς.
624 1595 663 1630 Τῇ
675 1592 722 1622 οὖν
733 1595 824 1630 ἡμέρᾳ
836 1595 889 1622 τῶν
903 1596 988 1629 ἁγίων

194 1641 348 1675 θεοφανιῶν
373 1642 401 1667 ἐν
428 1641 461 1676 τῇ
491 1640 597 1676 μεγάλῃ
634 1641 767 1676 ἐκκλησίᾳ
787 1641 912 1674 ἀπιόντος
939 1642 986 1669 τοῦ

193 1687 329 1722 βασιλέως
339 1687 498 1722 προσήγαγέ
514 1695 556 1718 τις
567 1686 642 1722 αὐτῷ
658 1687 687 1719 ἐξ
707 1687 799 1719 Ἀσίας
816 1688 901 1722 πένης
933 1689 986 1724 μῆ-

190 1733 241 1760 λον
255 1734 312 1770 (56)
327 1734 400 1768 μέγα
416 1734 462 1760 καὶ
480 1733 629 1768 ὑπερτρυὲς,
643 1734 712 1769 ὅπερ
723 1734 866 1761 ἀπέστειλε
880 1735 913 1770 τῇ
932 1735 986 1761 Aﬁ-

151 1812 159 1819 ν
189 1780 311 1816 γούστῃ,
332 1779 456 1811 δεδωκὼς
470 1779 509 1814 τῷ
523 1779 617 1815 πένητι
632 1780 788 1815 νομίσματα
801 1780 909 1808 ἑκατόν.
929 1781 986 1807 Δύ-

191 1826 228 1861 -τὴ
253 1826 282 1853 δὲ
297 1825 420 1852 νοσοῦντι
438 1825 498 1851 τότε
514 1825 638 1860 Παυλίνῳ
655 1826 824 1859 ἀπέστειλεν,
838 1827 986 1862 άρῥαὸῶνα

194 1872 244 1906 τῆς
256 1871 339 1898 αὐτοῦ
356 1870 495 1905 τελευτῆς,
533 1871 562 1897 'O
578 1871 606 1897 δὲ
630 1871 764 1903 Παυλῖνος
784 1872 888 1906 ἀγνοῶν
915 1872 985 1908 μετὰ

195 1916 241 1944 δύο
251 1916 360 1952 ἡμέρας
374 1917 534 1943 ἀπέστειλεν
557 1917 622 1943 αὐτὸ
637 1918 676 1952 τῷ
692 1918 807 1953 βασιλεῖ.
839 1919 870 1945 Ὂ
884 1919 913 1946 δὲ
937 1919 985 1954 βα-

196 1963 285 1994 σιλεὺς
300 1962 380 1989 τοῦτο
389 1963 527 1997 γνωρίσας
545 1963 658 1998 ἔκρυψε,
684 1963 731 1990 καὶ
754 1964 883 1991 εἰσελθὼν
910 1965 984 2000 λέγει

194 2009 226 2044 τῇ
237 2008 392 2045 Αὐγούστῃ·
411 2007 466 2034 Ποῦ
479 2009 537 2034 ἐστὶ
553 2008 582 2034 τὸ
599 2008 681 2043 μῆλον
697 2009 765 2044 ὅπερ
787 2017 827 2036 σοι
857 2010 985 2038 ἀπέστει-

193 2054 226 2080 λα
239 2065 248 2087 ς
273 2053 306 2080 Ἦ
320 2054 349 2080 δὲ
363 2052 439 2080 εἶπεν
454 2062 460 2069 ·
478 2055 600 2088 Ἔιραγον
624 2055 701 2082 αὑτό.
717 2056 770 2082 Καὶ
790 2056 874 2083 πάλιν
888 2056 984 2092 ὥρκω-

194 2107 238 2126 σεν
263 2100 350 2135 αὐτὴν
380 2100 429 2135 τὴν
458 2100 596 2134 σωτηρίαν
624 2101 719 2132 αὐτοῦ,
745 2101 846 2136 λέγων’
868 2103 913 2138 Μή
929 2112 983 2129 τινι

193 2145 270 2172 τοῦτο
287 2146 456 2180 πέπομφας;
486 2147 518 2172 'H
544 2146 572 2173 δὲ
592 2147 672 2173 πάλιν
692 2145 751 2173 εἷπε
780 2149 877 2182 φαγεῖν
906 2148 981 2182 αὐτὸ,

193 2190 342 2227 προσθεῖσα
359 2192 406 2218 καὶ
420 2191 469 2226 τὴν
483 2192 621 2227 σωτηρίαν
637 2193 685 2218 τοῦ
702 2193 843 2228 βασιλέως.
859 2194 924 2221 Τότε
941 2195 983 2227 εἰς

191 2238 275 2273 ὀργὴν
288 2237 410 2273 κινηθεὶς
429 2237 580 2272 ὀβασιλεὺς
608 2238 714 2265 κελεύει
739 2239 771 2265 τὸ
787 2239 872 2274 μῆλον
896 2240 983 2266 εἰσεν⁸

191 2283 316 2319 εχθῆναι,
329 2283 375 2310 τὸν
387 2283 416 2310 δὲ
435 2284 567 2310 Παυλῖνον
579 2285 742 2317 ἀποστείλας
750 2287 783 2320 τῇ
797 2286 875 2312 νυκτὶ
887 2286 981 2323 ἐκείνῃ

191 2329 402 2364 ἀπεκεφάλισεν.
439 2330 552 2356 Ἐκτοτε
580 2330 608 2355 δὲ
634 2330 730 2364 γέγονε
760 2330 863 2365 μεταξὺ
892 2331 982 2358 αὐτῶν

191 2374 261 2409 λύπη
277 2375 324 2402 καὶ
338 2374 538 2410 ἀπομερισμός.
567 2375 671 2402 Γνοῦσα
698 2376 727 2403 δὲ
741 2375 820 2403 τοῦτο
836 2377 852 2412 η
879 2376 982 2411 Αὔγου-

1043 1596 1145 1631 nuptiis
1175 1598 1371 1626 contrahendis
1398 1599 1501 1635 adjuta.
1532 1600 1639 1628 Accidit
1674 1609 1764 1631 autem
1799 1609 1830 1632 ut

1041 1642 1155 1669 solemni
1173 1643 1273 1671 divinae
1288 1645 1469 1678 apparitionis
1491 1645 1535 1673 die
1551 1647 1706 1681 imperatori
1722 1649 1754 1676 ad
1771 1657 1829 1676 ma-

1039 1695 1122 1722 gnum
1134 1689 1264 1723 templum
1275 1690 1350 1717 eunti
1364 1697 1467 1725 panper
1482 1691 1592 1726 quidam
1601 1700 1634 1720 ex
1647 1694 1711 1721 Asia
1719 1702 1828 1729 pomum

1040 1733 1177 1762 inusitatae
1189 1735 1386 1770 magnitudinis
1400 1737 1526 1771 offerret;
1542 1746 1621 1773 quem
1632 1740 1655 1766 is
1671 1741 1722 1767 100
1738 1742 1828 1770 numis

1039 1779 1161 1812 donavit,
1183 1787 1215 1808 ac
1238 1788 1348 1816 pomum
1377 1781 1504 1810 Eudociaz
1527 1784 1658 1819 Augustae
1681 1786 1766 1814 mislt.
1790 1787 1828 1814 Ea

1038 1825 1181 1859 aegrotanti
1204 1825 1321 1854 Paulino
1336 1829 1498 1861 transmisit,
1512 1837 1598 1865 coque
1616 1830 1690 1858 illum
1715 1840 1828 1860 munere

1017 1869 1198 1908 'imprndens
1220 1872 1303 1899 exitio
1327 1873 1484 1901 obstrinxit.
1508 1874 1637 1903 Paulinus
1660 1877 1697 1903 rei
1715 1878 1826 1911 ignarus

1038 1916 1122 1944 biduo
1133 1921 1196 1951 post
1209 1925 1319 1952 pomum
1337 1918 1403 1945 illud
1421 1919 1578 1954 imperatori
1595 1921 1748 1955 mittit.Qui
1764 1931 1826 1951 cum

1038 1961 1064 1989 id
1082 1967 1254 1997 agnosceret,
1270 1971 1304 1992 eo
1315 1965 1454 1993 occultato
1467 1967 1607 2002 ingressus
1622 1969 1656 1996 ad
1674 1970 1824 2006 Augustam

1037 2015 1135 2043 rogare
1162 2009 1208 2036 ubi
1232 2015 1304 2038 esset
1331 2011 1432 2039 malum
1453 2014 1477 2040 el
1502 2020 1517 2040 a
1543 2021 1572 2042 se
1595 2014 1720 2043 missum.
1745 2016 1780 2044 Se
1799 2018 1827 2044 id

1037 2054 1127 2083 edisse
1143 2055 1245 2084 dicenti
1256 2055 1443 2091 juramentum
1453 2067 1502 2094 per
1522 2060 1638 2088 salutem
1651 2062 1826 2097 imperatoris

1036 2099 1153 2132 deferre.
1168 2108 1223 2135 quo
1241 2101 1266 2129 ld
1284 2102 1385 2130 nemini
1401 2104 1450 2131 abs
1467 2112 1496 2132 se
1508 2106 1622 2134 missum
1636 2115 1668 2134 ea
1681 2108 1828 2136 conﬁrma-

1035 2149 1087 2173 ret.
1097 2145 1165 2173 Cum
1185 2154 1218 2174 eo
1232 2147 1312 2175 modo
1322 2149 1413 2182 jurata
1425 2157 1458 2176 eo
1467 2151 1634 2185 persisteret,
1651 2153 1678 2180 id
1691 2162 1720 2182 se
1735 2162 1824 2183 come-

1035 2192 1215 2225 disse,iratus
1233 2193 1382 2229 imperator
1396 2196 1497 2223 malum
1514 2197 1616 2230 afferri,
1633 2198 1748 2228 Paulino
1760 2208 1826 2228 vero

1034 2245 1065 2265 ea
1091 2238 1151 2273 ipsa
1174 2243 1254 2267 nocte
1275 2239 1365 2267 accito
1383 2245 1466 2276 caput
1488 2243 1624 2277 amputari
1646 2243 1733 2277 jubet.
1759 2245 1828 2273 Inde

1035 2284 1206 2319 imperatoris
1222 2285 1355 2314 adversus
1374 2287 1525 2322 Augustam
1543 2289 1668 2318 simultas
1691 2298 1722 2318 ac
1739 2291 1824 2319 absti-

1035 2333 1138 2360 nentia.
1153 2332 1185 2360 Et
1197 2333 1330 2366 Eudocia,
1341 2341 1424 2363 causa
1440 2335 1588 2369 intellecta.
1599 2337 1705 2372 injuriae
1720 2339 1827 2373 pudore

1035 2382 1121 2411 mota,
1133 2378 1332 2413 profectionem
1345 2380 1371 2407 in
1385 2388 1465 2409 sacra
1478 2381 1536 2410 loca
1552 2383 1669 2411 instituit
1680 2391 1712 2411 ac
1727 2383 1824 2412 lliero—

755 2443 934 2473 XYLANDRI
952 2445 997 2472 ET
1011 2445 1116 2474 GOARI
1131 2446 1248 2475 ΝΟΤᾸΕ.

226 2489 284 2525 (55)
303 2488 414 2516 Tabulae
427 2489 553 2524 geminae,
568 2497 583 2517 e
595 2497 712 2525 qnarurn
723 2497 777 2517 una
795 2490 930 2522 vivorum,
946 2499 980 2518 ex

191 2525 274 2552 altera
288 2530 457 2551 mortuorum
470 2525 856 2552 ecclesiaecommnnicantiutn
868 2527 979 2553 nomina

192 2560 268 2595 inter
276 2560 425 2587 missarum
458 2560 591 2587 solemnia
606 2559 745 2593 leguntur.
766 2559 883 2595 δίπτυχα
901 2566 977 2589 sunt.

189 2594 375 2666 Quod
388 2628 422 2656 ad
439 2636 548 2666 pomum
564 2630 662 2666 attinet
678 2630 712 2657 ab
725 2629 846 2666 Eudocia
862 2629 979 2659 Paulino

161 2662 162 2666 “
190 2662 261 2692 dono
273 2662 380 2701 datum,
398 2662 659 2701 apudl‘licephorurn
681 2673 736 2698 τιν,
748 2665 795 2698 25,
810 2666 909 2701 legitur
923 2674 978 2694 non

188 2707 311 2736 pomum,
324 2699 370 2736 sed
388 2700 458 2727 Ovis.
474 2700 508 2727 Et
518 2707 590 2736 sane
603 2700 688 2734 μῆλον
707 2699 856 2734 utrumque
873 2702 979 2736 signiti-

189 2739 242 2761 cat.
264 2734 391 2762 Narratio
407 2739 497 2762 tamen
512 2735 683 2763 Cetlreniana
709 2735 826 2762 maxime
849 2734 978 2765 omnibus

189 2771 248 2798 suis
262 2770 481 2806 circumstantiis
510 2770 602 2806 magis
616 2769 650 2797 de
675 2771 748 2797 malo
764 2778 845 2806 quam
869 2771 903 2798 de
927 2779 977 2800 ove

190 2806 296 2831 videtur
314 2812 386 2832 esse.
404 2804 481 2837 Quod
493 2804 566 2839 apud
580 2804 893 2840 Nicephorum'legitur.
920 2807 974 2834 Eu-

190 2839 294 2866 doniant
312 2841 410 2866 marito
425 2841 599 2876 respondisse
612 2840 684 2876 domi
701 2848 757 2868 sure
769 2839 872 2869 munus
886 2842 972 2876 ipsius

193 2880 310 2901 suav-tor
324 2875 410 2907 paSci,
427 2875 450 2902 si
473 2877 508 2902 ita
523 2880 565 2903 est
586 2875 611 2902 in
628 2875 733 2909 Gratoo,
751 2877 863 2904 omnino
876 2875 908 2904 de
923 2885 972 2904 ove

1014 2493 1219 2529 accipiendum
1237 2493 1354 2529 videtur.
1368 2494 1510 2528 Quomodo
1526 2495 1617 2524 Graeca
1631 2496 1667 2524 ibi
1688 2497 1822 2529 habeant,

1030 2529 1134 2556 nescio.
1163 2527 1244 2556 Certe
1269 2528 1391 2557 Zonaras
1418 2530 1511 2557 itidem
1539 2535 1568 2557 nt
1599 2537 1693 2559 noster
1717 2527 1820 2563 habet;

1029 2563 1205 2601 respondisse
1214 2563 1407 2601 Eudoeiamrse
1417 2565 1446 2591 τὺ
1459 2565 1544 2601 μῆλον
1555 2566 1707 2595 comedisse
1722 2577 1728 2595 :
1741 2567 1819 2601 Quod

1031 2597 1065 2626 de
1081 2606 1131 2626 ove
1146 2606 1308 2638 responsum
1326 2600 1388 2638 quis
1414 2597 1526 2638 credat?
1541 2601 1573 2638 [Et
1586 2601 1660 2638 apud
1684 2597 1821 2638 Nicepho-

1030 2640 1090 2660 rum
1103 2637 1166 2672 po_st
1177 2642 1201 2661 c.
1216 2634 1317 2672 49_hoc
1334 2636 1422 2669 ipsum
1439 2634 1523 2670 μῆλον
1539 2634 1819 2672 Epwoiappella'tur.

1030 2672 1059 2695 ut
1077 2673 1118 2696 est
1133 2669 1161 2696 in
1177 2670 1300 2703 margine
1327 2669 1512 2702 annotatum;
1537 2669 1564 2698 et
1579 2672 1613 2698 ab
1627 2669 1710 2700 Eri-de
1731 2669 1822 2701 fuisse

1028 2711 1139 2738 pomum
1153 2703 1190 2740 Vin
1227 2705 1331 2739 nuptiis
1354 2705 1426 2732 Pelei
1445 2706 1626 2740 propositum.
1645 2712 1739 2735 notum
1762 2713 1815 2736 est.

1027 2741 1119 2776 Atque
1134 2739 1168 2766 ab
1185 2747 1236 2766 ove
1255 2739 1288 2766 ad
1316 2748 1425 2774 pomum
1445 2739 1641 2776 ambiguitatis
1668 2743 1819 2771 occasione

1024 2773 1125 2802 lusisse
1147 2778 1287 2811 auctorem
1308 2773 1362 2802 rion
1388 2776 1466 2803 valde
1481 2773 1587 2804 videtur
1601 2777 1752 2811 probabile.
1777 2778 1817 2805 De

1023 2817 1056 2836 eo
1082 2809 1248 2844 monendum
1275 2811 1404 2838 lectorem
1424 2812 1499 2844 duxi,
1514 2819 1548 2838 ne
1564 2809 1676 2839 mcullo
1698 2812 1816 2839 consilio

1022 2852 1037 2872 a
1057 2845 1209 2879 Nicephoro
1221 2843 1318 2873 Latino
1334 2845 1476 2880 diversum
1493 2847 1637 2882 scripsisse
1650 2850 1734 2881 putet.
1745 2846 1811 2875 XvL.
