2036 3153
168 148 215 183 645

701 149 973 182 HISTORIARUM
994 153 1259 184 COMPENDIUM.

1733 158 1785 190 646

166 208 209 242 τῆς
223 205 383 241 βασιλίσσης
397 206 465 241 (58).
495 205 576 233 Ὀὺεν
592 207 684 233 πολλοὶ
708 208 764 234 τῶν
794 207 948 239 Βυζαντίων

1004 211 1149 237 arationem
1173 219 1232 238 eam
1249 211 1412 238 confirmare
1430 212 1556 244 studens,
1576 212 1676 248 ubique
1697 213 1787 249 impu-

166 251 359 288 ἐταράχθησαν.
380 251 409 278 Ὁ
425 253 453 278 δὲ
479 253 627 288 Νεστόριος
648 253 693 279 τὸν
718 254 796 287 λόγον
825 255 948 289 κυρῶσαι

168 298 282 326 σπεύδων
300 298 441 333 πανταχοῦ
456 298 506 333 τὴν
520 299 617 325 ἑαυτοῦ
639 299 741 334 μιαρὰν
756 300 889 335 ιρλυυρέαν
905 301 948 332 ἐξ-

166 345 248 377 έϐαλε,
267 344 346 379 ψιλὸν
359 344 503 379 ἄνθρωπον
528 345 615 379 λέγων
630 346 675 372 τὸν
692 345 803 381 Κύριον.
837 347 880 373 Ἐν
901 348 950 383 μιᾷ

129 395 133 409 ‘v
169 391 192 417 δὲ
206 391 334 426 κυριακῇ
349 390 588 425 προκαθεζομένου
611 391 759 427 Νεστορίου
782 395 950 428 προτραπεὶς

166 435 280 470 Πρόκλος
295 435 352 470 (59)
365 435 412 461 τοῦ
428 435 613 470 ἐξηγήσασθαι
625 433 703 462 εἶπεν
723 436 831 470 ὁμιλίαν
844 436 884 467 είς
900 436 950 471 τὴν

164 481 297 510 Θεοτόκον.
310 478 343 516 ἦς
357 481 372 516 ὴ
387 480 469 515 ἀρχή·
486 480 639 515 Παρθενικὴ
652 481 802 515 πανήγυρις
818 482 948 515 σήμερον,

163 526 278 560 ἀδελφοί.
292 526 360 552 Τότε
375 526 488 560 μισητδς
504 526 612 559 ἐγένετο
625 526 700 560 παρὰ
714 526 796 552 πᾶσιν
823 527 837 552 ό
851 526 950 552 δυσσε-

164 573 209 608 ϐὴς
224 572 371 608 Νεστόριος
389 571 432 598 διὰ
447 572 531 606 τῦφον
548 573 593 598 καὶ
606 572 798 599 κακοπιστίαν.
816 570 879 607 Εἶχε
896 573 950 608 γὰρ

167 620 342 646 ’Λναστάσιόν
356 628 417 646 τινα
429 619 616 654 πρεσϐύτερον
634 619 782 654 Ἀντιοχέα,
795 618 824 645 ὃν
848 619 951 653 σφόδρα

162 667 341 701 περιεποιεῖτο
365 666 403 698 ὡς
414 665 551 701 ὁμόφρονα
578 666 663 698 ἄνδρα
689 665 734 692 καὶ
763 665 808 691 το).
812 673 847 700 μη
851 665 950 700 ρότατα

161 713 202 739 ἐπ’
216 712 364 747 ἐκκλησίας
377 712 589 747 βλασφημοῦντα
610 712 659 748 τὴν
684 711 864 746 ἀειπαρθένον
883 711 949 738 Θεο-

161 758 247 784 τόκον.
265 758 368 784 Τούτου
379 759 407 785 δὲ
423 758 552 789 Εὐσέῦιος
572 759 586 784 ὁ
599 757 646 784 τοῦ
671 757 806 793 Δορυλάου
840 757 949 792 πρῶτον

117 799 126 805 ’
161 804 298 829 κατεῖπεν.
317 802 412 834 Οὕτως
425 803 453 829 δὲ
476 803 710 838 διαπραττόμενος
735 803 849 834 πολλοὺς
871 802 949 838 θορύ-

160 849 324 883 ϐουςῆγειρε
339 849 385 875 καὶ
399 850 532 884 ταραχάς.
558 849 604 884 Τῷ
624 849 646 875 δ’
667 849 742 884 αὖτῷ
770 849 825 876 ἔτει
852 849 899 876 καὶ
919 849 950 876 τὸ

1004 264 1060 282 tam
1080 264 1156 283 suam
1173 257 1364 291 loquacitatem
1381 257 1510 292 profudit.
1528 258 1667 285 Christum
1683 260 1786 288 nudum

1004 301 1141 328 hominem
1174 302 1314 329 dictitans.
1334 303 1456 335 Quodam
1487 303 1629 330 Dominico
1651 305 1697 331 die
1723 312 1787 331 cum

1001 346 1142 375 Nestorius
1170 347 1338 382 praesideret,
1379 347 1494 376 Proclus
1527 349 1561 375 ad
1595 351 1787 384 exponendum

1001 393 1138 420 excitatus
1155 393 1308 420 orationem
1323 393 1417 420 habuit
1432 395 1466 421 de
1478 393 1524 421 Dei
1545 394 1787 430 Genitrice,cujus

1001 438 1110 464 initium
1127 447 1134 465 :
1156 438 1253 470 Hodie,
1282 438 1390 471 fratres,
1404 444 1554 467 conventus
1570 441 1658 474 agitur
1673 441 1707 468 de
1727 440 1789 467 Vir-

1002 491 1075 518 gnte.
1101 485 1139 509 Ex
1155 491 1186 509 eo
1196 483 1302 510 invisus
1319 491 1381 511 esse
1411 485 1540 512 omttibus
1557 486 1659 520 impius
1689 486 1788 514 Nesto-

1002 529 1059 556 rius
1073 529 1108 556 ob
1125 529 1225 557 fastum
1238 534 1264 557 et
1275 530 1374 556 malam
1391 531 1483 557 fidem.
1499 531 1619 558 Habebat
1630 532 1702 558 enim
1715 533 1788 559 Ana-

1002 575 1116 602 stasium
1131 575 1275 610 quemdam
1285 575 1475 611 presbyterum
1486 577 1699 610 Antiochcnum,
1707 586 1787 613 quem

1003 620 1081 647 valde
1093 620 1142 647 sibi
1156 621 1321 648 conciliabat
1331 627 1360 648 ut
1378 629 1470 648 secum
1484 622 1645 650 sentientem
1659 624 1787 651 audacis-

1002 666 1127 700 simeque
1138 666 1164 693 in
1183 666 1300 694 ecclesia
1316 665 1418 701 Virgini
1432 667 1617 695 DeiGenitrici
1629 669 1787 695 obtrectan-

1004 717 1071 738 tem.
1104 712 1183 739 Hunc
1210 713 1314 746 primus
1334 714 1502 748 oppugnavit
1520 714 1788 743 sermoneEuscbius

1004 757 1106 785 Dorilai
1124 759 1281 793 episcopus.
1300 759 1346 786 Sic
1361 766 1453 787 autem
1470 764 1603 787 tractatus
1618 760 1717 788 multas
1729 766 1788 788 tur-

1003 804 1052 831 bas
1070 805 1154 832 dedit.
1186 805 1287 832 Eodem
1321 813 1394 834 anno
1404 804 1504 840 Epltesi
1517 806 1584 833 illud
1599 807 1722 834 terribile
1737 808 1788 834 mi-

1003 851 1127 877 raculutn
1144 851 1244 878 aetidit
1268 855 1372 886 septem
1392 853 1608 887 puerorum,qui
1628 852 1662 880 dc
1676 860 1787 884 somno.

159 894 275 930 φοῦερῆν
301 894 393 930 θαῦμα
413 895 468 921 τῶν
503 895 589 929 ἁγίων
613 895 682 922 ἑπτὰ
710 895 814 921 παίδων
843 895 897 920 τῶν
921 895 950 921 ἐν

1004 895 1083 922 annis
1097 899 1240 930 postquam
1248 897 1481 925 obdorntivissent
1489 902 1597 925 centutn
1606 899 1788 934 septuaginta,

163 940 268 974 Ἐφέσῳ
279 940 401 974 γέγονεν,
421 941 594 968 ἀναστάντων
615 939 705 967 αὐτῶν
725 940 769 967 διὰ
794 940 890 967 ἑκατὸν
906 939 952 966 ἑὸ-

157 987 314 1021 δομήκοντα
328 987 443 1022 χρόνων.

196 1032 241 1068 Τῷ
266 1032 303 1059 κδ’
331 1033 466 1067 Κύριλλος
493 1032 700 1069 Ἀλεξανδρείας
718 1033 765 1059 καὶ
786 1032 950 1065 Κελεστῖνος

168 1078 274 1113 Ῥώμης
303 1078 440 1113 γράφουσι
464 1079 606 1114 Νεστορίῳ
624 1078 794 1113 ἀποσχέσθαι
822 1078 872 1113 μὲν
896 1079 951 1105 τῶν

161 1125 385 1159 διεστραμμένων
412 1124 556 1159 δογμάτων
577 1125 623 1150 καὶ
653 1124 702 1159 τῆς
728 1124 811 1158 ὀρθῆς
832 1124 951 1155 πίστεως

160 1170 330 1205 ἀντέχεσθαι,
347 1171 370 1196 εί
388 1169 416 1195 δὲ
433 1169 480 1204 μὴ,
497 1169 534 1204 μὴ
550 1167 620 1195 εἶναι
637 1169 719 1195 αὑτὸν
739 1169 896 1195 κοινωνικὸν
912 1169 949 1195 ἱε-

164 1215 220 1249 ρέα.
243 1215 325 1241 Ἀλλὰ
342 1215 389 1241 καὶ
404 1214 478 1240 ἄλλοι
492 1214 564 1245 τινὲς
590 1213 691 1248 ὁμοίως
718 1213 793 1248 αὺτῷ
816 1213 951 1248 ἔγραψαν.

162 1261 245 1292 Δὺτδς
260 1261 288 1287 δὲ
301 1261 315 1286 ὁ
326 1260 483 1295 Νεστόριος,
501 1260 582 1294 γνοὺς
594 1260 635 1286 ὅτι
647 1260 697 1286 οὐκ
708 1259 850 1294 ἀνέχονται
862 1268 951 1295 παρα-

164 1307 310 1341 σιωπῆσαι,
335 1305 525 1341 παρεσκεύασε
541 1305 588 1332 τὸν
613 1305 726 1340 βασιλέα
752 1305 857 1340 γράψαι
882 1306 950 1340 πρὸς

162 1352 296 1387 Κύριλλον
308 1352 414 1386 σάκραν
428 1351 485 1387 (60)
500 1351 648 1386 δειμάτων,
667 1352 713 1378 καὶ
728 1351 772 1387 [Ρ.
782 1351 846 1387 339]
864 1351 950 1378 δοκῶν

162 1399 241 1425 αὑτὸν
253 1398 286 1424 ἐκ
301 1401 394 1425 τούτου
412 1399 525 1424 κτυπεῖν
540 1397 640 1433 μᾶλλον
650 1397 785 1432 διήγειρε.
816 1398 872 1424 Καὶ
883 1398 951 1432 γρά-

163 1454 205 1479 φει
220 1445 258 1480 τῷ
279 1444 385 1480 βασιλεί
400 1444 447 1470 καὶ
459 1445 519 1474 ταῖς
531 1443 626 1470 τούτου
641 1443 770 1477 ἀδελφαῖς
785 1444 849 1478 περί
859 1452 889 1469 τε
901 1444 950 1478 τῆς

162 1492 242 1526 όρνίῆς
265 1491 383 1522 πίστεως
405 1489 452 1516 καὶ
477 1490 527 1523 τῆς
546 1489 694 1524 Νεστορίου
712 1488 880 1520 κακοδοξίας,
907 1489 949 1514 αἰ-

162 1537 290 1572 τούμενος
306 1537 365 1571 ἆμα
399 1535 446 1562 καὶ
467 1535 576 1562 σύνοδον
598 1535 792 1570 οἱκουμενικὴν
822 1534 949 1567 γενέσθαι
963 1546 984 1574 c

162 1585 199 1615 εἰς
218 1583 248 1609 τὸ
269 1582 461 1617 γυμνασθῆναι
481 1581 631 1612 κανονικῶς
654 1582 687 1607 τὰ
697 1581 767 1607 κατὰ
791 1580 950 1615 Νεστόρισν.

163 1628 206 1664 Τῷ
217 1631 256 1655 κε’
272 1628 362 1654 τοίνυν
377 1627 494 1662 ὲνιαυτῷ
503 1626 554 1661 τῆς
575 1626 714 1653 Baesadine
727 1625 866 1661 βασιλείας
891 1627 907 1660 ἡ
925 1627 953 1652 ἐν

168 1675 271 1710 Ἐφέσῳ
301 1673 366 1708 ἁγία
395 1674 442 1700 καλ⁵
469 1672 645 1708 οὶκουμενικὴ
671 1672 750 1707 τρίτη
775 1672 883 1703 σύνοδος
900 1672 954 1698 τῶν

163 1719 199 1746 σλ¹
216 1719 347 1754 Πατέριυν
359 1717 552 1753 συνηθροίσθη,
579 1716 676 1752 χρόνον
701 1717 805 1750 ἄγουσα
825 1716 879 1743 ἀπὸ
903 1717 954 1750 μὲν

163 1767 209 1800 τῆς
239 1764 371 1800 δευτέρας
398 1767 454 1798 μα’,
480 1763 534 1790 ἀπὸ
554 1763 582 1788 δὲ
604 1762 720 1793 κτίσεως
739 1763 842 1796 κόσμου
866 1761 951 1795 ,εὲιεἏ

162 1807 212 1843 Ἦς
227 1809 313 1846 ἦρχον
325 1809 457 1844 Κύριλλος
486 1808 701 1843 Ἀλεξανδρείας,
727 1807 757 1838 ὃς
784 1807 949 1834 Κελεστίνου

163 1858 242 1885 πάπα
261 1857 372 1892 Ῥώμης
396 1855 444 1882 τὸν
461 1855 543 1882 τόπον
565 1855 663 1886 διεῖπε,
698 1853 745 1880 καὶ
777 1853 953 1884 Ίουϐενάλιος

167 1903 371 1939 Ἱεροσολύμων,
396 1901 521 1934 λέγοντος
548 1899 595 1926 τοῦ
624 1899 784 1934 καταράτου
806 1899 952 1933 Νεστορίου

164 1949 200 1983 μὴ
208 1946 278 1974 εἶναι
291 1946 417 1973 θεοτόκον
436 1945 486 1980 τὴν
503 1944 645 1976 Θεοτόκον,
675 1944 743 1970 ἀλλὰ
759 1943 953 1978 Χριστοτόκον,

162 1994 209 2019 καὶ
227 1992 274 2019 δύο
291 1992 366 2022 υἱοὺς
381 1990 427 2018 ἐπὶ
438 1991 486 2017 τοῦ
496 1990 555 2021 ἐνὸς
572 1988 691 2025 Χριστοῦ
708 1988 755 2016 τοῦ
779 1987 846 2014 Θεοῦ
870 1989 955 2023 μυθο-

162 2038 304 2072 λογοῦντος
318 2036 418 2062 καὶδύο
439 2035 614 2066 ὑποστάσεις,
641 2034 688 2060 καὶ
706 2033 786 2060 ἄλλον
812 2033 861 2068 μὲν
883 2031 954 2060 εἶναι

162 2085 206 2110 τιν
214 2084 301 2117 Λόγον
315 2082 360 2108 τὸν
373 2082 405 2108 ὲκ
416 2081 463 2108 τοῦ
479 2080 584 2115 Πατρὸς
609 2079 783 2114 γεννηθέντα,
809 2079 901 2114 ἕτερον
926 2078 954 2105 δὲ

161 2129 247 2155 τὸνὲκ
268 2128 378 2163 Μαρίας
397 2126 527 2161 τεχθέντα
540 2125 697 2160 ἄνθρωπον,
712 2124 784 2151 κατὰ
817 2126 908 2159 σχέσιν
927 2125 954 2151 δὲ

162 2175 297 2202 ἑνωθέντα
312 2174 357 2200 τὸν
373 2173 439 2199 Θεὸν
459 2172 555 2206 Λόγον,
571 2171 618 2198 καὶ
634 2170 789 2206 ὁμωνύμως
803 2171 851 2197 καὶ
871 2171 954 2197 αὑτὸν

1002 946 1194 969 surrexerunt.

1035 1029 1116 1056 Auno
1128 1028 1163 1056 24
1174 1029 1294 1064 Cyrillus
1308 1030 1479 1058 Alexandria:
1490 1036 1516 1058 et
1525 1030 1678 1059 Celestinus
1697 1031 1790 1059 Roma:

1001 1075 1120 1109 episcopi
1130 1074 1285 1102 Nestorium
1297 1084 1342 1109 per
1352 1076 1457 1103 litteras
1471 1077 1616 1103 hortantur
1628 1083 1668 1109 ut,
1679 1079 1790 1104 omissis

1001 1120 1139 1156 perversis
1149 1121 1335 1156 opinionibus,
1350 1130 1441 1149 \‘cl‘tlltl
1462 1122 1543 1158 591‘
1554 1122 1630 1149 fidem
1641 1123 1789 1157 amplecta-

1001 1172 1047 1194 tur
1065 1177 1071 1194 :
1089 1168 1190 1202 alioqui
1213 1175 1266 1195 nou
1284 1167 1343 1195 fore
1368 1176 1430 1195 cum
1457 1169 1484 1195 in
1497 1173 1570 1196 ccetu
1602 1169 1787 1196 sacerdotum.

1003 1212 1180 1247 Scripserunt
1198 1214 1244 1240 alii
1266 1221 1376 1248 quoque
1396 1214 1429 1240 ad
1462 1223 1523 1241 cum
1543 1215 1570 1241 iu
1586 1215 1707 1242 eamdem
1724 1223 1787 1242 sett-

1002 1259 1125 1288 tentiam.
1164 1258 1322 1291 Nestorins,
1353 1259 1508 1294 intelligens
1540 1267 1587 1287 eos
1617 1267 1788 1294 nequaquam

1001 1303 1147 1335 tacituros,
1176 1305 1337 1339 imperatori
1366 1305 1512 1340 persttadet
1542 1310 1572 1332 ut
1599 1305 1632 1332 ad
1659 1305 1789 1340 Cyrillqu

1001 1349 1102 1376 scribat
1114 1356 1220 1376 sacrant
1231 1349 1387 1384 epistolam,
1399 1358 1487 1385 eaque
1498 1358 1560 1377 cum
1572 1351 1721 1378 deterreat.
1730 1351 1788 1384 Qua

1001 1403 1030 1423 rc
1044 1403 1105 1422 eum
1126 1403 1155 1422 se
1169 1395 1300 1431 Cyrillum
1317 1401 1425 1430 putaret
1450 1405 1531 1432 posse
1554 1397 1713 1432 pereellere,
1729 1406 1789 1425 tua.

1000 1441 1041 1476 gis
1062 1441 1144 1468 etiam
1175 1441 1314 1469 excitavit.
1336 1442 1451 1476 Scripsit
1481 1443 1553 1469 enim
1583 1447 1640 1469 tum
1667 1443 1787 1478 Cyrillus

1000 1488 1033 1514 ad
1050 1487 1243 1522 imperatorem
1256 1493 1284 1515 et
1297 1495 1408 1515 sorores
1426 1489 1458 1515 dc
1474 1496 1537 1515 vera
1555 1489 1605 1515 fide
1623 1493 1651 1516 et.
1672 1489 1790 1516 Nestorii

1001 1533 1077 1562 falsis
1088 1535 1275 1569 opinionibus,
1285 1534 1420 1570 simulque
1435 1535 1634 1562 tecumenicum
1643 1535 1790 1562 concilium

1006 1581 1082 1615 prtiit
1094 1581 1194 1616 colligi,
1212 1581 1238 1607 in
1258 1589 1312 1616 quo
1327 1589 1412 1608 causa
1423 1580 1791 1608 Nestoriicanonicediscuti

1007 1633 1111 1661 posset.
1142 1626 1236 1662 Itaque
1267 1627 1398 1654 vicesimo
1422 1627 1518 1661 quinto
1545 1634 1617 1653 anno
1643 1626 1792 1654 Theodosii

1006 1671 1113 1706 imperii
1130 1677 1224 1698 sancta
1240 1676 1267 1698 et
1286 1671 1456 1699 meumenica
1490 1672 1570 1698 tertia
1595 1671 1716 1706 synodus
1738 1670 1791 1698 Pa-

1005 1720 1076 1742 lrum
1093 1715 1146 1742 ‘250
1169 1717 1269 1750 Ephesi
1297 1717 1374 1748 coiit,
1413 1724 1486 1744 antto
1518 1721 1579 1750 post
1605 1717 1720 1751 primam
1744 1716 1791 1749 41,

1004 1770 1076 1789 anno
1091 1762 1184 1789 tuundi
1200 1761 1281 1789 5915.
1301 1762 1472 1789 Prtel'ueruut
1485 1762 1605 1797 Cyrillus
1621 1763 1791 1790 Alexandria:

1004 1807 1161 1842 cpiscopus,
1190 1807 1279 1834 locum
1310 1808 1439 1835 Cclestini
1455 1815 1530 1843 papae
1547 1808 1661 1836 Romani
1678 1813 1790 1840 tenens,

1004 1857 1031 1879 et
1056 1853 1197 1880 .luvenalis
1213 1853 1468 1888 Hierosolymorum
1498 1855 1656 1888 episcopus.
1670 1854 1792 1889 Negabat

1005 1899 1175 1926 detestabilis
1193 1898 1336 1926 Nestorius
1365 1899 1479 1926 Mariam
1510 1907 1571 1927 esse
1597 1899 1643 1926 Dei
1672 1900 1792 1927 Genitri-

1004 1951 1075 1974 cem,
1103 1944 1150 1970 scd
1171 1944 1284 1975 Christi,
1308 1951 1339 1971 ac
1354 1943 1424 1971 duos
1442 1944 1475 1972 de
1487 1944 1568 1972 unico
1589 1945 1699 1972 Christo
1720 1945 1791 1973 ﬁlios

1006 1988 1053 2015 Dei
1078 1988 1206 2023 fingebat,
1227 1989 1353 2023 duasque
1370 1990 1397 2016 iu
1408 1989 1521 2017 Christo
1539 1997 1683 2025 personas,
1700 1991 1792 2019 direr-

1005 2042 1063 2062 sam
1081 2033 1162 2062 Verbi
1178 2042 1212 2062 ex
1235 2034 1290 2062 Deo
1303 2034 1384 2063 Patre
1401 2036 1471 2069 nati,
1494 2037 1576 2063 aliam
1610 2037 1730 2065 hominis
1759 2037 1793 2065 de

1005 2080 1090 2108 Maria
1109 2082 1183 2114 nati;
1203 2086 1326 2116 respectu
1354 2087 1445 2109 autem
1463 2082 1579 2116 quodam
1605 2084 1711 2111 unitum
1728 2084 1793 2111 huic

1005 2126 1138 2159 Verbum,
1160 2127 1354 2162 hominemque
1367 2129 1564 2157 communitate
1576 2130 1699 2157 vocabuli
1709 2130 1792 2157 etiam

1006 2173 1103 2200 Filium
1117 2173 1254 2208 usurpari.
1268 2170 1355 2205 nunc,
1373 2182 1435 2201 cum
1447 2181 1461 2201 a
1479 2175 1598 2203 concilio
1613 2179 1727 2203 vocatus
1737 2183 1791 2203 non

160 2221 307 2256 λεγόμενον
316 2220 389 2246 Υἱόν.
400 2218 501 2245 Τοῦτον
523 2216 727 2252 προσκληθέντα
744 2216 818 2252 παρὰ
830 2217 879 2250 τῆς
890 2225 951 2242 συν-

1007 2219 1416 2253 cOmparuisset,ecclesiasticis
1424 2221 1550 2247 censuris
1559 2220 1792 2255 proseripserunt,

160 2267 221 2292 όδου
237 2265 333 2300 καὶμὴ
348 2266 542 2299 ἀπαντήσαντα
551 2262 785 2297 ὲκκλησιαστικῶς
800 2261 952 2288 καθελοῦσα

161 2313 197 2344 ὡς
223 2312 261 2348 μὴ
289 2312 440 2347 θελήσαντα
458 2312 514 2342 τοῖς
540 2310 630 2344 ὀρθοῖς
656 2310 776 2343 δόγμασι
807 2308 953 2335 συνθέσθαι

161 2358 358 2393 ἁνεθεμάτισεν
374 2364 381 2371 “
401 2357 449 2384 καὶ
476 2355 667 2391 ἐχειροτονήθη
691 2354 863 2390 Μαξιμιανδς
884 2363 952 2389 πρε-

161 2404 292 2440 σϐύτερος
306 2405 354 2438 τῆς
363 2403 447 2437 αὐτῆς
460 2402 589 2437 Μεγάλης
604 2401 763 2436 ἐκκλησίας.
779 2401 852 2428 Μίαν
863 2401 890 2427 δὲ
906 2401 952 2427 τοῦ

161 2449 281 2485 Χριστοῦ
301 2450 349 2475 καὶ
363 2448 432 2475 Θεοῦ
448 2448 528 2483 ἡμῶν
542 2448 604 2474 καθ’
622 2448 718 2474 ἕνωσιν
734 2447 882 2474 ὑπόστασιν
904 2449 950 2474 καὶ

161 2496 208 2523 δύο
216 2496 313 2531 φύσεις
324 2495 418 2530 σαφῶς
426 2494 597 2530 ἐδογμάτισε,
609 2493 653 2520 τὸν
663 2493 743 2520 αὑτὸν
755 2491 824 2520 εἶναι
831 2493 896 2520 Θεὸν
905 2493 953 2519 καὶ

162 2542 316 2577 ἄνθρωπον,
335 2542 382 2568 καὶ
395 2541 444 2576 τὴν
465 2541 545 2575 ἁγίαν
567 2540 675 2576 Μαρίαν
692 2540 795 2575 κυρίως
819 2540 867 2566 καὶ
887 2539 954 2574 ἀλη-

135 2620 139 2627 ⁸
162 2589 215 2620 θῶς
228 2589 370 2616 Θεοτόκον.
385 2588 513 2623 Ἰωάννης
526 2587 555 2614 δὲ
573 2587 586 2613 ὁ
615 2586 781 2621 Ἀντιοχείας
802 2585 952 2616 ἐπίσκοπος

1007 2267 1037 2290 ut
1051 2264 1098 2298 qui
1112 2264 1240 2291 assentiri
1258 2272 1331 2291 vera:
1349 2264 1408 2291 ﬁdei
1424 2269 1575 2293 recusaret.
1607 2265 1730 2301 Ejusque
1764 2266 1793 2292 in

1005 2311 1095 2338 locum
1114 2309 1294 2338 delectus-est
1321 2309 1513 2344 Maximianus,
1541 2311 1643 2346 Magna:
1663 2311 1795 2339 Ecclesiae

1007 2356 1160 2391 presbyter.
1200 2355 1272 2382 ldem
1301 2356 1452 2383 concilium
1479 2357 1668 2391 pronuntiavit
1691 2356 1792 2384 unione

1006 2406 1166 2428 naturarum
1179 2400 1206 2427 in
1223 2400 1332 2428 Christo
1346 2402 1455 2428 unicam
1472 2408 1532 2429 esse
1550 2409 1705 2436 personam,
1719 2401 1791 2427 duas

1006 2450 1140 2479 naturas;
1156 2445 1281 2473 eumdem
1301 2454 1363 2473 esse
1389 2446 1468 2481 595
1482 2446 1565 2473 Deum
1582 2451 1608 2473 et
1631 2446 1767 2473 hominem
1784 2454 1793 2478 ;

1004 2492 1116 2519 Mariam
1144 2492 1252 2526 proprie
1279 2495 1306 2518 et
1341 2499 1403 2519 vere
1447 2500 1508 2519 esse
1538 2492 1582 2519 Dei
1614 2491 1780 2519 Genitriccm

1005 2538 1126 2565 Joannes
1140 2543 1230 2565 autem
1252 2538 1403 2565 Antiochiae
1423 2539 1582 2573 episcopus,
1599 2546 1660 2565 cuin
1677 2538 1711 2566 ad
1727 2546 1792 2565 con-

1007 2584 1104 2611 cilium
1131 2584 1258 2612 Nestorio
1287 2584 1342 2619 jam
1374 2585 1504 2613 damnato
1530 2585 1664 2616 venisset,
1698 2583 1796 2611 ascitis

718 2676 900 2705 XYLANDRI
919 2676 963 2704 ΕΤ
980 2676 1085 2706 GOARI
1105 2676 1221 2704 NOT/E.

200 2739 254 2774 (58)
273 2737 378 2765 Rhetor
396 2737 549 2774 Nicephoro
571 2735 688 2774 τινι-52.
706 2734 774 2762 Χῑι..
791 2748 826 2774 τ
841 2734 860 2761 Ε
877 2734 952 2774 fclic-

161 2769 274 2806 iaribu's,
282 2775 409 2807 Augusta:
419 2769 517 2799 domus
527 2771 700 2807 custodibus,
710 2769 838 2807 οπως-ρο
847 2769 951 2796 scholis

162 2804 338 2836 laneirollus
350 2808 381 2835 ad
398 2807 531 2834 Notitiam
544 2806 647 2840 imperii
663 2813 687 2833 c.
699 2813 776 2832 um.
792 2804 878 2832 Germ.

200 2845 256 2876 (59)
270 2844 362 2878 Cyzici
387 2844 436 2869 fuit
460 2839 618 2876 episcopus,
636 2845 663 2868 et
681 2840 811 2878 Byzantii
838 2839 951 2878 honoris

165 2879 252 2912 (puto)
267 2875 349 2907 causa
364 2875 516 2905 orationem
534 2875 639 2905 sacram
654 2876 686 2904 ad
702 2876 832 2911 populum
846 2875 952 2908 habuit,

1027 2734 1124 2761 razside
1137 2733 1273 2761 Nestorio.
1293 2733 1361 2761 Vide
1378 2733 1523 2768 Nicephor.
1536 2733 1609 2761 Idem
1626 2733 1657 2761 de
1672 2733 1793 2761 Eusebio

1030 2769 1278 2804 orylmiﬁepiscopo,
1303 2777 1360 2800 xw,
1376 2769 1421 2799 47,
1439 2774 1465 2795 et
1480 2768 1612 2802 Evagrius
1637 2777 1654 2799 ι,
1670 2769 1696 2795 9.
1726 2768 1790 2796 X-‘L.

1041 2804 1097 2838 (60)
1115 2803 1161 2830 Sic
1180 2805 1325 2837 aliquoties
1341 2809 1475 2831 vocantur
1489 2804 1575 2830 edicta
1596 2803 1739 2837 imperator
1751 2811 1791 2829 am

1006 2838 1038 2875 de
1067 2839 1152 2865 rebus
1179 2839 1382 2875 ecclesiasticis.
1403 2840 1429 2865 In
1445 2839 1640 2875 ecclesiasticis
1666 2839 1791 2865 historiis

1005 2873 1109 2902 divalcs
1125 2881 1219 2903 sacras
1235 2874 1369 2902 nominari
1379 2882 1425 2903 eas
1436 2874 1589 2902 observavi.
1607 2872 1674 2899 Χνιι.
