2036 3153
251 163 301 194 ϐιΠ

900 156 1060 187 GEORGII
1081 156 1248 186 CEDRENI

1823 157 1878 189 648

257 219 395 255 episcopis
410 218 455 253 qui
472 224 565 246 secum
583 220 723 248 venerant,
742 215 769 242 iu
780 215 879 250 quibus
899 215 1035 243 fuitetiam

1093 215 1163 248 μετὰ
1180 214 1227 249 τὴν
1240 213 1388 249 Νεστορέου
1404 213 1564 248 καθαίρεσιν
1590 213 1806 248 καταλαμϐάνει,
1831 215 1879 241 καὶ

252 265 434 293 Theodoritus
452 264 514 299 Tyri
533 268 560 290 ct
574 263 636 289 Ibas
653 262 763 290 Edessa
789 262 922 297 episcopi,
951 261 1038 296 Cyril~

253 312 307 338 lum
321 315 347 338 et
374 310 542 337 Memnonem
567 307 664 343 Ephesi
682 307 840 343 episcopum
863 308 1036 338 condemnat,

251 358 324 392 quod
338 363 386 384 eos
399 359 554 382 autumaret
567 357 663 380 contra
680 360 800 380 canones
812 352 941 380 Ecclesiae
956 359 1038 388 syno-

253 405 317 430 dum
346 400 511 429 instituisse.
528 400 645 435 Cyr-illus
665 407 726 427 eum
739 399 797 427 suis
814 405 910 426 eorum
927 403 986 425 acta
1007 402 1037 424 ut

253 447 391 482 illegitima
405 450 431 473 et
466 445 587 473 absurda
612 445 829 480 reprehendunt.
857 443 897 470 Ita
914 448 971 470 tum
1003 442 1038 469 ab

252 493 388 527 Ephesino
400 491 520 519 concilio
532 491 724 525 discrepantes
740 490 866 517 abierunt
883 488 1037 516 Orientales

250 542 277 564 et
292 537 430 572 AEgyptii.
466 536 519 564 Sed
539 535 683 570 postmodo
708 542 756 563 eos
771 534 955 569 imperatorio
972 541 1037 560 con-

253 584 375 611 cordiam
396 583 512 618 redegit,
526 582 670 616 eIchitque
694 584 725 608 ut
747 580 900 608 Orientales
929 586 1038 614 quoque

250 631 349 667 Ephesi
370 631 446 658 facta:
457 637 528 657 verae
546 629 607 657 Iidei
623 627 788 663 expositioni
801 627 990 654 consentirent
1004 633 1036 652 ac

250 677 419 704 damnationi
441 675 572 707 Nestorii,
594 674 740 709 epistolam
756 680 788 700 ea
806 674 839 700 de
850 680 879 699 re
905 673 1035 706 scriptam

251 723 284 750 ad
311 721 513 750 Alexandrinos
529 728 578 756 per
604 720 718 748 Paulum
748 718 851 746 Emesze
875 719 1035 753 episcopum

250 769 402 796 mittentes.
420 766 564 794 Nestorius
592 771 682 792 autem
714 764 806 792 Oasim
831 769 872 791 est
890 763 1035 797 relegatus,

251 819 298 841 aut
312 819 340 841 ut
352 813 398 840 alii
417 813 540 845 tradunt,
566 812 593 839 in
611 811 760 839 Thassum.
786 809 825 837 Ibi
855 817 917 837 eum
943 809 1035 836 divina

249 861 370 888 vindicta
403 858 519 893 arripuit
544 867 550 885 :

1089 260 1219 295 λυπηθεὶς
1249 261 1290 286 ὅτι
1314 260 1399 295 χωρὶς
1430 260 1512 286 αὑτοῦ
1552 260 1690 295 καθῃρέθη
1720 260 1879 295 Νεστὸριος,

1092 305 1258 339 παραλαϐὼν
1271 305 1334 336 τοὺς
1348 305 1525 336 συνελθόντας
1549 305 1622 340 αὐτῷ
1644 306 1821 338 ἐπισκόπους,
1851 308 1880 332 ἐν

1088 347 1129 381 οἷς
1143 348 1176 385 ἦν
1193 351 1240 377 καὶ
1254 350 1427 385 Θεοξώρητος
1455 351 1544 387 Τύρου
1560 351 1708 382 ὲπίιιηωπος
1732 353 1780 379 καὶ
1803 352 1879 383 Ἴδας

1095 396 1234 431 Ἐδέσσης,
1246 396 1406 431 καθαίρεσιν
1419 397 1585 432 ὑπαγορεύει
1602 398 1649 424 τοῦ
1666 399 1695 425 ὲν
1707 398 1794 432 ἁγίοις
1823 400 1880 425 Κυ-

1089 442 1179 477 ριλλου
1193 443 1239 469 καὶ
1251 443 1393 478 Μέμνονος
1416 443 1464 470 τοῦ
1498 444 1629 477 Ἐφεσίων
1660 445 1810 472 ἐπισκόπου
1841 445 1880 476 ὡς

1088 488 1162 523 παρὰ
1172 488 1217 514 τὸν
1228 489 1327 515 κανόνα
1335 489 1384 523 τῆς
1401 489 1563 524 Ἐκκλησίας
1570 490 1740 526 ποιησάντων
1752 490 1801 526 τὴν
1814 499 1879 517 συν-

1087 533 1197 559 οδον.οῐ
1213 533 1241 559 δὲ
1255 535 1319 568 περὶ
1336 534 1469 569 Κύριλλον
1486 535 1639 570 μέμφονται
1657 535 1693 567 ὡς
1713 536 1820 571 ἄθεσμα
1831 537 1881 563 καὶ

1088 578 1177 605 ἄτοπα
1193 579 1226 605 τὰ
1241 579 1308 615 παρ’
1320 579 1408 606 αὐτῶν
1424 580 1557 615 γενόμενα
1571 589 1577 596 ·
1595 582 1641 608 καὶ
1660 581 1745 614 οὕτως
1759 582 1813 609 ἀπὸ
1827 585 1880 618 τῆς

1095 624 1227 658 Ἐφεσίων
1244 625 1436 660 διαφερόμενοι
1448 626 1574 661 ἀλλήλοις
1587 628 1731 662 διέστησαν
1744 629 1772 655 οἳ
1784 638 1813 655 τε
1829 629 1880 656 ἀι-

1087 669 1207 696 ατολικοὶ
1222 671 1268 695 καὶ
1284 672 1309 697 οι
1323 671 1599 705 Ᾱὶγύπτιοι.Μετὰδὲ
1612 673 1698 700 ταῦτα
1712 674 1814 710 σπουδῇ
1830 675 1879 701 τοῦ

1089 715 1222 750 βασιλέως
1239 716 1395 751 ὴνὼϐησαν,
1414 718 1646 753 συμφωνήσαντες
1658 719 1705 745 καὶ
1733 720 1759 746 οὶ
1781 721 1880 747 ἀνατο-

1087 761 1158 788 λικοὶ
1178 763 1210 797 τῇ
1236 763 1379 798 ἐκτεθείσῃ
1397 763 1426 790 ὲν
1447 764 1553 799 Ἐφέσῳ
1566 764 1701 800 ὁρθοδόξῳ
1728 765 1816 792 πίστει
1830 767 1879 792 καὶ

1087 809 1119 843 τῇ
1137 808 1208 835 κατὰ
1222 809 1372 844 Νεστορίου
1389 810 1559 845 καθαιρέσει.
1580 811 1718 846 ἔγγραφον
1732 813 1879 847 επιστολὴν

580 865 642 885 nam
667 856 834 892 putrefactio
859 855 950 882 omnia
976 854 1035 889 ejus

1087 856 1144 886 τοῖς
1182 855 1386 890 Ἀλεξανδρεῦσι
1424 857 1468 883 διὰ
1503 857 1608 884 Παύλου
1645 858 1692 884 τοῦ
1724 859 1878 885 ἐπισκόπου

251 908 373 934 membra
391 906 502 938 invasit,
516 905 634 932 maxime
653 904 774 939 linguam
794 903 854 937 ejus
872 903 1033 933 scelestam;

1094 902 1212 937 Ἐμέσης
1232 888 1456 936 ἀποστείλαντες.
1479 905 1626 940 Κεστόριος
1641 906 1669 932 δὲ
1682 905 1816 941 ἐξωρίσθη
1836 907 1878 937 εἰς

250 962 302 987 qua
313 954 370 980 Arii
380 953 504 988 exemplo
514 952 636 986 punitus,
647 953 779 985 quantum
791 949 878 984 potuit
888 949 1032 975 clamavit:

250 1001 387 1027 Hactenus
402 998 481 1026 nobis
492 1004 655 1033 persuasum
679 1004 732 1024 non
764 1000 806 1023 est
830 995 943 1022 Mariam
973 1002 1035 1022 esse

251 1046 295 1073 Dei
314 1045 492 1073 Geuitricem.

251 1093 351 1127 μιαρᾶς
368 1090 451 1118 αὐτοῦ
463 1089 596 1125 γλώττης,
643 1088 800 1125 περιπεσὼν
819 1087 951 1122 διεφθάρη
968 1087 1005 1118 ὠ,
1022 1087 1035 1112 6

248 1140 299 1166 οὐκ
316 1138 482 1173 ἐπείσθημεν
495 1138 544 1172 τὴν
560 1138 670 1173 Μαρίαν
689 1136 818 1163 Θεοτόκον
830 1135 1007 1170 ὁμολογῆσαι.

286 1187 437 1222 Imperator
448 1193 530 1220 porro
543 1188 668 1211 venatum
679 1190 807 1218 egressus
822 1182 892 1209 clam
909 1182 966 1209 suis
978 1188 1037 1212 om-

251 1233 332 1260 nibus
360 1232 440 1267 longa
462 1231 505 1258 via
528 1230 560 1258 ad
585 1229 748 1258 monachum
766 1228 910 1264 quemdam
923 1227 1036 1265 venit_in

249 1277 347 1306 cellula
363 1277 513 1309 sedentem,
533 1283 616 1311 prope
643 1275 806 1304 suburbium
824 1274 928 1310 Cpolis.
955 1273 1038 1310 596

255 1323 372 1360 Agnovit
397 1330 480 1351 senex
509 1323 717 1357 imperatorem,
747 1320 795 1349 sed
833 1326 923 1347 tamen
953 1319 1038 1346 veluti

249 1378 332 1398 unum
347 1370 380 1397 de
392 1369 523 1396 militibus
547 1368 666 1403 accepit.
683 1367 752 1395 Cum
777 1370 870 1394 autem
888 1367 1038 1400 imperator

251 1424 266 1442 a
290 1416 334 1442 via
357 1420 383 1442 et
397 1420 465 1443 testu
482 1419 556 1442 esset
581 1413 760 1448 defatigatus.
782 1413 934 1440 monachus
953 1419 1038 1446 panrs

251 1460 419 1488 lmmectavit
447 1464 610 1494 acetumque
632 1463 661 1486 et
689 1458 778 1486 oleum
807 1457 945 1492 apposuit.
976 1456 1038 1483 Edit

251 1507 410 1542 imperator.
436 1510 464 1532 et
485 1512 583 1539 aquam
605 1504 682 1532 bibit.
698 1504 732 1531 Et
750 1503 905 1531 monacho:
924 1502 1037 1530 Nostine

252 1560 305 1584 me,
325 1551 424 1579 Pater?
439 1551 539 1586 inquit.
557 1550 690 1578 Monacho
703 1550 885 1585 respondente
901 1557 909 1577 :
926 1549 997 1576 Deus
1011 1553 1036 1575 te

1089 949 1184 975 Ὄασιν
1198 949 1265 983 (6i),
1280 949 1354 976 ἄλλοι
1370 950 1399 976 δὲ
1410 951 1571 985 γράφουσιν,
1588 952 1616 978 ὲν
1632 953 1666 987 τῇ
1681 951 1790 986 Θᾴσσῳ,
1814 953 1843 978 ὲν

1087 995 1135 1020 καὶ
1165 995 1371 1030 καταλαμϐάνει
1394 996 1475 1022 αὐτὸν
1494 998 1510 1031 ὴ
1542 997 1601 1023 θεῖα
1628 997 1701 1033 δίκη,
1732 998 1879 1033 σηπεδόνος

1088 1040 1143 1066 τῶν
1159 1040 1248 1075 μελῶν
1264 1041 1372 1069 πάντων
1389 1042 1542 1078 ἀψαμένης,
1561 1043 1681 1078 μάλιστα
1696 1044 1724 1071 δὲ
1751 1045 1798 1072 καὶ
1827 1045 1879 1079 τῆς

1055 1087 1208 1121 κατάρατος
1225 1088 1346 1123 Ἀρειος,
1363 1088 1512 1124 ὑποφωνῶν
1530 1089 1568 1121 ὡς
1591 1089 1706 1125 ἠδύνατο
1736 1090 1777 1117 ὅτι
1807 1091 1878 1118 τέωέ

1131 1179 1159 1204 '0
1169 1178 1296 1213 βασιλεὺς
1309 1180 1337 1206 δὲ
1353 1180 1506 1216 κυνηγῆσαι
1517 1181 1642 1214 ἐξελθὼν,
1654 1183 1717 1213 τοὺς
1732 1184 1781 1210 σίιν
1801 1184 1878 1217 αὐτῷ

1090 1225 1192 1257 πάντας
1212 1226 1358 1256 διαλαθὼν,
1382 1225 1447 1263 ἦλθε
1460 1228 1504 1255 διὰ
1528 1230 1637 1264 μακρᾶς
1648 1229 1709 1256 ὁδοῦ
1731 1230 1799 1265 πρός
1815 1239 1877 1257 τινα.

1091 1271 1207 1306 μοναχὸν
1233 1272 1261 1305 ἐν
1283 1272 1383 1307 κελλίῳ
1403 1273 1582 1312 καθεζᾷμενρν
1612 1274 1654 1310 [Ρ.
1670 1275 1735 1310 540]
1761 1276 1878 1310 πλησξεν

1089 1317 1143 1344 τῶν
1159 1318 1329 1353 προαστείων
1349 1320 1659 1352 Κωνσταντινουπόλεως
1680 1330 1686 1336 ·
1713 1322 1742 1348 ὂν
1759 1323 1772 1348 ὁ
1786 1323 1878 1357 γέρων

1089 1364 1195 1397 ἐπέγνω
1210 1364 1280 1398 μὲν,
1298 1365 1405 1398 ἐδέξατο
1430 1366 1458 1392 δὲ
1479 1366 1516 1397 ὡς
1538 1367 1585 1393 ἕνα
1610 1367 1665 1393 τῶν
1691 1368 1877 1403 στρατιωτῶν,

1089 1410 1141 1436 Τοῦ
1157 1410 1185 1436 δὲ
1202 1410 1334 1444 βασιλέως
1351 1413 1383 1438 ὲκ
1397 1412 1446 1446 τῆς
1458 1412 1518 1439 ὀδοῦ
1529 1414 1575 1440 καὶ
1591 1413 1637 1440 τοῦ
1655 1414 1796 1446 καύσωνος
1821 1415 1880 1440 ὀλι-

1088 1454 1264 1489 γωρήσαντος
1275 1455 1385 1491 ξὸρεξεν
1403 1457 1501 1491 ἄρτους
1515 1457 1529 1483 ό
1544 1457 1644 1492 γέρων,
1655 1459 1701 1485 καὶ
1714 1459 1802 1493 βαλὼν
1816 1460 1879 1492 ὅξος

1088 1499 1134 1525 καὶ
1149 1498 1238 1526 ἔλαιον
1253 1500 1375 1534 ἔφαγενὸ
1392 1501 1519 1536 βασιλεὺς
1534 1503 1581 1529 καὶ
1612 1503 1690 1530 ἔπιεν
1706 1504 1787 1539 ὕδωρ.
1822 1505 1879 1531 Καὶ

1087 1553 1169 1580 φησιν
1184 1546 1198 1572 ὁ
1211 1545 1345 1580 βασιλεύς·
1355 1544 1434 1578 Οἶδας
1446 1548 1488 1579 τίς
1496 1550 1564 1583 εἰμι,
1579 1549 1684 1584 Πάτερ;
1704 1550 1732 1576 '0
1746 1550 1773 1576 δὲ
1791 1559 1879 1584 μῆνι-

251 1597 407 1633 novit,Ego,
415 1597 508 1630 infert,
518 1604 576 1624 sum
585 1596 756 1624 Theodosius
770 1597 928 1631 imperator.
938 1596 1034 1624 Statim

1087 1591 1132 1627 χὸς
1149 1591 1236 1620 εἶπεν·
1256 1593 1284 1619 '0
1292 1593 1357 1625 Θεὸς
1370 1591 1423 1620 οἷδέ
1436 1602 1476 1621 σε.
1492 1595 1544 1620 Καὶ
1559 1595 1573 1621 ό
1587 1595 1711 1630 βισιλεὺς
1726 1596 1788 1630 ἔφη·
1805 1596 1879 1629 Ἐγώ

253 1649 311 1671 tum
327 1643 447 1670 surrexit
463 1642 626 1675 monachus,
658 1646 685 1669 et
708 1641 734 1669 ei
762 1641 937 1677 supplicavit.
966 1639 1034 1667 Tum

253 1690 400 1723 imperator
417 1696 425 1715 :
447 1687 521 1715 Beati
531 1695 563 1715 ac
577 1688 726 1715 felicissimi
742 1687 863 1722 profecto
876 1693 924 1713 vos
939 1692 1036 1713 mona-

253 1734 297 1760 rhi
316 1735 393 1764 estis,
409 1740 539 1760 curarum
560 1733 642 1769 hujus
664 1733 758 1760 mundi
789 1731 879 1759 vacui.
897 1731 967 1758 Vere
987 1730 1035 1757 tibi

252 1779 371 1811 :rlIirmo,
394 1777 486 1811 Pater,
503 1785 642 1812 nunquam
658 1785 700 1804 me
715 1777 741 1804 in
760 1784 820 1804 meo
844 1775 945 1811 palatio
962 1780 1035 1802 tanta

251 1831 313 1849 cum
329 1823 466 1858 voluptate
488 1823 579 1850 cibum
594 1830 625 1851 ac
641 1827 734 1858 potum
750 1822 912 1857 sumpsisse.
925 1821 1035 1848 Interim

252 1869 396 1896 multitudo
415 1870 587 1904 supervenit.
615 1869 739 1904 Cumque
765 1869 914 1903 imperator
939 1874 1034 1894 mona-

252 1916 335 1942 chum
356 1916 382 1942 in
399 1919 550 1950 conspectu
565 1915 688 1943 omnium
704 1920 852 1942 veneratus
867 1914 928 1949 ejus
949 1913 1036 1949 preci-

252 1962 302 1988 hus
334 1961 478 1989 universos
515 1961 757 1994 commendasset,
790 1960 919 1988 discessit
951 1960 1035 1987 salvis

251 2007 344 2039 rebus,
377 2011 404 2033 et
419 2006 453 2033 ab
466 2013 499 2034 eo
524 2011 649 2041 tempore
663 2006 827 2034 monachum
847 2007 930 2034 istum
944 2007 970 2034 in
986 2006 1036 2034 ho~

252 2059 319 2079 imre
335 2051 441 2079 habuit.
452 2051 552 2079 Verum
564 2052 587 2080 is
597 2052 661 2087 fuga
680 2059 710 2080 se
726 2052 859 2088 subduxit
870 2056 898 2079 et
915 2052 942 2079 in
952 2051 1035 2088 [Egy—

252 2102 326 2132 ptum
345 2096 438 2124 rediit.

286 2221 325 2253 Eo
338 2229 462 2260 tempore
476 2225 558 2252 etiam
574 2233 690 2261 magnus
713 2225 766 2253 .iIle
798 2224 925 2260 Symeon,
951 2225 998 2260 qui
1020 2233 1034 2252 a

1087 1639 1146 1673 ειμι
1160 1638 1299 1670 Θεοδόσιος
1317 1641 1331 1666 ὁ
1345 1639 1480 1674 βασιλεύς.
1494 1641 1549 1667 Καὶ
1561 1642 1680 1673 ἀναστὰς
1694 1642 1775 1672 εὐθὺς
1798 1643 1811 1668 ό
1829 1643 1878 1675 γέ-

1089 1692 1142 1718 ρων
1157 1683 1361 1719 προσεκύνησεν
1376 1685 1462 1720 αὐτῷ.
1475 1684 1558 1713 Εἶπεν
1569 1685 1614 1713 οὗν
1633 1688 1647 1713 ὁ
1661 1687 1795 1722 βασιλεύς·
1814 1689 1878 1715 Μα-

1087 1729 1178 1764 κάριοι
1190 1730 1239 1756 καὶ
1257 1731 1453 1766 τρισμακάριοι
1467 1734 1528 1758 ἔστε
1544 1732 1629 1764 ὅντως
1643 1733 1722 1767 ὑμεῖς
1748 1735 1772 1760 οξ
1790 1742 1876 1768 μονα-

1086 1774 1144 1808 xci,
1157 1774 1203 1801 καὶ
1220 1774 1368 1809 ἀμέριμνοι
1381 1776 1427 1802 τοῦ
1442 1776 1555 1811 κόσμου.
1590 1777 1648 1803 Ἐπ’
1662 1777 1791 1813 ἀληθείας
1803 1779 1878 1813 λέγω

1088 1825 1139 1850 σοι,
1151 1818 1253 1853 Πάτερ,
1270 1819 1311 1845 ὅτι
1327 1820 1356 1846 ἐν
1368 1820 1407 1855 τῷ
1424 1820 1548 1856 παλατὶῳ
1561 1822 1720 1859 ἐγεννήθην,
1735 1824 1782 1850 καὶ
1799 1825 1878 1851 οὐδε-

1088 1872 1152 1889 ποτε
1168 1865 1227 1898 μετ’
1244 1864 1346 1899 ἡδονῶν
1368 1866 1516 1901 ἁπήλαυσα
1540 1867 1668 1902 βρώσεως
1697 1871 1744 1896 καὶ
1767 1871 1877 1902 πόσεως

1087 1908 1178 1941 καθὼς
1189 1910 1318 1945 σήμερον.
1331 1911 1384 1937 Τοῦ
1398 1912 1427 1938 δὲ
1440 1912 1505 1939 λαοῦ
1518 1913 1681 1947 φθάσαντος,
1696 1915 1743 1941 καὶ
1756 1915 1876 1942 ἐνώπιον

1086 1954 1194 1981 πάντων
1209 1955 1383 1990 ἀξιοπρεπῶς
1410 1957 1577 1992 τιμήσαντος
1597 1957 1643 1984 τὸν
1668 1959 1794 1994 γέροντα,
1825 1962 1878 1988 καὶ

1087 1998 1191 2029 πάντας
1204 1998 1353 2034 ἀξιωθῆναι
1367 1999 1416 2035 τῆς
1433 2000 1515 2036 εὐχῆς
1527 2001 1610 2028 αὑτοῦ
1633 2003 1810 2036 κελεύσαντος
1824 2006 1875 2032 τοῦ

1086 2042 1420 2080 βασιλέωςιάνεχώρησεν
1432 2046 1471 2076 εις
1485 2046 1534 2081 τὴν
1545 2047 1604 2074 ὁδὸν
1619 2047 1700 2075 αὑτοῦ
1716 2049 1774 2083 μετ’
1795 2051 1876 2085 εὲρή-

1085 2097 1143 2123 νης.
1159 2089 1214 2115 Καὶ
1226 2089 1328 2124 ἤρξατο
1341 2090 1395 2116 ἀπὸ
1403 2090 1465 2117 τότε
1494 2093 1578 2127 τιμᾷν
1592 2093 1675 2121 αὑτὸν
1700 2095 1713 2120 ὁ
1731 2094 1873 2129 βασιλεὺς.

1090 2133 1120 2160 Ὀ
1133 2133 1162 2160 δὲ
1176 2134 1264 2170 γέρων
1280 2135 1399 2168 ἀναστὰς
1409 2135 1494 2172 ἔφυγε
1510 2137 1558 2164 καὶ
1585 2139 1666 2166 πάλιν
1687 2140 1807 2176 ἀπῆλθεν
1833 2143 1875 2175 εἰς

1085 2179 1230 2214 Αἴγυπτον.

1125 2227 1170 2253 Ἐν
1196 2228 1252 2259 τοῖς
1279 2227 1386 2262 χρόνοις
1412 2229 1516 2261 τούτοις
1532 2231 1578 2256 καὶ
1594 2232 1607 2257 ὁ
1626 2232 1712 2266 μέγας
1736 2233 1875 2268 Συμεὼνό

247 2272 377 2298 rn‘lumna
409 2270 522 2305 Stylites
542 2271 709 2303 nominatur.
741 2271 855 2304 gloriam
895 2270 1034 2298 hominum

1088 2271 1311 2308 Στυλίτηςὲπέὸη
1327 2273 1365 2308 τῷ
1377 2273 1462 2307 κίονι,
1477 2275 1526 2310 τὴν
1541 2275 1619 2308 δόξαν
1638 2278 1693 2304 τῶν
1720 2279 1873 2313 ἀνθρώπων

248 2317 370 2352 fugiens,
383 2310 539 2344 columnam
559 2315 809 2343 conscendit.Cnm
830 2315 902 2343 enim
924 2316 957 2343 ad
974 2325 1034 2344 eum

249 2363 330 2390 multi
346 2361 468 2389 venirent
482 2361 664 2396 pelliceasque
688 2362 747 2395 ejus
770 2365 860 2389 vestes
876 2369 956 2389 nemo
982 2370 1035 2390 nou

249 2413 365 2445 tangere
381 2411 505 2444 cuperet,
522 2407 677 2434 columnam
703 2407 874 2435 conscendit.
899 2407 1036 2443 Principio

252 2455 362 2486 quidem
382 2462 444 2481 eam
470 2461 518 2481 sex
535 2452 691 2480 cubitorum
709 2453 765 2480 licri
794 2453 889 2487 jussit,
908 2453 970 2480 inde
1002 2453 1035 2480 ad

249 2499 408 2533 duodecim,
425 2504 487 2535 post
502 2499 535 2526 ad
557 2499 726 2534 vigintlduo,
741 2498 860 2534 denique
873 2499 906 2526 ad
923 2499 1035 2534 triginta

252 2554 299 2574 sex
317 2546 426 2573 cubitos
439 2545 532 2573 educi.
547 2545 612 2581 Ejus
620 2545 766 2573 stationem
776 2545 905 2572 existimo
918 2553 932 2572 a
942 2545 1034 2573 divina

251 2591 425 2625 previdentia
453 2591 538 2618 fuisse
564 2590 736 2626 ignoratum,
764 2597 825 2625 qua:
849 2590 1035 2625 ignavioribus

252 2637 315 2664 usui
331 2637 410 2665 foret.
429 2637 507 2665 Sicut
531 2637 602 2665 Deus
625 2641 652 2664 et
669 2637 767 2664 Isaiam
794 2637 897 2663 nudum
918 2644 951 2664 ac
977 2637 1037 2664 sine

250 2682 352 2709 calceis
365 2682 443 2718 597
467 2683 594 2710 incedere
606 2683 700 2718 jussit,
719 2688 745 2709 et
757 2682 904 2709 Jeremiam
915 2682 1037 2717 subliga-

251 2728 315 2755 culo
330 2729 436 2756 lumbos
451 2728 620 2756 succinctum
632 2729 786 2761 vaticinari,
799 2729 945 2764 aliquando
953 2729 1035 2755 etiam

797 2817 974 2845 XYLANDRI
995 2817 1039 2845 ΕΤ

289 2865 345 2898 (6i)
359 2865 437 2893 Oasis
450 2864 476 2891 iu
488 2863 587 2892 Arabia
599 2868 649 2893 est.
668 2863 801 2892 Zonaras.
821 2864 886 2892 XvL.

1089 2316 1196 2352 φεύγων
1210 2326 1217 2333 ι
1231 2318 1322 2345 πολλοὶ
1336 2321 1390 2355 γὰρ
1403 2321 1443 2352 εἰς
1457 2321 1538 2348 αὑτὸν
1557 2323 1750 2360 ἀφικνούμενοι
1775 2327 1875 2362 ἧθελον

1088 2363 1189 2395 πάντες
1199 2363 1297 2398 ψαύειν
1313 2365 1368 2392 τῶν
1385 2365 1555 2401 δερματίνων
1579 2369 1683 2396 ἐκείνου
1703 2371 1872 2406 ἐνδυμάτων.

1088 2409 1144 2436 Καὶ
1156 2409 1263 2444 πρῶτον
1273 2410 1322 2445 μὲν
1338 2411 1367 2444 ἒξ
1383 2411 1491 2447 πήχεων
1520 2414 1645 2443 ἐκέλευσε
1676 2417 1804 2449 γενέσθαι
1826 2420 1873 2445 τὸν

1089 2454 1176 2487 κίονα,
1193 2452 1251 2482 εἶτα
1262 2456 1375 2488 δώδεκα,
1393 2459 1439 2483 καὶ
1454 2459 1523 2492 μετὰ
1538 2459 1623 2491 ταῦτα
1637 2461 1724 2488 εἴκοσι
1747 2462 1808 2496 δύο,
1824 2465 1873 2491 νῦν

1088 2500 1117 2526 δὲ
1133 2502 1319 2536 τριακονταέξ.
1348 2504 1399 2530 Ἦν
1411 2504 1460 2530 οὑκ
1472 2505 1535 2532 ἄνευ
1550 2507 1599 2541 τῆς
1617 2507 1692 2543 θείας
1717 2509 1875 2544 οἰκονομίας

1091 2545 1273 2581 ὑπολαμϐάνω
1288 2548 1415 2582 γενέσθαι
1430 2550 1478 2586 τὴν
1496 2551 1600 2584 στάσιν,
1623 2552 1758 2587 ὠφελείας
1779 2555 1874 2582 ἕνεκεν

1089 2591 1143 2618 τῶν
1155 2592 1357 2630 ρᾳθυμοτέρων,
1373 2595 1466 2632 ὥσπερ
1490 2598 1537 2624 καὶ
1560 2599 1606 2625 τὸν
1631 2600 1743 2627 Ἡσαΐαν
1770 2602 1874 2637 γυμνὸν

1089 2638 1138 2664 καὶ
1159 2639 1320 2666 ἀνυπόδετον
1348 2641 1454 2676 βαδίσαι
1483 2644 1643 2679 προσέταξε,
1659 2646 1706 2672 καὶΙ
1722 2645 1767 2672 τὸν
1791 2647 1875 2682 Ἰερεα

1090 2685 1155 2719 μίαν
1171 2686 1316 2721 περίζωμα
1328 2689 1360 2722 τῇ
1373 2688 1455 2723 ὀσφύϊ
1469 2691 1619 2725 περιθεῖναι
1636 2693 1684 2719 καὶ
1709 2692 1782 2720 οὕτω
1805 2703 1873 2729 προ-

1089 2731 1228 2766 φητεύειν,
1241 2734 1288 2759 καὶ
1305 2733 1399 2761 ἄλλοτε
1416 2735 1519 2770 κλοιοὺς
1535 2736 1656 2771 ξυλίνους
1674 2739 1721 2767 καὶ
1746 2740 1873 2776 σιδηροῦς

1069 2817 1175 2846 GOAIII
1197 2819 1310 2850 ΝΟΤΛΕ.
