2036 3153
169 162 214 194 561

707 166 976 198 lllSTORl.-\RUM
996 169 1258 200 COMPENDIUM.

1737 170 1791 202 66?.

170 221 229 246 σθαι
245 219 347 255 τάχιον.
365 220 417 247 Τοῦ
436 220 463 248 δὲ
483 222 724 256 παραγενομένου,
740 223 858 259 ἔπαρχον
872 223 947 251 aia-ria

1005 212 1162 260 praelectum
1181 226 1256 253 urbis
1270 225 1424 254 constituit.
1445 225 1541 261 Aspar,
1563 225 1606 252 cui
1630 225 1681 252 hoc
1696 231 1791 260 praeter

170 266 343 301 προεϐάλετο.
353 267 464 303 Ἀσπαρ
475 267 503 294 δὲ
519 268 597 295 τοῦτο
613 267 675 295 ἰδὼν
692 269 754 304 παρ’
766 270 859 295 ὲλπίδα
872 269 954 305 ἐκρά-

172 321 230 347 τησε
250 313 298 339 τοῦ
325 313 492 348 ἱματίουζτοῦ
523 314 666 350 βασιλέως,
679 315 726 345 καί
741 324 807 351 φησι
824 316 891 351 προς
905 316 953 342 αὖ·

170 359 222 385 τόν·
239 358 366 389 Βασιλεῦ,
385 359 431 386 τὸν
444 360 547 393 ταύτην
563 360 613 395 τὴν
625 356 777 395 ’ἁλουργίδα
790 361 952 396 περιϐεόλη-

171 405 245 439 μένον
262 404 305 440 [Ρ.
323 405 428 441 36ηού
451 406 504 441 χρὴ
519 407 721 440 διαψεύδεσθαι.
747 407 802 434 Kal
835 416 919 443 φησιν
940 407 954 434 ὁ

170 450 293 484 βασιλεύς
307 459 315 466 ·
332 451 413 478 Ἀλλὰ
429 451 482 488 μὴν
499 453 632 487 προσήκει
644 452 683 487 τῷ
699 453 805 488 βασιλεῖ
821 453 859 488 μὴ
878 453 953 480 ὑπεί-

170 505 224 522 κειν
240 497 294 523 τινὶ
308 497 324 531 ἢ
342 498 512 529 ὑποκεῖσθαι,
527 500 575 526 καὶ
601 499 702 535 μᾶλλον
712 500 777 527 ὅταν
792 491 839 527 τοῦ
863 500 962 527 κοινοῦ.

168 541 323 576 ἀσύμφορον

201 588 244 622 ’Γῷ
255 588 280 615 α’
294 588 457 616 ἑτειτούτου
482 590 594 626 σεισμὸς
623 591 733 626 ἐγένετο
756 593 785 618 ἐν
804 593 952 628 Ἀντιοχείᾳ

167 634 201 665 ὡς
226 634 322 669 σχεῶν
350 636 441 662 πᾶσαν
461 636 511 672 τὴν
532 637 610 664 πόλιν
639 640 815 666 καταπεσεῖν.
835 637 919 671 Dia-co;
938 640 953 666 ὁ

169 681 292 716 βασιλεὺς
311 681 385 718 Θρᾲξ
407 680 442 718 ἦν
455 683 494 719 τῷ
515 684 600 717 γένει,
619 683 760 719 τριὸοὖνος
790 685 838 721 τὴν
861 685 949 718 ἀξίαν.

174 727 304 763 Ἐστέφθη
322 728 350 755 δὲ
367 729 420 756 ὑπὸ
446 729 599 757 Ἀνατολιου
622 733 803 766 πατριάρχου.

201 773 300 800 Πασῶν
331 773 359 800 δὲ
384 774 440 801 τῶν
459 775 508 810 τῆς
532 776 695 811 οἰκουμένης
718 776 887 813 Ἐκκλησιῶν
902 777 950 812 τὴν

168 820 194 844 ἑν
209 819 362 856 Χαλκηδόνι
378 821 486 848 σύνοδον
501 823 720 858 ἀποδεξαμένων,
742 825 756 850 ὀ
775 825 874 860 μιαρὸς
904 825 950 851 Τι-

170 865 260 899 μόθεος
277 866 291 892 ὁ
302 866 418 902 ἐπίκλην
431 868 561 904 Δελουρος
575 869 625 902 τὴν
647 869 844 905 Ἀλεξανδρέων
870 871 949 897 πόλιν

168 912 308 946 ἐτάρασσε.
324 912 486 949 Μαγγανειᾳ
507 915 561 949 γὰρ
591 916 762 950 χρησάμενος
789 916 885 948 νυκτὸς
920 917 950 943 ὲν

167 959 218 990 τοῖς
230 957 348 990 κελλίοις
365 959 419 985 τῶν
435 960 559 995 μοναχῶν
575 962 750 996 περιήρχετο,
781 962 824 988 ἐπ’
837 962 949 997 ὀνόματι

166 1002 252 1029 καλῶν
271 1003 398 1036 ἕκαστον,
406 1004 460 1030 τῶν
474 1005 502 1032 δὲ
520 1005 744 1041 ἀποκρινομένων
755 1007 857 1041 ἔλεγεν·
880 1007 950 1042 Ἐγὼ

166 1049 276 1083 ἄγγελός
286 1051 354 1085 εἰμι,
374 1051 420 1078 καὶ
435 1051 590 1087 ἀπεστάλην
600 1052 687 1079 εἰπεῖν
701 1054 783 1080 πᾶσιν
799 1053 949 1088 ἀποστῆναι

166 1095 210 1128 τῆς
234 1096 377 1127 κοινωνὶας
406 1097 555 1133 Προτερίου
581 1097 630 1124 καὶ
656 1098 710 1125 τῶν
739 1099 768 1126 ἐν
785 1099 948 1134 Χαλκηδόνι,

165 1142 293 1176 Τιμόθεον
309 1142 338 1169 δὲ
346 1143 392 1169 τὸν
406 1144 538 1179 Αῐλουρον
550 1145 700 1172 ἐπίσκοπον
721 1146 948 1181 προχειρίσασθαι

170 1187 381 1223 ’Δλεξανδρξίας.
392 1189 498 1224 Πλῆθος
510 1189 537 1216 δὲ
553 1190 676 1217 ἀτάκτων
690 1191 794 1227 ἀνδρῶν
804 1191 949 1226 ὠνησάμε-

165 1239 206 1262 νος
213 1232 383 1265 τυραννικῶς
392 1233 439 1259 τοῦ
459 1233 554 1269 θρόνου
573 1234 776 1272 Ἀλεξανδρείας
791 1237 927 1272 ἐκράτησε
938 1245 945 1252 ·

165 1277 208 1303 καὶ
223 1278 414 1314 καθῃρημένης
430 1279 467 1307 ὣν
483 1280 536 1307 ὑπὸ
551 1281 598 1307 δύο
610 1282 810 1318 καθῃρημένων
827 1291 947 1318 χειροτο-

163 1323 255 1356 ν;ιται,
268 1326 435 1360 χειροτονίας
452 1335 481 1352 τε
497 1327 657 1354 {mox/mmo
668 1328 755 1355 ὲποίει
771 1329 945 1365 ἀχειροτόνη-

163 1379 204 1402 τος
222 1371 270 1404 ὢν,
286 1373 334 1399 καὶ
353 1372 530 1407 βαπτίσματα
551 1373 674 1400 ἐπετέλει
702 1375 887 1411 πρεσϐύτερος
910 1376 948 1411 μὴ

160 1417 207 1448 ὢν,
221 1418 268 1444 καὶ
281 1419 351 1453 μετὰ
363 1418 462 1453 λύττης
473 1419 546 1451 τινὸς
569 1419 684 1456 ἀσχέτου
714 1420 765 1457 τὴν
791 1420 874 1456 ἁγίαν
905 1430 948 1448 τε-

160 1463 263 1498 τάρτην
280 1463 389 1490 σύνοδον
405 1464 511 1500 ὕϐριζε.
530 1466 585 1504 Kal.
612 1465 658 1492 τὸν
680 1467 818 1502 μακάριον
842 1468 942 1504 Προτέ-

160 1518 218 1544 ριον
231 1508 339 1536 διδόντα
360 1509 443 1537 τόπον
470 1512 503 1546 τῇ
525 1502 594 1546 ὀργῇ
617 1511 656 1547 τῷ
682 1512 793 1548 μεγάλῳ
815 1502 948 1550 Σαδᾶάτῳ

161 1557 347 1589 κατασφάττει
365 1557 425 1591 μεθ’
444 1557 548 1592 ἑτέρων
569 1557 600 1590 ἒξ
621 1558 676 1585 τῶν
697 1559 745 1586 σὺν
772 1558 846 1595 αὐτῷ
863 1568 869 1576 ·
900 1561 946 1588 καὶ
960 1566 981 1596 c

159 1601 230 1627 κατὰ
241 1602 331 1629 πᾶσαν
341 1603 391 1638 τὴν
405 1602 482 1630 πόλιν
495 1603 625 1639 σύραντες
636 1604 666 1631 τὸ
683 1605 762 1640 σῶμα
782 1605 864 1632 αὐτοῦ
879 1607 946 1641 πυρὶ

158 1640 342 1674 κατέίαυσαν.
374 1648 468 1684 Τούτῳ
495 1648 535 1684 τῷ
559 1649 614 1676 ἔτει
639 1650 739 1686 ἠνέχθη
768 1651 799 1677 τὸ
820 1640 946 1686 λείψανον

157 1693 207 1726 τῆς
221 1693 302 1727 ἁγίας
315 1693 454 1730 μάρτυρος
473 1695 652 1727 ’Δναστασίας
662 1697 716 1722 ἀπὸ
742 1696 790 1723 τοῦ
812 1697 943 1733 Σιρμιου,

157 1739 205 1765 καὶ
236 1740 371 1775 κατετέθη
397 1741 426 1768 ὲν
451 1741 492 1777 τῷ
513 1741 570 1777 ναῷ
589 1742 673 1777 αὐτῆς
691 1743 787 1775 ἐντοῖς
817 1743 944 1778 Δομνίνου

157 1783 296 1816 ἐμϐόλοις.

191 1829 237 1864 Τῷ
254 1829 276 1865 β’
299 1829 356 1857 ἔτει
380 1831 457 1860 Λέων
472 1832 626 1867 ὀβασιλεὺς
655 1833 750 1869 μαθὼν
777 1834 823 1861 τὸν
849 1835 945 1862 ἄδικον

157 1874 274 1903 θάνατον
288 1878 437 1912 "po-rspice
450 1879 496 1906 καὶ
510 1879 559 1913 τὴν
572 1879 703 1916 Λιλούρου
727 1880 848 1916 ἄθεσμον
879 1890 945 1917 προ-

158 1922 285 1958 αγωγὴν,
309 1924 420 1959 πέμψας
435 1926 498 1957 τοὺς
518 1928 734 1961 κοινωνήσαντας
744 1927 783 1962 τῷ
794 1927 944 1962 Ηροτερίου

156 1968 265 2003 (levita:
278 1968 512 2006 ἐγλωσσοτόμησε.
532 1971 658 2007 Τιμοθέῳ
678 1972 707 1999 δὲ
722 1973 761 2005 τῷ
779 1973 881 2009 ἀνιέρῳ
895 1974 946 2001 οὐκ

156 2013 301 2049 ἐπεξῆλθε,
317 2015 367 2050 τὴν
390 2016 433 2042 ἐπ’
450 2016 525 2052 αὑτῷ
542 2017 634 2053 κρίσιν
647 2019 809 2051 ἐπισκόποις
829 2020 944 2047 καταλι-

157 2061 226 2087 πών.
242 2060 289 2096 Τῷ
303 2060 327 2088 δ’
344 2061 417 2097 αὑτῷ
432 2062 487 2089 ἔτει
515 2064 563 2090 καὶ
587 2065 679 2099 Ζήνων
700 2066 826 2102 ’Δριὰδνῃ
848 2067 945 2102 μίγνυ-

155 2115 201 2132 ται
217 2107 286 2141 πρὸς
300 2108 398 2143 γάμον,
412 2110 446 2144 τῇ
463 2110 576 2142 Λέοντος
593 2111 720 2146 θυγατρί.

191 2153 238 2188 Τῷ
251 2157 274 2195 τξ
285 2153 342 2180 ἔτει
357 2155 508 2190 γράμματα
520 2157 587 2192 πρὸς
603 2158 666 2189 τοὺς
677 2159 796 2193 ἑκάστης
810 2154 946 2195 ἐπαρχίας

155 2193 324 2232 ἐπισκόπους
337 2201 496 2228 ἀπέστειλεν
507 2202 521 2228 6
539 2202 676 2238 βασιλεὺς,
689 2204 793 2239 γράψαι
808 2193 946 2241 αὺτιξιτὴν

1005 278 1080 306 spem
1095 279 1171 298 suam
1187 272 1344 304 accidisset,
1358 277 1432 300 reste
1445 272 1614 307 apprehenso
1632 271 1714 299 Leoni
1730 273 1767 299 ait
1780 280 1786 297 ε

1006 317 1168 350 Imperator,
1188 317 1234 344 tali
1251 324 1372 352 purpura
1391 317 1520 344 amictum
1538 325 1592 345 non
1609 318 1685 345 decet
1712 325 1787 347 men-

1005 362 1063 388 tiri.
1081 361 1232 398 Respondit
1247 363 1395 398 imperator
1407 373 1415 391 :
1429 363 1514 399 608
1531 363 1604 390 Sane
1619 363 1669 391 hoc
1680 359 1789 398 quoque

1006 408 1200 443 imperatorem
1216 409 1305 441 decet,
1326 410 1427 436 nemini
1456 409 1553 436 cedere
1577 413 1625 436 aut
1649 409 1788 436 subditum

1005 461 1077 485 esse,
1094 454 1212 482 maxime
1228 455 1272 482 ubi
1289 455 1314 483 id
1341 463 1403 482 cum
1435 455 1589 489 reipublicm
1615 454 1789 483 inromwodo

1005 500 1090 528 tit-ret.

1039 589 1130 617 Primo
1144 590 1226 625 hujus
1255 597 1328 618 anno
1343 590 1494 617 Antioohiae
1521 595 1598 618 terra:
1612 595 1702 618 motus
1727 591 1787 623 luit,

1003 635 1049 671 qui
1079 640 1163 664 lotam
1197 644 1264 671 pene
1288 637 1382 664 urbem
1412 637 1570 671 prostravit.
1609 636 1662 664 Ιιιιο
1695 636 1787 664 Thrax
1813 639 1818 643 ‘

1002 690 1102 718 genere
1127 683 1189 716 l'uit,
1217 683 1360 710 tribunitia
1380 682 1523 718 dignitate.
1550 683 1700 710 Corouavit
1723 691 1785 710 eunt

1002 727 1146 755 Anatolius
1164 727 1331 761 patriarcha.

1036 773 1104 801 Cum
1121 779 1210 802 autem
1227 782 1324 802 omnes
1337 774 1422 802 totius
1436 774 1511 802 orbis
1526 773 1654 802 Ecclesia:
1669 774 1788 801 concilio

1002 819 1218 848 Chalcedonensi
1226 820 1452 856 astipularcntur,
1464 828 1534 848 unus
1541 821 1694 849 scelerosus
1706 820 1787 847 homo

1002 866 1196 893 Alexandriam
1209 866 1387 894 conturbavit
1405 866 1579 900 Timotheus,
1604 871 1787 902 cognomento

1001 910 1125 939 Elurus.
1157 910 1182 939 Is
1216 912 1330 946 magicis
1367 912 1529 947 imposturis
1560 916 1640 940 utens
1674 913 1788 940 cellulas

1002 957 1199 984 monachorum
1225 957 1313 985 obivit
1340 961 1433 990 noctu,
1461 958 1623 985 nominatim
1649 966 1789 994 quemque

1001 1010 1113 1031 vocans.
1137 1002 1189 1036 Qui
1215 1011 1277 1032 eum
1304 1003 1511 1039 responderent,
1548 1005 1585 1032 ita
1613 1004 1702 1032 dixit:
1729 1005 1785 1040 Ego

1001 1056 1061 1075 sum
1080 1049 1204 1084 angelus,
1233 1049 1259 1076 in
1286 1049 1338 1077 hoc
1364 1050 1466 1077 missus
1494 1055 1524 1077 ut
1553 1058 1649 1078 munes
1673 1050 1783 1085 jubeam

1002 1094 1140 1122 abstinere
1168 1095 1302 1123 societate
1329 1095 1445 1123 Proterii
1474 1100 1500 1123 ct
1521 1095 1785 1124 Chalcedonensimn

1002 1148 1104 1172 rerum,
1121 1140 1266 1168 Timotheo
1281 1146 1373 1168 autem
1387 1140 1484 1169 .Eluro
1498 1141 1685 1176 episcopatum
1709 1142 1787 1169 Alex-

1002 1185 1149 1213 andrinum
1165 1187 1285 1215 tradere.
1302 1186 1389 1215 Porro
1406 1195 1469 1214 cum
1484 1192 1621 1215 catervam
1644 1187 1784 1215 hominum

1002 1231 1222 1260 turbulentorum
1235 1233 1362 1261 mercede
1377 1239 1512 1268 parasset,
1538 1242 1586 1269 per
1611 1234 1785 1270 tyrannidem

1001 1276 1072 1304 solio
1087 1277 1236 1313 episcopali
1248 1279 1351 1313 potitus
1365 1283 1417 1306 est.
1431 1279 1470 1306 Ita
1486 1280 1532 1314 qui
1547 1279 1694 1308 damnatus
1715 1285 1784 1311 erat,

1000 1329 1015 1348 a
1026 1323 1134 1351 duobus
1146 1324 1284 1353 damnatis
1299 1325 1439 1360 deligitur,
1454 1326 1566 1361 ipseque
1579 1326 1720 1362 sull‘ragiis
1731 1334 1785 1353 non

999 1373 1111 1397 creatus
1123 1370 1236 1398 creandi
1250 1371 1372 1406 episcopi
1383 1371 1429 1406 jus
1440 1371 1502 1399 aliis
1518 1371 1633 1404 tribuit,
1652 1372 1786 1406 baptizat-

999 1423 1064 1450 que,
1081 1423 1141 1443 cum
1158 1415 1300 1452 presbyter
1315 1425 1370 1444 non
1389 1422 1472 1444 esset.
1487 1417 1561 1444 Idem
1577 1417 1653 1445 rabie
1666 1418 1785 1452 quadam

999 1459 1094 1487 effreni
1123 1467 1233 1488 sacrum
1262 1461 1410 1489 concilium
1447 1467 1574 1497 quartum
1608 1463 1788 1489 contumeliis

1000 1506 1101 1539 affecit,
1113 1511 1140 1535 et
1156 1506 1311 1535 Protcrium
1329 1509 1377 1535 ira:
1397 1508 1497 1535 divina:
1522 1507 1612 1536 locum
1641 1508 1785 1536 cedentem

999 1560 1116 1588 cumque
1134 1560 1167 1581 eo
1192 1562 1239 1582 sex
1267 1554 1337 1582 alios
1362 1562 1460 1590 magno
1492 1555 1613 1582 Sabbato
1640 1555 1787 1582 interfecit.

997 1599 1083 1634 Cujus
1102 1607 1204 1635 corpus
1220 1601 1327 1628 factiosi
1346 1609 1395 1636 per
1412 1605 1496 1628 lotam
1522 1601 1618 1629 urbem
1648 1607 1785 1637 raptatqu

997 1645 1220 1673 combusserunt.
1242 1645 1290 1673 Illo
1307 1653 1380 1673 anno
1398 1646 1489 1673 allata:
1504 1651 1568 1674 sunt
1593 1647 1695 1674 Sirmio
1717 1648 1784 1675 rcli-

996 1692 1068 1726 quia:
1083 1692 1151 1719 divae
1164 1693 1294 1728 martyris
1306 1693 1468 1725 Anastasiaa,
1487 1693 1570 1728 inque
1597 1693 1658 1728 ejus
1678 1695 1785 1730 templo

996 1738 1138 1772 depositae,
1156 1738 1230 1773 quod
1245 1743 1287 1766 est
1301 1739 1372 1774 apud
1400 1744 1486 1766 rostra
1506 1739 1643 1767 Donmiui.

1029 1827 1113 1863 609
1142 1827 1269 1856 Secundo
1304 1836 1377 1856 anno
1406 1829 1461 1857 Leo
1498 1831 1646 1866 imperator
1672 1833 1779 1866 cognita

995 1873 1096 1909 injusta
1110 1873 1225 1902 Proterii
1264 1875 1338 1902 caede
1362 1876 1508 1911 [Elurique
1533 1877 1626 1911 iniqua
1657 1877 1785 1913 designa-

997 1919 1081 1952 tione,
1101 1919 1177 1947 misit
1201 1920 1247 1954 qui
1268 1921 1385 1949 Proterii
1415 1921 1498 1950 caedis
1527 1923 1646 1951 consciis
1679 1924 1788 1958 linguas

997 1965 1202 1993 exscinderent.
1234 1965 1362 1994 Elurum
1389 1975 1443 1995 non
1468 1968 1568 2002 puniit,
1595 1969 1701 2004 judicio
1725 1970 1785 2004 ejus

997 2011 1138 2046 episcopis
1166 2017 1318 2040 reservato.
1338 2013 1438 2041 Eodem
1456 2022 1530 2042 anno
1545 2015 1648 2051 nuptia:
1676 2016 1787 2044 fuerunt

999 2057 1118 2086 Zenonis
1138 2062 1166 2086 et
1184 2059 1312 2087 Ariadna:
1326 2059 1427 2089 Leonis
1443 2061 1514 2089 ﬁlim.

1033 2148 1128 2176 Tertio
1145 2156 1220 2176 anno
1234 2148 1386 2184 imperator
1403 2150 1499 2178 scribit
1518 2151 1551 2178 ad
1571 2152 1694 2178 omnium
1724 2160 1786 2186 pro—

996 2194 1150 2222 vinciarqu
1165 2195 1322 2230 episcopos.
1337 2196 1460 2231 petitque
1473 2200 1503 2224 ut
1520 2204 1597 2224 suam
1615 2198 1733 2232 quisque
1753 2199 1787 2225 ile

155 2245 261 2273 οἰκείαν
289 2247 405 2282 γνώμην
426 2248 552 2281 ἕκαστον,
567 2249 592 2275 ει
610 2251 667 2281 τοῖς
682 2250 711 2276 ἐν
724 2250 875 2285 Χαλκηδόνι
887 2252 945 2287 ὁρι-

999 2241 1219 2270 Chalcedoneusi
1237 2242 1358 2270 concilio
1381 2248 1409 2270 et
1429 2242 1567 2271 Timothei
1590 2243 1623 2270 ad
1640 2244 1785 2280 episcopa-

157 2291 261 2319 σθείσιν
272 2293 446 2328 ἀρέσκοιντο,
458 2295 505 2321 καὶ
521 2294 586 2329 περὶ
605 2295 654 2330 τῆς
670 2295 719 2322 τοῦ
736 2296 868 2331 Δίλούρου
885 2305 944 2332 χει-

157 2338 281 2371 ροτονίας
302 2339 328 2365 τι
352 2339 467 2373 λέγοιεν.
492 2340 537 2366 Ἐν
553 2337 595 2371 οἷς
610 2340 712 2377 καὶτῷ
727 2342 798 2377 ἁγίῳ
821 2341 945 2377 Συμεῶνι

156 2383 195 2418 τῷ
209 2383 325 2420 Στυλίτῃ
344 2385 391 2411 καὶ
404 2385 494 2417 ἄλλοις
515 2386 638 2421 Πατράσι
654 2386 874 2422 θαυματουργοῖς
897 2388 945 2414 καὶ

157 2429 239 2461 Sciet;
250 2429 514 2465 διαμαρτυρόμενος,
529 2431 567 2463 ὡς
581 2432 620 2466 τῷ
632 2432 692 2467 Θεῷ
706 2432 760 2459 τῶν
776 2433 844 2460 ὅλων
869 2442 941 2468 παρ-

155 2477 231 2511 έχειν
238 2477 288 2512 τὴν
296 2477 387 2514 κρίσιν
403 2478 459 2504 τῶν
470 2479 737 2515 ἀμφισϐητουμένων
747 2480 901 2512 ποιοῦντας.
913 2481 944 2507 Ol.

155 2522 183 2548 δὲ
199 2523 333 2559 παμψηφὶ
353 2524 513 2559 ὁμοφρόνως
536 2525 650 2560 κυροῦσι
668 2525 717 2560 μὲν
729 2527 778 2560 τὴν
793 2527 822 2552 ὲν
836 2526 945 2561 Χαλκη-

153 2568 208 2594 δόνι
216 2568 299 2601 ἁγίαν
311 2568 420 2595 αύνοδον
434 2566 516 2601 εἶναι,
527 2570 630 2596 καὶτὸν
640 2570 687 2597 ὑπ’
700 2571 789 2606 αὐτῆς
799 2570 945 2598 ἐκτεθέντα

152 2613 217 2647 ὅρον
229 2614 417 2649 ἀποδέχονται,
431 2614 564 2649 Τιμοθέου
579 2615 608 2642 δὲ
617 2615 769 2650 συμφώνως
787 2616 944 2652 καταψηφι-

153 2658 247 2690 ζοπαι
258 2660 296 2691 ὡς
310 2660 413 2694 φονέως
425 2661 472 2687 καὶ
488 2660 627 2695 αἱρετικοῦ
665 2661 695 2688 δν
711 2663 758 2688 καὶ
780 2660 912 2698 ἐξώρισεν
930 2663 945 2688 ὁ

154 2706 284 2739 βασιλεὺς
307 2707 347 2738 εὶς
365 2706 504 2740 Γάγγραν.
526 2707 615 2733 Κάκεῖ
631 2706 659 2733 δὲ
678 2707 839 2742 συναγωγὰς
861 2707 944 2743 ἁρξά-

155 2760 236 2784 pavo;
263 2753 350 2778 ποιεῖν
377 2751 530 2788 ἑξορίζεται
553 2754 582 2779 ὲν
605 2752 739 2788 Χερσῶνι.
765 2753 896 2788 Τιμόθεος
916 2754 944 2780 δὲ

154 2797 236 2829 ᾰὶλος
264 2798 279 2824 δ
303 2797 419 2832 ἐπίκλην
436 2798 538 2829 Λευκὸς
566 2799 613 2825 καὶ
639 2799 846 2833 Σαλοφαιιῐολος,
865 2799 944 2833 ὀρθό-

153 2843 231 2876 διιξος
245 2842 287 2879 [Ρ.
303 2843 368 2879 548]
387 2845 432 2870 καὶ
447 2844 548 2878 ἀγαθὸς
569 2845 639 2880 ἀνὴρ
659 2845 799 2879 ὑπάρχων,
813 2846 864 2871 ὑπὸ
879 2845 945 2872 πάν-

156 2896 212 2916 των
243 2890 403 2927 (primusve;

999 2292 1057 2315 tum
1085 2296 1232 2324 progressu
1261 2289 1426 2317 sententiam
1465 2289 1650 2324 perscribam.
1684 2290 1792 2317 Scribit

996 2333 1070 2361 inter
1081 2334 1151 2362 alios
1164 2333 1246 2362 etiam
1266 2334 1299 2361 ad
1317 2333 1482 2368 Symeonetn
1505 2334 1632 2369 Stylitam
1661 2334 1786 2369 aliosque

997 2379 1130 2408 mirificos
1156 2383 1183 2406 et
1206 2385 1318 2407 sanctos
1338 2380 1445 2411 Patres.
1471 2379 1616 2407 obtestans
1639 2384 1668 2406 ut
1689 2380 1726 2407 ita
1752 2381 1786 2407 de

996 2425 1184 2455 controversis
1197 2425 1280 2454 rebus
1291 2425 1428 2460 judicium
1446 2425 1581 2458 facerent,
1606 2429 1637 2452 ut
1661 2427 1709 2461 qui
1731 2427 1785 2454 Deo

996 2472 1132 2500 rationem
1146 2476 1240 2499 essent
1252 2472 1395 2500 reddituri.
1415 2472 1454 2499 Illi
1466 2479 1532 2499 vero
1550 2480 1604 2500 uno
1618 2480 1714 2500 omnes
1725 2473 1784 2500 sul~

999 2517 1086 2553 ΐτιιαὶο
1101 2522 1128 2546 et
1143 2525 1227 2546 sensu
1239 2517 1465 2546 Cbalcedonense
1480 2518 1627 2545 concilium
1654 2518 1783 2554 probant.

997 2564 1171 2593 Timotheum
1199 2564 1340 2592 homicidii
1367 2572 1399 2592 ac
1423 2565 1561 2592 lia-roseos
1587 2565 1781 2593 condemnant.

998 2610 1066 2638 Eum
1084 2611 1234 2646 imperator
1264 2609 1401 2644 Gangram
1432 2610 1572 2645 relegavit.
1597 2610 1650 2638 Sed
1669 2619 1730 2638 cum
1746 2612 1781 2640 ibi

998 2665 1108 2692 quoque
1136 2661 1290 2685 conventus
1323 2664 1404 2692 agere
1430 2658 1577 2691 cmpissct,
1614 2657 1781 2686 Chersoncm

997 2703 1258 2738 deportatur.Alius
1283 2707 1374 2730 autem
1398 2703 1570 2736 Timotheus,
1601 2709 1783 2738 cognatm-nlo

999 2749 1085 2776 Albus
1098 2749 1358 2784 etSalophaciolus,
1380 2750 1422 2776 vir
1442 2749 1530 2776 bonus
1549 2754 1576 2777 et
1592 2750 1624 2777 dc
1651 2750 1782 2784 religione

1000 2801 1073 2823 recte
1094 2796 1216 2822 sentiens
1236 2796 1417 2831 omnthISquc
1442 2796 1553 2829 cbarus,
1581 2795 1782 2823 Alexandrinus

999 2851 1148 2878 cpiscopus
1164 2848 1281 2871 creatur.

433 2893 628 2927 χειροτονεῐιαι
657 2891 859 2928 Ἀλεξανδρείας
887 2891 1046 2922 ἐπῑπκοπος.
