2036 3153
185 160 241 192 639

835 166 996 198 GEORGII
1012 170 1179 201 CEDRENI

1753 173 1808 204 640

187 216 273 243 iurant
301 216 378 244 “60.
392 218 480 253 Atque
497 223 599 246 interea
613 220 720 253 quidem
738 222 868 255 temporis
885 223 969 251 multo

1023 225 1063 256 εἰς
1077 225 1190 260 ἄπειρον
1202 226 1288 252 εἰπεῖν
1306 226 1351 252 τὸν
1367 227 1453 253 αἰῶνα
1471 235 1477 240 ·
1494 226 1565 261 χίλια
1580 226 1632 262 γὰρ
1654 226 1701 253 καὶ
1715 228 1812 255 ἑκατὲν

188 262 337 296 majoribus
354 262 441 290 fuerat
458 267 558 291 tentata
575 264 674 293 bellis:
694 269 759 294 tunc
779 271 868 295 autem
888 273 968 304 capta

187 313 237 338 est.
252 308 331 335 sicuti
350 309 375 335 in
393 309 455 336 fatis
469 309 567 341 fuerat.
584 311 618 338 ob
631 311 822 346 imperantium
834 315 971 342 stolidita-

188 359 250 379 tem.
274 355 342 381 Sunt
357 355 402 389 qui
425 355 532 383 tradant
548 356 703 392 Scipionem
724 360 894 395 Africanum,
907 370 969 390 cum

189 402 282 427 n-nros
315 400 490 436 Carthaginis
519 402 660 438 dejiceret,
692 406 907 442 iliacrymantem
937 409 971 436 de

187 443 270 470 ltzuna
289 445 509 478 pronuntiavisse
525 447 697 477 Homericum
715 458 824 478 versum
842 452 922 480 istum
937 454 947 469 ⁷
961 462 968 480 ε

254 500 406 535 Ᾱίίμιαιιινα
415 503 471 529 colo
485 511 590 531 sacram
603 505 650 532 lux
665 513 767 542 appetet
782 508 883 536 urbem.

186 556 214 582 ld
225 560 289 583 timc
306 558 446 592 impletum
460 566 517 594 est;
529 565 658 596 tantaque
672 564 819 600 urbs,qua3
831 574 967 594 summam

185 601 512 638 obtilmeratpotestatem
524 609 679 635 etonmium
693 618 782 637 rerum
797 613 873 646 copia
885 613 972 639 abun-

186 647 295 675 daverat
309 653 451 684 totumque
465 659 549 687 prope
557 654 650 682 orbem
665 658 799 683 terrarum
815 658 970 693 subegerat,

187 698 251 722 tunc
275 697 367 725 subito
389 702 505 725 vastata.
525 700 632 729 Accidit
654 702 704 730 hoc
727 704 863 731 excidium
882 704 972 733 Romae

185 742 230 770 die
258 745 386 774 vicesima
424 754 500 776 sexta
537 750 638 778 mensis
667 751 792 785 Augusti,
823 752 972 781 indictione

186 798 270 823 nona,
284 799 356 820 anno
371 793 406 821 ab
426 795 539 823 exordio
555 797 648 824 mundi
666 797 746 825 5963.
763 797 826 832 Ejus
841 798 877 826 rei
901 799 972 826 fama

186 845 249 864 cum
268 844 341 865 esset
361 838 516 868 Ravennam
538 843 651 876 perlata,
675 843 784 877 quidam
813 844 922 878 plorans
940 852 972 872 ac

186 883 322 916 quiritans
341 884 461 913 Honorio
482 887 549 914 dixit
565 888 706 921 :Domine,
721 890 806 916 Roma
826 890 971 918 Alarichus

189 927 369 956 Vandalorum
387 931 439 958 dux
459 934 560 966 potitus
580 937 631 961 est.
654 934 789 962 Honorius
803 935 898 964 dolore
911 944 971 964 cor-
987 920 1007 948 Β

188 978 290 1016 reptus.
300 977 446 1011 complosis
455 979 598 1007 manibus:
616 979 763 1013 Hactenus,
775 981 873 1016 inquit.
886 990 917 1010 ea
927 983 972 1010 hic

188 1012 237 1044 fuit
252 1027 259 1045 :
277 1022 413 1053 quonmdo
424 1029 487 1058 ergo
504 1024 530 1050 in
548 1024 698 1052 Gothorum
717 1034 814 1054 manus
827 1027 972 1062 pervenit?

187 1062 254 1090 Tum
265 1065 332 1092 alter
343 1066 525 1100 ingemiscens
539 1070 628 1103 :Non,
640 1072 688 1104 ait,
700 1071 796 1106 loquor
807 1072 840 1099 de
852 1080 910 1105 avc,
924 1074 972 1101 sed

186 1109 220 1137 dc
237 1111 311 1139 urbe.
329 1112 367 1140 ibi
385 1113 710 1151 Honorius:Perculisti,
732 1119 829 1153 inquit,
850 1121 970 1147 animum

188 1164 276 1183 meum
291 1167 297 1184 :
313 1166 374 1185 nam
401 1159 435 1189 de
460 1168 510 1188 ave
538 1162 665 1196 putabam
690 1167 716 1191 te
744 1164 827 1199 loqui.
850 1164 971 1193 Habebat

185 1201 256 1228 enim
269 1201 404 1231 HonOrius
417 1212 493 1232 avem
511 1213 564 1241 qua
580 1206 775 1240 delectabatur,
792 1210 971 1244 quantilomaa

187 1248 296 1277 nomine
310 1250 439 1278 all‘ccerat
453 1262 459 1279 :
472 1253 566 1287 ingens
577 1249 830 1291 stoliditatis,589
840 1265 872 1284 ne
881 1257 969 1284 dicam

186 1294 300 1322 insania:
332 1295 450 1325 hominis
480 1304 683 1333 argumentum.
712 1301 805 1336 Neque
828 1307 871 1331 est
899 1303 971 1338 quod

186 1342 294 1369 mireris
317 1343 397 1370 talem
425 1344 559 1372 hominem
581 1347 724 1381 imperium
751 1349 882 1381 tenuisse,
908 1357 970 1378 cum

185 1386 230 1413 alii
253 1395 362 1422 quoque
387 1388 479 1416 Romae
501 1391 694 1426 imperaverint
712 1402 827 1428 quorum
848 1395 970 1423 facinora

185 1436 209 1458 et
227 1433 327 1459 insania
343 1434 505 1468 cupiditates
520 1438 641 1465 auditum
653 1439 793 1466 offendunt
806 1450 812 1468 :
827 1441 968 1468 considera

185 1478 256 1504 enim
274 1478 404 1513 Nerones,
428 1481 533 1514 Avitos,
552 1483 663 1517 Galbas,
681 1484 802 1514 Othoncs
827 1491 853 1514 et
876 1487 898 1514 si
921 1487 968 1523 qui

185 1525 230 1552 alii
247 1525 330 1560 hujus
344 1526 438 1554 farinae
456 1527 577 1556 fuerunt.

220 1657 305 1693 Capta
323 1659 419 1693 Roma,
438 1659 575 1689 Honorius
588 1670 619 1690 ex
637 1670 707 1697 aqua
731 1663 862 1692 intercute
883 1666 969 1692 mori-

184 1708 240 1736 tur,
260 1705 322 1732 cum
344 1706 458 1734 vixisset
476 1715 562 1735 annos
587 1709 766 1744 quadraginta
779 1730 787 1742 ,
809 1710 968 1745 imperasset

185 1749 298 1784 triginta
315 1757 410 1783 unum,
429 1752 492 1778 vita:
516 1759 572 1780 sua:
588 1753 681 1780 relicta
701 1754 796 1781 infami
811 1759 837 1782 et
854 1756 968 1784 illauda-

185 1795 232 1821 bili
250 1796 391 1823 memoria.
407 1794 491 1825 Morte
507 1797 567 1833 ejus
583 1798 852 1834 Cpolin'annuntiata
869 1802 968 1828 tumul-

185 1843 288 1868 tuatum
316 1845 373 1869 tota
396 1843 463 1870 urbe
479 1848 520 1870 est
544 1852 591 1879 per
610 1845 669 1873 dies
690 1853 746 1873 sex.
772 1847 831 1879 Quo
847 1850 968 1882 tempore

185 1886 459 1923 Honoriusdecessit,
475 1890 645 1919 Theodosius
658 1900 757 1919 annum
773 1893 968 1928 agebatmtatis

183 1934 344 1962 vicesimum
368 1940 506 1970 quartum,
529 1937 634 1971 imperii
653 1938 788 1965 decimum
811 1940 966 1975 septimum.

185 1981 249 2015 Ejus
265 1985 355 2008 autem
376 1982 541 2017 paedagogus
561 1983 724 2017 Antiochus,
743 1985 768 2012 id
787 1985 858 2020 quod
875 1986 900 2012 in
923 1994 969 2013 co-

185 2027 283 2054 mmdia
296 2031 348 2060 est,
365 2027 505 2056 Turbabat
521 2031 610 2056 omnia
628 2030 770 2064 fulgurans
787 2036 812 2058 et
828 2032 966 2061 intonans.

184 2072 276 2107 Itaque
287 2073 430 2108 imperium
441 2076 524 2108 prope
538 2075 639 2102 nudum
655 2076 716 2108 fuit,
727 2077 874 2112 omniaque
885 2078 969 2105 latro—

184 2127 248 2145 num
265 2118 356 2154 plena.

218 2166 297 2193 Anno
334 2165 431 2201 quinto
467 2167 553 2195 Juthei
587 2167 759 2196 Alexandriae
797 2169 969 2198 Christianos

183 2212 301 2245 pessime
315 2214 511 2240 tractav‘ernnt.
525 2213 590 2241 Cum
603 2215 674 2241 enim
692 2221 803 2243 tessera:
817 2216 878 2243 loco
892 2224 969 2244 com-

1020 271 1152 308 ιξήκοντα
1171 273 1218 309 ἐτη
1238 274 1407 309 παρῳχήκει,
1425 273 1453 299 ὲν
1476 271 1517 304 οἷς
1543 273 1628 308 αὐτὴν
1648 274 1812 309 πειραθῆναι

1021 319 1125 346 πολλῶν
1137 320 1268 356 μειζόνων
1279 320 1377 355 συνέϐη
1393 319 1538 355 πολεμίων.
1571 320 1638 346 Νυνὶ
1648 319 1677 345 δὲ
1692 320 1810 355 ἀλούσης

1020 365 1059 401 τῷ
1070 367 1243 402 πεπρωμένῳ
1257 367 1302 393 διὰ
1323 367 1372 401 τῆς
1394 366 1450 392 τῶν
1477 365 1650 401 κρατούντων
1672 366 1810 400 εὐηθείας.

1021 412 1078 446 εἴγε
1096 414 1143 438 καὶ
1157 412 1231 440 ἐστιν
1243 414 1331 439 εἰπεῖν
1346 421 1372 439 τι
1388 412 1463 448 παρὰ
1475 412 1552 439 τοῦτο
1570 412 1707 447 γενέσθαι.
1733 413 1763 439 Οἱ
1782 412 1811 439 δὲ

1022 458 1169 492 Σκηπίωνα
1181 458 1226 485 τὸν
1246 459 1409 494 Ἀφρικανὸν
1422 458 1605 493 ἐπικληθέντα
1628 459 1720 492 φασὶν,
1741 459 1811 492 ὁπη-

1022 504 1084 530 νίκα
1111 504 1226 540 καθῄρει
1240 505 1276 532 τὰ
1292 506 1342 539 τῆς
1357 505 1537 540 Καρθαγένης
1551 504 1639 539 τείχη,
1662 504 1811 539 ἐπιδακρύ-

1023 559 1107 578 σαντα
1122 551 1208 578 εἰπεῖν
1218 551 1264 578 ἐπὶ
1274 553 1306 586 τῇ
1328 551 1420 586 Ῥώμῃ
1431 552 1460 578 τὸ
1473 551 1621 586 Ὁμηρικὸν
1636 551 1699 582 ἔπος
1712 552 1809 577 ἐκεῖνο·

1076 608 1220 635 Ἕσσεται
1232 606 1314 643 ἦμαρ
1330 608 1404 635 ὅταν
1416 607 1481 634 ποτ’
1492 607 1591 642 ὀλώλῃ
1607 609 1700 641 Ἴλιος
1718 607 1778 641 (pri.

1021 662 1107 690 Τοῦτο
1119 664 1183 698 γοῦν
1198 665 1237 696 εὶς
1255 664 1339 699 πέρας
1349 664 1430 700 ἤχθη,
1440 665 1514 700 καὶὴ
1530 663 1647 700 τοσαύτη
1659 663 1689 690 τὸ
1698 665 1809 698 κράτος,

1022 710 1070 736 καὶ
1094 710 1182 736 πάντα
1199 710 1233 736 τὰ
1254 710 1372 744 μέγιστα
1394 709 1572 745 εὐπορήσασα
1598 710 1646 735 καὶ
1670 710 1759 735 πᾶσαν
1772 710 1810 740 ώς

1022 755 1108 781 εἰπεῖν
1125 755 1318 790 δουλωσαμὲνη
1331 755 1381 790 τὴν
1396 755 1571 790 οἰκουμένην,
1592 753 1719 786 καθάπαξ
1738 755 1809 789 ἠρή-

1024 809 1099 836 μωτο
1122 801 1226 837 Ῥώμη.
1240 802 1344 828 Ἐπαθε
1361 801 1450 838 δὲτὴν
1465 801 1596 836 τοιαύτην
1615 801 1716 828 ἅλωσιν
1743 803 1810 835 μηνὶ

1022 846 1169 882 Αὐγούστῳ
1184 851 1239 880 κς’,
1258 847 1364 882 ἰνδίκτῳ
1380 846 1413 879 θ’,
1431 847 1485 874 ἔτει
1501 847 1554 873 ἀπὸ
1574 847 1690 878 κτίσεως
1707 847 1810 882 κόσμου

1023 892 1115 928 ¹εέξεκ
1135 892 1324 925 Ἀκουσθέντος
1339 894 1367 919 δὲ
1389 894 1483 920 τούτου
1503 895 1532 920 ὲν
1562 893 1692 929 Ῥαϐέννῃ
1717 894 1810 928 ἀπήγ-

1023 938 1095 973 γειλέ
1110 947 1150 970 τις
1161 940 1198 974 τῷ
1216 939 1336 974 Ὀνωρίῳ
1351 939 1527 974 δακρυρροῶν
1547 940 1592 966 καὶ
1608 939 1790 974 ποτνιώμενος
1800 946 1808 955 ⁸

1022 983 1056 1010 Ὦ
1068 985 1196 1016 δέσποτα,
1212 985 1283 1011 ἑάλω
1304 985 1397 1020 Ῥώμη
1425 985 1478 1011 ὑπὸ
1506 985 1648 1020 Ἀλαρίχου
1678 985 1726 1011 τοῦ
1754 985 1809 1011 τῶν

1022 1030 1173 1057 υῦανδίλων
1191 1031 1330 1066 ἄρχοντος.
1344 1031 1386 1066 [1³.
1406 1031 1468 1067 356]
1494 1032 1522 1059 '0
1537 1032 1565 1057 δὲ
1582 1031 1748 1062 συσπασθεὶς
1762 1032 1810 1057 καὶ

1021 1077 1060 1104 τὼ
1074 1079 1147 1113 χεῖρε
1161 1079 1297 1112 κροτήσας
1305 1077 1368 1112 ἔφη·
1388 1075 1451 1104 Ὧδε
1472 1075 1506 1113 ἦν
1524 1078 1575 1108 ἕως
1590 1078 1662 1112 ἄρτι,
1680 1078 1725 1104 καὶ
1751 1078 1810 1108 πιῖις

1022 1121 1183 1158 παρελήφθη
1199 1122 1252 1149 ὑπὸ
1266 1123 1320 1149 τῶν
1330 1122 1456 1155 Γότθωνς
1478 1123 1505 1149 ’0
1521 1123 1549 1149 δὲ
1571 1122 1700 1155 στενάξας
1718 1121 1807 1150 εἶπεν·

1021 1169 1059 1194 Ob
1079 1168 1128 1203 τὴν
1140 1168 1212 1203 ὄρνιν
1225 1168 1308 1202 λέγω,
1321 1168 1448 1200 δέσποτα,
1457 1169 1525 1195 ἀλλὰ
1539 1167 1586 1203 τὴν
1604 1169 1691 1195 πόλιν.
1724 1169 1753 1195 'U
1779 1169 1809 1196 δὲ

1021 1213 1122 1249 ἀντέφη
1137 1221 1144 1228 ·
1166 1213 1330 1249 Ἐξέστησάς
1358 1223 1402 1249 με,
1431 1214 1556 1249 ἄνθρωπε
1572 1222 1578 1230 ·
1605 1214 1659 1248 ἐγὼ
1684 1215 1809 1249 ἐνόμιζον

1023 1259 1064 1285 ὅτι
1083 1259 1132 1294 τὴν
1149 1259 1243 1295 ὁρνιθα
1273 1259 1372 1294 λέγεις.
1392 1258 1455 1296 Εἶχε
1478 1261 1531 1295 γὰρ
1556 1260 1715 1297 ἀλεκτορίδα
1734 1258 1807 1296 ὲφ¹ᾖ

1023 1305 1262 1341 ὴγάλλετο,ἧνπερ
1275 1305 1367 1332 ἐκάλει
1393 1306 1523 1340 Ῥώμην·
1555 1306 1681 1332 τοσοῦτον
1711 1307 1809 1341 περιῆν

1023 1351 1097 1385 αὑτῷ
1111 1350 1141 1377 τὺ
1155 1352 1203 1386 τῆς
1218 1351 1392 1386 ἀΰελτηρίας,
1412 1351 1454 1378 ἵνα
1470 1351 1507 1386 μὴ
1518 1351 1588 1385 λέγω
1601 1352 1691 1383 ἀνοίας
1703 1353 1809 1387 τεκμή-

1024 1406 1090 1432 ριον.
1108 1397 1162 1424 Καὶ
1175 1398 1205 1424 οὐ
1221 1398 1376 1432 θαυμαστὸν
1392 1399 1416 1424 εί
1440 1397 1560 1430 τοιοῦτος
1582 1398 1618 1424 ὢν
1643 1398 1808 1429 ἐϐασίλευεν,

1023 1446 1084 1471 ἐπεὶ
1100 1445 1147 1471 καὶ
1162 1444 1237 1472 ἄλλοι
1253 1445 1324 1476 τινὲς
1340 1445 1530 1480 προηγήσαντο
1563 1444 1682 1480 Ῥώμης,
1693 1454 1696 1456 ’
1708 1441 1745 1471 ὧν
1759 1445 1809 1476 τὰς

1024 1491 1139 1526 πράξεις
1162 1491 1209 1517 καὶ
1234 1490 1283 1521 τὰς
1315 1490 1428 1524 ἀλόγους
1460 1491 1546 1525 ὁρμὰς
1575 1490 1714 1526 ἁμήκανον
1740 1491 1807 1525 ἀκοῇ

1023 1536 1228 1571 παραδέξασθαι
1244 1544 1251 1551 ·
1266 1537 1328 1568 τοὺς
1341 1536 1468 1572 Νέρωνας
1484 1537 1531 1562 καὶ
1545 1536 1607 1567 τοὺς
1630 1536 1751 1567 Ἀὃῖτους
1762 1545 1808 1570 μοι

1023 1584 1078 1609 νόει
1090 1583 1135 1610 καὶ
1150 1583 1169 1609 Γ
1172 1582 1255 1614 άλῧας
1268 1583 1323 1617 (55)
1338 1583 1383 1609 καί
1400 1582 1532 1614 Ὄθωνας,
1553 1582 1600 1608 καὶ
1624 1582 1650 1608 ετ
1667 1590 1708 1613 τις
1730 1582 1808 1614 ἄλλος

1024 1629 1081 1655 ἐστὶ
1100 1627 1201 1654 τούτων
1219 1629 1312 1662 ἑσμὸς.

1056 1674 1133 1701 Μετὰ
1148 1674 1197 1710 τὴν
1213 1674 1314 1701 ἆλωσιν
1330 1674 1439 1710 Ῥώμης
1465 1675 1578 1710 τελευτᾷ
1606 1676 1731 1711 Ὀνώριος
1750 1676 1807 1701 ὑδε-

1022 1720 1126 1755 ριὰσας,
1144 1719 1245 1755 βιώσας
1258 1720 1305 1756 ἐτη
1328 1724 1364 1755 μ’.
1383 1721 1546 1756 βασιλεύσας
1562 1721 1590 1748 δὲ
1616 1721 1668 1753 λα’,
1696 1722 1808 1756 μνήμην

1020 1765 1105 1792 λιπὼν
1121 1765 1160 1800 τῷ
1176 1766 1226 1801 βίῳ
1241 1765 1359 1793 δυσκλεᾶ
1375 1767 1422 1792 καὶ
1433 1767 1561 1801 ἄσεμνον.
1579 1767 1753 1802 Δηλωθείσης
1779 1768 1807 1795 δὲ

1018 1811 1067 1845 τῆς
1079 1811 1162 1837 αὑτοῦ
1176 1811 1304 1843 τελευτῆς
1330 1812 1359 1838 ὲν
1382 1812 1664 1839 Κωνσταντινουπό).ει
1698 1813 1806 1848 ἐσείσθη

1020 1856 1095 1882 πᾶσα
1109 1856 1125 1890 ἡ
1139 1856 1214 1886 πόλις
1225 1857 1330 1891 ἡμέρας
1344 1859 1380 1888 ς’.
1397 1856 1535 1888 Θεοδόσιος
1551 1857 1579 1882 δὲ
1598 1857 1669 1884 κατὰ
1683 1858 1727 1883 τὸν
1745 1867 1807 1884 xz:-

1021 1900 1066 1935 ρὸν
1082 1900 1132 1935 τῆς
1156 1901 1284 1936 Ὀνωριου
1294 1900 1423 1936 τελευτῆς
1437 1899 1487 1936 ἦτε
1500 1902 1547 1936 τῆς
1565 1902 1669 1937 ἡλικίας
1688 1902 1746 1934 ἔτος
1757 1903 1808 1929 κδ’.

1019 1947 1068 1981 τῆς
1082 1946 1110 1972 δὲ
1128 1947 1270 1981 βασιλείας
1288 1946 1331 1980 ιζ’.
1349 1947 1377 1974 '0
1394 1947 1423 1972 δὲ
1444 1947 1539 1973 τούτου
1556 1948 1672 1982 τροφεὺς
1708 1949 1809 1975 Ἀντίοο

1019 2001 1076 2026 χος,
1093 1993 1163 2019 κατὰ
1172 1993 1222 2027 τὴν
1237 1993 1382 2028 κωμῳδίαν
1398 1993 1465 2030 (54),
1483 1994 1668 2029 Ἤστραπτεν,
1682 1994 1806 2030 ἐϐρόντα,

1021 2036 1157 2065 συνεκύκα
1184 2038 1218 2064 τὰ
1241 2038 1402 2073 πράγματα.
1435 2038 1533 2072 Ἐγγὺς
1559 2039 1648 2066 τοίνυν
1676 2040 1808 2075 ἀναρχίας

1020 2085 1067 2109 καὶ
1081 2083 1187 2120 λῃστῶν
1200 2084 1291 2120 πλήρη
1307 2083 1342 2111 τὰ
1357 2084 1455 2111 πάντα.

1056 2171 1102 2208 Τῷ
1115 2171 1136 2198 ε’
1149 2172 1205 2198 ἔτει
1226 2172 1347 2199 Ἰουδαῖοι
1361 2172 1390 2199 ἐν
1410 2172 1598 2208 Ἀλεξανδρείᾳ
1626 2173 1711 2200 πολλὰ
1736 2174 1809 2200 κακὰ

1021 2219 1194 2253 Χριστιανοῖς
1210 2218 1392 2250 ἐπεδείξαντο.
1409 2219 1571 2253 Συνθὲμενοι
1588 2219 1643 2254 γὰρ
1664 2219 1731 2255 πρὸς
1758 2221 1807 2246 ἀλ-

184 2258 340 2291 posuissent
362 2259 455 2285 annuli
481 2259 514 2286 de
540 2260 634 2294 palma:
658 2260 753 2288 fronde
777 2263 967 2297 gestationem,

1022 2264 1119 2299 λήλους
1130 2263 1274 2299 γνώρισμα
1290 2265 1383 2299 φορεῖν
1401 2264 1542 2291 δακτύλιον
1559 2265 1613 2291 ἀπὸ
1630 2266 1759 2300 φοίνικος,
1773 2267 1807 2301 τῇ

183 2309 263 2331 noctu
274 2312 321 2339 per
333 2313 473 2339 praecones
486 2306 632 2334 exclamari
647 2313 812 2335 curaverunt
826 2309 968 2337 ecclesiam

181 2358 244 2378 esse
266 2351 418 2384 incensam,
442 2356 470 2379 et
489 2351 660 2381 Christianos
680 2354 714 2381 ad
745 2355 968 2391 restinguendum

183 2397 337 2425 incendium
352 2404 549 2427 concurrentes
564 2400 769 2428 interfecerunt.
781 2401 820 2429 Rc
831 2406 968 2437 comperta

182 2444 359 2478 magistratus
381 2445 532 2472 Christiani
549 2445 660 2474 Judaeos
676 2446 840 2474 Alexandria
855 2448 968 2483 expule-

181 2495 255 2521 runt,
277 2498 429 2525 eorumque
445 2492 514 2519 bona
535 2492 753 2527 publicat/erunt.
775 2494 877 2521 Eodem
894 2495 970 2522 anno'

181 2536 257 2562 iurata
267 2536 408 2564 Pulcheria
421 2537 466 2564 toti
485 2546 575 2565 rerum
588 2546 700 2566 summa
709 2539 826 2574 praefuit,
838 2539 966 2568 submoto

181 2581 262 2609 Fursa
277 2583 421 2611 Antiocho.
432 2583 533 2612 Eodem
548 2593 620 2613 anno
633 2585 702 2621 Magi
715 2586 742 2613 in
759 2585 842 2621 590
853 2585 966 2614 Perside

213 2641 222 2654 ⁷
241 2639 320 2668 Iliad.
340 2649 366 2668 ν.

1024 2312 1099 2337 νυκτὶ
1114 2311 1179 2346 βοᾷν
1194 2312 1402 2345 παρεσκεύασαν
1414 2312 1537 2347 κήρυκας
1565 2312 1606 2339 ὅτι
1633 2313 1649 2347 ἠ
1676 2312 1809 2348 ἐκκλησία

1022 2357 1192 2392 ἀνεπρήσθη,
1204 2357 1258 2383 τῶν
1273 2357 1301 2383 δὲ
1323 2357 1494 2392 Χριστιανῶν
1512 2357 1720 2392 συνδραμόντων
1744 2359 1808 2384 τούς

1022 2411 1085 2435 τους
1100 2403 1125 2429 οῑ
1146 2403 1266 2430 Ἰουδαῖοι
1282 2403 1464 2437 κατέσφαξαν.
1482 2403 1656 2438 Φωραθέντος
1681 2403 1728 2430 οὖν
1758 2403 1807 2430 τοῦ

1021 2448 1159 2484 δράματος
1171 2449 1196 2475 oi
1225 2449 1383 2483 Χριστιανοὶ
1398 2449 1527 2484 ἄρχοντες
1548 2448 1660 2480 τούτους
1673 2448 1725 2483 τῆς
1744 2448 1806 2475 ’Δλ-

1020 2494 1176 2530 εξεινδρείας
1191 2494 1326 2530 ἐξήλασαν
1342 2494 1389 2521 καὶ
1402 2494 1450 2526 τὰς
1466 2494 1630 2524 ὑποστάσεις
1638 2494 1728 2520 αὐτῶν
1745 2494 1808 2528 ἐδή-

1021 2549 1134 2575 μευσαν.
1162 2540 1207 2575 Τῷ
1234 2540 1256 2566 δ’
1278 2540 1353 2576 αὐτῷ
1379 2540 1434 2567 ἔτει
1459 2541 1475 2575 ἡ
1504 2541 1626 2576 μακαρία
1655 2540 1807 2575 Πουλχερία
1837 2561 1842 2566 ,

1019 2586 1129 2617 τελείως
1147 2585 1202 2612 τῶν
1217 2586 1388 2622 πραγμάτων
1404 2587 1527 2622 ἐκράτει,
1543 2586 1589 2613 τοῦ
1615 2586 1721 2621 Πέρσου
1747 2586 1807 2612 Ἀν-

735 2698 916 2726 XYLANDRI
945 2699 989 2727 ET
1005 2699 1111 2728 GOARI
1126 2699 1243 2727 NOTAE.

214 2741 273 2776 (53)
290 2741 403 2770 Galbam
430 2748 479 2768 cur
500 2743 641 2771 sceleratis
667 2749 882 2774 annumeraret.
909 2752 964 2771 nnn

178 2778 258 2804 tideo
268 2785 348 2812 quam
364 2777 467 2811 justam
488 2777 613 2809 habuerit
627 2785 751 2806 causata.
764 2779 868 2810 Γάλλας
884 2784 926 2806 est
938 2779 965 2806 in

178 2813 283 2873 (x-odicc,
306 2817 333 2840 et
360 2812 477 2840 vicinius
506 2819 560 2840 non
581 2813 715 2841 habebam
740 2821 822 2849 quam
846 2814 963 2846 Γάλϐας.

205 2855 243 2874 γι..

213 2882 269 2918 (Si)
281 2883 356 2919 Apud
374 2882 584 2919 Aristophanmn
602 2883 634 2911 de
647 2883 761 2912 Pericle.
777 2884 855 2916 Quod
873 2885 965 2920 sequi-

1020 2749 1066 2771 tur
1081 2746 1107 2773 in
1133 2745 1260 2773 Eudocia:
1284 2745 1399 2773 historia
1415 2745 1449 2772 de
1464 2745 1578 2772 Paulino
1593 2746 1733 2781 magistro,
1753 2746 1804 2773 ob-

1020 2785 1156 2808 sv~rvatnm
1169 2785 1212 2808 est
1229 2788 1260 2808 ex
1272 2781 1390 2813 Zonara,
1406 2780 1550 2807 Ammiano
1560 2780 1675 2815 aliisque
1687 2783 1805 2815 scripto.-

1021 2816 1108 2849 ribns,
1122 2816 1308 2851 magisterium
1330 2816 1425 2843 aulica:
1441 2817 1585 2850 potestatis
1607 2823 1638 2844 ac
1663 2816 1804 2851 dignitatis

1021 2852 1155 2886 primariae
1169 2859 1269 2879 nomen
1285 2859 1354 2879 esse.
1373 2851 1440 2878 XrL.
