2036 3153
222 151 269 184 641

770 152 1039 185 HISTORIARUM
1062 157 1325 191 COMPENDIUM.

1795 168 1850 201 6ίὲ

221 206 308 240 τιόχου
325 205 447 234 ἐκποδὼν
465 207 619 240 γεγονότος.
637 207 731 242 Τούτῳ
746 208 785 244 τῷ
798 209 916 244 ἐνιαυτῷ
944 210 996 236 πολ

221 251 228 260 ι
247 251 254 260 .
276 253 283 258 .
319 252 340 260 η
397 252 417 260 ..
446 252 467 260 ι,
592 253 599 260 ι
623 253 630 260 .
659 253 667 260 .
713 253 725 259 -
791 255 798 260 .
901 255 907 260 .

1044 229 1049 240 ι
1062 213 1162 241 multos
1179 214 1352 244 Christianos
1362 218 1494 254 martyrio
1507 217 1666 254 aﬂ'ecerunt,
1681 226 1707 250 et
1720 232 1848 260 magnum

221 251 259 278 λοι
274 253 303 277 ἐν
319 252 428 287 Περσίδι
445 252 604 287 Χριστιανοὶ
620 253 673 280 ὑπὸ
691 253 746 280 τῶν
763 255 858 290 μάγων
873 255 1010 290 μάρτυρες

219 297 354 332 γεγόνασι.
375 298 420 334 Τῷ
432 298 454 325 δ’
472 298 545 333 αὐτῷ
563 299 619 326 ἔτει
635 300 716 327 πάλιν
740 300 794 327 ἀπὸ
822 301 870 328 τοῦ
898 302 1009 337 ἐμπρη-

220 342 287 378 σμοῦ
300 342 475 378 ὁνεκαινίσοη
491 344 507 379 ή
523 344 637 379 Μεγαλη
647 345 788 380 ἐκκλησία.

252 391 296 426 Τῷ
308 391 330 424 ζ’
344 392 400 419 ἔτει
419 392 540 419 Ἰουδαῖοι
552 393 592 425 είς
606 392 650 419 τὸν
666 392 763 427 Ἴμμον
779 392 869 419 πεδίον
879 393 1010 428 Χριστια-

219 437 260 464 νὸν
274 438 355 464 παῖδα
373 438 560 470 συλλαϐόντες,
577 438 615 469 ὡς
629 438 774 470 παίζοντες
795 438 878 472 ὂῆοεν
904 439 950 465 καὶ
963 437 1008 465 τὸν

220 484 333 518 σταυρὸν
349 484 534 518 διασύροντες,
550 484 646 511 τοῦτον
662 485 822 519 ἐκρέμασαν
841 485 888 511 ἐπὶ
915 484 1006 518 ξύλου,

218 531 356 562 ἀνελόντες
384 530 523 565 βασάνοις.
556 530 641 558 Τοῦτο
656 532 738 565 γνοὺς
762 531 777 558 ό
794 531 921 566 βασιλεὺς
942 531 1007 562 τοὺς

223 576 362 607 Ἰουδαίους
378 577 538 611 πρεπόντως
554 577 679 605 ἐκόλασε.

250 621 295 655 Τῷ
310 620 339 647 ιδ’
355 621 410 648 ἔτει
425 622 502 656 λιμὸς
514 622 625 656 γέγονεν
650 622 680 648 ὲν
707 621 811 656 Πόντῳ,
841 621 911 648 ὥστε
943 622 1006 653 τοὺς

216 667 396 701 Παφλαγόνας
429 668 637 703 εὐνουχίσαντας
657 667 692 694 τὰ
717 667 770 694 ῐδια
791 667 874 694 τέκνα
903 668 1006 703 πιπρά-

216 721 300 739 σκειν.
319 713 411 748 Τούτῳ
422 713 460 747 τῷ
474 712 529 739 ἔτει
543 712 720 747 ἐτελεύτησεν
732 713 762 738 ἐν
785 712 913 743 ’Λθήναις
924 712 1006 739 Λέον-

214 766 270 790 τιος
284 758 298 784 ὸ
318 759 474 793 φιλόσοφος,
487 758 518 790 ὃς
527 758 647 793 ἔγραψεν
665 759 694 784 ἐν
718 759 750 794 τῇ
767 758 887 794 διαθήκῃ
910 758 1004 784 αὐτοῦ’

214 805 269 839 Τὴν
278 805 328 839 μὲν
344 804 437 831 οὐσίαν
453 813 504 839 μου
518 805 608 831 πᾶσαν
623 803 822 839 καταλιμπάνω
850 806 908 836 τοῖς
937 805 1005 835 υἱοῖς

214 859 275 885 μου,
286 851 459 886 ’Δοηναῖδιδὲ
471 852 502 885 τῇ
519 851 571 885 ἐμῇ
593 850 708 885 θυγατρὶ
725 850 798 884 ἀφίω
809 849 920 884 δοθῆναι
936 859 1004 885 χρυ-

213 895 271 923 σίου
285 896 440 930 νομίσματα
455 896 553 922 ἑκατόν
570 903 577 910 ·
591 896 672 930 ἀρκεῖ
686 895 739 930 γὰρ
755 897 822 931 αὐτῇ
839 896 854 930 ἡ
871 895 941 930 τύχη
955 896 1003 922 αὺ-

211 941 269 976 τῆς.
286 941 395 976 Ταύτην
411 942 460 975 τὴν
472 941 619 975 Ἀθηναΐδα
634 941 664 973 ἐξ
684 941 803 976 Ἀθηνῶν
830 942 1003 976 εἰσαχοείσαν

211 986 365 1021 θεασαμένη
382 987 399 1020 ἡ
427 986 580 1021 Πουλχερία
604 986 698 1012 κάλλει
731 985 772 1021 [Ρ.
787 985 852 1021 557]
877 987 1003 1021 σώματος

210 1032 412 1067 διαπρέπουσαν
440 1032 488 1058 καὶ
503 1031 610 1058 συνέσει
623 1031 713 1066 ψυχῆς
739 1031 941 1067 καλλυνομένην
955 1033 1002 1059 καὶ

208 1079 279 1114 λόγῳ
303 1079 515 1114 κεκοσμημένην
526 1099 533 1111 ,
549 1078 616 1113 πρὸς
632 1078 677 1104 τὸν
693 1079 909 1113 ἀρχιεπίσκοπον
920 1080 997 1106 Κων-

209 1125 454 1155 σταντινουπόλεως
480 1125 603 1150 Ἀττικὸν
627 1123 810 1151 ἀποστείλασα
837 1125 993 1156 ἐϐάπτισεν,

209 1170 340 1199 Εύδοκιαν
367 1170 575 1205 μετονομάσασα
593 1177 600 1185 ⁸
633 1170 729 1205 ἥντινα
756 1171 803 1197 καὶ
828 1171 867 1205 τῷ
896 1171 997 1206 ταύτης

209 1217 314 1251 ἀδελφῷ
335 1217 382 1243 καὶ
397 1216 502 1251 βασιλεῖ
523 1217 681 1249 συνέζευξεν
696 1217 736 1248 είς
747 1217 874 1251 γυναῖκα.
905 1217 998 1252 Τούτῳ

1062 260 1190 294 templum
1208 262 1243 290 ab
1259 263 1387 291 incendio
1404 265 1535 294 refectum
1548 272 1600 296 est.

1096 390 1220 426 Septimo
1234 400 1307 422 anno
1317 395 1402 424 Judmi
1412 398 1438 425 in
1449 405 1545 434 campo
1556 399 1641 428 immo
1649 401 1840 433 Christianum

1060 443 1174 470 puerum
1188 443 1309 473 captum,
1320 440 1429 469 ludibrii
1444 450 1476 471 ac
1491 446 1582 472 erucis
1595 446 1752 476 deridenda;
1764 457 1845 479 causa

1058 483 1292 517 excarniﬁcatum,
1312 486 1346 513 de
1369 487 1442 524 ligno
1466 492 1679 525 suspenderunt.
1698 487 1772 526 Quos
1793 497 1845 522 iiii-

1057 533 1178 563 perator,
1192 537 1222 558 re
1241 531 1387 566 patefacta,
1407 534 1498 569 dignis
1514 537 1587 565 ultus
1599 545 1641 566 est
1655 541 1808 576 suppliciis.

1092 622 1172 648 Anno
1184 621 1217 649 Η
1237 621 1322 650 fames
1338 623 1388 651 fuit
1404 623 1431 652 in
1449 623 1536 653 Ponto
1554 631 1628 654 tanta
1644 633 1671 656 ut
1692 628 1842 664 Paphlago-

1056 669 1184 696 nes'suos
1196 668 1266 697 filios
1283 671 1567 707 castraverintitaquc
1587 675 1769 703 vendiderint.
1790 677 1840 704 En.

1056 713 1117 740 dcm
1138 721 1212 741 anno
1235 720 1361 742 mortuus
1383 721 1425 744 est
1443 716 1556 745 Athenis
1575 719 1705 747 Leontius
1723 722 1842 755 plIiIOsn-

1055 760 1136 794 phus.
1169 759 1194 788 Is
1223 765 1388 788 testamento
1413 770 1465 790 suo
1483 771 1579 791 omnes
1608 765 1752 794 facultates
1780 769 1842 795 tiliis

1055 805 1163 840 legavit,
1184 806 1331 834 Albenaidi
1353 807 1415 835 illim
1435 813 1539 835 tantum
1560 817 1657 837 aureos
1672 811 1733 841 100.
1750 813 1840 840 addita

1055 850 1105 878 hac
1114 858 1197 879 causa
1211 860 1220 879 :
1240 851 1296 879 Sua
1316 853 1339 880 ei
1355 853 1471 881 Suiiiciet
1490 854 1607 882 fortuna.
1624 855 1698 884 Hanc
1713 857 1842 884 Athena-

1054 897 1114 924 dem
1122 896 1237 926 Athenis
1247 897 1342 934 Cpolin
1355 899 1500 927 adductam
1509 908 1571 929 cum
1581 902 1685 930 videret
1695 903 1838 931 Pulcheria

1052 950 1078 972 et
1093 945 1180 972 forma
1195 947 1320 980 corporis
1336 952 1468 981 praestare
1486 953 1513 975 et
1531 949 1640 984 ingenio
1659 959 1720 978 esse
1733 954 1841 987 egregio

1052 995 1135 1024 atque
1154 991 1282 1019 facuttdia
1299 997 1423 1020 ornatam
1437 1014 1444 1024 .
1461 994 1494 1020 ad
1515 995 1750 1032 archiepiscopum
1766 999 1840 1024 urlns

1050 1036 1170 1064 Atticum
1193 1038 1305 1065 missam
1336 1038 1506 1073 baptizavit,
1537 1040 1718 1076 Eudocimque
1742 1052 1839 1071 nomen

1049 1082 1126 1114 fecit,
1157 1082 1372 1117 imperatoriqne
1398 1083 1473 1111 fratri
1499 1092 1549 1111 suo
1576 1091 1689 1120 imptum
1717 1088 1838 1115 tradidit.

1050 1127 1152 1154 Eodem
1172 1134 1246 1154 anno
1261 1126 1370 1154 Atticus
1385 1128 1531 1162 episcopus
1547 1129 1662 1157 Joannis
1677 1131 1838 1167 Chrysosto.

1052 1171 1087 1198 mi
1103 1179 1202 1199 nomen
1218 1172 1244 1199 in
1262 1179 1355 1200 sacras
1371 1173 1477 1200 tabulas
1496 1174 1599 1202 retulit.
1616 1175 1707 1204 Attico
1724 1179 1839 1212 patriar-

1051 1218 1100 1244 cha
1122 1221 1241 1251 mortuo,
1259 1217 1425 1252 subrogatur
1440 1220 1590 1248 Sisinnius.

208 1264 312 1300 τῷὲτει
328 1263 477 1294 ’Δττικὺςὸ
490 1263 639 1295 ἐπίσκοπος
670 1264 792 1290 Ἰωάννου
818 1264 866 1290 τοῦ
888 1264 1083 1299 Χρυσοστόμου
1096 1264 1126 1290 τὸ
1138 1264 1223 1299 ὄνομα
1240 1264 1269 1291 ὲν
1303 1266 1361 1297 τοῖς
1394 1265 1480 1302 ἱεροῖς
1514 1266 1652 1303 διπτύχοις
1689 1269 1746 1305 (55)
1776 1279 1838 1297 συν-

209 1313 294 1345 έταξε.
311 1312 430 1347 Τελευτᾷ
445 1311 473 1338 δὲ
496 1312 616 1342 Ἀττικὸς
632 1313 645 1338 ὁ
658 1312 842 1347 πατριάρχης,
870 1313 916 1338 καὶ
940 1313 1132 1347 χειροτονεῖται
1146 1312 1275 1345 Σισίνιος.

247 1357 327 1386 ’Δλλὰ
338 1357 457 1393 τοσαύτῃ
477 1358 524 1384 καὶ
549 1357 701 1393 τηλικαύτῃ
728 1356 795 1392 οὔσῃ
824 1358 857 1392 τῇ
883 1357 998 1393 Εύδοκὶᾳ

208 1401 284 1435 λοξδν
301 1404 316 1430 6
327 1403 423 1437 φθόνος
435 1402 562 1438 ὲμῦαλὼν
576 1403 653 1437 ὖμμα
667 1403 786 1429 τοιοῦτον
798 1403 997 1438 κατειργάσατο

206 1449 295 1486 δρᾶμα
311 1448 467 1483 ἐσύστερον.
482 1448 614 1480 Παυλινός
629 1457 670 1479 τις
688 1448 837 1483 μάγιστρος
867 1449 996 1482 ἠγαπᾶτο

207 1495 280 1531 παρὰ
294 1496 344 1530 τῆς
357 1495 486 1526 Εὺδοκίας
500 1496 536 1527 ὡς
552 1496 588 1521 ὢν
607 1495 769 1529 λογιώτατος
792 1496 840 1522 καὶ
861 1495 997 1530 ὡραιότα-

206 1549 262 1573 τος,
272 1537 294 1574 ᾧ
305 1550 356 1567 τινι
370 1541 474 1576 συχνῶς
487 1549 517 1567 τε
529 1541 574 1568 καὶ
586 1541 656 1572 ἰδίως
673 1540 870 1576 συνετύγχανεν
882 1540 919 1571 ὼς
929 1549 997 1575 συμ-

206 1587 336 1622 πράξαντι
348 1588 404 1618 τοῖς
411 1586 510 1621 γάμοις
520 1586 614 1621 αὐτῆς.
630 1586 669 1621 Τῇ
681 1583 728 1613 οὖν
739 1587 830 1621 ἡμέρᾳ
842 1586 895 1613 τῶν
909 1587 994 1620 ἁγίων

205 1632 354 1666 θεοφανιῶν
379 1633 408 1658 ἐν
435 1633 467 1668 τῇ
498 1631 604 1667 μεγάλῃ
640 1632 773 1667 ἐκκλησίᾳ
793 1633 917 1664 ἀπιόντος
945 1633 992 1659 τοῦ

206 1678 335 1713 βασιλέως
345 1678 505 1712 προσήγαγέ
520 1686 562 1709 τις
574 1677 648 1713 αὐτῷ
665 1678 693 1710 ἐξ
713 1678 804 1710 Ἀπίας
822 1679 907 1713 πένης
939 1679 992 1714 μῆ-

204 1725 248 1752 λον
262 1725 318 1761 (56)
334 1725 407 1760 μέγα
423 1725 468 1751 καὶ
486 1724 635 1758 ὑπερφυὲς,
650 1725 718 1760 ὅπερ
730 1725 872 1751 ἀπέστειλε
887 1727 919 1760 τῇ
939 1726 992 1752 Αὑ-

203 1771 318 1807 γοὺστῃ,
338 1770 462 1802 δεδωκὼς
477 1770 516 1805 τῷ
529 1770 623 1805 πένητι
638 1771 794 1805 νομίσματα
808 1771 915 1799 ἑκατόν.
936 1772 992 1797 Αὐ-

203 1817 235 1852 τὴ
259 1817 288 1843 δὲ
303 1816 426 1843 νοσοῦντι
445 1816 505 1843 τότε
520 1816 645 1851 Παυλίνῳ
661 1817 830 1850 ἀπέστειλεν,
844 1818 992 1853 ἀρραϐῶνα

203 1862 251 1897 τῆς
264 1861 347 1889 αὑτοῦ
363 1861 502 1896 τελευτῆς.
539 1862 568 1887 '0
584 1861 612 1888 δὲ
637 1862 770 1894 Παυλῖνος
790 1863 895 1897 ἀγνοῶν
922 1863 991 1898 μετὰ
1024 1894 1027 1898 1

202 1907 367 1944 δύο-ἠμέρας
381 1908 541 1934 ἀπέστειλεν
564 1908 629 1934 αὐτὸ
644 1908 682 1943 τῷ
699 1909 813 1943 βασιλεῖ.
846 1910 876 1936 '0
891 1911 919 1936 δὲ
944 1910 991 1944 βα-

203 1954 292 1985 σιλεὺς
307 1953 387 1980 τοῦτο
397 1953 533 1988 γνωρίσας
551 1953 664 1989 ἔκρυψε,
690 1955 738 1980 καὶ
761 1955 889 1982 εἰσελθὼν
917 1956 990 1990 λέγει

201 2000 234 2035 τῇ
245 1999 400 2036 Δύγούστῃ*
418 1998 473 2026 Ποῦ
485 1999 544 2025 ἐστὶ
559 1999 589 2025 τὸ
605 1999 687 2034 μῆλον
704 1999 772 2035 ὅπερ
793 2008 834 2027 σοι
863 2001 992 2028 ἀπέστει-

201 2044 233 2071 λα
247 2055 255 2078 ί
280 2044 314 2071 Ἦ
328 2045 356 2071 δὲ
370 2043 446 2071 εἶπεν
461 2053 467 2060 ·
485 2046 606 2079 Ἐφαγον
631 2046 707 2072 αὑτό.
724 2047 777 2073 Καὶ
797 2046 880 2073 πάλιν
895 2047 991 2082 ὥρκω-

202 2098 246 2117 σεν
271 2091 357 2126 αὐτὴν
387 2091 435 2125 τὴν
465 2091 602 2125 σωτηρίαν
631 2091 726 2122 αὑτοῦ.
752 2092 852 2126 λέγων·
875 2095 919 2129 Μή
936 2102 990 2120 τινι

201 2136 277 2164 τοῦτο
294 2136 463 2171 πέπομφαςς
493 2137 525 2163 'H
551 2137 578 2164 δὲ
599 2138 678 2164 πάλιν
699 2136 758 2164 εἷπε
787 2141 884 2173 φαγεῖν
913 2139 988 2172 αὐτὸ,

202 2182 350 2218 προσθεῖσα
365 2182 413 2209 καὶ
427 2182 476 2217 τὴν
490 2183 628 2218 σωτηρίαν
644 2183 691 2209 τοῦ
709 2184 850 2218 βασιλέως.
865 2185 931 2211 Trita
949 2186 990 2218 είς

200 2228 282 2264 ὀργὴν
295 2228 417 2264 κινηθεὶς
436 2228 587 2262 ὀβασιλεὺς
615 2229 721 2255 κελεύει
746 2230 777 2255 τὺ
794 2231 878 2265 μῆλον
904 2231 989 2257 εἰσεν-
1006 2249 1027 2276 D

199 2275 322 2310 εχθῆναι,
336 2274 382 2302 τὸν
393 2274 424 2301 δὲ
441 2274 574 2301 Παυλῖνον
586 2275 749 2307 ἀποστείλας
757 2277 790 2311 τῇ
804 2276 882 2303 νυκτὶ
895 2277 988 2313 ἐκείνῃ

199 2319 409 2355 ἀπεκεςξωισεν.
446 2321 560 2346 Ἔκτοτε
587 2320 615 2346 δὲ
641 2321 737 2355 γέγονε
767 2321 870 2356 μεταξὺ
899 2321 988 2348 αὐτῶν

199 2365 268 2400 λύπη
284 2366 331 2394 καὶ
345 2366 545 2401 ἀπομερισμός.
574 2366 677 2393 Γνοῡσα
705 2367 734 2394 δὲ
748 2367 827 2394 τοῦτο
843 2369 859 2403 ἡ
887 2367 989 2402 Αὔγου-

1084 1357 1371 1391 EnimreroEudociaa.
1387 1360 1449 1388 talis
1464 1364 1557 1389 actam
1573 1363 1707 1397 prasclarze
1720 1364 1836 1400 feminrc,

1047 1404 1152 1432 facinus
1184 1405 1293 1433 invidize
1322 1406 1479 1440 hujusmodi
1511 1409 1646 1437 actionem
1679 1411 1834 1440 intentavit.

1046 1448 1179 1478 Paulinus
1196 1451 1306 1484 quidam
1323 1453 1454 1486 magister
1472 1453 1627 1482 eruditione
1644 1463 1676 1483 ac
1695 1456 1836 1492 elegantia:

1045 1502 1129 1522 causa
1142 1495 1176 1522 ab
1193 1495 1314 1523 Eudocia
1328 1496 1494 1532 diligebatur
1511 1506 1518 1530 ;
1543 1498 1704 1535 solebatque
1722 1508 1784 1529 cum
1802 1510 1835 1529 co

1047 1540 1125 1575 591
1141 1541 1238 1568 crebro
1253 1545 1280 1569 et
1295 1542 1409 1569 seorsim
1427 1543 1556 1578 colloqui,
1574 1550 1605 1572 ut
1618 1553 1632 1571 a
1647 1554 1701 1581 quo
1719 1553 1792 1575 esset
1807 1549 1834 1575 in

1049 1587 1152 1622 nuptiis
1181 1588 1378 1616 contrahendis
1405 1589 1508 1625 adjula.
1538 1591 1645 1618 Accidit
1680 1598 1769 1620 autem
1805 1599 1836 1621 ut

1047 1633 1162 1660 solt-mni
1179 1633 1280 1661 divinae
1295 1635 1476 1668 apparitionis
1497 1635 1541 1663 die
1558 1636 1712 1671 imperatori
1728 1638 1760 1666 ad
1777 1647 1835 1666 nia-

1046 1685 1128 1713 gnnm
1140 1680 1270 1714 templum
1282 1681 1357 1707 eunti
1371 1688 1474 1716 pauper
1488 1681 1599 1716 quidam
1608 1689 1639 1710 ex
1653 1684 1717 1710 Asia
1725 1692 1834 1718 pomum

1047 1723 1183 1752 inusitatae
1195 1726 1392 1761 magnitudinis
1406 1727 1533 1761 otl‘erret;
1549 1736 1628 1763 quem
1639 1729 1661 1756 is
1678 1730 1728 1757 100
1744 1732 1835 1759 nuniis

1045 1769 1167 1802 donavit,
1189 1777 1221 1798 ac
1244 1778 1355 1806 pomum
1384 1771 1510 1800 Eudociaa
1534 1774 1664 1809 Augusta).
1687 1775 1772 1804 misit.
1797 1776 1835 1804 Ea

1045 1816 1187 1850 aegrotanti
1211 1816 1327 1844 Paulino
1343 1818 1504 1851 transmisit,
1518 1826 1605 1854 coque
1623 1820 1696 1848 illum
1721 1829 1835 1849 munere

1045 1860 1204 1896 imprudens
1226 1862 1310 1889 exitio
1333 1863 1490 1891 obstrinxit.
1515 1864 1644 1893 Paulinus
1667 1867 1703 1893 rei
1722 1867 1832 1901 ignarus

1045 1907 1129 1934 biduo
1141 1912 1202 1942 post
1215 1915 1326 1943 pomum
1344 1908 1410 1936 illud
1427 1909 1585 1944 imperatori
1602 1911 1755 1945 mittit.Qui
1771 1921 1832 1941 cum

1045 1951 1071 1979 id
1088 1958 1260 1988 agnosceret,
1276 1962 1310 1982 eo
1321 1955 1460 1983 occultato
1474 1957 1614 1992 ingressus
1629 1959 1662 1986 ad
1681 1960 1831 1995 Augustam

1044 2005 1142 2033 rogare
1169 2000 1214 2027 ubi
1239 2005 1311 2029 esset
1338 2001 1439 2029 malum
1459 2003 1484 2030 el
1509 2011 1524 2030 a
1549 2011 1579 2032 se
1601 2004 1727 2033 missum.
1752 2006 1786 2033 Se
1806 2007 1834 2034 id

1043 2044 1134 2073 edisse
1150 2046 1251 2074 dicenti
1263 2046 1449 2081 juramentum
1460 2057 1509 2084 per
1529 2050 1645 2078 salutem
1658 2052 1833 2087 imperatoris

1043 2089 1159 2123 deferre,
1175 2099 1230 2126 quo
1248 2092 1273 2119 id
1291 2093 1391 2120 nemini
1408 2094 1456 2122 abs
1473 2102 1503 2123 se
1514 2096 1629 2123 missum
1643 2104 1674 2124 ea
1689 2098 1834 2125 conﬁrma-

1043 2140 1094 2164 ret.
1104 2136 1172 2164 Cum
1192 2145 1225 2165 eo
1239 2137 1319 2165 modo
1328 2139 1419 2172 jurata
1432 2147 1464 2167 eo
1473 2142 1641 2176 persisteret,
1659 2143 1686 2170 id
1698 2151 1728 2172 se
1742 2151 1831 2172 come-

1042 2182 1222 2216 disse,iratus
1240 2184 1388 2220 imperator
1402 2186 1503 2214 malum
1521 2186 1622 2220 ai‘ferri,
1639 2187 1755 2218 Paulino
1767 2198 1834 2218 vero

1041 2236 1072 2256 ea
1098 2229 1158 2264 ipsa
1180 2234 1261 2257 nocte
1282 2230 1372 2258 accito
1389 2236 1473 2266 caput
1494 2233 1631 2267 amputari
1653 2233 1740 2268 jubet.
1766 2234 1835 2263 Inde

1042 2275 1213 2310 imperatoris
1229 2276 1362 2304 adversus
1381 2277 1532 2313 Augustam
1549 2279 1675 2308 simultas
1698 2289 1729 2308 ac
1745 2281 1832 2308 absti-

1042 2323 1146 2350 nentia.
1160 2322 1192 2350 Et
1204 2323 1338 2357 Eudocia,
1348 2332 1430 2353 causa
1446 2326 1595 2359 intellecta,
1606 2327 1712 2362 injuriae
1727 2329 1834 2363 pudore

1042 2373 1128 2402 mota,
1140 2368 1339 2404 profectionem
1352 2371 1379 2397 in
1392 2378 1471 2399 saera
1485 2371 1543 2400 loca
1558 2373 1676 2401 instituit
1687 2381 1719 2401 ac
1735 2373 1830 2402 Hiero—

762 2435 941 2463 XYLANDBI
959 2435 1004 2463 ET
1018 2437 1123 2465 GOARI
1139 2436 1255 2465 NOTAE.

234 2480 292 2516 (55)
309 2479 421 2507 Tabulae
434 2481 560 2515 geminae,
575 2488 590 2508 e
603 2488 720 2515 quarum
731 2488 785 2508 una
802 2481 938 2513 vivorum,
953 2489 987 2509 ex

199 2515 282 2543 altera
295 2521 465 2542 mortuorum
477 2515 599 2542 ecclesia:
606 2516 864 2542 communicantium
876 2517 986 2543 nomina

201 2551 275 2586 inter
284 2551 432 2578 missarum
465 2551 598 2578 solemnia
614 2551 752 2584 leguntur.
774 2550 891 2586 δίπτυχα
909 2557 984 2580 sunt.

198 2585 283 2613 ϐοιιι.
427 2589 433 2594 ⁴

233 2620 290 2657 (56)
305 2619 382 2654 Quod
396 2619 429 2647 ad
446 2627 556 2657 pomum
572 2621 670 2657 attinet
685 2621 720 2649 ab
733 2620 854 2657 Eudocia
870 2620 986 2650 Paulino

199 2655 269 2683 dono
281 2655 388 2692 datum,
405 2656 667 2692 apudl‘licephorum
688 2665 744 2689 xw,
755 2656 803 2689 25,
818 2656 916 2692 legitur
931 2665 986 2684 non

198 2699 318 2727 pomum,
331 2690 378 2727 sed
395 2691 465 2718 ovis.
482 2691 515 2718 Et
527 2698 597 2727 sane
612 2691 696 2725 μῆλον
715 2690 864 2727 utrumque
881 2693 986 2727 signifi-

198 2731 249 2752 cat.
271 2725 398 2753 Narratio
414 2729 504 2753 tamen
520 2726 690 2754 Cedreniana
716 2726 834 2753 maxime
856 2725 985 2755 omnibus

197 2762 255 2789 anis
269 2762 488 2797 ciruunstaptiis
518 2761 610 2797 magis
624 2761 658 2788 de
675 2762 755 2797 rmalo
771 2769 853 2797 quam
877 2762 911 2789 de
934 2770 984 2790 ove

198 2797 303 2832 yidctur
322 2803 393 2823 esse.
412 2795 488 2828 Quod
500 2797 570 2830 apud
588 2795 902 2832 Nicephorum'legitur,
928 2797 982 2824 Eu-

197 2831 301 2857 dociam
320 2832 418 2858 marito
433 2832 607 2865 respondisse
620 2831 692 2858 domi
708 2839 764 2858 suae
777 2839 880 2859 munus
894 2832 980 2866 ipsius

199 2871 317 2892 suaviter
332 2867 417 2898 pasci,
435 2867 458 2893 si
481 2868 516 2893 ita
531 2871 573 2894 est
593 2866 619 2893 in
636 2866 741 2899 Cnseo,
759 2867 871 2894 omnino
883 2867 915 2894 de.
930 2874 980 2894 ove

1021 2483 1227 2518 accipiendum
1244 2484 1361 2511 videtur.
1375 2484 1517 2517 Quomodo
1533 2485 1625 2514 Graeca
1639 2487 1674 2514 ibi
1696 2487 1830 2518 habeant,

1037 2519 1142 2546 nescio.
1171 2518 1251 2546 Certe
1276 2518 1397 2547 Zonaras
1425 2520 1518 2548 itidem
1546 2525 1576 2547 ut
1606 2527 1700 2549 noster
1724 2523 1826 2552 habet.

1036 2554 1213 2590 respondisse
1222 2553 1368 2582 Eudoeiam
1384 2562 1414 2582 se
1424 2555 1453 2581 τὸ
1467 2555 1551 2590 μῆλον
1562 2557 1714 2585 comedisse
1729 2567 1735 2584 ε
1748 2557 1826 2590 Quod

1038 2588 1072 2616 de
1088 2596 1138 2616 ove
1153 2597 1315 2627 responsum
1333 2590 1395 2624 quis
1421 2588 1533 2627 credat?
1548 2591 1580 2627 Et
1595 2591 1667 2626 apud
1691 2588 1828 2627 Nicepho-

1037 2631 1097 2650 rum
1110 2628 1173 2662 po_st
1184 2632 1208 2651 c.
1223 2624 1325 2662 49_hoc
1341 2627 1429 2659 ipsum
1447 2625 1531 2661 μῆλον
1547 2624 1827 2662 Epwoiappella'tur,

1037 2663 1066 2685 ut
1083 2663 1126 2687 est
1141 2659 1167 2687 in
1184 2660 1307 2694 margine
1335 2659 1519 2692 annotatum;
1545 2659 1571 2688 et
1587 2662 1620 2688 ab
1635 2659 1717 2690 Eri'd'e
1739 2659 1829 2691 fuisse

1035 2701 1147 2728 pomum
1170 2694 1197 2721 in
1234 2695 1338 2729 nuptiis
1361 2695 1434 2723 Pelei
1452 2696 1634 2730 propositum.
1653 2702 1747 2724 notum
1770 2703 1823 2726 est.

1035 2731 1126 2764 Atque
1141 2730 1176 2757 ab
1192 2737 1243 2757 ove
1262 2730 1295 2756 ad
1323 2737 1432 2764 pomum
1461 2731 1649 2765 ambiguitatis
1676 2733 1827 2761 occasione

1032 2764 1132 2793 lusisse
1154 2769 1294 2801 auctorem
1315 2772 1369 2792 non
1395 2765 1473 2792 valde
1488 2764 1595 2793 videtur
1609 2766 1761 2801 probabile.
1785 2768 1825 2796 De

1030 2807 1063 2826 eo
1090 2800 1255 2827 monendum
1282 2801 1411 2828 lectorem
1431 2801 1507 2832 duxi,
1522 2809 1556 2828 ne
1572 2800 1615 2828 me
1629 2803 1684 2828 ullo
1706 2802 1825 2830 consilio

1030 2842 1044 2862 τι
1064 2835 1216 2870 Niccplioro
1228 2834 1325 2862 Latino
1341 2835 1484 2870 diversum
1501 2837 1646 2872 scripsisse
1658 2841 1743 2872 putet.
1753 2837 1820 2866 Χιι..
