2036 3153
163 166 216 201 645

705 168 976 200 HISTORIARUM
998 170 1262 202 COMPENDlUM.

1736 176 1789 208 646

165 226 212 260 τῆς
227 224 387 260 βασιλίσσης
402 223 469 259 (58).
499 224 580 251 Ὅθεν
596 224 688 252 πολλοὶ
712 226 768 252 τῶν
797 225 951 257 Βυζαντίων

1008 229 1153 255 )l‘aliOIIelll
1177 237 1236 256 eam
1253 229 1416 256 conﬁrmare
1434 230 1560 262 studens,
1580 230 1680 266 ubique
1701 231 1791 267 impu-

165 270 364 307 ἐταράχθησαν.
384 269 413 297 '0
429 271 458 297 δὲ
483 271 631 306 Νεστόριος
652 271 697 298 τὸν
722 271 800 306 λόγον
828 273 952 307 κυρῶσαι

167 317 287 344 σπεύδων
305 316 445 351 πανταχοῦ
460 316 509 351 τὴν
525 316 621 343 ἑαυτοῦ
644 317 745 352 μιαρὰν
760 318 892 353 φλυυρέαν
909 318 951 349 ἑξ-

166 363 253 395 έ6αὒ.ε,
271 362 351 397 ψιλὸν
363 362 507 397 ἄνθρωπον
532 363 619 396 λέγων
634 364 678 390 τδν
696 363 807 399 Κύριον.
841 365 884 390 Ἐν
905 366 953 400 μιᾷ

131 414 135 428 ‘v
169 409 195 435 δὲ
209 409 337 444 κυριακῇ
353 408 592 443 προκαθεζομένου
615 409 763 444 Νεστορίου
786 413 954 445 προτραπεὶς

167 453 284 488 Πρόκλος
300 453 356 488 (59)
369 452 416 479 τοῦ
432 453 515 488 ὲξηγή
523 453 617 480 σασθαι
630 451 708 480 εἶπεν
727 453 835 488 ὁμιλίαν
848 454 888 484 εἰς
903 453 953 488 τὴν

166 500 302 529 Θεοτόκον,
314 496 347 534 ἧς
361 499 377 534 ἡ
391 499 473 533 ἀρχή·
490 498 643 533 Παρθενικὴ
655 499 806 533 πανήγυρις
821 499 951 532 σήμερον,

167 544 282 578 ὰδελιροί.
297 545 364 570 Τότε
379 543 492 578 μισητὺς
507 544 616 577 ἐγένετο
629 544 704 578 παρὰ
718 544 800 570 πᾶσιν
827 544 841 569 ό
855 543 953 569 δυσσε-

168 591 213 626 ίὴς
229 590 375 626 Νεστόριος
393 590 436 616 διὰ
451 589 535 624 τῦφον
552 591 597 616 καὶ
610 590 802 617 κακοπιστίαν.
821 588 883 625 Εἶχε
900 590 954 625 γὰρ

172 638 346 664 Ἀναστάσιόν
360 646 421 664 τινα
433 637 620 672 πρεσϐύτερον
638 637 786 671 Ἀντιοχέα,
799 636 828 662 ὅν
852 636 955 670 σφόδρα

168 686 346 719 περιεποιεῖτο
369 684 407 716 ὡς
418 683 555 719 ὁμόφρονα
583 683 667 716 ἄνδρα
693 683 739 709 καὶ
767 682 954 718 τολμηρότατα

167 732 207 757 ἐπ’
221 730 368 765 ἐκκλησίας
381 730 593 765 βλασφημοῦντα
614 729 663 766 τὴν
688 729 868 764 ἀειπαρθένον
887 729 952 755 Θεο-

168 777 252 802 τόκον.
270 776 372 802 Τούτου
383 777 410 802 δὲ
427 776 556 807 Εὐσέϐιος
576 777 589 802 ὁ
603 775 650 802 τοῦ
675 775 811 811 Δορυλάου
844 775 953 809 πρῶτον

125 818 133 823 “
168 822 303 847 κατεῖπεν.
321 820 416 852 Οὕτως
429 821 457 847 δὲ
480 821 714 856 διαπραττόμενος
739 821 853 852 πολλοὺς
875 820 954 856 θορύ-

167 867 328 901 δουςῆγειρε
343 867 389 893 καὶ
404 867 535 902 ταραχάς.
562 867 608 902 Τῷ
629 867 650 893 δ’
671 867 746 902 αὐτῷ
774 867 829 894 ἔτει
856 867 902 893 καὶ
924 867 954 893 τὸ

167 912 279 948 φοὸερὸν
305 912 397 948 θαῦμα
417 913 472 939 τῶν
507 913 593 947 ἁγίων
617 913 686 940 ἑπτὰ
715 912 818 939 παίδων
847 913 901 938 τῶν
925 913 954 940 έν

172 958 273 992 Ἐφέσῳ
283 958 406 992 γέγονεν,
425 958 598 985 ἀναστάντων
619 958 709 984 αὐτῶν
730 958 773 985 διὰ
798 958 894 985 ἑκατὸν
910 957 955 984 ἐΰς

166 1005 318 1039 δομήκοντα
333 1005 447 1040 χρόνων.

200 1050 245 1086 Τῷ
270 1050 307 1077 κδ’
335 1050 470 1085 Κύριλλος
497 1050 705 1087 Ἀλεξανδρείας
722 1051 769 1077 καὶ
791 1050 954 1083 Κελεστῖνος

173 1096 278 1132 Ῥώμης
307 1096 443 1131 γράφουσι
469 1097 610 1132 Νεστορίῳ
629 1096 799 1131 ἀποσχέσθαι
826 1096 876 1131 μὲν
900 1097 955 1123 τῶν

167 1143 388 1177 διεστραμμένων
416 1142 560 1176 δογμάτων
581 1143 628 1168 καὶ
657 1142 706 1176 τῆς
732 1142 816 1176 ὀρθῆς
837 1141 955 1173 πίστεως

167 1187 334 1223 ἀντέχεσθαι,
351 1189 375 1214 εἰ
392 1187 420 1213 δὲ
437 1187 484 1222 μὴ,
502 1187 539 1222 μὴ
554 1185 624 1213 εἶναι
641 1186 724 1213 αὑτὸν
743 1187 901 1213 κοινωνικὸν
916 1187 954 1213 ιε-

169 1233 225 1267 ρὲυι.
247 1233 328 1258 Ἀλλὰ
347 1233 393 1259 καὶ
408 1232 483 1258 ἄλλοι
496 1232 567 1263 τινὲς
595 1231 695 1266 ὁμοίως
723 1231 798 1266 αὐτῷ
820 1231 954 1266 ἔγραψαν.

167 1279 250 1309 Αὐτὸς
264 1278 292 1304 δὲ
305 1279 319 1304 ό
330 1278 487 1313 Νεστόριος,
505 1278 585 1311 γνοὺς
598 1278 640 1304 ὃτι
651 1277 702 1304 οὐκ
712 1277 855 1312 ἀνέχονται
866 1286 955 1313 παρα-

168 1324 314 1359 σιωπῆσαι⁷
340 1323 530 1359 παρεσκεύασε
546 1323 593 1350 τὸν
618 1322 730 1358 βασιλέα
757 1323 861 1358 γράψαι
887 1323 955 1358 πρὺς

167 1370 301 1406 Κύριλλον
313 1370 418 1404 σάκραν
433 1369 489 1405 (60)
504 1369 653 1405 δειμάτων,
671 1370 717 1395 καὶ
732 1368 776 1405 [Ρ.
787 1369 851 1405 559]
869 1369 955 1396 δοκῶν

167 1416 246 1443 αὑτὸν
257 1417 290 1442 ἐκ
304 1419 398 1443 τουτου
417 1417 529 1442 κτυπεῖν
544 1415 644 1450 μᾶλλον
655 1415 789 1450 διήγειρε.
821 1415 876 1442 Καὶ
888 1416 955 1450 γρά-

168 1472 209 1497 φει
224 1463 263 1498 τῷ
284 1462 389 1498 βασιλεῖ
405 1462 451 1488 καὶ
464 1463 523 1492 ταῖς
535 1461 630 1488 τούτου
645 1461 774 1494 ἀδελφαῖς
790 1461 853 1496 περί
864 1470 894 1487 τε
906 1462 954 1496 τῆς

167 1510 247 1544 ἐφεῆς
270 1509 387 1539 πίστεως
409 1507 456 1534 καὶ
481 1508 530 1541 τῆς
550 1507 698 1542 Νεστορίου
717 1506 884 1538 κακοδοξίας,
911 1507 953 1532 al-

167 1555 295 1590 τούμενος
311 1555 369 1589 ἅμα
403 1553 451 1580 καὶ
471 1552 580 1580 σύνοδον
602 1553 797 1588 οἱκουμενικὴν
827 1551 954 1585 γενέσθαι
968 1565 989 1592 C

167 1603 204 1633 εἰς
223 1601 253 1628 τὸ
273 1600 465 1635 γυμνασθῆναι
485 1599 636 1630 κανονικῶς
658 1599 691 1625 τὰ
701 1598 772 1625 κατὰ
795 1598 955 1633 Νεστόριον.

168 1646 211 1681 Τῷ
222 1649 261 1673 κε’
276 1646 367 1672 τοίνυν
382 1644 498 1679 ἐνιαυτῷ
508 1645 558 1679 τῆς
579 1644 718 1671 Θεοδοσίου
731 1643 871 1679 βασιλείας
896 1645 912 1678 ἡ
929 1645 958 1670 ἐν

173 1693 275 1727 Ἐφέσῳ
305 1691 371 1726 ἁγία
399 1692 446 1718 καὶ
473 1690 650 1726 οίκουμενικὴ
675 1689 755 1724 τρίτη
780 1689 889 1721 σύνοδος
905 1690 958 1715 τῶν

168 1737 204 1764 σλ¹
220 1736 351 1772 Πατέρυν
363 1735 557 1771 συνηθροίσθη,
583 1735 680 1770 χρόνον
705 1734 810 1768 ἄγουσα
829 1734 884 1761 ἀπὸ
908 1734 958 1768 μὲν

168 1785 214 1818 τῆς
243 1782 375 1818 δευτέρας
402 1784 457 1816 μα’,
484 1781 539 1808 ἀπὸ
558 1780 586 1807 δὲ
609 1780 725 1811 κτίσεως
744 1780 846 1814 κόσμου
871 1779 957 1813 ,εὲὶιεἏ

168 1825 217 1861 Ἦς
232 1827 317 1864 ἦρχον
330 1827 461 1862 Κύριλλος
490 1825 706 1862 Ἀλεξανδρείας,
732 1825 761 1856 δς
789 1825 954 1852 Κελεστίνου

168 1876 246 1903 πάπα
265 1874 376 1910 Ῥώμης
401 1873 448 1900 τὸν
465 1873 547 1900 τόπον
570 1873 667 1904 διεῖπε,
703 1871 750 1898 καὶ
781 1871 958 1902 Ἰουϐενάλιος

173 1921 376 1957 Ἰεροσολύμων,
400 1920 525 1952 λέγοντος
552 1917 600 1944 τοῦ
628 1917 789 1952 καταράτου
811 1916 958 1951 Νεστορίου

169 1967 204 2001 μὴ
212 1964 283 1992 εἶναι
295 1964 421 1991 θεοτόκον
440 1963 490 1998 τὴν
507 1962 650 1994 Θεοτόκον,
679 1961 748 1988 ἀλλὰ
764 1961 957 1996 Χριστοτόκον,

167 2012 213 2038 καὶ
232 2010 278 2037 δύο
295 2010 370 2041 υἱοὺς
385 2008 431 2036 ἐπὶ
442 2008 490 2035 τοῦ
500 2008 560 2039 ἑνὸς
576 2007 696 2043 Χριστοῦ
713 2006 760 2033 τοῦ
784 2005 851 2032 θεοῦ
875 2006 959 2041 μυθο-

167 2056 307 2090 λογοῦντος
322 2053 423 2081 καὶδύο
443 2053 618 2084 ὑποστάσεις,
645 2052 693 2078 καὶ
711 2051 791 2078 ἄλλον
816 2051 866 2086 μὲν
888 2048 959 2078 εἶναι

167 2103 210 2128 τὶν
219 2102 304 2135 Λόγον
319 2100 364 2126 τὸν
377 2100 410 2126 ὲκ
420 2099 467 2126 τοῦ
483 2097 589 2133 Πατρδς
614 2096 788 2132 γεννηθέντα,
814 2096 906 2132 ἕτερον
931 2096 959 2122 δὲ

167 2147 210 2173 τὶν
219 2147 251 2172 ὲκ
272 2145 382 2181 Μαρίας
401 2144 532 2179 τεχθέντα
545 2143 701 2178 ἄνθρωπον,
717 2142 789 2169 κατὰ
822 2144 913 2177 σχέσιν
932 2143 959 2169 δὲ

168 2193 301 2220 ὲνωθέντα
315 2192 361 2218 τὸν
377 2191 444 2218 Θεὸν
463 2190 559 2224 Λόγον,
576 2190 623 2216 καὶ
639 2189 794 2224 ὁμωνύμως
808 2189 855 2215 καὶ
876 2189 958 2215 αὑτὸν

1007 282 1064 300 iam
1083 282 1160 300 suam
1177 275 1367 309 loquacitatem
1384 276 1514 310 profudit,
1532 276 1670 303 Christum
1687 278 1790 306 nuddni

1007 319 1144 345 hominem
1178 320 1318 347 dictitans.
1338 321 1460 352 Quodam
1491 321 1632 348 Dominico
1655 322 1700 349 die
1727 329 1790 349 cuni

1005 364 1146 392 Nestorius
1174 365 1341 399 pnesiileret,
1383 365 1498 394 Proclns
1531 367 1565 394 ad
1599 368 1791 403 exponendum

1004 411 1142 438 excitatus
1159 411 1312 438 oralionem
1327 411 1421 438 habuit.
1436 413 1470 439 de
1482 411 1528 439 Dei
1549 413 1700 445 Genitrice,
1711 414 1791 448 cujus

1005 456 1114 482 initium
1131 464 1138 483 :
1160 455 1257 487 llodie,
1285 455 1394 489 fratres,
1407 462 1558 485 conventus
1574 460 1662 492 agitur
1677 458 1711 485 de
1730 458 1793 485 Vir—

1006 508 1078 535 gine.
1105 502 1142 527 Ex
1158 508 1190 527 eo
1200 500 1305 528 invisus
1324 510 1385 528 csse
1415 503 1543 529 omnibus
1562 504 1663 538 impius
1693 503 1791 531 Nesto-

1006 547 1063 574 rius
1076 547 1111 573 ob
1128 547 1229 574 fastum
1242 551 1268 574 et
1279 547 1378 574 malam
1395 548 1487 575 iiden‘t.
1503 548 1624 576 Habebat
1635 550 1706 576 cuitu
1719 551 1792 577 Ana-

1006 592 1120 620 stasium
1134 592 1279 628 quemdam
1290 593 1479 628 presbyterum
1490 594 1703 627 Antiochcnum,
1711 604 1791 630 quem

1006 638 1085 664 valde
1097 638 1146 665 sibi
1160 639 1325 666 conciliabat
1335 644 1364 665 ut
1382 647 1474 666 secum
1488 640 1649 667 sentientem
1663 642 1791 668 audacis-

1006 683 1131 718 simeque
1141 683 1168 711 in
1188 684 1304 712 ecclesia
1319 683 1422 718 Virgini
1435 684 1621 712 DeiGeuitrici
1633 687 1790 713 obtrectan-

1008 735 1075 756 tein.
1108 730 1187 757 Hunc
1213 731 1318 765 primus
1337 732 1506 766 oppugnavit
1524 739 1649 760 sermone
1658 731 1792 760 Eusebius

1008 775 1110 803 l'torilai
1128 777 1284 811 episcopus.
1304 777 1350 804 Sic
1365 784 1457 804 autem
1475 782 1607 805 tractatus
1622 778 1721 806 inultas
1733 783 1792 806 tur-

1007 822 1056 849 bas
1074 823 1157 850 dedit.
1190 822 1291 850 Eodem
1325 831 1398 852 anno
1409 822 1508 858 Ephesi
1521 824 1588 851 illud
1603 825 1726 851 terribile
1741 825 1792 852 mi-

1007 869 1131 895 raculum
1147 869 1248 896 accidit
1272 873 1377 904 septem
1396 871 1612 904 puerorum,qui
1633 869 1666 897 de
1681 877 1791 901 somno,

1006 913 1087 940 annis
1101 917 1244 948 postquam
1252 915 1485 943 obdortnivissent
1493 920 1601 943 centum
1610 916 1792 951 septuaginta,

1006 964 1198 987 surrexerunt.

1039 1047 1120 1074 Anno
1132 1046 1168 1074 24
1179 1047 1298 1082 Cyrillus
1312 1047 1484 1076 Alexandria:
1494 1053 1520 1076 et
1529 1048 1682 1076 Ceiestinns
1701 1049 1794 1077 Roma

1005 1092 1125 1127 episcopi
1134 1092 1289 1120 Ncstorium
1301 1102 1346 1128 per
1356 1094 1462 1121 litteras
1475 1094 1621 1120 hortantur
1633 1100 1673 1127 ut,
1683 1096 1794 1122 omissis

1005 1138 1143 1173 perversis
1153 1139 1340 1174 opinionibus,
1354 1148 1445 1166 veram
1467 1139 1547 1175 594,
1557 1139 1635 1166 ﬁdem
1645 1141 1793 1175 amplecta-

1005 1189 1050 1211 tur
1069 1195 1075 1211 :
1093 1186 1194 1220 alioqui
1218 1193 1271 1212 nou
1289 1185 1347 1212 fore
1372 1194 1433 1213 eum
1462 1187 1487 1213 in
1501 1191 1574 1213 coetu
1606 1187 1791 1214 sacerdotum.

1007 1229 1184 1265 Scripscrunt
1203 1231 1248 1258 alii
1270 1239 1380 1266 quoque
1400 1232 1433 1258 ad
1466 1240 1527 1259 cum
1547 1232 1574 1259 in
1590 1232 1712 1260 eamdem
1728 1241 1792 1260 seu.

1006 1278 1130 1306 tentiam.
1170 1276 1326 1309 Nestorius,
1357 1277 1512 1312 intelligens
1544 1285 1591 1305 eos
1621 1285 1793 1312 nequaquam

1006 1322 1151 1353 lacituros,
1181 1323 1341 1358 imperatori
1370 1323 1516 1358 persuadet
1546 1327 1577 1350 ut
1603 1322 1637 1350 ad
1663 1322 1794 1358 Cyrillum

1005 1367 1106 1394 scribat
1119 1374 1224 1394 sacram
1236 1368 1391 1402 epistolam,
1404 1376 1491 1403 eaque
1502 1376 1564 1395 etim
1576 1369 1725 1396 deterreat.
1735 1369 1792 1402 Qua

1005 1421 1035 1440 re
1049 1421 1110 1439 cum
1131 1421 1160 1440 se
1173 1413 1304 1449 Cyrillum
1321 1419 1429 1448 putaret
1454 1423 1535 1449 posse
1558 1415 1717 1450 pcrcellerc,
1733 1423 1794 1443 ma-

1005 1459 1045 1494 gis
1066 1459 1148 1486 etiam
1180 1459 1318 1487 excitavit.
1340 1460 1455 1494 Scripsit
1485 1461 1557 1488 cuitu
1587 1465 1644 1487 tum
1671 1461 1792 1496 Cyrillus

1005 1506 1037 1532 ad
1055 1505 1247 1540 imperatorem
1261 1510 1288 1532 et.
1301 1513 1413 1533 sorores
1430 1507 1462 1533 de
1478 1514 1541 1533 vera
1558 1507 1609 1534 lide
1627 1511 1654 1534 ct.
1676 1507 1794 1534 Nestorii

1006 1551 1082 1580 l'alsis
1093 1553 1279 1587 opinionibus,
1289 1553 1425 1588 simulque
1439 1553 1637 1580 (ecuinenicum
1647 1553 1795 1580 concilium

1010 1599 1087 1633 pi-tiit
1098 1599 1199 1634 Colligi,
1217 1599 1243 1625 iu
1262 1608 1317 1634 quo
1331 1607 1416 1626 causa
1428 1598 1795 1626 Nestoriicanonicediscuti

1012 1651 1116 1679 posset.
1146 1644 1240 1680 Itaque
1271 1645 1402 1672 vicesimo
1426 1645 1522 1679 quinto
1549 1652 1621 1671 anno
1647 1644 1796 1672 Theodosii

1010 1689 1117 1724 imperii
1135 1695 1229 1716 sancta
1244 1693 1271 1716 ct
1290 1689 1461 1717 meumeuica
1494 1690 1575 1716 tertia
1599 1689 1720 1724 synodus
1742 1689 1795 1716 Pa-

1010 1738 1081 1760 trum
1098 1733 1152 1760 230
1173 1735 1273 1768 Ephesi
1302 1734 1379 1767 coiit,
1417 1742 1490 1762 anno
1521 1739 1583 1768 post.
1609 1735 1724 1769 primatu
1748 1734 1794 1767 4i,

1009 1788 1082 1807 anno
1096 1780 1189 1807 mundi
1204 1779 1286 1807 5915.
1305 1780 1477 1807 Pra:l‘uerunt
1489 1780 1608 1815 Cyrillus
1625 1781 1795 1808 Alexandria:

1009 1825 1166 1859 cpiscopus,
1195 1825 1284 1852 locum
1314 1826 1443 1853 Celestini
1460 1833 1534 1861 papae
1551 1826 1665 1854 Romani
1683 1831 1795 1858 tenens,

1009 1875 1036 1897 ct
1061 1870 1202 1898 Juvenalis
1219 1871 1473 1906 Hierosolymorum
1503 1873 1660 1906 episcopus.
1673 1872 1797 1907 Negabat

1010 1917 1180 1944 detestabilis
1197 1916 1340 1944 Nestorius
1371 1916 1483 1943 Mariam
1514 1925 1574 1944 esse
1601 1917 1647 1944 Dei
1676 1918 1797 1945 Genitri-

1009 1969 1080 1992 cem,
1109 1962 1155 1988 scil
1176 1961 1289 1993 Christi.
1312 1969 1344 1989 ac
1358 1961 1429 1989 duos
1446 1962 1479 1989 de
1491 1962 1572 1990 unico
1594 1962 1704 1990 Christo
1724 1963 1796 1990 (ilius

1011 2005 1057 2033 Dei
1082 2006 1210 2041 fingebat,
1232 2006 1357 2040 duasque
1375 2007 1401 2034 in
1413 2007 1526 2034 Christo
1543 2015 1687 2042 personas,
1704 2008 1796 2036 divor-

1010 2060 1068 2079 sam
1085 2051 1167 2079 Verbi
1183 2060 1217 2080 ex
1240 2052 1295 2079 Deo
1307 2052 1389 2080 Patre
1406 2053 1475 2086 nati,
1498 2054 1580 2081 aliam
1614 2055 1734 2082 hominis
1763 2055 1797 2083 de

1010 2099 1094 2126 Maria
1114 2099 1187 2132 nati;
1207 2104 1331 2134 respectu
1358 2104 1449 2127 autem
1467 2100 1583 2134 quodam
1609 2102 1715 2128 unitum
1732 2102 1797 2128 huic

1010 2144 1142 2177 Verbum,
1165 2145 1359 2180 hominemque
1371 2147 1568 2174 communitate
1581 2147 1704 2174 vocabuli
1713 2148 1797 2175 etiam

1011 2191 1108 2218 Filium
1123 2191 1259 2225 usurpari.
1273 2188 1360 2223 Hunc,
1378 2200 1439 2219 cum
1451 2199 1466 2219 a
1483 2193 1602 2220 concilio
1618 2196 1731 2220 vocatus
1742 2201 1796 2220 non

167 2238 312 2274 λεγόμενον
320 2238 393 2264 Υῐόν.
404 2236 505 2263 Τοῦτον
527 2234 732 2270 προσκληθέντα
749 2234 824 2270 παρά
835 2234 883 2268 τῆς
895 2243 956 2260 συν-

1012 2236 1421 2271 cornparuissel,ecclesiasticis
1429 2238 1555 2265 censuris
1564 2237 1796 2273 proscripscrunt,

165 2284 225 2311 όόου
241 2283 337 2318 καὶμὴ
353 2283 547 2317 ἀπαντήσαντα
555 2281 790 2316 ὲκκλησιαστικῶς
805 2279 957 2306 καθελοῦσα

166 2330 202 2362 ὡς
228 2330 266 2366 μὴ
294 2330 444 2365 θελήσαντα
462 2330 519 2360 τοῖς
544 2328 635 2362 ὀρθοῖς
661 2327 781 2362 δόγμασι
812 2326 957 2354 συνθέσθαι

166 2376 362 2411 ἁνεθεμάτισεν
378 2382 386 2389 ·
405 2375 453 2402 καὶ
480 2373 671 2409 ἐχειροτονήθη
696 2373 868 2408 Μαξιμιανδς
889 2381 956 2407 πρε-

167 2422 296 2458 σϐύτερος
309 2423 358 2456 τῆς
367 2421 451 2456 αὐτῆς
464 2420 593 2455 Μεγάλης
609 2419 768 2455 ἐκκλησίας.
784 2419 856 2446 Μίαν
867 2419 895 2445 δὲ
910 2419 957 2445 τοῦ

167 2467 286 2503 Χριστοῦ
306 2468 353 2494 καὶ
368 2466 436 2494 Θεοῦ
452 2467 532 2502 ἡμῶν
547 2466 608 2493 καθ’
627 2466 723 2492 ἕνωσιν
738 2465 887 2492 ὑπόστασιν
908 2467 955 2492 ναὶ

167 2514 214 2541 δύο
221 2514 288 2549 φῦσε
295 2523 317 2545 ις
329 2514 422 2548 σαφῶς
430 2513 602 2547 ἐδογμάτισε,
613 2511 658 2538 τὸν
667 2511 747 2538 αὑτὸν
759 2509 829 2538 εἶναι
836 2511 901 2537 Θεὸν
910 2511 957 2537 καὶ

169 2560 322 2595 ἄνθρωπον,
340 2561 387 2587 καὶ
399 2560 449 2595 τὴν
469 2559 550 2594 ἀγίαν
571 2558 680 2594 Μαρίαν
697 2558 799 2593 κυρίως
824 2558 872 2584 καὶ
891 2557 958 2592 ἀλη-

143 2638 146 2645 .
170 2607 221 2638 θῶς
234 2607 374 2634 Θεοτόκον.
390 2607 517 2642 Ἰωάννης
531 2605 559 2632 δὲ
577 2606 591 2631 ὁ
620 2604 786 2639 Ἀντιοχείας
807 2603 957 2634 ἐπίσκοπος

1012 2285 1041 2308 ut
1056 2282 1102 2316 qui
1117 2281 1244 2309 assentiri
1262 2289 1335 2309 verte
1353 2282 1413 2309 fidei
1428 2287 1580 2310 recusaret.
1611 2282 1734 2318 Ejusque
1768 2284 1797 2310 in

1010 2329 1100 2356 locum
1118 2327 1298 2355 delectusest
1326 2327 1517 2362 Maximianus,
1546 2328 1647 2364 Magnae
1668 2328 1799 2356 Ecclesiae

1011 2374 1164 2409 presbyter.
1205 2372 1277 2400 Idem
1306 2374 1456 2400 concilium
1483 2375 1672 2408 pronuntiavit
1695 2374 1797 2401 unione

1011 2424 1171 2446 naturarum
1184 2418 1210 2446 in
1227 2417 1337 2446 Christo
1351 2420 1459 2445 unicam
1476 2426 1536 2446 esse
1554 2426 1709 2454 personam,
1723 2418 1796 2445 duas

1011 2468 1145 2497 naturas;
1160 2464 1286 2492 eumdem
1306 2471 1367 2491 esse
1393 2463 1472 2499 595
1487 2463 1570 2490 Deum
1586 2469 1612 2491 et
1635 2464 1772 2491 hominem
1788 2471 1797 2495 ;

1009 2510 1121 2536 Mariam
1149 2510 1256 2544 proprie
1283 2513 1310 2536 et
1345 2517 1407 2537 vere
1452 2517 1512 2537 esse
1542 2510 1587 2536 Dei
1619 2509 1785 2536 Genitriccm

1010 2555 1130 2583 Joannes
1144 2561 1235 2582 autem
1256 2556 1408 2584 Antiochiae
1428 2557 1586 2591 episcopus,
1603 2564 1664 2583 cum
1682 2556 1715 2583 ad
1732 2563 1797 2582 con—

1012 2602 1108 2629 cilium
1137 2601 1262 2629 Nestorio
1292 2602 1347 2637 jam
1378 2602 1508 2630 damnato
1535 2603 1668 2634 vertisset,
1703 2601 1801 2629 ascitis

722 2694 904 2723 XVLANDRI
923 2694 967 2722 ΕΤ
984 2694 1090 2724 GOAlil
1110 2694 1226 2723 NOTAE.

205 2758 259 2792 (58)
278 2755 382 2783 Bhetor
401 2755 554 2792 Nicephoro
576 2754 693 2792 “v.32.
710 2753 779 2780 XvL.
795 2766 831 2792 τ
845 2752 865 2779 E
882 2751 957 2792 scitq-

167 2787 279 2825 iaribu’a,
287 2794 414 2825 Augusta:
424 2787 522 2817 domus
531 2789 704 2821 eusmdibus,
715 2787 843 2825 unus._De
851 2787 956 2814 scholis

168 2823 342 2854 lsneirollus
354 2826 386 2853 ad
403 2824 536 2852 Notitiam
549 2825 652 2858 imperii
668 2832 692 2852 c.
704 2831 779 2851 um.
796 2823 882 2850 Gem.

204 2863 260 2895 (59)
275 2862 367 2896 Cyzici
391 2861 441 2898 fuit
465 2857 623 2894 episcopus,
641 2863 669 2887 et
686 2859 815 2898 Byzantii
842 2857 956 2898 honoris

169 2897 255 2931 (puto)
271 2894 354 2925 causa
369 2896 521 2923 orationem
539 2903 644 2923 sacram
659 2895 691 2922 ad
707 2894 836 2929 populum
850 2894 956 2926 habuit,

1032 2751 1128 2779 razside
1141 2751 1278 2779 Nestorio.
1298 2751 1366 2779 Vide
1383 2751 1527 2786 Nicephor.
1541 2750 1614 2778 Idem
1632 2751 1663 2779 de
1677 2751 1798 2786 Eusebio

1032 2760 1128 2779 raestae
1143 2760 1278 2779 nestorio.
1303 2760 1366 2779 Viue
1383 2760 1527 2786 mcepnor.
1541 2760 1614 2778 mem
1632 2760 1663 2779 ue
1677 2760 1795 2779 ιιιιειιιιιιι

1010 2760 1282 2822 Βιιτμπιὶῖεβὶεεορο,
1308 2795 1364 2819 xw,
1380 2787 1425 2817 47,
1444 2792 1470 2813 et
1485 2786 1617 2822 Evagrius
1641 2795 1660 2817 ι,
1675 2787 1700 2813 9.
1732 2785 1795 2814 Χιί.

1046 2822 1102 2855 (60)
1120 2821 1165 2848 Sic
1185 2823 1329 2856 aliquoties
1346 2827 1480 2848 vocantur
1493 2822 1580 2848 edicta
1601 2821 1744 2856 imperator
1757 2830 1796 2847 .un

1011 2857 1043 2884 de
1072 2857 1158 2884 rebus
1184 2857 1387 2885 ecclesiasticis.
1407 2859 1433 2883 In
1449 2857 1645 2883 ecclesiasticis
1671 2856 1796 2883 historiis

1009 2892 1113 2920 divales
1130 2899 1224 2920 sacras
1240 2892 1373 2920 nominari
1383 2900 1429 2920 eas
1440 2891 1594 2920 observavi.
1612 2891 1680 2918 ML.
