2036 3153
139 168 186 200 M9
670 164 940 199 HISTORIARUM
965 163 1232 196 COMPENDIUM.
1703 167 1757 199 610

141 221 288 258 περιϐαλεῖν
301 221 342 257 τῷ
350 221 489 258 τραχήλῳ,
504 222 552 249 καὶ
565 222 604 258 τῷ
624 221 704 258 Ὠσηὲ
716 222 834 256 γυναῖκα
853 220 921 256 πόρ-
934 218 945 249 Α

953 231 962 248 ι
974 219 1103 248 numellis
1122 219 1220 255 ligneis
1234 225 1267 246 ne
1280 219 1487 248 torrelseollum
1509 219 1693 248 circumdare.
1725 222 1757 249 Et

138 277 181 304 νην
189 268 279 294 λαὸειῖν
293 268 342 295 καὶ
353 269 434 295 πάλιν
446 269 589 303 ἀγαπῆσαι
606 269 730 304 πονηρὰν
739 259 857 303 γυναῖκα
869 266 917 294 καὶ

973 263 1052 292 Osee:
1076 264 1218 292 mandavit
1242 269 1274 292 ut
1301 265 1476 294 meretricem
1503 272 1616 294 uxorem
1632 266 1756 299 duceret,

140 314 283 352 μοιχαλίδα,
299 316 347 342 καὶ
362 315 409 341 τὸν
430 314 555 346 Ἐξειιιὴλ
578 315 626 341 ἐπὶ
637 315 684 341 τοῦ
696 314 783 348 δεξιοῦ
800 312 917 349 πλευροῦ

971 317 1004 337 ac
1014 317 1126 343 pravam
1139 314 1168 339 et.
1183 311 1334 339 adulteram
1349 320 1464 340 uxorem
1475 317 1599 346 amaret;
1615 313 1758 343 Enchielo

140 362 240 397 ἡμέρας
255 363 281 396 μ’
295 360 342 387 καὶ
353 360 401 387 ἐπὶ
415 360 463 387 τοῦ
480 360 626 396 ἀριστεροῦ
651 359 690 395 ρν¹
710 359 919 394 κατακλιθῆναι,

972 360 1001 383 ιιι
1024 356 1051 383 in
1068 356 1165 384 dextro
1194 357 1279 385 latere
1308 359 1489 394 quadraginta
1508 359 1577 392 dies,
1599 359 1627 386 in
1645 360 1758 387 sinistro

139 408 180 435 καὶ
202 406 282 439 αὖθις
303 406 425 442 διορύξαι
438 407 484 433 τὸν
497 408 586 442 τοῖχον
600 407 646 433 καί
659 408 766 441 φυγεῖν,
778 406 826 432 καὶ
838 406 920 441 αἰχμ-

972 407 1079 430 centum
1093 403 1292 439 quinquaginta
1325 406 1508 438 recumberet,
1528 414 1701 441 rursumque
1729 411 1758 434 ut

137 453 246 480 αλωσίαν
274 453 362 487 ἑαυτῷ
391 453 560 488 διαγράψαι,
584 453 631 480 καὶ
656 452 749 480 ἄλλοτε
788 452 815 478 δὲ
845 451 920 485 ξίφος

973 448 1129 483 perfoderat
1153 457 1261 476 murum
1279 459 1312 478 ac
1328 451 1443 486 fugeret,
1461 453 1629 488 sibiqueipsi
1643 453 1758 488 captivi-

137 500 171 531 τίς
180 497 273 534 ἀκμὴν
289 498 443 533 παραθῆξαι
465 498 512 525 καὶ
524 498 658 533 εὕρασθαι
672 498 759 531 τούτῳ
772 498 820 532 τὴν
835 505 921 531 κεφα-

974 500 1056 522 tatem
1074 496 1260 529 describeret;
1274 497 1395 532 aliasque
1419 498 1537 531 gladium
1555 507 1653 527 acuere
1669 507 1757 535 coque

137 544 230 580 λὴνκαὶ
244 545 366 579 τετραχῆ
375 544 424 575 τὰς
437 545 533 580 τρίχας
543 544 648 571 διελεῖν.
661 544 715 570 Καὶ
729 544 772 570 ἵνα
785 543 822 578 μὴ
834 543 922 570 πάντα

974 546 1058 575 caput
1075 541 1184 573 radere,
1201 546 1228 569 et
1243 543 1335 570 crines
1352 543 1550 577 quadrifariam
1575 545 1708 573 dividere.
1720 547 1757 573 AI:

137 591 214 625 λέγω.
222 591 346 624 γίνεσθαι
374 591 476 617 τούτων
502 590 618 616 ἕκαστον
635 590 818 624 προσέταττεν
838 590 852 615 6
870 588 923 614 τῶν

975 588 1110 616 neomnia
1123 587 1250 620 referam,
1268 589 1435 624 gubernator
1451 591 1586 618 orationis
1604 592 1660 619 hazc
1668 592 1758 621 omnia

137 637 219 671 λόγων
233 636 368 671 πρύτανις
385 636 447 668 τοὺς
465 636 536 671 λόγῳ
548 636 584 671 μὴ
610 635 787 670 πειθομένους
808 634 847 669 τῷ
874 634 923 668 τῆς

976 633 1034 660 ﬁeri
1045 633 1143 668 jussit,
1165 638 1194 660 ut
1213 634 1259 668 qui
1273 641 1325 660 non
1342 640 1470 668 parerent
1481 636 1614 667 orationi,
1629 637 1646 663 ii
1663 638 1758 664 saltem

138 681 248 716 θεωρίας
279 681 424 717 παραδόξῳ
450 681 597 715 συλλέγων.
623 681 658 706 Τὸ
679 680 733 715 γὰρ
768 679 860 706 καινὸν
877 679 923 705 τοῦ

977 678 1108 705 inusitato
1123 678 1283 712 spectaculo
1294 678 1486 710 allicercntur,
1499 680 1578 715 cujus
1588 682 1694 709 novitas
1705 681 1758 709 suf-

138 728 271 763 θεάματος
285 728 412 764 ἐνέχυρον
426 728 575 764 ἀξιόχρεων
590 729 695 762 γίνεται
724 727 771 754 τοῦ
791 728 923 762 διδάγμα-

983 725 1072 752 ﬁciens
1091 727 1134 752 est
1145 724 1278 752 doctrina:
1295 725 1404 760 pignus.
1425 725 1462 752 lta
1489 726 1606 762 Symeon
1635 728 1681 756 ille
1702 736 1759 755 ma-
1781 730 1787 734 ‘

137 783 188 806 τος.
205 773 339 809 Καθάπερ
349 775 403 809 γὰρ
419 775 458 806 εἰς
470 774 581 809 λυχνίαν
608 774 696 805 τεθεὶς
727 775 741 800 ὀ
767 773 918 808 φανότατος

976 779 1047 805 guns
1060 771 1246 799 velutilumen
1263 771 1519 806 splendidiSSimum
1538 773 1566 800 in
1593 769 1759 802 candelab'ro

136 816 210 851 οὗτος
224 819 331 854 λύχνος,
347 820 361 846 6
381 820 467 854 μέγας
491 820 590 855 δηλαδὴ
602 820 724 855 Συμεὼν,
753 819 830 855 ἡλίου
848 819 925 854 δίκην

979 818 1097 852 positum
1126 817 1192 845 solis
1205 818 1292 845 instar
1308 818 1400 846 radios
1418 826 1484 846 suos
1499 819 1526 846 in
1548 828 1643 848 omnes
1671 825 1761 856 partes

138 865 268 894 πάντοθεν
289 866 337 897 τὰς
348 867 460 898 ἀκτῖνας
474 866 621 901 ἐξέπεμψε,
639 868 687 893 καὶ
710 865 743 901 ἦν
770 867 833 893 ἰδεῖν
850 866 925 900 ’16η-

978 864 1119 891 cmittehat
1131 864 1302 899 ;licebatque
1312 865 1405 893 videre
1416 865 1520 899 Iberos,
1535 865 1690 899 Armenios,
1704 866 1763 895 Pcr-

138 921 184 947 ρας
207 913 256 939 καὶ
282 913 440 948 Ἀρμενίους
466 912 514 939 καὶ
546 913 654 948 Πέρσας
681 913 729 940 καὶ
751 912 923 948 Ὶσμαηλίτας

956 909 960 916 ’
977 918 1022 938 sas
1037 915 1065 938 et
1079 909 1232 937 lsmaelitas
1250 910 1375 945 quotidie
1398 912 1541 939 venientes
1556 919 1588 940 ac
1602 920 1683 941 sacro
1696 914 1760 949 hap-

136 958 270 993 οσημέραι
284 959 500 993 ἀφικνουμένους
518 959 565 985 καὶ
588 958 636 985 τοῦ
650 958 722 984 θείου
737 958 924 993 βαπτίσματος

978 957 1058 983 tismo
1074 956 1220 991 potienles.
1247 957 1364 984 Tantum
1395 965 1476 992 porro
1503 959 1597 992 gratia:
1625 959 1651 986 in
1670 961 1761 988 varias

136 1004 332 1035 ἀπολαύοντας.
348 1004 491 1039 Τοσαύτην
500 1002 547 1031 οὖν
561 1004 610 1039 τὴν
623 1004 704 1039 χάριν
738 1004 752 1029 6
775 1003 925 1037 θαυμάσιος

978 1001 1104 1036 regiones
1120 1002 1218 1030 beatus
1231 1002 1276 1030 ille
1290 1004 1469 1038 propagabat,
1493 1009 1521 1030 ut
1541 1004 1656 1031 deorum
1672 1012 1763 1039 palen

136 1053 172 1082 al;
189 1050 233 1086 [P.
249 1050 313 1086 541]
330 1051 420 1077 πάντα
441 1052 476 1077 τὰ
491 1050 555 1085 ἔθνη
568 1049 722 1084 ἐξέπεμψεν
736 1048 807 1075 ὥστε
821 1048 855 1074 τὰ
871 1048 925 1075 τῶν

978 1055 1075 1075 norum
1089 1048 1234 1076 simulacra
1249 1048 1282 1076 ad
1295 1049 1448 1077 columnam
1473 1049 1534 1085 eius
1559 1050 1676 1079 adducta
1696 1059 1762 1079 con-

137 1097 272 1133 πατρῴων
288 1097 358 1124 θεῶν
377 1096 475 1123 εῐδωλα
501 1097 555 1132 πρὸ
581 1095 626 1123 τοῦ
639 1097 727 1129 κίονος
746 1097 852 1124 ἐκείνου
878 1095 925 1121 τοῦ

978 1093 1119 1129 fregerint,
1138 1099 1165 1123 et
1187 1095 1221 1123 ab
1252 1102 1286 1123 eo
1306 1103 1400 1130 puram
1435 1096 1658 1132 inculpatamque
1685 1097 1762 1125 fidem

136 1143 209 1169 θείου
224 1142 342 1176 ἄγοντας
352 1141 516 1177 συντρίϐειν,
535 1142 585 1177 τὴν
600 1143 628 1169 δὲ
646 1143 768 1177 καθαρὰν
781 1143 827 1169 καὶ
850 1142 926 1177 ἀμώ-

977 1138 1161 1168 Christianam
1177 1141 1267 1169 edocti
1285 1141 1350 1168 sint.
1366 1141 1434 1168 Nam
1452 1149 1502 1169 eos
1515 1142 1609 1170 multis
1625 1143 1764 1171 miraculis

137 1197 222 1224 μητον
235 1188 317 1223 ἡμῶν
329 1187 384 1214 τῶν
398 1188 571 1223 Χριστιανῶν
584 1189 676 1214 πίστιν
693 1188 746 1215 ὑπὸ
764 1188 811 1215 τοῦ
839 1187 925 1223 μεγά-

979 1193 1011 1213 eo
1022 1186 1198 1221 perducebat.
1213 1187 1298 1215 Recte
1314 1187 1406 1222 itaque
1422 1187 1504 1215 habet
1520 1187 1622 1215 Christi
1639 1189 1740 1217 dictum
1755 1199 1761 1216 :

135 1235 182 1261 λου
190 1235 337 1269 Συμεῶνος
350 1233 571 1266 ὲκπαιδεύεσθαι,
583 1234 627 1260 διὰ
649 1233 753 1261 πολλῶν
779 1234 926 1269 θαυμάτων

980 1231 1032 1265 Qui
1048 1233 1075 1260 in
1088 1240 1131 1260 me
1145 1233 1244 1267 credit,
1259 1240 1317 1260 mea
1333 1238 1446 1268 quoque
1465 1240 1558 1269 opera,
1573 1239 1601 1261 et
1611 1234 1644 1261 iis
1660 1235 1764 1269 majora

137 1282 184 1308 καὶ
202 1280 341 1315 μεγίστων
356 1279 508 1315 τεραστίων
523 1280 634 1312 τούτους
647 1281 752 1315 ὲνάγων
765 1282 804 1313 είς
818 1281 867 1316 τὴν
877 1280 924 1307 τοῦ

980 1279 1149 1313 praestabit'.
1164 1279 1188 1307 Is
1212 1287 1276 1315 ergo
1307 1280 1425 1316 Symeon
1453 1280 1558 1316 fulgore
1572 1280 1654 1316 590
1676 1283 1764 1309 sancti

135 1326 255 1361 Χριστοῦ
269 1325 416 1353 πολιτείαν.
431 1325 550 1357 Εἰκότως
563 1324 608 1352 οὖν
623 1326 714 1360 ἔλεγεν
726 1328 740 1353 6
755 1326 856 1361 Κύριος
867 1335 874 1342 ·
898 1326 927 1353 'O

980 1326 1099 1360 Spiritus
1115 1326 1270 1354 illustratus
1286 1326 1467 1362 undiquaque
1481 1334 1546 1354 suos
1563 1327 1644 1362 ejecit
1659 1327 1762 1360 radios,

137 1372 275 1400 πιστεύων
304 1372 344 1403 εις
371 1372 431 1406 ἐμὲ,
459 1372 493 1398 τὰ
511 1371 580 1406 ἔργα
606 1372 624 1399 ἃ
646 1372 701 1407 ἐγὼ
716 1373 784 1399 ποιῶ
801 1373 926 1404 κάκεῖνος

980 1373 1116 1408 quomodo
1130 1373 1248 1401 Basilius
1266 1373 1386 1408 loquitur
1400 1373 1441 1402 his
1463 1374 1564 1406 verbis,
1580 1373 1763 1406 Quemadmo~

137 1419 256 1453 ποιήσει,
287 1418 335 1444 καὶ
366 1417 477 1453 μείζονα
501 1417 604 1445 τούτων
625 1420 754 1454 ποιήσει·
776 1419 805 1451 ὃς
824 1421 857 1455 τῇ
881 1420 926 1446 τοῦ

980 1421 1043 1446 dum
1061 1419 1204 1454 splendida
1211 1423 1239 1447 et
1258 1419 1403 1454 perspicua
1414 1427 1530 1455 corpora
1543 1420 1628 1448 radiis
1642 1420 1764 1448 inciden.

136 1464 215 1498 ἁγίου
230 1464 389 1498 Πνεῦματος
406 1463 487 1498 αἴγλῃ
511 1463 758 1499 καταλαμπόμενος
785 1465 832 1491 καὶ
861 1474 928 1492 παν-

980 1466 1052 1493 tibus
1080 1470 1108 1493 et
1134 1465 1192 1501 ipsa
1214 1465 1388 1494 illustrantur
1412 1471 1439 1494 et
1469 1474 1569 1494 novum
1594 1466 1679 1494 edunt
1706 1475 1720 1493 a
1737 1474 1766 1495 se

136 1509 220 1545 ταχοῦ
237 1510 287 1541 τὰς
302 1509 351 1544 τῆς
364 1509 474 1544 χάριτος
487 1509 601 1541 ἀκτῖνας
625 1509 776 1545 ἐκπέμπων
793 1511 863 1538 κατὰ
882 1512 928 1538 τὸν

980 1512 1167 1547 splendorem,
1183 1513 1223 1540 sic
1235 1518 1261 1540 et
1275 1512 1388 1547 Spiritui
1403 1512 1560 1548 recipiendo
1572 1517 1639 1547 apta:
1657 1512 1764 1544 auium,

139 1554 226 1588 μέγαν
238 1553 388 1580 Βασίλειον.
403 1553 472 1589 Φησὶ
484 1554 549 1588 γάρ·
572 1554 677 1589 ’Ὠσπερ
694 1554 728 1581 τὰ
746 1555 859 1591 λαμπρὰ
878 1558 925 1583 καὶ
940 1563 943 1581 ι

960 1558 993 1585 ia
1022 1558 1124 1593 Spiritu
1149 1558 1318 1591 illuminatre,
1343 1566 1403 1585 eum
1421 1559 1486 1593 ipsa:
1504 1559 1571 1586 fiunt.
1597 1558 1764 1593 spirituales.

136 1599 254 1634 διαφανῆ
278 1598 332 1625 τῶν
353 1599 486 1634 σωμάτων
503 1599 611 1631 ἀκτῖνος
637 1601 730 1633 αὐτοῖς
755 1602 929 1638 ἐμπεσούσης

981 1610 1037 1632 tum
1062 1605 1177 1639 gratiam
1194 1605 1256 1640 ejus
1269 1612 1331 1632 cum
1344 1605 1406 1632 aliis
1421 1605 1638 1632 communicant.
1649 1604 1712 1632 Inde
1724 1604 1766 1632 fu~

137 1646 207 1672 αύτὰ
215 1654 245 1672 τε
262 1645 364 1679 γίνεται
380 1645 541 1680 περιλαμπῆ
553 1646 601 1673 καὶ
622 1646 720 1681 ἑτέραν
749 1647 836 1682 αὐγὴν
866 1649 931 1675 ἀπο·

980 1658 1105 1679 turorum
1133 1651 1277 1686 prtesagia,
1305 1650 1463 1678 intellectus
1489 1650 1693 1686 mysteriorum,
1718 1657 1765 1677 oc-

138 1691 252 1722 στίλσει,
267 1690 353 1721 οὕτως
366 1690 393 1716 αἱ
420 1691 639 1726 πνευματοφόροι
661 1692 746 1727 ψυχαὶ
766 1693 929 1728 ἑλλαμφθεϊ-

979 1697 1116 1723 cultorum
1131 1694 1352 1729 comprehensio,
1368 1695 1505 1722 donorum
1523 1694 1695 1726 distributio,
1710 1694 1764 1721 vita

138 1746 183 1763 σαι
209 1736 287 1771 παρὰ
314 1736 360 1763 τοῦ
390 1736 548 1771 Πνεύματος
573 1737 654 1763 αὐταί
682 1747 712 1765 τε
733 1738 928 1767 ἀποτελοῦνται

980 1742 1110 1773 caelestis,
1122 1741 1229 1768 choreae
1248 1748 1312 1768 cum
1331 1741 1446 1775 angelis,
1465 1740 1601 1767 inﬁnitum
1625 1740 1764 1775 gaudium,

138 1781 322 1816 πνευματικαὶ
343 1782 389 1807 καὶ
410 1782 450 1812 εἰς
474 1782 584 1816 ἑτέρους
596 1782 646 1816 τὴν
666 1782 746 1817 χάριν
766 1784 926 1815 ἐξαποστὲλ‹

983 1788 1009 1814 in
1025 1787 1078 1814 Deo
1086 1786 1250 1821 permansio,
1261 1794 1321 1812 cum
1341 1786 1394 1813 Deo
1403 1786 1564 1819 similitudo,
1577 1786 1706 1821 perfectio
1717 1794 1765 1821 ap-

138 1828 240 1855 ).eum.
265 1827 405 1854 Ἐντεῦθεν
418 1827 568 1861 μελλόντων
584 1828 750 1862 πρόγνωσις,
769 1831 926 1866 μυστηρίων

730 1837 750 1861 ;,
769 1831 926 1866 μυστηρίων
982 1834 1092 1868 petitus,
1104 1833 1160 1860 ficri
1173 1832 1256 1859 Deum
1269 1832 1341 1866 quod
1362 1832 1397 1859 ad
1409 1833 1534 1867 gratiam.

139 1874 257 1907 σύνεσις,
276 1874 476 1909 κεκρυμμένων
497 1873 662 1909 κατάληψις,
675 1876 854 1910 χαρισμάτων
872 1879 999 1916 διανομὴ,
1014 1880 1044 1906 τὺ
1053 1879 1178 1914 οὐράνιον
1199 1878 1358 1912 πολίτευμα,
1371 1879 1387 1912 ἡ
1420 1879 1477 1913 μετ’
1509 1879 1631 1912 ἀγγέλων
1662 1887 1765 1914 χορεια»

139 1920 348 1955 ὴὰτελεύτητος
363 1920 554 1956 εὐφροσύνη,ἠ
570 1921 599 1947 ὲν
614 1920 673 1956 Θεῷ
683 1920 807 1959 διαμονὴ,
840 1925 942 1960 ἠτφὺς
960 1927 1026 1954 Θεὸν
1053 1926 1192 1960 ὁμοίωσις,
1219 1925 1249 1951 το
1276 1924 1425 1960 ἀκρότατον
1456 1924 1509 1951 τῶν
1536 1925 1667 1960 ὀρεκτῶν,
1699 1925 1766 1952 Θεὸν

139 1967 264 2002 γενέσθαι
281 1967 350 1994 κατὰ
363 1968 451 2003 χάριν.

174 2014 251 2042 Μετά
265 2023 327 2041 τινα
335 2013 364 2040 δὲ
378 2014 472 2049 καιρὸν
489 2015 503 2041 ὁ
518 2014 588 2046 θεῖος
606 2015 705 2050 Δανιὴλ
719 2016 733 2042 6
750 2016 778 2042 ὲν
789 2016 828 2051 τῷ
854 2018 931 2044 Ἀνά-

1021 2018 1170 2052 Aliquanto
1182 2020 1244 2051 post
1255 2020 1377 2050 tempore
1391 2015 1502 2042 divinus
1510 2015 1637 2043 Danielus
1649 2015 1674 2042 in
1694 2016 1765 2043 Ana-

141 2061 199 2097 πλιρ
210 2060 280 2096 (62).
290 2060 457 2097 θεασάμενος
467 2060 513 2086 τὸν
524 2060 611 2095 μέγαν
624 2060 658 2086 Συ
663 2060 770 2095 μεώνην
795 2062 842 2088 καὶ
860 2062 932 2088 θείου

984 2065 1027 2098 pio
1039 2072 1099 2092 cum
1117 2063 1230 2090 vidisset
1246 2069 1373 2096 magnum
1387 2062 1562 2097 Symeonem,
1581 2061 1673 2088 divina
1682 2069 1767 2089 :emu-

142 2106 223 2140 ζήλου
235 2097 367 2140 πλησθεὶς
386 2106 435 2140 τὴν
447 2105 572 2140 καρδίαν,
595 2106 679 2132 ἐλθὼν
694 2107 722 2133 ἐν
742 2107 780 2141 τῷ
808 2108 932 2144 ’Λνάπλῳ

983 2109 1239 2143 lationcinstigatus
1257 2108 1314 2142 ipse
1331 2115 1440 2142 quoque
1455 2107 1610 2134 columnam
1636 2114 1764 2134 conscen-

143 2153 225 2188 ὲττέὕη
242 2152 290 2179 καὶ
308 2152 389 2183 αὐτὸς
413 2152 451 2186 τῷ
466 2151 564 2187 στόλῳ,
587 2152 693 2179 πολλῶν
716 2153 764 2179 καὶ
795 2154 932 2188 μεγίστων

983 2156 1033 2187 dit,
1053 2155 1191 2189 multaque
1203 2159 1228 2182 et
1238 2153 1355 2180 maxima
1373 2153 1458 2180 edidit
1473 2153 1616 2180 miracula.
1635 2152 1766 2180 Perman-

146 2198 289 2233 θαυμάτων
299 2197 447 2232 αὐτουργὸς
460 2197 616 2232 γενόμενος,
634 2198 761 2233 διήρκεσε
784 2199 812 2224 δὲ
835 2200 863 2225 ἐν
891 2199 931 2234 τῷ

983 2201 1018 2229 sit
1031 2202 1056 2227 in
1070 2201 1195 2228 columna
1212 2199 1338 2234 usquead
1349 2203 1478 2233 quartum
1490 2206 1591 2226 annum
1605 2197 1766 2226 LeonisMa-

146 2243 211 2270 κίονι
222 2243 287 2278 ἄχρι
297 2242 346 2269 τοῦ
357 2243 486 2277 τετάρτου
502 2242 577 2275 ἔτους
598 2244 645 2270 τοῦ
660 2243 792 2278 βασιλέως
815 2244 929 2276 Λέοντος
945 2239 950 2266 1

959 2240 1024 2282 ³ςηί
1038 2255 1045 2279 ;
1058 2250 1139 2280 atque
1157 2247 1193 2273 ita
1213 2246 1246 2272 ad
1261 2246 1406 2273 Dominum
1418 2244 1659 2280 cmigravit,bonis
1671 2245 1763 2278 operi-

147 2289 188 2316 τοῦ
202 2290 340 2323 Μεγάλου,
350 2290 396 2315 καὶ
407 2289 492 2320 οὕτως
506 2289 572 2324 πρὸς
588 2289 689 2325 Κύριον
702 2289 851 2326 ὲξεδήμησε
864 2291 930 2326 πλήα

506 2289 572 2324 πρὸς
588 2289 689 2325 Κύριον
702 2289 851 2326 ὲξεδήμησε
864 2291 930 2326 πλή-
984 2293 1034 2321 bus
1046 2292 1152 2320 abunde
1171 2292 1308 2327 praestitis.

149 2344 193 2371 ρης
211 2336 322 2370 ἀγαθῶν
333 2335 432 2370 ἔργων.

178 2381 222 2417 Τῷ
231 2385 277 2414 κς¹
291 2381 347 2408 ἔτει
362 2381 528 2415 παρεγένετο
541 2381 762 2413 Οὐαλεντινιανὸς
785 2382 838 2408 ἀπὸ
857 2382 929 2409 Ῥώ-

1017 2383 1094 2409 Anno
1107 2381 1237 2408 vicesimo
1257 2385 1334 2408 sexto
1346 2379 1552 2408 Valentinianus
1570 2379 1653 2405 lloma
1671 2378 1766 2412 Cpolin

149 2436 197 2461 μης
212 2429 241 2454 ὲν
255 2427 550 2460 Κωνσταντινουπόλει,
576 2427 622 2453 καὶ
640 2427 725 2462 ἔγημε
749 2429 865 2461 γυναῖκα
877 2424 928 2463 ’τὴν

981 2428 1064 2459 venit,
1077 2428 1330 2462 duxitqucuxorem
1349 2426 1430 2453 ﬁliam
1447 2425 1594 2453 Theodosii
1620 2425 1767 2459 imperato-

149 2472 280 2508 θυγατέρα
296 2473 436 2499 Θεοδοσίου
453 2473 500 2499 τοῦ
519 2473 649 2507 βασιλέως
664 2473 804 2505 Εὐδοξὶαν,
823 2474 871 2509 τὴν
899 2473 929 2505 ἐξ

979 2474 1018 2501 ris
1048 2473 1208 2504 Eudoxiam,
1232 2480 1263 2499 ex
1282 2471 1402 2499 Eudocia
1425 2471 1476 2506 ipsi
1500 2475 1602 2502 natam,
1634 2469 1768 2503 rediitque

150 2518 272 2551 Εὺδοκίας
290 2518 466 2553 γεννηθεῖσαν
496 2518 580 2554 αὐτῷ,
599 2520 646 2546 καὶ
672 2519 752 2546 πάλιν
778 2519 928 2554 ἐπανῆλθεν

982 2518 1106 2545 Romam.
1120 2517 1207 2553 Cyrus
1223 2517 1298 2544 urbis
1309 2516 1461 2551 praefectus,
1481 2516 1563 2543 homo
1596 2513 1766 2549 sapientissi-

150 2565 175 2590 ἑν
197 2565 299 2601 Ῥώμῃ.
311 2565 400 2600 Κῦρος
416 2565 533 2600 ἔπαρχος
550 2566 599 2600 τῆς
618 2566 732 2598 πόλεως,
754 2565 824 2601 ἀνὴρ
841 2565 929 2599 σοφώ-

982 2572 1043 2592 mus
1055 2570 1136 2599 atque
1160 2564 1329 2595 industrius,
1349 2567 1505 2590 terrestrem
1536 2561 1630 2595 Cpolis
1657 2568 1765 2587 murum

154 2618 220 2641 ιατος
244 2611 293 2637 καὶ
314 2611 416 2644 ἱκανὸς,
443 2611 596 2642 καταλύσας
625 2612 654 2637 τὸ
681 2612 807 2646 χερσαῖον
841 2611 930 2645 τεῖχος

982 2610 1129 2638 demolitus
1140 2615 1180 2638 est
1191 2620 1198 2644 ;
1209 2611 1326 2645 aliisque
1342 2609 1449 2637 duobus
1462 2608 1612 2636 intervallis
1622 2607 1702 2644 599
1720 2607 1767 2635 ad-

153 2655 453 2689 Κωνσταντινουπῦλεως
469 2658 516 2684 καὶ
532 2657 658 2692 προσθεὶς
677 2657 742 2683 ἄλλα
756 2656 929 2690 διαστήματα

983 2657 1057 2689 ditis.
1069 2657 1151 2684 alium
1170 2657 1355 2683 niurumintra
1370 2655 1569 2691 sexagesimum
1578 2655 1648 2682 dium
1659 2658 1766 2682 exstru-

183 2729 192 2745 '
201 2728 278 2758 Joan.
293 2738 332 2763 tv,
353 2730 395 2759 12.

716 2773 894 2803 XYLANDRI
910 2773 954 2801 ET
968 2771 1073 2802 GOABI
1091 2771 1204 2800 NOTIE.

183 2837 233 2871 (62)
251 2837 304 2866 (ΖΡ.
321 2837 381 2865 loco
414 2836 450 2863 ita
477 2840 584 2863 vocato.
604 2835 691 2871 Cum.
712 2851 748 2858 —-
771 2835 923 2865 Ἀνάπλους
943 2832 1081 2868 interpres
1096 2831 1242 2868 Nicephori
1255 2833 1398 2861 tramitum
1429 2832 1518 2864 vertit,
1531 2839 1575 2862 xv,
1610 2828 1655 2857 9‘2.
1674 2827 1765 2862 Appa-

155 2876 188 2899 ret
203 2870 281 2902 fuisse
298 2872 458 2901 Suburbium
474 2871 599 2907 Cpolt-os.
618 2870 683 2899 ΧΠ..
1055 2882 1058 2885 ·

324 2921 457 2951 ΡΛΤιωι..
480 2919 538 2949 GR-
555 2918 644 2950 CXXI
651 2939 661 2951 .

1567 2908 1601 2939 21
