2008 3149
181 169 229 201 861

722 173 991 206 ῙῙΙΞΤΟΙΠΑΒΠΜ
1012 177 1273 208 (ΖΟΜΡΕΝΒΙΠΜ.

1753 178 1806 210 (K52

183 228 244 253 σθαι
259 226 362 261 τάχιον.
380 227 432 254 Τοῦ
451 227 478 254 δὲ
499 230 739 264 παραγενομένου.
755 230 874 266 ἔπαρχον
888 231 961 258 nam

1021 219 1177 267 pt'a'iectuiu
1196 234 1271 261 urbis
1285 233 1439 261 constituit.
1459 233 1556 269 Aspar,
1579 233 1621 260 cui
1645 233 1696 260 hoc
1710 239 1806 267 praeter

183 273 358 308 προεϐάλετο.
368 274 479 310 Ἀσπαρ
490 275 518 301 δὲ
534 275 612 302 τοῦτο
629 275 690 302 ἰδὼν
707 276 770 311 παρ’
781 277 874 303 ἐλπίδα
887 277 969 311 ἐκρά-

186 327 245 354 τησε
265 319 312 346 τοῦ
339 320 507 354 ἱματίουζτοῦ
539 321 681 356 βασιλέως,
694 322 740 353 καί
757 331 822 358 φησι
839 323 906 358 πρδς
921 323 968 349 αὖ-

182 366 238 391 τόν·
255 365 382 395 Βασιλεῦ.
400 366 447 392 τὸν
459 367 562 400 ταύτην
578 367 628 402 τὴν
640 364 792 402 ’ἁλουργίδα
804 368 968 403 περιϐεὸλη-

183 412 261 446 μένον
277 411 320 447 [Ρ.
337 412 443 448 ὄόῚΙοὺ
466 413 519 448 χρὴ
534 413 736 447 διαψεύδεσθαι.
761 414 816 441 Καί
850 423 935 450 φησιν
955 415 969 442 ὁ

182 457 308 491 βασιλεύς
322 465 330 473 ·
347 458 428 485 Ἀλλά
444 459 497 494 μὴν
513 460 647 494 προσήκει
659 459 698 495 τῷ
714 460 822 500 βασιλεῖ
837 461 874 496 μὴ
893 461 967 488 ὑπεξ-

182 511 239 529 κειν
256 504 309 530 τινὶ
322 504 339 538 ἢ
357 504 527 536 ὑποκεῖσθαι,
543 507 590 533 καὶ
615 505 716 542 μᾶλλον
727 508 792 534 ὅταν
806 508 854 534 τοῦ
877 507 977 534 κοινοῦ.

179 548 338 582 ἀσύμφορον

216 595 260 629 Τᾦ
270 595 295 621 α’
308 595 472 623 ἕτειτοὺτου
497 597 608 633 σεισμὸς
638 598 748 633 ἐγένετο
771 600 800 626 ἐν
819 600 967 636 Ἀντιοχείᾳ

179 641 217 672 ὡς
242 641 336 676 σχεδὸν
365 643 455 670 πᾶσαν
476 643 526 678 τὴν
547 644 625 671 πόλιν
653 647 829 674 καταπεσεῖν.
850 644 934 678 Οὗτος
953 647 967 674 6

181 688 307 722 βασιλεὺς
326 688 400 724 Θρᾲξ
421 687 457 726 ἦν
470 690 509 726 τῷ
530 690 615 724 γένει,
633 691 775 726 τριῦοὖνος
804 692 853 728 τὴν
875 692 964 725 ἀξίαν.

187 734 319 770 Ἐστέφθη
337 735 365 762 δὲ
381 736 435 763 ὑπὸ
460 736 614 764 ’Λνατολιου
637 740 818 774 πατριάρχου.

215 780 314 806 Πασῶν
345 781 374 807 δὲ
398 781 454 808 τῶν
473 782 523 817 τῆς
546 783 709 818 οἰκουμένης
733 784 901 820 Ἐκκλησιῶν
916 784 965 820 τὴν

180 827 208 851 ἐν
224 826 376 863 Χαλκηδόνι
393 828 501 855 σύνοδον
516 830 735 865 ἀποδεξαμένων,
757 831 771 857 6
789 832 888 867 μιαρὸς
919 833 965 858 Τι-

182 872 274 906 μόθεος
291 873 306 899 ὀ
317 873 433 909 ἐπίκλην
445 875 576 911 Αἳλουρος
589 876 639 909 τὴν
661 876 858 912 ’Λλεξανδρέων
885 878 964 904 πόλιν

180 919 322 953 ἐτάρασσε.
338 919 501 956 Μαγγανειᾳ
522 922 576 957 γὰρ
605 923 777 957 χρησάμενος
804 924 899 955 νυκτὸς
935 925 964 950 ὲν

179 965 232 998 τοῖς
245 964 362 997 κελλίοις
379 965 434 992 τῶν
449 967 573 1002 μοναχῶν
589 969 764 1004 περιήρχετο,
795 969 838 996 ἐπ’
852 969 964 1004 ὀνόματι

178 1008 267 1035 καλῶν
287 1010 412 1042 ἕκαστον,
420 1011 475 1038 τῶν
488 1012 516 1039 δὲ
535 1013 758 1048 ἀποκρινομένων
769 1014 872 1048 ἔλεγεν
895 1015 964 1049 Ἐγὼ

178 1055 290 1090 ἄγγελός
300 1058 369 1092 ειμι,
389 1057 435 1084 καὶ
449 1058 605 1094 ἀπεστάλην
614 1059 701 1086 εἰπεῖν
716 1061 798 1087 πᾶσιν
814 1061 964 1096 ἀποστῆναι

178 1101 224 1135 τῆς
248 1103 391 1134 κοινωνίας
420 1103 569 1140 Προτεριου
595 1105 644 1132 καὶ
671 1106 725 1132 τῶν
753 1107 783 1133 ὲν
799 1107 963 1142 Χαλκηδόνι,

177 1148 308 1183 Τιμόθεον
323 1149 352 1175 δὲ
361 1150 406 1177 τὸν
420 1151 552 1186 Αῐλουρον
564 1152 714 1179 ἐπίσκοπον
735 1153 962 1189 προχειρίσασθαι

182 1194 395 1230 Ἀλεξανδρείας.
407 1196 512 1231 Πλῆθος
524 1196 551 1223 δὲ
567 1197 691 1224 ἀτάκτων
704 1198 808 1234 ἀνδρῶν
818 1199 964 1234 ὠνησάμε-

176 1246 219 1269 νος
227 1239 397 1271 τυραννικῶς
407 1240 453 1266 τοῦ
473 1240 567 1276 θρόνου
587 1241 791 1279 Ἀλεξανδρείας
805 1245 941 1279 ἐκράτησε
952 1253 959 1260 ·

176 1283 222 1309 καὶ
237 1285 428 1320 καθῃρημένης
444 1285 482 1314 ὣν
498 1287 550 1314 ὑπὸ
565 1288 612 1314 δύο
624 1289 824 1325 καθῃρημένων
842 1298 962 1325 χειροτο-

174 1330 269 1363 vim,
283 1332 449 1367 χειροτονίας
466 1342 495 1360 τε
511 1334 672 1362 ἐπισκόπων
683 1336 770 1362 ἐποίει
786 1336 960 1372 ἀχειροτόνη-

175 1386 218 1409 τος
235 1377 284 1411 ὢν,
300 1379 348 1406 καὶ
367 1379 544 1414 βαπτίσματα
565 1381 688 1408 ἐπετέλει
716 1382 901 1418 πρεσὸύτερος
924 1383 962 1418 μὴ

173 1423 221 1455 ὢν,
235 1425 283 1450 καὶ
295 1426 365 1459 μετὰ
377 1425 476 1460 λύττης
487 1426 561 1458 τινὸς
583 1427 698 1463 ἀσχέτου
728 1427 779 1464 τὴν
806 1427 888 1463 ἁγίαν
919 1437 962 1456 τε-

173 1470 277 1505 τάρτην
295 1470 402 1497 σύνοδον
419 1471 526 1507 ῢὸριζε.
544 1472 599 1512 Kal.
626 1473 672 1500 τὸν
695 1474 831 1509 μακάριον
856 1476 956 1512 Προτέ-

174 1524 232 1550 ριον
246 1515 353 1543 διδόντα
374 1516 456 1543 τόπον
484 1519 517 1553 τῇ
539 1519 608 1553 ὀργῇ
631 1519 670 1554 τῷ
696 1519 808 1555 μεγάλῳ
830 1520 961 1557 Σαϐϐάτῳ

175 1563 361 1596 κατασφάττει
379 1563 439 1598 μεθ’
458 1564 561 1599 ἑτέρων
583 1564 614 1597 ἓξ
635 1565 691 1592 τῶν
711 1566 759 1593 σὺν
786 1566 861 1602 αὺτῷ
876 1576 884 1583 ·
914 1569 961 1595 καὶ
974 1574 995 1603 c

173 1607 245 1634 κατὰ
253 1609 345 1648 πᾶσαν
355 1609 405 1645 τὴν
419 1610 496 1636 πόλιν
509 1610 639 1646 σύραντες
650 1611 680 1638 τὸ
697 1612 776 1647 σῶμα
796 1612 878 1640 αὑτοῦ
893 1614 960 1648 πυρὶ

173 1647 355 1681 κατέὶαυσαν.
388 1654 482 1690 Τούτῳ
509 1655 549 1691 τῷ
573 1656 628 1683 ἔτει
654 1657 753 1694 ἠνέχθη
782 1658 813 1684 τὸ
834 1647 960 1693 λείψανον

172 1699 222 1732 τῆς
236 1699 316 1733 ἁγίας
329 1700 467 1736 μάρτυρος
487 1702 665 1735 ’Δναστασίας
677 1704 730 1730 ἀπὸ
756 1703 804 1730 τοῦ
826 1705 957 1740 Σιρμιου,

173 1746 220 1771 καὶ
250 1747 384 1782 κατετέθη
410 1748 440 1775 ὲν
465 1748 505 1784 τῷ
527 1748 584 1784 ναῷ
603 1749 687 1784 αὐτῆς
705 1750 800 1782 ἐντοῖς
831 1751 958 1786 Δομνίνου

172 1789 310 1823 ἑμὸόλοις.

207 1835 252 1871 Τῷ
267 1836 291 1871 β’
313 1836 369 1864 ἔτει
394 1838 471 1866 Λέων
486 1840 500 1866 6
514 1839 640 1874 βασιλεὺς
669 1841 764 1876 μαθὼν
791 1841 837 1868 τὸν
863 1842 959 1870 ἄδικον

172 1881 288 1909 θάνατον
302 1884 451 1919 Προτερίου
463 1886 510 1912 καὶ
524 1885 573 1919 τὴν
586 1886 717 1922 Λῐλούρου
741 1887 862 1922 ἄθεσμον
893 1897 958 1924 προ-

175 1929 298 1964 αγωγὴν,
323 1930 434 1966 πέμψας
449 1933 512 1964 τοὺς
531 1935 748 1967 κοινωνήσαντας
758 1933 797 1968 τῷ
809 1934 958 1970 Προτερίου

172 1975 278 2010 θανάτῳ
291 1975 526 2013 ὲγλωσσοτόμησε.
545 1978 672 2014 Τιμοθέῳ
692 1979 720 2006 δὲ
736 1979 775 2011 τῷ
794 1980 895 2016 ἀνιέρῳ
909 1981 960 2008 οὐκ

171 2019 315 2056 ἐπεξῆλθε,
330 2021 380 2056 τὴν
404 2023 446 2049 ἐπ’
464 2023 539 2059 αὐτῷ
555 2024 648 2059 κρίσιν
660 2026 823 2058 ἐπισκόποις
843 2027 958 2054 καταλι-

173 2068 240 2094 πών.
255 2067 301 2102 Τῷ
317 2067 340 2095 δ’
357 2068 430 2104 αὐτῷ
446 2069 501 2096 ἔτει
528 2071 576 2097 καὶ
600 2071 693 2106 Ζήνων
713 2073 840 2109 Ἀριάδνῃ
862 2074 959 2109 μιγνυ-

171 2121 215 2139 ται
230 2114 298 2148 πρὸς
312 2115 412 2150 γάμον,
426 2117 460 2151 τῇ
476 2117 589 2149 Λέοντος
607 2117 734 2153 θυγατρί.

205 2160 251 2194 Τῷ
264 2163 287 2202 ἰδ
298 2160 355 2187 ἔτει
370 2162 522 2197 γράμματα
533 2163 600 2198 πρὸς
616 2165 680 2196 τοὺς
691 2165 810 2200 ἑκάστης
824 2160 960 2202 ἐπαρχίας

170 2199 337 2239 ἐπισκόπους
350 2208 510 2235 ἀπέστειλεν
520 2209 535 2235 6
553 2209 689 2244 βασιλεὺς,
703 2199 806 2246 γράψαι
821 2199 960 2248 αὐτῷ-τὴν

1021 286 1096 313 spem
1110 287 1186 306 suam
1202 280 1358 312 accidisset.
1373 285 1447 308 reste
1460 280 1629 314 apprehenso
1648 279 1729 306 Leoni
1745 281 1781 307 ait
1795 288 1801 306 ε

1022 324 1184 358 Imperator.
1203 325 1249 352 tali
1267 332 1386 360 purpura
1406 325 1535 352 amictum
1553 333 1608 353 non
1624 326 1700 353 decet
1727 333 1802 354 men-

1020 369 1079 396 tiri.
1096 369 1247 406 Respondit
1262 371 1429 405 imperator:
1445 371 1529 407 608
1546 371 1619 398 Sane
1634 371 1684 399 hoc
1695 367 1804 406 quoque

1021 415 1215 450 imperatorem
1231 416 1320 449 decet,
1341 418 1442 444 nemini
1471 417 1568 444 cedere
1591 421 1640 444 aut
1664 417 1802 444 subditum

1020 469 1091 492 esse.
1109 462 1227 490 maxime
1243 463 1287 490 ubi
1304 463 1329 490 id
1356 471 1418 490 cum
1450 463 1604 497 reipublica:
1630 462 1804 491 inconurodo

1020 508 1106 535 ﬁt'rcl.

1054 596 1145 625 Primo
1158 597 1241 632 hujus
1270 605 1343 625 anno
1358 598 1508 626 Antiochia:
1535 604 1612 626 terra:
1627 603 1716 626 motus
1742 599 1802 631 l'uit,

1018 643 1064 679 qui
1094 647 1178 671 totam
1212 651 1279 678 pene
1302 645 1397 671 urbem
1427 645 1584 679 prostravit.
1623 645 1676 672 Leo
1709 645 1802 672 Thrax
1828 647 1858 653 "

1017 697 1116 726 genere
1142 690 1204 723 fuit,
1232 690 1375 718 tribuuitia
1395 690 1537 726 dignitate.
1564 691 1714 718 Corouavit
1737 699 1799 718 eum

1017 734 1161 762 Anatolius
1179 735 1346 769 patriarcha.

1051 781 1118 808 Cum
1135 787 1225 809 autem
1242 789 1338 810 omnes
1351 782 1437 810 totius
1450 782 1526 810 orbis
1540 781 1669 810 Ecclesia:
1683 782 1802 809 concilio

1016 827 1233 855 Chalcedonensi
1241 828 1466 863 astipularcntur,
1478 836 1548 855 unus
1555 829 1708 857 scelerosus
1720 828 1801 855 homo

1016 873 1211 901 Alexandriam
1224 874 1401 901 conturbavit
1420 874 1593 908 Timotheus,
1618 878 1802 910 cognomento

1015 917 1139 946 Elurus.
1171 918 1196 946 ls
1231 919 1345 954 magicis
1381 919 1542 955 imposturis
1574 924 1654 948 utens
1689 921 1802 948 cellulas

1017 964 1214 992 monachorum
1240 965 1328 992 obivit
1354 969 1448 998 noctu,
1476 966 1637 993 nominatim
1663 974 1802 1002 quemque

1015 1017 1128 1038 vocans.
1151 1010 1204 1044 Qui
1229 1018 1292 1039 cum
1318 1011 1525 1046 responderent,
1562 1013 1599 1039 ita
1627 1012 1716 1040 dixit:
1743 1013 1799 1048 Ego

1016 1063 1076 1082 sutn
1095 1057 1219 1092 angelus.
1247 1057 1274 1084 in
1301 1057 1352 1085 hoc
1378 1057 1480 1085 missus
1508 1063 1538 1085 ut
1568 1065 1663 1085 omnes
1687 1058 1798 1092 jubcam

1016 1101 1154 1129 abstinere
1182 1103 1316 1131 societate
1344 1103 1459 1131 l’roterii
1488 1108 1515 1131 et
1535 1103 1799 1132 Chalcedonensium

1016 1155 1119 1179 rerum,
1136 1148 1280 1176 Timotheo
1295 1153 1387 1176 autem
1401 1148 1498 1176 Eluro
1512 1149 1698 1184 episcopatum
1722 1150 1801 1177 Alex-

1016 1192 1164 1220 andrinum
1179 1195 1300 1222 tradere.
1317 1194 1403 1222 Porro
1421 1203 1483 1222 cum
1499 1200 1635 1223 catervam
1658 1196 1798 1223 hominum

1016 1239 1237 1268 turbulentorum
1249 1241 1376 1269 mercede
1392 1247 1525 1276 parasset,
1551 1250 1600 1277 per
1626 1242 1799 1278 tyrannidem

1015 1283 1086 1311 solio
1101 1284 1250 1320 episcopali
1263 1286 1366 1320 potitus
1379 1290 1431 1314 est.
1446 1287 1484 1314 Ita
1500 1287 1546 1322 qui
1560 1287 1709 1315 damnatus
1729 1294 1798 1320 erat,

1014 1337 1029 1356 a
1040 1330 1148 1359 duobus
1160 1331 1297 1360 damnatis
1313 1333 1453 1368 deligitur,
1468 1334 1580 1368 ipseque
1594 1334 1734 1370 suffragiis
1744 1342 1798 1361 non

1014 1381 1124 1405 creatus
1138 1377 1249 1405 creandi
1264 1378 1385 1414 episcopi
1397 1378 1443 1414 jus
1454 1379 1516 1406 aliis
1532 1379 1647 1412 tribuit,
1665 1380 1799 1414 baptizat-

1013 1430 1077 1458 que,
1095 1431 1155 1450 eum
1172 1423 1315 1459 presbyter
1329 1432 1384 1451 non
1403 1429 1486 1452 esset.
1502 1425 1574 1452 Idem
1591 1425 1666 1453 rabie
1680 1425 1798 1460 quadam

1013 1467 1108 1495 cil‘rcni
1137 1475 1247 1496 sacrum
1276 1469 1423 1497 concilium
1461 1475 1588 1504 quartum
1622 1471 1802 1497 contumeliis

1014 1513 1114 1546 aﬂ'ecit,
1127 1519 1155 1542 et
1170 1514 1326 1543 Proterium
1343 1517 1390 1543 ira:
1411 1515 1511 1543 divinat
1536 1515 1626 1543 locum
1655 1516 1798 1544 cedentem

1013 1567 1130 1596 eumque
1148 1568 1181 1589 eo
1205 1569 1253 1589 sex
1281 1562 1351 1590 alios
1376 1569 1475 1598 magno
1506 1562 1627 1590 Sabbato
1654 1563 1802 1590 interfecit.

1011 1607 1097 1641 Cujus
1116 1615 1218 1643 corpus
1234 1608 1341 1636 factiosi
1360 1616 1409 1644 per
1425 1613 1509 1636 totam
1536 1609 1631 1636 urbem
1662 1615 1799 1644 raptalum

1011 1652 1234 1681 eombusserunt.
1255 1653 1304 1681 Illo
1320 1661 1393 1681 anno
1412 1654 1503 1681 aliaue
1518 1659 1582 1682 sunt
1606 1655 1708 1682 Sirmio
1731 1656 1798 1683 reli-

1010 1699 1082 1734 quis:
1097 1700 1165 1727 divae
1178 1700 1307 1735 martyris
1320 1701 1481 1733 Anastasim,
1501 1701 1583 1736 inque
1611 1701 1671 1736 ejus
1692 1702 1798 1738 templo
1831 1710 1834 1712 '

1010 1745 1152 1780 depositae,
1170 1746 1243 1780 quod
1259 1750 1301 1774 est
1315 1747 1385 1781 apud
1413 1752 1499 1774 rostra
1519 1747 1657 1775 Domuini.

1043 1835 1127 1871 609
1156 1835 1283 1864 Secundo
1318 1844 1391 1864 anno
1420 1837 1474 1866 Leo
1511 1839 1660 1874 imperator
1685 1841 1793 1874 cognita

1009 1881 1110 1916 injusta
1124 1881 1240 1909 Protcrii
1278 1883 1352 1910 caede
1375 1883 1521 1919 (Elurique
1546 1885 1640 1919 iniqua
1670 1886 1799 1921 designa-

1011 1927 1095 1960 tione,
1115 1927 1191 1955 misit
1215 1928 1261 1962 qui
1282 1928 1399 1956 Protcrii
1429 1929 1511 1957 caedis
1540 1931 1660 1959 consciis
1692 1932 1802 1966 linguas

1011 1972 1215 2001 exscinderent.
1247 1973 1376 2002 Elurum
1403 1983 1457 2003 non
1482 1976 1582 2011 puniit,
1608 1977 1714 2012 judicio
1738 1978 1799 2012 ejus

1011 2019 1151 2054 episcopis
1180 2025 1332 2048 reservato.
1352 2021 1452 2050 Eodem
1470 2030 1543 2050 anno
1558 2023 1661 2059 nuptis:
1689 2024 1800 2053 l‘uerunt

1013 2064 1132 2093 Zenonis
1152 2070 1180 2094 et
1197 2067 1326 2095 Ariadna:
1339 2067 1440 2097 Leonis
1457 2069 1527 2097 illiw.

1047 2156 1141 2183 Tertio
1159 2163 1233 2184 anno
1247 2156 1399 2192 imperator
1416 2158 1513 2185 scribit
1531 2159 1565 2186 ad
1584 2160 1707 2186 omnium
1737 2168 1800 2194 pro—

1010 2202 1164 2230 vinciarum
1179 2202 1336 2237 episcopos,
1350 2204 1473 2238 petitque
1487 2208 1516 2232 ut
1533 2212 1610 2232 suam
1628 2206 1746 2240 quisque
1766 2208 1800 2233 de

170 2252 274 2279 οὶκειαν
303 2254 418 2289 γνώμην
439 2255 565 2288 ἕκαστον,
580 2256 605 2282 εἰ
624 2258 680 2288 τοῖς
696 2257 724 2283 ὲν
738 2258 889 2293 Χαλκηδόνι
901 2260 959 2294 69t-

1014 2249 1232 2277 Chaleedonensi
1251 2250 1371 2278 concilio
1395 2256 1423 2278 et
1443 2250 1580 2279 Timothei
1603 2252 1637 2278 ad
1653 2252 1798 2287 episcopa-

171 2298 274 2326 σθείσιν
285 2299 459 2335 ἀρέσκοιντο,
472 2301 519 2328 καὶ
534 2302 599 2337 περὶ
618 2302 668 2337 τῆς
684 2303 733 2329 τοῦ
749 2303 881 2339 Λὶλούρου
899 2313 958 2339 χει-

171 2345 294 2378 ροτονίας
314 2346 342 2372 τι
366 2346 481 2380 λέγοιεν,
505 2347 550 2374 Ἐν
567 2344 609 2379 οἷς
624 2347 672 2374 καὶ
686 2348 726 2384 τῷ
740 2349 812 2384 ἁγίῳ
835 2349 959 2384 Συμεῶνι

170 2390 208 2425 τῷ
223 2390 337 2426 Στυλίτῃ
357 2391 404 2418 καὶ
417 2392 508 2424 ἄλλοις
528 2393 652 2428 Πατράσι
667 2393 887 2429 θαυματουργοῖς
911 2395 959 2422 καὶ

170 2435 251 2468 hiat;
263 2436 527 2473 διαμαρτυρόμενος,
543 2438 581 2470 ὡς
594 2439 633 2473 τῷ
645 2439 706 2474 Θεῷ
719 2439 774 2466 τῶν
789 2440 857 2467 ὅλων
883 2449 955 2476 παρ-

169 2484 244 2518 έχειν
251 2484 301 2519 τὴν
309 2484 400 2520 κρίσιν
416 2485 472 2511 τῶν
483 2486 750 2522 ἀμφισϐητουμένων
761 2487 914 2519 ποιοῦντας.
926 2488 957 2515 Οἱ

168 2530 195 2555 δὲ
212 2529 346 2565 παμψηφὶ
366 2531 526 2566 όμοφρόνως
549 2532 664 2567 κυροῦσι
681 2532 730 2567 μὲν
742 2533 792 2567 τὴν
807 2534 835 2559 ὲν
849 2533 958 2568 Χαλκη-

166 2574 223 2600 δόνι
230 2575 313 2608 ἁγίαν
325 2575 433 2602 σύνοδον
447 2573 529 2608 εἶναι,
540 2577 587 2603 καὶ
598 2577 644 2603 τὸν
654 2577 700 2605 ὑπ’
714 2578 801 2613 αὐτῆς
812 2577 958 2605 ἐκτεθέντα

165 2620 230 2654 ὅρον
242 2620 430 2655 ἀποδέχονται,
443 2621 577 2656 Τιμοθέου
592 2622 621 2648 δὲ
630 2622 783 2657 συμφώνως
800 2623 957 2659 καταψηφι-

165 2665 260 2697 ζονται
271 2666 309 2697 ὡς
323 2666 426 2701 φονέως
438 2667 485 2693 καλ¹
501 2667 639 2702 αἱρετικοῦ
678 2668 708 2695 ὃν
724 2670 771 2695 καὶ
793 2668 925 2705 ἐξώρισεν
944 2669 958 2695 6

167 2712 297 2747 βασιλεὺς
320 2713 361 2744 εις
378 2712 517 2746 Γάγγραν.
540 2714 628 2740 Κάκεῖ
645 2713 672 2740 δὲ
691 2715 852 2749 συναγωγὰς
873 2714 957 2750 ἀρξά-

166 2767 249 2792 μενος
275 2759 363 2784 ποιεῖν
390 2758 543 2794 ἐξορίζεται
567 2760 596 2785 ὲν
619 2759 752 2794 Χερσῶνι.
777 2760 909 2796 Τιμόθεος
929 2761 957 2787 δὲ

165 2804 248 2836 ἄλλος
276 2805 291 2830 ὸ
315 2803 432 2839 ὲπῑκλην
450 2805 552 2836 Λευκδς
579 2805 626 2832 καὶ
652 2806 859 2840 Σαλοφακῐολος,
878 2806 957 2841 ὀρθό-

164 2850 243 2882 δηξος
257 2849 300 2886 [Ρ.
316 2850 380 2886 548]
400 2851 445 2877 καὶ
460 2851 561 2884 ἀγαθὸς
583 2851 653 2887 ἀνὴρ
672 2852 812 2887 ὑπάρχων,
825 2853 877 2878 ὑπὸ
892 2852 958 2879 πάν-

1013 2299 1070 2322 tum
1098 2303 1246 2331 progressu
1274 2297 1439 2324 sententiam
1478 2297 1663 2331 perscribam.
1697 2298 1800 2325 Scribit

1010 2340 1083 2368 inter
1094 2341 1164 2369 alios
1177 2341 1261 2369 etiam
1279 2342 1312 2368 ad
1330 2341 1496 2376 Symeonem
1518 2341 1645 2376 Stylitam
1674 2342 1799 2377 aliosque

1011 2386 1143 2415 miriﬁcos
1169 2391 1196 2415 et
1219 2392 1331 2415 sanctos
1351 2387 1458 2419 Patres,
1485 2387 1629 2415 obtestans
1652 2392 1682 2414 ut
1703 2388 1739 2415 ita
1764 2389 1799 2415 de

1010 2433 1197 2462 controversis
1210 2433 1441 2468 rebusjudicium
1459 2432 1594 2466 facerent,
1619 2438 1650 2460 ut
1675 2435 1722 2469 qui
1744 2435 1798 2462 Deo

1010 2479 1146 2507 rationem
1159 2483 1254 2507 essent
1266 2480 1408 2507 reddituri.
1428 2479 1466 2506 Ilii
1480 2487 1545 2506 vero
1563 2488 1618 2507 uno
1631 2488 1727 2508 omnes
1738 2481 1797 2508 suf-

1012 2525 1100 2560 fragio
1115 2529 1142 2553 et
1156 2532 1240 2553 sensu
1253 2524 1478 2553 Cbalcedonense
1493 2526 1641 2553 concilium
1667 2526 1796 2561 probant,

1011 2571 1185 2600 Timotheum
1213 2571 1353 2599 homicidii
1380 2579 1412 2599 ac
1437 2572 1574 2600 hmreseos
1601 2573 1794 2601 condemnant.

1011 2618 1079 2645 Eum
1098 2618 1247 2653 imperator
1277 2617 1415 2652 Gangram
1445 2618 1584 2652 relegavit.
1610 2618 1664 2646 Sed
1682 2627 1742 2646 cum
1759 2620 1795 2648 ibi

1011 2672 1122 2700 quoque
1150 2668 1303 2692 conventus
1336 2671 1417 2699 agere
1444 2665 1590 2699 ccepisset,
1626 2665 1794 2694 Chersonem

1011 2712 1182 2745 deportatur.
1194 2710 1272 2738 Alius
1297 2715 1387 2738 autem
1412 2710 1583 2744 Timotheus,
1614 2718 1796 2746 cognomento

1012 2757 1098 2784 Albus
1111 2756 1371 2791 etSalophaciolus,
1394 2757 1435 2783 vir
1455 2757 1543 2783 bonus
1562 2761 1589 2784 et
1605 2758 1638 2784 dc
1665 2758 1795 2792 religione

1012 2808 1086 2830 recte
1107 2803 1230 2830 sentiens
1250 2803 1431 2838 omnilntsrlne
1454 2803 1566 2837 Charus,
1594 2803 1795 2831 Alexandrinus

1012 2858 1160 2885 episcopus
1177 2855 1295 2878 creatur.

167 2904 224 2923 των
255 2897 416 2933 φιλούμενος
446 2900 641 2933 χηροτονεῖιαι
671 2898 872 2934 Ἀὶεξινδρ;ἱας
900 2899 1059 2929 ἐπεσκοπος.
