2008 3149
268 155 321 187 6⁵15

913 147 1039 184 GEOﬁC
1046 153 1074 184 II
1094 153 1261 184 CEDRENI

1845 151 1902 182 676

268 210 352 239 Oasin
372 210 486 245 relegat,
514 209 703 244 episcopatum
721 207 801 236 Petro
815 208 944 244 Cuapheo
958 209 1056 236 reddit.

1110 210 1244 237 λανδίωνα
1265 209 1311 236 καὶ
1326 208 1458 244 ἐξώρισεν
1477 208 1516 239 εἰς
1542 207 1637 234 Ὄασιν
1655 207 1722 242 (89),
1749 206 1852 241 Πέτρον
1874 208 1904 232 δὲ

270 258 295 285 ls
313 257 486 284 Antiochiam
504 263 630 283 reversus
660 255 744 282 multa
762 255 833 282 mala
847 255 967 282 facinora
983 254 1058 288 fecit,

269 302 492 330 damnationibus
507 302 616 328 concilii
630 302 720 334 novis,
737 301 918 336 cjectionihus
930 302 1057 337 inculpa-

270 353 360 376 torum
373 349 578 384 episcoporum,
597 346 843 374 substitutionibus
861 352 888 374 et
904 347 1058 375 dclectihus

269 393 429 428 illegitimis,
453 393 571 427 aliisque
587 393 612 419 id
626 399 723 427 genus.
750 392 816 420 Nam
829 393 885 427 jatn
903 398 966 420 ante
981 392 1058 427 adje-

267 438 527 467 ceratsanctissimo
543 439 646 474 hymno
657 447 664 466 :
675 438 783 466 Christe
799 446 855 470 rex,
868 439 999 466 cruciﬁxe
1009 446 1060 473 pro

267 484 358 511 nobis.
381 483 446 511 Post
475 484 592 511 reditum
616 489 707 511 autem
725 484 838 512 abstulit
865 484 934 517 haec,
949 484 1059 513 Christe

268 537 327 557 rex.
354 529 388 556 Et
414 529 533 557 Xenaias
549 529 660 565 quidam
685 529 793 557 Satanae
820 538 918 558 servus
941 529 1058 558 docebat

267 584 321 603 non
336 583 399 603 esse
418 576 592 611 recipiendas
607 576 708 603 Christi
737 580 764 603 et
787 580 946 604 sanctorum
962 576 1059 611 imagi—

266 629 326 650 nes.
350 622 417 649 Erat
433 622 544 649 natione
568 621 662 654 Persa.
687 621 845 649 conditione
870 629 979 649 servus.
1008 621 1058 649 Hic

266 675 329 694 cum
355 668 407 694 sub
436 667 605 694 Calandione
630 667 798 702 profugisset
824 674 839 693 a
860 675 911 694 suo
934 667 1058 700 domino,

267 720 351 747 pagos
367 712 413 747 qui
432 717 495 740 sunt
513 713 588 739 circa
605 712 778 739 Antiochiam
794 719 809 738 a
827 712 879 740 title
907 712 1057 745 avocabat;

267 766 384 794 euntque
400 759 523 785 nondum
538 763 612 786 esset
637 757 803 793 baptizatus,
823 762 912 784 tamen
927 757 1058 784 clericum

268 812 298 832 se
318 812 379 832 esse
392 804 511 831 dicebat.
538 803 617 831 llunc
636 803 769 831 Calandio
783 803 993 838 proﬂigaverat:
1010 804 1059 832 sed

266 848 414 884 Cnapheus
440 849 648 885 llierapolitano
678 850 847 885 episcopatui
879 848 1004 884 przciccit
1026 857 1059 877 ac

266 947 329 968 eum
348 947 402 968 non
431 948 492 968 esse
519 940 699 975 baptizatum,
721 939 847 968 suliicere
874 940 898 967 ei
927 940 1058 976 designa-

268 986 371 1014 tionem
403 986 463 1014 loco
502 987 678 1022 baptismatis
715 985 871 1014 allirmavit.
919 985 1056 1014 Caeterum

266 1032 438 1068 Euthymins,
457 1034 505 1068 qui
519 1032 553 1060 de
571 1033 704 1068 religione
719 1032 903 1060 rectissimam
928 1032 1058 1060 tuebatur

267 1079 445 1111 sententiam,
470 1079 649 1107 Anastasium
669 1077 871 1109 Silentiarium,
890 1078 935 1113 qui
961 1082 1057 1112 postea

266 1125 398 1159 temporis
414 1125 563 1160 imperium
580 1125 651 1152 male
664 1125 761 1160 gessit,
784 1123 905 1151 Ecclesia
922 1123 1004 1158 ejecit
1027 1127 1057 1150 ut

267 1170 426 1198 haereticnm
439 1175 466 1197 et
484 1170 600 1206 Entyehi
611 1171 842 1198 consentientem.

299 1216 380 1243 Anno
396 1216 428 1243 l7
443 1216 516 1244 Zeno
541 1216 704 1249 Marianum,
722 1216 954 1250 sapientissimum
969 1216 1056 1243 comi-

266 1267 330 1294 tem,
341 1267 368 1290 et
384 1263 430 1298 qui
444 1270 543 1290 arcana
555 1263 678 1298 qmedam
693 1262 833 1297 prmsciret
848 1269 880 1289 ac
897 1262 1056 1298 imperatori

266 1307 412 1341 indicaret,
442 1308 620 1344 interrogavit
650 1307 777 1343 quisnam
809 1307 860 1335 sibi
891 1307 918 1335 in
938 1308 1055 1343 imperio

265 1358 337 1381 esset
365 1361 558 1381 successurus.
586 1353 737 1388 Respondit
763 1353 808 1380 ille
829 1362 836 1380 :
854 1353 1004 1388 [mperium
1029 1357 1056 1380 et

266 1407 380 1426 uxorem
394 1400 558 1435 toam621
574 1399 690 1434 accipiet
701 1399 812 1434 quidam
825 1399 859 1426 de
876 1399 1055 1432 Silentiariis,

267 1453 310 1472 tne
336 1449 426 1472 autem
452 1445 554 1479 injuste
571 1445 690 1472 occides.
718 1444 820 1472 Horum
839 1449 987 1480 utrumque
1004 1452 1056 1472 suo

266 1495 391 1525 tempore
407 1491 498 1518 exitus
517 1490 718 1526 comprobavit.
745 1489 848 1518 Eodem
868 1497 941 1517 anno
955 1489 1055 1517 Petrus

265 1537 411 1572 Cnapheus
423 1537 478 1564 vita
493 1537 612 1567 decedit,
626 1537 708 1572 inque
723 1537 784 1572 ejus
797 1537 887 1564 locum
902 1536 1052 1572 episcopus

265 1583 419 1610 Antiochia:
444 1588 554 1610 creatur
586 1582 741 1616 Palladius,
778 1583 919 1619 presbyter
961 1582 1054 1618 templi

265 1635 366 1658 sancta:
399 1634 550 1665 martyrum
577 1629 707 1664 principis
732 1629 862 1662 Theclze,
896 1628 970 1663 quod
995 1632 1056 1656 erat

265 1673 408 1702 Seleuciae.
423 1675 625 1710 Suffragatores
638 1675 870 1703 habuitloanneut
879 1674 1054 1709 Cpolitanum

265 1725 292 1748 et
308 1720 493 1754 Anastasium,
508 1722 588 1756 cujus
603 1723 682 1749 modo
694 1722 878 1749 meminimus.

302 1766 447 1795 Enimvero
462 1767 551 1795 elatus
574 1767 646 1796 fastu
663 1767 747 1800 Zeno,
771 1772 818 1795 aut
834 1769 876 1802 (ut
889 1767 991 1797 rectius
1011 1768 1052 1796 Io-

265 1812 346 1847 quar)
361 1818 426 1840 atra:
443 1813 534 1848 potius
559 1814 622 1842 bilis
636 1814 731 1841 morbo
750 1818 777 1841 et
807 1813 885 1841 furiis
907 1819 998 1847 actus,
1018 1814 1053 1842 ad

269 1860 404 1886 bonorum
424 1859 625 1894 publicationcs
649 1864 676 1887 et
696 1860 814 1894 injustas
830 1861 919 1888 cmtles
934 1861 1054 1888 animum

266 1904 376 1939 adjecit.
407 1904 474 1932 Natu
501 1905 626 1940 proximo
640 1905 741 1940 cuique
768 1905 873 1933 crimen
891 1905 1054 1939 intentabat,

265 1958 383 1985 etnnque
408 1958 462 1986 qua
481 1950 542 1986 jure
559 1959 612 1986 qua
637 1951 738 1987 injuria
764 1952 797 1979 dc
814 1951 904 1979 medio
930 1952 1054 1979 tollebat.

272 1996 427 2024 Miseranda
446 2004 502 2031 pra:
525 1997 634 2024 caeteris
648 2001 731 2032 atque
755 1997 781 2024 in
798 1997 895 2032 primis
907 1997 1056 2024 inhumana

265 2043 355 2070 caedes
371 2042 424 2070 iuit
440 2043 478 2070 illi
496 2043 630 2080 magistri,
645 2043 691 2078 qui
705 2047 733 2071 et
748 2043 830 2071 vitam
850 2042 911 2078 eius
932 2047 1057 2071 servarat

1112 258 1157 284 τὸν
1170 256 1284 291 Κναφέα
1298 257 1467 290 κατέστησεν
1482 255 1511 280 ἐν
1528 254 1609 289 αὐτῇ,
1625 253 1655 285 ὃς
1672 253 1758 280 ἐλθὼν
1771 254 1812 284 εἰς
1839 253 1902 279 ’Λν-

1111 304 1232 338 τιόχειαν
1243 302 1330 329 πολλὰ
1353 301 1426 329 κακὰ
1440 301 1580 336 ἐποίησεν,
1609 299 1854 335 ἀναθεματισμοὺς
1871 307 1902 325 τε

1112 349 1194 377 πάλιν
1216 350 1266 384 τῆς
1291 349 1402 376 συνόδου
1425 348 1474 374 καὶ
1493 346 1609 378 ἐκϐολὰς
1634 346 1794 372 ἐπισκόπων
1805 346 1903 371 ἀνεπι-

1112 396 1224 431 λήπτων
1239 393 1446 428 ἀντεισαγωγάς
1459 402 1488 420 τε
1511 393 1560 419 καὶ
1574 391 1743 427 χειροτονίας
1761 391 1903 426 ἀθέσμους

1112 441 1162 468 καῖ
1184 441 1217 467 τὰ
1240 439 1346 471 τούτοις
1365 439 1458 474 ὅμοια.
1475 438 1611 473 Πρότερον
1631 437 1659 463 δὲ
1682 437 1840 472 προσέθηκε
1863 435 1905 470 τῷ

1112 485 1253 521 Τρισαγιῳ
1271 485 1346 520 (90)·
1360 484 1462 519 Χριστὲ
1493 482 1614 518 βασιλεῦ,
1638 483 1652 508 6
1675 481 1844 518 σταυρωθεὶς
1869 481 1904 507 δι’

1112 532 1196 566 ἡμᾶς.
1206 531 1289 558 ’Υστε
1295 539 1340 566 ρον
1348 530 1376 556 δὲ
1385 529 1469 556 ἐλθὼν
1479 528 1600 564 περιεῖλε
1611 528 1652 560 τὸ,
1667 528 1769 563 Χριστὲ
1778 526 1904 562 βασιλεῦ.

1111 577 1226 608 Ξεναῖας
1241 576 1269 602 δὲ
1284 577 1299 602 6
1310 575 1402 607 δοῦλος
1417 575 1464 601 τοῦ
1475 575 1582 601 Σατανᾶ
1607 574 1657 609 τὴν
1673 573 1847 607 Δεσποτικὴν
1863 573 1904 599 εἰ-

1112 623 1179 650 κόνα
1190 623 1238 649 καὶ
1253 622 1308 649 τῶν
1324 621 1411 656 ἁγίων
1439 620 1561 648 ἐδίδασκε
1576 620 1613 655 μὴ
1627 619 1764 655 δέχεσθαι.
1790 619 1905 654 Πέρσης

1111 671 1166 705 γὰρ
1184 667 1217 705 ἦν
1230 669 1269 704 τῷ
1283 669 1369 702 γένει,
1385 667 1478 698 δοῦλος
1493 666 1522 693 δὲ
1542 666 1593 701 τὴν
1613 667 1711 700 τύχην.
1737 664 1905 700 Ἀποςυγὼν

1111 716 1140 742 δὲ
1151 715 1198 742 τοῦ
1216 716 1280 742 ἰδίου
1302 714 1346 750 [Ρ.
1361 713 1426 749 554]
1447 713 1576 740 δεσπότου
1587 713 1631 738 ὲπὶ
1648 712 1702 738 Κα)
1709 712 1836 743 ανδίωνος
1851 711 1903 743 τὰς

1112 761 1177 795 περὶ
1193 759 1359 794 Ἀντιόχειαν
1373 758 1470 792 κώμας
1483 757 1632 783 ἀνεστάτω.)
1644 756 1698 782 ἀπὸ
1708 754 1758 787 τῆς
1768 756 1903 785 πίστεως.

1117 805 1296 836 Ἀδάπτιστος
1312 804 1340 830 δὲ
1359 803 1396 830 ὣν
1421 802 1553 838 κληρικὸν
1584 801 1680 828 ἑαυτὸν
1710 798 1780 827 εἶναι
1811 800 1902 834 ἔλεγε.

1112 851 1212 878 Τοῦτον
1228 849 1386 877 Καλανδιων
1409 849 1546 884 ἀπήλασε,
1573 847 1675 882 Πέτρος
1689 847 1719 873 δὲ
1738 848 1752 874 6
1772 847 1902 880 Κναφεὺς

210 891 218 897 “
268 894 449 922 Philoxenum
458 895 619 922 nominavit.
629 894 753 929 Cumque
764 899 859 929 postea
876 894 1056 922 intellexisset

1110 897 1261 924 ἐπίσκοπον
1293 895 1472 931 Ἱεραπόλεως
1497 896 1691 930 χειροτονήσας
1721 894 1902 929 μετωνόμασε

1108 942 1257 975 Φιλόξενον.
1267 941 1369 968 Μαθὼν
1374 941 1402 967 δὲ
1413 940 1527 975 ὕστερον
1537 940 1703 967 ἀὸάπτιστον
1711 937 1789 970 εἶναι,
1801 940 1902 974 ἀρκεῖν

1108 989 1183 1024 αὐτῷ
1200 989 1251 1024 τὴν
1277 988 1448 1023 χειροτονίαν
1479 987 1540 1014 ἀντὶ
1564 987 1754 1022 βαπτίσματος
1783 986 1902 1021 ἔφησεν.

1109 1033 1247 1068 Εὐθύμιος
1257 1033 1313 1067 (91)
1329 1033 1357 1059 δὲ
1372 1032 1387 1058 6
1413 1031 1620 1067 ὀρθοδοξὸτατος
1647 1032 1824 1058 ’Δναστάσιον
1851 1030 1901 1057 τὸν

1108 1079 1302 1114 Σιλεντιάριον,
1318 1078 1362 1105 τὸν
1378 1078 1471 1109 κακῶς
1486 1078 1556 1113 μετὰ
1577 1076 1667 1104 ταῦτα
1684 1076 1902 1112 βασιλεύσαντα,

1107 1125 1157 1160 τῆς
1173 1125 1339 1161 Ἐκκλησίας
1355 1124 1465 1151 ὲδίωκεν
1483 1123 1522 1155 ὡς
1549 1123 1687 1160 αἱρετικὸν
1702 1124 1749 1150 καὶ
1759 1124 1905 1159 ὁμόφρονα

1108 1170 1254 1205 Εὑτυχοῦς.

1144 1216 1189 1251 Τῷ
1203 1217 1235 1249 ιζ’
1247 1216 1302 1244 ἔτει
1317 1216 1411 1251 Ζήνων
1423 1217 1505 1252 ἤρετο
1521 1215 1663 1251 Μαριανὸν
1677 1214 1723 1241 τὸν
1740 1214 1904 1249 σοφώτατον

1107 1262 1217 1298 κόμητσ,
1230 1271 1235 1277 ·
1248 1260 1282 1298 ἦν
1294 1263 1348 1298 γὰρ
1361 1263 1482 1298 μυστικά
1494 1271 1556 1289 τινα
1566 1262 1655 1294 εἰδὼς,
1665 1261 1737 1288 ἆκαὶ
1749 1261 1904 1296 προέλεγεν

1107 1308 1192 1344 αὐτῷ’
1209 1309 1278 1344 Φησὶ
1304 1309 1378 1343 γάρ’
1410 1308 1458 1340 Τίς
1482 1310 1540 1343 μετ’
1560 1308 1611 1343 ἐμὲ
1625 1306 1796 1342 βασιλεύσεις
1819 1307 1850 1332 '0
1870 1306 1902 1333 δὲ

1107 1351 1183 1380 εἶπεν
1192 1354 1244 1386 ὅτι,
1261 1354 1315 1380 Καὶ
1326 1354 1375 1388 τὴν
1386 1353 1524 1389 βασιλείαν
1536 1361 1583 1380 σου
1595 1353 1642 1380 καὶ
1653 1353 1702 1388 τὴν
1717 1353 1835 1387 γυναῖκά
1851 1361 1904 1378 σου

1105 1399 1256 1432 διαδέξεταί
1279 1408 1320 1431 τις
1337 1399 1391 1426 ἀπὸ
1408 1399 1609 1434 Σιλεντιαρίων,
1648 1399 1699 1434 ἐμὲ
1731 1398 1763 1425 δὲ
1788 1399 1896 1430 ἀδίκως

1106 1447 1278 1478 ἀποκτενεῖς.
1305 1446 1359 1473 Καὶ
1374 1445 1519 1481 ἀμφότερα
1547 1446 1577 1472 ὲν
1604 1448 1711 1480 καιροῖς
1739 1446 1796 1476 τοῖς
1821 1445 1902 1476 ἰδίοις

1106 1493 1244 1526 γεγόνασι.
1262 1491 1307 1527 Τῷ
1321 1491 1344 1518 δ’
1370 1492 1445 1527 αὑτῷ
1466 1492 1521 1518 ἔτει
1544 1493 1594 1518 καὶ
1609 1491 1711 1526 Πέτρος
1728 1491 1743 1516 ὁ
1768 1491 1902 1525 Κναφεὺς

1105 1536 1231 1572 τέθνηκε,
1244 1537 1290 1563 καὶ
1299 1537 1356 1563 ἀντ’
1370 1537 1453 1563 αὑτοῦ
1466 1536 1623 1569 Παλλάδιος⁹
1638 1537 1827 1572 πρεσϐύτερος
1848 1537 1903 1571 τῆς

1106 1584 1136 1609 ἐν
1156 1583 1301 1618 Σελευκείᾳ
1321 1583 1470 1618 ἐκκλησίας
1491 1583 1541 1617 τῆς
1559 1582 1654 1616 Ἀγίας
1663 1583 1903 1618 πρωτομάρτυρος

1104 1629 1220 1663 Θέκλης,
1232 1629 1388 1664 προεϐλήθη
1398 1628 1547 1661 ἐπίσκοπος
1561 1629 1738 1663 ’Δντιοχείας.
1746 1628 1906 1663 Συνεψηςί-

1105 1676 1156 1710 σϐη
1173 1675 1200 1702 δὲ
1217 1675 1303 1710 τούτῳ
1317 1675 1364 1701 καὶ
1380 1675 1505 1710 Ἰωάννης
1518 1675 1532 1701 6
1545 1674 1749 1702 Κωνσταντίνου
1763 1673 1902 1710 [πόλεως]

1105 1722 1151 1748 καὶ
1171 1721 1356 1753 Ἀναστάσιος.
1372 1722 1385 1747 6
1404 1721 1498 1752 κακῶς
1513 1721 1688 1756 βασιλεύσας,
1703 1721 1903 1756 Σιλεντιάριος.

1147 1766 1176 1793 '0
1204 1766 1295 1801 μέντοι
1327 1767 1420 1802 Ζήνων
1442 1766 1573 1801 ἐπαρθεὶς
1594 1766 1806 1802 ὑψηλοφροσύνῃ
1829 1767 1905 1801 πρὸς

1106 1811 1255 1847 δημεύσεις
1279 1813 1327 1838 καὶ
1355 1811 1452 1846 φόνους
1480 1812 1590 1844 ἀδίκους
1613 1813 1707 1847 χωρεῖ,
1734 1812 1781 1839 καὶ
1807 1812 1905 1839 πάντα

1107 1857 1251 1893 ἄνθρωπον
1267 1857 1427 1893 αἰτιώμενος
1439 1857 1482 1884 διὰ
1496 1858 1547 1892 τῆς
1565 1858 1674 1884 almo-3v
1686 1858 1776 1889 αἰτίας
1789 1858 1902 1893 ἀνῄρει.

1109 1904 1146 1931 Τὸ
1162 1904 1184 1931 δ’
1201 1904 1300 1939 ἀληθὲς
1315 1905 1414 1936 εἰπεῖν,
1431 1904 1484 1930 ὑπὸ
1505 1903 1687 1939 μελαγχολίας
1703 1904 1752 1931 καὶ
1765 1904 1904 1939 δαιμονίῳ

1109 1949 1319 1985 κρατούμενος.
1341 1949 1445 1976 ἀνεῖλεν
1477 1949 1594 1984 οἰκτρῶς
1623 1949 1671 1975 καὶ
1705 1949 1905 1985 ἀπανθρώπως

1111 1996 1197 2023 Ἴλλον
1225 1996 1271 2022 τὸν
1284 1996 1458 2032 ζμάγιστρον,
1478 1994 1511 2021 δι’
1532 1992 1562 2022 οὗ
1584 1996 1631 2021 καὶ
1648 1993 1698 2029 τὴν
1715 1995 1787 2028 ζωὴν
1805 1995 1904 2029 σχεδδν

1109 2041 1174 2077 ἔσχε
1189 2041 1239 2068 καὶ
1255 2041 1303 2076 τῆς
1324 2041 1462 2076 βασιλείας
1489 2041 1653 2076 ἐκράτησεν.
1671 2041 1791 2074 ’Δναιρεῖ
1802 2040 1830 2066 δὲ
1852 2041 1904 2067 καὶ

842 2110 1022 2139 XYLA‘SDRI
1037 2110 1082 2138 ET
1097 2108 1203 2139 GOARI
1224 2109 1340 2138 NOTAE.

303 2169 359 2205 (89)
372 2170 500 2206 Magnam
516 2170 656 2203 videlicet,
670 2170 749 2205 juxta
758 2171 871 2206 Abydon
886 2171 979 2203 sitam.
1000 2175 1056 2199 ste-
1073 2176 1094 2204 D
1108 2176 1182 2200 cent.
1213 2171 1266 2199 Sed
1299 2171 1364 2205 quid
1387 2171 1480 2199 Graeca
1508 2171 1636 2203 habeant,
1654 2172 1726 2198 scire
1741 2171 1900 2206 expediret.

266 2205 355 2241 rilem,
374 2205 505 2232 incultam
517 2210 544 2232 et
560 2206 749 2236 inhabitatam,
760 2207 787 2233 in
802 2205 883 2241 quam
896 2207 1055 2241 delinquen-

267 2243 309 2267 tes
325 2240 550 2275 LII-portabantur.
565 2241 645 2267 Plura
656 2240 828 2269 Pancirollus
843 2249 867 2268 c.
887 2241 947 2268 HO.
965 2240 1053 2269 Goan.

303 2276 359 2310 (90)
375 2275 470 2302 Oratio
483 2280 534 2307 est.
547 2283 601 2310 qua
617 2277 655 2303 nil
674 2277 844 2311 frequentius
871 2277 897 2303 in
916 2284 963 2303 ore
979 2277 1055 2304 Grae-

266 2317 360 2347 corum
377 2318 384 2347 ς
409 2311 502 2342 ’Ἄγιος
518 2312 532 2337 6
547 2311 623 2344 Θεὸς,
639 2311 716 2345 ἅγιος
729 2312 849 2347 ἰσχυρὸς.
862 2312 939 2345 ἅγιος
952 2311 1057 2347 {Riva-

265 2354 321 2377 τος,
338 2346 451 2381 ἐλέησον
477 2347 560 2381 ἡμᾶς.
590 2347 660 2374 Ante
689 2347 769 2380 cujus
786 2347 880 2373 ultima
902 2346 984 2372 verba
999 2346 1057 2374 haec

266 2382 318 2407 alia
338 2380 407 2407 Petri
429 2381 558 2416 Gnapha-i
582 2389 715 2416 sequaces
729 2383 875 2408 voluerunt
899 2382 1004 2408 inserta
1022 2382 1058 2408 :6

266 2416 434 2450 σταυρωοεὶς
444 2416 477 2442 δι’
499 2417 582 2451 ἡμᾶς.
601 2416 649 2444 llic
675 2425 756 2449 porro
776 2417 893 2452 hymnus
909 2424 965 2443 non
991 2425 1056 2442 sun-

265 2452 396 2477 ctisaimus
410 2455 559 2486 utcunque,
576 2453 654 2486 juxta
675 2452 853 2487 bylandrum,
872 2451 919 2478 sed
941 2456 979 2478 ler
995 2460 1058 2478 san-

265 2493 333 2522 ctus.
348 2487 382 2513 ob
398 2491 440 2513 ter
466 2492 573 2514 sanctus
588 2495 684 2514 vocem
700 2486 854 2522 repetitam,
881 2487 908 2513 in
934 2486 1056 2514 Ecclesia

264 2521 358 2548 Graeca
375 2527 559 2556 nuncupatur.
577 2522 663 2549 (ἔοικ-

300 2556 355 2590 (9|)
369 2556 526 2590 Euphemius
542 2558 696 2592 legendum,
711 2565 743 2585 ex
759 2556 923 2592 Nicephoro,
935 2557 1056 2588 Zonara,

265 2589 419 2625 Titi-odoro,
433 2593 527 2626 buida,
543 2589 668 2628 Evagrio,
685 2589 791 2620 tametsi
807 2589 876 2619 infra
897 2592 922 2619 iu
943 2593 1058 2620 Anasta-

265 2633 306 2652 sto
315 2634 423 2653 rursum
433 2629 470 2654 ita
482 2627 750 2663 legaturICaﬂerum
768 2627 951 2656 silentiarium
970 2628 1057 2654 fuisse

266 2668 321 2688 non
345 2670 450 2698 magna:
473 2662 617 2698 dignitatis
641 2664 770 2695 oliicium,
805 2663 885 2690 initio
909 2662 1056 2690 Anastasii

265 2701 357 2735 [nonet
369 2695 698 2733 Zonarastuspinianus
709 2699 810 2732 quietis
824 2698 978 2735 ministrum
997 2705 1056 2735 ver-

266 2733 366 2768 tit._et
384 2739 445 2758 esse
471 2738 548 2766 putat
572 2742 651 2768 quem
675 2733 868 2767 jurisconsuhi
893 2734 979 2759 virum
1000 2733 1057 2759 cla-

264 2766 406 2804 rissimum
418 2769 487 2804 sacri
499 2766 591 2801 palatii
607 2766 776 2804 nuncupent.
795 2769 828 2796 Et
842 2769 882 2796 sic
906 2767 977 2803 apud
991 2768 1056 2804 Ifro-

264 2803 373 2835 ευρίιιιιι
390 2802 408 2829 Ι.
421 2810 438 2829 ιι
450 2802 516 2830 Belli
531 2804 631 2831 Persici
647 2802 744 2839 legitur
756 2803 881 2831 Adoliutn
897 2802 1056 2830 Armenium

267 2838 351 2864 l'tttssc
365 2839 539 2872 imperatoris
553 2840 580 2865 in
593 2838 693 2873 palatio
706 2840 739 2866 ad
757 2848 787 2866 cu
798 2847 858 2874 qua:
874 2845 936 2866 sunt
952 2838 1053 2873 quietis

266 2873 517 2905 tuinistrunt,onod
540 2882 639 2901 qunus
663 2875 777 2902 Romani
795 2874 977 2902 silentiariinu
1004 2880 1053 2899 vo-

1109 2207 1174 2239 Alii,
1191 2215 1252 2234 meo
1264 2206 1378 2240 judicio,
1390 2214 1443 2234 non
1459 2207 1548 2241 inepte
1567 2207 1684 2234 scribam
1698 2207 1829 2236 auiicum.
1849 2207 1904 2233 hoc

1109 2248 1150 2269 est
1162 2250 1224 2268 eum
1240 2241 1325 2269 fuisse
1339 2246 1434 2276 putant
1450 2243 1494 2276 qtti
1519 2250 1591 2269 nunc
1606 2243 1772 2270 sect'clarins
1784 2242 1902 2269 dicitur.

1110 2277 1220 2304 Rectius
1254 2277 1431 2312 σιλεντιάριος
1459 2278 1542 2312 scribi
1568 2283 1632 2311 puto
1661 2285 1741 2310 quam
1773 2277 1903 2303 σιλεντά-

1110 2320 1176 2347 ριος.
1195 2312 1277 2340 Certe
1293 2313 1319 2338 in
1347 2312 1437 2339 Leone
1460 2311 1643 2339 leonomat'ho
1663 2312 1795 2338 σιλέντιον
1810 2313 1904 2347 ποιεῖν

1108 2346 1248 2375 decretqu
1262 2348 1385 2383 scribere
1401 2348 1547 2383 signiﬁcat.
1566 2348 1610 2374 ubi
1629 2347 1727 2383 Leonis
1746 2354 1809 2372 cum
1830 2346 1903 2372 Ger-

1108 2389 1191 2409 mano
1213 2386 1272 2408 acta
1305 2382 1474 2409 referuntur.
1508 2382 1574 2409 XYL.
1602 2397 1637 2401 —
1673 2382 1901 2408 Silentiariorum

1108 2418 1202 2445 schola
1228 2418 1299 2444 inter
1320 2418 1495 2451 imperatoris
1512 2418 1658 2452 stipatores
1683 2417 1900 2452 spectatissima,

1108 2454 1153 2479 cui
1165 2452 1287 2479 adlectus
1301 2452 1351 2478 fuit
1364 2453 1536 2479 Anastasius.
1552 2451 1762 2486 Evagriusllist.
1782 2452 1848 2478 εδει.
1858 2460 1900 2483 ιιι,

1109 2488 1143 2514 39
1162 2495 1169 2516 :
1189 2487 1358 2522 ’Δναστασίῳ
1391 2487 1436 2513 τὸν
1461 2488 1593 2521 στέφανον
1617 2487 1789 2521 περιτίθησιν
1820 2487 1902 2512 οῡπω

1110 2523 1160 2557 μὲν
1171 2523 1265 2557 ἥκοντι
1294 2523 1333 2554 εἰς
1357 2523 1515 2557 γερουσίαν,
1535 2524 1563 2548 ἐν
1576 2522 1604 2548 δὲ
1627 2524 1660 2557 τῇ
1680 2522 1818 2558 λεγομένῃ
1843 2523 1901 2548 τιῖιν

1109 2558 1297 2593 σιλεντιαρίων
1314 2559 1394 2592 σχολῇ
1408 2558 1630 2592 καταλεγομένη).
1650 2558 1694 2584 Isti
1715 2557 1818 2585 Graecis
1833 2562 1902 2584 sunt

1109 2593 1278 2627 ἠσυχοποιοί,
1299 2593 1345 2626 qui
1362 2594 1395 2619 ad
1420 2593 1594 2627 imperatoris
1613 2593 1696 2620 latera
1717 2593 1856 2619 silentium
1873 2598 1902 2618 rt

1109 2630 1230 2661 quietem
1250 2628 1384 2661 indicunt,
1411 2628 1487 2662 juxta
1505 2627 1661 2662 Agathiam,
1687 2628 1834 2654 ἐπιστάται
1849 2627 1901 2660 τῆς

1108 2664 1183 2698 ἀμφὶ
1195 2663 1240 2690 τὸν
1261 2663 1374 2698 βασιλέα
1391 2663 1482 2697 σιγῆς.
1504 2663 1577 2690 inter
1598 2663 1764 2690 clarissimos
1781 2670 1794 2688 ιι
1813 2662 1900 2688 horn-

1108 2700 1172 2726 theo
1183 2702 1478 2726 numeranturmorum
1493 2698 1576 2729 enim.
1589 2703 1618 2724 ut
1631 2699 1678 2729 ait,
1694 2698 1807 2731 λαμπρὰ
1818 2706 1903 2732 στρα-

1108 2735 1164 2767 τιά,
1196 2735 1324 2768 quamvis
1352 2734 1526 2760 Anastasium
1550 2733 1624 2768 hunc
1645 2733 1698 2759 τῶν
1715 2734 1900 2768 χαμαιζήλων

1108 2767 1283 2804 ἁξιωμᾶτων,
1297 2769 1395 2795 intima:
1411 2768 1563 2803 dignitatis.
1580 2767 1702 2795 Zonaras
1714 2767 1834 2800 scribat;
1853 2768 1898 2801 qui

1110 2803 1239 2831 nimirum
1267 2805 1338 2830 inter
1354 2804 1458 2830 aulicos
1483 2804 1641 2838 prmelu‘us,
1659 2804 1739 2838 longe
1758 2809 1849 2830 latnuu
1866 2803 1900 2829 ab

1109 2839 1256 2868 ambienda
1274 2847 1394 2875 purpura
1409 2839 1516 2874 positus
1542 2838 1628 2866 fuisse
1644 2838 1793 2867 videretur.
1809 2838 1897 2865 Cosa.
