2008 3149
106 143 158 174 677

654 145 926 178 HISTORIARUM
943 149 1208 182 COMPENDIUM.

1683 156 1737 187 ῦῗὸ

105 199 149 223 τὸν
175 197 334 232 θαυμαστὸν
355 197 401 225 καὶ
419 199 484 234 περὶ
508 199 618 235 ποίησιν
650 201 726 228 ἐπῶν
754 201 895 237 ἀξιόλογον

947 209 974 232 et
997 213 1059 232 eum
1085 207 1118 233 ad
1149 207 1293 243 imperium
1322 213 1459 237 evexerat.
1492 209 1632 239 lntcrfecit
1655 213 1737 241 etiam

104 243 191 278 ἄνδρα
228 243 363 278 Πελὰγιιιν
393 244 439 270 τὸν
476 245 631 280 πατρίκιον,
658 247 897 284 ἐλευθεροστομετν

103 289 205 322 εἰδότα,
222 290 260 322 ὠς
273 291 407 326 φρόνιμον
422 292 467 318 καὶ
493 292 596 320 δίκαιον
611 294 658 320 καὶ¹
675 295 800 330 φανερῶς
816 296 896 330 ὲλέγο

103 345 186 370 χοντα
211 337 260 368 τὰς
288 336 435 372 ἀθεμίτους
455 338 580 374 Ζήνωνος
608 340 742 376 πράξεις·
759 341 789 373 ὃς
813 342 841 368 ὲν
858 341 897 378 τῷ

105 383 216 417 μέλλειν
230 383 332 415 ἀδίκως
347 383 475 419 τελευτᾷν
499 386 607 413 τοιάσδε
623 387 716 421 φωνὰς
731 387 807 422 ἠφίει
829 388 897 423 πρὸς

100 429 145 454 τὸν
159 429 218 456 τῶν
236 429 305 456 ὅλων
319 430 400 461 Θεὸν,
424 432 464 462 είς
481 432 595 466 οὐρανὸν
618 433 669 464 τὰς
686 434 780 469 χεῖρας
795 434 897 462 ἀναπε-

101 475 202 506 τάσας·
220 474 265 506 Αἰ,
281 475 330 502 Θεὲ
343 475 506 509 δικαιότατε,
520 478 581 512 ἐμοὶ
598 478 648 513 μὲν
664 479 796 513 ἐπάγεται
812 479 897 515 βίαιος

102 522 233 553 Θάνατος.
247 522 315 548 διότι
341 522 391 554 τὰς
408 523 509 555 πολλὰς
532 524 592 560 βίας
609 526 733 560 Ζήνωνος
753 525 897 562 ἐλευθερο-

102 568 217 603 πομῶν
240 568 410 601 ἀνέστελλον,
434 569 483 596 καὶ
510 570 551 597 ότι
583 570 630 597 τὸν
656 571 761 606 ἠλίθιον
782 571 902 611 ἀδελφὸν

100 614 186 640 αὐτοῦ
200 615 229 641 οὐ
240 614 411 650 συνεχώρουν
422 615 534 650 βασιλέα
542 617 670 650 γενέσθαι
680 625 687 632 '
702 617 782 653 σὺζδὲ,
793 618 896 646 Δέσπο-

101 669 134 686 τα
153 660 358 696 παντοδύναμε,
374 657 396 695 ᾧ
428 662 504 696 μέλει
528 663 563 688 τὰ
585 663 632 689 τοῦ
651 662 767 696 δικαίου,
799 664 896 691 θᾶττον

101 707 199 738 αὐτοῖς
213 706 260 741 τῆς
272 708 430 742 μιαιφονίας
444 708 609 743 ἀπαιτήσεις
624 708 673 740 τὰς
687 709 813 741 εὐθύνας.
828 710 898 737 Τού-

99 760 146 777 του
163 753 278 788 φέρεται
300 753 416 788 ’ἱστορία
432 753 466 780 δι’
480 754 552 781 ἐπῶν
569 756 752 792 γεγραμμένη
767 756 822 783 ἀπὸ
840 756 896 783 Λύ-

101 797 220 830 γούστου
238 798 387 833 Καίσαρος.
415 799 518 826 Τούτου
543 800 654 835 πόνημα.
681 801 729 827 καὶ
748 801 782 828 τὰ
799 800 897 828 καλού-

101 853 174 877 μενα
196 844 404 881 Ὀμηρόκεντρα
420 846 467 872 καὶ
477 846 545 873 ἄλλα
565 846 651 882 μυρία
662 846 802 882 θαύματος
819 847 894 880 ἄξια.

103 890 144 915 Τὰ
154 889 239 924 ὃμοια
256 890 284 916 δὲ
296 890 426 924 πέπονθε,
440 894 487 918 καὶ
507 891 630 927 Ζὼοιμος
645 892 659 918 ὁ
670 892 785 924 Γαζαῖος
801 893 893 928 ῥήτωρ

100 935 149 961 καὶ
168 935 311 970 ’Δρκάδιος
336 937 350 963 ὁ
369 937 489 973 ἔπαρχος
504 939 552 965 καὶ
570 938 647 965 ἄλλοι
664 938 718 965 τῶν
737 939 893 974 ἐπισήμων.

100 981 233 1008 Τοιούτου
256 982 310 1018 γὰρ
329 983 376 1009 καὶ
397 984 526 1010 τοσούτου
549 984 691 1018 γεγονότος
703 984 751 1011 τοῦ
772 985 895 1020 Ζήνωνος

100 1028 131 1054 ἐν
151 1036 182 1053 τε
199 1028 289 1063 φόνοις
312 1029 359 1056 καὶ
382 1029 522 1064 ἀθεμίτοις
537 1030 681 1066 πράξεσιν,
706 1031 756 1058 οὐκ
772 1032 894 1067 ἠμέλησε

99 1072 134 1098 τδ
149 1072 228 1099 Θεῖον
247 1073 289 1104 εἰς
321 1073 371 1109 τὴν
394 1073 489 1100 τούτου
511 1074 552 1110 [1³.
572 1074 635 1111 555]
657 1075 809 1110 ἀναίρεσιν,
826 1075 894 1103 ἀλλὰ

102 1119 236 1153 σφοδραῖς
257 1121 305 1146 καὶ
331 1119 526 1154 ἀδιαγνώστοις
549 1120 657 1152 ὀδύναις
685 1121 740 1148 πᾶν
761 1121 791 1148 τὸ
814 1121 894 1157 σῶμα

101 1165 253 1201 περιὸαλδν
279 1165 375 1200 βιαίως
398 1166 446 1194 τοῦ
475 1166 525 1202 ζῇν
555 1167 740 1203 ἀπεστέρησε.
760 1167 848 1202 Λόγος
866 1169 894 1195 δὲ

101 1211 219 1245 ἐφέρετο
233 1211 274 1237 ὃτι
296 1210 330 1237 ἐκ
348 1219 420 1243 τινος
437 1210 513 1243 θείας
531 1211 674 1247 δυνάμεως
696 1212 893 1248 ἐκαρατομήθη

101 1257 239 1291 ἀοράτως,
260 1256 343 1292 μόνης
361 1257 410 1291 τῆς
423 1257 524 1292 δέρεως
538 1256 578 1292 τῷ
599 1258 729 1294 τραχήλῳ
751 1259 893 1294 συνημμέ-

103 1311 162 1337 νης.
178 1303 234 1338 Τῆς
246 1300 293 1329 οὖν
310 1303 431 1338 γαμετῆς
451 1303 534 1330 αὑτοῦ
558 1304 605 1330 καὶ
623 1304 677 1331 τῶν
692 1304 894 1340 θαλαμηπόλων

102 1349 154 1384 τῆς
173 1349 280 1380 οἰκείας
306 1349 456 1384 ἀσφαλείας
483 1351 703 1386 προνοουμένων,
726 1351 822 1378 εἴασαν
849 1350 894 1378 τὸν

104 1395 202 1430 νεκρὸν
218 1394 345 1430 κείμενον
361 1395 465 1431 γυμνὸν
478 1395 525 1422 ἐπὶ
538 1395 655 1427 σανίδος,
672 1395 719 1422 καὶ
735 1395 811 1430 μόλις
823 1395 894 1431 ἀμφὶ

103 1441 149 1467 τὸν
161 1440 260 1476 ὄρθρον
282 1441 336 1467 τῶν
354 1440 384 1467 ού
407 1441 600 1476 προσηκόντων
619 1449 662 1473 τις
683 1441 794 1477 ἔρριψεν
820 1441 894 1477 αὺτῷ

105 1487 221 1514 σινδόνα.
240 1487 319 1515 Μετὰ
337 1488 366 1515 δὲ
381 1487 410 1514 τὸ
426 1488 607 1523 κατατεθῆναι
623 1488 705 1515 αὑτὸν
720 1489 748 1514 ὲν
763 1488 803 1523 τῷ
816 1488 894 1523 τάφῳ

104 1533 209 1567 ἔφασαν
224 1534 249 1560 οι
264 1534 500 1569 σωματοφύλακες
509 1534 532 1560 oi
547 1534 576 1561 ἐν
587 1533 626 1569 τῷ
640 1534 719 1570 τάφῳ
732 1535 894 1569 τεταγμένοι

104 1581 204 1615 γοερὰν
224 1581 317 1616 φωνὴν
336 1581 382 1607 ἐπὶ
397 1580 444 1607 δύο
471 1580 572 1612 νύκτας
593 1580 768 1608 ἀποδίδοσθαι
792 1581 825 1607 ἐκ
848 1581 895 1608 τοῦ

106 1628 247 1662 μνήματος
265 1627 359 1654 αὐτοῦ·
374 1625 532 1661 Ἐλεήσατε,
550 1626 695 1662 ἐλεήσατε,
708 1627 756 1653 καὶ
772 1626 897 1659 ἀνοίξατὲ

107 1680 161 1706 μοι.
175 1671 236 1698 Τῶν
244 1672 273 1698 δὲ
281 1672 423 1704 εἰπόντων,
436 1671 576 1703 ὄτιἊλλος
586 1670 805 1706 βασιλεύει,ἔφη·
813 1671 896 1698 Οὐδέν

107 1726 151 1753 μοι
168 1719 247 1753 μέλει
260 1726 267 1732 ·
279 1719 320 1750 είς
327 1719 511 1753 μοναστήριον
519 1717 677 1752 ἀπαγάγετε
688 1726 733 1752 με.
743 1717 804 1745 Τῶν
816 1717 844 1744 δὲ
859 1718 898 1754 μὴ

107 1764 282 1797 ἀνοιξάντων,
296 1764 406 1798 λέγεται
425 1764 494 1799 μετά
523 1773 585 1791 τινα
605 1764 701 1799 χρόνον
713 1764 745 1791 τδ
763 1764 896 1799 μνημεῖον

107 1811 259 1845 ἀνοιγῆναι,
273 1810 322 1837 καὶ
333 1810 480 1846 εὑρεθῆναι
494 1810 577 1837 αὐτὸν
593 1810 645 1837 ὑπο
660 1809 756 1844 πείνης
773 1810 896 1844 φαγόντα

107 1856 167 1888 τοὺς
183 1855 332 1891 βραχίονας
347 1856 430 1883 αύτοῦ
447 1857 494 1883 καὶ
511 1856 545 1882 τὰ
560 1856 674 1890 καλίγια
687 1855 742 1890 (92)
758 1855 776 1882 ἃ
791 1855 896 1890 ἐφόρει,

107 1901 148 1928 διὰ
157 1902 187 1928 τὸ
201 1901 308 1937 συχνῶς
318 1902 357 1937 τῷ
371 1902 480 1936 κατόχῳ
497 1902 632 1937 νοσήματι
659 1901 831 1936 κρατεῖσθαι,
849 1902 897 1928 καὶ

107 1948 324 1982 προφιλιωθῆναι
338 1948 380 1974 ἔτι
406 1948 507 1980 ζῶντος
521 1947 604 1975 αὐτοῦ
631 1947 680 1983 τὴν
700 1947 843 1982 ’Δριάδνην
858 1947 897 1983 τῷ

113 1994 291 2029 ’Δνασταᾳίῳ,
319 1994 381 2021 ὅθεν
408 1994 456 2021 καὶ
482 1994 507 2020 οἱ
525 1993 645 2029 φύλακες
669 1993 725 2020 τῶν
750 1992 898 2028 βασιλικῶν

109 2039 260 2074 μνημάτων
269 2041 302 2076 τῇ
312 2040 486 2075 παραγγελία
495 2039 581 2074 αὐτῆς
591 2040 659 2074 πρδς
669 2039 698 2066 ’τὸ
704 2038 746 2074 μὴ
755 2040 897 2074 ἀνοιγῆναι

105 2085 149 2111 τὸν
165 2086 278 2120 Ζήνωνα
295 2085 475 2120 ἐτυπώθησαν
488 2085 581 2111 ἔκτοτε
596 2084 663 2119 (95).

146 2131 192 2158 Ἐν
204 2131 297 2162 αὐτοῖς
313 2131 342 2158 δὲ
356 2132 413 2163 τοῖς
427 2131 533 2167 χρόνοις
551 2130 673 2166 Περόξης
683 2131 697 2157 ὁ
714 2130 768 2157 τῶν
786 2130 897 2164 Περσῶν

107 2176 236 2211 βασιλεὺς
254 2177 337 2204 πάλιν
363 2177 582 2212 ἐπιστρατεύσας
608 2177 656 2202 ἐπὶ
691 2177 754 2207 τοὺς
781 2175 898 2206 λευκοὺς

949 249 1089 285 Pelagium
1104 253 1262 287 patricium,
1276 254 1365 281 virum
1384 255 1545 288 praeclarum
1560 260 1588 284 et
1606 258 1737 285 carminis

949 296 1100 331 scriptione
1129 298 1274 333 insignem,
1307 300 1379 334 quod
1409 301 1432 328 is
1459 308 1509 335 pro
1524 308 1572 328 sua
1592 302 1737 336 prudentia

947 345 975 369 et
989 342 1098 377 iustitia
1120 343 1272 371 libertatem
1286 345 1392 373 dicendi
1411 347 1462 374 sibi
1479 355 1603 382 sumens,
1617 347 1738 376 Zenonis

950 387 1055 416 nefaria
1069 388 1189 416 facinora
1207 391 1295 425 palam
1313 391 1477 420 incessebat.
1508 392 1657 421 Morituros
1680 402 1737 421 ma-

910 470 913 473 γ
946 434 1027 462 nibus
1055 435 1083 462 in
1112 435 1211 463 ccelum
1237 437 1349 465 intentis
1376 439 1461 466 Deum
1490 439 1612 467 omnium
1643 448 1736 468 rerum

947 481 1159 516 gubernatorem
1175 481 1217 509 sic
1227 487 1269 509 est
1291 487 1418 517 precatus
1433 492 1441 510 :
1458 483 1480 511 Ο
1490 485 1644 519 iustissime
1655 485 1735 517 Deus,

947 525 1013 552 mihi
1029 525 1139 561 quidem
1153 526 1254 561 iniusta
1266 529 1322 555 'nex
1347 528 1473 562 infertur,
1490 535 1636 564 propterea
1662 532 1735 566 quod
1783 545 1786 549 λ

947 571 1033 599 libero
1042 579 1089 599 ore
1097 571 1216 600 Zenonis
1228 573 1312 600 multa
1329 573 1452 602 facinora
1470 576 1589 602 violenta
1605 577 1735 612 repressi,

946 621 974 645 et
1006 618 1079 652 quod
1118 617 1223 645 fatuum
1250 619 1311 654 eius
1342 620 1453 648 fratrem
1489 622 1564 648 nolui
1600 623 1734 651 Caesarem

947 663 1097 698 designari.
1127 663 1168 692 Tu
1188 670 1279 693 autem
1297 685 1305 698 ,
1330 666 1445 694 Domine
1463 668 1636 702 omnipotens
1649 688 1658 701 ,
1687 672 1734 704 qui

945 709 1061 744 iustitiae
1077 709 1212 737 rationem
1238 710 1334 744 habes,
1357 719 1439 746 quam
1462 712 1579 746 priumm
1603 713 1735 741 scelerata

946 762 1043 782 eorum
1068 755 1216 784 homicidia
1246 757 1353 791 punito.
1387 757 1484 785 Exstat
1504 758 1623 786 Historia
1648 760 1683 787 ab
1704 768 1736 787 eo

946 801 1028 836 62³
1057 802 1162 837 scripta
1189 803 1327 836 versibus,
1346 804 1381 830 ab
1394 805 1517 838 Augusto
1533 805 1640 832 Caesare
1659 814 1734 832 orsa.

948 845 1163 875 llomeroecntra
1188 848 1270 876 etiam
1299 849 1466 884 composuit.
1491 851 1600 886 aliaque
1621 851 1735 886 plurima

908 879 933 908 Β
948 891 1028 920 laude
1045 891 1138 927 digna.
1161 893 1234 920 Zeno
1249 898 1340 921 autem
1353 892 1493 922 Zositnum
1508 879 1638 931 praiterela
1655 897 1737 924 inter-

948 937 1024 970 fecit.
1040 938 1176 966 rhetorem
1191 938 1330 971 Gazzeum,
1355 944 1382 967 et
1402 940 1550 968 Arcadium
1566 941 1735 976 praefectum,

948 984 1072 1019 aliosque
1089 984 1209 1012 illustres
1222 985 1306 1013 viros.
1332 985 1426 1021 Neque
1438 994 1503 1014 vero
1519 991 1558 1013 tot
1569 987 1690 1014 caedibus
1703 996 1735 1015 ae

947 1030 1101 1058 sceleribus
1115 1038 1167 1058 non
1183 1031 1314 1066 imposuit
1329 1039 1424 1067 poenas
1435 1032 1528 1060 divina
1542 1033 1674 1065 vindicta,
1686 1036 1734 1062 sul

947 1083 1008 1103 eum
1026 1076 1236 1104 vehementibus
1259 1082 1342 1112 atque
1356 1077 1502 1112 incognitis
1517 1077 1660 1106 doloribus
1676 1083 1735 1106 toto

947 1128 1064 1156 corpore
1075 1123 1261 1150 excruciatum
1277 1123 1394 1150 violenta
1409 1127 1496 1150 morte
1506 1124 1627 1151 sustulit.
1636 1124 1736 1152 Fertur

948 1167 1019 1194 fama
1035 1168 1060 1195 ei
1077 1175 1092 1195 a
1106 1169 1223 1204 quadam
1241 1168 1333 1196 divina
1346 1174 1481 1204 potestate
1503 1170 1540 1196 ita
1553 1169 1639 1198 fuisse
1650 1176 1735 1206 caput

948 1213 1114 1246 abscissum,
1130 1218 1159 1241 ut
1173 1222 1204 1241 ea
1219 1222 1263 1243 res
1278 1220 1455 1250 conspectum
1472 1215 1614 1243 hominum
1630 1216 1734 1252 fugeret

947 1259 1060 1295 solaque
1085 1265 1148 1288 cute
1177 1265 1258 1296 caput
1283 1269 1346 1288 cum
1378 1261 1532 1290 cervicibus
1561 1261 1733 1297 iungeretur.

948 1302 1040 1338 Itaque
1063 1311 1175 1332 uxorem
1197 1310 1224 1332 et
1244 1304 1428 1332 cubicularios
1443 1306 1560 1341 propria:
1572 1307 1653 1334 saluti
1668 1315 1732 1335 eon-

947 1349 1070 1377 sulentes
1086 1355 1223 1378 mortuum
1246 1351 1273 1378 in
1297 1358 1389 1379 assere
1413 1351 1548 1386 iacentem
1568 1353 1733 1388 reliquisse:

947 1395 1069 1423 diluculo
1079 1396 1188 1423 tandem
1203 1396 1347 1431 quemdam
1363 1397 1438 1424 nulla
1453 1405 1514 1425 eum
1532 1399 1735 1426 necessitudine.

947 1441 1139 1476 attingentium
1155 1441 1300 1468 sindonem
1313 1441 1439 1468 cadaveri
1448 1441 1589 1476 iniecisse.
1599 1441 1746 1469 Satellitcs‘

948 1494 1030 1522 porro
1046 1487 1093 1522 qui
1120 1487 1154 1514 ad
1174 1487 1331 1522 sepulcrum
1346 1507 1354 1519 ,
1383 1487 1409 1514 in
1435 1495 1488 1522 quo
1510 1488 1649 1522 repositus
1672 1488 1733 1520 fuit,

947 1533 1157 1561 custodiendum
1179 1538 1258 1561 erant
1284 1533 1410 1561 collocati
1424 1552 1432 1565 ,
1463 1533 1614 1567 retulerunt
1639 1541 1669 1560 se
1690 1541 1737 1568 per

948 1579 1018 1606 duas
1050 1583 1145 1607 nectes
1178 1579 1380 1607 lamentabilcm
1407 1587 1501 1607 vocem
1538 1579 1677 1607 audivisse
1703 1587 1735 1606 ex

947 1625 1075 1660 sepulcro
1100 1625 1222 1652 elatam:
1256 1625 1450 1658 Miseremini,
1477 1628 1505 1653 et
1532 1624 1636 1660 aperite
1658 1625 1735 1652 mihi.

946 1671 1014 1700 Cum
1029 1672 1153 1699 dicerent
1176 1672 1260 1699 alium
1278 1672 1335 1706 iam
1355 1672 1502 1707 imperare,
1530 1672 1615 1705 Nihil,
1637 1671 1736 1707 inquit.

946 1726 1036 1746 curo:
1059 1718 1086 1746 in
1108 1719 1306 1746 monasterium
1327 1726 1370 1745 me
1385 1718 1524 1745 abducite.
1548 1717 1601 1746 Sed
1621 1725 1683 1745 eum
1700 1718 1737 1744 illi
1786 1719 1793 1730 ’

946 1770 1001 1790 non
1018 1762 1167 1798 aperirent,
1187 1761 1279 1790 ferunt
1294 1762 1435 1798 aliquanto
1461 1768 1523 1797 post
1537 1763 1737 1790 monimentum

948 1808 1034 1836 fuisse
1056 1808 1195 1835 reclusum
1213 1809 1409 1842 inventumque
1425 1808 1453 1835 in
1470 1816 1502 1835 eo
1518 1807 1667 1839 Zenonem,
1691 1809 1738 1842 qui

947 1861 1003 1888 pra:
1020 1853 1092 1880 fame
1109 1860 1177 1880 suos
1202 1853 1260 1888 ipse
1276 1853 1394 1880 lacertos
1415 1853 1557 1880 manderet
1579 1858 1606 1880 et
1623 1854 1736 1888 caligas,

947 1906 1017 1934 quas
1034 1899 1170 1934 gestabat,
1186 1899 1250 1933 quia
1278 1900 1376 1926 crebro
1387 1899 1520 1927 comitiali
1538 1899 1739 1934 corripiebatur

948 1945 1055 1976 morbo,
1071 1949 1098 1973 et
1109 1945 1170 1980 ipso
1193 1946 1284 1973 adhuc
1302 1945 1409 1973 vivente
1422 1946 1543 1973 Ariadna
1557 1946 1736 1974 Anastasium

947 1991 1067 2019 amabat.
1106 1991 1199 2026 Itaque
1223 1999 1255 2019 ea
1276 1992 1454 2020 mandaverat
1479 1993 1640 2020 custodibus
1667 1993 1736 2027 regii

948 2037 1068 2072 sepulcri
1081 2045 1115 2065 ne
1128 2038 1279 2073 aperirent.

983 2124 1065 2159 623
1090 2124 1191 2152 Eodem
1221 2129 1343 2160 tempore
1369 2124 1488 2154 Perozes
1507 2125 1652 2154 Persarum
1677 2136 1735 2160 rex,

948 2178 1010 2198 cum
1040 2171 1131 2198 denuo
1146 2171 1349 2206 expeditionem
1366 2172 1498 2200 adversus
1516 2173 1594 2201 albos
1613 2173 1736 2206 llnnnos,

106 2221 221 2254 Οὖννους
236 2224 300 2254 τοὺς
316 2223 490 2257 regem“;
504 2223 561 2256 (94)
581 2222 706 2249 ἀπώλετο
731 2222 893 2258 πανστρατί.

949 2216 995 2251 qui
1017 2221 1151 2244 vocantur
1180 2215 1373 2251 Ncphthalitaz,
1395 2219 1575 2253 suscepisset,
1591 2228 1654 2247 eum
1680 2227 1738 2249 toto

112 2266 279 2302 Ὀρύξαντες
294 2268 348 2301 γὰρ
359 2267 463 2302 τάφρον
477 2267 589 2302 βαθεῖαν
604 2268 652 2294 καὶ
664 2267 805 2302 καλάμους
832 2268 895 2293 ἐπι-

948 2262 1070 2290 cxercitu
1082 2262 1174 2297 periit.
1186 2262 1253 2289 Nam
1273 2262 1362 2290 llunni
1379 2271 1441 2290 cum
1459 2264 1622 2299 profundam
1634 2264 1737 2294 fossam

104 2312 195 2344 θέντες
217 2313 265 2338 καὶ
292 2312 344 2346 γῆν
355 2312 539 2348 ὲπιχώσαντες
556 2312 671 2347 ἔμειναν
688 2312 772 2343 ἔνδον,
788 2312 895 2347 ὀλίγους

948 2307 1068 2343 egissent
1083 2315 1200 2342 eamque
1228 2307 1343 2336 calamis
1365 2310 1593 2343 constrarisseut,
1619 2319 1738 2346 superne

104 2358 132 2384 δὲ
145 2359 302 2393 ὑπαντῆσαι
331 2359 437 2391 τούτοις
452 2359 578 2393 ἀφέντες,
594 2359 642 2385 καὶ
657 2358 736 2389 αὖθις
751 2358 792 2390 είς
805 2358 895 2394 φυγὴν

948 2359 1023 2381 terra
1038 2353 1150 2388 iniecta,
1170 2354 1243 2381 intra
1258 2362 1318 2382 eam
1335 2363 1395 2382 sese
1414 2356 1622 2388 continuerunt,
1641 2358 1737 2392 paucis

103 2404 254 2437 τραπέντες
271 2403 318 2430 καὶ
330 2404 364 2430 τὰ
380 2404 460 2430 στενά
476 2404 629 2437 διαῦἐιντες,
646 2403 664 2430 ὃ,
678 2403 754 2437 σφίσι
771 2403 895 2438 γνώριμα

949 2400 1060 2427 emissis
1087 2399 1133 2434 qui
1158 2400 1231 2427 hosti
1250 2405 1428 2428 occurrerent
1444 2409 1475 2427 ac
1495 2409 1557 2428 mox
1579 2401 1641 2437 fuga
1667 2402 1736 2430 facta

105 2447 238 2482 ὑπῆρχον.
260 2448 290 2474 0i
307 2448 334 2474 δὲ
353 2448 455 2483 Πέρσαι
474 2448 557 2483 μηδὲν
573 2448 659 2475 δεινὸν
675 2447 895 2480 ὑποπτεύσαντες

948 2454 997 2481 per
1022 2446 1163 2480 angustias
1191 2446 1242 2473 sibi
1265 2450 1343 2474 notas
1374 2446 1532 2474 evaderent.
1559 2447 1648 2475 Persa:
1672 2456 1737 2483 ergo

692 2512 869 2540 XYLANDRI
883 2512 928 2540 ET
943 2512 1048 2541 GOARI
1066 2513 1182 2541 NOTAE.

139 2576 195 2612 (92)
209 2575 333 2604 Allnsum
348 2580 426 2612 putat
450 2575 587 2611 Xylauder
602 2575 635 2602 ad
647 2575 749 2609 caligas
771 2573 892 2612 Latinas.

104 2611 156 2643 Qui
172 2620 238 2638 vero
249 2611 354 2644 linum,
372 2613 461 2638 lanam
485 2615 531 2638 aut
549 2612 668 2638 sericum
683 2611 848 2636 cnrrosisset
867 2614 894 2636 et

104 2649 261 2674 devorasset
272 2646 362 2673 Zeno?
371 2646 490 2674 Facilius
497 2650 572 2674 certe
581 2646 695 2677 calceos,
705 2651 774 2679 quos
786 2653 836 2671 vox
844 2653 893 2670 κα-

104 2681 183 2715 λήγια
197 2682 294 2709 refert.
311 2682 427 2709 Dubium
441 2689 522 2709 omne
536 2681 604 2708 tollit
619 2680 827 2714 Eucholngium,
847 2680 892 2707 ubi

106 2718 244 2752 religionis
260 2717 434 2744 candidatum
456 2717 578 2743 habitam
600 2715 729 2752 monachi
746 2720 891 2752 susu-ptu-

104 2750 172 2783 τιιιιῐ,
190 2752 234 2778 cui
251 2753 314 2778 ritui
342 2760 462 2786 praesens
479 2753 543 2779 ohm
559 2751 643 2783 adfui,
665 2750 741 2784 iubet
759 2758 772 2776 a
787 2758 826 2786 se
843 2750 891 2777 ab-

103 2786 185 2819 iicere
199 2787 233 2814 τὰ
250 2788 279 2813 ἐν
304 2784 368 2814 ποσὶ
384 2787 495 2821 καλίγια
513 2788 562 2820 (ita
578 2785 700 2821 scribit),
715 2792 768 2812 non
784 2784 887 2820 caligis,

104 2823 149 2848 sed
163 2823 259 2850 calceis
276 2822 358 2857 pedes
377 2823 489 2850 nudate.
504 2822 590 2849 Goan.

139 2856 336 2891 (95)Hcddidit
363 2857 500 2893 Xylauder
531 2858 626 2886 mutile
653 2862 680 2886 et
706 2858 811 2892 ignare.
834 2856 889 2884 ilc-

305 2928 329 2945 τ’

947 2583 1028 2610 pono,
1045 2575 1113 2602 unde
1129 2580 1153 2602 et
1170 2575 1228 2610 ejus
1236 2575 1327 2609 jussit,
1349 2584 1380 2602 ne
1403 2575 1580 2603 recluderetur
1596 2575 1676 2608 leno,
1695 2584 1735 2602 rc-

945 2611 1047 2645 giorum
1056 2611 1237 2644 sepulcrorum
1249 2612 1374 2638 custodes
1383 2612 1489 2645 fuerunt
1502 2612 1629 2638 instincti.
1646 2611 1735 2638 Gesn.

982 2645 1114 2679 (9”th
1126 2647 1304 2681 antecedunt,
1330 2647 1425 2673 mutila
1444 2647 1575 2681 iudicans
1603 2648 1736 2674 asterisci

947 2685 1051 2708 notavn.
1070 2681 1101 2707 lli
1127 2687 1217 2708 autent
1247 2680 1337 2708 Hunni
1355 2681 1501 2709 Persarum
1526 2683 1621 2714 vicini,
1638 2690 1653 2709 a
1670 2681 1735 2708 l'ro.

946 2716 1025 2750 cupio
1041 2717 1058 2742 Ι.
1085 2725 1092 2742 I
1115 2715 1181 2742 ηυίίί
1196 2715 1298 2743 Persici
1321 2717 1463 2744 liuthalitm
1479 2724 1621 2749 vocantur,
1635 2722 1662 2744 ut
1677 2718 1735 2751 qui-

945 2751 1005 2777 dem
1035 2752 1061 2777 in
1091 2751 1264 2778 Volaterrani
1288 2752 1388 2785 lcgil‘ur
1403 2754 1539 2780 versione.
1562 2753 1629 2779 Nam
1651 2755 1733 2778 etiam

943 2786 1014 2820 apud
1026 2787 1207 2821 Nicephorum
1221 2791 1285 2814 sunt
1296 2787 1487 2821 Nephthalitze,
1499 2796 1555 2820 xvr,
1567 2789 1611 2820 56,
1625 2793 1650 2814 et
1662 2787 1733 2821 apud

943 2821 1056 2848 Suidum
1085 2830 1117 2848 ex
1145 2820 1264 2857 Joscpho
1287 2820 1354 2857 gens
1378 2824 1411 2850 ad
1441 2824 1580 2852 Orientem
1608 2824 1734 2850 habitans

941 2861 1183 2884 commemoratur.
1203 2856 1271 2885 XvL.
