2008 3149
231 141 284 172 679

878 134 1040 165 GEORGII
1061 131 1228 163 CEDRENI
1250 169 1251 172 η

1803 123 1861 155 080

233 197 342 225 insidiis
359 204 414 224 non
446 194 647 223 animadversis
673 202 720 223 eos
753 194 870 222 insecuti
898 192 1033 223 universi,

1085 191 1201 227 ικρατῶς
1215 189 1325 221 τούτους
1344 188 1465 220 ἐδίωκον,
1487 186 1534 214 καὶ
1555 186 1656 217 πάντες
1672 183 1741 220 ὁμοῦ
1758 184 1807 210 σὺν
1821 182 1861 218 τῷ

233 251 296 272 cuni
317 251 378 279 rege
395 241 496 270 Pcroza
514 245 541 269 et
560 242 622 269 filiis
635 241 694 276 ejus
711 241 740 268 in
753 240 913 274 voraginem
936 239 1018 266 istam

233 290 386 318 incidentes
406 289 556 324 perierunt.
580 287 697 314 Perozes
712 293 744 313 eo
759 286 785 313 in
803 285 926 321 periculo
950 291 1019 312 con-

231 336 344 364 stitutus
373 334 525 366 unionem,
551 339 632 368 quem
668 330 793 366 gestabat
820 331 959 365 ingentem
988 336 1021 356 ac

232 380 459 408 candidissimum
481 383 508 406 et
535 378 645 405 maximi
675 377 765 412 pretii,
786 384 799 403 a
830 376 925 403 dextra
953 382 1020 402 aure

232 428 383 455 detractum
404 424 514 459 abjecit,
539 431 574 451 ne
594 424 656 458 quis
678 431 740 450 eum
770 427 831 457 post.
846 430 876 450 se
900 425 1021 457 gestaret

233 478 281 501 aut
302 473 392 508 ipsum
411 478 503 506 regem
521 473 702 505 agnosceret:
719 472 777 496 erat
805 468 878 495 enim
897 471 1020 502 spectatu

234 518 422 554 dignissimus.
459 514 517 542 Hoc
543 514 624 541 modo
656 513 773 541 Perozes
800 520 862 540 cum
897 511 1019 539 exercitu

234 564 347 591 interiit.
381 561 495 588 Barbari
511 560 609 588 exinde
627 559 767 587 biennium
785 558 885 586 Persas
901 557 1021 585 tributa-

235 610 290 636 rios
325 608 492 635 habuerunt.
534 605 573 633 Eo
609 609 708 632 exacto
741 604 831 632 Persae
860 603 1022 639 superstites

235 654 371 683 Cabadem
387 652 498 680 Perozae
517 651 602 678 ﬁliuni
617 657 707 685 regem
721 651 903 677 constituunt.

271 699 308 727 De
333 699 443 730 unione,
469 704 524 733 quo
540 697 563 724 is
589 699 669 730 pacto
684 696 812 722 inventus
829 695 923 726 fuerit,
940 695 1022 722 talem

237 746 389 782 reperimus
402 744 556 772 historiam.
570 742 600 769 ιιι
614 742 675 770 sinu
690 742 809 774 Persico,
826 741 872 776 qui
889 748 904 768 a
929 740 1023 768 Rubro

238 793 305 819 mari
327 798 425 819 versus
438 789 601 825 Aquilonem
619 793 660 816 est
677 787 758 819 situs,
780 787 897 814 uniones
911 786 1023 814 aluntur

237 847 252 866 a
280 837 457 874 pectinibus,
489 843 559 870 quos
589 833 738 861 Zanvbaces
770 837 879 861 vocant.
920 831 1022 859 Horum

237 883 375 919 pectinum
390 881 499 916 quidam
522 880 651 907 inventus
665 883 708 906 est
722 879 794 905 intra
810 885 840 905 se
854 877 929 904 alens
944 876 1024 903 unio-

238 937 298 957 nem
315 929 451 964 ingentem
468 933 499 953 ac
509 924 760 960 splendidissimum
771 931 780 955 ;
792 922 839 959 qui
854 930 916 950 cum
929 925 1026 949 auctus

238 981 393 1002 mensuram
415 973 545 1000 usitatam
569 970 738 998 excessisset
762 969 910 1003 radiosque
936 967 1028 1002 splen-

239 1022 314 1049 doris
330 1021 371 1048 sui
392 1019 508 1055 fulguris
531 1019 561 1046 in
585 1024 689 1045 morem
715 1015 919 1052 cjacularetur,
950 1013 1028 1041 canis

239 1067 349 1103 quidam
366 1066 490 1093 marinus
504 1071 566 1092 eum
584 1059 758 1097 splendorem
784 1059 922 1088 adamavit
946 1058 1029 1094 624

238 1117 266 1142 et
285 1111 517 1148 pulchritudinem
541 1113 675 1144 perpetuo
701 1105 835 1135 assectari
864 1104 972 1139 etrapit;
1002 1108 1030 1131 et

240 1164 405 1193 quocunque
427 1155 506 1182 undae
535 1153 652 1188 pectinis
667 1151 801 1180 concham
823 1150 970 1181 ferebant,
997 1155 1030 1176 eo

240 1204 317 1232 canis
331 1210 440 1238 quoque
453 1199 600 1236 perniciosi
610 1197 754 1233 cujusdam
765 1195 897 1224 daemonis
909 1193 1029 1230 impulsu

241 1250 437 1279 bacchabatur.
465 1247 495 1275 Id
523 1245 678 1281 prodigium
702 1244 824 1280 piscator
846 1242 957 1278 quidam
971 1240 1032 1268 ani-

243 1295 417 1322 madvertens
446 1291 542 1320 statuit
583 1290 719 1325 pectinem
750 1287 877 1316 machlna
909 1285 1030 1322 quadam

242 1339 394 1376 deprazdari
406 1347 413 1365 :
426 1344 522 1365 verum
534 1335 610 1363 canis
626 1341 681 1362 non
693 1334 842 1366 concessit,
858 1333 906 1361 sed
919 1337 1027 1368 raptum

243 1387 378 1422 pectinem
407 1384 435 1410 in
461 1381 630 1418 profundum
662 1388 740 1415 aqua:
765 1379 890 1407 abduxit.
913 1378 1032 1406 Proinde

244 1432 298 1467 regi
310 1431 458 1458 Persarum
470 1428 503 1456 de
517 1426 724 1463 pulchritudine
738 1425 895 1461 margaritae
910 1425 1033 1460 piscator

244 1480 339 1510 refert,
361 1478 439 1512 isque
454 1477 478 1505 ei
493 1476 569 1503 viros
594 1475 728 1510 adjungit,
745 1473 792 1509 qui
807 1473 835 1501 in
852 1481 885 1501 eo
899 1472 1033 1508 capiendo

244 1526 297 1562 ipsi
312 1524 413 1552 adsint.
442 1523 509 1550 Cum
525 1521 558 1549 ad
571 1528 646 1548 mare
657 1520 774 1556 profecti
789 1527 836 1554 per
853 1519 959 1554 aliquot
973 1518 1033 1546 dies

244 1571 394 1608 prmstolati
417 1572 522 1602 essent,
546 1567 662 1603 contigit
685 1571 716 1594 ut
735 1566 812 1594 canis
834 1566 1032 1601 aliquantisper

245 1618 393 1646 secederet.
422 1616 490 1643 Tum
517 1615 639 1649 piscator
663 1613 753 1641 statim
788 1619 846 1640 sese
871 1612 898 1638 in
933 1617 1031 1646 aquam
1056 1615 1059 1618 ‘

245 1664 348 1699 injecit,
360 1666 386 1690 et
402 1662 436 1690 ad
453 1660 567 1689 fundum
580 1660 688 1687 delatus
701 1663 837 1695 pectinem
852 1665 915 1685 cum
931 1657 1033 1685 unione

246 1709 373 1744 arripuit.
395 1713 561 1741 sursumque
587 1704 720 1736 enatavit,
737 1708 846 1732 exserta
870 1710 953 1730 manu
979 1709 1033 1738 qua

247 1755 376 1782 unionem
404 1753 523 1785 tenebat,
550 1757 633 1786 quem
652 1753 679 1777 et
696 1748 789 1777 statim
817 1749 834 1775 ii
851 1748 898 1783 qui
917 1748 1034 1776 aderant

246 1802 271 1828 ei
291 1800 463 1834 eripuerunt.
477 1797 642 1831 Priusquam
658 1801 722 1822 vero
734 1793 763 1821 in
776 1793 895 1820 lembum
912 1793 1038 1828 piscator

246 1847 362 1875 evadere
384 1847 488 1881 posset,
505 1841 664 1878 supervenit
685 1839 762 1867 canis
775 1838 964 1873 miserumque
986 1837 1038 1865 de-

247 1892 365 1920 voravit.
401 1889 472 1917 Unio
500 1888 534 1915 ad
561 1893 653 1922 regem
684 1884 783 1912 allatus
811 1886 873 1916 est;
902 1882 950 1916 qui
978 1881 1038 1916 ejus

248 1936 407 1974 spectaculo
437 1934 611 1966 delectatus,
645 1929 792 1967 piscatoris
822 1928 895 1956 ﬁlios
930 1927 1039 1962 magnis

248 1984 328 2012 donis
345 1982 447 2010 affecit.
479 1980 548 2008 Eum
565 1979 697 2006 unionem
716 1979 746 2003 ut
778 1975 925 2003 redimeret
951 1973 1036 2001 Justi-

249 2030 350 2057 nianus
376 2026 503 2061 Magnus,
530 2024 582 2051 100
610 2024 670 2050 auri
700 2021 785 2048 libras
800 2019 931 2047 Barbaris
949 2018 1035 2046 misit.

250 2075 352 2103 Verum
368 2074 387 2101 ii
404 2075 568 2100 recusarunt
589 2069 719 2101 vendere,
740 2069 916 2095 asservantes
929 2072 993 2092 eum
1009 2065 1037 2092 in

251 2122 359 2158 signum
373 2119 492 2159 Persica:
510 2115 681 2145 stoliditatis.
954 2120 956 2123 π

1072 237 1179 273 Περόζῃ
1193 236 1310 267 καὶτοῖς
1328 234 1411 262 αὐτοῦ
1427 233 1520 260 παισὶν
1537 233 1577 264 είς
1592 232 1623 258 τὺ
1637 230 1772 266 βάραθρον
1789 238 1862 264 συμ-

1074 283 1204 314 πεσόντες
1217 282 1367 309 ἀπὼλοντο.
1391 280 1420 307 Ὀ
1439 279 1467 306 δὲ
1485 278 1607 314 Περόζης
1628 276 1790 311 αίσθόμενος
1813 274 1862 300 τοῦ

1071 329 1172 362 δεινοῦ,
1185 329 1232 355 τὸν
1250 329 1390 364 μάργαρον
1404 327 1432 353 ὃν
1444 324 1501 360 εἶχε
1518 324 1680 351 λευκότατον
1694 323 1740 348 καὶ
1761 321 1862 356 μέγαν,

1050 404 1052 409 λ
1072 377 1111 407 είς
1132 374 1286 410 ὑπερῦολὴν
1299 374 1460 408 ὑπέρτιμον,
1476 371 1506 403 ἐξ
1525 370 1593 400 ὠτὸς
1614 368 1663 395 τοῦ
1692 366 1780 400 δεξιοῦ
1807 367 1864 400 ἀφ-

1071 423 1199 458 ελόμενος
1217 420 1342 456 ἔρριψεν,
1355 419 1399 446 ἵνα
1420 418 1457 453 μή
1485 425 1528 449 τις
1553 416 1641 442 ὀπίσω
1667 413 1750 441 αὐτοῦ
1766 411 1866 439 τοῦτον

1072 468 1168 504 φοροίη
1184 467 1201 502 ἦ
1213 466 1352 502 γνώριμος
1367 464 1479 500 γένηται
1495 463 1532 494 ὡς
1546 461 1682 497 βασιλεὺς,
1703 459 1765 486 ἐπεὶ
1787 458 1865 491 ἀξιο-

1073 515 1167 546 Θέατος
1182 512 1330 547 ὑπερφυῶς
1344 509 1388 546 ἦν.
1412 509 1465 536 Καὶ
1489 508 1561 535 οὕτω
1585 507 1710 544 nepam;
1728 507 1866 542 διεφθάρη

1073 561 1122 588 σὺν
1138 560 1213 596 πάσῃ
1220 560 1252 594 τῇ
1265 557 1390 593 στρατιᾷ.
1404 553 1512 591 Ἦρξαν
1524 554 1552 581 δὲ
1566 553 1678 588 Περσῶν
1689 554 1713 580 οἱ
1728 553 1866 588 βάρόαροι

1072 608 1185 642 χρόνους
1202 604 1249 632 δύο
1260 604 1299 634 είς
1312 602 1394 638 φόρου
1409 600 1572 635 ἀπαγωγήν.
1590 599 1646 626 Καὶ
1663 599 1744 625 πάλιν
1760 600 1785 625 οξ
1799 599 1868 625 ὑπο-

1072 652 1228 687 λειφθέντες
1243 649 1372 683 Κασάδην
1390 648 1434 674 τὸν
1450 645 1546 673 τούτου
1572 645 1628 672 υίδν
1652 643 1724 680 εἶχον
1741 644 1866 679 βασιλέα.

1110 697 1179 732 Περὶ
1193 697 1221 723 δὲ
1238 695 1285 722 τοῦ
1310 693 1490 730 μαργαρίτου,
1517 691 1576 723 πῶς
1602 689 1650 717 καὶ
1670 690 1740 725 ποίῳ
1767 690 1865 725 τρόπῳ

1074 743 1182 779 εὑρέθη,
1197 741 1324 776 τοιαύτην
1341 739 1457 774 ιῦρομεν
1473 737 1605 773 ίστορὲαν.
1628 735 1673 762 Ἐν
1687 736 1726 768 τῷ
1736 735 1867 770 Περσικῷ

1074 790 1169 824 κόλπῳ
1177 788 1215 824 τῷ
1227 787 1294 823 προς
1306 786 1407 822 βορρᾶν
1421 784 1540 819 κειμένῳ
1547 783 1598 817 τῆς
1619 781 1755 816 Ἐρυθρᾶς
1767 781 1869 807 Θαλάσ-

1078 845 1128 871 σης
1151 835 1296 870 τρέφονται
1317 832 1487 868 μαργαρῖται
1513 828 1566 856 ὑπὸ
1594 828 1709 860 κτενῶν,
1724 827 1771 858 οὖς
1795 834 1870 857 τινες

1078 881 1224 916 ζάμόακας
1238 873 1412 914 ὀνομάζουσι.
1427 875 1537 903 Τούτων
1556 873 1612 900 τῶν
1636 872 1740 899 κτενῶν
1766 871 1869 906 εὑρέθη

1077 927 1184 963 τρέφων
1209 927 1238 952 ὲν
1257 924 1347 960 ἑαυτῷ
1368 923 1444 954 κτεὶς
1473 920 1514 951 εἷς
1533 919 1708 956 μαργαρίτην
1737 917 1870 952 ὑπερφυῆ

1080 974 1128 1001 καὶ
1143 971 1345 1008 λαμπρότατον.
1359 968 1526 1004 Αὑξηθέντος
1551 966 1580 993 δὲ
1598 965 1694 992 τούτου
1722 964 1769 991 καὶ
1792 963 1872 998 παρᾶ

1079 1020 1110 1046 τὸ
1126 1019 1225 1055 μέτρον
1240 1016 1383 1052 γεγονότος
1396 1014 1481 1048 αὐγάς
1493 1022 1523 1039 τε
1543 1012 1622 1046 δίκην
1633 1010 1777 1045 ἀστραπῆς
1790 1010 1869 1036 ἀκτι-

1081 1054 1253 1095 νοϐολοῦντος
1271 1061 1318 1088 καὶ
1333 1060 1545 1095 διαπέμποντος,
1558 1056 1669 1093 ἠράσοη
1683 1055 1756 1082 κύων
1768 1054 1872 1081 Θαλάτ-

1081 1119 1137 1141 τιος
1152 1109 1197 1145 ιι).
1208 1107 1272 1143 356]
1302 1108 1353 1142 τῆς
1371 1105 1459 1140 αὐγῆς
1476 1103 1524 1131 τοῦ
1544 1102 1727 1138 μαργαρίτου,
1759 1101 1806 1127 καὶ
1818 1100 1873 1145 τῆς

1081 1156 1163 1184 αὑτοῦ
1182 1155 1347 1190 ὡραιότητος
1363 1153 1413 1179 οὐκ
1430 1151 1572 1185 ἀφίστατο,
1587 1148 1644 1175 ἀλλ’
1655 1148 1721 1173 ὅπου
1733 1146 1755 1172 δ’
1770 1146 1804 1172 ἂν
1817 1143 1873 1179 ἦγε

1080 1202 1111 1229 ab
1127 1200 1216 1236 ῥεῦμα
1226 1200 1256 1225 τδ
1273 1199 1384 1233 ἔλυτρον
1400 1196 1447 1223 τοῦ
1462 1195 1567 1228 κτενὸς,
1591 1194 1650 1220 ἐκεῖ
1676 1193 1723 1219 καὶ
1735 1191 1783 1218 τὸν
1801 1191 1875 1217 κὺνσ.

1082 1234 1188 1283 δαί-μων
1203 1255 1245 1277 τις
1257 1245 1397 1280 ἁλιτήριος
1414 1239 1604 1276 ἐξεϐάκχευεν.
1635 1238 1740 1269 Ἀλιεὺς
1766 1234 1813 1264 οὖν
1830 1244 1876 1268 τις

1081 1294 1112 1321 τὸ
1125 1294 1199 1326 ξένον
1214 1291 1293 1319 τοῦτο
1304 1289 1471 1324 θεασάμενος
1483 1287 1565 1322 τέρας
1581 1285 1728 1319 ἐδοκίμασε
1742 1283 1787 1310 διά
1798 1290 1876 1312 τινος

1084 1340 1208 1376 μηχανῆς
1224 1337 1394 1370 ἁποσυλῆσαι
1409 1335 1454 1361 τὸν
1477 1334 1571 1360 κτένα.
1603 1330 1674 1358 Ἀλλ’
1691 1331 1706 1356 ὁ
1722 1329 1795 1357 κύων
1821 1329 1877 1355 οὑκ

1085 1375 1200 1413 ἐνεδίδου
1211 1393 1217 1399 ·
1243 1383 1373 1419 ἁρπάξων
1389 1381 1444 1415 γὰρ
1458 1379 1538 1406 αὐτὸν
1555 1378 1601 1404 ἐπὶ
1618 1377 1648 1403 τὸ
1678 1376 1759 1411 βάθος
1775 1375 1873 1409 ἐνῆγε,

1084 1430 1267 1466 Καταμηνύει
1291 1426 1438 1462 τοιγαροῦν
1464 1426 1478 1451 ὁ
1496 1424 1590 1455 ἁλιεὺς
1613 1423 1652 1458 τῷ
1685 1421 1791 1456 βασιλεί
1818 1420 1880 1446 τῶν

1083 1477 1198 1513 Περσῶν
1213 1476 1243 1503 τὺ
1259 1475 1304 1502 τοῦ
1319 1473 1461 1509 μαργάρου
1480 1471 1578 1502 κάλλος
1589 1478 1596 1486 ’
1614 1470 1628 1496 6
1639 1469 1667 1495 δὲ
1684 1468 1792 1495 δίδωσιν
1800 1466 1879 1501 αὑτῷ

1084 1512 1185 1558 ἄνδρας
1200 1521 1263 1552 τοὺς
1276 1520 1323 1546 snt
1334 1519 1383 1553 τὴν
1401 1518 1489 1553 ἄγραν
1503 1516 1550 1543 τοῦ
1577 1514 1725 1550 μαργάρου
1744 1512 1877 1548 συμπρά-

1086 1569 1192 1602 ξοντας.
1220 1565 1359 1596 Ἐλθόντες
1372 1562 1419 1591 οὖν
1437 1564 1485 1590 ἐπὶ
1498 1563 1549 1598 τὴν
1561 1561 1701 1589 θάλασσαν
1725 1560 1772 1587 καί
1796 1567 1879 1590 τινας

1084 1614 1192 1651 ἡμέρας
1212 1611 1478 1647 ὲγκαρτερήσαντες,
1503 1609 1582 1643 ἔτυχε
1615 1607 1662 1634 τὸν
1679 1606 1750 1633 κύνα
1778 1605 1879 1640 μικρὸν

1085 1658 1275 1694 ὑποχωρῆσαι.
1304 1656 1392 1688 Εὐθὺς
1411 1653 1457 1682 οὖν
1477 1656 1491 1682 ὁ
1510 1653 1602 1685 ἁλιεὺς
1617 1652 1764 1683 δισκεύσας
1794 1650 1880 1677 αὑτὸν

1086 1706 1115 1732 ὲν
1127 1705 1161 1740 τῇ
1177 1703 1300 1738 Θαλάσσῃ
1318 1702 1366 1728 καὶ
1383 1701 1502 1732 καταδὺς
1527 1700 1556 1726 ὲν
1579 1699 1618 1737 τῷ
1645 1698 1722 1734 βάθει
1744 1696 1881 1732 ἐδράξατο

1087 1749 1133 1777 τοῦ
1157 1749 1252 1780 κτενὸς
1268 1748 1316 1775 καὶ
1333 1748 1380 1774 τὸν
1409 1746 1582 1781 μαργαρίτην
1599 1746 1735 1780 ἀνήγαγε,
1760 1743 1809 1770 καὶ
1831 1742 1881 1769 εὗ-

1088 1796 1157 1826 ῡέως
1182 1793 1347 1829 ἀναδραμὼν
1377 1792 1470 1828 ὖψωσε
1486 1792 1536 1827 τὴν
1562 1792 1654 1826 χεῖρα,
1679 1789 1726 1816 καὶ
1753 1787 1806 1814 ὑπὸ
1822 1788 1882 1814 τῶν

1090 1841 1225 1867 συνόντων
1236 1835 1349 1874 ἡρπάγη
1372 1839 1386 1865 ὁ
1405 1838 1557 1873 μάργαρος.
1576 1836 1644 1871 Πρὶν
1659 1835 1687 1862 δὲ
1704 1834 1807 1869 φθάσαι
1821 1833 1883 1859 elc—

1089 1885 1177 1912 ελθεῖν
1192 1885 1273 1912 αὐτὸν
1284 1885 1313 1911 ὲν
1327 1886 1360 1919 τῇ
1377 1883 1481 1918 λέμδῳ,
1498 1882 1606 1917 φθάσας
1624 1882 1638 1908 ὀ
1652 1881 1728 1907 κύων
1744 1879 1882 1906 διέσπασε

1090 1932 1138 1959 καὶ
1163 1931 1336 1965 κατερόφησε
1352 1930 1398 1956 τὸν
1416 1928 1600 1963 ταλαίπωρον.
1625 1927 1656 1953 '0
1685 1926 1715 1953 δὲ
1737 1925 1884 1960 μάργαρος

1089 1975 1266 2012 ἀπεκομίσθη
1286 1975 1326 2010 τῷ
1342 1975 1458 2011 βασιλεῖ,
1480 1974 1510 2006 ὃς
1539 1974 1587 2000 καὶ
1602 1972 1695 2008 ὴσϐεὶς
1720 1971 1760 2006 τῷ
1782 1970 1883 1997 τούτου

1092 2025 1209 2060 θεάματι
1223 2024 1296 2055 τοὺς
1309 2023 1406 2055 παῖδας
1419 2022 1465 2049 τοῦ
1483 2022 1580 2052 ἁλιέως
1595 2020 1728 2055 μεγάλαις
1743 2018 1886 2054 ἠμείψατο

1092 2069 1220 2103 δωρεαῖς.
1234 2068 1336 2095 Τοῦτον
1350 2068 1397 2095 τὸν
1413 2066 1587 2104 μαργαρίτην
1614 2065 1756 2102 βουληῡεὶς
1774 2064 1888 2098 ὠνήσα-

1095 2115 1158 2142 σθαι
1179 2115 1370 2146 Ἰουστινιανδς
1392 2115 1407 2142 ὸ
1420 2114 1517 2150 Μέγας
1542 2112 1653 2148 χρυσίου
1667 2112 1762 2145 λίτρας
1784 2110 1887 2137 ἑκατὸν

251 2154 395 2196 ἀτιέστειλε
410 2156 483 2202 Γπρὸς
494 2165 558 2196 τοὺς
574 2162 729 2200 βαρϐάρους
745 2168 753 2177 '
768 2159 826 2188 ἀλλ’
850 2154 925 2186 οὗτοι
941 2159 971 2186 οὗ
985 2160 1162 2197 κατένευσαν,
1185 2162 1358 2199 μνημόσυνον
1391 2163 1441 2197 τῆς
1475 2161 1615 2196 Περσικῆς
1647 2159 1777 2191 ἀπονοίας
1821 2157 1888 2185 τοῦ-

251 2225 296 2244 τον
318 2213 510 2249 φυλάττοντες.

288 2244 413 2289 Ca'badcs
446 2261 537 2284 autem
563 2253 676 2282 Perozis
706 2251 821 2280 ultimus
851 2250 926 2278 ﬁlius
954 2259 1033 2286 regnt

1129 2250 1260 2285 Καϐἁδης
1272 2249 1301 2276 δὲ
1314 2250 1328 2276 ὁ
1343 2249 1390 2276 τοῦ
1408 2249 1528 2284 Περόζου
1548 2248 1662 2278 ὕστατος
1680 2245 1748 2277 υίὸς,
1765 2246 1816 2280 τῆς
1836 2244 1888 2279 βα·

252 2307 355 2344 potitus
376 2303 491 2339 imperio
507 2300 657 2329 violentius
675 2298 716 2326 uti
743 2297 844 2333 erepit,
872 2296 932 2332 lege
958 2297 1041 2325 etiam

254 2355 321 2386 lata,
342 2359 402 2388 qua:
415 2356 516 2377 uxores
533 2345 662 2375 omnibus
672 2344 782 2380 jubcrct
794 2351 856 2371 esse
871 2350 1041 2370 communes.

254 2399 347 2435 Itaque
374 2396 466 2424 Persae
492 2394 516 2422 ei
545 2400 659 2428 regnum
688 2391 871 2423 ademerunt,
900 2389 1044 2424 ipsumque

253 2446 377 2473 vinctum
402 2443 429 2469 in
449 2446 602 2472 carcerem,
627 2436 672 2472 qni
702 2436 787 2463 Letha
806 2435 846 2470 (id
869 2438 911 2462 est
930 2434 1043 2470 oblivio)

255 2491 367 2523 dicitur,
381 2488 559 2523 conjecerunt
572 2492 579 2517 ;
594 2491 626 2511 ac
642 2483 754 2510 fratrem
766 2481 825 2517 ejus
835 2480 916 2517 625
934 2479 1045 2508 Balbum

255 2543 347 2572 regem
373 2535 550 2562 creaverunt.
582 2529 658 2558 Uxor
686 2531 777 2555 autem
801 2535 863 2555 cum
885 2526 988 2553 Cabadi
1018 2526 1046 2554 in

256 2571 367 2610 carcere
389 2579 498 2615 degenti
523 2577 707 2605 ministraret.
731 2580 791 2601 eam
810 2572 882 2608 (erat
898 2572 972 2599 enim
990 2571 1048 2599 for-

259 2626 428 2661 mosissima)
454 2632 548 2652 amare
575 2622 721 2658 praefectus
748 2619 870 2648 carceris
899 2619 993 2654 cmpit.
1022 2617 1050 2646 Id

259 2672 305 2700 ubi
331 2671 466 2701 intellexit
486 2669 621 2700 Cahades.
646 2666 726 2695 uxori
743 2665 830 2694 suasit
846 2669 875 2692 ut
889 2672 998 2692 morem
1011 2664 1049 2691 illi

258 2721 376 2753 gereret,
395 2716 419 2744 si
444 2722 498 2750 qua
514 2713 642 2742 fortassis
672 2712 731 2748 ipse
760 2711 867 2739 ratione
882 2718 913 2738 ex
935 2717 1047 2737 carcere

258 2767 353 2800 posset
366 2761 493 2790 evadere.
517 2759 583 2794 Qua:
605 2767 668 2786 cum
684 2758 727 2786 sui
740 2757 866 2793 corporis
883 2759 1047 2792 potestatem

259 2809 389 2846 prmfccto
408 2806 529 2835 carceris
554 2805 675 2835 fecisset.
692 2803 838 2839 postmodo
856 2801 967 2830 nemine
983 2808 1047 2836 pro-

261 2857 370 2885 hibente
394 2855 428 2883 ad
454 2853 581 2880 maritum
605 2851 769 2879 comlncavit
806 2851 887 2885 eique
921 2847 1048 2876 inscrviit

1096 2298 1198 2329 σιλείας
1209 2297 1386 2333 δραξάμενος,
1397 2297 1442 2322 ἐπὶ
1453 2295 1481 2322 τὸ
1492 2295 1643 2330 βιαιότερον
1657 2294 1688 2328 τῇ
1700 2293 1771 2328 ἀρχῇ
1785 2293 1888 2327 ἐχρᾶτο

1097 2345 1144 2371 καὶ
1165 2343 1258 2375 κοινὰς
1273 2343 1322 2374 τὰς
1339 2343 1473 2376 γυναῖκας
1491 2341 1688 2376 ἐνομοθέτησεν
1703 2339 1785 2374 ἔχειν.
1803 2337 1888 2364 Ὅθεν

1097 2391 1122 2416 οἱ
1135 2389 1238 2425 Πέρσαι
1254 2388 1348 2415 τοῦτον
1359 2388 1410 2422 τῆς
1427 2387 1514 2423 ἀρχῆς
1530 2386 1676 2421 ἀπήλασαν
1697 2386 1744 2412 καί
1755 2385 1889 2419 δήσαντες

1099 2436 1140 2467 εἰς
1159 2435 1282 2471 φυλακὴν
1301 2435 1349 2470 τὴν
1365 2434 1516 2469 λεγομένην
1532 2433 1625 2468 Λήθην
1640 2431 1778 2463 ἐνέϐαλον,
1792 2431 1840 2456 τὸν
1859 2430 1889 2456 δὲ

1101 2482 1216 2516 ἀδελφὸν
1233 2480 1315 2508 αὑτοῦ
1336 2480 1442 2515 Βάλϐην
1474 2479 1587 2514 βασιλέα
1625 2478 1768 2513 ἐποίησαν.
1800 2477 1832 2502 Ὶί
1860 2476 1890 2503 δὲ

1098 2528 1167 2562 γυνὴ
1187 2527 1314 2554 Καϐάδου
1335 2526 1455 2561 διηκόνει
1473 2524 1547 2560 αὑτῷ
1567 2525 1594 2550 ὲν
1609 2525 1642 2559 τῇ
1658 2524 1776 2558 φυλακῇ,
1806 2522 1836 2547 ’0
1860 2522 1890 2548 δὲ

1099 2573 1150 2608 τῆς
1167 2572 1281 2609 εἱρκτῆς
1304 2572 1397 2607 ἄρχων
1419 2572 1523 2606 ἦρξατο
1543 2571 1611 2605 ἐρᾷν
1632 2571 1682 2604 τῆς
1701 2569 1831 2604 γυναικὸς
1845 2569 1889 2594 εὑ-

1101 2618 1297 2654 πρεπεστάτης
1316 2617 1410 2652 οὔσης.
1431 2617 1460 2643 ’0
1477 2617 1505 2643 δὲ
1519 2616 1649 2650 Καὸἀδης
1665 2614 1817 2650 παρεκάλει
1839 2614 1892 2649 τὴν

1100 2664 1218 2698 γυναῖκα
1228 2663 1351 2690 ἐνδοῦναι
1365 2663 1404 2698 τῷ
1421 2662 1568 2698 ἀνθρώπῳ,
1585 2662 1613 2688 εί
1627 2670 1685 2692 πως
1694 2660 1793 2695 δυνηθῇ
1806 2661 1892 2694 ἐκφυ-

1101 2710 1160 2743 γεῖν
1180 2708 1227 2735 τοῦ
1241 2709 1383 2744 φρουρίου,
1401 2708 1502 2735 Τούτου
1522 2708 1550 2735 δὲ
1565 2707 1712 2743 γενομένου
1739 2705 1891 2737 ἀκωλύτως

1100 2757 1118 2791 ἡ
1132 2755 1200 2790 γυνὴ
1220 2755 1288 2790 πρὸς
1312 2754 1443 2789 Καϐἁδην
1456 2754 1580 2781 simois:
1593 2754 1688 2780 τοῦτον
1705 2753 1892 2788 ἐθεράπευσε,

1102 2802 1181 2833 Φίλος
1198 2802 1227 2828 δὲ
1243 2801 1358 2836 Καῦἀδῃ
1371 2801 1483 2836 ὀνόματι
1498 2800 1624 2834 Σεοώσης
1649 2799 1744 2834 ἐδήλου
1764 2799 1803 2833 τῷ
1831 2799 1891 2826 Κα-

1108 2847 1177 2883 ῦάδῃ
1190 2847 1234 2874 διὰ
1250 2847 1300 2882 τῆς
1312 2847 1440 2881 γυναικὸς
1457 2846 1494 2878 ὡς
1509 2846 1609 2877 ἵππους
1625 2845 1671 2872 καὶ
1687 2844 1787 2880 ἄνδρας
1806 2845 1893 2878 ἔμπα·
1916 2849 1918 2851 ’
