2008 3149
270 169 326 202 707

927 165 1087 196 GEORGII
1102 165 1270 196 CEDRENI

1847 171 1898 205 708

273 226 489 263 cogitabundus,
497 224 623 252 manibus
632 223 770 252 consertis
782 222 852 250 infra
864 228 971 258 pectus,
983 224 1064 251 baroa

1122 233 1173 255 εος,
1186 224 1278 255 ὁποῖος
1289 221 1334 259 ἦν,
1352 225 1476 259 συνάγων
1487 226 1533 252 τὸν
1545 226 1625 260 νοῦιο,
1634 227 1674 254 τὼ
1689 230 1762 265 χεῖρε
1777 229 1900 264 συζεύξας

274 273 335 301 sine
348 273 423 300 cultu
437 271 555 299 demissa
571 279 578 297 :
596 269 686 304 capilli
700 269 797 304 capitis
811 270 941 304 aequales,
960 270 1016 296 rari
1032 270 1065 296 ab

274 323 390 353 utraque
404 317 539 352 sincipitis
554 319 641 351 parte,
652 314 736 343 facies
751 323 806 349 pra:
819 315 895 342 senio
907 315 1013 341 hirsuta
1025 323 1065 341 -m-

274 364 350 390 euris
370 363 403 389 de
416 362 556 393 universo,
571 368 656 388 nasus
673 360 705 387 ad
718 361 837 395 reliquas
850 365 941 395 partes
951 368 1066 395 propor—

274 409 348 436 tione
362 407 472 441 aequali,
486 406 559 434 oculi
575 406 714 442 palpebris
726 406 808 439 ailixi,
829 408 865 433 ita
885 411 914 432 ut
932 407 995 433 caci
1014 406 1067 433 for-

274 461 346 480 mam
360 460 417 488 prae
427 460 457 480 se
472 452 588 484 ferrent,
609 453 717 487 qualem
736 460 797 480 eum
815 453 900 480 fuisse
918 452 988 479 fama
1004 453 1064 480 fert.

272 497 360 533 Supra
378 498 500 525 tunicam
523 498 634 533 palliolo
653 503 712 525 erat
731 499 858 531 amictus,
881 504 908 526 et
934 499 967 525 ad
990 500 1064 527 basin

275 544 347 572 infra
363 546 446 579 pedes
466 544 526 579 ejus
540 544 627 570 lorum
649 544 787 579 quoddam
803 552 909 572 aeneum
925 551 984 572 erat
999 546 1065 573 sub-

269 591 386 624 jectum.
399 588 483 616 Erant
495 597 576 624 porro
587 597 669 617 aeneae
682 591 818 617 columna:
826 591 947 618 omnium
960 592 1066 626 sapien-

271 637 325 668 tia,
348 635 436 671 poesi,
462 640 521 662 arte
552 635 670 667 dicendi,
701 643 732 663 ac
752 635 911 664 fortitudine
929 637 1064 664 clarorum

271 682 407 709 virorum.
419 681 486 708 Cum
503 681 544 709 his
562 682 644 716 periit
659 682 742 708 etiam
757 681 854 709 domus
869 690 930 717 qua:
944 682 1064 710 lumina-

274 728 346 754 rium
358 732 558 754 nocturnorum
575 727 686 760 dicitur,
700 732 794 762 utpote
807 727 945 763 fastigium
960 730 1064 756 habens

273 775 395 810 ligneum
415 783 422 806 ;
439 773 467 801 in
486 781 540 809 quo
557 782 621 809 opes
637 779 715 801 erant
734 782 829 801 eorum
847 774 892 809 qui
916 776 1064 802 sericorum

274 819 514 855 pretiosorumque
531 825 557 847 et
575 827 642 846 auro
657 820 821 847 intextorum
838 820 1063 846 vestimentorum

273 867 438 893 exercebant
451 871 643 893 mercaturam.
655 865 777 900 Denique
786 865 873 893 omnis
883 865 957 892 urbis
972 865 1064 896 decor,

1117 271 1169 297 ὑπὸ
1186 270 1220 296 τὰ
1236 271 1344 305 στέρνα.
1367 272 1422 298 Καὶ
1448 272 1548 306 πώγων
1566 273 1653 300 αὑτοῦ
1677 275 1770 306 ἁπλῶς
1784 277 1893 311 καθεῖτο,

1117 315 1179 350 θρίξ
1197 325 1227 342 τε
1242 317 1287 343 ὲπὶ
1310 318 1360 352 τῆς
1373 318 1495 352 κεφαλῆς
1518 319 1596 352 ὁμοία
1613 320 1642 346 ἐν
1660 322 1715 352 τοῖς
1734 321 1895 356 ἑκατέρωθεν

1115 360 1163 387 τοῦ
1197 360 1351 396 βρέγματος
1382 363 1567 398 ἀραιουμένη,
1594 366 1789 401 τετριχωμὲνῳ
1812 367 1838 393 δὲ
1859 369 1894 402 τῷ

1117 407 1258 441 προσώπῳ
1275 407 1373 442 γήρα-τι
1390 409 1436 434 καὶ
1450 410 1508 440 ταῖς
1520 409 1589 443 ὑπὲρ
1604 410 1651 436 τοῦ
1667 411 1764 442 παντὸς
1781 414 1894 446 φροντίσι

1117 455 1158 488 ῥὶς
1171 455 1220 489 μὲν
1233 452 1267 490 ἦν
1286 454 1404 490 μετρίως
1428 454 1526 490 ἔχουσα
1555 456 1624 491 πρὸς
1655 456 1776 489 ἅπαντα,
1791 458 1895 493 lippa-ra.

1116 499 1144 526 δὲ
1159 499 1319 534 συνημμένα
1334 501 1390 526 τοῖν
1402 500 1555 535 βλεφάροιν,
1571 498 1628 527 οἷον
1643 502 1690 528 καὶ
1707 503 1721 528 ὁ
1742 503 1806 539 περὶ
1820 505 1895 532 αὑτοῦ

1115 545 1194 579 λόγος
1211 545 1277 580 ἔχει,
1301 546 1401 580 τυφλὸν
1420 547 1597 581 ἐμφαίνοντα.
1622 548 1801 584 ’Δνεὸἐὸλητο
1814 549 1840 576 δὲ
1854 551 1895 577 καὶ

1115 590 1258 626 τριὸώνιον
1285 592 1331 617 ἐπὶ
1346 591 1452 626 χιτῶνι,
1479 593 1525 619 καὶ
1541 592 1584 629 [Ρ.
1600 593 1666 629 570]
1690 594 1752 620 ὅσον
1767 596 1806 626 εἰς
1825 595 1895 630 βάσιν

1117 637 1181 670 ἱμάς
1208 646 1250 668 τις
1276 637 1394 671 χαλκοῦς
1421 639 1477 669 τοῖς
1505 639 1584 665 ποσὶν
1604 639 1745 666 ὑπέκειτο.
1763 641 1896 675 Στῆλαιδὲ

1115 680 1185 717 ἦσαν
1202 683 1234 709 ἐκ
1254 683 1354 717 χαλκοῦ
1381 683 1565 719 πεποιημέναι
1597 685 1652 711 τῶν
1672 685 1763 718 σοερῶν
1780 687 1895 713 ἁπάντων

1116 728 1169 754 τῶν
1184 728 1292 762 ὑψηλῶν
1309 729 1354 754 καὶ
1375 732 1496 764 ποιητῶν
1513 731 1560 756 καὶ
1576 730 1714 765 ρητόρων,
1733 731 1779 756 καὶ
1789 731 1843 757 ὅσοι
1857 733 1895 758 ἐπ’

1117 774 1211 809 ἀνδρία
1225 775 1348 808 ἐγένοντο
1360 775 1507 810 διαϐόητοι.
1524 776 1621 811 ᾪχετο
1632 777 1722 802 τοίνυν
1738 777 1786 803 σὺν
1801 778 1896 810 τούτοις

1117 821 1164 846 καὶ
1178 821 1191 847 ὁ
1202 821 1233 847 ἐκ
1247 821 1301 847 τῶν
1314 821 1411 854 φώτων
1423 822 1476 848 τῶν
1493 822 1562 848 κατὰ
1575 823 1626 853 τὰς
1641 823 1761 857 ἑσπέρας
1780 823 1897 859 λαμπτή-

1120 875 1173 900 ρων
1189 866 1403 901 ἐπικαλούμενος
1419 865 1503 898 οἶκος,
1524 869 1572 895 Eme
1586 869 1633 895 τον
1649 868 1748 903 ὄροφον
1765 870 1809 895 καὶ
1825 871 1897 902 miti;

275 912 321 945 qui
348 911 483 946 superiori
503 912 629 938 incendio
647 911 832 946 superfuerat,
859 917 923 939 tunc
949 911 1065 938 interiit.

1122 912 1151 937 ἐκ
1166 911 1251 943 ξύλων
1265 911 1343 947 ἔχων,
1356 913 1385 938 ἐν
1399 910 1420 946 ᾧ
1434 913 1461 939 αἱ
1478 914 1634 949 περιρυσίαι
1650 914 1705 940 τῶν
1717 915 1896 949 ἐμπορευομέ-

277 956 380 984 Eodem
395 964 467 983 anno
484 964 598 991 magnus
618 956 667 982 fuit
690 956 830 983 stellarum
848 957 1000 989 discursus,
1028 957 1064 982 ita

277 1006 307 1029 ut
330 1009 426 1029 otnnes
448 1006 668 1037 pcrtcrrerentur
684 1009 715 1029 ac
735 1002 858 1030 dicerent
874 1002 962 1030 :Ecce
981 1002 1065 1030 stella:

274 1048 378 1075 cadunt
395 1057 402 1075 :
424 1049 564 1076 nescimus
581 1049 645 1083 quid
665 1049 701 1076 sit
719 1048 852 1076 futurum.

1120 967 1172 985 νων
1183 958 1216 984 τά
1227 967 1256 983 τε
1274 958 1374 993 σηρικὰ
1390 960 1435 985 καὶ
1449 959 1582 994 πολυτελῆ
1593 961 1643 986 καὶ
1654 961 1838 996 χρυσόπαστα.
1849 962 1897 987 Καὶ

1120 1005 1174 1030 πᾶν
1190 1004 1220 1029 τὸ
1241 1003 1338 1035 κάλλος
1365 1004 1414 1039 τῆς
1444 1006 1559 1037 πόλεως,
1577 1006 1648 1041 ὅπερ
1675 1006 1727 1032 ὑπὸ
1751 1006 1795 1032 τοῦ
1811 1007 1896 1042 πρώην

1123 1049 1240 1084 μεγάλου
1258 1050 1422 1085 ἐμπρησμοῦ
1438 1051 1613 1086 κατελείφθη,
1630 1051 1763 1079 ἀπώλετο.
1774 1052 1816 1087 Τῷ
1831 1052 1897 1086 αὑτῴ

273 1094 327 1120 ἔτει
352 1095 463 1128 γέγονεν
486 1094 610 1129 ἀστέρων
632 1094 733 1130 δρόμος
749 1095 844 1127 πολὺς,
870 1095 940 1121 ὥστε
955 1095 1060 1127 πάντας
1081 1095 1283 1131 ἐκπλήττεσθαι
1324 1097 1368 1122 κα)
1400 1096 1490 1131 λέγειν
1516 1098 1571 1130 ὅτι,
1590 1099 1659 1125 Ὶεοὺ
1677 1099 1701 1125 οί
1726 1100 1835 1134 ἀστέρες
1858 1100 1899 1126 πί-

273 1151 370 1169 πτουσι
383 1151 391 1158 ι
407 1142 432 1169 τί
444 1143 498 1179 ἄρα
510 1143 586 1170 ἔσται
603 1143 654 1169 οὐκ
668 1143 789 1178 οἴδαμεν.

309 1202 392 1238 649
416 1203 504 1230 Annis
521 1202 537 1230 6
550 1208 578 1230 et
592 1202 607 1227 7
621 1201 770 1229 Belisarius
790 1201 891 1229 bellum
918 1201 945 1228 in
972 1201 1065 1229 Africa

277 1249 373 1284 gessit,
388 1248 461 1283 quod
477 1248 629 1283 Procopius
644 1247 823 1275 Caesariensis
839 1253 901 1275 octo
915 1247 991 1274 libris
1000 1255 1068 1274 con-

276 1295 398 1330 scripsit.
410 1294 525 1330 Subegit
537 1294 729 1329 Carthaginem
740 1298 767 1322 et
784 1294 853 1321 alios
868 1293 968 1321 multos
982 1302 1069 1329 popu-

275 1341 342 1374 los;
364 1341 593 1376 Gilimerumque,
618 1348 680 1368 cum
700 1340 723 1367 is
750 1339 778 1367 in
799 1345 919 1366 montem
938 1339 1070 1366 Numidiae

275 1386 413 1422 Pappuam
430 1387 612 1422 confugisset,
638 1387 783 1414 obsidione
801 1387 994 1418 circumvenit,
1008 1386 1071 1413 reli-

277 1438 378 1467 ctoque
395 1433 428 1459 ad
443 1440 503 1460 eam
524 1432 623 1465 Phara,
643 1432 740 1468 Cpolin
756 1432 846 1460 rediit.
861 1432 974 1459 Gilimer
986 1452 993 1464 ,
1006 1439 1067 1458 eum

278 1480 305 1506 in
324 1480 446 1507 hibernis
461 1479 616 1506 miserrime
629 1479 744 1511 viveret,
769 1486 784 1506 a
802 1479 889 1506 Phara
904 1486 952 1513 per
967 1479 1070 1505 litteras

276 1525 346 1559 petit
364 1529 394 1552 ut
412 1525 466 1552 sibi
487 1525 576 1552 mittat
597 1532 706 1560 panem,
726 1525 869 1559 spongiam
883 1528 910 1551 et
925 1524 1068 1551 citharam.

277 1570 344 1597 Nam
373 1570 445 1605 apud
469 1569 628 1598 Mauittsios
654 1578 742 1605 neque
757 1570 849 1597 vinum
872 1577 962 1604 neque
979 1569 1069 1596 oleum

1152 1201 1196 1237 Τῷ
1214 1200 1240 1233 ς’
1254 1201 1301 1227 καὶ
1317 1199 1339 1232 ζ’
1357 1201 1411 1228 ἔτει
1434 1201 1469 1228 τὰ
1494 1201 1542 1229 τοῦ
1565 1203 1728 1239 Βελισαρίου
1752 1206 1896 1239 στρατηγή-

1119 1256 1190 1282 ματα
1204 1247 1275 1273 κατὰ
1288 1247 1391 1282 Λιῦὑην
1402 1248 1536 1282 ἐγένοντο,
1553 1249 1635 1275 ἆτινα
1647 1249 1798 1285 Προκὸπιος
1811 1252 1824 1277 ὁ
1838 1251 1898 1277 Και-

1119 1294 1218 1328 σαρεὺς
1231 1294 1259 1319 ἐν
1279 1296 1304 1327 η’
1320 1293 1434 1327 βιϐλίοις
1447 1294 1651 1329 συνεγράψατο.
1673 1292 1757 1327 Οὗτος
1771 1296 1818 1331 τὴν
1832 1297 1898 1332 Καρ-

1120 1340 1219 1375 χηδόνα
1235 1340 1378 1374 κρατήσας
1391 1339 1437 1366 καὶ
1450 1339 1518 1366 ἄλλοι
1533 1339 1597 1374 ἔθνη
1615 1341 1713 1373 πολλὰ,
1733 1341 1778 1368 τὸν
1796 1342 1822 1368 δὲ
1833 1342 1897 1368 Γιλί-

1123 1394 1193 1420 μερα
1210 1384 1331 1419 φυγόντα
1345 1384 1384 1414 είς
1399 1384 1551 1417 Νουμιδὶας
1565 1385 1595 1411 τὸ
1606 1385 1673 1420 ὅρος
1699 1386 1843 1413 Παπποὺαν
1854 1396 1897 1413 πε-

1122 1431 1296 1466 ριεστοῑχισε.
1312 1429 1480 1456 Καταλιπών
1496 1439 1526 1456 τε
1536 1430 1581 1456 τὺν
1593 1431 1689 1467 Φαράν
1705 1434 1745 1465 εἰς
1753 1433 1898 1468 πολιορκίαν

1120 1476 1226 1502 ἐκείνου
1246 1475 1371 1510 εἰσῆλθεν
1389 1476 1418 1501 ὲν
1436 1476 1737 1506 Κωνσταντινουπόλει.
1757 1478 1786 1505 ’0
1801 1479 1827 1505 δὲ
1838 1479 1900 1505 Γιλῐ-

1123 1529 1176 1556 μερ
1189 1520 1314 1551 ἐλεεινῶς
1331 1520 1530 1555 χειμαζόμενος
1543 1522 1650 1556 γράφει.
1664 1523 1703 1558 τῷ
1714 1523 1813 1558 Φαρὰν,
1829 1523 1902 1556 ἀξιῶν

1120 1567 1279 1601 πεμφθῆναί
1291 1567 1316 1593 οί
1332 1566 1414 1601 ἄρτον
1433 1566 1480 1593 καὶ
1500 1567 1621 1601 σπόγγον
1637 1568 1692 1595 καὶ
1706 1569 1835 1604 κιθάραν
1846 1569 1903 1604 παρ’

277 1623 364 1651 neque
381 1616 548 1643 frumentutn
559 1615 680 1643 colitur:
699 1614 830 1643 hordeum
845 1619 950 1641 tantum
971 1619 998 1642 et
1009 1614 1069 1650 oly-

1122 1612 1236 1644 ὲκείνοις
1254 1612 1309 1648 γὰρ
1320 1613 1377 1644 τοῖς
1389 1612 1573 1648 Μαυρουσίοις
1587 1612 1656 1640 οὕτε
1671 1612 1741 1646 οἶνος
1752 1614 1810 1641 οὔτε
1823 1614 1903 1640 ἔλαιον

278 1668 323 1688 ras
347 1660 417 1688 elixa
435 1661 522 1688 instar
537 1667 664 1694 pecorum
680 1660 774 1687 edunt.
793 1659 887 1686 Pharae
901 1659 992 1687 animo
1007 1667 1073 1694 pen-

281 1707 373 1739 dente,
389 1706 551 1735 tabellarius
563 1706 850 1734 ostenditGilimerum
862 1712 963 1740 cupere
974 1713 1072 1740 panem

279 1751 373 1779 videre
385 1760 417 1778 ac
438 1757 560 1786 gustare,
581 1752 695 1786 spongia
711 1756 801 1779 autem
825 1751 858 1778 ad
880 1751 1072 1785 abstergendas

283 1797 322 1823 uti
339 1797 468 1824 lacrimas
484 1816 490 1829 ,
506 1796 640 1824 citharam
669 1796 810 1831 requirere
836 1795 869 1823 ad
887 1795 1073 1824 decantandas

278 1849 342 1869 suas
367 1842 500 1869 miserias.
518 1841 581 1869 Haec
591 1849 653 1869 cum
671 1841 823 1869 audivisset
845 1841 950 1869 Pharas
964 1862 972 1873 ,
996 1842 1072 1876 gravi

278 1888 374 1915 dolore
392 1893 484 1915 motus
500 1895 532 1915 ac
545 1888 671 1915 humanae
688 1887 806 1914 fortunze
820 1887 939 1914 ludibria
952 1887 1073 1914 subsan-

281 1943 360 1968 naus,
377 1935 471 1962 omnia
491 1935 537 1962 illa
559 1935 584 1962 ei
601 1935 683 1962 misit.
705 1934 811 1963 Rursus
828 1935 978 1970 imperator
1003 1934 1074 1961 Beli-

281 1981 384 2008 sarium
402 1981 498 2008 ducem
514 1981 595 2008 mittit
609 1988 670 2007 eum
685 1981 810 2008 exercitu
827 1981 930 2016 ingenti
948 1985 974 2008 et
987 1981 1075 2008 classe

286 2035 383 2062 magna
400 2031 427 2054 et
442 2027 500 2054 auri
516 2027 542 2053 vi
558 2027 590 2054 ad
605 2027 795 2054 debellandum
810 2026 948 2054 Vandalos
960 2031 987 2054 et
999 2027 1075 2054 subi-

282 2073 398 2108 gendam
429 2073 561 2100 Africam.
595 2073 676 2108 Isque
698 2073 860 2106 calliditate,
879 2074 1024 2108 prudentia
1047 2077 1074 2100 et

282 2119 445 2147 fortitudine
455 2119 597 2154 prmclaris
611 2127 689 2150 usus.
699 2119 819 2146 Africam
834 2119 951 2154 subegit,
960 2119 1074 2145 Gilimc-

282 2172 399 2200 rumque
413 2165 440 2191 in
461 2168 624 2199 potestatem
640 2171 718 2191 suam
737 2164 875 2191 redactum
891 2172 952 2191 cum
970 2164 1075 2199 magnis

285 2211 384 2245 opibus
411 2209 508 2245 Cpolin
534 2210 657 2237 abduxit.
677 2209 868 2244 Triumpbavit
887 2210 913 2236 in
933 2209 1031 2240 Circo,
1048 2214 1075 2237 et

286 2256 462 2284 consulatum
491 2257 576 2291 gessit
593 2257 619 2282 iu
644 2256 723 2283 urbe.
737 2255 812 2283 Adeo
832 2260 922 2282 autem
945 2261 1075 2290 acceptus

1123 1658 1185 1685 οὔτε
1200 1660 1272 1690 σῖτος
1287 1661 1462 1694 γεωργεῖται,
1481 1659 1550 1686 ἀλλὰ
1576 1660 1681 1695 κριθὰς
1699 1661 1745 1687 καὶ
1758 1660 1852 1696 ὀλύρας
1871 1660 1903 1691 ὡς

1123 1704 1208 1738 ἄλογα
1225 1704 1284 1739 ζῷα
1300 1704 1370 1739 ἑφθὰ
1397 1705 1554 1737 σιτίζονται.
1585 1706 1613 1733 '0
1628 1706 1662 1732 δὲ
1678 1707 1768 1742 Φαρὰς
1792 1706 1902 1739 διηπόρει

1124 1749 1188 1785 περὶ
1214 1750 1328 1782 τοὲτων,
1355 1750 1407 1781 ἕως
1418 1751 1432 1777 ὁ
1457 1750 1505 1786 τὴν
1516 1751 1666 1786 ἐπιστολὴν
1679 1753 1792 1787 κομίσας
1806 1751 1853 1786 ἔφη
1867 1752 1903 1778 ὅτι

1124 1797 1205 1832 ἄρτον
1219 1795 1268 1831 μὲν
1281 1795 1410 1831 ἐπιθυμεῖ
1421 1796 1574 1830 γεύσασθαι
1589 1799 1636 1825 καὶ
1652 1798 1727 1831 ἰδεῖν,
1740 1799 1784 1825 τὸν
1796 1798 1902 1831 σπόγγον

1123 1841 1152 1868 δὲ
1166 1841 1209 1869 διὰ
1224 1842 1254 1868 τὸ
1271 1842 1304 1868 τά
1317 1842 1423 1878 δάκρυα
1437 1843 1664 1878 ἀπομάττεσθαι,
1678 1843 1726 1879 τὴν
1745 1844 1772 1871 δὲ
1787 1843 1901 1878 κιθάραν,

1124 1888 1198 1919 ὅπως
1214 1887 1264 1919 τὰς
1283 1888 1426 1923 συμφορὰς
1443 1888 1525 1915 αὑτοῦ
1536 1890 1744 1924 ’ὲκτραγῳδοίη.
1758 1888 1844 1916 Ταῦτα
1856 1887 1902 1914 Φα-

1126 1934 1175 1967 ρὰς
1187 1933 1319 1968 ἀκούσας,
1350 1934 1540 1970 περιαλγήσας
1563 1943 1593 1962 τε
1608 1935 1658 1962 καὶ
1684 1937 1733 1972 τὴν
1744 1935 1902 1971 ἀνθρωπίνην

1124 1980 1210 2014 τύχην
1220 1980 1437 2015 ἐκμυκτηρίσας,
1448 1981 1537 2007 πάντα
1552 1981 1703 2017 ἐξέπεμψε,
1717 1982 1799 2008 Πάλιν
1808 1981 1833 2007 δὲ
1847 1980 1903 2012 ἐξα-

1126 2026 1266 2052 πέστειλεν
1280 2027 1293 2052 ὁ
1308 2026 1437 2061 βασιλεὺς
1448 2027 1494 2053 τὸν
1505 2027 1668 2062 Βελισὰριον
1684 2028 1832 2063 στρατηγὸν
1842 2026 1902 2062 μετᾶ

1126 2072 1245 2107 πλήθους
1261 2072 1448 2108 ἁναριθμήτου
1466 2073 1513 2100 καὶ
1540 2074 1640 2100 πλοίων
1660 2074 1707 2101 καὶ
1737 2073 1832 2110 χρυσοῦ
1847 2071 1903 2098 πολ-

1126 2116 1171 2143 λοῦ
1187 2117 1412 2152 καταπολεμῆσαι
1429 2117 1598 2153 Οὐανδήλους
1610 2120 1656 2145 καὶ
1674 2118 1803 2154 Ἀφρικὴν
1813 2118 1902 2151 ἐκπορ-

1127 2163 1222 2197 οῆσαι’
1239 2162 1267 2194 ὃς
1283 2163 1410 2198 ἀγχινοίᾳ
1429 2163 1476 2189 καὶ
1504 2164 1634 2199 φρονήσει
1653 2165 1701 2191 καὶ
1720 2163 1812 2198 ἀνδρία
1826 2162 1903 2188 πάντα

1126 2208 1302 2243 ληῖσάμενις,
1319 2209 1366 2236 καὶ
1381 2209 1494 2244 Γιλίμερ
1516 2211 1637 2246 ἐγκρατῆ
1660 2210 1848 2245 ποιησάμενος»
1864 2207 1903 2233 ἀν“

1127 2255 1232 2289 ήγαγεν
1241 2255 1269 2280 ἐν
1280 2256 1312 2290 τῇ
1323 2255 1399 2281 πόλει
1415 2257 1486 2293 μετὰ
1498 2255 1613 2282 πλούτου
1629 2257 1728 2283 πολλοῦ
1741 2257 1786 2282 καὶ
1800 2253 1903 2289 ἐθριάμ-

283 2302 336 2329 fuit
364 2300 538 2334 Iustiniano,
560 2307 589 2328 ut
615 2302 638 2329 is
657 2309 788 2336 percusso
811 2309 923 2328 nummo
946 2301 972 2327 in
990 2301 1070 2328 altera

1127 2301 1223 2327 ὄευσεν
1239 2302 1268 2327 ὲν
1283 2301 1323 2336 τῷ
1340 2302 1454 2336 ἱππικῷ,
1481 2302 1612 2328 ὑπατείαν
1632 2303 1748 2337 ποιήσας
1768 2300 1820 2336 (30)
1834 2301 1860 2325 ἐν
1873 2299 1901 2332 τῇ

284 2353 362 2384 parte
378 2356 418 2380 se,
438 2349 465 2375 in
479 2348 564 2376 altera
580 2353 658 2384 parte
673 2347 834 2375 Belisarium
849 2352 981 2374 armatqu
993 2348 1071 2374 alliu-

285 2394 365 2425 xerit,
377 2401 439 2420 eum
451 2393 634 2428 inscriptione
644 2393 711 2420 hac:
725 2392 873 2420 Belisarins
887 2391 1070 2419 Romanorum

285 2440 379 2468 decus.
389 2438 535 2467 Enimvero
549 2439 661 2473 invidia,
675 2439 782 2466 utsolet
794 2439 875 2466 rebus
890 2439 1074 2473 prosperrime

1127 2347 1214 2380 πόλει,
1233 2347 1303 2374 ὥστε
1333 2348 1522 2374 Ὶουστινιανδν
1548 2348 1748 2383 ἀποδεξάμενον
1762 2348 1789 2373 ἐν
1812 2346 1856 2380 μὲν
1870 2343 1902 2376 τῷ

1127 2393 1169 2419 ἑνὶ
1188 2393 1266 2428 μέρει
1287 2392 1335 2418 τοῦ
1353 2393 1519 2427 νομίσματος
1550 2394 1645 2419 ἑαυτὸν
1664 2391 1820 2427 ἐγχαράξαι,
1838 2390 1863 2415 ἐν
1877 2388 1902 2414 δὲ

1127 2439 1165 2473 τῷ
1179 2438 1265 2474 ἑτέρῳ
1278 2438 1436 2473 Βελισάριον
1457 2439 1578 2470 ἔνοπλον,
1592 2439 1638 2466 καὶ
1655 2437 1813 2473 ἐπιγράψαι·
1833 2434 1901 2462 Βελι⁶

866 2527 1043 2554 KYLANDlll
1064 2525 1106 2553 LT
1124 2527 1229 2554 00AM
1247 2527 1361 2556 ΝΟΤᾹΞ.

321 2588 377 2623 (30)
397 2588 485 2623 Supra
497 2587 628 2616 annotavi
641 2586 840 2623 orta-reiavpro
852 2594 981 2623 attinuere
1000 2587 1074 2621 quod

287 2621 382 2651 consul
401 2621 501 2658 populo
513 2624 591 2650 daret
609 2622 685 2658 poni.
702 2621 994 2658 principioJustiuiani
1007 2623 1076 2647 ὐπα-

287 2658 362 2684 τείαν
377 2657 486 2685 διδόναι.
500 2658 601 2685 Verum
614 2657 641 2684 id
658 2657 701 2683 llic
715 2658 807 2683 locum
820 2658 957 2691 quomodo
973 2657 1074 2683 habent

288 2699 335 2720 aut
347 2701 399 2720 non
411 2693 510 2720 habeat
523 2691 797 2727 intelligeslonaras
805 2692 837 2719 de
846 2693 895 2718 hac
906 2701 933 2719 re
942 2693 976 2718 ita
987 2701 993 2718 :
1005 2692 1078 2717 Βελι-

290 2728 427 2764 εάριοςνόὲ
445 2728 491 2764 καὶ
512 2726 644 2759 omnia;
666 2726 874 2764 "quwtoLApuil
901 2728 1075 2764 Procopium,

289 2761 335 2799 qui
354 2763 606 2799 thimericumboc
618 2761 756 2799 negotium
770 2762 841 2799 libro
853 2761 920 2789 Belli
937 2762 1078 2789 Vandalivi

290 2798 380 2834 priore
395 2798 552 2834 descripsit,
575 2799 624 2834 ita"
645 2798 754 2834 legitur,
776 2798 960 2834 _\'o|aterrano
989 2798 1077 2834 inter-

292 2832 387 2869 prete:
412 2832 524 2869 «Paulo
536 2838 601 2869 post
611 2832 743 2860 Belisario
766 2832 894 2869 decretus
923 2833 1079 2869 triumphus

289 2866 366 2897 inore
380 2866 565 2904 antiquorum.
582 2868 649 2896 Nam
675 2867 773 2895 consul
790 2866 881 2894 factus
912 2872 963 2902 est,
990 2867 1079 2895 curuli

1127 2587 1195 2614 sella
1212 2588 1333 2625 humeris
1348 2589 1519 2623 captivorum
1539 2590 1664 2617 invectus
1677 2594 1813 2625 argentea,
1826 2591 1901 2613 zonas

1129 2630 1229 2659 aureas
1250 2623 1373 2657 aliasque
1386 2631 1400 2651 e
1430 2625 1526 2659 spoliis
1544 2623 1729 2652 Vandalornm
1747 2624 1850 2650 divitias
1863 2628 1902 2654 [ιυ-

1130 2658 1192 2695 pillo
1204 2658 1345 2695 dispersit,
1355 2667 1510 2694 quanquam
1524 2668 1580 2686 rem
1590 2668 1687 2687 novam
1699 2661 1787 2686 facere
1802 2659 1878 2695 visns-
1891 2664 1898 2678 ι

1131 2692 1195 2719 Χη.
1206 2707 1240 2712 --
1254 2692 1426 2720 Consulatum
1437 2692 1516 2728 gestit
1534 2696 1560 2721 in
1572 2695 1643 2728 urbe,
1660 2694 1794 2728 expressit
1808 2692 1900 2726 Xylan-

1131 2728 1196 2759 der;
1219 2727 1291 2754 unde
1310 2734 1337 2755 et
1349 2730 1419 2755 male
1434 2727 1488 2762 agit
1513 2727 1700 2764 interpretetth
1722 2730 1760 2756 Ad
1792 2731 1902 2764 auctons

1133 2768 1276 2799 incruenti:
1299 2763 1426 2790 miiitibus
1454 2762 1622 2796 donatiuum,
1640 2765 1736 2799 populo
1754 2762 1902 2799 congiarium

1133 2797 1281 2834 distribuit,
1300 2798 1342 2825 vel
1360 2804 1459 2834 vetusto
1477 2802 1615 2827 consulqu
1636 2797 1706 2826 more
1729 2798 1858 2834 pecuniam
1874 2801 1899 2832 θυι

1133 2833 1258 2868 populant
1275 2834 1386 2867 sparsit.
1403 2833 1472 2860 Nam
1494 2836 1656 2863 denutnutis
1677 2835 1736 2868 ejus
1754 2833 1901 2860 vicwriaus.

1137 2867 1217 2895 Ὥστε
1242 2869 1439 2902 Ἰουστινιανόν,
1451 2875 1505 2897 ctc.
1518 2869 1603 2897 Goan.
