2008 3149
120 167 171 199 713

666 169 938 200 HISTORIARUM
953 165 1220 197 COMI‘ENDIUM.

1693 164 1744 196 714

120 224 242 255 δικαίως.
259 224 359 251 Ἦκετε
386 224 432 252 οὖν
459 224 573 260 τάχιστα
587 226 627 257 εἰς
650 226 781 262 Εὖρωπον
803 227 832 253 τὸ
851 236 901 262 χιιι-

959 225 992 252 ad
1008 224 1145 258 Europum
1165 222 1306 250 castellum
1330 222 1364 249 ad
1393 229 1422 250 se
1444 222 1633 250 convenirent.
1653 221 1690 250 lbi
1716 231 1745 250 se

120 270 187 305 ρξον,
212 267 243 297 οὗ
260 269 292 305 δὴ
321 270 452 302 συλλέξας
475 270 506 296 τὸ
533 271 690 306 στράτευμα
704 272 774 304 ὅλον,
789 272 828 303 ὼς
844 272 876 299 ἂν
893 273 906 298 ό

119 315 184 346 Θεὸς
197 314 273 352 θέλῃ,
289 315 385 342 ἐλπίδα
414 316 470 350 ἔχω
494 316 558 347 τοὺς
574 316 718 351 πολεμίους
730 317 904 351 ἐργάζεσθαι.

119 361 173 387 Καὶ
187 361 284 387 τούτου
306 361 455 397 γενομένου
469 363 483 388 ό
497 362 620 397 Χοσρὸης
636 363 666 389 τδ
696 363 828 400 ἐξαίφνης
857 365 905 399 τῆς

116 406 163 432 τοῦ
190 407 351 442 Βελισσρίου
380 408 532 442 παρουσίας
563 407 682 440 ἀκούσας
713 409 830 445 ἐξέστη,
858 412 906 437 καὶ

118 451 211 486 πρόσω
229 451 280 486 μὲν
298 452 421 479 ἐλαύνειν
443 453 494 480 οὐκ
512 452 594 488 ἔγνω,
623 454 792 490 ’Δϐανδέιζην
807 455 835 482 δὲ
859 456 905 482 τὸν

115 498 295 532 γραμματέα,
305 498 389 532 ἄνδρα
399 499 520 530 συσετὺν,
532 500 600 534 πρίις
614 500 773 536 Βελισάριον
783 500 903 537 έπεμψε,

114 543 162 569 τόν
178 552 207 570 τε
221 543 375 578 στρατηγὸν
388 545 630 580 κατασκεψόμενον
648 546 695 573 καὶ
709 547 738 574 τὸ
753 547 904 582 στρατόπε-

114 590 171 621 δον,
187 590 235 616 καὶ
249 590 288 625 τῷ
299 590 371 626 λόγῳ
388 591 469 627 δῆθεν
484 592 658 628 μεμψόμενον
680 593 720 620 ὅτι
749 593 904 621 Ἰουστινια-

113 635 159 667 νος
171 637 184 662 ό
202 635 328 671 βασιλεὺς
339 637 403 668 τοὺς
413 636 545 672 πρέσϐεις
561 638 591 664 έν
608 638 720 673 Περσίδι
731 639 781 665 οὒκ
794 639 902 675 έπεμψε

113 681 165 715 τὴν
179 682 290 717 εἰρήνην
308 683 555 717 πρυτανεύσοντας.
577 682 606 710 '0
622 683 650 710 δὲ
664 684 834 720 Βελισάριος,
852 694 904 721 μα-

113 727 172 754 θὼν
182 728 245 759 τοὺς
265 728 394 764 πρέσϐεις
409 729 488 764 ήκειν
499 749 508 761 ,
531 729 611 762 αὐτὸς
639 730 689 765 μὲν
705 731 903 766 ἑξακισχιλίους

112 773 312 808 ἐπιλεξάμενος
333 774 433 809 ἄνδρας
453 775 583 810 εὐμήκεις
599 783 630 802 τε
658 775 706 802 καὶ
726 776 765 812 τῷ
796 775 903 812 σώματι

112 819 215 851 καλοὺς
229 819 330 846 ἄποθεν
357 819 404 846 τοῦ
423 820 604 856 στρατοπέδου
624 823 788 858 κυνηγήσων
816 822 901 858 ἐξῄει,

111 866 244 900 Διογένην
259 866 288 892 δὲ
303 865 348 892 τὸν
366 866 514 902 δορυφόρον
529 867 576 893 καὶ
587 867 723 895 Ἀδούλιον
738 868 824 904 ἄνδρα
837 869 902 904 ’Δρ-

112 912 210 946 μένιον
232 911 279 938 τὸν
306 912 430 948 ποταμὸν
451 912 579 948 διαϐῆναι
596 913 644 940 σὺν
671 903 792 941 ἱππεῦσιν
804 903 902 950 χιλίοις
919 903 940 930 Β

110 957 258 984 ἐκέλευσεν
271 957 309 990 ὡς
323 957 535 994 ψηλαφήσοντας
546 959 597 994 τὴν
607 958 655 985 τοῦ
669 959 793 994 ποταμοῦ
804 959 900 987 διάϐα-

110 1011 168 1031 σιν.
195 1003 353 1038 Βελισάριος
381 1004 410 1031 δὲ
449 1004 512 1031 ἐπεὶ
549 1004 595 1031 τὸν
619 1005 791 1041 πρεσϐευτὴν
817 1006 902 1040 ἐγγὺς

110 1048 264 1083 ἐρχόμενον
280 1048 362 1083 ἔγνω,
376 1049 422 1076 τὸν
441 1049 608 1076 παπυλεῶνα
623 1049 744 1085 ἐπήξατο
758 1051 787 1077 ἐν
805 1051 900 1086 χωρίῳ

109 1095 223 1129 ἐρήμῳ,
238 1094 403 1130 παραδηλῶν
416 1093 460 1131 [Ρ.
477 1095 540 1131 575]
561 1096 603 1123 ὃτι
614 1096 729 1132 οὐδεμιᾷ
738 1098 901 1132 παρασκευῇ

109 1140 232 1167 ἰνταῦθα
247 1141 310 1176 ἥκει
321 1148 329 1156 ·
343 1142 398 1173 τοῖς
414 1150 445 1168 τε
461 1141 643 1177 στρατιώταις
661 1143 776 1176 ἐπέταξε
788 1144 839 1176 τῆς
851 1144 901 1178 μὲν

109 1185 235 1221 καλύϐης
261 1186 305 1222 ἐφ’
323 1186 444 1221 ἑκάτερα
464 1184 546 1219 εἶναι,
564 1187 674 1223 Θρᾷκας
688 1196 718 1215 τε
750 1189 797 1215 καὶ
816 1188 901 1216 Ἰλλυ-

112 1233 205 1268 ριοὺς,
223 1232 341 1266 Γότθους
359 1241 389 1260 τε
403 1233 451 1261 καὶ
472 1233 624 1269 Ἐλούρους,
645 1233 704 1268 μεθ’
720 1234 766 1267 οὓς
780 1234 901 1270 Οὐανδή-

110 1279 175 1310 λους
191 1288 221 1306 τε
231 1280 280 1306 καὶ
291 1280 494 1315 Μαυρουσίους.
512 1280 548 1314 μὴ
560 1281 599 1312 εἰς
612 1280 643 1306 τὸ
656 1280 746 1307 πεδίον
763 1281 810 1308 ἐπὶ
827 1281 902 1308 πλετα

112 1334 175 1352 στον
191 1325 229 1357 ὡς
249 1324 441 1357 διακονοῦντας
455 1325 596 1358 τστασθαι,
614 1326 668 1352 οὐδ’
684 1327 724 1358 εἰς
742 1326 790 1353 ἕνα
807 1327 899 1358 τόπον.

112 1370 183 1397 ἀλλὰ
199 1370 320 1406 βαδίζειν
340 1370 543 1405 εἰλισσομένους
553 1369 592 1402 ὡς
610 1371 838 1405 κυνηγετοῦντας,
854 1372 901 1398 καὶ

111 1415 261 1452 παρέργως
279 1416 319 1450 τῷ
329 1416 419 1442 δοκεῖν
431 1416 477 1442 τὸν
501 1416 621 1451 Χοσρόου
647 1415 820 1452 πρεσϐευτὴν
839 1416 900 1451 βλέ-

111 1470 186 1488 πειν.
203 1461 384 1496 Διεζωσμένοι
397 1469 426 1487 τε
438 1461 560 1492 ἐϐάδιζον
576 1461 624 1488 καὶ
636 1460 745 1495 φαιδροὶ
757 1461 791 1488 τὰ
816 1461 899 1497 πρόσι

111 1517 184 1539 ωπα,
210 1507 337 1538 πελέκεις
358 1515 389 1533 τε
414 1507 462 1533 καὶ
482 1506 634 1542 μοναύλους
662 1506 853 1542 βαστάζοντες.
872 1507 902 1533 ’0

109 1554 140 1580 δὲ
161 1552 331 1589 Ἀϐανδάζης
349 1553 388 1585 εἰς
402 1553 464 1588 δψιν
479 1553 632 1589 Βελισαρίῳ
649 1552 735 1580 ὲλοὼν
755 1552 900 1579 λυπεῖσθαι

110 1600 156 1627 τὴν
176 1600 302 1636 Χοσρόην
327 1599 458 1634 ἔφασκεν,
484 1600 525 1626 ὅτι
547 1599 579 1635 δὴ
591 1599 663 1626 καθὰ
691 1599 821 1626 συνέθετο
849 1600 900 1626 οὐκ

112 1646 220 1680 ἔπεμψε
235 1645 426 1678 Ἰουστινιανὺς
455 1645 587 1681 πρέσϐεις
616 1646 685 1681 πρὸς
704 1646 827 1681 εἰρήνην,
853 1646 900 1673 καὶ

112 1693 254 1727 ἠνάγκασε
269 1692 394 1728 Χοσρόην
413 1692 486 1718 κατὰ
506 1691 650 1727 Ῥωμαίων
667 1692 897 1727 στρατεύσασθαι.

114 1738 273 1773 εελισάριος
299 1738 328 1764 δὲ
366 1738 424 1765 ἀντ’
449 1736 555 1768 οὐδενὸς
578 1737 690 1769 τούτους
717 1737 782 1768 τοὺς
803 1736 898 1772 λόγους

113 1783 242 1815 ἐποιεῖτο,
267 1782 312 1809 τὸν
324 1782 447 1817 Χοσρόην
463 1781 550 1815 λέγων
566 1782 653 1809 αἴτιον
667 1780 737 1809 εἶναι
757 1781 804 1809 τοῦ
821 1782 901 1809 πολέ-

115 1837 182 1864 μου·
200 1830 225 1856 εἰ
250 1829 303 1864 γὰρ
330 1829 443 1864 εἰρήνης
457 1828 558 1863 ἐφίετο,
572 1829 623 1855 οὐκ
640 1828 673 1855 ἂν
697 1829 737 1860 εἰς
763 1828 812 1864 τὴν
833 1829 902 1855 Ῥω-

115 1875 202 1909 μαίων
219 1874 272 1909 γῆν
284 1874 450 1909 ἀφικόμενος
474 1873 578 1912 ταύτην
591 1873 694 1910 ὲξήτει.
710 1874 768 1901 ἀλλ’
783 1875 824 1906 εἰς
849 1874 900 1909 τὴν

115 1920 180 1946 ἰδίαν
196 1919 290 1955 χώραν
306 1919 396 1955 μένων
418 1919 480 1950 τοὺς
507 1919 636 1954 πρέσϐεις
665 1919 812 1955 ἐξεδέχετο.
846 1920 900 1946 Καὶ

112 1966 195 1993 ταῦτα
214 1966 302 1992 εἰπὼν
331 1967 377 1992 τὸν
404 1966 575 2002 πρεσϐευτὴν
601 1965 794 2000 ἀπεπέμψατο.
815 1966 845 1991 ’0
871 1966 900 1992 δὲ

115 2012 180 2047 πρὸς
196 2012 322 2048 Χοσρόην
334 2012 499 2047 ἀφικόμενος
516 2011 570 2047 ἔφη
584 2012 737 2046 στρατηγὸν
748 2011 900 2047 ἑωρακέναι

116 2058 274 2093 Βελισάριον
292 2059 402 2085 συνετὸν
424 2058 471 2085 καὶ
495 2058 618 2093 ἀνδρεῖον
636 2057 789 2093 ὑπεράγαν,
819 2066 894 2092 στραο

113 2104 210 2136 τιώτας
227 2105 256 2131 δὲ
279 2105 353 2136 οἴους
368 2105 450 2138 αὐτὸς
472 2105 569 2137 ἄλλους
594 2104 732 2132 οὐπώποτ’
751 2102 832 2137 εἶδον,
860 2103 899 2133 ὥν

113 2149 158 2185 τὴν
167 2150 320 2185 εὐκοσμίαν
335 2150 489 2185 ἐθαύμασα.
501 2150 556 2178 Καὶ
569 2150 763 2178 συνεϐούλευσε
774 2150 898 2186 Χοσρόην

115 2195 150 2231 μὴ
168 2195 377 2231 συμπλέκεσθαι
401 2197 440 2228 εἰς
459 2196 550 2232 μάχην
567 2196 626 2230 μετ’
648 2195 742 2228 αὐτοῦ,
759 2196 833 2227 ὅπως
860 2196 897 2231 μὴ

114 2242 274 2278 ἡττηθέντος
289 2242 372 2269 αὑτοῦ
391 2243 422 2270 τδ
437 2243 490 2270 πᾶν
507 2243 625 2278 διαπέσῃ
639 2242 689 2277 τῆς
703 2241 759 2268 τῶν
784 2242 896 2277 Περσῶν
915 2254 936 2282 D

114 2287 263 2321 βασιλείας,
274 2288 304 2315 ὲν
319 2289 353 2323 γῇ
378 2288 522 2324 Ῥωμαίων
544 2289 713 2324 ὑπάρχοντος
731 2287 777 2315 καὶ
805 2288 897 2323 φυγῆς

112 2333 192 2361 τόπον
219 2334 257 2369 μὴ
285 2333 405 2369 ἔχοντος.
431 2334 485 2360 Καὶ
502 2333 534 2360 τὸ
546 2335 625 2370 νικᾷν
650 2325 732 2360 αὖτδν
749 2333 780 2360 οὐ
806 2334 895 2369 μέγα·

114 2379 264 2415 στρατηγὸν
276 2379 331 2416 γὰρ
354 2380 500 2415 Ῥωμαίων
513 2380 662 2415 νικήσειεν.
685 2379 715 2407 '0
727 2380 755 2407 δὲ
774 2380 898 2416 Χοσρόης

112 2426 144 2460 τῇ
158 2425 255 2452 τούτου
280 2426 443 2462 παραινέσει
465 2426 589 2458 πεισθεὶς
613 2426 796 2462 ἀναστρέφειν
817 2426 898 2457 εὐθὺς

112 2472 156 2498 ἐπὶ
172 2472 206 2499 τὰ
231 2472 286 2499 ῐδια
312 2472 453 2500 διενοεῖτο·
474 2473 600 2507 ἐφοϐεῖτο
619 2472 673 2508 γὰρ
690 2472 740 2508 τὴν
773 2471 898 2499 διάϐασιν

111 2516 156 2544 τοῦ
172 2517 297 2552 ποταμοῦ
311 2517 478 2554 ποιήσασθαι
493 2519 530 2550 ὡς
547 2518 601 2545 τῶν
621 2517 766 2554 Ῥωμαίων
790 2517 894 2553 ταύτην

114 2563 294 2598 κατεχόντων.
320 2564 375 2591 Καὶ
403 2564 472 2600 πρὸς
495 2563 654 2600 Βελισάριον
674 2564 778 2599 πέμπει
807 2572 896 2598 παρα-

114 2608 203 2635 καλῶν
226 2609 291 2640 τοὺς
308 2609 355 2636 τὸν
370 2609 493 2645 ποταμὸν
508 2609 654 2640 διαϐάντας
669 2608 840 2642 ἀναστεῖλαι,
853 2609 898 2635 καὶ

113 2654 196 2689 τούτῳ
210 2654 388 2690 τὴνπάροίον
402 2654 550 2686 ἀκωλύτως
572 2655 715 2690 παρέξειν.
739 2654 897 2690 Βελισάριος

112 2699 138 2726 δὲ
147 2703 213 2736 πρὸς
223 2701 306 2728 αὑτὸν
321 2701 403 2733 εὐθὺς
416 2701 548 2736 πρέσϐεις
557 2700 675 2736 έπεμψε,
684 2701 732 2728 καὶ
742 2699 837 2727 τοῦτον
847 2700 898 2734 τῆς

114 2747 312 2784 ἀναχωρήσεως
327 2747 456 2784 ἐπῄνεσε,
477 2748 526 2774 καὶ
539 2747 670 2783 πρέσϐεις
698 2748 731 2774 ἐκ
749 2747 796 2773 τοῦ
821 2747 898 2781 βασι-

117 2792 180 2826 λέως
188 2795 330 2830 συντόμως
343 2794 422 2830 ήκειν
434 2794 628 2825 διεϐεϐαιοῦτο,
639 2795 712 2826 ὅπως
723 2794 772 2830 τὴν
784 2795 898 2829 εἰρήνην

117 2838 309 2873 βραϐεύσωσιν.
327 2839 403 2874 ἠξίου
419 2839 447 2866 δὲ
467 2839 589 2876 Χοσρόης
610 2839 771 2875 Βελισάριον
788 2839 832 2867 διὰ
846 2840 897 2873 τῆς

118 2885 166 2910 τῶν
188 2885 333 2920 Ῥωμαίων
349 2885 399 2920 γῆς
415 2885 464 2920 τὴν
478 2885 594 2920 πάροδον
610 2885 776 2920 ποιήσασθαι
789 2885 898 2912 ἀκινδύ-

289 2936 422 2966 Pn‘noL.
445 2937 503 2964 Gn.
527 2934 635 2966 CXXI.

959 269 1110 298 exercitum
1132 273 1219 296 totum
1250 268 1444 302 collecturum,
1473 273 1501 296 et
1526 268 1580 296 Deo
1605 268 1745 296 conlidere

958 315 1083 343 hostibus
1100 322 1130 342 se
1142 315 1420 341 incommodaturum.
1431 313 1480 341 His
1496 314 1534 340 ita
1550 313 1641 345 factis,
1657 313 1744 341 Cllos—

959 368 1021 388 rocs
1046 360 1138 387 subito
1155 358 1282 386 Belisarii
1300 359 1417 387 adventu
1441 359 1535 386 audito
1543 359 1658 386 territus
1674 363 1716 386 est
1735 367 1742 391 ;

958 415 989 434 ac
1005 406 1123 433 ulterius
1138 404 1301 439 procedendi
1319 405 1436 433 consilio
1452 405 1596 440 repudiato
1614 405 1743 432 Alianda-

957 460 1015 480 zem
1032 452 1162 483 scribant,
1179 452 1316 480 hominem
1333 453 1507 487 prudentem,
1524 453 1557 479 ad
1576 452 1737 480 lielisariuni

957 498 1051 531 mittit,
1066 498 1220 533 quiducem
1233 502 1261 526 et
1289 499 1440 526 exercitum
1470 499 1660 533 specularetur
1688 499 1740 526 sub

956 548 1089 578 prmtextu
1106 543 1250 578 legationis
1265 543 1470 578 expostulatum
1487 544 1588 577 missae,
1598 544 1659 572 ideo
1669 545 1742 580 quod

955 588 1130 616 Justinianus
1160 589 1264 623 legatos
1299 588 1373 622 pacis
1412 587 1568 615 sanciendae
1603 595 1688 615 causa
1715 588 1743 614 in

954 635 1094 662 Persidem
1113 641 1166 661 non
1183 633 1314 661 misisset.
1332 633 1482 661 Belisarius
1508 633 1618 667 cognito
1639 634 1743 669 legatos

957 679 1114 712 adventare,
1125 687 1172 707 sex
1189 679 1273 706 millia
1288 679 1408 706 virorum
1425 683 1532 706 statura
1546 684 1573 706 et
1585 678 1672 706 forma
1681 687 1742 706 cor-

956 726 1031 760 poris
1059 726 1247 761 praestantium
1269 724 1379 760 delegit,
1406 731 1525 760 cumque
1541 724 1584 752 his
1609 724 1704 759 prccul
1725 732 1741 752 ιι

956 775 1057 802 castris
1070 774 1154 802 veluti
1172 780 1302 801 venatum
1317 773 1464 808 processit.
1494 772 1640 808 Diogenem
1657 780 1743 808 porro

955 821 1116 856 stipa‘torem
1133 819 1296 848 etAdulium
1311 819 1470 847 Armenium
1488 826 1551 846 cum
1575 818 1648 846 mille
1663 819 1741 854 equis

955 865 1190 894 amnemtransire
1205 865 1354 900 jussit,qui
1365 873 1395 892 se
1408 865 1509 892 vadum
1523 864 1584 899 ejus
1597 864 1742 900 explorare

955 913 1128 940 simularent.
1151 911 1300 940 Belisarius
1316 915 1346 938 ut
1369 911 1590 946 appropinquare
1619 911 1738 947 legatum

953 958 1033 991 vidit.
1051 958 1217 993 papilionem
1243 957 1271 985 in
1304 957 1452 985 solitudine
1479 957 1548 989 ﬁxit.
1577 957 1738 992 signiﬁcant

954 1004 1029 1033 nullo
1053 1012 1116 1032 cum
1142 1008 1275 1039 apparatu
1292 1011 1326 1032 eo
1348 1010 1379 1030 se
1401 1003 1526 1037 venisse;
1553 1003 1742 1039 militibusque

953 1049 1084 1084 praecepit
1097 1053 1128 1076 ut
1142 1048 1178 1076 ab
1191 1052 1309 1084 utraque
1329 1048 1442 1075 tentorii
1456 1051 1533 1083 parte
1543 1052 1638 1076 essent
1649 1049 1741 1076 Thra-

953 1103 1001 1124 ccs
1015 1100 1042 1123 et
1052 1095 1148 1131 Illyrii,
1165 1095 1247 1123 Gothi
1258 1099 1285 1123 et
1296 1093 1389 1122 Heruli
1401 1114 1408 1127 ,
1422 1093 1535 1122 Vandali
1548 1099 1575 1123 et
1594 1094 1738 1129 Maurusii,

954 1148 1044 1176 neque
1061 1140 1088 1167 in
1104 1147 1231 1175 campum
1262 1139 1390 1175 protinus
1408 1139 1493 1167 veluti
1521 1139 1554 1167 ad
1587 1140 1739 1169 ministeria

953 1186 1160 1219 descenderent,
1204 1193 1293 1221 neque
1323 1185 1480 1217 confertim.
1509 1186 1555 1214 sed
1578 1191 1742 1222 vagarentur

955 1232 1019 1261 hinc
1030 1232 1094 1260 inde
1111 1233 1186 1260 velut
1200 1231 1292 1264 otiosi.
1319 1236 1402 1267 atque
1430 1232 1590 1260 venantium
1620 1233 1739 1268 speciem

952 1279 1036 1316 654
1048 1279 1137 1315 legato
1153 1279 1330 1307 exhiberem.
1349 1278 1440 1307 Cincti
1464 1279 1642 1312 incedebant,
1659 1279 1738 1307 hilari

954 1326 1042 1357 vultu.
1068 1326 1267 1362 gestabantque
1286 1333 1399 1353 secures
1421 1330 1449 1353 et
1464 1326 1593 1354 calamos.
1610 1326 1740 1354 Abunda-

953 1380 999 1400 zes
1018 1376 1047 1399 ut
1066 1373 1093 1399 in
1118 1376 1296 1407 conspectum
1339 1371 1464 1399 Belisarii
1492 1372 1576 1405 venit,
1599 1372 1738 1408 indignari

952 1418 1102 1446 Chosroem
1117 1417 1508 1452 ostendit,quodtustinianus
1525 1418 1647 1453 neglecto
1659 1422 1740 1454 pacto

953 1463 1056 1498 legatos
1071 1463 1105 1491 de
1120 1470 1187 1498 pace
1200 1471 1254 1491 non
1269 1463 1403 1496 misisset,
1417 1463 1564 1498 ipsumque
1591 1464 1629 1491 ita
1641 1464 1674 1491 ad
1693 1464 1733 1491 in-

954 1509 1096 1538 ferendum
1128 1509 1259 1538 Romanis
1288 1510 1390 1538 bellum
1418 1510 1564 1546 adegisset.
1589 1509 1743 1538 Belisarius

953 1560 1048 1583 contra
1063 1556 1141 1584 nihili
1155 1557 1226 1584 hanc
1240 1556 1394 1584 orationem
1407 1555 1520 1589 ducere.
1541 1556 1567 1583 in
1584 1556 1736 1585 Cliosroem

953 1602 1014 1630 belli
1031 1602 1138 1637 culpam
1152 1601 1289 1635 conferre,
1303 1602 1348 1638 qui
1363 1602 1386 1630 si
1411 1603 1470 1637 paci
1489 1602 1651 1635 studuissct.
1665 1603 1739 1631 domi

951 1649 1042 1682 potius
1057 1655 1113 1676 sua:
1127 1649 1231 1684 legatos
1242 1648 1363 1683 opperiri
1384 1655 1466 1683 quam
1488 1648 1516 1676 in
1545 1648 1734 1676 Romanorum

951 1693 1082 1721 ditionem
1095 1694 1273 1730 lrrumpcmlo
1292 1701 1351 1722 cam
1369 1701 1491 1729 quaerere
1504 1694 1736 1730 debuerit.Atque

951 1739 1003 1767 hoc
1021 1747 1155 1774 responso
1168 1739 1285 1774 legatum
1311 1739 1426 1766 dimisit.
1445 1738 1470 1765 ls
1480 1738 1512 1766 ad
1527 1738 1678 1766 Chosroem
1692 1746 1735 1766 re-

951 1793 1047 1813 versus
1063 1785 1147 1813 refert
1161 1785 1248 1812 visum
1272 1783 1325 1811 sibi
1349 1783 1521 1816 Bclisarium,
1544 1784 1640 1812 ducem
1671 1792 1736 1820 pru-

950 1830 1043 1858 dentia
1075 1838 1108 1858 ac
1130 1831 1292 1858 fortitudine
1314 1830 1468 1866 singulari;
1495 1830 1597 1858 milites
1628 1838 1737 1865 quoque

951 1875 1177 1903 miraliilidecore
1189 1876 1291 1904 vidisse
1309 1880 1336 1902 et
1364 1875 1573 1910 compositione.
1591 1875 1737 1911 Suasitque

951 1920 1055 1954 regine
1074 1927 1136 1948 cum
1147 1927 1180 1948 eo
1199 1920 1259 1948 acie
1286 1920 1510 1955 congrederetur,
1538 1927 1572 1946 ne
1595 1921 1683 1949 victus
1707 1922 1735 1948 in

952 1964 1139 1992 Romanorum
1150 1966 1264 1998 ditioue,
1285 1973 1347 1992 cum
1365 1965 1433 2000 fugae
1463 1965 1541 1992 locus
1569 1973 1624 1993 non
1652 1972 1735 2000 esset,

951 2018 1066 2046 regnum
1082 2010 1223 2039 Persicum
1239 2015 1387 2044 everterct,
1406 2012 1562 2047 praesertim
1574 2019 1637 2039 cum
1654 2013 1736 2040 etiam

951 2057 1066 2085 victoria
1088 2057 1121 2084 de
1138 2057 1208 2085 duce
1228 2057 1352 2085 Romano
1367 2066 1420 2085 non
1447 2059 1483 2086 sit
1512 2059 1591 2087 valde
1617 2059 1736 2095 gloriosi

952 2103 1055 2130 futura.
1073 2098 1159 2138 Hujus
1177 2104 1282 2131 monitu
1313 2111 1463 2139 persuasus
1492 2103 1628 2134 Cliosrocs
1644 2106 1734 2134 statim

934 2147 985 2175 ‘ad
1007 2156 1057 2176 sua
1077 2148 1167 2177 redire
1186 2149 1326 2184 cogitavit.
1345 2149 1483 2178 Metuebat
1505 2155 1595 2178 autem
1615 2152 1734 2180 transire

950 2194 1073 2228 ﬂuvium,
1087 2194 1167 2230 cujus
1182 2188 1281 2222 vadum
1294 2194 1409 2223 Romani
1423 2195 1563 2223 tenebant.
1578 2196 1661 2224 Mittit
1671 2205 1735 2232 ergo

951 2239 984 2266 ad
997 2239 1169 2274 Belisarium,
1179 2240 1322 2275 postulans
1336 2244 1366 2267 ut
1376 2248 1424 2268 eos
1437 2242 1483 2276 qui
1498 2248 1606 2269 amnem
1616 2243 1734 2271 transie-

953 2289 1015 2312 rant
1030 2289 1171 2313 revocaret
1189 2286 1298 2322 sibique
1314 2290 1402 2314 tutum
1434 2287 1588 2315 discessum
1613 2293 1732 2323 pararet.

952 2329 1077 2358 Vicissim
1089 2331 1237 2360 Belisarius
1254 2332 1350 2360 missis
1375 2333 1473 2368 legatis
1496 2333 1557 2367 ejus
1580 2334 1733 2362 discessum

952 2377 1121 2410 collaudare,
1133 2385 1164 2405 ac
1173 2377 1309 2406 aliirmare
1329 2386 1391 2406 mox
1407 2379 1441 2406 ab
1454 2378 1622 2415 imperatore
1630 2380 1736 2416 legatus

951 2422 1056 2457 adfore,
1069 2424 1115 2459 qui
1130 2431 1225 2459 pacem
1241 2429 1420 2463 componant.
1438 2425 1516 2459 Quod
1539 2425 1622 2462 855
1644 2431 1735 2454 autem

951 2470 1090 2499 Cliosroes
1101 2470 1210 2506 petebat
1226 2476 1255 2498 ut
1272 2471 1324 2499 sibi
1339 2479 1387 2506 per
1403 2471 1590 2500 Romanorum
1603 2473 1736 2501 ditionem

951 2517 978 2544 in
995 2524 1073 2545 suam
1089 2521 1178 2544 tutum
1193 2517 1312 2545 reditum
1328 2522 1481 2553 praestaret,
1502 2518 1651 2547 Belisarius
1663 2518 1737 2547 obsi-

950 2563 1012 2590 dem
1029 2563 1090 2599 ejus
1111 2563 1148 2591 rei
1165 2564 1250 2599 gratia
1270 2562 1403 2592 Joannem
1435 2564 1616 2598 Edessenum,
1645 2565 1733 2593 virum

951 2607 1181 2641 illustrissimum,
1201 2609 1295 2635 mittit.
1311 2607 1354 2636 'Ob
1366 2608 1422 2636 haec
1440 2608 1556 2637 Romani
1573 2609 1668 2638 laudes
1681 2609 1733 2638 Bc-

951 2654 1036 2682 lisarii
1052 2654 1130 2682 valde
1146 2654 1343 2689 praedicarunt,
1367 2654 1498 2689 majorem
1522 2662 1556 2682 eo
1589 2655 1662 2683 facto
1677 2656 1737 2691 glo-

952 2700 1019 2728 riam
1043 2704 1223 2727 consecutum
1247 2707 1330 2734 quam
1343 2707 1405 2727 cum
1417 2699 1581 2728 Gilimcrum
1597 2701 1669 2729 bello
1685 2708 1735 2737 pa-

950 2749 1024 2773 etum
1044 2751 1070 2772 et
1084 2744 1212 2780 Vittigem
1229 2744 1299 2772 duos
1310 2752 1387 2780 reges
1418 2745 1514 2781 Cpolin
1536 2746 1672 2781 perduxit.
1699 2748 1738 2774 Ac

952 2792 1002 2822 fuit
1019 2799 1112 2819 revera
1127 2797 1276 2820 memoratu
1297 2797 1324 2820 et
1342 2792 1421 2820 laude
1441 2792 1554 2828 dignum
1580 2793 1645 2821 illud
1671 2794 1737 2820 faci-

952 2845 1015 2870 nus.
1038 2838 1111 2872 quod
1125 2845 1188 2866 cum
1206 2839 1321 2866 Romani
1339 2842 1367 2866 et
1384 2838 1505 2867 universi
1536 2843 1610 2867 metu
1624 2839 1734 2874 captiin

951 2885 1120 2914 munitiones
1145 2893 1175 2914 se
1191 2885 1371 2919 :tbdidisscnt,
1395 2890 1421 2914 et
1445 2885 1583 2916 Cbosmes
1598 2886 1625 2914 in
1645 2883 1735 2914 medio

1509 2933 1545 2963 23
