2008 3149
95 147 137 180 7g]
627 148 895 179 HISTORIARUM
915 150 1178 184 COMPENDIUM.

1652 158 1707 191 722

93 206 136 232 iul.
151 205 182 231 τὰ
197 204 240 241 [Ρ.
260 205 325 242 ⁸577]
344 206 468 233 ὁπωσοῦν
485 207 662 242 ἀναφυόμενα
682 209 715 244 τῇ
734 207 866 244 όρθοδόξῳ

925 209 1032 239 idversa
1048 215 1129 239 rectm
1146 211 1206 240 ﬁdei
1221 213 1300 249 66]⁵
1316 219 1486 244 enascuntur
1515 217 1700 246 condcmnen.

94 252 171 278 πίστει
184 252 295 279 ἐναντία
314 253 539 288 κατακρίνεσθαι.
559 254 636 280 Ἐπεὶ
647 254 737 280 τοίνυν
753 253 865 288 διέγνω-

95 307 146 324 erat
164 299 230 334 ἡμῖν
245 299 283 330 ὥς
309 307 381 331 τινες
401 300 430 325 ὲν
451 299 647 335 Ἰεροσολύμοις
674 300 730 326 εἰσὶ
758 301 869 335 μοναχοὶ

91 345 216 380 δήπουθεν
229 345 377 381 Πυθαγόρᾳ
399 346 447 372 καὶ
459 346 583 374 Πλάτωνι
605 347 653 373 καὶ
672 347 805 382 Ὠριγένει
830 347 869 383 τῷ

98 390 260 425 ’Δδαμαντίῳ
284 393 333 418 καὶ
347 393 380 426 τῇ
408 391 511 419 τούτων
538 391 683 428 δυσσεόείᾳ
709 394 756 419 καὶ
780 393 868 429 πλάνῃ

92 437 347 469 κατακολουθοῦντες
375 438 423 464 καὶ
443 438 625 472 διδάσκοντες,
653 438 708 466 δεῖν
740 439 869 475 ᾠήθημεν

92 483 212 518 φροντίδα
229 483 277 510 καὶ
299 483 414 519 ζήτησιν
425 484 590 520 ποιήσασθαι
607 485 671 519 περὶ
693 485 804 518 τούτων,
825 485 870 512 ἵνα

92 530 126 566 μὴ
159 530 251 556 τέλεον
277 530 321 557 διὰ
343 531 393 565 τῆς
428 531 588 566 Ἑλληνικῆς
623 532 670 559 καὶ
691 532 866 568 θίανιχαῖκῆς

90 576 190 612 ἀπάτης
219 576 310 603 αὐτῶν
333 577 448 608 πολλοὺς
473 578 640 604 ἀπολέσωσι.
666 577 784 612 Λέγουσι
803 578 868 613 γὰρ,

91 623 131 648 ἴνα
146 623 177 649 ὲκ
193 622 250 649 τῶν
262 622 367 650 πολλῶν
385 623 464 657 ὀλίγα
481 623 725 658 μνημονεύσωμεν,
747 623 789 650 ὅτι
811 623 870 654 νόες

90 666 154 704 ἦσαν
167 669 231 704 δίχα
242 669 341 701 παντὸς
356 669 479 705 ἀριθμοῦ
488 678 517 696 τε
528 670 576 696 καὶ
584 669 726 704 ὀνόματος,
738 669 776 701 ὼς
790 670 870 697 ἐνάδα

90 714 192 740 πάντων
207 711 277 741 εἶναι
293 714 348 742 τῶν
359 714 478 748 λογικῶν
495 715 529 750 τῇ
550 714 696 750 ταυτότητι
712 715 762 748 τῆς
773 715 869 746 οὐσίας

91 760 135 786 καὶ
147 759 288 794 ἐνεργείας
305 761 353 787 καὶ
369 761 402 795 τῇ
414 760 526 796 δυνάμει
537 761 571 796 τῇ
587 760 655 796 πρὸς
670 761 715 787 τὸν
731 761 797 787 Θεὸν
817 761 870 787 Λό-

91 814 135 839 γον
148 805 244 832 ἑνώσει
256 814 287 832 τε
302 807 349 833 καὶ
365 806 477 841 γνώσει.
493 807 547 833 Καὶ
563 807 601 839 ὡς
609 806 689 842 κόρον
701 806 792 833 αὐτῶν
806 806 871 842 λαμ-

90 851 222 878 6ανόντων
235 852 286 887 τῆς
302 852 378 898 Θείαὲ
392 853 503 888 ἀγάπης
517 853 566 880 καὶ
578 853 707 889 θεωρίας,
721 853 793 880 κατὰ
805 853 872 880 ἁνα-

89 897 177 931 λογίαν
196 898 246 932 τῆς
259 898 305 924 ἐπὶ
317 898 348 924 τὸ
357 889 452 934 χεῖρον
472 899 589 926 ἑκάστου
602 899 707 934 τροπῆς
731 898 869 933 λεπτομε-
888 889 908 916 Β

91 944 233 980 ρέστεραῆ
255 945 300 971 καὶ
316 945 458 980 παχύτερα
474 945 587 980 σώματα
611 944 802 980 ὰμφιάσασθαι
824 944 872 971 καλ⁸

91 990 210 1025 ὀνόματα
226 989 432 1025 κληρώσασθαι,
445 990 592 1018 κάντεῦθεν
603 990 652 1022 τὰς
665 990 807 1026 οὐρανίους
826 991 872 1018 καὶ

89 1035 275 1069 λειτουργικὰς
302 1034 453 1068 ὑποστῆναι
479 1034 619 1070 δυνάμεις.
650 1034 730 1062 una
757 1035 872 1070 μήνκαὶ

88 1080 162 1114 ἥλιον
176 1079 225 1106 καὶ
238 1079 354 1115 σελήνην
369 1079 417 1106 καὶ
431 1079 495 1111 τοὺς
509 1080 643 1115 ἀστέρας,
670 1081 717 1107 καὶ
738 1081 809 1108 αὐτὰ
823 1081 872 1116 τῆς

89 1125 170 1160 αὐτῆς
188 1125 242 1152 τῶν
258 1125 374 1160 λογικῶν
388 1125 480 1157 ἐνάδος
493 1125 567 1159 ὄντα,
582 1126 614 1153 ὲκ
625 1125 674 1160 τῆς
686 1125 774 1153 intra
785 1125 870 1161 χείρω

89 1171 190 1207 τροπῆς
227 1170 308 1198 τοῦτο
339 1171 480 1206 γεγονέναι
506 1171 576 1207 ὅπερ
619 1171 682 1198 είσί.
708 1171 749 1199 Τὰ
776 1171 803 1198 δὲ
827 1171 873 1198 ἐπὶ

94 1217 182 1245 πλεῖον
205 1217 257 1253 τῆς
288 1217 362 1249 Θείας
388 1217 564 1252 ἀποψυγέντα
585 1218 682 1252 λογικὰ
708 1217 796 1253 ψυχὰς
818 1217 873 1244 ὀνο-

93 1261 228 1296 μασθῆναι
244 1261 293 1288 καὶ
317 1261 426 1296 σώμασι
450 1262 614 1298 παχυτέροις
635 1263 693 1294 τοῖς
722 1262 784 1289 καθ’
799 1263 871 1298 ἡμᾶς

90 1306 269 1341 ἐμϐληθῆναι.
288 1306 329 1333 Τὰ
349 1307 377 1334 δὲ
392 1307 439 1334 ἐπὶ
454 1307 484 1333 τὸ
499 1307 583 1342 ἄκρον
597 1307 647 1342 τῆς
662 1307 762 1340 κακίας
778 1307 874 1342 ἐληλα-

92 1353 153 1379 κότα
170 1352 285 1388 ψυχροῖς
301 1353 348 1379 καὶ
377 1351 503 1388 ζοφεροῖς
528 1353 670 1388 ἐνδεθῆναι
685 1353 811 1388 σώμασι,
828 1355 875 1380 καὶ

91 1399 218 1434 δαίμονας
229 1397 415 1433 ὀνομασθῆναι
428 1399 573 1434 γενόμενα.
591 1400 646 1426 Καὶ
663 1399 704 1426 ὄτι
722 1398 752 1432 ἐξ
763 1399 873 1434 ἀγγελι-

91 1443 140 1478 κῆς
155 1443 205 1478 μὲν
218 1443 413 1475 καταστάσεως
423 1443 527 1480 ψυχικὴ
541 1445 646 1479 γίνεται
660 1445 875 1476 κατάστασις,ὲκ

91 1489 118 1515 δὲ
127 1489 176 1524 τῆς
186 1489 306 1524 ψυχικῆς
319 1489 500 1525 δαιμονιώδης
515 1498 546 1517 τε
557 1491 605 1517 καὶ
619 1490 788 1526 ἀνθρωπίνη.
805 1491 874 1517 Ἕνα

91 1535 117 1561 δὲ
134 1535 215 1570 μόνον
235 1535 298 1562 νοῦν
313 1535 346 1562 ὲκ
371 1536 462 1572 πάσης
485 1537 534 1571 τῆς
552 1536 648 1569 ὲνάδος
674 1537 728 1563 τῶν
756 1537 872 1572 λογικῶν

92 1581 239 1617 ἀκλόνητον
258 1583 348 1618 μεῖναι
376 1583 423 1610 καὶ
446 1582 575 1618 ἀκίνητον
594 1583 644 1619 τῆς
663 1582 739 1615 θείας
763 1583 874 1619 ἀγάπης

93 1628 135 1654 καὶ
148 1627 278 1663 θεωρίας,
294 1628 323 1661 ὃς
337 1629 384 1655 καὶ
396 1628 513 1664 Χριστὸς
527 1628 655 1664 βασιλεὺς
671 1629 719 1656 καὶ
731 1628 874 1665 ἄνθρωπος

92 1673 244 1707 γεγονέναι.
271 1674 327 1701 Καὶ
353 1673 394 1701 ὅτι
415 1673 549 1709 παντελής
573 1675 633 1701 ἔστι
657 1673 712 1701 τῶν
739 1674 875 1710 σωμάτων

93 1720 239 1754 ἀναίρεσις,
255 1720 338 1747 αὐτοῦ
352 1720 399 1747 τοῦ
414 1720 520 1755 Κυρίου
538 1720 648 1756 πρώτου
675 1720 875 1757 ἀποτιθεμένου

94 1764 122 1791 τὸ
141 1765 209 1792 [διον
235 1765 316 1801 σῶμα
342 1766 390 1792 καὶ
409 1765 464 1793 τῶν
485 1766 587 1793 λοιπῶν
601 1766 740 1794 ἁπάντων.
759 1767 816 1794 Καὶ
829 1767 875 1794 ὅτι

93 1811 304 1846 ἀνακομίζονται
328 1811 409 1838 πάλιν
423 1811 544 1844 ἅπαντες
557 1813 596 1844 είς
625 1813 674 1848 τὴν
693 1812 779 1847 αὐτὴν
796 1812 876 1839 ἑνάδα

93 1858 136 1883 καὶ
147 1857 271 1891 γίνονται
290 1857 360 1889 νόες,
378 1857 450 1884 καθά
463 1859 510 1885 καὶ
521 1858 550 1885 ὲν
564 1855 582 1894 ᾖ
603 1857 773 1893 προῦπάρεει
793 1857 875 1892 ὲτύγο

92 1911 181 1937 χανον,
189 1901 446 1937 άποκλθισταμένου
460 1903 582 1938 δηλονότι
607 1904 655 1930 καὶΙ
666 1903 750 1929 αὐτοῦ
762 1902 808 1929 τοῦ
820 1903 877 1929 δια-

92 1948 167 1975 σόλου
187 1948 235 1975 καὶ
249 1947 303 1974 τῶν
314 1947 416 1975 λοιπῶν
433 1948 567 1983 δαιμόνων
580 1949 620 1980 εἰς
646 1948 695 1983 τὴν
707 1948 791 1984 αὐτὴν
816 1948 877 1975 ἐνά-

91 1994 131 2026 δα,
145 1994 195 2021 καὶ
206 1994 262 2020 τῶν
273 1994 380 2021 ἀσεϐῶν
395 1994 443 2021 καὶ
458 1994 546 2021 ἀθέων
558 1993 710 2030 ἀνθρώπων
733 1994 803 2030 μετὰ
822 1994 877 2021 τῶν

92 2039 171 2067 θείων
185 2040 234 2067 καὶ
250 2039 387 2075 θεοφόρων
404 2040 509 2075 ἀνδρῶν
525 2040 574 2067 καὶ
589 2039 643 2067 τῶν
653 2040 788 2075 οὐρανίων
798 2039 878 2067 δυνά-

95 2095 178 2121 μεων,
196 2087 245 2113 καὶ
263 2086 311 2121 τὴν
325 2087 408 2122 αὐτὴν
424 2087 540 2120 ἑξόντων
553 2086 650 2114 ἕνωσιν
664 2087 732 2121 πρὸς
743 2087 790 2114 τὸν
810 2087 878 2114 Θεὸν

90 2133 184 2159 ὁποίαν
199 2132 257 2168 ἔχει
279 2132 326 2159 καὶ
341 2133 355 2159 ό
377 2132 614 2167 Χριστὸς,,καθὼς
627 2132 674 2159 καὶ
686 2133 876 2168 προϋπῆρχεν,

90 2179 126 2209 ὡς
142 2178 281 2214 μηδεμίαν
309 2176 380 2206 εἶναι
410 2178 542 2214 διαφορὰν
566 2178 605 2214 τῷ
621 2178 732 2213 Χριστῷ
753 2179 821 2213 πρὸς
845 2179 879 2206 τὰ

89 2224 170 2250 λοιπὰ
185 2224 286 2258 λογικά
301 2223 519 2256 παντελῶς,οὐτε
532 2225 564 2260 τῇ
580 2224 669 2260 οὐσίᾳ,
685 2224 747 2251 οὔτε
758 2226 791 2260 τῇ
806 2224 877 2259 γνώ-

89 2278 141 2302 σει,
154 2271 219 2298 οὔτε
231 2271 264 2305 τῇ
279 2270 404 2305 δυνάμει,
419 2270 480 2297 οὐτε
505 2272 538 2306 τῇ
565 2271 702 2306 ἐνεργείᾳ.
723 2271 753 2298 Ὀ
764 2271 818 2307 γάρ
838 2279 878 2297 τοι

88 2316 257 2351 Πυθαγόρας
281 2316 368 2351 ἀρχὴν
392 2317 446 2343 τῶν
470 2316 578 2344 πάντων
606 2316 708 2352 ἔφησεν
737 2315 807 2343 εἶναι
829 2317 878 2352 τὴν

89 2363 210 2397 μονάδα-
227 2363 276 2389 καὶ
294 2363 375 2389 πάλιν
401 2362 564 2398 Πυθαγόρας
587 2363 634 2390 καὶ
651 2363 763 2390 Πλάτων
792 2363 878 2398 δῆμόν

88 2416 153 2434 τινα
169 2407 266 2443 ψυχῶν
281 2408 436 2442 ἀσωμάτων
458 2408 591 2441 είπόντες,
610 2409 658 2435 καὶ
676 2409 726 2440 τὰς
743 2409 878 2444 ἁμαρτάδι

88 2454 144 2479 τινὶ
185 2453 389 2488 περιπεσούσας
414 2453 551 2489 τιμωρίας
577 2454 657 2489 χάριν
689 2453 729 2483 εἰς
765 2452 879 2488 σώματα

91 2497 134 2533 [1³.
146 2498 213 2534 5Ῑ8]
222 2498 453 2533 καταπέμπεσθαι
461 2498 594 2533 λέγουσιν.
605 2499 705 2526 Ὅθενὸ
716 2499 827 2526 Πλάτων
837 2499 879 2526 δέ-

93 2553 147 2578 μας
161 2544 193 2570 τὸ
201 2544 282 2579 σῶμα
296 2545 343 2571 καὶ
352 2545 430 2580 σῆμα
440 2545 579 2577 ἐκάλεσεν,
593 2544 631 2576 ὼς
645 2545 727 2571 οίονεὶ
733 2545 784 2579 τῆς
791 2544 880 2580 ψυχῆς

94 2591 122 2616 ὲν
133 2591 223 2626 τούτῳ
233 2591 378 2626 δεδεμένης
390 2592 436 2618 καὶ
453 2591 640 2626 τεθαμμένης.
661 2590 726 2618 Εἶτα
750 2592 815 2627 περὶ
829 2591 881 2626 τῆς

95 2636 228 2672 ἐσομένης
240 2637 356 2672 κρίσεως
364 2638 412 2664 καὶ
423 2637 629 2669 άνταποδόσεως
639 2637 691 2663 τῶν
699 2637 793 2672 ψυχῶν
803 2635 880 2669 αὖθις

95 2689 186 2716 φησιν·
201 2683 235 2709 Ἡ
246 2682 295 2717 μὲν
303 2683 378 2709 παιδε
384 2684 567 2718 ραστήσαντος
578 2684 624 2709 καὶ
632 2684 722 2713 κακῶς
734 2682 880 2718 βιώσαντος

97 2728 167 2760 μετὰ
176 2728 335 2762 φιλοσοφίας
346 2728 419 2764 ψυχὴ
433 2728 512 2764 τρίτῃ
524 2729 641 2764 περιόδῳ
656 2730 689 2762 τῇ
704 2728 816 2763 χιλιετεῖ
834 2729 881 2755 ἐᾶ-

97 2774 326 2808 ταικολατθῆναι,
343 2774 389 2800 καὶ
415 2774 487 2801 οὕτω
499 2773 670 2808 πτερωθεῖσα
696 2774 735 2810 τῷ
754 2774 881 2810 χιλιοστῷ

97 2820 327 2850 ἐτειὲκὸάλλεται
347 2823 392 2848 καὶ
405 2822 610 2858 ἀπέρχεται-,αἱ
632 2821 660 2848 δὲ
677 2822 756 2848 ἄλλαι
782 2823 881 2848 ὁπόταν

98 2867 172 2895 τόνδε
183 2869 226 2894 τύν
237 2869 293 2904 βίον
304 2869 492 2901 τελέσωσιν,αἱ
505 2868 552 2903 μὲν
565 2869 601 2900 είς
612 2868 644 2895 τὰ
655 2868 706 2895 ὐπὸ
715 2868 764 2904 γῆν
771 2868 866 2896 δικαιω
874 2885 881 2890 ~

920 260 975 284 tur.
992 256 1058 284 Cum
1076 265 1142 294 ergo
1152 265 1321 295 compertum
1339 261 1488 291 habeamus
1501 271 1561 292 esse
1577 263 1705 294 llieroso-

921 301 1000 337 lymis
1016 303 1150 338 quosdam
1182 306 1333 334 monachos
1358 307 1500 341 nimirum,
1529 310 1575 344 qui
1607 309 1704 346 Pytha-

920 355 1008 383 gora,
1038 347 1170 384 Platonis,
1212 350 1392 388 Origcnisque
1414 354 1569 382 Adamanlii
1605 356 1705 391 impios

920 400 1030 421 errores
1044 399 1185 423 sectentur
1213 401 1296 432 atque
1328 398 1455 432 doceant,
1487 400 1707 429 existimavimus

920 446 1016 467 curam
1032 444 1059 467 et
1078 440 1283 476 inquisitionem
1302 443 1336 471 de
1369 444 1403 471 iis
1421 445 1615 480 adhibendam,
1633 455 1667 475 ne
1687 448 1707 475 ii

921 485 955 512 ad
970 482 1121 513 extremum
1136 487 1303 516 Graecanicis
1314 494 1342 516 et
1356 489 1531 519 Maniehaicis
1545 493 1603 521 suis
1616 493 1705 528 impo-

921 531 1009 559 sturis
1027 531 1130 560 multos
1150 533 1276 568 perdant.
1305 534 1370 562 Nam
1395 541 1425 564 ut
1439 537 1473 566 de
1495 540 1589 568 multis
1618 539 1711 575 pauca,

921 584 1178 611 eommemoremus.
1190 585 1295 608 mentes
1308 582 1385 609 aiunt
1405 582 1493 612 fuisse
1504 585 1662 615 innumeras
1679 592 1708 615 et

921 624 1041 652 nominis
1053 629 1189 660 expertes,
1206 626 1353 662 omniaque
1369 629 1474 657 ratione
1490 632 1602 666 pradita
1621 641 1705 661 unum

921 675 983 714 esse
1009 668 1135 704 idemque
1149 670 1302 699 substantia
1327 677 1351 700 el
1371 673 1501 708 elIicacia,
1520 676 1708 714 facultateque

922 712 955 740 ad
971 713 1055 741 Deum
1071 713 1191 743 Verbum
1213 720 1240 744 et
1257 718 1414 753 cognitione
1438 721 1530 750 omnia
1549 723 1635 752 unita.
1654 712 1710 753 llas

923 763 1042 795 mentes,
1059 768 1121 789 cum
1135 763 1238 791 amoris
1256 771 1288 791 ac
1301 767 1540 801 contemplationis
1562 767 1608 796 Dei
1623 772 1708 798 satie-

923 810 965 834 tas
977 814 1024 835 eas
1039 809 1159 843 cepisset
1174 817 1224 845 pro
1240 818 1274 838 eo
1288 814 1318 838 ut
1343 813 1447 847 quaevis
1473 814 1560 850 magis
1580 815 1708 844 minusve

924 852 951 879 in
964 853 1087 882 deterius
1101 855 1267 889 desciverat,
1279 857 1321 884 vel
1345 859 1483 886 crassiora
1515 860 1556 887 vel
1582 862 1715 889 tenuiora,

922 905 1036 933 corpora
1053 899 1128 927 indui
1148 904 1230 936 atque
1252 902 1363 929 nomina
1393 904 1499 936 sortiri,
1535 909 1616 940 atque
1646 906 1710 934 inde

922 944 1084 972 cmlestibus
1101 948 1128 972 et
1143 945 1314 974 administris
1333 946 1511 976 facultatibus
1539 956 1602 977 esse
1618 950 1712 985 subje-

922 993 993 1017 ctas.
1011 988 1102 1024 Ipsum
1115 990 1183 1018 adeo
1198 991 1295 1025 solem,
1307 992 1399 1019 lunam
1415 998 1442 1021 et
1455 994 1558 1028 stellas,
1576 1002 1637 1023 cum
1651 997 1719 1032 ipsa'

922 1043 1032 1071 quoque
1048 1037 1074 1064 in
1092 1037 1219 1064 ratimiali
1235 1038 1286 1066 ista
1302 1040 1408 1067 unitate
1428 1045 1534 1074 essent,
1557 1043 1715 1071 mutatione

923 1079 951 1107 in
967 1080 1087 1108 deterius
1103 1081 1173 1109 faeta
1190 1082 1217 1110 id
1235 1083 1352 1119 coepisse
1369 1091 1430 1112 esse
1453 1086 1525 1120 quod
1552 1090 1629 1114 sunt.
1656 1087 1715 1115 Eas

924 1133 988 1153 vero
1016 1130 1121 1155 mentes
1134 1128 1161 1155 in
1186 1129 1287 1163 quibus
1317 1129 1365 1157 Dei
1393 1138 1470 1158 amor
1507 1132 1594 1167 magis
1624 1133 1713 1161 ctiam-

922 1171 1041 1204 refrixit,
1073 1173 1180 1201 animas
1209 1173 1317 1207 factas,
1347 1180 1375 1203 et
1403 1175 1591 1206 crassioribus
1618 1179 1711 1213 qualia

922 1221 1017 1245 nostra
1043 1222 1109 1245 sunt
1135 1219 1299 1254 corporibus
1324 1220 1445 1249 immitti.
1482 1222 1549 1256 Quae
1578 1231 1643 1252 vero
1675 1226 1715 1253 ad.

923 1267 1078 1291 extremum
1091 1265 1282 1299 perversitatis
1296 1267 1432 1300 venerint,
1458 1274 1505 1296 eas
1539 1268 1648 1304 frigidis
1679 1278 1712 1298 ac

924 1309 1083 1345 caliginosis
1124 1309 1209 1339 inseri
1249 1312 1425 1347 corporibus,
1462 1320 1534 1349 quos
1570 1314 1719 1343 daemonas

924 1359 1035 1382 vocant.
1051 1355 1090 1382 Ex
1103 1356 1229 1391 angelico
1248 1357 1368 1392 proinde
1395 1362 1469 1386 statu
1495 1358 1652 1392 animalem,
1675 1368 1710 1388 ex

924 1399 1036 1427 animali
1061 1399 1243 1429 daemonicum
1270 1401 1327 1429 ﬁeri
1350 1407 1377 1429 et
1401 1402 1561 1431 humanum.
1592 1404 1630 1432 De
1655 1409 1712 1433 tota.

925 1447 1016 1472 autem
1032 1444 1139 1472 unitate
1154 1445 1287 1473 mentium
1304 1454 1387 1474 unam
1406 1448 1540 1476 duntaxat
1555 1450 1713 1484 perstitisse

925 1489 1076 1524 immotam,
1093 1498 1183 1526 neque
1195 1491 1229 1519 ab
1240 1499 1333 1520 amore
1344 1496 1371 1521 et
1382 1493 1463 1529 662
1480 1495 1712 1531 contemplatione

927 1534 973 1563 Dei
993 1543 1103 1571 passam
1121 1544 1152 1564 se
1170 1536 1290 1566 abduci:
1310 1545 1370 1566 eam
1398 1547 1460 1568 esse
1484 1539 1636 1574 Christum,
1664 1542 1721 1576 qui

888 1571 910 1602 ο
926 1579 999 1608 Deus
1021 1585 1049 1607 et
1076 1580 1157 1609 homo
1188 1580 1282 1609 fuerit.
1311 1581 1453 1610 Aﬂlrmant
1479 1583 1563 1611 etiam
1594 1571 1722 1620 corpora.

924 1633 1040 1662 prorsus
1054 1626 1179 1660 interire,
1190 1627 1337 1663 ipsumque
1355 1628 1444 1664 primo
1458 1628 1602 1657 Dominum
1614 1638 1715 1665 corpus

925 1679 1007 1699 suum
1027 1671 1174 1706 abiecisse,
1189 1677 1216 1700 et
1227 1672 1254 1701 id
1266 1680 1364 1701 omnes
1380 1673 1506 1702 homines
1524 1674 1629 1706 facere;
1647 1683 1711 1702 rur-

925 1725 1043 1752 sumque
1062 1725 1160 1746 omnes
1177 1718 1204 1746 in
1217 1719 1352 1746 unitatem
1367 1719 1457 1747 redire
1474 1727 1507 1748 ac
1519 1726 1625 1748 mentes
1640 1721 1711 1753 fieri.

926 1762 1047 1791 sicutab
1062 1763 1141 1791 initio
1159 1763 1286 1798 fuerant;
1303 1765 1394 1800 ipsum
1407 1765 1534 1793 videlicet
1554 1766 1637 1793 etiam
1654 1766 1715 1793 dia-

927 1808 1020 1835 bolum
1036 1808 1202 1844 eteeliquos
1228 1809 1378 1842 daemones,
1407 1809 1562 1845 impiosque
1588 1811 1723 1840 homines-

928 1853 955 1880 in
972 1854 1096 1881 eamdem
1110 1862 1172 1882 cum
1201 1855 1305 1882 sanctis
1319 1858 1350 1882 et
1373 1855 1474 1884 divinis
1498 1855 1656 1884 hominibus
1679 1864 1712 1884 ac

927 1899 1088 1928 caelestibus
1096 1899 1274 1928 facultatibus
1283 1901 1415 1929 unitatem
1426 1902 1595 1935 restitutum,
1603 1901 1714 1930 eodem-

927 1954 982 1981 que
1000 1954 1055 1981 quo
1070 1946 1128 1981 ipse
1142 1946 1271 1975 Christus
1288 1947 1369 1976 modo
1381 1955 1443 1976 cum
1471 1948 1527 1976 Deo
1546 1949 1654 1976 unitum
1669 1949 1715 1980 iri,

929 1993 1003 2021 sicut
1018 1998 1046 2021 et
1060 1993 1196 2029 principio
1213 1994 1283 2021 uniti
1301 1993 1420 2022 fuerant.
1436 1995 1525 2029 Atque
1550 1993 1619 2021 adeo
1635 1993 1716 2021 Chri-

929 2043 1001 2066 stutn
1015 2040 1095 2074 plane
1105 2040 1175 2067 nihil
1199 2047 1214 2067 a
1230 2040 1344 2075 reliquis
1375 2040 1481 2068 ratione
1507 2039 1629 2075 przedilis
1659 2039 1716 2067 dif-

930 2084 1011 2117 ferre,
1035 2092 1122 2119 neque
1149 2085 1307 2114 substantia
1328 2093 1418 2121 neque
1443 2085 1601 2120 cognitione
1628 2093 1716 2120 neque

931 2130 1061 2158 facultate
1097 2138 1186 2166 neque
1225 2130 1398 2159 efficacitate.
1438 2130 1510 2158 Sane
1545 2130 1716 2166 Pythagoras

930 2176 1099 2212 principium
1116 2177 1238 2204 omnium
1253 2185 1344 2204 rerum
1361 2185 1423 2205 esse
1442 2177 1574 2204 unitatem
1591 2185 1715 2212 pronun~

931 2222 1018 2250 tiavit.
1031 2222 1159 2258 Idemque
1171 2227 1199 2250 et
1214 2222 1292 2251 Plato
1307 2223 1472 2256 docuerunt,
1493 2230 1555 2251 esse
1568 2223 1715 2258 quamdam

930 2271 1039 2301 gentem
1051 2268 1205 2296 animarum
1221 2268 1348 2304 corporis
1365 2268 1532 2303 expertinm.
1543 2276 1604 2304 quae
1616 2268 1638 2296 si
1652 2268 1716 2303 quid

931 2313 1103 2348 delinquant,
1133 2321 1222 2349 pmnm
1240 2314 1300 2342 loco
1325 2315 1352 2341 in
1377 2321 1495 2348 corpora
1523 2314 1716 2342 demittantur.

930 2358 1112 2392 Quamobrem
1132 2359 1210 2387 Plato
1240 2367 1342 2394 corpus
1370 2367 1458 2391 soma,
1477 2360 1556 2395 quasi
1587 2368 1673 2392 sema,
1691 2360 1718 2387 id

930 2409 973 2432 est
1002 2405 1210 2438 monimentum,
1240 2410 1271 2432 et
1301 2406 1407 2439 demus,
1443 2405 1470 2432 id
1505 2410 1547 2433 est
1578 2406 1716 2433 vinculum

930 2451 1090 2486 appellavit,
1105 2452 1132 2478 in
1148 2459 1180 2479 eo
1193 2452 1313 2478 animam
1340 2451 1419 2486 quasi
1446 2452 1581 2486 sepultam
1611 2451 1718 2486 alligari

930 2497 1154 2526 imiicanstem
1181 2498 1215 2525 de
1226 2497 1320 2526 futuro
1346 2498 1452 2533 judicio
1487 2502 1514 2525 et
1536 2498 1657 2533 pramiis
1685 2506 1717 2525 ac

931 2543 1184 2578 pcenisanimarum
1210 2544 1250 2571 sie
1272 2543 1370 2571 scribit
1393 2552 1400 2570 :
1419 2543 1578 2579 Philosophi
1614 2543 1717 2576 anima,

931 2597 992 2625 qua:
1010 2590 1195 2617 tuaacnlorum
1209 2597 1303 2617 amore
1317 2594 1344 2617 et
1355 2589 1467 2625 ﬂagitiis
1484 2597 1514 2618 se
1539 2589 1646 2624 polluit.
1663 2593 1718 2617 tres

932 2636 1103 2663 tuilli-narias
1114 2635 1295 2663 circuitiones
1315 2642 1411 2670 pinnas
1429 2636 1489 2667 luil,
1520 2636 1611 2671 itaque
1634 2635 1715 2663 mille

932 2682 1002 2709 simu
1015 2689 1087 2709 anno
1100 2681 1171 2709 alata
1188 2681 1299 2716 cjicitur
1319 2686 1346 2708 ct
1361 2681 1428 2708 abit.
1443 2680 1565 2716 Reliqua:
1594 2680 1645 2708 hac
1663 2681 1719 2708 vita

933 2729 1079 2762 defuncta),
1096 2730 1156 2757 aliae
1172 2730 1204 2757 ad
1220 2729 1368 2756 tribunalia
1382 2729 1453 2756 infra
1475 2735 1574 2756 terram
1588 2728 1719 2756 deferun-

932 2780 988 2808 tur,
1003 2783 1099 2810 paanas
1118 2775 1156 2803 ibi
1167 2776 1272 2804 datura:
1285 2775 1357 2803 dicta
1381 2783 1476 2807 causa,
1494 2776 1554 2802 aliae
1584 2776 1611 2802 in
1628 2775 1713 2802 eale—

933 2828 1000 2849 steni
1025 2821 1170 2855 quemdam
1198 2822 1288 2848 locum
1303 2822 1451 2850 sublevalaa
1473 2831 1486 2848 ιι
1502 2822 1584 2858 663
1610 2821 1718 2855 justitia

934 2876 982 2902 pro
1003 2869 1062 2896 vitae
1079 2867 1183 2896 meritis
1198 2868 1326 2896 bcalitatc
1343 2870 1480 2896 fruuntur.
1507 2868 1555 2896 Est
1585 2871 1677 2895 autem
1689 2861 1719 2893 in
