2008 3149
287 145 342 176 123

923 145 1084 176 GEOltGli
1106 146 1274 176 CEDRENI

1865 146 1931 177 72E

290 209 419 240 promptu
441 203 524 239 hujus
536 204 679 231 sententia:
695 204 894 232 absurditatem
907 206 1074 240 perspicere.

1138 206 1210 240 ῖήρια
1227 203 1352 230 ἐλθοῦσαι
1364 203 1442 239 δίκην
1457 203 1516 239 ἅμα
1531 203 1578 230 καὶ
1597 203 1676 237 λόγον
1697 202 1828 235 τίσουσιν,
1841 204 1868 230 αι
1896 204 1930 230 δὲ

287 250 357 284 Quis
369 251 442 278 cnim
456 257 517 278 ettm
533 250 626 277 docuit
650 250 817 278 millcnarias
843 251 911 279 istas
942 259 1077 279 annorum

289 298 499 330 conversiones,
513 300 538 324 et
556 296 629 332 quod
654 297 724 325 1000
741 289 822 325 annis
848 298 950 334 elapsis
973 299 1077 334 quaevis

288 344 379 371 anima
409 343 443 370 ad
471 351 552 371 suttnt
576 344 719 378 perveniat
743 344 852 371 locum?
867 344 934 371 Nam
961 352 1023 380 quae
1049 345 1076 372 in

289 389 379 417 medio
396 392 462 416 Sunt.
490 389 601 423 horum,
631 390 664 417 de
694 390 737 418 his
770 398 805 418 ne
836 390 1077 419 libidittosissimos

287 435 398 470 quidem
428 436 521 463 decuit.
550 436 588 463 ita
621 437 814 472 pronuntiare,
840 437 940 467 nedum
971 440 1077 464 tantum

288 481 494 517 philosophum.
510 482 619 518 Quippe
634 491 681 511 eos
694 484 740 518 qui
760 484 844 511 vitam
869 483 1078 519 perfectissimis

231 552 234 555 .
289 527 376 554 functi
401 527 499 556 ciliciis
524 532 660 564 egerunt,
684 537 753 556 cum
776 529 1025 565 intemperantibus
1051 534 1078 558 et

292 574 478 602 masculorum
520 574 691 602 amatoribus
726 575 892 610 composuit,
928 575 1080 610 eademque

291 622 424 653 utrosque
436 627 547 647 manere
557 619 636 647 dixit.
648 619 818 655 Pythagoras
831 627 907 656 ergo,
918 620 1006 653 Plato,
1017 621 1080 649 P10<

290 665 365 692 tinus
377 665 477 697 aliique
487 665 586 693 horum
601 665 725 699 tribules,
735 667 968 694 immortalitatem
982 667 1080 695 animae

290 718 345 738 uno
361 718 500 738 consensu
514 710 697 744 ascribentes,
710 718 758 740 eas
778 711 944 747 corporibus
970 713 1079 747 priores

290 756 437 790 atiirmant,
450 762 549 785 etesse
567 758 714 792 quamdam
730 757 885 785 animarum
904 763 1027 793 gentem,
1048 766 1080 786 ac

290 809 338 829 eas
352 809 412 837 quae
424 807 541 838 peccant
554 803 615 830 ideo
631 804 658 830 in
671 810 789 838 corpora
805 803 906 837 delabi,
924 804 1081 839 pigrorum-

291 855 345 882 que
360 848 468 876 animas
482 848 559 876 abire
582 849 610 881 in
638 849 744 882 asinos,
765 850 907 885 rapacium
934 851 960 878 in
988 851 1079 886 lupos,

292 893 452 921 dolosorum
469 894 496 922 in
515 895 622 930 vulpes,
639 895 786 923 mulierum
814 903 908 923 amore
931 896 1081 924 furentium

291 940 319 967 in
337 945 433 975 equos.
450 939 502 968 Sed
524 940 647 969 Ecclesia
662 941 762 970 divinis
779 943 932 978 astipulans
955 943 1081 979 Scriptu-

294 985 332 1013 ris
347 987 466 1013 animam
485 995 538 1014 una
549 994 610 1014 cum
629 995 746 1023 corpore
759 989 840 1017 condi
855 989 980 1022 attirmat,
996 997 1083 1024 neque

293 1032 409 1058 alterum
428 1031 516 1059 altero
530 1033 606 1067 prius
624 1041 696 1066 esse,
721 1038 750 1061 ut
780 1035 890 1062 vecordi
924 1036 1012 1063 visum
1041 1040 1084 1064 est

292 1075 415 1112 Origeni.
432 1076 549 1113 Propter
565 1078 616 1107 has
632 1080 715 1115 igitur
745 1081 831 1108 malas
854 1084 882 1108 et
912 1082 1083 1116 perniciosas

293 1122 449 1156 opiniones,
477 1127 524 1150 aut
550 1123 647 1152 deliria
677 1125 780 1160 potius,
810 1133 858 1153 vos
886 1126 1041 1159 hortantur,
1067 1136 1084 1154 0

294 1168 462 1196 sanctissimi
476 1168 584 1204 Patres,
599 1177 628 1199 ut
648 1172 676 1199 in
694 1181 779 1200 unum
805 1173 913 1206 collecti
931 1175 1083 1209 subiectam

295 1214 494 1248 expositionem
521 1220 548 1243 et
568 1217 678 1252 singula
700 1217 761 1253 ejus
791 1219 882 1254 capita
908 1220 1082 1252 examinetis,

295 1258 487 1296 damnatisque
513 1269 568 1289 una
590 1270 653 1290 cum
670 1263 788 1299 Origene
815 1272 912 1293 omnes
940 1267 988 1302 qui
1010 1266 1083 1295 idem

294 1306 419 1334 sentiunt
434 1312 482 1335 aut
496 1316 664 1345 quocunque
679 1315 802 1345 tempore
817 1312 948 1340 sentient.

1131 251 1171 282 εἰς
1181 250 1308 286 οὐράνιόν
1327 258 1388 277 τινα
1403 249 1483 276 τόπον
1494 249 1683 284 κουφισθεῖσαι
1695 249 1749 276 ὑπὸ
1768 250 1818 284 τῆς
1843 250 1930 284 δίκης

1129 296 1266 330 διάξουσιν
1288 296 1382 329 ἀξίως,
1400 295 1491 327 καθὼς
1518 295 1647 323 ἐϐίωσαν.
1678 291 1717 323 Οὗ
1740 295 1791 330 τὴν
1806 295 1932 323 ἀτοπίαν

1128 344 1175 371 τοῦ
1192 343 1273 378 λόγου
1289 343 1459 378 καταμαθεῖν
1476 343 1568 379 ῥᾴδιον
1580 342 1631 376 ’τίς
1647 343 1703 378 γὰρ
1721 343 1802 369 αὑτὸν
1816 342 1932 375 ἐδίδαξε

1132 390 1182 422 τὰς
1199 390 1253 416 τῶν
1273 389 1341 416 ὲτῶν
1356 389 1497 425 περιόδους
1522 389 1569 416 καὶ
1595 389 1717 425 χιλιάδας
1730 398 1738 423 ;
1753 389 1800 416 καὶ
1827 390 1869 416 ὃτι
1884 399 1934 424 χι-

1129 437 1195 463 λίων
1217 435 1414 471 διεληλυθότων
1436 436 1516 469 ἑτῶν,
1543 435 1604 462 τότε
1627 435 1681 463 τῶν
1702 436 1797 470 ψυχῶν
1820 435 1932 470 ἑκάστη

1129 483 1169 515 εἰς
1180 483 1224 511 τὸν
1239 482 1304 509 ῐδιον
1320 482 1471 518 ἀπέρχεται
1484 482 1591 518 χῶρον;
1604 482 1645 508 Τὰ
1657 482 1685 508 δὲ
1705 482 1808 517 μεταξὺ
1818 481 1932 508 τούτων

1129 530 1191 557 οὐδὲ
1205 531 1261 561 τοῖς
1274 529 1346 564 ἄγαν
1362 527 1573 563 ἀσελγεστάτοις
1585 528 1706 564 ἥρμοττε
1721 527 1824 562 λέγειν,
1841 528 1929 562 μήτοι

1130 585 1162 611 γε
1177 576 1316 611 φιλοσόφῳ
1336 574 1450 610 τοιούτῳ
1463 582 1470 589 ·
1487 576 1545 606 τοῖς
1557 574 1611 610 γὰρ
1625 574 1675 610 τὴν
1687 574 1829 608 ἀκραιφνῆ
1845 573 1930 600 πολι-

1131 624 1208 651 τείαν
1225 622 1424 658 κατωρθωκόσι
1443 623 1509 654 τοὺς
1531 622 1704 653 ἀκολάστους
1718 620 1766 648 καὶ
1787 619 1927 654 παιδερά-

1131 678 1197 702 στας
1214 668 1373 702 συνέξευξε,
1386 668 1434 696 καὶ
1447 668 1560 700 τούτους
1584 667 1729 698 κάκείνους
1751 666 1806 693 τῶν
1834 665 1932 692 αὐτῶν

1130 716 1231 751 ἔφησεν
1238 715 1450 742 ἀπολαύσεσθαι.
1458 714 1621 749 Πυθαγόρας
1628 713 1729 746 τοίνυν,
1739 713 1788 739 καὶ
1799 712 1931 744 Πλάτων,

1131 762 1177 789 καὶ
1188 762 1333 796 Πλωτῖνος,
1346 762 1394 789 καὶ
1408 762 1432 788 οἱ
1447 761 1498 796 τῆς
1520 760 1633 788 ἐκείνων
1641 760 1810 795 συμμορίας,
1823 758 1933 786 ἀθανά-

1130 816 1194 838 τους
1209 804 1279 834 εἶναι
1296 807 1345 838 τὰς
1369 806 1459 842 ψυχὰς
1486 805 1757 840 συνομολογήσαντες
1780 803 1933 839 προῡπάρη

1134 861 1192 887 χειν
1207 852 1310 884 ταύτας
1319 852 1425 888 ἔφησαν
1439 852 1495 878 τῶν
1518 851 1666 893 σωμάτων,
1682 850 1729 877 καὶ
1743 850 1830 885 δῆμον
1852 846 1933 876 εἶναι

1134 898 1239 933 ψυχῶν,
1253 898 1301 924 καὶ
1321 898 1370 930 τὰς
1382 897 1598 933 πλημμελούσας
1611 898 1650 928 εις
1667 895 1782 931 σώματα
1807 895 1936 922 καταπί-

1139 953 1229 977 πτειν,
1245 944 1283 976 ὠς
1298 944 1378 979 ἔφην,
1394 945 1440 971 καὶ
1452 944 1516 976 τοὺς
1529 944 1578 978 μὲν
1592 944 1709 978 πικροὺς
1723 943 1764 974 είς
1779 942 1936 977 πονηροὺς,

1134 992 1197 1023 τοὺς
1210 991 1238 1017 δὲ
1251 991 1440 1026 ἁρπακτικοὺς
1467 991 1507 1022 εἰς
1522 990 1638 1022 λύκους,
1658 990 1722 1021 τοὺς
1748 989 1776 1016 δὲ
1800 987 1936 1023 δολεροὺς

1134 1038 1175 1068 είς
1194 1036 1351 1069 ἀλώπεκας,
1371 1036 1434 1068 τοὺς
1446 1036 1473 1063 δὲ
1498 1035 1664 1071 θηλυμανεῖς
1682 1036 1722 1066 εἰς
1735 1034 1894 1066 ἴππους.Ἡ
1906 1033 1938 1058 δὲ

1143 1083 1292 1119 Ἐκκλησία
1313 1084 1371 1115 τοῖς
1397 1083 1480 1114 θείοις
1498 1081 1620 1117 ἑπομένη
1641 1081 1733 1116 λόγοις
1749 1079 1850 1115 φάσκει
1882 1079 1940 1112 τὴν

1135 1130 1226 1165 ψυχὴν
1241 1129 1528 1165 συνδημιουργηθῆναι
1544 1127 1583 1163 τῷ
1594 1127 1710 1163 σώματι,
1725 1127 1772 1154 καὶ
1788 1127 1820 1153 οὐ
1836 1126 1868 1152 τὺ
1884 1126 1939 1160 μὲν

1136 1177 1280 1212 πρότερον,
1297 1177 1327 1202 τὺ
1338 1175 1367 1203 δὲ
1389 1175 1514 1212 ὕστερον,
1529 1175 1600 1202 κατὰ
1615 1174 1665 1210 τὴν
1684 1173 1842 1209 Ὠριγένους
1865 1180 1941 1207 φρε-

1135 1223 1307 1254 νοϐλάϐειαν.
1323 1223 1373 1250 Δια
1398 1222 1485 1250 ταῦτα
1507 1221 1575 1256 γοῦν
1586 1222 1621 1248 τὰ
1635 1221 1742 1256 πονηρὰ
1757 1220 1804 1247 καὶ
1819 1219 1938 1253 ὀλέθρια

1135 1269 1271 1304 δόγματα,
1290 1268 1391 1304 μᾶλλον
1404 1268 1433 1295 δὲ
1459 1266 1618 1304 ληρήματα,
1651 1267 1846 1302 προτρέπομεν
1866 1264 1940 1296 τοὺς

1136 1315 1302 1346 ὁσιωτάτους
1316 1315 1389 1349 ὑμᾶς
1402 1315 1442 1345 εις
1456 1314 1485 1341 ἒν
1496 1314 1682 1350 συνηγμένους
1699 1312 1839 1346 ἐπιμελῶς
1853 1311 1940 1337 ἔντυ-

295 1353 352 1386 χεῖν
374 1354 408 1388 τῇ
435 1354 641 1392 ὑποτεταγμένῃ
665 1356 793 1389 ἐκθέσει,
819 1358 868 1384 καὶ
891 1358 1008 1385 ἕκαστον
1035 1359 1089 1385 τῶν
1113 1359 1197 1387 αὐτοῦ
1219 1359 1375 1394 κεφαλαίων
1395 1358 1561 1395 κατακρῖναι
1587 1366 1617 1387 τε
1651 1358 1700 1385 καὶ
1729 1356 1939 1392 ἀναθεματίσοι

296 1400 366 1436 μετά
388 1401 435 1427 τοῦ
450 1400 597 1434 δυσσεϐοῦς
624 1403 779 1438 Ὠριγένους
797 1405 846 1431 καὶ
859 1405 970 1432 πάντων
981 1406 1036 1432 τῶν
1050 1405 1084 1432 τὰ
1104 1406 1218 1433 τοιαῦτα
1225 1406 1398 1442 φρονούντων
1414 1406 1431 1442 ἢ
1443 1405 1634 1441 φρονησάντων
1645 1403 1685 1435 εις
1699 1403 1788 1435 τέλος.

330 1445 413 1481 664
435 1446 545 1480 Patres,
572 1447 616 1476 his
629 1450 753 1484 acceptis
776 1449 886 1484 litteris,
903 1451 1086 1486 omnibusque

297 1491 451 1526 perpensis,
465 1493 690 1522 exclamaverunt
702 1504 709 1523 :
727 1495 895 1525 Damnamus
909 1497 967 1525 haec
980 1498 1084 1531 omnia,

296 1541 324 1565 et
340 1545 436 1566 omnes
448 1539 494 1574 qui
507 1539 543 1567 ita
562 1541 686 1569 sentiunt
699 1546 747 1570 aut
759 1543 888 1570 sentient.

334 1628 469 1657 Similiter
499 1631 583 1658 etiam
600 1630 634 1659 de
657 1630 802 1659 Theodoro
830 1632 1003 1667 Mopsuestia
1027 1633 1086 1669 epi-

302 1682 390 1710 sropo
402 1679 429 1702 et
445 1676 560 1711 reliquis
588 1677 624 1704 ita
642 1677 745 1706 habent
771 1678 945 1713 imperatoris
963 1679 1060 1707 litteras
1078 1691 1084 1708 ε

265 1743 273 1749 .
298 1721 418 1755 Maiores
430 1722 519 1750 nostri
539 1730 609 1751 vera:
636 1723 699 1752 ﬁdei
727 1724 859 1758 cultores,
887 1725 934 1760 qui
956 1730 1017 1753 ante
1037 1732 1087 1753 nos

297 1767 444 1803 imperium
457 1768 502 1803 pie
519 1768 796 1802 administraverant,
812 1778 925 1806 operam
953 1771 1088 1799 dederunt

299 1816 328 1840 ut
345 1814 444 1848 quovis
457 1817 581 1850 tempore
610 1820 776 1845 enascentes
806 1817 926 1845 haereses
959 1819 1088 1846 conciliis

298 1859 541 1888 sanctissimorum
562 1862 723 1897 pontiﬁcum
739 1864 943 1896 exscinderent,
962 1871 1088 1900 veraeque

300 1906 361 1933 tidei
373 1914 441 1941 puro
452 1909 592 1943 praeconio
606 1909 718 1944 vulgato
728 1916 853 1938 sanctam
870 1911 917 1938 Dei
934 1910 1086 1939 Ecclesiam

301 1957 426 1987 pacatam
444 1955 728 1984 eonservarent.ldeo
741 1956 943 1986 Constantinus
960 1957 1087 1993 Magnus,

300 1998 365 2030 Ario
381 1998 463 2034 impie
477 1999 628 2028 afﬁrmante
639 2000 739 2028 Filium
754 2010 808 2030 non
820 2010 882 2030 esse
892 2002 1014 2038 ejusdem
1024 2010 1088 2030 cum

300 2045 360 2072 Deo
376 2044 458 2073 Patre
486 2047 659 2081 substantia,
690 2048 738 2076 sed
765 2057 799 2076 ex
826 2049 912 2078 nihilo
935 2049 1088 2083 conditum,

300 2091 419 2119 Nicaeam
436 2093 489 2121 518
499 2093 596 2121 Patres
605 2095 781 2128 convocavit,
797 2099 882 2130 atque
898 2096 958 2130 ipse
969 2096 1089 2124 concilio

300 2137 324 2164 ci
341 2136 485 2172 interfuit;
505 2137 550 2166 ubi
564 2139 630 2166 Ario
650 2138 782 2167 damnato
798 2144 826 2167 et
847 2139 1006 2174 proscripto
1018 2147 1090 2166 vera:

301 2183 363 2214 tidei
380 2184 579 2212 conﬁrmanda),
597 2185 722 2213 intentus
741 2185 805 2218 fuit,
837 2193 920 2221 quam
936 2185 1023 2213 dlvini
1049 2185 1087 2212 illi

301 2229 397 2257 Patres
413 2230 533 2264 professi
557 2235 623 2258 sunt
645 2235 673 2258 et
698 2239 761 2266 quae
791 2231 930 2267 hodieque
949 2235 1088 2264 cantatur,

1173 1452 1263 1487 Ἀπερ
1274 1452 1305 1488 δὴ
1319 1452 1414 1479 λοιπὸν
1431 1453 1448 1488 ἡ
1466 1451 1577 1483 σύνοδος
1590 1449 1742 1483 ἀκούσασα,
1765 1449 1811 1476 καὶ
1841 1449 1941 1476 πάντα.

1138 1497 1335 1533 βασανίσαντες
1363 1498 1388 1524 οἱ
1400 1498 1468 1524 Θεῖοι
1484 1497 1605 1532 [la-ripa;
1622 1495 1769 1530 ἐξεϐόησαν
1787 1501 1795 1509 ·
1819 1495 1940 1521 ’Δναθε-

1140 1544 1290 1580 ματίζομεν
1297 1545 1370 1576 ὅλοις
1384 1544 1490 1576 τούτοις
1504 1543 1572 1579 μετὰ
1582 1543 1690 1570 πάντων
1705 1542 1760 1570 τῶν
1774 1540 1809 1568 τὰ
1818 1541 1941 1569 τοιαῦτα

1101 1607 1122 1636 C
1139 1588 1310 1626 φρονούντων
1326 1589 1342 1625 ἥ
1357 1590 1547 1625 φρονησάντων
1560 1589 1642 1624 μέχρι
1655 1588 1759 1636 τέλους.

1179 1636 1316 1668 Ὡσαύτως
1331 1636 1359 1662 δὲ
1371 1636 1427 1664 καὶ
1439 1635 1505 1671 περὶ
1517 1634 1656 1671 Θεοδώρου
1677 1634 1724 1661 τοῦ
1741 1633 1942 1669 Μοψουεστίσς

1138 1683 1187 1710 καὶ
1205 1682 1261 1710 τῶν
1274 1683 1376 1710 λοιπῶν
1385 1682 1457 1710 οὕτω
1469 1682 1550 1710 πάλιν
1562 1682 1646 1718 φησὶν
1657 1682 1672 1709 ὁ
1684 1681 1824 1717 βασιλικὸς
1834 1680 1938 1712 τύπος-

1139 1728 1247 1764 Σπουδὴ
1262 1728 1359 1763 γέγονε
1374 1729 1432 1760 τοῖς
1448 1727 1600 1764 ὀρθοδόξοις
1625 1728 1673 1754 καὶ
1690 1727 1811 1759 εὐσεϐῶς
1831 1726 1942 1761 προϐε-

1139 1775 1314 1802 ϐασιλευκόσι
1328 1776 1383 1807 τοῖς
1405 1775 1553 1811 ἡμετέροις
1565 1774 1685 1810 πατράσι
1707 1773 1756 1805 τὰς
1776 1772 1848 1804 κατὰ
1871 1781 1941 1799 και-

1139 1820 1186 1857 ρδν
1215 1821 1407 1856 ἁναφυομένας
1432 1821 1555 1856 αἱρέσεις
1584 1820 1628 1847 διὰ
1646 1819 1763 1846 συνόδων
1775 1818 1939 1845 ὁσιωτάτων

1141 1863 1237 1903 ῖερέων
1252 1867 1410 1899 ἐκκόπτειν,
1431 1867 1480 1895 καὶ
1493 1866 1543 1902 τῆς
1558 1867 1642 1902 ὀρθῆς
1667 1866 1788 1897 πίστεως
1804 1864 1937 1898 καθαρῶς

1140 1913 1345 1949 κηρυττομένης
1358 1913 1387 1940 ἒν
1402 1913 1498 1949 εἰρήνῃ
1515 1913 1565 1947 τὴν
1592 1912 1674 1947 ἁγίαν
1699 1911 1748 1938 τοῦ
1776 1910 1845 1937 Θεοῦ
1868 1910 1937 1939 Ἐκ-

1139 1959 1256 1994 κλησίαν
1272 1958 1474 1994 διαφυλάττειν.
1497 1958 1596 1994 Διόπερ
1624 1957 1670 1985 καὶ
1689 1957 1899 1988 Κωνσταντῖνος
1920 1957 1934 1982 ὁ

1139 2006 1235 2041 Μέγας
1252 2006 1357 2041 Ἀρείου
1372 2005 1594 2041 βλασφημοῦντος
1609 2006 1655 2032 καὶ
1671 2004 1715 2041 [Ρ.
1728 2003 1796 2040 579]
1806 2003 1935 2038 λέγοντος

1140 2052 1181 2088 μὴ
1194 2050 1263 2079 εἶναι
1279 2053 1324 2079 τὸν
1335 2051 1399 2079 Υἱδν
1410 2049 1553 2087 δμοούσιον
1564 2051 1602 2086 τῷ
1618 2051 1677 2086 Θεῷ
1690 2050 1736 2077 καὶ
1746 2050 1846 2085 Πατρὶ,
1865 2049 1936 2076 ἀλλὰ

1140 2098 1244 2134 κτίσμα
1259 2099 1308 2125 καὶ
1323 2097 1352 2131 ἒξ
1367 2099 1418 2125 οὐκ
1434 2098 1518 2125 όντων
1535 2097 1689 2132 γεγονέναι,
1718 2095 1882 2130 συναγαγὼν
1906 2096 1937 2121 ἐν

1140 2144 1243 2180 Νικαία
1259 2145 1322 2176 τοὺς
1340 2147 1393 2180 τιη’
1413 2144 1540 2180 Πατέρας
1562 2144 1609 2171 καὶ
1623 2143 1705 2175 αὐτὸς
1719 2143 1778 2169 ἐκεῖ
1807 2149 1936 2177 παραγε-

1140 2190 1263 2224 νόμενος,
1280 2189 1390 2216 καὶτοῦ
1409 2189 1516 2223 Ἀρείου
1532 2187 1779 2218 καταδικασθέντος
1801 2187 1850 2213 καὶ
1865 2188 1937 2212 ἀνα-

1141 2234 1530 2270 θεματισθέντος,ὲσπούδασε
1553 2233 1603 2269 τὴν
1628 2232 1769 2269 ὀρθόδοξον
1798 2231 1937 2266 κρατῦναι

302 2274 400 2302 Filium
419 2276 545 2310 ejusdem
563 2284 626 2305 esse
637 2285 699 2304 cum
717 2277 771 2305 Deo
788 2276 870 2305 Patre
883 2278 1019 2310 essentiae,
1033 2285 1085 2305 non

1141 2281 1256 2313 πίστιν,
1278 2280 1313 2307 δι’
1341 2277 1375 2316 ἧς
1397 2279 1617 2315 ὁμολογήσαντες
1652 2280 1677 2305 ol.
1709 2278 1776 2305 θεῖοι
1809 2277 1936 2312 Πατὲρες

301 2329 334 2348 ex
353 2322 442 2350 nihilo
457 2327 593 2350 creatum.
610 2323 650 2350 Ac
677 2324 851 2351 Theodosius
873 2324 973 2351 deinde
988 2323 1088 2359 major,

301 2367 462 2396 Macedonio
484 2368 616 2396 deitatem
648 2368 768 2404 Spiritus
793 2369 881 2397 sancti
908 2375 1036 2405 negante,
1062 2375 1090 2398 et

302 2414 478 2449 Apollinario
491 2414 630 2450 discipulo
646 2414 798 2450 ejus_Verbi
813 2416 954 2443 in'natura
969 2416 1089 2444 humana

301 2460 570 2489 administrationem
585 2461 786 2494 calumniante,
803 2465 831 2490 et
851 2462 1004 2489 allirmantc
1023 2461 1091 2489 Ver-

301 2508 365 2535 bum
383 2513 503 2537 mentetn
517 2507 665 2535 humanam
684 2508 737 2536 sibi
760 2515 815 2536 non
841 2509 975 2539 sociasse.
993 2516 1089 2536 verum

302 2554 378 2581 carui
391 2555 499 2582 unitum
516 2553 604 2582 fuisse
632 2554 749 2582 rationis
774 2559 887 2589 experte
912 2555 1003 2582 anima
1021 2562 1091 2590 pra:-

302 2600 377 2632 ditze,
390 2600 488 2636 Cpolin
502 2600 600 2628 Patres
619 2601 671 2629 150
690 2601 863 2633 convocavit,
883 2601 996 2636 ipsoque
1019 2609 1088 2637 prte—

302 2651 380 2675 sente
395 2655 457 2675 cum
472 2648 539 2675 dicti
551 2648 673 2676 literetici
686 2655 741 2675 una
755 2655 816 2675 cum
832 2648 890 2676 suis
901 2647 983 2684 665
999 2648 1090 2683 impiis

302 2693 482 2728 opinionibus
499 2698 526 2722 et
541 2694 726 2722 sectatoribus
741 2694 863 2722 damnati
880 2693 1090 2721 conimunione-
1112 2707 1115 2710 ν

301 2746 355 2774 que
376 2739 508 2768 Ecclesiae
531 2740 636 2768 exclusi
661 2744 766 2772 essent,
781 2747 877 2768 curam
905 2739 1032 2767 adhibuit
1060 2743 1089 2766 ut

301 2794 371 2814 verte
386 2786 590 2818 ﬁdeidoctrina
604 2786 811 2823 praedicaretur.
841 2785 896 2814 Sed
908 2790 935 2813 et
960 2785 1088 2814 Theodo-

301 2833 360 2861 sius
378 2832 479 2866 minor,
494 2841 555 2862 cum
583 2833 683 2869 impius
705 2832 850 2861 Nestorius
879 2832 984 2860 diceret
1003 2832 1086 2859 alium

300 2878 385 2908 Deum
395 2886 457 2908 csse
467 2879 513 2909 Dei
526 2879 655 2915 Verbum,
666 2879 750 2908 alium
757 2879 910 2913 Christum,
925 2886 956 2906 ac
967 2878 1013 2907 Vel
1021 2878 1087 2906 bum

1141 2326 1283 2358 όμοούσιον
1294 2324 1365 2353 εῖναι
1376 2326 1422 2352 τὸν
1438 2326 1502 2352 Υίδν
1518 2326 1555 2359 τῷ
1572 2324 1632 2360 Θεῷ
1649 2325 1697 2351 καὶ
1705 2324 1802 2359 Πατρὶ,
1817 2323 1889 2350 ἀλλὰ
1898 2323 1936 2358 μὴ

1142 2372 1247 2407 κτίσμα
1271 2372 1320 2399 καὶ⁴
1348 2372 1379 2404 εξ
1406 2371 1456 2398 οὐκ
1477 2371 1561 2398 ὀντων
1590 2370 1743 2405 γεγονέναι,
1778 2370 1861 2406 μέχρι
1887 2369 1936 2395 νῦν

1141 2418 1247 2454 ᾅδεται.
1265 2418 1320 2445 Καὶ
1336 2417 1476 2448 Θεοδόσιος
1491 2418 1519 2443 δὲ
1532 2417 1546 2443 ὁ
1563 2416 1749 2452 πρεσϐύτερος
1766 2415 1936 2443 Μακεδονξω

1142 2465 1311 2501 ἀρνουμένου
1332 2464 1380 2500 τὴν
1393 2465 1507 2499 θεότητα
1521 2464 1567 2491 τοῦ
1584 2464 1665 2498 ἁγίου
1682 2462 1853 2498 Πνεύματος,
1889 2463 1936 2488 καὶ

1149 2510 1340 2545 ’Δπολιναρίου
1366 2510 1413 2536 τοῦ
1449 2509 1571 2545 μαθητοῦ
1594 2509 1678 2535 αὐτοῦ
1708 2507 1938 2543 βλασφημοῦντος

1142 2556 1183 2587 εἰς
1198 2556 1247 2591 τὴν
1260 2555 1416 2591 οἰκονομίαν
1433 2555 1480 2582 τοῦ
1494 2555 1562 2582 Θεοῦ
1579 2555 1677 2589 Λόγου,
1705 2555 1753 2581 καὶ
1781 2554 1936 2588 φάσκοντος

1142 2601 1205 2628 νοῦν
1223 2601 1394 2636 ἀνθρώπινον
1421 2602 1457 2636 μὴ
1476 2600 1615 2636 εἰληφέναι
1638 2600 1683 2626 τὸν
1697 2599 1743 2625 τοῦ
1763 2598 1832 2625 Θεοῦ
1848 2599 1936 2633 Λόγον

1142 2647 1209 2674 ἀλλὰ
1225 2647 1308 2682 σαρκὶ
1335 2647 1468 2681 ὲνωθῆνσι
1496 2646 1584 2681 ψυχὴν
1610 2646 1708 2679 ἄλογον
1730 2644 1842 2682 ἐχούσῃ,
1873 2653 1935 2671 συν-

1142 2691 1256 2726 αγαγὼν
1271 2693 1300 2718 ὲν
1316 2691 1600 2719 Κωνσταντινουπόλει
1614 2691 1677 2722 τοὺς
1693 2694 1729 2725 ρν*
1743 2691 1871 2726 Πατέρας
1888 2690 1936 2717 καὶ

1143 2736 1289 2772 μετασχὼν
1301 2737 1348 2764 καὶ
1361 2737 1443 2768 αὐτὸς
1462 2736 1513 2771 τῆς
1534 2736 1653 2770 συνόδου,
1678 2736 1794 2763 καὶτῶν
1821 2736 1936 2772 εἰρημέ-

1142 2791 1196 2809 νων
1210 2781 1429 2817 καθαιρεθέντων
1440 2783 1487 2808 καὶ
1501 2782 1774 2816 ἀναθεματισθέντων
1785 2781 1936 2817 αἱρετικῶν

1143 2831 1212 2865 μετὰ
1225 2830 1271 2856 καὶ
1283 2830 1336 2856 τῶν
1347 2829 1453 2856 ἀσεϐῶν
1470 2830 1559 2856 αὐτῶν
1575 2830 1719 2864 δογμάτων
1741 2829 1788 2856 καὶ
1813 2830 1885 2864 ὀμ.οτ
1892 2829 1935 2864 ρό-

1143 2886 1206 2910 νων,
1223 2876 1413 2912 παρεσκεύασε
1438 2876 1487 2912 τὴν
1504 2875 1644 2911 ὁρθὸδοξῡν
1674 2875 1766 2902 πίστιν
1799 2876 1934 2911 rupit:-
