2008 3149
267 167 323 201 ’127

909 166 1068 197 GEORGII
1082 167 1247 197 CEDliENl

1842 161 1901 192 723

269 225 360 253 fuerat
377 223 431 258 (est
444 223 516 252 enim
546 221 724 250 immutabilis
753 226 779 249 et
808 221 873 249 nulli
899 222 1055 249 alteratioui

1119 223 1178 250 πατὰ
1201 223 1300 258 σάρκα,
1316 223 1353 254 ὡς
1368 222 1486 257 εἴρηται,
1517 221 1549 248 ἐκ
1566 219 1616 254 τῆς
1637 219 1717 254 ἀγῖας
1741 217 1898 253 Παρθένου.

268 272 395 300 obnoxia:
406 269 535 303 naturae),
554 276 616 296 cum
629 268 685 304 jam
699 277 771 296 unus
782 268 983 304 intelligeretur
995 275 1056 296 esse

270 325 332 346 cum
353 316 462 352 propria
487 322 583 347 carne.
601 315 701 342 dicitur
727 314 761 342 de
789 314 860 342 coelo
880 316 1000 342 venisse.
1024 313 1057 340 Et

1113 268 1223 304 Ἐπειδὴ
1237 269 1266 295 δὲ
1280 269 1295 295 ὸ
1308 267 1411 296 ἄνωθεν
1426 266 1456 299 ἐξ
1478 265 1594 302 οὐρανοῦ
1611 264 1816 299 καταφοιτήσας
1829 262 1900 294 Θεδς

1107 315 1194 350 Λόγος
1209 315 1364 343 κεκένωκεν
1379 314 1476 341 ἑαυτὸν
1497 312 1604 349 μορφὴν
1618 311 1712 339 δούλου
1729 308 1830 340 λαϐὼν,
1845 309 1900 335 καὶ

271 363 428 392 nominatur
443 362 526 390 etiam
555 361 638 389 homo
664 361 698 389 de
724 362 795 389 cmlo
812 360 964 397 profectus.
993 367 1056 388 cum

1119 362 1311 397 ιεχρημάτικεν
1328 359 1472 396 ἀνθρώπου
1489 359 1546 390 υίὸς
1567 357 1635 394 μετὰ
1649 356 1697 383 τοῦ
1715 357 1804 391 μεῖναι
1818 355 1833 381 ὃ
1850 352 1900 389 ἦν,

270 411 307 437 sit
321 408 461 444 perfectus
474 408 545 435 Deus
561 407 690 443 idemque
707 407 845 442 perfectus
859 399 954 439 homo,
973 406 1054 435 intel-

269 456 415 491 ligiturque
426 462 479 481 tina
495 462 556 482 esse
569 461 698 490 persona.
716 453 794 481 Unus
808 454 881 481 enim
903 459 946 482 est
961 453 1056 480 Domi-

270 509 323 528 nus
335 499 416 528 Jesus
432 499 570 532 Christus,
594 499 702 526 tametsi
724 504 886 526 naturarum
905 498 1054 526 discrimen

271 554 325 574 non
343 546 496 581 ignoretur,
512 544 656 581 exquibus
672 545 837 573 ineﬂ'abilem
848 545 923 572 illam
937 544 1057 572 dicimus

271 592 370 620 factam
386 592 550 619 unilionem.

1110 407 1232 434 τουτέστι
1247 407 1313 438 Θεὸς
1334 406 1480 442 (ἄτρεπτος
1493 404 1548 439 γὰρ
1570 403 1617 430 καὶ
1633 401 1813 431 ἀναλλοίωτος
1826 399 1902 426 κατὰ

1111 453 1193 488 φύσιν
1208 453 1304 489 ἐστὶν),
1320 453 1358 484 ὡς
1375 449 1416 484 εἷς
1426 451 1476 487 ἤδη
1498 449 1645 485 νοούμενος
1661 447 1730 483 μετὰ
1755 447 1805 482 τῆς
1830 445 1902 476 ἰδίας

1111 499 1211 534 σαρκὸς
1221 498 1251 531 ἐξ
1261 498 1376 534 οὐρανοῦ
1391 497 1500 531 λέγεται
1520 495 1670 522 κατελθεῖν.
1688 493 1852 527 Ὠνόμασται
1871 491 1901 518 δὲ

1111 547 1159 573 καὶ
1178 546 1320 582 ἄνθρωπος
1332 546 1361 580 ἐξ
1374 544 1501 581 οὐρανοῦ,
1516 544 1618 576 τέλειος
1633 543 1670 570 ὢν
1684 543 1713 569 ὲν
1728 542 1834 577 θεότητι
1851 540 1902 567 καὶ

1111 592 1212 624 τέλειος
1225 593 1239 619 ὁ
1251 592 1332 623 αὐτὸς
1350 593 1378 618 ἐν
1393 591 1592 626 ἀνθρωπότητι,
1607 588 1652 616 καὶ
1665 587 1703 620 ὡς
1713 588 1742 614 ὲν
1759 587 1799 614 ἑνὶ
1809 594 1902 621 προσ-

270 638 337 673 ώπῳ
366 637 520 672 νοούμενος.
539 634 585 668 Εἷς
607 636 661 672 γὰρ
678 636 782 670 Κύριος
811 636 915 672 Ἰησοῦς
933 637 1062 672 Χριστδς,
1082 637 1134 664 κᾶν
1159 638 1212 665 τῶν
1236 638 1344 680 φύσεων
1369 636 1484 672 διαφορὰ
1499 636 1536 671 μὴ
1553 635 1693 670 ἀγνοῆται,
1730 633 1759 666 ὲξ
1791 629 1829 659 ὧν
1850 633 1905 666 τὴν

270 683 427 718 ἀπόρρητον
442 682 539 708 ἕνωσίν
553 690 643 717 φαμεν
660 681 828 717 πεπρᾶχθαι,

307 727 441 756 Fatentur
457 728 550 763 itaque
564 727 694 762 Verbum,
712 728 757 756 Dei
772 728 883 761 Filium,
901 729 983 756 Deum
998 737 1058 757 esse

273 776 435 811 perfectum,
447 779 474 802 et
487 774 636 810 perfectum
650 775 788 802 hominem
800 782 919 810 corpore
929 780 955 803 et
968 775 1059 802 anima

274 822 380 849 ratione
402 822 515 856 prtedita
543 825 738 854 constantem;
764 820 836 856 quod
867 821 900 848 ad
929 821 1057 849 deitatem

274 867 382 899 attinet,
398 867 520 902 genitum
539 875 554 893 a
572 866 653 894 Patre
677 871 741 894 ante
757 867 866 900 saecula,
885 867 989 895 ultimis
1009 874 1059 894 au-

1148 726 1301 763 Τοιγαροῦν
1315 725 1501 762 ὁμολογοῦμεν
1524 724 1570 751 τὸν
1599 721 1732 758 μονογενῆ
1760 720 1826 748 Υὶδν
1855 712 1905 740 τ”ὖ

1112 774 1180 801 Θεοῦ
1198 773 1284 808 Λόγον
1301 772 1368 799 Θεὸν
1385 771 1488 799 τέλειον
1501 770 1548 798 καὶ
1559 770 1704 806 ἄνθρωπον
1728 767 1843 799 τέλειον,
1873 767 1907 792 ὲκ

1112 820 1201 855 ψυχῆς
1218 819 1330 855 λογικῆς
1343 818 1389 845 καὶ
1399 817 1536 852 σώματος,
1553 815 1606 851 πρὸ
1619 815 1726 842 αἰώνων
1741 813 1790 848 μὲν
1805 814 1838 839 ἐκ
1856 811 1906 838 τοῦ

1113 865 1218 900 [11th;
1235 864 1398 899 γεννηθέντα
1418 863 1487 889 κατὰ
1512 861 1562 896 τὴν
1579 861 1705 895 θεότητα,
1720 860 1763 886 ἐπ’
1777 859 1906 894 ἐσχάτων

541 892 554 893 η
573 892 579 893 ,
596 892 609 894 _.
642 892 651 894 _
730 892 738 894 ν
758 892 866 900 μηνί,
887 892 987 895 “me
1010 892 1043 894 __

274 918 329 940 tem
351 913 522 946 temporibus
540 912 665 939 eumdem
691 917 817 939 nostrum
844 917 871 940 ct
896 913 992 939 salutis
1010 919 1060 939 n0-

1119 912 1140 938 Ξὲ
1156 892 1337 946 τών-ήπμερών
1350 909 1394 936 τὸν
1412 909 1492 936 αὐτὸν
1513 892 1546 935 διξ
1563 907 1637 942 ἡμᾶς
1654 892 1701 933 οιαὶ
1712 905 1755 932 διὰ
1768 892 1909 940 mitge-

275 962 338 984 strae
362 965 444 985 causa
469 962 562 984 natum
579 964 610 984 ex
638 956 722 984 Maria
738 957 862 992 Virgine,
877 957 949 992 quod
964 957 996 983 ad
1014 957 1062 984 hu-

275 1011 383 1030 manam
406 1008 512 1038 spectat
528 1008 671 1036 naturam;
689 1003 870 1039 cumdemque
888 1008 913 1030 et
936 1004 1063 1031 essenta!

274 1057 336 1076 cum
358 1049 437 1076 Patre
462 1049 583 1084 ejusdem
608 1049 714 1076 ratione
737 1048 858 1080 deitatis,
884 1053 911 1076 et
939 1048 1062 1083 ejusdem

276 1095 419 1123 nobiscum
435 1095 562 1123 essentia:
588 1095 694 1122 ratione
722 1095 915 1122 humanitatis.
942 1094 1062 1121 Duarum

275 1142 348 1169 enim
367 1146 529 1169 naturarum
557 1140 627 1168 facta
656 1146 698 1168 est
725 1141 802 1168 unio.
828 1140 894 1168 lude
924 1146 967 1169 est
991 1141 1065 1176 quod

277 1196 361 1215 unum
383 1187 535 1219 Christum,
565 1194 649 1214 unum
674 1186 784 1219 Filium.
812 1194 895 1214 linunt
920 1187 1064 1214 Dominum

276 1233 448 1261 conﬁtemur.
469 1232 558 1267 Atque
583 1232 665 1266 hujus
690 1230 840 1258 iueout‘usae
865 1231 976 1259 uniouis
999 1239 1065 1259 con-

277 1279 446 1307 sideratione
475 1277 594 1304 fatemur
606 1277 688 1305 etiam
703 1281 826 1304 sanctam
844 1275 983 1312 Virginem
1003 1284 1067 1304 vere

278 1325 365 1353 fuisse
378 1325 534 1359 Deiparam,
557 1322 620 1350 ideo
642 1322 715 1357 quod
729 1322 800 1350 Deus
818 1322 937 1349 Verbum
955 1329 1065 1349 carnem

277 1370 367 1398 induit
389 1374 416 1397 et
440 1369 522 1396 homo
539 1369 628 1396 factus
642 1373 694 1400 est,
712 1368 796 1403 inque
813 1368 872 1402 ipsa
887 1367 1067 1401 conceptione

278 1417 331 1444 sibi
352 1415 440 1443 univit
458 1415 602 1449 templum,
616 1413 689 1449 quod
703 1421 735 1441 ex
765 1414 823 1448 ipsa
846 1413 1016 1441 assumebat.
1038 1411 1067 1439 Si

282 1462 370 1496 placet
382 1461 501 1495 exempli
523 1461 584 1487 loco
600 1467 777 1487 assumamus
802 1463 925 1486 nostrum
944 1460 1066 1494 ipsorum

279 1506 519 1542 compositionem,
553 1510 690 1541 quatenus
715 1505 842 1533 homines
865 1513 972 1533 sumus.
999 1505 1070 1532 Con-

1113 958 1196 993 τέραν
1213 956 1351 992 σωτηρίαν
1368 957 1399 982 ὲκ
1413 954 1521 990 Μαρίας
1536 953 1585 988 τῆς
1613 952 1748 988 παρθένου
1762 950 1835 978 κατὰ
1856 949 1911 983 τὴν

1114 1002 1324 1038 ἀνθρωπότητα,
1343 1000 1485 1035 ὸμοούσιον
1502 998 1541 1034 τῷ
1560 998 1647 1033 Πατρὶ
1663 998 1709 1024 τὸν
1734 996 1816 1023 αὑτὸν
1833 995 1913 1021 κατὰ

1114 1048 1163 1082 τὴν
1174 1047 1287 1081 θεότητα
1314 1047 1360 1073 καὶ
1378 1044 1519 1080 όμοούσιον
1535 1044 1600 1078 ἡμῖν
1615 1042 1686 1069 κατὰ
1700 1042 1749 1077 τὴν
1761 1040 1913 1075 ἀνθρωπό-

1114 1102 1195 1129 τητα.
1218 1091 1270 1119 Δύο
1293 1092 1349 1126 γὰρ
1373 1090 1482 1125 φύσεων
1505 1089 1602 1120 ἓνωσις
1628 1089 1742 1122 γέγονεν
1757 1095 1765 1103 ·
1782 1087 1845 1114 ὅθεν
1860 1086 1914 1112 ἕνα

1114 1138 1242 1174 Χριστὸν,
1263 1137 1311 1164 ἕνα
1322 1137 1396 1169 Υἱδν,
1409 1136 1456 1163 ἕνα
1477 1135 1581 1169 Κύριον
1602 1133 1800 1169 ὁμολογοῦμεν.
1828 1132 1916 1158 Κατὰ

1115 1185 1218 1220 ταύτην
1244 1181 1291 1210 οὖν
1318 1183 1368 1218 τὴν
1391 1182 1441 1218 τῆς
1459 1180 1615 1216 ἀσυγχύτου
1643 1178 1769 1210 ένώσεως
1800 1177 1916 1204 ἔννοιαν

1115 1230 1300 1266 ὁμολογοῦμεν
1317 1229 1366 1256 καὶ
1378 1228 1428 1263 τὴν
1442 1227 1523 1261 ἁγίαν
1542 1225 1679 1262 Παρθένον
1689 1224 1796 1260 ἀληθῶς
1808 1223 1916 1250 Θεοτό-

1117 1285 1175 1310 κον,
1190 1276 1236 1303 διὰ
1253 1275 1284 1302 τδ
1307 1275 1353 1302 τὸν
1366 1273 1432 1300 Θεὸν
1448 1273 1535 1307 Λόγον
1561 1270 1738 1307 σαρκωθῆναι
1763 1269 1811 1296 καὶ
1829 1269 1916 1295 ἐναν-

1117 1323 1262 1358 θρωπῆσαι
1274 1321 1321 1348 καὶ
1334 1320 1364 1352 ἐξ
1375 1319 1461 1354 αὐτῆς
1477 1318 1636 1354 συλλήψεως
1650 1316 1750 1343 ὲνῶσαι
1774 1314 1850 1349 αὐτῷ
1866 1313 1917 1340 τὸν

1117 1369 1146 1402 ἐξ
1159 1368 1243 1403 αὐτῆς
1254 1366 1390 1402 ληφθέντα
1403 1365 1446 1402 [Ρ.
1461 1363 1525 1400 581]
1536 1364 1608 1390 ναόν.
1623 1363 1677 1389 Καὶ
1688 1362 1712 1388 εἰ
1727 1362 1810 1394 δοκεῖ,
1825 1358 1918 1392 δεξὼσ

1120 1415 1190 1450 μεθα
1205 1414 1246 1445 εἰς
1261 1412 1438 1447 παράδειγμα
1459 1411 1508 1445 τὴν
1529 1409 1589 1437 καθ’
1617 1409 1691 1444 ἡμᾶς
1709 1407 1811 1438 αὐτοὺς
1843 1404 1916 1432 σύν-

1119 1460 1205 1492 θεσιν,
1222 1459 1282 1486 καθ’
1294 1458 1327 1494 ἦν
1341 1457 1425 1492 ἐσμεν
1453 1455 1604 1490 ἄνθρωποι.
1627 1452 1829 1486 Συντεθείμεθα
1855 1452 1917 1486 γὰρ

1118 1506 1150 1532 ἐκ
1163 1505 1253 1540 ψυχῆς
1280 1504 1328 1531 καὶ
1357 1503 1494 1538 σώματος,
1522 1501 1571 1527 καὶ
1595 1499 1703 1536 ὁρῶμεν
1733 1497 1832 1533 φύσεις
1849 1497 1916 1528 δύο,

279 1556 382 1580 stamus
405 1551 534 1578 nimirum
560 1551 650 1578 anima
677 1555 704 1578 et
722 1551 946 1586 “gem-pore.
971 1551 1011 1577 Ac
1026 1550 1068 1577 vi-

1125 1552 1223 1587 ὲτέραν
1237 1551 1286 1587 μὲν
1297 1549 1345 1577 τοῦ
1362 1549 1500 1584 σώματος,
1512 1548 1609 1583 ἑτέραν
1622 1546 1650 1573 δὲ
1664 1545 1714 1580 τῆς
1724 1545 1826 1580 ψυχῆς.
1836 1543 1916 1594 ’Λλλυ

279 1597 375 1624 demus
391 1596 460 1623 duas
474 1599 599 1629 naturas,
614 1595 695 1622 aliam
711 1595 846 1629 corporis,
866 1595 947 1621 aliam
962 1594 1070 1627 animm,

280 1644 416 1671 hominem
432 1649 507 1676 vero,
521 1650 553 1669 ex
569 1642 713 1677 utriusque
729 1641 854 1669 uuitione
875 1641 957 1675 facta,
974 1648 1070 1668 unum.

281 1690 377 1725 Neque
391 1689 554 1724 compositio
569 1696 602 1716 ex
622 1688 730 1716 duabus
754 1688 859 1716 naturis
879 1687 960 1715 eﬂieit
977 1692 1007 1715 ut
1023 1697 1072 1722 pro

281 1744 336 1764 Ino
345 1735 456 1763 homine
471 1735 542 1762 duos
557 1735 712 1770 cogitemus
731 1741 738 1761 :
768 1734 815 1762 sed
838 1742 922 1761 unum
945 1734 987 1769 (ut
1001 1733 1071 1769 dixi)

281 1782 459 1817 intelligimus
482 1781 632 1813 hominem,
655 1788 687 1808 ex
707 1780 798 1807 anima
818 1783 846 1808 et
860 1786 975 1815 corpore
994 1787 1071 1807 com-

282 1827 412 1862 positum.
443 1826 473 1854 Si
506 1826 579 1854 enim
608 1826 660 1853 hoc
689 1825 829 1857 tollamus,
854 1833 889 1852 ex
913 1825 1020 1853 duabus
1045 1830 1073 1853 et

281 1871 472 1900 differentibus
485 1871 594 1899 naturis
606 1878 690 1899 unum
706 1875 733 1898 et
744 1870 911 1898 indivulsum
928 1871 1070 1899 Christum

281 1919 315 1946 ab
334 1918 460 1946 unitione
476 1918 627 1950 exstitisse,
655 1917 749 1945 dicent
771 1917 921 1945 adversarii
941 1925 947 1944 :
965 1917 994 1945 Si
1017 1925 1071 1945 una

281 1968 379 1991 natura
392 1963 478 1992 totius
489 1962 592 1990 Christi
609 1966 661 1995 est,
673 1962 812 1997 quomodo
823 1962 910 1997 potuit
921 1961 1070 1989 humanam

283 2012 410 2036 naturam
428 2008 554 2041 induere,
573 2013 620 2034 aut
634 2015 715 2043 quam
731 2015 843 2035 carnem
859 2008 911 2036 sibi
932 2008 1071 2043 propriam

283 2055 445 2084 asciscere?
461 2055 515 2083 Eos
530 2060 620 2083 autem
645 2055 694 2090 qui
719 2055 815 2082 dicunt
844 2055 1072 2090 contemperatio-

284 2107 357 2133 nem,
371 2099 559 2128 confusionem
575 2105 623 2126 aut
637 2099 792 2127 mistionem
814 2105 976 2127 naturarum
991 2099 1072 2128 Verbi

285 2146 332 2174 Dei
348 2153 411 2174 cum
425 2153 509 2174 carne
526 2147 638 2178 tactam,
659 2146 749 2180 palam
766 2145 800 2173 iis
813 2153 861 2173 ora
875 2147 1007 2174 obturare
1023 2151 1070 2174 tua

285 2192 372 2227 pietas
395 2191 533 2227 dignetur.
553 2190 618 2219 Post
634 2191 692 2218 haec
712 2190 815 2227 Cyrillo
831 2196 949 2224 mortuo,
966 2192 1071 2220 exsritit

1122 1597 1164 1630 εἷς
1180 1597 1209 1630 ἐξ
1223 1597 1324 1632 ἀμφοῖν
1337 1594 1398 1622 καθ’
1408 1595 1506 1622 ἕνωσιν
1522 1593 1674 1628 ἅνθρωπος,
1695 1591 1742 1618 καὶ
1759 1590 1820 1624 οὐχὶ
1835 1589 1866 1615 τὸ
1876 1589 1913 1614 ἐκ

1121 1643 1168 1671 δύο
1194 1643 1300 1678 φύσεων
1323 1639 1507 1668 συντεθεῖσθαι
1533 1638 1579 1665 δύο
1610 1636 1772 1672 ἀνθρώπους
1790 1635 1838 1662 τὺν
1861 1635 1916 1661 ἕνα

1122 1689 1241 1716 νοεῖσθαι
1258 1686 1474 1721 παρασκευάζει,
1489 1683 1546 1712 ἀλλ’
1562 1684 1608 1710 ἕνα
1621 1683 1665 1710 τὸν
1681 1682 1826 1718 ἄνθρωπον
1839 1681 1916 1707 κατὰ

1123 1733 1258 1765 σύνθεσιν,
1273 1732 1311 1764 ὡς
1332 1732 1412 1767 έφην,
1430 1730 1479 1766 τὴν
1493 1730 1525 1756 ἐκ
1534 1728 1623 1764 ψυχῆς
1638 1727 1686 1755 καὶ
1697 1726 1835 1762 σώματος.
1846 1726 1917 1752 Ἐὰν

1122 1780 1178 1816 γὰρ
1192 1779 1333 1813 ἀνέλωμεν
1344 1777 1376 1804 τὸ
1390 1777 1432 1804 ὅτι
1445 1777 1478 1803 ὲκ
1489 1775 1535 1802 δύο
1549 1774 1597 1802 καὶ
1609 1773 1748 1809 διαφόρων
1767 1772 1879 1807 φύσεων
1901 1772 1917 1797 ό

1123 1824 1163 1858 εἷς
1177 1826 1224 1853 καὶ
1240 1825 1320 1861 μόνος
1339 1823 1399 1850 ἐστὶ
1423 1821 1552 1858 Χριστὸς,
1577 1820 1763 1850 ἀδιάσπαστος
1779 1818 1817 1844 ὣν
1842 1817 1918 1853 μετὰ

1121 1863 1171 1904 τὴν
1185 1868 1293 1901 ἕνωσιν,
1307 1866 1417 1902 ἐροῦσιν
1432 1867 1457 1892 ot
1472 1865 1506 1892 δι’
1520 1864 1654 1896 ἐναντίας·
1677 1864 1710 1890 Et
1721 1863 1770 1899 μία
1784 1861 1869 1897 φύσις
1883 1861 1917 1888 τὸ

1121 1915 1192 1948 ὅλον,
1209 1915 1267 1946 πῶς
1283 1912 1506 1949 ἑνηνθρώτιησεν,
1523 1910 1545 1946 ἢ·
1563 1910 1643 1937 ποίαν
1669 1909 1737 1936 ίδίαν
1763 1908 1917 1943 ἐποιήσατο

1123 1962 1226 1997 σάρκα;
1244 1960 1314 1992 Τοὺς
1323 1959 1352 1986 δὲ
1361 1959 1491 1993 λέγοντας
1503 1957 1544 1984 ὅτι
1565 1957 1673 1992 κρᾶσις,
1690 1955 1708 1991 ἢ
1725 1954 1868 1990 σύγχυσις,
1895 1954 1914 1988 ἢ

1123 2006 1230 2043 φυρμὺς
1245 2006 1355 2040 ἐγένετο
1374 2004 1423 2032 τοῦ
1445 2004 1513 2031 Θεοῦ
1533 2003 1621 2038 Λόγου
1647 2001 1716 2038 πρὸς
1742 2000 1792 2036 τὴν
1807 2000 1915 2035 σάρκα,

1113 2052 1320 2086 οιαταξιωσάτω
1335 2060 1382 2078 σου
1398 2051 1415 2085 ἠ
1433 2049 1574 2077 θεοσέϐεια
1599 2047 1742 2084 προδήλως
1769 2045 1919 2080 ἐπιστομί-

1124 2099 1193 2131 ζειν.
1211 2097 1290 2125 Μετὰ
1301 2097 1329 2124 δὲ
1347 2095 1434 2123 ταῦτα
1447 2095 1584 2130 κυρίλλου
1607 2092 1822 2127 τελευτήσαντος
1850 2091 1916 2116 ἑπι-

1123 2145 1221 2180 φύεται
1254 2143 1371 2180 μοναχός
1399 2150 1441 2174 τις
1471 2142 1517 2169 καὶ
1542 2138 1758 2176 ἀρχιμανδρίτης
1787 2136 1918 2171 Eii-rexi};

1122 2191 1332 2226 ὀνομαζόμενος,
1346 2189 1394 2216 καὶ
1405 2188 1519 2223 ἀποσπᾷ
1533 2186 1648 2214 κατόπιν
1663 2184 1747 2212 αὐτοῦ
1760 2183 1844 2220 μέρος
1861 2183 1915 2210 οὐκ

284 2238 436 2266 monachus
463 2238 574 2273 quidam
604 2242 633 2265 et
658 2238 771 2265 claustri
795 2238 941 2273 princeps.
971 2245 1068 2266 nomen

1123 2237 1213 2272 ὀλίγον
1227 2236 1275 2263 τοῦ
1290 2235 1367 2269 λαοῦ,
1384 2234 1477 2270 κυρῶν
1492 2233 1527 2260 τὰ
1540 2231 1689 2267 Νεστορίου
1701 2230 1749 2257 καὶ
1764 2229 1795 2256 τδ
1826 2228 1914 2256 αὐτοῦ

285 2284 431 2320 Eutyches.
464 2283 514 2311 llic
540 2291 593 2311 non
621 2283 747 2319 exiguam
773 2284 865 2319 populi
893 2288 997 2319 partem
1020 2284 1072 2313 sibi

285 2331 427 2366 adjunxit,
451 2329 572 2358 Nestorii
602 2330 748 2366 opiniones
775 2330 896 2365 probans
924 2331 1074 2366 dicensque

285 2384 398 2404 carnem
427 2376 529 2403 Christi
560 2383 614 2403 non
642 2375 767 2410 ejusdem
800 2383 862 2404 cum
891 2381 985 2403 nostra
1012 2384 1073 2405 esse

287 2426 402 2450 natura}.
430 2421 463 2449 Et
479 2422 588 2456 quidem
605 2429 704 2449 rursus
724 2429 777 2448 non
792 2422 879 2449 multo
895 2426 956 2456 post
976 2422 1073 2450 diabo-

288 2471 339 2498 lica
355 2478 437 2497 tuanu
454 2469 617 2504 prtevalente
641 2469 715 2496 aliud
740 2468 839 2504 Ephesi
857 2469 1004 2497 concilium
1037 2469 1076 2496 la-

288 2521 410 2547 tronum.
434 2523 607 2551 nequaquam
636 2521 773 2547 sanctum,
799 2515 916 2550 cogitur,
939 2515 1023 2543 misso
1040 2515 1074 2543 ad

247 2577 253 2582 ε
287 2563 313 2590 id
337 2563 420 2590 etiam
445 2561 577 2590 Flaviano
603 2561 909 2596 Constantinopolitano
933 2562 1073 2596 episcopo,

291 2616 351 2635 cum
372 2616 455 2643 penes
473 2608 632 2636 Dioscorum
650 2607 820 2635 Alexandriae
831 2608 988 2642 episcopum
1001 2615 1075 2635 sum-

292 2660 335 2680 ma
360 2661 451 2680 rerum
475 2654 511 2681 ibi
529 2658 611 2682 esset.
629 2653 778 2681 Flavianus
793 2653 936 2680 veritatem
955 2657 1033 2680 tuens
1049 2653 1074 2679 in

292 2706 324 2726 eo
342 2699 459 2727 concilio
488 2700 636 2731 occiditur,
665 2703 693 2726 et
718 2699 802 2734 priori
827 2699 931 2734 synodo
952 2699 1076 2733 Ephesiae

292 2745 445 2773 auctoritas
475 2746 636 2781 abrogatur,
670 2745 907 2773 subscribentibus
929 2745 1075 2780 posteriori

293 2792 356 2820 huic
366 2791 530 2827 quibusdam
541 2791 678 2826 episcopis
690 2791 712 2818 vi
725 2791 861 2818 latronum
874 2798 906 2818 eo
917 2791 1076 2826 compulsis,

291 2841 365 2867 inter
381 2845 451 2872 quos
468 2837 518 2864 luit
533 2838 614 2865 etiam
631 2837 748 2865 Basilius
763 2836 894 2864 Seleucize
921 2837 1076 2871 episcopus.
1101 2861 1111 2867 ,

293 2884 358 2913 inde
372 2891 434 2912 cum
453 2883 560 2920 publice
582 2883 746 2911 docerentur
765 2881 893 2916 Nestorii,
909 2881 1038 2910 Dioscorr
1050 2885 1077 2909 et

1124 2283 1242 2318 πονηρὸν
1254 2282 1351 2317 δόγμα,
1366 2281 1478 2316 φάσκων
1490 2279 1527 2315 μὴ
1542 2276 1612 2305 εἶναι
1629 2277 1680 2312 τὴν
1692 2276 1781 2312 σάρκα
1791 2274 1839 2302 τοῦ
1856 2275 1916 2301 Κυ-

1125 2329 1184 2365 ρίου
1201 2329 1266 2364 ήμῖν
1276 2326 1430 2363 ὁμοούσιον.
1445 2325 1501 2352 Καὶ
1518 2324 1552 2359 δὴ
1565 2323 1645 2351 πάλιν
1662 2321 1722 2358 μετ’
1736 2321 1827 2355 ὀλίγον
1855 2319 1912 2346 δια-

1125 2375 1236 2409 ϐολικῆς
1252 2372 1401 2409 ίσχυσάσης
1412 2370 1503 2407 χειρδς
1521 2370 1604 2405 ἑτέρα
1625 2368 1734 2399 σύνοδος
1750 2368 1780 2393 ὲν
1802 2366 1913 2400 Ἐφέσῳ

1124 2419 1257 2456 λῃστρικὴ
1282 2419 1330 2445 καὶ
1352 2417 1402 2451 οὔχ
1427 2415 1488 2443 ὁσία
1517 2415 1632 2449 γίνεται,
1662 2411 1914 2447 παραπεμφθέντος

1125 2467 1216 2492 ἐκεῖσε
1245 2465 1293 2492 καὶ
1320 2461 1469 2490 Φλαϐιανοῦ
1500 2457 1814 2488 Κωνσταντινουπόλεως
1830 2476 1837 2487 ,
1865 2456 1913 2490 τὴν

1125 2512 1216 2538 πᾶσαν
1231 2509 1355 2542 ἐξουσίαν
1381 2509 1528 2543 Διοσκόρου
1561 2504 1765 2540 Ἀλεξανδρείας
1782 2502 1890 2538 ἔχοντος
1906 2509 1912 2516 ·

1125 2559 1173 2584 καὶ
1188 2556 1330 2592 φονεύεται
1343 2554 1393 2589 μὲν
1406 2552 1554 2584 Φλαὸιανδς
1563 2553 1576 2578 ό
1593 2551 1674 2582 Θεῖος,
1685 2548 1854 2584 ὑπερμαχῶν
1862 2547 1912 2581 τῆς

1126 2603 1266 2639 ὀρθοδόξου
1295 2600 1424 2631 πίστεως,
1450 2598 1634 2634 ἀνατρέπεται
1657 2597 1686 2624 δὲ
1701 2598 1717 2631 ή
1742 2597 1771 2622 ὲν
1805 2595 1910 2628 Ἐφέσῳ

1127 2649 1222 2686 πρώτη
1252 2647 1371 2679 σύνοδος,
1397 2645 1612 2681 ύπογραψάντων
1640 2643 1736 2677 φονικῇ
1762 2641 1808 2676 βίᾳ.
1833 2640 1911 2667 τινῶν

1126 2695 1293 2727 ἐπισκόπων,
1313 2694 1341 2726 ἐξ
1357 2691 1394 2720 ὢν
1411 2693 1517 2727 ὑπῆρχε
1542 2691 1681 2721 Βασίλειος
1702 2690 1717 2715 6
1742 2687 1909 2718 Σελευκείας.

1127 2741 1281 2769 Κάντεῢθεν
1293 2740 1347 2767 τῶν
1364 2738 1412 2766 τοῦ
1439 2738 1598 2773 Νεστορίου,
1623 2737 1670 2763 καὶ
1693 2735 1855 2770 Διοσκόρου,
1869 2733 1910 2760 καὶ

1128 2787 1264 2823 Εὑτυχοῦς
1279 2785 1515 2822 δημοσιευομένων
1539 2783 1668 2818 πονηρῶν
1692 2782 1849 2816 δογμάτων,
1869 2780 1910 2806 καὶ

1129 2833 1228 2867 πολλῆς
1241 2831 1363 2867 ταραχῆς
1379 2829 1522 2865 γινομένης
1537 2828 1654 2863 μάλιστα
1680 2827 1709 2853 ὲν
1727 2828 1755 2862 τῇ
1774 2825 1909 2859 ’Λνατολῇ,

1131 2878 1270 2914 φονεύεται
1297 2878 1443 2912 Προτέριος
1471 2877 1485 2902 ὁ
1511 2874 1595 2910 μέγας
1621 2873 1710 2909 ἱερεὺς
1744 2873 1790 2899 καὶ
1824 2872 1908 2907 ἕτεροι
