2008 3149
163 151 216 182 729

705 157 976 189 lIiSTORlARUM
997 158 1264 189 COMPENDIUM.

1735 155 1789 188 73.)

165 208 295 235 πλεῖστοι.
327 209 436 237 Τούτων
469 209 516 239 οὖν
541 212 629 245 οὕτως
655 213 770 249 ἑχόντων
804 214 946 241 ἀνίσταται

1010 214 1131 249 Eutychis
1161 202 1322 248 perniciosae
1350 211 1505 246 opiniones,
1533 211 1677 245 magnique
1707 209 1790 246 669

164 253 253 280 θεόθεν
277 255 436 291 Μαρκιανὸς
453 258 467 284 ὁ
489 258 626 293 βασιλεὺς,
658 261 706 287 καὶ
727 261 888 296 συναγαγὼν
917 261 946 286 ὲν

163 300 314 336 Χαλκηδόνι
329 302 379 337 τὴν
390 304 445 330 τῶν
458 305 497 339 χλ¹
512 306 641 342 Πατέρων
669 307 788 339 σύνοδον,
805 308 947 344 παρόντων

165 347 310 382 Διοσκόρου
328 350 375 375 καὶ
387 349 537 386 Εὑτυχοῦς,
556 353 616 387 μεθ’
630 350 668 380 ὧν
691 354 737 380 καὶ
753 353 832 385 αὐτὸς
846 362 946 389 πορευ-

164 394 228 425 θεὶς,
255 394 544 431 καταδικάζονταιμὲν
568 399 724 434 Διόσκορος,
748 400 796 426 καὶ
809 400 945 435 Εὑτυχὴς,

164 439 210 466 καὶ
224 439 381 475 Νεστόριος,
403 442 451 468 καὶ
468 443 548 470 πάλιν
567 444 821 480 ἀναθεματίζονται,
847 445 950 472 Θεοδώ-

165 493 244 519 ρησιον
260 485 300 518 δὲ,
314 486 361 512 καὶ
379 487 464 518 Ἴδαν.
491 488 539 515 καὶ
555 490 694 517 Βασίλειον
711 491 871 521 Σελευκείας
893 491 950 518 ἑδέ-

166 529 244 562 ξαντο
259 531 537 568 καθυπογράψαντας.
566 535 622 562 Καὶ
640 536 690 570 τῆς
714 536 864 572 λῃστρικῆς
887 545 949 564 συν-

165 576 224 602 ὁδου
242 577 448 613 ἀνατραπείσης
460 580 509 606 καὶ
529 580 805 618 ἀναθεματισθείσης,
822 584 863 614 είς
885 583 950 617 μίαν

167 622 328 656 συμφωνίαν
342 623 445 658 ἤγαγον
461 625 566 658 πάντας
580 626 604 653 ot
617 626 684 654 θεῖοι
696 628 827 663 Πατέρες.
840 629 950 655 Τούτων

166 668 192 694 δὲ
201 667 256 695 τῶν
267 670 410 704 τεσσάρων
422 671 538 698 συνόδων
549 671 620 698 οὕτω
631 674 784 708 γενομένων
799 674 846 701 καὶ
859 674 950 701 ἔπιδε-

167 714 333 742 6αιωθεισῶν
349 716 397 742 καὶ
415 718 573 751 κρατουσῶν
587 719 615 745 ὲν
639 720 672 755 τῇ
688 720 734 746 τοῦ
747 720 815 747 Θεοῦ
833 720 949 757 Ἐκκλη-

168 760 220 794 σίᾳ,
238 760 264 786 οι
279 761 312 787 τὰ
326 762 473 796 Νεστορίου
499 764 660 798 φρονοῦντες
679 766 850 793 ἐσπούδασαν
874 767 951 799 αὖθις

168 806 214 839 τὴν
240 805 347 841 αἵρεσιν
375 808 465 834 αὐτῶν
483 809 650 844 κρατῦναι...
679 812 728 846 τῆς
744 812 880 848 Θεοδώρου
903 813 950 840 τοῦ

167 851 352 885 Μοψουεττίας
384 853 527 890 ἀφορμῆς,
569 856 659 892 πολλῷ
690 858 799 893 χείρονα
821 858 867 886 τοῦ
899 869 951 894 μα-

168 897 248 932 θητοῦ
283 899 365 925 αὑτοῦ
385 900 538 936 Νεστορίου
572 901 616 938 [Ρ.
644 903 708 939 582]
741 904 953 940 βλασφημήσαν-

167 952 220 974 τος.
251 944 333 971 ’Ὀθεν
365 945 455 972 τοίνυν
478 946 524 973 καὶ
544 948 625 983 ἡμεῖς
660 949 869 983 ἀκολουθοῦντες
897 953 955 984 τοῖς

168 990 311 1024 ἡμετέροις
341 991 483 1026 πατράσι.
512 993 558 1018 καὶ
600 993 756 1029 βουλόμενοι
789 995 837 1030 τὴν
872 996 954 1032 ὀρθὴν

168 1035 256 1061 πίστιν
277 1036 417 1071 ἀλώΰητον
432 1038 672 1072 διαφυλάττεσθαι,
699 1041 888 1077 προτρέπομεν
908 1043 954 1069 καὶ

169 1080 263 1106 τούτου
283 1081 332 1112 τὰς
347 1081 521 1118 βλασφημίας
552 1083 762 1118 διεξετάσαντας
792 1087 853 1114 κατ’
872 1087 953 1115 αὑτοῦ

169 1126 282 1151 καὶτῶν
296 1128 455 1162 ὁμοᾳρόνων
468 1128 553 1155 αὑτοῦ
580 1129 784 1165 ἀποφήνασθαι.
813 1132 882 1167 Πρὸς
901 1134 954 1169 γὰρ

168 1172 226 1202 ταῖς
257 1171 351 1203 dum;
379 1174 578 1210 ἀναριθμήτοις
611 1177 694 1202 αὑτοῦ
723 1177 891 1213 δυσφημίαις
914 1179 953 1210 εἰς

169 1217 284 1252 Χριστὸν
296 1218 341 1244 τὸν
358 1218 424 1245 Θεὸν
437 1220 517 1254 ἡμῶν
532 1221 702 1256 γενομέναις,
721 1223 800 1251 ἄλλον
817 1223 886 1252 εἶναι
903 1224 952 1252 τὸν

170 1263 234 1289 Θεὸν
269 1263 357 1298 Λόγον
374 1265 421 1291 καὶ
448 1265 526 1292 ἄλλον
558 1267 602 1293 τὸν
618 1268 745 1303 Χριστὸν,
761 1269 813 1296 ὑπὸ
839 1270 894 1297 τῶν
906 1273 955 1307 τῆς

172 1309 261 1344 ψυχῆς
293 1310 388 1337 παθῶν
404 1312 451 1338 καὶ
466 1311 519 1338 τῶν
532 1313 580 1348 τῆς
596 1314 694 1349 σαρκὸς
723 1316 875 1352 ἐπιθυμιῶν
896 1317 955 1344 ἐνο-

172 1354 330 1389 xko-insveta,
347 1356 460 1383 καὶτῶν
482 1358 613 1393 χειρόνων
630 1360 702 1386 κατὰ
727 1362 824 1397 μικρὸν
843 1363 956 1398 ἀφιστά-

173 1408 252 1434 μενον
268 1400 337 1435 πρὸς
361 1400 396 1427 τὰ
414 1402 557 1435 κρείττονα
580 1406 612 1440 τῇ
641 1409 766 1442 προκοπῇ
791 1407 845 1435 τῶν
867 1409 955 1444 ἔργων

173 1446 342 1481 ἐληλυθέναι,
361 1447 408 1474 καὶ
424 1449 455 1483 τῇ
472 1449 571 1486 ἀρίστῃ
585 1451 707 1487 πολιτείᾳ
722 1453 865 1488 γενόμενον
879 1454 955 1490 ἄμω-

177 1499 233 1525 μον,
253 1492 301 1518 καὶ
316 1491 354 1523 ὡς
376 1492 453 1527 ψιλὸν
474 1494 616 1530 ἄνθρωπον
646 1497 674 1522 ὲν
704 1498 815 1533 ὀνόματι
832 1499 953 1535 Πατρὺς,

998 260 1147 294 prsertim
1161 260 1189 287 in
1212 260 1322 287 Oriente
1347 259 1511 287 exsisterent
1539 257 1682 288 tumultus,
1702 255 1788 283 Occisi

998 310 1061 334 sunt
1080 305 1220 334 Proterius
1239 306 1385 341 episcopus
1396 309 1423 332 et
1436 304 1481 332 alii
1501 303 1620 338 plurimi.
1638 302 1676 330 Eo
1697 308 1787 329 rerum

997 356 1070 380 statu
1087 352 1179 380 divina
1196 351 1368 388 providentia
1391 350 1563 379 Marcianum
1587 350 1785 384 imperatorem

1000 405 1088 430 creat.
1121 400 1145 428 Is
1176 399 1301 427 interfuit
1325 406 1340 426 a
1358 406 1387 426 se
1412 402 1508 426 coacto
1536 395 1710 424 Chalcedone
1736 394 1788 422 650

1001 449 1113 476 Patrum
1131 445 1262 478 concilio,
1290 444 1472 480 praesentibus
1501 443 1583 471 etiam
1615 441 1746 469 DioscOro
1764 445 1791 467 et

1002 494 1163 530 Eutychete.
1190 492 1229 520 lbi
1247 498 1344 519 rursus
1368 490 1536 518 damnantur
1552 488 1711 519 Dioscorus,
1737 486 1791 514 Eu-

1001 540 1094 576 tyches
1106 543 1133 566 et
1148 537 1300 569 Nestorius,
1317 536 1502 570 approbantur
1517 533 1712 566 Theodoritus.
1728 531 1790 559 lbas

1001 590 1028 613 et
1043 584 1160 612 Basilius
1174 582 1306 610 Seleucia!
1317 581 1474 616 episcopus.
1495 587 1558 606 cum
1578 578 1685 605 tandem
1703 577 1789 613 priori

1002 631 1122 659 concilio
1150 628 1391 663 subscripsissent.
1419 627 1458 653 Ita
1488 625 1596 653 abolitis
1620 623 1791 658 praedatoria!

1002 676 1099 712 synodi
1113 675 1182 703 actis
1193 677 1220 701 et
1243 672 1393 704 damnatis.
1410 671 1557 699 concordia
1586 678 1601 697 a
1617 670 1720 697 sanctis
1738 668 1791 696 Pa-

1004 723 1092 750 tribus
1117 722 1188 748 inter
1219 727 1316 747 omnes
1341 718 1487 746 conciliata
1517 720 1570 744 est.
1596 714 1645 742 llis
1673 719 1792 750 quatuor

1003 769 1131 796 conciliis
1149 767 1190 795 sic
1211 767 1281 793 actis
1294 769 1322 792 et
1337 765 1500 792 auctoritate
1513 763 1661 795 roboratis,
1677 768 1792 796 eamque

1005 815 1032 842 in
1045 814 1164 842 Ecclesia
1184 812 1230 840 Dei
1249 810 1447 842 obtinentibus,
1464 808 1619 836 Nestoriani
1640 807 1731 834 denuo
1748 813 1794 833 co-

1005 861 1060 887 nati
1078 863 1142 887 sunt
1155 866 1232 886 suam
1245 857 1369 885 [heresim
1384 855 1546 884 centirmare
1559 861 1641 888 opera
1658 851 1792 879 Theodori

1007 907 1182 942 Mopsuestia
1196 905 1329 940 episcopi,
1344 904 1390 938 qui
1417 903 1578 937 magistrum
1595 908 1673 929 suum
1690 900 1792 927 Nesto-

1007 954 1077 980 rium
1095 953 1178 987 impie
1190 952 1224 978 de
1244 951 1327 978 rebus
1353 949 1440 977 sacris
1469 947 1604 983 loquendo
1633 946 1792 981 superabat.

1005 998 1125 1027 Proinde
1151 1005 1201 1025 nos
1231 995 1352 1031 vestigiis
1381 994 1515 1027 majorum
1545 997 1702 1020 nostrorum
1728 991 1795 1018 insi-

1006 1047 1110 1072 stentes
1125 1041 1322 1076 cupientesque
1343 1046 1434 1067 veram
1461 1039 1542 1066 ﬁdem
1569 1038 1703 1072 integrant
1729 1043 1794 1065 con:

1006 1096 1127 1120 servare,
1155 1088 1298 1115 hortamur
1315 1093 1364 1113 vos
1387 1089 1417 1112 ut
1434 1084 1516 1118 hujus
1531 1090 1640 1118 quoque
1659 1082 1794 1109 scelerata

1006 1135 1149 1164 mendacia
1166 1132 1354 1161 esaminantes
1367 1131 1399 1158 dc
1414 1138 1447 1158 eo
1463 1134 1490 1156 et
1509 1127 1694 1156 sectatoribus
1708 1126 1795 1161 ipsius

1006 1179 1147 1209 statuatis.
1163 1178 1231 1206 Nam
1248 1181 1347 1212 prteler
1364 1177 1509 1203 innumera
1528 1174 1581 1200 alia
1603 1180 1662 1208 qua:
1674 1172 1755 1206 impie
1766 1172 1793 1198 in

1006 1227 1145 1256 Christum
1175 1223 1259 1252 Deum
1287 1226 1411 1251 nostrum
1439 1221 1583 1248 maledicta
1607 1219 1739 1249 evomuit.
1768 1217 1794 1245 id

1007 1279 1116 1309 quoque
1132 1270 1254 1306 protulit,
1275 1269 1359 1296 alium
1375 1275 1436 1295 esse
1457 1266 1540 1294 Deum
1560 1265 1692 1296 Verbum,
1711 1263 1793 1290 alium
1848 1278 1853 1281 —

1007 1319 1160 1350 Christum,
1179 1315 1226 1352 qui
1257 1314 1341 1342 animi
1369 1311 1625 1349 perturbationibus
1649 1314 1676 1337 et
1704 1309 1797 1336 carnis

1007 1363 1207 1401 cupiditatibus
1223 1361 1375 1389 molestiam
1393 1358 1444 1394 ipsi
1460 1356 1653 1385 exhibentibus
1665 1354 1796 1390 paulatim

1006 1421 1021 1439 a
1035 1399 1220 1440 deterioribus
1231 1407 1367 1435 desistens
1382 1404 1514 1432 factorum
1527 1401 1650 1438 profectu
1663 1401 1689 1428 in
1700 1399 1799 1427 melius

1005 1457 1138 1488 evaserit,
1168 1453 1362 1488 inculpataque
1377 1450 1486 1485 optimae
1505 1449 1565 1476 vita
1584 1447 1688 1474 ratione
1716 1445 1800 1481 67o

1006 1512 1074 1532 usus
1101 1502 1158 1534 sit;
1184 1500 1241 1535 qui,
1271 1502 1300 1525 ut
1317 1496 1407 1524 nttdus
1424 1495 1516 1527 homo,
1535 1494 1562 1520 in
1580 1493 1691 1520 nomine
1707 1490 1797 1517 Patris

175 1538 219 1563 καὶ
232 1537 311 1569 Υίοῦ,
333 1539 380 1565 καὶ
406 1539 485 1573 ἁγίου
502 1540 661 1576 Πνεύματος
687 1542 879 1579 βαπτισθῆναι,
909 1547 957 1574 καὶ

1010 1554 1036 1579 et
1056 1548 1115 1576 Filii
1147 1552 1174 1575 et
1192 1545 1311 1581 Spiritus
1335 1542 1423 1571 sancti
1448 1541 1613 1575 baptizatus,
1639 1545 1687 1573 per
1711 1535 1801 1570 bapti-

173 1581 216 1609 διὰ
225 1583 272 1610 τοῦ
293 1583 480 1620 βαπτίσματος
494 1586 542 1622 τὴν
558 1587 638 1622 χάριν
649 1588 696 1615 τοῦ
708 1589 788 1623 άγίου
804 1591 961 1626 Πνεύματος

175 1628 325 1663 εἰληφέναι,
336 1631 384 1657 καὶ
408 1632 544 1664 υἱοθεσίας
560 1633 705 1668 ἠξιῶσθαι,
722 1636 770 1662 καὶ
787 1636 849 1663 καθ’
860 1638 960 1672 ὁμοίω-

177 1683 218 1701 σιν
232 1675 376 1711 βασιλικῆς
393 1678 497 1709 εἰκόνος
509 1679 548 1710 εἰς
570 1679 716 1715 πρόσωπον
736 1682 781 1708 τοῦ
795 1683 862 1710 Θεοῦ
874 1685 962 1719 Λόγου

177 1721 221 1747 τον
236 1722 353 1757 Χριστὸν
368 1724 591 1759 προσκυνεῖσθαι,
607 1727 654 1753 καὶ
668 1728 737 1759 μετά
753 1728 801 1764 τὴν
815 1729 963 1758 ἀνάστασιν

177 1767 312 1802 ἄτρεπτον
335 1770 396 1802 ταῖς
419 1771 537 1803 ἐννοίαις
553 1771 601 1799 καὶ
627 1772 821 1810 ἀναμάρτητον
845 1777 960 1811 γεγενῆ-

176 1813 248 1842 σθαι.
263 1815 319 1842 Καὶ
333 1815 400 1850 πρὸς
412 1816 517 1848 τούτοις
549 1814 610 1844 εἶπε
639 1820 766 1855 τοιαύτην
796 1822 961 1856 γεγενῆσθαι

175 1859 226 1896 τὴν
239 1860 337 1888 ἕνωσιν
349 1861 395 1888 τοῦ
413 1862 481 1890 Θεοῦ
498 1863 586 1897 Λόγου
602 1865 670 1900 πρὸς
685 1865 731 1892 τὸν
739 1867 858 1902 Χριστὸν
868 1869 962 1896 ὁποίαν

176 1907 190 1932 ὸ
209 1905 371 1940 Ἀπόστολος
389 1908 440 1944 ἔφη
454 1910 518 1942 περὶ
529 1910 574 1941 τοῦ
590 1911 686 1947 ἀνδρὸς
700 1913 746 1941 καὶ
761 1913 811 1949 τῆς
822 1916 961 1949 γυναικόςο

178 1951 305 1980 Ἔσονται
317 1955 342 1981 οἱ
355 1953 400 1981 δύο
415 1955 455 1986 είς
474 1956 564 1992 σάρκα
575 1957 650 1992 μίαν.
661 1958 722 1985 Ἔτι
734 1959 762 1985 δὲ
774 1961 962 1996 προτρέπομαι

179 1998 251 2032 ὗμᾶς
271 1998 397 2032 ἐξετάσαι
426 2001 474 2026 καὶ
488 2002 522 2028 τὰ
548 2002 640 2034 κακῶς
657 2003 798 2038 γραφέντα
810 2006 885 2041 παρὰ
897 2006 962 2034 Θεο-

177 2043 300 2078 δωρήτου
323 2045 372 2070 καὶ
405 2045 465 2072 Ἴσα
491 2047 562 2074 κατά
587 2047 637 2082 τῆς
669 2048 700 2074 ὲν
731 2049 836 2085 Ἐφέσῳ
852 2051 964 2087 πρώτης

178 2089 258 2123 ἁγίας
278 2091 399 2123 συνόδου,
419 2093 466 2119 καὶ
479 2093 579 2128 ὁμοίως
597 2093 632 2121 τὰ
664 2095 726 2122 κατ’
754 2095 836 2124 αὑτοῦ
852 2097 964 2134 ἀποφή-

180 2135 289 2165 νασθαι,

217 2181 271 2208 Καὶ
287 2182 376 2210 ταῦτα
390 2183 471 2211 πάλιν
489 2183 620 2217 ὡσαύτως
633 2185 657 2212 οἱ
672 2185 739 2212 θεῖοι
766 2186 888 2223 Πατὲρες
915 2197 965 2215 πο-

1010 1604 1100 1624 smum
1113 1593 1228 1628 gratiam
1236 1591 1357 1627 Spiritus
1366 1588 1455 1617 sancti
1468 1591 1642 1616 consecutus,
1654 1582 1801 1618 adoptione

1012 1642 1049 1670 sit
1073 1641 1221 1675 dignatus;
1245 1641 1272 1665 et
1296 1637 1329 1663 ad
1346 1633 1553 1663 similitudinem
1572 1631 1654 1666 regiae
1672 1628 1800 1664 imaginis

1013 1687 1139 1716 Christus
1170 1685 1198 1712 in
1223 1689 1343 1718 persona
1383 1679 1465 1706 Verbi
1496 1677 1542 1705 Dei
1572 1677 1713 1707 adoratus,
1740 1678 1802 1710 post

1013 1730 1244 1761 resurrectionem
1273 1727 1364 1755 animo
1397 1724 1535 1753 constanti
1567 1726 1595 1750 et
1623 1726 1800 1758 peccatorum

1014 1783 1100 1804 vacuo
1128 1774 1221 1802 fuerit.
1255 1772 1388 1800 Przeterea
1417 1768 1603 1806 pronuntiavit
1630 1775 1689 1795 eam
1716 1766 1803 1794 fuisse

1014 1821 1096 1850 Verbi
1111 1828 1173 1848 cum
1194 1818 1306 1846 Christo
1328 1816 1489 1845 unitioncm,
1501 1821 1562 1849 quar
1572 1817 1614 1840 est
1626 1812 1660 1840 ab
1673 1811 1804 1847 Apostolo

1014 1868 1086 1895 dicta
1114 1865 1167 1893 viri
1189 1871 1251 1891 cum
1281 1861 1423 1889 muliere:
1450 1860 1484 1887 Et
1508 1863 1590 1886 erunt
1605 1857 1661 1885 duo
1692 1857 1719 1884 in
1750 1864 1802 1883 una

1016 1919 1110 1940 carne.
1130 1909 1171 1937 Ad
1188 1909 1246 1936 haec
1275 1914 1324 1935 vos
1354 1906 1449 1934 hortor
1475 1908 1505 1932 ut
1530 1903 1612 1931 etiam
1642 1902 1804 1930 examinetis

1017 1961 1105 1994 quaia
1116 1953 1286 1983 Theodorito
1308 1956 1335 1980 et
1351 1951 1396 1978 lba
1413 1950 1483 1978 male
1504 1950 1605 1983 scripta
1623 1952 1688 1976 sunt
1707 1953 1802 1975 contra

1017 2004 1095 2040 prius
1122 2000 1290 2036 Ephesinum
1321 2000 1447 2025 sanctum
1473 1994 1633 2023 (oncilinm.
1654 1997 1804 2027 contraque

1019 2058 1066 2079 eos
1079 2047 1174 2077 eodem
1189 2044 1272 2074 modo
1285 2044 1449 2073 sententiam
1463 2040 1569 2069 feratis.

1054 2184 1151 2211 Patres
1165 2182 1206 2209 his
1225 2187 1334 2208 rursum
1351 2183 1477 2207 accurate
1498 2175 1677 2205 consideratis
1691 2181 1806 2208 respon-

181 2226 459 2263 λυπραγμονήσαντες
473 2229 674 2264 ἀπεκρίθησαν.
697 2230 729 2257 Ἦ
740 2231 790 2266 μὲν
807 2219 958 2268 ἔν’Χαλκη-

1015 2230 1115 2258 derunt
1128 2226 1367 2255 :Chalcedonense
1379 2232 1486 2252 sacrum
1497 2221 1642 2250 concilium
1657 2219 1807 2248 Theodori—

181 2270 235 2298 δόνι
250 2272 310 2299 θεία
322 2272 431 2305 σύνοδος
445 2273 619 2309 Θεοδωρήτου
639 2275 687 2301 καὶ
704 2275 765 2302 Ἴδα
783 2276 868 2303 πολλά
879 2285 965 2305 κατα-

182 2317 301 2352 ϐοήσασα
314 2319 364 2345 οὐκ
378 2319 466 2351 ἄλλως
482 2319 581 2351 αὐτοὺς
598 2320 717 2352 ἐδέξατο.
735 2322 760 2348 εί
775 2321 812 2357 μὴ
832 2322 966 2357 πρότερον

184 2363 381 2399 ἀνεθεμάτισαν
401 2365 435 2392 τὰ
460 2365 512 2391 ἴδια
544 2366 651 2400 πονηρὰ
674 2367 892 2402 συγγράμματα,
920 2369 967 2394 καὶ

184 2410 328 2445 θεόδωρον,
344 2411 392 2437 καὶ
410 2411 568 2446 Νεστόριον.
593 2411 688 2446 Ἡμεῖς
717 2411 745 2437 δὲ
770 2413 967 2448 κατακρίνομεν

186 2457 230 2483 καὶ
243 2456 483 2491 ἁναθεματίζομεν
499 2457 567 2491 πρὸς
586 2458 641 2487 τοῖς
656 2457 748 2489 ἄλλοις
765 2458 867 2484 ἅπασιν
897 2459 968 2494 αἱρε-

186 2504 281 2534 τικοῖς,
301 2504 357 2534 τοῖς
369 2503 559 2537 κατακριθεῖσι
581 2503 629 2529 καὶ
641 2503 897 2538 ἀναθεματισθεῖσιν
917 2505 969 2531 ὑπὸ

185 2549 237 2575 τῶν
253 2549 407 2584 εἰρημένων
423 2549 507 2582 ἁγίων
522 2550 664 2582 τεσσάρων
683 2550 811 2582 συνόδων,
827 2551 874 2577 καὶ
903 2551 968 2577 Θεό-

185 2594 270 2630 δωρον
298 2594 443 2629 γενόμενον
473 2594 621 2621 ἐπίσκοπον
646 2595 833 2629 Μοψουεστίας
856 2595 903 2623 καὶ
936 2597 971 2623 τὰ

187 2640 303 2675 δυσσεϐῆ
333 2640 539 2676 συγγράμματα
572 2641 665 2673 αὐτοῦ,
685 2641 732 2667 καὶ
761 2642 851 2676 μέντοι
866 2643 912 2669 καὶ
936 2643 971 2670 τὰ

189 2686 279 2717 κακῶς
292 2686 369 2721 παρὰ
378 2686 552 2722 Θεοδωρήτου
575 2687 769 2721 συγγραφέντα
790 2688 861 2714 κατά
880 2697 908 2714 τε
922 2689 971 2724 τῆς

191 2733 274 2767 ὀρθῆς
299 2732 419 2762 πίστεως
437 2732 484 2758 καὶ
513 2731 567 2760 τῶν
592 2732 696 2759 δώδεκα
710 2732 867 2767 κεφαλαίων
881 2734 927 2760 τοῦ
943 2735 971 2760 ὲν

189 2779 274 2813 ἁγίοις
291 2778 426 2813 Κυρίλλου
446 2778 492 2804 καὶ
510 2779 560 2812 τῆς
581 2778 610 2804 ἐν
645 2778 749 2812 Ἐφέσῳ
765 2779 875 2814 πρώτης
896 2781 973 2815 ἱερᾶς

191 2824 312 2855 συνόδου,
338 2825 384 2851 καὶ
404 2824 454 2850 ὅσα
482 2823 552 2858 ὑπὲρ
579 2823 743 2858 συνιηγορῖας
755 2824 893 2858 Θεοδώρου
926 2825 972 2850 καὶ

192 2870 338 2904 Νεστορίου
359 2869 431 2905 αὐτῷ
457 2869 621 2904 γέγραπται.
643 2869 713 2904 "ph;
739 2869 845 2901 τούτοις
874 2869 971 2896 ἀναθε-

1019 2281 1074 2303 tum
1083 2279 1110 2302 et
1119 2273 1192 2301 lbam
1204 2273 1323 2308 graviter
1335 2271 1426 2298 verbis
1438 2270 1601 2296 insectatum
1613 2275 1667 2294 non
1681 2266 1732 2293 alia
1742 2273 1806 2292 con-

1017 2321 1121 2349 ditione
1130 2320 1157 2347 in
1170 2319 1285 2355 gratiam
1295 2318 1406 2352 recepit,
1415 2324 1497 2352 quam
1508 2320 1536 2342 ut
1547 2315 1623 2350 prius
1633 2322 1681 2342 sna
1693 2314 1806 2340 damna-

1018 2372 1078 2395 rent
1085 2366 1155 2394 mala
1163 2365 1297 2400 scriptapt
1304 2363 1478 2391 Theodorum
1489 2369 1520 2388 ac
1526 2358 1749 2388 Nestorium.Nos
1759 2365 1807 2384 an-

1019 2418 1071 2441 tem
1081 2417 1176 2449 praztcr
1187 2411 1309 2445 reliquos
1319 2416 1414 2436 omnes
1423 2408 1565 2436 haereticos
1573 2415 1588 2433 ο
1600 2406 1680 2433 dictis
1689 2410 1806 2439 quatuor

1020 2459 1123 2487 sanctis
1138 2457 1263 2485 conciliis
1276 2456 1420 2483 damnatos
1439 2458 1521 2489 atque
1534 2452 1656 2480 Ecclesia
1668 2451 1804 2481 exclusos,

1020 2506 1185 2533 damnamus
1198 2503 1281 2530 etiatn
1304 2507 1386 2537 atque
1410 2500 1606 2536 proscribimus
1631 2497 1804 2525 Theodorum

1020 2553 1066 2587 qui
1098 2550 1150 2578 fuit
1177 2549 1350 2584 Mopsuestia
1378 2548 1535 2582 episcopus,
1567 2545 1679 2580 ejusque
1707 2543 1807 2578 impios

1023 2598 1118 2630 libros,
1134 2603 1240 2623 necnon
1273 2602 1305 2622 ea
1329 2602 1390 2629 qua
1409 2591 1591 2620 Theodoritus
1611 2591 1679 2618 male
1697 2589 1808 2624 scripsit

1022 2648 1117 2671 contra
1147 2649 1238 2669 veram
1258 2641 1338 2668 ﬁdem
1366 2645 1393 2668 et
1422 2638 1565 2667 duodecim
1596 2638 1682 2665 sancti
1712 2635 1806 2672 Cyrilli

1022 2691 1112 2725 capita
1137 2696 1168 2716 ac
1196 2689 1312 2723 primam
1340 2691 1464 2714 sanctam
1480 2685 1642 2719 Ephesinam
1660 2683 1807 2718 synodum,

1023 2739 1049 2762 et
1073 2742 1122 2770 pro
1148 2733 1306 2771 defensione
1319 2731 1454 2760 Theodori
1472 2738 1504 2758 ac
1527 2729 1655 2758 Nestorii.
1672 2727 1807 2754 Praeterea

1024 2779 1187 2806 damnamus
1206 2778 1288 2805 etiam
1321 2777 1431 2811 impiam
1457 2775 1600 2810 epistolam
1624 2781 1704 2808 quant
1725 2771 1804 2807 671

1025 2825 1070 2851 Iba
1086 2824 1172 2852 fertur
1188 2823 1335 2858 scripsisse
1350 2822 1383 2850 ad
1398 2822 1482 2848 Marin
1497 2820 1621 2851 Persam,
1643 2825 1703 2852 qua:
1726 2811 1807 2850 negat

1026 2869 1144 2897 Verbum
1163 2869 1251 2896 Deiex
1270 2872 1364 2896 sancta
1392 2865 1502 2902 Virgine
1517 2864 1633 2900 Deipara
1658 2860 1741 2888 Maria
1764 2860 1805 2886 in-
