2008 3149
154 153 207 184 133

693 155 968 191 HISTORIARUM
988 159 1252 193 COMPENDIUM.

1729 168 1781 199 73E

163 207 404 256 κόσμουᾲγίνεται,
427 210 475 256 καὶ
501 211 555 239 τῶν
573 213 706 248 σωμάτων
729 215 886 249 ἀνάστασις,
903 218 951 244 καὶ

1007 219 1186 253 improbatur,
1201 220 1274 256 quod
1292 221 1386 249 mundi
1406 221 1486 250 ﬁnem
1503 222 1560 251 fore
1576 231 1622 251 vos
1636 223 1785 252 Christiani

165 254 341 286 ἁνταπὲδοσις
359 255 412 282 τῶν
433 255 618 292 βεϐιωμένων.
634 261 682 287 καὶ
693 261 734 287 ὅτι
746 263 760 289 ὁ
775 262 858 288 ἐλεῶν
873 270 947 290 πτω-

164 301 209 334 χὸν
224 299 285 335 Θεῷ
299 300 416 332 δανείζει
441 303 488 329 καὶ
508 303 776 334 ἑκατονταπλασίονα
791 308 860 341 μετὰ
875 308 948 343 ζωῆς

163 346 276 372 αῐωνίου
288 346 467 382 ἀπολήψεται.
481 349 537 375 Καὶ
553 350 600 376 τοῦ
616 352 767 378 ἐπισκόπου
778 353 949 380 διαϐεϐαιου-

165 391 246 425 μένου
265 391 347 425 μηδὲν
358 391 455 427 ψεῦδος
476 393 492 428 ἢ
512 394 610 430 χλεύην
628 396 656 422 ὲν
669 397 724 428 τοῖς
752 397 806 424 τῶν
822 400 950 434 Χριστια-

162 437 214 464 νῶν
230 434 299 464 εἶναι
312 438 455 473 δόγμασιν,
484 440 660 476 ἀνεχώρησεν
692 443 826 478 Εὐάγριος
849 445 950 481 πολλὴν

161 482 232 517 ἔχων
265 483 414 519 συζήτησιν
443 485 472 511 ὲν
501 486 600 522 ἑαυτῷ.
617 487 695 514 Μετὰ
713 488 742 515 δέ
767 497 828 516 τινα
843 491 949 525 χρόνον,

162 529 231 556 Θεοῦ
255 532 451 566 συνεργοῦντος
470 533 504 567 τῇ
523 533 570 559 τοῦ
602 534 751 562 ἐπισκόπου
778 535 948 572 διδασκαλίᾳ,

163 575 313 608 πιστεύσας
326 577 340 603 ό
352 576 496 611 φιλόσοφος
504 578 655 614 ὲὸαπτίσθη
671 587 680 595 ·
697 581 726 612 ὃς
739 581 837 608 αὐτίκα
861 591 952 618 παρα-

164 622 236 657 σχὼν
249 623 289 658 τῷ
305 624 448 659 ὲπισκόπῳ
480 625 592 659 χρυσίου
622 625 717 661 λίτρας
730 628 890 662 τριακοσίας
906 627 951 664 (ἦν

162 669 215 703 γὰρ
224 668 354 701 πλούσιος
364 670 475 705 σφόδρα)
483 670 567 705 λέγει·
581 671 659 703 Δέξαι
670 671 766 705 ταῦτα,
776 670 798 699 ὦ
806 673 950 706 saria-xoret,

163 713 212 740 καῖ
241 714 349 746 διαδοὺς
375 716 491 749 πτωχοῖς
524 716 637 751 ποίησόν
669 726 714 752 μοι
743 718 887 752 ίδιόχειρον
911 720 952 746 ὅτι

161 759 285 794 λήψομαι
298 759 368 786 αὐτὰ
385 760 461 796 παρὰ
478 760 524 787 τοῦ
545 761 622 788 Θεοῦ.
646 761 699 788 Τοῦ
713 762 743 788 δὲ
760 762 848 790 ταῦτα
875 763 953 794 δεξα-

164 804 245 839 μένου
266 805 412 841 προθύμως
426 807 473 833 καὶ
487 807 517 833 τὸ
527 807 644 842 γράμμα
659 808 833 843 ποιήσαντος,
848 809 952 844 διεδόθη

163 852 228 887 παρ’
244 851 332 878 αὐτοῦ
349 853 405 884 τοῖς
419 852 517 888 πένησι
533 854 631 880 πάντα.
652 855 801 889 Ἐπιξήσας
815 855 862 882 οὖν
888 856 951 890 χρό-

1000 265 1102 299 dicitis,
1116 274 1232 302 corpora
1250 273 1438 296 resurrectura
1455 269 1488 296 de
1500 270 1615 297 mortuis
1624 274 1651 296 et
1662 277 1711 304 pro
1727 275 1787 297 acta

999 311 1055 338 vita
1068 312 1168 346 eui‘que
1184 314 1336 340 mercedem
1354 314 1488 341 redditum
1503 315 1547 340 iri.
1561 314 1629 342 Tum
1655 315 1702 349 qui
1722 323 1790 350 pau-

1000 357 1059 392 peri
1079 358 1268 385 misericordia
1286 363 1375 387 motus
1397 360 1541 394 largiatur,
1564 368 1625 386 cum
1649 367 1698 387 sua
1718 360 1787 395 apud

1001 402 1086 430 Deum
1101 404 1128 430 in
1142 402 1235 431 lavore
1254 412 1364 439 ponere,
1380 409 1611 440 recepturumque
1631 407 1788 440 centuplum

1002 455 1063 475 eum
1076 448 1129 475 vita
1149 453 1260 476 aeterna.
1280 449 1416 485 Episcopo
1432 452 1499 478 nihil
1517 452 1646 478 vanitatis
1660 458 1703 478 aut
1717 452 1788 478 ludi-

1001 494 1055 521 brii
1078 494 1168 522 inesse
1184 495 1347 523 Christiana:
1363 497 1493 524 doctrinm
1516 505 1691 532 summopere
1716 498 1789 524 atlir-

1001 544 1106 572 mante,
1124 541 1161 567 ita
1182 540 1311 568 discessit
1326 541 1458 576 Eragrius
1482 546 1511 569 ιιι
1533 543 1578 577 qui
1601 543 1683 569 animi
1712 543 1790 569 valde

1001 585 1104 613 dubius
1114 590 1198 614 esset.
1212 586 1361 621 Aliquanto
1379 592 1438 622 post
1453 592 1586 622 tempore,
1603 588 1656 616 Deo
1669 588 1789 622 episcopi

1002 631 1156 659 doctrinam
1171 632 1328 667 adiuvante,
1358 634 1476 661 credidit
1499 639 1525 661 et
1547 634 1701 668 baptizatus
1726 637 1789 666 est;

1005 684 1089 713 utque
1105 682 1163 706 erat
1181 679 1325 713 praedives,
1342 680 1433 707 attulit
1447 680 1479 706 ad
1495 681 1652 715 episcopmn
1665 680 1718 707 500
1731 680 1790 706 auri

1004 723 1100 755 libras,
1112 730 1181 758 quas
1197 723 1243 751 ille
1260 723 1426 758 pauperibus
1446 724 1634 757 distribueret,
1657 724 1720 751 data
1739 724 1790 751 sibi

1003 769 1132 796 cautione
1146 776 1227 796 manu
1252 769 1362 804 propria
1381 770 1484 804 scripta
1501 769 1585 797 Deum
1604 771 1656 798 ista
1672 771 1793 798 redditur-

1005 822 1076 842 rum.
1104 814 1256 849 Episcopus
1281 815 1426 850 pecuniam
1453 817 1569 850 accepit,
1596 824 1711 851 eamque
1729 817 1792 843 data

1006 861 1161 896 syngrapha
1174 862 1248 889 inter
1262 869 1362 896 egenos
1378 862 1482 889 divisit.
1505 862 1688 898 Philosophus
1702 867 1792 889 autem

161 906 224 930 νους
239 897 319 929 τινὰς
332 899 346 924 ὁ
358 898 502 932 φιλόσοφος
515 898 544 925 ὲν
567 898 693 934 εὐσεϐείᾳ
716 899 764 926 καὶ
780 900 892 935 ἀρεταῖς
908 909 956 935 με-

1007 908 1113 942 aliquot
1126 908 1218 936 adhuc
1233 915 1320 935 annos
1346 915 1407 935 cum
1438 909 1482 943 pie
1505 909 1620 936 vixisset
1641 917 1794 944 magnaque

160 943 272 977 γάλαις,
292 944 463 980 παρήγγειλε
478 945 535 975 τοῖς
564 943 662 971 ἑαυτοῦ
687 944 794 976 τέκνοις
822 946 956 973 τελευτῶν

162 989 282 1016 ἐνθεῖναι
312 989 358 1016 τδν
386 990 489 1025 χάρτην
514 990 542 1016 ἐν
568 990 602 1025 τῇ
632 990 704 1025 χειρὶ
720 989 804 1017 αὑτοῦ
821 991 868 1017 καὶ
883 990 956 1018 οὕτω

162 1035 298 1070 ταφῆναι.
319 1036 375 1062 Καὶ
393 1035 490 1062 τούτου
510 1035 668 1070 γενομένου,
694 1036 763 1071 μετὰ
777 1037 872 1072 τρίτην
886 1037 955 1072 ἡμέ-

164 1090 214 1116 ραν
231 1082 405 1115 ἐπιφαίνεται
418 1081 478 1108 κατ’
491 1081 558 1116 ὄναρ
575 1082 589 1107 ό
608 1081 751 1116 φιλόσοφος
763 1082 802 1117 τῷ
815 1083 956 1118 ὲπισκόπῳ

163 1129 252 1162 λέγων
263 1138 270 1145 ·
294 1129 370 1156 Ἐλθὲ
400 1130 438 1161 είς
453 1129 498 1156 τὸν
513 1129 597 1163 τάφον
614 1138 675 1164 μου,
691 1126 714 1156 ὦ
738 1129 882 1161 ἐπίσκοπε,
909 1131 957 1158 καὶ

164 1176 229 1203 λὰὗε
247 1177 278 1202 τὸ
295 1175 436 1210 ἱδιόχειρόν
451 1183 498 1202 σου
515 1183 523 1190 ο
541 1175 678 1202 ἀπέλαεον
691 1175 746 1211 γὰρ
758 1175 791 1202 τὸ
801 1175 881 1210 χρέος
893 1176 957 1202 ἑκα-

163 1223 374 1254 τονταπλάσιον,
391 1222 437 1248 καὶ
453 1221 547 1249 οὐδένα
574 1221 627 1257 ἔχω
644 1221 722 1256 λόγον
737 1222 806 1257 πρὸς
819 1222 861 1255 σε,
888 1222 957 1249 ἀλλὰ

165 1270 233 1306 πρὸς
247 1269 358 1296 τελείαν
376 1268 565 1304 πληροφορίαν
595 1277 641 1295 σου
664 1269 814 1305 ίδιοχείρως
831 1270 859 1296 ἐν
882 1270 957 1306 αὐτῷ

165 1316 384 1352 καθυπέγραψα.
400 1316 454 1342 Τοῦ
479 1315 507 1342 δὲ
524 1316 676 1343 ἐπισκόπου
701 1316 769 1352 πρωῒ
783 1318 957 1350 μεταστειλα-

167 1363 253 1398 μένου
267 1363 331 1394 τοὺς
349 1362 424 1394 υἱοὺς
437 1361 483 1388 τοῦ
502 1361 661 1395 φιλοσόφου,
678 1361 725 1388 καὶ
742 1361 876 1397 μαθόντος
892 1363 956 1398 παρ’

166 1409 260 1436 αὐτῶν
271 1409 310 1440 ὡς
331 1408 468 1441 συνετάφη
480 1406 556 1442 αὐτῷ
571 1407 602 1433 τὺ
628 1407 781 1443 ῑδιόχειρον,
808 1408 957 1443 ἀπέρχεται

167 1455 239 1489 μετὰ
252 1454 308 1481 τῶν
316 1454 455 1490 κληρικῶν
467 1453 517 1488 τῆς
538 1453 653 1485 πόλεως,
673 1453 720 1480 καὶ
744 1453 899 1487 ἀνοίξαντες
912 1454 957 1481 τὸν

165 1501 254 1535 τάιρον
268 1500 424 1536 εὑρίσκουσι
440 1499 485 1526 τὸν
499 1498 645 1533 φιλόσοφον
669 1498 824 1534 καθήμενον
836 1499 884 1527 καὶ
908 1500 957 1535 τὴν

1007 955 1141 982 virtutum
1162 962 1243 989 opera
1266 954 1409 987 edidisset,
1439 957 1590 982 moriturus
1613 955 1672 982 suis
1701 955 1794 982 liberis

1007 1001 1137 1036 precepit
1153 1005 1183 1027 ut
1198 1000 1249 1028 sibi
1269 1001 1296 1027 in
1313 1008 1423 1027 manum
1437 1000 1590 1028 insererent
1611 1001 1793 1036 syngrapham

1010 1045 1090 1072 istam
1117 1049 1200 1079 atque
1223 1045 1263 1072 sic
1291 1045 1451 1079 sepelirent.
1478 1045 1526 1072 liis
1551 1045 1587 1072 ita
1608 1045 1688 1073 factis
1713 1046 1794 1072 tertio

1008 1094 1069 1125 post
1096 1091 1141 1118 die
1167 1091 1295 1126 episcopo
1324 1091 1350 1118 in
1372 1091 1476 1118 somnis
1491 1091 1567 1119 visus
1583 1096 1626 1119 cst
1650 1091 1794 1126 Evagrius,

1007 1136 1044 1163 ita
1057 1136 1201 1172 alloquens
1216 1145 1222 1163 :
1240 1135 1346 1164 Accede
1373 1136 1407 1163 ad
1438 1136 1592 1171 sepulcrum
1616 1143 1718 1169 meum,
1736 1136 1793 1170 epi-

1008 1189 1100 1217 scope,
1113 1186 1140 1210 et
1156 1182 1248 1216 recipe
1269 1183 1464 1219 syngrapham
1474 1187 1559 1209 tuam.
1592 1181 1739 1208 Redditum
1754 1186 1797 1209 est

1006 1228 1079 1256 enim
1108 1228 1173 1255 mihi
1197 1228 1281 1255 debiti
1307 1228 1482 1263 centuplum,
1497 1235 1587 1262 neque
1613 1227 1700 1254 habeo
1723 1228 1794 1262 quod

1007 1282 1022 1301 a
1047 1279 1073 1302 te
1095 1274 1214 1309 exigam.
1232 1273 1285 1301 Sed
1301 1277 1329 1301 et
1352 1282 1406 1309 quo
1426 1274 1532 1309 plenius
1560 1273 1609 1301 tibi
1641 1277 1794 1303 caveretur.

1007 1329 1090 1349 manu
1109 1329 1169 1348 mea
1184 1320 1348 1355 subscripsi.
1363 1319 1489 1347 Diluculo
1510 1320 1656 1355 episcopus
1677 1319 1796 1353 philoso-

1008 1368 1053 1403 phi
1072 1366 1144 1394 filios
1162 1366 1194 1393 ad
1213 1374 1243 1395 se
1256 1366 1374 1398 vocavit,
1394 1373 1511 1400 cumque
1531 1374 1563 1393 ex
1587 1365 1620 1392 iis
1637 1365 1796 1392 rescivissct

1008 1413 1222 1448 chirographum
1243 1420 1306 1439 cum
1329 1411 1445 1455 Evagrio
1470 1411 1555 1438 fuisse
1571 1411 1721 1444 sepultum.
1734 1417 1795 1436 cum

1007 1459 1081 1487 clero
1092 1458 1167 1486 urbis
1180 1458 1213 1485 ad
1225 1457 1309 1493 674
1320 1459 1476 1492 sepulcrum
1489 1457 1617 1484 accessit.
1630 1456 1689 1489 Quo
1703 1460 1798 1492 aperto

1007 1503 1372 1539 inveneruntphilosophum
1390 1503 1542 1535 sedentem,
1559 1509 1724 1541 manumque
1736 1509 1797 1528 cum

168 1549 250 1584 χεῖρα.
275 1546 347 1582 μετὰ
373 1546 420 1573 τοῦ
444 1545 609 1581 γράμματος
640 1545 829 1581 προτείνοντα.
846 1546 906 1573 Τῶν
928 1547 956 1573 δὲ

1009 1551 1104 1578 charta
1132 1550 1350 1585 protendcntem.
1381 1549 1468 1582 Quam
1493 1557 1554 1577 eum
1583 1549 1683 1575 vellent
1707 1548 1797 1575 clerici

169 1594 311 1630 κληρικῶν
337 1593 516 1628 πειρωμένων
550 1591 642 1618 λαϐεῖν
666 1591 713 1619 τδν
740 1592 845 1628 χάρτην
869 1593 956 1620 οὐδενὶ

1007 1597 1138 1629 eximere,
1153 1596 1254 1624 nemini
1266 1603 1360 1623 eorum
1375 1595 1513 1622 concessit
1527 1605 1533 1622 :
1552 1595 1682 1629 episcopo
1708 1598 1797 1621 autem

167 1642 265 1668 τοῦτον
277 1639 372 1666 ἔδωκε.
385 1638 438 1665 Τοῦ
454 1639 484 1666 δὲ
495 1638 645 1665 ἐπισκόπου
663 1637 713 1673 τὴν
723 1639 802 1674 χεῖρα
811 1638 956 1665 ἁπλὼσιν-

1008 1650 1120 1671 mauutn
1133 1643 1288 1677 explicaute
1297 1649 1358 1669 eam
1379 1641 1472 1668 statim
1488 1641 1604 1673 dimisit,
1616 1648 1648 1668 ac
1661 1640 1796 1667 recubuit.

167 1694 213 1718 τος
231 1685 405 1720 παραχρῆμα
415 1684 460 1711 τδν
475 1683 580 1719 χάρτην
603 1683 712 1715 ἐπιδοὺς
724 1685 840 1711 ἀνέπεσε
855 1684 937 1711 πάλιν
948 1693 954 1700 ·

169 1733 255 1767 όνπερ
272 1731 382 1765 ἀνοίξας
395 1731 442 1758 ἐπὶ
457 1731 578 1764 πάντων,
593 1727 657 1765 εὗρε
668 1731 768 1757 νεωστὶ
780 1730 956 1764 ὑπογεγραμ-

1010 1736 1116 1763 invenit
1130 1743 1227 1764 recens
1250 1743 1333 1762 manu
1358 1734 1513 1770 philosophi
1528 1734 1715 1768 subscriptum
1733 1733 1770 1760 ita
1790 1742 1797 1759 :

170 1779 253 1813 μένον
267 1779 300 1812 τῇ
314 1777 386 1812 χειρὶ
402 1776 448 1804 τοῦ
460 1777 606 1811 φιλοσόφου
616 1776 702 1808 οὕτως
711 1784 720 1791 ’
742 1776 813 1811 Ἐγῶ
822 1776 956 1812 Εὐάγριος

1011 1781 1144 1816 Evagrius
1178 1781 1362 1815 philosophus
1387 1779 1561 1807 sanctissimo
1591 1779 1719 1813 episcopo
1749 1778 1800 1805 do-

169 1823 317 1859 φιλόσοφός
345 1820 386 1850 σοι
412 1822 452 1857 τῷ
473 1822 613 1857 όσιωτάτῳ
633 1821 777 1856 ὲπισκόπῳ
792 1822 881 1858 κυρίῳ
906 1830 956 1856 μου

1011 1828 1087 1855 mino
1113 1834 1174 1854 meo
1200 1826 1315 1861 Synesio
1347 1825 1476 1853 salutem.
1509 1824 1598 1857 Scias,
1627 1824 1723 1853 Pater.
1757 1830 1801 1851 me

171 1870 292 1903 Συνεσίῳ
304 1868 420 1904 χαίρειν,
439 1867 520 1900 Ἰσθι,
535 1867 638 1902 Πάτερ,
654 1867 691 1899 ὡς
703 1866 800 1894 ἔλαϐον
825 1866 857 1893 τὸ
880 1867 956 1902 χρέος

1011 1871 1168 1906 centuplum
1191 1871 1275 1898 debiti
1297 1871 1448 1905 recepisse,
1474 1877 1561 1901 neque
1578 1877 1611 1896 eo
1626 1871 1734 1896 nomine
1750 1869 1801 1895 ba-

169 1914 429 1947 ἐκατονταπλάσιον,
460 1914 507 1940 καὶ
525 1913 623 1940 οὐδένα
644 1913 714 1948 πρὸς
744 1913 774 1940 σὲ
801 1913 880 1947 λόγον
905 1913 956 1948 ἔχω

1011 1918 1075 1946 bere
1097 1917 1169 1952 quod
1186 1917 1235 1944 abs
1249 1919 1275 1944 te
1288 1916 1401 1950 exigam.
1422 1915 1480 1943 Hoc
1493 1910 1599 1944 auilito.
1617 1923 1678 1942 cum
1703 1923 1799 1942 omnes

1008 1689 1148 1725 Epieopus
1180 1689 1275 1716 charta
1302 1689 1330 1716 in
1359 1693 1509 1723 conspectu
1542 1687 1665 1714 omnium
1695 1691 1798 1722 aperta.

171 1962 237 1998 περὶ
253 1961 359 1988 τούτου.
378 1960 489 1987 Πάντων
500 1957 547 1986 οὖν
559 1959 614 1986 τῶν
627 1958 805 1986 ἀκουσάντων
817 1959 960 1986 καταπλα-

170 2009 275 2042 γέντων
295 2006 406 2042 σφόδρα,
422 2006 470 2032 καὶ
497 2005 543 2032 ἐπὶ
561 2005 629 2032 πολὺ
651 2005 806 2040 κραζόντων
816 2005 856 2039 τὸ,
874 2004 960 2041 Κύριε

171 2055 284 2089 ἐλέησον
299 2053 366 2089 (45),
378 2053 522 2080 ἐκέλευσεν
535 2053 550 2079 ό
563 2052 711 2083 ἐπίσκοπος
725 2051 756 2078 τὸ
778 2051 826 2078 τοῦ
853 2051 961 2086 φιλοσό-

172 2109 223 2136 φου
238 2100 382 2134 ίδιόχειρον
394 2098 536 2134 τηρεῖσθαι
554 2098 583 2124 ὲν
598 2096 637 2133 τῷ
653 2097 870 2133 σκευοφυλακίῳ.

207 2145 254 2180 Τῷ
271 2144 311 2176 κζ’
326 2144 393 2176 έτει,
412 2143 476 2178 μηνὶ
489 2143 637 2178 Αὐγούστῳ
657 2141 699 2174 ιε’,
726 2142 823 2177 γέγονε
852 2142 962 2177 σεισμὸς

175 2195 273 2228 μέγας,
292 2193 330 2224 ὼς
343 2193 436 2219 πεσεῖν
450 2181 570 2222 πολλοὺς
579 2190 672 2221 οἴκους
689 2189 736 2219 καὶ
748 2188 898 2222 ἐκκλησίας
915 2187 963 2214 κα)⁴

1009 1963 1186 1992 vehementer
1215 1962 1322 1989 attoniti
1350 1962 1506 1997 aliquandiu
1521 1961 1660 1989 vociferati
1677 1965 1768 1988 essent
1789 1970 1798 1988 :

1012 2011 1153 2042 Miserere,
1184 2010 1308 2041 Domine.
1338 2009 1421 2044 jussit
1453 2009 1611 2044 episcopus.
1645 2008 1798 2043 philosophi

1013 2064 1095 2084 manu
1109 2056 1239 2091 scriptam
1258 2055 1387 2083 schedam
1404 2056 1431 2083 in
1447 2055 1567 2083 annario
1583 2054 1729 2083 asservari.

1048 2146 1128 2172 Anno
1160 2146 1292 2173 vicesimo
1314 2145 1453 2179 septimo,
1482 2145 1584 2172 mensis
1614 2143 1729 2179 Augusti
1757 2143 1800 2170 die

1014 2191 1120 2219 decimo
1134 2192 1240 2227 quinto,
1259 2199 1375 2227 magnus
1392 2192 1443 2219 fuit
1458 2196 1538 2219 terra:
1552 2195 1653 2221 motus.
1670 2191 1715 2224 qui
1731 2189 1802 2216 mul-

173 2239 271 2275 λοετρὰ
288 2238 335 2265 καὶ
345 2239 379 2265 τὰ
391 2238 470 2273 τείχη
492 2236 610 2272 μάλιστα
630 2235 679 2270 τῆς
694 2235 807 2270 Χρυσῆς
833 2234 936 2268 πόρτης
953 2241 956 2247 ι

1015 2242 1057 2265 tas
1074 2239 1181 2270 domos,
1199 2238 1282 2265 multa
1303 2239 1404 2273 templa
1419 2243 1446 2265 et
1465 2238 1561 2265 balnea
1578 2237 1686 2271 dejerit,
1703 2240 1729 2263 et
1743 2243 1802 2263 ma-

175 2287 220 2313 καὶ
244 2285 337 2312 πολλοὶ
356 2284 502 2312 ἀπέθανον.
531 2279 617 2314 Οὗτος
637 2281 651 2307 ὸ
664 2281 775 2315 σεισμὸς
790 2280 961 2314 παγκόσμιος

175 2333 297 2366 γέγονεν,
314 2330 385 2358 ὥστε
402 2330 492 2356 πᾶσαν
506 2327 555 2364 τὴν
572 2327 735 2362 οἰκουμένην
745 2326 838 2361 σχεδὸν
849 2325 961 2360 πτωθῆ-

175 2387 228 2409 vat,
245 2378 293 2404 καὶ¹
307 2377 356 2412 τὴν
368 2375 507 2403 θάλασσαν
530 2374 713 2410 ἀναῤῥιχᾱναι
731 2373 807 2407 μίλια
826 2372 883 2403 δύο,
915 2372 962 2398 καὶ

176 2425 259 2452 πολλὰ
275 2424 355 2451 πλοῖα
378 2422 527 2450 ἀπολέσθαι
552 2421 595 2457 [Ρ.
613 2420 676 2448 5851
704 2421 734 2446 ἐν
749 2420 781 2454 τῇ
805 2418 852 2445 τοῦ
868 2419 962 2450 ὓδατος
978 2413 982 2418 ’

177 2470 356 2505 ὰναχαιτίσει.
369 2468 423 2495 Καὶ
432 2470 460 2494 ἐν
472 2468 521 2502 μὲν
536 2467 568 2501 τῇ
581 2465 707 2500 Ἀραϐίᾳ,
722 2459 769 2491 κᾶὶ
784 2464 962 2498 Παλαιστίνῃ,

177 2517 222 2542 καὶ
244 2513 453 2548 Μεσοποταμίᾳ,
488 2513 535 2540 καὶ
565 2511 715 2546 Ἀντιοχείᾳ
747 2509 963 2545 κατεπτώθησαν

178 2562 266 2593 πόλεις
288 2559 386 2586 πολλαὶ
409 2558 454 2585 καὶ
482 2558 586 2593 κῶμαι,
614 2557 661 2583 καὶ
686 2555 893 2591 συνελήφθησαν
916 2555 964 2580 ἁν-

180 2606 294 2642 θρὼπων
311 2605 401 2640 πλήθη
416 2604 463 2631 καὶ
487 2603 607 2637 ἀλόγων,
630 2602 759 2628 πέπτωκε
786 2601 814 2627 δὲ
841 2600 889 2627 καὶ
917 2599 965 2634 τῆς

181 2651 361 2688 Νικομηδείας
378 2651 460 2685 μέρος
470 2649 550 2681 πολὺ,
567 2648 615 2676 καὶ
630 2648 819 2682 ἐπεκράτησεν
830 2647 844 2673 ὁ
856 2645 966 2681 σεισμὸς

182 2699 285 2734 ἡμέρας
298 2697 334 2733 μ’.
346 2697 453 2723 Γίνεται
469 2696 523 2731 δὲὴ
542 2696 636 2731 μνήμη
657 2694 704 2721 τοῦ
735 2693 847 2728 σεισμοῦ
868 2693 963 2719 τούτου

183 2744 240 2770 κατ’
251 2743 310 2774 ἔτος
327 2744 357 2769 ἐν
371 2742 409 2778 τῷ
429 2743 536 2777 Κάμπῳ
549 2740 734 2771 λιτανεύοντας
746 2739 793 2766 τοῦ
805 2739 880 2766 λαοῦ.

1014 2284 1086 2310 xime
1106 2291 1200 2311 muros
1217 2284 1249 2311 ad
1272 2284 1388 2311 Auream
1409 2287 1526 2319 portam,
1551 2283 1707 2317 multosque
1730 2289 1803 2309 rnor-

1011 2330 1081 2356 tales
1103 2330 1232 2364 perdidit.
1259 2329 1311 2357 Per
1326 2334 1412 2356 totum
1428 2329 1559 2357 mundum
1578 2329 1630 2356 ista
1657 2328 1803 2355 concussio

1017 2377 1114 2402 damna
1134 2377 1219 2408 dedit,
1231 2381 1257 2403 et
1274 2383 1347 2403 mare
1359 2376 1391 2403 ad
1409 2376 1463 2403 duo
1478 2375 1604 2402 milliaria
1617 2379 1699 2402 mstus
1710 2382 1802 2401 resor-

1017 2422 1082 2457 psit,
1103 2421 1186 2454 inque
1213 2429 1245 2449 eo
1272 2422 1364 2448 multm
1390 2425 1453 2448 sunt
1486 2428 1569 2448 naves
1595 2419 1749 2447 confracta;
1774 2419 1802 2446 In

1017 2468 1127 2500 Arabia,
1151 2467 1307 2500 Palaestina,
1335 2467 1584 2501 Mesopotamiaque
1609 2469 1636 2493 ct
1657 2465 1803 2491 Antiochia

1019 2514 1100 2541 urbes
1127 2513 1219 2540 multa:
1248 2513 1364 2548 pagique
1394 2516 1459 2539 sunt
1486 2511 1628 2547 prostrati,
1650 2511 1806 2544 obrutaque

1019 2558 1160 2585 hominum
1189 2562 1216 2585 et
1245 2558 1388 2585 brutorum
1419 2556 1574 2585 multitudo.
1594 2555 1704 2582 Corruit
1720 2555 1801 2582 etiam

1017 2602 1182 2641 Nicomedia:
1197 2610 1294 2637 magna
1312 2610 1386 2637 pars.
1418 2601 1541 2629 Obtinuil
1569 2606 1659 2628 motus
1680 2601 1731 2628 iste
1746 2599 1808 2627 dies

1017 2649 1211 2684 quadraginta.
1227 2648 1382 2682 Quotannis
1405 2648 1465 2682 ejus
1486 2648 1617 2675 memoria
1640 2647 1807 2678 celebratur,

1019 2696 1118 2730 populo
1132 2695 1160 2722 in
1178 2695 1281 2730 Campo
1302 2695 1485 2730 supplicante.

753 2796 930 2825 XYLANDRI
948 2796 993 2824 ET
1014 2796 1116 2824 GOAlil
1130 2797 1244 2825 NOTAE.

216 2848 270 2882 (45)
283 2847 340 2874 Vox
356 2855 369 2873 a
386 2846 487 2873 Grmcis
501 2853 555 2873 non
574 2844 642 2872 adeo
662 2843 855 2872 miserit-ordne
872 2844 1046 2879 exquirendae
1077 2852 1159 2879 quam
1178 2842 1281 2872 insoliti
1307 2849 1388 2871 casus
1417 2841 1571 2870 admirandi
1612 2839 1698 2875 gratia
1721 2838 1806 2873 vulgo

184 2883 366 2920 pronuntiata.
387 2882 474 2910 Goss.
