2008 3149
146 183 196 213 737

661 181 932 213 HISTORIARUM
952 183 1219 215 COMPENDIUM.

1716 186 1772 218 738

146 238 236 264 πᾶσαν
252 235 298 271 τὴν
314 235 391 263 πόλιν
406 235 454 262 καὶ
468 235 501 262 τὰ
519 235 612 272 τιόρρω
631 235 741 272 ταύτης.
756 236 788 272 (Ρ
803 236 867 273 586]
887 237 931 264 Ἐν

989 242 1099 274 stragem
1120 240 1146 266 in
1173 239 1241 267 urbe
1267 244 1294 267 et
1323 240 1436 269 remotis
1465 240 1548 269 etiam
1579 241 1647 270 locis
1675 242 1770 270 edidit.

144 283 175 316 δὴ
196 281 345 318 Ἀντιοχείᾳ
359 282 438 309 πάλιν
451 282 546 316 γέγονε
566 282 679 318 σεισμὸς
697 283 794 318 μέγας.
814 283 892 310 Μετὰ
905 283 933 310 δὲ

143 329 241 363 χρόνον
259 328 319 354 τινὰ
334 327 446 362 γέγονεν
470 327 594 363 ἀστέρων
621 328 721 364 δρόμος
745 330 792 365 ἀφ’
814 329 933 364 ἑσπέρας

143 375 195 406 ἕως
215 372 299 408 πρωῒ,
317 373 388 400 ὥστε
406 373 509 405 πάντας
525 374 796 410 ὑπερεκπλήττεσθαι
813 375 861 402 καὶ
885 375 932 401 λέ-

148 430 201 457 γειν
219 422 261 448 ὅτι
273 421 420 448 πίπτουσιν
434 421 458 447 οί
470 421 593 456 ἀστέρες.
609 421 740 455 Γεγόνασι
757 421 786 448 δὲ
801 421 934 457 κοσμικαὶ

143 467 327 504 δημοκρατίαι
347 467 403 502 (47)
423 467 470 494 καὶ
484 467 560 501 φόνοι
574 467 666 494 πολλοὶ
685 469 732 494 καὶ
747 467 873 503 πόλεμοι.
887 468 935 494 καὶ

143 513 229 546 νόσοι,
250 513 296 540 καὶ
310 512 420 540 θάνατοι
434 514 490 545 τοῖς
506 512 658 548 ἀνθρώποις
669 514 719 540 οὐκ
733 513 870 540 ἐπέλιπον.
891 513 934 540 Ἐν

142 560 170 586 δὲ
192 559 346 595 Ἀντιοχείᾳ
362 559 432 594 μετὰ
445 559 476 585 τὸ
495 559 621 594 γενέσθαι
641 559 687 586 τὸν
705 560 817 594 σεισμὸν
839 559 935 594 γέγονε

144 606 269 641 βρυγμὸς
284 607 316 632 ὲκ
330 605 377 632 τοῦ
393 606 508 640 οὐρανοῦ
522 605 720 641 φοϐερώτατος,
735 607 783 634 καὶ
799 606 890 633 πολλοὶ
902 607 936 634 ἐκ

145 652 191 678 τοῦ
207 652 293 685 φόὸου
314 651 460 679 ἀπέθανον.

178 698 224 733 Τῷ
238 697 266 724 δὲ
285 697 323 734 λβ¹
341 698 396 724 ἔτει
421 698 470 733 τῆς
494 697 633 733 βασιλείας
653 698 842 725 ’1ουστινιανοῦ
861 698 937 734 φιλο-

145 744 316 779 καλουμένου
331 744 384 770 τῶν
398 743 511 780 τρούλου
532 744 588 779 (48)
606 745 656 779 τῆς
671 743 800 779 Μεγάλης
823 744 937 780 Ἰΰκκλη-

144 790 204 821 σίας
220 787 268 825 (ἦν
295 790 349 824 γὰρ
372 789 570 825 διεῤῥηγμένος
597 791 629 817 ὲκ
653 789 707 816 τῶν
736 790 938 825 ἐπιγενομένων

144 835 358 872 ἀλλεπαλλήλων
372 836 516 871 σεισμῶν),
537 836 618 863 ἔπεσε
629 836 659 863 τὺ
681 836 839 863 ἀνατολικὸν
855 836 937 871 μέρος

143 876 191 917 τῆς
203 883 414 918 προῦποστολῆς
428 883 475 910 τοῦ
491 883 570 917 ἁγίου
587 884 794 919 θυσιαστηρίου,
811 884 859 911 καὶ
874 892 937 910 συν-

144 928 240 965 έτριψε
267 929 298 956 τὸ
319 928 448 965 κιὸώριον
470 930 525 965 (49)
549 931 597 957 καὶ
622 931 672 966 τὴν
698 931 779 965 ἁγίαν
797 930 936 967 τράπεζαν

143 976 190 1001 καὶ
211 975 261 1002 τὸν
287 975 412 1011 ἄμϐωνα.
436 975 552 1003 Συνιδὼν
574 976 620 1003 οὖν
642 977 656 1003 ὸ
683 976 809 1011 βασιλεὺς
826 977 936 1012 ἤγειρεν

144 1019 244 1052 ἄλλους
262 1021 374 1052 πινσοὺς
388 1021 435 1048 καὶ
451 1021 560 1054 ἐδέξατο
579 1022 624 1048 τὸν
639 1021 763 1057 τροῦλον,
785 1023 834 1050 καὶ
852 1022 937 1054 οὕτως

143 1067 260 1102 ἐκτίσθη
274 1067 392 1102 ὑψωθεὶς
410 1067 490 1095 πλέον
511 1067 600 1095 ιῐκοσι
626 1068 714 1095 ποδῶν
736 1069 776 1100 si;
801 1068 868 1104 ὕψος
888 1068 936 1096 τοῦ

144 1112 259 1147 πρώτου
275 1113 435 1148 κτίσματος.
457 1113 585 1149 Ἐποίησε
609 1113 638 1140 δὲ
664 1113 710 1140 καὶ
730 1113 794 1145 τοὺς
819 1112 872 1146 ἔξω
889 1112 936 1140 τοῦ

144 1158 208 1185 ναοῦ
240 1158 298 1194 (50)
313 1158 456 1186 κατέναντι
470 1159 524 1186 τῶν
545 1159 599 1186 ἔσω
612 1158 716 1186 πινσῶν
730 1159 785 1195 (51)
799 1159 937 1194 τέσσαρας

143 1203 260 1239 κοχλίας
280 1203 350 1240 (52),
366 1205 412 1238 οὒς
423 1204 478 1232 ἀπὸ
490 1205 541 1240 γῆς
553 1204 690 1240 φυτεύσας
703 1204 784 1241 μέχρι
798 1203 845 1231 τοῦ
859 1204 938 1240 τρού-

144 1249 188 1276 λου
218 1249 397 1284 ἀνεϐίϐασεν,
412 1250 530 1286 ἔρεισμα
552 1249 663 1282 τούτους
683 1249 738 1276 τῶν
761 1249 863 1284 ἀψίδων
881 1249 936 1285 (55)

144 1294 403 1330 κατεργασάμενος,
419 1295 486 1321 Τότε
513 1295 584 1321 ποιεῖ
600 1295 646 1322 καὶ
664 1295 714 1330 τὴν
732 1294 812 1329 ἁγίαν
834 1295 938 1330 τράπε-

145 1340 204 1375 ζαν,
215 1341 301 1376 ἔργον
312 1340 449 1377 ἀμίμητον
458 1347 466 1355 ·
479 1339 532 1367 ἀπό
547 1349 575 1367 τε
590 1340 645 1376 γὰρ
659 1340 772 1376 χρυσοῦ,
786 1339 834 1367 καὶ
848 1341 933 1378 ἀργύ-

145 1387 264 1422 pomata).
277 1386 352 1413 λίθου
361 1387 500 1420 παντοίου,
514 1386 562 1413 καὶ
571 1385 662 1418 ξύλου,
678 1387 725 1414 καὶ
735 1386 877 1422 μετάλλου,
891 1387 939 1414 καὶ

145 1432 236 1464 εἴδους
252 1433 344 1465 ἄλλου,
361 1433 411 1460 ὃσα
426 1433 500 1468 τεγῆ
519 1433 598 1468 φέρει
612 1433 660 1460 καὶ
671 1432 802 1465 θάλασσα,
820 1433 868 1460 καὶ
883 1435 938 1464 πᾶς

145 1480 159 1505 ὁ
172 1480 292 1515 κόσμος,
309 1480 341 1507 ὲκ
355 1479 464 1507 πάντων
484 1479 600 1511 συνάξας
614 1478 648 1505 τὰ
664 1478 714 1513 μὲν
730 1479 873 1514 κρείττονα
892 1480 940 1506 καὶ

145 1525 300 1560 τιμιώτερα
316 1525 438 1558 πλείονα,
475 1525 508 1552 τὰ
535 1525 562 1552 δὲ
589 1524 691 1552 ιλάττω
714 1525 880 1561 ἐνδεέστερα,
905 1525 940 1552 τὰ

983 283 1130 310 Antiochia
1155 292 1266 312 rursum
1290 289 1370 312 terra:
1388 289 1462 313 motu
1489 289 1532 315 est
1557 294 1702 315 concussa.
1717 287 1768 314 Ali

984 332 1088 363 quanto
1103 333 1162 362 post
1178 329 1319 357 stellarum
1341 329 1484 358 discursus
1500 330 1553 358 fuit
1567 339 1581 358 a
1596 339 1708 367 vespera
1728 340 1772 359 us«

983 380 1037 408 que
1053 373 1085 400 ad
1099 381 1238 408 auroram,
1252 375 1288 402 ita
1308 379 1338 403 ut
1363 383 1460 404 omnes
1487 378 1625 412 perterriti
1651 378 1775 406 dicerent

985 419 1080 447 stellas
1095 420 1234 450 decidere.
1251 420 1372 449 Fuerunt
1389 424 1472 451 etiam
1489 424 1590 458 passim
1622 424 1647 450 in
1671 425 1774 452 mundo

985 465 1076 500 populi
1093 466 1251 499 seditiones,
1265 467 1364 501 credes,
1376 469 1457 502 bella,
1476 470 1619 505 morbique
1634 474 1660 497 et
1673 476 1774 498 mortes

986 511 1111 539 homines
1143 519 1198 539 non
1226 513 1361 540 faciebant
1389 515 1500 542 missos.
1529 515 1679 543 Antiochiae
1709 521 1772 552 post

985 561 1067 585 terra:
1086 561 1190 585 motum
1203 559 1305 586 stridor
1317 560 1379 586 C(Bll
1400 560 1553 588 horrendus
1569 570 1649 596 supra
1666 563 1774 590 modum

985 603 1101 637 exstitit,
1118 604 1198 639 cujus
1218 608 1292 632 metu
1309 605 1386 633 multi
1406 607 1535 634 exstincti
1555 612 1629 635 sunt.

1021 693 1099 720 Anno
1113 693 1251 722 tricesTIno
1266 695 1387 723 secundo
1402 695 1483 723 trulla
1498 697 1586 731 magni
1601 698 1691 732 templi
1709 704 1776 726 can-

986 739 1138 766 tinentibus
1156 744 1234 767 terra:
1250 741 1371 768 motibus
1382 747 1511 777 perrupta
1519 743 1638 769 concidit
1649 762 1656 774 ,
1671 747 1698 770 et
1714 750 1776 778 pars

987 787 1131 814 orientalis
1153 786 1270 814 fornicis
1285 793 1388 815 sanctae
1402 795 1467 821 arte,
1493 790 1678 824 contrivitque
1700 791 1776 817 cibo-

987 835 1058 862 rium
1073 839 1100 862 et
1120 841 1228 862 sacram
1249 842 1372 862 mensam
1392 841 1419 862 et
1437 840 1607 870 suggestum.
1627 836 1655 863 Id
1680 837 1776 864 videns

988 880 1136 916 imperator
1158 881 1210 908 alia
1239 881 1386 916 pitmacula
1413 882 1513 916 erexit,
1533 882 1636 918 quibus
1665 883 1776 910 trullam

988 927 1137 962 exciperet.
1168 928 1262 962 ltaque
1291 928 1443 955 instaurata
1470 934 1533 962 est,
1565 929 1660 964 Viginti
1695 930 1778 965 pedes

987 974 1067 1000 altior
1079 973 1161 1010 677
1177 981 1259 1009 quam
1272 972 1363 1001 fuerat
1378 980 1452 1002 ante.
1469 975 1569 1002 Eduxit
1585 976 1667 1002 etiam
1684 983 1699 1002 a
1718 975 1778 1004 solo

988 1027 1075 1055 usque
1098 1020 1131 1047 ad
1159 1020 1268 1047 trullam
1290 1024 1410 1054 quatuor
1433 1020 1561 1049 cochleas
1591 1021 1618 1048 in
1641 1021 1778 1049 exteriore

988 1065 1081 1100 templi
1097 1069 1184 1100 parte,
1202 1073 1217 1092 e
1239 1066 1350 1100 regione
1364 1065 1537 1093 internarum
1556 1066 1777 1102 pinnaculorum,

987 1119 1049 1147 qua:
1073 1111 1192 1139 cochleae
1215 1111 1346 1139 fulcirent
1371 1112 1518 1140 fornicem.
1534 1111 1648 1140 Sacram
1666 1120 1778 1148 quoque

988 1165 1110 1185 mensam
1121 1163 1175 1185 tum
1187 1157 1261 1191 fecit,
1275 1165 1343 1193 opus
1355 1158 1506 1186 imitatione
1515 1158 1590 1186 nulla
1600 1159 1778 1195 aequandum.

988 1202 1136 1232 Constabat
1164 1211 1242 1237 auro,
1274 1209 1397 1241 argento.
1427 1205 1517 1233 omnis
1541 1207 1649 1241 generis
1678 1206 1778 1241 lapidi-

988 1248 1053 1282 bus,
1075 1249 1164 1285 lignis,
1182 1249 1313 1282 metallis,
1336 1251 1518 1286 omnibusque
1531 1251 1610 1280 rebus
1622 1260 1691 1288 quas
1706 1257 1779 1280 terra

989 1294 1043 1322 fert
1069 1299 1096 1322 et
1115 1303 1190 1323 mare
1212 1299 1240 1324 et
1262 1300 1336 1324 totus
1353 1297 1481 1325 mundus.
1499 1297 1538 1325 Ex
1559 1298 1634 1326 omni
1663 1300 1778 1327 materia

989 1340 1152 1375 pretiosiora
1184 1340 1287 1375 plura,
1318 1341 1415 1369 viliora
1450 1342 1580 1377 pauciora
1609 1343 1778 1378 collegerat;

990 1386 1157 1421 liquatisque
1170 1386 1205 1414 iis
1226 1394 1287 1422 quae
1306 1385 1406 1420 fluunt,
1434 1387 1508 1416 sicea
1533 1388 1588 1416 illis
1610 1389 1776 1421 immiserat,

993 1437 1076 1468 atque
1091 1433 1127 1459 ita
1143 1431 1257 1459 formam
1270 1439 1372 1460 mensa:
1385 1432 1547 1460 absolverat.
1563 1433 1658 1469 Itaque
1672 1435 1779 1461 varium

990 1477 1058 1504 illud
1077 1484 1147 1512 opus
1177 1477 1374 1504 contuentibus
1404 1482 1544 1513 stuporem
1569 1478 1719 1513 injiciebat.
1747 1480 1779 1506 lu

990 1525 1083 1552 orbem
1114 1523 1183 1551 hanc
1207 1523 1303 1551 habuit
1331 1524 1561 1559 inscriptionem:
1579 1524 1637 1552 Tua
1660 1525 1693 1553 de
1722 1525 1777 1553 tuis

145 1570 238 1604 τηκτὰ
253 1570 337 1605 τήξας
351 1571 384 1597 τὰ
400 1570 472 1605 ξηρὰ
486 1569 613 1602 ὲπέῦαλε,
630 1569 677 1596 καὶ
691 1569 778 1602 οὕτως
795 1571 834 1602 είς
853 1570 936 1597 τύπον

991 1571 1039 1598 tibi
1063 1569 1204 1598 oderit-tus
1231 1569 1303 1597 servi
1332 1569 1383 1603 tui,
1410 1571 1528 1603 Christe,
1558 1570 1730 1600 Justinianus
1753 1576 1780 1599 et

145 1615 263 1650 ἐπιχέας
278 1616 471 1652 ἀνεπλήρωσεν
489 1616 584 1652 αὐτὴν,
603 1615 664 1642 ὅθεν
687 1616 734 1643 καὶ
749 1617 859 1651 ποικίλη
875 1625 940 1651 epat-

147 1663 250 1696 νομένη
264 1662 369 1698 Θάμὸος
386 1663 501 1698 παρέχει
517 1663 573 1694 τοῖς
597 1662 636 1694 είς
660 1662 744 1698 αὐτὴν
760 1663 940 1696 ὰτενίζουσιν,

147 1707 307 1745 ἐπιγράψας
328 1707 452 1743 γύρωοεν
468 1707 564 1734 ταῦτα’
577 1706 616 1734 Τὰ
639 1707 675 1734 σὰ
701 1708 734 1734 ὲκ
758 1707 812 1735 τῶν
827 1707 882 1735 σῶν
899 1716 941 1734 σοι

147 1753 344 1790 προσφέρομεν
368 1754 392 1780 οὶ
419 1753 507 1781 δοῦλοί
534 1762 592 1787 σου,
617 1753 728 1789 Χριστὲ,
750 1754 938 1787 Ἰονστινιανδς

989 1616 1130 1645 Theodoro
1146 1624 1153 1643 :
1168 1623 1200 1643 ca
1214 1620 1242 1643 tu
1259 1616 1393 1651 propitius
1406 1617 1510 1653 accipe,
1521 1617 1570 1644 Fili
1588 1618 1633 1646 Dei
1649 1617 1779 1651 Verbum,

990 1661 1038 1697 qui
1051 1661 1138 1689 nostri
1152 1667 1236 1688 causa
1251 1668 1362 1688 carnem
1380 1661 1555 1695 assumpsisti
1571 1665 1598 1689 et
1621 1662 1698 1689 cruci
1722 1661 1779 1688 alli-

993 1715 1045 1736 xus
1060 1707 1160 1740 fuisti;
1175 1715 1206 1734 ac
1230 1715 1281 1734 nos
1297 1708 1322 1734 in
1345 1711 1419 1734 recta
1445 1707 1482 1734 tui
1504 1707 1557 1734 ﬁde
1577 1714 1729 1739 conserva;
1752 1711 1780 1733 et

991 1762 1072 1789 quam
1109 1754 1188 1780 nobis
1222 1753 1386 1780 commisisti
1425 1753 1635 1788 rempublicam,
1661 1760 1721 1780 eam
1745 1752 1779 1779 ad

724 1855 901 1884 XYLANDRI
920 1856 966 1885 ET
984 1855 1088 1885 GOARI
1104 1854 1219 1883 NOTIE.

182 1927 243 1962 (47)
259 1926 330 1955 Puto
344 1934 406 1954 eum
424 1933 533 1962 vocare,
554 1933 616 1954 cum
634 1925 752 1962 populus
767 1930 867 1962 cantra
881 1933 940 1962 ma.

148 1961 294 1998 gistratum
305 1961 433 1998 insurgit.
456 1961 553 1988 Notum
566 1966 608 1998 est
623 1961 724 1998 dictum
749 1961 808 1995 ejus
829 1962 875 1995 qui
891 1961 939 1998 de-

151 1995 311 2024 inocratiam
328 1995 452 2024 suadenti
467 1996 617 2031 respondit.
633 1995 706 2022 domi
725 2003 782 2023 suae
800 2003 863 2023 eum
889 1996 937 2023 dm

150 2033 215 2059 bere
235 2039 294 2059 eam
311 2031 466 2062 instituere,
494 2033 516 2059 si
527 2039 587 2058 eam
601 2031 715 2057 formam
739 2038 803 2057 vere
827 2031 935 2065 probet.

150 2067 256 2095 Xu..——
276 2066 397 2093 Portium
428 2072 456 2094 et
484 2066 639 2100 factionum.
660 2066 693 2092 de
715 2065 816 2100 quibus
840 2073 935 2100 supra,

150 2110 211 2130 sese
231 2106 326 2129 mutuo
342 2103 541 2129 incursantium
555 2105 582 2128 et
596 2100 822 2128 tumultuantium
839 2101 935 2128 credes.

149 2137 238 2165 (lout.

185 2172 243 2206 (48)
261 2171 353 2201 Forte.
368 2179 429 2198 cum
442 2170 614 2198 Justinianus
629 2171 656 2196 in
674 2177 707 2198 eo
728 2174 801 2198 esset
816 2174 846 2197 ut
870 2171 939 2198 trul-

150 2207 205 2234 lutn
227 2206 478 2234 reliceret.th..-—-
492 2206 619 2233 Absoluta
636 2206 695 2240 jam
714 2210 791 2240 atque
815 2206 938 2239 picturis,

149 2242 288 2269 cwlaturis
307 2246 331 2268 et
354 2249 430 2274 opere
442 2240 563 2268 tesselan
574 2241 685 2275 perfecte
697 2245 824 2267 exornata
840 2241 931 2273 trulla,

993 1926 1069 1954 stella
1101 1925 1212 1961 quadra?
1239 1925 1399 1960 grandiores
1427 1927 1650 1961 concameratum
1676 1929 1779 1953 tectum

993 1961 1192 1989 sttii'ulcientes.
1221 1961 1303 1987 Casui
1338 1967 1392 1987 non
1416 1961 1534 1988 absimili
1555 1960 1729 1989 imnediendo
1751 1962 1778 1988 in

993 1996 1022 2023 S.
1038 1996 1118 2023 domo
1138 1995 1300 2024 Lauretana.
1318 2003 1399 2030 quam
1417 1996 1568 2030 reparando
1583 1995 1620 2022 illi
1638 1997 1684 2030 qui
1701 1996 1780 2030 Cpoli

989 2031 1098 2065 obtigit,
1113 2039 1205 2058 ettram
1222 2030 1509 2058 udhibitamdescribit
1528 2030 1689 2058 Turselinus
1709 2032 1781 2058 Lou-

987 2071 1088 2093 retana:
1101 2066 1223 2093 historiae
1244 2066 1260 2092 l.
1278 2074 1316 2093 ill.
1330 2073 1354 2092 c.
1374 2066 1389 2092 7
1408 2073 1414 2091 :
1431 2065 1558 2092 Basilica!
1574 2067 1677 2092 testudo
1695 2066 1778 2101 (trul-

987 2101 1041 2133 lus)
1056 2101 1145 2128 stubat
1161 2106 1218 2127 octo
1239 2101 1367 2127 latericiis
1383 2101 1477 2127 innixa
1497 2101 1572 2134 pilis.
1590 2101 1713 2128 Attamen
1727 2103 1780 2128 sive

987 2140 1228 2170 superstructorum
1246 2137 1377 2169 parietum
1403 2135 1557 2167 altitudine.
1569 2137 1620 2163 sive
1628 2137 1711 2163 nimio
1727 2137 1780 2162 im-

988 2172 1068 2205 positi
1082 2171 1183 2205 plumbi
1194 2171 1307 2204 pandere
1321 2173 1490 2206 degravaute,
1516 2174 1684 2198 succumbere
1707 2172 1780 2198 oneri

989 2210 1015 2233 et
1029 2207 1111 2233 rimas
1127 2214 1203 2240 agere
1231 2211 1333 2240 repente
1348 2207 1436 2241 carpit,
1452 2214 1517 2233 novo
1537 2206 1610 2233 cella:
1626 2212 1780 2233 ornamento

984 2241 1106 2276 cellaeque
1115 2241 1317 2268 cuiimminebat
1328 2241 1425 2275 [textam
1438 2242 1542 2268 ruinam
1555 2242 1681 2268 minitans
1690 2244 1780 2276 (sacra

149 2263 215 2311 ἷιῗιὲἕ
221 2263 827 2310 iiiié'rﬁées'éﬁi{siff'IBWBEé'QEStBE'Aiii'i
840 2263 931 2311 gari:
948 2263 971 2291 ι)
985 2263 1106 2303 Ἔὲὶᾗῖἕῦ
1112 2263 1316 2309 ιῗίἶιᾎῖὅξῖιῖ
1324 2263 1542 2304 ἂῑῗὶέἷιὶίῖιῖίῶὶῖ
1553 2263 1778 2311 ἔέἑίὶἰζέιῖῥῇὶξίῖ

150 2317 226 2341 nant.
242 2311 328 2338 Goan.

185 2347 242 2408 (‘9‘)
258 2347 366 2387 Trullus
381 2349 498 2381 quatuor
512 2345 649 2373 columnis
672 2345 705 2372 ad
721 2345 816 2387 altaris
828 2346 941 2382 angulos

185 2391 211 2408 is
241 2383 333 2408 ultus.
361 2380 483 2408 illudque
506 2384 602 2408 tegens
627 2385 653 2407 et
673 2380 817 2408 ambiens.
844 2381 941 2408 uitales

151 2380 211 2410 sitis
229 2380 333 2415 fultus,
361 2380 483 2415 illudque
506 2384 653 2416 tegens_et
673 2380 796 2408 ambiens
809 2401 817 2414 ,
844 2380 941 2416 quales

152 2413 445 2452 plerumque'veteres
462 2413 584 2452 ecclesiae
605 2413 735 2452 Romanae
762 2413 859 2452 adhuc
880 2424 941 2452 ser-

154 2449 225 2485 iant,
242 2449 372 2487 κιϐώριον
399 2455 452 2487 est.
467 2450 621 2487 Germanus
634 2449 660 2477 in
677 2449 856 2486 Mystagogia,
880 2450 940 2487 ,ϐο-

151 2488 232 2515 diuus
245 2488 278 2522 de
292 2485 394 2522 templo
417 2485 588 2522 S.rsoplti:e.
616 2490 644 2522 et
661 2493 710 2513 nos
734 2493 771 2522 ex
796 2485 837 2513 eis
853 2486 940 2522 plura

152 2494 232 2515 uinus
245 2494 278 2514 ac
292 2494 394 2522 tempto
417 2494 447 2514 δ.
469 2494 588 2520 bopnne.
616 2494 644 2513 et
661 2494 710 2513 nos
738 2494 771 2513 ex
796 2494 837 2513 ets
847 2494 936 2548 datura

152 2523 222 2550 circa
238 2521 394 2549 Gnecarum
409 2521 588 2548 ecclesiarum
609 2520 834 2550 descriptionem.
872 2529 936 2549 om.

188 2557 243 2593 (50)
264 2557 378 2592 Reliqua
396 2556 479 2593 etiam
498 2555 606 2593 reliqui,
619 2563 653 2583 ne
665 2555 730 2593 milii
743 2561 770 2584 et
784 2556 847 2593 aliis
862 2558 939 2584 nullo

154 2590 241 2620 fructu
258 2590 348 2620 essent
375 2592 515 2619 molestus.
547 2590 662 2623 Πίνσους
689 2591 837 2625 piunaeula
859 2593 938 2619 verti.

154 2627 227 2661 Apud
243 2627 356 2655 Suidam
372 2631 424 2657 est,
442 2626 521 2657 πισὺς
536 2626 584 2653 καὶ
599 2626 704 2658 πινσδς,
720 2626 803 2657 πεσὸς
814 2627 844 2653 δὲ
861 2627 938 2661 παρὰ

155 2663 307 2698 Ιιροκοπὶῳ,
323 2662 362 2689 Ex
391 2661 496 2688 Zonara
525 2669 592 2690 sane
605 2661 789 2698 liquet,rcum
809 2669 937 2698 magnum

155 2697 330 2732 templumab
354 2698 517 2730 imperatore
533 2701 605 2732 esset
625 2697 681 2731 jam
696 2697 851 2723 absolutum
871 2697 936 2731 (huc

155 2731 261 2768 respicit
293 2740 345 2760 vox
368 2731 621 2767 φιλοκαλουμένου),
648 2738 742 2758 casum
774 2732 848 2758 hunc
872 2738 936 2759 eve-

155 2767 233 2795 nisSe.
247 2768 315 2795 Χη.

187 2803 242 2838 (5|)
268 2804 291 2829 Α
312 2802 378 2837 piris
401 2807 428 2829 et
455 2801 638 2836 leguminibus
669 2801 784 2838 ridicule
818 2801 935 2838 lectores

156 2836 226 2865 arcet
240 2836 385 2871 Meursius,
403 2838 448 2864 ubi
467 2844 514 2871 pro
530 2843 596 2864 voce
623 2836 716 2867 πινσὸς
731 2837 836 2870 pinsum
853 2840 880 2863 et
894 2837 935 2871 pi-

157 2880 209 2908 sum
234 2873 352 2908 reponit.
383 2873 487 2900 lnsulse
511 2879 618 2908 quoque
644 2872 787 2908 pinnacula
815 2871 934 2908 reddidit

159 2906 299 2940 Xylandér,
316 2915 376 2943 quae
390 2907 576 2935 sustentacula
593 2911 668 2939 sunt,
688 2906 748 2940 pila:
762 2907 890 2935 nimirum
906 2911 933 2934 et

995 2315 1052 2346 tum
1064 2312 1150 2338 altare
1166 2317 1289 2339 erectum
1304 2317 1375 2342 erat,
1393 2311 1482 2338 locata
1500 2310 1563 2346 est).
1581 2311 1650 2339 llinc
1669 2310 1779 2346 quihus-

993 2345 1220 2382 daminterjectis
1237 2355 1244 2372 :
1264 2347 1401 2381 confestim
1425 2347 1457 2374 de
1483 2345 1617 2374 cominuni
1650 2345 1778 2374 sententia

994 2380 1150 2417 (Sangallus
1175 2380 1341 2409 architectus
1362 2389 1425 2409 cum
1457 2381 1586 2416 Nerueio)
1608 2381 1676 2414 pilas
1705 2387 1779 2408 tanta

993 2416 1065 2444 aneri
1089 2417 1202 2450 impares
1229 2417 1368 2443 intentiore
1395 2425 1460 2443 cura
1479 2417 1583 2444 munire
1609 2425 1640 2443 ac
1671 2416 1780 2450 ﬁrmare

992 2452 1155 2486 aggreditur.
1175 2451 1262 2486 Igitur
1276 2452 1373 2478 validis
1385 2452 1504 2480 trabibus
1520 2451 1677 2479 testudinem
1694 2452 1780 2486 prati-

992 2494 1041 2513 nus
1069 2487 1157 2522 fulcit,
1172 2492 1196 2514 et
1215 2489 1314 2513 circum
1338 2487 1443 2521 effossis
1467 2492 1574 2514 strenue
1599 2486 1779 2521 fundamentis

990 2522 1060 2556 pilas
1087 2523 1196 2556 impigre
1213 2523 1338 2549 convertit
1368 2522 1500 2556 quadrato
1525 2523 1623 2557 lapide,
1638 2523 1779 2557 ﬁrmatque

990 2562 1105 2591 quatuor
1137 2558 1205 2584 inter
1225 2557 1341 2584 alternas
1353 2558 1422 2591 pilas
1438 2557 1553 2584 arcubus
1569 2558 1714 2584 minoribus
1730 2565 1780 2583 etc--

989 2593 1108 2625 structis,
1125 2594 1169 2626 qui
1194 2593 1393 2627 superimpoailo
1412 2593 1485 2620 oneri
1513 2592 1598 2626 forent
1621 2593 1699 2620 satis.
1717 2591 1780 2620 Uno

991 2628 1075 2663 verba
1092 2632 1189 2654 auctor
1213 2631 1307 2655 noster
1335 2628 1446 2663 ἤγειρεν
1460 2627 1557 2660 ἄλλους
1586 2628 1701 2659 πινσοὺς
1731 2627 1780 2655 καὶ

989 2661 1099 2694 ἐδέξατο
1117 2663 1163 2688 τὸν
1179 2663 1301 2696 τροῦλον.
1319 2661 1405 2690 Gem;

1028 2697 1086 2732 (59.)
1101 2697 1208 2725 Gradus
1225 2698 1335 2724 rotundi
1352 2706 1399 2733 per
1412 2705 1508 2732 gyrum
1525 2698 1551 2724 in
1566 2698 1649 2725 altum
1664 2697 1780 2726 tenden-

989 2737 1040 2764 tes,
1055 2740 1170 2766 quornut
1183 2733 1302 2760 exterior
1315 2738 1452 2760 structura
1470 2733 1538 2768 pilas
1549 2733 1692 2761 interiores
1702 2741 1778 2760 conl-

987 2768 1127 2794 muuiebat
1138 2772 1164 2795 et
1181 2769 1291 2794 trullum
1307 2767 1501 2798 subfulciebzit.
1518 2767 1602 2796 Com.

1023 2802 1078 2838 (55)
1097 2802 1221 2835 Quatuor
1241 2803 1369 2830 nimirum
1386 2811 1500 2830 arcuum
1517 2807 1638 2838 quatuor
1651 2802 1720 2838 pilas
1738 2802 1777 2828 si-

986 2837 1044 2864 mul
1068 2838 1290 2865 connectentium
1324 2843 1352 2866 et
1387 2837 1580 2865 concamerata
1617 2838 1691 2864 tholo
1719 2838 1778 2864 sive

986 2872 1080 2908 trullo,
1099 2873 1132 2901 ad
1143 2880 1205 2901 eum
1223 2873 1436 2909 excipiendum,
1455 2874 1669 2909 suppositarum.
1689 2870 1777 2899 (ἕποιο.
