2008 3149
119 159 169 190 τὲἧ

645 154 915 184 IIISTURIARUM
935 153 1197 185 COMPENDIUM.

1695 151 1749 184 ’ῖίθ

120 215 261 252 μαγίστρῳ
283 212 489 251 παραγενέσθαι
508 211 831 248 δικαιολογηθησόμενον.
849 212 907 248 Τῆς

969 213 1102 241 Iicendam
1119 219 1232 242 causam
1244 211 1350 240 venire.
1376 211 1444 240 Cum
1460 219 1521 240 eam
1538 212 1672 248 magister
1686 220 1749 241 ver-

119 264 145 290 se
154 261 326 297 ἀπελθούσης
339 261 389 288 καλ
403 260 504 296 μᾶλλον
519 258 678 295 τυφθείσης,
694 259 743 286 ενα
753 259 809 286 τῶν
822 259 906 286 αὑτοῦ

119 308 285 345 κουρσὼρων
301 309 315 335 ὁ
327 308 450 342 ἔπαρχος
463 306 532 342 πρὸς
553 306 599 333 τδν
618 305 768 341 μάγιστρον
782 305 889 341 ἔπεμψε
898 313 908 324 ι

119 356 245 382 κάκεῖνον
271 353 530 389 παραλογισάμενος
560 352 755 387 ἀπεπέμψατο.
790 351 846 378 Τοῦ
879 350 909 378 δὲ

117 401 237 437 ἐπάρχου
257 401 287 427 ἐν
300 400 340 436 τῷ
358 398 464 435 ίππικῷ
482 399 529 426 τὸν
552 398 703 434 μάγιστρον
718 398 909 434 ἐκδεχομένου,

117 447 198 474 αὐτοῦ
214 455 246 473 τε
261 445 310 473 τοῦ
325 446 477 482 μαγίστρου
490 444 635 480 κληθέντος
649 444 689 476 είς
701 444 751 480 τὴν
765 444 909 480 βασιλικὴν

117 493 250 525 ἐπίασιν,
264 490 330 528 ἦλθε
348 492 396 519 καὶ
408 493 422 519 ὁ
435 491 558 527 ἔπαρχος
571 490 641 526 πρὸς
657 490 703 517 τὸν
721 490 845 526 βασιλέα,
861 489 909 517 καί

116 549 185 575 φησι
200 540 270 575 πρὸς
285 539 368 566 αὐτόν
381 547 388 554 ·
414 538 445 565 Et
465 538 515 573 μὲν
526 537 544 565 ἃ
558 536 728 572 προσέταξάς
744 545 801 572 μοι,
822 534 845 564 ὦ
859 536 909 572 βα-

117 585 205 618 σιλεῦ,
227 585 384 620 φυλάττεις,
401 583 447 611 τοῦ
465 584 503 619 μὴ
521 583 660 618 φείδεσθαι
676 583 732 609 τῶν
747 583 812 614 τοὺς
836 591 911 609 πτω-

117 632 182 667 χοῦς
213 630 389 662 ἀδικούντων,
415 629 501 663 γνῶθι
529 637 563 664 με
588 628 743 655 τελειοῦντα
769 627 817 663 τὴν
840 627 909 663 ἐμὴν

116 678 277 713 ὑπόσχεσιν.
305 677 338 703 Et
373 677 402 703 δὲ
433 675 655 711 μεταμελόμενος
685 674 780 709 φίλους
810 674 910 710 μᾶλλον

117 724 223 758 σεαυτῷ
239 724 326 754 ποιεῖς
340 722 389 749 καὶ⁹
403 722 556 758 συνεστιᾷς,
571 721 658 756 γνῶθι
673 721 746 756 κάμὲ
762 720 911 755 παραιτού-

116 778 210 805 μενον.
232 769 287 795 Kal.
304 769 319 795 ό
335 769 462 804 βασιλεύς
475 776 482 784 ο
500 769 531 795 Εἰ
547 767 602 801 ἐγώ
619 767 677 802 εἰμι
699 768 713 794 ὁ
739 766 851 798 ἀδικῶν,
867 766 911 799 ἐξ·

116 815 273 850 ανάστησόν
292 823 327 850 με
341 814 390 841 τοῦ
407 814 515 850 θρόνου.
537 814 567 841 '0
586 814 614 840 δὲ
635 812 735 840 αὐτίκα
757 813 804 839 τὸν
828 812 911 848 μαγι-

117 870 198 897 στρον
215 860 310 897 βιαίως
325 861 394 897 ἄρας
419 861 449 887 ὲν
467 861 500 895 τῇ
516 861 652 895 λεγομένῃ
676 859 772 894 Χαλκῇ
787 858 905 894 παρεγέ-

962 259 1077 288 beribns
1091 260 1163 287 male
1195 258 1340 286 multatam
1357 258 1520 291 remisisset,
1545 259 1628 286 mittit
1653 259 1749 294 praefe-

962 311 1024 334 ctus
1036 306 1069 333 ad
1087 313 1149 333 eum
1164 305 1198 333 de
1214 305 1377 333 cursoribus
1395 305 1453 333 suis
1464 313 1548 332 unum
1562 313 1569 332 :
1589 306 1663 333 hunc
1681 313 1751 341 quo-

961 358 1015 385 que
1029 350 1052 378 is
1068 350 1160 378 verbis
1175 349 1301 378 delusum
1324 349 1439 377 dimisit.
1468 349 1579 377 Interim
1600 349 1666 377 dum
1682 358 1749 386 prte-

961 398 1051 426 t'ectus
1065 397 1092 424 in
1110 396 1192 425 Circo
1207 396 1284 424 sedet
1297 397 1515 439 magistrumque
1529 397 1683 432 opperitur,
1706 397 1751 425 hic

962 444 996 471 a-l
1011 443 1169 472 convivium
1197 443 1231 471 ab
1260 443 1428 479 imperatore
1445 448 1570 471 vocatur.
1600 443 1699 471 Eodem
1721 452 1750 472 se

962 490 1110 525 praefectus
1127 496 1237 525 quoque
1252 489 1370 522 confert,
1381 489 1474 524 aitque
1485 490 1659 525 imperatori:
1674 489 1701 517 Si
1721 490 1750 517 in

961 544 1006 570 eo,
1024 536 1184 571 imperator,
1199 535 1344 570 persistis,
1363 535 1436 570 quod
1463 535 1530 563 mihi
1548 536 1694 569 mandasti,
1717 544 1751 563 ne

962 583 1006 611 cui
1026 590 1125 610 eorum
1142 583 1188 618 qui
1202 590 1338 617 pauperes
1356 582 1519 610 concutiunt
1536 591 1660 618 parcam,
1681 584 1751 611 scito

962 636 1006 656 me
1022 628 1166 663 promissis
1187 628 1256 655 meis
1278 628 1499 655 satisfacturum.
1517 627 1564 656 Sin
1578 636 1626 657 eos
1644 632 1673 656 tu
1693 637 1752 664 pm-

963 674 1079 702 nitentia
1096 674 1197 703 ductus
1214 674 1318 702 atnicos
1334 675 1426 709 potius
1453 675 1537 703 habes
1561 679 1588 702 et
1615 675 1751 704 conviviis

963 721 1088 752 adhibes,
1103 721 1176 749 scias
1189 728 1234 749 me
1248 728 1359 756 quoque
1375 721 1529 749 detrectare
1547 729 1578 748 ea
1593 728 1654 756 quae
1664 721 1691 748 in
1709 729 1752 749 me

963 767 1064 803 recepi.
1078 767 1248 803 Imperatore
1271 767 1454 802 respondente
1469 767 1506 795 uti
1523 767 1644 802 seipsum
1662 768 1752 802 potius

963 812 1034 839 solio
1057 812 1224 845 detraheret,
1254 813 1276 840 si
1294 818 1399 840 sontem
1427 813 1488 840 talis
1511 813 1637 840 criminis
1658 814 1752 846 sciret,

963 857 1109 892 praefectus
1124 857 1198 885 illico
1212 858 1374 893 magistrum
1387 858 1412 884 vi
1426 858 1557 892 abripuit,
1568 862 1595 886 et
1608 859 1635 885 in
1648 859 1754 886 curiam

117 916 188 939 νετο,
217 907 266 934 καὶ
292 906 579 942 ἁκριϐολογησάμενος
600 906 635 933 τὰ
657 907 723 941 παρ’
748 905 912 940 ἀμφοτέρων

969 910 1024 938 quae
1048 903 1132 931 AErea
1158 903 1261 931 dicitur
1289 911 1351 931 cum
1378 911 1411 930 eo
1443 903 1520 931 abiit.
1551 903 1587 931 lbi
1610 904 1755 940 diligenter

117 954 263 989 λεγόμενα,
289 953 339 980 καὶ
365 953 447 987 γνοὺς
462 952 501 984 ὡς
525 952 556 979 οὐ
578 951 685 987 μικρῶς
709 951 826 987 ἠδικήθη
845 951 912 987 παρ’

119 999 202 1027 αὑτοῦ
214 1001 231 1035 ἠ
248 999 329 1034 γυνὴ,
338 998 426 1032 τύψας
441 998 539 1030 αὐτὸν,
552 998 599 1024 καὶ
609 998 658 1033 τὴν
668 997 790 1033 κεφαλὴν
806 997 912 1033 κείρας,

120 1045 176 1076 καὶ,
189 1045 294 1080 γυμνὸν
311 1045 364 1079 δνῳ
388 1043 552 1075 ἐπικαθίσας
571 1044 616 1071 διὰ
632 1043 718 1079 μέσης
738 1044 787 1079 τῆς
807 1043 913 1075 πόλεως

121 1091 316 1126 ἐθριάμϐευσε,
335 1089 397 1122 δοὺς
410 1091 444 1126 τῇ
459 1091 571 1124 γυναικὶ
585 1091 675 1117 πᾶσαν
687 1091 737 1125 τὴν
753 1089 912 1125 περιουσίαν

123 1137 238 1164 ἐκείνου.
251 1137 307 1164 Καὶ
321 1137 354 1163 ἐκ
372 1136 469 1163 τούτου
483 1136 585 1168 πάντες
608 1136 849 1171 ὲσωφρονίσθησαν
865 1135 913 1162 καὶ

123 1184 190 1217 πρὸς
206 1183 339 1218 ἀλλήλους
354 1182 532 1218 πολυτρόπως
551 1183 723 1218 εἰρήνευσαν,
739 1183 777 1214 ὼς
793 1183 874 1217 μέχρι
890 1179 912 1208 λ’

123 1229 236 1266 ἡμερῶν
250 1229 288 1265 μὴ
301 1229 478 1265 εὑρίσκεσθαι
491 1228 688 1264 ὲγκαλοῦνταῆ
701 1228 911 1263 ἐγκαλούμενον.

124 1276 176 1303 Kal.
191 1276 206 1301 ὁ
222 1275 342 1311 έπαρχος
355 1275 408 1310 εφη
422 1275 461 1310 τῷ
478 1274 596 1310 βασιλεῖ·
615 1275 683 1307 Νῦν,
697 1274 825 1306 δέσποτα,
844 1273 913 1307 ὅπερ

125 1320 284 1356 ὑπεσχόμην
295 1319 453 1347 ὲτελείωσα.
468 1319 521 1346 Τοῦ
535 1320 563 1346 δὲ
581 1319 715 1355 βασιλέως
725 1318 913 1354 προελθόντος,

124 1367 159 1397 ὡς
174 1367 261 1397 οὐδεὶς
281 1364 317 1402 ἦν
329 1367 344 1392 ὁ
355 1365 490 1400 ἐγκαλῶν,
509 1365 684 1400 ὑποστρέψας
703 1364 846 1399 πατρίκιον
862 1363 913 1389 αι’)-

123 1411 167 1438 τδν
187 1411 301 1445 ἐποίησε
325 1410 372 1438 καὶ
390 1410 514 1446 ὕπαρχον
537 1409 619 1438 αὑτὸν
644 1410 726 1445 μέχρι
746 1409 841 1439 τέλους
863 1406 914 1440 τῆς

124 1458 195 1491 ζωῆς
210 1457 306 1485 αὑτοῦ.

163 1549 226 1576 Ἐπὶ
243 1548 293 1584 τῆς
316 1548 456 1584 βασιλείας
477 1549 573 1576 τούτου
595 1548 742 1585 Ὀρμισδας
762 1550 912 1583 ἐπίσκοπος

128 1594 240 1630 Ῥώμης
261 1594 425 1622 καταλαϐὼν
451 1595 502 1631 τὴν
524 1595 826 1628 Κωνσταντινούπολιν,
855 1597 913 1631 ἅμα

121 1639 263 1671 πλείστοις
275 1640 447 1672 ἐπισκόποις,
459 1641 523 1672 τοὺς
536 1640 750 1676 ἀνθισταμένους
765 1642 797 1676 τῇ
813 1641 915 1677 συνόδῳ

122 1685 297 1721 Χαλκηδόνος
323 1686 446 1721 καθῆρεν
473 1685 595 1721 Σεὸἦρον
622 1686 667 1713 τὸν
689 1686 854 1722 Ἀντιοχείας
871 1687 915 1724 [Ρ.

121 1731 189 1768 590]
204 1732 252 1758 καὶ
275 1731 426 1764 Φιλόξενον,
446 1731 648 1766 βεὸαιώσαντες
670 1732 719 1767 τὴν
747 1731 831 1768 αὐτὴν
851 1732 915 1759 σύν-

121 1777 194 1808 οδσν,
206 1777 254 1804 καὶ
269 1776 399 1811 περὶτῶν
416 1777 462 1804 δύο
476 1777 586 1812 φύσεων
602 1777 650 1804 τοῦ
673 1777 792 1812 Χριστοῦ
805 1779 841 1806 τὰ
858 1779 916 1805 Κυ-

123 1822 217 1858 ρίλλου
233 1822 438 1860 Ἀλεξανδρείας
450 1822 615 1857 προσθέντες
629 1823 750 1859 ῥήματα·
770 1823 798 1850 '0
812 1824 916 1860 στατὴρ

120 1869 136 1895 ὀ
153 1868 262 1903 νοητὸς,
292 1868 323 1895 τὺ
344 1868 467 1904 νόμισμα
486 1867 516 1895 τὸ
539 1868 691 1904 βασιλικὸν,
717 1869 732 1895 ό
754 1870 784 1895 ὲν
809 1870 916 1904 ἑνότητι

122 1913 227 1945 ἁπλοῦς
235 1914 380 1950 χαρακτὴρ
393 1914 510 1950 Χριστὸς
522 1915 618 1941 ἑαυτὸν
627 1915 698 1950 ὑπὲρ
708 1915 816 1942 πάντων
830 1924 915 1950 προσ-

122 1960 274 1994 κεκόμικεν
297 1960 338 1992 εις
365 1960 494 1987 ἁπάντων
521 1960 594 1994 ζωῆς
617 1960 786 1996 ἀντίλυτρον.
811 1960 864 1987 Δύο
887 1961 916 1988 δὲ

124 2005 222 2040 φύσεις
240 2006 366 2040 λέγοντες
380 2006 430 2041 τὴν
447 2007 581 2042 διαφορὰν
594 2005 765 2041 σημαίνομεν
781 2006 832 2042 τῆς
848 2015 915 2042 σαρ-

123 2053 173 2083 κὸς
185 2052 234 2079 καὶ
246 2052 293 2080 τοῦ
305 2052 392 2087 Λάγου
405 2053 448 2080 διὰ
458 2053 488 2079 τδ
500 2051 663 2088 ἀσύγχυτον.
686 2052 718 2079 Ἦ
733 2053 787 2088 γὰρ
797 2053 917 2088 σύγκρα⁴

124 2106 168 2129 σις
184 2098 338 2133 ἀφανισμὸν
354 2098 409 2125 τῶν
427 2098 475 2125 δύο
496 2098 604 2133 φύσεων
618 2099 818 2135 ἀπεργάζεται.
843 2100 874 2125 'H
888 2099 916 2126 δὲ

123 2144 247 2179 agmen;
267 2143 364 2176 ἓνωσις
378 2143 583 2180 ὁμολογουμένη
607 2144 655 2170 καὶ
678 2144 849 2179 ἀσυγχύτους
867 2153 918 2179 φυ-

123 2188 280 2220 λὰτ-τειτὰς
300 2189 408 2224 φύσεις,
432 2190 480 2216 καὶ
497 2189 545 2216 ἕνα
559 2189 687 2216 ἀποτελεῖ
709 2190 739 2222 ἐξ
755 2191 858 2226 ἀμφοῖν
873 2191 918 2224 όφ-

965 950 1108 984 ntriusque
1124 957 1253 978 sermone
1267 950 1452 982 considerato,
1471 958 1532 977 cum
1549 951 1622 979 haud
1637 952 1754 980 levibus

965 995 1074 1030 injuriis
1101 996 1136 1023 ab
1164 1004 1197 1023 eo
1226 995 1351 1023 affectam
1380 995 1523 1024 mulierem
1557 999 1753 1033 comperisset,

967 1041 1125 1068 verberibus
1143 1041 1281 1075 impositis
1297 1041 1402 1068 homini
1414 1047 1496 1076 caput
1515 1043 1593 1073 rasit,
1619 1044 1754 1079 asiuoque

965 1087 1067 1114 nudutn
1093 1087 1251 1122 impositum
1279 1095 1328 1122 per
1356 1087 1474 1115 mediam
1500 1089 1593 1115 urbem
1614 1089 1696 1117 veluti
1726 1090 1753 1117 in

964 1132 1107 1168 triumpho
1123 1133 1213 1166 duxit,
1238 1137 1264 1160 et
1281 1140 1378 1161 omnes
1404 1134 1464 1169 ejus
1481 1141 1547 1169 opes
1571 1135 1681 1162 mulieri
1703 1134 1753 1162 ad-

965 1178 1045 1206 dixit.
1063 1178 1120 1206 Hoc
1135 1181 1291 1214 exemplum
1313 1180 1435 1215 reliquos
1455 1181 1492 1207 ita
1508 1181 1534 1207 in
1549 1181 1620 1208 viam
1638 1181 1753 1216 redegit,

966 1231 996 1252 ut
1020 1225 1124 1260 ubique
1149 1226 1231 1261 683
1248 1234 1354 1253 summa
1373 1227 1399 1253 in
1415 1234 1482 1262 pace
1498 1227 1647 1259 viveretur,
1672 1233 1754 1262 atque

966 1271 1039 1298 intra
1054 1271 1089 1298 50
1103 1271 1174 1298 diem
1196 1279 1285 1306 neque
1302 1276 1379 1298 actor
1398 1272 1471 1300 ullus
1488 1276 1561 1300 esset
1582 1280 1670 1307 neque
1691 1281 1754 1301 retts

966 1316 1140 1351 iujuriarum.
1156 1316 1224 1344 Tum
1239 1318 1385 1352 praefectus
1400 1318 1560 1353 imperatori
1577 1319 1712 1353 signiﬁcat
1724 1327 1755 1346 se

966 1363 1103 1398 promissa
1130 1363 1303 1398 implevisse;
1336 1370 1363 1392 et
1389 1364 1538 1399 imperator
1564 1365 1591 1393 in
1615 1365 1753 1401 publicum

966 1416 1141 1444 progressus,
1161 1418 1223 1437 cum
1240 1410 1316 1437 nulla
1333 1411 1445 1445 querela
1457 1411 1610 1444 audiretur,
1626 1420 1754 1441 reversus

966 1455 1082 1495 patricia
1094 1456 1227 1491 dignitate
1240 1464 1302 1483 eum
1320 1461 1401 1484 ornat
1423 1461 1450 1485 et
1470 1465 1519 1493 per
1540 1466 1651 1486 onmem
1669 1459 1753 1486 vitam

966 1502 1123 1536 praefectum
1139 1502 1214 1530 urbis
1225 1509 1286 1530 esse
1296 1502 1381 1536 jubet.

1000 1547 1110 1575 Justino
1127 1548 1291 1583 imperante,
1309 1549 1472 1579 iiorntisdas
1497 1549 1591 1579 Romae
1608 1552 1753 1587 episcopus

967 1594 1064 1629 Cpolin
1080 1602 1142 1622 cum
1162 1595 1288 1629 plurimis
1310 1596 1449 1632 episcopis
1472 1597 1612 1632 prolectus
1625 1597 1756 1626 adversa-

967 1641 1024 1668 rios
1037 1639 1272 1669 Chalcedonensis
1285 1642 1394 1669 concilii
1410 1643 1532 1676 damnat,
1550 1643 1680 1670 Severum
1699 1645 1757 1671 An-

967 1686 1137 1714 tiochensem
1149 1691 1176 1715 et
1191 1686 1390 1722 Philoxenum;
1416 1695 1562 1724 ratumque
1582 1697 1643 1717 esse
1658 1690 1757 1725 jubent

968 1732 1034 1760 illud
1057 1733 1205 1760 concilium
1217 1753 1224 1766 ,
1249 1741 1281 1761 ac
1297 1733 1332 1761 de
1348 1734 1456 1762 duabus
1473 1734 1499 1761 in
1518 1735 1631 1763 Christo
1650 1737 1757 1764 naturis

968 1779 1024 1806 haec
1041 1779 1134 1814 Cyrilli
1160 1779 1338 1808 Alexandreae
1365 1780 1488 1816 epiScopi
1517 1781 1622 1808 addunt
1653 1782 1756 1809 verba:

967 1825 1058 1851 Stater
1085 1824 1132 1859 qui
1162 1829 1254 1853 mente
1281 1825 1454 1860 intelligitur,
1479 1826 1616 1854 nomisma
1640 1828 1756 1862 regium,

967 1870 1082 1905 simplex
1108 1870 1137 1897 in
1160 1870 1265 1898 unitate
1281 1871 1436 1902 character,
1473 1871 1602 1900 Christus
1635 1873 1757 1908 seipsum

968 1921 1018 1949 pro
1032 1915 1161 1942 omnihtts
1180 1916 1291 1948 obtulit,
1314 1921 1341 1942 ut
1355 1917 1439 1943 vitatn
1455 1917 1578 1944 omniutn
1599 1917 1755 1946 redimeret.

967 1960 1036 1987 Cum
1057 1966 1146 1987 autem
1171 1961 1241 1990 duas
1266 1968 1380 1989 naturas
1407 1963 1546 1995 dicimus,
1573 1963 1755 1992 diﬂerentiarn

968 2006 1157 2041 signiﬁcamus
1168 2008 1262 2036 carnis
1282 2013 1309 2036 et
1323 2008 1370 2036 Dei
1386 2008 1480 2043 Verbi,
1498 2010 1561 2045 quia
1579 2011 1624 2038 illa
1642 2012 1756 2040 confusa

968 2062 1022 2081 non
1048 2059 1125 2082 sunt.
1156 2056 1265 2083 Etenim
1293 2057 1451 2085 comtnistio
1478 2059 1622 2094 utriusque
1652 2065 1757 2088 natura:

969 2102 1146 2130 abolitionem
1164 2110 1257 2130 secum
1277 2103 1408 2132 traheret.
1439 2104 1493 2132 Sed
1535 2105 1680 2134 ineti'abilis
1711 2106 1756 2133 illa

968 2155 1049 2182 quam
1069 2148 1234 2176 conﬁtemur
1255 2149 1353 2182 unitio,
1369 2157 1457 2184 neque
1473 2156 1586 2179 naturas
1600 2151 1755 2184 confundit,

970 2197 996 2220 et
1010 2200 1043 2220 ex
1058 2193 1165 2221 duabus
1184 2201 1267 2221 unutn
1287 2194 1428 2222 Christum
1447 2195 1578 2229 coniicit,
1595 2193 1689 2232 quﬁe
1709 2205 1758 2225 ex-

125 2233 208 2260 θέντα
222 2234 352 2269 Χριστὸν,
368 2234 435 2261 Θεὸν
452 2234 520 2269 ὁμοῦ
539 2243 568 2262 τε
583 2235 630 2262 καὶ
643 2234 787 2271 ἄνθρωπον
801 2235 913 2270 γενόμε-

970 2239 1077 2273 hibuit;
1098 2239 1225 2275 idemque
1239 2246 1267 2268 et
1283 2240 1356 2269 Deus
1372 2246 1413 2269 est
1424 2245 1452 2269 et
1467 2242 1560 2270 homo.

124 2288 169 2306 νον
186 2279 231 2307 τὸν
248 2279 342 2307 αὐτόν.

159 2325 204 2360 Τῷ
221 2324 244 2361 β’
257 2325 312 2352 ἔτει
327 2325 450 2361 Αίθέριος
470 2326 519 2352 καὶ
536 2326 632 2359 Δῦδιος
646 2327 693 2353 καὶ
708 2327 733 2353 οι
757 2327 806 2354 σὺν
820 2327 914 2358 αὺτοῖς

126 2371 214 2407 ἰατροὶ
241 2370 443 2398 ὲπεὸούλευσαν
467 2371 506 2407 τῷ
532 2371 647 2407 βασιλεῖ,
672 2372 720 2399 καὶ
747 2371 916 2407 γνωσθέντες

124 2417 261 2445 ἀπέθανον
276 2416 362 2452 ξίφει.

159 2462 204 2498 Τῷ
224 2466 250 2497 γ’
272 2462 328 2489 ἔτει
355 2463 592 2498 μεταστειλαμένη
625 2463 708 2498 Σοφία
732 2463 749 2500 ὴ
773 2463 916 2497 Αύγοῦστα

126 2508 231 2540 πάντας
243 2509 309 2540 τοὺς
319 2508 525 2543 χρεωστοῦντας
542 2509 668 2536 ἀπέδωκε
679 2510 735 2540 τοῖς
747 2517 917 2545 κεχρεωστη-

128 2553 218 2588 μένοις
234 2553 324 2580 πάντα
345 2553 380 2580 τὰ
403 2553 579 2589 ὀφειλόμενα,
602 2554 841 2590 ἁντιστραφέντων
861 2554 917 2582 τῶν

126 2599 262 2635 ἐνεχύρων
277 2601 333 2631 τοῖς
349 2600 426 2632 ἰδίοις
443 2600 597 2632 αὖθένταις.

161 2645 207 2679 Τῷ
220 2644 242 2671 δ’
260 2645 316 2671 ἔτει.
341 2644 429 2676 κτίζει
444 2645 475 2671 τὺ
498 2646 627 2673 παλάτιον
648 2644 704 2673 τῶν
725 2646 862 2681 Σοφιανῶν
877 2647 916 2680 είς

123 2692 211 2726 ὄνομα
227 2692 277 2726 τῆς
295 2692 423 2726 γυναικὸς
439 2692 521 2719 αὐτοῦ
539 2693 650 2727 Σοφίας.

159 2736 206 2772 Τῷ
218 2741 238 2764 ε’
256 2737 311 2764 ἔτει
325 2737 413 2770 κτίζει
430 2738 479 2775 τὴν
498 2739 581 2774 μονὴν
595 2740 645 2775 τῆς
659 2739 831 2776 Πρίγκηπος,
849 2749 917 2777 προ-

123 2783 234 2810 άστειον
249 2783 334 2818 αὐτὴν
347 2784 442 2812 οὖσαν.

158 2828 207 2864 Τῷ
221 2833 248 2861 ς’
263 2829 318 2856 ἔτει
332 2830 446 2866 Ναρσῆς
468 2831 482 2857 ό
503 2830 642 2867 ἀγαπητδς
658 2832 705 2859 τοῦ
727 2831 860 2868 βασιλέως
875 2833 917 2862 ἔκ-

120 2883 184 2904 τισε
199 2875 248 2910 τὴν
260 2875 350 2902 οἰκίαν
363 2876 475 2909 Ναρσοῦ
487 2877 533 2902 καὶ
546 2878 595 2912 τὴν
608 2878 691 2913 μονὴν
704 2878 758 2905 τῶν
773 2878 915 2915 καθαρῶν.

224 2922 362 2954 Puncta
379 2923 438 2954 (in.
455 2922 565 2954 CXXI.

1003 2330 1082 2358 Anno
1110 2331 1232 2359 secundo
1255 2331 1399 2360 Etherius
1415 2337 1440 2360 el
1455 2333 1571 2366 Audius,
1602 2334 1757 2370 medicique

967 2376 1014 2412 qui
1032 2376 1086 2404 illis
1100 2376 1226 2409 aderant,
1255 2378 1377 2406 insidiati
1406 2382 1471 2406 sunt
1491 2379 1667 2414 imperatoris
1681 2381 1755 2413 vitae.

968 2426 996 2449 ct
1008 2430 1038 2450 re
1051 2422 1156 2450 delecta
1171 2423 1262 2458 gladio
1275 2424 1443 2460 interempti.

1004 2467 1098 2495 Tertio
1110 2475 1182 2494 anno
1198 2468 1300 2504 Sophia
1313 2469 1448 2505 Augusta,
1460 2470 1556 2498 accitis
1567 2471 1696 2499 omnibus
1710 2472 1757 2507 qui

968 2521 1022 2541 tere
1050 2513 1140 2542 alieno
1171 2514 1297 2542 obstricti
1324 2515 1512 2552 684erant,
1540 2517 1631 2545 debita
1661 2526 1757 2546 eorum

969 2557 1152 2587 creditoribus
1182 2560 1311 2594 persolvit
1342 2565 1370 2588 et
1402 2562 1517 2597 pignora
1550 2564 1609 2592 suis
1636 2564 1758 2593 dominis

970 2604 1100 2632 reddidit.

1007 2649 1112 2683 Quarto
1133 2658 1206 2678 anno
1222 2650 1348 2680 Justinus
1374 2653 1468 2680 condit
1486 2654 1617 2689 palatium
1636 2655 1757 2693 Sophia-

970 2702 1080 2728 norutu,
1092 2695 1126 2723 de
1141 2696 1251 2724 nomine
1266 2697 1375 2732 Sophia:
1389 2699 1515 2734 conjugis
1530 2708 1597 2728 suae.

1006 2741 1108 2773 Quinto
1132 2748 1203 2768 anno
1226 2742 1343 2770 adiﬁcat
1371 2745 1540 2772 mansionem
1561 2745 1698 2783 Principis
1718 2748 1759 2776 fe—

971 2787 1088 2814 minazin
1107 2787 1250 2816 suburbio.

1004 2832 1087 2861 Sexto
1114 2840 1187 2860 anno
1206 2833 1307 2862 Narses
1330 2837 1512 2866 charissimus
1527 2839 1689 2875 imperatori
1709 2840 1759 2868 do-

970 2887 1044 2907 mum
1057 2879 1179 2908 Narsttis
1193 2882 1329 2910 exstruxit
1340 2887 1367 2910 et
1377 2883 1559 2914 Catharornm
1573 2879 1795 2923 mansion!

1600 2931 1639 2964 24
