2008 3149
118 188 158 220 iiii
634 187 814 217 HISTORIA
821 187 895 216 ithf

950 187 1193 220 OMPENDiUM.

1671 187 1739 220 ’ίῖιῖ

113 248 203 282 φορεῖν.
220 246 345 280 Ἀγαγὼν
359 246 387 272 δὲ
408 244 588 273 Ἀναστασίαν
599 245 649 282 τὴν
663 247 779 280 γυναῖκα
796 246 890 277 αὐτοῦ,

950 245 1075 274 Produxit
1091 247 1173 274 etiam
1188 245 1363 273 Anastasiam
1378 252 1491 273 uxorem
1517 253 1605 279 suam,
1622 255 1654 274 ex
1670 255 1722 283 qua

112 294 215 328 ἔχουσαν
226 291 257 324 ἐξ
272 291 357 327 αὐτῆς
386 292 433 319 καὶ
465 291 618 327 θυγατέρας
647 291 694 319 δύο
714 292 826 328 Χαριτὼ
841 293 889 319 καὶ

114 339 321 371 Κωνσταντῖναν,
335 337 447 373 ἔστεψεν
469 338 555 373 αὐτὴν
578 337 749 372 Αὑγοῦσταν,
777 339 824 365 καὶ
842 338 888 375 Ep-

112 383 181 418 ῥιψεν
209 384 344 410 ὑπατείαν
374 383 431 418 (84)
462 383 573 419 πολλήν.
596 384 691 420 Τούτῳ
719 383 758 420 τῷ
787 383 892 419 βασιλεῖ

110 430 196 462 γέγονε
207 429 268 456 θεία
282 428 368 464 ὀμφὴ,
385 428 500 462 ἀγγέλου
518 429 577 455 κατ’
589 429 654 463 δναρ
666 428 790 459 είπόντος
799 437 806 444 ·
821 428 890 455 Τάδε

111 483 145 501 σοι
159 474 232 509 λέγει
245 475 276 501 τὸ
290 474 450 509 Τρισάγιον,
466 483 474 491 ·
488 475 519 501 Ol
537 474 664 510 τύραννοι
688 475 738 510 τῆς
751 473 891 509 βασιλείας

108 520 150 547 ἐπὶ
163 521 217 547 σῶν
236 521 267 548 οὑ
282 521 441 556 φοιτήσουσι
468 521 573 556 χρόνον.
610 529 615 532 ‘

138 566 182 601 Τῷ
201 567 223 602 β’
244 566 298 593 ἔτει
324 566 465 593 ἀπέστειλε
481 566 609 600 πρέσϐεις
627 566 694 602 πρὸς
711 566 755 594 τὸν
780 566 892 602 βασιλέα

108 613 217 647 Περσῶν
244 612 314 639 κατὰ
341 613 372 638 τὸ
395 612 466 645 ἔθος,
502 614 612 648 μηνύων
639 614 688 648 τὴν
711 613 891 648 ἀναγόρευσιν

108 658 185 685 αὑτοῦ
200 666 208 674 ο
224 657 270 684 καὶ
286 658 316 684 οὖ
330 659 489 694 προσήκατο
502 659 550 692 τὴν
574 659 687 694 εἰρήνην
711 659 725 686 ὁ
746 658 802 685 τῶν
820 660 891 694 Περ-

108 704 158 730 σῶν
173 703 310 738 βασιλεύς.
330 703 359 730 ’0
378 703 406 730 δὲ
421 703 547 739 Τιϐέριος
561 703 722 738 διασπείρας
735 704 798 735 τοὺς
812 703 890 738 βασι-

108 750 197 780 λικοὺς
214 748 370 784 θησαυροὺς
398 748 484 775 πολλὰ
498 749 667 785 στρατόπεδα
682 750 807 784 ἐποίησε,
832 758 890 784 χει-

107 795 250 830 ροτονήσας
265 794 453 821 ’ῐουστινιανόν
476 802 538 821 τινα
560 794 713 830 στρατηγὸν
734 794 892 830 Ἀνατολῆς,

107 841 132 872 ὃς
146 840 288 868 ἀναλαϐὼν
300 841 350 872 τὰς
367 840 494 876 δυνάμεις
508 841 554 867 ἐπὶ
567 841 599 867 τὸ
613 841 703 876 Δαρὰς
724 841 779 876 (85)
801 849 892 875 παρα-

107 886 215 920 γίνεται.
232 886 288 913 Καὶ
298 887 348 921 τῆς
361 886 538 921 παρατάξεως
548 886 696 921 γενομένης
706 887 762 913 τῶν
778 887 893 922 Περσῶν

108 932 150 958 καὶ
169 931 328 966 Ῥωμαίων,
348 932 388 964 είς
405 931 501 966 λόγους
515 930 598 968 ἦλθον
614 932 661 959 καὶ
675 932 743 968 πρὸς
761 932 893 968 ἀλλήλους

110 978 263 1005 σπένδονται
282 978 377 1013 χρόνον
388 979 531 1014 τετραετῆ.

139 1023 184 1058 τῷ
197 1023 223 1058 γ’
233 1024 299 1057 ἔτει,
316 1024 364 1050 τοῦ
390 1024 445 1051 τῶν
464 1024 578 1060 Περσῶν
595 1024 727 1060 βασιλέως
753 1024 896 1060 μέλλοντος

110 1070 149 1096 τὸν
162 1071 281 1104 πόλεμον
295 1070 465 1106 αὐτουργεῖν,
481 1070 494 1096 6
507 1070 561 1097 τῶν
581 1071 726 1106 Ῥωμαίων
743 1071 896 1106 στρατηγὸς

110 1115 173 1150 πρδς
195 1115 261 1148 τοὺς
286 1116 395 1151 Πέρσας
418 1117 513 1152 χωρεῖ.
541 1117 596 1143 Καὶ
617 1117 666 1152 τῆς
689 1117 896 1152 κατασυστάδην

111 1161 194 1197 μάχης
212 1161 382 1200 γενομένηςἸ
396 1162 505 1197 βαθείας
521 1163 571 1198 τῆς
594 1162 648 1190 τῶν
674 1163 816 1198 Ῥωμαίων
843 1163 896 1197 φά-

110 1207 204 1241 λαγγος
221 1206 306 1242 οὖσης
321 1208 338 1243 ἡ
352 1207 406 1238 τῶν
420 1208 533 1244 Περσῶν
561 1209 610 1236 καὶ
629 1208 809 1236 Βαϐυλωνίων
833 1208 896 1244 τρέ-

111 1260 185 1279 πεται
204 1252 320 1286 πληθὺς.
337 1253 385 1279 καὶ
399 1253 573 1288 ἀναιροῦνται
587 1253 676 1288 πλήθη
693 1253 788 1281 πολλά.
818 1254 897 1288 Λαμ-

110 1297 215 1324 ϐάνουσι
234 1298 262 1324 δὲ
289 1299 314 1324 oi.
335 1297 463 1333 Ῥωμαῖοι
479 1299 527 1325 καὶ
547 1300 577 1326 τὸ
603 1299 658 1326 τῶν
681 1299 794 1335 Περσῶν
818 1299 896 1326 τοῦλ-

108 1344 148 1370 δον
161 1344 228 1379 (86),
241 1345 288 1371 καὶ
304 1344 334 1370 τὸ
359 1344 497 1379 βασιλικὸν
528 1344 724 1380 σκηνοπήγιον,
742 1346 789 1372 καὶ
805 1345 897 1372 πᾶσαν

107 1391 153 1425 τὴν
166 1391 322 1426 ἀποσκευὴν
337 1391 458 1423 ἐπίδοξον
477 1389 571 1425 οὖσαν,
591 1392 639 1419 καὶ
654 1392 718 1422 τοὺς
736 1391 896 1426 ἐλέφαντας,

107 1435 134 1469 ἐξ
157 1432 195 1463 ὧν
214 1436 248 1463 τὰ
261 1436 386 1471 ἐπίσημα
402 1437 469 1472 πρὸς
480 1437 526 1463 τὸν
542 1437 656 1473 βασιλέα
672 1437 821 1472 πέμπουσι.
840 1438 898 1472 Τὴν

106 1481 236 1516 αἰσχύνην
253 1482 343 1509 τοίνυν
361 1483 375 1509 6
390 1482 445 1509 τῶν
467 1482 581 1518 Περσῶν
596 1482 724 1518 βασιλεὺς
746 1483 783 1518 μὴ
807 1480 897 1518 φέρων

106 1527 247 1561 νομοθετεῖ
262 1528 361 1564 μηκέτι
381 1528 494 1564 βασιλέα
508 1528 620 1566 Περσῶν
639 1530 678 1561 είς
690 1529 807 1565 πόλεμον
822 1530 897 1565 ἐξέρ-

943 291 1012 319 duas
1022 291 1140 320 habebat
1159 291 1240 325 tilias,
1257 291 1432 319 Cbaritonem
1455 298 1487 318 ac
1507 292 1729 326 Constantinam,

942 345 1058 371 eamque
1083 337 1219 373 augustaii
1245 345 1346 365 corona
1377 339 1530 372 exornavit,
1560 339 1731 374 multumque

943 384 1079 411 nomisma
1110 383 1136 410 in
1172 384 1299 419 populum
1332 385 1444 419 sparsit.
1473 383 1542 412 Huic
1568 385 1594 411 in
1625 386 1730 414 somnis

943 430 1055 465 angelus
1067 429 1191 465 praedixit
1203 430 1312 457 nomine
1327 430 1429 457 saneta:
1440 429 1584 459 Trinitatis
1600 435 1730 467 tyrannos

944 475 1002 510 ipso
1017 475 1168 510 imperante
1184 475 1326 510 imperiutn
1341 483 1396 503 non
1412 475 1568 504 invasuros.

979 565 1059 593 Anno
1077 565 1183 600 imperii
1207 565 1250 593 sui
1274 564 1395 592 secundo
1420 564 1550 593 Tiberius
1569 565 1673 600 legatos
1695 565 1730 593 de

944 619 1020 639 more
1040 611 1072 638 ad
1089 611 1235 639 Persarum
1254 618 1344 646 regem
1362 610 1448 644 misit,
1473 611 1604 639 nuntians
1619 619 1649 639 se
1670 619 1731 639 esse

945 657 1136 693 imperatorem
1170 661 1305 684 creatum.
1346 656 1483 684 Caeterum
1516 655 1601 684 Persa
1636 664 1731 692 pacem

945 703 1109 738 repudiavit.
1143 702 1270 730 Tiberius
1293 709 1359 737 ergo
1385 702 1572 737 imperatoriis
1593 703 1732 731 thesauris

945 749 1047 777 multos
1065 749 1196 776 conduxit
1212 749 1350 776 exercitus
1369 752 1397 776 et
1423 748 1610 776 Iustinianum
1634 756 1715 783 quem

945 794 1007 821 dam
1031 793 1134 822 Orienti
1149 793 1271 830 praefecit
1285 803 1292 827 ;
1308 795 1355 830 qui
1370 802 1432 822 cum
1451 794 1574 822 exercitu
1590 793 1624 821 ad
1648 794 1734 822 Daras

947 840 1086 876 profectus
1097 844 1150 868 est.
1169 841 1222 870 Ubi
1239 848 1300 868 cum
1316 840 1506 876 adversariam
1523 841 1597 869 acies
1614 841 1733 872 coirent.

945 887 1112 922 colloquium
1128 887 1162 915 de
1182 895 1249 922 pace
1265 887 1423 920 intervenit,
1438 895 1526 923 eaque
1539 887 1567 916 in
1583 887 1733 924 quadrien-

946 933 1021 960 nium
1040 938 1118 969 pacta
1141 933 1201 961 fuit.

981 1022 1076 1050 Tertio
1100 1029 1184 1055 anno,
1216 1029 1279 1049 cum
1312 1029 1359 1050 rex
1388 1022 1534 1050 Persarum
1557 1023 1615 1058 ipse
1632 1022 1735 1051 bellum

946 1073 1073 1104 gesturus
1097 1073 1180 1101 esset,
1211 1068 1265 1096 dtu
1283 1068 1469 1096 Romanarum
1483 1069 1624 1105 copiarum
1639 1069 1735 1097 Persis

946 1115 1055 1142 obviam
1076 1113 1230 1142 contendit.
1256 1114 1410 1142 Commissa
1433 1119 1524 1142 autem
1541 1115 1667 1143 cominus
1683 1123 1734 1150 pu-

946 1168 1010 1197 gna,
1041 1160 1228 1188 Romanorum
1248 1161 1363 1195 phalanx
1380 1160 1526 1188 ordinibus
1547 1161 1647 1196 stipata
1666 1160 1735 1188 Per-

947 1214 1039 1234 sarum
1057 1211 1084 1234 et
1097 1205 1310 1242 Babyloniorum
1324 1207 1410 1234 aciem
1426 1205 1540 1241 pepulit,
1553 1214 1735 1241 magnamque

946 1261 1041 1280 eorum
1069 1257 1187 1288 stragem
1221 1252 1317 1280 edidit.
1349 1252 1487 1286 Ceperunt
1513 1253 1628 1279 Romani
1651 1252 1734 1285 etiam

948 1297 1092 1325 Persarum
1120 1297 1224 1325 tuldum
1254 1301 1281 1324 et
1308 1297 1381 1333 regis
1413 1297 1561 1325 tentorium
1589 1298 1736 1332 omniaque

948 1344 1143 1378 impedimenta
1162 1351 1261 1376 magno
1279 1344 1412 1371 aestimata
1428 1344 1657 1379 elephantosque.
1675 1343 1735 1377 Qua

948 1391 981 1418 de
999 1391 1088 1425 praealti
1108 1398 1139 1418 ea
1158 1398 1218 1425 qua
1230 1394 1309 1418 erant
1327 1390 1445 1418 maxime
1464 1390 1581 1426 insignia
1599 1390 1632 1418 ad
1650 1391 1737 1426 impo-

948 1441 1066 1464 ratoretn
1094 1438 1238 1464 miserunt.
1271 1436 1325 1464 Sed
1347 1436 1493 1464 Persarum
1517 1444 1565 1464 rex
1590 1436 1736 1464 dedecoris

948 1483 1104 1519 impatiens,
1118 1483 1201 1519 690
1218 1483 1303 1519 legem
1321 1481 1373 1510 fert
1390 1490 1423 1510 ne
1441 1490 1487 1510 rex
1503 1481 1648 1513 Persarum
1664 1482 1752 1520 ullus.

949 1530 1062 1565 posthac
1087 1530 1114 1556 in
1146 1529 1246 1556 bellum
1279 1529 1479 1564 proﬁciscatur.
1513 1529 1653 1557 Romanus
1671 1537 1737 1556 vero

106 1573 213 1607 χεσθαι.
254 1573 284 1601 '0
304 1575 333 1602 δὲ
355 1575 511 1610 Ῥωμαϊκὸς
529 1575 644 1611 στρατός
671 1576 812 1602 ἐπετίθετο
835 1577 895 1608 ταῖς

950 1576 1088 1604 exercitus
1122 1576 1204 1604 rebus
1231 1575 1379 1604 Persarum
1408 1575 1517 1604 amictis
1543 1575 1681 1603 insultans
1709 1575 1736 1602 in

107 1621 254 1655 Περσικαῖς
283 1623 448 1657 συμφοραῖς,
468 1621 515 1648 καὶ
535 1622 605 1656 πρ)ς
630 1621 665 1649 τὰ
694 1622 822 1649 ἔνδότατα
846 1622 895 1657 τῆς

107 1666 236 1702 Περσίδος
257 1667 391 1703 ἐχώρησε,
424 1668 470 1694 καὶ
502 1667 601 1704 πολλὴν
631 1668 819 1703 αἰχμαλωσίαν
849 1668 896 1695 καὶ

107 1713 207 1740 ἀλωσιν
223 1713 252 1740 ὲν
272 1713 384 1749 Περσίδι
402 1713 546 1748 πεποίηκε,
564 1714 668 1748 φθάσας
688 1714 735 1741 καὶ
754 1714 834 1749 μέσον
847 1714 898 1749 τῆς

112 1759 281 1794 ’Υρκανικῆς
308 1759 456 1796 θαλάσσης.
484 1759 624 1796 Χειμῶνος
644 1760 672 1787 δὲ
693 1760 851 1796 γενομένου,
869 1762 897 1788 ὲν

106 1805 218 1840 Περσίδι
237 1805 439 1841 παρεχείμασε.

142 1850 189 1885 Τῷ
203 1850 224 1877 δ’
236 1851 320 1877 αὑτοῦ
335 1851 390 1877 ἔτει
408 1851 494 1883 κτίζει
513 1851 639 1887 Τιϐέριος
651 1851 681 1878 τὸ
700 1852 830 1887 δημόσιον
843 1852 897 1879 τῶν

107 1897 268 1932 Βλαχερνῶν
283 1896 407 1931 λουτρὸν,
425 1897 534 1925 ἀνανεοῖ
552 1898 579 1924 δὲ
600 1898 646 1924 καὶ
667 1897 816 1933 ἐκκλησίας
835 1899 898 1925 πολι

106 1941 156 1972 λάς
175 1941 223 1968 καὶ
245 1941 361 1975 ξενῶνας
381 1942 428 1969 καὶ
452 1943 642 1978 γηρωκομεία,
673 1935 844 1978 κατακοσμεῖ
868 1943 896 1970 δὲ

105 1987 155 2013 καὶ.
177 1986 223 2014 τὸν
234 1987 455 2022 χρυσοτρίκλινον
468 1987 515 2014 τοῦ
530 1987 673 2015 παλατίου.
693 1986 737 2023 [Ρ.
749 1987 813 2023 394]
830 1988 897 2014 Τότε

106 2031 214 2058 κελεύει
231 2032 386 2067 γράφεσθαι
414 2032 496 2059 αὐτὸν
512 2033 542 2058 ἐν
564 2033 621 2064 τοῖς
638 2032 811 2068 συμϐολαίοις
840 2033 897 2066 (87)

106 2078 235 2114 Τιϐέριον
255 2079 470 2106 Κωνσταντῐνον.
493 2078 538 2114 Τῷ
563 2079 587 2106 δ’
626 2079 681 2106 ἔτει
698 2079 813 2114 τελευτᾷ
848 2080 900 2106 Εὑ-

107 2124 203 2158 τῦχιος
226 2125 240 2151 6
256 2125 438 2161 πατριάρχης,
452 2126 499 2151 καὶ
519 2126 587 2159 μετὰ
605 2125 635 2159 ἐξ
653 2126 760 2161 ἡμέρας
777 2134 899 2161 χειροτο-

107 2171 195 2196 νεῑται
217 2170 342 2205 Ἰωάννης
353 2171 474 2202 διάκονος
489 2170 538 2205 τῆς
555 2171 685 2206 Μεγάλης
705 2171 867 2206 Ἐκκλησίας
884 2172 899 2198 6

107 2215 279 2251 Νηστευτής.
297 2216 326 2242 '0
340 2215 368 2242 δὲ
384 2216 509 2251 βασιλεὺς
533 2217 671 2251 ἀγοράσας
690 2216 804 2252 σώματα
826 2217 899 2243 ὲθνι-

950 1622 1075 1649 intimam
1096 1628 1184 1656 usque
1202 1620 1343 1649 Persidem
1359 1622 1484 1656 pervenit
1497 1641 1504 1653 ,
1522 1621 1681 1656 multosque
1698 1621 1737 1648 ibi

949 1667 1089 1698 mortales.
1120 1666 1206 1694 multa
1220 1666 1321 1702 oppida
1341 1666 1367 1693 in
1383 1669 1547 1701 polestatem
1561 1673 1640 1694 suam
1656 1665 1739 1693 rede-

948 1714 997 1749 git,
1017 1717 1045 1741 et
1071 1720 1159 1748 usque
1179 1713 1212 1740 ad
1228 1712 1349 1740 medium
1364 1712 1450 1740 maris
1463 1711 1582 1748 Hyrcani
1597 1712 1715 1749 perrexit
1729 1721 1737 1746 ;

949 1767 982 1787 ac
997 1759 1086 1787 hieme
1100 1759 1183 1791 facta,
1197 1759 1224 1786 in
1238 1758 1350 1786 Perside
1365 1758 1480 1786 hiberna
1495 1758 1603 1786 habuit.

985 1849 1088 1882 Quarto
1113 1855 1186 1876 anno
1212 1847 1340 1876 Tiberius
1364 1848 1505 1882 publicum
1526 1847 1554 1874 in
1577 1847 1739 1875 Biacliernis

951 1896 1078 1923 balneum
1095 1895 1220 1926 :rdiilcat,
1244 1895 1435 1928 instauratque
1457 1894 1542 1921 tuuita
1559 1894 1671 1929 templa,
1689 1894 1738 1920 do-

950 1949 1009 1970 mos
1033 1941 1181 1976 hospitales
1192 1946 1219 1969 et
1233 1941 1345 1969 senibus
1361 1941 1486 1969 fovendis
1502 1940 1598 1968 factas.
1617 1940 1738 1967 Exornat

950 1987 1032 2014 etiam
1047 1994 1160 2014 aureum
1175 1986 1267 2022 palatii
1286 1987 1446 2014 triclinium.
1467 1986 1550 2014 Tunc
1566 1987 1648 2014 etiam
1663 1993 1692 2013 se
1707 1986 1735 2013 in

950 2037 1140 2061 contractuum
1166 2033 1289 2060 formulis
1314 2032 1399 2060 scribi
1411 2033 1495 2066 iussit
1510 2032 1650 2060 Tiberium
1664 2032 1737 2059 Con-

951 2082 1114 2108 stantinum.
1136 2080 1237 2108 Eodem
1252 2088 1325 2108 anno
1342 2081 1460 2109 ntoritur
1484 2070 1640 2116 Eutychius
1653 2081 1739 2116 patri-

951 2127 1046 2159 archa,
1062 2135 1094 2154 ac
1109 2131 1172 2162 post
1188 2135 1236 2155 sex
1252 2127 1312 2154 dies
1331 2127 1359 2154 in
1373 2127 1462 2155 locum
1478 2127 1537 2161 ejus
1551 2126 1681 2155 suifectus
1696 2132 1739 2155 est

950 2171 1070 2200 Joannes
1087 2176 1268 2207 cognomento
1281 2170 1432 2206 Jejunator,
1451 2171 1542 2207 magni
1566 2171 1659 2206 templi
1680 2171 1740 2198 dia-

953 2225 1052 2246 conus.
1079 2217 1167 2245 Porro
1192 2217 1320 2245 Tiberius
1345 2218 1412 2245 emit
1433 2217 1577 2245 barbarica
1601 2217 1739 2252 mancipia

109 2261 168 2288 ιοῶν
190 2261 341 2297 κατέστησε
360 2261 518 2297 στράτευμα
542 2262 582 2293 είς
604 2261 689 2297 ὖνομα
708 2262 783 2294 ίδιον,
797 2262 895 2297 ἀμφιά-

954 2264 988 2292 ad
1012 2265 1098 2291 millia
1126 2264 1296 2299 quindecim,
1312 2271 1400 2300 exque
1423 2263 1457 2292 iis
1481 2263 1588 2291 vestitis
1611 2271 1627 2290 a
1659 2270 1690 2290 se
1712 2267 1740 2289 et

110 2315 161 2338 σας
179 2306 226 2333 καὶ
244 2306 412 2339 καθοπλίσας
435 2307 535 2340 αὐτοὺς
560 2307 681 2342 χιλιάδας
708 2311 750 2338 ιε’,
775 2307 898 2340 δεδωκὼς

108 2353 202 2384 αὐτοῖς
225 2354 273 2382 καὶ
301 2354 455 2390 στρατηγὸν
475 2354 629 2390 Μαυρίκιον
645 2353 689 2381 τὸν
711 2355 820 2389 κόμητα
844 2354 899 2381 τῶν

952 2310 1066 2337 armatis
1095 2310 1245 2338 exercitum
1282 2310 1449 2345 composuit,
1486 2310 1521 2337 de
1545 2317 1596 2337 suo
1629 2309 1740 2336 nomine

953 2354 1131 2382 Tiberianum
1152 2355 1310 2390 appellans;
1325 2355 1479 2390 ducemque
1501 2355 1535 2383 iis
1550 2354 1625 2382 dedit
1639 2353 1742 2381 Mauri-

684 2401 860 2429 XYLANDRI
879 2402 923 2430 ET
941 2402 1047 2430 GOARI
1071 2401 1186 2430 NOTAE.

109 2455 170 2508 ριον
187 2446 290 2474 dicitur
319 2447 390 2482 apud
418 2446 625 2481 Theophanem.
652 2455 684 2475 ac
705 2448 898 2483 imperatorem

131 2482 294 2508 hilinnicum
307 2483 346 2508 si:
361 2482 393 2508 τὺ
407 2483 581 2508 ὁονατούοιον
595 2483 649 2508 τῶν
664 2483 807 2508 Ποασίνων
818 2482 898 2508 refert

131 2482 294 2518 hilippicum
307 2483 346 2518 είς
361 2482 393 2510 τὺ
407 2483 581 2518 ὁρνατούριον
595 2483 649 2509 τῶν
664 2482 807 2518 Πρασίνων
818 2482 900 2509 refert

107 2517 261 2545 adduxisse
279 2516 386 2544 Ruﬂ‘um
403 2516 654 2552 quemdam;quem
670 2516 758 2545 locum
774 2518 898 2545 eumdem

107 2552 278 2579 amatorium
293 2552 478 2585 Prasinorum,
495 2553 540 2580 ubi
557 2553 684 2580 nimirum
707 2553 760 2580 oris
776 2552 899 2580 ctiimbis

107 2587 237 2614 vestibus
252 2588 363 2615 attextis
379 2596 441 2615 sese
453 2588 636 2619 adornabant,
647 2588 714 2614 dit-it
728 2588 828 2615 Paulus
838 2587 898 2614 dia-

105 2629 312 2656 conus;quem
328 2623 453 2658 ettmdem
476 2622 651 2658 ἀρματὼριον
677 2623 830 2650 Ccdrenum
851 2631 897 2650 νο-

105 2664 188 2684 easse
209 2657 465 2691 contemplabimur.
482 2657 567 2685 (30m.

144 2691 205 2727 (84)
215 2691 340 2726 intelligo
366 2697 502 2719 monetam
519 2692 691 2720 consularem
711 2701 718 2719 :
737 2700 799 2720 natn
817 2693 900 2727 impe-

104 2731 220 2763 ratores
233 2727 407 2754 consulatum
427 2736 536 2762 quoque
558 2727 732 2763 gessisseret
758 2729 784 2754 iu
812 2728 899 2756 titulis

103 2762 169 2797 suis
203 2761 441 2797 commemorasse
466 2761 570 2789 notum'
586 2766 637 2789 est.
655 2761 725 2789 Infra
746 2770 854 2797 quoque
871 2764 899 2790 in

101 2796 204 2824 Phoca
221 2796 323 2823 ὑπάτια
357 2804 406 2832 pro
423 2798 502 2825 donis
517 2797 668 2824 tnissiiibus
683 2803 708 2824 t-t
725 2796 898 2832 iu'populum

99 2832 218 2867 sparsis
235 2832 356 2867 ponitur,
369 2839 431 2859 cum
445 2833 527 2859 verbo
541 2832 658 2867 ῥίπτειν.
676 2832 740 2859 Χιτι..

142 2867 208 2902 (85)
222 2866 425 2901 Mesopotamiae
435 2867 529 2894 urbem
540 2866 574 2896 ab
585 2867 731 2896 Anastasio
741 2867 877 2896 conditam
891 2875 898 2895 :

97 2902 139 2930 de
156 2911 217 2938 qua
232 2903 261 2930 in
272 2902 430 2930 Anastasio.
447 2902 534 2931 ϐοικ,

987 2448 1043 2482 (86)
1060 2447 1106 2475 Sic
1119 2453 1145 2475 et
1162 2448 1242 2475 infra.
1260 2448 1349 2475 Credo
1366 2448 1451 2476 fuisse
1465 2448 1572 2483 signum
1589 2451 1638 2475 aut
1653 2448 1739 2475 vexil-

950 2483 1199 2525 ium_przecipuum,
1218 2484 1288 2525 sic‘ut
1306 2483 1424 2525 inl'raﬂin
1442 2482 1568 2525 Heraclio
1585 2490 1634 2523 pro
1650 2488 1739 2525 turnia

950 2518 1071 2552 ponitur,
1088 2517 1130 2545 eiu
1145 2518 1235 2551 [αηεη.
1250 2518 1317 2546 Χιι..
1331 2534 1366 2538 -
1381 2519 1505 2546 Somniat
1521 2517 1564 2544 hic
1587 2518 1661 2544 circa
1685 2517 1737 2543 (ul;

947 2553 1011 2579 dum
1036 2552 1186 2587 Xylandcr,
1215 2559 1241 2580 o-t
1264 2554 1388 2580 vexillum
1424 2554 1525 2580 referre
1550 2553 1635 2588 lingit.
1655 2559 1670 2578 a
1685 2560 1747 2587 quo:

948 2594 1082 2616 semotum
1099 2595 1157 2615 erat
1168 2596 1248 2615 omne
1268 2589 1412 2620 vexillum;
1433 2588 1466 2615 ad
1483 2588 1638 2615 conﬂictum
1654 2588 1740 2622 siqui-

950 2624 1010 2650 dem
1023 2622 1196 2650 deferebatur
1205 2624 1343 2654 vexillum,
1364 2632 1425 2650 cum
1447 2624 1574 2654 sarcinis.
1593 2623 1742 2657 jumentis,

951 2658 1166 2694 impedimentis,
1178 2659 1280 2694 pueris,
1288 2666 1348 2693 qua:
1358 2658 1467 2684 τοῧλδον
1478 2658 1624 2694 signiﬁcat,
1634 2659 1738 2694 milium

951 2699 997 2720 aut
1019 2692 1199 2729 superﬂuum.
1227 2692 1325 2729 Suitlas
1348 2692 1520 2728 εΣαγμάρια
1536 2693 1567 2719 τὸ
1592 2693 1739 2729 παρ’ὴμιν

951 2728 1095 2765 λεγόμενον
1116 2728 1292 2765 meum};
1314 2727 1493 2765 βαστάζονταΣ
1506 2727 1742 2765 ἁποσκευὴνίκαὶ

950 2763 1000 2797 τὴν
1017 2763 1201 2797 μετακομιδὴν
1216 2763 1270 2789 τῶν
1285 2764 1455 2797 ἐπιτηδείων.
1473 2763 1560 2790 Gon.

987 2798 1045 2832 (87)
1059 2797 1218 2832 Diplomatia
1234 2803 1258 2824 ιι
1274 2798 1370 2825 litteris
1384 2799 1534 2825 corrcctius
1549 2799 1592 2825 hic
1604 2798 1740 2832 interpre-

951 2833 1044 2895 tétbere
1058 2840 1141 2868 quant
1155 2841 1216 2860 cum
1232 2832 1383 2869 Xylandro,
1404 2838 1586 2860 contraditum
1603 2832 1742 2868 {annalis

975 2875 1036 2895 out.

975 2875 1036 2895 ομι.
