2008 3149
145 161 196 192 Ὶίι

677 167 947 198 HISTORIARUM
966 170 1230 203 COMPENDIUM.

1719 173 1774 206 762

143 218 231 254 τώδη,
262 219 402 254 γεννηθεὶς
424 219 533 255 ἐγένετο
557 219 644 255 μέγας
671 221 785 257 σφόδρα.
802 222 841 258 Τῇ
866 223 933 259 αὐτῇ

989 226 1089 254 Eodem
1116 227 1161 254 die
1185 235 1273 263 equus
1296 226 1378 256 etia‘m
1405 228 1589 264 imperatoris,
1614 228 1661 264 qui
1681 231 1773 258 aureis

143 266 241 302 ἡμέρᾳ
257 266 303 293 καὶ
323 267 338 293 ὸ
362 267 446 300 ἵππος
463 267 511 294 τοῦ
536 267 681 304 βασιλέως,
714 270 729 296 ὁ
754 269 800 296 τὸν
820 270 938 306 χρυσοῦν

144 312 341 348 περικείμενος
351 313 464 348 κόσμον,
482 313 589 349 ἀθρόως
602 316 734 351 διεῤῥάγη
752 316 853 344 πεσών.
871 317 939 344 Τού-

143 365 202 389 τοις
219 359 306 385 πᾶσιν
326 360 524 395 οἰωνισάμενος
542 363 556 388 ὀ
572 362 698 397 βασιλεὺς
723 364 874 400 περίλυπος
893 362 937 400 ἦν.

144 403 253 430 Μαθὼν
264 404 293 431 δὲ
311 405 352 431 ὅτι
372 406 502 441 πρέσϐεις
520 408 560 439 είς
574 407 605 434 τὸ
618 408 764 440 Βυζάντιον
780 410 892 444 Περσῶν
907 418 938 436 τε

143 449 192 475 καὶ
205 449 344 485 Φράγγων
363 451 557 487 παρεγένοντο,
578 453 748 489 ὑπέστρεψεν
763 455 802 487 είς
815 454 849 481 τὰ
863 454 939 489 βασίο

143 495 171 522 λε
177 504 217 523 ια.

185 543 257 571 Ἀπδ
280 543 336 570 τῶν
363 544 519 580 Ἱστορικῶν
549 546 594 572 τοῦ
611 546 765 581 Σιμοκάτου
789 547 844 583 (97)
859 547 937 582 λόγος

142 587 270 623 Χοσρόου
280 588 414 627 βασιλέως
433 590 546 624 Περσῶν
562 591 630 626 πρδς
650 592 775 626 Ἰωάννην
788 593 938 628 στρατηγὸν

146 634 298 669 Ῥωμαίων
312 656 319 667 ,
339 635 545 670 ἀποσκώψαντα
570 638 610 668 είς
628 638 710 664 αὐτὸν
729 639 773 665 ὅτε
797 639 937 674 ἀπεστάλη

141 680 221 715 παρὰ
234 681 284 707 τοῦ
304 681 458 717 Μαυρικίου
472 682 511 714 είς
522 682 650 718 βοήθειαν
668 684 765 711 αὐτοῦ·
782 685 813 711 Εἰ
830 686 867 720 μή
884 694 937 721 περ

140 725 196 752 ἀπὸ
219 726 268 752 τοῦ
283 726 379 761 καιροῦ
400 727 632 764 ἐτυραννούμεθα,
647 729 697 757 οὐκ
719 730 753 757 ἂν
769 731 936 767 ἐθάῤῥησας,

141 771 296 806 στρατηγὲ,
314 772 360 799 τὸν
380 773 466 808 μέγαν
480 774 508 800 ἐν
525 773 680 808 ἀνθρώποις
695 775 807 810 βασιλέα
828 775 937 810 βάλλειν

139 819 199 850 τοῖς
210 819 389 854 σκώμμασιν.
406 819 483 846 Ἐπεὶ
493 820 522 847 δὲ
533 822 590 852 τοῖς
604 821 721 856 παροῦσι
733 822 804 857 μέγα
817 824 936 857 φρονεῖς,

139 863 252 900 ἀκούσῃ
271 864 298 891 τί
314 865 382 899 δῆτα
405 866 461 897 τοῖς
486 865 557 898 θεοῖς
572 867 721 901 ἐσύστερον
738 868 933 903 μεμελέτηται.

145 909 419 945 Ἀντικαταρρεύσει,
435 911 466 938 εὖ
481 911 546 944 ῐσθι,
562 913 604 944 είς
619 912 682 944 τοὺς
698 913 852 948 Ῥωμαίους
863 914 935 949 ὑμᾶς

137 955 228 987 δεινὰ,
244 955 319 988 ἕξετε
334 956 363 982 δὲ
376 956 407 983 τὸ
425 957 596 984 Βαϐυλώνιον
612 958 696 992 φῦλον
707 958 758 994 τῆς
775 958 935 994 Ῥωμαϊκῆς

139 1001 285 1034 πολιτείας
307 1002 426 1036 κρατοῦν
450 1003 561 1038 τριττὴν
577 1003 779 1039 κυκλοφορικὴν
799 1004 934 1039 ἑϐδομάδα

138 1047 221 1075 ἐτῶν.
238 1048 316 1074 Μετὰ
331 1048 360 1074 δὲ
383 1048 462 1075 τοῦτο
477 1049 636 1084 πεμπταίαν
654 1050 790 1085 ἑϐδομάδα
803 1051 935 1078 ἐνιαυτῶν

144 1092 279 1128 Ῥωμαῖοι
292 1093 399 1128 Πέρσας
415 1093 650 1129 δουλαγωγήσετε.
663 1095 773 1123 Τούτων
794 1096 826 1132 δὴ
843 1097 935 1131 διηνυ-

139 1139 254 1174 σμένων
267 1140 318 1176 τὴν
329 1140 429 1168 ἀνέσπε
434 1150 480 1177 ρον
492 1142 599 1177 ἡμέραν
611 1142 740 1177 ἐνδημεῖν
752 1145 810 1175 τοῖς
828 1143 936 1179 ἀνθρώ-

138 1194 217 1218 ποις.
232 1186 281 1213 καὶ
296 1187 347 1222 τὴν
368 1188 602 1223 προσδοκωμένην
619 1189 695 1223 λῆξιν
714 1189 871 1216 ἀποϐαίνειν
887 1189 934 1216 τοῦ

137 1232 274 1267 κράτους,
293 1233 338 1260 ὅτε
354 1233 390 1261 τὰ
411 1233 460 1268 τῆς
476 1233 578 1270 φθορᾶς
594 1235 769 1271 παραδίδοται
789 1236 864 1263 λύσει
888 1237 935 1263 καὶ

135 1277 170 1305 τὰ
192 1279 242 1313 τῆς
255 1279 411 1315 κρείττονος
418 1279 558 1315 διαγωγῆς
573 1281 756 1309 πολιτεύεται.

170 1325 224 1360 Τῷ
238 1328 252 1351 ι’
267 1325 334 1357 ἔτει,
347 1325 393 1352 τοῦ
406 1326 533 1360 Χαγάνου
549 1327 710 1358 ἐπελθόντος
726 1328 797 1359 κατὰ
814 1328 845 1354 τδ
867 1328 932 1364 Σίρ-

139 1380 218 1407 μιιον,
233 1372 250 1399 ὁ
271 1371 398 1406 βασιλεὺς
415 1372 568 1407 στρατηγὸν
591 1372 727 1408 Εὐρώπης
752 1373 798 1399 τὸν
815 1373 934 1408 Πρίσκον

137 1426 167 1452 χε
177 1418 304 1452 ιροτονεῖ.
318 1417 346 1444 ’0
361 1417 390 1444 δὲ
401 1417 521 1453 Πρίσκος
534 1417 714 1445 Σαλϐανιανὸν
728 1418 933 1453 ὑποστράτηγον

137 1464 261 1498 ποιήσας
285 1463 446 1500 προτρέχειν
462 1464 599 1496 ἐκέλευσε,
617 1463 665 1491 καὶ
685 1464 756 1491 κατὰ
783 1463 838 1491 τῶν
861 1465 932 1500 Βαρ-

139 1507 237 1543 ϐἀρων
252 1509 431 1543 χωρήσαντες
448 1508 629 1543 συγκροτοῦσι
644 1508 763 1544 πόλεμον
775 1509 822 1535 καὶ
836 1509 934 1536 νικῶσι

988 273 1108 309 phaleris
1122 279 1182 302 erat
1194 279 1319 308 ornatus,
1340 275 1459 302 concidit
1473 275 1564 303 subito
1579 281 1660 311 atque
1674 279 1773 311 ruptus

988 325 1040 347 est.
1053 319 1115 348 Hazc
1129 321 1221 348 omnia
1230 321 1376 356 imperator
1389 322 1488 350 ominis
1500 322 1559 349 loco
1572 323 1675 350 ducens
1688 323 1772 358 animi

988 366 1156 401 angebatur;
1171 372 1198 393 et
1207 367 1316 403 cognito
1329 368 1431 403 legatos
1451 368 1594 396 Persarum
1604 376 1636 396 ac
1653 367 1772 397 Franco-

988 419 1049 441 rum
1077 412 1237 448 Byzantium
1266 414 1413 449 appulissc,
1435 415 1462 442 in
1487 415 1588 450 regiam
1611 416 1701 443 rediit.

1025 543 1155 579 Sequitur
1177 551 1209 571 ex
1226 543 1355 572 Historiis
1371 544 1500 573 Simocati
1535 546 1623 573 oratio
1642 545 1772 574 Cllosroa:

988 589 1132 618 Persarum
1150 590 1221 625 regis
1236 590 1268 617 ad
1292 589 1423 617 Joannem
1448 592 1544 618 ducem
1575 589 1770 624 Romanorum,

988 636 1034 671 qui
1051 637 1153 664 missus
1172 637 1196 664 ei
1215 636 1378 670 opitulatum
1412 644 1426 662 a
1454 637 1588 664 Mauricio
1609 638 1771 672 imperatore

988 690 1088 710 saliuas
1102 683 1129 710 in
1144 690 1233 718 regem
1255 683 1370 717 iecerat.
1387 683 1458 715 Nisi,
1476 683 1574 717 inquit,
1595 684 1653 719 ipsa
1668 689 1772 719 tempo-

987 730 1026 758 ris
1043 730 1115 757 ratio
1129 730 1155 757 in
1168 737 1218 757 nos
1250 729 1423 764 tyrannidem
1458 734 1606 762 exerceret,
1632 738 1771 765 nunquam

988 774 1109 810 profecto
1128 779 1168 807 tu,
1187 782 1204 802 ο
1225 774 1293 804 dux,
1306 774 1422 801 auderes
1439 781 1567 808 magnum
1592 774 1664 802 inter
1686 774 1773 801 homi-

987 828 1036 848 nes
1057 828 1147 856 regcm
1170 820 1349 848 subsannare.
1369 819 1516 855 Nuncquia
1534 827 1654 855 praesens
1681 827 1772 847 rerum

987 871 1075 895 status
1091 872 1118 895 te
1141 866 1290 902 superbum
1318 865 1418 899 reddit,
1447 866 1510 893 audi
1533 866 1598 901 quid
1626 866 1660 894 de
1681 866 1773 894 l'uturo

988 914 1024 941 dii
1036 914 1190 941 statuerint.
1203 913 1249 941 Sic
1266 913 1346 945 habe,
1364 912 1572 940 caiamitatesin
1599 919 1648 940 vos
1673 911 1773 939 Roma-

988 968 1038 988 nos
1047 960 1248 992 redundabunt,
1270 966 1302 987 ac
1316 967 1364 994 per
1380 963 1435 986 tres
1462 959 1610 986 circulares
1625 963 1772 993 septenna-

987 1006 1026 1034 lcs
1044 1013 1178 1033 annorum
1203 1005 1395 1032 conversiones
1426 1004 1593 1040 Babylonica
1623 1011 1689 1039 gens
1717 1003 1772 1030 lio-

987 1060 1074 1081 manae
1101 1051 1254 1087 reipublicae
1279 1050 1474 1078 dominabitur.
1495 1049 1560 1077 inde
1583 1057 1630 1084 per
1651 1050 1772 1084 quinque

987 1105 1121 1125 annorum
1146 1096 1316 1132 septenarios
1332 1095 1449 1123 Romani
1466 1095 1561 1123 Persas
1587 1095 1698 1123 servitio
1707 1102 1770 1129 pre-

987 1145 1075 1172 metis.
1092 1143 1140 1171 His
1161 1143 1335 1171 circumactis
1350 1143 1407 1170 dies
1426 1150 1545 1178 vespera:
1560 1149 1658 1176 expers
1683 1141 1772 1168 homi-

986 1191 1067 1218 nibus
1092 1190 1232 1218 illucescet
1257 1193 1499 1223 exspectatumque
1529 1195 1641 1223 regnum
1671 1187 1769 1214 inibit:

987 1242 1051 1264 tunc
1070 1236 1198 1264 interitus
1212 1235 1286 1262 nulla
1301 1235 1354 1262 erit
1369 1233 1510 1266 memoria,
1535 1238 1562 1261 et
1574 1233 1630 1260 vita
1652 1233 1772 1261 meliori-

986 1283 1062 1310 ribus
1083 1282 1216 1309 insututis
1229 1285 1335 1315 agetur.

1020 1328 1099 1354 Anno
1115 1327 1247 1357 decimo,-
1265 1334 1328 1354 cum
1370 1325 1517 1361 Chaganus
1544 1323 1615 1359 apud
1639 1323 1770 1351 Sirmium

984 1373 1111 1405 irrueret,
1127 1372 1275 1406 imperator
1291 1371 1373 1406 697
1401 1371 1558 1405 praai'ectum
1582 1369 1699 1404 Europae
1709 1368 1769 1396 Pri-

984 1426 1061 1446 scum
1081 1422 1166 1445 creat.
1184 1417 1211 1445 ls
1233 1416 1427 1445 Salvanianum
1453 1416 1570 1452 legatum
1581 1416 1633 1444 sibi
1651 1415 1770 1446 asciscit.

984 1470 1100 1498 eumque
1113 1463 1307 1498 praeirejubet.
1326 1462 1463 1490 Barbaros
1478 1469 1544 1497 ergo
1564 1461 1684 1497 aggressi
1705 1468 1770 1488 con-

984 1514 1059 1537 serta
1077 1516 1166 1544 pugna
1197 1515 1245 1536 eos
1273 1508 1398 1535 vincunt.
1420 1507 1568 1542 Cbaganus
1601 1515 1630 1534 rc
1662 1507 1770 1542 cognita

142 1555 289 1590 Ῥωμαῖοι.
310 1555 340 1582 ’0
354 1554 382 1581 δὲ
398 1554 525 1589 Χαγάνος
535 1554 615 1581 τοῦτο
630 1554 770 1590 ἀκηκοὼς,
784 1555 933 1582 ἀναλαϐὼν

985 1555 1072 1590 copiis
1096 1554 1218 1582 collectis
1233 1554 1267 1581 ad
1299 1553 1403 1582 bellum
1428 1553 1623 1588 proﬁciscitur.
1649 1553 1771 1588 Cumque

137 1601 190 1633 τὰς
207 1601 339 1636 δυνάμεις
350 1600 449 1637 ἐχώρει
470 1601 536 1637 πρὸς
551 1601 682 1636 πόλεμον,
701 1601 748 1627 καὶ
767 1601 808 1633 είς
825 1600 934 1637 Ἀγχία-

137 1644 186 1671 λον
203 1644 289 1671 ἐλθὼν
304 1644 406 1679 ταύτην
421 1645 601 1672 κατέκαυσεν.
618 1645 662 1682 [Ρ.
679 1645 743 1682 598]
762 1643 830 1673 Εἶτα
847 1646 889 1678 είς
902 1646 934 1673 τδ

138 1689 234 1723 Δριζὶν
257 1689 338 1724 περᾷ.
362 1690 392 1716 '0
420 1689 449 1717 δὲ
462 1690 592 1725 Πρίσκος,
611 1691 648 1726 μὴ
665 1690 750 1718 θέλων
769 1691 884 1727 θεωρεῖν
898 1692 933 1719 τὰ

137 1734 229 1770 πλήθη
241 1734 295 1761 τῶν
302 1735 466 1771 Βαρϐάρων,
475 1737 514 1767 εἰς
525 1736 692 1771 Τζουρουλὺν
704 1736 833 1764 εἰσελθὼν
846 1737 934 1772 1'13qu-

137 1780 244 1808 λίοατο.
261 1782 291 1808 '0
304 1781 333 1808 δέ
348 1781 489 1816 Βάρϐαρος
504 1781 550 1808 τδν
566 1782 687 1817 Πρίσκον
715 1783 871 1819 πολιορκεῖν
886 1783 934 1809 ἐπ-

138 1826 252 1862 εχείρει.
273 1827 366 1854 Ταῦτα
380 1827 410 1854 δέ
424 1827 552 1864 ἀκηκοὼς
577 1828 733 1863 Μαυρίκιος
756 1828 880 1864 διηπόρει
906 1828 933 1855 τί

139 1872 254 1909 δράσει·
284 1872 411 1908 εὐϐουλίᾳ
439 1873 467 1899 δὲ
491 1873 716 1908 καταστρατηγεῖ
739 1874 790 1908 τῆς
815 1873 932 1908 ἀπείρου

138 1919 294 1954 δυνάμεως,
304 1918 352 1945 καὶ
367 1919 416 1945 Eva
431 1918 487 1945 τῶν
507 1918 716 1954 ὲξκουϐιτώρων
733 1919 866 1954 μεγάλαις
880 1919 932 1945 δω-

142 1965 217 2001 ρεαῖς
228 1965 276 1991 καὶ
294 1964 456 2000 ὑποσχέσεσι
479 1964 568 1991 πείθει
584 1964 675 1991 ἑκοντὶ
697 1965 860 2000 περιπεσεῖν
877 1965 932 1997 τοῖς

140 2010 305 2047 Βαρϐάροις,
319 2011 368 2037 καὶ
382 2010 490 2036 δίδωσιν
510 2009 586 2045 αὑτῷ
602 2009 671 2045 πρὸς
688 2011 808 2046 Πρίσκον
824 2010 932 2046 γραφὴν

140 2056 322 2093 περιέχουσαν
340 2056 404 2083 τάδε
415 2063 422 2070 ·
446 2055 491 2091 Τῷ
508 2055 672 2091 ἐνδοξοτάτῳ
699 2055 846 2091 στρατηγῷ
865 2055 932 2091 Πρί-

141 2111 207 2138 σκῳ.
230 2102 286 2139 Τὴν
302 2101 445 2137 ἀλιτηριαν
466 2102 520 2128 τῶν
543 2101 693 2138 Βαρϐάρων
714 2103 872 2138 ἐγχείρησιν
893 2102 932 2138 μὴ

140 2148 278 2184 δειλιάσῃς
292 2156 298 2164 ·
314 2148 383 2184 πρὸς
397 2149 451 2183 γὰρ
468 2147 607 2175 ἀπώλειαν
624 2148 714 2175 αὐτῶν
731 2147 811 2175 τοῦτο
823 2148 931 2183 γέγονε.

140 2195 261 2221 Γίνωσκε
277 2194 331 2230 γὰρ
343 2195 383 2221 ὅτι
401 2194 470 2229 μετὰ
484 2194 585 2226 πολλῆς
596 2193 726 2230 αἰσχύνης
743 2193 799 2229 ἔχει
814 2195 828 2221 ὁ
838 2195 931 2229 Χαγά-

983 1600 1143 1628 Anchialum
1169 1600 1301 1632 venisset,
1324 1599 1419 1627 urbem
1444 1607 1504 1626 eam
1539 1599 1679 1627 incendit:
1708 1599 1770 1626 inde

983 1643 1118 1671 Drizinem
1134 1644 1243 1678 trajicit.
1260 1643 1372 1671 Priscus
1387 1651 1451 1670 vero
1468 1643 1636 1671 multitudini
1666 1643 1770 1670 Barba-

983 1696 1076 1717 rorum
1094 1688 1292 1716 occurrendum
1321 1695 1375 1716 non
1407 1693 1484 1716 ratus
1507 1687 1656 1715 Tzurulum
1683 1688 1770 1723 petiit.

984 1735 1074 1769 ibique
1089 1734 1142 1761 loci
1159 1733 1365 1769 opportunitate
1378 1741 1408 1761 se
1425 1737 1528 1761 tutatus
1538 1738 1591 1761 est.
1606 1733 1691 1766 Quem
1709 1741 1769 1760 mox

984 1781 1128 1816 Cbaganus
1139 1779 1257 1807 obsedit.
1274 1779 1302 1806 ld
1328 1786 1390 1806 cum
1404 1778 1553 1806 Mauricius
1579 1779 1768 1810 intellexisset,

983 1827 1047 1863 quid
1061 1826 1164 1854 faceret
1178 1825 1288 1857 dubius,
1306 1825 1454 1853 calliditate
1477 1825 1531 1852 vim
1545 1825 1643 1852 inilniti
1666 1825 1771 1852 exerci-

984 1877 1028 1900 tus
1044 1872 1095 1900 hoc
1111 1876 1190 1906 pacto
1201 1870 1297 1899 eludit.
1314 1870 1511 1898 Excubitorum
1537 1870 1682 1906 quemdam
1711 1878 1769 1896 ma-

983 1919 1045 1955 gnis
1057 1923 1084 1946 et
1096 1918 1259 1946 muneribus
1272 1921 1299 1945 et
1314 1917 1559 1953 pollicitationibus
1575 1921 1768 1952 eopermovet,

983 1966 1022 1994 uti
1042 1973 1104 1994 cum
1117 1965 1228 1998 litteris,
1244 1973 1311 2001 quas
1330 1966 1390 2001 ipse
1411 1965 1444 1992 ad
1458 1965 1580 1993 Priscum
1614 1965 1707 1997 dabat,
1721 1965 1770 1992 (le-

983 2013 1040 2040 dita
1058 2020 1141 2048 opera
1159 2013 1186 2039 in
1201 2011 1387 2039 Barbarorum
1417 2019 1514 2039 manus
1546 2019 1575 2040 se
1607 2011 1769 2046 conjicerel.

983 2058 1148 2087 Litterarum
1161 2058 1219 2086 hzec
1232 2063 1289 2086 erat
1301 2058 1437 2086 sententia
1453 2066 1461 2084 :
1477 2056 1573 2085 Prisco
1587 2057 1649 2084 duci
1666 2058 1768 2093 glorio-

983 2105 1094 2133 sissimo
1106 2104 1136 2132 S.
1149 2104 1477 2132 Formidaresceleratum
1495 2103 1674 2131 Barbarorum
1685 2111 1773 2131 cona-

983 2155 1040 2178 tum
1056 2150 1123 2183 noli,
1148 2150 1217 2186 ipsis
1230 2150 1315 2178 exitio
1327 2157 1378 2177 suo
1393 2154 1529 2178 staturum
1542 2158 1550 2177 :
1582 2157 1681 2185 magno
1696 2150 1768 2178 enim

983 2204 1034 2225 suo
1047 2204 1108 2224 cum
1122 2196 1257 2224 dedecore
1272 2196 1420 2232 Cbaganus
1438 2196 1465 2222 in
1485 2200 1586 2223 terram
1611 2195 1663 2223 sibi
1683 2203 1698 2223 a
1716 2195 1770 2223 Ro-

142 2249 184 2272 νος
199 2239 369 2275 ὑποστρέψαι
386 2241 427 2271 εἰς
450 2239 499 2274 τὴν
525 2239 726 2275 ἁφιερωθεῖσαν
755 2239 830 2275 αὑτῷ
854 2239 932 2275 παρὰ

984 2242 1072 2272 manis
1084 2250 1244 2271 concessam
1265 2246 1429 2270 revertetur.
1451 2241 1511 2270 Tua
1528 2249 1594 2278 ergo
1609 2242 1769 2277 praestantia

147 2285 293 2320 Ῥωμαίων
322 2284 426 2320 χώραν,
453 2285 501 2311 Διὰ
526 2284 606 2311 τοῦτο
636 2285 835 2320 καρτερησάτω
859 2285 876 2319 ὴ
897 2285 931 2321 σὴ

139 2331 281 2367 ἐνδοξότης
302 2332 332 2358 ὲν
355 2332 388 2366 τῇ
413 2330 575 2366 Τξουρουλῷ
592 2330 800 2366 περιρέμϐουσα
819 2331 929 2364 αὐτούς.

141 2378 245 2413 Ιῐέμπω
259 2376 315 2412 γὰρ
332 2376 377 2403 διὰ
396 2376 535 2411 θαλάσσης
548 2376 638 2408 πλοῖα,
661 2376 708 2403 καὶ
731 2377 931 2412 αἰχμαλωτίζο-

140 2432 187 2458 μαι
203 2423 253 2455 τὰς
268 2422 400 2457 φαμιλίας
413 2421 515 2455 αὐτῶν,
528 2421 576 2448 καὶ
598 2421 788 2455 ἀναγκάζεται
806 2421 866 2456 μετ’
884 2423 929 2449 αῖ-

138 2469 237 2504 σχύνης
258 2469 307 2495 καὶ
326 2467 430 2503 ζημίας
447 2468 488 2500 είς
511 2467 547 2494 τὰ
567 2467 620 2494 ῐδια
642 2467 825 2502 ὑποστρέψαι.
848 2467 877 2495 '0
901 2467 929 2495 δὲ

137 2515 264 2550 Χαγάνος
279 2516 422 2551 κρατήσας
444 2515 478 2541 τὰ
495 2515 650 2550 γράμματα
664 2514 711 2541 καὶ
731 2514 866 2548 ἀναγνοὺς
887 2515 929 2549 γί-

138 2571 213 2589 νεται
226 2562 366 2597 περιδεὴς,
379 2562 427 2588 καὶ
443 2561 582 2596 συνθήκας
595 2560 664 2597 πρὸς
674 2560 720 2587 τὸν
735 2560 855 2595 Πρίσκον
867 2561 928 2588 δια-

139 2609 252 2644 θέμενος
271 2609 319 2635 καὶ
334 2608 498 2644 είρηνεύσας
513 2608 558 2634 ἐπὶ
574 2607 672 2642 δώροις
684 2607 786 2641 ὀλίγοις
798 2607 846 2633 καὶ
862 2607 928 2634 ἀνα-

140 2655 269 2689 ξιολόγοις
280 2655 321 2687 είς
332 2656 382 2692 τὴν
397 2654 495 2681 ἑαυτοῦ
509 2652 675 2686 ἐπανέζευεε
688 2653 740 2688 γῆν
754 2652 824 2688 μετὰ
839 2653 929 2688 φυγῆς

140 2701 283 2736 κραταιᾶς.

844 2754 860 2765 1

678 2789 856 2820 XYLANDBI
882 2789 926 2817 ET
941 2789 1047 2819 COARI

174 2846 230 2881 (97)
253 2845 422 2881 Σιμοκάῖτου
443 2845 513 2881 apud
530 2844 642 2873 Suidam
667 2846 767 2879 duplici
789 2855 816 2878 τ,
831 2851 928 2880 estque

141 2880 349 2917 cognolueutum
362 2880 559 2917 Theophylacti
573 2881 712 2917 scpbistae.
726 2881 859 2909 Caeterum
871 2881 928 2908 lucc

980 2297 1028 2318 eos
1042 2289 1131 2317 otioso
1145 2289 1237 2317 animo
1257 2288 1392 2317 sustineat
1411 2288 1439 2316 in
1453 2287 1586 2316 Tzurulo.
1608 2288 1666 2323 Ego
1696 2289 1768 2317 enim

979 2344 1028 2372 per
1046 2344 1122 2365 mare
1137 2335 1231 2364 missis
1250 2335 1368 2371 navigiis
1386 2342 1482 2363 eorum
1496 2334 1617 2364 familias
1647 2335 1770 2369 captivas

978 2380 1096 2415 abduco,
1109 2385 1140 2408 ut
1154 2387 1216 2408 cum
1243 2379 1378 2407 dedecore
1397 2383 1424 2407 et
1449 2379 1554 2407 damno
1584 2386 1636 2408 suo
1659 2380 1769 2407 domum

978 2427 1068 2454 redire
1093 2433 1162 2461 opus
1178 2424 1286 2453 habeat.
1300 2424 1448 2460 Chaganus
1465 2433 1528 2453 cum
1548 2425 1576 2453 in
1602 2425 1708 2453 litteras
1723 2424 1766 2452 in-

983 2473 1096 2500 cidisset
1108 2480 1211 2507 easque
1238 2472 1362 2508 legisset,
1375 2472 1402 2500 in
1418 2480 1547 2508 magnum
1559 2472 1634 2500 venit
1648 2475 1768 2504 metum;

983 2526 1016 2546 ac
1034 2518 1127 2553 paucis
1141 2517 1306 2553 quibusdam
1328 2522 1355 2545 et
1371 2518 1475 2545 nullius
1496 2518 1575 2553 pretii
1588 2517 1669 2545 donis
1690 2523 1768 2543 acce-

982 2564 1047 2598 ptis,
1066 2570 1133 2598 pace
1148 2563 1301 2598 composita
1322 2563 1434 2590 domum
1455 2570 1549 2591 versus
1563 2561 1654 2598 fugam
1681 2568 1769 2597 quan-

982 2613 1038 2637 tum
1056 2609 1144 2644 potuit
1163 2607 1235 2637 fecit.

1081 2788 1200 2817 NOTIE.

980 2846 1110 2874 Citosroaz
1122 2845 1262 2881 praedictio
1275 2843 1467 2881 lucidior__l'ere
1480 2847 1522 2873 est
1540 2843 1612 2880 apud
1633 2842 1767 2870 Zouaram

981 2887 1009 2909 et
1023 2879 1205 2918 Nicephorum
1221 2889 1228 2913 ;
1241 2880 1372 2914 “111,27.
1390 2879 1457 2908 Χιι,
