2008 3149
217 134 269 165 767
843 134 1001 164 GEORGII
1021 134 1185 171 CEDRENI
1820 129 1871 160 753

217 193 313 216 venter
330 192 373 216 est
395 188 489 221 albus;
513 188 594 223 pedes
619 188 700 216 habet
727 192 857 223 quatuor,
880 190 998 217 caudam

1057 189 1154 224 πλῆθος
1168 188 1300 224 ἀνεφάνη.
1314 190 1344 215 '0
1356 189 1385 216 δὲ
1400 189 1578 224 κροκόδειλος
1589 186 1695 222 θηρίον
1708 185 1790 212 ἐστὶν
1800 187 1870 222 ὁμοῦ

219 240 345 269 magnam
363 237 445 268 atque
461 240 586 270 asperam
607 241 614 260 :
629 234 731 268 quippe
744 241 775 261 ea
790 235 852 263 linis
864 239 905 263 est
917 236 1002 270 spinae

1057 235 1103 261 καὶ
1119 234 1196 270 ἰχθὺς
1211 234 1309 269 μέγας,
1327 234 1457 269 ἀμφίϐιος
1471 234 1510 261 δέ.
1530 234 1593 261 Καὶ
1609 233 1627 268 ή
1647 232 1702 267 μὲν
1718 231 1804 266 χροιᾶ
1824 231 1871 258 τοῦ

219 279 294 307 dorsi
316 279 398 307 unico
411 286 474 308 osse
488 279 652 311 constantis,
670 287 700 306 ac
721 288 838 315 superne
851 281 878 308 in
893 281 1001 307 modum

1058 279 1143 305 νώτου
1162 279 1246 306 αὐτοῦ
1275 280 1363 315 πέτρᾳ
1384 279 1456 306 ἔοικε
1481 279 1627 314 μελαίνῃ,
1653 278 1671 313 ή
1695 276 1728 304 δὲ
1760 278 1870 312 γαστὴρ

220 322 341 350 dentium
352 330 434 351 serra:
448 322 544 350 incisa.
555 322 721 352 Feritautem
731 325 815 351 cauda
829 329 856 352 et
866 325 1000 353 vulnerat.

1057 325 1152 360 λευκὴ.
1168 325 1248 357 πόδες
1259 326 1288 352 δὲ
1312 325 1344 358 δ’,
1360 326 1408 352 καὶ
1430 325 1499 360 οὐρὰ
1524 324 1644 360 μεγάλη
1664 323 1716 350 καὶ
1732 324 1868 358 τραχεῖα⁸

218 367 305 402 Caput
321 368 439 395 humeris
465 369 625 403 contiguum
641 375 693 401 est,
720 371 807 405 iisque
822 374 959 405 aequatur,
973 376 1002 398 et

1057 372 1105 406 τῆς
1119 371 1223 406 ῥάχεως
1235 371 1289 406 γάρ
1300 372 1374 398 ἐστιν
1387 372 1445 402 ἐνὸς
1454 371 1549 398 ὀστέου
1567 370 1706 405 τελευτή.
1723 369 1870 404 Ἐντέτμη-

219 414 317 447 capitis
326 413 439 440 fortnam
450 415 668 449 lenet.quamdiu
676 423 730 442 non
745 416 800 443 hiat
813 424 819 442 :
832 417 874 442 ubi
886 416 951 448 hiat,
962 420 1003 443 to-

1057 426 1099 443 ται
1113 417 1142 444 δὲ
1156 417 1259 443 ἄνωθεν
1275 417 1313 447 ὡς
1328 418 1356 444 αι
1368 417 1420 443 τῶν
1436 417 1558 452 πριόνων
1569 416 1684 450 ἀκμαὶ,
1699 415 1753 442 καὶ
1767 415 1870 442 τύπτει

221 463 275 484 tum
286 463 367 492 caput
375 459 432 485 oris
444 460 550 487 locoest
559 465 586 487 et
596 468 684 494 usque
691 461 722 487 ad
732 463 859 488 humeros
866 463 1004 496 panditur.

221 504 298 530 Aliud
314 505 508 532 animnlculum
530 512 569 533 est
581 507 691 534 nomine
708 507 813 542 hydris,
828 509 900 541 quod
915 512 941 535 et
954 509 1004 544 hy—

221 550 261 576 lus
274 551 385 583 dicitur,
406 551 493 578 forma
505 553 614 580 canina.
636 552 672 578 Ea
695 553 790 588 hydris
808 554 863 579 luto
877 561 937 580 sese
953 554 1004 580 ob-

222 596 342 629 volvcns,
358 596 386 623 iu
399 597 527 624 crocodili
544 597 705 624 dormientis
719 598 796 632 (cam
810 598 883 624 enim
901 606 1004 633 oppor-

220 642 364 669 tunitatem
393 648 485 678 captat
515 652 522 671 :
550 644 707 671 crocodilus
742 645 814 672 enim
844 646 910 676 hiat,
940 653 1001 672 cum

223 695 350 715 somnum
372 689 460 724 capit)
477 697 509 717 os
525 689 620 720 insilit.
637 694 664 717 et
686 697 797 717 corroso
812 690 873 724 eius
897 695 1001 724 ventre,

220 734 311 769 itaque
326 735 411 762 bestia
429 739 554 767 enecata,
571 743 618 770 per
631 743 713 762 anum
733 737 799 763 exit.

1052 463 1081 489 ὲν
1105 463 1198 497 ταυτῷ
1213 462 1261 489 καὶ
1287 462 1479 497 τραυματίζει.
1501 463 1533 489 'H
1548 461 1667 496 κεφαλὴ
1689 460 1721 486 δὲ
1745 469 1869 496 προσηρ.

1054 508 1176 542 μοσμένη
1197 508 1254 540 τοῖς
1276 508 1364 543 ὥμοις
1381 509 1429 534 καὶ
1455 508 1646 543 ὲξισουμένη·
1671 507 1722 533 καὶ
1743 507 1788 540 ἐφ’
1807 507 1870 532 ὅσον

1054 555 1104 589 μὲν
1119 555 1149 580 οὐ
1166 554 1278 589 κέχηνε,
1297 554 1393 589 θηρίου
1408 554 1512 589 κεφαλή
1530 555 1627 585 ἐστιν,
1644 553 1721 579 ἐπὰν
1735 552 1766 578 δὲ
1784 551 1866 587 χάνῃ,

1051 601 1099 636 ὅλη
1112 601 1216 633 γίνεται
1233 600 1322 635 στόμα
1343 601 1425 636 μέχρι
1441 600 1494 627 τῶν
1514 599 1605 634 ὤμων
1621 598 1750 625 ποιοῦσα
1772 598 1804 625 τὸ
1822 599 1868 634 χά-

1055 655 1120 681 σμα.
1134 647 1207 673 Ζῶον
1222 647 1251 674 δέ
1272 647 1330 673 ἐστι
1355 646 1452 682 μικρὸν
1467 647 1483 681 ἠ
1499 646 1591 682 ὕδρις,
1609 645 1680 680 ἥτις
1709 644 1761 671 καὶ
1787 643 1868 676 ωλος

1053 691 1172 726 λέγεται,
1186 693 1266 724 κυνὸς
1283 692 1380 727 ἔχουσα
1403 693 1520 728 μορφήν.
1543 691 1626 726 Αὕτη
1648 691 1692 722 είς
1711 691 1802 725 πηλὸν
1817 699 1866 717 κυ-

1054 738 1200 774 λισαμένη,
1210 738 1378 773 ὲπιτηροῦσά
1387 747 1417 765 τε
1428 737 1669 773 τδνχροκόδειλον
1681 736 1864 766 καθεύδοντα.

220 779 336 816 εῑσπηδᾷ
345 780 389 807 διὰ
403 781 450 807 τοῦ
463 781 597 817 στόματος
609 782 691 808 auito-3
705 781 838 817 (κεχηνὼς
850 782 904 817 γὰρ
916 783 930 809 ὀ
945 783 1116 817 κροκόδειλος
1128 784 1264 819 καθεύδει)
1283 785 1323 817 είς
1337 784 1387 820 τὴν
1418 784 1541 820 γαστέρα
1570 783 1680 810 τούτου
1725 782 1858 818 χωροῦσα

220 829 268 855 καὶ
287 828 390 864 ταύτην
417 828 622 864 διαρῤήσσουσα
641 828 782 864 ἐξέρχεται
807 829 850 855 διὰ
868 829 917 864 τῆς
927 829 1007 864 ἕδρας
1027 830 1217 866 ἀπονεκροῦσα
1232 830 1325 858 αὐτόν.

255 876 335 903 Anno
352 877 394 907 19,
410 876 453 903 die
481 875 635 908 Paschalis,
660 875 762 910 Sophia
789 876 912 910 Augusta
936 883 1005 903 uxor

219 920 321 948 Justini
335 926 361 948 et
377 921 557 949 Constantina
574 929 643 949 uxor
655 921 779 949 Mauricii
795 922 942 956 pretiosam
955 923 1004 949 ad-

1093 877 1139 912 Τῷ
1154 877 1187 904 ιϐ’
1206 877 1271 908 ἔτει,
1289 876 1335 903 τοῦ
1355 876 1434 910 ἁγίου
1456 876 1563 910 Πάσχα,
1593 875 1688 910 Σοφία
1717 875 1865 910 Λῦγοΰστα

1057 924 1073 958 ἡ
1100 923 1168 957 γυνὴ
1192 922 1349 955 ’Ῑουστίνου,
1375 922 1434 957 ἅμα
1459 922 1666 957 Κωνσταντίνᾳ
1689 922 1724 956 τῇ
1752 922 1863 955 γυναικὶ

221 968 332 994 modum
344 974 474 994 coronam
491 967 671 995 confecerunt
688 975 721 995 ac
740 968 897 1003 imperatori
921 968 1004 996 obtu-

1057 955 1222 1002 Μαυρικίου,
1245 968 1353 1003 στέμμα
1370 955 1616 995 κατασκευάσασαι
1644 955 1806 1004 όπέρτιμον
1824 968 1862 1002 τῷ

222 1013 324 1040 lerunt.
350 1013 438 1046 Quam
465 1021 526 1041 cum
553 1017 705 1048 spectasset
725 1015 884 1049 imperator,
901 1016 928 1042 in
945 1023 1005 1042 ma-

222 1067 305 1094 gnum
322 1060 452 1094 templum
468 1060 576 1092 detulit,
602 1059 695 1095 ibique
709 1068 791 1095 supra
806 1068 913 1088 sacram
931 1068 1006 1089 men-

224 1111 282 1131 sam
312 1103 367 1131 Deo
392 1104 525 1132 dedicans
550 1105 704 1140 suspendit.
732 1105 802 1133 Pace
822 1106 901 1141 702
916 1111 1005 1134 autem

223 1157 285 1176 cum
313 1149 441 1177 Barbaris
472 1151 597 1182 confusa,
624 1158 732 1178 rursum
764 1151 909 1185 Chaganus
940 1151 1007 1179 lines

223 1195 410 1223 Romanorum
425 1196 548 1228 intravit,
561 1200 589 1222 et
606 1199 725 1231 quatuor
751 1197 809 1224 suis
826 1196 888 1225 [iliis
901 1199 1008 1225 excrci-

224 1245 267 1268 tus
285 1241 390 1274 tribuit,
408 1242 507 1276 quibus
526 1242 671 1269 transitura.
687 1242 747 1270 lstri
760 1243 937 1271 custodirent.
953 1243 1006 1272 Sed

225 1285 340 1314 Romani
358 1287 465 1315 ratibus
482 1286 616 1314 confectis
637 1287 748 1314 ﬂuvium
773 1290 1005 1320 transmiserunt;

224 1332 373 1367 praelioque
389 1339 554 1367 congressus
570 1339 634 1359 cum
657 1332 779 1367 Chagani
798 1333 862 1361 (iliis
885 1333 1006 1368 Priscus,

223 1377 296 1412 quod
313 1377 348 1404 ab
363 1384 462 1404 aurora
486 1377 520 1404 ad
540 1385 682 1412 vesperam
702 1385 789 1412 usque
803 1378 923 1412 duravit,
938 1387 1008 1414 qua-

225 1427 288 1450 tuor
303 1422 484 1450 Barbarorum
502 1423 586 1450 millia
599 1423 711 1456 occidit,
729 1424 781 1451 500
803 1432 916 1452 suorum
935 1425 1008 1452 desi-

224 1467 339 1495 deratis.
356 1467 493 1494 Postridie
508 1467 568 1502 ejus
583 1468 637 1495 diei
653 1476 750 1496 rursus
772 1469 789 1496 8
807 1469 892 1496 millia
910 1469 1008 1498 Barba.

225 1520 319 1541 rorum
338 1513 485 1541 interfecit.
501 1513 595 1541 Tertia
612 1513 656 1541 die
676 1514 791 1542 Romani
813 1515 847 1542 de
867 1516 1009 1551 superiore

223 1558 284 1586 loco
302 1559 328 1586 in
342 1558 480 1586 Barbaros
495 1559 646 1592 iri-uerunt,
661 1567 768 1595 eosque
795 1560 870 1588 fusos
890 1563 916 1588 in
933 1562 1009 1596 palu-

1057 1015 1163 1050 βασιλεῖ
1179 1015 1366 1049 προσήγαγον.
1396 1013 1426 1040 '0
1445 1014 1473 1040 δὲ
1499 1013 1634 1048 βασιλεὺς
1657 1013 1745 1040 τοῦτο
1761 1013 1861 1041 θεασά-

1058 1069 1149 1096 μενος,
1176 1060 1301 1087 ἀπελθὼν
1316 1060 1345 1087 ὲν
1361 1061 1393 1095 τῇ
1413 1060 1529 1095 Μεγάλῃ
1548 1059 1712 1096 Ἐκκλησία
1736 1060 1776 1094 τῷ
1802 1060 1860 1095 Θεῷ

1056 1106 1135 1134 τοῦτο
1149 1107 1319 1141 προσήγαγε,
1337 1105 1480 1141 κρεμάσας
1503 1106 1599 1132 ἐπάνω
1614 1106 1670 1139 τῆς
1694 1106 1781 1139 ἁγίας
1799 1114 1861 1141 τρα-

1056 1153 1151 1187 πέζης.
1167 1152 1301 1186 Λυθείσης
1316 1152 1344 1178 δὲ
1361 1153 1411 1186 τῆς
1427 1152 1493 1187 πρδς
1517 1152 1581 1184 τοὺς
1601 1152 1772 1188 Βαρῦάρους
1787 1153 1859 1187 εἰρή-

1057 1206 1117 1232 νης,
1133 1197 1214 1223 πάλιν
1232 1197 1247 1224 ὁ
1261 1197 1385 1230 Χαγάνος
1401 1197 1446 1222 ἐπὶ
1459 1195 1494 1222 τὰ
1513 1195 1662 1230 Ῥωμαϊκὰ
1682 1196 1781 1230 χωρεῖ.
1797 1195 1859 1226 Τοῖς

1057 1244 1085 1269 δὲ
1099 1244 1246 1279 τέσσαρσιν
1263 1242 1348 1270 αὐτοῦ
1361 1243 1429 1273 υἱοῖς
1449 1241 1588 1277 παραδοὺς
1609 1241 1714 1277 ἐτέρας
1728 1241 1857 1276 δυνάμεις

1057 1289 1214 1324 παρέστησε
1238 1290 1366 1324 φρουρεῖν
1386 1288 1436 1319 τὰς
1455 1287 1596 1319 διαδάσεις
1610 1286 1662 1314 τοῦ
1682 1288 1808 1322 Ἴστρου.
1825 1287 1856 1313 Οί

1057 1335 1085 1362 δὲ
1104 1334 1234 1369 Ῥωμαῖοι
1253 1334 1363 1369 σχεδίας
1379 1333 1543 1368 ποιήσαντες
1561 1333 1612 1360 τδν
1625 1333 1757 1368 ποταμὸν
1770 1333 1856 1359 διεπέ-

1059 1388 1146 1415 ρασαν
1156 1388 1163 1396 ’
1179 1380 1226 1407 καὶ
1244 1379 1314 1414 μετὰ
1336 1379 1392 1406 τῶν
1410 1379 1476 1406 υἱῶν
1490 1379 1537 1406 τοῦ
1557 1379 1696 1413 Χαγάνου
1711 1377 1857 1412 συμϐαλὼν

1058 1428 1072 1453 6
1088 1426 1207 1461 Πρίσκος
1218 1425 1272 1452 ἀπὸ
1285 1425 1357 1461 πρωϊ
1378 1425 1431 1457 ἓως
1446 1425 1578 1460 ἑσπέρας,
1597 1424 1776 1460 τριακοσίων
1798 1423 1856 1450 Ῥω-

1060 1473 1146 1507 μαίων
1162 1471 1368 1507 ἀναιρεθέντων,
1391 1472 1527 1506 τέσσαρας
1541 1471 1673 1506 χιλιάδας
1696 1470 1753 1497 τῶν
1780 1470 1851 1505 Βαρ-

1059 1518 1152 1553 ϐάρων
1163 1517 1262 1551 λῶλεσε,
1278 1518 1327 1544 καὶ
1344 1519 1376 1552 τῇ
1391 1516 1505 1552 ἐπιούσῃ
1525 1516 1607 1543 πάλιν
1633 1515 1710 1543 ὀκτὼ
1735 1515 1854 1550 χιλιάδας

1058 1563 1113 1589 τῶν
1128 1561 1278 1598 Βαρϐάρων
1291 1561 1391 1588 ἀνεῖλε.
1409 1562 1448 1596 Τῇ
1464 1561 1493 1587 δὲ
1507 1561 1587 1596 τρίτῃ
1598 1561 1636 1587 ὲκ
1653 1560 1710 1587 τῶν
1722 1559 1853 1594 ὑψηλοτέη

224 1605 285 1633 dem
296 1605 498 1639 compulerunt,
513 1605 671 1640 multosque
683 1605 720 1632 ibi
736 1605 916 1639 suﬂ'ocarunt,
937 1608 1005 1635 inter

1061 1619 1114 1645 ρων
1130 1610 1155 1636 οἱ
1171 1609 1301 1644 Ῥωμαῖοι
1313 1607 1380 1643 πρὸς
1390 1608 1452 1639 τοὺς
1465 1607 1508 1643 [Ρ.
1524 1606 1588 1642 401]
1601 1606 1771 1641 Βαρϐάρους
1786 1604 1852 1639 ἐχώ-

223 1657 293 1684 quos
310 1650 385 1678 l'ucre
401 1650 521 1685 Chagani
539 1651 619 1678 etiam
633 1650 691 1679 lilii.
708 1650 809 1678 lllustri
826 1650 1006 1678 victoriatum

224 1696 318 1731 pntitis
332 1695 474 1727 Romanis,
492 1703 601 1722 rursum
624 1695 770 1731 Chaganus
788 1703 885 1731 magno
898 1701 1008 1724 contra-

223 1745 269 1769 cto
296 1741 419 1768 exercitu
455 1740 587 1768 adversus
616 1747 664 1768 eos
695 1741 898 1774 proliciscltur;
925 1749 1007 1776 quem

222 1787 336 1814 Priscus
360 1793 526 1819 congressus
547 1793 638 1821 pugna
670 1786 751 1819 fudit,
779 1787 1008 1821 illustrioremque

222 1833 314 1868 priore
331 1833 472 1859 victoriam
494 1832 653 1866 reportavit.
671 1831 744 1860 Idem
761 1832 874 1860 Priscus
889 1837 1008 1867 quatuor

223 1879 307 1906 millia
320 1878 459 1911 instruxit.
473 1885 505 1905 ac
523 1877 632 1906 Tissum
649 1885 756 1906 amnem
776 1879 896 1906 transire
910 1879 1006 1913 jussit,

221 1924 338 1952 tentoria
351 1923 534 1951 Barbarorum
557 1924 741 1958 speculatum.
759 1923 872 1951 Barbari
889 1929 946 1952 tum
960 1932 1007 1952 eo-

221 1977 281 1996 rum
298 1976 359 2004 qnze
373 1973 449 2004 gesta
460 1972 541 1996 erant
560 1969 648 2004 ignari
671 1968 756 1997 l‘estos
769 1969 827 1997 dies
843 1970 959 2005 agebant
974 1978 1007 1998 ac

220 2016 428 2051 compotabant.
443 2015 539 2050 Itaque
561 2023 609 2043 eos
635 2016 810 2051 inopinantes
838 2016 925 2044 adorti
948 2016 1006 2044 Ro-

221 2062 295 2089 mani
311 2061 412 2096 ingenti
427 2061 504 2089 clade
519 2061 667 2089 alIecerunt
685 2072 692 2089 :
706 2062 786 2091 caesis
805 2062 878 2090 enim
891 2063 926 2090 50
944 2063 1007 2090 mila

221 2108 294 2136 libus
309 2107 474 2143 Gepidarum
491 2107 665 2143 aliorumque
688 2107 883 2141 Barbarorum,
908 2116 1006 2144 magna

223 2161 285 2182 cum
306 2154 397 2189 praeda
422 2153 455 2181 ad
475 2153 598 2182 Priscum
621 2159 685 2181 sunt
715 2154 830 2181 reversi.
860 2154 1005 2189 Chaganus

221 2199 312 2228 denuo
332 2200 466 2235 reparatis
481 2199 580 2234 copiis,
596 2199 629 2226 ad
645 2199 744 2227 Istrum
761 2207 824 2227 cum
849 2200 1003 2233 accederet,

204 2283 206 2285 _
220 2253 310 2281 pugna
327 2246 415 2274 victus
425 2249 478 2279 est,
497 2245 666 2280 Barbarique
678 2245 706 2272 in
720 2244 804 2272 ﬂuvio
819 2245 965 2277 submersi,
978 2250 1004 2274 et

1061 1662 1156 1690 ρησαν,
1176 1654 1223 1680 καὶ
1247 1653 1359 1685 τούτους
1381 1653 1532 1687 τρέψαντες
1558 1652 1605 1678 ἐπὶ
1632 1652 1668 1678 τὰ
1692 1651 1778 1677 ὕδατα
1805 1649 1852 1683 τῆς

1058 1699 1156 1735 λίμνης
1169 1700 1282 1735 ἤλασαν,
1300 1698 1415 1729 πολλοὺς
1435 1697 1464 1731 ἐξ
1477 1697 1572 1724 αὐτῶν
1589 1696 1808 1728 ἀποπνίξαντες.
1823 1694 1850 1719 ἐν

1058 1743 1098 1777 οἷς
1117 1745 1164 1772 καὶ
1187 1745 1212 1771 ol
1232 1745 1279 1771 τοῦ
1300 1744 1428 1778 Χαγάνου
1456 1743 1550 1774 παῖδες
1575 1742 1783 1777 ἀπεπνίγησαν,
1807 1741 1850 1766 καὶ

1058 1791 1138 1822 νίκην
1152 1791 1178 1817 oi.
1200 1790 1332 1825 Ῥωμαῖοι
1346 1790 1484 1825 περιφανῆ
1503 1788 1680 1823 ἀνεδήσαντο.
1703 1788 1733 1814 '0
1749 1787 1778 1813 δὲ
1794 1786 1848 1813 Χα-

1057 1837 1139 1871 γάνος
1165 1836 1245 1864 πάλιν
1274 1835 1454 1870 συναθροίσας
1484 1833 1754 1869 δυνάμεις’πολλὰς,
1780 1831 1848 1858 κατὰ

1065 1881 1209 1917 Ῥωμαίων
1225 1879 1301 1917 ἦλθε.
1322 1881 1445 1916 Πολέμου
1459 1881 1489 1907 δὲ
1506 1879 1688 1916 κρατηθέντος
1704 1879 1846 1914 τρέπονται

1057 1929 1081 1954 οἱ
1101 1927 1238 1963 Βάρὸαροι
1264 1927 1312 1953 καὶ
1332 1927 1412 1961 νίκην
1433 1925 1572 1953 ποιοῦνται
1597 1925 1731 1961 Ῥωμαῖοι
1755 1923 1846 1950 πασῶν

1058 1973 1273 2008 ἐπισημοτέραν.
1285 1972 1315 1999 '0
1325 1972 1353 1999 δὲ
1366 1972 1486 2007 Πρίσκος
1500 1971 1638 2006 τέσσαρας
1653 1969 1775 2006 χιλιάδας
1789 1977 1847 1994 συν-

1055 2019 1141 2052 τάξας
1153 2018 1198 2045 τδν
1215 2019 1315 2045 Τίσσον
1334 2017 1457 2052 ποταμὸν
1473 2018 1592 2052 περᾶσαι
1606 2017 1752 2044 ἐκέλευσεν
1764 2016 1802 2046 είς
1817 2014 1844 2040 τὺ

1055 2064 1264 2099 κατασκοπῆσαι
1287 2063 1322 2091 τὰ
1344 2063 1398 2090 τῶν
1414 2063 1563 2099 Βαρδάρων
1578 2062 1760 2098 σκηνώματα.
1776 2060 1807 2087 οι
1818 2059 1844 2086 δὲ

1055 2109 1147 2145 Βάρδα
1152 2117 1202 2145 por,
1213 2109 1296 2144 μηδὲν
1308 2108 1362 2135 τῶν
1370 2109 1519 2143 γεγονότων
1529 2108 1693 2142 ἐγνωκότες,
1704 2105 1841 2142 ἑορτάζον-

1054 2164 1099 2188 τες
1115 2155 1328 2190 ὲσυμποσίαζον.
1354 2155 1466 2185 Τούτοις
1479 2154 1504 2181 οῖ
1529 2154 1660 2188 Ῥωμαῖοι
1682 2152 1842 2188 ἀπροόπτως

1054 2200 1263 2232 ἐπεισπεσόντες
1275 2199 1404 2235 μέγιστον
1418 2199 1498 2234 φόνον
1511 2199 1674 2233 εἰργάσαντο
1683 2206 1691 2214 ·
1700 2197 1840 2233 τριάκοντα

1054 2245 1108 2281 γὰρ
1130 2245 1252 2281 χιλιάδας
1270 2245 1398 2280 Γηπέδων
1427 2245 1473 2271 καὶ
1502 2244 1604 2278 ἐτέρων
1620 2243 1773 2279 Βαρϐάρων
1791 2241 1842 2267 άπ-

219 2299 283 2320 cum
302 2291 345 2320 his
364 2299 460 2327 magna
476 2290 650 2320 Slavinorum
668 2291 826 2318 multitudo.
838 2290 898 2318 Vivi
913 2291 939 2318 in
956 2299 1005 2326 po—

1057 2291 1188 2323 εκτειναν,
1197 2290 1244 2317 καὶ
1253 2289 1382 2326 πλείστην
1389 2289 1576 2325 αἰχμαλωσίαν
1582 2288 1712 2320 λαϐόντες
1721 2287 1788 2323 πρὸς
1796 2285 1838 2312 τὸν

220 2329 345 2366 testatem
360 2338 546 2364 Romanorum
559 2341 694 2365 venerunt
715 2337 787 2365 5200
801 2337 916 2370 Avares,
939 2337 1005 2364 Bar-

219 2382 280 2410 bari
295 2382 374 2418 703
391 2382 470 2410 2000.
502 2381 649 2418 Chaganus
664 2390 727 2410 cum
754 2383 858 2418 legatos
880 2387 1005 2418 repetun-

219 2429 316 2456 dorum
345 2429 516 2464 captivorum
555 2436 638 2457 causa
682 2428 814 2461 misisset,
855 2429 1005 2458 Mauricius

221 2473 340 2501 nondum
356 2478 469 2509 accepto
487 2478 541 2502 tam
554 2473 670 2502 illustris
685 2473 806 2501 victoria:
820 2473 917 2501 nuntio
928 2474 1005 2502 reddi

219 2526 267 2546 eos
283 2518 378 2555 jussit.

1053 2335 1173 2371 Πρίσκον
1188 2335 1373 2371 ὑπέστρεψαν.
1392 2335 1422 2362 '0
1434 2335 1462 2362 δὲ
1472 2335 1598 2369 Χαγάνος
1615 2334 1698 2361 πάλιν
1716 2333 1838 2366 δυνάμεις

1058 2381 1190 2416 ἁθροίσας
1213 2382 1261 2408 ἐπὶ
1278 2381 1325 2409 τὸν
1343 2382 1449 2417 Ἴστρον
1467 2380 1658 2416 παραγίνεται,
1676 2379 1723 2406 καὶ
1737 2376 1837 2413 συμϐα-

1054 2427 1147 2458 λόντες
1172 2427 1292 2462 πόλεμον
1306 2427 1441 2463 ἡττῶνται
1459 2426 1484 2452 ol
1509 2425 1648 2461 Βάρὸαροι
1670 2424 1717 2452 καὶ
1743 2425 1782 2455 τίς
1795 2421 1838 2448 τὸν

1058 2473 1181 2508 ποταμὸν
1211 2472 1420 2508 ἀποπνίγονται.
1441 2471 1661 2499 Συναπόλλυνται
1687 2471 1715 2498 δὲ
1737 2468 1834 2499 τούτοις

1056 2520 1106 2546 καὶ
1124 2518 1282 2546 Σθλαδίνων
1299 2519 1401 2554 πλήθη.
1415 2519 1524 2550 Ζῶντας
1536 2518 1565 2545 δὲ
1582 2518 1735 2554 ἐκράτησαν
1756 2514 1834 2541 Ἀσα-

214 2574 270 2604 pa;
289 2567 338 2602 μὲν
352 2569 411 2599 ,γσ’,
431 2566 591 2602 Βαρόάρους
608 2566 636 2593 δὲ
655 2565 696 2602 ,β’.
720 2566 749 2594 '0
763 2566 792 2594 δὲ
807 2567 931 2601 Χαγάνος
943 2566 1072 2602 πρέσϐεις
1085 2567 1155 2603 πρὸς
1163 2567 1209 2594 τὸν
1224 2565 1334 2602 βασιλέα
1351 2565 1518 2598 ἀπέστειλεν,
1534 2560 1832 2593 άναλαδέσθαιτοίιςζω-

218 2613 369 2649 γρηθέντας
389 2612 557 2648 βουλόμενος.
580 2613 609 2640 '0
631 2613 659 2640 δὲ
678 2613 832 2648 Μαυρίκιος
847 2614 930 2650 μήπω
952 2613 1046 2650 μαθὼν
1058 2614 1107 2650 τὴν
1123 2615 1260 2650 περιφανῆ
1279 2613 1332 2641 τῶν
1345 2613 1488 2649 Ῥωμαίων
1501 2612 1590 2647 νίκην,
1605 2611 1707 2647 γράφει
1723 2609 1759 2644 τῷ
1774 2605 1834 2643 Πρὶ·

220 2669 277 2692 σκῳ
293 2660 437 2687 ἀποδοῦναι
459 2661 499 2696 τῷ
512 2661 630 2696 Χαγάνῳ
660 2662 724 2693 τοὺς
752 2660 911 2696 Βαρϐάρους
941 2660 989 2688 καὶ
1005 2660 1114 2696 μόνους.

256 2706 357 2734 Eodem
390 2715 474 2739 anno,
504 2709 656 2736 monachus
687 2709 810 2743 quidam,
831 2708 911 2743 cujus
939 2708 1003 2735 vitae

221 2751 384 2780 exercitatio
406 2751 522 2780 illustris
538 2756 607 2787 erat,
625 2753 751 2781 strictum
765 2752 884 2788 gladium
904 2758 1002 2782 tenens

1093 2707 1139 2743 Τῷ
1154 2707 1228 2743 αὑτῷ
1243 2707 1308 2741 ἔτει,
1323 2705 1440 2743 μοναχός
1452 2713 1495 2738 τις
1504 2706 1534 2733 ἐν
1546 2705 1661 2740 ἀσκήσει
1675 2702 1832 2737 διαλάμπωνν

1057 2753 1165 2789 σπάθην
1185 2754 1225 2790 (8)
1245 2755 1352 2790 γυμνὴν
1375 2751 1496 2787 κρατῶν,
1517 2751 1572 2779 ἀπὸ
1588 2750 1635 2778 τοῦ
1659 2750 1740 2786 φόρου
1761 2747 1832 2782 μέχρι

779 2808 957 2836 XYLANDRI
984 2808 1026 2835 ET
1051 2809 1156 2837 GOARI
1182 2809 1299 2837 NOTAE.

256 2855 293 2889 (8)
309 2856 441 2886 Isidorus.
463 2863 538 2889 xvm,
551 2856 567 2884 6
583 2865 589 2883 :
608 2855 721 2890 framea.
737 2855 842 2890 gladius
865 2862 897 2881 ex
912 2859 1024 2890 utraque
1039 2861 1114 2889 parte
1131 2861 1224 2884 acutus
1258 2863 1335 2891 quam
1353 2854 1428 2890 vulgo
1450 2854 1572 2888 spatham
1591 2858 1694 2887 vacant,
1725 2858 1767 2886 psa
1795 2848 1828 2873 ιιι

220 2892 377 2927 rhomphwa.
395 2891 478 2919 Gen.
