2008 3149
122 147 171 178 ἷ69

640 145 909 176 HISTORIARUM
926 145 955 174 Cl
963 146 1185 178 )MPENDIUM.

1689 152 1744 183 770

123 203 168 236 τῆς
181 200 294 235 Χαλκῆς
304 199 421 236 ξιφήρης
430 199 586 235 διαδραμὼν
592 199 637 226 τὸν
651 200 839 236 αὓτοκράτορα
853 201 909 231 τοῖς

965 208 974 227 a
990 200 1050 228 foro
1061 209 1146 236 usque
1159 201 1193 229 ad
1206 201 1321 230 Eneam
1332 207 1438 240 portam
1453 204 1602 240 procurrit,
1616 207 1745 236 omnibus

123 248 203 274 πᾶσιν
219 248 249 274 ὲν
268 247 341 282 φόνῳ
357 246 493 282 μαχαίρας
501 245 679 280 τεθνήξεσθαι
690 246 906 282 προηγόρευσεν.

129 291 244 327 ὐμοιως
265 292 312 318 καὶ
336 291 498 326 Ἡρωδιανὸς
516 292 662 326 Μαυρικιῳ
681 291 721 323 εις
739 291 770 318 τὸ
792 291 908 326 φανερὸν

124 337 339 373 προσανήγγειλε
354 337 388 364 τὰ
401 338 488 372 τούτῳ
506 337 713 372 ωμσησόμενα.
730 337 798 364 Τότε
817 338 866 364 καὶ
883 337 907 363 οῐ

123 383 201 418 δῆμοι
214 383 300 418 ἄνδρα
311 382 459 418 παρόμοιον
475 382 514 417 τῷ
522 382 668 417 Μαυρικίῳ
687 382 811 417 Μαῦρον,
828 389 907 417 περι-

124 429 248 462 ϐαλόντες
265 429 348 463 σάγον
367 429 414 456 καὶ
435 429 566 463 στέφανον
584 429 731 462 πλέξαντες
745 429 798 456 ἀπὸ
813 428 908 463 σκορό-

123 476 173 503 δων
185 476 234 503 καὶ
245 477 279 511 τῇ
295 475 378 502 αὐτοῦ
393 475 552 511 περιθέντες
567 475 683 511 κεφαλῇ,
703 475 756 510 όνῳ
769 484 799 502 τε
812 474 907 502 τοῦτον

124 523 331 555 ἐπικαθίσαντες
345 521 465 555 ἔπαιζον,
478 522 597 558 Εὖρηκε,
611 521 748 556 λέγοντες,
759 522 808 556 τὴν
820 521 907 556 δαμά-

123 569 170 604 λην
183 569 303 604 ἁπαλὴν,
316 569 362 596 καὶ
377 569 415 600 ὡς
430 569 461 595 τὸ
474 568 566 595 καινὸν
576 567 734 602 ἀλεκτόριον
749 567 908 603 πεπήδηκεν

123 616 218 650 αὐτὴν,
237 615 285 642 καὶ
299 615 412 649 ἐποίησε
427 614 522 640 παιδία
541 614 578 644 ὡς
601 613 635 640 τὰ
664 613 839 645 ξυλοκώδωνα
857 614 905 648 (9).

124 661 201 696 Ἀγιέ
225 670 285 696 μου,
311 662 382 695 ἇγιε,
406 660 452 691 δὸς
474 660 549 694 αὐτῷ
571 659 642 686 κατά
661 659 784 695 κρανίου,
801 659 845 686 ἵνα
871 659 908 694 μὴ

123 708 307 743 ὐπεραίρηται
318 715 324 722 ·
340 707 417 741 κάγώ
433 715 474 733 σοι
490 706 536 733 τὸν
553 706 641 741 μέγαν
662 705 725 740 βοῦν
741 705 908 740 προσαγάγω

123 754 161 785 εἰς
173 755 266 788 εὐχήν.
284 753 402 780 Τοιαῦτα
417 753 466 787 μὲν
482 752 517 779 τὰ
539 751 615 787 παρὰ
629 751 676 778 τοῦ
689 751 787 786 δήμου.
806 751 860 777 Καὶ
875 750 907 776 οὐ

123 799 256 834 περιττῶς
271 798 513 834 ὐπεμνηματισθη,
528 797 585 824 ἀλλ’
602 797 634 823 ἶν’
651 797 765 832 εἰδῶμεν
780 795 818 828 ὡς
831 796 907 825 ἐπει-

121 845 169 871 δάν
183 853 225 876 τις
242 844 383 881 παροξύνῃ
395 845 440 871 τὸν
461 843 603 878 δεσπότην,
614 844 670 874 τοῖς
684 843 766 870 αὐτοῦ
783 842 908 876 παίγνιον

122 890 225 924 γίνεται
242 890 405 922 συνδούλοις.

158 935 202 969 Τῷ
218 934 334 970 εἰκοστῷ
356 934 422 967 ἔτει,
443 933 583 960 Θεοδόσιον
597 933 644 960 τὸν
666 933 724 959 υἱὸν
741 933 824 959 αὑτοῦ
845 941 910 960 συν-

121 979 174 1013 ῆψε
193 979 262 1014 πρὸς
278 979 367 1014 γάμον
389 981 422 1015 τῇ
444 979 561 1015 θυγατρὶ
585 979 726 1014 Γερμανοῦ
749 978 795 1005 τοῦ
811 987 910 1013 πατρι-

123 1026 193 1052 κίου.
210 1025 256 1060 Τῷ
280 1025 353 1060 αὑτῷ
369 1025 424 1051 ἔτει
441 1025 594 1061 Μαυρίκιος
613 1026 642 1051 ὲν
666 1024 739 1061 αὐτῷ
755 1024 910 1060 γενόμενος,

122 1073 170 1098 καὶ
186 1073 316 1107 ἐννοήσας
324 1072 365 1098 ὃτι
378 1072 455 1099 οὐδὲν
466 1072 511 1099 τὸν
521 1072 586 1098 Θεὸν
598 1071 735 1104 λανθάνει,
749 1071 815 1098 ἀλλὰ
828 1071 911 1098 πᾶσιν

122 1119 270 1145 ἀποδίδωσι
290 1118 360 1145 κατὰ
374 1119 443 1154 ἔργα
459 1118 560 1151 αὐτῶν,
574 1118 621 1144 καὶ
638 1117 866 1152 ἐπιλογισάμενος
881 1117 912 1144 τὸ

123 1164 236 1199 σφάλμα
252 1164 266 1191 ὃ
281 1164 409 1200 ἐποίησεν
424 1164 465 1195 εἰς
480 1163 528 1199 τὴν
544 1163 748 1198 αἰχμαλωσίαν,
765 1163 803 1199 μὴ
817 1163 912 1197 ἐξαγο-

124 1212 210 1246 palan:
233 1211 330 1246 αὐτὴν,
357 1210 508 1245 συμφέρειν
530 1210 637 1245 ἔκρινεν
654 1209 729 1244 αὐτῷ
744 1211 774 1236 ὲν
799 1209 838 1244 τῷ
861 1209 912 1245 βιῳ

123 1256 211 1291 τούτῳ
226 1255 374 1283 ἀπολαϐεῖν
392 1259 442 1291 τὴν
459 1255 598 1291 ἁμαρτίαν
616 1255 660 1290 [Ρ.
679 1254 744 1291 402]
758 1255 806 1282 καὶ
820 1255 858 1290 μὴ
883 1256 913 1282 ὲν

122 1303 163 1338 τῷ
178 1303 310 1337 μέλλοντι.
328 1303 383 1329 Καὶ
403 1303 521 1337 ποιήσας
545 1302 651 1336 δεήσεις
683 1302 840 1336 ἐγγράφους
858 1302 912 1328 ἀπ-

123 1349 226 1375 έστειλε
251 1348 321 1385 πρὸς
349 1348 436 1375 πάντα
464 1347 638 1383 πατριάρχην
661 1348 707 1374 καὶ
730 1348 845 1383 μοναχὸν
873 1348 913 1379 εις

125 1396 215 1422 πάνια
228 1395 264 1421 τὰ
288 1395 460 1430 μοναστήρια
488 1396 535 1421 καὶ
556 1395 596 1426 εἰς
620 1393 655 1421 τὰ
672 1394 859 1430 Ἰεροσόλυμα,
869 1394 913 1420 ἵνα

123 1442 290 1477 αἰτήσωνται
311 1441 357 1468 τὸν
377 1440 443 1467 Θεδν
466 1440 583 1467 ἐνταῦθα
607 1439 653 1466 καὶ
676 1441 713 1475 μή
738 1441 798 1466 ἐκεῖ
819 1440 913 1466 τοῦτον

125 1488 303 1523 κολασθῆναι.
326 1486 549 1518 Ἐσκανδαλὶζετο
571 1487 600 1513 δὲ
623 1487 669 1512 καὶ
688 1487 727 1518 εἰς
750 1486 912 1513 Φιλιππικὸν

125 1535 171 1561 τὸν
186 1534 312 1570 γαμϐρὸν
326 1533 420 1564 αὐτοῦ,
434 1533 471 1565 ὡς
485 1533 515 1560 τὸ
532 1535 563 1568 φῖ
576 1533 649 1568 ἔχειν
663 1534 703 1564 εις
718 1533 911 1568 χρηματισμὸν
925 1552 946 1581 c

123 1581 171 1608 τὸν
198 1580 296 1608 τοῦτον
319 1581 517 1615 ἀναιρήσοντα,
546 1579 634 1606 καίτοι
670 1579 807 1614 διαφόρως
832 1579 907 1614 αὑτῷ

124 1626 292 1654 Φιλιππικοῦ
317 1625 470 1661 ὀμνυμένου
500 1624 538 1659 μὴ
561 1625 634 1660 ἔχειν
661 1625 691 1657 ἐξ
718 1624 802 1652 αὐτοῦ
830 1625 913 1658 φόϐον

123 1674 195 1700 τινά.
215 1673 329 1699 Πάντων
355 1671 401 1698 οὖν
419 1671 483 1706 περὶ
499 1670 595 1697 τούεου
616 1671 782 1706 εὐχομένων,
810 1667 879 1697 εἶδεν
899 1671 914 1696 ὁ

124 1719 279 1755 Μαυρικιος
295 1719 324 1744 ὲν
346 1717 396 1753 μιᾷ
417 1717 496 1744 νυκτὶ
514 1717 550 1748 ὼς
568 1717 607 1749 εἰς
631 1717 680 1752 τὴν
697 1717 801 1752 χαλκῆν
826 1717 914 1757 πύλην

124 1765 173 1792 τοῦ
188 1764 322 1792 παλατίου
348 1764 492 1799 ἱστάμενον
513 1763 610 1790 ἑαυτὸν
633 1763 789 1798 ἔμπροσθεν
806 1764 855 1798 τῆς
876 1764 916 1789 εἰ-

124 1812 203 1845 κόνος
219 1811 266 1839 τοῦ
288 1811 423 1845 Σωτῆρος,
441 1810 487 1835 καὶ
509 1809 574 1836 λαδν
587 1809 672 1835 πολὺν
692 1810 742 1835 σὺν
767 1809 841 1843 αὐτῷ
860 1809 916 1836 τῶν

125 1857 307 1894 αἰχμαλώτων
323 1854 523 1891 ἐγκαλούντων.
540 1855 595 1881 Kal
611 1854 686 1889 φωνὴ
698 1854 810 1888 γέγονεν
821 1854 854 1880 ἐκ
867 1854 915 1881 τοῦ

125 1905 204 1938 ἁγίου
219 1903 396 1939 χαρακτῆρος
413 1901 540 1935 λέγουσα·
557 1900 622 1927 Δότε
638 1900 805 1936 Μαυριιαον.
821 1900 876 1928 Καὶ
891 1899 916 1927 οἱ

124 1951 206 1986 δῆθεν
223 1949 360 1985 ὑπηρέται
385 1949 574 1985 κρατήσαντες
594 1946 676 1973 αὑτὸν
696 1946 872 1980 παρέστησαν
887 1946 916 1972 ἐν

123 1997 165 2032 τῷ
177 1996 311 2031 πορφυρῷ
322 1995 447 2030 «saeuas...
460 1993 516 2030 (10)
529 1993 568 2029 τῷ
583 1994 683 2019 ἐκεῖσε.
696 1992 753 2018 Καί
766 2000 832 2026 φησι
849 1991 917 2026 πρὸς

125 2044 210 2070 αὐτὴν
225 2044 241 2078 ή
260 2042 322 2069 θεία
336 2042 422 2077 φωνή·
442 2040 497 2069 Ποῦ
515 2040 602 2071 Θέλεις
619 2038 751 2065 ἀποδώσω
767 2046 825 2071 σοι;
840 2034 915 2071 Ὧδε,

126 2090 145 2125 ἦ
168 2091 197 2116 ἐν
220 2089 259 2125 τῷ
281 2089 404 2123 μέλλοντι
426 2087 521 2120 αἱῶνι;
541 2086 571 2113 Ὅ
596 2086 624 2112 δὲ
646 2085 716 2121 ἔφη·
739 2084 917 2119 Φιλάνθρωπε

125 2137 263 2170 Δέσποτα,
286 2134 467 2170 δικαιοκρίτα,
491 2130 541 2160 ὦδε
568 2132 680 2168 μᾶλλον,
698 2132 745 2158 καὶ
768 2131 805 2166 μὴ
834 2132 863 2158 ἐν
879 2130 918 2166 τῷ

126 2183 265 2218 μέλλοντι.
286 2181 343 2209 Καὶ
360 2181 461 2211 εὐθέως
473 2179 615 2206 ἐκέλευσεν
634 2178 775 2213 ἐκδοθῆναι
792 2178 874 2205 αὐτόν
888 2185 917 2204 τε

959 247 1111 282 praedicens
1134 248 1326 283 imperatorem
1344 249 1436 284 gladio
1448 249 1570 278 orcisum
1586 251 1631 280 iri.
1648 251 1701 280 Sed
1718 258 1745 281 et

960 293 1137 321 Herodianus
1161 293 1295 322 Mauricio
1320 295 1421 330 palam,
1447 304 1508 332 quae
1533 297 1586 332 ipsi
1614 303 1745 326 eventura

959 344 1064 371 essent.
1080 339 1262 368 denuntiavit.
1287 340 1366 369 Tunc
1387 343 1468 369 etiam
1487 344 1606 378 populus
1620 344 1745 373 Maurum

960 384 1117 419 quemdam,
1138 385 1276 414 hominem
1294 386 1418 415 Mauricii
1439 388 1570 422 similem,
1584 397 1650 425 sago
1663 390 1746 418 indu-

960 433 1019 456 tum
1038 437 1195 466 coronaque
1217 438 1251 458 ex
1279 431 1341 459 aliis
1368 437 1496 460 conserta
1521 432 1690 467 redimitum,
1717 436 1746 463 in

961 476 1072 503 asinum
1097 476 1239 512 imposuit,
1272 484 1305 505 ac
1336 485 1384 512 per
1416 477 1509 513 jocqu
1544 485 1571 507 et
1602 481 1744 509 lasciviam

960 522 1123 549 acclamavit
1151 530 1158 549 :
1190 523 1296 550 Invenit
1321 524 1448 552 buculam
1472 530 1604 560 teneram.
1628 532 1655 555 et
1674 529 1746 557 sicut

962 575 1050 595 novus
1063 569 1183 603 gallulus
1194 569 1294 597 insiliit
1310 569 1338 597 in
1349 577 1421 603 eam,
1434 579 1466 599 ac
1480 575 1631 606 procreavit
1645 574 1745 604 liberos

961 613 1047 640 instar
1065 613 1215 648 lignearum
1227 612 1372 644 'nolarum.
1391 615 1492 644 Sancte
1511 619 1558 650 mi,
1571 625 1677 652 sancte.
1694 621 1744 648 feri

960 660 1021 693 ejus
1045 667 1139 695 caput.
1158 669 1191 688 ne
1214 662 1360 696 superbius
1387 663 1516 691 ell'cratur
1531 675 1537 691 :
1553 669 1610 692 tum
1629 674 1679 701 ego
1697 668 1744 695 tibi

960 706 1016 731 voti
1033 714 1096 733 reus
1114 706 1210 734 bovem
1223 708 1348 735 oll‘eram.
1364 708 1428 736 Haec
1452 710 1579 744 populus.
1605 711 1671 744 Quae
1691 721 1744 740 non

961 751 1049 779 otiose
1063 753 1153 784 retuli,
1168 754 1214 780 sed
1226 758 1254 780 ut
1268 754 1462 789 intelligamus,
1472 757 1516 783 ubi
1530 759 1592 790 quis
1603 758 1745 786 dominum

962 797 1091 828 irritavit.
1121 806 1183 826 eum
1203 799 1322 826 ludibrio
1338 800 1432 828 haberi
1460 801 1495 829 ab
1520 802 1563 830 bis
1588 804 1635 838 qui
1652 803 1746 832 eadem

962 850 1025 870 ciun
1044 844 1105 878 ipso
1120 845 1277 873 conditione
1292 847 1428 874 seriiunt.

925 880 945 908 Β

998 931 1079 958 Anno
1092 932 1136 964 20.
1148 932 1297 962 Mauricius
1312 934 1367 962 lilio
1380 942 1430 962 suo
1446 935 1602 964 Theodosio
1614 937 1744 966 Germani

962 978 1070 1013 patricii
1092 978 1173 1005 tiliam
1192 979 1348 1014 despondit.
1377 981 1536 1016 Eodemque
1561 990 1634 1010 anno
1661 985 1687 1011 in
1717 993 1748 1012 se

962 1024 1142 1058 descendens,
1165 1033 1196 1052 ac
1208 1027 1339 1053 memoria
1354 1031 1480 1061 repetens
1497 1028 1582 1055 Deum
1599 1029 1746 1058 nibilclam

962 1079 1036 1103 esse.
1053 1080 1171 1107 eumque
1197 1080 1246 1107 pro
1270 1073 1376 1101 meritis
1400 1075 1502 1109 cuique
1528 1077 1587 1104 suis
1606 1077 1677 1104 bona
1701 1082 1748 1105 aut

962 1118 1033 1144 mala
1050 1118 1183 1149 tribuere,
1199 1117 1280 1153 ⁸1(ιῆΙ
1307 1123 1364 1146 tum
1391 1127 1485 1147 secum
1512 1121 1638 1156 cogitans
1666 1131 1747 1157 quam

963 1163 1083 1198 graviter
1098 1164 1147 1191 abs
1161 1172 1190 1192 se
1204 1169 1345 1199 peccatum
1363 1171 1437 1194 esset
1453 1175 1507 1202 quo
1524 1172 1646 1203 tempore
1662 1169 1748 1204 capti-

964 1216 1013 1237 vos
1029 1210 1164 1237 redimere
1188 1211 1287 1243 noluit,
1307 1215 1438 1246 praestare
1460 1213 1629 1241 existimavit
1655 1216 1694 1242 uti
1720 1215 1748 1242 in

965 1255 1015 1282 hoc
1027 1256 1119 1290 potius
1133 1264 1214 1290 quam
1233 1257 1260 1284 in
1277 1257 1369 1284 futuro
1384 1259 1485 1286 smculo
1508 1267 1603 1293 plenas
1626 1259 1682 1287 Deo
1702 1261 1749 1288 de-

964 1301 1103 1336 penderet.
1119 1301 1212 1337 Itaque
1229 1302 1438 1337 deprecationes
1454 1305 1552 1332 litteris
1569 1306 1749 1341 consignatas

964 1347 997 1374 ad
1027 1355 1123 1374 omnes
1150 1348 1321 1382 patriarchas
1349 1353 1376 1375 et
1404 1350 1566 1381 monachos,
1604 1351 1632 1377 in
1655 1352 1747 1378 omnia

964 1394 1143 1426 monasteria,
1169 1395 1252 1421 etiam
1273 1394 1464 1430 Hierosolyma
1489 1395 1573 1428 misit,
1600 1400 1629 1423 ut
1653 1404 1668 1424 a
1693 1396 1749 1424 Deo

964 1443 1090 1474 peterent
1108 1444 1138 1467 ut
1157 1440 1211 1474 ipsi
1229 1447 1284 1468 non
1301 1441 1328 1468 in
1343 1441 1429 1469 altero
1446 1441 1494 1469 sed
1512 1442 1538 1469 in
1570 1442 1621 1470 hoc
1649 1444 1750 1470 sarculo

964 1493 1062 1520 pcenas
1073 1485 1238 1521 imponeret.
1253 1486 1325 1520 Quin
1342 1491 1369 1514 et
1385 1488 1411 1514 in
1432 1488 1614 1523 Philippicum
1627 1489 1748 1524 impegit,

964 1532 1069 1559 sororis
1100 1540 1157 1560 suae
1185 1533 1326 1566 maritum,
1351 1533 1386 1560 ab
1405 1541 1438 1561 eo
1460 1533 1560 1561 easdem
1583 1534 1634 1561 sibi
1659 1535 1749 1569 parari

964 1578 1112 1612 suspicans
1128 1586 1159 1606 ex
1176 1579 1310 1606 vaticinio
1327 1579 1456 1612 quodam,
1488 1580 1561 1614 quod
1580 1580 1750 1614 percussoris

964 1632 1062 1651 nomen
1080 1632 1094 1651 a
1111 1624 1204 1655 littera
1219 1632 1252 1652 PH
1277 1625 1360 1652 ordiri
1390 1625 1529 1658 monebat,
1555 1633 1616 1653 cum
1640 1627 1751 1661 quidem

963 1670 1134 1704 Philippicus
1153 1670 1267 1699 insidias
1282 1671 1410 1699 omnibus
1428 1672 1518 1699 modis
1532 1671 1663 1707 eiuraret.
1689 1673 1748 1700 Cat-

964 1720 1052 1742 terum
1071 1716 1229 1749 Mauricius.
1242 1724 1304 1745 cum
1316 1725 1367 1752 pro
1377 1725 1409 1744 eo
1421 1725 1516 1752 preces
1531 1718 1633 1751 passim
1645 1718 1750 1752 ﬁerent,

965 1762 1083 1796 quadam
1102 1766 1182 1790 nocte
1196 1763 1222 1790 in
1237 1763 1343 1790 somnis
1360 1763 1525 1797 imaginatus
1545 1769 1588 1791 est
1604 1771 1633 1791 sc
1659 1768 1754 1792 astare

965 1815 1056 1834 coram
1075 1807 1193 1842 imagine
1220 1807 1384 1840 Servatoris,
1404 1808 1431 1834 in
1457 1812 1535 1843 porta
1549 1808 1642 1843 palatii
1668 1816 1751 1841 arca,

965 1853 1132 1887 multamque
1143 1860 1238 1880 secum
1253 1854 1361 1881 turbam
1379 1854 1549 1887 captivorum
1565 1854 1654 1888 ipsum
1668 1861 1751 1881 accu-

966 1898 1109 1925 santium:
1131 1903 1187 1925 tum
1204 1905 1297 1925 vocem
1329 1898 1364 1925 de
1391 1906 1470 1926 sacra
1497 1899 1615 1933 imagine
1639 1899 1750 1931 exiisse,

966 1952 1027 1979 qum
1045 1943 1207 1971 Mauricium
1232 1943 1291 1971 sisti
1304 1943 1425 1978 iuberet.
1459 1944 1495 1971 lla
1525 1952 1554 1972 se
1579 1952 1593 1971 a
1619 1944 1752 1972 ministris

967 1994 1137 2024 correptum.
1162 1989 1246 2024 inque
1262 1989 1456 2025 porphyretico
1473 1989 1510 2017 ibi
1538 1989 1669 2017 umbilico
1687 1996 1749 2016 con~

968 2036 1093 2063 stitutqu
1108 2042 1122 2062 a
1137 2035 1228 2062 divina
1240 2043 1306 2063 voce
1318 2036 1514 2070 interrogatum
1531 2035 1626 2067 fuisse,
1641 2035 1754 2062 ubinam

967 2082 1018 2110 sibi
1036 2082 1147 2116 rependi
1167 2082 1257 2110 vellet.
1275 2080 1310 2109 Se
1324 2086 1414 2108 autem
1430 2081 1553 2109 dixisse:
1567 2080 1682 2108 Domine
1701 2081 1753 2108 hu-

969 2129 1139 2161 manissime,
1154 2128 1236 2163 iudex
1250 2129 1334 2163 juste,
1358 2128 1403 2155 hic
1428 2129 1500 2155 malo
1517 2135 1600 2163 quam
1627 2128 1655 2155 in
1669 2128 1754 2155 altera

969 2175 1035 2203 vita.
1051 2174 1203 2209 Statimque
1214 2174 1370 2201 mandatqu
1388 2174 1472 2202 fuisse
1486 2179 1515 2201 ut
1531 2182 1593 2202 cum
1608 2182 1692 2202 uxore
1706 2182 1756 2203 sua

125 2231 174 2256 καὶ
188 2230 237 2264 τὴν
255 2228 374 2262 γυναῖκα
393 2227 440 2252 καὶ
454 2226 489 2252 τὰ
504 2227 586 2252 τέκνα
600 2224 683 2251 αὐτοῦ
698 2224 746 2250 καὶ
765 2225 855 2251 πᾶσαν
867 2223 913 2258 τὴν

969 2228 996 2249 et
1015 2221 1110 2260 liberis
1136 2224 1247 2255 totaque
1273 2220 1376 2248 familia
1407 2221 1505 2248 Phocae
1530 2221 1609 2248 militi
1629 2222 1756 2249 dedatur.

127 2275 290 2309 συγγένειαν
312 2273 396 2307 Φωκᾷ
417 2271 455 2307 τῷ
483 2271 650 2306 στρατιώτῃ.
675 2269 846 2301 Διυπνισθεὶς
870 2267 916 2296 οὖν

126 2321 289 2349 ἀπέστειλεν
309 2319 391 2350 εὐθὺς
407 2318 453 2344 τὸν
472 2316 722 2352 παρακοιμώμενον
740 2315 821 2342 αὑτοῦ
846 2315 916 2349 ἁγα-

126 2370 188 2402 γείν
206 2366 387 2394 Φιλιππικόν·
405 2364 433 2396 ὂς
458 2364 526 2399 αὐτῇ
544 2364 578 2398 τῇ
595 2362 654 2398 ὥρᾳ
677 2362 738 2388 ἰδὼν
759 2362 805 2388 τὸν
827 2369 917 2396 παρα-

126 2417 304 2450 κοιμώμενον
321 2415 367 2439 καὶ
383 2413 433 2448 τῆς
452 2410 549 2438 ἑαυτοῦ
564 2410 636 2444 ζωῆς
647 2409 782 2443 ἀπογνοὺς
796 2409 918 2444 ᾐτήσατο

125 2462 293 2496 κοινωιῆσαι
308 2458 376 2495 (Il),
389 2458 436 2485 καὶ
449 2457 534 2488 οὕτως
550 2456 633 2491 ἀπῄει
651 2456 718 2491 πρὸς
732 2455 777 2481 τὸν
794 2453 917 2489 βασιλέα.

677 2521 855 2549 XYLANDRI
880 2521 922 2547 ET

164 2587 204 2622 (9)
216 2586 301 2612 Fatue
314 2585 427 2611 omnino
446 2589 472 2610 et
491 2582 618 2622 imperite
642 2582 752 2622 lusisset
772 2581 798 2620 in
819 2579 920 2606 Mauri-

126 2616 203 2649 enini
218 2622 344 2656 populus,
361 2621 382 2646 si
399 2616 547 2653 utcunque,
560 2618 637 2656 iusta
647 2616 917 2656 Xylaudrisensumm,

126 2666 190 2685 eum
202 2650 323 2683 notarum
339 2657 484 2689 lignearum
494 2650 584 2680 ἠιιίὰιν
599 2650 919 2689 lilios'suscspisse-eﬂ‘u-

129 2694 247 2720 tivisset.
259 2685 451 2718 Ξυλοκῶὀωνον
461 2690 564 2723 itaque.
575 2687 654 2725 cujus
669 2688 727 2725 vice
739 2685 920 2725 Tlteophanes

129 2727 341 2760 ξυλοχούκουδον
371 2725 477 2756 scribit,
502 2721 625 2760 éunrnil
653 2721 726 2760 aliud
755 2721 791 2747 sit
821 2727 918 2754 pra-ter

129 2757 245 2798 {igneum
257 2760 449 2794 crepitaculum
465 2760 505 2785 vel
520 2757 643 2798 globulus
660 2757 762 2798 ligneus
777 2763 918 2798 concavus

129 2792 163 2825 νῖ
174 2792 358 2832 undequaque
370 2797 534 2830 perl’uratns,
548 2795 575 2819 in
590 2801 644 2827 quo
660 2792 747 2832 nuclei
763 2793 804 2818 vel
819 2792 918 2831 tintin-

128 2834 230 2860 nabula
250 2827 439 2861 int-luduntur,
456 2834 485 2856 ut
504 2834 675 2865 prrstrepcro
690 2827 749 2860 ejus
764 2827 856 2865 sonitu
875 2833 918 2865 re:

127 2874 260 2897 creentur
274 2867 398 2902 pueri,ei
408 2861 524 2900 populus
533 2865 565 2890 ad
582 2863 748 2890 lud.crurum
764 2861 919 2889 istiusmodi

971 2267 1155 2302 Experrectns
1170 2267 1263 2294 statim
1293 2267 1479 2294 aecubitorem
1507 2274 1587 2294 suum
1607 2268 1683 2295 misit
1709 2268 1756 2302 qui

969 2313 1151 2349 Pliilippicum
1170 2312 1330 2340 adduceret.
1348 2312 1400 2345 Qui
1415 2313 1559 2347 desperata
1585 2313 1620 2340 ob
1647 2313 1673 2340 id
1701 2313 1757 2340 vita

970 2361 1047 2396 prius
1061 2359 1283 2386 communionem
1295 2365 1405 2385 sacram
1423 2358 1545 2393 expetiit,
1562 2366 1650 2393 eaque
1663 2366 1758 2394 perce-

971 2410 1016 2441 pta
1030 2404 1063 2432 ad
1078 2404 1272 2439 imperatorem
1290 2403 1368 2436 abiit,
1382 2410 1494 2431 uxorem
1514 2404 1683 2438 relinquens,
1697 2412 1758 2439 quae

972 2449 1052 2486 705
1071 2455 1181 2476 saccum
1199 2447 1296 2475 induta
1312 2451 1339 2475 et
1353 2448 1446 2475 cinere
1461 2455 1611 2484 conspersa
1626 2448 1758 2483 ejulabal.

952 2517 1057 2546 GOARI
1087 2516 1205 2545 NOTAE-

971 2577 1059 2604 instar
1071 2575 1197 2603 Mauricii
1207 2575 1275 2602 lilios
1292 2582 1322 2602 se
1336 2577 1429 2601 tenere
1439 2574 1597 2608 proclamet.
1615 2574 1760 2603 Summum

973 2613 999 2639 in
1012 2619 1059 2639 eos
1071 2615 1230 2644 patremque
1237 2610 1399 2636 Mauricium
1410 2609 1565 2636 manifestat
1573 2616 1759 2644 contemptum

973 2653 1123 2681 eorumque
1136 2649 1250 2672 mortem
1268 2644 1499 2681 ludum,rgemitus
1513 2645 1646 2672 ludicrum
1662 2647 1761 2680 strepi-

973 2687 1031 2709 tum
1062 2688 1124 2708 sese
1157 2680 1313 2706 habiturum
1342 2680 1472 2715 minatur.
1506 2680 1657 2707 Κούχουδον
1680 2689 1763 2715 porro

975 2717 1082 2743 nucleus
1098 2720 1140 2742 est
1158 2719 1184 2741 et
1201 2715 1332 2749 globulus,
1347 2713 1553 2745 ξυλοκούκουδον
1570 2713 1759 2750 Ηειιυιηέιτε-

972 2753 1043 2787 peris
1059 2751 1216 2785 luljnsmodi
1230 2750 1354 2787 globulis_
1363 2750 1483 2787 plenum.
1508 2752 1606 2787 Annon
1622 2750 1761 2786 Xylander

971 2784 1012 2814 vir
1025 2787 1129 2821 ligneus
1140 2789 1166 2812 et
1180 2792 1325 2821 puerorum
1342 2784 1530 2817 ξυλοκώδωνον
1544 2786 1555 2812 ?
1570 2784 1653 2821 Gosaj

1009 2819 1065 2856 (t0)
1081 2820 1167 2856 Signo
1182 2819 1341 2856 rotundorin
1364 2827 1435 2847 areae
1451 2821 1541 2847 medio
1556 2821 1618 2847 fixo.
1633 2819 1718 2847 Gen.

1009 2854 1066 2890 (ll)
1095 2854 1153 2883 Non
1186 2854 1367 2882 dissimulabo
1401 2862 1444 2882 me
1475 2855 1519 2882 hic
1544 2860 1667 2883 secutum
1697 2861 1759 2882 esse
