2008 3149
298 142 352 173 583

945 138 1106 170 GEORGII
1126 137 1295 168 CEDltENl

1862 138 1911 169 7:31

331 196 433 229 Quinto
457 203 540 229 anno,
563 194 654 224 Persae
672 193 792 224 .lordane
810 198 944 229 occupato
959 194 1079 222 Palaesti-

1168 192 1213 227 Τῷ
1228 195 1248 218 ε’
1263 192 1330 223 ἕτει,
1346 191 1498 227 παρέλαὸον
1520 191 1545 218 οἱ
1562 191 1666 226 Πέρσαι
1690 191 1736 218 τον
1774 192 1912 228 Ἰορδάνην,

296 251 359 270 nam
377 247 404 270 et
421 243 516 270 urbem
534 247 656 270 sanctam
675 243 698 270 vi
710 245 913 277 expugnarunt,
929 245 956 268 et
971 241 999 267 in
1016 240 1084 267 urbe

294 295 342 321 per
360 285 470 314 Iudaeos
496 287 695 315 interfecerunt
720 287 753 314 ad
770 287 816 320 90,
835 291 865 314 ut
881 286 978 318 fertur,
996 285 1084 313 homi-

294 340 359 360 num
378 333 473 359 millia.
492 330 579 361 Iudaei
599 333 670 360 enim
688 332 805 368 quisque
825 339 874 367 pro
889 331 948 359 suis
967 331 1084 359 faculta-

294 379 368 405 tibus
386 374 561 405 Christianos
577 384 592 404 a
616 376 708 405 Persis
726 383 852 404 emerunt
868 381 951 412 atque
967 383 1084 403 necave-

295 428 368 450 ruut.
397 421 546 450 Zacharias
575 421 733 457 patriarcha
760 421 1029 457 Hierosolymitanus
1056 426 1084 448 et

294 471 448 498 veneranda
465 470 554 498 crucis
573 468 644 505 ligna
665 478 726 497 cum
745 470 847 505 ingenti
861 469 952 504 prmia
969 477 1001 496 ae
1017 476 1083 504 cap-

293 519 412 545 tivorum
425 525 539 545 numero
553 517 580 543 in
596 516 736 544 Persidem
755 521 819 544 sunt
834 515 965 543 abducta.
980 515 1082 543 Eodem

293 572 366 591 anno
382 563 499 590 Martina
523 561 650 590 Heraclio
668 561 752 589 alium
775 561 987 589 Constantinum
1004 569 1084 595 pepe—

293 611 338 642 rit,
358 610 405 644 qui
422 610 448 636 in
465 608 625 636 Blachernis
640 612 683 636 est
700 616 714 634 a
732 607 829 642 Sergio
846 607 1003 643 patriarcha
1019 608 1085 641 bap-

292 656 404 683 tizatus.

329 702 411 729 Sexto
427 708 508 734 anno,
524 700 614 728 Persae
624 700 778 728 universam
792 699 952 735 Egyptum,
964 699 1083 726 Alexan-

294 749 394 781 driam,
408 748 597 783 Africamque,
609 751 636 775 et
647 747 741 774 omnia
759 747 791 774 ad
810 745 980 781 (Ethiopiam
998 753 1084 780 usque

293 798 549 831 occnpaverunt,ac
561 794 689 829 plurimis
701 793 827 821 abductis
837 793 965 828 captivis,
978 793 1083 828 ingenli

293 849 354 869 Cum
382 841 472 876 praeda
491 846 519 868 et
535 840 650 876 pecunia
672 840 783 868 domum
808 840 961 872 redierunt,
977 839 1082 867 relictis

1137 239 1183 266 καὶ
1195 239 1244 273 τὴν
1264 238 1456 273 Παλαιστίνην,
1475 238 1522 264 καὶ
1539 238 1588 273 τὴν
1602 239 1684 272 ἁγίαν
1710 238 1787 264 πόλιν
1803 239 1912 274 πολέμηε,

1135 285 1184 312 καὶ
1205 286 1372 312 ἀπέκτειναν
1396 285 1424 310 ὲν
1438 284 1506 319 αὐτῇ
1521 284 1564 310 διὰ
1578 284 1678 319 χειρῶν
1698 284 1753 310 τῶν
1779 284 1914 319 Ἰουδαίων,

1134 330 1172 362 ὤς
1190 330 1257 365 φασί
1274 338 1359 362 τινες,
1378 329 1512 365 μυριάδας
1529 329 1551 356 θ’
1566 337 1573 344 ·
1591 330 1672 356 αὐτοὶ
1696 330 1752 365 γὰρ
1777 330 1915 366 ὠνούμενοι

1134 377 1198 408 τοὺς
1211 376 1402 412 Χριστιανοὺς,
1428 376 1489 402 καθ’
1513 375 1627 406 ἕκαστος
1651 376 1780 410 ηὐπόρει,
1797 377 1914 404 ἀπέκτει-

1135 431 1179 449 νον
1193 423 1301 454 αὒτούς.
1318 423 1475 457 Ζαχαραίαν
1494 421 1522 448 δὲ
1543 422 1589 448 τὸν
1613 422 1788 456 πατριάρχην
1809 422 1914 457 Ἰεροσο-

1134 469 1228 504 λύμων
1248 470 1296 495 καὶ
1312 470 1346 494 τὰ
1361 469 1439 503 τίμια
1455 467 1521 500 ξύλα
1533 467 1663 498 λαϐόντες
1680 467 1729 493 σὺν
1751 468 1913 504 αἰχμαλωσίᾳ

1135 514 1218 549 πολλῇ
1242 515 1271 540 ὲν
1288 514 1399 549 Περσίδι
1417 514 1572 549 ἀπήγαγον.
1601 513 1647 549 Τῷ
1667 513 1742 548 αὐτῷ
1759 514 1812 539 ἔτει
1826 514 1912 549 ἐτέχθη

1134 560 1173 595 τῷ
1204 560 1312 596 βασιλεῖ
1341 560 1395 588 ἀπὸ
1421 561 1565 596 Μαρτίνας
1584 561 1791 591 Κωνστανττνος
1820 561 1912 595 ἕτερος,

1134 607 1183 634 καὶ
1200 607 1352 642 ἐϐαπτίσθη
1379 607 1408 632 ἐν
1434 606 1599 641 Βλαχέρναις
1619 606 1674 632 ὑπὸ
1691 606 1804 641 Σεργίου
1822 615 1913 642 πατρι-

1134 654 1218 688 άρχου
1223 674 1229 680 .

1169 698 1214 733 Τῷ
1246 697 1273 730 ς’
1298 698 1364 729 ἔτει,
1390 697 1546 733 παρέλαϐον
1569 698 1594 724 οἱ
1621 697 1729 733 Πέρσαι
1758 698 1845 724 πᾶσαν
1871 699 1914 733 τὴν

1133 744 1281 778 Αἴγυπτον,
1300 744 1347 770 καὶ⁹
1383 743 1598 779 ’Δλεξάνδρειαν,
1614 743 1665 770 καὶ
1679 743 1793 778 Λιϐύην,
1813 743 1856 769 καὶ
1869 743 1914 775 ἕως

1134 789 1288 823 Αἰθιοπίας,
1315 791 1363 817 καὶ
1381 790 1511 821 λαϐόντες
1536 790 1731 824 αἰχμαλωσίαν
1755 791 1850 825 πολλὴν
1874 791 1914 817 καὶ

1134 837 1243 872 λάφυρα
1259 837 1306 863 καὶ
1322 827 1454 873 χρήματα
1472 837 1663 872 ὑπέστρεψαν.
1693 837 1748 873 Τὴν
1772 837 1799 864 δὲ
1816 839 1915 874 Καρχη-

291 889 338 924 qui
358 874 550 923 carthaginem
566 887 669 915 frustra
685 896 698 914 a
715 895 746 915 se
763 890 894 915 tentatam
913 886 1080 914 obsiderent.

1134 883 1197 910 δΰνα
1230 883 1268 918 μὴ
1308 883 1468 918 δυνηθέντες
1511 883 1704 919 παραλαϐεῖν,
1743 884 1914 919 πολιορκητὰς

328 978 450 1013 Septimo
474 983 556 1009 anno,
583 975 783 1003 Constantinus
812 975 957 1002 Heraclius
985 973 1084 1002 consul

292 1024 354 1057 fuit,
369 1024 560 1057 Caesaremque
573 1021 636 1049 fecit
650 1021 764 1048 fratrem
777 1029 858 1048 suum
871 1020 1082 1049 Constantinum

293 1071 443 1100 minorem,
461 1067 579 1096 lleraclii
597 1072 625 1096 et
643 1066 765 1095 )lartinze
781 1067 877 1094 lilium.

329 1157 412 1193 716
436 1156 539 1184 Octavo
555 1163 638 1189 anno,
659 1163 758 1184 rursus
776 1155 919 1184 Heraclius
940 1156 1037 1192 legatis
1055 1155 1081 1182 in

292 1203 433 1231 Persidem
452 1203 484 1231 ad
497 1202 648 1231 Chosroem
668 1202 762 1230 missis
779 1209 872 1238 pacem
889 1202 978 1238 petiit.
992 1201 1081 1229 Chos-

293 1257 356 1277 roes
378 1249 469 1277 denuo
496 1256 544 1277 eos
562 1248 672 1284 repulit,
691 1255 793 1283 negans
818 1255 848 1276 se
867 1247 997 1275 Romanis
1014 1247 1082 1274 velle

294 1303 422 1330 parcere,
448 1294 501 1322 nisi
527 1293 688 1322 cruciﬁxum
714 1293 893 1325 diﬂiteantur,
917 1301 998 1329 quem
1029 1293 1082 1327 ipsi

295 1343 378 1368 Deum
395 1347 457 1368 esse
473 1340 577 1373 dicant,
593 1343 620 1367 et
638 1339 690 1367 nisi
709 1338 826 1367 adorent
843 1338 941 1367 solem.

328 1428 407 1456 Nono
423 1435 508 1460 anno,
534 1427 638 1454 Avares
663 1427 690 1454 in
711 1426 857 1454 Thraciam
873 1433 936 1453 cum
958 1425 1081 1452 exercitu

294 1479 441 1502 venerunt.
469 1473 552 1501 Mittit
578 1480 644 1508 ergo
670 1471 813 1500 lleraclius
832 1479 926 1507 pacem
947 1472 1081 1506 petitum;

293 1529 411 1556 cumque
428 1527 489 1548 eam
515 1527 545 1547 se
570 1520 787 1554 compositurum
805 1518 951 1554 Chaganus
969 1518 1082 1552 proruit-

294 1573 374 1601 teret,
391 1568 414 1595 ei
427 1571 504 1595 extra
517 1565 640 1601 Longum
657 1573 746 1600 usque
762 1572 869 1591 murum
887 1564 1007 1592 occurrit
1020 1572 1080 1591 cum

295 1622 393 1648 magno
419 1611 596 1647 imperatorio
611 1611 755 1643 comitatu,
773 1609 934 1646 magnisque
948 1614 976 1637 et
988 1609 1082 1637 multis

294 1660 373 1687 donis
388 1659 548 1695 Chaganum
566 1657 600 1686 ad
617 1665 712 1693 pacem
734 1657 786 1684 ﬁde
799 1657 869 1684 ultro
883 1657 1006 1691 citroque
1019 1656 1081 1682 data

296 1705 456 1732 lirmandam
479 1704 609 1731 hortatus
623 1709 674 1730 est.
705 1701 758 1730 Sed
784 1701 922 1730 Barbarus
939 1702 1027 1737 pactis
1051 1709 1082 1729 ac

291 1752 449 1787 juramcuto
462 1750 633 1778 conculcatis
653 1749 746 1776 subito
763 1749 890 1777 hostilem
908 1749 1039 1784 impetum
1054 1749 1082 1775 in

294 1796 450 1825 lleraclium
476 1796 562 1829 dedit,
590 1796 627 1823 ita
643 1799 673 1823 ut
689 1803 718 1823 re
742 1795 882 1830 inopinata
898 1795 922 1823 is
939 1795 1082 1830 perculsus

295 1844 359 1879 fuga
373 1844 401 1871 in
419 1844 514 1871 urbem
536 1850 566 1871 se
580 1842 725 1877 receperit.
741 1841 890 1877 Chaganus
904 1841 1084 1877 impedimen-

294 1893 334 1928 tls_
349 1889 536 1924 imperatoris,
550 1893 578 1916 et
598 1895 668 1924 quos
683 1888 783 1922 potuit,
799 1887 956 1915 hominibus
977 1888 1082 1922 aliquot

293 1938 392 1972 captis,
416 1936 501 1963 multa
522 1935 647 1963 Thracia:
664 1934 763 1970 oppida
780 1941 828 1969 spe
846 1934 921 1969 pacis
937 1934 970 1961 ab
989 1942 1022 1962 co
1038 1941 1083 1962 os-

294 1989 389 2016 tensaa,
405 1983 474 2010 nihil
494 1982 549 2010 tale
565 1982 764 2018 exspectanlia,
782 1981 955 2016 deprzedatus
969 1980 1081 2008 deruunt

293 2030 370 2057 abiit.

327 2074 407 2101 Anno
422 2072 541 2105 decimo,
557 2072 657 2100 iterum
674 2072 819 2101 Heraclius
838 2072 872 2100 ad
890 2079 952 2100 eum
977 2072 1082 2107 legatos

293 2120 388 2152 mittit,
408 2127 454 2154 per
472 2126 542 2154 quos
557 2123 584 2146 et
609 2123 705 2147 contra
728 2119 819 2147 foedus
842 2119 876 2146 ab
897 2126 930 2146 eo
948 2117 1020 2145 facta
1041 2126 1084 2145 re-

293 2166 437 2200 prehendit
451 2170 476 2192 et
494 2166 584 2192 denuo
596 2165 629 2192 ad
644 2173 739 2200 pacem
751 2165 888 2193 hortatur.
901 2164 967 2192 Nam
981 2164 1082 2192 bellum

1133 928 1274 960 ἐάσαντες,
1291 929 1479 963 ἀνεχώρησαν.

1170 975 1215 1010 Τῷ
1232 975 1253 1008 ζ’
1280 976 1346 1009 ἔτει,
1374 976 1509 1003 ὑπάτευσε
1522 977 1732 1007 Κωνσταντίνος
1755 976 1913 1011 Ἡράκλειος,

1134 1021 1181 1047 καὶ
1202 1022 1368 1056 προεϐάλετο
1385 1022 1513 1056 Καίσαρα
1540 1022 1750 1048 Κωνσταντῖνον
1766 1023 1810 1048 τὸν
1827 1023 1914 1057 μικρὸν

1134 1068 1200 1094 ἴδιον
1226 1068 1352 1102 ἀδελφὸν,
1383 1067 1429 1094 τὸν
1460 1067 1490 1100 ἐξ
1525 1066 1690 1102 Ἡρακλείου
1717 1067 1764 1094 καὶ
1787 1068 1914 1102 Μειρτενας

1133 1113 1311 1148 γεννηθέντα.

1173 1160 1218 1196 Τῷ
1245 1163 1270 1196 η’
1305 1160 1360 1186 ἔτει
1399 1160 1480 1187 πάλιν
1516 1160 1680 1196 Ἡράκλειος
1709 1160 1862 1187 ἀπέστειλεν
1888 1161 1912 1186 ἐν

1133 1207 1244 1242 Περσίδι
1261 1206 1390 1242 πρέσϐεις
1416 1207 1484 1241 πρὸς
1510 1207 1649 1241 Χοσρόην,
1675 1205 1831 1240 αἰτούμενος
1847 1207 1912 1240 εἰρή-

1133 1261 1194 1288 νην.
1222 1253 1251 1278 '0
1276 1252 1304 1278 δὲ
1333 1253 1458 1287 Χοσρόης
1474 1253 1522 1279 καὶ
1537 1253 1617 1279 πάλιν
1638 1253 1721 1279 αὑτὸν
1734 1251 1910 1286 ἀπεπέμψατο,

1133 1297 1217 1324 είτιὼν
1230 1297 1270 1324 ὅτι
1284 1298 1321 1323 Οὐ
1337 1298 1466 1332 φείσομαι
1482 1297 1570 1332 ὑμῶν,
1584 1298 1640 1329 ἕως
1655 1297 1689 1324 ἂν
1712 1297 1860 1332 ἁρνήσησθε
1874 1296 1912 1322 τὸν

1133 1344 1351 1379 ἐσταυρωμένον,
1367 1343 1396 1370 ὃν
1410 1344 1504 1378 λέγετε
1519 1344 1587 1371 Θεὸν
1603 1342 1688 1377 εἶναι,
1711 1344 1758 1370 καὶ
1774 1344 1910 1379 προσκυνή-

1134 1397 1200 1423 σητε
1215 1388 1253 1423 τῷ
1269 1389 1346 1424 ἡλίῳ.

1169 1435 1215 1470 Τῷ
1241 1435 1345 1467 θ’ἒτει,
1371 1436 1555 1470 ἐστράτευσαν
1579 1436 1604 1463 οἱ
1635 1437 1757 1472 ’Ᾱῦαρες
1780 1436 1847 1462 κατὰ
1868 1434 1910 1468 τῆς

1134 1483 1257 1519 Θρᾴκης.
1274 1483 1451 1515 ’Λποστείλας
1465 1483 1493 1510 δὲ
1512 1484 1677 1519 Ἡράκλειος
1694 1486 1782 1520 ᾐτεῖτο
1800 1483 1910 1518 εἰρήνην·

1135 1530 1181 1555 καὶ
1196 1529 1361 1564 συνθεμένου
1374 1529 1422 1556 τοῦ
1440 1530 1568 1564 Χαγάνου
1584 1530 1691 1566 ταύτην
1706 1532 1800 1561 ποιεῖν,
1813 1527 1911 1562 ἐξῆλθεν

1135 1575 1149 1600 ὁ
1166 1575 1292 1609 βασιλεὺς
1321 1575 1373 1608 ἔξω
1388 1575 1436 1602 τοῦ
1461 1576 1577 1611 Μακροῦ
1601 1577 1711 1612 τείχους
1733 1576 1799 1611 μετὰ
1823 1574 1910 1607 πολλῆς

1135 1621 1300 1657 δορυψορίας
1329 1622 1471 1658 βασιλικῆς
1499 1623 1545 1649 καὶ
1561 1622 1658 1657 δώρων
1675 1621 1778 1648 πολλῶν
1801 1620 1910 1655 μεγάλων

1136 1666 1318 1700 ὐποδέξασθαι
1338 1668 1384 1694 τὸν
1399 1669 1526 1701 Χαγάνον
1541 1669 1588 1695 καὶ
1602 1669 1698 1694 λαϐεῖν
1718 1669 1750 1695 τὰ
1765 1668 1843 1694 πιστὰ
1856 1674 1904 1700 παρ

1136 1713 1232 1740 αὐτοῦ.
1266 1714 1296 1740 Ὀ
1321 1713 1350 1740 δὲ
1374 1713 1517 1749 Βάρόαρος
1533 1713 1575 1750 [Ρ.
1590 1714 1655 1750 409]
1676 1715 1725 1746 τάς
1742 1723 1770 1740 τε
1790 1713 1910 1748 συνθήκας

1136 1759 1274 1794 ἀθετήσας
1300 1759 1424 1791 καὶτοὺς
1439 1760 1538 1795 ὅρκους
1557 1759 1635 1793 ἄφνω
1661 1759 1828 1795 τυραννικῶς
1851 1758 1910 1784 uti

1135 1804 1182 1831 τοῦ
1206 1804 1338 1840 βασιλέως
1360 1805 1510 1840 ἐχώρησεν.
1538 1805 1705 1840 Ἐκπλαγεὶς
1723 1805 1750 1831 δὲ
1765 1805 1778 1830 ὁ
1798 1803 1910 1839 βασιλεὺς

1136 1850 1174 1885 τῷ
1190 1850 1387 1885 ἀπροσδοκήτῳ
1407 1851 1496 1885 φυγὰς
1518 1851 1564 1877 ἐπὶ
1584 1851 1635 1886 τὴν
1659 1851 1736 1878 πόλιν
1760 1848 1909 1884 ὑπέστρεψε.

1137 1895 1235 1923 Λαϐὼν
1255 1896 1283 1923 δὲ
1305 1897 1320 1922 ὁ
1344 1897 1486 1932 Βὰρὸαρος
1500 1898 1550 1932 τήν
1562 1905 1592 1923 τε
1609 1897 1752 1932 βασιλικὴν
1769 1894 1909 1926 ἀποσκευὴν

1136 1944 1185 1970 καὶ
1206 1943 1284 1974 ὅσους
1308 1943 1429 1979 ἠδυνήθη
1454 1943 1617 1970 καταλαϐεῖν
1643 1942 1815 1978 ὑπέστρψε,
1835 1939 1909 1967 πολλὰ

1137 1989 1223 2024 χωρία
1233 1989 1283 2023 τῆς
1305 1989 1416 2024 Θρᾴκης
1427 1989 1594 2024 ληϊσάμενος
1611 1990 1643 2016 ὲκ
1654 1990 1701 2016 τοῦ
1716 1987 1908 2024 ἀπροσδοκήτως

1136 2035 1275 2070 ἀπατῆσαι
1290 2037 1321 2070 τῇ
1338 2035 1426 2062 ἐλπίδι
1439 2035 1488 2070 τῆς
1508 2037 1630 2072 εἰρήνης.

1172 2082 1217 2117 Τῷ
1244 2085 1259 2108 ι’
1290 2082 1344 2107 ἔτει
1374 2081 1534 2116 Ἡράκλειος
1555 2083 1624 2117 πρὸς
1646 2082 1773 2116 Χαγάνον
1793 2079 1909 2116 πρέσϐεις

1136 2127 1298 2154 ἀπέστειλεν
1327 2127 1409 2155 ἕνεκα
1427 2128 1491 2163 περὶ
1514 2127 1568 2154 τῶν
1590 2129 1636 2155 ὑπ’
1661 2128 1745 2155 αὑτοῦ
1760 2125 1909 2165 ’γεγονότων

1137 2173 1285 2207 ἀθέσμων,
1311 2173 1359 2200 καὶ
1377 2173 1458 2201 πάλιν
1481 2175 1549 2210 πρὸς
1575 2175 1688 2210 εἰρήνην
1717 2173 1907 2210 προετρέπετο⁸

293 2213 434 2241 Persicum
450 2212 544 2240 animo
561 2213 669 2247 agitans
689 2211 749 2246 ejus
775 2219 857 2239 causa
875 2219 937 2239 cum
953 2211 1081 2248 Chagano

1136 2218 1348 2254 ἐπιστρατεῦσαι
1385 2221 1440 2255 γὰρ
1476 2220 1668 2256 διανοούμενος
1697 2221 1766 2247 κατὰ
1795 2216 1907 2254 Περσίδος

292 2260 422 2295 cupiebat
451 2266 546 2294 pacem
575 2259 688 2286 habere.
713 2258 854 2286 Barbarus
885 2259 1081 2286 humanitatem

292 2305 412 2334 ﬂeraclii
432 2305 569 2333 reveritus
595 2304 722 2339 promisit
736 2312 767 2332 se
783 2304 853 2332 facta
869 2309 987 2336 mutare,
1001 2309 1083 2340 atque

293 2352 439 2387 postmodo
457 2359 551 2387 paceni
575 2351 728 2380 culturttnt.
745 2350 785 2378 Ita
804 2351 884 2386 legati
908 2351 1082 2386 imperatoris

292 2399 374 2434 717
388 2406 450 2426 cum
471 2403 549 2433 pacta
578 2397 746 2430 iirrnassent,
771 2405 837 2432 pace
852 2398 1016 2433 composita,
1033 2397 1081 2425 do-

291 2453 366 2472 mum
384 2443 499 2479 prufecti
515 2447 589 2474 sunt,
603 2450 636 2470 eo
652 2449 725 2469 anno
744 2442 826 2470 etiam
842 2443 932 2470 Persa:
944 2441 1080 2478 Ancyram

291 2493 403 2520 Galatia.-
416 2491 510 2519 urbem
524 2492 761 2525 expugnaverunt.

327 2542 406 2566 Anno
419 2540 462 2570 Η,
477 2537 618 2565 Heraclius
630 2535 724 2563 divino
734 2536 907 2563 Christianos
916 2535 1078 2562 defendendi

292 2590 389 2613 :tt‘dnre
403 2585 488 2612 animi
500 2584 643 2614 incitatus,
658 2583 817 2616 constituta,
834 2587 864 2609 ut
879 2583 1002 2617 putabat,
1018 2590 1078 2609 ('Ulll

291 2632 428 2659 Avaribus
451 2639 527 2666 pace,
543 2630 679 2658 exercitus
688 2638 720 2657 ex
737 2629 841 2665 Europa
855 2630 881 2656 in
891 2629 983 2657 Asiam
997 2635 1072 2656 trans

293 2678 366 2710 tulit,
381 2678 576 2712 Cogitavitque,
595 2676 651 2704 Deo
677 2676 821 2711 a-ljuraute
841 2684 969 2704 conatum
987 2684 1079 2710 suum,

292 2724 320 2750 in
332 2723 473 2751 Persidem
492 2723 604 2750 ducere.

327 2771 406 2798 Atilio
423 2770 466 2802 l2,
483 2771 529 2806 qui
557 2770 610 2798 fuit
626 2770 660 2798 ab
678 2770 758 2798 initio
781 2771 875 2798 mundi
897 2770 984 2803 6151,
1002 2771 1082 2798 tertia

292 2816 394 2844 mensis
409 2814 592 2852 Septembris,
611 2816 772 2852 septimana:
785 2818 881 2852 quinta
895 2817 949 2848 die,
969 2816 1082 2851 Stepha-

292 2872 343 2891 nus
363 2863 567 2892 Alexandrinus
590 2863 737 2893 Saracenis
752 2872 785 2891 ex
801 2864 884 2891 astris
908 2864 991 2899 petita
1009 2864 1079 2891 diri-

1134 2265 1289 2300 εἱρηνεύειν
1319 2265 1388 2301 μετὰ
1427 2266 1475 2292 τοῦ
1504 2266 1632 2300 Χαγάνου
1669 2266 1787 2302 ἤθελεν,
1818 2264 1845 2295 ὃς
1868 2261 1907 2288 καὶ

1134 2311 1267 2342 αἰδεσθεὶς
1282 2311 1330 2346 τὴν
1343 2311 1390 2338 τοῦ
1408 2311 1541 2346 βασιλέως
1554 2313 1666 2348 ἀγάπην
1682 2311 1818 2347 μετανοεῖν
1832 2311 1906 2342 ἐπηγ-

1133 2357 1244 2391 γέλλετο
1283 2358 1332 2384 καὶ
1363 2358 1475 2393 ἀγάπην
1501 2360 1606 2386 ποιεῖν·
1653 2360 1700 2385 καὶ
1732 2357 1907 2392 στοιχήσαντες

1134 2403 1227 2430 mima
1240 2403 1413 2439 ὑπέστρεψαν
1429 2404 1454 2430 οἱ
1471 2404 1600 2440 πρέσϐεις
1617 2406 1676 2440 μετ’
1690 2405 1810 2439 εἰρήνης.
1824 2399 1905 2432 Τούτῳ

1135 2450 1174 2484 τῷ
1201 2450 1257 2476 ἔτει
1278 2450 1434 2486 παρέλαϐον
1455 2451 1480 2477 οἱ
1502 2451 1608 2487 Πέρσαι
1625 2451 1750 2487 ,πολέμῳ
1785 2447 1905 2482 Ἀγκύραν

1136 2497 1223 2523 Γαλατ
1228 2497 1279 2529 ίας.

1171 2544 1216 2578 Τῷ
1233 2546 1267 2570 ια’
1289 2543 1357 2575 ἔτει,
1378 2543 1540 2580 Ἡράκλειος
1567 2545 1648 2581 ζῆλον
1680 2544 1752 2570 Θείον
1777 2540 1841 2575 ὑπὲρ
1857 2536 1903 2564 τῶν

1135 2590 1308 2625 Χριστιανῶν
1332 2590 1486 2624 ἀναλαϐὼν,
1509 2591 1578 2626 μετὰ
1600 2591 1655 2618 τῶν
1688 2589 1808 2624 Ἀὃάρων
1838 2585 1903 2618 εφη·

1133 2637 1244 2670 νεύσας,
1259 2637 1297 2668 ὼς
1312 2638 1432 2673 ἐνόμιζε,
1449 2638 1601 2674 μετήνεγκε
1616 2638 1650 2665 τὰ
1667 2635 1850 2672 στρατεύματα
1861 2629 1902 2662 τῆς

1134 2683 1269 2718 Εὐρώπης
1283 2683 1330 2709 ἐπὶ
1346 2683 1394 2717 τὴν
1414 2683 1518 2716 Ἀσίαν,
1537 2684 1585 2710 καὶ
1599 2683 1725 2711 διενοεῖτο
1739 2682 1770 2716 τῇ
1786 2678 1830 2706 τοῦ
1843 2673 1900 2703 Θεοῦ

1135 2729 1265 2765 συνεργίᾳ
1285 2729 1355 2756 κατὰ
1369 2730 1498 2765 Περσίδος
1511 2732 1620 2766 χωρεῖν.

1171 2775 1216 2810 Τῷ
1230 2775 1262 2810 ιβ’
1276 2774 1342 2807 ἔτει,
1358 2775 1442 2811 ἤγουν
1459 2776 1498 2811 τῷ
1512 2775 1662 2812 ,ςρλα’ἀπὸ
1677 2775 1787 2804 κτίσεως
1801 2771 1898 2803 κάσμοιᾹ

1138 2820 1203 2855 μηνὶ
1221 2820 1399 2857 Σεπτεμὸρίῳ
1413 2821 1446 2856 γ’,
1462 2822 1553 2858 ἡμέρᾳ
1564 2826 1595 2856 ε’,
1608 2822 1714 2856 ἐγένετο
1728 2819 1846 2855 θεμάτων
1854 2812 1899 2839 τάν

1138 2866 1301 2902 Σαέακηνῶν
1326 2867 1403 2902 παρὰ
1424 2868 1560 2903 Στεφάνου
1595 2865 1785 2902 Ἀλεξανδρέως
1811 2860 1900 2888 τούτοις
