2008 3149
122 152 173 184 ’185

642 155 911 186 HISTORIARUM
931 157 1196 189 COMPENDIUM.

1687 159 1740 192 756

123 208 308 240 xavovisavto;
326 209 461 244 κρατῆσαι
484 209 513 236 ὲν
531 209 618 246 ἰσχύει
634 211 683 246 μὲν
696 212 743 247 ἐτη
761 212 810 245 το¹,
826 213 855 240 ὲν
872 213 900 240 δὲ

962 214 1036 241 randi
1051 216 1158 242 ratione
1171 213 1336 241 vaticinatus
1349 217 1390 241 est
1407 214 1464 242 fore
1478 222 1574 242 eorum
1589 217 1738 250 potentiam

122 257 257 290 συστροφῇ
275 255 322 282 καὶ
340 257 529 294 ἀκαταστασία
545 258 591 284 καὶ
612 261 739 295 συμφορᾷ
758 260 838 296 ἕτερα
855 260 901 296 ἔτη

122 302 173 335 νς¹,
185 302 221 334 ὡς
245 300 315 329 εἶναι
340 304 389 338 τὴν
403 303 582 340 διακράτησιν
598 306 687 333 αὐτῶν
704 307 813 333 ἅπασαν
828 307 905 333 εὐτυ-

121 349 218 384 χοῦσαν
244 349 293 375 καὶ
309 349 496 384 δυστυχοῦσαν
519 351 567 386 ἔτη
591 351 654 384 τξέ,
673 353 701 378 ὲν
718 352 755 386 τῷ
771 351 791 384 ξ’
813 354 904 380 ἐνιαυ-

120 395 157 429 τῷ
174 395 241 430 (56),
258 395 331 423 καθά
351 405 418 430 φησι
438 398 485 423 καὶ
499 398 513 423 ὁ
530 399 673 433 προφήτης
693 398 816 429 Ἡσαΐας·
834 399 905 425 Τάδε

121 442 192 475 λέγει
206 441 325 476 Κύριος·
344 443 406 469 Ἔτι
428 443 549 475 ἐνιαυτὸς
564 444 600 474 ὼς
619 445 740 476 ἐνιαυτὸς
756 445 903 480 μισθωτοῦ,

121 487 166 513 καὶ
181 486 301 521 ἐκλείψει
318 487 335 522 ἡ
350 487 414 520 δόξα
433 489 541 523 Κηδὰρ,
559 489 605 516 καὶ
622 490 652 516 τὸ
667 491 831 517 κατάλοιπον
850 491 905 517 τῶν

121 535 292 568 τοξευμάτων
313 534 379 561 υίῶν
398 535 492 571 Κηδὰρ
504 536 558 562 τῶν
581 537 698 573 ἰσχυρῶν
714 538 789 564 ἔσται
803 538 904 572 ὀλίγον.

120 581 212 606 Λείπει
228 579 274 606 οὖν
283 580 335 612 ἕως
347 581 396 615 τῆς
405 581 506 614 (57)...,
517 581 565 608 ἐὰν
577 583 631 618 ἄρα
640 583 730 615 καλῶς
742 583 905 618 ὲοεμάτισεν

120 627 133 652 ὁ
146 626 313 662 ἀστρονόμος
327 627 462 660 Στέφανος
472 635 479 642 ·
498 627 554 654 ἀλλ’
569 628 606 659 ὡς
621 626 697 664 οἶμαι
717 629 814 655 λεπτὸν
831 630 903 664 παχὺ

119 671 212 698 ἔλαθεν
233 672 347 699 ἐκεῖνον.
366 673 425 708 Χρὴ
438 673 466 700 δὲ
485 673 584 701 εἰδέναι
600 675 641 701 ὅτι
669 676 683 701 ὁ
707 675 801 710 Κηδὰρ
820 675 908 702 δεύτε-

121 727 164 752 ρος
182 718 241 750 υἱὺς
254 717 302 744 τοῦ
325 718 437 754 Ἰσμαὴλ
452 716 496 753 ἦν.
513 719 604 755 Τούτῳ
626 720 666 755 τῷ
693 720 748 747 ἔτει
767 721 878 753 τελέσας
893 722 907 747 ὁ

120 763 245 798 βασιλεὺς
264 764 425 799 Ἡράκλειος
442 764 491 799 τὴν
505 765 602 801 ἑορτὴν
621 766 668 792 τοῦ
685 767 790 801 Πάσχα,
805 766 907 798 εὐθέως

120 811 150 844 τῇ
166 809 283 844 δευτέρᾳ
305 809 412 845 ἑσπέρᾳ
437 810 545 844 ἐκίνησε
563 811 634 838 κατᾶ
660 812 801 848 Περσίδος,
816 811 907 839 λαϐὼν

120 855 170 882 ἀπὸ
186 855 245 881 τῶν
260 856 368 889 εὐαγῶν
387 856 469 883 οἴκων
491 857 538 884 καὶ
562 857 714 892 ἐκκλησιῶν
737 858 866 893 χρήματα
879 858 908 884 ὲν

119 901 213 936 δινείῳ
230 902 357 937 (ἀπορίαν
376 903 431 938 γὰρ
449 901 505 939 εἶχε
520 903 552 930 τδ
583 904 730 931 παλάτιον·
754 904 801 930 καὶ
821 903 909 931 ταῦτα

120 947 238 981 ἐχάραξε
254 948 410 983 νομίσματα
428 949 475 975 καὶ
492 949 667 985 μιλιαρίσια),
689 950 848 977 καταλιπὼν
863 950 908 977 τὸν

120 991 181 1018 ἴδιον
198 992 259 1018 υίὺν
278 993 326 1019 σὺν
341 993 379 1028 τῷ
397 994 554 1029 πατριάρχῃ
571 994 676 1029 Σεργίῳ
693 994 722 1020 ὲν
737 995 910 1020 Κωνσταντι-

120 1037 247 1064 νουπὸλει
267 1037 377 1065 διοικεῖν
398 1038 431 1065 τὰ
450 1039 611 1074 πράγματα,
637 1040 685 1066 σὺν
712 1040 785 1074 Βόνῳ
800 1039 856 1074 (58)
871 1038 909 1074 τῷ

122 1084 269 1118 πατρικίῳ,
284 1084 361 1120 ἀνδρὶ
376 1085 501 1120 ἐχέφρονι
519 1086 565 1112 καὶ
580 1086 614 1112 τὰ
633 1087 721 1112 πάντα
739 1085 840 1120 συνετῷ
863 1085 910 1112 καὶ

120 1131 326 1165 πεπειραμένῳ.
346 1131 469 1166 Ἔγραψε
492 1132 521 1158 δὲ
546 1132 593 1158 καὶ
615 1132 684 1167 πρὸς
709 1132 755 1158 τὸν
783 1131 910 1165 Χαγάνον

119 1175 310 1210 παρακλήσεις
320 1175 366 1202 τοῦ
382 1177 537 1211 ἐπικουρεῖν
553 1177 587 1203 τὰ
597 1177 651 1203 τῶν
665 1176 810 1212 Ῥωμαίων
821 1175 910 1211 πράγ-

122 1228 192 1253 ματα
207 1219 249 1251 ὡς
266 1219 309 1256 [Ρ.
331 1219 395 1256 410]
412 1220 504 1254 φιλίαν
522 1221 704 1257 σπεισάμενον
726 1221 796 1256 πρὸς
815 1220 909 1252 αὑτὸν,

121 1265 165 1290 καὶ
185 1265 340 1300 ἐπίτροπον
354 1265 400 1292 τοῦ
427 1265 492 1292 ἰδίου
509 1266 569 1293 υίοῦ
586 1266 681 1293 τοῦτον
704 1266 858 1300 ὠνόμασεν.
881 1265 910 1291 '0

121 1311 248 1346 Χοσρόης
261 1312 289 1338 δὲ
303 1312 374 1348 Σάην
385 1312 429 1339 τὸν
438 1312 561 1348 ἡγεμόνα
576 1313 645 1348 μετὰ
656 1313 755 1347 πολλῆς
768 1312 911 1347 δυνάμεως

119 1355 186 1382 κατὰ
201 1355 352 1391 Ῥωμαίων
363 1357 524 1388 ἀποστείλας
534 1357 622 1384 πᾶσαν
635 1357 682 1392 τὴν
691 1356 834 1392 ’Δνατολὴν
842 1357 913 1391 ἠφά-

120 1410 199 1430 νισεν.
227 1402 327 1428 Ἐλθὼν
342 1402 370 1428 δὲ
381 1403 409 1428 ἐν
419 1402 571 1438 Χαλκηδόνι
582 1403 674 1430 ἰκανὸν
682 1403 777 1438 χρόνον
788 1404 911 1438 παρεκά-

119 1448 261 1479 θισεν.ὀς
275 1448 321 1475 τὸν
337 1448 497 1484 Ἡράκλειον
509 1449 567 1484 μεθ’
578 1449 747 1484 ὑποκρίσεως
760 1450 912 1485 προσκαλε-

120 1494 239 1528 σάμενος
254 1494 288 1520 τὰ
303 1494 370 1528 πρὸς
387 1494 497 1530 εἰρήνην
512 1494 666 1529 ὡμίλησεν·
683 1495 696 1521 δ
707 1494 736 1521 δὲ
749 1496 805 1526 τοῖς
818 1495 914 1528 δολίοις

956 268 988 287 ac
1000 260 1216 288 dominationem
1227 260 1342 288 validam
1360 268 1407 296 per
1418 269 1505 289 anuos
1516 261 1578 293 509,
1596 261 1659 289 inde
1671 263 1739 290 alios

954 305 988 332 56
1002 313 1060 332 eam
1074 305 1171 338 turbis,
1185 305 1346 333 tumultibus
1356 313 1388 332 ac
1400 306 1603 333 calamitatibus
1615 311 1739 334 vexatum

954 350 999 378 iri.
1013 350 1114 378 Rerum
1132 351 1223 386 itaque
1236 358 1284 378 eos
1296 351 1429 385 potituros
1442 358 1529 379 annos
1542 351 1568 378 in
1583 351 1740 378 universum

956 401 1073 432 utraque
1101 396 1209 424 fortuna
1236 396 1297 424 565.
1329 396 1357 423 In
1374 405 1447 424 anno
1462 397 1506 429 60,
1523 397 1594 424 sicut
1615 401 1641 424 et
1664 403 1742 424 vates

955 443 1041 471 Isaias
1063 443 1227 478 praénuutiat
1252 452 1258 470 :
1278 443 1333 470 Iloc
1345 444 1416 471 l'atur
1432 443 1562 471 Dominus
1581 452 1588 470 :
1606 451 1740 470 annorum

957 496 1065 516 summa
1080 489 1143 521 erit,
1155 494 1256 523 quanta
1275 492 1317 516 est
1331 496 1403 516 anno
1419 489 1590 516 mercenarii.
1607 488 1675 515 Tum
1685 489 1742 523 glo-

957 535 997 562 ria
1021 533 1137 562 Ccdaris
1165 534 1304 566 interibit,
1329 535 1487 569 exiguaeque
1510 539 1591 562 erunt
1621 535 1742 570 reliquire

956 579 1156 614 jaculationum
1172 579 1235 606 [iliis
1249 579 1361 607 Cedaris
1376 580 1496 607 robustis
1513 580 1544 607 “.
1563 581 1665 608 Desunt
1678 588 1742 615 ergo

957 634 1044 660 usque
1052 625 1120 652 ad...
1131 624 1265 659 siquidem
1275 625 1429 660 astrologus
1436 626 1481 653 ille
1489 626 1644 660 Stephanus
1653 627 1743 654 thema

958 671 1080 705 legitime
1107 670 1262 698 constituit.
1291 670 1453 705 Quanquam
1482 678 1541 698 mea
1571 671 1622 697 fert
1650 671 1743 706 opinio

959 718 1102 746 aberrasse
1114 725 1175 744 cum
1193 717 1323 753 scrupulo
1335 717 1416 745 valde
1428 725 1538 752 magno.
1557 717 1638 745 Neris
1652 722 1742 745 autem

958 764 1089 791 Ccdarcm
1108 763 1259 791 secundum
1276 771 1339 792 esse
1354 764 1461 791 lsmaeli
1479 764 1576 792 ﬁliuni.
1597 763 1653 792 lloc
1672 772 1744 791 anno

960 810 1104 838 lleraclius
1124 811 1304 838 solemnitate
1333 810 1476 838 Paschalis
1501 816 1624 846 peracta,
1652 811 1744 838 statim

961 857 1092 892 postridie
1119 857 1171 884 sub
1195 863 1336 890 vesperam
1366 857 1499 885 adversus
1527 857 1624 885 Pcrs:is
1649 858 1744 885 movit.

925 893 944 920 Β
960 904 1082 940 Snmpsit
1099 904 1131 931 ad
1147 911 1206 931 eam
1223 903 1422 939 expeditionem
1445 904 1478 930 de
1492 903 1619 931 domibus
1636 903 1746 939 religio-

959 951 998 978 sis
1017 955 1044 978 et
1057 950 1168 985 templis
1185 954 1307 977 mutuam
1322 950 1475 985 pecuniam,
1490 949 1556 976 fisco
1572 949 1746 984 imperatoris

959 997 1050 1030 inopia
1078 1001 1134 1024 tum
1156 996 1316 1029 laborante;
1343 1000 1370 1023 et
1394 1003 1426 1022 ex
1454 1002 1486 1022 ea
1503 995 1579 1022 cudit
1606 999 1745 1022 monetam

959 1043 1043 1079 718
1065 1047 1092 1070 et
1117 1042 1273 1070 miliarisia.
1298 1042 1338 1069 Ad
1360 1041 1454 1069 urbem
1478 1040 1562 1068 lilium
1581 1049 1660 1069 suum
1684 1049 1745 1068 cum

961 1089 1056 1124 Sergio
1072 1088 1229 1124 patriarcha
1246 1088 1358 1123 reliquit
1378 1087 1460 1114 rebus
1476 1086 1673 1122 gubernaudis.
1699 1087 1748 1112 ad-

960 1135 1017 1162 dito
1029 1133 1103 1161 Bono
1116 1134 1244 1167 patricio,
1260 1133 1320 1161 viro
1332 1133 1444 1161 cordato
1456 1133 1585 1167 variaque
1601 1132 1747 1167 prudentia

960 1184 987 1208 et
1012 1187 1063 1207 usu
1092 1187 1183 1207 rerum
1211 1179 1357 1207 instructo.
1376 1178 1535 1213 Chaganum
1563 1185 1673 1213 quoque
1699 1186 1747 1213 per

961 1225 1066 1252 litteras
1086 1224 1212 1252 hortatus
1229 1228 1273 1253 est.
1295 1225 1327 1252 ad
1342 1219 1533 1259 opitulandum
1551 1224 1633 1252 rebus
1647 1223 1749 1250 Roma-

961 1271 1015 1303 nis,
1034 1276 1063 1298 ut.
1075 1278 1137 1298 cum
1157 1278 1211 1305 quo
1229 1270 1388 1298 societatem
1406 1270 1551 1302 ﬁrmasset,
1567 1277 1683 1304 eumque
1699 1269 1747 1296 δίῖὶ

961 1319 1004 1346 sui
1015 1322 1132 1345 tutorem
1146 1317 1303 1352 appellavit.
1322 1316 1432 1344 Interim
1446 1316 1512 1343 Saes
1525 1323 1539 1342 a
1555 1315 1675 1343 Chosroe
1685 1322 1749 1342 cum

962 1372 1061 1400 magno
1072 1363 1194 1391 exercitu
1210 1367 1308 1391 contra
1321 1362 1463 1390 Romanos
1476 1363 1576 1390 missus
1589 1362 1746 1388 universum

962 1411 1101 1438 Orientem
1118 1414 1221 1443 vastat;
1245 1416 1363 1444 cumque
1385 1408 1419 1436 ad
1434 1407 1635 1436 Chalcedonem
1660 1414 1748 1441 usque

965 1456 1147 1491 pervenisset,
1173 1454 1209 1482 ibi
1236 1453 1397 1488 aliquandiu
1427 1453 1539 1481 assedit.
1569 1451 1641 1480 Idem
1661 1451 1749 1479 llera-

962 1500 1046 1528 clium
1074 1500 1204 1528 simulata
1226 1498 1427 1534 paciﬁcationis
1455 1505 1503 1532 spe
1526 1497 1559 1524 ad
1580 1496 1749 1531 colloquium

119 1539 203 1573 λόγοις
221 1540 368 1572 πιστεύσας
387 1539 469 1579 αυτοῦ
485 1540 621 1575 ἐκπέμπει
633 1539 680 1566 σὺν
695 1541 769 1575 αὑτῷ
784 1541 911 1575 πρέσϐεις

963 1546 998 1574 de
1021 1545 1110 1580 pactis
1131 1545 1266 1573 invitavit.
1288 1545 1322 1572 Et
1345 1544 1494 1585 imperator
1517 1543 1579 1571 Sais
1605 1542 1750 1570 fallacibus

122 1587 287 1619 μεγιστᾶνας
298 1586 365 1621 πρὸς
379 1586 501 1621 Χοσρόην
512 1589 542 1618 o’,
557 1585 603 1618 οὓς
615 1586 781 1622 παραλαϐὼν
796 1587 910 1623 ἀτίμους

123 1632 166 1658 καὶ
185 1632 317 1666 δεσμίους
341 1633 485 1667 ἀπήγαγεν
503 1633 532 1659 ὲν
550 1633 668 1668 Περσίδι.
693 1633 722 1659 ὐ
740 1633 767 1660 δὲ
787 1633 910 1668 Χοσρόης

124 1677 165 1703 τὴν
180 1679 232 1712 μὲν
250 1678 323 1712 Σάην
339 1678 376 1709 ὡς
386 1679 431 1705 τὸν
448 1678 608 1713 Ἡράκλειον
627 1679 717 1706 ἰδόντα
732 1679 779 1706 καὶ
797 1679 834 1715 μὴ
849 1679 910 1705 συλ-

125 1723 240 1750 λαϐόντα
262 1723 408 1759 ἐκδαρῆναι
430 1723 567 1757 ἐκέλευσε,
584 1725 647 1756 τοὺς
669 1724 698 1751 δὲ
731 1724 861 1761 πρέσϐεις
881 1725 911 1751 ὲν

125 1770 260 1805 ςρουραίς
284 1770 332 1795 καὶ
360 1769 518 1804 κακουχίαις
542 1770 720 1797 κατεδίκασεν
735 1779 743 1786 ·
771 1771 842 1806 ὑπὲρ
874 1768 911 1798 ὧν

125 1817 227 1851 ἀθυμία
244 1816 292 1843 καὶ
305 1816 394 1851 θλῖψις
411 1816 496 1851 πολλὴ
514 1817 630 1852 κατέσχε
644 1818 689 1844 τδν
706 1816 826 1852 βασιλέα.
844 1815 912 1844 Εἶτα

126 1862 203 1888 πάλιν
233 1860 360 1896 Χοσρόης
387 1861 547 1889 ἀπέστειλεν
580 1861 673 1895 ἕτερον
693 1861 811 1897 ἄρχοντα
840 1863 912 1889 κατὰ

131 1907 288 1942 Ῥωμαίων.
314 1907 427 1942 ὀνόματι
456 1907 608 1943 Σάρδαρον,
629 1908 657 1940 ὃς
689 1908 758 1943 μετὰ
783 1908 913 1942 πλείστης

126 1955 266 1990 δυνάμεως
290 1951 355 1990 ἦλθε
383 1954 452 1989 πρὸς
477 1954 526 1989 τὴν
556 1955 660 1987 Ἀσίαν,
685 1954 734 1990 τὴν
759 1955 913 1990 Ῥωμανίαν

128 2001 298 2036 ληϊζόμενος.
323 2000 351 2027 ’0
367 2000 395 2026 δὲ
408 2000 535 2033 βασιλεὺς
553 2001 715 2036 βουλόμενος
734 2000 802 2036 πρὸς
816 2001 915 2037 Περσί-

126 2046 157 2073 δα
174 2047 277 2081 χωρεῖν
288 2045 349 2072 τάδε
366 2046 433 2081 πρὸς
444 2045 490 2072 τὴν
503 2045 673 2081 πατριάρχην
684 2046 748 2081 ἔφη·
763 2046 811 2078 Είς
820 2047 914 2082 χεῖρας

129 2092 174 2119 τοῦ
189 2091 272 2124 Θεοῦ,
290 2091 399 2125 καὶτῆς
412 2091 595 2126 Θεομητέρος,
616 2092 663 2118 καὶ
678 2091 724 2118 σοῦ
750 2092 852 2127 ἀφίημι
865 2092 914 2127 τὴν

131 2138 205 2165 πόλιν
230 2137 334 2172 ταύτην
361 2137 409 2163 καὶ
433 2137 479 2162 τὸν
507 2136 564 2162 υἱόν
582 2145 643 2172 μου.
663 2137 717 2163 Καὶ
732 2136 860 2163 εἰσελθὼν
875 2137 915 2168 είς

131 2184 177 2218 τὴν
196 2183 330 2217 Μεγάλην
353 2182 526 2217 Ἐκκλησίαν,
544 2183 646 2217 μέλανα
664 2182 824 2218 ὑποδήματα
838 2192 915 2218 περι-

965 1591 1056 1619 verbis
1074 1591 1206 1626 deceptus
1230 1590 1315 1617 mittit
1337 1582 1399 1617 cum
1422 1597 1455 1617 eo
1481 1589 1515 1616 70
1537 1588 1571 1616 de
1587 1588 1751 1623 proceribus

964 1636 1023 1664 suis
1041 1636 1146 1670 legatos
1163 1635 1197 1662 ad
1213 1635 1374 1667 Chosroem,
1390 1641 1460 1669 quos
1479 1634 1546 1661 Saes
1561 1633 1667 1660 vinctos
1685 1640 1750 1660 cum

964 1680 1132 1707 contumelia
1160 1680 1188 1706 in
1209 1678 1349 1706 Persidem
1377 1678 1502 1706 abduxit.
1532 1677 1586 1706 Sed
1613 1678 1751 1706 Clmsroes

966 1726 1023 1759 Sai,
1039 1726 1111 1762 quod
1131 1725 1288 1753 lleraclium
1311 1724 1427 1752 vidisset
1445 1731 1534 1759 neque
1550 1724 1678 1759 cepisset,
1700 1731 1750 1750 cu-

966 1777 1020 1800 tem
1041 1772 1158 1804 detrahi,
1181 1772 1286 1807 legatos
1308 1770 1449 1798 Romanos
1468 1770 1494 1797 in
1521 1770 1673 1797 custodiam
1691 1769 1750 1796 dari

967 1818 1092 1852 maleque
1119 1817 1232 1844 tractari
1258 1817 1353 1851 jussit.
1376 1816 1467 1843 Alium
1489 1816 1589 1843 deinde
1619 1816 1752 1843 adversus

967 1863 1106 1892 Romanos
1125 1863 1223 1891 ducem
1249 1863 1366 1895 emittit,
1386 1862 1494 1889 nomine
1519 1862 1680 1889 Sarbarum.
1699 1861 1754 1894 Qui

967 1909 1093 1936 maximis
1113 1916 1175 1936 eum
1193 1908 1281 1943 copiis
1294 1907 1388 1937 Asiam
1405 1908 1547 1941 ingressus
1563 1906 1751 1933 Romanorum

967 1955 1086 1983 ditiones
1113 1953 1285 1988 deprauatus
1315 1958 1368 1980 est.
1402 1953 1536 1980 Caeterum
1562 1950 1705 1978 Heraclius
1723 1951 1751 1978 in

967 1999 1106 2028 Persidem
1135 1999 1225 2027 iturus
1254 1999 1292 2026 ita
1317 1997 1463 2033 compellat
1492 1996 1677 2032 patriarcham
1695 2005 1702 2022 :
1722 1995 1749 2023 in

967 2045 1095 2073 manibus
1112 2044 1170 2077 Dei,
1182 2044 1303 2078 Deipara!
1318 2048 1346 2072 et
1363 2044 1419 2071 tuis
1433 2043 1559 2078 relinquo
1571 2042 1665 2070 urbem
1680 2041 1752 2069 hanc

967 2095 994 2120 et
1014 2090 1099 2118 lilium
1114 2097 1215 2117 meum.
1233 2088 1299 2116 Inde
1315 2096 1443 2123 maguum
1458 2088 1587 2123 templum
1600 2088 1753 2123 ingressus,

968 2140 1073 2164 atratus
1089 2135 1208 2168 calceos.
1225 2141 1329 2170 pronus
1348 2133 1505 2169 procubuit,
1526 2133 1617 2168 itaque
1634 2137 1677 2160 est
1692 2140 1755 2167 prc-

968 2188 1045 2210 catus
1060 2190 1066 2208 :
1083 2181 1196 2209 Domine
1209 2180 1290 2213 Deus,
1303 2186 1328 2207 et
1338 2179 1402 2207 Jesu
1417 2180 1543 2211 Christe,
1556 2187 1590 2206 ne
1605 2187 1656 2206 nos
1670 2186 1754 2214 prop.

131 2227 279 2262 ἦαλόμενος
292 2227 339 2253 καὶ
351 2227 457 2263 πρηνὴς
468 2227 558 2253 πεσὼν
572 2226 674 2262 ηὔξατο
686 2227 783 2259 οὕτως·
794 2228 911 2255 Δέσποτα

971 2233 1011 2256 ter
1034 2230 1147 2263 peccata
1163 2230 1256 2255 nostra
1277 2226 1404 2254 hostibus
1431 2225 1488 2254 tuis
1508 2225 1663 2253 irridendos
1683 2232 1754 2260 prae-

131 2272 192 2305 Θεὲ,
213 2272 261 2299 καὶ
272 2272 358 2308 Κύριε
379 2271 466 2308 Ἰησοῦ
479 2272 590 2307 Χριστὲ,
603 2273 640 2309 μὴ
651 2274 779 2309 παραδῷς
790 2275 862 2309 ἡμᾶς
877 2275 916 2306 είς

132 2318 231 2350 ὗνειδος
253 2319 309 2349 τοῖς
333 2318 438 2354 ἐχθροῖς
462 2326 509 2344 σου
526 2318 569 2345 διὰ
594 2319 645 2351 τὰς
671 2319 808 2353 ἁμαρτίας
827 2319 917 2354 ἡμῶν,

132 2364 188 2390 ἀλλ’
205 2363 356 2399 ὲπιῦλέψας
371 2363 494 2399 ἐλέησον,
513 2364 561 2391 καὶ
579 2364 628 2399 τὴν
652 2365 723 2392 κατὰ
738 2365 792 2391 τῶν
813 2363 918 2399 ἐχθρῶν

137 2417 183 2436 σου
199 2410 280 2444 νίκην
302 2410 345 2441 δὺς
370 2410 447 2445 ἡμῖν,
462 2410 537 2442 ὅπως
562 2411 599 2446 μὴ
616 2412 797 2446 καυχήσωνται
813 2411 838 2437 οἱ
854 2411 920 2437 ἀλά-

136 2463 231 2490 στορες
253 2456 322 2483 κατὰ
337 2455 386 2490 τῆς
408 2457 457 2491 σῆς
472 2457 653 2492 κληρονομίας
667 2458 853 2493 ἐπαιρόμενοι.
871 2458 919 2484 Ὃν

136 2500 197 2527 ἰδὼν
207 2501 339 2536 Γεώργιος
353 2501 367 2528 ὁ
377 2502 506 2537 Πισσίδης
516 2503 585 2537 μετά
597 2503 723 2538 τοιαύτης
732 2502 921 2534 ταπεινώσεως

136 2546 207 2582 ἔφη·
223 2545 258 2574 Ὦ
273 2547 396 2582 βασιλεῦ,
415 2548 589 2583 μελεμῧαφὲς
605 2549 711 2576 πέδιλον
727 2549 828 2581 εἱλίξας
843 2549 921 2582 πόδα,

136 2592 234 2627 Bai-gat;
250 2594 365 2629 ἐρυθρὸν
384 2595 529 2630 Περσικῶν
557 2596 587 2629 ἐξ
613 2595 747 2631 αἱμάτων.
776 2595 874 2622 Λαϐὼν
894 2596 922 2622 δὲ

172 2663 194 2678 ¹³
214 2662 265 2690 lsa.
280 2670 335 2690 xm
355 2662 396 2690 16.

972 2276 1037 2303 beas
1057 2284 1064 2302 :
1084 2274 1131 2302 sed
1152 2275 1260 2302 intuere
1278 2273 1360 2309 719
1376 2274 1403 2300 in
1427 2280 1477 2300 nos
1493 2279 1526 2300 ac
1543 2272 1674 2300 miserere
1692 2278 1757 2298 nos-

971 2325 1054 2354 trum,
1073 2328 1105 2348 ac
1122 2320 1264 2347 victoriam
1286 2319 1320 2346 de
1343 2318 1469 2346 hostibus
1490 2318 1545 2345 tuis
1570 2316 1702 2350 concede,
1723 2324 1757 2343 uc

971 2366 1122 2400 glorientur
1149 2364 1273 2392 scelerati
1299 2368 1326 2391 et
1352 2367 1405 2391 une
1433 2361 1763 2391 iusultentluereditati._

972 2412 1051 2439 llunc
1072 2412 1109 2438 ita
1123 2411 1215 2438 animo
1232 2410 1352 2438 demisso
1373 2413 1496 2436 orantem
1511 2408 1610 2437 videns
1622 2407 1762 2442 Georgius.

972 2457 1136 2485 l'issidensis
1153 2457 1190 2484 ita
1206 2456 1341 2484 allocutus
1352 2460 1412 2483 est:

1041 2514 1155 2549 Nigrum
1173 2514 1315 2548 imperator
1326 2521 1393 2540 nunc
1406 2513 1496 2540 indute
1513 2512 1642 2544 calcentur,

1045 2548 1209 2585 [lube/acies,
1227 2551 1337 2576 tinctum
1352 2556 1443 2575 cruore
1458 2548 1573 2575 Persico.

973 2595 1036 2624 Inde
1059 2595 1201 2624 lleraclius
1217 2596 1245 2623 in
1262 2602 1361 2623 manus
1379 2597 1488 2629 sumpta
1504 2593 1605 2621 Christi
1627 2591 1755 2628 imagine,

717 2708 893 2736 XYLANDRI
913 2708 956 2737 ET
971 2708 1075 2737 GOARI
1093 2707 1209 2736 NOTAE.

174 2755 232 2789 (56)
248 2755 337 2783 Lorne
352 2755 465 2782 mutilus
480 2759 507 2782 et
521 2754 683 2782 divinatoris
692 2762 784 2789 egens.
801 2755 865 2782 XvL.

174 2791 234 2825 (37;
255 2791 393 2817 Librarius
415 2792 441 2816 iu
465 2791 586 2823 margine
610 2791 738 2824 ascripsit
761 2800 766 2816 ε
786 2791 920 2825 Ζητηιέπιν

140 2825 192 2857 ἕως
216 2826 290 2856 πάτε,
308 2826 432 2854 ὅτι,οὺδὲ
461 2825 500 2856 εἰς
520 2826 549 2852 τὸ
578 2826 742 2860 ἁντῗγρλιρον
775 2828 862 2853 ἔκειτό
895 2835 920 2852 τι

143 2862 206 2895 περὶ
224 2861 327 2889 τούτου.
345 2860 409 2887 Χη-

1010 2755 1066 2789 (58)
1097 2754 1143 2781 Sic
1168 2758 1210 2781 est
1239 2757 1265 2780 et
1286 2753 1356 2787 apud
1381 2753 1532 2786 Zonaram;
1555 2758 1582 2780 ct
1605 2752 1631 2780 in
1658 2752 1759 2785 margi-

976 2799 1009 2852 riiie
1038 2791 1125 2851 nostri
1156 2789 1259 2817 colicis
1286 2796 1335 2824 pro
1369 2789 1473 2818 Βονὸσω
1502 2792 1558 2816 crat
1596 2791 1769 2816 auuolatuttt.

999 2835 1060 2852 Wm.
1104 2833 1142 2852 η.

999 2835 1060 2861 ῢνῳ.
1079 2835 1142 2852 Λὶιι
