2008 3149
107 159 157 190 79‘!

621 159 893 190 HISTORIARUM
913 159 1180 191 COMPENDIUM.

1676 162 1731 194 7M

106 223 166 249 ρους
188 213 292 246 διελὼν,
306 213 440 249 προάγειν
462 214 522 246 τοὺς
541 213 591 250 μὲν
606 214 734 241 ἐκέλευσε
750 214 821 241 κατὰ
844 213 891 240 τοῦ

949 215 1024 241 iione
1037 222 1051 241 a
1066 215 1198 242 Romanis
1213 215 1276 243 (ιπεί
1294 219 1369 249 sunt,
1379 215 1449 249 solo,
1463 220 1493 243 ut
1508 217 1654 252 proverbio
1669 218 1723 245 dici

107 261 262 297 Radepw,
283 260 365 293 αὐτὸς
379 261 407 287 δὲ
424 261 472 287 σὺν
488 262 545 292 τοῖς
565 260 668 296 ἑτέροις
683 260 772 287 ὀπίσω
786 259 889 286 τούτων

103 308 206 335 εἵπετο.
224 307 396 339 Σπεύσαντες
422 307 451 334 δὲ
465 307 617 334 κατέλαϐον
632 306 732 342 χωρίον
754 306 891 333 ’Λλὸανῶν

104 354 161 389 ὥρᾳ.
178 353 201 380 θ’
223 353 274 388 τῆς
301 353 411 384 νυκτός.
437 352 498 379 Τῶν
523 353 551 379 δὲ
580 353 694 388 Περσῶν
709 353 829 386 γνόντων
844 352 893 387 τὴν

103 399 194 432 ἔφοδον
216 399 265 424 καὶ
286 398 467 434 ὁρμησάντων
494 397 554 424 κατ’
581 398 681 430 αὐτῶν,
704 398 729 425 οῑ
762 398 893 432 Ῥωμαῖοι

102 444 209 476 τούτους
222 444 324 475 πάντας
346 445 462 475 ἀνεῖλον,
482 443 568 478 πάρεξ
582 444 651 476 ἐνὸς,
667 443 698 470 τὸ
714 442 760 470 τοῦ
804 443 893 475 λόγου,

102 490 254 526 πυρφόρον,
264 490 293 521 ὂς
306 491 352 516 καὶ
366 489 405 524 τῷ
421 489 555 525 Βαρόάρῳ
570 489 716 524 ἐμήνυσεν.
737 488 766 515 ’0
784 489 812 515 δὲ
825 488 893 523 Βάρ-

104 537 183 572 ἦαρος
209 537 313 571 γυμνὸς
334 537 381 563 καλ
408 536 573 565 ἀνυπόδετος
602 535 679 570 ἵππῳ
699 535 797 566 ἐπιϐὰς
818 535 891 570 φυγῇ

102 582 148 616 τὴν
167 582 306 617 σωτηρίαν
322 582 474 616 ἐπορίζετο.
497 582 599 608 Τούτου
614 581 664 612 τὰς
689 582 820 614 γυναῖκας
845 581 892 607 καὶ

104 629 154 655 πᾶν
171 628 202 654 τὺ
219 629 354 663 Περσικὸν
367 628 459 660 ἄνθος,
488 627 622 662 ἄρχοντάς
639 634 669 653 τε
685 628 732 653 καὶ
746 627 891 660 σατράπας

102 675 146 701 καὶ
162 676 334 710 στρατιώτας
356 675 517 706 ἐπιλέκτους
540 674 702 701 καταλαὸὼν
728 674 891 705 ἀνελθόντας

102 722 147 748 ἐπὶ
162 722 218 748 τῶν
234 722 369 757 δωμάτων
381 723 428 749 καὶ
445 721 564 756 πόλεμον
583 720 759 755 κροτοῦντας.
775 719 820 746 διὰ
837 728 890 745 πυ-

102 769 144 803 ρὸς
159 768 282 801 καθεῖλε,
300 769 345 794 καὶ
360 768 407 799 οὓς
420 768 469 803 μὲν
483 767 613 800 εκτεινεν,
641 765 687 798 οὓς
700 766 728 792 δὲ
739 765 807 800 πυρὶ
825 764 891 791 ἀνά-

101 814 197 846 λωσεν,
216 813 263 845 οὓς
280 814 308 840 δὲ
328 814 520 850 αἰχμαλώτους
537 814 633 840 ἔλαὸεν
645 821 651 828 ·
671 812 757 846 ὀλίγοι
770 812 798 839 δὲ
819 812 890 838 πάνυ

943 261 1024 292 solet,
1045 261 1165 296 facigero
1181 262 1344 298 superstite,
1361 262 1407 298 qui
1417 263 1521 290 cladem
1549 263 1668 290 Barbara
1687 265 1730 291 in-

947 306 1058 333 dicavit.
1072 306 1211 335 Barbarus
1227 308 1320 335 nudus
1337 310 1365 334 et
1377 307 1435 334 sine
1452 308 1554 336 calceis
1578 315 1649 343 equo
1664 309 1733 335 insi-

944 353 1005 385 luit,
1023 352 1140 388 fugaque
1152 354 1204 381 sibi
1222 355 1373 382 consuluit.
1389 355 1477 390 Hujus
1489 354 1629 382 uxorcs'et
1647 354 1734 383 Persi-

944 405 1006 425 cum
1030 397 1124 425 ﬂorem
1148 406 1269 433 omnem,
1299 400 1495 436 principesque
1512 406 1538 428 et
1555 406 1680 435 satrapas
1707 403 1734 427 et

946 443 1067 472 delectos
1082 444 1195 477 milites,
1210 453 1272 472 cum
1294 454 1378 480 super
1392 451 1463 474 tecta
1483 447 1627 473 domorum
1649 445 1730 481 725

947 489 1104 525 confugisse
1132 498 1163 518 ac
1193 491 1381 519 defensionem
1413 492 1503 519 moliri
1533 492 1648 524 videret,
1669 493 1731 528 igne

949 536 1076 570 conjecto
1107 536 1221 572 depulit,
1255 537 1380 573 aliosque
1415 538 1564 569 interfecit,
1599 538 1732 573 quosdam

945 582 1089 614 cremavit,
1123 583 1244 617 reliquus
1261 584 1344 615 cepit,
1370 584 1516 619 perpaucis
1543 583 1604 618 fuga
1620 583 1730 618 elapsis.

946 627 1051 655 Potitus
1073 633 1116 656 est
1149 629 1231 656 etiam
1268 630 1352 657 armis
1375 629 1499 661 Barbari,
1516 637 1600 657 aureo
1615 633 1694 657 scuto
1706 634 1733 656 et

945 674 1035 709 gladio
1064 678 1091 701 et
1107 674 1184 702 hasta
1209 682 1239 701 ae
1250 674 1361 711 cingulo
1376 683 1460 703 aureo
1476 680 1614 710 gemman
1637 679 1663 702 et
1676 675 1733 702 eal-

944 719 1010 747 ceis.
1025 719 1089 747 Inde
1103 720 1130 748 iu
1143 728 1192 748 eos
1206 720 1285 748 duxit
1300 721 1345 756 qui
1360 729 1408 756 per
1421 729 1502 757 agros
1510 721 1626 756 dispersi
1642 725 1731 753 erant;

945 773 1048 801 eosque
1076 767 1216 795 insecutus
1246 768 1349 796 mullos
1377 768 1487 801 ocrirlit,
1522 768 1623 795 multos
1651 767 1732 800 cepit.

946 812 1014 839 Exin
1043 815 1193 841 contractis
1217 814 1296 842 hilari
1314 814 1406 841 animo
1421 814 1506 849 copiis
1535 814 1571 841 ibi
1590 813 1732 840 hiemavit.

102 860 231 893 φυγόντες
246 859 398 894 ἐσώθησαν.
417 859 518 886 Ἐλαϐε
534 859 562 886 δὲ
580 859 628 885 καὶ
641 858 675 886 τὰ
688 858 758 885 ὅπλα
768 857 810 894 [Ρ.
823 857 887 893 414]
907 857 954 884 τοῦ
971 858 1125 894 Βαρϐάρου,
1145 860 1194 894 τήν
1208 869 1238 886 τε
1253 860 1358 895 χρυσῆν
1374 861 1487 892 ἀσπίδα,
1507 860 1554 886 καὶ
1583 860 1732 897 μάχαιραν,

102 908 146 934 καὶ
160 907 239 942 δόρυ,
258 906 306 933 καὶ
320 905 369 941 τὴν
380 906 486 941 χρυσῆν
502 905 548 932 καὶ
561 905 680 932 διάλιθον
692 904 791 939 ζώνην,
813 904 861 931 καὶ
890 903 925 930 τὰ
944 904 1106 940 ὑποδήματα
1123 905 1217 933 αὑτοῦ.
1230 906 1324 932 Ταῦτα
1341 905 1368 932 δὲ
1383 906 1474 933 λαϐὼν
1489 906 1575 941 χωρεῖ
1586 906 1656 932 κατὰ
1676 905 1732 932 τῶν

100 953 309 987 διεσπαρμένων
325 953 354 978 ὲν
374 953 430 983 τοῖς
449 951 571 987 χωρίοις,
589 950 636 982 οὓς
649 950 697 977 καὶ
714 949 811 982 διώξας
828 949 942 980 πολλοὺς
961 949 1064 976 ἔκτεινε
1081 950 1128 977 καὶ
1164 951 1291 986 δεσμίους
1322 951 1428 978 ἐλαϐεν.
1462 949 1528 977 Εἶτα
1567 951 1734 984 ἐπισυνάξας

100 1000 128 1026 τὺ
141 998 242 1026 ἑαυτοῦ
261 997 442 1034 στρατόπεδον
459 997 529 1033 μετὰ
551 997 639 1032 χαρᾶς
651 997 680 1023 ὲν
698 996 813 1027 ἐκείνοις
828 996 885 1027 τοῖς
904 995 998 1027 τόποις
1011 996 1214 1031 παρεχείμασε.

133 1045 184 1082 Τῷ
204 1048 234 1071 ιε’
249 1044 315 1076 ἔτει,
326 1045 339 1070 ὀ
351 1043 476 1079 βασιλεὺς
495 1043 656 1078 Ἡράκλειος
667 1043 735 1077 μετὰ
749 1041 795 1069 τοῦ
810 1050 892 1077 στρα-

979 1042 1059 1069 Anno
1076 1043 1118 1075 l5,
1151 1043 1296 1071 Heraclius
1322 1050 1383 1070 cum
1400 1045 1533 1076 exercitu,
1550 1044 1648 1072 itinere
1660 1046 1733 1079 quod

102 1091 217 1118 τοπέδου
245 1089 328 1117 αὑτοῦ
355 1089 405 1124 τὴν
425 1087 482 1114 τῶν
505 1087 601 1123 Σύρων
627 1087 687 1114 ὁδὸν
713 1087 764 1122 τὴν
790 1086 837 1112 ἐπὶ
854 1085 894 1120 τῷ

104 1136 204 1172 Ταύρῳ
215 1135 350 1170 ὑπερὸὰς,
362 1135 391 1162 ἐν
404 1133 474 1160 ἑπτὰ
489 1133 607 1169 ἡμέραις
619 1133 696 1168 κόπῳ
708 1132 798 1167 πολλῷ
811 1141 894 1158 κατα-

102 1182 238 1218 λαμὸάνει
253 1181 300 1208 τὸν
314 1181 410 1216 Τίγριν
426 1180 559 1215 ποταμὸν.
576 1177 636 1206 εἶτα
651 1178 700 1214 τὴν
715 1178 898 1214 Μαρτυρόπο-

104 1230 140 1255 λιν
157 1228 210 1256 καὶ
227 1228 276 1263 τὴν
291 1227 425 1262 Ἀμιδανο
452 1226 498 1253 καὶ
521 1225 732 1253 διαναπαύονται
745 1225 758 1251 ὅ
771 1233 801 1251 τε
815 1232 897 1260 στραι-

103 1275 143 1306 τὺς
160 1274 212 1301 καὶ
226 1274 243 1308 ὴ
255 1271 438 1308 αἰχμαλωσία.
458 1270 600 1299 Ἐντεῦθεν
616 1271 770 1307 γράμματα
786 1271 854 1305 πρὸς
865 1270 896 1297 τὸ

104 1320 255 1353 Βυζάντιον
272 1317 464 1351 ἐξαπέστειλεν
474 1317 488 1343 ὁ
501 1317 640 1352 βασιλεὺς,
653 1317 701 1343 καὶ
715 1317 749 1343 τὰ
757 1316 818 1343 καθ’
834 1317 896 1343 ἐαυ-

103 1367 146 1394 τὸν
170 1366 259 1393 πάντα
274 1365 406 1400 ἐδήλωσε,
425 1364 472 1390 καὶ
487 1363 576 1399 χαρὰν
588 1364 621 1399 τῇ
637 1362 711 1389 πόλει
725 1363 894 1398 ἐνεποίησεν.

109 1414 135 1440 Ὁ
150 1413 183 1440 δὲ
191 1411 372 1447 Σαρϐαραζᾶς
380 1409 480 1445 ἐπῆλθε
494 1410 553 1437 κατ’
573 1409 667 1436 αὐτοῦ.
688 1408 896 1443 Ἐπιλεξὰμενος

104 1461 130 1486 δὲ
148 1462 164 1486 ὁ
178 1459 305 1494 βασιλεὺς
322 1458 382 1493 ἴλην
398 1456 574 1492 στρατιωτῶν
591 1455 736 1482 ἀπέστειλε
750 1454 896 1490 φυλάττειν

105 1506 151 1536 τὰς
170 1505 238 1539 πρὺς
265 1504 346 1531 αὑτὸν
364 1502 484 1537 ἀγούσας
502 1501 674 1537 κλεισούρας,
688 1502 736 1528 καὶ
749 1501 830 1533 αὐτὸς
847 1501 897 1532 τὰς

105 1551 176 1586 πρὸς
189 1549 335 1584 ’Δνατολὴν
359 1547 504 1584 ἐκδραμὼν
530 1547 664 1580 διεξόδους
689 1547 897 1582 ἀντιπρόσωπος

105 1597 147 1632 ᾔει
167 1597 224 1628 τοῖς
238 1595 402 1631 Βαρϐάροις,
414 1594 461 1621 καὶ
477 1593 601 1629 περάσας
616 1593 661 1620 τὸν
677 1592 804 1628 Νυμφιον
817 1601 898 1619 ποτα-

107 1643 160 1678 μὸν
175 1641 310 1668 κατέλαὸε
330 1641 376 1667 τδν
393 1640 550 1676 Εὐφράτην,
566 1639 596 1666 ἐν
612 1634 634 1673 ᾧ
645 1640 661 1674 ἡ
672 1638 776 1674 πλεκτὴ
790 1639 898 1673 γέφυρα

106 1691 137 1716 ἐκ
153 1688 280 1724 σχοινίων
301 1687 348 1714 καὶ
370 1687 454 1722 ἐρίων
470 1684 559 1722 ἦν,ἢν
580 1686 594 1712 ὁ
619 1685 798 1721 Σαρϐαραζᾶς
814 1685 898 1716 λύσας

946 1096 995 1122 per
1027 1088 1146 1116 Taurum
1163 1095 1284 1117 montem
1304 1090 1332 1117 in
1360 1090 1468 1126 Syriam
1499 1090 1575 1118 ducit
1591 1097 1731 1126 superato.

946 1135 1063 1168 septimo
1077 1135 1122 1162 die
1136 1141 1197 1170 past
1221 1136 1385 1164 exhaustum
1411 1144 1539 1172 maguum
1558 1137 1678 1164 laborem
1699 1137 1734 1164 ait

946 1182 1050 1218 Tigrim
1064 1180 1177 1208 ﬂuvium
1197 1181 1331 1215 pervenit.
1347 1181 1412 1209 Inde
1438 1190 1486 1217 per
1499 1182 1692 1218 Martyropolin
1708 1187 1736 1209 et

946 1228 1073 1256 Amidam
1086 1227 1171 1254 urbes
1187 1227 1286 1255 itinere
1315 1227 1389 1255 facto
1405 1228 1554 1255 exercitum
1569 1232 1596 1255 et
1613 1229 1735 1264 captivos

950 1276 1044 1311 quiete
1067 1274 1174 1302 refecit.
1204 1274 1325 1309 Indeque
1340 1274 1448 1302 litteras
1459 1274 1493 1302 de
1505 1275 1588 1302 rebus
1603 1275 1661 1302 suis
1676 1274 1734 1310 By-

947 1321 1070 1348 zantium
1101 1321 1192 1351 misit,
1217 1328 1278 1355 quae
1304 1328 1432 1356 magnum
1463 1321 1490 1347 in
1516 1321 1586 1348 urbe
1607 1321 1735 1354 gaudium

947 1367 1153 1396 excitaverunt.
1171 1366 1340 1394 Sarharazas
1353 1375 1436 1402 porro
1451 1367 1584 1394 adversus
1600 1375 1660 1394 eum
1677 1371 1736 1394 ten-

950 1413 1044 1442 debat.
1061 1413 1124 1441 ldeo
1137 1413 1278 1442 Heraclitus
1290 1413 1375 1442 misso
1393 1414 1510 1440 militum
1527 1413 1634 1447 agmine
1647 1413 1737 1440 claus-

948 1464 1000 1491 tra,
1028 1459 1128 1495 quibus
1157 1459 1190 1487 ad
1206 1467 1268 1487 eum
1297 1459 1349 1486 iter
1373 1465 1445 1492 erat,
1461 1467 1572 1487 servare
1597 1459 1737 1494 jubet;ct

948 1506 1008 1541 ipse
1035 1514 1083 1541 per
1112 1505 1202 1534 exitus
1233 1505 1373 1541 proiectus
1403 1505 1449 1540 qui
1475 1513 1572 1532 versus
1597 1505 1735 1532 Orientem

947 1557 1025 1584 sunt,
1052 1552 1199 1580 adversum
1229 1559 1258 1579 se
1280 1551 1409 1579 Barbaris
1440 1550 1502 1579 I'ert.
1518 1551 1588 1578 Tum
1601 1550 1737 1586 Nympbio

949 1607 1028 1627 amne
1046 1599 1159 1634 trajecto
1175 1599 1208 1626 ad
1223 1598 1380 1632 Euphraten
1394 1599 1529 1634 pervenit.
1543 1598 1608 1625 Erat
1623 1599 1646 1626 is
1655 1601 1738 1632 ponte

948 1654 980 1674 ex
997 1645 1111 1672 funibus
1126 1650 1153 1672 et
1176 1645 1238 1672 lana
1253 1649 1383 1672 contexto
1410 1645 1544 1672 instratus
1558 1653 1566 1678 ;
1581 1652 1661 1679 quem
1674 1643 1738 1671 Sar-

950 1691 1064 1718 barazas
1072 1689 1191 1717 solutum
1205 1690 1231 1716 in
1244 1690 1356 1717 alteram
1371 1696 1473 1725 partem
1485 1694 1570 1717 totum
1583 1689 1736 1717 transtulit.

107 1736 152 1762 ἐπὶ
167 1735 217 1770 τὴν
233 1734 331 1768 ἑτέραν
354 1733 406 1768 γῆν
430 1733 522 1759 πᾶσαν
538 1731 686 1766 μετήγαγε.
704 1730 896 1765 Παραδραμὼν

949 1737 1084 1764 Czetcrum
1115 1735 1260 1763 llvraclius
1276 1736 1374 1763 vadum
1397 1735 1522 1763 ﬂuminis
1541 1736 1654 1770 reperit,
1672 1735 1737 1762 dum

106 1782 132 1808 δὲ
145 1783 160 1808 ὁ
171 1780 297 1816 βασιλεὺς
308 1779 353 1806 τὸν
364 1780 486 1813 ποταμὶν
500 1775 562 1813 εὗρε
577 1778 671 1812 πόρον,
687 1777 734 1804 καὶ
747 1777 897 1807 ἀκινδύνως

107 1827 201 1853 τοῦτον
212 1826 331 1860 ἐπέρασε
343 1824 500 1859 παραδόξως
513 1824 552 1858 τῷ
564 1823 680 1858 Μαρτίῳ
694 1822 769 1857 μηνί.
779 1822 834 1848 Καὶ
853 1830 899 1848 κα-

108 1872 235 1900 ταλαῦὼν
251 1872 285 1898 τὰ
298 1871 455 1906 Σαμόσατα,
466 1871 548 1898 πάλιν
563 1870 609 1901 τδν
626 1869 733 1904 Ταῦρον
746 1868 842 1899 διαϐάς
858 1868 898 1898 εἰς

108 1918 312 1954 Γερμανίκειαν
338 1917 462 1951 ἀφίκετο,
491 1917 540 1943 καὶ
562 1916 687 1950 περάσας
711 1915 762 1950 τὴν
781 1915 899 1941 Ἀδαναν

108 1963 192 2001 ἦλθεν
208 1965 249 1997 εις
265 1965 311 1990 τὺν
332 1963 439 1999 Ταῦρον
465 1962 599 1998 ποταμόν.
622 1961 651 1987 ’0
667 1961 695 1988 δὲ
719 1960 900 1996 Σαρὸαραζᾱς

109 2011 159 2047 τὴν
174 2011 298 2045 γέφυραν
313 2010 394 2037 πάλιν
411 2009 533 2040 ἐκτείνας
551 2008 597 2035 τὸν
614 2007 760 2042 Εὐφράτην
778 2006 899 2041 ἐπέρασε

111 2058 158 2083 καὶ
172 2055 315 2092 ἠκολούθει
328 2055 415 2081 ὀπίσω
429 2054 523 2081 αὑτοῦ.
543 2054 572 2081 '0
593 2054 621 2080 δὲ
636 2053 762 2089 βασιλεὺς
778 2052 900 2087 περάσας

111 2104 157 2130 τὸν
181 2103 268 2138 Σάρον
289 2102 453 2129 διανέπαυσε
468 2101 513 2128 τὸν
536 2100 659 2135 στρατόν.
687 2098 900 2134 Καταλαμϐάνει

111 2150 138 2176 δὲ
155 2149 200 2176 καὶ
215 2150 229 2175 ό
249 2148 391 2183 Βάρϐαρος
407 2149 446 2179 εἰς
471 2147 502 2173 τὺ
522 2147 670 2182 ἀντίπεραν
689 2146 781 2181 μέρος.
806 2144 900 2180 Εὑρὼν

111 2195 139 2220 δὲ
163 2194 208 2220 τὸν
234 2194 358 2228 ποταμδν
375 2193 423 2219 καὶ
445 2192 494 2227 τὴν
509 2191 631 2226 γέφυραν
656 2192 704 2218 καὶ
724 2190 758 2217 τὰ
782 2191 811 2217 έν
826 2190 901 2224 αὺτῷ

113 2242 272 2277 προπύργια
293 2240 465 2276 κρατηθέντα
491 2239 544 2266 ὑπὸ
568 2239 622 2266 τῶν
643 2238 786 2271 Ῥωμαίων
814 2237 903 2273 ὴπλή-

114 2297 218 2315 κευσεν.
234 2288 267 2314 Oi
292 2287 320 2313 δὲ
344 2286 474 2321 Ῥωμαῖοι
499 2286 625 2316 ἀτάκτως
649 2284 824 2320 ἐκτρέχοντες
857 2283 902 2310 διὰ

113 2335 159 2370 τῆς
175 2333 300 2369 γεφύρας
323 2333 406 2359 πολὺν
428 2332 507 2366 φόνον
524 2331 665 2358 ἐποιοῦντο
681 2330 793 2365 Περσῶν
804 2338 812 2346 ⁸
831 2327 873 2361 οἷς
887 2329 901 2355 ό

116 2381 241 2415 βασιλεὺς
267 2378 383 2414 παρῄνει
409 2377 446 2413 μὴ
470 2377 609 2412 ἐκτρέχειν
636 2376 773 2406 ἀτάκτως.
803 2375 902 2410 μήπως

114 2427 243 2460 γένωνται
254 2426 309 2456 τοῖς
321 2423 452 2454 ἐναντίοις
465 2423 535 2454 ὁδός.
550 2423 582 2449 Οἱ
590 2422 612 2448 δ’
622 2422 673 2448 οὐκ
688 2421 845 2450 ἐπείθοντο.
855 2420 903 2447 καὶ

118 2473 170 2507 μετ’
179 2472 210 2498 οὐ
222 2471 290 2498 πολὺ
299 2471 376 2506 δίκην
385 2470 475 2497 ἔτισαν
482 2470 531 2504 τῆς
544 2467 697 2504 παρακοῆς,
704 2467 749 2493 τοῦ
759 2467 903 2502 Βαρϐάρου

117 2518 223 2553 ἐνέδρας
236 2517 296 2543 κατ’
307 2516 396 2542 αὐτῶν
417 2515 615 2550 ποιησαμένου.
630 2512 683 2544 Οὓς
692 2513 706 2538 ὁ
718 2511 843 2547 βασιλεὺς
853 2511 902 2537 ἑω-

120 2563 208 2598 ρακὼς
232 2562 448 2598 ἀναιρουμένους
474 2559 691 2595 συνεπημύνατο.
716 2557 798 2592 ’Δνὴρ
818 2556 846 2583 δέ
861 2565 902 2588 τις

118 2609 287 2644 γιγαντιαῖος
302 2608 384 2643 μέσον
402 2607 450 2642 τῆς
465 2605 590 2641 γεφύρας
604 2605 642 2640 τῷ
656 2604 760 2640 βασιλεῖ
770 2603 902 2637 συναντήο

121 2664 167 2687 σας
191 2655 360 2692 προσέϐαλεν
371 2663 377 2669 ·
399 2654 429 2681 ὃν
445 2653 493 2679 καὶ
509 2652 632 2683 πατάξας
646 2652 659 2678 ὁ
676 2649 803 2686 βασιλεὺς
816 2650 845 2676 ὲν
864 2648 903 2684 τῷ

123 2701 219 2737 ῥείθρῳ
235 2699 358 2736 ἔρριψεν.
369 2697 405 2727 Οὗ
416 2699 555 2729 πεσόντος,
573 2698 597 2724 οὶ
610 2697 748 2732 Βάρὸαροι
762 2696 801 2727 εἰς
815 2695 904 2730 φυγὴν

123 2749 290 2782 ἐτράπησαν,
313 2747 361 2773 καὶ
384 2746 422 2780 τῷ
446 2744 580 2779 στενωπῷ
600 2744 648 2778 τῆς
662 2743 785 2778 γεφύρας
802 2743 841 2774 είς
859 2743 904 2769 τὸν

123 2795 240 2828 ποταμὸν
255 2792 442 2830 ὲρριπτοῦντο.
461 2791 551 2818 ’Ἄλλοι
567 2791 595 2817 δὲ
611 2789 717 2824 ξίφεσιν
745 2789 905 2825 ἀνῃροῦντο,

122 2841 165 2867 τοῦ
186 2841 319 2876 βασιλέως
340 2840 399 2874 μετ’
417 2839 515 2872 ὀλίγων
533 2837 616 2864 τινῶν
640 2836 772 2869 γενναίως
800 2836 905 2870 ἀπομα-

122 2888 233 2921 χομένου
257 2886 329 2922 ὑπὲρ
348 2886 500 2922 ἄνθρωπον,
525 2884 562 2916 ὡς
582 2884 629 2911 καὶ
657 2883 701 2910 τὸν
727 2882 904 2919 Σαρΰαραζᾶν

949 1783 983 1810 ad
1006 1783 1094 1816 ripam
1125 1781 1185 1816 ejus
1221 1781 1363 1809 decurrit:
1394 1782 1486 1816 itaque
1504 1787 1602 1816 praeter
1615 1782 1738 1809 omnium

950 1827 1107 1861 opinionem
1124 1826 1283 1860 Euphraten
1306 1826 1404 1854 transit
1434 1834 1529 1854 mense
1551 1827 1658 1853 Martio.
1676 1827 1740 1854 lnde

949 1873 1090 1907 occupatis
1102 1872 1256 1900 Samosatis
1276 1879 1387 1899 rursum
1400 1871 1521 1899 Taurum
1537 1872 1621 1907 726
1637 1872 1738 1899 transit

950 1922 977 1946 ct
990 1918 1193 1946 Germaniciam
1209 1918 1347 1954 pervertit,
1366 1917 1516 1953 Adanaque
1542 1922 1687 1953 peragrata
1704 1918 1738 1945 ad

951 1964 1072 1991 Taurum
1101 1971 1209 1991 amnem
1250 1964 1368 1991 accedit.
1415 1963 1528 1991 Interim
1572 1957 1740 1991 Sarbaraias

951 2018 1071 2042 rursum,
1086 2014 1169 2045 ponte
1183 2014 1305 2042 extento,
1337 2009 1496 2045 Euphraten
1515 2009 1617 2044 lrajieit
1631 2008 1735 2036 Roma-

951 2064 1058 2092 nosque
1090 2056 1257 2091 insequitur.
1294 2057 1446 2090 Imperator
1478 2055 1548 2083 Saro
1578 2055 1741 2082 transmisso

952 2101 1105 2129 exercitum
1136 2102 1229 2136 quiete
1263 2103 1379 2130 relaxat.
1402 2101 1482 2130 Venit
1509 2106 1536 2129 et
1551 2101 1691 2129 Barbarus
1707 2101 1740 2129 ad

942 2149 1065 2177 alteram
1082 2147 1203 2176 ﬂuminis
1218 2153 1335 2184 partem,
1347 2156 1465 2184 cumque
1479 2152 1606 2176 cerneret
1619 2155 1739 2180 amnem,

953 2199 1063 2228 pontem
1076 2198 1102 2221 et
1116 2194 1325 2229 propugnacula
1339 2195 1366 2221 in
1376 2201 1409 2222 eo
1422 2201 1438 2221 a
1453 2194 1584 2221 llomanis
1596 2198 1740 2228 occupata,

953 2244 1043 2267 castra
1061 2239 1165 2274 posuit.
1188 2239 1305 2267 Romani
1322 2248 1406 2275 porro
1435 2240 1620 2274 incomposito
1634 2239 1742 2275 agmine

953 2293 1004 2322 per
1019 2289 1129 2320 pontem
1152 2289 1332 2313 excurrentes
1347 2286 1451 2313 multos
1467 2286 1566 2313 Persas
1595 2285 1742 2312 interfece-

955 2331 1230 2366 runt,-nequidquarn
1244 2331 1410 2366 imperatore
1423 2335 1551 2360 monente
1567 2339 1600 2358 nc
1615 2331 1651 2358 ita
1668 2331 1743 2358 nullo

919 2391 941 2418 κ)
957 2378 1055 2404 ordine
1071 2381 1253 2412 cvagarentur
1268 2382 1351 2412 atque
1378 2377 1487 2404 insidiis
1515 2384 1545 2404 se
1558 2377 1678 2404 hostium
1697 2384 1746 2403 ex-

958 2426 1103 2457 ponerent.
1121 2421 1216 2457 ltaque
1232 2430 1287 2449 non
1301 2423 1388 2449 multo
1406 2427 1468 2456 post
1483 2430 1497 2448 a
1512 2422 1603 2449 Persis
1619 2422 1667 2457 per
1678 2421 1745 2449 insi—

957 2467 1018 2494 dias
1034 2466 1218 2494 circumventi
1234 2474 1331 2501 ρωπος
1347 2474 1404 2494 sua:
1419 2467 1600 2494 contumaciae
1615 2474 1646 2494 ac
1660 2471 1747 2494 tente-

956 2513 1048 2540 ritatis
1063 2512 1208 2539 dederunt.
1227 2512 1288 2547 Ipse
1303 2516 1369 2540 tunc
1385 2512 1535 2547 imperator
1552 2511 1611 2540 suis
1630 2512 1657 2539 in
1675 2513 1746 2548 peri-

955 2560 1019 2585 culo
1031 2559 1191 2586 constitutis
1218 2565 1297 2593 opem
1316 2559 1392 2590 tulit,
1419 2565 1452 2585 ac
1465 2558 1610 2592 quemdam
1629 2558 1746 2594 giganti-

957 2605 1074 2632 formem
1096 2605 1123 2632 in
1139 2605 1232 2632 medio
1247 2605 1340 2640 pontis
1367 2612 1461 2632 secum
1477 2612 1656 2640 congressum
1675 2605 1747 2633 ieriit

957 2651 1042 2686 inque
1054 2651 1236 2685 proﬂuentem
1266 2651 1432 2678 delurbavit.
1448 2650 1534 2686 Cujus
1559 2659 1624 2678 casu
1648 2651 1745 2685 reliqui

957 2698 1040 2725 etiam
1055 2696 1169 2724 Barbari
1199 2697 1287 2724 territi
1304 2704 1366 2724 cum
1393 2697 1484 2732 fugam
1509 2697 1641 2729 facerent,
1655 2697 1745 2724 obsis-

959 2748 1034 2772 tente
1059 2744 1149 2778 pontis
1177 2744 1317 2778 angustia,
1343 2743 1390 2770 alii
1407 2744 1433 2770 in
1452 2751 1560 2771 amnem
1574 2744 1684 2777 dejecti,
1699 2743 1744 2769 alii

960 2789 1058 2824 gladiis
1103 2789 1240 2816 interfecti
1270 2793 1345 2816 sunt.
1377 2789 1592 2824 lmperatorreo
1623 2795 1745 2824 tempore

959 2835 1054 2869 paucis
1068 2834 1231 2869 quibusdam
1256 2835 1372 2870 stipatus
1403 2843 1521 2871 pugnant
1538 2835 1618 2867 obiit,
1635 2835 1745 2862 fortitu-

959 2881 1021 2909 dine
1051 2889 1132 2916 quatu
1170 2889 1220 2916 pro
1257 2882 1375 2911 hominis
1402 2887 1500 2910 natura
1530 2881 1643 2916 majore,
1675 2880 1744 2907 adeo
