2008 3149
123 166 173 198 309

664 158 933 190 HISTORIARUM
955 157 1219 189 COMPENDIUM.

1677 157 1730 190 810

121 232 161 258 ρον
175 222 223 249 καὶ
240 220 363 248 Ῥαϐίαν.
386 219 416 247 '0
439 220 466 247 δὲ
484 219 626 254 Μούδαρος
642 217 728 244 τίκτει
756 216 893 250 Κοὺσαροκ

951 215 1076 250 posteris.
1104 215 1129 242 ls
1158 216 1228 243 duos
1255 215 1410 250 procreavit
1434 214 1504 242 tilios
1535 214 1677 243 lliudarnm
1704 224 1731 245 ιιι

120 270 161 296 καὶ
175 268 273 295 Καῖτον
288 267 334 293 καὶ
346 266 380 294 Θε
387 266 466 301 μίνην
479 266 525 292 καὶ
544 264 671 292 Ἀσσαδὺν
684 264 729 290 καὶ
745 263 839 294 ἄλλους
855 270 897 288 τι-

119 315 162 346 νὲς
173 311 327 347 ἀνωνύμους
337 311 379 348 [Ρ.
397 311 460 347 422]
474 311 497 338 οἳ
510 311 558 346 τὴν
573 310 687 344 Μαδιὰμ
703 310 749 336 καὶ
769 308 818 344 τὴν
832 307 898 343 ἕρη-

120 369 163 394 μον
174 358 380 393 κληρωσάμενοι
393 357 608 392 ἒκτηνοτρόφουν
631 356 659 381 ἐν
675 356 788 390 σκηναῖς
803 362 897 380 «uot-

118 405 221 435 κοῦντες
235 412 242 418 ·
259 403 310 429 εἰσὶ
326 403 355 430 δὲ
377 403 424 429 aut
440 403 464 428 οι
481 402 612 436 ὲνδότεροι
626 401 715 427 αὐτῶν
732 401 764 427 ἐκ
779 401 827 435 τῆς
845 408 896 433 φυ-

117 451 160 483 λῆς
172 450 217 476 τοῦ
245 448 357 478 Ίεκτὰν,
383 448 407 474 οἱ
422 448 562 481 λεγόμενοι
586 447 738 481 ’Λμανῖται,
758 445 897 478 τουτέστιν

124 496 276 530 Ὀμηρῖται,
308 495 332 528 οἳ
352 495 397 520 καὶ
423 494 549 529 ἔμποροι.
571 493 686 527 ’Δπόρου
703 492 730 518 δὲ
759 492 834 522 bno:
850 491 896 518 τοῦ

116 539 242 573 Μωάμεδ,
265 539 372 574 εἰσῆλθε
389 538 456 574 πρό;
473 547 533 565 τινα
548 539 665 572 γυναῖκα
681 537 812 563 πλουσίαν
828 545 896 570 συγ-

115 584 198 619 γενῖδα
213 583 306 617 αὑτοῦ,
338 583 451 618 ὀνόματι
476 583 590 618 Χαδιχᾶ,
624 582 759 617 μισθωτὸς
786 583 833 609 ἐπὶ
857 583 896 618 τῷ

115 629 275 664 καμηλεύειν
301 629 348 655 καὶ
378 629 632 664 πραγματεύεσθαι.
664 629 733 655 Κατ’
749 628 840 662 ὀλίγον
867 628 896 655 δὲ

117 675 371 711 παῤῥησιασάμενος
387 674 534 710 ὑπεισῆλθε
549 676 582 709 τῇ
599 673 709 708 γυναικὶ
724 674 796 708 χήρᾳ
816 673 894 708 οὔσῃ,

116 723 157 748 κιὶ
173 721 269 755 ἔλαϐεν
295 721 380 755 αὐτὴν
404 721 530 754 γυναῖκα.
567 719 727 754 Ἐρχόμενος
752 719 779 745 δὲ
796 720 824 745 ὲν
841 719 896 745 Πα-

115 768 229 804 λαιστίνῃ
250 767 482 803 συναινεστρέφετο
504 766 637 797 Ἰουδαίοις
653 766 698 791 καὶ
710 766 893 800 Χριστιανοῖς,

114 814 154 840 καὶ
178 806 265 848 ὲϐἧρα
279 813 307 846 ἐξ
320 813 409 839 αὐτῶν
431 821 492 839 τινα
508 811 643 846 Γραφικά.
668 811 744 837 Ἐπεὶ
759 811 786 837 δὲ
802 812 895 846 δαιμο-

113 859 169 886 νιῶν
185 857 228 890 ἦν,
246 858 358 891 ἐνόσησε
383 858 411 885 δὲ
431 859 476 885 καὶ
490 857 648 892 ἐπιληψίαν,
675 857 824 892 ἐθεράπευε
841 858 890 892 τὴν

113 907 221 940 γυναῖκα
236 904 414 940 λυπουμένην
428 903 530 939 σφόδρα
547 903 587 930 ὃτι
604 901 638 939 ἦν
653 903 765 938 εὐγενὴς
786 904 833 930 καὶ
851 905 892 930 ὅτι
909 893 929 922 Β

113 951 227 987 ουνήφθη
254 951 369 985 τοιούτῳ
392 951 487 986 ἀπόρῳ
519 950 567 977 καὶ
588 950 773 984 δαιμονιῶντι,
791 950 890 984 λέγων·

118 996 239 1030 Ἀγγέλου
268 996 402 1022 ὀπτασίαν
420 995 567 1029 λεγομένου
584 993 704 1030 Γαϐριὴλ
729 994 823 1030 θεωρῶ
849 995 893 1022 καὶ

113 1043 206 1069 πίπτω.
236 1041 313 1077 Αὕτη
340 1041 367 1068 δὲ
385 1041 484 1077 ἔχουσα
502 1041 619 1076 μοναχὸν
640 1041 684 1067 διὰ
712 1043 893 1078 κακοπιστῖᾳν

113 1088 242 1123 ἐξόριστον
259 1089 348 1114 ἐκεῖσε
365 1088 440 1120 ὅντα,
451 1086 527 1121 φίλον
541 1087 636 1122 αὐτῆς,
646 1087 806 1123 ἀνήγγειλεν
819 1087 894 1122 αὐτῷ

112 1135 193 1161 πάντα
207 1135 255 1161 καὶ
273 1134 304 1161 τὸ
330 1133 416 1168 ὄνομα
429 1133 476 1159 τοῦ
492 1133 608 1168 ἀγγέλου
618 1143 625 1149 -
656 1134 783 1168 κάκεῖνος
809 1134 894 1161 θέλων

113 1180 314 1216 πληροφορῆσαι
327 1180 412 1216 αὐτὴν
420 1178 508 1212 εἴπεν,
519 1179 560 1206 ὄτι
577 1179 697 1215 Ἀληθῶς
709 1180 783 1214 λέγει
794 1187 802 1195 ·
818 1177 894 1213 οὗτος

113 1226 160 1262 γὰρ
172 1226 290 1260 ἅγγελος
314 1226 454 1261 πέμπεται
470 1226 539 1260 πρδς
555 1225 644 1252 πάντα
669 1219 823 1262 προφήτην.
840 1227 895 1254 Καὶ

113 1274 173 1309 αὐτὴ
185 1273 358 1300 πιστεύσασα
368 1272 406 1307 τῷ
421 1272 492 1311 λόγῳ
505 1272 552 1298 τοῦ
563 1272 834 1308 ψευδα665ι’ὲκήρυξε
846 1275 893 1300 καὶ

113 1319 196 1351 ἄλλαις
209 1318 336 1353 γυναιξὶν
352 1318 498 1354 ὁμοφύλοις
516 1319 611 1354 αὐτῆς,
630 1319 677 1345 καὶ
691 1319 778 1350 οὕτως
792 1321 825 1345 ἐκ
842 1328 891 1353 γυ-

112 1367 204 1393 ναικῶν
215 1364 302 1402 ἦλθεν
317 1367 356 1398 είς
371 1366 481 1401 ἄνδρας.
511 1366 566 1398 Καὶ
581 1366 691 1402 πρῶτον
723 1366 893 1401 ’Δῦουῦάχαρ

113 1412 224 1447 διάδοχον
242 1411 385 1444 κατέλιπε.
401 1412 455 1438 Καὶ
469 1411 619 1446 ἐκράτησεν
636 1412 652 1447 ή
678 1412 784 1447 αἵρεσις
810 1411 893 1438 αὐτοῢ

113 1457 141 1483 τὰ
165 1457 235 1493 μέρη
254 1457 304 1483 τοῦ
326 1456 455 1492 Λῑθρίὸου
478 1457 530 1489 ἓως
545 1456 591 1483 τοῦ
616 1458 731 1492 ἐσχάτου
761 1457 892 1493 πολέμου,

113 1503 199 1538 πρώην
229 1503 284 1538 μὶν
312 1503 440 1538 κρυπτῶς
468 1503 516 1539 ἐτη
545 1503 622 1536 δέκα,
644 1504 692 1530 καὶ
713 1503 757 1530 διὰ
775 1503 893 1536 πολέμου

113 1550 202 1583 ὁμοξως
222 1550 302 1583 δέκα,
320 1549 366 1575 καὶ
378 1549 503 1583 φανερῶς
517 1549 549 1576 θ’.
564 1546 647 1581 Οὗτος
664 1550 678 1575 ὁ
692 1549 822 1584 θεομισὴς
847 1549 894 1575 καὶ

113 1594 291 1630 ἑμῦρὸντητος
320 1593 475 1630 περιτυχὼν
497 1595 633 1631 Ἐδραίοις
664 1595 712 1622 καὶ
743 1595 893 1631 Ἀρειανοϊς

113 1640 154 1666 καὶ
174 1641 380 1676 Νεστοριανοῐς,
406 1641 454 1667 καὶ
479 1641 612 1668 πάντοθεν
639 1641 844 1677 ὲρανισάμενος,
865 1640 895 1673 ἐξ

117 1684 244 1713 Ἰουδαίων
263 1687 312 1721 μὲν
325 1687 484 1722 μοναρχίαν,
496 1687 526 1719 ἐξ
546 1687 692 1722 ’Λρειανῶν
705 1687 732 1714 δὲ
744 1687 831 1722 Λόγον
847 1687 894 1714 καὶ

113 1731 216 1767 Πνεῦμα
238 1733 348 1764 κτιστὰ,
377 1731 431 1758 ἀπὸ
458 1732 487 1759 δὲ
502 1732 692 1768 Νεστοριανῶν
717 1731 894 1768 ἀνθρωπολα-

114 1777 207 1811 τρείαν,
222 1777 316 1812 ἑαυτῷ
330 1778 479 1813 θρησκείαν
491 1779 685 1813 περιποιεῖται,
701 1779 749 1805 καὶ
759 1780 893 1814 προφάσει

114 1821 272 1855 θεογνωσίας
284 1823 508 1858 εἰσποιησάμενος
521 1823 551 1849 τὸ
572 1822 648 1854 ἔθνος
663 1823 782 1855 ἐδίδαξεν
794 1824 892 1856 αὐτοὺς

113 1867 319 1903 περιτέμνεσθαι
333 1869 378 1894 καὶ
392 1867 492 1903 ἄνδρας
512 1868 560 1894 καὶ
572 1868 703 1902 γυναῖκας
720 1868 767 1894 καὶ
781 1867 828 1894 ἕνα
845 1869 894 1904 μό-

113 1920 151 1937 νον
161 1913 326 1949 προσκυνεῖν
340 1913 418 1944 Θεὸν,
433 1913 479 1939 τὸν
494 1912 522 1939 δὲ
534 1913 650 1947 Χριστὸν
664 1913 746 1948 τιμᾷν
759 1912 796 1944 ὡς
807 1913 894 1948 Λόγον

112 1957 182 1991 Θεοῦ,
198 1959 251 1994 οὐχ
268 1959 306 1990 ὡς
328 1958 394 1985 Υἱὸν
413 1958 451 1991 δὲ,
467 1958 524 1985 ἀλλ’
539 1958 577 1989 ὡς
595 1958 628 1984 ἐκ
643 1958 801 1994 Πνεύματος
815 1959 893 1992 ἁγίου

112 2007 291 2040 γεγενημένον
304 2011 311 2018 ·
327 2005 405 2038 λόγον
428 2005 456 2031 δὲ
471 2005 520 2031 καὶ
535 2003 643 2038 πνεῦμα
662 2005 828 2041 προφορικον
845 2005 893 2032 καὶ

113 2051 147 2082 εἱς
156 2051 223 2087 ἀέρα
239 2042 370 2086 χεόμενον
380 2051 514 2083 ὑπονοεῖν,
530 2050 580 2087 οὐκ
595 2051 766 2087 ὲνυποστατα
781 2051 841 2078 οὐδὲ
855 2051 893 2087 τῷ

113 2095 252 2132 Γεννήτορι
265 2096 395 2131 ὁμοούσια
405 2104 412 2111 ·
429 2096 480 2130 τὴν
493 2095 521 2122 δὲ
535 2095 616 2130 ἁγίαν
629 2095 766 2131 Παρθένον
784 2097 894 2132 Μαρίαν

113 2141 146 2177 μὴ
160 2142 251 2175 λέγειν
265 2141 406 2173 Θεοτόκον,
420 2141 489 2168 ἀλλὰ
507 2140 556 2176 τὴν
576 2140 683 2176 Ἀαρὼν
706 2141 753 2168 καὶ
771 2141 895 2178 Μωσέως

112 2186 238 2223 ἀδελφήν·
256 2187 323 2222 μηδὶ
338 2186 530 2221 βαπτίζεσθαι,
543 2187 611 2222 μηδὲ
626 2186 809 2221 σαόσατίζειν,
825 2188 893 2223 μήτε

950 260 1073 288 Rabiam.
1092 261 1204 289 Mudaro
1217 261 1301 296 geniti
1318 260 1522 295 snntCusarus,
1539 262 1642 295 Caitus,
1660 262 1730 289 Tlte-

950 306 1049 337 miues,
1067 305 1221 333 Asiadouus
1234 305 1335 342 aliique
1357 306 1453 341 aliqui,
1477 315 1594 341 quorutn
1621 308 1730 334 nomina

949 359 1001 379 non
1017 356 1137 380 exstant.
1155 353 1191 380 lis
1205 360 1267 380 cum
1287 356 1361 380 sorte
1383 353 1526 388 obtigisset
1548 353 1728 386 lilatlianicum

948 401 1036 426 solum
1055 403 1082 431 et
1097 398 1226 432 solitudo,
1242 400 1268 433 in
1283 399 1467 426 tabernaculis
1483 400 1563 428 vitam
1582 401 1730 429 tolerantes

948 451 1083 481 pecuaria:
1097 445 1134 472 rei
1153 445 1330 478 studuerunt.
1347 446 1495 473 Interiores
1514 447 1547 474 iis
1572 455 1604 475 ex
1625 445 1729 475 Jectani

948 482 1019 516 tribu
1035 494 1109 521 sunt,
1131 490 1178 524 qui
1194 490 1327 522 Amanitaz
1354 490 1535 529 appellantur,
1563 491 1634 535 quod
1660 491 1731 518 valet

948 534 1111 568 llomeritas,
1130 539 1158 563 et
1169 535 1363 571 negotiatores.
1376 536 1534 566 Moamcdus
1550 541 1640 564 autem
1668 545 1729 565 cum

946 585 1019 609 esset
1035 589 1147 617 pauper,
1168 581 1294 609 mercede
1310 589 1421 617 operam
1447 590 1524 610 suam
1545 583 1644 610 locavit
1671 583 1729 610 cni-

946 628 1008 661 dam
1026 636 1082 655 suae
1094 629 1189 664 gentili
1209 629 1316 661 mulieri
1331 621 1470 665 locupleti,
1487 632 1597 658 nomine
1615 630 1729 664 Cbaida,

947 680 976 706 ut
995 674 1115 703 camelos
1130 674 1211 711 739
1226 679 1352 710 pasceret
1365 683 1451 711 eaque
1465 684 1496 704 re
1520 677 1627 704 lucrum
1654 685 1730 713 quae;

945 724 1028 747 reret.
1043 719 1178 747 Paulatim
1202 726 1292 749 autent
1310 722 1438 750 liberiore
1466 722 1526 757 ejus
1553 727 1632 750 utens
1662 731 1729 751 con-

947 765 1102 797 suetudine,
1123 769 1151 792 ut
1170 771 1228 792 erat
1243 766 1335 799 vidua,
1350 774 1378 794 se
1396 767 1422 794 in
1454 768 1567 802 gratiam
1585 768 1644 802 ejus
1665 768 1730 796 iusi-

948 810 1052 841 nuavil,
1083 817 1252 845 uxoremque
1276 811 1344 838 adeo
1372 819 1431 838 eam
1469 812 1556 839 duxit.
1588 811 1730 840 Profectus

947 863 1028 890 porro
1046 856 1072 883 in
1091 855 1265 883 Palmstinam
1285 857 1355 884 inter
1375 856 1483 884 Jmlazos
1499 865 1530 884 ac
1557 857 1730 887 Christianos

945 905 1069 928 versatus
1083 906 1134 933 est,
1150 905 1177 928 ct
1193 902 1316 936 quaedam
1332 902 1365 929 de
1382 903 1468 930 sacris
1480 901 1590 939 Litteris
1606 907 1729 930 venatus.

944 947 1012 974 Cum
1032 952 1166 975 autemet
1183 948 1305 987 daemone
1330 949 1518 986 exagitaretur
1545 954 1572 977 et
1598 950 1729 977 comitiali

945 994 1041 1029 morbo
1053 994 1200 1031 laboraret,
1219 1002 1331 1022 uxorem
1362 1002 1451 1027 suam,
1473 1001 1533 1029 quae
1557 1002 1668 1030 gravem
1696 1002 1728 1032 ex

945 1047 978 1075 eo
995 1040 1121 1075 capiebat
1139 1040 1272 1073 dolorem,
1286 1041 1358 1076 quod
1391 1041 1492 1068 nobilis
1521 1041 1578 1079 ipsa
1603 1048 1689 1078 egeno
1703 1046 1729 1068 et

945 1086 1078 1120 tl:emouis
1098 1087 1289 1114 vexationibus
1303 1087 1422 1115 obnoxio
1447 1087 1550 1125 homini
1580 1089 1727 1124 nupsisset,

946 1131 983 1158 ita
1000 1131 1141 1166 demulsit,
1154 1133 1226 1169 quod
1244 1133 1347 1160 diceret
1362 1141 1390 1160 se
1404 1133 1436 1160 ad
1453 1138 1629 1170 conspectum
1640 1135 1728 1169 angeli

945 1176 1066 1206 Gabrieli
1087 1179 1139 1207 sibi
1157 1180 1314 1216 apparentis
1330 1180 1483 1208 concidere.
1503 1180 1568 1208 Erat
1583 1181 1688 1217 amicus
1704 1182 1727 1209 ei

946 1225 1053 1261 mulieri
1070 1225 1223 1253 monachus
1242 1225 1364 1261 quidam,
1389 1227 1434 1261 qui
1461 1227 1496 1254 ob
1525 1226 1620 1254 falsam
1649 1227 1728 1254 tidem

946 1271 1084 1308 relegatus
1120 1270 1156 1298 ibi
1189 1270 1307 1298 vivebat.
1341 1270 1410 1298 Huic
1438 1271 1537 1299 mulier
1557 1276 1641 1299 totam
1672 1280 1727 1300 rem

946 1317 1042 1351 aperit,
1073 1316 1162 1350 angeli
1184 1316 1266 1354 etiam
1295 1318 1405 1352 nomine
1434 1318 1551 1353 prolato.
1582 1318 1607 1346 Is
1638 1324 1728 1347 autem

946 1363 1107 1394 monachus,
1123 1363 1161 1389 uti
1177 1363 1332 1399 opinionem
1357 1371 1416 1390 eam
1444 1371 1558 1398 prorsus
1582 1365 1610 1392 in
1638 1366 1730 1393 animo

947 1407 1069 1435 mulieris
1085 1408 1270 1441 continuaret,
1299 1417 1362 1436 vere
1380 1409 1550 1438 Moumedum
1567 1411 1623 1438 bare
1638 1411 1730 1439 dicere

946 1452 1000 1480 ait:
1016 1461 1077 1480 cum
1092 1454 1164 1480 enim
1181 1455 1308 1489 angelum
1326 1455 1359 1482 ad
1385 1456 1510 1490 quemvis
1534 1461 1621 1484 vatem
1647 1458 1728 1485 mitti.

946 1496 1043 1525 Mulier
1076 1498 1156 1525 [idem
1183 1499 1274 1527 verbis
1302 1499 1461 1535 impostoris
1500 1502 1573 1530 illius
1603 1504 1729 1530 monachi

946 1544 1051 1576 habens
1074 1546 1135 1573 aliis
1161 1546 1220 1574 suis
1240 1546 1390 1583 gentilibus
1417 1548 1579 1585 mulieribus
1609 1549 1728 1578 fabulam

948 1592 1072 1618 narravit
1086 1600 1092 1619 :
1109 1592 1144 1619 ab
1160 1591 1203 1619 his
1218 1600 1302 1627 porro
1313 1593 1346 1620 ad
1360 1593 1432 1622 viros
1451 1602 1483 1622 ea
1507 1596 1654 1623 emanavit.
1668 1596 1728 1624 Pri-

945 1645 1018 1664 tmtm
1040 1645 1228 1668 successorem
1244 1638 1402 1668 Moamedus
1424 1641 1535 1676 reliquit
1567 1641 1730 1670 Abubacha-

946 1690 1013 1710 rem.
1037 1683 1218 1720 Obtinuitquc
1235 1693 1266 1712 ea
1284 1685 1395 1713 haeresis
1410 1686 1437 1713 in
1462 1679 1587 1725 partibus
1609 1688 1728 1717 (Ethribi

945 1735 1033 1764 usque
1057 1729 1091 1756 ad
1113 1729 1216 1757 bellum
1241 1735 1420 1765 postremum,
1449 1733 1538 1767 primo
1565 1733 1728 1763 decennium

945 1775 1065 1807 occulte,
1079 1776 1153 1803 aliud
1170 1775 1233 1803 inde
1249 1777 1330 1808 bello,
1344 1782 1371 1804 et
1390 1782 1484 1813 aperte
1506 1786 1603 1814 novem
1629 1788 1728 1809 annos.

945 1818 1052 1846 Invisus
1067 1820 1110 1847 ille
1120 1820 1174 1847 Deo
1185 1828 1216 1847 ac
1231 1828 1347 1848 vesanus
1362 1821 1529 1856 Moamedus,
1543 1823 1728 1858 Hebraeorum.

945 1865 1108 1893 Arianorum
1122 1871 1149 1893 et
1160 1865 1385 1895 Nestorianorum
1412 1873 1492 1897 utens
1519 1872 1726 1906 consuetudine,

945 1915 1026 1947 atque
1038 1911 1160 1946 undique
1171 1912 1274 1947 aliquid
1288 1913 1366 1947 stipis
1393 1914 1553 1951 corradens,
1585 1922 1600 1942 a
1627 1915 1729 1945 Juda‘is

945 1961 1054 1993 sumpta
1067 1957 1100 1985 de
1113 1965 1168 1985 uno
1184 1957 1241 1985 Deo
1259 1958 1394 1992 doctrina,
1411 1959 1445 1986 ab
1467 1960 1576 1989 Arianis
1601 1961 1690 1990 Verbo
1703 1970 1728 1990 et

945 2003 1047 2038 Spiritu
1060 2004 1170 2037 creatis,
1187 2012 1202 2031 a
1217 2003 1389 2034 Nestoriauis
1415 2005 1488 2034 cultu
1523 2007 1614 2035 divino
1638 2009 1727 2036 homi-

945 2050 1028 2077 nibus
1043 2050 1211 2087 exhibendo,
1227 2059 1324 2079 novam
1341 2052 1392 2080 sibi
1409 2053 1569 2091 religionem
1585 2055 1727 2088 conﬁnxit,

945 2103 977 2122 ac
990 2096 1042 2123 sub
1056 2100 1190 2135 praetextu
1208 2097 1374 2132 cognitionis
1397 2099 1495 2128 divina:
1520 2101 1612 2135 populi
1630 2102 1729 2129 animis

945 2141 998 2169 sibi
1016 2133 1149 2170 devinctis
1174 2146 1272 2175 auctor
1296 2144 1332 2172 iis
1349 2144 1414 2178 fuit,
1428 2149 1457 2173 ut
1480 2133 1542 2173 cuiu
1560 2133 1650 2175 inarcs
1671 2153 1726 2174 tum

947 2186 1055 2216 femine
1068 2187 1343 2225 circumciderentur,
1360 2190 1442 2228 740
1466 2196 1495 2220 ut
1515 2200 1600 2220 unum
1623 2197 1727 2221 tantum

110 2232 135 2258 δὲ
144 2234 202 2266 τοῖς
211 2234 337 2268 νομικοῖς
352 2233 368 2269 ἢ
384 2233 574 2267 εὐαγγελικοίς
583 2232 672 2259 ἔθεσιν
688 2233 891 2267 ἐπακολουθεῖν,

947 2233 1031 2261 Deum
1049 2233 1207 2270 adorarent,
1227 2238 1257 2262 ut
1282 2235 1420 2263 Christum
1448 2242 1657 2270 venerarentur,
1673 2246 1727 2266 non

112 2278 171 2305 ἀλλὰ
185 2279 376 2314 βδελύττεσθαι
389 2279 435 2305 τὸν
444 2279 570 2314 σταυρὸν,
582 2279 628 2305 καὶ
642 2279 691 2315 τὴν
705 2280 783 2306 σκιὰν
795 2280 891 2307 ἐσταυ-

113 2323 208 2358 ρῶσθαι
228 2324 277 2351 τοῦ
306 2324 425 2359 Χριστοῦ
452 2324 604 2359 ὁμολογείν.
623 2324 844 2359 Παρηγγυὴσατο
864 2325 892 2360 δὲ

112 2369 196 2401 αὐτοῖς
223 2370 274 2397 καὶ
289 2370 343 2404 τῶν
367 2369 482 2401 καθόλου
497 2371 734 2409 ἀπηγορευμένων
761 2370 800 2406 τῷ
817 2371 892 2407 νόμῳ

113 2412 151 2448 [Ρ.
166 2415 228 2451 ηδ]
260 2416 395 2451 μετέχειν,
422 2415 492 2451 πλὴν
517 2415 608 2450 κρεῶν
626 2415 764 2451 χοιρείων,
780 2416 844 2452 οῐνῳ
863 2416 892 2443 δὲ

113 2462 265 2489 παντάπασι
290 2461 327 2498 μὴ
340 2461 469 2497 χρῆσθαι.
498 2461 625 2488 Τοιοῦτόν
640 2471 666 2488 τι
685 2462 892 2498 μυθιυσάμενος

113 2505 201 2534 ἑαυτόν
213 2517 279 2544 φησι
292 2507 446 2543 κλειδοῦχον
461 2507 626 2541 γεγενῆσθαι
649 2507 697 2534 τοῦ
714 2508 890 2543 παραδείσου,

113 2553 155 2578 καὶ
170 2554 244 2580 κατὰ
256 2553 304 2588 τὴν
320 2554 426 2588 ἡμέραν
442 2553 492 2588 τῆς
516 2553 644 2587 κρίσεως,
663 2553 732 2589 μετὰ
752 2553 782 2580 τὸ
802 2562 892 2589 παρα-

113 2598 204 2633 στῆναι
224 2599 271 2626 τὸν
293 2599 395 2627 Μωσέα
413 2599 461 2626 σὺν
486 2598 542 2629 τοῖς
574 2598 755 2635 Ἰσραηλίταις
776 2600 824 2627 καὶ
853 2600 891 2632 ὡς

114 2645 271 2679 παραϐάτας
282 2646 329 2672 τοῦ
346 2646 430 2681 νόμου
448 2645 481 2680 τῇ
507 2645 616 2673 κολάσει
631 2645 678 2671 τοῦ
703 2646 788 2680 πυρὸς
800 2654 890 2681 παρα-

113 2689 228 2725 δοθῆναι,
245 2691 330 2728 αὖθις
341 2691 446 2726 Ἰησοῦν
460 2692 632 2728 παραστῆναι
645 2690 716 2727 [καὶ]
732 2691 890 2729 ἁρνησᾴμευ

115 2743 154 2761 νον
184 2736 338 2772 ἔμπροσθεν
356 2737 423 2764 Θεοῦ
444 2738 486 2764 ὅτι
508 2738 558 2765 οὐκ
587 2735 664 2773 εἷπεν
692 2737 788 2763 ἑαυτὸν
820 2736 890 2765 εἶναι

114 2780 173 2808 Υἰὸν
185 2782 265 2815 Θεοῦ,
278 2784 340 2819 τοὺς
357 2784 386 2811 δὲ
396 2785 585 2820 Χριστιανοὺς,
602 2783 639 2814 ὡς
654 2782 775 2812 τοιοῦτον
787 2784 890 2825 τολμης

117 2833 209 2858 cavea;
224 2828 385 2863 προστρῖψαι
397 2829 436 2864 τῷ
450 2829 559 2864 Χριστῷ
568 2828 653 2864 ὕνομα
668 2828 715 2854 καὶ
730 2828 797 2856 Θεὸν
809 2830 890 2857 αὐτὸν

116 2872 158 2898 καὶ
172 2873 236 2899 Yth
249 2873 316 2900 Θεοῦ
344 2874 391 2903 καὶ
407 2874 493 2907 Λόγον
511 2873 721 2914 σεσαρκωμένον
743 2874 790 2908 καὶ
806 2882 889 2909 σταυ-

207 2920 345 2953 ΡΑτιιοι..
368 2920 427 2957 Gn.
453 2920 563 2959 CXXI.

945 2280 1025 2315 quasi
1039 2279 1150 2314 Filium,
1176 2280 1222 2308 sed
1237 2285 1342 2308 tantum
1358 2289 1408 2317 pro
1437 2281 1529 2311 Verbo
1547 2283 1594 2312 Dei
1617 2289 1682 2313 nato
1697 2293 1728 2313 ex

946 2326 1049 2363 Spiritu
1070 2330 1187 2360 sancto;
1211 2332 1241 2354 ut
1257 2328 1372 2355 verbum
1390 2333 1417 2356 et
1431 2329 1559 2364 spiritum
1580 2331 1652 2366 quod
1665 2339 1728 2366 pro-

946 2371 1034 2400 fertur
1060 2377 1087 2399 et
1115 2373 1142 2399 in
1167 2380 1258 2400 aerem
1284 2373 1435 2402 eﬂ'nnditur
1459 2377 1651 2412 opinarentur,
1676 2386 1728 2406 nan

946 2426 1007 2454 qua:
1018 2418 1046 2446 in
1058 2419 1149 2447 divina
1169 2419 1352 2448 subsisterent
1379 2423 1498 2450 essentia
1529 2428 1576 2451 aut
1604 2425 1728 2459 ejusdem

946 2470 1007 2490 cum
1023 2462 1151 2492 Genitore
1170 2469 1263 2492 essent
1279 2471 1399 2500 naturae;
1429 2475 1464 2496 ne
1479 2468 1587 2497 beatam
1615 2469 1727 2498 Mariam

946 2510 1068 2538 dicerent
1086 2510 1134 2538 Dei
1159 2510 1337 2546 Genitricem,
1364 2514 1412 2542 sed
1446 2522 1568 2543 sororem
1599 2515 1682 2546 Musis
1704 2525 1728 2545 et

946 2556 1082 2589 Aaronis;
1099 2564 1133 2584 ne
1148 2557 1355 2592 baptizarentur
1372 2564 1418 2586 aut
1436 2559 1586 2589 Sabbatum
1605 2568 1728 2598 agerent,

947 2609 1036 2636 neque
1067 2602 1135 2638 legis
1166 2603 1342 2640 Evangeliive
1368 2605 1491 2633 institttta
1519 2611 1654 2641 tenerent,
1681 2611 1750 2637 sed—

946 2654 1056 2676 crucem
1092 2647 1326 2685 abominarentur,
1357 2651 1538 2687 umbramque
1569 2653 1671 2682 Christi
1702 2656 1728 2683 in

946 2700 1054 2728 crucem
1070 2698 1157 2721 actam
1172 2694 1333 2724 faterentur.
1347 2696 1418 2730 Quin
1433 2703 1460 2726 et
1483 2699 1605 2729 omnium
1633 2709 1727 2729 corum

945 2747 1027 2767 usum
1047 2740 1080 2767 iis
1095 2742 1240 2776 concessit,
1253 2742 1353 2777 quibus
1376 2743 1417 2772 lex
1442 2745 1591 2778 interdicit,
1616 2753 1727 2782 excepta

945 2786 1022 2829 porci
1035 2793 1128 2824 carne.
1148 2786 1219 2814 Vino
1233 2795 1348 2822 prorsus
1364 2789 1504 2820 abstinere
1531 2791 1626 2827 jussit.
1643 2792 1728 2820 Porro

946 2835 1036 2858 autem
1053 2830 1172 2859 fabulam
1188 2833 1270 2861 talem
1283 2839 1454 2867 commentus
1470 2841 1523 2866 est.
1540 2836 1596 2865 Sibi
1618 2838 1655 2866 ait
1669 2838 1727 2874 cla-

946 2884 992 2905 ves
1006 2877 1125 2912 paradisi
1138 2879 1302 2909 commissas
1326 2880 1422 2911 fuisse.
1446 2882 1496 2912 Die
1516 2883 1625 2919 judicii,
1653 2887 1727 2923 post:
