2008 3149
269 149 319 182 ενι

918 149 1076 180 GEORGII
1097 151 1195 182 CEDR
1202 151 1265 181 ENI

1835 151 1892 184 812

266 215 349 244 quam
360 207 524 236 Mosescum
541 206 674 235 lsraclitis
687 205 720 233 ad
733 206 851 234 tribunal
875 207 972 239 astitit,
991 211 1018 234 et
1032 207 1049 234 ii

1111 207 1224 234 ιωθέντα
1237 196 1466 242 δογματίσανταξ,
1481 207 1513 242 τῇ
1526 207 1573 234 τοῦ
1587 206 1674 242 πυρδς
1688 207 1784 243 γεέννῃ
1797 215 1891 244 παρα-

267 258 299 282 nt
311 254 357 290 qui
373 254 458 289 legem
472 253 621 281 violassent
649 253 765 280 flammae
787 253 914 289 supplicii
948 253 1050 281 addicti

265 300 389 333 fuerunt,
405 300 618 328 rursum‘Jesum
634 307 664 328 se
694 299 811 332 stitisse,
825 307 857 326 ac
882 307 974 327 coram
996 299 1052 328 Deo

266 353 382 382 negasse
395 353 515 380 unquam
532 352 561 373 se
576 353 675 372 nomen
689 344 752 372 Filii
765 343 811 371 Dei
827 344 882 372 sibi
893 351 1051 379 arrogasse.

264 392 329 420 Ide'o
348 391 533 425 Christianos,
551 391 598 426 qui
616 391 696 419 talem
714 390 826 420 Christo
840 391 950 418 titulum
964 392 1053 426 impo-

266 444 331 464 nare
347 436 406 464 ausi
423 436 550 469 fuissent,
573 444 691 472 eumque
719 437 815 469 Deum,
833 435 881 464 Dei
909 435 1008 463 Filium
1026 440 1053 464 et

266 482 386 511 Verbum
404 483 578 510 incarnatum
589 490 622 511 ac
633 483 795 510 crucifixum
812 483 1052 518 pronuntiassent,

266 530 293 557 in
314 537 448 565 geennam
466 529 536 565 ignis
551 529 670 557 deditos.
686 529 842 557 Secundum
851 529 908 557 haec
922 537 952 557 se
964 537 979 556 a
999 529 1053 557 Deo

263 582 393 603 vocatum
406 574 492 603 fuisse
507 574 654 602 admodum
665 575 745 611 pium
770 580 798 602 et
829 574 982 606 laudatum,
1007 574 1054 609 qui

261 622 316 650 .toti
340 621 420 657 ,genti
449 621 558 657 pictatis
584 625 683 648 auctor
717 623 803 654 esset,
823 620 940 655 ideoque
965 620 1055 648 claves

266 668 386 703 paradisi
424 667 477 695 sibi
513 667 670 695 mandatas.
703 666 858 702 Postquam
896 666 1053 701 paradisum

267 714 436 749 aperuisset,
471 719 565 741 secum
599 712 719 740 intrasse
757 712 933 747 septuaginta
970 711 1054 738 millia

267 759 420 792 hominum,
441 758 520 795 74],
537 757 585 794 qui
602 765 634 786 eo
656 765 769 793 pergere
788 757 953 785 .valuissent.
979 756 1055 784 licii-

267 813 339 841 quos
363 805 517 842 judicatum
542 805 586 832 iri.
610 803 670 832 lam
690 803 781 840 iustos
808 804 955 839 ~voluptate
978 807 1054 831 extra

268 851 351 880 ullam
366 852 581 879 controversiam
598 849 668 878 frui:
690 857 758 885 quos
776 849 1053 885 vero-deprehensum

269 898 307 926 sit
319 904 457 932 peccasse,
476 904 523 924 eos
537 897 569 923 ad
585 895 656 923 colla
671 884 720 923 sua
743 895 865 931 pittaciis
888 894 1008 930 alligatis
1025 895 1053 922 in
1070 884 1092 913 Β

270 943 426 978 paradisum
461 942 583 975 intrare,
609 941 757 976 vocarique
798 941 913 968 libertos
939 940 986 967 Dei
1022 946 1055 968 ac

269 988 446 1016 Muchumeti.
459 987 594 1015 Praeterea
608 991 727 1021 nugatur
739 986 765 1013 in
781 985 913 1021 paradiso
926 989 982 1013 tres
994 992 1056 1013 esse

269 1033 423 1069 paradisos,
436 1040 521 1060 unum
535 1032 634 1064 mellis,
650 1031 734 1059 alium
751 1031 840 1064 lactis,
853 1031 909 1058 vini
924 1030 1054 1063 tertium;

268 1085 296 1108 et
313 1079 346 1107 iis
363 1078 468 1114 impleri
483 1078 576 1106 licere.
589 1078 650 1106 Una
674 1085 735 1106 esse
751 1077 893 1108 mulieres,
914 1085 946 1105 ac
962 1084 1056 1105 comas

269 1131 379 1157 ornare.
407 1129 435 1152 et
461 1131 578 1159 corpora
607 1123 800 1159 voluptatibus
831 1123 922 1150 dedita
953 1123 1054 1150 colere.

269 1171 378 1200 Iudaeos
391 1176 418 1199 et
434 1169 610 1198 Christianos
633 1169 705 1205 ligna
733 1169 766 1207 ad
787 1169 879 1204 ignem
907 1169 1055 1197 fovendum

270 1218 358 1246 factos
371 1225 442 1246 esse.
464 1217 587 1245 Relictos
599 1216 761 1249 Samaritas,
775 1220 804 1243 ut
819 1215 914 1243 ﬁmum
929 1223 961 1243 ex
977 1223 1056 1250 para—

270 1263 330 1291 diso
341 1266 464 1298 egerant,
482 1270 514 1289 ne
530 1262 599 1290 fetor
608 1262 635 1289 in
650 1270 683 1290 eo
695 1262 820 1290 exsistat.
833 1262 975 1295 Quemvis,
987 1269 1057 1297 qua-

271 1308 324 1336 lem
341 1309 425 1336 vitam
443 1310 530 1345 egerit
547 1309 573 1336 in
591 1309 702 1344 opibus,
722 1308 853 1344 pauperie
872 1312 919 1335 aut
933 1307 1056 1339 infamia,

271 1355 313 1383 sic
324 1354 450 1382 etisthic
471 1355 582 1382 habere.
601 1355 641 1382 Ad
669 1354 726 1381 haec
753 1354 910 1389 prodigiose
938 1358 1057 1388 nugatus

271 1405 313 1430 est
330 1401 420 1428 omnis
442 1405 468 1428 et
484 1401 548 1428 boni
578 1404 605 1428 et
618 1400 681 1427 mali
703 1400 787 1428 Deum
813 1408 876 1427 esse
903 1404 1055 1427 auctorem.

271 1448 417 1481 Latrones,
436 1449 576 1476 veneficos
589 1448 713 1481 aliosque
728 1446 805 1474 vetiti
819 1446 950 1473 facinoris
962 1446 1058 1473 convi-

271 1498 331 1522 ctos
351 1502 365 1522 a
383 1494 437 1522 Deo
457 1495 490 1521 ad
508 1495 559 1521 lzoc
570 1498 645 1521 certo
656 1492 772 1520 consilio
783 1492 934 1520 destinatos
957 1491 1055 1524 fuisse,

274 1541 352 1568 utsic
367 1544 550 1567 morerentur.

311 1586 424 1614 Miretur
443 1592 509 1613 sane
530 1583 632 1618 aliquis
661 1587 762 1610 tantam
797 1582 851 1609 Deo
877 1581 1058 1616 repugnantis

273 1637 355 1668 atque
371 1630 434 1658 vani
450 1629 571 1657 hotninis
588 1628 778 1663 imposturam,
800 1634 860 1661 qua:
884 1630 960 1653 tanto
988 1630 1058 1652 tem-

272 1685 338 1713 pore
357 1675 478 1707 duravit,
501 1677 548 1701 aut
565 1678 712 1701 extremam
740 1672 828 1706 potius
853 1679 884 1698 ac
913 1671 1058 1697 bcllninam

272 1730 367 1750 eorum
385 1721 563 1753 dementiatn,
579 1719 625 1755 qui
652 1719 677 1746 in
696 1719 768 1746 hunc
783 1725 870 1751 usque
898 1717 969 1744 diem
999 1716 1059 1751 ejus

274 1767 390 1796 fallaciis
404 1766 552 1801 mancipati
565 1769 640 1797 sunt,
650 1772 681 1791 ac
695 1771 744 1799 pro
757 1763 848 1790 divina
857 1770 915 1789 eam
931 1766 960 1789 et
971 1761 1059 1788 valida

273 1821 302 1841 re
322 1814 435 1840 ducunt.
452 1811 587 1838 Excaecati
605 1810 677 1837 enim
689 1814 716 1836 et
725 1808 794 1835 fatui
813 1807 939 1836 homines
954 1814 1058 1840 veram,

272 1867 378 1888 sacram
396 1866 429 1886 ac
454 1857 586 1886 divinitus
614 1856 741 1884 traditam
768 1854 847 1882 fidem
876 1853 1061 1890 caligantibus

273 1905 359 1933 animi
388 1903 477 1932 oculis
507 1906 692 1938 praetereunt,
725 1901 795 1928 falso
825 1905 915 1927 autem
950 1899 1061 1927 nomine

272 1950 432 1986 insignitam
450 1949 611 1984 religionem
627 1952 838 1981 commentaque
861 1945 942 1983 742
957 1945 1062 1981 praesti-

273 1996 386 2031 giatoris
399 1995 480 2023 istius
498 1993 701 2029 amplectuntur
718 1992 813 2020 miseri
841 1995 923 2026 atque
948 1991 1060 2025 stupidi.

273 2043 312 2070 Ac
328 2049 421 2070 verum
436 2041 546 2077 quidem
561 2040 658 2073 Deum,
674 2047 756 2074 quem
774 2039 816 2066 lex
831 2042 858 2066 et
879 2044 954 2065 vates
973 2034 1060 2065 divini

274 2088 422 2124 perspicue
440 2086 660 2122 praedicaverunt
675 2084 758 2120 eique
784 2084 865 2111 ﬁdem
894 2084 1061 2114 habuerunt,

274 2136 312 2163 illi
325 2135 470 2170 repudiant
488 2137 570 2169 atque
589 2133 767 2167 improbant:
787 2131 841 2159 Deo
857 2136 948 2159 autent
965 2131 1062 2159 adver-

274 2190 345 2215 sum,
364 2182 504 2213 insanum,
531 2180 677 2215 palamque
703 2187 718 2206 a
741 2178 820 2206 furiis
839 2179 1005 2213 exagitatum
1034 2181 1061 2205 et

273 2233 367 2256 earutn
384 2228 513 2255 instinctu
527 2227 684 2261 loquentem
721 2225 814 2253 vesani
846 2229 927 2260 atque
959 2223 1061 2251 rabiosi
1076 2225 1100 2252 h

273 2282 334 2302 cum
352 2273 452 2309 gaudio
465 2272 680 2306 amplectuntur.
697 2269 764 2303 Quae
783 2269 857 2296 enim
874 2276 889 2296 a
906 2269 960 2296 Deo
973 2269 1061 2304 inspi-

274 2324 332 2347 rata
347 2318 490 2352 Scriptura
515 2316 549 2344 de
578 2315 662 2351 impio
689 2320 717 2342 et
744 2314 861 2342 vecorde
888 2314 1061 2342 Muchumeto

272 2364 377 2400 aliquid
393 2362 543 2399 praecepit?
557 2365 605 2389 aut
618 2360 683 2396 quis
706 2359 862 2387 divinorum
881 2365 974 2387 vatum
999 2367 1061 2387 eum

274 2409 382 2445 pietatis
398 2408 542 2436 doctorem
559 2406 617 2434 fore
630 2405 754 2441 praedixit
766 2405 777 2432 ?
790 2404 984 2440 Respondcant
994 2405 1060 2432 mihi

274 2460 318 2486 isti
333 2457 424 2485 omnis
439 2463 526 2484 sacra;
541 2453 731 2490 inspirationis
740 2457 767 2481 et
787 2453 951 2481 initiationis
966 2461 1061 2481 exsor-

274 2509 326 2537 tcs,
341 2512 402 2537 cur,
421 2511 482 2531 cum
497 2509 593 2530 omnes
602 2501 658 2536 jam
671 2499 734 2528 inde
751 2500 786 2527 ab
805 2499 910 2527 Adamo
928 2507 1016 2535 usque
1028 2499 1061 2526 ad

274 2551 374 2578 (Ibi-isti
414 2549 562 2576 adventum
593 2550 670 2574 vates
704 2553 758 2576 non
795 2546 872 2573 inviti
900 2550 1061 2581 agnoscant,

274 2597 383 2624 interim
411 2595 553 2623 Christum
585 2593 682 2624 Deum,
710 2592 743 2619 de
767 2599 821 2627 quo
849 2591 888 2618 illi
919 2592 1062 2626 perspicue

275 2642 417 2668 vaticinati
435 2645 510 2671 sunt,
530 2639 676 2674 abnegent,
695 2637 845 2673 pessimum
862 2641 954 2664 autem
987 2637 1062 2664 illum

275 2689 302 2714 et
313 2686 443 2713 vitiosum
460 2685 611 2716 hominem,
629 2684 711 2718 cujus
741 2682 815 2710 nulla
830 2690 946 2717 prorsus
976 2682 1010 2708 ab
1031 2683 1063 2709 iis

276 2732 347 2760 facta
363 2735 406 2759 est
424 2732 536 2764 mentio,
557 2737 607 2766 pro
630 2737 716 2758 suum
752 2728 894 2763 religionis
924 2728 1063 2756 initiatore

275 2777 560 2813 prmstantissimoque
576 2776 727 2804 verissimae
740 2775 802 2803 lidei
820 2775 951 2810 magistro
968 2775 1063 2802 existi-

276 2829 362 2857 ment,
394 2832 426 2851 ac
450 2828 581 2859 tauquam
612 2821 781 2850 benefactori
807 2820 918 2849 divinos
946 2821 1063 2849 honores

276 2871 409 2904 deferant,
438 2871 513 2906 impii
547 2869 599 2905 ipsi
632 2873 714 2904 atque
751 2867 868 2895 infandi.
900 2866 1063 2895 Examinent

1104 253 1224 289 δοθῆναι.
1242 250 1309 280 Εἶτα
1323 253 1418 280 ἑαυτόν
1430 262 1512 288 φησιν
1524 253 1576 280 ὑπο
1589 253 1635 280 τοῦ
1652 252 1720 280 Θεοῦ
1739 254 1892 288 κεκλῆσθαι

1106 299 1178 335 μάλα
1195 299 1319 333 θεοσεϐῆ,
1346 299 1383 331 ὡς
1407 298 1454 326 τοῦ
1481 299 1580 330 παντὸς
1593 298 1674 326 αὑτὸν
1697 299 1790 330 ἔθνους
1804 300 1892 326 αἴτιον

1105 345 1260 376 θεοσεσείας
1274 344 1432 380 ὑπάρξαντα
1447 344 1627 377 ἐπαινεῖσθαι,
1643 345 1690 372 καὶ
1700 345 1794 372 τούτου
1808 345 1892 380 χάριν

1104 391 1259 427 κλειδοῦχον
1271 390 1319 418 τοῦ
1336 392 1502 427 παραδείσου
1516 391 1690 426 γεγενῆσθαι.
1706 391 1762 418 Καί
1773 399 1805 425 γε
1823 391 1893 426 μετά

1103 437 1134 464 τὸ
1148 437 1192 464 ὑπ’
1204 436 1286 463 αὑτοῦ
1297 436 1342 463 τὸν
1353 437 1514 472 παράδεισον
1525 436 1693 472 ἀνεῳχθῆναι
1711 437 1894 463 συνεισελθεῖν

1104 481 1180 517 αὐτῷ
1194 481 1378 517 ἐϐδομήκοντα
1392 481 1512 517 χιλιάδας
1523 482 1586 513 τοὺς
1596 482 1762 516 δυναμένους
1774 482 1895 516 ἐφορμῆ-

1106 536 1151 554 σαι
1166 527 1234 561 πρὸς
1247 526 1336 554 τοῦτο.
1351 527 1422 559 Τοὺς
1435 527 1463 554 δὲ
1474 527 1584 559 λοιποὺς
1592 526 1770 563 κριθήσεσθαι
1780 526 1894 561 φάσκει,
1911 526 1918 538 ¹

1105 576 1226 608 καὶτοὺς
1240 576 1289 611 μὲν
1303 575 1422 606 δικαίους
1436 574 1628 609 ἀναμφιϐόλως
1639 573 1689 607 τῆς
1704 572 1810 609 τρυφῆς
1821 572 1895 599 ἁπο-

1105 622 1214 654 λαῦσαι.
1237 623 1300 654 τοὺς
1322 622 1351 649 δὲ
1364 622 1577 657 εὑρισκομένους
1601 619 1783 655 ἁμαρτωλοὺς
1796 620 1893 646 πιττά-

1105 676 1153 695 κια
1170 668 1198 694 ὲν
1212 668 1267 699 τοῖς
1276 666 1421 702 τραχήλοις
1438 665 1614 701 περιέχοντας
1637 664 1766 700 δεδεμένα
1791 664 1831 694 εἰς
1845 664 1896 690 τὸν

1106 713 1269 748 παράδεισον
1283 713 1381 746 αὐτοὺς
1398 712 1541 745 εἰσελθεῖν,
1558 712 1606 738 καὶ
1631 711 1742 742 τούτους
1757 709 1878 745 ὀνομάςε
1888 725 1895 729 -

1107 758 1169 786 σθαι
1196 758 1393 794 ἀπελευθέρους
1417 757 1466 784 τοῦ
1491 757 1558 784 Θεοῦ
1575 756 1623 784 καὶ
1646 756 1694 783 τοῦ
1718 756 1895 791 Μουχούμετ.

1107 803 1184 831 Εἶναι
1199 805 1228 832 δὲ
1240 806 1315 841 τρεῖς
1329 804 1510 840 παραδείσους
1527 805 1556 831 ὲν
1576 803 1616 839 τῷ
1630 803 1790 838 παραδείσῳ
1805 802 1899 837 φλυα-

1108 852 1159 887 ρεῖ,
1173 850 1222 878 ἕνα
1240 850 1346 886 μέλιτος
1367 850 1413 877 καὶ
1424 850 1518 884 ἕτερον
1530 849 1666 884 γάλακτος
1679 848 1728 876 καὶ
1741 848 1835 884 ἕτερον
1855 847 1898 874 οῖ-

1105 904 1164 929 νου,
1180 895 1250 932 πρδς
1262 896 1293 923 τὸ
1309 896 1367 931 μετ’
1383 895 1507 928 ἐξουσίας
1523 895 1712 931 ὲμπιπλᾶσθαι
1725 893 1826 922 αὐτῶν.
1838 893 1900 923 Τὰς

1104 942 1133 969 δὲ
1144 943 1275 977 γυναῖκας
1289 942 1381 973 αὐτοῖς
1399 942 1518 968 συνεῖναι
1547 942 1596 968 καὶ
1612 939 1770 975 φιλοκαλεῖν
1785 938 1835 971 τὰς
1849 939 1901 967 κό-

1108 988 1266 1025 μας-αὐτῶν
1291 988 1339 1015 καὶ
1357 987 1521 1024 θεραπεύειν
1550 987 1585 1015 τὰ
1612 986 1742 1022 φιλήδονα
1768 985 1899 1021 σώματα.

1105 1034 1175 1066 Τοὺς
1187 1034 1215 1061 δὲ
1236 1033 1378 1066 Ἰουδαίους
1402 1034 1448 1060 καὶ
1464 1033 1644 1069 Χριστιανοὺς
1668 1032 1740 1067 ξύλαΔ
1748 1031 1796 1060 τοῦ
1807 1030 1900 1067 πυρὸς

1106 1080 1278 1115 γενομένους,
1307 1079 1505 1116 ὑπολειφθῆναι
1530 1080 1594 1111 τοὺς
1617 1078 1792 1114 Σαμαρείτας
1807 1077 1901 1111 λόγων

1106 1126 1174 1161 πρὸς
1187 1126 1217 1153 τὸ
1235 1126 1362 1161 ἐκφέρειν
1388 1125 1438 1161 τὴν
1454 1125 1558 1160 κόπρον
1575 1124 1665 1152 αὐτῶν
1687 1125 1719 1151 ἐκ
1734 1123 1780 1151 τοῦ
1806 1129 1903 1159 παρα-

1106 1171 1206 1203 δείσου,
1221 1171 1294 1203 ὅπως
1307 1172 1344 1207 μὴ
1357 1171 1475 1208 ὲποζέσῃ
1485 1171 1499 1197 ό
1513 1171 1688 1206 παράδεισος.
1702 1170 1840 1197 Ἕκαστον
1855 1168 1901 1201 δὲ,

1106 1217 1144 1249 ὡς
1159 1217 1192 1244 ἃν
1203 1217 1279 1250 ἐϐίω,
1295 1217 1344 1244 εἴτ’
1361 1218 1390 1244 ὲν
1403 1217 1511 1252 πλούτῳ
1532 1217 1549 1252 ἦ
1576 1217 1657 1252 πενίᾳ
1670 1216 1718 1243 καὶ
1733 1215 1839 1250 ἀδοξίᾳ,
1851 1215 1903 1241 τὶν

1107 1263 1189 1290 αὐτὸν
1207 1263 1322 1289 κάκεῖσε
1332 1263 1554 1297 διάγειν¹τρόπον.
1571 1258 1655 1294 Οὗτος
1666 1260 1713 1289 οὖν
1724 1262 1738 1288 ό
1749 1260 1904 1295 θεοστυγὴς

1108 1309 1155 1335 καὶ
1169 1308 1330 1344 παμμίαρος
1347 1309 1446 1339 παντὸς
1463 1309 1568 1342 ἀγαθοῦ
1585 1309 1633 1336 καὶ
1658 1307 1744 1335 κακοῦ
1763 1308 1809 1333 τὸν
1830 1307 1903 1334 Θεδν

1108 1356 1193 1383 αἴτιον
1208 1356 1340 1392 ὑπάρχειν
1355 1357 1567 1392 ἐτερατολόγησε
1578 1363 1586 1371 ⁸
1602 1357 1649 1383 καὶ
1661 1357 1724 1387 τοὺς
1737 1355 1839 1391 λῃστὰς
1853 1355 1906 1382 καὶ

1108 1401 1272 1437 φαρμακοὺς
1286 1402 1333 1428 καὶ
1350 1402 1412 1433 τοὺς
1428 1403 1521 1434 ἄλλαις
1537 1402 1779 1438 ἀπηγορευμίναις
1795 1400 1904 1436 πράξε-

1110 1457 1152 1474 σιν
1166 1448 1289 1479 ἁλόντας,
1305 1446 1392 1479 οὕτως
1408 1448 1522 1483 φλυαρεῖ
1538 1449 1552 1475 ὁ
1566 1448 1656 1480 ἄθεος,
1673 1447 1792 1483 ἔγραψεν
1818 1446 1905 1478 αὺτὶς

1109 1494 1122 1520 ό
1137 1493 1211 1526 Θεὸς,
1227 1493 1274 1522 καὶ
1288 1492 1442 1529 προώρισεν
1455 1493 1602 1521 ἀποθανεῖν
1622 1493 1732 1525 αὐτούς.

1146 1583 1302 1618 Θαυμάσειε
1320 1583 1343 1610 δ’
1361 1583 1394 1610 ἄν
1408 1593 1450 1616 τις
1466 1584 1516 1620 τὴν
1528 1584 1663 1620 τοσαύτην
1674 1584 1722 1612 καὶ
1732 1584 1907 1619 τηλικαύτην

1110 1630 1210 1665 διαρκῆ
1237 1630 1346 1665 ἀπάτην
1374 1630 1422 1656 τοῦ
1449 1631 1582 1666 θεομάχου
1611 1631 1659 1658 καὶ
1690 1631 1906 1666 ματαιόφρονος,

1114 1675 1216 1710 μᾶλλον
1231 1675 1261 1702 δὲ
1277 1675 1395 1711 ἐσχάτην
1422 1677 1573 1712 παράνοιαν
1595 1677 1643 1704 καὶ
1670 1677 1821 1712 κτηνωδίαν
1847 1677 1908 1703 τῶν

1114 1721 1195 1756 μέχρι
1210 1721 1258 1748 νῦν
1283 1723 1316 1757 τῇ
1344 1721 1439 1749 τούτου
1468 1722 1555 1758 πλάνῃ
1578 1722 1783 1759 δεδουλωμένων
1804 1723 1852 1750 καὶ
1864 1723 1908 1754 ὡς

1113 1767 1227 1802 ἰσχυρὰν
1251 1768 1298 1794 καὶ
1327 1767 1401 1794 θείαν
1427 1768 1553 1803 ἀφρόνως
1590 1769 1693 1804 ταύτην
1728 1769 1906 1804 ἡγουμένων.

1111 1813 1184 1848 Πρὸς
1201 1813 1316 1852 γὰρεὴν
1327 1813 1411 1846 ὄντως
1428 1814 1516 1849 ἀληθῆ
1526 1823 1557 1841 τε
1571 1815 1618 1841 καὶ
1634 1814 1711 1850 ἱερὰν
1726 1815 1773 1841 καί
1784 1814 1907 1850 θεοὸρά-

1111 1858 1207 1887 δευτον
1235 1860 1327 1886 πίστιν
1348 1860 1471 1894 ἐναργῶς
1489 1861 1748 1895 ἀποτυφλώττουσιν
1774 1861 1800 1889 οι
1824 1861 1909 1888 ἐσκο-

1111 1905 1235 1941 τισμινοι
1262 1906 1310 1933 καὶ
1339 1906 1475 1939 ἀσύνετοι,
1502 1907 1571 1942 πρὸς
1596 1906 1625 1934 δὲ
1653 1907 1703 1942 τὴν
1726 1906 1910 1942 ψευδώνυμον

1111 1951 1241 1988 λατρείαν
1256 1953 1304 1979 καὶ
1320 1952 1517 1986 πλαστολογίαν
1532 1953 1579 1980 τοῦ
1592 1953 1710 1987 φένακος
1722 1953 1910 1988 προσέχουσιν

1112 1999 1138 2025 οἱ
1158 1998 1271 2026 δείλαιοι
1285 1998 1334 2026 καὶ
1363 1999 1554 2035 βαρυκάρδιοι.
1577 2000 1629 2026 Τὸν
1658 1999 1712 2035 γὰρ
1735 1999 1819 2030 δντως
1839 2000 1909 2026 ὄντα

1113 2043 1193 2076 Θεὸν,
1207 2045 1254 2071 τὸν
1266 2044 1310 2072 διὰ
1327 2044 1410 2081 νόμου
1431 2046 1478 2072 καὶ
1493 2046 1642 2082 προφητῶν
1659 2046 1780 2081 ἐκδήλως
1805 2055 1908 2080 κηρυτι

1113 2090 1226 2125 τόμενόν
1244 2099 1274 2118 τε
1289 2092 1335 2118 καὶ
1352 2092 1548 2127 πιστευόμενον
1559 2092 1751 2128 ἀπωθούμενοι
1762 2093 1809 2119 καὶ
1821 2101 1909 2119 κατα-

1112 2137 1304 2172 ψηφιζόμενοι,
1328 2137 1374 2164 τὸν
1386 2137 1507 2165 ἀντίθεον
1520 2138 1567 2166 καὶ
1587 2139 1727 2173 μεμηνότα
1749 2139 1798 2167 καὶ
1823 2146 1910 2172 φανε-

1115 2183 1169 2218 ρῶς
1184 2182 1225 2219 [Ρ.
1243 2182 1307 2219 Ηί]
1327 2183 1379 2210 ὑπὸ
1400 2184 1454 2210 τῶν
1479 2184 1611 2219 Ἐρινύων
1634 2183 1834 2219 ὲνεργούμενον
1858 2184 1911 2211 καὶ

1115 2229 1301 2264 φθεγγόμενον
1336 2230 1362 2256 ot
1388 2230 1557 2266 κακόφρονες
1584 2231 1632 2258 καὶ
1662 2230 1809 2262 λυσσὼδεις
1839 2231 1909 2265 ἐρι-

1116 2273 1204 2307 σμίως
1220 2273 1430 2308 καὶγεγηθότως
1442 2274 1613 2309 προσίενται.
1628 2274 1696 2300 Ποία
1707 2274 1762 2308 γάρ
1776 2273 1911 2300 θεόπνευ-

1116 2328 1178 2351 στος
1194 2319 1292 2354 Γραφὴ
1319 2321 1384 2354 περὶ
1399 2320 1446 2346 τοῦ
1464 2320 1614 2352 δυσσεϐοῦς
1628 2321 1676 2347 καὶ
1697 2321 1909 2356 παραπαίοντος

1116 2366 1282 2401 Μουχούμετ
1331 2367 1566 2402 προδιεστείλατο;
1594 2367 1611 2401 ἦ
1647 2367 1721 2398 ποῖος
1762 2367 1909 2398 θεσπέσιος

1117 2413 1199 2440 αὑτὸν
1213 2413 1356 2448 προφήτης
1369 2413 1406 2444 ὡς
1428 2412 1586 2440 διδάσκαλον
1603 2412 1742 2444 εὐσεϐείας
1766 2413 1910 2447 προανήγ-

1116 2457 1208 2492 γειλεν
1223 2466 1229 2490 ;
1244 2456 1348 2484 οὐκοῦν
1361 2457 1516 2484 είπάτωσαν
1530 2458 1556 2482 οἱ
1574 2457 1702 2492 ἀμέτοχοι
1718 2457 1807 2492 πάσης
1829 2457 1909 2492 ἱερᾶς

1117 2503 1260 2533 ἐπιπνοίας
1277 2502 1324 2528 καὶ
1343 2502 1482 2537 μυήσεως,
1503 2502 1561 2534 πῶς
1584 2503 1646 2532 τοὺς
1663 2502 1718 2528 ἀπὸ
1745 2502 1832 2535 Ἀδὰμ
1861 2503 1910 2530 καὶ

1119 2547 1200 2582 μέχρι
1216 2549 1265 2580 τῆς
1282 2546 1399 2581 Χριστοῦ
1428 2547 1579 2582 παρουσίας
1609 2548 1754 2583 προφήτας
1779 2547 1910 2582 ἀσμένως

1118 2592 1196 2627 δῆθεν
1218 2593 1412 2627 ἀποδεχόμενοι
1431 2593 1477 2619 τὸν
1498 2593 1547 2628 μὲν
1571 2593 1623 2619 ὑπ’
1648 2593 1738 2619 αὐτῶν
1755 2593 1910 2629 διαρρήδην

1118 2638 1397 2673 προαναφωνούμενον
1423 2639 1540 2672 Χριστὸν
1573 2639 1619 2666 τὸν
1653 2639 1720 2666 Θεὸν
1748 2640 1908 2674 ἀρνοῦνται.

1117 2685 1162 2711 τὸν
1184 2685 1211 2712 δὲ
1230 2685 1359 2713 κάκιστον
1377 2685 1423 2711 καὶ
1441 2685 1578 2722 μοχθηρὸν
1591 2685 1639 2712 καὶ
1656 2686 1723 2721 μηδὲ
1736 2686 1767 2712 τὺ
1794 2686 1910 2714 σύνολον

1117 2731 1169 2757 ὑπ’
1196 2730 1288 2758 αὐτῶν
1328 2732 1565 2767 μνημονευόμενον
1599 2732 1636 2763 ὼς
1672 2731 1827 2768 θεομύστην
1861 2734 1910 2760 καὶ

1118 2776 1286 2811 ἑξοχώτατον
1316 2777 1363 2804 καὶ
1389 2776 1576 2813 ἀληθεστάτης
1605 2778 1725 2809 πίστεως
1746 2777 1910 2805 διδάσκαλον

1118 2822 1295 2857 ἀποδέχονται
1321 2823 1369 2849 καὶ
1393 2823 1430 2854 ὡς
1448 2823 1594 2860 εὐεργέτην
1611 2823 1799 2855 ἐκθειάζουσιν
1816 2825 1843 2850 οι
1862 2825 1910 2850 ἀν-

1117 2867 1186 2894 όσιοι
1202 2867 1248 2894 καὶ
1261 2866 1427 2902 δυσώνυμοι.
1444 2868 1678 2904 ’Λνακρινέτωσαν
1691 2869 1719 2896 δὲ
1732 2869 1757 2897 οἱ
1783 2870 1911 2906 άδιάκρι‹
