2008 3149
138 187 192 221 821

684 190 955 220 HISTORIARUM
975 190 1237 220 COMPENDIUM.

1715 188 1768 220 89.2

141 252 216 282 τοπῳ
232 247 283 282 τὴν
296 247 417 284 κατάραν
435 247 543 283 ἔλαϐεν,
561 249 619 276 ἐκεῖ
635 249 682 276 καὶ
696 250 746 286 τὴν
766 250 842 276 λύσιν
865 248 927 276 ταύ-

983 248 1086 275 dictum
1116 254 1156 275 cst
1170 249 1272 277 Adatno
1286 249 1380 283 ,Terra
1397 256 1438 281 es.
1454 252 1480 276 et
1492 249 1518 276 in
1538 251 1639 275 terram
1653 249 1766 280 redibis,

140 301 192 329 της
204 293 326 329 δέξηται,

178 433 256 460 Ὄντι
283 431 313 461 δὲ
333 434 372 470 τῷ
394 433 500 470 βασιλεῖ
531 435 683 472 Ἡρακλείῳ
701 437 730 464 ὲν
743 438 777 474 τῇ
799 438 929 474 Ἀνατολῇ

142 477 275 513 ἐγεννήθη
292 478 367 514 αὑτῷ
380 479 437 511 υίὸς
454 480 468 506 6
478 480 571 508 Δαϐίδ.
589 481 628 517 Τῇ
641 482 710 518 αὐτῇ
725 483 817 518 ἡμέρᾳ
833 483 929 519 ἐτέχθη

140 523 189 549 καὶ
206 524 404 560 Κωνσταντίνῳ
425 525 465 560 τῷ
490 525 542 562 υίῷ
568 527 728 563 ’Ἡρακλείου
760 529 928 564 Ἡράκλειος,

137 568 169 600 6;
192 568 345 606 ἐϐαπτίσθη
361 571 415 598 ὑπὸ
439 571 553 608 Σεργίου
570 572 617 600 τοῦ
642 574 823 611 πατριάρχου.
843 575 888 610 Τῷ
906 575 929 603 δ’

136 614 214 650 αὐτῷ
229 614 286 642 ἔτει
311 616 500 653 ἐπανέστησαν
525 618 551 644 ot
576 618 681 654 Πέρσαι
706 620 774 647 κατ’
796 620 928 656 αλλήλων,

136 661 186 687 καὶ
199 660 292 688 πολλοὶ
309 661 506 698 διεφθάρησαν.
520 662 588 690 Τότε
602 663 617 690 6
628 663 754 698 βασιλεὺς
763 664 818 692 τῶν
839 665 929 692 Ἰνδῶν

137 705 243 740 πέμπει
259 706 394 741 συγχάρια
408 706 447 742 τῷ
463 707 578 743 βασιλεῖ,
592 709 764 744 μαργαρίτας
779 708 827 736 καὶ
839 708 930 741 λίθους

136 751 246 785 τιμίους
261 751 385 784 πολλοὺς.
402 750 457 780 Ἦν
471 753 500 780 δὲ
513 753 527 780 6
549 754 672 789 Μωάμεδ
699 754 930 790 προτελευτήσας,

141 797 171 828 ὂς
183 797 281 833 ἔστησε
296 798 432 835 τέσσαρας
444 800 588 836 ἀμηράδας
599 800 728 836 πολεμεῖν
743 801 798 832 τοῖς
808 800 838 834 ἐξ
846 800 929 833 Ἀρά-

138 842 194 869 ϐων
210 844 368 879 γενθμένοις
391 843 574 881 Χριστιανοίς.
597 846 653 872 Καὶ
677 843 759 882 ἦλθον
786 846 930 873 κατέναντι

981 294 1017 322 ibi
1033 294 1055 322 is
1070 295 1224 322 reconditus
1239 295 1300 328 fuit,
1319 300 1348 323 ut
1362 303 1416 330 quo
1447 295 1474 322 in
1505 294 1565 322 loco
1582 294 1768 323 damnationis

981 340 1142 368 sententiam
1154 342 1286 377 percepit,
1301 348 1332 369 eo
1345 345 1371 369 et
1387 340 1588 369 absolutionem
1600 339 1766 373 adipisrerc-

981 391 1026 413 tur
1039 386 1072 414 ¹⁹.

1016 431 1141 460 Heraclio
1153 432 1180 460 in
1195 432 1306 460 Oriente
1330 433 1436 469 degenti
1452 433 1523 460 lilius
1551 433 1673 460 nascitur
1688 432 1767 459 Davi-

980 478 1042 506 dus.
1057 478 1218 513 Eademque
1231 478 1275 506 die
1286 479 1468 508 Constantino
1479 479 1596 507 ileraclii
1609 478 1663 506 ﬁlio
1675 479 1767 506 nasci-

981 528 1026 552 tur
1040 523 1196 556 Heraclius.
1209 532 1291 559 quem
1307 524 1421 560 Sergius
1437 525 1594 560 patriarcha
1607 525 1766 560 baptizavit.

980 571 1082 599 Eodem
1109 577 1182 598 anno
1213 569 1315 604 Persae,
1342 571 1414 600 inter
1447 579 1508 600 sese
1534 575 1606 599 mota
1620 571 1765 603 seditione,

981 624 1107 651 magnam
1124 616 1177 644 sibi
1193 616 1261 651 ipsis
1278 617 1384 645 cladem
1400 617 1562 644 intulerunt.
1583 617 1651 644 Tum
1661 620 1768 651 tempo-

981 662 1019 690 ris
1033 662 1163 689 ludorum
1175 669 1222 689 rex
1237 669 1352 690 munera
1366 662 1558 698 gratulationis
1572 669 1637 698 ergo
1646 661 1765 697 impera—

981 708 1033 735 tori
1041 707 1127 740 misit,
1136 707 1252 736 uniones
1260 712 1286 736 et
1292 715 1415 742 gemmas
1424 708 1535 736 multas.
1545 706 1704 736 Decesserat
1711 707 1765 742 jam

980 753 1058 789 751
1075 758 1131 781 tum
1147 753 1314 785 Moamedns,
1325 753 1608 789 constitutisquatuor
1621 753 1768 787 ameradis,

979 800 1026 833 qui
1040 799 1175 827 Arabibus
1194 798 1379 827 Christianam
1406 799 1566 834 religionem
1584 800 1768 833 complecten-

980 846 1054 875 tibus
1065 847 1168 874 bellum
1195 846 1329 874 facerent.
1357 846 1390 873 ﬂi
1422 846 1558 873 adversus
1589 845 1765 873 Theodorum

138 888 278 925 Θεοδώρου
296 889 533 926 κουϐικσυλαρίου,
543 892 590 918 καὶ
605 891 789 926 συμϐαλόντες
811 891 927 927 πόλεμον

980 890 1179 918 cubicularium
1205 889 1320 926 proiecti
1337 897 1454 925 eumque
1469 897 1502 917 eo
1518 890 1612 924 praalio
1627 890 1767 924 congressi

139 935 316 970 ἀναιροῦνται
330 937 355 963 οί
371 937 446 972 τρεῐς
459 925 601 973 άμηράδες
624 925 674 964 καὶ
692 938 793 974 πλῆθος
817 925 886 965 milii
900 937 927 970 ἐξ

980 940 1054 964 sunt.
1074 935 1128 964 Sed
1139 943 1173 963 eo
1194 936 1221 963 in
1242 936 1336 970 praelio
1364 940 1420 963 tres
1449 935 1591 963 ameratles
1617 942 1769 969 magnaque

139 980 238 1008 αὺτῶν.
251 981 363 1017 Ἐξῆλθε
379 982 407 1010 δὲ
424 986 470 1010 καὶ
485 984 499 1010 ὁ
517 980 558 1015 εἷς
580 983 691 1019 ἀμηρας
711 984 725 1010 6
747 983 878 1016 Χάλεϐος,
899 984 930 1011 ὃν

137 1026 264 1061 λέγουσιν
280 1028 418 1064 μάχαιραν
440 1029 487 1056 τοῦ
503 1029 582 1056 Θεοῦ.
610 1026 701 1058 Ἦσαν
723 1030 752 1057 δέ
778 1039 853 1062 τινες
875 1030 930 1057 τῶν

138 1074 251 1109 πλησίον
280 1074 404 1110 Ἀράϐων
433 1075 620 1110 λαμϐάνοντες
650 1077 727 1112 παρὰ
756 1076 794 1112 τῷ
824 1076 932 1112 βασιλεῖ

143 1120 287 1156 Ῥωμαίων
310 1121 393 1156 ρόγαν
406 1121 463 1158 (Ἠ)
485 1122 553 1157 πρὸς
568 1122 598 1149 τὺ
612 1122 756 1157 φυλάττειν
775 1124 810 1150 τὰ
832 1122 929 1158 στόμια

139 1168 188 1202 τῆς
205 1168 322 1204 ἐρήμου.
345 1168 390 1195 Ἐν
404 1167 478 1204 αὑτῷ
495 1168 523 1195 δὲ
549 1169 589 1203 τῷ
611 1169 701 1204 καιρῷ
731 1169 856 1201 ἐλθόντες
880 1170 930 1197 οὐκ

135 1212 233 1241 ἕλαϐον
248 1215 299 1250 τὴν
316 1215 410 1250 ρόγαν,
423 1214 487 1242 ἀλλ’
508 1214 688 1250 ἐδιώχθησαν.
713 1215 887 1250 Λυπηθέντες
901 1216 929 1243 δὲ

138 1260 262 1295 ἀπῆλθον
278 1261 347 1296 πρὸς
356 1261 419 1292 τοὺς
429 1261 593 1296 ὁμοφύλους.
612 1261 659 1288 καὶ⁵
674 1261 819 1296 ὡδήγησαν
829 1262 928 1294 αὐτοὺς

137 1306 184 1333 ἐπὶ
200 1306 251 1340 τὴν
268 1305 360 1342 χώραν
387 1306 486 1341 Γάζης,
503 1306 616 1341 στόμιον
636 1304 720 1334 οὖσαν
744 1308 794 1342 τῆς
824 1307 928 1342 ἐρήμου

137 1352 209 1379 κατὰ
222 1352 253 1378 τὸ
269 1352 374 1379 Σίναιον
385 1351 459 1387 ὅρος,
475 1352 605 1379 πλουσίαν
621 1353 733 1388 σφόδρα.
745 1353 776 1380 Οἵ
791 1353 836 1379 καὶ
858 1361 928 1388 παρ-

137 1395 232 1423 ιλαϐον
242 1396 293 1432 τὴν
306 1397 341 1423 Ἥ
344 1405 394 1432 ραν
401 1398 447 1423 καὶ
455 1397 544 1424 πᾶσαν
557 1396 605 1433 τὴν
615 1397 707 1434 χώραν
717 1397 816 1432 Γάζης.
829 1397 929 1424 Ἐλθὼν

136 1443 165 1469 δὲ
180 1443 291 1478 Σέργιος
310 1444 363 1470 ἀπὸ
392 1444 561 1479 Καισαρείας
584 1445 636 1480 τῆς
663 1444 847 1480 Παλαιστίνης
879 1446 928 1472 σὺν

136 1488 239 1522 ὀλίγοις
251 1489 435 1524 στρατιώταις
444 1490 579 1517 κτείνεται
588 1491 696 1527 πρῶτος
705 1491 753 1518 σὺν
762 1490 800 1526 τῷ
808 1491 926 1526 στρατῷ.

138 1534 172 1560 οι
188 1534 218 1561 δὲ
249 1534 379 1567 λαϐόντες
399 1535 590 1571 αἰχμαλωσίαν
617 1536 717 1572 πολλὴν
742 1536 926 1573 ὑπέστρεψαν.

175 1666 221 1703 Τῷ
235 1667 276 1700 κζ’
292 1667 347 1696 ἔτει
378 1666 617 1705 ἦλθενΊώαννηςὸ
636 1669 756 1703 Κατζᾶς,
780 1670 927 1706 ἐπίτροπος

145 1713 305 1749 Ὀσροηνῆς,
333 1715 402 1749 πρὸς
434 1715 486 1742 ’1ὰό
511 1716 551 1747 είς
582 1715 753 1751 Χαλκηδόνα,
771 1716 818 1743 καὶ
841 1717 926 1743 ἐστοί-

137 1769 206 1796 χησε
220 1760 321 1788 διδόναι
333 1760 408 1796 αὐτῷ
420 1761 486 1788 δέκα
500 1761 634 1796 μυριάδας
660 1762 838 1797 νομισμάτων
855 1762 927 1798 πρὸς

138 1806 169 1833 τὸ
189 1806 227 1842 μὴ
244 1807 364 1842 περᾶσαι
381 1807 427 1833 τὸν
437 1806 583 1843 Εὐφράτην
595 1808 663 1842 μήτε
691 1808 839 1843 εἰρηνικῶς
858 1809 926 1844 μήτε

139 1851 309 1887 πολεμικῶς.
349 1852 509 1888 Ἡράκλειος
535 1853 563 1880 δὲ
589 1853 669 1880 τοῦτο
700 1853 795 1889 μαθὼν
808 1854 845 1885 ὡς
861 1854 926 1881 ἄνευ

139 1896 271 1932 είδήσεως
301 1896 384 1924 αὑτοῦ
411 1896 491 1924 τοῦτο
513 1897 660 1931 πεποίηκε,
687 1898 781 1924 τοῦτον
812 1897 926 1934 ἐξώρισε

139 1942 187 1969 καὶ
204 1942 262 1970 ἀντ’
274 1942 356 1970 αὑτοῦ
374 1943 539 1979 Πτολεμαῖον
565 1943 719 1978 στρατηγὸν
733 1942 857 1978 έπεμψεῚ

172 2032 219 2068 Τῷ
232 2041 268 2068 κη
305 2032 359 2059 [rei
376 2032 532 2067 παρέλαϐον
543 2032 568 2059 οι
599 2031 721 2068 Ἄραϐες
746 2031 796 2069 τὴν
817 2031 926 2060 ’Δντιῦ-

139 2085 227 2112 χειαν,
242 2076 290 2104 καὶ
304 2076 431 2113 ἐπέμφθη
447 2077 557 2109 Μαϐίας
578 2076 632 2104 ὑπὸ
667 2077 797 2112 οὑμάρου
828 2085 928 2113 στρατ-

139 2122 206 2157 ηγὸς
222 2123 270 2149 καὶ
285 2122 396 2157 ἁμηρᾶς
420 2123 511 2156 πάσης
525 2123 577 2158 τῆς
590 2122 643 2150 ὑπὸ
666 2123 729 2156 τοὺς
752 2123 927 2160 Σαρακηνοὺς

141 2167 232 2203 χώρας
255 2168 309 2194 ἀπὸ
320 2167 458 2202 Αίγύπτου
474 2168 526 2200 ἕως
539 2169 696 2204 Εὐφράτου.

174 2212 220 2247 Τῷ
229 2212 270 2239 κθ¹
280 2211 334 2239 ἔτει
349 2213 559 2248 παραλαμϐάνει
571 2213 624 2240 Ὶὰδ
640 2213 809 2249 τὴνἝδεο-αν
821 2214 926 2249 λόγοις,

980 988 1042 1010 cum
1055 981 1099 1009 his
1115 981 1266 1009 multitudo
1286 981 1485 1008 occubuerunt.
1512 979 1603 1007 Exivit
1628 980 1709 1008 etiam
1726 987 1769 1007 re-

980 1028 1073 1063 quuus
1089 1034 1209 1060 ameras.
1224 1027 1363 1056 Chalehus
1375 1027 1497 1060 nomine,
1520 1027 1567 1062 qui
1584 1026 1689 1061 gladius
1720 1026 1768 1054 Dei

979 1074 1177 1109 appellabatur.
1200 1073 1285 1101 Erant
1311 1073 1422 1109 quidam
1460 1072 1543 1100 vicini
1567 1072 1690 1104 Arabes,
1719 1072 1767 1107 qui

980 1119 1015 1148 ab
1030 1120 1193 1156 imperatore
1204 1119 1326 1147 Romano
1344 1117 1509 1154 stipendium
1531 1117 1696 1145 tuendarum
1720 1124 1768 1145 so-

979 1165 1105 1193 litudinis
1120 1165 1239 1193 faucium
1252 1172 1335 1193 causa
1346 1164 1471 1199 accipere
1485 1164 1620 1192 solebant.
1634 1163 1691 1190 Hoc
1703 1170 1765 1190 cum

979 1210 1026 1238 isti
1047 1210 1073 1237 id
1097 1210 1229 1245 temporis
1244 1209 1361 1245 petitum
1376 1208 1525 1241 venissent,
1543 1207 1682 1242 repulsam
1692 1206 1766 1241 passi

978 1256 1112 1291 ejectique
1126 1258 1203 1283 sunt.
1228 1254 1307 1288 Quod
1339 1253 1450 1289 indigne
1472 1253 1592 1281 ferentes
1619 1252 1768 1288 gentilibus

979 1310 1009 1330 se
1026 1301 1084 1330 suis
1105 1301 1323 1336 coniunxerunt,
1336 1301 1431 1336 eisque
1444 1299 1478 1327 ad
1494 1300 1618 1328 Gazazam
1629 1299 1766 1334 regionem

978 1348 1062 1375 duces
1079 1347 1186 1375 itineris
1204 1355 1234 1375 se
1256 1347 1444 1382 praebuerunt,
1459 1353 1520 1381 qua:
1530 1345 1636 1372 aditum
1650 1347 1723 1372 tenet
1738 1344 1764 1370 iu

978 1395 1153 1423 solitudinem
1175 1393 1253 1429 juxta
1272 1393 1393 1421 Sinmum
1417 1397 1547 1424 montem,
1565 1391 1660 1427 estque
1673 1391 1767 1418 admo-

978 1441 1042 1469 dum
1058 1441 1147 1469 dives.
1169 1439 1227 1468 lioc
1254 1439 1336 1466 modo
1349 1441 1384 1466 ab
1402 1439 1436 1466 iis
1453 1438 1507 1465 Era
1524 1438 1670 1472 omnisque
1685 1436 1766 1464 Gaza:

977 1487 1046 1515 ditio
1061 1491 1141 1522 capta
1160 1491 1211 1514 est.
1228 1486 1342 1520 Sergius
1357 1488 1446 1512 autem
1465 1484 1591 1512 Czesarea
1614 1483 1766 1511 Palastinre

978 1533 1091 1561 veniens
1113 1538 1174 1560 cum
1194 1532 1292 1567 exigua
1313 1531 1428 1558 militum
1450 1537 1544 1562 manu,
1572 1529 1677 1565 primus
1707 1529 1766 1564 ipse

938 1596 962 1625 ο
979 1585 1041 1606 cum
1057 1577 1179 1606 exercitu
1208 1576 1383 1604 interﬁcitur.
1415 1575 1526 1602 Barbari
1548 1582 1646 1610 magna
1676 1574 1765 1610 praeda

979 1623 1056 1659 potiti
1067 1623 1226 1651 discedunt.

1013 1671 1092 1699 Anno
1120 1670 1155 1698 27
1196 1669 1272 1698 venit
1298 1670 1418 1698 Joannes
1445 1673 1628 1704 cognomento
1655 1668 1766 1699 Catzas,

978 1717 1108 1746 Osrocna
1119 1715 1275 1752 praefectus,
1290 1715 1492 1744 Chalcedonem
1507 1715 1540 1743 ad
1556 1714 1666 1748 Jadum,
1684 1715 1764 1750 eique

978 1767 1088 1791 centum
1100 1762 1186 1790 millia
1209 1762 1405 1790 numismatum
1424 1761 1553 1789 daturum
1585 1768 1615 1789 se
1640 1760 1766 1796 promisit

977 1817 1011 1837 eo
1024 1813 1105 1844 pacto
1122 1816 1156 1836 ne
1179 1809 1203 1837 is
1238 1808 1280 1835 vel
1297 1808 1359 1836 belli
1379 1808 1420 1835 vel
1441 1808 1516 1842 pacis
1540 1807 1626 1843 gratia
1641 1806 1767 1841 Euphra-

979 1859 1023 1882 ten
1052 1858 1185 1881 transeat.
1226 1852 1374 1881 Heraclio:
1405 1860 1486 1886 vero,
1517 1853 1562 1879 ubi
1599 1852 1626 1879 id
1653 1851 1765 1879 Catzam

975 1907 1008 1928 se
1035 1898 1127 1927 inscio
1161 1898 1296 1934 pepigisse
1327 1897 1480 1930 intellexit,
1520 1897 1660 1924 hominem
1694 1896 1765 1923 rele-

977 1945 1061 1980 gavit,
1093 1944 1211 1980 ejusque
1237 1943 1299 1971 loco
1326 1943 1462 1972 exercitui
1493 1942 1668 1970 Ptolemzeutn
1698 1949 1765 1976 pra:—

979 1990 1055 2019 fecit.

1013 2035 1092 2064 Anno
1120 2035 1156 2063 28
1177 2035 1282 2063 Arabes
1304 2034 1478 2063 Antiochiam
1498 2038 1640 2070 ceperunt.
1665 2032 1765 2061 Missus

977 2089 1087 2118 quoque
1107 2082 1142 2110 ab
1156 2080 1257 2110 Umaro
1273 2081 1354 2117 752
1366 2085 1409 2109 est
1420 2080 1524 2109 Mavias
1541 2080 1640 2108 ductor
1649 2083 1677 2107 et
1692 2086 1766 2108 ame-

975 2135 1025 2156 ras
1057 2127 1148 2156 omnis
1172 2135 1233 2163 quae
1261 2127 1421 2155 Sarracenis
1450 2126 1560 2155 suberat
1585 2125 1706 2162 regionis
1731 2125 1765 2153 ab

978 2173 1096 2209 Egypto
1111 2179 1200 2208 usque
1224 2172 1257 2200 ad
1270 2172 1438 2207 Euphraten.

1013 2218 1092 2246 Anno
1104 2217 1139 2245 29
1153 2217 1237 2246 Jadus
1263 2217 1394 2246 Edessam
1408 2217 1556 2253 colloquio,
1575 2217 1764 2245 Constantiam

139 2258 187 2294 τὴν
202 2259 231 2285 δὲ
247 2259 454 2287 Κωνστάντειαν
467 2259 587 2296 πολέμῳ,
603 2259 702 2296 ὁμοίως
718 2261 765 2288 καὶ
778 2260 810 2288 τδ
821 2261 924 2297 Δαρὰς,

978 2265 1004 2292 vi
1020 2264 1106 2299 capit,
1139 2264 1261 2299 itemque
1274 2263 1370 2297 Daras,
1396 2263 1422 2290 in
1457 2271 1512 2298 quo
1535 2263 1636 2290 mult05
1652 2260 1767 2290 interfe-

140 2304 186 2330 καὶ
208 2303 324 2332 πολλοὺς
339 2304 368 2330 ὲν
378 2303 464 2340 ταύτῃ
478 2304 615 2332 ἀπώλεσε.
646 2305 702 2332 Καὶ
733 2305 825 2338 οὕτως
855 2314 927 2342 παρ-

140 2350 235 2376 έλαϐεν
256 2349 310 2376 ’ῐὰδ
329 2351 420 2376 πᾶσαν
435 2350 485 2386 τὴν
505 2351 728 2387 Μεσοποταμίαν.

168 2397 213 2432 Τῷ
235 2396 264 2423 δὲ
284 2396 307 2423 λ’
324 2396 378 2424 ἔτει
391 2398 611 2433 ἐπεστράτευσαν
627 2398 652 2424 oi
676 2398 830 2434 Σαρακηνοὶ
855 2399 927 2427 κατὰ

139 2440 280 2477 Περσίδος,
316 2443 362 2468 καὶ
396 2443 559 2478 νικήσαντες
583 2443 689 2476 πάντας
727 2445 790 2476 τοὺς
819 2445 928 2480 Πέρσας

139 2487 286 2521 ὑπέταξαν.
316 2488 465 2524 Ὀρμίσδας
489 2489 519 2516 δὲ
541 2489 556 2516 6
583 2490 709 2525 βασιλεὺς
733 2490 787 2517 τῶν
815 2491 928 2527 Περσῶν

140 2535 211 2570 φυγῇ
232 2534 404 2571 χρησάμενος
423 2535 470 2562 ἐπὶ
485 2536 548 2569 τοὺς
563 2537 695 2573 ἐνδοτέρω
709 2536 816 2573 Πέρσας
845 2546 926 2565 κατα-

177 2626 198 2642 ¹⁹
212 2626 282 2654 Gen.
300 2633 341 2659 ιιι,
362 2626 406 2654 l9.

978 2310 1026 2338 cit.
1053 2309 1143 2345 Atque
1176 2308 1219 2337 sic
1245 2308 1332 2337 ‘Jadus
1359 2313 1444 2336 totam
1480 2308 1589 2344 subegit
1616 2307 1768 2343 Mesopota-

980 2362 1074 2382 unam.

1014 2399 1094 2428 Anno
1120 2399 1155 2427 50
1171 2398 1302 2426 Saraceni
1334 2398 1441 2426 Persidi
1469 2398 1568 2431 bellum
1603 2398 1766 2431 intulerunt,

980 2446 1125 2481 victosque
1139 2445 1240 2473 Persas
1253 2452 1350 2472 omnes
1359 2444 1410 2472 sibi
1431 2445 1623 2480 subjugarunt.
1640 2443 1766 2473 liormis~

981 2491 1031 2520 das
1049 2490 1197 2519 Persarum
1216 2498 1264 2518 rex
1289 2491 1352 2525 iuga
1375 2489 1409 2516 ad
1426 2490 1570 2518 interiores
1588 2489 1686 2518 Persas
1701 2497 1766 2518 eva-

981 2537 1026 2564 sit.
1055 2535 1345 2564 SarraceniChosroae
1356 2535 1427 2564 tilias
1444 2535 1568 2572 captivas
1597 2543 1659 2564 cum
1691 2535 1766 2563 omni

716 2680 890 2709 XYLANDRI
905 2681 951 2710 ΕΤ
970 2681 1076 2709 (ὲΟᾹΙὶῐ
1093 2681 1210 2711 NOTAE.

174 2741 232 2774 (ιι)
251 2739 289 2767 Ex
307 2739 440 2768 Choniata
454 2739 536 2768 didici
549 2740 599 2767 hoc
613 2747 674 2767 esse
686 2739 759 2775 quod
773 2738 860 2775 (ἔπειρί
873 2748 918 2775 μι-

972 2740 1084 2776 ponitur
1103 2739 1222 2776 συνήθης
1240 2740 1355 2776 διανομὴ
1368 2740 1423 2767 τῶν
1439 2739 1666 2776 στρατευμάτων.
1684 2739 1716 2776 Et
1736 2740 1765 2768 in

141 2776 202 2803 σθόν
222 2775 329 2803 dicunt.
344 2774 383 2803 Ae
398 2775 482 2802 multo
499 2775 601 2802 clarius
624 2782 655 2801 ex
675 2773 769 2801 nostro
786 2775 813 2801 in
829 2773 921 2802 Leone

141 2810 323 2836 [conomaeho
337 2811 387 2836 sub
403 2810 494 2836 tinem.
508 2810 552 2836 ubi
567 2809 679 2836 verbum
694 2814 736 2836 est
749 2809 919 2836 ὐογεύεσθαι.

978 2775 1026 2802 line
1038 2774 1153 2816 Romani
1164 2773 1266 2836 "Argyi
1273 2773 1356 2809 ρόγας
1367 2773 1692 2816 συγκλητικῶνλτεῐεηιιι*
1703 2775 1762 2801 διας

978 2810 1054 2836 νοιιή.
1077 2809 1197 2836 Denluue
1241 2809 1319 2836 undas
1348 2814 1429 2836 etiam
1456 2809 1540 2836 ὁόγαν
1566 2813 1762 2836 Interpretatur

139 2810 323 2838 Iconomacho
337 2811 387 2838 sub
403 2810 494 2841 tinem,
508 2810 552 2837 ubi
567 2809 679 2836 verbum
694 2814 736 2836 est
749 2809 919 2843 ῥογεύεσθαι.

140 2845 171 2872 Et
189 2853 244 2873 non
261 2845 354 2879 procul
370 2852 384 2871 a
406 2845 457 2872 line
478 2845 621 2879 Nicephori
638 2845 692 2871 άπὸ
706 2844 822 2878 γενικῶν
841 2844 922 2870 Sara-

141 2881 201 2908 ceni
216 2880 351 2914 stipendia
369 2880 485 2906 militum
497 2880 684 2914 intercipiunt,
703 2880 922 2907 centenariorum

142 2915 176 2943 i5
192 2915 342 2950 rogalium:
363 2915 390 2944 in
413 2915 593 2943 Constantino
610 2914 710 2943 Leonis
724 2915 779 2942 ﬁlio
793 2915 861 2949 ρόγα
877 2922 923 2942 cx-

972 2810 1054 2844 νομή.
1077 2809 1197 2844 Denique

1241 2809 1319 2838 uidas
1348 2811 1429 2837 etiam
1456 2809 1540 2845 ῥόγαν
1566 2811 1763 2844 interpretatur

975 2844 1106 2879 βασιλέων
1117 2844 1259 2871 εὐσέϐειαν
1272 2845 1318 2871 καὶ
1333 2844 1500 2880 φιλοτιμίαν.
1517 2845 1600 2872 Paulo
1617 2850 1683 2880 ante
1694 2851 1758 2875 συγ-

975 2877 1059 2921 χάρια
1075 2879 1178 2914 conieci
1196 2880 1272 2915 παρὰ
1286 2880 1326 2921 ire
1339 2877 1506 2921 ’συγχαίρειν
1518 2879 1602 2912 dicta,
1616 2877 1763 2914 ymo/rutun-

976 2917 1086 2950 schung,
1107 2922 1220 2944 munera
1233 2915 1423 2950 gralulatoria.
1439 2915 1505 2942 Χῑιι.
