2008 3149
228 175 282 213 ιιϊῐ

858 180 1019 215 GEORGII
1040 183 1207 217 CEDRENI

1802 190 1857 221 828

229 233 367 270 signiﬁcat
391 226 458 261 Thes
475 233 529 261 allo
543 234 631 261 uitam
650 242 657 260 :
682 234 766 262 Alteri
782 236 848 264 cede
863 238 1017 266 victoriam.

1074 239 1121 272 Θὲς
1137 241 1210 277 ἄλλῳ
1221 242 1271 277 τὴν
1286 242 1375 278 νίκην,
1394 242 1528 278 κρίνεται.
1545 243 1617 278 Πρὸς
1629 243 1675 270 τὸν
1692 244 1789 280 ἐχθρόν
1808 254 1857 272 σου

230 280 348 308 Proinde
363 280 396 308 ad
411 280 504 308 hostes
520 281 635 309 victoria
654 282 780 311 inclinat.
798 283 887 319 Atque
903 285 940 312 ita
955 286 1018 321 qui-

230 327 292 354 dem
314 327 414 354 evenit.
433 326 471 353 Eo
490 327 562 354 enim
592 328 686 362 praelio
705 329 769 357 victi
794 336 860 358 sunt
888 331 1016 365 Romani,

230 379 383 406 eorumque
397 372 511 407 sanguis
527 373 595 400 mari
612 374 772 408 permistus.
785 375 938 411 Imperator
957 381 1016 405 tum

230 419 313 446 alium
329 418 475 453 quemdam
489 419 548 446 suis
567 420 693 448 vestibus
708 421 807 449 induit.
828 420 954 451 Insiliens
969 431 1019 452 au-

231 469 284 492 tem
299 464 326 491 in
342 464 433 491 navim
449 464 474 492 is
499 465 580 499 cujus
594 467 676 501 paulo
688 471 751 494 ante
765 468 931 507 mentionem
951 469 1018 497 t‘eci-

229 516 291 537 mus
311 509 499 539 buecinaturis
514 511 597 543 ﬁlius,
624 512 768 547 abreptum
783 513 974 548 imperatorem
992 515 1018 543 in

229 554 305 582 aliud
340 555 479 592 navigium
509 557 657 589 transfert.
693 561 845 594 praeterque
877 560 1018 588 hominum

231 601 390 637 opinionem
409 607 513 630 servat.
531 603 591 638 Ipse
604 603 788 639 imperatoria
798 606 860 633 navi
876 606 1018 640 insistens,

230 647 380 676 fortissime
395 648 553 683 pugnando,
569 649 663 676 multis
678 649 803 684 dejectis,
829 651 939 680 tandem
960 652 1020 688 ipse

230 700 341 730 quoque
355 693 441 722 cadit.
456 693 609 729 Imperator
630 695 675 722 vix
697 703 770 731 aegre
790 696 887 725 salutis
906 705 1020 734 compos

230 747 293 768 cum
310 741 445 769 dedecore
459 741 556 776 Cpolin
574 741 654 769 redit.

264 786 345 815 Circa
363 788 415 816 hoc
429 792 535 823 tempus
553 788 660 817 exstitit
678 788 877 819 Constantinus
892 792 1017 827 quidam,

231 832 279 868 qui
302 836 330 861 et
353 833 458 865 Silvani
483 841 582 862 nomen
608 835 772 870 usurpabat,
798 832 1019 865 Pa-ulicianorum

231 882 314 907 sectae
337 879 475 915 princeps.
500 879 566 915 Ejus
585 880 721 909 haereseos
738 881 795 909 hazc
818 886 860 910 est
881 882 1017 911 historia:

231 925 374 954 Manichai
387 925 610 954 Paulicianorum
623 934 723 955 nomen
741 927 792 956 sibi
807 933 984 964 sumpserunt
1004 937 1019 957 a

231 973 317 1002 Paulo
329 972 445 1009 quodam
471 972 660 1007 Samosateno,
691 974 847 1002 Manichaeae
877 976 1018 1009 cujusdam

233 1019 357 1048 mulieris
375 1019 522 1047 Callinices
543 1020 653 1048 nomine
673 1020 738 1048 tilio.
765 1020 800 1047 Ea
818 1029 879 1048 cum
907 1023 1020 1050 haberet

232 1065 302 1094 duos
330 1065 412 1099 ﬁlios,
443 1065 559 1100 Paulum
585 1063 690 1094 scilicet
709 1070 737 1094 ct
760 1067 843 1094 alium
871 1067 1018 1102 Joannem,

230 1111 311 1147 757
325 1110 473 1139 Manichma
491 1120 540 1140 eos
554 1111 651 1140 haeresi
667 1112 797 1145 instituit,
815 1113 1020 1149 Samosatisque

230 1157 257 1184 in
272 1157 430 1185 Armeniam
444 1158 546 1191 emisit,
565 1159 603 1185 uti
620 1157 657 1185 ibi
672 1164 732 1185 eam
750 1158 875 1186 hmresim
892 1160 1017 1194 promul-

230 1208 335 1234 garent.
351 1203 378 1231 ld
391 1204 462 1239 quod
479 1204 496 1232 ii
510 1204 636 1232 fecerunt
648 1205 674 1232 in
689 1204 748 1232 vico
766 1204 882 1239 quodam
898 1205 1021 1233 Phanar—

230 1255 306 1275 rmae.
331 1248 435 1276 Exinde
449 1250 512 1276 vico
526 1249 708 1285 Episparidis,
724 1250 907 1278 sectatoribus
925 1250 1020 1279 Pauli-

230 1292 371 1320 cianorum
390 1301 488 1321 nomen
505 1294 606 1322 factum
624 1294 685 1322 iuit.
704 1294 736 1322 lli
753 1294 835 1329 longo
860 1300 920 1330 post
946 1297 1019 1325 hunc

232 1336 345 1365 Paulum
381 1342 504 1374 tempore
537 1340 700 1375 magistrum
735 1341 890 1370 habuerunt
925 1343 1018 1376 alium,

230 1383 442 1412 Constantinum
463 1385 539 1412 illum
552 1386 598 1421 qui
618 1391 828 1420 cognomentum
843 1388 945 1416 Silvani
960 1396 1022 1424 ges-

230 1428 276 1455 sit.
293 1427 372 1456 Hunc
392 1430 546 1464 principem
575 1439 688 1459 suarum
716 1432 906 1460 doetiinarum
934 1441 1021 1470 agno—

232 1477 325 1506 scunt,
342 1481 396 1501 non
419 1473 546 1502 Paulum.
565 1475 615 1503 Hic
633 1477 706 1504 enim
727 1478 761 1505 iis
783 1479 928 1514 opiniones
950 1488 1020 1515 quas

231 1523 383 1552 sectantur,
404 1520 508 1556 absque
523 1522 626 1557 scripto
644 1530 692 1557 per
708 1524 871 1553 traditiones
884 1526 1019 1559 exhibuit,

230 1563 406 1599 Evangelium
421 1566 530 1600 quidem
545 1574 578 1594 ex
594 1568 749 1602 traditione,
761 1570 919 1604 Apostolum
931 1576 1020 1599 autem
1033 1588 1056 1619 α

230 1610 344 1644 scripto.
363 1609 490 1638 Tradidit
519 1617 611 1639 autem
638 1612 677 1640 ita
701 1618 731 1641 ut
758 1614 826 1642 nihil
844 1623 858 1642 a
876 1616 1021 1651 Scriptura

230 1653 371 1683 differrent
385 1656 457 1691 apud
477 1664 528 1685 nos
544 1662 664 1693 recepta,
691 1658 738 1686 sed
754 1659 862 1695 singula
880 1661 970 1696 capita
987 1663 1020 1689 ad

231 1707 309 1728 suam
328 1701 444 1729 detorsit
457 1701 587 1730 hazresin.
608 1703 675 1731 Nam
699 1709 726 1733 et
740 1705 811 1733 hanc
836 1706 905 1741 ipsis
936 1708 1022 1743 legem

234 1746 337 1781 posuit,
356 1755 389 1775 ne
403 1752 503 1782 praeter
518 1749 697 1785 Evangelitlm
711 1755 738 1779 et
760 1752 920 1788 Apostolum
936 1754 1021 1781 ullum

231 1792 315 1820 alium
323 1793 423 1821 librum
434 1794 564 1829 legerent.
578 1795 734 1825 Secundum
744 1799 1022 1833 postConslantinum

233 1838 307 1865 illuln
321 1837 463 1867 Silvanum
479 1840 561 1868 alium
578 1842 735 1872 habuerunt
751 1851 958 1881 praeceptorem,
972 1846 1019 1873 Si-

231 1891 356 1912 meonem
371 1886 493 1919 nomine,
516 1886 564 1914 sed
584 1888 630 1923 qui
647 1896 676 1916 se
699 1888 875 1920 Timotheum
898 1898 1021 1920 vocaret.

230 1927 366 1961 Quartum
381 1929 545 1966 Josephum,
561 1932 608 1967 qui
624 1934 675 1961 sibi
700 1934 878 1970 Epaphroditi
902 1937 1022 1972 appella—

231 1975 335 2003 tionem
349 1976 491 2012 imposuit.
506 1978 547 2006 Ab
565 1979 616 2006 hoc
640 1979 814 2012 Zachariam.
831 1989 911 2016 quem
931 1986 1022 2010 tamen

231 2020 316 2048 veluti
329 2023 531 2050 mercenarium
550 2028 577 2052 et
591 2033 645 2052 non
657 2033 751 2052 verum
765 2032 901 2062 pastorem
911 2028 1022 2063 quidam

232 2066 356 2101 ipsorum
373 2068 527 2103 repudiarit.
553 2068 668 2098 Sextum
692 2067 823 2105 Baanem,
839 2079 1023 2109 cognomento

232 2111 391 2141 Sordidum.
407 2112 558 2150 Septimum
573 2115 709 2151 Sergium,
724 2118 771 2153 qui
790 2117 939 2154 Tychicum
962 2127 1024 2148 sese

232 2158 430 2187 denominavit.
454 2160 493 2187 Ac
511 2160 644 2189 Manetem
662 2163 784 2197 quidem,
798 2163 924 2196 Paulum,
938 2165 1022 2193 Joan-

228 2211 308 2237 nem,
322 2209 349 2232 et
361 2205 430 2233 alios
441 2206 598 2242 quicunque
613 2208 680 2242 ipsis
693 2216 893 2244 proponantur,
907 2211 1024 2240 libenter

1068 287 1085 321 ἡ
1105 287 1167 321 νῑκη
1186 288 1326 323 τρέπεται.
1348 288 1402 316 Καὶ
1429 289 1460 324 δὴ
1474 288 1553 316 τοῦτο
1569 290 1616 316 καὶ
1641 291 1731 326 ἀπέὸη
1747 300 1754 307 ·
1780 301 1856 327 συμ-

1075 333 1204 365 ϐαλόντες
1231 334 1286 369 γὰρ
1321 334 1438 370 πόλεμον
1465 335 1599 370 ἡττῶνται
1627 335 1770 372 Ῥωμαῖοι,
1808 339 1858 364 καὶ

1069 382 1248 417 συγκιρνᾶται
1263 383 1279 418 ἡ
1294 383 1415 410 θάλασσα
1435 384 1473 419 τῷ
1494 384 1593 419 αἵματι
1617 385 1668 411 τῶν
1697 387 1857 421 Ῥωμαίων.

1075 426 1177 453 Ἐνδύει
1194 427 1222 454 δὲ
1237 429 1250 454 ὁ
1266 427 1393 462 βασιλεὺς
1408 429 1488 456 ἄλλον
1507 430 1555 465 τὴν
1583 431 1685 466 ἐσθῆτα
1697 433 1793 465 αὑτοῦ,
1810 435 1859 460 καὶ

1068 471 1236 509 εἰσπηδήσας
1251 474 1266 500 ύ
1283 474 1440 510 προλεχοεὶς
1453 476 1511 508 υἱὸς
1527 477 1574 503 τοῦ
1601 477 1778 513 βυκινάτορος
1799 481 1858 514 (77)

1068 519 1115 545 τὸν
1128 518 1242 554 βασιλέα
1254 519 1414 555 ἀφαρπάζει
1435 523 1479 548 καὶ
1492 524 1531 554 εις
1545 523 1638 558 ἕτερον
1655 525 1759 559 σκάφος
1777 535 1862 559 μετα-

1070 563 1163 591 ϐάλλει
1177 565 1224 591 καὶ
1239 566 1399 601 παραδόξως
1412 567 1549 601 διασώζει.
1567 569 1653 602 Αὐτὸς
1686 571 1714 597 δὲ
1745 572 1862 604 ἐπιστὰς

1069 611 1102 646 τῇ
1128 610 1253 647 βασιλικῇ
1281 612 1326 647 νηῒ
1353 613 1467 646 πολλοὺς
1489 615 1594 642 ἀνεῖλεν
1619 617 1634 642 ὁ
1656 618 1861 651 γενναιότατος,

1071 651 1226 692 ὕστερονδὲ
1250 658 1402 693 ἀναιρεῖται
1423 659 1470 686 καὶ
1491 660 1584 692 αὐτός.
1622 661 1651 688 '0
1677 662 1706 688 δὲ
1734 662 1864 697 βασιλεὺς

1071 702 1149 737 μόλις
1163 703 1305 736 διασωθεὶς
1320 704 1476 741 ὑπέστρεψε
1493 706 1552 740 μετ’
1570 706 1702 742 αἰσχύνης
1725 707 1754 733 ὲν
1779 709 1863 735 Κων-

1070 755 1211 775 σταντινου
1215 749 1278 776 πόλι
1283 758 1301 777 ι.

1111 792 1175 828 Ἐφ’
1187 789 1224 820 ὧν
1236 795 1339 829 χρόνων
1357 796 1404 822 καὶ
1421 793 1568 832 ὂᾶρχηγδς
1597 797 1651 825 τῶν
1668 799 1864 828 Παυλικιάνων

1070 834 1191 872 ἀνεφάνη
1222 838 1440 872 Κωνσταντίνος,
1465 842 1480 867 ὀ
1519 842 1567 868 καὶ
1600 842 1744 871 Σιλουανὺν
1778 845 1864 872 αὑτὸν

1071 882 1218 918 ὀνομάσας.
1244 883 1322 912 Ἔστι
1335 884 1363 912 δὲ
1384 886 1521 922 ήατρεσις
1549 888 1639 915 αὐτῶν
1658 889 1745 921 οὕτως
1765 899 1772 905 ·
1788 891 1865 918 Παυ-

1071 926 1197 959 λικιάνοι,
1230 928 1254 955 οἱ
1281 929 1328 955 καὶ
1355 929 1511 966 Μανιχατοι.
1536 931 1804 969 Μετωνομάτθησαν
1833 935 1864 961 δὲ

1072 973 1132 999 ἀντὶ
1159 974 1319 1009 Μανιχαίων
1362 976 1536 1004 Παυλικιὰνοι
1562 979 1617 1005 ἀπὸ
1649 980 1755 1006 Παύλου
1787 981 1865 1012 τινὸς

1072 1016 1264 1051 Σαμοσατέως,
1289 1019 1347 1046 υἱοῦ
1361 1021 1491 1054 γυναικὸς
1509 1020 1664 1058 Μανιχαιας
1696 1024 1866 1059 Καλλινίκης

1072 1062 1203 1098 τοΰνομα,
1226 1064 1288 1096 ἥτις
1318 1065 1364 1092 δύο
1385 1067 1459 1097 υἱοὺς
1473 1067 1547 1103 ἔσχε,
1562 1068 1656 1095 τοῦτον
1681 1069 1727 1096 τὸν
1753 1071 1864 1097 Παῦλον

1072 1108 1118 1134 καὶ
1142 1107 1278 1144 Ἰωάννην.
1294 1107 1411 1143 Τούτους
1428 1112 1476 1139 οὖν
1489 1114 1539 1148 τὴν
1558 1112 1734 1150 Μανιχαῖκὴν
1751 1116 1863 1151 αἰρεσιν

1072 1153 1201 1188 διδάξασα
1231 1156 1263 1182 ἐκ
1302 1152 1349 1182 τοῦ
1385 1155 1545 1192 Σαμοσάτου
1589 1161 1629 1191 εἰς
1665 1161 1866 1195 ’Λρμενιακοὺς

1073 1201 1197 1236 κήρυκας
1209 1201 1258 1236 τῆς
1272 1201 1406 1238 αἱρέσεως
1433 1204 1531 1235 αὐτοὺς
1553 1205 1713 1231 ἀπέστειλεν
1725 1215 1732 1220 ·
1761 1207 1866 1237 οἵτινες

1072 1246 1195 1278 ἐλθόντες
1225 1248 1266 1279 εἰς
1289 1247 1386 1283 κώμην
1406 1249 1467 1275 τινὰ
1504 1250 1553 1284 τῆς
1577 1250 1748 1287 Φαναρροίας
1771 1251 1866 1278 ἐκεῖσε

1072 1291 1121 1327 τὴν
1148 1292 1252 1319 ἑαυτῶν
1269 1293 1374 1328 αἵρεσιν
1400 1294 1570 1331 ὲνέσπειραν.
1587 1297 1699 1323 “Extare
1713 1297 1760 1324 οὖν
1776 1299 1793 1333 ἡ
1812 1298 1866 1333 μὲν

1072 1338 1154 1374 κώμη
1193 1340 1391 1376 μετωνομάσθη
1416 1341 1593 1377 Ἐπίσπαρις,
1622 1342 1647 1369 oi
1681 1343 1710 1369 δὲ
1740 1343 1867 1378 μαθηταὶ

1072 1385 1162 1412 αὐτῶν
1185 1385 1362 1413 Παυλικιάνοι
1374 1387 1539 1422 ἐκλήθησαν.
1556 1385 1638 1414 θ’ὗτοι
1655 1389 1724 1423 μετὰ
1748 1390 1866 1424 χρόνους

1072 1431 1205 1466 προλλοὺς
1225 1432 1274 1467 τῆς
1298 1432 1423 1468 διαδοχῆς
1463 1434 1541 1460 τοῦδε
1564 1434 1612 1460 τοῦ
1633 1434 1739 1461 Παύλου
1768 1436 1866 1471 ἕτερον

1071 1477 1151 1513 ἔσχον
1170 1476 1332 1505 διδάσκαλον
1363 1479 1568 1507 Κωνσταντῖνον
1609 1480 1788 1516 καλούμενον,
1813 1483 1864 1509 τὸν

1072 1523 1245 1558 Μρῤηοέντα
1281 1523 1420 1551 Σιλϐανόν.
1447 1524 1547 1552 Τοῦτον
1583 1525 1690 1561 ἔχουσιν
1741 1527 1868 1562 ἀρχηγὸν

1072 1569 1126 1594 τῶν
1137 1569 1318 1597 διδασκαλιῶν
1337 1570 1439 1604 αὐτῶν,
1460 1571 1508 1597 καὶ
1517 1571 1578 1606 οὐχὶ
1593 1572 1638 1598 τὸν
1653 1572 1769 1600 Παῦλον.
1780 1571 1868 1605 Οὗτος

1073 1615 1127 1650 γὰρ
1154 1615 1246 1647 αὐτοῖς
1261 1616 1403 1652 παρέδωκε
1420 1617 1469 1648 τὰς
1481 1617 1602 1652 αἱρέσεις
1620 1618 1703 1645 αὑτοῦ
1730 1619 1868 1655 ἀγράφως

1074 1661 1146 1687 κατὰ
1158 1662 1317 1697 παράδοσιν,
1339 1662 1371 1689 τδ
1388 1663 1555 1697 Εὑαγγέλιον
1571 1664 1621 1699 μὲν
1646 1664 1716 1692 κατὰ
1745 1667 1868 1701 παράδο-

1073 1716 1127 1740 σιν,
1146 1707 1191 1735 τὸν
1207 1709 1235 1735 δὲ
1250 1709 1411 1736 ’Δπύστολον
1420 1711 1579 1746 ἐγγράφως,
1597 1711 1794 1747 ἁπαράλλακτα
1811 1714 1866 1748 μὲν

1073 1754 1106 1789 τῇ
1121 1754 1215 1790 Γραφῇ
1234 1755 1281 1781 καὶ
1294 1757 1351 1787 τοῖς
1365 1755 1456 1790 λόγοις
1471 1756 1507 1788 ὡς
1523 1757 1615 1783 καὶτὰ
1633 1758 1704 1793 παρ’
1716 1759 1781 1794 ἡμῖν
1799 1759 1868 1787 ὄντα

1073 1799 1220 1833 παραδοὺς,
1238 1798 1406 1836 ’διαπρέψας
1419 1801 1448 1828 δὲ
1478 1801 1593 1829 ἕκαστον
1631 1803 1778 1838 κεφάλαιον
1797 1805 1870 1840 πρὶς

1073 1844 1124 1875 τὰς
1163 1842 1265 1872 ἑαυτοῦ
1298 1846 1431 1881 αἱρέσεις,
1468 1847 1654 1884 νομοθετήσας
1697 1850 1789 1882 αὐτοῖς
1817 1851 1870 1878 καὶ

1073 1889 1163 1923 τοῦτο,
1180 1891 1217 1926 μὴ
1228 1891 1285 1918 δεῖν
1296 1892 1392 1928 ἑτέραν
1407 1892 1498 1928 βίϐλον
1521 1893 1630 1921 οῐανοῦν
1664 1895 1870 1930 ἀναγινώσκειν

1074 1935 1099 1962 ει
1135 1936 1172 1971 μὴ
1200 1937 1229 1963 τὸ
1259 1934 1423 1972 Εὐαγγέλιον
1440 1940 1487 1966 καὶ
1510 1940 1556 1966 τὸν
1588 1941 1762 1970 ’Λπόστολον.
1788 1945 1871 1972 Μετὰ

1075 1981 1118 2017 [Ρ.
1130 1981 1192 2018 455]
1204 1981 1232 2009 δὲ
1238 1983 1441 2012 Κωνσταντῖνον
1452 1986 1500 2012 καὶ
1510 1986 1639 2014 Σιλὸανδν
1652 1987 1777 2024 δεύτερον
1787 1990 1871 2026 ἔσχον

1073 2026 1233 2053 διδάσκαλον
1241 2028 1372 2063 Συμεῶνα
1384 2030 1440 2065 (78)
1453 2030 1629 2066 καλούμενον,
1644 2035 1872 2070 μετονομάσαντα

1074 2071 1102 2098 δὲ
1125 2071 1221 2099 ἑαυτὸν
1241 2073 1386 2108 Τιμόθεον.
1412 2075 1548 2110 Τέταρτον
1576 2076 1605 2103 δὲ
1629 2077 1728 2112 Ἰωσὴφ
1758 2088 1872 2113 μετονο-

1076 2118 1200 2153 μάσαντα
1215 2119 1309 2146 ἑαυτὸν
1318 2120 1522 2155 Ἐπαφρόδιτον,
1535 2122 1582 2148 καὶ
1594 2123 1663 2156 μετὰ
1672 2123 1766 2150 τοῦτον
1774 2126 1871 2161 Ζαχα-

1075 2163 1146 2199 ρίαν.
1153 2160 1236 2191 Ἀλλὰ
1243 2164 1338 2191 τοῦτον
1349 2165 1387 2197 ὡς
1397 2165 1534 2200 μισθωτὸν
1541 2167 1588 2194 καὶ
1596 2168 1646 2195 οὐκ
1656 2168 1743 2204 ἀληθῆ
1751 2160 1872 2205 ποιμένα

1075 2210 1272 2237 ἁποὸάλλονται
1287 2209 1353 2237 ἔνιοι
1370 2211 1399 2244 ἐξ
1412 2211 1512 2240 αὐτῶν.
1525 2211 1625 2239 Ἕκτον
1641 2213 1687 2240 τὸν
1701 2214 1812 2249 Baliqu
1824 2215 1873 2242 τὸν

263 2249 395 2277 damnant
409 2250 637 2280 :Constantinum
652 2257 754 2288 autem,
772 2255 855 2291 758
869 2255 1021 2290 Silvanum,

1079 2256 1211 2293 ῥυπαρὸν,
1224 2257 1270 2283 καὶ
1286 2256 1400 2292 ἕϐδομον
1409 2257 1455 2284 τὸν
1471 2257 1586 2292 Σέργιον
1611 2258 1657 2285 τὸν
1681 2260 1729 2286 καὶ
1748 2260 1873 2295 Τυχικδν

227 2295 391 2324 Simeonem
408 2296 455 2332 qui
472 2296 538 2329 Titi,
557 2297 705 2327 Genesium
721 2301 768 2335 qui
782 2300 931 2335 Timothei,
944 2303 1022 2332 Jose-

227 2342 318 2377 :phum
334 2342 381 2379 qui
400 2343 587 2379 Epaphrodili,
607 2345 725 2374 Baanem
744 2347 900 2383 Sordidum,
918 2354 945 2378 et
959 2350 1024 2379 Ser-

227 2389 308 2425 :gium
323 2390 370 2426 qui
385 2389 496 2425 Tychici
515 2390 595 2418 titulo
612 2399 642 2419 se
667 2392 828 2428 insignibat,
850 2402 1022 2431 nequaquam

227 2436 376 2470 'damnant,
396 2436 499 2472 quippe
523 2444 571 2465 eos
591 2445 641 2472 pro
662 2438 721 2466 suis
739 2444 919 2474 agnoscentes
939 2441 1024 2474 magi-

229 2484 322 2511 stris:
340 2483 393 2510 sed
407 2491 454 2510 eos
480 2483 540 2511 loco
558 2484 743 2518 apostolorum
773 2485 877 2513 Christi
908 2486 1020 2515 habent.

230 2526 381 2556 Nominant
394 2537 441 2557 sex
452 2528 590 2557 Ecclesias
608 2529 634 2556 in
655 2537 704 2557 sua
722 2531 905 2564 coufessione,
932 2532 1023 2560 Mace-

227 2575 354 2608 doniam,
373 2583 435 2611 qua:
446 2580 487 2604 est
505 2579 628 2604 castrum
640 2576 766 2607 coloni-te.
784 2576 925 2607 Cibosam.
940 2586 1022 2614 quam

793 2635 970 2663 XYLANDR‘I
991 2635 1033 2663 ET
1052 2635 1158 2664 GOARI

271 2691 326 2727 (77)
345 2690 457 2718 Βύκινον
471 2696 519 2719 aut
538 2692 672 2727 βούκινον,
691 2694 812 2727 buccina,
827 2699 870 2722 est
892 2702 1023 2722 corneum

233 2731 260 2754 et
276 2734 421 2753 recurvum
443 2732 666 2760 Instrumenlum,
683 2734 762 2756 vento
779 2730 805 2756 in
823 2730 903 2757 bellis
923 2730 1023 2758 inﬂau-

233 2763 310 2788 dum.
339 2761 432 2788 Dii‘i‘ert
455 2770 470 2788 a
497 2764 571 2794 tuba,
594 2772 653 2797 qum.
678 2765 766 2790 minor
805 2770 858 2795 est,
889 2771 916 2792 et
942 2765 1025 2792 Leoni

233 2797 367 2834 Corist.___7
397 2796 497 2834 dicitur
516 2796 624 2834 Ῠμικρδν
649 2799 791 2834 βούκινονπ
819 2801 930 2826 buccina
958 2808 1023 2827 vero

231 2832 309 2870 juxta
327 2831 449 2870 Nicetam
471 2833 497 2860 in
515 2831 799 2870 Mal-illalc'Comneno
812 2836 955 2870 ἐπιμήκης
970 2836 1021 2862 αὺ-

229 2868 288 2904 ιλῲν
302 2873 398 2904 «δομοις
418 2867 480 2894 ideo
496 2868 602 2903 μακρὸν
617 2868 684 2894 ὡσεὶ
700 2868 812 2903 βούκινα
832 2867 943 2904 scripsit
961 2872 978 2897 l.
993 2870 1021 2897 ὃ.

230 2903 306 2930 ἸΠηο
326 2903 464 2936 σάλπιγγα
489 2904 547 2931 sive
573 2903 701 2930 τοῦἣανιι
725 2904 833 2931 buccina
853 2903 953 2940 sal-pius
981 2905 1019 2932 di-

1077 2303 1175 2330 ἐαυτὸν
1188 2302 1420 2338 μετονομάσαντα.
1436 2303 1565 2330 Μάνεντα
1580 2303 1671 2331 τοίνυν
1687 2305 1735 2331 καὶ
1762 2305 1873 2332 Παῦλον

1076 2349 1124 2375 καὶ
1147 2347 1285 2383 Ἰωάννην,
1309 2348 1357 2374 καὶ
1391 2347 1489 2379 ἄλλους
1508 2347 1553 2380 οὒς
1565 2349 1613 2376 ἐάν
1629 2358 1672 2381 τις
1683 2350 1748 2387 εἴπῃ
1764 2351 1872 2383 αὐτοῖς,

1077 2395 1225 2432 προθύμως
1245 2394 1496 2430 ἁναθεματίζουσι·
1523 2396 1732 2424 Κωνσταντῖνον
1762 2397 1791 2424 δὲ
1824 2399 1873 2426 τὸν

1077 2443 1125 2469 καὶ
1153 2440 1283 2468 Σιλὸανδν
1311 2441 1505 2476 ἐπικληθέντα,
1540 2443 1589 2470 καὶ
1609 2443 1742 2479 Συμεῶνα
1760 2444 1807 2470 τδν
1824 2445 1873 2472 καὶ

1076 2489 1167 2519 Τῖτον,
1182 2487 1230 2515 καὶ
1242 2487 1367 2514 Γενέσιον
1384 2487 1430 2514 τὺν
1455 2487 1503 2515 καὶ
1532 2488 1677 2523 Τιμόθεον,
1697 2490 1745 2517 καὶ
1769 2490 1873 2526 Ἰωσὴφ

1077 2533 1125 2559 τδν
1151 2533 1200 2559 καὶ
1228 2532 1432 2566 Ἐπαφρόδιτον,
1455 2532 1503 2559 καὶ
1537 2533 1646 2569 Βαάνην
1673 2535 1718 2561 τὸν
1746 2535 1874 2570 ῥυπαρὰν

1078 2579 1125 2606 καὶ
1151 2579 1265 2614 Σέργιον
1284 2579 1331 2605 καὶ
1361 2578 1479 2614 Τυχικὺν
1499 2579 1538 2611 ὡς
1575 2580 1754 2613 διδασκάλους
1779 2581 1874 2608 αὐτῶν

1191 2635 1298 2663 NOTAE

1077 2696 1206 2723 stinctam
1237 2695 1320 2730 legas,
1347 2695 1474 2728 quamvis
1500 2694 1554 2722 Leo
1581 2696 1682 2723 citatus
1698 2696 1781 2722 etiam
1800 2695 1874 2723 hanc

1077 2739 1147 2766 cum
1159 2731 1386 2766 illarcoufundat.
1398 2739 1460 2757 cum
1472 2731 1511 2766 ait
1527 2731 1635 2765 signum
1661 2730 1718 2758 ﬁeri
1735 2732 1768 2766 τῇ
1787 2731 1875 2766 te.ng

1076 2767 1109 2798 ἣν
1123 2765 1170 2791 νῦν
1187 2765 1299 2799 λέγουσι
1316 2765 1451 2800 βούκινον.
1466 2764 1554 2792 ΟοΑη.

1115 2801 1171 2835 (78)
1190 2800 1280 2828 Locus
1305 2806 1346 2828 est
1369 2801 1493 2831 nullilus,
1519 2806 1547 2827 et
1572 2805 1599 2823 ut
1625 2808 1657 2827 ex
1687 2802 1873 2836 sequentibus

1077 2836 1173 2869 liquet,
1195 2837 1234 2862 sit;
1250 2836 1415 2870 legendum:
1435 2836 1592 2871 Simeonem
1612 2837 1739 2871 nomine.
1760 2836 1808 2863 sed
1823 2837 1873 2871 qui

1077 2879 1106 2898 ευ
1120 2870 1210 2897 Titum
1230 2869 1382 2904 nuncupari
1405 2871 1496 2897 vellet.
1515 2869 1582 2897 Post
1611 2870 1685 2899 hunc
1709 2869 1872 2904 Genesium,

1077 2906 1124 2939 qui
1141 2911 1230 2933 tamen
1245 2914 1275 2934 se
1292 2905 1477 2937 Timotheum,
1491 2911 1548 2933 etc.
1564 2905 1631 2933 XvL.
