2008 3149
255 178 307 211 831

900 176 1058 209 GEORGII
1082 175 1249 209 CEDRENI

1841 172 1892 207 832

254 236 351 264 salutis
363 239 466 271 partem
481 235 585 263 venire.
609 234 731 262 Cencilia
748 242 796 262 sua
818 234 969 263 Ecclesiam
994 243 1042 263 ca-

1097 233 1163 261 εἷναι
1182 235 1318 268 λέγοντες.
1345 232 1499 268 Καθολικὴν
1522 231 1695 268 Ἑκκλησέαν
1718 230 1754 257 τὰ
1791 231 1892 259 ἑαυτῶν

256 283 385 310 lholicam
402 282 547 309 nominant
561 281 587 308 in
601 280 659 308 suis
673 281 706 307 ad
723 289 772 308 nos
790 281 928 316 allegor‘iis
944 291 951 309 ε
969 282 1040 309 inter

256 337 285 356 se
295 329 367 356 enim
383 336 397 355 a
421 327 547 363 precibus
561 334 593 354 ea
615 328 783 362 present-has
812 329 958 363 appellant.
989 327 1040 355 Pro

257 374 394 409 baptismo
420 373 522 400 habent
538 373 620 400 verba
636 372 787 408 Evangelii,
817 374 880 407 quia
912 373 1041 401 Dominus

255 419 353 446 dixerit
367 426 397 446 se
418 425 480 446 esse
500 425 599 453 aquam
618 419 641 434 ‘°
659 419 759 446 vivam.
775 418 872 446 Omnia
888 419 944 446 haec
961 423 1042 454 atque

255 465 336 491 etiam
350 463 440 498 plura,
455 463 500 491 ubi
516 464 680 498 deprehensi
707 467 846 496 tenentur,
872 463 946 491 aliud
970 468 1041 491 tecte

255 509 474 544 signiﬁcantibus
505 509 596 536 verbis
624 509 666 544 (id
684 510 757 536 enim
773 517 841 536 voco
864 509 1041 544 allegoriam)

255 556 411 582 involvunt.
427 555 542 590 Oportet
567 559 656 582 autem
680 560 781 582 attente
807 559 835 582 ct
856 555 984 582 distincte
1009 555 1042 582 de

255 600 372 635 singulis
389 606 484 628 contra
499 600 547 628 eos
563 600 715 635 disputare.
740 600 807 628 Nam
829 605 857 628 et
881 601 989 628 mentiri
1009 600 1042 628 iis

256 647 283 673 in
300 651 426 681 promptu
445 650 498 679 est,
521 646 557 673 ita
580 646 731 673 ferentibus
747 647 867 680 ipsorum
885 647 999 681 legibus,
1015 650 1043 674 et.

256 700 318 719 cum
353 692 420 720 alias
451 699 569 726 semper,
600 695 656 718 tum
680 692 818 726 prtecipue
835 691 881 718 ubi
900 695 1041 726 urgentur,

257 737 400 764 mendacio
427 737 588 772 interposito
607 738 764 768 elabuntur,
783 737 950 765 alﬁrmautes
962 737 1042 772 quid-

256 783 322 817 quid
343 785 505 818 impcrctur.
525 783 619 817 Neque
637 784 673 810 ob
687 784 742 810 tale
758 783 930 810 mendacium
948 783 974 809 in
992 783 1042 809 ali-

257 835 310 861 qua
325 828 396 861 apud
415 835 482 855 suos
498 832 561 855 sunt
576 827 666 862 culpa.
690 828 753 863 quia
775 829 904 855 nimirum
932 828 984 856 hoc
1004 828 1044 855 fc-

257 874 295 900 cit
317 873 420 900 Manes.
438 873 462 900 Is
475 873 547 901 enim
563 873 631 900 dixit
661 881 714 900 non
736 881 765 900 se
781 873 958 900 inhumanum
982 880 1043 900 esse

259 920 347 946 instar
361 919 475 951 Christi,
492 919 611 947 dicentis
634 927 664 947 se
679 919 802 953 vicissim
818 927 866 947 eos
891 919 1041 954 abnegatu-

259 973 319 992 rum
338 973 352 991 a
368 965 467 998 quibus
482 964 577 992 fuisset
593 969 707 1000 negatus
718 966 759 993 ἰε
783 973 812 992 se
828 972 876 992 eos
890 965 936 999 qui
951 965 1040 999 ipsum

259 1017 351 1036 curam
370 1010 526 1037 hominibus
543 1009 646 1037 αἰποεεί
661 1011 779 1038 fuissent
796 1017 885 1045 eoque
900 1010 1043 1037 mendacio

259 1056 311 1083 silli
327 1056 442 1083 salutem
457 1056 661 1091 qumsivissenl,
685 1060 815 1090 tanquam
841 1064 894 1083 non
917 1056 1043 1084 ditfessos

259 1109 320 1128 cum
339 1101 437 1136 gaudio
457 1102 588 1137 recipere,
616 1102 876 1136 revocationemque
889 1105 916 1129 et
932 1103 1044 1129 menda-

260 1147 333 1173 cium
353 1154 408 1173 non
424 1147 510 1181 magis
536 1147 647 1181 culpare
664 1154 745 1181 quam
772 1147 794 1174 si
812 1147 900 1180 ipsum
927 1147 1044 1181 professi

262 1192 386 1220 fuissent.
402 1192 533 1219 Similiter
542 1196 631 1220 tamen
644 1192 766 1220 seniores
775 1197 803 1219 et
813 1193 970 1220 sacerdotes
982 1193 1045 1220 reli-

261 1246 331 1270 quos
357 1242 495 1265 nostrates
522 1242 696 1266 aversantur.
727 1238 797 1265 Suos
816 1239 1046 1273 peregrinationis

261 1284 339 1319 76],
359 1291 414 1312 sum.
439 1285 530 1312 socios
545 1289 644 1312 vocant
660 1289 687 1312 et
703 1284 844 1315 notarios;
861 1284 943 1320 hique
961 1292 975 1312 a
991 1293 1044 1313 cac-

263 1331 329 1357 ltfl'is
348 1331 420 1357 nulla
439 1337 552 1365 prorsus
566 1338 606 1363 re,
628 1338 683 1358 non
702 1331 808 1363 habitu,
828 1338 882 1357 non
899 1331 986 1358 victus
1002 1339 1046 1358 ra-

262 1376 345 1408 tione,
362 1384 415 1403 non
433 1377 537 1411 reliquo
559 1376 621 1404 vita
636 1381 767 1411 apparatu
783 1376 922 1404 diti‘erttut.
947 1377 1045 1404 Omnia

262 1421 399 1456 Evangelii
415 1426 442 1449 et
454 1422 577 1457 Apostoli
594 1422 666 1449 dicta
687 1423 788 1449 habent
816 1430 942 1457 perversa
955 1427 982 1450 et
996 1431 1046 1450 no-

263 1467 328 1493 stris
348 1468 493 1494 sententiis
519 1467 671 1500 contraria,
687 1469 722 1494 ab
749 1468 818 1501 ipsis
838 1468 875 1495 ita
893 1468 1046 1503 composita

268 1516 296 1538 ut
318 1513 363 1547 qui
391 1513 450 1540 suis
476 1520 507 1540 ea
534 1513 673 1541 erroribtts
701 1514 950 1542 accommodarent.
980 1514 1045 1542 Nam

263 1558 400 1592 quomodo
415 1566 446 1585 ea
463 1558 565 1593 scripta
591 1562 656 1585 sunt
682 1563 764 1593 atque
786 1564 896 1593 sonant,
915 1561 950 1586 ita
976 1559 1046 1594 apud

265 1603 339 1636 ipsos
367 1603 515 1636 habentur,
544 1603 610 1630 nihil
636 1611 749 1638 prorsus
764 1611 777 1630 a
798 1605 899 1632 nostris
920 1604 1046 1633 deﬂexa:

264 1650 310 1676 sed
325 1649 476 1676 sententias
492 1653 660 1683 pervertunt,
683 1649 755 1676 sicut
768 1649 832 1676 alibi
848 1650 959 1684 copiose
977 1654 1018 1678 est
1033 1658 1048 1677 a

266 1702 309 1721 me
329 1694 361 1721 de
376 1699 432 1722 tota
457 1695 507 1722 hac
524 1703 554 1722 re
577 1695 691 1723 dictum.
723 1696 853 1723 Nostrum
873 1695 1048 1731 Evangeliuut

265 1739 382 1766 adorant
406 1741 450 1767 ubi
470 1740 581 1768 occasio
609 1740 679 1772 tulit,
707 1741 830 1769 dicentes
854 1749 908 1769 non
925 1742 952 1769 in
967 1749 1050 1770 cruce

263 1793 325 1812 esse
339 1785 441 1812 Christi
458 1785 550 1818 verba,
569 1786 616 1813 sed
634 1787 659 1813 in
673 1786 754 1820 libro,
772 1787 887 1821 ideoque
904 1787 976 1814 hunc
990 1794 1005 1814 a
1020 1794 1049 1815 se

265 1830 381 1857 adorari.
403 1830 519 1863 Quidam
533 1838 566 1857 ex
588 1831 656 1865 ipsis
673 1839 734 1858 cum
751 1832 854 1860 morbis
872 1832 1050 1861 doloribusve

265 1880 436 1910 metuuntur,
462 1883 572 1904 crucem
600 1877 652 1904 sibi
679 1878 844 1911 imponunt;
871 1878 1050 1914 eamdemque

265 1924 371 1956 recepta
383 1922 500 1949 sanitate
516 1921 703 1957 confringunt,
720 1922 746 1949 iu
766 1923 854 1957 ignem
867 1923 1001 1959 abjiciunt
1016 1931 1048 1951 ac

264 1972 397 2000 cremant,
412 1972 460 1996 aut
476 1968 558 1995 etiam
570 1968 745 1995 conculcant.
770 1969 839 1995 Sunt
858 1969 928 1997 inter
941 1977 990 1997 eos
1002 1969 1048 2004 qui

266 2014 383 2041 infantes
408 2016 475 2042 suos
493 2021 507 2041 a
527 2014 630 2041 nostris
653 2015 820 2049 presbyteris
849 2015 981 2050 baptizari
999 2023 1049 2041 cu-

267 2065 337 2087 rent.
366 2060 419 2087 Alii
444 2061 472 2087 in
503 2064 626 2088 nostram
653 2061 869 2088 orthodoxorum
898 2061 1049 2089 Ecclesiam

264 2113 327 2132 cum
343 2106 468 2138 veniunt,
485 2106 596 2134 occulte
611 2106 827 2140 communicant,
845 2111 873 2134 ut
892 2115 925 2135 eo
942 2107 1050 2135 facilius

265 2152 480 2187 simplicioribus
494 2152 648 2186 imponant.
666 2151 828 2187 llnjusmodi
843 2153 948 2181 artibus
965 2160 997 2181 ac
1013 2154 1052 2181 si-

266 2195 462 2224 mu'ationibus
476 2196 493 2223 ii
511 2197 748 2231 utentes,interim
762 2198 865 2233 absque
877 2198 932 2226 ullo
947 2198 1050 2226 discri-

1092 281 1228 314 συνέδρια,
1245 280 1313 315 πρὸς
1332 280 1404 314 ἡμᾶς
1422 280 1450 306 ἐν
1462 281 1494 314 τῇ
1508 278 1663 314 ἀλληγορία
1678 275 1774 303 αὐτῶν
1797 276 1890 311 λέγον-

1091 335 1158 358 τεςο
1186 327 1254 362 πρὸς
1280 326 1393 357 ἑαυτοὺς
1423 325 1476 360 γὰρ
1508 325 1608 350 ἐκεῖνοι
1632 323 1797 358 προσευχὰς
1823 324 1893 350 αὐτὰ

1091 372 1213 406 λέγουσι.
1231 371 1378 405 Βάπτισμα
1399 370 1476 396 δὲτὰ
1501 371 1612 405 ῥήματα
1635 367 1687 394 τοῦ
1711 367 1891 401 Εὐαγγελίου,

1093 417 1183 449 καθώς
1194 425 1277 452 φησιν
1298 415 1311 442 ὸ
1328 416 1429 450 Κύριος
1442 423 1448 430 ·
1464 414 1536 448 Ἐγώ
1553 415 1613 448 ειμι
1627 413 1661 440 τὸ
1689 409 1767 447 ὕδωρ
1782 413 1812 439 τὸ
1829 411 1891 445 ζῶν.

1093 463 1186 491 Ταῦτα
1207 463 1305 494 πάντα,
1324 462 1371 488 καὶ
1382 460 1468 487 πλείω
1490 459 1606 492 τούτων,
1630 460 1679 485 ὅτε
1711 458 1891 492 φωραθῶσιν,

1093 509 1298 544 ἀλληγοροῦσιν.
1319 507 1400 535 Ἀλλὰ
1413 506 1466 542 χρὴ
1485 505 1619 540 νουνεχῶς
1632 505 1684 532 καὶ
1699 505 1890 540 διωρισμένως

1093 555 1185 586 αὐτοῖς
1210 555 1250 586 εἰς
1279 553 1368 580 πάντα
1396 552 1579 586 διαλέγεσθαι.
1608 549 1669 577 Καὶ
1695 550 1753 584 γὰρ
1786 550 1833 576 καὶ
1863 550 1892 576 τὸ

1093 601 1189 635 ψεῦδος
1198 599 1349 635 προχείρως
1362 598 1469 634 ἔχουσιν
1485 597 1522 628 ὼς
1539 597 1623 631 νόμον
1638 596 1758 627 οἰκεῖον,
1778 595 1891 621 πάντοτε

1096 646 1157 681 μὲν,
1173 646 1290 680 μάλιστα
1315 645 1343 671 δὲ
1355 645 1419 672 ὅταν
1442 643 1586 679 βιασοιτλσι,
1603 641 1822 676 διαψευδόμενοι
1848 641 1892 667 καὶ

1094 692 1218 725 λέγοντες
1246 691 1337 722 καθὼς
1364 691 1412 717 ἐὰν
1429 689 1639 725 προσταχθῶσιν
1663 687 1681 723 ἢ
1700 687 1891 722 προτραπῶσι,

1094 738 1255 773 ἀνέγκλητοι
1266 737 1340 769 ὅντες
1356 738 1420 771 παρ’
1436 737 1553 767 ἑαυτοῖς.
1579 734 1681 765 Οὕτως
1700 735 1757 769 γὰρ
1775 733 1788 759 ὁ
1800 734 1892 768 Μάνης

1094 784 1185 814 αὐτοῖς
1209 783 1379 817 παρέδωκεν,
1393 783 1434 808 ὅτι
1448 781 1507 808 Οὐκ
1533 781 1592 815 εἰμὶ
1619 777 1680 813 ἐγὼ
1708 778 1890 814 ἄσπλαγχνος,

1094 829 1188 863 φησὶν,
1200 830 1237 859 ὡς
1248 830 1261 855 ὁ
1275 829 1390 863 Χριστὸς
1404 829 1417 854 ὁ
1432 827 1515 854 εἰπών
1525 835 1532 842 ·
1555 826 1659 857 Ὅστις
1678 833 1713 861 με
1731 825 1890 860 ἀρνήσεται,

1095 876 1248 912 ἀρνήσομαι
1260 875 1339 901 αὑτὸν
1349 874 1437 908 κάγώ.
1458 870 1526 900 Ἀλλ’
1542 872 1598 907 ἐγὼ
1610 872 1700 906 λέγω,
1724 871 1779 898 Τοῦ
1796 873 1891 906 ἀρνου-

1096 922 1177 958 μένου
1194 930 1227 957 με
1239 920 1394 956 ἔμπροσθεν
1404 920 1457 945 τῶν
1476 918 1632 953 ἀνθρώπων
1659 918 1708 944 καὶ
1732 917 1772 952 τῷ
1802 917 1891 951 ψεύδει

1093 967 1143 1003 τὴν
1153 966 1256 993 οἰκείαν
1271 965 1407 1001 σωτηρίαν
1424 964 1618 999 ποριζομένου,
1637 963 1678 995 ὼς
1703 964 1742 998 μὴ
1761 962 1891 998 ἀρνουμέ-

1094 1023 1153 1046 νου,
1182 1013 1250 1048 μετὰ
1265 1013 1351 1048 χαρᾶς
1373 1011 1486 1047 δέχομαι
1521 1011 1568 1038 καὶ
1592 1011 1647 1044 τὴν
1677 1010 1830 1045 ἀνάκλησιν
1846 1010 1890 1036 καὶ

1095 1059 1125 1086 τὸ
1141 1059 1238 1094 ψεῦδος
1262 1058 1299 1090 ὡς
1326 1058 1374 1093 τὴν
1392 1058 1459 1093 πρὸς
1479 1057 1527 1092 ἐμὲ
1552 1056 1708 1091 ὁμολογίαν
1726 1055 1887 1087 ἀνευθύνως.

1101 1105 1215 1140 Ὁμοίως
1234 1104 1325 1139 μέντοι
1341 1104 1388 1130 καὶ
1402 1103 1465 1134 τοὺς
1481 1101 1695 1137 πρεσϐυτέρους
1713 1102 1764 1128 καὶ
1783 1101 1889 1129 λοιποὺς

1097 1150 1176 1185 ἱερεῖς
1192 1148 1245 1176 τῶν
1260 1148 1326 1183 παρ’
1341 1149 1406 1183 ἡμῖν
1427 1147 1641 1174 ἀποὸάλλονται.
1663 1145 1782 1173 Ἐκεῖνοι
1803 1143 1831 1172 δὲ
1844 1147 1888 1173 καὶ

1095 1196 1157 1227 τοὺς
1181 1195 1263 1232 ἱερεῖς
1285 1195 1383 1226 αὐτοὺς
1409 1192 1594 1228 συνεκδήμους
1623 1191 1739 1225 λέγουσι
1753 1191 1799 1217 καὶ
1814 1198 1890 1218 vota-

1097 1240 1182 1276 ρίους,
1214 1239 1377 1273 ἀδιαφόρους
1402 1239 1487 1264 πᾶσιν
1517 1238 1612 1269 αὐτοῖς
1651 1237 1736 1267 ὄντας
1755 1237 1801 1262 καὶ
1836 1237 1889 1266 τοῖς

1097 1286 1219 1321 σχήμασι
1233 1286 1281 1312 καὶ
1295 1285 1356 1315 ταῖς
1367 1283 1483 1315 διαίταις
1497 1283 1543 1310 καὶ
1560 1283 1639 1319 πάσῃ
1654 1283 1688 1318 τῇ
1717 1281 1762 1318 [Ρ.
1772 1280 1834 1317 455]
1844 1280 1887 1306 τοῦ

1097 1331 1191 1359 λοιποῦ
1218 1331 1275 1366 βίου
1301 1331 1468 1365 κατασκευῇ.
1495 1330 1605 1364 Ἔχουσι
1637 1329 1666 1355 δὲ
1682 1329 1773 1355 πάντα
1797 1329 1830 1354 τὰ.
1844 1326 1887 1353 τοῦ

1099 1377 1266 1412 Εὐαγγελίου
1284 1376 1394 1403 καὶτοῦ
1431 1375 1595 1402 ’Δποστόλου
1627 1375 1701 1410 ῥητὰ
1730 1373 1886 1409 διάστροφα,

1098 1423 1166 1458 πρὸς
1194 1422 1229 1448 τὰ
1253 1423 1318 1457 παρ’
1344 1422 1410 1456 ἡμῖν
1427 1420 1493 1447 ὄντα
1521 1419 1643 1452 ἐναντία,
1670 1419 1739 1454 παρ’
1758 1417 1847 1444 αὐτῶν
1861 1416 1887 1443 δὲ

1099 1468 1260 1495 συντεθέντα
1279 1467 1317 1499 ὡς
1332 1467 1411 1502 δῆοεν
1439 1465 1593 1501 ἁρμόζοντα
1618 1465 1681 1496 ταῖς
1709 1464 1825 1494 οἰκείαις
1843 1464 1887 1489 αἰ-

1098 1515 1151 1540 τῶν
1166 1514 1315 1549 αἱρέσεσιν.
1336 1513 1381 1544 Ὠς
1404 1512 1457 1548 γὰρ
1485 1511 1591 1546 εἴρηται
1607 1512 1643 1546 τῇ
1662 1511 1759 1546 Γραφῇ
1779 1509 1887 1539 καὶτοῖς

1098 1559 1198 1592 λόγοις,
1220 1558 1306 1590 οὕτως
1320 1558 1388 1584 εἰσὶν
1399 1557 1436 1589 ὡς
1450 1557 1495 1584 καὶ
1511 1557 1546 1582 τὰ
1567 1556 1635 1591 παρ’
1648 1556 1715 1591 ἡμῖν
1735 1554 1888 1589 ἀπαράλλα-

1100 1613 1161 1636 κτα,
1187 1604 1221 1630 τὰ
1240 1604 1268 1630 δὲ
1283 1604 1408 1638 νοήματα
1434 1601 1639 1636 διαστρέφουσι,
1663 1600 1757 1631 καθὼς
1788 1600 1816 1626 ὲν
1835 1599 1887 1629 τοῖ;

1099 1652 1142 1678 διὰ
1162 1651 1261 1682 πλάτος
1281 1651 1335 1686 (79)
1351 1658 1396 1684 μοι
1411 1649 1536 1676 λέλεκται
1553 1649 1618 1683 περὶ
1631 1647 1737 1673 τούτων
1755 1645 1883 1679 σαφέστε-

1102 1703 1158 1732 ρον.
1199 1696 1388 1731 Προσκυνοῦσι
1427 1694 1455 1721 δὲ
1476 1694 1505 1720 τὸ
1520 1694 1586 1728 παρ’
1612 1694 1682 1728 ἡμῖν
1718 1691 1886 1726 Εὐαγγέλιον,

1100 1743 1143 1769 ὅτε
1163 1742 1242 1778 τύχῃ.
1262 1742 1312 1768 οὐκ
1334 1742 1361 1767 ἐν
1372 1740 1411 1776 τῷ
1436 1739 1556 1775 σταυρῷ,
1572 1739 1630 1767 ἀλλ’
1660 1741 1691 1765 ὲν
1718 1739 1756 1774 τῷ
1786 1737 1886 1773 βιῦλίῳ,

1099 1788 1235 1822 λέγοντες,
1249 1788 1288 1814 ὅτι
1301 1788 1382 1822 Λόγοι
1398 1786 1445 1813 τοῦ
1459 1786 1577 1820 Χριστοῦ
1595 1786 1651 1812 είσι
1684 1785 1733 1812 καὶ
1759 1785 1802 1811 διὰ
1814 1784 1887 1810 τοῦτο

1100 1835 1192 1866 αὐτοῖς
1221 1832 1439 1868 προσκυνοῦμεν.
1465 1832 1509 1858 Ἐν
1540 1831 1672 1867 ἀσθενείᾳ
1691 1831 1721 1858 δὲ
1742 1831 1789 1856 καὶ
1817 1829 1886 1863 πόνῳ

1099 1879 1172 1911 τινὲς
1189 1879 1218 1910 ἐξ
1233 1878 1322 1905 αὐτῶν
1337 1879 1381 1906 ὅτε
1403 1877 1581 1914 περιπέσωσι,
1599 1877 1648 1904 τὸν
1665 1876 1782 1910 σταυρὸν
1805 1876 1886 1901 ἐπιτι-

1101 1925 1194 1952 θέασιν
1207 1925 1330 1956 ἑαυτοῖς*
1365 1922 1415 1951 καὶ
1457 1923 1562 1958 ὑγιείας
1592 1923 1776 1958 τυγχάνοντες
1811 1919 1885 1947 πάλιν

1101 1969 1182 1996 αὑτὸν
1199 1968 1338 2004 συγκλῶσι
1351 1969 1397 1996 καὶ
1412 1969 1453 2000 είς
1470 1969 1525 2005 πῦρ
1541 1968 1671 2004 βάλλουσι
1699 1969 1747 1995 καὶ
1770 1966 1885 1994 καίουσιν

1100 2014 1117 2049 ἦ
1135 2015 1340 2043 καταπατοῦσιν
1356 2015 1447 2042 αὐτόν.
1470 2015 1548 2047 Τινὲς
1561 2015 1588 2041 δὲ
1601 2015 1631 2047 ἐξ
1660 2014 1753 2041 αὐτῶν
1770 2012 1804 2039 τὰ
1827 2020 1886 2037 παι-

1100 2061 1158 2096 δίαῖ
1172 2062 1277 2090 ἑαυτῶν
1308 2061 1485 2097 βαπτίζουσιν
1505 2062 1558 2088 om
1578 2061 1633 2088 τῶν
1656 2060 1800 2096 ἡμετέρων
1824 2064 1886 2092 πρε-

1102 2107 1250 2143 σϐυτέρων.
1267 2104 1376 2143 Ἕτεροι
1390 2107 1419 2134 δὲ
1440 2107 1627 2143 εἰσερχόμενοι
1652 2107 1683 2133 ὲν
1713 2107 1746 2140 τῇ
1772 2102 1885 2139 ἡμετέρᾳ

1102 2153 1234 2189 ἐκκλησία
1264 2153 1318 2179 τῶν
1350 2153 1498 2189 όρθοδόξων
1524 2153 1676 2188 λεληθότως
1715 2148 1884 2186 μεταλαμόά-

1101 2207 1176 2225 νουσι
1188 2197 1244 2234 (80)
1257 2198 1325 2233 πρὸς
1339 2197 1450 2225 πλείονα
1473 2198 1642 2232 ἐξαπάτης-ιν
1652 2197 1710 2224 τῶν
1738 2193 1885 2223 ἁπλουστὲ-

265 2243 338 2270 mine
353 2247 380 2270 et
391 2247 465 2270 metu
483 2243 574 2270 omnis
585 2243 694 2278 generis
710 2243 816 2271 libidini
832 2247 860 2271 et
874 2244 1045 2272 obscoenitati

1102 2251 1167 2278 ρων.
1189 2243 1256 2275 Ταῖς
1280 2242 1421 2274 τοιαύταις
1455 2242 1608 2277 μεθοδεὶαις
1647 2242 1696 2269 καὶ
1729 2238 1884 2273 ὺποκρίσεσι

264 2293 375 2321 vacant,
398 2289 554 2324 promiscue
569 2293 716 2324 utrumque
740 2296 836 2317 sexum
858 2289 971 2318 lascivia
999 2297 1050 2317 sua

268 2336 414 2367 fumantes,
431 2335 542 2370 quando
557 2335 682 2363 nonnulli
700 2335 734 2363 de
752 2342 847 2363 eorum
866 2343 981 2371 corpore
992 2341 1052 2364 tau-

267 2388 323 2410 tum
343 2382 512 2418 parentibus,
532 2386 560 2410 et
584 2382 694 2417 quidem
712 2382 840 2418 prepriis,
855 2382 1049 2411 abstinendum

267 2438 297 2464 pe
302 2431 333 2462 rh
338 2430 422 2457 ihent.

300 2476 379 2503 Anno
395 2476 434 2507 16,
452 2475 601 2511 imperator
630 2475 658 2502 in
694 2475 820 2503 Slavmos
845 2475 1047 2510 expeditionem

267 2520 340 2554 fecit,
357 2521 508 2556 multisque
523 2520 611 2556 captis
627 2523 655 2547 et
666 2520 783 2554 imperio
797 2526 849 2547 suo
861 2519 984 2546 subactis
996 2519 1048 2546 do-

304 2610 324 2626 "
338 2609 416 2637 loau.
435 2618 471 2641 ιν,
488 2609 530 2636 10.
569 2609 590 2624 ¹¹
608 2607 702 2634 Matth.
715 2607 798 2640 x,35.

1102 2289 1249 2324 χρώμενοι,
1278 2288 1351 2323 πάσῃ
1377 2288 1511 2324 ἀκολασίᾳ
1538 2287 1585 2315 καὶ
1609 2287 1725 2323 μιασμῷ
1758 2284 1884 2318 ἑκατέρας

1103 2334 1255 2370 ἀνθρώπων
1271 2334 1378 2369 φύσεως
1395 2334 1548 2369 ἀδιαφόρως
1573 2334 1620 2361 καὶ
1648 2333 1736 2364 ἀδεῶς
1763 2330 1882 2366 χρῶνται-

1103 2380 1182 2411 Tt.vK
1194 2380 1222 2406 δὲ
1237 2380 1266 2413 ἐξ
1277 2380 1368 2406 αὐτῶν
1383 2380 1450 2415 πρὸς
1461 2381 1524 2412 τοὺς
1546 2381 1636 2414 γονεῖς
1652 2380 1701 2407 καὶ
1726 2378 1805 2414 μόνον
1826 2376 1885 2401 ἐαυ-

1102 2427 1156 2454 τῶν
1172 2426 1347 2461 διαφέρεσθαι
1358 2426 1477 2460 λέγουσι.

1138 2473 1183 2507 Τῷ
1199 2471 1234 2505 ις’
1247 2471 1302 2498 ἔτει
1325 2472 1542 2507 ἐπεστράτευσεν
1554 2473 1568 2499 ὁ
1582 2471 1708 2507 βασιλεὺς
1722 2469 1790 2497 κατὰ
1803 2466 1882 2494 Σκλα-

1104 2518 1187 2546 ϐίνων
1201 2519 1282 2555 (81.),
1298 2518 1347 2546 καὶ
1363 2518 1478 2550 πολλοὺς
1491 2518 1697 2555 αἰχμαλωτίσας
1711 2511 1880 2549 ὑπέστρεψενυ

824 2663 1000 2692 XYLANDRI
1020 2663 1064 2692 ET
1079 2661 1185 2692 GOARI
1213 2660 1331 2690 NOTIE.

305 2727 360 2760 (79)
376 2725 464 2753 Credo
479 2733 541 2752 eum
559 2725 674 2753 inuuere
690 2725 790 2760 librum
806 2724 925 2759 aliquem
944 2723 1052 2750 theolo-

269 2759 358 2796 gicuui
377 2767 431 2787 ase
446 2760 648 2794 conscriptum;
671 2761 718 2794 qui
734 2759 863 2796 fortassis
881 2766 933 2796 non
951 2765 1051 2796 magna

269 2793 330 2824 cum
352 2803 442 2823 rerum
460 2793 565 2828 jactura
582 2796 730 2821 intercidit.
749 2794 819 2827 Quid
843 2795 865 2820 si
883 2793 934 2820 fuit
949 2793 1051 2827 δογμα-

270 2833 333 2867 τιχὴ
348 2830 494 2867 πανοπλία,
509 2834 648 2867 armatura
666 2830 752 2863 (puto)
771 2833 866 2867 contra
879 2835 981 2867 pravas
992 2829 1052 2867 opi-

271 2862 367 2895 niones
385 2866 419 2893 de
440 2867 520 2893 rebus
535 2865 629 2895 sacris,
655 2872 715 2899 quae
730 2872 823 2898 supra,
839 2862 885 2894 ubi
904 2864 936 2889 de
959 2862 1052 2888 Malm-

272 2908 335 2930 mctt
349 2901 453 2930 deliriis
465 2905 567 2934 narrat,
582 2900 608 2927 in
621 2899 742 2934 margine
753 2900 863 2930 citetur,
878 2898 914 2924 ita
930 2899 1050 2932 quidem,

1104 2728 1133 2751 ut
1149 2723 1224 2758 plura
1243 2723 1276 2750 iis
1301 2729 1362 2757 qua:
1384 2721 1421 2749 ibi
1440 2720 1594 2748 referantur
1611 2719 1638 2746 in
1664 2718 1709 2746 illa
1727 2717 1765 2744 sis
1786 2715 1873 2742 inven-

1104 2757 1351 2828 3fi‘clt'u‘duut
1367 2791 1400 2828 ad
1418 2798 1538 2828 mensam
1555 2788 1729 2828 dominicam:
1747 2784 1816 2828 XtL.
1827 2816 1858 2828 ﬂ:

1140 2822 1197 2862 (81)
1218 2828 1305 2861 Supra
1319 2827 1344 2853 in
1362 2826 1513 2862 Justiniuni
1525 2833 1598 2862 anno
1615 2824 1643 2850 51
1666 2822 1795 2849 διίιιεινιιιι
1811 2824 1872 2845 scri-

1105 2860 1219 2896 Duutur,
1236 2860 1264 2890 ct
1284 2862 1383 2890 deinde
1400 2860 1557 2894 aliquoties.
1575 2860 1643 2886 Χιι..
