2008 3149
147 126 203 158 833

696 126 719 155 ll
726 124 849 155 lS'l‘Oltl
857 122 964 153 ARUM
983 123 1174 153 COMPENDI
1181 123 1247 153 ΗΜ.

1718 122 1770 155 835

146 180 232 212 Οὗτος
247 183 261 208 6
275 180 405 212 Κώνστας
421 181 458 217 μὴ
468 181 596 217 δυνηθεὶς
609 183 654 209 τὸν
669 182 746 215 ἆγιον
759 180 884 216 Μάξιμον
898 181 936 212 εἰς

992 187 1063 206 mum
1083 181 1174 206 rediit.
1196 180 1269 206 ldcm
1285 178 1422 206 Constans
1445 183 1542 207 sancto
1557 178 1685 211 Maximo.
1709 187 1771 208 cum

146 229 198 264 τὴν
213 228 311 256 ἑαυτοῦ
328 228 486 261 κακοδοξίαν
502 230 687 263 μετενεγκεῖν,
703 229 753 264 τήν
767 237 796 255 τε
812 228 937 263 γλῶσσαν

147 275 196 302 καὶ
209 275 258 308 τὴν
272 275 353 310 χεῖρα
367 273 450 300 αὐτοῦ
466 273 601 308 ἀπέκοψε.
615 275 669 300 Καὶ
683 274 728 300 τδν
742 275 819 308 ἆγιον
832 274 937 308 Μαρτῖ-

147 328 193 346 νον
205 320 299 345 παπαν
314 319 423 354 Ῥώμης
437 318 550 353 ἐξώρισε
562 319 608 345 διὰ
619 319 649 345 τὸ
661 319 819 354 ἐλέγχεσθαι
833 319 879 346 ὑπ’
890 319 937 346 αὑ-

147 366 203 392 τῶν
216 365 246 391 τὸ
264 364 442 400 μονοθὲλητον
457 364 540 391 αὐτοῦ
556 364 656 400 δόγμα.

185 452 228 488 Τῷ
244 452 277 485 ιζ’
300 453 356 479 ἔτει
375 453 483 485 Μαϐίας
498 454 512 480 6
525 454 579 481 τῶν
595 454 718 490 Ἀράϐων
733 454 853 490 ἀρχηγὸς
869 455 938 490 μετὰ

146 499 235 526 ταῦτα
253 499 404 533 ἐπρέσϐευε
421 500 485 535 περὶ
501 501 613 536 εἰρήνης
629 501 695 536 πρὸς
711 501 877 528 Κώνσταντα
894 502 938 529 διὰ

147 545 197 579 τὴν
209 546 249 576 εἰς
263 545 344 572 αὑτὸν
356 547 504 582 γενομένην
517 547 571 573 ὑπὸ
582 547 635 574 τῶν
644 548 768 585 Ἀράϐων
779 549 937 584 ἀνταρσίαν,

149 592 197 617 καὶ
213 591 256 618 ἵνα
269 591 382 618 τελῶσιν
395 593 465 628 ὑπὲρ
479 594 528 628 τῆς
539 594 667 630 τοιαύτης
680 595 791 630 εἰρήνης
804 596 859 627 τοῖς
873 595 938 622 Ῥω-

150 638 242 671 μαὶοις
258 638 283 663 οἱ
294 638 413 673 ’Ἄραϐες
429 639 489 666 καθ’
502 640 609 675 ἡμέραν
626 639 783 675 νομίσματα
801 641 873 675 χίλια
891 640 939 666 καὶ

149 683 234 708 ἵππον
247 683 295 709 καὶ
310 683 414 710 δοῦλον.
430 685 458 710 '0
473 684 501 710 δὲ
516 685 566 711 οὐκ
582 685 707 720 ἐπείσθη.

187 728 231 763 Τῷ
247 732 281 764 ιη’
304 729 357 755 ἔτει
379 730 467 756 ἀνεῖλε
484 730 614 762 Κώνστας
629 731 643 757 6
659 730 785 765 βασιλεὺς
800 730 939 758 Θεοδόσιον

149 774 196 800 τὸν
218 775 283 801 ἴδιον
304 775 436 810 ἀδελφόν·
457 775 698 811 σκανδαλιζόμενος
720 777 773 811 γὰρ
796 777 835 806 είς
858 777 939 803 αὑτὸν

150 821 240 855 ἔκειρε
258 820 392 856 πρότερον
409 821 490 848 αὑτὸν
506 821 550 848 διὰ
569 821 675 848 Παύλου
693 821 864 857 πατριάρχου
881 822 938 849 διά-

150 872 238 894 κονον.
259 863 288 895 ὃς
311 865 357 890 καὶ
379 865 514 899 μετέδωκε
535 866 573 901 τῷ
596 865 703 901 βασιλεῖ
722 866 776 892 τῶν
797 866 939 902 ἀχράντων

152 908 310 942 μυστηρίων
325 909 354 934 ὲν
368 909 438 944 ἁγίῳ
453 910 586 945 ποτηρίῳ.
600 911 646 943 ’⁸ος
665 911 733 946 μετὰ
748 911 798 946 τὴν
811 911 940 946 τελευτὴν

150 952 234 979 αὐτοῦ
253 953 315 980 καθ’
329 953 431 985 ὖπνους
449 955 554 990 συχνῶς
569 956 694 990 ἐφαίνετο
710 956 800 992 αὐτῷ,
815 956 939 983 διακόνου

151 998 244 1032 φορῶν
256 999 361 1034 στολὴν,
374 1000 420 1026 καὶ
432 1000 566 1031 ἐπιδιδοὺς
579 1001 707 1036 ποτήριον
720 1001 835 1037 αἵματος
847 1002 922 1036 ἔλεγε
931 1010 938 1018 ·

153 1044 214 1075 lita,
226 1040 249 1070 ὦ
261 1044 368 1079 ἀδελφέ.
378 1044 458 1071 Ὅθεν
471 1046 627 1081 ὲκκακήσας
638 1047 651 1073 ὁ
663 1046 766 1082 ἄθυμος
777 1047 864 1074 ταῦτα
875 1048 940 1083 ὑρᾷν

152 1090 287 1124 ἐσκέψατο
301 1091 442 1118 κατελθεῖν
455 1091 484 1118 ἐν
497 1092 615 1128 Σικελίᾳ.
629 1093 793 1120 Καταλιπὼν
806 1092 854 1121 οὖν
865 1094 894 1120 ὲν
906 1095 939 1129 τῇ

152 1136 230 1162 πόλει
241 1136 291 1170 τήν
305 1144 333 1163 τε
347 1137 461 1171 γυναῖκα
475 1137 522 1164 καὶ
534 1138 597 1170 τοὺς
608 1139 682 1173 τρεῖς
696 1139 782 1172 υἱοὺς,
796 1140 842 1166 καὶ
855 1140 940 1166 εισελ-

153 1181 207 1207 θὼν
222 1183 262 1214 είς
275 1182 323 1208 Eva
337 1183 391 1209 τῶν
405 1182 552 1218 δρομώνων
566 1184 614 1212 καὶ
629 1185 778 1221 ἀναχωρῶν
787 1204 795 1218 ,
810 1185 940 1221 στραφεὶς

153 1229 285 1256 ἑνέπτυσε
300 1231 332 1264 τῇ
352 1229 530 1268 βασιλευούσῃ
547 1231 634 1263 πόλει,
650 1232 696 1259 καὶ
711 1232 796 1265 οὕτως
812 1233 939 1262 ἀπέπλει.

153 1273 225 1303 ’Λλλ’
235 1275 296 1303 οὐδὲ
310 1275 354 1311 [Ρ.
370 1275 434 1312 456]
450 1277 478 1303 ὲν
492 1276 603 1313 Σικελίᾳ
619 1277 783 1313 διατρίϐοντι
801 1280 910 1314 ἀπέπτη
927 1280 941 1305 ὁ

154 1321 258 1355 ὄνειρος
275 1321 322 1348 ἀπ’
335 1321 427 1349 αὑτοῦ.
441 1322 611 1350 Καταλαϐὼν
626 1324 654 1350 δὲ
673 1324 850 1360 Συράκουσαν
865 1325 942 1352 πόλιν

155 1368 204 1402 τῆς
219 1368 343 1399 Σικελίας
357 1368 489 1404 διέτριϐεν
501 1370 530 1396 ὲν
542 1370 622 1405 αὐτῇ,
636 1370 795 1406 βουλόμενος
808 1372 837 1398 ὲν
848 1371 941 1408 Ῥώμῃ

153 1413 203 1446 τὴν
224 1412 362 1446 βασιλείαν
385 1415 554 1449 μεταστῆσαι
575 1415 618 1444 διὰ
638 1416 669 1442 τὸ
692 1416 839 1451 μισηθῆναι
860 1417 941 1444 αὑτὸν

154 1458 207 1484 ὑπο
223 1459 278 1484 τῶν
295 1459 448 1492 Βυζαντίων
463 1459 500 1492 ὡς
515 1461 704 1496 Μονοθελὴτην
721 1462 767 1488 καὶ
786 1463 940 1497 κακόδοξον.

155 1503 263 1538 Πέμπει
281 1501 326 1531 οὖν
341 1505 455 1539 ἀγαγεῖν
469 1506 518 1539 τὴν
533 1508 649 1540 γυναῖκα
663 1507 710 1533 καὶ
725 1507 787 1539 τοὺς
803 1508 877 1540 υἱοὺς
891 1508 941 1537 αῡ-
956 1517 977 1547 c

155 1549 201 1575 τοῦ
214 1557 220 1564 ·
236 1549 261 1576 οἱ
276 1550 305 1576 δὲ
320 1549 461 1583 Βυζάντιοι
475 1552 525 1578 οὐκ
539 1552 676 1579 ἀπέλυσαν
690 1553 799 1585 αὐτούς.

189 1639 235 1673 Τῷ
249 1642 296 1672 κς¹
311 1639 365 1666 ἔτει
386 1639 502 1666 ἀπέλυσε
517 1640 627 1671 Mutila;
640 1640 685 1667 τὸν
699 1641 756 1668 υίὺν
769 1641 851 1668 αὐτοῦ
863 1642 942 1678 Ἑζὴδ

157 1685 226 1720 μετὰ
242 1685 392 1721 Βαρϐάρων
407 1686 511 1712 πολλῶν
525 1686 596 1712 κατὰ
610 1687 753 1721 Ῥωμαίων
765 1695 772 1702 ·
790 1688 836 1714 καὶ
853 1688 942 1714 ἐλθόν-

154 1738 201 1761 τες
219 1731 258 1761 είς
274 1730 434 1764 Χαλκηδόνα
451 1729 664 1766 ῂχμαλώτευσαν
678 1731 804 1762 πολλούς.
821 1732 942 1768 Παρέλα-

155 1776 203 1802 σον
217 1776 244 1802 δὲ
261 1776 307 1803 καὶ
320 1776 493 1811 τὸᾊμὼριον
507 1776 555 1812 τῆς
569 1777 699 1812 Φρυγίας,
716 1779 761 1804 καὶ
776 1779 891 1811 ἀφέντες
902 1781 942 1812 είς

157 1822 281 1857 φυλακὴν
296 1822 378 1849 αὐτοϋ
394 1822 514 1857 χιλιάδας
530 1823 610 1850 πέντε
626 1823 725 1858 ἄνδρας
740 1824 868 1856 ἐνόπλους
896 1825 942 1851 ἀν-

157 1868 284 1904 έκαμψαν
297 1869 336 1899 είς
345 1868 454 1903 Συρίαν.
467 1868 642 1904 Χειμῶνοςδὲ
652 1869 798 1902 γενομένου
812 1869 916 1904 πέμπει
928 1872 942 1897 ὁ

157 1913 285 1948 βασιλεὺς
305 1913 350 1940 τὸν
371 1913 593 1949 κουϐικουλάριον
607 1913 744 1949 Ἀνδρέαν.
767 1914 822 1941 Καὶ
842 1913 942 1950 πολλῆς

155 1959 238 1995 obs-ty;
256 1960 343 1994 χιόνος
360 1960 388 1985 ἐν
403 1959 481 1986 νυκτὶ
497 1960 714 1995 καταλαμϐάνει,
732 1961 779 1987 καὶ
795 1961 839 1987 διὰ
856 1961 942 1994 ξύλων

156 2005 300 2040 ἀνέρχεται
314 2005 360 2031 ἐπὶ
374 2004 404 2031 τὸ
417 2005 514 2040 τεῖχος,
529 2005 577 2031 καὶ
591 2005 743 2040 εἰσέρχεται
758 2006 797 2037 είς
811 2005 841 2032 τὸ
850 2005 942 2041 Ἀμώ-

157 2060 224 2086 ριον,
240 2052 286 2077 καὶ
301 2051 400 2077 κτείνει
412 2052 461 2083 τὰς
476 2051 556 2078 πέντε
571 2051 692 2086 χιλιάδας
706 2051 892 2087 τῶνἋράϐων
904 2052 942 2085 ὡς

157 2097 195 2130 μὴ
211 2095 406 2129 ὑπολειφθῆναι
421 2095 469 2122 ἕνα
483 2095 512 2128 ἐξ
526 2096 624 2124 αὐτῶν.

191 2140 238 2176 Τῷ
257 2140 296 2173 κζ’
313 2140 368 2166 ἔτει
391 2140 569 2176 ἐδολοφονήθη
586 2142 599 2167 ὸ
621 2140 748 2176 βασιλεὺς
766 2139 895 2173 Κώνστας
912 2141 942 2168 ὲν

988 233 1049 252 eum
1064 225 1095 252 ad
1116 233 1207 260 prava:
1223 226 1366 254 sententia:
1382 226 1541 254 sOcietatem
1558 226 1708 260 perducere
1724 233 1772 253 ne-

988 270 1089 306 quiret,
1125 271 1246 305 linguam
1280 272 1360 307 762
1391 276 1417 298 ct
1442 279 1551 298 manum
1576 271 1713 304 abscidit;
1741 279 1774 299 ac

987 321 1115 344 sanctum
1142 317 1290 344 Martii-unt
1317 317 1410 344 Romae,
1439 318 1597 352 episcopum
1632 317 1772 353 relegavit.

989 362 1080 391 Causa
1096 363 1295 398 indignationis
1313 363 1340 390 in
1365 367 1511 397 utrumque
1541 363 1592 390 fuit
1620 363 1773 398 improbata

989 407 1245 437 Monotbeletarum.
1260 409 1304 436 cui
1318 409 1376 444 ipse
1392 409 1507 440 fst'ebat,
1523 409 1666 437 sententia.

1023 455 1104 484 Anno
1129 455 1163 481 l7
1187 454 1291 482 lllabias
1306 455 1426 485 Arabum
1448 456 1575 490 princeps
1592 463 1704 483 suorum
1729 463 1774 484 se-

988 499 1092 528 ditione
1116 501 1288 536 compulsus,
1306 502 1339 528 de
1355 509 1420 536 pace
1444 501 1560 528 ineunda
1586 501 1620 528 ad
1638 502 1774 530 Constan-

989 551 1042 574 tent
1069 546 1152 578 misit,
1183 546 1242 581 cjus
1276 547 1352 581 pacis
1376 547 1486 574 nomine
1510 547 1536 573 in
1567 547 1688 582 singulos
1715 548 1774 576 dies

989 592 1023 618 ab
1036 591 1168 620 Arabibus
1180 592 1253 619 mille
1263 600 1389 620 nummos
1397 592 1547 628 depensum
1557 592 1588 618 iri
1601 593 1772 626 promittens.

989 641 1015 664 et
1032 644 1132 670 equum
1149 642 1175 663 et
1191 644 1313 666 servum.
1330 636 1428 664 Verum
1453 637 1478 664 id
1498 636 1633 664 Constans
1651 645 1704 664 non
1729 639 1774 665 ud-

990 683 1075 710 misit.

1027 728 1105 754 Anno
1136 728 1169 756 18
1209 727 1347 755 Constans
1374 735 1532 762 germanum
1555 737 1634 756 suum
1664 729 1774 756 fratrem

990 775 1173 803 Theodosium
1192 776 1339 807 interfecit,
1355 783 1417 802 cum
1434 776 1545 811 quidem
1572 780 1635 803 ante
1651 777 1774 804 otIcnsus

990 820 1024 847 ab
1034 827 1067 847 eo
1081 827 1165 855 opera
1182 820 1259 847 Pauli
1275 820 1439 855 patriarcha:
1458 825 1568 848 tonsum
1587 820 1696 848 diaconi
1717 829 1777 847 mu-

990 874 1057 894 nere
1086 866 1235 900 ati‘ccisset,
1266 868 1300 894 ab
1337 875 1426 902 eoque
1457 867 1516 901 ipse
1555 872 1651 894 sancto
1680 868 1777 901 pot-uio

991 912 1178 939 sacrosanctis
1207 912 1346 948 mysteriis
1363 913 1519 947 impertitus
1537 912 1648 940 fuisset.
1671 912 1695 944 is
1711 919 1778 946 ergo

991 958 1164 986 Theodosius
1187 966 1202 986 a
1231 963 1322 986 ntorte
1356 966 1404 989 sua
1435 958 1577 989 Constanti
1606 959 1705 987 crebro
1728 966 1778 993 pt-r

990 1003 1108 1038 quietem
1129 1004 1205 1031 visus
1220 1007 1273 1036 est,
1293 1003 1387 1031 babitu
1409 1003 1532 1036 diaconi,
1558 1004 1685 1038 poculum
1715 1012 1779 1035 san-

991 1050 1072 1084 guine
1084 1051 1195 1085 plenum
1213 1050 1355 1085 porrigens
1368 1055 1449 1084 atque
1462 1051 1555 1077 dicens
1567 1058 1575 1077 :
1586 1050 1663 1081 Bibe,
1679 1050 1775 1077 frater.

991 1095 1055 1130 Ejus
1071 1096 1122 1123 visi
1143 1096 1293 1123 acerbitate
1306 1095 1395 1123 victus
1407 1095 1501 1123 infelix
1516 1096 1665 1130 imperator
1680 1097 1776 1123 statuit

990 1141 1019 1169 in
1032 1141 1154 1169 Siciliam
1168 1142 1253 1169 abire.
1269 1141 1362 1177 Itaque
1376 1142 1402 1168 in
1416 1141 1484 1174 urbe
1497 1141 1655 1176 relinquens
1664 1149 1775 1168 uxorem

990 1191 1018 1214 et
1035 1189 1090 1214 tres
1107 1185 1176 1214 ﬁlios
1193 1186 1314 1214 celocem
1339 1186 1519 1219 conscendit;
1534 1193 1651 1221 cumque
1675 1187 1777 1214 solvis-

991 1235 1043 1263 set.
1059 1239 1209 1259 conversus
1218 1236 1293 1259 retro
1302 1231 1396 1258 urbem
1407 1230 1513 1266 imperii
1529 1231 1620 1258 sedem
1636 1232 1774 1266 conspuit.

991 1277 1043 1304 Sed
1061 1285 1095 1304 ne
1108 1278 1136 1304 in
1153 1277 1247 1304 Sicilia
1262 1277 1375 1312 quidem
1400 1277 1568 1304 insomnium
1586 1277 1651 1304 illud
1678 1285 1778 1305 vexare

992 1322 1172 1351 Constantem
1190 1322 1285 1351 desiit.
1304 1323 1459 1358 Syracusas
1474 1322 1527 1349 sibi
1539 1322 1649 1357 delegit,
1668 1323 1713 1350 ubi
1735 1323 1778 1350 vi—

993 1374 1049 1396 tam
1076 1372 1177 1404 ageret.
1199 1367 1303 1395 Statuit
1316 1368 1459 1402 imperium
1476 1367 1589 1395 Romam
1614 1369 1776 1402 transferre,

992 1422 1054 1442 cum
1081 1415 1186 1442 invisus
1214 1414 1352 1449 Byzantiis
1372 1418 1446 1442 esset
1470 1413 1506 1440 ob
1531 1413 1776 1443 Monotlteletarum

993 1460 1109 1488 bteresin
1126 1460 1250 1494 aliasque
1276 1467 1376 1494 pravas
1404 1459 1438 1487 de
1463 1459 1594 1494 religione
1616 1460 1776 1488 sententias.

993 1505 1144 1540 Misitergo
1171 1504 1252 1542 763
1280 1504 1327 1539 qui
1361 1511 1474 1533 uxorem
1505 1509 1530 1531 et
1562 1505 1666 1532 liberos
1693 1506 1779 1532 abdu-

993 1555 1087 1580 cerent
1106 1560 1113 1578 :
1130 1551 1178 1578 sed
1209 1551 1280 1580 banc
1301 1558 1364 1578 cum
1388 1550 1483 1579 liberis
1511 1550 1632 1585 Byzantii
1652 1551 1778 1578 detinue-

992 1601 1066 1625 'unt.

1028 1644 1107 1670 Anno
1127 1642 1161 1672 26
1183 1643 1289 1672 Mablas
1299 1642 1384 1671 filium
1409 1650 1489 1671 suum
1507 1642 1615 1670 izcdum
1636 1651 1697 1671 cum
1723 1651 1779 1671 ma-

993 1689 1053 1724 gnis
1066 1689 1242 1717 barbarorum
1265 1689 1352 1722 copiis
1379 1687 1513 1716 adversus
1528 1688 1665 1716 Romanos
1693 1689 1777 1717 ιιιίοίι.

994 1735 1025 1765 lli
1041 1743 1101 1762 cum
1124 1735 1264 1763 venissent
1284 1733 1496 1766 Cbalcedonem,
1529 1735 1629 1763 multos
1656 1736 1779 1770 captivos

993 1781 1173 1810 abduxerunt.
1190 1780 1273 1807 Potiti
1282 1781 1365 1808 etiam
1384 1784 1448 1807 sunt
1464 1781 1575 1808 Amorio
1597 1781 1719 1815 Phrygiae
1732 1789 1778 1807 Ill"-

995 1823 1026 1850 be
1044 1831 1051 1854 ;
1068 1824 1158 1856 ibique
1170 1830 1218 1856 pro
1236 1822 1365 1857 praesidio
1383 1822 1485 1850 relictis
1512 1822 1565 1849 600
1575 1824 1689 1850 armatis
1715 1824 1779 1850 viris

995 1868 1021 1895 in
1038 1868 1144 1903 Syriam
1161 1868 1309 1895 redierunt.
1335 1867 1431 1895 Hieme
1449 1867 1521 1896 facta
1540 1867 1689 1902 imperator
1720 1869 1778 1895 Λιι-

993 1914 1086 1941 dream
1107 1913 1303 1940 cubicularium
1321 1913 1414 1945 mittit,
1432 1921 1492 1940 cum
1506 1915 1551 1940 nix
1571 1914 1687 1948 plttritua
1702 1914 1776 1948 jace-

994 1963 1044 1987 ret.
1058 1959 1084 1988 Is
1109 1964 1189 1985 noctu
1208 1966 1255 1993 per
1281 1959 1353 1994 ligna
1369 1960 1395 1986 in
1417 1966 1525 1987 murtmt
1551 1958 1642 1986 evadit
1663 1959 1778 1991 Amor-ii,

994 2006 1142 2039 urbemque
1153 2012 1290 2039 occupans
1308 2004 1450 2033 occidione
1469 2005 1623 2039 praesidium
1638 2005 1776 2038 interficit,

995 2057 1028 2082 ne
1041 2059 1096 2079 uno
1112 2050 1222 2085 quidem
1240 2050 1273 2079 de
1289 2050 1342 2078 600
1357 2050 1419 2081 istis
1437 2052 1596 2086 superstite.

1028 2137 1107 2167 Anno
1130 2137 1164 2164 27
1188 2138 1336 2173 imperator
1361 2137 1499 2169 Constans
1511 2137 1656 2173 Syracusis
1671 2138 1696 2164 in
1722 2139 1778 2165 bul-

154 2186 317 2222 Συρακούσῃ
333 2185 383 2221 τῆς
400 2185 524 2217 Σικελίας
535 2206 542 2219 ,
559 2187 587 2213 ὲν
602 2186 640 2221 τῷ
659 2186 792 2222 βαλανείῳ
806 2186 820 2213 ὃ
831 2186 940 2221 λέγεται

994 2190 1056 2216 nec,
1077 2183 1121 2210 cui
1138 2182 1250 2219 Daphne
1262 2190 1375 2216 nomen,
1396 2183 1558 2211 interficitur
1572 2183 1644 2213 dolo.
1663 2185 1778 2219 Quidtutt

154 2233 259 2267 Δάφνη.
278 2232 439 2266 Συνειοῆλθε
461 2232 515 2267 γάρ
532 2241 575 2263 τις
593 2232 667 2267 αὐτῷ
684 2232 820 2268 Ἀνδρέας,
841 2232 886 2260 καὶ
906 2232 943 2264 ὡς

154 2279 258 2314 ἡρξατο
279 2277 432 2313 σμήχεσθαι
450 2278 464 2304 6
481 2277 625 2313 βασιλεὺς,
643 2278 759 2305 δέδωκεν
776 2279 856 2305 αὐτὸν
874 2278 943 2316 μετὰ

154 2324 203 2351 τοῦ
220 2323 316 2350 κάδδου
333 2322 406 2349 κατὰ
419 2323 468 2357 τῆς
482 2323 604 2358 κορυφῆς
619 2323 666 2349 καὶ
680 2324 835 2350 ἀπέκτεινε.
851 2322 902 2351 Τὸν
915 2323 944 2350 δὲ

155 2367 273 2394 Θάνατον
287 2367 369 2394 αὐτοῦ
384 2366 540 2402 αὐθημερὸν
554 2367 673 2402 ἡκουσαν
687 2369 716 2394 έν
730 2369 763 2403 τῇ
779 2367 867 2400 πόλει,
885 2377 944 2403 φω-

154 2414 207 2447 νῆς
226 2414 258 2439 ἐκ
276 2413 323 2440 τοῦ
342 2413 423 2448 ἀέρος
444 2412 611 2448 ἐνεχθείσης.
630 2413 684 2439 Καὶ
704 2413 900 2448 προϐάλλονται
919 2414 944 2440 ot

155 2458 337 2495 Συρακούσιοι
351 2457 477 2492 Μιζίξιον
493 2459 635 2494 ’Δρμένιον
648 2459 771 2494 βασιλέα,
784 2459 944 2494 βιασάμενοι

154 2506 250 2538 αὑτὸν,
265 2505 329 2533 ὄντα
343 2505 403 2532 λίαν
417 2505 544 2541 εὐπρεπῆ
559 2505 607 2533 καὶ
620 2506 796 2541 ὡραιότατον.
811 2505 945 2538 Ἀκούσας

153 2553 186 2580 δὲ
208 2553 414 2584 Κωνσταντῖνος
435 2552 486 2588 τὴν
506 2552 554 2579 τοῦ
575 2552 679 2588 πατρὸς
702 2552 852 2579 ἀποϐίωσιν
877 2553 945 2588 μετὰ

156 2599 289 2634 πλείστης
300 2599 460 2630 ναυστολίας
472 2598 676 2633 καταλαμϐάνει
689 2598 738 2632 τὴν
750 2597 886 2630 Σικελίαν,
898 2598 945 2624 καὶ

156 2645 284 2677 Μιζῐζιον
297 2645 405 2681 ἀναιρεῖ
417 2645 467 2671 σὺν
478 2644 518 2679 τῷ
533 2644 608 2679 φονεῖ
619 2643 666 2670 τοῦ
682 2643 747 2670 Ιδίου
761 2643 876 2678 πατρός.
891 2643 946 2672 Καὶ

159 2691 336 2726 καταστήσας
351 2691 386 2718 τὰ
401 2690 531 2727 Ἐσπέρια
539 2690 586 2717 ἐπὶ
595 2688 883 2717 Κωνσταντινούπολιν
897 2688 945 2724 ἐρ-

157 2745 250 2772 χεται,
266 2737 437 2772 ἀποκομίσας
453 2737 500 2764 καὶ
514 2737 560 2764 τδν
575 2736 670 2772 νεκρὸν
683 2735 731 2762 τοῦ
748 2735 815 2762 ἰδίου
830 2734 944 2770 πατρός.

161 2784 216 2810 Καὶ
235 2782 330 2810 τοῦτον
348 2783 398 2819 μὲν
417 2784 447 2810 ὲν
464 2781 502 2818 τῷ
519 2781 576 2819 ναῷ
593 2781 647 2809 τῶν
661 2781 759 2815 ’Δγίων
774 2780 946 2808 Ἀποστόλων

161 2830 230 2864 μετὰ
246 2829 453 2857 Κωνσταντίνου
470 2829 518 2856 τοῦ
536 2828 638 2864 πατρὸς
657 2827 739 2855 αὐτοῦ
757 2827 944 2862 κατατίθησιν,

994 2228 1067 2254 enim
1084 2226 1208 2257 Andreas
1223 2227 1348 2255 balneum
1358 2235 1411 2255 una
1423 2228 1562 2262 ingressus
1575 2228 1777 2263 imperatorem,

995 2273 1059 2302 dum
1076 2274 1100 2301 is
1114 2281 1144 2300 se
1160 2278 1264 2311 tergere
1282 2274 1388 2308 incipit.
1406 2275 1475 2300 cado
1493 2274 1613 2309 graviter
1633 2275 1715 2309 capiti
1738 2275 1780 2301 ina

995 2318 1069 2347 flicto
1089 2324 1180 2346 necat.
1197 2318 1233 2346 De
1258 2323 1345 2346 morte
1374 2319 1543 2352 Constantis,
1570 2327 1600 2347 ca
1636 2320 1693 2355 ipsa
1725 2328 1778 2355 qua

994 2364 1147 2391 exstinctus
1161 2369 1202 2392 est
1219 2364 1274 2398 die,
1298 2365 1325 2391 in
1352 2365 1419 2392 urbe
1434 2366 1572 2400 cognitum
1593 2370 1635 2393 est
1661 2373 1727 2393 voce
1746 2373 1778 2393 ex

995 2420 1058 2440 aere
1075 2412 1175 2440 delata.
1200 2411 1367 2448 Syracusani
1383 2412 1518 2440 Mizizium
1547 2412 1705 2440 Armenium
1730 2421 1780 2440 tm-

996 2462 1152 2492 peratorem
1174 2463 1279 2490 creant,
1307 2458 1423 2485 invitum
1449 2458 1558 2493 quidem
1583 2462 1610 2486 et
1639 2466 1687 2493 per
1713 2459 1779 2485 vim.

996 2503 1058 2531 Fuit
1072 2504 1094 2531 is
1126 2504 1206 2532 homo
1221 2505 1300 2540 longe
1327 2505 1571 2539 prmstanlissimus
1590 2504 1687 2532 forma.
1709 2503 1782 2531 Cou—

996 2550 1134 2577 stantinus
1151 2553 1239 2577 morte
1255 2550 1340 2584 patris
1366 2549 1408 2576 sui
1435 2549 1546 2584 cognita
1572 2557 1634 2576 cum
1663 2550 1779 2577 maxima

996 2596 1085 2624 classe
1106 2595 1226 2624 Siciliam
1256 2602 1384 2630 occupat,
1405 2595 1540 2622 Mizizium
1566 2601 1593 2623 ct
1616 2596 1701 2630 patris
1727 2603 1781 2623 una

999 2648 1191 2676 percussorem
1211 2642 1352 2674 interticit,
1374 2641 1510 2676 rebusque
1539 2641 1695 2669 Occidentis
1716 2649 1783 2669 con-

996 2688 1101 2715 stitutis
1116 2687 1274 2722 Byzantium
1288 2688 1368 2720 redit,
1385 2688 1467 2714 allato
1483 2695 1575 2716 secum
1590 2689 1676 2723 patris
1699 2688 1782 2716 cada—

996 2741 1077 2766 t'ere;
1093 2737 1174 2768 atque
1188 2733 1273 2761 hocin
1287 2733 1350 2760 fano
1367 2734 1563 2768 Apostolorum
1579 2734 1657 2768 juxta
1675 2740 1779 2768 patrem

996 2779 1056 2815 ejus
1065 2779 1197 2807 condidit.
1207 2779 1290 2815 764
1304 2779 1365 2814 Ipse
1382 2779 1535 2807 Romanum
1543 2780 1685 2814 imperium
1697 2783 1780 2811 tenet.

997 2826 1108 2861 collegis
1122 2825 1233 2854 Tiberio
1248 2830 1275 2854 et
1292 2825 1417 2854 Heraclio
1435 2825 1575 2854 fratribus.
1593 2826 1777 2854 Justinianttnt
