  <div class='ocr_page' id='page_1' title='image "/cluster/home/n/w/nwhite01/storage/ocr_20150623/121/njp.32101077773008/485.png"; bbox 0 0 2008 3149; ppageno 0'>
   <div class='ocr_carea' id='block_1_1' title="bbox 259 142 312 174">
    <p class='ocr_par' dir='ltr' id='par_1_1' title="bbox 259 142 312 174">
     <span class='ocr_line' id='line_1_1' title="bbox 259 142 312 174; baseline -0.038 0"><span class='ocrx_word' id='word_1_1' title='bbox 259 142 312 174; x_wconf 70' lang='grc'><strong>830</strong></span> 
     </span>
    </p>
   </div>
   <div class='ocr_carea' id='block_1_2' title="bbox 906 137 1252 168">
    <p class='ocr_par' dir='ltr' id='par_1_2' title="bbox 906 137 1252 168">
     <span class='ocr_line' id='line_1_2' title="bbox 906 137 1252 168; baseline 0.003 -2"><span class='ocrx_word' id='word_1_2' title='bbox 906 137 1064 167; x_wconf 73' lang='lat' dir='ltr'><strong>GEORGII</strong></span> <span class='ocrx_word' id='word_1_3' title='bbox 1085 137 1252 168; x_wconf 74' lang='lat' dir='ltr'><strong>CEDRENI</strong></span> 
     </span>
    </p>
   </div>
   <div class='ocr_carea' id='block_1_3' title="bbox 1825 138 1872 169">
    <p class='ocr_par' dir='ltr' id='par_1_3' title="bbox 1825 138 1872 169">
     <span class='ocr_line' id='line_1_3' title="bbox 1825 138 1872 169; baseline 0.021 -1"><span class='ocrx_word' id='word_1_4' title='bbox 1825 138 1872 169; x_wconf 67' lang='lat' dir='ltr'><strong>Ri!)</strong></span> 
     </span>
    </p>
   </div>
   <div class='ocr_carea' id='block_1_4' title="bbox 254 193 1036 230">
    <p class='ocr_par' dir='ltr' id='par_1_4' title="bbox 254 193 1036 224">
     <span class='ocr_line' id='line_1_4' title="bbox 254 193 1036 224; baseline -0.005 0"><span class='ocrx_word' id='word_1_5' title='bbox 254 199 363 224; x_wconf 80' lang='lat' dir='ltr'><strong>unicam</strong></span> <span class='ocrx_word' id='word_1_6' title='bbox 390 195 453 222; x_wconf 76' lang='lat' dir='ltr'><strong>Jesu</strong></span> <span class='ocrx_word' id='word_1_7' title='bbox 480 194 578 221; x_wconf 77' lang='lat' dir='ltr'><strong>(Zhristi</strong></span> <span class='ocrx_word' id='word_1_8' title='bbox 609 200 669 219; x_wconf 87' lang='lat' dir='ltr'><strong>esse</strong></span> <span class='ocrx_word' id='word_1_9' title='bbox 700 201 762 219; x_wconf 82' lang='lat' dir='ltr'><strong>eum</strong></span> <span class='ocrx_word' id='word_1_10' title='bbox 795 193 962 220; x_wconf 84' lang='lat' dir='ltr'><strong>voluntatem</strong></span> <span class='ocrx_word' id='word_1_11' title='bbox 986 199 1036 220; x_wconf 87' lang='lat' dir='ltr'><strong>tuu</strong></span> 
     </span>
    </p>
   </div>
   <div class='ocr_carea' id='block_1_5' title="bbox 1087 193 1869 230">
    <p class='ocr_par' dir='ltr' id='par_1_5' title="bbox 1096 193 1869 230">
     <span class='ocr_line' id='line_1_5' title="bbox 1096 193 1869 230; baseline 0.004 -10"><span class='ocrx_word' id='word_1_12' title='bbox 1096 194 1159 229; x_wconf 87' lang='grc' dir='ltr'>μίαν</span> <span class='ocrx_word' id='word_1_13' title='bbox 1172 193 1313 229; x_wconf 77' lang='grc' dir='ltr'><strong>ἐνέργειαν</strong></span> <span class='ocrx_word' id='word_1_14' title='bbox 1326 194 1372 220; x_wconf 77' lang='grc' dir='ltr'><strong>ἐπὶ</strong></span> <span class='ocrx_word' id='word_1_15' title='bbox 1382 193 1430 220; x_wconf 82' lang='grc' dir='ltr'>τοῦ</span> <span class='ocrx_word' id='word_1_16' title='bbox 1445 195 1545 228; x_wconf 76' lang='grc' dir='ltr'>Κυρίου</span> <span class='ocrx_word' id='word_1_17' title='bbox 1562 194 1640 229; x_wconf 83' lang='grc' dir='ltr'>ἡμῶν</span> <span class='ocrx_word' id='word_1_18' title='bbox 1649 195 1737 229; x_wconf 81' lang='grc' dir='ltr'><strong>Ἰησοῦ</strong></span> <span class='ocrx_word' id='word_1_19' title='bbox 1752 195 1869 230; x_wconf 71' lang='grc' dir='ltr'>Χριστοῦ.</span> 
     </span>
    </p>
   </div>
   <div class='ocr_carea' id='block_1_6' title="bbox 254 237 1040 277">
    <p class='ocr_par' dir='ltr' id='par_1_6' title="bbox 254 237 1040 277">
     <span class='ocr_line' id='line_1_6' title="bbox 254 237 1040 277; baseline -0.004 -9"><span class='ocrx_word' id='word_1_20' title='bbox 254 241 351 277; x_wconf 80' lang='lat' dir='ltr'><strong>agendi</strong></span> <span class='ocrx_word' id='word_1_21' title='bbox 369 241 433 267; x_wconf 85' lang='lat' dir='ltr'><strong>vim.</strong></span> <span class='ocrx_word' id='word_1_22' title='bbox 450 239 523 272; x_wconf 88' lang='lat' dir='ltr'><strong>Quos</strong></span> <span class='ocrx_word' id='word_1_23' title='bbox 540 238 662 274; x_wconf 84' lang='lat' dir='ltr'><strong>synodus</strong></span> <span class='ocrx_word' id='word_1_24' title='bbox 675 237 821 271; x_wconf 85' lang='lat' dir='ltr'><strong>damnans,</strong></span> <span class='ocrx_word' id='word_1_25' title='bbox 849 240 1040 274; x_wconf 79' lang='lat' dir='ltr'><strong>pronuntiavit</strong></span> 
     </span>
    </p>
   </div>
   <div class='ocr_carea' id='block_1_7' title="bbox 253 285 1042 320">
    <p class='ocr_par' dir='ltr' id='par_1_7' title="bbox 253 285 1042 320">
     <span class='ocr_line' id='line_1_7' title="bbox 253 285 1042 320; baseline -0.004 -5"><span class='ocrx_word' id='word_1_26' title='bbox 253 288 320 315; x_wconf 87' lang='lat' dir='ltr'><strong>duas</strong></span> <span class='ocrx_word' id='word_1_27' title='bbox 348 287 489 314; x_wconf 78' lang='lat' dir='ltr'><strong>naturales</strong></span> <span class='ocrx_word' id='word_1_28' title='bbox 517 285 672 312; x_wconf 68' lang='lat' dir='ltr'><strong>voluntates</strong></span> <span class='ocrx_word' id='word_1_29' title='bbox 700 285 868 320; x_wconf 86' lang='lat' dir='ltr'><strong>totidemque</strong></span> <span class='ocrx_word' id='word_1_30' title='bbox 903 285 1042 312; x_wconf 78' lang='lat' dir='ltr'><strong>naturales</strong></span> 
     </span>
    </p>
   </div>
   <div class='ocr_carea' id='block_1_8' title="bbox 254 327 1040 365">
    <p class='ocr_par' dir='ltr' id='par_1_8' title="bbox 254 327 1040 365">
     <span class='ocr_line' id='line_1_8' title="bbox 254 327 1040 365; baseline -0.004 -6"><span class='ocrx_word' id='word_1_31' title='bbox 254 331 351 365; x_wconf 61' lang='lat' dir='ltr'><strong>agendi</strong></span> <span class='ocrx_word' id='word_1_32' title='bbox 366 330 512 358; x_wconf 77' lang='lat' dir='ltr'><strong>facultates</strong></span> <span class='ocrx_word' id='word_1_33' title='bbox 529 329 555 356; x_wconf 91' lang='lat' dir='ltr'><strong>in</strong></span> <span class='ocrx_word' id='word_1_34' title='bbox 571 336 625 356; x_wconf 91' lang='lat' dir='ltr'><strong>uno</strong></span> <span class='ocrx_word' id='word_1_35' title='bbox 639 329 755 356; x_wconf 87' lang='lat' dir='ltr'><strong>Domino</strong></span> <span class='ocrx_word' id='word_1_36' title='bbox 773 334 868 357; x_wconf 91' lang='lat' dir='ltr'><strong>nostro</strong></span> <span class='ocrx_word' id='word_1_37' title='bbox 881 327 945 357; x_wconf 78' lang='lat' dir='ltr'><strong>Jesu</strong></span> <span class='ocrx_word' id='word_1_38' title='bbox 960 330 1040 356; x_wconf 85' lang='lat' dir='ltr'><strong>Chri-</strong></span> 
     </span>
    </p>
   </div>
   <div class='ocr_carea' id='block_1_9' title="bbox 254 375 1040 404">
    <p class='ocr_par' dir='ltr' id='par_1_9' title="bbox 254 375 1040 404">
     <span class='ocr_line' id='line_1_9' title="bbox 254 375 1040 404; baseline -0.003 0"><span class='ocrx_word' id='word_1_39' title='bbox 254 381 298 404; x_wconf 87' lang='lat' dir='ltr'><strong>sto</strong></span> <span class='ocrx_word' id='word_1_40' title='bbox 313 375 510 403; x_wconf 87' lang='lat' dir='ltr'><strong>demonstrari.</strong></span> <span class='ocrx_word' id='word_1_41' title='bbox 525 375 659 402; x_wconf 84' lang='lat' dir='ltr'><strong>Similiter</strong></span> <span class='ocrx_word' id='word_1_42' title='bbox 671 375 704 402; x_wconf 89' lang='lat' dir='ltr'><strong>de</strong></span> <span class='ocrx_word' id='word_1_43' title='bbox 725 375 812 402; x_wconf 87' lang='lat' dir='ltr'><strong>sacris</strong></span> <span class='ocrx_word' id='word_1_44' title='bbox 823 375 930 402; x_wconf 86' lang='lat' dir='ltr'><strong>Domini</strong></span> <span class='ocrx_word' id='word_1_45' title='bbox 954 375 1040 403; x_wconf 87' lang='lat' dir='ltr'><strong>nostri</strong></span> 
     </span>
    </p>
   </div>
   <div class='ocr_carea' id='block_1_10' title="bbox 253 418 1040 454">
    <p class='ocr_par' dir='ltr' id='par_1_10' title="bbox 253 418 1040 454">
     <span class='ocr_line' id='line_1_10' title="bbox 253 418 1040 454; baseline -0.004 -6"><span class='ocrx_word' id='word_1_46' title='bbox 253 422 279 448; x_wconf 90' lang='lat' dir='ltr'><strong>in</strong></span> <span class='ocrx_word' id='word_1_47' title='bbox 295 427 375 448; x_wconf 81' lang='lat' dir='ltr'><strong>carne</strong></span> <span class='ocrx_word' id='word_1_48' title='bbox 395 418 646 446; x_wconf 78' lang='lat' dir='ltr'><strong>administrationis</strong></span> <span class='ocrx_word' id='word_1_49' title='bbox 663 419 795 454; x_wconf 83' lang='lat' dir='ltr'><strong>symbolis</strong></span> <span class='ocrx_word' id='word_1_50' title='bbox 813 420 849 446; x_wconf 83' lang='lat' dir='ltr'><strong>ita</strong></span> <span class='ocrx_word' id='word_1_51' title='bbox 874 419 972 446; x_wconf 77' lang='lat' dir='ltr'><strong>statuit</strong></span> <span class='ocrx_word' id='word_1_52' title='bbox 991 427 997 443; x_wconf 91' lang='lat'><strong>:</strong></span> <span class='ocrx_word' id='word_1_53' title='bbox 1013 419 1040 445; x_wconf 94' lang='lat' dir='ltr'><strong>ln</strong></span> 
     </span>
    </p>
   </div>
   <div class='ocr_carea' id='block_1_11' title="bbox 250 465 1042 501">
    <p class='ocr_par' dir='ltr' id='par_1_11' title="bbox 250 465 1042 501">
     <span class='ocr_line' id='line_1_11' title="bbox 250 465 1042 501; baseline -0.003 -7"><span class='ocrx_word' id='word_1_54' title='bbox 250 466 415 501; x_wconf 88' lang='lat' dir='ltr'><strong>quihusdam</strong></span> <span class='ocrx_word' id='word_1_55' title='bbox 429 465 650 492; x_wconf 84' lang='lat' dir='ltr'><strong>venerandarum</strong></span> <span class='ocrx_word' id='word_1_56' title='bbox 663 465 812 500; x_wconf 77' lang='lat' dir='ltr'><strong>imaginum</strong></span> <span class='ocrx_word' id='word_1_57' title='bbox 831 465 944 500; x_wconf 84' lang='lat' dir='ltr'><strong>picturis</strong></span> <span class='ocrx_word' id='word_1_58' title='bbox 955 473 1042 500; x_wconf 74' lang='lat' dir='ltr'><strong>agnus</strong></span> 
     </span>
    </p>
   </div>
   <div class='ocr_carea' id='block_1_12' title="bbox 249 509 1039 546">
    <p class='ocr_par' dir='ltr' id='par_1_12' title="bbox 249 509 1039 546">
     <span class='ocr_line' id='line_1_12' title="bbox 249 509 1039 546; baseline -0.003 -8"><span class='ocrx_word' id='word_1_59' title='bbox 249 510 426 546; x_wconf 78' lang='lat' dir='ltr'><strong>exprimitur,</strong></span> <span class='ocrx_word' id='word_1_60' title='bbox 452 510 538 545; x_wconf 69' lang='lat' dir='ltr'><strong>digito</strong></span> <span class='ocrx_word' id='word_1_61' title='bbox 565 509 746 538; x_wconf 65' lang='lat' dir='ltr'><strong>Praecursoris</strong></span> <span class='ocrx_word' id='word_1_62' title='bbox 771 516 962 544; x_wconf 86' lang='lat' dir='ltr'><strong>monstratus;</strong></span> <span class='ocrx_word' id='word_1_63' title='bbox 993 511 1039 545; x_wconf 90' lang='lat' dir='ltr'><strong>qui</strong></span> 
     </span>
    </p>
   </div>
   <div class='ocr_carea' id='block_1_13' title="bbox 249 555 1040 591">
    <p class='ocr_par' dir='ltr' id='par_1_13' title="bbox 249 555 1040 591">
     <span class='ocr_line' id='line_1_13' title="bbox 249 555 1040 591; baseline 0.001 -8"><span class='ocrx_word' id='word_1_64' title='bbox 249 562 275 583; x_wconf 89' lang='lat' dir='ltr'><strong>et</strong></span> <span class='ocrx_word' id='word_1_65' title='bbox 290 564 337 590; x_wconf 91' lang='lat' dir='ltr'><strong>pro</strong></span> <span class='ocrx_word' id='word_1_66' title='bbox 351 555 501 590; x_wconf 81' lang='lat' dir='ltr'><strong>exemplari</strong></span> <span class='ocrx_word' id='word_1_67' title='bbox 514 556 609 590; x_wconf 66' lang='lat' dir='ltr'><strong>gratim</strong></span> <span class='ocrx_word' id='word_1_68' title='bbox 619 562 747 590; x_wconf 87' lang='lat' dir='ltr'><strong>acceptus</strong></span> <span class='ocrx_word' id='word_1_69' title='bbox 760 560 814 588; x_wconf 87' lang='lat' dir='ltr'><strong>est,</strong></span> <span class='ocrx_word' id='word_1_70' title='bbox 826 561 1040 591; x_wconf 68' lang='lat' dir='ltr'><strong>praemonstrans</strong></span> 
     </span>
    </p>
   </div>
   <div class='ocr_carea' id='block_1_14' title="bbox 250 601 1041 637">
    <p class='ocr_par' dir='ltr' id='par_1_14' title="bbox 250 601 1041 637">
     <span class='ocr_line' id='line_1_14' title="bbox 250 601 1041 637; baseline -0.001 -7"><span class='ocrx_word' id='word_1_71' title='bbox 250 611 297 637; x_wconf 85' lang='lat' dir='ltr'><strong>per</strong></span> <span class='ocrx_word' id='word_1_72' title='bbox 311 606 397 637; x_wconf 76' lang='lat' dir='ltr'><strong>legem</strong></span> <span class='ocrx_word' id='word_1_73' title='bbox 417 602 497 629; x_wconf 84' lang='lat' dir='ltr'><strong>nobis</strong></span> <span class='ocrx_word' id='word_1_74' title='bbox 513 609 606 631; x_wconf 86' lang='lat' dir='ltr'><strong>verum</strong></span> <span class='ocrx_word' id='word_1_75' title='bbox 634 602 739 635; x_wconf 74' lang='lat' dir='ltr'><strong>Aguum</strong></span> <span class='ocrx_word' id='word_1_76' title='bbox 771 601 922 629; x_wconf 85' lang='lat' dir='ltr'><strong>Christum.</strong></span> <span class='ocrx_word' id='word_1_77' title='bbox 948 601 1041 636; x_wconf 82' lang='lat' dir='ltr'><strong>Itaque</strong></span> 
     </span>
    </p>
   </div>
   <div class='ocr_carea' id='block_1_15' title="bbox 250 646 1040 678">
    <p class='ocr_par' dir='ltr' id='par_1_15' title="bbox 250 646 1040 678">
     <span class='ocr_line' id='line_1_15' title="bbox 250 646 1040 678; baseline 0 -4"><span class='ocrx_word' id='word_1_78' title='bbox 250 651 340 674; x_wconf 84' lang='lat' dir='ltr'><strong>vetera</strong></span> <span class='ocrx_word' id='word_1_79' title='bbox 355 647 503 674; x_wconf 83' lang='lat' dir='ltr'><strong>simulacra</strong></span> <span class='ocrx_word' id='word_1_80' title='bbox 519 651 546 673; x_wconf 90' lang='lat' dir='ltr'><strong>et</strong></span> <span class='ocrx_word' id='word_1_81' title='bbox 567 646 690 678; x_wconf 84' lang='lat' dir='ltr'><strong>umbras,</strong></span> <span class='ocrx_word' id='word_1_82' title='bbox 711 646 750 672; x_wconf 91' lang='lat' dir='ltr'><strong>uti</strong></span> <span class='ocrx_word' id='word_1_83' title='bbox 776 648 899 673; x_wconf 82' lang='lat' dir='ltr'><strong>veritatis</strong></span> <span class='ocrx_word' id='word_1_84' title='bbox 918 651 1040 674; x_wconf 79' lang='lat' dir='ltr'><strong>tesseras</strong></span> 
     </span>
    </p>
   </div>
   <div class='ocr_carea' id='block_1_16' title="bbox 249 693 1041 729">
    <p class='ocr_par' dir='ltr' id='par_1_16' title="bbox 249 693 1041 729">
     <span class='ocr_line' id='line_1_16' title="bbox 249 693 1041 729; baseline 0.001 -9"><span class='ocrx_word' id='word_1_85' title='bbox 249 702 281 721; x_wconf 84' lang='lat' dir='ltr'><strong>ac</strong></span> <span class='ocrx_word' id='word_1_86' title='bbox 294 695 450 729; x_wconf 77' lang='lat' dir='ltr'><strong>prepositas</strong></span> <span class='ocrx_word' id='word_1_87' title='bbox 463 694 551 721; x_wconf 87' lang='lat' dir='ltr'><strong>multo</strong></span> <span class='ocrx_word' id='word_1_88' title='bbox 571 698 634 721; x_wconf 88' lang='lat' dir='ltr'><strong>ante</strong></span> <span class='ocrx_word' id='word_1_89' title='bbox 647 693 760 728; x_wconf 78' lang='lat' dir='ltr'><strong>emgies,</strong></span> <span class='ocrx_word' id='word_1_90' title='bbox 781 694 896 721; x_wconf 84' lang='lat' dir='ltr'><strong>traditas</strong></span> <span class='ocrx_word' id='word_1_91' title='bbox 911 694 1041 725; x_wconf 66' lang='lat' dir='ltr'><strong>Ecclesiae</strong></span> 
     </span>
    </p>
   </div>
   <div class='ocr_carea' id='block_1_17' title="bbox 249 739 1041 776">
    <p class='ocr_par' dir='ltr' id='par_1_17' title="bbox 249 739 1041 776">
     <span class='ocr_line' id='line_1_17' title="bbox 249 739 1041 776; baseline 0.001 -9"><span class='ocrx_word' id='word_1_92' title='bbox 249 742 457 775; x_wconf 80' lang='lat' dir='ltr'><strong>amplectentes,</strong></span> <span class='ocrx_word' id='word_1_93' title='bbox 476 740 518 768; x_wconf 86' lang='lat' dir='ltr'><strong>his</strong></span> <span class='ocrx_word' id='word_1_94' title='bbox 532 745 623 766; x_wconf 87' lang='lat' dir='ltr'><strong>tamen</strong></span> <span class='ocrx_word' id='word_1_95' title='bbox 644 739 818 774; x_wconf 79' lang='lat' dir='ltr'><strong>praeferimus</strong></span> <span class='ocrx_word' id='word_1_96' title='bbox 831 741 948 776; x_wconf 81' lang='lat' dir='ltr'><strong>gratiam</strong></span> <span class='ocrx_word' id='word_1_97' title='bbox 959 747 1041 776; x_wconf 88' lang='lat' dir='ltr'><strong>atque</strong></span> 
     </span>
    </p>
   </div>
   <div class='ocr_carea' id='block_1_18' title="bbox 249 784 1040 820">
    <p class='ocr_par' dir='ltr' id='par_1_18' title="bbox 249 784 1040 820">
     <span class='ocr_line' id='line_1_18' title="bbox 249 784 1040 820; baseline 0.001 -9"><span class='ocrx_word' id='word_1_98' title='bbox 249 786 401 817; x_wconf 77' lang='lat' dir='ltr'><strong>veritatem,</strong></span> <span class='ocrx_word' id='word_1_99' title='bbox 419 792 500 820; x_wconf 85' lang='lat' dir='ltr'><strong>quam</strong></span> <span class='ocrx_word' id='word_1_100' title='bbox 516 789 545 811; x_wconf 92' lang='lat' dir='ltr'><strong>ut</strong></span> <span class='ocrx_word' id='word_1_101' title='bbox 571 784 637 818; x_wconf 80' lang='lat' dir='ltr'><strong>legis</strong></span> <span class='ocrx_word' id='word_1_102' title='bbox 665 784 851 818; x_wconf 87' lang='lat' dir='ltr'><strong>impletionem</strong></span> <span class='ocrx_word' id='word_1_103' title='bbox 871 785 1040 820; x_wconf 84' lang='lat' dir='ltr'><strong>accepimus.</strong></span> 
     </span>
    </p>
   </div>
   <div class='ocr_carea' id='block_1_19' title="bbox 248 829 1039 865">
    <p class='ocr_par' dir='ltr' id='par_1_19' title="bbox 248 829 1039 865">
     <span class='ocr_line' id='line_1_19' title="bbox 248 829 1039 865; baseline 0 -9"><span class='ocrx_word' id='word_1_104' title='bbox 248 830 366 857; x_wconf 63' lang='lat' dir='ltr'><strong>Proinde</strong></span> <span class='ocrx_word' id='word_1_105' title='bbox 387 835 417 857; x_wconf 94' lang='lat' dir='ltr'><strong>ut</strong></span> <span class='ocrx_word' id='word_1_106' title='bbox 432 830 583 865; x_wconf 79' lang='lat' dir='ltr'><strong>perfectum</strong></span> <span class='ocrx_word' id='word_1_107' title='bbox 597 829 634 856; x_wconf 86' lang='lat' dir='ltr'><strong>sit</strong></span> <span class='ocrx_word' id='word_1_108' title='bbox 646 829 671 856; x_wconf 88' lang='lat' dir='ltr'><strong>id</strong></span> <span class='ocrx_word' id='word_1_109' title='bbox 688 831 760 864; x_wconf 85' lang='lat' dir='ltr'><strong>quod</strong></span> <span class='ocrx_word' id='word_1_110' title='bbox 776 830 858 856; x_wconf 81' lang='lat' dir='ltr'><strong>etiam</strong></span> <span class='ocrx_word' id='word_1_111' title='bbox 872 830 899 857; x_wconf 92' lang='lat' dir='ltr'><strong>in</strong></span> <span class='ocrx_word' id='word_1_112' title='bbox 918 831 1039 857; x_wconf 87' lang='lat' dir='ltr'><strong>colorum</strong></span> 
     </span>
    </p>
   </div>
   <div class='ocr_carea' id='block_1_20' title="bbox 1093 239 1872 276">
    <p class='ocr_par' dir='ltr' id='par_1_20' title="bbox 1093 239 1872 276">
     <span class='ocr_line' id='line_1_20' title="bbox 1093 239 1872 276; baseline 0.003 -10"><span class='ocrx_word' id='word_1_113' title='bbox 1093 240 1146 272; x_wconf 87' lang='grc' dir='ltr'>Οὒς</span> <span class='ocrx_word' id='word_1_114' title='bbox 1159 240 1382 275; x_wconf 80' lang='grc' dir='ltr'>ἀναθεματίσασα</span> <span class='ocrx_word' id='word_1_115' title='bbox 1397 239 1552 275; x_wconf 77' lang='grc' dir='ltr'>ὲξεφώνησε</span> <span class='ocrx_word' id='word_1_116' title='bbox 1566 240 1611 267; x_wconf 81' lang='grc' dir='ltr'><strong>δύο</strong></span> <span class='ocrx_word' id='word_1_117' title='bbox 1625 241 1764 276; x_wconf 69' lang='grc' dir='ltr'>θελήματα</span> <span class='ocrx_word' id='word_1_118' title='bbox 1779 245 1872 276; x_wconf 71' lang='grc' dir='ltr'>φυσικὰ</span> 
     </span>
    </p>
   </div>
   <div class='ocr_carea' id='block_1_21' title="bbox 1092 284 1872 321">
    <p class='ocr_par' dir='ltr' id='par_1_21' title="bbox 1092 284 1872 321">
     <span class='ocr_line' id='line_1_21' title="bbox 1092 284 1872 321; baseline 0.005 -10"><span class='ocrx_word' id='word_1_119' title='bbox 1092 285 1177 320; x_wconf 69' lang='grc' dir='ltr'>ἤγουν</span> <span class='ocrx_word' id='word_1_120' title='bbox 1203 284 1327 320; x_wconf 82' lang='grc' dir='ltr'><strong>Θελήσεις</strong></span> <span class='ocrx_word' id='word_1_121' title='bbox 1347 285 1395 311; x_wconf 70' lang='grc' dir='ltr'><strong>καὶ</strong></span> <span class='ocrx_word' id='word_1_122' title='bbox 1413 285 1459 311; x_wconf 87' lang='grc' dir='ltr'><strong>δύο</strong></span> <span class='ocrx_word' id='word_1_123' title='bbox 1478 285 1594 319; x_wconf 82' lang='grc' dir='ltr'>φυσικὰς</span> <span class='ocrx_word' id='word_1_124' title='bbox 1614 287 1754 321; x_wconf 75' lang='grc' dir='ltr'>ἐνεργείας</span> <span class='ocrx_word' id='word_1_125' title='bbox 1771 287 1814 314; x_wconf 69' lang='grc' dir='ltr'><strong>ἐπὶ</strong></span> <span class='ocrx_word' id='word_1_126' title='bbox 1830 289 1872 315; x_wconf 74' lang='grc' dir='ltr'>τοῦ</span> 
     </span>
    </p>
   </div>
   <div class='ocr_carea' id='block_1_22' title="bbox 1093 329 1873 366">
    <p class='ocr_par' dir='ltr' id='par_1_22' title="bbox 1093 329 1873 366">
     <span class='ocr_line' id='line_1_22' title="bbox 1093 329 1873 366; baseline 0.005 -11"><span class='ocrx_word' id='word_1_127' title='bbox 1093 329 1151 362; x_wconf 78' lang='grc' dir='ltr'>ἐνὸς</span> <span class='ocrx_word' id='word_1_128' title='bbox 1170 329 1327 356; x_wconf 80' lang='grc' dir='ltr'><strong>δείκνυσθαι</strong></span> <span class='ocrx_word' id='word_1_129' title='bbox 1348 330 1466 365; x_wconf 77' lang='grc' dir='ltr'>Χριστοῦ</span> <span class='ocrx_word' id='word_1_130' title='bbox 1485 329 1532 356; x_wconf 87' lang='grc' dir='ltr'>τοῦ</span> <span class='ocrx_word' id='word_1_131' title='bbox 1553 330 1620 357; x_wconf 80' lang='grc' dir='ltr'>Θεοῦ</span> <span class='ocrx_word' id='word_1_132' title='bbox 1639 332 1730 366; x_wconf 83' lang='grc' dir='ltr'>ἡμῶν.</span> <span class='ocrx_word' id='word_1_133' title='bbox 1747 332 1873 365; x_wconf 76' lang='grc' dir='ltr'><strong>Ὡσαύτως</strong></span> 
     </span>
    </p>
   </div>
   <div class='ocr_carea' id='block_1_23' title="bbox 1091 375 1874 412">
    <p class='ocr_par' dir='ltr' id='par_1_23' title="bbox 1091 375 1874 412">
     <span class='ocr_line' id='line_1_23' title="bbox 1091 375 1874 412; baseline 0.005 -11"><span class='ocrx_word' id='word_1_134' title='bbox 1091 376 1138 402; x_wconf 75' lang='grc' dir='ltr'>καὶ</span> <span class='ocrx_word' id='word_1_135' title='bbox 1156 376 1218 410; x_wconf 73' lang='grc' dir='ltr'>περὶ</span> <span class='ocrx_word' id='word_1_136' title='bbox 1232 375 1287 401; x_wconf 85' lang='grc' dir='ltr'><strong>τῶν</strong></span> <span class='ocrx_word' id='word_1_137' title='bbox 1302 375 1383 410; x_wconf 81' lang='grc' dir='ltr'>ἱερῶν</span> <span class='ocrx_word' id='word_1_138' title='bbox 1397 377 1446 411; x_wconf 83' lang='grc' dir='ltr'>τῆς</span> <span class='ocrx_word' id='word_1_139' title='bbox 1463 376 1587 411; x_wconf 69' lang='grc' dir='ltr'>Χριστοῦ</span> <span class='ocrx_word' id='word_1_140' title='bbox 1597 377 1643 403; x_wconf 83' lang='grc' dir='ltr'>τοῦ</span> <span class='ocrx_word' id='word_1_141' title='bbox 1661 376 1729 403; x_wconf 73' lang='grc' dir='ltr'>Θεοῦ</span> <span class='ocrx_word' id='word_1_142' title='bbox 1748 378 1822 412; x_wconf 80' lang='grc' dir='ltr'>ἡμῶν</span> <span class='ocrx_word' id='word_1_143' title='bbox 1838 381 1874 406; x_wconf 80' lang='grc' dir='ltr'><strong>οἱ·</strong></span> 
     </span>
    </p>
   </div>
   <div class='ocr_carea' id='block_1_24' title="bbox 1092 421 1873 457">
    <p class='ocr_par' dir='ltr' id='par_1_24' title="bbox 1092 421 1873 457">
     <span class='ocr_line' id='line_1_24' title="bbox 1092 421 1873 457; baseline 0.004 -9"><span class='ocrx_word' id='word_1_144' title='bbox 1092 421 1219 456; x_wconf 83' lang='grc' dir='ltr'>κονομίας</span> <span class='ocrx_word' id='word_1_145' title='bbox 1238 422 1379 457; x_wconf 71' lang='grc' dir='ltr'>συμϐόλων</span> <span class='ocrx_word' id='word_1_146' title='bbox 1396 422 1502 455; x_wconf 80' lang='grc' dir='ltr'><strong>ἐξέθετο</strong></span> <span class='ocrx_word' id='word_1_147' title='bbox 1519 422 1616 454; x_wconf 78' lang='grc' dir='ltr'>οὕτως·</span> <span class='ocrx_word' id='word_1_148' title='bbox 1632 423 1681 450; x_wconf 82' lang='grc' dir='ltr'><strong>’Ἑν</strong></span> <span class='ocrx_word' id='word_1_149' title='bbox 1697 432 1750 450; x_wconf 90' lang='grc' dir='ltr'>τισι</span> <span class='ocrx_word' id='word_1_150' title='bbox 1766 425 1818 450; x_wconf 86' lang='grc' dir='ltr'><strong>τῶν</strong></span> <span class='ocrx_word' id='word_1_151' title='bbox 1834 434 1873 452; x_wconf 88' lang='grc' dir='ltr'>σε-</span> 
     </span>
    </p>
   </div>
   <div class='ocr_carea' id='block_1_25' title="bbox 1092 468 1873 506">
    <p class='ocr_par' dir='ltr' id='par_1_25' title="bbox 1092 468 1873 506">
     <span class='ocr_line' id='line_1_25' title="bbox 1092 468 1873 506; baseline 0.005 -12"><span class='ocrx_word' id='word_1_152' title='bbox 1092 468 1167 495; x_wconf 86' lang='grc' dir='ltr'><strong>πτῶν</strong></span> <span class='ocrx_word' id='word_1_153' title='bbox 1176 469 1289 495; x_wconf 74' lang='grc' dir='ltr'>εἰκόνων</span> <span class='ocrx_word' id='word_1_154' title='bbox 1302 470 1422 504; x_wconf 80' lang='grc' dir='ltr'><strong>γραφαῖς</strong></span> <span class='ocrx_word' id='word_1_155' title='bbox 1436 469 1519 504; x_wconf 73' lang='grc' dir='ltr'>ἀμνὸς</span> <span class='ocrx_word' id='word_1_156' title='bbox 1526 469 1650 505; x_wconf 76' lang='grc' dir='ltr'><strong>δακτύλῳ</strong></span> <span class='ocrx_word' id='word_1_157' title='bbox 1663 470 1711 497; x_wconf 82' lang='grc' dir='ltr'>τοῦ</span> <span class='ocrx_word' id='word_1_158' title='bbox 1724 471 1873 506; x_wconf 81' lang='grc' dir='ltr'>Προδρόμου</span> 
     </span>
    </p>
   </div>
   <div class='ocr_carea' id='block_1_26' title="bbox 1091 513 1874 553">
    <p class='ocr_par' dir='ltr' id='par_1_26' title="bbox 1091 513 1874 553">
     <span class='ocr_line' id='line_1_26' title="bbox 1091 513 1874 553; baseline 0.004 -13"><span class='ocrx_word' id='word_1_159' title='bbox 1091 513 1265 549; x_wconf 77' lang='grc' dir='ltr'><strong>δεικνύμενος</strong></span> <span class='ocrx_word' id='word_1_160' title='bbox 1278 515 1475 550; x_wconf 76' lang='grc' dir='ltr'>ἐγχαράττεται</span> <span class='ocrx_word' id='word_1_161' title='bbox 1486 524 1492 530; x_wconf 93' lang='grc'><strong>·</strong></span> <span class='ocrx_word' id='word_1_162' title='bbox 1508 515 1537 547; x_wconf 82' lang='grc' dir='ltr'>ὃς</span> <span class='ocrx_word' id='word_1_163' title='bbox 1551 516 1598 542; x_wconf 77' lang='grc' dir='ltr'>καὶ</span> <span class='ocrx_word' id='word_1_164' title='bbox 1611 517 1652 548; x_wconf 87' lang='grc' dir='ltr'>εἰς</span> <span class='ocrx_word' id='word_1_165' title='bbox 1665 516 1751 543; x_wconf 83' lang='grc' dir='ltr'>τύπον</span> <span class='ocrx_word' id='word_1_166' title='bbox 1764 517 1874 553; x_wconf 83' lang='grc' dir='ltr'>παρελή-</span> 
     </span>
    </p>
   </div>
   <div class='ocr_carea' id='block_1_27' title="bbox 1092 560 1873 598">
    <p class='ocr_par' dir='ltr' id='par_1_27' title="bbox 1092 560 1873 598">
     <span class='ocr_line' id='line_1_27' title="bbox 1092 560 1873 598; baseline 0.005 -13"><span class='ocrx_word' id='word_1_167' title='bbox 1092 560 1145 595; x_wconf 78' lang='grc' dir='ltr'><strong>φθη</strong></span> <span class='ocrx_word' id='word_1_168' title='bbox 1161 560 1211 595; x_wconf 86' lang='grc' dir='ltr'>τῆς</span> <span class='ocrx_word' id='word_1_169' title='bbox 1225 561 1346 595; x_wconf 80' lang='grc' dir='ltr'>χάριτος,</span> <span class='ocrx_word' id='word_1_170' title='bbox 1360 562 1405 587; x_wconf 76' lang='grc' dir='ltr'>τδν</span> <span class='ocrx_word' id='word_1_171' title='bbox 1418 561 1545 597; x_wconf 84' lang='grc' dir='ltr'>ἀληθινὸν</span> <span class='ocrx_word' id='word_1_172' title='bbox 1561 562 1627 596; x_wconf 82' lang='grc' dir='ltr'>ἡμῖν</span> <span class='ocrx_word' id='word_1_173' title='bbox 1641 561 1686 588; x_wconf 84' lang='grc' dir='ltr'>διὰ</span> <span class='ocrx_word' id='word_1_174' title='bbox 1697 562 1784 596; x_wconf 78' lang='grc' dir='ltr'>νόμου</span> <span class='ocrx_word' id='word_1_175' title='bbox 1813 571 1873 598; x_wconf 85' lang='grc' dir='ltr'>προ-</span> 
     </span>
    </p>
   </div>
   <div class='ocr_carea' id='block_1_28' title="bbox 1093 606 1874 642">
    <p class='ocr_par' dir='ltr' id='par_1_28' title="bbox 1093 606 1874 642">
     <span class='ocr_line' id='line_1_28' title="bbox 1093 606 1874 642; baseline 0.005 -11"><span class='ocrx_word' id='word_1_176' title='bbox 1093 607 1144 632; x_wconf 81' lang='grc' dir='ltr'><strong>ῦπε</strong></span> <span class='ocrx_word' id='word_1_177' title='bbox 1150 606 1275 640; x_wconf 82' lang='grc' dir='ltr'>μφαίνων</span> <span class='ocrx_word' id='word_1_178' title='bbox 1286 606 1382 641; x_wconf 81' lang='grc' dir='ltr'>Ἀμνὸν</span> <span class='ocrx_word' id='word_1_179' title='bbox 1393 607 1510 642; x_wconf 80' lang='grc' dir='ltr'>Χριστὸν</span> <span class='ocrx_word' id='word_1_180' title='bbox 1517 607 1565 634; x_wconf 82' lang='grc' dir='ltr'>τὸν</span> <span class='ocrx_word' id='word_1_181' title='bbox 1574 607 1641 634; x_wconf 83' lang='grc' dir='ltr'><strong>Θεὸν</strong></span> <span class='ocrx_word' id='word_1_182' title='bbox 1656 607 1744 642; x_wconf 84' lang='grc' dir='ltr'>ἡμῶν.</span> <span class='ocrx_word' id='word_1_183' title='bbox 1754 608 1820 639; x_wconf 77' lang='grc' dir='ltr'>Τοὺς</span> <span class='ocrx_word' id='word_1_184' title='bbox 1832 607 1874 635; x_wconf 76' lang='grc' dir='ltr'>οὖν</span> 
     </span>
    </p>
   </div>
   <div class='ocr_carea' id='block_1_29' title="bbox 1091 652 1872 689">
    <p class='ocr_par' dir='ltr' id='par_1_29' title="bbox 1091 652 1872 689">
     <span class='ocr_line' id='line_1_29' title="bbox 1091 652 1872 689; baseline 0.004 -12"><span class='ocrx_word' id='word_1_185' title='bbox 1091 652 1224 683; x_wconf 76' lang='grc' dir='ltr'>παλαιοὺς</span> <span class='ocrx_word' id='word_1_186' title='bbox 1239 652 1341 684; x_wconf 81' lang='grc' dir='ltr'><strong>τύπους</strong></span> <span class='ocrx_word' id='word_1_187' title='bbox 1360 653 1404 680; x_wconf 76' lang='grc' dir='ltr'>καὶ</span> <span class='ocrx_word' id='word_1_188' title='bbox 1421 653 1524 688; x_wconf 83' lang='grc' dir='ltr'>σκηνὰς</span> <span class='ocrx_word' id='word_1_189' title='bbox 1541 654 1579 685; x_wconf 87' lang='grc' dir='ltr'>ὡς</span> <span class='ocrx_word' id='word_1_190' title='bbox 1593 654 1644 688; x_wconf 81' lang='grc' dir='ltr'>τῆς</span> <span class='ocrx_word' id='word_1_191' title='bbox 1662 653 1790 689; x_wconf 80' lang='grc' dir='ltr'><strong>ἀληθείας</strong></span> <span class='ocrx_word' id='word_1_192' title='bbox 1810 654 1872 689; x_wconf 66' lang='grc' dir='ltr'>σύμι</span> 
     </span>
    </p>
   </div>
   <div class='ocr_carea' id='block_1_30' title="bbox 1092 698 1874 735">
    <p class='ocr_par' dir='ltr' id='par_1_30' title="bbox 1092 698 1874 735">
     <span class='ocr_line' id='line_1_30' title="bbox 1092 698 1874 735; baseline 0.003 -11"><span class='ocrx_word' id='word_1_193' title='bbox 1092 698 1158 724; x_wconf 79' lang='grc' dir='ltr'><strong>ϐολά</strong></span> <span class='ocrx_word' id='word_1_194' title='bbox 1172 707 1202 725; x_wconf 90' lang='grc' dir='ltr'><strong>τε</strong></span> <span class='ocrx_word' id='word_1_195' title='bbox 1218 700 1266 726; x_wconf 77' lang='grc' dir='ltr'>καὶ</span> <span class='ocrx_word' id='word_1_196' title='bbox 1282 699 1502 735; x_wconf 82' lang='grc' dir='ltr'>προχαράγματα</span> <span class='ocrx_word' id='word_1_197' title='bbox 1519 701 1550 735; x_wconf 84' lang='grc' dir='ltr'><strong>τῇ</strong></span> <span class='ocrx_word' id='word_1_198' title='bbox 1569 700 1719 735; x_wconf 73' lang='grc' dir='ltr'>Ἐκκλησία</span> <span class='ocrx_word' id='word_1_199' title='bbox 1736 700 1874 735; x_wconf 76' lang='grc' dir='ltr'>παραδεδο-</span> 
     </span>
    </p>
   </div>
   <div class='ocr_carea' id='block_1_31' title="bbox 1093 743 1873 780">
    <p class='ocr_par' dir='ltr' id='par_1_31' title="bbox 1093 743 1873 780">
     <span class='ocr_line' id='line_1_31' title="bbox 1093 743 1873 780; baseline 0.004 -11"><span class='ocrx_word' id='word_1_200' title='bbox 1093 743 1190 777; x_wconf 80' lang='grc' dir='ltr'>μένους</span> <span class='ocrx_word' id='word_1_201' title='bbox 1199 744 1436 779; x_wconf 83' lang='grc' dir='ltr'>κατασπαζόμενοι</span> <span class='ocrx_word' id='word_1_202' title='bbox 1445 745 1494 779; x_wconf 78' lang='grc' dir='ltr'>τὴν</span> <span class='ocrx_word' id='word_1_203' title='bbox 1501 745 1581 780; x_wconf 84' lang='grc' dir='ltr'>χάριν</span> <span class='ocrx_word' id='word_1_204' title='bbox 1592 744 1771 780; x_wconf 73' lang='grc' dir='ltr'>προτιμῶμεν</span> <span class='ocrx_word' id='word_1_205' title='bbox 1781 745 1873 779; x_wconf 73' lang='grc' dir='ltr'>καὶτὴν</span> 
     </span>
    </p>
   </div>
   <div class='ocr_carea' id='block_1_32' title="bbox 1091 790 1873 827">
    <p class='ocr_par' dir='ltr' id='par_1_32' title="bbox 1091 790 1873 827">
     <span class='ocr_line' id='line_1_32' title="bbox 1091 790 1873 827; baseline 0.003 -11"><span class='ocrx_word' id='word_1_206' title='bbox 1091 790 1231 825; x_wconf 83' lang='grc' dir='ltr'>ἀλήθειαν,</span> <span class='ocrx_word' id='word_1_207' title='bbox 1246 790 1284 823; x_wconf 84' lang='grc' dir='ltr'><strong>ὡς</strong></span> <span class='ocrx_word' id='word_1_208' title='bbox 1295 790 1370 827; x_wconf 76' lang='grc'><strong>[459]</strong></span> <span class='ocrx_word' id='word_1_209' title='bbox 1383 791 1520 826; x_wconf 80' lang='grc' dir='ltr'>πλὴρωμα</span> <span class='ocrx_word' id='word_1_210' title='bbox 1536 791 1620 825; x_wconf 80' lang='grc' dir='ltr'>νόμον</span> <span class='ocrx_word' id='word_1_211' title='bbox 1637 792 1740 825; x_wconf 78' lang='grc' dir='ltr'>ταύτην</span> <span class='ocrx_word' id='word_1_212' title='bbox 1752 791 1873 823; x_wconf 79' lang='grc' dir='ltr'><strong>ὑποδ;ξά-</strong></span> 
     </span>
    </p>
   </div>
   <div class='ocr_carea' id='block_1_33' title="bbox 1094 833 1873 870">
    <p class='ocr_par' dir='ltr' id='par_1_33' title="bbox 1094 833 1873 870">
     <span class='ocr_line' id='line_1_33' title="bbox 1094 833 1873 870; baseline -0.001 -9"><span class='ocrx_word' id='word_1_213' title='bbox 1094 843 1178 870; x_wconf 85' lang='grc' dir='ltr'>μενοι.</span> <span class='ocrx_word' id='word_1_214' title='bbox 1192 835 1234 866; x_wconf 82' lang='grc' dir='ltr'>Ὧς</span> <span class='ocrx_word' id='word_1_215' title='bbox 1248 835 1281 862; x_wconf 78' lang='grc' dir='ltr'>ἂν</span> <span class='ocrx_word' id='word_1_216' title='bbox 1293 833 1339 862; x_wconf 84' lang='grc' dir='ltr'>οὖν</span> <span class='ocrx_word' id='word_1_217' title='bbox 1350 836 1381 862; x_wconf 85' lang='grc' dir='ltr'><strong>τὺ</strong></span> <span class='ocrx_word' id='word_1_218' title='bbox 1391 835 1494 862; x_wconf 79' lang='grc' dir='ltr'>τέλειον</span> <span class='ocrx_word' id='word_1_219' title='bbox 1506 836 1556 862; x_wconf 72' lang='grc' dir='ltr'>κάν</span> <span class='ocrx_word' id='word_1_220' title='bbox 1569 836 1630 866; x_wconf 83' lang='grc' dir='ltr'>ταῖς</span> <span class='ocrx_word' id='word_1_221' title='bbox 1645 834 1873 869; x_wconf 78' lang='grc' dir='ltr'>χρωματουργίαις</span> 
     </span>
    </p>
   </div>
   <div class='ocr_carea' id='block_1_34' title="bbox 249 875 1036 916">
    <p class='ocr_par' dir='ltr' id='par_1_34' title="bbox 249 875 1036 910">
     <span class='ocr_line' id='line_1_34' title="bbox 249 875 1036 910; baseline 0.003 -10"><span class='ocrx_word' id='word_1_222' title='bbox 249 875 363 910; x_wconf 78' lang='lat' dir='ltr'><strong>picturis</strong></span> <span class='ocrx_word' id='word_1_223' title='bbox 373 875 494 901; x_wconf 86' lang='lat' dir='ltr'><strong>omnium</strong></span> <span class='ocrx_word' id='word_1_224' title='bbox 510 875 671 909; x_wconf 81' lang='lat' dir='ltr'><strong>conspectui</strong></span> <span class='ocrx_word' id='word_1_225' title='bbox 684 875 840 908; x_wconf 80' lang='lat' dir='ltr'><strong>exponitur.</strong></span> <span class='ocrx_word' id='word_1_226' title='bbox 852 876 997 902; x_wconf 87' lang='lat' dir='ltr'><strong>statuimus</strong></span> <span class='ocrx_word' id='word_1_227' title='bbox 1010 881 1036 902; x_wconf 86' lang='lat' dir='ltr'><strong>ut</strong></span> 
     </span>
    </p>
   </div>
   <div class='ocr_carea' id='block_1_35' title="bbox 1087 875 1873 916">
    <p class='ocr_par' dir='ltr' id='par_1_35' title="bbox 1092 879 1873 916">
     <span class='ocr_line' id='line_1_35' title="bbox 1092 879 1873 916; baseline -0.003 -9"><span class='ocrx_word' id='word_1_228' title='bbox 1092 882 1120 907; x_wconf 81' lang='grc' dir='ltr'>ὲν</span> <span class='ocrx_word' id='word_1_229' title='bbox 1132 882 1192 913; x_wconf 87' lang='grc' dir='ltr'>ταῖς</span> <span class='ocrx_word' id='word_1_230' title='bbox 1207 881 1336 909; x_wconf 83' lang='grc' dir='ltr'>ἁπάντων</span> <span class='ocrx_word' id='word_1_231' title='bbox 1347 882 1440 916; x_wconf 66' lang='grc' dir='ltr'>ὕψεσιν</span> <span class='ocrx_word' id='word_1_232' title='bbox 1452 881 1657 915; x_wconf 78' lang='grc' dir='ltr'>ὑπογράφηται,</span> <span class='ocrx_word' id='word_1_233' title='bbox 1673 880 1718 906; x_wconf 81' lang='grc' dir='ltr'>τὸν</span> <span class='ocrx_word' id='word_1_234' title='bbox 1730 879 1776 906; x_wconf 78' lang='grc' dir='ltr'>τοῦ</span> <span class='ocrx_word' id='word_1_235' title='bbox 1792 880 1873 914; x_wconf 74' lang='grc' dir='ltr'>αἴρον-</span> 
     </span>
    </p>
   </div>
   <div class='ocr_carea' id='block_1_36' title="bbox 248 919 1038 956">
    <p class='ocr_par' dir='ltr' id='par_1_36' title="bbox 248 919 1038 956">
     <span class='ocr_line' id='line_1_36' title="bbox 248 919 1038 956; baseline 0 -8"><span class='ocrx_word' id='word_1_236' title='bbox 248 928 330 955; x_wconf 80' lang='lat' dir='ltr'><strong>perm</strong></span> <span class='ocrx_word' id='word_1_237' title='bbox 344 921 403 948; x_wconf 91' lang='lat' dir='ltr'><strong>loco</strong></span> <span class='ocrx_word' id='word_1_238' title='bbox 437 921 537 947; x_wconf 80' lang='lat' dir='ltr'><strong>veteris</strong></span> <span class='ocrx_word' id='word_1_239' title='bbox 551 920 614 954; x_wconf 78' lang='lat' dir='ltr'><strong>agni</strong></span> <span class='ocrx_word' id='word_1_240' title='bbox 627 919 746 947; x_wconf 88' lang='lat' dir='ltr'><strong>humana</strong></span> <span class='ocrx_word' id='word_1_241' title='bbox 758 920 871 953; x_wconf 82' lang='lat' dir='ltr'><strong>Christi,</strong></span> <span class='ocrx_word' id='word_1_242' title='bbox 885 921 930 956; x_wconf 87' lang='lat' dir='ltr'><strong>qui</strong></span> <span class='ocrx_word' id='word_1_243' title='bbox 944 921 1038 956; x_wconf 77' lang='lat' dir='ltr'><strong>Agnus</strong></span> 
     </span>
    </p>
   </div>
   <div class='ocr_carea' id='block_1_37' title="bbox 248 965 1038 1002">
    <p class='ocr_par' dir='ltr' id='par_1_37' title="bbox 248 965 1038 1002">
     <span class='ocr_line' id='line_1_37' title="bbox 248 965 1038 1002; baseline 0.003 -10"><span class='ocrx_word' id='word_1_244' title='bbox 248 965 341 992; x_wconf 87' lang='lat' dir='ltr'><strong>uumdi</strong></span> <span class='ocrx_word' id='word_1_245' title='bbox 360 971 472 999; x_wconf 79' lang='lat' dir='ltr'><strong>peccata</strong></span> <span class='ocrx_word' id='word_1_246' title='bbox 488 965 610 998; x_wconf 81' lang='lat' dir='ltr'><strong>sustulit,</strong></span> <span class='ocrx_word' id='word_1_247' title='bbox 635 965 738 1001; x_wconf 66' lang='lat' dir='ltr'><strong>elligies</strong></span> <span class='ocrx_word' id='word_1_248' title='bbox 755 968 781 993; x_wconf 93' lang='lat' dir='ltr'><strong>in</strong></span> <span class='ocrx_word' id='word_1_249' title='bbox 805 967 887 1002; x_wconf 71' lang='lat'><strong>763</strong></span> <span class='ocrx_word' id='word_1_250' title='bbox 912 967 1038 1002; x_wconf 78' lang='lat' dir='ltr'><strong>imagini-</strong></span> 
     </span>
    </p>
   </div>
   <div class='ocr_carea' id='block_1_38' title="bbox 249 1011 1035 1046">
    <p class='ocr_par' dir='ltr' id='par_1_38' title="bbox 249 1011 1035 1046">
     <span class='ocr_line' id='line_1_38' title="bbox 249 1011 1035 1046; baseline 0.004 -8"><span class='ocrx_word' id='word_1_251' title='bbox 249 1013 299 1038; x_wconf 84' lang='lat' dir='ltr'><strong>bus</strong></span> <span class='ocrx_word' id='word_1_252' title='bbox 313 1015 440 1046; x_wconf 84' lang='lat' dir='ltr'><strong>ponatur,</strong></span> <span class='ocrx_word' id='word_1_253' title='bbox 453 1019 486 1038; x_wconf 78' lang='lat' dir='ltr'><strong>ex</strong></span> <span class='ocrx_word' id='word_1_254' title='bbox 507 1011 565 1046; x_wconf 87' lang='lat' dir='ltr'><strong>ipsa</strong></span> <span class='ocrx_word' id='word_1_255' title='bbox 586 1012 741 1040; x_wconf 82' lang='lat' dir='ltr'><strong>humilitate</strong></span> <span class='ocrx_word' id='word_1_256' title='bbox 755 1014 929 1040; x_wconf 83' lang='lat' dir='ltr'><strong>altitudinem</strong></span> <span class='ocrx_word' id='word_1_257' title='bbox 956 1013 1035 1041; x_wconf 85' lang='lat' dir='ltr'><strong>Verbi</strong></span> 
     </span>
    </p>
   </div>
   <div class='ocr_carea' id='block_1_39' title="bbox 247 1058 1038 1094">
    <p class='ocr_par' dir='ltr' id='par_1_39' title="bbox 247 1058 1038 1094">
     <span class='ocr_line' id='line_1_39' title="bbox 247 1058 1038 1094; baseline 0.003 -10"><span class='ocrx_word' id='word_1_258' title='bbox 247 1058 445 1092; x_wconf 76' lang='lat' dir='ltr'><strong>intelligentes,</strong></span> <span class='ocrx_word' id='word_1_259' title='bbox 463 1062 520 1085; x_wconf 91' lang='lat' dir='ltr'><strong>tum</strong></span> <span class='ocrx_word' id='word_1_260' title='bbox 536 1059 568 1084; x_wconf 88' lang='lat' dir='ltr'><strong>ad</strong></span> <span class='ocrx_word' id='word_1_261' title='bbox 587 1058 624 1085; x_wconf 88' lang='lat' dir='ltr'><strong>rei</strong></span> <span class='ocrx_word' id='word_1_262' title='bbox 641 1058 669 1084; x_wconf 96' lang='lat' dir='ltr'><strong>in</strong></span> <span class='ocrx_word' id='word_1_263' title='bbox 685 1066 769 1086; x_wconf 85' lang='lat' dir='ltr'><strong>carne</strong></span> <span class='ocrx_word' id='word_1_264' title='bbox 783 1066 798 1085; x_wconf 90' lang='lat' dir='ltr'><strong>a</strong></span> <span class='ocrx_word' id='word_1_265' title='bbox 816 1058 932 1086; x_wconf 89' lang='lat' dir='ltr'><strong>Domino</strong></span> <span class='ocrx_word' id='word_1_266' title='bbox 955 1063 1038 1094; x_wconf 70' lang='lat' dir='ltr'><strong>gestae</strong></span> 
     </span>
    </p>
   </div>
   <div class='ocr_carea' id='block_1_40' title="bbox 246 1103 1038 1137">
    <p class='ocr_par' dir='ltr' id='par_1_40' title="bbox 246 1103 1038 1137">
     <span class='ocr_line' id='line_1_40' title="bbox 246 1103 1038 1137; baseline 0.001 -7"><span class='ocrx_word' id='word_1_267' title='bbox 246 1103 430 1137; x_wconf 87' lang='lat' dir='ltr'><strong>suppliciique</strong></span> <span class='ocrx_word' id='word_1_268' title='bbox 442 1103 476 1130; x_wconf 83' lang='lat' dir='ltr'><strong>ab</strong></span> <span class='ocrx_word' id='word_1_269' title='bbox 491 1110 524 1130; x_wconf 90' lang='lat' dir='ltr'><strong>eo</strong></span> <span class='ocrx_word' id='word_1_270' title='bbox 549 1104 658 1131; x_wconf 88' lang='lat' dir='ltr'><strong>tolerati</strong></span> <span class='ocrx_word' id='word_1_271' title='bbox 685 1108 712 1131; x_wconf 88' lang='lat' dir='ltr'><strong>et</strong></span> <span class='ocrx_word' id='word_1_272' title='bbox 727 1104 858 1132; x_wconf 85' lang='lat' dir='ltr'><strong>salutaris</strong></span> <span class='ocrx_word' id='word_1_273' title='bbox 886 1107 983 1131; x_wconf 79' lang='lat' dir='ltr'><strong>Inertis</strong></span> <span class='ocrx_word' id='word_1_274' title='bbox 1010 1108 1038 1132; x_wconf 82' lang='lat' dir='ltr'><strong>et</strong></span> 
     </span>
    </p>
   </div>
   <div class='ocr_carea' id='block_1_41' title="bbox 247 1149 1031 1186">
    <p class='ocr_par' dir='ltr' id='par_1_41' title="bbox 247 1149 1031 1186">
     <span class='ocr_line' id='line_1_41' title="bbox 247 1149 1031 1186; baseline 0.004 -11"><span class='ocrx_word' id='word_1_275' title='bbox 247 1149 352 1176; x_wconf 82' lang='lat' dir='ltr'><strong>liberati</strong></span> <span class='ocrx_word' id='word_1_276' title='bbox 370 1156 417 1183; x_wconf 74' lang='lat' dir='ltr'><strong>per</strong></span> <span class='ocrx_word' id='word_1_277' title='bbox 431 1149 502 1177; x_wconf 88' lang='lat' dir='ltr'><strong>hanc</strong></span> <span class='ocrx_word' id='word_1_278' title='bbox 517 1149 610 1176; x_wconf 92' lang='lat' dir='ltr'><strong>mundi</strong></span> <span class='ocrx_word' id='word_1_279' title='bbox 633 1150 794 1177; x_wconf 85' lang='lat' dir='ltr'><strong>memoriam</strong></span> <span class='ocrx_word' id='word_1_280' title='bbox 811 1155 841 1177; x_wconf 89' lang='lat' dir='ltr'><strong>ut</strong></span> <span class='ocrx_word' id='word_1_281' title='bbox 852 1151 930 1186; x_wconf 83' lang='lat' dir='ltr'><strong>quasi</strong></span> <span class='ocrx_word' id='word_1_282' title='bbox 950 1159 1031 1178; x_wconf 90' lang='lat' dir='ltr'><strong>manu</strong></span> 
     </span>
    </p>
   </div>
   <div class='ocr_carea' id='block_1_42' title="bbox 246 1196 395 1222">
    <p class='ocr_par' dir='ltr' id='par_1_42' title="bbox 246 1196 395 1222">
     <span class='ocr_line' id='line_1_42' title="bbox 246 1196 395 1222; baseline 0 0"><span class='ocrx_word' id='word_1_283' title='bbox 246 1196 395 1222; x_wconf 72' lang='lat' dir='ltr'><strong>ducamur.</strong></span> 
     </span>
    </p>
   </div>
   <div class='ocr_carea' id='block_1_43' title="bbox 280 1299 1035 1330">
    <p class='ocr_par' dir='ltr' id='par_1_43' title="bbox 280 1299 1035 1330">
     <span class='ocr_line' id='line_1_43' title="bbox 280 1299 1035 1330; baseline 0.004 -4"><span class='ocrx_word' id='word_1_284' title='bbox 280 1299 440 1329; x_wconf 82' lang='lat' dir='ltr'><strong>Tenendum</strong></span> <span class='ocrx_word' id='word_1_285' title='bbox 455 1304 498 1327; x_wconf 87' lang='lat' dir='ltr'><strong>est</strong></span> <span class='ocrx_word' id='word_1_286' title='bbox 521 1299 605 1327; x_wconf 85' lang='lat' dir='ltr'><strong>etiam</strong></span> <span class='ocrx_word' id='word_1_287' title='bbox 622 1299 690 1328; x_wconf 89' lang='lat' dir='ltr'><strong>alias</strong></span> <span class='ocrx_word' id='word_1_288' title='bbox 709 1300 795 1328; x_wconf 83' lang='lat' dir='ltr'><strong>fuisse</strong></span> <span class='ocrx_word' id='word_1_289' title='bbox 810 1302 893 1328; x_wconf 86' lang='lat' dir='ltr'><strong>certis</strong></span> <span class='ocrx_word' id='word_1_290' title='bbox 913 1301 940 1328; x_wconf 92' lang='lat' dir='ltr'><strong>in</strong></span> <span class='ocrx_word' id='word_1_291' title='bbox 966 1302 1035 1330; x_wconf 84' lang='lat' dir='ltr'><strong>locis</strong></span> 
     </span>
    </p>
   </div>
   <div class='ocr_carea' id='block_1_44' title="bbox 248 1344 1034 1380">
    <p class='ocr_par' dir='ltr' id='par_1_44' title="bbox 248 1344 1034 1380">
     <span class='ocr_line' id='line_1_44' title="bbox 248 1344 1034 1380; baseline 0.003 -8"><span class='ocrx_word' id='word_1_292' title='bbox 248 1345 380 1380; x_wconf 84' lang='lat' dir='ltr'><strong>synodus,</strong></span> <span class='ocrx_word' id='word_1_293' title='bbox 400 1352 516 1379; x_wconf 85' lang='lat' dir='ltr'><strong>quarum</strong></span> <span class='ocrx_word' id='word_1_294' title='bbox 536 1344 646 1372; x_wconf 81' lang='lat' dir='ltr'><strong>decreta</strong></span> <span class='ocrx_word' id='word_1_295' title='bbox 663 1346 804 1378; x_wconf 82' lang='lat' dir='ltr'><strong>habemus,</strong></span> <span class='ocrx_word' id='word_1_296' title='bbox 822 1347 929 1373; x_wconf 86' lang='lat' dir='ltr'><strong>tametsi</strong></span> <span class='ocrx_word' id='word_1_297' title='bbox 955 1354 994 1374; x_wconf 76' lang='lat' dir='ltr'><strong>ea:</strong></span> <span class='ocrx_word' id='word_1_298' title='bbox 1008 1347 1034 1374; x_wconf 90' lang='lat' dir='ltr'><strong>in</strong></span> 
     </span>
    </p>
   </div>
   <div class='ocr_carea' id='block_1_45' title="bbox 245 1391 1034 1420">
    <p class='ocr_par' dir='ltr' id='par_1_45' title="bbox 245 1391 1034 1420">
     <span class='ocr_line' id='line_1_45' title="bbox 245 1391 1034 1420; baseline 0.003 -3"><span class='ocrx_word' id='word_1_299' title='bbox 245 1399 361 1418; x_wconf 84' lang='lat' dir='ltr'><strong>numero</strong></span> <span class='ocrx_word' id='word_1_300' title='bbox 395 1398 443 1418; x_wconf 76' lang='lat' dir='ltr'><strong>sex</strong></span> <span class='ocrx_word' id='word_1_301' title='bbox 478 1391 591 1418; x_wconf 89' lang='lat' dir='ltr'><strong>istorum</strong></span> <span class='ocrx_word' id='word_1_302' title='bbox 621 1392 803 1418; x_wconf 85' lang='lat' dir='ltr'><strong>conciliorum</strong></span> <span class='ocrx_word' id='word_1_303' title='bbox 834 1400 887 1420; x_wconf 93' lang='lat' dir='ltr'><strong>non</strong></span> <span class='ocrx_word' id='word_1_304' title='bbox 916 1397 1034 1420; x_wconf 78' lang='lat' dir='ltr'><strong>exstant.</strong></span> 
     </span>
    </p>
   </div>
   <div class='ocr_carea' id='block_1_46' title="bbox 245 1435 1038 1471">
    <p class='ocr_par' dir='ltr' id='par_1_46' title="bbox 245 1435 1038 1471">
     <span class='ocr_line' id='line_1_46' title="bbox 245 1435 1038 1471; baseline 0.001 -7"><span class='ocrx_word' id='word_1_305' title='bbox 245 1437 310 1464; x_wconf 78' lang='lat' dir='ltr'><strong>Tale</strong></span> <span class='ocrx_word' id='word_1_306' title='bbox 335 1435 383 1462; x_wconf 79' lang='lat' dir='ltr'><strong>fuit</strong></span> <span class='ocrx_word' id='word_1_307' title='bbox 399 1435 472 1470; x_wconf 88' lang='lat' dir='ltr'><strong>quod</strong></span> <span class='ocrx_word' id='word_1_308' title='bbox 493 1437 608 1471; x_wconf 76' lang='lat' dir='ltr'><strong>Ancwa</strong></span> <span class='ocrx_word' id='word_1_309' title='bbox 626 1440 716 1462; x_wconf 86' lang='lat' dir='ltr'><strong>actum</strong></span> <span class='ocrx_word' id='word_1_310' title='bbox 731 1443 781 1469; x_wconf 84' lang='lat' dir='ltr'><strong>est,</strong></span> <span class='ocrx_word' id='word_1_311' title='bbox 808 1438 871 1463; x_wconf 91' lang='lat' dir='ltr'><strong>item</strong></span> <span class='ocrx_word' id='word_1_312' title='bbox 899 1437 1038 1465; x_wconf 43' lang='lat' dir='ltr'><strong>Neocaesa-</strong></span> 
     </span>
    </p>
   </div>
   <div class='ocr_carea' id='block_1_47' title="bbox 245 1481 1036 1516">
    <p class='ocr_par' dir='ltr' id='par_1_47' title="bbox 245 1481 1036 1516">
     <span class='ocr_line' id='line_1_47' title="bbox 245 1481 1036 1516; baseline 0.001 -7"><span class='ocrx_word' id='word_1_313' title='bbox 245 1489 308 1513; x_wconf 56' lang='grc' dir='ltr'>ηιξ,</span> <span class='ocrx_word' id='word_1_314' title='bbox 325 1481 453 1516; x_wconf 74' lang='lat' dir='ltr'><strong>Gangris,</strong></span> <span class='ocrx_word' id='word_1_315' title='bbox 477 1481 639 1514; x_wconf 68' lang='lat' dir='ltr'><strong>Antiochiae,</strong></span> <span class='ocrx_word' id='word_1_316' title='bbox 653 1481 805 1515; x_wconf 62' lang='lat' dir='ltr'><strong>Laodiceae,</strong></span> <span class='ocrx_word' id='word_1_317' title='bbox 822 1483 953 1516; x_wconf 74' lang='lat' dir='ltr'><strong>Sardicm,</strong></span> <span class='ocrx_word' id='word_1_318' title='bbox 970 1484 1036 1513; x_wconf 83' lang='lat' dir='ltr'><strong>Car-</strong></span> 
     </span>
    </p>
   </div>
   <div class='ocr_carea' id='block_1_48' title="bbox 245 1527 1070 1574">
    <p class='ocr_par' dir='ltr' id='par_1_48' title="bbox 245 1527 1070 1574">
     <span class='ocr_line' id='line_1_48' title="bbox 245 1527 1070 1574; baseline 0.005 -20"><span class='ocrx_word' id='word_1_319' title='bbox 245 1527 365 1562; x_wconf 76' lang='lat' dir='ltr'><strong>thagine.</strong></span> <span class='ocrx_word' id='word_1_320' title='bbox 388 1527 449 1554; x_wconf 67' lang='lat' dir='ltr'><strong>llaec</strong></span> <span class='ocrx_word' id='word_1_321' title='bbox 459 1528 532 1554; x_wconf 85' lang='lat' dir='ltr'><strong>enim</strong></span> <span class='ocrx_word' id='word_1_322' title='bbox 546 1532 640 1554; x_wconf 79' lang='lat' dir='ltr'><strong>coacta</strong></span> <span class='ocrx_word' id='word_1_323' title='bbox 657 1533 721 1555; x_wconf 86' lang='lat' dir='ltr'><strong>sunt</strong></span> <span class='ocrx_word' id='word_1_324' title='bbox 739 1529 773 1555; x_wconf 87' lang='lat' dir='ltr'><strong>ob</strong></span> <span class='ocrx_word' id='word_1_325' title='bbox 795 1531 961 1564; x_wconf 70' lang='lat' dir='ltr'><strong>quaestiones</strong></span> <span class='ocrx_word' id='word_1_326' title='bbox 975 1538 1035 1557; x_wconf 83' lang='lat' dir='ltr'><strong>cer-</strong></span> <span class='ocrx_word' id='word_1_327' title='bbox 1051 1548 1070 1574; x_wconf 67' lang='grc' dir='ltr'>Ο</span> 
     </span>
    </p>
   </div>
   <div class='ocr_carea' id='block_1_49' title="bbox 245 1573 1036 1608">
    <p class='ocr_par' dir='ltr' id='par_1_49' title="bbox 245 1573 1036 1608">
     <span class='ocr_line' id='line_1_49' title="bbox 245 1573 1036 1608; baseline 0.004 -10"><span class='ocrx_word' id='word_1_328' title='bbox 245 1573 282 1599; x_wconf 84' lang='lat' dir='ltr'><strong>tis</strong></span> <span class='ocrx_word' id='word_1_329' title='bbox 302 1573 370 1599; x_wconf 77' lang='lat' dir='ltr'><strong>Iouis</strong></span> <span class='ocrx_word' id='word_1_330' title='bbox 386 1574 507 1604; x_wconf 73' lang='lat' dir='ltr'><strong>obortas,</strong></span> <span class='ocrx_word' id='word_1_331' title='bbox 526 1580 612 1607; x_wconf 81' lang='lat' dir='ltr'><strong>neque</strong></span> <span class='ocrx_word' id='word_1_332' title='bbox 628 1573 707 1607; x_wconf 83' lang='lat' dir='ltr'><strong>jussu</strong></span> <span class='ocrx_word' id='word_1_333' title='bbox 726 1574 931 1608; x_wconf 76' lang='lat' dir='ltr'><strong>imperatorum,</strong></span> <span class='ocrx_word' id='word_1_334' title='bbox 950 1583 1036 1608; x_wconf 77' lang='lat' dir='ltr'><strong>neque</strong></span> 
     </span>
    </p>
   </div>
   <div class='ocr_carea' id='block_1_50' title="bbox 246 1618 1035 1655">
    <p class='ocr_par' dir='ltr' id='par_1_50' title="bbox 246 1618 1035 1655">
     <span class='ocr_line' id='line_1_50' title="bbox 246 1618 1035 1655; baseline 0.004 -11"><span class='ocrx_word' id='word_1_335' title='bbox 246 1619 280 1645; x_wconf 89' lang='lat' dir='ltr'><strong>iis</strong></span> <span class='ocrx_word' id='word_1_336' title='bbox 295 1618 571 1655; x_wconf 61' lang='lat' dir='ltr'><strong>praiseulibuszquin</strong></span> <span class='ocrx_word' id='word_1_337' title='bbox 587 1619 774 1646; x_wconf 77' lang='lat' dir='ltr'><strong>etiamlwrum</strong></span> <span class='ocrx_word' id='word_1_338' title='bbox 797 1621 920 1654; x_wconf 68' lang='lat' dir='ltr'><strong>quaedam</strong></span> <span class='ocrx_word' id='word_1_339' title='bbox 943 1620 1035 1647; x_wconf 79' lang='lat' dir='ltr'><strong>habita</strong></span> 
     </span>
    </p>
   </div>
   <div class='ocr_carea' id='block_1_51' title="bbox 245 1662 1034 1702">
    <p class='ocr_par' dir='ltr' id='par_1_51' title="bbox 245 1662 1034 1702">
     <span class='ocr_line' id='line_1_51' title="bbox 245 1662 1034 1702; baseline 0.004 -13"><span class='ocrx_word' id='word_1_340' title='bbox 245 1668 310 1690; x_wconf 89' lang='lat' dir='ltr'><strong>sunt</strong></span> <span class='ocrx_word' id='word_1_341' title='bbox 324 1663 480 1702; x_wconf 82' lang='lat' dir='ltr'><strong>priusquam</strong></span> <span class='ocrx_word' id='word_1_342' title='bbox 497 1662 647 1695; x_wconf 67' lang='lat' dir='ltr'><strong>Qhristiani</strong></span> <span class='ocrx_word' id='word_1_343' title='bbox 664 1664 829 1695; x_wconf 82' lang='lat' dir='ltr'><strong>exsisterent</strong></span> <span class='ocrx_word' id='word_1_344' title='bbox 845 1664 1034 1698; x_wconf 65' lang='lat' dir='ltr'><strong>imperatores,</strong></span> 
     </span>
    </p>
   </div>
   <div class='ocr_carea' id='block_1_52' title="bbox 244 1708 1034 1745">
    <p class='ocr_par' dir='ltr' id='par_1_52' title="bbox 244 1708 1034 1745">
     <span class='ocr_line' id='line_1_52' title="bbox 244 1708 1034 1745; baseline 0.003 -11"><span class='ocrx_word' id='word_1_345' title='bbox 244 1708 378 1735; x_wconf 60' lang='lat' dir='ltr'><strong>Caeterum</strong></span> <span class='ocrx_word' id='word_1_346' title='bbox 397 1709 448 1735; x_wconf 73' lang='lat' dir='ltr'><strong>illa:</strong></span> <span class='ocrx_word' id='word_1_347' title='bbox 457 1709 634 1740; x_wconf 72' lang='lat' dir='ltr'><strong>meumeniea:</strong></span> <span class='ocrx_word' id='word_1_348' title='bbox 652 1709 773 1741; x_wconf 69' lang='lat' dir='ltr'><strong>fut-runt,</strong></span> <span class='ocrx_word' id='word_1_349' title='bbox 799 1710 839 1736; x_wconf 89' lang='lat' dir='ltr'><strong>sic</strong></span> <span class='ocrx_word' id='word_1_350' title='bbox 863 1710 953 1741; x_wconf 59' lang='lat' dir='ltr'><strong>dictae,</strong></span> <span class='ocrx_word' id='word_1_351' title='bbox 971 1711 1034 1745; x_wconf 86' lang='lat' dir='ltr'><strong>quia</strong></span> 
     </span>
    </p>
   </div>
   <div class='ocr_carea' id='block_1_53' title="bbox 243 1752 1036 1791">
    <p class='ocr_par' dir='ltr' id='par_1_53' title="bbox 243 1752 1036 1791">
     <span class='ocr_line' id='line_1_53' title="bbox 243 1752 1036 1791; baseline 0.001 -11"><span class='ocrx_word' id='word_1_352' title='bbox 243 1752 323 1788; x_wconf 85' lang='lat' dir='ltr'><strong>jussu</strong></span> <span class='ocrx_word' id='word_1_353' title='bbox 341 1753 538 1789; x_wconf 80' lang='lat' dir='ltr'><strong>imperatorum</strong></span> <span class='ocrx_word' id='word_1_354' title='bbox 557 1754 656 1791; x_wconf 79' lang='lat' dir='ltr'><strong>summi</strong></span> <span class='ocrx_word' id='word_1_355' title='bbox 671 1754 823 1788; x_wconf 78' lang='lat' dir='ltr'><strong>pontiﬁces,</strong></span> <span class='ocrx_word' id='word_1_356' title='bbox 841 1759 975 1790; x_wconf 82' lang='lat' dir='ltr'><strong>quotquot</strong></span> <span class='ocrx_word' id='word_1_357' title='bbox 988 1763 1036 1790; x_wconf 90' lang='lat' dir='ltr'><strong>per</strong></span> 
     </span>
    </p>
   </div>
   <div class='ocr_carea' id='block_1_54' title="bbox 245 1798 1034 1836">
    <p class='ocr_par' dir='ltr' id='par_1_54' title="bbox 245 1798 1034 1836">
     <span class='ocr_line' id='line_1_54' title="bbox 245 1798 1034 1836; baseline 0.003 -10"><span class='ocrx_word' id='word_1_358' title='bbox 245 1799 388 1836; x_wconf 87' lang='lat' dir='ltr'><strong>imperium</strong></span> <span class='ocrx_word' id='word_1_359' title='bbox 410 1798 563 1826; x_wconf 75' lang='lat' dir='ltr'><strong>Rontaunm</strong></span> <span class='ocrx_word' id='word_1_360' title='bbox 587 1804 675 1832; x_wconf 75' lang='lat' dir='ltr'><strong>erant,</strong></span> <span class='ocrx_word' id='word_1_361' title='bbox 691 1806 923 1832; x_wconf 71' lang='lat' dir='ltr'><strong>convocat-catur,</strong></span> <span class='ocrx_word' id='word_1_362' title='bbox 935 1802 1034 1835; x_wconf 86' lang='lat' dir='ltr'><strong>ctquia</strong></span> 
     </span>
    </p>
   </div>
   <div class='ocr_carea' id='block_1_55' title="bbox 244 1845 1035 1881">
    <p class='ocr_par' dir='ltr' id='par_1_55' title="bbox 244 1845 1035 1881">
     <span class='ocr_line' id='line_1_55' title="bbox 244 1845 1035 1881; baseline 0.003 -10"><span class='ocrx_word' id='word_1_363' title='bbox 244 1845 271 1871; x_wconf 92' lang='lat' dir='ltr'><strong>in</strong></span> <span class='ocrx_word' id='word_1_364' title='bbox 283 1846 379 1880; x_wconf 83' lang='lat' dir='ltr'><strong>quavis</strong></span> <span class='ocrx_word' id='word_1_365' title='bbox 387 1853 492 1877; x_wconf 80' lang='lat' dir='ltr'><strong>earum,</strong></span> <span class='ocrx_word' id='word_1_366' title='bbox 503 1846 653 1881; x_wconf 62' lang='lat' dir='ltr'><strong>prtesertim</strong></span> <span class='ocrx_word' id='word_1_367' title='bbox 665 1853 730 1874; x_wconf 86' lang='lat' dir='ltr'><strong>vero</strong></span> <span class='ocrx_word' id='word_1_368' title='bbox 739 1853 786 1874; x_wconf 82' lang='lat' dir='ltr'><strong>Sex</strong></span> <span class='ocrx_word' id='word_1_369' title='bbox 798 1847 867 1878; x_wconf 83' lang='lat' dir='ltr'><strong>istis.</strong></span> <span class='ocrx_word' id='word_1_370' title='bbox 878 1847 910 1877; x_wconf 89' lang='lat' dir='ltr'><strong>de</strong></span> <span class='ocrx_word' id='word_1_371' title='bbox 920 1847 971 1878; x_wconf 90' lang='lat' dir='ltr'><strong>lide</strong></span> <span class='ocrx_word' id='word_1_372' title='bbox 984 1848 1035 1874; x_wconf 82' lang='lat' dir='ltr'><strong>fuit</strong></span> 
     </span>
    </p>
   </div>
   <div class='ocr_carea' id='block_1_56' title="bbox 244 1891 1034 1926">
    <p class='ocr_par' dir='ltr' id='par_1_56' title="bbox 244 1891 1034 1926">
     <span class='ocr_line' id='line_1_56' title="bbox 244 1891 1034 1926; baseline 0.004 -9"><span class='ocrx_word' id='word_1_373' title='bbox 244 1892 390 1925; x_wconf 70' lang='lat' dir='ltr'><strong>qutesitum</strong></span> <span class='ocrx_word' id='word_1_374' title='bbox 400 1891 594 1926; x_wconf 70' lang='lat' dir='ltr'><strong>sulfragiisque</strong></span> <span class='ocrx_word' id='word_1_375' title='bbox 604 1897 693 1918; x_wconf 89' lang='lat' dir='ltr'><strong>actum</strong></span> <span class='ocrx_word' id='word_1_376' title='bbox 702 1896 729 1919; x_wconf 90' lang='lat' dir='ltr'><strong>et</strong></span> <span class='ocrx_word' id='word_1_377' title='bbox 748 1892 920 1919; x_wconf 76' lang='lat' dir='ltr'><strong>deﬁnitiones</strong></span> <span class='ocrx_word' id='word_1_378' title='bbox 930 1901 977 1919; x_wconf 88' lang='lat' dir='ltr'><strong>seu</strong></span> <span class='ocrx_word' id='word_1_379' title='bbox 987 1892 1034 1920; x_wconf 86' lang='lat' dir='ltr'><strong>de-</strong></span> 
     </span>
    </p>
   </div>
   <div class='ocr_carea' id='block_1_57' title="bbox 246 1936 1028 1967">
    <p class='ocr_par' dir='ltr' id='par_1_57' title="bbox 246 1936 1028 1967">
     <span class='ocr_line' id='line_1_57' title="bbox 246 1936 1028 1967; baseline 0.004 -5"><span class='ocrx_word' id='word_1_380' title='bbox 246 1940 320 1964; x_wconf 86' lang='lat' dir='ltr'><strong>creta</strong></span> <span class='ocrx_word' id='word_1_381' title='bbox 332 1937 415 1963; x_wconf 82' lang='lat' dir='ltr'><strong>edita.</strong></span> <span class='ocrx_word' id='word_1_382' title='bbox 430 1936 520 1963; x_wconf 86' lang='lat' dir='ltr'><strong>Prima</strong></span> <span class='ocrx_word' id='word_1_383' title='bbox 545 1937 646 1964; x_wconf 90' lang='lat' dir='ltr'><strong>etenim</strong></span> <span class='ocrx_word' id='word_1_384' title='bbox 662 1945 724 1964; x_wconf 88' lang='lat' dir='ltr'><strong>cum</strong></span> <span class='ocrx_word' id='word_1_385' title='bbox 746 1937 917 1967; x_wconf 82' lang='lat' dir='ltr'><strong>deﬁnivisset</strong></span> <span class='ocrx_word' id='word_1_386' title='bbox 930 1937 1028 1965; x_wconf 85' lang='lat' dir='ltr'><strong>Filium</strong></span> 
     </span>
    </p>
   </div>
   <div class='ocr_carea' id='block_1_58' title="bbox 246 1979 1032 2017">
    <p class='ocr_par' dir='ltr' id='par_1_58' title="bbox 246 1979 1032 2017">
     <span class='ocr_line' id='line_1_58' title="bbox 246 1979 1032 2017; baseline 0.006 -10"><span class='ocrx_word' id='word_1_387' title='bbox 246 1979 319 2008; x_wconf 83' lang='lat' dir='ltr'><strong>Patri</strong></span> <span class='ocrx_word' id='word_1_388' title='bbox 329 1990 390 2009; x_wconf 86' lang='lat' dir='ltr'><strong>esse</strong></span> <span class='ocrx_word' id='word_1_389' title='bbox 401 1984 532 2017; x_wconf 66' lang='lat' dir='ltr'><strong>aequalem</strong></span> <span class='ocrx_word' id='word_1_390' title='bbox 541 1982 670 2015; x_wconf 81' lang='lat' dir='ltr'><strong>essentia,</strong></span> <span class='ocrx_word' id='word_1_391' title='bbox 681 1983 761 2015; x_wconf 83' lang='lat' dir='ltr'><strong>simul</strong></span> <span class='ocrx_word' id='word_1_392' title='bbox 773 1983 855 2010; x_wconf 85' lang='lat' dir='ltr'><strong>etiam</strong></span> <span class='ocrx_word' id='word_1_393' title='bbox 867 1984 893 2010; x_wconf 93' lang='lat' dir='ltr'><strong>in</strong></span> <span class='ocrx_word' id='word_1_394' title='bbox 907 1990 1032 2012; x_wconf 86' lang='lat' dir='ltr'><strong>sanctum</strong></span> 
     </span>
    </p>
   </div>
   <div class='ocr_carea' id='block_1_59' title="bbox 246 2024 1032 2062">
    <p class='ocr_par' dir='ltr' id='par_1_59' title="bbox 246 2024 1032 2062">
     <span class='ocr_line' id='line_1_59' title="bbox 246 2024 1032 2062; baseline 0.005 -11"><span class='ocrx_word' id='word_1_395' title='bbox 246 2024 380 2060; x_wconf 86' lang='lat' dir='ltr'><strong>Spiritum</strong></span> <span class='ocrx_word' id='word_1_396' title='bbox 400 2025 473 2052; x_wconf 77' lang='lat' dir='ltr'><strong>credi</strong></span> <span class='ocrx_word' id='word_1_397' title='bbox 488 2026 581 2060; x_wconf 86' lang='lat' dir='ltr'><strong>jussit.</strong></span> <span class='ocrx_word' id='word_1_398' title='bbox 603 2024 728 2053; x_wconf 85' lang='lat' dir='ltr'><strong>Secunda</strong></span> <span class='ocrx_word' id='word_1_399' title='bbox 748 2026 880 2062; x_wconf 88' lang='lat' dir='ltr'><strong>Spiritum</strong></span> <span class='ocrx_word' id='word_1_400' title='bbox 909 2029 1032 2062; x_wconf 84' lang='lat' dir='ltr'><strong>ejusdem</strong></span> 
     </span>
    </p>
   </div>
   <div class='ocr_carea' id='block_1_60' title="bbox 246 2070 1033 2107">
    <p class='ocr_par' dir='ltr' id='par_1_60' title="bbox 246 2070 1033 2107">
     <span class='ocr_line' id='line_1_60' title="bbox 246 2070 1033 2107; baseline 0.005 -11"><span class='ocrx_word' id='word_1_401' title='bbox 246 2079 306 2096; x_wconf 70' lang='lat' dir='ltr'><strong>cum</strong></span> <span class='ocrx_word' id='word_1_402' title='bbox 318 2071 398 2098; x_wconf 80' lang='lat' dir='ltr'><strong>Patre</strong></span> <span class='ocrx_word' id='word_1_403' title='bbox 408 2074 435 2102; x_wconf 81' lang='lat' dir='ltr'><strong>et</strong></span> <span class='ocrx_word' id='word_1_404' title='bbox 451 2070 519 2097; x_wconf 79' lang='lat' dir='ltr'><strong>Filio</strong></span> <span class='ocrx_word' id='word_1_405' title='bbox 532 2074 637 2098; x_wconf 75' lang='lat' dir='ltr'><strong>natura:</strong></span> <span class='ocrx_word' id='word_1_406' title='bbox 646 2078 707 2099; x_wconf 85' lang='lat' dir='ltr'><strong>esse</strong></span> <span class='ocrx_word' id='word_1_407' title='bbox 722 2072 1033 2107; x_wconf 81' lang='lat' dir='ltr'><strong>perspicuedeeeruens,</strong></span> 
     </span>
    </p>
   </div>
   <div class='ocr_carea' id='block_1_61' title="bbox 245 2116 1030 2151">
    <p class='ocr_par' dir='ltr' id='par_1_61' title="bbox 245 2116 1030 2151">
     <span class='ocr_line' id='line_1_61' title="bbox 245 2116 1030 2151; baseline 0.004 -8"><span class='ocrx_word' id='word_1_408' title='bbox 245 2116 371 2144; x_wconf 86' lang='lat' dir='ltr'><strong>eumdem</strong></span> <span class='ocrx_word' id='word_1_409' title='bbox 390 2117 468 2151; x_wconf 85' lang='lat' dir='ltr'><strong>juxta</strong></span> <span class='ocrx_word' id='word_1_410' title='bbox 501 2118 611 2145; x_wconf 79' lang='lat' dir='ltr'><strong>adorari</strong></span> <span class='ocrx_word' id='word_1_411' title='bbox 641 2118 736 2145; x_wconf 89' lang='lat' dir='ltr'><strong>voluit.</strong></span> <span class='ocrx_word' id='word_1_412' title='bbox 759 2117 850 2149; x_wconf 86' lang='lat' dir='ltr'><strong>Tertia</strong></span> <span class='ocrx_word' id='word_1_413' title='bbox 885 2119 1030 2147; x_wconf 83' lang='lat' dir='ltr'><strong>Dominum</strong></span> 
     </span>
    </p>
   </div>
   <div class='ocr_carea' id='block_1_62' title="bbox 245 2162 1032 2198">
    <p class='ocr_par' dir='ltr' id='par_1_62' title="bbox 245 2162 1032 2198">
     <span class='ocr_line' id='line_1_62' title="bbox 245 2162 1032 2198; baseline 0.004 -9"><span class='ocrx_word' id='word_1_414' title='bbox 245 2166 370 2189; x_wconf 83' lang='lat' dir='ltr'><strong>nostrum</strong></span> <span class='ocrx_word' id='word_1_415' title='bbox 403 2162 496 2190; x_wconf 82' lang='lat' dir='ltr'><strong>Jesum</strong></span> <span class='ocrx_word' id='word_1_416' title='bbox 539 2163 663 2190; x_wconf 75' lang='lat' dir='ltr'><strong>Cltistum</strong></span> <span class='ocrx_word' id='word_1_417' title='bbox 692 2164 811 2198; x_wconf 80' lang='lat' dir='ltr'><strong>perfecta</strong></span> <span class='ocrx_word' id='word_1_418' title='bbox 848 2172 909 2192; x_wconf 91' lang='lat' dir='ltr'><strong>cum</strong></span> <span class='ocrx_word' id='word_1_419' title='bbox 940 2166 1032 2192; x_wconf 81' lang='lat' dir='ltr'><strong>divina</strong></span> 
     </span>
    </p>
   </div>
   <div class='ocr_carea' id='block_1_63' title="bbox 1089 924 1873 962">
    <p class='ocr_par' dir='ltr' id='par_1_63' title="bbox 1089 924 1873 962">
     <span class='ocr_line' id='line_1_63' title="bbox 1089 924 1873 962; baseline -0.003 -9"><span class='ocrx_word' id='word_1_420' title='bbox 1089 935 1134 959; x_wconf 89' lang='grc' dir='ltr'><strong>τος</strong></span> <span class='ocrx_word' id='word_1_421' title='bbox 1144 928 1193 962; x_wconf 78' lang='grc' dir='ltr'>τὴν</span> <span class='ocrx_word' id='word_1_422' title='bbox 1203 928 1340 962; x_wconf 74' lang='grc' dir='ltr'><strong>ἁμαρτίαν</strong></span> <span class='ocrx_word' id='word_1_423' title='bbox 1346 927 1392 954; x_wconf 83' lang='grc' dir='ltr'>τοῦ</span> <span class='ocrx_word' id='word_1_424' title='bbox 1404 927 1508 962; x_wconf 80' lang='grc' dir='ltr'>κόσμου</span> <span class='ocrx_word' id='word_1_425' title='bbox 1515 927 1616 962; x_wconf 82' lang='grc' dir='ltr'><strong>Ἀμνοῦ</strong></span> <span class='ocrx_word' id='word_1_426' title='bbox 1628 926 1747 962; x_wconf 79' lang='grc' dir='ltr'>Χριστοῦ</span> <span class='ocrx_word' id='word_1_427' title='bbox 1757 925 1802 951; x_wconf 75' lang='grc' dir='ltr'>τοῦ</span> <span class='ocrx_word' id='word_1_428' title='bbox 1813 924 1873 952; x_wconf 75' lang='grc' dir='ltr'>Θεοῦ</span> 
     </span>
    </p>
   </div>
   <div class='ocr_carea' id='block_1_64' title="bbox 1089 972 1872 1009">
    <p class='ocr_par' dir='ltr' id='par_1_64' title="bbox 1089 972 1872 1009">
     <span class='ocr_line' id='line_1_64' title="bbox 1089 972 1872 1009; baseline -0.003 -9"><span class='ocrx_word' id='word_1_429' title='bbox 1089 974 1167 1009; x_wconf 87' lang='grc' dir='ltr'>ήμῶν</span> <span class='ocrx_word' id='word_1_430' title='bbox 1179 974 1249 1001; x_wconf 83' lang='grc' dir='ltr'>κατὰ</span> <span class='ocrx_word' id='word_1_431' title='bbox 1261 975 1292 1001; x_wconf 75' lang='grc' dir='ltr'>τὸ</span> <span class='ocrx_word' id='word_1_432' title='bbox 1305 974 1475 1009; x_wconf 80' lang='grc' dir='ltr'>ἀνθρώπινον</span> <span class='ocrx_word' id='word_1_433' title='bbox 1487 974 1653 1009; x_wconf 73' lang='grc' dir='ltr'>χαρακτῆρα</span> <span class='ocrx_word' id='word_1_434' title='bbox 1667 974 1714 1000; x_wconf 83' lang='grc' dir='ltr'><strong>καί</strong></span> <span class='ocrx_word' id='word_1_435' title='bbox 1728 974 1756 999; x_wconf 84' lang='grc' dir='ltr'>ἐν</span> <span class='ocrx_word' id='word_1_436' title='bbox 1769 974 1823 1003; x_wconf 76' lang='grc' dir='ltr'>ταῖς</span> <span class='ocrx_word' id='word_1_437' title='bbox 1836 972 1872 998; x_wconf 81' lang='grc' dir='ltr'>εί-</span> 
     </span>
    </p>
   </div>
   <div class='ocr_carea' id='block_1_65' title="bbox 1088 1019 1874 1054">
    <p class='ocr_par' dir='ltr' id='par_1_65' title="bbox 1088 1019 1874 1054">
     <span class='ocr_line' id='line_1_65' title="bbox 1088 1019 1874 1054; baseline -0.003 -8"><span class='ocrx_word' id='word_1_438' title='bbox 1088 1021 1167 1046; x_wconf 84' lang='grc' dir='ltr'>κόσιν</span> <span class='ocrx_word' id='word_1_439' title='bbox 1182 1020 1236 1047; x_wconf 83' lang='grc' dir='ltr'><strong>ἀπὸ</strong></span> <span class='ocrx_word' id='word_1_440' title='bbox 1253 1020 1300 1047; x_wconf 83' lang='grc' dir='ltr'>τοῦ</span> <span class='ocrx_word' id='word_1_441' title='bbox 1318 1021 1365 1047; x_wconf 84' lang='grc' dir='ltr'>νῦν</span> <span class='ocrx_word' id='word_1_442' title='bbox 1383 1022 1442 1048; x_wconf 74' lang='grc' dir='ltr'>ἀντὶ</span> <span class='ocrx_word' id='word_1_443' title='bbox 1460 1021 1505 1046; x_wconf 78' lang='grc' dir='ltr'>τοῦ</span> <span class='ocrx_word' id='word_1_444' title='bbox 1523 1020 1640 1046; x_wconf 76' lang='grc' dir='ltr'>παλαιοῦ</span> <span class='ocrx_word' id='word_1_445' title='bbox 1659 1019 1746 1054; x_wconf 81' lang='grc' dir='ltr'>ἀμνοῦ</span> <span class='ocrx_word' id='word_1_446' title='bbox 1764 1019 1874 1052; x_wconf 60' lang='lat' dir='ltr'><strong>sum-</strong></span> 
     </span>
    </p>
   </div>
   <div class='ocr_carea' id='block_1_66' title="bbox 1087 1064 1872 1102">
    <p class='ocr_par' dir='ltr' id='par_1_66' title="bbox 1087 1064 1872 1102">
     <span class='ocr_line' id='line_1_66' title="bbox 1087 1064 1872 1102; baseline -0.003 -10"><span class='ocrx_word' id='word_1_447' title='bbox 1087 1065 1200 1093; x_wconf 83' lang='grc' dir='ltr'>λοῦσθαι</span> <span class='ocrx_word' id='word_1_448' title='bbox 1213 1067 1351 1102; x_wconf 76' lang='grc' dir='ltr'>ὁρίζομεν,</span> <span class='ocrx_word' id='word_1_449' title='bbox 1366 1067 1400 1093; x_wconf 82' lang='grc' dir='ltr'>δι’</span> <span class='ocrx_word' id='word_1_450' title='bbox 1409 1067 1489 1093; x_wconf 86' lang='grc' dir='ltr'><strong>αὐτοῦ</strong></span> <span class='ocrx_word' id='word_1_451' title='bbox 1504 1066 1533 1093; x_wconf 72' lang='grc' dir='ltr'>τὸ</span> <span class='ocrx_word' id='word_1_452' title='bbox 1546 1067 1596 1100; x_wconf 86' lang='grc' dir='ltr'>τῆς</span> <span class='ocrx_word' id='word_1_453' title='bbox 1611 1065 1801 1096; x_wconf 77' lang='grc' dir='ltr'>ταπεινώσεως</span> <span class='ocrx_word' id='word_1_454' title='bbox 1812 1064 1872 1098; x_wconf 72' lang='grc' dir='ltr'>ὕψος</span> 
     </span>
    </p>
   </div>
   <div class='ocr_carea' id='block_1_67' title="bbox 1086 1111 1871 1148">
    <p class='ocr_par' dir='ltr' id='par_1_67' title="bbox 1086 1111 1871 1148">
     <span class='ocr_line' id='line_1_67' title="bbox 1086 1111 1871 1148; baseline -0.001 -10"><span class='ocrx_word' id='word_1_455' title='bbox 1086 1113 1134 1139; x_wconf 83' lang='grc' dir='ltr'>τοῦ</span> <span class='ocrx_word' id='word_1_456' title='bbox 1148 1113 1216 1139; x_wconf 83' lang='grc' dir='ltr'><strong>Θεοῦ</strong></span> <span class='ocrx_word' id='word_1_457' title='bbox 1231 1114 1318 1147; x_wconf 87' lang='grc' dir='ltr'>Λόγου</span> <span class='ocrx_word' id='word_1_458' title='bbox 1336 1113 1541 1145; x_wconf 80' lang='grc' dir='ltr'>κατανοοῦντες,</span> <span class='ocrx_word' id='word_1_459' title='bbox 1557 1114 1604 1139; x_wconf 74' lang='grc' dir='ltr'><strong>καὶ</strong></span> <span class='ocrx_word' id='word_1_460' title='bbox 1622 1113 1691 1148; x_wconf 70' lang='grc' dir='ltr'>πρὸς</span> <span class='ocrx_word' id='word_1_461' title='bbox 1707 1112 1813 1147; x_wconf 80' lang='grc' dir='ltr'>μνήμην</span> <span class='ocrx_word' id='word_1_462' title='bbox 1828 1111 1871 1145; x_wconf 83' lang='grc' dir='ltr'>τῆς</span> 
     </span>
    </p>
   </div>
   <div class='ocr_carea' id='block_1_68' title="bbox 1087 1157 1870 1194">
    <p class='ocr_par' dir='ltr' id='par_1_68' title="bbox 1087 1157 1870 1194">
     <span class='ocr_line' id='line_1_68' title="bbox 1087 1157 1870 1194; baseline -0.003 -9"><span class='ocrx_word' id='word_1_463' title='bbox 1087 1159 1117 1185; x_wconf 81' lang='grc' dir='ltr'>ἐν</span> <span class='ocrx_word' id='word_1_464' title='bbox 1132 1159 1215 1194; x_wconf 77' lang='grc' dir='ltr'>σαρκὶ</span> <span class='ocrx_word' id='word_1_465' title='bbox 1230 1159 1368 1192; x_wconf 72' lang='grc' dir='ltr'>πολιτείας</span> <span class='ocrx_word' id='word_1_466' title='bbox 1381 1160 1427 1186; x_wconf 71' lang='grc' dir='ltr'>τοῦ</span> <span class='ocrx_word' id='word_1_467' title='bbox 1443 1169 1471 1186; x_wconf 86' lang='grc' dir='ltr'><strong>τε</strong></span> <span class='ocrx_word' id='word_1_468' title='bbox 1487 1160 1589 1190; x_wconf 74' lang='grc' dir='ltr'>πάθους</span> <span class='ocrx_word' id='word_1_469' title='bbox 1605 1158 1691 1185; x_wconf 78' lang='grc' dir='ltr'>αὐτοῦ</span> <span class='ocrx_word' id='word_1_470' title='bbox 1707 1159 1752 1184; x_wconf 68' lang='grc' dir='ltr'>καὶ</span> <span class='ocrx_word' id='word_1_471' title='bbox 1765 1157 1808 1183; x_wconf 83' lang='grc' dir='ltr'>τοῦ</span> <span class='ocrx_word' id='word_1_472' title='bbox 1823 1165 1870 1183; x_wconf 78' lang='grc' dir='ltr'>σω-</span> 
     </span>
    </p>
   </div>
   <div class='ocr_carea' id='block_1_69' title="bbox 1087 1202 1870 1241">
    <p class='ocr_par' dir='ltr' id='par_1_69' title="bbox 1087 1202 1870 1241">
     <span class='ocr_line' id='line_1_69' title="bbox 1087 1202 1870 1241; baseline 0.001 -10"><span class='ocrx_word' id='word_1_473' title='bbox 1087 1205 1182 1239; x_wconf 72' lang='grc' dir='ltr'>τηρίου</span> <span class='ocrx_word' id='word_1_474' title='bbox 1205 1205 1321 1232; x_wconf 80' lang='grc' dir='ltr'>θανάτου</span> <span class='ocrx_word' id='word_1_475' title='bbox 1344 1206 1594 1241; x_wconf 74' lang='grc' dir='ltr'>χειραγωγούμενοι</span> <span class='ocrx_word' id='word_1_476' title='bbox 1618 1205 1667 1234; x_wconf 83' lang='grc' dir='ltr'><strong>καὶ</strong></span> <span class='ocrx_word' id='word_1_477' title='bbox 1686 1205 1734 1239; x_wconf 80' lang='grc' dir='ltr'>τῆς</span> <span class='ocrx_word' id='word_1_478' title='bbox 1754 1202 1870 1230; x_wconf 75' lang='grc' dir='ltr'>ἐντεῦθεν</span> 
     </span>
    </p>
   </div>
   <div class='ocr_carea' id='block_1_70' title="bbox 1088 1252 1637 1287">
    <p class='ocr_par' dir='ltr' id='par_1_70' title="bbox 1088 1252 1637 1287">
     <span class='ocr_line' id='line_1_70' title="bbox 1088 1252 1637 1287; baseline 0 -9"><span class='ocrx_word' id='word_1_479' title='bbox 1088 1252 1231 1286; x_wconf 73' lang='grc' dir='ltr'>γιιομένης</span> <span class='ocrx_word' id='word_1_480' title='bbox 1246 1252 1286 1286; x_wconf 83' lang='grc' dir='ltr'>τῷ</span> <span class='ocrx_word' id='word_1_481' title='bbox 1301 1252 1394 1287; x_wconf 77' lang='grc' dir='ltr'>κόσμῳ</span> <span class='ocrx_word' id='word_1_482' title='bbox 1411 1252 1637 1287; x_wconf 70' lang='grc' dir='ltr'>ἀπολυτρώσεως.</span> 
     </span>
    </p>
   </div>
   <div class='ocr_carea' id='block_1_71' title="bbox 1129 1297 1871 1333">
    <p class='ocr_par' dir='ltr' id='par_1_71' title="bbox 1129 1297 1871 1333">
     <span class='ocr_line' id='line_1_71' title="bbox 1129 1297 1871 1333; baseline 0.001 -10"><span class='ocrx_word' id='word_1_483' title='bbox 1129 1298 1227 1324; x_wconf 77' lang='grc' dir='ltr'>’ἰστέον</span> <span class='ocrx_word' id='word_1_484' title='bbox 1242 1298 1270 1324; x_wconf 77' lang='grc' dir='ltr'><strong>δὲ</strong></span> <span class='ocrx_word' id='word_1_485' title='bbox 1285 1297 1323 1329; x_wconf 76' lang='grc' dir='ltr'>ὡς</span> <span class='ocrx_word' id='word_1_486' title='bbox 1339 1300 1385 1325; x_wconf 78' lang='grc' dir='ltr'>καὶ</span> <span class='ocrx_word' id='word_1_487' title='bbox 1402 1299 1494 1333; x_wconf 75' lang='grc' dir='ltr'>ἕτεραι</span> <span class='ocrx_word' id='word_1_488' title='bbox 1515 1298 1645 1333; x_wconf 82' lang='grc' dir='ltr'>γεγόνασι</span> <span class='ocrx_word' id='word_1_489' title='bbox 1663 1299 1738 1325; x_wconf 76' lang='grc' dir='ltr'>τόποι</span> <span class='ocrx_word' id='word_1_490' title='bbox 1754 1299 1798 1325; x_wconf 75' lang='grc' dir='ltr'>καὶ</span> <span class='ocrx_word' id='word_1_491' title='bbox 1813 1297 1871 1324; x_wconf 83' lang='grc' dir='ltr'>σύν-</span> 
     </span>
    </p>
   </div>
   <div class='ocr_carea' id='block_1_72' title="bbox 1087 1343 1869 1379">
    <p class='ocr_par' dir='ltr' id='par_1_72' title="bbox 1087 1343 1869 1379">
     <span class='ocr_line' id='line_1_72' title="bbox 1087 1343 1869 1379; baseline -0.003 -9"><span class='ocrx_word' id='word_1_492' title='bbox 1087 1343 1158 1375; x_wconf 84' lang='grc' dir='ltr'>οδοι,</span> <span class='ocrx_word' id='word_1_493' title='bbox 1175 1344 1222 1369; x_wconf 84' lang='grc' dir='ltr'>καὶ</span> <span class='ocrx_word' id='word_1_494' title='bbox 1239 1343 1354 1375; x_wconf 78' lang='grc' dir='ltr'>κανόνας</span> <span class='ocrx_word' id='word_1_495' title='bbox 1369 1344 1472 1371; x_wconf 85' lang='grc' dir='ltr'>τούτων</span> <span class='ocrx_word' id='word_1_496' title='bbox 1489 1345 1656 1379; x_wconf 80' lang='grc' dir='ltr'>κατέχομεν,</span> <span class='ocrx_word' id='word_1_497' title='bbox 1673 1346 1698 1370; x_wconf 85' lang='grc' dir='ltr'><strong>εί</strong></span> <span class='ocrx_word' id='word_1_498' title='bbox 1714 1345 1760 1371; x_wconf 72' lang='grc' dir='ltr'>καὶ</span> <span class='ocrx_word' id='word_1_499' title='bbox 1776 1343 1811 1378; x_wconf 82' lang='grc' dir='ltr'>μὴ</span> <span class='ocrx_word' id='word_1_500' title='bbox 1826 1351 1869 1369; x_wconf 80' lang='grc' dir='ltr'>κυ-</span> 
     </span>
    </p>
   </div>
   <div class='ocr_carea' id='block_1_73' title="bbox 1089 1389 1867 1425">
    <p class='ocr_par' dir='ltr' id='par_1_73' title="bbox 1089 1389 1867 1425">
     <span class='ocr_line' id='line_1_73' title="bbox 1089 1389 1867 1425; baseline 0 -10"><span class='ocrx_word' id='word_1_501' title='bbox 1089 1389 1153 1425; x_wconf 79' lang='grc' dir='ltr'>ρίως</span> <span class='ocrx_word' id='word_1_502' title='bbox 1163 1390 1209 1419; x_wconf 72' lang='grc' dir='ltr'>καὶ</span> <span class='ocrx_word' id='word_1_503' title='bbox 1225 1389 1263 1424; x_wconf 82' lang='grc' dir='ltr'>τῷ</span> <span class='ocrx_word' id='word_1_504' title='bbox 1278 1390 1386 1424; x_wconf 79' lang='grc' dir='ltr'>ἀριθμῷ</span> <span class='ocrx_word' id='word_1_505' title='bbox 1401 1390 1455 1416; x_wconf 87' lang='grc' dir='ltr'><strong>τῶν</strong></span> <span class='ocrx_word' id='word_1_506' title='bbox 1469 1390 1499 1424; x_wconf 69' lang='grc' dir='ltr'><strong>ξε</strong></span> <span class='ocrx_word' id='word_1_507' title='bbox 1515 1389 1698 1425; x_wconf 73' lang='grc' dir='ltr'>ἀριθμοῦνται</span> <span class='ocrx_word' id='word_1_508' title='bbox 1715 1389 1867 1423; x_wconf 72' lang='grc' dir='ltr'>συνόδωνή</span> 
     </span>
    </p>
   </div>
   <div class='ocr_carea' id='block_1_74' title="bbox 1087 1434 1869 1470">
    <p class='ocr_par' dir='ltr' id='par_1_74' title="bbox 1087 1434 1869 1470">
     <span class='ocr_line' id='line_1_74' title="bbox 1087 1434 1869 1470; baseline 0.001 -10"><span class='ocrx_word' id='word_1_509' title='bbox 1087 1435 1116 1460; x_wconf 85' lang='grc' dir='ltr'>ἐν</span> <span class='ocrx_word' id='word_1_510' title='bbox 1130 1434 1260 1470; x_wconf 80' lang='grc' dir='ltr'>Ἀγκύρᾳ.</span> <span class='ocrx_word' id='word_1_511' title='bbox 1277 1435 1292 1470; x_wconf 87' lang='grc' dir='ltr'><strong>ή</strong></span> <span class='ocrx_word' id='word_1_512' title='bbox 1308 1435 1336 1460; x_wconf 82' lang='grc' dir='ltr'>ὲν</span> <span class='ocrx_word' id='word_1_513' title='bbox 1351 1435 1562 1470; x_wconf 79' lang='grc' dir='ltr'>Νεοκαισαρείᾳ,</span> <span class='ocrx_word' id='word_1_514' title='bbox 1577 1436 1592 1470; x_wconf 84' lang='grc' dir='ltr'><strong>ή</strong></span> <span class='ocrx_word' id='word_1_515' title='bbox 1610 1435 1641 1461; x_wconf 87' lang='grc' dir='ltr'>ἐν</span> <span class='ocrx_word' id='word_1_516' title='bbox 1655 1435 1801 1470; x_wconf 78' lang='grc' dir='ltr'>Γάγγραις,</span> <span class='ocrx_word' id='word_1_517' title='bbox 1815 1434 1829 1467; x_wconf 82' lang='grc' dir='ltr'>ἡ</span> <span class='ocrx_word' id='word_1_518' title='bbox 1844 1434 1869 1458; x_wconf 81' lang='grc' dir='ltr'>ὲν</span> 
     </span>
    </p>
   </div>
   <div class='ocr_carea' id='block_1_75' title="bbox 1087 1479 1868 1516">
    <p class='ocr_par' dir='ltr' id='par_1_75' title="bbox 1087 1479 1868 1516">
     <span class='ocr_line' id='line_1_75' title="bbox 1087 1479 1868 1516; baseline -0.003 -11"><span class='ocrx_word' id='word_1_519' title='bbox 1087 1479 1249 1515; x_wconf 76' lang='grc' dir='ltr'>’Δντιοχείᾳ,</span> <span class='ocrx_word' id='word_1_520' title='bbox 1262 1481 1279 1515; x_wconf 81' lang='grc' dir='ltr'>ἡ</span> <span class='ocrx_word' id='word_1_521' title='bbox 1295 1481 1323 1506; x_wconf 79' lang='grc' dir='ltr'>ὲν</span> <span class='ocrx_word' id='word_1_522' title='bbox 1336 1479 1493 1516; x_wconf 70' lang='grc' dir='ltr'>Λαοδικείᾳ,</span> <span class='ocrx_word' id='word_1_523' title='bbox 1509 1481 1524 1516; x_wconf 85' lang='grc' dir='ltr'>ἠ</span> <span class='ocrx_word' id='word_1_524' title='bbox 1541 1480 1570 1506; x_wconf 85' lang='grc' dir='ltr'>ὲν</span> <span class='ocrx_word' id='word_1_525' title='bbox 1584 1480 1716 1515; x_wconf 70' lang='grc' dir='ltr'>Σαρδικῇ,</span> <span class='ocrx_word' id='word_1_526' title='bbox 1729 1481 1746 1514; x_wconf 86' lang='grc' dir='ltr'>ἡ</span> <span class='ocrx_word' id='word_1_527' title='bbox 1761 1480 1787 1506; x_wconf 83' lang='grc' dir='ltr'>ὲν</span> <span class='ocrx_word' id='word_1_528' title='bbox 1800 1479 1868 1512; x_wconf 82' lang='grc' dir='ltr'>Καρ-</span> 
     </span>
    </p>
   </div>
   <div class='ocr_carea' id='block_1_76' title="bbox 1088 1526 1866 1561">
    <p class='ocr_par' dir='ltr' id='par_1_76' title="bbox 1088 1526 1866 1561">
     <span class='ocr_line' id='line_1_76' title="bbox 1088 1526 1866 1561; baseline -0.001 -10"><span class='ocrx_word' id='word_1_529' title='bbox 1088 1526 1198 1561; x_wconf 64' lang='grc' dir='ltr'>ταγένῃ.</span> <span class='ocrx_word' id='word_1_530' title='bbox 1217 1527 1249 1553; x_wconf 81' lang='grc' dir='ltr'><strong>Αἱ</strong></span> <span class='ocrx_word' id='word_1_531' title='bbox 1270 1527 1319 1560; x_wconf 84' lang='grc' dir='ltr'>μὲν</span> <span class='ocrx_word' id='word_1_532' title='bbox 1335 1527 1390 1561; x_wconf 78' lang='grc' dir='ltr'>γὰρ</span> <span class='ocrx_word' id='word_1_533' title='bbox 1405 1527 1524 1553; x_wconf 81' lang='grc' dir='ltr'>τοπικῶν</span> <span class='ocrx_word' id='word_1_534' title='bbox 1540 1526 1685 1561; x_wconf 72' lang='grc' dir='ltr'>ζητήσεων</span> <span class='ocrx_word' id='word_1_535' title='bbox 1718 1526 1796 1552; x_wconf 77' lang='grc' dir='ltr'>ἕνεκα</span> <span class='ocrx_word' id='word_1_536' title='bbox 1814 1533 1866 1551; x_wconf 84' lang='grc' dir='ltr'>συν-</span> 
     </span>
    </p>
   </div>
   <div class='ocr_carea' id='block_1_77' title="bbox 1087 1571 1867 1607">
    <p class='ocr_par' dir='ltr' id='par_1_77' title="bbox 1087 1571 1867 1607">
     <span class='ocr_line' id='line_1_77' title="bbox 1087 1571 1867 1607; baseline -0.003 -10"><span class='ocrx_word' id='word_1_537' title='bbox 1087 1571 1216 1606; x_wconf 75' lang='grc' dir='ltr'>έστησαν,</span> <span class='ocrx_word' id='word_1_538' title='bbox 1231 1572 1299 1607; x_wconf 87' lang='grc' dir='ltr'>μήτε</span> <span class='ocrx_word' id='word_1_539' title='bbox 1316 1571 1448 1606; x_wconf 83' lang='grc' dir='ltr'>βασιλέων</span> <span class='ocrx_word' id='word_1_540' title='bbox 1457 1572 1693 1606; x_wconf 69' lang='grc' dir='ltr'>συνεδρευσέντων</span> <span class='ocrx_word' id='word_1_541' title='bbox 1701 1572 1792 1605; x_wconf 73' lang='grc' dir='ltr'>αὐτοῖς</span> <span class='ocrx_word' id='word_1_542' title='bbox 1808 1571 1867 1606; x_wconf 82' lang='grc' dir='ltr'>μήτε</span> 
     </span>
    </p>
   </div>
   <div class='ocr_carea' id='block_1_78' title="bbox 1088 1617 1868 1655">
    <p class='ocr_par' dir='ltr' id='par_1_78' title="bbox 1088 1617 1868 1655">
     <span class='ocr_line' id='line_1_78' title="bbox 1088 1617 1868 1655; baseline 0 -13"><span class='ocrx_word' id='word_1_543' title='bbox 1088 1617 1307 1655; x_wconf 73' lang='grc' dir='ltr'>προσταξάντων,</span> <span class='ocrx_word' id='word_1_544' title='bbox 1325 1618 1405 1644; x_wconf 87' lang='grc' dir='ltr'>τινῶν</span> <span class='ocrx_word' id='word_1_545' title='bbox 1424 1618 1451 1644; x_wconf 79' lang='grc' dir='ltr'><strong>δὲ</strong></span> <span class='ocrx_word' id='word_1_546' title='bbox 1473 1618 1562 1644; x_wconf 79' lang='grc' dir='ltr'>αὐτῶν</span> <span class='ocrx_word' id='word_1_547' title='bbox 1584 1617 1634 1644; x_wconf 68' lang='grc' dir='ltr'>καὶ</span> <span class='ocrx_word' id='word_1_548' title='bbox 1657 1619 1708 1653; x_wconf 65' lang='grc' dir='ltr'>πρὸ</span> <span class='ocrx_word' id='word_1_549' title='bbox 1726 1618 1774 1652; x_wconf 77' lang='grc' dir='ltr'>τῆς</span> <span class='ocrx_word' id='word_1_550' title='bbox 1792 1625 1868 1646; x_wconf 83' lang='grc' dir='ltr'>κατα-</span> 
     </span>
    </p>
   </div>
   <div class='ocr_carea' id='block_1_79' title="bbox 1089 1663 1866 1699">
    <p class='ocr_par' dir='ltr' id='par_1_79' title="bbox 1089 1663 1866 1699">
     <span class='ocr_line' id='line_1_79' title="bbox 1089 1663 1866 1699; baseline -0.001 -10"><span class='ocrx_word' id='word_1_551' title='bbox 1089 1663 1210 1695; x_wconf 77' lang='grc' dir='ltr'>στάσεως</span> <span class='ocrx_word' id='word_1_552' title='bbox 1225 1664 1279 1690; x_wconf 88' lang='grc' dir='ltr'><strong>τῶν</strong></span> <span class='ocrx_word' id='word_1_553' title='bbox 1293 1664 1466 1698; x_wconf 76' lang='grc' dir='ltr'>Χριστιανῶν</span> <span class='ocrx_word' id='word_1_554' title='bbox 1483 1663 1617 1699; x_wconf 78' lang='grc' dir='ltr'>βασιλέων</span> <span class='ocrx_word' id='word_1_555' title='bbox 1632 1664 1825 1699; x_wconf 85' lang='grc' dir='ltr'>γεγενημένων.</span> <span class='ocrx_word' id='word_1_556' title='bbox 1839 1663 1866 1689; x_wconf 80' lang='lat' dir='ltr'><strong>Al</strong></span> 
     </span>
    </p>
   </div>
   <div class='ocr_carea' id='block_1_80' title="bbox 1086 1708 1868 1744">
    <p class='ocr_par' dir='ltr' id='par_1_80' title="bbox 1086 1708 1868 1744">
     <span class='ocr_line' id='line_1_80' title="bbox 1086 1708 1868 1744; baseline -0.001 -10"><span class='ocrx_word' id='word_1_557' title='bbox 1086 1708 1114 1735; x_wconf 78' lang='grc' dir='ltr'><strong>δὲ</strong></span> <span class='ocrx_word' id='word_1_558' title='bbox 1129 1710 1316 1743; x_wconf 80' lang='grc' dir='ltr'>οἱκουμενικα“ι</span> <span class='ocrx_word' id='word_1_559' title='bbox 1331 1709 1485 1743; x_wconf 84' lang='grc' dir='ltr'>γεγόνασιν.</span> <span class='ocrx_word' id='word_1_560' title='bbox 1496 1710 1671 1744; x_wconf 75' lang='grc' dir='ltr'>Ἐκλήοησαν</span> <span class='ocrx_word' id='word_1_561' title='bbox 1684 1710 1712 1736; x_wconf 81' lang='grc' dir='ltr'><strong>δὲ</strong></span> <span class='ocrx_word' id='word_1_562' title='bbox 1726 1710 1868 1743; x_wconf 78' lang='grc' dir='ltr'>οἱκουμενι-</span> 
     </span>
    </p>
   </div>
   <div class='ocr_carea' id='block_1_81' title="bbox 1086 1753 1867 1791">
    <p class='ocr_par' dir='ltr' id='par_1_81' title="bbox 1086 1753 1867 1791">
     <span class='ocr_line' id='line_1_81' title="bbox 1086 1753 1867 1791; baseline 0 -11"><span class='ocrx_word' id='word_1_563' title='bbox 1086 1753 1145 1786; x_wconf 78' lang='grc' dir='ltr'>καὶ,</span> <span class='ocrx_word' id='word_1_564' title='bbox 1165 1754 1234 1781; x_wconf 82' lang='grc' dir='ltr'>διότι</span> <span class='ocrx_word' id='word_1_565' title='bbox 1254 1755 1287 1781; x_wconf 82' lang='grc' dir='ltr'>ἐκ</span> <span class='ocrx_word' id='word_1_566' title='bbox 1309 1755 1458 1781; x_wconf 81' lang='grc' dir='ltr'>κελεύσεων</span> <span class='ocrx_word' id='word_1_567' title='bbox 1480 1755 1630 1791; x_wconf 78' lang='grc' dir='ltr'>βασιλικῶν</span> <span class='ocrx_word' id='word_1_568' title='bbox 1651 1756 1676 1782; x_wconf 75' lang='grc' dir='ltr'>οἱ</span> <span class='ocrx_word' id='word_1_569' title='bbox 1698 1755 1766 1782; x_wconf 65' lang='grc' dir='ltr'>κατὰ</span> <span class='ocrx_word' id='word_1_570' title='bbox 1786 1756 1867 1781; x_wconf 72' lang='grc' dir='ltr'>πᾶσαν</span> 
     </span>
    </p>
   </div>
   <div class='ocr_carea' id='block_1_82' title="bbox 1085 1801 1866 1837">
    <p class='ocr_par' dir='ltr' id='par_1_82' title="bbox 1085 1801 1866 1837">
     <span class='ocr_line' id='line_1_82' title="bbox 1085 1801 1866 1837; baseline -0.004 -9"><span class='ocrx_word' id='word_1_571' title='bbox 1085 1801 1134 1836; x_wconf 81' lang='grc' dir='ltr'>τὴν</span> <span class='ocrx_word' id='word_1_572' title='bbox 1151 1801 1295 1835; x_wconf 84' lang='grc' dir='ltr'>Ῥωμαίων</span> <span class='ocrx_word' id='word_1_573' title='bbox 1321 1802 1462 1829; x_wconf 80' lang='grc' dir='ltr'>πολιτεὶαν</span> <span class='ocrx_word' id='word_1_574' title='bbox 1487 1803 1627 1837; x_wconf 82' lang='grc' dir='ltr'>ἀρχιερεῖς</span> <span class='ocrx_word' id='word_1_575' title='bbox 1655 1801 1866 1837; x_wconf 71' lang='grc' dir='ltr'>μετεκλήθησαν,</span> 
     </span>
    </p>
   </div>
   <div class='ocr_carea' id='block_1_83' title="bbox 1086 1846 1867 1887">
    <p class='ocr_par' dir='ltr' id='par_1_83' title="bbox 1086 1846 1867 1887">
     <span class='ocr_line' id='line_1_83' title="bbox 1086 1846 1867 1887; baseline 0 -15"><span class='ocrx_word' id='word_1_576' title='bbox 1086 1847 1132 1873; x_wconf 71' lang='grc' dir='ltr'>καὶ</span> <span class='ocrx_word' id='word_1_577' title='bbox 1148 1847 1188 1874; x_wconf 86' lang='grc' dir='ltr'>ὅτι</span> <span class='ocrx_word' id='word_1_578' title='bbox 1206 1848 1234 1873; x_wconf 80' lang='grc' dir='ltr'>ὲν</span> <span class='ocrx_word' id='word_1_579' title='bbox 1251 1846 1363 1887; x_wconf 67' lang='grc' dir='ltr'>ξκάστῃ,</span> <span class='ocrx_word' id='word_1_580' title='bbox 1384 1848 1430 1874; x_wconf 78' lang='grc' dir='ltr'>καὶ</span> <span class='ocrx_word' id='word_1_581' title='bbox 1449 1848 1566 1883; x_wconf 83' lang='grc' dir='ltr'>μάλιστα</span> <span class='ocrx_word' id='word_1_582' title='bbox 1583 1847 1639 1874; x_wconf 85' lang='grc' dir='ltr'><strong>τῶν</strong></span> <span class='ocrx_word' id='word_1_583' title='bbox 1655 1848 1684 1881; x_wconf 77' lang='grc' dir='ltr'><strong>ἒξ</strong></span> <span class='ocrx_word' id='word_1_584' title='bbox 1699 1847 1798 1873; x_wconf 82' lang='grc' dir='ltr'>τούτων</span> <span class='ocrx_word' id='word_1_585' title='bbox 1813 1855 1867 1872; x_wconf 86' lang='grc' dir='ltr'>συν-</span> 
     </span>
    </p>
   </div>
   <div class='ocr_carea' id='block_1_84' title="bbox 1085 1886 1866 1929">
    <p class='ocr_par' dir='ltr' id='par_1_84' title="bbox 1085 1886 1866 1929">
     <span class='ocr_line' id='line_1_84' title="bbox 1085 1886 1866 1929; baseline -0.003 -11"><span class='ocrx_word' id='word_1_586' title='bbox 1085 1893 1163 1925; x_wconf 82' lang='grc' dir='ltr'>όδων,</span> <span class='ocrx_word' id='word_1_587' title='bbox 1177 1893 1241 1928; x_wconf 75' lang='grc' dir='ltr'>περὶ</span> <span class='ocrx_word' id='word_1_588' title='bbox 1255 1886 1373 1927; x_wconf 66' lang='grc' dir='ltr'>πίστεως</span> <span class='ocrx_word' id='word_1_589' title='bbox 1386 1895 1402 1928; x_wconf 83' lang='grc' dir='ltr'><strong>ὴ</strong></span> <span class='ocrx_word' id='word_1_590' title='bbox 1418 1893 1532 1929; x_wconf 78' lang='grc' dir='ltr'>ζήτησις</span> <span class='ocrx_word' id='word_1_591' title='bbox 1543 1893 1642 1927; x_wconf 76' lang='grc' dir='ltr'>γέγονε</span> <span class='ocrx_word' id='word_1_592' title='bbox 1656 1894 1703 1920; x_wconf 67' lang='grc' dir='ltr'><strong>καὶ</strong></span> <span class='ocrx_word' id='word_1_593' title='bbox 1715 1893 1801 1927; x_wconf 59' lang='grc' dir='ltr'>ψῆςος</span> <span class='ocrx_word' id='word_1_594' title='bbox 1813 1892 1866 1927; x_wconf 70' lang='grc' dir='ltr'>ἦτοι</span> 
     </span>
    </p>
   </div>
   <div class='ocr_carea' id='block_1_85' title="bbox 1084 1931 1867 1975">
    <p class='ocr_par' dir='ltr' id='par_1_85' title="bbox 1084 1931 1867 1975">
     <span class='ocr_line' id='line_1_85' title="bbox 1084 1931 1867 1975; baseline -0.004 -11"><span class='ocrx_word' id='word_1_595' title='bbox 1084 1938 1146 1973; x_wconf 82' lang='grc' dir='ltr'>ὅρος</span> <span class='ocrx_word' id='word_1_596' title='bbox 1162 1939 1326 1974; x_wconf 82' lang='grc' dir='ltr'>δογματικὸς</span> <span class='ocrx_word' id='word_1_597' title='bbox 1343 1931 1509 1974; x_wconf 79' lang='grc' dir='ltr'>ἐξενήνεκτο.</span> <span class='ocrx_word' id='word_1_598' title='bbox 1526 1939 1557 1964; x_wconf 89' lang='lat' dir='ltr'><strong>&#39;H</strong></span> <span class='ocrx_word' id='word_1_599' title='bbox 1575 1932 1627 1973; x_wconf 84' lang='grc' dir='ltr'>μὲν</span> <span class='ocrx_word' id='word_1_600' title='bbox 1643 1939 1696 1975; x_wconf 72' lang='grc' dir='ltr'>γᾴρ</span> <span class='ocrx_word' id='word_1_601' title='bbox 1712 1938 1804 1973; x_wconf 78' lang='grc' dir='ltr'>πρώτη</span> <span class='ocrx_word' id='word_1_602' title='bbox 1820 1935 1867 1971; x_wconf 75' lang='grc' dir='ltr'>ὁρί-</span> 
     </span>
    </p>
   </div>
   <div class='ocr_carea' id='block_1_86' title="bbox 1087 1983 1867 2020">
    <p class='ocr_par' dir='ltr' id='par_1_86' title="bbox 1087 1983 1867 2020">
     <span class='ocr_line' id='line_1_86' title="bbox 1087 1983 1867 2020; baseline -0.005 -10"><span class='ocrx_word' id='word_1_603' title='bbox 1087 1992 1156 2010; x_wconf 85' lang='grc' dir='ltr'>σασα</span> <span class='ocrx_word' id='word_1_604' title='bbox 1171 1984 1312 2019; x_wconf 80' lang='grc' dir='ltr'>ὁμοούσιον</span> <span class='ocrx_word' id='word_1_605' title='bbox 1326 1984 1363 2018; x_wconf 83' lang='grc' dir='ltr'>τῷ</span> <span class='ocrx_word' id='word_1_606' title='bbox 1380 1985 1467 2020; x_wconf 86' lang='grc' dir='ltr'>Πατρὶ</span> <span class='ocrx_word' id='word_1_607' title='bbox 1481 1985 1526 2011; x_wconf 82' lang='grc' dir='ltr'>τὸν</span> <span class='ocrx_word' id='word_1_608' title='bbox 1539 1984 1603 2010; x_wconf 81' lang='grc' dir='ltr'>Υἰδν</span> <span class='ocrx_word' id='word_1_609' title='bbox 1613 2003 1620 2017; x_wconf 85' lang='grc'><strong>,</strong></span> <span class='ocrx_word' id='word_1_610' title='bbox 1636 1983 1812 2019; x_wconf 75' lang='grc' dir='ltr'>παρηγγύησε</span> <span class='ocrx_word' id='word_1_611' title='bbox 1826 1983 1867 2007; x_wconf 83' lang='grc' dir='ltr'>καὶ</span> 
     </span>
    </p>
   </div>
   <div class='ocr_carea' id='block_1_87' title="bbox 1084 2028 1866 2065">
    <p class='ocr_par' dir='ltr' id='par_1_87' title="bbox 1084 2028 1866 2065">
     <span class='ocr_line' id='line_1_87' title="bbox 1084 2028 1866 2065; baseline -0.001 -11"><span class='ocrx_word' id='word_1_612' title='bbox 1084 2030 1124 2061; x_wconf 78' lang='grc' dir='ltr'><strong>είς</strong></span> <span class='ocrx_word' id='word_1_613' title='bbox 1136 2028 1167 2060; x_wconf 72' lang='grc' dir='ltr'>τὸ</span> <span class='ocrx_word' id='word_1_614' title='bbox 1183 2028 1294 2063; x_wconf 81' lang='grc' dir='ltr'>Πνεῦμα</span> <span class='ocrx_word' id='word_1_615' title='bbox 1307 2029 1336 2055; x_wconf 82' lang='grc' dir='ltr'>τὸ</span> <span class='ocrx_word' id='word_1_616' title='bbox 1352 2030 1429 2063; x_wconf 78' lang='grc' dir='ltr'>Ξιγιον</span> <span class='ocrx_word' id='word_1_617' title='bbox 1443 2029 1583 2055; x_wconf 84' lang='grc' dir='ltr'>πιστεύειν</span> <span class='ocrx_word' id='word_1_618' title='bbox 1594 2037 1600 2043; x_wconf 77' lang='grc'><strong><em>³</em></strong></span> <span class='ocrx_word' id='word_1_619' title='bbox 1615 2029 1632 2065; x_wconf 78' lang='grc' dir='ltr'>ἡ</span> <span class='ocrx_word' id='word_1_620' title='bbox 1647 2029 1674 2055; x_wconf 87' lang='grc' dir='ltr'><strong>δὲ</strong></span> <span class='ocrx_word' id='word_1_621' title='bbox 1689 2029 1798 2063; x_wconf 86' lang='grc' dir='ltr'>δευτέρα</span> <span class='ocrx_word' id='word_1_622' title='bbox 1812 2028 1866 2061; x_wconf 66' lang='grc' dir='ltr'>ὁμου</span> 
     </span>
    </p>
   </div>
   <div class='ocr_carea' id='block_1_88' title="bbox 1084 2073 1864 2109">
    <p class='ocr_par' dir='ltr' id='par_1_88' title="bbox 1084 2073 1864 2109">
     <span class='ocr_line' id='line_1_88' title="bbox 1084 2073 1864 2109; baseline -0.004 -9"><span class='ocrx_word' id='word_1_623' title='bbox 1084 2075 1174 2100; x_wconf 75' lang='grc' dir='ltr'>οὐσιον</span> <span class='ocrx_word' id='word_1_624' title='bbox 1189 2073 1236 2106; x_wconf 66' lang='grc' dir='ltr'>τοῦ</span> <span class='ocrx_word' id='word_1_625' title='bbox 1255 2075 1361 2109; x_wconf 79' lang='grc' dir='ltr'>Πατρδς</span> <span class='ocrx_word' id='word_1_626' title='bbox 1379 2075 1425 2101; x_wconf 79' lang='grc' dir='ltr'><strong>καὶ</strong></span> <span class='ocrx_word' id='word_1_627' title='bbox 1440 2075 1487 2100; x_wconf 73' lang='grc' dir='ltr'>τοῦ</span> <span class='ocrx_word' id='word_1_628' title='bbox 1507 2074 1571 2101; x_wconf 80' lang='grc' dir='ltr'><strong>Υἱοῦ</strong></span> <span class='ocrx_word' id='word_1_629' title='bbox 1587 2075 1618 2100; x_wconf 77' lang='grc' dir='ltr'>τὸ</span> <span class='ocrx_word' id='word_1_630' title='bbox 1636 2075 1745 2108; x_wconf 80' lang='grc' dir='ltr'>Πνεῦμα</span> <span class='ocrx_word' id='word_1_631' title='bbox 1761 2074 1864 2109; x_wconf 74' lang='grc' dir='ltr'>ὁρίσασα</span> 
     </span>
    </p>
   </div>
   <div class='ocr_carea' id='block_1_89' title="bbox 1085 2119 1856 2156">
    <p class='ocr_par' dir='ltr' id='par_1_89' title="bbox 1085 2119 1856 2156">
     <span class='ocr_line' id='line_1_89' title="bbox 1085 2119 1856 2156; baseline -0.003 -10"><span class='ocrx_word' id='word_1_632' title='bbox 1085 2120 1191 2156; x_wconf 83' lang='grc' dir='ltr'>τρανῶς</span> <span class='ocrx_word' id='word_1_633' title='bbox 1207 2121 1476 2156; x_wconf 77' lang='grc' dir='ltr'>συμπροσκυνείσθαι</span> <span class='ocrx_word' id='word_1_634' title='bbox 1492 2121 1636 2148; x_wconf 73' lang='grc' dir='ltr'>ἐθέσπισεν</span> <span class='ocrx_word' id='word_1_635' title='bbox 1648 2129 1655 2136; x_wconf 95' lang='grc'><strong>·</strong></span> <span class='ocrx_word' id='word_1_636' title='bbox 1671 2123 1687 2155; x_wconf 75' lang='grc' dir='ltr'>ἡ</span> <span class='ocrx_word' id='word_1_637' title='bbox 1703 2121 1730 2147; x_wconf 85' lang='grc' dir='ltr'><strong>δὲ</strong></span> <span class='ocrx_word' id='word_1_638' title='bbox 1743 2121 1816 2155; x_wconf 79' lang='grc' dir='ltr'>τρίτη</span> <span class='ocrx_word' id='word_1_639' title='bbox 1830 2119 1856 2144; x_wconf 78' lang='grc' dir='ltr'><em>τέ</em></span> 
     </span>
    </p>
   </div>
   <div class='ocr_carea' id='block_1_90' title="bbox 1085 2163 1863 2202">
    <p class='ocr_par' dir='ltr' id='par_1_90' title="bbox 1085 2163 1863 2202">
     <span class='ocr_line' id='line_1_90' title="bbox 1085 2163 1863 2202; baseline -0.003 -11"><span class='ocrx_word' id='word_1_640' title='bbox 1085 2166 1156 2192; x_wconf 85' lang='grc' dir='ltr'>λειον</span> <span class='ocrx_word' id='word_1_641' title='bbox 1171 2167 1200 2192; x_wconf 83' lang='grc' dir='ltr'>ἐν</span> <span class='ocrx_word' id='word_1_642' title='bbox 1215 2165 1322 2200; x_wconf 76' lang='grc' dir='ltr'>θεότητι</span> <span class='ocrx_word' id='word_1_643' title='bbox 1338 2166 1385 2192; x_wconf 72' lang='grc' dir='ltr'><strong>καὶ</strong></span> <span class='ocrx_word' id='word_1_644' title='bbox 1399 2166 1502 2193; x_wconf 84' lang='grc' dir='ltr'>τέλειον</span> <span class='ocrx_word' id='word_1_645' title='bbox 1517 2167 1545 2193; x_wconf 84' lang='grc' dir='ltr'>ὲν</span> <span class='ocrx_word' id='word_1_646' title='bbox 1560 2167 1749 2202; x_wconf 74' lang='grc' dir='ltr'>ἀνθρωπότητι</span> <span class='ocrx_word' id='word_1_647' title='bbox 1763 2165 1806 2192; x_wconf 81' lang='grc' dir='ltr'>τὸν</span> <span class='ocrx_word' id='word_1_648' title='bbox 1820 2163 1863 2190; x_wconf 74' lang='grc' dir='ltr'>Κύ,</span> 
     </span>
    </p>
   </div>
   <div class='ocr_carea' id='block_1_91' title="bbox 246 2207 1036 2249">
    <p class='ocr_par' dir='ltr' id='par_1_91' title="bbox 246 2207 1030 2244">
     <span class='ocr_line' id='line_1_91' title="bbox 246 2207 1030 2244; baseline 0.005 -10"><span class='ocrx_word' id='word_1_649' title='bbox 246 2213 304 2234; x_wconf 92' lang='lat' dir='ltr'><strong>tum</strong></span> <span class='ocrx_word' id='word_1_650' title='bbox 319 2207 438 2235; x_wconf 84' lang='lat' dir='ltr'><strong>humana</strong></span> <span class='ocrx_word' id='word_1_651' title='bbox 455 2208 597 2243; x_wconf 59' lang='lat' dir='ltr'><strong>praeditum</strong></span> <span class='ocrx_word' id='word_1_652' title='bbox 619 2213 716 2236; x_wconf 86' lang='lat' dir='ltr'><strong>natura</strong></span> <span class='ocrx_word' id='word_1_653' title='bbox 735 2211 931 2244; x_wconf 84' lang='lat' dir='ltr'><strong>pronuntians.</strong></span> <span class='ocrx_word' id='word_1_654' title='bbox 946 2219 1030 2238; x_wconf 90' lang='lat' dir='ltr'><strong>unum</strong></span> 
     </span>
    </p>
   </div>
   <div class='ocr_carea' id='block_1_92' title="bbox 1087 2207 1863 2249">
    <p class='ocr_par' dir='ltr' id='par_1_92' title="bbox 1087 2209 1863 2249">
     <span class='ocr_line' id='line_1_92' title="bbox 1087 2209 1863 2249; baseline -0.004 -10"><span class='ocrx_word' id='word_1_655' title='bbox 1087 2221 1144 2247; x_wconf 81' lang='grc' dir='ltr'>ριον</span> <span class='ocrx_word' id='word_1_656' title='bbox 1158 2212 1237 2248; x_wconf 77' lang='grc' dir='ltr'>ήμῶν</span> <span class='ocrx_word' id='word_1_657' title='bbox 1253 2213 1357 2248; x_wconf 79' lang='grc' dir='ltr'>Ἰησοῦν</span> <span class='ocrx_word' id='word_1_658' title='bbox 1372 2213 1489 2249; x_wconf 71' lang='grc' dir='ltr'>Χριστὸν</span> <span class='ocrx_word' id='word_1_659' title='bbox 1504 2213 1636 2248; x_wconf 81' lang='grc' dir='ltr'>ὁρίσασα,</span> <span class='ocrx_word' id='word_1_660' title='bbox 1654 2213 1702 2239; x_wconf 68' lang='grc' dir='ltr'>ἕνα</span> <span class='ocrx_word' id='word_1_661' title='bbox 1720 2212 1765 2238; x_wconf 74' lang='grc' dir='ltr'>καὶ</span> <span class='ocrx_word' id='word_1_662' title='bbox 1781 2212 1808 2238; x_wconf 78' lang='grc' dir='ltr'>οὐ</span> <span class='ocrx_word' id='word_1_663' title='bbox 1823 2209 1863 2236; x_wconf 85' lang='grc' dir='ltr'><strong>δύο</strong></span> 
     </span>
    </p>
   </div>
   <div class='ocr_carea' id='block_1_93' title="bbox 244 2253 1034 2291">
    <p class='ocr_par' dir='ltr' id='par_1_93' title="bbox 244 2253 1034 2291">
     <span class='ocr_line' id='line_1_93' title="bbox 244 2253 1034 2291; baseline 0.004 -11"><span class='ocrx_word' id='word_1_664' title='bbox 244 2257 272 2280; x_wconf 88' lang='lat' dir='ltr'><strong>et</strong></span> <span class='ocrx_word' id='word_1_665' title='bbox 289 2261 342 2280; x_wconf 90' lang='lat' dir='ltr'><strong>non</strong></span> <span class='ocrx_word' id='word_1_666' title='bbox 369 2254 437 2280; x_wconf 87' lang='lat' dir='ltr'><strong>duos</strong></span> <span class='ocrx_word' id='word_1_667' title='bbox 452 2253 537 2281; x_wconf 83' lang='lat' dir='ltr'><strong>Filios</strong></span> <span class='ocrx_word' id='word_1_668' title='bbox 554 2262 615 2282; x_wconf 83' lang='lat' dir='ltr'><strong>esse</strong></span> <span class='ocrx_word' id='word_1_669' title='bbox 640 2255 745 2282; x_wconf 83' lang='lat' dir='ltr'><strong>statuit.</strong></span> <span class='ocrx_word' id='word_1_670' title='bbox 770 2255 872 2288; x_wconf 81' lang='lat' dir='ltr'><strong>Quarta</strong></span> <span class='ocrx_word' id='word_1_671' title='bbox 890 2257 1034 2291; x_wconf 65' lang='lat' dir='ltr'><strong>praedictas</strong></span> 
     </span>
    </p>
   </div>
   <div class='ocr_carea' id='block_1_94' title="bbox 245 2299 1034 2336">
    <p class='ocr_par' dir='ltr' id='par_1_94' title="bbox 245 2299 1034 2336">
     <span class='ocr_line' id='line_1_94' title="bbox 245 2299 1034 2336; baseline 0.004 -10"><span class='ocrx_word' id='word_1_672' title='bbox 245 2299 395 2327; x_wconf 87' lang='lat' dir='ltr'><strong>sententias</strong></span> <span class='ocrx_word' id='word_1_673' title='bbox 415 2299 497 2335; x_wconf 76' lang='lat'><strong>769</strong></span> <span class='ocrx_word' id='word_1_674' title='bbox 512 2304 586 2328; x_wconf 72' lang='lat' dir='ltr'><strong>ratas</strong></span> <span class='ocrx_word' id='word_1_675' title='bbox 604 2300 715 2335; x_wconf 85' lang='lat' dir='ltr'><strong>jubens,</strong></span> <span class='ocrx_word' id='word_1_676' title='bbox 738 2308 868 2336; x_wconf 85' lang='lat' dir='ltr'><strong>expresse</strong></span> <span class='ocrx_word' id='word_1_677' title='bbox 895 2302 1034 2330; x_wconf 80' lang='lat' dir='ltr'><strong>mandavit</strong></span> 
     </span>
    </p>
   </div>
   <div class='ocr_carea' id='block_1_95' title="bbox 245 2344 1033 2383">
    <p class='ocr_par' dir='ltr' id='par_1_95' title="bbox 245 2344 1033 2383">
     <span class='ocr_line' id='line_1_95' title="bbox 245 2344 1033 2383; baseline 0.008 -12"><span class='ocrx_word' id='word_1_678' title='bbox 245 2345 272 2371; x_wconf 93' lang='lat' dir='ltr'><strong>in</strong></span> <span class='ocrx_word' id='word_1_679' title='bbox 286 2344 356 2372; x_wconf 87' lang='lat' dir='ltr'><strong>Filio</strong></span> <span class='ocrx_word' id='word_1_680' title='bbox 372 2346 441 2373; x_wconf 87' lang='lat' dir='ltr'><strong>duas</strong></span> <span class='ocrx_word' id='word_1_681' title='bbox 462 2350 575 2373; x_wconf 86' lang='lat' dir='ltr'><strong>naturas</strong></span> <span class='ocrx_word' id='word_1_682' title='bbox 591 2346 695 2383; x_wconf 86' lang='lat' dir='ltr'><strong>absque</strong></span> <span class='ocrx_word' id='word_1_683' title='bbox 707 2346 870 2375; x_wconf 78' lang='lat' dir='ltr'><strong>confusione</strong></span> <span class='ocrx_word' id='word_1_684' title='bbox 895 2351 922 2379; x_wconf 86' lang='lat' dir='ltr'><strong>et</strong></span> <span class='ocrx_word' id='word_1_685' title='bbox 943 2348 1033 2379; x_wconf 77' lang='lat' dir='ltr'><strong>divul-</strong></span> 
     </span>
    </p>
   </div>
   <div class='ocr_carea' id='block_1_96' title="bbox 245 2390 1033 2425">
    <p class='ocr_par' dir='ltr' id='par_1_96' title="bbox 245 2390 1033 2425">
     <span class='ocr_line' id='line_1_96' title="bbox 245 2390 1033 2425; baseline 0.005 -8"><span class='ocrx_word' id='word_1_686' title='bbox 245 2391 322 2418; x_wconf 89' lang='lat' dir='ltr'><strong>sione</strong></span> <span class='ocrx_word' id='word_1_687' title='bbox 335 2391 421 2418; x_wconf 87' lang='lat' dir='ltr'><strong>credi.</strong></span> <span class='ocrx_word' id='word_1_688' title='bbox 439 2390 538 2424; x_wconf 82' lang='lat' dir='ltr'><strong>Quinta</strong></span> <span class='ocrx_word' id='word_1_689' title='bbox 565 2392 659 2419; x_wconf 84' lang='lat' dir='ltr'><strong>eadem</strong></span> <span class='ocrx_word' id='word_1_690' title='bbox 678 2392 736 2422; x_wconf 66' lang='lat' dir='ltr'><strong>haec</strong></span> <span class='ocrx_word' id='word_1_691' title='bbox 763 2392 941 2425; x_wconf 72' lang='lat' dir='ltr'><strong>conﬁrmans.</strong></span> <span class='ocrx_word' id='word_1_692' title='bbox 955 2394 1033 2421; x_wconf 77' lang='lat' dir='ltr'><strong>(Ihri-</strong></span> 
     </span>
    </p>
   </div>
   <div class='ocr_carea' id='block_1_97' title="bbox 244 2437 1035 2474">
    <p class='ocr_par' dir='ltr' id='par_1_97' title="bbox 244 2437 1035 2474">
     <span class='ocr_line' id='line_1_97' title="bbox 244 2437 1035 2474; baseline 0.004 -10"><span class='ocrx_word' id='word_1_693' title='bbox 244 2441 317 2465; x_wconf 83' lang='lat' dir='ltr'><strong>stum</strong></span> <span class='ocrx_word' id='word_1_694' title='bbox 349 2437 501 2465; x_wconf 87' lang='lat' dir='ltr'><strong>secundum</strong></span> <span class='ocrx_word' id='word_1_695' title='bbox 530 2443 675 2474; x_wconf 86' lang='lat' dir='ltr'><strong>utramque</strong></span> <span class='ocrx_word' id='word_1_696' title='bbox 700 2442 825 2465; x_wconf 84' lang='lat' dir='ltr'><strong>naturam</strong></span> <span class='ocrx_word' id='word_1_697' title='bbox 848 2439 989 2467; x_wconf 80' lang='lat' dir='ltr'><strong>voluntate</strong></span> <span class='ocrx_word' id='word_1_698' title='bbox 1007 2444 1035 2467; x_wconf 83' lang='lat' dir='ltr'><strong>et</strong></span> 
     </span>
    </p>
   </div>
   <div class='ocr_carea' id='block_1_98' title="bbox 245 2481 1033 2518">
    <p class='ocr_par' dir='ltr' id='par_1_98' title="bbox 245 2481 1033 2518">
     <span class='ocr_line' id='line_1_98' title="bbox 245 2481 1033 2518; baseline 0.005 -10"><span class='ocrx_word' id='word_1_699' title='bbox 245 2481 405 2511; x_wconf 78' lang='lat' dir='ltr'><strong>eﬂicacitate</strong></span> <span class='ocrx_word' id='word_1_700' title='bbox 422 2483 567 2518; x_wconf 68' lang='lat' dir='ltr'><strong>prteditum</strong></span> <span class='ocrx_word' id='word_1_701' title='bbox 585 2483 696 2518; x_wconf 75' lang='lat' dir='ltr'><strong>agnosci</strong></span> <span class='ocrx_word' id='word_1_702' title='bbox 711 2483 851 2518; x_wconf 68' lang='lat' dir='ltr'><strong>praecepit.</strong></span> <span class='ocrx_word' id='word_1_703' title='bbox 865 2484 947 2511; x_wconf 80' lang='lat' dir='ltr'><strong>Sexta</strong></span> <span class='ocrx_word' id='word_1_704' title='bbox 972 2492 1033 2511; x_wconf 91' lang='lat' dir='ltr'><strong>om-</strong></span> 
     </span>
    </p>
   </div>
   <div class='ocr_carea' id='block_1_99' title="bbox 245 2528 1033 2565">
    <p class='ocr_par' dir='ltr' id='par_1_99' title="bbox 245 2528 1033 2565">
     <span class='ocr_line' id='line_1_99' title="bbox 245 2528 1033 2565; baseline 0.003 -10"><span class='ocrx_word' id='word_1_705' title='bbox 245 2529 320 2555; x_wconf 88' lang='lat' dir='ltr'><strong>nium</strong></span> <span class='ocrx_word' id='word_1_706' title='bbox 334 2529 515 2556; x_wconf 82' lang='lat' dir='ltr'><strong>conciliorum</strong></span> <span class='ocrx_word' id='word_1_707' title='bbox 535 2528 646 2556; x_wconf 84' lang='lat' dir='ltr'><strong>decreta</strong></span> <span class='ocrx_word' id='word_1_708' title='bbox 671 2536 821 2557; x_wconf 84' lang='lat' dir='ltr'><strong>recensens</strong></span> <span class='ocrx_word' id='word_1_709' title='bbox 837 2533 918 2564; x_wconf 90' lang='lat' dir='ltr'><strong>atque</strong></span> <span class='ocrx_word' id='word_1_710' title='bbox 935 2537 1033 2565; x_wconf 82' lang='lat' dir='ltr'><strong>appro-</strong></span> 
     </span>
    </p>
   </div>
   <div class='ocr_carea' id='block_1_100' title="bbox 245 2573 1032 2610">
    <p class='ocr_par' dir='ltr' id='par_1_100' title="bbox 245 2573 1032 2610">
     <span class='ocr_line' id='line_1_100' title="bbox 245 2573 1032 2610; baseline 0.005 -10"><span class='ocrx_word' id='word_1_711' title='bbox 245 2573 325 2606; x_wconf 85' lang='lat' dir='ltr'><strong>bans,</strong></span> <span class='ocrx_word' id='word_1_712' title='bbox 346 2574 405 2608; x_wconf 89' lang='lat' dir='ltr'><strong>ipsa</strong></span> <span class='ocrx_word' id='word_1_713' title='bbox 429 2582 539 2610; x_wconf 88' lang='lat' dir='ltr'><strong>quoque</strong></span> <span class='ocrx_word' id='word_1_714' title='bbox 556 2574 697 2602; x_wconf 81' lang='lat' dir='ltr'><strong>Christum</strong></span> <span class='ocrx_word' id='word_1_715' title='bbox 725 2575 876 2609; x_wconf 82' lang='lat' dir='ltr'><strong>perfectum</strong></span> <span class='ocrx_word' id='word_1_716' title='bbox 893 2580 920 2604; x_wconf 86' lang='lat' dir='ltr'><strong>et</strong></span> <span class='ocrx_word' id='word_1_717' title='bbox 948 2577 1032 2604; x_wconf 81' lang='lat' dir='ltr'><strong>Deum</strong></span> 
     </span>
    </p>
   </div>
   <div class='ocr_carea' id='block_1_101' title="bbox 245 2619 1032 2658">
    <p class='ocr_par' dir='ltr' id='par_1_101' title="bbox 245 2619 1032 2658">
     <span class='ocr_line' id='line_1_101' title="bbox 245 2619 1032 2658; baseline 0.006 -13"><span class='ocrx_word' id='word_1_718' title='bbox 245 2623 272 2646; x_wconf 88' lang='lat' dir='ltr'><strong>et</strong></span> <span class='ocrx_word' id='word_1_719' title='bbox 291 2619 431 2647; x_wconf 88' lang='lat' dir='ltr'><strong>hominem</strong></span> <span class='ocrx_word' id='word_1_720' title='bbox 457 2629 518 2648; x_wconf 84' lang='lat' dir='ltr'><strong>esse</strong></span> <span class='ocrx_word' id='word_1_721' title='bbox 556 2621 679 2655; x_wconf 78' lang='lat' dir='ltr'><strong>professa</strong></span> <span class='ocrx_word' id='word_1_722' title='bbox 704 2626 757 2649; x_wconf 86' lang='lat' dir='ltr'><strong>est.</strong></span> <span class='ocrx_word' id='word_1_723' title='bbox 786 2622 872 2649; x_wconf 81' lang='lat' dir='ltr'><strong>Porro</strong></span> <span class='ocrx_word' id='word_1_724' title='bbox 896 2630 910 2648; x_wconf 93' lang='lat' dir='ltr'><strong>a</strong></span> <span class='ocrx_word' id='word_1_725' title='bbox 942 2623 1032 2658; x_wconf 87' lang='lat' dir='ltr'><strong>primo</strong></span> 
     </span>
    </p>
   </div>
   <div class='ocr_carea' id='block_1_102' title="bbox 245 2667 1033 2702">
    <p class='ocr_par' dir='ltr' id='par_1_102' title="bbox 245 2667 1033 2702">
     <span class='ocr_line' id='line_1_102' title="bbox 245 2667 1033 2702; baseline 0.006 -9"><span class='ocrx_word' id='word_1_726' title='bbox 245 2667 364 2694; x_wconf 81' lang='lat' dir='ltr'><strong>concilio</strong></span> <span class='ocrx_word' id='word_1_727' title='bbox 395 2675 482 2702; x_wconf 84' lang='lat' dir='ltr'><strong>usque</strong></span> <span class='ocrx_word' id='word_1_728' title='bbox 534 2668 566 2696; x_wconf 81' lang='lat' dir='ltr'><strong>ad</strong></span> <span class='ocrx_word' id='word_1_729' title='bbox 608 2668 761 2698; x_wconf 84' lang='lat' dir='ltr'><strong>secundum</strong></span> <span class='ocrx_word' id='word_1_730' title='bbox 794 2669 858 2696; x_wconf 86' lang='lat' dir='ltr'><strong>anni</strong></span> <span class='ocrx_word' id='word_1_731' title='bbox 896 2669 1033 2698; x_wconf 81' lang='lat' dir='ltr'><strong>[luxerunt</strong></span> 
     </span>
    </p>
   </div>
   <div class='ocr_carea' id='block_1_103' title="bbox 245 2712 1033 2748">
    <p class='ocr_par' dir='ltr' id='par_1_103' title="bbox 245 2712 1033 2748">
     <span class='ocr_line' id='line_1_103' title="bbox 245 2712 1033 2748; baseline 0.005 -9"><span class='ocrx_word' id='word_1_732' title='bbox 245 2712 290 2745; x_wconf 84' lang='lat'><strong>56,</strong></span> <span class='ocrx_word' id='word_1_733' title='bbox 318 2720 333 2739; x_wconf 86' lang='lat' dir='ltr'><strong>a</strong></span> <span class='ocrx_word' id='word_1_734' title='bbox 359 2714 479 2740; x_wconf 80' lang='lat' dir='ltr'><strong>secundo</strong></span> <span class='ocrx_word' id='word_1_735' title='bbox 505 2715 624 2742; x_wconf 89' lang='lat' dir='ltr'><strong>concilio</strong></span> <span class='ocrx_word' id='word_1_736' title='bbox 650 2714 685 2742; x_wconf 83' lang='lat' dir='ltr'><strong>ad</strong></span> <span class='ocrx_word' id='word_1_737' title='bbox 714 2715 824 2742; x_wconf 87' lang='lat' dir='ltr'><strong>tertium</strong></span> <span class='ocrx_word' id='word_1_738' title='bbox 851 2715 896 2748; x_wconf 81' lang='grc'>50,</span> <span class='ocrx_word' id='word_1_739' title='bbox 918 2723 933 2742; x_wconf 86' lang='lat' dir='ltr'><strong>a</strong></span> <span class='ocrx_word' id='word_1_740' title='bbox 952 2717 1033 2744; x_wconf 82' lang='lat' dir='ltr'><strong>tertio</strong></span> 
     </span>
    </p>
   </div>
   <div class='ocr_carea' id='block_1_104' title="bbox 245 2758 1032 2798">
    <p class='ocr_par' dir='ltr' id='par_1_104' title="bbox 245 2758 1032 2798">
     <span class='ocr_line' id='line_1_104' title="bbox 245 2758 1032 2798; baseline 0.008 -14"><span class='ocrx_word' id='word_1_741' title='bbox 245 2758 278 2786; x_wconf 87' lang='lat' dir='ltr'><strong>ad</strong></span> <span class='ocrx_word' id='word_1_742' title='bbox 299 2763 427 2794; x_wconf 86' lang='lat' dir='ltr'><strong>quartum</strong></span> <span class='ocrx_word' id='word_1_743' title='bbox 440 2759 484 2793; x_wconf 77' lang='lat' dir='ltr'><strong>3t),</strong></span> <span class='ocrx_word' id='word_1_744' title='bbox 497 2768 509 2787; x_wconf 67' lang='grc' dir='ltr'><strong>ιι</strong></span> <span class='ocrx_word' id='word_1_745' title='bbox 524 2766 621 2796; x_wconf 85' lang='lat' dir='ltr'><strong>quarto</strong></span> <span class='ocrx_word' id='word_1_746' title='bbox 641 2762 674 2789; x_wconf 84' lang='lat' dir='ltr'><strong>ad</strong></span> <span class='ocrx_word' id='word_1_747' title='bbox 690 2761 817 2796; x_wconf 85' lang='lat' dir='ltr'><strong>quintqu</strong></span> <span class='ocrx_word' id='word_1_748' title='bbox 829 2761 890 2795; x_wconf 77' lang='grc'><strong>102,</strong></span> <span class='ocrx_word' id='word_1_749' title='bbox 907 2769 920 2788; x_wconf 84' lang='lat' dir='ltr'><strong>a</strong></span> <span class='ocrx_word' id='word_1_750' title='bbox 936 2762 1032 2798; x_wconf 82' lang='lat' dir='ltr'><strong>quinto</strong></span> 
     </span>
    </p>
   </div>
   <div class='ocr_carea' id='block_1_105' title="bbox 245 2798 904 2841">
    <p class='ocr_par' dir='ltr' id='par_1_105' title="bbox 245 2798 904 2841">
     <span class='ocr_line' id='line_1_105' title="bbox 245 2798 904 2841; baseline 0.005 -10"><span class='ocrx_word' id='word_1_751' title='bbox 245 2805 279 2835; x_wconf 71' lang='lat' dir='ltr'><strong>ad</strong></span> <span class='ocrx_word' id='word_1_752' title='bbox 302 2809 409 2832; x_wconf 79' lang='lat' dir='ltr'><strong>sextum</strong></span> <span class='ocrx_word' id='word_1_753' title='bbox 436 2805 497 2838; x_wconf 71' lang='lat'><strong>129,</strong></span> <span class='ocrx_word' id='word_1_754' title='bbox 513 2798 619 2834; x_wconf 46' lang='grc' dir='ltr'>α’διικιο</span> <span class='ocrx_word' id='word_1_755' title='bbox 637 2806 668 2834; x_wconf 88' lang='lat' dir='ltr'><strong>ad</strong></span> <span class='ocrx_word' id='word_1_756' title='bbox 682 2806 826 2841; x_wconf 87' lang='lat' dir='ltr'><strong>septimum</strong></span> <span class='ocrx_word' id='word_1_757' title='bbox 845 2807 904 2834; x_wconf 78' lang='grc'><strong>122.</strong></span> 
     </span>
    </p>
   </div>
   <div class='ocr_carea' id='block_1_106' title="bbox 283 2850 1032 2888">
    <p class='ocr_par' dir='ltr' id='par_1_106' title="bbox 283 2850 1032 2888">
     <span class='ocr_line' id='line_1_106' title="bbox 283 2850 1032 2888; baseline 0.003 -11"><span class='ocrx_word' id='word_1_758' title='bbox 283 2850 320 2877; x_wconf 81' lang='lat' dir='ltr'><strong>Ea</strong></span> <span class='ocrx_word' id='word_1_759' title='bbox 339 2855 508 2886; x_wconf 68' lang='lat' dir='ltr'><strong>tempestate.</strong></span> <span class='ocrx_word' id='word_1_760' title='bbox 536 2860 597 2880; x_wconf 88' lang='lat' dir='ltr'><strong>cum</strong></span> <span class='ocrx_word' id='word_1_761' title='bbox 614 2852 725 2888; x_wconf 81' lang='lat' dir='ltr'><strong>quidam</strong></span> <span class='ocrx_word' id='word_1_762' title='bbox 751 2851 837 2883; x_wconf 84' lang='lat' dir='ltr'><strong>solus,</strong></span> <span class='ocrx_word' id='word_1_763' title='bbox 867 2860 934 2879; x_wconf 79' lang='lat' dir='ltr'><strong>caue</strong></span> <span class='ocrx_word' id='word_1_764' title='bbox 947 2853 1032 2879; x_wconf 82' lang='lat' dir='ltr'><strong>comi-</strong></span> 
     </span>
    </p>
   </div>
   <div class='ocr_carea' id='block_1_107' title="bbox 1087 2257 1863 2294">
    <p class='ocr_par' dir='ltr' id='par_1_107' title="bbox 1087 2257 1863 2294">
     <span class='ocr_line' id='line_1_107' title="bbox 1087 2257 1863 2294; baseline -0.004 -10"><span class='ocrx_word' id='word_1_765' title='bbox 1087 2258 1166 2290; x_wconf 77' lang='grc' dir='ltr'><strong>Υίοῦς</strong></span> <span class='ocrx_word' id='word_1_766' title='bbox 1180 2258 1358 2293; x_wconf 79' lang='grc' dir='ltr'>ἐδογμάτισεν</span> <span class='ocrx_word' id='word_1_767' title='bbox 1367 2266 1374 2274; x_wconf 92' lang='grc'>·</span> <span class='ocrx_word' id='word_1_768' title='bbox 1388 2259 1405 2294; x_wconf 78' lang='grc' dir='ltr'><strong>ἡ</strong></span> <span class='ocrx_word' id='word_1_769' title='bbox 1414 2257 1443 2284; x_wconf 82' lang='grc' dir='ltr'><strong>δὲ</strong></span> <span class='ocrx_word' id='word_1_770' title='bbox 1455 2258 1571 2293; x_wconf 81' lang='grc' dir='ltr'>τετάρτη</span> <span class='ocrx_word' id='word_1_771' title='bbox 1585 2257 1619 2284; x_wconf 86' lang='grc' dir='ltr'>τὰ</span> <span class='ocrx_word' id='word_1_772' title='bbox 1632 2257 1810 2293; x_wconf 80' lang='grc' dir='ltr'>προλεχθὲντα</span> <span class='ocrx_word' id='word_1_773' title='bbox 1822 2263 1863 2281; x_wconf 86' lang='grc' dir='ltr'>κυ-</span> 
     </span>
    </p>
   </div>
   <div class='ocr_carea' id='block_1_108' title="bbox 1088 2300 1861 2338">
    <p class='ocr_par' dir='ltr' id='par_1_108' title="bbox 1088 2300 1861 2338">
     <span class='ocr_line' id='line_1_108' title="bbox 1088 2300 1861 2338; baseline -0.005 -9"><span class='ocrx_word' id='word_1_774' title='bbox 1088 2302 1208 2338; x_wconf 80' lang='grc' dir='ltr'>ρώσασα,</span> <span class='ocrx_word' id='word_1_775' title='bbox 1222 2303 1269 2329; x_wconf 85' lang='grc' dir='ltr'><strong>δύο</strong></span> <span class='ocrx_word' id='word_1_776' title='bbox 1282 2302 1378 2338; x_wconf 83' lang='grc' dir='ltr'>φύσεις</span> <span class='ocrx_word' id='word_1_777' title='bbox 1392 2303 1421 2329; x_wconf 76' lang='grc' dir='ltr'>ἐν</span> <span class='ocrx_word' id='word_1_778' title='bbox 1433 2302 1506 2337; x_wconf 85' lang='grc' dir='ltr'>αὑτῴ</span> <span class='ocrx_word' id='word_1_779' title='bbox 1520 2302 1702 2338; x_wconf 80' lang='grc' dir='ltr'>γνωρίζεσθαι</span> <span class='ocrx_word' id='word_1_780' title='bbox 1714 2300 1861 2335; x_wconf 57' lang='lat' dir='ltr'><strong>deamvi-rw;</strong></span> 
     </span>
    </p>
   </div>
   <div class='ocr_carea' id='block_1_109' title="bbox 1085 2339 1863 2389">
    <p class='ocr_par' dir='ltr' id='par_1_109' title="bbox 1085 2339 1863 2389">
     <span class='ocr_line' id='line_1_109' title="bbox 1085 2339 1863 2389; baseline -0.006 -13"><span class='ocrx_word' id='word_1_781' title='bbox 1085 2339 1133 2376; x_wconf 71' lang='grc' dir='ltr'>καὶ</span> <span class='ocrx_word' id='word_1_782' title='bbox 1153 2349 1314 2385; x_wconf 75' lang='grc' dir='ltr'>ἀδιαιρέτως</span> <span class='ocrx_word' id='word_1_783' title='bbox 1335 2349 1440 2389; x_wconf 82' lang='grc' dir='ltr'>τρανῶς</span> <span class='ocrx_word' id='word_1_784' title='bbox 1462 2349 1653 2384; x_wconf 83' lang='grc' dir='ltr'>διηγόρευσεν·</span> <span class='ocrx_word' id='word_1_785' title='bbox 1674 2350 1691 2385; x_wconf 91' lang='grc' dir='ltr'><strong>ή</strong></span> <span class='ocrx_word' id='word_1_786' title='bbox 1711 2349 1739 2375; x_wconf 77' lang='grc' dir='ltr'><strong>δὲ</strong></span> <span class='ocrx_word' id='word_1_787' title='bbox 1760 2348 1863 2382; x_wconf 80' lang='grc' dir='ltr'>πέμπτη</span> 
     </span>
    </p>
   </div>
   <div class='ocr_carea' id='block_1_110' title="bbox 1085 2391 1862 2435">
    <p class='ocr_par' dir='ltr' id='par_1_110' title="bbox 1085 2391 1862 2435">
     <span class='ocr_line' id='line_1_110' title="bbox 1085 2391 1862 2435; baseline -0.004 -15"><span class='ocrx_word' id='word_1_788' title='bbox 1085 2394 1171 2427; x_wconf 78' lang='grc' dir='ltr'>ταῦτα</span> <span class='ocrx_word' id='word_1_789' title='bbox 1196 2394 1380 2435; x_wconf 76' lang='grc' dir='ltr'>βεδαιώσασα,</span> <span class='ocrx_word' id='word_1_790' title='bbox 1403 2394 1463 2422; x_wconf 80' lang='grc' dir='ltr'>καθ’</span> <span class='ocrx_word' id='word_1_791' title='bbox 1473 2394 1609 2429; x_wconf 76' lang='grc' dir='ltr'>ἑκατέραν</span> <span class='ocrx_word' id='word_1_792' title='bbox 1631 2394 1712 2435; x_wconf 73' lang='grc' dir='ltr'>φύσιν</span> <span class='ocrx_word' id='word_1_793' title='bbox 1733 2391 1862 2428; x_wconf 77' lang='grc' dir='ltr'>θελητικὺν</span> 
     </span>
    </p>
   </div>
   <div class='ocr_carea' id='block_1_111' title="bbox 1086 2439 1862 2475">
    <p class='ocr_par' dir='ltr' id='par_1_111' title="bbox 1086 2439 1862 2475">
     <span class='ocr_line' id='line_1_111' title="bbox 1086 2439 1862 2475; baseline -0.003 -9"><span class='ocrx_word' id='word_1_794' title='bbox 1086 2441 1132 2467; x_wconf 70' lang='grc' dir='ltr'>καὶ</span> <span class='ocrx_word' id='word_1_795' title='bbox 1147 2440 1325 2475; x_wconf 72' lang='grc' dir='ltr'>ἐνεργητικὸν</span> <span class='ocrx_word' id='word_1_796' title='bbox 1339 2440 1420 2472; x_wconf 67' lang='grc' dir='ltr'>αὑτὸν</span> <span class='ocrx_word' id='word_1_797' title='bbox 1435 2439 1504 2467; x_wconf 82' lang='grc' dir='ltr'>εἶναί</span> <span class='ocrx_word' id='word_1_798' title='bbox 1518 2449 1548 2467; x_wconf 92' lang='grc' dir='ltr'><strong>τε</strong></span> <span class='ocrx_word' id='word_1_799' title='bbox 1566 2442 1612 2467; x_wconf 83' lang='grc' dir='ltr'>καὶ</span> <span class='ocrx_word' id='word_1_800' title='bbox 1627 2439 1804 2475; x_wconf 77' lang='grc' dir='ltr'>γνωρίζεσθαι</span> <span class='ocrx_word' id='word_1_801' title='bbox 1820 2446 1862 2464; x_wconf 77' lang='grc' dir='ltr'>σα-</span> 
     </span>
    </p>
   </div>
   <div class='ocr_carea' id='block_1_112' title="bbox 1086 2483 1860 2522">
    <p class='ocr_par' dir='ltr' id='par_1_112' title="bbox 1086 2483 1860 2522">
     <span class='ocr_line' id='line_1_112' title="bbox 1086 2483 1860 2522; baseline -0.004 -10"><span class='ocrx_word' id='word_1_802' title='bbox 1086 2486 1142 2522; x_wconf 81' lang='grc' dir='ltr'><strong>φῶς</strong></span> <span class='ocrx_word' id='word_1_803' title='bbox 1157 2487 1296 2522; x_wconf 67' lang='grc' dir='ltr'>ἀπέφηνεν</span> <span class='ocrx_word' id='word_1_804' title='bbox 1305 2495 1311 2502; x_wconf 90' lang='grc'>·</span> <span class='ocrx_word' id='word_1_805' title='bbox 1326 2487 1342 2521; x_wconf 80' lang='grc' dir='ltr'>ἡ</span> <span class='ocrx_word' id='word_1_806' title='bbox 1356 2487 1385 2513; x_wconf 77' lang='grc' dir='ltr'><strong>δὲ</strong></span> <span class='ocrx_word' id='word_1_807' title='bbox 1400 2487 1466 2522; x_wconf 74' lang='grc' dir='ltr'>ἕκτη</span> <span class='ocrx_word' id='word_1_808' title='bbox 1479 2486 1512 2513; x_wconf 79' lang='grc' dir='ltr'><strong>τὰ</strong></span> <span class='ocrx_word' id='word_1_809' title='bbox 1524 2487 1579 2514; x_wconf 87' lang='grc' dir='ltr'><strong>τῶν</strong></span> <span class='ocrx_word' id='word_1_810' title='bbox 1590 2487 1658 2514; x_wconf 80' lang='grc' dir='ltr'>ὅλων</span> <span class='ocrx_word' id='word_1_811' title='bbox 1670 2486 1782 2513; x_wconf 84' lang='grc' dir='ltr'>συνόδων</span> <span class='ocrx_word' id='word_1_812' title='bbox 1793 2483 1860 2515; x_wconf 65' lang='lat' dir='ltr'><strong><em>£an-</em></strong></span> 
     </span>
    </p>
   </div>
   <div class='ocr_carea' id='block_1_113' title="bbox 1085 2529 1861 2566">
    <p class='ocr_par' dir='ltr' id='par_1_113' title="bbox 1085 2529 1861 2566">
     <span class='ocr_line' id='line_1_113' title="bbox 1085 2529 1861 2566; baseline -0.001 -8"><span class='ocrx_word' id='word_1_813' title='bbox 1085 2531 1200 2559; x_wconf 81' lang='grc' dir='ltr'>ελοοῦσα</span> <span class='ocrx_word' id='word_1_814' title='bbox 1228 2533 1274 2558; x_wconf 74' lang='grc' dir='ltr'>καὶ</span> <span class='ocrx_word' id='word_1_815' title='bbox 1302 2531 1492 2566; x_wconf 79' lang='grc' dir='ltr'>βεὸαιώσασα,</span> <span class='ocrx_word' id='word_1_816' title='bbox 1520 2533 1623 2559; x_wconf 84' lang='grc' dir='ltr'>τέλειον</span> <span class='ocrx_word' id='word_1_817' title='bbox 1652 2534 1698 2560; x_wconf 75' lang='grc' dir='ltr'>καὶ</span> <span class='ocrx_word' id='word_1_818' title='bbox 1727 2531 1793 2565; x_wconf 76' lang='grc' dir='ltr'>αὐτὴ</span> <span class='ocrx_word' id='word_1_819' title='bbox 1821 2529 1861 2555; x_wconf 75' lang='grc' dir='ltr'>τὸν</span> 
     </span>
    </p>
   </div>
   <div class='ocr_carea' id='block_1_114' title="bbox 1085 2575 1861 2614">
    <p class='ocr_par' dir='ltr' id='par_1_114' title="bbox 1085 2575 1861 2614">
     <span class='ocr_line' id='line_1_114' title="bbox 1085 2575 1861 2614; baseline -0.005 -9"><span class='ocrx_word' id='word_1_820' title='bbox 1085 2578 1188 2614; x_wconf 79' lang='grc' dir='ltr'>Κύριον</span> <span class='ocrx_word' id='word_1_821' title='bbox 1203 2578 1283 2614; x_wconf 86' lang='grc' dir='ltr'>ἡμῶν</span> <span class='ocrx_word' id='word_1_822' title='bbox 1296 2578 1401 2613; x_wconf 82' lang='grc' dir='ltr'>Ὶησοῦν</span> <span class='ocrx_word' id='word_1_823' title='bbox 1417 2579 1534 2613; x_wconf 73' lang='grc' dir='ltr'>Χριστὸν</span> <span class='ocrx_word' id='word_1_824' title='bbox 1552 2580 1580 2605; x_wconf 82' lang='grc' dir='ltr'>ὲν</span> <span class='ocrx_word' id='word_1_825' title='bbox 1598 2578 1703 2612; x_wconf 81' lang='grc' dir='ltr'>θεότητι</span> <span class='ocrx_word' id='word_1_826' title='bbox 1721 2577 1766 2604; x_wconf 78' lang='grc' dir='ltr'>καὶ</span> <span class='ocrx_word' id='word_1_827' title='bbox 1780 2577 1808 2602; x_wconf 69' lang='grc' dir='ltr'>ὲν</span> <span class='ocrx_word' id='word_1_828' title='bbox 1819 2575 1861 2602; x_wconf 67' lang='grc' dir='ltr'><strong>ἂν·</strong></span> 
     </span>
    </p>
   </div>
   <div class='ocr_carea' id='block_1_115' title="bbox 1086 2620 1860 2660">
    <p class='ocr_par' dir='ltr' id='par_1_115' title="bbox 1086 2620 1860 2660">
     <span class='ocr_line' id='line_1_115' title="bbox 1086 2620 1860 2660; baseline -0.005 -10"><span class='ocrx_word' id='word_1_829' title='bbox 1086 2625 1241 2660; x_wconf 76' lang='grc' dir='ltr'>θρωπότητι</span> <span class='ocrx_word' id='word_1_830' title='bbox 1254 2624 1434 2660; x_wconf 77' lang='grc' dir='ltr'>ἐξεφώνησεν.</span> <span class='ocrx_word' id='word_1_831' title='bbox 1445 2624 1512 2651; x_wconf 78' lang='grc' dir='ltr'><strong>Ἀπὸ</strong></span> <span class='ocrx_word' id='word_1_832' title='bbox 1525 2623 1592 2658; x_wconf 83' lang='grc' dir='ltr'>γοῦν</span> <span class='ocrx_word' id='word_1_833' title='bbox 1604 2624 1653 2659; x_wconf 78' lang='grc' dir='ltr'>τῆς</span> <span class='ocrx_word' id='word_1_834' title='bbox 1666 2627 1689 2650; x_wconf 87' lang='grc' dir='ltr'>α’</span> <span class='ocrx_word' id='word_1_835' title='bbox 1698 2623 1802 2650; x_wconf 76' lang='grc' dir='ltr'>συνόδου</span> <span class='ocrx_word' id='word_1_836' title='bbox 1814 2620 1860 2650; x_wconf 76' lang='grc' dir='ltr'><strong>ἓως</strong></span> 
     </span>
    </p>
   </div>
   <div class='ocr_carea' id='block_1_116' title="bbox 1084 2663 1858 2705">
    <p class='ocr_par' dir='ltr' id='par_1_116' title="bbox 1084 2663 1858 2705">
     <span class='ocr_line' id='line_1_116' title="bbox 1084 2663 1858 2705; baseline -0.005 -6"><span class='ocrx_word' id='word_1_837' title='bbox 1084 2670 1133 2705; x_wconf 79' lang='grc' dir='ltr'><strong>τῆς</strong></span> <span class='ocrx_word' id='word_1_838' title='bbox 1149 2670 1279 2705; x_wconf 77' lang='grc' dir='ltr'>δευτέρας</span> <span class='ocrx_word' id='word_1_839' title='bbox 1295 2670 1342 2705; x_wconf 75' lang='grc' dir='ltr'>ἐτη</span> <span class='ocrx_word' id='word_1_840' title='bbox 1359 2673 1413 2702; x_wconf 84' lang='grc' dir='ltr'>νς’,</span> <span class='ocrx_word' id='word_1_841' title='bbox 1430 2670 1483 2696; x_wconf 74' lang='grc' dir='ltr'><strong>ἀπο</strong></span> <span class='ocrx_word' id='word_1_842' title='bbox 1499 2670 1548 2705; x_wconf 78' lang='grc' dir='ltr'>τῆς</span> <span class='ocrx_word' id='word_1_843' title='bbox 1569 2668 1591 2704; x_wconf 81' lang='grc' dir='ltr'><strong>β’</strong></span> <span class='ocrx_word' id='word_1_844' title='bbox 1603 2669 1654 2700; x_wconf 76' lang='grc' dir='ltr'>ἓως</span> <span class='ocrx_word' id='word_1_845' title='bbox 1671 2669 1718 2703; x_wconf 85' lang='grc' dir='ltr'>τῆς</span> <span class='ocrx_word' id='word_1_846' title='bbox 1738 2671 1761 2702; x_wconf 76' lang='grc' dir='ltr'>γ’</span> <span class='ocrx_word' id='word_1_847' title='bbox 1772 2667 1815 2700; x_wconf 79' lang='grc' dir='ltr'>ἐτη</span> <span class='ocrx_word' id='word_1_848' title='bbox 1831 2663 1858 2695; x_wconf 67' lang='grc' dir='ltr'><strong>ν’,</strong></span> 
     </span>
    </p>
   </div>
   <div class='ocr_carea' id='block_1_117' title="bbox 1085 2711 1857 2751">
    <p class='ocr_par' dir='ltr' id='par_1_117' title="bbox 1085 2711 1857 2751">
     <span class='ocr_line' id='line_1_117' title="bbox 1085 2711 1857 2751; baseline -0.008 -8"><span class='ocrx_word' id='word_1_849' title='bbox 1085 2716 1138 2743; x_wconf 77' lang='grc' dir='ltr'><strong>ἀπὸ</strong></span> <span class='ocrx_word' id='word_1_850' title='bbox 1151 2716 1200 2751; x_wconf 78' lang='grc' dir='ltr'>τῆς</span> <span class='ocrx_word' id='word_1_851' title='bbox 1215 2715 1239 2750; x_wconf 89' lang='grc' dir='ltr'>γ’</span> <span class='ocrx_word' id='word_1_852' title='bbox 1247 2716 1298 2747; x_wconf 77' lang='grc' dir='ltr'>ἕως</span> <span class='ocrx_word' id='word_1_853' title='bbox 1310 2716 1360 2750; x_wconf 80' lang='grc' dir='ltr'>τῆς</span> <span class='ocrx_word' id='word_1_854' title='bbox 1374 2716 1450 2750; x_wconf 80' lang='grc' dir='ltr'>δ’ἕτη</span> <span class='ocrx_word' id='word_1_855' title='bbox 1466 2715 1499 2748; x_wconf 82' lang='grc' dir='ltr'>λ’,</span> <span class='ocrx_word' id='word_1_856' title='bbox 1511 2715 1565 2741; x_wconf 80' lang='grc' dir='ltr'><strong>ἀπὸ</strong></span> <span class='ocrx_word' id='word_1_857' title='bbox 1579 2717 1627 2749; x_wconf 80' lang='grc' dir='ltr'>τῆς</span> <span class='ocrx_word' id='word_1_858' title='bbox 1640 2714 1719 2745; x_wconf 75' lang='grc' dir='ltr'>δ’ἓως</span> <span class='ocrx_word' id='word_1_859' title='bbox 1731 2713 1777 2748; x_wconf 81' lang='grc' dir='ltr'>τῆς</span> <span class='ocrx_word' id='word_1_860' title='bbox 1791 2714 1808 2738; x_wconf 89' lang='grc' dir='ltr'>ε’</span> <span class='ocrx_word' id='word_1_861' title='bbox 1816 2711 1857 2744; x_wconf 73' lang='grc' dir='ltr'>ἔτη</span> 
     </span>
    </p>
   </div>
   <div class='ocr_carea' id='block_1_118' title="bbox 1086 2756 1858 2798">
    <p class='ocr_par' dir='ltr' id='par_1_118' title="bbox 1086 2756 1858 2798">
     <span class='ocr_line' id='line_1_118' title="bbox 1086 2756 1858 2798; baseline -0.003 -10"><span class='ocrx_word' id='word_1_862' title='bbox 1086 2761 1136 2798; x_wconf 80' lang='grc' dir='ltr'>ρβ’,</span> <span class='ocrx_word' id='word_1_863' title='bbox 1147 2762 1202 2788; x_wconf 78' lang='grc' dir='ltr'><strong>ἀπὸ</strong></span> <span class='ocrx_word' id='word_1_864' title='bbox 1212 2762 1262 2797; x_wconf 74' lang='grc' dir='ltr'>τῆς</span> <span class='ocrx_word' id='word_1_865' title='bbox 1273 2765 1293 2788; x_wconf 86' lang='grc' dir='ltr'>ε’</span> <span class='ocrx_word' id='word_1_866' title='bbox 1301 2762 1353 2793; x_wconf 76' lang='grc' dir='ltr'>ἓως</span> <span class='ocrx_word' id='word_1_867' title='bbox 1363 2762 1411 2797; x_wconf 83' lang='grc' dir='ltr'>τῆς</span> <span class='ocrx_word' id='word_1_868' title='bbox 1425 2761 1450 2794; x_wconf 82' lang='grc' dir='ltr'>ς’</span> <span class='ocrx_word' id='word_1_869' title='bbox 1460 2762 1508 2796; x_wconf 72' lang='grc' dir='ltr'>ἔτη</span> <span class='ocrx_word' id='word_1_870' title='bbox 1521 2762 1588 2797; x_wconf 80' lang='grc' dir='ltr'>ρκθ’,</span> <span class='ocrx_word' id='word_1_871' title='bbox 1601 2762 1647 2788; x_wconf 75' lang='grc' dir='ltr'>καὶ</span> <span class='ocrx_word' id='word_1_872' title='bbox 1659 2760 1711 2787; x_wconf 75' lang='grc' dir='ltr'><strong>ἀπὸ</strong></span> <span class='ocrx_word' id='word_1_873' title='bbox 1721 2760 1768 2794; x_wconf 79' lang='grc' dir='ltr'>τῆς</span> <span class='ocrx_word' id='word_1_874' title='bbox 1780 2761 1804 2790; x_wconf 82' lang='grc' dir='ltr'>ς’</span> <span class='ocrx_word' id='word_1_875' title='bbox 1813 2756 1858 2786; x_wconf 68' lang='grc' dir='ltr'><strong>ἕως</strong></span> 
     </span>
    </p>
   </div>
   <div class='ocr_carea' id='block_1_119' title="bbox 1084 2807 1314 2843">
    <p class='ocr_par' dir='ltr' id='par_1_119' title="bbox 1084 2807 1314 2843">
     <span class='ocr_line' id='line_1_119' title="bbox 1084 2807 1314 2843; baseline 0.004 -10"><span class='ocrx_word' id='word_1_876' title='bbox 1084 2808 1133 2843; x_wconf 74' lang='grc' dir='ltr'><strong>τῆς</strong></span> <span class='ocrx_word' id='word_1_877' title='bbox 1150 2808 1171 2839; x_wconf 80' lang='grc' dir='ltr'><strong>ζ’</strong></span> <span class='ocrx_word' id='word_1_878' title='bbox 1182 2807 1229 2842; x_wconf 78' lang='grc' dir='ltr'>ἐτη</span> <span class='ocrx_word' id='word_1_879' title='bbox 1246 2807 1314 2842; x_wconf 83' lang='grc' dir='ltr'>ρκβ¹.</span> 
     </span>
    </p>
   </div>
   <div class='ocr_carea' id='block_1_120' title="bbox 1127 2851 1856 2892">
    <p class='ocr_par' dir='ltr' id='par_1_120' title="bbox 1127 2851 1856 2892">
     <span class='ocr_line' id='line_1_120' title="bbox 1127 2851 1856 2892; baseline -0.003 -13"><span class='ocrx_word' id='word_1_880' title='bbox 1127 2853 1171 2879; x_wconf 86' lang='grc' dir='ltr'>Ἐν</span> <span class='ocrx_word' id='word_1_881' title='bbox 1190 2853 1293 2886; x_wconf 77' lang='grc' dir='ltr'>τούτοις</span> <span class='ocrx_word' id='word_1_882' title='bbox 1314 2855 1368 2886; x_wconf 75' lang='grc' dir='ltr'>τοῖς</span> <span class='ocrx_word' id='word_1_883' title='bbox 1389 2856 1495 2891; x_wconf 65' lang='grc' dir='ltr'>χρόνοις</span> <span class='ocrx_word' id='word_1_884' title='bbox 1521 2856 1654 2892; x_wconf 82' lang='grc' dir='ltr'>ἀνθρώπῳ</span> <span class='ocrx_word' id='word_1_885' title='bbox 1676 2855 1727 2885; x_wconf 72' lang='grc' dir='ltr'>τινὶ</span> <span class='ocrx_word' id='word_1_886' title='bbox 1752 2851 1856 2879; x_wconf 68' lang='grc' dir='ltr'>ὁδεύοντι</span> 
     </span>
    </p>
   </div>
  </div>
