2019 3150
289 174 341 205 927

906 173 1069 204 GEORGII
1095 173 1245 204 CEDREN
1249 174 1262 203 Ι

1854 170 1906 202 9‘28

286 227 412 255 irritatus
430 227 521 255 aditus
531 228 674 261 exitusque
686 235 742 255 suae
760 226 873 255 ditionis
891 227 990 264 ligneis
1014 235 1075 255 iuu-

1127 229 1182 260 τοῖς
1212 228 1322 256 συνοῦσι
1353 227 1387 254 τὰ
1420 227 1468 262 τῆς
1498 227 1634 259 ἀπωλείας
1678 226 1841 262 προέλεγεν,
1871 228 1911 256 ὅτι

286 273 438 301 nitinnibus
457 272 583 301 occlusit.
604 271 636 300 Et
652 271 824 308 Nicephorus
849 273 952 301 cladem
975 281 1075 309 praesa-

284 321 362 356 giens
379 320 437 347 suis
455 319 524 347 dixit
539 328 546 346 :
566 328 576 345 ι
600 318 684 346 Nemo
699 325 822 347 nostrum
847 320 996 354 perniciem
1017 320 1074 347 evi-

286 366 364 398 tahit.
394 373 427 392 ne
454 365 476 393 si
492 365 617 392 volucres
629 365 739 400 quidem
755 365 863 393 ﬁamus.
884 375 893 391 ι
916 366 1000 393 Biduo
1014 371 1075 401 post

287 412 424 439 Barbarus
439 411 540 446 populo
557 411 673 439 collecto
688 412 837 439 tentorium
861 411 1007 448 Nicephori
1028 421 1074 449 ag-

284 465 396 492 greSSus
407 461 460 485 est.
479 456 518 484 Ibi
531 456 702 492 Nicephorus
716 458 911 486 miserabiliter
926 459 1074 486 obtrunca-

284 509 329 531 tus
342 509 395 534 est,
406 511 559 538 omnesque
572 511 636 532 cum
651 511 684 531 eo
696 504 780 531 duces
793 509 818 532 et
834 504 939 531 inﬁnita
953 504 1072 531 militum

284 548 442 579 multitudo,
468 548 651 583 omnibusque
667 549 869 584 impedimentis
903 550 980 584 potiti
1008 555 1073 577 sunt

284 594 402 629 Bulgari.
420 595 506 629 Caput
522 594 669 629 Nicephori
689 596 832 627 praecisum
854 594 973 623 Crumus
992 600 1073 623 conto

284 640 399 676 praeliin
411 640 594 676 omnibusque
605 640 817 677 demonstravit.
829 640 930 668 Deinde
942 648 973 668 os
986 641 1073 668 cranii

285 686 417 714 nudatum
431 691 545 721 argento
565 686 689 718 inclusit,
703 687 839 721 jussitquc
854 687 992 721 principes
1010 686 1074 713 Bul-

283 739 413 767 garorum
426 739 459 759 ex
482 739 515 759 eo
533 731 637 764 bibere,
664 737 747 767 atque
766 732 899 760 insultare
921 732 1077 768 Nicephoro‘

285 783 313 805 ut
349 777 533 805 inexsatiabili
565 781 593 804 et
626 785 721 812 pacem
754 777 930 805 detrectanti.
963 778 1072 805 Nullum

286 829 395 860 tempus
428 824 594 852 Christianis
628 825 816 852 calamitosius
845 825 898 852 hoc
927 823 1072 859 Nicapliori

286 871 401 906 imperio
430 870 502 898 fuit:
531 870 600 898 adeo
630 871 839 898 crudelissimos
874 877 984 905 quoque
1008 877 1073 897 mos

244 930 247 932 ·
285 921 477 946 antecessores
499 918 699 945 inhumanitate
718 918 867 952 superavit.
883 917 969 952 Cujus
978 917 1000 944 si
1013 916 1074 952 quis

285 963 419 991 maleﬁcia
436 964 591 998 singulatim
612 964 782 998 perscribere
805 964 878 994 velit,
894 971 982 998 neque
1006 967 1075 989 tem-

287 1017 339 1043 pus
353 1009 470 1038 sulticiet
485 1014 512 1037 et
524 1017 622 1037 manus
636 1009 805 1044 fatigabitur.
817 1009 869 1037 Sed
885 1017 918 1037 ex
937 1010 994 1044 ipsa
1024 1016 1072 1036 ora

283 1056 354 1084 satis
369 1060 460 1091 potest
472 1056 506 1084 de
522 1056 733 1091 texlojudicari.

321 1123 520 1152 Gravissimum
544 1125 627 1152 etiam
655 1125 754 1153 vulnus
782 1125 886 1161 accepit
912 1124 1074 1153 Stauraeius

286 1171 313 1197 in
330 1171 495 1203 vertebram.
511 1179 637 1206 aegreque
652 1179 685 1199 ex
711 1179 802 1207 pugna
830 1172 908 1199 vivus
929 1172 1024 1199 evasit.
1043 1171 1075 1198 Et

285 1224 348 1244 cum
378 1217 584 1252 Adriannpolim
616 1217 794 1252 pervenisset,
823 1217 971 1252 imperator
993 1218 1074 1244 etiam

285 1263 390 1291 dictus.
407 1258 439 1290 Et
455 1263 519 1298 quia
539 1270 609 1298 equo
623 1263 685 1291 vehi
704 1271 758 1291 non
779 1267 898 1299 poterat.
919 1262 1014 1290 lectica
1035 1267 1075 1289 est

286 1309 314 1337 [η
330 1309 424 1336 urbem
443 1304 568 1342 delatus;
595 1308 678 1344 843
706 1313 788 1344 atque
811 1309 847 1336 ob
862 1309 962 1336 vulnus
979 1310 1006 1336 in
1025 1316 1075 1343 pu-

285 1354 388 1383 blicum
405 1355 515 1390 prodire
545 1362 599 1381 non
629 1355 724 1382 valens
751 1354 778 1381 in
805 1354 907 1389 palatio
934 1354 1074 1382 decubuit.

288 1400 429 1428 Statuerat
460 1399 623 1427 Michaelum
658 1399 859 1434 curopalatam,
885 1399 988 1427 sororis
1020 1407 1077 1426 sua:

286 1446 428 1479 maritum,
445 1445 533 1473 oculis
551 1445 670 1480 privare,
687 1444 888 1480 imperiumque
917 1445 995 1472 uxori
1019 1453 1076 1472 sine

287 1491 483 1526 Theophauoni
518 1491 683 1526 relinquere.
714 1489 767 1518 Sed
792 1490 941 1518 Michaelus
965 1491 1076 1526 cognito

287 1538 405 1564 consilio
424 1536 513 1564 eﬁecit
532 1542 562 1564 ut
578 1536 635 1571 ipse
650 1537 741 1564 statim
766 1537 793 1563 in
814 1537 892 1564 Circo
908 1544 922 1563 ο
938 1542 1032 1564 senatu
1049 1541 1076 1564 et

288 1583 455 1610 exercitibus
481 1583 631 1617 imperator
653 1582 848 1614 dcclararetur.
870 1583 1001 1610 nimirum
1028 1590 1075 1616 spe

287 1628 361 1655 omni
377 1628 433 1664 jam
453 1627 488 1655 de
513 1627 657 1654 Statiracio
684 1626 800 1662 abjecta.
826 1627 882 1654 lloc
910 1631 938 1654 ut
965 1627 1076 1654 rescivit

286 1674 460 1706 Stanracius,
476 1674 577 1709 palatio
598 1681 725 1708 egressus
746 1681 776 1700 se
796 1677 822 1700 et
844 1681 956 1701 uxorem
980 1681 1076 1700 tuona-

286 1720 461 1747 stieohabitu
476 1719 577 1750 induit,
592 1718 674 1753 inque
702 1719 869 1746 monasterio
895 1718 979 1746 Braca
1004 1719 1075 1746 diem

287 1765 367 1798 obiit,
384 1769 480 1798 estque
505 1764 532 1791 in
558 1764 648 1800 Satyri
678 1763 844 1791 monasterio
872 1764 1009 1799 sepultus.
1026 1763 1075 1791 Pa-

290 1811 411 1839 triarcha
425 1815 482 1838 tum
499 1811 550 1838 fuit
561 1811 758 1839 sanctissimus
772 1810 954 1846 Nicephorus.

325 1926 475 1955 Michnclus
503 1926 693 1961 curopalatcs,
722 1930 904 1961 cognomento
924 1926 1077 1958 Rancabcs,

289 1979 374 2006 gener
385 1971 532 2006 Nicephori
554 1970 738 2006 imperatoris,
764 1978 778 1997 a
807 1975 903 1998 senatu
926 1970 1079 2006 populoque

286 2018 408 2046 delatum
421 2018 473 2045 sibi
485 2018 629 2053 imperium
643 2017 777 2052 principio
789 2017 934 2049 recusavit,
948 2017 1078 2052 imparem

286 2073 321 2093 se
340 2069 423 2092 tanta
449 2072 540 2092 rerum
571 2065 636 2091 moli
664 2064 813 2091 tractandae
837 2071 968 2097 causans,
998 2063 1080 2099 idque

290 2111 375 2138 Leoni
394 2110 521 2146 patricio,
543 2111 651 2138 natione
674 2109 818 2142 Armenio,
835 2110 1015 2137 Orientalium
1033 2117 1081 2136 co-

289 2156 397 2190 piarum
410 2155 471 2183 duci
485 2155 653 2187 concedens,
667 2156 714 2190 qui
727 2155 867 2183 animosus
878 2155 919 2182 vir
929 2160 1072 2182 strenuus-

288 2209 344 2236 que
361 2201 524 2229 habebatur.
541 2200 593 2228 Sed
609 2201 664 2229 Leo
679 2201 778 2233 renuit,
798 2201 870 2236 quod
893 2200 1034 2236 indignum
1051 2209 1081 2229 se

290 2248 469 2282 imperatorio
483 2247 553 2274 solio
565 2247 681 2278 diceret.
695 2246 777 2281 idque
793 2246 826 2274 ad
839 2245 1002 2274 Michaelum
1017 2253 1078 2281 per-
1093 2257 1117 2287 ο

288 2294 388 2321 tinere.
409 2293 496 2326 Quem
515 2293 676 2320 cohortatus
693 2296 737 2319 est
759 2291 793 2319 ad
815 2291 1018 2327 suscipiendam
1036 2299 1079 2319 re-

290 2347 351 2367 rum
370 2339 608 2375 gubernationem,
628 2338 804 2375 promittens,
820 2345 853 2365 ac
871 2338 1006 2373 promissa
1020 2345 1079 2373 gra-

290 2387 411 2415 vissimis
425 2387 589 2422 iuramentis
612 2386 752 2419 sanciens,
777 2385 909 2413 famulum
936 2394 966 2414 se
989 2386 1079 2421 ipsius

288 2442 339 2470 per
353 2441 461 2461 omnem
483 2433 565 2460 vitam
583 2432 826 2468 ﬁdelissimumque
842 2437 869 2460 et
887 2432 1077 2460 alacerrimum

288 2480 487 2508 administrum
505 2479 574 2507 fore.
591 2479 632 2506 lta
649 2478 800 2506 Mirhaclus
811 2483 907 2506 contra
925 2478 1010 2506 animi
1036 2479 1079 2506 sui

289 2526 461 2561 propositum
485 2525 593 2561 imperii
618 2525 739 2553 habenas
758 2525 916 2552 tractandas
945 2525 1078 2560 suscepit.

289 2572 324 2600 At
333 2572 452 2601 Crumus
460 2573 637 2609 Bulgarorum
645 2572 783 2608 princeps,
795 2571 971 2600 successibus
981 2572 1078 2605 elatus,

290 2626 353 2645 cum
379 2619 480 2646 videret
509 2618 569 2647 suis
592 2626 703 2653 quoque
733 2619 839 2646 animos
866 2618 950 2654 844
976 2619 1078 2646 recenti

290 2665 407 2692 victoria
431 2668 539 2696 auctos,
553 2664 687 2692 incendiis
701 2668 730 2692 et
752 2664 974 2701 populationibus
999 2664 1080 2692 Occi-

291 2710 400 2738 dentem
427 2710 563 2737 vastabat.
589 2709 659 2737 Huic
680 2709 751 2737 bello
772 2709 973 2737 occurrendum
995 2710 1081 2744 repri-

292 2755 461 2790 mendasque
475 2755 536 2790 ejus
558 2760 691 2790 quantum
716 2755 773 2782 ﬁeri
794 2759 887 2789 possrt
908 2754 1081 2782 incursiones

293 2801 444 2828 Michaelus
466 2800 605 2835 judicans,
633 2800 760 2828 celeriter
787 2800 908 2828 dimissis
935 2800 962 2827 in
985 2807 1080 2828 omnes

293 2853 386 2883 partes
402 2848 501 2876 edictis
528 2847 667 2875 exercitus
691 2847 804 2883 colligit.
829 2846 882 2875 Sed
908 2851 936 2875 et
962 2846 1081 2874 Crumus

289 2894 326 2923 de
352 2894 525 2931 imperatoris
560 2893 733 2930 expeditione
756 2893 857 2922 certior
887 2893 987 2927 factus,
1017 2900 1080 2922 suos

1130 283 1139 300 ι
1158 274 1217 301 Κᾶν
1252 274 1387 310 πτερωτοὶ
1414 272 1579 308 γενώμεθα,
1611 271 1698 303 οὐδεὶς
1729 272 1836 307 ἐκφύγῃ
1867 273 1912 299 τδν

1125 320 1247 356 ὄλεθρον.
1266 330 1274 346 ι
1291 319 1347 347 Καὶ
1361 319 1420 355 μεθ’
1443 319 1549 354 ἡμέρας
1576 319 1623 344 δύο
1649 317 1829 353 συναθροίσας
1850 317 1912 344 λαδν

1125 367 1139 392 ὁ
1152 366 1295 402 Βιίρδαρος
1309 365 1410 400 ἐπῆλθε
1421 365 1492 391 κατά
1505 365 1553 398 τῆς
1569 363 1616 390 τοῦ
1630 363 1787 398 Νικηφόρου
1800 364 1910 398 σκηνῆς.

1125 412 1180 438 Καὶ
1211 412 1305 439 τοῦτον
1332 411 1490 448 ἀναιροῦσιν
1512 411 1628 446 οἰκτρῶς
1652 411 1699 436 καὶ
1724 410 1827 442 πάντας
1852 411 1914 442 τοὺς

1125 458 1174 484 σὺν
1189 457 1263 493 αὐτῷ
1286 458 1420 493 ἄρχοντας
1450 458 1496 484 καὶ
1527 457 1574 483 τοῦ
1601 455 1667 482 λαοῦ
1694 455 1781 490 πλήθη
1803 455 1911 490 ἄπειρα,

1125 504 1173 530 καὶ
1186 504 1277 530 πᾶσαν
1303 504 1353 538 τὴν
1379 504 1536 532 ἀποσκευὴν
1564 502 1736 530 ἀνελάόοντο.
1757 502 1812 537 Τὴν
1827 502 1855 528 δὲ
1869 511 1912 529 κε-

1125 549 1214 584 φαλὴν
1247 549 1295 575 τοῦ
1320 549 1480 584 Νικηφόρου
1512 549 1526 574 ὸ
1557 548 1686 583 Κροῦμος
1718 548 1839 582 ἐκκόψας
1870 549 1914 574 ἐπὶ

1125 594 1205 627 ξύλου
1222 594 1374 630 ἀνήρτησεν
1406 595 1446 625 εἰς
1477 594 1605 627 ἐπίδειξιν
1623 594 1744 625 πάντων,
1763 591 1814 620 εἷθ’
1830 592 1913 626 οὕτως

1125 639 1271 674 γυμνώσας
1283 640 1312 666 τ’)
1328 640 1424 666 ὀστοῦν
1437 639 1483 666 καὶ
1496 639 1727 674 περιαργυρώσας
1737 638 1818 673 πέριξ
1830 639 1913 665 πίνειν

1125 687 1164 717 εἰς
1177 685 1243 712 αὐτὸ
1259 686 1321 717 τοὺς
1338 685 1502 721 Βουλγάρων
1529 686 1662 720 ἄρχοντας
1689 685 1845 717 ἐκέλευσεν,
1869 686 1913 719 ἐγ-

1124 731 1318 767 καυχωμένους
1332 731 1391 758 κατ’
1412 731 1495 758 αὐτοῦ
1510 731 1548 762 ὡς
1560 731 1698 766 ἀπλήστου
1716 731 1762 756 καὶ
1775 731 1825 766 τὴν
1841 731 1912 766 ειρὴ-

1125 785 1173 811 νην
1202 777 1239 812 μὴ
1268 776 1443 811 θελήσαντος.
1467 776 1570 803 Τούτου
1600 777 1647 803 τοῦ
1676 776 1838 811 Νικηφόρον
1867 777 1912 811 τῆς

1125 820 1213 855 ἀρχῆς
1224 821 1381 855 Χριστιανοὶ
1395 820 1545 856 βαρύτερον
1558 820 1647 847 οὐδενὶ
1657 822 1746 857 χρόνῳ
1757 821 1896 856 ἡτῦχησαν
1905 830 1912 837 ·

1126 867 1233 898 πάντας
1250 867 1377 902 γὰρτοῦς
1390 867 1443 902 πρὸ
1459 867 1543 894 αὐτοῦ
1562 867 1720 901 ὠμοτάτους
1743 867 1866 902 βασιλεῖς
1883 869 1913 904 τῇ

1125 912 1311 948 ἀπανθρωπίᾳ
1338 913 1554 948 ὑπερηκόντισεν
1579 911 1666 946 οὗτος,
1693 911 1783 949 οὗπερ
1800 915 1823 940 εἰ
1846 914 1914 942 κατὰ

1127 959 1209 994 μέρος
1223 968 1266 991 τις
1287 959 1404 994 βουληθῇ
1433 959 1560 992 διεξιέναι
1583 960 1618 986 τὰ
1636 961 1743 996 πονηρὰ
1773 960 1914 995 ἐπιτηδεύ-

1127 1013 1210 1039 ματα,
1237 1005 1251 1030 ὁ
1277 1005 1372 1040 χρόνος
1402 1005 1536 1039 ἐπιλείψει
1565 1005 1614 1032 καὶ
1643 1006 1660 1040 ἡ
1692 1006 1753 1040 χεὶρ
1783 1006 1912 1041 ἀτονήσει.

1127 1050 1199 1085 Πλὴν
1212 1050 1243 1077 ἐκ
1252 1050 1300 1076 τοῦ
1319 1050 1473 1085 κρασπέδου
1488 1051 1518 1077 τὸ
1538 1050 1653 1086 ὕφασμα
1666 1051 1815 1087 πρόδηλον.

1161 1116 1348 1152 Τιτρὼσκεται
1377 1118 1406 1145 δὲ
1432 1119 1478 1145 καὶ
1509 1119 1679 1158 Σταυράκιος
1708 1120 1723 1145 ὁ
1751 1119 1813 1151 υἱὸς
1837 1120 1913 1147 αὖτοῦ

1126 1164 1240 1198 καιρίως
1264 1164 1334 1190 κατὰ
1354 1164 1401 1190 τοῦ
1423 1165 1580 1193 σπονδύλου,
1598 1166 1652 1192 Καὶ
1674 1166 1750 1201 μᾶλις
1768 1167 1818 1201 τῆς
1832 1166 1915 1201 μάχης

1126 1210 1221 1245 ἐξῆλθε
1249 1209 1313 1242 ζῶν.
1343 1210 1390 1237 καὶ
1420 1211 1581 1237 καταλαϐὼν
1612 1213 1662 1247 τὴν
1697 1212 1914 1247 Ἀδριανουπολιν

1127 1254 1335 1290 ἀναγορεύεται.
1350 1255 1406 1282 Καὶ
1429 1256 1465 1290 μὴ
1479 1255 1628 1290 δυνάμενος
1644 1256 1806 1291 ἐποχεῖσθαι
1820 1257 1915 1292 φορείῳ

1127 1300 1175 1336 τὴν
1191 1301 1269 1327 πόλιν
1290 1301 1452 1329 κατέλαϐεν.
1480 1302 1528 1333 Ὃς
1551 1301 1594 1328 διὰ
1615 1302 1663 1337 τὴν
1689 1302 1802 1338 πληγὴν
1827 1303 1854 1329 ὲν
1880 1301 1915 1338 τῷ

1127 1347 1253 1382 παλατίῳ
1283 1347 1410 1382 κείμενος
1436 1347 1567 1382 ἀπρόῑτος
1595 1346 1640 1382 ἦν,
1672 1348 1804 1375 ἐϐούλετο
1821 1348 1848 1375 δὲ
1873 1348 1914 1375 τὸν

1127 1393 1337 1428 κουροπαλάτην
1353 1393 1462 1428 Μιχαὴλ
1477 1393 1523 1420 τδν
1540 1394 1663 1429 γαμϐρὸν
1677 1394 1762 1420 αὑτοῦ
1776 1395 1909 1428 ἐκτυφλῶ-

1128 1447 1185 1472 σαι,
1202 1441 1235 1474 τῇ
1248 1439 1276 1465 δὲ
1302 1441 1409 1474 γαμετῇ
1432 1439 1564 1473 Θεοφανοί
1585 1439 1635 1474 τὴν
1650 1439 1794 1474 βασιλείαν
1810 1439 1912 1466 καταλι-

1128 1486 1199 1511 πεῖν.
1214 1485 1298 1517 Γνοὺς
1311 1485 1338 1511 δὲ
1352 1485 1430 1511 τοῦτο
1445 1486 1458 1511 ὁ
1472 1485 1581 1520 Μιχαὴλ
1601 1485 1731 1520 ὲξαίςρνης
1751 1485 1911 1521 ἀναγορεύε-

1127 1539 1172 1557 ται
1187 1531 1314 1566 βασιλεὺς
1331 1530 1407 1566 ἐντῷ
1421 1531 1592 1567 ῐπποδρομίῳ
1603 1532 1678 1566 παρὰ
1696 1531 1746 1566 τῆς
1765 1532 1911 1567 συγκλήτου

1088 1574 1110 1605 C
1128 1579 1175 1604 καὶ
1183 1578 1238 1604 τῶν
1255 1577 1404 1612 ταγμάτων
1420 1577 1457 1609 ὡς
1474 1577 1523 1613 ἤδη
1540 1578 1754 1612 ἀπεγνωσμένου
1772 1578 1819 1604 τοῦ
1834 1578 1912 1604 Σταυ-

1128 1623 1236 1659 ρακίου.
1267 1623 1356 1657 Ὅπερ
1387 1622 1483 1657 μαθὼν
1509 1623 1678 1658 Σταυράκιος
1709 1623 1758 1649 τοῦ
1789 1623 1911 1650 παλατίου

1126 1667 1254 1701 ἐξελθὼν,
1277 1668 1307 1695 τὸ
1326 1668 1469 1703 μοναδικον
1497 1668 1598 1695 αὐτίκα
1623 1669 1670 1695 σὺν
1694 1671 1726 1705 τῇ
1741 1672 1853 1703 γυναικὶ
1868 1671 1912 1696 αὑ-

1127 1715 1174 1741 τοῦ
1194 1715 1326 1749 Θεοφανοῐ
1341 1714 1532 1750 περιθέμενος,
1553 1715 1593 1747 εἰς
1607 1715 1642 1742 τὰ
1664 1715 1760 1750 Βρακᾶ
1788 1718 1913 1751 μοναστή-

1129 1770 1185 1797 ριον
1200 1760 1372 1796 ἐτελεύτησε,
1384 1762 1431 1787 καὶ
1442 1761 1530 1797 ἐτάφη
1550 1762 1578 1788 ἐν
1589 1763 1623 1797 τῇ
1641 1763 1707 1797 μονῇ
1723 1762 1775 1789 τοῦ
1788 1763 1910 1798 Σατύρου.

1128 1808 1179 1834 Τὸν
1198 1807 1226 1834 δὲ
1241 1809 1289 1843 τῆς
1306 1807 1514 1844 ἀρχιερωσύνης
1534 1807 1628 1843 θρόνον
1645 1810 1776 1844 κατεῖχεν
1800 1811 1814 1836 ὁ
1836 1809 1912 1844 ἁγιὼο

1128 1860 1207 1884 tato;
1221 1852 1389 1888 Νικηφόρος.

1163 1920 1273 1955 Μιχαὴλ
1300 1920 1329 1946 δὲ
1357 1920 1372 1946 ὁ
1402 1921 1610 1957 κουροπαλάτης
1640 1923 1688 1949 καὶ
1715 1923 1843 1959 γαμϐρὸς
1870 1923 1912 1950 τοῦ

1130 1965 1261 2000 βασιλέως
1273 1966 1444 2000 Νικηφόρον,
1457 1963 1478 2000 ᾧ
1500 1966 1636 2001 Ῥαγκαεὲ
1652 1966 1685 2004 ἦν
1703 1969 1720 2004 ἡ
1734 1970 1911 2004 προσηγορία,

1129 2011 1266 2047 ἐγκρατὴς
1282 2012 1336 2038 τῶν
1367 2011 1530 2047 Ῥωμαϊκῶν
1559 2013 1603 2040 διὰ
1625 2014 1671 2040 τοῦ
1698 2014 1789 2049 δήμου
1809 2014 1913 2048 καὶτῆς

1130 2057 1284 2092 συγκλήτου
1318 2058 1508 2085 ἀναδείκνυται
1541 2059 1699 2094 σκήπτρων,
1726 2061 1914 2095 ἀπωθούμενος

1131 2104 1181 2139 μὲν
1195 2104 1245 2138 τὴν
1257 2104 1354 2140 ἀρχὴν,
1373 2105 1421 2131 καὶ
1450 2105 1487 2140 μὴ
1515 2105 1607 2137 ἱκανὸς
1635 2104 1704 2133 εἶναι
1730 2106 1821 2140 λέγων
1839 2107 1913 2140 ὄγκον

1129 2150 1264 2177 τοσούτων
1292 2151 1464 2186 πραγμάτων
1493 2152 1756 2186 προσαναζώσασθαι
1773 2162 1779 2169 ·
1807 2152 1844 2188 τῷ
1869 2161 1914 2178 πα-

1130 2196 1228 2231 τρικίῳ
1243 2196 1272 2223 δὲ
1290 2196 1386 2223 Λέοντι
1398 2196 1438 2232 τῷ
1458 2197 1488 2231 ἐξ
1509 2197 1673 2233 Ἀρμενίων,
1691 2198 1771 2232 ἀνδρὶ
1785 2197 1913 2233 θυμοειδεῖ

1130 2241 1254 2269 δοκοῦντι
1281 2243 1328 2269 καὶ⁸
1346 2243 1503 2278 δραστηρίῳ
1522 2243 1628 2270 καὶτοῦ
1644 2245 1850 2279 στρατεύματος
1864 2243 1912 2270 τῶν

1135 2288 1316 2316 ’Δνατολικῶν
1331 2289 1443 2325 ἄρχοντι
1466 2290 1628 2325 τηνικαῦτα,
1640 2290 1798 2326 παρεχώρει
1812 2292 1859 2325 τῆς
1872 2290 1911 2323 ἐξ·

1129 2336 1233 2368 ουσίας,
1247 2336 1300 2363 κᾶν
1323 2337 1426 2368 ἐκεῖνος
1444 2337 1586 2372 διδομένην
1600 2337 1693 2364 λαϐεῖν
1708 2337 1758 2364 οὐκ
1776 2338 1910 2373 ἠθέλησεν,

1131 2381 1240 2414 ἀνάξιον
1262 2382 1359 2409 ἑαυτὸν
1391 2382 1537 2409 ἀποκαλῶν
1566 2382 1614 2409 τοῦ
1643 2382 1784 2417 βασιλικοῦ
1811 2382 1908 2417 θρόνου.

1130 2429 1322 2464 Προὺτρὲπετο
1335 2428 1364 2456 δὲ
1380 2429 1482 2464 μᾶλλον
1501 2429 1547 2455 τὸν
1571 2428 1681 2464 Μιχαὴλ
1705 2428 1743 2461 ὼς
1763 2428 1835 2463 αὐτῷ
1850 2427 1910 2462 πρέ-

1132 2483 1181 2501 πον
1197 2474 1379 2506 ἀναδέξασθαι
1397 2474 1428 2501 τὸ
1457 2475 1567 2508 κράτος,
1591 2475 1639 2501 καλ¹
1664 2475 1746 2507 αὐτὸς
1762 2474 1911 2509 ὑπισχνεῖτο

1130 2520 1240 2555 οἰκέτης
1257 2520 1367 2547 ἔσεσθαι
1383 2521 1427 2547 διὰ
1450 2520 1508 2555 βίου
1522 2519 1571 2547 καὶ
1586 2520 1741 2556 λειτουργὸς
1757 2517 1911 2549 πιστότατός

1130 2576 1160 2594 τε
1177 2567 1224 2594 καὶ
1242 2566 1488 2603 δραστικώτατοςπ
1503 2567 1549 2594 καὶ
1578 2567 1670 2602 ὅρκοις
1689 2565 1910 2603 φρικωδεστάτοις

1131 2614 1258 2641 ἑνεπέδου
1287 2614 1338 2645 τὰς
1361 2613 1535 2648 ὑποσχέσεις.
1562 2612 1606 2648 [Ρ.
1630 2612 1695 2646 483]
1715 2612 1792 2639 Οὕτω
1818 2611 1845 2638 δὲ
1866 2609 1909 2636 τοῦ

1132 2659 1244 2694 Μιχαὴλ
1261 2659 1308 2685 καὶ
1338 2659 1415 2694 παρά
1439 2659 1485 2685 τὸν
1511 2659 1612 2685 οἰκεῖον
1637 2659 1738 2686 σκοπὸν
1761 2658 1812 2689 τὰς
1837 2657 1910 2691 ἡνίας

1132 2705 1334 2740 ἀναδεξαμένου
1350 2705 1400 2740 τῆς
1416 2704 1565 2740 βασιλείας,
1579 2704 1710 2739 Κρούμου
1726 2713 1754 2730 τε
1771 2703 1818 2730 τοῦ
1834 2702 1911 2729 Βουλ-

1131 2753 1226 2787 γάρων
1251 2752 1381 2787 ἄρχοντος
1403 2753 1464 2783 ταῖς
1491 2750 1646 2786 ἔμπροσθεν
1678 2750 1815 2785 εὐτυχίαις
1833 2751 1910 2783 ἐπαρ-

1133 2797 1235 2830 θέντος,
1254 2798 1302 2824 καὶ
1316 2797 1370 2824 τῶν
1388 2796 1549 2832 Βουλγάρων
1569 2796 1842 2832 φρονηματισθέντων
1856 2795 1910 2824 ταῖς

1132 2845 1234 2876 νίκαις,
1251 2844 1284 2870 τὰ
1299 2845 1349 2880 τῆς
1359 2843 1464 2876 Δύσεως
1477 2843 1647 2879 ἐπυρπόλουν
1664 2852 1692 2870 τε
1706 2843 1750 2870 καὶ
1768 2841 1908 2876 ἐληΐζοντο.

1135 2890 1244 2924 Ἔδοξεν
1261 2890 1306 2918 οὖν
1327 2890 1366 2926 τῷ
1386 2890 1490 2925 βασιλεῖ
1507 2890 1614 2925 Μιχαὴλ
1638 2888 1831 2926 ἐκστρατεῦσαι
1854 2884 1908 2912 κατ’
