2019 3150
236 184 288 215 939

882 185 1041 215 GEORGll
1057 186 1220 218 CEDRENI

1807 176 1859 221 utr

238 249 291 275 qui:
317 239 461 266 sententia:
489 238 742 273 olttetttperandum.
775 239 835 266 llzec
854 248 915 267 cum
933 240 1023 268 Leone

1075 242 1218 269 σιάσασθαι
1235 242 1283 276 τὴν
1303 241 1442 274 ἀσέϐειαν,
1466 242 1608 278 ὑποτίθησι
1627 243 1665 277 τῷ
1683 242 1785 277 ΙΞασιλεί
1804 251 1858 268 τοι·

240 288 347 313 locutns
374 284 466 312 statim
493 284 526 310 ab
541 283 591 310 ltoc
605 283 639 309 ad
654 283 819 311 monachum
834 293 895 312 eum
913 292 943 312 se
957 293 1024 312 con-

242 333 304 365 fert,
320 331 479 365 indicatque
495 330 685 364 imperatorem
711 330 755 357 vili
772 330 865 358 habitu
882 331 914 358 ad
931 331 1022 366 ipsum

239 379 364 414 proxima
391 380 470 404 nocte
499 380 655 408 venturum,
670 380 696 404 et
710 376 744 404 de
761 377 892 412 religione
907 378 1022 405 consul-

238 431 329 452 turunt
345 423 463 458 aliisque
475 422 652 457 gravissimis
676 423 806 458 negotiis.
824 422 940 451 Proinde
965 431 1023 451 nte-

239 470 365 498 minisset
379 470 404 497 ci
420 472 582 505 praesentem
596 469 704 504 imperii
717 469 833 504 vitaeque
847 470 1022 497 amissionent

241 517 413 551 denuntiare,
431 516 485 543 nisi
508 516 580 543 ultro
607 516 708 544 Leonis
731 516 819 544 Isauri
847 515 1023 550 imperatoris

240 564 378 592 decretum
410 563 579 598 amplectens
605 562 677 590 idola
695 562 747 598 (sic
771 570 865 590 sacras
891 562 1024 597 imagines

240 610 406 647 appellabat)
434 610 535 638 divinis
563 609 666 637 aedibus
696 609 852 638 exturbaret
877 618 884 636 :
914 609 955 636 sitt
974 610 1024 635 hoc

240 657 361 690 fecisset,
378 656 436 684 fore
466 656 681 684 dominationem
694 655 833 691 vitamque
844 656 903 690 ejus
915 655 1023 682 diuturv

237 713 300 732 nam
315 708 397 740 atque
411 704 530 732 felicem.
543 704 601 731 Hoc
616 703 696 731 modo
709 703 863 731 subornato
879 703 1022 735 monacho,

237 755 265 777 et
294 757 357 790 (μιεὲ
380 757 442 776 eum
474 748 640 783 imperatore
661 748 736 783 loqui
751 747 864 776 deberet
879 747 1022 781 instructo,

239 797 316 824 abiit.
344 795 430 822 Paulo
456 799 518 829 post
536 798 618 821 noctu
642 793 834 829 imperatorem
868 794 912 821 vili
929 794 1024 821 habitu

239 843 356 869 velatum
388 841 421 867 ad
452 839 617 867 monaclttnn
652 839 772 867 adducit.
800 839 838 868 lbi
862 840 947 876 856
966 841 1023 875 jam

238 887 308 914 inito
329 885 477 919 colloquio,
503 884 655 912 monachus
680 885 803 919 proxime
831 884 865 911 ad
879 885 1024 920 imperato-

239 940 297 960 rem
313 931 457 963 assistens,
488 930 572 958 veluti
587 929 633 964 qtti
653 929 746 957 divino
763 930 894 958 instinctu
907 929 1024 964 impera-
1038 918 1061 947 Β

239 979 337 1006 loriam
368 978 539 1012 maiestatem
569 975 666 1003 adesse
695 976 812 1004 sentiret
831 985 839 1004 ι
856 975 913 1003 Νοιι
939 980 1023 1007 recte,

238 1026 338 1060 inquit,
360 1025 408 1052 abs
438 1029 464 1052 te
495 1024 596 1052 factum
616 1030 668 1056 εει,
698 1023 858 1058 imperator,
886 1021 958 1056 quod
974 1028 1024 1048 nos

239 1071 337 1106 privati
372 1070 465 1098 habitu
488 1070 631 1105 decepisti,
665 1069 739 1096 intus
773 1068 918 1095 occultans
949 1071 1023 1094 tuam

242 1124 399 1152 personant.
419 1115 471 1144 Sed
488 1123 646 1151 quanquam
664 1119 692 1142 tu
714 1115 767 1142 hoc
783 1115 850 1150 agis,
870 1121 920 1142 nos
936 1118 1024 1141 tamen

239 1162 327 1196 gratia
346 1161 431 1188 divini
446 1159 567 1196 Spiritus
598 1167 653 1187 non
680 1159 784 1187 diutius
799 1163 841 1187 est
866 1166 947 1194 passa
964 1166 979 1185 a
999 1163 1026 1187 te

240 1208 305 1235 I’alli.
335 1202 392 1234 Hoc
407 1211 437 1234 ut
450 1206 706 1241 audiitimperator,
726 1213 810 1242 seque
826 1205 929 1233 frustra
943 1212 1025 1233 cona-

239 1260 298 1281 tum
324 1254 371 1281 vili
389 1253 484 1280 habitu
509 1252 717 1288 imperatoriam
744 1252 906 1287 dignitatem
933 1251 1024 1280 celare

245 1300 360 1336 putavit,
378 1299 499 1326 attimutn
520 1297 663 1333 perculsus
682 1302 733 1330 est,
751 1301 780 1325 ut
805 1305 854 1333 par
867 1301 927 1324 crat
944 1297 1024 1326 istius

242 1344 455 1373 machinationis
476 1343 624 1378 ignarum;
656 1341 875 1377 monacltumque
901 1343 1024 1370 divinum

239 1393 376 1419 hominem
404 1398 466 1419 esse
490 1391 595 1423 fassus,
611 1390 744 1425 imperata
761 1390 794 1417 ab
817 1397 849 1417 eo
869 1389 1025 1417 obedienter

238 1442 263 1464 et
290 1437 351 1465 sine
378 1444 457 1463 mora
486 1443 516 1464 se
538 1435 676 1470 facturum
706 1435 852 1470 promittit,
878 1441 958 1471 atque
987 1436 1024 1463 ita

238 1483 435 1511 venerabilium
447 1482 597 1518 imaginum
614 1482 648 1508 ab
663 1489 696 1508 eo
717 1481 873 1508 mandatam
892 1481 1024 1517 dejectio-

238 1537 300 1556 nem
319 1537 370 1556 suo
386 1528 517 1563 sun‘ragio
544 1529 653 1563 probat.
678 1527 817 1563 Principio
838 1527 937 1555 deinde
949 1529 1024 1564 cogi-

239 1575 307 1603 tavit
335 1581 390 1609 quo
418 1578 498 1609 pacto
526 1573 663 1608 promissa
690 1573 797 1600 occulte
820 1573 957 1608 impleret,
989 1583 1024 1602 ne

238 1628 320 1655 quam
336 1627 368 1648 ea
396 1627 440 1648 res
457 1619 483 1646 in
499 1618 624 1646 Ecclesia
637 1619 767 1646 excitaret
784 1620 954 1647 seditionem.
971 1619 1023 1648 Sed

240 1673 301 1703 post
316 1667 424 1702 publice
440 1674 551 1702 quoque
567 1667 707 1694 decretum
727 1673 759 1694 ea
776 1667 810 1694 de
827 1675 856 1694 re
869 1668 1022 1703 proposuit,

239 1714 401 1749 proceribus
430 1717 458 1743 et
485 1712 682 1740 ecelesiasticis
712 1713 811 1748 partim
838 1713 910 1741 ultro
924 1714 1023 1749 partim

240 1765 335 1788 contra
352 1760 508 1787 animorum
526 1766 639 1788 suorum
656 1759 819 1787 sententiam
829 1760 1023 1795 obtemperan-

238 1807 322 1834 tibus.
333 1806 460 1842 Magnum
471 1812 580 1840 quoque
592 1805 697 1833 etinter
709 1806 879 1840 patriarchas
889 1806 1023 1834 celebrem

238 1852 422 1889 Nicephorum
449 1860 549 1889 cogere
576 1852 662 1880 voluit
680 1857 709 1880 ut
722 1852 811 1880 edicto
827 1852 852 1880 ei
867 1852 1024 1881 subscribe-

239 1906 290 1933 ret,
324 1900 454 1935 nulloque
468 1898 549 1927 modo
564 1905 705 1935 parentem
719 1899 924 1928 Proconnesum
952 1900 1024 1928 rele-

235 1947 319 1982 gavit.
337 1945 420 1974 Multo
435 1950 498 1974 ante
514 1946 538 1973 is
553 1945 652 1975 Leonis
682 1947 887 1985 perversitatem
904 1954 1023 1982 prasen-

236 1996 321 2023 serat.
337 1992 371 2020 ab
385 1999 473 2027 eoque
480 1999 524 2020 res
538 1991 667 2021 Ecclesia:
683 1992 815 2027 agitatum
827 1992 1022 2028 turbatumque

236 2038 281 2066 iri.
291 2037 358 2065 Nam
373 2045 427 2072 quo
441 2043 564 2073 tempore
575 2037 701 2066 diadema
711 2037 793 2073 capiti
806 2037 866 2073 ejus
879 2037 1021 2074 imposuit,

237 2085 314 2112 visus
329 2083 412 2119 857
439 2083 492 2111 sibi
508 2083 599 2111 ftterat
612 2083 700 2119 spinis
728 2090 760 2110 ac
775 2083 884 2112 tribulis
913 2091 1022 2112 manum

236 2130 394 2165 contpungi,
408 2128 489 2164 idque
506 2136 587 2156 omen
599 2135 696 2156 eorum
712 2136 772 2164 quae
785 2133 877 2164 postea
892 2133 1023 2157 eventura

235 2179 329 2202 essent
347 2175 482 2203 malorum
510 2175 707 2210 interpretatus
732 2174 832 2202 fuerat.
848 2174 916 2202 Cum
932 2180 1022 2203 autent

235 2221 443 2249 Procomtesum
456 2220 652 2253 abduceretur,
670 2220 852 2256 Theophanes
867 2221 1022 2254 confessor,

1074 287 1137 315 ἀνδε
1162 287 1223 313 τινὰ
1253 287 1422 322 συμϐουλήν.
1450 287 1571 322 Μοναχόν
1595 296 1654 313 τινα
1679 288 1767 322 φήσας
1792 286 1864 314 εἶναι

1074 333 1162 368 ἔργων
1181 331 1339 367 παραδόξων
1364 332 1540 367 δημιουργὸν,
1559 332 1607 363 τὰς
1630 333 1752 366 οἰκήσεις
1769 332 1866 358 ποιού-

1076 388 1155 414 μενον
1171 379 1221 407 ἀνα
1236 379 1282 406 τὸν
1295 379 1441 413 Δαγιστὲα,
1459 388 1469 405 ι
1485 379 1578 414 Τούτῳ
1601 377 1650 412 δεῖ,
1665 379 1743 414 φησι,
1778 386 1868 413 προσ-

1074 425 1222 451 αναθέσθαι
1238 424 1286 460 τὴν
1302 425 1412 460 πρᾶξιν,
1428 425 1476 452 καὶ
1491 425 1560 461 ὅπερ
1570 424 1603 451 ἂν
1615 425 1717 455 ἐκεῖνος
1726 423 1868 457 ὑπόθοιτο,

1073 471 1152 498 τοῦτο
1176 471 1217 498 δεῖ
1243 472 1289 498 καὶ
1306 472 1429 505 ποιῆσαι.
1443 481 1452 497 t
1480 471 1534 498 Καὶ
1554 470 1640 497 ταῦτα
1656 470 1705 506 μὲν
1720 467 1780 496 εἷπε
1796 470 1867 505 προς

1073 517 1117 543 τὴν
1137 517 1258 552 βασιλέα,
1274 517 1378 544 ἐκεῖθεν
1392 518 1419 544 δὲ
1435 517 1552 550 ἐξελθὼν
1561 517 1653 544 ἄπεισι
1668 516 1774 551 ταχέως
1794 516 1867 550 πρὸς

1073 565 1118 591 τὸν
1127 565 1285 600 μονάζοντα,
1298 565 1342 592 καί
1353 565 1497 601 φησιξπρὺς
1515 566 1607 597 αὑτὸν,
1618 565 1656 598 ὡς
1670 574 1680 591 ι
1693 565 1733 602 Τῇ
1749 565 1871 600 ἐπιούσῃ

1074 613 1152 638 νυκτὶ
1168 611 1307 639 ἐλεύσεταί
1323 621 1364 638 σοι
1384 613 1398 638 6
1418 612 1546 646 βασιλεὺς
1561 613 1590 639 ὲν
1608 612 1715 638 εὐτελεῖ
1728 613 1761 648 τῇ
1786 620 1871 647 περι-

1075 657 1150 693 ϐολῇ,
1166 658 1312 693 ἐρωτήσων
1329 659 1392 693 περὶ
1407 660 1456 693 τῆς
1471 659 1590 689 πίστεως
1607 658 1654 684 καὶ
1670 657 1758 685 ἄλλων
1777 659 1865 690 ἀναγ-

1075 703 1226 729 καιοτάτων
1252 703 1434 738 πραγμάτων.
1472 703 1507 730 Σὺ
1528 703 1556 730 δὲ
1577 703 1646 729 ἀλλὰ
1673 703 1797 738 μέμνησο
1815 711 1868 728 ται*

1075 748 1150 783 χείαν
1173 757 1202 775 τε
1218 748 1264 774 τοῦ
1282 749 1340 783 βίου
1358 749 1549 784 καταστροῃὴν
1572 749 1620 775 καὶ
1645 749 1695 783 τῆς
1724 747 1870 783 βασιλείας

1075 795 1210 822 ἔκπτωσιν
1227 796 1372 830 ἀπειλῆσαι
1388 796 1472 830 αὐτῷ,
1485 796 1508 822 εί
1524 796 1561 831 μὴ
1577 795 1648 822 ἑκών
1659 804 1690 829 γε
1707 795 1811 830 αἱροῖτο
1827 794 1870 828 τῷ

1074 841 1122 868 τοῦ
1135 841 1267 876 βασιλέως
1283 842 1398 873 Λέοντος
1413 840 1504 874 σοῦ’ὲξ
1534 841 1670 877 Ίσαυρίας
1683 841 1871 875 προστεθῆναι

1075 888 1191 924 δόγματι
1215 889 1262 915 καὶ
1282 889 1316 914 τά
1338 889 1436 915 εἴδωλα
1455 888 1508 915 τῶν
1535 888 1616 915 θείων
1634 889 1726 924 σηκῶν
1743 888 1871 923 ἐξορίσαι

1077 932 1136 967 (τὰς
1151 932 1226 964 θείας
1240 932 1349 964 εἰκόνας
1366 932 1438 960 οὕτω
1453 933 1594 970 καλέσας),
1608 933 1825 968 ἐπαγγείλασθαί
1838 940 1871 959 τι

1075 977 1122 1004 τοῦ
1141 978 1287 1014 εἰρημένου
1299 978 1357 1013 βίου
1373 978 1512 1013 γενομένῳ
1523 978 1596 1014 ζωῆς
1608 988 1638 1006 τε
1651 979 1759 1014 μακρὰν
1775 979 1872 1015 βιοτὴε

1077 1024 1122 1050 καὶ
1144 1024 1193 1059 τὴς
1212 1024 1351 1059 βασιλείας
1365 1024 1531 1060 κιιὸἐρνησιν
1545 1025 1649 1060 εὐτυχῆ
1672 1034 1701 1052 τε
1716 1025 1764 1052 καὶ
1781 1026 1854 1052 πολυ

1075 1070 1190 1110 χρόνιον.
1207 1078 1217 1096 ι
1237 1069 1316 1097 Οὕτω
1340 1070 1554 1106 παιδαγωγήσας
1569 1071 1615 1098 τὸν
1633 1072 1759 1107 μοναχὸν,
1778 1072 1826 1098 καὶ
1854 1073 1874 1098 a

1077 1114 1170 1150 μέλλει
1184 1114 1275 1149 λέγειν
1286 1115 1315 1146 ἐς
1332 1114 1446 1150 βασιλέα
1466 1116 1625 1150 παιδεύσας,
1641 1115 1774 1144 ἐπάνεισι.
1787 1116 1872 1145 Μετᾶ

1077 1159 1174 1196 μικρδν
1194 1160 1281 1187 δὲκαὶ
1295 1160 1342 1187 τὸν
1365 1160 1478 1196 βασιλέα
1504 1161 1600 1194 νυκτὸς
1625 1164 1655 1190 ὲν
1678 1160 1802 1197 ταπεινῷ
1830 1162 1873 1195 τῷ

1077 1206 1196 1241 σχήματι
1210 1205 1432 1242 προσλαϐόμενος
1446 1207 1556 1242 ἔρχεται
1577 1208 1647 1243 πρὸς
1673 1208 1718 1235 τὸν
1739 1207 1872 1244 μοναχὸν,

1076 1251 1122 1278 καὶ
1145 1252 1194 1286 τῆς
1213 1252 1358 1286 διαλέξεως
1375 1253 1425 1288 ἤδη
1441 1253 1635 1289 λαμῦανούσης
1651 1252 1740 1290 ἀρχὴν
1753 1253 1870 1289 ἑγχιστα

1075 1297 1121 1324 τὸν
1147 1297 1259 1332 βασιλέα
1283 1299 1532 1334 παραστησάμενος
1556 1299 1571 1325 6
1598 1299 1713 1335 μοναχδς
1733 1299 1771 1331 ὡς
1797 1299 1870 1333 τάλα

1076 1344 1257 1379 προεγνωκὼς
1274 1345 1306 1371 ὲκ
1325 1344 1400 1376 θείας
1413 1345 1561 1377 ἐπιπνοίας
1580 1345 1610 1371 τι
1627 1344 1768 1381 βασιλικὸν
1782 1345 1870 1378 ἀξία-

1077 1399 1115 1425 μα
1129 1398 1136 1405 ·
1160 1400 1167 1415 ι
1182 1391 1238 1417 Οὐκ
1254 1390 1363 1425 εὔλογα,
1377 1391 1441 1426 ἔφη,
1459 1393 1557 1424 ποιεῖς,
1574 1389 1727 1427 ὦβασιλεῦ,
1745 1391 1789 1429 [Ρ.
1802 1391 1868 1419 489⁵

1077 1436 1330 1472 παραλογιζόμενος
1358 1438 1432 1472 ἡμᾶς
1456 1440 1489 1474 τῇ
1514 1439 1637 1473 ἰδιωτικῇ
1652 1438 1871 1475 ἀμπεχόιιῃ,καὶ

1075 1483 1120 1509 τὸν
1136 1483 1209 1510 ἔνδον
1223 1484 1308 1518 αὐτῆς
1325 1485 1512 1519 κρυπτόμενον
1530 1485 1724 1512 ἐπικαλύπτων
1741 1485 1869 1521 βασιλέα.

1082 1529 1155 1555 Ἀλλ’
1177 1530 1201 1555 εἰ
1217 1530 1265 1556 καὶ
1286 1531 1317 1556 σὺ
1335 1530 1383 1565 μὲν
1406 1529 1505 1570 οὕτως,
1522 1531 1580 1558 ἀλλ’
1595 1532 1612 1567 ἡ
1627 1531 1674 1558 τοῦ
1690 1531 1763 1558 θείου
1780 1531 1869 1558 Πνεύ·

1038 1590 1060 1618 c
1078 1583 1161 1609 ματος
1181 1575 1260 1610 χάρις
1273 1575 1348 1610 ἡμᾶς
1363 1576 1412 1601 οὐκ
1423 1575 1515 1602 εἴασεν
1531 1576 1577 1602 ἐπὶ
1600 1577 1681 1603 πλέον
1694 1575 1766 1603 οὕτω
1782 1585 1872 1604 κατα-

1078 1618 1234 1653 σοφίζεσθαι
1250 1619 1302 1645 ὑπὸ
1315 1619 1375 1647 σοῦ.
1393 1629 1401 1646 t
1424 1620 1511 1647 Τοῦτο
1523 1620 1560 1652 ὡς
1574 1621 1690 1655 ἤκουσεν
1701 1621 1715 1647 6
1727 1621 1871 1656 βασιλεὺς,

1077 1664 1124 1691 καὶ
1147 1664 1184 1696 ὡς
1210 1665 1260 1691 οὐκ
1279 1665 1376 1692 ἔλαθεν
1392 1666 1420 1692 ἐν
1443 1667 1547 1693 εὐτελεῖ
1559 1668 1732 1703 προσχήματι
1747 1667 1776 1694 τὸ
1790 1667 1868 1703 βαι-ιν

1076 1709 1150 1736 λικδν
1166 1709 1296 1745 κρύπτων
1311 1711 1431 1746 ἀξίωμα,
1450 1713 1609 1748 κατεπλάγη
1625 1721 1666 1746 τε,
1678 1712 1715 1744 ὡς
1727 1711 1762 1750 ἦν
1779 1712 1869 1746 είκδς,

1075 1756 1120 1783 τὸν
1133 1756 1163 1783 τὺ
1178 1757 1342 1793 σκαιώρημα
1358 1758 1518 1793 ἀγνοοῦντα,
1534 1759 1582 1786 καὶ
1597 1759 1643 1786 τόν
1652 1768 1681 1786 τε
1698 1759 1816 1795 μοναχὸν
1830 1760 1868 1791 di;

1076 1801 1147 1829 Θεῖον
1171 1802 1255 1838 ἄνδρα
1279 1803 1424 1839 ἐγνώρισε,
1443 1804 1490 1830 καὶ
1505 1803 1539 1830 τὰ
1560 1803 1786 1840 προσταττόμενα
1802 1813 1859 1840 παις

1075 1848 1158 1875 αὐτοῦ
1173 1848 1308 1881 εύπειθῷς
1322 1849 1370 1876 καὶ
1385 1851 1456 1885 μετά
1471 1850 1624 1885 ταχύτητος
1639 1849 1763 1886 ποιήσειν
1777 1851 1864 1885 ἐπήγ-

1075 1894 1164 1928 γελτο,
1188 1895 1236 1922 καὶ
1248 1895 1303 1922 τῶν
1327 1896 1482 1930 σεϐασμίων
1494 1896 1606 1924 εἰκόνων
1622 1895 1780 1931 ἐπιψηφίζει
1796 1896 1852 1924 καυ

1074 1939 1188 1976 αίρεσιν.
1209 1939 1265 1968 Καὶ
1288 1941 1420 1976 πρότερον
1451 1941 1501 1977 μὲν
1527 1942 1555 1968 ὲν
1570 1942 1608 1976 τῷ
1622 1941 1746 1977 λεληθότι
1761 1941 1870 1968 6:561!»-

1075 1987 1152 2013 πεῖτο
1171 1986 1229 2019 πῶς
1245 1987 1278 2013 ἂν
1299 1987 1389 2014 αὐτῶν
1406 1987 1554 2023 ἐκτελεσθῇ
1580 1988 1610 2014 τὸ
1629 1987 1801 2023 σπούδασμα,
1816 1993 1868 2014 και

1077 2033 1113 2068 μή
1129 2041 1172 2064 τις
1188 2033 1282 2066 στάσις
1292 2033 1426 2070 άνεγερθῇ
1446 2033 1510 2070 περὶ
1522 2035 1572 2069 τὴν
1586 2033 1760 2069 Ἐκκλησίαν·
1770 2033 1869 2061 ἔπει-α

1075 2079 1122 2105 καὶ
1147 2079 1188 2111 είς
1210 2079 1366 2114 τούμφανὲς
1388 2080 1418 2106 τὸ
1436 2079 1525 2114 δόγμα
1538 2079 1679 2114 ἐξήνεγκε,
1699 2080 1746 2107 καὶ
1763 2080 1818 2107 τῶν
1837 2081 1870 2107 ἒν

1075 2126 1146 2152 τέλει
1169 2126 1215 2154 καὶ
1239 2127 1293 2153 τῶν
1309 2127 1358 2162 τῆς
1378 2127 1544 2161 Ἐκκλησίας
1556 2128 1580 2153 οἱ
1597 2127 1646 2162 μὲν
1663 2126 1771 2160 ἑκόντες
1790 2128 1815 2154 oi
1839 2127 1868 2154 δὲ

1075 2172 1188 2204 ἄκοντες
1210 2165 1367 2200 ὑπέκυπτον
1385 2173 1424 2207 τῷ
1441 2173 1648 2209 προστάγματι.
1680 2173 1869 2208 Ἦναγκάζετο

1075 2218 1104 2244 δὲ
1117 2218 1162 2244 καί
1177 2219 1192 2244 ὁ
1209 2215 1296 2254 μέγας
1311 2219 1340 2244 ὲν
1362 2219 1548 2255 πατριάρχαις
1563 2219 1685 2255 ἀοίδιμος
1708 2219 1869 2255 Νικηφόρος

236 2267 397 2295 monasterii
411 2268 501 2302 magni
513 2267 576 2302 Agri
589 2267 748 2302 praefectus,
763 2275 824 2294 eum
839 2268 949 2303 navigio
958 2276 1023 2303 pra:-

1078 2265 1107 2291 ὲν
1118 2265 1168 2300 ,τῷ
1183 2265 1232 2299 τῆς
1259 2264 1448 2300 καθαιρέσεως
1462 2266 1516 2292 τῶν
1534 2266 1619 2300 ἁγίων
1635 2265 1746 2293 εἰκόνων
1764 2266 1867 2302 6mm;-

235 2314 339 2341 tervehi
348 2311 441 2341 divino
451 2313 582 2340 instinctu
593 2313 726 2346 sentiens,
737 2321 798 2341 cum
809 2313 836 2341 in
845 2319 922 2349 parte
930 2314 1024 2350 przcdii

236 2359 353 2394 quadam
372 2360 429 2394 ipse
440 2364 542 2395 ageret,
557 2359 647 2387 sulIitu
659 2363 686 2387 et
699 2359 786 2387 cereis
798 2364 959 2394 prosecutus
972 2364 1023 2388 est.

237 2407 289 2433 Sed
306 2411 333 2434 et
347 2405 519 2441 Nicephorus
532 2405 644 2433 intentis
657 2405 786 2433 manibus
800 2405 922 2433 vicissim
936 2404 1024 2433 Theo-

235 2453 352 2487 phaticm
367 2452 506 2484 salutavit,
519 2451 650 2487 ﬂexisque
662 2451 779 2488 genibus
791 2459 897 2480 summe
910 2459 1024 2480 venera-

235 2505 279 2527 tus
294 2499 444 2532 benedixit,
458 2506 520 2526 cum
539 2499 650 2534 quidem
668 2502 766 2526 neuter
777 2499 892 2526 alterum
907 2491 1022 2531 videret,

234 2544 282 2571 sed
298 2544 356 2571 acie
386 2543 501 2579 spiritus
527 2547 625 2571 mutuo
652 2549 714 2570 sese
737 2547 883 2572 cernentes
910 2543 1021 2579 dignum

236 2590 353 2617 invicem
384 2590 516 2616 honorem
541 2589 737 2617 exhibuerunt.
764 2588 875 2616 Etcum
909 2588 1022 2624 quidam

236 2643 287 2660 una
299 2634 484 2668 navigantium
495 2638 628 2669 quaereret
641 2641 788 2669 quemnam
806 2634 843 2661 ita
857 2633 982 2661 manibus
993 2633 1022 2662 in

234 2682 352 2708 sublime
367 2681 477 2708 elevatis
492 2682 656 2715 salutaret,lt
670 2681 893 2716 Sanctissimum,
907 2688 1022 2717 respon-

235 2727 285 2760 dit,
296 2726 492 2761 Theophanem
507 2727 697 2755 confessorem
709 2731 738 2755 et
751 2728 816 2763 Agri
832 2727 1022 2763 praepositum,

233 2774 278 2810 qui
290 2781 339 2802 nos
354 2773 460 2801 facibus
468 2778 494 2801 et
511 2774 602 2802 sufiitu
612 2773 846 2810 excepit.iNeque
859 2774 945 2802 multo
961 2777 1022 2809 post

233 2819 323 2847 exitus
335 2819 578 2855 veramNicephori
592 2811 801 2854 praedictionem
812 2819 940 2847 ostendit.
954 2818 1021 2846 Nam

234 2873 294 2891 mox
312 2872 373 2891 cum
389 2865 482 2891 multis
495 2864 556 2891 aliis
585 2862 766 2898 Theophanes
777 2870 885 2898 quoque
899 2861 1021 2890 Ecelesia

233 2912 338 2946 ejectus
365 2911 535 2945 infinitisque
567 2913 684 2937 vexatus
717 2909 808 2938 modis
837 2907 1020 2937 coufessionis

1077 2311 1214 2346 μηνασθαι
1226 2311 1317 2347 τόμῳ·
1331 2311 1360 2338 ὅν
1373 2311 1506 2347 μηδαμῶς
1524 2312 1750 2348 πειθαρχήσαντα
1780 2313 1868 2349 ὕπερ-

1075 2357 1148 2392 όριον
1170 2357 1221 2384 ἀνὰ
1233 2357 1282 2394 τὴν
1296 2358 1479 2393 Προικόνησον
1499 2358 1602 2394 τίθησι,
1619 2359 1704 2385 πάλαι
1719 2358 1865 2394 προαισθό-

1077 2411 1158 2438 μενον
1174 2404 1223 2438 τὴν
1237 2403 1284 2430 τοῦ
1301 2404 1415 2435 Λέοντος
1437 2404 1642 2439 σκαιοτροπίαν,
1659 2405 1707 2431 καὶ
1727 2404 1765 2436 ὣς
1779 2404 1867 2442 κυκή-

1076 2457 1117 2476 σει
1133 2446 1211 2480 οὗτος
1225 2449 1273 2476 καὶ
1291 2448 1452 2483 συνταράξει
1467 2449 1501 2475 τά
1517 2449 1567 2483 τῆς
1575 2449 1754 2485 Ἐκκλησίας.
1770 2449 1866 2485 Ἔδοξε

1074 2494 1129 2531 γὰρ
1148 2495 1187 2529 τῷ
1205 2495 1343 2530 μακαρίτῃ
1367 2494 1529 2530 Νικηφόρῳ,
1555 2495 1675 2531 ὁπηνίκα
1695 2495 1726 2522 τὺ
1742 2494 1866 2531 διάδημα

1074 2539 1226 2576 περιετίθει
1247 2541 1280 2575 τῇ
1309 2539 1357 2566 τοῦ
1372 2539 1485 2572 Λέοντος
1509 2541 1627 2577 κεφαλῇ,
1650 2540 1785 2573 ἀκάνθαις
1814 2541 1865 2570 καὶ

1073 2586 1208 2622 τριδόλοις
1226 2585 1275 2622 τὴν
1292 2587 1370 2621 χεῖρα
1383 2587 1571 2623 περιπαρῆναι
1583 2595 1590 2602 ·
1620 2588 1667 2614 καὶ
1692 2587 1773 2615 τοῦτο
1792 2587 1867 2622 exigu

1074 2631 1153 2660 σολον
1175 2633 1222 2659 καὶ
1253 2632 1347 2660 οἱωνδν
1365 2633 1442 2660 ἔθετο
1465 2633 1519 2660 τῶν
1535 2634 1604 2670 μετὰ
1622 2634 1708 2661 ταῦτα
1726 2633 1864 2672 συμδεόηι

1072 2679 1160 2706 κότων
1175 2679 1278 2706 κακῶν.
1307 2679 1487 2715 ’Δπαγομένῳ
1502 2679 1529 2706 δὲ
1551 2680 1591 2715 τῷ
1605 2681 1715 2716 μεγάλῳ
1727 2682 1796 2716 πρὸς
1812 2683 1862 2716 τὴν

1073 2725 1222 2762 ὑπερορίαν
1237 2725 1253 2752 6
1265 2725 1434 2761 όμολογητὴς
1445 2726 1585 2761 Θεοφάνης
1604 2727 1618 2753 6
1631 2726 1680 2761 τῆς
1695 2726 1744 2754 τοῦ
1769 2727 1851 2761 Μετὰ

1072 2769 1119 2797 λου
1151 2769 1249 2806 ’Δγροῦ
1282 2771 1367 2806 μονῆς
1396 2771 1623 2807 καθηγούμενος,
1653 2773 1815 2808 αἰσθόμενος
1831 2775 1863 2805 ἐξ

1071 2817 1215 2848 ἐπιπνοίας
1233 2816 1328 2851 θεῖκῆς
1352 2819 1405 2856 τὴν
1419 2817 1552 2844 διέλευσιν
1575 2818 1682 2852 τούτου,
1702 2819 1862 2855 κατ’ὰγρό»

1071 2871 1132 2890 τινα
1143 2863 1329 2898 ἐνδιατρίσων,
1343 2863 1496 2899 θυμιάμασι
1509 2864 1557 2891 καὶ
1571 2865 1666 2900 κηροῖς
1679 2863 1861 2900 προῦπεμπεν

1072 2909 1155 2938 αὑτὸν
1179 2909 1248 2945 μετὰ
1271 2909 1320 2941 τῖες
1336 2909 1398 2946 νηὸς
1411 2909 1524 2938 διιόντα,
1550 2910 1637 2942 Auro;
1654 2918 1683 2937 τε
1697 2911 1711 2938 6
1726 2904 1852 2946 πατριῶν
