2019 3150
187 185 239 215 93)

832 187 991 216 GEORGII
1007 188 1171 219 CEDRENI

1759 192 1809 222 Μ(

189 250 242 276 que
269 240 412 267 sententiae
440 239 693 274 obtemperandum.
727 239 786 268 lla-c
805 249 866 268 eum
884 241 973 270 Leone

1026 243 1169 270 σιάσαεοαι
1186 243 1234 277 τὴν
1254 243 1392 276 ἀσέϐειαν,
1416 243 1558 278 ὑποτίθησι
1577 244 1615 278 τῷ
1633 243 1736 278 ΙΞατειλεί
1755 252 1809 269 τοι·

191 289 298 314 loeutns
325 285 417 313 statim
444 285 477 311 ab
493 285 542 311 hoc
556 284 589 311 ad
606 284 769 312 monachum
785 294 846 313 eum
864 293 894 313 se
908 294 974 313 con-

193 334 256 366 fert,
271 332 430 366 indicatque
446 331 636 365 imperatorem
662 331 706 358 vili
723 332 817 359 habitu
832 333 865 360 ad
882 333 973 368 ipsum

189 380 314 415 proxima
342 381 421 405 nocte
449 381 606 410 Venturum,
621 381 648 404 et
661 377 695 405 de
712 378 843 413 religione
859 379 972 407 consul-

189 432 280 453 turum
297 424 414 458 aliisque
426 423 602 458 gravissimis
627 424 757 459 negotiis.
774 424 891 452 Proinde
916 433 974 452 nze-

190 471 316 499 minisset
330 471 355 498 ei
371 473 534 506 praesentem
547 470 655 505 imperii
668 470 784 505 vitaeque
798 471 974 498 amissionem

193 517 364 551 denuntiare,
382 517 436 544 nisi
458 517 531 544 ultro
559 517 658 544 Leonis
682 517 770 545 Isauri
798 517 974 551 imperatoris

191 565 330 593 decretum
361 564 530 598 amplectens
556 564 627 591 idola
646 564 698 599 (sic
722 571 816 591 sacras
842 563 975 598 imagines

191 611 357 648 appellabat)
385 611 486 639 divinis
514 610 617 638 azdibus
647 611 802 639 exturbaret
828 619 834 637 :
865 610 906 637 sin
925 611 975 636 hoc

190 658 312 691 fecisset,
329 657 386 685 fore
417 657 632 685 dominationem
645 657 784 692 vitamque
795 657 853 692 ejus
866 657 974 683 diutur-

188 715 250 734 nam
266 710 348 741 atque
362 705 480 733 felicem.
494 705 552 732 Hoc
567 704 647 732 modo
660 705 814 732 subornato
830 704 973 737 monacho,

188 757 216 778 et
245 759 308 791 qua;
331 758 393 777 cum
425 749 591 784 imperatore
611 749 687 784 loqui
702 749 815 776 deberet
830 748 973 781 instructo,

189 798 266 825 abiit.
295 796 380 823 Paulo
406 799 469 830 post
486 799 568 822 noctu
592 795 785 830 imperatorem
819 795 863 822 vili
880 795 974 822 habitu

189 844 307 870 velatum
339 842 372 868 ad
403 841 568 868 monachum
603 841 723 868 adducit.
751 840 789 868 lbi
814 841 897 877 856
917 841 974 876 jam

189 888 258 915 inito
280 886 427 920 colloquio,
454 885 606 913 monachus
631 885 754 920 proxime
781 885 816 912 ad
830 886 975 921 imperato-

1025 288 1088 316 ἀνδε
1112 288 1174 314 τινὰ
1204 288 1372 323 συμϐουλήν.
1401 288 1522 323 Μοναχόν
1546 298 1604 315 τινα
1629 289 1718 324 φήσας
1743 287 1814 315 εἶναι

1025 334 1113 369 ἔργων
1132 333 1289 368 παραδόξων
1314 333 1490 368 δημιουργὸν,
1510 333 1558 364 τὰς
1581 334 1702 368 οἰκήσεις
1719 333 1814 359 ποιού-

1027 389 1106 416 μενον
1122 380 1173 408 ἁνΞι
1187 380 1232 407 τὸν
1245 380 1392 414 Δαγιστέα,
1410 389 1419 406 ι
1435 380 1528 415 Τούτῳ
1552 378 1601 412 δεῖ,
1616 380 1694 415 φησι,
1729 387 1816 414 προσ-

1025 426 1173 453 αναθέσθαι
1188 425 1237 461 τὴν
1253 426 1362 461 πρᾶξιν,
1379 427 1426 453 καὶ
1442 426 1510 462 ὅπερ
1521 425 1553 452 ἂν
1566 426 1667 457 ἐκεῖνος
1677 424 1816 459 ὑπόθοιτο,

1024 472 1103 499 τοῦτο
1127 472 1168 499 δεῖ
1194 473 1240 499 καὶ
1257 473 1380 506 ποιῆσαι.
1393 482 1402 498 ι
1431 472 1485 499 Καὶ
1505 471 1590 498 ταῦτα
1606 471 1656 507 μὲν
1671 469 1730 498 εἶπε
1747 471 1815 506 προς

1024 518 1068 544 τὸν
1087 518 1209 553 βασιλέα,
1225 519 1329 545 ἐκεῖθεν
1343 519 1370 545 δὲ
1386 518 1502 551 ἐξελθὼν
1512 518 1604 545 ἄπεισι
1618 517 1724 552 ταχέως
1744 517 1815 552 πρὸς

1024 567 1069 592 τὶν
1077 566 1236 601 μονάζοντα,
1248 566 1293 593 καί
1303 567 1448 602 φησιλπρὸς
1465 567 1558 599 αὐτὸν,
1568 566 1606 599 ὡς
1620 576 1630 592 ι
1644 566 1684 603 Τῇ
1699 566 1818 602 ἐπιούσῃ

1024 614 1103 639 νυκτὶ
1119 613 1258 640 ὲλεὺσεταί
1273 622 1315 640 σοι
1334 614 1348 639 ὁ
1368 613 1496 648 βασιλεὺς
1511 614 1540 640 ὲν
1559 613 1665 640 εὐτελεῖ
1679 614 1711 649 τῇ
1737 621 1818 648 περι-

1025 659 1100 694 ϐολῇ,
1116 659 1263 694 ἐρωτήσων
1279 661 1342 694 περὶ
1358 661 1406 694 τῆς
1421 660 1540 691 πίστεως
1557 660 1605 686 καὶ
1620 659 1709 686 ἄλλων
1727 660 1812 692 ἁναγ·

1026 704 1177 730 καιοτάτων
1203 704 1385 740 πραγμάτων.
1422 705 1458 731 Σὺ
1478 704 1507 731 δὲ
1528 704 1596 730 ἀλλὰ
1624 704 1747 739 μέμνησο
1765 712 1815 729 saw

1026 750 1100 784 κεῖαν
1123 758 1152 776 τε
1169 750 1215 776 τοῦ
1233 750 1291 784 βίον
1310 750 1500 785 καταστροφὴν
1523 750 1570 776 καὶ
1596 750 1645 784 τῆς
1675 749 1816 784 βασιλείας

1026 796 1161 823 ἔκπτωσιν
1178 797 1323 831 ἀπειλῆσαι
1338 797 1422 831 αὐτῷ,
1435 798 1459 823 εἰ
1475 798 1511 832 μὴ
1527 797 1598 823 ἑκών
1610 805 1640 831 γε
1657 797 1761 831 αἱροῖτο
1775 795 1816 829 τῷ

1025 842 1072 869 τοῦ
1087 842 1218 877 βασιλέως
1234 843 1348 874 Λέοντος
1363 843 1455 875 τοῦἐξ
1484 842 1620 878 Ἰσσωρίας
1633 841 1817 876 προστεθῆναι

1026 889 1142 925 δόγματι
1165 890 1213 916 καὶ
1233 890 1268 915 τὰ
1289 890 1386 916 εἴδωλα
1405 889 1458 916 τῶν
1486 889 1567 916 θείων
1584 889 1677 925 σηκῶν
1695 889 1817 924 ἐξορίσαι

191 942 247 962 rem
264 933 408 964 assistens,
439 931 523 958 veluti
538 930 584 965 qui
604 931 698 958 divino
713 931 844 959 instinctu
858 931 973 966 impera-

1102 933 1178 965 θείας
1191 933 1299 965 εἰκόνας
1317 933 1388 960 οὕτω
1404 934 1545 971 καλέσας),
1558 919 1773 969 ἐπαγγείλασθαί
1786 941 1817 960 τι

190 980 288 1007 loriam
319 979 490 1014 maiestatem
520 977 617 1004 adesse
646 977 763 1005 sentiret
782 986 789 1006 :
806 976 864 1004 Non
889 981 974 1007 recte.x

189 1027 289 1060 inquit,
311 1026 359 1053 abs
389 1030 415 1052 te
446 1024 546 1052 factum
567 1031 619 1057 est,
648 1024 808 1059 imperator,
837 1022 908 1057 quod
925 1029 975 1050 nos

190 1072 289 1107 privati
323 1071 416 1099 habitu
439 1071 582 1106 (lecepisti,
616 1071 690 1098 iutus
723 1069 869 1096 occultans
900 1073 973 1095 tuam

193 1125 350 1154 personam.
369 1117 422 1144 Sed
438 1124 597 1152 quanquam
616 1120 643 1143 tu
665 1116 718 1143 hoc
733 1116 801 1151 agis,
821 1122 872 1142 nos
886 1119 975 1143 tamen

190 1164 278 1198 gratia
297 1162 382 1189 divini
397 1160 518 1197 Spiritus
549 1168 603 1188 non
631 1160 735 1188 diutius
749 1164 792 1188 est
816 1167 898 1195 passa
915 1167 930 1186 a
950 1164 976 1188 te

191 1209 256 1236 l’alti.
286 1204 343 1235 ﬂoe
359 1213 387 1235 ut
401 1207 657 1242 audiitimperator,
677 1214 761 1243 seque
777 1206 880 1235 frustra
893 1213 976 1234 cona-

190 1261 248 1282 tum
275 1255 322 1282 vili
340 1254 435 1281 habitu
460 1253 668 1289 imperatoriam
695 1253 857 1288 dignitatem
884 1253 975 1281 celare

195 1301 312 1337 putavit,
329 1299 450 1327 animum
470 1299 614 1334 perculsus
633 1302 685 1331 est,
703 1303 732 1326 ut
755 1306 805 1334 par
819 1302 878 1326 erat
895 1298 975 1326 istius

193 1345 406 1374 machinationis
426 1344 575 1380 ignarum;
606 1343 826 1378 monachumque
852 1343 975 1371 divinum

190 1393 327 1420 hominem
355 1399 417 1420 esse
441 1392 545 1424 fassus,
562 1390 695 1426 imperata
712 1391 745 1418 ab
767 1397 800 1418 eo
819 1390 976 1418 obedienter

189 1443 214 1465 et
241 1439 302 1466 sine
329 1445 408 1465 mora
437 1444 467 1464 se
489 1436 626 1471 facturum
657 1436 803 1471 promittit,
829 1441 910 1471 atque
938 1437 975 1464 ita

189 1484 387 1512 venerabilium
399 1483 548 1519 imaginum
565 1483 598 1509 ab
614 1490 646 1509 eo
668 1483 823 1509 mandatam
842 1482 975 1517 dejectio-

189 1537 251 1557 nem
269 1537 320 1558 suo
336 1529 467 1565 suffragio
495 1530 604 1564 probat.
629 1527 768 1564 Principio
788 1529 888 1556 deinde
900 1530 976 1565 cogi-

190 1576 258 1604 tavit
286 1582 341 1610 quo
369 1579 450 1610 pacto
477 1574 614 1609 promissa
641 1575 748 1602 occulte
770 1574 908 1609 impleret,
940 1583 975 1602 ne

189 1629 271 1656 quam
286 1629 319 1648 ea
347 1629 392 1649 res
408 1621 434 1647 in
451 1620 574 1647 Ecclesia
588 1621 718 1647 excitaret
735 1621 906 1648 seditionem.
922 1621 974 1648 Sed

191 1674 251 1704 post
267 1668 376 1702 publice
391 1675 502 1703 quoque
518 1667 658 1695 decretum
678 1674 710 1694 ea
727 1668 760 1695 de
778 1675 807 1696 re
820 1669 972 1703 proposuit,

190 1715 352 1750 proceribus
382 1718 409 1743 et
435 1713 633 1741 ecclesiasticis
663 1713 762 1749 partim
788 1714 861 1742 ultro
875 1715 974 1750 partim

191 1765 286 1788 contra
304 1761 459 1788 animorum
476 1767 589 1788 suorum
607 1761 770 1788 sententiam
780 1761 973 1796 obtemperan-

189 1807 273 1835 tibus.
285 1807 411 1842 Maguum
422 1813 531 1841 quoque
543 1806 648 1834 etinter
659 1806 829 1841 patriarchas
839 1807 974 1836 celebrem

189 1853 372 1889 Nicephorum
400 1860 500 1889 cogere
526 1853 613 1880 voluit
631 1858 660 1880 ut
673 1853 763 1881 edicto
777 1853 803 1880 ei
819 1853 975 1882 subscribe-

190 1907 242 1934 ret,
275 1901 405 1936 nulloque
419 1899 500 1927 modo
515 1906 656 1936 parentem
670 1900 876 1929 Proconnesum
903 1901 975 1929 rele-

186 1947 271 1983 gavit.
288 1947 372 1974 Multo
385 1950 449 1975 ante
465 1946 488 1974 is
504 1945 604 1976 Leonis
633 1948 838 1987 perversitatem
855 1955 974 1983 praesen-

187 1997 272 2024 serat,
287 1993 323 2020 ab
336 2000 424 2028 eoque
431 2000 475 2021 res
489 1992 619 2021 Ecclesia:
634 1993 765 2028 agitatum
779 1992 973 2029 turbatumque

187 2039 232 2066 iri.
242 2038 309 2066 Nam
324 2047 378 2074 quo
392 2044 515 2074 tempore
525 2038 652 2066 diadema
661 2038 744 2074 capiti
757 2039 817 2074 ejus
829 2038 972 2074 imposuit,

187 2085 265 2113 visus
280 2084 364 2120 857
391 2084 442 2112 sibi
459 2084 550 2112 fuerat
563 2083 650 2119 spinis
679 2091 711 2111 ac
726 2084 835 2112 tribulis
864 2092 973 2113 manum

187 2131 345 2166 compungi,
359 2129 440 2165 idque
457 2137 538 2158 omen
550 2136 647 2157 eorum
663 2137 723 2164 quae
736 2134 828 2164 postea
843 2134 974 2158 eventura

186 2180 280 2204 essent
299 2176 433 2204 malorum
460 2176 658 2211 interpretatus
682 2175 782 2203 fuerat.
799 2175 867 2203 Cum
883 2181 973 2204 autern

186 2223 394 2250 Proeonuesum
407 2222 604 2254 abduceretur,
621 2221 803 2257 Theophanes
818 2222 973 2256 confessor,

1026 978 1074 1006 τοῦ
1092 979 1238 1014 εἰρημένου
1251 979 1308 1014 βίου
1323 979 1462 1015 γενομένῳ
1473 979 1546 1015 ζωῆς
1559 989 1588 1007 τε
1602 980 1710 1016 μακρὰν
1725 980 1818 1016 βιοτὴν

1028 1025 1074 1051 καὶ
1095 1025 1144 1060 τὴς
1162 1025 1302 1060 βασιλείας
1316 1025 1482 1061 κυϐέρνησιν
1496 1026 1600 1061 εὐτυχῆ
1623 1035 1652 1053 τε
1666 1026 1714 1054 καὶ
1731 1027 1800 1053 πολυ

1026 1071 1142 1112 χρόνιον.
1157 1079 1168 1097 ι
1188 1071 1266 1098 Οὕτω
1291 1071 1505 1106 παιδαγωγήσας
1519 1072 1565 1098 τδν
1584 1073 1710 1108 μοναχὸν,
1729 1073 1775 1099 καὶ
1800 1074 1819 1099 ἃ.

1028 1115 1121 1151 μέλλει
1135 1116 1225 1150 λέγειν
1237 1116 1266 1147 ὲς
1283 1115 1397 1151 βασιλέα
1417 1117 1576 1151 παιδεύσας,
1592 1116 1725 1145 ἐπάνεισι.
1738 1117 1818 1145 Mari

1028 1161 1125 1197 μικρὸν
1144 1161 1172 1188 δὲ
1185 1161 1233 1188 καὶ
1246 1161 1293 1188 τὸν
1316 1161 1429 1196 βασιλέα
1454 1162 1552 1194 νυκτὸς
1576 1164 1605 1191 ὲν
1629 1161 1752 1198 ταπεινῷ
1778 1163 1820 1197 τῷ

1027 1207 1146 1243 σχήματι
1161 1207 1382 1243 προσλαϐόμενος
1397 1208 1507 1244 ἔρχεται
1528 1209 1597 1244 πρὸς
1623 1209 1669 1236 τὸν
1689 1208 1820 1244 μοναχὸν,

1027 1252 1073 1279 καὶ
1095 1253 1144 1287 τῆς
1164 1253 1309 1287 διαλέξεως
1326 1254 1376 1289 ήδη
1391 1253 1586 1290 λαμόανούσης
1601 1253 1690 1290 ἀρχὴν
1704 1254 1820 1290 ἑγχιστα

1025 1298 1071 1325 τον
1098 1297 1210 1334 βασιλέα
1234 1300 1483 1335 παραστησάμενος
1506 1300 1521 1326 ό
1549 1300 1664 1336 μοναχδς
1684 1300 1722 1332 ὡς
1747 1300 1820 1334 τάλα

1027 1345 1209 1381 προεγνωκὼς
1225 1346 1256 1372 ὲκ
1276 1346 1351 1377 οείας
1364 1346 1512 1378 ἐπιπνοίας
1530 1346 1561 1372 τὸ
1578 1345 1718 1382 βασιλικὸν
1732 1345 1819 1379 ἀξίω--

1028 1399 1066 1426 μα
1080 1398 1087 1406 ⁸
1110 1401 1119 1416 ι
1133 1392 1189 1418 Οὐκ
1204 1391 1314 1426 εὔλογα,
1328 1392 1392 1428 ἔφη,
1410 1395 1507 1425 ποιεῖς,
1525 1389 1547 1420 ὦ
1557 1392 1678 1427 βασιλεῦ,
1695 1392 1739 1430 μ’.
1752 1392 1817 1420 489¹

1028 1437 1281 1473 παραλογιζόμενος
1310 1439 1383 1473 ἡμᾶς
1407 1440 1440 1475 τῇ
1465 1439 1588 1474 ἰδιωτικῇ
1603 1439 1756 1475 ἀμπεχόνῃ,
1771 1440 1820 1466 καὶ

1026 1484 1071 1510 τὸν
1087 1484 1160 1510 ἔνδον
1174 1485 1260 1519 αὐτῆς
1276 1486 1463 1520 κρυπτόμενον
1481 1486 1676 1513 ἐπικαλύπτων
1692 1485 1818 1522 βασιλέα.

1033 1530 1106 1556 Ἀλλ’
1128 1531 1152 1556 εἰ
1169 1531 1216 1557 καὶ
1237 1532 1268 1557 σὺ
1285 1531 1334 1566 μὲν
1357 1531 1456 1571 οὕτως.
1473 1532 1531 1558 ἀλλ’
1546 1533 1562 1568 ὴ
1578 1532 1625 1559 τοῦ
1641 1533 1713 1559 θείου
1731 1532 1818 1559 Uva-3‘

989 1591 1011 1619 ρ
1029 1583 1112 1610 ματος
1132 1575 1211 1611 χάρις
1225 1577 1299 1611 ἡμᾶς
1314 1577 1363 1603 οὐκ
1374 1576 1466 1603 εἴασεν
1482 1577 1528 1604 ἐπὶ
1551 1577 1632 1604 πλέον
1645 1576 1717 1604 οὕτω
1733 1586 1821 1605 κατα-

1029 1619 1186 1654 σοφίζεσθαι
1202 1620 1253 1646 ὑπὸ
1266 1620 1326 1648 σοῦ.
1344 1630 1352 1647 ι
1375 1621 1461 1648 Τοῦτο
1474 1620 1511 1653 ὡς
1525 1622 1641 1656 ἤκουσεν
1652 1622 1666 1648 ὁ
1678 1622 1820 1657 βασιλεις,

1028 1665 1075 1692 καί
1098 1665 1135 1697 ὡς
1161 1666 1210 1692 οὐκ
1231 1665 1327 1692 ἔλαθεν
1343 1667 1372 1692 έν
1394 1668 1498 1694 εὐτελεῖ
1510 1669 1683 1703 προσχήματι
1697 1668 1727 1694 τὸ
1741 1668 1817 1704 βασν

1027 1710 1101 1737 λικδν
1117 1710 1247 1746 κρύπτων
1262 1712 1382 1747 ἀξίωμα,
1401 1713 1560 1748 κατεπλάγη
1576 1722 1617 1747 τε,
1629 1713 1665 1745 ὡς
1678 1712 1713 1751 ἧν
1730 1713 1818 1747 είκδς,

1026 1757 1071 1784 τὸν
1084 1757 1114 1784 τὸ
1129 1757 1293 1794 σκαιώρημα
1309 1759 1468 1793 ἀγνοοῦντα,
1484 1760 1533 1786 καὶ¹
1548 1760 1633 1786 τόντε
1649 1760 1765 1795 μοναχὸν
1778 1760 1817 1792 di;

1027 1802 1098 1830 θεῖον
1122 1802 1207 1838 ἄνδρα
1230 1803 1375 1839 ἐγνώρισε,
1395 1805 1441 1831 καὶ
1456 1804 1489 1831 τὰ
1511 1804 1737 1840 προσταττόμενα
1751 1813 1808 1841 παρ

1027 1849 1109 1876 αὑτοῦ
1124 1849 1258 1882 εὐπειθῶς
1273 1850 1321 1876 καὶ
1337 1851 1407 1886 μετὰ
1422 1851 1575 1886 ταχύτητος
1590 1850 1714 1886 ποιήσειν
1728 1852 1813 1886 ἐπήγ-

1026 1895 1116 1929 γελτο,
1140 1895 1254 1922 καὶτῶν
1278 1896 1433 1931 σεϐασμίων
1445 1897 1556 1924 εἰκόνων
1573 1896 1730 1932 ἐπιψηφίζει
1747 1897 1801 1924 καί)

1025 1940 1139 1976 αἰρεσιν.
1161 1940 1216 1969 Καὶ
1240 1942 1372 1977 πρότερον
1401 1941 1452 1977 μὲν
1477 1943 1506 1968 ὲν
1521 1942 1559 1977 τῷ
1573 1942 1697 1978 λεληθότι
1712 1941 1821 1969 διεσκοιι

1026 1988 1104 2014 πεῖτο
1121 1986 1181 2019 πῶς
1197 1987 1230 2014 ἃν
1250 1988 1340 2015 αὐτῶν
1358 1987 1505 2024 ἐκτελεσθῇ
1530 1988 1561 2015 τὸ
1581 1988 1752 2024 σπούδασμα,
1767 1993 1818 2016 καί

1028 2034 1064 2069 μή
1080 2042 1124 2066 τις
1139 2034 1233 2066 στάσις
1243 2034 1378 2070 ἁνεγερθῇ
1397 2033 1461 2070 περὶ
1473 2035 1522 2070 τὴν
1536 2033 1712 2070 Ἐκκλησίαν⁸
1722 2033 1819 2062 ἕπει-α

1026 2080 1073 2106 καὶ
1099 2080 1139 2111 εἰς
1162 2080 1317 2115 τούμφανὲς
1339 2080 1369 2107 τὸ
1387 2079 1476 2115 δόγμα
1489 2079 1630 2115 ἐξήνεγκε,
1649 2081 1697 2107 καὶ
1714 2080 1768 2107 τῶν
1788 2081 1820 2107 ἐν

1025 2127 1097 2153 τέλει
1120 2127 1167 2154 καὶ
1190 2127 1244 2154 τῶν
1260 2127 1309 2162 τῆς
1329 2127 1495 2162 Ἐκκλησίας
1507 2129 1531 2154 οἱ
1548 2127 1597 2163 μὲν
1613 2127 1722 2160 ἑκόντες
1741 2129 1766 2154 οί
1789 2127 1818 2155 οὲ

1026 2173 1139 2204 ἄκοντες
1161 2166 1318 2201 ὑπέκυπτον
1336 2174 1374 2207 τῷ
1393 2174 1598 2209 προστάγματι.
1631 2174 1819 2208 Ἠναγκάζετο

1026 2219 1055 2245 δὲ
1068 2219 1112 2245 καὶ
1129 2219 1142 2245 ὁ
1160 2215 1247 2255 μέγας
1261 2219 1290 2245 ὲν
1313 2220 1498 2255 πατριάρχαις
1514 2219 1636 2255 ἀοίδιμος
1659 2220 1819 2256 Νικηφόρος

187 2269 348 2296 monasterii
362 2269 452 2303 magni
463 2268 526 2303 Agri
540 2269 698 2303 praefectus,
713 2276 775 2296 eum
789 2269 973 2304 navigio’prae-

1029 2266 1058 2292 ἐν
1070 2265 1120 2301 ,τῷ
1134 2265 1183 2300 τῆς
1210 2265 1399 2300 καθαιρέσεως
1413 2266 1468 2292 τῶν
1485 2266 1570 2300 ἁγίων
1586 2266 1698 2294 εἰκόνων
1715 2267 1818 2302 ὑποσηυ

186 2315 290 2342 tcrvelii
299 2312 392 2342 divino
402 2314 533 2341 instinctu
544 2313 676 2347 sentiens,
688 2321 749 2342 cum
760 2315 786 2342 in
796 2320 872 2350 parte
881 2315 974 2350 prcedii

187 2360 304 2396 quadam
322 2360 380 2395 ipse
391 2365 493 2396 ageret,
508 2360 598 2388 sumtu
610 2364 636 2388 et
649 2360 736 2388 cereis
749 2365 910 2395 prosecutus
922 2365 974 2388 est.

187 2408 240 2435 Sed
257 2412 283 2435 et
297 2406 470 2442 Nicephorus
483 2406 595 2434 intentis
607 2405 737 2434 manibus
751 2406 872 2434 vicissim
886 2405 974 2434 Theo-

186 2455 303 2489 phanem
318 2453 456 2486 salutavit,
470 2452 601 2488 ﬂexisque
613 2452 730 2488 genibus
742 2461 848 2481 summe
861 2460 975 2481 venera-

186 2507 230 2528 tus
245 2499 394 2533 benedixit,
409 2507 471 2527 cum
490 2499 601 2535 quidem
619 2502 717 2527 neuter
728 2499 843 2527 alterum
858 2493 973 2532 videret,

185 2545 233 2572 sed
249 2545 307 2572 atie
337 2544 452 2580 spiritus
478 2548 576 2572 mutuo
603 2551 665 2571 sese
688 2547 833 2572 cernentes
861 2544 972 2579 dignum

187 2591 304 2618 invicem
334 2591 466 2618 honorem
493 2590 688 2618 exhibuerunt.
715 2588 825 2617 Etcum
860 2589 972 2624 quidam

187 2643 238 2661 tum
251 2635 435 2669 navigantium
446 2639 579 2670 quaereret
592 2642 739 2670 quemnam
756 2634 794 2661 ita
808 2634 933 2662 manibus
944 2634 973 2662 in

186 2682 303 2708 sublime
318 2681 428 2709 elevatis
443 2683 606 2716 salutaret”
621 2682 844 2716 Sanctissimum,
858 2689 973 2717 respou-

187 2728 237 2760 dit,
248 2726 443 2761 Theophanem
459 2728 648 2756 cOnfessorem
661 2731 688 2756 et
700 2728 766 2764 Agri
782 2727 972 2763 praepositum,

184 2774 229 2810 qui
241 2781 290 2802 nos
305 2772 411 2800 facibus
420 2777 446 2800 et
462 2774 553 2802 sumtu
563 2773 796 2810 excepit.»Neque
810 2774 896 2801 multo
912 2777 973 2809 post

184 2820 275 2847 nitus
286 2817 529 2853 veramNicephori
543 2812 752 2854 praedictionem
763 2819 890 2847 ostendit.
905 2818 972 2846 Nam

186 2872 245 2891 mox
264 2872 324 2891 cum
341 2863 434 2890 multis
447 2863 507 2891 aliis
535 2862 717 2898 Theophanes
727 2870 836 2898 quoque
849 2861 971 2890 Ecclesia

185 2912 290 2945 ejectus
316 2910 486 2945 infinitisque
518 2913 635 2937 vexatus
669 2909 758 2938 modis
788 2908 971 2937 confessionis

1029 2311 1165 2347 μήνασοαι
1177 2311 1268 2347 τόμῳ·
1283 2312 1311 2338 ὃν
1324 2312 1457 2347 μηδαμῶς
1475 2313 1701 2349 πειθαρχήσαντα
1731 2314 1819 2347 ὖπερυ

1026 2357 1099 2393 όριον
1121 2358 1172 2385 ἀνὰ
1183 2358 1232 2394 τὴν
1247 2358 1430 2393 Προικὸνησον
1450 2358 1552 2394 τίθησι,
1570 2359 1655 2386 πάλαι
1670 2359 1816 2395 προαισθόο

1028 2412 1109 2439 μενον
1125 2405 1174 2439 τὴν
1188 2403 1235 2431 τοῦ
1251 2404 1366 2436 Λέοντος
1387 2405 1592 2440 σκαιοτροπίαν,
1609 2405 1657 2432 καὶ
1677 2405 1716 2437 ὡς
1730 2405 1818 2442 κυκήι

1027 2458 1068 2476 σει
1084 2447 1161 2481 οὗτος
1177 2449 1224 2476 καὶ
1243 2449 1403 2483 συνταράξει
1418 2449 1452 2475 τὰ
1468 2449 1704 2485 τῆςἘκκλησίας.
1721 2450 1816 2485 Ἔδοξε

1025 2495 1080 2531 γὰρ
1099 2495 1138 2530 τῷ
1156 2495 1294 2531 μακαρίτῃ
1318 2495 1480 2531 Νικηφόρῳ,
1506 2496 1626 2531 ὁπηνίκα
1646 2496 1678 2523 τὸ
1693 2495 1816 2532 διάδημα

1024 2539 1178 2577 περιετίθει
1198 2541 1232 2576 τῇ
1260 2540 1308 2566 τοῦ
1323 2540 1436 2573 Λέοντος
1460 2541 1578 2578 κεφαλῇ,
1601 2541 1735 2573 ἀκάνθαις
1765 2541 1815 2570 καὶ

1024 2587 1159 2622 τρισόλοις
1177 2586 1226 2623 τὴν
1242 2588 1321 2622 χεῖρα
1334 2588 1522 2623 περιπαρῆναι
1534 2596 1541 2603 ·
1571 2588 1618 2615 καὶ
1643 2587 1724 2615 τοῦτο
1743 2587 1817 2622 σΰιν

1025 2632 1103 2660 σολον
1125 2633 1172 2660 καὶ
1203 2632 1298 2660 οίωνδν
1317 2632 1393 2660 ἔθετο
1416 2633 1470 2660 τῶν
1486 2634 1555 2669 μετὰ
1573 2634 1659 2662 ταῦτα
1677 2633 1815 2672 συμϐεϐη-

1023 2679 1110 2707 κότων
1125 2679 1229 2706 κακῶν.
1258 2679 1439 2715 Ἀπαγομένῳ
1452 2680 1480 2706 δὲ
1503 2680 1542 2716 τῷ
1557 2681 1666 2716 μεγάλῳ
1678 2682 1747 2716 πρὸς
1762 2683 1813 2716 τὴν.

1024 2725 1173 2762 ὑπερορίαν
1187 2726 1203 2753 ὁ
1216 2725 1385 2762 ὁμολογητὴς
1397 2726 1536 2761 Θεοφάνης
1555 2728 1568 2754 ὀ
1582 2727 1631 2762 τῆς
1646 2726 1694 2754 τοῦ
1720 2727 1802 2761 Mero

1023 2770 1069 2797 λου
1102 2770 1200 2806 Ἀγροῦ
1232 2771 1318 2806 μονῆς
1348 2771 1574 2808 καθηγούμενος,
1604 2773 1765 2809 αἰσθόμενος
1781 2775 1815 2805 ἐξ

1022 2817 1166 2848 ἐπιπνοίας
1183 2816 1278 2851 θεῖκῆς
1303 2819 1354 2852 τὴν
1370 2817 1503 2845 διέλευσιν
1526 2819 1632 2852 τούτου,
1653 2819 1715 2845 κατ’
1725 2819 1814 2855 dno»

1022 2871 1083 2891 τινα
1094 2863 1279 2898 ὲνδιατρίὸων,
1293 2854 1447 2899 θυμιάμασι
1461 2864 1508 2892 καὶ
1522 2866 1617 2900 κηροῖς
1629 2854 1812 2901 προῦπεμπεν

1023 2909 1106 2938 αὑτὸν
1130 2909 1198 2945 μετὰ
1222 2909 1271 2942 si;
1286 2909 1349 2946 νηὸς
1362 2909 1475 2938 διιόντα.
1501 2910 1588 2943 Δὺτος
1605 2920 1634 2938 τε
1647 2912 1661 2938 ὁ
1676 2904 1803 2947 πατριῶν
