2019 3150
165 175 218 207 947

820 175 978 206 GEORGII
998 174 1164 204 CEDRENI

1740 175 1796 206 943

166 232 290 267 expietae.
315 229 344 256 in
373 237 407 258 eo
425 229 496 257 libro
521 230 628 267 depicta
661 235 720 259 erat
745 232 800 259 fera
830 233 885 263 leo,
908 231 952 258 cui

1005 231 1052 256 καὶ
1075 229 1196 265 σήμερόν
1213 237 1248 264 με
1271 227 1316 255 τοῦ
1343 229 1542 264 ἁμαρτήματος
1560 229 1765 264 ἠλευθέρωσας.
1783 241 1792 255 ι

166 285 284 312 superne
303 277 330 304 in
348 276 432 304 dorso
446 277 535 305 littera
555 287 572 312 χ
590 277 623 305 ad
642 282 765 306 ventrem
791 286 878 313 usque
896 282 954 305 erat

167 325 318 360 inscripta;
337 328 365 352 et
379 332 395 352 a
409 328 485 359 tergo
499 326 542 352 vir
560 325 670 361 quidam
686 332 833 353 accurrens
848 323 953 352 leonem

167 373 245 399 hasta
268 378 317 406 per
341 371 429 406 ipsam
460 371 578 399 litteram
597 372 762 407 configebat.
789 371 912 406 Cumque
927 372 953 398 id

166 417 309 445 oraculum
325 417 472 445 obscurum
500 418 651 449 videretur.
680 418 756 445 solus
781 426 813 445 eo
832 423 954 453 tempore

138 470 146 478 ι
166 467 286 498 quaestor
298 463 539 498 interpretabatur,
552 463 670 492 Leonem
686 463 778 491 dicens
787 463 851 490 olim
867 464 954 498 impe-

165 514 285 538 ratorem
309 509 379 541 fore,
404 510 451 545 qui
478 509 538 544 ipso
555 509 656 537 Christi
676 508 763 536 Natali
776 509 848 536 mala
866 513 954 537 morte

164 561 238 585 esset
262 556 437 584 interiturus.
467 555 560 591 Neque
577 556 669 583 minus
693 555 811 583 Leonem
823 560 954 590 perterre-

166 603 213 630 bat
239 602 322 629 matri
349 603 410 637 ejus
429 602 520 629 oblata
547 601 625 629 visio.
668 601 706 628 Ea
724 602 796 629 enim
815 602 953 629 dormiens

165 648 258 675 videre
283 648 335 675 sibi
352 648 410 674 visa
435 647 525 674 fuerat
542 655 582 680 se,
610 655 670 674 cum
688 647 715 673 in
739 647 825 674 aedem
848 654 953 674 sacram

166 693 290 727 Deiparze
303 692 532 720 Blachernensem
545 692 643 719 crebro
651 693 836 724 'commearet,
852 693 953 728 virgini

166 739 276 766 cuidam
294 746 440 766 occurrere
450 739 549 766 albatis
562 739 629 766 viris
641 738 763 771 stipatae;
775 746 858 773 porro
868 739 952 766 aedem

165 785 250 822 884.
269 793 298 813 se
320 786 412 813 videre
430 785 565 821 sanguine
588 785 732 820 repletam,
762 791 790 813 et
818 785 951 821 virginem

165 831 246 859 istam
272 831 379 858 cuidam
397 831 549 858 albatorum
575 832 704 858 mandare
728 835 758 858 ut
783 831 863 858 ollam
889 839 953 859 san-

167 878 248 912 guine
271 877 396 912 impleret
416 878 551 912 matrique
568 877 668 904 Leonis
693 877 843 904 bibendum
866 878 953 911 porri-

165 926 260 956 geret;
293 929 322 949 se
344 926 434 948 autem
462 922 608 949 multorum
630 929 763 949 annorum
791 922 951 954 viduitatem

167 967 346 1000 praetendere,
366 967 445 1002 cujus
460 968 545 1003 gratia
560 975 650 1003 neque
664 975 761 995 carnes
770 976 860 1003 neque
874 968 951 1003 quid-

166 1020 249 1046 quam
266 1012 398 1046 sanguine
414 1013 557 1046 prmditum
573 1017 730 1048 gustasset,
757 1014 872 1048 ideoque
900 1014 953 1041 olla

167 1057 249 1083 etiam
268 1057 319 1083 hac
339 1057 500 1085 abstineret.
531 1057 601 1085 Tum
624 1058 756 1092 virginem
784 1059 880 1086 iratam
910 1059 974 1091 di-.

167 1110 239 1135 cere,
259 1111 269 1127 ‹
284 1102 334 1135 Qui
351 1110 415 1137 ergo
433 1103 506 1131 filius
525 1108 589 1131 tuus
619 1112 672 1131 non
695 1105 796 1132 desinit
813 1113 841 1132 se
866 1105 952 1132 multo

165 1154 263 1174 cruore
281 1147 403 1182 opplere,
432 1155 518 1183 eoque
539 1156 582 1176 me
595 1153 621 1176 et
641 1148 738 1175 Filium
759 1150 844 1176 Deum
861 1158 952 1177 meum

165 1194 319 1222 irritare?»
340 1194 429 1229 Atque
447 1195 480 1221 ab
508 1202 541 1222 eo
568 1199 692 1230 tempore
707 1200 793 1223 mater
818 1197 951 1225 visionem

165 1239 247 1266 istam
279 1241 382 1275 tragice
412 1240 547 1270 referens.
573 1248 629 1268 non
662 1242 805 1269 destiterat
833 1241 950 1270 Leonem

166 1284 271 1311 hortari
304 1289 334 1311 ut
365 1285 625 1321 imaginipcrdarum
666 1287 762 1314 haeresi
792 1287 949 1316 obsisteret.

165 1329 348 1358 Perturbabat
370 1335 396 1359 et
415 1332 468 1359 alia
485 1332 557 1360 haud
574 1333 682 1361 modice
715 1334 794 1361 visio.
819 1334 887 1361 Nam
904 1342 953 1369 per

166 1377 286 1412 quietem
303 1378 379 1406 visus
402 1378 453 1406 sibi
479 1379 572 1406 fuerat
593 1380 688 1407 audire
703 1379 845 1407 Tarasium
865 1381 953 1416 patri-

165 1425 278 1451 archam
295 1425 413 1452 nobilem
436 1425 522 1458 illum,
547 1425 594 1460 qui
617 1425 778 1459 jamdudum
793 1427 876 1454 vitam
891 1435 955 1455 cum

165 1475 254 1497 morte
274 1474 498 1503 commutaverat,
524 1471 686 1498 Michaelum
702 1472 846 1506 quemdam
863 1473 954 1501 nomi-

166 1516 252 1542 natim
284 1516 423 1543 exhortari
455 1520 537 1550 atque
564 1518 708 1551 impellere
726 1522 756 1545 ut
781 1519 806 1545 in
834 1518 953 1547 Leonem

166 1560 297 1594 impetum
315 1560 416 1587 faceret
431 1560 559 1595 letalique
571 1562 625 1588 ictu
638 1566 783 1591 sterneret.
793 1562 954 1598 Exagitabat

167 1605 248 1632 etiam
270 1605 398 1632 monachi
427 1606 497 1640 apud
525 1606 716 1634 Philomelium
741 1609 901 1642 praedictio,
929 1609 956 1638 et

167 1651 251 1696 restis
277 1659 333 1678 sua:
350 1659 364 1678 a
391 1651 526 1680 Michaelo
552 1653 655 1680 induta:
683 1654 848 1687 recordatio,
873 1663 953 1688 quam

167 1705 225 1724 rem
251 1705 335 1732 supra
363 1699 553 1732 exposuimus.
582 1698 631 1727 His
653 1701 781 1728 omnibus
802 1702 956 1730 terroribus

167 1747 246 1771 actus
263 1744 412 1778 imperator
435 1749 508 1772 metu
532 1746 740 1773 concutiebatur
761 1751 841 1782 atque
862 1748 955 1775 animo

166 1789 340 1823 ﬂuctuabat,
370 1798 486 1824 eamque
516 1796 625 1818 noctem
666 1792 819 1820 insomnem
844 1794 955 1828 exigens

168 1839 318 1872 sapientius
335 1846 415 1873 quam
440 1839 490 1866 sibi
518 1839 690 1867 commodius
710 1841 854 1868 consilium
880 1841 953 1868 iniit.

167 1883 234 1911 Nam
250 1889 380 1920 perrupta
404 1892 457 1920 qua
480 1885 513 1913 ad
531 1886 636 1921 papiam
655 1887 746 1914 ibatur
761 1888 877 1922 portula,
904 1888 954 1915 do-

167 1939 242 1958 mum
261 1931 320 1966 ejus
336 1932 458 1964 intravit,
475 1932 645 1967 speculatum
670 1933 735 1966 quid
749 1933 785 1960 ibi
801 1937 953 1968 gereretur.

167 1976 295 2012 ingresso
317 1978 428 2005 domum
449 1985 508 2016 eam
538 1978 725 2012 spectaculum
752 1979 873 2006 oblatum
898 1984 952 2012 est,

168 2024 240 2059 quod
259 2031 320 2052 eum
340 2024 411 2051 haud
427 2024 576 2059 vulgariter
595 2025 755 2059 perterruit.
779 2024 853 2051 Vidit
876 2033 954 2051 nam-

169 2078 223 2105 que
250 2071 409 2103 damnatum
435 2071 489 2098 alto
505 2078 537 2097 ac
567 2070 710 2106 magnifice
737 2071 884 2098 admodum
904 2079 954 2098 ex-

169 2121 275 2144 structo
291 2117 464 2150 torojacere,
490 2116 570 2151 papia
597 2117 623 2143 in
642 2116 716 2144 nudo
739 2117 892 2151 pavimento
910 2124 953 2143 re-

170 2163 323 2191 cumbente.
335 2163 417 2199 865
433 2163 630 2198 Curiosinsque
644 2169 798 2197 aggressus,
813 2167 842 2189 ut
860 2162 956 2196 depre-

168 2208 300 2236 henderet
317 2217 382 2236 num
408 2208 569 2240 Michaelus,
584 2208 659 2242 quod
686 2208 775 2235 solent
795 2208 868 2234 anxii
884 2211 909 2234 et
925 2207 952 2233 in

168 2254 230 2281 vitae
244 2254 402 2281 discrimine
426 2254 582 2285 constituti,
607 2261 733 2281 somnum
756 2253 901 2288 ancipitem
919 2259 951 2279 ac
966 2259 991 2288 Ι)

168 2300 242 2327 curis
260 2299 383 2334 plenum,
412 2307 446 2326 an
471 2302 567 2326 contra
585 2306 714 2326 securum
740 2301 821 2333 atque
839 2305 949 2325 suavem

168 2346 291 2378 duceret,
306 2346 393 2373 sensit
407 2353 467 2372 eum
481 2345 618 2380 profundo
634 2345 724 2380 sopori
739 2344 871 2376 deditum,
883 2344 952 2372 adeo

169 2396 199 2419 ut
217 2399 252 2419 ne
277 2391 475 2419 contrectando
491 2391 599 2426 quidem
613 2398 675 2418 eum
691 2391 807 2425 potuerit
821 2390 949 2418 excitare.

167 2436 226 2465 Hoc
242 2441 296 2464 tam
319 2437 457 2471 insperato
478 2435 634 2470 spectaculo
654 2433 693 2460 ira
719 2434 810 2461 aerius
838 2434 951 2461 incensa

167 2482 307 2516 discessit,
328 2489 376 2517 pe:
396 2482 481 2509 stium
495 2488 551 2508 non
574 2479 706 2506 Michaelo
725 2483 828 2505 tantum
840 2479 886 2506 sed
899 2478 950 2513 ipsi

167 2536 279 2564 quoque
296 2530 381 2564 papiac
395 2527 509 2554 exitium
525 2530 695 2554 strueturus.
723 2524 816 2558 Neque
832 2525 889 2551 haec
906 2531 950 2551 res

166 2577 272 2610 papiam
286 2575 392 2606 fefellit,
407 2573 479 2608 quod
497 2573 608 2608 quidam
623 2571 747 2599 Michaeli
760 2570 950 2597 excubitorum

166 2629 196 2647 ex
228 2619 351 2654 puniceis
387 2617 531 2645 cothurnis
569 2617 761 2652 imperatorem
790 2618 949 2648 agnoverat,

167 2666 274 2700 ipsique
298 2663 362 2698 quid
380 2667 470 2690 actum
492 2666 568 2690 esset
599 2661 742 2696 perspicue
771 2658 950 2686 indicaverat.

166 2713 260 2747 Itaque
278 2710 371 2744 papias
385 2717 446 2736 cum
470 2709 540 2740 suis,
556 2708 648 2734 animo
664 2706 825 2742 gravissime
843 2708 952 2739 pertur—

167 2758 232 2788 bati.
251 2765 282 2784 ac
298 2764 381 2791 prope
395 2760 471 2782 extra
481 2763 510 2782 se
527 2754 606 2789 rapti,
617 2754 650 2781 de
666 2752 787 2788 periculo
798 2750 951 2785 cffugiendo

167 2804 329 2831 deliberant.
359 2801 475 2835 Jamque
500 2799 687 2830 illuceseebat,
711 2805 773 2825 cum
803 2795 951 2823 Michaelns

169 2850 221 2875 hoc
249 2847 356 2876 consilii
386 2846 468 2880 capit.
497 2845 616 2872 Simulat
638 2852 667 2871 se
682 2851 764 2878 opera
789 2842 951 2873 Theoetisti,

171 2902 251 2929 quem
270 2899 365 2929 postea
379 2892 412 2919 ad
428 2891 539 2919 caniclei
563 2890 721 2924 dignitatem
742 2889 840 2920 evexit.
869 2894 951 2922 quas-

1007 275 1085 302 Οὕτω
1105 275 1135 302 τὺ
1161 275 1276 310 μέλλον,
1307 276 1331 302 εί
1358 276 1405 302 καὶ
1430 276 1527 311 πόρρω
1554 276 1729 311 προφητικῆς
1759 274 1796 312 ἦν

1006 322 1158 353 ἐπιπνοίας.
1187 321 1296 357 ἀληθῶς
1321 322 1498 355 ἁπεφοίϐασε.
1520 321 1637 355 Λέγουσι
1651 322 1725 348 δ’ὂτι
1748 323 1797 349 καὶ

1005 369 1128 403 χρησμὸς
1142 366 1176 403 ἦν
1191 368 1294 395 ἄνωθεν
1313 368 1386 403 αὐτῷ
1412 367 1554 402 δεδομένος
1584 368 1622 400 ὡς
1649 369 1720 395 κατὰ
1745 368 1797 402 τὴν

1005 414 1111 449 ἡμέραν
1132 414 1182 448 τῆς
1211 413 1329 450 Χριστοῦ
1350 413 1396 440 τοῦ
1424 413 1490 440 Θεοῦ
1512 413 1590 448 ἡμῶν
1608 414 1681 441 κατὰ
1704 414 1796 448 σάρκα

1004 461 1158 495 γεννήσεως
1175 460 1316 494 πέπρωται
1335 460 1409 495 αὐτῷ
1423 461 1473 495 τήν
1489 469 1519 486 τε
1539 460 1682 495 βασιλικὴν
1704 460 1797 487 εὐδαι-

1007 506 1102 541 μονίαν
1126 506 1286 536 ἀποϐαλεῖν,
1310 506 1515 540 προσαπολέσαι
1535 506 1563 532 δὲ
1580 507 1628 533 καὶ
1645 506 1730 541 αὐτὴν
1744 506 1795 541 τὴν

1005 552 1088 586 ζωήν.
1107 552 1149 588 [Ρ.
1162 552 1225 588 495]
1241 552 1417 583 Σιϐυλλιακὲις
1428 553 1456 579 δὲ
1468 550 1502 588 ἦν
1517 553 1530 579 ὁ
1545 552 1681 588 χρησμὸς,
1698 552 1726 578 ἐν
1741 561 1797 579 τινι

1005 597 1090 633 βίϐλῳ
1112 599 1162 633 τῆς
1187 598 1330 633 βασιλικῆς
1354 598 1528 633 βώλιοοήκης
1557 599 1797 634 ἐγγεγραμμένος,

1004 645 1035 670 οὐ
1055 644 1197 679 χρησμοὺς
1214 645 1292 680 μόνον
1305 644 1400 676 ἁπλῶς
1415 645 1526 680 ἐχούσῃ.
1542 644 1610 671 ἀλλὰ
1627 645 1675 672 καὶ
1687 646 1798 679 μορφὰς

1006 690 1052 716 καὶ
1066 691 1193 725 σχήματα
1211 690 1265 716 τῶν
1283 690 1414 724 βασιλέων
1436 690 1480 716 διὰ
1499 690 1664 726 χρωμάτων.
1680 689 1735 717 Ἦν
1749 690 1798 716 οὖν

1005 735 1098 770 θηρίον
1126 736 1342 771 μεμορφωμένον
1361 737 1375 762 ὁ
1390 736 1458 763 λέων
1471 737 1500 762 ὲν
1517 736 1555 770 τῷ
1571 736 1676 771 βιϐλίῳ,
1693 736 1799 769 ἄνωθεν

1004 780 1032 806 δὲ
1056 781 1105 815 τῆς
1122 780 1204 806 αὑτοῦ
1221 780 1327 814 ῥάχεως
1351 780 1542 814 ἐπεγέγραπτο
1558 779 1587 805 τὸ
1611 780 1640 814 χῖ
1665 780 1798 813 στοιχεῖον

1006 826 1087 861 μέχρι
1101 827 1147 852 καὶ
1169 825 1256 860 αὐτῆς
1280 826 1329 860 τῆς
1344 825 1472 860 γαστρὸς,
1489 825 1605 851 κατόπιν
1619 825 1649 850 δέ
1665 833 1706 856 τις
1725 825 1797 859 ἀνὴρ

1005 872 1122 898 ἐπιθέων
1138 872 1231 906 δόρατι
1247 871 1357 906 καιρίαν
1376 871 1463 897 ἐδίδου
1478 871 1585 905 πληγὴν
1597 870 1636 904 τῷ
1649 870 1735 905 θηρίῳ
1750 870 1798 896 διὰ

969 910 991 939 Β
1007 916 1090 952 μέσου
1109 917 1155 942 τοῦ
1170 917 1207 950 χῖ.
1240 917 1388 950 Ἀσὰφειαν
1405 916 1427 943 δ’
1450 915 1646 949 ὑποφαίνοντος
1657 915 1704 941 τοῦ
1724 924 1797 950 χρη-

1005 963 1085 997 σμοῦ,
1102 963 1182 997 μόνος
1197 963 1210 988 ὁ
1220 962 1370 997 τηνικαῦτα
1382 961 1531 996 κοιαίστωρ
1544 961 1626 987 αὑτὸν
1640 961 1796 995 διετράνου,

1004 1009 1106 1036 Λέοντα
1122 1009 1230 1041 μέλλειν
1254 1009 1343 1042 φήσας
1366 1009 1425 1034 τινὰ
1446 1007 1557 1042 βασιλέα
1575 1008 1635 1034 κατ’
1648 1007 1733 1042 αὐτὴν
1745 1007 1797 1041 τὴν

1003 1054 1109 1089 ἡμέραν
1125 1054 1174 1088 τῆς
1184 1053 1231 1080 τοῦ
1246 1053 1364 1086 Χριστοῦ
1379 1054 1534 1087 Γεννήσεως
1553 1053 1661 1088 Θανάτῳ
1680 1052 1798 1088 ὀλεθρίῳ

1004 1098 1199 1134 παραδοθῆναι.
1219 1098 1393 1133 ’Υπέοραπτε
1403 1098 1432 1124 δὲ
1443 1099 1517 1124 οὐδὲν
1528 1095 1611 1134 ἦττον
1623 1098 1668 1124 τὸν
1682 1098 1798 1132 βασιλέα

1004 1145 1051 1170 καὶ
1078 1144 1249 1178 ἐξεδειμὰτου
1277 1145 1324 1170 καὶ
1343 1138 1365 1178 ῖή
1390 1145 1439 1178 τῆς
1464 1145 1568 1175 οἰκείας
1593 1145 1697 1178 μητρένς
1718 1143 1795 1178 ὄψις,

1006 1189 1097 1221 Ἔδοξε
1121 1189 1174 1224 γὰρ
1186 1189 1255 1224 αὕτη
1270 1189 1340 1216 κατὰ
1352 1190 1397 1216 τὸν
1416 1190 1444 1216 ἐν
1464 1189 1631 1224 Βλαχέρναις
1649 1189 1719 1215 Θεῖον
1730 1191 1797 1215 ναὸν

1007 1236 1056 1270 τῆς
1073 1235 1207 1262 Θεοτόκου
1221 1236 1342 1269 φοιτῶσα
1359 1235 1478 1271 συνεχῶς
1503 1236 1571 1271 κόρη
1589 1236 1643 1261 τινί
1658 1236 1797 1271 συναντᾷν

1003 1281 1176 1317 λευχείμοσιν
1198 1281 1309 1317 ἀνδράσι
1337 1281 1570 1317 δορυφορονμένῃ,
1596 1281 1669 1316 ἑώρα
1692 1282 1721 1308 δὲ
1746 1282 1798 1308 καὶ

1004 1326 1049 1353 τὸν
1069 1327 1140 1353 θεῖον
1162 1327 1224 1353 ναὸν
1242 1327 1360 1362 αἵματος
1374 1327 1579 1362 πεπλησμένον.
1593 1327 1750 1360 Προστάξαι
1764 1327 1796 1353 δὲ

1004 1373 1054 1408 τὴν
1081 1374 1223 1400 οεαθεῖσαν
1246 1373 1332 1408 κόρην
1350 1373 1391 1399 ἐνὶ
1414 1372 1468 1399 τῶν
1484 1372 1668 1407 λευχειμόνων
1689 1372 1797 1407 ἀνδρῶν

1005 1419 1109 1454 χύτραν
1127 1420 1188 1445 τινὰ
1204 1419 1339 1452 πλήσαντι
1353 1418 1470 1453 αἵματος
1488 1418 1522 1452 τῇ
1541 1418 1626 1453 μητρὶ
1649 1417 1697 1444 τοῦ
1710 1417 1796 1444 Λέον-

1004 1474 1050 1497 τος
1077 1465 1215 1492 ἐπιδοῦναι
1247 1466 1341 1491 πιεῖν·
1363 1464 1449 1499 αὐτῆς
1478 1465 1506 1490 δὲ
1537 1464 1653 1499 πολυετῆ
1679 1464 1796 1499 χηρείαν

1006 1511 1239 1547 προϐαλλομένης,
1265 1511 1298 1537 δι’
1315 1511 1349 1546 ἣν
1365 1512 1434 1545 μήτε
1448 1510 1535 1546 κρεῶν
1555 1511 1624 1546 μήτε
1649 1510 1720 1542 τινὸς
1736 1510 1794 1536 τῶν

1007 1558 1126 1592 ἐναίμων
1139 1557 1299 1592 γεύσασθαι,
1320 1558 1367 1583 καὶ
1382 1556 1425 1583 διὰ
1443 1555 1521 1582 τοῦτο
1535 1556 1604 1592 μηδὲ
1618 1556 1720 1590 ταύτης
1742 1557 1796 1590 τῆς

969 1590 992 1620 C
1012 1590 1115 1639 χύτρας
1142 1590 1271 1638 edacem,
1300 1613 1310 1629 ι
1323 1603 1378 1630 Καὶ
1391 1603 1459 1635 πῶς,
1489 1590 1590 1637 ἕψησεν
1605 1603 1621 1636 ἡ
1637 1602 1704 1637 κόρη
1723 1602 1796 1636 μετὰ

1007 1649 1106 1684 θυμοῦ,
1129 1649 1159 1675 οὔ
1182 1649 1298 1676 παύεται
1334 1650 1348 1675 ὀ
1379 1649 1424 1680 σὸς
1444 1648 1500 1679 υἱὸς
1520 1648 1624 1675 πολλῶν
1647 1647 1794 1682 ἐμπιπλῶν
1815 1672 1820 1675 .

1005 1695 1128 1730 αἱμάτων
1147 1695 1198 1729 ἐμὲ
1224 1695 1271 1721 καὶ
1294 1694 1341 1721 τὸν
1366 1694 1431 1729 ἐμὶν
1464 1695 1637 1730 παροργίζων
1660 1693 1721 1720 Υἱὸν
1744 1693 1795 1720 καὶ

1007 1742 1092 1774 Θεόν;
1106 1751 1114 1767 ι
1134 1740 1223 1768 Πολλά
1234 1750 1264 1767 τε
1278 1740 1371 1766 ἔκτοτε
1386 1740 1431 1767 τὸν
1448 1741 1548 1775 ἑαυτῆς
1567 1740 1722 1774 ὲξελιπάρει
1734 1739 1795 1765 υἱὸν

1008 1787 1056 1821 τῆς
1069 1787 1123 1813 τῶν
1145 1786 1336 1821 Εἱκονομάχων
1357 1787 1488 1820 ἐκστῆναι
1508 1786 1653 1822 αἱρέσεως,
1669 1785 1717 1820 τὴν
1730 1785 1795 1820 ὄψιν

1006 1833 1245 1868 ἐκτραγῳδῇσασα.
1272 1832 1327 1858 Καὶ
1351 1831 1433 1866 ἑτέρα
1449 1831 1477 1857 δέ
1493 1841 1535 1862 τις
1551 1831 1613 1866 ὖψις
1637 1831 1667 1858 οὐ
1687 1830 1796 1866 μικρῶς

1007 1878 1190 1913 συνετάρασσε
1201 1887 1208 1894 ·
1222 1877 1356 1912 Ταράσιος
1371 1877 1425 1912 γὰρ
1439 1878 1453 1904 ὁ
1469 1877 1589 1912 ἀοίδιμος
1607 1877 1794 1912 πατριάρχης.

1007 1924 1091 1950 πάλαι
1107 1924 1152 1950 τὴν
1178 1922 1234 1958 βίον
1255 1922 1443 1958 μετηλλαχὼς,
1473 1923 1587 1958 Μιχαὴλ
1611 1931 1674 1949 τινα
1704 1922 1794 1948 ἐδόκει

1006 1970 1099 1997 καλεῖν
1113 1970 1143 2002 ἐξ
1164 1969 1296 2004 ὀνόματος
1310 1971 1338 1995 ὲν
1351 1969 1474 2004 ὀνείροις,
1492 1969 1658 2004 ὲπιττηδῆσαι
1674 1977 1796 2003 προτρε-

1006 2016 1125 2051 πόμενος
1152 2015 1191 2050 τῷ
1221 2015 1316 2042 Λέοντι
1345 2015 1392 2041 καὶ
1418 2014 1530 2050 καιρίαν
1565 2014 1666 2048 πλῆξαι
1697 2013 1792 2042 αὐτόν.

1011 2060 1153 2096 Ἐστρόὸει
1177 2059 1206 2086 δὲ
1237 2060 1317 2085 αὐτὸν
1333 2060 1380 2086 καὶ
1398 2061 1414 2094 ἡ
1437 2059 1484 2086 τοῦ
1509 2060 1579 2086 κατὰ
1597 2060 1627 2085 τὸ
1637 2059 1793 2094 Φιλομίλιον

1008 2106 1125 2141 μοναχοῦ
1139 2107 1292 2142 πρόρρησις
1313 2107 1358 2132 καὶ
1371 2108 1386 2142 ὴ
1402 2108 1449 2141 τῆς
1465 2107 1578 2141 ἐσθῆτος
1593 2107 1791 2142 μεταμφίασις,

1005 2153 1038 2188 ἣν
1057 2154 1070 2179 ὁ
1087 2153 1196 2188 Μιχαὴλ.
1213 2153 1368 2187 ἐποιήσατο,
1384 2153 1421 2184 ὣς
1437 2162 1487 2179 που
1512 2153 1664 2188 φθάσαντες
1682 2153 1794 2188 ἱστορή-

1006 2207 1101 2233 σαμεν.
1128 2197 1175 2230 Οἷς
1192 2199 1277 2225 ἅπασι
1301 2199 1512 2233 δειματούμενος
1528 2200 1542 2224 ὁ
1558 2199 1683 2234 βασιλεὺς
1708 2198 1793 2224 ἐπάλ-

1006 2243 1066 2270 λετὺ
1086 2252 1115 2270 τε
1180 2244 1235 2270 δέει
1252 2245 1299 2270 καὶ
1314 2245 1362 2279 τὴν
1374 2245 1463 2279 ψυχὴν
1477 2245 1650 2279 ὲκυμαίνετο.
1679 2244 1724 2270 Διὺ
1743 2243 1793 2270 καὶ

1006 2290 1143 2325 ἄγρυπνος
1165 2290 1276 2316 διετέλει
1297 2290 1360 2325 παρ¹
1374 2290 1438 2325 ὅλην
1452 2290 1501 2325 τὴν
1516 2289 1611 2316 νύκτα.
1643 2289 1790 2323 Σοφὼτερα

1005 2335 1094 2362 τοίνυν
1117 2335 1132 2367 ἧ
1156 2334 1355 2370 βασιλικώτερα
1371 2335 1597 2370 βουλευσάμενος,
1615 2335 1664 2369 τὴν
1680 2336 1726 2362 ἐπὶ
1743 2335 1791 2361 τὸν

1006 2381 1111 2407 παπίαν
1130 2381 1266 2416 φέρουσαν
1290 2381 1388 2407 πυλίδα
1408 2381 1558 2416 διαρρήξας
1572 2382 1738 2408 κατεσκόπει
1755 2382 1791 2408 τὰ

1005 2426 1088 2454 ἔνδον.
1114 2427 1249 2453 Εἰσελθὼν
1268 2427 1296 2453 δὲ
1311 2428 1351 2458 εἷς
1376 2436 1401 2453 τι
1421 2427 1555 2462 δωμάτιον
1571 2427 1659 2461 θέαμα
1673 2427 1724 2462 ὁρᾷ
1748 2428 1788 2458 είς

1005 2472 1136 2507 ἔκπληξιν
1147 2473 1177 2499 οὺ
1191 2473 1238 2507 τὴν
1252 2473 1386 2508 τυχοῦσαν
1399 2473 1466 2506 ἄγον
1482 2473 1562 2499 αὐτόν
1576 2480 1583 2488 ·
1602 2471 1657 2499 eicit
1673 2473 1727 2506 γὰρ
1744 2472 1790 2498 τὸν

1006 2519 1056 2554 μὲν
1064 2520 1230 2554 κατάκριτον
1239 2519 1285 2545 ἐπὶ
1294 2519 1417 2550 στιϐάδος
1425 2519 1530 2553 ὑψηλῆς
1540 2519 1611 2544 πάνυ
1622 2518 1791 2553 μεγαλοπρε-

1006 2566 1063 2597 πῶς
1079 2565 1320 2600 ἀνακείμενον,τὸν
1330 2565 1359 2591 δὲ
1368 2565 1524 2592 παπίανέττὶ
1537 2565 1619 2598 ξηροῦ
1631 2563 1791 2590 κατακλινό-

1006 2621 1085 2646 μενον
1110 2612 1156 2639 τοῦ
1182 2611 1307 2645 ἐδάφους.
1337 2611 1550 2646 Περιεργὸτερον
1571 2611 1599 2637 δὲ
1625 2609 1785 2645 προσελθὼν

1004 2657 1153 2683 ἐπεσκόπει
1165 2657 1209 2683 τὸν
1224 2656 1343 2691 Μιχαὴλ,
1356 2656 1380 2695 εἰ
1401 2655 1470 2690 ὅπερ
1486 2656 1557 2690 φιλεῖ
1574 2655 1602 2681 ἐν
1617 2655 1672 2686 τοῖς
1689 2662 1790 2688 κυμαί-

1004 2701 1125 2736 νομένοις
1141 2700 1187 2727 καὶ
1214 2700 1263 2735 τὴν
1280 2700 1353 2734 ζωὴν
1375 2699 1526 2734 ἀμφίϐολον
1540 2699 1633 2733 έχουσι
1654 2698 1787 2731 γίνεσθαι.

1004 2747 1162 2774 ἐπιπόλαιόν
1187 2754 1248 2772 τινα
1268 2746 1314 2772 καὶ
1330 2745 1500 2780 ὲμμὲριμνον
1517 2744 1651 2770 ὑπνώττει
1673 2743 1756 2769 ὕπνον
1769 2743 1786 2777 ἢ

1004 2794 1158 2821 τούναντίον
1176 2792 1324 2828 ἁφρόντιδα
1341 2792 1387 2818 καὶ
1400 2791 1474 2826 ἡδύν.
1491 2790 1534 2826 [Ρ.
1552 2789 1618 2826 494]
1639 2790 1683 2821 Ὠς
1702 2789 1724 2815 δ’
1746 2787 1788 2815 εὖ·

1005 2848 1051 2875 ρεν
1064 2839 1166 2870 ἁνὲτως
1184 2837 1319 2864 ὑπνοῦντα
1330 2838 1389 2870 (καὶ
1408 2837 1462 2872 γὰρ
1476 2836 1529 2862 οὐδ’
1545 2834 1788 2870 ὲπαφώμενοςάὑ-

1003 2885 1047 2911 τὸν
1060 2884 1197 2911 διυπνίσαι
1227 2883 1357 2919 ἴσχυσεν),
1374 2883 1413 2914 εἰς
1436 2881 1546 2918 μείζονα
1573 2881 1680 2916 ἀνήφθη
1699 2879 1785 2914 θυμὸν
