2019 3150
143 167 190 199 36]

667 164 936 195 IIISTORIARUM
957 164 1220 198 COMPENDIUM.

1712 174 1766 205 96:2

143 221 369 258 συμπεισθέντων
400 220 476 255 αὐτῷ
506 218 747 254 συστρατεύεσθαι.
773 219 802 246 Ὀ
829 219 926 253 Θωμᾶς

978 220 1153 254 publicorum
1169 222 1337 250 tributorum
1354 224 1532 252 exactoribus
1551 225 1577 252 in
1592 232 1670 253 suam
1685 227 1764 254 reda-

141 271 197 303 γὰρ
212 268 236 294 εἰ
250 268 297 294 καί
309 267 354 293 τὸν
369 266 463 301 ἕτερον
479 265 532 292 τῶν
554 265 642 292 ποδῶν
657 264 715 300 εἶχε
728 265 928 300 πεπηρωμένον

141 313 191 340 καὶ
207 313 237 339 τί,
255 312 332 346 γένος
353 311 489 346 βάρῦαρος
501 309 545 346 ἦν,
560 311 616 337 ἀλλ’
633 309 679 339 οὖν
695 312 727 346 τῇ
743 319 774 345 γε
789 311 870 346 πολιᾷ
884 311 927 336 αἰ-

139 360 250 394 δέσιμος
282 358 429 393 ἐτύγχανεν
454 357 492 384 ὢν
520 358 568 384 καὶ
591 358 622 384 τὸ
647 358 852 393 εὐπροσήγορον
879 357 928 383 καὶ

140 407 249 434 ἀστεῖον
265 402 347 441 εἶχεν,
366 405 442 440 -ᾶπερ
463 404 536 439 φιλεῖ
551 405 564 431 ὁ
579 404 748 438 στρατιώτης
767 403 840 435 λαὸς,
861 402 928 429 ἀλλὰ

140 453 188 479 καὶ
208 452 263 478 τῶν
280 451 350 477 κατὰ
367 451 546 484 γενναιότητα
564 449 688 484 σώματος
707 449 737 476 οὗ
762 458 833 480 τινος
848 448 926 482 ἐφαί-

140 505 201 524 νετο
215 497 350 532 δεύτερος.
364 493 448 525 Οὗτος
465 496 574 522 τοίνυνὸ
589 496 689 530 Θωμᾶς
705 497 794 522 πᾶσαν
803 494 851 530 τὴν
869 495 926 520 Ἕω

140 543 319 579 παραλαὸὼν,
343 542 389 568 καὶ
407 542 469 573 τοὺς
489 541 542 567 τῶν
554 541 690 577 δήμοσίων
703 542 860 576 πράκτορας
877 541 926 574 φό-

141 597 195 624 ρων
224 587 269 622 ὐφ⁹
289 587 384 614 ἑαυτὸν
411 587 605 623 ποιησάμενος,
626 588 673 614 καὶ
700 588 925 624 μεγαλοφροσύνῃ

138 636 187 661 καὶ
211 634 331 660 ἐπιδόσει
359 633 432 668 ἄκρᾳ
460 633 642 668 χρησάμενος,
662 634 743 665 πολὺς
767 635 798 660 ἐκ
827 635 926 670 μικροῦ

138 681 237 714 γέγονε
255 681 302 706 καί
316 680 344 713 ἐξ
363 679 492 710 ἀσθενοῦς
509 679 628 715 ἰσχυρός
641 679 704 711 τοὺς
732 680 782 714 μὲν
801 680 855 716 γὰρ
874 679 925 716 ἦγε

138 727 231 754 πειθοῖ
249 727 295 753 καί
317 726 402 761 φιλίᾳ,
418 726 526 758 ὁπόσοις
543 726 556 752 ὁ
575 725 629 752 τῶν
642 725 742 752 καινῶν
756 727 926 761 πραγμάτων

137 774 187 800 καὶ
202 771 250 798 τοῦ
267 771 455 806 φιλοπλουτεῖν
472 771 542 806 ἔρως
555 771 628 806 ἐνῆν,
640 771 702 802 τοὺς
718 770 746 797 δὲ
760 772 867 806 ἀνάγκῃ
880 772 926 798 καὶ

138 817 185 852 βίᾳ
207 817 340 852 ὑπήγετο,
358 817 430 847 ὅσοις
456 816 488 851 δὴ
505 817 539 842 τὰ
560 817 612 842 τῶν
637 817 777 850 ἐμφυλίων
805 817 926 844 στάσεων

97 862 104 865 ’
137 862 212 888 κακὰ.
227 863 358 896 ἐμισεῖτο.
381 861 520 888 Ἐντεῦθεν
535 861 559 887 οἰ
571 862 699 896 ἐμφύλιοι
716 863 926 898 ἀναρρηγνύμε-

137 918 178 936 νοι
203 909 328 944 πόλεμοι,
353 909 401 934 καὶ
417 905 472 934 οἶόν
492 916 564 939 τινες
591 907 714 941 ποταμοῦ
735 909 924 944 καταρράκται

138 955 296 990 φερόμενοι,
313 955 362 990 οὐχ
380 954 484 984 ὕδασιν,
511 954 568 980 ἀλλ’
583 954 679 989 αἵμασι
701 954 750 990 τὴν
780 955 831 990 γῆν
857 964 924 982 κατ-

137 1002 262 1033 έκλυζον.
281 1001 358 1028 Πᾶσα
373 1001 422 1036 μὲν
443 998 514 1036 οῦνὴ
529 1000 604 1027 Ἀσία
622 1001 793 1037 πορθουμένη
807 1002 854 1029 καὶ
868 1002 925 1038 ληῑο

137 1047 242 1083 ζομένη
258 1047 436 1080 ἐδυσθανάτα,
452 1047 505 1072 τῶν
526 1047 554 1072 ὲν
581 1047 650 1082 αὐτῇ
676 1047 781 1074 πέλεων
805 1048 858 1075 τῶν
875 1049 925 1083 μὲν

137 1094 359 1130 προστιθεμένων
373 1093 411 1127 τῷ
427 1093 511 1127 Θωμᾷ
522 1092 566 1118 διὰ
581 1092 626 1118 τὸν
642 1092 735 1126 φόϐον,
754 1093 808 1120 τῶν
822 1093 845 1120 δ’
864 1094 926 1120 ὅσαι

137 1141 172 1169 τὰ
189 1140 274 1166 πιστὰ
292 1139 331 1174 τῷ
345 1138 490 1174 κρατοῦντι
508 1139 623 1173 ἐτήρουν
637 1138 860 1173 λεηλατουμένων
878 1141 926 1167 καὶ

137 1185 418 1222 ἀνδραποδιζομένων.
438 1184 491 1210 Καὶ
514 1183 548 1210 τὰ
564 1184 613 1218 μὲν
636 1184 685 1218 τῆς
708 1185 801 1216 Ἀσίας
818 1185 926 1212 ἅπαντα

138 1233 247 1268 ὑπήκοα
263 1233 357 1266 γέγονε
372 1231 410 1266 τῷ
427 1231 576 1265 ἀποστάτῃ,
597 1230 764 1266 ἐξῃρημένον
779 1231 826 1257 τοῦ
841 1231 926 1266 θέμα-

136 1288 184 1310 τος
194 1278 243 1304 τοῦ
257 1277 382 1312 Ὀψικίου
395 1276 563 1311 (τούτουχὰρ
570 1276 728 1311 στρατηγῶν
737 1276 750 1301 ὁ
762 1276 926 1311 Κατάκήλας

136 1324 297 1359 διετήρησεν
316 1322 380 1356 ἄχρι
393 1321 486 1352 τέλους
502 1319 541 1354 τῷ
574 1319 681 1354 βασιλεῖ
697 1318 826 1354 εὔνοιαν),
844 1320 883 1346 ἑτι
898 1319 926 1346 δὲ

137 1372 185 1398 καὶ
201 1370 248 1398 τοῦ
261 1370 315 1396 τῶν
323 1367 520 1404 Ἀρμενιακῶν·
535 1366 582 1393 καὶ
598 1366 692 1392 τούτου
702 1366 756 1400 γὰρ
772 1366 926 1401 στρατηγὸς

141 1418 180 1444 ὣν
200 1415 360 1446 ὁῸλὸιανὸς
376 1413 484 1440 εὔνοιαν
499 1413 617 1447 ἐτήρησε
627 1411 665 1447 τῷ
677 1412 790 1446 βασιλεῖ.
805 1408 927 1438 οἷστισιν

136 1462 283 1497 ἀπονέμων
300 1460 416 1496 ἀμοιϐὰς
432 1460 445 1485 ό
464 1459 588 1494 βασιλεὺς
615 1459 646 1485 τὺ
671 1459 710 1489 εἰς
737 1458 766 1485 τὸ
789 1457 927 1494 βασιλικὸν

136 1511 264 1546 ταμιεῖον
294 1508 471 1542 εἰσαγόμενον
497 1505 626 1540 δημόσιον
645 1506 734 1537 τέλος,
757 1505 772 1532 ὃ
794 1505 927 1532 καπνικὶν

979 268 1030 291 ctts
1044 269 1217 299 potestatem,
1236 268 1318 295 animi
1336 269 1524 303 magnitudine
1539 270 1621 306 877
1641 275 1668 298 ct
1683 273 1764 299 rebus

978 311 1191 340 secundissimis
1207 321 1285 347 usus,
1304 322 1418 349 magnus
1437 315 1470 342 de
1482 323 1486 327 ‘
1498 323 1582 350 parvo
1611 316 1699 352 deque
1714 319 1764 344 im-

978 357 1077 384 becillo
1099 363 1196 392 potens
1213 359 1301 388 factus
1317 367 1369 393 est,
1388 362 1456 389 alios
1479 364 1572 390 favore
1588 364 1641 391 sibi
1661 369 1685 391 et
1703 373 1763 399 per-

978 404 1120 431 suadendo
1135 404 1299 440 adjungens,
1316 415 1384 441 quos
1400 415 1491 434 rerum
1501 416 1631 436 novarum
1643 414 1669 436 et
1680 418 1762 444 opum

977 449 1115 483 cupiditas
1134 450 1157 476 ei
1169 451 1345 485 conciliabat,
1362 453 1432 480 alios
1450 454 1473 480 vi
1490 455 1632 490 subigens,
1655 456 1758 490 quibus

977 495 1098 522 civilium
1115 496 1248 524 bellorum
1268 499 1338 524 mala
1356 507 1440 527 exosa
1455 506 1544 528 erant.
1567 503 1604 529 Εο
1628 503 1706 530 initio
1722 505 1761 530 ci-

978 542 1041 568 vilia
1064 543 1134 569 bella
1159 551 1275 578 erupere
1294 549 1321 571 et
1345 547 1423 579 quasi
1455 546 1576 575 ﬂmninis
1609 550 1762 584 pra-cipilcs

977 587 1110 615 decursus
1128 589 1249 621 ruentia,
1267 597 1320 616 non
1347 598 1417 625 aqua
1446 593 1494 619 sed
1519 595 1653 627 sanguine
1673 600 1762 623 terras

977 633 1194 662 inundaverunt.
1215 634 1282 662 Tota
1297 635 1361 664 Asia
1380 638 1585 666 vastationibus
1598 647 1630 666 ac
1653 640 1760 675 (lepra:-

977 679 1135 708 dationibus
1149 681 1248 708 misere
1259 682 1441 717 allligcbatur,
1451 685 1564 712 urbibus
1576 686 1637 713 aliis
1651 686 1762 714 Thoma:

977 734 1006 754 se
1018 727 1053 753 0b
1070 732 1172 754 metum
1189 728 1414 762 adjungentibus,
1436 731 1498 758 aliis
1512 732 1586 765 quod
1607 732 1684 759 fidem
1708 734 1759 760 im-

978 772 1098 806 peratori
1127 778 1270 801 servarent
1297 774 1411 809 direptis
1441 780 1523 810 atque
1549 776 1575 802 in
1600 777 1760 804 servitutem

977 818 1058 845 actis.
1078 818 1184 846 Potitus
1200 825 1242 846 cst
1259 824 1356 847 auctor
1372 821 1530 849 rebellionis
1547 826 1602 849 tota
1620 822 1695 854 Asia,
1716 830 1761 850 so-

978 864 1012 890 lis
1027 863 1183 899 Opsicianis
1211 869 1238 892 et
1250 865 1420 893 Armeniacis
1435 867 1563 901 demptis,
1581 875 1697 902 quorum
1718 868 1762 895 bis

978 910 1123 941 Olbianus,
1141 911 1195 938 illis
1213 911 1355 938 Catacelas
1368 912 1488 946 praefecti
1504 912 1538 939 ad
1555 918 1706 940 extremum
1718 921 1764 940 us-

975 963 1029 990 que
1049 955 1076 982 in
1098 955 1151 982 fide
1180 956 1355 991 imperatoris
1371 963 1626 991 perseveravcrunt.
1644 958 1763 993 Ideoque

976 1000 1126 1035 imperator
1139 1000 1290 1028 referendae
1305 1003 1401 1036 gratia:
1418 1009 1501 1029 causa
1516 1003 1654 1036 publicum
1677 1004 1763 1030 vecti-

976 1046 1030 1081 gal.
1044 1046 1116 1080 quod
1132 1045 1291 1073 Fumarium
1310 1047 1411 1074 dicitur
1427 1051 1454 1074 et
1474 1047 1500 1074 in
1516 1048 1642 1074 aerarium
1659 1048 1763 1082 princi—

977 1091 1019 1127 pis
1032 1092 1126 1119 inferri
1140 1092 1255 1124 solebat,
1272 1093 1305 1120 iis
1324 1093 1397 1120 dono
1411 1093 1495 1120 dedit.
1510 1093 1621 1121 Interim
1645 1095 1761 1128 Agareni

977 1137 1047 1164 bello
1063 1138 1136 1170 civili
1153 1138 1340 1165 Romanorum
1356 1139 1465 1173 cognito
1484 1139 1585 1174 gaudio
1612 1141 1760 1170 exsultare,

976 1191 1094 1218 eamque
1116 1184 1288 1211 occasionem
1305 1192 1382 1212 suam
1399 1185 1501 1217 facere,
1517 1190 1544 1212 et
1560 1193 1656 1213 omnes
1678 1185 1764 1220 regiu-

977 1237 1026 1257 nes
1046 1237 1143 1257 secure
1158 1230 1364 1259 incursionibus
1381 1231 1522 1264 infestare,
1543 1232 1622 1259 obvia
1647 1239 1763 1267 quzeque

977 1274 1128 1310 deprtedari
1145 1281 1171 1302 et
1184 1282 1292 1310 capere.
1310 1276 1405 1311 Itaque
1422 1281 1545 1304 metuens
1562 1276 1683 1305 Thomas
1699 1285 1733 1305 ne
1747 1284 1762 1303 ι

978 1320 1034 1348 suis
1049 1326 1120 1348 metu
1132 1321 1249 1355 impetus
1261 1322 1446 1356 Agarenorum
1463 1322 1564 1350 territis
1578 1322 1761 1356 desereretur,

977 1367 1128 1401 reprimere
1140 1374 1200 1399 eos,
1223 1367 1312 1402 iisque
1329 1376 1389 1394 cum
1406 1368 1490 1403 878
1504 1368 1586 1396 tantis
1600 1369 1658 1396 suis
1672 1369 1763 1403 copiis

978 1413 1196 1445 superveniendo
1213 1417 1316 1441 terrere
1332 1415 1421 1448 adque
1434 1422 1527 1448 pacem
1543 1415 1761 1450 componendam

978 1457 1087 1492 adigere
1113 1458 1243 1485 intendit.
1266 1459 1353 1493 Atque
1378 1458 1405 1485 id
1432 1459 1579 1486 consilium
1608 1461 1762 1487 successit:

978 1503 1071 1530 subito
1093 1504 1166 1530 enim
1184 1504 1382 1539 superveniens
1403 1503 1536 1539 Agat-etiis
1553 1504 1692 1533 Orientem
1715 1513 1764 1540 po-

136 1557 233 1585 καλεῖν
261 1555 399 1587 εἰώθασιν,
426 1553 594 1588 ἐδωρήσατο.
610 1552 784 1578 Μανθὰνουσι
818 1551 848 1577 δὲ
868 1552 925 1582 τοῖς

978 1549 1135 1584 pulantibus
1151 1554 1199 1576 eos
1213 1550 1322 1581 terruit,
1338 1550 1486 1585 habitoque
1507 1550 1644 1585 colloquio
1670 1558 1762 1585 pact-ni

143 1602 303 1638 ’Δγαρηνοῖς
320 1601 369 1636 τὴν
394 1599 525 1634 ὶμφὺλιον
541 1598 636 1624 στάσιν
653 1600 760 1632 χαίρειν
782 1597 861 1633 ἐπῄει
876 1598 924 1623 καὶ

138 1649 264 1684 σκιρτᾷν·
289 1646 387 1682 καιροῦ
417 1646 470 1680 γὰρ
490 1644 636 1679 λαὸόμενοι
659 1645 749 1671 πᾶσαν
773 1643 856 1678 νῆσον
878 1643 924 1670 καὶ

137 1693 229 1729 χώραν
247 1692 410 1726 κατέτρεχον
425 1690 519 1721 ἀδεῶς.
537 1689 579 1726 [Ρ.
595 1688 762 1724 501]Δείσα;
776 1687 822 1715 οὖν
834 1690 848 1715 ὁ
867 1688 926 1715 6w-

140 1739 193 1775 μᾶς
205 1737 248 1769 ,ὡς
271 1737 307 1772 μὴ
321 1735 484 1771 πτοηθέντες
502 1736 525 1761 οἱ
544 1736 594 1761 σὺν
607 1734 681 1769 αὐτῷ
697 1734 862 1770 στρατιῶται
875 1733 925 1769 τὴν

137 1786 191 1812 τῶν
215 1783 374 1819 Ἀγαρηνῶν
389 1782 492 1816 ἔφοδον,
505 1781 590 1814 λείαν,
603 1781 641 1811 ὡς
660 1781 779 1814 εἴρηται,
791 1780 925 1815 ποιουμέ-

137 1840 191 1858 νων
217 1829 307 1856 πάντα
331 1829 364 1855 τὰ
390 1829 418 1854 ὲν
437 1828 500 1854 ποσὶ
532 1827 578 1853 καὶ
607 1825 861 1860 αίχμαλωτιξόντων
891 1826 925 1851 τὰ

139 1875 342 1910 προστυχόντα,
363 1871 558 1902 καταλιπόντες
575 1870 656 1898 αὑτὸν
676 1872 849 1905 οἰχήσονται,
867 1870 925 1897 δέον

137 1921 254 1956 ἐγνώκει
265 1921 333 1951 τέως
351 1918 523 1954 ἀναχαιτίσαι
540 1918 589 1952 τὴν
611 1916 700 1943 αὐτῶν
716 1916 804 1951 ὁρμὴν
820 1915 854 1942 δι’
866 1918 927 1943 ἐπι-

137 1968 253 2004 φανείας
273 1966 366 1998 αὑτοῦ,
384 1965 431 1991 κα)⁸
449 1963 486 2000 τῷ
506 1963 604 1998 πλήθει
621 1963 674 1989 τῶν
693 1962 832 1997 ἑπομένων
847 1962 926 1989 δυνά-

139 2024 213 2050 μεων
230 2012 363 2047 ἐκπλῆξαι
382 2020 411 2037 τε
429 2011 476 2037 καὶ
495 2010 562 2045 πρὸς
583 2009 696 2044 εἰρήνην
719 2009 818 2040 αὐτοὺς
841 2009 925 2034 ὲκκα-

137 2060 280 2088 λέσασθαι.
298 2059 330 2085 '0
346 2058 394 2085 καὶ
410 2057 519 2091 συνέϐη·
536 2056 598 2091 ἄρτι
617 2055 672 2090 γὰρ
687 2056 743 2086 τοῖς
757 2055 926 2090 Σαρακηνοῖς

136 2108 186 2143 τὴν
201 2106 260 2133 Ἕω
273 2104 443 2140 ληϊζομένοις
459 2102 590 2136 αἰφνίδιος
615 2101 757 2136 ἐπιφανεὶς
780 2100 907 2134 ἐξέπληξε
917 2120 924 2134 ,

138 2154 187 2180 καὶ
203 2153 243 2183 εἰς
255 2151 351 2184 λόγους
371 2148 455 2176 ἐλθὼν
478 2148 623 2174 ἐσπείσατο
634 2167 641 2180 ,
657 2146 842 2181 ὑποσχόμενος
858 2153 926 2180 προ-

137 2198 231 2226 δοῦναι
245 2196 350 2227 τούτοις
377 2195 412 2221 τὰ
432 2194 574 2228 Ῥωμαίων
593 2193 665 2228 ὅρια,
692 2194 740 2219 καὶ¹
762 2192 810 2228 τὴν
837 2192 926 2218 αὐτῶν

979 1595 1091 1630 pepigit,
1112 1595 1250 1629 pollicitus
1268 1603 1297 1622 se
1315 1595 1381 1622 fines
1402 1595 1591 1623 Romanorum
1617 1597 1684 1630 ipsis
1700 1604 1762 1630 pro-

978 1640 1100 1666 diturum
1120 1640 1322 1675 imperiumque
1341 1640 1496 1668 Romanum
1528 1642 1596 1676 ipsis
1624 1643 1765 1677 subjectu-

978 1692 1050 1712 rum.
1064 1684 1182 1712 Proinde
1195 1690 1267 1712 metu
1286 1685 1476 1720 Agarenorum
1493 1687 1624 1713 liberatus
1646 1687 1762 1721 impera-

978 1731 1047 1757 toris
1074 1738 1173 1758 nomen
1199 1731 1250 1758 sibi
1268 1731 1418 1765 arrogavit,
1451 1732 1575 1758 diadema
1605 1740 1656 1758 suo
1683 1732 1764 1766 capiti

978 1776 1118 1810 imposuit,
1135 1782 1231 1811 estque
1251 1776 1404 1803 Antiochiae
1427 1777 1461 1803 ab
1476 1777 1536 1810 ejus
1562 1779 1691 1812 temper-is
1716 1785 1765 1812 pa-

980 1826 1054 1849 store
1070 1821 1199 1848 Ecclesiae
1215 1820 1391 1848 Antiochenze
1411 1820 1481 1848 Jobo
1507 1822 1655 1855 imperator
1673 1822 1764 1849 decla-

979 1872 1065 1894 ratus.
1084 1865 1194 1893 Manum
1217 1873 1299 1900 porro
1330 1866 1447 1892 militum
1473 1867 1590 1893 validam
1619 1874 1682 1894 cnm
1705 1868 1764 1902 ipse

978 1912 1067 1946 coegit
1084 1916 1140 1938 tum
1152 1911 1185 1938 ab
1193 1912 1326 1945 Agarenis
1337 1912 1452 1945 accepit,
1465 1919 1518 1939 non
1528 1920 1560 1940 ex
1572 1913 1673 1941 nostris
1685 1914 1765 1940 tnodo

979 1958 1076 1986 vicinis
1088 1958 1241 1990 collectam,
1254 1958 1301 1985 sed
1318 1958 1399 1985 etiam
1413 1967 1444 1986 ex
1461 1959 1667 1992 remotioribus,
1684 1959 1766 1994 [Egy-

980 2007 1054 2041 ptiis,
1073 2005 1158 2039 Indis,
1180 2005 1281 2040 Persis,
1297 2006 1426 2042 Assyriis,
1444 2007 1594 2040 Armeniis,
1615 2007 1763 2041 Chaldmis,

980 2052 1078 2084 lberis,
1093 2052 1199 2085 Zichis,
1211 2051 1330 2080 Cabiris.
1342 2052 1390 2080 llis
1404 2052 1532 2079 omnibus
1545 2053 1666 2080 munitus
1683 2059 1766 2088 atque

980 2099 1097 2132 stipatus
1109 2098 1244 2133 optimum
1257 2097 1358 2125 factum
1375 2098 1543 2125 existimavit
1556 2106 1617 2125 eum
1640 2099 1666 2126 in
1681 2100 1765 2127 filium

980 2147 1140 2180 adoptatum
1156 2144 1262 2179 imperii
1281 2145 1386 2172 socium
1406 2144 1616 2178 adiutoremque
1630 2146 1765 2173 asciscere

980 2196 1007 2219 ct
1019 2199 1120 2219 nomen
1147 2197 1264 2218 mutare.
1288 2191 1353 2219 Inde
1383 2191 1522 2226 profectus
1550 2195 1638 2218 totum
1663 2191 1766 2219 ferebat

137 2245 231 2275 αὐτοῖς
244 2241 399 2276 ὑποχείριον
415 2240 509 2266 θέσθαι
524 2239 622 2274 ἀρχήν.
642 2238 822 2272 Ἀπαλλαγεὶς
837 2238 865 2264 δὲ
882 2237 926 2264 τοῦ

981 2238 1134 2273 agebatque
1163 2237 1312 2264 Orientem.
1342 2237 1493 2272 Imperator
1515 2237 1558 2264 bis
1586 2237 1713 2272 cognitis.
1737 2245 1766 2264 se

137 2290 194 2317 ἀπὸ
206 2288 312 2315 τούτων
328 2287 404 2318 δέους
425 2285 537 2321 βασιλέα
550 2285 646 2311 ἑαυτὴν
661 2286 755 2311 ἀνεῖπε
773 2285 819 2310 καὶ
836 2284 928 2319 διάδη-

140 2345 180 2373 μα
196 2336 231 2370 τῇ
246 2334 350 2369 κεφαλῇ
364 2333 515 2367 περιέθετο,
529 2332 575 2358 καί
589 2331 766 2366 αὐτοκράτωρ
779 2331 808 2357 έν
829 2331 928 2357 Ἀντιο-

137 2382 204 2418 χείᾳ
225 2378 424 2414 ἀναγορεύεται
447 2378 523 2412 παρὰ
543 2376 590 2403 τοῦ
606 2376 757 2412 τηνικαῦτα
772 2375 821 2411 τὴν
839 2377 927 2403 ὲκείσε

138 2425 333 2462 ποιμαίνοντος
348 2424 513 2459 Ἐκκλησίαν
536 2423 605 2449 Ἰὼϐ.
624 2423 712 2457 Χεῖρα
723 2422 750 2449 δὲ
765 2421 863 2457 πολλὴν
879 2422 927 2448 αὐ-

136 2474 186 2505 τός
199 2481 230 2499 τε
252 2471 376 2506 συλλέγει
391 2470 436 2496 καὶ
455 2468 531 2504 παρὰ
547 2468 601 2495 τῶν
612 2467 770 2503 Ἀγαρηνῶν
784 2466 926 2502 λαμϐάνει,

138 2521 172 2548 οὐ
199 2519 278 2555 μόνον
293 2518 321 2544 δὲ
343 2517 397 2544 τῶν
417 2516 570 2552 προσοίκων
587 2515 664 2550 ἡμῖν,
675 2515 742 2540 ἀλλὰ
754 2514 801 2540 καὶ
822 2513 875 2540 τῶν
899 2515 931 2539 ἐκ

139 2566 193 2601 τῆς
204 2564 319 2601 περαίας
334 2563 501 2596 Αἰγυπτίων,
518 2561 617 2593 Ἰνδῶν,
629 2560 752 2596 Περσῶν,
769 2559 930 2595 Ἀσσυρίων,

139 2611 306 2648 Ἀρμενίων,
319 2609 471 2640 Χαλδαίων,
489 2607 614 2645 Ἰϐήρων,
632 2606 737 2641 Ζικχῶν
745 2606 801 2640 (70)
816 2606 861 2631 καὶ
874 2605 932 2630 Κα-

139 2657 235 2694 σήρων
249 2655 316 2692 (1i).
334 2653 445 2684 Τούτοις
460 2652 546 2680 ἅπασι
561 2650 762 2686 κατοχυρωθείς
776 2650 821 2676 καὶ
836 2649 932 2676 ἑαυτὸν

981 2290 1089 2318 qnoqtte
1100 2283 1132 2310 ad
1145 2283 1327 2310 resistendum
1343 2283 1415 2310 bello
1427 2283 1544 2317 paravit,
1558 2283 1706 2317 copiasque
1718 2290 1766 2309 ne-

981 2335 1118 2363 quaquam
1134 2327 1278 2355 certamini
1296 2335 1375 2361 pares
1391 2335 1454 2354 cum
1467 2327 1538 2355 duce
1558 2328 1668 2360 emisit;
1696 2335 1766 2362 quas

981 2382 1148 2410 congressus
1163 2374 1255 2409 praelio
1265 2373 1385 2401 Thomas
1398 2374 1507 2408 penitus
1522 2373 1675 2408 dissipavit.
1689 2377 1767 2408 parte

980 2421 1082 2454 occisa,
1094 2424 1171 2455 parte
1187 2420 1214 2446 iu
1225 2419 1315 2455 fugam
1335 2419 1468 2454 conjecta.
1483 2419 1547 2446 Post
1562 2419 1617 2445 haec
1629 2418 1766 2446 licentiam

981 2471 1078 2494 nactus
1095 2473 1160 2493 suas
1176 2465 1294 2493 validius
1309 2464 1489 2496 confirmavit,
1504 2472 1588 2492 naves
1605 2464 1636 2491 ad
1647 2471 1765 2499 pugnam

981 2512 1105 2545 aliasque
1133 2510 1272 2540 frumento
1299 2514 1327 2537 et
1348 2510 1427 2544 cquis
1447 2509 1581 2536 vehendis
1603 2513 1682 2543 aptas
1700 2517 1767 2536 con-

982 2562 1103 2585 struens.
1119 2555 1191 2589 Quin
1215 2559 1243 2583 et
1262 2555 1465 2589 imperatoriam
1485 2554 1569 2589 879
1594 2554 1711 2582 classem
1741 2554 1766 2579 in

982 2610 1058 2631 suam
1072 2606 1235 2637 potestatem
1253 2601 1368 2636 redegit,
1383 2607 1531 2634 omnesque
1550 2607 1634 2627 naves
1648 2599 1681 2626 ad
1701 2599 1768 2626 Les-

983 2650 1046 2677 bum
1060 2648 1244 2684 congregavit.
1264 2646 1366 2675 Deinde
1390 2654 1452 2674 cum
1470 2646 1609 2680 octoginta
1626 2645 1768 2672 hominum

717 2719 833 2747 XYLAN
839 2719 894 2746 Dltl
914 2719 958 2747 ET
975 2719 1080 2748 GOARI
1092 2719 1208 2748 NOTAE.

180 2785 238 2820 (70)
252 2784 324 2812 lnter
340 2781 637 2820 Sarmatas_Asiatic_05
654 2781 775 2820 Ξίγχονς
801 2783 927 2820 numerat

142 2815 307 2849 Ptolemaeus
321 2820 421 2853 Geogr.
441 2819 467 2850 5,
485 2818 513 2845 9.
530 2817 636 2847 Russis,
651 2815 781 2853 Cltasaris
797 2819 823 2842 et
839 2815 929 2853 Patzi-

140 2857 259 2884 nacibus
287 2849 475 2882 Chersonesus
508 2853 614 2879 vicinos
636 2852 708 2879 locat
731 2849 929 2879 Constantinus

137 2899 164 2920 c.
185 2891 211 2927 6,
228 2897 328 2926 eosque
340 2890 437 2924 Ζίχους
455 2892 543 2916 vocat.
560 2887 645 2921 Goan.

1019 2780 1074 2814 (7i)
1086 2779 1141 2808 llos
1159 2779 1269 2814 Scythis
1281 2777 1405 2814 adiungit
1430 2776 1585 2811 Stephanus
1603 2778 1769 2814 ex_§elttett_‘

983 2808 1145 2878 ga'Eu'doai.
1161 2808 1284 2843 Gabaros
1297 2808 1379 2842 vocat
1387 2808 1583 2840 Constantinus
1596 2818 1621 2838 c.
1637 2809 1671 2836 59
1683 2812 1710 2835 et
1722 2808 1758 2834 40

1007 2858 1070 2878 om.
