2019 3150
282 213 336 246 963

924 203 1087 235 GEORGII
1104 200 1270 232 CEDRENI

1849 199 1901 231 96L

285 270 410 297 millibus
430 266 553 302 Abydum
566 263 653 300 petiit,
668 262 730 290 inde
745 262 958 297 trajecturus,in
973 261 1069 288 itinere

1127 256 1291 292 περιφράξας
1312 255 1421 290 ἄριστον
1438 254 1561 289 ἐνόμισεν
1577 251 1646 280 εἶναι
1671 253 1718 279 καὶ
1743 253 1841 288 panos»
1854 255 1902 281 καὶ

284 317 374 344 omnia
389 314 544 350 populatus,
564 312 647 346 inque
662 311 780 337 cinerem
805 309 922 336 redactis
944 315 998 335 non
1016 308 1067 334 hu—

284 363 397 390 milibus
412 359 493 387 ntodo
508 363 535 385 et
548 361 629 392 captu
645 356 781 388 tacilibus,
798 355 844 382 sed
857 358 883 382 et
894 356 956 381 ioco
964 355 1067 388 optimo

283 407 345 435 sitis
357 411 390 433 ad
403 409 559 440 expugnata
574 403 741 431 difﬁcillimis
762 403 870 430 castris.
888 402 954 429 Erat
981 401 1068 436 quod-

283 453 345 480 dam
368 451 510 478 castellum
533 451 667 477 munitum
686 450 737 478 loci
756 455 865 481 natura,
885 449 955 484 quod
980 449 1067 482 impe-

283 498 366 524 ratori
383 496 463 524 ﬁdem
480 496 616 523 servabat.
628 495 668 522 Ad
682 495 733 522 hoc
748 494 908 529 capiendum
924 494 1067 528 adoptivus

268 543 329 570 —i|le
342 542 412 569 ﬁlius
427 541 539 568 'l‘bomae
555 546 570 567 a
587 545 663 575 patre
680 540 796 573 missus,
812 539 876 567 dum
891 539 1025 566 audacius
1040 543 1068 566 et

283 588 359 616 nullo
375 595 486 615 suorum
516 587 652 614 instructo
678 586 775 614 ordine
799 587 913 620 equitat,
942 586 1068 613 hostibus

284 634 390 661 nudum
419 633 562 660 castellum
596 632 734 667 opinatus,
766 632 793 658 in
820 631 934 659 insidias
961 631 1068 658 Olbiani

285 680 413 714 delapsus
427 684 535 706 atroces
551 679 713 706 temeritatis
727 686 822 713 DOBIIHS
837 678 920 705 dedit.
940 677 1006 704 Nam
1022 685 1069 705 ca-

284 730 332 758 put
347 725 406 759 ejus
417 729 578 759 praesectum
591 724 721 751 Olbianus
732 724 765 751 ad
779 724 979 758 imperatorem,
992 725 1069 758 isque

285 772 318 797 ad
332 770 464 797 Thomam
475 770 601 797 feroriter
614 777 646 797 ac
662 770 777 805 superbe
796 770 968 797 inradentem
984 771 1068 797 misit.

286 815 407 843 Thomas
424 816 470 842 lilii
486 816 575 850 eripite
590 821 701 850 accepto
723 815 790 842 nihil
807 815 840 842 de
863 815 963 842 feroria
989 815 1070 842 dimi--

286 869 384 893 nuens,
399 869 414 888 a
431 861 490 888 loco
506 862 549 888 cui
564 861 724 888 llorcosium
743 861 776 895 (a
793 861 971 896 juramcntis,
985 866 1012 888 ut
1029 862 1069 887 \‘i-

289 907 386 941 detur)
411 914 509 934 nomen
539 911 578 934 est
602 907 629 933 in
645 906 790 933 Thraciam
811 907 923 942 trajicit,
938 912 1017 934 nocte
1036 908 1069 934 ad

287 953 340 980 hoc
355 960 431 986 usus,
450 960 503 986 qua
518 953 580 980 luna
596 953 631 980 ob
645 961 724 980 suum
740 960 800 980 cum
815 953 873 981 sole
891 953 992 980 coitum
1014 961 1067 980 nou

287 999 371 1025 lucet.
388 998 488 1025 Verum
501 1005 532 1025 ea
546 1006 590 1026 res
606 998 739 1026 Michaclo
762 1006 834 1026 cura:
857 999 962 1032 fuerat;
987 1004 1070 1034 utque

287 1043 346 1078 ejus
359 1043 503 1070 adventum
522 1044 695 1078 praeveniret,
709 1044 790 1072 urbes
806 1044 948 1076 refecerat,
968 1045 1069 1072 milites

286 1090 547 1122 conﬁrmaveratret
560 1090 619 1117 loca
633 1090 783 1117 infirmiora
798 1090 961 1118 munirerat.
977 1091 1071 1123 Quan-

287 1142 370 1169 quam
388 1135 494 1161 nullum
503 1134 563 1169 ejus
578 1135 725 1171 diligentiae
745 1135 863 1163 fructum
885 1136 965 1170 cepit.
985 1136 1071 1163 Simul

287 1180 360 1207 enim
376 1184 456 1216 atque
472 1181 505 1208 ad
522 1181 615 1208 urbem
629 1182 709 1209 rediit
718 1185 744 1209 et
762 1182 790 1209 in
801 1181 944 1210 Thraciam
954 1182 1072 1211 Thomas

288 1225 402 1260 appulit,
426 1226 545 1254 universi
560 1226 594 1255 ab
619 1227 786 1261 imperatore
802 1227 835 1254 ad
850 1227 982 1255 Thomam
996 1228 1072 1255 dele-

289 1273 397 1303 cerunt,
416 1271 504 1305 parati
520 1278 582 1298 cum
606 1278 639 1298 eo
654 1271 751 1306 Cpolin
779 1275 964 1307 oppugnatum
989 1272 1072 1308 proliv

288 1316 367 1344 cisci.
385 1317 548 1352 Imperator,
566 1322 699 1352 quantum
722 1319 782 1353 ejus
797 1318 855 1346 ﬁeri
879 1319 980 1354 potuit,
996 1327 1072 1347 exer-

289 1362 373 1388 citum
387 1363 546 1398 copiasque,
559 1363 643 1398 880
654 1367 683 1390 ut
701 1364 854 1396 videbatur,
877 1371 931 1391 non
950 1369 1072 1392 contem-

291 1408 394 1435 nendas
426 1409 578 1441 conduxit;
605 1417 708 1444 easque
725 1410 855 1438 ducibus
883 1409 1009 1437 Catacela
1048 1414 1074 1438 et

293 1452 409 1480 Olbiano
424 1453 503 1480 factis
517 1459 632 1489 tyranno
656 1454 764 1481 obviam
779 1455 864 1482 misit.
889 1454 943 1482 Res
967 1462 1075 1489 quoque

293 1498 444 1525 maritimas
461 1506 570 1526 summo
597 1503 697 1526 conatu
730 1500 899 1534 procuravit.
915 1499 968 1527 Sed
989 1501 1076 1528 instar

292 1544 422 1571 torrentis
441 1545 497 1572 alto
519 1550 610 1572 monte
627 1545 799 1574 decurrentis
817 1547 925 1574 irruens
944 1551 1075 1582 tyrannus

1119 302 1249 337 συνεργὸν
1265 302 1314 336 τῆς
1328 301 1415 336 ἀρχῆς
1440 300 1652 335 προσλαϐέσθαι,
1668 299 1718 334 τήν
1745 307 1773 325 τε
1802 301 1900 326 ἑαυτοῦ

1117 350 1214 384 κλῆσιν
1241 347 1409 380 ἀλλάξασθαι
1442 348 1490 373 καὶ
1520 346 1578 372 υἱὸν
1606 346 1813 381 είοποιήσασθαι
1835 346 1900 381 (ΤΞ).

1118 396 1240 422 Ἐκεῖθεν
1265 394 1395 429 ὁρμηθεὶς
1422 394 1531 420 ἃπασαν
1551 393 1630 428 ἐδῄου
1657 393 1704 419 καὶ
1721 392 1832 427 ἐπόρθει
1855 393 1902 427 τὴν

1121 441 1281 475 Ἀνατολὴν,
1304 441 1339 467 ““Α
1362 440 1392 472 δὴ
1420 440 1433 465 ὁ
1447 439 1594 474 βασιλεύων
1612 438 1737 472 ἀκηκοὼς
1761 438 1807 464 καὶ
1825 438 1903 469 αὖτις

1119 488 1186 522 πρὸς
1212 485 1427 521 ἀντιπαράταξιν
1440 484 1619 520 ηὖτρεπίσθη.
1635 484 1689 510 Καὶ
1713 485 1843 517 στρατιὰν
1858 484 1904 509 καὶ

1119 533 1270 568 στρατηγὸν
1278 532 1328 559 οὒκ
1344 532 1490 565 ἀξιόμαχον
1506 531 1573 565 πρὸς
1590 530 1671 556 αὑτὸν
1683 529 1856 561 ἀποστέλλει,

1119 589 1173 606 τινι
1197 578 1348 614 συρραγεὶς
1365 579 1379 604 ὁ
1397 578 1498 612 Θωμᾶς
1513 578 1596 612 ἄρδην
1612 576 1737 611 ἠφάνισε,
1761 575 1844 611 μέρος
1858 575 1906 610 μὲν

1119 626 1169 660 τῆς
1194 625 1335 660 δυνάμεως
1361 623 1473 654 ἀνελὼν,
1498 623 1528 649 τὸ
1551 622 1572 648 δ’
1587 622 1652 649 ἄλλο
1677 621 1848 656 τρεψάμενος
1866 621 1904 652 εις

1120 673 1218 706 φυγήν.
1235 671 1289 697 Καὶ
1313 670 1405 697 λοιπὸν
1429 669 1520 700 ἁδείας
1544 667 1632 703 τυχὼν
1656 667 1785 694 διετίθετο
1798 667 1831 693 τὰ
1846 667 1904 693 καθ’

1120 717 1215 743 ἑαυτὸν
1230 715 1436 750 χραταιότερον,
1454 714 1519 746 ναῦς
1535 713 1674 748 ὲξαρτύων
1690 712 1844 746 πολεμικὰς
1861 711 1905 737 καὶ

1120 763 1216 797 ἑτέρας
1236 761 1406 795 σιταγωγοῦς
1426 761 1472 787 καὶ
1486 759 1677 793 ἱππαγωγούς.
1688 759 1797 784 Γίνεται
1813 758 1842 783 δὲ
1861 758 1905 783 καὶ

1120 810 1165 836 τοῦ
1188 808 1328 844 βασιλικοῦ
1344 808 1437 834 στόλου
1455 805 1561 842 κύριος,
1578 806 1624 832 καὶ
1639 805 1707 839 πρὸς
1731 804 1782 839 τὴν
1807 803 1905 830 Λέσεον

1121 854 1193 881 ἅπαν
1212 853 1332 888 ἁθροίζει
1351 853 1382 879 τὸ
1395 853 1530 879 ναυτικόν.
1545 851 1631 882 Atho;
1645 850 1673 876 δὲ
1688 849 1760 876 ὀκτὼ
1770 849 1903 884 μυριάδωι

1121 901 1212 936 ἄρχων
1235 900 1350 936 στρατοῦ
1365 899 1411 926 ἐπὶ
1427 898 1542 925 Ἄϐυδον
1557 898 1620 933 ἣκει
1630 897 1667 928 ὡς
1681 896 1788 922 ἐκεῖθεν
1803 897 1841 926 εἰς
1860 895 1906 930 τὴν

1126 947 1246 982 περαίαν
1265 946 1470 981 διαϐησόμενος,
1487 944 1576 970 πάντα
1595 943 1629 969 τὰ
1654 943 1682 968 ἐν
1698 941 1811 977 παρόδῳ
1823 949 1905 968 κατα-

1121 994 1242 1030 δραμὼν,
1262 994 1310 1021 καὶ
1329 993 1426 1019 σποδὸν
1441 991 1558 1026 ποιήσας
1573 991 1604 1017 οὐ
1620 991 1654 1017 τὰ
1674 990 1793 1016 ταπεινὰ
1802 990 1849 1015 καὶ
1863 989 1906 1015 εὖ-

1121 1039 1239 1075 χείρωτα
1262 1038 1310 1065 καὶ
1338 1038 1475 1070 εὐάλωτα,
1500 1036 1573 1064 ἀλλὰ,
1588 1036 1633 1077 καὶ
1648 1035 1684 1062 τὰ.
1711 1035 1906 1068 ἐπικαιρότατα

1121 1085 1168 1111 καὶ
1194 1083 1342 1110 δυσάλωτοι.
1360 1082 1415 1110 Ἦν
1435 1083 1462 1109 δέ
1488 1090 1514 1108 τι
1537 1082 1637 1117 χωρίον
1669 1081 1791 1115 ἐρυμνὸν
1809 1080 1857 1116 τὴν
1871 1081 1907 1112 είς

1120 1131 1166 1158 τὸν
1182 1130 1292 1165 βασιλέα
1312 1129 1403 1156 πίστιν
1420 1129 1536 1164 τηροῦν,
1563 1128 1609 1154 καὶ
1629 1128 1672 1153 ἐπ’
1697 1126 1776 1161 αὒτῷ
1797 1127 1841 1153 τδν
1856 1127 1907 1152 εἱπ-

1123 1177 1234 1212 ποίητον
1253 1175 1392 1209 ἐκπέμπει
1415 1175 1508 1201 υἱόν-ὀ
1531 1173 1559 1200 δὲ
1582 1173 1704 1208 θρασέως
1725 1173 1907 1206 ἱππαζόμενος

1122 1220 1173 1247 καὶ
1193 1219 1320 1250 ἀτάκτως
1336 1219 1375 1255 τῷ
1394 1218 1497 1245 οἴεσθαι
1512 1218 1614 1253 γυμνὸν
1632 1218 1790 1244 ἀντιπάλων
1802 1216 1867 1244 εἶναι
1880 1218 1908 1243 τὸ

1123 1266 1222 1301 χωρίον
1239 1266 1308 1301 λόχῳ
1323 1265 1355 1300 δή
1372 1274 1424 1291 τινι
1439 1265 1602 1300 περιπίπτει
1624 1264 1672 1290 τοῦ
1695 1263 1850 1295 Ὀλϐιανοῦ,
1866 1263 1908 1289 καὶ

1123 1310 1173 1346 τὴν
1198 1310 1318 1345 κεφαλὴν
1342 1310 1510 1345 ἀποτμηθεὶς
1536 1309 1621 1344 ἔμαθε
1650 1309 1688 1345 μὴ
1715 1309 1906 1345 θρασύνεσθαι.

1124 1357 1180 1393 Τὴν
1200 1358 1248 1392 μὲν
1268 1356 1386 1391 κεφαλὴν
1409 1356 1456 1382 τοῦ
1477 1356 1593 1382 δειλαίου
1609 1356 1714 1382 ἐκείνου
1735 1356 1848 1390 ἔπεμψε
1869 1355 1905 1389 τῷ

1128 1402 1236 1437 βασιλεῖ
1251 1404 1265 1429 ὁ
1286 1402 1434 1433 Ὀλϐιανὸς,
1448 1398 1526 1433 οὗτος
1544 1401 1572 1427 δὲ
1590 1401 1670 1427 πάλιν
1684 1400 1774 1436 Θωμᾷ
1790 1401 1827 1436 τῷ
1842 1400 1908 1427 ὲκεί-

1125 1458 1171 1476 νου
1184 1449 1269 1485 πατρὶ
1292 1450 1362 1484 μετὰ
1385 1448 1561 1484 βρυὰγματος
1576 1447 1694 1484 βαίνοντι
1711 1449 1760 1474 καὶ
1780 1448 1909 1483 μεγαλαυ-

1126 1495 1260 1531 χουμένῳ.
1280 1494 1387 1530 Ἥνπερ
1400 1491 1477 1526 οὗτος
1501 1493 1658 1529 δεξάμενος,
1677 1493 1813 1521 καὶκατὰ
1833 1493 1909 1528 μηδὲν

1126 1540 1172 1566 τοῦ
1190 1540 1362 1575 φρονήματος
1387 1539 1529 1570 ὑπενδοῦς,
1555 1539 1623 1574 πρὸς
1649 1538 1699 1574 τὴν
1725 1539 1840 1574 Θρᾴκην
1861 1538 1910 1564 ἀπὸ

292 1590 412 1618 Thomas
430 1594 504 1618 terra
521 1591 644 1626 marique
659 1592 797 1619 exercitus
814 1593 987 1627 imperatoris
1011 1599 1074 1627 pro-

1127 1585 1173 1612 τοῦ
1186 1586 1287 1620 χωρίου
1306 1585 1320 1612 ὅ
1333 1584 1461 1612 καλοῦσιν
1479 1584 1629 1620 Ὀρκώσιον
1643 1585 1820 1620 περαιοῦται,
1829 1585 1910 1612 νύκτα

291 1635 402 1669 tligavit,
416 1639 578 1671 tantumque
594 1636 618 1664 ei
637 1640 772 1664 terrorem
789 1638 916 1669 incussit,
936 1642 967 1664 ut
981 1638 1003 1665 is
1020 1638 1075 1666 l‘er-

292 1688 367 1708 ream
380 1685 506 1708 catenam
523 1682 557 1709 ab
585 1689 648 1709 arce
677 1682 711 1709 ad
731 1683 888 1717 oppositum
916 1684 1075 1719 oppidulum

292 1725 456 1758 extenderit,
475 1730 505 1753 ut
523 1726 654 1754 interiore
670 1727 775 1755 hostem
801 1729 868 1755 mari
894 1734 1011 1757 arceret.
1031 1721 1076 1757 Vi-

293 1772 374 1798 vebat
384 1776 440 1798 tum
457 1771 546 1807 Scyri,
562 1780 623 1807 quae.
637 1781 690 1800 una
701 1773 846 1809 Cyeladqu
860 1774 1012 1802 insularum
1024 1780 1076 1809 est,

294 1816 347 1843 dux
364 1816 486 1851 quidam,
513 1817 613 1845 Leonis
638 1818 812 1853 imperatoris
827 1820 1019 1854 consobrinus,
1045 1829 1077 1849 co

293 1861 430 1895 relegatus
440 1869 454 1888 a
467 1862 612 1896 lilichaelo,
628 1865 701 1898 quod
714 1864 737 1891 ei
750 1864 849 1891 eadem
865 1865 966 1893 Leonis
979 1867 1078 1902 sapius

293 1907 379 1935 libere
395 1909 421 1935 in
436 1907 532 1935 faciem
549 1909 751 1943 exprobrasset.
778 1909 856 1938 Hunc
878 1911 906 1938 in
920 1913 1077 1939 societatem

294 1961 371 1982 suam
389 1954 525 1981 adscitum
552 1954 672 1983 Thomas
694 1956 837 1984 duodecim
853 1957 975 1985 millibus
996 1963 1080 1986 terre-

295 1999 392 2027 strium
403 2001 543 2035 copiarum
554 2001 678 2035 prtellcit.
693 2002 814 2030 Classem
828 2011 937 2040 quoque
953 2005 1078 2038 adornat,

296 2046 433 2081 aliumque
443 2047 468 2074 ei
484 2047 580 2074 ducent
595 2048 719 2082 prmﬁcit.
734 2048 886 2084 Utrumque
914 2050 947 2077 ad
974 2055 1080 2078 tentan-

296 2092 359 2119 dam
375 2092 471 2127 Cpolin
491 2093 575 2120 mittit
600 2093 679 2128 quasi
700 2101 896 2128 praecursores,
923 2103 955 2122 ex
975 2103 1004 2123 re
1023 2096 1081 2124 fore

295 2137 436 2172 judicans,
457 2138 480 2165 si
497 2138 563 2166 urbs
579 2138 662 2166 simul
678 2143 751 2166 terra
769 2141 893 2175 marique
905 2148 1080 2176 oppugnare-

296 2188 352 2210 tur.
367 2183 434 2211 Cum
452 2188 479 2212 et
493 2188 637 2213 terrestres
651 2190 679 2213 et
702 2186 813 2213 navales
827 2187 914 2221 copiae
937 2187 1020 2214 simul
1047 2188 1081 2215 ad

296 2229 524 2257 Blachernensem
561 2234 671 2265 portum
712 2231 914 2266 pervenissent,
951 2239 1081 2268 perrupta

1126 1632 1320 1667 κατατηρήσας
1349 1632 1502 1666 συνοδικήν.
1520 1630 1563 1666 [Ρ.
1587 1630 1650 1666 502]
1672 1631 1776 1667 Ἐμελε
1800 1632 1828 1658 δὲ
1852 1631 1910 1666 περὶ

1126 1678 1221 1705 τούτου
1237 1677 1277 1713 τῷ
1298 1677 1402 1712 βασιλεῖ
1422 1676 1543 1712 Μιχαὴλ,
1558 1678 1604 1703 καὶ
1623 1677 1672 1712 τὴν
1688 1677 1798 1704 ἐκείνου
1815 1678 1909 1713 προλα-

1130 1723 1184 1750 6ὼν
1203 1723 1352 1758 περαίωσιν
1367 1723 1447 1754 αὐτὸς
1467 1723 1516 1753 τάς
1529 1730 1557 1748 τε
1574 1723 1665 1754 πόλεις
1684 1723 1855 1758 ἀνελάμεανε
1869 1723 1911 1749 καὶ

1126 1769 1189 1800 τοὺς
1208 1767 1376 1804 στρατιώτας
1399 1768 1524 1803 ἐστήριξε
1541 1769 1589 1795 καὶ
1619 1768 1653 1794 τὰ
1673 1769 1777 1803 ἀσθενῆ
1797 1769 1849 1795 τῶν
1865 1778 1912 1804 χω-

1130 1815 1194 1851 ρίων
1211 1815 1332 1850 ὠχύρου,
1354 1815 1404 1842 κᾶν
1421 1815 1504 1850 μηδὲν
1522 1816 1553 1840 ἐκ
1578 1815 1625 1849 τῆς
1641 1815 1774 1850 τοιαύτης
1801 1816 1911 1850 σπουδῆς

1129 1860 1265 1894 ἀπώνατο,
1278 1862 1336 1896 ἅμα
1350 1863 1383 1896 τῇ
1404 1861 1508 1887 ἐκείνου
1523 1861 1590 1896 πρδς
1600 1861 1649 1896 τὴν
1663 1861 1740 1887 πόλιν
1760 1862 1910 1896 ὑποστροᾳῇ

1129 1906 1177 1932 καὶ
1191 1907 1224 1941 τῇ
1240 1906 1286 1932 τοῦ
1309 1905 1395 1940 Θωμᾶ
1421 1905 1569 1940 περαιώσει
1598 1907 1707 1932 πάντων
1733 1907 1786 1942 τὴν
1814 1907 1911 1932 ἐκείνου

1130 1952 1222 1978 πίστιν
1249 1953 1486 1987 ἀπαρνησαμένων
1513 1953 1560 1978 καὶ
1584 1954 1856 1988 προσκεχωρηκότων
1878 1952 1912 1987 τῷ

1130 1998 1272 2034 ἀποστάτῃ
1301 2001 1348 2025 καὶ
1383 1999 1441 2034 μετ’
1461 1998 1544 2024 αὑτοῦ
1568 1998 1769 2032 στρατεύεσθαι
1784 1999 1852 2025 κατὰ
1868 1999 1912 2032 τῆς

1131 2044 1267 2078 βασιλίδος
1291 2043 1535 2078 προθυμουμένων.
1557 2043 1586 2069 ’0
1607 2044 1634 2070 δὲ
1651 2044 1782 2079 βασιλεὺς
1806 2045 1873 2070 κατὰ.
1886 2043 1912 2069 τὸ

1131 2090 1270 2126 ἐγχωροῦν
1291 2091 1406 2126 στρατὸν
1426 2090 1552 2126 ἀγηοχὼς
1573 2091 1620 2117 καὶ
1634 2091 1749 2125 δύναμιν
1773 2092 1811 2126 τῷ
1833 2091 1912 2117 δοκεῖν

1132 2137 1270 2171 ἀξιόλογον
1290 2136 1514 2171 συστησάμενος,
1535 2137 1705 2171 στρατηγούς
1721 2145 1750 2163 τε
1769 2137 1912 2171 ἐπιστήσας

1133 2183 1202 2218 αὐτῇ
1215 2183 1261 2209 τόν
1277 2191 1306 2209 τε
1320 2182 1436 2217 ρηθέντα
1455 2183 1623 2217 Κατάκηλαν
1641 2183 1688 2209 καὶ
1702 2182 1747 2210 τὸν
1774 2182 1911 2212 Ὀλϐιανὸν,

1133 2228 1265 2263 ἐπαφίησι
1286 2228 1358 2255 κατὰ
1375 2227 1421 2254 τοῦ
1446 2229 1590 2263 τυράννου.
1621 2228 1800 2263 Ἐπεμελεῖτο
1822 2228 1848 2254 δὲ
1871 2226 1912 2253 καὶ

297 2275 388 2302 ferrea
430 2276 483 2303 ista
520 2281 621 2303 catena
658 2277 724 2304 urbs
767 2277 889 2312 undique
930 2267 1072 2313 oppuguar

1134 2274 1188 2300 τῶν
1209 2274 1278 2300 κατά
1298 2274 1447 2307 θάλασσαν,
1465 2275 1502 2305 ὡς
1524 2274 1639 2301 ἀνυστὸν
1654 2272 1697 2309 ἦν.
1715 2275 1821 2310 Ὠσπερ
1835 2274 1861 2300 δέ
1875 2281 1912 2304 τις

297 2326 387 2356 empta
410 2328 463 2350 est.
495 2322 662 2357 Supert'enit
692 2324 775 2358 paulo
801 2329 862 2359 post
891 2325 971 2351 etiam
1011 2325 1084 2352 Tho-

298 2375 367 2395 mas.
403 2367 533 2400 Quamvis
571 2372 659 2396 autem
691 2369 786 2396 urbem
823 2369 942 2405 undique
973 2375 1084 2400 strenue

298 2420 480 2449 oppugnaret,
508 2414 575 2442 nihil
592 2420 681 2442 tamen
694 2416 869 2444 memorabile
886 2417 1009 2444 etrectum
1031 2422 1082 2450 est,

299 2459 332 2485 iis
348 2459 393 2493 qui
407 2459 480 2486 intus
494 2464 573 2487 erant
588 2459 694 2488 fortiter
718 2462 957 2496 propugnantibus
978 2467 1005 2489 et
1022 2470 1081 2489 ma-

299 2504 396 2531 chinas
420 2505 501 2540 881
524 2507 737 2540 oppugnatorias
758 2507 962 2541 repellentibus.
982 2507 1082 2542 Spera-

298 2555 374 2577 verat
399 2553 470 2578 enim
495 2551 616 2580 Thomas
642 2553 706 2585 sibi,
733 2553 815 2580 simul
832 2558 913 2588 atque
927 2554 960 2581 ad
989 2555 1082 2582 urbem

302 2596 478 2628 accessisset,
496 2603 511 2622 a
527 2597 633 2624 civibus
650 2597 713 2624 odio
730 2597 853 2625 Mieliaeli
870 2603 962 2633 portas
978 2607 1085 2627 resera-

301 2643 359 2666 tum
388 2640 440 2671 iri;
469 2642 562 2676 itaque
588 2646 614 2669 et
646 2642 805 2678 Gregorium
830 2645 1017 2679 praemiserat.
1045 2647 1084 2673 uti

303 2685 460 2718 retulimus,
477 2686 591 2722 ipseque
605 2696 666 2715 cum
683 2689 812 2717 omnibus
836 2691 922 2725 copiis
939 2695 966 2718 et
981 2692 1086 2726 adopti-

302 2730 341 2757 tio
358 2729 414 2757 ﬁlio
445 2739 496 2759 suo
512 2732 668 2766 Anastasio,
686 2735 734 2770 qui
751 2742 852 2763 recens
869 2735 922 2763 vita
936 2739 1084 2765 monastiea

301 2775 409 2803 deserta
421 2776 453 2802 ad
470 2777 609 2811 profanant
626 2780 790 2813 desciverat,
804 2780 966 2809 subsecutus
981 2782 1080 2809 fuerat.

1135 2321 1285 2356 χείμαρρος
1308 2320 1337 2353 ἐξ
1359 2320 1469 2355 ὑψηλῶν
1497 2320 1582 2355 ὀρέων
1608 2322 1621 2347 ὁ
1642 2321 1772 2356 τύραννος
1799 2319 1911 2347 ἐπελθὼν

1135 2367 1184 2401 τήν
1202 2374 1231 2393 τε
1251 2366 1322 2392 κατὰ
1340 2366 1437 2401 χέρσον
1459 2366 1574 2400 δύναμιν
1592 2366 1638 2393 καὶ
1661 2366 1710 2402 τὴν
1731 2367 1802 2394 κατὰ
1819 2366 1911 2393 Θάλασ-

1137 2421 1186 2439 σαν
1200 2412 1366 2445 διεσκέδασε,
1394 2413 1441 2439 καὶ
1463 2406 1597 2448 τοσαύτην
1627 2413 1740 2448 ἐνέθηκε
1767 2413 1860 2440 πτοίαν
1877 2410 1910 2446 τῷ

1137 2458 1243 2494 βασιλεῖ
1261 2459 1298 2491 ὼς
1311 2460 1358 2486 καὶ
1375 2459 1488 2495 σιδηρᾶν
1502 2459 1594 2486 ἅλυσιν
1611 2460 1665 2486 ἀπὸ
1680 2461 1729 2495 τῆς
1744 2459 1911 2495 ἀκροπόλεως

1137 2506 1175 2536 εἰς
1190 2505 1221 2532 τὸ
1234 2507 1399 2541 καταντικρὺ
1421 2505 1559 2541 πολίχνιον
1581 2507 1737 2540 ἀποτεῖναι,
1755 2507 1804 2542 τὴν
1820 2505 1909 2532 ἔσωθεν

1137 2552 1237 2578 ἄϐατον
1251 2552 1388 2587 τηροῦσαν
1411 2552 1560 2580 Θάλασσαν.
1575 2550 1631 2580 Ἧν
1657 2553 1685 2579 δέ
1706 2561 1747 2584 τις
1771 2550 1910 2587 στρατηγὸς

1137 2598 1281 2632 ὑπερόριος
1301 2599 1330 2624 ὲν
1355 2597 1452 2633 Σκύρῳ
1468 2600 1502 2636 τῇ
1527 2599 1601 2634 νήσῳ
1621 2599 1684 2634 (μία
1711 2599 1740 2626 δὲ
1768 2598 1835 2633 αὕτη
1862 2597 1910 2623 τῶν

1140 2642 1311 2678 Κυκλάδων),
1327 2643 1484 2678 ἀδελφιδοῦς
1510 2645 1560 2679 μὲν
1581 2647 1725 2680 τυγχάνων
1746 2644 1857 2673 Λέοντος
1869 2641 1910 2668 τοῦ

1141 2688 1284 2723 βασιλέως,
1301 2689 1396 2716 τούτου
1412 2689 1440 2716 δὲ
1456 2690 1644 2725 ἀναιρεθέντος
1661 2690 1912 2726 παρρησιασάμενῡς

1139 2735 1271 2767 πολλάκις
1293 2736 1340 2763 καὶ
1359 2735 1405 2761 τὸν
1425 2735 1534 2771 Μιχαὴλ
1561 2736 1601 2767 είς
1628 2736 1771 2770 πρόσωπον
1791 2732 1913 2761 ὀνειδίσας

1138 2780 1183 2807 διὰ
1203 2782 1249 2807 τὸν
1266 2781 1356 2815 φόνον,
1379 2783 1426 2808 καὶ
1441 2782 1484 2808 διὰ
1508 2781 1587 2808 τοῦτο
1603 2782 1651 2817 τὴν
1671 2780 1816 2817 ὑπερορίαν
1833 2785 1912 2805 κατα-

862 2835 1037 2865 XYLANMH
1054 2839 1098 2866 ET
1115 2838 1220 2867 GOAIII
1234 2838 1349 2866 NOTAE.

337 2878 394 2912 (7‘1)
410 2878 582 2912 Quemnam?
599 2883 625 2906 et
647 2881 756 2915 quidem
781 2889 843 2908 mox
862 2890 970 2910 rursum
986 2885 1087 2911 mentio

302 2913 331 2940 lit
346 2915 425 2947 hujus
444 2915 566 2950 adoptati
579 2914 636 2943 lilii.
652 2913 704 2944 Sed
722 2924 755 2945 ne
766 2916 887 2946 Zonaras
901 2919 1010 2953 quidem
1026 2927 1088 2947 cum

1141 2886 1274 2912 nominat.
1305 2885 1332 2911 lit
1354 2884 1463 2919 quidem
1486 2885 1533 2918 ait,
1555 2884 1667 2913 Balbum
1684 2884 1734 2914 sibi
1749 2878 1914 2912 Constantini

1145 2928 1243 2948 nomen
1257 2921 1417 2955 sumpsisse.
1434 2919 1500 2947 XrL.
