2019 3150
168 171 222 203 965

704 173 975 220 ΙΙΙὸΤΟΡιΙᾼΒΠΜ
995 173 1261 204 COMPENDIUM.

1739 176 1792 208 9C6

162 227 275 263 κριθείς.
291 227 391 254 ἰὀυτον
416 228 696 264 προσεταιρισάμενος
710 231 723 256 ὁ
739 231 839 266 Θωμᾶς
865 239 948 266 στρα-

1007 229 1036 258 Ut
1068 237 1134 257 vero
1161 230 1228 257 nihil
1254 229 1455 264 exspectationi
1482 230 1543 265 ejus
1572 235 1789 259 consentaneum

161 273 296 309 τεὺματός
312 283 385 306 τινος
411 275 480 301 κατὰ
504 274 556 309 γῆν
570 275 636 301 ὡσεὶ
661 276 788 310 χιλιάδων
807 276 872 303 δέκα
886 277 951 303 ἀνα-

161 321 282 347 δείκνυσι
297 321 461 355 στρατηγόψ
480 321 525 347 καὶ
543 321 588 347 τὸν
607 322 677 348 κατὰ
689 322 823 349 θάλατταν
843 322 871 349 δὲ
889 322 950 349 στό-

160 366 205 392 λον
230 366 464 400 εὐτρεπισάμενος
497 367 543 393 καὶ
580 367 673 402 ἕτερον
698 368 773 402 αὐτῷ
801 369 951 403 ἐπιστήσας

162 412 316 446 στρατηγὸν
329 432 336 442 ,
355 410 410 438 οἷόν
429 421 504 444 τινας
527 413 698 448 προδρόμους
718 413 859 449 ἐξέπεμψε
880 415 952 441 κατὰ

160 458 208 492 τῆς
232 458 379 492 βασιλίδος,
393 458 438 485 διὰ
456 467 485 485 τε
508 459 559 493 γῆς
583 459 630 486 καὶ
647 459 785 495 θαλάσσης
813 459 951 494 ὠφέλιμον

160 502 231 529 εἶναι
249 503 346 539 κρίνας
366 504 501 529 ποιεῖσθαι
521 504 571 535 τὰς
598 505 763 538 προσϐολάς.
781 501 819 532 Οὗ
838 506 952 539 γενομέ-

161 558 217 582 νου,
235 550 281 575 καὶ
299 549 370 575 κατὰ
385 549 482 575 ταυτὸν
498 550 689 584 ἀναφανέντων
705 559 759 578 των
771 560 800 578 τε
818 551 952 578 ναυτικῶν

161 595 209 620 καὶ
239 594 361 626 πεζικῶν
388 594 530 629 δυνάμεων
562 595 590 621 ἐν
628 595 667 630 τῷ
694 596 763 631 πρὸς
786 597 952 632 Βλαχέρναις

162 641 264 674 κόλπῳ,
285 641 423 675 ἀντισχεῖν
438 640 505 671 ὅλως
533 641 571 676 μὴ
588 641 758 678 δυνηθείσης,
774 643 811 674 ὡς
833 644 951 678 εἴρηται,

163 687 212 720 τῆς
227 686 416 721 ἐκτεταμένης
442 687 555 722 σιδηρᾶς
573 686 694 718 ἁλύσεως
705 708 712 719 ,
729 687 878 722 προσϐολαὶ
897 689 952 719 τοῖς

162 732 264 767 τείχεσι
283 732 453 767 πανταχόθεν
467 732 596 766 ἐγίνοντο.
616 732 730 767 Ἐπῆλθε
748 733 776 759 δὲ
790 734 849 767 μετ’
864 733 952 768 ὀλίγον

161 779 209 805 καὶ
234 778 249 804 ὁ
267 778 377 813 Θωμᾶς,
395 779 442 805 καὶ
469 778 579 812 ἐνεργὸς
604 778 736 805 πάντοθεν
751 780 855 813 ἐγίνετο
872 780 887 814 ἡ
904 788 952 805 πο-

161 823 279 858 λιορκία.
306 822 389 850 Οὐδὲν
405 823 435 850 δὲ
459 824 473 850 ὅ
486 833 512 850 τι
532 823 580 850 καὶ
593 823 672 856 λόγου
693 824 768 857 ἄξιον
790 825 951 860 ἐπράττετο,

1003 276 1105 306 evenit,
1127 276 1173 303 sed
1203 276 1378 303 contumeliis
1395 283 1504 310 quoque
1528 281 1570 304 est
1595 277 1630 304 ab
1649 279 1793 312 oppidanis

1004 320 1131 353 affectus,
1147 321 1183 348 ibi
1203 327 1258 348 tum
1274 327 1364 348 castra
1381 322 1408 348 in
1423 323 1483 349 loco
1494 322 1540 357 qui
1556 322 1662 350 Paulini
1679 324 1790 356 dicitur,

1004 367 1051 393 ubi
1069 366 1246 394 mirificorum
1259 367 1462 402 Anargyrorum
1479 369 1609 404 templum
1627 374 1679 402 est,
1697 370 1793 398 admo-

1004 412 1069 439 dum
1095 412 1212 444 muniit,
1230 413 1360 447 misitque
1382 414 1531 441 exercitum
1552 414 1585 442 ad
1609 423 1685 444 mare
1707 424 1793 451 usque

1005 457 1142 484 Euxinum
1158 464 1185 485 et
1202 458 1236 485 ad
1263 458 1388 492 Hierum,
1408 460 1537 494 oppidula
1561 461 1595 487 ad
1611 462 1791 490 defectionem

1006 503 1159 531 sollicitans
1176 511 1210 531 ne
1225 511 1305 538 quem
1318 511 1331 530 a
1344 508 1420 539 tergo
1436 505 1541 532 hostem
1555 506 1732 542 relinqueret.
1746 507 1793 535 His

1006 550 1043 576 ita
1064 549 1233 582 constitutis,
1250 549 1314 577 dum
1331 551 1473 585 apparatui
1489 552 1594 586 aliquot
1607 553 1666 581 dies
1687 553 1794 588 impen-

1007 594 1056 626 dit,
1073 602 1106 620 ει
1126 594 1237 628 specula
1257 594 1373 629 quadam
1396 596 1469 622 videt
1485 595 1649 624 Michaclum
1674 599 1701 624 in
1721 603 1794 626 tecto

1007 639 1074 666 tedis
1095 638 1220 674 Πείρεω-ω
1234 639 1445 667 Blachcrnensis
1460 641 1567 676 signum
1584 643 1645 669 belli
1664 643 1793 678 deligere,

1006 685 1125 719 indeque
1143 685 1214 712 vires
1238 690 1334 712 contra
1356 685 1461 712 hostem
1482 686 1630 720 deposcere
1645 692 1726 723 atque
1745 696 1794 715 ex-

1007 736 1142 766 spectare,
1160 731 1244 758 tilium
1262 736 1352 758 autem
1368 731 1428 765 ejus
1444 730 1626 766 Theophilum
1645 737 1700 760 tota
1719 734 1794 761 urbis

1006 777 1108 804 moenia
1128 776 1275 804 circumire
1289 784 1351 803 cum
1368 777 1525 811 patriarcha
1545 783 1571 805 ct
1590 786 1671 806 sacro
1687 779 1793 812 ordine,

976 830 982 854 ς
1006 830 1109 858 eosque
1123 830 1217 851 secum
1231 823 1411 850 circumferre
1425 823 1527 858 lignum
1539 824 1676 857 crucis,et
1688 825 1795 852 intacta:

162 869 216 895 τῶν
233 868 308 896 ἔνδον
323 868 470 904 εὐρώστως
485 869 664 904 ἀμυνομένων
682 869 727 896 καὶ
749 869 799 901 τὰς
815 870 952 901 ἑλεπόλεις
979 859 985 873 ”

1007 867 1131 903 υείροτεο
1145 873 1260 896 vestem.
1282 869 1339 896 lloc
1354 876 1416 903 spes
1442 869 1502 904 ejus
1522 869 1556 896 de
1572 877 1680 897 summa
1702 878 1793 903 rerum

162 915 379 950 ἑκκρουομένων.
410 915 490 951 ᾬετο
512 915 561 950 μὲν
591 915 647 951 γὰρ
676 916 690 942 ὁ
715 915 815 951 Θωμᾶς
842 917 900 951 ἅμα
921 925 950 942 τε

1007 915 1085 942 valde
1104 915 1290 945 labefactavit,
1313 914 1452 949 variisque
1479 915 1630 944 distractus
1652 917 1797 951 cogitatio-

162 961 328 997 ἐπιφανῆναι
345 962 378 997 τῇ
400 961 515 997 βασιλίδι
537 962 584 988 καὶ
598 961 658 997 ἅμα
674 962 737 994 τοὺς
758 962 871 994 πολίτας
889 963 956 990 ἀνα-

162 1007 280 1034 πετάσαι
305 1007 380 1043 αὑτῴ
395 1008 445 1040 τὰς
470 1008 559 1040 πύλας
578 1008 622 1035 διὰ
648 1009 679 1035 τδ
701 1008 769 1044 πρὸς
784 1008 829 1035 τὸν
845 1008 955 1044 Μιχαὴλ

163 1056 252 1089 μῖσος,
273 1054 322 1081 καὶ
343 1055 388 1081 διὰ
412 1054 492 1081 τοῦτο
519 1055 564 1081 τόν
584 1063 614 1081 τε
646 1055 798 1090 Γρηγόριον
824 1054 894 1090 (75),
917 1054 956 1085 ὼς

161 1102 288 1136 εἴπομεν,
304 1101 438 1137 πρότερον
456 1101 574 1136 ἔπεμψε,
594 1101 735 1132 Maia-51b;
749 1101 865 1128 πανσυδὶ
885 1101 956 1136 μετὰ

162 1147 210 1173 καὶ
228 1146 276 1172 τοῦ
291 1146 497 1181 υίοοετηοέντος
517 1146 591 1181 αὐτῷ
615 1146 793 1173 Ἀναστασίου
804 1166 811 1178 ,
828 1146 891 1181 ἄρτι
909 1146 955 1173 τὸν

164 1191 314 1227 μοναχικδν
330 1192 522 1227 ἀρνησαμένου
537 1191 594 1226 βίον
610 1192 656 1218 καὶ
670 1192 739 1226 πρὸς
755 1192 800 1218 τὸν
822 1192 955 1227 κοσμικδν

162 1238 370 1270 ἁποκλίναντος,
388 1238 502 1264 κατόπιν
525 1237 756 1273 ἐπηκολούθησεν·
775 1239 812 1269 ὡς
835 1237 863 1264 δὲ
879 1237 955 1264 οὐδὲν

162 1284 217 1310 τῶν
231 1284 293 1310 κατ’
314 1284 425 1316 ἐλπίδας
440 1283 514 1319 αὺτῷ
530 1284 698 1318 ἀπήντησεν,
713 1284 781 1311 ἀλλὰ
800 1284 847 1310 καὶ
860 1283 954 1319 ὖϐρεσι

165 1329 268 1364 μᾶλλον
289 1329 344 1356 ὑπὸ
362 1330 416 1356 τῶν
436 1329 509 1356 ἔνδον
530 1329 670 1362 ἑπλύνετο,
687 1329 747 1356 τότε
772 1330 821 1365 μὲν
843 1339 954 1365 παρεμ-

165 1375 245 1410 ϐολὴν
261 1377 291 1401 ὲν
302 1376 359 1407 τοῖς
377 1375 524 1407 Παυλῖνον,
541 1375 604 1402 ἔνθα
618 1375 649 1402 τὸ
665 1375 719 1402 τῶν
736 1375 955 1411 ϐαυματουργῶν

170 1421 347 1456 Ἀναργύρων
367 1421 423 1456 (74)
437 1421 550 1455 τέμενος
565 1421 670 1456 ἵδρυται
684 1441 690 1452 ,
709 1420 752 1456 [Ρ.
769 1420 834 1456 505]
853 1421 955 1455 ὀχυρὰν

164 1468 297 1502 ἐπήξατο,
313 1467 377 1494 λαὸν
392 1467 420 1493 δὲ
439 1467 592 1501 πεπομφὼς
607 1467 670 1502 ἄχρι
684 1467 731 1492 τοῦ
750 1466 876 1499 Εὐξείνου
890 1466 955 1493 πόν-

163 1522 212 1540 του
232 1514 280 1540 καὶ
304 1513 350 1540 τοῦ
380 1512 464 1548 Ὶεροῦ
480 1513 651 1547 ἀπεπειρᾶτο
677 1511 731 1538 τῶν
758 1511 915 1546 πολιχνίων,
930 1513 957 1539 εἴ

164 1568 225 1591 πως
239 1559 309 1585 αὐτὰ
325 1559 495 1594 προσαγάγοι
513 1558 560 1584 καὶ
578 1558 615 1594 μή
639 1566 700 1584 τινα
716 1557 786 1584 κατὰ
801 1557 886 1584 νώτου
898 1557 954 1594 ἔχοι

164 1606 272 1641 ἐχθρόν.
288 1605 380 1632 Ταῦτα
404 1605 432 1631 δὲ
458 1604 709 1639 καταστησάμενος,
725 1604 772 1630 καί
792 1613 868 1635 τινας
885 1605 955 1640 ὴμέ-

165 1661 217 1688 ρας
234 1653 275 1684 εἰς
289 1652 467 1687 παρασκευὴν
485 1651 548 1682 δοὺς
572 1651 671 1685 ἐαυτῷ,
693 1650 730 1682 ὼς
747 1649 779 1676 ἔκ
793 1658 866 1682 τινος
886 1650 957 1677 ἀπό-

164 1707 233 1725 πτου
254 1699 361 1725 κατεῖδε
376 1698 421 1724 τὸν
443 1698 492 1732 μὲν
508 1698 617 1732 Μιχαὴλ
633 1698 662 1723 τὸ
676 1697 823 1731 πολεμικὸν
844 1698 957 1732 σημεῖον

164 1746 212 1773 ἐπὶ
224 1745 272 1772 τοῦ
289 1745 401 1778 στέγους
416 1744 464 1770 τοῦ
475 1743 524 1778 τῆς
537 1742 668 1769 θεοτόκου
684 1742 730 1768 τοῦ
749 1743 777 1769 ἐν
794 1742 958 1778 Βλαχέρναις

165 1791 311 1826 πεπηγότα
330 1789 411 1819 ναοῦ,
429 1788 557 1814 κάκεῖθεν
578 1788 628 1822 τὴν
657 1788 728 1814 κατὰ
756 1787 811 1813 τῶν
829 1788 958 1814 ἐναντίων

166 1839 244 1874 ἰσχὺν
268 1836 460 1871 ἐξαιτούμενόν
483 1844 513 1861 τε
542 1836 590 1861 καὶ
619 1834 883 1869 προσλαμϐάνοντα,
912 1834 957 1860 τὸν

167 1887 226 1912 υἱὸν
239 1885 267 1911 δὲ
284 1883 366 1910 αὑτοῦ
380 1881 510 1916 Θεόφιλον
531 1881 621 1908 πάντα
637 1880 682 1906 τὸν
696 1881 746 1916 τῆς
763 1880 866 1911 πόλεως
881 1879 959 1915 περί-

165 1931 244 1958 ϐολον
261 1929 332 1965 μετὰ
352 1927 400 1954 τοῦ
422 1926 595 1961 πατριάρχου
612 1926 659 1952 καὶ
673 1925 720 1951 τοῦ
736 1925 782 1951 ὑπ’
796 1924 878 1952 αὐτὸν
890 1925 958 1958 τάγ-

167 1982 253 2009 ματος
271 1971 502 2008 περικυκλοῦντα,
517 1970 548 1997 τό
563 1978 593 1996 τε
611 1969 745 2002 ξωοποιὸν
768 1969 815 1996 τοῦ
841 1969 958 2004 σταυροῦ

166 2019 248 2053 ξύλον
274 2017 473 2053 ἐπιφερόμενον
492 2016 540 2043 καὶ
558 2015 608 2051 τὴν
626 2015 729 2049 ἐσθῆτα
744 2015 794 2050 τῆς
818 2015 958 2050 παναγνου

165 2063 301 2091 Θεοτόκου
315 2062 384 2098 (75),
401 2063 441 2094 εἰς
457 2061 559 2095 πολλὴν
573 2060 627 2088 τῶν
644 2061 816 2096 πραγμάτων
829 2061 958 2089 ἐνέπιπτε

166 2110 359 2137 δυσελπιστίαν
386 2108 433 2135 καὶ
457 2108 584 2139 παντοῖος
608 2107 668 2139 ταῖς
692 2107 817 2143 γνώμαις
843 2107 957 2141 ἐγίνετο.

166 2158 225 2184 Οὐκ
240 2156 310 2192 ἔχων
328 2155 351 2183 δ’
367 2155 381 2182 ὅ
397 2164 423 2182 τι
450 2154 498 2182 καὶ
524 2145 664 2190 πράξειεν),
689 2153 778 2185 ἄλλως
805 2162 835 2180 τε
858 2154 887 2181 δὲ
911 2154 958 2180 καὶ

166 2204 239 2238 ὔχλῳ
267 2202 385 2236 τοσούτῳ
412 2201 522 2237 θαρῤῶν
555 2200 586 2226 τὸ
613 2200 672 2226 ὅλον
701 2199 747 2226 διὰ
780 2200 870 2235 μάχης
896 2208 958 2235 κρι-

1006 961 1088 988 nibus
1103 965 1130 988 et
1141 961 1251 989 consilii
1268 961 1405 994 incertus,
1421 961 1530 989 tandem
1545 963 1713 990 multitudini
1729 971 1795 990 suo-

1007 1014 1066 1033 rum
1083 1006 1203 1033 contisus
1219 1013 1310 1042 pugna
1334 1005 1484 1034 decernere
1508 1007 1616 1033 statuit.
1636 1007 1730 1042 itaque
1748 1015 1797 1042 po-

1006 1051 1105 1080 stridie
1120 1052 1208 1086 prima
1233 1052 1294 1079 luce
1312 1051 1457 1087 classicum
1476 1059 1576 1079 canere
1594 1052 1690 1086 jubet,
1712 1053 1795 1088 882

1008 1106 1074 1126 suos
1090 1098 1189 1126 castris
1205 1098 1310 1131 educit,
1336 1099 1392 1126 tilio
1408 1098 1546 1126 terrestris
1567 1099 1635 1126 muri
1652 1089 1795 1134 oppugna-

1006 1145 1108 1172 tionem
1126 1144 1292 1173 dcmandat:
1309 1145 1369 1180 ipse
1378 1152 1440 1172 cum
1454 1145 1551 1180 majori
1567 1146 1707 1180 copiarum
1719 1151 1796 1180 parte

1005 1192 1240 1227 validioribusqne
1267 1191 1404 1219 machinis
1419 1196 1445 1219 et
1466 1191 1611 1219 tormentis
1630 1196 1721 1219 turres
1736 1191 1796 1219 Bla-

1006 1239 1173 1266 chernenses
1204 1238 1380 1273 aggreditur,
1409 1237 1499 1266 scalas
1532 1238 1621 1266 muris
1653 1238 1796 1266 altitudine

1005 1285 1125 1319 aequales
1152 1284 1313 1319 applicans,
1341 1283 1407 1312 alibi
1431 1284 1594 1316 testudines,
1619 1284 1682 1311 alibi
1697 1285 1796 1312 arietes

1006 1330 1150 1361 adhibens,
1176 1330 1376 1366 tormentisque
1393 1338 1458 1358 saxa
1481 1330 1651 1366 iactantibus
1674 1330 1795 1365 undique

1006 1378 1100 1400 utens.
1127 1373 1249 1408 Denique
1265 1374 1339 1400 omni
1355 1379 1415 1401 arte
1432 1382 1463 1401 ac
1489 1378 1589 1401 conatu
1607 1374 1704 1401 nititur
1716 1373 1796 1409 oppi-

1006 1418 1093 1445 danos
1107 1421 1260 1452 perterrere
1274 1418 1425 1453 urbemque
1441 1426 1549 1453 capere.
1567 1418 1699 1454 Reliquos
1712 1419 1796 1446 etiam

1007 1471 1101 1490 muros
1124 1463 1269 1491 navalibus
1295 1464 1381 1498 copiis
1398 1464 1494 1499 cingit,
1510 1465 1574 1499 igne
1592 1469 1619 1492 et
1645 1465 1797 1492 missilibus

1007 1513 1125 1536 terrens.
1151 1508 1246 1544 Neque
1269 1513 1361 1536 tamen
1391 1508 1541 1544 quidquam
1568 1513 1644 1536 tanta
1669 1509 1695 1536 vi
1715 1514 1796 1544 atque

1008 1559 1142 1590 apparatu
1158 1560 1325 1583 consecutus
1337 1559 1389 1583 cst.
1400 1555 1522 1583 Classem
1534 1555 1605 1582 enim
1618 1555 1690 1582 illico
1699 1559 1797 1583 ventus

1008 1601 1139 1630 adversus
1162 1602 1318 1636 dissipavit,
1340 1602 1447 1636 aliaque
1468 1602 1522 1628 alio
1543 1602 1652 1636 navigia
1677 1601 1796 1636 disiecit,

1008 1652 1172 1683 tempestate
1197 1648 1354 1675 vehementi
1373 1648 1480 1680 oborta,
1499 1652 1573 1675 terra
1592 1655 1701 1683 quoque
1721 1648 1798 1683 oppi-

1010 1693 1092 1722 danis
1110 1693 1219 1721 fortiter
1232 1694 1416 1729 pugnantibus
1432 1693 1631 1728 machinasque
1646 1694 1671 1720 ei
1687 1694 1799 1721 inutiles

1010 1740 1210 1774 redigentihus.
1220 1740 1314 1774 Itaque
1329 1740 1404 1766 omni
1421 1747 1469 1774 spe
1484 1739 1520 1766 ad
1535 1739 1644 1766 irritum
1660 1739 1799 1767 recidente

1007 1786 1128 1820 receptui
1145 1786 1229 1813 canit.
1250 1786 1282 1812 Et
1295 1786 1341 1820 qui
1359 1786 1386 1812 in
1403 1786 1471 1813 urbe
1489 1789 1578 1818 erant,
1593 1785 1799 1820 oppugnatione

1008 1831 1098 1858 soluta
1119 1831 1227 1858 animos
1248 1835 1428 1865 receperunt;
1446 1835 1605 1865 tantumque
1623 1831 1663 1858 eis
1682 1831 1800 1858 accessit

1008 1877 1191 1907 fortitudinis,
1206 1881 1236 1904 ut
1265 1877 1432 1912 quibusdam
1455 1876 1540 1904 etiam
1564 1876 1681 1912 portulis
1696 1877 1799 1911 apertis

1009 1924 1151 1958 eruperint
1181 1931 1348 1958 manumque
1373 1930 1435 1950 cum
1451 1922 1563 1950 Thomam
1578 1922 1712 1951 militibus
1731 1929 1799 1950 con-

1009 1972 1158 2000 seruerinl.
1176 1971 1215 1999 Ex
1232 1979 1265 1999 eo
1286 1972 1384 1999 statuit
1397 1971 1517 1998 Thomas
1530 1979 1563 1999 ex
1576 1970 1693 2000 Thracia
1709 1970 1800 1999 disce-

1009 2018 1090 2051 dere,
1122 2018 1195 2053 quod
1222 2017 1348 2053 frigidior
1373 2025 1404 2045 ca
1431 2021 1472 2046 est
1496 2025 1546 2053 per
1574 2019 1692 2046 hiemem
1710 2017 1798 2053 regio,

1009 2065 1216 2099 exercitumque
1245 2063 1272 2091 in
1298 2064 1413 2092 hiberna
1436 2072 1486 2099 per
1511 2064 1638 2099 regiones
1652 2063 1800 2092 calidiores

1010 2110 1179 2145 dispergere.
1208 2109 1296 2142 Quam
1320 2110 1488 2137 sententiam
1513 2113 1662 2136 exsecutus
1688 2108 1800 2136 ineunte

1011 2163 1074 2183 vere
1099 2163 1198 2182 rursus
1221 2159 1293 2181 terra
1316 2155 1441 2190 marique
1459 2155 1554 2189 Cpolin
1576 2162 1735 2189 oppugnare
1755 2155 1799 2180 in-

1011 2201 1109 2229 tendit.
1123 2202 1218 2236 Neque
1234 2201 1316 2236 883
1332 2209 1397 2228 vero
1410 2201 1572 2228 Michaelum
1588 2201 1695 2236 qualem
1707 2204 1798 2232 antea,

167 2249 248 2283 θῆναι
269 2247 410 2282 ἠπείγετο.
424 2246 506 2273 Ὅθεν
528 2247 562 2281 τῇ
587 2245 650 2279 ἑξῆς
667 2245 725 2280 ἅμα
742 2245 813 2280 φωτὶ
832 2247 956 2282 σημάνας

1013 2248 1061 2276 sed
1085 2247 1141 2282 jam
1164 2250 1191 2273 et
1209 2247 1333 2274 terrestri
1350 2247 1466 2274 collecto
1488 2247 1610 2274 exercitu
1633 2247 1799 2273 instructum

167 2293 201 2320 τὸ
227 2292 350 2319 ἐνυάλιον
379 2291 445 2322 τοὺς
468 2291 569 2326 ἄνδρας
586 2290 677 2324 ἐξῆγε.
694 2291 748 2317 Καὶ
772 2291 810 2325 τῷ
833 2291 882 2325 μὲν
909 2291 959 2326 υἱῷ

167 2339 213 2365 τὸν
239 2339 311 2364 κατὰ
336 2337 367 2364 τὸ
391 2338 518 2372 χερσαῖον
551 2337 640 2371 τεῖχος
669 2336 802 2371 ἐπέτρεψε
829 2337 958 2372 πόλεμον,

167 2385 250 2415 αὐτὸς
274 2384 302 2410 δὲ
325 2383 357 2410 τδ
391 2383 458 2409 πολὺ
483 2383 532 2416 τῆς
570 2382 710 2416 δυνάμεως
745 2382 814 2417 ἔχων
841 2383 889 2409 καὶ
911 2384 960 2415 τὰς

168 2429 308 2465 καρτερὰς
330 2428 467 2458 ἑλεπόλεις
495 2427 543 2453 καὶ
563 2427 686 2462 μηχανὰς
720 2428 792 2454 κατὰ
815 2428 878 2459 τοὺς
905 2428 960 2455 τῶν

172 2475 334 2511 Βλαχερνῶν
376 2474 498 2509 πύργους
544 2473 662 2499 ἐποιεῖτο
701 2473 751 2508 τὴν
782 2474 957 2510 προσϐολὴν,

168 2523 306 2558 κλίμακάς
345 2530 375 2548 τε
418 2520 584 2556 προσφέρων
619 2521 675 2551 τοῖς
713 2519 832 2555 τείχεσιν
859 2522 958 2548 ἀναλό-

167 2577 233 2602 γους
260 2567 300 2602 τῷ
322 2567 404 2602 ὕψει’,
429 2567 476 2593 καὶ
492 2565 609 2601 ἀλλαχοῦ
629 2566 679 2600 μὲν
698 2565 828 2600 χελώνας,
841 2566 957 2602 ἀλλαχοῦ

168 2614 197 2640 δὲ
208 2614 312 2650 κριούςσ
329 2613 477 2648 τοξεύμασι
492 2612 520 2638 δὲ
533 2613 580 2638 καὶ
595 2611 770 2646 πετροὸόλοις
787 2613 957 2648 πανταχόθεν

1012 2298 1039 2322 et
1055 2301 1125 2321 nova
1143 2295 1231 2322 classe
1245 2293 1359 2321 invenit.
1375 2292 1482 2321 Rursus
1497 2301 1562 2328 ergo
1577 2292 1700 2320 eamdem
1717 2299 1798 2326 quam

1012 2341 1087 2376 prius
1104 2341 1181 2368 urbis
1194 2345 1299 2375 partem
1310 2340 1469 2375 aggreditur
1484 2339 1554 2374 apud
1567 2340 1656 2367 sinum
1673 2339 1800 2366 Blacher-

1014 2393 1139 2418 nensem,
1154 2385 1273 2420 dataque
1292 2385 1414 2412 irruendi
1432 2388 1538 2412 tessera
1564 2385 1637 2411 omni
1661 2386 1686 2412 vi
1705 2392 1800 2412 muros

1013 2431 1147 2459 machinis
1165 2431 1293 2459 adductis
1316 2435 1465 2458 concutere
1483 2436 1579 2459 tentat.
1596 2432 1663 2458 Dum
1680 2432 1737 2458 haec
1753 2440 1801 2467 ge-

1012 2482 1120 2511 runtur,
1133 2477 1283 2506 Michaelus
1295 2485 1357 2505 cum
1369 2478 1532 2513 quibusdam
1546 2477 1655 2505 Thema:
1667 2478 1800 2505 militibus

1012 2524 1186 2558 colloquendi
1208 2525 1439 2559 opportunitatem
1457 2529 1554 2551 nactus
1575 2524 1739 2551 oblivionem
1758 2524 1800 2551 in-

1010 2569 1148 2604 juriarum
1171 2570 1310 2604 multaque
1333 2569 1464 2598 beneﬁcia
1485 2572 1636 2606 promittit,
1659 2572 1682 2599 si
1709 2571 1742 2599 ad
1770 2580 1801 2599 se

1014 2615 1163 2643 transirent
1183 2616 1382 2651 sanguinisque
1401 2617 1490 2644 civilis
1509 2618 1661 2652 pollutione
1678 2619 1800 2646 abstine-

728 2693 911 2723 XYLANDRI
929 2696 973 2724 ET
996 2697 1104 2727 GOARI
1120 2698 1236 2726 ΝΟΤᾸΕ.

207 2753 264 2787 (75)
281 2752 306 2789 Is
319 2752 428 2789 Leonis.
447 2754 499 2781 iste
511 2788 514 2789 ν
526 2752 603 2789 Seyri
630 2753 759 2789 exsulans
772 2754 960 2789 consobrinus

172 2789 280 2817 videtur
293 2788 390 2816 fuisse.
404 2788 450 2816 Sic
472 2788 545 2816 enim
565 2788 644 2815 verto
671 2788 838 2822 ἀδελφιδοῦν,
862 2796 958 2818 vocem

172 2824 245 2851 varie
255 2823 292 2860 _de
300 2824 423 2858 cognatis
437 2829 605 2860 usurpatam.
619 2823 704 2852 Paulo
718 2827 781 2859 post
795 2824 853 2852 haec
866 2826 959 2860 opinio

171 2858 316 2895 perspicue
330 2860 516 2895 confirmatur.
536 2858 603 2886 ΧΠ..

205 2893 264 2930 (74)
279 2892 376 2922 Plures
390 2901 418 2931 _a
437 2893 545 2930 ,Graecis
568 2894 697 2924 coluntur
720 2894 883 2932 Ἀνάργυροι
899 2903 956 2925 me-

1015 2756 1068 2784 :lici
1080 2764 1097 2783 α
1112 2758 1229 2785 mercede
1243 2759 1372 2792 capienda
1397 2759 1488 2787 alieni.
1502 2759 1719 2788 Nominntissimi
1731 2764 1798 2787 sunt

1013 2791 1127 2830 f_]osr_n_as
1143 2791 1342 2830 etpamianus,
1357 2802 1472 2830 quarunt
1491 2796 1622 2830 templum
1639 2797 1668 2822 ὲν
1682 2796 1736 2826 τοῖς
1750 2794 1797 2822 τοῦ

1012 2826 1158 2855 Παυλίνου.
1171 2827 1257 2861 ΟρΔκ.

1049 2862 1107 2898 (75)
1123 2863 1161 2892 De
1176 2871 1231 2900 qua
1243 2868 1338 2894 auctor
1349 2864 1447 2895 Leonis
1462 2873 1533 2894 anno
1545 2865 1588 2894 l7.
1606 2865 1692 2894 Gesn.
