2019 3150
235 210 289 243 967

887 203 1050 235 GEORGII
1070 204 1239 236 CEDRENI

1813 204 1873 236 933

234 272 305 296 rent.
324 266 423 294 Verum
446 266 497 293 hoc
525 264 625 291 frustra
648 263 710 297 fuit,
737 262 921 291 ferocioribus
939 263 1023 291 etiam

1086 263 1219 298 (ρώμενος
1231 263 1361 297 ἠπείγετο
1384 265 1508 296 παντοῖος
1519 264 1681 299 φαινόμενος
1693 262 1872 298 καταπλῆξαι

235 316 288 342 ista
312 313 444 348 petitione
463 310 544 338 factis
561 310 625 342 illis,
644 313 672 337 et
699 309 773 344 quod
800 315 874 337 metu
902 309 1022 336 hostium

235 359 342 388 liberati
355 363 457 388 essent,
477 357 589 383 Thoma:
605 364 638 384 eo
663 356 842 383 ﬁdelioribus.
861 355 915 382 lloc
933 355 1025 389 itaque

235 407 381 440 desperato
393 408 492 431 conatu
508 403 659 430 Michaelus
679 403 773 430 multis
790 402 881 429 verbis
897 409 962 429 suos
979 408 1025 427 co-

235 453 362 479 hortatur
394 455 422 476 ut
447 457 476 477 se
511 449 619 476 fortiter
650 452 747 483 gerant
777 455 866 482 neque
893 447 1026 474 scelerato

235 502 352 533 tyranno
379 497 535 524 libertatem
564 495 704 530 prodant:
727 500 783 521 tum
810 494 902 521 subito
934 492 1026 520 multis

235 545 322 578 portis
332 543 476 570 eﬂundens
485 550 552 569 suos
567 543 671 569 hastcm
683 541 750 568 nihil
761 541 815 567 tale
823 545 1026 574 exspectantem

236 591 372 620 adoritur,
384 589 530 623 subitoque
541 589 644 623 impetu
657 588 831 622 perterritum
844 594 940 620 magna
951 586 1028 613 clade

236 637 330 667 allicit,
347 636 534 669 adversosque
547 633 646 665 fundit,
663 641 695 660 ac
708 633 850 660 victoriam
869 632 1027 666 prmclaram

236 687 370 718 reportat.
385 682 437 708 Sed
454 686 479 708 et
493 680 592 707 classis
605 680 716 706 Thema:
730 678 910 706 infortunium
923 678 1028 705 habuit.

235 729 303 757 Cum
328 729 401 756 enim
429 727 613 762 imperatoria:
639 726 765 753 triremes
800 725 1027 760 provclterentur,

234 774 348 809 jamque
363 780 460 808 pugnat
483 771 663 798 conserendae
679 775 786 805 tempus
807 774 891 803 esset,
910 771 1028 798 hostium

238 829 323 848 naves
338 825 410 846 metu
427 820 543 853 qundam
561 823 587 845 et
611 818 729 844 tumultu
752 821 936 844 consternata:
955 821 1030 844 retro

239 868 271 894 ad
289 873 388 894 terram
403 865 594 900 profugerunt.
610 864 750 892 Classiarii
769 871 832 898 pars
850 864 883 891 ad
904 864 1030 899 impera-

238 918 327 941 torem
350 912 488 943 abierunt,
505 919 569 946 pars
589 911 703 937 terrain
726 918 774 937 sua
791 915 881 936 castra
902 909 1031 945 profuge-

238 964 316 986 runt.
333 958 378 986 Sic
395 958 498 993 absque
516 958 610 984 labore
628 957 726 984 classis
748 956 860 983 Thomas
884 956 1029 984 distributa

239 1004 324 1041 884
338 1009 390 1032 est.
401 1004 428 1031 ld
446 1003 542 1030 videns
561 1002 712 1037 Gregorius
723 1001 822 1029 Leonis
837 1001 1030 1036 consobrinus,

234 1050 430 1084 'Thomatnque
453 1048 608 1083 intelligens
635 1048 740 1082 exigua:
757 1049 930 1075 auctoritatis
957 1056 1029 1080 csse,

240 1097 441 1132 suspicansque
460 1095 541 1130 paulo
553 1099 612 1130 post
624 1095 683 1129 plus
693 1095 774 1121 etiam
784 1095 807 1122 ei
820 1094 1030 1122 existimationis

240 1145 433 1175 decessurum,
447 1150 477 1169 re
492 1149 575 1176 opera
590 1141 734 1175 cujusdam
752 1141 878 1168 ntouachi
897 1142 928 1169 tle
948 1141 1031 1168 colle-

241 1189 285 1223 gio
297 1189 385 1216 Studii
399 1196 460 1214 cum
478 1187 644 1222 imperatore
657 1187 870 1218 communicata,
880 1193 941 1213 cum
955 1190 1031 1221 parte

241 1236 284 1262 sui
302 1235 442 1262 exercitus
459 1242 473 1260 Β
497 1234 611 1268 reliquis
626 1241 654 1260 se
671 1233 772 1264 avellit,
793 1233 830 1260 ita
850 1238 879 1260 ut
896 1240 959 1260 eum
974 1232 1030 1267 jam

241 1280 361 1307 Thomas
377 1287 392 1306 a
412 1286 489 1314 tergo
509 1279 631 1305 haberet.
657 1277 713 1306 Hoc
737 1285 762 1306 et
786 1278 906 1306 hominis
928 1283 1033 1313 perter-

240 1327 319 1354 rcndi
331 1330 359 1353 ct
374 1324 549 1360 imperatoris
568 1325 693 1358 placandi
707 1328 735 1351 ct
752 1332 863 1351 uxorent
878 1324 1033 1358 liberosque

242 1373 317 1408 (nam
339 1380 353 1398 a
372 1372 507 1398 Michaelo
528 1371 629 1406 Captivi
649 1371 846 1399 detinebantur
861 1379 893 1398 ex
910 1379 964 1406 quo
981 1371 1033 1398 iste

242 1419 276 1445 ad
290 1418 423 1445 Thomam
445 1417 610 1451 desciverat)
625 1417 754 1444 servandi
772 1417 864 1444 studio
884 1417 1032 1445 faciebant.

243 1464 296 1491 Sed
316 1472 405 1498 neque
432 1471 476 1490 res
504 1463 594 1490 adhuc
618 1467 678 1489 erat
702 1462 860 1498 imperatori
885 1463 987 1495 audita,
1008 1467 1034 1489 ct

242 1509 364 1535 Thomas
386 1512 511 1534 metuens
527 1515 561 1535 tte
587 1507 679 1534 subito
696 1515 794 1542 magna
817 1507 892 1534 ﬁeret
908 1506 1034 1542 Gregorii

243 1554 408 1584 auctoritas.
421 1553 559 1587 simulque
571 1557 601 1580 ut
618 1553 676 1580 suis
687 1558 788 1581 metum
802 1554 935 1588 injiceret,
945 1558 1034 1581 castra

243 1600 278 1627 ab
298 1600 364 1626 urbe
379 1607 433 1626 non
450 1599 577 1631 dimovit,
596 1600 698 1627 veritus
712 1607 747 1627 ne
765 1600 852 1628 hostis
874 1608 903 1627 se
920 1608 934 1626 a
957 1605 1034 1636 tergo

245 1650 408 1681 sequeretur
425 1654 431 1672 :
448 1645 550 1672 milites
571 1650 690 1680 quantos
706 1646 739 1672 ad
758 1646 950 1673 debellandum
967 1646 1034 1674 Gre-

244 1693 350 1729 gorium
375 1691 540 1719 sut'l‘eeturos
568 1691 719 1726 judicabat,
745 1698 889 1719 assumens
913 1692 941 1719 in
961 1692 1033 1719 hunc

245 1740 333 1770 duxit,
349 1738 497 1774 praelioque
519 1737 610 1764 fusum
630 1742 656 1764 ct
671 1737 699 1764 in
723 1736 788 1771 fuga
806 1737 1035 1772 comprehensum

244 1785 362 1812 necavit.
383 1783 448 1811 Inde
461 1784 590 1811 celeriter
609 1783 642 1810 ad
668 1783 781 1811 relictos
803 1784 837 1811 ad
856 1784 1035 1811 obsidendam

246 1831 341 1859 urbem
358 1829 497 1857 exercitus
511 1837 640 1857 reversus
661 1830 766 1857 litteras
784 1830 811 1856 in
829 1837 925 1857 oumes
941 1834 1033 1865 partes

245 1877 368 1909 dimittit,
382 1876 483 1911 quibus
504 1875 574 1902 falso
590 1876 712 1910 jactabat
735 1883 764 1903 se
779 1876 894 1903 victoria
918 1877 1034 1911 potitum

247 1923 348 1952 fuisse:
369 1923 538 1956 classemque
552 1929 612 1956 qua:
628 1922 699 1956 apud
713 1921 845 1949 Graeciam
859 1927 928 1954 erat,
944 1923 1037 1950 statim

246 1969 280 1997 ad
304 1977 332 1997 se
352 1973 433 1996 vocat
452 1969 537 1996 veluti
565 1977 623 1995 rem
649 1969 715 1995 mari
741 1969 871 1996 continuo
898 1972 1038 2004 gesturus.

246 2015 336 2050 Atque
354 2016 410 2042 haec
422 2015 544 2050 quidem,
560 2014 633 2049 quod
646 2019 751 2041 rectum
768 2022 879 2042 cursum
893 2015 1037 2048 tenuisset,

248 2062 351 2095 absque
369 2069 443 2087 mora
465 2060 498 2087 ad
516 2060 604 2087 locum
633 2060 680 2095 qui
698 2059 786 2087 Bcridi
804 2060 906 2087 dicitur
923 2061 1038 2095 appulit.

247 2107 399 2134 Constabat
428 2106 545 2133 navibus
571 2113 668 2141 pugna:
699 2105 894 2141 frumentoque
915 2107 1040 2134 vehendo

249 2154 321 2187 aptis
340 2153 403 2180 350.
430 2152 466 2179 At
488 2152 674 2187 imperatoriae
697 2151 794 2180 classis
808 2152 890 2187 885
919 2153 1040 2187 prtel'ecti

249 2198 361 2233 cognito
389 2197 473 2232 hujus
499 2197 631 2228 adventu,
658 2200 740 2224 noctu
769 2196 884 2224 hostiles
903 2205 986 2225 naves
1012 2198 1040 2224 in

248 2244 366 2271 statione
382 2242 483 2275 adorti,
499 2242 593 2269 subito
605 2243 708 2276 impetu
718 2242 866 2270 classiariis
875 2242 1038 2278 perterritis,

249 2290 350 2318 multas
373 2297 435 2317 cutn
466 2289 534 2324 ipsis
556 2288 713 2315 vectoribus
738 2293 880 2323 ceperunt,
906 2290 1038 2324 quasdam

249 2336 399 2364 artiﬁcioso
427 2335 482 2370 igni
513 2335 742 2366 combusserunl,
768 2335 864 2370 paucis
889 2335 1036 2362 admodum

249 2385 372 2420 periculo
388 2383 502 2418 ereptis,
519 2389 580 2418 qua:
598 2382 680 2409 celeri
706 2381 767 2417 fuga
785 2381 818 2409 ad
842 2387 951 2416 portum
973 2382 1037 2409 Bla-

249 2431 431 2458 cherneusem
446 2434 548 2456 avectae
567 2428 603 2455 ibi
622 2435 651 2456 sc
668 2435 729 2454 cum
754 2429 931 2455 terrestribus
952 2429 1037 2463 copiis
1066 2434 1069 2437 '

247 2477 467 2512 conjunxerunt.
490 2474 547 2502 Hoc
562 2473 643 2502 modo
659 2481 702 2501 res
720 2474 786 2501 mari
801 2478 887 2510 gesta.
907 2476 941 2502 At
964 2479 1037 2502 terra

248 2524 420 2550 continenter
428 2522 496 2549 levia
506 2520 598 2556 praelia
607 2520 718 2552 fiebant,
729 2521 808 2548 modo
815 2520 947 2548 Michaelo
956 2521 1037 2549 modo

249 2569 304 2595 tilio
322 2569 382 2604 ejus
399 2569 553 2604 Theophilo
572 2576 633 2596 cum
660 2568 785 2595 Cataccla
806 2573 832 2595 et
847 2568 961 2596 Olbiano
988 2569 1037 2596 ad-

247 2622 346 2642 versus
363 2615 469 2642 hostem
493 2622 560 2642 suos
579 2615 725 2642 educente.
750 2613 852 2641 llorum
882 2615 1037 2649 praeliorum

248 2661 324 2688 varia
341 2661 392 2688 tuit
404 2661 431 2688 in
447 2667 591 2697 utramque
606 2666 710 2697 partem
724 2661 846 2689 fortuna.
857 2660 934 2689 Justa
946 2667 1036 2689 autem

249 2714 341 2742 pugna
365 2707 536 2734 decertatum
555 2715 695 2743 nunquam
721 2712 771 2740 est,
789 2707 862 2743 quod
889 2709 1038 2744 imperator

249 2760 313 2780 eum
329 2752 417 2785 hoste,
433 2753 513 2787 cujus
527 2754 613 2782 multo
625 2759 703 2782 erant
720 2755 926 2783 numerosiores
941 2756 1036 2790 copiaa,

251 2799 381 2834 congredi
405 2799 462 2826 acie
477 2807 531 2826 non
550 2801 677 2828 audebat.
694 2800 751 2828 lloc
765 2809 857 2828 rerum
877 2806 949 2828 statu
965 2801 1038 2828 Mor-

251 2849 334 2880 tagon
367 2844 548 2880 Bnlgarorum
572 2854 618 2874 rex
644 2846 728 2878 fama,
751 2855 812 2882 quae
833 2851 919 2875 totum
943 2848 1037 2876 orbem

251 2894 389 2919 terrarum
419 2897 595 2926 pervaserat,
629 2892 816 2921 Romanorum
843 2895 1037 2929 imperatorem

251 2938 339 2966 muris
350 2937 488 2968 inclusum
506 2938 637 2973 obsideri,
652 2940 770 2975 excitus,
782 2940 852 2968 clam
871 2940 904 2968 ad
919 2941 1038 2970 Michae-

1077 309 1128 342 μὲν
1154 309 1218 340 τοὺς
1235 309 1358 342 πολίτας,
1388 310 1524 345 κρατῆσαι
1538 310 1566 336 δὲ
1584 310 1633 344 τῆς
1649 309 1765 341 πόλεως,
1787 317 1871 344 περι-

1077 355 1217 390 στοιχίσας
1241 356 1287 382 καὶ
1305 356 1338 382 τὰ
1362 356 1445 382 λοιπὰ
1462 356 1542 391 τείχη
1557 357 1592 392 τῇ
1609 357 1724 390 ναυτικῇ
1741 355 1871 389 δυνάμει,

1076 401 1144 434 πυρί
1162 409 1191 427 τε
1209 402 1256 428 καὶ
1268 401 1431 436 τοξεύμασιν
1448 401 1584 436 ἐκιροὸῶν.
1593 400 1664 428 Ἀλλ’
1675 401 1751 427 οῦδὲν
1763 400 1818 426 τῶν
1829 401 1875 431 εἰς

1077 446 1123 481 ὖνη
1129 455 1171 472 σιν
1188 448 1327 482 φερόντων
1336 448 1436 482 αὐτῷὴ
1451 448 1568 482 τοσαύτη
1579 447 1694 482 δύναμις
1707 447 1754 474 καὶ
1765 455 1874 480 (ξαντα-

1078 493 1124 518 σία
1153 494 1353 528 κατεπράξατο.
1370 494 1406 520 To
1431 494 1480 528 μὲν
1511 494 1564 528 γὰρ
1588 493 1715 520 ναυτικὸν
1732 493 1813 524 εὐθὺς
1830 501 1876 524 τις

1079 539 1371 571 έπιπνεύσαςὲναντίος
1383 539 1481 574 ἄνεμος
1490 539 1594 566 διέλυσέ
1607 548 1636 566 τε
1645 540 1692 565 καὶ
1705 539 1788 574 ἄλλην
1801 539 1874 575 ἄλλῃ

1079 585 1262 621 ὁιαςπαρῆναι
1284 587 1395 620 εποίησε
1409 587 1463 612 τῶν
1480 585 1592 620 σκαξῶν
1606 585 1653 612 ἆτε
1667 586 1715 612 καὶ
1734 585 1875 620 χειμῶνος

1079 632 1199 663 ἐξαισίου
1220 633 1399 668 ὑπάρχοντος
1415 633 1486 659 κατὰ
1498 632 1526 658 δὲ
1545 633 1594 666 τὴν
1609 632 1724 667 ἤπειρον
1740 632 1877 665 γενναίως

1079 678 1134 704 τῶν
1158 678 1212 704 ἀπὸ
1233 679 1283 713 τῆς
1302 679 1405 709 πόλεως
1424 678 1635 713 ἀγωνιζομένων
1653 679 1701 704 καὶ
1717 678 1877 713 ἀχρήστους

1081 723 1155 759 αὖτῷ
1185 725 1334 751 ποιούντων
1363 725 1413 756 τὰς
1446 725 1582 760 μηχανὰς,
1617 725 1795 760 διαπορηῦεἱς
1816 725 1877 755 τοῖς

1081 772 1164 798 πᾶσιν
1189 771 1329 804 ἀνέζευξε,
1351 772 1399 798 καὶ
1422 773 1437 806 ή
1472 772 1691 807 πολιορκουμένη
1719 771 1797 803 πόλις
1826 773 1878 798 ἁν-

1081 816 1228 852 εὓάρσησε,
1244 817 1290 843 καὶ
1306 817 1432 844 τοσοῦτον
1447 817 1648 852 ἁ·.δρικώτερον
1663 817 1803 843 ἐπετίθετο
1818 819 1878 848 τοῖς
1923 843 1925 846 ,

1080 862 1127 888 τοῦ
1139 862 1292 889 ἁποστσὶτου
1310 863 1347 894 ὡς
1369 863 1416 890 καί
1428 873 1500 895 τινας
1515 863 1570 889 τῶν
1580 863 1654 889 ἔνδον
1673 863 1784 894 πυλίδας
1799 863 1878 889 ἀνοι-

1081 908 1198 942 γνύντας
1216 909 1265 944 τῆς
1283 909 1388 941 πόλεως
1400 909 1501 942 ἐξιέναι
1515 910 1562 936 καὶ
1578 910 1634 941 τοῖς
1648 909 1789 943 πολεμίοις
1806 917 1878 943 συμ-

1082 955 1240 982 πλέκεσθαι.
1260 955 1351 989 Ἔγνω
1365 955 1411 982 οὖν
1429 957 1443 982 ό
1458 956 1615 991 ἀποστάτης
1630 956 1674 982 διὰ
1688 956 1717 982 τὸ
1733 956 1782 991 τῆς
1802 956 1878 991 θρᾴ-

1082 1009 1134 1035 κης
1148 1001 1288 1037 χειμέριον
1307 1002 1354 1028 ἐπὶ
1375 1002 1600 1037 παραχειμασίαν
1613 1002 1751 1037 τραπῆναι
1768 1002 1815 1028 καὶ
1829 1002 1879 1028 τὸν

1082 1047 1146 1074 λαὸν
1169 1047 1299 1075 σκεδάσαι
1322 1048 1351 1074 ἐν
1371 1047 1567 1083 ἀλεεινοτέροις
1584 1048 1705 1083 χωρίοις.
1724 1048 1756 1074 ’0
1777 1048 1809 1082 δὴ
1828 1048 1879 1074 καὶ

1083 1097 1210 1130 ποιήσας,
1228 1095 1266 1126 ὡς
1286 1095 1339 1130 ἤδη
1361 1095 1392 1122 τὸ
1411 1095 1460 1130 ἔαρ
1479 1096 1650 1130 ὲπέλαμπεν,
1679 1094 1880 1130 ἀμφοτέρωθεν

1083 1139 1161 1172 αὖθις
1173 1141 1246 1168 κατὰ
1260 1142 1312 1175 γῆν
1327 1150 1357 1167 τε
1371 1142 1418 1168 καὶ
1431 1142 1568 1169 θάλασσαν
1589 1143 1680 1178 ἔκρινε
1694 1141 1880 1177 προσὸάλλειν

1082 1188 1116 1222 τῇ
1143 1186 1362 1213 Κωνσταντίνου.
1385 1187 1458 1215 Ἀλλ’
1480 1188 1530 1223 ἢδη
1560 1188 1608 1214 καὶ
1631 1188 1677 1215 τδν
1697 1188 1806 1223 Μιχαὴλ,
1826 1188 1880 1222 οὐχ

1083 1232 1120 1263 ὡς
1136 1232 1167 1258 τὸ
1184 1232 1327 1267 πρότερον,
1342 1232 1405 1267 ἄρτι
1420 1232 1448 1259 δὲ
1466 1233 1668 1269 στρατιωτικήν
1686 1242 1747 1260 τινα
1760 1233 1880 1268 δύναμιν

1083 1278 1196 1314 εὕρισκε
1224 1278 1422 1313 συλλεξάμενον
1451 1280 1498 1306 καὶ
1521 1280 1617 1315 ἑτέραν
1643 1280 1714 1306 κατὰ
1739 1279 1879 1306 θάλασσαν

1084 1325 1225 1359 ναυτικήν.
1244 1325 1311 1351 Κατ’
1337 1326 1425 1351 ἐκεῖνο
1453 1325 1520 1359 γοῦν
1548 1326 1629 1353 πάλιν
1660 1325 1704 1361 ᾔει
1731 1326 1762 1352 τὸ
1792 1326 1880 1362 μέρος

1082 1370 1262 1405 ὁπλισάμενος
1315 1371 1361 1397 καὶ
1384 1370 1529 1406 πρότερον,
1551 1371 1598 1398 τὸν
1614 1372 1714 1398 κόλπον
1728 1372 1781 1399 τῶν
1803 1372 1877 1399 Βλα-

1084 1417 1200 1452 χερνῶν,
1217 1417 1265 1443 καὶ¹
1281 1416 1406 1452 σύνϐημα
1422 1417 1484 1448 δοὺς
1499 1417 1529 1444 τὸ
1546 1418 1694 1453 πολεμικὸν
1715 1418 1827 1453 ἐνεργὸς
1844 1416 1880 1452 ἦν

1084 1464 1134 1495 τὰς
1165 1463 1290 1498 μηχανὰς
1319 1463 1468 1498 προσάγων
1491 1464 1539 1490 καὶ
1568 1463 1602 1490 τὰ
1622 1464 1698 1499 τείχη
1717 1464 1881 1491 κατασείειν

1086 1509 1267 1544 πειρώμενος.
1298 1508 1339 1545 [Ρ.
1365 1508 1430 1545 506]
1456 1509 1500 1536 Ἐν
1515 1505 1537 1544 ᾧ
1561 1509 1590 1536 δὲ
1612 1510 1698 1537 ταῦτα
1715 1511 1881 1544 ἐπράττετο,

1086 1556 1127 1587 εἰς
1146 1556 1243 1590 λόγους
1267 1556 1282 1581 ὁ
1303 1556 1413 1592 Μιχαὴλ
1428 1554 1494 1591 ἦ).οέ
1509 1564 1564 1583 τισι
1579 1557 1634 1583 τῶν
1652 1557 1881 1592 στρατευομένων

1087 1602 1125 1637 τῷ
1136 1602 1288 1638 ἀποστάτῃ,
1306 1601 1460 1638 ἀμνηστίαν
1478 1611 1508 1628 τε
1524 1602 1618 1629 κακῶν
1632 1602 1724 1635 αὐτοῖς
1742 1602 1882 1636 ἐπαγγελ-

1088 1647 1199 1682 λόμενος
1220 1649 1266 1674 καὶ
1279 1648 1547 1683 καθυπισχνούμενος
1563 1648 1660 1676 δώσειν
1673 1648 1764 1683 ἀγαοὲ
1779 1649 1879 1681 πολλὰ,

1088 1693 1111 1719 ει
1129 1693 1209 1728 μόνον
1236 1693 1267 1727 δὴ
1296 1693 1493 1728 μετατάξαιντο
1520 1694 1568 1722 καὶ
1593 1695 1706 1730 αἵμασιν
1736 1695 1883 1730 ἐμφυλίοις

1087 1739 1250 1773 ἀπόσχοιντο
1275 1739 1443 1773 χραίνεσθαι.
1467 1739 1610 1774 Ἑπέραινε
1645 1740 1675 1767 δὲ
1697 1740 1786 1772 οὐδὲν,
1811 1741 1884 1767 ἀλλὰ

1093 1783 1333 1820 θαρραλεωτέρους
1346 1804 1354 1818 ,
1382 1785 1422 1812 ὅτι
1439 1785 1471 1820 δὴ
1491 1786 1538 1812 καὶ
1565 1786 1768 1822 παρακαλοῖ-κο
1781 1807 1788 1820 ,
1816 1787 1883 1818 τοὺς

1089 1830 1236 1862 ἀκούοντας
1250 1831 1348 1862 ἐποίει,
1367 1831 1414 1857 καὶ
1440 1831 1490 1866 τῆς
1507 1832 1539 1858 ὲκ
1554 1831 1601 1859 τοῦ
1624 1833 1708 1866 φόϐου
1723 1832 1883 1864 συστάσεως

1089 1876 1252 1912 λελυμένους
1277 1878 1325 1904 καὶ
1345 1877 1537 1912 βεὸαιοτέρους
1560 1878 1599 1914 τῷ
1624 1879 1766 1914 ἀποστάτῃ
1784 1879 1882 1914 εἰργά-

1090 1934 1167 1953 σατο.
1183 1926 1240 1961 Τῆς
1252 1925 1381 1961 τοιαύτης
1394 1926 1422 1952 δὲ
1434 1926 1533 1961 πείρας
1545 1925 1724 1960 ἀπεγνωκὼς,
1739 1926 1787 1952 καὶ
1795 1925 1884 1952 πολλᾶ

1089 1973 1152 2005 τοὺς
1173 1973 1220 2000 σὺν
1237 1973 1313 2009 αὐτῷ
1329 1974 1525 2008 παρακαλέσας
1542 1974 1641 2009 ἄνδρας
1660 1974 1780 2008 ἀγαθοὺς
1801 1974 1884 2008 γενέ-

1091 2019 1152 2046 σθαι
1169 2020 1215 2046 καὶ
1234 2019 1271 2056 μὴ
1287 2019 1420 2055 προέσθαι
1444 2019 1575 2055 ἀλάστορι
1590 2021 1716 2056 τυράννῳ
1731 2020 1782 2054 τὴν
1803 2020 1885 2047 ἐλευ-

1091 2066 1194 2102 θερίαν,
1211 2066 1288 2101 ἇφνω
1302 2067 1333 2094 ὲκ
1349 2066 1454 2094 πολλῶν
1468 2067 1586 2094 πυλίδων
1606 2067 1723 2100 ἐξελθὼν
1745 2067 1885 2103 ἀπροσδοο

1090 2113 1183 2148 κήτως
1210 2113 1361 2140 ἐπιτίθεται
1377 2114 1435 2145 τοῖς
1454 2114 1603 2145 ἐναντίοις·
1622 2114 1669 2141 καὶ
1685 2113 1724 2149 τῷ
1737 2113 1886 2150 παραδόξῳ

1090 2159 1337 2194 καταπληξάμενος
1361 2160 1425 2191 τοὺς
1452 2160 1702 2195 ἀντιτεταγμένους
1726 2160 1862 2195 ἐτρέψατο
1876 2180 1885 2192 ,

1091 2206 1191 2241 φθόρον
1208 2206 1299 2233 ἱκανὸν
1312 2207 1501 2242 ἐργασάμενος
1516 2207 1564 2233 καὶ
1572 2207 1652 2241 νίκην
1661 2206 1792 2241 λαμπρὰν
1806 2207 1886 2241 ἐνεγ-

1090 2251 1222 2286 κάμενος.
1252 2252 1308 2279 Καὶ
1335 2251 1369 2278 τὰ
1396 2253 1512 2279 ναυτικὰ
1529 2252 1557 2279 δὲ
1585 2253 1678 2284 κακῶς
1707 2252 1810 2288 ἠνέχθη
1835 2253 1885 2279 τοῦ

1092 2298 1255 2324 ἁποστάτοψ
1276 2297 1314 2328 ὡς
1328 2297 1383 2333 γὰρ
1399 2298 1427 2324 αἱ
1445 2298 1583 2333 βασιλικαὶ
1601 2299 1726 2334 τριήρεις
1750 2299 1887 2334 ἀνήγοντο

1092 2344 1139 2370 καὶ
1156 2343 1206 2378 ἥδη
1228 2343 1435 2377 συμπλέκεσθαι
1457 2343 1591 2378 ἔμελλον,
1618 2343 1728 2379 δείμασι
1759 2353 1814 2370 τισι
1837 2345 1887 2371 καὶ

1092 2389 1218 2424 θορύϐοις
1232 2389 1485 2425 περικτυπηθέντος
1499 2389 1546 2416 τοῦ
1557 2389 1680 2417 ἐναντίου
1699 2391 1794 2417 στόλου
1810 2391 1885 2426 πρύ-

1093 2444 1163 2471 μναν
1187 2437 1215 2462 αι
1245 2436 1308 2471 νῆες
1326 2435 1507 2471 [ἐκρούσαντο
1530 2437 1577 2463 καὶ
1608 2437 1677 2472 πρὸς
1706 2437 1755 2472 τὴν
1785 2437 1885 2472 χέρσον

1092 2482 1253 2517 κατήγοντο,
1271 2482 1319 2508 καὶ
1331 2482 1356 2508 οι
1372 2482 1423 2516 μὲν
1437 2482 1492 2509 τῶν
1507 2482 1612 2518 ἀνδρῶν
1631 2483 1799 2518 ηὐτομόλουν
1813 2483 1885 2518 πρὸς

1093 2526 1218 2561 βασιλέα,
1236 2528 1261 2554 οἱ
1275 2527 1303 2553 δὲ
1319 2527 1388 2563 πρὸς
1405 2527 1436 2554 τὺ
1452 2528 1552 2556 οἰκεῖον
1564 2528 1747 2563 στρατόπεδον
1763 2529 1794 2556 τὸ
1811 2530 1885 2556 κατὰ

1091 2574 1143 2608 γῆν
1155 2573 1364 2609 ἀπεδίδρασκον.
1384 2574 1440 2601 Καὶ
1464 2573 1536 2601 οὕτω
1559 2575 1608 2609 μὲν
1633 2575 1750 2610 ἀπονητὶ
1772 2575 1883 2611 διελύθη

1091 2619 1139 2646 τοῦ
1153 2619 1284 2655 τυράννου
1311 2619 1342 2646 τὸ
1364 2621 1502 2647 ναυτικόν.
1520 2621 1604 2648 ’Ὅθεν
1630 2622 1677 2648 καὶ
1691 2621 1853 2657 Γρηγόριος,
1868 2623 1885 2648 ὀ

1090 2665 1138 2692 τοῦ
1158 2665 1292 2700 βασιλέως
1315 2665 1473 2699 ἀδελφιδοῦς
1493 2665 1618 2699 Λέοντος,
1636 2667 1820 2702 συνεωρακὼς
1834 2667 1884 2694 εὐ-

1092 2711 1297 2746 καταφρόνητον
1313 2711 1378 2738 ὄντα
1399 2711 1444 2738 τὸν
1467 2711 1569 2747 Θωμᾶν
1597 2712 1766 2747 (ὑπετόπαζε
1784 2713 1813 2740 δὲ
1835 2714 1884 2740 καὶ

1092 2758 1233 2792 προϊόντος
1256 2757 1304 2784 τοῦ
1332 2757 1430 2792 χρόνου
1449 2758 1632 2793 γενησόμενον
1649 2759 1696 2786 ἐπὶ
1716 2759 1821 2795 πλέον),
1838 2759 1886 2788 διὰ

1092 2812 1163 2835 τινος
1182 2803 1299 2839 μοναχοῦ
1313 2804 1368 2831 τῶν
1384 2804 1439 2831 ἀπὺ
1448 2805 1496 2840 τῆς
1513 2806 1598 2841 μονῆς
1611 2806 1666 2832 τῶν
1684 2806 1812 2833 Στουδίου
1825 2814 1886 2833 κοι-

1092 2850 1311 2885 νολογησάμενος
1335 2850 1374 2886 τῷ
1400 2851 1519 2886 βασιλεῖ,
1552 2852 1650 2888 μοῖράν
1671 2862 1732 2880 τινα
1754 2852 1802 2880 τοῦ
1836 2853 1884 2888 ὑφ’

1092 2897 1188 2924 ἑαυτὸν
1210 2897 1350 2933 τάγματος
1375 2897 1495 2932 εἰληφὼς
1514 2899 1592 2934 ῥῆξιν
1622 2899 1709 2927 ἑννοεί
1732 2900 1779 2926 καὶ
1809 2900 1885 2926 κατὰ

1093 2943 1178 2971 νώτου
1190 2944 1296 2978 γίνεται
1313 2943 1352 2980 τῷ
1367 2944 1501 2980 τυράννῳ,
1525 2945 1594 2980 ὁμοῦ
1615 2946 1666 2982 μὲν
1681 2946 1776 2974 τοῦτον
1793 2945 1884 2972 ἐκδει-
