2019 3150
164 179 218 213 969

715 176 979 206 ΠΙΞΙῸΗΙᾹΙΗΞΜ
1005 174 1266 205 (IOMPENDIUM.

1726 161 1779 204 970

165 235 269 270 πλατῶν,
294 233 361 268 (ἰμοῦ
391 232 419 258 δὲ
442 231 488 258 καὶ
516 231 561 257 τὶν
592 230 702 266 βασιὲἐα
725 231 946 266 ἐξιλασκόμενος,

1012 237 1056 256 um
1071 229 1165 262 mittit,
1185 229 1267 264 eique
1285 228 1357 256 ultro
1369 228 1510 264 pollicetur
1527 236 1556 257 se
1571 229 1704 257 auxilium
1720 237 1785 264 sup—

163 279 229 315 ὁμοῦ
259 279 287 305 δὲ
311 279 358 304 καὶ
373 277 483 312 γυναικὶ
505 277 554 303 καὶ
568 276 673 308 τέκνοις
690 275 798 311 (ἔτυχον
813 276 867 311 γὰρ
882 276 948 302 καθα

162 325 303 361 ειργμένοι
325 325 419 351 τούτου
433 323 472 357 τῷ
486 323 571 358 Θωμᾷ
586 322 845 358 προσχωρήσαντος)
860 330 948 357 σωτη-

164 372 225 406 ρίαν
256 369 528 405 πραγματευόμενοξ,
576 367 644 394 Ἀλλ’
679 366 741 393 οὕτε
775 367 789 393 ό
824 366 950 400 βασιλεὺς

164 418 263 452 ἔφθασε
273 415 426 446 διακοῦσαι,
443 416 490 442 καὶ
501 414 621 448 ὸΘωμᾶς
631 414 660 439 τὸ
673 413 710 448 μὴ
724 413 806 439 πολὺν
821 412 951 447 ἐξαίφνης

163 464 258 490 τοῦτον
271 463 396 497 γενέσθαι
410 461 600 496 κατορρωδῶν,
615 461 663 486 καὶ
682 459 763 493 φόΰον
779 459 834 489 τοῖς
854 457 949 484 ἑαυτοῦ

164 510 312 545 ἐμποιῆσαι
331 508 500 543 βουλόμενος,
519 507 568 542 τὴν
596 506 645 541 μὲν
671 505 880 540 στρατοπεδείαν
901 507 951 540 τῆς

164 555 267 586 πόλεως
294 555 324 581 οὐ
346 553 518 589 μετεκίνησε,
544 551 575 578 τὸ
593 552 630 586 μὴ
643 551 789 586 διωχθῆναι
809 550 951 584 ἐξόπισθεν

163 599 299 631 δεδοικὼς,
315 598 393 630 ὅσους
419 597 447 624 δὲ
475 596 534 632 ᾔδει
553 595 717 630 ἀξιομάχους
734 592 804 621 εἶναι
818 596 867 629 τῆς
883 593 950 629 πρὸς

163 645 208 671 τὸν
229 645 248 670 Γ
252 644 379 679 ρηγόρεον
417 642 577 677 συμπλοκῆς
600 640 767 676 παραλαϐὼν
782 639 950 675 στρατιώτας

163 689 238 725 ἐξῄει
248 689 314 724 πρὸς
325 687 416 718 αὑτὸν.
430 689 477 714 καὶ
490 688 563 722 μάχῃ
572 686 741 722 τρεψάμενος
755 685 890 720 φεύγοντα
901 694 950 711 κα-

163 734 288 762 ταλαϐὼν
303 735 421 769 ἀναιρεῖ.
436 735 491 760 Καὶ
512 731 588 764 αὖθις
613 733 657 759 διὰ
680 732 785 767 ταχέων
811 732 878 767 πρὸς
903 732 951 762 τὰς

164 779 400 815 προσεδρευούσας
427 780 461 814 τῇ
486 779 561 805 πόλει
591 777 721 813 δυνάμεις
740 777 876 808 ἐπάνεισι,
904 777 952 802 καὶ

163 826 327 860 γράμμασιν
357 825 521 851 ἐπιστέλλων
543 824 699 859 ἅπανταχοῦ
720 819 889 859 ἐπεφήμιζεν
914 823 951 854 ὡς

163 872 206 905 εἴη
228 870 389 906 νενικηκὼς,
413 871 481 907 ὅπερ
507 871 557 897 οὐκ
584 868 629 905 ἦν,
656 870 703 896 καὶ
722 871 789 905 ὅπερ
807 868 864 904 εἶχε
881 869 951 895 κατὰ

163 918 213 952 τὴν
232 916 344 943 Ἐλλάδα
370 917 492 943 ναυτικὸν
521 915 626 950 ταχέως
651 915 776 941 ἐκέλευεν
800 914 952 949 ἀναχθῆναι
968 911 989 938 Β

162 962 201 992 ὡς
215 959 292 992 αὖθις
308 961 364 987 τῶν
383 961 453 987 κατὰ
468 959 603 987 θάλατταν
626 959 803 995 ἀνθεξόμενος
820 959 951 993 πραγμά-

163 1015 229 1032 των.
247 1006 301 1032 Καὶ
315 1006 344 1031 τὸ
359 1006 407 1040 μὲν
431 1006 557 1031 ναυτικὸν
575 1004 763 1039 εὐθυπλοῆσαν
779 1005 883 1039 ταχέως
904 1005 953 1030 ἀν-

163 1052 262 1085 άγεται
278 1053 326 1079 καὶ
341 1052 380 1086 τῷ
391 1051 483 1087 χωρίῳ
494 1050 706 1086 προσορμίζεται
718 1050 772 1076 τῶν
781 1050 906 1085 Βηρίδου,
921 1050 954 1075 ἐκ

164 1096 186 1123 ν’
212 1099 261 1124 καὶ
285 1097 307 1124 τ’
328 1099 523 1132 συνιστάμενον
550 1097 650 1123 πλοίων
674 1096 832 1131 πολεμικῶν
855 1104 884 1122 τε
906 1097 954 1122 καὶ

165 1144 336 1178 σιταγωγῶν·
349 1143 392 1179 [Ρ.
405 1142 467 1179 505]
480 1144 505 1169 οί
522 1143 551 1169 δὲ
565 1142 612 1169 τοῦ
625 1142 764 1178 βασιλικοῦ
780 1142 874 1169 στόλου
885 1151 954 1169 κατ-

164 1190 295 1225 άρχοντες
320 1190 368 1224 τὴν
391 1190 493 1216 τούτων
515 1190 703 1224 ἐπεγνωκότες
725 1189 831 1214 ἐλευσιν
858 1189 954 1219 νυκτὸς

164 1236 334 1268 ἐπιτίθενται
345 1235 505 1271 ναυλοχοῦσι
527 1236 583 1265 τοῖς
596 1234 738 1266 ἐναντίοις,
752 1235 799 1260 καὶ
814 1234 853 1270 τῷ
865 1235 954 1268 αίῳνι-

163 1283 214 1317 δίῳ
229 1282 469 1318 καταπληξάμενοι
494 1281 593 1313 πολλὰς
619 1282 667 1316 μὲν
690 1281 856 1316 αὐτάνδρους
875 1280 954 1315 ἔσχον

166 1329 221 1355 τῶν
241 1329 323 1363 νηῶν,
348 1330 424 1359 τινας
446 1328 474 1354 δὲ
500 1328 600 1363 καὶτῷ
617 1327 760 1361 σκευαστῴ
786 1327 954 1361 πυρπολοῦσι

166 1375 245 1407 πυρὶ,
258 1373 356 1408 ὀλίγων
374 1373 510 1405 παντελῶς
528 1373 580 1406 ἐξω
613 1373 767 1408 γενομένων
792 1372 837 1398 τοῦ
853 1371 955 1402 πάθους

166 1420 216 1446 καὶ
232 1421 300 1454 πρὸς
312 1420 357 1445 τὸν
370 1420 470 1446 κόλπον
488 1420 540 1446 τῶν
566 1419 725 1455 Βλαχερνῶν
742 1419 861 1453 κατᾶραι
877 1419 954 1444 ἐπει-

166 1465 302 1498 γομένων,
323 1464 360 1496 ὠς
385 1465 418 1491 ἂν
436 1463 491 1490 εἷεν
511 1464 651 1500 ήνωμὲναι
665 1465 698 1497 τῇ
722 1462 794 1489 κατὰ
806 1462 857 1496 γῆν
872 1470 955 1495 στρα-

165 1513 223 1548 τιᾷ·
237 1512 252 1537 ὃ
266 1511 299 1546 δὴ
323 1512 371 1538 καὶ
393 1511 497 1545 γέγονε.
523 1511 578 1536 Καὶ
598 1509 633 1535 τὰ
656 1509 704 1543 μὲν
727 1509 797 1535 κατὰ
819 1508 955 1534 θάλασσαν

166 1559 263 1584 τοῦτον
275 1555 332 1592 εἶχε
349 1557 394 1582 τὸν
411 1558 519 1592 τρόπον·
543 1555 613 1582 κατά
637 1556 689 1590 γῆν
703 1555 731 1581 δὲ
749 1553 956 1589 ἀκροϐολισμῶν

168 1604 290 1638 συνεχῶν
307 1603 468 1637 γινομένων,
486 1602 532 1628 νῦν
551 1602 599 1637 μὲν
615 1602 660 1628 τοῦ
672 1600 790 1637 Μιχαὴλ,
803 1600 851 1626 νΞί
866 1600 893 1626 δὲ
909 1599 954 1625 τοῦ
972 1599 989 1609 “

167 1649 228 1675 υἱιιῦ
252 1648 333 1674 αὑτοῦ
367 1647 496 1681 Θεοφίλου
521 1646 672 1679 ἐπεξιόντος
702 1647 758 1677 τοῖς
788 1645 955 1676 ἀποστάταις

168 1696 241 1731 μετὰ
254 1695 300 1721 τοῦ
322 1694 462 1721 Ὄλϐια·ιοῦ
481 1695 527 1721 καὶ
539 1694 586 1720 τοῦ
600 1693 761 1728 Κατακήλα,
776 1693 840 1719 ποτὲ
856 1692 905 1727 μὲν
922 1691 956 1718 τὰ

167 1741 216 1768 τοῦ
242 1741 373 1776 βασιλέως
401 1741 620 1776 ἐπικρατέστερα
642 1737 686 1775 ἦν,
715 1739 781 1766 ποτὲ
806 1739 835 1765 δὲ
852 1738 885 1765 τὰ
908 1738 955 1764 τοῦ

168 1787 337 1818 ἀποστάτου,
356 1786 386 1812 οὐ
412 1786 465 1820 μὴν
481 1785 585 1818 ἀγῶνές
597 1792 668 1815 τινες
683 1784 804 1818 λαμπροὶ
821 1784 867 1809 καὶ
893 1791 955 1809 νεα‹

167 1833 239 1859 νικοὶ
255 1834 287 1858 ἐκ
306 1831 484 1867 παρατάξεως
502 1831 681 1863 συνέστησαν,
696 1829 743 1856 ἅτε
759 1830 791 1864 δὴ
804 1828 892 1863 πολλῷ
907 1827 954 1854 τοῦ

167 1878 306 1914 βασιλέως
322 1876 520 1911 ἐλαττουμένου
541 1875 580 1910 τῷ
595 1875 691 1910 πλήθει
707 1875 754 1900 καὶ
770 1875 807 1910 μὴ
824 1874 891 1909 πρὸς
907 1875 956 1908 τὴν

167 1925 216 1951 τοῦ
231 1924 363 1959 τυράννου
380 1922 494 1958 δύναμιν
514 1921 719 1949 ἀντιτάττεσθαι
731 1921 892 1954 δυναμένου.
912 1920 956 1946 Ἐν

169 1970 274 2001 τούτοις
290 1970 374 1996 ὄντων
393 1968 493 2002 αὐτῶν,
519 1968 672 2003 Μορτάγων
688 1967 702 1993 ὁ
721 1966 775 1993 τῶν
794 1966 957 2001 Βουλγάρων

169 2015 298 2052 βασιλεὺς
314 2015 371 2051 (καὶ
388 2015 442 2050 γὰρ
469 2014 586 2049 ἔφθασεν
612 2014 629 2049 ὴ
646 2013 726 2048 φήμη
748 2012 892 2047 πληρῶσαι
908 2012 957 2047 τὴν

169 2064 334 2098 οἰκουμένην
356 2062 394 2093 ὡς
417 2062 430 2088 ό
450 2060 576 2096 βασιλεὺς
594 2060 648 2086 τῶν
666 2058 809 2094 Ῥωμαίων
831 2058 957 2093 συγκλει-

171 2109 247 2139 σθεὶς
266 2109 397 2143 τειχήρης
418 2106 476 2132 ὲστὶ
501 2106 549 2132 καὶ
577 2104 773 2139 πολιορκεῖται)
797 2104 882 2139 λάθρα
897 2103 957 2130 τινά

170 2152 322 2188 πεπομφὼς
341 2153 378 2182 ὡς
403 2152 484 2179 αὐτὸν
509 2151 702 2183 ἐξαποστεῖλαι
729 2150 855 2186 βοήθειαν
879 2150 959 2176 αὖτο-

172 2200 251 2235 μάτῳ
269 2198 452 2233 ἐπηγγέλλετο
481 2197 582 2234 γνώμῃ
605 2197 652 2222 καὶ
678 2196 847 2236 συμμαχίαν.
876 2195 906 2222 '0
929 2195 957 2221 δὲ

1003 275 1143 310 petiasque
1161 275 1322 302 missurum.
1335 273 1494 309 Imperator,
1508 275 1566 303 sive
1581 275 1654 311 quod
1677 283 1708 304 re
1723 283 1787 303 vera

1003 321 1098 349 civiles
1112 321 1290 349 miseraretur
1301 321 1500 354 multitudines,
1521 321 1579 349 sive
1595 322 1717 356 pecunix
1727 330 1790 358 ραι-ο

1002 375 1066 395 cens
1082 368 1181 403 (neque
1193 368 1266 395 enim
1275 375 1308 394 eo
1324 367 1393 395 alius
1403 367 1552 402 imperator
1563 368 1701 396 sordidior
1717 368 1789 402 fuit).

1004 415 1113 441 laudata
1129 413 1238 448 Bulgari
1249 413 1389 440 voluntate
1402 413 1553 440 subsidium
1569 414 1719 441 recusavit.
1735 414 1789 441 Sed

1003 461 1153 494 Mortagon.
1163 464 1191 486 ut
1199 459 1243 494 qui
1256 458 1444 493 alioqulbellis
1454 459 1606 494 praediaque
1614 467 1660 494 per
1666 467 1697 487 ea
1706 461 1791 494 parts

1003 507 1141 542 gauderet,
1150 510 1176 534 et
1185 504 1518 540 fmdustricennalesss
1526 513 1586 532 cum
1593 504 1685 532 Leone
1694 506 1791 533 Arme-

1003 553 1048 581 nio
1062 557 1169 587 pactum
1187 551 1354 579 confirmare
1362 555 1483 585 cuperet.
1503 550 1680 578 nihilominus
1694 555 1791 579 contra

1003 599 1136 626 Thomam
1160 597 1358 632 expeditionem
1384 596 1523 630 suscepit;
1541 604 1657 630 cumque
1677 597 1703 624 in
1723 597 1792 624 llnes

1003 645 1189 672 Romanorum
1214 642 1393 678 pervenisset,
1419 643 1451 670 ad
1481 643 1569 670 locum
1589 643 1632 670 cui
1655 642 1791 670 Cedoctus

1003 699 1113 723 nomen,
1128 694 1216 718 castra
1225 689 1326 725 posuit.
1342 688 1603 722 lbiThomas,qucm
1614 688 1792 724 Bulgarorum

1003 738 1134 764 adventus
1158 736 1270 764 minime
1285 735 1428 767 fefellerat,
1445 736 1574 770 graviter.
1601 739 1631 761 ut
1648 741 1697 769 par
1714 740 1771 762 erat
1782 754 1790 765 .

1004 784 1098 811 animo
1118 783 1303 818 perturbatus.
1326 786 1355 809 ut
1381 789 1411 809 se
1423 789 1456 808 es
1483 780 1644 808 :estuatione
1670 780 1789 815 collegit.

1004 837 1080 857 arma
1097 837 1163 857 suos
1181 835 1289 856 sumere
1303 827 1391 862 jubet.
1408 826 1529 860 Cumque
1545 826 1647 854 videret
1663 833 1692 854 se
1707 826 1792 853 imbe-

1004 876 1096 903 cillum
1124 875 1254 909 victuque
1281 873 1388 900 facilem
1414 873 1488 906 fore,
1513 872 1649 908 siquidem
1675 871 1701 898 in
1725 871 1793 898 duas

1006 926 1097 956 partes
1124 928 1190 949 suas
1218 919 1313 955 copias
1331 919 1485 946 diduxissct
1514 918 1588 953 (nam
1607 921 1633 945 et
1665 917 1698 944 ad
1723 916 1794 951 Cpti-

1006 968 1044 994 lin
1080 966 1288 1002 oppugnandam
1327 964 1436 992 nonnisi
1479 963 1724 990 numerosissimus
1766 967 1793 988 (ιι

1006 1022 1109 1049 magnae
1126 1013 1238 1041 virtutis
1263 1012 1401 1040 exercitus
1427 1010 1629 1046 requirebatur,
1650 1017 1683 1036 co
1707 1009 1793 1043 magis

1006 1060 1079 1095 quod
1104 1060 1159 1096 jam
1179 1060 1332 1094 imperator
1349 1057 1422 1085 haud
1452 1056 1681 1083 contemnendum
1699 1059 1726 1081 rt
1745 1054 1792 1089 qui

1007 1107 1034 1134 ln
1053 1106 1150 1134 faciem
1168 1106 1240 1139 hosti
1266 1105 1397 1132 resistere
1423 1106 1517 1138 posset
1539 1101 1689 1130 exercitum
1713 1108 1794 1136 para-

1006 1157 1094 1185 verat.
1107 1156 1135 1180 et
1149 1156 1245 1179 contra
1261 1150 1440 1186 Bulgarorum
1458 1148 1553 1184 copias
1567 1147 1676 1174 nonnisi
1695 1153 1794 1181 magno

1007 1201 1151 1235 validoque
1177 1207 1238 1226 cum
1268 1197 1389 1225 exercitu
1415 1194 1531 1230 pugnari
1554 1193 1683 1229 poterat),
1702 1193 1795 1227 potius

1007 1246 1146 1274 existimat
1164 1245 1198 1272 ab
1215 1244 1282 1271 urbe
1306 1243 1333 1270 in
1358 1241 1491 1275 Bulgaros
1511 1240 1622 1272 ducere,
1641 1239 1742 1273 quibus
1763 1245 1794 1265 se

1008 1300 1100 1328 parem
1126 1299 1188 1319 esse
1214 1290 1338 1324 putabat.
1365 1287 1461 1322 Itaque
1486 1285 1558 1321 apud
1582 1285 1730 1313 Cedoctum
1751 1285 1795 1311 in-

1007 1343 1110 1366 structa
1139 1337 1197 1364 acie
1218 1343 1279 1363 cum
1313 1335 1347 1362 iis
1373 1331 1561 1368 congreditur.
1584 1331 1685 1358 Verum
1705 1337 1739 1357 eo
1765 1329 1794 1357 iu

1008 1383 1103 1418 prmlio
1120 1388 1217 1416 magna
1244 1388 1306 1408 cum
1324 1386 1437 1407 suorum
1461 1382 1551 1412 strage
1574 1379 1730 1411 superatur,
1759 1375 1793 1402 iis

1007 1429 1053 1464 qui
1069 1429 1131 1463 fuga
1146 1427 1262 1455 salutem
1273 1428 1435 1461 paraverant
1446 1423 1571 1451 inlocum
1585 1420 1730 1457 quemdam
1746 1427 1795 1446 ac-

1008 1482 1103 1502 cessus
1117 1474 1260 1500 habentem
1273 1471 1397 1499 difficiles
1410 1468 1591 1504 congregatis,
1601 1471 1628 1494 et
1640 1466 1705 1502 qmd
1719 1465 1798 1492 futu-

1009 1527 1068 1546 rum
1083 1522 1156 1546 esset
1173 1516 1388 1552 speculantibus.
1406 1514 1541 1548 Bulgarus
1555 1511 1671 1547 captivis
1688 1514 1716 1537 et
1732 1518 1796 1545 spn-

1009 1565 1051 1592 liis
1061 1563 1236 1598 amplissimis
1248 1562 1373 1589 abductis
1384 1561 1494 1588 dotnum
1506 1558 1586 1591 redit,
1597 1557 1685 1585 elatus
1701 1563 1796 1591 super-

1008 1611 1142 1646 biensque
1153 1609 1279 1636 victoria.
1292 1607 1344 1634 Sed
1357 1606 1464 1638 classis,
1477 1612 1558 1641 quam
1573 1604 1606 1631 ad
1625 1602 1795 1631 obsidionem

1005 1656 1089 1692 887
1119 1656 1266 1690 reliquerat
1289 1653 1428 1686 Thomas,
1447 1659 1559 1679 suorum
1590 1649 1681 1678 audita
1719 1647 1796 1676 clade

1007 1708 1065 1731 tota
1087 1703 1119 1730 ad
1147 1703 1338 1737 imperatorem
1367 1698 1476 1727 defecit.
1494 1698 1527 1724 At
1541 1697 1673 1724 Thomam
1694 1695 1797 1722 dzemo-

1007 1757 1068 1782 nes,
1090 1752 1168 1782 puto,
1182 1755 1252 1782 quos
1269 1747 1330 1774 belli
1355 1745 1436 1772 istius
1454 1744 1544 1771 socios
1563 1742 1694 1773 habebat,
1711 1745 1737 1768 et
1753 1747 1798 1767 re-

1007 1795 1052 1830 gni
1073 1794 1144 1829 quod
1171 1793 1260 1820 adhuc
1278 1792 1435 1819 somniabat
1458 1788 1584 1824 potiundi
1610 1787 1745 1821 cupiditas
1762 1794 1796 1813 eo

1007 1838 1142 1866 vecordia:
1163 1839 1334 1872 adegerunt,
1359 1841 1389 1864 ιιι
1416 1835 1536 1870 undique
1562 1833 1683 1864 attritus,
1707 1831 1796 1866 deque

1009 1884 1187 1919 amplissimis
1209 1884 1290 1911 rebus
1312 1883 1339 1909 in
1356 1881 1497 1916 angustias
1519 1879 1689 1914 compulsus.
1705 1882 1795 1904 tamen

1008 1929 1042 1956 ab
1063 1927 1206 1955 obsidione
1230 1935 1284 1954 non
1309 1927 1468 1954 desisteret.
1494 1923 1616 1952 Tandem
1642 1922 1744 1950 frustra
1767 1929 1797 1949 se

1011 1975 1135 2003 laborare
1159 1974 1291 2004 sentiens,
1308 1973 1334 2000 in
1354 1979 1479 2007 campum
1494 1970 1639 2005 quemdam
1664 1969 1707 1996 cui
1735 1969 1797 1994 Dia-

1008 2022 1083 2049 basis
1106 2028 1215 2053 nomen,
1232 2027 1329 2047 omnes
1351 2025 1417 2047 suas
1433 2018 1527 2053 copias
1551 2016 1677 2046 traducit.
1692 2015 1797 2049 aliquot

1009 2068 1104 2095 multis
1121 2067 1155 2093 ab
1169 2067 1237 2094 urbe
1256 2066 1353 2094 stadiis
1369 2065 1509 2096 dissitum,
1526 2063 1572 2091 sed
1586 2061 1796 2090 excursionibus

1009 2117 1102 2147 aptum
1118 2115 1144 2138 et
1157 2111 1192 2138 ob
1204 2118 1336 2146 aquarum
1357 2109 1523 2137 afﬂuentiam
1543 2107 1680 2138 idoneum.
1702 2107 1797 2140 ibique

1010 2162 1101 2184 castra
1119 2157 1210 2189 locat;
1230 2164 1311 2191 a'que
1327 2155 1390 2182 inde
1407 2155 1487 2182 factis
1508 2153 1718 2181 excursionibus
1736 2159 1798 2179 om-

1009 2211 1070 2231 nem
1094 2202 1286 2230 suburbior‘um
1311 2201 1475 2236 elegantiam
1500 2199 1663 2233 corrumpit,
1681 2205 1747 2229 non,
1767 2202 1796 2224 ut

170 2245 293 2280 Μιχαὴλ,
310 2245 365 2271 εἴτε
380 2245 412 2279 τῇ
433 2244 548 2280 ἀληθείᾳ
578 2243 608 2270 τὸ
625 2243 680 2269 τῶν
695 2243 840 2278 ὁμοφύλων
860 2241 955 2268 οἰκτεί-

1011 2254 1084 2281 antc,
1096 2248 1123 2275 in
1137 2252 1316 2282 conspectum
1331 2255 1424 2274 eorum
1445 2247 1491 2281 qui
1508 2246 1535 2272 in
1551 2245 1618 2272 urbe
1635 2248 1715 2271 erant
1729 2250 1796 2270 suos

172 2301 228 2327 ρων
240 2291 341 2326 πλῆθος
352 2290 407 2317 εἴτε
421 2292 468 2317 καὶ
483 2290 633 2325 χρημάτων
649 2289 805 2324 φειδόμενος
817 2288 958 2324 (ἐτύγχανε

171 2339 226 2372 γὰρ
242 2337 295 2362 τῶν
320 2336 430 2362 πώποτε
455 2335 588 2370 βασιλέων
614 2334 892 2370 σμικρολογώτατος),
911 2333 959 2368 τὴν

174 2383 223 2417 μὲν
240 2381 351 2418 γνώμην
366 2381 413 2408 τοῦ
430 2381 587 2417 Βουλγάρου
603 2381 679 2415 ὴξίου
700 2380 846 2414 ἀποδοχῆς,
868 2380 916 2414 τὴν
931 2379 959 2405 δὲ

172 2428 299 2464 βοήθειαν
330 2429 487 2463 παρῃτεῖτο.
518 2428 588 2453 Ἀλλ’
605 2428 619 2453 ὅ
637 2435 668 2462 γε
684 2427 839 2462 Μορτάγων
855 2426 958 2461 χαίρων

173 2476 224 2510 μὲν
249 2475 296 2500 καὶ
321 2474 408 2504 illo);
440 2473 570 2508 πολέμοις
586 2474 697 2504 καὶτὰς
722 2474 755 2500 ἐκ
769 2472 870 2499 τούτων
884 2472 959 2503 λείας

174 2520 347 2555 καρποῦσθαι
365 2520 468 2555 φιλῶν,
489 2521 536 2547 καὶ
562 2520 611 2552 τὰς
636 2520 704 2555 πρὸς
723 2520 768 2547 τὸν
798 2519 908 2555 βασιλέα
932 2519 959 2545 δὲ

171 2567 393 2602 τριακοντούτεις
408 2567 523 2598 σπονδὰς
534 2567 610 2602 παρὰ
620 2567 667 2594 τοῦ
682 2566 959 2602 προϐεϐασιλευκότος

173 2615 286 2645 Λέοντος
303 2613 490 2649 γεγενημένας
509 2613 707 2640 ὲπιϐεδαιῶσαι
720 2613 767 2639 καὶ
781 2612 958 2647 ἰσχυροτέρας

174 2661 287 2694 ποιῆσαι
303 2660 404 2695 ζητῶν,
428 2661 477 2696 τὴν
506 2661 577 2687 κατά
599 2659 646 2686 τοῦ
672 2659 803 2694 τυράννου
829 2657 958 2692 στρατιὰν

172 2706 335 2742 ηὑτρέπισε,
359 2709 406 2733 καὶ
426 2707 459 2742 δὴ
476 2707 529 2734 τῶν
550 2706 692 2741 Ῥωμαίων
707 2706 776 2740 ὅρων
793 2704 901 2731 ἔντοσθε
917 2713 960 2738 γε·

172 2754 257 2788 γονὼ,
276 2753 346 2780 κατά
361 2755 405 2781 τὸν
422 2754 578 2787 Κηδοὺχτου
601 2753 688 2788 χῶρον
707 2751 778 2779 οὕτω
792 2751 959 2786 καλούμενον

172 2801 221 2835 τὴν
237 2799 413 2835 παρεμϐολὴν
443 2801 572 2834 ἐπήξατο.
592 2799 720 2825 Ἢκούετο
737 2798 781 2829 δὲ,
799 2797 846 2824 καὶ
869 2797 959 2822 λαθεῖν

171 2846 258 2873 ταῦτα
283 2846 328 2871 τὸν
355 2845 509 2880 ἀποστάτην
530 2845 580 2871 οὐκ
594 2842 638 2880 ἦν.
655 2844 708 2870 Καὶ
723 2843 834 2878 ὲΕονήθη
850 2843 909 2877 μὲν,
922 2841 959 2873 ὼς

171 2893 256 2927 εἱκὺς,
282 2894 329 2920 καὶ
347 2892 396 2923 τὰς
421 2893 522 2926 φρένας
545 2889 756 2927 κατεκτυπήοη,
774 2892 801 2916 ἐν
826 2888 913 2923 ἑαυτῷ
935 2888 958 2914 δ’

331 2939 468 2969 ΡΑτιιοῐι.
491 2939 548 2968 GR.
570 2937 678 2969 CXXI.
701 2977 706 2981 .

1011 2295 1141 2322 educens.
1159 2294 1217 2321 lloc
1241 2295 1287 2321 ubi
1314 2294 1449 2321 intellexit
1471 2293 1631 2327 imperator.
1656 2289 1795 2324 egregium

1004 2341 1160 2369 exercitum
1174 2343 1326 2375 comparat.
1338 2340 1417 2375 eique
1437 2337 1589 2366 Catacelam
1607 2341 1633 2364 ct
1649 2335 1794 2363 Oihianum

1010 2387 1095 2414 duces
1117 2386 1266 2421 praeponit;
1289 2385 1400 2420 ipseque
1421 2384 1531 2412 scholas
1548 2390 1609 2418 quae
1635 2381 1741 2416 vigilias
1767 2380 1794 2405 in

1011 2432 1109 2468 palatio
1137 2431 1250 2463 obeunt,
1282 2431 1495 2464 sodalitatcsque
1523 2434 1676 2459 assumens,
1701 2430 1795 2452 contra

1010 2478 1142 2505 Thomam
1172 2477 1258 2510 ducit,
1286 2484 1344 2503 rem
1368 2475 1474 2503 collatis
1509 2475 1596 2509 signis
1624 2473 1794 2500 decreturus.

1011 2524 1128 2551 Fortiter
1141 2531 1203 2551 eum
1217 2523 1338 2550 Thomas
1357 2521 1500 2549 sustinuit.
1515 2521 1649 2554 Cumque,
1669 2524 1699 2545 ut
1714 2524 1797 2552 appa-

1010 2575 1061 2601 ret,
1076 2575 1134 2596 arte
1150 2570 1259 2597 vincere
1279 2569 1371 2596 hostes
1387 2567 1521 2599 studeret,
1539 2566 1627 2601 primo
1643 2570 1794 2598 congressu

1011 2621 1085 2650 terga
1108 2624 1174 2643 suos
1190 2616 1266 2648 dare,
1285 2621 1439 2647 rursusque
1457 2612 1682 2648 persequentibus
1707 2609 1794 2636 hosti-

1011 2663 1061 2689 hus
1085 2670 1146 2690 scse
1169 2662 1299 2689 adversos
1321 2661 1441 2695 objieere
1467 2659 1659 2693 inopinataque
1681 2663 1796 2683 conver-

1010 2709 1088 2735 sione
1107 2709 1133 2735 in
1159 2709 1250 2743 fugam
1276 2707 1412 2741 conjicere
1435 2706 1522 2741 jubet.
1548 2705 1603 2737 lloc
1624 2703 1732 2738 quidem
1751 2701 1795 2727 ille

1011 2753 1204 2788 praecipiebat:
1225 2753 1273 2780 sed
1295 2760 1347 2779 non
1372 2757 1428 2779 erat
1445 2752 1565 2778 futurum
1582 2750 1646 2776 ulei
1666 2748 1717 2774 hoc
1728 2754 1794 2772 con-

1010 2800 1099 2827 siliutn
1128 2799 1298 2826 succederet.
1317 2798 1417 2825 Milites
1448 2798 1519 2825 enim
1538 2796 1609 2831 ejus,
1635 2795 1679 2829 ψη
1707 2792 1795 2826 itISiIIS

1009 2846 1093 2880 888
1106 2852 1187 2872 causa
1201 2845 1246 2872 diu
1258 2846 1313 2879 jam
1328 2845 1458 2871 uxoribus
1471 2844 1617 2877 liberisque
1629 2842 1685 2868 suis
1696 2845 1794 2866 carue-

1011 2895 1083 2926 raut,
1108 2899 1260 2928 manusque
1273 2892 1415 2928 gentilium
1440 2891 1573 2926 sanguine
1591 2887 1794 2916 comaminave-

1561 2937 1592 2968 31
