2019 3150
160 169 222 202 1001

699 169 970 200 HISTORIARUM
986 169 1249 202 COMPENDIUM.

1715 171 1781 204 1002

197 229 271 256 Ἐπεὶ
288 228 373 255 δὲκαὶ
388 228 436 260 τὰς
452 230 515 264 περὶ
542 229 589 263 τὴν
608 228 728 263 κεφαλὴν
739 229 834 264 τρίχας
854 228 942 263 ὀλίγας

1034 231 1102 264 Quia
1120 240 1183 259 vero
1202 239 1216 259 a
1232 236 1327 259 natura
1342 240 1444 267 paucos
1459 233 1557 268 sapitis
1570 232 1683 268 capillos
1698 232 1781 260 hahe-

155 277 187 303 ιιι
215 275 324 310 φύσεως
350 272 433 310 εἶχεν,
450 276 592 310 evagata;
613 285 654 307 τις
671 275 719 306 ὢν,
737 275 878 311 θέσπισμα
901 276 944 308 ἐξ-

160 322 237 349 έθετο
262 320 403 356 πανταχοῦ
421 321 450 347 ὲν
465 320 523 356 χρῷ
546 321 595 352 τὰς
610 321 705 357 τρίχας
720 321 880 356 ἀποκείρειν
898 322 945 348 καὶ

157 368 193 403 μή
222 375 282 393 τινα
311 366 447 400 Ῥωμαῖον
478 367 542 392 ὅντα
575 367 729 402 περαιτέρῳ
758 366 859 398 ταύτας
892 366 940 393 τοῦ

155 413 289 449 τραχήλου
321 412 452 447 φέρεσθαι
478 414 644 448 συγχωρεῖν,
670 412 714 439 τδν
742 412 769 438 δὲ
798 413 827 439 τὸ
855 412 943 446 δόγμα

155 459 318 495 παρορῶν-τα
347 458 459 490 πολλαῖς
481 459 636 491 αίκίζεσθαι
663 459 786 494 μάστιξι,
814 459 863 494 τὴν
890 459 943 486 τῶν

155 507 295 542 προγόνων
327 505 469 541 Ῥωμαίων
505 505 604 541 ἀρετὴν
622 506 788 540 ιἐπανάγειν
813 506 942 542 βρενθυό-

158 561 237 586 μενος
242 573 248 579 .

190 599 275 625 Πέντε
286 598 314 625 δὲ
327 598 485 634 θυγατέρων
512 599 644 634 ὑπάρχων
672 599 773 634 πατὴρ,
791 599 828 631 ὡς
840 600 943 634 προλα-

155 644 233 670 6ὼνὸ
254 644 331 678 λόγος
351 645 488 679 άπέςςηνε,
509 646 556 670 καὶ
585 644 700 680 ἄρρενος
727 644 829 680 ἕρημος
851 645 942 679 γονῆς,

159 690 208 725 τὴν
223 689 318 716 πασῶν
331 690 449 724 ἐσχάτην
468 690 578 724 Μαρίαν
592 689 815 724 ὑπερὸαλλόντως
829 690 943 723 ἀγαπω-

163 737 248 771 μένην
264 735 339 770 αὑτῴ
355 735 409 761 δεῖν
422 734 498 770 ᾠήθη
516 734 647 768 συζεῦξαι
673 735 760 769 ἀνδρί.
782 735 813 760 '0
828 735 944 769 νυμφίος

154 785 182 811 δὲ
193 782 227 818 ἢν
240 783 288 818 τῆς
299 783 352 809 τῶν
364 783 508 819 Κρηνιτῶν
523 783 579 817 (97)
593 784 701 817 γενεάς,
712 782 803 818 χώρας
813 783 867 810 τῶν
880 783 944 818 ’Λρ-

156 832 268 866 μενίων,
290 831 408 863 Ἀλέξιος
423 831 553 866 τοῦνομα,
565 831 682 866 Μωσηλὲ
700 833 749 866 τὴν
771 831 941 865 ἐπωνυμίαν,

153 878 192 912 τῷ
206 878 273 905 εῖδει
298 877 409 912 ὡραῖος,
424 877 556 912 ἀκμάζων
569 878 620 912 τὴν
633 877 752 912 ἡλικίαν.
768 877 868 912 Πρῶτα
893 877 943 912 μὲν

998 276 1055 307 bat,
1073 280 1100 303 et
1113 282 1172 304 erat
1194 278 1370 311 recalvaster,
1401 278 1464 305 ideo
1486 278 1577 306 edicto
1601 277 1675 305 edito
1699 277 1782 312 jussit

996 322 1088 350 crines
1099 323 1132 349 ab
1148 324 1274 351 omnibus
1295 325 1401 353 tonderi
1426 333 1515 360 neque
1536 325 1570 353 ab
1585 325 1640 352 ullo
1657 325 1781 352 Romano

997 368 1068 395 ultra
1083 369 1183 396 collum
1199 370 1334 398 demissos
1352 372 1452 406 gestari
1467 381 1474 405 ;
1501 372 1648 407 sanxitque
1661 373 1780 400 edictum

996 414 1071 450 gravi
1089 414 1238 450 ﬂagrorum
1262 416 1407 451 supplicio,
1422 418 1578 453 priscorum
1593 417 1780 445 Romanorum

996 461 1124 489 virtutem
1145 469 1273 490 revocare
1292 463 1417 492 studens.

1030 595 1154 630 Cumque
1167 596 1291 628 haberet,
1311 602 1340 624 ut
1355 604 1437 631 supra
1455 597 1680 628 memoravimus,
1696 596 1781 630 quin-

995 649 1048 676 que
1064 641 1142 674 ﬁlias,
1175 646 1202 669 et
1224 642 1345 669 mascula
1371 642 1446 677 prole
1461 647 1577 674 careret,
1597 651 1629 670 ex
1646 642 1681 670 iis
1697 643 1782 670 milti-

995 695 1066 714 mam
1087 692 1152 715 natu
1164 694 1191 715 et
1209 688 1360 723 impensius
1375 688 1426 716 sihi
1441 689 1553 722 reliquis
1573 689 1710 721 dilectam.
1731 697 1781 717 no-

995 735 1068 762 mine
1086 733 1200 761 Mariam
1213 754 1219 766 ,
1235 735 1331 761 statuit
1347 734 1408 762 viro
1429 739 1544 768 nuptum
1560 735 1679 762 tradere.
1698 734 1781 761 Mari-

995 785 1051 808 tum
1066 781 1088 807 ei
1104 779 1203 815 delegit
1217 780 1343 807 Alexium
1359 784 1543 816 cognomento
1570 779 1708 812 Moseleut.
1731 779 1781 807 Ar-

995 827 1115 854 menium
1129 831 1222 861 gente,
1236 834 1268 853 ex
1285 825 1459 853 Crcnitarum
1475 827 1597 859 natione,
1624 826 1711 854 forma
1725 827 1782 854 ele-

994 877 1101 907 gantem
1115 880 1146 899 ac
1171 872 1312 899 ﬂorentth
1329 877 1419 899 aetate.
1439 872 1508 900 Huic
1525 873 1632 907 patricii
1649 873 1781 907 primum,

154 925 187 959 τῇ
198 924 252 950 τῶν
265 923 418 958 πατρικίων
430 923 477 949 καὶ
490 923 652 950 ἀνθυπάτων
670 923 790 958 τιμήσας
802 923 875 958 ἀξίᾳ,
885 921 942 949 εἶτα

995 919 1094 946 deinde
1110 918 1286 953 proconsulis
1308 918 1441 945 honorem
1457 919 1584 951 contulit,
1602 917 1702 946 deinde
1722 925 1781 945 ma-

154 970 202 996 καὶ
223 969 376 1004 μάγιστρον
390 969 437 995 καὶ
455 968 570 1004 ὕστερον
585 969 723 1004 Καίσαρα,
751 968 944 1004 στρατεύματά

152 1023 182 1041 τε
197 1014 260 1046 δοὺς
272 1013 346 1046 αὺτῷ
359 1015 440 1041 ἱκανά
452 1014 520 1049 πρὸς
530 1015 580 1048 τὴν
593 1014 793 1049 Λογγιῦαρδίαν
805 1013 943 1049 ἐξέπεμψε

152 1061 248 1096 χρείας
273 1060 491 1094 κατεπειγούσης
511 1061 594 1092 τινός.
612 1061 666 1087 Καὶ
692 1062 705 1087 ὁ
727 1061 776 1096 μὲν
793 1061 877 1096 ἀπῄει
894 1069 945 1088 κα-

151 1107 208 1138 λῶς
222 1108 257 1134 τὰ
273 1106 334 1134 κατ’
363 1107 449 1143 αὐτὴν
468 1105 598 1139 ἐξανύων,
620 1107 666 1134 καὶ
685 1107 722 1138 ὡς
735 1107 822 1133 ἐδόκει
843 1106 881 1141 τῷ
897 1106 942 1141 βα-

152 1152 233 1179 σιλεῖ.
248 1151 290 1188 [Ρ.
307 1151 370 1188 525]
388 1152 434 1178 Διὸ
448 1152 495 1179 καὶ
507 1152 617 1187 ἦκμαζε
630 1152 679 1186 μὲν
692 1153 705 1178 6
721 1152 789 1186 πρὸς
803 1152 885 1179 αὑτὸν
897 1153 944 1179 πό-

152 1199 209 1229 θος.
236 1198 398 1234 συνήκμαζε
414 1199 441 1224 δὲ
458 1198 503 1225 καὶ
520 1199 534 1225 ὁ
546 1198 576 1230 ἐξ
601 1198 753 1234 ἀνθρώπων
772 1198 880 1232 φθόνος,
891 1199 941 1225 καὶ

150 1245 291 1271 διέϐαλλον
308 1244 389 1271 αὐτὸν
400 1244 437 1276 ὼς
448 1245 496 1278 τῆς
510 1244 648 1278 βασιλείας
668 1243 865 1278 ἐπιθυμοῦντα,
874 1253 942 1278 προ-

150 1290 290 1322 στιθέντες
308 1290 344 1321 ὡς
356 1290 456 1326 δήποτε
473 1289 503 1315 τὸ
517 1298 536 1318 a
552 1290 599 1316 τοῦ
612 1292 628 1317 θ
643 1290 699 1325 (98)
715 1289 941 1326 κατακυριεῦσαι.

150 1336 243 1371 ⁰Δπερ
261 1336 293 1370 δὴ
314 1336 514 1371 πυνθανόμενος
533 1337 546 1362 ὁ
561 1336 680 1371 Καῖσαρ,
700 1337 748 1362 καὶ
773 1336 819 1362 τοῦ
846 1335 942 1370 φθόνου

151 1381 250 1416 ὥσπερ
262 1381 450 1417 ἀκροώμενος,
463 1380 548 1408 πολλὰ
564 1381 611 1407 τοῦ
624 1381 757 1415 βασιλέως
771 1381 862 1408 ἐδέετο
878 1389 944 1414 συγ-

149 1427 311 1463 χωρηθῆναι
335 1428 416 1454 αὐτὸν
441 1427 509 1462 πρὸς
528 1427 572 1453 τὸν
605 1427 712 1462 μονήρη
740 1427 944 1462 μετατάξασθαι

150 1473 222 1510 βίον.
246 1473 328 1500 Ἀλλὰ
343 1473 422 1500 τοῦτο
436 1473 486 1508 μὲν
496 1473 510 1499 ὁ
531 1471 658 1506 βασιλεὺς
671 1473 722 1499 οὐκ
736 1472 882 1508 ἐπέτρεψε,
893 1473 944 1508 τὴν

149 1518 268 1554 χηριίαν
284 1518 334 1552 τῆς
360 1517 497 1553 θυγατρὸς
515 1517 725 1552 εὐλαϐούμενος,
739 1518 786 1545 καὶ
802 1519 816 1545 ὁ
834 1519 942 1554 Καῖσαρ

149 1564 249 1599 ιμενεν
264 1564 308 1598 ἐφ’
321 1565 438 1598 ἡσυχίας
458 1565 514 1595 τοῖς
537 1562 678 1598 δημοσίοις
699 1563 939 1598 ἐνασχολοὺμενος.

155 1609 202 1641 Ὠς
218 1609 240 1636 δ’
257 1609 396 1643 ἀπετέχθη
408 1608 447 1644 τῷ
458 1608 565 1644 βασιλεῖ
578 1609 591 1634 ὀ
603 1608 713 1644 Μιχαὴλ
727 1609 798 1644 καὶὴ
815 1609 861 1636 τοῦ
878 1609 941 1636 Καί-

150 1663 237 1691 σαρος
256 1655 364 1690 γαμετὴ
378 1655 474 1689 Μαρία
498 1654 544 1680 τδν
560 1653 618 1689 βίον
649 1654 812 1688 μετήλλαξε,
839 1653 941 1689 ταύτην

151 1701 204 1737 μιν
216 1701 303 1732 οὕτως
313 1701 444 1736 ἐτίμησεν
459 1700 496 1731 ὡς
510 1700 556 1727 τὸν
568 1700 665 1735 νεκρὸν
681 1700 767 1734 αὐτῆς
784 1701 813 1726 ἐν
824 1699 941 1734 λάρνακι

150 1748 240 1774 Θετναι
257 1745 520 1782 περιηργυρωμένῃ,
536 1748 583 1773 καὶ
595 1746 707 1772 ἀσυλίαν
716 1745 804 1772 δοῦναι
818 1746 856 1780 τῷ
865 1746 942 1780 τάφῳ

149 1794 208 1823 τοῖς
223 1793 265 1826 ἐφ’
281 1792 348 1822 οἵοις
357 1792 458 1826 δήποτε
469 1791 641 1825 ἐγκλήμασιν
651 1790 763 1817 ἁλοῦσιν
774 1791 940 1825 ἀνθρώποις.

151 1838 203 1865 Τδν
219 1838 248 1864 δὲ
267 1837 385 1869 Ἀλέξιον
399 1836 487 1870 λάθρα
506 1836 729 1871 μεταταξάμενον
749 1836 795 1862 καὶ
806 1837 836 1862 τὸ
855 1845 936 1871 μονα-

151 1883 230 1918 χικδν
245 1880 452 1915 ἁμφιεσάμενον
465 1880 569 1915 σχῆμα,
586 1880 647 1906 ἐπεὶ
678 1879 717 1914 μὴ
746 1879 839 1906 ἔπειθε
862 1879 942 1906 τοῦτο

152 1925 314 1958 ἁποδαλείν,
339 1925 416 1959 μόλις
442 1925 532 1955 ἐᾶσαι,
551 1923 677 1956 δεδωκὼς
701 1925 774 1959 αὐτῷ
790 1925 830 1956 εἰς
844 1924 944 1950 ἐνδιαί-

150 1978 229 2007 τημα
244 1970 273 1996 τό
287 1978 315 1996 τε
333 1970 405 1996 κατὰ
424 1969 614 2003 Χρυσοὺπολιν
637 1969 775 2004 βασιλικὸν
804 1971 941 2006 μοναστή-

153 2025 222 2052 ριον,
243 2016 284 2042 ἔτι
299 2017 326 2043 δὲ
341 2017 388 2042 καὶ
403 2015 432 2042 τὸ
457 2015 504 2042 τοῦ
524 2015 652 2051 Βρύσεως
674 2016 767 2043 καὶτὸ
795 2016 866 2043 κατὰ
893 2016 942 2052 τὴν

159 2063 281 2090 Ἐλαίαν.
300 2063 420 2093 Ἐκεῖνος
434 2063 462 2088 δὲ
483 2063 523 2098 τῷ
535 2062 604 2089 κατὰ
620 2062 669 2098 τὴν
684 2062 873 2097 Χρυσούπολιν
884 2062 941 2090 ὄντι

152 2108 369 2144 ἒνδιαιτώμενος,
386 2109 445 2135 ὲπεί
459 2117 523 2135 ποτε
539 2109 692 2144 περιπάτου
703 2108 799 2144 ἐδεήθη
815 2109 942 2136 καὶκατὰ

151 2155 198 2182 τὸν
215 2154 356 2189 ’Δνθεμίου
371 2154 518 2189 λεγόμενον
534 2154 617 2180 τόπον
630 2155 749 2188 ἐγένετο,
771 2153 858 2180 εἵλετο
881 2154 943 2180 τοῦ-

153 2208 199 2226 τον
213 2199 256 2226 διὰ
274 2199 416 2234 βασιλικῆς
441 2199 618 2235 προστάξεως
644 2199 832 2234 ἐξωνήσασθαι
845 2208 851 2215 ·
874 2201 902 2226 ὲν
920 2197 942 2233 ᾦ

995 964 1109 998 sistrum
1124 972 1157 991 ac
1172 965 1282 991 laudent
1302 964 1438 991 Caesarem
1452 964 1524 997 fecit,
1545 965 1723 1000 exercituque
1735 972 1783 992 co-

995 1010 1073 1045 pioso
1091 1010 1255 1037 instructum
1275 1010 1302 1036 in
1315 1009 1536 1045 Longobardiam
1548 1010 1633 1043 misit,
1648 1010 1732 1037 rebus
1744 1009 1782 1036 ita

994 1056 1182 1090 poscentibus.
1209 1055 1247 1083 Eo
1273 1056 1413 1090 profectus
1430 1055 1543 1082 Alexius
1571 1063 1627 1082 rem
1651 1055 1783 1090 praeclare

995 1102 1077 1136 gessit
1104 1107 1129 1129 et
1151 1109 1183 1129 ex
1211 1102 1347 1129 sententia
1368 1103 1468 1129 soceri.
1485 1101 1547 1135 Quo
1568 1101 1669 1129 factum
1689 1105 1732 1129 est
1751 1105 1782 1128 ut

994 1153 1135 1176 crescente
1149 1148 1210 1183 ejus
1225 1148 1363 1176 desiderio
1378 1148 1459 1175 simul
1485 1148 1587 1176 invidia
1603 1155 1713 1183 quoque
1732 1155 1782 1174 au-

994 1199 1135 1229 gesceret;
1155 1194 1427 1229 criminabanturque
1441 1202 1502 1221 eum
1516 1193 1640 1221 nonnulli
1654 1199 1682 1220 ut
1697 1193 1782 1228 impe-

995 1241 1028 1267 rii
1055 1240 1196 1274 cupidum.
1215 1239 1426 1275 Addebantque,
1453 1239 1537 1274 919
1566 1239 1625 1267 fore
1654 1243 1683 1266 ut
1707 1247 1725 1266 Α
1754 1239 1781 1266 lu

996 1293 1029 1313 τιι
1063 1285 1207 1320 imperium
1238 1285 1386 1320 aliquando
1421 1289 1580 1319 occuparet.
1613 1284 1705 1313 Caesar
1735 1285 1780 1312 ubi

993 1337 1024 1356 (ια
1045 1330 1078 1356 ad
1096 1330 1184 1365 ipsum
1201 1335 1266 1358 sunt
1281 1330 1374 1362 allata,
1393 1337 1530 1365 vocesque
1551 1331 1714 1357 aemulorum
1727 1337 1780 1357 au-

993 1377 1071 1409 divit,
1095 1377 1188 1404 multis
1202 1377 1238 1404 ab
1253 1377 1419 1411 imperatore
1433 1376 1577 1404 contendit
1606 1377 1732 1412 precibus
1753 1380 1784 1405 ut

994 1423 1046 1450 sibi
1060 1423 1229 1458 permitteret
1242 1423 1276 1450 ad
1289 1423 1370 1450 vitam
1386 1423 1567 1450 monasticam
1583 1423 1714 1451 transire.
1727 1423 1781 1450 Sed

994 1468 1164 1505 Theophilus
1178 1469 1371 1503 ﬁliamjmarito
1387 1469 1499 1497 viduare
1511 1476 1565 1496 non
1581 1470 1734 1502 sustinens,
1752 1470 1779 1497 id

993 1515 1148 1550 denegavit.
1162 1514 1281 1543 Proinde
1306 1515 1420 1543 Alexius
1443 1523 1524 1543 suum
1551 1519 1652 1543 statum
1680 1516 1779 1547 tenuit,

994 1566 1125 1597 tutusque
1138 1567 1165 1590 et
1191 1570 1306 1590 securus
1328 1562 1526 1597 rempublicam
1544 1563 1641 1598 gessit.
1658 1563 1691 1591 At
1707 1568 1782 1598 post--

992 1615 1075 1642 quam
1088 1608 1247 1642 imperatori
1268 1607 1502 1636 liliusMiebaelus
1515 1613 1597 1636 natus
1613 1613 1666 1641 cst,
1681 1614 1707 1636 et
1719 1609 1781 1635 Cm-

993 1653 1063 1681 saris
1079 1661 1147 1680 uxor
1159 1653 1232 1681 diem
1250 1661 1331 1682 suum
1343 1654 1424 1685 obiit,
1438 1653 1611 1688 Theophilus
1624 1658 1729 1681 tantum
1749 1653 1783 1680 ﬁ-

993 1699 1038 1726 lia:
1052 1699 1189 1727 defuncta
1214 1700 1328 1727 honoris
1344 1699 1454 1732 detulit,
1475 1703 1506 1726 ut
1530 1699 1648 1726 cadaver
1667 1699 1694 1725 in
1715 1706 1780 1726 arca

994 1749 1108 1780 argento
1125 1745 1241 1772 obducta
1257 1745 1414 1780 reposuerit
1425 1750 1452 1772 et
1464 1745 1657 1780 cujuscunque
1684 1744 1781 1779 ﬂagitii

993 1791 1047 1818 rcis
1075 1791 1230 1825 sepulcrum
1258 1791 1318 1825 ejus
1335 1791 1439 1826 asylum
1455 1791 1639 1818 constituerit.
1656 1789 1781 1818 Alexium

993 1843 1057 1864 vero
1066 1837 1135 1863 clam
1148 1837 1229 1862 vitam
1241 1836 1419 1870 habitumque
1429 1836 1612 1864 monasticqu
1625 1836 1779 1870 amplexum

993 1889 1056 1908 cum
1072 1882 1107 1909 ab
1121 1882 1249 1909 instituto
1271 1882 1413 1910 suadendo
1440 1890 1494 1909 non
1522 1881 1681 1914 deduceret,
1707 1889 1782 1917 aegre

993 1928 1106 1953 missum
1130 1927 1193 1954 fecit
1206 1947 1213 1958 ,
1233 1927 1314 1961 eique
1328 1927 1401 1954 dono
1415 1927 1491 1954 dedit
1506 1927 1610 1961 regium
1628 1926 1701 1962 quod
1720 1930 1781 1954 erat

993 1972 1155 2007 Chrysopoli
1172 1973 1368 1999 monasterium
1381 1992 1388 2005 ,
1407 1972 1500 2008 Brysei
1522 1980 1642 2008 quoque,
1663 1976 1689 1999 et
1707 1972 1780 2007 quod

993 2023 1052 2045 erat
1068 2018 1101 2045 ad
1116 2018 1226 2050 Ehe-ant,
1240 2019 1268 2045 in
1284 2018 1384 2053 quibus
1400 2018 1484 2046 vitam
1498 2019 1618 2054 degeret.
1629 2018 1741 2046 Alexius
1754 2019 1780 2046 in

993 2063 1224 2099 Chrysopolitano
1241 2064 1317 2091 vixit.
1342 2063 1467 2099 Cumque
1483 2065 1632 2100 aliquando
1649 2064 1782 2092 deambu-

994 2109 1067 2136 laudi
1086 2109 1174 2145 gratia
1190 2109 1223 2136 ad
1251 2110 1340 2137 locum
1360 2110 1479 2138 venisset
1494 2110 1540 2145 qui
1554 2110 1694 2138 Anthemii
1711 2110 1781 2138 dici-

995 2160 1050 2185 tur.
1082 2155 1256 2190 imperatoris
1285 2155 1413 2183 mandato
1439 2156 1587 2191 impetrato
1613 2163 1675 2183 eum
1701 2155 1780 2188 emit,

993 2205 1244 2237 sumptuosumque
1262 2201 1299 2229 ibi
1312 2202 1436 2230 condidit
1452 2202 1666 2234 monasterium;
1682 2201 1708 2228 in
1723 2209 1780 2236 quo

154 2245 202 2272 καὶ
221 2247 412 2281 ,μοναστηριον
428 2245 640 2276 κατασκευάσας
655 2244 810 2277 πολυτελὲς,
822 2244 868 2270 τὸν
885 2244 942 2279 βίον

995 2251 1058 2282 post
1071 2252 1186 2275 mortem
1210 2248 1333 2283 sepultus
1352 2253 1406 2282 est,
1423 2253 1450 2276 et
1464 2256 1526 2275 cum
1540 2248 1601 2283 ipso
1622 2247 1706 2278 frater
1719 2247 1781 2282 ejus

154 2291 328 2326 ἔκλιμπάνων
348 2291 426 2326 ἐτέθη
447 2292 548 2324 ἐκεῖσε,
577 2291 627 2318 σὺν
645 2290 720 2326 αὐτῷ
747 2290 776 2316 δὲ
796 2290 843 2316 καὶ
858 2290 944 2317 61mi-

153 2345 199 2363 του
215 2336 329 2371 ἀδελφὸς
342 2336 482 2368 Θεοδόσιος
497 2337 526 2367 ὲς
542 2336 705 2372 πατρικίους
717 2335 841 2368 τελέσας,
857 2335 943 2362 πολλὰ

154 2382 335 2417 γνωρίσματα
354 2382 402 2416 τῆς
415 2381 499 2408 αὑτοῦ
516 2382 633 2417 ἀρίστης
650 2380 741 2416 βιοτῆς
757 2381 785 2407 ὲν
805 2379 843 2416 τῷ
859 2388 942 2415 μονα-

155 2428 260 2464 στηρίῳ
273 2428 442 2455 καταλιπών.

187 2474 242 2502 Τοῦ
273 2474 301 2501 δὲ
325 2475 449 2511 ἀρχηγοῦ
477 2475 533 2502 τῶν
566 2474 690 2510 ’Δράὸων
710 2473 846 2510 Ἰμπραὴλ
871 2473 940 2500 κατά

158 2519 306 2554 Ῥωμαίων
335 2520 586 2555 ἐκστρατεύσαντος
614 2520 686 2546 καὶὸ
709 2519 838 2554 Θεόφιλος
865 2519 941 2546 ἀντι-

154 2564 379 2600 φιλοτιμούμενος
393 2565 503 2599 ἔξεισιν,
515 2565 589 2592 ἅπαν
601 2565 660 2596 δέος
675 2563 830 2592 ἀποϐαλών.
844 2565 876 2592 Εἰ
886 2564 940 2600 γάρ

154 2618 179 2637 τι
195 2610 242 2637 καὶ
265 2612 382 2648 προσῆν,
396 2611 453 2638 ἀλλ’
469 2612 485 2646 ὴ
502 2611 558 2638 τῶν
584 2611 719 2638 συνόντων
736 2610 810 2646 αὐτῷ
836 2611 941 2646 ἀνδρῶν

155 2656 225 2684 κατὰ
237 2657 375 2692 πολέμους
388 2659 472 2693 πεῖρα
489 2658 536 2684 καὶ
548 2657 707 2693 γενναιότης
717 2657 754 2689 ὡς
769 2658 940 2693 πορρωτάτω

154 2702 232 2731 τοῦτο
244 2703 338 2730 ἐτίθει.
351 2703 484 2739 Θεὸφοόος
495 2705 518 2730 οἱ
536 2704 631 2738 ἄνδρες
645 2701 716 2739 ἦσαν
740 2704 785 2730 καὶ
799 2703 938 2739 Μανουήλ.

997 2291 1182 2326 Theodosius,
1199 2294 1246 2328 qui
1263 2294 1406 2329 patriciam
1432 2294 1592 2329 dignitatem
1610 2297 1780 2321 consecutus

995 2338 1080 2366 multa
1094 2339 1202 2373 optimm
1214 2346 1270 2366 suae
1282 2339 1344 2366 vita
1353 2339 1514 2366 documenta
1525 2339 1596 2367 eoin
1614 2338 1780 2366 monasterio

995 2384 1154 2418 reliquerat.

1029 2471 1096 2499 Cum
1114 2476 1203 2498 autem
1221 2471 1368 2506 lmpraelus
1381 2472 1499 2500 Arabum
1514 2472 1568 2500 dux
1592 2472 1780 2507 expeditiones

994 2522 1091 2544 contra
1123 2516 1265 2544 Romanos
1286 2517 1370 2553 920
1396 2518 1585 2553 suscepisset,
1612 2518 1780 2553 Theophilus

994 2571 1104 2599 quoque
1127 2564 1260 2592 adversus
1286 2571 1348 2591 eum
1365 2565 1460 2599 copias
1481 2572 1547 2592 suas
1568 2564 1675 2596 eduxit,
1704 2563 1778 2591 muni

995 2614 1070 2637 metu
1086 2609 1202 2644 abjecto.
1225 2608 1293 2636 Nam
1315 2609 1366 2636 etsi
1392 2609 1495 2644 aliquid
1512 2609 1619 2637 timoris
1642 2610 1780 2642 subesset,

994 2663 1056 2683 eum
1072 2660 1162 2683 tamen
1177 2656 1258 2684 facile
1275 2656 1437 2692 prolligabat
1450 2656 1582 2684 comitum
1607 2655 1780 2691 imperatoris

993 2702 1083 2730 virtus
1096 2709 1128 2729 ac
1140 2702 1248 2737 peritia,
1276 2702 1449 2739 Theophobi,
1464 2703 1588 2739 inquam,
1603 2707 1630 2731 et
1651 2701 1781 2738 Manueli.

704 2758 712 2769 .
730 2781 908 2810 XYLANDRI
928 2780 973 2808 ET
999 2780 1103 2809 GOARI
1124 2779 1241 2808 ΝΟΤΑΞ.

189 2841 245 2874 (97)
264 2840 342 2875 Apud
362 2840 497 2875 Zonaram
512 2847 580 2875 pert
600 2839 700 2875 legitur
718 2838 867 2874 Κρινιτῶν,
884 2837 1053 2866 Criuitarum
1067 2845 1115 2866 seu
1128 2837 1382 2867 Crinitarumlu.

190 2873 247 2910 (98)
261 2873 372 2903 Alexim
387 2876 414 2902 iu
430 2873 620 2910 Theophilum.
630 2873 702 2902 ’XrL.

317 2923 451 2954 ΡΑτῐιοι,
477 2923 534 2952 Gn.
554 2923 663 2954 CXXI.

1579 2913 1620 2945 82
