2046 3149
269 133 334 164 1007

904 134 1063 165 GEORGII
1083 133 1249 163 CEDRENI

1811 134 1876 167 1003

263 195 335 222 a'gre
347 188 372 216 id
390 187 471 221 ferre.
489 188 687 224 Craterumque
707 188 892 216 eﬂ‘eminatum
918 194 945 216 et
963 189 1049 216 evira-

1104 189 1219 224 ηγὸςω)
1237 188 1368 222 γεγονὼς,
1383 189 1494 224 πλησίον
1505 190 1544 225 τῷ
1563 190 1667 226 βασιλεί
1684 190 1823 225 παρεστὼς
1836 192 1878 224 tg-

264 239 321 261 tum
342 234 494 269 increpare,
511 235 557 268 qui
573 234 627 261 tale
644 238 773 269 praestare
787 233 845 269 ipse
864 234 929 261 nihil
948 238 1049 269 posset.

263 281 363 308 Contra
393 281 523 308 Craterus
554 281 660 307 duabus
690 281 775 307 hastis
802 287 832 307 se
855 280 961 307 nescire
990 280 1049 306 uti:

264 334 351 361 neque
369 327 440 354 enim
455 327 506 352 hoc
527 325 667 357 didicisse,
683 325 756 360 quod
771 326 813 353 his
834 327 913 360 nugis
934 326 959 352 in
981 325 1051 352 bello

264 372 330 398 nihil
359 379 429 406 opus
454 371 542 404 foret;
574 379 602 399 se
634 370 680 399 Dei
712 372 813 398 auxilio
845 372 944 398 fretum
970 371 1051 398 unica

263 418 339 444 hasta
364 417 446 444 istum
477 424 549 452 equo
579 417 799 444 detur-baturum.
828 417 977 452 Imperator
1009 417 1052 444 his

263 463 351 490 verbis
387 463 512 490 irritatus
547 471 594 498 per
627 471 705 490 suum
727 463 813 498 ipsius
833 467 916 499 caput
944 463 1050 498 jurare,

262 507 376 535 Cratero
400 515 429 535 se
457 508 539 535 vitam
556 512 727 543 erepturum,
752 509 805 536 nisi
832 510 957 543 impleret
979 509 1051 536 iacto

262 553 333 586 quod
352 553 444 580 verbis
465 553 604 588 iactasset.
627 553 660 580 Et
677 553 839 581 Theodorus
867 554 958 581 statim
984 561 1051 581 con-

263 607 362 626 scenso
378 607 450 634 equo
469 600 604 635 hastaque
621 604 728 634 sumpta
746 607 809 626 cum
841 599 978 626 Saraceno
995 607 1052 626 ma-

264 653 329 672 num
360 645 521 678 conseruit,
552 647 663 680 oiloque
693 653 755 673 eum
786 653 856 680 equo
883 645 1050 680 prmeipitem

262 690 371 724 deiecit.
410 690 519 718 Pudore
546 691 656 726 quidem
685 691 798 719 aﬂ‘eclus
822 695 864 718 est
892 691 1050 726 imperator,

263 738 297 763 ab
314 737 441 764 eunnclio
469 737 606 772 dejeelum
623 745 738 766 cernens
762 737 927 765 Saracenum
945 746 952 763 :
970 736 1050 772 925

263 787 353 810 tamen
375 787 403 810 et
427 784 554 810 virtutem
571 784 690 810 hominis
714 788 857 811 veneratus
871 789 897 812 et
917 791 982 810 suos
1005 791 1050 810 reo

263 828 367 855 veritus
400 829 488 857 amice
519 830 712 864 compellatum
746 829 891 858 Craterum
927 829 1050 857 vestibus

264 873 375 901 honoris
390 881 472 902 causa
486 875 609 903 donavit.

1103 234 1272 269 εμυκτήριζε
1289 234 1335 261 τὸν
1354 235 1515 270 Ἀγαρηνδν,
1534 235 1616 270 μηδὲν
1631 236 1753 270 ἀνδρεῖον
1774 236 1879 269 φάσκων

1104 280 1172 315 μηδὲ
1188 280 1410 315 καταπληκτικὸν
1427 281 1641 315 ἐνδεικνύμενον.
1654 278 1688 317 ᾮ
1706 282 1752 307 καὶ
1768 282 1881 317 χαλεπή-

1102 327 1172 358 ναςό
1186 325 1312 361 βασιλεύς
1329 335 1335 342 ’
1367 326 1447 353 Ἀλλὰ
1467 328 1509 358 σὺ,
1524 324 1546 353 ὦ
1558 326 1688 362 θηλυδρία
1704 327 1749 353 καὶ
1761 326 1880 362 ᾶνανδρε,

1103 371 1216 399 δύνασαί
1231 381 1258 398 τι
1273 372 1395 399 τοιοῦτον
1429 372 1620 407 ὲργάσασθαι;
1658 372 1814 399 ’Υπολαὸὼν
1831 373 1855 400 δὲ
1867 375 1882 400 ό

1103 418 1255 453 Κρατερός·
1269 427 1278 443 ί
1296 417 1348 444 Δύο
1361 418 1420 452 μὲν,
1432 417 1554 453 βασιλεῦ,
1575 418 1614 453 μὴ
1627 418 1720 453 μαθὼν
1732 418 1791 444 οὐδὲ
1804 427 1882 452 μετα-

1102 463 1273 499 χειρίσασθαι
1289 463 1390 499 δόρατα
1409 464 1546 499 δύναμαι·
1564 465 1624 491 οὐδὲ
1652 465 1706 499 γὰρ
1720 465 1748 490 ἐν
1776 464 1882 499 πολέμῳ

1101 509 1228 544 τοιαύτης
1257 509 1390 544 φλυαρίας
1410 511 1489 544 χρεία
1502 518 1508 525 ·
1529 510 1569 537 ἑνὶ
1601 510 1629 536 δὲ
1652 510 1823 544 χρησάμενος
1837 510 1884 545 τὴν

1102 555 1142 586 είς
1160 555 1226 582 Θεὸν
1242 555 1404 590 πεποίθησιν
1422 557 1475 591 ἔχω
1493 555 1606 591 βεϐαίαν
1628 555 1666 587 ὡς
1693 555 1835 590 κρημνίσω
1853 564 1880 581 τε

1101 599 1196 626 τοῦτον
1209 601 1256 627 καὶ
1271 600 1319 627 τοῦ
1337 601 1421 627 ἵππου
1439 601 1596 628 καταϐαλῶ.
1617 610 1626 627 ι
1649 601 1710 628 Ἐπὶ
1721 601 1760 635 τῷ
1775 601 1845 636 λόγῳ
1857 601 1883 626 δὲ

1102 645 1239 680 θυμωθεὶς
1252 647 1265 673 ό
1280 645 1408 680 βασιλεὺς
1423 645 1440 682 ἧ
1458 647 1511 682 μὴν
1529 647 1612 682 ἔφησε
1626 646 1697 673 κατά
1721 647 1769 680 τῆς
1789 647 1882 673 ἑαυτοῦ

1102 690 1223 726 κεφαλῆς
1242 691 1288 718 τὸν
1313 692 1394 727 ὅρκον
1423 691 1582 726 ἐπαγαγὼν,
1600 691 1707 726 θανάτῳ
1721 691 1885 727 παραόοὖνει

1101 737 1146 764 τὸν
1160 737 1312 772 Κρατερὸν,
1326 739 1349 764 εί
1370 737 1407 773 μὴ
1423 739 1486 770 τοὺς
1500 738 1596 772 λόγους
1609 739 1648 769 είς
1674 738 1754 773 ἔργον
1777 738 1883 771 ἀγάγοι.

1108 781 1224 813 Ἀναϐὰς
1248 779 1294 808 οὖν
1323 782 1404 814 εὐθὺς
1420 783 1465 808 τὸν
1487 782 1570 809 ἵππον
1583 783 1597 809 ὁ
1611 782 1747 817 Θεόδωρος
1761 784 1809 809 καὶ
1824 783 1884 818 δίρυ

1101 827 1192 853 λαϐὼν
1210 828 1391 854 συνεπλέκετο
1405 828 1443 862 τῷ
1457 828 1620 864 Σαρακηνῷ,
1636 829 1684 854 καὶ
1699 829 1727 854 ἐν
1742 829 1773 855 οὒ
1790 828 1885 862 μακρῷ

1066 861 1089 891 Β
1102 873 1141 908 τῷ
1157 873 1246 909 χρόνῳ
1257 873 1304 900 τοῦ
1316 873 1399 900 ἵππου
1410 861 1731 910 αυτὸν-κατεκρήμνισεν.
1752 861 1885 910 ᾘσχὺνθη

265 919 314 955 μὲν
329 920 375 946 οὖν
389 921 403 946 ὁ
426 920 551 955 βασιλεὺς
564 921 804 955 καταϐεϐλημέναι
819 920 878 947 ἰδὼν
893 920 938 947 τὸν
951 918 1108 956 Σαρακηνον
1125 919 1170 945 ὑπ’
1201 919 1298 954 ἀνδρὸς
1328 919 1470 954 εὐνούχου,
1495 920 1570 954 ὅμως
1604 921 1653 954 τὴν
1674 919 1777 954 ἀρετὴν
1815 918 1886 948 αἰόε,

265 966 338 998 σθεὶς
351 968 396 993 τοῦ
415 968 510 1003 ἀνδρὸς
526 968 597 1004 λόγῳ
611 977 640 995 τε
654 968 899 1004 ἐφιλοφρονήσατο,
915 967 963 994 καὶ
983 966 1081 999 στολὰς
1113 966 1159 993 καὶ
1195 966 1359 1000 περιϐολὰς,
1377 966 1426 1002 τὴν
1463 966 1601 994 πολιτείαν
1632 966 1802 1002 αἰδούμενος,
1829 966 1887 993 seu.

265 1012 366 1048 ρήσατο
380 1013 463 1049 αὐτῷ.

303 1059 371 1087 Vere
390 1060 470 1093 inito,
486 1060 655 1096 Theophilus
678 1067 774 1087 rursus
797 1059 948 1087 contractis
964 1058 1052 1094 copiis

264 1106 291 1134 in
323 1106 475 1134 Saracenos
495 1110 594 1136 movet.
617 1109 745 1132 revocato
766 1105 800 1131 ab
823 1104 921 1131 exsilio
946 1103 1053 1138 sibique

264 1152 394 1186 adjuncto
419 1158 514 1179 sancto
541 1151 690 1179 lllethodio.
716 1149 827 1178 Solebat
849 1150 901 1177 hoc
925 1149 952 1176 in
975 1149 1052 1177 bellis

263 1198 398 1230 factitare,
411 1197 469 1224 sive
483 1205 538 1232 quo
551 1198 612 1232 ejus
628 1196 761 1231 sapientia
774 1196 801 1222 in
819 1195 911 1222 multis
926 1195 1053 1223 obscuris

264 1247 346 1277 atque
368 1243 505 1270 intricatis
534 1243 616 1270 rebus
641 1241 812 1276 explicandis
837 1243 970 1273 uteretur,
995 1240 1054 1268 sive

263 1288 291 1316 id
317 1297 429 1323 cavens,
461 1297 494 1316 ue
519 1288 695 1316 rebellionem
711 1288 735 1314 is
748 1295 778 1315 se
794 1287 905 1314 absente
933 1286 1052 1320 aliquam

263 1336 415 1362 concitaret
441 1336 476 1362 ob
505 1341 645 1363 sacrarum
676 1334 824 1368 imaginum
853 1332 1050 1359 amolitionem.

263 1381 329 1408 Nam
345 1382 445 1409 civium
471 1382 517 1416 qui
544 1385 622 1407 erant
647 1379 776 1415 praecipui
793 1384 874 1414 atque
889 1385 952 1414 erga
967 1377 1051 1405 Deum

263 1429 310 1463 pii,
327 1436 425 1463 magno
442 1429 467 1455 in
481 1428 586 1455 honore
603 1427 740 1455 habebant
753 1425 920 1453 Methodium
936 1433 942 1450 :
959 1425 1050 1459 itaque

262 1482 323 1501 eum
338 1479 398 1508 post
413 1482 442 1502 se
459 1474 614 1508 relinquere
639 1472 796 1508 imperatori
822 1471 976 1499 consultum
993 1478 1047 1497 non

264 1520 415 1546 videbatur.
434 1520 582 1546 Enimvero
599 1524 655 1546 tum
669 1518 815 1545 commissa
833 1525 922 1552 pugna
945 1517 1048 1544 Ismae-

1143 1057 1187 1093 [Ρ.
1202 1056 1265 1093 526]
1281 1056 1351 1091 Ἤδη
1367 1056 1394 1083 δὲ
1406 1056 1453 1083 τοῦ
1466 1056 1545 1091 ἔαρος
1563 1056 1770 1092 ὑπολάμποντος
1779 1056 1889 1091 δύναμιν

1102 1103 1182 1130 πάλιν
1198 1102 1335 1138 ἡθροικὼς
1346 1104 1359 1129 ὁ
1377 1103 1507 1137 Θεόφιλος
1520 1103 1604 1134 ἔξεισι
1620 1103 1691 1129 κατὰ
1710 1103 1766 1129 τῶν
1799 1103 1886 1138 Σαρα-

1100 1148 1201 1183 κηνῶν,
1221 1148 1268 1174 καὶ
1295 1147 1340 1174 τον
1368 1148 1442 1174 ὅσιον
1463 1147 1593 1174 Μεθόδιον
1617 1149 1647 1175 ἐκ
1662 1148 1712 1183 τῆς
1739 1149 1887 1183 ὑπερορίας

1101 1193 1337 1227 ἀνακαλεσάμενος
1363 1190 1419 1227 εἶχε
1439 1192 1500 1227 μεθ’
1520 1193 1628 1225 ἑαυτοῦ,
1648 1193 1804 1228 είθισμένον
1817 1193 1887 1227 αὐτῷ

1101 1239 1129 1265 ὲν
1143 1239 1199 1269 τοῖς
1215 1239 1345 1273 πολέμοις
1361 1240 1439 1264 τοῦτο
1453 1241 1552 1271 ποιεῖν,
1565 1240 1620 1265 εἴτε
1635 1238 1683 1266 τοῦ
1697 1240 1794 1274 ἀσαφῆ
1809 1240 1887 1266 ἕνεκα

1101 1285 1151 1312 καὶ
1165 1284 1272 1316 πολλοῖς
1287 1285 1414 1318 ἄγνωστα
1430 1284 1550 1311 διαλύειν
1561 1286 1603 1312 διὰ
1613 1285 1662 1320 τῆς
1680 1285 1887 1320 ἐνυπαρχούσης

1102 1330 1176 1366 αὺτῷ
1203 1331 1308 1365 σοφίας,
1325 1331 1380 1357 εἴτε
1400 1332 1447 1358 καὶ
1469 1331 1669 1363 ἐπαναστάσεις
1687 1332 1888 1366 φυλαττόμενος

1102 1376 1168 1411 παρ’
1182 1376 1263 1403 αὑτοῦ
1275 1385 1350 1408 τινας
1366 1376 1462 1403 παθεῖν
1473 1377 1517 1403 διὰ
1532 1378 1578 1403 τὸν
1591 1378 1661 1404 κατὰ
1678 1377 1730 1404 τῶν
1745 1377 1829 1404 θείων
1844 1377 1888 1404 καὶ

1103 1422 1209 1449 σεπτῶν
1226 1423 1338 1449 εἰκόνων
1352 1424 1489 1457 πόλεμον·
1510 1423 1540 1449 οὐ
1566 1423 1673 1458 μικρῶς
1696 1423 1749 1458 γὰρ
1781 1423 1888 1449 έσέὃετο

1102 1470 1147 1496 τὸν
1160 1470 1244 1505 ἄνδρα
1259 1470 1290 1496 τὸ
1300 1470 1350 1506 τῆς
1366 1470 1468 1502 πόλεως
1483 1470 1610 1506 ἔκκριτον
1626 1471 1673 1497 καὶ
1687 1471 1826 1506 φιλόθεον.
1841 1471 1888 1497 Διά

1103 1524 1144 1542 τοι
1158 1515 1237 1542 τοῦτο
1254 1516 1300 1542 καὶ
1319 1516 1433 1543 κατόπιν
1446 1517 1493 1552 ὲᾷν
1505 1516 1587 1543 αὑτὸν
1600 1517 1650 1543 οὐκ
1673 1516 1802 1550 ἐφαίνετο
1824 1525 1888 1551 συμ-

265 1564 338 1590 litica
359 1571 402 1591 res
417 1564 545 1598 superior
557 1563 617 1595 fuit,
633 1563 833 1597 imperatorque
849 1563 1049 1589 circumventus

1105 1560 1188 1596 φέρον
1204 1561 1243 1596 τῷ
1259 1560 1375 1595 βασιλεῖ.
1392 1561 1467 1592 Τέως
1482 1562 1504 1588 δ’
1523 1562 1598 1597 ὅμως
1623 1563 1823 1597 συμπεσόντων
1845 1562 1888 1588 ἁλ-

266 1617 332 1643 pene
364 1610 391 1635 in
418 1616 515 1636 manus
531 1609 652 1636 hostium
667 1608 750 1635 venit.
770 1608 796 1634 id
824 1607 964 1634 Mauuelus
989 1615 1051 1634 sen-

264 1656 346 1685 tiens,
363 1655 416 1682 dnx
435 1655 588 1685 exercitus.
613 1654 713 1681 animis
738 1661 851 1681 suorum
867 1653 990 1680 oratione
1006 1660 1050 1680 re-

263 1701 399 1733 collectis,
414 1701 487 1735 quod
512 1700 732 1735 indignissimam
761 1707 818 1726 rem
845 1698 1050 1733 forejudicaret

264 1747 286 1774 si
304 1746 445 1774 Romanus
459 1747 610 1781 imperator
637 1746 671 1773 ab
686 1746 765 1773 hoste
793 1749 947 1779 caperetur,
964 1745 1050 1771 auda-

264 1797 323 1819 cter
338 1792 486 1819 discrimen
501 1792 578 1819 adiit.
591 1791 715 1826 Cumque
729 1790 762 1817 ad
784 1791 975 1825 imperatorem
989 1797 1051 1824 per-

264 1838 383 1872 rupisset
398 1838 541 1873 fatigatum
565 1838 622 1873 jam
644 1842 671 1865 et
697 1837 731 1864 de
746 1836 835 1864 salute
848 1836 1049 1870 desperantem,

264 1890 356 1911 tamen
391 1888 550 1911 causantem
580 1883 644 1919 fuga
671 1891 700 1910 se
729 1889 794 1910 suos
821 1882 937 1917 prodere
967 1881 1049 1915 nolle,

265 1932 390 1957 hortatus
413 1935 455 1958 est
473 1931 511 1957 uti
524 1937 553 1957 se
569 1933 730 1964 sequeretur
756 1932 921 1963 praeeuntem
945 1927 1050 1962 iterque

263 1976 441 2011 aperientem.
459 1975 607 2010 Postquam
638 1975 726 2009 ipsqu
756 1978 943 2008 erumpentem
964 1973 1050 2007 impe-

263 2026 336 2048 rator
348 2028 363 2049 e
380 2021 496 2056 vestigio
518 2021 682 2048 subsecutus
706 2020 789 2055 926
809 2028 862 2046 non
881 2023 931 2051 est,
948 2019 1048 2050 denuo,

263 2072 291 2094 et
318 2075 380 2093 cum
412 2074 449 2102 ne
475 2066 516 2094 sic
546 2066 655 2101 quidem
685 2065 853 2099 Theophilus
878 2069 1048 2099 sequeretur,

265 2112 376 2140 tertium
394 2119 532 2145 reversus,
552 2117 667 2139 mortem
683 2111 708 2138 ei
737 2111 789 2138 nisi
808 2111 987 2138 comitaretur
999 2110 1051 2137 mi-

264 2163 356 2190 natus,
380 2158 424 2185 vix
441 2158 548 2185 tandem
573 2156 699 2192 praesenti
723 2156 845 2191 periculo
859 2156 969 2190 eripuit.
987 2154 1048 2182 Ideo

263 2203 414 2230 honoribus
437 2210 499 2229 eum
526 2203 660 2236 donisque
682 2201 773 2236 dignis
794 2201 942 2235 imperator
960 2207 1050 2227 remn-

263 2252 376 2275 neratus
390 2252 443 2279 est,
466 2246 665 2274 benefactorem
699 2252 730 2272 ac
759 2250 923 2272 servatorem
947 2243 1048 2271 fassus.

263 2293 397 2321 Caeterum
412 2292 521 2319 invidia:
536 2297 611 2319 tanta
637 2291 678 2318 vis
701 2290 752 2318 fuit
776 2295 805 2318 ut
821 2299 867 2326 per
884 2290 1048 2318 calumniam

263 2340 452 2374 de'majestate
466 2342 595 2365 accusato
616 2335 741 2364 Manuelo
756 2343 893 2364 summum
917 2336 1050 2363 creaverit

263 2387 425 2421 periculum.
442 2384 520 2418 Quod
547 2386 571 2411 is
589 2385 721 2415 sentiens,
750 2387 777 2410 et
804 2383 906 2410 certior
930 2382 1018 2409 iactus
1033 2389 1047 2409 ι

264 2430 426 2458 ﬁdelissimo
443 2429 572 2463 quodam,
585 2430 631 2464 qui
654 2428 801 2462 aliquando
821 2427 871 2462 ipsi
889 2427 1048 2459 serriverat,

264 2481 328 2504 tunc
354 2481 444 2503 autem
477 2475 634 2509 imperatori
660 2478 718 2502 erat
745 2481 759 2500 a
792 2473 907 2508 poculis,
933 2472 990 2499 fore
1017 2477 1046 2499 ut

263 2522 352 2549 oculis
380 2522 415 2549 ab
430 2522 481 2549 hoc
496 2521 660 2556 privaretur,
678 2519 857 2547 defectionem
874 2522 987 2546 conatus
1006 2523 1047 2545 est

264 2567 428 2601 transiitque
442 2566 476 2593 ad
489 2565 639 2601 Agarenos.
669 2564 782 2599 Magnus
809 2564 890 2591 etiam
907 2563 979 2598 apud
997 2564 1046 2590 hos

264 2612 316 2639 fuit
331 2619 363 2639 ac
392 2613 507 2640 summis
533 2611 687 2639 honoribus
714 2611 837 2638 affectus.
860 2609 928 2636 Nam
948 2617 1047 2644 magno

263 2658 428 2684 instructum
449 2657 571 2683 exercitu
593 2656 710 2691 Agareni
736 2656 872 2682 miserunt
894 2658 990 2681 contra
1009 2653 1048 2680 ri-

263 2703 340 2730 cinos
352 2709 417 2730 suos
432 2703 535 2735 hostes,
558 2703 605 2737 qui
631 2706 764 2729 vocantur
777 2700 921 2728 Cermatae.
937 2699 1049 2726 Manne-

1102 1605 1194 1640 λήλοις
1218 1606 1274 1632 τῶν
1306 1607 1526 1641 στρατευμάτων,
1553 1606 1600 1633 καὶ
1625 1606 1680 1633 τῶν
1706 1606 1887 1642 Ἰσμαηλιτῶν

1102 1651 1335 1685 ὑπερτερούντων,
1365 1653 1503 1679 κύκλωσιν
1521 1653 1626 1688 ὑπέστη
1648 1654 1662 1679 ό
1687 1652 1818 1688 βασιλεὺς
1843 1653 1888 1679 καὶ

1101 1697 1152 1731 ἤδη
1165 1697 1302 1731 ἁλώσιμος
1315 1695 1359 1732 ἦν.
1379 1699 1411 1724 '0
1426 1697 1458 1733 δὴ
1476 1699 1522 1725 καὶ
1544 1698 1638 1733 μαθὼν
1662 1699 1793 1734 Μανουὴλ
1808 1700 1822 1725 ό
1843 1698 1887 1725 τοῦ

1102 1743 1218 1778 στρατοῦ
1245 1743 1438 1778 ἐξηγούμενος,
1460 1745 1507 1771 καὶ
1530 1744 1617 1771 δεινὶν
1643 1745 1822 1781 ἡγησάμενος
1847 1746 1889 1771 δο-

1103 1788 1240 1822 ρυάλωτον
1255 1788 1368 1823 βασιλέα
1384 1789 1530 1825 Ῥωμαίων
1549 1790 1624 1824 ἰδεῖν,
1637 1792 1701 1822 τοὺς
1722 1800 1755 1817 πε
1763 1791 1791 1826 pl
1809 1791 1887 1818 αὑτὸν

1103 1832 1295 1868 ἀναθαρρύνας
1311 1835 1398 1870 εἰσῄει
1413 1835 1482 1869 μετὰ
1498 1835 1614 1869 θάρσους
1625 1836 1670 1862 τὸν
1685 1836 1821 1864 κίνδυνον.
1846 1835 1887 1866 Ὧς

1102 1879 1125 1905 δ’
1138 1877 1203 1915 εὗρε
1223 1881 1347 1916 καμόντα
1358 1882 1403 1907 τὸν
1421 1881 1533 1916 βασιλέα
1547 1882 1595 1908 καὶ
1610 1882 1660 1916 τὴν
1677 1882 1817 1918 σωτηρίαν
1835 1883 1888 1910 ἀπ·

1102 1925 1251 1959 εγνωκότα,
1264 1926 1499 1962 προφασιζόμενον
1514 1927 1542 1953 δὲ
1559 1927 1596 1962 μὴ
1611 1927 1752 1962 βούλεσθαι
1768 1929 1813 1955 τὸν
1825 1928 1887 1954 λαὸν

1103 1971 1238 2005 φεύγοντα
1267 1972 1447 1999 καταλιπεῖν·
1479 1973 1546 2006 Ἀγε
1575 1974 1618 2009 δὴ,
1650 1975 1743 2008 φησὶν,
1775 1972 1887 2009 ὧβασι-

1102 2016 1159 2050 λεῦ,
1174 2017 1240 2043 έπου
1262 2027 1306 2052 μοι
1323 2019 1554 2054 προπορευομένῳ
1569 2020 1617 2046 καὶ
1634 2019 1683 2055 τὴν
1699 2020 1759 2046 ὀδόν
1784 2029 1825 2047 σοι
1845 2020 1887 2046 εὑ-

1102 2062 1219 2099 ρύνοντι.
1241 2073 1250 2090 ι
1277 2063 1321 2095 Ὠς
1341 2064 1363 2090 δ’
1385 2065 1399 2090 ὁ
1422 2065 1551 2100 Μανουὴλ
1567 2066 1651 2101 ἐξῄει,
1678 2067 1692 2092 ὁ
1713 2065 1844 2099 βασιλεὺς
1859 2066 1886 2092 δὲ

1101 2109 1281 2144 κατεπτηχὼς
1295 2111 1343 2145 οὐχ
1359 2110 1460 2142 alits-ro,
1478 2111 1559 2137 πάλιν
1571 2112 1603 2137 ὲκ
1618 2112 1744 2145 δευτέρου
1755 2111 1887 2146 ὑποστρέ-

1101 2154 1150 2188 ψαι
1165 2155 1335 2190 ἠναγκάσθη.
1359 2155 1403 2187 Ὠς
1418 2155 1446 2182 δὲ
1459 2157 1505 2182 καὶ
1519 2156 1601 2183 πάλιν
1618 2157 1768 2191 ἠστόχησε,
1786 2157 1816 2183 τὸ
1827 2157 1885 2191 τρί-

1100 2208 1146 2226 τον
1161 2201 1340 2235 ἐπιστραφεὶς
1355 2201 1468 2228 θάνατον
1492 2202 1640 2236 ἠπείλησεν
1672 2204 1696 2228 εἰ
1725 2202 1764 2237 μὴ
1781 2202 1883 2233 ἕποιτο,

1103 2246 1149 2272 καὶ
1165 2245 1250 2277 οὕτως
1263 2246 1312 2281 ὀψὲ
1328 2247 1374 2273 καὶ
1391 2247 1468 2281 μόλις
1486 2246 1534 2273 τοῦ
1558 2247 1682 2273 κινδύνου
1698 2248 1824 2274 διέσωσε.
1841 2246 1884 2273 Διὸ

1100 2292 1193 2326 τιμαῖς
1207 2291 1301 2318 τοῦτον
1311 2293 1446 2324 ὰνταξίοις
1463 2293 1622 2325 ἐδεξιώσατο
1635 2293 1684 2319 καὶ
1696 2293 1814 2329 δωρεαῖς
1825 2293 1883 2319 ἐθε-

1101 2337 1249 2371 ράπευσεν,
1268 2338 1417 2373 εὐεργέτην
1437 2338 1484 2364 καὶ
1505 2338 1616 2373 σωτῆρα
1633 2338 1792 2365 ἀποκαλῶν.
1816 2336 1885 2364 Ἀλλ’

1100 2383 1118 2408 ἁ
1130 2381 1226 2416 φθόνος
1242 2382 1335 2417 ἴσχυσε
1352 2383 1423 2409 κατὰ
1439 2383 1485 2410 τοῦ
1510 2384 1631 2410 τοιούτου
1652 2384 1760 2419 ἀνδρὸς,
1782 2383 1830 2410 καὶ
1845 2383 1884 2413 είς

1101 2429 1265 2455 καοοσίωσιν
1278 2430 1310 2455 ἐκ
1326 2429 1460 2464 λοιδορίας
1471 2430 1657 2465 κατεγκλήθη.
1671 2430 1754 2456 Ὅθεν
1765 2430 1813 2456 καὶ
1826 2429 1884 2455 κίν-

1100 2473 1178 2500 δυνον
1200 2475 1231 2500 οὐ
1255 2474 1353 2510 μικρὸν
1373 2474 1462 2509 ἑαυτῴ
1492 2475 1680 2510 ὲνηργημένον
1701 2474 1882 2508 κατανοήσας,

1101 2520 1148 2546 καὶ
1168 2519 1211 2547 διά
1230 2528 1302 2551 τινος
1319 2520 1373 2547 τῶν
1392 2520 1561 2548 πιστοτάτων
1575 2520 1807 2556 πληροφορηθεὶς,
1821 2519 1882 2545 δού-

1100 2565 1145 2592 λου
1164 2565 1214 2600 pe.
1240 2566 1382 2599 γεγονότος
1407 2565 1489 2593 αὑτοῦ
1512 2565 1694 2602 οίνοχοοῠντος
1706 2566 1734 2592 δὲ
1762 2567 1825 2592 τότε
1845 2563 1883 2599 τῷ

1101 2610 1208 2646 βασιλεῖ
1227 2611 1359 2646 Θεοφίλῳ,
1381 2611 1418 2643 ὡς
1450 2612 1542 2646 μέλλοι
1575 2611 1669 2638 τοῦτον
1700 2609 1882 2644 ἀποτυφλοῦν,

1100 2656 1270 2683 ἀποστασίαν
1286 2657 1373 2692 τολμᾷ
1393 2657 1523 2692 καὶπρὸς
1554 2657 1721 2693 ’Δγαρηνοὺς
1741 2655 1884 2691 μετατίθε-

1103 2710 1160 2734 ται,
1176 2703 1262 2737 μέγας
1279 2704 1326 2729 καὶ
1341 2704 1406 2739 παρ’
1422 2704 1513 2736 αὐτοῖς
1526 2703 1618 2738 ὀφθεὶς
1629 2704 1675 2730 καὶ
1686 2702 1832 2738 μεγίσταις
1843 2709 1883 2728 n-

827 2756 1006 2785 XYLANDRI
1026 2756 1070 2785 ET
1092 2758 1196 2793 GOARI
1214 2760 1332 2787 ΝΟΤᾸΕ.

300 2808 338 2843 (‘2)
358 2808 418 2836 Alio
446 2807 555 2834 nomine
585 2805 761 2840 τονρμάρχης
777 2804 810 2832 de
837 2813 892 2840 quo
906 2803 1049 2839 ﬁigaltius.
1071 2805 1128 2834 Hoc
1144 2811 1234 2835 autem
1246 2807 1281 2834 Δὲ
1293 2812 1444 2843 martyrum
1465 2815 1562 2844 agmen
1590 2815 1623 2835 ex
1644 2806 1780 2834 Armeniis
1810 2808 1881 2832 erat.

263 2845 349 2872 Gon.
