2046 3149
175 175 237 207 1001

713 174 984 205 lllS’l‘ORIARUM
1001 175 1263 206 COMPENDIUM.

1729 175 1796 210 1002

211 234 286 261 Ἐπεὶ
302 234 329 260 δὲ
343 233 387 260 καὶ
402 234 450 265 τὰς
465 235 529 269 περὶ
556 234 604 269 τὴν
622 233 742 268 κεφαλὴν
754 234 848 268 τρίχας
868 234 957 268 ὀλίγας

1048 236 1117 268 Quia
1134 245 1198 264 vero
1216 245 1230 264 a
1246 241 1341 264 natura
1357 244 1458 272 paucos
1473 237 1571 272 cupitis
1585 236 1698 272 capillos
1712 237 1796 264 hahe-

170 283 201 309 ὲκ
229 280 338 315 φύσεως
364 277 447 315 εἶχεν,
465 281 606 315 ἀναφάλας
628 290 668 312 τις
685 280 733 312 ὢν,
751 281 892 316 θέσπισμα
916 281 959 314 ὲξ-

174 327 251 354 ἔθετο
276 325 417 360 πανταχοῦ
436 326 464 352 ὲν
479 325 537 360 χρῷ
561 326 609 358 τὰς
624 326 719 362 τρίχας
735 327 894 361 ἀποκείρειν
912 327 959 353 καὶ

171 374 207 408 μή
236 380 297 398 τινα
325 371 461 406 Ῥωμαῖον
493 371 557 398 ὄντα
589 372 744 407 περαιτέρῳ
772 371 873 403 ταύτας
906 371 954 398 τοῦ

169 417 303 454 τραχήλου
335 417 467 452 φέρεσθαι
492 419 658 452 συγχωρεῖν,
684 417 729 444 τὸν
757 417 783 443 δὲ
812 418 842 444 τὸ
869 417 958 452 δόγμα

169 464 333 500 παρορῶντα
361 463 474 495 πολλαῖς
496 463 650 496 αἰκίζεσθαι
677 464 800 499 μάστιξι,
829 464 878 499 τὴν
904 465 958 491 τῶν

169 513 309 546 προγόνων
341 510 484 546 Ῥωμαίων
519 510 618 546 ἀρετὴν
637 510 802 546 ,ἐπανάγειν
828 511 957 547 βρενθυό-

172 566 263 592 μενος.

204 604 289 630 Πέντε
300 603 328 630 δὲ
341 603 499 639 θυγατέρων
527 604 659 639 ὑπάρχων
687 604 788 638 πατὴρ,
805 604 843 636 ὡς
854 605 958 640 προλα-

169 649 247 676 6ὼνὸ
268 650 345 683 λόγος
365 650 502 684 ἀπέιρηνε,
524 651 571 676 καὶ
600 649 715 685 ἄρρενος
742 649 844 685 ἔρημος
865 650 957 684 γονῆς,

173 696 223 730 τὴν
237 695 332 721 πασῶν
346 696 463 729 ἐσχάτην
482 695 592 729 Μαρίαν
607 694 830 729 ὑπερδαλλόντως
844 694 958 728 ἀγαπω-

178 742 261 776 μένην
278 740 353 775 αυτῴ
369 740 424 766 δεῖν
437 739 512 775 ᾠήθη
531 739 661 773 συζεῦξαι
687 740 776 774 ἀνδρί.
797 740 827 765 ’0
842 740 959 775 νυμφίος

168 790 197 816 δὲ
208 787 241 824 ἦν
254 789 302 824 τῆς
313 788 366 814 τῶν
378 789 523 824 Κρηνιτῶν
537 787 593 822 (97)
607 789 716 822 γενεᾶς,
726 787 818 824 χώρας
828 788 881 814 τῶν
895 788 958 823 ’Λρ-

171 837 282 872 μενίων,
304 836 422 868 Ἀλέξιος
438 836 568 871 τοῦνομα⁹
579 836 697 871 Μωσηλὲ
715 838 764 872 τὴν
786 836 956 871 ἐπωνυμίαν,

167 883 207 918 τῷ
222 883 286 910 εῖδει
312 883 423 917 ὡραῖος,
439 883 570 918 ἀκμάζων
584 883 634 917 τὴν
648 882 767 918 ἡλικίαν.
784 882 883 917 Πρῶτα
908 882 958 917 μὲν

1012 282 1069 312 bat,
1087 286 1187 309 eterat
1209 282 1384 315 recalvaster,
1416 282 1478 310 ideo
1501 282 1592 310 edicto
1616 281 1690 310 edito
1715 282 1797 316 jussit

1010 327 1101 355 crines
1113 328 1147 355 ab
1162 329 1288 356 omnibus
1309 329 1416 357 tonderi
1441 337 1530 365 neque
1551 329 1585 357 ab
1600 329 1656 357 ullo
1673 330 1797 357 Romano

1011 374 1082 401 ultra
1097 374 1198 401 collum
1213 375 1348 403 demissos
1366 377 1467 410 gestari
1482 386 1489 410 ;
1516 377 1663 411 sanxitque
1676 377 1796 404 edictum

1009 419 1085 455 gravi
1103 419 1252 454 ﬂagrorum
1276 421 1422 456 supplicio,
1437 422 1593 457 priscorum
1608 421 1795 450 Romanorum

1011 467 1138 495 virtutem
1159 475 1287 495 revocare
1307 467 1431 496 studens.

1045 600 1168 635 Cumque
1181 602 1305 633 haberet,
1326 607 1354 629 ut
1370 609 1452 636 supra
1470 602 1695 633 memoravimus,
1711 601 1796 635 quin-

1009 654 1063 681 que
1078 647 1157 679 ﬁlias,
1189 652 1216 674 et
1238 647 1359 674 mascula
1386 647 1460 682 prole
1476 652 1591 679 careret,
1612 656 1644 675 ex
1661 647 1695 675 iis
1712 648 1796 675 mini-

1010 701 1081 719 mam
1101 697 1166 720 natu
1179 699 1206 720 et
1224 694 1375 728 impensius
1389 693 1440 721 sihi
1455 694 1567 728 reliquis
1588 694 1725 726 dilectam,
1746 702 1796 722 no-

1009 740 1083 767 mine
1101 738 1214 766 Mariam
1227 759 1234 771 ,
1249 740 1345 767 statuit
1363 739 1422 766 viro
1444 744 1558 774 nuptum
1574 739 1694 767 tradere.
1712 739 1796 766 Mari-

1009 790 1066 812 tum
1080 786 1103 812 ei
1118 785 1218 820 delegit
1231 785 1357 812 Alexium
1373 789 1557 821 cognomento
1584 785 1723 816 Mosclcm,
1745 784 1795 812 Ar-

1010 832 1130 859 menium
1144 836 1237 866 gente,
1251 839 1282 858 ex
1299 830 1473 858 Crenitarum
1489 832 1611 864 natione,
1638 831 1725 858 forma
1739 831 1796 859 ele-

1009 882 1116 912 gantem
1130 885 1161 904 ac
1186 877 1326 904 ﬂorentem
1343 882 1433 904 aetate.
1453 876 1522 904 Huic
1539 878 1646 912 patricii
1664 878 1796 912 primum,

169 930 203 963 τῇ
213 929 267 954 τῶν
279 929 432 963 πατρικίων
444 928 492 955 καὶ
505 928 667 955 ἀνθυπάτων
684 929 805 963 τιμήσας
816 928 889 963 ἀξίᾳ,
899 926 957 955 εἶτα

1011 924 1109 950 deinde
1126 923 1300 958 proconsulis
1323 923 1456 950 honorem
1472 923 1598 955 contulit,
1617 922 1717 951 deinde
1736 930 1795 950 ma-

169 975 218 1001 καὶ
238 974 390 1009 μάγιστρον
404 974 452 1000 καὶ
470 973 585 1009 ὕστερον
599 974 737 1009 Καίσαρα,
766 973 959 1009 στρατεύματά

168 1028 198 1045 τε
212 1019 274 1051 δοὺς
287 1019 361 1051 αὐτῷ
374 1020 455 1046 ἱκανά
466 1019 534 1054 πρὸς
545 1020 595 1053 τὴν
607 1019 807 1054 Λογγιὸαρδίαν
819 1019 958 1054 ἐξέπεμψε

167 1066 263 1101 χρείας
288 1065 505 1100 κατεπειγούσης
526 1066 609 1097 τινός.
627 1066 681 1092 Καὶ
706 1066 720 1092 ό
741 1066 791 1100 μὲν
809 1066 892 1101 ἀπῄει
909 1075 960 1093 κα-

167 1111 224 1143 λῶς
238 1113 272 1139 τὰ
287 1111 349 1138 κατ’
379 1112 464 1148 αὐτὴν
483 1111 613 1144 ἐξανύων,
634 1112 681 1139 καὶ
700 1112 737 1143 ὡς
750 1112 837 1138 ἐδόκει
857 1111 895 1146 τῷ
912 1111 957 1146 βι-

168 1157 248 1184 σιλεῖ.
263 1156 305 1193 [Ρ.
321 1156 385 1193 525]
403 1157 448 1183 Διὸ
463 1157 510 1183 καὶ
523 1157 631 1193 ἤκμαζε
645 1157 694 1192 μὲν
707 1157 721 1183 ό
736 1157 804 1191 πρὸς
818 1157 900 1184 αὐτὸν
912 1157 959 1184 πό-

167 1203 225 1235 Θος,
250 1203 412 1239 συνήκμαζε
428 1203 456 1230 δὲ
472 1203 519 1230 καὶ
534 1204 548 1230 ὁ
561 1203 591 1235 ἐξ
615 1203 768 1238 ἀνθρώπων
786 1203 896 1238 φθόνος,
907 1203 955 1230 κοιλ¹

167 1250 306 1277 διέῦαλλον
323 1249 403 1276 αὑτὸν
415 1250 452 1281 ὡς
463 1250 510 1283 τῆς
524 1249 663 1284 βασιλείας
683 1248 880 1283 ὲπιῢυμοῦντα,
889 1257 957 1284 προ-

167 1295 305 1326 στιθέντες
323 1295 359 1326 ὡς
371 1295 471 1331 δήποτε
488 1294 518 1321 τὸ
532 1303 552 1322 α
567 1295 614 1321 τοῦ
627 1297 643 1322 0
658 1295 714 1330 (98)
730 1295 956 1330 κατακυριεῦσαι.

167 1341 258 1376 ’Δπερ
277 1341 308 1376 δὴ
329 1341 530 1376 πυνθανόμενος
548 1342 561 1367 ὁ
576 1341 695 1376 Καῖσαρ,
715 1341 763 1367 καὶ
787 1340 834 1367 τοῦ
861 1341 957 1375 φθόνου

167 1387 266 1421 ὥσπερ
277 1386 464 1422 ἀκροώμενος,
478 1385 563 1412 πολλὰ
579 1386 625 1412 τοῦ
639 1385 772 1420 βασιλέως
786 1386 877 1412 ἐδέετο
893 1393 958 1419 συγ-

165 1432 326 1468 χωρηθῆναι
350 1433 431 1458 αὑτὸν
456 1432 524 1466 πρὸς
543 1431 587 1458 τδν
620 1432 727 1467 μονήρη
755 1431 958 1466 μετατάξασθαι

166 1478 237 1515 βίον.
261 1478 343 1505 Ἀλλὰ
358 1478 437 1504 τοῦτο
451 1478 501 1512 μὲν
511 1478 525 1503 ὁ
546 1476 673 1511 βασιλεὺς
686 1477 736 1504 οὐκ
751 1477 897 1513 ἐπέτρεψε,
909 1477 959 1512 τὴν

165 1523 283 1559 χηρείαν
299 1523 349 1558 τῆς
375 1522 512 1557 θυγατρὸς
531 1521 740 1557 εὐλαϐούμενος,
754 1522 800 1549 καὶ
817 1523 831 1549 ό
849 1523 958 1558 Καῖσαρ

165 1569 264 1604 lite-13v
279 1569 322 1602 ἐφ’
336 1570 452 1603 ἡσυχίας
472 1569 528 1600 τοῖς
552 1567 693 1602 δημοσίοις
714 1567 954 1603 ὲνασχολούμενος.

171 1614 217 1646 Ὦς
233 1614 255 1640 δ’
272 1614 410 1648 ἀπετὲχθη
423 1614 462 1648 τῷ
472 1613 579 1648 βασιλεῖ
593 1614 606 1639 ὁ
618 1613 728 1648 Μιχαὴλ
742 1614 813 1649 καὶὴ
829 1613 876 1640 τοῦ
893 1614 956 1640 Καί-

166 1668 252 1696 σαρος
271 1659 379 1695 γαμετὴ
393 1660 488 1694 Μαρία
513 1659 559 1685 τδν
575 1658 633 1694 βίον
664 1658 826 1693 μετήλλαξε,
854 1658 956 1693 ταύτην

167 1705 220 1742 μὲν
231 1705 317 1737 οὕτως
329 1705 459 1740 ἐτίμησεν
473 1705 510 1736 ὼς
524 1705 570 1731 τὸν
583 1705 680 1739 νεκρὸν
696 1705 782 1739 αὐτῆς
799 1705 828 1731 ἐν
839 1704 956 1739 λάρνακι

165 1752 255 1779 θεῖναι
272 1750 534 1786 περιηργυρωμὲνῃ,
551 1753 597 1777 καὶ
610 1751 722 1777 ἀσυλίαν
731 1750 820 1777 δοῦναι
833 1750 871 1784 τῷ
880 1751 957 1785 τάφῳ

165 1799 223 1828 τοῖς
238 1797 280 1830 ἐφ’
296 1797 364 1827 οἵοις
372 1796 473 1830 δήποτε
483 1795 656 1830 ἐγκλήμασιν
667 1795 778 1822 ἁλοῦσιν
789 1795 955 1830 ἀνθρώποις,

166 1843 218 1870 Τδν
233 1843 263 1869 δὲ
282 1841 400 1874 Ἀλέξιον
414 1840 502 1875 λάθρα
520 1841 745 1875 μεταταξάμενον
764 1840 810 1867 καὶ
822 1841 852 1866 τὸ
871 1849 952 1875 μονα-

166 1888 244 1922 χικὶιν
260 1885 466 1920 ἀμφιεσάμενον
479 1884 583 1919 σχῆμα,
600 1884 662 1910 ἐπεὶ
693 1883 732 1919 μὴ
761 1884 855 1911 ἔπειθε
878 1884 957 1910 τοῦτο

167 1930 329 1963 ἀποῦαλεῖν,
354 1930 430 1963 μόλις
457 1929 547 1959 ἐᾶσαι.
566 1928 692 1960 δεδωκὼς
716 1929 790 1964 αὐτῷ
805 1930 846 1960 εἰς
859 1929 959 1955 ἐνδιαί-

166 1983 244 2012 τημα
259 1975 288 2001 τό
302 1983 330 2002 τε
347 1975 419 2001 κατά
438 1973 629 2008 Χρυσούπολιν
652 1974 790 2009 βασιλικὸν
820 1975 957 2010 μοναστή-

168 2030 237 2058 ριον,
258 2021 298 2048 ἔτι
314 2022 341 2048 δὲ
356 2020 447 2047 καὶτὸ
472 2020 519 2047 τοῦ
538 2020 667 2056 Βρύσεως
690 2020 736 2048 καὶ
752 2021 782 2048 τὸ
811 2021 881 2047 κατὰ
909 2021 957 2056 τὴν

175 2068 295 2095 Ἐλαίαν.
315 2067 434 2097 Ἐκεῖνος
449 2068 477 2093 δὲ
498 2068 538 2103 τῷ
549 2067 620 2094 κατά
634 2067 684 2103 τὴν
699 2067 888 2102 Χρυσοὺπολιν
900 2067 957 2094 ὄντι

167 2114 384 2149 ἰνδιαιτὼμενος,
400 2114 459 2140 ἐπεί
474 2122 538 2140 ποτε
554 2114 707 2149 περιπάτου
718 2113 814 2148 ἐδεήθη
830 2113 958 2140 καὶκατὰ

167 2160 213 2186 τὸν
230 2159 371 2194 Ἀνθεμίου
385 2159 532 2194 λεγόμενον
549 2159 632 2185 τόπον
645 2159 764 2193 ἐγένετο.
786 2158 874 2185 είλετο
896 2158 958 2184 τοῦ-

169 2213 215 2231 τον
228 2205 271 2231 διὰ
288 2205 431 2240 βασιλικῆς
456 2205 634 2240 προστάξεως
659 2204 847 2239 ἐξωνήσασθαι
860 2212 867 2220 ·
889 2205 918 2231 ἐν
935 2201 958 2238 ᾧ

1009 969 1124 1003 gistrum
1139 977 1171 996 ac
1187 969 1297 996 tandem
1317 968 1453 996 Caesarem
1466 969 1539 1001 fecit,
1559 969 1738 1004 exercituque
1750 976 1798 996 co-

1010 1015 1088 1050 pioso
1105 1015 1270 1042 instructum
1289 1015 1316 1041 in
1329 1013 1551 1049 Longohardiam
1563 1014 1648 1047 misit,
1662 1015 1746 1042 rebus
1758 1014 1796 1041 ita

1009 1061 1197 1095 poscentibus.
1223 1060 1261 1087 Eo
1288 1060 1427 1095 profectus
1444 1060 1558 1087 Alexius
1586 1067 1642 1086 rem
1665 1060 1798 1094 praeclare

1009 1106 1092 1141 gessit
1118 1112 1144 1133 et
1166 1114 1198 1134 ex
1225 1106 1361 1134 sententia
1382 1108 1483 1133 soceri.
1500 1105 1562 1139 Quo
1582 1105 1684 1133 factum
1705 1109 1746 1134 est
1766 1110 1798 1133 ut

1009 1157 1150 1180 crescente
1164 1153 1224 1188 ejus
1240 1152 1378 1180 desiderio
1392 1153 1473 1180 simul
1499 1152 1602 1180 invidia
1618 1159 1727 1188 quoque
1747 1160 1797 1178 au-

1009 1203 1149 1233 gesceret;
1169 1198 1441 1234 eriminabanturque
1456 1206 1517 1226 eum
1531 1198 1654 1226 nonnulli
1669 1203 1697 1225 ut
1711 1198 1798 1232 impe-

1010 1245 1042 1271 rii
1069 1245 1210 1279 cupidum.
1229 1244 1441 1280 Addebantque,
1467 1244 1552 1279 919
1581 1244 1640 1272 fore
1669 1248 1697 1271 ut
1722 1252 1739 1271 Α
1768 1244 1795 1270 iu

1010 1298 1044 1318 'rn
1078 1290 1221 1324 imperium
1253 1290 1400 1324 aliquando
1436 1294 1595 1324 occuparet.
1628 1289 1720 1318 Caesar
1750 1289 1794 1316 ubi

1008 1343 1039 1361 ea
1060 1334 1092 1361 ad
1111 1336 1199 1369 ipsum
1216 1340 1280 1362 sunt
1295 1335 1389 1367 allata,
1408 1342 1545 1370 vocesque
1566 1335 1728 1362 mutulorum
1742 1342 1794 1362 au-

1008 1381 1086 1414 divit,
1109 1381 1202 1408 multis
1217 1382 1252 1408 ab
1268 1382 1434 1415 imperatore
1449 1381 1592 1409 contendit
1620 1381 1747 1416 precibus
1767 1385 1798 1409 ut

1008 1427 1061 1455 sibi
1074 1428 1244 1462 permitteret
1257 1427 1291 1454 ad
1304 1428 1385 1455 vitam
1401 1428 1582 1455 monasticam
1598 1428 1728 1456 transire.
1742 1427 1796 1455 Sed

1009 1473 1178 1509 Theophilus
1192 1474 1386 1508 ﬁlialnlmarito
1402 1474 1514 1501 viduare
1527 1481 1580 1501 non
1595 1475 1748 1506 sustinens,
1766 1475 1793 1501 id

1008 1520 1162 1555 denegavit.
1177 1519 1296 1548 Proinde
1321 1520 1435 1548 Alexius
1459 1528 1540 1547 suum
1566 1525 1667 1548 statum
1695 1521 1793 1552 tenuit,

1009 1570 1140 1601 tutusque
1153 1572 1180 1594 et
1205 1574 1320 1595 securus
1343 1567 1542 1602 rempublicam
1559 1568 1656 1603 gessit.
1672 1567 1706 1596 At
1721 1573 1797 1602 post--

1007 1620 1090 1647 quam
1103 1613 1261 1647 imperatori
1283 1613 1356 1640 illius
1365 1612 1517 1641 Michaelus
1530 1617 1612 1640 natus
1628 1617 1681 1646 est,
1695 1619 1721 1640 et
1734 1614 1796 1640 Cu:-

1008 1658 1078 1686 saris
1094 1666 1162 1685 uxor
1174 1658 1247 1686 diem
1265 1666 1346 1686 suum
1358 1659 1439 1690 obiit.
1453 1658 1626 1693 Theophilus
1639 1663 1743 1685 tantum
1763 1658 1797 1686 ﬁ-

1008 1703 1053 1730 lia:
1068 1703 1204 1731 defunctae
1229 1704 1343 1732 honoris
1360 1704 1468 1736 detulit,
1490 1708 1521 1731 ut
1545 1704 1662 1731 cadaver
1682 1703 1708 1730 iu
1729 1711 1795 1731 arca

1010 1754 1123 1784 argento
1139 1750 1256 1777 obducta
1272 1750 1429 1785 reposuerit
1440 1755 1468 1778 et
1479 1750 1672 1784 cujuscunque
1699 1749 1795 1784 ﬂagitii

1008 1796 1062 1823 reis
1090 1796 1245 1830 sepulcrum
1273 1796 1334 1830 ejus
1350 1796 1454 1831 asylum
1470 1795 1654 1823 constituerit.
1671 1794 1795 1822 Aleximn

1008 1848 1072 1868 vero
1082 1842 1151 1868 clam
1163 1841 1244 1867 vitam
1257 1842 1434 1876 habitumque
1444 1841 1627 1869 monasticmu
1639 1841 1794 1875 amplexum

1008 1894 1071 1913 cum
1087 1887 1122 1914 ab
1137 1886 1264 1914 instituto
1287 1887 1428 1914 suadendo
1455 1895 1508 1914 non
1537 1886 1695 1919 deduceret,
1722 1894 1796 1922 aegre

1009 1932 1122 1958 missum
1146 1931 1209 1958 fecit
1221 1952 1229 1963 ,
1249 1931 1329 1965 eique
1344 1931 1416 1958 dono
1430 1931 1506 1958 dedit
1521 1932 1626 1966 regium
1643 1931 1716 1966 quod
1735 1934 1796 1958 erat

1008 1977 1170 2012 Chrysopoli
1188 1977 1404 2009 monasterium,
1422 1977 1514 2012 Brysci
1537 1984 1657 2012 quoque,
1677 1981 1704 2004 et
1722 1976 1794 2011 quod

1008 2028 1068 2050 erat
1083 2023 1116 2050 ad
1131 2022 1242 2055 Elmam,
1256 2023 1283 2050 in
1299 2023 1400 2057 quibus
1415 2023 1499 2050 vitam
1513 2023 1633 2058 degeret.
1643 2022 1755 2050 Alexius
1768 2023 1795 2050 in

1009 2068 1239 2104 Chrysopolitano
1257 2069 1333 2096 vixit.
1357 2068 1482 2104 Cumque
1499 2069 1648 2104 aliquando
1664 2069 1796 2096 deambu-

1010 2114 1082 2141 laudi
1102 2114 1189 2149 gratia
1205 2114 1238 2141 ad
1266 2115 1356 2141 locum
1375 2115 1495 2142 vertisset
1510 2114 1556 2149 qui
1569 2114 1709 2142 Anthemii
1725 2114 1795 2142 dici-

1011 2164 1065 2189 tur.
1097 2160 1271 2194 imperatoris
1300 2159 1429 2187 mandato
1455 2161 1602 2195 impetrato
1628 2167 1690 2187 eum
1716 2159 1795 2192 emit.

1010 2210 1259 2241 sumptuosumque
1278 2205 1314 2233 ibi
1328 2206 1451 2234 condidit
1467 2206 1681 2237 monasterium;
1697 2205 1722 2232 in
1738 2213 1795 2240 quo

169 2250 217 2277 καὶ
236 2252 427 2285 ,μοναστήριον
443 2250 654 2280 κατασκευάσας
670 2249 825 2282 πολυτελὲς,
837 2249 883 2275 τὸν
900 2249 957 2284 βίον

1011 2256 1073 2286 post
1086 2257 1201 2279 mortem
1224 2252 1348 2287 sepultus
1368 2257 1421 2287 est,
1438 2258 1465 2280 et
1479 2260 1541 2279 cum
1556 2252 1615 2287 ipso
1637 2251 1721 2283 frater
1734 2251 1795 2286 ejus

169 2296 344 2331 ἑκλιμπάνων
363 2296 441 2331 ἐτέθη
462 2297 564 2329 ἐκεῖσε,
592 2296 642 2322 σὺν
660 2294 735 2331 αὐτῷ
762 2295 791 2321 δὲ
811 2294 858 2321 καὶ
873 2295 959 2321 ὀτού-

168 2350 215 2368 του
230 2341 344 2376 ἀδελφὸς
357 2341 497 2373 Θεοδόσιος
512 2341 541 2373 ὲς
557 2341 720 2377 πατρικίους
731 2340 857 2372 τελέσας,
872 2340 959 2367 πολλὰ

169 2387 349 2422 γνωρίσματα
369 2387 417 2422 τῆς
430 2386 514 2413 αὐτοῦ
531 2387 648 2422 ἀρίστης
665 2385 756 2421 βιοτῆς
772 2386 800 2412 ὲν
819 2384 857 2421 τῷ
874 2393 958 2420 μονα-

170 2434 274 2469 στηρίῳ
288 2433 457 2460 καταλιπών.

203 2479 257 2507 Τοῦ
288 2480 316 2506 δὲ
340 2480 464 2516 ἀρχηγοῦ
492 2480 548 2507 τῶν
580 2479 705 2515 Ἀράϐων
725 2479 861 2516 Ὶμπραὴλ
886 2478 956 2506 κατὰ

173 2524 321 2559 Ῥωμαίων
351 2525 601 2560 ἐκστρατεύσαντος
629 2525 701 2552 καὶὸ
725 2525 853 2560 Θεόφιλος
880 2525 956 2552 ἀντι-

169 2569 393 2605 φιλοτιμούμενος
408 2571 518 2604 ἐξεισιν,
530 2570 604 2597 ἅπαν
616 2570 675 2601 δέος
691 2570 845 2598 ἀποϐαλών.
860 2571 891 2598 Et
901 2570 955 2606 γάρ

168 2623 195 2642 τι
210 2615 258 2642 καὶ
280 2617 397 2652 προσῆν,
411 2616 468 2643 ἀλλ’
483 2617 501 2651 ἠ
517 2617 573 2643 τῶν
600 2615 735 2643 συνόντων
752 2616 825 2651 αὐτῷ
852 2616 956 2652 ἀνδρῶν

169 2661 240 2689 κατά
252 2661 390 2697 πολέμους
404 2664 487 2698 πεῖρα
504 2663 551 2690 καὶ
563 2662 723 2698 γενναιότης
733 2662 769 2694 ὼς
785 2663 956 2697 πορρωτάτω

168 2707 248 2735 τοῦτο
259 2708 354 2736 ἐτίθει.
367 2709 500 2745 Θεόφοδος
510 2709 533 2736 oi
551 2708 647 2743 ἄνδρες
661 2706 732 2743 ἦσαν
756 2708 801 2734 καὶ
815 2708 954 2744 Μανουήλ.

1013 2296 1196 2330 Theodosius,
1214 2298 1261 2332 qui
1278 2299 1422 2333 patriciam
1448 2298 1608 2333 dignitatem
1625 2302 1794 2326 consecutus

1012 2343 1096 2370 multa
1109 2343 1218 2377 optimae
1230 2350 1286 2370 suae
1297 2344 1359 2370 vita:
1369 2343 1529 2371 documenta
1540 2351 1574 2371 eo
1584 2343 1611 2370 in
1629 2342 1795 2371 monasterio

1010 2389 1170 2423 reliquerat.

1044 2476 1112 2504 Cum
1129 2480 1219 2503 autem
1236 2475 1384 2510 lmpraelus
1396 2477 1515 2505 Arabum
1529 2477 1584 2505 dux
1607 2477 1795 2512 expeditiones

1010 2527 1107 2549 contra
1139 2521 1280 2549 Romanos
1302 2521 1386 2557 920
1411 2523 1600 2558 suscepisset,
1627 2522 1795 2558 Theophilus

1009 2577 1119 2604 quoque
1142 2569 1276 2597 adversus
1302 2576 1364 2596 eum
1381 2569 1476 2604 copias
1497 2577 1562 2597 suas
1583 2568 1690 2600 eduxit,
1719 2568 1793 2596 oumi

1010 2619 1085 2642 metu
1102 2614 1218 2650 abjeeto.
1241 2613 1309 2641 Nam
1331 2614 1382 2641 etsi
1408 2614 1511 2649 aliquid
1527 2614 1634 2641 timoris
1658 2614 1794 2647 subesset,

1009 2669 1071 2689 eum
1088 2666 1178 2689 tamen
1193 2661 1274 2689 facile
1290 2661 1454 2697 proﬂigabat
1466 2661 1598 2689 comitum
1622 2660 1796 2695 imperatoris

1009 2708 1097 2735 virtus
1111 2715 1144 2735 ac
1156 2708 1264 2743 peritia.
1292 2707 1464 2743 Theophobi,
1480 2707 1603 2744 inquam,
1619 2711 1646 2735 et
1666 2705 1796 2742 Manueli.

720 2762 727 2774 .
746 2786 925 2814 XYLANDBI
944 2785 988 2812 ET
1014 2785 1119 2814 GOARI
1139 2785 1256 2814 NOTIE.

203 2846 260 2880 (97)
279 2845 357 2881 Apud
378 2844 512 2881 Zona_ram
527 2852 596 2880 pert
616 2844 716 2881 legitur
735 2843 883 2879 Κρινιτῶν,
900 2841 1068 2870 Crinilarum
1082 2849 1130 2870 seu
1143 2842 1399 2871 Crinilorum.XrL.

204 2878 261 2916 (98)
277 2878 388 2908 ΑῙωιίυι
403 2881 429 2907 in
445 2878 717 2915 TlteopltiluanXvL.

334 2928 467 2959 PATROL.
493 2927 549 2958 Gtt.
569 2927 679 2959 CXXI.

1595 2917 1636 2949 32
