2046 3149
224 150 289 181 1007

860 151 1018 183 GEORGII
1038 151 1204 181 CEDRENI

1770 151 1841 184 1003

219 212 290 240 δεδι-ο
302 205 327 233 id
345 204 427 238 ferre.
444 205 642 241 Craterumque
663 206 847 234 eﬂerninatum
874 211 900 234 et
918 207 1003 234 evira-

1059 207 1175 242 ηγὸςθ)
1192 206 1324 240 γεγονὼς,
1338 207 1450 242 πλησίον
1460 208 1499 243 τῷ
1518 208 1622 243 βασιλεί
1639 207 1783 243 παρεστὼς
1796 208 1842 241 ἔξ-

219 256 276 278 tum
297 251 450 286 increpare,
466 252 512 286 qui
529 251 582 278 tale
599 255 728 286 priestare
743 251 801 286 ipse
819 252 885 279 nihil
903 255 1004 286 posset.

218 298 318 325 Contra
348 298 479 326 Craterus
509 298 615 324 duabus
645 298 730 325 hastis
758 305 788 325 se
810 297 916 325 nescire
945 298 1004 324 uti:

219 351 306 378 neque
324 345 396 371 enim
411 344 462 370 hoc
482 343 622 375 didicisse,
639 343 712 377 quod
727 343 768 370 his
789 344 868 378 nugis
889 343 914 370 in
936 343 1006 370 bello

219 389 285 416 nihil
314 396 384 423 opus
409 389 497 422 foret;
529 397 558 416 se
589 388 635 416 Dei
667 389 769 416 auxilio
801 390 899 416 fretum
925 389 1006 416 unica

219 436 294 461 hasta
319 434 402 461 istum
432 441 504 469 equo
534 434 754 462 deturbaturum.
783 434 931 469 Imperator
963 434 1007 462 his

218 480 306 507 verbis
343 480 467 508 irritatus
501 488 550 515 per
582 488 660 508 suum
682 481 768 516 ipsius
788 485 871 516 caput
899 481 1004 516 jurare,

217 524 332 552 Cratero
355 532 385 552 se
412 525 494 552 vitam
511 529 682 560 erepturum,
707 526 760 553 nisi
787 527 912 561 impleret
934 526 1006 554 iacto

217 570 288 603 quod
307 571 399 598 verbis
420 570 559 605 iactasset.
582 571 614 598 Et
632 570 794 598 Theodorus
822 571 914 599 statim
939 579 1006 599 con-

217 623 316 643 seenso
334 625 405 651 equo
424 617 559 652 hastaque
576 622 684 652 sumpta
701 625 764 644 cum
795 617 934 644 Saraceno
950 625 1007 644 ma-

219 670 284 689 num
315 662 476 695 conseruit,
507 663 618 698 ciloque
648 671 710 690 eum
741 671 811 697 equo
838 663 1005 698 praecipitem

217 707 326 741 dejecit.
366 707 474 735 Pudore
501 709 611 743 quidem
640 709 753 736 allectus
777 713 819 736 est
847 709 1005 743 imperator,

218 755 252 780 ab
268 754 396 782 eunucho
424 754 561 789 deiectum
578 763 693 782 cernens
717 754 882 782 Saraccnum
901 763 907 781 :
925 754 1005 789 925

219 804 308 826 Iamen
330 805 358 827 et
382 801 510 828 virtutem
525 801 646 828 nominis
669 806 812 829 veneratus
825 806 852 829 et
872 808 937 828 suos
960 808 1006 827 re-

218 845 322 873 veritus
355 847 442 874 amice
474 847 667 882 compellatum
701 846 846 875 Craterum
881 846 1005 874 vestibus

219 890 330 918 honoris
345 899 427 919 causa
441 892 563 920 donavit.

1058 251 1227 287 εμυκτήριζε
1245 252 1290 278 τὸν
1309 253 1470 288 Ἀγαρηνὸν,
1489 254 1572 288 μηδὲν
1587 254 1708 288 ἀνδρεῖον
1729 254 1844 287 φάσκων

1059 298 1127 332 μηδὲ
1144 298 1366 333 καταπληκτικὸν
1382 298 1596 333 ἐνδεικνύμενον.
1610 296 1644 335 ᾯ
1661 300 1708 326 καὶ
1723 299 1844 334 χαλεπή-

1057 345 1127 376 ναςό
1141 343 1267 378 βασιλεύς
1284 353 1290 360 ⁸
1323 344 1402 371 Ἀλλὰ
1423 346 1465 376 σὺ,
1479 342 1501 371 ὧ
1513 344 1643 380 θηλυδρία
1659 345 1705 371 καὶ
1716 344 1843 379 ἄνανδρε,

1058 389 1171 417 δύνασαί
1186 398 1213 416 τι
1228 390 1350 417 τοιοῦτον
1385 390 1575 425 ὲργάσασθσι;
1613 390 1772 417 ’Υπολαϐὼν
1789 390 1816 417 δὲ
1829 391 1845 417 ὁ

1059 436 1210 471 Κρατερός·
1224 445 1232 461 ι
1252 435 1303 461 Δύο
1316 436 1375 470 μὲν,
1387 435 1509 471 βασιλεῦ,
1530 436 1569 471 μὴ
1581 436 1675 471 μαθὼν
1687 435 1747 462 οὐδὲ
1760 444 1845 470 μετα-

1057 481 1228 516 χειρίσασθαι
1244 481 1345 517 δόρατα
1365 482 1482 517 δύναμαι
1494 492 1501 498 ·
1519 483 1579 509 οὐδὲ
1607 483 1662 517 γὰρ
1675 483 1704 508 ἐν
1732 482 1845 516 πολέμῳ

1056 526 1184 562 τοιαύτης
1212 527 1345 562 φλυαρίας
1365 528 1444 562 χρεία
1457 536 1464 543 ·
1484 529 1524 555 ἑνὶ
1555 528 1584 554 δὲ
1607 529 1780 562 χρησάμενος
1794 527 1846 562 τὴν

1057 573 1097 604 εις
1115 572 1181 600 Θεὸν
1197 573 1360 608 πεποίθησιν
1377 574 1430 609 ἔχω
1448 573 1561 608 βεὸαίαν
1583 574 1621 604 ὠς
1648 573 1792 608 κρημνίσω
1811 581 1842 599 τε

1056 617 1152 644 τοῦτον
1164 619 1211 644 καὶ
1226 618 1274 644 τοῦ
1292 619 1376 645 ἵππου
1394 619 1551 646 καταδαλῶ.
1572 628 1581 645 ι
1604 619 1665 646 Ἐπὶ
1675 619 1715 653 τῷ
1730 619 1803 653 λόγῳ
1815 619 1845 644 δὲ

1057 663 1194 698 θυμωθεὶς
1208 665 1220 690 ό
1235 663 1363 699 βασιλεὺς
1378 663 1396 700 ἦ
1413 665 1466 700 μὴν
1483 665 1567 700 ἔφησε
1581 665 1652 691 κατὰ
1676 665 1723 698 τῆς
1744 664 1843 690 ἑαυτοῦ

1057 708 1178 743 κεφαλῆς
1197 709 1243 735 τὸν
1268 709 1348 744 ὅρκον
1378 710 1537 744 ἐπαγαγὼν,
1555 709 1662 744 θανάτῳ
1676 709 1846 745 παραδοῦναι

1056 755 1101 781 τὸν
1115 755 1267 789 Κρατερὸν,
1281 757 1305 781 εἰ
1325 755 1362 791 μὴ
1378 756 1440 788 τοὺς
1455 756 1551 789 λόγους
1564 757 1604 787 εἰς
1629 756 1709 790 ἔργον
1731 756 1843 789 ἀγάγοι.

1063 798 1179 830 Ἀναϐὰς
1203 797 1249 826 οὖν
1278 800 1359 832 εὐθὺς
1375 801 1421 826 τὸν
1441 800 1525 827 ἵππον
1538 801 1552 827 ὁ
1565 801 1701 835 Θεόδωρος
1716 802 1762 827 καὶ
1778 801 1844 835 δ’ἰρυ

1056 844 1147 871 λαϐὼν
1165 845 1346 872 συνεπλέκετο
1360 846 1398 880 τῷ
1412 846 1575 882 Σαρακηνῴ,
1591 847 1639 872 καὶ
1653 847 1682 872 ἐν
1697 846 1728 872 οὐ
1743 846 1845 881 μακρῷ

1021 878 1044 908 Β
1057 891 1096 926 τῷ
1112 891 1201 927 χρόνῳ
1213 891 1259 918 τοῦ
1271 891 1354 918 ἵππου
1365 878 1445 918 αυτὸν
1453 878 1686 928 κατεκρήμνισεν.
1707 878 1845 928 ᾘσχύν-θη

220 936 269 972 μὲν
284 936 330 963 οὖν
344 937 358 964 ὀ
381 937 505 972 βασιλεὺς
519 938 759 972 καταῆεὗλημένον
773 937 834 964 ἰδὼν
847 937 893 965 τὸν
906 936 1063 973 Σαρακηνδν
1080 936 1125 962 ὑπ’
1155 937 1253 972 ἀνδρὸς
1283 937 1424 972 εὐνούχου,
1450 938 1526 972 ὅμως
1559 939 1608 973 τὴν
1629 937 1731 972 ἀρετὴν
1768 936 1846 966 αἱδί,

220 984 293 1015 σθεὶς
306 985 352 1010 τοῦ
370 985 465 1020 ἀνδρὸς
481 985 552 1021 λόγῳ
566 994 595 1012 τε
609 985 854 1022 ἐφιλοφρονήσατο,
870 985 918 1012 καὶ
938 984 1036 1016 στολὰς
1067 984 1114 1010 καὶ
1149 983 1314 1018 περιϐολὰς,
1332 984 1381 1019 τὴν
1418 985 1556 1012 πολιτείαν
1587 984 1755 1020 αἰδούμενος,
1782 984 1847 1010 ἑδω-

220 1029 321 1064 ρήσατο
335 1031 418 1066 αὐτῷ.

257 1076 326 1104 Vere
345 1077 425 1110 inito,
441 1077 610 1113 Theophilus
632 1085 730 1105 rursus
751 1076 903 1104 contractis
919 1076 1006 1112 copiis

219 1123 246 1151 in
278 1123 430 1150 Saracenos
449 1127 548 1153 movet,
571 1127 700 1150 revocato
721 1122 755 1149 ab
778 1122 876 1149 exsilio
900 1121 1008 1156 sibique

219 1169 349 1203 adjuncto
374 1175 469 1196 sancto
496 1169 645 1196 blethodio.
671 1167 782 1195 Solebat
804 1167 856 1194 hoc
881 1166 907 1194 in
930 1167 1006 1194 bellis

219 1214 352 1247 factitare,
366 1214 424 1242 sive
437 1222 492 1250 quo
506 1215 566 1249 eius
582 1213 715 1249 sapientia
729 1213 756 1240 in
773 1212 866 1240 multis
881 1212 1007 1240 obscuris

219 1264 301 1294 atque
323 1260 460 1287 intricatis
489 1260 571 1287 rebus
596 1258 766 1293 explicandis
792 1261 925 1290 uteretur,
949 1257 1008 1286 sive

218 1305 245 1332 id
271 1314 384 1339 carens,
415 1314 449 1333 ne
473 1305 650 1333 rebellionem
666 1305 689 1332 is
703 1311 733 1332 se
749 1303 860 1331 absente
887 1303 1006 1337 aliquam

217 1353 370 1379 concitaret
396 1353 430 1379 ob
459 1358 600 1379 Sacrarmn
631 1351 779 1385 imaginum
808 1349 1005 1376 amolitionem.

217 1398 283 1425 Nam
300 1399 400 1426 civium
426 1399 472 1433 qui
499 1401 577 1425 erant
601 1396 730 1432 praecipui
748 1400 828 1431 atque
844 1403 907 1431 erga
921 1395 1005 1422 Deum

217 1446 264 1480 pii,
281 1453 380 1480 nmgno
396 1446 422 1472 in
435 1445 541 1472 honore
557 1444 694 1472 habebant
708 1443 875 1470 Methodium
891 1450 897 1468 :
913 1442 1004 1477 itaque

215 1500 277 1518 eum
292 1496 353 1526 post
368 1500 396 1519 se
414 1491 569 1526 relinquere
593 1490 751 1525 imperatori
776 1488 931 1516 consultum
948 1495 1002 1514 non

218 1537 369 1564 ridebatur.
388 1537 536 1564 EnimVero
554 1541 610 1563 tum
624 1535 769 1562 commissa
787 1542 876 1570 pugna
900 1534 1003 1562 lsmae-

1097 1074 1142 1110 [P.
1156 1073 1220 1111 526]
1236 1074 1306 1109 Ἴιδη
1321 1074 1349 1101 δὲ
1361 1074 1408 1101 τοῦ
1421 1074 1500 1109 ἔαρος
1518 1074 1724 1110 ὑπολάμποντος
1731 1074 1848 1110 δύναμιν

1057 1121 1137 1148 πάλιν
1153 1119 1290 1156 ἡθροικὼς
1300 1122 1314 1147 ὁ
1331 1121 1462 1155 Θεόφιλος
1475 1121 1559 1152 ἔξεισι
1574 1121 1646 1147 κατὰ
1664 1121 1720 1147 τῶν
1750 1121 1844 1156 Σαρα-

1055 1166 1156 1200 κηνῶν,
1175 1166 1223 1192 καὶ
1250 1165 1295 1192 τὸν
1323 1166 1396 1192 ὅσιον
1418 1166 1548 1192 Μεθόδιον
1571 1167 1602 1192 ἐκ
1617 1166 1667 1201 τῆς
1693 1166 1846 1201 ὑπερορίας

1055 1210 1292 1245 ἀνακαλεσάμενος
1318 1208 1374 1244 εἶχε
1393 1210 1454 1245 μεθ’
1474 1211 1583 1243 ἑαυτοῦ,
1602 1211 1755 1246 εἰθισμένον
1769 1211 1845 1245 αὐτῷ

1055 1257 1084 1283 ὲν
1098 1257 1153 1287 τοῖς
1170 1256 1300 1291 πολέμοις
1315 1258 1394 1282 τοῦτο
1407 1258 1506 1289 ποιεῖν,
1520 1257 1575 1283 εἴτε
1590 1257 1638 1283 τοῦ
1652 1258 1745 1292 ἀσαφῆ
1761 1258 1845 1284 ἕνεκα

1056 1302 1105 1329 καὶ
1120 1302 1227 1333 πολλοῖς
1242 1302 1369 1336 ἄγνωστα
1384 1302 1504 1329 διαλύειν
1515 1303 1558 1329 διὰ
1567 1303 1617 1337 τῆς
1634 1303 1845 1338 ἐνυπαρχούσης

1056 1348 1131 1383 αὐτῷ
1157 1349 1262 1382 σοφίας,
1280 1348 1335 1374 εἴτε
1354 1349 1402 1375 καὶ
1423 1349 1623 1381 ἐπαναστάσεις
1641 1350 1846 1385 φυλαττόμενος

1057 1394 1123 1428 παρ’
1136 1394 1217 1420 αὑτοῦ
1229 1403 1305 1425 τινας
1321 1394 1417 1421 παθεῖν
1427 1395 1471 1421 διὰ
1486 1395 1532 1421 τον
1545 1396 1615 1422 κατὰ
1632 1395 1684 1422 τῶν
1700 1395 1780 1422 θείων
1795 1396 1846 1422 καὶ

1058 1439 1164 1466 σεπτῶν
1181 1440 1293 1466 εἰκόνων
1307 1441 1444 1475 πόλεμονσ
1465 1441 1494 1467 οὐ
1520 1441 1627 1477 μικρῶς
1650 1441 1703 1476 γὰρ
1731 1442 1846 1468 ἐσέϐετο

1056 1488 1102 1514 τδν
1114 1487 1199 1522 ἄνδρα
1214 1487 1244 1514 τὸ
1255 1488 1304 1523 τῆς
1321 1488 1423 1520 πόλεως
1438 1488 1564 1524 ἔκκριτον
1581 1489 1628 1515 καὶ⁹
1642 1488 1776 1524 φιλόθεον.
1793 1489 1846 1516 Διά

1057 1541 1098 1559 τοι
1113 1533 1191 1560 τοῦτο
1208 1534 1255 1560 καὶ
1273 1534 1388 1560 κατόπιν
1400 1534 1448 1569 ὲᾷν
1460 1534 1541 1562 αὑτὸν
1554 1534 1604 1561 οὐκ
1627 1535 1752 1569 ἐφαίνετο
1774 1543 1845 1569 συμ-

219 1582 292 1608 litica
313 1589 356 1608 res
372 1582 498 1616 superior
511 1580 571 1612 fuit,
587 1580 788 1615 imperatorque
803 1580 1003 1607 circumventus

1059 1578 1142 1614 φέρον
1158 1578 1197 1613 τῷ
1214 1578 1329 1613 βασιλεῖ.
1346 1579 1421 1610 Τέως
1436 1579 1459 1606 δ’
1477 1580 1552 1615 ὅμως
1577 1581 1774 1615 συμπεσόντων
1796 1580 1845 1606 ἀλ-

219 1635 286 1661 υαιιιο
318 1627 345 1653 in
372 1633 469 1653 manus
485 1626 606 1653 hostium
622 1626 705 1652 venit.
723 1625 750 1652 Id
778 1624 918 1652 Manuelns
943 1632 1004 1651 sen-

218 1673 300 1702 tiens,
317 1673 370 1699 dux
390 1673 542 1702 exercitus.
568 1671 667 1699 animis
692 1678 805 1698 suorum
822 1671 944 1697 oratione
960 1678 1004 1698 re-

217 1718 353 1750 collectis,
368 1718 441 1752 quod
466 1718 686 1752 indignissimam
715 1724 773 1744 rem
799 1715 1005 1751 forejudicaret

218 1764 241 1791 si
258 1764 398 1791 Romanus
414 1765 564 1799 imperator
591 1763 625 1790 ab
641 1763 720 1790 hoste
747 1766 901 1797 caperetur,
918 1762 1003 1789 auda-

218 1814 278 1836 cter
292 1809 440 1836 discrimen
455 1809 533 1836 adiit.
545 1808 669 1843 Cumque
683 1808 716 1835 ad
738 1808 929 1842 imperatorem
943 1815 1005 1842 per-

218 1855 337 1890 rupisset
353 1855 495 1890 fatigatum
519 1855 575 1890 jam
598 1859 625 1882 et
652 1854 686 1882 de
700 1854 788 1882 salute
801 1854 1002 1888 desperantem,

218 1907 310 1928 tamen
345 1905 504 1929 causantem
534 1900 597 1936 fuga
625 1908 654 1928 se
683 1907 748 1928 suos
775 1899 891 1934 prodere
920 1899 1002 1932 nolle,

219 1949 344 1974 hortatus
367 1952 409 1975 est
427 1948 464 1974 uti
478 1955 507 1974 se
523 1950 684 1982 sequeretur
710 1950 874 1981 praeeuntem
899 1945 1004 1980 iterque

217 1993 395 2028 aperientem.
414 1992 561 2027 Postquam
592 1992 680 2026 ipsum
710 1995 897 2026 erumpentem
918 1991 1004 2025 impe<

217 2043 290 2065 rator
302 2046 317 2066 e
335 2038 450 2072 vestigio
472 2039 636 2065 subsecutus
659 2037 743 2072 926
763 2045 816 2064 non
834 2041 885 2068 est,
901 2036 1002 2068 denuo,

217 2090 245 2111 et
272 2092 334 2110 cum
365 2091 403 2119 ne
429 2083 470 2111 sic
499 2083 609 2118 quidem
638 2082 807 2117 Theophilus
832 2087 1002 2116 sequeretur,

218 2129 330 2157 tertium
347 2137 486 2162 reversus,
506 2135 620 2156 mortem
637 2129 662 2156 ei
691 2128 742 2156 nisi
761 2128 941 2155 comitaretur
953 2127 1004 2154 mi-

217 2180 310 2206 natus,
334 2175 378 2202 vix
395 2175 502 2202 tandem
528 2174 652 2209 praesenti
677 2173 798 2208 periculo
813 2174 922 2208 eripuit.
941 2172 1002 2200 Ideo

217 2220 367 2248 honoribus
390 2227 453 2246 cum
480 2219 614 2254 donisque
635 2218 726 2253 dignis
748 2218 896 2252 imperator
914 2225 1003 2245 remu-

217 2269 329 2292 neratus
343 2269 397 2296 est.
420 2263 619 2291 benefactorem
652 2269 684 2289 ac
713 2267 877 2289 servatorem
900 2261 1002 2289 fassus.

216 2310 350 2338 Caeterum
365 2309 475 2337 invidiae
490 2313 565 2336 tanta
591 2309 632 2335 vis
655 2307 706 2335 l'uit
729 2312 758 2334 ut
774 2316 820 2343 per
837 2308 1002 2335 calumniam

216 2357 406 2391 de'majcstate
419 2359 549 2382 accusalo
569 2353 695 2380 Manuelo
709 2361 847 2380 summum
871 2354 1004 2380 creaverit

217 2403 379 2438 periculum.
395 2401 474 2435 Quod
502 2403 525 2428 is
543 2401 675 2432 sentiens,
704 2405 731 2427 et
758 2400 860 2427 certior
884 2399 970 2427 factus
987 2407 1001 2427 ι

217 2447 379 2474 ﬁdelissimo
397 2446 525 2480 quodam.
539 2446 585 2481 qui
608 2445 754 2480 aliquando
774 2445 825 2479 ipsi
842 2445 1001 2477 servivcrat,

218 2498 282 2521 tunc
307 2498 397 2520 autem
431 2492 588 2526 imperatori
613 2495 672 2518 erat
699 2498 713 2518 a
745 2491 860 2526 poculis.
886 2490 944 2517 fore
971 2494 1000 2517 ut

216 2539 305 2567 oculis
334 2539 368 2565 ab
383 2538 434 2565 hoc
449 2537 613 2572 privaretur,
631 2535 810 2564 deiectionem
827 2539 940 2563 conatus
959 2540 1000 2563 est

217 2584 381 2619 transiitque
396 2583 429 2610 ad
442 2582 593 2617 Agarenos.
623 2581 734 2616 Magnus
762 2582 843 2609 etiam
860 2581 932 2616 apud
951 2581 1000 2608 hos

217 2631 268 2658 fuit
283 2637 316 2657 ac
344 2629 461 2658 summis
487 2628 641 2655 honoribus
667 2628 790 2655 atl‘ectus.
814 2626 881 2654 Nam
902 2634 1000 2662 magno

215 2676 381 2702 instructum
402 2673 524 2701 exercitu
547 2673 663 2708 Λυσι-οιιί
690 2673 825 2698 miserunt
847 2675 943 2698 contra
963 2671 1001 2697 vi-

215 2721 293 2749 cinos
304 2728 368 2749 suos
384 2722 488 2754 hostes,
511 2720 558 2755 qui
584 2722 718 2746 vocantur
731 2717 874 2744 Cermataa.
890 2716 1002 2744 Manue-

1056 1622 1148 1658 λήλοις
1172 1624 1228 1649 τῶν
1260 1625 1480 1659 στρατευμάτων,
1507 1624 1554 1651 καὶ
1579 1624 1634 1651 τῶν
1661 1624 1844 1660 Ἰσμαηλιτῶν

1056 1669 1290 1704 ὑπερτερούντων,
1319 1671 1458 1697 κύκλωσιν
1475 1671 1580 1706 ὑπέστη
1602 1672 1616 1697 ὁ
1641 1670 1768 1706 βασιλεὺς
1794 1672 1844 1698 καὶ

1055 1715 1106 1749 ἤδη
1119 1714 1256 1749 ἁλώσιμος
1269 1713 1313 1750 ἦν.
1333 1716 1366 1742 '0
1380 1715 1412 1751 δὴ
1430 1716 1477 1743 καὶ
1497 1716 1592 1751 μαθὼν
1616 1717 1743 1752 Μανουὴλ
1758 1718 1772 1743 ὀ
1793 1717 1843 1743 τοῦ

1056 1761 1172 1796 στρατοῦ
1199 1761 1392 1796 ἐξηγούμενος,
1414 1762 1461 1788 καὶ
1485 1762 1571 1789 δεινὲν
1597 1763 1771 1799 ἡγησάμενος
1798 1763 1844 1789 δο-

1057 1806 1194 1840 ρυά).ωτον
1209 1806 1322 1841 βασιλέα
1339 1807 1484 1842 Ῥωμαίων
1503 1808 1578 1842 ἰδεῖν,
1592 1809 1655 1840 τοὺς
1676 1809 1741 1844 περὶ
1759 1809 1843 1836 αὑτὸν

1058 1850 1250 1886 ἀναθαρρύνας
1265 1852 1352 1888 εἰσῄει
1367 1853 1436 1887 μετὰ
1452 1853 1568 1888 θάρσους
1579 1854 1624 1880 τὸν
1639 1854 1771 1881 κίνδυνον.
1797 1853 1843 1885 Ὡς

1056 1897 1079 1923 δ’
1092 1894 1157 1933 εὗρε
1177 1899 1301 1934 καμόντα
1312 1899 1357 1925 τὸν
1375 1898 1488 1934 βασιλέα
1502 1899 1548 1926 καὶ
1564 1900 1614 1934 τὴν
1631 1900 1766 1936 σωτηρίαν
1785 1901 1844 1928 ἁπ-

1056 1943 1204 1977 εγνωκότα,
1218 1943 1454 1980 προφασιζόμενον
1468 1945 1496 1971 δὲ
1513 1945 1550 1980 μὴ
1564 1945 1706 1980 βούλεσθαι
1719 1946 1764 1972 τὸν
1776 1945 1842 1973 λαὸν

1056 1989 1192 2023 φεύγοντα
1221 1990 1401 2017 καταλιπεῖν·
1433 1991 1500 2024 Ἀγε
1529 1991 1572 2026 δὴ,
1604 1993 1696 2027 φησὶν,
1725 1989 1843 2027 ὧβασι-

1055 2033 1113 2067 λεῦ,
1127 2035 1194 2061 ἕπου
1215 2044 1260 2070 μοι
1277 2037 1508 2071 προπορευομένῳ
1523 2038 1571 2064 καὶ
1588 2038 1637 2073 τὴν
1653 2038 1712 2064 ὀδόν
1735 2047 1776 2064 σοι
1795 2039 1842 2064 εὐ-

1055 2079 1173 2117 ρύνοντι.
1194 2091 1203 2108 ι
1231 2081 1275 2113 Ὧς
1295 2082 1317 2108 δ’
1339 2083 1352 2108 ὁ
1375 2082 1505 2118 Μανουὴλ
1521 2083 1605 2119 ἐξῄει,
1631 2085 1645 2110 ὁ
1667 2083 1794 2118 βασιλεὺς
1811 2084 1842 2111 δὲ

1055 2127 1234 2162 κατεπτηχὼς
1249 2128 1297 2163 οὐχ
1313 2128 1414 2160 εἵπετο.
1432 2129 1513 2155 πάλιν
1525 2130 1557 2155 ἐκ
1571 2129 1698 2163 δευτέρου
1708 2130 1843 2164 ὑποστρέ-

1054 2171 1103 2206 ψαι
1119 2172 1289 2208 ἠναγκάσθη.
1312 2173 1356 2205 Ὠς
1372 2173 1400 2200 δὲ
1412 2175 1459 2200 καὶ
1473 2174 1555 2201 πάλιν
1572 2175 1719 2209 ἠστόχησε,
1737 2175 1766 2200 τὸ
1778 2175 1841 2209 τρί-

1054 2225 1100 2244 τον
1115 2218 1294 2253 ἐπιστραφεὶς
1308 2219 1422 2246 θάνατον
1445 2219 1594 2254 ἠπείλησεν
1625 2222 1649 2246 εἰ
1679 2220 1716 2255 μὴ
1732 2220 1839 2252 ἕποιτο,

1056 2263 1103 2290 καὶ
1119 2263 1204 2295 οὕτως
1217 2263 1266 2299 ὀψὲ
1282 2265 1328 2291 καὶ
1345 2265 1422 2299 μόλις
1440 2264 1488 2291 τοῦ
1511 2265 1636 2292 κινδύνου
1652 2266 1776 2292 διέσωσε.
1792 2265 1841 2292 Διὸ

1054 2310 1147 2343 τιμαῖς
1161 2309 1255 2336 τοῦτον
1265 2310 1400 2342 ἀνταξίοις
1417 2310 1576 2343 ἐδεξιώσατο
1589 2311 1637 2337 καὶ
1650 2311 1766 2346 δωρεαῖς
1776 2311 1839 2337 ἑθε-

1055 2355 1202 2389 ράπευσεν,
1222 2356 1371 2390 εὐεργέτην
1390 2356 1437 2382 καὶ
1459 2356 1569 2391 σωτῆρα
1587 2356 1744 2383 ἀποκαλῶν.
1767 2355 1841 2382 Ἀλλ’

1053 2400 1071 2426 ὁ
1083 2399 1180 2433 φθόνος
1195 2400 1289 2435 τεχυσε
1306 2401 1377 2427 κατὰ
1392 2401 1439 2428 τοῦ
1463 2402 1585 2429 τοιούτου
1606 2401 1713 2437 ἀνδρὸς,
1734 2401 1782 2428 καὶ
1797 2402 1840 2433 εἰς

1054 2447 1218 2473 καθοσίωσιν
1231 2447 1263 2473 ὲκ
1279 2447 1413 2482 λοιδορίας
1424 2448 1611 2483 κατεγκλήθη.
1624 2448 1708 2474 Ὅθεν
1718 2448 1764 2474 καὶ
1778 2447 1840 2474 κεν·

1053 2491 1132 2517 δυνον
1154 2492 1184 2518 οὐ
1209 2492 1306 2528 μικρὸν
1326 2492 1415 2527 ἐαυτῷ
1445 2493 1634 2528 ὲνηργημένον
1654 2492 1838 2527 κατανοήσας,

1054 2538 1102 2565 καὶ
1121 2537 1165 2564 διά
1184 2546 1256 2569 τινος
1273 2538 1327 2564 τῶν
1345 2538 1514 2565 πιστοτάτων
1529 2538 1759 2574 πληροφορηθεὶς,
1774 2538 1837 2564 δού-

1053 2583 1099 2609 λου
1117 2583 1167 2618 μὲν
1193 2584 1336 2617 γεγονότος
1360 2583 1442 2610 αὑτοῦ
1465 2583 1647 2619 οίνοχοοῦντος
1659 2584 1688 2610 δὲ
1715 2585 1778 2610 τότε
1798 2583 1839 2619 τῷ

1054 2628 1161 2663 βασιλεῖ
1180 2628 1312 2664 Θεοφίλῳ,
1334 2629 1372 2661 ὠς
1404 2629 1496 2664 μέλλοι
1528 2629 1622 2656 τοῦτον
1653 2628 1837 2663 ἀποτυφλοῦν,

1053 2674 1223 2701 ἀποστασίαν
1239 2675 1326 2710 τολμᾷ
1346 2675 1394 2702 καὶ
1408 2675 1476 2710 προς
1507 2676 1675 2711 ’Δγαρηνοὺς
1695 2674 1840 2709 μετατίθε-

1055 2727 1113 2752 ται,
1129 2721 1215 2755 μέγας
1232 2721 1279 2747 καὶ
1295 2721 1359 2757 παρ’
1375 2722 1466 2753 αὐτοῖς
1479 2721 1571 2756 ὀφθεὶς
1582 2721 1628 2748 καὶ
1640 2721 1784 2755 μεγίσταις
1796 2729 1838 2747 τι-

781 2773 960 2801 XYLANDRI
979 2773 1023 2802 ET
1045 2774 1148 2804 GOARI
1168 2777 1285 2805 ΝΟΤᾸΞ.

253 2827 290 2861 (⁵2)
310 2827 369 2855 Alio
397 2826 507 2854 nomine
537 2821 715 2858 τουρμὰρχης
730 2821 764 2849 de
790 2829 845 2856 quo
859 2820 1002 2856 Rigaltius.

1055 2831 1081 2851 )c
1097 2829 1187 2852 autem
1199 2825 1234 2852 42
1246 2830 1397 2861 martyrum
1417 2833 1515 2862 agmen
1543 2833 1577 2853 ex
1597 2825 1733 2852 Armeniis
1763 2829 1837 2852 erat.

215 2862 301 2890 Bon.
