2046 3149
150 175 217 209 1017

692 181 963 214 HISTORIARUM
979 184 1239 217 COMPENDIUM.

1699 188 1767 222 1018

149 235 215 270 πρὸς
231 235 374 272 ἀνίσχοντα
403 235 481 271 ἣλιον
508 237 716 273 συνιστάμενον,
736 239 886 276 Γενόμενος
902 240 931 267 δὲ

984 243 1186 271 numerosiores
1205 243 1334 278 conjecil,
1351 249 1480 273 monente
1512 245 1621 273 Interim
1641 245 1766 276 Munuelo

149 283 218 310 κατᾶ
233 283 279 310 τδν
299 282 372 309 οὕτω
400 283 546 318 λεγόμενον
571 284 659 319 χῶρον
680 284 771 316 ’Λνζὶν
792 280 932 319 Ἐπεθύμει

148 328 370 356 καταηοπεῦσαι
382 330 434 362 πρὸ
447 329 494 355 τοῦ
512 329 632 364 πολέμου
648 331 696 357 καὶ
707 330 758 365 τῆς
778 331 933 366 προσϐολῆς

147 375 242 403 τδτῶν
259 375 388 402 ἐναντίων
412 375 560 410 ἄθροισμα.
576 376 622 407 Εἷς
637 385 698 403 τινα
715 377 743 403 δὲ
760 377 932 412 ὑψηλοτάτην

149 420 291 456 περιωπήν
310 420 362 447 ὑπὸ
372 420 418 446 τοῦ
434 421 594 455 δομεστίκου
611 421 665 449 τῶν
685 422 789 457 σχολῶν
805 423 933 458 ἀναχθεὶς

146 466 277 501 Μανουὴλ
291 467 455 493 κατεσκόπει
469 467 500 493 τὸ
527 467 628 502 πλῆθος
649 468 703 494 τῶν
718 469 858 501 ἐναντίων,
884 469 931 496 καί

146 520 203 542 πως
216 513 249 539 ἐκ
262 512 417 547 στοχασμοῦ
449 512 599 548 βαρύτερον
616 513 705 540 ὲδόκει
730 514 760 540 τὺ
781 514 836 541 τῶν
856 516 932 542 ἐναν-

145 559 210 585 τίων
222 558 333 593 πλῆθος.
358 558 428 585 Ἀλλ’
448 559 461 584 ό
478 558 617 593 Μανουήλ·
658 559 704 594 Μὴ
734 560 802 594 πρὸς
819 560 933 596 τὸπλῆ-

147 607 201 636 00;.
217 603 241 632 ὦ
257 605 377 640 βασιλεῦ,
396 605 545 637 ἀπόϐλεπε,
561 606 629 640 πρὸς
642 606 670 632 δὲ
680 608 727 632 τὸν
744 605 798 633 τῶν
811 606 933 641 δοράτων

146 651 251 686 διάθρει
268 651 418 685 καλαμῶνα
436 651 492 685 (15)
508 651 563 678 τῶν
580 651 755 686 ἀμφοτέρων.
793 652 871 679 Ἐπεὶ
905 652 933 680 δὲ

148 697 321 732 ἰσχυρότερος
338 698 426 724 ἐδόκει
443 698 456 723 ὁ
472 697 528 723 τῶν
549 698 679 725 ἐναντίων
703 699 829 732 στρατὸς,
852 699 931 725 ἐϐου-

146 742 240 769 λεύετο
255 743 327 774 ὅπως
344 742 378 770 ἂν
396 743 488 773 αὐτοῖς
502 742 628 776 ἐπίθηται
646 742 715 777 μετὰ
727 742 815 769 δόλου.
837 741 866 768 ’0
884 741 934 776 μὲν

145 786 192 815 οὖν
206 788 335 823 Μανουὴλ
354 788 412 823 ἅμα
423 787 462 821 τῷ
473 787 600 823 Θεοφόδῳ
610 788 706 819 νυκτὸς
718 787 860 814 ἐπιθέσθαι
872 788 935 813 τού-

145 843 201 864 τοις
220 834 346 869 παρῄνει,
362 834 386 860 οἱ
401 833 422 860 δ’
435 834 511 861 ἄλλοι
522 833 576 860 τῶν
588 833 749 869 στρατηγῶν
764 834 872 870 ἡμέρας
884 834 934 868 τὴν

146 879 287 915 συμϐολὴν
305 879 431 913 γενέσθαι
448 879 627 915 προέτρεπον,
638 876 678 910 οἷς
696 879 843 906 ἐπέπειστο
861 880 906 906 καὶ
919 881 932 906 ὁ

146 926 285 961 βασιλεύς.
303 926 411 961 Ταύτης
426 925 455 952 δὲ
465 925 699 961 ὲπικρατεστέρας
719 926 868 960 γενομένης
882 926 931 960 τῆς

144 972 269 1006 γνώμης.
283 971 321 1002 ὡς
338 971 388 1006 ήδη
405 970 497 1006 ἡμέραι
507 970 659 1005 ἐπέλαμπε,
682 971 757 1005 μάχη
779 971 933 1006 «uetiam-

143 1024 190 1043 ται
205 1015 319 1050 φοϐερά.
335 1015 389 1042 Καὶ
400 1016 454 1042 τῶν
473 1015 621 1050 βασιλικῶν
636 1017 783 1051 ταγμάτων
805 1016 932 1051 εὐθύμως

142 1060 354 1094 ἀγωνιζομένων
377 1061 402 1086 οι
427 1061 597 1096 Ἰσμαηλῐται
615 1061 756 1088 ἐνέκλιναν
777 1061 817 1093 είς
831 1063 929 1096 φυγήν.

143 1106 208 1133 Τῶν
225 1107 253 1133 δὲ
267 1106 395 1142 Τούρκων
406 1107 544 1142 ὲπιμόνως
567 1108 717 1143 χρωμένων
733 1109 766 1143 τῇ
784 1108 874 1144 τοξείᾳ
885 1109 932 1135 καὶ

140 1154 176 1180 τὸ
211 1154 384 1180 καταδιῶκον
418 1153 473 1180 τῶν
503 1154 647 1189 Ῥωμαίων
677 1155 932 1190 ἁνακεκρουκότων.

142 1199 332 1234 παλίντροπον
348 1199 448 1233 συνέϐη
461 1199 591 1233 γενέσθαι
610 1200 660 1234 τὴν
673 1200 782 1236 μάχην·
797 1201 835 1236 μὴ
850 1201 932 1228 δυνά-

145 1252 228 1279 μενοι
245 1244 299 1280 γὰρ
314 1244 339 1271 oi
365 1245 496 1279 Ῥωμαῖοι
519 1246 554 1272 τὰ
570 1247 625 1274 τῶν
638 1247 768 1282 Τούρκων
780 1249 873 1283 φέρειν
887 1257 931 1274 το-

141 1288 270 1324 ξεύματα
285 1289 326 1324 τῷ
349 1289 494 1324 βάλλεσθαι
510 1291 664 1327 καρτερῶς,
683 1293 756 1319 νῶτα
775 1293 867 1324 δόντες
886 1293 932 1320 τὺν

143 1334 265 1369 βασιλέα
292 1335 448 1362 κατέλιπον.
472 1336 509 1362 Οὐ
532 1337 585 1371 μὴν
602 1337 649 1364 καὶ
672 1338 696 1364 oi
716 1338 770 1364 τῶν
784 1338 932 1374 ταγμάτων

138 1381 255 1416 ἔξαρχοι
270 1382 324 1408 οὐδ’
338 1382 363 1407 οἱ
376 1381 478 1418 Πέρσαι
492 1382 570 1409 τοῦτο
583 1384 726 1418 ἠνέσχοντο
737 1383 846 1419 δρᾶσαι,
860 1384 929 1411 ἀλλὰ

138 1427 325 1462 περιστάντες
342 1427 386 1454 τὸν
415 1427 529 1462 βασιλέα
561 1429 706 1464 εὺρτέλστως
734 1429 832 1462 σώζειν
855 1431 933 1465 ἠπεί-

137 1482 234 1508 γοντο.
250 1474 304 1500 Καὶ
329 1473 380 1500 κᾶν
396 1473 536 1500 ἀπώλοντο
553 1474 690 1509 πανδημεὶ
703 1475 728 1501 οί
740 1476 804 1510 περὶ
823 1476 868 1502 τὸν
883 1475 933 1511 βα-

139 1519 232 1551 σιλέα,
249 1520 273 1545 εί
287 1518 324 1554 μὴ
335 1517 384 1550 νὺξ
398 1518 499 1553 ἐπῆλθε
511 1521 557 1546 καὶ
574 1518 676 1554 βραχὺς
687 1518 716 1552 ἐξ
727 1520 845 1554 οὐρανοῦ
861 1529 932 1547 κατ-

138 1564 247 1600 ηνέχθη
263 1563 338 1595 ὑετὸς
359 1564 407 1590 καὶ
428 1564 477 1595 τὰς
500 1564 548 1597 μὲν
566 1565 665 1598 νευρὰς
680 1565 734 1591 τῶν
749 1565 833 1598 τόξων
846 1566 930 1600 χαλα-
946 1579 966 1608 c

140 1611 194 1646 ρὰς
208 1609 366 1644 εἰργάσατο,
383 1610 438 1641 τοῖς
450 1610 478 1635 δὲ
494 1609 641 1644 Ῥωμαίοις
657 1611 749 1638 ἄνεσιν
764 1611 813 1647 τὴν
829 1613 860 1638 ἐκ
875 1612 930 1639 τῶν

139 1656 230 1691 βελῶν
243 1655 421 1691 περιεποίησε
433 1655 480 1682 καὶ
491 1656 629 1691 σωτηρίας
641 1657 773 1685 ἐνέδωκεν
792 1659 930 1694 ἀφορμάς.

139 1701 186 1738 [Ρ.
210 1701 272 1738 551]
289 1701 403 1732 Βαθείας
415 1701 443 1727 δὲ
461 1701 558 1732 νυκτὸς
572 1702 733 1737 γενομένης,
748 1703 785 1734 ὠς
797 1704 932 1739 ἠσχόλητο

138 1748 210 1783 περὶ
231 1747 281 1779 τὰς
300 1747 424 1781 φυλακὰς
438 1749 452 1774 ὁ
472 1748 613 1782 Μανουὴλ,
631 1749 738 1785 γλώττῃ
754 1758 812 1781 πως
834 1750 931 1785 ᾔσθετο

137 1793 197 1819 τῶν
213 1792 381 1827 Σαρακηνῶν
393 1792 455 1823 τοὺς
472 1793 580 1827 Πέρσας
599 1794 653 1824 τοῖς
670 1793 837 1828 Σαρακηνοῖς
847 1803 930 1821 σπεν-

138 1840 273 1875 δομὲνους
290 1841 337 1866 καὶ
358 1839 389 1866 τὸ
404 1839 561 1874 στράτευμα
575 1840 630 1866 τῶν
656 1840 801 1874 Ῥωμαίων
816 1841 932 1875 προδοῦ-

138 1895 186 1913 ναι
202 1885 250 1912 καὶ
265 1884 334 1920 πρὸς
353 1884 402 1919 τὴν
416 1885 602 1919 ἐνεγκαμένην
616 1885 844 1920 παλινδρομήσαι.
859 1886 931 1919 Δῆλα

137 1932 209 1966 γοῦν
228 1930 309 1962 εὐθὺς
323 1930 411 1958 ταῦτα
430 1932 501 1957 ποιεῖ
517 1931 555 1964 τῷ
571 1931 685 1965 βασιλεῖ,
698 1932 744 1957 καὶ
759 1931 857 1963 σώζειν
869 1933 930 1958 ἐαυ-

139 1978 188 2003 τῦν
207 1977 277 2012 μετὰ
295 1976 348 2002 τῶν
364 1976 483 2010 λογάδων
498 1976 585 2011 ἠξίου,
598 1976 645 2002 καὶ
658 1977 695 2011 μὴ
710 1977 869 2011 περιμένειν
881 1978 932 2012 τὴν

139 2024 253 2050 ἅλωσιν.
269 2023 322 2049 Τοῦ
333 2023 361 2049 δὲ
384 2022 527 2057 βασιλέως,
548 2032 557 2048 ι
585 2023 640 2049 Καὶ
662 2023 720 2054 πῶς
733 2023 813 2049 τοῦτο
829 2023 930 2055 ἔσεται,

138 2069 385 2104 ἐπερωτήσαντος,
410 2068 464 2094 τῶν
487 2068 520 2094 δι’
545 2069 596 2103 ἐμὲ
624 2069 850 2103 προσμεινάντων
881 2071 934 2097 ἁπ-

138 2115 278 2149 ολομένων
297 2113 371 2149 (Hi);
392 2123 400 2139 I
430 2113 573 2140 ὑπολαόὼν
584 2114 596 2139 ὁ
607 2114 736 2149 Μανουήλ
753 2123 760 2130 ν
791 2115 836 2141 Σοὶ
853 2115 933 2150 μόνον

139 2161 223 2192 ἔστω,
244 2159 365 2195 βασιλεῦ,
394 2159 458 2194 ἔφη,
486 2159 516 2186 τὸ
548 2159 685 2192 σώζεσθαι
703 2160 735 2186 ἐκ
754 2160 834 2192 Θεοῦ,
859 2159 933 2188 οὗτοι

137 2206 167 2233 δὲ
181 2207 286 2241 ταχέως
303 2206 336 2232 τὰ
350 2207 410 2232 κατ’
423 2206 522 2236 αὐτοὺς
539 2205 734 2240 διοικήσουσιν.
772 2207 836 2241 Ὀψὲ
867 2208 933 2242 γοῦν

984 296 1017 315 ne
1045 289 1247 316 multitudinem
1280 290 1327 317 sed
1357 291 1499 318 hastarum
1520 292 1667 326 utriusque
1681 294 1767 326 partis

982 338 1099 368 segetem
1115 335 1309 362 consideraret.
1323 337 1469 370 Postquam
1482 336 1602 364 hostium
1616 338 1766 364 exercitum

982 380 1163 407 robustiorem
1182 389 1233 408 suo
1249 381 1380 416 judicavit
1393 381 1570 417 Theophilus,
1583 383 1765 410 deliberatum

982 428 1024 452 est
1052 426 1190 458 qttomodo
1219 433 1280 453 eum
1309 426 1371 454 dolo
1403 427 1513 461 aggredi
1536 433 1638 462 posset.
1656 428 1684 455 id
1703 436 1765 455 cum

982 473 1065 496 noctu
1080 469 1234 497 faciendum
1250 471 1391 498 Manuelus
1419 479 1450 498 ac
1467 472 1650 507 Theopltobus
1667 482 1764 501 censi--

983 518 1055 545 rcnt.
1070 514 1167 549 reliqui
1182 515 1266 542 duces
1288 515 1405 542 interdiu
1425 516 1626 551 conﬂigendum
1644 526 1765 550 suasere,

983 561 1083 595 quibus
1110 565 1138 588 et
1167 561 1315 595 imperator
1332 562 1463 589 assensit.
1480 562 1535 590 Hac
1551 571 1615 597 ergo
1630 565 1766 591 sententia

983 607 1104 642 praelata,
1132 606 1218 641 prima
1242 607 1302 634 luce
1331 607 1453 642 praelium
1481 607 1644 634 acerrimum
1661 613 1701 635 est
1715 609 1768 636 ini-

985 658 1052 679 tum.
1079 653 1139 684 Quo
1167 653 1193 678 in
1215 652 1308 687 praelia
1336 660 1399 679 cum
1422 653 1610 687 imperatoriae
1641 655 1768 682 cohortes

984 698 1088 725 fortiter
1121 703 1285 732 pugnarent,
1315 698 1448 725 lsmaelici
1478 698 1547 734 fugae
1571 706 1601 726 se
1619 699 1764 727 dederunt.

985 743 1082 770 Turcis
1107 742 1190 779 934
1220 747 1312 770 autem
1331 743 1444 771 assiduo
1466 744 1626 777 sagitlarum
1657 753 1707 772 usu
1725 746 1770 772 in-

984 790 1120 818 stantibus
1146 789 1341 824 Romanosque.
1371 790 1404 816 ab
1440 790 1612 816 insecutione
1649 791 1769 818 hostium

985 836 1189 870 repellentibus,
1199 839 1302 862 mutata
1320 839 1362 862 est
1378 843 1474 869 pugna:
1492 835 1612 862 fortuna.
1631 835 1696 862 Nam
1717 835 1771 861 Ro-

985 889 1072 908 manae
1103 882 1224 915 legiones
1252 881 1305 908 vim
1331 880 1509 908 Tureicarum
1538 881 1697 916 sagittarum
1716 888 1770 907 non

985 928 1161 958 sustinentes.
1177 926 1288 954 deserto
1304 927 1481 961 imperatore,
1499 926 1637 962 fugerunt.
1656 926 1772 954 ducibus

983 975 1120 1009 legionum
1146 977 1172 1001 et
1197 973 1286 1000 Persis
1298 973 1365 999 nihil
1383 973 1410 999 in
1439 980 1469 1000 se
1485 972 1539 999 tale
1553 972 1771 1004 admittentibus,

984 1019 1030 1046 sed
1046 1019 1238 1054 imperatorem
1256 1017 1432 1052 cingentibus
1447 1025 1480 1044 ac
1504 1024 1554 1051 pro
1570 1024 1603 1044 eo
1618 1025 1725 1044 summa
1743 1018 1768 1044 vi

985 1063 1201 1091 decertantibus.
1214 1063 1246 1090 Et
1261 1063 1370 1098 quidem
1390 1066 1455 1090 tunc
1471 1063 1620 1096 imperator
1635 1069 1696 1089 cum
1712 1063 1771 1090 suis

983 1110 1125 1138 occidione
1150 1117 1238 1137 caesus
1265 1109 1371 1141 fuisset,
1387 1109 1442 1136 nisi
1459 1113 1486 1136 et
1502 1115 1555 1135 nox
1574 1108 1723 1142 ingruisset
1741 1112 1769 1135 et

983 1157 1073 1192 pluvia
1098 1156 1193 1191 exigua
1221 1156 1309 1184 delata
1338 1162 1436 1183 nervos
1467 1162 1580 1181 arcuum
1617 1153 1770 1181 Turcornm

983 1202 1135 1229 relaxasset
1157 1210 1165 1230 :
1195 1208 1250 1235 quo
1280 1200 1381 1228 factum
1408 1205 1438 1227 ut
1465 1200 1583 1227 Romani
1610 1199 1769 1234 sagittarum

983 1248 1089 1274 liberati
1107 1251 1191 1279 metu,
1203 1246 1299 1274 salutis
1330 1247 1458 1281 parandae
1487 1247 1659 1274 occasionem
1685 1246 1770 1273 hahe-

986 1296 1058 1319 rent.
1073 1292 1212 1319 Concubia
1229 1297 1308 1318 nocte
1322 1291 1463 1318 Mantn-lus
1477 1291 1539 1319 dum
1555 1291 1687 1318 excubias
1700 1291 1770 1322 obit.

985 1336 1083 1364 Persas
1115 1343 1176 1363 cum
1209 1335 1354 1363 Saracenis
1388 1337 1508 1370 ipsorum
1550 1335 1641 1370 lingua
1685 1334 1771 1361 sentit

983 1383 1111 1417 colloqui,
1126 1382 1282 1417 paciscique
1291 1389 1353 1408 cum
1370 1382 1403 1408 iis
1421 1381 1455 1408 de
1472 1380 1612 1416 prodendo
1629 1380 1768 1406 Romano-

985 1436 1044 1454 rum
1058 1429 1179 1455 exercitu
1199 1433 1225 1454 et
1240 1427 1387 1462 repetenda
1401 1427 1498 1462 patria.
1515 1427 1544 1454 id
1570 1427 1662 1453 statim
1680 1427 1767 1460 aperit

984 1473 1153 1508 imperatori,
1178 1481 1297 1507 eumque
1316 1473 1441 1499 hortatur
1455 1477 1482 1499 ut
1497 1480 1559 1498 cum
1576 1472 1690 1499 delectis
1705 1471 1768 1511 fuga

984 1520 1036 1547 sibi
1051 1519 1188 1551 conSulat,
1205 1527 1240 1546 ne
1257 1519 1282 1546 in
1304 1519 1424 1546 hostium
1441 1519 1581 1553 perveniat
1610 1526 1719 1545 manus.
1738 1518 1770 1546 Et

985 1565 1161 1600 respondenti
1190 1565 1347 1600 imperatori
1365 1565 1422 1591 ﬁeri
1443 1565 1495 1591 hoc
1515 1566 1558 1592 vix
1577 1572 1669 1599 posse,
1703 1572 1773 1599 prie-

985 1611 1079 1638 sertim
1094 1611 1224 1646 perituris
1239 1611 1285 1645 qui
1298 1618 1372 1638 nunc
1385 1610 1427 1638 sui
1440 1618 1522 1638 causa
1538 1618 1631 1638 secum
1654 1610 1774 1637 mansis-

984 1665 1054 1686 sent:
1073 1657 1134 1685 Tibi
1163 1658 1253 1690 modo,
1271 1657 1359 1691 inquit
1390 1657 1459 1684 Deus
1474 1657 1589 1684 salutem
1615 1657 1772 1684 concedat:

988 1704 1087 1739 reliqui
1109 1711 1171 1731 mox
1200 1704 1281 1730 rebus
1295 1704 1354 1731 suis
1375 1703 1530 1730 causulent.
1545 1703 1706 1736 Imperatori
1723 1703 1774 1730 sub

984 1752 1072 1785 ipsum
1089 1750 1197 1777 demum
1224 1749 1372 1776 diluculum
1388 1748 1451 1783 fuga
1467 1749 1561 1783 elapso
1576 1752 1602 1775 et
1617 1748 1650 1775 ad
1668 1748 1775 1775 Chilio-

985 1803 1095 1822 comum
1128 1795 1242 1829 perlato.
1275 1795 1375 1821 milites
1399 1803 1469 1829 quos
1498 1794 1642 1821 ordinibus
1656 1795 1774 1821 desertis

986 1846 1059 1875 terga
1077 1841 1188 1867 dedisse
1212 1841 1489 1867 commemoravimus
1506 1845 1700 1869 occurrerunt.
1716 1840 1773 1866 foss

988 1887 1066 1921 sique
1083 1894 1111 1913 se
1126 1887 1181 1913 vita
1199 1886 1296 1919 dignos
1313 1893 1366 1912 non
1382 1894 1455 1918 esSe,
1473 1887 1519 1920 qui
1536 1888 1728 1921 imperatorem
1745 1886 1773 1914 in

984 1940 1072 1968 pugna
1098 1932 1292 1968 prodidissent,
1308 1931 1389 1967 935
1420 1933 1475 1967 jam
1493 1933 1592 1959 ferrum
1608 1933 1634 1959 in
1653 1940 1682 1960 se
1699 1933 1774 1968 ipsos

987 1979 1170 2014 stringebant,
1185 1985 1246 2005 eum
1261 1979 1409 2013 imperator
1422 1979 1575 2013 spectaculo
1588 1979 1634 2005 illo
1650 1980 1771 2006 animum

988 2027 1144 2061 perculsus,
1175 2033 1204 2052 se
1233 2024 1365 2052 divinitus
1397 2029 1552 2056 servatum,
1566 2026 1681 2060 proinde
1697 2026 1773 2060 ipsos

986 2078 1096 2106 quoque
1111 2070 1202 2098 salvos
1229 2069 1287 2097 fore
1304 2070 1381 2097 dixit.
1398 2070 1532 2097 Caeterum
1547 2070 1605 2098 haec
1627 2071 1773 2099 Persarum

986 2126 1048 2145 cum
1086 2117 1230 2146 Saracenis
1261 2118 1406 2145 collocutio
1446 2117 1567 2145 inimicis
1615 2117 1773 2152 Theophobi

987 2165 1065 2199 eique
1080 2169 1195 2191 mortem
1225 2163 1447 2192 maehinantihus
1465 2163 1588 2190 secunda
1605 2163 1655 2190 fuit
1683 2168 1710 2190 et
1724 2171 1774 2198 op-

989 2215 1105 2244 portuna
1118 2208 1152 2235 ad
1168 2209 1392 2235 calumniandum
1408 2209 1528 2235 occasio.

138 2253 211 2279 κατὰ
221 2254 251 2280 τὸ
269 2253 432 2289 περίορορον
445 2252 492 2279 τοῦ
515 2252 647 2287 βασιλέως
664 2254 736 2288 φυγῇ
751 2255 926 2288 χρησαμένου
948 2256 996 2282 καὶ
1011 2255 1078 2291 πρὸς
1090 2255 1120 2281 ab
1135 2254 1282 2288 λεγόμενον
1294 2255 1466 2290 Χιλιόκωμον
1481 2254 1550 2290 ι(17)
1584 2253 1771 2286 διασωθέντος.

138 2300 163 2326 οἱ
177 2299 356 2327 λειποτάκται
376 2300 502 2335 ὑπήντων
515 2299 599 2333 αὐτῷ,
615 2299 663 2325 καὶ
693 2298 820 2331 ἀναξίους
853 2300 965 2332 ἑαυτοὺς
987 2301 1106 2334 ἔφασκον
1121 2301 1170 2335 τῆς
1191 2300 1265 2335 ζωῆς
1288 2300 1400 2335 βασιλέα
1425 2301 1453 2326 ἐν
1474 2300 1585 2336 πολέμῳ
1606 2300 1774 2334 καταπροέν-

138 2355 198 2378 τας,
213 2346 262 2373 καὶ
277 2346 334 2381 ἅμα
344 2347 400 2378 τοῖς
414 2345 518 2373 ἑαυτῶν
527 2346 694 2380 ὲγυμνοῦντο
708 2346 823 2379 ξίφεσιν.
845 2346 914 2372 Ἀλλ’
934 2348 948 2374 ὁ
962 2348 1096 2382 Θεόφιλος
1123 2347 1162 2381 τῷ
1196 2347 1312 2381 θεάματι
1352 2347 1468 2381 τρωθεὶς
1496 2346 1545 2382 τὴν
1586 2347 1673 2381 ψυχήν
1688 2355 1695 2363 -
1735 2347 1767 2374 Ei

139 2391 206 2425 ἐγὼ,
231 2391 309 2426 φησὶ,
337 2392 477 2426 σέσωσμαι
496 2392 530 2417 ὲκ
553 2390 632 2424 Θεοῦ,
663 2391 820 2426 σωθήσεσθε
845 2393 892 2418 καὶ
924 2393 1013 2427 ὑμεῖς.
1046 2402 1055 2418 ι
1072 2392 1145 2427 Αὕτη
1170 2393 1187 2427 ἡ
1227 2391 1281 2418 τῶν
1318 2391 1431 2427 Περσῶν
1460 2391 1528 2427 πρὸς
1548 2392 1609 2424 τοὺς
1626 2391 1656 2424 ἐξ
1683 2393 1773 2426 Ἀγαρ

139 2438 297 2472 κοινολογία
308 2439 364 2470 τοῖς
381 2437 518 2472 Θεοφόϐου
533 2438 641 2474 ἐχθροῖς
666 2438 714 2464 καὶ
728 2438 844 2465 θάνατον
859 2438 941 2466 αὑτοῦ
955 2439 1154 2474 ψηφιζομένοις
1171 2438 1286 2473 δευτέρα
1306 2445 1349 2470 τις
1370 2437 1482 2472 γέγονεν
1493 2437 1569 2465 αἰτία
1595 2438 1641 2465 καὶ
1658 2438 1770 2473 ἀφορμὴ

139 2485 268 2521 εὔκαιρος
286 2486 326 2518 εὶς
339 2486 476 2522 διαὸολήν.

699 2529 880 2558 ΧῖίιΑΝῧΒΙ
900 2530 943 2557 ΕΤ
968 2529 1073 2558 (ΞΟ.ὶηί
1091 2528 1206 2556 ΝΟΤίΕ.

175 2588 233 2625 (15)
249 2588 407 2625 Καλαμῶνα
417 2588 489 2615 enim
511 2588 581 2625 mihi
598 2588 705 2625 ridetur
718 2588 820 2625 dixisse
841 2588 926 2615 forma
945 2594 965 2621 ι)
981 2590 1088 2625 κίιιιγηη
1106 2586 1305 2625 grundiuetmt},
1337 2586 1380 2625 cui
1415 2587 1514 2615 melius
1547 2594 1629 2625 quam
1660 2593 1774 2625 maturge

141 2623 324 2659 περιεκτικῶν
338 2624 427 2658 (cujus
440 2628 482 2650 est
500 2623 641 2657 ἁμπελὼν,
657 2623 775 2656 δαφνών,
791 2624 923 2655 vinetum,

141 2658 276 2687 lauretum
287 2664 314 2685 et
336 2658 448 2692 similia)
465 2659 612 2685 culmetum
629 2659 783 2689 collective.
798 2659 924 2685 multitu-

140 2694 230 2721 dinem
253 2695 407 2724 hastarum,
431 2694 494 2727 quia
536 2693 629 2719 tnultis
662 2693 687 2719 in
710 2699 799 2727 segete
828 2694 925 2720 culmis

140 2730 240 2756 erectis
271 2729 408 2756 ειτηιιίιηις
426 2728 524 2755 similis
553 2728 754 2762 quodammodo
780 2733 822 2755 est
851 2729 925 2755 acies

140 2763 226 2791 hastis
237 2770 354 2793 armata.
372 2771 433 2789 cum
448 2771 486 2790 σιω
504 2768 582 2790 recta:
597 2767 743 2794 tenentur;
762 2763 834 2790 unde
842 2764 923 2790 etiam

140 2806 235 2833 poetas
246 2799 477 2833 comparationem
491 2798 603 2825 duxisse
622 2799 756 2825 novimus.
785 2798 924 2825 Manuelus

140 2841 204 2869 ergo
220 2834 328 2860 videtur
349 2834 488 2861 monuisse
511 2834 702 2866 imperatorem
718 2833 855 2869 _fortassis
869 2841 922 2860 non

142 2867 183 2896 tot
192 2869 293 2897 milites
305 2873 351 2895 aut
369 2876 485 2904 pugnant
507 2869 630 2895 obituros
643 2875 702 2895 esse
717 2867 742 2894 in
757 2872 833 2904 tanta
858 2869 923 2894 mul-

141 2904 266 2932 titudine.
287 2904 352 2932 Xt'L.
370 2901 595 2938 ’-ῙΚαλαμῶνα,
617 2903 704 2930 locum
726 2901 838 2930 calamis
860 2911 923 2931 cou-

982 2623 1115 2658 Xylandri
1128 2622 1208 2658 segeti
1222 2621 1346 2648 conferta
1373 2623 1514 2649 hastarum
1536 2623 1613 2656 copia
1631 2626 1720 2657 potest
1736 2622 1774 2649 si-

982 2656 1056 2686 milis
1069 2657 1163 2684 vidcri.
1182 2656 1269 2683 GOAB.

1017 2692 1290 2727 (16)Convenientius
1302 2691 1467 2725 interpretor
1483 2699 1490 2717 :
1505 2700 1564 2718 cum
1575 2692 1632 2726 jam
1644 2693 1773 2726 perierint

979 2729 1024 2764 qui
1034 2728 1082 2754 mei
1091 2728 1179 2762 gratia
1190 2727 1295 2764 fortiter
1306 2727 1333 2753 in
1346 2727 1401 2753 acie
1417 2729 1603 2764 constiterunt.
1618 2728 1672 2764 Misi
1685 2728 1773 2764 legere

979 2761 1111 2790 malueris
1136 2761 1297 2793 ἀπολέσθαι,
1332 2766 1359 2788 et
1381 2763 1494 2789 reddere
1510 2770 1516 2787 ε
1532 2763 1576 2796 qui
1602 2763 1652 2789 mei
1683 2763 1771 2796 gratia

977 2806 1059 2833 usque
1068 2798 1102 2824 ad
1114 2798 1243 2833 integram
1254 2798 1456 2833 internecionem
1470 2798 1626 2832 conﬂictum
1640 2798 1770 2823 sustinere

980 2831 1091 2868 paratos
1107 2841 1133 2859 se
1148 2832 1324 2868 exltt'byert'nl.
1340 2831 1425 2868 Gom.

1015 2869 1071 2903 (t7)
1088 2867 1208 2902 Reponit
1220 2867 1321 2894 Strabo
1337 2867 1510 2902 Χιλιόκωμον
1529 2867 1619 2894 πεδίον
1631 2866 1656 2893 in
1669 2865 1766 2903 Ponto,

977 2909 1004 2932 ct
1021 2901 1179 2940 penultiiure
1204 2907 1275 2931 nota
1302 2902 1446 2931 conﬁrmat
1462 2901 1657 2938 conjecturam.
1679 2901 1765 2928 GOAR.
