2046 3149
143 130 216 165 1025

705 136 973 168 ΠΙΞΤΟΒΙᾹΒΠΜ
991 139 1252 173 COMI’ENDIUM.

1699 151 1768 184 1026

142 193 224 226 μένος
240 191 287 216 καὶ
303 191 440 223 σκ.λετὸς,
464 191 491 218 ἐν
507 191 596 220 οὐδενὶ
619 193 754 228 διαφέρων
775 195 861 230 ἑτέρῳ
877 195 920 221 τῶ¹

985 204 1015 223 ac
1046 199 1168 233 pristina:
1206 201 1351 229 valetudini
1382 202 1536 231 ieStitututn
1562 204 1616 232 iri?
1646 205 1767 241 Responc

139 236 314 269 τεθνηκότων
332 235 347 268 ἢ
364 235 437 270 μόνῳ
460 236 499 271 τῷ
517 237 657 265 ἀναπνεῖν.
686 238 735 270 Τίς
751 237 798 265 οὖν
824 240 930 275 ἐλπὶςῆ

141 281 219 310 ποῖος
245 279 324 312 λόγος
348 280 437 307 ἔσεται
453 281 467 306 ό
483 282 585 308 πείσων
603 291 636 317 με
656 283 866 319 ἀναρρωσθῆναι
885 287 932 312 καὶ

139 326 184 356 εἰς
197 323 244 359 τὴν
257 324 394 359 προτέραν
416 325 524 358 εὐεξίαν
546 327 651 361 ὲλθείν;
674 328 871 362 Ὗπολαϐόντες
884 328 932 356 οὖν

139 369 166 395 οἰ
177 369 434 405 ὀτιώτατοιέφησαν
451 372 518 406 πρὸς
534 373 616 399 αὐτόν
635 381 642 388 ·
667 373 759 400 Πάντα
770 375 872 401 δυνατὰ
885 376 932 402 καὶ

138 415 217 441 οὐδὲν
243 415 370 442 ἀδυνατεῖ
385 416 423 451 τῷ
438 417 508 451 Θεῷ.
533 417 564 444 Εἰ
581 419 646 452 γοῦν
664 419 826 451 σπουδάσεις
847 421 930 456 ἀναῤ-

141 460 262 495 ρωτθεὶς
278 461 327 496 τὴν
344 461 399 488 τῶν
417 462 609 498 Εἰκονομάχων
625 464 776 491 ἀποσϐέσαι
790 466 930 501 πυρκαϊὰν

138 506 189 531 καὶ
200 506 249 537 τὰς
269 506 345 540 ἱερὰς
362 507 468 538 εἰκόνας
485 508 555 535 κατὰ
578 510 641 541 τοὺς
659 510 789 543 παλαιοὺς
810 513 854 538 καὶ
877 522 931 539 πα-

136 551 253 586 τρικοὺς
278 551 396 586 θεσμοὺς
420 553 622 588 ἀναστηλῶσαι,
638 557 872 592 εὐαγγελιζόμεθα
888 566 928 585 σοι

135 597 189 630 τὴν
222 597 305 632 ζωήν.
337 597 420 624 Εἶπον
438 599 485 625 καὶ
498 600 691 635 ὑπεχώρησαν.
704 603 759 629 Καὶ
773 603 853 635 εὐθὺς
869 605 886 639 ἤ
899 613 928 630 τε

137 642 216 673 νόσος
239 642 351 677 ἐῤῥάῖσε
369 644 416 669 καὶ
433 645 460 670 αἱ
483 646 598 678 φυσικαὶ
624 647 759 683 ἐνέργειαι
782 649 929 682 ἀκωλύτως

135 689 328 719 ἐπετελοῦντο,
350 691 396 717 καὶ
419 692 448 717 ὲν
474 691 570 727 βραχεῖ
588 693 627 727 τῷ
647 695 736 730 χρόνῳ
761 696 866 724 τελείαν
881 697 928 723 τοῦ

136 736 358 770 ἁῤῥωστήματος
385 737 498 771 ὲσχήκει
524 739 695 775 ἀπαλλαγήν.
715 741 803 776 Ῥᾴων
826 741 854 768 δὲ
878 743 928 777 τῆς

134 781 217 807 νόσου
233 783 390 817 γενόμενος,
408 783 631 819 ἐξιππασάμενος
651 786 731 819 εὐθὺς
748 787 842 814 ἄπεισι
860 789 928 823 πρὸς

133 828 165 853 τὸ
177 828 312 855 παλάτιον
322 829 370 855 καὶ
384 830 482 856 εἴσεισι
492 830 560 865 πρὸς
567 831 617 865 τὴν
631 831 765 866 βασιλίδα,
781 834 827 860 καὶ
840 835 927 861 πάντα

133 874 238 908 τρόπον
263 875 349 909 αὐτὴν
381 876 523 910 παρεκῑνει
552 876 600 908 τὰς
628 877 704 909 θείας
734 879 926 914 ἁναστηλώσαι

133 919 254 952 εἰκόνας,
275 920 358 947 πάλαι
375 923 421 948 καὶ
437 921 520 957 αὐτὴν
545 923 673 959 ἀφορμῆς
698 924 849 959 δράξασθαι
865 927 926 960 γλι-

133 965 268 1000 χομένην,
295 965 339 992 διὰ
359 968 458 999 παντὸς
487 968 680 1005 ὲρεθιζομένην
707 971 754 997 καὶ
778 971 853 1005 παρὰ
877 973 925 1006 τῆς

133 1011 241 1042 οἰκείας
256 1013 359 1048 μητρὸς
373 1014 414 1045 εἰς
435 1014 514 1041 τοῦτο
528 1015 576 1042 καὶ
592 1015 645 1042 τῶν
663 1017 858 1051 μητραδέλφων
871 1019 924 1045 τῶν

133 1058 303 1092 πατρικίων.
335 1059 428 1093 Ὅμως
453 1060 482 1087 δὲ
505 1061 700 1097 ἀντέπιπτενὴ
717 1063 843 1098 Θεοδώρα
867 1065 923 1096 τοῖς

131 1103 226 1136 λόγοις
250 1104 296 1130 τοῦ
314 1105 455 1140 Μανουὴλ,
476 1106 520 1142 [Ρ.
539 1107 603 1143 555]
627 1108 681 1134 εἴτε
708 1110 771 1141 τοὺς
797 1111 866 1145 πρὶς
878 1111 923 1138 τὸν

131 1150 221 1186 ἄνδρα
239 1151 337 1185 ὅρκους
351 1152 548 1187 εὐλαϐουμένη,
563 1154 629 1186 εἴτε,
645 1155 682 1186 ὡς
696 1155 811 1190 ἔφαμεν,
831 1157 877 1184 καὶ
893 1157 924 1184 τὸ

132 1195 239 1230 πλῆθος
265 1196 402 1224 δεδοικυῖα
421 1197 475 1224 τῶν
499 1200 532 1233 τῇ
556 1199 660 1234 αἰρέσει
685 1201 921 1237 κατειλημμένων.

137 1241 317 1276 Ἐγκειμένου
329 1242 357 1268 δὲ
372 1242 420 1269 τοῦ
435 1244 564 1279 Μανουὴλ
581 1245 632 1279 ἔψη
649 1246 812 1282 ήΘεοδώραι
829 1248 878 1282 ὡς,
893 1249 922 1276 ὐ

132 1288 211 1322 ὲμδς,
231 1285 254 1314 ὦ
269 1289 415 1324 μάγιστρε,
435 1290 505 1326 ἀνήρ
524 1299 553 1317 τε
570 1291 617 1317 καὶ
632 1291 758 1326 βασιλεὺς
778 1294 921 1329 ἀκριϐείας

129 1332 162 1370 ῆν
175 1336 310 1370 ἐραστὴς,
332 1336 379 1362 καὶ
401 1336 477 1362 οὐδὲν
497 1337 709 1371 ἀπερισκέπτως
736 1339 837 1374 ἔπραξε
862 1341 921 1367 πώ-

131 1389 213 1412 ποτε,
229 1381 276 1408 καὶ
294 1381 375 1408 τοῦτο
390 1381 420 1408 τὸ
437 1382 534 1417 δόγμα,
549 1383 574 1408 εἰ
591 1382 629 1417 μὴ
646 1383 869 1420 ἀπηγορευμένον
886 1384 920 1422 ἦν

131 1428 188 1458 τοῖς
213 1427 296 1462 ἱεροῖς
319 1428 412 1462 νόμοις
431 1428 479 1455 καὶ
493 1429 553 1459 ταῖς
569 1428 661 1462 ἁγίαις
676 1430 807 1466 Γραφαῐς,
825 1433 875 1459 οὐκ
887 1433 921 1460 ἃν

133 1473 224 1505 ὲξὼσε
238 1473 287 1508 τῆς
303 1474 478 1509 Ἐκκλησίας.
498 1475 591 1502 Ταῦτα
605 1475 633 1502 δὲ
649 1476 757 1512 ἐκείνης
775 1478 918 1514 εἰπούσης,

984 242 1048 270 dere
1061 246 1187 272 monachi
1201 246 1283 273 Deum
1300 246 1366 273 nihil
1381 255 1436 274 non
1455 255 1535 282 posse
1549 258 1556 276 :
1573 251 1646 284 quod
1660 252 1682 278 si
1702 259 1767 287 ergo

983 289 1101 316 sanitate
1116 297 1223 326 recepta
1240 299 1350 326 operam
1366 293 1404 320 sit
1422 293 1539 322 daturus
1557 300 1585 322 ut
1609 297 1766 326 incendium

985 334 1020 361 ab
1036 334 1244 372 lmaginiperdis
1259 339 1406 366 excitatum
1437 340 1590 376 restinguat
1616 350 1768 377 sacrasque

982 379 1118 415 imagines
1137 382 1288 409 secundum
1303 388 1394 411 vetera
1411 385 1544 418 majorum
1561 386 1671 414 decreta
1687 389 1767 416 resti-

981 429 1050 457 tuat,
1064 433 1093 452 se
1108 426 1131 452 ei
1146 427 1230 453 vitam
1249 433 1325 456 certo
1351 430 1519 464 promittere.
1538 431 1627 465 Atque
1643 431 1699 459 haec
1716 432 1765 459 fati

980 471 1180 500 discesserunt.
1207 473 1303 501 Statim
1322 483 1387 502 vero
1405 481 1432 503 ct
1460 476 1571 504 morbus
1599 478 1716 508 remisit,
1737 482 1766 505 et

980 518 1122 546 naturales
1136 519 1280 546 facultates
1294 521 1367 547 omni
1395 521 1591 556 impedimento
1617 528 1681 550 sunt
1699 523 1766 550 libe-

981 567 1054 594 ratze.
1069 564 1198 598 brevique
1223 567 1355 600 temporis
1369 568 1457 601 spatio
1471 567 1631 595 infirmitate
1648 575 1763 602 prorsus

979 614 1021 636 est
1037 611 1144 637 solutus
1169 610 1322 638 Manuelus.
1343 611 1388 639 Sic
1414 621 1479 648 ergo
1506 613 1624 640 allevato
1649 621 1765 648 corpore

979 656 1071 682 statim
1089 663 1160 691 equo
1171 657 1205 684 ad
1223 657 1354 691 palatium
1372 658 1402 690 it,
1421 659 1616 693 ingressusque
1631 661 1664 686 ad
1680 660 1766 694 impe-

979 701 1106 728 ratricem
1136 709 1196 729 eam
1223 710 1396 738 summopere
1421 704 1461 730 ad-
1479 704 1650 738 reportandas
1669 713 1764 733 sacras

979 746 1111 781 imagines
1139 747 1312 776 exhortatur.
1331 748 1368 775 Ea
1381 757 1446 776 vero
1458 750 1624 784 jampridem
1640 752 1764 778 occasio-

979 799 1040 818 nem
1055 792 1136 826 hujus
1152 793 1191 820 rei
1207 794 1319 828 agenda:
1332 794 1483 828 quaerebat.
1501 795 1618 822 subinde
1633 795 1763 831 instigata

979 845 994 865 a
1010 844 1097 867 matre
1125 847 1174 866 sua
1197 845 1225 867 et
1242 840 1385 867 avunculis
1413 841 1547 875 patriciis.
1575 841 1762 869 Nihilominus

943 870 963 897 θ
979 888 1068 910 tamen
1084 884 1175 911 verbis
1200 883 1317 911 Manueli
1340 884 1485 911 Theodore
1500 891 1557 912 tum
1575 893 1606 912 se
1622 886 1763 920 opposuit,

975 927 1032 955 sive
1047 928 1196 962 juramenti
1213 928 1313 956 marito
1328 930 1441 963 praestiti
1455 930 1597 965 religione,
1618 931 1677 958 sive
1691 931 1762 958 inul-

976 972 1132 1005 titudinem,
1168 973 1250 1007 cujus
1281 974 1448 1002 mentionem
1492 975 1619 1008 fecimus,
1651 977 1765 1005 haeresis

975 1016 1059 1043 istius
1087 1018 1275 1045 Studiosorum
1293 1018 1485 1047 reformidans.
1503 1021 1536 1048 Et
1558 1021 1677 1048 instante
1704 1022 1763 1049 Ma-

975 1063 1081 1090 nuelo:
1108 1063 1195 1097 alens,
1225 1065 1323 1099 inquit,
1346 1073 1363 1093 ο
1393 1066 1534 1100 magister,
1565 1068 1681 1095 maritus
1708 1068 1765 1095 im-

973 1114 1083 1143 perator
1107 1110 1310 1138 accurationem
1343 1112 1452 1144 amavit.
1483 1113 1606 1148 nihilque
1639 1122 1758 1149 unquam

974 1156 1028 1184 nisi
1044 1164 1073 1184 re
1092 1157 1177 1192 probe
1188 1157 1337 1185 deliberata
1353 1158 1417 1193 egit.
1431 1158 1522 1193 Itaque
1537 1159 1675 1188 decretum
1690 1168 1761 1196 quo-

972 1211 1027 1238 que
1043 1203 1076 1230 de
1100 1203 1224 1230 colendis
1250 1203 1416 1238 imaginibus
1445 1212 1499 1232 non
1526 1204 1615 1233 fuerat
1637 1207 1759 1235 Ecclesia

971 1250 1125 1285 ejecturus,
1140 1250 1194 1278 nisi
1214 1250 1240 1277 id
1273 1250 1380 1285 legibus
1404 1251 1555 1287 litterisque
1571 1252 1653 1289 942
1672 1254 1760 1281 sacris

972 1296 1099 1324 scivisset
1130 1295 1264 1323 damnari.
1285 1295 1346 1324 Haec
1370 1296 1465 1324 locune
1482 1297 1622 1326 Manut-lus
1639 1306 1761 1333 praesen-

973 1348 1026 1372 tem
1039 1344 1146 1379 impcrii
1165 1344 1281 1379 vitaeque
1296 1343 1550 1378 finem,eademque
1563 1343 1618 1371 lilio
1635 1344 1758 1371 minatus

971 1395 1024 1422 est,
1054 1390 1106 1417 nisi
1134 1389 1259 1417 divinum
1285 1394 1413 1416 ornatum
1437 1396 1579 1416 sacrarum
1609 1388 1759 1424 imaginum

971 1436 1104 1464 Ecclesiis
1123 1436 1261 1463 redderet.
1288 1435 1394 1467 Quibus
1410 1435 1503 1462 verbis
1535 1433 1677 1462 Theodora
1697 1435 1757 1462 sive

971 1482 1118 1517 perterrita
1135 1482 1194 1510 sive
1213 1481 1291 1513 alias,
1319 1486 1348 1508 ut
1375 1481 1508 1514 diximus,
1534 1481 1682 1513 delectata,
1702 1485 1758 1509 tota

128 1520 245 1554 ταχεῖαν
257 1520 405 1554 ἠπείλησεν
421 1521 490 1557 αὐτῇ
512 1523 705 1558 καταστροφὴν
720 1523 770 1559 τῆς
785 1524 859 1560 ζωῆς
874 1526 919 1552 καὶ

973 1528 1017 1555 isti
1036 1529 1145 1563 negotio
1168 1535 1230 1556 sese
1243 1527 1327 1555 dedit.
1347 1526 1445 1554 Statim
1463 1527 1555 1562 itaque
1577 1527 1605 1554 iu
1630 1527 1759 1554 taberna-

127 1566 175 1600 τῆς
198 1565 340 1599 βασιλείας
365 1566 571 1599 ἕκπτωσιν,ῖκαὶ
587 1569 637 1594 οὐκ
651 1568 719 1604 αὐτῇ
744 1569 835 1604 μόνον,
852 1571 919 1598 ἀλλὰ

128 1611 174 1637 καὶ
196 1610 239 1645 τῷ
252 1610 353 1647 ταύτης
369 1611 428 1647 υἰῷ,
447 1613 471 1639 εἰ
485 1614 523 1649 μὴ
538 1613 585 1640 τὸν
600 1614 672 1641 θεῖον
696 1614 798 1649 κόσμον
810 1617 864 1643 τῶν
882 1618 920 1644 ἱε-

129 1657 182 1692 ρῶν
198 1657 313 1684 εἰκόνων
327 1657 440 1693 ἀποδοίη
456 1660 517 1690 ταῖς
541 1660 729 1696 Ἑκκλησίαις.
748 1661 849 1689 Τούτου
863 1665 920 1696 τοῖς

128 1702 223 1737 λόγοις
237 1702 294 1729 εἴτε
316 1703 558 1738 ὲκδειματωθεῖσα,
574 1708 628 1732 εἴτε
644 1707 690 1733 καὶ
703 1707 790 1740 ἄλλως
802 1709 918 1744 ἀρεσκο-

129 1750 214 1784 μένη,
231 1749 268 1781 ὡς
283 1749 407 1784 εἴπομεν,
425 1750 441 1785 ἡ
454 1750 559 1785 βασιλὶς
578 1752 624 1787 ὃλη
638 1753 684 1779 τοῦ
706 1753 788 1789 ἔργον
801 1755 918 1788 γίνεται.

127 1797 180 1824 Καὶ
197 1795 280 1828 εὐθὺς
293 1796 452 1832 ἀγείρεσθαι
464 1798 492 1823 ὲν
503 1799 558 1830 τοῖς
570 1799 733 1834 σκηνώμασι
747 1800 794 1826 τοῦ
806 1801 918 1829 Θεοχτί-

129 1850 192 1869 στου
211 1843 380 1878 προσέταττε
405 1843 509 1876 πάντας
524 1845 587 1876 τοὺς
603 1845 650 1872 ἐπὶ
664 1847 772 1873 συνέσει
787 1848 834 1874 καὶ
847 1848 917 1884 λόγῳ

128 1889 355 1923 κεκοσμημένους
369 1888 401 1915 ἐκ
415 1898 444 1916 τε
464 1890 515 1924 τῆς
538 1891 648 1918 συνόδου
665 1893 710 1918 καὶ
725 1893 775 1927 τῆς
797 1893 917 1929 συγκλή-

126 1942 181 1967 του,
202 1934 250 1960 καὶ
266 1934 361 1968 λόγους
378 1936 465 1961 κινεῖν
477 1935 525 1962 καὶ
545 1937 745 1971 προϐάλλεσθαι
760 1940 824 1974 περὶ
839 1939 917 1975 ὀρθο-

127 1979 229 2012 δοξίας.
245 1980 356 2006 Πάντων
374 1979 414 2011 δὲ,
427 1980 465 2012 ὡς
477 1980 541 2012 ἔπος
555 1982 653 2016 εἰπεῖν,
671 1983 916 2020 συναθροισθέντων

129 2025 173 2051 καὶ
190 2023 281 2057 λόγων
296 2024 399 2050 πολλῶν
415 2025 544 2059 ῥυέντων,
562 2027 608 2052 καὶ
629 2029 786 2062 μαρτυριῶν
801 2030 854 2056 ἀπὸ
867 2031 917 2066 τῆς

129 2069 201 2102 θείας
220 2070 331 2105 Γραιρῆς
352 2070 544 2105 παραχθεισῶν
568 2071 618 2098 οὐκ
637 2073 744 2107 ὀλίγων,
761 2075 792 2101 τὸ
804 2075 916 2108 εὐσεϐὲς

129 2116 297 2150 ὑπερίσχυσε
318 2116 401 2150 μέρος
418 2116 466 2142 καὶ
489 2116 577 2152 δόγμα
595 2118 689 2152 γέγονε
714 2119 762 2151 τὰς
778 2120 852 2152 Θείας
864 2130 916 2148 πα-

130 2162 262 2197 ραλρῆμα
277 2161 494 2195 ἀιλαστηλοῦσθαι
509 2163 627 2195 εἰκόνας,
641 2163 696 2190 τῶν
708 2166 858 2202 ἀρχιερέων
869 2169 916 2194 καὶ

130 2207 255 2242 μοναχῶν
266 2207 314 2232 καὶ
327 2207 528 2242 συγκλητικῶν,
543 2208 599 2235 ὅσοι
611 2210 650 2245 τῷ
665 2210 745 2237 πάθει
756 2213 914 2247 κατείχοντο

129 2254 273 2288 πρότερον,
290 2252 344 2279 τῶν
362 2253 492 2280 πλειόνων
512 2255 542 2281 τὺ
557 2256 680 2291 κρεῖττον
701 2258 912 2293 μεταμαθόντων

130 2299 173 2325 καὶ
202 2298 501 2333 μεταστοιχειωθέντων
517 2300 585 2334 πρὸς
608 2301 656 2336 τὴν
673 2301 814 2337 ἀλήθειαν,
840 2304 913 2336 ὅσοις

128 2343 153 2370 δὲ
175 2344 322 2371 δευσοποιὰ
338 2344 467 2371 καθίκετο
483 2346 499 2379 ἡ
519 2346 569 2380 τῆς
596 2346 737 2379 εὐσεϐείας
763 2348 837 2384 βαφὴ
864 2351 911 2378 καὶ

129 2388 302 2423 ἀμεταθέτως
328 2386 411 2424 εἶχον,
435 2389 651 2425 ἁπεληλαμένων
665 2393 715 2428 τῆς
740 2393 843 2426 πόλεως
864 2395 912 2422 καὶ

130 2433 287 2469 ὑπερορίαις
313 2434 580 2470 παραπεμφθέντων.
607 2437 754 2474 Καθῃρὲθη
781 2440 809 2466 δὲ
831 2440 879 2467 καὶ
899 2443 914 2468 ό

129 2478 258 2514 δυσσεϐὴς
277 2480 449 2516 φατριάρχης
473 2481 529 2516 (22)
561 2482 674 2518 Ἰαννῆς,
689 2485 736 2510 καὶ
751 2485 797 2512 τοῦ
820 2486 913 2520 ἀρχιε-

132 2526 239 2560 ρατικοῦ
266 2527 360 2562 θρόνου
384 2526 512 2562 ἀπηλάθη
532 2527 566 2554 δι’
590 2529 743 2565 ἀποστολῆς
766 2531 912 2566 ἀξιολόγων

131 2569 232 2606 ἀνδρῶν
251 2571 306 2597 τῶν
321 2572 361 2602 εἰς
376 2572 498 2607 φυλακὴν
513 2574 688 2608 τεταγμένων
705 2575 751 2602 τοῦ
768 2577 910 2607 παλατίιυ,

132 2612 174 2647 οἷς
187 2617 319 2654 πρότερον
333 2618 382 2653 μὲν
398 2619 537 2646 κατελθεῖν
551 2620 601 2647 οὐκ
614 2621 746 2654 ἐπείθετο,
766 2623 820 2649 οὺδ-
840 2623 911 2651 ἑκών

131 2668 160 2695 γε
173 2663 265 2695 αὐτοῖς
280 2665 330 2700 τῆς
354 2666 500 2700 ἐκκλησίας
521 2667 650 2702 ἐκστῆναι
662 2667 843 2696 διεϐεϐαιοῦτο
854 2678 861 2686 ”
873 2670 912 2703 ὡς

131 2706 151 2734 δ’
162 2705 232 2737 οὗτοι
243 2710 464 2746 ὑποστρέψαντες
478 2713 547 2748 πρὸς
558 2714 607 2749 τὴν
621 2714 770 2749 πέμψασαν
787 2715 912 2751 βασιλίδα

927 2203 953 2233 1)

973 1575 1034 1602 cula
1053 1573 1203 1602 Theociisti
1217 1581 1315 1601 omnes
1332 1573 1480 1601 convenire
1492 1573 1583 1609 jubet,
1599 1573 1645 1608 qui
1661 1573 1695 1601 de
1713 1581 1758 1601 se-

971 1619 1115 1647 natoribus
1132 1620 1174 1646 vel
1197 1619 1317 1646 concilio
1334 1619 1468 1654 sapientia
1487 1623 1566 1646 erant
1580 1626 1613 1646 ac
1632 1619 1759 1647 doctrina

971 1667 1072 1697 ornati,
1086 1673 1187 1701 eosque
1201 1665 1235 1693 de
1247 1673 1310 1693 vera
1328 1665 1459 1700 religione
1475 1665 1502 1692 in
1520 1665 1638 1693 medium
1653 1673 1757 1693 consu-

971 1711 1038 1738 lere.
1056 1711 1094 1738 lbi
1109 1711 1238 1738 omnibus
1250 1731 1257 1743 ,
1273 1716 1406 1746 quantum
1427 1711 1487 1746 ejus
1501 1711 1558 1738 fieri
1575 1711 1674 1746 potuit,
1689 1719 1759 1739 con-

970 1756 1100 1791 gregatis,
1116 1764 1177 1784 cum
1194 1757 1263 1785 varii
1279 1761 1372 1784 essent
1388 1764 1530 1784 sermones
1545 1757 1630 1784 habiti
1647 1761 1676 1784 et
1701 1765 1756 1784 non

969 1810 1055 1838 pauca
1079 1810 1164 1830 sacris
1188 1802 1338 1837 Scriptura:
1365 1802 1520 1831 testimonia
1537 1803 1682 1837 products.
1704 1803 1756 1837 pias

969 1849 1056 1884 partis
1073 1848 1209 1876 sententia
1238 1847 1378 1879 obtinuit,
1407 1848 1600 1881 decretumque
1613 1848 1648 1875 de
1666 1849 1754 1875 sacris

969 1894 1134 1930 imaginibus
1146 1894 1238 1921 statim
1257 1893 1423 1928 reponendis
1439 1893 1553 1921 factum.
1570 1893 1609 1920 Eo
1633 1893 1660 1920 in
1688 1901 1755 1921 cou—

968 1947 1050 1968 ventu
1069 1940 1206 1975 principes
1222 1939 1409 1972 sacerdotum,
1427 1939 1557 1967 monachi
1575 1947 1606 1967 ac
1619 1940 1752 1967 senatorii

967 1986 1029 2018 viri,
1046 1990 1109 2013 ante
1127 1986 1224 2013 haresi
1239 1985 1339 2018 vitiatil
1366 1984 1480 2018 majoris
1501 1985 1588 2020 partis
1616 1985 1753 2012 sententia

968 2031 1041 2058 docti
1059 2031 1203 2057 veritatem
1218 2037 1311 2057 errore
1328 2030 1456 2057 damnato
1473 2030 1590 2065 amplexi
1604 2034 1678 2058 sunt.
1694 2030 1753 2057 Ah-

968 2081 1092 2112 rogatum
1106 2077 1189 2104 etiam
1206 2082 1249 2104 est
1268 2077 1432 2111 patriarchae
1446 2083 1546 2104 munus
1560 2076 1652 2108 Janui,
1662 2077 1754 2104 missi-

967 2131 1022 2158 que
1040 2128 1202 2158 prmstantes
1216 2123 1277 2154 viri.
1293 2123 1394 2157 quibus
1422 2123 1515 2157 palatii
1543 2123 1669 2150 custodis
1693 2128 1754 2150 erat

968 2169 1141 2202 demandata,
1166 2169 1212 2204 qui
1244 2175 1307 2195 eum
1333 2168 1404 2195 solio
1436 2168 1624 2196 deturbarent.
1650 2167 1753 2196 Jannes

967 2216 1056 2250 primo
1071 2223 1213 2243 cessurum
1235 2223 1266 2242 se
1282 2219 1330 2242 aut
1347 2215 1461 2242 omnino
1476 2214 1596 2242 Ecclesia
1612 2215 1751 2242 exiturum

967 2262 1111 2298 denegavit
1134 2269 1241 2289 summa
1262 2262 1450 2289 contentione.
1475 2260 1562 2294 Quam
1581 2261 1640 2296 ejus
1655 2266 1752 2289 contu-

966 2308 1082 2335 maciam
1099 2315 1162 2335 cum
1173 2328 1180 2340 ,
1200 2315 1271 2342 quos
1285 2308 1384 2335 missos
1394 2306 1475 2343 943
1490 2307 1523 2334 ad
1537 2314 1599 2334 eum
1619 2307 1750 2339 diximus,

966 2354 1097 2389 Augusta:
1114 2353 1295 2386 iudicassent,
1312 2352 1404 2379 statim
1424 2351 1525 2379 Bardas
1538 2351 1670 2387 patricius
1686 2352 1750 2378 mit-

967 2399 1043 2431 titur,
1060 2399 1207 2433 quaasitum
1221 2405 1253 2424 ex
1268 2405 1300 2424 eo
1312 2405 1345 2424 an
1358 2398 1394 2424 ob
1413 2396 1609 2432 professionem
1622 2404 1692 2424 vera
1708 2405 1751 2424 re-

967 2444 1079 2479 ligionis
1107 2443 1268 2478 patriarcha:
1294 2442 1352 2470 loco
1377 2443 1473 2470 cedere
1498 2442 1674 2470 detrectaret.
1695 2441 1749 2470 Sed

965 2489 1079 2520 Jannes,
1091 2489 1171 2516 homo
1184 2492 1313 2516 versutus
1324 2492 1351 2516 et
1365 2493 1394 2514 ut
1405 2488 1549 2523 quisquam
1559 2487 1630 2515 alius
1643 2487 1750 2515 fraudis

965 2535 1143 2562 calumnizeve
1167 2535 1278 2562 suendae
1306 2542 1419 2569 gnarus,
1434 2539 1554 2561 ventrem
1571 2541 1651 2560 suum
1682 2533 1748 2560 dor-

965 2587 1082 2615 sumque
1096 2584 1122 2607 et
1133 2585 1209 2607 nates
1239 2579 1351 2614 plumbo
1373 2579 1543 2614 compungit,
1560 2583 1590 2606 ut
1604 2586 1618 2605 a
1634 2578 1750 2613 quibus-

965 2635 1025 2654 cam
1053 2626 1145 2662 flagris
1162 2632 1250 2653 czesus
1271 2625 1427 2658 videretur;
1443 2624 1651 2660 vociferatusque
1665 2624 1701 2652 ita
1718 2632 1749 2652 se

968 2673 1002 2700 ab
1028 2672 1061 2699 iis
1087 2672 1134 2705 qui
1158 2671 1234 2698 missi
1260 2670 1365 2699 fuerant
1386 2674 1544 2703 tractatum,
1571 2675 1675 2699 tantum
1695 2669 1749 2699 sibi

966 2719 1099 2754 temporis
1116 2718 1230 2746 concedi
1243 2717 1347 2753 flagitat
1361 2717 1448 2745 donec
1461 2716 1564 2745 vibices
1577 2716 1747 2745 etuerentur.

700 2781 874 2811 XYLANDRI
889 2784 935 2812 ET
951 2783 1058 2813 GOARI
1078 2784 1194 2814 NOTIE.

163 2844 217 2881 (22)
243 2846 424 2883 Φατριάρχης
453 2853 526 2878 recte
555 2850 670 2887 legitur,
687 2859 742 2880 non
768 2853 952 2889 πατριάρχης.
970 2852 1056 2882 Goan.
