2046 3149
266 140 336 172 1031

925 135 1083 165 GEORGII
1106 136 1271 167 CEDRENI

1822 137 1892 171 1032

267 198 389 224 dolorem
407 192 505 219 afferre
519 192 610 219 conati
628 197 702 220 sunt.
725 191 781 219 Res
805 199 836 218 ea
850 191 887 218 ita
897 197 968 219 acta.
986 192 1043 218 Mu-

1113 191 1216 227 υττῆσαι
1235 193 1309 220 λαόν.
1338 193 1456 228 Χρυσίου
1485 194 1537 229 γὰρ
1551 194 1648 221 πολλοῦ
1668 193 1888 228 ὐποφθείραντές

269 240 363 266 Ιίθι-ιιηι
380 237 526 271 quamdam
544 238 642 271 (mater
658 244 689 264 ea
711 236 763 263 fuit
778 235 975 271 Metrophanis,
1004 238 1050 271 qui

269 288 362 317 loslea
395 281 520 318 Smyrnae
547 283 647 317 praesul
677 283 767 310 factus
788 285 838 316 est)
867 282 954 310 multo
984 290 1053 310 auro

266 327 565 362 pollicitatiouibusque
603 331 761 361 corruptam
791 327 954 359 subornant,
992 335 1054 362 quae

266 376 395 408 Augustae
411 377 439 400 et
463 374 636 408 imperatoris
669 372 808 400 tutoribus
827 372 931 400 diceret
964 380 979 399 a
996 372 1052 400 Me-

268 421 363 447 thodio
379 427 408 447 se
429 427 491 447 esse
521 422 682 453 stupratam.
713 418 811 445 Statim
840 426 906 453 ergo
929 418 1054 445 terribile

264 466 397 501 jtldiriuttl
413 473 444 492 ex
459 464 588 492 civilibus
603 468 629 492 et
645 464 760 492 sacratis
778 464 934 492 hominibus
946 464 1054 499 cogitur

270 512 426 540 concilium.
449 513 548 538 Astaut
569 510 620 545 pii,
652 511 790 538 maestitiae
800 518 831 537 ac
841 510 944 538 doloris
955 511 1027 545 pleni
1044 519 1051 537 :

266 567 319 585 non
336 558 436 584 absunt
448 556 535 590 impii,
548 556 666 583 dedecus
673 556 746 583 haud
763 556 892 591 exiguum
901 563 930 583 ea
942 556 1054 583 actione

269 604 444 631 conciliatum
466 602 498 629 iri
508 602 614 637 piorum
630 602 715 629 coetui
744 607 898 637 sperantes.
917 601 1054 629 Prodeunt

270 647 708 679 calumniatoresanimisinflati,
744 648 816 682 quod
848 647 952 675 crimen
979 648 1052 675 idin

267 700 392 731 promptu
417 695 518 721 habere
553 694 731 729 probationes
765 694 891 725 ﬁderent,
918 694 1053 729 producta

268 743 295 769 in
312 742 430 768 medium
461 740 632 772 muliercula,
651 747 714 776 qua:
743 740 896 775 composito
916 740 1054 775 judicibus

265 795 323 814 rem
339 790 470 814 narraret.
488 785 599 813 .ludices
613 790 639 813 et
652 785 789 820 praecipue
813 785 966 817 Manuelus,
982 785 1053 812 tristi

265 834 342 860 vultu
371 833 511 863 assident,
543 831 656 866 indigne
682 831 801 859 ferentes
830 832 912 859 unius
937 832 1055 859 hominis

268 879 349 913 culpa
367 882 469 905 curtum
484 877 592 912 piorum
613 877 639 904 iu
656 877 806 912 periculum
825 877 935 904 ludibrii
951 877 1053 905 venire.

267 924 332 957 Quae
347 924 440 951 omnia
460 923 582 951 sentiens
600 922 767 955 Metltodius,
784 927 814 950 ut
830 928 857 951 et
869 931 931 958 spes
951 924 1055 958 impio-

268 977 328 997 rum
343 974 369 996 et
389 969 496 1004 piorum
525 968 715 1004 aegritudinem
731 969 853 996 aboleret
867 976 956 1003 neque
967 969 1055 996 eccle-

270 1016 317 1043 siw
335 1015 402 1049 lapis
415 1014 576 1042 offensionis
592 1019 676 1046 esset,
695 1014 762 1041 nihil
778 1014 982 1041 multitudinem
1009 1022 1055 1041 re-

268 1061 373 1088 veritus
399 1060 481 1087 homo
500 1061 573 1087 omni
598 1060 754 1087 reverentia
780 1065 864 1094 atque
891 1060 995 1087 honore
1016 1060 1057 1087 di-

268 1107 428 1141 gnissimus,
445 1107 472 1132 in
486 1109 635 1139 conspecttt
650 1105 773 1133 omnium
788 1105 915 1140 pudenda
932 1106 1055 1138 nudavit,

268 1160 329 1188 quae
354 1159 436 1179 nemo
453 1159 507 1178 non
524 1151 739 1178 videbatmorbo
756 1152 874 1186 quodam
890 1152 1058 1179 etnarcuisse

270 1200 399 1232 omnique
412 1197 532 1224 naturali
551 1197 575 1223 vi
589 1204 651 1224 esse
675 1197 793 1232 privata.
806 1196 914 1225 Pudore
943 1198 994 1224 hoc
1016 1198 1057 1224 fa-

269 1249 344 1271 ctum
358 1243 477 1278 opplevit
497 1242 710 1269 calumniatores
725 1245 752 1269 et
785 1242 866 1269 malis
893 1243 1056 1277 gaudentes,

270 1290 330 1325 pios
345 1293 437 1316 autem
451 1288 543 1315 laetitia
559 1296 564 1313 :
580 1287 663 1323 948
688 1287 734 1322 qui
763 1287 866 1323 ingenti
878 1295 940 1315 cum
956 1288 1058 1323 gaudio

271 1335 439 1363 hletliodiunt
453 1335 595 1369 ciugentes
611 1333 768 1361 salutabant
801 1339 882 1368 atque
910 1334 1058 1368 amplecte-

271 1381 379 1413 bantur,
399 1387 488 1415 neque
508 1379 646 1407 habebant
663 1387 718 1414 quo
735 1379 814 1407 modo
839 1379 972 1414 voluptati
1002 1387 1059 1407 suae

272 1427 477 1455 satisfacerent.
495 1425 527 1452 Et
544 1426 656 1460 quidam
672 1426 706 1453 de
720 1425 876 1453 notioribus
889 1425 996 1460 placide
1011 1433 1059 1460 ag-

267 1480 382 1509 gressus
407 1480 439 1499 ex
453 1471 623 1506 coqumsivit
636 1478 757 1506 quonam
781 1471 863 1498 modo
882 1471 974 1498 virilia
997 1471 1058 1506 ejus

1103 247 1164 265 τινα
1192 240 1310 272 γυναῖκα
1343 240 1390 266 καὶ
1419 240 1609 275 ὑποσχέσεσιν,
1636 241 1661 267 εἰ
1684 240 1763 274 μόνον
1787 240 1889 271 τούτοις

1104 285 1256 320 συμφήσειε
1285 285 1389 320 (μήτηρ
1409 285 1438 311 δὲ
1462 286 1492 312 τὸ
1508 286 1619 319 γύναιον
1643 283 1678 320 ῆν
1695 285 1890 320 Μητροφάνους

1103 329 1149 355 τοῦ
1169 329 1316 363 μετέπειτα
1344 329 1471 365 Σμύρνης
1493 328 1748 365 προεδρεύσαντος),
1766 329 1890 356 πείθουσι

1104 376 1244 401 κατειπεῖν
1259 375 1305 402 τοῦ
1322 375 1400 409 ἁγίου
1418 375 1488 410 πρός
1502 385 1532 402 τε
1544 375 1594 411 τὴν
1608 375 1753 402 δέσποιναν
1764 375 1813 401 καὶ
1828 376 1889 406 τοὺς

1103 421 1267 456 ἐπιτρόπους
1281 421 1327 448 τοῦ
1341 421 1473 456 βασιλέως
1484 421 1522 453 ὡς
1537 421 1578 456 εἴη
1599 422 1669 455 αὐτῇ
1684 420 1890 454 πεπλησιακώς.

1104 467 1184 501 Βῆμα
1197 467 1263 499 γοῦν
1280 467 1382 498 εὐθέως
1405 467 1506 502 φρίκης
1522 467 1620 501 μεστὸν
1632 467 1664 493 ἐκ
1681 465 1827 492 πολιτικῶν
1844 465 1890 492 καὶ

1105 512 1185 547 ἱερῶν
1203 513 1307 548 ἀνδρῶν
1320 512 1564 548 συγκροτούμενον.
1582 512 1713 548 Παρῆσαν
1728 512 1752 538 οἱ
1772 511 1892 542 εὐσεϐεῖς

1104 559 1258 594 κατηφείας
1285 559 1331 584 καὶ
1354 558 1443 593 λύπης
1472 558 1696 593 πεπληρωμένοι,
1714 558 1766 584 οὐκ
1785 557 1892 592 ἀπῆσαν

1104 604 1128 629 οἱ
1155 604 1263 635 ἀσεϐεῖς
1293 604 1387 638 μῶμον
1401 605 1432 630 ἐκ
1454 605 1504 638 τῆς
1524 603 1650 640 πράξεως
1670 604 1700 629 οὐ
1717 604 1763 629 τον
1778 603 1893 638 τυχόντα

1106 649 1152 686 [Ρ.
1169 650 1232 686 558]
1250 651 1451 686 προστριεῆναι
1463 653 1494 685 τῇ
1511 651 1565 677 τῶν
1580 650 1728 686 όρθοδὸξων
1746 644 1894 685 Ἐκκλησία

1103 695 1232 728 οἰόμενοι.
1251 696 1380 731 Παρῆσαν
1394 697 1417 722 οἱ
1446 696 1613 730 συκοφάνται
1632 695 1704 730 μέγα
1734 694 1894 729 φρονοῦντες

1104 741 1142 773 ὡς
1168 742 1238 776 τάχα
1262 742 1311 776 τῆς
1337 741 1505 777 κατηγορίας
1525 741 1671 776 πρόχειρον
1700 739 1819 775 ἐχούσης
1849 740 1894 766 τὸν

1105 787 1224 822 ἔλεγχον.
1244 787 1372 822 Παρῆγον
1385 789 1425 818 είς
1442 787 1524 822 μέσον
1543 787 1572 813 τὸ
1594 786 1715 820 γύναιον,
1740 785 1788 811 καὶ
1806 785 1824 812 ἃ
1845 785 1896 812 ἐδι-

1105 832 1190 866 δάχθη
1208 833 1265 864 τοῖς
1279 832 1435 864 δικάζουσιν
1456 831 1636 866 ἐθριάμϐευεν
1650 831 1718 867 (50).
1744 830 1895 865 Ἐσκυθρω-

1107 877 1193 910 παζον
1206 878 1231 904 οῐ
1243 878 1377 908 δικασταὶ.
1397 878 1506 905 καὶτῶν
1521 877 1607 905 ἄλλων
1624 877 1729 904 πλέονό
1747 877 1896 912 μάγιστρος

1107 924 1244 959 Μανουὴλ,
1261 924 1285 950 εἰ
1308 923 1342 950 δι’
1358 923 1417 955 ἐνὸς
1430 919 1576 959 ἀνθρώπου
1602 923 1774 950 κινδυνεύσει
1793 923 1823 949 τὸ
1841 921 1895 949 τῶν

1107 969 1256 1005 ὀρθοδόξων
1272 970 1409 1004 πλήρωμα
1424 969 1509 1003 γέλως
1526 969 1652 1004 γενέσθαι
1667 971 1722 1000 τοῖς
1735 968 1895 999 ἀντιθέτοις.

1107 1016 1217 1043 Τούτων
1237 1016 1346 1042 πάντων
1361 1015 1558 1050 ἐπαισθόμενος
1569 1016 1583 1042 ό
1597 1016 1668 1050 ἱερὸς
1681 1014 1815 1046 Μεθόδιος
1826 1034 1833 1046 .
1851 1015 1897 1041 καὶ

1107 1064 1170 1094 τοὺς
1187 1061 1236 1097 μὲν
1249 1061 1359 1093 ἀσεϐεῖς
1379 1062 1432 1088 τῶν
1446 1062 1563 1088 ἐλπίδων
1579 1063 1750 1096 μεταστῆσαι
1770 1060 1896 1096 βουλόμε-

1108 1114 1163 1138 νος,
1186 1106 1250 1137 τοὺς
1268 1105 1291 1132 δ’
1320 1105 1442 1137 εὐσεϐεῖς
1470 1105 1622 1138 ἀπαλλάξαι
1649 1105 1700 1140 τῆς
1729 1105 1896 1140 κατεχούσης

1109 1151 1280 1186 βαρυθυμίας
1298 1152 1346 1178 καὶ
1371 1152 1404 1187 τῇ
1432 1151 1580 1186 Ἐκκλησία
1604 1152 1642 1186 μὴ
1667 1151 1744 1182 λίθος
1769 1150 1896 1184 γενέσθαι

1108 1198 1333 1232 προσκόμματος,
1365 1197 1447 1232 μηδὲν
1468 1197 1514 1224 τὸν
1540 1197 1619 1232 θχλον
1650 1197 1895 1232 ὑποστειλάμενος,

1109 1243 1326 1278 ἀποσεισάμενος
1343 1244 1393 1279 τὴν
1420 1243 1555 1279 ἁναόολὴν
1576 1244 1619 1270 ἐπ’
1643 1243 1702 1278 ὄψει
1717 1243 1831 1270 πάντων
1846 1243 1897 1269 τῶν

1109 1290 1255 1324 θεωμένων
1270 1290 1426 1324 ἀπογυμνοῖ
1438 1291 1473 1316 τὰ
1497 1290 1584 1316 αἰδοῖα
1601 1291 1615 1316 ό
1631 1289 1724 1325 πάσης
1747 1289 1838 1321 αἰδοῦς
1852 1291 1896 1316 καὶ

1108 1335 1191 1370 τιμῆς
1207 1335 1290 1366 and;
1303 1335 1389 1367 ἄξιος.
1406 1337 1461 1362 Καὶ
1478 1335 1565 1371 ἐφάνη
1580 1337 1637 1367 τοῖς
1656 1337 1724 1362 πᾶσι
1740 1335 1827 1362 ταῦτα
1852 1343 1900 1369 με·

1111 1381 1277 1416 μαρασμένα
1294 1381 1349 1408 ἀπό
1375 1389 1448 1413 τινος
1461 1381 1540 1408 νόσου
1565 1381 1613 1408 καὶ
1631 1381 1680 1416 τῆς
1696 1380 1819 1416 φυσικῆς
1832 1389 1898 1406 παν-

1109 1428 1226 1454 τάπασιν
1241 1427 1382 1462 ἐνεργείας
1395 1427 1508 1462 ἄμοιρα.
1521 1426 1657 1462 Αἰσχύνης
1669 1427 1699 1453 τὺ
1712 1428 1831 1462 πρᾶγμα
1838 1427 1898 1458 τοὺς

1110 1472 1290 1508 χαιρεκάκους
1305 1472 1437 1508 ἐνέπλησε
1452 1472 1499 1499 καὶ
1518 1473 1582 1504 τοὺς
1597 1473 1785 1507 συκοφάντας,
1805 1475 1898 1509 εὔφρο-

271 1519 310 1546 ita
326 1518 537 1546 emarcuisseut.
563 1517 613 1543 Cui
632 1516 656 1544 is
687 1523 744 1544 rem
770 1520 856 1544 totam
879 1524 894 1543 a
922 1517 1059 1552 principio

1112 1519 1225 1553 σύνηςδ*
1242 1520 1283 1546 ὅτι
1294 1519 1395 1553 πολλῆς
1404 1519 1450 1546 καὶ
1466 1519 1598 1553 θυμηδίας
1620 1519 1684 1550 τοὺς
1700 1519 1835 1551 εὐσεὸεἶς.
1847 1519 1900 1545 Καὶ

271 1565 405 1592 narravit.
425 1564 470 1596 Se,
487 1570 549 1590 cum
588 1562 680 1590 Romae
698 1562 819 1598 degeret,
840 1563 940 1591 missus
970 1571 1003 1590 eo
1024 1563 1058 1590 ad

272 1616 370 1644 papam
400 1608 436 1635 ob
462 1607 597 1635 intentata
626 1606 780 1641 Nicephoro
808 1607 983 1636 sanctissimo
1011 1615 1059 1643 pa-

273 1656 403 1682 triarcha:
416 1654 543 1687 crimina,
564 1659 691 1681 vexatum
703 1653 790 1680 fuisse
801 1660 816 1679 a
826 1654 920 1680 carnis
935 1654 1060 1681 studioso

273 1702 348 1729 malo
375 1700 470 1735 genio,
499 1700 560 1726 sine
585 1698 790 1726 intermissione
822 1698 882 1725 dies
909 1703 1060 1734 noctesque

274 1746 364 1781 ipsum
377 1745 507 1772 titillante
520 1747 547 1770 et
559 1743 598 1770 rei
611 1742 740 1770 Venereae
753 1743 900 1777 appetitum
911 1743 1059 1771 excitante.

273 1792 368 1826 Itaque
391 1798 422 1818 se
439 1789 579 1817 ardentem
595 1796 627 1816 ea
656 1788 816 1823 cupiditate,
832 1796 864 1815 ac
877 1793 983 1816 tantum
1006 1797 1060 1817 non

274 1839 299 1866 ei
315 1836 552 1867 succumbentem,
573 1834 654 1862 Petro
664 1835 848 1868 apostolorum
866 1834 983 1870 principi
996 1842 1061 1863 sese

276 1885 376 1911 dedere
397 1883 538 1912 statuisse,
558 1881 707 1915 multisque
731 1880 765 1907 ab
780 1887 813 1907 eo
838 1880 966 1915 precibus
993 1888 1061 1908 con-

276 1930 398 1957 tendisse
428 1929 467 1956 uti
479 1936 508 1956 se
519 1927 631 1955 libidine
651 1928 701 1954 ista
722 1926 858 1954 liberaret.
875 1926 954 1954 Hunc
979 1932 1062 1955 noctu

276 1976 408 2006 astitisse,
435 1981 468 2002 ac
482 1974 573 2001 virilia
600 1980 650 2000 sua
680 1980 763 2000 manu
785 1973 881 2000 dextra
906 1978 1062 2008 tangentem

276 2021 473 2053 combussisse,
487 2020 624 2054 simulque
635 2018 736 2046 dixisse
750 2018 820 2046 nihil
844 2027 904 2047 esse
934 2019 1006 2053 quod
1035 2019 1063 2046 in

278 2071 418 2101 posterum
435 2066 488 2093 sibi
504 2066 538 2092 ab
552 2066 604 2092 ista
626 2070 758 2093 metueret
772 2065 922 2100 voluptatis
934 2065 1065 2099 concupi-

278 2113 394 2141 scentia.
417 2112 452 2139 Se
463 2112 499 2139 ob
510 2112 699 2139 vehementem
711 2111 833 2139 dolorem
851 2118 951 2138 somno
967 2118 1066 2138 excus-

278 2167 339 2187 sum
357 2160 439 2186 talem
458 2162 598 2193 repertum
621 2158 707 2186 fuisse
720 2158 829 2192 qualem
839 2157 891 2192 ipsi
917 2157 1063 2185 vidissent.

278 2205 341 2232 llaec
376 2212 439 2232 cum
474 2204 512 2230 ita
542 2208 682 2230 narrasset
712 2203 887 2238 patriarcha,
922 2202 1065 2230 Manuelus

278 2249 481 2277 intolerabilem
505 2248 576 2274 hanc
592 2247 716 2274 fraudem
743 2247 869 2274 iudicans
880 2247 977 2275 statuit
1007 2255 1066 2274 mu-

279 2295 420 2322 lierculam
437 2292 635 2328 quaestionibus
652 2292 795 2325 adhibere,
824 2298 854 2319 ut
881 2300 943 2326 qua:
969 2292 1066 2319 fuisset.

280 2340 335 2368 doli
365 2339 494 2367 nectendi
511 2339 581 2365 ratio
606 2338 780 2373 intelligeret.
803 2338 901 2366 Statim
928 2346 992 2372 ergo
1011 2338 1068 2373 gla-

279 2386 343 2413 dius
368 2385 524 2419 stringitur.
553 2383 639 2418 virgae
663 2383 718 2419 igni
743 2384 891 2411 candentes
907 2383 1068 2416 afferuntur,

282 2431 484 2464 carnificesque
515 2428 603 2463 parati
629 2432 720 2456 astant
752 2437 759 2455 :
791 2429 892 2463 quibus
916 2429 1010 2456 infelix
1037 2438 1069 2457 ea

282 2478 376 2505 territa
389 2477 428 2503 rei
442 2475 584 2502 veritatem
600 2474 683 2510 949
694 2475 781 2509 palam
801 2475 914 2508 fatetur,
934 2483 989 2511 quo
1022 2484 1067 2511 pa-

283 2528 329 2550 cto
344 2525 458 2550 structa:
473 2520 591 2552 insidiae,
616 2526 700 2555 utque
730 2527 798 2548 auro
821 2526 848 2548 et
866 2520 1070 2555 pollicitationi-

282 2568 332 2595 bus
348 2571 477 2602 corrupta
493 2570 521 2593 et
534 2565 648 2600 decepta
664 2565 758 2599 fuerit,
773 2566 819 2600 qui
847 2567 994 2594 commenti
1019 2575 1070 2594 au-

283 2616 394 2640 ctores:
424 2613 542 2648 denique
566 2618 650 2639 totam
676 2611 793 2638 fabulam
820 2611 913 2644 refert,
942 2612 1071 2645 additque

283 2658 357 2686 domi
370 2665 426 2686 sua
440 2666 536 2686 aurum
557 2660 583 2685 in
599 2657 708 2686 sacculo
731 2661 868 2692 repertum
895 2658 928 2685 iri
952 2659 1068 2693 quadam

283 2704 312 2733 in
329 2705 422 2733 arcula
441 2704 568 2733 frun-enti
585 2704 677 2738 plena.
693 2703 726 2730 Et
745 2704 848 2731 missus
869 2711 901 2731 eo
917 2705 1068 2732 satellitum

1112 1563 1305 1600 περιλαόόντες
1324 1564 1403 1591 αὑτὸν
1415 1564 1473 1599 μεθ’
1490 1563 1711 1599 ὑπερϐαλλούσης
1723 1564 1900 1599 περιχαρείας

1113 1611 1332 1645 κατησπάςοντο,
1359 1609 1581 1645 περιεπλέκοντο,
1599 1609 1650 1636 οὐκ
1672 1608 1749 1644 εἶχον
1765 1610 1838 1641 ὅπως
1862 1609 1899 1643 τῷ

1115 1655 1215 1691 πλήθει
1232 1655 1388 1690 χρήσωνται
1402 1656 1453 1690 τῆς
1469 1656 1566 1689 χαρᾶς.
1586 1655 1640 1682 Καί
1657 1663 1700 1686 τις
1713 1659 1773 1681 τῶν
1788 1664 1900 1691 γνησιω-

1113 1701 1201 1736 τέρων
1218 1700 1375 1736 προσελθὼν
1399 1701 1491 1736 ἠρέμα
1507 1700 1638 1736 ἐπηρώτα
1653 1700 1700 1728 et»
1715 1703 1898 1737 πατριάρχην,

1112 1747 1158 1774 τὸν
1170 1747 1269 1782 τρόπον
1284 1746 1380 1782 μαθεῖν
1411 1747 1510 1774 ἐθέλων
1538 1747 1586 1774 τοῦ
1605 1747 1758 1783 μαρασμοῦ
1773 1747 1827 1774 τῶν
1854 1756 1898 1781 μο-

1116 1793 1191 1828 ρῖων.
1220 1791 1373 1819 ’Δναλαὸὼν
1394 1792 1422 1818 δὲ
1451 1789 1529 1825 οὗτος
1544 1793 1665 1828 διηγεῖτο
1685 1793 1792 1820 ἄνωθεν
1809 1793 1853 1819 καὶ
1870 1792 1898 1824 ἐξ

1114 1837 1212 1871 ἀρχῆς,
1227 1836 1322 1871 ὅτιπερ
1340 1837 1384 1863 Ἐν
1403 1835 1494 1872 Ῥώμῃ
1510 1837 1647 1872 πεμφθεὶς
1661 1837 1733 1873 πρὸς
1746 1837 1792 1864 τὸν
1810 1837 1899 1864 πάπαν

1114 1880 1158 1907 διὰ
1172 1880 1222 1910 τὰς
1236 1880 1307 1906 κατὰ
1319 1880 1477 1915 Νικηφόρον
1493 1881 1540 1907 τοῦ
1558 1881 1711 1914 ἁγιωτάτου
1728 1882 1899 1916 πατριάρχου

1116 1925 1310 1961 ἁνεγερθεὶσας
1318 1927 1478 1960 ἐπαγωγὰς,
1492 1926 1603 1952 κάκεῖσε
1617 1926 1731 1960 διάγων,
1746 1926 1900 1962 ὴνωχλήθην

1117 1972 1169 1999 ὑπὸ
1184 1971 1230 1998 τοῦ
1244 1971 1408 2006 φιλοσάρκου
1422 1971 1559 2006 δαίμονος,
1571 1972 1600 2003 ὃς
1611 1972 1661 1998 οὐκ
1676 1972 1785 1999 ἐνέλιπε
1797 1973 1900 2007 νύκτωρ

1117 2017 1165 2044 καὶ
1179 2017 1238 2051 μεθ’
1253 2017 1359 2052 ἡμέραν
1372 2017 1547 2052 γαργαρίξων
1564 2018 1611 2044 καὶ
1628 2017 1727 2052 μίξεώς
1743 2027 1788 2054 μοι
1806 2027 1900 2053 σαρκι-

1117 2062 1169 2097 κῆς
1186 2062 1321 2088 ἀνακινῶν
1349 2061 1463 2097 ἔρωτας.
1479 2062 1710 2098 ’Λναφλεγόμενος
1721 2064 1751 2091 δὲ
1763 2064 1801 2099 τῷ
1814 2065 1900 2098 πάθει,

1117 2108 1154 2139 ὡς
1168 2108 1218 2143 ήδη
1236 2108 1283 2134 καὶ
1303 2107 1465 2142 ἡττώμενος,
1488 2107 1573 2141 ἔγνων
1594 2108 1690 2144 Πέτρῳ
1708 2109 1749 2145 τῷ
1766 2110 1900 2146 κορυφαίῳ

1118 2153 1172 2180 τῶν
1208 2152 1365 2179 ἀποστόλων
1389 2152 1537 2180 ἀναθέσθαι
1569 2154 1708 2189 ἐμαυτὸν,
1736 2156 1783 2181 καὶ
1812 2155 1900 2182 τοῦτον

1120 2198 1297 2234 ἐξελιπάρουν
1310 2198 1463 2230 ἀπαλλάξαι
1489 2207 1523 2234 με
1551 2199 1602 2234 τῆς
1624 2201 1786 2236 σωματικῆς
1802 2201 1900 2236 ταύτης

1118 2245 1245 2280 ὀρέξεως.
1272 2243 1329 2271 Καὶ
1356 2244 1402 2271 τὸν
1428 2245 1578 2271 ἐπιστάντα
1602 2245 1701 2278 νυκτδς
1725 2246 1845 2281 ἅψασθαι
1867 2247 1897 2280 τῇ

1119 2291 1194 2326 δεξιᾷ
1210 2292 1282 2325 χειρὶ
1293 2290 1348 2317 τῶν
1363 2290 1472 2317 αίδοίων
1485 2291 1533 2317 καὶ
1546 2291 1738 2326 καταπρῆσαι,
1755 2292 1900 2319 ἐπειπόντα

1119 2337 1167 2363 τοῦ
1198 2335 1294 2362 λοιποῦ
1327 2336 1365 2372 μή
1394 2335 1536 2363 πτοεῖσθαι
1556 2337 1607 2371 τὴν
1631 2337 1774 2372 φιλήδονον
1804 2337 1900 2372 ὄρεξιν.

1121 2382 1291 2414 Διυπνισθεὶς
1316 2382 1344 2408 δέ
1373 2383 1443 2417 μετὰ
1469 2382 1588 2417 σφοδρᾶς
1616 2383 1764 2418 ἀλγηδόνος
1791 2382 1900 2418 soptqu

1121 2428 1190 2463 ἔχων
1198 2428 1236 2459 ὡς
1251 2421 1415 2456 ἐθεάσασθε.
1430 2427 1524 2455 Ταῦτα
1531 2428 1577 2454 τοῦ
1587 2429 1755 2464 πατριάρχου
1772 2429 1898 2459 εἰπόντος,

1121 2475 1170 2500 οὐκ
1185 2474 1334 2509 ἀνασχετόν
1348 2475 1363 2500 ὁ
1378 2474 1506 2508 Μανουὴλ
1518 2473 1633 2508 νομίσας
1648 2475 1680 2500 τδ
1689 2475 1814 2509 τύρευμα
1835 2474 1900 2507 ιγνω

1121 2520 1242 2552 ἐξετάσει
1257 2520 1368 2554 δοθῆναι
1385 2520 1414 2546 τδ
1426 2519 1540 2554 γύναιον
1555 2519 1598 2553 ἐφ’
1625 2516 1647 2553 ᾦ
1665 2520 1833 2555 διασαφῆσαι
1855 2519 1900 2553 τὴν

1123 2565 1360 2601 μηχανορραφίαν.
1384 2565 1467 2600 Ξίφος
1491 2573 1521 2592 τε
1537 2563 1584 2592 οὗν
1601 2565 1682 2597 εὐθὺς
1711 2565 1798 2600 τούτῳ
1817 2566 1895 2591 ἐπαν-

1122 2612 1240 2638 ετείνετο
1251 2612 1298 2637 καὶ
1315 2611 1406 2645 ράὁδοι
1424 2611 1583 2646 ἐκομίζοντο
1598 2612 1788 2646 ήκανθωμέναι
1801 2631 1808 2642 ,
1821 2610 1865 2637 καὶ
1877 2609 1899 2635 οί

1122 2657 1215 2692 δήμιοι
1244 2657 1478 2692 παρειστήκεισαν
1495 2657 1649 2692 εὐτρεπεῖς.
1673 2655 1719 2689 οἷς
1743 2657 1902 2691 ἐκδειματω-

1125 2703 1202 2730 θεῖσα
1224 2704 1241 2738 ὴ
1258 2703 1389 2738 δύστηνος
1407 2702 1514 2738 τίθησιν
1532 2703 1670 2730 ἔκπυστον
1687 2703 1737 2739 τήν
1767 2702 1901 2737 ἀλήθειαν,

862 2756 1037 2788 ΧὶίΑΝυΒΙ
1056 2761 1098 2789 ΕΤ
1115 2761 1222 2789 GOABI
1235 2759 1349 2788 NOTAE.

319 2809 376 2846 (ὅθ)
392 2809 534 2845 Manifesta
559 2810 696 2845 impudens
731 2808 889 2846 muliercufa
904 2810 930 2846 iu
954 2810 1071 2837 omnium

284 2843 378 2872 auditu
401 2843 517 2873 criminis
541 2843 679 2880 infamiam
692 2843 840 2878 evulgabut.
860 2843 978 2872 chicon
1004 2852 1071 2872 ano-

1126 2817 1237 2870 Eymutn
1263 2809 1328 2836 bibl.
1343 2808 1409 2844 Reg.
1428 2816 1434 2834 :
1451 2808 1627 2844 Θριαμσεύω,
1656 2807 1812 2844 κατάδηλον
1835 2803 1906 2833 ποιῶν

1150 2851 1213 2870 nan.

1150 2851 1213 2870 οΑΙῙ.
