2046 3149
235 206 303 241 1039

878 209 1039 239 GEORGII
1059 210 1227 240 CEDRENI

1790 209 1858 243 10έο

233 265 350 292 alliciunt
367 271 478 298 gerens.
506 263 670 293 Manichacus
686 269 771 293 secta.
789 264 814 292 ls
833 271 895 293 cum
911 265 1015 293 inaudi-

1071 266 1198 298 Θεόδοτος
1211 266 1225 292 ό
1239 265 1409 301 Μελισσηνὸς
1423 286 1430 298 ,
1449 265 1579 301 ὑπηρέτει
1595 266 1622 292 δὲ
1642 266 1731 301 τούτῳ
1748 267 1795 301 τὴν
1807 267 1854 292 τοῦ

232 313 316 338 visset
331 315 436 344 patrem
454 319 533 339 suum
554 312 580 338 in
596 311 687 346 palum
703 315 792 338 actum
809 310 890 346 idque
909 311 1015 338 facinus

232 358 407 394 iniquissime
427 359 520 390 ferret,
541 358 674 393 profugus
689 365 752 384 cum
773 358 789 385 5
806 357 926 385 millibus
941 358 1015 393 ejus-

231 405 292 432 dem
309 412 402 432 secum
416 404 556 437 religionis
586 403 620 430 ad
637 403 762 431 Amorem
782 403 856 430 venit
883 403 1016 432 Meliteure

232 457 365 483 amerain,
383 454 463 484 atque
480 450 513 476 ab
529 449 580 477 hoc
594 449 626 476 ad
647 456 875 477 amermumnem.
902 449 943 475 Ali
964 449 1017 476 hoe

232 495 381 524 honorifice
398 499 539 530 acceptus,
558 495 677 530 dataque
688 498 715 522 et
732 498 843 530 accepta
859 495 920 528 fide,
935 495 1016 530 paulo

232 545 295 576 post
310 541 498 568 Romanorum
516 540 650 568 ditionem
682 540 797 573 invadit,
816 545 843 569 et
857 541 939 569 urbes
951 548 1017 569 cort-

232 587 283 619 dit,
295 594 411 621 quarum
428 586 537 613 nomina
555 587 712 621 Argaunum
725 590 753 614 et
763 586 878 620 Amata;
898 593 1017 622 cumque

232 641 272 662 ea:
285 634 427 661 hominum
447 632 619 660 multitudine
635 636 723 659 aucta:
746 635 847 665 essent,
866 632 967 659 sensim
984 639 1016 660 eo

232 679 435 708 confluentibus
453 678 612 706 Manicliaais
623 678 669 713 qui
685 685 716 705 se
730 677 765 706 ob
777 681 878 704 metum
892 677 1017 704 occulta-

233 730 340 757 verant,
359 726 466 752 duabus
481 724 598 751 urbibus
614 723 694 750 tertia
710 723 803 750 addita
815 727 867 755 est,
884 722 1016 758 Tephric‘a

233 771 352 798 nomine.
376 770 424 797 llis
451 778 481 797 ex
500 769 614 796 urbibus
638 772 824 803 erumpentes,
848 772 875 796 et
896 776 925 796 se
953 776 1017 795 cum

233 823 326 844 anicra
341 816 474 843 Mclileure
501 815 599 843 Amore
619 819 645 842 et
672 814 763 843 Alimo
780 814 859 841 Tarsi
888 813 1016 849 »πείθοιο

233 862 443 897 eonjungentes,
457 861 560 888 nullam
575 861 762 888 Romanorum
779 859 910 887 ditionem
927 861 1017 887 incur-

232 909 357 936 sionibus
375 915 407 934 ac
429 907 512 942 955
533 907 757 942 populationibus
785 905 901 936 vexandi
930 906 1015 933 inter-

232 955 390 982 missionem
428 954 563 981 fecerunt.
597 953 650 980 Sed
682 953 789 980 Alimus
810 952 838 979 in
870 952 1016 987 quamdam

230 1000 425 1027 Armeniorum
438 1001 577 1034 regionem
595 999 735 1034 profectus
748 1006 810 1025 cum
824 1006 876 1026 suo
893 998 1016 1025 exercitu

231 1046 268 1073 ibi
286 1046 376 1081 periit.
394 1045 426 1072 Et
440 1046 522 1072 Amer
546 1044 618 1072 civili
635 1045 706 1072 bello
732 1043 900 1078 implicatus,
930 1043 1017 1071 rebel-

232 1093 305 1119 lante
322 1092 347 1119 ei
364 1092 479 1126 collega,
496 1090 540 1125 qui
559 1090 658 1122 Sclcri,
674 1089 701 1117 id
710 1093 752 1117 est
767 1089 843 1121 Duri,
857 1089 1014 1124 appellaba-

233 1143 286 1171 tur,
307 1142 411 1165 tantum
425 1144 488 1164 cum
510 1136 569 1164 suis
593 1136 688 1163 habuit
719 1135 877 1170 aliquandiu
902 1136 1015 1170 negotii,

231 1190 260 1212 ut
275 1188 390 1212 externo
403 1183 475 1212 bello
487 1190 585 1210 vacare
612 1182 745 1217 nequiret.
761 1182 907 1217 Postquam
921 1187 1013 1209 autem

232 1229 391 1257 adversario
421 1233 548 1263 superato
579 1228 666 1255 otium
697 1231 798 1255 nactus
828 1227 891 1260 fuit,
915 1228 1017 1262 quietis

232 1276 352 1310 alioquin
367 1276 448 1302 homo
460 1274 607 1310 impatiens
619 1281 682 1302 cum
699 1273 804 1302 Carbea
822 1281 852 1301 se
863 1273 1016 1309 conjunxit,

231 1329 381 1356 onmesque
400 1321 495 1356 copias
511 1322 540 1349 in
553 1320 693 1349 Romanos
704 1320 793 1348 duxit.
824 1319 926 1348 Contra
945 1321 1017 1348 hunc

231 1368 431 1403 expeditionem
445 1367 512 1394 fecit
522 1366 656 1394 Petronas
670 1366 801 1402 Augustae
811 1365 908 1398 frater,
921 1366 1016 1393 dome-

230 1415 292 1442 stici
311 1414 468 1441 scholarum
486 1421 586 1441 munus
608 1420 718 1448 gerens,
748 1412 821 1447 quod
846 1412 880 1440 ad
906 1413 1016 1439 fratrem

231 1460 290 1493 ejus
322 1464 387 1486 natu
422 1458 556 1493 majorem
583 1457 700 1486 Bardam
737 1457 902 1493 pertinebat,
924 1458 972 1486 sed
1000 1466 1016 1486 ἢ

231 1506 348 1534 Petroua
363 1505 619 1536 administrabatur,
639 1512 701 1532 cum
716 1503 820 1532 Bardas
844 1503 1017 1539 imperatoris

232 1551 324 1578 tutela:
337 1551 460 1578 intentns
477 1550 501 1577 ei
515 1557 635 1584 praeesse
650 1550 789 1585 nequiret.
806 1549 831 1578 is
848 1557 913 1585 ergo
927 1549 1017 1577 Petro-

1069 311 1329 346 πρωτομανδάτορος
1344 311 1401 347 (56)
1421 311 1531 346 πληρῶν
1547 311 1634 346 ἀρχὴν
1659 311 1729 346 ἀνήρ
1743 320 1785 342 τις
1801 311 1851 346 τὴν

1067 357 1164 392 κλῆσιν
1180 357 1324 393 Καρὸἐας,
1338 358 1370 392 τῇ
1395 357 1485 383 πίστει
1512 357 1566 383 τῶν
1590 356 1750 392 Μανιχαίων
1768 357 1856 383 xari-

1068 412 1173 438 σχετος.
1202 401 1286 435 Οὗτος
1300 404 1347 431 τὶν
1372 403 1469 430 ἑαυτοῦ
1493 403 1600 438 πατέρα
1623 403 1857 430 ἀνεσκολοπίσθαι

1069 450 1182 484 μαθὼν,
1203 451 1250 477 καὶ
1276 450 1347 486 πέρα
1362 449 1450 477 δεινοῦ
1475 449 1505 476 τὸ
1520 450 1641 485 πραχθὲν
1666 450 1855 485 ἡγησάμενος,

1068 495 1157 530 φυγὰς
1176 496 1304 531 μετὰλκαὶ
1323 496 1424 531 ἐτέρων
1446 496 1600 531 ὁμοπίστων
1629 496 1860 531 πεντακισχιλίων

1068 542 1136 579 πρὸς
1152 543 1260 578 ’Δμερα
1274 542 1330 578 (57)
1348 542 1529 578 παραγίνεται
1555 542 1601 569 τὴν
1628 542 1677 578 τῆς
1699 543 1857 578 Μελιτηνῆς

1066 588 1197 624 ἀμηρᾶν,
1222 589 1348 616 κάκεῖθεν
1373 589 1441 624 πρὸς
1465 589 1512 616 τὸν
1537 590 1748 625 ἀμερμουμνῆν.
1782 590 1854 625 Παρ’

1068 633 1172 661 ἐκείνου
1187 634 1215 661 δὲ
1240 635 1309 669 μετὰ
1330 634 1431 669 πολλῆς
1457 634 1654 670 ἀποδεχθέντες
1678 636 1779 670 τιμῆς,
1810 636 1862 662 καὶ

1067 679 1162 714 λόγους
1177 680 1328 715 ἀσφαλείας
1344 681 1390 706 καὶ
1405 680 1496 712 δόντες
1507 680 1554 707 καὶ
1567 680 1706 714 λαὸὀντες,
1723 681 1856 717 ἐξέρχον-

1067 735 1113 754 ται
1141 728 1200 763 μετ’
1225 728 1255 754 οὐ
1279 727 1346 754 πολὺ
1372 727 1444 754 κατὰ
1467 728 1517 762 τῆς
1544 727 1598 754 τῶν
1621 726 1767 762 Ῥωμαίων
1793 727 1860 761 γῆς,

1068 774 1160 805 πόλεις
1176 781 1206 800 τε
1224 773 1340 809 ἡρξαντο
1367 773 1470 805 κτίζειν
1483 774 1533 809 τὴν
1556 773 1690 809 Ἀργαοῦν
1707 772 1862 808 λεγομένην

1067 821 1115 847 καὶ
1127 820 1176 855 τὴν
1189 820 1324 856 Ἀμαραν.
1341 820 1396 847 Καὶ
1409 820 1470 846 ἐπεὶ
1487 820 1555 854 πρὸς
1572 819 1755 855 πολυανδρίαν
1769 819 1862 847 ἐπεδί-

1067 868 1148 894 δοσαν
1158 867 1200 893 ἀεὶ
1217 866 1387 903 συρρεόντων
1401 866 1455 893 τῶν
1468 866 1512 893 διὰ
1524 865 1569 893 τὸν
1580 866 1663 900 φόϐον
1677 867 1861 901 ἀποκεκρυμ-

1070 912 1160 948 μένων
1182 912 1359 946 Μανιχαίων,
1384 911 1553 944 προσέθεσαν
1576 912 1636 943 ταῖς
1659 911 1720 937 δυσὶ
1745 911 1862 943 ταύταις

1069 958 1162 984 πόλεσι
1188 957 1235 984 καὶ
1265 957 1378 992 τρίτην,
1405 957 1441 992 ἢν
1467 955 1608 992 Τεφρικὴν
1645 956 1858 990 κατωνόμασαν.

1068 1002 1112 1038 [Ρ.
1130 1001 1194 1038 542]
1220 1002 1264 1034 Ἐξ
1280 998 1317 1028 ῶν
1331 1000 1489 1037 ὁρμώμενοι
1511 1001 1559 1028 καὶ
1580 1001 1620 1036 τῷ
1642 1003 1691 1036 τῆς
1705 1001 1862 1036 Μελιτηνῆς

1067 1049 1162 1084 ἁμηρᾷ
1179 1048 1398 1083 συμμιγνύμενοι
1424 1048 1526 1084 Ἀμερι
1555 1047 1602 1074 καὶ
1623 1047 1718 1082 Ἀλεὶμ
1742 1047 1782 1082 τῷ
1808 1047 1861 1080 τῆς

1067 1093 1185 1130 Ταρσοῦ,
1207 1094 1257 1120 οὑκ
1278 1093 1375 1128 ἔληγον
1401 1093 1518 1128 ἀφειδῶς
1536 1092 1585 1128 τὴν
1605 1093 1750 1128 Ῥωμαίων
1768 1101 1857 1119 κατα-

1067 1140 1210 1176 τρέχοντες
1221 1141 1267 1167 καὶ
1277 1139 1470 1175 λυμαινόμενοι
1484 1139 1547 1174 γῆν.
1569 1139 1639 1166 Ἀλλ’
1653 1139 1668 1165 ό
1688 1139 1738 1174 μὲν
1763 1139 1862 1174 ’Δλεὶμ

1067 1186 1097 1213 ἐν
1110 1195 1164 1213 τινι
1181 1186 1236 1212 τῶν
1257 1185 1408 1221 ’Δρμενίων
1423 1185 1500 1221 χώρᾳ
1519 1185 1588 1219 μετά
1600 1185 1647 1212 τοῦ
1662 1185 1762 1212 οἰκείου
1775 1193 1862 1219 στρα-

1068 1231 1116 1258 τοῦ
1133 1231 1259 1259 ἀπελθὼν
1278 1231 1325 1259 τὸν
1342 1231 1399 1266 βίον
1414 1231 1547 1258 κατέλυσε
1569 1231 1618 1258 σὺν
1633 1231 1714 1258 παντὶ
1728 1230 1767 1266 τῷ
1782 1231 1861 1266 αὐτῷ

1068 1277 1195 1312 ἑπομένῳ
1215 1275 1414 1312 στρατεύματι.
1431 1277 1487 1303 Καὶ
1498 1277 1513 1302 ὁ
1530 1277 1620 1311 ΙἈμερ
1639 1276 1669 1302 δὲ
1685 1276 1754 1311 πρὸς
1766 1277 1861 1311 ἐμφύ-

1067 1323 1124 1350 λιον
1139 1323 1267 1358 ἐμπεσὼν
1284 1323 1379 1350 στάσιν
1393 1322 1439 1348 τοῦ
1458 1323 1641 1358 συνάρχοντος
1661 1322 1737 1358 αὑτῷ
1755 1323 1860 1350 ἐπανα-

1069 1370 1184 1401 στάντος
1212 1368 1236 1405 (ὁ
1253 1369 1300 1395 τοῦ
1323 1368 1446 1404 Σκληροῦ
1461 1366 1538 1400 οὗτος
1566 1368 1686 1404 ἐλέγετο)
1707 1369 1776 1403 πρὸς
1794 1369 1861 1400 τοὺς

1068 1415 1184 1446 οἰκείους
1210 1412 1266 1449 εἶχε
1290 1415 1335 1441 τὸν
1356 1414 1419 1441 νοῦν
1444 1414 1493 1441 καὶ
1522 1413 1626 1449 ἑτέροις
1649 1414 1780 1449 πολεμεῖν
1805 1413 1859 1440 οὐκ

1067 1460 1205 1496 ηὐκαίρει,
1220 1460 1317 1496 μέχρις
1333 1460 1366 1487 ἂν
1378 1460 1425 1487 τὸν
1438 1459 1584 1487 ἀντίπαλον
1597 1459 1859 1495 καταγωνισάμενος

1068 1504 1159 1536 ἀδείας
1173 1505 1263 1540 ἔτυχε.
1277 1505 1343 1531 Τότε
1359 1505 1413 1540 γὰρ
1425 1505 1580 1540 ἐκεχειρίαν
1597 1505 1698 1537 λαϐὼν,
1711 1505 1758 1532 καὶ
1770 1505 1859 1536 ἄλλως

1067 1551 1119 1579 οὐκ
1141 1550 1218 1583 εἰδὼς
1231 1552 1346 1586 ἠρεμεῖν
1357 1571 1364 1583 ,
1383 1551 1421 1585 τῷ
1446 1551 1560 1587 Καρόέᾳ
1575 1560 1606 1578 τε
1617 1552 1706 1587 ἧνωτο
1725 1551 1773 1578 καὶ
1787 1551 1860 1578 κατὰ

231 1606 282 1625 nas
297 1597 495 1625 Tllracensium
526 1597 624 1624 ductor
649 1597 749 1625 bellum
767 1601 863 1627 contra
890 1596 1015 1624 Amorem

1073 1597 1216 1632 Ῥωμαίων
1227 1597 1311 1630 ἔξεισι
1325 1597 1495 1632 παμπληοεί.
1519 1597 1738 1633 Ἀντιστρατεὺει
1753 1597 1782 1624 δὲ
1795 1597 1860 1624 κατ’

231 1644 403 1673 etCarbeam
424 1646 517 1680 gessit.
548 1645 691 1678 Quomodo
718 1651 816 1671 manus
846 1651 907 1671 cum
937 1643 1016 1672 hoste

231 1690 390 1722 contulerit,
411 1690 533 1726 quidque
549 1690 646 1725 egerit,
664 1697 715 1717 suo
737 1688 797 1716 loco
809 1688 944 1716 dicemus.

1069 1643 1158 1670 αὐτῶν
1177 1644 1191 1670 ὁ
1207 1644 1257 1679 τῆς
1272 1643 1407 1678 βασιλίδος
1429 1643 1543 1679 ἀδελφὸς
1567 1644 1725 1679 Πετρωνᾶς,
1744 1644 1794 1679 τὴν
1810 1643 1860 1670 τοῦ

1069 1689 1230 1725 δομεστίκου
1243 1689 1298 1717 τῶν
1318 1690 1422 1726 σχολῶν
1433 1689 1521 1726 ἀρχὴν
1531 1690 1650 1721 διοικῶν1
1663 1690 1735 1725 λόγῳ
1753 1690 1803 1726 μὲν
1819 1689 1860 1724 τῷ

231 1739 408 1775 πρεσϐυτέρῳ
433 1738 516 1766 αὑτοῦ
545 1737 652 1772 ἀδελφῷ
685 1737 877 1772 προσήκουσαν
907 1736 1011 1772 Βάρδᾳ,
1030 1736 1103 1773 ἔργῳ
1113 1738 1141 1765 δὲ
1155 1738 1220 1774 παρ’
1237 1737 1321 1765 αὑτοῦ
1335 1738 1524 1774 διοικουμένην
1538 1738 1577 1774 τῷ
1592 1737 1630 1774 μὴ
1659 1738 1763 1765 ἐκεῖνον
1797 1745 1861 1773 σχο-

230 1787 340 1819 λάζειν,
351 1786 418 1813 ἀλλὰ
437 1787 502 1821 περὶ
517 1785 568 1821 τὴν
587 1785 738 1821 ἐπιτροπὴν
768 1784 814 1811 τοῦ
852 1784 983 1818 βασιλέως
1014 1786 1158 1821 προσέχειν
1168 1785 1214 1812 τὸν
1229 1785 1304 1814 νοῦν.
1318 1784 1402 1818 Οὗτος
1412 1786 1502 1813 τοίνυν
1515 1787 1529 1813 ὁ
1543 1787 1689 1821 Πετρωνὰ
1707 1786 1861 1821 στρατηγὸς

230 1835 373 1870 τυγχάνων
392 1834 446 1861 τῶν
466 1834 631 1870 Θρᾳκησίων
657 1831 712 1869 ('58)
742 1833 1011 1869 ἀντιπιρατάττεται
1043 1834 1115 1862 κατά
1139 1842 1169 1861 τε
1185 1835 1274 1870 Ἀμερ
1301 1834 1349 1861 καὶ
1372 1834 1420 1861 τοῦ
1440 1833 1562 1870 Καρὸἐα.
1589 1833 1686 1865 Ὀπως
1726 1833 1756 1860 δὲ
1793 1841 1860 1859 συν-

232 1882 339 1917 επλάκη
359 1881 407 1908 καὶ
433 1878 479 1908 οἷα
498 1881 607 1916 ἔδρασε,
631 1879 702 1906 κατὰ
719 1880 766 1906 τὸν
789 1880 889 1906 οίκεῖον
906 1880 988 1907 τόπον
1009 1880 1027 1915 ἡ
1049 1880 1155 1917 ἱστορία
1166 1880 1294 1914 δηλώσει.

265 1928 369 1955 interea
387 1926 547 1954 Michaelum
564 1926 620 1961 jam
631 1933 663 1952 cx
687 1926 798 1960 ephebis
828 1933 970 1961 egressura
989 1929 1018 1954 et

229 1975 264 2002 ad
286 1974 390 2001 virilem
406 1977 514 2000 aetatem
546 1971 723 2000 accedentem
744 1971 882 2006 cupiditas
904 1972 1017 1999 incessit

229 2027 321 2046 rerum
339 2026 388 2046 sua
405 2018 492 2052 ipsius
521 2017 657 2044 industria
678 2016 872 2051 gerendarum,
900 2017 1017 2044 maxime

230 2065 262 2092 ad
276 2066 325 2091 hoc
336 2064 483 2098 instigante
492 2063 579 2091 Barda
594 2063 730 2090 avunculo
743 2063 830 2097 ipsius
841 2067 868 2090 et
878 2067 1015 2091 curatore.

230 2113 254 2139 Is
268 2111 340 2138 enim
365 2110 517 2145 imperandi
536 2117 628 2137 amore
653 2109 771 2144 ﬂagrans
799 2109 827 2135 in
841 2116 900 2136 eam
925 2108 1014 2136 solum

230 2164 287 2184 rem
311 2164 392 2184 omne
421 2157 542 2183 studium
571 2156 733 2182 collocabat.
753 2154 837 2190 956
851 2154 906 2182 Res
931 2155 1015 2189 paulo

229 2204 312 2231 altius
324 2202 472 2238 repetenda
489 2207 542 2234 est,
556 2205 586 2228 ut
601 2201 695 2229 lectori
713 2201 820 2236 planior
844 2200 903 2228 ﬁat.
925 2200 1014 2228 inter-

229 2253 342 2276 venerat
356 2247 459 2282 aliquid
478 2246 624 2275 discordiae
650 2247 775 2274 liianuelo
792 2254 853 2274 cum
874 2246 1011 2281 logotheta

230 2295 401 2326 Theoctisto,
420 2294 505 2329 quiet
528 2293 579 2327 ipsi
606 2292 781 2327 imperatoris
807 2296 885 2319 erant
908 2296 1014 2320 tutores

229 2341 312 2376 inque
327 2339 388 2367 aula
404 2338 548 2373 degebant.
567 2337 606 2365 Ex
629 2345 660 2364 ea
681 2336 822 2364 Manuelus
840 2343 902 2363 cum
928 2337 1014 2369 maje-

230 2387 310 2414 statis
324 2386 430 2414 crimen
445 2384 618 2415 incurrisset,
633 2383 765 2411 invidiam
779 2387 904 2411 metuens
919 2383 1014 2410 statuit

229 2437 306 2460 extra
324 2432 453 2466 palatium
477 2431 559 2458 vitam
576 2437 657 2465 agere
676 2435 703 2457 et
727 2430 930 2457 continentibus
945 2437 1013 2457 con-

228 2477 369 2512 gressibus
410 2481 492 2511 atque
530 2475 818 2503 administrationibus
855 2483 946 2503 rerum
984 2482 1015 2503 se

227 2524 374 2551 abstinere.
391 2522 507 2550 Domum
536 2522 630 2556 itaque
654 2528 731 2548 suam
762 2529 792 2548 se
821 2521 937 2553 confert,
953 2528 1014 2555 quat

227 2570 332 2597 eratad
347 2569 460 2604 Asparis
475 2569 640 2597 cisternam:
666 2575 748 2603 quam
776 2573 870 2602 postea
898 2568 925 2594 in
951 2568 1014 2595 reli-

228 2616 310 2650 giosa:
336 2616 435 2643 domus
463 2615 580 2642 formam
606 2614 720 2649 redegit,
753 2613 948 2648 pulveremque
975 2613 1012 2640 ibi

228 2664 366 2697 deposuit.
388 2662 454 2690 inde
470 2664 577 2698 quoties
590 2669 634 2690 res
648 2661 809 2697 postularet,
822 2661 856 2687 ad
870 2658 1012 2687 tractanda

1109 1928 1139 1954 '0
1157 1926 1283 1961 βασιλεὺς
1309 1926 1337 1952 δὲ
1361 1925 1470 1962 Μιχαὴλ
1490 1926 1541 1961 ἤδη
1556 1925 1606 1962 τὴν
1620 1925 1748 1960 παιδικὴν
1768 1934 1860 1960 παρα-

1069 1972 1174 2008 μείψας,
1182 1973 1230 1999 καὶ
1239 1972 1288 2008 τῆς
1297 1973 1427 2007 ἀνδρικῆς
1441 1972 1594 2006 ἁπτόμενος
1607 1972 1717 2005 ἡλικίας
1733 1972 1859 2007 ἱμείρετο

1067 2017 1121 2044 τῶν
1136 2017 1310 2053 πραγμάτων
1335 2016 1368 2043 δι’
1384 2016 1481 2044 ἑαυτοῦ
1497 2017 1670 2051 ἀντέχεσθαι,
1695 2016 1858 2052 παραθηγό-

1068 2072 1147 2099 μενος
1163 2064 1203 2096 είς
1217 2063 1297 2090 τοῦτο
1308 2062 1384 2098 παρὰ
1399 2062 1447 2089 τοῦ
1456 2063 1605 2099 ἐπιτρόπου
1620 2063 1668 2089 καὶ
1677 2062 1751 2089 θείου
1765 2062 1858 2095 Βάρδξι

1065 2109 1113 2136 τοῦ
1125 2109 1175 2144 τῆς
1183 2109 1315 2144 βασιλίδος
1330 2108 1446 2141 ἀδελφοῦ
1457 2116 1465 2125 ⁶
1476 2105 1553 2139 οὗτος
1564 2109 1618 2143 γὰρ
1627 2109 1717 2143 ἔρωτα
1734 2108 1856 2143 περικαῆ

1065 2155 1114 2190 τῆς
1133 2155 1274 2191 βασιλείας
1293 2154 1418 2189 ἐσχηκὼς
1442 2154 1519 2181 οὐδὲν
1544 2154 1608 2182 ἄλλο
1630 2154 1859 2190 ἐπραγματεύετο

1064 2199 1122 2227 ἀλλ’
1144 2200 1161 2235 ἢ
1185 2200 1219 2227 τὰ
1245 2200 1314 2235 πρὸς
1338 2200 1369 2227 τὸ
1393 2200 1612 2235 σπουδαζόμενον
1634 2200 1857 2235 συμϐαλλόμενοι.

1072 2246 1142 2273 Ἀλλ’
1158 2246 1203 2274 ἵνα
1220 2247 1387 2282 σαφέστερον
1409 2246 1454 2274 τὸν
1477 2247 1556 2281 λόγον
1581 2247 1638 2278 τοῖς
1658 2247 1856 2281 ἐντυγχάνουσι

1067 2291 1206 2327 θήσωμεν,
1220 2291 1396 2328 ιπορρωτέρω
1421 2292 1517 2320 τοῦτον
1536 2292 1696 2327 ἀγάγωμεν.
1730 2292 1858 2326 Ἐγένετο

1065 2339 1097 2374 δὴ
1112 2339 1150 2374 τῷ
1164 2339 1293 2373 Μανουὴλ
1310 2339 1379 2374 πρὸς
1390 2339 1436 2365 τὸν
1458 2338 1605 2374 λογοθέτην
1619 2339 1794 2371 Θεόκτιστον,
1809 2339 1858 2365 καὶ

1066 2383 1158 2414 αὐτοῖς
1172 2383 1335 2418 ἐπιτρόποις
1363 2382 1424 2409 οὖσι
1453 2383 1500 2409 τοῦ
1523 2383 1655 2418 βασιλέως
1681 2383 1728 2410 καὶ
1755 2383 1794 2414 είς
1822 2382 1857 2409 τὰ

1066 2429 1208 2464 ἀνάκτορα
1218 2428 1416 2464 διαιτωμένοις,
1431 2429 1548 2464 διαφορά
1561 2438 1614 2461 τις,
1633 2429 1650 2464 ἥ
1666 2428 1858 2461 καθοσιώοεως

1066 2474 1219 2510 ἐγκλήματι
1230 2475 1358 2509 εὐπέῦαλε
1376 2475 1422 2501 τὸν
1434 2475 1562 2510 Μανουήλ
1578 2483 1585 2490 ·
1601 2476 1669 2511 ὅπερ
1684 2471 1762 2506 οὗτος
1777 2475 1858 2501 εὐλα-

1068 2520 1209 2555 ϐούμενος,
1225 2519 1319 2552 δεδιὼς
1335 2521 1364 2547 δὲ
1386 2520 1434 2547 xui.
1447 2520 1493 2547 τὸν
1510 2521 1621 2555 φθόνον,
1638 2521 1715 2557 ᾠήθη
1731 2521 1784 2554 ἔξω
1799 2521 1857 2548 δεῖν
1898 2556 1901 2557 ν

1067 2566 1115 2594 τοῦ
1129 2566 1260 2594 παλατίου
1280 2566 1407 2601 γενέσθαι
1421 2567 1467 2594 καὶ
1482 2567 1536 2594 τῶν
1557 2569 1679 2603 συνεχῶν
1698 2567 1855 2602 ἀποστῆναι

1068 2613 1180 2648 ὁμιλιῶν
1192 2621 1223 2640 τε
1233 2614 1280 2640 καὶ
1294 2613 1462 2648 διοικήσεων.
1475 2614 1591 2642 Κάτεισι
1600 2615 1666 2646 γοῦν
1677 2615 1717 2646 εἰς
1725 2615 1773 2641 τὸν
1779 2612 1857 2641 οἶκον

1068 2660 1162 2693 αὑτοῦ,
1175 2659 1316 2695 ἱδρυμένον
1327 2661 1398 2686 κατὰ
1406 2660 1456 2696 τὴν
1465 2661 1628 2698 κινστὲρναν
1639 2661 1687 2698 τὴν
1701 2661 1855 2696 ’Δσπαρος,

808 2742 992 2779 ΧῪΕΑΝΟΗΙ,
1000 2742 1043 2770 ΕΤ
1061 2742 1166 2772 GOARi
1185 2742 1298 2772 ΝΟΤΔΕ.

259 2825 316 2859 (56)
331 2825 569 2861 Magistrianorum
593 2831 619 2854 et
641 2831 798 2861 praeconum
831 2824 962 2859 praefecti,
976 2824 1011 2851 de

226 2869 281 2895 quo
297 2869 390 2896 supra.
408 2861 494 2889 Goan.

246 2894 424 2935 _(37)"Ap29
449 2897 727 2935 propriunt_n0ltlett,
756 2895 868 2934 ἀμηρᾶς
894 2894 1010 2922 Sarace-

226 2930 485 2966 aicmilign'tatisﬁd
493 2930 534 2959 est
543 2931 620 2959 ducis
633 2940 640 2958 :
655 2931 708 2963 ἁμε
715 2930 854 2964 ρμουμνῆς
866 2935 907 2957 est
917 2938 1008 2958 sacro-

1066 2831 1125 2851 rum
1135 2825 1268 2867 principis
1277 2833 1331 2854 non
1338 2826 1479 2888 proprium
1492 2826 1539 2854 sed
1549 2826 1752 2862 appellativum.
1766 2825 1854 2866 βολιι.

1102 2860 1159 2888 (58)
1175 2860 1289 2888 Inferior
1306 2869 1335 2888 sc
1357 2863 1461 2888 olarum
1476 2863 1628 2888 domestico
1652 2862 1717 2888 dtis.
1730 2870 1775 2888 mn
1791 2869 1854 2888 nar-

1102 2860 1159 2895 (58)
1175 2860 1289 2889 Inferior
1306 2860 1461 2890 scholarum
1476 2860 1628 2890 domestico
1652 2862 1717 2892 dux,
1730 2862 1775 2896 qui
1791 2869 1856 2893 [mr-

1065 2899 1119 2923 tem
1147 2899 1253 2923 tantum
1277 2897 1415 2926 exercitus
1439 2902 1554 2933 regeret,
1582 2898 1608 2925 id
1626 2902 1668 2925 cst
1688 2897 1854 2924 Thracicum

1067 2931 1169 2958 thema.
1185 2930 1272 2958 Goau.
