  <div class='ocr_page' id='page_1' title='image "/cluster/home/n/w/nwhite01/storage/ocr_20150623/121/njp.32101077773008/626.png"; bbox 0 0 2046 3149; ppageno 0'>
   <div class='ocr_carea' id='block_1_1' title="bbox 167 174 234 206">
    <p class='ocr_par' dir='ltr' id='par_1_1' title="bbox 167 174 234 206">
     <span class='ocr_line' id='line_1_1' title="bbox 167 174 234 206; baseline 0 0"><span class='ocrx_word' id='word_1_1' title='bbox 167 174 234 206; x_wconf 72' lang='grc'>1015</span> 
     </span>
    </p>
   </div>
   <div class='ocr_carea' id='block_1_2' title="bbox 709 179 1263 210">
    <p class='ocr_par' dir='ltr' id='par_1_2' title="bbox 709 179 1263 210">
     <span class='ocr_line' id='line_1_2' title="bbox 709 179 1263 210; baseline 0.004 -2"><span class='ocrx_word' id='word_1_2' title='bbox 709 179 850 209; x_wconf 78' lang='lat' dir='ltr'><strong>iIISTOR</strong></span> <span class='ocrx_word' id='word_1_3' title='bbox 857 179 980 209; x_wconf 76' lang='lat' dir='ltr'><strong>[ARUM</strong></span> <span class='ocrx_word' id='word_1_4' title='bbox 1000 179 1191 210; x_wconf 71' lang='lat' dir='ltr'><strong>COMPENDI</strong></span> <span class='ocrx_word' id='word_1_5' title='bbox 1198 180 1263 210; x_wconf 73' lang='grc' dir='ltr'><strong>ΗΜ.</strong></span> 
     </span>
    </p>
   </div>
   <div class='ocr_carea' id='block_1_3' title="bbox 1712 175 1780 208">
    <p class='ocr_par' dir='ltr' id='par_1_3' title="bbox 1712 175 1780 208">
     <span class='ocr_line' id='line_1_3' title="bbox 1712 175 1780 208; baseline 0.029 -2"><span class='ocrx_word' id='word_1_6' title='bbox 1712 175 1780 208; x_wconf 76' lang='grc' dir='ltr'><strong>Ῑθίϐ</strong></span> 
     </span>
    </p>
   </div>
   <div class='ocr_carea' id='block_1_4' title="bbox 164 231 940 270">
    <p class='ocr_par' dir='ltr' id='par_1_4' title="bbox 164 231 940 270">
     <span class='ocr_line' id='line_1_4' title="bbox 164 231 940 270; baseline 0 -10"><span class='ocrx_word' id='word_1_7' title='bbox 164 232 218 260; x_wconf 67' lang='grc' dir='ltr'><strong>Καὶ</strong></span> <span class='ocrx_word' id='word_1_8' title='bbox 227 231 346 260; x_wconf 83' lang='grc' dir='ltr'><strong>Χειλᾶδέ</strong></span> <span class='ocrx_word' id='word_1_9' title='bbox 355 232 401 259; x_wconf 79' lang='grc' dir='ltr'><strong>τοῦ</strong></span> <span class='ocrx_word' id='word_1_10' title='bbox 414 233 633 269; x_wconf 76' lang='grc' dir='ltr'><strong>αυνη-νιοχοῦντος</strong></span> <span class='ocrx_word' id='word_1_11' title='bbox 645 234 720 270; x_wconf 81' lang='grc' dir='ltr'><strong>αὐτῷ</strong></span> <span class='ocrx_word' id='word_1_12' title='bbox 730 235 775 261; x_wconf 69' lang='grc' dir='ltr'><strong>τὸν</strong></span> <span class='ocrx_word' id='word_1_13' title='bbox 790 235 846 261; x_wconf 76' lang='grc' dir='ltr'><strong>υίδν</strong></span> <span class='ocrx_word' id='word_1_14' title='bbox 858 234 940 260; x_wconf 59' lang='lat' dir='ltr'><strong>sita-3</strong></span> 
     </span>
    </p>
   </div>
   <div class='ocr_carea' id='block_1_5' title="bbox 994 231 1788 270">
    <p class='ocr_par' dir='ltr' id='par_1_5' title="bbox 1001 231 1788 270">
     <span class='ocr_line' id='line_1_5' title="bbox 1001 231 1788 270; baseline -0.003 -8"><span class='ocrx_word' id='word_1_15' title='bbox 1001 236 1154 270; x_wconf 74' lang='lat' dir='ltr'><strong>suscipiens</strong></span> <span class='ocrx_word' id='word_1_16' title='bbox 1169 236 1227 263; x_wconf 70' lang='lat' dir='ltr'><strong>auri</strong></span> <span class='ocrx_word' id='word_1_17' title='bbox 1249 235 1333 262; x_wconf 82' lang='lat' dir='ltr'><strong>libras</strong></span> <span class='ocrx_word' id='word_1_18' title='bbox 1357 233 1469 262; x_wconf 88' lang='lat' dir='ltr'><strong>totidem</strong></span> <span class='ocrx_word' id='word_1_19' title='bbox 1487 232 1559 260; x_wconf 89' lang='lat' dir='ltr'><strong>dono</strong></span> <span class='ocrx_word' id='word_1_20' title='bbox 1577 231 1662 259; x_wconf 87' lang='lat' dir='ltr'><strong>dedit.</strong></span> <span class='ocrx_word' id='word_1_21' title='bbox 1682 231 1719 259; x_wconf 86' lang='lat' dir='ltr'><strong>lta</strong></span> <span class='ocrx_word' id='word_1_22' title='bbox 1744 233 1788 260; x_wconf 88' lang='lat' dir='ltr'><strong>ille</strong></span> 
     </span>
    </p>
   </div>
   <div class='ocr_carea' id='block_1_6' title="bbox 164 278 948 316">
    <p class='ocr_par' dir='ltr' id='par_1_6' title="bbox 164 278 948 316">
     <span class='ocr_line' id='line_1_6' title="bbox 164 278 948 316; baseline 0.001 -11"><span class='ocrx_word' id='word_1_23' title='bbox 164 278 236 305; x_wconf 85' lang='grc' dir='ltr'><strong>θείου</strong></span> <span class='ocrx_word' id='word_1_24' title='bbox 250 278 438 314; x_wconf 66' lang='grc' dir='ltr'><strong>βαπτίσματος</strong></span> <span class='ocrx_word' id='word_1_25' title='bbox 453 280 652 315; x_wconf 78' lang='grc' dir='ltr'><strong>ἀναδεξάμενος</strong></span> <span class='ocrx_word' id='word_1_26' title='bbox 661 281 819 316; x_wconf 80' lang='grc' dir='ltr'><strong>ἐδωρήσατο</strong></span> <span class='ocrx_word' id='word_1_27' title='bbox 832 280 948 315; x_wconf 81' lang='grc' dir='ltr'><strong>χρυσίου</strong></span> 
     </span>
    </p>
   </div>
   <div class='ocr_carea' id='block_1_7' title="bbox 124 323 951 366">
    <p class='ocr_par' dir='ltr' id='par_1_7' title="bbox 124 323 951 366">
     <span class='ocr_line' id='line_1_7' title="bbox 124 323 951 366; baseline 0.002 -15"><span class='ocrx_word' id='word_1_28' title='bbox 124 363 127 366; x_wconf 15' lang='grc' dir='ltr'><strong><em>ἢ</em></strong></span> <span class='ocrx_word' id='word_1_29' title='bbox 163 323 258 361; x_wconf 61' lang='grc' dir='ltr'><strong>λίτρας</strong></span> <span class='ocrx_word' id='word_1_30' title='bbox 268 324 399 361; x_wconf 81' lang='grc' dir='ltr'><strong>ρ’.οΰτως</strong></span> <span class='ocrx_word' id='word_1_31' title='bbox 409 326 512 358; x_wconf 78' lang='grc' dir='ltr'><strong>ἐκεῖνος</strong></span> <span class='ocrx_word' id='word_1_32' title='bbox 521 327 561 359; x_wconf 82' lang='grc' dir='ltr'><strong>εἰς</strong></span> <span class='ocrx_word' id='word_1_33' title='bbox 569 327 644 354; x_wconf 77' lang='grc' dir='ltr'><strong>οὐδὲν</strong></span> <span class='ocrx_word' id='word_1_34' title='bbox 652 327 711 353; x_wconf 81' lang='grc' dir='ltr'><strong>δέον</strong></span> <span class='ocrx_word' id='word_1_35' title='bbox 721 327 754 353; x_wconf 83' lang='grc' dir='ltr'><strong>τὰ</strong></span> <span class='ocrx_word' id='word_1_36' title='bbox 762 326 879 362; x_wconf 87' lang='grc' dir='ltr'><strong>δημόσια</strong></span> <span class='ocrx_word' id='word_1_37' title='bbox 887 334 951 353; x_wconf 79' lang='grc' dir='ltr'><strong>κατ-</strong></span> 
     </span>
    </p>
   </div>
   <div class='ocr_carea' id='block_1_8' title="bbox 163 371 952 408">
    <p class='ocr_par' dir='ltr' id='par_1_8' title="bbox 163 371 952 408">
     <span class='ocr_line' id='line_1_8' title="bbox 163 371 952 408; baseline 0.003 -11"><span class='ocrx_word' id='word_1_38' title='bbox 163 371 285 398; x_wconf 80' lang='grc' dir='ltr'><strong>εδαπάνα</strong></span> <span class='ocrx_word' id='word_1_39' title='bbox 295 380 324 398; x_wconf 87' lang='grc' dir='ltr'><strong>τε</strong></span> <span class='ocrx_word' id='word_1_40' title='bbox 350 372 399 399; x_wconf 64' lang='grc' dir='ltr'><strong>καὶ¹</strong></span> <span class='ocrx_word' id='word_1_41' title='bbox 410 372 567 408; x_wconf 84' lang='grc' dir='ltr'><strong>ἀνήλισκεν.</strong></span> <span class='ocrx_word' id='word_1_42' title='bbox 584 373 661 400; x_wconf 71' lang='grc' dir='ltr'><strong>Ἐπεὶ</strong></span> <span class='ocrx_word' id='word_1_43' title='bbox 670 373 698 400; x_wconf 83' lang='grc' dir='ltr'><strong>δὲ</strong></span> <span class='ocrx_word' id='word_1_44' title='bbox 708 373 782 405; x_wconf 84' lang='grc' dir='ltr'><strong>ὲντδς</strong></span> <span class='ocrx_word' id='word_1_45' title='bbox 791 373 883 408; x_wconf 84' lang='grc' dir='ltr'><strong>ὀλίγου</strong></span> <span class='ocrx_word' id='word_1_46' title='bbox 892 374 952 404; x_wconf 86' lang='grc' dir='ltr'><strong>ταῖς</strong></span> 
     </span>
    </p>
   </div>
   <div class='ocr_carea' id='block_1_9' title="bbox 168 417 951 453">
    <p class='ocr_par' dir='ltr' id='par_1_9' title="bbox 168 417 951 453">
     <span class='ocr_line' id='line_1_9' title="bbox 168 417 951 453; baseline 0.001 -9"><span class='ocrx_word' id='word_1_47' title='bbox 168 417 309 449; x_wconf 76' lang='grc' dir='ltr'><strong>τοιαύταις</strong></span> <span class='ocrx_word' id='word_1_48' title='bbox 330 417 463 453; x_wconf 80' lang='grc' dir='ltr'><strong>ἀθέσμοις</strong></span> <span class='ocrx_word' id='word_1_49' title='bbox 475 418 589 453; x_wconf 83' lang='grc' dir='ltr'><strong>πράξεσι</strong></span> <span class='ocrx_word' id='word_1_50' title='bbox 599 419 646 446; x_wconf 81' lang='grc' dir='ltr'><strong>τὸν</strong></span> <span class='ocrx_word' id='word_1_51' title='bbox 655 419 781 446; x_wconf 76' lang='grc' dir='ltr'><strong>τοσοῦτον</strong></span> <span class='ocrx_word' id='word_1_52' title='bbox 798 419 951 446; x_wconf 83' lang='grc' dir='ltr'><strong>κατεδαπά-</strong></span> 
     </span>
    </p>
   </div>
   <div class='ocr_carea' id='block_1_10' title="bbox 163 462 951 500">
    <p class='ocr_par' dir='ltr' id='par_1_10' title="bbox 163 462 951 500">
     <span class='ocr_line' id='line_1_10' title="bbox 163 462 951 500; baseline 0.001 -10"><span class='ocrx_word' id='word_1_53' title='bbox 163 472 228 498; x_wconf 84' lang='grc' dir='ltr'><strong>νησε</strong></span> <span class='ocrx_word' id='word_1_54' title='bbox 243 463 373 496; x_wconf 84' lang='grc' dir='ltr'><strong>πλοῦτον,</strong></span> <span class='ocrx_word' id='word_1_55' title='bbox 386 462 452 499; x_wconf 79' lang='grc' dir='ltr'><strong>ἦλθε</strong></span> <span class='ocrx_word' id='word_1_56' title='bbox 467 464 495 491; x_wconf 79' lang='grc' dir='ltr'><strong>δὲ</strong></span> <span class='ocrx_word' id='word_1_57' title='bbox 508 466 521 491; x_wconf 84' lang='grc' dir='ltr'><strong>ό</strong></span> <span class='ocrx_word' id='word_1_58' title='bbox 532 465 581 500; x_wconf 79' lang='grc' dir='ltr'><strong>τῆς</strong></span> <span class='ocrx_word' id='word_1_59' title='bbox 591 465 722 500; x_wconf 80' lang='grc' dir='ltr'><strong>διανομῆς</strong></span> <span class='ocrx_word' id='word_1_60' title='bbox 734 465 790 491; x_wconf 82' lang='grc' dir='ltr'><strong>τῶν</strong></span> <span class='ocrx_word' id='word_1_61' title='bbox 804 464 951 500; x_wconf 84' lang='grc' dir='ltr'><strong>βασιλικῶν</strong></span> 
     </span>
    </p>
   </div>
   <div class='ocr_carea' id='block_1_11' title="bbox 162 508 950 546">
    <p class='ocr_par' dir='ltr' id='par_1_11' title="bbox 162 508 950 546">
     <span class='ocr_line' id='line_1_11' title="bbox 162 508 950 546; baseline -0.001 -9"><span class='ocrx_word' id='word_1_62' title='bbox 162 509 271 544; x_wconf 81' lang='grc' dir='ltr'>δωρεῶν</span> <span class='ocrx_word' id='word_1_63' title='bbox 289 509 384 544; x_wconf 78' lang='grc' dir='ltr'><strong>καιρὸς</strong></span> <span class='ocrx_word' id='word_1_64' title='bbox 401 511 449 537; x_wconf 75' lang='grc' dir='ltr'><strong>καὶ</strong></span> <span class='ocrx_word' id='word_1_65' title='bbox 459 510 611 546; x_wconf 80' lang='grc' dir='ltr'><strong>χρημάτων</strong></span> <span class='ocrx_word' id='word_1_66' title='bbox 631 510 712 546; x_wconf 80' lang='grc' dir='ltr'><strong>πόρος</strong></span> <span class='ocrx_word' id='word_1_67' title='bbox 732 511 782 538; x_wconf 80' lang='grc' dir='ltr'><strong>οὐκ</strong></span> <span class='ocrx_word' id='word_1_68' title='bbox 801 508 847 546; x_wconf 81' lang='grc' dir='ltr'><strong>ἦν,</strong></span> <span class='ocrx_word' id='word_1_69' title='bbox 859 511 909 546; x_wconf 79' lang='grc' dir='ltr'><strong>τήν</strong></span> <span class='ocrx_word' id='word_1_70' title='bbox 921 519 950 537; x_wconf 83' lang='grc' dir='ltr'><strong>τε</strong></span> 
     </span>
    </p>
   </div>
   <div class='ocr_carea' id='block_1_12' title="bbox 163 554 950 593">
    <p class='ocr_par' dir='ltr' id='par_1_12' title="bbox 163 554 950 593">
     <span class='ocr_line' id='line_1_12' title="bbox 163 554 950 593; baseline 0.005 -14"><span class='ocrx_word' id='word_1_71' title='bbox 163 554 268 589; x_wconf 81' lang='grc' dir='ltr'><strong>χρυσῆν</strong></span> <span class='ocrx_word' id='word_1_72' title='bbox 282 555 389 590; x_wconf 76' lang='grc' dir='ltr'><strong>ἐκείνην</strong></span> <span class='ocrx_word' id='word_1_73' title='bbox 398 556 445 583; x_wconf 74' lang='grc' dir='ltr'><strong>καὶ</strong></span> <span class='ocrx_word' id='word_1_74' title='bbox 455 556 662 593; x_wconf 79' lang='grc' dir='ltr'><strong>πολυθρύλητον</strong></span> <span class='ocrx_word' id='word_1_75' title='bbox 670 557 807 585; x_wconf 84' lang='grc' dir='ltr'><strong>πλάτανον</strong></span> <span class='ocrx_word' id='word_1_76' title='bbox 824 557 871 584; x_wconf 81' lang='grc' dir='ltr'><strong>καὶ</strong></span> <span class='ocrx_word' id='word_1_77' title='bbox 887 557 950 589; x_wconf 61' lang='grc' dir='ltr'><strong>τοὺς</strong></span> 
     </span>
    </p>
   </div>
   <div class='ocr_carea' id='block_1_13' title="bbox 161 599 950 638">
    <p class='ocr_par' dir='ltr' id='par_1_13' title="bbox 161 599 950 638">
     <span class='ocr_line' id='line_1_13' title="bbox 161 599 950 638; baseline 0.006 -13"><span class='ocrx_word' id='word_1_78' title='bbox 161 599 207 626; x_wconf 80' lang='grc' dir='ltr'><strong>δύο</strong></span> <span class='ocrx_word' id='word_1_79' title='bbox 222 600 340 635; x_wconf 82' lang='grc' dir='ltr'><strong>χρυσοῦς</strong></span> <span class='ocrx_word' id='word_1_80' title='bbox 354 601 463 634; x_wconf 82' lang='grc' dir='ltr'><strong>λέοντας</strong></span> <span class='ocrx_word' id='word_1_81' title='bbox 480 603 527 630; x_wconf 80' lang='grc' dir='ltr'><strong>καὶ</strong></span> <span class='ocrx_word' id='word_1_82' title='bbox 554 604 617 635; x_wconf 87' lang='grc' dir='ltr'><strong>τοὺς</strong></span> <span class='ocrx_word' id='word_1_83' title='bbox 631 603 678 630; x_wconf 84' lang='grc' dir='ltr'><strong>δύο</strong></span> <span class='ocrx_word' id='word_1_84' title='bbox 697 603 818 638; x_wconf 80' lang='grc' dir='ltr'><strong>γρῦπας,</strong></span> <span class='ocrx_word' id='word_1_85' title='bbox 832 603 950 638; x_wconf 77' lang='grc' dir='ltr'><strong>χρυσοῦς</strong></span> 
     </span>
    </p>
   </div>
   <div class='ocr_carea' id='block_1_14' title="bbox 162 645 950 686">
    <p class='ocr_par' dir='ltr' id='par_1_14' title="bbox 162 645 950 686">
     <span class='ocr_line' id='line_1_14' title="bbox 162 645 950 686; baseline 0.01 -15"><span class='ocrx_word' id='word_1_86' title='bbox 162 645 209 672; x_wconf 72' lang='grc' dir='ltr'><strong>καὶ</strong></span> <span class='ocrx_word' id='word_1_87' title='bbox 238 645 337 678; x_wconf 74' lang='grc' dir='ltr'><strong>αὐτοὺς</strong></span> <span class='ocrx_word' id='word_1_88' title='bbox 358 648 547 684; x_wconf 68' lang='grc' dir='ltr'><strong>σφυρηλάτους</strong></span> <span class='ocrx_word' id='word_1_89' title='bbox 571 650 661 682; x_wconf 77' lang='grc' dir='ltr'><strong>ὄντας,</strong></span> <span class='ocrx_word' id='word_1_90' title='bbox 690 651 737 677; x_wconf 82' lang='grc' dir='ltr'><strong>καὶ</strong></span> <span class='ocrx_word' id='word_1_91' title='bbox 754 651 789 677; x_wconf 76' lang='grc' dir='ltr'><strong>τά</strong></span> <span class='ocrx_word' id='word_1_92' title='bbox 817 651 950 686; x_wconf 77' lang='grc' dir='ltr'><strong>ὁλόχρυσα</strong></span> 
     </span>
    </p>
   </div>
   <div class='ocr_carea' id='block_1_15' title="bbox 161 690 950 732">
    <p class='ocr_par' dir='ltr' id='par_1_15' title="bbox 161 690 950 732">
     <span class='ocr_line' id='line_1_15' title="bbox 161 690 950 732; baseline 0.01 -16"><span class='ocrx_word' id='word_1_93' title='bbox 161 690 266 725; x_wconf 82' lang='grc' dir='ltr'><strong>δργανα</strong></span> <span class='ocrx_word' id='word_1_94' title='bbox 302 692 350 720; x_wconf 76' lang='grc' dir='ltr'><strong>καὶ</strong></span> <span class='ocrx_word' id='word_1_95' title='bbox 379 693 461 730; x_wconf 71' lang='grc' dir='ltr'><strong>ἕτερα</strong></span> <span class='ocrx_word' id='word_1_96' title='bbox 488 695 567 731; x_wconf 75' lang='grc' dir='ltr'><strong>ἔργα,</strong></span> <span class='ocrx_word' id='word_1_97' title='bbox 596 696 631 723; x_wconf 88' lang='grc' dir='ltr'><strong>δι’</strong></span> <span class='ocrx_word' id='word_1_98' title='bbox 667 695 705 724; x_wconf 83' lang='grc' dir='ltr'><strong>ὦν</strong></span> <span class='ocrx_word' id='word_1_99' title='bbox 745 697 762 732; x_wconf 83' lang='grc' dir='ltr'>ὴ</span> <span class='ocrx_word' id='word_1_100' title='bbox 808 697 950 732; x_wconf 81' lang='grc' dir='ltr'><strong>Ῥωμαίων</strong></span> 
     </span>
    </p>
   </div>
   <div class='ocr_carea' id='block_1_16' title="bbox 160 735 950 778">
    <p class='ocr_par' dir='ltr' id='par_1_16' title="bbox 160 735 950 778">
     <span class='ocr_line' id='line_1_16' title="bbox 160 735 950 778; baseline 0.011 -17"><span class='ocrx_word' id='word_1_101' title='bbox 160 735 333 771; x_wconf 75' lang='grc' dir='ltr'><strong>ἐθαυμάζετο</strong></span> <span class='ocrx_word' id='word_1_102' title='bbox 353 738 488 774; x_wconf 81' lang='grc' dir='ltr'><strong>βασιλεία,</strong></span> <span class='ocrx_word' id='word_1_103' title='bbox 516 741 599 778; x_wconf 84' lang='grc' dir='ltr'><strong>ὁλκὴν</strong></span> <span class='ocrx_word' id='word_1_104' title='bbox 621 741 719 778; x_wconf 76' lang='grc' dir='ltr'><strong>ἔχοντα</strong></span> <span class='ocrx_word' id='word_1_105' title='bbox 734 743 880 770; x_wconf 77' lang='grc' dir='ltr'><strong>διακοσίων</strong></span> <span class='ocrx_word' id='word_1_106' title='bbox 898 744 950 770; x_wconf 84' lang='grc' dir='ltr'><strong>οὐκ</strong></span> 
     </span>
    </p>
   </div>
   <div class='ocr_carea' id='block_1_17' title="bbox 160 782 948 825">
    <p class='ocr_par' dir='ltr' id='par_1_17' title="bbox 160 782 948 825">
     <span class='ocr_line' id='line_1_17' title="bbox 160 782 948 825; baseline 0.013 -17"><span class='ocrx_word' id='word_1_107' title='bbox 160 782 271 810; x_wconf 75' lang='grc' dir='ltr'><strong>ἔλαττον</strong></span> <span class='ocrx_word' id='word_1_108' title='bbox 282 787 477 821; x_wconf 84' lang='grc' dir='ltr'><strong>κεντηναρίων,</strong></span> <span class='ocrx_word' id='word_1_109' title='bbox 487 788 629 823; x_wconf 85' lang='grc' dir='ltr'><strong>χωνεύσας</strong></span> <span class='ocrx_word' id='word_1_110' title='bbox 645 789 765 825; x_wconf 76' lang='grc' dir='ltr'><strong>χαράξαι</strong></span> <span class='ocrx_word' id='word_1_111' title='bbox 784 790 903 818; x_wconf 85' lang='grc' dir='ltr'><strong>δέδωκεν</strong></span> <span class='ocrx_word' id='word_1_112' title='bbox 919 792 948 818; x_wconf 79' lang='grc' dir='ltr'><strong>ὲν</strong></span> 
     </span>
    </p>
   </div>
   <div class='ocr_carea' id='block_1_18' title="bbox 157 827 947 872">
    <p class='ocr_par' dir='ltr' id='par_1_18' title="bbox 157 827 947 872">
     <span class='ocr_line' id='line_1_18' title="bbox 157 827 947 872; baseline 0.01 -17"><span class='ocrx_word' id='word_1_113' title='bbox 157 827 197 863; x_wconf 83' lang='grc' dir='ltr'><strong>τῷ</strong></span> <span class='ocrx_word' id='word_1_114' title='bbox 215 828 350 866; x_wconf 79' lang='grc' dir='ltr'><strong>βασιλικῷ</strong></span> <span class='ocrx_word' id='word_1_115' title='bbox 360 833 487 869; x_wconf 79' lang='grc' dir='ltr'><strong>ταμιείῳ,</strong></span> <span class='ocrx_word' id='word_1_116' title='bbox 505 834 708 870; x_wconf 84' lang='grc' dir='ltr'><strong>Παραπλησίως</strong></span> <span class='ocrx_word' id='word_1_117' title='bbox 721 836 751 863; x_wconf 76' lang='grc' dir='ltr'><strong>δὲ</strong></span> <span class='ocrx_word' id='word_1_118' title='bbox 768 835 881 872; x_wconf 83' lang='grc' dir='ltr'><strong>ἐποίησε</strong></span> <span class='ocrx_word' id='word_1_119' title='bbox 898 836 947 863; x_wconf 85' lang='grc' dir='ltr'><strong>καὶ</strong></span> 
     </span>
    </p>
   </div>
   <div class='ocr_carea' id='block_1_19' title="bbox 156 874 945 918">
    <p class='ocr_par' dir='ltr' id='par_1_19' title="bbox 156 874 945 918">
     <span class='ocr_line' id='line_1_19' title="bbox 156 874 945 918; baseline 0.01 -18"><span class='ocrx_word' id='word_1_120' title='bbox 156 874 186 900; x_wconf 86' lang='grc' dir='ltr'><strong>ἐν</strong></span> <span class='ocrx_word' id='word_1_121' title='bbox 200 875 310 908; x_wconf 80' lang='grc' dir='ltr'><strong>στολαῖς</strong></span> <span class='ocrx_word' id='word_1_122' title='bbox 325 877 489 912; x_wconf 76' lang='grc' dir='ltr'><strong>βασιλικαῖς,</strong></span> <span class='ocrx_word' id='word_1_123' title='bbox 501 875 538 906; x_wconf 84' lang='grc' dir='ltr'><strong>ὧν</strong></span> <span class='ocrx_word' id='word_1_124' title='bbox 555 881 584 906; x_wconf 73' lang='grc' dir='ltr'><strong>αι</strong></span> <span class='ocrx_word' id='word_1_125' title='bbox 599 881 648 915; x_wconf 81' lang='grc' dir='ltr'><strong>μὲν</strong></span> <span class='ocrx_word' id='word_1_126' title='bbox 661 879 733 917; x_wconf 80' lang='grc' dir='ltr'><strong>ἦσαν</strong></span> <span class='ocrx_word' id='word_1_127' title='bbox 749 882 891 918; x_wconf 78' lang='grc' dir='ltr'><strong>ὁλόχρυσοι</strong></span> <span class='ocrx_word' id='word_1_128' title='bbox 915 883 945 910; x_wconf 80' lang='grc' dir='ltr'><strong>σί</strong></span> 
     </span>
    </p>
   </div>
   <div class='ocr_carea' id='block_1_20' title="bbox 155 919 948 962">
    <p class='ocr_par' dir='ltr' id='par_1_20' title="bbox 155 919 948 962">
     <span class='ocr_line' id='line_1_20' title="bbox 155 919 948 962; baseline 0.011 -16"><span class='ocrx_word' id='word_1_129' title='bbox 155 919 184 946; x_wconf 75' lang='grc' dir='ltr'><strong>δὲ</strong></span> <span class='ocrx_word' id='word_1_130' title='bbox 201 922 413 957; x_wconf 65' lang='grc' dir='ltr'><strong>χρυσοῢψαντοι,</strong></span> <span class='ocrx_word' id='word_1_131' title='bbox 430 924 554 957; x_wconf 79' lang='grc' dir='ltr'><strong>δεδωκὼς</strong></span> <span class='ocrx_word' id='word_1_132' title='bbox 571 925 610 961; x_wconf 74' lang='grc' dir='ltr'><strong>τῷ</strong></span> <span class='ocrx_word' id='word_1_133' title='bbox 626 926 719 962; x_wconf 71' lang='grc' dir='ltr'><strong>εἰδικῷ</strong></span> <span class='ocrx_word' id='word_1_134' title='bbox 734 927 804 954; x_wconf 86' lang='grc' dir='ltr'><strong>ὥστε</strong></span> <span class='ocrx_word' id='word_1_135' title='bbox 818 929 865 954; x_wconf 71' lang='grc' dir='ltr'><strong>καὶ</strong></span> <span class='ocrx_word' id='word_1_136' title='bbox 880 928 948 955; x_wconf 85' lang='grc' dir='ltr'><strong>ταύ-</strong></span> 
     </span>
    </p>
   </div>
   <div class='ocr_carea' id='block_1_21' title="bbox 153 968 945 1008">
    <p class='ocr_par' dir='ltr' id='par_1_21' title="bbox 153 968 945 1008">
     <span class='ocr_line' id='line_1_21' title="bbox 153 968 945 1008; baseline 0.011 -16"><span class='ocrx_word' id='word_1_137' title='bbox 153 975 204 998; x_wconf 88' lang='grc' dir='ltr'><strong>τας</strong></span> <span class='ocrx_word' id='word_1_138' title='bbox 223 968 357 1003; x_wconf 84' lang='grc' dir='ltr'><strong>χωνεῢσαι</strong></span> <span class='ocrx_word' id='word_1_139' title='bbox 369 969 436 1005; x_wconf 68' lang='grc'><strong>(44).</strong></span> <span class='ocrx_word' id='word_1_140' title='bbox 445 971 501 997; x_wconf 64' lang='grc' dir='ltr'><strong>Οὔκ</strong></span> <span class='ocrx_word' id='word_1_141' title='bbox 517 971 637 1006; x_wconf 73' lang='grc' dir='ltr'><strong>ἔφθασαν</strong></span> <span class='ocrx_word' id='word_1_142' title='bbox 647 972 675 999; x_wconf 81' lang='grc' dir='ltr'><strong>δὲ</strong></span> <span class='ocrx_word' id='word_1_143' title='bbox 687 973 865 1008; x_wconf 82' lang='grc' dir='ltr'><strong>χωνευθῆναι,</strong></span> <span class='ocrx_word' id='word_1_144' title='bbox 876 974 945 1001; x_wconf 76' lang='grc' dir='ltr'><strong>κάκ-</strong></span> 
     </span>
    </p>
   </div>
   <div class='ocr_carea' id='block_1_22' title="bbox 153 1012 945 1054">
    <p class='ocr_par' dir='ltr' id='par_1_22' title="bbox 153 1012 945 1054">
     <span class='ocr_line' id='line_1_22' title="bbox 153 1012 945 1054; baseline 0.011 -16"><span class='ocrx_word' id='word_1_145' title='bbox 153 1012 223 1045; x_wconf 82' lang='grc' dir='ltr'><strong>εῖνος</strong></span> <span class='ocrx_word' id='word_1_146' title='bbox 238 1013 268 1047; x_wconf 78' lang='grc' dir='ltr'><strong>ἐξ</strong></span> <span class='ocrx_word' id='word_1_147' title='bbox 296 1014 449 1050; x_wconf 81' lang='grc' dir='ltr'><strong>ἀνθρώπων</strong></span> <span class='ocrx_word' id='word_1_148' title='bbox 464 1016 582 1051; x_wconf 82' lang='grc' dir='ltr'><strong>ἐγένετο,</strong></span> <span class='ocrx_word' id='word_1_149' title='bbox 598 1017 642 1054; x_wconf 88' lang='grc' dir='ltr'><strong>[Ρ.</strong></span> <span class='ocrx_word' id='word_1_150' title='bbox 659 1018 725 1054; x_wconf 71' lang='grc' dir='ltr'><strong>διῦ]</strong></span> <span class='ocrx_word' id='word_1_151' title='bbox 741 1019 789 1046; x_wconf 83' lang='grc' dir='ltr'><strong>καὶ</strong></span> <span class='ocrx_word' id='word_1_152' title='bbox 803 1019 945 1052; x_wconf 81' lang='grc' dir='ltr'><strong>Βασίλειος</strong></span> 
     </span>
    </p>
   </div>
   <div class='ocr_carea' id='block_1_23' title="bbox 152 1058 945 1096">
    <p class='ocr_par' dir='ltr' id='par_1_23' title="bbox 152 1058 945 1096">
     <span class='ocr_line' id='line_1_23' title="bbox 152 1058 945 1096; baseline 0.009 -11"><span class='ocrx_word' id='word_1_153' title='bbox 152 1058 202 1093; x_wconf 76' lang='grc' dir='ltr'><strong>τὴν</strong></span> <span class='ocrx_word' id='word_1_154' title='bbox 217 1059 304 1094; x_wconf 77' lang='grc' dir='ltr'><strong>ἀρχὴν</strong></span> <span class='ocrx_word' id='word_1_155' title='bbox 311 1060 443 1093; x_wconf 74' lang='grc' dir='ltr'><strong>διεδέξατο</strong></span> <span class='ocrx_word' id='word_1_156' title='bbox 454 1062 501 1089; x_wconf 72' lang='grc' dir='ltr'><strong>καὶ</strong></span> <span class='ocrx_word' id='word_1_157' title='bbox 515 1063 615 1096; x_wconf 73' lang='grc' dir='ltr'><strong>ταύτας</strong></span> <span class='ocrx_word' id='word_1_158' title='bbox 630 1064 822 1095; x_wconf 80' lang='grc' dir='ltr'><strong>ἀνεκαλέσατο,</strong></span> <span class='ocrx_word' id='word_1_159' title='bbox 836 1066 869 1092; x_wconf 81' lang='grc' dir='ltr'><strong>ἐκ</strong></span> <span class='ocrx_word' id='word_1_160' title='bbox 882 1073 945 1092; x_wconf 88' lang='grc' dir='ltr'><strong>τοσ-</strong></span> 
     </span>
    </p>
   </div>
   <div class='ocr_carea' id='block_1_24' title="bbox 152 1104 941 1146">
    <p class='ocr_par' dir='ltr' id='par_1_24' title="bbox 152 1104 941 1146">
     <span class='ocr_line' id='line_1_24' title="bbox 152 1104 941 1146; baseline 0.01 -16"><span class='ocrx_word' id='word_1_161' title='bbox 152 1104 231 1131; x_wconf 80' lang='grc' dir='ltr'><strong>ούτου</strong></span> <span class='ocrx_word' id='word_1_162' title='bbox 255 1105 369 1133; x_wconf 77' lang='grc' dir='ltr'><strong>πλούτου</strong></span> <span class='ocrx_word' id='word_1_163' title='bbox 391 1108 474 1143; x_wconf 83' lang='grc' dir='ltr'><strong>μηδὲν</strong></span> <span class='ocrx_word' id='word_1_164' title='bbox 486 1109 612 1145; x_wconf 77' lang='grc' dir='ltr'><strong>εὑρηκὼς</strong></span> <span class='ocrx_word' id='word_1_165' title='bbox 632 1110 711 1138; x_wconf 77' lang='grc' dir='ltr'><strong>πλέον</strong></span> <span class='ocrx_word' id='word_1_166' title='bbox 727 1111 812 1146; x_wconf 82' lang='grc' dir='ltr'><strong>ἀλλ’ἢ</strong></span> <span class='ocrx_word' id='word_1_167' title='bbox 829 1111 941 1146; x_wconf 80' lang='grc' dir='ltr'><strong>χρυσίου</strong></span> 
     </span>
    </p>
   </div>
   <div class='ocr_carea' id='block_1_25' title="bbox 154 1151 947 1192">
    <p class='ocr_par' dir='ltr' id='par_1_25' title="bbox 154 1151 947 1192">
     <span class='ocr_line' id='line_1_25' title="bbox 154 1151 947 1192; baseline 0.009 -16"><span class='ocrx_word' id='word_1_168' title='bbox 154 1151 203 1186; x_wconf 83' lang='grc' dir='ltr'><strong>μὲν</strong></span> <span class='ocrx_word' id='word_1_169' title='bbox 218 1153 384 1188; x_wconf 77' lang='grc' dir='ltr'><strong>κεντηνάρια</strong></span> <span class='ocrx_word' id='word_1_170' title='bbox 395 1155 468 1189; x_wconf 79' lang='grc' dir='ltr'><strong>τρία,</strong></span> <span class='ocrx_word' id='word_1_171' title='bbox 480 1156 652 1192; x_wconf 77' lang='grc' dir='ltr'><strong>μιλιαρισίων</strong></span> <span class='ocrx_word' id='word_1_172' title='bbox 665 1157 694 1184; x_wconf 73' lang='grc' dir='ltr'><strong>δὲ</strong></span> <span class='ocrx_word' id='word_1_173' title='bbox 707 1158 807 1184; x_wconf 81' lang='grc' dir='ltr'><strong>σακκία</strong></span> <span class='ocrx_word' id='word_1_174' title='bbox 820 1158 897 1184; x_wconf 71' lang='grc' dir='ltr'><strong>ἐννέα</strong></span> <span class='ocrx_word' id='word_1_175' title='bbox 907 1165 914 1172; x_wconf 82' lang='grc'><em>’</em></span> <span class='ocrx_word' id='word_1_176' title='bbox 929 1156 947 1183; x_wconf 77' lang='grc' dir='ltr'><strong>ἃ.</strong></span> 
     </span>
    </p>
   </div>
   <div class='ocr_carea' id='block_1_26' title="bbox 1003 278 1788 317">
    <p class='ocr_par' dir='ltr' id='par_1_26' title="bbox 1003 278 1788 317">
     <span class='ocr_line' id='line_1_26' title="bbox 1003 278 1788 317; baseline -0.004 -9"><span class='ocrx_word' id='word_1_177' title='bbox 1003 283 1145 317; x_wconf 88' lang='lat' dir='ltr'><strong>pccuniatn</strong></span> <span class='ocrx_word' id='word_1_178' title='bbox 1154 282 1236 317; x_wconf 77' lang='lat'><strong>960</strong></span> <span class='ocrx_word' id='word_1_179' title='bbox 1244 281 1378 316; x_wconf 83' lang='lat' dir='ltr'><strong>publicam</strong></span> <span class='ocrx_word' id='word_1_180' title='bbox 1388 279 1564 315; x_wconf 79' lang='lat' dir='ltr'><strong>di‘lapidabat.</strong></span> <span class='ocrx_word' id='word_1_181' title='bbox 1578 279 1700 313; x_wconf 82' lang='lat' dir='ltr'><strong>Cumque</strong></span> <span class='ocrx_word' id='word_1_182' title='bbox 1713 278 1788 306; x_wconf 91' lang='lat' dir='ltr'><strong>brevi</strong></span> 
     </span>
    </p>
   </div>
   <div class='ocr_carea' id='block_1_27' title="bbox 1004 324 1788 362">
    <p class='ocr_par' dir='ltr' id='par_1_27' title="bbox 1004 324 1788 362">
     <span class='ocr_line' id='line_1_27' title="bbox 1004 324 1788 362; baseline -0.005 -7"><span class='ocrx_word' id='word_1_183' title='bbox 1004 328 1134 362; x_wconf 86' lang='lat' dir='ltr'><strong>temporis</strong></span> <span class='ocrx_word' id='word_1_184' title='bbox 1146 329 1235 362; x_wconf 89' lang='lat' dir='ltr'><strong>spatio</strong></span> <span class='ocrx_word' id='word_1_185' title='bbox 1251 335 1299 362; x_wconf 91' lang='lat' dir='ltr'><strong>per</strong></span> <span class='ocrx_word' id='word_1_186' title='bbox 1314 326 1391 354; x_wconf 79' lang='lat' dir='ltr'><strong>nefas</strong></span> <span class='ocrx_word' id='word_1_187' title='bbox 1413 330 1503 354; x_wconf 86' lang='lat' dir='ltr'><strong>tantas</strong></span> <span class='ocrx_word' id='word_1_188' title='bbox 1519 332 1585 360; x_wconf 91' lang='lat' dir='ltr'><strong>opes</strong></span> <span class='ocrx_word' id='word_1_189' title='bbox 1605 324 1788 360; x_wconf 78' lang='lat' dir='ltr'><strong>prodegisset.</strong></span> 
     </span>
    </p>
   </div>
   <div class='ocr_carea' id='block_1_28' title="bbox 1003 371 1788 408">
    <p class='ocr_par' dir='ltr' id='par_1_28' title="bbox 1003 371 1788 408">
     <span class='ocr_line' id='line_1_28' title="bbox 1003 371 1788 408; baseline -0.003 -8"><span class='ocrx_word' id='word_1_190' title='bbox 1003 380 1035 400; x_wconf 83' lang='lat' dir='ltr'><strong>ac</strong></span> <span class='ocrx_word' id='word_1_191' title='bbox 1051 374 1111 401; x_wconf 86' lang='lat' dir='ltr'><strong>dies</strong></span> <span class='ocrx_word' id='word_1_192' title='bbox 1133 373 1308 408; x_wconf 82' lang='lat' dir='ltr'><strong>imperatoris</strong></span> <span class='ocrx_word' id='word_1_193' title='bbox 1322 373 1518 401; x_wconf 80' lang='lat' dir='ltr'><strong>donationibus</strong></span> <span class='ocrx_word' id='word_1_194' title='bbox 1534 371 1690 399; x_wconf 87' lang='lat' dir='ltr'><strong>destinatus</strong></span> <span class='ocrx_word' id='word_1_195' title='bbox 1705 377 1788 405; x_wconf 89' lang='lat' dir='ltr'><strong>appe-</strong></span> 
     </span>
    </p>
   </div>
   <div class='ocr_carea' id='block_1_29' title="bbox 1004 416 1788 454">
    <p class='ocr_par' dir='ltr' id='par_1_29' title="bbox 1004 416 1788 454">
     <span class='ocr_line' id='line_1_29' title="bbox 1004 416 1788 454; baseline -0.006 -7"><span class='ocrx_word' id='word_1_196' title='bbox 1004 420 1135 452; x_wconf 84' lang='lat' dir='ltr'><strong>liisset,et</strong></span> <span class='ocrx_word' id='word_1_197' title='bbox 1146 419 1269 454; x_wconf 69' lang='lat' dir='ltr'><strong>pecuniae</strong></span> <span class='ocrx_word' id='word_1_198' title='bbox 1279 418 1405 454; x_wconf 61' lang='lat' dir='ltr'><strong>paranda»,</strong></span> <span class='ocrx_word' id='word_1_199' title='bbox 1420 419 1491 445; x_wconf 90' lang='lat' dir='ltr'><strong>ratio</strong></span> <span class='ocrx_word' id='word_1_200' title='bbox 1502 417 1640 449; x_wconf 78' lang='lat' dir='ltr'><strong>deﬁceret,</strong></span> <span class='ocrx_word' id='word_1_201' title='bbox 1655 416 1788 443; x_wconf 80' lang='lat' dir='ltr'><strong>famosam</strong></span> 
     </span>
    </p>
   </div>
   <div class='ocr_carea' id='block_1_30' title="bbox 1002 462 1789 500">
    <p class='ocr_par' dir='ltr' id='par_1_30' title="bbox 1002 462 1789 500">
     <span class='ocr_line' id='line_1_30' title="bbox 1002 462 1789 500; baseline -0.006 -7"><span class='ocrx_word' id='word_1_202' title='bbox 1002 466 1076 493; x_wconf 89' lang='lat' dir='ltr'><strong>illam</strong></span> <span class='ocrx_word' id='word_1_203' title='bbox 1093 473 1204 492; x_wconf 83' lang='lat' dir='ltr'><strong>auream</strong></span> <span class='ocrx_word' id='word_1_204' title='bbox 1220 466 1358 500; x_wconf 75' lang='lat' dir='ltr'><strong>platanum</strong></span> <span class='ocrx_word' id='word_1_205' title='bbox 1376 464 1501 499; x_wconf 85' lang='lat' dir='ltr'><strong>duosque</strong></span> <span class='ocrx_word' id='word_1_206' title='bbox 1521 470 1620 491; x_wconf 88' lang='lat' dir='ltr'><strong>aureos</strong></span> <span class='ocrx_word' id='word_1_207' title='bbox 1644 462 1736 489; x_wconf 87' lang='lat' dir='ltr'><strong>leones</strong></span> <span class='ocrx_word' id='word_1_208' title='bbox 1757 468 1789 488; x_wconf 86' lang='lat' dir='ltr'><strong>ac</strong></span> 
     </span>
    </p>
   </div>
   <div class='ocr_carea' id='block_1_31' title="bbox 1001 508 1790 546">
    <p class='ocr_par' dir='ltr' id='par_1_31' title="bbox 1001 508 1790 546">
     <span class='ocr_line' id='line_1_31' title="bbox 1001 508 1790 546; baseline -0.009 -6"><span class='ocrx_word' id='word_1_209' title='bbox 1001 512 1138 544; x_wconf 82' lang='lat' dir='ltr'><strong>vultures,</strong></span> <span class='ocrx_word' id='word_1_210' title='bbox 1154 516 1181 538; x_wconf 86' lang='lat' dir='ltr'><strong>et</strong></span> <span class='ocrx_word' id='word_1_211' title='bbox 1198 512 1270 546; x_wconf 92' lang='lat' dir='ltr'><strong>ipsos</strong></span> <span class='ocrx_word' id='word_1_212' title='bbox 1285 518 1318 538; x_wconf 67' lang='lat' dir='ltr'><strong>et</strong></span> <span class='ocrx_word' id='word_1_213' title='bbox 1334 517 1402 537; x_wconf 87' lang='lat' dir='ltr'><strong>auro</strong></span> <span class='ocrx_word' id='word_1_214' title='bbox 1413 509 1519 537; x_wconf 81' lang='lat' dir='ltr'><strong>malleis</strong></span> <span class='ocrx_word' id='word_1_215' title='bbox 1530 509 1638 540; x_wconf 85' lang='lat' dir='ltr'><strong>ductos,</strong></span> <span class='ocrx_word' id='word_1_216' title='bbox 1653 508 1790 542; x_wconf 83' lang='lat' dir='ltr'><strong>aliamque</strong></span> 
     </span>
    </p>
   </div>
   <div class='ocr_carea' id='block_1_32' title="bbox 1002 554 1790 590">
    <p class='ocr_par' dir='ltr' id='par_1_32' title="bbox 1002 554 1790 590">
     <span class='ocr_line' id='line_1_32' title="bbox 1002 554 1790 590; baseline -0.009 -5"><span class='ocrx_word' id='word_1_217' title='bbox 1002 557 1091 586; x_wconf 87' lang='lat' dir='ltr'><strong>solido</strong></span> <span class='ocrx_word' id='word_1_218' title='bbox 1111 564 1145 584; x_wconf 77' lang='lat' dir='ltr'><strong>ex</strong></span> <span class='ocrx_word' id='word_1_219' title='bbox 1164 563 1232 583; x_wconf 88' lang='lat' dir='ltr'><strong>auro</strong></span> <span class='ocrx_word' id='word_1_220' title='bbox 1248 555 1346 582; x_wconf 81' lang='lat' dir='ltr'><strong>factam</strong></span> <span class='ocrx_word' id='word_1_221' title='bbox 1361 554 1566 590; x_wconf 85' lang='lat' dir='ltr'><strong>supellectilem,</strong></span> <span class='ocrx_word' id='word_1_222' title='bbox 1585 559 1720 588; x_wconf 77' lang='lat' dir='ltr'><strong>operaque</strong></span> <span class='ocrx_word' id='word_1_223' title='bbox 1734 558 1790 578; x_wconf 75' lang='lat' dir='ltr'><strong>ere-</strong></span> 
     </span>
    </p>
   </div>
   <div class='ocr_carea' id='block_1_33' title="bbox 1002 596 1789 637">
    <p class='ocr_par' dir='ltr' id='par_1_33' title="bbox 1002 596 1789 637">
     <span class='ocr_line' id='line_1_33' title="bbox 1002 596 1789 637; baseline -0.01 -6"><span class='ocrx_word' id='word_1_224' title='bbox 1002 607 1059 631; x_wconf 84' lang='lat' dir='ltr'><strong>tera</strong></span> <span class='ocrx_word' id='word_1_225' title='bbox 1080 602 1116 630; x_wconf 88' lang='lat' dir='ltr'><strong>ob</strong></span> <span class='ocrx_word' id='word_1_226' title='bbox 1140 609 1202 637; x_wconf 84' lang='lat' dir='ltr'><strong>qua:</strong></span> <span class='ocrx_word' id='word_1_227' title='bbox 1218 600 1334 628; x_wconf 81' lang='lat' dir='ltr'><strong>Romani</strong></span> <span class='ocrx_word' id='word_1_228' title='bbox 1357 599 1532 634; x_wconf 79' lang='lat' dir='ltr'><strong>imperatoris</strong></span> <span class='ocrx_word' id='word_1_229' title='bbox 1553 599 1581 625; x_wconf 93' lang='lat' dir='ltr'><strong>in</strong></span> <span class='ocrx_word' id='word_1_230' title='bbox 1607 596 1789 625; x_wconf 91' lang='lat' dir='ltr'><strong>admiratione</strong></span> 
     </span>
    </p>
   </div>
   <div class='ocr_carea' id='block_1_34' title="bbox 1001 642 1787 683">
    <p class='ocr_par' dir='ltr' id='par_1_34' title="bbox 1001 642 1787 683">
     <span class='ocr_line' id='line_1_34' title="bbox 1001 642 1787 683; baseline -0.008 -7"><span class='ocrx_word' id='word_1_231' title='bbox 1001 654 1060 677; x_wconf 85' lang='lat' dir='ltr'><strong>erat</strong></span> <span class='ocrx_word' id='word_1_232' title='bbox 1081 648 1168 683; x_wconf 76' lang='lat' dir='ltr'><strong>regia,</strong></span> <span class='ocrx_word' id='word_1_233' title='bbox 1191 647 1304 675; x_wconf 84' lang='lat' dir='ltr'><strong>conﬂari</strong></span> <span class='ocrx_word' id='word_1_234' title='bbox 1324 652 1350 674; x_wconf 87' lang='lat' dir='ltr'><strong>et</strong></span> <span class='ocrx_word' id='word_1_235' title='bbox 1374 654 1406 673; x_wconf 82' lang='lat' dir='ltr'><strong>ex</strong></span> <span class='ocrx_word' id='word_1_236' title='bbox 1425 645 1458 673; x_wconf 92' lang='lat' dir='ltr'><strong>iis</strong></span> <span class='ocrx_word' id='word_1_237' title='bbox 1480 652 1574 672; x_wconf 87' lang='lat' dir='ltr'><strong>eusam</strong></span> <span class='ocrx_word' id='word_1_238' title='bbox 1597 643 1741 679; x_wconf 80' lang='lat' dir='ltr'><strong>pecuniam</strong></span> <span class='ocrx_word' id='word_1_239' title='bbox 1760 642 1787 670; x_wconf 90' lang='lat' dir='ltr'><strong>in</strong></span> 
     </span>
    </p>
   </div>
   <div class='ocr_carea' id='block_1_35' title="bbox 1000 689 1789 727">
    <p class='ocr_par' dir='ltr' id='par_1_35' title="bbox 1000 689 1789 727">
     <span class='ocr_line' id='line_1_35' title="bbox 1000 689 1789 727; baseline -0.009 -4"><span class='ocrx_word' id='word_1_240' title='bbox 1000 695 1128 722; x_wconf 66' lang='lat' dir='ltr'><strong>aerarium</strong></span> <span class='ocrx_word' id='word_1_241' title='bbox 1149 701 1229 722; x_wconf 88' lang='lat' dir='ltr'><strong>suum</strong></span> <span class='ocrx_word' id='word_1_242' title='bbox 1257 692 1352 720; x_wconf 81' lang='lat' dir='ltr'><strong>inferri</strong></span> <span class='ocrx_word' id='word_1_243' title='bbox 1375 692 1467 727; x_wconf 80' lang='lat' dir='ltr'><strong>jussit.</strong></span> <span class='ocrx_word' id='word_1_244' title='bbox 1494 691 1691 726; x_wconf 81' lang='lat' dir='ltr'><strong>Appcndebant</strong></span> <span class='ocrx_word' id='word_1_245' title='bbox 1714 689 1789 716; x_wconf 83' lang='lat' dir='ltr'><strong>haud</strong></span> 
     </span>
    </p>
   </div>
   <div class='ocr_carea' id='block_1_36' title="bbox 1001 737 1788 770">
    <p class='ocr_par' dir='ltr' id='par_1_36' title="bbox 1001 737 1788 770">
     <span class='ocr_line' id='line_1_36' title="bbox 1001 737 1788 770; baseline -0.008 -1"><span class='ocrx_word' id='word_1_246' title='bbox 1001 742 1092 770; x_wconf 88' lang='lat' dir='ltr'><strong>ntinus</strong></span> <span class='ocrx_word' id='word_1_247' title='bbox 1101 741 1155 768; x_wconf 69' lang='lat'><strong>900</strong></span> <span class='ocrx_word' id='word_1_248' title='bbox 1172 740 1351 769; x_wconf 86' lang='lat' dir='ltr'><strong>centenariis.</strong></span> <span class='ocrx_word' id='word_1_249' title='bbox 1369 739 1468 767; x_wconf 85' lang='lat' dir='ltr'><strong>Eodem</strong></span> <span class='ocrx_word' id='word_1_250' title='bbox 1485 737 1566 765; x_wconf 88' lang='lat' dir='ltr'><strong>modo</strong></span> <span class='ocrx_word' id='word_1_251' title='bbox 1586 737 1708 765; x_wconf 83' lang='lat' dir='ltr'><strong>restibus</strong></span> <span class='ocrx_word' id='word_1_252' title='bbox 1722 743 1788 763; x_wconf 87' lang='lat' dir='ltr'><strong>usus</strong></span> 
     </span>
    </p>
   </div>
   <div class='ocr_carea' id='block_1_37' title="bbox 999 783 1788 822">
    <p class='ocr_par' dir='ltr' id='par_1_37' title="bbox 999 783 1788 822">
     <span class='ocr_line' id='line_1_37' title="bbox 999 783 1788 822; baseline -0.006 -9"><span class='ocrx_word' id='word_1_253' title='bbox 999 791 1042 814; x_wconf 83' lang='lat' dir='ltr'><strong>est</strong></span> <span class='ocrx_word' id='word_1_254' title='bbox 1052 785 1245 822; x_wconf 78' lang='lat' dir='ltr'><strong>imperatoriis,</strong></span> <span class='ocrx_word' id='word_1_255' title='bbox 1255 792 1369 820; x_wconf 86' lang='lat' dir='ltr'><strong>quarum</strong></span> <span class='ocrx_word' id='word_1_256' title='bbox 1383 784 1442 811; x_wconf 63' lang='lat' dir='ltr'><strong>alia:</strong></span> <span class='ocrx_word' id='word_1_257' title='bbox 1454 787 1517 810; x_wconf 56' lang='lat' dir='ltr'><strong>tota</strong></span> <span class='ocrx_word' id='word_1_258' title='bbox 1530 790 1630 816; x_wconf 73' lang='lat' dir='ltr'><strong>aurem,</strong></span> <span class='ocrx_word' id='word_1_259' title='bbox 1647 783 1706 809; x_wconf 65' lang='lat' dir='ltr'><strong>alia:</strong></span> <span class='ocrx_word' id='word_1_260' title='bbox 1719 788 1788 809; x_wconf 86' lang='lat' dir='ltr'><strong>auro</strong></span> 
     </span>
    </p>
   </div>
   <div class='ocr_carea' id='block_1_38' title="bbox 1000 827 1788 862">
    <p class='ocr_par' dir='ltr' id='par_1_38' title="bbox 1000 827 1788 862">
     <span class='ocr_line' id='line_1_38' title="bbox 1000 827 1788 862; baseline -0.008 -3"><span class='ocrx_word' id='word_1_261' title='bbox 1000 833 1152 860; x_wconf 68' lang='lat' dir='ltr'><strong>intertexta:</strong></span> <span class='ocrx_word' id='word_1_262' title='bbox 1165 835 1254 858; x_wconf 85' lang='lat' dir='ltr'><strong>erant.</strong></span> <span class='ocrx_word' id='word_1_263' title='bbox 1262 830 1329 858; x_wconf 79' lang='lat' dir='ltr'><strong>Nam</strong></span> <span class='ocrx_word' id='word_1_264' title='bbox 1342 834 1369 858; x_wconf 88' lang='lat' dir='ltr'><strong>et</strong></span> <span class='ocrx_word' id='word_1_265' title='bbox 1380 830 1430 858; x_wconf 84' lang='lat' dir='ltr'><strong>has</strong></span> <span class='ocrx_word' id='word_1_266' title='bbox 1442 829 1602 857; x_wconf 84' lang='lat' dir='ltr'><strong>conilandas</strong></span> <span class='ocrx_word' id='word_1_267' title='bbox 1617 828 1690 855; x_wconf 80' lang='lat' dir='ltr'><strong>dedit</strong></span> <span class='ocrx_word' id='word_1_268' title='bbox 1701 827 1788 862; x_wconf 86' lang='lat' dir='ltr'><strong>;quod</strong></span> 
     </span>
    </p>
   </div>
   <div class='ocr_carea' id='block_1_39' title="bbox 1000 873 1788 912">
    <p class='ocr_par' dir='ltr' id='par_1_39' title="bbox 1000 873 1788 912">
     <span class='ocr_line' id='line_1_39' title="bbox 1000 873 1788 912; baseline -0.008 -7"><span class='ocrx_word' id='word_1_269' title='bbox 1000 885 1034 905; x_wconf 89' lang='lat' dir='ltr'><strong>ne</strong></span> <span class='ocrx_word' id='word_1_270' title='bbox 1047 877 1137 910; x_wconf 80' lang='lat' dir='ltr'><strong>ﬁeret,</strong></span> <span class='ocrx_word' id='word_1_271' title='bbox 1153 881 1243 904; x_wconf 85' lang='lat' dir='ltr'><strong>morte</strong></span> <span class='ocrx_word' id='word_1_272' title='bbox 1260 880 1415 912; x_wconf 69' lang='lat' dir='ltr'><strong>praeventus</strong></span> <span class='ocrx_word' id='word_1_273' title='bbox 1425 880 1478 907; x_wconf 83' lang='lat' dir='ltr'><strong>est,</strong></span> <span class='ocrx_word' id='word_1_274' title='bbox 1499 879 1528 902; x_wconf 91' lang='lat' dir='ltr'><strong>ut</strong></span> <span class='ocrx_word' id='word_1_275' title='bbox 1542 881 1589 902; x_wconf 83' lang='lat' dir='ltr'><strong>eas</strong></span> <span class='ocrx_word' id='word_1_276' title='bbox 1605 874 1720 901; x_wconf 82' lang='lat' dir='ltr'><strong>Basilius</strong></span> <span class='ocrx_word' id='word_1_277' title='bbox 1735 873 1788 899; x_wconf 84' lang='lat' dir='ltr'><strong>im-</strong></span> 
     </span>
    </p>
   </div>
   <div class='ocr_carea' id='block_1_40' title="bbox 1001 919 1790 960">
    <p class='ocr_par' dir='ltr' id='par_1_40' title="bbox 1001 919 1790 960">
     <span class='ocr_line' id='line_1_40' title="bbox 1001 919 1790 960; baseline -0.009 -9"><span class='ocrx_word' id='word_1_278' title='bbox 1001 923 1069 960; x_wconf 88' lang='lat' dir='ltr'><strong>perii</strong></span> <span class='ocrx_word' id='word_1_279' title='bbox 1084 930 1231 952; x_wconf 78' lang='lat' dir='ltr'><strong>successor</strong></span> <span class='ocrx_word' id='word_1_280' title='bbox 1243 922 1422 957; x_wconf 80' lang='lat' dir='ltr'><strong>recuperarit.</strong></span> <span class='ocrx_word' id='word_1_281' title='bbox 1444 921 1493 948; x_wconf 82' lang='lat' dir='ltr'><strong>llic</strong></span> <span class='ocrx_word' id='word_1_282' title='bbox 1511 919 1622 955; x_wconf 87' lang='lat' dir='ltr'><strong>quidem</strong></span> <span class='ocrx_word' id='word_1_283' title='bbox 1638 926 1727 946; x_wconf 86' lang='lat' dir='ltr'><strong>rerum</strong></span> <span class='ocrx_word' id='word_1_284' title='bbox 1741 925 1790 953; x_wconf 84' lang='lat' dir='ltr'><strong>po-</strong></span> 
     </span>
    </p>
   </div>
   <div class='ocr_carea' id='block_1_41' title="bbox 1001 966 1789 1001">
    <p class='ocr_par' dir='ltr' id='par_1_41' title="bbox 1001 966 1789 1001">
     <span class='ocr_line' id='line_1_41' title="bbox 1001 966 1789 1001; baseline -0.008 -4"><span class='ocrx_word' id='word_1_285' title='bbox 1001 970 1069 997; x_wconf 84' lang='lat' dir='ltr'><strong>titus</strong></span> <span class='ocrx_word' id='word_1_286' title='bbox 1090 977 1122 997; x_wconf 78' lang='lat' dir='ltr'><strong>ex</strong></span> <span class='ocrx_word' id='word_1_287' title='bbox 1139 966 1224 996; x_wconf 84' lang='lat' dir='ltr'><strong>tantis</strong></span> <span class='ocrx_word' id='word_1_288' title='bbox 1244 968 1347 996; x_wconf 77' lang='lat' dir='ltr'><strong>divitiis</strong></span> <span class='ocrx_word' id='word_1_289' title='bbox 1362 967 1430 994; x_wconf 86' lang='lat' dir='ltr'><strong>nihil</strong></span> <span class='ocrx_word' id='word_1_290' title='bbox 1449 966 1549 1001; x_wconf 85' lang='lat' dir='ltr'><strong>reliqui</strong></span> <span class='ocrx_word' id='word_1_291' title='bbox 1570 966 1675 994; x_wconf 86' lang='lat' dir='ltr'><strong>invenit</strong></span> <span class='ocrx_word' id='word_1_292' title='bbox 1691 969 1789 1000; x_wconf 77' lang='lat' dir='ltr'><strong>prauer</strong></span> 
     </span>
    </p>
   </div>
   <div class='ocr_carea' id='block_1_42' title="bbox 1002 1010 1788 1041">
    <p class='ocr_par' dir='ltr' id='par_1_42' title="bbox 1002 1010 1788 1041">
     <span class='ocr_line' id='line_1_42' title="bbox 1002 1010 1788 1041; baseline -0.006 0"><span class='ocrx_word' id='word_1_293' title='bbox 1002 1013 1061 1041; x_wconf 73' lang='lat' dir='ltr'><strong>auri</strong></span> <span class='ocrx_word' id='word_1_294' title='bbox 1092 1012 1268 1041; x_wconf 80' lang='lat' dir='ltr'><strong>centenarias</strong></span> <span class='ocrx_word' id='word_1_295' title='bbox 1293 1016 1348 1040; x_wconf 84' lang='lat' dir='ltr'><strong>tres</strong></span> <span class='ocrx_word' id='word_1_296' title='bbox 1378 1015 1406 1039; x_wconf 89' lang='lat' dir='ltr'><strong>et</strong></span> <span class='ocrx_word' id='word_1_297' title='bbox 1429 1011 1638 1039; x_wconf 83' lang='lat' dir='ltr'><strong>miliarisiorum</strong></span> <span class='ocrx_word' id='word_1_298' title='bbox 1661 1010 1788 1038; x_wconf 85' lang='lat' dir='ltr'><strong>sacculos</strong></span> 
     </span>
    </p>
   </div>
   <div class='ocr_carea' id='block_1_43' title="bbox 1001 1055 1788 1095">
    <p class='ocr_par' dir='ltr' id='par_1_43' title="bbox 1001 1055 1788 1095">
     <span class='ocr_line' id='line_1_43' title="bbox 1001 1055 1788 1095; baseline -0.006 -7"><span class='ocrx_word' id='word_1_299' title='bbox 1001 1067 1097 1088; x_wconf 89' lang='lat' dir='ltr'><strong>novem</strong></span> <span class='ocrx_word' id='word_1_300' title='bbox 1115 1068 1123 1093; x_wconf 89' lang='lat'><strong>;</strong></span> <span class='ocrx_word' id='word_1_301' title='bbox 1141 1059 1243 1095; x_wconf 84' lang='lat' dir='ltr'><strong>quibus</strong></span> <span class='ocrx_word' id='word_1_302' title='bbox 1263 1059 1291 1086; x_wconf 92' lang='lat' dir='ltr'><strong>in</strong></span> <span class='ocrx_word' id='word_1_303' title='bbox 1307 1062 1430 1086; x_wconf 81' lang='lat' dir='ltr'><strong>senatum</strong></span> <span class='ocrx_word' id='word_1_304' title='bbox 1449 1057 1540 1085; x_wconf 85' lang='lat' dir='ltr'><strong>allatis</strong></span> <span class='ocrx_word' id='word_1_305' title='bbox 1556 1056 1707 1092; x_wconf 83' lang='lat' dir='ltr'><strong>deploravit</strong></span> <span class='ocrx_word' id='word_1_306' title='bbox 1728 1055 1788 1083; x_wconf 87' lang='lat' dir='ltr'><strong>ino-</strong></span> 
     </span>
    </p>
   </div>
   <div class='ocr_carea' id='block_1_44' title="bbox 999 1103 1788 1141">
    <p class='ocr_par' dir='ltr' id='par_1_44' title="bbox 999 1103 1788 1141">
     <span class='ocr_line' id='line_1_44' title="bbox 999 1103 1788 1141; baseline -0.004 -9"><span class='ocrx_word' id='word_1_307' title='bbox 999 1106 1084 1141; x_wconf 82' lang='lat' dir='ltr'><strong>piam,</strong></span> <span class='ocrx_word' id='word_1_308' title='bbox 1107 1108 1135 1133; x_wconf 87' lang='lat' dir='ltr'><strong>et</strong></span> <span class='ocrx_word' id='word_1_309' title='bbox 1153 1105 1225 1132; x_wconf 82' lang='lat' dir='ltr'><strong>unde</strong></span> <span class='ocrx_word' id='word_1_310' title='bbox 1250 1104 1352 1140; x_wconf 82' lang='lat' dir='ltr'><strong>publici</strong></span> <span class='ocrx_word' id='word_1_311' title='bbox 1368 1104 1494 1132; x_wconf 84' lang='lat' dir='ltr'><strong>defectus</strong></span> <span class='ocrx_word' id='word_1_312' title='bbox 1513 1103 1645 1131; x_wconf 77' lang='lat' dir='ltr'><strong>exsarciri</strong></span> <span class='ocrx_word' id='word_1_313' title='bbox 1674 1105 1788 1138; x_wconf 86' lang='lat' dir='ltr'><strong>possent</strong></span> 
     </span>
    </p>
   </div>
   <div class='ocr_carea' id='block_1_45' title="bbox 1000 1151 1259 1186">
    <p class='ocr_par' dir='ltr' id='par_1_45' title="bbox 1000 1151 1259 1186">
     <span class='ocr_line' id='line_1_45' title="bbox 1000 1151 1259 1186; baseline -0.008 -6"><span class='ocrx_word' id='word_1_314' title='bbox 1000 1152 1153 1180; x_wconf 77' lang='lat' dir='ltr'><strong>deliberare</strong></span> <span class='ocrx_word' id='word_1_315' title='bbox 1165 1151 1259 1186; x_wconf 84' lang='lat' dir='ltr'><strong>jussit.</strong></span> 
     </span>
    </p>
   </div>
   <div class='ocr_carea' id='block_1_46' title="bbox 152 1197 1784 1240">
    <p class='ocr_par' dir='ltr' id='par_1_46' title="bbox 152 1197 1784 1240">
     <span class='ocr_line' id='line_1_46' title="bbox 152 1197 1784 1240; baseline -0.004 -11"><span class='ocrx_word' id='word_1_316' title='bbox 152 1198 200 1229; x_wconf 67' lang='grc' dir='ltr'><strong>καὶ</strong></span> <span class='ocrx_word' id='word_1_317' title='bbox 211 1199 393 1234; x_wconf 67' lang='grc' dir='ltr'><strong>δημοσιεέσις</strong></span> <span class='ocrx_word' id='word_1_318' title='bbox 405 1201 451 1228; x_wconf 74' lang='grc' dir='ltr'><strong>ἐπὶ</strong></span> <span class='ocrx_word' id='word_1_319' title='bbox 464 1203 513 1237; x_wconf 78' lang='grc' dir='ltr'><strong>τῆς</strong></span> <span class='ocrx_word' id='word_1_320' title='bbox 530 1204 682 1240; x_wconf 78' lang='grc' dir='ltr'><strong>συγκλήτου</strong></span> <span class='ocrx_word' id='word_1_321' title='bbox 699 1204 856 1240; x_wconf 75' lang='grc' dir='ltr'><strong>ἀπωδύρετο</strong></span> <span class='ocrx_word' id='word_1_322' title='bbox 868 1205 918 1239; x_wconf 74' lang='grc' dir='ltr'><strong>τὴν</strong></span> <span class='ocrx_word' id='word_1_323' title='bbox 933 1201 1051 1238; x_wconf 77' lang='grc' dir='ltr'><strong>ἀπορίαν</strong></span> <span class='ocrx_word' id='word_1_324' title='bbox 1065 1200 1111 1227; x_wconf 74' lang='grc' dir='ltr'><strong>καὶ</strong></span> <span class='ocrx_word' id='word_1_325' title='bbox 1122 1199 1151 1226; x_wconf 85' lang='grc' dir='ltr'><strong>τδ</strong></span> <span class='ocrx_word' id='word_1_326' title='bbox 1159 1198 1239 1226; x_wconf 78' lang='grc' dir='ltr'><strong>πόθεν</strong></span> <span class='ocrx_word' id='word_1_327' title='bbox 1251 1198 1284 1226; x_wconf 80' lang='grc' dir='ltr'><strong>ἂν</strong></span> <span class='ocrx_word' id='word_1_328' title='bbox 1299 1197 1499 1234; x_wconf 82' lang='grc' dir='ltr'><strong>ἐκπληρωθεῖεν</strong></span> <span class='ocrx_word' id='word_1_329' title='bbox 1508 1198 1536 1224; x_wconf 92' lang='grc' dir='ltr'><strong>αί</strong></span> <span class='ocrx_word' id='word_1_330' title='bbox 1549 1197 1672 1233; x_wconf 84' lang='grc' dir='ltr'><strong>δημόσιοι</strong></span> <span class='ocrx_word' id='word_1_331' title='bbox 1683 1197 1784 1232; x_wconf 85' lang='grc' dir='ltr'><strong>χρεῐαι.</strong></span> 
     </span>
    </p>
   </div>
   <div class='ocr_carea' id='block_1_47' title="bbox 191 1245 942 1286">
    <p class='ocr_par' dir='ltr' id='par_1_47' title="bbox 191 1245 942 1286">
     <span class='ocr_line' id='line_1_47' title="bbox 191 1245 942 1286; baseline 0.008 -16"><span class='ocrx_word' id='word_1_332' title='bbox 191 1245 272 1277; x_wconf 80' lang='grc' dir='ltr'><strong>ἘΘος</strong></span> <span class='ocrx_word' id='word_1_333' title='bbox 287 1246 309 1272; x_wconf 79' lang='grc' dir='ltr'><strong>δ’</strong></span> <span class='ocrx_word' id='word_1_334' title='bbox 323 1247 440 1282; x_wconf 76' lang='grc' dir='ltr'><strong>ἐχούσης</strong></span> <span class='ocrx_word' id='word_1_335' title='bbox 451 1248 501 1284; x_wconf 88' lang='grc' dir='ltr'><strong>τῆς</strong></span> <span class='ocrx_word' id='word_1_336' title='bbox 513 1248 650 1284; x_wconf 80' lang='grc' dir='ltr'><strong>βασιλίδος</strong></span> <span class='ocrx_word' id='word_1_337' title='bbox 668 1250 810 1286; x_wconf 83' lang='grc' dir='ltr'><strong>Θεοδώρας</strong></span> <span class='ocrx_word' id='word_1_338' title='bbox 830 1251 942 1277; x_wconf 78' lang='grc' dir='ltr'><strong>ἀπιέναι</strong></span> 
     </span>
    </p>
   </div>
   <div class='ocr_carea' id='block_1_48' title="bbox 153 1290 940 1330">
    <p class='ocr_par' dir='ltr' id='par_1_48' title="bbox 153 1290 940 1330">
     <span class='ocr_line' id='line_1_48' title="bbox 153 1290 940 1330; baseline 0.009 -15"><span class='ocrx_word' id='word_1_339' title='bbox 153 1290 223 1325; x_wconf 75' lang='grc' dir='ltr'><strong>πρὸς</strong></span> <span class='ocrx_word' id='word_1_340' title='bbox 237 1291 284 1317; x_wconf 71' lang='grc' dir='ltr'><strong>τὸν</strong></span> <span class='ocrx_word' id='word_1_341' title='bbox 306 1293 335 1318; x_wconf 86' lang='grc' dir='ltr'><strong>ἐν</strong></span> <span class='ocrx_word' id='word_1_342' title='bbox 355 1292 520 1329; x_wconf 83' lang='grc' dir='ltr'><strong>Βλαχέρναις</strong></span> <span class='ocrx_word' id='word_1_343' title='bbox 543 1295 592 1330; x_wconf 82' lang='grc' dir='ltr'><strong>τῆς</strong></span> <span class='ocrx_word' id='word_1_344' title='bbox 617 1295 750 1323; x_wconf 84' lang='grc' dir='ltr'><strong>Θεοτόκου</strong></span> <span class='ocrx_word' id='word_1_345' title='bbox 772 1295 845 1322; x_wconf 76' lang='grc' dir='ltr'><strong>θεῖον</strong></span> <span class='ocrx_word' id='word_1_346' title='bbox 864 1295 940 1327; x_wconf 79' lang='grc' dir='ltr'><strong>ναὸν.</strong></span> 
     </span>
    </p>
   </div>
   <div class='ocr_carea' id='block_1_49' title="bbox 153 1335 940 1377">
    <p class='ocr_par' dir='ltr' id='par_1_49' title="bbox 153 1335 940 1377">
     <span class='ocr_line' id='line_1_49' title="bbox 153 1335 940 1377; baseline 0.009 -16"><span class='ocrx_word' id='word_1_347' title='bbox 153 1335 211 1370; x_wconf 79' lang='grc' dir='ltr'><strong>ἃμα</strong></span> <span class='ocrx_word' id='word_1_348' title='bbox 227 1337 278 1371; x_wconf 79' lang='grc' dir='ltr'><strong>μὲν</strong></span> <span class='ocrx_word' id='word_1_349' title='bbox 292 1339 504 1374; x_wconf 80' lang='grc' dir='ltr'><strong>προσκυνήσεως</strong></span> <span class='ocrx_word' id='word_1_350' title='bbox 520 1341 613 1376; x_wconf 84' lang='grc' dir='ltr'><strong>χάριν,</strong></span> <span class='ocrx_word' id='word_1_351' title='bbox 626 1340 685 1376; x_wconf 74' lang='grc' dir='ltr'><strong>ἅμα</strong></span> <span class='ocrx_word' id='word_1_352' title='bbox 701 1340 730 1368; x_wconf 78' lang='grc' dir='ltr'><strong>δὲ</strong></span> <span class='ocrx_word' id='word_1_353' title='bbox 748 1342 796 1368; x_wconf 70' lang='grc' dir='ltr'><strong>καὶ</strong></span> <span class='ocrx_word' id='word_1_354' title='bbox 826 1340 940 1377; x_wconf 82' lang='grc' dir='ltr'><strong>λουτροῦ</strong></span> 
     </span>
    </p>
   </div>
   <div class='ocr_carea' id='block_1_50' title="bbox 154 1381 943 1423">
    <p class='ocr_par' dir='ltr' id='par_1_50' title="bbox 154 1381 943 1423">
     <span class='ocr_line' id='line_1_50' title="bbox 154 1381 943 1423; baseline 0.011 -17"><span class='ocrx_word' id='word_1_355' title='bbox 154 1381 224 1416; x_wconf 80' lang='grc' dir='ltr'><strong>μετὰ</strong></span> <span class='ocrx_word' id='word_1_356' title='bbox 240 1382 295 1410; x_wconf 86' lang='grc' dir='ltr'><strong>τῶν</strong></span> <span class='ocrx_word' id='word_1_357' title='bbox 314 1383 414 1419; x_wconf 82' lang='grc' dir='ltr'><strong>ἑαυτῆς</strong></span> <span class='ocrx_word' id='word_1_358' title='bbox 428 1383 596 1421; x_wconf 80' lang='grc' dir='ltr'><strong>θυγατέρων,</strong></span> <span class='ocrx_word' id='word_1_359' title='bbox 616 1386 678 1413; x_wconf 84' lang='grc' dir='ltr'><strong>ἐπει</strong></span> <span class='ocrx_word' id='word_1_360' title='bbox 694 1395 759 1414; x_wconf 81' lang='grc' dir='ltr'><strong>ποτε</strong></span> <span class='ocrx_word' id='word_1_361' title='bbox 775 1386 846 1421; x_wconf 77' lang='grc' dir='ltr'><strong>ἔγνω</strong></span> <span class='ocrx_word' id='word_1_362' title='bbox 857 1387 943 1423; x_wconf 76' lang='grc' dir='ltr'><strong>αὐτὴν</strong></span> 
     </span>
    </p>
   </div>
   <div class='ocr_carea' id='block_1_51' title="bbox 152 1428 941 1468">
    <p class='ocr_par' dir='ltr' id='par_1_51' title="bbox 152 1428 941 1468">
     <span class='ocr_line' id='line_1_51' title="bbox 152 1428 941 1468; baseline 0.008 -15"><span class='ocrx_word' id='word_1_363' title='bbox 152 1428 244 1454; x_wconf 77' lang='grc' dir='ltr'><strong>ἐκεῖσε</strong></span> <span class='ocrx_word' id='word_1_364' title='bbox 265 1429 434 1465; x_wconf 85' lang='grc' dir='ltr'><strong>φοιτήσασαν</strong></span> <span class='ocrx_word' id='word_1_365' title='bbox 449 1431 463 1457; x_wconf 84' lang='grc' dir='ltr'><em>ὁ</em></span> <span class='ocrx_word' id='word_1_366' title='bbox 485 1430 612 1466; x_wconf 76' lang='grc' dir='ltr'><strong>βασιλεὺς</strong></span> <span class='ocrx_word' id='word_1_367' title='bbox 638 1431 686 1459; x_wconf 79' lang='grc' dir='ltr'><strong>καὶ</strong></span> <span class='ocrx_word' id='word_1_368' title='bbox 702 1434 716 1460; x_wconf 81' lang='grc' dir='ltr'><strong>ό</strong></span> <span class='ocrx_word' id='word_1_369' title='bbox 739 1433 843 1468; x_wconf 82' lang='grc' dir='ltr'><strong>ταύτης</strong></span> <span class='ocrx_word' id='word_1_370' title='bbox 860 1433 941 1468; x_wconf 81' lang='grc' dir='ltr'><strong>ὁμαί-</strong></span> 
     </span>
    </p>
   </div>
   <div class='ocr_carea' id='block_1_52' title="bbox 154 1474 942 1514">
    <p class='ocr_par' dir='ltr' id='par_1_52' title="bbox 154 1474 942 1514">
     <span class='ocr_line' id='line_1_52' title="bbox 154 1474 942 1514; baseline 0.009 -15"><span class='ocrx_word' id='word_1_371' title='bbox 154 1482 214 1508; x_wconf 83' lang='grc' dir='ltr'><strong>μων</strong></span> <span class='ocrx_word' id='word_1_372' title='bbox 246 1474 363 1511; x_wconf 78' lang='grc' dir='ltr'><strong>Βάρδας,</strong></span> <span class='ocrx_word' id='word_1_373' title='bbox 398 1477 544 1512; x_wconf 79' lang='grc' dir='ltr'><strong>Πετρωνᾶν</strong></span> <span class='ocrx_word' id='word_1_374' title='bbox 575 1478 780 1514; x_wconf 79' lang='grc' dir='ltr'><strong>ἐκπέμψαντες,</strong></span> <span class='ocrx_word' id='word_1_375' title='bbox 803 1478 834 1506; x_wconf 79' lang='grc' dir='ltr'><strong>ὃν</strong></span> <span class='ocrx_word' id='word_1_376' title='bbox 855 1479 942 1514; x_wconf 81' lang='grc' dir='ltr'><strong>αὐτῆς</strong></span> 
     </span>
    </p>
   </div>
   <div class='ocr_carea' id='block_1_53' title="bbox 152 1518 941 1559">
    <p class='ocr_par' dir='ltr' id='par_1_53' title="bbox 152 1518 941 1559">
     <span class='ocr_line' id='line_1_53' title="bbox 152 1518 941 1559; baseline 0.01 -16"><span class='ocrx_word' id='word_1_377' title='bbox 152 1518 269 1553; x_wconf 66' lang='grc' dir='ltr'><strong>ἀδελφὸν</strong></span> <span class='ocrx_word' id='word_1_378' title='bbox 293 1518 363 1548; x_wconf 76' lang='grc' dir='ltr'><strong>εῖναι</strong></span> <span class='ocrx_word' id='word_1_379' title='bbox 387 1521 491 1549; x_wconf 79' lang='grc' dir='ltr'><strong>ἀνωθεν</strong></span> <span class='ocrx_word' id='word_1_380' title='bbox 506 1523 520 1549; x_wconf 84' lang='grc' dir='ltr'><strong>ό</strong></span> <span class='ocrx_word' id='word_1_381' title='bbox 542 1522 621 1557; x_wconf 77' lang='grc' dir='ltr'><strong>λόγος</strong></span> <span class='ocrx_word' id='word_1_382' title='bbox 639 1523 798 1559; x_wconf 75' lang='grc' dir='ltr'><strong>ἐγνώρισεν,</strong></span> <span class='ocrx_word' id='word_1_383' title='bbox 825 1523 941 1550; x_wconf 84' lang='grc' dir='ltr'><strong>ἀποκεί-</strong></span> 
     </span>
    </p>
   </div>
   <div class='ocr_carea' id='block_1_54' title="bbox 1031 1242 1785 1277">
    <p class='ocr_par' dir='ltr' id='par_1_54' title="bbox 1031 1242 1785 1277">
     <span class='ocr_line' id='line_1_54' title="bbox 1031 1242 1785 1277; baseline -0.005 -4"><span class='ocrx_word' id='word_1_384' title='bbox 1031 1245 1136 1274; x_wconf 66' lang='lat' dir='ltr'><strong>Praeter</strong></span> <span class='ocrx_word' id='word_1_385' title='bbox 1163 1245 1232 1277; x_wconf 69' lang='lat' dir='ltr'><strong>haec,</strong></span> <span class='ocrx_word' id='word_1_386' title='bbox 1271 1251 1333 1272; x_wconf 87' lang='lat' dir='ltr'><strong>cum</strong></span> <span class='ocrx_word' id='word_1_387' title='bbox 1362 1242 1506 1270; x_wconf 82' lang='lat' dir='ltr'><strong>Theodnra</strong></span> <span class='ocrx_word' id='word_1_388' title='bbox 1531 1243 1721 1270; x_wconf 85' lang='lat' dir='ltr'><strong>consuevisset</strong></span> <span class='ocrx_word' id='word_1_389' title='bbox 1751 1242 1785 1269; x_wconf 88' lang='lat' dir='ltr'><strong>ad</strong></span> 
     </span>
    </p>
   </div>
   <div class='ocr_carea' id='block_1_55' title="bbox 997 1289 1784 1327">
    <p class='ocr_par' dir='ltr' id='par_1_55' title="bbox 997 1289 1784 1327">
     <span class='ocr_line' id='line_1_55' title="bbox 997 1289 1784 1327; baseline -0.005 -8"><span class='ocrx_word' id='word_1_390' title='bbox 997 1291 1090 1319; x_wconf 82' lang='lat' dir='ltr'><strong>fanum</strong></span> <span class='ocrx_word' id='word_1_391' title='bbox 1100 1291 1222 1327; x_wconf 70' lang='lat' dir='ltr'><strong>Deiparae</strong></span> <span class='ocrx_word' id='word_1_392' title='bbox 1236 1289 1437 1318; x_wconf 85' lang='lat' dir='ltr'><strong>Blacherncuse</strong></span> <span class='ocrx_word' id='word_1_393' title='bbox 1449 1289 1527 1321; x_wconf 81' lang='lat' dir='ltr'><strong>itare,</strong></span> <span class='ocrx_word' id='word_1_394' title='bbox 1542 1289 1639 1324; x_wconf 87' lang='lat' dir='ltr'><strong>partim</strong></span> <span class='ocrx_word' id='word_1_395' title='bbox 1656 1289 1784 1324; x_wconf 84' lang='lat' dir='ltr'><strong>precandi</strong></span> 
     </span>
    </p>
   </div>
   <div class='ocr_carea' id='block_1_56' title="bbox 997 1335 1784 1373">
    <p class='ocr_par' dir='ltr' id='par_1_56' title="bbox 997 1335 1784 1373">
     <span class='ocr_line' id='line_1_56' title="bbox 997 1335 1784 1373; baseline -0.005 -7"><span class='ocrx_word' id='word_1_396' title='bbox 997 1345 1081 1366; x_wconf 83' lang='lat' dir='ltr'><strong>causa</strong></span> <span class='ocrx_word' id='word_1_397' title='bbox 1098 1337 1197 1373; x_wconf 84' lang='lat' dir='ltr'><strong>partim</strong></span> <span class='ocrx_word' id='word_1_398' title='bbox 1214 1341 1243 1364; x_wconf 91' lang='lat' dir='ltr'><strong>ut</strong></span> <span class='ocrx_word' id='word_1_399' title='bbox 1263 1344 1325 1364; x_wconf 87' lang='lat' dir='ltr'><strong>cum</strong></span> <span class='ocrx_word' id='word_1_400' title='bbox 1345 1336 1452 1363; x_wconf 79' lang='lat' dir='ltr'><strong>ﬁliabus</strong></span> <span class='ocrx_word' id='word_1_401' title='bbox 1466 1335 1524 1363; x_wconf 87' lang='lat' dir='ltr'><strong>suis</strong></span> <span class='ocrx_word' id='word_1_402' title='bbox 1540 1335 1652 1368; x_wconf 80' lang='lat' dir='ltr'><strong>Iavaret,</strong></span> <span class='ocrx_word' id='word_1_403' title='bbox 1665 1335 1784 1370; x_wconf 78' lang='lat' dir='ltr'><strong>quodam</strong></span> 
     </span>
    </p>
   </div>
   <div class='ocr_carea' id='block_1_57' title="bbox 995 1381 1784 1419">
    <p class='ocr_par' dir='ltr' id='par_1_57' title="bbox 995 1381 1784 1419">
     <span class='ocr_line' id='line_1_57' title="bbox 995 1381 1784 1419; baseline -0.005 -8"><span class='ocrx_word' id='word_1_404' title='bbox 995 1387 1119 1419; x_wconf 88' lang='lat' dir='ltr'><strong>tempore</strong></span> <span class='ocrx_word' id='word_1_405' title='bbox 1139 1391 1172 1411; x_wconf 86' lang='lat' dir='ltr'><strong>eo</strong></span> <span class='ocrx_word' id='word_1_406' title='bbox 1197 1384 1284 1418; x_wconf 80' lang='lat' dir='ltr'><strong>ipsam</strong></span> <span class='ocrx_word' id='word_1_407' title='bbox 1310 1389 1340 1410; x_wconf 87' lang='lat' dir='ltr'><strong>se</strong></span> <span class='ocrx_word' id='word_1_408' title='bbox 1364 1382 1514 1409; x_wconf 80' lang='lat' dir='ltr'><strong>contulisse</strong></span> <span class='ocrx_word' id='word_1_409' title='bbox 1536 1381 1784 1408; x_wconf 87' lang='lat' dir='ltr'><strong>animadvertentes</strong></span> 
     </span>
    </p>
   </div>
   <div class='ocr_carea' id='block_1_58' title="bbox 996 1426 1783 1465">
    <p class='ocr_par' dir='ltr' id='par_1_58' title="bbox 996 1426 1783 1465">
     <span class='ocr_line' id='line_1_58' title="bbox 996 1426 1783 1465; baseline -0.005 -8"><span class='ocrx_word' id='word_1_410' title='bbox 996 1431 1145 1465; x_wconf 85' lang='lat' dir='ltr'><strong>imperator</strong></span> <span class='ocrx_word' id='word_1_411' title='bbox 1158 1434 1186 1457; x_wconf 83' lang='lat' dir='ltr'><strong>et</strong></span> <span class='ocrx_word' id='word_1_412' title='bbox 1209 1429 1323 1461; x_wconf 82' lang='lat' dir='ltr'><strong>Bardas,</strong></span> <span class='ocrx_word' id='word_1_413' title='bbox 1343 1428 1427 1463; x_wconf 88' lang='lat' dir='ltr'><strong>hujus</strong></span> <span class='ocrx_word' id='word_1_414' title='bbox 1443 1427 1606 1460; x_wconf 81' lang='lat' dir='ltr'><strong>avunculus,</strong></span> <span class='ocrx_word' id='word_1_415' title='bbox 1625 1426 1783 1459; x_wconf 89' lang='lat' dir='ltr'><strong>Petronam,</strong></span> 
     </span>
    </p>
   </div>
   <div class='ocr_carea' id='block_1_59' title="bbox 995 1474 1783 1512">
    <p class='ocr_par' dir='ltr' id='par_1_59' title="bbox 995 1474 1783 1512">
     <span class='ocr_line' id='line_1_59' title="bbox 995 1474 1783 1512; baseline -0.005 -8"><span class='ocrx_word' id='word_1_416' title='bbox 995 1484 1076 1512; x_wconf 79' lang='lat' dir='ltr'><strong>quem</strong></span> <span class='ocrx_word' id='word_1_417' title='bbox 1091 1477 1179 1511; x_wconf 88' lang='lat' dir='ltr'><strong>ipsum</strong></span> <span class='ocrx_word' id='word_1_418' title='bbox 1192 1484 1301 1512; x_wconf 88' lang='lat' dir='ltr'><strong>quoque</strong></span> <span class='ocrx_word' id='word_1_419' title='bbox 1315 1476 1425 1503; x_wconf 80' lang='lat' dir='ltr'><strong>fratrem</strong></span> <span class='ocrx_word' id='word_1_420' title='bbox 1442 1475 1527 1503; x_wconf 81' lang='lat' dir='ltr'><strong>fuisse</strong></span> <span class='ocrx_word' id='word_1_421' title='bbox 1540 1474 1691 1502; x_wconf 65' lang='lat' dir='ltr'><strong>Theodorus</strong></span> <span class='ocrx_word' id='word_1_422' title='bbox 1701 1481 1783 1509; x_wconf 87' lang='lat' dir='ltr'><strong>supra</strong></span> 
     </span>
    </p>
   </div>
   <div class='ocr_carea' id='block_1_60' title="bbox 994 1521 1783 1558">
    <p class='ocr_par' dir='ltr' id='par_1_60' title="bbox 994 1521 1783 1558">
     <span class='ocr_line' id='line_1_60' title="bbox 994 1521 1783 1558; baseline -0.003 -8"><span class='ocrx_word' id='word_1_423' title='bbox 994 1523 1177 1554; x_wconf 87' lang='lat' dir='ltr'><strong>ostendimus,</strong></span> <span class='ocrx_word' id='word_1_424' title='bbox 1209 1523 1333 1554; x_wconf 86' lang='lat' dir='ltr'><strong>mittunt,</strong></span> <span class='ocrx_word' id='word_1_425' title='bbox 1365 1522 1412 1558; x_wconf 86' lang='lat' dir='ltr'><strong>qui</strong></span> <span class='ocrx_word' id='word_1_426' title='bbox 1438 1529 1498 1549; x_wconf 86' lang='lat' dir='ltr'><strong>eam</strong></span> <span class='ocrx_word' id='word_1_427' title='bbox 1521 1527 1548 1549; x_wconf 91' lang='lat' dir='ltr'><strong>et</strong></span> <span class='ocrx_word' id='word_1_428' title='bbox 1570 1521 1640 1549; x_wconf 81' lang='lat' dir='ltr'><strong>tilias</strong></span> <span class='ocrx_word' id='word_1_429' title='bbox 1660 1521 1783 1549; x_wconf 87' lang='lat' dir='ltr'><strong>detonsis</strong></span> 
     </span>
    </p>
   </div>
   <div class='ocr_carea' id='block_1_61' title="bbox 154 1565 940 1612">
    <p class='ocr_par' dir='ltr' id='par_1_61' title="bbox 154 1565 940 1612">
     <span class='ocr_line' id='line_1_61' title="bbox 154 1565 940 1612; baseline 0.008 -22"><span class='ocrx_word' id='word_1_430' title='bbox 154 1572 232 1612; x_wconf 67' lang='grc' dir='ltr'><strong>ρρυσι</strong></span> <span class='ocrx_word' id='word_1_431' title='bbox 247 1565 373 1612; x_wconf 19' lang='grc' dir='ltr'><strong>μοναχῇν,</strong></span> <span class='ocrx_word' id='word_1_432' title='bbox 383 1567 431 1594; x_wconf 81' lang='grc' dir='ltr'><strong>σὺν</strong></span> <span class='ocrx_word' id='word_1_433' title='bbox 447 1569 507 1600; x_wconf 83' lang='grc' dir='ltr'><strong>ταῖς</strong></span> <span class='ocrx_word' id='word_1_434' title='bbox 522 1567 685 1603; x_wconf 79' lang='grc' dir='ltr'><strong>θυγατράσι,</strong></span> <span class='ocrx_word' id='word_1_435' title='bbox 702 1568 750 1595; x_wconf 72' lang='grc' dir='ltr'><strong>καὶ</strong></span> <span class='ocrx_word' id='word_1_436' title='bbox 763 1568 857 1600; x_wconf 83' lang='grc' dir='ltr'><strong>ἐντοῖς</strong></span> <span class='ocrx_word' id='word_1_437' title='bbox 870 1568 940 1596; x_wconf 71' lang='grc' dir='ltr'><strong>κατὰ</strong></span> 
     </span>
    </p>
   </div>
   <div class='ocr_carea' id='block_1_62' title="bbox 994 1565 1782 1612">
    <p class='ocr_par' dir='ltr' id='par_1_62' title="bbox 994 1567 1782 1612">
     <span class='ocr_line' id='line_1_62' title="bbox 994 1567 1782 1612; baseline -0.005 -16"><span class='ocrx_word' id='word_1_438' title='bbox 994 1569 1204 1606; x_wconf 75' lang='lat' dir='ltr'><strong>961crinibus</strong></span> <span class='ocrx_word' id='word_1_439' title='bbox 1216 1569 1367 1596; x_wconf 76' lang='lat' dir='ltr'><strong>monachus</strong></span> <span class='ocrx_word' id='word_1_440' title='bbox 1380 1568 1477 1595; x_wconf 80' lang='lat' dir='ltr'><strong>faciat.</strong></span> <span class='ocrx_word' id='word_1_441' title='bbox 1491 1567 1530 1595; x_wconf 83' lang='lat' dir='ltr'><strong>Ita</strong></span> <span class='ocrx_word' id='word_1_442' title='bbox 1540 1567 1591 1594; x_wconf 73' lang='lat' dir='ltr'><strong>illm</strong></span> <span class='ocrx_word' id='word_1_443' title='bbox 1605 1568 1631 1594; x_wconf 95' lang='lat' dir='ltr'><strong>in</strong></span> <span class='ocrx_word' id='word_1_444' title='bbox 1644 1571 1782 1612; x_wconf 76' lang='lat' dir='ltr'><strong>posterum</strong></span> 
     </span>
    </p>
   </div>
   <div class='ocr_carea' id='block_1_63' title="bbox 150 1609 939 1649">
    <p class='ocr_par' dir='ltr' id='par_1_63' title="bbox 150 1609 939 1649">
     <span class='ocr_line' id='line_1_63' title="bbox 150 1609 939 1649; baseline 0.009 -15"><span class='ocrx_word' id='word_1_445' title='bbox 150 1609 185 1635; x_wconf 67' lang='grc' dir='ltr'><strong>τὰ</strong></span> <span class='ocrx_word' id='word_1_446' title='bbox 207 1611 346 1645; x_wconf 83' lang='grc' dir='ltr'><strong>Καριανοῦ</strong></span> <span class='ocrx_word' id='word_1_447' title='bbox 363 1611 526 1648; x_wconf 73' lang='grc' dir='ltr'><strong>ἀνακτόροις</strong></span> <span class='ocrx_word' id='word_1_448' title='bbox 549 1613 618 1645; x_wconf 83' lang='grc' dir='ltr'><strong>τέως</strong></span> <span class='ocrx_word' id='word_1_449' title='bbox 641 1613 854 1649; x_wconf 82' lang='grc' dir='ltr'><strong>περιορίζουσιν,</strong></span> <span class='ocrx_word' id='word_1_450' title='bbox 885 1615 939 1649; x_wconf 82' lang='grc' dir='ltr'><strong>ἀφ-</strong></span> 
     </span>
    </p>
   </div>
   <div class='ocr_carea' id='block_1_64' title="bbox 151 1654 940 1693">
    <p class='ocr_par' dir='ltr' id='par_1_64' title="bbox 151 1654 940 1693">
     <span class='ocr_line' id='line_1_64' title="bbox 151 1654 940 1693; baseline 0.009 -14"><span class='ocrx_word' id='word_1_451' title='bbox 151 1654 276 1690; x_wconf 73' lang='grc' dir='ltr'><strong>ελόμενοι</strong></span> <span class='ocrx_word' id='word_1_452' title='bbox 305 1657 352 1683; x_wconf 75' lang='grc' dir='ltr'><strong>καὶ</strong></span> <span class='ocrx_word' id='word_1_453' title='bbox 371 1657 400 1684; x_wconf 85' lang='grc' dir='ltr'><strong>ὃν</strong></span> <span class='ocrx_word' id='word_1_454' title='bbox 417 1656 490 1693; x_wconf 73' lang='grc' dir='ltr'><strong>εἶχον</strong></span> <span class='ocrx_word' id='word_1_455' title='bbox 507 1659 535 1685; x_wconf 80' lang='grc' dir='ltr'><strong>αι</strong></span> <span class='ocrx_word' id='word_1_456' title='bbox 551 1660 636 1686; x_wconf 83' lang='grc' dir='ltr'><strong>πᾶσαι</strong></span> <span class='ocrx_word' id='word_1_457' title='bbox 651 1659 778 1692; x_wconf 77' lang='grc' dir='ltr'><strong>πλοῦτον,</strong></span> <span class='ocrx_word' id='word_1_458' title='bbox 796 1659 940 1692; x_wconf 75' lang='grc' dir='ltr'><strong>ἰδιωτικῶς</strong></span> 
     </span>
    </p>
   </div>
   <div class='ocr_carea' id='block_1_65' title="bbox 151 1699 940 1741">
    <p class='ocr_par' dir='ltr' id='par_1_65' title="bbox 151 1699 940 1741">
     <span class='ocr_line' id='line_1_65' title="bbox 151 1699 940 1741; baseline 0.009 -15"><span class='ocrx_word' id='word_1_459' title='bbox 151 1699 203 1735; x_wconf 83' lang='grc' dir='ltr'><strong>ζῇν</strong></span> <span class='ocrx_word' id='word_1_460' title='bbox 229 1701 287 1728; x_wconf 84' lang='grc' dir='ltr'><strong>ἀλλ’</strong></span> <span class='ocrx_word' id='word_1_461' title='bbox 313 1703 344 1728; x_wconf 78' lang='grc' dir='ltr'><strong>οὐ</strong></span> <span class='ocrx_word' id='word_1_462' title='bbox 370 1703 518 1738; x_wconf 82' lang='grc' dir='ltr'><strong>βασιλικῶς</strong></span> <span class='ocrx_word' id='word_1_463' title='bbox 548 1705 736 1738; x_wconf 83' lang='grc' dir='ltr'><strong>ἐπιτάξαντες.</strong></span> <span class='ocrx_word' id='word_1_464' title='bbox 761 1706 831 1732; x_wconf 84' lang='grc' dir='ltr'><strong>’Λλλ’</strong></span> <span class='ocrx_word' id='word_1_465' title='bbox 856 1706 940 1741; x_wconf 69' lang='grc' dir='ltr'><strong>ἡμὲν</strong></span> 
     </span>
    </p>
   </div>
   <div class='ocr_carea' id='block_1_66' title="bbox 150 1745 939 1786">
    <p class='ocr_par' dir='ltr' id='par_1_66' title="bbox 150 1745 939 1786">
     <span class='ocr_line' id='line_1_66' title="bbox 150 1745 939 1786; baseline 0.009 -15"><span class='ocrx_word' id='word_1_466' title='bbox 150 1745 278 1782; x_wconf 83' lang='grc' dir='ltr'><strong>Θεοδώρα</strong></span> <span class='ocrx_word' id='word_1_467' title='bbox 294 1748 352 1782; x_wconf 83' lang='grc' dir='ltr'><strong>μετ’</strong></span> <span class='ocrx_word' id='word_1_468' title='bbox 368 1749 399 1774; x_wconf 74' lang='grc' dir='ltr'><strong>οὑ</strong></span> <span class='ocrx_word' id='word_1_469' title='bbox 421 1749 488 1776; x_wconf 74' lang='grc' dir='ltr'><strong>πολὺ</strong></span> <span class='ocrx_word' id='word_1_470' title='bbox 499 1750 553 1777; x_wconf 86' lang='grc' dir='ltr'><strong>τῶν</strong></span> <span class='ocrx_word' id='word_1_471' title='bbox 567 1750 630 1786; x_wconf 82' lang='grc' dir='ltr'><strong>τῇδε</strong></span> <span class='ocrx_word' id='word_1_472' title='bbox 648 1751 827 1786; x_wconf 82' lang='grc' dir='ltr'><strong>μεθίσταται·</strong></span> <span class='ocrx_word' id='word_1_473' title='bbox 842 1748 876 1786; x_wconf 83' lang='grc' dir='ltr'><strong>ἧς</strong></span> <span class='ocrx_word' id='word_1_474' title='bbox 893 1752 939 1778; x_wconf 71' lang='grc' dir='ltr'><strong>τὸν</strong></span> 
     </span>
    </p>
   </div>
   <div class='ocr_carea' id='block_1_67' title="bbox 150 1792 939 1831">
    <p class='ocr_par' dir='ltr' id='par_1_67' title="bbox 150 1792 939 1831">
     <span class='ocr_line' id='line_1_67' title="bbox 150 1792 939 1831; baseline 0.008 -13"><span class='ocrx_word' id='word_1_475' title='bbox 150 1792 248 1827; x_wconf 80' lang='grc' dir='ltr'><strong>νεκρὸν</strong></span> <span class='ocrx_word' id='word_1_476' title='bbox 262 1794 332 1828; x_wconf 81' lang='grc' dir='ltr'><strong>μετὰ</strong></span> <span class='ocrx_word' id='word_1_477' title='bbox 346 1795 434 1823; x_wconf 83' lang='grc' dir='ltr'><strong>ταῦτα</strong></span> <span class='ocrx_word' id='word_1_478' title='bbox 445 1795 608 1831; x_wconf 79' lang='grc' dir='ltr'><strong>βασιλεύσας</strong></span> <span class='ocrx_word' id='word_1_479' title='bbox 618 1797 631 1823; x_wconf 81' lang='grc' dir='ltr'>ὁ</span> <span class='ocrx_word' id='word_1_480' title='bbox 652 1796 803 1830; x_wconf 79' lang='grc' dir='ltr'><strong>Βασίλειος,</strong></span> <span class='ocrx_word' id='word_1_481' title='bbox 820 1798 867 1824; x_wconf 71' lang='grc' dir='ltr'><strong>καὶ</strong></span> <span class='ocrx_word' id='word_1_482' title='bbox 889 1797 939 1829; x_wconf 75' lang='grc' dir='ltr'><strong>τὰς</strong></span> 
     </span>
    </p>
   </div>
   <div class='ocr_carea' id='block_1_68' title="bbox 147 1838 937 1878">
    <p class='ocr_par' dir='ltr' id='par_1_68' title="bbox 147 1838 937 1878">
     <span class='ocr_line' id='line_1_68' title="bbox 147 1838 937 1878; baseline 0.006 -15"><span class='ocrx_word' id='word_1_483' title='bbox 147 1838 236 1874; x_wconf 81' lang='grc' dir='ltr'><strong>αὐτῆς</strong></span> <span class='ocrx_word' id='word_1_484' title='bbox 252 1838 416 1876; x_wconf 76' lang='grc' dir='ltr'><strong>θυγατέρας,</strong></span> <span class='ocrx_word' id='word_1_485' title='bbox 429 1842 497 1877; x_wconf 83' lang='grc' dir='ltr'><strong>πρὸς</strong></span> <span class='ocrx_word' id='word_1_486' title='bbox 506 1842 538 1869; x_wconf 84' lang='grc' dir='ltr'><strong>τὸ</strong></span> <span class='ocrx_word' id='word_1_487' title='bbox 552 1842 602 1878; x_wconf 85' lang='grc' dir='ltr'><strong>τῆς</strong></span> <span class='ocrx_word' id='word_1_488' title='bbox 621 1842 748 1877; x_wconf 81' lang='grc' dir='ltr'><strong>Μάμμης</strong></span> <span class='ocrx_word' id='word_1_489' title='bbox 761 1841 937 1875; x_wconf 73' lang='grc' dir='ltr'><strong>ἐξαπέστειλε</strong></span> 
     </span>
    </p>
   </div>
   <div class='ocr_carea' id='block_1_69' title="bbox 149 1885 936 1924">
    <p class='ocr_par' dir='ltr' id='par_1_69' title="bbox 149 1885 936 1924">
     <span class='ocr_line' id='line_1_69' title="bbox 149 1885 936 1924; baseline 0.005 -13"><span class='ocrx_word' id='word_1_490' title='bbox 149 1885 335 1920; x_wconf 84' lang='grc' dir='ltr'><strong>μοναστήριον</strong></span> <span class='ocrx_word' id='word_1_491' title='bbox 355 1887 553 1922; x_wconf 83' lang='grc' dir='ltr'><strong>ἐνδιαιτᾶσθαι,</strong></span> <span class='ocrx_word' id='word_1_492' title='bbox 575 1889 589 1915; x_wconf 83' lang='grc' dir='ltr'><strong>δ</strong></span> <span class='ocrx_word' id='word_1_493' title='bbox 609 1888 730 1924; x_wconf 87' lang='grc' dir='ltr'><strong>Γάστρια</strong></span> <span class='ocrx_word' id='word_1_494' title='bbox 747 1888 936 1923; x_wconf 76' lang='grc' dir='ltr'><strong>κατονομάζε-</strong></span> 
     </span>
    </p>
   </div>
   <div class='ocr_carea' id='block_1_70' title="bbox 147 1929 937 1971">
    <p class='ocr_par' dir='ltr' id='par_1_70' title="bbox 147 1929 937 1971">
     <span class='ocr_line' id='line_1_70' title="bbox 147 1929 937 1971; baseline 0.005 -14"><span class='ocrx_word' id='word_1_495' title='bbox 147 1940 205 1958; x_wconf 88' lang='grc' dir='ltr'><strong>ται.</strong></span> <span class='ocrx_word' id='word_1_496' title='bbox 233 1929 325 1960; x_wconf 80' lang='grc' dir='ltr'><strong>Ἦσαν</strong></span> <span class='ocrx_word' id='word_1_497' title='bbox 345 1933 374 1959; x_wconf 84' lang='grc' dir='ltr'><strong>δὲ</strong></span> <span class='ocrx_word' id='word_1_498' title='bbox 399 1935 433 1970; x_wconf 79' lang='grc' dir='ltr'><strong>τῇ</strong></span> <span class='ocrx_word' id='word_1_499' title='bbox 459 1934 572 1971; x_wconf 83' lang='grc' dir='ltr'><strong>τοιαύτῃ</strong></span> <span class='ocrx_word' id='word_1_500' title='bbox 596 1935 713 1970; x_wconf 78' lang='grc' dir='ltr'><strong>βασιλίδι</strong></span> <span class='ocrx_word' id='word_1_501' title='bbox 741 1936 857 1971; x_wconf 71' lang='grc' dir='ltr'><strong>ἄρρενες</strong></span> <span class='ocrx_word' id='word_1_502' title='bbox 888 1936 937 1970; x_wconf 82' lang='grc' dir='ltr'><strong>μὲν</strong></span> 
     </span>
    </p>
   </div>
   <div class='ocr_carea' id='block_1_71' title="bbox 146 1976 938 2016">
    <p class='ocr_par' dir='ltr' id='par_1_71' title="bbox 146 1976 938 2016">
     <span class='ocr_line' id='line_1_71' title="bbox 146 1976 938 2016; baseline 0.006 -14"><span class='ocrx_word' id='word_1_503' title='bbox 146 1976 258 2011; x_wconf 69' lang='grc' dir='ltr'><strong>ἀδελφοὶ</strong></span> <span class='ocrx_word' id='word_1_504' title='bbox 277 1977 332 2010; x_wconf 79' lang='grc' dir='ltr'><strong>δύο,</strong></span> <span class='ocrx_word' id='word_1_505' title='bbox 347 1978 361 2004; x_wconf 85' lang='grc' dir='ltr'><strong>ὃ</strong></span> <span class='ocrx_word' id='word_1_506' title='bbox 387 1987 417 2004; x_wconf 86' lang='grc' dir='ltr'><strong>τε</strong></span> <span class='ocrx_word' id='word_1_507' title='bbox 435 1980 648 2016; x_wconf 69' lang='grc' dir='ltr'><strong>μηχανορρἁος</strong></span> <span class='ocrx_word' id='word_1_508' title='bbox 672 1977 750 2012; x_wconf 72' lang='grc' dir='ltr'><strong>οὗτος</strong></span> <span class='ocrx_word' id='word_1_509' title='bbox 770 1980 877 2016; x_wconf 84' lang='grc' dir='ltr'><strong>Βάρδας</strong></span> <span class='ocrx_word' id='word_1_510' title='bbox 890 1981 938 2007; x_wconf 77' lang='grc' dir='ltr'><strong>καὶ</strong></span> 
     </span>
    </p>
   </div>
   <div class='ocr_carea' id='block_1_72' title="bbox 144 2022 937 2062">
    <p class='ocr_par' dir='ltr' id='par_1_72' title="bbox 144 2022 937 2062">
     <span class='ocr_line' id='line_1_72' title="bbox 144 2022 937 2062; baseline 0.008 -14"><span class='ocrx_word' id='word_1_511' title='bbox 144 2022 159 2048; x_wconf 84' lang='grc' dir='ltr'>ὁ</span> <span class='ocrx_word' id='word_1_512' title='bbox 185 2023 342 2058; x_wconf 82' lang='grc' dir='ltr'><strong>Πετρωνᾶς,</strong></span> <span class='ocrx_word' id='word_1_513' title='bbox 356 2024 470 2059; x_wconf 65' lang='grc' dir='ltr'><strong>ἀδελψαὶ</strong></span> <span class='ocrx_word' id='word_1_514' title='bbox 488 2025 516 2052; x_wconf 77' lang='grc' dir='ltr'><strong>δὲ</strong></span> <span class='ocrx_word' id='word_1_515' title='bbox 536 2028 621 2061; x_wconf 80' lang='grc' dir='ltr'><strong>τρεῖς,</strong></span> <span class='ocrx_word' id='word_1_516' title='bbox 640 2027 724 2061; x_wconf 82' lang='grc' dir='ltr'><strong>Σοφία</strong></span> <span class='ocrx_word' id='word_1_517' title='bbox 737 2047 745 2060; x_wconf 90' lang='grc'><strong>,</strong></span> <span class='ocrx_word' id='word_1_518' title='bbox 761 2026 856 2062; x_wconf 88' lang='grc' dir='ltr'><strong>Μαρία</strong></span> <span class='ocrx_word' id='word_1_519' title='bbox 890 2027 937 2054; x_wconf 76' lang='grc' dir='ltr'><strong>καὶ</strong></span> 
     </span>
    </p>
   </div>
   <div class='ocr_carea' id='block_1_73' title="bbox 145 2065 936 2109">
    <p class='ocr_par' dir='ltr' id='par_1_73' title="bbox 145 2065 936 2109">
     <span class='ocr_line' id='line_1_73' title="bbox 145 2065 936 2109; baseline 0.01 -16"><span class='ocrx_word' id='word_1_520' title='bbox 145 2067 260 2104; x_wconf 79' lang='grc' dir='ltr'><strong>Εἰρήνη,</strong></span> <span class='ocrx_word' id='word_1_521' title='bbox 277 2065 314 2096; x_wconf 84' lang='grc' dir='ltr'><strong>ὧν</strong></span> <span class='ocrx_word' id='word_1_522' title='bbox 331 2070 347 2105; x_wconf 83' lang='grc' dir='ltr'>ὴ</span> <span class='ocrx_word' id='word_1_523' title='bbox 369 2070 419 2105; x_wconf 82' lang='grc' dir='ltr'><strong>μὲν</strong></span> <span class='ocrx_word' id='word_1_524' title='bbox 435 2071 519 2106; x_wconf 75' lang='grc' dir='ltr'><strong>Σοφία</strong></span> <span class='ocrx_word' id='word_1_525' title='bbox 541 2073 740 2109; x_wconf 83' lang='grc' dir='ltr'><strong>Κωνσταντίνῳ</strong></span> <span class='ocrx_word' id='word_1_526' title='bbox 757 2074 882 2108; x_wconf 88' lang='grc' dir='ltr'><strong>συνήφθη</strong></span> <span class='ocrx_word' id='word_1_527' title='bbox 897 2075 936 2109; x_wconf 83' lang='grc' dir='ltr'><strong>τῷ</strong></span> 
     </span>
    </p>
   </div>
   <div class='ocr_carea' id='block_1_74' title="bbox 145 2113 936 2155">
    <p class='ocr_par' dir='ltr' id='par_1_74' title="bbox 145 2113 936 2155">
     <span class='ocr_line' id='line_1_74' title="bbox 145 2113 936 2155; baseline 0.01 -17"><span class='ocrx_word' id='word_1_528' title='bbox 145 2113 334 2150; x_wconf 72' lang='grc' dir='ltr'><strong>Βαεουτζίκῳ,</strong></span> <span class='ocrx_word' id='word_1_529' title='bbox 366 2117 406 2148; x_wconf 72' lang='grc' dir='ltr'><strong>εἰς</strong></span> <span class='ocrx_word' id='word_1_530' title='bbox 430 2117 599 2152; x_wconf 81' lang='grc' dir='ltr'><strong>μαγίστρους</strong></span> <span class='ocrx_word' id='word_1_531' title='bbox 624 2119 755 2151; x_wconf 77' lang='grc' dir='ltr'><strong>τελοῦντι,</strong></span> <span class='ocrx_word' id='word_1_532' title='bbox 775 2120 879 2155; x_wconf 74' lang='grc' dir='ltr'><strong>Εἰρήνη</strong></span> <span class='ocrx_word' id='word_1_533' title='bbox 908 2120 936 2146; x_wconf 82' lang='grc' dir='ltr'><strong>δὲ</strong></span> 
     </span>
    </p>
   </div>
   <div class='ocr_carea' id='block_1_75' title="bbox 147 2159 935 2200">
    <p class='ocr_par' dir='ltr' id='par_1_75' title="bbox 147 2159 935 2200">
     <span class='ocr_line' id='line_1_75' title="bbox 147 2159 935 2200; baseline 0.01 -15"><span class='ocrx_word' id='word_1_534' title='bbox 147 2159 255 2195; x_wconf 84' lang='grc' dir='ltr'><strong>Σεργίῳ</strong></span> <span class='ocrx_word' id='word_1_535' title='bbox 273 2162 421 2197; x_wconf 84' lang='grc' dir='ltr'><strong>πατρικίῳ,</strong></span> <span class='ocrx_word' id='word_1_536' title='bbox 441 2163 549 2199; x_wconf 81' lang='grc' dir='ltr'><strong>ἁδελφῷ</strong></span> <span class='ocrx_word' id='word_1_537' title='bbox 576 2165 740 2200; x_wconf 77' lang='grc' dir='ltr'><strong>τυγχάνοντι.</strong></span> <span class='ocrx_word' id='word_1_538' title='bbox 761 2166 865 2193; x_wconf 81' lang='grc' dir='ltr'><strong>Φωτίου</strong></span> <span class='ocrx_word' id='word_1_539' title='bbox 888 2166 935 2193; x_wconf 74' lang='grc' dir='ltr'><strong>τοῦ</strong></span> 
     </span>
    </p>
   </div>
   <div class='ocr_carea' id='block_1_76' title="bbox 146 2206 936 2246">
    <p class='ocr_par' dir='ltr' id='par_1_76' title="bbox 146 2206 936 2246">
     <span class='ocr_line' id='line_1_76' title="bbox 146 2206 936 2246; baseline 0.01 -16"><span class='ocrx_word' id='word_1_540' title='bbox 146 2206 216 2240; x_wconf 77' lang='grc' dir='ltr'><strong>μετὰ</strong></span> <span class='ocrx_word' id='word_1_541' title='bbox 243 2206 331 2232; x_wconf 83' lang='grc' dir='ltr'><strong>ταῦτα</strong></span> <span class='ocrx_word' id='word_1_542' title='bbox 349 2209 533 2244; x_wconf 80' lang='grc' dir='ltr'><strong>πατριάρχου,</strong></span> <span class='ocrx_word' id='word_1_543' title='bbox 557 2211 605 2238; x_wconf 80' lang='grc' dir='ltr'><strong>καὶ</strong></span> <span class='ocrx_word' id='word_1_544' title='bbox 627 2211 644 2246; x_wconf 82' lang='grc' dir='ltr'><strong>ἡ</strong></span> <span class='ocrx_word' id='word_1_545' title='bbox 673 2211 769 2245; x_wconf 79' lang='grc' dir='ltr'><strong>Μαρία</strong></span> <span class='ocrx_word' id='word_1_546' title='bbox 794 2211 936 2246; x_wconf 67' lang='grc' dir='ltr'><strong>Ἀρσαϐἡρ</strong></span> 
     </span>
    </p>
   </div>
   <div class='ocr_carea' id='block_1_77' title="bbox 145 2251 930 2291">
    <p class='ocr_par' dir='ltr' id='par_1_77' title="bbox 145 2251 930 2291">
     <span class='ocr_line' id='line_1_77' title="bbox 145 2251 930 2291; baseline 0.008 -14"><span class='ocrx_word' id='word_1_547' title='bbox 145 2251 299 2287; x_wconf 83' lang='grc' dir='ltr'><strong>μαγίστρῳ,</strong></span> <span class='ocrx_word' id='word_1_548' title='bbox 318 2251 395 2288; x_wconf 79' lang='grc' dir='ltr'><strong>ἀνδρὶ</strong></span> <span class='ocrx_word' id='word_1_549' title='bbox 419 2254 534 2290; x_wconf 79' lang='grc' dir='ltr'><strong>γενναίῳ</strong></span> <span class='ocrx_word' id='word_1_550' title='bbox 557 2255 603 2282; x_wconf 76' lang='grc' dir='ltr'><strong>καὶ</strong></span> <span class='ocrx_word' id='word_1_551' title='bbox 619 2256 647 2281; x_wconf 82' lang='grc' dir='ltr'><strong>ὲν</strong></span> <span class='ocrx_word' id='word_1_552' title='bbox 671 2257 727 2287; x_wconf 77' lang='grc' dir='ltr'><strong>τοῖς</strong></span> <span class='ocrx_word' id='word_1_553' title='bbox 749 2255 809 2283; x_wconf 82' lang='grc' dir='ltr'><strong>τότε</strong></span> <span class='ocrx_word' id='word_1_554' title='bbox 825 2258 930 2291; x_wconf 74' lang='grc' dir='ltr'><strong>καιροῖς</strong></span> 
     </span>
    </p>
   </div>
   <div class='ocr_carea' id='block_1_78' title="bbox 993 1613 1783 1650">
    <p class='ocr_par' dir='ltr' id='par_1_78' title="bbox 993 1613 1783 1650">
     <span class='ocr_line' id='line_1_78' title="bbox 993 1613 1783 1650; baseline -0.003 -8"><span class='ocrx_word' id='word_1_555' title='bbox 993 1616 1020 1642; x_wconf 87' lang='lat' dir='ltr'><strong>in</strong></span> <span class='ocrx_word' id='word_1_556' title='bbox 1047 1615 1158 1643; x_wconf 84' lang='lat' dir='ltr'><strong>Cariani</strong></span> <span class='ocrx_word' id='word_1_557' title='bbox 1183 1615 1314 1650; x_wconf 85' lang='lat' dir='ltr'><strong>palatium</strong></span> <span class='ocrx_word' id='word_1_558' title='bbox 1339 1614 1475 1650; x_wconf 80' lang='lat' dir='ltr'><strong>relegatzc,</strong></span> <span class='ocrx_word' id='word_1_559' title='bbox 1506 1613 1689 1648; x_wconf 82' lang='lat' dir='ltr'><strong>omnibusque</strong></span> <span class='ocrx_word' id='word_1_560' title='bbox 1714 1621 1783 1648; x_wconf 79' lang='lat' dir='ltr'><strong>quas</strong></span> 
     </span>
    </p>
   </div>
   <div class='ocr_carea' id='block_1_79' title="bbox 993 1659 1776 1696">
    <p class='ocr_par' dir='ltr' id='par_1_79' title="bbox 993 1659 1776 1696">
     <span class='ocr_line' id='line_1_79' title="bbox 993 1659 1776 1696; baseline -0.004 -8"><span class='ocrx_word' id='word_1_561' title='bbox 993 1660 1167 1696; x_wconf 80' lang='lat' dir='ltr'><strong>possidebant</strong></span> <span class='ocrx_word' id='word_1_562' title='bbox 1179 1660 1277 1696; x_wconf 83' lang='lat' dir='ltr'><strong>opibus</strong></span> <span class='ocrx_word' id='word_1_563' title='bbox 1293 1661 1426 1695; x_wconf 62' lang='lat' dir='ltr'><strong>spoliata),</strong></span> <span class='ocrx_word' id='word_1_564' title='bbox 1445 1667 1499 1687; x_wconf 91' lang='lat' dir='ltr'><strong>non</strong></span> <span class='ocrx_word' id='word_1_565' title='bbox 1520 1660 1607 1695; x_wconf 80' lang='lat' dir='ltr'><strong>regio,</strong></span> <span class='ocrx_word' id='word_1_566' title='bbox 1622 1659 1669 1687; x_wconf 87' lang='lat' dir='ltr'><strong>sed</strong></span> <span class='ocrx_word' id='word_1_567' title='bbox 1691 1659 1776 1694; x_wconf 81' lang='lat' dir='ltr'><strong>priva-</strong></span> 
     </span>
    </p>
   </div>
   <div class='ocr_carea' id='block_1_80' title="bbox 993 1705 1782 1742">
    <p class='ocr_par' dir='ltr' id='par_1_80' title="bbox 993 1705 1782 1742">
     <span class='ocr_line' id='line_1_80' title="bbox 993 1705 1782 1742; baseline -0.003 -8"><span class='ocrx_word' id='word_1_568' title='bbox 993 1711 1082 1735; x_wconf 91' lang='lat' dir='ltr'><strong>torum</strong></span> <span class='ocrx_word' id='word_1_569' title='bbox 1110 1708 1173 1734; x_wconf 65' lang='lat' dir='ltr'><strong>vita:</strong></span> <span class='ocrx_word' id='word_1_570' title='bbox 1196 1713 1297 1742; x_wconf 80' lang='lat' dir='ltr'><strong>genere</strong></span> <span class='ocrx_word' id='word_1_571' title='bbox 1323 1714 1380 1734; x_wconf 74' lang='lat' dir='ltr'><strong>usa:</strong></span> <span class='ocrx_word' id='word_1_572' title='bbox 1401 1710 1475 1733; x_wconf 91' lang='lat' dir='ltr'><strong>sunt.</strong></span> <span class='ocrx_word' id='word_1_573' title='bbox 1499 1705 1594 1741; x_wconf 77' lang='lat' dir='ltr'><strong>Neque</strong></span> <span class='ocrx_word' id='word_1_574' title='bbox 1615 1706 1701 1732; x_wconf 84' lang='lat' dir='ltr'><strong>multo</strong></span> <span class='ocrx_word' id='word_1_575' title='bbox 1722 1712 1782 1740; x_wconf 83' lang='lat' dir='ltr'><strong>post</strong></span> 
     </span>
    </p>
   </div>
   <div class='ocr_carea' id='block_1_81' title="bbox 992 1750 1782 1786">
    <p class='ocr_par' dir='ltr' id='par_1_81' title="bbox 992 1750 1782 1786">
     <span class='ocr_line' id='line_1_81' title="bbox 992 1750 1782 1786; baseline -0.003 -8"><span class='ocrx_word' id='word_1_576' title='bbox 992 1751 1137 1780; x_wconf 87' lang='lat' dir='ltr'><strong>Thcodora</strong></span> <span class='ocrx_word' id='word_1_577' title='bbox 1161 1759 1176 1780; x_wconf 90' lang='lat' dir='ltr'><strong>e</strong></span> <span class='ocrx_word' id='word_1_578' title='bbox 1199 1751 1270 1780; x_wconf 81' lang='lat' dir='ltr'><strong>vivis</strong></span> <span class='ocrx_word' id='word_1_579' title='bbox 1288 1751 1428 1779; x_wconf 88' lang='lat' dir='ltr'><strong>discessit.</strong></span> <span class='ocrx_word' id='word_1_580' title='bbox 1444 1750 1510 1786; x_wconf 75' lang='lat' dir='ltr'><strong>Ejus</strong></span> <span class='ocrx_word' id='word_1_581' title='bbox 1531 1751 1649 1778; x_wconf 83' lang='lat' dir='ltr'><strong>cadaver</strong></span> <span class='ocrx_word' id='word_1_582' title='bbox 1663 1750 1782 1777; x_wconf 76' lang='lat' dir='ltr'><strong>Basilius</strong></span> 
     </span>
    </p>
   </div>
   <div class='ocr_carea' id='block_1_82' title="bbox 992 1796 1779 1833">
    <p class='ocr_par' dir='ltr' id='par_1_82' title="bbox 992 1796 1779 1833">
     <span class='ocr_line' id='line_1_82' title="bbox 992 1796 1779 1833; baseline -0.004 -8"><span class='ocrx_word' id='word_1_583' title='bbox 992 1798 1142 1833; x_wconf 87' lang='lat' dir='ltr'><strong>imperator</strong></span> <span class='ocrx_word' id='word_1_584' title='bbox 1153 1801 1181 1825; x_wconf 88' lang='lat' dir='ltr'><strong>et</strong></span> <span class='ocrx_word' id='word_1_585' title='bbox 1193 1797 1265 1825; x_wconf 84' lang='lat' dir='ltr'><strong>ﬁlias</strong></span> <span class='ocrx_word' id='word_1_586' title='bbox 1281 1797 1341 1832; x_wconf 84' lang='lat' dir='ltr'><strong>ejus</strong></span> <span class='ocrx_word' id='word_1_587' title='bbox 1353 1797 1380 1824; x_wconf 93' lang='lat' dir='ltr'><strong>in</strong></span> <span class='ocrx_word' id='word_1_588' title='bbox 1391 1797 1459 1824; x_wconf 73' lang='lat' dir='ltr'><strong>avia:</strong></span> <span class='ocrx_word' id='word_1_589' title='bbox 1474 1796 1671 1824; x_wconf 84' lang='lat' dir='ltr'><strong>monasterium</strong></span> <span class='ocrx_word' id='word_1_590' title='bbox 1689 1800 1779 1823; x_wconf 80' lang='lat' dir='ltr'><strong>trans</strong></span> 
     </span>
    </p>
   </div>
   <div class='ocr_carea' id='block_1_83' title="bbox 991 1841 1778 1878">
    <p class='ocr_par' dir='ltr' id='par_1_83' title="bbox 991 1841 1778 1878">
     <span class='ocr_line' id='line_1_83' title="bbox 991 1841 1778 1878; baseline -0.001 -10"><span class='ocrx_word' id='word_1_591' title='bbox 991 1843 1064 1875; x_wconf 91' lang='lat' dir='ltr'><strong>tulit,</strong></span> <span class='ocrx_word' id='word_1_592' title='bbox 1076 1843 1150 1878; x_wconf 89' lang='lat' dir='ltr'><strong>qttod</strong></span> <span class='ocrx_word' id='word_1_593' title='bbox 1179 1842 1288 1870; x_wconf 82' lang='lat' dir='ltr'><strong>Gastria</strong></span> <span class='ocrx_word' id='word_1_594' title='bbox 1307 1842 1509 1869; x_wconf 84' lang='lat' dir='ltr'><strong>nominabatur.</strong></span> <span class='ocrx_word' id='word_1_595' title='bbox 1523 1841 1624 1869; x_wconf 78' lang='lat' dir='ltr'><strong>Habuit</strong></span> <span class='ocrx_word' id='word_1_596' title='bbox 1638 1841 1778 1868; x_wconf 74' lang='lat' dir='ltr'><strong>Theodoro</strong></span> 
     </span>
    </p>
   </div>
   <div class='ocr_carea' id='block_1_84' title="bbox 991 1886 1781 1921">
    <p class='ocr_par' dir='ltr' id='par_1_84' title="bbox 991 1886 1781 1921">
     <span class='ocr_line' id='line_1_84' title="bbox 991 1886 1781 1921; baseline -0.001 -7"><span class='ocrx_word' id='word_1_597' title='bbox 991 1887 1091 1916; x_wconf 80' lang='lat' dir='ltr'><strong>fratres</strong></span> <span class='ocrx_word' id='word_1_598' title='bbox 1102 1888 1184 1921; x_wconf 87' lang='lat' dir='ltr'><strong>duos,</strong></span> <span class='ocrx_word' id='word_1_599' title='bbox 1208 1888 1374 1916; x_wconf 87' lang='lat' dir='ltr'><strong>insidiosum</strong></span> <span class='ocrx_word' id='word_1_600' title='bbox 1390 1888 1464 1914; x_wconf 89' lang='lat' dir='ltr'><strong>hunc</strong></span> <span class='ocrx_word' id='word_1_601' title='bbox 1477 1887 1591 1914; x_wconf 85' lang='lat' dir='ltr'><strong>Bardam</strong></span> <span class='ocrx_word' id='word_1_602' title='bbox 1607 1886 1737 1914; x_wconf 73' lang='lat' dir='ltr'><strong>nimirum</strong></span> <span class='ocrx_word' id='word_1_603' title='bbox 1754 1892 1781 1914; x_wconf 83' lang='lat' dir='ltr'><strong>ct</strong></span> 
     </span>
    </p>
   </div>
   <div class='ocr_carea' id='block_1_85' title="bbox 991 1933 1774 1969">
    <p class='ocr_par' dir='ltr' id='par_1_85' title="bbox 991 1933 1774 1969">
     <span class='ocr_line' id='line_1_85' title="bbox 991 1933 1774 1969; baseline -0.003 -7"><span class='ocrx_word' id='word_1_604' title='bbox 991 1934 1149 1967; x_wconf 80' lang='lat' dir='ltr'><strong>Petronam,</strong></span> <span class='ocrx_word' id='word_1_605' title='bbox 1169 1941 1280 1962; x_wconf 81' lang='lat' dir='ltr'><strong>sorores</strong></span> <span class='ocrx_word' id='word_1_606' title='bbox 1295 1938 1362 1966; x_wconf 85' lang='lat' dir='ltr'><strong>tres,</strong></span> <span class='ocrx_word' id='word_1_607' title='bbox 1387 1933 1530 1969; x_wconf 85' lang='lat' dir='ltr'><strong>Sophiam,</strong></span> <span class='ocrx_word' id='word_1_608' title='bbox 1554 1933 1667 1960; x_wconf 82' lang='lat' dir='ltr'><strong>Mariam</strong></span> <span class='ocrx_word' id='word_1_609' title='bbox 1683 1938 1710 1960; x_wconf 91' lang='lat' dir='ltr'><strong>et</strong></span> <span class='ocrx_word' id='word_1_610' title='bbox 1724 1933 1774 1960; x_wconf 83' lang='lat' dir='ltr'><strong>lre~</strong></span> 
     </span>
    </p>
   </div>
   <div class='ocr_carea' id='block_1_86' title="bbox 990 1978 1778 2016">
    <p class='ocr_par' dir='ltr' id='par_1_86' title="bbox 990 1978 1778 2016">
     <span class='ocr_line' id='line_1_86' title="bbox 990 1978 1778 2016; baseline -0.004 -7"><span class='ocrx_word' id='word_1_611' title='bbox 990 1989 1069 2009; x_wconf 82' lang='lat' dir='ltr'><strong>nem.</strong></span> <span class='ocrx_word' id='word_1_612' title='bbox 1086 1980 1125 2008; x_wconf 86' lang='lat' dir='ltr'><strong>Ex</strong></span> <span class='ocrx_word' id='word_1_613' title='bbox 1144 1981 1188 2008; x_wconf 85' lang='lat' dir='ltr'><strong>his</strong></span> <span class='ocrx_word' id='word_1_614' title='bbox 1201 1980 1305 2016; x_wconf 88' lang='lat' dir='ltr'><strong>Sophia</strong></span> <span class='ocrx_word' id='word_1_615' title='bbox 1319 1981 1411 2016; x_wconf 88' lang='lat' dir='ltr'><strong>nupsit</strong></span> <span class='ocrx_word' id='word_1_616' title='bbox 1426 1979 1608 2008; x_wconf 75' lang='lat' dir='ltr'><strong>Constantino</strong></span> <span class='ocrx_word' id='word_1_617' title='bbox 1620 1978 1778 2010; x_wconf 86' lang='lat' dir='ltr'><strong>Babutzico,</strong></span> 
     </span>
    </p>
   </div>
   <div class='ocr_carea' id='block_1_87' title="bbox 989 2025 1779 2062">
    <p class='ocr_par' dir='ltr' id='par_1_87' title="bbox 989 2025 1779 2062">
     <span class='ocr_line' id='line_1_87' title="bbox 989 2025 1779 2062; baseline -0.003 -8"><span class='ocrx_word' id='word_1_618' title='bbox 989 2027 1036 2062; x_wconf 90' lang='lat' dir='ltr'><strong>qui</strong></span> <span class='ocrx_word' id='word_1_619' title='bbox 1062 2026 1185 2062; x_wconf 77' lang='lat' dir='ltr'><strong>magistri</strong></span> <span class='ocrx_word' id='word_1_620' title='bbox 1212 2026 1345 2054; x_wconf 86' lang='lat' dir='ltr'><strong>honorent</strong></span> <span class='ocrx_word' id='word_1_621' title='bbox 1373 2026 1490 2061; x_wconf 80' lang='lat' dir='ltr'><strong>adeptus</strong></span> <span class='ocrx_word' id='word_1_622' title='bbox 1514 2030 1581 2059; x_wconf 85' lang='lat' dir='ltr'><strong>est;</strong></span> <span class='ocrx_word' id='word_1_623' title='bbox 1601 2025 1679 2053; x_wconf 83' lang='lat' dir='ltr'><strong>lrena</strong></span> <span class='ocrx_word' id='word_1_624' title='bbox 1708 2032 1779 2052; x_wconf 79' lang='lat' dir='ltr'><strong>uxor</strong></span> 
     </span>
    </p>
   </div>
   <div class='ocr_carea' id='block_1_88' title="bbox 990 2071 1779 2108">
    <p class='ocr_par' dir='ltr' id='par_1_88' title="bbox 990 2071 1779 2108">
     <span class='ocr_line' id='line_1_88' title="bbox 990 2071 1779 2108; baseline -0.004 -8"><span class='ocrx_word' id='word_1_625' title='bbox 990 2073 1077 2108; x_wconf 73' lang='lat' dir='ltr'><strong>Sergii</strong></span> <span class='ocrx_word' id='word_1_626' title='bbox 1097 2073 1204 2108; x_wconf 88' lang='lat' dir='ltr'><strong>patricii</strong></span> <span class='ocrx_word' id='word_1_627' title='bbox 1222 2072 1283 2107; x_wconf 78' lang='lat' dir='ltr'><strong>fuit,</strong></span> <span class='ocrx_word' id='word_1_628' title='bbox 1304 2073 1394 2101; x_wconf 76' lang='lat' dir='ltr'><strong>fratris</strong></span> <span class='ocrx_word' id='word_1_629' title='bbox 1406 2072 1496 2100; x_wconf 83' lang='lat' dir='ltr'><strong>Photii</strong></span> <span class='ocrx_word' id='word_1_630' title='bbox 1508 2073 1566 2108; x_wconf 88' lang='lat' dir='ltr'><strong>ejus</strong></span> <span class='ocrx_word' id='word_1_631' title='bbox 1579 2073 1623 2108; x_wconf 87' lang='lat' dir='ltr'><strong>qui</strong></span> <span class='ocrx_word' id='word_1_632' title='bbox 1635 2071 1779 2108; x_wconf 80' lang='lat' dir='ltr'><strong>postmodo</strong></span> 
     </span>
    </p>
   </div>
   <div class='ocr_carea' id='block_1_89' title="bbox 989 2119 1778 2155">
    <p class='ocr_par' dir='ltr' id='par_1_89' title="bbox 989 2119 1778 2155">
     <span class='ocr_line' id='line_1_89' title="bbox 989 2119 1778 2155; baseline -0.001 -9"><span class='ocrx_word' id='word_1_633' title='bbox 989 2119 1145 2155; x_wconf 85' lang='lat' dir='ltr'><strong>patriarcha</strong></span> <span class='ocrx_word' id='word_1_634' title='bbox 1162 2124 1203 2147; x_wconf 88' lang='lat' dir='ltr'><strong>est</strong></span> <span class='ocrx_word' id='word_1_635' title='bbox 1219 2119 1326 2153; x_wconf 81' lang='lat' dir='ltr'><strong>factus;</strong></span> <span class='ocrx_word' id='word_1_636' title='bbox 1347 2119 1457 2147; x_wconf 84' lang='lat' dir='ltr'><strong>Mariam</strong></span> <span class='ocrx_word' id='word_1_637' title='bbox 1470 2120 1549 2148; x_wconf 78' lang='lat' dir='ltr'><strong>duxit</strong></span> <span class='ocrx_word' id='word_1_638' title='bbox 1562 2119 1679 2147; x_wconf 84' lang='lat' dir='ltr'><strong>Arsaber</strong></span> <span class='ocrx_word' id='word_1_639' title='bbox 1693 2119 1778 2154; x_wconf 81' lang='lat' dir='ltr'><strong>magi-</strong></span> 
     </span>
    </p>
   </div>
   <div class='ocr_carea' id='block_1_90' title="bbox 991 2164 1776 2201">
    <p class='ocr_par' dir='ltr' id='par_1_90' title="bbox 991 2164 1776 2201">
     <span class='ocr_line' id='line_1_90' title="bbox 991 2164 1776 2201; baseline 0 -9"><span class='ocrx_word' id='word_1_640' title='bbox 991 2169 1058 2197; x_wconf 88' lang='lat' dir='ltr'><strong>ster,</strong></span> <span class='ocrx_word' id='word_1_641' title='bbox 1074 2165 1116 2192; x_wconf 90' lang='lat' dir='ltr'><strong>vir</strong></span> <span class='ocrx_word' id='word_1_642' title='bbox 1130 2165 1278 2200; x_wconf 75' lang='lat' dir='ltr'><strong>praeclarus</strong></span> <span class='ocrx_word' id='word_1_643' title='bbox 1292 2173 1377 2201; x_wconf 87' lang='lat' dir='ltr'><strong>eoque</strong></span> <span class='ocrx_word' id='word_1_644' title='bbox 1393 2170 1514 2201; x_wconf 82' lang='lat' dir='ltr'><strong>tempore</strong></span> <span class='ocrx_word' id='word_1_645' title='bbox 1531 2165 1657 2193; x_wconf 88' lang='lat' dir='ltr'><strong>illustris.</strong></span> <span class='ocrx_word' id='word_1_646' title='bbox 1674 2164 1776 2193; x_wconf 84' lang='lat' dir='ltr'><strong>Omnes</strong></span> 
     </span>
    </p>
   </div>
   <div class='ocr_carea' id='block_1_91' title="bbox 988 2211 1777 2247">
    <p class='ocr_par' dir='ltr' id='par_1_91' title="bbox 988 2211 1777 2247">
     <span class='ocr_line' id='line_1_91' title="bbox 988 2211 1777 2247; baseline 0 -9"><span class='ocrx_word' id='word_1_647' title='bbox 988 2211 1063 2238; x_wconf 81' lang='lat' dir='ltr'><strong>fuere</strong></span> <span class='ocrx_word' id='word_1_648' title='bbox 1082 2211 1298 2247; x_wconf 67' lang='lat' dir='ltr'><strong>formajeleganti</strong></span> <span class='ocrx_word' id='word_1_649' title='bbox 1319 2217 1344 2240; x_wconf 86' lang='lat' dir='ltr'><strong>et</strong></span> <span class='ocrx_word' id='word_1_650' title='bbox 1363 2220 1469 2241; x_wconf 86' lang='lat' dir='ltr'><strong>summa</strong></span> <span class='ocrx_word' id='word_1_651' title='bbox 1488 2213 1588 2241; x_wconf 86' lang='lat' dir='ltr'><strong>virtute</strong></span> <span class='ocrx_word' id='word_1_652' title='bbox 1602 2212 1729 2247; x_wconf 58' lang='lat' dir='ltr'><strong>praedita}.</strong></span> <span class='ocrx_word' id='word_1_653' title='bbox 1744 2211 1777 2238; x_wconf 83' lang='lat' dir='ltr'><strong>Et</strong></span> 
     </span>
    </p>
   </div>
   <div class='ocr_carea' id='block_1_92' title="bbox 987 2255 1774 2294">
    <p class='ocr_par' dir='ltr' id='par_1_92' title="bbox 987 2255 1774 2294">
     <span class='ocr_line' id='line_1_92' title="bbox 987 2255 1774 2294; baseline 0.004 -12"><span class='ocrx_word' id='word_1_654' title='bbox 987 2255 1058 2282; x_wconf 79' lang='lat' dir='ltr'><strong>hanc</strong></span> <span class='ocrx_word' id='word_1_655' title='bbox 1071 2256 1182 2290; x_wconf 88' lang='lat' dir='ltr'><strong>quidem</strong></span> <span class='ocrx_word' id='word_1_656' title='bbox 1195 2257 1314 2284; x_wconf 84' lang='lat' dir='ltr'><strong>moriens</strong></span> <span class='ocrx_word' id='word_1_657' title='bbox 1326 2257 1468 2285; x_wconf 86' lang='lat' dir='ltr'><strong>Thcodora</strong></span> <span class='ocrx_word' id='word_1_658' title='bbox 1483 2258 1641 2294; x_wconf 77' lang='lat' dir='ltr'><strong>progeniem</strong></span> <span class='ocrx_word' id='word_1_659' title='bbox 1656 2257 1774 2292; x_wconf 88' lang='lat' dir='ltr'><strong>reliquit.</strong></span> 
     </span>
    </p>
   </div>
   <div class='ocr_carea' id='block_1_93' title="bbox 142 2297 1776 2338">
    <p class='ocr_par' dir='ltr' id='par_1_93' title="bbox 142 2297 1776 2338">
     <span class='ocr_line' id='line_1_93' title="bbox 142 2297 1776 2338; baseline 0.002 -14"><span class='ocrx_word' id='word_1_660' title='bbox 142 2297 329 2334; x_wconf 60' lang='grc' dir='ltr'><strong>διαπρέποντι,</strong></span> <span class='ocrx_word' id='word_1_661' title='bbox 350 2301 378 2326; x_wconf 78' lang='grc' dir='ltr'><strong>αἱ</strong></span> <span class='ocrx_word' id='word_1_662' title='bbox 397 2301 482 2326; x_wconf 65' lang='grc' dir='ltr'><strong>πᾶσαι</strong></span> <span class='ocrx_word' id='word_1_663' title='bbox 495 2301 577 2328; x_wconf 75' lang='grc' dir='ltr'><strong>καλαὶ</strong></span> <span class='ocrx_word' id='word_1_664' title='bbox 595 2302 641 2327; x_wconf 63' lang='grc' dir='ltr'><strong>καὶ</strong></span> <span class='ocrx_word' id='word_1_665' title='bbox 658 2301 759 2336; x_wconf 80' lang='grc' dir='ltr'><strong>ἁγαθαὶ</strong></span> <span class='ocrx_word' id='word_1_666' title='bbox 791 2302 839 2333; x_wconf 72' lang='grc' dir='ltr'><strong>τὰς</strong></span> <span class='ocrx_word' id='word_1_667' title='bbox 859 2301 932 2335; x_wconf 69' lang='grc' dir='ltr'><strong>ὄψεις</strong></span> <span class='ocrx_word' id='word_1_668' title='bbox 952 2301 999 2328; x_wconf 76' lang='grc' dir='ltr'><strong>καὶ</strong></span> <span class='ocrx_word' id='word_1_669' title='bbox 1024 2300 1126 2336; x_wconf 83' lang='grc' dir='ltr'><strong>ἀρετῆς</strong></span> <span class='ocrx_word' id='word_1_670' title='bbox 1152 2301 1281 2329; x_wconf 85' lang='grc' dir='ltr'><strong>ἐλάσασαι</strong></span> <span class='ocrx_word' id='word_1_671' title='bbox 1316 2302 1383 2337; x_wconf 73' lang='grc' dir='ltr'><strong>πρὸς</strong></span> <span class='ocrx_word' id='word_1_672' title='bbox 1417 2303 1582 2338; x_wconf 78' lang='grc' dir='ltr'><strong>ἀκρώρειαν.</strong></span> <span class='ocrx_word' id='word_1_673' title='bbox 1607 2302 1662 2329; x_wconf 73' lang='grc' dir='ltr'><strong>Καὶ</strong></span> <span class='ocrx_word' id='word_1_674' title='bbox 1688 2304 1705 2338; x_wconf 81' lang='grc' dir='ltr'><strong>ἡ</strong></span> <span class='ocrx_word' id='word_1_675' title='bbox 1727 2304 1776 2337; x_wconf 68' lang='grc' dir='ltr'><strong>μέν</strong></span> 
     </span>
    </p>
   </div>
   <div class='ocr_carea' id='block_1_94' title="bbox 141 2345 896 2384">
    <p class='ocr_par' dir='ltr' id='par_1_94' title="bbox 141 2345 896 2384">
     <span class='ocr_line' id='line_1_94' title="bbox 141 2345 896 2384; baseline 0.008 -14"><span class='ocrx_word' id='word_1_676' title='bbox 141 2345 265 2380; x_wconf 59' lang='lat' dir='ltr'><strong>Har/7:591</strong></span> <span class='ocrx_word' id='word_1_677' title='bbox 281 2345 398 2373; x_wconf 76' lang='lat' dir='ltr'><strong>01v035a.</strong></span> <span class='ocrx_word' id='word_1_678' title='bbox 411 2348 540 2383; x_wconf 71' lang='grc' dir='ltr'><strong>τοιαὺτην</strong></span> <span class='ocrx_word' id='word_1_679' title='bbox 550 2347 712 2375; x_wconf 78' lang='grc' dir='ltr'><strong>ἀπολέλοιπε</strong></span> <span class='ocrx_word' id='word_1_680' title='bbox 727 2349 778 2384; x_wconf 83' lang='grc' dir='ltr'><strong>τὴν</strong></span> <span class='ocrx_word' id='word_1_681' title='bbox 790 2349 896 2383; x_wconf 80' lang='grc' dir='ltr'><strong>γενεάν.</strong></span> 
     </span>
    </p>
   </div>
   <div class='ocr_carea' id='block_1_95' title="bbox 184 2390 940 2430">
    <p class='ocr_par' dir='ltr' id='par_1_95' title="bbox 184 2390 929 2430">
     <span class='ocr_line' id='line_1_95' title="bbox 184 2390 929 2430; baseline 0.007 -14"><span class='ocrx_word' id='word_1_682' title='bbox 184 2390 216 2416; x_wconf 79' lang='grc' dir='ltr'><strong>Ὶι</strong></span> <span class='ocrx_word' id='word_1_683' title='bbox 230 2392 307 2418; x_wconf 74' lang='grc' dir='ltr'><strong>πᾶσα</strong></span> <span class='ocrx_word' id='word_1_684' title='bbox 323 2392 351 2418; x_wconf 79' lang='grc' dir='ltr'><strong>δὲ</strong></span> <span class='ocrx_word' id='word_1_685' title='bbox 363 2393 417 2419; x_wconf 80' lang='grc' dir='ltr'><strong>τῶν</strong></span> <span class='ocrx_word' id='word_1_686' title='bbox 434 2393 531 2420; x_wconf 78' lang='grc' dir='ltr'><strong>κοινῶν</strong></span> <span class='ocrx_word' id='word_1_687' title='bbox 553 2395 724 2429; x_wconf 80' lang='grc' dir='ltr'><strong>πραγμάτων</strong></span> <span class='ocrx_word' id='word_1_688' title='bbox 737 2395 872 2430; x_wconf 77' lang='grc' dir='ltr'><strong>διοίκησις</strong></span> <span class='ocrx_word' id='word_1_689' title='bbox 889 2395 929 2426; x_wconf 78' lang='grc' dir='ltr'><strong>είς</strong></span> 
     </span>
    </p>
   </div>
   <div class='ocr_carea' id='block_1_96' title="bbox 994 2390 1773 2430">
    <p class='ocr_par' dir='ltr' id='par_1_96' title="bbox 1018 2394 1773 2430">
     <span class='ocr_line' id='line_1_96' title="bbox 1018 2394 1773 2430; baseline -0.003 -8"><span class='ocrx_word' id='word_1_690' title='bbox 1018 2394 1130 2422; x_wconf 87' lang='lat' dir='ltr'><strong>Sublata</strong></span> <span class='ocrx_word' id='word_1_691' title='bbox 1146 2394 1301 2429; x_wconf 87' lang='lat' dir='ltr'><strong>Theodora,</strong></span> <span class='ocrx_word' id='word_1_692' title='bbox 1323 2395 1358 2424; x_wconf 89' lang='lat' dir='ltr'><strong>iis</strong></span> <span class='ocrx_word' id='word_1_693' title='bbox 1371 2403 1440 2430; x_wconf 86' lang='lat' dir='ltr'><strong>quos</strong></span> <span class='ocrx_word' id='word_1_694' title='bbox 1463 2395 1582 2424; x_wconf 81' lang='lat' dir='ltr'><strong>diximus</strong></span> <span class='ocrx_word' id='word_1_695' title='bbox 1602 2395 1734 2423; x_wconf 81' lang='lat' dir='ltr'><strong>fratribus</strong></span> <span class='ocrx_word' id='word_1_696' title='bbox 1747 2401 1773 2421; x_wconf 83' lang='lat' dir='ltr'><strong>et</strong></span> 
     </span>
    </p>
   </div>
   <div class='ocr_carea' id='block_1_97' title="bbox 144 2436 932 2476">
    <p class='ocr_par' dir='ltr' id='par_1_97' title="bbox 144 2436 932 2476">
     <span class='ocr_line' id='line_1_97' title="bbox 144 2436 932 2476; baseline 0.008 -14"><span class='ocrx_word' id='word_1_697' title='bbox 144 2437 223 2470; x_wconf 65' lang='grc' dir='ltr'><strong>μόνον</strong></span> <span class='ocrx_word' id='word_1_698' title='bbox 245 2436 408 2472; x_wconf 77' lang='grc' dir='ltr'><strong>ἐξεκυλίσθη</strong></span> <span class='ocrx_word' id='word_1_699' title='bbox 421 2439 467 2465; x_wconf 71' lang='grc' dir='ltr'><strong>τὸν</strong></span> <span class='ocrx_word' id='word_1_700' title='bbox 492 2439 608 2474; x_wconf 83' lang='grc' dir='ltr'><strong>Βάρδαν,</strong></span> <span class='ocrx_word' id='word_1_701' title='bbox 623 2439 769 2475; x_wconf 81' lang='grc' dir='ltr'><strong>ἐστέργετό</strong></span> <span class='ocrx_word' id='word_1_702' title='bbox 786 2449 815 2467; x_wconf 87' lang='grc' dir='ltr'><strong>τε</strong></span> <span class='ocrx_word' id='word_1_703' title='bbox 838 2441 932 2476; x_wconf 75' lang='grc' dir='ltr'><strong>διαφε-</strong></span> 
     </span>
    </p>
   </div>
   <div class='ocr_carea' id='block_1_98' title="bbox 143 2482 932 2522">
    <p class='ocr_par' dir='ltr' id='par_1_98' title="bbox 143 2482 932 2522">
     <span class='ocr_line' id='line_1_98' title="bbox 143 2482 932 2522; baseline 0.006 -13"><span class='ocrx_word' id='word_1_704' title='bbox 143 2482 245 2516; x_wconf 60' lang='grc' dir='ltr'><strong>ρόντως</strong></span> <span class='ocrx_word' id='word_1_705' title='bbox 259 2483 335 2519; x_wconf 78' lang='grc' dir='ltr'><strong>παρὰ.</strong></span> <span class='ocrx_word' id='word_1_706' title='bbox 346 2483 392 2510; x_wconf 80' lang='grc' dir='ltr'><strong>τοῦ</strong></span> <span class='ocrx_word' id='word_1_707' title='bbox 409 2484 554 2519; x_wconf 79' lang='grc' dir='ltr'><strong>βασιλέως.</strong></span> <span class='ocrx_word' id='word_1_708' title='bbox 569 2485 665 2513; x_wconf 83' lang='grc' dir='ltr'><strong>Ἔνθεν</strong></span> <span class='ocrx_word' id='word_1_709' title='bbox 685 2487 732 2512; x_wconf 77' lang='grc' dir='ltr'><strong>καὶ</strong></span> <span class='ocrx_word' id='word_1_710' title='bbox 744 2487 794 2522; x_wconf 84' lang='grc' dir='ltr'><strong>τὴν</strong></span> <span class='ocrx_word' id='word_1_711' title='bbox 806 2487 853 2514; x_wconf 78' lang='grc' dir='ltr'><strong>τοῦ</strong></span> <span class='ocrx_word' id='word_1_712' title='bbox 868 2496 932 2514; x_wconf 89' lang='grc' dir='ltr'><strong>κου-</strong></span> 
     </span>
    </p>
   </div>
   <div class='ocr_carea' id='block_1_99' title="bbox 143 2528 930 2568">
    <p class='ocr_par' dir='ltr' id='par_1_99' title="bbox 143 2528 930 2568">
     <span class='ocr_line' id='line_1_99' title="bbox 143 2528 930 2568; baseline 0.009 -15"><span class='ocrx_word' id='word_1_713' title='bbox 143 2528 296 2562; x_wconf 62' lang='grc' dir='ltr'><strong>ρσπαλάτου</strong></span> <span class='ocrx_word' id='word_1_714' title='bbox 326 2529 513 2565; x_wconf 77' lang='grc' dir='ltr'><strong>ἀναλαμϐάνει</strong></span> <span class='ocrx_word' id='word_1_715' title='bbox 542 2530 638 2566; x_wconf 82' lang='grc' dir='ltr'><strong>τιμὴν,</strong></span> <span class='ocrx_word' id='word_1_716' title='bbox 671 2529 753 2558; x_wconf 83' lang='grc' dir='ltr'><strong>ἆθλον</strong></span> <span class='ocrx_word' id='word_1_717' title='bbox 780 2532 852 2567; x_wconf 79' lang='grc' dir='ltr'><strong>τάχα</strong></span> <span class='ocrx_word' id='word_1_718' title='bbox 880 2533 930 2568; x_wconf 85' lang='grc' dir='ltr'><strong>τῆς</strong></span> 
     </span>
    </p>
   </div>
   <div class='ocr_carea' id='block_1_100' title="bbox 141 2574 927 2614">
    <p class='ocr_par' dir='ltr' id='par_1_100' title="bbox 141 2574 927 2614">
     <span class='ocr_line' id='line_1_100' title="bbox 141 2574 927 2614; baseline 0.008 -15"><span class='ocrx_word' id='word_1_719' title='bbox 141 2574 330 2609; x_wconf 75' lang='grc' dir='ltr'><strong>καθαιρέσεως</strong></span> <span class='ocrx_word' id='word_1_720' title='bbox 353 2576 404 2610; x_wconf 83' lang='grc' dir='ltr'><strong>τῆς</strong></span> <span class='ocrx_word' id='word_1_721' title='bbox 415 2576 499 2602; x_wconf 78' lang='grc' dir='ltr'><strong>αὑτοῦ</strong></span> <span class='ocrx_word' id='word_1_722' title='bbox 514 2576 643 2612; x_wconf 79' lang='grc' dir='ltr'><strong>ἀδελφῆς.</strong></span> <span class='ocrx_word' id='word_1_723' title='bbox 657 2578 769 2612; x_wconf 82' lang='grc' dir='ltr'><strong>Ἔκρινε</strong></span> <span class='ocrx_word' id='word_1_724' title='bbox 783 2578 848 2610; x_wconf 83' lang='grc' dir='ltr'><strong>γοῦν</strong></span> <span class='ocrx_word' id='word_1_725' title='bbox 869 2579 927 2614; x_wconf 71' lang='grc' dir='ltr'><strong>ἅμα</strong></span> 
     </span>
    </p>
   </div>
   <div class='ocr_carea' id='block_1_101' title="bbox 141 2620 930 2660">
    <p class='ocr_par' dir='ltr' id='par_1_101' title="bbox 141 2620 930 2660">
     <span class='ocr_line' id='line_1_101' title="bbox 141 2620 930 2660; baseline 0.006 -14"><span class='ocrx_word' id='word_1_726' title='bbox 141 2621 178 2654; x_wconf 80' lang='grc' dir='ltr'><strong>τῷ</strong></span> <span class='ocrx_word' id='word_1_727' title='bbox 196 2620 304 2655; x_wconf 84' lang='grc' dir='ltr'><strong>βασιλεῖ</strong></span> <span class='ocrx_word' id='word_1_728' title='bbox 317 2623 364 2648; x_wconf 77' lang='grc' dir='ltr'><strong>καὶ</strong></span> <span class='ocrx_word' id='word_1_729' title='bbox 380 2622 450 2650; x_wconf 74' lang='grc' dir='ltr'><strong>κατὰ</strong></span> <span class='ocrx_word' id='word_1_730' title='bbox 460 2623 516 2650; x_wconf 86' lang='grc' dir='ltr'><strong>τῶν</strong></span> <span class='ocrx_word' id='word_1_731' title='bbox 536 2623 716 2658; x_wconf 76' lang='grc' dir='ltr'><strong>Ἰσμαηλιτῶν</strong></span> <span class='ocrx_word' id='word_1_732' title='bbox 727 2625 930 2660; x_wconf 80' lang='grc' dir='ltr'><strong>ἐκστρατεῦσαι</strong></span> 
     </span>
    </p>
   </div>
   <div class='ocr_carea' id='block_1_102' title="bbox 141 2666 930 2706">
    <p class='ocr_par' dir='ltr' id='par_1_102' title="bbox 141 2666 930 2706">
     <span class='ocr_line' id='line_1_102' title="bbox 141 2666 930 2706; baseline 0.006 -14"><span class='ocrx_word' id='word_1_733' title='bbox 141 2666 188 2694; x_wconf 76' lang='grc' dir='ltr'><strong>καὶ</strong></span> <span class='ocrx_word' id='word_1_734' title='bbox 203 2666 249 2693; x_wconf 70' lang='grc' dir='ltr'><strong>τοῦ</strong></span> <span class='ocrx_word' id='word_1_735' title='bbox 264 2667 314 2702; x_wconf 82' lang='grc' dir='ltr'><strong>τῆς</strong></span> <span class='ocrx_word' id='word_1_736' title='bbox 328 2667 482 2704; x_wconf 78' lang='grc' dir='ltr'><strong>Μελιτηνῆς</strong></span> <span class='ocrx_word' id='word_1_737' title='bbox 493 2670 679 2704; x_wconf 81' lang='grc' dir='ltr'><strong>ἁμηρεύοντος</strong></span> <span class='ocrx_word' id='word_1_738' title='bbox 697 2670 797 2706; x_wconf 81' lang='grc' dir='ltr'><strong>’Δμερ,</strong></span> <span class='ocrx_word' id='word_1_739' title='bbox 814 2671 876 2706; x_wconf 73' lang='grc' dir='ltr'><strong>ἄρτι</strong></span> <span class='ocrx_word' id='word_1_740' title='bbox 892 2673 930 2703; x_wconf 82' lang='grc' dir='ltr'><strong>εις</strong></span> 
     </span>
    </p>
   </div>
   <div class='ocr_carea' id='block_1_103' title="bbox 987 2441 1772 2477">
    <p class='ocr_par' dir='ltr' id='par_1_103' title="bbox 987 2441 1772 2477">
     <span class='ocr_line' id='line_1_103' title="bbox 987 2441 1772 2477; baseline 0 -9"><span class='ocrx_word' id='word_1_741' title='bbox 987 2441 1129 2468; x_wconf 86' lang='lat' dir='ltr'><strong>sororibus</strong></span> <span class='ocrx_word' id='word_1_742' title='bbox 1142 2441 1345 2477; x_wconf 84' lang='lat' dir='ltr'><strong>superstitibus,</strong></span> <span class='ocrx_word' id='word_1_743' title='bbox 1358 2444 1449 2470; x_wconf 90' lang='lat' dir='ltr'><strong>omnis</strong></span> <span class='ocrx_word' id='word_1_744' title='bbox 1466 2442 1668 2470; x_wconf 82' lang='lat' dir='ltr'><strong>administratio</strong></span> <span class='ocrx_word' id='word_1_745' title='bbox 1681 2449 1772 2469; x_wconf 87' lang='lat' dir='ltr'><strong>rerum</strong></span> 
     </span>
    </p>
   </div>
   <div class='ocr_carea' id='block_1_104' title="bbox 985 2486 1772 2523">
    <p class='ocr_par' dir='ltr' id='par_1_104' title="bbox 985 2486 1772 2523">
     <span class='ocr_line' id='line_1_104' title="bbox 985 2486 1772 2523; baseline 0.001 -9"><span class='ocrx_word' id='word_1_746' title='bbox 985 2486 1019 2513; x_wconf 85' lang='lat' dir='ltr'><strong>ad</strong></span> <span class='ocrx_word' id='word_1_747' title='bbox 1043 2487 1154 2515; x_wconf 91' lang='lat' dir='ltr'><strong>unicum</strong></span> <span class='ocrx_word' id='word_1_748' title='bbox 1172 2487 1286 2515; x_wconf 82' lang='lat' dir='ltr'><strong>Bardam</strong></span> <span class='ocrx_word' id='word_1_749' title='bbox 1309 2487 1436 2515; x_wconf 87' lang='lat' dir='ltr'><strong>devoluta</strong></span> <span class='ocrx_word' id='word_1_750' title='bbox 1452 2493 1495 2515; x_wconf 86' lang='lat' dir='ltr'><strong>est</strong></span> <span class='ocrx_word' id='word_1_751' title='bbox 1514 2496 1521 2521; x_wconf 86' lang='lat'><strong>;</strong></span> <span class='ocrx_word' id='word_1_752' title='bbox 1543 2495 1621 2523; x_wconf 84' lang='lat' dir='ltr'><strong>quem</strong></span> <span class='ocrx_word' id='word_1_753' title='bbox 1637 2488 1704 2516; x_wconf 87' lang='lat' dir='ltr'><strong>adeo</strong></span> <span class='ocrx_word' id='word_1_754' title='bbox 1722 2488 1772 2515; x_wconf 92' lang='lat' dir='ltr'><strong>im-</strong></span> 
     </span>
    </p>
   </div>
   <div class='ocr_carea' id='block_1_105' title="bbox 984 2532 1770 2570">
    <p class='ocr_par' dir='ltr' id='par_1_105' title="bbox 984 2532 1770 2570">
     <span class='ocr_line' id='line_1_105' title="bbox 984 2532 1770 2570; baseline 0 -10"><span class='ocrx_word' id='word_1_755' title='bbox 984 2537 1096 2567; x_wconf 85' lang='lat' dir='ltr'><strong>perator</strong></span> <span class='ocrx_word' id='word_1_756' title='bbox 1105 2532 1201 2561; x_wconf 72' lang='lat' dir='ltr'><strong>dilexit</strong></span> <span class='ocrx_word' id='word_1_757' title='bbox 1215 2538 1244 2561; x_wconf 91' lang='lat' dir='ltr'><strong>ut</strong></span> <span class='ocrx_word' id='word_1_758' title='bbox 1259 2533 1424 2569; x_wconf 75' lang='lat' dir='ltr'><strong>curopalata:</strong></span> <span class='ocrx_word' id='word_1_759' title='bbox 1440 2541 1501 2561; x_wconf 88' lang='lat' dir='ltr'><strong>eum</strong></span> <span class='ocrx_word' id='word_1_760' title='bbox 1517 2533 1638 2561; x_wconf 83' lang='lat' dir='ltr'><strong>aﬂ&#39;ecerit</strong></span> <span class='ocrx_word' id='word_1_761' title='bbox 1651 2532 1770 2570; x_wconf 76' lang='lat' dir='ltr'><strong>dignita-</strong></span> 
     </span>
    </p>
   </div>
   <div class='ocr_carea' id='block_1_106' title="bbox 985 2579 1773 2613">
    <p class='ocr_par' dir='ltr' id='par_1_106' title="bbox 985 2579 1773 2613">
     <span class='ocr_line' id='line_1_106' title="bbox 985 2579 1773 2613; baseline 0.004 -8"><span class='ocrx_word' id='word_1_762' title='bbox 985 2585 1021 2611; x_wconf 89' lang='lat' dir='ltr'><strong>te,</strong></span> <span class='ocrx_word' id='word_1_763' title='bbox 1037 2581 1176 2613; x_wconf 66' lang='lat' dir='ltr'><strong>praemium</strong></span> <span class='ocrx_word' id='word_1_764' title='bbox 1189 2579 1296 2607; x_wconf 87' lang='lat' dir='ltr'><strong>scilicet</strong></span> <span class='ocrx_word' id='word_1_765' title='bbox 1311 2579 1346 2607; x_wconf 89' lang='lat' dir='ltr'><strong>ob</strong></span> <span class='ocrx_word' id='word_1_766' title='bbox 1363 2584 1527 2607; x_wconf 84' lang='lat' dir='ltr'><strong>summotam</strong></span> <span class='ocrx_word' id='word_1_767' title='bbox 1544 2587 1668 2608; x_wconf 88' lang='lat' dir='ltr'><strong>sororem</strong></span> <span class='ocrx_word' id='word_1_768' title='bbox 1682 2580 1707 2608; x_wconf 85' lang='lat' dir='ltr'><strong>ei</strong></span> <span class='ocrx_word' id='word_1_769' title='bbox 1722 2579 1773 2608; x_wconf 89' lang='lat' dir='ltr'><strong>hoc</strong></span> 
     </span>
    </p>
   </div>
   <div class='ocr_carea' id='block_1_107' title="bbox 985 2625 1770 2662">
    <p class='ocr_par' dir='ltr' id='par_1_107' title="bbox 985 2625 1770 2662">
     <span class='ocr_line' id='line_1_107' title="bbox 985 2625 1770 2662; baseline 0.003 -11"><span class='ocrx_word' id='word_1_770' title='bbox 985 2625 1113 2660; x_wconf 72' lang='lat' dir='ltr'><strong>largiens.</strong></span> <span class='ocrx_word' id='word_1_771' title='bbox 1130 2625 1325 2654; x_wconf 83' lang='lat' dir='ltr'><strong>Succrescente</strong></span> <span class='ocrx_word' id='word_1_772' title='bbox 1338 2626 1511 2661; x_wconf 86' lang='lat' dir='ltr'><strong>jamprimum</strong></span> <span class='ocrx_word' id='word_1_773' title='bbox 1523 2627 1680 2662; x_wconf 78' lang='lat' dir='ltr'><strong>imperatori</strong></span> <span class='ocrx_word' id='word_1_774' title='bbox 1694 2626 1770 2653; x_wconf 87' lang='lat' dir='ltr'><strong>lanu-</strong></span> 
     </span>
    </p>
   </div>
   <div class='ocr_carea' id='block_1_108' title="bbox 984 2671 1773 2707">
    <p class='ocr_par' dir='ltr' id='par_1_108' title="bbox 984 2671 1773 2707">
     <span class='ocr_line' id='line_1_108' title="bbox 984 2671 1773 2707; baseline 0.004 -10"><span class='ocrx_word' id='word_1_775' title='bbox 984 2671 1057 2706; x_wconf 80' lang='lat' dir='ltr'><strong>gine.</strong></span> <span class='ocrx_word' id='word_1_776' title='bbox 1073 2671 1173 2700; x_wconf 83' lang='lat' dir='ltr'><strong>Bardas</strong></span> <span class='ocrx_word' id='word_1_777' title='bbox 1187 2679 1249 2700; x_wconf 89' lang='lat' dir='ltr'><strong>cum</strong></span> <span class='ocrx_word' id='word_1_778' title='bbox 1264 2679 1296 2699; x_wconf 92' lang='lat' dir='ltr'><strong>eo</strong></span> <span class='ocrx_word' id='word_1_779' title='bbox 1308 2671 1508 2707; x_wconf 81' lang='lat' dir='ltr'><strong>expeditionem</strong></span> <span class='ocrx_word' id='word_1_780' title='bbox 1527 2673 1554 2700; x_wconf 92' lang='lat' dir='ltr'><strong>in</strong></span> <span class='ocrx_word' id='word_1_781' title='bbox 1574 2673 1731 2701; x_wconf 77' lang='lat' dir='ltr'><strong>lsmaelicos</strong></span> <span class='ocrx_word' id='word_1_782' title='bbox 1747 2678 1773 2700; x_wconf 91' lang='lat' dir='ltr'><strong>ct</strong></span> 
     </span>
    </p>
   </div>
   <div class='ocr_carea' id='block_1_109' title="bbox 1616 2730 1638 2747">
    <p class='ocr_par' dir='ltr' id='par_1_109' title="bbox 1616 2730 1638 2747">
     <span class='ocr_line' id='line_1_109' title="bbox 1616 2730 1638 2747; baseline 0 -3"><span class='ocrx_word' id='word_1_783' title='bbox 1616 2730 1638 2747; x_wconf 54' lang='grc' dir='ltr'><strong>ἐν</strong></span> 
     </span>
    </p>
   </div>
   <div class='ocr_carea' id='block_1_110' title="bbox 720 2739 1202 2770">
    <p class='ocr_par' dir='ltr' id='par_1_110' title="bbox 720 2739 1202 2770">
     <span class='ocr_line' id='line_1_110' title="bbox 720 2739 1202 2770; baseline 0.01 -5"><span class='ocrx_word' id='word_1_784' title='bbox 720 2739 895 2768; x_wconf 69' lang='lat' dir='ltr'><strong>XYLANDIH</strong></span> <span class='ocrx_word' id='word_1_785' title='bbox 914 2740 957 2768; x_wconf 85' lang='lat' dir='ltr'><strong>ET</strong></span> <span class='ocrx_word' id='word_1_786' title='bbox 972 2741 1076 2770; x_wconf 80' lang='lat' dir='ltr'><strong>GOARI</strong></span> <span class='ocrx_word' id='word_1_787' title='bbox 1091 2742 1202 2770; x_wconf 74' lang='grc' dir='ltr'><strong>ΝΟΤᾹΞ.</strong></span> 
     </span>
    </p>
   </div>
   <div class='ocr_carea' id='block_1_111' title="bbox 175 2795 928 2833">
    <p class='ocr_par' dir='ltr' id='par_1_111' title="bbox 175 2795 928 2833">
     <span class='ocr_line' id='line_1_111' title="bbox 175 2795 928 2833; baseline 0.007 -11"><span class='ocrx_word' id='word_1_788' title='bbox 175 2795 328 2829; x_wconf 75' lang='lat' dir='ltr'><strong>(H)Forlc</strong></span> <span class='ocrx_word' id='word_1_789' title='bbox 362 2797 514 2824; x_wconf 72' lang='lat' dir='ltr'><strong>siczdetllt</strong></span> <span class='ocrx_word' id='word_1_790' title='bbox 547 2805 593 2825; x_wconf 81' lang='lat' dir='ltr'><strong>eas</strong></span> <span class='ocrx_word' id='word_1_791' title='bbox 620 2799 733 2833; x_wconf 85' lang='lat' dir='ltr'><strong>privatis</strong></span> <span class='ocrx_word' id='word_1_792' title='bbox 758 2799 928 2833; x_wconf 86' lang='lat' dir='ltr'><strong>hominibus,</strong></span> 
     </span>
    </p>
   </div>
   <div class='ocr_carea' id='block_1_112' title="bbox 138 2833 929 2868">
    <p class='ocr_par' dir='ltr' id='par_1_112' title="bbox 138 2833 929 2868">
     <span class='ocr_line' id='line_1_112' title="bbox 138 2833 929 2868; baseline 0.008 -12"><span class='ocrx_word' id='word_1_793' title='bbox 138 2833 184 2864; x_wconf 82' lang='lat' dir='ltr'><strong>qui</strong></span> <span class='ocrx_word' id='word_1_794' title='bbox 202 2839 265 2858; x_wconf 82' lang='lat' dir='ltr'><strong>cum</strong></span> <span class='ocrx_word' id='word_1_795' title='bbox 282 2839 329 2868; x_wconf 70' lang='lat' dir='ltr'><strong>cas</strong></span> <span class='ocrx_word' id='word_1_796' title='bbox 345 2837 452 2868; x_wconf 79' lang='lat' dir='ltr'><strong>gestare</strong></span> <span class='ocrx_word' id='word_1_797' title='bbox 471 2834 537 2866; x_wconf 62' lang='lat' dir='ltr'><strong>ipsis</strong></span> <span class='ocrx_word' id='word_1_798' title='bbox 556 2835 719 2868; x_wconf 79' lang='lat' dir='ltr'><strong>pertltissum</strong></span> <span class='ocrx_word' id='word_1_799' title='bbox 736 2839 783 2861; x_wconf 78' lang='lat' dir='ltr'><strong>aut.</strong></span> <span class='ocrx_word' id='word_1_800' title='bbox 798 2835 929 2863; x_wconf 77' lang='lat' dir='ltr'><strong>decorum</strong></span> 
     </span>
    </p>
   </div>
   <div class='ocr_carea' id='block_1_113' title="bbox 138 2867 930 2904">
    <p class='ocr_par' dir='ltr' id='par_1_113' title="bbox 138 2867 930 2904">
     <span class='ocr_line' id='line_1_113' title="bbox 138 2867 930 2904; baseline 0.008 -13"><span class='ocrx_word' id='word_1_801' title='bbox 138 2874 193 2892; x_wconf 85' lang='lat' dir='ltr'><strong>non</strong></span> <span class='ocrx_word' id='word_1_802' title='bbox 209 2872 295 2904; x_wconf 80' lang='lat' dir='ltr'><strong>esset,</strong></span> <span class='ocrx_word' id='word_1_803' title='bbox 312 2867 396 2904; x_wconf 19' lang='lat' dir='ltr'><strong>deriis</strong></span> <span class='ocrx_word' id='word_1_804' title='bbox 411 2867 562 2895; x_wconf 55' lang='grc' dir='ltr'><strong>(ιυιιίιίιιιιιῑέ</strong></span> <span class='ocrx_word' id='word_1_805' title='bbox 591 2877 712 2904; x_wconf 79' lang='lat' dir='ltr'><strong>auroque</strong></span> <span class='ocrx_word' id='word_1_806' title='bbox 733 2870 759 2896; x_wconf 90' lang='lat' dir='ltr'><strong>in</strong></span> <span class='ocrx_word' id='word_1_807' title='bbox 781 2878 847 2897; x_wconf 87' lang='lat' dir='ltr'><strong>usus</strong></span> <span class='ocrx_word' id='word_1_808' title='bbox 866 2879 930 2898; x_wconf 81' lang='lat' dir='ltr'><strong>suos</strong></span> 
     </span>
    </p>
   </div>
   <div class='ocr_carea' id='block_1_114' title="bbox 138 2903 932 2940">
    <p class='ocr_par' dir='ltr' id='par_1_114' title="bbox 138 2903 932 2940">
     <span class='ocr_line' id='line_1_114' title="bbox 138 2903 932 2940; baseline 0.006 -12"><span class='ocrx_word' id='word_1_809' title='bbox 138 2903 272 2932; x_wconf 63' lang='grc' dir='ltr'><strong>νοτιωαο</strong></span> <span class='ocrx_word' id='word_1_810' title='bbox 299 2903 465 2939; x_wconf 69' lang='lat' dir='ltr'><strong>cogitarunt,</strong></span> <span class='ocrx_word' id='word_1_811' title='bbox 481 2909 509 2931; x_wconf 89' lang='lat' dir='ltr'><strong>ut</strong></span> <span class='ocrx_word' id='word_1_812' title='bbox 525 2904 562 2939; x_wconf 73' lang='grc' dir='ltr'><strong>τιξι</strong></span> <span class='ocrx_word' id='word_1_813' title='bbox 581 2903 657 2940; x_wconf 80' lang='grc' dir='ltr'><strong>ἰδικῴ</strong></span> <span class='ocrx_word' id='word_1_814' title='bbox 670 2903 706 2932; x_wconf 61' lang='grc' dir='ltr'><strong>ιιι</strong></span> <span class='ocrx_word' id='word_1_815' title='bbox 727 2913 775 2940; x_wconf 80' lang='lat' dir='ltr'><strong>pro</strong></span> <span class='ocrx_word' id='word_1_816' title='bbox 800 2906 932 2939; x_wconf 70' lang='grc' dir='ltr'><strong>ἰδιώταις.</strong></span> 
     </span>
    </p>
   </div>
   <div class='ocr_carea' id='block_1_115' title="bbox 985 2800 1767 2837">
    <p class='ocr_par' dir='ltr' id='par_1_115' title="bbox 985 2800 1767 2837">
     <span class='ocr_line' id='line_1_115' title="bbox 985 2800 1767 2837; baseline -0.003 -9"><span class='ocrx_word' id='word_1_817' title='bbox 985 2800 1056 2837; x_wconf 79' lang='lat' dir='ltr'><strong>Quid</strong></span> <span class='ocrx_word' id='word_1_818' title='bbox 1067 2801 1089 2829; x_wconf 89' lang='lat' dir='ltr'><strong>si</strong></span> <span class='ocrx_word' id='word_1_819' title='bbox 1107 2801 1200 2836; x_wconf 83' lang='grc' dir='ltr'><strong>εἰδικῴ</strong></span> <span class='ocrx_word' id='word_1_820' title='bbox 1217 2802 1285 2830; x_wconf 76' lang='lat' dir='ltr'><strong>forte</strong></span> <span class='ocrx_word' id='word_1_821' title='bbox 1301 2802 1432 2837; x_wconf 81' lang='lat' dir='ltr'><strong>scripsit?</strong></span> <span class='ocrx_word' id='word_1_822' title='bbox 1446 2806 1475 2830; x_wconf 83' lang='lat' dir='ltr'><strong>et</strong></span> <span class='ocrx_word' id='word_1_823' title='bbox 1485 2806 1600 2830; x_wconf 78' lang='lat' dir='ltr'><strong>moneta:</strong></span> <span class='ocrx_word' id='word_1_824' title='bbox 1614 2808 1767 2837; x_wconf 73' lang='lat' dir='ltr'><strong>percussor.</strong></span> 
     </span>
    </p>
   </div>
   <div class='ocr_carea' id='block_1_116' title="bbox 985 2835 1770 2872">
    <p class='ocr_par' dir='ltr' id='par_1_116' title="bbox 985 2835 1770 2872">
     <span class='ocr_line' id='line_1_116' title="bbox 985 2835 1770 2872; baseline -0.001 -8"><span class='ocrx_word' id='word_1_825' title='bbox 985 2837 1032 2871; x_wconf 87' lang='lat' dir='ltr'><strong>qui</strong></span> <span class='ocrx_word' id='word_1_826' title='bbox 1046 2836 1161 2865; x_wconf 79' lang='lat' dir='ltr'><strong>formam</strong></span> <span class='ocrx_word' id='word_1_827' title='bbox 1178 2835 1246 2867; x_wconf 81' lang='lat' dir='ltr'><strong>auro</strong></span> <span class='ocrx_word' id='word_1_828' title='bbox 1273 2835 1451 2872; x_wconf 71' lang='lat' dir='ltr'><strong>impriineret.</strong></span> <span class='ocrx_word' id='word_1_829' title='bbox 1473 2837 1514 2866; x_wconf 90' lang='lat' dir='ltr'><strong>sic</strong></span> <span class='ocrx_word' id='word_1_830' title='bbox 1537 2835 1770 2872; x_wconf 72' lang='lat' dir='ltr'><strong>appellaturised</strong></span> 
     </span>
    </p>
   </div>
   <div class='ocr_carea' id='block_1_117' title="bbox 988 2872 1566 2901">
    <p class='ocr_par' dir='ltr' id='par_1_117' title="bbox 988 2872 1566 2901">
     <span class='ocr_line' id='line_1_117' title="bbox 988 2872 1566 2901; baseline 0 -2"><span class='ocrx_word' id='word_1_831' title='bbox 988 2873 1089 2900; x_wconf 70' lang='lat' dir='ltr'><strong>nescio.</strong></span> <span class='ocrx_word' id='word_1_832' title='bbox 1108 2872 1172 2900; x_wconf 75' lang='lat' dir='ltr'><strong>XtL.</strong></span> <span class='ocrx_word' id='word_1_833' title='bbox 1191 2887 1221 2892; x_wconf 87' lang='lat'><strong>—</strong></span> <span class='ocrx_word' id='word_1_834' title='bbox 1237 2873 1343 2900; x_wconf 78' lang='lat' dir='ltr'><strong>Pliruto</strong></span> <span class='ocrx_word' id='word_1_835' title='bbox 1357 2874 1462 2901; x_wconf 75' lang='lat' dir='ltr'><strong>wrario.</strong></span> <span class='ocrx_word' id='word_1_836' title='bbox 1481 2873 1566 2900; x_wconf 73' lang='lat' dir='ltr'><strong>Gem.</strong></span> 
     </span>
    </p>
   </div>
  </div>
