2046 3149
236 155 301 187 1047

878 161 1037 193 GEORGII
1053 163 1219 196 CEDRENI

1789 168 1856 202 1048

234 219 361 243 Amerem
375 214 509 244 Melitam!
519 216 674 251 prmfectum
689 217 813 253 suscipit.
826 217 973 254 Postquam
989 219 1016 247 in

1079 221 1168 256 ἱνδρας
1187 223 1308 250 τελοῦντι
1328 232 1357 256 ες
1385 225 1525 258 αγενεέων.
1552 225 1594 256 Ὠς
1617 225 1639 251 δ’
1666 222 1712 252 οὖν
1735 225 1784 261 τῆς
1800 225 1856 253 τῶν

234 261 371 289 hosticum
403 262 539 297 progressi
573 262 607 290 ad
639 262 781 291 Samosata
816 270 1015 300 pervenerunt,

234 307 329 335 urbem
355 314 449 335 earum
477 315 538 342 quae
557 308 636 343 juxta
662 308 827 345 Euphratem
853 311 934 347 962
954 317 1018 340 sunt

235 353 335 389 opibus
352 361 385 381 ac
395 353 494 381 robore
507 353 651 389 insignem,
663 363 723 384 eam
737 357 879 385 obsidione
893 358 1016 393 cingunt.

235 400 357 435 Cumque
371 400 516 429 Sarraceni
531 405 632 429 metum
648 402 809 432 simulantes
823 411 854 431 se
869 404 940 432 intus
951 411 1018 432 con-

236 446 355 473 tinerent
371 453 461 482 neque
475 447 503 474 in
517 454 611 475 muros
625 448 776 482 exsilirent,
789 449 868 484 quasi
883 449 1018 478 Romano-

235 499 295 518 rum
330 492 404 520 vires
435 492 639 528 formidantes,
673 496 810 525 exercitus
845 497 1019 532 imperatoris

235 545 332 565 secure
345 542 373 566 et
391 539 451 567 sine
468 540 591 568 custodia
607 541 706 576 degere
719 542 825 578 incipit.
839 542 931 571 Tertio
946 545 1019 572 obsi-

236 583 327 612 dionis
340 583 385 612 die
401 584 473 620 (erat
491 586 515 613 is
534 586 689 616 dominicus
708 591 735 616 et
749 589 814 616 feria
832 589 939 625 prima)
956 598 1018 618 cum

235 630 413 658 incruentum
449 631 614 659 sacrificium
648 639 845 669 perageretur,
873 640 1019 671 essentque

233 675 334 702 divinis
346 677 573 705 eommunicaturi
583 678 720 712 mysteriis
735 678 862 711 Romani,
874 680 1018 708 Sarraceni

234 721 322 754 portis
348 722 438 757 passis
465 723 564 750 armati
589 731 650 752 sese
678 724 820 752 effundunt
849 729 878 752 et
901 726 1019 761 undique

233 766 374 796 Romanos
384 767 557 796 adoriuntur.
567 769 618 802 Qui
633 770 774 805 inopinato
785 770 905 799 hostium
918 771 1019 806 ἰιιιρυιιι

234 814 372 848 perterriti
398 814 471 842 illico
486 814 556 850 fuga)
573 823 602 843 se
623 816 767 844 dederunt.
792 817 851 852 Ipse
873 817 1019 846 Michaelus

233 860 278 888 vix
297 860 322 886 in
338 868 437 895 equum
457 861 543 889 evasit
556 869 681 897 aegreque
698 867 824 891 servatus
840 869 882 892 est
899 873 905 890 :
928 864 1018 892 omnia

235 908 321 942 ipsius
344 912 372 936 et
398 909 536 938 exercitus
560 909 752 945 impedimenta
768 911 803 939 ab
824 911 903 939 hoste
928 915 1016 947 captat

235 955 370 989 praecipua
379 954 431 982 fuit
445 962 477 982 co
489 955 617 983 conflictu
630 957 718 985 virtus
727 957 840 985 Carbem
856 957 1020 985 Manichteo-

188 1018 197 1032 ι,
236 1007 295 1026 rum
310 999 400 1033 ducis,
415 1000 462 1035 qui
476 1008 529 1029 non
541 1001 623 1030 modo
638 1002 739 1030 multos
754 1003 870 1030 militqu
886 1002 1023 1030 obscuros

234 1044 345 1080 deiecit,
360 1045 407 1074 sed
418 1046 522 1073 ethand
539 1047 683 1081 pauciores
696 1050 806 1075 centum
819 1048 853 1075 de
869 1048 1022 1076 illustribus

233 1090 350 1119 ducibus
361 1095 441 1127 atque
454 1095 604 1120 turmarum
618 1093 755 1127 praefectis
767 1094 842 1121 vivos
855 1095 946 1128 cepit;
974 1095 1022 1129 qui

234 1135 332 1162 deinde
349 1141 492 1163 numerato
508 1137 704 1172 redemptionis
719 1139 805 1172 pretio
823 1138 928 1166 dimissi
945 1144 1020 1167 sunt.

236 1181 318 1209 Solus
332 1180 404 1209 Seon
422 1181 476 1210 dux
490 1183 629 1216 c0piarum
643 1183 671 1210 in
687 1183 812 1215 custodia
824 1184 984 1220 exspiravit.

1070 267 1199 294 ἐναντίων
1212 268 1349 303 ἐπέϐησαν
1366 270 1415 305 γῆς
1430 271 1476 297 καὶ
1495 271 1564 298 κατὰ
1576 271 1609 297 τὰ
1632 271 1778 307 Σαμόσατα
1795 272 1856 306 ἐγέ-

1069 319 1144 338 νοντο
1158 311 1246 347 (πόλις
1269 313 1299 340 δὲ
1321 313 1355 340 τὰ
1372 314 1518 350 Σαμόσατα
1541 315 1595 342 τῶν
1614 317 1854 352 παρευφρατεὶων,

1069 357 1183 393 δυνάμει
1199 367 1228 385 τε
1246 358 1376 394 βρίθουσα
1391 362 1439 387 καὶ
1456 361 1553 396 ἰσχύϊ),
1570 362 1672 398 ταύτην
1693 364 1856 398 ἐπεχείρουν

1070 403 1234 440 πολιορκεῖν.
1268 406 1513 443 Ἐμποιησαμένων
1542 408 1570 435 δὲ
1599 409 1655 435 τῶν
1687 409 1856 445 Σαραχηνῶν

1069 450 1170 477 δειλίαν
1187 452 1233 478 καὶ
1249 453 1483 486 συγκεκλεικότων
1496 455 1594 486 αὐτοὺς
1621 455 1706 485 ἔνδον,
1722 456 1770 481 καὶ
1787 455 1856 490 μηδ-

1071 496 1132 527 ενὸς
1160 497 1332 532 ἐκπηδῶντικ
1346 498 1392 526 τοῦ
1406 499 1512 534 τείχους
1530 500 1601 535 τάχα
1622 500 1666 526 διὰ
1687 500 1787 527 δειλίαν
1807 501 1857 535 τῆς

1072 541 1212 577 βασιλικῆς
1237 543 1389 578 δυνάμεως,
1423 545 1531 579 ἀμελῶς
1564 547 1612 572 καὶ
1640 546 1804 581 ἀφυλάκτως
1833 548 1857 572 οἱ

1075 588 1207 623 Ῥωμαῖοι
1217 589 1320 624 διῆγον.
1337 591 1416 618 Κατὰ
1429 591 1458 618 δὲ
1477 591 1526 627 τὴν
1540 593 1635 628 τρίτην
1650 593 1700 628 τῆς
1712 594 1855 629 ἐφεδρείας

1070 634 1176 668 ἡμέραν
1193 635 1326 670 (ήίΚυρισ.
1337 635 1408 672 δὲῆν
1421 638 1469 664 καὶ
1484 638 1578 674 πρώτη
1591 639 1646 666 τῶν
1663 640 1786 675 ἡμερῶν)
1804 640 1855 674 τῆς

1071 680 1240 715 ἀναιμάκτου
1260 681 1356 713 θυσεας
1375 683 1598 719 ἐπιτελουμένης,
1624 685 1653 711 ἐν
1705 685 1758 711 τῶν
1776 684 1858 712 θεῖων

1071 725 1183 760 ἔμελλον
1199 729 1346 762 μετασχεῖν
1367 729 1534 764 μυστηρίων,
1552 730 1601 762 τὰς
1618 730 1705 762 πύλας
1720 731 1745 757 οἱ
1761 732 1853 767 Σαρα-

1071 773 1149 806 κηνοὶ
1160 772 1370 806 διαπετάσαντες
1385 775 1432 801 καὶ
1444 775 1505 810 μεθ’
1517 776 1607 804 ὃπλων
1625 777 1853 811 ἐκπεπηδηκότες

1071 817 1204 844 πάντοθεν
1223 819 1380 846 ἐπετίθεντο
1394 822 1451 852 τοῖς
1473 821 1631 857 Ῥωμαίοις.
1647 822 1690 858 [Ρ.
1707 822 1770 858 546]
1785 823 1816 849 Οἱ
1831 822 1859 850 δὲ

1071 863 1110 898 τῷ
1129 864 1254 899 ἀδοκήτῳ
1279 866 1501 900 καταπλαγέντες
1531 867 1581 901 τῆς
1597 867 1747 898 ἐπιθέσεως
1775 868 1859 900 εὐθὺς

1073 910 1140 945 πρὸς
1156 910 1246 946 φυγὴν
1257 910 1400 946 ὥρμησαν.
1418 912 1503 939 Ἔνθα
1516 913 1564 940 καὶ
1580 913 1688 948 Μιχαὴλ
1704 915 1718 941 ὁ
1731 914 1860 949 βασιλεὺς

1074 956 1150 990 μόλις
1165 965 1218 983 που
1232 957 1277 983 τὸν
1294 958 1377 984 ἱππον
1396 958 1499 991 ἀναδὰς
1525 960 1651 995 ἐργωδῶς
1667 961 1793 996 διεσώθη,
1809 961 1862 996 τῆς

1072 1002 1229 1038 ἀποσκευῆς
1244 1003 1334 1038 πάσης
1348 1003 1396 1030 τοῦ
1410 1003 1542 1039 βασιλέως
1554 1005 1601 1032 καὶ
1614 1005 1668 1033 τῶν
1681 1007 1861 1041 στρατιωτῶν

1072 1047 1222 1083 ληφθείσης
1236 1049 1311 1084 παρὰ
1326 1049 1381 1076 τῶν
1399 1051 1547 1085 πολεμίων,
1566 1051 1614 1078 τοῦ
1634 1052 1689 1078 τῶν
1703 1053 1862 1087 Μανιχαίων

1073 1094 1257 1128 ἐξηγουμένου
1281 1096 1395 1131 Καρὸἑα
1415 1097 1516 1131 μᾶλλον
1538 1098 1592 1124 τῶν
1621 1098 1708 1125 ἄλλων
1733 1099 1863 1132 ἀριστεύ-

1075 1148 1182 1172 σαντος,
1206 1142 1253 1168 καὶ
1280 1142 1481 1175 καταβαλόντος
1504 1144 1535 1170 οὐ
1561 1145 1641 1179 μόνον
1669 1144 1782 1175 πολλοὺς
1807 1144 1862 1170 τῶν

1075 1188 1186 1221 ἀφανῶν
1201 1189 1251 1222 τῆς
1276 1190 1416 1224 στρατιᾶς,
1436 1190 1504 1216 ἀλλὰ
1518 1191 1566 1217 καὶ
1591 1190 1714 1225 ζωγρίας
1732 1191 1863 1224 λαϐόντος

234 1228 284 1254 οὐκ
299 1226 405 1262 ὀλίγους
413 1228 466 1254 τῶν
475 1229 627 1263 ἐπιφανῶν,
639 1229 809 1265 στρατηγοὺς
821 1230 868 1257 καὶ
877 1232 1054 1267 τουρμάρχας
1069 1233 1119 1259 οὐκ
1133 1233 1260 1265 ἐλάττους
1272 1234 1326 1260 τῶν
1341 1234 1450 1268 ἑκατὸν,
1467 1231 1506 1262 ὧν
1532 1235 1557 1261 ol
1594 1235 1645 1270 μὲν
1671 1235 1746 1262 ἄλλοι
1776 1235 1863 1270 λύτρα

234 1274 325 1305 δόντες
341 1274 526 1309 ἀπελύθησαν,
543 1274 623 1310 μόνος
647 1274 676 1302 δὲ
689 1275 766 1310 Σηὼν
778 1276 792 1301 ὁ
807 1277 960 1311 στρατηγὸς
982 1279 1016 1312 τῇ
1037 1278 1145 1314 φυλακῇ
1161 1279 1323 1313 ἐναπέψυξε.

271 1319 385 1348 Biennio
397 1320 615 1356 elapso,rursum
626 1320 706 1348 Amer
715 1325 811 1349 coacto
820 1321 931 1357 triginta
944 1322 1028 1349 milli-

236 1368 285 1394 bus
295 1367 366 1394 haud
379 1367 484 1395 minore
494 1367 627 1400 exercitu,
639 1367 666 1395 in
683 1366 868 1394 Rotuauorum
891 1367 1030 1403 ingressus

235 1417 277 1440 est
291 1413 436 1440 ditionem.
449 1413 610 1446 Michaelus,
627 1418 656 1440 ut
672 1413 776 1441 cladem
799 1414 874 1448 prius
890 1419 1029 1449 acceptam

235 1460 349 1487 victoria
365 1463 565 1494 compensaret,
589 1459 699 1487 collutis
708 1459 845 1487 Thracum
862 1463 889 1486 et
906 1459 1031 1488 Macedo-

238 1514 303 1533 num
320 1507 354 1534 ad
371 1506 553 1541 quadraginta
569 1506 690 1541 quinque
703 1507 824 1534 millibus
834 1507 858 1534 ei
870 1506 976 1534 obviam
993 1507 1024 1534 it.

237 1553 290 1579 Sed
301 1553 382 1580 Amer
397 1560 430 1580 eo
445 1553 564 1588 cognito,
576 1553 657 1588 963
672 1561 718 1587 per
730 1553 849 1581 difﬁcilia
867 1554 927 1582 loca
945 1561 1024 1581 com-

238 1598 369 1634 peudioso
380 1599 450 1626 facto
460 1598 569 1630 itinere,
582 1598 672 1626 subito
683 1607 744 1626 eum
753 1599 868 1631 Invadit.
878 1599 1026 1633 copiasque

239 1643 352 1671 hostiles
365 1643 455 1670 fundit
469 1643 550 1678 inque
561 1644 651 1679 fugam
659 1643 781 1678 conjicit.
794 1643 918 1672 Venisset
927 1644 1028 1671 tuncin

240 1689 356 1716 hostium
366 1692 527 1724 potestatem
539 1689 695 1722 Michaelus,
706 1689 759 1718 nisi
768 1689 912 1718 Mal-uetus
920 1689 1029 1717 schola-

240 1744 300 1763 rum
318 1735 485 1764 domesticus
498 1735 631 1771 phalange
647 1739 775 1771 perrupta
791 1743 853 1763 eum
872 1735 1029 1770 eripuisset,

241 1781 355 1817 reliquis
365 1781 492 1810 onmibus
511 1786 540 1809 ut
557 1782 671 1817 quisque
687 1785 795 1816 poterat
810 1781 873 1816 fuga
887 1781 1030 1816 dispersis.

1114 1323 1225 1358 Χρόνων
1245 1324 1274 1350 δὲ
1294 1323 1342 1350 δύο
1366 1325 1602 1360 παραδραμόντων
1627 1325 1709 1352 πάλιν
1733 1327 1748 1352 ὁ
1774 1327 1865 1361 Ἀμερ

1080 1369 1197 1402 στρατὸν
1229 1370 1411 1405 ἐπαγόμενος,
1441 1371 1492 1398 οὐκ
1530 1371 1640 1398 ἔλαττον
1680 1372 1863 1407 τρισμυρίων,

1080 1413 1256 1449 ἐκστρατεύει
1284 1413 1355 1441 κατὰ
1384 1415 1540 1450 Ῥωμαίων.
1577 1415 1606 1443 ’0
1625 1416 1734 1451 Μιχαὴλ
1763 1416 1790 1442 δὲ
1813 1416 1865 1451 τὴν

1081 1459 1218 1494 προτέραν
1230 1457 1316 1495 ἧτταν
1331 1460 1551 1487 ἀνακαλέσασθαι
1566 1461 1737 1496 βουλόμενος,
1751 1462 1866 1495 στρατὸν

1080 1505 1129 1531 καὶ
1143 1505 1222 1536 αὐτὸς
1241 1506 1417 1542 συναγηοχὼς
1443 1506 1476 1533 ἐκ
1501 1516 1530 1533 τε
1548 1507 1665 1542 Θρακῶν
1682 1507 1729 1534 καὶ
1741 1507 1867 1534 Μακεδό-

1080 1559 1133 1578 νων
1149 1552 1213 1586 περὶ
1229 1552 1277 1583 τὰς
1288 1553 1427 1588 τέσσαρας
1443 1553 1529 1588 ἣμισυ
1543 1553 1686 1589 μυριάδας,
1702 1553 1786 1587 ἔξεισι
1805 1553 1866 1579 κατ’

1082 1597 1176 1624 αὑτοῦ.
1196 1598 1284 1634 Ὅπερ
1297 1598 1390 1634 μαθὼν
1402 1600 1503 1636 Ἀμερ,
1518 1600 1563 1628 διά
1577 1609 1659 1627 τινων
1675 1600 1784 1636 χωρίων
1801 1599 1868 1626 8w-

1082 1643 1180 1679 χώρων
1209 1643 1348 1679 ἐπιτόμων
1365 1645 1393 1672 δὲ
1412 1645 1462 1681 τὴν
1482 1646 1596 1682 πορείαν
1615 1646 1799 1681 ποιησάμενος
1819 1646 1869 1673 καὶ

1082 1690 1215 1724 αἰφνίδιον
1237 1690 1411 1726 προσπεσὼν,
1441 1691 1573 1726 ἐτρέψατο
1602 1693 1673 1718 κατὰ
1700 1692 1799 1726 κράτος
1821 1691 1869 1717 τὸν

1084 1735 1198 1770 βασιλέα
1212 1738 1259 1764 καὶ
1272 1738 1339 1772 πρὸς
1355 1738 1443 1773 φυγὴν
1454 1738 1610 1774 ἠνάγκασεν
1622 1738 1739 1766 ἀπιδεῖν.
1758 1737 1867 1771 Μικροῦ

1083 1781 1105 1808 δ’
1120 1782 1152 1809 ἂν
1170 1783 1217 1809 καὶ
1236 1783 1294 1818 ἥλω
1306 1784 1489 1818 αἰχμάλωτος,
1510 1785 1535 1811 ει
1558 1784 1596 1820 μὴ
1613 1784 1741 1819 Μανουὴλ
1761 1784 1774 1809 ὁ
1787 1784 1867 1818 δομὲ-

241 1836 333 1860 στικος
351 1828 405 1855 τῶν
431 1826 537 1862 σχολῶν
557 1827 607 1862 τὴν
633 1826 762 1861 φάλαγγα
788 1826 920 1861 διακόψας
944 1826 1027 1853 αὑτὸν
1046 1826 1205 1859 διεσώσατο,
1215 1827 1269 1854 τῶν
1283 1828 1369 1854 ἄλλων
1379 1828 1602 1864 πάντων,ὤσττερ
1630 1829 1725 1864 ἔτυχεν
1752 1828 1868 1868 ἕκασταἑ

240 1876 376 1911 δυνηθεὶς,
393 1874 609 1908 διασπαρέντων.

279 1923 381 1951 lterum
413 1923 526 1951 biennio
553 1924 588 1950 ab
617 1923 669 1951 hac
701 1930 790 1958 pugna
801 1925 916 1955 exacto,
946 1922 1028 1950 Amer

243 1969 423 2005 quadraginta
437 1969 552 1997 millium
561 1968 710 1997 exercitum
720 1968 822 2000 educit,
830 1969 913 2003 inque
927 1967 1028 1996 Roma-

244 2023 296 2043 nas
319 2015 476 2051 provincias
493 2014 675 2050 impressione
697 2013 770 2042 facta
787 2014 870 2042 simul
883 2017 910 2041 et
930 2014 1027 2041 Arme-

244 2062 318 2089 niam
348 2065 375 2089 et
399 2060 537 2088 maritima
568 2061 715 2095 populatur
738 2063 820 2094 atque
845 2063 942 2087 vastat.
968 2059 1029 2092 Quo

245 2109 355 2142 quidem
382 2111 503 2141 tempore
524 2107 657 2134 imitatum
678 2114 740 2134 eum
762 2106 853 2134 ferunt
878 2105 976 2134 Xerxis
989 2105 1029 2133 fa-

244 2158 330 2184 ctum,
344 2154 391 2189 qui
409 2160 484 2179 mare
500 2151 592 2187 ﬂagris
606 2151 672 2179 caedi
691 2151 818 2186 iusserat,
832 2150 904 2186 quod
918 2150 1032 2178 ulterius

245 2198 299 2226 sibi
327 2205 390 2225 cum
411 2197 552 2233 voluptate
566 2195 759 2232 progrediendi
782 2195 938 2223 facultatem
967 2194 1032 2223 ade-

245 2244 348 2272 misset.
371 2242 434 2270 [huc
457 2243 576 2278 graviter
598 2241 690 2270 ferens
717 2242 868 2269 Michaelus
885 2241 1031 2269 Petronam

244 2289 408 2317 avunculum
425 2296 518 2321 suum,
540 2289 586 2323 qui
605 2293 662 2316 tum
685 2288 891 2316 Thraccnsibus
906 2290 1033 2322 praeerat,

1121 1920 1252 1955 Δεύτερος
1269 1920 1350 1947 πάλιν
1368 1919 1437 1955 μετὰ
1454 1920 1500 1946 τὸν
1520 1919 1638 1955 πόλεμον
1650 1919 1743 1946 τοῦτον
1759 1918 1869 1953 διῆλθεν

1083 1966 1219 1998 ἐνιαυτὸς,
1244 1965 1291 1992 καὶ⁴
1309 1965 1392 1993 πάλιν
1419 1967 1434 1993 ὁ
1460 1967 1550 2000 Ἀμερ
1576 1966 1645 2001 μετὰ
1663 1964 1870 1999 τεσσαράκοντα

1083 2012 1214 2048 χιλιάδων
1246 2011 1452 2047 ἐκστρατεύσας
1474 2011 1599 2047 stt-:69th
1637 2011 1784 2045 ἐποιήσατο
1798 2010 1872 2036 κατὰ

1091 2058 1245 2093 Ῥωμαίων,
1264 2057 1332 2092 ὁμοῦ
1349 2058 1398 2092 μὲν
1420 2057 1466 2084 καὶ
1481 2057 1531 2092 τὴν
1554 2056 1746 2092 ’Δρμενιακὴν,
1761 2055 1828 2091 ὁμοῦ
1843 2055 1872 2082 δὲ

1085 2105 1132 2132 καὶ
1144 2105 1195 2140 τὴν
1210 2104 1278 2139 πρὸς
1304 2103 1443 2131 θάλασσαν
1468 2103 1612 2139 ἐκπορθὼν
1636 2103 1686 2129 καὶ
1708 2103 1870 2139 δῃούμενος,

1065 2174 1069 2178 .
1085 2152 1130 2178 ὅτε
1147 2151 1230 2185 φασὶν
1250 2151 1332 2178 αὐτὸν
1344 2149 1546 2185 παραπλησίως
1556 2149 1596 2184 τῷ
1610 2149 1697 2184 Ξέρξῃ
1711 2148 1796 2180 πάθος
1816 2156 1872 2174 πα-

1086 2198 1155 2230 θεῖν,
1177 2197 1288 2233 μάστιξι
1304 2197 1485 2228 κελεύσαντος
1499 2196 1590 2223 παίειν
1601 2196 1651 2231 τὴν
1663 2196 1814 2227 Θάλασσαν,
1828 2195 1870 2222 ὅτι

1087 2245 1126 2280 μὴ
1150 2243 1307 2280 περαιτέρω
1329 2244 1468 2278 προήκατο
1487 2242 1581 2269 τοῦτον
1610 2243 1721 2278 χωρεῖν.
1754 2241 1812 2275 Ἐφ’
1830 2238 1873 2272 οἷς

1085 2290 1228 2326 ἀσχάλλων
1247 2291 1262 2316 ὀ
1277 2289 1396 2325 Μιχαὴλ,
1412 2289 1460 2315 καὶ
1484 2288 1565 2315 πάλιν
1579 2287 1660 2319 αὐτὸς
1676 2286 1872 2321 ἀντιστρατεῦ-

245 2344 307 2363 cum
318 2335 451 2362 Romanis
467 2334 633 2362 exercitibus
648 2334 722 2361 omni
739 2335 764 2361 vi
782 2339 876 2361 contra
893 2341 954 2361 eum
971 2340 1026 2368 pro-

1089 2345 1133 2364 σαι
1150 2336 1217 2372 πρὸς
1233 2335 1314 2362 αὑτὸν
1332 2336 1370 2370 μὴ
1394 2334 1511 2369 τολμῶν,
1530 2334 1576 2360 τὸν
1587 2334 1636 2367 τῆς
1658 2333 1755 2359 ἐαυτοῦ
1770 2333 1874 2368 μητρὸς

247 2381 331 2409 licisci
350 2381 437 2415 jubet.
452 2379 571 2416 Degcbat
585 2384 640 2407 tum
654 2380 725 2415 apud
736 2379 872 2414 Ephesum
888 2379 1031 2407 Petronas.

246 2428 369 2463 Cumque
399 2426 499 2455 litteris
525 2426 646 2461 acceptis
670 2426 697 2454 in
724 2426 872 2453 maximam
892 2425 1033 2453 incidisset

247 2474 471 2506 sollicitudinem,
487 2473 559 2501 illico
579 2472 613 2500 ad
632 2478 749 2502 montem
772 2471 880 2500 Latram
897 2478 981 2506 eques
1001 2471 1034 2503 it,

246 2519 435 2554 Joannemquc
453 2517 616 2546 monachum
629 2517 761 2544 celebrem
774 2517 875 2545 virtute
885 2516 920 2544 ibi
934 2516 1035 2550 degen-

247 2571 301 2595 tem
314 2566 347 2593 de
361 2573 391 2594 re
405 2565 534 2594 consulit.
545 2564 634 2599 Atque
648 2563 671 2591 is
687 2563 824 2598 extemplo
836 2563 861 2590 ei
872 2563 1012 2598 respondit
1026 2571 1033 2592 ;

251 2621 259 2636 ι
279 2609 466 2642 Proficiscere,
477 2610 524 2643 fili,
545 2612 640 2637 contra
658 2608 846 2636 Sarracenos:
866 2607 950 2634 Deum
961 2607 1034 2635 enim

248 2657 390 2683 ductorem
405 2655 529 2683 habebis.
543 2664 552 2681 ι
576 2655 664 2689 Hujus
677 2657 800 2681 armatus
815 2653 886 2681 votis
901 2652 1035 2681 Petronas

249 2701 396 2729 rxercilum
423 2701 456 2728 nd
482 2699 668 2728 Lalaczeonem
695 2699 758 2732 (loci
787 2699 838 2726 hoc
861 2702 904 2726 est
924 2698 1034 2731 nomen)

246 2748 331 2779 ducit,
346 2752 373 2774 et
386 2747 562 2782 undiquaquc
574 2745 657 2781 965
674 2746 770 2780 positis
788 2745 894 2772 insidiis
909 2745 1033 2772 Amercm

247 2795 281 2821 ad
311 2802 428 2830 pugnam
457 2796 599 2828 provocat.
622 2791 675 2825 Qui
702 2793 766 2820 fera:
793 2791 881 2819 instar
908 2791 1036 2825 indagine

247 2842 354 2868 cinctus
371 2841 459 2875 deqnc
473 2838 548 2866 exitu
561 2838 660 2866 anxius
674 2858 682 2872 ,
697 2839 730 2866 de
744 2838 864 2873 regionis
879 2838 988 2873 locique
1009 2838 1035 2865 in

248 2894 304 2923 quo
319 2890 407 2914 castra
424 2888 552 2922 posuerat
566 2889 592 2914 et
607 2885 680 2912 lluvii
698 2884 913 2922 prrcterlabcntis
929 2884 1038 2914 nomine

1086 2380 1201 2414 ἀδελφὺν
1229 2379 1387 2414 Πετρωνᾶν,
1409 2379 1464 2405 τῶν
1489 2378 1654 2414 Θρᾳκησίων
1678 2378 1807 2404 διέποντα
1822 2378 1873 2410 τὴν

1087 2426 1187 2462 ἀρχὴν,
1201 2425 1251 2456 τὰς
1268 2424 1425 2459 Ῥωμαϊκὰς
1437 2424 1567 2458 δυνάμεις
1578 2422 1704 2449 ἐκέλευσε
1719 2421 1812 2448 λαὸεϊν
1826 2422 1875 2447 καὶ

1088 2472 1170 2498 παντὶ
1201 2471 1289 2497 σθένει
1310 2471 1410 2506 χωρεῖν
1427 2468 1490 2496 κατ’
1512 2468 1605 2495 αὑτοῦ.
1625 2468 1725 2502 Ἔτυχε
1748 2466 1771 2493 δ’
1796 2462 1874 2497 οὗτος

1087 2517 1234 2552 διατρίῦων
1260 2516 1323 2543 τότε
1351 2515 1422 2542 κατὰ
1446 2515 1497 2550 τὴν
1523 2514 1652 2548 Ἔφεσον.
1674 2512 1824 2546 Δεξάμενος
1846 2511 1874 2538 δὲ

1087 2564 1122 2591 τὰ
1132 2563 1286 2599 γράμματα
1300 2563 1339 2594 εἰς
1350 2562 1470 2597 ἀγωνίαν
1481 2561 1615 2597 ἐμπίπτει
1627 2560 1771 2596 μεγίστην.
1786 2558 1874 2589 Εὐθὺς

1088 2604 1134 2634 οὖν
1161 2607 1384 2642 ἐξιππασάμενος
1403 2607 1511 2634 ἄπεισιν
1528 2607 1558 2633 ἐν
1577 2605 1618 2642 τῷ
1631 2605 1689 2641 ὄρει
1709 2603 1748 2638 τῷ
1774 2603 1876 2637 Λάτρει

1088 2653 1156 2689 πρὸς
1171 2654 1217 2679 τὸν
1234 2654 1323 2679 ἐκεῖσε
1339 2652 1508 2687 ἀσκούμενον
1527 2650 1644 2686 μοναχὸν
1678 2649 1815 2684 Ἰωάννην,
1831 2648 1877 2675 ἐπ’

1089 2701 1174 2734 ἀρετῇ
1187 2699 1251 2725 ὅντα
1267 2698 1305 2733 τῷ
1325 2699 1386 2724 τότε
1408 2697 1562 2732 διαϐόητον,
1587 2697 1635 2724 καὶ
1654 2697 1718 2731 περὶ
1738 2695 1785 2722 τοῦ
1803 2695 1876 2729 7:951-

1091 2754 1196 2780 γματος
1229 2744 1405 2771 ἐπυνθάνετο.
1435 2744 1465 2770 '0
1487 2743 1514 2770 δὲ
1542 2743 1674 2778 μηδαμῶς
1703 2740 1878 2777 ἐμϐραδύνας

1093 2792 1159 2826 πρὸς
1170 2791 1220 2826 τὴν
1234 2791 1379 2826 ἐρώτησιν,
1392 2800 1400 2816 ι
1423 2789 1529 2821 Ἀπιθι,
1544 2790 1649 2822 τέκνον,
1670 2799 1678 2814 ι
1694 2788 1760 2823 ἔφη,
1779 2798 1788 2814 ι
1805 2787 1879 2814 κατὰ

1091 2837 1145 2864 τῶν
1162 2837 1343 2872 Σαρακηνῶν⁴
1358 2836 1424 2863 Θεὸν
1440 2835 1494 2871 γὰρ
1512 2835 1583 2867 ἕξεις
1598 2833 1845 2869 προπορευόμενον.
1865 2842 1875 2858 ι

1093 2883 1193 2915 Τούτου
1211 2883 1402 2915 καθοπλιαθεὶς
1429 2883 1490 2914 ταῖς
1519 2883 1609 2918 εὐχαῖς
1626 2882 1723 2922 ἄπεισι
1742 2879 1810 2906 κατὰ
1830 2878 1879 2905 τὸν
