2046 3149
171 125 238 159 1051

802 131 927 162 GEORG
934 132 962 163 ll
983 133 1150 163 CEDREN!

1731 131 1806 163 105?.

166 184 270 219 sophia:
285 183 319 212 ad
346 184 432 220 ipsam
452 186 552 223 regiam
571 186 598 214 in
619 186 777 223 Magnaura.
803 189 897 224 Itaque
925 198 957 217 ex

1023 190 1135 217 ιασίλεια
1163 189 1193 217 ὲν
1218 191 1250 226 τῇ
1282 189 1435 225 Μαγναύρα
1468 189 1514 216 καὶ
1528 188 1613 220 οὕτως
1640 187 1671 220 ἐξ
1694 188 1801 216 ἐκείνου

167 238 201 258 eo
234 237 343 258 rursum
369 232 469 260 ﬂorere
510 233 633 260 scientia:
663 238 819 269 cmperunt,
849 236 956 263 tametsi

168 277 423 311 praestantissimum
439 278 522 313 966
534 279 585 306 hoc
596 284 623 307 et
634 279 843 307 celeberrimum
858 280 957 308 factum

166 324 242 352 vitiis
258 323 353 351 Bardae
378 324 505 352 eluendis
529 333 585 353 non
615 325 731 354 snﬁ'ecit.
756 327 958 363 Philosophiam

168 369 285 397 docebat
302 377 414 405 magnus
432 370 478 398 ille
494 370 675 407 philosophus
706 372 761 400 Leo
776 374 960 402 consobrinus

165 413 261 442 Jannis
276 414 452 449 patriarclue.
472 416 522 443 Hic
546 416 603 445 Leo
620 418 766 454 episcopus
790 427 852 447 cum
886 424 960 447 esset

166 459 378 495 Thessalonicae,
412 462 619 498 lmaginiperdis
647 465 782 493 submotis
807 467 865 501 ipse
891 475 959 502 quo-

165 514 220 541 que
247 514 361 535 munere
395 515 446 535 suo
485 509 608 544 privatus
637 518 698 538 cum
734 512 760 539 in
789 513 845 540 otio
878 513 960 549 dege-

167 557 220 584 ret.
258 553 323 580 huic
353 553 405 581 fuit
432 556 546 591 negotio
582 557 731 585 adhibitus.
763 558 864 586 Verum
897 563 961 586 ante

169 599 196 626 in
212 599 388 634 imperatoris
404 599 551 636 Theophili
569 603 696 630 notitiant
719 605 771 632 hoc
798 605 878 633 modo
902 613 962 640 pcr-

167 649 291 673 venerat.
305 645 374 673 Cum
391 647 482 675 omnis
493 648 672 676 scientiarum
699 650 809 685 generis
842 650 961 685 perfecta

167 691 325 726 cognitione
337 700 393 720 non
411 693 525 722 haberet
554 695 607 722 sibi
635 703 741 731 parem,
769 696 817 724 vili
843 696 961 732 quodam

167 738 195 764 in
212 737 350 766 domicilio
363 739 464 774 quibus
485 741 605 776 quisque
620 742 700 769 vellet
713 743 821 770 artibus
837 743 964 771 homines

167 784 338 813 instituebat.
376 785 525 821 Aliquanto
567 791 701 824 tempore,
734 797 796 816 cum
824 789 902 816 multi
936 790 963 817 in

170 830 296 858 scientiis
321 839 485 868 progressus
514 833 588 861 haud
614 835 790 870 potnitendos
820 835 964 868 fecissent,

169 877 241 905 forte
256 877 366 912 juvenis
385 879 495 914 quidam
516 881 587 915 apud
604 889 667 910 eum
699 890 835 910 summam
865 887 964 912 nactus

169 923 328 958 geometriae
354 924 484 959 peritiam
527 926 618 953 scriba
654 926 683 954 ﬁt
706 927 850 963 cujusdam
873 928 962 962 ducis,

169 976 292 1004 eumque
308 977 342 997 eo
357 970 385 997 in
401 970 501 998 bellum
518 973 670 1007 protectus,
692 972 762 1001 fusis
781 981 893 1001 suorum
917 982 965 1002 co-

170 1015 236 1050 piis,
251 1015 330 1043 vivus
340 1016 366 1043 in
380 1015 498 1044 hostium
513 1022 676 1052 potestatem
689 1020 823 1054 pervenit,
834 1019 966 1048 etSarra-

174 1068 244 1088 ceno
261 1061 370 1089 cuidam
389 1062 489 1090 illustri
514 1063 540 1090 in
558 1065 719 1092 servitutem
734 1066 854 1093 deditur.
870 1065 967 1094 lsmac~

169 1107 280 1134 ltarum
295 1115 328 1135 eo
347 1113 469 1144 tempore
494 1110 623 1145 princeps
640 1111 796 1140 Maniumus
816 1120 878 1140 cum
905 1113 967 1140 aliis

171 1154 275 1181 Graecis
291 1155 445 1190 disciplinis
462 1157 587 1189 vacabat,
602 1161 659 1185 tum
687 1159 825 1193 praecipue
856 1167 967 1194 geome-

173 1200 235 1228 triae
248 1206 307 1229 erat
331 1201 449 1230 deditus.
480 1203 588 1231 Accidit
614 1204 762 1239 aliquando
786 1210 815 1233 ut
841 1205 913 1240 ejus,
934 1206 968 1233 dc

172 1257 227 1282 quo
261 1250 396 1283 diximus,
425 1251 678 1286 juvenisdontinus
708 1254 743 1282 de
771 1262 968 1282 amerntumna:

174 1296 201 1322 in
229 1296 394 1324 mathemata
426 1302 452 1324 et
480 1299 658 1333 geometriam
686 1300 777 1327 studio
800 1302 968 1329 mentionem

175 1341 287 1370 faceret.
305 1342 343 1370 lbi
364 1350 463 1378 cupere
477 1351 507 1371 se
532 1352 593 1372 eum
611 1345 751 1380 ipsiusque
767 1346 893 1374 doctores
922 1354 971 1374 att-

175 1388 235 1415 dire
251 1388 415 1416 mentionem
440 1390 549 1424 juvenis
562 1391 610 1424 ait,
640 1395 668 1419 et
701 1400 782 1426 quam
810 1392 971 1420 adhibercnl

175 1433 259 1460 rebus
271 1435 446 1468 geometricis
464 1436 633 1472 diligentiam
644 1439 799 1472 explorare.
814 1438 969 1466 Mamumns

175 1479 229 1506 hoc
244 1480 353 1514 cognito
366 1480 496 1515 juvenem
513 1482 591 1510 hctus
623 1482 704 1518 967
716 1483 865 1511 admodum
893 1483 927 1510 ad
943 1490 973 1510 se

177 1530 268 1556 vecat,
287 1529 316 1552 et
341 1533 375 1552 an
405 1526 541 1560 cognitam
574 1527 688 1554 haberet
715 1535 775 1554 eam
798 1527 972 1562 disciplinam

1010 236 1177 272 ἀνηϐάσκειν
1194 236 1223 264 at
1245 236 1396 271 ἐπιστῆμαι
1422 235 1548 271 ἤρξαντο.
1571 234 1657 261 Τοῦτο
1675 234 1705 261 τὸ
1719 234 1802 270 ἔργον

1010 283 1153 310 κάλλιστον
1166 282 1214 310 καὶ
1233 283 1395 318 περιϐόητον
1412 282 1442 309 ὃν
1456 282 1507 308 οὐκ
1519 281 1630 316 ἴσχυσεν
1644 280 1801 308 ἀποπλῦναι

1010 328 1059 360 τὰς
1077 328 1190 360 ἐνούσας
1206 329 1288 359 ἄλλας
1300 328 1338 363 τῷ
1355 328 1446 364 Βάρδᾳ
1468 327 1589 363 κηλῖδας.
1616 327 1672 362 Τῆς
1688 327 1738 362 μὲν
1754 326 1802 354 οὖν

1013 373 1176 409 φιλοσοφίας
1201 374 1328 410 ἐξηγεῖτο
1341 374 1418 401 Λέων
1442 374 1547 405 ἐκεῖνος
1562 374 1576 400 ὁ
1591 373 1679 408 μέγας
1705 381 1735 399 τε
1750 372 1801 400 καὶ

1013 420 1168 455 φιλόσοφος,
1196 420 1305 456 ἀνεψιὸς
1328 419 1367 447 ὣν
1390 420 1478 454 Ἰαννῆ
1501 419 1547 446 τοῦ
1573 419 1755 454 πατριάρχου,
1771 418 1801 450 ὃς

1012 466 1059 492 καὶ
1081 466 1126 492 τὸν
1141 465 1236 501 θρόνον
1262 465 1341 501 ἔλαχε
1364 466 1414 500 τῆς
1444 464 1487 501 [Ρ.
1507 464 1570 501 548]
1587 463 1800 499 Θεσσαλονίκης,

1012 512 1113 547 ἄρτιδὲ
1128 512 1183 540 τῶν
1199 512 1394 548 Εἰκονομᾶχων
1418 511 1637 547 καθαιρεθέντων
1661 510 1804 546 συγκαθη-

1015 557 1080 593 ρέοη
1101 558 1147 585 καὶ
1162 558 1254 592 αὐτὸς,
1268 559 1316 586 καὶ
1334 558 1472 593 σχολάζων
1484 559 1523 590 εἰς
1538 558 1639 592 ταύτην
1655 556 1806 593 προεϐιόᾰι-

1014 603 1076 635 ζετο
1095 603 1144 639 τὴν
1165 604 1274 640 σχολήν.
1307 603 1434 639 Ἐγένετο
1453 604 1482 631 δὲ
1508 604 1640 639 πρότερον
1664 603 1804 639 γνώριμος

1014 649 1136 684 Θεοτίλῳ
1149 650 1187 685 τῷ
1207 650 1313 685 βασιλεῖ
1325 650 1420 678 τοῦτον
1443 650 1489 677 τὸν
1505 651 1616 686 τρόπον.
1633 650 1729 681 Πὰσας
1745 649 1802 684 γὰρ

1015 695 1190 730 κατορθώσας
1205 695 1255 727 τὰς
1274 696 1430 732 ἐπιστήμας
1441 696 1479 728 ὡς
1497 696 1558 723 οὐδὲ
1575 696 1639 731 μίαν
1651 696 1756 731 ἔτερος,
1775 696 1806 721 ὲν

1015 741 1119 768 εὐτελεῖ
1142 751 1195 768 τινι
1219 742 1391 778 καταλύματι
1420 743 1522 777 διάγων
1537 743 1600 774 τοὺς
1623 742 1807 778 βουλομένους

1016 787 1207 822 ὲμυσταγὼγει
1232 788 1329 815 ὁποίαν
1345 788 1462 820 ἕκαστος
1486 787 1618 823 βούλοιτο.
1643 787 1688 820 Ὧς
1714 787 1737 813 δ’
1753 786 1805 822 ἤδη

1018 833 1112 867 χρόνος
1128 833 1304 868 παρετείνετο
1319 834 1365 860 καὶ
1380 833 1474 860 πολλοὶ
1490 833 1562 861 κατὰ
1585 833 1634 865 τὰς
1648 833 1810 867 ἐπιστήμας

978 875 1002 904 Β
1017 878 1198 913 προέκοπτον,
1217 879 1316 914 συνέϐη
1327 879 1388 907 τινὰ
1399 879 1509 906 νεανίαν
1525 879 1574 913 τῆς
1611 878 1809 914 γεωμετρικῆς

1016 925 1173 960 ἐπιστήμης
1193 926 1233 958 είς
1254 926 1338 961 ἄκρον
1364 925 1517 960 ὲληλακότα
1543 925 1707 960 ὺπογραφέα
1728 924 1806 958 γενέ-

1017 971 1079 998 σθαι
1104 972 1178 1004 τινος
1210 971 1374 1007 στρατηγοῦ.
1406 967 1443 1000 Οὗ
1471 971 1618 1007 γενομένου
1645 971 1719 998 κατά
1745 979 1810 998 τινα

1017 1017 1135 1053 πόλεμον
1159 1018 1252 1044 εἵπετο
1265 1018 1313 1044 καὶ
1335 1017 1429 1050 αὐτὸς,
1458 1017 1506 1044 καὶ
1530 1017 1635 1051 τροπῆς
1658 1016 1811 1051 γενομένης

1018 1063 1167 1099 ζωγρεϊται
1182 1063 1229 1090 καί
1243 1072 1296 1090 τινι
1311 1063 1366 1090 τῶν
1379 1063 1519 1098 ἐπιφανῶν
1536 1064 1576 1095 είς
1590 1062 1714 1090 δουλείαν
1737 1062 1811 1088 ἐκδί-

1018 1111 1104 1137 δοται.
1121 1109 1151 1137 Ὀ
1166 1110 1194 1137 δὲ
1210 1110 1280 1137 κατὰ
1292 1110 1367 1137 τόνδε
1385 1110 1430 1137 τὸν
1442 1109 1538 1144 καιρὸν
1551 1108 1606 1136 τῶν
1628 1107 1812 1144 Ἰσμαηλιτῶν

1019 1155 1164 1191 κατάρχων
1183 1155 1309 1190 Μαμοὺμ
1338 1155 1430 1187 ἄλλοις
1452 1163 1481 1181 τε
1504 1154 1665 1190 μαθήμασιν
1688 1153 1811 1188 Ἐλληνι-

1021 1203 1076 1233 κοῖς
1088 1201 1227 1237 σχολάζων
1241 1202 1290 1229 καὶ
1312 1201 1344 1236 δὴ
1364 1201 1412 1228 καὶ
1431 1201 1601 1237 γεωμετρίας
1622 1199 1809 1236 διαφερόντως

1021 1247 1181 1284 ἐξεχόμενος
1193 1246 1241 1284 ἦν.
1257 1248 1345 1283 Λόγου
1361 1248 1389 1274 δέ.
1408 1256 1473 1275 ποτε
1491 1248 1648 1284 κινηθέντος
1664 1247 1739 1283 παρὰ
1762 1245 1814 1273 τοῦ

1021 1294 1066 1321 τὴν
1082 1294 1189 1322 νεανίαν
1205 1294 1314 1330 ἔχοντος
1328 1295 1459 1333 δεσπότου
1483 1295 1549 1330 περὶ
1561 1294 1611 1329 τῆς
1625 1294 1666 1325 εἰς
1678 1294 1711 1320 τὰ
1723 1293 1813 1328 μαθή-

1025 1349 1098 1376 ματα
1116 1341 1234 1376 σπουδῆς
1257 1341 1304 1368 τοῦ
1320 1341 1504 1376 ἁμερμουμνῆ
1532 1341 1579 1368 καὶ
1603 1341 1654 1376 τῆς
1670 1341 1736 1375 περὶ
1763 1339 1813 1373 τὴν

1022 1387 1195 1422 γεωμετρίαν
1209 1387 1380 1422 ἐπιμελείας,
1398 1387 1543 1413 ι’Δκοῦσαι
1558 1386 1667 1419 τούτου,
1677 1395 1687 1413 ι
1703 1383 1782 1412 εἶπεν
1799 1386 1816 1411 ὁ

1023 1434 1156 1467 νεανίας,ι
1170 1434 1297 1470 ἐπιθυμῶ
1309 1434 1421 1461 καὶτῶν
1431 1434 1515 1461 αὑτοῦ
1527 1433 1706 1465 διδασκάὶων,
1718 1433 1767 1459 καὶ
1780 1432 1814 1466 ἣν

1025 1480 1115 1515 ἔχουσι
1130 1481 1194 1516 περὶ
1209 1481 1258 1516 τὴν
1273 1480 1447 1515 γεωμετρίαν
1465 1479 1635 1514 κατανοῆσαι
1649 1478 1780 1512 σπουδήν.
1801 1486 1812 1503 ι

1027 1526 1134 1560 Ἐμαθε
1160 1526 1267 1554 τοῦτοό
1290 1527 1425 1562 Μαμοὺμ,
1455 1527 1502 1554 καὶ
1535 1526 1604 1562 μετὰ
1633 1525 1815 1560 περιχαρείας

177 1570 287 1605 qna-rit,
306 1574 333 1597 et
353 1571 436 1598 aienti
461 1571 540 1599 ﬁdem
559 1572 683 1607 derogat,
700 1580 732 1600 eo
748 1577 871 1608 tempore
885 1573 971 1600 nemi-

1025 1572 1193 1599 είσκαλεῖται
1215 1572 1262 1599 τὸν
1289 1573 1350 1600 νέον
1378 1572 1491 1608 πολλῆς,
1515 1573 1562 1600 καὶ
1589 1571 1816 1608 παραγενόμενον

177 1623 241 1643 nem
273 1621 374 1651 pra-ter
403 1624 469 1645 suos
500 1618 648 1652 magistros
677 1619 832 1653 geometriae
858 1627 973 1654 gnarum

178 1669 239 1689 esse
249 1667 349 1689 conten
361 1663 430 1690 lens.
444 1662 556 1692 Iuvenis
570 1671 668 1698 cupere
681 1672 710 1692 se
724 1672 818 1692 eorum
828 1665 972 1693 scientiam

178 1709 338 1736 esaminarc
352 1717 415 1736 cum
433 1710 548 1742 diceret.
565 1710 657 1737 statim
684 1710 702 1737 ii
726 1715 826 1745 praesto
851 1710 974 1743 luerunt,

181 1756 338 1790 ﬁgurasque
354 1756 436 1782 trium
451 1760 478 1784 et
493 1760 615 1792 quatuor
638 1757 806 1792 angulorum
820 1757 975 1792 descripse-

180 1806 255 1833 runt,
275 1805 301 1829 et
315 1801 341 1828 in
360 1802 479 1830 medium
511 1810 633 1831 canones
651 1804 850 1838 principiorum
866 1811 976 1839 geome-

179 1847 240 1874 tri:e
257 1848 441 1880 adduxerunt,
472 1849 584 1876 nomina
615 1850 764 1884 ﬁgurarum
795 1854 975 1885 exponentes,

181 1893 257 1920 nulla
271 1893 380 1922 interim
400 1894 504 1922 reddita
537 1902 620 1923 causa
653 1900 699 1922 aut
731 1895 838 1930 prolata
863 1895 977 1923 demon-

182 1939 326 1966 stratione.
343 1939 396 1967 Eos
416 1947 478 1967 eum
505 1940 597 1968 animo
614 1941 703 1968 elatos
728 1941 835 1976 jactare
855 1948 917 1968 sese
941 1940 976 1968 ob

184 1986 398 2020 descriptionem
440 1986 587 2021 ﬁgurarum
631 1986 737 2014 videret
765 1987 886 2022 juvenis.
920 1986 975 2013 lltl

185 2033 271 2065 omni,
291 2032 390 2067 inquit,
418 2033 524 2060 ratione
554 2037 637 2067 atque
652 2041 682 2060 re
707 2040 818 2060 causam
831 2034 977 2062 continens

185 2078 387 2105 demonstratio
416 2079 570 2114 principem
601 2079 708 2106 obtinet
731 2080 831 2107 locum.
850 2079 908 2112 Qua
929 2087 977 2107 vos

185 2125 301 2157 omissa,
317 2132 378 2151 cum
395 2132 456 2152 esse
475 2133 530 2152 rem
550 2126 744 2153 tantummodo
773 2126 885 2158 dicatis,
907 2134 976 2160 prae-

186 2172 266 2206 cipua
282 2171 440 2206 ignorantes
457 2171 583 2199 videmini
597 2172 662 2198 mihi
677 2180 730 2199 non
742 2172 837 2199 leviter
850 2180 954 2200 errare.
965 2182 974 2198 ι

187 2218 360 2245 llatrenttbus
389 2219 423 2246 iis
451 2223 478 2246 et
510 2224 537 2246 ut
567 2227 667 2246 causas
710 2219 769 2254 ipsc
802 2219 977 2246 demonstra-

187 2269 229 2291 rct
265 2264 430 2300 petentibus,
465 2273 514 2291 cur
542 2265 645 2300 qumvis
674 2265 759 2299 ﬁgura
788 2261 845 2292 hoc
878 2273 976 2292 nomen

187 2314 215 2337 et
255 2309 325 2336 hanc
355 2310 568 2338 delineationem
603 2311 727 2344 haberet,
757 2311 853 2339 ordine
889 2317 981 2339 osten-

187 2356 237 2383 dit.
262 2356 282 2383 li
309 2355 343 2382 ad
384 2357 424 2383 rei
467 2357 677 2392 intelligentiam
705 2356 814 2384 deducti
844 2357 980 2384 hominem

187 2410 271 2438 porro
312 2402 439 2430 admirati
471 2403 651 2438 interrogant,
696 2403 801 2431 aliosne
830 2403 910 2430 etiam
939 2407 981 2430 ta-

188 2450 229 2478 les
270 2449 432 2484 Byzantium
476 2449 599 2478 baberet.
639 2449 669 2477 Et
709 2457 783 2479 cum.
829 2450 980 2484 responde-

188 2501 231 2524 ret
244 2497 387 2532 plurimos,
405 2504 437 2524 ac
460 2503 491 2524 se
520 2496 719 2531 discipulorum
748 2496 904 2528 minimum,
927 2503 982 2523 non

189 2550 222 2570 ex
238 2544 432 2578 magistrorum
449 2551 511 2571 esse
539 2550 665 2576 numero,
690 2542 844 2570 Mamumus
872 2550 980 2570 rursum

189 2590 223 2616 de
236 2590 350 2617 doctore
365 2590 473 2624 quaerit.
499 2590 563 2624 quis
581 2589 626 2616 ille
641 2593 668 2616 et
683 2596 718 2615 an
750 2588 840 2616 adhuc
867 2589 979 2616 viveret.

190 2635 349 2669 Respondet
365 2634 484 2662 Leonem
504 2642 566 2662 esse
585 2634 612 2662 in
629 2635 698 2662 vivis
716 2634 815 2666 adhuc,
831 2635 940 2670 inopem
956 2639 983 2662 et

189 2681 275 2716 958
290 2681 357 2707 nulli
373 2681 419 2707 aiii
433 2681 471 2708 rei
487 2689 568 2715 quam
582 2681 706 2709 scientiis
731 2681 866 2708 deditum.
885 2682 983 2709 Statim

191 2735 258 2761 ergo
273 2726 393 2754 adhunc
406 2726 512 2754 litteras
539 2727 565 2753 in
588 2727 659 2754 hanc
686 2728 852 2755 sententiam
876 2727 984 2754 Mamu-

193 2780 255 2800 mus
271 2773 391 2800 scribit:
411 2781 421 2799 ι
441 2772 477 2799 Ex
503 2773 594 2800 fructu
623 2774 761 2804 arborem.
790 2781 823 2801 ex
849 2774 985 2810 discipulo

194 2819 356 2854 magistrum
369 2819 543 2854 agnovimus.
557 2818 627 2853 Ergo
646 2821 685 2851 tu,
713 2818 759 2853 qui
787 2823 863 2846 tanta
894 2827 984 2847 rerum

194 2864 350 2895 instructus
362 2865 477 2896 scientia
490 2866 600 2902 ignotus
618 2865 673 2894 tuis
702 2865 810 2896 civibus
842 2866 985 2902 sapientiae

1025 1619 1191 1646 ἐπυνθάνετο
1213 1620 1236 1646 εἰ
1253 1619 1354 1653 γνῶσιν
1376 1620 1434 1655 ἔχει
1457 1620 1508 1654 τῆς
1521 1619 1649 1654 τοιαύτης
1661 1618 1817 1652 δυνάμεως.

1026 1665 1272 1700 Συγκαταθεμένου
1283 1666 1305 1692 δ’
1325 1667 1431 1694 ἐκείνου
1449 1666 1559 1701 ἠπίστει
1573 1668 1587 1693 ὁ
1602 1666 1752 1702 βάρὸαρος,
1768 1665 1817 1692 καὶ

1025 1710 1168 1737 διετείνετο
1194 1710 1297 1747 μηδένα
1320 1710 1414 1746 ἕτερον
1440 1710 1511 1739 εἶναι
1535 1711 1604 1746 πλὴν
1627 1710 1681 1738 τῶν
1706 1710 1815 1737 ἐκείνου

1025 1756 1193 1783 διδασκάλων
1218 1757 1269 1792 τῆς
1296 1758 1488 1793 γεωμετρικῆς
1514 1758 1671 1794 ἐπιστήμης
1686 1757 1823 1793 είδήμονσι

1027 1801 1099 1829 κατὰ
1110 1796 1159 1837 τὴν
1174 1802 1235 1829 τότε
1251 1804 1368 1838 ἡμέραν.
1387 1804 1553 1839 Ἰμείρεσθαι
1568 1804 1596 1831 δὲ
1612 1804 1750 1838 φήσαντος
1768 1802 1817 1828 τοῦ

1027 1849 1171 1876 νεανίσκου
1199 1850 1254 1877 τῶν
1281 1849 1364 1882 αὺτοῦ
1390 1849 1559 1876 διδασκάλων
1586 1851 1684 1884 πεῖραν
1712 1848 1817 1879 λαὸεῖν.

1029 1896 1125 1922 θᾶττον
1145 1895 1161 1930 ἦ
1174 1895 1253 1930 λόγος
1268 1893 1341 1923 οὗτοι
1357 1896 1551 1931 παρίστανται,
1563 1896 1611 1922 καὶ
1625 1895 1819 1930 διεχαράττον-

1028 1951 1057 1967 το
1088 1942 1215 1976 σχήματα
1234 1941 1357 1978 τρίγωνα
1389 1943 1435 1969 καὶ
1451 1942 1622 1977 τετράγωνα,
1644 1941 1690 1968 καὶ
1706 1940 1819 1970 κανόνες

1029 1989 1068 2019 εἰς
1079 1988 1162 2021 μέσον
1175 1987 1353 2022 προύτίθεντο
1381 1987 1427 2014 τοῦ
1445 1986 1629 2022 στοιχειωτοῦ,
1645 1987 1675 2013 τὸ
1695 1986 1755 2021 μὲν,
1776 1985 1822 2011 ὅτι

1028 2034 1059 2060 τὸ
1080 2034 1173 2069 σχῆμα
1200 2034 1260 2060 τόδε,
1285 2034 1365 2070 τήνδε
1384 2034 1463 2069 φέρει
1488 2034 1537 2069 τὴν
1564 2034 1660 2068 κλῆσιν
1685 2033 1732 2060 καὶ
1757 2032 1819 2059 τόδε

1028 2080 1120 2115 τήνδε,
1131 2080 1315 2112 διδάσκοντες,
1331 2080 1421 2107 αἰτίαν
1436 2080 1464 2106 δὲ
1482 2081 1530 2107 καὶ
1548 2079 1625 2114 λόγον
1643 2080 1691 2106 καὶ
1705 2079 1735 2106 τὸ
1750 2079 1820 2105 διότι

1030 2126 1192 2153 ἀπεδίδοσαν
1216 2126 1352 2161 οὐδαμῶς.
1380 2126 1425 2158 Ὠς
1451 2124 1498 2153 οὖν
1523 2126 1597 2161 ἑώρα
1613 2124 1819 2161 γαυρουμένους

1030 2175 1129 2206 αὐτοὺς
1140 2174 1154 2200 ὁ
1166 2174 1276 2205 νεανίας
1301 2175 1348 2200 καὶ
1371 2174 1444 2209 μέγα
1459 2172 1626 2209 φρονοῦντας
1643 2173 1689 2198 ἐπὶ
1711 2174 1744 2207 τῇ
1763 2171 1818 2198 τῶν

1032 2222 1180 2256 σχημάτων
1192 2221 1370 2256 καταγραφῇ,
1382 2229 1391 2246 ι
1405 2221 1470 2246 Ἐπὶ
1491 2219 1591 2251 παντὸς
1600 2220 1691 2253 λόγου,
1701 2216 1724 2246 ὦ
1735 2215 1818 2249 οὗτοι,

1032 2266 1046 2292 ὁ
1066 2265 1176 2297 νεανίας
1198 2265 1261 2299 ἔφη,
1296 2266 1344 2291 καὶ
1371 2265 1535 2300 πράγματος
1548 2265 1579 2291 τὸ
1600 2264 1667 2291 διότι
1681 2263 1711 2290 τδ
1736 2263 1821 2298 κῦρος

1032 2312 1089 2346 ἔχει
1100 2320 1107 2328 ’
1122 2312 1201 2347 ὑμεῖς
1217 2311 1245 2337 δὲ
1264 2311 1312 2346 τὴν
1329 2310 1447 2346 ὓπαρξιν
1466 2311 1549 2346 μόνην
1563 2310 1700 2344 λέγοντες,
1713 2310 1777 2340 τοὺς
1792 2308 1821 2335 δὲ

1032 2358 1128 2392 λόγους
1142 2358 1363 2393 παρατρέχοντες
1378 2358 1427 2392 οὐχ
1445 2357 1546 2391 ἥκιστά
1559 2365 1603 2392 μοι
1623 2355 1823 2391 διαμαρτάνειν

1033 2405 1147 2435 δοκεῖτε,
1162 2404 1192 2431 τὸ
1206 2403 1373 2439 κυριώτερον
1389 2403 1561 2437 ἀγνοοῦντες.
1584 2412 1593 2428 ι
1605 2402 1665 2429 Τῶν
1680 2402 1708 2428 δὲ
1725 2401 1822 2428 διαπο-

1035 2451 1176 2487 ρησάντων
1189 2451 1236 2477 καὶ
1254 2450 1302 2481 τὰς
1314 2450 1404 2482 αἰτίας
1418 2449 1522 2476 τούτων
1537 2449 1701 2484 διευκρινεῖν
1717 2447 1765 2474 καὶ
1780 2447 1822 2473 δι-

1033 2497 1145 2524 δάσκειν
1173 2495 1417 2531 παρακαλούντων,
1446 2495 1508 2522 ἐπεὶ
1530 2493 1747 2529 διερμηνεύοντα
1775 2492 1825 2520 καὶ

1034 2542 1218 2576 σαφηνίζοντα
1230 2541 1334 2573 ταύτας
1353 2541 1493 2577 εὕρισκον,
1503 2541 1541 2572 ὡς
1554 2541 1613 2567 τόδε
1632 2540 1682 2575 μὲν
1696 2539 1740 2566 διὰ
1749 2539 1822 2570 τόδε,

1033 2589 1092 2616 τόδε
1108 2588 1137 2616 δὲ
1152 2588 1196 2615 διὰ
1211 2588 1272 2615 τόδε
1286 2588 1336 2623 τὴν
1356 2588 1507 2623 εἰρημένην
1531 2586 1628 2621 κλῆσίν
1643 2595 1673 2613 τε
1692 2586 1739 2612 καὶ
1754 2594 1823 2621 γρα-

1034 2635 1089 2670 φὴν
1116 2635 1184 2670 ἔχει,
1202 2635 1250 2662 καὶ
1267 2635 1326 2669 ἅμα
1349 2636 1363 2661 ὁ
1381 2634 1444 2666 νοῦς
1471 2634 1561 2661 αὐτῶν
1589 2633 1743 2669 διηνοίγετο
1776 2634 1824 2660 καὶ

1033 2681 1087 2707 τῶν
1101 2681 1257 2715 λεγομένων
1271 2680 1407 2712 συνίεσαν,
1418 2679 1519 2714 θάμϐει
1530 2679 1622 2706 λοιπὸν
1634 2679 1822 2714 συσχεθέντες,

1035 2728 1059 2752 εί
1075 2727 1123 2753 καὶ
1142 2726 1239 2758 ἄλλους
1258 2726 1315 2762 ἔχει
1341 2726 1480 2758 τοιούτους
1503 2726 1533 2752 τὸ
1552 2726 1699 2757 Βυζάντιον
1714 2725 1823 2759 ἐπηρώ-

1035 2782 1100 2800 των.
1119 2774 1268 2809 Είρηκότος
1287 2773 1316 2799 δὲ
1329 2773 1425 2800 τούτου
1442 2773 1587 2804 πλείστους
1602 2773 1630 2798 ὲν
1648 2771 1722 2806 αὑτῷ
1740 2769 1821 2803 εἶναι,

1037 2820 1083 2845 καὶ
1097 2819 1192 2845 ἑαυτὸν
1218 2819 1263 2845 τὸν
1280 2819 1392 2853 ἔσχατον
1408 2817 1462 2844 τῶν
1485 2817 1613 2852 μαθητῶν
1635 2817 1693 2842 ἀλλ’
1717 2825 1748 2842 ου
1771 2816 1825 2842 τῶν

1037 2866 1228 2898 διδασκςεντωκν,
1253 2865 1376 2900 περὶτοῦ
1396 2864 1556 2891 διδασκάλου
1580 2862 1660 2890 πέοιν
1678 2862 1823 2890 διεπυνθάπ
