2046 3149
245 131 313 163 1οΕ3

784 131 1055 163 HISTORIABUM
1074 131 1335 165 COMPEN'DIUM.

1797 132 1866 166 1054

242 200 328 227 νοντο,
343 191 386 224 τίς
401 201 430 219 τε
457 192 499 228 εἴη
513 193 561 220 καὶ
580 193 604 219 εἰ
622 192 772 228 περίεστιν.
797 193 827 219 '0
844 193 871 220 δὲ
898 193 973 225 ὅστις
989 202 1018 220 τε

1072 191 1189 219 fructum
1197 200 1250 220 non
1267 191 1333 225 fers,
1345 199 1379 220 ne
1392 191 1544 228 dedigneris
1556 191 1589 220 ad
1600 199 1650 220 nos
1661 191 1754 221 venire
1765 196 1867 227 tuaque

241 239 283 274 εἴη
298 239 473 274 ἀπεκρίνατο,
492 240 540 266 καὶ
550 239 587 271 ὠς
601 239 641 266 ἐτι
653 239 794 274 περίεστιν
811 239 956 274 ἀκτήμονα
966 240 1024 275 βίον

241 285 315 316 ἄγων
332 284 379 311 καὶ
398 284 466 320 μηδέ
482 293 552 312 τισιν
568 285 657 317 ἄλλοις
674 285 732 312 ἀλλ’
746 285 763 320 ἢ
786 285 880 320 μόναις
892 287 952 317 ταῖς
964 286 1025 313 ὲπι-

242 330 361 365 στήμαις
389 330 601 365 προσηλωμένον
625 330 695 366 ἔχων
720 331 767 357 τὸν
792 329 836 366 [Ρ.
863 330 926 367 549]
951 330 1024 358 νοῦν.

241 375 394 410 Γράμματα
409 375 475 410 γοῦν
490 375 571 408 εὐθὺς
584 377 599 402 ὁ
612 377 736 411 Μαμοὺμ
752 375 807 412 (48)
828 377 896 412 πρὸς
920 378 1025 404 ικετνον

240 421 425 456 διαχαράττει,
438 422 512 448 τόνδε
524 424 569 449 τδν
581 421 642 449 νοῦν
657 423 764 457 ἔχοντα·
777 432 785 448 ι
800 423 848 450 Ἐκ
861 422 908 450 τοῦ
917 423 1024 459 καρποῦ

239 467 270 493 τὸ
287 467 395 503 δένδρον
421 468 468 494 καὶ
485 468 518 494 ἐκ
544 468 591 494 τοῦ
611 468 734 503 μαθητοῦ
755 469 878 504 ἔγνωμεν
892 469 938 496 τὸν
953 468 1026 496 διδά-

241 513 350 540 σκαλον.
384 513 462 540 Ἐπεὶ
483 514 549 547 γοῦν
577 514 735 549 τηλικοῦτος
755 514 793 541 ὢν
811 516 875 550 περὶ
898 516 949 551 τὴν
970 516 1025 543 τῶν

239 557 323 584 ὄντων
339 558 496 593 ἐπιστήμην
514 558 652 592 ἄγνωστος
664 557 690 585 εἴ
700 561 757 591 τοῖς
774 560 1024 595 συμπολίταις.τῆς

240 603 368 638 γνώσεως
395 605 443 630 καὶ
469 603 567 638 σοφίας
590 604 696 639 καρπὸν
732 605 771 640 μὴ
789 605 966 641 δρεπόμενος,
987 605 1024 641 μὴ

237 648 397 684 ἁπαξιώσῃς
411 649 497 676 ἐλθεῖν
516 650 584 685 πρὸς
594 651 668 686 ἡμᾶς
681 651 729 677 καὶ
747 651 798 685 τῆς
814 652 864 684 σῆς
892 651 1023 685 μεταδοῦ-

238 703 282 721 ναι
308 696 415 729 σοφίας.
435 696 590 731 Ἐρχομένῳ
615 696 670 731 γάρ
694 704 736 723 σοι
758 696 859 731 αὐχένα
881 697 1024 724 ὑποχλινεῖ

238 741 316 773 γένος
336 740 409 768 ἅπαν
431 741 462 768 τὸ
485 741 540 767 τῶν
566 742 744 777 Σαρακηνῶν,
765 743 812 769 καὶ
832 742 947 768 πλούτου
976 743 1024 769 καὶ

236 787 346 822 δωρεῶν
358 787 498 823 ἀξιωθήσῃ
512 784 549 814 ὧν
565 788 619 815 οὐδ’
631 785 671 820 εἷς
683 787 793 815 πώποτε
805 788 859 815 τῶν
870 789 917 815 ἀνθ
922 788 1022 824 ρώπων

236 832 361 867 ἠξίωται.
387 841 396 858 ι
412 832 507 860 Ταῦτα
522 833 557 860 τὰ
584 833 737 869 γράμματα
762 834 824 866 δοὺς
840 834 879 871 τῷ
890 834 1022 870 νεανίσκῳ

237 879 286 906 καὶ
313 878 410 913 δώροις
434 879 703 915 φιλοφρονησάμενος
731 880 869 916 ὲκπέμπει
885 881 953 916 πρὸς
976 881 1022 907 τὸν

236 923 409 952 διδάσκαλον.
433 924 464 952 '0
488 925 515 952 δὲ
539 925 685 957 διασωθεὶς
706 925 775 960 πρὸς
793 926 844 961 τὴν
862 925 1021 961 βασιλεύοι).

237 977 285 995 σαν
310 969 358 996 καὶ
377 964 467 1001 ζῶντα
487 969 532 995 τον
558 969 702 1004 φιλόσοφον
726 969 852 1005 εὑρηκὼς
879 970 1020 997 ἐπιδίδωσι

235 1014 323 1041 ταῦτα
335 1015 370 1042 τὰ
394 1015 558 1050 γράμματα.
578 1015 607 1041 '0
622 1015 650 1042 δὲ
671 1016 721 1042 οὐκ
740 1016 881 1043 ἀκίνδυνον
892 1014 962 1043 εἶναι
978 1017 1021 1044 λο-

234 1060 383 1095 γισάμενος
397 1061 421 1087 εί
435 1060 546 1096 γραφὴν
570 1061 624 1088 ἀπὸ
640 1062 695 1088 τῶν
712 1062 817 1097 ἐχθρῶν
830 1061 931 1094 δέξαιτο
945 1063 1020 1098 είδὴ-

236 1113 305 1137 σεως
333 1106 398 1133 ἄνευ
419 1105 574 1141 βασιλικῆς,
607 1108 734 1140 πρόσεισι
751 1107 794 1142 ξτῷ
818 1108 949 1144 λογοθὲτῃ
973 1108 1019 1135 τοῦ

234 1151 337 1188 δρόμου
350 1151 524 1187 (Θεόκτιστος
535 1150 611 1184 οὗτος
621 1151 665 1188 ἦν,
682 1154 695 1180 ό
707 1153 783 1189 παρὰ
792 1154 839 1180 τοῦ
850 1154 940 1189 Βάρδα
950 1155 1019 1189 μετὰ

235 1197 323 1224 ταῦτα
339 1198 505 1234 ἀναιρεθεὶς)
531 1199 579 1225 καὶ
609 1199 744 1234 διηγεῑται
768 1200 842 1231 ὅπως
858 1208 887 1226 τε
904 1200 1018 1234 ἀφίκετο

233 1243 303 1278 «pb;
317 1243 398 1270 αὒτδν
409 1244 424 1269 ὁ
437 1244 608 1278 αἰχμάλωτος
624 1244 759 1279 μαθητὴς,
774 1246 820 1271 καὶ
834 1245 908 1276 ὅπως
924 1246 1016 1280 γράμ-

235 1297 271 1324 μα
287 1288 362 1324 αὐτῷ
382 1290 602 1325 προσκεκόμικεν
624 1290 656 1316 ὲκ
679 1290 726 1317 τοῦ
755 1291 948 1326 ἀμερμουμνῆ,
971 1292 1018 1318 καὶ

232 1335 291 1370 ἅμα
305 1333 356 1370 τὴν
375 1335 484 1370 γραφὴν
501 1334 625 1361 ὲκΰαλὼν
645 1335 685 1366 είς
698 1336 793 1369 χεῖρας
808 1335 925 1362 δίδωσιν.
942 1335 1016 1370 Αὕτη

232 1381 249 1416 ἡ
263 1381 336 1408 αἰτία
351 1381 390 1415 τῷ
405 1380 543 1415 φιλοσόφῳ
558 1380 653 1406 Λέοντι
667 1380 736 1415 πρὸς
756 1380 802 1407 τὸν
815 1380 927 1415 βασιλέα
943 1380 1015 1415 γνῶν

234 1435 277 1458 σις
291 1427 397 1460 γίνεται
423 1427 470 1453 καὶ
492 1426 641 1457 οἰκείωσις,
657 1427 704 1452 καὶ
727 1427 740 1452 ό
766 1426 871 1460 λεχθεὶς
890 1426 1015 1461 μαθητὴς

231 1471 281 1507 τὴν
294 1471 343 1498 τοῦ
357 1472 470 1504 Λέοντος
485 1472 581 1507 σοφίαν
592 1471 896 1508 ἔτβκριδπτομένηνυὲδη
902 1473 1014 1507 μοσίευ-

1077 244 1128 264 nos
1144 237 1427 272 doctrinaimpertire.
1444 238 1569 266 Venienti
1585 238 1656 266 enim
1670 238 1719 266 tibi
1735 241 1790 265 tota
1801 238 1867 265 Sar-

1077 284 1199 310 raccnica
1217 283 1292 310 natio
1309 284 1442 312 cervicem
1470 285 1626 317 submittet,
1652 284 1743 319 iisque
1761 284 1865 314 divitiis

1076 331 1104 354 et
1118 327 1197 355 donis
1213 329 1403 358 cumulaberis
1416 330 1518 364 quibus
1534 337 1616 357 nemo
1644 336 1765 364 unquam
1776 329 1867 356 homi-

1078 381 1154 401 num.
1172 383 1182 400 ›
1205 374 1258 402 Has
1274 376 1381 403 litteras
1397 375 1494 410 juveni
1522 375 1674 403 liberaliter
1703 376 1804 402 donato
1819 375 1865 403 dat

1076 418 1160 446 Lenni
1178 420 1337 448 tradendas.
1355 422 1436 456 lsque
1452 421 1612 457 Byzantium
1641 421 1787 449 incolumis
1802 429 1865 456 per-

1076 465 1160 498 latus,
1179 473 1242 492 cum
1253 465 1370 493 Leonem
1388 467 1478 493 adhuc
1489 467 1580 493 vivum
1607 467 1762 501 reperisset,
1779 467 1802 494 ei
1820 467 1865 492 lit-

1076 515 1149 538 teras
1164 511 1263 538 reddit.
1285 511 1341 540 Leo
1359 513 1545 547 periculosum
1565 513 1808 541 sentienslitteras
1828 513 1864 538 ab

1075 557 1155 585 hoste
1169 558 1306 592 accipere,
1327 558 1469 586 nesciente
1485 558 1512 585 id
1530 559 1703 593 imperatore.
1735 558 1863 585 Theocti-

1074 607 1147 631 stum
1158 603 1323 638 logothetam
1338 604 1439 636 dronti,
1453 611 1535 639 quem
1549 604 1656 631 deinde
1675 611 1689 630 a
1703 603 1791 630 Barda
1819 603 1862 630 in-

1076 648 1219 676 terfectum
1235 649 1390 680 docuimus,
1403 649 1519 681 accedit,
1544 654 1573 677 et
1606 653 1699 676 narrat
1725 650 1863 684 quomodo

1074 695 1227 730 discipulus
1238 703 1307 724 suus
1329 697 1453 731 captivus
1475 695 1588 723 redierit
1619 696 1778 732 litterasque
1809 695 1860 723 sibi

1074 742 1107 768 ah
1127 749 1314 769 amermumua
1330 742 1453 769 attulerit
1471 750 1478 774 ;
1509 742 1645 776 simulque
1671 750 1718 770 eas
1739 742 1859 770 exhibet.

1075 787 1130 814 lloc
1148 787 1227 815 modo
1248 787 1350 815 Leonis
1365 788 1392 815 in
1410 787 1522 815 occulto
1537 792 1692 815 versantem
1707 787 1859 815 doctrinam

1075 833 1228 868 discipulus
1244 834 1271 860 in
1289 834 1377 861 lucem
1393 834 1533 869 produxit,
1552 837 1635 869 atque
1651 834 1702 860 hac
1717 833 1861 862 occasioni

1029 878 1061 898 -”
1076 880 1235 914 imperatori
1248 879 1369 906 innotuit
1388 886 1420 907 ac
1449 878 1594 907 familiaris
1619 884 1662 907 est
1692 878 1779 906 factus
1794 879 1858 906 Leo.

1073 923 1171 951 Statim
1189 925 1262 952 enim
1280 924 1303 952 is
1326 932 1388 952 eum
1418 925 1528 956 accivit,
1554 925 1725 959 dilatumque
1753 924 1861 960 publice

1071 969 1278 1004 docerejussit,
1286 970 1422 1005 gymnasii
1440 970 1466 997 in
1481 978 1559 998 usum
1569 970 1593 998 ei
1607 971 1760 998 concedens
1774 970 1857 997 aedem

1070 1016 1254 1051 Quadraginta
1270 1010 1434 1052 Martyrum.
1453 1016 1505 1043 Sed
1533 1016 1684 1043 Mamumns
1711 1016 1809 1044 Leonis
1824 1016 1858 1043 ad

1070 1070 1100 1090 se
1121 1063 1239 1090 adventu
1258 1062 1415 1098 desperato,
1435 1062 1617 1098 geometricas
1647 1061 1731 1098 969
1754 1062 1858 1096 aliquot

1070 1109 1330 1143 astronomicasque
1341 1113 1369 1136 et
1381 1109 1496 1135 aliarum
1506 1108 1682 1136 scientiarth
1690 1107 1858 1142 qumstionos

1069 1154 1102 1181 ad
1116 1161 1177 1181 eum
1196 1154 1293 1187 mittit,
1317 1154 1484 1181 solutionem
1506 1161 1602 1181 earum
1627 1160 1755 1188 poscens.
1781 1152 1856 1185 Quas

1068 1207 1130 1226 cum
1147 1198 1202 1226 Leo
1214 1204 1287 1226 recte
1306 1206 1403 1226 omnes
1416 1200 1606 1231 discussisset,
1625 1203 1654 1226 et
1665 1198 1856 1225 admirationis

1067 1245 1218 1272 excitanda
1231 1245 1317 1279 gratia
1335 1245 1416 1272 simul
1432 1245 1554 1280 quaedam
1582 1244 1675 1271 futura
1692 1241 1856 1278 praedicendi

1067 1290 1142 1324 signa
1160 1290 1358 1324 adscripsisset,
1370 1289 1524 1316 Mamumus
1540 1289 1642 1316 litteris
1660 1289 1721 1316 istis
1732 1288 1853 1323 acceptis

1066 1336 1187 1361 animum
1216 1335 1354 1362 desiderio
1378 1335 1438 1369 ejus
1458 1335 1599 1362 sauciatus
1632 1333 1719 1361 fertur
1754 1340 1853 1368 magna

1068 1387 1133 1407 voce
1148 1380 1330 1413 exclamasse,
1348 1380 1533 1407 admiratione
1548 1383 1630 1407 tantae
1650 1379 1711 1413 ejus
1724 1379 1775 1406 viri
1803 1378 1854 1405 do-

1068 1426 1175 1452 ctrinae.
1187 1426 1285 1453 Statim
1301 1433 1366 1460 ergo
1381 1425 1415 1453 ad
1432 1425 1615 1460 Theophilum
1632 1424 1738 1459 legatos
1752 1423 1848 1455 mittit,

1066 1479 1126 1498 cum
1142 1472 1241 1499 litteris
1253 1473 1311 1499 lucc
1325 1471 1562 1506 signiﬁcantibus:
1577 1480 1586 1495 ι
1604 1469 1852 1504 Statueram.quod

231 1524 272 1543 σε’
291 1517 489 1552 προσκαλεῖται
508 1517 562 1553 γὰρ
582 1518 620 1550 ὡς
643 1519 724 1553 τάχος
750 1518 832 1545 αὑτὸν
846 1519 860 1545 ὁ
887 1518 1014 1553 βασιλεὺς

1068 1521 1109 1545 est
1120 1516 1230 1552 genuini
1247 1517 1327 1544 amici
1345 1515 1548 1551 ollicium,ipse
1562 1515 1596 1543 ad
1622 1521 1648 1542 te
1673 1515 1767 1542 venire
1781 1523 1788 1541 :
1805 1514 1853 1541 sed

231 1563 279 1590 καὶ
293 1563 430 1595 πλουτίζει
453 1563 500 1589 καὶ
525 1563 643 1599 δημοσίᾳ
668 1563 803 1590 διδάσκειν
818 1564 1012 1599 προτρέπεται,

231 1607 440 1642 κατοικητήριον
459 1607 594 1642 ἀφορίσας
614 1607 690 1641 αὐτῷ
705 1608 751 1634 τὸν
777 1607 849 1634 θεῖον
874 1608 936 1636 ναὸν
960 1609 1015 1635 τῶν

231 1653 443 1688 Τεσσεράκοντα
455 1653 618 1680 καλλινίκων
633 1654 729 1689 Μαρτύ
735 1663 798 1689 ρων,
809 1655 838 1681 ’0
852 1655 881 1681 δὲ
892 1655 1015 1690 Μαμοίιμ

229 1697 366 1732 ἀπογνοὺς
379 1697 428 1732 τὴν
439 1697 485 1724 τοῦ
503 1697 650 1732 φιλοσόφου
662 1698 752 1732 ἄφιξιν
766 1700 883 1734 ἀπορίας
898 1700 1014 1734 ἐκθέμε-

231 1751 275 1773 νος
289 1743 486 1779 γεωμετρικῶν
498 1744 544 1770 καὶ
561 1744 767 1778 ἀστρονομικών
784 1745 951 1780 ζητημάτων
966 1745 1013 1772 καί

230 1797 312 1815 τινων
339 1788 427 1815 ἄλλων
458 1788 628 1823 μαθημάτων
654 1789 805 1823 ἐκπέμπει,
840 1789 889 1820 τὰς
922 1789 1013 1821 λύσεις

230 1834 430 1869 σαφηνισθῆναί
446 1835 471 1860 οἱ
497 1834 719 1869 ἐξαιτησάμενος.
751 1835 794 1864 Ὠς
815 1834 838 1860 δ’
863 1835 982 1868 ἑκάστην
998 1836 1012 1861 ό

229 1880 305 1906 Λέων
334 1879 448 1915 ζήτησιν
474 1879 616 1907 διελύσατο
643 1879 790 1915 ἁρμοδίως,
820 1880 968 1915 προσέθετο
982 1880 1012 1907 δὲ

229 1926 423 1961 καταπλήξεως
438 1926 517 1961 χάριν
537 1927 584 1953 καί
596 1934 657 1952 τινα
675 1926 729 1952 τῶν
747 1926 897 1960 μελλόντων
911 1927 1012 1961 σημεῖα

230 1973 434 2006 προγνωστικὰ,
458 1973 506 1999 καὶ
530 1972 617 2007 τούτῳ
643 1972 792 2007 ἐξέπεμψε,
812 1973 873 1999 τότε
901 1973 932 2008 δὴ
965 1974 1011 2000 ἐπὶ

227 2018 323 2052 χεῖρας
341 2018 458 2045 λαϐόντα
474 2018 520 2045 τὸν
534 2019 550 2045 ἀ
555 2027 586 2053 με
593 2018 734 2053 ρμουμνῆν
745 2018 882 2054 τρωθῆναι
897 2019 936 2053 τῷ
945 2019 1009 2045 τού-

227 2071 275 2088 του
288 2062 381 2097 ἔρωτι,
399 2064 470 2097 μέγα
484 2071 513 2089 τε
523 2064 689 2098 ἀνακραγεῖν
702 2063 747 2090 τὸν
757 2064 840 2098 ἄνδρα
852 2065 901 2099 τῆς
914 2065 1010 2099 σοφίας

229 2108 448 2144 ΰηραγάμενον.
466 2109 555 2139 Εὐθὺς
567 2107 614 2135 οὖν
629 2109 778 2143 πρεσϐείαν
798 2109 866 2144 πρὸς
886 2110 930 2136 τὸν
943 2110 1009 2137 Θεό-

228 2155 304 2188 φιλον
326 2155 375 2181 καὶ
397 2155 549 2189 γράμματα
575 2154 686 2182 τοιαῦτα
701 2154 797 2190 ἔχοντα
824 2155 875 2190 τὴν
889 2156 1010 2184 διάνοιαν

1066 1571 1127 1590 cum
1142 1570 1156 1589 ιι
1170 1562 1224 1589 Deo
1235 1562 1302 1589 mihi
1315 1562 1494 1589 commissum
1523 1561 1666 1597 imperium
1682 1560 1853 1596 populusque

1066 1610 1133 1636 mihi
1146 1609 1283 1640 subditus,
1303 1608 1386 1643 cujus
1402 1615 1510 1636 summa
1528 1613 1569 1636 est
1585 1611 1718 1642 potestas,
1748 1607 1774 1634 id
1798 1613 1853 1634 non

1065 1654 1226 1686 concedant,
1245 1658 1307 1689 peto
1322 1658 1351 1680 ut
1365 1654 1455 1680 virum
1465 1661 1546 1688 quem
1557 1653 1727 1688 philosophis
1736 1652 1854 1686 aliisque

1065 1699 1187 1726 scientiis
1207 1698 1344 1726 celebrem
1357 1699 1454 1730 habes,
1464 1699 1497 1725 ad
1511 1706 1554 1726 me
1567 1699 1671 1730 mittas,
1684 1704 1712 1726 ut
1724 1699 1851 1733 exiguum

1064 1750 1172 1779 tempus
1193 1751 1302 1772 mecum
1331 1745 1433 1779 degens
1453 1752 1504 1772 sua
1536 1751 1580 1772 me
1613 1743 1747 1776 doctrina,
1772 1743 1852 1778 cujus

1064 1798 1156 1818 amore
1178 1790 1275 1824 ﬂagro,
1305 1790 1452 1824 impertiat.
1480 1789 1574 1824 Neque
1601 1789 1637 1816 ob
1659 1789 1798 1823 religionis
1821 1793 1847 1814 et

1063 1836 1151 1869 gentis
1163 1835 1351 1863 diversitatem
1380 1836 1431 1862 hoc
1448 1834 1571 1867 differas,
1596 1835 1644 1862 sed
1669 1835 1740 1869 quod
1770 1834 1850 1860 bonis

1062 1881 1159 1908 amicis
1178 1880 1304 1914 debetur,
1337 1880 1540 1915 quamprimum
1570 1884 1694 1915 praestes.
1717 1879 1769 1906 Pro
1799 1879 1850 1906 hoc

1061 1927 1149 1954 cilicio
1164 1927 1212 1953 tibi
1227 1927 1286 1954 auri
1303 1926 1462 1954 centenaria
1487 1926 1539 1953 100
1555 1926 1712 1957 reddemus,
1733 1932 1846 1960 pacem-

1061 1981 1115 2008 que
1130 1976 1158 2000 et
1176 1971 1266 1999 fcedus
1285 1979 1404 2006 perenne
1424 1979 1630 2006 componemus.
1648 1980 1657 1996 ι
1675 1971 1731 1998 Has
1745 1971 1850 1997 litteras

1062 2026 1123 2046 cum
1140 2018 1485 2053 accepissetTltcophilus,
1509 2017 1659 2045 absurdum
1685 2020 1761 2044 ratus
1788 2016 1851 2043 bar-

1060 2066 1135 2092 baris
1153 2065 1269 2100 prodere
1285 2065 1428 2097 scientias,
1439 2064 1474 2091 ob
1488 2071 1557 2098 quas
1579 2063 1703 2090 Romana
1733 2069 1800 2097 gens
1821 2062 1848 2089 in

1061 2111 1241 2140 admiratione
1267 2114 1348 2142 esset,
1375 2110 1499 2145 petitioni
1526 2109 1589 2136 huic
1629 2116 1682 2136 non
1711 2109 1809 2135 annuit
1839 2116 1847 2134 :

1061 2156 1178 2184 Leonem
1203 2163 1268 2183 vero
1295 2156 1394 2190 majori
1414 2163 1494 2190 porro
1520 2155 1548 2182 in
1568 2155 1673 2182 honore
1707 2154 1787 2182 habet
1818 2160 1850 2180 ac

227 2199 375 2234 ἐκπέμπει*
397 2209 406 2225 ι
423 2199 589 2234 Ἐϐουλόμην
618 2200 667 2234 μὲν
689 2200 771 2231 αὐτὸς
791 2200 937 2234 ἀφικέσθαι
955 2210 1008 2234 σοι,

1068 2203 1266 2230 l‘hessalonica:
1277 2202 1362 2237 970
1377 2202 1537 2237 episcopqu
1553 2206 1640 2234 creat,
1656 2207 1738 2236 opera
1751 2199 1847 2228 lancis

227 2242 308 2277 ἔργον
324 2243 438 2278 γνησίου
463 2243 542 2279 φίλου
559 2244 745 2279 ἁποπληρῶνο
760 2245 822 2273 ἐπεὶ
834 2246 888 2281 δὲή
907 2248 1017 2274 ἀνακει-

1068 2248 1228 2281 ιιιιτὶιιτοιιω,
1242 2248 1327 2282 cujus
1344 2248 1420 2274 illum
1437 2247 1523 2275 fuisse
1535 2252 1681 2283 cognatum
1695 2247 1851 2275 docuimus.

227 2290 296 2325 μένη
314 2299 360 2325 μοι
378 2291 448 2326 ἀρχὴ
470 2293 501 2318 ὲκ
515 2290 583 2317 Θεοῦ
606 2292 651 2318 καὶ
671 2292 686 2318 δ
701 2292 752 2318 ὑπὸ
774 2292 823 2328 τὴν
842 2293 921 2328 χεῖρά
946 2303 997 2329 μου
1029 2295 1115 2322 τελῶν
1149 2295 1276 2325 πλεῖστος
1318 2293 1496 2327 κατεξουσίας
1515 2295 1578 2326 λαὸς
1598 2294 1675 2321 τοῦτο
1695 2295 1726 2320 οὺ
1742 2303 1849 2328 συγχω-

226 2339 278 2372 ρεῖ,
290 2337 320 2363 ὃν
335 2337 406 2372 ἔχεις
418 2338 464 2364 ὲπὶ
477 2337 621 2373 φιλοσοφίᾳ
637 2337 684 2363 καὶ
698 2339 756 2369 ταῖς
770 2338 877 2370 λοιπαῖς
889 2340 1054 2375 ἐπιστήμαις
1074 2340 1218 2374 διαῦόητον
1260 2339 1354 2375 ἄνδρα,
1394 2340 1497 2375 βραχύν
1531 2349 1592 2366 τινα
1644 2339 1737 2375 χρόνον
1780 2338 1848 2364 αἰτῶ

225 2382 413 2416 ὲξαποστεϊλαί
458 2392 514 2418 μοι,
552 2384 601 2418 τῆς
643 2383 724 2410 αὐτοῦ
759 2385 913 2421 ἐπιστήμης
945 2387 1136 2421 μεταδώσοντά
1169 2395 1214 2422 μοι
1234 2386 1405 2421 ἐκχαιομένῳ
1418 2388 1464 2413 καὶ
1478 2387 1579 2421 ταύτης
1598 2385 1736 2421 ἐρωτικῶς
1749 2384 1849 2419 ἔχοντι.

225 2430 271 2465 Μὴ
290 2429 407 2465 ἀναϐολὴ
426 2429 454 2456 δὲ
469 2430 513 2457 διὰ
533 2430 564 2456 τὸ
589 2430 672 2460 σέϐας
693 2431 742 2457 καὶ
767 2431 816 2463 τὴν
844 2431 892 2458 τοῦ
908 2432 1003 2465 γένους
1023 2432 1219 2467 ἀλλοτριότητα
1235 2431 1333 2464 ἔσοιτο,
1352 2431 1420 2458 ἀλλὰ
1432 2432 1530 2466 μᾶλλον
1544 2433 1585 2459 ὅτι
1616 2430 1747 2462 τοιούτοις
1777 2430 1850 2463 ἁξιοί

226 2476 312 2511 φίλοις
335 2477 467 2503 ἐπιεικέσι
489 2485 519 2503 τε
546 2478 593 2503 καὶ
616 2478 755 2512 χρηστοῖς,
776 2477 864 2512 πέρας
880 2477 909 2504 τι
922 2478 1004 2512 τάχος
1024 2478 1130 2504 λαϐέτω
1150 2479 1166 2512 ή
1181 2479 1301 2513 αἴτησις,
1318 2478 1405 2513 Χάρις
1417 2478 1446 2504 δέ
1466 2487 1506 2505 σοι
1524 2479 1594 2513 ὑπὲρ
1629 2478 1725 2504 τούτου
1760 2485 1846 2504 κατα-

226 2523 389 2558 σληθήσεται
403 2522 514 2558 χρυσίου
536 2522 585 2556 μὲν
618 2523 715 2548 ἑκατὸν
746 2522 924 2557 κεντηνάρια,
958 2523 1053 2558 εἰρήνη
1074 2523 1102 2549 δὲ
1119 2523 1166 2549 καὶ
1182 2523 1293 2550 σπονδαὶ¹
1307 2522 1481 2556 ἀτελεύτητοι
1493 2524 1540 2549 καὶ
1558 2522 1650 2549 ἀΐδιοι.
1670 2532 1679 2548 ι
1696 2522 1848 2557 Δεξάμενος

224 2569 253 2596 δὲ
267 2570 301 2596 τὰ
319 2570 469 2607 γράμματα
482 2570 496 2595 ό
517 2567 657 2602 Θεόφιλος,
678 2569 777 2595 ἄτοπον
795 2568 890 2603 κρίνας
912 2569 937 2595 εί
950 2569 1000 2603 τὴν
1020 2569 1074 2595 τῶν
1091 2569 1176 2596 ὄντων
1190 2568 1301 2602 γνῶσιν,
1333 2569 1367 2596 δι’
1389 2570 1423 2604 ἢν
1437 2569 1467 2595 τὸ
1499 2569 1641 2604 Ῥωμαίων
1668 2569 1746 2603 γένος
1777 2568 1847 2596 θαυ-

226 2614 352 2649 μάζεται,
368 2615 412 2651 [Ρ.
426 2614 489 2650 550]
507 2614 613 2641 ἔκδοτον
627 2616 733 2650 ποιήσει
745 2616 801 2646 τοῖς
816 2614 916 2645 ἔθνεσι.
935 2617 1002 2650 πρὸς
1024 2617 1059 2642 τὰ
1075 2616 1222 2652 αἰτηθέντα
1257 2617 1304 2643 καὶ
1319 2616 1470 2648 ἀξιωθέντα
1499 2617 1549 2643 οὐκ
1573 2616 1701 2642 ἐπένευσε
1721 2624 1729 2631 ”
1743 2616 1787 2642 τδν
1817 2615 1846 2642 δὲ

224 2661 327 2690 Λέοντα
345 2661 389 2688 διὰ
405 2661 526 2696 μείζονος
539 2658 590 2696 ἦγε
606 2661 691 2697 τιμῆς
715 2661 826 2695 καὶτῆς
842 2661 1044 2696 Θεσσαλονίκης
1083 2661 1288 2697 προχειρίζεται
1321 2663 1452 2698 πρόεδρον
1471 2682 1478 2694 ,
1502 2662 1547 2688 τὸν
1578 2663 1750 2699 πατριάρχην
1779 2663 1846 2689 ἁναη

225 2707 322 2740 πείσας
343 2708 447 2742 Ἰαννῆν
463 2707 650 2743 χειροτονῆσαι
674 2707 778 2740 τοῦτον,
797 2708 844 2734 καὶ
863 2708 948 2743 αὐτῷ,
962 2708 999 2739 ὡς
1013 2708 1063 2743 ἥδη
1080 2709 1204 2743 εἴπομεν,
1219 2710 1289 2736 κατὰ
1304 2710 1381 2743 γένος
1400 2709 1586 2745 ᾡκειωμένον.

790 2786 964 2814 χνιΑΝῡιιι
976 2787 1021 2814 ΕΤ
1037 2786 1141 2815 GOARI
1159 2787 1274 2815 NOT/E.

262 2857 319 2892 (48)
335 2857 359 2886 is
373 2857 443 2886 idem
458 2857 504 2893 qui
517 2857 658 2893 dignitatis
676 2857 786 2885 nomine
813 2859 1011 2887 amcrmumnis
1035 2858 1117 2885 modo
1133 2861 1246 2885 vocatus
1263 2861 1315 2886 est.
1334 2858 1420 2887 Con.
