2046 3149
172 183 242 218 1037

713 182 981 214 HISTORIARUM
1007 171 1267 215 COMPENDIUM.

1735 186 1802 219 1058

172 243 218 270 Διὸ
232 243 293 270 ἀντὶ
306 241 355 277 τῆς
370 241 525 278 κρείττονος
543 241 623 277 δέξης
637 241 671 268 τὰ
691 242 800 269 ἐναντία
818 241 963 276 ἠνέγκατο.

1019 242 1151 270 duntaxat
1173 250 1260 271 annos
1283 242 1417 278 Cpolitani
1439 243 1643 278 patriarchatus
1657 244 1740 280 972
1756 256 1801 273 so-

171 289 303 317 Μεθοδίου
321 288 375 324 γὰρ
387 287 435 314 τοῦ
447 287 601 323 τρισολῦίου
617 288 662 314 τὸν
677 287 734 323 βίον
751 287 962 323 μετηλλαχότος,

171 336 218 362 ἐπὶ
237 336 375 370 τέσσαρας
392 334 506 370 χρόνους
522 334 603 369 μόνον
618 333 664 360 τὸν
680 334 729 369 τῆς
744 335 964 360 Κωντταντινου-

171 381 278 412 πόλεως
303 380 475 411 οίακίσαντος
494 380 600 415 θρόνον,
625 379 753 414 Ἰγνάτιος
774 381 788 407 ὸ
805 380 964 415 Νικηφόρου

173 426 222 460 μὲν
238 426 287 452 τοῦ
309 425 442 461 βασιλέως
457 425 636 462 θυγατριδοῦς
647 445 655 458 ,
670 425 727 457 υίὸς
742 425 770 452 δέ
790 426 900 461 Μιχαὴλ
916 425 964 452 τοῦ

169 472 222 506 τῆς
242 472 382 506 βασιλείας
397 472 617 504 ἐκπεπτωκότος,
634 471 704 507 μετὰ
718 471 749 498 τὸ
762 472 812 506 τῆς
827 472 965 507 βασιλείας

173 518 323 544 ἀποπεσεῖν
351 517 399 543 καὶ
427 517 462 543 τὰ
496 516 642 550 παιδογόνα
670 516 853 551 ἀφαιρεθῆναι
882 515 966 551 μόρια

175 562 290 596 μοναχὸς
307 561 427 596 γεγονὼς
440 561 488 589 καὶ
502 562 554 596 τῆς
571 561 655 596 μονῆς
671 561 719 587 τοῦ
738 560 870 596 μλΣατύρου
896 560 964 587 καθ-

175 608 289 644 ηγεμὼν
301 608 357 643 (50)
371 629 378 640 ,
398 608 467 644 πρὸς
479 608 525 635 τὺν
539 608 741 644 πατρισρχικὸν
753 607 849 643 θρόνον
863 607 965 641 ἀνάγε-

174 665 230 684 ται.
245 654 331 688 Οὗτος
342 656 388 683 τὸν
403 656 511 692 Βάρδαν
528 656 575 682 ἐπὶ
589 657 622 691 τῇ
637 656 687 691 τῆς
703 655 834 690 γυναικὸς
850 655 965 690 ἀναιτίῳ

173 703 307 738 ἁποδολῇ,
321 704 355 738 τῇ
369 703 398 730 δὲ
413 703 465 737 τῆς
483 702 587 734 οἰκείας
601 701 718 738 ,νύμφης
737 702 891 738 περιπλοκῇ
909 701 965 738 (bi)

171 750 224 784 τῆς
238 749 388 785 ἐκκλησίας
405 750 537 784 ἀπεῖργεν
547 769 554 781 ,
572 749 633 775 ἐπεὶ
650 749 688 784 μὴ
702 749 757 776 τῶν
777 748 856 775 θείων
869 748 965 783 ἠμέλει

173 796 305 823 κανόνων.
329 796 378 823 ’ον
394 796 456 823 ἐπεὶ
471 795 557 823 πολλὰ
574 794 724 822 λιτανεὺων
745 795 792 822 καὶ
807 795 940 822 δυσωπῶν
952 796 966 822 ὁ

173 843 280 878 Βάρδας
291 843 493 878 συγχωρήσεως
505 842 654 876 ἀξιωθῆναι
668 842 718 868 οὐκ
732 840 863 876 ἠδυνήθη,
877 841 965 868 ἄλλων

173 887 310 919 ἀπογνοὺς
329 887 399 922 πρὸς
415 887 521 922 ἄμυναν
537 886 721 920 διανίσταται,
736 887 846 922 καὶτῆς
865 886 965 922 ἐκκλη-

1017 289 1084 316 lium
1098 289 1244 322 tenuisset,
1268 290 1320 316 vita
1345 289 1486 322 defuncto,
1504 290 1630 326 lgnatius
1655 291 1802 327 Nicephori

1017 334 1071 362 lilia
1089 340 1180 367 natus,
1202 335 1327 363 Michacli
1343 335 1481 371 Itangabac
1505 336 1590 370 ﬁlius,
1622 337 1669 372 qui
1696 337 1802 372 imperii

1016 389 1065 415 spe
1075 380 1201 416 adempta
1212 381 1326 416 insuper
1337 386 1474 410 castratus
1490 381 1580 410 fuerat
1594 382 1804 418 monacltusqtte

1018 431 1045 454 et
1059 426 1222 454 monasterii
1245 427 1335 463 Satyri
1358 427 1496 463 princeps,
1524 428 1679 464 patriarcha
1693 434 1804 456 creatus

1016 472 1078 499 fuit.
1096 472 1121 500 ls
1136 471 1264 505 Bardam,
1283 472 1356 508 quod
1375 473 1420 500 hic
1437 480 1550 500 uxorem
1571 473 1632 501 sine
1654 480 1737 501 causa
1760 481 1804 501 rc-

1016 518 1159 553 pudiasset
1178 526 1296 554 cumque
1321 527 1370 546 sua
1398 526 1467 546 nuru
1486 526 1543 546 rem
1561 519 1685 551 haberet,
1711 527 1806 548 sacro-

1016 572 1077 591 rum
1104 571 1240 592 canonum
1269 564 1381 591 minime
1406 565 1545 600 negligens
1572 564 1694 593 Ecclesia
1717 569 1804 593 arcet.

1016 610 1120 638 Bardas
1134 617 1196 638 cum
1225 610 1319 638 multis
1344 611 1585 645 deprecationibtts
1612 610 1720 639 veniam
1748 619 1805 639 non

1017 656 1190 691 impetraret,
1210 656 1364 692 desperatis
1384 656 1445 684 aliis
1457 656 1585 684 remediis
1598 656 1632 683 ad
1654 656 1804 683 vindictam

1017 711 1046 730 se
1061 703 1177 736 confert,
1194 702 1328 738 lgnatiunt
1343 702 1460 730 ecclesia
1472 702 1558 737 ejicit.
1571 702 1709 737 variisque
1725 706 1753 729 et
1767 702 1807 730 in-

1017 748 1208 776 tolerabilibus
1229 749 1317 776 modis
1333 752 1460 775 vexatum
1472 747 1581 774 tandem
1597 748 1624 775 in
1637 747 1805 783 Copronymi

1019 793 1196 829 sepulchrum
1213 793 1341 825 includit,
1367 792 1534 821 custodibus
1558 792 1660 820 additis
1685 793 1806 820 saevissi-

1017 841 1081 868 mis.
1098 839 1131 866 Et
1143 844 1269 867 mortuus
1294 838 1392 867 fuisset
1416 838 1454 866 ibi
1471 838 1552 866 homo
1571 838 1759 866 diviniSsimus
1773 846 1807 866 es

1019 886 1197 915 acerbissimo
1212 885 1349 918 cruciatu,
1364 885 1419 914 nisi
1431 885 1494 921 pius
1507 884 1633 921 quidam,
1644 884 1809 913 custodibus

175 933 236 964 σίας
261 933 388 960 ἐκϐάλλει
400 953 407 966 ,
430 933 479 960 καὶ
499 933 569 968 μετὰ
584 932 685 964 πολλὰς
704 931 841 964 κακώσεις
859 932 907 959 καὶ
921 932 966 959 ἀν-

1019 941 1076 960 suae
1101 933 1277 961 necessitatis
1297 938 1381 960 causa
1397 931 1450 959 alio
1463 931 1608 967 digressis,
1629 938 1692 960 eum
1713 930 1807 966 sepul—

174 979 322 1010 υποίστους
350 979 505 1006 τελευταῖον
534 978 573 1014 τῷ
604 978 652 1006 τοῦ
680 979 870 1014 Κοπρωνὺμου
888 979 967 1014 τάφῳ

176 1024 328 1058 ἀποκλείει,
352 1026 503 1060 ἐπιστήσας
522 1024 598 1060 αὐτῷ
611 1024 736 1059 φύλακας
751 1025 854 1056 δεινούς
868 1033 899 1051 τε
920 1024 968 1051 καὶ

176 1071 347 1106 ὠμοτάτους.
379 1071 499 1098 ’Λπεϐίω
514 1070 537 1097 δ’
553 1070 586 1097 ἂν
605 1071 619 1097 ὁ
639 1070 785 1106 ἱερώτατος
802 1068 880 1102 οὗτος
898 1070 968 1105 ἀνὴρ

175 1118 230 1144 ἀπὸ
253 1116 305 1151 τῆς
328 1116 499 1144 πολυωδύνου
523 1116 626 1151 ταύτης
648 1116 812 1150 κακώσεως,
828 1116 852 1143 εί
874 1116 911 1152 μή
926 1124 968 1147 τις

176 1162 305 1197 θεοσεϐὴς
320 1162 462 1198 ἄνθρωπος
482 1162 554 1189 κατά
569 1170 644 1194 τινας
658 1162 752 1198 χρείας
767 1163 822 1189 τῶν
842 1161 968 1198 φρουρῶν

176 1208 389 1243 ἀποδημούντων
414 1207 496 1242 ἐξῆγε
519 1216 548 1234 τε
574 1207 622 1234 τοῦ
635 1208 723 1242 τάερου
747 1209 795 1234 καὶ
808 1208 968 1243 ἐπιμελείας

178 1253 254 1290 ἠξίου
270 1255 320 1289 τῆς
340 1253 544 1289 προσηκούσης.
567 1254 616 1281 Ὃν
633 1255 703 1289 μετά
718 1253 819 1289 πολλὴν
833 1254 899 1288 ὅσην
919 1254 969 1289 τὴν

178 1299 462 1336 κάκωσιν-ὑπερόριον
486 1300 515 1326 ἐν
535 1299 678 1337 Μιτυλήνῃ
696 1301 776 1326 ποιεῖ.
803 1299 923 1326 Ἐπαθον
940 1299 968 1326 δὲ

177 1348 224 1374 καὶ
244 1347 320 1375 ἄλλοι
336 1345 429 1374 πολλοὶ
442 1345 497 1374 τῶν
518 1346 676 1373 ἐπισκόπων
689 1346 724 1372 τὰ
744 1345 923 1381 παραπλήσιά
938 1354 967 1372 τε

177 1395 224 1420 καὶ
241 1393 336 1428 χείρω,
356 1394 396 1420 ὅτι
418 1394 455 1429 μὴ
473 1394 623 1430 ἠρέσκοντο
642 1393 697 1424 τοῖς
714 1392 879 1427 γινομένοις.
906 1391 969 1427 μηδ’

178 1439 259 1466 ἄλλον
285 1439 412 1473 δέξασθαι
439 1438 634 1475 διαδοώμενοι,
666 1438 718 1467 κᾶν
741 1437 769 1464 ετ
790 1447 817 1464 τι
843 1437 966 1473 γένηται.

178 1485 274 1519 Ὅμως
287 1485 310 1511 δ’
325 1485 485 1517 ὑπενδόντες
501 1486 525 1512 οἱ
541 1487 591 1521 μὲν
610 1484 736 1518 ἀπειλαῖς
754 1484 778 1510 οἱ
801 1483 829 1510 δὲ
852 1484 968 1519 ὑποσχέ-

179 1538 255 1556 σεσιν
279 1531 383 1557 εἴκουσι
409 1531 448 1566 τῷ
468 1531 516 1558 τοῦ
543 1531 634 1567 Βάρδσ.
657 1531 809 1567 θελήματι,-
829 1529 879 1564 τῆς
902 1530 969 1565 ἀρε-

177 1576 226 1610 τῆς
251 1576 298 1602 καὶ
323 1576 403 1612 δόξης
428 1577 518 1612 ἔρωτα
544 1577 694 1612 χρημάτων
721 1577 768 1604 καὶ
794 1568 967 1610 λειποταξὲατ

178 1623 422 1658 ἁνταλλαξάμενοι.
455 1624 485 1650 '0
503 1623 532 1650 δὲ
557 1624 663 1659 Βάρδας
684 1624 795 1656 Φώτιογ,
822 1624 905 1659 ἄνδρα
922 1625 968 1651 ἐπὶ

178 1668 260 1703 σοφίᾳ
277 1667 426 1704 γνώριμον,
450 1670 691 1705 πρωτασηκρήτην
705 1671 859 1705 τηνικαῦτα
879 1672 968 1706 ὑπάρ-

177 1722 268 1749 χοντα,
282 1715 486 1750 προχειρίζεται
500 1716 683 1751 πατριάρχην.
706 1717 783 1744 Ἐπεὶ
795 1716 824 1744 δέ
842 1717 969 1754 παρῆσαν

178 1760 224 1786 καὶ
239 1761 423 1795 τοποτηρηταὶ
440 1760 487 1787 τοῦ
512 1761 592 1788 πάπα
613 1761 723 1796 Ῥώμης
737 1762 807 1789 κατὰ
819 1762 874 1788 τῶν
890 1763 969 1790 Εἰκο-

177 1805 304 1839 νομάχων
323 1805 476 1838 σταλέντες,
489 1805 615 1832 πείθουσι
629 1806 676 1833 καὶ
688 1807 788 1838 αὐτοὺς
799 1807 849 1841 τῆς
864 1807 969 1834 ἑαυτῶν

1019 980 1087 1008 chro
1099 979 1238 1008 eduxisset
1253 983 1281 1007 et
1292 978 1386 1007 debita
1402 985 1471 1006 cura
1487 977 1641 1005 refecisset.
1663 977 1728 1005 Post
1741 977 1809 1004 mul-

1018 1031 1072 1053 tam
1088 1025 1262 1053 vexationem
1283 1024 1393 1052 tandem
1411 1023 1547 1060 lgnatium
1564 1023 1724 1059 Mitylenam
1740 1023 1809 1050 Bar-

1018 1073 1067 1099 das
1087 1072 1200 1108 relegat.
1215 1071 1294 1099 Multi
1310 1079 1422 1107 quoque
1434 1075 1490 1099 tum
1504 1070 1550 1098 alii
1572 1070 1695 1106 episcopi
1710 1069 1810 1098 eodem

1019 1117 1100 1145 tnodo
1115 1123 1181 1144 sunt
1195 1116 1307 1144 tractati
1324 1121 1370 1144 aut
1389 1115 1471 1144 etiam
1491 1115 1622 1148 deterius,
1650 1115 1723 1149 quod
1747 1120 1809 1142 acta

1021 1171 1075 1191 non
1100 1164 1262 1199 probarent,
1287 1171 1377 1198 neque
1409 1163 1495 1190 ullum
1522 1162 1615 1195 alium,
1645 1168 1810 1196 quocunque

1019 1208 1101 1236 modo
1114 1215 1158 1236 res
1173 1208 1296 1241 caderet,
1310 1208 1496 1244 patriarcham
1513 1215 1542 1235 se
1565 1207 1749 1234 admissurum
1764 1214 1808 1234 as-

1019 1258 1191 1282 severarent.
1203 1254 1321 1288 Quidam
1336 1259 1427 1282 tamen
1450 1254 1549 1289 partim
1566 1253 1648 1281 minis
1678 1253 1810 1281 cedentes

1020 1301 1118 1336 partim
1132 1300 1378 1336 pollicitationibus
1392 1300 1497 1328 inducti
1507 1300 1601 1327 Barda:
1617 1299 1747 1328 voluntati
1762 1299 1812 1328 ob-

1019 1347 1106 1375 secuti
1126 1351 1201 1379 sunt,
1219 1347 1331 1375 virtutis
1356 1355 1388 1375 ac
1403 1347 1496 1382 gloriae
1516 1354 1637 1375 amorem
1650 1346 1767 1381 pecunia
1782 1349 1810 1373 et

1019 1393 1175 1422 desertione
1191 1397 1388 1429 pcrmutantes.
1407 1393 1508 1420 Bardas
1518 1400 1586 1429 ergo
1600 1392 1739 1425 Photium,
1761 1399 1809 1419 ce-

1019 1440 1120 1467 lebrem
1145 1439 1280 1475 sapientia
1296 1440 1385 1467 virum
1407 1443 1434 1466 ct
1458 1439 1671 1467 secretariorum
1693 1445 1726 1466 eo
1741 1442 1810 1466 tem-

1019 1492 1084 1520 pore
1100 1485 1264 1521 principem,
1280 1485 1466 1520 patriarcham
1484 1488 1569 1512 crcal.
1589 1484 1714 1519 Cumque
1731 1483 1797 1510 ades

1020 1529 1081 1558 scut
1098 1531 1214 1559 Romani
1230 1532 1312 1567 973
1326 1539 1401 1566 papae
1415 1530 1520 1562 vicarii,
1535 1530 1668 1558 adversus
1680 1528 1812 1563 Imagini-

1020 1578 1119 1615 pot-das
1133 1577 1224 1610 missi,
1242 1578 1292 1605 bos
1310 1584 1420 1612 quoque
1436 1577 1481 1604 isti
1504 1576 1531 1604 in
1548 1583 1626 1603 suam
1648 1574 1813 1610 pertrahunt

1022 1626 1197 1658 sententiam,
1210 1623 1383 1661 conci-lioque
1397 1624 1425 1650 in
1441 1622 1525 1650 aedem
1537 1621 1730 1657 Apostolorum
1747 1627 1814 1647 con-

1022 1677 1133 1708 gregato
1157 1671 1294 1707 lgnatium
1315 1671 1350 1700 ab
1377 1668 1476 1699 exsilio
1509 1673 1652 1698 evocatum
1674 1665 1813 1704 publicata

1023 1716 1157 1744 sententia
1194 1716 1336 1744 damnant.
1384 1715 1449 1744 llaec
1486 1719 1553 1743 sunt.
1586 1714 1709 1742 facinora
1748 1717 1811 1747 quae

1023 1761 1126 1791 Bardas
1142 1762 1250 1797 imperii
1266 1762 1408 1790 obtinendi
1423 1761 1575 1797 cupiditate
1596 1759 1732 1795 impulsus
1753 1758 1812 1786 edi-

1023 1807 1072 1835 dit.

176 1852 302 1885 γενὲσθαι
318 1852 463 1888 θελήσεως.
483 1853 529 1879 Διδ
549 1853 593 1879 καὶ
618 1854 647 1880 ἐν
662 1853 701 1888 τῷ
724 1854 780 1880 τῶν
797 1854 875 1881 θείων
912 1854 1085 1881 ’Λποστόλων
1129 1855 1241 1890 τεμένει
1272 1856 1412 1891 συνέδριον
1438 1855 1597 1891 ἠθροικότι-ς
1639 1852 1813 1887 δεδημοσιεν-

178 1901 245 1936 μένῃ
266 1900 424 1936 καθαιρέσει
444 1901 680 1928 καθυποὸάλλουσι
694 1901 739 1928 τὸν
767 1901 897 1936 ’Ῑγνάτιον
913 1902 964 1938 τῆς
983 1901 1091 1938 ἐξορίας
1103 1903 1363 1938 μεταπεμψάμενοι.
1373 1902 1467 1930 Ταῦτα
1476 1902 1526 1937 μὲν
1535 1902 1569 1929 τὰ
1595 1901 1646 1936 τῆς
1675 1899 1817 1934 φιλοπρω-

176 1947 235 1978 τίας
252 1946 300 1973 τοῦ
314 1946 403 1982 BELsz
417 1947 610 1982 νεανιεύματα.

213 1992 254 2018 Τὰ
272 1992 301 2018 δέ
314 1992 389 2023 ἐντὸς
405 1991 531 2025 Εὐξείνου
549 1991 595 2018 καὶ
612 1992 702 2019 πᾶσαν
716 1992 766 2028 τὴν
781 1992 864 2020 αὐτοῦ
879 2002 966 2028 παρα-

1058 1992 1170 2020 lnteritn
1185 1992 1319 2028 quidquid
1333 1995 1376 2020 est
1388 1991 1459 2018 intra
1475 1990 1609 2018 Euxinum
1628 1993 1740 2025 ponlttm
1755 1995 1814 2015 ma-

178 2037 238 2064 λίαν
251 2038 265 2064 ὁ
279 2037 333 2064 τῶν
351 2037 421 2069 Ῥὼς
433 2037 543 2073 ἐπόρθει
558 2038 605 2064 καὶ
618 2037 766 2073 κατέτρεχε
778 2038 870 2070 στόλος
883 2038 966 2074 (ἔθνος

1023 2038 1179 2067 ritimarum
1193 2038 1349 2074 regionum,
1365 2037 1482 2066 Rossica
1501 2036 1707 2064 incursionibus
1729 2042 1813 2062 vexa-

178 2084 206 2112 δέ
222 2085 246 2111 οἱ
267 2083 333 2115 Ῥὼς
350 2083 492 2116 Σκυθικὸν,
508 2083 573 2119 περὶ
586 2083 632 2110 τὸν
644 2083 767 2118 ἀρκτῷον
783 2083 891 2119 Ταῦρον
903 2093 966 2111 κατ-

1022 2084 1068 2112 bat
1082 2089 1164 2120 atque
1173 2085 1298 2113 vastabat
1307 2084 1413 2112 classis.
1423 2083 1504 2111 Rossi
1516 2090 1582 2118 gens
1589 2087 1632 2110 est
1640 2080 1814 2117 Scythica,ad

179 2130 332 2166 (εικημένον,
356 2129 494 2165 ἀνήμερόν
518 2138 548 2156 τε
569 2130 615 2156 καὶ
633 2129 758 2166 ἄγριον),
785 2131 832 2157 καὶ
851 2130 919 2166 αὐτῇ
940 2130 966 2157 δὲ

1022 2130 1263 2166 septentrionalem
1273 2130 1396 2158 incolens
1415 2129 1548 2162 Taurum,
1560 2127 1616 2155 fera
1628 2131 1709 2162 atque
1717 2127 1814 2154 imma-

177 2177 211 2210 τῇ
232 2174 348 2210 βασιλίδι
361 2174 447 2200 δεινὸν
460 2174 567 2201 ἐπέσειε
581 2175 705 2202 κίνδυνον
716 2185 722 2191 ·
737 2176 763 2202 οἵ
781 2176 840 2211 μετ’
853 2176 883 2202 οὐ
900 2176 966 2203 πολὺ

1023 2177 1076 2205 nis.
1092 2177 1123 2204 Hi
1140 2184 1203 2204 cum
1221 2177 1280 2212 ipsa
1298 2176 1394 2212 Cpolin
1414 2177 1441 2203 in
1456 2183 1537 2211 grave
1553 2174 1734 2209 coniecissent
1743 2171 1815 2207 peri-

180 2223 229 2255 τῆς
247 2221 322 2252 θείας
339 2221 516 2256 πειραθέντες
540 2221 628 2255 ὀργῆς
653 2221 743 2247 οἴκαδε
767 2221 966 2255 ὑπενόστησαν,

1021 2224 1124 2255 culum,
1139 2223 1221 2259 paulo
1235 2227 1297 2258 post
1310 2222 1357 2251 Dei
1370 2223 1440 2250 iram
1463 2221 1568 2256 experti
1582 2221 1693 2248 domum
1710 2218 1815 2246 reversi

181 2266 313 2301 πρεσϐεία
345 2275 374 2292 τε
398 2265 486 2292 αὐτῶν
511 2265 559 2300 τὴν
592 2265 715 2300 βασιλίδα
748 2268 966 2302 καταλαμϐάνει,

1023 2273 1098 2301 sunt,
1108 2269 1258 2305 legatisque
1268 2269 1294 2296 in
1310 2269 1404 2296 urbem
1417 2268 1510 2296 missis
1519 2267 1641 2294 divinum
1649 2265 1814 2300 baptismum

180 2313 221 2349 [Ρ.
248 2313 311 2348 552]
336 2313 383 2339 τοῦ
405 2312 478 2339 θείου
501 2313 664 2347 μεταλαχεῇ
686 2313 875 2349 βαπτίσματος
899 2314 966 2341 λιτα-

1024 2313 1210 2349 efﬂagitarunt
1227 2314 1477 2348 impetraruntque.
1489 2312 1549 2340 Alia
1563 2319 1646 2347 porro
1670 2310 1815 2338 Cretensis

179 2360 313 2391 νεύοντα,
333 2358 347 2385 ὃ
363 2359 409 2385 καὶ
431 2358 539 2392 γέγονε.
565 2358 620 2385 Καὶ
635 2358 683 2393 τῆς
701 2359 813 2394 Κρήτης
829 2358 858 2385 δὲ
880 2359 966 2391 στόλοέ

1025 2360 1122 2387 classis
1136 2359 1218 2386 modo
1238 2358 1373 2394 Cycladas
1397 2359 1478 2386 modo
1498 2358 1663 2386 maritimam
1690 2357 1722 2384 ad
1745 2356 1813 2383 Pro-

180 2405 261 2435 ἄλλος
285 2404 334 2430 νῦν
362 2404 411 2439 μὲν
434 2404 484 2435 τὰς
511 2403 658 2435 Κυκλάδας
682 2404 779 2440 ἐδῄου,
799 2404 846 2431 νῦν
861 2405 890 2431 δὲ
912 2405 964 2441 ἄχρ

1026 2413 1177 2432 connesum
1194 2412 1283 2439 usque
1294 2404 1597 2440 infestavitregionem.
1613 2402 1706 2430 Terrae
1721 2405 1814 2430 motus

182 2451 383 2485 ΙΙροικοννήσου
406 2449 455 2483 τὴν
479 2449 612 2484 παράλιον
638 2449 757 2476 ἃπασαν.
785 2449 923 2483 Ἐγένοντο
942 2450 966 2477 δὲ

1022 2458 1132 2486 quoque
1157 2458 1189 2479 ea
1211 2455 1374 2486 tempestate
1398 2451 1523 2486 apprime
1548 2449 1679 2478 horrendi
1693 2449 1814 2476 fuerunt.

181 2497 228 2522 καὶ
250 2496 337 2522 κλόνοι
353 2495 405 2530 γῆς
430 2495 654 2530 φρικωδέστατοι.
682 2492 728 2526 Εἷς
745 2495 773 2521 δὲ
788 2496 802 2522 ὁ
824 2496 966 2530 μέγιστος,

1023 2497 1125 2525 Horum
1139 2505 1210 2525 uitus
1226 2497 1361 2525 maximus
1371 2497 1415 2525 die
1428 2496 1529 2525 Christi
1547 2497 1574 2524 in
1587 2495 1687 2524 coelum
1700 2495 1816 2523 Assum-

182 2542 243 2569 καθ’
259 2543 291 2577 ἢν
309 2543 416 2577 ἡμέραν
435 2543 450 2577 ἠ
472 2542 519 2569 τοῦ
542 2542 647 2577 Κυρίου
661 2543 795 2577 ἀνάληψις
812 2543 966 2578 ἑορτάζεται

1021 2543 1122 2578 ptionis
1141 2543 1211 2571 festo
1227 2543 1337 2576 accidit,
1353 2544 1400 2578 qtti
1417 2545 1477 2571 solo
1487 2550 1626 2571 concusso
1638 2549 1747 2570 murum
1763 2542 1812 2576 qui

180 2589 229 2624 τὴν
245 2589 298 2623 γῆν
310 2588 488 2620 κατασείσας,
503 2588 534 2614 τό
549 2596 579 2615 τε
591 2588 661 2615 κατὰ
673 2588 703 2615 τὸ
724 2588 892 2620 Ἐξωκιόνιον
903 2588 966 2624 πρὶς

1028 2591 1069 2615 est
1084 2588 1118 2615 ad
1140 2587 1318 2616 Exocionium
1336 2592 1492 2623 prostravit,
1519 2588 1675 2624 templaque
1698 2587 1816 2623 pulchra

180 2636 232 2670 γῆν
247 2635 363 2670 ὴδάςρισε
378 2636 476 2670 τεῖχος,
494 2635 542 2661 καὶ
557 2635 638 2666 ναοὺς
653 2635 802 2671 εὐπρεπεῖς
818 2636 865 2661 καὶ
881 2636 966 2666 οἴκους

1022 2637 1049 2661 ct
1063 2634 1159 2661 domos
1173 2633 1330 2669 splendidas
1343 2639 1370 2661 et.
1385 2633 1536 2662 Victoriam
1558 2634 1591 2661 ad
1604 2633 1723 2663 Auream
1737 2633 1815 2663 urbis

180 2681 324 2716 λαμπροὺς
341 2680 388 2707 καὶ⁸
398 2680 448 2715 τὴν
467 2679 538 2707 κατὰ
557 2679 607 2715 τὴν
617 2679 731 2716 Χρυσῆν
749 2679 837 2714 πύλην
852 2679 901 2713 τῆς
921 2678 966 2704 πό-

1023 2682 1130 2713 portam
1144 2678 1305 2705 collocatam
1323 2676 1469 2712 subvertit,
1485 2682 1512 2706 et
1526 2685 1586 2714 quae
1599 2678 1627 2706 in
1648 2677 1765 2707 Deutero
1781 2679 1816 2703 ad

744 2777 922 2806 XYLANDRI
936 2778 980 2805 ET
998 2777 1106 2806 GOARI
1134 2777 1250 2807 NOTzE.

219 2841 277 2877 (50)
289 2840 440 2875 lmproprte
454 2839 586 2874 princeps,
599 2838 708 2874 proprie
725 2838 846 2870 superior
864 2843 886 2864 cl
902 2845 971 2871 prcr-

181 2876 400 2913 positusttioan.

217 2912 276 2947 (5t)
294 2911 325 2939 Et
340 2912 379 2939 sic
395 2917 478 2945 supra
502 2917 623 2945 quoquc,
650 2908 695 2937 ubi
720 2907 753 2936 de
775 2908 973 2936 summovendo

1028 2836 1185 2873 Theoctistn
1202 2837 1304 2866 Bardas
1320 2837 1424 2865 dicitur
1438 2839 1582 2873 cogitasse.
1599 2836 1698 2864 Filium
1719 2836 1814 2864 habmt

1028 2872 1131 2901 Bardas
1154 2874 1321 2908 Antigonum
1353 2872 1534 2901 domesticum
1553 2873 1719 2900 scholarum.
1745 2874 1810 2899 λη,
