2046 3149
148 173 161 205 1
167 173 220 204 069

692 172 964 203 HISTORIARUM
980 173 1245 206 COMPENDI‘JM.

1700 177 1770 210 ιοῑο

146 237 195 260 σας
209 227 239 254 οὐ
259 226 432 257 παντάπασιν
454 228 588 263 ήμοίρησε
618 227 674 254 τῶν
699 227 850 254 ἐπαινετῶν
862 235 868 242 -
885 227 923 253 δι-

988 229 1117 261 poterium
1131 228 1243 261 dicitur,
1257 232 1284 256 et
1301 228 1480 265 polycandela
1495 229 1616 265 plurimo
1635 235 1769 266 praestant.

146 281 163 300 σ
183 272 387 308 οποτήριον(68)
402 273 456 308 γὰρ
469 273 640 308 προσήνεγκε
648 273 682 308 τῇ
697 271 932 308 ΜεγαλῃῈκκλη-

145 319 202 355 σία,
219 319 265 346 καὶ
279 318 469 354 πολυκάνδηλα
489 318 544 355 (69)
556 320 590 346 τὰ
604 318 702 354 πρώην
712 318 773 345 λίαν
793 317 933 354 ὐπερελάη

145 373 240 392 σαντα.

187 410 443 447 Ἀναιρεθέντοςδ’.
473 411 511 443 ὡς
545 412 669 447 εἴπομεν,
687 410 734 438 τοῦ
763 411 881 446 Μιχαὴλ,
903 412 934 438 τὸ

146 458 195 491 τῆς
212 457 351 492 βασιλείας
366 457 516 492 ἀνεδήσατο
531 458 656 492 κράτοςὺ
666 457 816 488 Βασίλειος.
840 458 934 491 Ὅστις

143 503 172 529 δὲ
191 499 268 534 οὗτος
283 501 316 538 ἦν
330 503 338 518 ¹
357 502 404 529 καὶ
424 501 485 530 ὅθεν
496 503 610 538 ὥρμητο
625 522 634 535 ,
659 504 715 530 κάκ
744 503 824 535 ποίας
843 503 933 535 αίτίας

116 581 119 586 Ι
147 551 188 580 είς
199 549 249 584 τὴν
273 548 408 583 βασίλειον
424 548 503 585 ἀνῄει
523 550 667 584 περιωπήν
685 550 717 576 ἐκ
740 550 872 584 ταπεινῆς
888 551 936 577 καὶ

143 594 289 629 ἀλαμποῦς
300 594 463 630 ὁρμώμενος
475 594 571 630 τύχης,
585 594 689 622 ἄνωθεν
708 595 843 622 διαλαϐὼν
856 596 869 622 ό
892 596 935 622 λό›

143 649 190 674 γος
210 641 402 676 διατρανώσει.
418 642 537 676 Ἦνεγκε
553 642 643 667 τοίνυν
658 642 674 676 ἠ
699 641 754 668 τῶν
774 642 937 669 Μακεδόνων

142 686 222 722 χώρα
237 687 328 716 αὐτὸν.
340 684 417 713 εἷλκε
430 686 459 713 δὲ
475 686 506 713 τὸ
516 686 593 720 γένος
603 687 635 719 ἐξ
649 687 811 723 Ἀρμενίων,
822 689 853 714 ἐκ
866 689 936 716 πάνυ

142 733 273 768 λαμπρᾶς
287 732 473 767 καταγόμενος
482 731 531 766 τῆς
540 732 595 759 τῶν
606 732 777 767 Ἀρσακιδῶν
789 734 894 768 σειρᾶς,
907 734 937 767 ἐξ

141 776 175 815 ἧς
187 779 273 814 μόνης
285 779 366 813 νόμος
378 776 412 814 ἦν
425 777 616 813 βασιλεύεσθαι
629 778 748 814 Πάρθοις
768 780 815 806 καὶ
833 780 935 814 Μήδοις

142 826 190 852 καὶ
208 824 361 860 Ἀρμενίοις
372 824 416 851 διὰ
431 825 460 852 τὶ
471 825 548 857 κλέος
557 825 604 852 τοῦ
614 824 722 860 πρώτου
741 826 876 860 Ἀρσάκου
889 826 935 852 τοῦ

140 869 191 896 ἀνα
198 870 371 905 κτησαμένου
377 870 433 901 τοῖς
444 870 561 904 Πάρθοις
567 869 759 905 τὴνβασιλείαν
766 869 818 895 sua
827 869 938 904 Περσῶν

141 915 393 950 ἑσφετερισμένην.
410 915 463 942 Καὶ
480 915 580 950 συνέϐη
597 915 679 951 μέχρι
695 915 793 942 πολλοῦ
809 917 870 947 τοὺς
886 916 932 942 τοῦ

142 960 283 996 ’Δρσάκου
302 960 453 994 ἀπογόνους
465 960 618 995 βασιλεύειν
635 961 690 987 τῶν
714 961 867 997 εἰρημένων
888 962 932 988 eo-

141 1007 208 1034 νῶν.
234 1007 367 1042 Ἐσχατος
381 1007 409 1033 δὲ
426 1007 475 1042 τῆς
492 1006 630 1042 βασιλείας
647 1007 773 1034 ἐκπεσὼν
801 1007 933 1042 Ἀρτσὶὃα⁴

142 1062 187 1084 νος
206 1054 257 1087 τῆς
273 1053 451 1088 προγονικῆς,
469 1054 514 1079 καὶ
532 1053 545 1079 ὁ
564 1054 660 1080 τούτου
675 1053 790 1089 ἁδελφὸς
806 1054 933 1089 Κλιένηξ,

142 1099 268 1134 φυγάδες
289 1100 329 1130 εἰς
357 1099 388 1125 τὸ
418 1099 565 1131 Βυζάντιον
590 1099 803 1135 παραγίνονταιδ
827 1100 903 1126 Λέων
921 1101 935 1128 ὸ

144 1146 234 1180 μέγας
249 1145 309 1171 τότε
324 1145 372 1180 τὴν
388 1145 441 1171 τῶν
464 1145 607 1180 Ῥωμαίων
624 1145 697 1172 ἴθυνε
717 1146 867 1181 βασιλείαν.
884 1143 935 1173 Οὗο

140 1199 189 1223 τος
207 1189 254 1218 οἷον
274 1191 337 1222 τοὺς
356 1191 456 1226 ἄνδρας
472 1191 673 1226 ὑποδεξάμενος
687 1192 735 1218 καὶ
759 1192 935 1228 ἀξιοπρεπῶς

141 1239 264 1272 τιμήσας
281 1238 389 1272 οἴκησιν
417 1237 464 1272 τὴν
487 1239 680 1272 προσήκουσαν
707 1238 736 1263 ὲν
759 1239 791 1272 τῇ
818 1237 935 1272 βασιλίδι

145 1284 312 1319 ἀπένειμεν.
327 1283 417 1319 Ὅπερ
441 1282 535 1319 μαθὼν
558 1284 572 1309 ὁ
592 1283 645 1311 τῶν
668 1283 782 1318 Περσῶν
809 1283 936 1318 βασιλεὺς

143 1329 310 1364 γράμμασιν
333 1329 432 1360 αὐτοὺς
451 1329 639 1364 μετεκαλεῖτο,
664 1329 703 1360 εἰς
732 1329 782 1364 τὴν
804 1329 936 1365 πατρῴαν

146 1374 364 1410 ὑπισχνούμενος
373 1374 522 1409 ἡγεμονίαν
542 1376 758 1410 ἐγκαταστῆσαι.
775 1375 936 1411 Δεξαμένων

145 1421 168 1449 δ’
185 1421 305 1447 ἐκείνων
340 1422 374 1447 τὰ
394 1421 546 1456 γράμματα
568 1421 616 1447 καὶ
635 1421 699 1456 περὶ
717 1421 765 1447 τοῦ
799 1422 935 1456 πρακτέου

145 1467 399 1501 διασκοπουμένων,
409 1466 539 1502 μηνύεται
548 1466 591 1492 διά
605 1475 674 1498 τινος
683 1466 738 1493 τῶν
747 1467 937 1502 ὑπηρετουμέ-

144 1522 198 1540 νων
215 1513 310 1544 αὒτοῖς
324 1512 415 1539 πάντα
423 1512 462 1548 τῷ
474 1512 589 1547 βασιλεῖ,
599 1513 646 1540 καὶ
657 1513 698 1539 ὅτι
708 1514 732 1540 οἱ
746 1513 880 1548 πλανῆται
890 1508 937 1539 οὓς

143 1560 244 1599 τοικαὶ
255 1559 385 1595 ἐπήλυδες
394 1560 448 1586 τῶν
462 1559 669 1595 ἑπισημοτέρων
683 1559 746 1586 είσί.
758 1559 814 1587 Καὶ
831 1559 937 1591 εἶςτινα

145 1606 282 1642 πολίχνην
297 1606 347 1640 τῆς
358 1606 529 1637 Μακεδονίας
547 1605 636 1641 Νίκην
649 1606 855 1642 ὀνομαζομένην
868 1606 938 1642 μετὰ

145 1652 287 1686 γυναικῶν
301 1653 350 1679 καὶ
361 1652 464 1680 τέκνων
478 1652 578 1683 αὐτοὺς
587 1653 750 1684 κατοικίζει.
768 1651 837 1680 Εἶτα
855 1653 938 1680 πάλιν

144 1699 195 1733 τῆς
214 1698 332 1734 Περσῶν
345 1697 484 1733 βασιλείας
497 1697 550 1724 ὑπὸ
558 1697 614 1723 τῶν
629 1697 799 1733 Σαρακηνῶν
815 1698 937 1733 ἀνατρα-

146 1745 248 1780 πείσης
264 1765 271 1778 ,
283 1745 317 1772 τὰ
332 1744 512 1780 παραπλήσια
537 1745 585 1772 καὶ
603 1745 618 1771 ὁ
629 1744 777 1779 τηνικαῦτα
797 1745 938 1780 ἀμερμου-

147 1792 221 1826 μνῆς
238 1791 468 1826 διεπράξατο.καὶ
483 1791 630 1826 γράμμασι
640 1790 814 1824 μετεκαλεῖτο
833 1791 895 1821 τοὺς
909 1790 939 1816 ἐν

145 1834 307 1870 Μακεδονίᾳ
325 1835 380 1871 τῶν
404 1835 574 1870 Ἀρσακιδῶν
590 1835 751 1868 ἀπογόνους.
764 1834 938 1868 ψωραθέντος

146 1880 174 1908 δὲ
190 1882 240 1907 καὶ
257 1881 352 1908 τούτου
367 1880 414 1908 τοῦ
430 1881 567 1916 δράματος
587 1880 741 1916 Ἡρακλείῳ
756 1879 795 1915 τῷ
822 1879 937 1915 βασιλεῖ,

149 1928 199 1954 καὶ
219 1927 323 1954 ὅτιούκ
343 1927 435 1962 εὐνοίᾳ
460 1928 492 1962 τῇ
515 1927 583 1962 πρὸς
612 1927 710 1959 αὐτοὺς
724 1927 741 1962 ή
772 1926 940 1962 μετάκλησις

147 1973 268 2008 ¹γίνεται,
284 1973 342 2000 ἀλλ’
357 1972 428 1999 ὥστε
440 1973 474 1999 δι’
486 1973 576 2000 αὐτῶν
592 1973 622 1999 τὸ
646 1972 701 1999 τῶν
720 1973 877 2008 Ἀρμενίων
891 1972 939 1998 καὶ

151 2019 273 2054 Πάρθων
305 2019 382 2052 γένος
414 2019 534 2054 ὑπήκοον
554 2018 692 2052 γενέσθαι,
721 2019 760 2049 εἰς
790 2017 938 2050 Φιλίππους

146 2065 248 2096 αὑτοὺς
265 2064 327 2099 (μία
341 2064 370 2092 δὲ
381 2064 451 2100 αὔτη
470 2065 525 2091 τῶν
540 2063 734 2092 Μακεδονικῶν
756 2063 940 2098 natamus-:-

147 2111 259 2143 οικίζει,
273 2109 332 2137 εἶτα
358 2110 439 2139 πάλιν
465 2110 571 2137 ἐκεῖθεν
589 2111 628 2141 είς
647 2110 876 2146 ’Δδριανούπολιν.
891 2110 941 2136 Εὐ-

147 2156 229 2184 θέτου
241 2156 269 2183 δὲ
288 2156 336 2183 τοῦ
353 2157 436 2183 τόπου
452 2157 582 2191 φανέντος
598 2158 654 2188 τοῖς
666 2156 762 2189 ξένοις,
783 2157 823 2187 εἰς
838 2156 939 2191 πλῆθος

152 2202 338 2238 κατέστησαν,
355 2202 507 2238 ἁσύγχυτον
522 2202 553 2228 τὸ
567 2202 645 2236 γένος
657 2202 850 2236 φυλάσσοντες.
868 2202 940 2237 Χρό-

979 274 1065 315 tiara.

1023 406 1168 435 lnterfecto
1192 407 1335 441 Micltaelo,
1357 408 1475 437 Basilius
1491 409 1637 444 imperium
1653 411 1771 446 occepit.

986 454 1011 482 Is
1038 455 1110 482 unde
1137 458 1248 489 sumpto
1274 455 1354 483 ittitio
1370 463 1477 490 quaque
1496 463 1564 484 usus
1580 457 1724 484 occasione
1739 466 1772 486 ex

987 501 1084 528 ltutnili
1105 505 1131 528 et
1146 501 1265 528 obscuro
1279 501 1339 529 loco
1365 501 1399 528 ad
1421 502 1529 529 culmen
1549 503 1655 538 imperii
1675 511 1773 531 ascen-

987 548 1067 580 derit,
1084 548 1167 575 altius
1181 548 1295 582 repetita
1309 555 1338 575 re
1353 551 1395 576 est
1410 548 1612 583 explicandum.
1639 549 1699 576 Fuit
1715 549 1750 576 Ba
1763 564 1773 569 -

987 595 1067 623 silius
1078 595 1165 630 patria
1184 594 1267 630 983
1288 594 1411 626 Macedo.
1434 595 1545 622 natione
1564 595 1720 628 Armenius,
1740 603 1772 623 ex

987 642 1088 670 illustri
1111 642 1308 669 Arsacidarum
1334 641 1439 676 stirpe,
1460 649 1492 668 ex
1518 649 1571 676 qua
1596 643 1676 669 unica
1700 642 1773 677 leges

987 688 1111 716 sinebant
1146 687 1323 719 Parthorum,
1351 687 1491 715 Medorum
1525 688 1774 724 ArmeniOruutqus

989 743 1067 770 reges
1082 735 1173 770 deligi,
1190 735 1225 762 ob
1239 735 1352 769 gloriam
1367 735 1449 770 primi
1465 735 1587 768 Arsacis,
1599 735 1646 769 qui
1663 735 1774 763 Parthis

989 789 1101 817 regnum
1123 789 1138 808 a
1163 781 1257 808 Persis
1278 786 1436 816 surreptum
1470 785 1690 816 recnperaverat.
1722 781 1774 808 Din

989 827 1133 855 admodum
1151 827 1234 861 hujus
1248 827 1358 855 Arsacis
1384 826 1531 861 progenies
1547 827 1629 854 dictis
1647 827 1774 862 gentibus

990 873 1145 908 imperavit.
1162 872 1281 900 Ultimus
1293 872 1450 899 Artabanus
1460 871 1575 907 ejusque
1597 872 1684 899 frater
1702 871 1776 899 Clie-

989 926 1048 950 nes,
1064 919 1137 946 avito
1150 918 1284 945 exturbati
1299 926 1393 953 regno,
1414 918 1576 954 Byzantium
1591 918 1700 946 exsules
1713 926 1762 954 per

986 968 1129 997 venerunt,
1145 964 1236 992 Leone
1248 971 1346 1000 magno
1356 968 1412 991 tum
1426 964 1611 991 Romanorum
1631 964 1776 999 imperium

986 1012 1143 1046 gerenter
1155 1011 1227 1038 viros
1245 1011 1313 1037 istos
1325 1010 1443 1045 excepit,
1461 1010 1668 1044 honoribusque
1685 1010 1777 1045 dignis

986 1056 1106 1084 alliciens
1137 1056 1333 1083 habitationem
1363 1056 1390 1082 in
1420 1055 1489 1082 urbe
1513 1055 1548 1082 iis
1567 1055 1775 1083 convenientem

987 1101 1148 1136 assignavit.
1181 1100 1327 1128 Persarum
1355 1108 1403 1128 rex
1423 1100 1533 1135 cognita
1557 1100 1609 1128 hac
1635 1107 1664 1127 re
1683 1100 1776 1128 missis

986 1147 1083 1175 litteris
1095 1154 1143 1175 eos
1160 1148 1312 1179 revocavit,
1328 1146 1523 1173 restituturum
1540 1153 1570 1172 se
1586 1145 1612 1172 in
1628 1149 1775 1180 paternum

987 1201 1100 1227 regnum
1127 1193 1302 1228 promittens.
1329 1191 1398 1219 Dum
1427 1191 1453 1219 hi
1482 1191 1585 1219 litteris
1609 1191 1642 1219 iis
1657 1192 1777 1226 acceptis

987 1238 1052 1272 quid
1069 1239 1141 1266 facto
1167 1246 1233 1266 usus
1261 1237 1297 1265 sit
1322 1237 1486 1270 deliberant,
1518 1237 1628 1272 quidam
1651 1237 1775 1272 ipsorum

989 1286 1108 1312 lautulus
1124 1289 1211 1312 totum
1229 1284 1368 1320 negotium
1386 1285 1510 1319 exponit,
1531 1283 1684 1312 ostendens
1697 1291 1776 1311 erro-

987 1338 1036 1357 nes
1053 1330 1102 1358 hos
1121 1334 1204 1365 atque
1229 1330 1348 1357 advertas
1365 1338 1427 1358 esse
1454 1337 1488 1357 ex
1506 1329 1705 1358 illustrissimis
1720 1330 1776 1356 hoe-

989 1375 1118 1402 tninibns.
1147 1374 1241 1409 Itaque
1258 1374 1314 1402 Leo
1336 1383 1382 1403 eos
1399 1382 1461 1402 cum
1477 1376 1610 1403 uxoribus
1632 1378 1660 1402 et
1681 1375 1776 1403 liberis

987 1420 1082 1448 Nicam
1113 1421 1252 1455 (oppidum
1282 1425 1323 1449 est
1350 1421 1402 1448 hoc
1427 1420 1605 1456 Macedoniae)
1631 1421 1776 1451 transfert.

989 1467 1108 1494 Rursum
1119 1472 1212 1503 postea
1220 1466 1364 1494 Persarum
1375 1475 1458 1502 regno
1470 1474 1484 1493 a
1497 1468 1658 1495 Sarracenis
1666 1476 1774 1502 everso,

988 1513 1049 1548 ejus
1065 1513 1197 1548 temporis
1222 1521 1423 1541 amertnumnes
1439 1513 1532 1540 itidem
1547 1514 1648 1542 litteris
1671 1515 1779 1542 Arsaci-

951 1572 974 1602 ρ
991 1559 1040 1586 das
1059 1560 1085 1586 itt
1103 1559 1261 1587 Macedonia
1280 1559 1410 1595 degentes
1437 1560 1584 1587 revocavit.
1614 1560 1692 1594 Quod
1713 1567 1778 1588 cum

988 1605 1132 1634 Heraclius
1151 1611 1209 1633 tum
1224 1606 1373 1640 imperator
1388 1605 1627 1640 deprehendisset.
1644 1607 1779 1642 intellige-

988 1657 1085 1687 retque
1099 1659 1161 1680 eum
1186 1659 1241 1679 non
1264 1652 1454 1679 benevolentia
1472 1652 1619 1687 impulsum
1643 1648 1718 1688 ipsos
1731 1661 1779 1682 ac-

989 1705 1107 1730 cersere.
1128 1697 1175 1726 sed
1190 1698 1263 1732 quod
1272 1703 1406 1733 rsperaret
1430 1706 1525 1726 eorum
1540 1706 1622 1734 opera
1640 1707 1670 1727 se
1686 1701 1781 1727 Arme-

990 1743 1051 1770 nios
1063 1742 1235 1778 θθιροδεο
1251 1748 1277 1770 et
1285 1742 1400 1770 Parthos
1409 1743 1461 1770 sibi
1475 1744 1623 1778 subjicere,
1638 1744 1779 1779 Philippos

990 1789 1067 1822 (urbs
1079 1793 1106 1815 et
1126 1789 1183 1815 hac
1200 1791 1242 1816 est
1254 1787 1431 1823 MacedOnia2)
1443 1797 1490 1816 eos
1502 1794 1680 1823 transportat,
1696 1782 1780 1824 atque

989 1834 1054 1861 inde
1071 1833 1280 1868 Adrianopolin.
1309 1833 1361 1866 Qui
1381 1834 1459 1861 loctts
1480 1843 1542 1861 cum
1559 1836 1628 1870 ipsis
1643 1839 1778 1870 opportu-

989 1887 1042 1907 nus
1055 1879 1204 1912 videretur,
1224 1885 1361 1906 auxerunt
1379 1879 1414 1906 ibi
1432 1887 1472 1911 se.
1490 1888 1576 1915 genus
1591 1889 1671 1908 suum
1688 1889 1780 1909 secre-

989 1929 1046 1952 tum
1063 1925 1098 1952 ab
1124 1924 1187 1952 aliis
1212 1929 1363 1952 servantes.
1389 1925 1538 1960 Aliquanto
1561 1931 1622 1961 post
1643 1931 1779 1962 tempore.

989 1970 1171 1998 Constantino
1197 1978 1259 1998 cum
1282 1975 1370 1999 matre
1394 1971 1471 1998 lrena
1488 1971 1634 2006 itnpcrium
1655 1976 1778 2006 gerente,

989 2015 1138 2044 Arsacides
1153 2015 1264 2051 quidant
1284 2017 1394 2043 nomine
1405 2016 1518 2044 Maictes
1537 2017 1709 2046 neceSsitatis
1721 2025 1779 2046 suas

991 2069 1074 2090 causa
1098 2062 1194 2097 Cpolin
1222 2063 1305 2094 venit.
1327 2063 1477 2098 inciditque
1502 2064 1530 2091 in
1546 2064 1676 2099 gentilem
1697 2071 1778 2092 suum

990 2108 1160 2142 Leonem,et
1184 2109 1367 2137 arctissimam
1392 2117 1455 2137 cum
1477 2117 1511 2138 eo
1538 2111 1686 2138 amicitiam
1713 2118 1780 2138 con-

991 2155 1084 2182 traxit.
1110 2154 1240 2189 Quicum
1266 2157 1355 2191 ipsum
1370 2156 1548 2191 Adrianopoli
1572 2157 1682 2191 quidem
1701 2157 1780 2184 habi-

991 2204 1061 2232 tare,
1076 2208 1161 2236 genus
1177 2204 1267 2228 autem
1280 2201 1313 2228 ab
1324 2201 1465 2229 Arsacidis
1479 2201 1586 2229 trahere
1602 2203 1778 2236 intelligeret.

150 2257 208 2280 νοις
222 2249 249 2275 δὲ
263 2248 387 2283 ὕστερον,
405 2249 486 2284 ἡνίκα
497 2249 700 2279 Κωνσταντίνος
719 2247 769 2274 σὺν
785 2247 889 2283 Εἰρήνῃ
905 2248 937 2282 τῇ

993 2246 1110 2274 alienum
1122 2247 1211 2274 solutn
1226 2247 1319 2281 patria:
1332 2247 1367 2274 ob
1379 2247 1429 2274 viri
1442 2248 1630 2282 praestantiam
1648 2249 1778 2283 praetulit,

155 2294 242 2329 μητρὶ
261 2294 445 2328 ἐϐασίλευσεν,
463 2295 534 2330 ἀνήρ
547 2303 589 2326 τις
606 2294 733 2328 Μαϊκτης
750 2293 880 2329 τοῦνομα,
897 2294 937 2325 είς

151 2341 180 2368 τὺ
192 2341 251 2368 τῶν
259 2341 427 2376 ’Δρσακιδῶν
437 2341 580 2375 ἀναφέρων
590 2341 679 2375 γένος,
688 2340 760 2368 κατά
771 2349 832 2367 τινα
845 2340 940 2376 χρείαν

152 2386 241 2422 εἰσῄει
257 2388 297 2418 εἰς
315 2388 364 2423 τὴν
380 2387 585 2422 βασιλεύουσαν,
604 2387 649 2423 [Ρ.
662 2386 724 2422 558]
739 2386 768 2420 ὃς
787 2386 865 2422 ἀνδρὶ
890 2395 940 2413 πε-

151 2434 310 2468 ριτυγχάνει
332 2433 451 2468 τυχαίως
475 2434 602 2468 ὁμογενεῐ
624 2433 719 2462 Λέοντι
743 2433 874 2467 τοῦνομα,
893 2434 940 2460 καὶ

150 2479 189 2510 είς
206 2478 315 2513 ὁμιλίαν
332 2480 407 2513 αὐτῷ
424 2479 563 2511 καταστὰς
577 2479 639 2516 ὅλος
654 2479 704 2514 τῆς
732 2479 828 2505 τούτου
849 2479 940 2513 φιλίας

152 2523 273 2557 ἐγένετο.
293 2523 337 2556 Ὧς
350 2523 379 2551 δὲ
397 2524 545 2558 κατενόησε
560 2524 607 2550 καὶ¹
624 2523 705 2550 αὑτὸν
732 2523 780 2550 τοῦ
799 2523 854 2550 τῶν
872 2524 938 2557 ’Δρ-

151 2568 271 2596 σακιδῶν
285 2570 402 2605 αἵματος
414 2568 496 2603 εἶναι,
510 2570 538 2596 ὲν
560 2569 779 2605 Ἀδριανουπόλιι
799 2568 937 2602 οἰκοῦντα,

993 2300 1129 2327 unamque
1150 2300 1183 2320 ex
1204 2293 1263 2328 ejus
1282 2292 1389 2322 ﬁliabus
1413 2301 1524 2321 uxorem
1551 2294 1640 2322 duxit.
1664 2294 1728 2321 Hoc
1745 2302 1780 2322 ex

992 2339 1122 2374 coniugio
1137 2344 1216 2366 natus
1227 2344 1267 2366 est
1281 2339 1371 2366 Basilii
1385 2343 1473 2375 pater.
1493 2340 1600 2368 viribus
1613 2345 1639 2368 et
1656 2341 1781 2376 corporis

993 2385 1087 2413 habitu
1114 2389 1265 2420 praestans;
1296 2386 1340 2414 etti
1368 2386 1470 2414 nobilis
1492 2387 1616 2421 quedam
1643 2391 1778 2418 matrona.

993 2439 1053 2466 qua:
1076 2439 1090 2458 a
1116 2439 1214 2466 magno
1236 2431 1418 2460 Constantino
1446 2434 1552 2461 natales
1576 2441 1643 2462 suos
1671 2435 1781 2464 trahere

993 2478 1179 2509 credebatur.
1207 2479 1290 2507 tiliam
1325 2486 1403 2506 suam
1435 2479 1516 2514 longe
1548 2479 1780 2511 formesissitnam

995 2530 1107 2558 nuptum
1133 2524 1257 2551 tradidit.
1285 2522 1334 2551 His
1358 2524 1518 2559 parentibus
1548 2528 1629 2554 natus
1651 2525 1779 2561 Basilius,

993 2573 1138 2604 antequam
1154 2574 1326 2602 nasceretur,
1341 2570 1424 2597 multa
1442 2569 1539 2599 habuit
1552 2571 1679 2607 potiundi
1694 2572 1782 2608 impe-

708 2651 888 2679 XYLANDRI
904 2650 946 2679 ET
971 2650 1079 2679 GOARI
1103 2650 1219 2679 NOT/E.

187 2722 244 2757 (68)
262 2722 348 2755 Quale
376 2722 505 2757 poculum
528 2722 565 2749 sit
580 2722 804 2757 discopoterium,
823 2731 877 2750 non
895 2731 939 2752 as-

152 2766 254 2793 sequor
267 2761 351 2785 certo.
367 2757 438 2792 Quid
452 2757 486 2784 sit
501 2757 604 2789 discus.
619 2758 682 2785 alibi
706 2763 748 2785 est
761 2759 938 2793 explicatum.

153 2794 185 2820 Ει
200 2793 378 2828 polycandela
395 2793 521 2826 suspicor
537 2800 597 2820 esse
614 2797 772 2827 corruptam
789 2801 820 2820 ex
833 2794 941 2821 semila-

154 2831 211 2855 tina
230 2836 334 2860 vocent,
355 2832 383 2854 ut
403 2829 459 2855 sint
483 2828 673 2863 πολυκάνδηλα
693 2828 856 2855 candelabra
874 2829 943 2856 mul-

154 2868 198 2889 tas
226 2863 385 2899 recipientia
417 2863 555 2899 candelas.
596 2863 840 2899 Quaﬁconjectnra
864 2864 943 2892 facile

154 2899 240 2934 patiar
250 2900 276 2927 lit
285 2899 355 2926 mins
365 2898 466 2933 aliquid
482 2900 640 2927 monstrari.
654 2898 855 2927 XYL.——Discus
865 2907 942 2936 repo-

990 2722 1079 2750 nendo
1096 2723 1159 2758 pani
1188 2721 1382 2756 eucharistico,
1397 2726 1425 2751 ct
1443 2723 1516 2750 calix
1541 2723 1607 2752 vino
1619 2731 1781 2753 consecrato

991 2758 1159 2791 recipiendo,
1175 2763 1240 2785 sunt
1258 2758 1477 2793 δισκοποτήριον.
1491 2758 1579 2787 Goaa.

1028 2793 1082 2828 (69)
1093 2794 1134 2820 Ex
1155 2794 1279 2828 pluribus
1305 2795 1466 2829 auctoribus
1491 2794 1518 2820 in
1538 2793 1705 2829 Euchologio
1729 2795 1778 2821 ad-

992 2829 1082 2856 ductis
1101 2836 1202 2862 repono
1227 2829 1429 2862 πολυκάνδηλα.
1443 2828 1547 2856 Funale
1566 2831 1650 2856 variis
1666 2828 1778 2864 lychnis

993 2869 1130 2895 ornalutn,
1146 2873 1161 2892 e
1175 2864 1296 2900 laqueari
1311 2864 1435 2900 ecclesia:
1451 2865 1572 2900 pendens
1588 2864 1776 2894 acluminibui

993 2908 1052 2927 eam
1067 2905 1148 2928 totam
1160 2899 1313 2929 illustrans.
1333 2899 1418 2929 Goan.
