2046 3149
264 175 334 209 1075

909 176 1071 210 GEORGII
1088 176 1237 210 CEDREN
1243 178 1255 210 Ι

1831 178 1885 211 θ’ἶὸ

262 234 353 268 segnis
381 237 463 270 atque
485 234 695 269 somniculosus,
722 243 776 263 non
795 235 954 268 excitasset,
975 237 1045 264 videt

1099 237 1137 272 τῷ
1144 238 1192 272 τῆς
1208 238 1290 273 μονῆς
1300 237 1441 272 ἡγουμένῳ
1452 239 1465 264 6
1476 237 1577 272 μάρτυς
1587 236 1729 270 solutum
1738 236 1884 271 Διομήδης,

262 282 296 308 ad
326 288 355 308 se
381 281 491 308 tertium
522 281 614 308 venire
643 285 801 317 martyrem,
832 289 886 310 non
914 287 944 310 ut
970 283 1047 317 prius

262 327 368 362 placide
380 329 432 355 ista
445 327 598 363 jubentcm,
612 329 659 356 sed
675 330 793 363 graviter
810 331 898 358 minas
914 330 1047 358 adhiben—

263 378 327 407 tem,
345 381 377 402 ac
389 374 441 402 nisi
455 375 581 402 mandata
596 380 750 411 perageret,
762 375 845 412 ﬂagra
855 377 1045 404 intentantem.

262 419 300 448 lla
318 421 427 448 demum
438 421 590 449 monachos
598 429 646 456 per
657 427 757 450 metum
773 431 870 458 sopore
885 423 1047 458 ignaviaque

262 465 385 493 rscussis
403 470 488 500 porta:
502 466 618 498 assistit,
641 464 839 502 Basiliumque,
858 472 887 495 ut
901 472 959 494 erat
976 468 1047 495 divi-

261 509 336 538 nitus
364 511 468 545 jussus,
500 515 589 538 vocat.
620 511 671 545 Qui
688 514 779 540 statim
800 513 962 549 respondit,
981 523 990 539 ι
1007 513 1045 540 En

261 556 379 589 adsum,
414 555 529 584 Domine
555 566 562 585 :
596 558 662 593 quid
691 559 805 586 mandas
836 566 916 587 servo
944 559 1014 586 tuo?
1033 568 1042 585 ι

261 599 413 630 Monachus
434 610 497 629 eum
514 603 540 630 in
559 604 755 631 monasterium
770 603 929 637 introducit,
948 605 1045 632 Imma-

261 646 375 676 nlssime
387 652 494 682 tractat,
509 649 582 676 omni
599 657 664 676 cura
678 649 775 677 reﬁcit.
789 647 938 685 Slipulatus
949 650 1047 678 deinde

261 699 391 721 arcanum
417 700 480 722 eum
507 694 558 722 sibi
592 695 730 722 occultum
754 699 926 723 servaturum
958 704 1046 731 neque

259 739 474 775 evulgaturum,
503 741 632 775 martyris
666 742 824 769 vaticinium
858 742 990 777 exponit,
1019 746 1046 769 et

260 786 413 813 obtestatur
443 791 472 813 ut
489 787 564 814 exitu
592 787 645 814 hoc
670 789 864 822 comprobante
893 788 935 816 sui
963 793 1046 822 atque

261 832 419 859 monasterii
447 833 511 860 velit
537 833 706 861 meminisse.
732 834 799 861 Cum
815 834 932 861 Basilius
948 834 1004 862 haec
1017 839 1047 861 ut

261 885 291 904 se
317 878 398 914 longe
424 880 566 914 superiora
594 885 777 912 aversaretur,
804 881 885 915 idque
910 881 1002 915 potius
1030 888 1045 907 a

260 924 391 951 monacho
410 924 561 959 postularet
581 929 611 951 ut
624 925 743 960 aliquem
762 925 911 952 illustrium
925 926 1046 952 virorum

260 968 400 996 deminum
422 969 472 997 sibi
490 970 661 1003 conciliaret,
685 971 852 1005 perlibenter
872 970 942 997 hanc
961 971 985 998 ei
1001 971 1047 998 ille

260 1015 369 1041 navavit
389 1022 499 1050 operam
514 1036 521 1049 ,
549 1020 576 1043 et
600 1015 731 1043 Basilium
759 1015 911 1051 Thcophilo
939 1016 1046 1051 (eratis

260 1060 384 1088 Michaeli
398 1061 571 1096 imperatoris
580 1067 607 1089 et
616 1062 708 1089 Bardrc
718 1062 833 1089 Caesaris
853 1067 1046 1097 cognatus,at-

258 1112 312 1140 que
328 1106 364 1134 ob
378 1110 489 1134 staturae
503 1107 683 1135 humilitatem
698 1106 899 1144 Theophilitzes
911 1109 1046 1136 diminuto

258 1153 392 1181 vocabulo
407 1154 619 1189 appellabatur),
635 1154 747 1189 quilsto
771 1154 938 1182 monasterio
964 1154 1046 1181 fami—

260 1199 366 1227 liariter
380 1200 518 1232 utebatur,
537 1200 750 1228 commendavit.
774 1200 885 1227 Solebat
901 1199 946 1227 hic
961 1199 1047 1227 Theo-

257 1244 385 1280 philitzes
395 1253 505 1281 semper
515 1246 762 1280 generosos,l’orma
773 1245 889 1281 eleganti
898 1252 925 1273 et
937 1246 1045 1273 fortitu-

259 1289 323 1318 dlue
338 1295 498 1325 praestantes
514 1290 565 1319 sibi
579 1299 701 1327 quaerere
709 1291 792 1327 990
805 1291 931 1324 famulos,
944 1299 1045 1327 eaSque

258 1337 354 1365 sericis
371 1337 494 1366 vestibus
514 1338 734 1373 alioquehabitu
754 1345 898 1365 exornare.
930 1337 977 1365 llis
1001 1339 1043 1365 in-

258 1387 362 1410 sertum
380 1381 523 1416 Basillum,
544 1392 605 1412 cum
629 1385 735 1412 videret
763 1384 845 1411 animi
868 1385 1045 1420 corporisque

258 1428 419 1458 t'ortltudine
446 1431 561 1466 reliquis
584 1430 732 1458 admodum
752 1431 924 1463 antecellere,
952 1436 1045 1466 proto-

257 1479 402 1503 stratorem
417 1484 478 1504 eum
501 1480 586 1504 creat.
607 1476 640 1504 Et
657 1476 775 1504 Basilius
792 1483 900 1511 semper
915 1476 948 1503 ad
964 1484 1045 1511 supe-

257 1529 271 1547 r
282 1529 330 1548 ora
347 1522 463 1550 tendens
477 1523 503 1549 in
519 1523 578 1550 dies
592 1522 635 1549 sui
655 1529 776 1550 amorem
792 1522 819 1549 in
836 1522 928 1549 animo
941 1521 1044 1549 domini

258 1568 345 1600 auxit,
362 1568 460 1604 suique
474 1568 683 1596 admirationem
697 1567 846 1596 virtutibus
865 1567 922 1595 suis
942 1567 1044 1594 exeita-
1058 1584 1079 1611 ε

258 1613 320 1640 vit:
341 1620 404 1640 nam
430 1618 457 1640 et
480 1621 563 1640 manu
589 1617 648 1640 erat.
676 1617 819 1647 promptus
849 1617 876 1640 et
904 1612 1043 1640 animosus

258 1663 341 1694 atque
369 1661 403 1686 ad
432 1659 536 1694 quaevis
560 1658 688 1686 mandata
716 1657 890 1693 exsequenda
916 1657 989 1684 celer
1013 1664 1044 1684 ac

257 1703 384 1732 idoneus.

1102 284 1220 311 κελεύων
1231 283 1350 316 ἐξελθεῖν
1364 284 1404 316 είς
1418 284 1463 310 τὸν
1476 284 1525 318 τῆς
1538 282 1622 317 μονῆς
1637 283 1749 309 πυλῶνα.
1760 284 1807 309 καὶ
1823 283 1884 309 ὀνο.

1103 330 1186 364 μαστὶ
1204 329 1317 357 καλέσαι
1336 330 1487 362 Βασίλειον,
1503 329 1550 356 καὶ
1564 329 1609 356 τὸν
1621 328 1816 355 ὑπακούσαντα
1829 329 1886 354 slo-

1101 377 1215 411 αγαγεῖν
1227 377 1301 408 εῑςτδ
1312 375 1554 411 μοναστήριον”καὶ
1569 374 1728 409 ἐπιμελείας
1739 374 1855 407 ἀξιῶσαι
1871 382 1879 389 ·

1100 422 1282 457 κεχρισμένον
1296 423 1350 456 γὰρ
1365 420 1433 448 εἶναι
1449 421 1545 448 τοῦτον
1574 420 1686 456 βασιλέα
1706 420 1782 456 παρὰ
1806 419 1886 450 Θεοῦ,

1101 467 1148 493 καὶ
1162 467 1243 493 αὑτὸν
1264 467 1374 501 μέλλειν
1390 467 1431 498 είς
1443 465 1620 500 ἀνοικοδομὴν
1637 464 1686 492 καὶ
1702 465 1817 499 αὔξησιν
1836 464 1889 499 τῆς

1100 513 1243 549 παρούσης
1259 512 1385 546 γενέσθαι
1397 512 1492 547 μονῆς.
1507 511 1538 538 '0
1551 512 1580 538 δὲ
1596 509 1801 546 καθηγούμενος
1817 511 1888 545 φάν-

1099 565 1192 593 τασμα
1219 558 1249 585 τὸ
1274 556 1370 585 Θεαῦὲν
1399 556 1469 584 εἶναι
1488 556 1718 592 ὑπολογισάμενος
1743 558 1772 583 ἐν
1798 556 1889 583 οὐδενὶ

1099 604 1171 640 λόγῳ
1185 604 1219 630 τὰ
1236 603 1387 639 λαληθέντα
1399 603 1553 638 ἐποιήσατο,
1567 603 1635 628 ἀλλὰ
1647 603 1728 629 πάλιν
1741 603 1837 629 ἑαυτὸν
1848 601 1888 637 τῷ

1100 649 1176 685 ὕπνῳ
1188 649 1360 676 ἐπεδεδώκει.
1388 649 1428 675 Τά
1445 649 1524 684 ὃμοια
1549 648 1578 675 δὲ
1595 646 1677 674 πάλιν
1698 649 1731 675 ἐκ
1757 647 1888 683 δευτέρου

1101 695 1279 730 ϐεασὲιμενος,
1310 694 1370 721 ἐπεὶ
1398 695 1435 729 μὴ
1460 695 1587 729 ἀνέφερε,
1611 693 1698 729 νωθής
1717 698 1759 725 τις
1779 693 1817 720 ὢν
1840 694 1888 720 καὶ

1100 741 1234 776 ὑπνώδης,
1252 741 1283 766 ὲκ
1297 740 1388 776 τρίτου
1411 739 1503 775 βλέπει
1516 741 1562 766 τὶν
1576 738 1703 774 μάρτυρα
1713 739 1804 765 οὺκέθ⁴
1819 738 1889 773 ἡσύ-

1099 795 1154 822 χως
1170 787 1218 814 καὶ
1246 787 1340 821 πράως
1366 786 1642 821 παρακελευόμενον,
1667 786 1796 812 ἀλλὰκαὶ
1823 786 1885 812 λίαν

1100 832 1223 867 σφοδρῶς
1235 832 1399 859 ἀπειλοῦντα
1416 832 1462 859 καὶ
1479 833 1614 867 μάστιγας
1631 831 1670 866 τῷ
1680 831 1768 858 δοκεῖν
1787 830 1887 865 ἐπιφέ-

1101 886 1192 913 ροντα,
1211 879 1234 904 εί
1262 877 1300 913 μὴ
1327 877 1424 904 θᾶττον
1447 877 1616 912 ὑπηρετήσει
1639 877 1695 908 τοῖς
1718 877 1888 912 λεγομένοις.

1063 918 1084 946 Β
1099 925 1166 951 Τότε
1179 924 1201 951 δ’
1213 921 1259 951 οὖν
1271 923 1390 959 ἔμφοϐος
1404 923 1570 955 διυπνισθεὶς
1583 923 1629 950 καὶ
1650 922 1694 950 τὸν
1710 923 1788 950 δκνον
1814 924 1891 950 ἐκτια

1099 969 1251 1004 ναξάμενος
1265 969 1304 1005 τῷ
1323 969 1426 995 πυλῶνι
1441 969 1595 1003 ἐφίσταται,
1613 969 1660 996 καὶ
1680 968 1751 995 κατὰ
1767 968 1798 995 τὸ
1815 968 1890 995 θεῖον

1099 1015 1264 1050 πρόσταγμα
1277 1015 1378 1042 ὲκάλει’
1391 1015 1526 1043 Βασίλειε.
1536 1015 1591 1041 Καὶ
1604 1015 1632 1047 ὃς
1644 1014 1736 1046 εὐθύς·
1746 1015 1810 1041 Ἰδοὺ
1819 1014 1887 1049 ἐγὼ,

1098 1061 1189 1096 κύριε·
1208 1061 1235 1087 τί
1246 1061 1429 1096 προστάσσεις
1440 1061 1478 1096 τῷ
1493 1061 1580 1096 δούλῳ
1594 1069 1640 1087 σου
1652 1069 1660 1093 ;
1679 1060 1752 1086 Είσω
1762 1060 1790 1086 δὲ
1801 1060 1889 1087 αὐτὸν

1097 1108 1146 1142 τῆς
1164 1107 1250 1142 μονῆς
1262 1108 1419 1142 είσαγαγὼν
1429 1106 1542 1142 δεούσης
1555 1116 1585 1134 τε
1599 1107 1748 1142 θεραπείας
1762 1107 1810 1133 καὶ
1825 1107 1890 1133 Em-

1099 1154 1208 1188 μελείας
1222 1154 1323 1188 ἠξίωσε
1343 1155 1391 1181 καὶ
1407 1154 1498 1189 πάσης
1513 1153 1651 1190 μετέδωκε
1674 1154 1888 1189 φιλοφροσύνης.

1097 1197 1161 1226 Εἶτ’
1175 1198 1320 1234 ἐχεμυθεῖν
1333 1198 1554 1235 ἀσφαλισάμενος
1563 1200 1610 1227 καὶ
1625 1199 1662 1235 μὴ
1675 1199 1808 1226 ἔκπυστον
1818 1199 1889 1233 πρός

1097 1253 1157 1272 τινα
1175 1246 1283 1279 θέσθαι,
1302 1246 1369 1272 ἀλλὰ
1387 1246 1452 1281 παρ’
1472 1245 1560 1280 ἑαυτῷ
1575 1245 1720 1280 φυλάττειν
1732 1246 1762 1272 τὸ
1779 1247 1889 1280 μυστή-

1099 1301 1155 1328 ριον
1171 1293 1378 1328 παρεγγυήσας,
1398 1293 1448 1328 τὴν
1463 1292 1510 1320 τοῦ
1526 1292 1663 1328 μάρτυρος
1683 1292 1758 1328 αὐτῷ
1786 1293 1887 1325 ἐφανέ-

1096 1346 1167 1372 ρωσε
1191 1337 1353 1373 πρόρρησιν,
1369 1338 1415 1364 καὶ
1431 1337 1500 1373 μετὰ
1516 1338 1565 1374 τὴν
1583 1337 1695 1365 ἔκϐασιν
1709 1337 1764 1364 τῶν
1797 1346 1890 1373 πραγ-

1097 1384 1189 1418 μάτων
1200 1383 1297 1410 ὲιυτοῦ
1310 1392 1338 1410 τε
1352 1383 1399 1410 καὶ
1410 1384 1460 1418 τῆς
1473 1385 1556 1418 μονῆς
1572 1382 1725 1418 μεμνῆσθαι
1740 1383 1888 1410 ἐδυσώπει.

1096 1429 1139 1465 [Ρ.
1156 1429 1218 1465 561]
1236 1429 1289 1456 Τοῦ
1302 1430 1330 1456 δὲ
1343 1429 1382 1461 ὡς
1397 1429 1466 1466 ὑπὲρ
1482 1429 1576 1456 ἑαυτὸν
1587 1429 1617 1456 τὸ
1630 1430 1745 1464 πρᾶγμα
1759 1429 1887 1456 ἀποσειο-

1096 1476 1187 1510 μένου,
1203 1475 1249 1502 καὶ
1265 1476 1366 1512 μᾶλλον
1377 1476 1514 1508 ἀξιοῦντος
1529 1475 1575 1503 τὸν
1601 1476 1753 1511 ἡγούμενον
1774 1477 1889 1503 εἰσοικι-

1095 1521 1190 1556 σθῆναί
1203 1531 1255 1549 τινι
1266 1523 1536 1558 τῶνὲμφανεστέρων
1549 1523 1586 1553 εἰς
1595 1522 1729 1554 δουλείαν,
1741 1521 1887 1554 ἀσπασίως

1095 1567 1190 1592 ἑαυτὸν
1209 1567 1249 1597 είς
1263 1566 1358 1593 τοῦτον
1374 1566 1525 1593 ἐκδέδωκεν
1549 1567 1564 1593 6
1580 1566 1741 1602 ἡγούμενος,
1759 1567 1806 1592 καὶ
1823 1566 1888 1592 ἐπεὶ

1099 1612 1221 1647 συνήθως
1235 1610 1291 1647 εἶχε
1306 1613 1374 1648 πρὸς
1390 1613 1439 1648 τὴν
1452 1613 1581 1647 τοιαύτην
1600 1613 1708 1647 μονὴνὸ
1733 1612 1778 1639 τοῦ
1805 1612 1886 1646 βασι-

1098 1658 1165 1688 λέως
1180 1659 1288 1694 Μιχαὴλ
1303 1660 1350 1686 καὶ
1364 1659 1410 1686 τοῦ
1423 1659 1514 1695 Βάρδα
1530 1659 1577 1685 τοῦ
1593 1659 1734 1694 Καίσαρος
1748 1659 1887 1694 συγγενὴς

1099 1703 1238 1738 Θεόφιλος,
1255 1705 1285 1731 6v
1302 1705 1527 1741 ὑποκοριζόμενοι
1541 1705 1585 1732 διὰ
1600 1706 1629 1732 τὸ
1648 1707 1746 1740 μικρὸν
1758 1709 1807 1740 τῆς
1821 1705 1884 1740 ἡλι-

256 1748 317 1782 κίας
332 1750 509 1786 Θεοφιλίτζην
525 1751 648 1784 ἐκάλουν,
665 1751 751 1787 τούτῳ
769 1749 915 1785 συνέστησε
928 1749 974 1776 τὸν
992 1749 1132 1776 Βασίλειον
1147 1751 1190 1777 ἀεὶ
1203 1751 1322 1787 σπουδὴν
1336 1752 1424 1787 ἔχοντι
1445 1752 1585 1786 γενναίους
1612 1753 1659 1780 καὶ
1692 1753 1803 1785 εὐειδεῖς
1836 1749 1887 1778 καὶ

256 1797 299 1823 ἐπ’
311 1797 407 1834 ἀνδρίᾳ
420 1793 580 1832 διαϐοήτους
594 1798 742 1834 κεκτῆσθαι
755 1797 820 1832 περὶ
835 1796 916 1825 αὑτὸν
932 1796 1072 1831 ὑπηρέτας
1083 1804 1091 1812 ’
1109 1797 1246 1828 τοιούτους
1277 1797 1331 1833 γὰρ
1366 1799 1587 1834 προσλαμϐάνων
1626 1800 1756 1835 Σηρικαῖς
1776 1808 1806 1825 τε
1837 1799 1886 1825 εὖ·

256 1844 306 1876 οὺς
351 1844 466 1879 ἐκόσμει
499 1844 596 1879 ὲοοῆσι
621 1844 669 1871 καὶ
695 1845 728 1880 τῇ
762 1843 829 1879 ἄλλῃ
866 1842 1018 1876 καταστολῇ
1042 1841 1201 1876 διαπρεπῶς

1242 1843 1461 1878 κατελάμπρυνε.
1502 1844 1613 1875 Τούτοις
1666 1845 1887 1880 ὲγκαταλεγέντα

254 1891 300 1917 τὸν
331 1889 469 1917 Βασίλειον
510 1891 557 1917 καὶ
587 1890 658 1918 κατὰ
695 1890 762 1917 πολὺ
804 1888 934 1925 προῦχειν
971 1887 1026 1914 τῶν
1046 1886 1134 1914 ἄλλων
1147 1888 1278 1915 δοκοῦντα
1290 1889 1362 1915 κατὰ
1379 1889 1428 1924 τὴν
1444 1890 1603 1925 σωματικὴν
1626 1890 1722 1926 ῥώμην
1755 1891 1802 1918 καὶ
1832 1891 1886 1925 ψυν

255 1937 335 1974 χικὴν
354 1939 466 1973 ἀνδρίαν
480 1939 723 1975 πρωτοστράτωρα
736 1935 830 1965 τοῦτον
866 1937 1063 1973 προϐάλλεται.
1094 1936 1152 1963 ’Λεὶ
1184 1936 1212 1964 δὲ
1247 1938 1303 1969 τοῖς
1333 1937 1488 1973 ἔμπροσθεν
1519 1939 1742 1974 ἐπεκτεινόμενος
1776 1941 1886 1976 ἡμέραν

255 1981 286 2017 ἐξ
312 1986 419 2022 ἡμέρας
448 1986 495 2014 ἐπὶ
525 1987 605 2013 πλέον
635 1988 763 2023 ἠγαπᾶτο
793 1978 939 2022 παρὰ’τοίν
971 1984 1113 2021 Θεοφίλου,
1143 1986 1190 2013 καὶ
1227 1987 1274 2013 ἐπὶ
1313 1988 1370 2018 τοῖς
1408 1987 1519 2019 οἰκείοις
1562 1989 1770 2024 προτερήμασιν
1804 1989 1887 2016 ἐθαυ-

257 2033 375 2066 μςὶζετο⁸
393 2031 427 2069 ἦν
453 2033 506 2070 γὰρ
522 2034 593 2061 κατά
610 2043 639 2061 τε
653 2035 731 2070 χεῖρα
757 2035 881 2068 γενναῖος
898 2033 946 2060 καὶ
971 2033 1041 2060 κατὰ
1059 2033 1150 2068 ψυχὴν
1165 2032 1316 2070 θαρραλέος
1348 2034 1394 2061 καὶ
1410 2034 1477 2068 πρὸς
1488 2035 1542 2061 πᾶν
1558 2035 1589 2061 τὸ
1602 2034 1780 2070 κελευὸμενον
1820 2036 1885 2070 ὀξύς

255 2088 285 2106 τε
301 2080 347 2106 καὶ
360 2080 521 2116 ἐπιτήδειος.

293 2127 402 2156 lnterim
423 2132 510 2156 mater
530 2129 601 2164 ejus,
619 2130 756 2164 quomodo
773 2130 824 2157 iter
849 2129 906 2156 tilio
933 2136 1045 2156 succes-

256 2174 340 2202 sisset
353 2178 380 2201 et
395 2182 476 2210 quem
495 2175 617 2202 laborum
635 2175 715 2203 tinent
742 2176 856 2203 sortitus
872 2180 956 2208 esset,
973 2175 1044 2202 scire

256 2220 427 2253 desiderans,
447 2220 511 2247 dum
527 2221 743 2256 animiangitur,
780 2221 917 2249 insomnis
947 2220 1043 2254 imagi-

256 2273 338 2294 natur
352 2267 444 2294 viderc
455 2275 484 2295 se
504 2267 531 2295 in
543 2268 604 2296 aula
617 2276 666 2295 sua
692 2275 815 2302 magnam
845 2269 966 2303 plantam
993 2274 1044 2294 cu-

256 2319 352 2347 presso
388 2313 551 2345 assimilem.
580 2322 664 2342 aureo
693 2319 802 2347 trunco,
832 2313 917 2340 ramis
943 2313 1043 2347 aureis,

255 2362 341 2386 totam
353 2359 474 2395 denique
487 2367 554 2387 auro
570 2361 712 2393 nitentem,
726 2365 754 2388 et
771 2368 854 2395 super
884 2360 934 2387 hac
962 2368 1042 2387 suum

256 2405 388 2433 Basilium
408 2406 566 2434 considere.
584 2407 619 2434 Ut
631 2407 779 2442 evigilavit,
807 2408 972 2434 insomnium
990 2407 1042 2434 hoc

256 2450 364 2478 mulieri
381 2451 491 2478 cuidam
509 2451 643 2485 religiosae
662 2452 798 2487 proponit.
819 2451 855 2479 Ea
868 2453 939 2479 bono
954 2453 1041 2487 ipsam

255 2497 348 2524 animo
364 2497 442 2532 jubet
457 2504 520 2525 esse
536 2497 583 2525 lilii
605 2505 700 2531 causa,
716 2498 924 2533 conjiciensque
939 2498 1042 2525 insom-

255 2543 292 2569 ιιίί
307 2543 373 2574 vim,
391 2551 453 2571 eum
467 2543 653 2572 Romanorum
685 2544 877 2580 imperatorem
908 2544 965 2572 fore
978 2552 1042 2579 pro-

255 2589 374 2616 nuntiat.
395 2590 435 2616 Ex
451 2594 577 2618 eomatcr
591 2590 695 2623 Basilii,
711 2591 763 2618 hoc
774 2590 874 2618 futura:
891 2590 936 2618 lilii
953 2590 1040 2618 felici-

256 2635 321 2663 tatis
341 2639 503 2670 argumento
516 2637 654 2672 prioribus
674 2637 778 2670 addito,
805 2637 924 2664 sollicita
934 2644 984 2672 pro
1009 2644 1041 2665 eo

254 2686 317 2708 esse
331 2679 415 2708 desiit
429 2681 571 2717 animique
592 2682 653 2709 lata
668 2683 787 2717 optimas
803 2690 866 2718 spes
878 2683 957 2710 aluit.

290 2812 371 2844 Forte
388 2824 436 2853 per
451 2817 476 2844 id
502 2822 611 2852 tempus
626 2816 720 2844 Basilii
733 2817 861 2845 dominus
870 2816 1040 2852 Theophilus

254 2863 280 2890 ln
297 2862 513 2898 Peloponnesum
531 2863 611 2898 991
625 2862 781 2897 reipublicae
813 2870 896 2890 causa
911 2863 1038 2895 mittitur,

255 2912 308 2935 tum
321 2909 402 2936 etiam
416 2909 517 2938 Basilio
533 2909 725 2945 proticisccnte
744 2916 775 2936 ac
804 2916 852 2936 sua
884 2909 1037 2937 ministeria

1133 2125 1187 2152 Kal.
1198 2125 1212 2150 6
1236 2124 1286 2157 μὲν
1301 2123 1440 2155 Βασίλειος
1456 2118 1490 2159 ἦν
1503 2124 1533 2150 ἐν
1548 2122 1664 2156 τούτοις,
1689 2125 1706 2158 ὴ
1734 2125 1762 2151 δὲ
1791 2126 1885 2161 μήτηρ

1096 2171 1180 2198 αὐτοῦ
1193 2170 1316 2206 ἐγλίχετο
1333 2169 1428 2205 μαθεῖν
1443 2170 1501 2201 πῶς
1516 2170 1591 2205 αὑτῷ
1613 2170 1648 2197 τὰ
1666 2170 1736 2197 κατὰ
1757 2172 1806 2205 τὴν
1823 2172 1885 2198 ὁδὸν

1096 2218 1158 2252 ἔσχε
1175 2218 1223 2244 καὶ
1240 2217 1305 2243 ποία
1320 2225 1362 2248 τις
1376 2216 1456 2243 αὐτὸν
1478 2216 1566 2242 παῦλα
1587 2216 1642 2244 τῶν
1657 2217 1745 2243 πόνων
1762 2218 1884 2250 ἐδέξατο.

1097 2262 1276 2298 Δυσθυμοῦσα
1285 2262 1314 2288 δὲ
1331 2262 1378 2289 καὶ
1392 2261 1563 2297 ἀσχάλλουσα
1575 2263 1626 2299 ὁρᾷ
1641 2263 1701 2290 καθ’
1718 2263 1818 2295 ὕπνους
1833 2265 1885 2300 μέ-

1098 2318 1135 2344 γα
1152 2309 1235 2343 φυτὸν
1251 2307 1414 2343 κυπαρίσσῳ
1441 2309 1613 2343 προσεοικὸς,
1635 2309 1708 2336 ἔνδον
1721 2310 1772 2343 τῆς
1797 2310 1886 2345 αὐλῆς

1098 2355 1182 2390 αὐτῆς
1204 2354 1330 2387 ἑστηκὸς,
1358 2354 1469 2388 χρυσοῖς
1493 2355 1683 2388 πυκαζόμενον
1699 2354 1809 2389 φύλλοις
1837 2357 1886 2383 καὶ

1097 2400 1215 2436 χρυσοῦς
1226 2400 1290 2431 τοὺς
1310 2399 1423 2431 κλάδους
1435 2400 1482 2426 καὶ
1496 2401 1527 2426 τὸ
1542 2400 1665 2435 στέλεχος
1683 2400 1755 2436 ἔχον,
1772 2399 1802 2428 οὗ
1832 2403 1881 2436 ἐφ-

1097 2446 1215 2482 ύπερθεν
1226 2447 1240 2472 ὁ
1255 2445 1357 2480 ταύτης
1375 2445 1430 2475 υίὸς
1444 2445 1583 2478 Βασίλειος
1597 2447 1753 2478 ἐκαθέζετο.
1774 2449 1885 2474 Διυπνι-

1097 2493 1190 2519 σθεῖσα
1204 2492 1231 2518 δὲ
1243 2492 1375 2526 διηγεῖται
1389 2492 1419 2518 τὺ
1436 2492 1528 2527 ὄραμά
1541 2501 1593 2518 τινι
1617 2493 1671 2519 τῶν
1685 2493 1808 2520 εὑλαϐῶν
1833 2503 1885 2528 γυ-

1095 2538 1197 2565 ναικῶν
1212 2547 1219 2554 ·
1235 2539 1251 2572 ἡ
1267 2538 1295 2563 δὲ
1320 2537 1449 2571 εὐθυμεῖν
1466 2546 1495 2564 τε
1520 2538 1672 2574 ἐπέτρεπεν
1695 2539 1743 2565 ἐπὶ
1756 2539 1796 2574 τῷ
1819 2540 1882 2574 υἱῷ,

1096 2584 1143 2610 καὶ
1163 2583 1193 2610 τὸ
1207 2583 1304 2619 ὁραθὲν
1329 2583 1509 2618 ὲπικρίνουσα
1534 2583 1646 2618 βασιλέα
1668 2585 1810 2620 Ῥωμαίων
1835 2595 1882 2619 γε-

1095 2631 1189 2658 νέσθαι
1204 2626 1249 2656 τδν
1261 2630 1319 2657 υἱὸν
1330 2631 1414 2666 αὐτῆς
1423 2632 1598 2666 ἀπεφαίνετο.
1610 2632 1672 2664 Τοῖς
1685 2632 1827 2668 προτέροις
1834 2630 1882 2659 οὖν

1095 2676 1142 2703 καὶ
1169 2676 1249 2702 τοῦτο
1272 2677 1466 2712 προσλαϐοῦσα
1480 2678 1574 2704 λοιπὸν
1591 2679 1614 2713 ἡ,
1625 2678 1718 2714 μήτηρ
1742 2678 1884 2706 οὐκέξντὸ

1094 2723 1149 2750 ἀπὸ
1164 2723 1241 2749 τοῦδε
1269 2723 1334 2759 περὶ
1356 2724 1440 2751 αὐτοῦ
1464 2724 1616 2760 ἐδυσφόρει,
1635 2725 1692 2751 ἀλλ’
1714 2725 1808 2760 ἔχαιρε
1835 2726 1884 2752 καὶ

1094 2769 1217 2804 χρηστὰς
1231 2768 1277 2795 ἐπὶ
1290 2769 1328 2804 τῷ
1344 2769 1396 2805 υίῷ
1419 2770 1518 2806 ἔτρεφε
1532 2771 1582 2802 τὰς
1598 2771 1720 2803 ἐλπίδας.

1129 2815 1231 2850 Συνέϐη
1250 2816 1278 2842 δὲ
1302 2816 1362 2843 κατ’
1383 2818 1472 2844 ἐκεῖνο
1495 2818 1592 2853 καιροῦ
1618 2817 1747 2852 Θεόφιλον
1761 2819 1806 2846 τὸν
1834 2820 1882 2847 τοῦ

1093 2861 1233 2887 Βασιλείου
1245 2862 1340 2896 κύριον
1360 2862 1497 2898 δημοσίων
1512 2864 1592 2898 χάριν
1613 2864 1785 2899 πραγμάτων
1811 2865 1882 2890 ἀπο-ι

1093 2907 1222 2942 σταλῆναι
1233 2908 1273 2939 εἰς
1290 2908 1501 2944 Πελοπόννησον.
1513 2910 1612 2937 Εἵπετο
1628 2909 1714 2946 τούτῳ
1729 2910 1774 2937 καὶ
1788 2911 1802 2936 ὸ
1826 2910 1879 2937 Βα-
