2046 3149
219 170 288 203 1083

255 228 361 257 Rursus
371 236 434 257 cum
455 230 604 265 imperator
616 229 733 258 venandi
762 236 847 257 causa
867 230 893 256 iu
909 231 1006 257 Arma-
1022 231 1041 257 Δ

217 279 340 303 mentum
354 276 519 311 traiecisset.
529 281 555 303 et
571 284 586 303 a
599 276 745 303 venatione
758 283 821 303 cum
839 279 926 303 matre
947 283 1005 303 cce-

218 327 298 349 naret
309 321 453 349 Theodora
468 321 585 357 aliisque
595 322 759 350 necessariis
773 322 950 358 quibusdam,
967 322 1006 349 in-

219 372 262 395 tro
278 369 382 395 meavit
402 368 484 395 etiam
503 371 756 403 prostostratorom.
772 367 800 394 lu
820 375 901 403 quem
913 367 1005 395 Theo-

218 413 285 440 dora
296 421 357 440 cum
370 413 467 441 crebro
482 414 576 442 oculos
589 414 729 442 deﬁxisset
739 414 941 449 contemplandi
957 414 1006 441 ho-

219 459 302 486 minis
315 466 398 486 causa
412 463 439 487 et
454 460 610 487 accuratius
624 460 716 488 omnia
727 460 922 495 perspiciendi,
937 467 1006 494 qua-

218 505 350 539 sdamque
371 505 398 533 in
411 511 530 535 eonotas
541 510 567 534 et
576 507 653 542 signa
666 507 902 542 deprehendisset,
915 507 1005 534 sul-ito

217 550 314 577 ob0rta
325 552 457 587 vertigine
466 553 623 580 exanimata
638 556 680 580 est
693 557 720 580 et
731 553 757 580 in
772 557 874 580 terram
887 553 1003 580 corruit.

217 595 257 623 lbi
273 597 383 624 turbato
409 597 574 631 imperatore
596 603 621 626 et
641 599 674 626 iis
699 599 746 633 qui
771 599 895 631 aderant,
914 599 1004 625 statim

218 649 287 676 aqua
304 643 385 680 allata
402 647 444 671 est
458 649 484 671 et
499 649 638 677 unguenta
658 645 783 675 odorata.
795 645 896 680 quibus
915 645 1006 673 Theo-

218 688 313 715 doram
335 694 550 724 conspergentes
570 695 738 718 recrearent.
759 690 841 726 [Egre
856 691 948 718 animo
961 699 1004 719 re-

218 738 298 768 cepto
313 739 340 761 et
358 735 441 770 997
454 736 570 771 caligine
582 736 718 770 discussa,
734 737 899 773 interrogata
918 745 932 764 a
950 737 1005 765 lilio

218 787 344 815 quaenam
359 781 441 815 hujus
454 789 536 810 casus
549 789 633 810 causa
654 782 764 816 fuisset,
778 783 823 810 vix
847 784 956 811 tandem
971 784 1005 811 ad

219 831 280 853 sese
295 833 404 854 reversa
422 827 458 854 ita
473 827 632 862 respondit:
647 827 732 861 Quem
749 831 790 859 tu,
808 829 855 861 ﬁli,
873 828 1004 856 Basilium

218 870 356 903 nominas,
373 871 396 898 is
420 877 462 899 est
485 876 587 900 nostrae
612 873 701 908 gentis
725 874 851 900 exitium.
865 873 1003 908 Conspcxi

218 915 291 943 enim
305 915 333 943 in
348 923 381 943 eo
398 922 490 944 notam
513 917 577 944 olim
597 925 611 944 a
627 922 673 945 tuo
686 923 762 952 patre
789 919 854 945 mihi
872 927 1007 953 praemon-

219 967 355 996 stralam;
372 970 459 997 eaque
474 963 533 990 visa
552 963 687 999 vertigine
709 968 836 999 correpta
850 965 923 991 humi
941 972 1008 992 con-

218 1008 284 1038 cidi.
300 1011 452 1044 Imperator
482 1014 597 1038 matrem
625 1011 725 1046 partim
752 1019 892 1043 sermone,
909 1011 1006 1046 partim

216 1055 381 1090 iuramentis
407 1064 422 1083 a
450 1060 524 1084 metu
554 1057 712 1089 revocavit,
745 1057 922 1092 animumque
948 1057 1008 1091 ejus

218 1103 377 1126 a‘stuantem
393 1099 508 1133 sedavit,
521 1102 681 1128 asseverans
695 1101 824 1128 Basilium
835 1101 907 1128 hunc
920 1102 1007 1128 virum

219 1152 282 1172 esse
298 1152 473 1180 generosum,
491 1145 592 1173 robore
604 1145 782 1181 insuperabili
796 1147 935 1181 animique
953 1147 1010 1173 vir-

218 1193 279 1218 tute
304 1191 525 1225 incomparabili,
548 1195 675 1218 casteer
706 1191 862 1226 imperatori
895 1192 1009 1226 ejusque

222 1234 334 1262 familia:
362 1236 485 1271 apprime
515 1236 675 1264 benevolum
702 1243 734 1263 ac
760 1236 934 1264 fidissimum.
952 1237 1009 1264 Hoc

220 1279 301 1307 modo
316 1285 372 1308 tum
394 1281 512 1309 Basilius
526 1281 640 1308 fortuna;
662 1281 791 1315 injuriam
807 1282 927 1309 evitavit.
946 1282 1009 1310 Erat

166 1364 169 1368 ν
219 1334 253 1355 eo
267 1333 389 1362 tempore
403 1326 576 1362 imperatoris
588 1327 773 1355 cubicularius
784 1328 882 1363 Scytha
899 1336 1008 1364 genere,

219 1372 374 1405 eunuchus,
403 1373 514 1399 nomine
545 1373 703 1406 Damianus,
735 1374 850 1408 patricia
879 1374 1010 1410 dignitate

219 1419 349 1446 donatus.
372 1419 398 1446 Is
414 1422 474 1446 acta
497 1419 717 1454 imperatoris~ut
735 1427 830 1454 parum
846 1421 1010 1448 convenien-

219 1466 257 1493 tia
270 1465 412 1501 culpabat,
435 1466 587 1500 prmsertim
603 1474 677 1494 veror
688 1466 782 1493 Bardm
801 1466 930 1495 Caesaris.
945 1467 1005 1500 Quo

220 1511 323 1539 factum
350 1515 393 1540 est
413 1516 441 1538 ut
457 1512 618 1547 imperator,
642 1512 725 1540 homo
748 1514 864 1540 nimium
885 1514 1008 1549 alioquin

221 1558 306 1585 hebes
323 1557 412 1592 adque
433 1565 527 1584 rerum
546 1565 640 1585 curam
660 1558 862 1594 suscipiendam
877 1560 1004 1594 ignavus,
1021 1573 1045 1604 ο

221 1603 331 1631 tandem
346 1603 472 1631 irritatus
489 1603 615 1639 quaedam
644 1603 738 1631 Bardaa
754 1610 814 1632 acta
841 1606 1010 1634 rescinderet

221 1654 305 1684 atque
325 1649 488 1684 corrigeret.
502 1649 582 1683 Quod
603 1657 656 1678 non
677 1649 770 1678 ferens
787 1651 888 1684 Caesar,
904 1652 1010 1679 occulte

221 1695 382 1723 Damianum
398 1695 524 1728 adortus,
546 1695 695 1731 multisque
709 1697 856 1724 calumniis
867 1701 894 1724 et
910 1697 1010 1726 fucatis

220 1741 384 1769 criminibus
395 1741 570 1776 imperatoris
585 1741 707 1769 animum
724 1742 761 1769 ila
777 1743 812 1770 ab
832 1749 866 1770 eo
882 1743 1010 1771 alienavit

221 1790 253 1814 ut
269 1785 431 1813 cubicularii
444 1794 544 1813 munus
561 1786 585 1814 ei
606 1786 790 1822 abrogaverit.
812 1786 944 1815 Submoto
960 1788 1011 1815 Da-

221 1831 316 1858 miano
333 1831 500 1866 aliquamdiu
514 1831 599 1866 998
613 1831 733 1859 cilicium
748 1831 908 1859 cubicularii
927 1840 1011 1860 vaca-

220 1877 260 1905 vit
274 1887 281 1904 :
297 1877 405 1905 Caesare
421 1882 512 1904 autem
526 1877 641 1915 ejusque
656 1878 739 1906 sociis
755 1878 835 1906 modo
849 1879 920 1906 hunc
932 1879 1011 1906 n'odo

221 1924 305 1952 alium
339 1924 364 1952 ei
395 1924 533 1959 praeficere
559 1924 733 1958 conantibus,
763 1924 809 1952 Dei
831 1925 1004 1959 providentia

221 1971 330 1998 occulte
361 1978 406 1998 res
423 1977 474 1998 suo
486 1970 602 1997 arbitrio
617 1969 774 2005 gubernans
804 1977 912 1997 omnem
938 1971 1012 1997 calli-

221 2016 333 2044 ditatem
350 2023 381 2042 ac
396 2015 547 2043 versutiam
561 2015 666 2042 irritam
685 2015 759 2042 fecit.
775 2015 922 2050 Aliquanto
938 2017 1009 2043 enim

221 2066 295 2098 post,
315 2050 466 2096 imperator
480 2061 612 2089 Basilium
636 2061 837 2088 cubicularium
857 2067 942 2092 creat,
960 2069 1010 2096 pa-

223 2108 304 2136 tricia
316 2108 398 2135 etiam
413 2107 547 2142 dignitate
562 2114 683 2140 ornans;
698 2114 866 2141 uxoremque
883 2106 908 2134 ei
924 2114 1010 2142 copu-

221 2155 260 2182 lat
285 2154 380 2182 l‘orma:
417 2152 623 2189 pulchritudine
651 2160 683 2180 ac
720 2153 852 2187 pudicitia
883 2153 1010 2180 omnibus

221 2200 374 2236 az'qualibus
400 2202 587 2234 praestantem,
602 2197 685 2225 ﬁliam
703 2198 847 2232 prudentia
863 2202 891 2225 et
907 2198 1009 2225 nobili-

848 172 1007 203 GEORGll
1028 172 1194 202 CEDRENI

1094 229 1267 264 Περάσαντος
1284 228 1312 254 δέ
1326 237 1389 255 ποτε
1405 227 1452 255 τοῦ
1467 228 1598 263 βασιλέως
1615 229 1776 263 κυνηγεσίου
1794 230 1845 264 χά-

1057 283 1100 309 ριν
1116 275 1156 306 εἰς
1173 275 1203 301 τὸ
1234 274 1434 309 Ἀρμαμέντον,
1454 275 1503 302 καὶ
1518 275 1587 310 μετὰ
1606 275 1656 309 τὴν
1681 275 1846 309 κυνηγεσίαν

1057 321 1244 356 εὐωχουμένου
1263 321 1372 356 συνάμα
1399 322 1431 356 τῇ
1453 322 1538 356 μητρὶ
1562 321 1689 356 Θεοδώρᾳ
1715 321 1762 347 καί
1789 330 1846 348 τισι

1055 366 1111 393 τῶν
1127 366 1267 400 συγγενῶν
1291 366 1337 393 καὶ
1363 366 1548 399 οἰκειοτάτων,
1571 366 1717 401 είσεκλήθη
1735 366 1748 391 ὑ
1771 375 1849 401 πρω-

1056 413 1213 448 τοστράτωρ
1238 413 1285 439 τοῦ
1312 412 1445 447 βασιλέως
1468 412 1657 444 κελεύσαντος.
1685 412 1757 447 Πρὸς
1774 412 1804 438 ὃν
1828 413 1847 447 ἡ

1058 459 1164 494 βασιλὶς
1180 459 1346 494 πυκνότερον
1358 459 1507 494 ὲνητένιζε.
1519 458 1690 486 κατανοοῦσα
1708 459 1755 485 καὶ
1772 466 1846 493 παρ-

1056 505 1245 532 επισκοποῦσα
1261 506 1294 533 τὰ
1319 507 1381 533 κατ’
1392 506 1483 532 αὐτόν.
1507 505 1671 538 Ἐπιγνοῠσα
1683 505 1712 531 δέ
1727 514 1753 531 τι
1774 504 1847 538 γνώ-

1057 560 1144 587 ρισμα
1160 552 1206 578 καὶ
1224 553 1337 587 σημεῖον
1358 552 1387 578 ὲν
1407 551 1492 586 αὐτῷ.
1516 551 1617 582 εὐθέως
1642 550 1737 586 ἰλίγγῳ
1763 559 1849 577 κατα-

1057 597 1183 632 σχεθεῖσα
1197 598 1243 624 καὶ
1256 597 1421 633 λειποθυμίᾳ
1437 597 1564 632 βληθεῖσα
1580 598 1620 628 si;
1634 597 1684 632 γῆν
1699 597 1848 624 κατέπεσε.

1056 643 1259 678 Θορυὸηθέντος
1277 643 1306 670 δὲ
1325 643 1371 670 τοῦ
1390 642 1522 678 βασιλέως
1537 643 1590 669 ’ἐπὶ
1611 643 1698 678 τούτῳ
1724 644 1770 669 καὶ
1792 642 1849 668 τῶν

1057 690 1122 724 περὶ
1137 689 1183 716 τὸν
1196 689 1320 724 βασιλέα,
1335 689 1407 724 ὕδωρ
1420 697 1449 716 τε
1460 689 1541 720 εὐθὺς
1553 688 1696 724 ἐκομίζετο
1708 689 1756 715 καὶ
1772 688 1850 723 μύρα

1056 736 1110 762 τῶν
1123 736 1240 768 εὐωδῶν,
1264 733 1304 768 οἷς
1323 736 1531 772 ὲπιρῥαίνοντες
1552 736 1602 770 τὴν
1626 735 1769 762 δέσποιναν
1800 737 1850 762 ἀν-

1057 781 1205 808 εκαλοῦντο
1222 782 1269 808 τοῦ
1288 782 1446 816 πτώματος.
1471 782 1558 814 Μόλις
1580 782 1603 808 δ’
1625 782 1671 809 οὖν
1691 783 1730 813 είς
1749 783 1852 817 ἑαυτὴν

1057 826 1171 854 ἐλθοῦσα
1195 828 1243 854 καὶ
1263 828 1309 854 τοῦ
1333 827 1445 860 σκότους
1460 828 1655 862 ἀνενεγκοῦσα,
1673 828 1717 864 [Ρ.
1731 828 1795 864 565]
1810 828 1852 861 ὡς

1057 872 1183 906 ἡρωτᾶτο
1207 872 1285 908 παρὰ
1301 873 1348 899 τοῦ
1363 874 1422 900 υἱοῦ
1437 874 1484 900 καὶ
1502 873 1635 908 βασιλέως
1651 875 1683 901 ὲκ
1703 875 1782 906 ποίας
1806 875 1851 901 αι-

1057 917 1117 949 τίας
1136 918 1292 953 ἐπενεχθείη
1307 919 1377 954 αὐτῇ
1389 920 1464 946 τουτὶ
1482 920 1512 946 τὺ
1529 919 1625 952 πάθος,
1643 921 1720 955 μόλις
1733 921 1776 955 ἐφ’
1788 922 1853 949 ἐαυ-

1057 963 1106 997 τῆς
1119 964 1251 998 γενομένη
1268 963 1331 990 τάδε
1348 965 1417 999 πρὸς
1432 964 1478 991 τὸν
1491 965 1546 992 υἱὸν
1558 965 1737 1000 ἀπεκρίνατο·
1757 975 1766 992 ι
1788 966 1850 997 Ὃν,

1057 1005 1080 1034 ὦ
1095 1008 1200 1040 τέκνον,
1220 1008 1315 1035 τοῦτον
1336 1009 1425 1043 λέγεις
1441 1009 1592 1041 Βασίλειον,
1611 1011 1625 1036 ὀ
1639 1011 1690 1044 τῆς
1713 1011 1853 1046 ἡμετέρας

1058 1053 1131 1079 ἐστὶν
1145 1053 1299 1087 ἀφανισμὸς
1316 1054 1423 1087 γενεᾶς·
1440 1051 1510 1081 εῐδον
1528 1054 1582 1089 γὰρ
1598 1055 1627 1080 ὲν
1644 1054 1719 1089 αὺτῷ
1737 1057 1853 1091 σημεῖον

1058 1099 1142 1125 πάλαι
1159 1107 1203 1133 μοι
1215 1100 1290 1134 παρα
1304 1099 1352 1126 τοῦ
1367 1100 1414 1126 σοῦ
1426 1100 1560 1136 ὲξηγηθὲν
1570 1100 1683 1136 πατρὸς,
1698 1100 1766 1135 πρὸς
1781 1101 1854 1137 ὅπερ

1060 1144 1235 1178 ἰλιγγιάσασα
1258 1146 1298 1177 εις
1312 1146 1364 1180 γῆν
1388 1146 1566 1173 κατώλισθον.
1586 1156 1596 1172 ι
1625 1146 1655 1173 '0
1672 1146 1701 1173 δὲ
1723 1146 1853 1182 βασιλεὺς

1057 1190 1137 1216 τοῦτο
1157 1191 1207 1225 μὲν
1226 1190 1316 1224 λόγοις
1330 1191 1553 1226 ἀποτρεπτικοϊς,
1572 1191 1650 1218 τοῦτο
1671 1192 1700 1219 δὲ
1715 1193 1763 1219 καὶ
1774 1193 1846 1228 πλη-

1059 1235 1199 1272 ροφορίαις
1220 1236 1366 1271 ἐνωμότως
1386 1237 1478 1272 ἀπῆγε
1497 1238 1547 1273 τὴν
1563 1238 1669 1274 μητέρα
1689 1238 1736 1265 τοῦ
1759 1239 1848 1271 δέους,

1059 1282 1098 1313 είς
1129 1282 1160 1308 τὸ
1183 1282 1324 1314 καθεστὼς
1343 1283 1489 1318 ἐπανάγων
1515 1284 1562 1310 καὶ
1590 1283 1852 1319 παραμυθούμενος,

1063 1337 1072 1353 ‹
1090 1327 1142 1354 Τὸν
1166 1327 1309 1363 ἄνθρωπον
1332 1328 1437 1361 τοῦτον,
1461 1329 1559 1363 λέγων,
1590 1329 1655 1361 ῐσθι.
1682 1326 1704 1356 ὦ
1722 1330 1854 1357 δέσποινα

1059 1373 1108 1399 καὶ
1126 1373 1214 1409 μῆτερ
1230 1374 1294 1409 ὲμὴ,
1316 1374 1400 1410 ἀνδρα
1420 1374 1468 1410 μὲν
1486 1373 1556 1401 εῖναι
1574 1377 1708 1410 γενναῖον.
1727 1375 1808 1411 ῥώμῃ
1821 1384 1852 1402 τε

1059 1419 1246 1446 ἀνυπόστατον
1257 1420 1303 1446 καὶ
1314 1420 1405 1454 ψυχῆς
1419 1419 1544 1455 εὐγενείᾳ.
1559 1421 1735 1455 ἀσύγκριτον,
1753 1421 1852 1447 πιστὸν

1059 1464 1088 1491 δὲ
1104 1464 1139 1491 τά
1155 1465 1195 1496 είς
1213 1465 1288 1500 ἡμᾶς
1304 1466 1351 1491 καὶ
1367 1464 1462 1491 εὕνουν
1485 1465 1531 1491 καὶ
1548 1465 1609 1492 κατ’
1624 1466 1700 1492 οὐδὲν
1716 1467 1783 1501 ἡμῖν
1800 1475 1854 1493 κα-

1060 1510 1249 1537 κονούστατον.
1276 1519 1285 1537 ι
1314 1511 1368 1538 Καὶ
1397 1511 1457 1538 τότε
1485 1511 1534 1546 μὲν
1557 1511 1608 1546 τῆς
1624 1512 1752 1548 τοιαύτης
1767 1513 1854 1548 τύχης

1060 1557 1189 1592 ἐπήρειαν
1213 1555 1284 1583 οὕτω
1302 1557 1477 1593 παρέδραμεν
1498 1557 1512 1583 ὸ
1535 1557 1686 1589 Βασίλειος·
1711 1559 1851 1593 Δαμιανοῦ

1061 1602 1089 1629 δὲ
1103 1603 1149 1628 τοῦ
1167 1603 1426 1638 παρακοιμωμένου,
1441 1603 1470 1635 ὃς
1485 1603 1612 1638 εὐνοῦχός
1627 1613 1657 1630 τε
1671 1602 1705 1640 ἦν
1720 1606 1767 1632 καὶ
1782 1606 1855 1633 Σκύ-

1061 1648 1111 1683 θης
1125 1648 1171 1675 καὶ
1184 1649 1218 1684 τῇ
1235 1648 1288 1674 τῶν
1306 1649 1458 1684 πατρικίων
1475 1648 1538 1685 ἀξία
1552 1649 1682 1685 τετίμητο
1693 1671 1700 1682 ,
1716 1650 1751 1678 τὰ
1763 1661 1854 1687 πρατο

1060 1694 1161 1729 τόμενα
1185 1694 1261 1729 παρὰ
1284 1694 1331 1720 τοῦ
1349 1694 1481 1729 βασιλέως
1503 1695 1663 1727 κακίζοντος
1679 1696 1717 1728 ὡς
1735 1698 1765 1723 οὒ
1782 1698 1856 1726 κατά

1060 1741 1090 1767 τὸ
1104 1740 1162 1767 δέον
1174 1740 1334 1775 τελούμενα,
1351 1740 1500 1775 ἐξαιρέτοις
1520 1740 1550 1767 δὲ
1566 1741 1601 1767 τὰ
1623 1742 1698 1778 παρά
1717 1742 1764 1769 τοῦ
1780 1743 1854 1770 θείου

1061 1786 1144 1813 αὑτοῦ
1160 1786 1252 1822 Βάρδα
1271 1785 1319 1813 τοῦ
1337 1785 1487 1822 Καίσαρος,
1509 1787 1675 1822 ἀνηρεθισθη
1697 1788 1763 1814 ποτὲ
1784 1789 1854 1825 πρὸς

1061 1832 1229 1867 ἐπιστροφὴν
1248 1832 1263 1859 ὁ
1287 1832 1425 1868 βασιλεὺς,
1455 1832 1515 1859 λίαν
1535 1832 1641 1867 ἀμϐλὺς
1665 1834 1713 1860 καὶ
1735 1835 1856 1870 νωχελὴς

1061 1877 1129 1913 πρὸς
1158 1877 1303 1913 ἀντίληψιν
1330 1878 1502 1913 πραγμάτων
1531 1878 1672 1914 ὑπάρχων,
1705 1879 1754 1906 καὶ
1778 1881 1855 1912 ἐνίας

1060 1923 1115 1949 τῶν
1129 1923 1176 1949 τοῦ
1190 1924 1328 1959 Καίσαρος
1343 1923 1471 1959 πράξεων
1484 1924 1619 1959 ἀνέτρεπε
1630 1924 1702 1960 τάχα
1714 1925 1761 1952 καὶ
1773 1925 1856 1962 διωρ-

1062 1968 1151 1996 Θοῦτο.
1168 1969 1258 2004 Ὅπερ
1276 1969 1315 2004 μὴ
1328 1970 1418 2006 φέρων
1430 1971 1444 1996 ὁ
1460 1966 1569 2006 Καῖσαρ
1581 1971 1713 2006 λαθρηδδν
1723 1972 1794 1999 κατά
1807 1972 1856 1998 τοῦ

1061 2016 1199 2050 Δαμιανοῦ
1218 2017 1427 2048 συσκευάζεταιο
1447 2017 1494 2043 καὶ
1511 2017 1624 2053 πολλαῖς
1639 2017 1777 2049 διαϐολαῖς
1795 2019 1856 2045 κατ’

1062 2062 1144 2090 αὐτοῦ
1165 2063 1234 2098 πρὸς
1254 2063 1299 2089 τὸν
1324 2063 1435 2097 βασιλέα
1458 2063 1642 2098 χρησάμενος,
1669 2064 1717 2091 καὶ
1732 2065 1857 2097 πιθανῶς

1062 2109 1243 2144 σοφισάμενος
1268 2109 1319 2140 τὰς
1349 2108 1529 2143 κατηγορίας,
1558 2108 1653 2144 ἴσχυσε
1683 2110 1857 2145 μεταστῆσαι

1061 2154 1107 2180 τὸν
1129 2153 1243 2188 βασιλέα
1261 2154 1309 2189 τῆς
1322 2153 1387 2188 περὶ
1409 2154 1455 2181 τὸν
1474 2154 1611 2191 Δαμιανδν
1626 2155 1742 2186 εὐνοίας,
1758 2155 1796 2187 ὡς
1809 2157 1858 2182 καὶ

1061 2199 1233 2233 διαδέξασθαι
1257 2200 1405 2234 δυνηθῆναι
1419 2200 1469 2234 τῆς
1479 2200 1583 2232 οἰκείας
1597 2200 1676 2233 ἀξίας
1692 2201 1784 2228 αὐτόν.
1797 2201 1858 2234 Ἐξ-

222 2251 277 2274 tate
292 2246 499 2282 inclytissimam
513 2245 630 2279 lngeris,
648 2244 742 2278 stirpis
755 2243 935 2271 Martinacim.
953 2243 1009 2272 [loc

1065 2245 1198 2277 ωσθέντος
1211 2245 1256 2272 οὖν
1267 2246 1371 2272 ἐκεενου
1388 2247 1501 2281 ὲχήρευε
1514 2246 1606 2273 λοιπὸν
1623 2247 1670 2274 ἐπὶ
1685 2247 1780 2282 χρόνον
1794 2248 1858 2274 τινὰ

221 2291 305 2323 iacto,
329 2295 356 2319 et
383 2298 477 2318 amore
501 2290 673 2324 imperatoris
692 2289 719 2316 in
748 2289 877 2317 Basilium
894 2290 1011 2318 subinde

221 2341 373 2370 crescente,
393 2337 487 2364 videns
504 2336 556 2363 ista
573 2335 686 2368 Bardas,
710 2335 866 2370 invidiaque
886 2335 1009 2363 stimula-

221 2391 266 2414 tus
281 2385 356 2413 etde
380 2383 480 2412 futuris
509 2383 655 2415 sollicitus,
678 2390 749 2417 smpe
772 2382 806 2409 ad
831 2390 878 2410 eos
892 2390 1009 2416 quorum

222 2432 377 2460 hortatibus
401 2436 492 2458 motus
509 2430 671 2457 Damianum
688 2429 864 2456 submoverat
877 2429 986 2456 dicebat
1000 2436 1007 2455 :

223 2479 329 2507 Vestris
344 2486 394 2515 ego
408 2478 499 2514 pravis
510 2475 635 2504 consiliis
649 2475 798 2502 obsecutus
810 2475 918 2509 vulpem
930 2475 1009 2509 cjcci,

222 2526 305 2561 inque
320 2525 380 2560 ejus
397 2525 486 2551 locum
504 2522 599 2551 induxi
627 2523 747 2554 leonem,
763 2522 809 2556 qui
827 2528 878 2549 nos
909 2529 1010 2549 omnes

222 2572 304 2599 simul
320 2571 444 2599 laniabit.

1063 2291 1094 2318 τὸ
1106 2292 1152 2318 τοῦ
1168 2291 1418 2326 παρακοιμωμένου
1432 2291 1629 2327 λειτούργημα⁸
1648 2293 1695 2320 τοῦ
1713 2293 1856 2329 Καίσαρος

1062 2337 1091 2364 δὲ
1111 2338 1158 2364 καὶ
1179 2337 1229 2370 τῆς
1247 2337 1311 2372 περὶ
1329 2337 1410 2363 αὑτὸν
1426 2337 1544 2373 φατρίας
1564 2337 1644 2364 ἄλλον
1659 2337 1707 2364 καὶ
1721 2338 1802 2364 ἀλλον
1816 2339 1859 2370 εἰς

1061 2383 1141 2410 τοῦτο
1154 2383 1383 2419 προϐιῆαζὸντων,
1404 2384 1421 2419 ἡ
1440 2383 1486 2410 τοῦ
1503 2383 1572 2410 Θεοῦ
1589 2384 1713 2418 πρόνοια,
1733 2384 1860 2420 ἀοράτως

1062 2429 1100 2460 ὡς
1113 2430 1181 2465 αὐτῇ
1198 2429 1327 2465 βουλητὸν
1343 2430 1377 2455 τὰ
1395 2430 1546 2465 πράγματα
1569 2429 1743 2464 διεξάγουσα,
1768 2431 1860 2457 πᾶσαν

1063 2475 1194 2511 φρόνησιν
1209 2476 1256 2502 καὶ
1271 2476 1439 2511 πανουργίαν
1461 2476 1602 2509 ἀπέδειξεν
1619 2476 1769 2511 ἄπρακτον.
1783 2478 1861 2504 Μετά

1063 2523 1160 2558 χρόνον
1190 2522 1244 2558 γάρ
1269 2532 1330 2549 τινα
1354 2523 1536 2558 προϐάλλεται
1567 2523 1818 2559 παρακοιμώμενον
1846 2524 1861 2550 ό

1064 2569 1192 2604 βασιλεὺς
1211 2569 1257 2595 τὸν
1273 2569 1561 2608 βασίλειονκτιμήσας
1586 2569 1667 2596 αὑτὸν
1684 2570 1732 2596 καὶ
1756 2579 1858 2604 πατρι-

222 2619 338 2654 κιότητι,
357 2619 404 2645 καὶ
420 2617 529 2652 γυναικὶ
547 2615 677 2649 συζεύξας
694 2614 845 2650 εὐπρεπείᾳ
867 2622 897 2640 τε
933 2613 1059 2650 σώματος
1077 2616 1124 2642 καὶ
1160 2615 1254 2642 κάλλει
1277 2616 1324 2642 καὶ
1362 2615 1525 2651 σωφροσύνῃ
1561 2616 1658 2642 πασῶν
1681 2615 1862 2652 πρωτευούσῃ

223 2663 277 2690 τῶν
295 2663 356 2690 κατ’
369 2663 464 2698 αὑτήν·
480 2661 550 2697 αὓτη
565 2661 593 2688 δὲ
604 2658 637 2696 ἦν
652 2660 776 2695 θυγάτηρ
789 2659 836 2686 τοῦ
852 2659 926 2695 παρά
944 2660 1054 2687 πάντων
1086 2661 1134 2688 ἐπὶ
1162 2661 1294 2697 φρονήσει
1317 2661 1364 2688 καὶ
1385 2661 1510 2698 εὐγενείᾳ
1541 2661 1685 2697 διαϐοήτου
1723 2663 1861 2697 Ἴγγερος,

222 2711 269 2738 τοῦ
291 2711 387 2744 γένους
410 2710 600 2746 καταγομένου
629 2708 682 2734 τῶν
699 2707 905 2743 Μαρτινακίων.
935 2707 1037 2734 Τούτου
1053 2708 1081 2735 δὲ
1114 2709 1282 2743 γενομένου,
1310 2709 1357 2735 καὶ
1389 2709 1547 2744 προσθήκην
1562 2708 1612 2743 τῆς
1641 2709 1709 2744 πρὸς
1729 2709 1775 2735 τὸν
1805 2709 1862 2735 Ba»

224 2758 324 2786 σίλειον
337 2757 384 2785 τοῦ
401 2756 534 2793 βασιλέως
549 2758 658 2792 ἀγάπης
675 2755 846 2791 ὲπιδιδοὺσης
866 2755 920 2787 ἀεὶ,
935 2755 1005 2790 ὀρῶν
1024 2755 1038 2780 ὁ
1058 2757 1180 2792 Καῖσαρ,
1199 2757 1246 2783 καὶ
1270 2755 1309 2792 τῷ
1325 2756 1414 2791 φθόνῳ
1430 2756 1594 2791 δακνόμενος
1627 2756 1676 2784 καὶ
1707 2756 1770 2791 περὶ
1813 2759 1861 2786 τοῦ

228 2806 372 2839 μέλλοντος
390 2803 528 2840 ὀρρωδῶν,
545 2803 622 2837 ἔλεγε
649 2802 778 2833 πολλάκις
815 2800 877 2836 apo;
899 2801 963 2833 τοὺς
993 2801 1074 2827 αὑτὸν
1099 2801 1301 2833 ἀναπείσαντας

227 2853 269 2879 ὃτι
285 2851 350 2882 Ταῖς
367 2849 559 2882 κακοϐουλίαις
575 2848 652 2885 ὑμῶν
677 2847 798 2882 πιθήσας
821 2846 886 2881 ἐγὼ,
903 2846 1009 2879 ὲξώσας
1025 2847 1168 2881 ἀλώπεκα,
1183 2847 1279 2874 λέοντα
1322 2848 1530 2882 ἀντεισήγαγον,

230 2898 336 2934 ἁθρόως
350 2895 515 2933 λαφύξηται.

1343 2801 1586 2829 ἀποσκευάσασθαι
1632 2802 1679 2829 τὸν
1707 2802 1858 2837 Δαμιανδν.

1573 2849 1617 2876 ἴνα
1645 2848 1748 2881 πάντας
1787 2849 1862 2885 ἡμᾶς
