2046 3149
166 172 234 207 1085

661 150 663 152 6
689 174 958 206 HISTORIARUM
977 175 1240 209 COMPENDIUM.

1716 160 1786 212 1086

197 232 276 265 Ἄρτι
287 230 315 258 δὲ
331 230 377 258 τοῦ
394 230 525 266 βασιλέως
549 232 659 268 Μιχαὴλ
677 233 748 260 κατὰ
764 234 882 270 Κρητῶν
903 233 947 267 ἑξ-

1039 237 1186 271 Postquam
1202 237 1301 265 deinde
1312 235 1459 266 Michaelus
1471 245 1534 266 cum
1545 237 1633 265 Barda
1650 239 1786 265 avunculo

160 278 306 309 ελάσαντος
329 277 399 311 μετὰ
423 277 513 312 Βάρδα
536 279 675 314 Καίσαρος
689 280 736 306 τοῦ
750 280 824 307 θείου
843 280 925 307 αὐτοῦ
937 300 945 311 .

160 326 206 352 καὶ
225 324 414 360 σοϐαρώτερον
440 326 676 361 ἁπτομένουιτῶν
700 329 870 362 πραγμάτων
899 328 946 354 τοῦ

159 370 249 405 Βάρδα
265 370 313 397 καὶ
332 372 403 398 κατὰ
431 372 528 407 μικρὸν
545 372 676 404 ἀνιῶντος
699 375 746 400 τὸν
771 374 883 408 βασιλέα
902 374 948 400 καὶ

159 418 214 448 τοῖς
230 417 294 452 περὶ
310 417 390 444 αὑτὸν
406 417 534 450 ὑπονοίας
554 419 682 455 ἀφορμὴν
698 420 824 452 διδόντος,
843 420 904 446 ἐπεὶ
918 421 948 446 ὲν

158 464 214 494 τοῖς
236 463 344 498 Κήποις
365 464 490 497 ἐγένοντο
511 465 604 499 (τόπος
619 465 647 492 δὲ
664 466 690 492 oi
704 466 795 500 Κῆποι
813 465 883 492 κατὰ
899 465 947 500 τὴν

159 509 305 544 παράλιον,
320 509 363 545 [Ρ.
376 509 439 545 566]
456 510 519 537 ἔνθα
530 511 597 546 πρὸς
609 511 658 546 τὴν
672 511 809 538 θάλασσαν
824 510 948 543 εἰσϐολὰς

159 557 277 583 ποιεῖται
295 557 308 583 6
335 557 492 595 Μαίανδρος
519 558 672 593 ποταμὸς),
701 558 819 585 ἐνταῦθα
842 558 873 592 δὴ
898 556 948 592 τῆς

159 603 295 637 συσκευῆς
313 603 360 630 καὶ
383 604 499 638 μελέτης
516 605 666 639 γενομένης
680 602 737 636 τοῖς
753 604 818 639 περὶ
831 604 878 630 τὸν
899 603 948 638 βα-

158 648 245 681 σιλέα,
273 648 317 675 ῐνα
345 649 382 684 μὴ
409 650 645 684 καταταχηθὲντες
671 650 778 676 πάθωσι
809 648 908 684 μᾶλλον
930 648 948 684 ἢ

157 693 304 727 δράσωσιν,
330 695 548 726 ὲπισπεύσαντες
582 695 724 731 ἀναιροῦσι
756 695 802 723 τὸν
831 694 948 731 Βάρδαν,

158 739 251 771 καθὼς
269 739 372 767 ἄνωθεν
399 741 413 767 6
437 741 516 774 λόγος
537 741 688 777 superam.
712 740 842 776 ἐδήλωσε,
870 749 950 776 περι.

159 783 296 809 πλακέντα
315 785 371 815 τοῖς
387 783 433 810 τοῦ
453 784 586 819 βασιλέως
605 785 677 812 ποσί.
698 785 814 821 Πρώτην
830 783 880 821 ἦγε
897 794 948 821 της

157 828 274 855 νεκαῦτα
303 829 356 864 μὴν
380 830 394 856 6
428 831 582 866 Ἀπρίλλιος
605 832 654 867 τῆς
685 832 716 859 ιδ’
748 833 946 867 ἑπινεμήσεως.

164 873 395 909 Ἂποκτανθέντος
413 875 459 903 οὖν
490 878 536 904 τοῦ
563 878 653 913 Βάρδα
681 879 762 910 εὐθὺς
781 879 795 905 6
822 879 948 913 βασιλεὺς

157 920 208 955 τήν
224 929 254 948 τε
273 923 484 957 στρατοπεδείαν
505 924 634 950 καταλύει
649 924 696 950 καὶ
710 924 804 951 νόστου
822 924 889 959 πρὸς
899 924 949 960 τὴν

158 965 356 999 βασιλεύουσαν
384 968 534 1003 μέμνηται.
569 969 741 995 Ἐπανελθὼν
769 969 798 995 δὲ
824 970 893 1004 πρὸς
921 969 951 995 τὸ

160 1011 317 1044 Βυζάντιον,
334 1013 448 1048 ἐπείπερ
464 1013 566 1044 οἰκείας
580 1013 691 1048 ἡμοίρει
706 1011 800 1048 γονῆς,
819 1014 951 1040 εἰσποιεῖ-

156 1057 201 1084 ταί
227 1066 257 1084 τε
281 1058 325 1084 τὸν
352 1058 493 1085 Βασίλειον
517 1058 565 1086 καὶ
584 1060 623 1090 είς
647 1058 696 1094 τὴν
714 1059 769 1086 τῶν
791 1060 950 1094 μαγίστρων

156 1103 319 1136 ἀναϐιϐάζει
333 1104 427 1139 τιμήν.
446 1104 479 1131 '0
497 1105 535 1139 μὴ
551 1103 642 1139 φέρων
660 1105 712 1131 ὑπὸ
729 1104 827 1138 φθόνου
843 1105 856 1131 6
877 1105 952 1140 Συμ-

157 1150 251 1182 ϐάτιος
275 1151 288 1176 ὀ
315 1149 460 1185 λογοθέτης
485 1150 532 1177 τοῦ
558 1150 670 1185 δρόμον,
701 1151 716 1177 6
739 1150 785 1178 τοῦ
812 1151 951 1186 Καίσαρος

158 1195 251 1232 Βάρδα
268 1196 401 1232 γαμϐρδς,
428 1197 670 1232 προφασισάμενος
696 1197 726 1223 τὸ
753 1197 791 1232 μὴ
819 1197 949 1225 δύνασθαι

156 1243 206 1278 ζῇν
225 1243 271 1269 ἐπὶ
287 1243 337 1278 τῆς
363 1243 499 1277 βασιλίδος
521 1243 571 1278 τὴν
593 1243 648 1270 τῶν
665 1243 829 1279 Θρᾳκησὶῳν
848 1243 951 1276 ἐξαιτεῖ

157 1289 341 1324 στρατηγίαν,
361 1290 411 1316 καὶ⁸
428 1289 460 1324 δὴ
477 1289 525 1315 καὶ
547 1288 693 1324 λαμϐάνει.
714 1290 820 1323 Ὀλίγον
836 1289 864 1316 δὲ
887 1299 950 1317 και-

158 1333 206 1368 ροῦ
230 1333 413 1368 παρελθόντος
434 1335 481 1361 καὶ
499 1334 549 1370 τῆς
573 1334 712 1369 βασιλείας
727 1335 884 1370 ἐπισφαλῶς
902 1344 951 1362 κυ-

158 1379 345 1415 ϐερνωμένης,
366 1379 414 1407 ἅτε
428 1380 475 1407 τοῦ
494 1380 626 1415 βασιλέως
641 1381 709 1417 πρὸς
724 1381 826 1415 ἄλλοις,
845 1381 903 1408 ἀλλ’
917 1382 949 1408 οὺ

157 1427 217 1458 ταῖς
236 1426 289 1453 τῶν
310 1426 484 1462 πραγμάτων
504 1426 655 1463 διοικήσεσι
673 1427 720 1454 τὸν
740 1428 803 1455 νοῦν
821 1428 949 1463 ἔχοντος,

157 1471 204 1498 καὶ
223 1471 270 1498 τοῦ
289 1471 405 1499 θανάτου
419 1472 449 1499 δὲ
465 1471 513 1499 τοῦ
536 1473 626 1508 Βάρδσ.
643 1473 772 1509 καθαρῶς
789 1474 949 1508 ἐλέγξαντος

157 1520 204 1554 τὴν
221 1518 304 1545 αὐτοῦ
321 1519 459 1546 οὐθένειαν
475 1519 522 1546 καὶ
538 1519 667 1552 ἀφέλειαν
683 1519 800 1555 (ἐκείνου
825 1521 880 1556 γὰρ
899 1521 949 1547 ὲπ-

998 282 1200 317 expeditionem
1221 284 1353 319 suscepit,
1380 288 1407 311 et
1434 284 1536 312 Bardas
1562 284 1725 312 insolentius
1742 292 1786 310 res

999 332 1118 356 tractare
1143 330 1237 364 erepit,
1268 330 1456 364 paulatimque
1482 330 1674 365 imperatorem
1703 329 1789 357 olivu-

999 375 1066 402 dens
1079 375 1202 403 sinistris
1223 374 1257 402 de
1270 383 1300 403 se
1326 375 1531 410 suspicionibus
1550 383 1644 403 ansam
1659 376 1786 410 praebuit,

999 427 1028 449 ut
1046 421 1134 457 Cepos
1151 427 1261 449 ventum
1278 427 1320 449 est
1338 422 1423 457 (Cepi,
1442 421 1537 449 Latine
1563 423 1658 449 hortos
1673 422 1786 454 dixeris,

998 467 1052 494 loci
1065 475 1164 495 nomen
1192 472 1234 495 est
1251 468 1392 499 maritimi.
1410 468 1455 495 ubi
1486 467 1621 495 Maeander
1636 468 1734 495 ﬂuvius
1759 468 1787 495 in

999 521 1075 540 mare
1086 513 1233 547 illabitur),
1254 514 1402 547 imperator
1417 522 1479 542 cum
1506 514 1564 543 suis
1579 515 1639 541 iniit
1661 514 1786 546 consilia,

1000 566 1034 587 ne
1050 566 1065 586 a
1084 559 1172 586 Barda
1189 560 1318 594 praeventi
1340 559 1576 594 opprimerentur;
1591 565 1617 586 et
1632 567 1662 587 re
1680 566 1787 593 campo.

999 604 1051 632 sita
1067 609 1150 639 atque
1176 609 1311 631 maturata
1327 604 1409 640 999
1422 604 1523 633 Bardas
1541 605 1625 640 pedes
1640 605 1788 639 imperato-

1000 651 1039 679 ris
1053 651 1195 686 amplexus
1214 651 1366 679 trucidatus
1382 655 1439 684 est;
1450 659 1564 686 quaeres
1579 659 1661 686 supra
1677 659 1691 678 a
1709 651 1788 679 nobis

1000 697 1136 731 exposita.
1155 698 1252 724 Actum
1269 697 1321 724 hoc
1346 697 1389 724 die
1404 697 1491 732 prima
1506 697 1618 732 Aprilis,
1638 697 1788 726 indictione

1001 742 1203 771 “Juterfecto
1216 743 1314 775 Barda,
1331 743 1481 778 imperator
1495 743 1670 778 expeditione
1685 744 1787 771 omissa

999 789 1089 816 statim
1104 789 1261 824 Byzantium
1275 789 1354 816 rediit
1366 798 1373 822 ;
1385 794 1412 816 ct
1427 796 1460 816 eo
1478 796 1616 820 reversus,
1636 797 1698 816 cum
1714 790 1790 824 prole
1817 823 1821 826 γ

1000 838 1116 866 careret,
1130 834 1260 861 Basiliam
1277 835 1308 861 ad
1321 834 1469 868 magisterii
1491 833 1649 868 dignitatem
1666 839 1788 861 evectum

1001 880 1149 914 adoptavit.
1163 879 1240 912 Quod
1257 886 1320 906 cum
1338 887 1391 906 non
1408 879 1491 906 ferret
1509 887 1564 913 pra:
1592 879 1695 906 invidia
1712 879 1790 914 Symo

1004 924 1094 952 Latius
1116 924 1205 951 drouti
1222 924 1370 958 logotheta,
1387 922 1481 950 Bardu:
1506 931 1600 958 gener,
1618 923 1791 957 pnetcntlens

1003 977 1033 997 se
1046 969 1125 1004 Cpoli
1140 970 1230 996 vivere
1255 977 1309 996 non
1326 976 1417 1004 posse,
1435 969 1512 1003 petiit
1535 970 1744 1004 impetravitque
1762 973 1792 996 ut

1004 1016 1210 1044 Thracensihus
1228 1015 1425 1051 prmﬁceretur.
1440 1015 1553 1043 Paulum
1568 1015 1672 1042 emuxit
1687 1021 1791 1049 tempo-

1002 1062 1051 1095 ris,
1063 1069 1125 1089 cum
1151 1061 1219 1088 satis
1235 1061 1324 1096 patuit
1347 1061 1490 1095 imperium
1508 1060 1662 1095 periculose
1690 1060 1790 1095 guber-

1002 1107 1073 1139 nari,
1093 1106 1192 1141 quippe
1212 1106 1342 1133 Micbaelo
1361 1106 1422 1133 aliis
1450 1113 1531 1140 quam
1557 1105 1715 1140 reipublicae
1743 1113 1790 1140 ge-

1001 1153 1094 1182 rendae
1108 1153 1222 1188 negotiis
1240 1153 1358 1184 intento.
1375 1153 1491 1187 ejusque
1509 1153 1639 1180 {utilitate
1653 1159 1685 1178 ac
1699 1152 1790 1178 stulti-

1003 1201 1038 1227 tia
1055 1208 1069 1227 a
1087 1199 1183 1227 Bardze
1203 1200 1313 1227 interitu
1343 1199 1430 1234 palam
1455 1200 1652 1226 inuotesceute.
1682 1197 1788 1225 Etenim

1001 1245 1100 1279 Barda,
1127 1251 1156 1273 ut
1184 1245 1231 1281 qui
1261 1245 1434 1281 imperatoris
1463 1246 1566 1280 collega
1591 1249 1674 1277 esset,
1692 1251 1740 1279 pro
1761 1251 1791 1271 re

1002 1292 1110 1327 publica
1135 1292 1290 1319 excubante
1317 1298 1350 1318 ac
1374 1299 1423 1326 pro
1439 1290 1510 1317 virili
1535 1290 1595 1325 ejus
1615 1289 1790 1316 administra-

1000 1339 1068 1365 tioni
1083 1338 1200 1368 intento,
1214 1337 1350 1365 industria
1366 1336 1447 1371 hujus
1463 1341 1544 1369 atque
1561 1335 1700 1370 diligentia
1715 1336 1792 1368 lgna-

1001 1385 1072 1412 viam
1086 1383 1211 1411 Mieltaeli
1240 1383 1403 1410 occultarat.
1420 1382 1532 1409 Sublato
1559 1382 1657 1413 Barda,
1677 1385 1704 1408 ct
1714 1379 1789 1408 omni

1001 1430 1108 1465 imperii
1127 1429 1322 1464 procuratione
1349 1428 1376 1456 in
1398 1428 1508 1455 unicum
1539 1428 1714 1460 incumbente
1742 1426 1791 1453 Mi-

1000 1475 1137 1507 cbaelnm,
1154 1475 1299 1510 perspicue
1320 1473 1447 1509 apparuit
1471 1481 1552 1508 quam
1567 1473 1590 1500 is
1611 1476 1684 1500 esset
1708 1472 1791 1499 homo

999 1522 1033 1548 ad
1051 1529 1106 1549 rem
1122 1521 1259 1556 publicam
1273 1520 1441 1548 tractandam
1459 1519 1568 1554 ineptus
1585 1524 1666 1553 atque
1686 1518 1791 1553 segnis;

156 1565 361 1600 αγρυπνοῦντος
374 1564 411 1597 ὡς
425 1564 552 1592 κοινωνοῦ
569 1565 622 1592 τῶν
642 1566 824 1601 πραγμάτων,
841 1567 886 1593 καὶ
899 1567 948 1601 τῆς

1001 1566 1095 1603 itaque
1117 1567 1288 1595 subditorum
1317 1567 1420 1594 crebrae
1447 1569 1525 1594 erant
1555 1566 1589 1593 de
1620 1566 1791 1600 imperatore

157 1613 320 1647 διοικήσεως
338 1611 397 1638 καθ’
418 1612 480 1638 ὅσον
500 1608 557 1637 οἷόν
578 1620 608 1638 τε
626 1612 816 1647 ἀντεχομένου,
836 1614 869 1647 τῇ
886 1612 949 1639 τού-

155 1665 201 1684 του
221 1656 365 1691 ἐπιμελείᾳ
382 1656 428 1682 καὶ
445 1656 547 1691 σπουδῇ
564 1657 582 1691 ή
603 1655 650 1682 τοῦ
672 1656 805 1692 βισιλέως
825 1657 950 1683 οὐθένεια

155 1702 334 1730 ἐκαλύπτετο·
360 1702 421 1728 ἐπεὶ
440 1701 461 1727 δ’
485 1702 588 1733 ἐκεῖνος
603 1702 749 1737 ἀπεσφάγη
773 1703 850 1737 καὶή
873 1703 949 1730 πᾶσα

154 1751 204 1785 τῆς
221 1748 361 1785 βασιλείας
376 1749 488 1783 φροντὶς
503 1749 542 1780 είς
559 1748 638 1783 μόνον
663 1749 795 1784 περιέστη
810 1749 856 1775 τὸν
873 1749 950 1784 βασι-

155 1797 218 1828 λέα,
239 1795 302 1822 τότε
326 1795 358 1829 δὴ
384 1794 512 1829 καθαρῶς
536 1794 567 1819 τὸ
589 1793 672 1820 αὑτοῦ
694 1794 882 1829 ἀνεπιτήδειον
902 1795 949 1821 καὶ

155 1843 226 1878 πρὸς
253 1841 302 1874 τὰς
325 1841 466 1873 πολιτικὰς
490 1840 605 1876 πράξεις
629 1841 828 1872 άναπεπτωκὺς
856 1841 949 1876 ἑξηλὲ-

155 1887 260 1922 γχετο),
285 1887 406 1920 ἐγίνοντο
421 1886 496 1919 παρὰ
517 1884 564 1911 τοῦ
586 1885 676 1912 κοινοῦ
699 1887 821 1921 συνεχεῖς
838 1886 949 1920 διαγογ-

156 1933 258 1967 γνσμοὶ
277 1932 347 1959 κατὰ
368 1931 415 1958 τοῦ
439 1930 584 1966 βασιλέως.
609 1931 657 1958 καὶ
682 1931 738 1958 οὔθ’
753 1933 770 1968 ἡ
795 1931 948 1968 σύγκλητος

155 1980 220 2006 οὔτε
246 1980 276 2006 τὸ
302 1979 454 2013 πολίτευμα
484 1979 540 2009 τοῖς
564 1978 761 2013 πραττομένοις
787 1979 948 2014 ἠρέσκοντο,

156 2027 203 2053 καὶ
221 2025 287 2052 αὐτὸ
301 2025 333 2060 δὴ
348 2025 379 2051 τὸ
401 2025 559 2059 στράτευμα
581 2024 819 2060 ἀνασεσοϐημένον
841 2026 888 2052 καὶ
903 2035 949 2053 κε-

157 2071 308 2107 κινημένον
325 2070 484 2105 ἐτύγχανεν.
500 2070 601 2097 Ἀτινα
616 2070 660 2097 διὰ
679 2070 735 2096 τῶν
749 2072 922 2099 οἰκειοτάτων
934 2073 949 2100 6

158 2118 287 2153 βασιλεὺς
312 2117 519 2152 ὲνωτιζόμενος,
541 2117 589 2143 καὶ
611 2117 661 2152 τὴν
687 2117 784 2144 ἑαυτοῦ
809 2118 948 2146 κατανοῶν

158 2165 226 2198 πρὸς
242 2163 292 2195 τὰς
313 2164 450 2198 κοσμικὰς
471 2163 661 2198 ιπιχειρήσεις
683 2164 863 2199 άὸεξιότητα,
889 2165 948 2200 ἅμα

157 2210 185 2237 δὲ
198 2212 248 2237 καὶ
266 2210 450 2237 ἐπανάστασιν
468 2209 640 2244 εὐλαϐηθεὶς,
659 2210 787 2237 κοινωνὸν
808 2211 879 2244 ἔγνω
894 2212 948 2238 τῶν

1000 1614 1129 1649 querelae,
1141 1617 1168 1641 et
1185 1621 1274 1648 neque
1289 1613 1398 1641 senatui
1411 1619 1502 1647 neque
1525 1612 1632 1639 civibus
1650 1614 1710 1638 acta
1728 1618 1791 1645 pro—

1001 1660 1146 1692 babantur,
1160 1660 1268 1694 ipsique
1281 1659 1363 1687 etiam
1373 1658 1509 1686 exercitus
1524 1657 1692 1685 ferociebant
1708 1661 1791 1690 atque

1000 1706 1221 1740 exagitabantur.
1237 1705 1303 1738 Quae
1319 1704 1424 1740 1000
1439 1704 1529 1731 omnia
1546 1703 1697 1731 Michaelus
1726 1710 1789 1729 cum

1001 1758 1016 1778 a
1033 1751 1256 1779 familiarissimis
1266 1750 1318 1778 sibi
1338 1750 1462 1777 nuntiata
1476 1749 1654 1784 percepisset,
1668 1747 1790 1775 sentiens

1001 1805 1082 1831 quam
1099 1797 1157 1832 ipse
1176 1801 1248 1824 esset
1273 1797 1307 1823 ad
1337 1796 1406 1822 tanti
1435 1795 1541 1831 imperii
1563 1794 1789 1829 gubernationem

1001 1851 1097 1878 parum
1113 1843 1240 1873 idoneus,
1251 1841 1389 1876 simulque
1404 1841 1457 1869 sibi
1471 1848 1486 1868 a
1503 1840 1638 1868 seditione
1653 1844 1789 1872 metuens,

999 1889 1132 1922 collegam
1148 1888 1244 1915 statuit
1260 1887 1312 1915 sibi
1326 1887 1491 1914 adsciscere.
1503 1887 1534 1914 Et
1544 1887 1607 1922 quia
1621 1886 1701 1921 paulo
1714 1890 1788 1919 ante,

1000 1939 1029 1961 ut
1050 1934 1182 1966 diximus,
1199 1933 1330 1960 Basilium
1347 1932 1536 1967 adoptaverat,
1551 1932 1712 1966 sciebatque
1725 1937 1788 1959 eum

999 1981 1113 2014 reliquis
1130 1979 1290 2007 fortitudine
1309 1985 1336 2006 et
1363 1977 1507 2014 prudentia
1536 1978 1651 2011 anteire,
1667 1982 1694 2005 et
1709 1984 1789 2012 posse

999 2026 1114 2062 implere
1129 2025 1203 2060 quod
1224 2025 1276 2053 sibi
1304 2025 1337 2052 ad
1364 2024 1558 2059 rempublicam
1582 2023 1788 2059 temperandam

1000 2072 1176 2100 dexteritatis
1192 2071 1299 2103 deerat,
1323 2070 1444 2097 maxime
1461 2075 1552 2097 autent
1568 2077 1697 2105 suprema
1713 2073 1791 2104 pote-

1001 2124 1072 2148 state
1084 2125 1117 2146 eo
1136 2118 1227 2152 ipsum
1240 2117 1407 2152 impellente,
1423 2115 1608 2151 imperatoriis
1628 2123 1688 2143 cum
1702 2116 1790 2142 hono-

1001 2166 1089 2198 ribus,
1108 2164 1261 2199 insignibus
1278 2167 1361 2198 atque
1376 2162 1474 2198 opibus
1485 2166 1611 2193 exornat,
1626 2168 1790 2196 progressus

1000 2212 1081 2246 hujus
1097 2211 1134 2238 rei
1150 2218 1233 2238 causa
1258 2209 1366 2244 publice
1389 2209 1417 2237 in
1445 2209 1536 2237 nobile
1552 2209 1651 2236 divinae
1675 2207 1790 2242 Sapien-

157 2256 332 2291 πραγμάτων
347 2255 550 2292 προσλαϐέσθαι
567 2257 614 2283 καὶ
628 2256 679 2291 τῆς
695 2256 793 2292 ἀρχῆς.
811 2257 865 2283 Καὶ
885 2258 947 2284 ἐπεὶ

1002 2245 1044 2285 tia:
1059 2256 1163 2288 fanum,
1180 2263 1212 2283 ac
1225 2255 1325 2282 Basilio
1335 2262 1465 2282 coronam
1491 2256 1590 2290 regiam
1602 2254 1715 2290 impertit
1731 2253 1792 2287 ipso

158 2303 210 2338 πρὸ
225 2303 328 2337 ὀλίγου,
347 2303 384 2334 ὡς
403 2302 506 2330 ἄνωθεν
528 2302 652 2338 εἴπομεν,
670 2303 897 2338 υἱοποιησάμενος
912 2302 946 2338 ἦν

158 2348 202 2375 τὸν
220 2349 371 2381 Βασίλειον,
389 2348 448 2384 ᾔδει
463 2349 491 2375 δὲ
504 2348 585 2374 αὐτὸν
599 2349 647 2375 καὶ
661 2349 758 2384 ἀνδρία
778 2350 826 2376 καὶ
846 2350 953 2376 συνέσει

1003 2307 1105 2331 sanet-.e
1133 2303 1307 2329 l’entecostes
1337 2302 1406 2329 festo
1429 2301 1483 2333 die,
1502 2302 1548 2334 qui
1573 2301 1625 2328 fuit
1654 2301 1712 2328 dies
1728 2299 1790 2327 Maii

1007 2349 1137 2384 vigesima
1154 2351 1241 2378 sexta,
1259 2347 1407 2374 indictione
1421 2346 1524 2375 decima
1537 2350 1644 2382 quarta.

159 2397 212 2423 τῶν
223 2396 330 2423 πολλῶν
355 2396 519 2431 διαφέροντα
544 2397 591 2423 καὶ
615 2396 707 2423 ἱκανὸν
736 2396 911 2431 ἀναπληροῦν
934 2396 965 2423 τὸ
993 2396 1021 2422 ἐν
1044 2397 1077 2431 τῇ
1098 2394 1261 2429 κυϐερνήσει
1275 2393 1323 2420 τοῦ
1339 2394 1473 2429 κοσμικοῦ
1491 2394 1613 2427 σκάφους
1634 2392 1800 2428 ὑστέρημα,¹

159 2443 189 2470 τὸ
201 2443 284 2470 πλέον
298 2443 326 2469 δὲ
340 2443 387 2469 καὶ
411 2443 567 2478 ὑπερτάτης
598 2442 740 2477 δυνάμεως
754 2443 904 2478 ἐναγούσης
933 2443 973 2474 εἰς
991 2442 1070 2469 τοῦτο
1086 2441 1178 2474 αὑτὸν,
1200 2442 1248 2468 καὶ
1271 2441 1411 2477 βασιλείας
1426 2441 1493 2476 τιμῇ
1516 2440 1564 2467 καὶ
1577 2440 1642 2475 δόξῃ
1656 2439 1703 2466 καὶ
1726 2438 1789 2474 χρί-

161 2500 243 2526 σματι
266 2491 436 2526 κατακοσμεῖ
459 2491 505 2518 τὸν
540 2490 690 2523 Βασίλειον,
736 2490 807 2518 κατὰ
829 2491 879 2525 τὴν
902 2490 977 2525 ἱερὰν
1007 2490 1055 2516 καὶ
1084 2489 1166 2523 ἁγίαν
1190 2488 1299 2524 ἡμέραν
1326 2488 1376 2523 τῆς
1400 2487 1601 2522 Πεντηκοστῆς,
1628 2487 1658 2512 ὲν
1681 2484 1720 2520 τῷ
1743 2494 1795 2512 πε-

161 2538 290 2573 ριωνὺμῳ
327 2537 377 2572 τῆς
406 2537 453 2564 τοῦ
484 2537 552 2564 Θεοῦ
587 2537 686 2571 Σοφίας
701 2537 774 2571 ναῷ,
790 2537 922 2572 δημοσίαν
935 2536 1047 2572 πρόοδον
1068 2535 1262 2570 ποιησάμενος,
1286 2535 1334 2562 καὶ
1360 2535 1407 2561 τὸν
1428 2534 1563 2569 βασίλειον
1589 2532 1627 2568 τῷ
1658 2531 1791 2567 Βασιλείῳ

159 2585 316 2620 περιτίθησι
344 2584 484 2618 στέφανον.
525 2583 608 2618 ἕκτην
632 2583 699 2618 πρὸς
721 2584 822 2610 εἴκοσιν
850 2583 962 2617 ἄγοντος
980 2581 1027 2608 τοῦ
1044 2581 1132 2608 Μαΐου
1147 2581 1230 2615 μηνὸς
1246 2581 1296 2616 τῆς
1311 2581 1340 2608 ιδ’
1356 2581 1554 2616 ὲπινεμήσεως.

194 2632 281 2659 Τοῦτο
296 2631 390 2667 μαθὼν
412 2632 427 2658 6
443 2630 597 2665 Συμϐάτιος
614 2632 730 2666 μετρίως
747 2629 797 2657 οὐκ
821 2631 949 2665 ἤνεγκεν,

161 2677 227 2704 ἀλλά
245 2677 376 2712 συνεργὸν
397 2677 517 2711 είληφὼς
535 2677 582 2703 καὶ
599 2677 645 2702 τὸν
662 2676 809 2711 πατρίκιον
821 2676 921 2711 Πηγάρυ

161 2724 358 2758 (πρατηγὲτης
372 2723 400 2750 δὲ
415 2719 493 2754 οὗτος
509 2722 556 2749 τοῦ
577 2722 700 2757 Ὀψικίου
716 2721 868 2758 ἐτύγχανε)
883 2722 953 2757 πρὸς

161 2767 309 2795 ἀπόστασιν
331 2766 413 2800 εἶδον,
439 2767 549 2802 Μιχαὴλ
570 2767 619 2802 μὲν
636 2767 825 2802 εὐφημοῦντες
843 2767 888 2794 τὸν
905 2767 952 2802 βα-

164 2814 246 2847 σιλέα,
263 2814 307 2850 ΙΡ.
322 2813 384 2849 567]
395 2814 431 2844 ὠς
447 2813 481 2840 ἃν
494 2815 526 2840 ὲκ
539 2813 636 2840 τούτου
651 2814 687 2840 τὰ
702 2813 793 2848 πλήθη
804 2815 949 2846 ἐπάγοιντο

162 2861 208 2886 καὶ
224 2861 263 2895 μὴ
278 2860 381 2886 δοκοῖεν
406 2861 501 2895 χεῖρας
516 2860 606 2895 αἴρειν
620 2860 693 2886 κατὰ
716 2860 763 2886 τοῦ
780 2861 948 2895 αὐτοκράτο-

164 2913 219 2940 ρος,
243 2905 447 2942 δυσφημοῦντες
472 2905 500 2932 δὲ
526 2906 572 2933 τὸν
599 2905 739 2933 Βασίλειον
763 2906 811 2932 καὶ.
840 2906 950 2941 μυρίαις

1039 2627 1096 2655 lloe
1113 2629 1158 2655 ubi
1175 2629 1286 2655 rescivit
1298 2627 1466 2664 Synibatius,
1483 2627 1578 2662 inique
1591 2626 1662 2658 tulit,
1674 2629 1791 2654 nactus-

1004 2682 1058 2708 que
1074 2673 1179 2701 socium
1207 2672 1340 2701 facinoris
1363 2673 1498 2708 Peganem
1515 2671 1672 2707 patricium,
1690 2671 1792 2706 Opsicii

1005 2719 1178 2755 praefectum,
1194 2720 1370 2747 rebellionem
1390 2724 1433 2747 est
1450 2719 1570 2747 molitus.
1595 2718 1756 2746 Michaelum
1773 2717 1791 2744 ii

1004 2767 1195 2802 imperatorem
1224 2766 1323 2795 faustis
1347 2766 1461 2794 vocibus
1490 2766 1654 2801 probabant,
1670 2769 1699 2792 ut
1719 2763 1792 2790 mul-

1003 2813 1147 2840 titudinem
1161 2813 1211 2840 sibi
1223 2813 1414 2844 conciliarent,
1427 2820 1515 2848 neque
1527 2812 1684 2839 viderentur
1694 2813 1790 2836 contra

1004 2867 1084 2887 suum
1104 2861 1298 2894 imperatorem
1315 2867 1413 2887 manus
1429 2859 1536 2891 tollere,
1550 2858 1680 2884 Basilium
1695 2859 1786 2883 autem

1005 2906 1198 2942 improbabant
1228 2913 1260 2934 ac
1277 2905 1391 2934 inﬁnitis
1418 2901 1784 2941 proscindehantconviciis.
