2046 3149
155 143 220 177 1093

672 142 945 173 HISTORIARL’M
967 140 1229 171 COMPENDIUM.

1706 139 1774 172 1095.

152 201 197 233 τὰς
210 200 354 236 φάλαγγας
369 201 440 228 κατὰ.
462 200 516 227 τῶν
528 199 678 235 Βαρϐάρων
694 200 872 235 ἐστράτευσε,
891 200 937 226 καὶ

1002 200 1080 226 'rima
1104 198 1242 233 expeditio
1271 199 1304 226 ad
1336 197 1500 234 'l'epbricam
1529 198 1624 228 urbem
1657 199 1715 232 fuit,
1737 199 1782 227 cui

153 248 283 283 πρότερον
302 247 352 283 μὲν
367 247 437 274 κατὰ
452 247 500 282 τῆς
518 246 660 282 Τεφρικῆς
671 246 740 282 (80),
755 244 788 283 ἧς
803 247 816 272 6
830 246 939 281 Χρυσό-

152 302 209 329 χειρ
227 294 330 328 ἠγεῖτο,
346 293 390 320 ἐπ’
407 293 503 329 ἀνδρίᾳ
515 293 563 319 καὶ
578 293 685 319 συνέσει
699 292 839 328 διαφέρειν
853 292 939 318 δοκῶν

153 339 197 365 καὶ
215 338 318 373 σφόδρα
333 337 366 364 τὰ
391 338 536 372 Ῥωμαίων
555 337 730 373 κατατρέχων
755 338 801 364 καὶ
813 337 941 372 ληϊζόμεο

153 392 205 414 νος.
224 384 301 410 Κατὰ
313 383 408 410 τούτου
425 383 530 419 καὶτῆς
546 384 652 415 πόλεως
668 383 845 419 ἐσκτρατεύει
861 385 875 409 ὸ
891 383 940 417 βα-

154 429 256 460 σιλεύς.
286 429 340 456 Τοῦ
357 430 385 456 δὲ
412 430 449 465 μὴ
466 430 631 461 ὑποστάντος
645 430 692 465 τὴν
713 430 865 461 ἐπέλευτιν,
880 429 938 455 ἀλλ’

153 477 218 502 εἴσω
231 475 329 510 τειχῶν
344 475 506 509 γενομένου,
523 475 705 510 καταδραμὼν
723 476 772 510 τὴν
793 475 839 501 ὑπ’
861 475 940 501 αὑτὸν

153 523 263 549 ἃπασαν
278 522 370 557 χώραν
385 522 398 548 6
416 521 542 557 βασιλεὺς
560 523 606 548 καὶ
623 521 797 556 ληϊσάμενος,
811 521 858 546 καὶ
874 520 942 554 πρὺς

153 568 225 603 αξιτῷ
238 567 276 603 τῷ
290 568 374 603 τείχει
388 568 436 603 τῆς
446 567 586 602 Τεφρικῆς
599 567 674 593 ἔθετο
690 567 739 602 τὴν
751 566 940 602 παρεμεολὴν,

153 613 196 639 διὰ
219 613 399 648 προσεδρείας
433 613 543 648 μακρᾶς
566 612 636 638 ἑλεῖν
658 612 689 638 τὸ
714 612 804 647 ἔρυμα
828 611 940 646 οἰηθείς.

159 659 237 685 Ἐπεὶ
247 659 275 685 δέ
292 658 440 692 κατενόησε
455 658 590 685 πάντοθεν
613 658 847 693 κατωχυρωμένον
863 658 941 688 αὐτὸ.

153 705 200 730 καὶ
218 705 378 731 ἀνέλπιστον
390 702 424 740 ἦν
441 703 578 739 ἀλωθῆναι
596 703 740 739 πολιορκίᾳ
753 704 814 738 (ἤδη
826 704 880 737 γὰρ
895 703 941 730 καὶ

153 750 242 777 πάντα
257 751 289 777 τὰ
307 751 336 777 ἐν
358 752 391 786 τῇ
408 751 485 786 χώρᾳ
502 752 640 784 ἀναγκαῖα
662 750 846 786 κατεδήδοτο),
862 750 940 776 ἔλυσε

152 795 201 831 τὴν
218 792 388 833 πολιορκίαν,
412 797 446 823 τὰ
462 796 647 831 πλησιάζοντα
661 797 695 832 τῇ
713 797 834 831 Τεφρικῇ
856 795 941 831 φρού-

992 245 1160 280 Chrysochir
1177 250 1302 278 praeerat,
1319 245 1400 272 homo
1415 246 1531 273 laudata:
1549 245 1718 274 fortitudinis
1736 251 1779 273 at-

994 300 1047 326 que
1064 292 1234 322 calliditatis,
1252 292 1299 325 qui
1322 299 1377 318 rem
1405 291 1555 319 Romanam
1578 293 1684 320 crebris
1699 300 1783 319 vexa-

996 339 1041 364 bal.
1058 338 1285 372 grasSationibus.
1315 337 1339 365 Is
1355 346 1416 365 cum
1432 337 1573 366 Romanos
1599 339 1783 365 adventantes

997 391 1051 410 non
1067 383 1238 415 subsisteret,
1254 383 1300 410 sed
1316 384 1403 410 muris
1422 385 1535 410 clausus
1560 391 1590 410 se
1617 384 1783 416 continuaret,

996 429 1115 455 Basilius
1129 436 1237 456 onmem
1255 429 1342 463 ipsius
1357 429 1490 456 ditionem
1507 429 1652 463 populatus
1667 429 1783 463 Tephri-

994 484 1053 503 eam
1076 474 1193 505 obsedit,
1215 474 1345 501 diuturna
1375 475 1517 502 obsidione
1536 482 1566 502 se
1579 482 1611 502 ea
1630 475 1781 509 potiturum

995 521 1123 554 opinans.
1146 520 1199 546 Sed
1216 525 1315 546 utcatu
1333 521 1419 548 sensit
1436 521 1556 554 undique
1569 522 1778 551 communitam,

994 573 1022 594 et
1034 575 1096 602 spes
1113 567 1258 594 obsidione
1274 566 1396 601 potiundi
1428 567 1549 600 evanuit,
1576 567 1703 594 omnibus
1734 566 1784 593 ali-

995 613 1094 639 mentis
1110 620 1171 647 quae
1187 613 1212 639 in
1230 619 1260 639 ea
1280 612 1386 639 fuerant
1414 613 1525 648 regione
1549 613 1606 647 jam
1617 612 1782 646 absumptis,

996 658 1105 685 obsidio
1121 660 1211 684 soluto
1228 658 1318 684 vicina
1335 657 1475 692 Tephrica:
1485 658 1596 685 castella
1607 659 1633 685 vi
1647 663 1784 692 expugna-

996 705 1051 735 vit,
1081 704 1187 738 1007
1217 703 1347 734 Abarnm,
1366 704 1494 738 Coplum,
1516 704 1646 739 Spatham
1679 703 1785 738 aliaque

996 751 1098 782 multa;
1114 756 1194 785 atque
1213 750 1365 778 exercitum
1382 750 1445 778 inde
1459 750 1572 777 abduxit
1585 750 1683 785 amplis
1698 750 1785 785 partis

995 797 1091 831 spoliis
1110 801 1191 831 atque
1202 797 1323 831 tropaeis.

155 852 201 878 pta.
229 843 412 878 ἐκπορθήσας,
442 843 491 877 τὴν
518 842 653 875 Ἀὂαραν,
671 842 716 868 τὸν
745 841 871 873 Κοπτὸν,
887 841 936 876 τὴν
951 842 1062 877 Σπάθην
1083 843 1131 869 καὶ
1152 843 1220 869 ἄλλα
1250 842 1347 870 πολλά.
1383 843 1511 879 Ἀγείρας
1527 842 1556 870 δέ
1590 843 1636 870 τὸν
1671 843 1788 878 στρατδν

152 890 257 917 ἐκεῖθεν
271 887 384 924 ἐπανῄει
402 888 471 922 μετὰ
481 888 616 924 λαμπρῶν
630 888 685 914 τῶν
700 889 839 922 τροπαίων
848 895 877 912 τε
894 887 941 913 καὶ
961 887 1104 923 λαφύρων,

188 935 361 970 Ληῖζομένης
385 934 414 961 δέ
436 934 486 969 τῆς
504 935 569 969 περὶ
588 933 645 973 »τὴν
678 934 818 968 Τεφρικὴν
849 932 941 968 χώρας

1029 934 1158 961 Evastata
1192 942 1252 969 qua
1279 938 1321 962 est
1343 933 1446 961 circum
1471 933 1637 968 Tephricam
1663 932 1787 968 regione.

153 981 264 1015 ἁπάσης
276 980 323 1006 καὶ
337 979 570 1015 ἐκπομθουμένης,
587 980 604 1014 ἡ
619 979 777 1013 γειτονοῦσα
791 979 878 1015 ταύτῃ
892 979 943 1005 πό-

153 1027 196 1058 λις
215 1026 270 1052 τῶν
291 1025 472 1060 Ἰσμαηλιτῶν
488 1022 628 1062 ᾖΤαύρας
649 1025 666 1061 ή
683 1025 835 1060 ἐπωνυμία,
862 1026 943 1059 ὁμαι-

153 1071 240 1107 χμίαν
267 1071 366 1106 ἔχουσα
378 1070 424 1097 καὶ
436 1071 633 1106 κοινοπραγίαν
648 1070 718 1105 μετὰ
730 1070 781 1105 τῆς
792 1070 943 1106 Τεφρικῆς,

153 1118 338 1154 ιρρωδήσασα
352 1116 398 1143 τὸν
424 1116 557 1148 κίνδυνον,
576 1115 704 1152 πρέσϐεις
722 1115 855 1151 πέμψασα
869 1116 946 1152 είρή-

156 1171 205 1198 νης
234 1163 310 1198 ἠξίου
330 1163 422 1197 τυχεῖν
439 1162 486 1188 καὶ
503 1163 562 1194 ταῖς
580 1162 751 1196 συμμαχίσιν
773 1162 946 1196 ἐγγραφῆναι

159 1209 325 1244 Ῥωμαίων·
342 1208 389 1235 καὶ
409 1207 441 1243 δὴ
467 1207 545 1242 ἔτυχε
559 1207 606 1234 τοῦ
623 1207 756 1242 βασιλέως
779 1207 848 1242 μετὰ
860 1215 944 1243 προσ-

155 1254 250 1290 ηνείας
267 1252 413 1287 δεξαμένου
430 1252 481 1288 τὴν
498 1251 657 1287 πρεσϐείαν.
674 1253 835 1288 Προσερῤύη
852 1253 881 1279 δέ
900 1253 948 1279 καὶ

154 1299 168 1325 6
185 1296 365 1332 Κουρτέριος,
381 1296 458 1331 γένος
483 1296 520 1323 ὣν
544 1297 698 1331 Ἀρμένιος,
719 1296 747 1328 ὃς
767 1299 875 1333 κατεῖχε
896 1298 946 1334 τὴν

156 1345 282 1372 Λόκαναν
299 1344 346 1369 καὶ
367 1343 416 1374 τὰς
433 1342 564 1377 ἐσχατιὰς
588 1343 642 1369 τῶν
661 1343 805 1378 Ῥωμαίων
828 1344 948 1378 συνεχῶς

156 1389 270 1426 ἐπόρθει
284 1388 331 1415 καὶ
351 1388 564 1424 κατεστρέφετο,
581 1388 676 1415 ἑαυτὸν
695 1388 833 1424 παραδοὺς
847 1388 885 1422 τῷ
901 1389 948 1423 βα-

158 1436 229 1465 σιλεῖ
242 1435 288 1461 καὶ
299 1434 348 1469 τὴν
367 1433 445 1460 πόλιν
476 1434 522 1459 καὶ
537 1434 582 1459 τὸν
600 1433 747 1460 ὑπείκοντα
774 1434 848 1469 αὑτῷ
873 1434 947 1462 λαόν.

163 1482 210 1508 Ἐν
227 1477 249 1515 ᾧ
276 1480 303 1507 δὲ
322 1480 409 1507 ταῦτα
437 1479 597 1514 ἐπράττετο,
615 1480 678 1506 λαδν
692 1480 706 1506 6
723 1480 849 1515 βασιλεὺς
876 1482 947 1508 κατὰ

157 1527 326 1563 Σαμοσάτων
346 1527 392 1553 καὶ
411 1525 460 1561 τῆς
473 1526 623 1560 λεγομένης
639 1526 783 1562 Ζαπέτρας
797 1526 949 1553 ἐπιλέκτων

158 1571 334 1608 πολεμιστῶν
362 1571 507 1606 ἐκπέμψας
536 1570 707 1606 εὐτύχησεν,
735 1571 765 1603 ἐξ
795 1570 890 1605 ἐφόδου
914 1571 948 1597 τὰ

160 1607 243 1647 στενὰ
271 1618 318 1646 τοῦ
348 1618 464 1652 στρατοῦ
490 1617 641 1648 διελθόντος
665 1617 734 1653 αὐτῇ
760 1625 791 1643 τε
813 1617 847 1652 τῇ
873 1607 986 1643 πόλειο

159 1666 292 1700 ἐξαίφνης
319 1663 543 1695 ἐπεισπεσόντος·
559 1662 710 1698 κατεσχέθη
725 1671 754 1689 τε
771 1663 825 1698 γὰρ
841 1663 858 1698 ή
873 1662 951 1694 πόλις

159 1714 199 1750 τῷ
215 1713 425 1749 ἀπροσδοκήτῳ,
451 1712 500 1738 καὶ⁸
527 1711 590 1743 λαὸς
609 1711 756 1746 ἀπεσφάγη
787 1712 882 1746 πολὺς,
904 1712 952 1738 καὶ

161 1761 337 1798 αἰχμαλωσία
353 1761 458 1796 ἐλήφθη
483 1759 607 1795 ἄπειρος,
624 1761 671 1786 καὶ
686 1759 793 1795 δέσμιοι
820 1761 951 1795 Ῥωμαῖοι

161 1809 277 1844 χρονίων
290 1807 398 1842 δεσμῶν
409 1807 645 1843 ἠλευθερώθησαν.
658 1806 850 1841 Καταδραμὼν
865 1807 893 1833 δὲ
905 1807 954 1834 καὶ

165 1856 344 1891 πυρπολήσας
353 1857 366 1883 6
377 1854 512 1890 πεμφθεὶς
523 1852 586 1885 λαὸς
599 1853 633 1880 τὰ
647 1861 739 1886 συμπα
745 1853 893 1887 ρακείμενα
903 1852 954 1886 τῆς

164 1902 257 1937 χώρας
285 1902 332 1928 καὶ
361 1902 396 1928 τὰ
419 1901 565 1936 Σαμόσατα
590 1898 771 1934 ἐξεπόρθησε,
795 1898 842 1924 καὶ
871 1898 952 1934 ὁμοίᾳ

996 981 1103 1008 Tauras
1134 980 1223 1007 vicina
1256 980 1460 1007 lsmaelicorum
1492 980 1567 1012 urbs,
1594 978 1784 1008 confuderat:

995 1035 1057 1055 cum
1074 1026 1219 1061 Tephrica,
1245 1027 1396 1061 periculum
1427 1030 1562 1056 metuens,
1583 1033 1677 1060 pacem
1696 1033 1710 1052 a
1731 1026 1784 1053 Ba-

997 1075 1058 1102 silio
1076 1074 1168 1101 missis
1184 1073 1282 1106 legatis
1302 1072 1447 1106 foedusque
1462 1079 1524 1099 cum
1552 1071 1685 1099 Romanis
1699 1071 1788 1106 petiit.

996 1118 1051 1146 E09
1065 1118 1215 1153 imperator
1229 1118 1347 1145 comiter
1364 1122 1492 1153 acceptos
1510 1117 1566 1145 voti
1593 1117 1657 1144 fecit
1674 1124 1788 1152 compo-

997 1169 1049 1192 tcs.
1068 1165 1200 1198 Adjunxit
1228 1172 1258 1192 se
1283 1164 1443 1199 imperatori
1462 1163 1652 1192 eLCurterius
1685 1171 1785 1198 genere

996 1211 1153 1242 Armenius,
1174 1210 1221 1245 qui
1249 1209 1386 1237 Locanatn
1415 1210 1515 1237 urbem.
1544 1209 1654 1237 tenebat
1669 1214 1697 1237 et
1717 1209 1785 1236 lines

998 1256 1138 1284 Romanos
1157 1256 1262 1283 crebris
1279 1256 1485 1283 incursionibus
1500 1255 1656 1283 infestarat.
1677 1254 1703 1282 ls
1717 1259 1744 1282 et
1757 1262 1788 1282 se

998 1307 1025 1330 et
1041 1303 1135 1330 urbem
1153 1306 1180 1330 et
1195 1303 1336 1330 subditum
1355 1303 1407 1331 sibi
1424 1303 1555 1337 populum
1568 1303 1726 1338 imperatori
1738 1303 1787 1330 de—

999 1349 1079 1376 didit.
1095 1348 1205 1376 luterim
1224 1349 1342 1377 Basilius
1361 1349 1524 1377 selectorum
1541 1349 1658 1377 militum
1677 1356 1787 1377 manum

1000 1395 1033 1421 ad
1062 1391 1207 1430 Zapeti-am
1224 1399 1251 1422 et
1273 1395 1417 1423 Samosata
1442 1395 1527 1422 mittit
1554 1403 1686 1430 prospero
1708 1395 1789 1430 plane

999 1445 1118 1466 conatu:
1138 1447 1201 1466 nam
1232 1439 1249 1466 ii
1269 1447 1317 1474 per
1341 1440 1484 1476 angustias
1502 1440 1592 1475 primo
1608 1440 1684 1468 aditu
1705 1448 1790 1476 pene-

1001 1488 1106 1511 trantes
1127 1485 1221 1512 urbem
1240 1485 1273 1512 de
1289 1485 1440 1520 improviso
1463 1491 1609 1520 ceperunt,
1637 1495 1791 1522 magnaque

1000 1533 1109 1565 peracta
1141 1530 1214 1557 caede
1255 1531 1416 1558 immensam
1448 1531 1623 1559 abstulerunt
1649 1533 1790 1567 praedam;

1003 1576 1174 1611 Ruinanique
1193 1577 1270 1605 multi
1299 1578 1427 1610 vinculis.
1454 1579 1481 1606 in
1495 1580 1598 1614 quibus
1623 1579 1669 1607 diu
1689 1580 1792 1614 captivi

1004 1624 1107 1651 detenti
1121 1625 1241 1659 fuerant,
1267 1630 1325 1652 tum
1352 1626 1433 1654 soluti
1454 1631 1528 1654 sunt.
1546 1625 1628 1654 Locis
1642 1627 1793 1662 circumje-

1006 1670 1133 1698 Centibus
1150 1671 1275 1698 incendio
1291 1671 1408 1699 vastatis
1423 1679 1455 1699 ac
1481 1671 1634 1700 Samosatis
1663 1680 1792 1707 pessum-

1006 1716 1089 1748 datis,
1108 1717 1244 1744 exercitus
1270 1717 1367 1744 eodem
1390 1718 1491 1752 impetu
1513 1717 1679 1753 Euphratem
1697 1722 1790 1745 trans-

1008 1761 1073 1795 ivit;
1106 1768 1133 1789 et
1157 1763 1313 1790 ulteriorem
1339 1763 1487 1798 populatus
1516 1764 1665 1798 regionem,
1697 1764 1794 1792 multis

1010 1807 1117 1842 1008
1134 1809 1249 1842 captivis
1264 1808 1390 1835 abductis
1403 1813 1430 1835 et
1443 1813 1536 1842 parata
1555 1808 1672 1836 maxima
1690 1809 1797 1846 praeda,

1008 1852 1151 1879 incolumis
1173 1853 1206 1879 ad
1225 1853 1418 1887 imperatorem
1435 1855 1529 1888 rediit,
1550 1857 1597 1892 qui
1613 1861 1678 1883 tunc
1692 1857 1725 1884 ad
1743 1855 1795 1883 ﬂu-

1007 1905 1070 1925 men
1084 1899 1270 1925 Atzarnucum
1287 1904 1376 1926 castra
1395 1900 1521 1928 habebat.

165 1949 243 1984 ῥύμῃ
257 1947 420 1983 περαιωθεὶς
436 1947 481 1972 τὸν
499 1945 644 1980 Εὐφράτην
659 1944 706 1971 καὶ
747 1945 838 1970 πᾶσαν
860 1943 909 1978 τὴν
942 1943 1057 1978 περαίαν
1082 1944 1300 1979 αἰχμαλωτίσας,
1327 1946 1374 1972 καὶ
1413 1947 1513 1982 πολλὴν
1553 1947 1682 1981 συλλέξας
1712 1950 1794 1984 αἰχμ-

177 1995 285 2020 ,λωσίαν
297 1994 343 2020 καὶ
355 1993 473 2028 λάφυρα,
489 1990 657 2027 ὑπέστρεψεν
672 1989 768 2024 ἀσινὴς
782 1989 850 2025 πρὸς
860 1989 906 2016 τὸν
931 1989 1129 2024 αὐτοκράτορα,
1148 1990 1215 2026 πρὸς
1247 1991 1286 2026 τῷ
1309 1990 1474 2028 Ἀτζαρνοὺκ
1502 1993 1616 2030 ποταμῷ
1645 1994 1695 2030 τὴν
1725 2003 1795 2031 παρ-

165 2049 177 2067 ε
181 2040 285 2076 μὸολὴν
297 2038 402 2074 ἔχοντα.

208 2084 349 2111 Ἐντεῦθεν
361 2083 429 2117 ἄρας
444 2084 458 2109 6
473 2081 598 2117 βασιλεὺς
614 2080 683 2116 μετὰ
693 2080 794 2112 παντὸς
807 2079 853 2106 τοῦ
868 2087 953 2115 στρα-

166 2132 216 2159 τοῦ
230 2130 279 2165 τὴν
296 2130 342 2156 ἐπὶ
354 2128 508 2164 Μελιτηνὴν
521 2128 640 2161 ἄγουσαν
654 2126 748 2152 ὥδευε.
759 2124 955 2161 Προσπελάσας

167 2178 195 2204 δέ
210 2177 249 2212 τῷ
266 2175 406 2211 Εὐφράτῃ,
417 2175 464 2200 καὶ
481 2173 539 2208 ὥρᾳ
555 2173 651 2208 θέρους
665 2171 845 2206 πελαγίζοντα
860 2170 954 2197 τοῦτον

168 2222 258 2259 εὑρὼν
270 2222 316 2248 καὶ
326 2220 464 2251 παντελῶς
475 2219 585 2250 ἆῧατον,
597 2218 762 2253 γεφυρώσας
775 2217 821 2243 τὸν
833 2216 955 2250 ποταμὸν

1044 2079 1109 2106 Inde
1121 2079 1239 2108 Basilius
1255 2087 1318 2107 cum
1331 2080 1460 2108 omnibus
1477 2082 1563 2116 copiis
1579 2091 1675 2111 versus
1688 2083 1795 2112 Melite-

1009 2133 1071 2152 nam
1089 2127 1190 2159 movit;
1208 2134 1326 2161 cumque
1356 2126 1390 2154 ad
1415 2127 1581 2163 Euphratem
1612 2131 1795 2164 pervenisset,

1011 2175 1077 2198 tunc
1108 2173 1179 2206 (erat
1203 2173 1275 2199 enim
1307 2172 1401 2209 uastas)
1431 2179 1603 2208 stagnantem
1639 2180 1666 2202 et
1692 2176 1795 2204 invium

1011 2218 1133 2250 omnino,
1149 2226 1210 2245 eum
1223 2222 1304 2252 ponte
1320 2224 1491 2246 constratum
1505 2220 1644 2253 transivit,
1656 2229 1798 2257 magnam-

169 2268 327 2303 διεπέρασε.
355 2266 410 2293 Καὶ
428 2264 513 2291 πολλὰ
529 2263 577 2298 τῆς
594 2262 684 2299 χώρας
703 2261 894 2297 λυμηνάμενος
909 2261 949 2287 κα¹

1011 2270 1064 2296 que
1078 2263 1137 2297 ejus
1167 2263 1287 2297 regionis
1308 2268 1413 2298 partem
1441 2266 1570 2298 vastavit,
1599 2272 1681 2302 capto
1712 2269 1795 2295 etiam

171 2293 444 2347 καταστρεψάμενος,
458 2308 525 2336 ἐλὼν
539 2293 670 2334 δὲὲἇαὲδ
687 2293 837 2343 φρουριονδ
856 2305 949 2341 Ῥαψα·

1011 2308 1147 2343 liapsacio
1173 2309 1298 2337 castello.
1331 2310 1395 2338 Inde
1417 2315 1521 2345 partem
1549 2293 1686 2342 exercitus
1712 2316 1796 2342 mittit

169 2368 230 2387 κιον
247 2358 366 2392 λέγεται,
382 2357 462 2391 μέρος
475 2355 504 2381 δέ
520 2354 567 2380 τοῦ
585 2352 701 2388 στρατοῦ
721 2354 753 2388 τῇ
771 2351 872 2387 μεταξὺ
894 2352 957 2385 ’Δρ-

172 2406 248 2432 σίνου
262 2412 292 2430 τε
310 2403 357 2429 καὶ
374 2401 516 2437 Εὐφράτου
530 2399 607 2435 χώρᾳ
618 2398 761 2433 ἐκπέμψας
773 2397 958 2431 καταδραμεῖν

172 2449 351 2487 προσέταξεν,
367 2448 392 2474 οἳ
409 2449 498 2474 πᾶσαν
516 2446 600 2481 αὐτὴν
629 2444 741 2480 ὰπτέρῳ
757 2442 958 2477 τάχειδιαδρα-

175 2498 283 2532 μάντις,
296 2495 326 2521 τό
341 2503 369 2521 τε
383 2494 529 2528 λεγόμενον
547 2490 694 2526 Καρκίνιον
710 2489 757 2515 καὶ
777 2489 808 2515 τὸ
832 2487 959 2522 Γλασχὼν

175 2543 220 2579 [Ρ.
229 2542 293 2578 571]
306 2542 351 2568 καὶ
366 2540 489 2574 τδἋμαν
505 2540 552 2565 καὶ
564 2538 593 2564 τὸ
605 2536 716 2571 Μ-ουρὴξ
732 2535 778 2562 καὶ
794 2535 824 2561 τὸ
841 2533 961 2568 Ἀῦδῃλα

175 2586 247 2615 εἷλον
260 2589 306 2614 καὶ
323 2586 520 2620 ἐξεπόρθησαν.
536 2583 619 2613 Αὐτὸς
631 2583 659 2609 δὲ
673 2584 706 2618 τῇ
723 2581 860 2616 Μελιτηνῇ
878 2587 963 2614 προσ-

176 2633 266 2660 ϐαλὼν
290 2631 456 2667 εὐανδρούσῃ
489 2631 551 2656 τότε
567 2631 615 2656 καὶ
630 2628 730 2664 πληθυῖ
748 2627 899 2662 Βαρϐάρων
912 2634 960 2659 γε·

176 2679 333 2714 γανωμένῃ,
355 2679 416 2704 ἐπεὶ
434 2678 491 2708 τοῖς
513 2676 630 2711 τείχεσιν
648 2674 809 2708 ἐπλησίασε,
828 2671 961 2708 βαρϐαρι-

178 2727 228 2758 κέις
259 2725 408 2757 ὑπεδέξατο
428 2724 569 2758 φάλαγγας
602 2721 671 2756 μετὰ
698 2721 886 2756 φρυαγμάτων
916 2718 963 2745 καὶ

1009 2363 1070 2390 qua:
1085 2355 1157 2382 inter
1169 2355 1295 2384 Arsinem
1311 2360 1338 2384 et
1351 2356 1515 2392 Euphratem
1531 2360 1583 2386 sita
1598 2360 1795 2394 popularetur;

1009 2402 1055 2437 qui
1075 2409 1134 2428 eam
1163 2403 1302 2437 regionem
1337 2402 1492 2430 incredibili
1524 2404 1669 2432 celeritate
1697 2413 1796 2440 perva-

1007 2448 1061 2483 gati
1072 2446 1238 2479 Carcinium,
1249 2447 1440 2480 Glaschonem,
1457 2447 1601 2482 Amattem,
1616 2449 1752 2478 Mureeem
1770 2454 1798 2479 et

1009 2491 1109 2518 Abdcla
1140 2492 1310 2520 exciderunt.
1339 2493 1425 2521 Porro
1456 2493 1609 2522 Melitenam
1639 2495 1796 2531 ingressus,

1012 2545 1072 2572 quae
1095 2541 1162 2565 tunc
1185 2537 1367 2566 Barbarorum
1384 2539 1496 2567 fortium
1531 2541 1610 2575 copia
1625 2541 1751 2574 ﬂorebat,
1768 2547 1799 2570 ut

1012 2583 1242 2618 appropinquavit
1259 2584 1356 2617 muris,
1374 2585 1532 2613 barbaricas
1556 2587 1685 2616 cohortes
1703 2588 1799 2616 habuit

1014 2629 1120 2661 obvias,
1136 2629 1264 2656 ferociter
1283 2634 1310 2657 et
1328 2631 1436 2659 sublato
1451 2639 1512 2658 cum
1531 2632 1651 2660 clamore
1667 2634 1798 2662 inceden-

1013 2680 1064 2704 les.
1081 2677 1148 2703 Cum
1161 2677 1260 2712 quibus
1271 2678 1400 2707 audacter
1409 2687 1584 2715 congressus,
1599 2683 1657 2716 ipse
1669 2683 1695 2710 in
1709 2683 1796 2718 prima

1014 2722 1072 2749 acie
1087 2724 1262 2757 constitutus,
1275 2724 1368 2753 hostes
1383 2726 1499 2762 repulit;
1518 2727 1643 2763 idemque
1657 2736 1672 2755 a
1686 2729 1798 2763 reliquis

752 2778 930 2806 XYLANDRI
950 2778 994 2806 ET
1009 2778 1114 2807 GOARI
1129 2779 1245 2809 NOTAE.

216 2830 270 2868 (89)
287 2828 358 2868 Urbs
376 2827 431 2868 litvo
444 2833 470 2855 et
483 2833 650 2868 qua'mtnque
667 2826 694 2854 in
709 2826 886 2859 sequentibus
901 2826 960 2854 loca
979 2831 1130 2868 memorata
1148 2831 1213 2856 sunt
1239 2828 1356 2858 Cilicum
1374 2837 1471 2858 versus
1489 2830 1644 2858 Armeniam
1678 2832 1707 2856 et
1743 2829 1797 2857 Ar-

179 2863 276 2893 menia:
289 2865 404 2892 minoris
416 2865 484 2891 loca.
501 2863 588 2890 Gesn.
