2046 3149
183 169 247 201 1097

726 164 991 194 lllS’l‘OiilAliUM
1013 164 1274 194 C(‘rblPENDiUM.

1730 165 1796 197 1008

177 235 235 257 ταις
247 235 253 240 ·
269 225 356 259 οἱμὲν
376 224 429 259 γὰρ
448 222 496 251 τοῦ
513 224 667 259 Χαρσιανοῦ
695 224 801 254 ἑαυτοῖς
823 223 962 249 ἐνίσταντο

1023 222 1119 249 abi-nte
1132 222 1305 256 iactantiam,
1319 222 1464 256 quemdam
1478 229 1509 249 ex
1528 223 1697 256 Armeniacis
1707 224 1800 256 ferunt

177 271 210 298 τὰ
224 271 274 305 τῆς
286 269 394 305 ἀνδρίας
411 269 542 304 ἁρμόζειν
558 270 690 304 πρωτεῖα,
716 268 834 303 ἔμπαλιν
858 268 885 294 δὲ
901 268 964 293 ἑαν-

177 317 230 347 soi;
246 315 271 341 oi.
290 314 474 349 ’Δρμενιακοί.
500 314 543 345 Ὧς
555 312 601 340 οὖν
617 315 664 340 ἐπὶ
682 313 808 340 πλεῖστον
821 313 918 348 ἐχώρει
931 313 964 339 τὰ

177 362 224 395 τῆς
241 360 412 394 φιλονεικίας
433 360 480 386 καὶ
500 359 569 394 πρὸς
592 359 622 384 τὸ
649 358 821 394 μεγάλαυχον
847 358 964 391 ἑκάτερα

177 406 276 441 ἔρρεπε
297 406 353 431 τῶν
375 405 534 440 ταγμάτων,
564 404 680 431 ἐνταῦθα
698 404 730 439 δὴ
757 404 865 437 λέγεται
890 403 965 438 ποιρά

177 459 247 481 τινος
262 450 389 485 λεχθῆναι
403 450 449 476 τοῦ
465 450 519 476 τῶν
533 450 720 485 Ἀρμενιακῶν
733 450 915 484 συστήματος,
928 449 964 480 ὼς

179 495 235 521 Ἵνα
243 495 269 520 τί
279 491 401 529 μάτην,ὦ
411 494 618 530 συστρατιῶται,
626 495 756 529 ἀπρεπῶς
765 494 963 529 θρασυνόμεθα,

178 540 306 572 ἐξῆ-’τοῖς
332 541 423 576 ἔργοις
449 541 689 575 ἀναμφισϐήτητον
704 540 804 575 ἀρετὴν
830 540 964 572 ἐπιδείξα-

177 587 257 619 afluit;
273 587 305 613 Οἱ
333 587 456 621 πολέμιοι
472 587 526 621 γὰρ
542 587 571 613 οὺ
594 587 712 622 μακρὰν,
730 587 778 613 καὶ
800 586 902 619 ἔξεστιν
919 586 965 612 ἐπὶ

176 633 230 658 τῶν
248 632 337 666 ἔργων
359 633 476 667 φανῆναι
489 632 553 663 τοὺς
580 633 712 667 ἀριστεῖς.
735 631 804 662 Τοὺς
827 630 964 661 τοιούτους

176 678 267 704 τοίνυν
282 678 378 712 λόγους
395 678 613 709 διενωτισθέντες
630 678 654 704 οἱ
679 676 828 712 στρατηγοὶ
843 676 889 703 καὶ
914 677 964 711 τὴν

176 725 246 759 πρὸς
263 724 374 758 ἀνδρίαν
388 725 477 760 ὁρμὴν
494 724 711 758 κατανοήσαντες
722 722 768 748 τοῦ
785 722 861 754 λαοῦ,
882 731 964 748 κατα-

177 770 311 804 μαθόντες
324 770 352 796 δὲ
372 771 418 796 καὶ
430 771 479 805 τὴν
495 769 549 796 ἀπὸ
563 769 610 796 τοῦ
629 770 710 795 τάπου
727 768 864 803 βοήθειαν,
879 768 921 794 ὅτι
934 767 964 800 ἐξ

176 815 341 850 ὑπερδεξίων
363 815 506 850 μέλλουσιν
526 814 695 842 ἐπιτίθεσθαι
709 815 765 846 τοῖς
782 814 921 848 πολεμίοις
936 815 964 840 ἐν

176 862 260 895 κοίλῳ
283 861 419 894 κειμένοις
433 861 516 896 τόπῳ,
533 861 593 895 διχῆ
619 859 752 895 διαιροῦσι
768 860 817 894 τὴν
837 859 962 894 δύναμιν.

176 907 232 933 Καὶ
250 907 281 933 τὸ
305 907 353 942 μὲν
368 907 492 941 ἔκκριτον
507 907 609 942 ταύτης
630 907 709 941 ἄχρις
727 904 877 938 ἑξακοσίων
904 906 963 940 μετ’
981 895 1000 923 Β

175 952 268 978 αέτῶν
280 961 311 986 γε
329 953 382 978 τῶν
400 953 560 987 στρατηγῶν
577 951 740 987 προσὸαλεῖν
752 951 849 987 ἐκρίθη
860 951 899 986 τῷ
909 951 965 978 τῶν

174 998 324 1033 βαρϐάρων
347 998 453 1033 στρατῷ
470 1006 477 1013 ⁶
502 999 532 1024 τὸ
545 997 573 1024 δὲ
597 997 689 1024 λοιπὸν
714 998 760 1024 καὶ
783 996 966 1032 εὐαρίθμητον

174 1044 226 1078 τῆς
253 1044 412 1078 Ῥωμαῖκῆς
425 1045 553 1080 στρατιᾶς
566 1045 604 1075 εἰς
623 1043 733 1078 δόκησιν
746 1043 865 1078 πλήθους
880 1042 964 1070 αὑτοῦ

175 1099 228 1116 που
243 1091 425 1121 σκευάσαντες
441 1091 508 1126 πρὸς
523 1090 556 1116 τὰ
567 1089 692 1126 μετέωρα
704 1089 831 1124 ἔστησαν,
842 1089 966 1124 σύνθημα

175 1136 267 1167 δόντες
280 1136 384 1163 ἵν’ὄταν
399 1134 472 1163 οὗτοι
487 1136 661 1172 προσϐάλωσι
674 1137 728 1167 τοῖς
740 1135 857 1170 ἐχθροῖς,
873 1135 966 1162 κάκεῖ-

175 1190 215 1207 νοι
241 1182 291 1208 σὺν
307 1181 457 1216 ἀλαλαγμῷ
477 1181 599 1217 μεγίστῳ
616 1182 664 1209 καὶ
689 1181 834 1215 σάλπιγξιν
862 1181 964 1215 ἐκπλη-

175 1226 276 1260 κτικὴν
307 1226 371 1261 βοὴν
399 1227 583 1262 ἀναῤῥήξωσι,
601 1226 825 1261 συνεπηχούντων
845 1227 892 1253 καὶ
910 1226 964 1252 τῶν

175 1270 275 1304 ὀρέων,
297 1271 343 1297 καὶ
354 1270 439 1302 οὕτως
458 1271 570 1305 ἀφανῶς
589 1271 633 1298 διὰ
648 1271 697 1305 τῆς
708 1271 804 1302 νυκτὸς
825 1273 857 1307 τῇ
884 1279 966 1306 στρα-

175 1315 306 1350 τοπεδείᾳ
317 1316 372 1341 τῶν
390 1315 495 1351 ἐχθρῶν
512 1317 694 1351 πλησιάζωσι.
709 1316 764 1342 Καὶ
786 1317 908 1342 τοιούτου
922 1317 965 1342 δο-

177 1361 272 1392 θέντος
289 1361 470 1396 συνθήματος,
486 1361 563 1389 οὔπω
580 1361 627 1388 τοῦ
646 1362 722 1397 ἡλίου
738 1362 787 1393 τὰς
807 1361 963 1397 ἀκρωρείας

179 1407 358 1441 αὐγάζοντος,
371 1408 418 1443 βοῇ
434 1408 550 1444 στιϐαρᾷ.
564 1407 755 1439 παιανίσαντες
767 1409 813 1434 καὶ
833 1408 863 1435 τὸ
880 1408 967 1435 Σταυ-

177 1455 223 1488 pb;
239 1455 588 1490 νευίκηκε,συμ6οήσαντες
600 1454 765 1482 ἐπιτίθενται
779 1455 835 1486 τοῖς
849 1455 966 1490 ἐχθροῖς,

177 1501 456 1532 σονεπαλαλαζέντων
482 1502 536 1528 ἀπὸ
553 1501 600 1527 τοῦ
621 1499 701 1536 ὅρους
715 1501 762 1527 καὶ
785 1501 839 1526 τῶν
853 1500 965 1527 λοιπῶν.

177 1547 267 1577 Εὐθὺς
280 1546 326 1573 οὖν
338 1547 362 1572 οἱ
381 1546 516 1582 Βάρϐαροι
524 1546 562 1581 τῷ
571 1546 721 1581 ἀνελπίστῳ
734 1545 966 1579 καταπλαγέντες,

177 1594 226 1619 καὶ
243 1593 311 1627 μήτε
325 1593 456 1628 συστῆναι
479 1593 548 1628 μήτε
568 1593 599 1619 τὸ
613 1592 691 1618 ἐπιὸν
710 1591 809 1626 πλῆθος
832 1592 893 1617 ὅσον
905 1592 965 1617 ἐστὶ

177 1639 307 1671 λαϐόντες
320 1639 414 1675 καιρὸν
432 1640 505 1672 ἰδεῖν,
524 1639 587 1674 μήτ’
599 1639 662 1666 ἄλλο
674 1647 699 1665 τι
716 1640 849 1674 σωτήριον
860 1639 966 1670 ἑαυτοῖς

177 1687 210 1711 ὲκ
236 1685 284 1711 τοῦ
301 1685 472 1720 παραχρῆμα
499 1684 707 1719 βουλεύσασθαι,
737 1685 870 1720 ὥρμησαν
897 1684 966 1720 πρὸς

179 1731 279 1765 φυγήν.
300 1731 360 1758 Τῶν
375 1731 421 1758 οὖν
446 1731 597 1757 διωκόντων
625 1731 769 1765 Ῥωμαίων
789 1731 838 1758 καὶ
852 1731 915 1761 τοὺς
928 1730 966 1765 μὴ

1015 267 1117 295 dixisse
1131 277 1137 294 ι
1152 267 1287 301 Quorsum
1299 268 1408 299 attinet,
1425 268 1637 301 conmilitones,
1651 274 1706 296 tam
1723 270 1801 298 indc-

1015 317 1108 339 ccmer
1122 311 1256 340 ferocire?
1268 320 1330 339 cum
1344 313 1424 340 liceat
1437 313 1516 340 factis
1531 315 1659 341 virtutem
1673 319 1799 343 tesmtam

1017 357 1139 388 reddere,
1169 358 1293 386 hostibus
1323 359 1350 385 in
1368 360 1492 393 proximo
1515 361 1700 394 versantibus,
1717 369 1801 396 reque

1017 404 1074 438 ipsa
1088 403 1114 430 dt
1124 409 1168 429 tur
1187 404 1377 431 demonstrare
1393 404 1440 438 qui
1458 405 1561 433 virtute
1576 406 1630 433 sint
1656 407 1746 441 primi.
1764 407 1800 434 Ea

1018 449 1099 476 verba
1128 456 1189 475 cum
1214 450 1247 476 ad
1275 457 1355 477 aures
1374 449 1473 476 dueum
1488 452 1690 485 pervenissent,
1706 453 1801 479 etala-

1015 495 1140 521 critatem
1157 494 1272 521 militum
1286 495 1318 521 ad
1337 502 1451 529 pugnam
1475 495 1668 530 intelligerent,
1685 505 1733 524 nee
1745 505 1799 524 non

1017 540 1102 574 ipsius
1118 540 1170 567 loci
1186 541 1415 574 opportunitatem
1433 541 1565 568 sentirent
1585 542 1635 569 sibi
1663 543 1696 570 ad
1713 543 1800 570 victu-

1015 587 1082 613 riam
1098 591 1265 613 momentum
1292 586 1395 620 1011
1425 586 1496 614 haud
1519 587 1576 614 lere
1592 588 1698 621 aﬂ'erre,
1727 589 1799 623 quod

1015 639 1031 658 e
1058 631 1168 658 sublimi
1195 631 1255 657 loco
1271 633 1297 657 in
1328 632 1420 658 hostes
1438 636 1515 658 erant
1539 632 1667 667 impetum
1697 633 1799 668 daturi,

1017 678 1064 712 qui
1088 678 1114 704 in
1130 677 1198 704 valle
1214 681 1302 704 castra
1322 677 1467 708 habebant,
1484 679 1631 706 exercitum
1648 687 1754 707 omnem
1773 681 1799 707 in

1015 723 1084 750 duas
1099 722 1224 750 dividunt
1258 726 1360 756 partes,
1376 723 1412 749 ita
1422 727 1452 750 ut
1487 723 1580 750 selecti
1598 724 1629 750 ad
1655 729 1801 752 sexcentos

1017 768 1116 796 milites
1129 776 1191 795 eum
1212 767 1282 802 ipsis
1299 768 1462 796 ductoribus
1475 768 1501 794 in
1528 769 1631 796 hostem
1652 770 1799 802 irruerent,

1016 815 1112 849 reliqui
1126 822 1239 841 numero
1256 822 1310 841 non
1323 814 1400 840 multi
1417 815 1444 841 in
1460 814 1568 841 sublimi
1586 819 1699 849 starent,
1715 816 1801 844 simu—

1015 861 1068 887 lata
1106 859 1294 893 multitudine;
1317 859 1409 894 itaque
1421 868 1477 887 rem
1493 865 1669 894 componunt,
1685 866 1715 888 ut
1739 869 1800 888 cum

1016 906 1053 933 illi
1078 906 1184 933 hostem
1214 905 1399 937 adorirentur,
1430 905 1504 933 illieo
1532 907 1559 933 bi
1588 899 1707 934 maxime
1738 914 1800 934 cum

1017 952 1114 986 plausu
1131 955 1159 978 et
1172 951 1247 978 tubis
1259 950 1423 978 canentibus
1441 951 1592 978 terribilem
1620 951 1735 979 ederent
1751 959 1801 979 vo-

1017 996 1217 1029 ciferationem,
1233 996 1412 1024 reboantibus
1427 997 1510 1024 simul
1534 997 1683 1024 montibus.
1701 997 1749 1025 llis
1764 998 1801 1025 ita

1016 1042 1185 1078 compositis,
1221 1042 1326 1070 occulte
1353 1049 1401 1077 per
1426 1046 1543 1076 noctem,
1590 1047 1735 1078 antequam
1759 1044 1802 1071 sol

1020 1095 1126 1117 summa
1144 1088 1280 1115 montium
1309 1088 1470 1121 illustraret,
1501 1088 1534 1116 ad
1563 1093 1653 1116 castra
1680 1089 1800 1116 hostium

1017 1135 1189 1169 perveniunt,
1208 1141 1362 1168 magnaque
1380 1141 1445 1161 νοοο
1466 1141 1584 1168 paeantem
1602 1139 1756 1166 cantantes,
1774 1140 1802 1162 οι

1018 1179 1090 1206 \'icit
1103 1186 1168 1207 crux
1187 1179 1399 1212 conclamantes,
1416 1179 1612 1214 aggrediuntur
1630 1181 1745 1212 hostem,
1762 1181 1801 1207 si-

1018 1224 1344 1259 mulreliquisdcmonte
1375 1225 1519 1252 ruilitarem
1555 1226 1800 1254 conclamationem

1016 1271 1170 1299 edentibus.
1189 1271 1223 1299 At
1242 1271 1353 1298 Barbari
1369 1271 1459 1298 subito
1474 1280 1504 1299 re
1529 1272 1666 1308 insperata
1697 1278 1802 1308 perter-

1018 1317 1082 1349 reri,
1096 1320 1123 1343 et
1137 1323 1224 1351 neque
1238 1317 1309 1344 inter
1317 1324 1346 1344 se
1371 1316 1455 1349 coire,
1479 1325 1568 1353 neque
1587 1319 1803 1353 contemplande

1017 1362 1180 1390 irruentium
1199 1363 1318 1391 hostium
1349 1364 1530 1392 multitudinis
1553 1368 1660 1400 tempus
1690 1365 1801 1398 habere,

1018 1416 1107 1442 neque
1123 1408 1234 1436 omnino
1252 1409 1399 1444 quicquam
1412 1409 1532 1437 salutare
1551 1418 1584 1437 ex
1600 1415 1724 1445 tempore
1735 1419 1802 1439 con-

1018 1455 1108 1482 salere
1123 1462 1215 1489 posse,
1244 1455 1290 1482 sed
1306 1454 1376 1490 fuga:
1393 1463 1422 1483 se
1437 1456 1514 1483 dare.
1535 1456 1587 1484 Eos
1612 1457 1727 1485 Romani
1758 1459 1802 1485 in-

1017 1502 1106 1536 suqui,
1122 1506 1148 1528 et
1163 1502 1291 1529 absentes
1305 1502 1386 1529 simul
1402 1502 1522 1537 legiones
1540 1509 1690 1538 earumque
1720 1504 1804 1531 duces

1019 1554 1170 1579 accersere,
1184 1555 1301 1582 cumque
1313 1547 1356 1575 his
1367 1547 1547 1575 domesticum
1565 1549 1731 1582 scholarum,
1746 1550 1805 1578 sic-

1021 1593 1057 1620 uti
1077 1593 1167 1621 fuerat
1179 1599 1357 1628 praeceptum.
1386 1594 1475 1622 Aucto
1491 1595 1653 1630 fugientium
1665 1603 1765 1630 pavore
1774 1604 1806 1624 ac

1023 1639 1150 1672 tumultu,
1164 1639 1280 1667 Romani
1294 1648 1341 1668 eos
1360 1648 1446 1676 usque
1472 1641 1506 1669 ad
1541 1642 1709 1669 tricesimum
1744 1643 1806 1670 mil-

1029 1685 1097 1712 liare
1113 1686 1307 1720 insequuntur,
1318 1687 1437 1721 spatium
1449 1687 1640 1715 intermedium
1655 1689 1805 1717 innumeris

1022 1731 1140 1759 hostium
1155 1733 1336 1760 cadaveribus
1351 1737 1571 1761 consternentes.

179 1781 309 1812 συνόντας
331 1779 522 1815 ἐπιϐοωμένων
537 1779 706 1813 στρατηγοὺς
726 1778 772 1804 καὶ
784 1777 818 1804 τὰ
836 1777 963 1812 τάγματα
981 1779 1029 1805 καὶ
1043 1778 1088 1805 τὸν
1108 1778 1163 1805 τῶν
1191 1779 1293 1814 σχολῶν
1326 1780 1528 1815 ἀφηγούμενον,
1564 1780 1690 1815 καθάπερ
1712 1781 1805 1812 αὐτοῖς

180 1827 368 1857 συνετέτακτο,
387 1827 434 1853 καὶ
448 1826 502 1853 τῶν
514 1826 667 1860 φευγόντων
682 1826 721 1856 είς
733 1824 844 1851 πλείονα
859 1825 1097 1858 συνελαυνομένων
1113 1826 1194 1859 φόϐον
1221 1827 1268 1853 καὶ
1293 1826 1424 1861 ταραχὴν,
1466 1826 1562 1861 συνέϐη
1601 1825 1681 1862 μέχρι
1708 1827 1804 1861 μιλίων

179 1873 325 1909 τριάκοντα
337 1873 463 1907 γενέσθαι
479 1873 527 1908 τὴν
542 1872 633 1905 δίωξιν
645 1871 692 1898 καὶ
706 1871 752 1899 τὸν
765 1871 865 1906 μεταξὺ
877 1872 965 1907 χῶρον
984 1872 1109 1908 ἀπείροις
1123 1872 1350 1908 καταστρωθῆνιιι
1363 1875 1480 1908 νεκροῖς.

215 1919 284 1945 Τότε
297 1919 329 1953 δὴ
343 1919 389 1945 καὶ
400 1919 414 1944 ὁ
427 1918 536 1953 ἀναιδὴς
552 1917 706 1953 Χρυσόχειρ
721 1916 769 1943 σὺν
784 1916 885 1950 ὀλίγοις
903 1917 971 1951 φεύ-

178 1974 238 1999 γων
253 1964 306 1990 τῶν
326 1965 384 1998 μετ’
399 1964 491 1995 αὑτὸν,
516 1965 578 1990 ἐπεὶ
603 1962 782 1990 καταδιώκειν
807 1961 879 1995 ἔγνω
902 1962 969 1988 Ῥω-

181 2011 262 2046 μαῖόν
274 2020 334 2037 τινα
353 2010 491 2044 Πουλὰδην
505 2009 555 2044 τὴν
573 2008 768 2044 προσηγορίαν,
782 2008 812 2035 ὅν
828 2007 967 2042 αἰχμάλω-

177 2065 227 2082 τον
243 2055 323 2082 ἔλαϐέ
334 2064 399 2081 ποτε
411 2055 481 2081 κατὰ
495 2055 544 2090 τὴν
555 2053 693 2089 Τεφρικὴν
705 2053 751 2079 καὶ
764 2053 808 2080 διὰ
820 2053 966 2087 ἀστεϊσμὸν

180 2104 229 2130 καὶ
249 2103 349 2138 χάριτα
371 2103 473 2137 συνήθη
489 2100 544 2137 εἶχε
562 2101 609 2128 καὶ
624 2102 774 2136 γνώριμον,
800 2099 968 2135 θεασάμενος

180 2149 264 2175 αὑτὸν
279 2149 327 2175 καὶ
334 2148 480 2183 γνωρίσας,
491 2147 532 2183 [Ρ.
544 2146 605 2183 575]
615 2147 802 2183 ἐπιστραφεὶς,
811 2146 843 2173 Τί
852 2154 904 2178 σοι,
917 2154 970 2180 φη-

181 2196 238 2227 σὶν,
252 2192 275 2222 ὦ
294 2195 368 2221 ἄθλιε
386 2195 521 2229 Πουλάδη,
547 2193 738 2228 διεπραξάμην
762 2192 857 2224 κακὸν,
874 2193 915 2219 ὃτι
936 2199 970 2226 με

1060 1917 1136 1944 Tunc
1151 1917 1234 1945 etiam
1251 1917 1395 1952 impudens
1413 1918 1458 1946 ille
1475 1918 1651 1953 Chrysochir.
1664 1927 1725 1946 cum
1736 1928 1804 1955 pau-

1022 1963 1063 1992 cis
1074 1971 1188 1991 suorum
1206 1963 1323 1998 fugiens,
1340 1971 1402 1990 cum
1420 1964 1522 1992 instare
1533 1965 1585 1992 sibi
1599 1965 1704 1993 videret
1721 1966 1803 1994 Puta-

1020 2008 1081 2035 dem
1099 2009 1243 2043 quemdam
1258 2015 1273 2036 e
1289 2008 1431 2042 Romanis,
1448 2017 1527 2044 quem
1539 2011 1596 2044 ipse
1610 2011 1683 2044 olim,
1698 2012 1804 2048 1012

1021 2054 1048 2081 in
1061 2055 1132 2082 bello
1148 2055 1219 2089 apud
1238 2054 1398 2089 Tephrieam
1411 2060 1520 2090 ceperat
1549 2061 1700 2092 notumque
1717 2062 1745 2085 et
1766 2059 1806 2085 fa-

1021 2100 1154 2128 miliarem
1172 2101 1314 2132 habuerat,
1333 2109 1484 2137 agnoscens
1501 2102 1640 2130 hominem
1653 2108 1680 2130 et
1688 2104 1722 2131 ad
1741 2111 1804 2131 eum

1022 2151 1187 2176 conversus,
1204 2145 1288 2178 Quid,
1305 2145 1352 2178 ait,
1364 2147 1446 2174 miser
1458 2147 1585 2181 Pulades,
1603 2148 1666 2175 mali
1678 2149 1725 2175 tibi
1742 2149 1803 2183 feci,

1023 2190 1095 2224 quod
1113 2195 1222 2218 metam
1240 2191 1342 2219 furiose
1366 2193 1550 2228 persequeris,
1580 2194 1733 2222 interlicere
1756 2204 1805 2222 cu-

181 2240 256 2266 οὕτω
271 2239 449 2270 καταδιώκεις
462 2239 603 2274 μανιωδῶς
614 2238 757 2273 ἐπιθυμῶν
772 2238 875 2264 ἀνελεῖν
886 2236 930 2270 ;'0
941 2237 966 2263 δὲ

1022 2237 1117 2271 piens?
1135 2236 1184 2264 Cui
1201 2237 1319 2265 breviter
1331 2237 1456 2272 Pulades,
1477 2238 1540 2271 Deo,
1572 2240 1671 2275 inquit,
1687 2242 1804 2275 confido,

182 2285 325 2321 συντόμως
355 2284 516 2318 ὑπολαϐὼν,
536 2284 596 2311 Τῶν
624 2283 790 2319 εὐεργεσιῶν
816 2292 881 2315 σου,
913 2283 968 2309 πά.-

180 2340 255 2367 τρων
265 2330 388 2367 (85),τὴν
402 2331 530 2366 ἀμοιὸὴν,
547 2330 610 2365 ἔφη,
625 2329 772 2356 ἀποδοῦναί
782 2338 822 2355 σοι
839 2329 908 2356 κατὰ
919 2329 969 2362 τὴν

182 2378 328 2412 παροῦσαν
354 2377 461 2411 ἡμέραν
487 2376 626 2407 πεποιθώς
643 2375 755 2411 εἰμιτῷ
779 2374 848 2410 Θεῷ.
869 2375 899 2401 '0
921 2374 969 2409 μὲν

181 2420 231 2448 οὖν
242 2421 339 2457 προῄει
353 2420 397 2448 οἷά
411 2430 453 2452 τις
465 2421 649 2456 ὲμϐρόντητος
662 2422 708 2447 καὶ
722 2420 910 2456 βεδλαμμένος
921 2420 969 2451 τὰς

184 2467 298 2502 φρένας,
331 2468 344 2493 ὁ
368 2467 397 2494 δὲ
422 2468 550 2502 ἐφείπετο
582 2468 639 2501 μετ’
655 2467 800 2501 εὐτολμίας
830 2466 968 2500 νεανικῆς.

183 2514 288 2549 Τάφρῳ
304 2514 333 2540 δὲ
352 2513 447 2549 βαθείᾳ
459 2515 473 2540 ὁ
486 2514 651 2548 διωκόμενος
674 2512 804 2547 ἐντυχὼν,
820 2512 867 2538 καὶ
884 2512 970 2547 ὑπερ-

183 2559 304 2593 πηδῐψαι
321 2560 422 2594 ταύτην
444 2560 489 2586 τὸν
507 2560 589 2586 ἵππον
606 2559 644 2595 μὴ
670 2555 828 2594 συγχῶρῶν,
845 2558 970 2593 βάλλεται

183 2606 302 2632 κατόπιν
314 2606 389 2641 παρά
400 2606 447 2632 τοῦ
466 2605 601 2632 Πουλὰδου
623 2606 775 2640 φθάσαντος
796 2604 883 2631 κοντῶ
899 2603 971 2630 κατὰ

1023 2282 1075 2309 hac
1088 2283 1132 2310 die
1146 2291 1189 2311 me
1203 2284 1250 2312 tibi
1265 2291 1314 2319 pro
1329 2284 1382 2312 tuis
1394 2285 1498 2312 meritis
1513 2286 1628 2321 gratiam
1641 2288 1804 2316 relaturum.

1024 2328 1114 2363 Pergit
1128 2329 1226 2357 exinde
1237 2329 1404 2364 Chrysocbir
1414 2331 1549 2359 attonitus
1563 2339 1595 2358 ac
1618 2339 1725 2366 vecors,
1753 2341 1803 2360 au-

1023 2373 1117 2402 dacter
1133 2375 1292 2409 insequente
1308 2375 1419 2407 Pulade,
1432 2377 1519 2404 donec
1537 2377 1570 2404 ad
1598 2377 1680 2405 altam
1699 2378 1802 2406 fossam

1027 2424 1187 2454 perventum
1205 2425 1257 2448 est.
1269 2420 1334 2447 Eam
1357 2429 1419 2448 cum
1438 2422 1578 2450 transilire
1587 2430 1687 2458 equum
1715 2424 1804 2460 Clrry«

1025 2465 1116 2493 sochir
1128 2473 1183 2492 non
1197 2470 1344 2500 pateretur,
1363 2471 1444 2494 conto
1459 2467 1530 2495 latus
1543 2476 1558 2495 a
1570 2467 1673 2496 Puiade
1690 2477 1806 2504 propere

1024 2511 1095 2539 ictus
1106 2512 1210 2539 doloris
1225 2512 1393 2546 impatientia
1410 2513 1445 2540 ab
1454 2522 1524 2549 equo
1543 2515 1690 2543 delabitur.
1704 2517 1807 2545 Aderat

1024 2556 1135 2591 quidam
1159 2557 1330 2585 Diaconitzes
1347 2559 1466 2587 nomine.
1494 2560 1518 2587 ls
1534 2561 1626 2588 statim
1648 2569 1663 2588 a
1692 2569 1743 2590 suo
1757 2562 1807 2590 de-

1026 2603 1121 2630 siliens
1136 2611 1206 2638 equo
1221 2603 1432 2639 Chrysocbirem
1446 2607 1595 2634 curandum
1610 2608 1738 2643 suscipit,
1759 2616 1808 2636 ca-

756 2684 933 2712 XYLANDRI
948 2685 990 2712 ET
1002 2684 1069 2712 (ἔοΑ
1075 2685 1107 2712 R1
1118 2683 1229 2712 NOTAE.

223 2744 277 2779 (85)
288 2741 348 2769 Non
361 2743 527 2777 asscquebar
541 2742 606 2777 quid
619 2742 669 2779 sibi
685 2742 750 2779 illud
761 2741 872 2779 πάτρων
879 2740 971 2774 vellet,

184 2777 367 2812 οπριιιιτιιιοε
384 2779 424 2805 vel
453 2779 579 2812 majores,
595 2777 667 2811 quod
685 2777 727 2804 vix
755 2778 881 2810 quadrat,
907 2784 969 2803 curn

185 2815 221 2841 ab
237 2814 295 2848 ipso
309 2813 493 2847 Chrysochirc
506 2819 600 2848 captus
610 2814 715 2840 dicatur
727 2812 855 2848 Pulades,
873 2819 906 2837 an
924 2819 969 2848 pa-

185 2847 295 2876 tronum
321 2849 497 2883 signiﬁcaret,
518 2850 610 2882 itaque
637 2855 698 2874 eum
727 2847 971 2883 σαρκάζωνιιῃῃοι

185 2885 264 2912 larct.
294 2883 390 2918 Itaque
412 2884 503 2910 omisi.
536 2884 602 2910 ML.
621 2898 657 2903 —-
684 2883 893 2910 Clu'noehciris
906 2883 970 2908 olim

353 2930 488 2960 PATRHL.
512 2930 571 2959 Gn.
593 2929 697 2960 CXXI.

1026 2741 1149 2775 captivus
1165 2739 1281 2767 Pulades
1299 2745 1374 2778 recte
1390 2745 1469 2768 vocat
1499 2749 1559 2769 eum
1581 2742 1712 2778 πάτρωνα
1729 2752 1736 2770 :
1755 2743 1808 2771 hac

1028 2783 1146 2809 namque
1163 2784 1229 2802 vuce
1242 2784 1273 2802 cx
1299 2775 1390 2803 Italica
1409 2782 1519 2810 patrone
1540 2775 1657 2805 deducta
1680 2779 1807 2806 dominos

1026 2812 1108 2837 etiam
1140 2812 1221 2837 hodie
1238 2811 1401 2846 compellant
1431 2811 1584 2839 Orientales
1604 2813 1712 2846 captivi.
1732 2812 1806 2840 Alias

1028 2846 1177 2881 Hesychius
1193 2855 1199 2872 :
1218 2847 1360 2880 ΙΙατρωνες
1388 2847 1412 2871 οἱ
1433 2847 1535 2881 πρῶτοι
1565 2848 1619 2874 τῶν
1637 2847 1807 2878 ἁξιωθάντὶιιν

1027 2881 1074 2916 τῆς
1101 2881 1241 2916 Ῥωμαίων
1256 2881 1405 2913 πολιτείας.
1420 2881 1504 2908 ϐοΑιι.

1584 2927 1620 2957 35
