2046 3149
236 173 307 205 Illl
607 179 611 183 '
885 169 1043 198 GEORGII
1059 166 1227 198 CEDHEN’I
1793 161 1863 194 111?.

233 228 432 265 pugnandoque
449 228 476 255 in
500 234 621 254 summas
644 226 745 254 redacti
768 225 962 257 diil‘icultates,
981 225 1017 252 le-

1070 224 1116 250 καὶ
1138 223 1246 256 χάρακα
1268 221 1355 255 πήξας
1379 219 1476 255 ὀχυρὸν
1496 219 1614 255 ἐνεργῶς
1636 218 1790 253 ἐπολιόρκει
1809 221 1863 251 τὰς

233 279 297 310 gnto
313 275 345 301 ad
365 274 495 301 Basilium
515 273 698 300 Romanorum
723 273 914 306 imperatorem
938 271 1017 298 missu

1072 270 1174 300 πόλεις.
1192 266 1442 302 Στενοχωρούμενοι
1457 266 1486 292 δὲ
1503 266 1555 292 ὑπὸ
1570 265 1728 301 ποΑιορκίας
1744 265 1769 291 οἱ
1786 265 1863 291 πολῖ-

234 324 263 346 ιιι
276 322 420 347 succurrat
431 317 481 345 sibi
493 317 623 352 ﬂagitant.
642 316 764 344 Assentit
778 317 925 350 imperator
939 325 945 348 ;
962 321 1021 343 sta-

235 365 336 400 timque
347 363 464 398 legatum
480 363 605 395 remittit,
622 363 667 397 qui
686 369 751 390 suos
767 362 838 390 bono
852 363 945 389 animo
960 369 1021 389 esse

231 411 357 444 juberet,
381 410 576 443 nuntiaretque
597 415 660 435 mox
683 407 811 435 adfutura
838 407 905 435 satis
930 407 1020 434 valida

231 456 343 487 auxilia,
363 463 422 490 qua:
441 455 514 490 ipsos
531 455 683 482 discrimini
702 454 851 489 eriperent.
873 453 899 480 ls
915 454 1020 488 legatus

231 501 257 527 in
274 501 362 528 reditu
379 501 413 527 ab
434 500 560 528 hostibus
584 504 627 528 est
649 504 756 534 captus.
783 499 868 534 Eique
884 493 1020 526 Soldanus

231 546 264 573 ad
283 555 312 574 se
328 547 456 579 adducto,
487 546 568 580 Optio
580 546 628 574 tibi
644 567 652 579 ,
671 545 776 580 inquit,
802 545 883 572 datur
900 553 906 571 :
933 543 1020 578 delige

230 593 303 627 quod
321 597 362 621 est
380 593 489 620 melius.
510 592 538 619 Si
553 594 646 620 salvus
663 599 724 619 esse
744 592 785 619 vis
805 591 964 626 magnisque
981 591 1020 616 ar-

229 639 272 666 iici
288 639 378 671 donis,
397 639 440 666 die
456 639 490 666 iis
502 638 547 673 qui
559 642 586 665 te
601 637 742 670 miserant,
762 637 890 664 omnibus
906 636 1019 663 audien-

229 685 313 718 tibus,
335 685 486 720 denegasse
505 684 695 718 imperatorem
713 683 866 710 Bomanum
887 683 921 710 iis
940 683 1019 710 auxi-

228 731 265 758 lia
291 739 298 758 :
324 731 365 758 sin
383 738 477 758 verum
496 729 677 762 renuntiabis,
709 729 782 756 illico
809 729 920 764 peribis.
949 729 1017 756 Pro-

227 777 311 804 mittit
325 778 432 812 legatus
453 784 482 804 se
505 776 638 803 facturum
658 776 729 810 quod
749 777 870 810 jusserat
888 783 1016 809 ameras;

228 828 256 850 et
275 831 336 849 cum
357 822 391 850 ad
406 822 510 857 sagitta:
528 821 598 849 ictus
618 822 734 856 spatium
753 821 786 849 ad
805 822 904 850 ιιιοειιίίι
922 830 1019 850 acces-

229 869 345 901 sissent,
376 868 479 903 priinos
508 868 585 895 urbis
609 869 719 903 prodire
743 868 874 903 postulat.
911 869 963 902 Qui
989 874 1018 896 ut

1071 325 1116 343 ται
1134 314 1376 350 ὄιαπρεσὸεύονται
1395 313 1463 348 πρὸς
1481 314 1526 339 τὸν
1544 313 1633 347 ρἧα,
1651 313 1816 346 συγγνώμην
1831 319 1864 337 τε

1071 361 1120 396 τῆς
1135 360 1290 396 ἁμαρτάδος
1306 359 1447 390 αἰτοῦντες
1464 359 1512 385 καὶ
1527 357 1685 393 συμμαχίαν
1702 357 1862 391 ζητοῦντες.

1078 407 1158 434 Ἀλλὰ
1175 407 1233 440 μεθ’
1244 406 1350 441 ὕϐρεως
1364 405 1585 440 ἁποπέμπονται,
1602 404 1754 440 ἐπιχαίρειν
1768 406 1863 431 εἰπόν-

1071 462 1116 485 τος
1130 454 1163 488 τῇ
1179 453 1301 488 ἀπωλείᾳ
1316 452 1416 479 αὐτῶν.
1432 452 1595 486 Ἀπρὰκτων
1610 451 1638 478 δὲ
1653 451 1709 478 τῶν
1723 451 1862 486 πρεσϐευ-

1071 499 1125 525 τῶν
1139 497 1402 534 ἑπαναστρεψάντων
1415 496 1627 532 διαπορούμενοι
1641 498 1687 522 καὶ
1702 496 1739 531 μὴ
1754 496 1864 531 ἔχοντες

1070 545 1085 572 ὃ
1097 553 1122 571 τι
1139 546 1185 570 καὶ
1199 544 1338 579 δράσειαν,
1353 542 1447 574 δεινῶς
1461 543 1492 569 δὲ
1507 543 1664 576 πιεζόμενοι
1679 543 1726 569 καὶ
1740 543 1799 574 ταῖς
1812 542 1863 576 τῆς

1071 590 1230 625 πολιορκίας
1243 590 1387 623 ἀνάγκαις,
1403 588 1556 615 στέλλουσιν
1566 588 1680 623 ἄγγελον
1693 588 1761 622 πρὸς
1779 588 1863 614 Βασί-

1070 636 1142 663 λειον
1156 637 1201 663 τὸν
1219 635 1331 671 βασιλέα
1344 635 1499 671 Ῥωμαίων,
1517 634 1645 670 βοήθειαν
1660 634 1860 669 ἐξαιτούμενοι.

1070 680 1155 715 Οὗτος
1172 683 1199 709 δὲ
1216 683 1266 718 τὴν
1282 681 1430 718 πρεσὸεἰαν
1445 681 1592 716 δεξάμενος
1610 681 1707 707 θᾶττον
1722 681 1862 714 ἐκπέμπει

1069 729 1115 755 τὸν
1137 728 1319 764 πρεσϐευτὴν,
1344 727 1455 763 θαρρεῖν
1478 727 1708 762 παρεγγυήσοντα
1731 725 1768 758 ὡς
1791 726 1862 760 μετὰ

1071 775 1168 810 μικρὸν
1188 774 1250 810 ἥξει
1271 782 1301 800 τε
1324 773 1416 805 αὐτοῖς
1437 773 1588 808 ἀποχρῶσα
1611 772 1722 807 βοήθεια
1744 773 1790 798 καὶ
1811 772 1862 807 τῆς

1069 821 1193 855 ἀνάγκης
1213 820 1311 851 αὐτοὺς
1331 819 1473 851 ἐξελεὴαι.
1489 818 1678 854 Ὑποστρέψας
1697 815 1742 845 οὖν
1759 819 1774 844 ὀ
1795 827 1863 854 πρε-

1071 866 1188 902 σσευτής
1212 865 1383 901 αἰχμάλωτος
1409 866 1520 899 ἐγένετο
1540 865 1595 896 τοῖς
1618 863 1742 900 ἐχθροῖς·
1764 865 1794 891 ὃν
1814 867 1862 892 καὶ

228 918 329 949 praesto
341 913 460 946 fuerunt,
484 913 524 942 sic
539 921 586 942 eos
611 915 755 949 compellat
771 922 778 940 :
797 914 917 942 Tametsi
937 915 1014 947 mihi,

1070 912 1316 948 παραστησάμενος
1329 911 1343 937 ὁ
1357 911 1496 942 Σολδάνος,
1511 920 1521 937 ι
1536 911 1624 943 Δυοῖν,
1635 910 1697 945 ἔφη,
1711 910 1862 946 προκειμι-

228 966 245 986 ο
265 964 366 994 patres,
390 964 465 987 certa
488 967 562 986 mors
586 959 723 994 impendet
745 960 906 995 gladiusque
923 960 956 987 ad
972 961 1016 995 ju-

227 1005 320 1040 gulum
336 1009 387 1036 est,
409 1013 462 1032 non
479 1009 568 1032 tamen
585 1005 679 1033 celabo
694 1006 847 1039 veritatem,
865 1010 891 1034 et
909 1014 974 1041 rogo
988 1011 1017 1033 ut

227 1050 306 1077 ukori
321 1050 470 1084 liberisque
487 1051 554 1078 meis
571 1050 686 1086 gratiam
709 1050 845 1079 referatis.
872 1051 927 1087 Ego
940 1072 946 1083 ,
966 1052 1016 1079 do-

227 1095 305 1127 mini,
322 1103 477 1130 quanquam
493 1103 566 1122 nune
581 1096 608 1123 in
627 1095 754 1123 manibus
773 1097 892 1124 hostium
911 1096 1016 1132 1025

227 1149 306 1174 sum,
325 1142 488 1177 legationem
505 1149 592 1169 meam
617 1141 740 1174 conieci,
761 1147 788 1170 et
804 1150 866 1170 mox
892 1143 977 1171 aderit
1002 1152 1016 1170 a

227 1187 351 1215 Romano
365 1187 479 1217 missum
497 1189 660 1223 imperatore
679 1188 822 1216 auxilium.
841 1189 935 1224 Itaque
948 1193 1018 1217 state

227 1233 334 1260 fortiter
349 1242 356 1262 :
370 1234 444 1260 venit
458 1234 531 1261 enim
547 1234 593 1269 qui
609 1237 638 1261 ut
652 1241 707 1261 non
719 1241 772 1266 me,
788 1241 836 1262 vos
851 1235 948 1262 saltem
967 1236 1020 1262 eri-

227 1279 291 1313 piet.
312 1278 374 1306 limo
403 1278 487 1306 fatum
512 1280 587 1307 Illico
614 1280 730 1308 ministri
752 1278 862 1308 Soidani
878 1280 976 1316 gladiis
992 1282 1019 1308 in

226 1327 323 1361 exigua
339 1326 425 1354 frusta
441 1327 621 1354 disoidcrunt.
638 1327 774 1355 Soldanus
790 1332 879 1355 autem
894 1333 1020 1356 metuens

226 1373 278 1400 sibi
296 1373 332 1400 ab
347 1373 520 1409 imperatoris
532 1394 540 1407 ,
559 1373 688 1408 quoniam
703 1381 765 1400 eum
786 1374 937 1401 missurum
954 1382 1020 1410 cog-

227 1423 358 1453 noverat,
388 1420 508 1447 exercitu
532 1420 620 1447 soluta
637 1419 779 1447 obsidione
795 1418 906 1446 domum
928 1420 1018 1448 rediit.

225 1466 326 1500 Capua:
338 1471 365 1493 et
381 1466 535 1494 Benevento
550 1466 650 1494 exinde
664 1466 780 1495 societas
800 1474 832 1494 ac
850 1465 939 1494 foedus
954 1473 1018 1493 eum

227 1510 351 1538 lloinano
370 1512 534 1546 imperatore
553 1511 614 1539 iuit.

1070 967 1125 986 νοιν
1142 959 1212 986 ὁδοίν
1228 958 1317 990 ἒξεστί
1338 966 1378 984 σοι
1395 957 1444 992 τὴν
1460 957 1675 992 ὠφελιμωτέραν
1692 957 1811 984 ἑλέσθαι.
1829 957 1861 984 Εἰ

1071 1005 1120 1039 μὲν
1137 1004 1192 1039 γὰρ
1210 1004 1296 1036 θέλεις
1312 1004 1360 1039 τὴν
1376 1002 1474 1030 ἑαυτοῦ
1493 1002 1631 1038 σωτηρίαν
1646 1003 1756 1038 δωρεῶν
1769 1011 1800 1030 τε
1814 1012 1862 1030 τυ-

1069 1051 1127 1085 χεῖν
1144 1051 1192 1077 καὶ
1211 1051 1331 1085 χαρίτων
1351 1049 1466 1081 πολλῶν,
1484 1049 1601 1084 λάλησον
1620 1051 1689 1084 πρὸς
1706 1050 1769 1081 τοὺς
1789 1050 1864 1085 πέμ-

1065 1098 1170 1131 ψαντας
1179 1098 1206 1124 ὲν
1215 1097 1337 1133 ἐπηκόῳ.
1346 1097 1384 1128 ὡς
1397 1096 1547 1132 ἀπείρηται
1559 1096 1598 1132 τῷ
1608 1096 1712 1132 βασιλεί
1719 1096 1862 1131 Ῥωμαίου

1068 1145 1084 1179 ή
1102 1144 1170 1180 πρὸς
1187 1144 1260 1179 ὑμᾶς
1276 1145 1435 1179 συμμαχία,
1452 1144 1500 1170 καὶ
1515 1143 1625 1178 σωθήσῃ
1639 1151 1646 1158 ·
1662 1142 1716 1170 τῶν
1731 1143 1753 1170 δ’
1764 1142 1862 1178 ἀληθι-

1068 1191 1121 1216 νῶν
1133 1190 1306 1224 ἐπαγγελιῶν
1318 1190 1440 1225 ἐχομένῳ
1454 1198 1495 1216 σοι
1509 1189 1606 1224 ἕψεται
1616 1189 1766 1224 ταχύτατος
1779 1189 1863 1216 θάνα-

1067 1245 1124 1268 τος.
1148 1245 1158 1262 ι
1181 1236 1236 1262 Τοῦ
1257 1236 1279 1262 δ’
1292 1235 1492 1271 ἀγγελιαφόροι)
1517 1236 1680 1270 συνθεμένου
1701 1236 1732 1263 τδ
1753 1235 1861 1270 θέλημα

1070 1284 1180 1319 ποιῆσαι
1193 1283 1240 1310 τοῦ
1255 1284 1362 1319 ἀμηρᾶ,
1376 1284 1438 1310 ἐπεὶ
1452 1284 1489 1316 ὡς
1502 1284 1555 1310 ἀπὸ
1569 1283 1645 1316 τόξου
1662 1283 1744 1318 βολῆς
1755 1283 1795 1319 τῷ
1807 1284 1860 1310 tat—

1070 1338 1112 1365 χει
1128 1331 1329 1365 προσήγγισαν,
1344 1330 1407 1362 τοὺς
1420 1330 1546 1365 πρώτους
1560 1330 1573 1356 ὁ
1587 1329 1758 1365 πρεσϐευτὴς
1773 1338 1863 1365 παρα-

1068 1376 1195 1410 γενέσθαι
1213 1376 1264 1411 τῆς
1285 1377 1388 1408 πόλεως
1409 1376 1570 1411 ἐξῃτήσατο.
1589 1375 1638 1412 [Ρ.
1654 1375 1724 1411 580]
1754 1375 1808 1402 Καὶ
1829 1375 1862 1410 δὴ

1069 1422 1310 1457 παραγενομένων,
1320 1422 1449 1449 τοιούτων
1457 1421 1525 1457 πρὸς
1536 1421 1636 1452 αὐτοὺς
1646 1421 1748 1456 ἡρξατο
1758 1421 1845 1455 λόγων
1852 1429 1861 1437 ·

1072 1478 1081 1494 ι
1101 1469 1131 1496 Εἰ
1147 1470 1193 1495 καὶ
1208 1469 1341 1504 πρόδηλός
1357 1478 1404 1504 μοι
1419 1468 1548 1503 τυγχάνει
1562 1469 1576 1495 ὁ
1592 1468 1723 1500 θάνατος,
1737 1465 1759 1493 ὦ
1775 1467 1861 1494 πατέο

1073 1522 1128 1548 ρες,
1146 1514 1193 1541 καὶ
1208 1513 1240 1540 τὸ
1257 1513 1332 1548 ξίφος
1349 1515 1379 1540 ἐν
1395 1514 1428 1548 τῇ
1447 1514 1548 1547 σφαγῇ,
1566 1512 1624 1540 ἀλλ’
1637 1513 1711 1548 ὅμως
1728 1512 1777 1538 οὐκ
1794 1513 1862 1539 ἀπο-

227 1557 367 1592 κρύψομαι
382 1559 431 1594 τὴν
448 1561 587 1596 ἀλήθειαν.
605 1562 677 1588 Αἱτῶ
694 1562 722 1589 δὲ
740 1562 887 1589 ἀποδοῦναί
907 1570 951 1596 μοι
968 1559 1017 1594 τὴν
1035 1560 1116 1596 χάριν
1128 1561 1168 1591 εἰς
1179 1561 1214 1586 τὰ
1227 1561 1282 1595 ἐμὰ
1295 1560 1394 1594 ἔκγονα
1409 1559 1457 1586 καὶ
1468 1559 1517 1595 τὴν
1530 1559 1665 1587 σύνευνον.
1697 1560 1767 1594 Ἐγὼ
1795 1560 1860 1594 γὰμ,

225 1598 249 1628 ὦ
268 1602 357 1638 κύριοί
376 1613 426 1639 μου
436 1625 443 1637 ,
462 1607 486 1632 εί
503 1607 550 1632 καὶ
565 1607 624 1638 ταῖς
639 1607 694 1634 τῶν
727 1607 865 1642 πολεμίων
898 1605 1050 1640 κατέχομαι
1069 1605 1175 1640 χερσὶν,
1189 1605 1259 1632 ἀλλά
1273 1614 1304 1639 γε
1318 1605 1368 1638 τὴν
1382 1605 1529 1641 πρεσϐείαν
1546 1614 1596 1640 μου
1611 1604 1799 1641 ὲξεπλήρωσα,
1814 1606 1863 1632 καὶ

227 1649 366 1684 συντόμως
379 1650 557 1686 προσδέχεσθε
570 1651 618 1687 τὴν
630 1653 661 1678 ἐκ
672 1652 718 1678 τοῦ
732 1652 864 1686 βασιλέως
875 1651 929 1677 τῶν
947 1651 1091 1685 Ῥωμαίων
1107 1650 1244 1685 βοήθειαν.
1258 1650 1305 1676 Διὸ
1321 1650 1403 1685 στῆτε
1439 1650 1570 1685 γενναίως
1580 1658 1587 1664 ·
1619 1650 1729 1686 ἔρχεται
1763 1651 1818 1686 γὰρ
1847 1651 1863 1677 ὁ

227 1695 359 1730 ῥυὸμενος
375 1697 457 1731 ὑμᾶς,
472 1697 496 1723 εί
512 1696 559 1723 καὶ
575 1696 613 1732 μὴ
628 1697 688 1732 ἐμέ.
708 1707 717 1722 ι
733 1695 817 1728 Οὗτος
834 1697 882 1732 μὲν
895 1695 941 1722 οὖν
954 1696 1073 1722 τοσαῦτα
1093 1695 1141 1722 καὶ
1174 1695 1284 1722 τοιαῦτα
1307 1695 1390 1722 εἰπὼν
1407 1695 1507 1727 εὐθέως
1543 1695 1595 1722 ὑπὸ
1629 1696 1683 1723 τῶν
1717 1697 1862 1732 ὑπηρετῶν

225 1744 272 1768 τοῦ
288 1742 419 1769 Σολδάνου
432 1744 488 1774 τοῖς
504 1742 610 1776 ξίφεσιν
622 1743 662 1774 είς
694 1744 780 1778 μικρὰ
816 1743 886 1778 μέρη
903 1742 950 1769 καὶ
966 1743 1049 1777 μόρια
1067 1741 1227 1777 κατετμήθη
1240 1749 1246 1757 ’
1260 1743 1274 1768 ὁ
1286 1741 1415 1772 Σολδάνος
1428 1741 1456 1767 δὲ
1468 1741 1518 1777 τὴν
1531 1742 1564 1768 ὲκ
1577 1741 1624 1768 τοῦ
1641 1742 1772 1777 βασιλέως
1787 1744 1862 1771 ἐλευ-

227 1792 343 1826 σομὲνην
364 1790 489 1826 βοήθειαν
510 1791 669 1826 ὀρρωδήσας
688 1790 767 1817 ἔλυσε
787 1790 836 1826 τὴν
857 1790 1016 1826 πολιορκίαν
1033 1790 1079 1816 καὶ
1099 1789 1192 1816 οἴκαδε
1215 1789 1405 1825 ὑπεχώρησεν.
1423 1789 1456 1816 At
1477 1789 1506 1816 δὲ
1526 1790 1670 1827 εἰρημέναι
1710 1791 1800 1824 πόλεις
1831 1797 1863 1819 το

224 1835 279 1864 ἀπὸ
293 1838 369 1865 τοῦδε
386 1837 539 1864 διετέλεσαν
557 1837 632 1870 φίλαι
649 1838 696 1864 καὶ
714 1838 852 1872 σύμμαχοι
871 1836 1041 1864 καθεστῶσαι
1055 1836 1210 1870 ἰ’ωμαίοις.

260 1886 339 1915 Circa
351 1887 401 1914 hoc
412 1891 519 1922 tempus
533 1885 631 1913 Esman
645 1885 723 1913 Tarsi
737 1893 854 1917 ameras,
873 1885 1014 1920 superiore

1101 1883 1180 1910 Κατὰ
1194 1883 1290 1911 τοῦτον
1306 1885 1352 1911 τὸν
1368 1884 1464 1919 χρόνον
1479 1884 1524 1910 καὶ
1540 1883 1644 1919 Ἐσμὰν
1658 1885 1672 1911 ὁ
1687 1885 1736 1920 τῆς
1750 1879 1859 1921 Ταρσθὖ

224 1931 335 1960 inﬂatus
356 1931 486 1964 victoria,
504 1930 638 1962 maximas
663 1937 747 1958 naves
766 1930 876 1965 triginta
888 1950 895 1962 ,
919 1929 1016 1964 quales

228 1974 357 2003 Saraceni
382 1974 523 2009 cumparia
550 1978 659 2007 vocant,
685 1974 837 2006 adornavit,
867 1973 956 2008 iisque
972 1981 1018 2001 ur-

226 2021 289 2047 bem
306 2019 434 2054 Euripum
451 2019 538 2054 petiit.
554 2018 606 2046 Sed
623 2019 686 2054 quia
709 2019 761 2046 hoc
781 2018 942 2054 praeviderat
965 2019 1017 2046 im-

226 2071 347 2101 perator,
368 2065 645 2100 Grzecimjrazfectus
661 2064 802 2092 IEneiates
826 2064 909 2099 hujus
924 2065 1015 2100 jussu,

227 2114 360 2145 quartum
387 2109 463 2137 urbis
489 2109 614 2145 praesidio
641 2109 791 2142 sufficeret,
826 2110 956 2145 populum
982 2118 1017 2138 ex

228 2156 357 2184 universa
368 2155 471 2183 Graecia
481 2155 644 2188 introduxit,
664 2163 812 2191 murosque
824 2157 1018 2186 convenienter

227 2203 367 2236 munivit,
397 2202 503 2230 balistis
521 2207 549 2230 et
573 2210 640 2230 saxa
665 2203 858 2238 torquentibus
882 2203 1017 2232 machinis

227 2249 377 2283 adornatis,
406 2249 573 2284 omninoque
588 2248 657 2276 nihil
672 2257 766 2277 eorum
789 2257 848 2284 qua:
863 2249 897 2276 ad
913 2257 1017 2284 oppug-

226 2296 363 2323 nationem
376 2295 573 2331 profligandam
590 2295 692 2324 faciunt
706 2296 834 2331 neglexit.
852 2295 888 2324 Ut
901 2296 1017 2323 Tarsen-

226 2342 298 2369 sium
315 2341 412 2370 classis
427 2341 542 2377 appulit,
567 2345 594 2369 et
614 2343 702 2370 muris
717 2343 941 2378 appropinquans
957 2350 1016 2370 crc-

225 2388 284 2415 bris
296 2388 411 2415 telorum
431 2388 538 2423 1026
556 2387 726 2423 conjectibus
746 2389 878 2424 repellere
900 2397 948 2417 eos
969 2389 1015 2424 qui

225 2442 319 2461 muros
338 2433 484 2461 tuebantur
501 2433 627 2466 intendit,
651 2433 700 2466 ibi,
728 2434 774 2469 qui
791 2434 884 2469 Euripi
902 2434 929 2462 in
946 2442 1017 2469 prat-

225 2480 297 2508 sidio
318 2485 407 2512 erant,
430 2479 514 2507 animi
531 2479 629 2508 robore
653 2480 767 2516 impleti,
794 2481 930 2508 machinis
951 2488 1017 2508 saxa

223 2526 411 2561 iaculantibus
426 2530 454 2554 et
469 2526 575 2554 balistis
593 2531 675 2562 atque
691 2527 811 2555 arcubus
826 2527 1016 2563 lapidibusque

1068 1930 1193 1964 ἀμηρᾶς,
1208 1931 1241 1966 τῇ
1259 1930 1478 1966 προηγησαμένῃ
1491 1931 1671 1966 ἐπαιρόμενος
1686 1931 1763 1967 νίκῃ,
1781 1931 1860 1967 τριά-

1068 1984 1150 2002 κοντα
1164 1975 1243 2002 πλοῖα
1256 1976 1312 2011 (9'5)
1326 1976 1441 2011 μέγιστα
1457 1976 1676 2012 ὲξαρτυσάμενος
1689 1977 1861 2012 (κουμπάρια

1067 2021 1154 2048 ταῦτα
1169 2022 1261 2048 καλεῖν
1275 2021 1402 2049 εἰώθασιν
1415 2022 1439 2048 οἱ
1454 2022 1618 2058 Σαρακηνοὶ)
1632 2023 1664 2057 τῇ
1682 2023 1757 2049 πόλει
1772 2023 1860 2050 ἐπιτί-

1068 2067 1142 2094 θεται
1160 2067 1208 2094 τοῦ
1228 2067 1361 2104 Εὐρίπου.
1383 2068 1552 2103 Προγνόντος
1571 2068 1599 2095 δὲ
1616 2069 1697 2095 τοῦτο
1713 2069 1760 2095 τοῦ
1781 2069 1860 2104 βασι-

1067 2111 1144 2144 λέως,
1163 2113 1178 2139 ὁ
1196 2113 1348 2147 στρατηγὸς
1367 2113 1417 2147 τῆς
1431 2112 1555 2144 Ἑλλάδος
1576 2112 1601 2148 (ὁ
1621 2113 1763 2149 Οἰνειάτης
1781 2110 1859 2146 οὗτος

1065 2156 1111 2194 ἦν)
1132 2158 1255 2184 κελεύσει
1278 2158 1404 2193 βασιλικῇ
1425 2157 1471 2184 τὸν
1495 2158 1587 2185 ἱκανὸν
1605 2159 1645 2191 είς
1668 2159 1790 2195 φυλακὴν
1808 2160 1859 2194 τῆς

1067 2204 1171 2236 πόλεως
1188 2203 1251 2231 λαὸν
1268 2204 1323 2230 ἀπὸ
1340 2203 1431 2239 πάσης
1447 2203 1571 2235 Ἑλλάδος
1588 2204 1719 2240 είσήγαγε
1738 2205 1786 2231 καὶ
1802 2207 1859 2236 τοῖς

1067 2249 1169 2285 τείχεσι
1181 2250 1229 2284 τὴν
1242 2249 1434 2285 προσήκουσαν
1448 2250 1626 2285 παρασκευὴν
1640 2251 1858 2284 προσηνέγκατο,

1068 2296 1220 2331 πετροϐὁλα
1230 2304 1261 2322 τε
1272 2296 1375 2331 ὄργανα
1387 2296 1434 2323 καὶ
1445 2296 1574 2329 τοξοὸόλα
1586 2297 1798 2332 τεκτηνάμενος,
1811 2298 1860 2325 καὶ

1066 2342 1144 2377 ἁπλῷ
1160 2341 1232 2377 λόγῳ
1249 2342 1334 2377 μηδὲν
1348 2342 1402 2368 τῶν
1416 2343 1574 2378 δυναμένων
1588 2343 1735 2370 ἀποσοϐεῖν
1749 2344 1859 2380 πολιορ-

1066 2389 1128 2415 κίαν
1144 2388 1320 2423 ἀμυντηρίων
1334 2387 1485 2415 ἀπολιπών.
1503 2388 1579 2415 Ἐπεὶ
1592 2389 1620 2415 δὲ
1634 2389 1769 2417 κατέλαϐε
1784 2391 1831 2417 καὶ
1845 2392 1860 2417 6

1067 2434 1120 2460 τῶν
1135 2433 1264 2469 Ταρσέων
1281 2434 1388 2466 στόλος,
1404 2434 1451 2461 καὶ
1466 2436 1521 2465 τοῖς
1536 2435 1655 2469 τείχεσιν
1670 2435 1720 2470 ἥδη
1738 2437 1860 2471 προσήγ-

1066 2479 1136 2514 γιζε,
1155 2480 1204 2507 καὶ
1224 2479 1308 2514 βελῶν
1325 2480 1422 2513 ἀφέσει
1444 2479 1548 2515 συχνῶν
1564 2480 1739 2507 ἀναστέλλειν
1757 2482 1859 2516 ἠγωνί-

1069 2525 1130 2557 ζετο
1147 2525 1209 2556 τοὺς
1227 2525 1281 2552 ἀπὸ
1298 2525 1352 2551 τῶν
1367 2525 1464 2560 τειχῶν
1480 2525 1686 2560 ἀμυνομένους,
1706 2527 1792 2562 θυμοῦ
1811 2528 1859 2554 καὶ

226 2580 309 2598 manu
328 2571 468 2599 mittendis
489 2571 526 2598 ita
546 2580 595 2606 pro
615 2572 682 2600 urbe
705 2577 956 2607 propugnavcrunt,
985 2576 1015 2600 ut

1070 2571 1220 2606 προθυμίας
1246 2571 1360 2606 πλήρεις
1382 2573 1407 2598 οι
1427 2571 1475 2597 τοῦ
1498 2571 1619 2606 Εὐρίπου
1640 2573 1782 2607 γενόμενοι
1801 2576 1858 2606 τοῖς

225 2617 372 2644 identidem
385 2617 484 2646 multos
499 2617 683 2645 Barbarorum
697 2617 848 2652 dejecerint
861 2627 868 2651 ;
882 2623 1016 2653 ventoque

227 2663 350 2690 secundo
364 2662 519 2696 observato,
535 2671 600 2691 suas
617 2663 743 2690 triremes
759 2663 785 2690 in
799 2664 906 2691 hostem
925 2664 1015 2691 innui-

227 2716 334 2745 serunt,
352 2713 506 2747 multasque
528 2712 647 2739 hostium
663 2719 746 2739 naves
760 2711 854 2738 Graeco
868 2711 923 2746 igni
940 2719 1014 2739 com~

227 2758 385 2786 lmsserunt.
403 2758 442 2786 0b
457 2766 518 2793 qure
532 2759 623 2785 animo
642 2763 762 2786 aestuans
778 2758 891 2791 Esman,
911 2766 1015 2793 gnarus

226 2803 334 2831 interim
362 2803 462 2831 multos
485 2803 606 2838 pecunize
630 2804 779 2839 cupidztate
806 2808 922 2831 mortem
950 2812 1015 2832 con-

1065 2618 1239 2652 πετροϐόλοις
1252 2618 1306 2644 τῶν
1319 2617 1443 2652 ὀργάνων
1457 2618 1503 2644 καὶ
1515 2619 1571 2649 τοῖς
1587 2620 1798 2651 καταπελτικοῖς
1811 2620 1858 2655 βέ-

1064 2664 1122 2690 λεσι
1143 2665 1191 2691 καὶ
1209 2665 1265 2696 τοῖς
1284 2664 1370 2696 τόξοις
1391 2665 1438 2690 καὶ
1456 2665 1512 2696 τοῖς
1533 2665 1566 2690 ὲκ
1583 2665 1637 2691 τῶν
1654 2666 1755 2701 χειρῶν
1772 2666 1857 2698 λίθὸις

1065 2711 1119 2737 ἀπὸ
1130 2710 1184 2737 τῶν
1196 2710 1293 2745 τειχῶν
1306 2710 1438 2744 γενναίως
1452 2710 1597 2745 ἠμύνοντο,
1611 2713 1659 2738 καὶ
1674 2714 1788 2747 συχνοὺς
1800 2714 1856 2740 τῶν

1065 2757 1216 2792 Βαρϐάρων
1237 2757 1298 2783 καθ’
1311 2757 1430 2790 ἑκάστην
1453 2757 1607 2792 ἀνήλισκον.
1623 2758 1854 2793 Ἐπιτηρήσαντες

1066 2803 1093 2830 δὲ
1107 2804 1154 2830 καὶ
1168 2803 1276 2838 πνεῦμα
1291 2804 1419 2838 ἐπίφορον
1433 2803 1598 2837 inet-9:57.16:
1614 2804 1663 2836 τὰς
1678 2805 1782 2832 ἑαυτῶν
1795 2815 1853 2842 τρι-

789 2862 964 2890 ΧΥῑιᾹΝυΙΗ
981 2863 1023 2889 ΕΤ
1045 2862 1148 2890 GO.\I‘\I
1168 2862 1283 2890 NOT;E.

277 2909 332 2944 (93)
352 2910 373 2936 Α
389 2909 534 2938 Saracenis
558 2914 652 2937 vocata
682 2909 856 2944 κονμπὶρια,
879 2909 975 2945 inquit,
990 2917 1017 2936 au

1072 2909 1184 2936 [etins'i
1199 2910 1230 2943 δή
1246 2908 1344 2943 γαλὲχς
1367 2908 1562 2942 κατονομάζειν
1586 2907 1706 2935 εἰώθασι.
1723 2907 1808 2935 Cum.
