2046 3149
234 192 304 228 ΗΒῙ

864 194 1024 224 GEORGII
1041 194 1207 225 CEDRENI

1789 190 1856 222 1152

235 261 298 280 mue
312 252 346 280 ad
361 252 479 280 Imbrum
494 252 622 288 applicat.
639 251 678 279 Ac
694 251 870 278 Samothraca
881 258 1020 287 superata,

1078 253 1197 287 χειρίσας
1214 252 1328 287 δύναμιν
1347 252 1416 279 κατὰ
1431 251 1478 278 τοῦ
1504 251 1665 287 Τριπολίτου
1686 248 1856 276 ἀπέστειλεν,

234 298 330 326 hostes
338 297 421 325 Thasi
435 305 498 325 eum
515 298 629 325 sentiret
645 305 729 324 nares
743 298 770 324 in
787 298 906 325 statione
921 297 1022 325 habere

235 345 412 372 multitudine
426 349 452 371 et
465 345 606 371 alacritate
619 345 677 371 suis
697 344 862 378 superiores,
875 351 907 371 ne
923 351 1021 378 appro-

236 391 369 424 pinquare
388 390 497 424 quidem
525 390 558 416 iis
584 397 667 416 ausus
692 393 742 417 ρει.
760 389 906 424 Τιτίροῐίῐοε
932 394 1021 415 ειιιιιιι

235 439 307 461 retro
322 441 435 461 aversus
453 434 674 461 Thessalonicam
692 439 839 469 expugnat,
854 434 1023 468 deprehenso

234 480 261 507 in
279 487 310 506 ea
334 480 416 506 etiam
434 478 523 506 Leone
539 479 678 514 praefecto,
702 480 745 507 cui
768 479 954 507 Chalzilacius
976 488 1022 507 co-

233 529 431 560 gnomentum;
448 525 619 559 multumque
640 525 676 552 ibi
699 525 842 560 sanguinis
858 526 932 557 facit,
955 526 1024 552 mul-

233 575 333 604 tosque
349 570 471 604 captivos
497 569 618 596 abducit.
637 569 717 597 Forte
733 571 844 605 quidam
855 570 888 596 de
905 570 1022 597 cubicu-

236 617 325 648 lariis,
342 616 451 642 nomine
470 614 689 651 Rhodophyllus.
707 616 872 643 necessaria:
887 616 926 642 rei
941 623 1023 642 causa

234 662 262 689 in
281 660 402 688 Siciliam
432 662 532 688 missus
547 669 609 688 cum
633 661 681 688 100
697 661 757 688 auri
773 661 860 693 libris,
881 661 908 687 in
926 660 1023 687 itinere

235 708 331 735 morbo
363 712 506 741 correptus
548 707 772 735 Thessalonicam
812 715 842 734 se
870 707 1023 733 contulerat

236 745 341 788 1063
363 753 477 780 curandi
495 753 618 787 corporis
639 760 732 779 causa.
749 752 816 779 Eum
835 753 966 787 Tripolita
986 753 1022 778 ibi

234 803 292 826 tum
314 803 436 833 captum,
455 799 514 833 ejus
537 799 596 825 auri
621 806 702 825 causa
721 799 766 825 diu
786 802 899 830 tortum,
916 806 975 825 eum
995 806 1024 825 se

235 845 385 880 quidquam
407 845 508 872 habere
524 849 694 879 pernegaret,
711 845 828 871 ncCavit.
847 844 879 870 Et
894 852 958 871 vero
973 852 1023 870 au-

235 899 296 918 rum
315 891 341 917 in
359 891 455 917 itinere
476 889 683 924 Rhudophyllus
707 890 866 924 reliquerat,
884 890 964 924 idque
981 889 1020 920 Si-

237 944 316 963 Incon
338 936 504 963 sccretarius
520 944 550 963 ea
574 935 710 962 transiens
739 937 898 962 sustulerat.
916 934 965 961 Hic
981 934 1023 961 Si-

237 990 316 1009 mcon
331 982 492 1017 Tripolitani
513 982 590 1009 urbis
606 982 778 1009 eversionem
806 982 899 1008 animo
918 980 1023 1015 agitan-

237 1033 290 1056 tem
308 1028 431 1056 hortatus
455 1032 497 1056 est
525 1033 554 1055 ut
577 1028 684 1055 excidio
711 1028 962 1062 abstinereteoquc
978 1035 1024 1053 no-

237 1075 309 1102 mine
329 1083 424 1103 aurmn
447 1075 513 1102 illud
545 1074 697 1109 acciperet;
716 1081 748 1100 ac
778 1073 925 1108 persuasit.
943 1072 1020 1105 Quod

236 1120 373 1148 Simeouis
390 1120 489 1147 factum
512 1121 548 1147 ita
578 1124 686 1154 gratum
717 1119 768 1146 fuit
800 1119 971 1153 imperatori,
996 1121 1025 1144 ut

236 1172 297 1191 eum
317 1165 424 1199 patricii
444 1173 475 1191 ac
502 1163 642 1192 sccretarii
666 1163 789 1198 primarii
805 1163 936 1196 dignitate
964 1162 1026 1189 ideo

236 1215 426 1238 remuneratus
442 1211 487 1237 sit.
510 1209 660 1241 Himerius,
680 1209 791 1243 cognito
805 1216 818 1235 a
834 1208 1026 1235 Thessalonica

236 1255 402 1283 Sarracenos
434 1256 593 1288 recessisse,
613 1255 791 1289 inscqnendis
823 1254 856 1282 iis
881 1262 910 1282 se
938 1257 1026 1289 parat.

238 1299 337 1328 Verum
366 1302 392 1329 hi
422 1302 454 1328 ad
484 1302 595 1329 Cretam
614 1301 764 1336 appellunt,
782 1300 935 1336 praedaeque
950 1303 1026 1334 parte

238 1344 415 1373 Cretensibus
431 1346 494 1372 data
510 1347 661 1373 incolumes
683 1340 792 1373 d5mum
811 1346 934 1378 redeunt,
954 1346 1026 1372 otio-

238 1399 298 1418 sum
314 1390 409 1418 Lemni
427 1392 611 1427 relinquentes
628 1391 790 1419 Himerium.

1074 298 1103 330 ὃς
1117 298 1233 324 Ἀὃυδον
1244 297 1357 325 διελθὼν
1368 298 1415 324 καὶ
1429 298 1461 324 τὸ
1468 298 1578 330 Αἰγαῖον
1587 297 1701 330 πέλαγος
1714 295 1857 330 Στροϐήλῳ

1074 344 1264 378 προσορμίζει,
1281 342 1339 370 εἶτα
1355 345 1480 379 καταιρει
1497 344 1565 377 πρὸς
1585 343 1705 378 Ἵμερον,
1719 341 1859 376 Σαμοθρᾴ-

1074 397 1126 423 κην
1137 389 1165 415 δὲ
1180 390 1275 421 διαϐὰς
1288 390 1420 416 κατέλαὸε
1431 390 1494 421 τοὺς
1507 389 1653 424 πολεμίους
1662 387 1860 422 ναυλοχοῦνττς

1074 436 1103 461 ὲν
1118 435 1209 468 Θάσῳ.
1225 435 1297 470 Πλὴν
1311 436 1409 470 πλήθει
1421 444 1449 461 τε
1461 437 1507 462 καὶ
1524 435 1663 469 προθυμίᾳ
1678 433 1860 468 ὑπερέχοντας

1075 483 1174 514 αὐτοὺς
1196 482 1258 508 ίόὼν
1271 482 1332 509 οὐδὲ
1353 483 1503 518 πλησιάσαι
1516 483 1621 513 τούτοις
1631 480 1808 515 τετόλμηκεν.
1832 479 1861 504 ’0

1074 527 1102 554 δὲ
1131 527 1297 562 Τριπολίτης
1327 527 1529 562 ὀπισθόρμητος
1555 526 1677 561 γεγονὼς
1712 527 1760 552 καὶ
1790 524 1862 551 κατὰ

1074 572 1275 607 Θεσσαλονίκην
1290 573 1436 607 γενόμενος
1453 573 1553 609 ταύτην
1566 573 1758 607 ἐπολιόρκησε,
1771 579 1859 597 κατασ

1076 616 1221 650 σχεθέντος
1247 616 1294 643 καὶ
1309 618 1421 649 Λέοντος
1448 617 1495 644 τοῦ
1516 617 1668 653 στρατηγοῦ
1689 618 1718 643 ἐν
1744 617 1823 651 αὐτῇ,
1840 613 1862 650 ᾧ

1075 662 1255 693 Χατζιλάκιος
1266 663 1296 689 τὸ
1315 664 1471 699 ἐπώνυμον.
1495 664 1619 696 Ἐγένετο
1635 664 1662 690 δὲ
1685 663 1763 698 χύσις
1775 663 1860 696 αἱμά-

1074 716 1128 734 των
1147 708 1230 743 πολλὴ
1244 709 1290 735 καὶ
1307 709 1492 744 αίχμαλωσία.
1515 709 1691 744 Ῥοδόφυλλος
1707 709 1736 734 δέ
1747 717 1790 740 τις
1799 717 1863 734 κου-

1075 754 1245 790 6ικουλάριος
1263 755 1334 782 κατὰ
1349 764 1409 782 τινα
1425 756 1520 791 χρείαν
1544 757 1574 790 ἐν
1590 756 1701 791 Σικελίᾳ
1726 755 1863 790 πεμφθεὶς

1077 801 1147 834 μετὰ
1164 801 1276 835 χρυσίου
1303 802 1403 836 λιτρῶν
1419 802 1528 833 ἑκατὸν,
1550 802 1621 836 νόσῳ
1650 801 1808 835 περιπεσὼν
1834 802 1864 828 ἐν

1075 845 1259 882 Θεσσαλονίκῃ
1273 847 1398 880 εἰσῆλθεν
1415 847 1456 880 ἐφ’
1471 843 1492 881 ᾧ
1516 847 1676 881 ἐπιμελείας
1701 847 1862 880 ἀξιωθῆναι.

1076 891 1180 926 Ὅνπερ
1196 892 1339 926 κατασχὼν
1370 892 1384 917 ὸ
1410 893 1577 927 Τριπολίτης
1596 894 1644 918 καὶ
1677 893 1762 918 πολλὰ
1782 893 1864 927 βασα-

1074 936 1151 967 νίσας
1162 937 1206 962 διὰ
1223 937 1253 963 τὸ
1263 938 1374 972 χρυσίον
1393 939 1537 964 ἀπέκτεινε
1561 938 1645 972 μηδὲν
1664 938 1736 973 ἔχειν
1759 939 1863 973 ἰσχυρι-

1072 981 1203 1016 ζῦμενον·
1227 982 1306 1009 τοῦτο
1328 983 1383 1018 γὰρ
1400 983 1478 1018 ἔτυχε
1507 984 1667 1010 καταλιπὼν
1690 984 1719 1009 ὲν
1735 985 1768 1019 τῇ
1797 984 1862 1018 ὁδῷ,

1072 1027 1141 1061 ὅπερ
1156 1027 1268 1062 Συμεὼν
1287 1029 1441 1063 ἀσηκρῆτις
1456 1029 1630 1063 διερχόμενος
1650 1029 1780 1056 ἀνείλετο.
1809 1029 1864 1056 Καὶ

1072 1073 1120 1099 τοῦ
1138 1073 1301 1108 Τριπολίτου
1313 1074 1489 1109 βουληθέντος
1503 1075 1689 1109 καταστρέψαι
1702 1075 1751 1108 τὴν
1775 1075 1862 1108 πόλιν,

1075 1119 1217 1153 ὁΣυμεὼν
1232 1119 1325 1146 λαϐεῖν
1357 1120 1437 1146 αὑτὸν
1464 1120 1574 1154 χρυσίον
1600 1121 1719 1154 ἐμήνυσε
1739 1121 1786 1146 καὶ
1814 1120 1863 1154 τῆς

1077 1165 1273 1200 καταστροφῆς
1300 1166 1480 1200 ἀποσχέσθαι.
1499 1166 1542 1201 [Ρ.
1561 1165 1625 1201 601]
1643 1166 1674 1192 Ὂ
1689 1167 1736 1192 καὶ
1752 1167 1860 1199 γέγονε,

1077 1211 1124 1237 καὶ
1141 1210 1232 1236 λαϐὼν
1256 1211 1286 1236 τὸ
1302 1210 1415 1245 χρυσίον
1432 1211 1446 1237 ὁ
1469 1210 1637 1246 Τριπολίτης
1662 1211 1860 1246 ὑπενόστησεν.

1084 1256 1297 1291 Ἀποδεξάμενος
1313 1257 1341 1283 δὲ
1352 1257 1396 1282 τὸν
1408 1256 1520 1290 Συμεὼν
1540 1255 1587 1282 τοῦ
1607 1256 1688 1292 ἔργου
1706 1256 1720 1283 ὁ
1737 1256 1863 1291 βασιλεὺς

1078 1301 1221 1336 πατρίκιον
1248 1301 1296 1327 καὶ
1325 1301 1571 1336 πρωτοασηκρῆτιν
1596 1300 1692 1326 τοῦτον
1716 1301 1861 1335 τετίμηκε.

1080 1346 1236 1381 Πυθόμενος
1258 1346 1286 1372 δὲ
1314 1346 1362 1381 τὴν
1387 1345 1440 1372 τῶν
1462 1346 1628 1381 Σαρακηνῶν
1655 1346 1829 1381 ἀποστροφὴν
1848 1345 1863 1370 ὁ

1081 1391 1216 1426 ναύαρχος
1234 1391 1350 1426 Ἱμέριος
1364 1391 1431 1426 πρὸς
1445 1391 1494 1426 τὴν
1511 1392 1570 1417 κατ’
1587 1391 1678 1417 αὐτῶν
1692 1390 1865 1417 διανίσταται

237 1436 339 1469 δίωξιν.
353 1438 383 1464 0i
397 1437 425 1464 δὲ
440 1439 473 1472 τῇ
489 1439 586 1474 Κρήτῃ
596 1438 784 1472 προσίσχουσι,
802 1438 850 1464 καὶ
871 1437 1026 1472 ἀπόμοιραν
1041 1437 1132 1468 δόντες
1145 1438 1202 1468 τοῖς
1220 1437 1310 1472 Κρησὶ
1323 1436 1374 1469 τῆς
1387 1436 1462 1468 λείας
1489 1436 1617 1467 ἀϐλαϐεῖς
1643 1436 1734 1463 οἴκαδε
1759 1436 1858 1463 ἀπενό-

239 1491 351 1517 στησαν,
380 1483 519 1517 ἄπρακτον
545 1483 573 1508 ὲν
608 1483 711 1517 Λήμνῳ
747 1481 946 1513 καταλιπόντες
975 1482 1019 1508 τὸν
1044 1481 1171 1516 ’Ῑμέριον.

276 1530 432 1557 Secundum
444 1530 502 1557 haec
516 1531 666 1564 imperator
681 1531 750 1557 duos
767 1529 932 1557 fortissimos
944 1529 1028 1556 (luces
1041 1532 1062 1560 α

238 1576 267 1603 in
283 1576 423 1603 Orientem
441 1576 552 1608 emittit,
570 1575 740 1602 Eustathium
752 1576 846 1610 stirpis
858 1576 1024 1610 Argyrorum

239 1626 266 1649 et
281 1620 467 1648 Andronicum
484 1629 583 1656 genere
603 1621 714 1647 lineam.
732 1619 762 1646 Hi
780 1621 880 1648 multas
901 1620 934 1647 de
953 1620 1026 1655 Aga-

240 1666 313 1692 renis
333 1669 510 1699 reportarunt
533 1665 676 1691 victorias.
692 1664 827 1691 Caeterum
845 1664 988 1694 Samonas,
1005 1664 1026 1690 is

239 1719 320 1746 quem
336 1711 451 1738 insidias
465 1710 621 1744 imperatori
636 1709 774 1736 detexisse
794 1709 948 1742 docuimus,
964 1716 1026 1736 cum

239 1761 313 1784 esset
328 1756 397 1791 apud
415 1756 486 1782 hunc
507 1755 533 1782 in
548 1763 655 1782 sunnno
672 1755 784 1788 honore,
804 1754 937 1782 simulans
952 1762 982 1782 se
994 1755 1027 1782 ad

238 1803 435 1830 monasterium
454 1810 534 1829 suum
550 1802 634 1834 exire,
651 1800 771 1836 profugit
791 1809 853 1828 cum
868 1800 982 1836 pecunia
1000 1804 1028 1828 et

238 1849 328 1883 equis,
346 1856 378 1875 ac
389 1848 586 1882 dispositorum
599 1855 646 1882 per
661 1847 782 1882 singulas
794 1847 924 1874 stationes
940 1847 1028 1881 publi-

239 1901 336 1921 corum
356 1902 489 1928 equorum
510 1901 610 1920 nervos
634 1893 740 1920 incidit.
754 1892 810 1919 Leo
835 1893 919 1927 igitur
946 1892 1028 1919 mittit

241 1939 360 1973 quicum
378 1940 568 1974 insequantur,
584 1937 714 1965 Basilium
727 1937 844 1965 sodalitii
861 1937 1027 1973 prmfcctum,

240 1985 401 2020 cognomine
415 1985 590 2012 Caniaterum
601 1984 638 2018 (id
654 1988 694 2012 est
713 1984 891 2019 laboriosum)
907 1987 933 2011 ct
945 1982 1029 2010 Geor-

239 2031 314 2065 gium
335 2030 441 2066 1064
457 2030 606 2057 Crenitam.
627 2029 774 2056 Samonam
788 2029 844 2063 jam
872 2029 959 2064 Halyn
976 2028 1028 2055 ﬂu-

240 2076 314 2103 vium
325 2081 511 2102 transeuntem
529 2075 699 2110 Nicophorus
714 2075 843 2102 Caminas
864 2074 1028 2109 drungurius

240 2121 434 2156 deprehendit,
463 2128 494 2148 ac
522 2121 615 2148 multis
648 2125 814 2155 precantem,
832 2121 917 2147 multa
946 2121 1028 2147 etiam

241 2168 313 2195 dona
321 2172 350 2194 ιιι
359 2167 543 2194 dimitteretur
553 2167 756 2201 promittentem
766 2166 880 2194 detinet.
894 2167 1028 2201 Samonas

241 2219 303 2241 (itm
320 2213 477 2240 missionem
497 2219 553 2239 non
569 2212 741 2246 impetraret,
763 2212 908 2247 prattcndit
929 2219 957 2239 sc
971 2212 1027 2239 voti

240 2267 324 2286 causa
340 2259 371 2285 ad
393 2258 570 2285 Sirachanam
592 2265 703 2285 crucem
724 2258 872 2291 proﬁcisci.
894 2257 946 2284 Sed
965 2265 1028 2284 eum

240 2304 439 2331 Constantinus
460 2303 611 2330 Andronici
636 2302 717 2329 Ducas
735 2302 807 2330 [ilius
831 2302 1027 2336 superveniens

242 2358 335 2378 secum
356 2350 452 2385 Cpolin
479 2349 601 2376 abducit.
629 2348 684 2375 Leo
703 2347 851 2375 Samonam
879 2348 906 2374 in
934 2347 1028 2375 Barda:

240 2397 358 2425 Caesaris
375 2397 457 2424 domo
472 2396 498 2422 in
514 2395 639 2422 custodia
653 2395 788 2422 asservari
798 2395 884 2428 jubet.
895 2394 1029 2421 Constan-

242 2443 310 2476 tino,
328 2452 360 2471 ex
393 2451 447 2478 quo
471 2442 604 2470 didicerat
628 2447 706 2470 extra
735 2442 950 2469 controversiam
967 2449 1030 2469 esse

241 2490 313 2524 quod
332 2489 465 2516 Samonas
484 2488 510 2514 in
526 2487 681 2515 Melitenam
700 2487 873 2522 transfugere
890 2487 1029 2514 intendis-

242 2538 295 2566 set,
315 2535 427 2562 mandat
442 2534 481 2561 uti
497 2534 550 2561 hoc
579 2535 606 2560 in
623 2538 719 2560 senatu
738 2533 907 2566 dissimulet,
929 2538 956 2560 et
969 2541 1030 2560 eum

241 2580 383 2607 Sirae-ham
403 2581 456 2607 voti
471 2588 553 2608 causa
568 2579 704 2615 proﬁcisci
721 2579 841 2606 voluisse
857 2579 949 2606 dicat:
968 2585 1031 2605 nam

243 2627 349 2653 veniam
362 2626 508 2653 Samonam
520 2626 650 2661 consequi
663 2625 779 2653 volebat.
794 2624 928 2652 Postridie
935 2628 1030 2652 senatu

243 2671 376 2699 advocato
391 2671 602 2700 Constantinum
621 2673 648 2700 in
670 2672 788 2700 medium
810 2670 932 2703 adducit,
952 2670 1031 2704 jura-

244 2722 356 2753 tumque
373 2726 421 2754 per
435 2717 520 2745 Deum
534 2724 560 2746 et
580 2719 754 2753 imperatoris
769 2718 852 2745 vitam
867 2717 1028 2750 interrogat.

1124 1529 1154 1554 Ὀ
1176 1528 1203 1555 δὲ
1229 1527 1356 1563 βασιλεὺς
1383 1529 1451 1562 προς
1481 1529 1531 1562 τὴν
1547 1528 1584 1554 ἔω
1613 1529 1660 1554 δύο
1682 1530 1865 1562 γενναιοτάτου

1078 1574 1218 1607 ἐκπέμπει
1235 1571 1391 1607 στρατηγὼ,
1409 1573 1557 1599 Esmun»
1580 1581 1610 1599 τε
1631 1573 1678 1600 τοῦ
1693 1575 1790 1607 γένους
1810 1575 1865 1600 τῶν

1084 1619 1225 1654 Ἀργυρῶν
1237 1619 1425 1653 καταγόμενον
1449 1620 1496 1646 καὶ
1523 1619 1692 1654 Ἀνδρόνικον
1705 1620 1751 1646 τὸν
1765 1621 1797 1646 ὲκ
1819 1619 1866 1646 τοῦ

1078 1664 1190 1696 Δουκδς,
1207 1664 1305 1694 οἵτινες
1323 1663 1408 1690 πολλὰ
1421 1664 1538 1699 τρόπαια
1561 1665 1710 1698 ἐστήσαντο
1727 1664 1800 1691 κατὰ
1813 1665 1868 1691 τῶν

1085 1710 1254 1745 Ἂγαρηνῶν.
1276 1710 1409 1741 Σαμωνᾱς
1424 1711 1452 1736 δὲ
1473 1711 1487 1736 ὁ
1501 1711 1549 1745 τὴν
1577 1709 1721 1745 ἐπιϐουλὴν
1740 1719 1866 1745 καταμηο

1079 1756 1164 1786 νύσας
1192 1755 1229 1790 τῷ
1267 1755 1382 1789 βασιλεῖ,
1420 1755 1600 1791 διαφερόντως
1641 1755 1794 1790 τιμώμενος
1826 1755 1866 1790 τῷ

1079 1801 1192 1836 βασιλεῖ,
1214 1800 1333 1832 ἐξελθεῖν
1365 1801 1394 1827 ὲν
1417 1802 1451 1836 τῇ
1479 1801 1562 1827 αὐτοῦ
1598 1802 1666 1836 μονῇ
1697 1801 1868 1836 προφασισά-

1080 1856 1159 1883 pavo;
1187 1849 1258 1882 φυγῇ
1287 1847 1421 1882 ἐχρήσατο
1453 1847 1511 1882 ἅμα
1542 1847 1666 1882 χρήμασι
1689 1847 1735 1873 καὶ
1762 1847 1868 1879 ἵπποις,

1078 1894 1142 1926 τοὺς
1162 1894 1191 1920 ὲν
1215 1894 1322 1928 ἑκάστῳ
1352 1893 1466 1927 σταθμῷ
1494 1893 1641 1927 δημοσίους
1682 1892 1783 1924 ἵππους
1819 1893 1870 1926 ἀγ-

1078 1939 1237 1966 κυλοκοπῶν
1287 1939 1354 1973 (29).
1402 1938 1574 1964 ’Λποστὲὶλει
1621 1936 1680 1971 οὖν,
1699 1938 1713 1963 ὁ
1744 1938 1870 1972 βασιλεὺς

1080 1984 1249 2017 καταδιώξαι
1289 1985 1370 2010 αὐτὸν
1405 1984 1545 2010 Βασίλειον
1585 1984 1776 2018 ὲταιρειάρχην
1823 1983 1869 2009 τὸν

1082 2030 1252 2065 Καματηρδν
1291 2031 1339 2056 καὶ
1367 2030 1412 2057 τὸν
1441 2030 1580 2066 Κρηνίτην
1611 2030 1758 2064 Γεὼργιον.
1798 2030 1867 2063 Ἤδη

1079 2077 1107 2103 δὲ
1128 2076 1172 2103 τον
1201 2071 1286 2102 Ἅλυν
1314 2076 1487 2111 διαπερῶντα
1502 2077 1546 2103 τὸν
1573 2076 1707 2110 Σαμωνᾶν
1733 2075 1868 2102 κατέλαΰς

1080 2120 1238 2157 Νικηφόρος
1257 2121 1436 2157 δρουγγάριος
1464 2123 1479 2148 ὁ
1506 2122 1641 2156 Καμινᾶς,
1665 2122 1712 2148 καὶ
1740 2122 1871 2155 κατέσχεν

1081 2167 1237 2194 ἱκετεύοντα
1257 2167 1342 2193 πολλὰ
1356 2169 1403 2193 καὶ
1414 2166 1630 2202 ὑπισχνούμενον
1658 2167 1765 2192 δώσειν.
1792 2165 1869 2191 Ἐπεὶ

1079 2213 1107 2239 δὲ
1123 2214 1172 2240 οὐκ
1188 2212 1308 2245 ἔπειθεν,
1329 2213 1369 2244 είς
1385 2213 1429 2239 τὸν
1443 2213 1471 2238 ἐν
1495 2212 1536 2247 τῷ
1566 2213 1671 2248 Σιραχᾷ
1702 2211 1870 2246 καταφεύγει

1082 2259 1199 2293 statupr
1212 2258 1296 2293 εὐχῆς
1316 2257 1396 2292 χάριν
1424 2257 1584 2292 ἐληλυθέναι
1616 2257 1868 2291 προφασισάμενος.

1088 2305 1189 2331 Ἐλθὼν
1205 2304 1259 2339 λοῦν
1286 2304 1492 2334 Κωνσταντῐνος
1505 2304 1519 2329 ὁ
1542 2302 1588 2329 τοῦ
1618 2302 1805 2338 Ἀνδρονίκου,
1823 2301 1870 2328 τοῦ

1081 2350 1180 2381 Δουκδς
1197 2349 1253 2381 υἷος
1269 2349 1315 2375 καὶ
1324 2349 1419 2375 τοῦτον
1438 2348 1579 2375 ἀναλαὸὼν
1605 2349 1633 2374 ὲν
1649 2350 1681 2382 τῇ
1696 2348 1783 2379 πόλει,
1819 2347 1872 2373 ὐπ-

1080 2393 1222 2429 έστρεψεν.
1240 2393 1420 2420 Εἰσελθόντων
1432 2394 1460 2419 δὲ
1479 2394 1507 2419 ἐν
1523 2395 1555 2428 τῇ
1574 2391 1870 2423 Κωνσταντινουπόλει,

1080 2441 1125 2467 τὸν
1141 2441 1190 2475 μὲν
1205 2441 1234 2466 ὲν
1250 2442 1283 2475 τῇ
1299 2439 1345 2466 τοῦ
1364 2440 1503 2474 Καίσαρος
1519 2438 1565 2465 τοῦ
1582 2438 1674 2473 Βάρδα
1683 2438 1758 2473 οἰκίᾳ
1769 2437 1871 2472 φυλάτ-

1081 2487 1176 2513 τεσθαι
1191 2486 1359 2521 προσέταξεν
1379 2487 1392 2511 ὁ
1411 2486 1548 2521 βασιλεὺς,
1572 2484 1769 2518 Κωνσταντὶνῳ
1784 2484 1812 2509 δὲ
1833 2483 1871 2518 τῷ

1083 2535 1177 2566 Δουκὶ,
1190 2534 1307 2567 ἐπείπερ
1333 2533 1545 2567 ὲπληροφορήθη
1572 2532 1610 2563 ὼς
1642 2531 1702 2561 ταῖς
1730 2530 1871 2564 ἀληθείαις

1085 2579 1266 2614 προσφεύγων
1280 2576 1313 2614 ἦν
1328 2579 1356 2605 ἐν
1370 2578 1508 2613 Μελιτηνῇ
1518 2578 1531 2603 ὁ
1543 2577 1687 2611 Σαμωνᾶς,
1702 2575 1870 2610 παρήγγειλε

1087 2625 1123 2660 μὴ
1136 2625 1214 2651 τοῦτο
1226 2624 1340 2651 ἐνώπιον
1356 2626 1404 2657 τῆς
1423 2623 1574 2659 συγκλήτου
1591 2623 1688 2655 εἰπεῖν,
1704 2623 1760 2648 ἀλλ’
1783 2623 1825 2648 ὅτι
1836 2620 1871 2656 τῷ

1086 2671 1190 2707 Σιραχᾷ
1211 2671 1291 2706 χάριν
1307 2670 1389 2705 εὐχῆς
1409 2670 1491 2705 ἀπῄει
1507 2677 1514 2685 ·
1532 2669 1657 2696 ἐϐούλετο
1678 2669 1732 2704 γὰρ
1748 2667 1872 2701 συγγνώ‹

1089 2724 1141 2750 μης
1154 2716 1249 2742 τοῦτον
1265 2717 1367 2750 τυχεῖν.
1388 2715 1490 2742 Ἔωθεν
1507 2715 1535 2741 δὲ
1549 2714 1808 2750 προσκαλεσάμενος
1821 2714 1870 2748 τὴν

814 2761 990 2789 ΧῩιΑΝῡῐὶί
1007 2759 1049 2787 ΕΤ
1066 2761 1173 2788 GOARI
1191 2760 1308 2788 NOTAﬁ.

282 2813 337 2848 (29)
352 2813 453 2848 Nempe
468 2816 498 2840 ut
509 2812 555 2848 sui
575 2811 736 2846 insequendi
761 2815 847 2848 atque
858 2818 890 2848 ex
903 2809 965 2848 fuga
986 2816 1030 2837 re-

244 2845 369 2877 trahendi
391 2845 611 2876 commoditatem
627 2845 799 2878 imperatoris
813 2845 946 2872 ministris
962 2851 1031 2878 prae-

246 2885 356 2918 riperet.
374 2883 442 2911 ch.
456 2898 492 2904 —-
506 2883 591 2918 Magis
603 2879 704 2918 arridet
719 2881 798 2908 uncis
810 2880 852 2907 vel
869 2879 949 2907 ferris
965 2886 1031 2905 acu-

245 2917 283 2947 tis
302 2919 384 2954 pedes
399 2924 424 2947 et
435 2917 721 2954 ungulas’pcrl‘orassc
738 2923 820 2951 quam
835 2922 934 2943 nervos
951 2921 1037 2949 equo-

1082 2817 1142 2836 rum
1173 2809 1319 2837 Samonam
1349 2807 1523 2842 praecidisse;
1559 2806 1650 2841 fugam
1685 2806 1758 2833 cnim
1788 2804 1872 2842 latere

1083 2844 1219 2906 ccupiebat,
1235 2849 1261 2872 et
1278 2850 1329 2871 vox
1344 2840 1525 2877 ἀγκυλοκοπῶ
1538 2849 1555 2869 a
1567 2840 1702 2870 scissione
1718 2845 1759 2869 est
1771 2840 1871 2867 alienu-

1109 2887 1168 2906 0A“.

1109 2887 1168 2907 ομι-
