2046 3149
240 165 313 197 “55

233 275 329 299 suum,
346 265 419 301 quod
436 271 521 299 prope
540 263 632 290 fanum
648 261 840 296 Apostolorum
856 260 1026 293 condiderat,

235 314 432 349 imperatorem
451 308 586 339 invitavit.
603 314 632 335 ut
649 306 813 334 dedicatimii
831 306 891 340 ejus
909 310 935 333 et
947 312 1028 340 prau-

237 360 448 388 diointeressct.
465 355 505 383 Ibi
522 355 614 382 subito
628 353 774 380 vehemens
790 352 899 379 Africus
915 357 1028 379 exortus

240 405 324 432 multa
356 401 497 429 concussit
530 400 644 428 aedificia
677 399 855 433 hominesque
883 398 1028 430 exterruit,

239 451 305 476 adeo
321 453 350 475 ιιι
367 455 463 474 omnes
481 446 607 473 domibus
635 445 740 472 relictis
768 445 823 471 sub
841 444 918 471 dium
933 443 1029 479 profu-

240 495 341 530 gerint.
360 492 448 519 Imber
465 496 555 519 autem
582 491 697 518 obortus
710 497 770 517 eam
787 490 934 525 procellam
951 488 1030 515 seda~

240 541 289 567 vit.
307 540 413 566 Rursus
437 538 526 564 classe
557 536 746 571 Agarenorum
774 539 869 562 contra
890 534 1029 560 llomauos

236 589 379 621 provecta,
395 591 451 611 sua:
480 583 561 610 classi
595 583 742 616 imperator
763 580 912 607 llimeriutn
941 579 1030 606 dromi

242 631 411 665 logolhctam
431 627 556 663 praeficit,
576 627 657 661 eique
687 625 811 661 adjungit
841 624 1030 652 Andronicum

243 675 356 703 Ducam.
373 674 423 701 llic
436 674 584 704 Samonas,
605 673 651 707 qui
679 671 752 706 quod
768 679 783 698 a
798 670 982 698 Constantino
996 677 1031 697 ex

241 721 316 757 fuga,
333 726 362 748 ut
380 720 604 750 monstravimus,
625 722 760 745 retractus
788 717 887 750 fuerat,
901 716 1032 751 implaca-

240 768 295 795 bile
316 768 343 794 in
370 766 460 794 Ducas
476 766 568 793 odium
582 764 705 800 gerebat,
721 763 867 798 quemdam
882 762 1030 790 Andronici

238 812 417 840 familiarium
444 811 589 842 subornat,
611 811 691 845 eique
715 809 861 844 persuadet
879 811 908 835 ut
925 808 1033 836 occulte

243 859 433 886 AndroniCum
462 865 510 892 per
539 857 644 883 litteras
670 859 780 882 moneat
806 863 840 882 ne
857 855 946 882 navim
965 863 1031 882 con-

239 905 354 932 scendat
370 911 378 929 :
393 911 454 930 nam
471 903 673 937 imperatorem,
691 909 705 928 a
724 901 842 928 Samona
863 909 896 928 eo
923 905 1031 936 pertra-

241 955 329 982 ctum,
342 949 463 976 llinterio
476 948 562 984 ipsius
573 947 726 975 excaecandi
743 947 899 974 mandatum
912 947 1033 980 dedisse,

243 1001 270 1024 et
299 995 472 1023 Andronicus
503 993 602 1021 litteris
616 993 649 1020 iis
664 993 786 1027 acceptis
803 992 892 1019 noluit
907 1000 968 1019 cutn
983 992 1031 1019 Hi-

245 1041 330 1069 merio
345 1041 372 1067 in
385 1041 483 1067 bellum
498 1039 548 1067 ire.
563 1039 701 1066 Himerius
718 1039 809 1073 itaque
824 1038 899 1066 solus
920 1043 1033 1066 coactus

243 1092 285 1116 est
303 1092 381 1116 sexta
401 1086 529 1114 Octobris
559 1087 602 1113 die
631 1093 693 1113 cum
716 1085 843 1112 lmstibus
874 1083 1032 1118 conﬂigere,

243 1140 346 1168 eosque
362 1132 463 1160 devicit
484 1136 510 1159 et
530 1131 677 1159 interfecit.
689 1130 749 1163 Quo
765 1130 886 1171 cognito,
897 1129 1034 1156 Androni-

244 1187 295 1206 cus
312 1179 463 1213 desperatis
483 1178 541 1205 suis
570 1177 654 1205 rebus
671 1184 703 1204 ac
721 1177 887 1207 convasatis.
910 1183 971 1202 cum
988 1183 1035 1202 πιθα

245 1225 375 1252 cessariis
390 1231 422 1250 ac
434 1223 522 1251 servis
535 1224 595 1250 suis
616 1223 760 1250 castellum
774 1221 911 1256 quoddam
927 1221 1033 1256 1067

245 1270 390 1304 occupavit
414 1277 498 1304 supra
522 1268 645 1296 Iconium
660 1269 753 1300 situtn,
769 1268 896 1295 Cabalam
913 1268 1034 1298 nomine.

244 1321 272 1344 et
288 1316 322 1343 ad
339 1316 520 1344 defectionem
537 1314 681 1350 spectavit.
710 1313 745 1341 At
763 1313 897 1341 Samonas
922 1317 1031 1348 arrepta

245 1363 389 1390 occasione
403 1370 456 1389 non
477 1362 560 1389 desiit
577 1361 771 1395 imperatorem
787 1360 878 1387 verbis
893 1360 1034 1387 concitare

246 1412 329 1442 atque
354 1407 484 1434 irritare:
501 1414 530 1435 se
559 1406 661 1434 dudutn
693 1405 814 1433 sensisse
846 1404 1035 1432 Andronicum

245 1453 428 1482 defectionem
459 1452 607 1488 parturire,
623 1456 651 1480 et
665 1459 726 1479 csso
740 1451 801 1486 ejus
814 1451 926 1478 conatui
958 1456 1037 1477 ante-

247 1499 409 1526 vertendum
425 1505 433 1524 :
451 1499 643 1534 imperatorem
657 1497 814 1525 cunctando
831 1496 961 1531 optimam
977 1496 1036 1530 ejus

886 157 1048 189 GEORGII
1066 155 1232 187 CEDRENI

269 220 351 248 Juuio
365 225 459 246 mense
474 216 671 245 Constantinus
697 213 761 242 Afer
776 213 804 241 in
822 214 1023 241 monasterium
1039 215 1061 242 Λ

1796 152 1861 186 1156

1117 212 1219 246 Ἰουνίῳ
1246 211 1275 238 δέ
1301 210 1367 247 μηνὶ
1394 209 1568 245 προσεκλήθη
1593 209 1669 237 Λέων
1693 209 1707 236 6
1739 208 1863 244 βασιλεὺς

1079 258 1156 293 παρὰ
1170 256 1377 284 Κωνσταντίνου
1393 255 1440 281 τοῦ
1468 255 1550 286 Λιϐδς
1573 255 1612 286 εις
1628 254 1678 289 τὴν
1703 263 1865 289 καινουργη-

1080 305 1173 332 Θείσαν
1189 304 1255 338 παρ’
1265 302 1348 329 αὐτοῦ
1360 302 1444 338 μονὴν
1455 301 1546 336 ἔγγιον
1557 301 1610 327 τῶν
1628 301 1726 335 Ἀγίων
1737 301 1866 333 ’ᾼποστό-

1079 351 1144 381 λων,
1157 349 1199 383 ἐφ’
1253 348 1288 375 τὰ
1303 347 1429 382 ἐγκαίνια
1460 347 1617 374 ἐπιτελέσαι
1644 347 1691 374 καὶ
1710 347 1866 382 ἀριστῆσαι.

1086 395 1232 430 Ἑξαίψνης
1246 393 1295 422 οὖν
1319 394 1447 421 ἐπνευσεν
1467 393 1568 428 ἄνεμος
1591 393 1638 428 λἐψ
1662 393 1788 429 σφοδρὸς,
1821 394 1869 420 καὶ

1082 440 1239 466 συνέσεισεν
1254 439 1400 473 οἷκοδομὰς
1417 438 1528 470 πολλὰς,
1546 437 1594 464 καὶ
1620 438 1786 473 συνετάραξε
1805 439 1868 470 τοὺς

1080 485 1240 520 ἀνθρώπους
1258 487 1306 512 καὶ
1321 485 1499 519 ἐξεφόϐησεν,
1518 484 1556 516 ὡς
1576 484 1682 516 πάντας
1697 485 1811 518 φεύγειν
1837 485 1870 511 ἐκ

1080 531 1135 557 τῶν
1148 531 1242 558 οἰκιῶν
1259 532 1300 563 εἰς
1315 531 1349 557 τὰ
1361 530 1493 566 ὕπαιθρα.
1508 529 1629 565 Ὄμϐρος
1644 530 1666 556 δ’
1679 530 1870 564 ἐπιγενόμενις

1082 577 1181 612 ἔστησε
1203 578 1253 611 τὴν
1279 577 1410 611 τοιαύτην
1443 576 1598 610 καταιγίδα.
1633 576 1730 602 Στόλου
1756 576 1787 603 δέ
1816 575 1872 603 τῶν

1086 623 1248 658 Ἀγαρηνῶν
1265 623 1336 650 κατὰ
1353 622 1497 658 Ῥωμαίων
1523 621 1687 655 ἐξελθόντος,
1702 623 1716 648 6
1743 621 1874 656 βασιλεὺς

1087 668 1206 704 Ἰμέριον
1220 669 1265 694 τὸν
1276 667 1423 702 λογοθέτην
1438 666 1486 694 τοῦ
1510 667 1612 702 δρόμου
1642 667 1799 702 ἀρχηγέτην
1824 667 1874 693 τοῦ

1086 714 1244 750 Ῥωμαῖκοῦ
1263 714 1415 749 κατέστησε
1445 714 1554 740 στόλου.
1582 713 1759 748 Προσετάχθη
1782 713 1809 740 δὲ
1824 713 1876 740 καὶ

1090 761 1261 796 Ἀνδρόνικος
1274 762 1288 788 6
1301 760 1370 788 Δοὺε
1385 760 1566 787 συνεισελθεῖν
1581 759 1655 795 αὐτῷ
1675 760 1720 786 καὶ
1735 761 1876 794 ἀγωνίσα-

1085 807 1147 833 σθαι
1174 807 1245 834 κατὰ
1261 807 1314 833 τῶν
1334 806 1501 841 Ἀγαρηνῶν.
1520 806 1549 833 '0
1568 806 1596 833 δὲ
1617 807 1749 841 Σαμωνᾶς
1765 806 1804 841 τῷ
1817 806 1875 834 τῶν

1086 854 1196 880 Δουκῶν
1207 853 1280 887 γένει
1300 853 1508 883 ἀκατάλλακτος
1521 852 1560 879 ὣν
1574 853 1670 888 ἐχθρὸς
1683 853 1726 879 διὰ
1739 853 1789 888 τὴν
1799 854 1878 888 παρὰ

1088 899 1134 926 τοῦ
1165 900 1372 926 Κωνσταντίνου
1393 899 1569 933 κατάσχεσιν,
1596 899 1708 930 ὐποΘείς
1736 908 1790 926 τινι
1819 900 1880 927 τῶν

1091 945 1264 980 Ἀνδρονίκου
1280 945 1365 980 φίλων
1381 944 1474 970 ἔπεισε
1494 945 1599 978 γράψαι
1620 944 1760 980 λαθραίως
1786 945 1822 980 μὴ
1839 947 1873 972 ἐν

1084 993 1142 1023 τοῖς
1169 990 1274 1022 πλοίοις
1297 991 1440 1021 είσελθεῖν,
1463 989 1510 1016 τοῦ
1544 989 1661 1025 Ἰμερίου
1690 991 1879 1026 παράγγελμα

1085 1037 1192 1072 ἔχοντες
1213 1037 1244 1063 ἐκ
1258 1036 1390 1071 βασιλέως
1406 1036 1524 1071 ὑποϐολῇ
1538 1035 1586 1063 τοῦ
1601 1037 1721 1071 Σαμωνᾶ
1734 1037 1882 1071 ἐκτυφλῶ-

1087 1091 1132 1110 σαι
1152 1083 1243 1110 αὐτόν.
1266 1083 1310 1114 Ὧς
1325 1083 1372 1109 οὖν
1387 1083 1496 1114 ἐδέξατο
1519 1082 1549 1108 τὸ
1565 1083 1692 1117 γράμμα,
1720 1083 1771 1109 οὐκ
1795 1083 1881 1118 ἧθεὶε

1087 1129 1126 1165 τῷ
1144 1129 1255 1164 Ἱμερίῳ
1276 1128 1469 1155 συνεισελθεῖν.
1490 1128 1535 1155 Διὸ
1550 1128 1598 1154 καὶ
1616 1129 1697 1163 μόνος
1714 1129 1879 1164 ἠναγκάσθη

1087 1176 1158 1202 κατὰ
1168 1175 1216 1211 τῆν
1228 1178 1254 1208 ς’
1275 1175 1322 1202 τοῦ
1355 1175 1520 1209 Ὀκτωϐρίου
1538 1176 1623 1211 μηνὸς
1641 1176 1788 1210 συμϐαλεῖν
1820 1178 1882 1207 τοῖς

1087 1221 1205 1257 ἐχθροῖς.
1224 1220 1279 1248 Καὶ
1292 1220 1438 1255 συμϐαλὼν
1456 1221 1592 1256 ἐτρέψατο
1615 1223 1685 1248 κατὰ
1710 1221 1811 1256 κράτος
1829 1222 1881 1248 καὶ

1087 1268 1218 1302 ἠφάνισε.
1238 1266 1280 1302 [Ρ.
1298 1266 1363 1302 605]
1377 1266 1463 1293 Τοῦτο
1490 1266 1584 1302 μαθὼν
1601 1267 1615 1293 ὁ
1638 1267 1807 1302 Ἀνδρόνικος
1831 1269 1883 1295 καὶ

1088 1314 1144 1344 τοῖς
1155 1313 1226 1344 ὅλοις
1239 1312 1418 1346 ἀπεγνωκὼς,
1433 1313 1675 1347 συσκευασάμενος
1687 1314 1745 1347 ἅμα
1773 1321 1881 1347 συγγε-

1087 1359 1146 1385 νέσι
1161 1358 1207 1384 καὶ
1221 1358 1325 1390 δούλοις
1338 1357 1420 1384 αὑτοῦ
1435 1358 1561 1384 ἀπελθὼν
1574 1359 1691 1393 κατέσχε
1708 1367 1733 1384 τι
1745 1359 1882 1394 φρούριον

1088 1404 1193 1431 ἄνωθεν
1211 1404 1258 1430 τοῦ
1282 1404 1392 1430 Ἰκονίου
1404 1403 1588 1438 διακείμενον,
1600 1404 1614 1430 ὃ
1627 1404 1758 1432 Καϐάλαν
1768 1406 1881 1440 ὠνόμα-

1088 1451 1144 1483 ζον,
1172 1450 1220 1478 καὶ
1245 1451 1286 1482 είς
1309 1450 1480 1478 ἀποστασίαν
1503 1450 1628 1485 ἔϐλεψεν.
1656 1451 1714 1478 Οὐκ
1738 1451 1810 1478 ἀνίει
1826 1451 1848 1478 δ’
1864 1453 1881 1478 ὁ

1091 1497 1223 1532 Σαμωνᾶς
1239 1496 1368 1532 ἀφορμῆς
1380 1496 1550 1532 δραξάμενος
1570 1497 1618 1523 καὶ
1642 1497 1802 1532 παροξύνων
1831 1498 1884 1524 καὶ

249 1545 290 1572 rei
307 1545 481 1571 occasionem
509 1544 658 1576 dimisisse,
674 1548 756 1579 atque
770 1544 809 1570 ita
825 1543 933 1570 hostem
949 1550 964 1570 e
979 1550 1034 1568 tua-

1090 1543 1280 1578 :mvtapa'taamv
1289 1543 1333 1569 τὸν
1345 1542 1469 1577 βασιλέα,
1480 1542 1526 1569 καὶ
1539 1542 1697 1576 λέγων,ὼς,
1713 1543 1785 1577 Ἐγὼ
1794 1543 1882 1571 πάλαι

247 1591 330 1618 nibus
341 1591 474 1618 evasisse.
501 1589 555 1618 Sed
572 1591 614 1617 vel
631 1591 672 1618 sic
698 1589 801 1625 aliquid
818 1589 989 1621 conandum,
1005 1596 1040 1615 ne

249 1637 322 1672 quod
337 1636 372 1663 ab
387 1643 420 1663 eo
434 1636 586 1670 accipiatur
605 1637 747 1663 damnum.
764 1636 822 1662 Hoc
837 1634 916 1669 quasi
929 1634 1041 1662 stimulo

249 1682 380 1710 incitatus
397 1680 452 1708 Leo
468 1679 613 1708 llieritzam
628 1680 779 1715 Gregoram
811 1679 966 1707 scholarum
993 1679 1042 1706 do-

248 1727 392 1756 mesticum
409 1731 435 1754 et
450 1726 600 1754 Andronici
617 1726 722 1754 atiiuem
737 1733 800 1753 cum
816 1725 906 1752 valido
920 1725 1042 1753 exercitu

249 1778 347 1801 contra
373 1772 561 1799 Andronicum
588 1771 700 1799 emittit.
721 1771 898 1798 Andronicus
927 1771 973 1798 ubi
989 1771 1042 1798 hoc

250 1818 373 1850 rescivit,
398 1823 424 1845 et
449 1816 592 1844 Nicolaum
619 1816 816 1851 patriarcham,
845 1823 899 1847 quo
925 1816 1042 1844 maxime

249 1870 308 1891 erat
333 1863 432 1896 frctus,
449 1863 566 1890 ecclesia
584 1862 703 1897 ejectum
729 1870 801 1894 esse,
818 1861 921 1889 Cabala
943 1861 1040 1888 ri-licta

249 1909 283 1937 ad
306 1909 447 1944 Agarenos
463 1915 525 1935 cum
542 1907 671 1935 omnibtts
692 1907 751 1934 suis
764 1907 905 1942 profugit;
920 1914 1042 1941 eumque

250 1960 452 1982 amermumncs
467 1952 618 1979 honorifice
629 1951 778 1979 admodum
795 1952 910 1986 accepit.
925 1951 1043 1986 impera-

252 2003 300 2027 tor
317 2007 398 2034 porro
413 2003 545 2033 reputans
575 2003 707 2033 quantum
731 1998 784 2026 isto
814 1998 916 2025 amisso
945 1999 1042 2026 ducem

251 2045 390 2072 amisisset
406 2048 433 2072 et
447 2044 555 2079 qualem
569 2048 642 2071 esset
657 2043 802 2071 habiturus
827 2043 944 2076 hostem,
959 2044 1043 2071 animi

252 2093 417 2127 augebatur,
432 2096 459 2118 et
477 2090 615 2126 quomodo
627 2098 690 2117 eum
706 2090 850 2118 reduceret
865 2091 898 2118 ad
913 2098 979 2118 suos
993 2098 1043 2118 co-

251 2138 370 2172 gitabat.
392 2137 558 2164 Scribuntur
584 2135 692 2163 tandem
726 2136 824 2164 litterae
850 2132 1062 2172 imperatoriaef

1091 1588 1305 1624 κατανενοήκειν
1329 1588 1375 1615 τὸν
1405 1589 1562 1623 ἄνθρωπον,
1581 1589 1627 1615 καὶ
1643 1589 1680 1621 ὠς
1707 1590 1882 1616 ἀποστασίαν

1090 1635 1181 1663 ὡδίνει
1193 1635 1240 1662 καὶ
1250 1634 1289 1666 ὡς
1303 1634 1356 1670 χρὴ
1378 1634 1597 1669 προκαταλαϐεῖν
1608 1634 1656 1665 τὰς
1680 1634 1768 1669 ὁρμὰς
1783 1635 1880 1662 αὑτοῦ.

1098 1681 1174 1708 Ἐπεὶ
1187 1681 1217 1708 δὲ
1229 1682 1262 1716 τῇ
1281 1682 1314 1716 σῇ
1337 1680 1477 1715 μελλήσει,
1491 1677 1513 1706 ὦ
1527 1680 1649 1715 βασιλεῦ,
1677 1682 1807 1714 παρεῖται
1830 1681 1882 1716 μὲν

1091 1729 1106 1754 6
1118 1728 1272 1762 ἐπιτήδειος
1284 1727 1329 1753 καὶ
1343 1727 1440 1762 ῥᾷστος
1452 1726 1547 1761 καιρὸς
1561 1726 1607 1752 καὶ
1619 1725 1708 1760 ῷχετο
1727 1727 1759 1752 ἐκ
1785 1727 1880 1761 μέσων

1092 1774 1171 1809 ἡμῶν
1178 1773 1232 1800 τῶν
1246 1773 1345 1809 χειρῶν
1356 1773 1370 1799 6
1384 1773 1526 1807 πολέμιος,
1536 1773 1582 1799 τὸν
1595 1772 1722 1807 δεύτερον
1735 1772 1785 1799 κᾶν
1795 1772 1880 1799 πλοῦν

1093 1820 1231 1854 ποιητέον,
1257 1819 1295 1854 μὴ
1321 1819 1370 1846 καὶ
1386 1819 1455 1854 λάθῃ
1469 1819 1572 1854 δράσας
1584 1827 1610 1844 τι
1627 1819 1728 1854 μᾶλλον
1743 1819 1760 1854 ἢ
1774 1818 1881 1846 παθὼν.

1094 1864 1204 1896 Τούτοις
1232 1865 1288 1896 τοῖς
1314 1863 1404 1898 λόγοις
1422 1864 1518 1898 ὥσπερ
1533 1863 1587 1890 τινὶ
1609 1864 1741 1899 πλήκτρῳ
1757 1864 1850 1898 νυγεὶς
1867 1864 1883 1890 6

1094 1910 1223 1945 βασιλεὺς
1236 1910 1282 1936 τὸν
1299 1909 1452 1944 Ίϐηρίτζην
1471 1909 1625 1945 Γρηγορᾶν,
1651 1909 1814 1943 ὼμέστικον
1827 1909 1884 1935 τῶν

1094 1955 1197 1990 σχολῶν
1212 1956 1259 1982 καὶ
1274 1955 1407 1990 κηδεστὴν
1430 1955 1599 1990 Ἀνδρονίκου
1612 1955 1793 1990 τυγχάνοντα,
1812 1955 1884 1990 μετὰ

1093 2002 1234 2036 δυνάμεως
1245 2001 1330 2036 ἁδρᾶς
1344 2001 1504 2028 ἀποστέλλει
1520 2001 1581 2028 κατ’
1602 2000 1882 2036 Ἀνδρονίκου.”οπερ

1096 2045 1189 2080 μαθὼν
1215 2047 1328 2078 ἐκεῖνος,
1358 2046 1406 2073 καὶ
1430 2046 1468 2077 ὡς
1483 2047 1496 2072 6
1512 2045 1686 2082 πατριάρχης
1700 2046 1843 2077 Νικόλαος,
1860 2042 1884 2079 ᾧ

1094 2091 1128 2117 τὰ
1139 2090 1222 2117 πολλὰ
1234 2091 1357 2127 saepe“,
1375 2091 1507 2126 ἐξεϐλήθη
1519 2091 1568 2125 τῆς
1597 2091 1757 2126 ἐκκλησίας,
1771 2092 1887 2118 καταλιο

1095 2137 1154 2162 πὼν
1183 2136 1232 2171 τὴν
1252 2136 1382 2163 Καϐἀλαν
1413 2137 1524 2162 πανοικὶ
1541 2136 1699 2171 προσέφυγε
1725 2138 1780 2168 τοῖς
1801 2137 1884 2169 Ἀγα-

255 2183 358 2218 quibus
381 2182 541 2209 Andronico
566 2185 591 2209 et
613 2181 781 2209 offensarqu
799 2183 923 2210 omnium
943 2183 1038 2210 obiivic

1097 2182 1189 2216 ρηνοίς
1202 2189 1208 2196 ’
1221 2182 1250 2208 ὃν
1266 2182 1280 2207 6
1296 2182 1497 2216 ἁμερμουμνῆς
1511 2181 1630 2216 ἐντίμως
1649 2182 1696 2208 καὶ
1713 2182 1884 2217 μεγαλοπρε-

254 2233 283 2255 et
299 2227 404 2255 reditus
418 2227 530 2254 domum
549 2231 577 2254 et
594 2226 712 2261 pristina
737 2227 855 2260 dignitas
879 2232 961 2262 atque
986 2227 1038 2254 for-

1097 2227 1158 2258 πῶς
1192 2226 1311 2259 ἐδέξατο.
1347 2227 1592 2262 ’Δναλογισάμενος
1602 2227 1626 2254 δ’
1648 2229 1663 2254 6
1686 2227 1811 2262 βασιλεὺς
1828 2226 1884 2254 οἷον

256 2277 331 2300 tume
354 2277 381 2300 et
410 2273 554 2300 innumera
582 2272 653 2299 dona
678 2280 709 2300 ac
726 2273 858 2300 beneﬁcia
879 2272 1041 2300 offeruntur.

256 2319 301 2346 Ea:
317 2326 399 2346 cereo
423 2319 536 2346 inclusae
555 2317 708 2345 Sarraceno
734 2318 854 2350 cuidam,
871 2325 885 2345 e
904 2319 1045 2352 praetoria-

256 2367 300 2394 nis
316 2365 434 2400 captivis
452 2365 484 2392 ad
500 2371 640 2392 sumtnutn
663 2363 782 2390 favorem
796 2364 939 2398 producto,
954 2364 981 2390 in
997 2363 1046 2399 Sy—
1078 2368 1082 2371 '

257 2413 327 2438 riam
343 2411 501 2438 Andronico
515 2408 684 2445 perferendae
693 2408 853 2438 traduntur.
865 2409 974 2444 1068
986 2408 1046 2436 Dis-

258 2453 399 2485 ced'entem
435 2455 616 2483 Sarracenum
646 2453 781 2482 Santonus
796 2454 910 2481 seorsim
926 2454 1048 2488 compel-

257 2504 328 2536 laus,
346 2512 356 2528 ι
369 2502 441 2533 Scis,
457 2501 580 2536 ait,quid
598 2499 728 2535 portes?»
746 2506 838 2526 ceram
857 2499 984 2527 innttens.
996 2499 1050 2526 Ne~

257 2549 345 2584 ganti,
365 2557 374 2574 ί
393 2547 475 2580 Cera,
491 2547 590 2581 inquit,
604 2553 686 2581 quam
703 2549 810 2580 gestas,
826 2543 913 2580 Syriae
925 2548 968 2572 est
992 2545 1050 2571 exi—

258 2594 344 2625 tium;
359 2598 386 2619 et
406 2597 447 2624 tu,
461 2592 551 2626 siqua
578 2591 628 2618 tibi
651 2591 739 2626 gentis
765 2595 792 2617 et
812 2589 934 2616 eamdem
960 2594 1050 2617 tecum

261 2639 421 2673 religionem
438 2638 587 2666 colentium
613 2641 656 2665 est
685 2644 762 2668 cura.
777 2643 836 2664 eam
851 2635 933 2663 veziri
951 2635 977 2663 in
993 2643 1051 2662 ma-

259 2691 312 2711 nus
332 2683 433 2712 trade»
455 2683 662 2712 Promittentem
682 2684 717 2710 ita
736 2683 871 2710 facturum
888 2682 968 2709 donis
983 2690 1046 2716 pre-

259 2729 340 2758 tiosis
355 2729 499 2765 magnifico
527 2735 571 2758 est
591 2730 753 2758 demeritas.
782 2727 855 2762 Ergo
877 2727 1046 2756 Sarracenus

1093 2273 1218 2300 ἀπώλεσε
1233 2273 1388 2308 στρατηγὸν
1400 2273 1447 2300 καὶ
1459 2271 1516 2299 οἷον
1530 2273 1602 2305 ἐξειν
1613 2273 1742 2307 πολέμιον
1759 2274 1883 2308 ἔμελλεν,

1093 2317 1212 2352 ἤσχαλλε
1240 2317 1288 2344 καὶ
1314 2318 1458 2353 ἐδυσφόρει
1489 2318 1536 2344 καὶ
1549 2320 1650 2354 τρόπον
1663 2319 1755 2353 ἐζήτει
1766 2320 1826 2351 πῶς
1849 2320 1884 2346 ἂν

1094 2363 1177 2391 αὐτὸν
1187 2365 1244 2395 τοῖς
1263 2363 1411 2398 Ῥωμαίοις
1434 2364 1659 2398 ἐπανασώσηται,
1689 2364 1814 2398 Ἐγένετο
1837 2365 1885 2392 οὖν

1095 2409 1214 2444 γράμμα
1225 2409 1365 2444 βασιλικὸν
1378 2409 1468 2436 πᾶσάν
1481 2418 1512 2436 τε
1527 2409 1680 2445 ἀμνηστίαν
1694 2410 1771 2445 αὐτῷ
1788 2410 1884 2437 κακῶν

1098 2454 1288 2489 χαριζόμενον,
1304 2454 1354 2490 τὴν
1381 2455 1473 2482 οἶκαδέ
1489 2463 1519 2481 τε
1536 2455 1703 2490 ἐπιστροφὴν
1726 2456 1883 2491 ἐπιτρέπον.

1098 2501 1145 2528 καὶ
1160 2501 1209 2536 τὴν
1227 2500 1366 2536 προτέραν
1381 2500 1534 2536 εὐημερίαν
1551 2500 1822 2535 καθυπισχνούμενον
1838 2501 1884 2526 καὶ

1101 2546 1202 2581 μυρίας
1214 2545 1299 2577 ἀλλας
1311 2545 1417 2581 δωρεὰς
1434 2546 1480 2573 καὶ
1504 2546 1664 2581 εὐεργεσίας
1677 2553 1684 2560 ·
1701 2546 1770 2580 ὅπερ
1785 2545 1886 2578 ἐλίξαν-

1100 2600 1145 2622 τες
1169 2591 1248 2627 κηρῷ
1272 2590 1394 2625 λαμπάδι
1424 2591 1597 2627 προσεοικότι
1621 2591 1722 2618 διδοῦσί
1750 2600 1805 2617 τινι
1831 2591 1883 2617 τῶν

1101 2638 1268 2672 Σαρακηνῶν
1282 2637 1337 2664 ἀπὸ
1353 2637 1399 2664 τοῦ
1415 2638 1582 2672 πραιτωρίου
1599 2637 1657 2672 (54)
1669 2637 1830 2671 ἐκϐληθέντι
1840 2636 1886 2662 καὶ

1104 2682 1324 2718 μεγαλοπρεπῶς
1338 2682 1571 2716 φιλοφρονηθέντι,
1592 2682 1797 2717 ἐπισκήψαντες
1803 2681 1886 2707 dna).-

1101 2728 1158 2754 θεῖν
1169 2728 1199 2755 ἐν
1215 2728 1301 2764 Συρίᾳ
1316 2728 1364 2754 καὶ
1383 2729 1535 2763 ἐγχειρίσαι
1559 2727 1638 2755 τοῦτο
1652 2727 1690 2763 τῷ
1714 2726 1884 2762 Ἀνδρονίκῳ.

838 2784 1018 2814 χγιΑΝοιιι
1038 2785 1081 2813 ΕΤ
1101 2784 1206 2813 οοΑιιι
1225 2785 1343 2813 NOTAE.

296 2835 352 2871 (54)
364 2836 424 2870 Quo
438 2835 475 2863 rei
489 2834 701 2871 in_careeribus
727 2840 778 2861 nec
803 2840 857 2862 non
877 2832 1008 2860 Saraceni
1040 2833 1076 2861 ob
1110 2833 1254 2869 profanam
1281 2833 1440 2868 religionem
1477 2831 1680 2864 detinebantur,
1703 2835 1733 2859 ut
1775 2828 1885 2866 iamiam

261 2869 383 2898 narrabit
399 2875 504 2898 auctor.
517 2869 603 2897 Gou.
