2046 3149
143 189 212 224 1137

689 189 716 219 Η
723 189 960 220 ISTORIARUM
979 189 1171 221 COMPENDX
1178 191 1232 221 UM

1711 194 1779 227 ΗΞιό

149 248 316 276 ’Λπελθόντκ
329 247 395 282 γοῦν
408 247 453 274 τὸν
468 247 629 283 Σαρακηνὸν
649 248 871 284 προσλαϐόμενος
883 248 936 284 ἰδίᾳ

993 249 1116 277 confecto
1142 250 1241 278 itinere
1269 250 1360 278 veziro
1378 257 1489 279 cereum
1505 251 1605 285 tradit;
1620 251 1699 288 isque
1716 263 1782 283 cei-.1

141 297 155 323 ὁ
171 295 314 330 Σαμωνᾶς,
334 304 343 320 1
361 291 441 326 Οἶδας
454 294 468 320 ὃ
484 295 610 330 κατέχεις
622 302 630 327 ;
644 304 653 320 ι
669 294 774 330 ἠρώτα,
788 295 833 322 τὸν
850 294 936 330 κηρὸν

141 341 324 377 αἰνιξάμενος.
343 341 463 375 Ἀγνοεῖν
471 341 494 367 δ’
508 341 614 367 ἐκείνου
623 342 768 376 φήσαντος,
789 351 798 368 ι
809 341 838 367 '0
849 341 938 372 δοθεες

142 397 184 415 σοι
217 387 312 423 κηρδς.
338 385 360 414 ὦ
389 387 475 422 φίλος,
501 387 564 422 ἔφη,
605 388 654 423 τῆς
687 387 788 422 Συρίας
818 388 892 414 ἐστὶν
920 388 936 422 ή

141 435 265 463 ἀπώλεια
283 444 290 451 ·
317 436 363 462 καὶ
381 435 408 461 εἴ
432 444 460 461 τι
479 435 549 472 κήδῃ
575 435 622 462 τοῦ
639 435 734 466 ἔθνους
748 434 794 461 τοῦ
811 434 858 461 σοῦ
890 435 938 461 καὶ

140 481 195 508 τῶν
213 482 381 516 ὁμοπίστων,
400 482 479 517 χερσὶ
500 481 620 508 κατάθου
636 482 716 508 τοῦτο
729 481 776 508 τοῦ
804 483 899 518 ούζήρ.
926 491 934 508 t

141 529 225 555 Ὥστε
238 530 265 556 δὲ
277 529 438 563 διακονῆσαι
454 529 511 560 τοῖς
533 529 578 555 ὑπ’
595 528 679 555 αὑτοῦ
708 528 936 564 παραγγελθεῖσι,

986 300 1093 324 remota
1112 295 1218 324 litteras
1244 296 1369 324 inventas
1392 297 1468 333 legit,
1484 302 1510 326 et
1525 305 1653 334 pereepta
1674 305 1784 328 senten-

986 343 1024 370 tia
1040 350 1097 370 rem
1118 350 1316 370 amermumna:
1337 343 1486 379 significat.
1505 344 1650 376 Extemplo
1674 347 1783 374 Andro-

987 389 1067 417 nicus
1095 396 1157 416 cum
1178 389 1237 417 suis
1257 389 1284 416 in
1313 396 1452 417 carcerem
1481 391 1640 426 conjicitur,
1656 393 1703 419 ubi
1734 393 1782 421 diu

987 442 1103 470 magnas
1137 435 1325 462 toleraverunt
1348 435 1492 470 miserias;
1522 445 1638 472 quarum
1669 439 1782 473 quidam

990 482 1164 516 impatientes
1189 481 1268 508 ﬁdem
1300 481 1486 509 Christianam
1502 483 1710 518 abjuraverunt.
1725 485 1783 512 An-

987 527 1116 555 dronicus
1137 527 1163 553 in
1179 535 1291 554 carcere
1304 528 1394 562 periit.

141 579 189 604 καὶ
203 578 298 614 δώροις
314 578 396 606 αὑτὸν
423 578 564 613 μεγίστοις
598 578 752 610 πολυτελῶς
792 578 1035 614 ἐφιλοφρονήσατο.
1071 576 1210 604 ’Δπελθὼν
1240 576 1290 604 οὖν
1323 577 1338 602 ὸ
1368 577 1526 613 Σαρακηνδς
1554 578 1702 614 ἐνεχείρισε
1743 578 1783 614 τῷ

139 624 226 659 ούςὴρ
241 624 287 650 τὸν
305 625 390 660 κηρόν
405 633 412 640 ·
432 624 462 650 ὃν
487 623 609 651 καθελὼν
622 625 726 656 ἐκεῖνος
743 625 791 651 καὶ
810 624 1026 659 τὸγραμμάτιον
1045 623 1147 659 εὑρὼν,
1163 623 1210 650 καὶ
1236 623 1282 649 τὸν
1316 623 1345 649 ὲν
1373 622 1461 658 τούτῳ
1482 624 1610 659 κείμε.ον
1650 624 1785 657 ἀναλεξα-

141 679 224 705 μενος
242 670 315 703 νοῦν,
329 669 483 705 ἀπήγγειλε
502 670 541 705 τῷ
565 671 834 705 ἁμερμουμνῇ.Καὶ
859 669 1122 704 εὐθὺςἊνδρόνικον
1159 669 1207 696 καὶ
1238 669 1303 701 τοὺς
1337 670 1385 695 σὺν
1419 669 1493 705 αὑτῷ
1526 670 1556 696 τὸ
1597 670 1785 706 δεσμωτήριον

139 718 299 753 ὑπεδέχετο.
322 717 384 744 Ἐπὶ
398 717 466 745 πολὺ
491 715 538 744 οὖν
563 718 794 753 κακουχούμενοι,
824 718 870 744 καὶ
900 717 937 752 μὴ
955 717 1083 753 φέροντες
1095 717 1128 744 τὰ
1142 718 1174 744 ἐκ
1189 717 1239 752 τῆς
1267 717 1391 752 φυλακῆς
1415 718 1536 754 λυπηρὰ,
1569 719 1784 756 ὴναγκάσθησάν

139 771 214 794 τινες
238 763 287 798 τὴν
308 763 412 790 οἰκείαν
438 762 621 798 ἐξομόσασθαι
638 763 741 791 πίστιν.
769 763 800 791 Ὀ
817 764 866 799 μὲν
892 763 938 790 οὖν
957 764 1126 800 Ἀνδρόνικος
1141 764 1213 790 οὓτω
1228 763 1275 790 καὶ
1292 763 1339 791 τὸν
1357 763 1414 799 βίον
1427 764 1568 791 κατέλυσε.

178 836 397 866 Κωνσταντῖνος
414 835 441 861 δὲ
455 836 468 861 ό
484 834 580 862 τούτου
595 835 654 866 υίὸς
686 835 741 871 πρὶν
771 836 818 862 τοῦ
851 836 943 862 θανεῖν

138 882 261 912 ἐκεῖνον,
285 880 388 915 εἰδήσει
409 881 457 907 καὶ
487 880 535 907 τοῦ
562 880 678 916 πατρδς,
702 880 943 915 συσκευασάμενος

140 928 215 964 μετὰ
230 927 276 954 καί
291 935 373 953 τινων
395 927 484 954 ἄλλων
508 927 562 953 τῶν
580 927 646 962 περὶ
674 927 756 953 αὐτὸν
781 927 943 962 (ἐτύγχανον

138 975 198 1010 γὰρ
211 974 305 1009 συχνοὶ
323 974 381 1008 μετ’
395 973 478 1000 αὑτοί
506 973 546 1000 ἑτι
562 974 590 999 ὲν
606 975 640 1008 τῇ
664 975 772 1009 φρουρᾷ
798 973 942 1009 ἐγκαθειρ-

140 1021 242 1056 γμένοι
260 1019 304 1056 [Ρ.
321 1019 386 1054 604]
401 1019 444 1046 διὰ
465 1020 494 1046 τὸ
510 1020 546 1055 μὴ
563 1020 678 1054 θελῆσαι
704 1021 735 1046 τὸ
759 1021 860 1046 οίκεῖον
886 1020 939 1046 ἀπ·

139 1067 254 1102 ώμοτον
273 1066 369 1093 θέσθαι
390 1065 526 1100 assumat
543 1066 631 1100 δεσμὰ
642 1065 840 1102 διαρρήξαντες
866 1065 941 1101 ἐξέρ-

140 1122 238 1149 χονται
252 1112 303 1146 τῆς
319 1112 454 1146 φυλακῆς,
472 1112 521 1139 καὶ
536 1112 659 1147 καλωδίῳ
684 1113 799 1143 ἑαυτοὺς
822 1112 942 1147 καθιμή-

140 1169 241 1191 σαντες
259 1159 352 1186 ἵππων
365 1168 394 1185 τε
410 1158 616 1193 εὐπορήσαντες
631 1158 842 1192 ἀπεδίδρασκον.
854 1158 941 1193 Στραα

139 1206 250 1233 τιωτῶν
266 1205 294 1232 δὲ
315 1204 496 1240 πεμφθέντων
516 1204 556 1235 είς
580 1203 631 1238 τὴν
650 1204 813 1238 κατάσχεσιν
826 1203 939 1235 τούτων,

141 1253 195 1280 νῦν
225 1252 274 1286 μὲν
306 1251 525 1287 ὑποστρέφοντες
553 1249 601 1276 καὶ
623 1246 821 1284 πολεμοῦντες,
837 1249 884 1275 νῦν
912 1249 940 1276 δὲ

141 1298 259 1334 χρυσίον
274 1295 449 1332 ῥιπτοῦντες,
467 1295 688 1327 ἀπεσκευάζοντο
697 1295 762 1326 τοὺς
781 1294 939 1328 διώκοντας,

144 1344 194 1371 καὶ
211 1343 298 1375 οὕτως
316 1343 431 1378 ἴσχυσαν
447 1342 576 1377 ἐπιϐῆναι
598 1342 652 1368 τῶν
678 1340 762 1376 ὁρίων
785 1341 938 1376 Ῥωμαίων.

143 1390 223 1424 Ταχῦ
241 1389 290 1423 μὲν
303 1388 349 1414 οὖν
364 1389 379 1414 ό
404 1387 531 1422 βασιλεὺς
558 1387 604 1414 τὸν
636 1387 843 1413 Κωνσταντίνον
876 1395 941 1421 μετ-

143 1435 196 1462 επέ
203 1435 303 1469 μψατο,
325 1435 372 1460 καὶ
389 1433 426 1465 ὡς
440 1433 521 1460 αὒτὺν
537 1432 650 1468 ἀγαγὼν
665 1432 761 1468 δώροις
776 1432 857 1459 αὑτὸν
871 1441 940 1459 παν-

143 1481 230 1512 τοίοις
245 1480 293 1507 καὶ
310 1480 372 1511 τοὺς
385 1481 449 1514 περὶ
460 1480 542 1506 αὑτὸν
559 1479 801 1513 ἐφιλοφρονήσατο.
827 1479 941 1514 Πληρω-

145 1527 241 1561 θείσης
257 1526 285 1552 δὲ
300 1527 348 1561 τῆς
368 1525 504 1560 ἐντυχίας,
529 1527 558 1552 ὲν
575 1525 614 1561 τῷ
631 1526 738 1560 μέλλειν
747 1524 802 1551 ἀπὸ
814 1525 861 1551 τοῦ
874 1533 941 1560 χρυ-

147 1571 321 1607 σοτρικλίνου
342 1570 443 1602 ἐξιέναι
468 1570 514 1597 τὸν
531 1571 738 1597 Κωνσταντῖνον
756 1569 858 1604 (ἐκεῖσε
884 1569 940 1605 γὰρ

147 1617 299 1652 ὲποιήσατο
312 1616 362 1650 τὴν
386 1614 468 1641 αὑτοῦ
484 1615 566 1650 δοχὴν
585 1615 599 1641 ό
615 1615 752 1650 βασιλεὺς)
770 1615 940 1650 ὑποστρέψαι

149 1663 284 1694 κελεύσας
305 1661 397 1693 αὐτὸν,
413 1661 572 1693 ὲνατενίσας
598 1661 668 1697 πρὸς
682 1662 732 1693 τὰς
748 1661 941 1697 ἐστηλωμένας

1027 836 1116 863 Filius
1137 839 1228 863 autem
1245 836 1327 871 hujus
1339 835 1550 868 Constantinus,
1567 836 1629 864 vivo
1648 837 1738 865 adhuc
1757 834 1784 865 t-t

992 883 1107 909 conscio
1137 887 1224 917 patre,
1254 889 1283 909 re
1313 889 1376 910 cum
1405 882 1571 917 quihusdam
1589 883 1651 910 aliis
1668 884 1785 918 captivis

993 928 1161 963 (complures
1189 929 1262 956 cnim
1290 929 1318 955 in
1350 936 1463 956 carcere
1489 937 1542 956 una
1564 929 1664 956 inclusi
1693 935 1784 961 erant,

993 974 1069 1009 quod
1087 974 1246 1010 religionem
1262 981 1354 1001 veram
1366 974 1483 1009 prodere
1491 974 1606 1010 nollent)
1618 976 1784 1010 composita,

991 1021 1082 1055 ruptis
1110 1021 1228 1048 vinculis
1258 1028 1307 1055 per
1326 1020 1418 1048 funem
1440 1028 1473 1048 cx
1508 1028 1620 1048 carcere
1637 1021 1740 1055 delapsi
1757 1027 1785 1049 et

991 1075 1077 1103 equos
1093 1067 1165 1094 nacti
1181 1067 1372 1103 profugerunt.
1395 1067 1552 1103 Militesque
1568 1068 1616 1103 qui
1642 1075 1691 1096 eos
1704 1075 1782 1095 com-

991 1113 1158 1148 prehensum
1186 1112 1264 1140 missi
1281 1112 1512 1147 insoquebantnr,
1526 1121 1600 1140 nunc
1614 1113 1785 1140 obverlendo

992 1166 1022 1186 se
1038 1163 1065 1185 et
1084 1158 1254 1191 dimicando,
1270 1165 1342 1184 nunc
1359 1165 1456 1184 aurum
1473 1159 1499 1184 in
1517 1166 1573 1193 quo
1597 1159 1752 1193 colligendo
1765 1159 1783 1186 ii

992 1207 1200 1238 occuparentur
1225 1200 1398 1238 projicicndo
1414 1203 1529 1236 amoliti,
1547 1204 1580 1231 ad
1597 1205 1666 1232 ﬁnes
1682 1204 1783 1232 Roma-

990 1259 1089 1277 norum
1113 1257 1276 1278 evaserunt.
1301 1252 1451 1286 Imperator
1468 1251 1678 1278 Constantinum
1695 1257 1720 1277 et
1736 1251 1783 1285 qui

993 1297 1105 1333 1069
1119 1305 1180 1324 cum
1198 1298 1256 1332 ipso
1272 1302 1351 1324 erant
1366 1297 1458 1325 statim
1474 1297 1507 1324 ad
1519 1305 1548 1324 se
1557 1296 1784 1332 vocatdonisque

992 1344 1076 1370 variis
1090 1343 1192 1376 allicit;
1223 1349 1278 1370 eta
1297 1345 1388 1378 primo
1414 1350 1577 1378 congressu,
1609 1351 1671 1370 cum
1699 1349 1784 1369 aureo

991 1389 1113 1416 triclinio
1144 1393 1218 1416 esset
1246 1390 1372 1416 exiturus
1400 1388 1604 1416 Constantinus
1632 1388 1680 1423 (ibi
1709 1387 1784 1415 enim

990 1443 1053 1462 cum
1070 1439 1216 1470 exceperat
1229 1435 1357 1462 convivio
1371 1434 1449 1469 Leo),
1465 1440 1576 1461 revocat
1591 1442 1652 1462 eum
1668 1435 1786 1472 impera:

990 1485 1054 1514 tor;
1077 1487 1158 1515 atque
1175 1481 1264 1508 oculis
1282 1481 1308 1507 in
1325 1480 1460 1515 imagines
1474 1479 1579 1507 Christi
1601 1484 1628 1507 et
1648 1478 1785 1514 Deiparxc,

990 1535 1051 1563 qua:
1077 1535 1195 1562 superne
1212 1530 1292 1554 erant
1307 1527 1459 1556 collocatae.
1473 1526 1581 1558 deﬁxis,
1598 1526 1639 1553 sic
1658 1524 1758 1552 affatur
1776 1533 1786 1551 ε

992 1574 1196 1605 «Constantine,
1212 1573 1273 1601 vide
1290 1581 1325 1600 ne
1339 1573 1461 1608 imponat
1481 1572 1529 1598 tibi
1562 1579 1661 1599 nomen
1677 1575 1755 1598 tuum
1773 1579 1781 1603 ς

991 1627 1069 1652 cave,
1083 1627 1153 1646 neve
1168 1619 1203 1646 ob
1221 1619 1246 1645 id
1280 1618 1414 1646 Romanis
1433 1623 1459 1645 te
1475 1618 1676 1653 imperaturum
1690 1616 1787 1652 opine-

991 1667 1044 1694 ris.
1070 1664 1178 1693 Etenim
1211 1663 1267 1692 lilio
1295 1663 1570 1692 meo'Constantino
1599 1662 1625 1690 id
1643 1662 1787 1697 imperium

148 1710 254 1737 ἄνωθεν
265 1710 312 1745 τῆς
323 1709 410 1744 πύλης
427 1709 534 1740 εἰκόνας
548 1709 596 1735 τοῦ
609 1708 730 1744 Χριστοῦ
754 1710 801 1736 καὶ
813 1709 864 1743 τῆς
878 1708 942 1735 Θεο-

996 1711 1130 1739 divinitus
1158 1714 1200 1738 est
1214 1710 1393 1743 destinatum,
1407 1709 1481 1745 quod
1507 1717 1557 1745 ego
1581 1708 1703 1744 comperi
1718 1715 1789 1743 prie.

152 1757 272 1792 μήτορος
285 1756 299 1782 ό
328 1754 466 1789 βασιλεὺς,
490 1754 554 1781 τάδε
573 1755 642 1789 πρὸς
663 1755 709 1780 τὸν
740 1755 945 1781 Κωνσταντῖνον

150 1802 265 1835 εἰρήκει·
284 1809 293 1826 ‹
307 1801 352 1835 Μή
362 1808 392 1826 σε
408 1800 545 1831 πλανάτω,
561 1797 584 1825 ὧ
601 1800 799 1832 Κωνσταντίνε,
810 1801 840 1826 τὸ
847 1801 944 1834 ὄνομα,

154 1846 221 1881 μηδὲ
231 1845 273 1872 διὰ
285 1845 363 1872 τοῦτο
374 1846 429 1872 οτου
442 1845 587 1880 κατάρξειν
608 1845 753 1880 Ῥωμαίων
764 1854 771 1861 ο
786 1847 807 1881 ἡ,
823 1845 945 1880 βασιλεία

151 1892 206 1928 γὰρ
221 1892 258 1927 τῷ
272 1893 330 1928 ὲμῷ
346 1891 396 1928 υἰῴ
414 1892 614 1928 Κωνσταντίνῳ
627 1893 658 1918 ὲκ
674 1892 741 1919 Θεοῦ
754 1892 944 1928 τεταμίευται,

151 1938 198 1966 καὶ
216 1939 296 1966 τοῦτό
315 1947 360 1974 μοι
376 1939 455 1974 δῆλον
471 1939 583 1974 γέγονεν
597 1940 629 1966 ὲκ
656 1940 838 1976 προρρήσεων
862 1939 942 1966 θείων

152 1985 258 2021 ἀνδρῶν
271 1986 319 2012 καὶ
336 1986 456 2021 προορᾷν
482 1986 517 2013 τὰ
537 1986 668 2021 μέλλοντα
689 1987 734 2013 διὰ
758 1986 944 2022 καθαρότητος

153 2032 345 2067 κτησαμένων.
361 2033 484 2068 Ἔμμενε
508 2032 573 2067 γοῦν
597 2035 630 2068 τῇ
659 2033 769 2070 δοθείσῃ
797 2042 838 2060 σοι
855 2033 942 2066 τάξει,

153 2079 201 2106 καὶ
220 2079 258 2113 μὴ
274 2077 410 2112 φαντάζου
423 2078 457 2104 τὰ
475 2078 545 2114 ὑπὲρ
567 2079 692 2106 σεαυτόν.
710 2079 747 2105 Ἦ
765 2079 818 2115 μὴν
835 2079 889 2106 ῐσθι
906 2079 944 2112 ὠς

149 2125 369 2160 τυραννήσαντος
378 2124 394 2155 ἠ
406 2124 510 2159 κεφαλή
520 2133 578 2157 σου,
588 2124 714 2159 σώματος
724 2126 802 2161 ἄτερ,
810 2125 853 2153 διὰ
861 2126 943 2160 τῆσδε

149 2171 200 2205 τῆς
214 2169 301 2204 πύλης
314 2169 507 2197 εἰσελεύσεται.
524 2179 534 2196 ›
560 2172 592 2197 ’⁵0
611 2171 660 2198 καὶ
676 2173 787 2206 γέγονεν
810 2171 922 2207 ὕστερον
934 2180 943 2189 '

995 1757 1165 1785 dictionibus
1191 1757 1349 1784 divinorum
1384 1757 1538 1788 hominum,
1581 1756 1708 1783 castitate
1737 1760 1787 1781 sua

994 1802 1151 1829 futurorum
1168 1802 1371 1835 prmscicntiam
1398 1804 1556 1827 nactoruni.
1578 1798 1681 1825 Locum
1698 1797 1789 1832 itaque

995 1852 1073 1874 tuum
1091 1850 1166 1878 tene,
1185 1853 1275 1880 neque
1291 1851 1316 1872 te
1329 1846 1474 1880 superiora
1492 1844 1685 1872 somniaveris.
1710 1843 1789 1871 Alio-

994 1892 1041 1928 qui
1067 1892 1138 1919 scito
1165 1895 1254 1923 tuum,
1273 1891 1295 1918 si
1315 1891 1487 1926 tyrannidem
1505 1890 1687 1921 ail‘ectaveris,
1705 1892 1789 1926 caput

993 1944 1092 1967 trunco
1118 1938 1216 1965 relicto
1241 1945 1290 1973 per
1306 1938 1376 1965 hanc
1401 1942 1507 1973 portam
1520 1937 1626 1964 illatum
1648 1937 1709 1964 iri.»
1731 1936 1789 1964 Hoc

994 1986 1104 2021 quidem
1132 1988 1232 2012 eventu
1261 1988 1305 2012 est
1339 1984 1543 2012 conﬁrmatum.
1577 1983 1684 2011 Mortuo
1714 1983 1788 2010 enim

997 2032 1100 2066 Leone,
1117 2031 1319 2059 Constantinus
1347 2039 1409 2058 cum
1427 2031 1574 2058 invasisset
1588 2031 1747 2065 imperium,
1762 2030 1788 2056 in

996 2078 1090 2106 Genici
1115 2081 1222 2105 secreto
1251 2077 1434 2105 obtruncatus
1454 2082 1505 2109 cst,
1531 2081 1668 2112 caputque
1684 2076 1747 2104 tabo
1762 2080 1790 2103 et

1000 2131 1098 2152 cruore
1112 2123 1219 2151 stillans
1242 2131 1290 2160 per
1301 2124 1402 2152 dictam
1424 2127 1528 2157 portam
1555 2123 1583 2150 in
1601 2123 1701 2158 regiam
1723 2122 1791 2149 alla-

999 2175 1065 2198 tum.

152 2215 222 2250 μετὰ
238 2215 354 2242 θάνατον
372 2215 425 2250 γὰρ
440 2215 487 2242 τοῦ
501 2216 616 2248 Λέοντος
636 2217 807 2254 τυραννήσας
830 2219 845 2244 ὁ
873 2217 1079 2248 Κωνσταντῖνος
1094 2215 1215 2252 ἀνῃρέθη
1246 2216 1276 2242 ἐν
1302 2215 1341 2250 τῷ
1363 2216 1412 2242 τοῦ
1435 2215 1544 2250 γενικοῦ
1582 2214 1714 2251 σεκρέτῳ,
1742 2212 1792 2241 καὶ

151 2262 195 2289 διὰ
209 2262 258 2298 τῆς
285 2262 418 2298 ῥηθείσης
444 2263 533 2299 πύλης
552 2263 644 2300 λύθρῳ
656 2266 704 2292 καὶ
725 2266 824 2301 αἵματι
850 2265 1005 2301 σταζομένη
1023 2265 1040 2300 ἡ
1055 2263 1152 2290 τούτου
1173 2263 1280 2298 κεφαλὴ
1295 2263 1410 2300 εἰσήχθη
1429 2264 1469 2295 εἰς
1483 2264 1518 2290 τὰ
1533 2263 1667 2299 βασίλεια.

192 2335 222 2361 ’0
233 2335 262 2361 δὲ
279 2334 407 2369 βασιλεὺς
427 2335 471 2362 διά
495 2344 557 2363 τινα
572 2337 702 2365 ὑπόνοιαν
728 2338 877 2366 Εὐστάθιον
894 2338 946 2374 μά-

151 2389 263 2415 γιστρον
290 2381 336 2408 τὸν
364 2382 515 2417 ’Δργυροῦν
546 2385 709 2420 μετεκίνησε
723 2386 772 2421 τῆς
797 2386 885 2421 ἀρχῆς
896 2384 943 2422 (ἦν

1036 2337 1170 2365 Praeterea
1185 2336 1241 2364 Leo
1248 2337 1425 2364 Eustathium
1441 2337 1604 2372 magistrum
1611 2336 1790 2372 drungarium

998 2383 1098 2420 vigiliae
1117 2391 1232 2411 munere
1246 2391 1298 2411 suo
1307 2384 1412 2411 amovit
1428 2383 1463 2411 ob
1491 2383 1638 2418 quamdam
1656 2383 1792 2418 suspicio.

152 2428 208 2463 γὰρ
220 2428 400 2476 δρουγγάριος
413 2429 466 2476 τῆς
484 2428 600 2476 βίγλας),
617 2431 646 2476 li;
671 2431 719 2458 καὶ
739 2432 828 2459 ἀπιὼν
853 2432 942 2460 οῐκαδε

1000 2438 1062 2458 nem
1077 2439 1085 2464 ;
1103 2430 1184 2465 isque
1197 2430 1309 2457 domum
1325 2438 1402 2458 suam
1410 2430 1558 2465 digressus
1573 2437 1679 2457 veneno
1697 2430 1790 2465 periit,

153 2473 294 2507 φαρμάκῳ
313 2473 513 2508 κατεργασθεὶς
534 2474 694 2510 ἐτελεύτησε
711 2495 720 2508 ,
756 2477 841 2503 πολὺν
864 2477 946 2504 πόθον

154 2519 237 2546 αὐτοῦ
266 2519 305 2554 τῷ
330 2528 360 2546 τε
390 2519 501 2555 στρατῷ
528 2522 574 2547 καὶ
602 2522 640 2556 τῷ
670 2522 756 2558 στόλῳ
780 2522 948 2556 καταλιπὼν,

157 2567 341 2601 μεμνημένοις
357 2565 415 2593 τῶν
438 2567 695 2602 ἀνδραγαθημάτων
722 2569 819 2598 αὐτοῦ.
846 2569 948 2605 Ἐτάφη

153 2610 182 2637 δὲ
194 2611 265 2638 κατὰ
278 2611 309 2638 τὸ
319 2612 474 2647 Χαρσιανὸν
485 2613 515 2640 ἐν
529 2614 562 2649 τῇ
575 2615 643 2649 μονῇ
653 2614 703 2649 τῆς
724 2614 818 2649 Ἀγίας
841 2615 949 2647 Ἑλιζὰ-

157 2654 212 2689 δετ,
242 2657 276 2692 ἢν
290 2657 368 2684 Λέων
387 2659 401 2684 ό
421 2658 534 2690 πάππος
551 2659 635 2686 αὑτοῦ
664 2660 891 2696 ἐκαινούργησεν,
920 2661 950 2692 ὃς

158 2700 205 2726 καὶ
220 2701 250 2727 τδ
265 2703 319 2730 τῶν
342 2704 483 2740 ’Δργυρῶν
495 2705 620 2732 ἐπίθετον
633 2706 810 2742 ἐκληρώσατο
826 2706 946 2742 πρῶτος,

155 2746 209 2774 εἴτε
223 2747 267 2774 διὰ
277 2747 455 2787 καθαρότητα
473 2751 542 2786 βίον,
558 2752 614 2779 εῐτε
639 2754 686 2779 καὶ
713 2753 747 2779 δι’
779 2753 947 2789 εὐπρέπειαν

156 2793 293 2828 σώματος,
307 2795 363 2822 εἴτε
380 2797 428 2823 καὶ
445 2797 491 2824 διά
506 2805 568 2825 τινα
596 2798 696 2834 τρόπον
713 2799 764 2835 τῆς
775 2799 858 2826 αὐτοῦ
882 2807 945 2833 γεν-

153 2839 296 2875 ναιότητος
309 2849 316 2856 ·
336 2842 464 2871 τοσοῦτον
489 2844 543 2880 γὰρ
561 2846 660 2881 περιῆν
683 2847 698 2873 ό
727 2846 798 2882 ἀνὴρ
822 2846 877 2873 τῶν
898 2846 944 2872 ἐπὶ

152 2884 200 2911 τοῦ
214 2885 327 2921 Μιχαὴλ
342 2891 499 2922 γενομένων
515 2890 669 2925 ἀνθρώπων
689 2890 760 2918 ὥστε
774 2891 854 2926 μόνος
876 2892 945 2926 μετὰ

152 2929 208 2957 τῶν
222 2929 369 2966 οἰκογενῶν
386 2934 589 2969 συνερρήγνυτο
603 2937 658 2968 τοῖς
678 2937 709 2964 ἐκ
729 2936 869 2973 Τεφρικῆς
883 2937 950 2984 Ma:

997 2483 1097 2512 magno
1124 2477 1167 2504 sui
1192 2476 1332 2504 desiderio
1357 2476 1491 2504 exercitui
1516 2475 1656 2511 classique
1681 2476 1790 2508 relicto,

1000 2521 1131 2557 praeclara
1146 2520 1207 2556 ejus
1221 2519 1343 2548 facinora
1366 2521 1500 2548 memoria
1519 2520 1713 2549 recalentibus.
1739 2519 1790 2547 Sc-

1000 2567 1095 2602 pultus
1129 2570 1172 2594 est
1199 2567 1273 2602 apud
1299 2566 1485 2595 Charsianum
1511 2567 1539 2594 in
1573 2566 1743 2595 monasterio
1759 2567 1790 2595 S.

999 2611 1156 2642 Elisahetze.
1173 2612 1246 2647 quod
1272 2619 1373 2639 novum
1389 2619 1458 2640 avus
1472 2612 1533 2647 ejus
1550 2612 1605 2640 Leo
1618 2612 1790 2640 condiderat.

1001 2657 1052 2684 Hic
1068 2657 1176 2693 1070
1191 2657 1246 2685 Leo
1257 2659 1362 2693 primus
1379 2660 1560 2695 Argyrorum,
1578 2659 1604 2686 id
1619 2662 1674 2693 est,
1691 2665 1792 2693 argen-

1001 2709 1122 2738 teorum,
1154 2712 1310 2740 cognomen
1329 2704 1440 2733 familiae
1464 2713 1521 2733 suae
1553 2705 1656 2738 intulit,
1672 2705 1730 2734 sive
1756 2705 1793 2732 ob

999 2751 1062 2779 vita:
1076 2751 1233 2786 puritatem.
1249 2751 1308 2779 sive
1323 2752 1358 2779 ob
1373 2751 1502 2780 decorem
1519 2752 1655 2787 corporis,
1684 2753 1742 2779 sive
1757 2751 1793 2778 ob

999 2797 1136 2825 illustrem
1157 2797 1362 2831 fortitudinem,
1388 2805 1443 2834 qua
1460 2799 1484 2826 is
1498 2798 1618 2834 mquales
1632 2804 1699 2825 suos
1712 2796 1722 2831 (
1733 2796 1792 2824 cla-

1000 2844 1057 2870 ruit
1075 2848 1168 2872 autem
1182 2843 1318 2872 Micliaelo
1332 2845 1498 2880 imperante)
1524 2844 1594 2875 adeo
1605 2842 1746 2878 superavit
1761 2845 1792 2868 ut

999 2890 1076 2918 solus
1089 2898 1153 2918 cum
1170 2891 1263 2919 vernis
1278 2891 1338 2920 suis
1368 2891 1535 2919 Manichaeos
1550 2888 1751 2924 Tephricenscs
1765 2891 1793 2914 et

1002 2937 1172 2967 Melitenam
1200 2938 1343 2974 Agarenos
1374 2938 1490 2968 adortus
1521 2937 1548 2965 in
1585 2935 1681 2971 iugum
1710 2931 1793 2961 facile
