2046 3149
247 176 319 211 1159

852 172 1015 204 GEORGII
1029 171 1201 202 CEDRENI

1797 168 1867 200 1180

244 234 407 270 coniecerit,
419 232 594 268 nominisque
609 231 691 259 etiam
705 230 767 266 ejus
782 230 885 258 mentio
897 234 1029 258 terrorem

1085 227 1196 263 νιχαίοις
1207 226 1254 254 καὶ
1265 226 1321 258 τοῖς
1333 227 1365 253 ἐκ
1381 226 1535 262 Μελιτηνῆς
1563 227 1727 260 Αγαρηνοίξ,
1745 227 1792 253 καὶ
1804 227 1868 253 τού-ι

242 281 369 309 hostibus
385 278 542 307 incuSSerit.

278 366 412 394 Caeterum
431 369 573 400 pactorum
585 370 669 392 causa
686 371 701 390 a
715 363 803 391 Tarso
821 367 848 391 et
861 363 985 391 Melitena
995 362 1030 390 ad

244 411 363 440 Leonem
391 411 467 438 missi
488 414 621 438 venerunt
648 409 745 444 Cpolin
765 410 917 436 Ahelbaces
933 414 959 436 et
982 409 1030 436 Sa-

245 465 332 484 mooae
361 460 446 491 pater.
472 455 546 488 Quos
577 455 722 491 magniﬁco
748 455 856 489 excepit
882 455 1031 489 imperator

245 502 370 529 convivio
391 502 417 528 in
441 501 600 536 Magnaura,
617 501 758 535 splendide
775 501 919 528 instructa.
946 499 1031 526 Exor-

244 549 318 575 uavit
333 553 360 574 et
385 547 512 583 Magnum
538 547 681 582 Templum
709 548 860 582 magniﬁce,
882 546 1031 581 legatisque

245 594 413 621 introductis
443 594 537 620 omnia
564 593 648 620 etiam
681 599 746 618 vasa
765 592 798 618 ad
815 591 934 618 divinam
949 591 1031 625 perti-

245 641 336 668 nentia
364 640 503 672 litui-aiam
536 639 749 666 demonstravit.
767 639 795 664 ld
827 637 938 673 quidem
957 641 1031 664 statu

244 685 400 712 Christiano
422 685 566 719 indignum
584 684 646 716 fuit,
674 683 826 719 peregrinis
860 683 1029 714 hominibus,

244 731 335 766 iisque
353 739 366 757 τι
389 739 451 758 vera
469 731 601 765 religione
617 731 723 762 alienis,
755 737 785 757 ea
813 729 958 756 ostendere
971 736 1031 763 qua:

246 785 279 804 ne
290 785 304 804 a
321 777 374 811 piis
393 776 502 811 quidem
515 781 542 803 et
556 776 669 810 iltlegra':
680 775 743 802 vitae
759 774 915 801 horninibus
929 777 1031 800 temere

244 824 384 850 visuntur.
403 823 435 848 Et
452 822 579 849 Samona:
594 826 670 855 pater
689 828 751 848 cuin
769 820 873 848 videret
896 823 1028 854 quantum

245 869 371 904 potentia:
387 872 467 902 atque
495 868 607 895 honoris
632 867 703 902 apud
733 867 927 901 imperatorem
958 865 1030 892 ﬁlius

245 913 392 943 obtineret,
407 919 469 939 cum
491 911 546 938 lilio
565 919 675 938 manere
703 911 788 938 voluit
801 910 887 945 patria
903 910 1029 937 Melitena

247 959 367 985 deserta.
388 956 486 984 Verum
505 956 640 984 Samonas
665 957 691 984 id
712 964 810 991 passus
825 963 878 983 non
898 960 950 988 est,
965 955 1029 982 hor—

249 1007 321 1029 tatus
334 1006 440 1037 patrem
458 1007 487 1029 ut
501 1001 611 1029 domum
628 1002 728 1029 rediret
745 1006 771 1028 et
786 1001 812 1028 in
836 1008 885 1028 sua
900 1001 1031 1035 religione

248 1051 448 1082 perseveraret,
476 1055 508 1074 ac
539 1055 568 1074 se
592 1054 700 1081 quoque
730 1050 913 1080 exspectaret.
942 1045 1030 1079 prima

248 1101 358 1128 quoque
374 1093 518 1120 occasione
531 1093 641 1119 domum
658 1092 819 1119 rediturum.
835 1091 916 1119 Festo
930 1091 1030 1118 Pente-

245 1143 331 1167 costre
364 1139 468 1174 1071
488 1139 533 1165 die
564 1139 714 1173 imperator
734 1137 819 1164 tilium
848 1145 928 1165 suum
954 1137 1027 1164 Con-

247 1186 401 1213 stantinum
413 1192 494 1220 opera
506 1183 644 1219 Euthvmii
653 1185 817 1218 patriarcha
826 1184 980 1211 coronavit.
995 1184 1031 1211 At

248 1240 314 1260 vero
347 1233 492 1264 Samonas,
511 1235 540 1258 ut
569 1231 720 1266 Augustam
736 1231 933 1262 demereretur,
950 1239 1030 1258 suum

247 1278 406 1306 ministrum
437 1278 647 1305 Constantinum
680 1277 792 1304 natione
824 1277 1027 1312 Paphlagoniam

247 1324 404 1352 eunuchum
428 1323 451 1351 ei
478 1331 527 1358 pro
553 1322 656 1350 l‘ninulo
681 1324 773 1350 tradit.
796 1321 820 1350 ls
835 1322 1032 1352 Constantinus

247 1371 275 1397 in
303 1374 405 1397 tantam
435 1371 508 1397 venit
535 1370 663 1405 Augusta:
697 1373 724 1396 et
750 1368 849 1396 Leonis
863 1370 989 1404 gratiam,
1004 1374 1033 1396 ut

247 1416 307 1450 ipse
320 1417 402 1443 etiam
429 1415 563 1443 Samonas
587 1415 688 1442 invidia
704 1420 848 1450 correptus
863 1415 933 1449 apud
947 1415 1034 1450 impe-

250 1466 369 1489 ratorem
386 1469 447 1488 eum
473 1461 611 1493 detulerit,
626 1461 705 1496 quasi
723 1469 784 1487 cum
798 1461 921 1496 Augusta
937 1461 959 1489 is
975 1469 1032 1489 rem

248 1508 375 1535 haberet.
391 1507 440 1534 Cui
463 1507 649 1534 criminationi
665 1507 779 1534 credens
795 1507 860 1539 Leo,
877 1507 1034 1535 Constanti-

250 1561 314 1579 num
347 1552 473 1579 monachi
493 1553 518 1578 in
536 1559 639 1580 morem
666 1552 772 1580 tonderi
784 1553 871 1587 jubet,
888 1557 915 1580 et
930 1554 963 1580 al)
975 1554 1034 1589 ipso

246 1599 368 1627 Samona
398 1598 424 1624 in
466 1597 575 1625 Tarasii
600 1599 796 1626 monasterium
823 1599 930 1626 deduci.
949 1599 1033 1627 Paulo

250 1648 312 1679 post
327 1650 416 1670 autem
429 1648 533 1671 mutata
543 1645 680 1672 sententia
701 1645 823 1680 recipere
838 1652 899 1671 eum
910 1646 1033 1680 cupiens,

249 1690 374 1725 ejusdem
391 1689 516 1716 Samonaa
533 1697 616 1724 opera
634 1698 695 1717 eum
723 1691 750 1717 in
764 1692 956 1718 monasterium
974 1691 1035 1726 Spi-

249 1743 344 1763 rarum
360 1735 508 1762 transtulit.
524 1735 712 1770 Egressnsque
725 1737 757 1762 ad
773 1735 957 1772 Damatrynm,
970 1741 996 1764 et
1009 1737 1035 1764 in

250 1781 376 1808 Samonae
386 1789 504 1816 pransus
517 1782 696 1814 monasterio,
706 1789 768 1808 cum
781 1781 885 1809 videret
899 1782 1035 1810 Constan-

250 1827 350 1859 tinum,
383 1827 456 1854 illico
483 1827 624 1854 mandavit
640 1831 669 1854 ut
686 1827 814 1854 monachi
832 1827 925 1854 hahitu
938 1832 1036 1855 exutus

250 1872 323 1899 civili
349 1874 448 1900 vestitu
476 1872 653 1906 amicirctnr;
670 1877 697 1899 et
715 1872 786 1908 apud
807 1880 869 1900 eum
888 1874 1036 1901 convivalis

251 1919 382 1953 poculum
398 1919 423 1945 ei
438 1926 520 1945 suum
551 1918 610 1946 dari
626 1918 721 1953 jussit,
737 1926 886 1950 secumque
899 1919 1035 1946 hominem

250 1964 279 1991 in
312 1964 443 1998 palatium
461 1964 581 1991 reduxit.
601 1963 736 1991 Samooas
753 1963 847 1991 videns
865 1964 1037 1998 imperatoris

253 2011 280 2037 in
297 2010 509 2037 Constantinum
540 2018 662 2037 amorem
679 2018 815 2043 crescere,
831 2011 983 2045 composita
1007 2018 1037 2037 re

251 2063 313 2083 cum
339 2055 454 2091 Megisto
483 2056 618 2083 Cmtonita
646 2061 672 2083 et
704 2055 837 2082 Michaelo
868 2055 1036 2087 Tzirithone.

251 2099 374 2126 libellum
389 2099 522 2127 conviciis
551 2099 579 2126 in
597 2099 716 2127 Leonem
733 2100 886 2128 innumeris
906 2100 1036 2128 refertum

252 2152 334 2179 opera
353 2145 454 2172 scriba:
471 2145 512 2172 sui
528 2144 701 2173 Constantini
714 2145 812 2172 Rhodii
829 2146 949 2177 conﬁcit,
961 2154 1039 2174 eum-

253 2191 417 2225 que1072
446 2191 636 2225 consignatum
668 2191 694 2218 in
712 2190 849 2218 Mitatorio
863 2192 967 2226 abiicit.
985 2191 1037 2219 lm-

1045 899 1100 931 Bv

1081 285 1144 307 τους
1156 276 1256 310 ῥᾳδίως
1270 275 1412 311 ἐτρέπετο.
1439 276 1492 301 Καὶ
1509 275 1538 301 τὶ»
1565 275 1649 309 ὄνομα
1677 275 1760 302 αὑτοῦ
1787 275 1868 310 μόνον

1081 321 1269 356 φημιζομενον
1284 321 1420 356 φόϐητρον
1433 319 1467 356 ἦν
1482 322 1550 348 πᾶσι
1566 322 1623 353 τοῖς
1640 321 1807 352 ἀντιπάλοις.

1116 367 1204 401 Χάριν
1219 366 1246 392 δὲ
1266 366 1393 399 ἀλλαγίου
1405 366 1612 400 ἐκπεμφθέντες
1633 364 1686 391 ἀπό
1707 373 1736 391 τε
1756 364 1869 400 Ταρσοῦ

1080 413 1128 440 καὶ
1145 411 1366 446 Μελιτηνῆςὸτε
1389 411 1557 444 Ἀὁελδάκης
1581 411 1686 442 ἐκεῖνος
1714 410 1762 436 καὶ
1786 411 1800 436 ὁ
1821 410 1869 436 τοῦ

1082 459 1200 493 Σαμωνᾶ
1227 457 1318 493 πατὴρ
1346 457 1497 483 κατέλαϐον
1519 457 1567 492 τὴν
1582 455 1789 491 βασιλεύουσαν.
1814 456 1868 482 Καὶ

1081 504 1192 534 τούτους
1207 504 1221 530 ὁ
1241 503 1368 537 βασιλεὺς
1381 503 1489 534 ἐδέξατο
1511 503 1632 537 μεγάλην
1647 502 1726 536 δοχὴν
1753 502 1869 537 ποιήσας

1082 551 1129 577 καὶ
1150 550 1245 584 κόσμῳ
1263 548 1352 583 πολλῷ
1367 549 1416 583 τὴν
1449 547 1617 583 Μιγναύρσιν
1644 548 1869 582 κατακοσμήσας.

1081 596 1265 623 Ἐκαλλώπισε
1274 596 1301 622 δὲ
1312 596 1357 622 καὶ
1370 596 1419 628 τὴν
1430 595 1559 629 Μεγάλην
1575 593 1741 627 Ἐκκλησίαν
1755 594 1871 619 πολυτε-

1080 641 1145 672 λῶς,
1163 640 1204 676 [Ρ.
1222 639 1345 675 6051κα¹ι
1357 640 1489 673 εἰσήγαγε
1508 640 1620 670 τούτους
1636 639 1736 670 ἐκεῖσε,
1760 639 1806 664 καὶ
1835 638 1871 664 τὰ

1081 686 1159 717 τίμια
1179 685 1317 717 ὑπέδειξεν
1345 685 1454 712 ἅπαντα
1483 685 1530 711 καὶ
1557 684 1591 711 τὰ
1611 686 1644 720 τῇ
1670 684 1730 718 Θείᾳ
1757 683 1873 719 λατρεῐᾳ

1081 731 1290 766 λειτουργοῦντα
1314 730 1410 765 σκεύη.
1441 730 1526 757 Τοῦτο
1550 731 1578 757 δὲ
1609 730 1719 763 ἀνάξιον
1748 728 1782 765 ἦν
1805 731 1873 764 Χρι-

1083 777 1222 812 στιανικῆς
1233 777 1436 809 καταστάσεως,
1455 776 1616 810 ἀλλοφύλοις
1639 776 1794 810 ἀνθρώποις
1822 777 1872 802 καὶ

1082 823 1252 854 ἀλλοπίστοις
1266 823 1383 850 ἐκθεατὰ
1393 823 1450 857 (55)
1470 818 1557 849 ποιεῖν
1583 822 1617 848 τὰ
1636 823 1683 848 καὶ
1700 823 1757 853 τοῖς
1770 822 1807 856 μὴ
1820 831 1858 848 κσ.

1081 868 1135 899 λῶς
1146 868 1249 903 βιοῦσιν
1264 867 1406 894 εὐσεϐέσιν
1425 867 1577 902 ἀνθρώποις
1589 867 1703 894 ἀθέατα.
1722 867 1752 893 Ὀ
1769 867 1796 893 δὲ
1821 866 1872 893 τοῦ

1083 915 1201 948 Σαμωνᾶ
1213 914 1304 948 πατὴρ
1319 913 1368 948 τὴν
1381 913 1548 948 παρρησίαν,
1565 913 1596 947 ἢν
1605 913 1619 938 ό
1635 913 1730 939 τούτου
1745 913 1798 944 υίὸς
1809 912 1873 947 ἔσχε

1081 961 1150 996 πρὸς
1178 960 1290 995 βασιλέα
1312 960 1360 986 καὶ
1381 959 1431 993 τὴν
1461 958 1544 993 τιμὴν
1566 958 1733 993 Θεασάμενος
1752 958 1798 984 καὶ
1820 959 1872 993 τὴν

1080 1006 1169 1038 δόξαν,
1183 1005 1329 1041 ᾑρετίσατο
1349 1005 1468 1031 συνεῖναι
1481 1004 1521 1038 τῷ
1549 1004 1610 1039 υἱῷ,
1637 1003 1792 1038 Μελιτηνὴν
1820 1004 1874 1038 τὴν

1081 1051 1197 1086 πατρίδα
1212 1051 1450 1084 ἀπαρνησάμενος.
1473 1050 1607 1084 Σαμωνᾶς
1623 1049 1651 1075 δὲ
1665 1049 1696 1076 οὑ
1711 1049 1872 1084 συνεχώρει,

1081 1097 1197 1132 παρῄνει
1215 1096 1245 1123 δέ
1263 1095 1362 1131 μᾶλλον
1378 1097 1418 1128 εἰς
1440 1095 1474 1122 τὰ
1502 1096 1591 1122 οἰκεῖα
1619 1096 1802 1129 ὑπονοστῆσσι
1822 1096 1874 1122 καὶ

1080 1143 1129 1177 τῆς
1146 1143 1214 1174 ἰδίας
1226 1142 1337 1178 ἔχεσθαι
1351 1142 1480 1174 πίστεως,
1497 1141 1663 1176 προσμένειν
1678 1141 1705 1167 δὲ
1718 1142 1765 1167 καὶ
1775 1141 1870 1173 αὑτὸν,

1081 1191 1105 1216 εἰ
1121 1189 1218 1224 καιροῦ
1242 1189 1362 1220 λάϐοιτο,
1388 1189 1477 1214 ἐκεῖσε
1504 1187 1641 1221 γενέσθαι.
1658 1187 1713 1222 Τῆς
1728 1188 1755 1213 δὲ
1773 1187 1876 1223 ἑορτῆς

1082 1236 1230 1269 ἐπιστάσης
1259 1236 1288 1261 ἐν
1317 1232 1380 1271 ᾖτὺ
1410 1234 1524 1268 Πνεῦμα
1546 1234 1576 1260 τὸ
1602 1233 1678 1267 ἆγιον
1696 1235 1724 1259 ἐν
1743 1233 1876 1268 πυρίναις

1081 1282 1219 1316 γλώσσαις
1246 1282 1302 1312 τοῖς
1333 1279 1492 1312 ἀποστόλοις
1515 1279 1675 1314 ἐφοίτησεν,
1705 1279 1801 1313 ἐστεψε
1826 1279 1874 1304 τὸν

1082 1328 1181 1353 οἰκεῖον
1192 1326 1249 1352 υίδν
1264 1326 1468 1351 Κωνσταντῖνον
1488 1325 1501 1350 ὁ
1518 1324 1647 1359 βασιλεὺς
1665 1323 1710 1350 διὰ
1733 1323 1873 1358 Εὑθυμίου

1082 1372 1129 1399 τοῦ
1162 1372 1344 1406 πατριάρχου.
1365 1370 1492 1397 Σπεύδων
1519 1370 1547 1396 δὲ
1571 1371 1585 1395 ὁ
1608 1370 1743 1403 Σαμωνᾶς
1756 1369 1804 1404 τὴν
1823 1369 1875 1404 τῆς

1084 1417 1218 1449 βασιλίδος
1234 1417 1303 1451 πρὸς
1321 1416 1417 1443 ἐαυτὸν
1434 1414 1638 1441 ἐπισπάσασθαι
1649 1414 1767 1447 εὔνοιαν,
1795 1416 1875 1442 Κων-

1085 1465 1223 1490 σταντῖνον
1234 1463 1280 1489 τὸν
1295 1461 1392 1488 ἑαυτοῦ
1419 1461 1559 1495 ὑπηρέτην
1578 1460 1707 1494 ἐκτομίαν
1735 1459 1800 1486 δ-ιτα
1826 1460 1875 1486 καὶ

1084 1510 1133 1544 τῆς
1147 1510 1200 1536 τῶν
1212 1509 1398 1543 Παφλαγόνων
1424 1507 1586 1543 ὁρμώμενον
1605 1507 1696 1542 χώρας
1714 1508 1746 1542 τῇ
1770 1507 1876 1541 Αὐγού-

1086 1565 1135 1591 στῃ
1150 1556 1285 1591 παρέσχεν
1295 1555 1453 1590 ὑπηρετεῖν.
1468 1554 1602 1580 Τοσοῦτον
1610 1554 1638 1580 δέ
1654 1551 1729 1584 οὗτος
1744 1554 1875 1588 ἠγαπήθη

1086 1602 1150 1637 παρ’
1167 1603 1252 1635 αὐτῆς
1265 1601 1312 1628 καὶ
1326 1601 1440 1632 Λέοντος
1455 1599 1503 1626 τοῦ
1532 1599 1664 1634 βασιλέως
1678 1599 1715 1629 ὡς
1729 1599 1776 1625 καὶ
1792 1599 1875 1625 αὑτὸν

1085 1648 1130 1674 τὸν
1146 1648 1279 1682 Σαμωνᾶν
1290 1646 1437 1682 διερεθίσαι
1451 1646 1519 1681 πρὸς
1534 1646 1641 1679 φθόνον,
1667 1646 1715 1672 καὶ
1740 1646 1876 1672 διαλοιδο-

1087 1692 1191 1727 ρεῑσοαι
1206 1691 1280 1726 αὐτῷ
1293 1692 1361 1726 πρὸς
1372 1691 1485 1726 βασιλέα
1510 1691 1548 1722 ὼς
1574 1693 1606 1724 τῇ
1636 1691 1777 1726 Αὐγούστῃ
1803 1691 1877 1726 τάχει

1085 1737 1270 1772 πλησιάζοντι·
1282 1738 1361 1771 ὅπερ,
1373 1736 1411 1767 ὼς
1426 1737 1526 1772 ἀληθὲς
1537 1737 1698 1768 πιστεύσας,
1713 1737 1874 1768 ἀποστείλας

1085 1784 1230 1817 ἀπέκειρεν
1247 1783 1327 1810 αὐτὸν
1338 1783 1454 1818 μοναχὸν
1465 1784 1494 1810 ἐν
1512 1785 1546 1819 τῇ
1558 1783 1605 1809 τοῦ
1628 1782 1720 1817 Ἀγίου
1733 1782 1870 1816 Tagastae

1087 1831 1154 1864 μονῇ
1176 1829 1208 1855 δι’
1224 1828 1307 1855 αὐτοῦ
1332 1828 1379 1855 τοῦ
1403 1829 1530 1863 Σαμωνᾶ.
1554 1829 1619 1855 Μετ’
1642 1828 1731 1861 ὀλίγον
1746 1828 1773 1854 δὲ
1792 1827 1875 1854 πᾶλιν

1088 1876 1236 1910 μεταγνοὺς
1246 1876 1294 1902 καὶ
1311 1875 1476 1910 προσλαϐεῖν
1504 1875 1599 1901 τοῦτον
1617 1874 1715 1901 ὲῢέλων
1734 1875 1876 1908 μετήγαγε

1085 1921 1118 1947 δι’
1130 1921 1269 1947 αὐτοῦτοῦ
1287 1921 1406 1954 Σαμωνᾶ
1425 1921 1465 1951 εἰς
1484 1921 1533 1954 τὴν
1551 1921 1634 1956 μονὴν
1654 1920 1709 1947 τῶν
1739 1920 1878 1955 Σπειρῶν.

1093 1967 1136 1993 Ἐν
1153 1967 1191 2002 τῷ
1205 1967 1349 2001 Δαματρύῖ
1365 1966 1411 1993 οὖν
1425 1966 1539 1998 ἐξελθὼν
1558 1967 1572 1992 δ
1591 1967 1716 2000 βασιλεὺς
1732 1966 1778 1992 καὶ
1791 1967 1820 1992 ἐν
1842 1967 1876 2002 τῇ

1086 2013 1132 2038 τοῦ
1148 2013 1265 2047 Σαμωνᾶ
1280 2013 1433 2046 ἀριστήσας
1450 2013 1532 2047 μονῇ,
1550 2013 1599 2039 καὶ
1615 2011 1784 2046 θεασάμενος
1798 2012 1878 2038 Κων·

1088 2058 1235 2090 σταντῖνον,
1252 2057 1351 2088 εὐθέως
1364 2057 1563 2090 διεκελεύσατο,
1579 2058 1626 2083 καὶ
1641 2057 1780 2084 ἀπέδυσαν
1795 2058 1876 2084 αὑτὸν

1086 2104 1121 2130 τὰ
1139 2103 1184 2130 τοῦ
1214 2103 1348 2138 μονήρους
1371 2102 1428 2137 βίου
1457 2104 1548 2137 ἄμφια
1573 2103 1620 2130 καὶ
1634 2104 1762 2130 ἐνέδυσαν
1780 2103 1876 2137 στολὴν

1087 2149 1222 2183 κοσμικὴν
1251 2148 1318 2183 (56).
1348 2149 1402 2175 Καὶ
1435 2148 1625 2184 εὐωχούμενός
1655 2157 1685 2175 τε
1711 2149 1776 2183 παρ’
1800 2148 1877 2182 αὐτῷ

1086 2194 1195 2229 δοθῆναί
1209 2195 1233 2221 οἰ
1247 2194 1373 2220 ἐκέλευσε
1384 2194 1413 2220 τὸ
1427 2195 1555 2229 ποτήριον
1573 2196 1602 2221 ὲν
1624 2194 1663 2229 τῷ
1688 2194 1804 2230 ἀρίστῳ,
1827 2194 1877 2220 καὶ

252 2240 362 2271 perator
390 2236 499 2270 publice
515 2237 542 2262 in
568 2236 694 2269 Magnum
709 2236 849 2270 Templum
865 2244 1034 2272 progressus,

1091 2240 1281 2275 εἰσερχόμενος
1305 2241 1333 2265 ἐν
1349 2239 1389 2275 τῷ
1419 2239 1542 2274 παλατίῳ
1565 2239 1706 2273 ἐφείλκετο
1733 2240 1781 2266 καὶ
1797 2239 1879 2266 αὑτὸν

252 2289 314 2308 cum
343 2282 370 2308 in
384 2281 550 2308 Mitatorium
568 2282 699 2313 venisset,
720 2289 774 2316 quo
791 2282 851 2309 loco
865 2283 1038 2316 precabatur,

253 2327 375 2356 libellum
396 2328 501 2356 invenit
518 2335 550 2355 ac
582 2327 657 2363 legit.
681 2328 722 2355 Ea
741 2335 786 2355 res
801 2335 848 2356 eos
863 2329 909 2363 qui
922 2329 1038 2358 aderant

254 2374 282 2401 in
311 2381 438 2408 magnam
476 2373 596 2408 coniecit
624 2373 847 2406 sollicitudinem,
875 2379 955 2410 atque
985 2377 1036 2411 ipsi

255 2420 338 2447 etiam
371 2419 457 2447 Leoni
484 2427 580 2447 curam
612 2420 704 2446 attulit
730 2424 868 2447 auctorem
889 2423 1038 2455 quaerendi.

256 2465 315 2493 Sub
332 2466 404 2493 idem
427 2471 534 2500 tempus
547 2466 618 2492 luna:
632 2465 757 2494 defectus
772 2466 907 2494 maximus
932 2467 994 2495 fuit.
1009 2468 1043 2495 Et

255 2511 311 2540 Leo
349 2512 556 2547 Synnadensem
594 2512 807 2546 metropolitam,
847 2511 1042 2541 Pantaleonem

256 2557 380 2588 nomine,
397 2558 586 2585 astronomiea
603 2557 740 2584 imbutum
755 2558 870 2585 scientia
887 2558 998 2590 accivit,
1015 2563 1044 2586 ut

257 2610 291 2630 ex
307 2610 340 2630 eo
363 2602 478 2638 deliquii
505 2603 565 2638 ejus
594 2602 656 2637 quis
684 2601 797 2631 futurus
824 2607 899 2631 esset
926 2604 1040 2632 eﬂ'ectus

257 2653 443 2682 cognosceret.
456 2649 523 2675 Eum
537 2648 570 2675 ad
577 2655 667 2683 regem
676 2648 824 2675 intrantem
837 2647 871 2675 Sa
877 2656 972 2677 monas
983 2657 1042 2683 per-

258 2697 387 2720 conlatus
407 2698 449 2721 est
463 2695 572 2720 cuinam
595 2695 710 2722 adversa
724 2694 964 2728 portenderentur.
991 2694 1043 2722 Re-

257 2739 440 2774 sponditque:
457 2748 466 2764 ι
479 2739 550 2767 Tibi.
565 2739 618 2767 Sed
629 2738 950 2767 tamensil5Jnniidiem
963 2748 1044 2775 supe-

1093 2286 1151 2321 μετ¹
1168 2285 1261 2313 αὐτοῦ.
1285 2285 1373 2320 Ὀρῶν
1386 2285 1413 2311 δὲ
1428 2285 1474 2311 καὶ
1500 2286 1514 2311 δ
1535 2285 1667 2320 Σαμωνᾶς
1691 2285 1879 2320 αὐξανομένην

1090 2332 1139 2367 τὴν
1168 2332 1235 2366 πρὸς
1257 2331 1303 2357 τὸν
1320 2333 1522 2358 Κωνσταντῖνον
1539 2331 1585 2358 τοῦ
1612 2332 1746 2367 βασιλέως
1767 2333 1880 2367 ἀγάπην

1093 2377 1238 2412 ἐπιϐουλὴν
1251 2376 1311 2403 κατ’
1326 2377 1408 2403 αὑτοῦ
1439 2378 1547 2412 ῥάπτει,
1573 2378 1646 2404 τόνδε
1667 2378 1880 2413 συντεθειμένην

1089 2424 1133 2450 τὸν
1145 2424 1245 2458 τρόπον
1259 2431 1267 2438 ·
1285 2423 1550 2458 κοινολογησάμενος
1573 2424 1702 2458 Μεγίστῳ
1716 2423 1755 2458 τῷ
1782 2432 1881 2450 κοιτω-

1089 2471 1150 2504 νίτῃ
1165 2471 1211 2495 καὶ
1220 2468 1329 2504 Μιχαὴλ
1339 2469 1377 2504 τῷ
1390 2468 1536 2503 Τζιρίθωνι
1548 2469 1723 2504 γραμμάτιον
1735 2469 1880 2503 συντίθησι

1090 2515 1226 2549 λοιδορίας
1244 2514 1304 2549 ἔχον
1327 2515 1397 2541 κατὰ
1413 2514 1461 2540 τοῦ
1489 2514 1620 2548 βασιλέως
1636 2515 1777 2550 ἀπείρους,
1804 2514 1882 2540 Κων-
1903 2547 1906 2550 Ι

1093 2560 1232 2586 σταντίνου
1253 2559 1300 2586 τοῦ
1318 2559 1430 2590 Ῥοδίου,
1449 2559 1478 2591 ὃς
1495 2559 1731 2594 ὑπεγραμμάτευε
1762 2558 1801 2593 τῷ
1830 2559 1884 2585 Σει-

1096 2606 1184 2641 μωνᾷ,
1196 2605 1276 2632 τοῦτο
1291 2605 1435 2637 συνθέντος
1448 2613 1456 2620 ·
1473 2605 1540 2639 ὅπερ
1565 2605 1722 2640 γράψαντες
1736 2605 1782 2631 καὶ
1798 2613 1882 2639 σφρι-

1095 2650 1222 2683 γίσαντες
1232 2650 1261 2676 ἐν
1276 2649 1315 2684 τῷ
1333 2649 1490 2683 μιτατωρίῳ
1505 2648 1629 2684 ἔρριψαν.
1642 2647 1695 2674 Τοῦ
1707 2647 1735 2674 δὲ
1751 2646 1882 2682 pactum;

1095 2697 1228 2732 δημοσίαν
1242 2696 1354 2731 πρόοδον
1364 2696 1393 2722 ἐν
1403 2697 1435 2731 τῇ
1447 2695 1562 2730 Μεγάλῃ
1574 2693 1723 2729 Ἐκκλησία
1732 2692 1883 2724 ποιησαμέ-

1097 2751 1156 2774 νου,
1174 2742 1224 2768 κάν
1237 2742 1276 2776 τῷ
1293 2741 1448 2776 μιτατωρίῳ
1465 2741 1641 2772 εἰσελθόντος,
1655 2739 1700 2766 καὶ
1713 2739 1742 2765 ἐν
1754 2734 1883 2772 ᾦηῦχετο

833 2795 1011 2824 XYLANDRI
1030 2797 1074 2825 ET
1091 2797 1196 2825 GOARI
1216 2797 1330 2825 ΝΟΤᾹΞ.

296 2842 350 2877 (55;
367 2843 437 2878 Lege
452 2843 567 2869 εὑθέατα
581 2850 587 2857 ·
608 2843 633 2869 id
658 2842 733 2878 enim
755 2848 853 2878 sensus
867 2842 973 2878 videtur
990 2845 1046 2870 exi-

259 2885 332 2914 gere.
358 2877 470 2913 Megiste
493 2878 628 2905 (Σωιοηὶιω
645 2877 753 2912 propria
773 2877 849 2904 duxi.
880 2877 954 2906 Alias
972 2880 1041 2906 verti

1100 2849 1223 2879 possent,
1240 2845 1357 2871 mamimo
1374 2844 1546 2871 cubicularii).
1563 2843 1631 2870 Xrl..

1133 2879 1189 2915 (56)
1199 2873 1285 2912 Quum
1294 2879 1391 2907 Latina
1402 2879 1519 2908 Ecclesia
1527 2878 1683 2906 mrularem
1695 2881 1782 2905 vocat.
1791 2873 1883 2903 (ἴση.
