2046 3149
171 183 236 218 1161

696 175 966 207 HISTORIARUM
986 173 1249 221 COMPENDIUM.

1724 175 1797 209 11ὓῖ

167 245 242 278 τόπῳ
265 241 343 269 τοῦτο
366 240 534 278 ἐρριμμένον
558 239 669 272 ίδόντος,
697 237 838 274 εἰληφότος
862 245 892 263 τε
908 236 956 263 καὶ⁸

1016 235 1122 267 ~areris.
1131 234 1198 262 nihil
1208 231 1307 262 deinde
1321 233 1385 261 mali
1401 234 1450 262 tibi
1468 234 1585 262 eveniet.
1599 244 1608 260 ›
1622 234 1663 262 Ab
1678 235 1795 271 impera-

168 286 339 323 ἀναγνόντος,
361 286 446 323 πολλὴ
472 287 606 322 κατέσχεν
618 285 723 321 ἀπορία
741 285 805 315 τοὺς
828 290 956 318 συμπαρ-

167 336 255 367 όντας,
278 333 451 366 διστάζοντος
477 334 595 361 ἑκάστου
644 332 692 359 καὶ.
724 329 884 364 ἀγνοοῦντος
911 327 958 355 τὸν

169 381 295 417 ῥίψαντα.
310 379 434 414 Κατέσχε
447 379 477 406 δὲ
491 379 539 406 καὶ
552 378 601 405 τὸν
617 376 730 413 βασιλέα
745 375 848 410 ἀθυμία
859 373 955 408 πολλὴ,

167 427 272 455 καὶτὸν
285 426 455 462 πεποιηκότα
468 425 572 461 ἐζήτει.
589 425 688 460 Γέγονε
704 423 733 451 δὲ
751 422 823 449 κατὰ
841 421 887 447 to»
909 420 958 447 αὺ-

167 473 214 500 τὸν
239 471 333 507 χρόνον
351 471 400 498 καὶ
423 470 547 506 ἔκλειψις
565 470 679 506 σελήνης
704 468 830 504 μεγίστη.
849 466 882 494 δι’
899 466 932 502 ἣν
944 466 959 492 6

170 518 297 554 βασιλεὺς
315 517 361 544 τὸν
378 517 582 554 μητροπολίτην
606 516 734 544 Συνάδων
758 513 960 550 μετεκαλέσατο

170 563 369 597 Πανταλέοντα,
379 564 431 600 τῆς
443 565 646 600 ἁστρονομικῆς
659 562 787 594 παιδείας
808 562 838 588 ὲν
858 561 959 597 μνήσει

168 608 339 644 τυγχάνοντα
350 608 394 644 [Ρ.
409 608 490 646 606],
507 609 538 636 τδ
552 609 601 644 τῆς
612 608 761 642 ἐκλείψεως
784 606 960 641 ἀποτέλεσμα

168 653 268 688 μαθεῖν
294 654 491 690 ὀριγνώμενος.
526 654 576 681 ‘Ov
602 653 795 689 εἰσερχόμενον
823 651 892 687 πρὸς
913 653 960 678 τδν

166 698 284 734 βασιλέα
309 700 324 726 6
343 700 477 735 Σαμωνᾶς
494 700 548 736 ίδίᾳ
569 699 738 736 παραλαϐὼν
757 699 899 734 ἠρώτησεν
920 698 961 730 είς

165 745 228 772 τίνα
243 745 296 780 τὴν
313 745 436 773 κάκωσιν
453 746 574 778 ἔσεσθαι,
592 746 640 772 καὶ
651 745 725 772 τόνδε
743 745 826 780 φάναι
854 745 895 771 ὅτι
913 744 961 775 Et:

166 791 216 816 σέ·
242 791 296 826 τήν
321 790 355 826 ιγ’
373 791 402 818 δὲ
426 791 474 818 τοῦ
512 792 622 819 Ἰουνίου
658 791 832 826 διερχόμενος
855 789 962 826 ἡμέραν

164 835 243 863 οὐδὲν
261 836 355 864 ἔκτοτε
368 837 449 874 πείσῃ
463 838 559 866 κακόν.
582 838 748 873 Ἐρωτηθεὶς
766 837 794 863 δὲ
810 836 859 864 κα).
886 835 962 871 παρὰ

164 882 213 910 τοῦ
231 882 368 917 βασιλέως
388 885 451 920 περὶ
464 884 561 911 τούτου
580 882 657 911 εἶπεν
669 885 710 911 ὅτι
722 884 762 915 είς
786 883 816 910 τὸ
837 882 962 918 δεύτερον

1011 286 1071 308 lore
1088 281 1122 308 de
1135 280 1232 308 eadem
1246 288 1276 309 re
1292 280 1488 315 interrogatus.
1503 280 1635 314 proximae
1662 281 1696 308 ab
1709 282 1793 316 impe-

1011 330 1102 354 ratore
1119 333 1244 368 personae
1265 326 1422 354 denuntiari
1449 326 1552 354 malum
1569 327 1648 354 dixit.
1663 327 1747 363 quue
1763 328 1798 356 de

1013 372 1099 400 t‘ratre
1117 380 1168 401 suo
1193 372 1348 401 Alexandro
1363 373 1468 408 accepit
1484 372 1559 401 Leo:
1574 373 1620 401 sed
1636 374 1698 408 quis
1714 374 1797 402 fuerit

1011 419 1201 454 prredictionis
1225 420 1327 452 exitus.
1356 425 1420 447 mox
1445 419 1581 448 dicemus.
1607 420 1714 448 Etenim
1730 420 1798 453 Leo.
1850 415 1855 421 ’

1013 472 1075 493 cum
1099 472 1162 493 eum
1186 464 1337 493 Michaelus
1361 465 1483 493 Tziritho
1503 466 1619 494 seorsim
1633 473 1798 502 congressus

1013 512 1167 539 monuisset
1183 511 1268 539 libelli
1281 511 1391 539 infamis
1407 515 1548 539 auctorem
1563 519 1623 539 esse
1638 511 1796 544 Samonam,

1013 557 1107 584 statim
1125 556 1237 584 domum
1254 563 1333 584 suam
1345 556 1484 592 deportari
1497 557 1645 586 Simonem
1663 561 1690 585 et
1701 565 1800 585 mona-

1012 603 1058 630 chi
1068 603 1094 630 in
1107 610 1210 631 morem
1221 603 1483 638 radijussil,deinde
1495 604 1523 632 in
1535 599 1671 640 Euthymii
1684 604 1799 639 patriar-

1014 649 1073 678 cha:
1088 651 1284 678 monasterium
1297 651 1408 683 deduci.
1434 651 1554 686 indeque
1574 651 1710 679 conviciis
1732 657 1797 685 pro-

1015 696 1134 724 scissum
1156 696 1184 723 in
1211 695 1437 724 Martinaciorum
1468 698 1622 724 translerri.
1649 695 1686 723 Ea
1708 696 1800 723 omnia

1016 747 1078 770 acta
1093 748 1156 770 ante
1169 743 1241 771 diem
1255 750 1270 770 ιι
1283 739 1449 771 Pantaleone
1462 743 1643 779 designatum.
1661 743 1799 771 Constan-

1015 789 1104 817 tinum
1127 790 1188 817 loco
1219 789 1346 817 Samona:
1375 790 1501 817 intimum
1518 789 1718 817 cubicularium
1745 788 1801 815 Leo

1017 835 1092 870 fecit,
1110 832 1215 872 1073
1231 837 1313 871 eique
1329 837 1525 864 monasterium
1553 836 1580 863 in
1597 835 1704 863 Nossiis
1716 835 1802 862 aedili-

1017 883 1100 915 cavit,
1128 883 1162 910 de
1189 884 1302 910 nomine
1325 883 1479 910 Scrvaloris
1495 882 1610 915 dictum,
1644 881 1726 917 idque
1739 889 1802 908 cum

124 949 126 951 μ
164 929 318 964 πρόσωπον
333 931 349 965 ή
366 930 488 962 κάκωσις
515 931 674 966 ἐπισκήψει.
700 929 878 956 Ὑπώπτευεν
890 926 936 955 οὖν
948 929 962 955 6

1016 929 1164 966 Euthymio
1192 930 1350 965 patriarcha
1382 930 1527 958 dedicavit.
1557 928 1715 957 Secundum
1744 929 1804 956 hate

165 975 299 1010 βασιλεὺς
313 975 438 1012 δεύτερον
452 977 598 1012 πρόσωπον
620 976 691 1004 εἶναι
705 976 750 1003 τὸν
767 975 865 1002 ἑαυτοῦ
887 973 964 1002 ἀδελ-

165 1021 219 1055 φὺν
250 1021 434 1058 Ἀλέξανδρον.
456 1023 512 1050 Καὶ
532 1024 567 1051 τὰ
587 1024 637 1059 μὲν
658 1024 708 1058 τῆς
728 1022 908 1058 προῤῥήσεως
931 1022 965 1057 ἣν

165 1067 254 1102 ἔσχεν
270 1068 418 1103 ἀπόΰασιν,
434 1070 539 1106 προῖὼν
554 1071 568 1097 ὁ
596 1070 675 1104 λόγος
693 1069 808 1104 δηλώσει
824 1076 830 1083 ”
854 1067 964 1103 Μιχαὴλ

164 1113 194 1139 δὲ
213 1113 265 1140 τοῦ
286 1114 452 1150 Τζιρίοωνος
468 1116 529 1143 κατ’
542 1115 611 1142 ίδίαν
624 1115 664 1150 τῷ
683 1114 789 1150 βασιλεῖ
804 1113 965 1149 προσελθόν-

165 1166 213 1189 τος
228 1158 280 1184 καὶ
295 1160 540 1194 καταμηνύσαντος
552 1161 590 1192 ὡς
605 1161 620 1187 6
637 1161 771 1196 Σαμωνᾶς
788 1160 831 1194 εἴη
847 1159 877 1186 τὸ
900 1168 964 1186 πιτ-

165 1205 267 1231 τάκιον
285 1205 342 1241 (57)
361 1207 533 1242 πεποιηκὼς,
545 1207 668 1242 παρευθὺ
685 1206 900 1238 καταϐιϐάζεται
924 1207 964 1238 είς

1016 976 1134 1012 Agareui
1146 976 1199 1004 300
1211 980 1293 1004 uav‘es
1305 977 1446 1008 emittunt,
1457 976 1574 1004 ducibus
1589 977 1721 1003 Damiano
1738 975 1804 1011 Tyri

1016 1029 1108 1050 amera
1134 1027 1161 1050 et
1178 1021 1270 1050 Leone
1301 1022 1444 1057 Tripolita.
1460 1022 1508 1050 His
1522 1022 1594 1057 apud
1611 1021 1735 1053 Samum,
1757 1021 1802 1048 cui

1016 1073 1074 1096 tum
1089 1068 1229 1096 Romanus
1243 1069 1405 1104 Lacapcnus
1426 1071 1554 1104 prazerat,
1572 1069 1693 1096 occurrit
1710 1068 1804 1095 llimc-

1016 1114 1076 1142 rius
1105 1115 1204 1143 classis
1221 1114 1350 1142 Romanae
1366 1114 1531 1150 prafectus;
1547 1114 1689 1150 rictusque
1711 1113 1744 1140 ab
1758 1113 1802 1145 iis,

1020 1160 1153 1195 dissipata
1180 1161 1270 1189 classe
1288 1168 1349 1193 sua.
1377 1168 1449 1196 aegre
1473 1161 1532 1196 ipse
1558 1159 1714 1196 Mitylenam
1741 1158 1805 1194 luga

1020 1207 1118 1235 evasit.

165 1250 215 1278 τὸν
229 1248 306 1278 οἶκον
317 1252 400 1279 αὐτοῦ
416 1254 461 1280 καὶ
474 1254 653 1290 ἀποκείρεται
670 1253 798 1290 μοναχδς,
810 1251 871 1280 εἶτα
885 1255 914 1281 ὲν
925 1255 960 1289 τῇ
978 1255 1046 1289 μονῇ
1061 1254 1108 1281 τοῦ
1125 1253 1298 1289 πατριάρχου
1327 1253 1466 1289 Εὑθυμίου
1496 1252 1644 1287 ἀπάγεται,
1676 1251 1805 1279 κάκεῖθεν

166 1297 388 1334 διαλοιδορηθεὶς
401 1300 441 1331 είς
448 1300 498 1335 τὴν
511 1300 560 1327 τοῦ
573 1300 762 1336 Μαρτινακίου
776 1299 962 1336 μετατίθεται.
976 1300 1069 1327 Ταῦτα
1085 1300 1113 1327 δὲ
1130 1300 1256 1336 ἐπράχθη
1283 1301 1365 1336 μήπω
1380 1300 1430 1336 τῆς
1451 1299 1609 1336 ὡρισμένης
1633 1298 1804 1335 προθεσμίας

167 1345 248 1381 παρὰ
264 1345 311 1372 τοῦ
334 1347 532 1382 μητροπολίτου
542 1347 758 1383 διαδραμούσης.
797 1347 926 1383 Ἐποίησε
959 1346 988 1373 δὲ
1013 1346 1071 1374 ἀντ’
1100 1346 1185 1374 αὐτοῦ
1214 1347 1260 1374 τὸν
1297 1347 1504 1375 Κωνσταντϊνον
1541 1345 1804 1382 παρακοιμώμενον.

169 1391 286 1419 Ἐκτισε
300 1392 329 1419 δὲ
347 1393 422 1428 αὐτῷ
440 1394 486 1420 καὶ
504 1394 686 1429 μοναστήριον
698 1394 727 1421 έν
739 1394 799 1424 ταῖς
830 1393 974 1426 Νοσσιαίς,
987 1393 1031 1421 ἐπ’
1060 1393 1174 1429 ὀνόματι
1205 1394 1253 1421 τοῦ
1269 1393 1406 1430 Σωτῆρος,
1422 1393 1437 1420 6
1467 1393 1514 1422 καὶ
1549 1394 1718 1420 ἐνεκαίνισεν
1747 1393 1806 1427 ἅμα

169 1437 304 1474 Εὑθυμίῳ
316 1439 356 1475 τῷ
374 1441 543 1477 πατριάρχῃ.
568 1440 725 1476 ’Δγαρηνῶν
749 1441 778 1468 δὲ
798 1440 963 1474 ἐξελθόντων
976 1440 1047 1476 μετὰ
1059 1440 1161 1468 πλοίων
1177 1441 1354 1477 τριακοσίων,
1368 1438 1406 1468 ὧν
1442 1441 1536 1476 ἠγεῖτο
1565 1439 1700 1475 Δαμιανός
1731 1446 1761 1466 τε
1792 1432 1807 1459 δ

169 1487 224 1521 τῆς
237 1486 325 1522 Τύρου
344 1488 456 1523 ἁμηρᾱς
465 1489 512 1515 καὶ
525 1488 626 1515 Λέωνό
644 1487 821 1524 Τριπολίτης,
839 1487 954 1523 Ἱμέριος
967 1487 1139 1524 ὁλογοθέτης
1171 1488 1310 1524 ναύαρχος
1340 1488 1381 1515 ὣν
1409 1488 1464 1515 τῶν
1494 1487 1638 1523 Ῥωμαίων
1663 1487 1735 1514 κατὰ
1760 1487 1807 1513 τὸν

175 1532 346 1568 Ὀκτώὸριον
361 1534 434 1569 μῆνα
464 1534 615 1569 συνήντησε
641 1534 748 1566 τούτοις
775 1535 815 1566 είς
841 1534 942 1568 Σάμον,
968 1531 1002 1570 ἧς
1013 1534 1179 1571 ἐστρατήγει
1195 1535 1336 1572 Ῥωμανὸς
1362 1536 1376 1562 6
1395 1535 1572 1571 Δακαπηνός.
1599 1535 1654 1562 Καὶ
1683 1535 1809 1570 συμπλα-

168 1582 233 1613 κεὶς
247 1583 305 1613 τοῖς
323 1582 380 1617 μετ’
391 1581 475 1609 αὐτοῦ
489 1582 660 1618 {mmmam
673 1582 726 1610 τῶν
741 1582 787 1609 ὑπ’
799 1582 881 1611 αὑτὸν
893 1582 962 1610 νεῶν
986 1582 1243 1617 διασκεδασθεισῶν,
1275 1584 1351 1620 μόλις
1377 1583 1459 1616 αὐτὸς
1502 1583 1619 1619 διεσώθη
1642 1583 1683 1614 είς
1722 1583 1809 1610 Μιτυ-

169 1629 269 1665 λήνην.
432 1652 435 1654 .
1207 1647 1210 1650 ι

208 1675 349 1711 Κοιλιακῷ
372 1674 401 1702 δὲ
422 1676 557 1711 νοσήματι
581 1677 696 1713 ληφθεὶς
723 1679 737 1705 6
761 1678 898 1714 βασιλεὺς,
919 1677 965 1705 καὶ

1055 1676 1206 1712 Imperator
1219 1681 1322 1708 autem.
1345 1675 1459 1704 maliaco
1473 1676 1569 1704 morbo
1593 1679 1745 1710 correptus,
1763 1683 1810 1703 eo-

170 1721 223 1748 ὲπὶ
247 1721 343 1756 χρόνον
378 1720 418 1756 τῷ
440 1723 554 1758 τοιούτῳ
582 1723 664 1750 πάθει
693 1724 892 1759 κατεργασθεὶς
918 1725 967 1752 καὶ

170 1766 216 1796 είς
231 1764 347 1800 ἐσχάτην
368 1765 520 1800 ἀδυναμίαν
553 1767 704 1801 ἐληλακὼς,
735 1768 812 1803 μόλις
843 1769 964 1804 ἠδυνήθη

174 1810 208 1835 ὲν
231 1809 271 1844 τῷ
294 1810 342 1845 τῆς
363 1810 530 1846 ἐγκρατείας
545 1811 634 1846 καιρῷ
650 1811 700 1847 τήν
727 1812 832 1847 συνήθη
848 1813 966 1848 ποιήσα-

174 1855 241 1883 σθαι
268 1856 439 1892 δημηγορίαν
472 1856 540 1893 (58).
575 1857 813 1893 Συνηθροισμένης
841 1859 897 1894 γὰρ
917 1859 967 1893 τῆς

173 1902 330 1938 συγκλήτου
359 1902 488 1930 τοιούτων
521 1903 622 1939 ἤρξατο
643 1904 712 1939 πρὸς
743 1904 843 1936 αὐτοὺς
867 1904 965 1938 λόγων·

174 1955 186 1973 ι
208 1947 246 1973 Τὸ
265 1946 317 1983 μὲν
338 1947 405 1982 ὲμὺν
421 1948 548 1984 σαρκίον,
567 1945 590 1976 ὦ
615 1948 697 1983 φίλοι,
728 1949 800 1984 νόσῳ
826 1951 967 1985 έκτρυχω-

171 1993 222 2020 Θὲν
235 1993 402 2029 άπέῤῥευσε,
424 1995 472 2022 καὶ
490 1995 508 2030 ὴ
531 1995 608 2031 ίσχὺς
623 1995 789 2030 ἐπιλέλοιπε,
816 1997 865 2024 καὶ
897 1997 968 2032 τάχα

169 2039 268 2067 οὐκέτι
288 2040 349 2075 μεθ’
367 2040 445 2073 ὑμῶν
467 2041 593 2076 βιοτεύω,
612 2042 674 2069 οὐδὲ
700 2042 897 2078 καταλήψομαι
918 2043 968 2079 τήν

170 2085 224 2112 τοῦ
240 2085 375 2112 Δεσπότου
394 2086 514 2122 Χριστοῦ
535 2087 707 2117 Ἀνάστασιν.
724 2089 800 2117 Μίαν
815 2089 907 2116 τοίνυν
921 2090 967 2117 καὶ

171 2133 337 2160 τελευταίαν
351 2133 424 2169 ὑμᾶς
439 2134 507 2161 αἰτῶ
522 2135 600 2171 τήνδε
613 2137 663 2172 τὴν
680 2136 774 2172 χάριν,
804 2137 968 2173 ἀπομνημο-

171 2177 272 2205 νεῦσαι
296 2177 330 2213 ήν
345 2175 420 2214 εἶχον
439 2179 509 2215 πρὸς
532 2180 605 2215 ὑμᾶς
620 2181 742 2217 χρηστὴν
764 2181 899 2216 διάθεσιν,
920 2182 968 2209 καὶ

172 2221 239 2249 ἀντὶ
263 2221 367 2257 ταύτης
392 2222 499 2251 εὔνοιαν
524 2225 557 2260 τῇ
577 2225 629 2260 ἐμῇ
669 2226 778 2262 συζύγῳ
803 2227 968 2263 διατηρῆσαι

172 2267 225 2295 καὶ
238 2266 277 2303 τῷ
290 2267 357 2303 υίῷί
374 2277 384 2293 ι
414 2269 470 2296 Καὶ
487 2270 503 2305 ή
518 2270 568 2305 μὲν
584 2271 631 2298 τοῦ
649 2271 782 2306 βασιλέως
808 2273 968 2309 δημηγορία

170 2313 301 2349 τοιαύτη,
318 2315 336 2349 ή
351 2313 382 2340 δὲ
404 2314 557 2350 σύγκλητος
575 2316 658 2353 βουλὴ
684 2318 820 2354 ὑπέσχετο
847 2319 964 2355 δακρυρ-

172 2359 278 2394 ροοῦσα
290 2360 337 2386 καὶ
364 2360 423 2395 μετ’
437 2350 602 2396 ὀλοφυρμῶν
626 2350 700 2400 λύπῃ
803 2350 966 2400 συνέχεσθαι
982 2350 1005 2379 D

172 2403 388 2439 ἀπαραμυθήτῳ
401 2404 522 2431 τοιούτου
546 2409 744 2444 στερισκομένη
765 2408 895 2437 δεσπότου
919 2411 967 2438 καὶ

174 2447 324 2482 βασιλέως,
353 2448 459 2476 εὔνοιαν
489 2449 518 2476 δὲ
537 2449 713 2487 διατηρήσειν
742 2453 782 2485 είς
795 2462 825 2480 τε
849 2454 898 2490 τὴν
922 2455 967 2482 δέ-

174 2501 292 2522 σποιναν
308 2495 410 2522 καὶτὸν
426 2495 560 2532 ήμέτερον
579 2497 714 2533 δεσπότην
733 2499 781 2526 καὶ
797 2499 911 2535 βασιλέα
920 2502 968 2528 καὶ

173 2538 227 2566 σὺν
263 2540 331 2574 υἱὸν,
359 2540 441 2575 ὥστε,
464 2543 488 2569 εί
514 2543 616 2580 δεήσει,
651 2546 782 2580 μυριάκις
814 2546 969 2583 ἔμπροσθεν

173 2584 270 2612 αὐτῶν
287 2586 447 2615 ἀποθανεῖν.
462 2588 555 2616 Ταῦτα
568 2589 684 2617 είποῦσα
695 2591 712 2626 ή
743 2591 894 2628 σύγκλητος
921 2593 968 2621 καὶ

174 2629 336 2676 Ιτελευταῖον
361 2633 508 2669 ἀσπασμὸν
534 2635 673 2663 ἀποδοῦσα
696 2637 735 2672 τῷ
754 2637 861 2673 βασιλεῖ
879 2640 968 2676 άπηλ-

177 2673 259 2710 λᾶγη.
273 2677 311 2703 υῡ
330 2678 383 2714 μήν
402 2688 435 2714 γε
454 2679 502 2707 καὶ
524 2681 605 2714 εὐθὺς
625 2683 640 2709 6
674 2683 802 2718 βασιλεὺς
820 2673 967 2722 ,ἐτελεύτη-

123 2753 127 2757 ι
177 2730 235 2757 σεν,
252 2724 321 2753 ἀλλὰ
337 2727 472 2755 διετέλεσε
501 2730 715 2766 νοσηλευόμενος
731 2733 778 2759 καὶ
806 2734 966 2768 σφακελιζό-

1018 1723 1240 1759 qucaliquandiu
1256 1722 1399 1751 confectus
1411 1727 1437 1750 et
1467 1723 1495 1750 in
1522 1729 1657 1750 summam
1681 1722 1809 1749 redactus

1018 1769 1248 1801 invaletudinem,
1266 1769 1311 1795 vix
1341 1769 1429 1803 potuit
1449 1767 1601 1795 orationem
1620 1766 1718 1802 jejunii
1737 1770 1810 1794 tem-

1018 1822 1084 1849 pore
1098 1822 1148 1849 pro
1163 1821 1239 1842 more
1251 1814 1363 1841 habere.
1378 1813 1473 1849 Itaque
1487 1813 1622 1840 advocato
1636 1817 1692 1840 tum
1709 1817 1807 1842 senatu

1018 1861 1059 1889 sic
1082 1860 1142 1888 inﬁt
1158 1868 1165 1887 :
1184 1869 1193 1885 ι
1213 1859 1283 1887 Caro
1307 1865 1375 1892 mea,
1405 1859 1499 1891 amici.
1522 1859 1618 1886 morbo
1646 1864 1809 1895 consumpta

1017 1905 1133 1934 dillluxit
1149 1905 1273 1940 viresque
1285 1904 1456 1938 defecerunt,
1480 1912 1513 1932 ac
1529 1904 1653 1933 fortassis
1666 1905 1807 1934 vobiscum

1018 1952 1137 1988 amplius
1149 1959 1202 1979 non
1221 1952 1321 1984 vivam,
1336 1959 1423 1987 neque
1454 1953 1487 1980 ad
1506 1950 1606 1980 festum
1618 1952 1810 1980 Resurrectio—

1019 1998 1062 2026 nis
1089 1997 1193 2025 Christi
1219 1997 1291 2025 diem
1319 1997 1402 2025 vitam
1427 1998 1585 2034 perducam.
1616 1997 1691 2026 llan'c
1716 1999 1810 2034 itaque

1019 2052 1102 2072 unam
1115 2051 1147 2072 ac
1163 2048 1330 2080 postremam
1348 2051 1363 2071 a
1379 2045 1458 2073 vobis
1485 2044 1600 2080 gratiam
1617 2045 1726 2080 postulo
1740 2045 1808 2072 mihi

1019 2089 1080 2118 dari
1097 2090 1312 2118 :Recordamini
1330 2097 1412 2125 quam
1428 2096 1472 2118 me
1486 2090 1563 2119 vobis
1577 2091 1725 2127 benignum
1741 2098 1810 2126 prae-

1019 2135 1137 2168 buerim,
1149 2140 1232 2172 atque
1248 2136 1308 2164 ideo
1326 2144 1440 2165 uxorem
1453 2136 1594 2172 liliumque
1619 2137 1699 2164 Vobis
1729 2144 1807 2165 eom-

1020 2183 1180 2210 mendalum
1207 2182 1348 2211 habetote.
1369 2192 1378 2209 ι
1407 2182 1524 2211 Senatus
1552 2184 1614 2210 eum
1639 2181 1703 2211 ﬂetu
1726 2188 1808 2219 atque

1020 2228 1125 2263 ejulatu
1150 2228 1272 2256 ostendit
1295 2236 1326 2257 se
1354 2229 1463 2265 jactura
1486 2229 1571 2264 hujus’
1593 2229 1696 2256 domini
1725 2231 1809 2264 atque

1019 2275 1195 2310 imperatoris
1222 2275 1410 2303 incredibilem
1432 2276 1574 2310 percipere
1591 2269 1734 2309 dolorem;
1750 2275 1808 2303 Au-

1019 2325 1107 2357 gusta:
1122 2326 1212 2350 autem
1229 2326 1256 2350 e't
1266 2322 1324 2350 tllio
1338 2322 1496 2358 imperatori
1520 2318 1628 2360 1074.
1640 2323 1677 2351 ita
1693 2331 1723 2351 se
1740 2322 1807 2351 ﬁde-

1020 2368 1060 2396 les
1073 2367 1133 2396 fore
1145 2372 1175 2396 ut
1192 2368 1234 2396 vel
1250 2367 1350 2396 millies
1368 2372 1418 2403 pro
1443 2376 1475 2396 eo
1490 2369 1556 2401 sint,
1580 2370 1617 2397 ita
1642 2370 1725 2398 rebus
1744 2377 1809 2406 pos-

1017 2414 1154 2446 centibus,
1181 2418 1295 2441 mortem
1324 2413 1492 2449 oppetituri;
1521 2414 1613 2450 itaque
1643 2415 1808 2450 imperatore

1017 2465 1168 2488 extremum
1196 2460 1375 2488 consalutato
1406 2461 1602 2488 discesserum.
1633 2454 1688 2488 Leo
1715 2465 1806 2490 tamen

1017 2506 1112 2539 vitam,
1125 2505 1222 2533 morbo
1240 2505 1348 2533 interim
1364 2506 1464 2534 misere
1475 2506 1659 2541 conﬂictatus,
1676 2515 1761 2543 usque
1772 2508 1806 2534 ad

1019 2551 1051 2580 11
1069 2551 1133 2579 Maii
1150 2552 1221 2580 diem
1247 2552 1388 2587 produxit.
1417 2552 1536 2581 Moriens
1555 2553 1699 2588 imperium
1727 2552 1806 2582 fratri

1022 2604 1072 2625 suo
1091 2596 1249 2625 Alexandro
1265 2598 1388 2633 reliquit.
1406 2597 1492 2631 Quem
1519 2602 1689 2634 postremum
1717 2600 1750 2627 ad
1777 2608 1808 2629 se

1020 2644 1175 2672 venientem
1190 2644 1287 2672 videns
1297 2644 1382 2672 fertur
1393 2645 1497 2672 dixiSSe
1510 2653 1516 2670 :
1530 2654 1539 2671 ι
1549 2645 1586 2672 En
1597 2645 1686 2674 malus
1701 2650 1808 2682 tempo-

1020 2690 1059 2717 ris
1075 2689 1210 2718 articulus
1233 2695 1295 2725 p05t
1321 2690 1452 2719 tredecim
1482 2699 1601 2719 menses.
1625 2701 1635 2718 ι
1675 2691 1806 2720 Eumdem

1020 2735 1115 2763 multis
1131 2736 1256 2765 hortatus
1269 2741 1310 2765 est
1339 2733 1369 2765 ut
1397 2737 1606 2766 Constantinum
1633 2738 1750 2767 educare
1774 2746 1806 2765 ac

754 2790 932 2820 XYLANDIH
948 2792 992 2821 ET
1010 2793 1115 2822 GOARI
1131 2794 1246 2823 ΝΟΤᾹι.

282 2829 394 2864 Charta,
407 2834 543 2874 schgduta,
556 2837 674 2865 maxime
687 2845 719 2866 ex
735 2839 806 2874 pelle
821 2839 964 2868 chartaeea

176 2871 240 2901 Sive
248 2873 428 2901 pergameno.
449 2869 536 2898 GOAR.

213 2900 271 2936 (58)
289 2900 373 2934 Quam
390 2901 421 2930 L.
432 2903 519 2933 Verus
533 2906 605 2940 apud
626 2906 822 2945 ilerodianum,
840 2909 962 2940 Julianus

300 2946 437 2981 ΡΑτιιοι..
456 2952 514 2984 Gn.
531 2955 645 2989 CXXI.

1019 2843 1090 2880 apud
1114 2842 1323 2880 Marcellinum,
1354 2844 1480 2873 Tiberius
1512 2845 1583 2880 apud
1611 2844 1805 2876 Simoeattam,

1019 2878 1189 2917 apud_alios_
1202 2879 1247 2905 alii
1263 2880 1443 2916 imperatores
1455 2878 1659 2917 letho‘proximi
1677 2880 1806 2916 leguntur

1018 2913 1156 2943 habuisse.
1171 2913 1254 2943 GOAR.

1602 2961 1638 2994 37
