4156 6188
330 370 403 430 15
1638 361 1785 422 FAB
1793 358 1968 421 ROTI

2098 359 2429 421 ιιΕΡΑΤΙΟ
3662 363 3739 424 16

317 503 592 588 impetus
627 519 892 588 semper
948 499 1232 588 hostibus
1288 495 1622 588 metuendi,
1687 494 1852 575 quod
1885 493 2121 588 scilicet
2151 499 2410 588 externa
2440 493 2563 588 vis_
2588 498 2808 588 contra
2865 495 2957 588 fas
3012 495 3328 588 piumque.
3362 495 3450 588 eis
3482 497 3728 588 adfuis-

322 575 430 644 set'
472 584 643 644 velut
701 575 864 643 De'us
921 599 954 641 e
1013 581 1325 655 machina,
1386 577 1684 658 quodque
1740 595 1849 636 eos
1905 576 2149 658 obsidio
2182 576 2478 636 liberatos
2510 575 2792 658 viderent
2849 577 2956 654 qui
3009 575 3140 655 jam
3201 575 3537 658 i’ngloriam
3571 579 3742 639 dedi-

323 665 554 726 tionem
616 662 1133 742 parabantzised
1217 655 1425 742 statim
1505 656 1666 742 Galli
1747 656 1983 742 ingenii
2065 655 2143 716 ad
2225 675 2502 734 pugnam
2584 657 2750 742 avidi
2824 658 3061 742 vicinas
3135 655 3738 742 urbesanimosius

325 738 818 824 aggressi-sunt;
871 741 1098 819 quibus
1146 739 1346 824 captis
1393 738 1681 824 extimuit
1732 738 1910 824 Italia
1960 755 2084 824 non
2125 755 2314 824 _se_c_us
2368 755 2450 824 ac
2481 738 2812 824 quondam
2853 739 3138 824 populus
3197 741 3476 817 gentium
3537 741 3739 824 victor

327 817 520 886 Gallis
575 817 954 883 instantibus
1011 817 1242 897 saepius
1299 819 1573 897 expavit,
1635 820 1703 878 ln
1763 818 2079 898 Hispania,
2123 817 2289 876 bello
2339 817 2922 898 rquidemiancipiti
2993 829 3342 898 pugnaturn
3420 827 3562 881 est:
3627 821 3735 882 sed

327 905 503 966 ducis
555 900 873 964 fortissimi
932 919 1159 960 nomen
1235 901 1513 978 Hispano
1580 898 1762 958 militi
1823 897 2128 958 vincendo
2177 897 2421 973 jamdiu
2491 897 2680 958 fatale
2753 906 2867 959 est.
2950 897 3286 960 Germania
3362 901 3528 960 bello
3595 902 3738 961 diu-

331 993 514 1046 turno
573 989 819 1048 vexata.
873 999 1168 1059 agrorum
1222 979 1758 1060 populationibus,
1812 978 2568 1060 urbium_vastationibus
2616 997 2940 1060 concussa,
2992 981 3437 1057 imperatorem
3494 982 3738 1041 miseris

330 1065 566 1124 dudum
615 1058 939 1141 imperare,
995 1058 1255 1142 coepisse
1306 1058 1447 1142 :non
1496 1061 1822 1120 diftitetur.
1893 1061 2044 1142 Htec
2089 1058 2278 1118 latius
2327 1068 2747 1137 exsequemur
2794 1059 3020 1142 horum
3072 1069 3426 1140 temporum
3489 1063 3730 1122 diserti.

332 1147 459 1223 Ego
515 1143 680 1222 stylo
711 1139 1322 1223 'remissiore‘attigi
1381 1145 1750 1223 tantumtet
1805 1140 1974 1223 quod
2015 1139 2485 1223 longumesset
2531 1158 2606 1200 ea
2661 1141 2978 1223 prosequi,
3040 1148 3102 1200 et
3145 1139 3310 1223 quod
3367 1144 3628 1201 verebar
3658 1161 3735 1203 ne

329 1218 647 1284 fastidium
710 1230 1075 1283 nasceretur
1133 1241 1209 1282 ex
1258 1221 1565 1299 plurimis.
1628 1220 1903 1301 Caelum,
1945 1218 2138 1297 igitur
2191 1219 2536 1280 ambitione
2611 1221 2905 1281 affectent
2962 1218 3177 1281 exteri
3217 1222 3602 1301 (quanquam
3638 1241 3745 1282 ex-

327 1304 738 1383 pilationibus
788 1303 1012 1362 coelum
1072 1321 1197 1362 non
1259 1301 1680 1383 petitur,gsed
1730 1299 2032 1383 religione
2089 1305 2151 1360 et
2210 1301 2461 1383 pietate,
2523 1319 2662 1383 quite
2723 1319 2900 1383 reges
2957 1299 3518 1363 Christianissimus
3559 1303 3742 1363 astris

321 1380 656 1462 inserunt),
711 1383 918 1443 aliena
967 1401 1161 1460 regna
1213 1382 1399 1442 avido
1449 1381 1659 1442 animo
1710 1381 2102 1460 pervadant:
2167 1381 2443 1462 quandiu
2499 1381 2690 1440 stabit
2739 1380 2936 1442 Gallia
2995 1383 3380 1442 validissima
3429 1393 3738 1444 terrarum

317 1482 470 1543 pars
526 1460 744 1544 (quam
805 1463 1111 1543 pereundi
1168 1462 1412 1540 legibus
1470 1463 1635 1544 aliis!
1670 1479 1870 1544 quam
1927 1479 2067 1544 quae
2132 1460 2271 1521 orbi
2327 1469 2650 1544 terrarum
2718 1461 3030 1544 imposita:
3091 1469 3260 1533 sunt,
3317 1464 3589 1523 fatorum
3651 1465 3742 1524 vis

321 1541 706 1606 Eeterna’vel
759 1541 969 1621 potius
1002 1546 1165 1603 Deus
1218 1549 1491 1603 fatorum
1551 1542 1785 1602 arbiter
1831 1547 1902 1622 et
1960 1542 2358 1620 dispensator
2406 1541 2685 1620 exemit),
2723 1550 2929 1620 erepta
2979 1543 3067 1603 eis
3125 1562 3448 1622 nunquam
3480 1563 3556 1604 ex
3590 1553 3734 1605 voto

315 1627 676 1686 succedent.
739 1624 893 1684 Cum
954 1631 1163 1683 autem
1245 1622 1674 1683 serenissimus
1747 1621 2038 1700 princeps
2094 1628 2304 1682 noster
2352 1639 2494 1700 spes
2561 1623 2750 1682 totius
2800 1623 3045 1701 generis
3097 1621 3356 1684 humani
3411 1625 3734 1696 adolescit,

315 1724 457 1766 cum
519 1705 715 1764 aiiimi
770 1704 910 1784 ejus
966 1703 1058 1765 vis
1114 1705 1418 1781 augescit,
1479 1703 1613 1774 tibi,
1676 1702 2027 1784 Cardinalis
2088 1702 2609 1784 Eminentissime,
2671 1721 2919 1784 summa
2980 1723 3183 1763 rerum
3259 1707 3562 1784 permissa
3622 1712 3738 1778 est,

319 1785 500 1864 cujus
558 1785 712 1844 fides
763 1783 824 1844 in
878 1783 1063 1845 rebus
1117 1783 1502 1844 difficillimis
1553 1790 1860 1864 spectata,
1894 1781 2072 1860 cujus
2103 1782 2352 1843 devotio
2404 1801 2555 1859 erga
2605 1783 2952 1862 principem
3003 1803 3190 1845 omne
3239 1781 3490 1846 vincent
3522 1803 3737 1846 exem-

321 1863 780 1957 plum._t\'emo
837 1864 900 1923 in
957 1870 1288 1957 posterum.
1335 1873 1394 1924 te
1442 1882 1651 1924 rerum
1716 1863 2107 1957 moderalomrc
2165 1870 2291 1957 tam
2348 1881 2602 1957 securus
2659 1864 2960 1957 potentia:
3017 1865 3138 1957 erit
3195 1871 3262 1926 ut
3313 1867 3521 1957 Gallos
3581 1885 3741 1957 pene

324 1943 487 2006 inter
544 1946 775 2006 ferrum
838 1953 897 2004 et
952 1964 1129 2005 arma
1188 1951 1370 2006 natos
1429 1963 1770 2023 provocare
1831 1944 1925 2003 vel
1981 1944 2294 2005 offendere
2349 1943 2600 2014 audeat,
2664 1963 2823 2023 quos
2879 1945 3191 2023 intelliget
3250 1945 3485 2006 nullius
3543 1943 3738 2006 armis

328 2045 461 2088 esse
519 2025 926 2104 superabiles.
990 2029 1184 2086 Nemo
1243 2026 1458 2086 Galliae
1514 2025 1714 2086 sm-ios
1771 2031 1881 2085 aut
1911 2025 2246 2084 fcederatos
2305 2023 2606 2096 lacesset;
2670 2043 2854 2085 nemo
2904 2025 3141 2086 amicos
3193 2025 3401 2098 laedet,
3451 2027 3559 2103 qui
3615 2027 3735 2086 hoc

329 2107 543 2168 Gallia;
598 2103 850 2179 debent,
912 2113 981 2166 ut
1033 2107 1140 2184 qui
1196 2125 1442 2166 summa
1504 2125 1645 2166 cum
1697 2103 1928 2182 iniuria
1979 2111 2039 2186 et
2093 2105 2405 2186 bonorum
2465 2105 2746 2164 omnium
2804 2105 3240 2186 indignatione
3297 2107 3560 2166 fortunis
3604 2107 3735 2167 suis

329 2187 501 2248 exuti
561 2188 732 2248 velut
789 2187 938 2246 nudi
997 2187 1392 2256 exsulabant,
1446 2185 1804 2264 plenissime
1855 2184 2122 2244 restituti
2179 2185 2351 2244 sint:
2413 2191 2588 2245 tanta
2647 2193 2740 2246 est
2787 2184 3146 2247 cum‘sacri
3198 2187 3466 2246 nominis
3507 2187 3596 2246 tui
3629 2207 3733 2247 ve-

326 2268 595 2340 neratio,
654 2274 785 2328 tum
842 2267 1090 2345 imperii
1148 2267 1366 2327 Gallici
1400 2267 1660 2326 felicitas
1717 2283 1966 2342 semper
2020 2265 2274 2346 invicta.
2311 2265 2540 2324 Verum
2600 2285 2724 2343 quo
2797 2267 3091 2343 impellor
3147 2286 3265 2346 ego
3324 2268 3497 2327 fandi
3530 2269 3735 2346 impo-

325 2351 521 2408 tens?
580 2352 713 2408 Non
773 2348 938 2408 enim
975 2349 1240 2406 multum
1297 2347 1598 2407 interesse
1629 2354 1782 2424 puto
1836 2347 1969 2426 sive
2025 2345 2164 2423 quis
2193 2345 2427 2404 famam
2488 2346 2754 2424 alicujus
2811 2347 3024 2419 laedat,
3085 2345 3215 2408 sive
3272 2347 3438 2408 intra
3468 2345 3735 2426 dignita-

325 2435 447 2488 tem
506 2447 649 2489 eum
707 2429 941 2488 laudet.
1004 2430 1148 2489 Non
1209 2446 1460 2504 possum
1541 2437 1749 2487 tamen
1834 2425 1967 2486 haec
2037 2427 2194 2486 citra
2257 2425 2493 2485 crimen
2555 2427 2783 2503 ingrati
2845 2429 3165 2504 praeterire
3225 2431 3395 2505 quod
3449 2425 3727 2488 omnium

320 2509 868 2570 commendatione
936 2507 1373 2586 dignissimum
1448 2515 1586 2568 est:
1663 2507 2108 2567 bibliothecam
2182 2506 2419 2566 scilicet
2479 2509 2688 2565 multis
2747 2507 3049 2566 librorum
3116 2508 3391 2568 millibus
3452 2517 3737 2569 constan-

320 2595 447 2650 tem
506 2590 852 2660 instituisti,
915 2608 1101 2667 quam
1134 2590 1394 2649 erui-litis
1451 2588 1743 2648 omnibus
1803 2595 2017 2664 patere
2075 2586 2185 2644 vis.
2251 2588 2317 2646 In
2378 2604 2506 2667 qua
2536 2587 2840 2666 quidquid
2875 2587 3076 2648 Gallia
3134 2589 3450 2648 bonarum
3503 2590 3735 2648 artium

319 2670 724 2740 feracissima,
788 2666 1093 2748 quidquid
1151 2669 1333 2729 Italia
1389 2669 1485 2728 vel
1533 2669 1866 2729 Germania
1927 2667 2247 2748 eruditum;
2305 2666 2591 2748 protulit,
2649 2667 2926 2727 invenire
2983 2667 3045 2728 in
3105 2669 3274 2728 facili
3333 2677 3445 2729 est.
3498 2669 3741 2730 Omitto

321 2750 628 2830 praeclara
685 2746 1190 2830 illa'marmora,
1251 2749 1604 2830 principum
1683 2754 1744 2807 et
1794 2748 2068 2807 virorum
2145 2746 2254 2823 qui
2325 2747 2546 2806 litteris
2621 2748 3304 2830 clarueruntstatuas,
3367 2767 3526 2827 quas
3589 2767 3736 2809 cum

322 2828 536 2888 videas
592 2835 656 2889 et
709 2828 943 2904 ingenii
991 2835 1400 2888 monumenta
1457 2829 1651 2906 legas,
1687 2833 1868 2906 putes
1927 2846 2052 2887 non
2114 2833 2286 2885 muta
2345 2845 2685 2898 marmora,
2746 2828 2854 2887 sed
2913 2828 3216 2900 animata,
3251 2837 3310 2888 et
3353 2847 3568 2888 eorum
3605 2847 3732 2889 non

323 2909 632 2970 interiisse
689 2927 979 2986 corpora,
1038 2910 1143 2968 sed
1201 2926 1342 2968 cum
1402 2910 1756 2967 animorum
1835 2908 1961 2966 fetu
2021 2908 2098 2987 de
2175 2906 2566 2983 perennitate
2624 2915 2884 2968 certare.
2949 2909 3082 2980 Quo
3160 2909 3412 2987 quidem
3471 2909 3726 2987 egregio

323 2990 490 3050 facto
539 2985 943 3049 litterattOres
991 3006 1275 3066 quosque
1319 2987 1430 3048 tibi
1483 2988 1790 3048 obnoxios
1847 2985 2068 3068 fecisti.
2128 2994 2372 3068 etnon
2433 2987 2638 3047 minus
2694 2989 2758 3047 in
2817 3007 2923 3048 ore
2984 2985 3308 3049 hominum
3369 2985 3726 3068 agis’quam

325 3075 584 3149 propter
641 3070 796 3129 alias
849 3065 1186 3130 acerrimis
1230 3068 1456 3128 mentis
1519 3068 1696 3128 dotes
1720 3086 1742 3149 _;
1792 3085 1879 3129 .ex
1941 3067 2170 3144 quibus
2227 3065 2649 3149 boniomnes
2723 3069 3085 3146 intelligunt
3149 3078 3322 3130 tanto
3383 3065 3441 3129 te
3498 3065 3740 3130 caeteris

326 3147 698 3210 mortalibus
755 3149 1138 3228 superiorem
1195 3167 1351 3218 esse,
1412 3147 1960 3229 quantofortuna
2016 3154 2124 3207 tua
2180 3147 2484 3229 excelsior
2541 3156 2601 3209 et
2662 3149 3060 3226 prastantior
3127 3157 3242 3210 est.
3313 3150 3459 3210 Vive
3520 3152 3737 3229 igitur,

323 3227 847 3291 Eminentissime’
883 3229 1248 3301 Cardinalis,
1307 3230 1527 3289 Gallia
1584 3227 1888 3298 felicitati,
1951 3245 2139 3306 quae,
2180 3235 2238 3285 te
2293 3228 2548 3302 sospite.
2609 3232 2858 3290 culmen
2913 3229 3297 3306 adipiscetur
3356 3239 3418 3290 et
3468 3227 3730 3290 diurna-

322 3310 459 3370 bitl
521 3310 693 3383 Vive,
752 3311 840 3370 rei
893 3311 1142 3371 Gallicre
1203 3315 1405 3372 rector
1462 3317 1523 3369 et
1580 3305 1987 3387 propagator,
2045 3305 2225 3385 cujus
2283 3308 2622 3385 vigilantiae
2665 3313 2785 3368 hoc
2841 3305 3126 3386 debetur,
3191 3319 3260 3371 ut
3317 3311 3478 3371 Galli
3512 3329 3730 3387 pacem

322 3390 1212 3468 mquissimis-conditionibus
1267 3407 1519 3468 sperare
1593 3388 1886 3460 debeant,
1947 3393 2056 3449 aut
2131 3389 2328 3448 exteri
2386 3390 2620 3450 bellum
2699 3390 3160 3452 internecinum
3239 3391 3518 3452 timere?
3585 3391 3738 3452 Vive

325 3471 458 3544 diu,
516 3471 740 3532 Gallia:
793 3470 939 3531 felix
1001 3471 1197 3532 tutela
1255 3469 1600 3549 salusque!

763 3629 1138 3694 Eminentia
1196 3635 1320 3693 tua:

2607 3711 3046 3775 devotissimus

2367 3819 2644 3882 Csaows
2687 3823 2970 3884 ANNIBAL
3014 3823 3452 3886 FABROTUS.

1816 4095 2299 4185 LECTORI

405 4399 490 4458 De
535 4398 943 4476 scriptoribus
1010 4397 1298 4480 historiis
1348 4398 1704 4480 Byzantina:
1765 4397 2158 4480 publicandis
2207 4419 2380 4480 apem
2442 4402 2699 4462 fecimus
2755 4403 2924 4463 edito
2971 4403 3214 4464 Joanne
3273 4405 3741 4467 Canlacuzeno.

322 4478 480 4560 Ecce
523 4481 716 4560 fidem
780 4486 1149 4556 prmstarnus
1203 4479 1586 4539 felicioribus
1643 4478 1936 4555 auspiciis
1980 4478 2449 4560 annixipjussu
2506 4500 2732 4560 nempe
2791 4484 3191 4545 illustrissimi
3251 4485 3537 4546 Franciee
3593 4505 3741 4544 can-

322 4557 557 4618 cellarii
615 4561 782 4620 Petri
843 4560 1172 4630 Seguierii,
1231 4560 1340 4637 qui
1398 4567 1468 4618 ut
1523 4579 1679 4634 Opus
1743 4560 1860 4619 hoc
1918 4562 2238 4638 egregium
2280 4557 2588 4621 ederetur
2644 4557 2773 4623 suae
2833 4583 3000 4626 curae
3075 4566 3238 4625 fecit.
3302 4567 3460 4634 Quid
3524 4575 3735 4625 autem

323 4638 469 4723 huic
504 4641 787 4723 ‘tlcdreni
841 4640 1100 4700 editioni
1164 4642 1513 4723 accesserit,
1575 4641 1792 4723 lector,
1852 4642 2200 4723 monendus
2257 4661 2344 4723 es.
2409 4641 2626 4723 Plures
2656 4662 2875 4718 eaalue
2934 4648 3217 4723 ingentes
3279 4645 3521 4705 lacuna
3557 4652 3742 4705 erant

323 4718 386 4779 in
444 4719 717 4782 editione
778 4723 1006 4800 priore,
1068 4722 1629 4804 quaeCedrenum
1675 4721 2137 4804 deformabant.
2200 4721 2350 4782 Aliae
2423 4722 2695 4782 minores
2775 4718 3304 4804 plures'paginas
3385 4745 3736 4804 occupave-

321 4808 485 4860 rant.
554 4807 667 4862 tias
724 4821 940 4862 omnes
996 4820 1072 4860 ex
1129 4801 1266 4860 aliis
1321 4801 1731 4878 scriptoribus
1790 4803 2034 4861 calamo
2093 4804 2366 4862 exavatis
2425 4804 2872 4880 supplevimus,
2943 4801 3152 4864 multa
3209 4801 3598 4866 correximus
3657 4826 3734 4865 ex

321 4881 563 4964 Joanne
622 4884 1338 4964 ScylitzeCuropalate,
1397 4883 1505 4960 qui
1559 4883 1907 4964 Cedrrenum
1969 4885 2247 4964 αὐτολεξεξ
2308 4883 2718 4964 descripserat
2781 4886 2946 4946 unde
2998 4886 3212 4946 mirari
3267 4889 3433 4946 subit
3491 4892 3731 4964 quanta

320 4963 672 5046 securitate
711 4963 923 5024 saeculi
969 4965 1073 5046 sui
1130 4961 1562 5046 Curopalates
1609 4963 1883 5046 alienum
1959 4982 2118 5041 opus
2173 4963 2286 5022 sibi
2351 4963 2697 5046 vindicarit.
2779 4967 2999 5046 Itaque
3059 4967 3107 5026 si
3188 4968 3326 5046 quis
3383 4961 3727 5043 Curopala-

323 5044 448 5126 tﬁem
508 5041 834 5114 desideret,
896 5044 1052 5102 sciat
1108 5060 1264 5126 eum,
1303 5041 1569 5126 tledreni
1604 5044 1873 5126 simiam
1909 5060 2110 5126 esse:
2173 5061 2318 5126 nam
2379 5044 2634 5126 totidem
2717 5041 2922 5106 verbis
2990 5041 3400 5126 Curopalates
3456 5041 3726 5105 constat.

322 5117 436 5203 Qui
489 5127 693 5180 tamen
751 5143 872 5183 non
934 5143 1042 5202 per
1093 5123 1310 5184 omnia
1365 5125 1544 5184 nobis
1600 5124 1838 5184 inutilis
1897 5124 2032 5196 fuit,
2100 5123 2207 5184 sed
2265 5124 2634 5203 supplendo,
2676 5134 2767 5186 .ut
2825 5128 2977 5197 dixi,
3043 5135 3102 5187 et
3160 5117 3554 5187 emendando
3615 5127 3734 5186 Ce-

321 5197 516 5286 dreno
566 5203 857 5286 multum,
903 5197 1169 5286 profuit.
1205 5205 1531 5286 Quoniam
1598 5213 1806 5265 autem
1869 5211 2000 5265 toto
2077 5221 2235 5283 pene
2281 5197 2560 5286 Gedreno
2618 5197 2951 5285 'exscripto
3041 5209 3453 5286 Curopalates
3509 5207 3743 5285 excipit

318 5278 425 5339 ubi
458 5282 772 5343 Cedrenus
831 5278 1079 5355 desinit,
1155 5285 1298 5345 ideo
1377 5304 1501 5346 non
1584 5285 1901 5361 ingratum
1965 5278 2093 5345 fore
2157 5283 2308 5345 duxi
2384 5284 2434 5343 si
2510 5304 2650 5345 cum
2729 5278 3011 5348 (Iedreno
3070 5278 3383 5348 ederetur.
3463 5278 3742 5349 Joannes

314 5360 885 5447 Baptis_ta_Gabius
942 5366 1249 5443 interpres
1307 5365 1441 5443 ejus
1505 5360 1713 5447 multis
1770 5365 1835 5424 in
1871 5365 2035 5447 locis
2079 5365 2158 5425 ab
2219 5363 2493 5424 auctoris
2527 5368 2839 5428 sententia
2899 5369 3328 5428 abcrraverat.
3409 5371 3478 5429 Ei
3539 5387 3741 5447 quan-

313 5444 449 5526 tum
507 5443 644 5503 ﬁeri
704 5445 1320 5526 potuiticonsultum
1382 5452 1475 5506 est
1534 5446 1917 5524 interpolata
1985 5445 2118 5523 ers
2194 5447 2499 5505 versione.
2544 5447 2872 5526 iXylandri
2931 5466 3185 5526 quoque
3262 5443 3611 5508 versionem
3648 5449 3743 5507 in-

312 5522 563 5600 terdum
623 5525 1139 5597 emendavimus;
1205 5545 1317 5587 nec
1378 5533 1590 5588 tamen
1653 5522 1924 5587 veterem
1987 5522 2124 5586 luco
2181 5544 2294 5585 suo
2355 5522 2852 5600 deturbavimus,
2917 5522 3022 5588 sed
3085 5522 3365 5590 nostram
3428 5529 3504 5588 ad
3567 5547 3744 5588 oram

312 5599 460 5686 libri
521 5603 871 5686 rejecimus.
937 5603 1247 5686 Praeterea
1309 5609 1538 5669 fatetur
1594 5607 1906 5686 interpres
1962 5606 2232 5685 ingenue
2291 5624 2355 5667 se
2387 5606 2452 5665 in
2511 5599 2889 5684 quibusdam
2953 5609 3216 5672 haerere.
3278 5610 3404 5670 Nos
3447 5609 3580 5668 sine
3615 5610 3746 5671 ulla

314 5680 730 5748 insectatione
789 5685 1164 5749 sententiam
1222 5694 1504 5750 nostram
1563 5680 2060 5769 proposuimus;
2095 5692 2157 5748 et
2214 5690 2396 5747 notas
2456 5680 2759 5764 quasdam
2823 5689 3184 5753 addidimus
3251 5689 3306 5752 ei
3382 5689 3735 5751 ﬁrmandae.
