4156 6188
52 5917 152 6023 ἰ

345 389 419 449 19
1606 378 1767 441 XYL
1779 381 1815 439 Α
1827 379 1886 440 Ν
1893 379 1939 439 D
1949 377 2025 438 BI
2071 380 2484 444 PR/EF'ATIO
3677 383 3757 441 20

340 520 567 584 acriori
626 519 945 600 praeditos,
1006 518 1115 579 ubi
1163 511 1757 600 lectionemuhujus
1814 513 2020 600 Operis
2099 513 2513 600 instituerint,
2555 514 2891 600 Amolestiae
2950 514 3262 600 principio
3343 514 3583 594 aliquid
3645 523 3751 577 aut

340 604 530 664 etiam
591 592 844 662 nausea:
892 592 1346 661 contracturos.
1413 592 1752 676 Pollicitus
1786 597 1953 676 enim
2016 603 2234 655 auctor
2294 600 2373 655 ab
2432 597 2610 656 initio
2674 595 2889 655 mundi
2924 592 3116 674 usque
3163 592 3254 656 ad
3287 615 3401 656 sua
3455 592 3753 676 tempora

342 684 635 746 historias
665 701 730 743 se
788 679 1158 757 compendio
1203 676 1632 757 recitaturum,
1672 673 1798 757 __ubi
1859 674 2119 757 adrem
2181 685 2431 735 ventum
2493 683 2605 747 est,
2671 695 2872 757 neque
2903 677 3145 754 optimo
3205 677 3425 737 ordine
3481 696 3552 737 ea
3598 673 3757 755 'pro-

341 765 523 845 ponit
553 782 692 842 qua;
739 755 1036 845 ianacris
1095 756 1340 845 Litteris
1393 761 1456 845 et
1511 755 1710 845 Flavii
1758 755 2016 845 Josephi
2077 757 2469 845 antiquitatis
2527 756 2805 845 Judaicze
2865 757 3289 845 descriptione
3345 765 3536 845 atque
3597 759 3748 845 alibi

344 835 593 923 EOpiose
622 841 1101 910 describuntur;
1161 846 1222 896 et
1248 835 1710 923 inserit__multa
1742 836 1947 923 nescio
1997 855 2189 923 quam
2238 839 2436 896 relatu
2471 846 2588 923 aut
2637 838 2876 923 credita
2928 838 3122 914 digna
3160 835 3753 923 :‘_et_interpolat_is

345 915 810 986 narrationibus
866 937 1058 996 sape,
1118 935 1285 994 saepe
1347 916 1669 987 mutilatis,
1732 915 2072 992 aliquando
2131 917 2293 976 idem
2375 935 2492 977 non
2543 917 2674 976 sine
2734 918 2921 978 trs-dio
2980 925 3041 976 et
3117 918 3261 977 odio
3318 915 3618 979 inculcat.
3683 920 3752 980 In

343 1004 603 1064 summis
662 1000 878 1059 mundi
936 999 1211 1078 imperiis
1268 1003 1328 1078 et
1387 1014 1603 1078 eorum
1662 997 2049 1078 Superssione
2125 1015 2197 1056 ac
2260 997 2708 1057 mutationibus
2787 998 3174 1078 exponendis
3227 998 3488 1075 jejunus
3568 1003 3755 1078 plane

343 1090 456 1143 est.
523 1084 636 1140 Res
699 1076 1155 1140 flomanas'ita
1212 1076 1466 1154 attingit
1523 1083 1591 1134 ut
1650 1076 1934 1135 videatur
1990 1096 2204 1136 earum
2264 1078 2451 1137 fuisse
2509 1076 3163 1155 admodum'ignarus.
3230 1081 3304 1137 Et
3361 1081 3424 1137 in
3457 1076 3610 1157 ipsis
3643 1081 3756 1139 im-

344 1161 740 1243 peratoribus
797 1161 1017 1243 ordine
1073 1157 1468 1243 recensendis
1526 1175 1867 1243 eorumque
1909 1158 1970 1216 in
2030 1177 2276 1243 summa
2339 1158 2724 1243 eXponendis
2782 1157 2968 1217 rebus
3028 1158 3217 1234 gestis
3269 1159 3395 1218 fere
3448 1160 3527 1219 ad
3559 1164 3756 1243 Gens-

344 1236 657 1304 iantinum
718 1258 910 1317 usque
966 1241 1258 1317 Magnum
1319 1237 1474 1296 nihil
1532 1236 1815 1314 praclari
1863 1244 1975 1317 aut
2031 1239 2217 1299 etiam
2275 1257 2483 1317 opere
2547 1239 2724 1315 pretii
2782 1245 2874 1298 est
2951 1245 3348 1311 consecutus,
3409 1247 3476 1297 ut
3533 1242 3758 1300 subve-

346 1342 487 1384 rear
539 1339 617 1382 ne
658 1316 822 1399 quis
859 1320 979 1380 ista
1025 1316 1239 1396 legens
1297 1318 1650 1400 exclamet:
1715 1316 1870 1400 Quid
1927 1327 2086 1378 tanto
2144 1316 2390 1397 dignam
2447 1319 2610 1378 dedit
2669 1317 2766 1377 hic
2833 1320 3165 1400 promissor
3211 1317 3398 1400 hiatu
3434 1317 3466 1376 ἒ)
3515 1322 3759 1400 Digres-

346 1405 551 1464 siones
607 1398 858 1479 quoque
907 1400 966 1458 in
1029 1399 1486 1477 disputationes
1545 1398 1620 1458 de
1677 1399 1803 1456 vita
1867 1401 2232 1470 monastica,
2292 1407 2512 1460 contra
2566 1400 2843 1470 Judaeos,
2904 1405 2966 1458 et
3010 1399 3147 1479 alia
3204 1399 3266 1457 id
3317 1419 3538 1478 genus,
3601 1398 3756 1461 talia

245 1538 260 1556 ,
348 1489 493 1544 sunt
548 1478 688 1558 quae
747 1480 1080 1540 annalibus
1135 1498 1359 1558 parum
1420 1479 1677 1538 omnino
1735 1480 2111 1540 conveniant
2168 1488 2227 1539 et
2257 1500 2378 1539 non
2440 1481 2678 1557 possint
2736 1497 2772 1538 a
2831 1478 3055 1558 quovis
3113 1480 3461 1539 ventriculo
3538 1500 3759 1542 conco-

347 1564 478 1642 qui.
539 1563 697 1642 Quasr
745 1579 862 1640 ego
915 1579 952 1619 a
1015 1578 1113 1620 me
1147 1560 1338 1642 edicta
1392 1560 1482 1618 ita
1538 1558 1722 1618 velim
1783 1560 1983 1638 accipi
2041 1569 2106 1620 ut
2136 1561 2216 1642 ab
2276 1580 2352 1620 eo
2410 1561 2525 1642 qui
2576 1579 2701 1642 non
2760 1559 3074 1642 vituperet
3103 1560 3212 1642 sed
3244 1566 3502 1620 excuset
3531 1561 3759 1622 Cedre-

347 1639 522 1713 num,
584 1639 952 1719 scriptarem
1011 1641 1262 1718 qualem
1317 1657 1390 1699 ea
1448 1646 1733 1716 tempora
1791 1648 1851 1700 et
1911 1640 2190 1700 fortassis
2219 1642 2411 1702 etiam
2473 1641 2617 1700 vitas
2646 1639 3000 1698 institutum
3053 1641 3213 1710 tulit,
3267 1646 3334 1698 ut
3386 1659 3508 1700 uno
3566 1643 3759 1702 verbo

348 1725 576 1791 dicam,
659 1718 974 1781 interdum
1035 1718 1228 1788 εὐήθη.
1291 1721 1470 1780 Certe
1528 1720 1578 1779 si
1637 1719 1786 1797 quid
1847 1721 1925 1780 ab
1984 1740 2058 1781 eo
2120 1729 2444 1798 peccatum
2505 1727 2617 1797 est,
2678 1738 2804 1779 non
2875 1737 3104 1796 magno
3163 1737 3368 1778 rerum
3431 1720 3760 1799 dispendio

347 1811 673 1884 peccatum
735 1810 1050 1884 est,icum
1109 1800 1359 1860 abunde
1419 1800 1719 1884 librorum
1779 1801 1859 1860 sit
1914 1820 1990 1884 ex
2045 1802 2296 1884 quibus
2332 1800 2732 1860 historiarum
2791 1799 2870 1859 ab
2930 1799 3065 1877 ipso
3126 1801 3589 1884 praeteritarum
3650 1809 3762 1884 aut

350 1879 557 1944 minus
589 1883 920 1942 commode
971 1887 1380 1940 tractatorum
1415 1879 1690 1956 cognitio
1751 1883 1944 1960 repeti
1979 1882 2195 1960 possit.
2248 1883 2378 1942 Hoc
2436 1888 2645 1940 autem
2705 1898 2848 1940 vere
2901 1898 3155 1957 possum
3216 1881 3556 1953 afﬁrmare,
3613 1883 3756 1960 plu-

350 1966 509 2026 rima
540 1980 674 2022 esse
722 1963 783 2022 in
843 1962 1104 2021 Cedreni
1153 1961 1272 2020 hoc
1321 1978 1532 2039 opere,
1595 1978 1737 2038 quae
1791 1980 1931 2020 cum
1966 1962 2114 2021 alibi
2167 1981 2290 2021 non
2325 1961 2743 2031 inveniantur,
2808 1961 3148 2020 maximam
3207 1961 3262 2019 ei
3324 1964 3493 2038 apud
3531 1980 3752 2023 omnes

348 2042 630 2105 veritatis
660 2051 718 2102 et
751 2041 1027 2101 historia:
1064 2047 1376 2101 amatores
1423 2039 1757 2100 conciliare
1807 2041 2043 2120 possint
2088 2041 2483 2119 debeantque
2527 2040 2821 2121 gratiam.
2874 2042 2942 2100 In
2993 2040 3346 2100 Justiniano
3401 2044 3750 2120 praesertim

352 2129 613 2202 Magno,
644 2124 706 2184 in
747 2121 1034 2183 Heraclio
1065 2128 1126 2182 et
1181 2121 1319 2202 aliis
1362 2121 1668 2202 deinceps
1724 2121 2067 2199 Cpolitanis
2115 2120 2598 2200 imperatoribus
2655 2120 2979 2202 multocst
3023 2139 3229 2202 equam
3288 2121 3420 2200 ipse
3477 2125 3758 2184 Zonaras

348 2201 539 2266 fuerit
592 2203 952 2282 diligentius
1009 2220 1082 2260 ac
1139 2201 1451 2279 copiosius
1503 2208 1786 2260 versatus
1843 2203 2288 2276 describendis,
2350 2203 2530 2263 annis
2586 2201 2772 2260 etiam
2833 2201 3094 2278 singulis
3168 2220 3265 2261 res
3323 2207 3533 2278 gestas
3592 2204 3752 2264 divi-

343 2289 519 2346 dens.
583 2284 736 2344 Nam
796 2301 939 2361 quae
997 2287 1140 2341 ante
1198 2300 1375 2341 nova)
1433 2286 1650 2342 Roma
1709 2289 1914 2342 ortum
1981 2283 2190 2354 habet,
2253 2301 2326 2344 ea
2385 2284 2632 2342 videtur
2690 2288 3009 2358 utcunque
3055 2300 3130 2341 ex
3190 2283 3378 2341 variis
3411 2283 3585 2343 libris
3625 2303 3752 2343 non

345 2381 573 2444 magna
629 2383 782 2424 cura
836 2380 908 2422 ac
955 2361 1196 2444 judicio
1256 2361 1597 2444 perexiguo
1625 2363 2138 2444 consarcinasse:
2175 2365 2235 2422 in
2287 2363 2497 2441 Cpolis
2547 2369 2755 2444 autem
2813 2361 3124 2444 r_ebus__et
3154 2363 3553 2444 exercitatior
3607 2364 3746 2439 fuit,

341 2454 411 2507 ut
460 2441 757 2522 apparet,
819 2450 881 2502 et
915 2442 1153 2519 majore
1210 2449 1302 2501 est
1336 2461 1480 2501 usus
1537 2442 1894 2512 industria;
1959 2449 2020 2502 et
2077 2444 2310 2521 siquid
2367 2461 2484 2520 ego
2535 2442 2778 2520 judico,
2842 2441 3103 2522 bocilli
3162 2444 3314 2522 ἔργον
3348 2443 3484 2515 fuit,
3521 2450 3749 2503 caetera

347 2521 614 2608 πάρερίγα.
675 2523 789 2592 Qui
852 2540 993 2608 eum
1053 2539 1194 2608 eum
1256 2524 1502 2608 Zonara
1555 2522 1930 2595 conferrent,
1992 2522 2072 2608 iis
2123 2523 2591 2608 deprehendere
2647 2522 2766 2581 erit
2826 2521 3096 2608 proclive
3157 2521 3300 2581 vere
3339 2540 3455 2608 _me
3510 2522 3758 2608 ista_di_-

343 2601 723 2668 cereL'Nam
784 2601 995 2662 omisit
1048 2604 1327 2682 zonaras
1361 2602 1560 2662 multa
1617 2621 1758 2680 quae
1815 2608 2028 2662 noster
2057 2602 2273 2673 habet,
2326 2604 2485 2663 scitu
2541 2620 2841 2682 perquam
2879 2602 3108 2682 digna,
3158 2609 3219 2662 et
3248 2602 3476 2679 quibus
3515 2604 3762 2663 omissis

342 2687 671 2748 historiam
733 2682 1007 2742 mutilari
1064 2681 1512 2760 obscurarique
1574 2683 1689 2741 fuit
1748 2701 2018 2743 necesse.
2080 2685 2285 2745 Multa
2338 2683 2442 2744 ille
2490 2681 2765 2742 breviter
2817 2681 3161 2742 admodum
3237 2682 3561 2756 indicavit,
3623 2701 3766 2762 qum

345 2773 489 2827 sunt
547 2785 584 2826 a
639 2770 851 2824 nostro
909 2761 1392 2821 circumstantiis
1448 2762 1740 2842 omnibus
1796 2763 2120 2841 explicatis
2171 2763 2506 2823 illustrata.
2570 2765 2782 2841 Neque
2839 2781 2954 2841 ego
3024 2762 3261 2840 primus
3334 2762 3456 2822 hoc
3535 2761 3762 2842 depre-

345 2845 577 2907 hendi:
635 2845 741 2904 sed
784 2842 1048 2922 Wolﬁus
1106 2851 1338 2912 noster,
1393 2859 1579 2922 quem
1654 2841 1914 2903 honoris
1971 2862 2158 2902 causa
2215 2845 2494 2912 nomino,
2578 2843 2671 2902 vir
2724 2844 2945 2902 harum
3010 2860 3216 2902 rerum
3279 2842 3770 2922 (quod,quibus

341 2928 597 3005 ignotus
654 2925 786 3005 ipse
818 2927 931 2992 est,
989 2921 1456 3005 lucubrationes
1495 2921 1631 3005 eju_s
1677 2923 2140 2983 evidentissima
2196 2923 2653 3002 demonstrant)
2718 2923 3371 3005 longeperitissimus,
3433 2921 3764 3002 aliquanto

344 3001 490 3068 abte
547 3001 744 3066 codici
805 3009 1010 3062 vestro
1068 3001 1364 3061 schedam
1442 3003 1797 3081 praﬁxerat
1877 3023 2001 3079 qua
2059 3011 2500 3080 argumentum
2582 3001 2717 3078 ejus
2785 3004 2848 3063 in
2911 3004 3042 3064 hinc
3119 3005 3313 3062 verba
3389 3001 3768 3082 exprimitur

351 3112 381 3145 (ι
441 3093 668 3147 tractat
726 3084 888 3144 idem
951 3089 1392 3164 argumentum
1453 3084 1621 3161 quod
1678 3085 1977 3153 Zonaras,
2036 3084 2144 3144 sed
2208 3084 2405 3144 multa
2467 3084 2656 3143 habet
2713 3101 2746 3142 a
2805 3085 3051 3142 Zonara
3117 3083 3194 3142 de
3251 3084 3563 3146 industria
3596 3104 3764 3164 prte-

348 3168 654 3239 termissa,
717 3163 1090 3245 brevita_tis_,_
1129 3163 1497 3245 ut_opinor,
1561 3164 1791 3241 studio,
1854 3165 1961 3224 sed
1992 3171 2158 3224 certe
2209 3183 2331 3224 non
2393 3165 2951 3242 praetermittenda.
3016 3164 3197 3235 Quod
3263 3165 3312 3223 si
3371 3165 3525 3225 mihi
3583 3163 3760 3245 optio

349 3250 495 3309 data
553 3249 772 3308 fuisset
827 3245 906 3304 ab
959 3243 1160 3312 initio,
1222 3243 1392 3303 hunc
1441 3247 1702 3304 Zonaras
1761 3245 2196 3322 praetulissem.
2270 3249 2444 3305 Nunc
2518 3264 2656 3305 cum
2719 3246 2967 3304 Zonara
3022 3245 3225 3303 denuo
3284 3245 3564 3306 edendos
3621 3243 3762 3318 erit,

348 3329 706 3389 consultum
766 3327 896 3385 fore
951 3323 1262 3384 videbitur
1321 3330 1388 3382 ut
1444 3323 1565 3383 hoc
1624 3329 1819 3384 totum
1881 3344 2040 3402 opus
2098 3324 2482 3402 pet-legatur,
2573 3331 2635 3384 et
2693 3324 2998 3402 quidquid
3091 3325 3501 3386 memorabile
3561 3327 3762 3386 visum

349 3410 560 3480 fuerit,
585 3410 842 3468 Zonaras
873 3403 1000 3464 suis
1032 3403 1182 3462 locis
1211 3408 1376 3464 certa
1409 3411 1556 3464 nota
1587 3407 1874 3483 apposita
1903 3406 2326 3466 inserendum.
2368 3430 2394 3459 ››
2430 3408 2574 3466 Haac
2603 3405 2866 3464 Wolﬁus
2902 3422 2915 3474 ;
2951 3404 3082 3482 qui,
3145 3403 3311 3463 haud
3373 3406 3584 3477 dubie,
3619 3427 3764 3469 cum

352 3491 471 3550 hoc
526 3491 716 3548 ferret
771 3486 850 3545 de
906 3483 1200 3566 Cedreno
1237 3483 1572 3562 judicium,
1606 3486 1682 3544 ad
1745 3505 1818 3546 ea
1874 3487 2148 3565 respexit
2205 3486 2538 3566 praecipuae
2597 3503 2737 3564 quas
2799 3486 3309 3566 aliundeiquam
3372 3505 3448 3545 ex
3497 3506 3572 3547 eo
3656 3495 3770 3549 aut

353 3573 601 3631 Zonara
660 3565 856 3644 repeti
914 3564 1242 3646 commode
1290 3584 1416 3623 non
1478 3571 1754 3642 possunt.
1814 3564 1994 3628 Nam,
2041 3568 2164 3625 duo
2207 3564 2460 3645 'prioros
2521 3569 2805 3639 Zonaras,
2861 3567 3013 3625 torni
3084 3565 3270 3643 longe
3324 3567 3562 3646 alioqui
3621 3576 3770 3629 sunt

354 3649 645 3710 meliores
701 3665 774 3706 ac
832 3645 1017 3727 laude
1070 3645 1390 3727 digniores
1449 3664 1636 3724 quam
1695 3665 1769 3706 ea
1800 3665 1942 3724 quae
1992 3647 2069 3706 ad
2102 3647 2580 3708 Constantinum
2639 3663 2834 3724 usque
2886 3649 3189 3727 Magnum
3228 3653 3440 3706 noster
3481 3645 3763 3727 Collegit.

353 3731 431 3791 Et
488 3735 696 3789 tamen
753 3727 815 3786 in
873 3724 1040 3785 hisce
1091 3725 1242 3802 ipsis
1299 3732 1459 3807 sunt
1500 3727 1801 3786 nonnulla
1860 3746 2001 3805 qum
2059 3729 2312 3805 cognitu
2373 3728 2592 3807 digna,
2627 3732 2817 3807 atque
2872 3725 3028 3784 utila
3090 3731 3298 3807 tamen
3334 3745 3539 3806 neque
3597 3724 3768 3807 apud

353 3813 666 3873 Zonaram
699 3811 1033 3867 occurrant
1065 3824 1267 3883 neque
1317 3805 1468 3866 alibi
1515 3807 1638 3866 sint
1668 3808 1822 3867 adeo
1857 3809 2064 3868 obvia.
2121 3809 2302 3868 Enim
2337 3826 2484 3866 vero
2537 3806 2598 3865 id
2649 3806 2970 3864 afﬁrmare
3018 3806 3243 3881 ausim,
3278 3825 3350 3864 ex
3393 3805 3514 3868 hoc
3547 3805 3764 3871 nostro

356 3891 659 3969 scriptore
717 3888 796 3947 ab
852 3886 1108 3946 homine
1150 3887 1488 3969 industrio
1545 3888 1741 3947 multa
1789 3907 1970 3964 posse
2018 3889 2256 3948 desumi
2334 3887 2561 3964 quibus
2605 3888 2920 3969 _Zonarm__
2953 3886 3244 3969 Procopii
3290 3887 3548 3969 Diaconi
3610 3891 3767 3951 alio-

354 3965 624 4049 rumque
679 3969 997 4049 idgenus
1045 3966 1447 4049 scriptorum,
1503 3969 1919 4049 recentiorum
1971 3987 2243 4047 quoque,
2309 3977 2377 4027 ut
2432 3967 2827 4049 Cuspiniani,
2880 3965 3127 4044 Egnatii
3187 3967 3500 4049 Panvinii,
3553 3969 3762 4049 impe-

355 4047 599 4112 ratores
646 4056 708 4108 et
765 4047 1042 4108 historias
1101 4048 1325 4123 partim
1385 4048 1612 4125 corrigi
1660 4049 1885 4124 partim
1936 4049 2238 4108 illustrari
2295 4066 2367 4108 ac
2425 4047 2609 4125 poliri
2669 4047 2928 4124 possint.
2994 4049 3141 4118 Quae
3204 4047 3440 4106 utilitas
3472 4049 3567 4108 vel
3627 4047 3764 4111 sola

358 4131 496 4209 ejus
553 4130 888 4189 editionem
923 4129 1208 4209 apprime
1251 4128 1419 4209 apud
1469 4145 1682 4204 aequos
1715 4128 1976 4188 lrctores
2026 4129 2363 4206 gratiosam
2418 4132 2619 4187 facere
2665 4128 2871 4187 debet.
2927 4128 3140 4209 Neque
3189 4145 3354 4186 nunc
3408 4147 3757 4206 proponam

361 4207 700 4288 exempla:
757 4209 1003 4288 tametsi
1046 4208 1232 4288 enim
1296 4207 1381 4266 rei
1436 4214 1688 4288 gustum
1749 4209 2024 4287 aliquem
2084 4209 2522 4270 annotationes
2578 4215 2807 4270 nostra:
2869 4207 3256 4288 praebebunt,
3322 4215 3528 4268 tamen
3591 4211 3759 4271 malo

358 4290 495 4350 haec
554 4286 770 4348 solerti
845 4286 1062 4346 lectori
1106 4287 1500 4346 observanda
1575 4286 1928 4367 relinquere
1989 4308 2176 4367 quam
2250 4290 2323 4348 iis
2381 4287 2950 4348 commemorandis
3005 4305 3102 4346 me
3153 4287 3412 4363 jactare.
3472 4288 3761 4350 Addatur

361 4378 426 4430 et
482 4369 648 4429 hoc:
711 4385 852 4427 cum
907 4385 1130 4448 eorum
1192 4384 1334 4443 quae
1392 4373 1535 4448 sunt
1595 4369 1761 4429 circa
1799 4370 2159 4448 Byzantium
2195 4377 2256 4428 ct
2304 4370 2365 4427 in
2413 4370 2550 4447 ipsa
2599 4369 2752 4427 urbe
2801 4369 3270 4448 locorum,itum
3303 4367 3569 4428 aliarum
3606 4370 3767 4430 mul-

360 4456 565 4510 tarum
601 4448 855 4530 urbium
894 4446 1224 4530 ﬂuminum
1274 4447 1707 4527 montiumque
1776 4446 2058 4510 notitiam
2113 4446 2455 4529 permultis,
2490 4449 2678 4526 hujus
2726 4447 3046 4526 scriptoris
3107 4447 3262 4530 locis
3316 4466 3498 4526 posse
3567 4452 3769 4530 expli-

359 4530 488 4590 cari
547 4534 737 4610 atque
793 4527 1150 4610 illustrari“;
1204 4533 1276 4586 ut
1315 4546 1583 4610 imagno
1645 4549 1850 4589 rerum
1909 4527 2476 4610 geographicarum
2538 4530 2924 4590 incremento
3000 4534 3062 4588 et
3139 4527 3534 4606 antiquitatis
3594 4527 3765 4593 reco-

359 4610 564 4672 lendas
621 4609 988 4687 adjumento
1047 4607 1451 4685 diligentibus
1507 4609 1584 4669 sit
1645 4611 1911 4671 futurus.

367 4765 370 4768 _
437 4692 666 4751 Verum
728 4690 806 4748 de
862 4688 1141 4749 Cedreno
1199 4689 1370 4760 satis,
1432 4699 1539 4748 aut
1586 4690 1848 4752 fortasse
1906 4690 2216 4750 nimium:
2283 4691 2550 4768 legatur,
2609 4691 2781 4768 ipsus
2848 4706 2912 4749 se
2962 4688 3278 4766 probabit,
3364 4697 3427 4750 et
3483 4692 3772 4753 ostendet

357 4771 660 4833 vendibili
705 4771 849 4829 vino
910 4787 1030 4828 non
1063 4787 1222 4847 opus
1253 4789 1385 4830 esse
1417 4769 1672 4842 hedera,
1724 4771 1916 4831 Venio
1952 4790 2114 4831 nunc
2171 4772 2249 4831 ad
2307 4790 2508 4831 meam
2569 4788 2854 4848 operam,
2911 4788 3031 4828 non
3071 4772 3349 4846 profecto
3386 4776 3452 4829 ut
3499 4791 3638 4831 eam
3673 4774 3770 4833 vel

349 4851 743 4934 jactemivel
799 4851 1016 4934 etiam‘
1050 4857 1300 4934 ἀκκισμῷ
1366 4857 1719 4934 extenuem,
1780 4870 2049 4934 quorum
2109 4858 2398 4934 neutrum
2458 4869 2574 4934 ego
2630 4849 2887 4934 ingenui
2945 4849 3220 4934 hominis
3263 4850 3596 4934 _arbitror_;
3654 4871 3764 4912 ne-

355 4930 478 5011 que
535 4933 723 4993 etiam
787 4938 856 4990 ut
915 4930 1021 5008 qui
1083 4932 1302 4990 vestris
1359 4939 1419 4991 et
1463 4931 1729 4991 aliorum
1794 4933 2101 4992 bonorum
2135 4933 2417 5006 (caeteros
2446 4932 2610 4992 enim
2674 4931 2827 4990 nihil
2889 4931 3126 5008 moror)
3168 4930 3420 5008 judiciis
3451 4932 3757 5003 difﬁdam,

353 5013 623 5092 ideoque
680 5031 933 5074 causam
998 5011 1150 5071 mihi
1201 5011 1529 5072 dicendam
1584 5013 1983 5090 putaverim:
2046 5014 2152 5072 sed
2214 5013 2406 5091 quod,
2469 5031 2609 5072 cum
2671 5013 2802 5086 ipse
2862 5011 2925 5070 in
2978 5011 3096 5092 hoc
3153 5011 3586 5092 operefajsus
3644 5012 3765 5072 ali-

357 5090 692 5164 cubi’sim,
755 5092 950 5153 nolim
1009 5092 1165 5152 alios
1224 5111 1476 5170 quoque
1534 5111 1763 5153 errare.
1824 5093 2038 5155 Primo
2096 5090 2374 5154 omnium
2438 5111 2512 5151 ne
2569 5101 2830 5152 conatus
2886 5091 3138 5172 quidem
3173 5109 3312 5150 sum
3345 5090 3402 5149 id
3437 5093 3762 5172 consequi,

359 5174 764 5251 utZonarae,
825 5174 1062 5235 Nicetes
1121 5189 1194 5233 ac
1253 5175 1540 5248 Gregorae
1598 5174 1955 5233 facundiam
1989 5174 2271 5235 Latinam
2307 5191 2518 5251 parem
2578 5173 2856 5233 Cedreno
2919 5171 3525 5232 conciliarem.Nam
3573 5175 3769 5250 probe

360 5250 518 5312 mihi
574 5269 726 5310 mete
781 5253 1066 5313 conscius
1123 5252 1463 5323 tenuitatis,
1518 5253 1762 5312 nemine
1817 5255 2004 5315 etiam
2067 5250 2380 5324 monente,
2441 5252 2753 5312 habebam
2812 5251 3208 5328 exploratum
3273 5270 3370 5310 me
3407 5253 3611 5313 moliri
3647 5254 3767 5315 hoc

359 5350 483 5391 non
546 5329 772 5412 debere
828 5335 993 5408 quod
1051 5332 1307 5411 elegans
1354 5339 1566 5410 pastor
1615 5336 1832 5395 merito
1889 5335 2000 5394 odi:

2149 5335 2258 5407 ait,
2294 5335 2416 5393 ’ἶσον
2455 5338 2610 5407 ὄρειος
2650 5342 2860 5412 κορυφᾷ
2892 5331 3107 5412 τελέται
3146 5335 3318 5406 δόμον
3361 5336 3771 5411 ὠρομὲδοντος,

353 5414 430 5473 Et
487 5410 740 5492 quidem
801 5412 1030 5492 Graecae
1087 5410 1318 5490 lingua:
1379 5433 1490 5472 usu
1549 5413 1894 5473 ()edrenum
1947 5415 2020 5473 iis
2078 5435 2233 5492 quos
2285 5413 2602 5472 nominavi
2665 5410 2861 5471 multo
2895 5411 3253 5468 inferiorem
3315 5410 3493 5482 esse,
3544 5415 3775 5473 multo-

352 5509 475 5570 que
537 5491 739 5550 minus
796 5491 855 5549 in
927 5510 1040 5550 suo
1116 5495 1248 5552 foro
1301 5493 1624 5560 disertum,
1695 5512 1817 5553 non
1881 5491 2216 5554 difﬁculter
2269 5494 2650 5567 judicabant
2712 5493 3021 5559 lectores;
3086 5509 3244 5568 quos
3301 5492 3511 5550 minus
3579 5495 3776 5555 habet

351 5572 539 5632 etiam
599 5572 768 5654 quod
819 5580 1263 5654 conqueratur.
1341 5575 1388 5633 si
1445 5575 1656 5634 Latine
1719 5576 1932 5651 purius
2009 5575 2046 5634 ii
2108 5576 2486 5654 nitidiusque
2545 5574 2679 5649 ipso
2741 5572 3257 5654 loquuntur._Ac
3334 5573 3544 5654 nescio
3607 5594 3771 5649 quo-

357 5654 545 5712 modo
610 5651 758 5711 mihi
809 5652 1038 5711 accidit
1078 5659 1154 5733 ut
1219 5653 1532 5715 interdum
1583 5655 1833 5726 invitus,
1906 5654 2102 5733 magis
2177 5651 2399 5716 tamen
2437 5655 2638 5724 solito,
2697 5652 3077 5733 balbutirem
3140 5651 3276 5733 ipse
3335 5653 3552 5724 etiam,
3616 5655 3768 5715 dum

349 5734 693 5810 praeeuntis
754 5733 941 5792 verba
997 5730 1346 5807 subscquor
1391 5744 1452 5794 et
1507 5736 1855 5802 exprimere
1914 5730 2128 5798 conor.
2190 5737 2311 5798 Sed
2379 5736 2499 5796 hoc
2563 5732 2870 5811 quidquid
2925 5737 3018 5793 est
3086 5732 3258 5809 mali,
3325 5734 3767 5810 aequanimitas

347 5815 657 5875 lectorum
695 5813 786 5874 vel
821 5812 1241 5875 dissimulabit
1271 5814 1366 5872 vel
1398 5815 1689 5888 corriget.

431 5897 770 5975 Postquam
832 5914 960 5970 vos,
1021 5893 1373 5955 Maecenatis
1422 5897 1673 5957 nomine
1723 5898 2072 5976 dignissimi
2122 5899 2363 5966 heroes,
2420 5896 2582 5956 ultro
2656 5911 2772 5972 pro
2833 5898 3038 5954 vestra
3093 5891 3478 5972 benignitate
3529 5896 3605 5956 de
3664 5915 3764 5958 me
