4156 6188
387 306 451 365 21
1649 300 2068 361 XYLANDRI
2117 303 2529 366 PB/EFATIO
3710 308 3789 366 22

389 442 632 520 honeste
690 434 1053 520 sentientes,
1113 433 1460 520 impulsore
1517 434 1918 520 maxime_D.
1977 437 2287 520 Ludovico
2349 440 2598 512 Carino,
2643 457 2790 520 sene
2856 439 3042 520 longe
3090 439 3453 501 doctissimo
3512 459 3786 520 veroque

391 518 671 580 officiosa:
702 516 764 599 in
829 514 1750 599 cultores_bon_oru_mgartium,
1814 515 2226 599 humanitatis
2282 520 2592 598 exemplo,
2652 514 3138 597 vobisque'nou
3197 520 3437 598 absque
3487 514 3784 599 gravissi-

400 602 512 660 mis
565 597 756 658 causis
811 602 869 655 et
932 596 1172 679 meritis
1227 595 1598 679 charissimo
1651 602 1713 655 et
1743 598 2198 679 acceptissimo,
2227 602 2328 679 de
2379 595 2480 661 me
2507 612 2717 661 autem
2760 595 3006 676 jamdiu
3055 602 3143 660 ita
3175 595 3396 661 merito
3431 595 3780 679 ut'gratia-

404 699 531 741 rum
584 680 878 737 actionem
935 677 1122 760 (quas
1179 676 1344 734 enim
1396 676 1626 760 possim
1689 695 1799 753 pro
1831 682 1921 760 tot
1980 677 2296 760 beneficiis
2359 681 2473 739 hac
2536 699 2672 740 mea
2727 681 3083 738 conditione
3119 681 3432 760 referre?)
3473 676 3575 741 hic
3607 683 3784 744 locus

410 762 630 836 dignam
683 776 806 816 non
865 757 1096 834 capiat,
1153 757 1516 816 memoriam
1551 764 1762 816 autem
1796 757 1874 815 ab
1928 775 2000 816 eo
2045 759 2107 816 in
2143 777 2238 817 me
2296 761 2719 836 profectarum
2752 760 3272 820 commoditatum
3317 757 3416 820 me
3446 762 3584 822 vivo
3620 764 3779 823 nihil

410 843 491 922 sit
521 839 1032 922 obliteraturum;
1095 837 1502 922 suadeptibus
1538 837 1723 922 idem
1771 855 1910 896 cum
1970 838 2108 896 aliis
2158 839 2482 922 primariis
2541 842 2685 900 viris
2747 848 2879 899 tum
2938 841 3074 916 ipso
3120 841 3306 899 etiam
3369 843 3618 916 Wolﬁo,
3667 845 3779 922 qui

404 921 554 1001 (nihil
601 919 735 994 jam
791 919 876 1001 de
914 919 1112 995 ipsius
1171 917 1746 1001 laudibusdicam,
1799 935 1940 1001 cum
1988 918 2512 1001 praedicationem
2577 939 2779 980 meam
2837 921 3165 997 excedant,
3228 939 3430 998 neque
3481 921 3601 982 hoc
3659 917 3777 983 sibi

393 997 589 1076 reponi
638 999 913 1056 muneris
964 1017 1078 1077 pro
1123 997 1249 1056 suis
1300 999 1538 1056 meritis
1585 998 1717 1074 ipse
1772 998 2005 1077 cupiat)
2057 1001 2446 1060 abundantia
2506 1002 2778 1078 quadam
2838 1001 3068 1059 amoris
3119 997 3362 1078 semper
3422 1020 3517 1060 me
3569 1021 3777 1078 prose-

387 1089 548 1138 cutus
604 1078 784 1155 quasi
831 1078 1190 1156 lampadem
1252 1077 1414 1137 hanc
1472 1079 1534 1136 in
1594 1079 1962 1138 decursione
2021 1080 2334 1140 vertendae
2395 1077 2624 1141 Graecae
2686 1081 2962 1142 historias
3022 1088 3188 1139 recte
3258 1077 3330 1141 se
3389 1077 3771 1142 traditurum

390 1160 521 1219 mihi
571 1159 1001 1229 existimavit;
1059 1163 1390 1239 postquam
1443 1176 1593 1235 ergo
1643 1158 1902 1218 (‘edreni
1955 1161 2358 1219 convertendi
2417 1161 2799 1239 provinciam
2856 1160 3007 1219 mihi
3057 1160 3407 1218 credidistis
3464 1161 3546 1238 (id
3604 1163 3773 1238 quod

394 1240 525 1299 mihi
576 1240 718 1311 fuit,
775 1247 843 1298 ut
892 1237 1128 1308 debuit,
1163 1239 1656 1319 gratissimum).
1718 1241 2009 1316 equidem
2059 1240 2121 1298 in
2175 1240 2291 1300 hoc
2322 1237 2579 1302 incubui
2623 1248 2693 1300 ut
2739 1240 3191 1318 exsqectationi
3248 1246 3466 1302 vestrm
3499 1237 3774 1319 meiSque

390 1320 690 1391 promissis
741 1327 986 1380 mature
1035 1329 1096 1378 et
1147 1318 1415 1378 fideliter
1471 1319 1914 1379 satisfacerem.
1977 1320 2201 1380 Omnia
2253 1323 2546 1399 expedita
2612 1322 2818 1381 facilia
2875 1321 3009 1381 fore
3041 1321 3253 1379 animo
3323 1318 3770 1399 praecepera’m,

384 1401 628 1460 fortasse
688 1418 812 1458 non
873 1401 1054 1480 nimis
1113 1405 1503 1477 arroganter,
1569 1406 1636 1458 ut
1690 1401 1797 1477 qui
1857 1419 1980 1458 non
2040 1419 2207 1460 nunc
2266 1404 2536 1479 primum
2599 1403 2718 1462 hoc
2777 1418 2973 1480 genus
3031 1401 3121 1460 rei
3179 1401 3605 1478 tractandum,
3667 1421 3776 1460 su-

381 1483 693 1558 sciperem.
754 1480 874 1540 Sed
931 1479 994 1538 in
1052 1498 1383 1560 progressu
1442 1487 1650 1540 tamen
1709 1481 1774 1538 id
1850 1488 2147 1558 expertus
2202 1500 2339 1541 sum
2398 1483 2568 1561 quod
2653 1483 2893 1542 Alcmus
2978 1481 3131 1541 olim
3215 1480 3538 1558 eleganter
3613 1483 3774 1542 ceci-

383 1563 466 1620 nit
495 1578 508 1620 :

1477 1638 1670 1694 Delala
1697 1642 1755 1694 in
1783 1641 1964 1695 altum
1993 1656 2117 1694 cum
2145 1641 2311 1696 semel
2341 1646 2422 1697 est
2453 1657 2628 1707 mare,

1477 1709 1808 1781 Quocunque
1835 1716 2127 1780 tempestas
2157 1714 2386 1780 vocabit,

1479 1783 1542 1839 Ut
1563 1783 1667 1838 tibi
1693 1785 1852 1838 navi:
1878 1790 1967 1839 eat
1999 1799 2209 1839 necesse
2235 1792 2336 1840 est.

384 1902 569 1961 multa
617 1917 791 1978 spem
843 1916 1047 1959 meam
1099 1898 1474 1960 fefellerunt.
1529 1899 1726 1961 Incidi
1771 1900 1835 1960 in
1885 1900 2024 1962 loca
2068 1900 2164 1961 vel
2212 1901 2480 1962 obscura
2528 1901 2621 1962 vel
2659 1901 2878 1961 mutila
2909 1917 3124 1978 saepe;
3188 1897 3294 1959 ubi
3353 1917 3492 1959 cum
3527 1897 3771 1959 nonnisi

376 2000 529 2042 unus
582 1980 782 2062 codex
840 1979 993 2062 mihi
1051 1986 1212 2062 esset
1269 1984 1380 2062 aut
1436 1979 1586 2040 alibi
1646 1981 1864 2042 eadem
1925 1987 2034 2062 aut
2089 1982 2318 2042 similia
2378 1983 2723 2062 perscripta
2779 1982 2840 2041 in
2903 1986 3198 2062 promptu
3256 1998 3382 2040 non
3444 1978 3764 2062 haberem,

379 2061 639 2140 oportuit
700 2079 797 2120 me
857 2059 1118 2121 barere.
1181 2060 1586 2137 Conjecturas
1643 2061 1771 2121 scio
1833 2061 2071 2140 aliquid
2132 2081 2332 2140 posse,
2378 2057 2502 2122 'sed
2581 2057 2669 2123 ea;
2731 2057 2933 2140 neque
3010 2057 3159 2120 satis
3216 2067 3367 2120 tutae
3426 2057 3768 2138 aliquando

379 2148 537 2212 sunt,
594 2148 654 2201 et
710 2159 838 2221 non
899 2158 1042 2200 raro
1101 2140 1270 2217 quod
1329 2140 1703 2218 conjicerem
1766 2149 1876 2202 aut
1933 2160 2058 2221 quo
2120 2161 2215 2204 me
2276 2145 2567 2203 referrem
2633 2161 2755 2202 non
2816 2142 3242 2202 succurrebat.
3305 2144 3390 2200 Ne
3422 2146 3628 2200 tamen
3675 2140 3771 2199 vel

384 2223 609 2283 auctori
665 2221 760 2280 vel
819 2220 1039 2280 lectori
1099 2238 1235 2279 mea
1292 2220 1605 2298 ignoratio
1665 2223 1868 2282 fraudi
1929 2220 2109 2294 esset,
2145 2223 2248 2283 ubi
2310 2223 2511 2284 visum
2571 2230 2663 2284 est
2723 2241 2849 2284 rem
2904 2221 3135 2282 habere
3167 2221 3404 2298 aliquid
3443 2221 3766 2293 momenti,

383 2301 880 2362 annotationibus
939 2301 1090 2360 meis
1149 2319 1262 2378 pro
1323 2301 1485 2360 virili
1543 2321 1671 2362 rem
1735 2305 1998 2382 exposui
2055 2310 2164 2362 aut
2221 2304 2442 2364 saltem
2504 2304 2643 2364 aliis
2701 2304 3096 2363 enodandam
3134 2301 3454 2380 proposui.
3501 2302 3770 2382 Maxime

383 2384 689 2442 barbarica
755 2400 852 2441 me
912 2386 1295 2441 vexaverunt
1355 2382 1684 2455 vocabula,
1751 2403 2018 2462 quorum
2084 2403 2374 2462 magnam
2437 2385 2682 2462 copiam
2744 2385 2938 2444 lector
3011 2383 3323 2454 inveniet,“
3370 2382 3599 2460 partim
3636 2381 3771 2462 by-

379 2462 680 2523 bridarum
713 2480 784 2521 ac
839 2461 1258 2543 μιξοϐαρϐάρωγ
1295 2469 1405 2522 aut
1451 2463 1529 2540 (si
1578 2463 1666 2523 ita
1715 2461 1864 2523 velit
1896 2466 2020 2543 aliq

2155 2461 2531 2542 μὲξελλήνωνζ
2581 2464 2807 2543 partim
2861 2480 3116 2540 prorsus
3166 2470 3228 2521 et
3285 2463 3452 2543 apud
3516 2461 3765 2521 Latinos

387 2550 446 2603 et
499 2546 649 2621 apud
703 2546 952 2603 Graecos
1013 2542 1509 2620 peregrinorum.
1572 2544 1848 2614 Quorum
1909 2542 2034 2605 alia
2092 2562 2299 2602 rerum
2360 2551 2525 2614 sunt,
2585 2542 2657 2602 ut
2713 2545 3242 2619 scaramangium,
3280 2542 3548 2610 tuldum,
3585 2559 3765 2600 cum-

397 2625 582 2700 paria,
636 2624 1013 2693 barducium,
1079 2623 1250 2688 lmsa.
1297 2630 1360 2683 et
1416 2623 1541 2683 alia
1603 2625 1828 2700 plura;
1891 2625 2015 2684 alia
2072 2624 2421 2683 officiorum
2455 2623 2934 2702 appellationes,
3000 2632 3068 2682 ut
3125 2621 3437 2702 barangi,
3472 2627 3765 2702 prolove-

391 2705 623 2773 stiarns,
680 2704 991 2779 logotbeta
1049 2702 1275 2767 dromi.
1337 2703 1695 2774 caniclium,
1776 2703 2342 2782 protospatharius,
2406 2701 2804 2781 drungarius,
2884 2721 3154 2762 ameras.
3217 2701 3511 2778 Reperiet
3568 2701 3758 2762 etiam

380 2783 574 2842 multa
629 2785 840 2842 Latina
896 2785 1110 2844 Graaco
1171 2783 1402 2865 habitu
1451 2786 1675 2850 velata.
1735 2791 2021 2865 κινστὲρνω

2116 2792 2366 2861 ςκάμνον,
2410 2788 2632 2863 λεγάτα,
2695 2784 3035 2865 silentium,
3108 2783 3434 2865 asecretia,
3497 2783 3757 2865 scalam,

373 2872 612 2940 κρῦρσον,
643 2870 934 2923 sexcenta
981 2865 1126 2923 alia.
1163 2865 1228 2922 ln
1280 2864 1506 2940 quibus
1574 2861 2146 2925 animadvertendis
2222 2873 2282 2924 et
2341 2861 2656 2925 vertendis
2729 2882 2918 2942 quam
2980 2863 3205 2923 fuerim
3267 2861 3435 2934 felix,
3499 2863 3758 2923 nescio:

370 2942 453 3001 fui
509 2952 667 3002 certe
727 2945 987 3003 moleste
1044 2951 1408 3021 occupatus.
1473 2945 1650 3017 Quod
1715 2947 1792 3006 ad
1871 2946 2309 3006 annotationes
2383 2963 2553 3004 meas
2610 2945 2854 3012 attinet,
2918 2951 3201 3021 poteram
3262 2962 3368 3003 eas
3426 2945 3763 3004 extendere

367 3027 441 3104 et;
481 3023 864 3101 ampliﬁcare
923 3024 1303 3084 indicatioue
1379 3031 1440 3083 et
1499 3026 1970 3104 comparatione
2046 3045 2260 3086 eorum
2340 3044 2482 3104 qua:
2541 3025 2710 3102 apud
2789 3024 2945 3083 alios
3012 3024 3347 3102 scriptores
3403 3023 3624 3083 iisdem
3684 3025 3762 3084 de

365 3102 542 3184 rebus
599 3106 959 3176 habentur;
1021 3105 1190 3182 quod
1249 3105 1480 3183 ignavo
1538 3102 1817 3166 fortassis
1893 3111 2002 3166 aut
2081 3102 2383 3166 librorum
2463 3107 2646 3184 copia
2702 3105 3000 3165 destituto
3063 3104 3279 3164 lectori
3358 3104 3577 3164 fuisset
3636 3123 3760 3164 non

361 3183 694 3261 ingratum.
745 3185 973 3244 Verum
1035 3203 1153 3263 ego
1215 3184 1504 3245 brevitati
1551 3187 1812 3260 studui;
1887 3193 1949 3247 et
1996 3205 2136 3246 cum
2192 3193 2504 3264 postremo
2548 3183 2673 3246 reas
2730 3186 3094 3263 relegerem,
3161 3185 3473 3260 permulta
3529 3202 3761 3262 ampu-

359 3265 479 3322 tavi
537 3283 681 3342 quae
741 3266 864 3324 alio
923 3266 1062 3324 loco
1120 3267 1512 3325 commodius
1573 3285 1668 3325 me
1729 3263 2203 3343 persecuturum
2262 3267 2575 3336 videbam,
2637 3285 2780 3326 cum
2843 3265 2944 3324 bic
3002 3265 3100 3324 vel
3160 3263 3408 3324 brevius
3465 3281 3655 3342 quam
3694 3270 3763 3324 ut

358 3344 500 3403 satis
555 3345 1060 3424 intelligerentur
1115 3345 1394 3404 indicare
1451 3365 1526 3406 ea
1557 3355 1899 3424 oporteret,
1961 3348 2056 3406 vel
2089 3349 2572 3408 commentando
2623 3353 2803 3406 extra
2854 3347 3008 3404 fines
3056 3344 3403 3404 annotandi
3434 3344 3755 3422 progredi.

356 3427 472 3506 Has
528 3432 742 3485 autem
804 3425 970 3506 ipsas
1027 3427 1462 3486 annotationes
1522 3428 1732 3487 lectori
1799 3446 2095 3504 magnum
2161 3433 2544 3486 momentum
2599 3427 2902 3485 allaturas
2958 3427 3053 3506 ad
3109 3425 3607 3506 intelligendum,
3649 3425 3760 3506 Ce—

352 3505 640 3584 drenum,
703 3504 1086 3565 aut'saltem
1147 3507 1437 3584 quaedam
1500 3508 1862 3582 diligentius
1918 3510 2348 3579 scrutandum,
2411 3507 2683 3567 conﬁdo.
2743 3507 2895 3566 Mihi
2955 3505 3207 3584 quidem
3265 3504 3615 3566 incredibili
3675 3505 3758 3565 la-

346 3583 489 3666 bore
551 3586 994 3646 constiterunt.
1057 3589 1337 3646 Ponetur
1393 3588 1455 3645 in
1517 3589 1688 3647 lucro
1748 3607 1784 3647 a
1843 3590 2062 3666 gratis,
2122 3589 2172 3647 si
2233 3588 2308 3647 ad
2370 3587 2526 3647 alios
2586 3605 2838 3664 quoque
2911 3586 3357 3663 intelligendos
3416 3586 3753 3666 scriptores

343 3665 480 3724 inde
537 3667 786 3743 aliquid
857 3672 1150 3744 poterunt
1192 3673 1416 3747 petere
1448 3668 1797 3746 adjumenti
1835 3665 1867 3728 τί
1911 3669 2076 3747 quod
2111 3687 2228 3747 ego
2281 3686 2464 3745 spero
2515 3668 2667 3728 fore.
2720 3665 2971 3726 Numeri
3005 3685 3220 3727 eorum
3282 3665 3556 3747 numeris
3585 3683 3752 3747 mar-

341 3747 463 3824 gini
523 3747 924 3807 Cedreniano
982 3746 1286 3825 appositis
1345 3749 1772 3825 respondent;
1827 3746 1944 3809 nisi
2002 3746 2168 3826 quod
2231 3767 2397 3825 szepe
2458 3749 2640 3826 plura
2701 3747 2881 3808 unico
2939 3765 3156 3806 sumus
3212 3746 3527 3824 complexi
3581 3746 3743 3826 loca.

339 3829 426 3889 Ad
489 3828 690 3886 ﬁnem
754 3827 1002 3887 tabulas
1058 3827 1538 3906 chronologicas
1593 3829 1683 3908 (a)
1742 3825 2375 3906 adjeci,jampridem
2431 3825 2535 3888 eas
2591 3845 2759 3887 ame
2817 3827 3218 3903 compositas,
3253 3833 3314 3908 et
3342 3825 3594 3908 cumad
3627 3826 3752 3908 alia

344 3915 466 3991 tum
505 3909 621 3991 ad
671 3912 1120 3991 συγχρονισμῴς
1180 3916 1475 3986 prompto
1532 3906 1938 3969 inveniendos
2003 3928 2075 3991 ac
2140 3908 2470 3968 intervalla
2538 3914 2890 3991 temporum
2936 3906 3357 3991 _supputan_da
3416 3906 3618 3964 utiles.
3680 3907 3750 3965 In

341 3987 431 4047 bis
491 3990 633 4048 fere
693 3986 830 4046 sum
892 3987 1236 4048 Funckium
1292 3995 1562 4064 secutus,
1626 4007 1987 4066 quanquam
2048 3989 2180 4066 ipse
2237 4006 2488 4067 quoque
2547 3987 2622 4045 de
2679 3986 3058 4064 quibusdam
3118 3987 3284 4067 quod
3344 4002 3629 4067 moneam
3691 3991 3754 4042 et

341 4069 662 4145 disputem
723 4069 940 4128 videor
989 4069 1140 4126 mihi
1192 4068 1476 4140 habere;
1530 4065 1695 4146 quod
1747 4071 1951 4149 ipsum
2003 4070 2189 4148 quale
2237 4065 2335 4139 sit,
2390 4065 2514 4127 alio
2574 4069 2732 4142 loco,
2796 4067 2847 4125 si
2907 4069 3068 4149 Deus
3125 4065 3749 4149 volet,_proferetur.

336 4144 607 4210 Graecus
659 4149 858 4208 codex
917 4149 1124 4208 editur
1182 4144 1655 4226 diligentissime
1709 4144 1789 4209 et'
1838 4144 2086 4209 summa
2146 4149 2267 4208 fide
2299 4167 2371 4209 ac
2430 4149 2644 4208 labore
2705 4165 2828 4205 non
2863 4148 3091 4226 exiguo
3151 4144 3521 4223 descriptus,
3555 4144 3753 4204 colla-

335 4236 556 4308 tusque
620 4247 760 4288 cum
811 4235 1018 4288 vestro
1070 4225 1380 4306 exemplo.
1433 4232 1520 4290 Ex
1571 4249 1644 4289 eo
1673 4231 1903 4308 poterit
1949 4228 2306 4290 emendatio
2356 4247 2571 4289 eorum
2630 4227 2788 4286 sumi
2848 4225 3194 4308 indquibus
3249 4235 3340 4284 est
3397 4243 3434 4284 a
3492 4242 3586 4284 me
3622 4242 3757 4302 pec-

333 4306 572 4378 catum,
643 4312 726 4390 Ut
777 4310 940 4368 enim
1002 4328 1313 4386 nusquam
1377 4329 1473 4370 me
1524 4306 1978 4371 hallucinatum
2031 4312 2354 4390 profitear,
2417 4328 2539 4368 non
2602 4308 2782 4368 facile
2843 4306 2999 4390 mihi
3038 4306 3393 4390 quisquam
3435 4322 3757 4390 persuase-

333 4390 428 4449 rit.
492 4389 773 4452 Confido
835 4396 1040 4449 tamen
1103 4385 1318 4468 equos
1375 4391 1733 4470 peritosque
1803 4385 2134 4451 rerum—et
2207 4409 2628 4451 aerumnarum
2690 4406 2831 4470 quae
2910 4385 3756 4470 in‘hujusmodiuoperibus

328 4477 468 4529 sunt
527 4470 940 4531 exantlandaa
998 4466 1262 4531 lectores
1321 4466 1442 4531 non
1499 4471 1588 4531 ita
1622 4466 1818 4531 multa
1873 4471 2356 4540 desideraturos,
2417 4477 2637 4530 utnon
2695 4469 2819 4527 sint
2871 4467 3025 4526 mihi
3083 4485 3194 4543 pro
3228 4466 3544 4526 laboribus
3571 4466 3750 4526 hisce

330 4553 614 4627 gratiam
677 4551 973 4609 habituri.
1031 4551 1222 4610 Vobis
1275 4559 1509 4622 autem,
1569 4553 1697 4612 Viri
1755 4553 2151 4629 amplissimi,
2225 4550 2402 4611 vobis
2459 4555 2783 4627 acceptum
2843 4549 3001 4607 ferre
3068 4547 3321 4629 debent,
3361 4565 3570 4629 quam
3631 4545 3753 4629 hoc

326 4625 517 4708 opere
586 4631 852 4707 legendo
912 4631 1242 4690 utilitatem
1321 4625 1928 4710 delectationemque
1983 4632 2280 4709 capient:
2372 4630 2568 4701 vobis,
2610 4625 2942 4710 iinquam,
3016 4645 3149 4710 non,
3221 4627 3398 4710 mihi.
3484 4625 3757 4687 Tametsi

327 4714 491 4771 enim
557 4711 776 4771 studio
833 4712 1192 4787 reipublicae
1275 4712 1590 4773 litterarim
1651 4708 1948 4790 juvandas
2016 4708 2206 4788 atque
2265 4709 2720 4787 locupletandaz
2793 4715 3009 4768 tenear
3061 4709 3159 4790 vel
3219 4708 3514 4790 maximo,
3594 4725 3755 4790 pau-

325 4793 546 4870 cisque
587 4791 782 4870 (quo-.l
845 4793 1027 4850 velim
1081 4810 1266 4851 nemo
1314 4793 1549 4853 dictum
1602 4787 2000 4870 arrogantius
2036 4787 2239 4870 putet)
2285 4792 2611 4850 voluntate
2659 4787 3152 4870 benemerendi
3197 4788 3275 4845 de
3324 4787 3527 4864 patria
3572 4788 3750 4852 cedo,

324 4867 450 4933 aut‘
497 4867 773 4932 fortasse
821 4872 1079 4940 nemini,
1140 4880 1349 4932 tamen
1397 4891 1476 4953 ea
1530 4881 1622 4933 est
1679 4867 1885 4932 rerum
1940 4867 2224 4932 mearum
2255 4871 2548 4953 tenuitas,
2589 4876 2684 4953 μὶ
2733 4868 2854 4953 nisi
2913 4868 3053 4953 aliis
3116 4867 3750 4953 locata_mea.o‘pera,

323 4953 431 5030 qui
495 4955 905 5034 fortunarum
967 4971 1247 5034 mearum
1311 4952 1582 5012 habeant
1638 4971 1711 5013 ac
1766 4953 2052 5034 laborum
2087 4959 2148 5012 et
2200 4969 2329 5013 sum
2373 4940 2778 5034 Aliberalitatis
2830 4949 3182 5034 _rationem,_
3203 4941 3511 5034 scribendi
3557 4940 3757 5034 facul-

327 5025 518 5094 tetem
593 5033 860 5093 habeam
920 5033 1184 5093 nullam.
1244 5034 1321 5093 Et
1370 5034 1658 5110 quamvis
1715 5033 1912 5093 multo
1970 5041 2062 5094 est
2120 5052 2308 5111 quam
2368 5032 2644 5110 imperiti
2701 5029 2956 5090 credere
3021 5025 3260 5111 possipt
3313 5025 3752 5111 ξξωωῐξοδὶυδ,

320 5113 461 5186 ista,
534 5113 761 5194 qualia
821 5114 1117 5197 nos__fere
1164 5102 1475 5197 edidimﬁus
1533 5114 1765 5197 adhuc,
1818 5102 2273 5197 conscribere;
2314 5118 2380 5171 ut
2426 5102 2549 5197 non
2582 5112 2837 5197 domino
2889 5102 3355 5197 tantumAfuudi
3390 5102 3752 5197 maximam,

321 5195 427 5254 sed
489 5189 579 5254 et.
625 5196 852 5254 eolono
910 5193 1188 5270 aliquam
1251 5195 1517 5271 gratiam
1579 5194 1806 5254 debere
1859 5194 2052 5253 videri
2109 5193 2353 5272 possint
2409 5194 2518 5270 qui
2579 5193 2861 5272 frugibus
2914 5191 3286 5272 vescuntur;
3347 5201 3466 5272 ego
3499 5189 3752 5244 interim

319 5276 491 5352 quod
565 5275 665 5359 ab_
707 5275 848 5359 aéiis
898 5265 1145 5351 exigam
1207 5265 1330 5332 nan
1393 5273 1618 5359 habeo,
1683 5275 1781 5359 cui
1823 5265 2242 5359 dubium-non
2277 5274 2358 5333 sit
2414 5265 2563 5350 quin
2626 5265 2793 5359 meos
2848 5269 2908 5359 in
2970 5267 3092 5359 hoc
3143 5283 3332 5359 opere
3366 5265 3612 5359 lab‘or‘es‘
3645 5282 3759 5359 pro

320 5345 538 5414 vestra
604 5345 1231 5430 liberalitate‘atque
1316 5355 1745 5414 muniﬁcentia
1820 5355 1907 5415 ita
1964 5356 2097 5415 sitis
2173 5345 2664 5426 compen'saturi,
2727 5356 2795 5407 ut
2868 5346 3096 5422 insigni
3169 5345 3346 5404 vobis
3421 5345 3759 5406 obstrictus

320 5435 646 5494 beneﬁcio
705 5441 1040 5512 perpetuas
1072 5435 1185 5492 sim
1227 5434 1556 5494 debiturus
1587 5441 1776 5513 atque
1828 5435 2156 5494 habiturus
2208 5434 2464 5510 gratias.
2500 5438 2700 5513 Atque
2728 5446 2844 5504 ego
2902 5444 3050 5485 sane
3077 5444 3309 5513 _neque
3368 5430 3507 5487 volo
3556 5442 3760 5502 neque

321 5517 531 5574 debeo
599 5506 788 5574 etiam
823 5506 1124 5586 vdiffiteri,
1194 5514 1355 5573 hanc
1419 5515 1568 5574 mihi
1629 5506 2012 5591 potissimam
2074 5506 2261 5575 fuisse
2320 5531 2473 5573 meae
2532 5506 2707 5571 vobis
2755 5524 2971 5591 opera:
3029 5506 3363 5591 offerendas
3424 5514 3614 5584 atque
3649 5525 3760 5565 na-

317 5599 557 5656 vandae
619 5615 899 5668 causam,
963 5601 1029 5654 ut
1085 5602 1424 5655 consecuto
1483 5587 1650 5673 quod
1714 5596 1906 5664 volui,
1969 5614 2152 5654 nemo
2215 5594 2371 5655 alius
2457 5611 2640 5673 porro
2720 5590 2799 5673 sit
2872 5587 3310 5673 appellandus,
3371 5591 3490 5673 At__
3539 5595 3758 5673 vestras

318 5676 816 5754 magniﬁcentiae
875 5665 1040 5756 quis,
1103 5676 1220 5735 nisi
1273 5675 1468 5735 animi
1502 5665 1798 5754 -prorsus
1855 5677 2135 5751 obnoxii,
2198 5665 2521 5751 negavefit
2571 5665 2925 5749 plurimum
2963 5665 3010 5728 7a
3068 5668 3394 5748 republica
3452 5665 3756 5728 litteraria

382 5801 635 5930 (itii?
661 5799 1057 5873 chronologia,
1090 5801 1228 5870 quia
1245 5800 1502 5856 virorum
1534 5801 1839 5858 doctorum
1865 5799 2086 5870 judicio
2120 5815 2234 5854 non
2267 5799 2410 5854 satis
2440 5798 2711 5854 accurata
2741 5800 2855 5864 est,
2881 5795 2940 5852 in
2976 5793 3086 5849 hac
3120 5792 3373 5849 editione
3405 5789 3753 5863 pmtermis-

382 5899 388 5927 ι
521 5913 536 5929 .
614 5887 882 5930 nactus.

325 5889 388 5928 ιι
414 5887 536 5930 ut.
575 5887 882 5930 ιίήιιοτυο.
