4156 6188
449 365 529 424 27
1801 357 2122 423 GEORGII
2165 358 2513 424 causam
3794 373 3879 431 28

453 495 613 557 runt,
646 488 879 561 ipsique
907 489 1063 545 inter
1091 506 1151 545 se
1185 490 1614 545 dissenserunt.
1668 491 1795 545 Jam
1843 489 2098 545 Joannes

2215 485 2452 572 Iwraivvnc
2511 487 2538 541 ὁ
2597 492 2903 562 Θρᾳκήσιος
2955 490 3016 545 τὸ
3089 491 3399 565 ἐπώνυμον,
3462 496 3879 572 συντομωτέραν

452 579 964 644 Protovestiarius,
998 584 1391 651 cognomento
1421 572 1789 646 Thracesius,
1826 592 2100 648 compen-

455 671 773 727 diosiorem
805 686 1008 725 eorum
1042 685 1172 740 quae
1198 669 1447 727 diversis
1479 675 1805 726 evenerunt
1823 667 2101 739 tempori-

450 761 562 816 bus
582 760 852 815 notitiam
884 758 1117 813 tradere
1148 766 1417 824 conatus,
1450 776 1629 831 supra
1659 773 2097 814 commemora-

453 855 649 904 torum
673 849 1028 919 scriptorum
1050 848 1317 904 historiis
1338 854 1612 904 accurate
1636 847 1914 921 perfectis
1937 847 2102 903 inde-

455 955 569 1009 que
596 938 657 992 in
712 954 851 992 suos
883 939 1342 993 commentarios
1390 955 1522 1009 quas
1553 937 1627 992 ad
1671 953 1796 991 rem
1837 936 2102 992 facerent

451 1027 705 1086 collatis.
738 1027 811 1082 ab
844 1028 1004 1082 exitu
1032 1027 1369 1098 Nicephori.
1404 1027 1574 1099 cujus
1600 1026 1775 1099 paulo
1806 1032 1943 1081 ante
1975 1042 2100 1081 me-

451 1117 743 1173 minimus
775 1133 1019 1172 exorsus
1053 1118 1618 1188 est,repudiatisque
1653 1133 1785 1188 quae
1818 1132 1887 1171 ex
1917 1115 2099 1170 animi

450 1206 854 1261 commotione
887 1211 989 1260 aut
1019 1206 1079 1259 in
1109 1206 1359 1278 gratiam
1390 1206 1646 1278 alicujus
1697 1206 1920 1277 scripta
1970 1205 2099 1260 fue—

451 1300 606 1359 rant,
629 1294 851 1351 nudam
880 1294 1194 1351 historiam
1229 1295 1492 1352 tradidit.
1527 1297 1641 1351 Nos
1671 1300 1870 1351 autem
1902 1293 2100 1349 evolu-

451 1383 527 1438 tis
558 1383 770 1437 horum
820 1382 1008 1449 libris,
1057 1384 1317 1455 indeque
1367 1385 1439 1440 iis
1470 1402 1601 1455 quas
1643 1383 1934 1440 attinebat
1980 1382 2101 1438 col-

450 1472 642 1540 lectis,
693 1470 945 1543 adjectis
1002 1473 1262 1528 Beliam
1320 1490 1474 1545 qua),
1516 1490 1650 1529 cum
1710 1490 1832 1529 non
1901 1477 2103 1528 essent

451 1560 773 1632 scripta,ab
791 1561 1054 1634 antiquis
1074 1562 1419 1618 hominibus
1443 1562 1660 1618 tradita
1677 1562 2099 1630 didiceremus,

451 1666 572 1705 non
603 1666 792 1720 pauca
837 1650 1013 1706 etiam
1047 1666 1120 1706 ex
1180 1668 1357 1722 parva
1390 1652 1624 1717 Genesi,
1682 1650 2101 1707 ecclesiasticis

448 1738 715 1793 historiis
744 1738 999 1810 aliisque
1028 1739 1165 1794 libri
1198 1739 1510 1812 complexi.
1545 1740 1765 1796 cursim
1808 1738 2009 1794 omnia
2038 1739 2101 1794 in

448 1844 637 1883 unum
669 1828 1113 1900 composuimus
1143 1829 1442 1885 volumen.
1474 1829 1641 1895 Quod
1671 1846 1819 1901 opus
1847 1825 2102 1901 posteris
2132 1859 2181 1925 Β

451 1916 845 1989 relinquimus
860 1924 1145 1990 tanquam
1161 1919 1515 1976 alimentum
1533 1924 1805 1975 tenerum
1830 1934 1898 1974 ac
1941 1916 2106 1973 mola

451 2013 870 2081 prmparatum,
929 2012 996 2064 ut
1054 2012 1113 2063 et
1162 2008 1266 2079 qui
1324 2007 1618 2065 dictorum
1675 2007 2103 2065 historicorum

458 2099 679 2169 scripta
710 2096 1001 2167 legerunt,
1053 2098 1513 2153 commentarios
1565 2097 1825 2154 habeant
1862 2096 2105 2166 (etenim

453 2188 629 2245 lectio
682 2186 756 2243 ad
796 2187 1269 2243 recordationem
1323 2188 1700 2244 excitandam
1733 2194 1822 2244 est
1868 2187 2100 2252 efﬁcax,

453 2277 850 2333 recordationi
877 2276 950 2331 ad
967 2277 1245 2332 alendam
1268 2278 1725 2351 augendamque
1749 2275 2104 2334 memoriam

450 2366 535 2422 vis
564 2364 1190 2437 est,quemadmodum
1223 2372 1429 2422 contra
1459 2367 1692 2422 incuria
1711 2372 1771 2422 et
1799 2366 2100 2439 negligen-

444 2455 528 2510 tia
545 2456 926 2511 immemores
949 2455 1175 2523 reddit;
1199 2455 1356 2511 unde
1380 2472 1624 2527 prorsus
1647 2455 1861 2512 oblivio
1885 2471 2099 2512 conse-

2215 571 2485 630 ἐνδιδόναι
2514 576 2825 650 κατάληψιν
2854 584 2963 635 τῶν
2995 579 3048 635 ἐν
3105 577 3392 659 διαφόροις
3441 571 3873 656 συμϐεϐηκότων

2214 669 2449 754 καιροῖς,
2482 665 2577 754 τὰς
2605 671 2714 722 τῶν
2746 666 2840 722 ἂνο
2871 668 3265 744 θενλεχθὲντων
3311 674 3667 754 συγγραφέων
3719 674 3876 733 ἱστο-

2216 752 2333 825 ρίας
2384 753 2778 827 ἀναλεξάμενος
2809 758 2897 812 καί
2929 756 3320 833 ἐγκατάσκευον
3362 752 3735 837 ποιησάμενος
3762 769 3873 837 τὴν

2213 844 2424 920 γραφὴν
2456 843 2563 898 ἀπὸ
2592 849 2688 900 τοῦ
2716 844 2912 908 τέλους
2943 848 3144 922 ἤρξατο
3183 854 3281 905 τοῦ
3342 851 3447 906 ἀπὸ
3491 859 3722 927 γενικῶν
3772 862 3875 911 Νι-

2215 933 2484 1011 κηφόρον,
2514 934 2606 988 καὶ
2645 935 2711 990 τὰ
2737 934 2999 1008 ἐμπαθῶς
3030 937 3065 1007 ἢ
3098 938 3188 993 καὶ
3218 940 3356 1015 πρὸς
3388 943 3551 1017 χάριν
3603 941 3873 1018 λεχθέντα

2213 1019 2695 1095 ἀποδιοπόμπησε,
2742 1027 2953 1097 γυμνὴν
3007 1026 3108 1094 τὴν
3166 1028 3409 1103 ἱστορίαν
3464 1028 3869 1106 παραδέδωκεν.

2213 1110 2403 1183 Ἡμεῖς
2432 1107 2510 1181 δὲ,
2539 1112 2634 1175 τὰς
2660 1113 2867 1167 τούτων
2901 1112 3220 1177 ἐπελθόντες
3270 1113 3528 1192 βίϐλους,
3573 1121 3642 1175 τὰ
3686 1121 3870 1179 εἰκότα

2215 1196 2585 1273 συνελέξαμεν,
2642 1200 2961 1276 προσθέντες
3011 1204 3101 1258 καὶ
3158 1206 3256 1261 ὅσα
3319 1207 3579 1285 ἀγράφως
3641 1209 3699 1266 ἐκ
3759 1233 3871 1267 πα·-

2214 1288 2383 1346 λαιῶν
2418 1287 2627 1361 ἀνδρῶν
2658 1286 3052 1365 ἐδιδάχθημεν.
3096 1291 3276 1349 Ἀλλά
3311 1296 3418 1368 μὴν
3470 1298 3559 1353 καὶ
3612 1299 3715 1354 ἀπὸ
3766 1308 3875 1371 τῆς

2211 1380 2427 1443 Λεπτῆς
2456 1379 2781 1441 Γενέσεσεως
2822 1382 2934 1454 (l3)
2995 1379 3094 1436 οὐκ
3146 1379 3312 1459 ὀλίγα
3366 1383 3721 1456 συλλέξαντες
3773 1390 3871 1446 καὶ

2211 1466 2317 1554 απὸ
2375 1464 2841 1537 ἐκκλησιαπικῶν
2899 1470 3155 1542 ἱστοριῶν
3219 1473 3309 1526 καὶ
3371 1474 3460 1551 ἀφ’
3519 1474 3715 1551 ἐτέρων
3778 1478 3872 1554 βι-

2212 1551 2410 1620 ϐλίων,
2484 1556 2575 1611 καὶ
2655 1557 2744 1632 ὑφ’
2815 1554 2871 1613 ἓν
2946 1555 3325 1631 ἐπιδρομάδην
3367 1563 3705 1635 συνθέμενοι,
3741 1551 3868 1631 τοῖς

2215 1647 2683 1720 μεταγενεστέροις
2713 1643 3191 1721 καταλελοίπαμεν
3244 1651 3453 1729 τροφήν
3507 1651 3723 1721 ἁπαλὴν
3770 1656 3865 1710 καὶ

2209 1732 2729 1821 ἀληλεσμένην,⁰ίν,
2763 1736 2816 1791 οἱ
2860 1736 2956 1810 μὶν
3010 1739 3105 1799 τὰς
3159 1741 3267 1793 τῶν
3324 1739 3598 1814 ῥηθέντων
3653 1742 3867 1821 ἕστορι-

2209 1828 2322 1880 κῶν
2356 1819 2586 1899 βίϐλους
2623 1822 2940 1888 ἐπελθόντες
2975 1822 3156 1902 ἔχοιεν
3195 1828 3567 1903 ὑπομνήματα
3595 1829 3735 1905 (οἶδε
3761 1819 3865 1909 γὰρ

2211 1915 2247 1983 ἡ
2298 1912 2597 1988 ἀνάγνωσις
2653 1912 2948 1987 ἀνάμνησιν
3008 1915 3280 1989 ἐμποιεῖν,
3338 1919 3375 1986 ἡ
3436 1915 3507 1973 δι’
3563 1919 3869 1994 ἀνάμνησις

2210 2001 2423 2079 τρέφειν
2452 2002 2539 2056 καὶ
2577 1999 2892 2078 μεγαλύνειν
2950 2005 3050 2074 τὴν
3107 2006 3359 2077 μνήμην,
3409 2005 3592 2084 ὣσπερ
3640 2008 3867 2067 τούναν·

2211 2092 2395 2160 τίονὴ
2456 2089 2686 2163 ἀμέλεια
2730 2090 2822 2145 καὶ
2882 2088 3132 2165 ῥᾳστώνη
3204 2092 3476 2172 ἐπιφέρειν
3534 2100 3864 2171 αμνηστίαν,

2209 2183 2361 2261 ᾗτινι
2411 2181 2628 2243 πάντως
2683 2179 2868 2237 ’ὲπεται
2927 2181 3099 2253 λήθη,
3194 2183 3512 2260 ἀμαυροῦσα
3580 2187 3671 2243 καὶ
3729 2209 3871 2264 συγ..

2210 2270 2413 2346 χέουσα
2469 2271 2568 2339 τὴν
2627 2272 2849 2343 μνήμην
2904 2274 3014 2326 τῶν
3070 2274 3518 2351 πεπραγμένων),
3578 2277 3629 2330 οἱ
3690 2280 3864 2348 μήπω

2208 2359 2624 2434 ἐντετυχηκότες
2671 2364 2790 2421 ταῖς
2844 2359 3109 2435 ἱστορίαις
3166 2358 3369 2436 ἆδηγὸν
3455 2361 3633 2438 ἔχοιεν
3691 2361 3857 2434 τήνδε

2206 2452 2305 2521 τήν
2339 2448 2629 2523 ἐπιτομήν.

448 2545 1029 2617 quitur,memoriam
1055 2561 1255 2601 rerum
1283 2550 1583 2616 gestarum
1616 2545 1942 2603 obscurans
1971 2551 2151 2618 atque
2181 2541 2665 2613 confundents),et
2694 2541 2794 2613 qui
2825 2539 3107 2598 historias
3136 2540 3400 2598 nondum
3430 2548 3830 2616 cognoverunt
3857 2587 3873 2615 ,

447 2634 559 2690 hoc
589 2634 940 2705 compendio
974 2634 1238 2689 ductoris
1269 2633 1398 2690 loco
1430 2639 1694 2689 utantur.

519 2722 816 2793 Principio
847 2722 988 2777 fecit
1018 2723 1170 2777 Deus
1200 2721 1416 2777 coelum
1439 2727 1498 2778 et
1520 2729 1759 2778 terram.
1778 2722 2093 2778 Confusius

446 2811 523 2865 iic
549 2809 750 2865 mundi
773 2809 1040 2882 partibus
1061 2810 1381 2865 nominatis
1403 2825 1534 2881 qum
1556 2811 1812 2867 maxime
1834 2810 2093 2882 reliquas

2274 2719 2360 2774 ’Ev
2395 2719 2543 2792 άρλῇ
2602 2716 2851 2785 ἐποίησεν
2907 2717 2936 2771 ὁ
2996 2716 3126 2780 Θεὸς
3174 2718 3269 2772 τὸν
3326 2718 3555 2793 οὐρανὸν
3618 2718 3712 2774 καὶ
3762 2720 3860 2789 τήν

2201 2814 2322 2884 γῆν.
2359 2810 2703 2882 Παχυμερῶς
2732 2804 2898 2862 εἰπὼν
2936 2805 3004 2861 τὰ
3057 2807 3491 2863 συνεκτικώτατα
3546 2812 3655 2863 τῶν
3713 2828 3861 2864 στοι-

448 2898 509 2953 in
568 2913 627 2952 se
682 2881 1011 2963 continent,
1060 2896 1399 2953 distinctius
1440 2898 1721 2971 deinceps
1779 2881 2097 2955 creationis

2210 2881 2403 2974 χείων,
2462 2881 2597 2968 μετᾶ
2648 2898 2815 2951 ταῦτα
2870 2894 3227 2971 λεπτομερῶς
3281 2896 3550 2972 ἐξηγεῖται
3614 2897 3716 2967 τήν
3766 2896 3865 2973 ἀρ-

1649 2997 2014 3054 XYLANDRI
2052 2998 2141 3054 ET
2180 2997 2399 3054 GOARI
2437 2995 2656 3052 NOTIE.

450 3110 630 3167 quam
671 3110 738 3151 ac
769 3112 898 3151 rem
929 3093 1271 3165 gerendam,
1306 3095 1465 3167 quod
1513 3112 1587 3152 ex
1632 3095 1783 3151 locis
1821 3095 2101 3167 plurimis

448 3172 715 3224 constat:
749 3168 1081 3238 quinetiam
1132 3167 1193 3223 in
1224 3167 1438 3223 Basilio
1484 3168 1730 3223 Romani
1788 3167 1912 3223 lilio
1962 3184 2099 3239 pro-

446 3239 821 3295 tovestiarius
881 3239 996 3296 Leo
1054 3238 1309 3294 dictator
1368 3239 1754 3310 imperatoria
1795 3238 2100 3310 potestate

447 3318 685 3367 creatur
723 3317 927 3382 contra
958 3310 1241 3366 Sclerum.
1262 3309 1617 3381 Aliquando,
1650 3309 1930 3382 quodest
1958 3311 2101 3365 inti-

448 3399 705 3449 morum,
738 3381 811 3437 ad
841 3382 1089 3437 insidias
1112 3383 1220 3452 ipsi
1245 3387 1500 3437 structas
1525 3381 1869 3453 imperatori
1895 3382 2101 3453 explo-

448 3452 666 3509 randae
698 3460 762 3507 ut
789 3454 849 3507 in
883 3454 1075 3508 Leone
1109 3453 1309 3507 Basilii
1338 3453 1459 3508 tilio
1492 3452 1698 3510 noster
1727 3452 2006 3508 ostendit.
2033 3454 2103 3508 Et

447 3527 509 3580 in
544 3526 932 3607 constantino
955 3524 1204 3607 Romani
1232 3524 1354 3607 tilio
1378 3525 1813 3607 protovestiarii
1844 3525 2100 3607 dignitas

488 3597 719 3651 roxima
775 3613 809 3652 a
858 3596 1184 3651 domestico
1243 3596 1580 3653 scholarum
1640 3602 1699 3652 et
1737 3596 2097 3663 accub’itore,

493 3668 623 3741 iglre
655 3668 974 3741 drungario
1006 3667 1279 3741 superior
1295 3669 1651 3741 ostenditur.
1685 3667 1853 3741 Quod
1875 3668 1923 3723 si
1948 3668 2101 3741 cuia

445 3738 679 3812 vestitu
724 3738 1042 3812 deductum
1084 3738 1215 3812 hoc
1258 3754 1490 3812 nomen
1534 3738 2099 3812 minus_placet,_is

450 3812 599 3884 sciat
659 3809 966 3884 Besttéeiov
1021 3810 1186 3884 apud
1239 3810 1583 3884 Choniatai‘n
1640 3808 2098 3884 dutiiraytelw

448 3883 611 3955 poni,
660 3881 769 3954 pro
801 3882 1076 3955 cubiculo
1128 3882 1414 3955 nimirum
1472 3889 1554 3939 ut.
1604 3883 1761 3955 sicut
1802 3881 1945 3955 dixi,
1988 3882 2098 3938 hac

491 3970 686 4026 noque
709 3954 1309 4026 rationeintimorum
1332 3954 1593 4025 aliquem
1610 3954 2098 4011 administrorum

491 3973 686 4026 uoque
709 3973 939 4010 ratione
963 3973 1309 4011 lntlmOJ‘um
1332 3973 1593 4025 anquem
1610 3973 2094 4011 aunnmsrrorum

447 3973 733 4100 designet.
768 4026 856 4100 ᾼᾷ
886 4020 1150 4079 ἐνδιδόναι
1182 4024 1649 4100 deest,__opinor_,
1694 4026 2094 4100 participium,

442 4095 646 4171 utpote
670 4095 1012 4171 βουλόμενος
1043 4103 1145 4171 aut
1164 4097 1356 4153 simile
1384 4095 1596 4171 Χήμ-
1616 4095 2097 4171 Joannemistum

449 4168 720 4225 eumdem
756 4168 884 4225 esse
917 4170 1016 4242 qui
1036 4170 1206 4242 vulgo
1238 4168 1832 4242 Curopalata.probat
1854 4184 2095 4235 nomen,

449 4242 808 4295 conﬁrmant
866 4238 1105 4311 scripta.
1143 4238 1407 4295 'auctor’
1430 4239 1555 4310 ipse
1590 4238 1909 4311 iCedrenus
1974 4255 2097 4294 non

449 4311 697 4382 obscure
739 4310 1006 4382 seggeriti
1043 4312 1267 4382 Nomen
1299 4311 1361 4382 in
1411 4310 1728 4382 manifesto
1770 4313 1908 4382 est;
1956 4312 2097 4382 ejus

2210 3095 2288 3151 sit
2318 3094 2527 3153 eadem
2558 3096 2820 3150 narratio
2845 3092 3062 3160 verbis,
3086 3095 3135 3150 si
3166 3110 3358 3166 panca
3387 3095 3614 3161 demas,
3648 3096 3861 3153 iisdem

2209 3172 2507 3228 contexta.
2541 3166 2701 3223 hunc
2732 3182 2803 3222 ex
2833 3166 2950 3221 alio
2982 3182 3090 3221 sua
3142 3167 3400 3223 mutuari
3440 3166 3553 3222 fuit
3589 3183 3855 3224 necesse.

2210 3238 2552 3310 Memoratis
2591 3243 2790 3294 autem
2844 3238 2905 3310 in
2951 3238 3260 3309 utriusque
3310 3239 3595 3310 proaamio
3646 3239 3861 3295 iisdem

2209 3309 2595 3366 historiarum
2628 3309 2991 3375 auctoribus,
3021 3310 3266 3365 Joannis
3296 3309 3595 3365 Thracesii
3641 3327 3863 3368 nomen

2209 3388 2269 3454 et
2296 3397 2479 3454 opera
2526 3380 2830 3454 Cedrenus
2883 3381 3183 3454 exprimit,
3237 3381 3409 3454 cujus
3456 3380 3616 3437 velut
3662 3383 3852 3454 ipsius

2208 3451 2460 3508 Cedreni
2511 3451 2669 3522 apud
2717 3451 3128 3524 Curopalatam
3184 3451 3350 3509 nulla
3397 3454 3657 3513 mentio:
3689 3451 3860 3524 'quod

2209 3528 2561 3597 argumento
2622 3529 2711 3597 est
2747 3523 3036 3597 Joannem
3087 3523 3280 3597 illum,
3330 3524 3602 3597 quisquis
3658 3523 3856 3597 fuerit,

2208 3594 2623 3657 Cedreno,non
2656 3595 3010 3666 Curopalala
3041 3595 3298 3666 priorem
3324 3594 3515 3666 {alias
3555 3596 3856 3666 quomodo

2207 3668 2575 3739 CurOpalataa
2596 3665 2905 3739 ignotus.si
2918 3665 3322 3739 praecessisset
3336 3665 3364 3722 ’ἲ
3379 3666 3467 3723 vel
3484 3665 3605 3739 qua
3625 3669 3858 3724 ratione

2209 3756 2244 3795 a
2273 3737 3211 3812 Curopalata'praevios:historiaa
3241 3737 3560 3812 scriptores
3611 3755 3854 3812 enume-

2207 3817 2377 3867 rante
2410 3808 2533 3867 tum
2575 3809 2833 3865 Joannes
2863 3809 2987 3872 ille,
3019 3809 3064 3864 si
3095 3808 3250 3864 foret
3276 3808 3449 3872 alius,
3484 3816 3607 3867 tum
3638 3810 3848 3865 Cedre-

2207 3900 2322 3939 nus
2374 3882 2501 3954 ipse
2557 3882 2854 3954 sileretur,
2917 3879 2964 3934 si
3023 3880 3271 3935 Cedreni
3321 3880 3509 3954 verba
3556 3877 3850 3953 sigillatim

2208 3951 2447 4012 secutus
2476 3959 2721 4010 cunctos
2752 3952 2901 4019 alios
2933 3958 3203 4022 auctores
3234 3951 3443 4008 ordine
3494 3951 3851 4022 recenseret,

2208 4026 2420 4081 horum
2452 4025 2697 4080 nomina
2727 4038 3045 4095 suppressa
3072 4021 3247 4095 vellet
3272 4038 3343 4095 ex
3373 4024 3595 4080 invidia
3635 4024 3724 4080 vel
3782 4039 3858 4082 ex

2206 4096 2438 4167 ignavia
2460 4096 2488 4151 ‘?
2515 4096 2708 4151 Satius
2740 4094 2940 4167 itaque
2970 4094 3653 4167 dicendum.Cedrenum
3677 4101 3850 4153 astate

2249 4166 2572 4238 uropalatae
2586 4166 2902 4238 supparem
2918 4166 3519 4238 nondumabsolvisse
3532 4168 3854 4235 historiam,

2205 4236 2621 4310 Curopalatain
2645 4236 2781 4310 vero
2811 4238 3063 4310 ulterius
3093 4236 3493 4298 deduxisse.et
3520 4252 3589 4293 ex
3612 4254 3683 4294 eo
3714 4255 3856 4295 nec-

2206 4326 2329 4367 non
2363 4308 2494 4366 aliis
2522 4308 2694 4381 plura
2721 4308 2944 4380 absque
2972 4308 3175 4365 labore
3207 4311 3610 4381 etiimmutato
3654 4326 3857 4366 narra-

447 4380 699 4437 historia
728 4373 987 4455 ab‘éxite
1018 4381 1352 4455 Nicephori,
1387 4396 1436 4455 a_
1470 4379 1767 4455 Michaelis
1821 4373 2097 4455 videlicet
2125 4373 2173 4438 D
2204 4381 2386 4455 tionis
2418 4373 2594 4455 stylfo,
2627 4380 2689 4436 in
2720 4373 2888 4455 suam
2919 4381 3225 4455 synoipsim
3255 4379 3590 4437 Cedrenum
3622 4381 3854 4455 integre

451 4457 841 4524 cognomento
890 4451 1181 4525 Rancabis
1229 4452 1500 4525 imperio,
1562 4452 1745 4508 sumit
1768 4452 2092 4525 exordium

450 4523 562 4597 nec
594 4530 682 4578 est
711 4524 1067 4597 scriptorum
1092 4524 1196 4597 hic
1227 4523 1691 4582 me'moratorum
1722 4523 1881 4580 ullus
1910 4541 1945 4580 a
1974 4541 2092 4597 quo

448 4595 622 4668 plura
652 4595 960 4667 collegisse
991 4595 1295 4668 Cedrenus
1335 4597 1739 4668 convincatur,
1793 4597 1894 4666 qui
1935 4595 2098 4653 com-

448 4667 821 4739 pendiosam.
854 4684 972 4736 qua
1001 4667 1269 4739 graditur
1315 4667 1434 4736 ille,
1466 4669 1620 4725 viam
1673 4675 1911 4724 secutus
1966 4674 2093 4734 est;

446 4738 557 4795 nec
606 4739 679 4794 ad
734 4738 1143 4795 damnandum
1190 4740 1279 4795 vel
1328 4739 1865 4796 commendandam
1914 4739 2095 4796 ullius

447 4811 821 4877 memoriam,
857 4810 1016 4877 quod
1048 4811 1108 4865 in
1141 4809 1245 4866 illo
1287 4811 1508 4874 laudat,
1544 4828 1789 4867 manum
1821 4811 1894 4867 ad
1949 4812 2093 4867 scri-

445 4883 703 4939 beneum
734 4898 795 4936 se
825 4882 1159 4938 admovisse
1191 4888 1460 4938 testatur.
1493 4883 1853 4939 Adversatur
1881 4883 2098 4939 nihilo-

446 4956 666 5013 minus.
703 4952 862 5024 quod
894 4970 1071 5009 nemo
1101 4952 1277 5026 facile
1327 4971 1446 5010 non
1480 4954 1909 5026 deprehendat,
1965 4955 2098 5026 Scy-

446 5027 596 5084 litzae
622 5023 1039 5098 cognomenet
1063 5023 1329 5098 officium
1357 5023 1777 5098 curopalatam
1796 5023 2094 5084 Thracesii

451 5104 507 5171 et
559 5096 989 5171 protevestiarii
1039 5097 1262 5171 notatis
1315 5096 1421 5171 hic
1453 5096 1858 5171 nonimodico
1904 5098 2094 5171 spatio

449 5167 667 5243 dissita.
716 5176 788 5223 At
820 5170 868 5224 si
900 5170 1117 5243 patrias
1137 5167 1253 5231 hic.
1289 5168 1429 5243 alibi
1460 5169 1701 5243 familia}
1732 5167 1985 5243 nomen,
2008 5168 2094 5243 nil

449 5240 607 5309 quod
639 5257 837 5296 secum
867 5240 1303 5312 oppositionem
1328 5240 1502 5296 vehat
1518 5241 2097 5310 producitur.0fficia

446 5326 581 5365 vero
632 5312 1075 5380 quantumlibet
1124 5313 1285 5368 varia
1333 5312 1733 5368 diversitatem
1783 5312 2095 5369 hominum

447 5399 567 5455 non
601 5388 856 5455 arguunt
884 5384 1391 5455 frequenter,cum
1423 5384 1474 5439 is
1506 5382 1663 5455 idem
1696 5384 1888 5454 primo
1921 5400 2097 5440 curo-

446 5454 645 5525 palata
676 5453 1371 5525 historiam'texereJum
1403 5454 1622 5510 secutis
1652 5453 1824 5509 annis
1855 5455 1927 5510 ad
1959 5471 2094 5525 pro-

449 5473 645 5525 palam
676 5473 981 5509 mstoriam
1015 5473 1371 5520 texere,tum
1403 5473 1622 5510 SeCUUS
1652 5473 1824 5509 annis
1855 5473 1927 5510 au
2000 5473 2094 5510 ro-

449 5525 771 5598 tovestiarii
831 5524 1177 5598 dignitatem
1234 5528 1565 5598 promoveri
1622 5541 1809 5598 eoque
1857 5473 2028 5581 titulo
2061 5543 2095 5581 a

449 5596 695 5670 Cedreni
750 5596 1011 5665 potuerit
1059 5596 1346 5670 decorari.
1410 5599 1657 5654 Alienus
1706 5596 1922 5670 quippe
1960 5614 2091 5654 sum

449 5683 554 5743 ego
587 5667 659 5722 ab
712 5683 918 5743 eorum
964 5669 1330 5743 conjectura.
1383 5671 1483 5743 qui
1536 5667 1953 5743 Curopalatam
1985 5670 2095 5726 Ce-

446 5738 632 5796 dreno
664 5739 1057 5813 posteriorem
1088 5738 1415 5799 afﬁrmant.
1440 5742 1587 5799 Nam
1617 5738 1753 5803 cuin
1782 5742 2093 5817 utriusque

2202 4458 2264 4513 et
2294 4452 2582 4526 plagiario
2612 4452 3220 4526 transtulisse._Go.It_a.

2274 4523 2579 4596 (l3)‘ldem
2612 4523 2774 4596 liber
2816 4523 3203 4596 Apocalypsis
3255 4524 3431 4596 Mosis
3483 4525 3856 4592 nominatur,

2200 4595 2470 4669 ut'paulo
2501 4595 2967 4669 postCedrenus
2999 4595 3461 4669 monet._Hujus
3492 4596 3673 4669 etiam
3727 4613 3852 4651 me-

2202 4614 2267 4651 οι
2296 4614 2470 4669 ρειωο
2542 4614 2635 4652 οει
2664 4614 2967 4652 ueurenus
2999 4614 3221 4651 monet.
3275 4614 3461 4665 nujus
3492 4614 3673 4652 etiam
3727 4614 3852 4651 me-

2202 4668 2430 4725 minere
2462 4614 2803 4724 Theodorus
2830 4667 3194 4730 Metochites.
3228 4666 3506 4740 zonaras,
3539 4668 3748 4740 Glycas
3797 4672 3857 4723 et

2201 4739 2551 4814 Syncellus,_
2591 4740 2713 4814 Est
2739 4744 2937 4814 autem
2989 4738 3396 4814 aprocrypbus
3432 4753 3448 4804 ;
3510 4738 3687 4810 quem
3730 4755 3852 4795 non

2201 4754 2529 4814 synceuus.
2594 4754 2690 4795 iss:
2739 4754 2937 4795 autem
2989 4754 3448 4864 aprocrytpuus;
3510 4754 3687 4810 quem
3730 4755 3850 4795 non

2201 4828 2415 4881 magno
2449 4811 2750 4884 religionis
2771 4815 2831 4865 et
2859 4810 3195 4884 litterarum
3266 4810 3587 4884 etrimento
3608 4825 3850 4884 prorsus

2200 4880 2524 4941 interiisse.
2556 4880 2677 4939 una
2725 4898 2861 4940 cum
2910 4882 3135 4954 Enochi
3186 4881 3540 4954 Apocalypsi
3585 4880 3843 4954 aliisque

2202 4955 2471 5027 ejusdem
2504 4954 2710 5027 ferinas
2736 4953 3124 5027 commentis,
3148 4951 3429 5027 arbitrari
3457 4951 3672 5027 Qualis
3685 4952 3854 5009 enim

2200 5022 2403 5085 fuerit.
2438 5026 2581 5082 satis
2630 5026 2803 5098 exiis
2850 5042 2981 5098 quae
3025 5024 3166 5080 inde
3204 5022 3594 5098 proferuntur
3634 5023 3848 5098 liquet.

2202 5099 2457 5187 Zonaras
2509 5097 2809 5188 principio
2868 5093 3111 5188 suorum
3149 5093 3470 5178 annalium
3524 5093 3859 5188 prudenter

2203 5187 2337 5226 eum
2396 5166 3161 5250 dno§10n_opiteitaz._Judmi
3221 5182 3498 5250 magnam
3528 5166 3852 5250 'Genesim,

2200 5257 2482 5323 magnum
2515 5240 3041 5323 Leyiticum_,.etc.,l
3065 5238 3399 5323 habentLin
3438 5239 3633 5323 iisq‘ue
3672 5239 3855 5323 miras

2202 5309 2610 5441 nugasﬁuod
2669 5310 2740 5367 de
2799 5311 3085 5368 alimento
3140 5310 3433 5382 sequitur,
3492 5310 3566 5365 ad
3608 5309 3854 5365 verbum

2199 5402 2263 5441 re
2310 5384 2453 5440 didi.
2490 5385 2591 5455 Est
2617 5388 2813 5439 autem
2863 5399 3046 5455 prope
3077 5381 3189 5437 hoc
3241 5380 3400 5453 quod
3444 5381 3675 5455 vulgato
3725 5397 3861 5455 pro-

2199 5456 2401 5512 verbio
2435 5454 2833 5519 extulisset,se
2862 5453 3031 5524 quasi
3059 5468 3462 5525 prmmansum
3496 5453 3567 5509 in
3590 5470 3659 5509 os
3681 5453 3856 5509 nubis

2201 5529 2493 5600 ingerere,
2547 5525 2901 5600 compendio
2950 5526 3217 5600 omnium
3269 5530 3511 5600 aetatum
3568 5525 3855 5600 historias

2200 5595 2555 5656 tradentem.
2592 5598 2657 5652 In
2685 5595 2806 5668 quo
2855 5602 3054 5670 tamen
3100 5597 3274 5669 plura
3321 5595 3512 5670 multo
3559 5598 3859 5670 promittit

2200 5687 2374 5743 quam
2412 5667 3014 5743 prwstare’potuerit,
3046 5667 3119 5724 ut
3141 5670 3204 5726 in
3247 5667 3597 5742 prwfatione
3646 5669 3851 5726 docui-

2198 5758 2352 5801 mus.
2385 5758 2516 5802 λη.
