4148 6196
275 347 360 406 33
1426 341 1974 408 HISTORIARUM
2015 341 2577 411 GOMPENDIUM.
3632 361 3710 420 34

279 477 388 532 ὅσα
419 478 468 532 ει
498 481 616 538 τοῖς
657 473 870 547 ὕδασιν,
922 473 1004 532 ἔτι
1061 497 1118 532 τε
1174 478 1266 531 καὶ
1325 478 1564 547 πετεινὰ,
1625 474 1752 554 ἔργα
1806 476 1948 555 τρία.

2076 493 2131 534 1c
2188 487 2477 552 praeterea
2531 484 2798 542 volucres
2852 488 3004 544 Deus
3051 490 3310 546 creavit:
3361 507 3540 564 Opera
3580 493 3713 548 tria.

280 573 372 641 Τῇ
435 570 482 633 ς’
541 569 723 642 ἡμέρᾳ
781 568 848 622 τὰ
905 565 1230 642 τετράποδαν
1287 567 1355 622 τά
1431 567 1627 643 ἑρπετά
1707 572 1835 646 γῆς·
1893 568 1962 624 τὰ

285 658 474 734 θηρία
537 659 631 712 καὶ
695 659 778 712 τὸν
846 654 1160 732 ἄνθρωπον,
1231 654 1359 733 ἔργα
1451 661 1697 733 τέσσαρα.
1783 659 1959 730 Ὁμοῦ

288 749 492 804 πάντα
521 749 589 802 τὰ
634 741 753 820 ἔργα
807 743 1104 813 εἰκοσιδύο,
1162 747 1423 823 ἰσάριθμα
1471 754 1590 812 τοῖς
1650 743 1958 822 Ἑϐραϊκοῖς

305 838 622 912 γράμμασι,
652 837 736 891 καί
768 843 888 898 ταῖς
919 834 1191 893 εἰκοσιδύο
1225 837 1397 894 αὐτῶν
1427 832 1646 902 ϐίϐλοις
1677 841 1812 912 (22),
1869 837 1959 892 καὶ

311 933 442 989 ταῖς
471 927 569 982 ἀπὸ
625 923 802 999 Ἀδὰμ
848 929 954 987 ἓως
1013 922 1210 983 Ἰακὼϐ
1265 925 1537 982 εἰκοσιδύο
1594 929 1959 1004 γενεαρχίαις,

317 1016 393 1076 ὡς
420 1015 470 1070 ἐν
500 1019 686 1088 Λεπτῇ
718 1017 931 1091 φέρεται
963 1018 1193 1083 Γενὲσει,
1252 1016 1318 1087 ἢν
1368 1017 1458 1071 καὶ
1523 1015 1759 1078 Μωσέως
1821 1016 1957 1070 εἷναί

307 1107 443 1180 ςδισί
471 1126 614 1167 τινες
645 1105 1016 1179 ἀποκάλυψιν.
1085 1106 1235 1177 Αὕτη
1298 1108 1394 1170 τὰς
1449 1106 1734 1175 οὐρανίους
1792 1103 1958 1161 δυνά-

301 1215 424 1268 μεις
458 1199 530 1267 τῇ
565 1196 759 1270 πρώτη
793 1196 976 1270 ἡμέρᾳ
1005 1197 1153 1271 λέγει
1186 1195 1444 1252 ἐκτίσθαι.
1475 1197 1636 1258 Τίνος
1693 1194 1750 1250 δὲ
1797 1195 1957 1271 χάριν

293 1286 395 1353 τὴν
432 1286 477 1352 ζ’
542 1285 760 1358 ἡμέραν
819 1284 1111 1357 εὐλόγησεν
1171 1285 1200 1340 ὀ
1259 1285 1408 1354 Θεὸς,
1475 1286 1563 1339 καὶ
1622 1285 1684 1340 οὐ
1740 1287 1959 1352 πάσαςς

305 1373 432 1450 cast
463 1393 632 1434 τινες.
668 1373 912 1448 Λὲγομεν
947 1375 1040 1429 οῦν
1097 1374 1180 1429 ὅτι
1239 1374 1435 1445 ἑκάστη
1493 1376 1599 1428 τῶν
1660 1372 1846 1429 ἄλλων
1903 1373 1963 1427 ἐκ

292 1469 394 1531 τῆς
429 1461 484 1516 ἐν
513 1462 658 1536 αὐτῇ
691 1462 994 1536 γενομένης
1051 1459 1412 1539 δημιουργίας
1467 1459 1596 1538 ἔσχε
1644 1463 1746 1532 τήν
1799 1462 1962 1518 εὐλο-

285 1553 432 1624 γίαν·
472 1547 664 1620 ἐπειδὴ
722 1542 779 1605 δὲ
834 1547 1066 1623 ἔμελλεν
1108 1551 1262 1622 ,αὕτη
1327 1551 1466 1624 μόνη
1524 1549 1699 1624 μένειν
1761 1551 1961 1626 ἀγίρα-

289 1658 448 1706 στος,
513 1635 791 1711 μηδεμιᾶς
846 1636 898 1693 ἐν
958 1639 1095 1712 αὐτῇ
1182 1639 1480 1714 γενομένης
1571 1636 1958 1713 δημιουργίας,

290 1733 498 1785 τούτου
528 1731 694 1805 χάριν
726 1727 1024 1806 ηὖλογήθη
1057 1728 1148 1784 καὶ
1198 1728 1333 1801 αὕτη
1392 1729 1495 1784 ὑπὸ
1541 1733 1640 1784 τοῦ
1687 1733 1822 1785 Θεοῦ
1870 1729 1959 1784 καὶ

2068 567 2240 626 Sexta
2297 572 2393 628 die
2453 574 2883 647 quadrupeda;
2942 594 3013 632 ea
3067 596 3198 649 quaa
3245 580 3410 636 humi
3443 587 3714 654 serpunt,

2068 657 2288 714 bestias
2336 667 2395 716 et
2453 663 2804 720 hominem:
2867 683 3046 737 opera
3093 675 3366 738 quatuor.
3423 672 3714 726 Numerus

2068 749 2340 804 omnium
2365 768 2611 822 operum
2645 754 2822 809 simul
2845 756 3048 827 viginti
3099 757 3214 811 duo
3250 776 3264 824 ;
3297 775 3427 828 qua:
3484 777 3717 814 summa

2068 843 2264 908 mquat
2285 855 2601 896 numerum
2631 842 2961 899 litterarum
2985 845 3491 908 Hebraicarum.et
3509 866 3714 904 rursus

2068 926 2357 984 librorum
2417 931 2632 1002 quibus
2687 933 2870 988 Judaai
2903 941 3171 1002 utuntur,
3207 937 3468 1008 itemque
3513 939 3716 1010 viginti

2067 1016 2182 1071 duo
2205 1019 2493 1090 graduum
2514 1022 2750 1092 generis
2772 1022 2844 1077 ab
2869 1022 3090 1078 Adamo
3105 1040 3291 1096 usque
3307 1025 3380 1081 ad
3407 1025 3688 1082 Iacobum
3706 1069 3720 1093 ,

2068 1112 2132 1160 ut
2163 1107 2224 1160 in
2259 1125 2435 1178 parva
2467 1110 2679 1165 Genesi
2725 1111 2960 1184 legitur,
2994 1130 3170 1184 quam
3204 1115 3381 1169 etiam
3443 1116 3720 1172 nonnulli

2067 1196 2238 1251 aiunt
2267 1214 2396 1253 esse
2431 1200 2605 1254 Mosis
2638 1202 3094 1271 patefactionem
3155 1201 3313 1257 Idem
3349 1203 3500 1259 liber
3541 1206 3724 1260 tradit

2067 1285 2335 1340 cmlestes
2369 1305 2606 1359 quoque
2638 1291 2936 1360 potentias
2967 1292 3160 1362 prima
3181 1293 3276 1346 die
3308 1300 3538 1349 creatas
3568 1309 3717 1350 esse.

2066 1376 2180 1428 Cur
2210 1377 2719 1449 autem,inquiunt
2747 1379 3137 1450 quidam,non
3167 1383 3506 1450 omnes,sed
3539 1384 3720 1454 septi-

2065 1479 2232 1519 mum
2267 1465 2554 1522 duntaxat
2583 1467 2740 1522 diem
2775 1469 2926 1525 Deus
2975 1470 3237 1524 faustum
3300 1488 3428 1527 esse
3480 1473 3663 1544 jussit
3695 1471 3723 1526 ?

2067 1553 3389 1631 Respondemus,reliquarumunamquamque
3405 1578 3473 1615 ex
3487 1561 3723 1632 opiﬁcio

2069 1641 2226 1712 quod
2250 1658 2318 1698 ea
2339 1643 2432 1698 die
2456 1653 2760 1716 peractum
2786 1654 2894 1716 est,
2919 1665 3086 1702 suam
3110 1649 3328 1704 habere
3363 1651 3722 1722 promerita-

2068 1731 2142 1787 tis
2191 1731 2743 1790 denuntiationem:
2795 1753 2930 1792 cum
2981 1744 3179 1793 autem
3213 1739 3340 1795 sola
3371 1741 3623 1812 septima
3653 1757 3722 1796 eo

291 1825 562 1900 ἡγιάσθη,
640 1823 736 1876 καὶ
815 1815 1096 1876 Σάϐϐατον
1174 1820 1249 1884 ὡς
1303 1820 1716 1893 καταπαύσιμος
1789 1840 1956 1894 προσ-

2076 1820 2294 1876 honore
2323 1828 2476 1878 esset
2505 1825 2782 1882 caritura.
2818 1827 2983 1880 nullo
3031 1844 3099 1883 ea
3129 1828 3221 1882 die
3259 1846 3435 1900 opere
3458 1831 3723 1895 condito,

294 1913 603 1986 ηγορεύθη,
636 1910 725 1964 καὶ
757 1910 830 1972 ὡς
861 1909 1029 1971 τύπος
1089 1916 1189 1978 τῆς
1247 1903 1491 1981 ἑϐδόμης
1547 1905 1958 1988 χιλιοετηρίδος

292 2003 536 2070 καὶτῆς
591 2005 700 2055 τῶν
760 1998 1104 2073 ἁμαρτωλῶν
1168 1995 1495 2071 συντελείας,
1553 1998 1629 2060 ὡς
1690 1998 1958 2068 Ἰώσηπος

295 2095 571 2165 μαρτυρεῖ
596 2089 687 2145 καὶ
729 2091 763 2158 ἡ
801 2090 983 2156 Aemi,
1017 2087 1242 2148 Γένεσις.

369 2375 448 2427 Τὰ
521 2372 688 2447 θηρία
762 2371 852 2426 καὶ
926 2370 993 2426 τὲ
1062 2366 1370 2446 τετράποδα
1442 2370 1534 2424 καὶ
1607 2370 1675 2425 τὰ
1762 2370 1960 2444 ὶρπετὰ

300 2462 574 2537 ὁμόρωνα
614 2461 748 2528 ἦσαν
805 2459 912 2532 πρὸ
971 2465 1070 2528 τῆς
1119 2453 1476 2535 παραϐάσεως
1533 2462 1612 2529 τῷ
1669 2457 1960 2532 ἀνθρώπῳ,

311 2546 478 2618 διότι,
517 2550 702 2627 τρησὶν,
752 2549 779 2602 6
837 2549 964 2624 δφις
1020 2546 1323 2623 ἀνθρωκίνῃ
1385 2550 1540 2625 φωνῇ
1601 2545 1842 2616 ἐλάλησε
1890 2551 1959 2620 τῇ

308 2636 454 2706 Εῧᾳ.
487 2639 640 2693 Πᾶσα
666 2634 720 2692 δε
745 2637 942 2715 λογικὴ
996 2637 1156 2716 φύσις
1216 2639 1329 2709 (23)
1387 2637 1504 2691 κατ’
1565 2634 1747 2690 εἰκόνα
1803 2637 1958 2690 Θεοῦ·

310 2729 487 2780 ταῦτα
520 2722 577 2779 δὲ
605 2726 702 2780 οὐκ
723 2725 818 2781 εἶσὶ
875 2726 1014 2780 κατᾶ
1073 2725 1251 2780 εῗκόνα
1308 2728 1466 2780 Θεοῦ·
1524 2723 1616 2778 τὸν
1668 2723 1771 2799 γὰρ
1838 2717 1960 2799 ὅφιν

299 2813 691 2888 ὁμολογοῦμεν
721 2813 1086 2886 λελαληκέναι
1129 2819 1199 2890 τῇ
1261 2810 1390 2884 Εὕα,
1443 2812 1620 2886 στόμα
1663 2811 1961 2886 γενόμενον

298 2909 378 2975 τῷ
409 2907 596 2975 νοητῷ
625 2902 765 2983 ὄφει,
797 2903 850 2958 ἐν
882 2905 926 2976 ᾦ
973 2903 1267 2980 ἐνεργήσας
1327 2903 1403 2966 ὡς
1450 2903 1662 2972 συνήθει
1719 2897 1832 2956 ὄντι
1882 2906 1961 2974 τῷ

299 2994 580 3066 ἀνθρώπῳ
610 2994 756 3068 παρὰ
784 2995 851 3047 τὰ
909 2991 1077 3048 λοιπὰ
1137 2991 1302 3067 θηρία
1361 2988 1433 3046 δι’
1493 2987 1655 3046 αὐτοῦ
1721 2989 1962 3059 ἧπάτήσε

296 3084 428 3145 τοὺς
461 3083 838 3157 προπάτορας,
871 3082 898 3136 6
933 3081 1070 3156 μετᾶ
1112 3085 1280 3137 τοῦτο
1329 3080 1422 3136 καὶ
1473 3079 1524 3134 ἐν
1587 3079 1828 3155 ἀψύχοις
1886 3079 1961 3135 εἷς

2071 1909 2202 1966 ideo
2236 1910 2364 1982 ipsa
2413 1929 2649 1984 quoque
2695 1931 2728 1969 a
2759 1916 2876 1969 Deo
2934 1915 3128 1972 fausta
3184 1934 3312 1973 esse
3339 1919 3506 1990 jussa
3540 1925 3629 1976 est
3657 1936 3724 1973 ac

2068 2005 2412 2056 consecrata
2443 2008 2501 2056 et
2539 2003 2857 2059 Sabbatum
2889 2005 3185 2077 eppellata
3210 2025 3223 2074 ;
3247 2013 3313 2062 ut
3335 2024 3465 2079 qua:
3494 2009 3723 2079 requie-

2069 2094 2187 2145 tem
2219 2091 2446 2157 afferat,
2491 2096 2550 2147 et
2597 2100 2984 2164 repraesentet
3042 2097 3363 2168 septimum
3421 2114 3717 2152 annorum

2067 2178 2495 2248 millenarium,
2532 2181 2832 2254 finemque
2875 2185 3248 2255 peccantium
3281 2185 3618 2253 hominum,
3650 2193 3715 2241 ut

2065 2267 2356 2340 Iosephus
2386 2275 2638 2326 testatur
2667 2279 2725 2327 et
2749 2273 2934 2330 Parva
2959 2275 3220 2330 Genesis.

2140 2359 2346 2413 Bestim
2379 2376 2446 2415 ac
2479 2361 2864 2434 quadrupeda
2907 2369 2966 2418 et
3002 2364 3239 2434 reptilia
3266 2371 3400 2420 ante
3433 2365 3716 2422 delictum

2069 2448 2370 2510 communi
2403 2465 2536 2502 cum
2570 2449 2912 2505 hominibus
2949 2453 3044 2505 I0
3075 2468 3211 2507 voce
3232 2468 3342 2507 usa
3384 2459 3542 2509 sunt.
3574 2457 3717 2508 Nam

2069 2539 2309 2611 (inquit)
2345 2556 2589 2614 serpens
2610 2542 2872 2598 humana
2893 2559 3032 2598 voce
3055 2545 3228 2599 Evam
3282 2550 3372 2600 est
3400 2545 3714 2601 allocutus.

2070 2632 2275 2688 Omnis
2305 2639 2503 2689 autem
2529 2639 2741 2690 natura
2758 2635 2990 2692 ratione
3014 2636 3262 2708 praedita
3281 2641 3371 2692 est
3387 2637 3718 2693 secundum

2069 2721 2386 2793 imaginem
2439 2723 2560 2780 Dei.
2593 2726 2666 2779 At
2695 2740 2830 2779 vero
2880 2724 2994 2780 ista
3015 2742 3135 2782 non
3159 2731 3299 2781 sunt
3319 2726 3473 2782 facta
3504 2743 3718 2783 secun-

2070 2807 2210 2865 dum
2242 2811 2561 2884 imaginem
2608 2810 2736 2868 Dei.
2794 2815 3028 2870 Etenim
3085 2821 3422 2888 serpentem
3462 2815 3721 2871 fatemur

2069 2900 2201 2954 Evae
2228 2900 2402 2956 verba
2431 2900 2762 2964 fecisse,ita
2785 2902 3026 2973 quidem
3069 2910 3135 2958 ut
3155 2905 3204 2958 is
3227 2905 3347 2960 oris
3379 2904 3510 2961 loco
3540 2905 3724 2974 fuerit

2070 2988 2351 3060 serpenti.
2385 3006 2561 3060 quem
2591 2995 2648 3044 et
2669 2991 3065 3062 significatum
3091 2993 3487 3066 intelligentia
3509 2993 3718 3066 depre-

2067 3078 2528 3134 hendimus.Hic
2558 3078 2683 3138 illo.
2722 3086 2786 3134 ut
2815 3097 2949 3136 cum
2979 3081 3218 3136 homine
3249 3083 3376 3154 ples
3409 3098 3588 3154 quam
3624 3099 3719 3139 re-

295 3171 507 3234 δώλοις
543 3170 792 3242 λαλήσας
821 3177 939 3236 τοῖς
970 3171 1057 3227 ὑπ’
1086 3170 1249 3226 αὐτοῦ
1293 3167 1630 3226 δελεασθεῖσι
1692 3169 1955 3243 πολυτρόο

2076 3165 2252 3238 liquis
2281 3168 2358 3222 sit
2381 3167 2783 3224 animantibus
2805 3170 3255 3224 consuetudinis
3288 3170 3563 3240 habente,
3585 3187 3724 3227 usus

295 3284 414 3325 πως
451 3259 909 3334 ε’δωλολάτραις.
944 3263 1024 3318 Τὸ
1055 3258 1112 3316 δὲ
1164 3260 1302 3316 εἶναι
1349 3259 1438 3314 τὸν
1492 3258 1612 3340 ὃφιν
1659 3260 1958 3334 τετράπουν

296 3356 356 3410 τὸ
391 3353 522 3425 πρὶν
571 3352 664 3406 καὶ
729 3350 863 3424 μετὰ
916 3352 1016 3419 τήν
1065 3351 1307 3426 πονηρὰν
1369 3349 1650 3424 εἰσήγησιν
1707 3349 1962 3423 ἱρπυστι-

293 3444 418 3509 γὸν,
451 3441 543 3495 καί
575 3440 655 3494 ἱὸν
686 3439 832 3504 αὐτῷ
863 3437 950 3494 ἐπὶ
981 3440 1080 3508 τήν
1120 3437 1370 3513 γλῶσσαν
1431 3435 1726 3507 ἐντεθῆναι,
1786 3438 1870 3510 [Ρ.
1903 3439 1960 3510 ὅ]

291 3530 392 3586 σύκ
423 3530 788 3602 ἀπιστοῦμεν·
821 3527 1097 3602 Φρόνιμος
1130 3524 1187 3581 δὲ
1219 3527 1246 3582 6
1295 3523 1419 3606 ὄφις
1473 3524 1709 3596 ἐκλήθη,
1764 3523 1852 3581 ὅτι
1899 3525 1961 3580 τὸ

293 3619 524 3696 λογικὸν
556 3623 700 3690 ζῶον
732 3618 822 3672 τὸν
881 3615 1185 3692 ἄνθρωπον,
1243 3616 1335 3672 καὶ
1390 3619 1497 3671 τῶν
1554 3613 1743 3671 ἄλλων
1795 3615 1966 3696 ἀγχι-

294 3710 424 3782 νοίᾳ
480 3707 758 3785 διαφέρον,
815 3708 1041 3779 ἐξαπτᾷν
1098 3705 1353 3782 ἔμελλεν.
1414 3703 1620 3763 Ἀλλοι
1691 3703 1748 3760 δέ
1805 3726 1964 3784 φασιν

302 3802 386 3856 ὅτι
423 3801 487 3854 ού
516 3803 598 3870 τῷ
654 3798 791 3853 κατὰ
847 3797 1130 3873 προφορὰν
1189 3794 1345 3870 λόγῳ
1399 3795 1428 3849 ὁ
1486 3792 1610 3870 ὄφις
1666 3793 1966 3869 ἐχρήσατο,

297 3888 435 3943 ἀλλ’
500 3888 552 3940 οἱ
606 3884 1058 3962 πρωτόπλαστοι,
1115 3884 1207 3940 ἅτε
1259 3884 1451 3946 κακίας
1518 3883 1665 3944 ὄντες
1727 3883 1968 3958 ἀμιγεῖς,

308 3971 696 4048 ἀκριϐεστάτας
754 3976 911 4054 εἶχον
962 3976 1058 4037 τὰς
1135 3972 1414 4044 αἴσθήσεις
1492 3971 1582 4028 καὶ
1654 3970 1799 4028 πολὺ
1859 3972 1965 4027 τῶν

309 4065 600 4138 ἡμετέρων
654 4062 1106 4133 διαλλαττούσας,
1184 4059 1322 4117 ὥστε
1405 4061 1506 4130 τήν
1567 4061 1735 4131 ἀκοήν
1791 4059 1967 4116 αὐτῶν

299 4153 492 4223 πάσης
551 4153 812 4229 ὑπάρχειν
903 4159 1086 4231 φωνῆς
1171 4151 1519 4222 ἀκουστικήν.
1581 4147 1806 4219 Ἐπειδὴ
1867 4150 1971 4226 γὰρ

305 4241 579 4320 βασιλεὺς
608 4241 789 4318 ὥσπερ
821 4245 1082 4320 πρνήχθη
1143 4239 1195 4296 ἐν
1227 4245 1305 4310 τῷ
1354 4239 1549 4313 κόσμῳ
1598 4241 1626 4294 6
1667 4239 1972 4314 ἅνθρωπος,

300 4333 544 4394 εἰκότως
579 4335 694 4388 κατ’
754 4333 931 4388 εἰκόνα
989 4335 1123 4387 Θεοῦ
1174 4329 1504 4406 γεγέννηται·
1563 4325 1673 4384 ἓδει
1724 4329 1822 4402 γὰρ
1881 4331 1973 4384 τὸν

305 4422 608 4497 μέλλοντα
637 4421 828 4499 ἄρχειν
857 4423 964 4477 τῶν
994 4419 1179 4477 ἄλλων
1213 4417 1397 4494 ὥσπερ
1437 4419 1558 4473 τινὰ
1608 4418 1788 4473 εἰκόνα
1837 4418 1975 4474 εἶναι

2071 3256 2494 3323 instrumento,
2525 3258 2759 3329 generis
2791 3259 2976 3314 nostri
3008 3266 3282 3315 auctores
3313 3259 3723 3332 decepit.ltem

2069 3343 2382 3418 postmodo
2413 3346 2592 3402 etiam
2616 3347 2676 3402 in
2699 3347 3034 3403 simulacris
3068 3349 3354 3404 inanimis
3380 3349 3612 3404 locutus
3637 3355 3724 3404 est

2071 3435 2144 3491 ad
2175 3435 2350 3491 variis
2381 3436 2574 3492 modis
2605 3453 2638 3491 a
2670 3452 2730 3492 se
2765 3437 3058 3494 inescatos
3105 3438 3563 3496 simulacrorum
3591 3439 3722 3494 cul-

2072 3527 2249 3578 tores.
2281 3523 2481 3595 Neque
2507 3530 2703 3580 tamen
2728 3541 2848 3580 non
2879 3525 3176 3580 credimus
3201 3525 3724 3597 serpenteminitio

2070 3612 2255 3670 fuisse
2283 3614 2750 3685 quadrupedem,
2789 3630 2855 3670 ac
2880 3621 3011 3685 post
3033 3614 3393 3670 malitiosam
3424 3615 3599 3670 istam
3631 3616 3722 3670 in-

2073 3701 2415 3758 ductionem
2471 3703 2635 3757 humi
2679 3704 2956 3775 serpendi
2989 3705 3342 3760 necessitate
3373 3710 3720 3771 astructum,

2073 3792 2411 3864 linguaeque
2437 3791 2566 3862 ejus
2587 3793 2746 3848 virus
2792 3794 3159 3864 impositum.
3199 3797 3448 3849 Vocatus
3480 3801 3570 3849 est
3599 3812 3719 3850 ser-

2075 3896 2224 3952 pens
2241 3878 2678 3950 callidus,quod
2702 3880 3202 3946 homini,animali
3226 3883 3453 3937 ratione
3476 3883 3723 3953 przedito

2077 3975 2134 4025 et
2165 3967 2414 4039 reliquis
2445 3968 2719 4023 acumine
2755 3969 2966 4024 mentis
2990 3971 3292 4040 praestanti
3315 3971 3724 4042 essetimposi-

2076 4064 2266 4114 turus.
2303 4057 2417 4113 Alii
2449 4057 2655 4114 dicunt
2679 4075 2798 4113 non
2846 4059 3138 4130 expressis
3182 4060 3374 4115 verbis
3397 4077 3568 4115 usum
3601 4077 3721 4114 ser-

2076 4153 2340 4220 pentem,
2367 4146 2470 4202 sed
2513 4147 2703 4219 primo
2765 4153 2993 4204 creatos
3051 4149 3348 4215 homines,
3404 4155 3606 4222 utpote
3652 4149 3723 4204 ab

2079 4237 2241 4293 omni
2274 4236 2501 4292 malitia
2548 4254 2748 4308 puros,
2773 4239 3150 4294 acutissimos
3182 4238 3459 4295 habuisse
3517 4256 3726 4295 sensus

2080 4327 2386 4398 multoque
2407 4326 2628 4383 nostris
2651 4327 3095 4398 prmstantiores
3120 4346 3132 4395 ;
3160 4329 3358 4400 itaque
3391 4345 3496 4385 suo
3520 4329 3726 4384 auditu

2080 4415 2281 4472 omnia
2313 4416 2470 4471 vocis
2528 4433 2746 4489 genera
2800 4417 3154 4490 percepisse.
3193 4418 3440 4484 Quando
3473 4419 3632 4474 enim
3667 4418 3725 4472 in

299 4511 576 4592 ἔμψυχον
607 4518 706 4580 τῆς
728 4515 823 4565 τοῦ
853 4505 1244 4583 παμϐασιλὲως
1265 4505 1618 4582 ὁμοιὸτητος,
1643 4507 1742 4562 ούκ
1762 4506 1816 4562 ἐν
1845 4528 1965 4582 πορ-

2081 4505 2369 4561 mundum
2403 4506 2581 4562 homo
2614 4511 2895 4578 tanquam
2920 4523 3021 4561 rex
3045 4507 3367 4578 productus
3386 4507 3727 4572 fuit,conveo

301 4596 502 4678 ’.ρυρίδι
535 4599 625 4652 καὶ
658 4599 920 4673 σκήπτρῳ
958 4598 1048 4653 καὶ
1079 4594 1376 4667 διαδήματι
1409 4597 1508 4662 τήν
1560 4593 1706 4664 ἀξίαν
1765 4593 1971 4670 ἒμιραί-

292 4709 494 4756 νοντα,
526 4687 642 4743 ἐπεὶ
679 4687 818 4761 μηδὲ
847 4690 908 4744 τὸ
938 4686 1245 4762 ἀρχέτυπον
1282 4685 1333 4738 ἐν
1366 4684 1584 4747 τούτοις
1626 4683 1792 4752 ἐστΐν,
1845 4681 1976 4739 ἀλλ’

293 4780 352 4834 ἰν
389 4782 481 4848 τῷ
531 4780 903 4851 κεκοσμῆσθαι
951 4782 1020 4851 τῇ
1078 4774 1347 4852 ἀφθαρσίᾳ
1401 4773 1492 4828 καί
1551 4772 1834 4844 ἀθανασίᾳ,
1883 4773 1974 4827 καὶ

299 4869 509 4942 ἀρετῆ·
543 4868 758 4928 τούτοις
798 4867 902 4944 γὰρ
959 4864 1210 4938 τιμηθεὶς
1264 4865 1292 4918 6
1353 4861 1635 4936 ἄνθρωπος
1681 4864 1781 4932 τήν
1838 4863 1973 4936 πρὸς

305 4958 370 5012 τὸ
405 4957 776 5030 πρωτότυπον
809 4955 986 5011 εἷ’κόνα
1032 4955 1124 5010 καὶ
1169 4953 1474 5026 ὁμοιότητα
1527 4947 1804 5021 διασώζει.
1853 4953 1975 5007 Ἐτι

307 5044 366 5102 δὲ
397 5046 499 5100 καὶ
551 5048 587 5116 ἡ
631 5045 1044 5117 αὖτεξουσιότης
1092 5043 1154 5098 τὸ
1207 5040 1488 5118 βασιλικὸν
1538 5039 1627 5096 καὶ
1678 5039 1976 5116 ἐπῃρμένον

303 5144 413 5207 τῆς
451 5135 664 5214 φῦσιως
690 5140 789 5192 τοῦ
819 5135 1105 5211 ἀνθρώπου
1146 5134 1233 5188 καὶ
1285 5152 1420 5208 προς
1461 5131 1561 5201 τήν
1604 5128 1751 5184 θείαν
1793 5130 1977 5186 εἰκόνα

2083 4594 2285 4650 niebat
2306 4611 2439 4649 eum
2475 4595 2547 4649 ad
2572 4595 2888 4666 imaginem
2913 4595 3015 4650 Dei
3055 4596 3277 4651 factum
3310 4613 3440 4652 esse
3477 4598 3732 4669 :quippe

2085 4684 2548 4755 oportebateum
2583 4684 2684 4755 qui
2717 4684 2848 4740 aliis
2883 4690 3038 4740 esset
3096 4686 3513 4757 imperaturus,
3546 4686 3728 4740 veluti

2084 4774 2403 4847 imaginem
2437 4774 2755 4844 quamdam
2788 4775 3110 4830 animatam
3139 4792 3263 4830 esse
3318 4775 3730 4831 similitudinis

2086 4866 2215 4936 ejus
2230 4865 2330 4934 qui
2360 4865 2478 4918 Rex
2506 4865 2908 4930 estomnium;
2944 4865 3044 4935 qui
3079 4882 3196 4919 non
3212 4871 3730 4936 purpura,sceptro

2085 4972 2152 5010 ac
2184 4953 2509 5010 diademate
2541 4953 2885 5027 dignitatem
2911 4971 3077 5010 suam
3109 4953 3733 5024 monstraret,quando

2087 5050 2146 5100 et
2178 5043 2480 5115 exemplar
2531 5043 2603 5098 ad
2638 5044 2794 5115 quod
2849 5043 2946 5099 ille
2975 5045 3163 5099 factus
3223 5050 3310 5098 est
3344 5042 3494 5097 nihil
3523 5042 3734 5096 horum

2084 5133 2283 5198 habet,
2317 5131 2420 5188 sed
2451 5149 2518 5187 eo
2552 5133 2710 5204 quod
2742 5133 3016 5189 interitus
3039 5133 3352 5198 vacuitate,
3378 5131 3736 5189 immortali-

1527 5230 1888 5288 XYLANDRI
1930 5233 2014 5291 ΕΤ
2051 5232 2266 5290 GOARI
2295 5231 2519 5287 NOTAE.

375 5339 509 5414 (22)
567 5337 884 5414 Rgceptius
932 5343 1040 5414 est,
1092 5334 1384 5406 hodieque
1433 5331 1740 5414 usitatum.
1788 5329 1974 5414 libros

303 5400 569 5486 veteris
603 5400 968 5468 Testamenti
1016 5400 1144 5464 inv
1193 5400 1538 5486 recens-eri;
1589 5400 1975 5486 unde‘etiam

301 5485 498 5538 Vetus
528 5484 994 5556 Testamentum,
1029 5496 1158 5556 qua:
1199 5483 1337 5556 sunt
1386 5473 1973 5556 ludmorumubiblia,

303 5563 561 5630 οιγσῃγ
583 5565 768 5622 nm,
799 5553 860 5630 id
889 5559 998 5630 est,
1026 5545 1228 5626 viginti
1261 5553 1533 5630 quatuor,
1567 5545 1977 5630 inscribuntur

304 5616 372 5701 εἷο
391 5616 901 5701 nominanturpe
923 5616 1490 5701 utraq'ueseiitentia
1512 5616 1976 5701 satisfacietnon

301 5699 493 5756 nimis
525 5700 765 5756 curioso
804 5696 1014 5754 lectori
1064 5689 1342 5768 prologus
1400 5691 1461 5746 D.
1515 5689 1857 5761 Hieronymi
1914 5689 1975 5748 in

2087 5331 2294 5398 Biblia,
2319 5331 2418 5402 qui
2451 5331 2662 5398 galeati
2690 5332 2860 5388 titulo
2884 5335 3090 5386 exstat.
3121 5330 3257 5387 Χγι..

2155 5405 2265 5477 (23)
2306 5403 2560 5477 βαιξοηε-
2595 5405 2837 5477 praedita
2894 5408 2995 5456 aut
3063 5417 3348 5458 sermone:
3411 5410 3731 5477 utrumque

2087 5470 2470 5549 enim'___)toy<$g
2517 5470 2854 5549 signiﬁcat;
2914 5489 3106 5549 neque
3157 5482 3247 5549 est
3301 5477 3413 5532 hoc
3469 5470 3732 5549 unquam

2087 5546 2516 5674 sinogllomum
2549 5545 2736 5602 oratio
2767 5547 2846 5602 sit
2873 5547 3042 5618 quasi
3073 5548 3310 5604 sensilis
3343 5545 3617 5621 quaedam
3641 5565 3736 5603 ra-

2113 5635 2188 5673 lO.
2277 5633 2363 5673 η.

2085 5619 2188 5673 tio.
2225 5619 2363 5673 Χη.
