4148 6196
391 339 467 401 35
1693 324 2020 386 GEORGII
2061 328 2384 390 CEDREN
2391 331 2418 389 Ι
3723 329 3808 389 36

392 474 510 525 tate
567 484 634 522 ac
692 463 904 518 virtute
963 460 1282 513 exornatus
1309 460 1501 509 esset:
1545 454 1636 508 his
1667 455 1827 510 enim
1859 456 2030 514 rebus

2150 455 2380 533 ἐμφερὲς
2439 460 2853 536 προφανὲσαατα
2935 457 3192 515 δείκνυσι.
3253 457 3402 514 Κατὰ
3457 462 3650 512 τοῦτον
3716 457 3816 513 τὸν

391 559 704 614 decoratus
719 555 896 608 homo
916 545 1365 604 similitudinem
1383 543 1822 616 imaginemque
1845 563 2040 602 exem-

391 649 575 721 plaris
595 646 668 702 ad
702 645 794 698 II
831 637 989 710 quod
1021 637 1261 691 effectus
1297 639 1404 699 est,
1452 642 1780 690 conservat.
1813 636 1940 692 Jam
1974 637 2040 692 li-

394 740 591 794 bertas
649 747 886 806 quoque
944 725 1252 798 potestatis
1301 742 1442 789 sua),
1505 731 1732 780 naturai
1764 728 2037 784 humanas

390 829 612 900 regiam
646 819 1052 894 praestantiam
1068 817 1247 887 inque
1262 832 1329 870 ea
1355 815 1568 869 divinw
1589 817 2034 886 imaginissimi-

387 915 704 972 litudinem
728 907 1210 966 manifestissime
1234 905 1814 977 demonstrat..At.que
1836 923 2041 962 secun-

389 1007 528 1059 dum
547 1003 695 1057 hanc
721 999 1009 1054 rationem
1025 997 1202 1050 homo
1225 1011 1506 1049 manuum
1530 995 1628 1050 Dei
1653 1011 1802 1066 opus
1824 996 2040 1050 dicitur

389 1094 462 1149 ob
494 1093 838 1164 dignitatem
864 1092 1176 1144 structura:
1203 1103 1217 1140 :
1251 1099 1426 1138 omne
1454 1084 1612 1138 enim
1635 1083 1747 1140 hoc
1779 1093 1868 1139 est
1896 1101 2033 1140 con-

391 1182 506 1237 silii
543 1181 798 1237 effectio.
834 1180 1017 1234 Porro
1044 1176 1169 1229 haec
1198 1191 1256 1227 ;‹‹
1284 1173 1589 1229 Faciamus
1619 1173 1672 1228 ei
1703 1174 2035 1246 adjutorem

397 1273 846 1328 accomodutum
880 1267 990 1340 ipsi
1021 1285 1034 1332 ;
1071 1287 1095 1314 »ι
1131 1269 1371 1335 prOpter
1400 1262 1656 1318 futuram
1690 1263 1870 1335 prolis
1899 1283 2033 1337 pro-

389 1368 750 1418 creationem
784 1358 960 1414 dicit:
995 1355 1232 1425 adjuvat
1261 1353 1419 1408 enim
1454 1353 1676 1409 femina
1709 1371 1934 1410 marem
1973 1357 2033 1410 in

386 1451 766 1528 propagando
800 1447 1321 1518 conservandoque
1343 1463 1578 1518 genere.
1607 1448 1821 1502 Eﬁ'ecta
1837 1455 2034 1504 autem

386 1544 801 1608 muliere,cum
834 1556 964 1594 eam
992 1536 1365 1607 consPicatus
1400 1540 1555 1590 esset
1604 1535 1882 1604 Adamus,
1917 1552 2036 1594 non

385 1636 465 1688 ita
487 1632 758 1701 faﬁ‘ectus
789 1629 988 1684 animo
1045 1632 1134 1682 est
1160 1631 1227 1680 ut
1259 1625 1358 1696 qui
1390 1624 1703 1680 mulierem
1740 1633 2032 1682 cerneret.

385 1722 488 1778 sed
520 1720 764 1794 perinde
797 1735 864 1774 ac
895 1734 955 1772 se
990 1717 1182 1787 ipsum
1214 1714 1626 1785 contemplans
1659 1714 1890 1770 lwtatus
1911 1717 2031 1787 spi-

384 1813 502 1866 ritu
535 1816 642 1876 est,
675 1808 880 1863 videns
910 1823 1039 1861 eam
1089 1803 1269 1859 simili
1317 1802 1490 1858 modo
1524 1804 1802 1859 efﬁctam.
1834 1805 1946 1859 Sed
1978 1811 2036 1860 et

384 1901 601 1957 mulier
620 1899 804 1952 virum
840 1901 1128 1952 contuens
1154 1909 1366 1965 magno
1407 1892 1619 1964 gaudio
1653 1899 1740 1948 est
1771 1893 2030 1965 perfusa,

383 1990 721 2062 intelligens
753 2001 812 2042 se
843 1986 895 2040 ei
954 2000 1082 2039 esse
1137 1982 1497 2053 adjunctam.
1569 1982 1859 2038 Cmterum
1907 1983 2032 2040 hanc

381 2079 577 2146 verba,
612 2079 828 2130 «Morte
854 2071 1266 2137 moriemini,»
1292 2070 1348 2124 id
1371 2069 1732 2140 signiﬁcant,
1760 2071 2032 2127 Mortales

382 2168 585 2232 eritis;
619 2163 914 2236 quomodo
949 2162 1127 2216 etiam
1182 2160 1572 2230 Symmachus
1606 2160 2031 2231 interpretatus

380 2264 487 2313 est.
521 2255 764 2327 Operari
800 2259 856 2307 et
898 2250 1196 2308 custodire
1222 2249 1582 2321 signiﬁcant,
1634 2248 1782 2304 illud
1814 2250 2031 2322 gratia-

387 2365 518 2404 rum
551 2348 844 2404 actionem
877 2349 934 2399 et
960 2341 1360 2398 laudationem
1383 2346 1468 2396 tot
1489 2346 1908 2412 tantorumque
1934 2341 2032 2398 bo-

388 2453 600 2494 norum
632 2433 931 2508 praebitori
957 2431 1302 2503 rependere,
1329 2431 1441 2486 hoc
1471 2447 1676 2486 cavere
1696 2445 1770 2485 ne
1793 2431 2030 2501 quando

381 2543 488 2597 per
517 2524 871 2580 vmcordiam
905 2523 994 2578 sui
1028 2519 1429 2576 benefactoris
1459 2518 1679 2574 oblitus
1738 2525 2031 2590 prmsente

378 2615 662 2672 felicitate
694 2631 761 2670 ac
790 2615 920 2668 vitae
945 2611 1366 2668 commoditate
1399 2607 1648 2663 excidat.
1685 2606 1898 2662 Adami
1932 2624 2032 2662 vo-

2151 543 2319 624 λόγον
2351 548 2441 602 καὶ
2500 554 2702 624 χειρῶν
2763 553 2898 605 Θεοῦ
2954 543 3113 625 ἔργον
3155 549 3184 604 ὁ
3214 546 3496 623 ἄνθρωπος
3565 543 3657 601 διὰ
3699 548 3810 617 τήν

2147 640 2317 709 τιμὴν
2343 645 2444 708 τῆς
2473 647 2827 710 κατασκευῆς·
2870 639 2958 695 καὶ
3017 640 3124 714 γαρ
3181 637 3392 714 βουλῆς
3443 635 3683 714 ἐνέργεια
3737 638 3803 694 τὸ

2149 733 2274 782 πᾶν.
2307 730 2408 785 Τὸ.
2441 753 2469 780 ‹‹
2505 732 2830 804 Ποιήσωμεν
2863 729 3007 801 αὐτῷ
3039 729 3239 805 βοηθὸν
3270 729 3387 783 κατ’
3432 727 3615 797 αὑτὸν,
3647 751 3675 780 »
3711 724 3802 782 διὰ

2147 816 2210 870 τὸ
2244 814 2448 887 μέλλον
2510 821 2611 888 τῆς
2669 817 3020 893 παιδογονίας
3070 817 3235 894 λέγει·
3297 821 3545 894 συνεργεῖ
3598 819 3700 892 γὰρ
3740 817 3806 873 τὸ

2149 903 2290 975 θῆλυ
2323 911 2402 978 τῷ
2433 905 2586 982 ἀνδρὶ
2615 910 2750 983 πρὸς
2789 909 2888 977 τήν
2937 913 3034 963 τοῦ
3077 909 3264 982 γένους
3322 903 3547 976 αῧζησίν
3597 925 3655 960 τε
3711 905 3804 961 καὶ

2150 991 2442 1067 διαμονήν.
2503 994 2848 1068 Πλασθείσης
2906 994 2964 1052 δὲ
3017 1003 3119 1065 τῆς
3186 996 3462 1072 γυναικὸς,
3521 994 3594 1056 ὡς
3653 995 3801 1068 ἑώρα

2149 1081 2316 1150 αὐτὴν
2348 1085 2375 1139 ὁ
2407 1081 2612 1154 Ἀδὰμ,
2645 1086 2758 1164 οὐχ
2815 1087 2889 1149 ὡς
2946 1091 3168 1161 γυναῖκα
3225 1085 3496 1157 θεώμενος
3534 1077 3794 1163 ἔπασχεν,

2148 1170 2277 1226 ἀλλ’
2309 1175 2382 1235 ἃς
2415 1173 2600 1230 ἑαυτὸν
2652 1175 2794 1249 ὁρῶν
2851 1179 3233 1249 πνευματικῶς
3293 1172 3632 1254 ηὐφραίνετο,
3687 1175 3789 1243 τῆν

2149 1261 2343 1334 ὁμοίαν
2411 1260 2630 1337 βλέπων
2698 1265 2789 1319 καὶ
2854 1263 3054 1335 ταύτην
3122 1263 3354 1338 ἔχουσαν
3438 1264 3789 1332 κατασκευήν.

2145 1350 2417 1412 Ὡσαύτως
2477 1352 2565 1406 καὶ
2623 1355 2657 1422 ἡ
2725 1355 2863 1428 γυνή
2933 1356 3116 1428 ὁρῶσα
3164 1354 3256 1408 τὸν
3317 1349 3482 1427 ἄνδρα
3539 1351 3796 1426 μεγάλως

2146 1439 2450 1513 ἠγάλλετο,
2481 1444 2601 1496 κατ’
2628 1441 2786 1497 αὐτὸν
2843 1442 3004 1497 οὖσαν
3053 1442 3246 1510 ἰαυτῆν
3297 1440 3536 1497 ἐννοῦσα.
3594 1442 3667 1496 Τὸ
3716 1437 3796 1509 δὲ,

2149 1553 2175 1579 ‹‹
2210 1529 2428 1602 Θανάτῳ
2451 1529 2824 1601 ἀποθανεῖσθε,
2861 1555 2888 1582 ››
2929 1533 3127 1600 Θνητοί
3181 1529 3358 1587 ἔσεσθε
3404 1529 3681 1606 σημαίνει,
3721 1531 3796 1591 ὡς

2146 1627 2235 1682 καὶ
2277 1629 2305 1682 ὁ
2366 1629 2674 1704 Σύμμαχος
2732 1632 3090 1704 ἡρμήνευσεν.
3149 1630 3502 1707 Ἐργάζεσθαι
3556 1629 3646 1683 καὶ
3704 1649 3799 1706 φυ-

2147 1714 2366 1772 λάσσειν
2418 1718 2694 1791 σημαίνει,
2753 1719 3064 1795 ἐργάζεσθαι
3127 1719 3221 1792 μὶν
3288 1721 3388 1787 τῆν
3447 1717 3793 1794 εὐχαριστίαν

2145 1807 2235 1860 καὶ
2265 1807 2364 1876 τῆν
2396 1807 2595 1862 αἲνεσιν
2655 1813 2733 1881 τῷ
2787 1807 3061 1864 τοσούτων
3115 1809 3202 1863 καὶ
3260 1805 3607 1879 τηλικούτων
3663 1808 3796 1882 ἀγα-

2139 1896 2248 1949 θῶν
2302 1903 2560 1970 παροχεῖ,
2621 1895 2914 1974 φυλάσσειν
2999 1894 3056 1952 δὲ
3139 1897 3228 1952 καὶ
3313 1902 3522 1970 τηρεῖν,
3597 1899 3794 1969 μήπως

2139 1983 2466 2055 ἀπονοηθεῖς
2495 1985 2586 2041 καὶ
2626 1983 2804 2056 λήθην
2865 1986 2961 2041 τοῦ
3018 1985 3301 2061 εὐεργέτου
3360 1981 3544 2042 λαϐὼν
3595 1992 3692 2054 τῆς
3733 1984 3784 2039 ἐν

2140 2075 2328 2149 χερσῖν
2363 2074 2607 2149 ἀποπέσῃ
2645 2076 3044 2151 μακαριότητος
3075 2077 3162 2130 καὶ
3215 2075 3468 2146 εύζωῒας.
3501 2073 3683 2149 Ἀδὰμ
3731 2072 3789 2130 δὶ

2142 2163 2498 2240 ἑρμηνεύεται
2528 2162 2746 2240 γήΐνος,
2779 2165 2896 2222 Εὕα
2927 2161 2984 2220 δὲ
3017 2166 3152 2235 ζωή·
3203 2165 3292 2220 καὶ
3339 2166 3441 2240 γὰρ
3489 2164 3642 2220 αὐτοὶ
3690 2164 3789 2233 τῆς

2140 2252 2341 2331 γηΐνης
2372 2255 2463 2310 καὶ
2496 2262 2756 2330 σαρκικῆς
2803 2261 2947 2325 ζωῆς
3003 2255 3243 2332 ἀρχηγοὶ
3300 2255 3389 2310 καὶ
3438 2254 3662 2329 πατέρες
3715 2258 3795 2326 τῷ

2141 2338 2250 2397 ὄντι
2284 2345 2747 2418 χρηματίζουσιν,
2796 2342 2980 2418 ὥσπερ
3036 2351 3137 2414 τῆς
3193 2345 3450 2418 οὐρανίας
3489 2343 3582 2398 καὶ
3639 2363 3791 2400 πνευ-

2144 2438 2378 2504 ματικῆς
2412 2435 2622 2503 Ἰησοῦς
2653 2433 2882 2508 Χριστὸς
2937 2434 2965 2489 ὁ
3003 2431 3122 2497 νέος
3167 2430 3359 2505 Ἀδὰμ,
3409 2433 3496 2487 καὶ
3531 2434 3565 2501 ἡ
3595 2431 3787 2506 ἀπειρ-

2141 2517 2351 2594 άνδρως
2382 2520 2542 2578 αὐτὸν
2599 2527 2849 2593 τεκοῦσα,
2897 2521 3124 2598 ἀπαρχὴ
3163 2521 3253 2576 καὶ
3309 2520 3453 2577 αἰτία
3497 2526 3615 2586 τοῖς
3651 2526 3786 2577 πᾶσι

2135 2613 2235 2665 τοῦ
2266 2614 2399 2666 Θεοῦ
2427 2611 2636 2674 τέκνοις
2668 2610 2821 2669 εῗσίν.

374 2703 650 2758 cabulum
684 2711 960 2758 terrenum
1012 2700 1252 2768 signiﬁt,
1302 2699 1467 2752 Eztvae
1499 2697 1691 2750 vitam.
1729 2696 1870 2752 Nam
1921 2697 1960 2750 ii
2015 2699 2211 2771 reipsa
2253 2701 2622 2770 nominibus,
2657 2719 2788 2775 quas
2818 2719 2921 2759 eos
2977 2709 3228 2759 terrena)
3258 2719 3326 2759 ac
3356 2702 3614 2760 carnalis
3642 2703 3777 2758 vita

377 2790 676 2862 principes
708 2805 774 2842 ac
818 2792 1094 2858 parentes
1125 2784 1428 2852 denotant,
1485 2783 1871 2855 respondent,
1904 2785 2057 2842 sicut
2110 2789 2279 2846 Jesus
2339 2791 2604 2848 Christus
2660 2810 2844 2848 novus
2876 2793 3154 2862 Adamus,
3188 2799 3246 2847 et
3292 2793 3364 2848 de
3407 2809 3523 2864 qua
3552 2793 3785 2848 nullum

383 2883 624 2956 experta
653 2878 842 2931 virum
877 2876 1002 2946 ipse
1037 2880 1208 2929 natus
1241 2873 1611 2941 est,coelestis
1628 2890 1695 2928 ac
1727 2874 2054 2945 spiritualis
2084 2879 2214 2934 vitae
2247 2880 2639 2951 primordium
2684 2888 2742 2938 et
2794 2899 2974 2938 causa
3004 2887 3143 2939 sunt
3173 2883 3456 2938 omnibus
3510 2883 3610 2938 Dei
3644 2881 3782 2936 ﬁliis

450 2967 550 3022 ια
585 2965 916 3021 Notandum
951 2969 1041 3019 est
1070 2963 1378 3035 quosdam,
1411 2963 1492 3018 ita
1521 2968 1586 3017 ut
1618 2962 1901 3018 traditum
1933 2980 2032 3018 an-
2067 2977 2112 3041 ρ

379 3056 627 3127 tiquitus
676 3061 784 3124 est,
842 3054 1082 3110 referre.
1143 3052 1432 3107 Adamum
1473 3056 1712 3106 centum
1743 3067 1934 3106 annos
1964 3053 2027 3107 in

377 3145 652 3200 Paradiso
711 3144 994 3217 exegisse.
1045 3141 1158 3196 Alii
1213 3142 1383 3197 tertia
1431 3141 1575 3196 hora
1627 3140 1830 3196 ﬁctum
1863 3147 2028 3196 sexta

373 3253 670 3310 peccasse,
698 3253 854 3292 nona
881 3238 1139 3307 ejectum
1173 3234 1511 3306 perhibent,
1545 3250 1613 3288 eo
1675 3240 2025 3306 argumento

373 3326 792 3398 uteutes,quod
828 3328 972 3382 hora
1023 3330 1189 3380 sexta
1229 3324 1520 3379 Dominus
1579 3323 1738 3379 cruci
1789 3323 2024 3392 afﬁxus,

375 3433 533 3472 nona
567 3433 672 3488 pro
708 3417 878 3471 nobis
912 3423 1180 3472 mortuus
1212 3422 1321 3482 est,
1353 3413 1622 3470 fortassis
1651 3413 1731 3484 τεο
1789 3429 2027 3485 quoque

376 3506 437 3559 in
471 3506 622 3560 hanc
651 3505 890 3560 adducti
914 3505 1256 3576 Opinionem
1288 3504 1446 3575 quod
1478 3503 1584 3560 sub
1616 3519 1922 3575 vesperam
1953 3501 2028 3557 ad

378 3611 479 3650 eos
503 3595 986 3650 venitDominus.
1023 3593 1134 3650 Sed
1194 3593 1371 3648 trium
1427 3592 1709 3647 horarum
1771 3592 2027 3664 spatium

377 3700 492 3754 quo
516 3685 575 3738 in
612 3683 887 3755 paradiso
921 3683 1182 3737 Adamus
1214 3688 1478 3736 moratus
1498 3683 1592 3749 sit,
1619 3680 1790 3735 breve
1818 3680 2026 3735 admo-

374 3772 515 3827 dum
549 3779 609 3828 et
633 3773 814 3827 nimis
847 3771 1197 3827 incredibile
1231 3777 1320 3826 est
1342 3787 1406 3825 ac
1430 3770 1876 3842 magniﬁcentia
1898 3770 2027 3841 ejus

375 3862 474 3932 qui
509 3859 1434 3933 universaimpervcstigabilibus
1461 3857 2027 3930 sapientiaajudiciis

372 3951 691 4022 cispensat,
716 3950 1048 4022 indignum.
1073 3951 1180 4014 Qui
1214 3949 1374 4004 enim
1406 3949 1465 4002 in
1497 3947 1685 4002 tribus
1720 3947 1846 4001 istis
1867 3946 2028 4000 horis

373 4039 635 4095 Adamus
657 4039 731 4095 ad
761 4039 1190 4110 imponendum
1223 4037 1500 4092 omnibus
1552 4035 1933 4092 terrestribus
1960 4051 2028 4090 ac

375 4129 712 4185 volucribus
733 4129 978 4183 nomina
1010 4137 1241 4199 tempus
1269 4125 1621 4180 habuisset?
1649 4123 1888 4188 Qurndo
1935 4139 2026 4178 re-

378 4218 557 4287 liquis
601 4219 662 4272 in
695 4218 968 4289 paradiso
1001 4217 1288 4270 fructibus
1344 4213 1656 4278 vescendo,
1690 4213 1762 4268 ad
1820 4229 2025 4267 eorum

2212 2970 2505 3031 Ὀτιτινὶς
2551 2968 2610 3024 ἐκ
2656 2966 3004 3045 παραδόσεως
3063 2970 3252 3026 ἑκατὸν
3305 2967 3400 3041 ἔτη
3457 2971 3548 3025 τὸν
3607 2966 3790 3041 Ἀδὰμ

2138 3057 2190 3111 ὲν
2221 3063 2300 3130 τῷ
2337 3055 2652 3134 Παραδείσῳ
2701 3060 2830 3139 φασὶ
2888 3059 3262 3130 πεποιηκέναι.
3312 3056 3519 3116 Ἀλλοι
3577 3055 3633 3113 δὲ
3678 3057 3791 3132 τρί-

2136 3167 2238 3217 την
2271 3149 2366 3220 μὲν
2394 3145 2538 3221 ὥραν
2570 3147 2898 3217 πεπλάσθαι,
2930 3145 3090 3218 ἕκτην
3122 3151 3210 3222 [Ρ.
3243 3150 3296 3222 6]
3347 3144 3405 3203 δὶ
3453 3141 3790 3223 παραϐῆναι,

2137 3236 2357 3309 ἐννάτην
2391 3235 2448 3293 δὶ
2479 3233 2866 3308 ἐκϐεϐλῆσθαι,
2897 3239 2960 3294 τὸ
2991 3237 3044 3293 ἐν
3089 3234 3221 3313 ἕκτῃ
3275 3238 3371 3313 μὶν
3421 3235 3540 3311 ὥρᾳ
3584 3235 3792 3292 ἰνσταυ-

2142 3328 2462 3402 ρῶσθαιτὸν
2525 3329 2760 3398 Ἰησοῦν,
2823 3327 3011 3402 ἑννάτῃ
3073 3324 3131 3382 δὶ
3185 3329 3378 3382 τυῦτον
3437 3325 3570 3402 ὑπὲρ
3626 3327 3790 3398 ἡμῶν

2138 3415 2424 3481 ἀποθανεῖν
2448 3419 2746 3492 τεκμήριον
2775 3418 3067 3490 τιθέμενοι.
3118 3417 3278 3480 Ἴσως
3326 3413 3404 3485 δὲ,
3466 3415 3551 3470 ὅτι
3596 3414 3685 3470 καὶ
3727 3416 3792 3470 τὸ

2140 3501 2376 3560 δειλινὸν
2423 3503 2589 3574 ἦλθεν
2652 3507 2680 3562 ὁ
2733 3505 2928 3581 Κύριος
2985 3505 3122 3582 πρὸς
3179 3505 3398 3571 αὐτοὺς,
3459 3504 3534 3566 εἰς
3592 3504 3792 3574 ταύτην

2141 3594 2501 3669 ὑπενεχθῆναι
2575 3596 2674 3664 τῆν
2751 3595 3033 3652 ὑπόνοιαν.
3111 3593 3306 3651 Στενὸν
3362 3592 3419 3648 δὲ
3468 3590 3675 3668 κομιδῇ
3730 3594 3793 3648 τὸ

2138 3683 2368 3758 τρίωρον
2401 3690 2501 3753 τῆς
2541 3682 2592 3738 ἐν
2651 3681 2963 3758 παραδείσῳ
3021 3679 3307 3758 διατριϐῆς
3362 3680 3458 3737 του
3515 3683 3789 3757 προπάτο-

2141 3793 2234 3848 ρος
2265 3769 2560 3846 διάστημα,
2619 3773 2709 3829 καὶ
2760 3771 2880 3828 λίαν
2943 3773 3198 3828 ἀπίθανον
3255 3773 3328 3832 ὡς
3381 3777 3481 3840 τῆς
3544 3769 3794 3846 μεγαλο-

2139 3861 2398 3936 πρεπείας
2426 3866 2524 3916 τοῦ
2554 3861 2619 3916 τὰ
2675 3861 2852 3917 πάντα
2892 3859 3288 3937 δυσθεωρήτοις
3339 3859 3525 3937 τοφίας
3575 3858 3788 3931 κρίμα-

2141 3972 2222 4005 σιν
2252 3951 2666 4024 οἱκονομοῦντος
2694 3951 2928 4022 ἀνάξιον,
2959 3953 3094 4006 Πότε
3140 3952 3242 4026 γὰρ
3299 3949 3350 4005 ἐν
3398 3948 3570 4020 τρισὶν
3622 3946 3794 4022 ὥραις

2141 4042 2422 4117 χερσαίοις
2449 4062 2507 4096 τε
2531 4042 2621 4096 καὶ
2661 4045 2892 4111 πτηνοῖς
2943 4045 3106 4096 πᾶσιν
3154 4039 3393 4113 ὀνόματα
3438 4036 3623 4094 καλεῖν
3673 4037 3794 4113 εἶχε

2139 4130 2366 4205 καιρόν;
2403 4131 2540 4185 Πότε
2573 4127 2630 4185 δὲ
2659 4134 2765 4186 τῶν
2824 4127 3015 4185 ἄλλων
3073 4128 3126 4185 ἐν
3177 4134 3256 4202 τῷ
3303 4126 3616 4204 παραδείσῳ
3663 4147 3802 4202 καρο

2139 4225 2257 4275 πῶν
2315 4220 2626 4295 μετασχὼν,
2714 4219 2804 4274 καὶ
2877 4221 2976 4288 τῆς
3043 4219 3220 4274 αὐτῶν
3281 4217 3640 4291 μεταλήψεως
3696 4218 3795 4270 κό-

369 4308 674 4376 jruitionis
723 4308 1056 4361 satietatem
1108 4305 1423 4376 prolapsus
1483 4302 1866 4373 cupiditatem
1923 4318 2027 4373 gu-

2141 4330 2232 4385 ρον
2273 4306 2480 4375 λαϐὼν,
2543 4309 2618 4372 εἲς
2680 4309 2971 4383 ἐπιθυμίαν
3031 4317 3130 4380 τῆς
3189 4313 3286 4365 τοῦ
3345 4307 3792 4385 ἆπηγορευμένου

379 4395 599 4448 εῑαηιίω
622 4396 852 4450 arboris
881 4411 997 4466 qua
1029 4395 1078 4448 ei
1103 4394 1485 4448 interdictum
1509 4392 1639 4458 fuit,
1669 4391 1728 4445 in
1759 4390 2022 4445 animum

378 4483 708 4538 induxisset
737 4485 763 4538 ‘?
793 4485 863 4540 Ut
897 4483 1135 4537 noxiam
1186 4481 1529 4536 invidentia:
1555 4479 1785 4534 frudem
1820 4485 1877 4533 et
1897 4495 2021 4533 ser-

375 4573 572 4642 pontis
604 4573 675 4627 ad
709 4572 1026 4627 mulierem
1054 4587 1362 4644 aggressus
1412 4576 1588 4640 atque
1640 4569 2022 4623 consultatio-

376 4677 514 4717 nem
549 4679 666 4717 non
696 4679 1182 4728 commemorem,
1209 4677 1339 4731 qum
1362 4660 1490 4731 ipsa
1505 4659 1759 4730 amplius
1791 4675 1857 4714 ee
1880 4665 2025 4714 tem-

370 4768 482 4824 pus
514 4752 918 4822 requirobant.
953 4752 1325 4823 Quapropter
1363 4748 1668 4820 probabile
1700 4748 2023 4805 admodum

372 4860 440 4899 ac
473 4843 756 4900 credibile
789 4849 876 4900 est
910 4851 1073 4899 sexta
1102 4843 1198 4899 die
1231 4849 1287 4896 et
1317 4847 1481 4897 sexta
1541 4840 1684 4895 hora
1736 4839 2022 4897 delictum

370 4933 521 4988 illud
552 4933 626 4988 ab
659 4933 732 4987 iis
753 4932 1103 4996 admiSsum,
1137 4947 1415 5002 nonaque
1439 4930 1708 5002 ejusdem
1728 4929 1844 4986 diei
1880 4930 2024 4986 hora

371 5023 649 5078 Paradiso
681 5039 748 5077 ae
781 5024 896 5077 vita
926 5021 1000 5076 ob
1029 5021 1307 5078 violatum
1335 5021 1439 5077 Dei
1484 5019 1831 5074 mandatum
1863 5020 2024 5074 exci-

374 5110 570 5166 dissef
608 5111 710 5166 sed
743 5128 898 5166 anno
931 5111 1172 5165 demum
1206 5109 1456 5181 septimo
1487 5109 1546 5164 id
1597 5108 1840 5174 factum,
1875 5108 2028 5163 sicut

376 5215 446 5252 ex
475 5201 738 5270 antiquis
774 5199 1016 5272 quidam
1051 5201 1534 5270 pronuntiarunt.
1559 5198 1736 5269 Atqui
1767 5198 2024 5253 Joannes

372 5287 826 5357 Chrysostomus
875 5289 962 5342 vir
1003 5290 1194 5360 magni
1247 5290 1402 5344 inter
1439 5287 1712 5342 doctores
1743 5286 2024 5357 nominis,

375 5375 438 5428 in
473 5377 838 5446 expositione
869 5377 1021 5433 sacri
1054 5378 1349 5450 Evangelii
1371 5375 1528 5447 quod
1550 5392 1584 5430 a
1608 5374 1860 5430 Mattheo
1883 5391 2025 5430 con-

376 5463 663 5534 scriptum
695 5465 826 5534 fuit,
844 5473 1008 5522 sexla
1033 5466 1127 5520 die
1160 5467 1364 5537 primm
1390 5465 1488 5520 18
1524 5463 1891 5534 septimana,
1914 5463 2026 5520 hoc

372 5561 464 5612 est
493 5555 587 5611 die
621 5557 936 5613 efﬁctionis
967 5558 1200 5624 Adami,
1233 5559 1388 5613 hunc
1420 5563 1476 5612 et
1533 5557 1706 5609 Evam
1749 5557 2022 5612 Paradiso

368 5645 595 5718 ejectos
626 5645 726 5704 ait.
753 5647 858 5704 Cui
891 5651 950 5702 et
969 5661 1079 5704 nos
1101 5645 1280 5702 ﬁdem
1312 5643 1840 5714 habemus,neque
1871 5644 2024 5700 ulte-

2134 4397 2298 4472 ξύλου
2330 4399 2567 4476 γεύσεως
2600 4397 2864 4470 ὲλήκυθεν
2901 4419 2914 4468 ;
2946 4401 3062 4454 Ἵνα
3097 4399 3173 4472 μῆ
3207 4397 3356 4474 λέγω
3385 4399 3485 4466 τήν
3527 4397 3785 4471 ἐπήρειαν

2131 4495 2230 4556 τῆς
2267 4486 2556 4563 βασκανίας
2587 4487 2809 4556 καὶτῆς
2858 4491 2956 4542 τοῦ
3004 4483 3180 4567 ὄφεως
3229 4487 3368 4560 πρὸς
3414 4489 3514 4556 τῆν
3564 4491 3790 4560 γυναῖκα

2132 4571 2450 4650 προσϐολῆς
2507 4578 2596 4632 καὶ
2648 4571 3009 4650 συμϐουλίας·
3055 4578 3145 4631 καὶ
3193 4577 3295 4650 γὰρ
3341 4574 3476 4643 αύτή
3537 4573 3793 4636 πλείονος
3827 4615 3840 4623 .

2134 4662 2307 4721 ἐδεῖτο
2338 4673 2438 4735 τῆς
2470 4670 2566 4721 τοῦ
2599 4666 2804 4742 χοόνου
2834 4660 3051 4741 τριϐῆς.
3089 4665 3185 4720 Διά
3212 4668 3376 4720 τοῦτο
3413 4664 3507 4737 μὲν
3566 4663 3618 4718 ἐν
3657 4659 3788 4737 ἕκτῃ

2135 4753 2317 4828 ἡμέρᾳ
2344 4753 2432 4808 καὶ
2458 4751 2512 4808 ἐν
2549 4750 2682 4828 ἕκτῃ
2736 4752 2853 4828 ὥρᾳ
2898 4751 3268 4826 τετολμῆσθαι
3318 4754 3421 4822 τῆν
3460 4745 3791 4822 παράϐασιν,

2135 4840 2324 4917 iw:in
2361 4839 2418 4896 δὲ
2447 4842 2562 4914 ὥρᾳ
2587 4849 2687 4911 τῆς
2719 4841 2885 4911 αὐτῆς
2914 4840 3126 4916 ἡμέρας
3160 4844 3258 4896 τοῦ
3311 4836 3642 4913 Παραδείσοῦ
3693 4843 3792 4893 καὶ

2132 4939 2231 5002 τῆς
2262 4931 2313 4987 ἐν
2346 4932 2494 5005 αὐτῷ
2550 4937 2696 5003 ζωῆς
2749 4934 2878 4995 τοὺς
2935 4933 3297 5004 ἀθετήσαντας
3354 4930 3591 4984 ἐκπεσεῖν
3648 4927 3789 5004 σφό-

2136 5017 2235 5097 δρα
2266 5022 2490 5076 πιθανὸν
2513 5022 2604 5076 καὶ
2637 5023 2844 5090 πιστὸν,
2898 5019 2969 5076 δι’
3016 5021 3152 5077 ἐτῶν
3205 5018 3260 5076 δὲ
3308 5019 3441 5074 ἒπτᾶ
3487 5020 3650 5073 τοῦτο
3705 5037 3787 5094 γε

2134 5110 2337 5180 νέσθαι,
2382 5109 2456 5173 ὡς
2515 5114 2618 5165 τῶν
2679 5105 3060 5187 πρεσϐυτέρων
3119 5110 3257 5172 τινὶς
3315 5107 3671 5184 ἀπεφήναντο.
3724 5107 3792 5164 Ὀ

2136 5197 2194 5254 δέ
2223 5220 2282 5273 γε
2317 5197 2480 5274 μέγας
2514 5199 2563 5254 ἐν
2599 5196 2956 5261 διδασκάλοις
3007 5201 3258 5270 Ἰωάννης
3313 5199 3339 5253 ὁ
3379 5196 3776 5272 Χρυσόστομος

2131 5286 2184 5342 εν
2208 5291 2276 5361 τῇ
2309 5287 2567 5360 ὶομηνείᾳ
2595 5293 2690 5343 τοῦ
2719 5288 2855 5343 κατὰ
2885 5289 3168 5352 Ματθαῖον
3223 5287 3378 5360 ἁγίου
3430 5283 3774 5361 Εὐαγγελίου

2133 5380 2202 5451 τῇ
2232 5375 2362 5451 ’ἐκτῃ
2396 5376 2579 5450 ἡμέρᾳ
2607 5383 2706 5446 τῆς
2755 5375 2980 5451 πρώτης
3039 5370 3368 5449 ἑϐδομάδος,
3423 5378 3670 5430 τουτὲστι
3717 5376 3793 5448 τῇ

2135 5465 2275 5538 αύτῇ
2307 5462 2490 5540 ἡμέρᾳ
2535 5471 2634 5535 τῆς
2693 5466 2948 5525 πλάσεως
3005 5465 3194 5534 αὐτοῦ,
3256 5461 3404 5540 λέγει
3461 5464 3553 5520 τὸν
3612 5459 3797 5534 Ἀδὰμ

2134 5549 2467 5626 ἐκϐληθῆναι
2519 5558 2614 5609 τοῦ
2675 5551 3008 5631 Παραδείσου
3065 5555 3154 5610 καὶ
3213 5555 3313 5624 τήν
3369 5551 3537 5612 Εὕαν·
3598 5551 3644 5624 ᾦ
3698 5550 3798 5606 καὶ

2133 5645 2296 5716 ἡμεῖς
2325 5644 2644 5718 πε.θόμεθα.
2697 5642 2796 5699 Καὶ
2849 5642 2917 5700 ού
2965 5644 3079 5720 χρὴ
3136 5649 3317 5716 ζητεῖν
3375 5639 3678 5720 περαιτέρω
3726 5639 3801 5698 τὰ
