4148 6196
332 257 412 318 3‘1
1487 256 2038 324 HISTORIARUM
2083 255 2488 319 COMPENDI
2499 257 2641 323 UM.
3691 271 3769 329 38

326 395 404 465 τῇ
462 389 815 462 θεοπνεύστῳ
866 394 1054 470 Γραφῇ
1119 392 1221 448 ὑπὸ
1271 396 1369 448 τοῦ
1455 393 1614 470 ἁγίου
1686 392 1988 466 Πνεόματοι

2118 389 2243 446 rius
2274 391 2634 462 inquirenda
2659 398 2798 448 sunt
2829 411 2959 466 quae
2991 397 3240 470 Spiritus
3266 404 3504 456 sanctus
3531 399 3591 456 in
3623 401 3773 456 divi-

334 479 696 555 σεσιγημένα,
737 480 833 534 ’ἱνα
886 481 962 551 μή
1024 480 1140 535 ἀντὶ
1197 480 1425 557 κέρδους
1489 487 1688 559 μικροῦ
1749 480 2000 560 μεγάλην

335 569 768 642 ὶπισπασώμεθα
801 568 1026 641 ζημίαν.

415 663 492 718 Τὸ
525 657 584 715 δὶ
627 658 908 733 εἰρημένον
968 659 1053 714 δτι
1131 683 1159 712 ιι
1194 658 1373 736 Ἀδάμ
1430 664 1647 739 γέγονεν
1709 665 1782 726 ὡς
1839 664 1916 724 εἷς
1948 661 1997 735 ἐξ

340 753 542 822 ἡμῶν,
570 773 596 799 ι)
625 747 726 823 οὐχ
749 747 822 809 ὡς
854 745 926 803 δι’
955 748 1230 813 ἀπειθείας
1264 750 1348 806 iri
1376 753 1564 807 κακίαν
1591 754 1998 827 προκόψαντος,

349 838 504 895 ἀλλὰ
533 837 620 892 δνά
654 838 714 892 τὸ
773 836 1072 913 εἰρηκέναι,
1116 865 1144 891 ‹‹
1181 841 1309 897 Κατ’
1338 840 1522 897 εἰκόνα
1578 847 1711 898 Θεοῦ
1749 840 2000 912 ἐποίησεν

352 928 525 984 αὐτόν.
561 953 586 977 »
627 925 802 984 Ἀλλὰ
836 929 911 999 μὴ
943 948 1027 991 τις
1055 925 1309 1004 ὑπολάϐῃ
1343 931 1426 986 δτι
1459 932 1522 987 τὸ
1554 930 1713 1002 ξύλον
1741 931 2000 1001 τοιαύτης

349 1018 412 1086 ἦν
441 1017 644 1093 φύσεως
677 1014 751 1077 ὡς
782 1021 982 1088 γνῶσιν
1015 1016 1276 1094 παρέχειν
1311 1017 1484 1075 καλοῦ
1547 1023 1634 1076 καὶ
1695 1025 1884 1076 κακοῦ.
1918 1021 1995 1078 Οὐ

341 1107 441 1180 γάρ
472 1107 536 1174 ἦν
567 1127 623 1159 τι
660 1099 928 1181 βλαϐερὸν
961 1105 1011 1161 ἐν
1067 1105 1409 1182 ΙΙαραδείσῳ,
1467 1111 1592 1185 ὅρος
1635 1107 1693 1166 δὶ
1723 1110 1870 1180 ἐτέθη
1907 1109 1994 1164 ἐπὶ

330 1199 413 1267 τῷ
445 1198 599 1271 φυτῷ
631 1196 768 1269 πρὸς
818 1195 1086 1270 γυμασίαν
1125 1204 1225 1266 τῆς
1277 1195 1744 1274 ὶλετθεριότητος.
1779 1198 1876 1254 Καὶ
1910 1197 1990 1253 δτι

335 1282 397 1336 οὗ
428 1284 493 1337 τὸ
526 1281 688 1353 ξύλον
721 1282 894 1338 αἶ’τιον
927 1286 1179 1359 γνώςεως
1209 1291 1287 1358 τῷ
1319 1283 1493 1360 Ἀδάμ
1529 1286 1736 1364 γέγονε,
1796 1285 1990 1356 δῆλον

330 1375 364 1440 ἡ
399 1372 506 1446 γάρ
538 1370 740 1442 ἐντολὴ
785 1372 860 1434 ὠς
890 1374 1028 1447 πρὸς
1058 1373 1242 1430 εἰδότα
1273 1374 1440 1454 ἄμφω
1479 1375 1666 1447 ἐδόθη,
1715 1378 1778 1433 τό
1807 1399 1866 1432 τε
1893 1398 1992 1432 κα-

329 1458 428 1516 λὸν
458 1461 550 1515 καὶ
582 1462 846 1537 πονηρὸν,
878 1464 978 1532 τήν
1011 1484 1069 1519 τε
1099 1464 1346 1534 ὑπακοὴν
1390 1466 1480 1521 καὶ
1529 1468 1627 1536 τήν
1686 1468 1988 1543 παρακοὴν,

329 1547 536 1620 ὥστεὴ
595 1556 796 1626 γνῶσις
852 1548 1134 1626 προῦλαϐε
1189 1555 1288 1622 τήν
1345 1553 1599 1625 ἓντολὴν.
1657 1553 1881 1612 Δέδοται
1934 1553 1991 1611 δὲ

329 1639 468 1709 αὕτη
505 1637 595 1694 διά
633 1641 720 1709 τὸ,
753 1641 828 1702 ὡς
861 1639 1098 1716 εἴρηται,
1166 1643 1495 1717 αὐτεξουσίῳ
1529 1643 1842 1720 βουλήματι
1900 1667 1987 1701 γι-

2107 479 2269 536 nitus
2303 481 2611 552 inspiratis
2650 483 2883 540 Litteris
2915 487 3168 553 reticuit,
3203 506 3276 545 ne
3309 489 3438 546 loco
3470 491 3663 564 exigui
3685 491 3770 548 lu-

2107 569 2190 622 cri
2225 585 2497 643 magnam
2533 571 2706 627 nobis
2741 589 3114 632 accersamus
3146 578 3451 635 damnum.

2177 658 2343 722 Quod
2376 665 2573 715 autem
2599 660 2826 717 dictum
2861 671 2968 731 est,
3028 689 3054 714 «
3117 667 3376 724 Adamus
3434 670 3626 728 factus
3679 679 3769 729 est

2105 750 2391 818 tanquam
2427 765 2580 804 unus
2615 767 2682 805 ex
2716 752 2910 816 nobis.
2949 776 2976 803 »
3011 770 3132 810 non
3167 773 3237 811 eo
3272 759 3648 816 referendum
3684 768 3772 817 est

2107 836 2263 906 quod
2295 854 2402 908 per
2432 837 2903 896 inobedientiam
2939 843 2999 897 in
3033 844 3240 899 vitium
3277 847 3511 913 excidit,
3549 851 3650 905 sed
3694 852 3766 906 ad

2105 924 2164 978 id
2196 925 2353 995 quod
2385 925 2608 982 dictum
2642 928 2753 984 fuit
2782 946 2794 982 :
2825 952 2853 978 «
2888 931 2971 984 Ad
3007 933 3327 1006 imaginem
3363 935 3465 990 Dei
3497 938 3768 994 condidit

2105 1029 2262 1070 eum.
2305 1036 2330 1062 κ
2363 1016 2563 1086 Neque
2595 1017 2824 1088 opinari
2858 1021 3149 1091 quispiam
3185 1023 3359 1077 debet
3382 1023 3606 1096 lignum
3634 1028 3762 1098 ejus

2103 1103 2286 1158 fuisse
2315 1110 2542 1160 natura:
2574 1113 2635 1160 ut
2671 1106 2808 1162 boni
2840 1109 3102 1179 malique
3128 1113 3400 1167 notitiam
3435 1115 3758 1187 prmberct:

2099 1193 2250 1247 nihil
2285 1193 2441 1248 enim
2480 1195 2537 1251 in
2573 1197 2852 1252 Paradiso
2877 1205 3002 1253 erat
3023 1202 3415 1258 noxium.Sed
3440 1205 3563 1257 haec
3586 1204 3763 1259 arbor

2101 1283 2338 1336 termini
2364 1283 2491 1339 loco
2511 1289 2706 1340 statua
2728 1292 2905 1353 est,ut
2925 1289 3386 1346 essetlibertatis
3409 1293 3755 1348 exercendae

2096 1371 2389 1427 materies.
2409 1379 2483 1427 Ac
2497 1373 2680 1443 liquet
2695 1375 2967 1431 arborem
2989 1377 3145 1434 Adau
3169 1396 3200 1432 ο
3215 1395 3332 1435 non
3348 1381 3526 1436 fuisse
3541 1399 3764 1439 causam

2099 1460 2452 1532 cognitionis
2469 1462 2706 1532 quando
2725 1471 3077 1536 prsuceptuu:
3091 1467 3143 1521 ei
3162 1471 3754 1543 tanquamutriusque

2097 1549 2437 1621 cognitione
2463 1551 2709 1622 praadito
2736 1551 2936 1609 datum
2960 1555 3758 1629 est,boni,inqnam,etmali,

2097 1637 2456 1693 obedientim
2490 1645 2546 1694 et
2579 1644 2992 1699 contumacia).
3047 1645 3252 1716 Itaque
3313 1648 3569 1719 cognitio
3610 1666 3758 1721 prae-

330 1729 593 1801 νούμενον
649 1750 740 1783 τον
780 1728 1088 1804 ἄνθρωπον,
1147 1729 1230 1786 ἐπ’
1287 1731 1466 1794 ἀδείας
1521 1755 1580 1789 τε
1636 1731 1836 1814 ἔχοντα
1883 1735 1988 1790 ἀπό

390 1817 402 1834 Ρ
728 1815 748 1834 ς
848 1813 908 1834 ,Ι
1120 1824 1146 1834 .-
1256 1818 1345 1834 νςκ
1475 1819 1520 1834 n.
1567 1819 1590 1834 κ
1763 1823 1775 1834 ι
1827 1823 1840 1834 ι
1941 1820 1979 1834 ιι

2103 1733 2337 1798 ceptum
2373 1729 2712 1802 antegressa
2743 1737 2854 1787 est.
2890 1733 3007 1787 Hoc
3038 1741 3236 1789 autem
3270 1736 3472 1791 datum
3505 1743 3612 1802 est,
3673 1745 3758 1805 ut,

1941 1820 1963 1840 ἢ

330 1817 554 1873 πάντων
589 1813 1021 1890 μεταλαμϐάνειν
1080 1824 1187 1876 τῶν
1251 1818 1436 1876 ἄλλων
1472 1813 1730 1896 δένδρων,
1763 1823 1879 1886 ἑνὸς
1937 1820 1993 1878 δὲ

329 1909 507 1980 μόνου
565 1908 720 1978 νόμῳ
775 1908 1247 1981 προσταττόμενον
1315 1909 1632 1986 ἀπέχεσθαι,
1690 1912 1780 1967 καὶ
1831 1913 1995 1988 γινώ-

335 2017 478 2052 σκειν
513 1996 589 2058 ὡς
625 1996 728 2051 ὑπὸ
750 1995 1019 2069 δεσπότην
1052 1998 1162 2054 ἐστὶ
1195 1999 1289 2054 τὸν
1320 1999 1410 2054 καὶ
1434 2002 1533 2071 τήν
1567 2000 1796 2072 ἐντολὴν
1826 1999 1993 2057 δεδω-

336 2085 474 2140 κότα
510 2126 524 2140 .
585 2086 664 2141 Τὸ
724 2081 780 2139 δὲ
814 2127 829 2154 ,
896 2108 924 2136 ‹‹
969 2085 1373 2162 Διηνοίχθησαν
1433 2089 1608 2145 αὐτῶν
1667 2090 1719 2143 οἳ
1777 2088 1988 2164 ὀφθαλ-

339 2176 461 2246 μοὲ,
497 2197 526 2222 ι»
585 2173 696 2248 οὐχ
725 2173 797 2235 ὡς
836 2175 960 2230 τότε
1021 2173 1337 2250 βλεψάντων
1394 2180 1480 2253 [Ρ-
1509 2181 1566 2254 7]
1624 2183 1728 2234 τῶν
1781 2200 1996 2252 πρωτοο

333 2261 596 2318 πλάστων
631 2261 844 2337 εἷ’ρηται
899 2261 1220 2337 (δείκνυνται
1253 2267 1358 2342 γάρ
1383 2268 1470 2323 καὶ
1541 2269 1646 2344 πρὸ
1702 2275 1801 2339 τῆς
1836 2271 1990 2346 βρώ-

351 2373 485 2415 σεως
519 2353 750 2427 ὁρῶντες
770 2355 833 2408 ἒκ
886 2357 984 2409 τοῦ
1050 2353 1328 2433 λέγεσθαι·
1383 2382 1409 2408 ‹‹
1443 2358 1540 2412 Καὶ
1609 2356 1750 2414 εἶδεν
1784 2361 1819 2429 ἡ
1851 2363 1990 2435 γυνή

349 2441 437 2497 ὅτι
466 2441 634 2496 καλὸν
665 2443 727 2497 τὸ
756 2441 919 2512 ξύλον
980 2443 1056 2507 είς
1096 2445 1301 2519 βρῶσιν
1334 2446 1422 2502 καὶ
1455 2447 1539 2502 ὅτι
1598 2448 1817 2521 ἀρεστόν
1878 2448 1991 2506 ἐστι

366 2537 480 2592 τοῖς
509 2529 812 2609 ὀφθαλμοῖς
847 2530 979 2589 ἰδεῖν
1013 2536 1082 2607 ››)’
1111 2533 1239 2591 ἀλλ’
1277 2536 1351 2599 ὡς
1381 2538 1440 2591 τὸ
1463 2537 1820 2613 ἀπειρόκακον
1853 2539 1992 2595 ἀπο-

359 2621 595 2690 θεμένων
651 2618 734 2676 διά
769 2616 1146 2698 παραϐάσεως,
1188 2625 1216 2680 ’ὀ
1246 2626 1333 2680 καὶ
1363 2628 1464 2696 τήν
1521 2626 1801 2702 γύμνωσιν
1836 2624 1993 2683 ἀδιά-

353 2728 525 2784 φορον
555 2709 826 2784 παρέσχεν,
862 2710 1069 2786 ἐρρήθη
1131 2714 1214 2768 ὅτι
1275 2710 1670 2794 διηνοίχθησαν
1729 2715 1906 2772 αὐτῶν
1937 2718 1989 2772 οί

342 2795 643 2875 ὀφθαλμοί.
689 2799 894 2876 Πέφυκε
923 2801 1026 2876 γάρ
1060 2803 1087 2856 ὁ
1123 2802 1405 2880 ὀφθαλμὸς
1459 2803 1594 2868 ἅπας
1631 2805 1733 2860 ὑπὸ
1761 2811 1858 2860 τοῦ
1889 2804 1989 2861 λο-

334 2890 537 2961 γισμοῦ
620 2883 976 2962 διεγείρεσθαι
1036 2893 1173 2965 πρὸς
1232 2893 1265 2946 ἃ
1330 2892 1561 2967 βλέπει’
1625 2895 1829 2950 σύνεσιν
1883 2896 1986 2971 γὰρ

334 2976 455 3027 καθ’
497 2975 683 3030 ἑαυτὸν
740 2977 902 3039 αὐτὸς
961 2977 1059 3035 οὐκ
1116 2977 1252 3056 ἔχει.
1308 2989 1467 3037 Ὥστε
1524 2981 1800 3048 πολλάκις
1851 2984 1987 3058 πρὸς

330 3061 486 3138 ἕτερα
516 3071 616 3134 τῆς
646 3062 886 3128 διανοίας
921 3066 1344 3146 ἀσχολουμένης
1399 3071 1608 3152 τυφλοῦ
1660 3070 1815 3144 δίκην
1844 3094 1986 3148 παρ-

332 3153 614 3226 ερχόμεθα
645 3154 814 3210 ἐνίοτε
841 3157 928 3210 καὶ
969 3159 1060 3212 τὸν
1120 3159 1258 3214 πάνυ
1312 3161 1611 3235 γνώριμον,
1646 3164 1736 3218 καὶ
1768 3161 1982 3220 ἐπειδάν

330 3237 722 3314 ἐγκληθῶμνν,
753 3246 820 3316 τῇ
852 3243 1093 3319 ἀσχολίᾳ
1122 3251 1218 3302 τοῦ
1247 3247 1518 3324 λογισμοῦ
1546 3250 1608 3304 τὸ
1641 3249 1815 3308 αἴτιον
1856 3252 1981 3308 ἀνα-

328 3328 568 3390 τιθέντες
629 3329 1074 3406 ἀπολογούμεθα.
1127 3334 1314 3398 Οὕτως
1367 3337 1457 3392 οὖν
1490 3338 1518 3392 ὁ
1569 3337 1745 3411 Ἀδάμ
1799 3341 1889 3395 καὶ
1949 3345 1982 3411 ἡ

328 3417 446 3476 Εὔα
475 3422 546 3490 τῇ
578 3419 824 3489 αίσθήσει
857 3425 953 3476 τοῦ
1011 3427 1104 3478 νοῦ
1161 3426 1297 3500 πρὸς
1352 3429 1451 3495 την
1508 3422 1630 3500 ὄψιν
1688 3427 1984 3504 διηγέρθη-

332 3526 447 3560 σαν.
483 3507 556 3564 Τὸ
585 3507 709 3581 γάρ,
745 3532 773 3558 ‹‹
805 3502 1041 3584 ἔγνωσαν
1086 3511 1168 3566 ὅτι
1203 3513 1398 3586 γυμνοὶ
1428 3513 1589 3583 ἦσαν,
1623 3539 1642 3565 ι
1705 3514 1980 3572 ἀποκάλυ-

331 3598 424 3678 ψιν
481 3595 737 3666 σημαίνει
769 3599 866 3666 τὴν
905 3596 1258 3674 ἐγγενομένην
1299 3605 1378 3674 τῷ
1418 3601 1696 3678 λογισμῷ,
1728 3603 1828 3658 οὐκ
1859 3605 1983 3662 ἀνά-

330 3677 528 3757 ϐλεψιν
588 3683 914 3760 ὀρθαλμῶν.
973 3691 1316 3768 Λεχθήσεται
1379 3688 1436 3746 δὲ
1495 3677 1732 3762 κάκείνο,
1769 3692 1852 3748 ὅτι
1877 3695 1985 3769 πρὸ

330 3778 432 3841 τῆς
457 3772 751 3839 ἀπειθείας,
782 3773 968 3845 ἐπειδή
1011 3779 1200 3844 καιρὸν
1261 3778 1359 3834 οὐκ
1409 3781 1530 3856 εἶχε
1560 3782 1626 3835 τά
1654 3788 1752 3851 τῆς
1785 3780 1984 3838 παιδο-

331 3860 539 3926 ποιίας,
586 3862 686 3917 οὐκ
742 3860 958 3920 ἐδέδοτο
1016 3869 1162 3941 πιαρᾶ
1219 3873 1353 3923 Θεοῦ
1385 3871 1828 3944 ἡπαρατήρησις
1883 3880 1984 3941 τῆς

333 3951 680 4022 γυμνώσεως,
741 3953 886 4010 ἀλλά
943 3955 1217 4014 διετέλουν
1276 3960 1351 4023 ὠς
1411 3960 1660 4036 ἂσαρκοι,
1720 3967 1985 4039 σαρκικῆς

343 4033 632 4102 διαθέσεως
685 4040 838 4099 οὔπω
895 4048 1082 4120 καιρὸν
1142 4042 1379 4123 ἔχοντες.
1419 4049 1640 4120 Ἐπειδή
1675 4049 1732 4106 δὲ
1765 4055 1799 4122 ἡ
1831 4052 1986 4108 ἀπεί-

340 4138 459 4189 θεια
515 4127 851 4204 ἐπισυμὸἆσα
879 4135 942 4189 τὸ
972 4137 1165 4205 θνητὸν
1226 4137 1552 4213 ἐπηγάγετο,
1613 4140 1833 4204 εἰκότως
1864 4140 1988 4197 λοι-

329 4218 436 4270 πὸν
494 4216 714 4290 ἐνεδόθη
775 4223 995 4284 τούτοις
1044 4227 1078 4294 ἡ
1129 4227 1265 4301 πρὸς
1313 4227 1597 4298 ἀλλήλους
1656 4227 1843 4292 αἰδώς·
1895 4232 1991 4286 καὶ

327 4308 652 4376 νενοήκασιν
709 4308 928 4385 ὕστερον
1003 4317 1110 4367 τῶν
1181 4317 1484 4391 σχημάτων
1544 4319 1642 4386 τήν
1705 4315 1986 4397 διαφοράν,

323 4403 807 4471 προθεωρηθεῖσαν
838 4405 917 4472 τῷ
950 4401 1232 4475 πλάσματι
1266 4406 1404 4479 πρὸς
1448 4407 1508 4460 τὸ
1560 4407 1854 4485 ἀναγκαῖον
1887 4417 1987 4478 τῆς

2103 1817 2607 1887 quemadmodum
2641 1820 2920 1888 diximus,
2954 1822 3276 1889 voluntate,
3310 1827 3479 1896 cujus
3502 1827 3627 1898 ipse
3653 1846 3758 1898 po-

2099 1909 2373 1960 testatem
2401 1906 2723 1975 obtineret,
2759 1915 2953 1964 motus
2985 1911 3184 1980 homo,
3246 1914 3535 1983 permisso
3587 1915 3636 1969 ei
3696 1922 3760 1970 ut

2095 1993 2386 2051 fructibus
2419 1997 2688 2052 omnium
2707 1997 3075 2070 reliquarum
3098 2001 3377 2056 arborum
3397 2011 3752 2071 vesceretur,

2095 2099 2332 2154 unaque
2365 2090 2596 2142 tantum
2631 2093 2695 2140 ut
2720 2088 3050 2145 abstineret
3080 2091 3758 2165 imperato,intelligeret

2096 2188 2170 2228 ne
2203 2173 2309 2230 sub
2343 2174 2592 2232 Domino
2624 2175 2797 2231 istius
2825 2178 3089 2234 mandati
3121 2185 3363 2236 auctore
3413 2196 3560 2236 esse.
3623 2183 3755 2237 Hauc

2094 2266 2314 2325 autem,
2349 2284 2376 2312 «
2411 2265 2611 2335 Aperti
2643 2271 2783 2320 sunt
2814 2283 3018 2322 eorum
3050 2268 3232 2332 oculi,
3270 2291 3298 2318 ››
3333 2286 3453 2324 non
3473 2268 3758 2327 dicuntur

2095 2351 2261 2422 quasi
2280 2357 2403 2408 tum
2417 2352 2658 2410 demum
2682 2354 2877 2410 videre
2891 2357 3179 2427 cmperint
3196 2359 3357 2428 (nam
3379 2359 3506 2414 visu
3521 2361 3752 2431 praediti

2095 2439 2272 2494 etiam
2291 2448 2430 2496 ante
2455 2458 2616 2499 esum
2638 2443 3084 2502 demonstratur
3109 2463 3180 2502 ex
3204 2447 3295 2502 his
3327 2447 3537 2516 verbis,
3592 2472 3619 2499 «
3657 2451 3752 2504 Vi-

2095 2526 2296 2599 ditque
2332 2530 2549 2584 mulier
2579 2531 2854 2586 arborem
2892 2539 2948 2586 et
2980 2533 3054 2587 ad
3093 2549 3258 2588 esum
3289 2536 3665 2591 commodam
3698 2544 3756 2591 et

2097 2623 2340 2687 aspectu
2371 2625 2598 2689 gratam
2636 2621 2702 2689 η),
2737 2620 2842 2675 sed
2870 2637 2939 2676 eo
2975 2623 3300 2692 pertinent,
3335 2624 3493 2695 quod
3535 2641 3604 2680 eo
3654 2626 3754 2681 de-

2093 2704 2234 2760 licto
2266 2708 2458 2762 omnis
2513 2708 2651 2762 mali
2703 2708 3169 2779 ignorationem,
3225 2729 3356 2782 quas
3415 2712 3748 2769 nuditatem

2095 2796 2134 2848 1
2151 2799 2197 2849 4
2229 2811 2464 2866 quoque
2488 2798 2570 2851 eis
2594 2797 3033 2854 indill‘erentem
3059 2801 3746 2873 redegerat,amiserunt.

2097 2883 2302 2939 Omnis
2333 2885 2493 2940 enim
2525 2887 2753 2952 oculus,
2788 2905 2924 2944 cum
2955 2889 3081 2960 ipse
3114 2908 3148 2945 a
3201 2907 3327 2947 sese
3374 2892 3746 2951 intellectum

2096 2987 2217 3026 non
2241 2972 2475 3038 habeat,
2503 2990 2570 3029 ea
2590 2981 2680 3030 est
2702 2983 2912 3032 natura
2932 2983 3050 3032 uta
3069 2979 3295 3034 ratione
3319 2980 3391 3035 ad
3445 2981 3746 3053 objectum

2099 3060 2258 3131 quod
2279 3061 2436 3115 videt
2457 3063 2764 3120 excitetur.
2782 3065 2985 3138 Itaque
3009 3083 3415 3138 saapenumero
3439 3070 3747 3126 intellectu

2017 3121 2058 3188 Ο
2097 3150 2231 3204 aliis
2255 3150 2427 3207 rebus
2449 3159 2732 3224 occupato
2756 3155 2934 3209 etiam
2959 3157 3301 3212 notissimos
3320 3159 3590 3214 homines
3613 3166 3745 3213 tan-

2094 3256 2272 3310 quam
2303 3241 2440 3296 ί)ωοὶ
2475 3243 2867 3314 praeterimus,
2901 3261 3088 3316 eoque
3122 3247 3364 3302 nomine
3397 3249 3743 3320 reprehensi

2091 3332 2315 3401 rejecta
2346 3331 2407 3385 in
2442 3333 2660 3387 mentis
2693 3335 3146 3405 occupationem
3179 3352 3357 3391 causa
3387 3353 3494 3392 nos
3534 3353 3742 3410 purga-

2091 3435 2244 3474 mus.
2269 3420 2360 3475 Sic
2383 3437 2518 3493 ergo
2542 3422 2802 3478 Adamus
2820 3431 2877 3478 et
2897 3425 3011 3480 Eva
3027 3441 3207 3481 sensu
3226 3428 3439 3481 mentis
3465 3426 3539 3481 ad
3571 3428 3743 3483 visio-

2093 3525 2230 3562 nem
2261 3509 2691 3567 excitabantur.
2753 3514 2897 3568 Nam
2954 3514 3102 3576 haec,
3161 3538 3188 3564 «
3242 3523 3646 3588 cognoverunt
3676 3533 3737 3571 se

2093 3600 2282 3655 nudos
2303 3617 2447 3658 esse.
2478 3623 2505 3650 »
2528 3603 2981 3673 patefactionem
3005 3605 3360 3678 signiﬁcant,
3386 3624 3517 3680 qua:
3543 3608 3604 3664 in
3637 3625 3738 3663 ra-

2095 3689 2253 3744 tione
2274 3691 2456 3757 venit,
2483 3707 2602 3745 non
2629 3693 2937 3748 oculorum
2969 3695 3363 3766 apertionem.
3403 3697 3466 3751 ld
3510 3713 3747 3768 quoque

2093 3776 2411 3832 dicendum
2445 3779 2634 3835 nobis.
2672 3786 2820 3836 Ante
2885 3783 3304 3850 defectionem,
3348 3801 3482 3839 cum
3542 3786 3749 3841 liberis

2093 3866 2233 3921 dare
2265 3883 2505 3937 operam
2538 3869 2804 3923 nondum
2838 3870 2909 3924 iis
2937 3878 3093 3925 esset
3139 3874 3575 3942 tempestivum,
3627 3891 3744 3928 non

2095 3955 2339 4012 dederat
2365 3957 2475 4010 hoc
2506 3956 2626 4011 illis
2661 3957 2815 4013 Deus
2845 3964 2910 4012 ut
2940 3959 3327 4014 nudationem
3360 3962 3624 4031 corporis
3657 3979 3748 4016 ca—

2092 4051 2318 4113 verent,
2352 4045 2454 4099 sed
2481 4045 2775 4119 degebant
2804 4048 2982 4102 veluti
3017 4050 3212 4103 carnis
3248 4055 3540 4119 expertes,
3597 4068 3744 4105 non-

2093 4135 2235 4190 dum
2268 4141 2599 4205 opportuno
2632 4137 2964 4192 affectionis
2994 4138 3250 4193 carnalis
3282 4144 3571 4209 tempore.
3633 4140 3745 4194 Sed

2091 4229 2406 4296 postquam
2429 4225 2806 4280 contumacia
2837 4227 3263 4297 superveniens
3321 4228 3744 4284 mortalitatem

2091 4313 2950 4380 introduxit,convenienterin
2970 4323 3272 4387 posterum
3307 4319 3392 4373 eis
3438 4318 3628 4374 indita
3659 4325 3749 4374 est

2092 4402 2694 4469 mutuaverecundia;
2725 4420 2792 4458 ac
2838 4405 3148 4475 postmodo
3200 4406 3749 4462 animadverterunt

322 4490 424 4538 τοῦ
450 4492 636 4559 γένους
686 4485 977 4566 διαδοχῆς.
1022 4494 1115 4550 Ἐκ
1147 4494 1374 4572 φύλλων
1409 4494 1465 4552 δὲ
1524 4505 1691 4567 συκῆς
1725 4497 1981 4569 ἐποίησαν

2097 4491 2415 4564 ﬁgurarum
2439 4491 2860 4559 diversitatem,
2880 4494 3007 4563 jam
3033 4499 3170 4549 ante
3194 4497 3488 4565 provisam
3524 4497 3584 4549 in
3617 4497 3745 4567 ipso

324 4571 544 4635 ἑαυτοῖς
583 4578 955 4650 περιζώματα,
991 4571 1377 4656 αἰνιττομένων
1411 4581 1500 4639 διὰ
1547 4591 1644 4641 τοῦ
1688 4587 1856 4659 ξύλο)
1887 4589 1980 4643 τὸν

322 4663 531 4734 τρόπον
560 4671 661 4732 τῆς
694 4671 1089 4745 κακοπραγίας·
1153 4673 1228 4734 ὡς
1269 4673 1376 4748 γὰρ
1405 4672 1542 4744 ἡδὺς
1571 4676 1598 4729 ὁ
1629 4681 1835 4751 καρπὸς
1882 4684 1984 4747 τῆς

325 4757 522 4820 συκῆς,
571 4756 748 4830 τραχῦ
808 4755 865 4814 δὲ
921 4762 1010 4816 καὶ
1069 4763 1395 4836 πικρότατον
1432 4765 1495 4820 τὸ
1549 4764 1782 4844 ιρύλλον,
1842 4767 1986 4822 οὕτω

325 4843 769 4929 πὶέα-ἂμαρτία
827 4846 881 4901 έν
944 4850 1038 4922 μὶν
1125 4855 1194 4925 τῇ
1272 4854 1462 4929 πράξει
1511 4843 1776 4912 δείκνυται
1806 4852 1985 4928 ἡδεῖα,

329 4930 468 5000 μετὰ
499 4927 557 4983 δὲ
593 4935 760 4987 ταῦτα
817 4933 1016 5008 ὀδύνην
1068 4927 1326 5016 παρέχειή
1357 4947 1437 5014 τῷ
1495 4943 1823 5018 πεπραχότι.
1858 4927 1985 5022 Περῖ

326 5013 383 5070 δὲ
561 5016 894 5094 δερματίνων
927 5013 1179 5101 χιτώνων
1213 5013 1453 5104 sua?”
1486 5013 1746 5106 omnia:
1780 5013 1985 5110 Γρηγό-

325 5125 447 5179 ριος
475 5105 560 5160 ὅτι
591 5110 782 5179 θνητὸν
832 5116 995 5171 αὐτὸν
1049 5119 1359 5196 ἀπεφήνατο
1408 5122 1435 5176 ὁ
1505 5122 1634 5182 Θεὸς
1701 5124 1987 5196 νεκρότητι

323 5190 710 5268 περιϐάλλων.
744 5203 922 5258 Τοῦτο
953 5207 1056 5282 γάρ
1086 5209 1137 5263 οἱ
1166 5190 1487 5286 δερμάτινοι
1521 5214 1753 5289 χιτῶνες
1785 5213 1986 5285 σημαί-

322 5305 408 5339 νει
443 5285 552 5340 ἀπὸ
579 5291 678 5342 τοῦ
710 5288 885 5370 λόγου
916 5302 1018 5366 τῆς
1069 5302 1178 5353 τῶν
1241 5300 1394 5368 ζώων
1453 5299 1802 5375 νεκρότητος,
1837 5301 1988 5365 ὅπως

331 5371 426 5428 διὰ
453 5381 558 5444 τῆς
587 5376 797 5442 Αύσιως
849 5389 946 5438 τοῦ
998 5390 1253 5460 σώματος
1281 5389 1370 5444 καὶ
1409 5396 1513 5460 τῆς
1542 5371 1717 5462 ὅψεως
1820 5391 1990 5466 ἁμαρ-

331 5463 424 5519 τία
463 5467 610 5520 πᾶσα
654 5467 1037 5554 αὐτόπρεμνος
1075 5473 1369 5554 διαφθαρῇ.
1426 5478 1524 5534 Διᾶ
1555 5478 1657 5553 γὰρ
1688 5463 1866 5534 τοῦτο
1898 5463 1985 5536 καὶ

321 5555 434 5607 τοῦ
485 5553 820 5630 Παραδείσου
875 5553 1343 5639 ἆκϐἀλλεταιβίια
1403 5574 1481 5642 μή
1540 5571 1608 5641 τῇ
1642 5566 1989 5639 αὖτεξουσιό-

2097 4580 2376 4652 ﬁgmento
2394 4579 2466 4633 ob
2488 4580 2721 4650 generis
2749 4582 3110 4653 propagandi
3127 4585 3560 4638 necessitatem.
3599 4584 3749 4638 Sub-

2093 4668 2348 4740 ligacula
2377 4675 2574 4722 autem
2609 4667 2720 4722 sibi
2745 4669 3013 4724 fecerunt
3057 4687 3124 4724 ex
3179 4672 3412 4728 ﬁculnis
3447 4673 3628 4739 foliis,
3661 4675 3742 4726 rei

2097 4759 2252 4812 male
2283 4763 2459 4829 gesta:
2495 4758 2732 4814 modum
2767 4776 2837 4812 ex
2869 4761 2997 4830 ejus
3028 4761 3258 4817 arboris
3314 4768 3526 4818 natura
3576 4763 3743 4832 quasi

2099 4864 2206 4919 per
2237 4845 2512 4918 ambages
2547 4847 2948 4902 indicantibus
2982 4866 2994 4902 :
3027 4851 3531 4920 quemadmodum
3585 4850 3745 4903 enim

2097 4935 2322 4992 fructus
2345 4933 2489 4989 ficus
2511 4934 2701 4992 dulcis
2719 4943 2826 5001 est,
2860 4937 3069 4994 folium
3094 4955 3366 5010 asperum
3406 4946 3462 4994 et
3493 4938 3742 4993 amaris-

2101 5025 2340 5086 simum,
2375 5023 2458 5078 sic
2489 5041 2663 5079 omne
2697 5033 3007 5096 peccatum
3040 5029 3334 5082 actionem
3368 5026 3611 5096 quidem
3639 5026 3744 5080 ha-

2098 5113 2238 5168 bere
2259 5112 2592 5184 jucundum
2626 5116 2980 5182 ostenditur,
3013 5123 3221 5187 postea
3250 5133 3383 5170 vero
3410 5115 3677 5170 dolorem
3691 5117 3744 5171 ei

2100 5205 2198 5275 qui
2225 5202 2485 5275 peccavit
2507 5203 2695 5259 affert.
2723 5205 2800 5259 De
2836 5207 3103 5276 pelliceis
3135 5222 3308 5276 porro
3341 5206 3558 5262 tunicis
3605 5207 3749 5263 Gre-

2098 5293 2297 5367 gorius
2317 5291 2646 5364 TheOIOgus
2670 5295 2869 5360 sentit,
2895 5295 3080 5349 Deum
3099 5294 3179 5348 ita
3198 5294 3618 5352 mortalitatem
3640 5299 3748 5352 ho-

2099 5383 2280 5438 minis
2307 5379 2662 5448 declarasse,
2696 5384 2961 5438 mortalis
2993 5383 3198 5439 exuvio
3245 5398 3383 5438 eum
3434 5386 3745 5442 amiciens.

2069 5501 2072 5504 ~
2099 5473 2220 5528 Hoc
2251 5469 2349 5526 15
2382 5469 2543 5526 enim
2575 5470 2840 5540 pellicem
2871 5471 3086 5526 tunicas
3128 5471 3459 5544 designant,
3519 5477 3748 5532 ratione

2100 5565 2173 5623 ab
2205 5559 2559 5618 animalium
2591 5559 2951 5614 mortalitate
2998 5559 3194 5629 ducta,
3235 5569 3300 5618 ut
3349 5563 3739 5620 dissolutione
