4148 6196
427 239 502 299 39
1777 225 2091 290 GEORGII
2133 227 2484 289 CIDRENI

3758 237 3834 300 ιο

425 369 690 442 corporis
710 384 777 425 ac
799 369 955 425 visus
978 367 1297 424 abolitione
1321 379 1495 420 omne
1515 365 1823 436 peccatum
1875 356 2052 416 fundi

2191 377 2318 428 τητι
2348 356 2692 434 κεχρημένος
2722 354 2866 434 λάϐῃ
2891 361 2993 415 τοῦ
3035 359 3201 432 ξύΛου
3246 367 3346 433 τῆς
3379 366 3524 435 ζωῆς
3553 364 3644 420 καὶ
3673 365 3855 442 γένη--

425 465 519 516 tus
542 459 866 516 aboleatur.
907 463 1095 528 Atque
1131 455 1203 510 ob
1239 455 1392 508 hanc
1415 468 1655 508 causam
1677 450 1857 506 etiam
1890 451 2063 504 Para-

2171 469 2260 504 ται
2289 449 2353 503 τὸ
2389 449 2554 504 κακὸν
2591 448 2875 508 ἀθάνατον.

423 548 549 603 diso
581 547 998 619 expellitur,ne
1031 545 1303 598 libertate
1327 539 1645 596 voluntatis
1676 545 1850 594 utens
1877 555 2122 594 manum
2153 537 2310 612 ligno
2341 540 2472 596 vitae
2503 539 3245 615 injiceret,malumqueita
3275 544 3618 604 immortale
3642 547 3829 604 ﬂeret.

495 634 740 691 Satanas
775 635 1150 689 Hebraeorum
1173 632 1374 704 lingua
1399 629 1764 686 desertorem
1781 627 2076 701 signiﬁcat

422 733 480 780 et
509 723 929 779 adversarium.
968 721 1246 776 Diabolus
1294 736 1329 777 a
1391 720 1695 776 calumnia
1738 717 2074 790 appellatur

425 814 657 875 Graecis,
693 827 809 881 qua
841 811 1020 864 Deum
1055 810 1126 864 ab
1157 809 1502 865 hominibus
1533 807 1908 864 abalienavit.

489 902 704 958 Cainus
737 900 964 970 primus
993 900 1148 954 inter
1181 899 1459 954 homines
1493 897 1795 954 homicida
1823 896 2071 959 exstitit,

419 988 1087 1045 Lamechussecundus:
1115 988 1376 1059 quiduas
1416 1004 1630 1043 uxores
1672 987 1839 1042 duxit
1863 993 1922 1042 et
1951 985 2068 1042 duo

416 1079 738 1133 homicidia
759 1078 915 1132 fecit.
939 1079 1034 1130 Vir
1051 1083 1248 1133 autem
1266 1084 1324 1134 et
1340 1077 1686 1133 adolescens
1708 1093 1857 1147 quos
1889 1075 2071 1129 inter-

413 1168 571 1230 fecit,
606 1169 825 1223 Enochi
853 1168 1098 1224 fuerunt
1127 1168 1362 1234 fratres,
1395 1167 1496 1239 qui
1519 1174 1680 1222 certa
1710 1163 2066 1238 impetrandi

416 1259 848 1314 fiducialleum
877 1263 1154 1329 precatus
1187 1275 1261 1312 ne
1294 1257 1474 1312 talem
1505 1273 1686 1328 porro
1728 1256 1926 1311 videre
1968 1271 2068 1310 ne-

416 1365 544 1404 cem
568 1352 899 1420 cogeretur,
934 1347 1247 1403 exauditus
1271 1353 1329 1402 et
1347 1363 1376 1401 e
1400 1352 1558 1402 terra
1587 1345 1914 1402 translatus
1953 1349 2062 1400 est.

483 1439 1019 1509 Abelusjustitiam
1041 1437 1225 1493 coluit
1253 1456 1265 1493 :
1309 1437 1439 1494 ideo
1463 1437 1897 1494 aiuntcadaver
1934 1437 2063 1508 ejus

412 1545 442 1584 e
475 1534 793 1600 conspectu
825 1527 1136 1582 hominum
1170 1526 1469 1583 sublatum
1501 1527 1706 1592 fuisse,
1759 1542 1875 1597 quo
1932 1529 2065 1596 post

412 1619 796 1690 ipsumjuste
829 1617 1036 1672 victuri
1063 1617 1125 1671 in
1183 1616 1402 1672 bonam
1463 1631 1626 1687 spem
1689 1620 2059 1670 vocarentur.

411 1708 626 1763 Cainus
656 1707 882 1778 primus
913 1710 1176 1762 aratrum
1208 1705 1448 1772 invenit,
1507 1704 1834 1776 urbemque
1894 1705 2060 1759 Enon

412 1797 536 1851 ﬁlio
553 1814 658 1854 suo
683 1796 1402 1870 cognominemcondidit.
1442 1795 1606 1850 Idem
1656 1798 1791 1865 post
1820 1793 2060 1848 damna-

411 1887 634 1942 tionem
659 1894 860 1958 raptor
876 1887 988 1941 fuit
1009 1886 1289 1942 etalienis
1307 1885 1476 1941 bonis
1509 1884 1780 1950 inhiavit;
1813 1884 2062 1956 primus—
2094 1909 2138 1974 Β

410 1993 523 2046 que
556 1993 868 2031 mensuras
901 1982 960 2032 et
988 1975 1250 2047 pondera
1306 1981 1364 2030 et
1413 1975 1632 2029 limites
1691 1973 2057 2045 excogitavit,

413 2081 668 2136 suosque
693 2065 754 2119 in
775 2082 961 2120 unum
989 2064 1312 2120 conductos
1335 2063 1491 2118 bello
1517 2079 1760 2135 operam
1781 2061 1920 2118 dare
1951 2061 2058 2116 do-

412 2155 550 2209 cuit.
578 2153 740 2210 Idem
763 2154 834 2210 ab
857 2172 926 2210 eo
949 2161 1217 2227 tempore
1242 2171 1357 2226 quo
1382 2170 1517 2209 eum
1541 2154 1694 2210 Deus
1719 2157 2060 2209 exsecratus

415 2251 520 2310 est,
545 2245 790 2300 humilis
811 2245 943 2312 fuit,
968 2260 1296 2315 omnesque
1317 2243 1388 2299 ab
1413 2260 1480 2299 eo
1505 2242 1795 2316 prognati.
1821 2244 2058 2298 Terram

415 2339 608 2388 autem
633 2333 886 2390 incoluit
906 2350 1036 2404 quae
1062 2339 1322 2388 tremens
1344 2337 1510 2388 estet
1549 2332 1814 2400 humilis,
1857 2330 2059 2386 Adami

413 2422 691 2478 mandato
717 2439 752 2478 a
773 2422 934 2478 Sethi
959 2422 1242 2495 progenie
1263 2428 1591 2493 separatus.
1622 2421 1870 2477 Cainum
1901 2419 2059 2477 hunc

412 2512 596 2566 Parva
629 2511 888 2572 Genesis,
916 2529 1047 2583 qua:
1069 2513 1210 2568 Mosi
1231 2511 1596 2574 inscribitur,
1644 2511 1818 2568 ruina
1848 2509 2060 2567 domus

413 2617 532 2655 suae
561 2617 910 2671 oppressum
945 2601 1122 2656 vitam
1176 2601 1434 2656 ﬁnivisse
1493 2599 1689 2656 tradit.
1743 2599 2059 2673 Lapidibus

411 2689 568 2742 enim
603 2688 847 2742 fratrem
902 2704 1070 2742 suam
1129 2688 1381 2742 Abelum
1439 2693 1796 2743 necaverat:
1856 2688 2058 2758 itaque

409 2775 536 2846 ipse
569 2791 803 2846 quoque
837 2774 1134 2846 lapidibus
1161 2780 1252 2830 est
1282 2774 1681 2830 interfectum.

478 2866 579 2920 16
602 2864 814 2919 Sethus
835 2864 1043 2918 Adami
1071 2863 1282 2918 tertius
1315 2863 1474 2919 filius
1533 2867 1898 2930 recensetur,
1953 2862 2053 2933 qui

405 2970 686 3027 germana
706 2969 906 3010 sorore
926 2968 1052 3020 sua,
1077 2953 1169 3008 cui
1193 2969 1412 3008 nomen
1438 2955 1713 3018 Asuama,
1744 2952 1806 3008 in
1854 2951 2053 3009 matri-

405 3047 674 3100 monium
707 3045 882 3103 ducta
915 3046 1174 3100 Enosum
1205 3043 1556 3116 procreavit.
1619 3043 1778 3101 Sethi
1829 3059 2050 3098 nomen

407 3136 844 3192 restitutionem
868 3140 1052 3191 notat.
1084 3137 1231 3189 Deus
1252 3149 1488 3205 quoque
1511 3133 1669 3188 idem
1719 3131 2052 3205 appellatus

410 3231 517 3288 est,
547 3223 620 3280 ob
644 3223 1020 3295 splendorem
1044 3224 1236 3286 faciei,
1257 3240 1430 3294 quem
1459 3239 1565 3295 per
1603 3239 1841 3277 omnem
1873 3223 2050 3277 vitam

408 3311 634 3367 habuit.
668 3312 791 3376 Qua
820 3313 1008 3385 gratia
1037 3313 1216 3368 etiam
1243 3314 1426 3368 Moses
1448 3311 1729 3383 praeditus
1752 3311 1941 3367 velata
1965 3311 2051 3366 ia-

404 3402 493 3457 cie
515 3417 650 3456 cum
683 3402 897 3456 Judzeis
938 3401 1340 3472 loquebatur“
1373 3402 1393 3422 '
1425 3400 1815 3472 quadraginta
1853 3400 2050 3455 annis.

399 3489 561 3548 Idem
585 3490 795 3546 Sethus
817 3496 1041 3561 septem
1066 3488 1404 3546 errantibus
1454 3489 1672 3557 stellis,
1707 3489 1890 3544 Graeci
1925 3488 2050 3561 pla-

402 3585 570 3635 netas
594 3579 1071 3646 vocant,nomina
1095 3578 1405 3650 imposuit;
1435 3577 1887 3649 cmlestiumque
1905 3595 2048 3634 con-

399 3667 737 3721 versionum
764 3667 1075 3722 scientiam
1103 3667 1469 3739 excogitavit,
1505 3683 1686 3738 quam
1700 3666 1930 3722 duabus
1951 3683 2047 3722 co-

398 3755 642 3822 lumnis,
667 3755 914 3828 lapideas
928 3756 1227 3825 uni,alteri
1245 3755 1538 3823 lateritiaa,
1555 3755 2046 3827 inscripsit.Praa-

400 3845 624 3900 sciebat
643 3845 806 3901 enim
819 3845 1077 3901 universi
1092 3845 1609 3916 interitum,quem
1633 3846 1682 3900 si
1699 3861 1855 3916 aqua
1872 3847 2048 3901 affer-

395 3940 507 4002 ret,
541 3935 838 4006 lapideam
866 3941 1303 4006 superaturam,
1336 3934 1429 3991 sin
1463 3935 1638 4007 ignis,
1673 3934 1994 3990 lateritiam
2029 3952 2042 4002 ;

397 4028 574 4095 atque
590 4024 743 4080 hanc
761 4025 1090 4080 etiamnum
1105 4023 1614 4080 exstareinSirido
1646 4029 1845 4078 monte
1881 4025 2040 4079 Jose-

395 4112 550 4182 phus
565 4118 832 4168 testatur.
844 4114 1002 4169 Idem
1021 4113 1231 4169 Sethus
1246 4111 1558 4168 Hebraicas
1571 4111 1799 4167 litteras
1813 4113 2041 4168 conscri

398 4201 533 4270 psit.
549 4201 694 4256 Nam
710 4201 1115 4258 ducentesimo
1131 4200 1432 4272 trigesimo
1447 4198 1655 4254 Adami
1690 4216 1847 4254 anno
1870 4205 2043 4256 natus

398 4293 512 4342 est:
539 4305 793 4360 cumque
818 4296 975 4346 esset
995 4304 1290 4345 annorum
1315 4285 1649 4355 duodecim,
1673 4287 2001 4345 ablactatus
2025 4304 2039 4355 ;

396 4393 673 4447 annoque
707 4377 915 4432 Adami
947 4394 1128 4449 supra
1159 4376 1633 4432 ducentesimum
1676 4377 2041 4450 septuagesi-

395 4481 491 4518 mo
525 4471 726 4535 raptus
758 4464 829 4519 ab
864 4465 1074 4536 angelo
1107 4464 1370 4520 imbutus
1421 4468 1508 4517 est
1564 4463 1900 4535 cognitione
1957 4464 2042 4520 fu-

395 4557 542 4606 tura)
573 4569 816 4610 suorum
874 4558 1248 4624 posterorum
1308 4551 1653 4622 impietatis,
1714 4551 1814 4622 qui
1858 4551 2038 4607 iidem

2252 627 2376 684 Ὅτι
2403 627 2430 680 6
2462 631 2704 691 Σατανᾶς
2739 631 2876 683 κατα
2902 629 3001 700 τὴν
3031 635 3138 686 τῶν
3167 625 3436 707 Ἐϐραίων
3479 635 3670 708 φωνην
3698 633 3830 692 ἀπο-

2184 712 2380 785 στάτης
2405 711 2620 790 λέγεται
2660 717 2751 771 καὶ
2791 717 3184 792 ἀντικείμενος·
3243 714 3506 784 διάϐολος
3541 719 3598 777 δὲ
3624 723 3699 786 ὡς
3737 723 3826 779 τὸν

2181 805 2310 858 Θεὸν
2340 805 2475 880 πρὸς
2503 804 2631 868 τοὺς
2664 807 2978 882 ἀνθρώπους
3010 812 3420 889 συκοφαντήσας
3452 809 3684 887 εἶ’ρηται.

2250 894 2371 950 Ὀτι
2403 895 2430 949 6
2463 895 2590 950 Κάῖν
2621 893 2675 952 ἐν
2703 896 3011 973 ἀνθρώποις
3065 904 3282 974 πρῶτος
3342 903 3531 979 φονεὺς
3590 903 3822 980 ἐγένετο,

2183 980 2432 1057 δεύτερος
2464 982 2521 1040 δὲ
2561 986 2588 1038 ὁ
2632 987 2846 1060 Λάμεχ,
2903 985 2998 1042 δύο
3031 994 3287 1063 γυναῖκας
3345 985 3552 1064 λαϐὼν,
3611 995 3699 1048 καί
3729 991 3822 1050 δύο

2181 1073 2377 1150 φόνους
2408 1073 2634 1132 ἐτέλεσε.
2669 1078 2776 1138 Οὓς
2811 1075 2867 1133 δὲ
2896 1078 3128 1146 ἀνεῖλεν,
3161 1077 3324 1154 ἄνδρα
3389 1080 3478 1136 καὶ
3529 1082 3818 1156 νεανίσκον,

2179 1159 2408 1240 ἀδελφοὶ
2463 1166 2597 1233 ἦσαν
2645 1169 2744 1220 τοῦ
2810 1167 3009 1243 Ἑνὼχ,
3051 1169 3110 1232 ὃς
3148 1169 3238 1224 καὶ
3305 1170 3481 1226 πίστει
3530 1174 3823 1246 προσευξά-

2182 1273 2344 1325 μενος
2381 1259 2477 1308 τοῦ
2510 1255 2587 1328 μή
2631 1252 2762 1311 ίδεῖν
2795 1255 2875 1312 ἔτι
2929 1262 3176 1313 τοιοῦτον
3237 1259 3485 1330 θάνατον,
3547 1262 3823 1324 ἀκουσθεῖς

2181 1342 2434 1414 μετετέθη
2445 1385 2458 1399 .

2198 1488 2206 1494 _
2250 1432 2331 1505 [P.
2364 1434 2416 1506 8]
2446 1433 2566 1488 "Ott
2622 1429 2794 1491 Ἅϐελ
2855 1432 3202 1508 δικαιοσύνης
3260 1435 3560 1513 ἐφρόντιζε·
3619 1437 3706 1495 διὸ
3734 1440 3824 1495 καὶ

2173 1516 2236 1574 τὸ
2269 1524 2428 1593 σῶμα
2480 1519 2645 1576 αὐτοῦ
2697 1522 2854 1601 φασὶν
2911 1524 3109 1595 ἀφανὲς
3153 1525 3438 1600 γεγονέναι
3492 1533 3610 1593 τοῖς
3670 1529 3822 1602 μετέ-

2174 1628 2330 1664 πειτα
2370 1606 2607 1674 δικαίοις
2641 1611 2846 1686 ἀγαθὰς
2879 1610 3106 1677 ἒλπίδας
3159 1615 3475 1693 ὖποφαῖνον.
3508 1619 3568 1676 Ὁ
3600 1613 3656 1674 δὲ
3687 1620 3821 1677 Κάϊν

2173 1702 2394 1771 πρῶτος
2419 1697 2655 1776 ἄροτρον
2685 1702 2828 1778 εὗρε,
2861 1703 2951 1758 καὶ
3017 1702 3180 1759 πόλιν
3237 1703 3412 1761 ἔκτισε
3468 1705 3557 1761 ἐπὶ
3585 1711 3665 1778 τῷ
3695 1707 3823 1763 ὀνό-

2176 1807 2304 1858 ματι
2329 1791 2426 1843 τοῦ
2451 1789 2573 1843 υἱοῦ
2622 1790 2788 1846 αὐτοῦ
2854 1793 3029 1850 Ενών.
3093 1793 3190 1848 Καὶ
3242 1792 3328 1850 ὅτι
3361 1796 3495 1868 μετὰ
3525 1797 3628 1865 τήν
3655 1817 3821 1852 κατα-

2172 1872 2327 1946 δίκην
2393 1879 2562 1952 ἅρπαξ
2623 1879 2713 1934 καὶ
2771 1879 3107 1953 πλεονέκτης
3189 1881 3418 1958 ἐγένετο,
3481 1882 3649 1960 μέτρα
3731 1886 3821 1940 καὶ

2169 1966 2380 2038 σταθμὰ
2431 1966 2523 2022 καὶ
2573 1969 2733 2043 ὅρους
2771 1976 2875 2044 γῆς
2935 1975 3151 2045 πρῶτος
3221 1970 3534 2046 ἐπινοήσας,
3573 1974 3663 2031 καὶ
3697 1973 3824 2036 τοὺς

2169 2053 2406 2120 οἰκείους
2436 2056 2511 2119 είς
2540 2053 2592 2112 ἐν
2651 2060 2971 2138 συναγαγὼν
3027 2059 3081 2116 έν
3135 2060 3408 2136 πολέμοις
3465 2060 3820 2140 ἆσχῦλεῖσθαι

2169 2142 2465 2204 ἐδίδασκεν.
2499 2148 2672 2212 Οὗτος
2731 2147 3023 2226 χθαμαλὸς
3055 2153 3118 2221 ἦν
3151 2151 3258 2209 άπὸ
3308 2160 3409 2224 τῆς
3458 2154 3694 2230 κατάρας
3722 2159 3823 2210 τοῦ

2169 2238 2326 2307 Θεοῦ,
2355 2235 2445 2291 καὶ
2502 2237 2697 2300 πάντες
2758 2239 2808 2294 οἱ
2861 2237 2912 2312 ἐξ
2965 2238 3134 2296 αὐτοῦ
3191 2241 3498 2319 γενόμενοι.
3559 2244 3709 2324 ’ᾨκεὶ
3763 2241 3823 2299 δι

2166 2324 2265 2392 τήν
2295 2330 2424 2400 γῆν,
2450 2327 2572 2396 ἣτις
2617 2326 2730 2382 έστῖ
2783 2330 3078 2404 τρέμουσα,
3139 2330 3438 2407 χθαμαλήν
3513 2331 3674 2390 οὖσαν
3731 2353 3822 2389 κε-

2169 2414 2513 2488 χωρισμένος
2541 2415 2804 2492 ὑπάρχων
2836 2417 2944 2473 ἀπὸ
2974 2425 3076 2490 τῆς
3125 2425 3221 2476 τοῦ
3269 2423 3380 2491 Σὴθ
3435 2427 3620 2498 γενεᾶς
3671 2423 3814 2478 κατά

2168 2504 2453 2579 πρόσταξιν
2503 2503 2600 2560 τοῦ
2659 2503 2857 2580 Ἀδάμ.
2919 2507 3093 2572 Οὗτος
3151 2509 3178 2564 6
3237 2510 3396 2583 Κάϊν,
3455 2511 3596 2582 ὡςή
3631 2511 3817 2580 Λεπτή

2168 2591 2406 2655 Μωσέως
2463 2596 2672 2660 Γένεσις
2744 2596 2931 2672 φησὶν,
2987 2604 3088 2668 τῆς
3146 2598 3347 2662 οἰκείας
3399 2599 3670 2671 πεσούσης
3728 2601 3817 2674 ἰπ,

2166 2681 2328 2737 αὐτὸν
2355 2681 2602 2755 τελευτᾷ·
2659 2683 2833 2747 λίθοις
2890 2687 2993 2762 γὰρ
3049 2688 3140 2742 τὸν
3201 2685 3434 2765 ἀδελφὸν
3501 2686 3664 2745 Ἅϐελ
3720 2691 3818 2744 άπ-

2167 2766 2388 2840 έκτεινε,
2413 2771 2502 2825 καὶ
2527 2769 2707 2836 λίθοις
2737 2774 2946 2847 ὁμοίως
2965 2775 3056 2830 καὶ
3087 2775 3246 2836 αὐτὸς
3278 2777 3601 2848 ἀπεκτάνθη.

2233 2859 2357 2914 Ὅτι
2431 2860 2459 2913 ὁ
2518 2861 2634 2929 Σὴθ
2701 2861 2888 2936 τρίτος
2966 2863 3086 2924 υἱὸς
3172 2862 3523 2939 ἀναγέγραται
3608 2862 3810 2940 ’Δδάμ·

2164 2945 2223 3006 ὃς
2323 2947 2424 3015 τήν
2533 2944 2672 3002 ίδίαν
2773 2946 3014 3028 ἀδελφήν
3119 2951 3364 3026 Ἀσουάμ
3462 2951 3814 3026 καλουμένην

2160 3036 2342 3110 γήμας
2419 3035 2674 3113 ἐγέννησε
2757 3039 2847 3093 τὸν
2933 3041 3120 3103 Ἐνώς.
3209 3041 3476 3116 Σημαίνει
3563 3040 3623 3098 δὶ
3701 3046 3817 3115 Σήθ

2161 3124 2524 3196 ἐξανάστασιν,
2604 3128 2916 3201 Ὠνομάσθη
3022 3129 3078 3187 δὲ
3151 3133 3241 3188 καὶ
3317 3132 3449 3197 Θεὺς
3525 3131 3615 3190 διὰ
3713 3136 3818 3204 τὴν

2163 3215 2374 3291 λάμψιν
2430 3221 2530 3272 τοῦ
2591 3218 2889 3292 προσώπου
2963 3219 3149 3292 αὐτοῦ,
3233 3221 3300 3292 ἢν
3373 3222 3531 3298 ἔσγεν
3586 3222 3638 3279 ἐν
3705 3223 3813 3299 ὅλῃ

2162 3303 2326 3360 αὖτοῦ
2383 3311 2450 3381 τῇ
2539 3312 2674 3382 ζωῇ.
2760 3308 2974 3380 Ταύτην
3048 3307 3106 3366 δὲ
3162 3314 3260 3381 τὴν
3323 3314 3484 3388 χάριν
3538 3313 3628 3368 καὶ
3682 3319 3817 3371 Μω-

2161 3400 2258 3462 cm":
2334 3392 2503 3466 ἔχων,
2578 3396 2642 3450 τὸ
2743 3396 3012 3472 κάλυμμα
3111 3401 3278 3465 τιθεὶς
3387 3399 3596 3475 ὦμίλεῖ
3692 3407 3818 3466 τοῖς

2164 3479 2497 3546 Ἰουδαίοις.
2603 3486 2726 3542 Ἐπὶ
2831 3487 3056 3563 χρόνοις
3153 3491 3554 3566 τεσσαράκοντα
3657 3494 3814 3566 (24),

2157 3576 2274 3634 τοῖς
2303 3594 2361 3628 τε
2389 3573 2524 3630 ἑπτα
2574 3573 2877 3647 πλανήταις
2934 3577 3182 3651 ὀνόματα
3239 3580 3520 3652 τεθεικὼς,
3579 3579 3668 3637 καὶ
3705 3583 3813 3651 τήν

2156 3667 2266 3717 τῶν
2305 3657 2565 3738 οὸρανίων
2616 3668 2882 3737 κινήσεων
2935 3668 3122 3748 σοφίαν
3171 3668 3454 3740 ἐπενόησε.
3515 3672 3614 3727 Καὶ
3674 3673 3816 3742 στή-

2157 3751 2259 3815 λας
2313 3751 2432 3824 δύο,
2499 3753 2712 3827 λιθίνην
2757 3778 2816 3812 τε
2871 3759 2961 3813 καὶ
3018 3759 3334 3832 πλινθίνην,
3401 3761 3802 3824 κατασκευάσας

2157 3840 2268 3897 ἐκεῖ
2295 3847 2462 3898 ταῦτα
2510 3842 2765 3922 ἔγραψεν,
2825 3845 2983 3911 εἰδὼς
3041 3851 3140 3919 τήν
3191 3855 3288 3906 τοῦ
3346 3851 3543 3913 παντὸς
3602 3851 3809 3932 φθορὰν

2153 3932 2245 3987 καὶ
2271 3932 2345 3994 ὡς
2373 3932 2418 3988 εί
2455 3935 2547 4006 μὶν
2581 3933 2632 4006 ἐξ
2686 3933 2880 3998 ὕδατος
2940 3939 3187 4014 γένηται,
3243 3941 3342 4010 τήν
3383 3938 3603 4011 λεθίνην
3637 3941 3808 4010 σώζει

2153 4033 2297 4092 σθαι,
2329 4020 2374 4076 εἰ
2407 4019 2466 4078 δὲ
2496 4020 2585 4078 διὰ
2619 4025 2813 4101 πυρὸς,
2849 4029 2949 4096 τήν
3007 4026 3314 4099 πλινθίνην·
3373 4029 3497 4099 ἥτις
3552 4031 3812 4101 σώζεται,

2153 4110 2229 4171 ὡς
2258 4111 2524 4182 Ἰώσηπος
2567 4120 2849 4190 μαρτυρεῖ,
2883 4115 2960 4177 εἷς
2988 4117 3050 4172 τὸ
3084 4116 3302 4194 Σίριὸον
3347 4113 3494 4194 ὅρος,
3560 4117 3665 4182 ἓως
3716 4119 3815 4174 καὶ

2149 4202 2262 4254 νῦν.
2346 4200 2518 4263 Οὗτος
2603 4201 2695 4256 καὶ
2751 4204 2818 4258 τὰ
2875 4199 3136 4278 Ἐϐραϊκά
3196 4205 3491 4280 γράμματα
3543 4208 3814 4282 συνεγρά-

2151 4289 2311 4359 ψατο.
2393 4291 2490 4361 Τῷ
2562 4290 2664 4366 γὰρ
2753 4289 3113 4364 διακοσιοστῷ
3187 4300 3496 4368 τριακοστῷ
3552 4290 3658 4351 ἔτει
3710 4299 3814 4352 τοῦ

2151 4373 2328 4450 Ἀδάμ
2357 4375 2614 4452 ἐγεννήθη
2649 4381 2676 4434 6
2711 4381 2842 4450 Σήθ,
2877 4381 2965 4436 καὶ
3033 4381 3328 4457 γενόμενος
3387 4383 3518 4440 ἐτων
3579 4381 3817 4439 ὃώδὲκα⁹

2147 4463 2590 4539 ἆπεγαλακνίσθη
2625 4487 2638 4500 ·
2700 4467 2791 4523 καὶ
2847 4472 2927 4542 τῷ
2985 4467 3349 4544 διακοσιοστῷ
3405 4467 3811 4546 ἑϐδομηκοστῷ

2150 4550 2256 4609 ἔτει
2282 4559 2380 4610 τοῦ
2413 4552 2593 4630 Ἀδάμ
2615 4557 2643 4611 6
2675 4559 2792 4627 Σήθ
2819 4557 3116 4635 ἀραπαγεὶς
3161 4560 3264 4617 ὑπὸ
3303 4561 3538 4638 ἀγγέλου
3592 4561 3809 4635 ἰμυάθη

396 4642 713 4714 Egregores
743 4642 1120 4714 appellantur
1177 4647 1234 4697 et
1289 4641 1396 4697 ﬁlii
1454 4640 1580 4708 Dei,
1633 4655 1701 4695 ac
1747 4640 1949 4696 diluvii
1983 4647 2042 4698 et

2167 4643 2218 4698 τά
2257 4643 2383 4721 περὶ
2411 4651 2513 4716 τῆς
2538 4629 2896 4724 παραϐάσεως
2957 4629 3236 4724 μέλλοντα
3293 4629 3502 4707 ἔσεσθαι
3532 4629 3641 4707 τῶν
3674 4629 3815 4708 υἱῶν

1590 4823 1947 4882 XYLANDRI
1987 4827 2081 4882 ET
2117 4828 2337 4884 GOARI
2376 4831 2598 4888 NOTAE.

466 4970 572 5036 (24)
630 4967 876 5034 Χρόνους
934 4968 1281 5040 frequenter
1326 4964 1456 5020 loco
1516 4969 1774 5040 ενέαυτῶν
1844 4970 2035 5039 ponit,

395 5035 754 5106 qued’facile
784 5048 874 5096 est
923 5035 1108 5096 cuivis
1166 5039 1500 5094 observare.
1561 5035 1670 5092 Sed
1729 5035 1864 5094 ante
1911 5035 2036 5097 haec

394 5110 571 5191 verba
603 5113 784 5191 {mese
807 5112 1033 5184 aliqiud
1068 5129 1080 5167 ε
1142 5108 1732 5191 ῆιειῌιιείιεῐεῐιὶεοιιῐη
1766 5113 2031 5191 appinxi:

394 5180 566 5254 Apud
597 5180 925 5254 Josephum‘
949 5201 1067 5240 non
1101 5189 1188 5238 est
1214 5180 1440 5236 Siridus
1499 5197 1711 5254 mons.‘
1742 5180 1862 5237 sed
1901 5181 2034 5236 me

390 5249 488 5328 cf,"
525 5249 782 5318 Eae-.2632,
836 5257 916 5317 in.
954 5255 1137 5328 Syria.
1197 5249 1717 5328 Egregores__quid
1754 5254 2035 5328 vocabuli

394 5321 491 5387 sit,
528 5338 645 5376 non
678 5321 1094 5396 assequor.'De
1125 5321 1475 5396 coruscante
1519 5321 1894 5396 MOs:s__facie
1943 5343 2036 5382 res

394 5398 483 5447 est
515 5408 580 5446 ex
612 5397 793 5451 sacris
819 5394 1050 5452 Litteris
1083 5403 1244 5459 nota,
1265 5394 1442 5452 Exod.
1465 5410 1655 5462 xxxw,
1689 5394 1737 5450 II
1769 5396 2032 5456 Corinth.

387 5479 468 5534 ιιι,
503 5470 613 5520 etc.
646 5465 787 5523 XYU.
833 5467 1013 5523 Filios
1041 5469 1179 5524 Seth
1211 5469 1328 5525 Deo
1359 5466 1627 5536 dilectos,
1686 5467 1836 5538 pios,
1899 5487 2035 5542 pro-

2147 4987 2335 5063 ξενος,
2367 4973 2682 5063 formosos,
2726 4976 3088 5045 sacerdotes,
3124 4983 3404 5063 natarum
3454 4979 3596 5037 Cain
3643 4980 3812 5063 cupi-

2147 5042 2284 5100 dine
2317 5052 2540 5122 captos,
2574 5042 2811 5122 neCnon
2858 5042 3098 5122 exortes
3155 5067 3222 5106 ex
3269 5051 3514 5122 profano
3545 5069 3680 5109 cum
3719 5042 3811 5108 iis

2144 5117 2456 5194 complexu
2479 5117 2701 5175 liberos
2737 5121 3017 5194 Georgius
3045 5117 3355 5192 Syncellus
3388 5131 3552 5181 vocat
3599 5123 3807 5194 Έγρη-

2141 5185 2308 5284 γέρου
2336 5212 2370 5284 ιι»
2393 5189 2470 5284 ab
2500 5197 2742 5284 au'ctoge
2769 5185 2956 5284 dicth
2971 5185 3354 5284 J‘prﬁopgs,
3374 5211 3417 5282 Ia
3436 5196 3632 5284 ‘patris
3662 5185 3810 5284 Seth

2143 5255 2447 5343 venustate
2472 5277 2484 5316 :
2509 5255 2694 5343 .86226
2707 5263 2766 5343 ἧς
2804 5261 2874 5343 ἦ]
2905 5262 2933 5316 ὁ
2967 5255 3212 5343 ΣΣήθκαῖ.
3237 5255 3633 5343 εὐξίάπλαστος
3663 5265 3806 5343 cid-

2147 5324 2277 5402 δρα,
2330 5329 2419 5384 καὶ
2477 5331 2528 5386 οἱ
2582 5331 2633 5402 ἒξ
2691 5324 2859 5388 α’ύτοῧ
2909 5324 3104 5398 πάντες
3162 5331 3402 5399 εὐσεϐεῖς
3456 5335 3551 5394 καὶ
3604 5324 3807 5413 ὡραῖοι

2143 5397 2302 5468 ἦσαν.
2337 5403 2512 5460 Βολιι.

2187 5419 2302 5457 σαν.
2337 5419 2512 5460 υολιι.
