4148 6196
235 419 302 476 41
1385 411 1929 472 HISTORIABUM
1974 413 2520 478 COMPENDIUM.
3573 425 3651 482 42

232 547 398 603 αὐτοῦ
429 545 582 622 (ἤτοι
637 550 748 601 τῶν
807 545 1190 622 Ἐγρηγόρων,
1249 542 1448 606 ο²ίτινες
1495 543 1585 598 καὶ
1619 544 1729 598 υἱοὶ
1755 549 1887 601 Θεοῦ

2004 547 2289 605 adventus
2317 552 2823 609 Servatoris.Cum
2855 559 3053 610 autem
3072 553 3526 628 quadragesima
3555 555 3649 612 die

232 636 510 712 ἐλέγοντο)
569 636 660 690 κμαῖ
721 635 788 690 τὰ
840 634 961 708 περὶ
1018 640 1115 688 τοῦ
1194 633 1591 706 κατακλυσμοῦ
1648 634 1737 689 καὶ
1793 640 1896 703 τῆς

235 725 541 800 παρουσίας
589 730 688 778 τοῦ
750 731 1034 799 Σωτῆρος.
1093 724 1304 797 Ἡμέρᾳ
1375 721 1430 776 δὲ
1490 728 1894 798 τεσσαρακοστῇ

244 815 478 892 ἄφαντος
505 815 762 888 γεγονὼς.
813 814 988 877 ἐλθὼν
1043 811 1347 888 διηγήσατο
1389 819 1507 873 τοὶς
1559 812 1897 888 πρωτοπλά-

251 926 393 965 στοις
423 903 516 957 ὅσα
541 902 756 975 ἐμυήθη
790 901 880 957 διὰ
910 907 1008 958 τοῦ
1065 901 1326 977 ἀγγέλου.
1362 901 1595 971 Εὐειδής
1623 900 1678 957 δὲ
1709 902 1774 970 ἧν
1803 902 1894 957 καὶ

247 991 640 1054 εὐδιάπλαστος
695 989 868 1066 σόδρα
926 993 1092 1053 αὐτός
1152 1012 1210 1046 τε
1258 991 1347 1046 καὶ
1406 993 1458 1045 οὶ
1490 991 1539 1061 ἐξ
1573 993 1742 1047 αὐτοῦ
1773 1013 1894 1068 γεν-

238 1084 497 1155 νώμενοι,
532 1083 868 1156 Ἐγρήγορες
923 1081 1013 1135 καὶ
1073 1080 1181 1135 υἱοὶ
1241 1084 1374 1136 Θεοῦ
1433 1077 1522 1134 διὰ
1551 1081 1649 1149 τήν
1682 1081 1894 1155 λάμψιν

230 1176 329 1226 τοῦ
362 1172 663 1248 προσώπου
713 1173 810 1225 τοῦ
873 1171 988 1238 Σὴθ
1047 1167 1356 1244 λεγόμενοι·
1387 1168 1476 1224 καὶ
1525 1170 1624 1238 τὴν
1675 1169 1893 1244 ὑψηλο-

229 1262 392 1336 τέραν
424 1268 528 1337 γῆν
567 1267 666 1330 τῆς
714 1256 885 1331 Ἐδεμ
940 1258 1138 1331 ᾤκουν,
1178 1258 1418 1328 πλησίον
1476 1263 1573 1314 τοῦ
1631 1257 1893 1335 παραδεί-

228 1371 328 1404 σου
377 1349 682 1423 ἆγγελικῶς
735 1350 1008 1424 βιοῦντες,
1049 1347 1155 1410 ’ὲως
1203 1350 1300 1402 τοῦ
1345 1345 1638 1426 χιλιοστοῦ
1683 1369 1890 1422 κοσμι-

223 1443 328 1493 κοῦ
391 1436 566 1498 ἔτους.
625 1438 842 1492 Τούτων
895 1439 995 1506 τήν
1045 1435 1295 1511 ἕνάρετον
1345 1434 1624 1491 πολιτείαν
1685 1439 1761 1509 μή
1796 1435 1892 1513 φέ-

227 1549 339 1604 ρων
373 1529 402 1582 ὁ
426 1526 732 1604 ἆρχέκακος
759 1526 1005 1600 βλέπειν,
1034 1526 1108 1589 εἷς
1132 1527 1230 1594 τὴν
1258 1526 1573 1601 ὡραιότητα
1592 1531 1700 1582 τῶν
1728 1538 1890 1604 θυγα-

220 1616 401 1691 τέρων
433 1621 540 1671 τῶν
573 1616 873 1690 ανθρώπων
917 1615 1042 1683 ἢτοι
1100 1618 1201 1670 τοῦ
1243 1621 1376 1672 Καϊν
1409 1615 1600 1677 αὐτοὺς
1632 1609 1883 1690 ἔτρωσεν.

299 1707 386 1782 [Α.
423 1707 500 1777 9.]
532 1705 655 1762 Ὅτι
705 1705 790 1772 τὸ,
852 1727 878 1755 ‹‹
909 1704 1076 1766 Ἐνὼς
1129 1701 1364 1772 ἤλπισεν
1416 1703 1790 1760 ἐπικαλεῖσθαι
1822 1705 1884 1760 τὸ

225 1795 406 1867 ὄνομα
451 1793 656 1866 Κυρίου
710 1798 807 1848 τοῦ
859 1793 990 1848 Θεοῦ
1051 1797 1267 1867 πρῶτος
1302 1817 1330 1844 ››
1391 1793 1881 1869 προσαγορεύεσθαι

2006 658 2240 695 rursum
2275 642 2335 696 in
2366 643 2678 712 hominum
2709 651 3092 717 conspectum
3119 647 3408 712 rediisset,
3447 669 3652 722 paren-

2009 729 2160 785 tibus
2189 749 2257 786 ea
2281 733 2496 804 quibus
2519 734 2591 788 ab
2611 735 2818 808 angelo
2835 735 3132 792 initiatum
3151 737 3408 795 diximus
3440 742 3649 804 recita-

2003 819 2102 873 vit.
2139 821 2173 874 l
2191 823 2228 875 ’τ
2259 822 2573 877 Formosus
2594 830 2790 878 autem
2809 825 3130 881 admodum
3169 827 3300 891 fuit,
3326 835 3384 882 et
3405 829 3650 901 pulchre

2006 907 2142 962 ﬁcto
2177 925 2423 981 corpore
2445 927 2580 966 cum
2613 912 2738 984 ipse
2773 919 2894 968 tum
2946 919 3002 969 et
3059 916 3351 987 prognati,
3397 918 3646 992 Egrego-

2002 1013 2096 1052 res
2129 1003 2186 1051 et
2221 998 2320 1053 Dei
2355 997 2462 1054 ﬁlii
2495 999 2570 1055 ob
2599 1001 2760 1056 Sethi
2819 1002 2989 1059 faciei
3039 1004 3418 1081 splendorem
3459 1007 3597 1082 dicti
3631 1024 3646 1073 ;

2003 1089 2342 1158 terramque
2375 1088 2590 1160 Edenis
2620 1090 3029 1168 sublimiorem
3063 1094 3462 1164 incoluerunt,
3507 1097 3646 1152 vici-

2003 1174 2182 1246 nique
2233 1177 2510 1247 paradiso
2571 1180 2748 1235 vitam
2809 1181 3176 1254 angelorum,
3211 1183 3342 1238 vita;
3390 1184 3650 1252 similem

2001 1270 2250 1335 egerunt
2279 1281 2466 1336 usque
2499 1266 2572 1322 ad
2603 1268 2991 1326 millesimum
3020 1270 3224 1327 mundi
3251 1269 3652 1340 annum.Quo-

1999 1368 2132 1406 rum
2164 1353 2478 1424 honestam
2509 1356 2640 1411 vitm
2669 1358 3164 1424 consuetudinem
3195 1366 3402 1426 auctor
3423 1363 3648 1434 primus

1999 1440 2294 1498 malorum
2327 1443 2546 1500 intueri
2579 1462 2698 1501 non
2731 1447 3054 1518 sustinens,
3088 1435 3458 1518 formositate
3499 1452 3649 1508 ﬁlia-

1997 1546 2130 1586 rum
2161 1531 2587 1612 hominum,‘id
2619 1541 2704 1590 est
2735 1536 2922 1604 Caini,
2957 1554 3056 1592 eos
3087 1539 3394 1600 sauciavit.

2068 1701 2199 1757 Hinc
2231 1703 2406 1759 verba
2441 1727 2468 1753 ‹‹
2501 1704 2733 1760 Enosus
2768 1707 2995 1776 primus
3047 1710 3303 1779 speravit
3358 1701 3646 1784 appellari

1993 1805 2216 1846 nomen
2248 1793 2480 1849 Domini
2513 1795 2638 1862 Dei,
2677 1817 2698 1846 ι
2735 1796 2845 1851 hoc
2879 1797 3238 1872 signiﬁcant,
3272 1791 3514 1856 nomine
3545 1800 3644 1855 Dei

224 1886 459 1958 ὀνόματι
492 1888 644 1953 Θεοῦ,
678 1879 819 1938 ἔστιν
853 1887 985 1957 ('25).
1034 1883 1201 1945 Ἐνὼς
1249 1885 1354 1959 γὰρ
1394 1883 1746 1960 ἑρμηνεύεται
1778 1883 1877 1940 ἄν-

1998 1882 2182 1935 vocari
2207 1899 2220 1934 :
2245 1899 2382 1937 nam
2405 1882 2690 1940 Hebraica
2711 1885 2914 1957 lingua
2935 1886 3162 1941 Enosus
3187 1887 3362 1942 homo
3404 1895 3510 1945 est.
3554 1889 3643 1944 Sic

223 1977 447 2048 θρωπος
503 1975 638 2028 κατὰ
704 1974 796 2029 τὸν
857 1967 1141 2048 Ἐϐραϊκὸν
1197 1979 1339 2028 νοῦν·
1402 1973 1630 2036 οὕτωςὸ
1681 1976 1878 2049 Σωτὴρ

225 2065 350 2126 Tib;
381 2062 553 2125 ὅντως
584 2063 899 2137 ἀνθρώπου,
931 2063 1069 2116 κατᾶ
1107 2062 1197 2117 τὸ)
1229 2063 1452 2142 φυσικὸν
1488 2062 1656 2139 λόγον
1689 2065 1887 2139 Ἀφρι-

223 2158 414 2210 κανοῦ.
450 2153 618 2216 Ἐνὼς
649 2150 705 2207 δὲ
749 2157 905 2226 γεννᾷ
934 2153 1024 2206 τὸν
1056 2151 1377 2222 Μαλελεήλ,
1412 2154 1439 2208 ὁ
1471 2149 1528 2207 δὲ
1556 2154 1647 2208 τὸν
1681 2151 1883 2229 Ἵάρεδ,

219 2241 271 2314 ἐξ
305 2243 368 2296 οῦ
402 2242 604 2316 Ἑνώχ.
660 2240 833 2302 Οὗτος
894 2245 1112 2315 πρῶτος
1168 2241 1472 2316 γράμματα
1507 2242 1760 2314 μανθάνει
1793 2259 1882 2313 καὶ⁵

224 2327 489 2398 διδάσκει,
547 2331 638 2385 καὶ
697 2330 858 2384 θείων
918 2330 1232 2402 μυστηρίων
1269 2329 1672 2404 ἀποκαλύψεως
1700 2331 1887 2402 ἀξιοῦ-

219 2442 330 2476 ται.
365 2421 470 2476 Καὶ
510 2420 704 2494 πρώτη
755 2416 1008 2495 περίοδος
1068 2423 1176 2474 τῶν
1221 2418 1590 2475 πεντακοσίων
1633 2420 1883 2494 τριάκον-

223 2530 290 2564 τα
318 2508 415 2564 δύο
447 2507 580 2564 ἐτῶν
612 2509 948 2584 πληροῦται·
982 2509 1050 2577 ἦν
1105 2505 1163 2564 δὲ
1219 2509 1419 2584 χρόνος
1477 2513 1573 2564 τοῦ
1638 2510 1731 2583 μὲν
1769 2512 1882 2580 Σὴθ

231 2599 528 2672 τριακόσιοξ
561 2595 679 2670 δύο,
712 2601 812 2652 τοῦ
844 2596 904 2653 δὲ
934 2597 1118 2674 Ἑνὼχ
1151 2595 1668 2668 ἐννενηκονταοκτώ.

307 2781 425 2835 ⁴Ὸτι
455 2775 629 2851 Ἀδᾶμ
657 2781 741 2849 τῷ
790 2777 1152 2849 ἑξακοσιοστῷ
1204 2772 1309 2832 ἔτει
1374 2778 1712 2850 μετανοήσας
1742 2776 1882 2852 ἔγνω

229 2865 733 2940 δι’ἀποκαλύψεως
792 2867 860 2922 τὰ
913 2866 1036 2937 περὶ
1091 2871 1197 2920 τῶν
1259 2865 1614 2943 Ἐγρηγόρων
1665 2865 1882 2921 καὶτοῦ

226 2955 640 3029 κατακλυσμοῦ,
679 2959 770 3009 καί
828 2955 895 3010 τὰ
951 2955 1074 3029 περὶ
1139 2953 1422 3026 μετανοίας
1475 2955 1562 3008 καὶ
1613 2957 1712 3019 τῆς
1739 2953 1882 3014 θείας

225 3043 573 3118 σαρκώσεως,
623 3043 713 3098 καὶ
773 3044 896 3118 περὶ
955 3047 1062 3098 τῶν
1123 3044 1240 3097 καθ’
1300 3042 1528 3112 εκάστην
1561 3043 1703 3118 ὥραν
1732 3045 1881 3115 ἡμε-

222 3137 376 3209 ρινήν
436 3135 528 3190 καὶ
607 3136 920 3209 νυκτερινὴν
1002 3133 1481 3206 ἀναπεμπομένων
1567 3131 1746 3208 εὐχῶν
1802 3137 1882 3204 τῷ

217 3229 336 3297 Θεῷ
364 3224 470 3278 απὸ
499 3225 718 3279 πάντων
779 3227 890 3278 τῶν
943 3222 1254 3295 κτισμάτων
1311 3219 1381 3276 δι’
1424 3219 1637 3296 Οὐριήλ
1668 3225 1763 3276 τοῦ
1791 3219 1877 3275 ἐπὶ

215 3321 316 3383 τῆς
354 3311 641 3384 μετανοίας
673 3311 1052 3392 ἀρχαγγέλου,
1105 3312 1305 3372 οὕτως·
1346 3313 1487 3386 ’Ὠρᾳ
1515 3312 1707 3385 πρώτᾳ
1735 3312 1875 3382 ἡμεο

217 3405 342 3474 ρινῇ
375 3401 572 3474 πρώτη
609 3399 749 3476 εὐχή
783 3398 1110 3455 ἐπιτελεῖται
1164 3400 1216 3454 ἐν
1269 3403 1350 3471 τῷ
1391 3399 1628 3474 οὐρανῷ,
1661 3396 1880 3472 δευτέρᾳ

216 3489 358 3564 εὐχή
414 3487 696 3566 ἅγγὲλων,
747 3490 903 3563 τρίτῃ
955 3488 1094 3563 εὐχὴ
1148 3493 1392 3558 πτηνῶν,
1465 3487 1692 3562 τετάρτῃ
1737 3486 1876 3561 εὐχὴ

213 3579 713 3652 κτηνῶν,πὲμπτῃ
777 3577 916 3651 εὐχή
976 3578 1206 3652 θηρίων,
1249 3574 1374 3649 ἕκτῃ
1431 3575 1681 3652 ἀγγέλων
1706 3577 1882 3651 παρά-

219 3688 405 3728 στασις
461 3667 552 3721 καὶ
615 3663 884 3740 διάκρισις
930 3669 1110 3736 πάσης
1168 3667 1418 3734 κτίσεως,
1472 3661 1682 3740 ἑϐδόμῃ
1725 3666 1884 3741 ἆγγὲ-

217 3755 330 3810 λων
364 3752 578 3816 εἴσοδος
646 3755 780 3828 πρὸς
834 3755 961 3810 Θεὸν
1016 3757 1107 3808 καὶ
1165 3749 1350 3827 ἔξοδος
1408 3751 1884 3830 ἀγγὲλων,ὀγδόῃ

224 3845 428 3906 α’ίνεσις
479 3845 571 3898 καὶ
629 3845 808 3898 θυσίαι
868 3842 1138 3918 ἀγγέλων,
1199 3843 1384 3918 ἐννάτῃ
1433 3841 1614 3914 δέησις
1661 3843 1748 3898 καὶ
1781 3841 1886 3897 λα-

234 3934 383 4006 τρεία
413 3934 728 4008 ἀνθρώπου,
785 3929 980 4006 δεκάτῃ
1038 3932 1329 3988 ἐπισκοπαὶ
1388 3929 1595 3987 ὑδάτων
1632 3933 1722 3986 καί
1756 3929 1885 4002 δεή-

243 4041 354 4084 σεις
383 4022 643 4096 οὐρανίων
684 4021 774 4076 καὶ
829 4021 1098 4096 ἐπιγείων,
1156 4019 1410 4094 ἑνδεκάτῃ
1439 4020 1884 4095 ἀνθομολόγησις

234 4109 333 4164 καῖ
361 4108 681 4186 ἀγαλλίασις
714 4112 956 4180 πάντων,
989 4108 1268 4185 δωδεκάτῃ
1317 4105 1546 4180 ἔντευξις
1584 4110 1885 4184 ἀνθρώπων

231 4198 310 4262 εἷς
342 4197 614 4261 εὐδοκίας.
644 4197 792 4271 res:
823 4197 1218 4272 ἴννακοσιοστῷ
1236 4203 1544 4275 τριακοστῷ
1567 4197 1672 4254 ἔτει
1706 4195 1886 4271 Ἀδὰμ

228 4286 508 4360 ἐκοιμήθη
565 4290 686 4343 κατ’
739 4287 908 4357 αὐτὴν
960 4295 1060 4357 τῆς
1119 4282 1475 4362 παραϐάσεως
1525 4287 1754 4361 ἡμέραν,
1794 4286 1885 4341 καὶ

228 4377 305 4438 εἷς
352 4377 454 4446 τὴν
512 4383 614 4452 γῆς
669 4375 719 4446 ἐξ
772 4378 838 4445 ἧς
899 4374 1110 4454 ἐλήφθη
1171 4375 1403 4446 ἀπῆλθε,
1437 4375 1764 4451 καταλείψας
1797 4373 1888 4451 ἆβο

228 4467 385 4540 ῥένας
420 4465 571 4527 υἱοὺς
606 4465 692 4542 λγ¹
721 4465 814 4519 καὶ
846 4461 1142 4539 θυγατέρας
1197 4467 1296 4534 κζ’.
1351 4465 1526 4528 Οὗτος
1558 4466 1888 4541 ἡγεμόνευσε

223 4559 324 4609 τοῦ
360 4553 554 4629 γένους
582 4557 689 4608 τῶν
721 4553 1025 4625 ἀνθρώπων
1073 4551 1144 4608 δι’
1193 4551 1331 4624 ὅλης
1380 4555 1550 4609 αὐτοῦ
1581 4561 1680 4624 τῆς
1715 4559 1882 4624 ζωῆς.

1995 1969 2267 2024 Servator
2286 1969 2470 2026 Filius
2493 1988 2626 2027 vere
2648 1973 2933 2040 hominis,
2954 1979 3017 2027 ut
3040 1974 3348 2030 Africanus
3379 1976 3438 2030 in
3471 1981 3643 2032 natu-

1995 2057 2104 2113 rali
2127 2060 2396 2117 oratione
2419 2066 2623 2116 auctor
2643 2067 2752 2116 est.
2777 2063 3004 2117 Enosus
3028 2062 3392 2118 Maleleelem
3415 2065 3640 2138 genuit,

1995 2147 2044 2201 is
2073 2149 2370 2206 Jaredum.
2410 2151 2524 2206 Hoc
2561 2151 2830 2206 Enochus
2864 2153 3146 2209 nascitur.
3199 2151 3470 2210 Enochus
3527 2155 3644 2226 pri-

1994 2253 2126 2293 mus
2153 2238 2359 2294 didicit
2382 2255 2448 2294 ac
2481 2239 2681 2295 docuit
2713 2241 2962 2308 litteras,
2998 2259 3065 2297 ac
3097 2241 3431 2308 divinorum
3480 2260 3644 2300 arca-

1991 2343 2205 2382 norum
2228 2329 2623 2400 patefactione
2651 2331 2864 2402 dignus
2895 2337 2984 2386 est
3004 2331 3260 2396 habitus.
3287 2335 3428 2388 Tum
3452 2334 3648 2405 prima

1992 2417 2456 2488 quingentorum
2488 2419 2731 2490 triginta
2757 2419 3008 2475 duorum
3049 2437 3346 2476 annorum
3405 2423 3639 2480 revolu-

1993 2505 2073 2559 tio
2104 2505 2363 2575 perfecta
2393 2511 2500 2572 est,
2535 2523 2759 2562 annum
2813 2513 3020 2579 agente
3081 2509 3257 2564 Setho
3307 2511 3657 2568 secundum.

1991 2610 2026 2648 a
2098 2595 2538 2661 trecentesimo,
2624 2596 2861 2651 Enocho
2944 2597 3403 2668 nonagesimum
3485 2607 3640 2666 octa-

1993 2698 2151 2738 vum.
3156 2677 3160 2680 ί

2061 2773 2322 2828 Adamus
2375 2775 2805 2831 sexcentesimo
2857 2793 3018 2832 anno
3074 2794 3210 2832 cum
3269 2779 3640 2850 resipuisset,

1990 2861 2382 2931 patefactione
2415 2863 2610 2919 divina
2640 2865 2712 2919 de
2743 2865 3139 2938 Egregoribus
3173 2871 3232 2922 et
3260 2867 3479 2924 diluvio
3501 2868 3642 2923 edo-

1990 2955 2117 3005 ctus
2147 2957 2256 3015 est,
2289 2969 2356 3007 ac
2405 2952 2475 3008 de
2525 2954 2871 3024 pcenitentia
2929 2960 2987 3009 et
3053 2956 3465 3012 incarnatione
3515 2957 3640 3024 Dei,

1990 3043 2165 3110 atque
2223 3039 2295 3095 de
2353 3040 2626 3112 precibus
2687 3060 2817 3113 qua)
2863 3042 2938 3098 ad
2983 3044 3170 3099 Deum
3218 3044 3289 3100 ab
3347 3046 3665 3112 universis.

1989 3131 2277 3184 creaturis
2295 3127 2411 3184 diei
2435 3146 2500 3184 ac
2519 3131 2712 3185 noctis
2756 3131 3005 3203 singulis
3053 3133 3217 3188 horis
3258 3133 3644 3204 perferuntur

1989 3215 2062 3270 ab
2094 3216 2312 3281 Urielo,
2346 3219 2446 3289 qui
2479 3219 2823 3292 angelorum
2855 3220 3133 3292 princeps
3187 3222 3636 3293 (archangelum

1909 3271 1952 3337 δ
1990 3271 2172 3360 (ἔγω-οἰ
2197 3271 2423 3376 vocarit)
2449 3271 2813 3378 pwiiitentiae
2855 3271 3210 3380 praepositus
3262 3315 3370 3365 est.
3414 3271 3526 3366 lives
3556 3311 3639 3365 ita

1989 3392 2195 3448 habet:
2216 3395 2255 3449 l
2269 3393 2314 3448 8
2333 3395 2530 3450 Prima
2547 3394 2662 3450 diei
2677 3396 2822 3450 hora
2834 3413 3038 3467 preces
3053 3402 3416 3469 peraguntur
3428 3399 3634 3470 prima:

1988 3483 2050 3537 in
2081 3483 2249 3553 caelo,
2283 3485 2543 3540 secunda
2569 3502 2778 3557 preces
2822 3486 3192 3560 angelorum,
3252 3489 3424 3544 tertia
3471 3488 3639 3544 volu-

1989 3560 2854 3646 crium,quartajumentorum,
2873 3577 3080 3647 quinta
3095 3577 3441 3634 bestiarum:
3473 3584 3638 3634 sexta

1987 3661 2179 3733 angeli
2203 3663 2508 3730 assistunt,
2533 3679 2860 3734 omnesque
2885 3664 3276 3731 dicernuntur
3308 3672 3592 3722 creaturas
3619 3683 3635 3734 ;

1989 3751 2240 3822 septima
2270 3751 2342 3804 ad
2374 3751 2561 3806 Deum
2592 3753 2787 3825 angeli
2820 3753 3046 3807 intrant
3076 3760 3133 3808 et
3151 3760 3371 3810 exeunt
3395 3773 3409 3822 ;
3432 3761 3636 3811 octava

1989 3839 2250 3893 laudatio
2273 3845 2329 3894 et
2350 3840 2640 3896 sacriﬁcia
2685 3840 3050 3912 angelorum,
3082 3857 3240 3898 nona
3284 3845 3544 3914 precatio
3576 3850 3634 3899 et

1987 3927 2182 3983 cultus
2209 3927 2280 3982 ab
2312 3928 2676 3996 hominibus,
2710 3929 2940 3985 decima
2996 3947 3286 4000 aquarum
3343 3932 3633 4003 inspectio

1989 4033 2314 4088 precesque
2335 4017 2665 4073 cmlestium
2691 4019 3478 4086 etterrestrium,undecima
3500 4037 3638 4078 mu-

1991 4113 2091 4162 tua
2132 4106 2426 4162 confessio
2479 4112 2538 4162 et
2585 4107 2867 4164 exultatio
2930 4108 3222 4174 omnium,
3288 4108 3642 4176 duodecima

1990 4194 2387 4266 interpellatio
2411 4195 2720 4251 hominum
2744 4197 2860 4251 Deo
2885 4197 3415 4269 accepta.Adamus
3432 4198 3644 4254 nonin-

1991 4285 2316 4357 gentesimo
2371 4285 2670 4340 tricesimo
2729 4281 2892 4341 anno
2960 4287 3075 4342 vita
3133 4287 3447 4344 defunctus
3530 4293 3643 4358 est,

1993 4375 2199 4430 eadem
2231 4390 2348 4446 qua
2379 4375 2522 4431 olim
2588 4376 2924 4449 deliquerat
2979 4377 3119 4447 die;
3181 4385 3239 4434 et
3287 4381 3350 4443 in
3401 4387 3642 4448 terram.

1993 4464 2150 4518 unde
2173 4464 2364 4520 fuerat
2395 4465 2766 4538 desumptus,
2791 4481 3060 4522 reversus
3094 4473 3205 4535 est,
3249 4467 3472 4526 relictis
3505 4469 3646 4527 ﬁliis

1994 4554 2082 4618 33,
2109 4553 2346 4608 ﬁliabus
2367 4557 2457 4610 27.
2510 4555 2825 4626 Imperavit
2867 4561 3066 4612 autem
3121 4556 3216 4612 hic
3263 4557 3524 4626 humano
3555 4576 3650 4632 ge:

226 4643 298 4700 Ἥ
337 4640 397 4697 δὲ
453 4643 600 4716 ταφὴ
655 4642 821 4698 αὐτοῦ
878 4644 1015 4697 κατά
1067 4643 1168 4712 τὴν
1229 4648 1335 4698 τῶν
1387 4641 1784 4718 Ἱεροσολύμων
1813 4639 1887 4718 γέ-

2007 4641 2135 4697 neri
2165 4659 2272 4714 per
2302 4648 2485 4698 totam
2519 4660 2686 4699 suam
2714 4646 2910 4699 vitam.
2952 4644 3223 4716 Sepultus
3255 4653 3344 4704 est
3372 4649 3434 4705 in
3492 4629 3652 4706 terra

224 4753 352 4807 γονε
383 4739 514 4806 γῆν,
547 4733 622 4795 ὡς
655 4731 926 4802 Ἰώσηπος
953 4733 1181 4807 ἱστορεῖ.
1240 4735 1332 4805 Τῷ
1391 4731 1540 4805 αὐτῷ
1572 4733 1762 4810 χρόνῳ
1792 4732 1882 4787 καὶ

231 4823 364 4879 Κάϊν
393 4821 646 4892 ἀπέθανε,
674 4821 929 4883 πεσόντος
962 4819 1045 4876 ἐπ’
1093 4821 1255 4876 αὐτὸν
1284 4825 1380 4876 τοῦ
1411 4819 1534 4892 οἶκή
1548 4842 1736 4890 ματος,
1770 4823 1886 4896 μετ’

231 4909 477 4966 ἐνιαυτὸν
504 4907 596 4966 ἕνα
625 4917 724 4981 τῆς
756 4914 853 4965 τοῦ
885 4906 1065 4984 Ἀδὰμ
1093 4910 1373 4980 τελευτῆς.

1996 4731 2553 4804 Hierosolymitana,
2577 4739 2642 4788 ut
2659 4734 2950 4805 Iosephus
2973 4740 3195 4792 narrat.
3225 4735 3444 4802 Eodem
3500 4743 3651 4793 tem-

1996 4837 2137 4892 pore
2205 4821 2421 4876 Cainus
2490 4839 2727 4894 quoque
2797 4822 2963 4891 obiit,
3031 4840 3152 4881 uno
3217 4832 3352 4898 post
3443 4823 3652 4884 Adami

1995 4915 2251 4968 mortem
2285 4928 2463 4980 anno,
2497 4919 2810 4970 corruente
2869 4929 3048 4986 supra
3104 4931 3242 4972 eum
3293 4915 3473 4969 domo
3523 4929 3647 4981 sua,

1431 5028 1794 5086 XYLANDRI
1831 5029 1917 5084 ET
1956 5029 2173 5084 GOARI
2209 5028 2438 5085 NOTAE.

315 5120 430 5190 (25)
459 5121 577 5175 Hoc
603 5120 744 5186 vult,
775 5122 1033 5176 Enosum
1094 5118 1197 5174 Dei
1252 5117 1495 5173 nomine
1525 5118 1893 5190 appellatum

235 5192 452 5263 fuisse.
479 5191 590 5246 Sed
621 5193 864 5263 inepta),
890 5198 1029 5248 sunt
1076 5191 1166 5246 has
1211 5207 1404 5259 nugae,
1440 5193 1498 5244 et
1525 5205 1654 5263 quas
1690 5192 1787 5260 (ne
1822 5190 1894 5245 de

236 5261 530 5316 Hebraica
558 5261 800 5316 veritate
835 5261 1120 5334 dicamus)
1154 5278 1266 5318 usu
1299 5263 1513 5317 Grmca:
1547 5261 1762 5334 linguai
1785 5279 1893 5334 re-

232 5334 553 5389 felluntur.
569 5335 669 5387 Est
687 5335 844 5388 enim
867 5333 1148 5399 medium,
1172 5339 1238 5387 ut
1259 5339 1493 5396 vocant,
1516 5332 1754 5389 verbum
1780 5332 1894 5388 ἐπι.

230 5402 538 5475 καλεομαι,
573 5407 782 5470 invoco,
820 5403 979 5476 quod
1013 5421 1187 5459 nemo
1221 5405 1412 5476 nescit
1442 5405 1554 5459 nisi
1588 5405 1898 5476 quibiblia

235 5479 439 5533 Graeca
469 5493 592 5549 non
625 5476 787 5548 legit.
820 5478 1050 5549 Enosus
1083 5492 1242 5549 ergo,
1267 5475 1593 5549 (μίγα-νηῷ
1621 5477 1897 5534 humanas

233 5549 498 5604 miseriis
529 5548 643 5603 hoc
672 5547 896 5604 nomen
925 5547 1101 5603 habet
1133 5547 1313 5618 (quod
1359 5547 1648 5604 Hebraice
1681 5549 1898 5606 eruditi

230 5627 476 5682 norunt.
511 5627 566 5676 et
601 5619 713 5675 hoc
764 5621 895 5675 loco
949 5617 1358 5675 demonstrare
1415 5619 1897 5691 intempestivum

231 5694 344 5760 est)
377 5692 536 5747 inter
566 5708 666 5747 eas
696 5693 928 5764 primus
962 5691 1022 5745 in
1081 5691 1197 5746 Deo
1227 5706 1392 5762 spem
1426 5707 1594 5747 suam
1634 5694 1899 5766 reposuit

521 5811 784 5872 ΡΑτιιοι..
830 5813 945 5870 Gn.
991 5807 1198 5870 CXXI.

2007 5133 2262 5191 eumque
2323 5117 2553 5174 ﬁduciae
2612 5120 2823 5191 plenus
2877 5122 3186 5178 invocavit.
3247 5123 3426 5191 Porro
3487 5118 3650 5175 locus

2004 5189 2579 5264 videturcorruptus
2599 5189 2629 5246 ε’
2649 5193 2963 5248 manifesto
2992 5193 3232 5264 quidem
3264 5189 3506 5264 falsum
3565 5198 3654 5247 est

2007 5260 2459 5334 Mahalaleelem
2486 5263 2678 5334 fuisse
2700 5265 2873 5319 Enosi
2910 5260 3122 5332 filium,
3181 5263 3353 5334 cujus
3411 5263 3524 5318 fuit
3579 5279 3652 5318 ex

2006 5333 2244 5387 Cenano
2273 5349 2475 5414 nepos.
2523 5333 2688 5414 quod
2748 5336 3018 5414 sequitur
3072 5335 3146 5414 d_e
3197 5333 3414 5402 Urielo,
3463 5336 3656 5414 ambi:

2006 5419 2185 5480 gnum
2203 5405 2480 5480 e_st_isne
2526 5405 2845 5460 Adamum’
2875 5406 3263 5480 docueritan
3319 5423 3525 5480 preces
3580 5405 3655 5480 ad

2011 5476 2191 5554 Deum
2223 5474 2487 5554 deferat;
2520 5492 2702 5554 quam
2743 5493 2855 5554 ego
2913 5474 3384 5554 ambiguitatem;
3419 5478 3654 5554 reliqui.

2010 5546 2177 5601 Prius
2208 5546 2446 5623 probo,_
2477 5548 2617 5623 quia
2659 5546 2892 5623 Urielus
2944 5546 3107 5608 idem
3161 5557 3295 5623 post
3345 5546 3653 5607 Enochum

2009 5635 2244 5689 quoque
2276 5618 2548 5690 quasdam
2581 5619 2854 5678 docuisse
2887 5618 3329 5680 tradituerYL.

3337 5823 3378 5880 2

4084 1419 4085 1446 l

4084 1559 4085 1582 ι

4084 1603 4085 1626 l

4083 1739 4085 1776 ί

4084 1787 4085 1808 ι

4084 1851 4085 1872 ι

4084 1913 4085 1932 ι
