4148 6196
239 361 319 420 45
1387 359 1749 420 HISTORIA
1765 359 1938 421 nUM
1983 341 2538 421 COMPENDIUM.
3585 364 3663 425 4ο

233 491 450 547 τούτων
538 488 830 591 ληρῄμασι
899 491 1264 566 προσέχοντες
1323 489 1568 566 εὐχερῶς
1622 489 1891 565 βλαπτον-

2017 497 2149 564 pter
2205 510 2336 564 quaa
2419 493 2817 567 simpliciores
2895 495 3074 551 etiam
3132 495 3379 569 reliquis
3460 513 3663 554 eorum

229 603 355 638 ται.

316 673 444 726 Ὀτι
474 675 557 742 τῷ
587 672 757 739 αυπη¹
786 667 892 724 ἔτει
922 673 1020 724 τοῦ
1051 671 1262 742 κόσμου
1298 670 1482 744 Ἑνὼχ
1537 669 1794 742 μετετέθη
1855 667 1908 724 ἐν

2016 584 2189 654 nugis
2221 585 2492 640 animum
2526 586 2904 641 attendentes
2935 586 3113 642 facilo
3145 585 3540 658 decipiuntur.

2086 675 2257 728 Anno
2289 674 2500 730 mundi
2561 678 2697 730 1488
2724 676 2996 731 Enochus
3054 677 3116 731 in
3175 676 3518 748 paradisum
3575 682 3664 731 est

234 766 322 832 τῷ
371 757 699 834 παραδείσῳ,
773 763 1102 834 τριακοσίων
1165 761 1428 832 ἑξήκοντα
1483 759 1642 816 πὲντε
1694 760 1891 834 χρόνωι

2015 762 2549 832 translatus,annos
2579 771 2755 820 natus
2784 767 2886 820 365
2915 783 2928 817 :
2962 772 3088 822 erat
3139 767 3298 822 enim
3332 767 3450 821 Deo
3491 782 3659 820 acce-

245 851 558 923 γενόμενος,
584 849 936 925 Εὐηρέστησε
967 855 1046 922 τῷ
1077 853 1222 922 Θεῷ’
1273 873 1296 905 ιε
1329 851 1424 905 Καὶ
1461 849 1568 929 οὐχ
1614 849 1891 924 ηὑρίσκετε

2015 855 2146 920 ptus
2170 867 2186 905 :
2217 851 2262 921 (ι
2295 854 2364 907 Ει
2383 870 2504 908 non
2527 853 3106 926 inveniebatur,quia
3137 855 3289 911 Deus
3313 872 3449 912 eum
3471 859 3661 912 trans-

250 937 390 993 διότι
421 937 708 1011 μετέθηκεν
759 938 920 993 αὐτὸν
948 939 979 994 6
1011 941 1164 1001 Θεός.
1193 962 1220 993 ο

313 1029 428 1082 Ὀτι
494 1028 632 1082 κατᾶ
684 1027 814 1090 τοὺς
872 1026 1207 1104 λεγομένους
1271 1028 1608 1105 γεωμέτρας,
1667 1027 1778 1083 ἐστὶ
1839 1031 1901 1083 τὸ

2013 939 2165 995 tulit.
2204 961 2232 990 )›

2081 1029 2406 1087 Geometras
2435 1031 2683 1088 tradunt
2711 1032 3020 1088 dimidiam
3054 1040 3283 1106 partem
3315 1040 3484 1090 terra;
3523 1051 3655 1106 quas

233 1115 412 1189 ἥμισυ
441 1123 544 1185 τῆς
577 1117 1010 1190 κατοικουμένης
1039 1124 1140 1186 τῆς
1192 1117 1271 1182 εἰς
1301 1116 1364 1172 τὰ
1398 1124 1576 1190 μῆκος
1614 1116 1774 1191 μίλια
1806 1139 1891 1196 χι-

2015 1117 2402 1190 inhabitatur,
2437 1120 2719 1178 milliaria.
2748 1122 2810 1177 in
2839 1121 3081 1195 longum
3112 1123 3433 1179 duodocies
3463 1123 3656 1178 millia

229 1203 424 1266 λιάδες
483 1203 734 1280 δώδεκα,
792 1206 870 1270 εἷς
927 1205 988 1261 δὲ
1041 1206 1103 1261 τὸ
1171 1205 1381 1269 πλάτος
1441 1205 1602 1279 μίλια
1648 1205 1891 1282 χιλιάδες

2015 1213 2230 1278 patere,
2265 1209 2327 1264 in
2368 1209 2556 1266 latum
2594 1211 2878 1267 milliaria
2925 1211 3122 1267 decies
3154 1229 3221 1268 ac
3275 1211 3466 1268 sexies
3517 1212 3655 1268 mil-

230 1291 362 1349 δέκα
381 1290 461 1366 ἓξ.

300 1386 430 1442 Ὅτι
463 1386 528 1439 τὰ
576 1386 677 1460 ὅρη
739 1386 976 1461 ’Δραρὰτ
1032 1384 1184 1459 ἴσμεν
1241 1385 1294 1441 ἐν
1355 1386 1564 1461 Παρθίὰ
1619 1392 1721 1456 τῆς
1778 1387 1900 1460 Ἀρο

2007 1297 2109 1354 lia.

2077 1387 2302 1443 Montes
2333 1389 2542 1444 Ararat
2571 1389 2792 1446 scimus
2825 1391 2886 1446 in
2921 1391 3158 1446 Parthia
3180 1392 3478 1448 Armenias
3500 1408 3650 1448 esse.

229 1472 420 1546 μενίας
453 1477 568 1547 (28)
601 1476 761 1529 εἶναι·
811 1475 956 1538 τινὶς
990 1472 1048 1531 δὲ
1105 1497 1288 1548 φασιν,
1345 1474 1396 1530 ἐν
1447 1474 1736 1537 Κελαιναῖς
1793 1481 1891 1545 τῆς

2015 1473 2251 1540 Quidam
2285 1477 2456 1532 aiunt
2484 1478 2641 1549 apud
2671 1478 2935 1534 Celaenas
2967 1479 3234 1550 Phrygias
3267 1479 3576 1552 oppidum.

228 1563 507 1640 Φρυγίαςρ⁴

302 1655 392 1726 [Ρ.
432 1656 518 1726 11]
547 1656 671 1712 Ὀτι
714 1652 805 1708 ἐπὶ
863 1654 1051 1709 ἑκατὸν
1111 1654 1334 1728 χρόνοις
1397 1653 1711 1724 ἐσκευάζετο
1740 1657 1775 1724 ἡ
1809 1675 1894 1709 κι-

229 1736 432 1808 ϐωτὸς,
464 1740 762 1815 ἐτλῃρώθη
798 1739 854 1796 δὶ
882 1746 964 1814 τῷ
995 1743 1116 1818 ιρςθ’
1157 1736 1263 1797 ἔτει
1315 1746 1414 1812 τῆς
1449 1748 1595 1812 ζωῆς
1622 1747 1718 1797 τοῦ
1743 1745 1892 1811 Νῶε,

2069 1661 2219 1714 Arca
2246 1661 2380 1714 N033
2411 1667 2650 1715 centum
2682 1661 2856 1716 annis
2888 1667 3230 1718 constructa
3261 1662 3649 1733 est,absoluta

1998 1764 2154 1803 anno
2187 1748 2318 1802 vita)
2351 1750 2484 1804 Nom
2517 1766 2634 1807 uno
2658 1749 2730 1805 de
2761 1752 3214 1820 sexcentesimo,
3242 1768 3446 1807 mense
3473 1753 3640 1816 Maio,

227 1831 362 1901 μηνί
395 1851 504 1923 τινι
536 1829 696 1902 Μαΐῳ
733 1838 832 1895 κς’,
893 1830 1077 1907 ἡμέρᾳ
1131 1833 1324 1906 πρώτῃ
1383 1835 1516 1905 (29)·
1553 1833 1580 1886 6
1611 1831 1798 1906 πῆχυς
1830 1829 1888 1888 δὲ

2015 1836 2275 1892 ιὶοεεὶῐῐιει
2307 1843 2469 1893 sexta
2501 1838 2616 1906 die,
2647 1840 2840 1910 prima
2871 1839 3219 1910 septimana:
3250 1839 3365 1895 die.
3400 1840 3646 1896 Cubitus

219 1927 324 1988 τῆς
365 1914 610 1974 κιϐωτοῦ
641 1919 832 1994 ὀργυιὰ
888 1921 1120 1996 μεγίστη
1173 1920 1283 1976 ἔστὶ
1341 1923 1459 1977 κατ’
1529 1921 1882 1998 Αἰγυπτίουςο

226 2012 280 2082 μ’
336 2009 398 2064 δὲ
449 2009 660 2084 ἡμέρας
740 2013 1054 2084 κατήρχετο
1108 2013 1135 2066 6
1200 2013 1354 2076 ὑετὸς
1407 2012 1497 2068 καὶ
1555 2014 1607 2085 μ’
1663 2013 1880 2074 νύκτᾶς.

224 2101 548 2175 Ἀπριλλίῳ
571 2099 795 2180 δὶφηνέ,
815 2102 994 2176 ἡμέρα
1017 2104 1208 2177 πρώτῃ
1229 2110 1328 2172 τῆς
1352 2099 1882 2177 ὲϐδομάδος,ἐξῆλθε

223 2192 350 2248 Νῶε
410 2189 472 2244 ἐκ
525 2197 627 2258 τῆς
685 2185 927 2246 κιϐωτοῦ
961 2233 975 2246 .
1032 2193 1186 2254 Τινὲς
1243 2189 1320 2263 δὲ,
1371 2194 1489 2256 καθ’
1548 2195 1613 2264 ἣν
1672 2196 1882 2268 ἡμέραν

224 2279 483 2349 ἐκλείσθη
517 2284 734 2355 πρῶτον
765 2279 1089 2350 ἡκιϐωτὸς,
1143 2283 1260 2336 κατ’
1314 2281 1480 2350 αὐτὴν
1533 2287 1613 2354 τῷ
1672 2281 1878 2340 ἐπιόντι

223 2375 404 2442 καιρῷ
435 2369 715 2443 ἀνοιγῆναί
763 2391 942 2446 φασιν,
976 2369 1028 2424 ἐν
1059 2375 1138 2442 τῷ
1186 2367 1548 2448 δισχιλιοστῷ
1601 2370 1878 2429 διακοσιο-

228 2463 342 2531 στῷ
370 2461 790 2532 τεσσαρακοστῷ
819 2459 987 2534 τρίτῳ
1025 2454 1130 2515 ἔτει
1159 2467 1260 2530 τῆς
1317 2465 1415 2516 ’τοῦ⁹
1464 2462 1675 2535 κόσμου
1731 2463 1876 2538 γενέ-
1929 2450 1946 2464 ’

229 2568 385 2608 σεως.
421 2547 518 2602 Καὶ
539 2549 726 2611 Θυσίας
754 2548 1046 2623 προσάγων
1073 2553 1152 2619 τῷ
1196 2554 1341 2622 Θεῷε
1399 2550 1622 2606 ἴκετεύει
1685 2551 1877 2625 μηκέτι

231 2643 413 2692 ποιεῖν
444 2637 800 2711 κατακυσμόν.
863 2637 1300 2713 ’Δποδεξάμενος
1353 2640 1446 2694 οὗν
1507 2643 1534 2696 6
1593 2642 1721 2702 Θεὸς
1778 2644 1880 2711 τήν

231 2730 335 2779 τοῦ
385 2722 568 2799 ἀνδρὸς
600 2725 795 2798 ἀρετὴν
857 2728 1123 2802 ὑπέσχετο
1172 2734 1358 2801 τοῦτο,
1385 2736 1618 2804 σημεῖον
1675 2732 1878 2794 ἒπιθείς

230 2815 296 2869 τὸ
325 2815 482 2884 τόξον
504 2821 601 2883 τῆς
631 2812 827 2890 ἴριδος·

294 2904 420 2960 Ὅτι
453 2903 481 2956 6
512 2907 631 2957 Νῶε
655 2903 957 2978 Ξίσουθρος
987 2907 1131 2982 παρᾶ
1159 2905 1454 2970 Χαλδαίοις
1487 2907 1722 2983 ἰλέγετο.

293 2993 419 3049 Ὀτι
459 2993 568 3063 πρὸ
598 2996 695 3046 τοῦ
743 2992 1134 3068 κατακλυσμοῦ
1164 2994 1288 3051 οὔτε
1317 2991 1467 3058 ἔθνος
1497 2998 1562 3066 ἦν
1624 2996 1747 3052 οὔτε
1789 2999 1881 3071 βα-

227 3081 429 3136 σιλεία·
465 3079 600 3134 ἐτῶν
658 3077 715 3134 δὶ
761 3082 1018 3157 περίοδος
1077 3085 1166 3154 ἦν.
1229 3081 1544 3161 Περιέχεται
1605 3084 1663 3140 δὶ
1717 3085 1768 3140 ἐν
1801 3088 1880 3156 τῷ

229 3165 442 3246 βιϐλίῳ
469 3173 578 3224 τῶν
625 3169 985 3251 ’Λποκρύιρων
1020 3173 1198 3250 Ἑνὼχ
1229 3173 1312 3228 ὅτι
1345 3172 1557 3251 Οὐριήλ
1591 3175 1619 3229 ὁ
1650 3171 1881 3250 ἅγγελος

225 3260 473 3332 ἐμήνυσε
538 3262 621 3328 τῷ
667 3259 849 3337 Ἑνὼχ
883 3306 898 3330 ,
969 3263 1021 3317 τί
1078 3263 1189 3319 ἐστι
1252 3264 1346 3336 μὶν
1399 3265 1489 3319 καί
1544 3265 1722 3339 τροπὴ
1789 3263 1879 3318 καὶ

226 3349 500 3413 ἐνιαυτὸς,
533 3347 623 3402 καὶ
652 3346 743 3401 τὸν
772 3347 1008 3406 ἐνιαυτὸν
1040 3349 1190 3428 ἒχειν
1222 3353 1303 3426 νβ’
1333 3346 1663 3425 ἑϐδομάδας.

298 3535 420 3589 ⁶Οτι
452 3535 486 3605 ἡ
522 3534 803 3610 Αἴγυπτος
849 3537 952 3590 ὑπὸ
993 3539 1089 3590 τοῦ
1139 3535 1412 3609 Μεστρὶμ,
1469 3538 1566 3588 τοῦ
1626 3531 1882 3608 δευτέρου

223 3624 351 3678 υἱοῦ
394 3624 523 3697 Χὰμ
571 3628 708 3681 κατὰ
738 3627 836 3695 τήν
866 3631 1102 3701 Γραφην,
1157 3626 1305 3689 θείου
1364 3624 1422 3679 δὲ
1477 3628 1573 3679 τοῦ
1628 3619 1883 3698 Νεϐρὼδ,

219 3713 349 3766 υἱοῦ
408 3717 578 3784 Χοῦς,
626 3716 747 3770 υἱοῦ
804 3715 930 3786 Χὰμ.
984 3717 1081 3770 τοῦ
1146 3715 1388 3788 πρώτου,
1439 3712 1741 3777 οἰκισθεῖσα
1792 3712 1882 3767 καὶ

227 3801 622 3877 βασιλευθεῖσα
659 3800 762 3865 ἕως
815 3800 973 3858 τοῦδε
1025 3803 1152 3877 παρ’
1209 3797 1484 3876 Ἑϐραίοις
1541 3803 1630 3857 καὶ
1688 3802 1887 3876 Σύροις

223 3892 320 3945 καὶ
351 3893 557 3968 Ἄραψι
585 3893 847 3968 Νεστραία
879 3889 1143 3948 καλεῖται.

309 3981 438 4036 Ὀτι
464 3986 540 4054 τῷ
570 3980 938 4060 δισχιλιοστῷ
979 3977 1304 4052 διακοσιστῷ
1359 3985 1711 4052 πεντηκοστῷ
1739 3980 1887 4054 πρώ-

230 4088 322 4139 τῳ
386 4065 490 4123 ἔτει
535 4071 658 4126 Νῶε
714 4069 1000 4150 ἐφύτευσεν
1052 4068 1351 4139 ἀμπελῶνα
1398 4067 1452 4122 ἐν
1505 4064 1619 4145 ὄρει
1673 4063 1883 4122 Λουϐἆν

224 4163 337 4226 τῆς
373 4159 674 4232 Ἀρμενίας,
707 4159 872 4223 θύσας
903 4178 962 4214 τε
991 4162 1068 4230 τῷ
1097 4162 1215 4231 Θεῷ
1245 4157 1334 4212 καὶ
1364 4157 1504 4212 πιὼν
1561 4157 1707 4212 οἶνον
1756 4155 1886 4232 ἐγυ-

235 4246 462 4319 μνώθη.

301 4336 431 4392 ιὈτι
493 4337 924 4411 ἡγεμονεύοντος
981 4331 1210 4410 Νεϐρὼδ
1259 4335 1481 4407 ἐκτίσθη
1539 4337 1574 4405 ἡ
1626 4330 1892 4392 Βαϐυλὼν

1912 3226 1960 3291 C

1997 1932 2194 1982 autem
2227 1943 2343 1998 quo
2377 1944 2509 1983 eam
2541 1945 2784 1983 mensus
2815 1935 2923 1997 est,
2951 1930 3209 1984 maxima
3240 1935 3329 1984 est
3362 1930 3642 2002 Egyptiis

1993 2017 2156 2072 ulna.
2185 2017 2278 2073 2|
2318 2017 2718 2090 Quadraginta
2748 2017 2874 2073 dies
2907 2017 3264 2089 totidemque
3286 2023 3490 2074 noctes
3506 2017 3638 2089 plu-

1993 2108 2085 2162 via
2115 2107 2356 2164 decidit.
2389 2109 2588 2164 Prima
2619 2109 2714 2164 die
2765 2106 3112 2180 septimanae
3145 2110 3370 2165 mensis
3417 2108 3636 2181 Aprilis

1991 2199 2112 2252 Noa
2143 2214 2414 2269 egressus
2443 2203 2535 2253 est
2565 2215 2635 2253 ex
2665 2214 2820 2254 arca.
2855 2199 3104 2264 Quidam
3139 2199 3345 2256 eadem
3377 2198 3472 2254 die
3515 2214 3634 2270 qua

1990 2292 2126 2342 ante
2153 2304 2376 2343 annum
2406 2289 2608 2344 clausa
2636 2289 2848 2354 fuerat,
2887 2294 3153 2360 apertam
3211 2306 3410 2345 arcam
3469 2305 3629 2344 asse-

1987 2383 2312 2446 runt,anno
2344 2378 2416 2433 ab
2448 2379 2674 2450 origine
2715 2377 2922 2435 mundi
2955 2380 3263 2434 2243.Tum
3296 2379 3416 2434 Noa
3446 2379 3631 2433 Deum

1989 2484 2053 2522 re
2085 2484 2252 2522 sacra
2281 2469 2434 2523 facta
2464 2468 2816 2539 deprecatus
2850 2473 2940 2522 est
2963 2485 3036 2522 ne
3066 2469 3312 2538 posthac
3343 2466 3629 2522 diluvium

1990 2561 2161 2610 terras
2184 2555 2820 2613 immitteret.Probans
2843 2561 3042 2610 autem
3065 2556 3218 2610 Deus
3233 2555 3492 2610 hominis
3508 2555 3637 2626 ejus

1988 2644 2376 2713 virtutem,ita
2405 2645 2530 2699 fore
2560 2642 2858 2715 pollicitus
2890 2648 3248 2710 est,tesseras
3277 2643 3407 2698 loco
3434 2659 3638 2698 arcum

1991 2733 2093 2804 qui
2124 2734 2230 2788 Iris
2260 2733 2479 2788 dicitur
2508 2733 2900 2789 constituens.

2064 2908 2185 2961 Noa
2215 2904 2507 2961 Chaldaeis
2539 2904 2820 2960 Xisuther
2849 2903 3046 2960 dictus
3077 2905 3210 2962 fuit.

2062 2998 2209 3051 Ante
2241 2995 2526 3050 diluvium
2556 3010 2750 3065 neque
2794 3010 2940 3066 gens
2978 2994 3103 3049 ulla
3145 2994 3258 3048 fuit
3309 3011 3503 3066 neque
3552 3011 3640 3049 re-

1990 3099 2494 3157 gnum,annorum
2529 3089 2726 3138 autem
2753 3083 3025 3138 circuitio
3058 3088 3202 3138 erat.
3240 3083 3306 3140 In
3341 3083 3495 3139 libro
3529 3086 3638 3140 0c-

1992 3174 2286 3230 cultorum
2317 3173 2538 3228 Enochi
2568 3173 2907 3228 continetur
2928 3172 3506 3243 scriptum,Urielum
3531 3189 3631 3228 an-

1991 3263 2189 3337 gelum
2243 3261 2485 3318 Enocho
2543 3261 2839 3318 indicasse
2888 3261 3030 3331 quid
3082 3262 3302 3316 mensis
3353 3261 3449 3326 sit,
3491 3261 3635 3332 quid

1993 3352 2486 3422 solstitium,quid
2525 3368 2718 3408 annus
2745 3368 2758 3416 ;
2791 3367 2857 3406 ac
2890 3367 3113 3407 annum
3146 3351 3386 3423 quidem
3409 3353 3632 3409 520011-

1992 3448 2149 3498 stare
2181 3442 2550 3514 septimanis.

2064 3533 2342 3603 Egyptus
2363 3547 2397 3586 a
2420 3531 2997 3597 Mezromo,secundo
3015 3531 3220 3587 Chami
3237 3531 3358 3586 lilio
3379 3533 3640 3602 (auctore

1995 3621 2559 3693 Scriptura),patruo
2577 3627 2777 3676 autem
2791 3620 3069 3675 Nemrodi
3102 3625 3263 3688 (nam
3286 3622 3337 3675 is
3359 3621 3642 3687 Chusum,

1994 3711 2094 3781 qui
2129 3711 2358 3781 primus
2389 3709 2595 3764 Chami
2628 3709 2786 3763 {ilius
2815 3709 3182 3780 fuit,patrem
3212 3708 3444 3780 habuit)
3483 3707 3644 3767 culta

1995 3816 2061 3854 ac
2086 3804 2330 3870 regnata
2353 3798 2422 3852 ad
2448 3799 2573 3852 haec
2596 3814 2785 3868 usque
2805 3803 3076 3868 tempora
3098 3798 3172 3853 ad
3193 3796 3642 3868 Hebrwis,Syris

1996 3895 2054 3944 et
2081 3887 2374 3943 Arabibus
2408 3888 2646 3941 Mezraaa
2675 3886 3039 3941 nominatur.

2067 3981 2191 4032 Noa
2220 3976 2311 4030 bis
2339 3974 2661 4030 millesimo
2693 3973 3101 4029 ducentesimo
3147 3971 3639 4044 quinquagesimo

1996 4066 2190 4138 primo
2221 4081 2377 4120 anno
2409 4064 2640 4119 vineam
2663 4061 2950 4135 plantavit
2980 4062 3042 4117 in
3076 4061 3312 4118 Lubano
3343 4059 3640 4118 Armenia:

1996 4160 2198 4212 monte
2222 4169 2236 4220 ;
2269 4170 2524 4226 cumque
2543 4154 2660 4208 Deo
2683 4168 2810 4208 rem
2835 4168 3066 4208 sacram
3085 4151 3324 4208 fecisset
3350 4167 3417 4208 ac
3438 4151 3642 4205 vinum

1998 4245 2267 4312 bibisset,
2300 4244 2497 4300 nudus
2519 4243 2730 4316 jacuit.

2072 4333 2365 4390 Nemrodo
2390 4333 2721 4404 imperante
2741 4331 3004 4404 Babylon
3026 4331 3317 4389 aedificata
3341 4335 3433 4388 est
3449 4335 3508 4387 et
3527 4334 3648 4386 tur-

1440 4434 1802 4491 XYLANDRI
1840 4435 1926 4488 ET
1965 4431 2178 4488 GOARI
2221 4431 2440 4488 NOTAE.

305 4551 631 4634 (28)"Alils
655 4623 668 4634 _
706 4552 1064 4634 apocryphis
1141 4557 1379 4608 auctore
1434 4551 1682 4634 relatis
1719 4551 1890 4634 venia

2015 4541 2259 4634 ἲάτηριον
2434 4544 2526 4599 τὸν
2584 4543 2751 4599 τόπον
2811 4541 3092 4634 καλεῖρραι
3150 4549 3268 4634 τοῖς
3332 4543 3647 4634 ’Δρμινίοές

229 4622 600 4690 ἀαωίιίεοᾶι
655 4622 763 4678 hoc
792 4641 862 4680 ex
892 4622 1288 4680 A‘rmenorum
1332 4623 1569 4695 scriptis
1621 4622 1892 4695 historiis

230 4703 294 4751 et
323 4697 592 4768 paternis
626 4695 1044 4768 traditionibus
1075 4695 1419 4768 adjungere.
1457 4694 1669 4768 ’Jacoh
1701 4696 1890 4768 Maus-

231 4783 434 4892 ponoe
467 4767 822 4822 catholicum
845 4767 952 4838 (ita
979 4765 1633 4849 vocantpatriarcham)
1657 4765 1895 4848 impulit

257 4839 424 4892 lbldo
456 4839 530 4892 ad
571 4852 916 4892 supremum
972 4846 1268 4892 montium
1326 4841 1536 4892 Ararat
1591 4843 1892 4892 verticem.

257 4839 424 4893 ibido
456 4839 530 4894 ad
571 4852 916 4910 supremum
972 4838 1268 4894 montium
1326 4841 1536 4894 Ararat
1591 4838 1892 4902 verticem,

233 4910 449 4982 Hassis
490 4910 736 4977 dictum,
780 4911 1112 4982 proﬁcisci.
1172 4917 1238 4965 ut
1280 4911 1572 4965 curiosius
1629 4910 1894 4982 inspecto

235 4981 466 5054 locoret
495 4982 730 5054 generis
777 4981 1022 5054 humani
1083 4984 1198 5036 Deo
1257 4987 1597 5054 reparatore
1626 4981 1894 5054 adorato,

240 5069 316 5107 ex
349 5053 554 5107 diluvii
587 5053 856 5124 reliquiis
887 5053 1106 5122 (arcam
1154 5053 1339 5108 enim'
1370 5055 1587 5109 Noeam
1619 5053 1777 5124 inter
1805 5053 1899 5106 ni-

235 5125 402 5196 vium
454 5123 761 5196 aggeratos
819 5125 1092 5196 cumulos
1149 5124 1228 5178 ibi
1270 5141 1592 5196 superesse
1650 5123 1901 5179 credunt

239 5141 402 5178 num
454 5141 761 5196 ag’eratos
819 5141 1092 5179 cumulos
1149 5141 1228 5178 ιοι
1281 5141 1592 5196 superesse
1650 5141 1897 5179 credunt

239 5195 487 5268 accolas)
517 5141 914 5268 augmentum
948 5195 1117 5268 ligni,
1151 5195 1227 5268 sig
1250 5194 1510 5258 daretur,
1544 5199 1897 5267 asportaret.

240 5267 361 5322 lter
405 5265 739 5339 aggresius,
769 5283 802 5321 a
835 5265 1039 5321 Massi's
1085 5265 1320 5339 vesticis
1377 5265 1629 5339 accessu
1677 5272 1903 5323 secreta

237 5337 831 5410 virtuteﬁ'repulsus,
921 5337 1196 5410 precibus
1277 5338 1446 5410 fusis,
1503 5339 1900 5410 fragmentum

241 5409 402 5481 quod
444 5408 749 5481 optaverat
804 5408 1120 5481 Dei’dono
1168 5409 1411 5480 recepit,
1469 5408 1628 5481 quod
1681 5411 1741 5464 in
1795 5427 1905 5481 op-

237 5480 378 5553 pido
412 5480 626 5553 Aquiri
661 5481 736 5536 ad
769 5483 988 5536 montis
1021 5480 1254 5537 radices
1280 5481 1392 5536 sito
1425 5480 1753 5553 repositum
1787 5480 1901 5534 Ar-

239 5554 405 5610 meni
453 5553 828 5624 frequentius
885 5553 1172 5622 invisunt,
1195 5557 1255 5608 et
1285 5569 1468 5624 penes
1500 5569 1585 5616 se,
1618 5553 1902 5624 utiaiunt,

240 5571 405 5610 mem
453 5571 538 5609 ire
586 5571 828 5608 uennus
885 5571 1172 5622 invisum,
1195 5571 1255 5608 et
1285 5571 1468 5624 penes
1500 5571 1585 5616 se,
1618 5571 1682 5607 ut
1713 5571 1902 5618 aiunt,

240 5571 789 5698 asservantclignum
805 5639 925 5698 quo
943 5626 1098 5698 Deus
1111 5625 1356 5680 humani
1370 5625 1605 5698 generis
1619 5623 1906 5698 reliquias

234 5697 417 5769 jussit
452 5695 716 5769 quodam
739 5695 811 5751 ab
829 5695 1015 5753 exitio
1039 5695 1406 5769 prmservari’.
1441 5697 1732 5754 Zonaras:
1766 5695 1905 5749 ἀπο-

2005 4613 2167 4694 φησὶν
2229 4617 2256 4670 ὁ
2306 4616 2614 4686 Ἰώσηππος
2652 4659 2666 4684 ,
2742 4617 2828 4669 καὶ
2904 4615 3126 4691 λείψανα
3187 4613 3490 4672 δείκνυσθαι
3546 4622 3646 4686 τῆς

2000 4688 2270 4745 λόονακος
2303 4686 2432 4742 ἒκεῖ.
2468 4689 2643 4744 GOAR.

2041 4705 2270 4749 ορνακος
2303 4705 2389 4741 εκε
2399 4709 2432 4742 ι.
2468 4705 2643 4744 UOAR.

2077 4709 2270 4762 ρνακος
2303 4709 2432 4742 εκει.
2468 4709 2643 4744 UOAR.

2077 4764 2184 4830 (29)
2200 4760 2347 4814 Nimi
2359 4776 2486 4816 rum
2497 4765 2595 4826 τῆς
2611 4753 3102 4832 ἑϐδομάδοςῴιιιοὰ
3117 4759 3271 4832 infra
3283 4774 3644 4832 expressum,

2077 4777 3643 4885 (xv)mmtrumr-qceooopaoocquoamiraexpressum,

2003 4834 2100 4889 hic
2131 4833 2619 4887 omiserat.Porro
2640 4847 2865 4886 annum
2895 4831 2954 4885 di
2985 4833 3101 4886 uvii
3120 4831 3192 4886 ab
3224 4833 3393 4886 initio
3418 4830 3643 4888 mundi.

2005 4903 2282 4961 eumdem
2310 4903 2488 4958 habet
2507 4903 2892 4974 Nicephorus.
2909 4903 3022 4959 Sed
3042 4903 3361 4958 Hebraicus
3383 4897 3643 4974 calculus

2008 4976 2186 5032 habet
2220 4977 2558 5045 l656,quem
2573 4971 2728 5029 docti
2747 4971 3643 5045 sequuntur.Clemens_A_leran-

2007 5049 2215 5104 drinus
2245 5040 2434 5101 annos
2464 5047 2536 5101 ab
2568 5046 2794 5101 Adamo
2824 5040 2976 5100 facto
3008 5061 3196 5115 usque
3226 5045 3298 5099 ad
3357 5040 3645 5115 diluvium

2008 5118 2151 5174 2142
2177 5123 2236 5172 et
2263 5120 2296 5172 4
2354 5117 2480 5173 dies
2512 5123 2805 5182 numerat,
2849 5116 2886 5170 l.
2947 5111 3208 5171 istrom.
3253 5113 3417 5180 Quod
3469 5111 3646 5182 paulo

2009 5196 2143 5264 post
2168 5190 2471 5264 sequitur:
2495 5190 2673 5264 Noam
2706 5205 2740 5244 a
2760 5187 3072 5264 phaldaais
3089 5187 3271 5241 fuisse
3303 5186 3649 5264 Xisuthrum

2011 5255 2398 5334 appellatum,
2433 5260 2722 5315 Eusebius
2751 5263 2996 5328 Praepar.
3033 5259 3235 5326 Evang.
3268 5275 3325 5312 IX
3380 5255 3650 5330 Abydeni

2010 5333 2310 5390 Assvriam
2334 5333 2645 5388 historiam
2669 5332 2830 5390 citat.
2864 5331 2925 5383 in
2951 5345 3066 5390 qua
3098 5329 3385 5385 Seisither
3415 5328 3650 5390 dicitur,

2010 5345 2310 5405 Assyriam
2335 5345 2645 5388 historiam
2669 5345 2830 5392 citat,
2864 5346 2925 5383 in
2951 5345 3066 5400 qua
3098 5345 3385 5385 beisnner
3415 5345 3653 5393 dicitur,

2010 5403 2307 5483 ζείσιθρος,
2346 5403 2454 5483 ἷοῇ
2511 5404 2844 5483 (ᾇτεοοοοξω
2901 5400 2958 5483 b:
2992 5401 3281 5482 Caeterum
3339 5417 3446 5473 pro
3479 5419 3538 5453 στ
3597 5400 3658 5483 in

2013 5472 2291 5532 Mestrom
2323 5482 2382 5530 et
2406 5478 2691 5542 Mestraaa,
2709 5472 2767 5528 id
2800 5472 2958 5544 quod
2991 5472 3302 5544 perspicue
3333 5472 3538 5528 verum
3572 5476 3664 5544 est

2013 5553 2276 5616 secutus,
2312 5552 2340 5616 ζ
2371 5547 2580 5620 posui;
2614 5540 2729 5602 nisi
2776 5540 2909 5617 quis
2947 5540 3203 5615 a'malit,
3253 5551 3320 5601 ut
3370 5550 3461 5601 est
3507 5540 3664 5614 apud

2013 5623 2324 5677 Zonaram.
2355 5621 2488 5674 XVL.
