4148 6196
261 334 339 391 ιθ
1390 326 1935 390 HlSTOHIARUM
1983 324 2534 391 COMPENDIUM.
3570 316 3577 321 ”
3620 338 3701 401 50

259 462 415 524 λείας
450 462 535 535 [Ρ.
576 465 634 517 ii
666 462 722 535 b]
756 457 1056 516 Χαλδαίων
1084 459 1210 529 ἤτοι
1264 455 1639 517 Βαϐυλωνίων
1697 456 1787 514 διὰ
1828 461 1919 516 Νε-

2040 461 2277 517 nierum
2293 478 2536 535 regnum
2550 464 2891 522 institutum
2900 465 3296 524 fuisse.Aiunt
3308 470 3500 528 solum
3517 472 3718 530 Hebe-‘

266 547 442 628 ὄρώδ.
466 551 609 605 Φασί
642 546 701 605 δὲ
730 550 815 605 δτι
850 548 1016 623 μόνος
1044 550 1073 603 6
1099 544 1265 623 Ἔϐερ
1305 549 1333 604 6
1382 553 1483 604 τοῦ
1533 546 1722 604 Φάλεκ
1750 551 1932 624 πατὴρ

271 642 336 697 οὗ
371 641 623 705 συνεθετο
649 643 719 713 τῇ
744 640 935 714 πράξει
961 645 1062 710 τῆς
1119 657 1488 714 ⁴ιιυργοιιςοιας·
1523 635 1610 693 διὸ
1659 638 1773 707 καὶ,
1831 645 1933 709 τῆς

274 736 390 787 τῶν
452 728 633 786 ἄλλων
692 732 883 806 φωνῆς
940 726 1317 803 συγχεθείσης,
1372 728 1407 797 ἦ
1457 731 1555 782 τοῦ
1612 722 1777 802 Ἔϐερ
1835 727 1935 782 οὐκ

280 819 557 876 ἀπώλετο.
592 818 738 889 Αὕτη
778 815 835 873 δὲ
897 816 1043 873 ἐστιν
1191 818 1282 872 καὶ
1340 813 1519 890 Ἀδὰμ
1576 814 1782 872 ἐλάλεν
1845 816 1933 872 καὶ

281 911 482 980 ταύτην
510 910 563 963 οἱ
610 912 800 963 τοῦτον
844 903 1217 981 διαδεξάμενοι
1274 904 1540 981 ἀπόγονοι
1578 926 1933 981 πατρωνυμι·

278 1005 390 1060 κῶς
418 998 643 1060 ἑαυτοὺς
674 992 965 1075 Ἐϐραίους
1006 995 1458 1073 προσηγόρευσαν
1524 995 1616 1051 καὶ
1671 991 1934 1071 Ἐϐραῗδα

268 1090 372 1157 τήν
430 1089 625 1167 φωνὴν
682 1084 964 1143 ἐκάλεσαν.
1046 1088 1363 1161 Τεκμηριον
1416 1083 1477 1141 δὲ
1529 1085 1734 1153 ταύτην
1791 1087 1931 1141 εῖναι

264 1182 370 1248 τὴν
404 1178 513 1252 πρὸ
542 1185 645 1247 τῆς
677 1178 999 1256 συγχύσεως
1029 1177 1217 1254 φωνὴν
1260 1176 1327 1232 τὰ
1356 1180 1466 1232 τῶν
1523 1175 1777 1231 παλαιῶν
1808 1175 1929 1231 ὀνό-

270 1289 438 1343 ματαο
462 1266 549 1342 ἐφ’
568 1267 646 1321 ῶν
677 1278 781 1341 γάρ
803 1266 920 1322 κατ’
941 1262 1202 1338 οὐδεμίαν
1224 1263 1479 1339 γλῶσσάν
1499 1263 1610 1319 ἐστι
1640 1264 1702 1319 τὸ
1735 1285 1934 1337 σημαι-

262 1358 502 1429 νόμενον
534 1354 909 1425 ἐπιλύσασθαι,
948 1355 1067 1410 κατ’
1096 1354 1265 1422 αὐτὴν
1292 1353 1357 1408 τὸ
1390 1352 1723 1425 ζητούμενον
1754 1353 1931 1428 ἑρμη-

261 1446 496 1502 νεύεταγ
530 1445 646 1500 οἷον
679 1442 856 1517 Ἀδὰμ
879 1444 1000 1499 καθ’
1031 1442 1212 1517 ἑτέραν
1249 1441 1344 1514 μὶν
1365 1438 1625 1514 οὐδεμίαν
1649 1442 1834 1521 φωνήν
1867 1441 1929 1496 τὸ

268 1531 619 1609 δηλούμενον
672 1532 995 1609 εὑρίσκεται.
1071 1532 1210 1586 κατὰ
1277 1527 1339 1585 δὲ
1390 1528 1592 1600 ταύτην
1639 1527 1928 1605 ἄνθρωπος

267 1622 652 1697 ὶρμηνεύεται·
700 1621 791 1677 καὶ
857 1623 893 1691 ἡ
953 1624 1051 1675 τοῦ
1117 1620 1245 1676 Νῶε
1298 1619 1642 1693 προσηγορία
1717 1616 1924 1673 δικαιο-

2044 551 2444 619 rum,Phaleci
2475 554 2796 625 patrem,in
2828 554 3329 613 substructionem
3358 560 3537 617 turris
3568 579 3689 621 non

2041 642 2439 698 consensisse:
2454 643 2655 714 itaque
2668 644 3243 716 etiam,reliquorum
3258 646 3477 721 linguis
3487 652 3691 707 confu-

2043 729 2363 797 sis,Heberi
2376 734 3246 806 sermointegerpermansit.Ba
3258 736 3558 810 estlingua
3570 757 3689 812 qua

2044 820 2304 875 Adamus
2325 838 2470 877 usus
2486 823 2635 888 fuit;
2669 828 2728 878 et
2755 823 2826 879 ab
2847 824 2957 880 hoc
2982 828 3202 897 posteri
3227 827 3439 884 Heberi
3459 846 3523 884 se
3547 847 3689 903 gen-

2041 909 2218 965 tilitio
2245 909 2487 966 nomine
2519 912 2795 967 Hebraeos
2814 930 2883 968 ac
2906 914 3166 987 linguam
3199 916 3545 975 Hebraicam
3566 937 3683 976 no-

2040 999 2435 1056 minaverunt.
2456 1001 2662 1057 Fuisse
2680 1002 2831 1058 hanc
2847 1002 3111 1075 linguam
3127 1010 3264 1061 ante
3278 1006 3683 1065 confusionem

2042 1093 2202 1143 certo
2234 1088 2504 1145 indicant
2531 1095 2795 1146 veterum
2825 1092 3096 1161 nomina,
3119 1110 3249 1165 quae
3280 1094 3425 1166 quid
3455 1098 3685 1171 signifi-

2042 1182 2323 1233 centcum
2335 1178 2503 1234 nulla
2522 1178 2641 1235 alia
2664 1179 2867 1253 lingua
2884 1182 3163 1253 explicari
3184 1184 3685 1254 possit,Hebraica

2040 1264 2246 1339 lingua
2296 1267 2850 1339 interpretationem
2905 1271 3183 1343 suggerit.
3250 1273 3421 1328 Verbi
3473 1277 3681 1347 gratia,

2038 1355 2300 1412 Adamus
2318 1356 2482 1413 nullo
2502 1358 2619 1413 alio
2636 1374 2912 1415 sermone
2925 1360 3566 1432 quidquam,Hebraica
3579 1381 3701 1421 au-‘

2039 1449 2157 1499 tem
2198 1445 2505 1501 hominem
2536 1447 2636 1503 28
2668 1452 2856 1503 notat.
2890 1449 2984 1505 Sic
3022 1452 3145 1506 Noa
3173 1451 3492 1523 justitiam,
3526 1454 3682 1511 Chus

2037 1531 2388 1603 Ethiopem,
2422 1534 2747 1590 Mezromus
2774 1536 3104 1607 Egyptum,
3132 1539 3423 1596 Phalecus
3450 1541 3684 1598 divisio-

2036 1637 2196 1688 nem,
2232 1621 2493 1694 Babylon
2524 1622 2955 1681 confusionem.

264 1713 433 1781 σόνην
519 1711 798 1785 σημαίνει,
849 1710 941 1766 καί
998 1707 1145 1772 Χοὺς
1201 1707 1403 1783 Αἰθίοψ
1434 1751 1449 1778 ,
1504 1709 1597 1763 καὶ
1674 1708 1931 1784 Μεστρὶμ
1990 1706 2280 1784 Αἴγυπτος,
2334 1710 2424 1764 καὶ
2484 1709 2673 1766 Φαλὶκ
2727 1713 3013 1787 μερισμὸς,
3071 1713 3163 1769 καὶ
3210 1710 3476 1772 Βαϐυλὼν
3539 1716 3667 1795 σύγ-

270 1822 458 1878 χυσις.

333 1902 463 1955 "Oti
530 1900 667 1974 μετᾶ
721 1899 816 1954 τὸν
870 1895 1256 1971 κατακλυσμὸν
1311 1892 1416 1959 ἕως
1472 1903 1574 1966 τῆς
1625 1894 1919 1970 διασπορᾶς

2100 1901 2149 1954 Α
2178 1898 2401 1955 diluvio
2431 1916 2621 1972 usque
2652 1901 2726 1957 ad
2756 1900 3188 1975 dispersiouem
3212 1907 3443 1959 tantum
3464 1905 3525 1961 hi
3556 1910 3679 1962 tres

264 1989 429 2062 μόνοι
460 1990 515 2044 οἰ
542 1993 690 2063 τρεῖς
717 1989 995 2064 ἡγήσαντο
1050 1990 1159 2042 τῶν
1214 1984 1442 2042 πολλῶν
1486 1979 1747 2051 εὐσεϐῶς,
1781 1989 1922 2053 Νῶε,

260 2079 394 2149 Σήμ
423 2078 515 2132 καὶ
555 2074 830 2154 Ἀρφαξάδ
862 2077 890 2130 6
918 2074 1035 2137 υἱὸς
1063 2079 1160 2131 τοῦ
1202 2075 1355 2147 Σήμ,
1396 2068 1492 2145 ἔτη
1526 2070 1668 2152 φλδ’.
1697 2077 1807 2132 Τοῦ
1868 2071 1925 2129 δὶ

258 2166 475 2238 κόσμου
507 2162 626 2226 ἔτος
657 2168 725 2235 ἦν
769 2166 947 2239 βψος”
1008 2169 1088 2236 τῷ
1138 2165 1244 2239 γὰρ
1484 2157 1588 2218 ἔτει
1617 2163 1707 2219 καὶ
1737 2164 1864 2219 Νῶε
1895 2162 1924 2217 6

261 2254 479 2317 δίκαιος
510 2255 808 2329 ἐκοιμήθη,
852 2251 928 2309 ὢν
978 2251 1112 2308 ἐτῶν
1176 2251 1503 2309 ἐννακοσίων
1562 2253 1920 2323 πεντήκοντα.

258 2352 384 2401 Τῶν
418 2343 476 2400 δὲ
533 2342 659 2424 φλδ¹
709 2343 921 2423 χρόνων
952 2341 1239 2419 ὁάριθμός
1287 2342 1465 2406 οὗτος*
1520 2346 1641 2399 Νῶε
1666 2342 1736 2396 τὰ
1790 2342 1926 2415 μετὰ

262 2436 356 2491 τὸν
386 2433 772 2507 κατακλυσμὸν
815 2431 909 2504 ἔτη
949 2440 1048 2503 τν¹,
1097 2433 1224 2506 Σήμ
1252 2430 1344 2504 ἔτη
1381 2438 1476 2506 ρν’,
1508 2431 1598 2486 καὶ
1654 2427 1922 2506 Ἀρφαξὰδ

265 2524 363 2596 ἔτη
396 2525 503 2602 λγ¹σ
536 2527 676 2599 ὁμοῦ
732 2522 828 2595 ἔτη
876 2520 1027 2604 φλγ’,
1083 2530 1181 2593 τῆς
1242 2524 1422 2599 ἀρχῆς
1478 2527 1586 2578 τῶν
1632 2518 1820 2576 ἄλλων
1868 2518 1920 2574 ἐν

268 2618 353 2685 τῶ
420 2612 655 2686 τετάρτῳ
705 2612 897 2688 χρόνῳ
956 2605 1408 2685 λαμϐανομένης.
1481 2612 1825 2688 Συγγραφεῖς
1866 2605 1925 2662 δὲ

271 2707 387 2757 τῶν
420 2702 720 2778 Αἰγυπτίων
751 2701 843 2756 καί
904 2698 1197 2757 Χαλδαίων
1254 2701 1427 2756 οὗτοι·
1492 2698 1734 2761 Μάνεθος
1764 2699 1793 2753 6
1819 2700 1921 2767 τήν

266 2797 381 2848 τῶν
437 2790 743 2867 Αἰγυπτίων
804 2789 1175 2862 ποιησάμενος
1232 2788 1582 2864 συγγραφήν,
1642 2788 1925 2862 Βηροσσὸς

261 2882 291 2936 6
318 2881 392 2934 τὰ
422 2876 710 2936 Χαλδαϊκὰ
739 2878 1080 2954 συναγαγὼν,
1112 2877 1324 2952 Μῶχός
1383 2895 1443 2931 τε
1493 2875 1583 2931 καὶ
1634 2877 1922 2944 Ἑστιαῖος,

255 2971 349 3026 καὶ
398 2971 541 3045 πρὸς
592 2967 809 3030 τούτοις
870 2967 1159 3043 Αἰγύπτιος
1213 2965 1557 3042 Ἱερώνυμος.
1618 2967 1685 3022 Οἱ
1745 2963 1804 3020 δὲ
1856 2966 1924 3020 τὰ

261 3060 502 3116 Φοινικᾶ
607 3058 1049 3134 συγγραψάμενοι
1121 3053 1375 3118 Ἠσίοδος
1442 3075 1501 3109 τε
1572 3055 1664 3110 καὶ
1764 3057 1925 3111 Ἐκαο

256 3156 439 3220 ταῖος,
497 3147 830 3212 Ἑλλάνικος
884 3148 974 3204 καὶ
1033 3145 1397 3217 Ακουσίλαος,
1450 3144 1665 3223 Εφορός
1719 3166 1779 3201 τε
1833 3145 1924 3201 καὶ

265 3238 572 3300 Νικόλαος.

327 3332 430 3401 Τῷ
461 3330 627 3406 βφοβ⁸
653 3324 766 3383 ἓτει
792 3332 892 3384 τοῦ
918 3326 1156 3400 κόσμου,
1206 3326 1565 3398 ἐνακοσιοστῷ
1613 3330 1921 3400 τριακοστῷ

256 3417 371 3475 ἔτει
400 3421 502 3473 τοῦ
534 3423 680 3485 Νῶε,
702 3419 839 3473 κατὰ
873 3422 1018 3481 θεῖον
1078 3413 1339 3486 δηλονότι
1390 3416 1647 3491 χρησμὸν
1703 3414 1919 3492 ἐμέρισε

262 3510 385 3564 Νῶε
414 3512 535 3569 τοῖς
564 3507 741 3584 τρισὶν
780 3508 919 3568 υἱοῖς
974 3504 1142 3561 αὐτοῦ
1198 3506 1297 3574 τὴν
1353 3512 1457 3579 γῆν
1484 3506 1650 3562 οὕτω.
1684 3506 1814 3577 Σήμ
1835 3509 1917 3577 τῷ

256 3595 607 3672 πρωτοτόκῳ
655 3595 821 3650 αὐτοῦ
878 3594 1004 3665 υἱῷ,
1054 3590 1237 3669 ἄγοντι
1298 3591 1417 3653 ἔτος
1470 3592 1916 3669 τετρακοσιοστὸν

256 3685 585 3757 τριακοστὸν
628 3688 864 3758 πρῶτον,
922 3680 1123 3739 ἔδωκεν
1175 3682 1283 3737 ἀπὸ
1345 3678 1604 3757 Περσίδος
1654 3681 1745 3737 καὶ
1775 3682 1917 3738 Βάκ-

253 3796 401 3850 τρων
430 3771 538 3836 ἔως
588 3771 821 3842 Ἰνδικῆς
885 3779 1085 3845 μῆκος,
1136 3771 1344 3833 πλάτος
1405 3768 1463 3826 δὶ
1520 3770 1626 3826 ἀπὸ
1680 3768 1916 3841 Ἰνδικῆς

251 3861 364 3926 in):
395 3860 863 3937 Ῥινοκουρούρων
897 3868 1020 3931 τῆς.
1069 3860 1372 3936 Αἰγύπτου,
1401 3858 1528 3929 ἤτοι
1555 3860 1623 3915 τὰ
1650 3858 1756 3915 ἀπὸ
1786 3860 1916 3916 ἀνα-

252 3954 435 4020 τολῆς
454 3950 559 4015 ’ἕως
601 3952 801 4026 μέρους
832 3956 934 4019 τῆς
995 3943 1370 4023 μεσημϐρίας,
1409 3951 1518 4020 πήν
1576 3970 1635 4005 τε
1694 3950 1914 4024 Συρίαν,

256 4042 297 4109 ἢ
332 4043 429 4096 καί
458 4028 689 4097 Ἰουδαία
723 4040 938 4114 Λέγεται
968 4038 1084 4111 (καὶ
1136 4038 1240 4113 γὰρ
1294 4038 1387 4093 καὶ
1442 4038 1496 4093 οἳ
1552 4035 1780 4093 παλαιοὶ
1807 4040 1917 4093 Σό-

258 4148 395 4207 ρους
444 4130 567 4192 τοὺς
626 4128 1038 4199 Παλαιστηνοὺς
1096 4127 1409 4200 ὠνόμαζον)
1441 4172 1456 4198 ,
1525 4126 1614 4182 καὶ
1672 4124 1914 4197 Μηδίαν,

252 4220 349 4277 καὶ
388 4220 640 4293 ποταμὸν
690 4217 1004 4288 διορίζοντα
1050 4215 1217 4270 αὐτοῦ
1268 4216 1338 4270 τὰ
1367 4215 1491 4291 δρία
1543 4216 1634 4271 τὸν
1698 4215 1916 4293 Εὐφρά-

253 4333 384 4381 την.
420 4311 551 4383 Χάμ
575 4307 635 4364 δί
658 4314 739 4381 τῷ
767 4306 1006 4382 δευτέρῳ
1043 4304 1213 4362 αὐτοῦ
1269 4305 1396 4379 υἱῷ,
1439 4304 1625 4381 ἄγοντι
1652 4302 1774 4369 ἓτος
1816 4306 1914 4378 υζ’,

2031 1988 2403 2044 multitudini
2431 1990 2528 2061 pie
2551 1990 2934 2061 praefuerunt,
2965 1992 3108 2058 Noa,
3141 1992 3350 2048 Semus
3406 1998 3467 2048 et
3496 1994 3679 2067 hujus

2032 2077 2191 2133 ﬁlius
2202 2077 2931 2149 Arphaxadus,annis534,
2954 2080 3028 2136 ad
3041 2094 3117 2137 an
3129 2098 3273 2137 num
3289 2082 3497 2138 mundi
3514 2086 3677 2139 2776.

2030 2169 2292 2223 Mortuus
2313 2168 2474 2222 enim
2497 2173 2585 2222 est
2606 2170 2655 2221 N
2659 2184 2731 2224 oa
2737 2168 2938 2240 justus
2960 2186 3118 2226 anno
3139 2174 3299 2237 2592,
3344 2188 3536 2228 annos
3566 2189 3676 2229 na-

2029 2262 2123 2311 tus
2154 2259 2277 2311 950.
2313 2259 2495 2313 Porro
2530 2258 2634 2312 534
2666 2274 2816 2329 quos
2845 2258 3123 2329 diximus,
3155 2260 3297 2316 anni
3349 2261 3433 2317 sic
3458 2278 3678 2320 nume-

2029 2350 2237 2401 rantur
2265 2362 2278 2400 :
2312 2348 2432 2402 Noa
2460 2352 2595 2417 post
2624 2347 2915 2402 diluvium
2947 2365 3137 2405 annos
3168 2352 3293 2419 350,
3327 2351 3533 2407 Semus
3566 2368 3672 2408 an-

2030 2449 2140 2487 nos
2172 2434 2295 2501 150,
2329 2434 2718 2505 Arphaxadus
2747 2451 2937 2491 annos
2968 2438 3034 2491 33
3066 2454 3079 2490 :
3113 2454 3349 2493 summa
3369 2439 3509 2493 anni
3543 2442 3673 2506 533,

2029 2521 2202 2577 initio
2246 2521 2614 2593 reliquorum
2662 2523 2724 2577 in
2760 2525 2794 2576 4
2832 2540 3012 2594 supra
3058 2525 3163 2579 530
3206 2541 3363 2580 anno
3413 2533 3670 2598 sumpto.

2028 2611 2137 2677 Qui
2168 2628 2264 2666 res
2293 2611 2660 2684 :Egyptiacas
2688 2616 2749 2666 et
2776 2611 3126 2669 Chaldaicas
3164 2614 3668 2686 conscripserunt,

2028 2701 2089 2756 hi
2122 2706 2261 2756 sunt
2292 2716 2306 2755 :
2342 2700 2650 2755 Manethus
2694 2701 2932 2772 scripsit
2978 2704 3333 2774 Egyptiaca,
3390 2705 3670 2761 Berossus

2029 2789 2344 2845 Chaldaica
2394 2789 2654 2862 collegit,
2692 2795 2813 2845 tum
2867 2791 3104 2847 Mochus
3152 2796 3213 2847 et
3252 2793 3560 2863 Hestiaaus,
3604 2802 3689 2852 ac"

2028 2885 2245 2952 praeter
2274 2880 2381 2935 hos
2407 2879 2801 2950 Hieronymus
2832 2881 3154 2952 Egyptius.
3186 2883 3526 2939 thnicum
3574 2901 3672 2941 res

2029 2969 2511 3042 conscripserunt
2568 2969 2879 3037 Hesiodus,
2940 2971 3266 3041 Hecataeus,
3308 2973 3671 3045 Hellanicus,

2032 3059 2364 3127 Acusilaus,
2396 3059 2666 3130 Ephorus
2697 3064 2758 3115 et
2788 3058 3078 3115 Nicolaus.

2102 3327 2272 3380 Anno
2303 3323 2376 3378 ab
2409 3324 2638 3396 origine
2662 3324 2869 3379 mundi
2900 3326 3042 3379 2572
3072 3325 3194 3380 Noa
3218 3340 3445 3381 annum
3480 3328 3672 3382 aatatis

2028 3431 2208 3488 agens
2218 3414 2593 3481 930,0raculo
2607 3415 2889 3470 nimirum
2903 3413 3186 3470 divinitus
3198 3420 3463 3488 accepto,
3481 3416 3669 3473 tribus

2027 3507 2150 3563 suis
2178 3505 2316 3561 filiis
2347 3510 2566 3561 terram
2595 3506 2919 3573 distribuit,
2952 3507 3067 3562 hoc
3095 3507 3272 3563 modo
3297 3523 3310 3561 :
3343 3507 3515 3565 Semo
3544 3510 3668 3580 pri-

2028 3599 2325 3670 mogenito
2357 3614 2464 3652 suo
2500 3596 2645 3666 illic,
2681 3613 2908 3652 annum
2941 3598 3130 3653 aetatis
3160 3599 3671 3673 quadringentesi-

2025 3703 2189 3743 mum
2222 3684 2589 3741 tricesimum
2616 3684 2874 3756 primum
2905 3687 3123 3758 agenti,
3155 3687 3321 3743 dedit
3375 3689 3667 3761 quidquid

2026 3780 2199 3831 terrm
2230 3774 2291 3828 in
2321 3774 2561 3846 longum
2591 3790 2626 3829 a
2654 3774 2892 3830 Perside
2924 3780 2984 3829 et
3012 3775 3231 3830 Bactris
3249 3792 3439 3848 usque
3468 3778 3544 3832 ad
3573 3779 3668 3833 In-

2028 3863 2186 3919 diam
2220 3860 2628 3933 porrigitur,in
2652 3861 2836 3916 latum
2858 3861 2932 3916 ab
2948 3862 3118 3917 India
3138 3878 3327 3933 usque
3350 3864 3425 3919 ad
3450 3865 3668 3921 Rhino-

2027 3967 2237 4008 corura
2266 3950 2512 4023 Egypti,
2546 3951 2667 4005 sive
2696 3966 2829 4021 quas
2858 3950 2931 4005 ab
2961 3955 3097 4004 ortu
3128 3950 3270 4006 solis
3309 3957 3450 4007 sunt
3476 3969 3667 4025 usque

2028 4042 2101 4098 ad
2132 4041 2364 4114 plagam
2394 4038 2869 4106 meridionalem,
2897 4039 3128 4112 Syriam
3158 4056 3395 4112 nempe,
3447 4059 3578 4113 quae
3610 4047 3669 4098 et

2025 4130 2226 4186 Judma
2254 4129 2473 4185 dicitur
2496 4128 2656 4198 (nam
2686 4128 2917 4200 antiqui
2951 4127 3123 4200 Syros
3148 4129 3435 4185 vocabant
3480 4129 3664 4187 Palm-

2028 4218 2261 4291 stinos),
2285 4223 2345 4274 et
2372 4217 2641 4285 Mediam,
2659 4222 2717 4273 et
2743 4217 3104 4289 Euphratem
3130 4217 3374 4275 ﬂuvium
3394 4218 3668 4294 designa-

2026 4309 2127 4375 vit,
2160 4309 2259 4380 qui
2290 4307 2512 4363 limites
2541 4307 2696 4363 Semi
2730 4309 2834 4365 24
2861 4307 3160 4364 definiret.
3193 4306 3415 4365 Chamo
3466 4314 3668 4367 autem

253 4400 433 4461 ἔδωκε
459 4403 562 4471 τήν
591 4401 729 4476 πρὸς
780 4399 937 4455 νότον
990 4398 1083 4455 καὶ
1144 4391 1303 4453 λίϐαν
1362 4396 1453 4453 καί
1510 4396 1676 4473 μέρος
1701 4404 1800 4468 τῆς
1832 4395 1918 4452 δό-

2030 4397 2290 4456 secundo
2303 4414 2409 4453 suo
2423 4396 2795 4465 ﬂlio,annum
2809 4397 3004 4470 agenti
3018 4396 3668 4472 quadringentesimum

255 4513 396 4555 σεως
459 4464 567 4546 ἀπό
597 4464 1059 4566 ’ῥινοκουρούρων
1112 4493 1217 4557 τῆς
1266 4464 1591 4563 Αἱγύπτὼξ
1627 4464 1917 4552 Αἰθιοπίαν

2030 4487 2593 4560 septimum,terram
2624 4464 3009 4557 addixit'quaa
3035 4464 3252 4544 Austro
3276 4464 3336 4542 et
3362 4487 3560 4544 Africo
3581 4492 3672 4544 est

1460 4615 1827 4672 XYLANDRI
1868 4616 1954 4675 ET
1992 4616 2205 4672 GOARI
2245 4614 2466 4671 ΝΟΤᾸΞ.

252 4750 500 4807 Latinas
528 4746 777 4811 litteras,
809 4744 926 4800 huc
959 4742 1253 4815 ﬁngamus
1282 4743 1467 4815 recipi
1497 4741 1633 4799 ideo
1657 4759 1779 4815 non
1799 4760 1916 4800 me-

249 4822 451 4877 ruisse
475 4836 488 4873 :
525 4817 667 4891 quid
688 4821 891 4891 autem
914 4815 1018 4870 ﬂet
1044 4814 1265 4871 titteris
1294 4831 1347 4884 ε,
1394 4814 1444 4881 r,
1464 4831 1599 4891 1me.
1626 4820 1685 4869 et
1715 4814 1914 4891 aliis?

250 4892 394 4948 llihi
432 4887 672 4962 quidem
726 4889 853 4944 hac
881 4891 1227 4962 commenta
1273 4903 1392 4962 _non
1424 4887 1681 4960 placent.
1725 4887 1911 4962 Credo

252 4957 545 5020 adhibitis
578 4961 741 5033 prius
777 4959 957 5033 rectis
1004 4957 1180 5013 lineis
1212 4958 1389 5033 etiam
1422 4957 1627 5033 curvas
1668 4974 1787 5013 non
1817 4959 1910 5014 in-

251 5030 676 5091 commode—iis
724 5030 1385 5110 adj_ectas_,__przesertim_
1421 5030 1574 5110 jam.
1606 5035 1911 5110 crescente

248 5120 647 5181 numerorum
674 5100 1050 5181 agmine._Sit
1071 5115 1209 5181 ergo
1242 5100 1908 5181 semicirculus-litterae

248 5195 283 5233 c
312 5175 601 5233 assimilis
626 5170 770 5230 nota
826 5170 1195 5237 centenarii;
1249 5170 1406 5242 quod
1456 5187 1524 5227 eo
1556 5171 1789 5227 facilius
1822 5176 1911 5227 est

248 5249 503 5313 credita,
538 5248 680 5316 quia
706 5244 925 5316 reliqui
984 5242 1379 5316 characteres,
1422 5243 1599 5299 etiam
1630 5243 1908 5299 millena-

245 5322 502 5383 riorum,
525 5314 601 5375 ab
621 5319 752 5374 hoc.
768 5314 1260 5379 ut‘ostendemus,
1283 5314 1577 5370 oriuntur.
1604 5316 1746 5371 Nam
1770 5316 1909 5371 huic

248 5390 592 5448 contrarius
617 5407 650 5446 ο
681 5387 880 5445 addita
916 5385 1147 5459 lineola
1174 5385 1259 5440 sic
1290 5402 1362 5450 in,
1387 5387 1750 5459 quingentas
1773 5387 1903 5459 uni-

250 5470 401 5520 tates
435 5464 636 5545 refer”
660 5459 975 5545 semissem
1004 5456 1291 5545 nimirum
1322 5456 1673 5545 millena’rii‘
1702 5458 1906 5541 quisic

250 5535 584 5607 antiquitus
600 5528 1078 5607 'erprimebatur,
1107 5545 1213 5596 cm,
1232 5528 1475 5607 _lineola
1504 5528 1907 5607 interriores

257 5599 632 5677 characteres
661 5599 994 5677 interjecta,
1015 5618 1105 5677 ne
1124 5599 1628 5677 coalescerentmt
1658 5599 1903 5674 opinor;

258 5695 388 5752 qua
408 5676 640 5736 lineola
666 5682 729 5735 et
745 5672 892 5746 ἰοὶ,
916 5672 1073 5746 quod
1091 5672 1461 5745 longiuscule
1477 5672 1821 5747 pingerétur
1846 5678 1904 5728 et

2024 4743 2267 4798 littera]
2297 4745 2626 4814 putaretur,
2655 4741 2984 4814 deformata
3014 4747 3107 4799 est
3130 4759 3167 4799 ει
3194 4741 3667 4800 librariis.lidem

2022 4820 2089 4871 ut
2117 4830 2236 4870 uno
2270 4812 2483 4869 calami
2514 4814 2693 4870 ductu
2732 4813 2892 4871 mille
2933 4815 3281 4877 scriberent,
3312 4829 3663 4870 wexarave-

2023 4891 2181 4949 runt,
2217 4884 2369 4940 sicut
2399 4891 2454 4938 et
2483 4902 2532 4939 ID
2556 4885 2615 4939 in
2648 4903 2678 4939 D
2712 4884 2967 4939 litteram
2994 4885 3659 4954 mutaruntiidem,quaa

2020 4958 2334 5021 Manutius,
2370 4957 2649 5028 praeclare
2698 4958 2936 5011 notavit.
2973 4974 3007 5012 ιι
3036 4974 3141 5028 pro
3173 4955 3489 5011 millenarii
3520 4960 3660 5009 nota

2021 5028 2331 5099 usurparie
2354 5027 2528 5083 hodie
2554 5033 2761 5082 notum
2782 5034 2958 5096 est,et
2977 5027 3438 5084 commemorata
3457 5040 3656 5099 causa.

2020 5097 2270 5171 Reliqua
2296 5104 2362 5153 ut
2390 5099 2531 5153 hinc
2562 5106 2904 5161 nascantur,
2936 5100 2997 5153 in
3028 5102 3306 5170 promptu
3335 5097 3657 5171 estvidere.

2017 5168 2257 5250 Nostras
2289 5171 2720 5250 interimnotas
2741 5171 3015 5250 utilitatis
3032 5168 3099 5250 ac
3120 5168 3458 5250 compendii
3481 5186 3661 5250 causa

2018 5241 2257 5324 plurimi
2289 5242 2462 5311 facio,
2484 5246 2705 5324 110500ζ
2717 5245 2855 5324 075,
2890 5248 2997 5324 etc.
3164 5240 3524 5324 maj‘usculas
3552 5242 3660 5299 has

2018 5312 2079 5368 in
2108 5312 2275 5369 libris
2302 5315 2579 5385 usurpari
2611 5332 2641 5370 e
2672 5314 2955 5386 dignitate
2985 5312 3425 5386 videtur.Porro
3448 5330 3661 5371 novem

2017 5387 2199 5458 (verbi
2231 5384 2658 5458 gratiafmillia
2678 5384 2797 5458 ego
2816 5384 3239 5458 compendiose
3276 5392 3549 5457 putarem
3576 5387 3660 5442 sic

2016 5457 2191 5514 scribi
2226 5456 2279 5512 ix
2312 5475 2398 5512 cm
2433 5465 2534 5513 aut
2567 5456 2735 5514 ιχρῐοζ
2769 5457 2879 5513 Sed
2913 5456 2984 5512 de
3018 5456 3112 5511 his
3164 5456 3434 5514 hoc’loco
3467 5459 3608 5514 satis
3642 5475 3656 5512 :

2017 5529 2268 5602 quisque
2300 5536 2582 5600 sequatur
2613 5529 2771 5602 quod
2800 5530 2969 5600 valet.~
3002 5527 3327 5585 dummodo
3358 5529 3506 5587 alios
3537 5529 3658 5583 non

2013 5601 2323 5673 vituperet.
2357 5603 2489 5657 XYL.
