4148 6196
410 290 486 347 55
1775 273 2100 338 csoaeu
2144 273 2492 337 causam
2527 357 2531 360 ι

3744 295 3822 354 56

408 424 490 481 Ad
519 439 747 479 annum
777 421 878 478 28
910 422 1227 479 Abrahami
1249 422 1506 494 primum
1539 420 1930 472 numerantur
1951 428 2052 466 an-

2173 401 2309 501 :Etoc-
2349 405 2600 501 'A6paip.
2647 417 2756 488 (34)
2810 414 2903 488 ἔτη
2959 419 3119 495 γτιβ“.
3187 422 3288 478 Καὶ
3352 424 3485 494 μετᾶ
3541 422 3698 501 ἕτερα
3753 429 3827 484 οε⁹

410 511 470 570 ni
502 513 574 569 ab
606 511 834 583 origine
880 507 1087 568 mundi
1117 511 1276 566 3313.
1313 507 1454 563 Post
1504 509 1572 561 '75
1624 503 1836 561 deinde
1869 517 2059 558 annos

415 619 484 659 ex
513 600 808 657 Charrane
825 617 1095 674 egressus
1116 603 1177 653 in
1207 603 1367 653 terra
1383 596 1661 653 Chanaan
1693 593 2059 666 inquilinum

419 692 555 766 egit,
589 708 719 764 quaa
751 707 911 748 nunc
941 688 1258 744 Palaestina
1286 691 1548 742 vocatur.

483 780 782 836 'Phalecus
808 782 941 832 ante
973 781 1201 847 patrem
1233 793 1406 832 suum
1432 774 1724 831 Ileberum
1750 771 2067 829 obiit.Tria

420 869 606 926 millia
672 881 961 922 annorum
1021 867 1094 921 ad
1141 867 1376 923 Phaleci
1438 870 1688 921 mortem
1731 865 1804 920 ab
1837 863 2060 918 Adamo

417 961 860 1028 ‘computantur.
886 955 1034 1012 Hinc
1053 956 1300 1011 nomina
1325 957 1661 1010 Graacorum
1683 953 1929 1009 deorum
1957 950 2063 1004 ini-

419 1047 570 1102 tium
600 1051 866 1102 sumunt.

486 1137 667 1190 Natus
724 1140 816 1189 est
888 1134 1089 1189 Chami
1127 1134 1310 1206 stirpe
1367 1134 1454 1188 vir
1498 1134 1740 1190 nomine
1806 1133 2057 1198 Chusus,

415 1225 761 1296 Ethiopst
784 1223 1144 1279 Nemrodum
1175 1223 1400 1296 genuit,
1423 1224 1524 1292 qui
1556 1222 1824 1278 et'Orion
1857 1220 2060 1293 appel-

415 1305 592 1379 latu'r,
640 1313 1013 1368 conditorem
1065 1312 1382 1384 Babylonis
1418 1329 1432 1377 ;
1465 1317 1642 1382 atque
1700 1311 1796 1366 hic
1855 1314 2064 1364 auctus

415 1402 682 1478 potentia
711 1402 940 1473 primus
962 1400 1275 1456 hominum
1296 1401 1578 1473 regnavit,
1601 1399 2063 1471 Assyriisimpe-

415 1488 577 1548 r'ans.
611 1491 773 1547 Idem
810 1491 1096 1547 Saturnus
1155 1491 1350 1546 dictus
1407 1495 1520 1553 est.
1579 1493 1973 1563 cognomento
2033 1503 2066 1542 a

418 1581 659 1654 planeta
691 1580 886 1635 ducto.
923 1581 1172 1635 Uxorem
1206 1597 1274 1635 ex
1335 1580 1545 1636 eadem
1595 1580 1777 1650 stirpe
1833 1577 2063 1641 habuit,

422 1669 664 1726 nomine
686 1669 1063 1725 Semiramin.
1091 1670 1223 1724 Haec
1247 1669 1414 1724 frena
1445 1669 1668 1741 reperit
1699 1672 1756 1723 et
1803 1666 2062 1738 pyrami-

2163 494 2258 588 ἓτη
2292 495 2512 571 ἐξῆλθεν
2538 502 2597 558 ἐκ
2627 505 2863 580 Χαρράν,
2911 494 3250 584 παροικησας
3309 511 3388 575 εἰς
3445 521 3550 588 γῆν
3608 494 3814 572 Χαναὰν

2166 587 2264 656 τὴν
2296 595 2384 645 νῦν
2418 593 2780 666 Παλαιστίνην
2811 593 3137 672 λεγομένην.

2237 768 2364 824 ’Ότι
2393 767 2420 821 6
2453 764 2638 821 Φάλεκ
2667 766 2772 838 πρὸ
2802 771 2898 822 τοῦ
2947 771 3152 845 πατρὸς
3202 773 3366 828 αὐτοῦ
3416 771 3578 851 Ἔϐερ
3627 777 3818 834 τελευ-

2171 861 2252 928 τᾷ,
2288 856 2566 929 συνάγεται
2599 857 2656 910 δὲ
2714 856 2779 910 τά
2829 858 2999 912 πάντα
3047 853 3138 931 ἔτη
3189 861 3296 916 άπὸ
3349 868 3444 918 τοῦ
3503 863 3685 940 Ἀδάμ
3737 867 3824 924 ἐπὶ

2166 948 2267 1015 τήν
2300 944 2396 1001 τοῦ
2428 943 2616 1000 Φάλεκ
2642 945 2903 1016 τελευτὴν
2937 943 3029 1017 ἔτη
3061 950 3374 1030 τρισχίλια.
3408 955 3590 1010 Ἔνθεν
3640 956 3821 1032 ἀρχὴν

2167 1040 2278 1090 τῶν
2306 1033 2654 1106 Ἑλληνικῶν
2688 1041 2823 1098 θεῶν
2859 1033 3197 1111 λαμϐάνουσι
3229 1043 3294 1097 τὰ
3325 1043 3587 1118 ὀνόματα.

2243 1126 2542 1199 Ἐγεννήθη
2577 1123 2634 1180 δὲ
2662 1124 2722 1180 ἑκ
2749 1133 2850 1196 τῆς
2882 1126 3062 1206 φυλῆς
3111 1133 3208 1185 τοῦ
3270 1133 3396 1203 Σήμ
3453 1133 3586 1209 ἀνὴρ
3645 1136 3819 1210 ὄνομα

2169 1220 2322 1276 Χοῦς
2353 1214 2573 1288 Αῗθίοψ,
2610 1213 2667 1276 ὅς
2718 1214 2967 1290 ἐγέννησε
3021 1219 3113 1273 τὸν
3157 1215 3386 1295 Νεϐρὼδ
3435 1223 3526 1278 τὸν
3571 1226 3670 1293 τὴν
3721 1227 3825 1282 Βα-

2172 1299 2394 1358 ϐυλῶνα
2451 1305 2725 1370 κτίσαντα,
2815 1306 2904 1360 τὸν
2993 1308 3084 1361 καὶ
3168 1310 3398 1384 Ὠρίωνα
3480 1311 3822 1378 ἔπικλθέντα.

2171 1393 2340 1454 Οὗτος
2374 1391 2594 1454 δυνατὸς
2625 1395 2908 1468 γενόμενος
2967 1391 3284 1453 ἐϐασίλευσε
3329 1406 3544 1474 πρῶτος
3593 1400 3679 1458 ἐπὶ
3723 1411 3826 1471 τῆς

2172 1489 2272 1558 γῆς
2330 1482 2381 1536 ἐν
2436 1487 2551 1544 τοῖς
2611 1482 2938 1558 Ἀσσυρίοις.
2998 1483 3056 1549 ὅς
3114 1488 3201 1540 καὶ
3263 1488 3555 1561 ὠνομάσθη
3617 1491 3824 1566 Κρόνος

2173 1571 2248 1632 ετς
2278 1572 2377 1638 τὴν
2429 1570 2742 1644 ἐπωνυμίαν
2799 1578 2896 1628 τοῦ
2957 1572 3252 1644 πλάνητος.
3310 1577 3482 1639 Οὗτος
3540 1572 3668 1654 ἔσχε
3724 1603 3819 1657 γυ-

2171 1666 2328 1716 ναῖκα
2360 1660 2416 1715 ἐκ
2443 1668 2543 1730 τῆς
2600 1659 2766 1731 αὒτῆς
2824 1662 3026 1739 φυλῆς,
3085 1666 3433 1738 καλουμένην
3487 1670 3816 1743 Σεμίραμιν.

425 1761 527 1816 des
568 1776 714 1832 quas
769 1764 981 1814 vocant
1027 1760 1334 1814 exstruxit.
1389 1760 1548 1814 Hanc
1604 1757 1783 1813 etiam
1841 1757 2059 1812 Rheam

2175 1751 2321 1822 Αὕτη
2361 1756 2478 1813 τοῖς
2551 1757 2821 1824 ποταμοῖς
2897 1749 3187 1828 περιέϐαλε
3264 1755 3478 1828 στόμια.
3557 1761 3642 1813 καὶ
3721 1761 3818 1824 τὰς

423 1850 829 1917 nominarunt,
861 1852 927 1902 ut
957 1865 1088 1919 quae
1123 1848 1464 1903 hominibus
1487 1864 1700 1919 magna
1731 1863 1865 1902 cum
1896 1851 2060 1917 pote-

421 1945 570 1995 state
605 1945 662 1994 et
689 1938 913 2011 ingenti
946 1943 1170 1992 terrore
1193 1938 1531 2008 imperaret.
1557 1938 1688 1992 Haec
1721 1935 2063 1991 Semiramis

423 2028 612 2084 filium
644 2028 852 2082 habuit
883 2027 1125 2081 nomine
1161 2027 1386 2088 Picum,
1420 2031 1813 2098 cognomento
1843 2026 2064 2092 Jovem,

420 2135 488 2174 ac
504 2122 719 2190 praater
733 2119 890 2172 hunc
907 2116 1108 2172 Belum
1127 2133 1194 2171 ac
1208 2117 1442 2172 Nimnm
1457 2115 2062 2171 etFiliamJunonem.

417 2208 624 2274 Ninus,
678 2207 777 2276 qui
817 2206 1086 2261 Ninivem
1135 2223 1413 2279 magnam
1462 2204 1750 2273 condidit,
1811 2207 2062 2260 matrem

419 2313 587 2352 suam
641 2295 996 2351 Semiramin
1044 2296 1246 2350 uxoris
1277 2295 1404 2350 loco
1463 2295 1688 2350 habuit.
1751 2294 2064 2348 Africanus

426 2387 679 2440 Saturno
696 2390 984 2456 praaterea
1017 2384 1213 2439 Afrum
1237 2384 1427 2438 ﬁlium
1449 2383 1711 2451 ascribit,
1729 2401 1762 2438 a
1793 2399 1909 2454 quo
1942 2382 2063 2436 Afri

427 2473 571 2529 dicti
604 2475 824 2529 sunt.Is
855 2474 995 2528 Afer
1014 2473 1190 2528 ducta
1212 2477 1535 2543 Astynoma
1556 2489 1739 2527 uxore
1775 2475 2063 2526 Venerem

420 2563 782 2636 genuit,quae
804 2563 1019 2618 Graecis
1047 2561 1314 2617 Afrodita
1331 2562 1860 2617 dicitur.Saturnus
1883 2577 2063 2634 regno

423 2652 701 2724 expulsus
724 2670 758 2708 a
790 2653 912 2706 ﬁlio
945 2669 1051 2707 suo
1074 2654 1207 2706 Jove
1261 2653 1320 2706 in
1345 2652 1620 2707 occiduas
1664 2657 1836 2705 terrae
1868 2657 2064 2722 partes

423 2742 662 2797 devenit
682 2757 749 2795 ac
807 2741 1034 2794 Italiam
1065 2740 1341 2795 obtinuit.
1367 2742 1513 2795 Dein
1545 2742 1774 2812 Jupiter
1813 2741 2066 2811 Assyriis

422 2831 771 2897 decessit,ac
801 2829 872 2884 ad
893 2835 1122 2900 patrem
1145 2847 1208 2883 se
1234 2829 1677 2900 contulit,quiei
1700 2845 1947 2900 regnum
1965 2831 2066 2886 29

423 2919 608 2976 Italia:
630 2919 858 2975 dimisit
875 2935 886 2972 :
901 2919 1000 2973 ubi
1025 2934 1156 2972 cum
1178 2937 1284 2991 per
1299 2919 1520 2973 multos
1539 2935 1725 2974 annos
1740 2925 2064 2991 regnasset,

419 3009 602 3064 vitam
627 3023 764 3064 eum
777 3011 966 3062 morte
1007 3007 1414 3074 commutavit,
1449 3012 1506 3062 et
1523 3007 1581 3061 in
1603 3008 1775 3062 Creta
1796 3007 2065 3079 sepultus

420 3102 527 3152 est.
563 3098 701 3151 Post
719 3096 936 3152 Ninum
963 3095 1217 3167 Assyriis
1257 3096 1486 3152 Thurus
1509 3095 1840 3167 imperavit,
1875 3097 1973 3168 qui
2008 3102 2066 3151 et

418 3186 568 3241 Mars
582 3184 917 3259 appellatur
928 3190 1131 3256 utpote
1141 3184 1652 3240 bellicosissimus.
1665 3187 1825 3241 Hunc
1840 3186 2063 3257 Assyrii

420 3275 660 3331 Baalum
675 3274 794 3329 sive
816 3273 1022 3330 Belum
1040 3273 1215 3329 deum
1233 3274 1632 3347 appellarunt,
1667 3281 1980 3346 statuaque
2015 3275 2068 3330 ei

420 3364 674 3418 excitata
699 3362 915 3417 divinis
938 3363 1266 3418 honoribus
1284 3363 1622 3420 coluerunt.
1648 3366 1691 3419 A
1707 3371 1899 3420 morte
1914 3364 2069 3418 Jovis

418 3452 677 3517 Faunus,
701 3467 769 3504 eo
799 3456 1248 3522 natus,reguum
1275 3453 1598 3509 tenuit.Hic
1627 3454 1952 3510 Mercurius
1967 3453 2070 3508 de-

423 3540 770 3595 nominatus
791 3539 923 3610 fuit,
959 3540 1116 3609 quod
1152 3540 1442 3596 facundus
1464 3543 1782 3598 admodum
1816 3548 1971 3598 esset
2001 3559 2068 3596 ac

424 3628 980 3684 mathematicamm
1029 3645 1226 3684 rerum
1286 3631 1682 3687 sciensldem
1725 3632 2067 3687 hominibus

425 3719 552 3773 auri
585 3734 656 3772 ex
685 3723 856 3772 terrm
878 3717 1199 3774 visceribus
1229 3720 1472 3775 eruendi
1495 3728 1681 3777 artem
1715 3723 2068 3778 invenit.Ve-

424 3826 538 3864 nus
561 3808 788 3864 erudita
802 3809 1118 3864 admodum
1135 3811 1246 3865 fuit
1265 3816 1324 3865 et
1342 3811 1519 3866 variis
1533 3813 1710 3868 rebus
1732 3819 1938 3869 ornata
1961 3829 2065 3868 nu-

419 3899 537 3970 psit
562 3897 812 3952 Adonidi
862 3898 1089 3968 Cinyraa
1128 3900 1253 3954 ﬁlio
1295 3900 1776 3972 philosophoipsi
1802 3918 2058 3973 quoque.

418 3989 670 4043 Narrant
696 4004 798 4042 eos
827 3987 901 4042 ad
933 3993 1186 4042 mortem
1243 4005 1432 4059 usque
1491 4007 1610 4046 una
1665 3991 2060 4062 philosophiaa

415 4093 668 4131 vacasse.
704 4076 896 4142 Picus,
931 4077 1029 4146 qui
1057 4077 1212 4132 idem
1245 4079 1596 4149 estJupiter,
1627 4097 1762 4134 cum
1823 4081 2064 4152 triginta

415 4183 604 4222 annos
636 4165 890 4236 Assyriis
939 4166 1312 4236 imperasset,
1371 4186 1550 4240 regno
1595 4170 1654 4224 in
1687 4187 1898 4225 manus
1953 4170 2058 4225 filii

417 4255 507 4310 sui
541 4254 664 4308 Beli
723 4259 781 4308 et
833 4255 1103 4321 Iunonis,
1158 4273 1288 4326 quaa
1347 4275 1516 4312 soror
1571 4259 1699 4328 ejus
1731 4259 2060 4330 eademque

416 4342 634 4412 conjux
668 4342 1140 4408 erat,tradito,ad
1172 4351 1399 4414 patrem
1434 4363 1605 4400 suum
1639 4348 1958 4401 Saturnum
1996 4363 2056 4402 se

417 4430 690 4492 contulit,
712 4437 1045 4502 provectam
1093 4433 1221 4504 jam
1273 4439 1506 4489 atatem
1555 4435 1771 4489 misere
1806 4435 2056 4490 toleran-

2171 1839 2514 1914 καλουμένας
2545 1839 2858 1915 πυραμίδας
2915 1843 3190 1920 ἀνήγειρε.
3249 1847 3465 1917 Τανὸτην
3520 1848 3610 1902 καὶ
3667 1850 3819 1904 Ῥέαν

2172 1931 2460 2003 ὠνόμασαν
2516 1931 2590 1991 ὡς
2650 1929 2704 1985 ἐν
2762 1929 2986 2004 δυνάμει
3072 1933 3161 1988 καὶ
3222 1934 3435 2008 ἐξουσίᾳ
3506 1940 3595 1992 καὶ
3655 1939 3820 2014 ὑπερ-

2173 2014 2433 2074 ϐάλλοντι
2511 2015 2665 2096 φόϐῳ
2721 2025 2826 2075 τῶν
2886 2022 3182 2094 ἀνθρώπων
3239 2026 3533 2099 ἄρχουσαν.
3591 2027 3738 2097 Αὕτη
3780 2031 3815 2098 ἡ

2177 2107 2481 2182 Σεμίραμις
2515 2105 2674 2187 ἔσχεν
2740 2110 2855 2171 υἱὸς
2909 2111 2972 2164 οὗ
3028 2112 3090 2166 τὸ
3147 2111 3319 2184 ὄνομα
3378 2113 3561 2184 ἰιῖκος,
3613 2118 3671 2178 ὅς
3729 2118 3820 2172 καὶ

2175 2200 2573 2274 μετωνομάσθη
2606 2199 2758 2259 Ζεύς·
2791 2199 2880 2254 καὶ
2914 2198 3117 2262 ἄλλους
3151 2197 3207 2256 δὲ
3237 2199 3394 2280 ἔσχεν
3445 2204 3594 2266 υἱοὺς
3639 2205 3822 2275 Βῆλόν

2170 2287 2345 2344 τεκαὶ
2378 2294 2560 2358 Νῖνον,
2591 2288 2680 2342 καὶ
2737 2289 3006 2364 θυγατέρα
3063 2291 3159 2356 τήν
3216 2293 3406 2364 ”Ηραν.
3469 2293 3570 2349 Καὶ
3633 2295 3660 2348 6
3724 2297 3818 2366 μὶν

2174 2384 2356 2445 Νῖνος,
2391 2376 2451 2440 ὅς
2489 2377 2578 2432 καὶ
2606 2377 2706 2445 τὴν
2765 2375 2953 2436 Νινευΐ
3011 2380 3110 2446 τήν
3167 2379 3409 2454 μεγάλην
3469 2379 3663 2449 ἔκτισε,
3723 2387 3820 2451 τήν

2175 2463 2312 2522 ἰδίαν
2351 2466 2560 2542 μητέρα
2594 2467 2898 2541 Σεμίραμιν
2931 2462 3059 2541 ἔσχε
3090 2473 3338 2540 γυναῖκα.
3373 2475 3457 2532 Ὠς
3520 2467 3576 2525 δὲ
3631 2473 3823 2550 ’Δφρι-

2172 2551 2341 2619 κανός
2381 2576 2536 2632 φησι,
2596 2556 2684 2610 καὶ
2748 2553 2930 2628 ἓτερον
2991 2555 3108 2609 υἱὸν
3168 2551 3328 2634 ἔσχεν
3386 2559 3414 2612 ὁ
3473 2558 3673 2635 Κρόνος
3727 2561 3819 2614 τὸν

2173 2650 2398 2723 ’¹Αφρον,
2432 2644 2482 2715 ἐξ
2515 2645 2575 2698 οὗ
2607 2647 2830 2720 Ἀφροι·
2867 2643 2924 2707 ὅς
2978 2647 3159 2719 γήμας
3211 2647 3552 2720 Ἀστυνόμην
3603 2646 3823 2716 ἐποίησε

2174 2735 2434 2810 θυγατέρα
2504 2737 2602 2804 τὴν
2665 2732 3016 2814 Ἀφροδίτην.
3080 2737 3139 2793 Ὀ
3198 2733 3256 2791 δὲ
3314 2738 3514 2810 Κρόνος
3574 2736 3820 2806 ἐξωσθεές

2171 2826 2270 2891 τῆς
2305 2820 2587 2896 βασιλείας
2621 2822 2726 2877 ὑπὸ
2755 2826 2851 2876 τοῦ
2904 2819 3043 2877 ἰδίου
3103 2825 3222 2877 υἱοῦ
3267 2825 3412 2894 Διὸς,
3461 2823 3735 2879 κατελθὼν
3766 2823 3818 2879 ἐν

2171 2917 2240 2987 τῇ
2269 2911 2415 2968 δύσει
2439 2917 2627 2987 κρατεῖ
2659 2919 2758 2981 τῆς
2791 2912 3047 2973 Ἰταλίας.
3088 2913 3220 2968 Εἶτα
3270 2914 3298 2966 6
3347 2913 3472 2975 Ζεὺς
3515 2914 3821 2992 ὑποχωρή-

2175 3023 2269 3065 σας
2323 3008 2430 3057 τῶν
2491 3001 2790 3074 Ἀσσυρίων
2841 3000 3193 3076 παραγίνεται
3252 3002 3386 3075 πρὸς
3444 3003 3534 3058 τὸν
3595 3002 3818 3076 πατέρα’

2176 3093 2204 3147 6
2236 3088 2294 3147 δὲ
2323 3095 2646 3167 παραχωρεῖ
2673 3091 2818 3160 αὐτῷ
2879 3087 3187 3156 βπσιλεύειν
3243 3097 3343 3158 τῆς
3399 3089 3657 3154 Ἰταλίας.
3719 3093 3821 3149 Καὶ

2177 3179 2411 3242 πολλοῖς
2446 3178 2582 3235 ἔτεσι
2645 3177 2990 3254 βασιλεύσας,
3051 3181 3167 3233 εἶτα
3217 3179 3545 3250 τελευτήσας
3603 3182 3821 3237 κατατί-

2175 3273 2320 3326 θεται
2352 3269 2404 3324 ἐν
2549 3270 2759 3342 Κρήτῃ.
2806 3269 2954 3322 Μετὰ
3013 3266 3070 3322 δὶ
3118 3273 3272 3323 Νῖνον
3342 3264 3658 3325 ἐϐασίλευσε
3715 3276 3824 3326 τῶν

2177 3358 2476 3432 Ἀσσυρίων
2505 3361 2709 3431 Θοῦρος
2743 3358 2770 3411 ὁ
2800 3356 2891 3411 καὶ
2950 3357 3122 3430 ’Ἀρης
3181 3356 3408 3426 κληθεὶς
3461 3359 3534 3420 ὡς
3584 3358 3822 3433 πολεμι-

2173 3449 2439 3509 κώτατος.
2473 3449 2681 3503 Τοῦτον
2715 3446 2767 3500 οἱ
2799 3446 3074 3520 Ἀσσύριοι
3107 3447 3194 3520 [Ρ.
3237 3449 3322 3520 16]
3357 3446 3507 3503 Βάαλ
3542 3448 3668 3503 Θεὸν
3699 3449 3824 3518 ἢτοι

2175 3537 2293 3601 Βῆλ
2344 3555 2807 3607 μετονομασαντες
2862 3535 2950 3589 καὶ
3009 3534 3491 3607 άναστηλώσαντες
3551 3532 3823 3596 σέϐονται.

2173 3625 2318 3681 Μετὰ
2350 3622 2405 3678 δὲ
2433 3623 2530 3691 τὴν
2559 3628 2656 3678 τοῦ
2687 3624 2808 3684 Διὸς
2840 3623 3098 3693 τελευτὴν
3159 3630 3371 3686 (barum:
3415 3627 3442 3679 6
3491 3626 3603 3688 οἷὸς
3654 3627 3823 3682 αὐτοῦ

2172 3708 2538 3777 ἐϐασίλευσεν,
2597 3709 2655 3772 ὅς
2717 3710 3110 3784 μετωνομάσθη
3170 3713 3400 3787 Ἑρμῆς·
3459 3715 3525 3782 ἦν
3574 3714 3675 3787 γὰρ
3733 3712 3826 3769 λο-

2169 3802 2472 3877 γικώτατος
2500 3799 2638 3854 πάνυ
2669 3800 2758 3854 καὶ
2821 3801 3222 3872 μαθηματικός·
3284 3801 3341 3862 ὃς
3380 3803 3470 3856 καὶ
3529 3807 3622 3856 τοῦ
3682 3824 3820 3881 χρυ-

2173 3898 2268 3948 σοῦ
2328 3894 2426 3961 τὴν
2515 3892 2670 3968 φύσιν
2751 3889 2950 3964 ἐξεῦρεν
3008 3888 3066 3945 ἐκ
3134 3889 3424 3962 μετάλλων
3482 3891 3820 3967 ἀνθρώποις,

2188 3986 2229 4040 ll
2268 3982 2448 4054 μέντοι
2490 3978 2789 4059 Ἀφροδίτη
2853 3978 3051 4055 λογική
3115 3981 3203 4034 καὶ
3265 3981 3490 4052 ποικίλη
3545 3979 3819 4058 λεγομένη

2170 4073 2423 4150 ἐγαμήθη
2453 4069 2536 4142 τῷ
2581 4066 2840 4125 Ἀδώνιδι
2902 4073 2980 4140 τῷ
3043 4070 3145 4141 υἱῷ
3197 4073 3294 4124 τοῦ
3348 4070 3598 4146 Κινύρου,
3657 4071 3822 4149 φιλο-

2171 4161 2322 4238 σόφῳ
2353 4157 2468 4215 ὄντι
2499 4160 2589 4214 καὶ
2621 4151 2788 4230 αὐτῷ·
2835 4156 2925 4221 οὕς
2984 4159 3072 4212 καὶ
3122 4159 3251 4234 ἄχρι
3303 4160 3528 4215 θανάτου
3595 4161 3827 4238 φιλοσο-

2174 4255 2401 4315 φοῦντας
2433 4251 2523 4303 σὺν
2552 4247 2830 4318 ἀλλήλοις
2859 4250 3058 4324 βιῶσαι
3100 4250 3398 4324 ἱστοροῦσι.
3457 4252 3608 4307 Μετὰ
3658 4249 3716 4306 δὲ
3763 4255 3831 4308 τὸ

2171 4338 2487 4415 βασιλεῦσαι
2517 4338 2819 4413 Ἀσσυρίων
2855 4342 3022 4392 Πῖκον
3076 4338 3170 4393 τὸν
3221 4338 3310 4392 καὶ
3371 4339 3466 4396 Δία
3523 4334 3616 4406 ἔτη
3669 4343 3828 4416 τριά-

2165 4450 2352 4497 κοντα,
2426 4430 2518 4484 τὸν
2597 4429 2713 4482 υἱὸν
2786 4426 2955 4484 αὐτοῦ
3033 4427 3214 4496 Βῆλον
3290 4429 3692 4503 ὀνομαζόμενον
3733 4432 3823 4485 καὶ

420 4525 560 4575 tem.
603 4494 776 4576 Pater
822 4520 873 4575 ei
907 4494 1116 4577 εἱαιὶιᾶ
1165 4537 1414 4595 regnum
1463 4523 1735 4590 dimisit;
1772 4530 1829 4579 et
1883 4526 2056 4580 Picus

2173 4494 2469 4596 Ἦραν-τὴν
2492 4523 2720 4595 γυναῖκα
2749 4518 2848 4585 τὴν
2896 4518 2985 4571 καὶ
3047 4494 3286 4586 ἀδελφήν
3346 4494 3432 4572 ἐπὶ
3477 4494 3588 4586 vrri:
3644 4519 3828 4594 ἀρχῆς

419 4608 684 4679 potentia
704 4614 870 4663 actus
895 4625 1002 4679 per
1021 4612 1088 4664 62
1128 4610 1276 4664 alios
1326 4627 1514 4666 annos
1560 4611 1787 4667 Italiam
1837 4613 2058 4669 rexisse

2167 4610 2483 4668 καταλιπὼν
2517 4609 2652 4683 πρὸς
2699 4608 2792 4663 τὸν
2853 4605 3016 4662 αὐτοῦ
3073 4609 3275 4682 πατέρα
3337 4607 3539 4681 Κρόνον
3596 4609 3826 4683 παραγί-

1622 4741 1980 4797 XYLANDIII
2017 4745 2103 4800 ΕΤ
2141 4743 2355 4801 GOABI
2390 4740 2615 4797 NOTAE.

485 4839 596 4913 (ἒξ-θῇ
624 4837 809 4913 Annis
857 4837 1173 4913 duodecim
1203 4838 1412 4913 plures
1459 4839 1636 4913 habet
1665 4841 2052 4913 Nicephorus.

410 4909 490 4962 Ex
516 4907 720 4979 Bibliis
752 4908 824 4962 ab
855 4909 1078 4979 origine
1105 4907 1307 4963 mundi
1344 4909 1416 4963 ad
1467 4911 1694 4966 natales
1737 4907 2055 4970 Ahrahami

412 4977 874 5054 (exclusive‘non
898 4977 1081 5049 pluris
1111 4981 1438 5054 l9’19annis
1465 4987 2054 5054 computantur.Cum

412 5065 528 5129 qua
540 5051 990 5129 ratiocinatione
1003 5051 1671 5129 convenitHebrmoru'm
1689 5060 2052 5129 supputatio,

411 5121 511 5200 qui
543 5123 1324 5200 alinguaruln__contusione
1354 5140 1544 5200 annos
1562 5121 1852 5200 praeterea
1866 5121 2053 5200 usque

411 5189 485 5244 ad
501 5189 725 5270 natales
741 5193 942 5270 [s_aacii
957 5197 1025 5270 {i2
1047 5197 1534 5270 numerant.Ergo
1557 5189 1607 5254 is
1629 5207 1803 5256 natus
1824 5202 1934 5257 fuit
1953 5189 2052 5254 an-

413 5261 674 5340 9°.201‘3
717 5261 806 5340 V91
851 5267 1009 5340 23049.
1080 5261 1554 5340 annumagefite
1603 5272 1832 5327 Abi-alio
1909 5287 2049 5324 cen—

413 5333 713 5418 tesimum.
741 5333 911 5418 Paulo
943 5342 1073 5418 post
1122 5354 1170 5389 v.
1206 5339 1236 5390 8
1284 5333 1412 5418 ubi:
1445 5342 1652 5418 scripsi
1709 5360 1779 5396 ex
1817 5341 2050 5418 Δ(γι-τινινή

408 5403 605 5480 stirpe.
638 5405 800 5480 Semi.
817 5412 914 5480 est
944 5403 1254 5480 inGrmco,
1288 5411 1390 5464 sed
1451 5403 1760 5480 perspicue
1812 5409 2043 5463 falsum.

411 5476 542 5528 Mox
573 5476 646 5529 de
670 5477 1080 5550 Semii'a‘niide,
1137 5489 1314 5543 trama
1339 5476 1605 5550 repperit.
1637 5482 1702 5534 In
1733 5482 1926 5534 Graaco
1960 5486 2048 5534 est

411 5555 684 5621 ποταμοῖς
723 5543 1012 5621 περιέϐαλε
1042 5550 1226 5620 στόμι,
1261 5543 1418 5621 quod
1439 5543 1672 5605 -mendo
1704 5567 1824 5621 non
1851 5557 2042 5621 vacat.

413 5617 526 5692 Ego
559 5617 828 5693 suspicor
858 5617 1296 5688 ποταμοῖςὲεεὸ
1319 5620 1592 5675 vitiosum
1620 5637 1633 5685 ;
1687 5619 1804 5673 sive
1849 5618 2043 5680 ἳπποις

2166 4845 2285 4899 sive
2314 4841 2454 4912 quid
2486 4839 2648 4912 aliud
2680 4835 2992 4912 scripserit
3013 4839 3238 4912 auctor,
3263 4841 3664 4912 ut__equestris
3724 4858 3818 4896 re-

2163 4906 2424 4970 inven'tio
2438 4911 2732 4966 bellicos-2e
2747 4906 3583 4982 vir_aginitribuaitui'\'irgilius
3596 4912 3827 4982 quidem

2166 4985 2356 5041 xEreid
2410 5000 2478 5036 vn
2511 4983 2712 5035 Picum
2747 4976 2923 5048 hujus
2975 4976 3184 5038 ﬁlium,
3239 4979 3284 5031 si
3336 4976 3635 5037 Cedrenus
3689 5001 3825 5040 vera

2165 5058 2391 5111 retulit.
2429 5068 2713 5122 equorum
2748 5050 3099 5122 domitorem
3126 5050 3416 5122 nominat,
3449 5052 3720 5109 fortassis
3754 5074 3825 5112 eo

2167 5131 2406 5182 invento
2440 5120 2756 5194 insignem.
2791 5128 2855 5174 ut
2883 5120 3106 5194 ibidem
3129 5121 3283 5175 alius
3315 5123 3663 5191 perhibetur
3691 5128 3826 5182 viti-

2169 5206 2348 5254 sator.
2385 5191 2596 5262 Στόμιᾶ
2620 5194 2845 5266 γΐςαεηοε
2869 5191 3204 5262 signiﬁcare
3234 5199 3440 5248 notum
3463 5202 3572 5252 est.
3595 5198 3826 5266 Signiﬁ-

2164 5275 2304 5322 cant
2336 5266 2514 5319 etiam
2545 5263 2770 5317 oriﬁcia
2803 5279 2905 5317 seu
2939 5279 3058 5318 ora.
3091 5268 3156 5317 ut
3187 5279 3476 5329 vasorum,
3510 5263 3822 5328 Venarum,

2160 5340 2241 5392 De
2268 5334 2645 5414 fluminibus,
2671 5351 2874 5414 eorum
2900 5333 3050 5388 ostia
3067 5340 3136 5414 ut
3158 5335 3510 5414 significent,
3529 5355 3648 5394 non
3683 5341 3818 5414 legi,

2159 5425 2356 5478 neque
2387 5407 2618 5478 videtur
2646 5405 2957 5476 quadrare.
2995 5407 3149 5460 Infra
3181 5405 3419 5475 quidem
3454 5405 3512 5464 in
3546 5405 3815 5468 Heraclio

2160 5475 2360 5555 στόμια
2391 5475 2485 5555 spy:
2499 5498 2604 5548 μου
2634 5475 2837 5532 fauces
2859 5484 3024 5533 vocat
3045 5479 3163 5555 s_i_ve
3185 5482 3506 5551 angustias,
3539 5499 3646 5553 per
3665 5501 3813 5555 quas

2155 5552 2216 5607 in
2248 5551 2628 5607 solitudinem
2661 5555 3024 5622 penetratur.
3058 5551 3195 5604 XrL.
