4156 6188
245 362 324 422 51
1405 355 1947 421 HISTORIARUM
1991 353 2514 418 COMPENDIUM
2528 403 2543 418 .
3598 363 3677 424 68

245 516 426 567 νεται,
480 492 597 566 ἤδη
656 503 1000 571 γεγήρακοτα
1051 494 1143 548 καὶ
1199 492 1715 567 ταλαιπωρήσαντα·
1746 491 1794 565 ᾧ
1821 492 1915 545 καῖ

2030 488 2233 546 fertur.
2295 489 2468 547 Belus
2525 492 2687 548 ﬁlius
2718 494 2849 565 ejus
2888 494 2999 550 hoc
3054 511 3273 551 nomen
3321 497 3397 552 ob
3425 497 3485 552 id
3518 501 3678 569 quod

252 590 594 664 παραχωρεῖ
619 586 720 654 τῆς
756 581 1037 660 βασιλείας
1089 582 1266 651 εὐθὺς,
1327 583 1417 638 καὶ
1476 582 1636 643 οὗτος
1691 578 1918 640 δυνατὸς

259 675 338 732 ὧν
368 672 516 730 ἄλλα
534 668 631 744 ἔτη
666 673 928 743 ἑξήκοντα
966 669 1064 727 δύο
1120 673 1257 728 κατά
1307 674 1407 743 τὴν
1466 669 1700 727 Ἰταλίαν
1762 670 1920 745 βασι-

260 764 467 821 λεῦσαι
510 763 745 842 λίγεται.
808 764 989 833 Βῆλος
1022 759 1080 818 δὲ
1110 763 1139 819 6
1169 763 1287 824 υἱὸς
1345 760 1437 817 διὰ
1481 762 1542 818 τὸ
1604 760 1919 833 ὀξυκίνητος

270 856 410 910 εἶναι
450 855 615 915 οὕτως
692 851 925 923 ἐκλήθη,
1000 852 1090 908 καὶ
1167 851 1263 907 δύο
1338 847 1433 922 ἔτη
1513 846 1917 927 βεϐασιλευκὼς

274 942 559 1017 Ἀσσυρίων
610 940 857 1012 τελευτᾷ.
912 942 1076 1004 Νῖνος
1122 937 1180 996 δὲ
1209 942 1239 996 6
1267 939 1465 996 τούτου
1523 945 1665 1004 θεῖος
1725 938 1921 1014 ἐγκρα-

265 1034 365 1095 τὴς
416 1030 701 1106 γενόμενος
754 1037 855 1100 τῆς
914 1030 1097 1107 ἀρχῆς
1155 1032 1239 1106 νβ’
1296 1027 1388 1100 ἔτη
1445 1033 1554 1085 τῶν
1616 1028 1918 1102 ’Λσσυρίων

256 1117 633 1179 ἕϐασίλευσεν.
667 1123 765 1179 Ἐκ
789 1118 890 1176 τοῖ’)
945 1122 1130 1196 γὲνους
1184 1120 1277 1175 οὖν
1335 1119 1498 1175 αὐτοῦ
1557 1119 1647 1173 καὶ
1707 1118 1921 1193 Ζωροά-

256 1231 433 1284 στρης
470 1211 502 1265 6
531 1205 864 1285 περιϐόητος
900 1208 1237 1285 ἀστρονόμος
1295 1207 1349 1264 ἕν
1409 1206 1641 1282 Πέρσαις
1688 1207 1920 1283 γενόμε-

250 1320 345 1361 νος
376 1294 584 1369 ηὔξατο
614 1299 719 1353 ὑπὸ
747 1298 920 1373 πυρὸς
980 1298 1165 1372 αερίου
1209 1299 1615 1372 κεραυνωθῆναι
1663 1296 1752 1351 καὶ
1796 1296 1918 1351 ἄνα-

248 1386 530 1457 λωθῆναι,
590 1385 970 1461 ἆντειλάμενος
1017 1393 1135 1448 τοῖς
1184 1387 1413 1461 Πέρσαις
1457 1386 1525 1441 τὰ
1572 1385 1705 1441 ὀστᾶ
1753 1384 1920 1440 αὐτοῦ

255 1480 402 1552 μετὰ
448 1479 550 1546 τήν
607 1478 799 1533 καῦσιν
857 1473 1148 1532 ἀναλαϐεῖν
1206 1477 1297 1532 καὶ
1381 1475 1670 1553 φυλάττειν
1725 1473 1922 1537 αὐτοὺς

254 1568 346 1624 καὶ
409 1571 596 1640 τιμᾷν·
659 1567 751 1621 καὶ
804 1563 911 1628 ἳως
971 1566 1061 1632 οὗ,
1114 1566 1273 1641 φησὶ,
1327 1564 1563 1630 σώσεσθε
1616 1567 1803 1632 ταῦτα,
1854 1563 1919 1623 τὸ

262 1654 551 1734 βασίλειον
604 1662 708 1725 τῆς
763 1656 915 1729 ὑμῶν
969 1654 1160 1734 χώρας
1246 1653 1347 1709 οὐκ
1403 1653 1660 1727 ἐκλείψει.
1729 1654 1919 1712 Οὕτως

264 1754 359 1805 οὖν
420 1748 622 1804 τούτου
677 1749 804 1822 πυρὶ
867 1746 1105 1822 οὐρανίῳ
1157 1745 1520 1826 τεφθωθίντος
1569 1746 1636 1801 τὰ
1696 1744 1923 1821 λείψανα

261 1839 434 1895 αὐτοῦ
464 1836 556 1893 διὰ
583 1843 755 1911 τιμῆς
786 1839 945 1912 εἶχον
1000 1837 1054 1890 οἱ
1101 1836 1327 1909 Πέρσαι,
1368 1832 1473 1897 ἕως
1518 1834 1716 1890 τούτου
1758 1855 1919 1890 κατα-

258 1929 633 2003 φρονήσαντες
704 1925 797 1980 καὶ
871 1931 974 1993 τῆς
1048 1920 1330 1999 βασιλείας
1389 1922 1653 1994 ὶξὲπεσον.
1730 1922 1920 1979 Τοίνυν

261 2018 399 2091 μετὰ
430 2017 598 2073 Νῖνον
622 2016 716 2071 τὸν
747 2019 845 2070 τοῦ
877 2014 1001 2075 Διὸς
1031 2011 1266 2087 ἀδελφὸν
1307 2018 1515 2087 Θοῦρος
1566 2017 1677 2068 τῶν
1729 2014 1918 2069 Ἀσσυ-

263 2107 394 2181 ρίων
428 2102 733 2181 βασιλεύει.
768 2106 979 2162 Τοῦτον
1009 2104 1038 2158 6
1067 2103 1248 2177 πατὴρ
1279 2101 1445 2157 αὐτοῦ
1505 2100 1695 2174 Ζάμις,
1744 2101 1804 2164 ’ὸς
1856 2104 1922 2170 ἦν

257 2202 359 2265 τῆς
394 2194 547 2256 Ῥέας
608 2191 865 2270 ἀδελφὸς,
928 2191 1017 2247 ἐπί
1067 2197 1148 2264 τῷ
1205 2191 1431 2265 ὀνόματι
1485 2195 1582 2246 τοῦ
1638 2188 1920 2261 πλάνητος

260 2284 485 2359 ἀστέρος
516 2285 694 2358 ’Ἄρεα
720 2280 996 2339 ἐκάλεσεν.
1032 2282 1134 2338 Ἢν
1183 2278 1243 2338 6‘s
1299 2282 1328 2336 6
1386 2282 1562 2355 Ἀρης
1616 2280 1775 2344 οὗτος
1826 2302 1918 2335 πι-

260 2375 388 2446 κρὸς
419 2376 510 2429 καὶ
540 2374 674 2447 ἄγαν
706 2370 1209 2446 δυσκαταγώνιστος
1252 2368 1619 2443 πολεμιστὴς,
1670 2369 1731 2432 ὅς
1785 2376 1920 2424 Καυ-

264 2464 415 2536 κάσῳ
443 2463 549 2518 τινὶ
580 2460 732 2536 ἀνδρὶ
784 2466 1143 2537 γιγαντογενεῖ
1198 2457 1427 2532 δυνατῷ,
1487 2459 1547 2514 ἐκ
1583 2467 1684 2528 τῆς
1738 2458 1919 2537 φυλῆς

266 2534 441 2631 ’ὶάφεθ
468 2534 811 2628 ὡρμημένῳ,
855 2534 1108 2615 Ϋὲπελόών
1164 2550 1254 2604 καὶ
1310 2534 1773 2622 καταπαλεμήσας
1827 2534 1917 2603 καὶ

278 2640 482 2697 ἀνελὼν
543 2633 815 2714 παράλαϐε
871 2639 973 2707 τὴν
1032 2638 1222 2712 χώραν
1284 2635 1472 2706 αὐτοῦ,
1523 2636 1615 2691 καὶ
1672 2635 1761 2690 ἰπὶ
1814 2636 1916 2704 τήν

284 2730 496 2803 Θρᾴκην
527 2728 690 2784 ἐλθὼν
716 2727 807 2783 καὶ
839 2725 1168 2798 τελευτήσας
1223 2724 1335 2781 ἐκεῖ
1393 2726 1671 2781 θάπτεται.
1723 2725 1917 2798 Τούτῳ

272 2824 351 2891 τῷ
393 2820 551 2893 Ἀρεῖ
600 2818 821 2892 πρώτην
881 2815 1091 2887 στήλην
1157 2814 1450 2887 ἀνέστησαν
1510 2816 1564 2870 0i.
1615 2812 1917 2889 Ἀσσύριοι,

263 2910 353 2963 καὶ
410 2908 486 2970 ὡς
539 2908 667 2964 Θεὸν
736 2904 1120 2982 προσκυνοῖηι,
1208 2903 1355 2960 Βάαλ
1439 2903 1823 2978 ὀνομάζοντες,
1885 2902 1916 2958 6'

2027 579 2301 635 celeriter
2331 587 2669 638 moveretur
2713 582 2938 639 habuit.
2971 586 3025 638 Is
3059 602 3190 641 cum
3214 603 3322 659 per
3366 587 3677 645 biennium

2025 684 2273 741 regnum
2305 671 2683 743 Assyriorum
2714 672 3017 745 gessisset,
3078 675 3138 729 in
3182 676 3302 731 fata
3358 680 3673 737 concessit.

2024 759 2277 813 Patruus
2308 759 2438 831 ejus
2469 760 2651 817 Ninus
2673 777 2857 835 regno
2888 762 3134 833 potitus,
3165 767 3232 817 57
3254 780 3447 820 annos
3502 768 3674 840 Assy-

2025 848 2132 903 riis
2161 848 2490 919 imperavit.
2524 852 2607 904 Ex
2637 850 2818 923 hujus
2851 867 3066 921 genere
3107 852 3284 907 etiam
3336 856 3674 914 Zoroastres

2027 937 2244 993 nobilis
2274 936 2376 992 ille
2406 938 2563 1011 apud
2591 938 2801 995 Persas
2856 945 3236 996 astronomus
3276 944 3536 1011 exstitit;
3570 946 3673 1016 qui

2027 1042 2090 1083 se
2121 1026 2371 1083 fulmine
2394 1028 2576 1083 ictum
2598 1043 2667 1083 ac
2688 1034 3106 1100 consumptum
3129 1029 3199 1084 iri
3240 1032 3537 1102 praedixit,
3570 1035 3674 1088 80

2026 1116 2447 1189 mandavitque
2466 1117 2662 1173 Persis
2681 1122 2748 1171 ut
2768 1134 2904 1173 ossa
2917 1134 3022 1175 sua
3036 1135 3105 1173 ex
3119 1119 3394 1176 incendio
3409 1122 3676 1195 legerent

2027 1221 2095 1261 ac
2126 1206 2496 1262 custodirent
2525 1212 2705 1279 atque
2727 1213 3175 1276 venerarentur,
3203 1212 3556 1281 promittens
3579 1229 3674 1267 re-

2025 1311 2208 1367 gnum
2229 1312 2301 1351 ex
2331 1296 2594 1368 ipsorum
2622 1298 2867 1353 natione
2899 1296 3162 1353 ablatum
3203 1314 3323 1354 non
3354 1300 3425 1354 iri
3484 1316 3676 1371 quan-

2028 1383 2131 1440 diu
2162 1401 2232 1440 ea
2252 1385 2539 1441 colerent.
2572 1388 2652 1443 Eo
2676 1386 2878 1458 itaque
2910 1386 3167 1443 fulmine
3197 1388 3258 1443 in
3316 1389 3548 1445 cineres
3590 1406 3680 1445 re-

2028 1474 2200 1532 dacto
2231 1476 2516 1548 reliquias
2547 1475 2676 1547 ejus
2726 1478 2916 1533 Persa'
2961 1478 3296 1543 coluerunt,
3356 1479 3545 1535 donec
3602 1480 3678 1535 iis

2026 1568 2313 1640 neglectis
2342 1585 2590 1642 regnum
2621 1570 2798 1625 etiam
2828 1571 3178 1628 amiserunt.
3208 1573 3497 1628 Caeterum
3525 1574 3676 1629 Nino

2024 1657 2177 1712 Iovis
2220 1658 2388 1713 fratri
2418 1659 2647 1715 Thurus
2669 1660 2730 1714 in
2749 1676 2997 1732 regnum
3020 1662 3323 1733 Assyrium
3346 1663 3669 1733 {successiL

2027 1747 2195 1801 Hunc
2246 1748 2437 1802 Zamis
2482 1753 2670 1819 pater,
2704 1749 2887 1805 frater
2915 1749 3111 1819 Rhein,
3158 1752 3400 1807 Martem
3432 1753 3677 1808 nomine

1953 1856 1999 1925 Β
2025 1837 2282 1907 planetae
2312 1838 2649 1909 appellavit.
2681 1839 2820 1894 Erat
2847 1845 3045 1895 autem
3072 1857 3210 1897 acer
3234 1840 3400 1898 valde
3433 1847 3492 1897 et
3507 1859 3675 1916 supe-

2029 1930 2163 1981 ratu
2188 1925 2580 1982 difficillimus
2607 1926 2880 1984 bellator.
2914 1930 2967 1983 Is
2995 1930 3342 1997 Caucasum,
3367 1938 3673 2002 potentem

2032 2014 2335 2070 hominem
2369 2020 2428 2070 et
2482 2016 2915 2089 gigantigenam
2975 2035 3046 2072 ex
3097 2019 3284 2089 Iapeti
3345 2019 3673 2076 ditionibus

2028 2102 2358 2175 profectum
2386 2121 2695 2177 aggressus
2715 2106 2871 2163 bello
2908 2108 3044 2162 vicit
3066 2113 3125 2162 et
3152 2108 3389 2173 occidit,
3422 2110 3672 2181 ejusque

2030 2192 2314 2249 ditionem
2346 2195 2825 2265 occupavit.Post
2843 2196 2904 2250 in
2934 2196 3242 2253 Thraciam
3265 2199 3446 2263 venit,
3472 2199 3673 2270 ibique

2027 2282 2145 2337 vita
2174 2281 2414 2338 functus
2435 2289 2493 2337 et
2550 2284 2877 2339 tumulatus
2932 2291 3041 2341 est.
3094 2288 3238 2342 Huic
3268 2288 3434 2343 Marti
3494 2287 3673 2359 primo

2030 2376 2284 2427 statuam
2307 2378 2637 2443 posuerunt
2666 2374 2910 2444 Assyrii,
2943 2379 3119 2446 atque
3153 2382 3218 2429 ut
3248 2375 3424 2431 deum
3460 2376 3673 2432 adora-

2027 2466 2258 2524 verunt,
2291 2460 2530 2515 Baalum
2550 2462 2965 2527 nominantes;
3005 2463 3162 2533 quod
3195 2452 3368 2519 Sonat
3427 2466 3671 2520 Martem

2024 2548 2317 2603 bellorum
2333 2548 2678 2603 deum.Post
2693 2550 2852 2605 hunc
2865 2551 3058 2605 Lamis
3073 2551 3325 2621 Assyriis
3343 2554 3671 2624 imperavit.

2026 2639 2089 2693 Ei
2140 2639 2574 2710 Sardanapalus
2626 2646 3019 2711 cognomento
3078 2643 3314 2715 Magnus
3363 2645 3673 2711 successit,

2025 2743 2202 2799 quem
2231 2730 2482 2783 Perseus
2510 2728 2668 2783 Jovis
2691 2746 2760 2784 ex
2782 2730 2978 2785 Danae
3008 2730 3167 2785 ﬁlius
3197 2731 3497 2787 interfecit
3522 2750 3536 2798 ;
3582 2750 3674 2787 re-

2024 2834 2258 2891 gnoque
2280 2820 2536 2891 Assyriis
2561 2820 2840 2892 adempto
2871 2837 2973 2877 eos
3004 2838 3038 2877 a
3086 2838 3147 2877 se
3176 2822 3381 2878 Persas
3404 2823 3677 2879 denomi-

2026 2908 2207 2973 navit,
2237 2909 2430 2980 iisque
2463 2925 2570 2980 per
2598 2911 2665 2963 53
2697 2924 2885 2963 annos
2912 2910 3240 2981 imperavit.

264 2997 616 3073 ἑρμηνεύεται
676 2998 848 3071 Ἄρης
916 2993 1179 3068 πολέμων
1248 2993 1400 3056 Θεός.
1467 2994 1614 3049 Μετὰ
1676 2997 1871 3049 τοῦτον
1940 2996 2117 3068 Δάμις
2184 3001 2294 3051 τῶν
2358 2996 2656 3073 Ἀσσυρίων
2751 2991 3117 3063 ἐϐασίλευσεν,
3203 2999 3320 3052 εἷτα
3391 2996 3675 3073 Σαρδανά-

261 3084 487 3148 παλεςὸ
523 3084 714 3160 μέγας,
748 3083 806 3138 ὅν
854 3084 945 3138 καὶ
1013 3084 1043 3138 6
1099 3083 1222 3145 Διὸς
1278 3082 1367 3137 καὶ
1417 3081 1622 3153 Δανάης
1681 3082 1797 3145 υἱὸς
1863 3084 2093 3157 Περσεὺς
2161 3083 2502 3153 ἀποκτείνας,
2567 3084 2655 3139 καὶ
2715 3085 2824 3139 ἀπὸ
2873 3085 3173 3160 Ἀσσυρίων
3231 3087 3332 3155 τήν
3388 3085 3673 3161 βασιλείαν

258 3174 619 3252 ἀφελόμενος,
649 3173 730 3238 εἰς
754 3173 817 3229 τὸ
846 3170 987 3229 ἴδιον
1020 3170 1197 3245 ὄνομα
1228 3170 1434 3247 Πᾶρσας
1463 3172 1841 3245 μετωνόμασεν
1870 3171 2088 3242 αὐτοὺς,
2114 3174 2205 3228 καὶ
2234 3168 2579 3229 ἐϐασίλευσεν
2610 3174 2787 3229 αὐτῶν
2820 3168 2912 3243 ἔτη
2944 3175 3038 3248 νγ“.

326 3267 420 3335 Μὴ
453 3264 767 3321 λανθανέτω
793 3259 852 3318 δὲ
893 3259 1102 3336 μηδένα
1140 3260 1441 3336 ἀνθρώπων
1489 3265 1598 3316 τῶν
1650 3258 1909 3332 ἀληθείας

2095 3265 2295 3335 Neque
2324 3280 2461 3320 vero
2493 3266 2810 3337 quisquam
2839 3264 3102 3321 veritatis
3122 3264 3424 3321 studiosus
3449 3265 3682 3337 ignoret

259 3353 751 3427 ἇντιποιουμίνων.
808 3351 898 3408 ὅτι
976 3356 1144 3415 Πῖκος
1220 3349 1383 3412 οὗτος
1442 3351 1472 3405 6
1526 3352 1657 3411 Ζεὺς
1714 3350 1932 3406 πάντων

263 3444 572 3520 ἀνθρώπων
619 3446 730 3498 τῶν
791 3442 885 3496 ἀπ’
942 3440 1142 3504 αἰῶνος
1198 3442 1281 3514 [Ρ.
1342 3443 1431 3514 17]
1491 3438 1931 3517 ὲξεγηγερμὲνων

265 3533 513 3606 πλάνων,
547 3534 789 3608 γοήτων,
852 3532 1284 3610 φαντασιαστεω,
1329 3529 1512 3603 μάγων
1558 3527 1770 3600 δεινῶν,
1828 3550 1933 3603 μυ-

273 3627 483 3699 supini,
515 3620 785 3679 τελεστῶν
814 3618 1081 3689 ἐκτόπων,
1111 3619 1275 3681 αὖοὸς
1306 3618 1373 3688 ἦν
1433 3619 1813 3695 μυσαρώτερος
1840 3619 1933 3674 καὶ

276 3712 723 3789 δραστικώτσρος
753 3710 843 3767 καὶ
901 3706 1333 3786 βδελυρώτερος,
1383 3706 1660 3784 μοιχείαις
1707 3708 1799 3762 καὶ
1839 3707 1933 3763 ἇν-

276 3801 605 3878 ὃρομανίαις
633 3800 725 3855 καὶ
755 3798 1174 3875 ἆρῥητοποιίαις
1201 3818 1259 3852 τε
1296 3798 1495 3859 πάσαις
1551 3796 1639 3851 καὶ
1694 3796 1938 3868 μιαρίαις

273 3892 367 3946 καὶ
396 3887 753 3963 ἀκαθαρσίαις
808 3887 901 3941 καὶ
957 3884 1153 3949 πᾶσαις
1206 3882 1653 3959 ἀθεμιτουργίαις
1709 3882 1800 3938 καὶ
1848 3884 1937 3938 αἱ·-

280 3978 623 4058 σχρουργίας
642 3977 1017 4051 ὶναγεστάταις
1047 3974 1108 4030 ἐκ
1133 3974 1331 4044 νηπίου
1376 3973 1482 4036 ’ὲως
1526 3974 1715 4028 ἑκατὸν
1763 3973 1932 4028 ε’ἰκοσι

280 4070 501 4147 χρόνων
533 4074 635 4137 τῆς
668 4073 815 4137 ζωῆς
841 4064 1005 4120 αὐτοῦ
1036 4068 1291 4139 (τοσαῦτα
1319 4065 1425 4140 γὰρ
1452 4083 1608 4139 φασιν
1636 4061 1798 4118 αὖτὸν
1832 4069 1933 4133 ζῆ-

284 4161 400 4234 σαι)
433 4157 781 4237 ἰσχολακὼς.
811 4156 1015 4219 πάντας
1040 4155 1167 4217 τοὺς
1198 4155 1304 4229 πρὸ
1329 4152 1494 4209 αὐτοῦ
1515 4154 1605 4209 καὶ
1632 4156 1746 4227 μετ’
1776 4153 1937 4212 αὐτόν

286 4249 586 4323 ἀθεμίτους
652 4241 1000 4321 ὑπερϐαλών.
1080 4248 1300 4317 Πνεῦμα
1382 4245 1486 4320 γὰρ
1547 4243 1791 4324 θεμάχον

280 4320 720 4414 ἆκαθαρτότατον
762 4320 984 4391 πάντων
1039 4334 1363 4407 πνευμάτων
1422 4320 1800 4409 πονηρῶνηῆν
1852 4320 1938 4390 ἐπ’

282 4432 456 4504 αὐτῷ,
497 4427 559 4490 ὅς
590 4426 679 4483 ἰπὶ
709 4426 934 4488 πλείους
961 4424 1197 4502 χρόνους
1249 4426 1350 4489 τῆς
1397 4422 1630 4486 Ἰταλίας
1681 4422 1936 4501 βασιλεύ-

280 4541 377 4582 τας
405 4503 481 4575 δι’
512 4512 826 4594 ὑπερϐολήν
852 4520 948 4571 τοῦ
999 4514 1228 4589 ὑψίστου
1264 4503 1356 4568 καὶ
1411 4514 1576 4587 μόνου
1632 4512 1767 4570 Θεοῦ
1830 4535 1935 4588 μα-

2032 3354 2236 3411 Picum
2294 3356 2499 3423 istum,
2558 3355 2659 3426 qui
2717 3361 2776 3411 et
2830 3355 3058 3427 Jupiter
3115 3355 3355 3424 dicitur,
3413 3358 3681 3412 omnium

2032 3452 2297 3518 quoquot
2345 3446 2417 3502 ab
2463 3447 2624 3502 omni
2686 3463 2807 3503 aavo
2854 3446 3209 3503 exstiterunt
3266 3448 3681 3519 impostorum,

2031 3536 2552 3608 praastigiatorum,
2585 3536 2752 3592 falsis
2773 3535 3130 3609 imaginibus
3156 3536 3516 3601 ludentium,
3537 3538 3685 3593 diris

2032 3630 2209 3697 atque
2239 3626 2661 3682 abominandis
2685 3626 2776 3681 8|
2818 3625 3043 3681 artibus
3076 3628 3320 3700 magicis
3356 3627 3683 3696 utentium,

2035 3715 2326 3773 sacriﬁcia
2345 3717 2417 3771 ab
2428 3734 2541 3773 usu
2565 3716 2876 3772 hominum
2897 3717 3279 3773 abhorrentia
3307 3719 3681 3786 obeuntium,

2036 3804 2490 3875 turpitudinem,
2523 3807 2896 3862 atrocitatem
2954 3807 3479 3878 impuritatemque
3505 3826 3683 3879 supe-

2037 3910 2201 3949 rasse
2229 3910 2242 3947 :
2278 3894 2497 3964 quippe
2507 3894 2635 3965 jam
2659 3894 2797 3949 inde
2820 3910 2853 3948 a
2875 3895 3131 3964 pueritia
3147 3895 3684 3960 adulteriis,mares

2037 3982 2441 4055 depereundo,
2473 3982 2634 4038 dictu
2690 3982 2861 4038 fmdis
2922 3982 3270 4037 libidinibus
3345 4000 3413 4038 ac
3486 3983 3681 4050 factis,

2038 4074 2234 4129 omnis
2291 4072 2528 4145 generis
2581 4071 2946 4127 obscenitate
3011 4076 3189 4143 atque
3246 4072 3588 4143 impuritate
3617 4090 3686 4128 ac

2039 4163 2345 4235 quibusvis
2376 4162 2617 4234 flagitiis
2646 4161 2967 4233 impiisque
2998 4177 3177 4232 supra
3200 4177 3380 4233 quam
3437 4161 3553 4218 dici
3583 4180 3689 4234 po-

2038 4258 2155 4308 test
2182 4251 2507 4308 sceleribus
2539 4250 2793 4319 deditus,
2821 4265 3005 4321 usque
3035 4250 3109 4305 ad
3143 4266 3369 4306 annum
3433 4252 3530 4305 120
3577 4252 3689 4322 (tot

2040 4342 2198 4399 enim
2222 4341 2438 4396 vixisse
2475 4340 2685 4413 fertur)
2718 4337 3121 4411 turpissimam
3153 4341 3331 4395 vitam
3385 4340 3681 4412 produxit,

2038 4430 2336 4505 prioribus
2367 4430 2738 4502 posterisque
2760 4428 3039 4485 omnibus
3068 4430 3170 4502 qui
3219 4429 3505 4486 scelerate
3534 4431 3689 4487 vixe-

2040 4528 2182 4578 runt
2207 4538 2244 4577 a
2269 4538 2332 4576 se
2362 4536 2434 4577 ea
2461 4536 2524 4575 re
2556 4519 2871 4591 superatis.
2895 4519 3039 4574 Nam
3082 4519 3297 4590 spiritu
3324 4519 3445 4575 Deo
3475 4518 3685 4575 adver-

279 4608 608 4685 προθυμίας,
651 4607 743 4663 καὶ
799 4608 972 4668 πάσας
1026 4604 1192 4681 κόρας
1239 4604 1475 4702 ξὺραίας,
1532 4602 1671 4702 ὅσας.
1718 4602 1924 4702 λίχνοιε

2044 4618 2211 4668 sante
2227 4610 2616 4679 omniumque
2638 4607 2955 4679 spirituum
2969 4607 3263 4663 malorum
3284 4608 3686 4680 impurissimo

282 4697 423 4757 εἶδεν
459 4698 788 4777 ὀφθαλμοῖς,
822 4693 1159 4775 διαφθείρας,
1209 4692 1287 4757 εἷς
1337 4694 1381 4747 ο“
1432 4691 1792 4766 ποσουμένας,
1842 4691 1934 4747 καὶ

281 4794 402 4851 ταῖς
447 4785 689 4849 πολλαῖς
745 4784 922 4841 αὐτῶν
980 4784 1116 4858 μετά
1172 4786 1476 4860 φαντασιῶν
1534 4780 1787 4857 ἀρῥήτων
1842 4780 1931 4835 καὶ

284 4870 564 4953 μυστικῶν
621 4876 1047 4947 συναπτόμενος,
1094 4873 1157 4928 οὖ
1201 4873 1309 4946 μὴν
1358 4868 1417 4927 δὲ
1467 4869 1617 4926 ἀλλὰ
1671 4871 1759 4925 καὶ
1815 4875 1933 4930 ταῖς

278 4966 496 5024 πλείοσι
579 4971 688 5023 τῶν
780 4963 947 5019 αὐτοῦ
1023 4961 1352 5036 θυγατέρων,
1414 4962 1533 5024 θεὸν
1600 4956 1931 5037 φημίζεσίίαι

278 5062 468 5113 τοῦτον
529 5053 619 5111 καί
669 5052 1129 5126 ἀνακηρύττεσθαι
1186 5056 1301 5112 τοὶς
1378 5047 1616 5110 πολλοῖς
1667 5048 1926 5103 ἀνέπεισε.

286 5148 380 5203 Καὶ
409 5149 473 5202 τὸ
505 5144 573 5215 δὴ
601 5148 796 5223 χεῖρον
824 5135 902 5198 ἔτι
930 5140 1127 5196 τούτου
1158 5139 1247 5195 καὶ
1304 5138 1668 5211 ἀτοπώτερον,
1718 5137 1801 5190 ὅτι
1838 5135 1927 5192 καὶ

287 5237 422 5311 μετὰ
450 5236 552 5304 τὴν
579 5234 746 5288 αὐτοῦ
773 5229 1031 5300 τελευτὴν
1059 5230 1149 5284 ναὶ
1186 5229 1363 5308 ταφὴν
1412 5228 1513 5296 τὴν
1566 5225 1619 5282 ἐν
1659 5229 1729 5300 τῇ
1779 5227 1927 5301 Κρή-

280 5351 373 5404 τῃ,
430 5327 571 5383 κατά
626 5325 912 5401 πρόσταξιν
967 5320 1152 5390 αὐτοῦ,
1212 5320 1266 5375 οἱ
1322 5318 1549 5375 οἰκεῖον
1582 5315 1745 5374 αὐτοῦ
1799 5318 1925 5373 ναὸν

278 5422 368 5474 καὶ
433 5420 705 5492 μνημεῖον
793 5409 1257 5487 οἰκοδομήσαντες
1337 5408 1663 5482 κατὲθαψαν,
1733 5409 1780 5480 ᾧ
1834 5408 1925 5462 καὶ

278 5509 452 5570 οὕτως
510 5505 839 5580 ἐπέγραψαν·
894 5527 923 5555 ι(
984 5496 1204 5566 Ἐνθάδε
1252 5505 1427 5556 κεῖται
1481 5498 1655 5554 θανὼν
1701 5502 1865 5561 Πῖκος
1896 5498 1924 5552 6

276 5600 363 5656 καὶ
393 5596 546 5659 Ζεύς.
580 5620 609 5648 ››
643 5593 738 5649 Καὶ
802 5592 935 5666 μετὰ
989 5594 1157 5646 ταῦτα
1186 5592 1221 5660 ἡ
1256 5594 1353 5646 τοῦ
1412 5592 1702 5662 θεομισοῦς
1758 5587 1923 5644 αὐτοῦ

276 5687 361 5746 καὶ
421 5682 767 5764 ὑπερηφάνην
824 5679 1132 5754 πνεύματος
1219 5678 1365 5754 ὀσμὴ
1424 5679 1521 5748 τὴν
1588 5677 1919 5753 οἰκουμένην

2042 4699 2342 4773 agebatur.
2378 4701 2429 4753 Is
2452 4698 2626 4753 Picus
2647 4708 2784 4751 eum
2806 4712 2914 4768 per
2936 4701 3057 4752 tam
3080 4697 3298 4753 multos
3329 4714 3537 4764 annos,
3570 4700 3688 4755 Deo

2042 4788 2492 4862 longanimitate
2540 4803 2775 4843 summa
2803 4786 2917 4841 hoc
2946 4787 3303 4855 sustinente,
3335 4787 3562 4843 Italiam
3596 4802 3690 4839 re-

2042 4880 2248 4945 xisset,
2299 4893 2628 4948 omnesque
2671 4876 2964 4931 formosas
3017 4875 3264 4947 puellas,
3300 4889 3683 4945 quascunque

2040 4968 2321 5024 mollibus
2344 4965 2467 5022 suis
2497 4966 2689 5021 oculis
2735 4965 2982 5032 viderat,
3015 4966 3396 5035 corrupisset,
3430 4976 3679 5031 quarum

2039 5064 2326 5112 numerus
2354 5052 2429 5111 ad
2459 5056 2527 5108 70
2556 5052 2870 5126 colligitur,
2902 5051 3188 5121 quasdam
3211 5050 3388 5105 etiam
3423 5047 3682 5106 infandis

2040 5160 2107 5200 ac
2137 5143 2403 5215 mysticis
2434 5139 2904 5213 apparitionibus
2935 5137 3194 5200 delusus,
3227 5152 3475 5206 cumqus
3531 5137 3679 5195 adeo

2036 5233 2349 5306 plerasque
2381 5247 2518 5287 suas
2562 5230 2715 5286 tilias
2754 5229 3037 5293 vitiasset,
3069 5225 3262 5281 malus
3308 5225 3411 5280 ille
3442 5227 3683 5299 spiritus

2038 5322 2407 5379 multitudini
2440 5327 2636 5378 tamen
2659 5317 2952 5390 persuasit
2982 5323 3047 5371 ut
3067 5332 3202 5371 eum
3227 5314 3404 5372 deum
3426 5335 3684 5391 pronun-

2037 5413 2270 5468 tiarent.
2305 5411 2369 5467 Id
2400 5427 2534 5466 vero
2557 5408 2817 5464 deterius
2840 5405 3033 5461 adhuc
3094 5410 3183 5462 est
3228 5412 3287 5462 et
3342 5406 3676 5467 absurdius.

2035 5502 2194 5574 quod
2225 5518 2361 5558 cum
2391 5504 2660 5556 mortuus
2692 5502 2749 5551 et
2780 5495 2956 5566 (quod
2991 5495 3393 5571 mandaverat)
3422 5500 3485 5555 in
3508 5502 3679 5557 Creta

2034 5591 2303 5665 sepultus
2335 5596 2510 5659 esset,
2533 5587 2632 5643 ubi
2666 5586 2988 5641 necessarii
3023 5586 3075 5642 ei
3098 5586 3342 5644 humato
3374 5589 3576 5645 fanum
3607 5607 3677 5646 ac

2034 5687 2486 5740 monumentum
2518 5681 2935 5734 exstruxerunt
2959 5693 3090 5734 cum
3127 5679 3235 5735 hac
3256 5680 3675 5753 inscriptione:
