4148 6196
339 5333 341 5335 ,
434 5276 816 5335 doctissimus
875 5283 1149 5352 scriptor,
1209 5281 1509 5336 memoria
1569 5281 1848 5352 prodidit,

438 333 516 392 59
1795 325 2090 389 GEORGII?

2199 325 2489 388 EDRENI
3771 340 3852 399 60

441 490 468 518 ‹‹
500 467 644 526 Huic
668 467 814 522 situs
839 471 929 524 est
976 469 1170 535 Picus,
1205 467 1305 538 qui
1328 471 1387 521 et
1432 465 1678 536 Jupiter,
1713 466 2005 528 mortuus,
2056 481 2085 508 »

2205 454 2586 532 διατρέχουσα,
2631 459 2903 534 βασιλέων
2961 482 3019 516 τε
3075 464 3163 518 καὶ
3218 464 3501 540 ἀρχόντων
3552 466 3641 522 καὶ
3702 466 3850 524 λαῶν

444 557 761 613 Postmodo
779 557 926 612 odor
937 557 1046 612 deo
1067 555 1291 610 inimici
1317 554 1478 608 illius
1494 569 1562 608 ac
1583 551 1819 624 superbi
1841 551 1941 621 qui
1959 565 2096 604 cum

439 653 675 702 rexerat
695 646 959 716 spiritus,
979 645 1181 699 orbem
1209 649 1498 698 terrarum
1524 658 1701 697 cursu
1723 644 2093 713 pervagatus,

439 753 641 808 regum
675 735 1035 805 principum,
1061 732 1416 802 populorum
1447 732 1833 805 gentiumque
1882 728 2098 784 stolida

440 825 618 880 corda
633 821 988 892 implevit,ut
1003 821 1221 876 animis
1237 821 1475 876 inscitia
1491 825 1668 892 atque
1682 819 1988 890 impietate
2004 834 2097 872 oc-

439 912 666 983 cupatis
681 912 837 965 hunc
857 909 1006 965 falso
1022 911 1399 966 nominatum
1413 910 1590 965 deum
1603 909 2096 979 Jovem,aliosque

441 1002 617 1071 hujus
640 999 868 1054 similes
918 1005 976 1055 et
1031 1005 1313 1073 cognatos
1373 999 1699 1066 damones,
1749 998 1849 1054 82
1899 997 2097 1053 divino

437 1089 602 1145 cultu
633 1095 811 1160 atque
837 1089 1190 1145 adoratione
1225 1106 1292 1146 eo
1325 1105 1514 1160 usque
1546 1089 1930 1154 honorarent,
1956 1087 2096 1143 dum

439 1178 694 1233 Verbum
715 1178 817 1235 Dei
841 1195 1084 1234 carnem
1117 1177 1332 1244 induit,
1367 1179 1549 1250 idque
1577 1177 1853 1250 gentibus
1890 1176 2096 1231 beato-

437 1283 568 1325 rum
590 1266 996 1336 apostolorum
1016 1281 1084 1320 ac
1109 1271 1435 1336 martyrum
1455 1265 1792 1320 ministerio
1817 1264 2096 1319 innotuit.

440 1359 694 1425 Narrant
711 1355 870 1410 hunc
886 1357 1086 1410 Jovem
1109 1371 1176 1410 ac
1197 1360 1450 1410 matrem
1474 1355 1605 1426 ejus
1646 1353 2098 1409 Semiramidem

437 1444 856 1515 reliquumque
879 1444 929 1515 ej
941 1461 1010 1498 us
1029 1460 1215 1516 genus
1241 1443 1558 1498 Abrahami
1578 1447 1750 1498 atate
1775 1442 2099 1498 exstitisse.

439 1533 840 1591 Conveniebat
889 1533 1050 1588 enim
1101 1539 1166 1588 ut
1221 1551 1401 1604 quam
1435 1538 1668 1588 atatem
1721 1532 1995 1588 diabolus
2024 1531 2101 1588 ad

443 1623 768 1694 perniciem
829 1622 1033 1677 multis
1091 1639 1273 1694 opera
1325 1621 1668 1677 invisissimi
1717 1621 1890 1676 istius
1945 1620 2100 1676 Jovis

445 1709 788 1766 struendam
820 1710 1140 1782 delegerat,
1168 1710 1372 1765 eadem
1405 1711 1585 1765 etiam
1618 1726 1789 1766 verus
1818 1710 1973 1768 Deus
2005 1725 2100 1765 sa-

2205 547 2471 602 ἀσυνέτων
2523 547 2610 602 καὶ
2665 547 2830 613 ἐθνῶν
2888 548 3111 624 καρδίας
3169 551 3531 627 πληρώσασα,
3587 553 3690 618 ἓως
3747 566 3848 628 τῆς

2201 637 2296 692 τοῦ
2359 637 2537 711 Λόγου
2596 642 2730 692 Θεοῦ
2815 641 3138 709 σαρκώσεως
3196 643 3286 696 καὶ
3337 642 3424 699 ἐπὶ
3487 645 3554 700 τὰ
3599 641 3719 717 ἔθνη
3781 645 3851 702 δι’

2205 723 2529 781 ἀποστόλων
2579 725 2744 802 ἁγίων
2804 728 2893 782 καὶ
2955 731 3240 806 μαρτύρων
3301 730 3616 804 ἀναδείξεως
3674 741 3847 792 πᾶσαν

2203 816 2389 889 ψυχὴν
2423 814 2613 890 ἀγνοίᾳ
2649 817 2740 870 καὶ
2795 813 3009 889 ἀσεεείᾳ
3068 822 3402 895 κρατουμένη
3460 823 3535 884 είς
3595 823 3846 900 λατρείαν

2202 903 2292 958 καὶ
2324 903 2690 978 προσκύνησιν
2747 911 2844 961 τοῦ
2896 905 3255 983 ψευδωνύμου
3313 916 3446 968 Θεοῦ
3503 914 3697 969 οούτου
3752 919 3850 970 τοῦ

2205 992 2327 1047 Διὸς
2359 995 2723 1067 προετρέπετο
2777 996 2866 1049 καὶ
2921 1001 3028 1051 τῶν
3086 999 3292 1071 ὁμοίων
3349 1000 3518 1056 αὐτοῦ
3577 999 3852 1074 δαιμόνων

2203 1083 2290 1136 καὶ
2324 1087 2617 1157 συγγενῶν.
2653 1085 2811 1140 Εἶναι
2842 1085 2898 1140 δὲ
2943 1087 3041 1155 τήν
3099 1087 3294 1144 τούτου
3356 1091 3564 1166 μητέρα
3613 1094 3851 1168 Σεμίρα-

2208 1193 2297 1244 μιν
2329 1170 2419 1226 καὶ
2450 1172 2610 1226 αὐτὸν
2653 1173 2742 1228 τὸν
2803 1176 2900 1229 Δία
2955 1177 3044 1231 καὶ
3102 1179 3201 1246 τὴν
3257 1181 3438 1253 γενεὰν
3493 1181 3661 1236 αὐτοῦ
3715 1184 3850 1238 κατὰ

2202 1260 2346 1346 τοὺς
2385 1261 2624 1346 χρόνους
2681 1262 2955 1339 ἱστοροῦσι
3020 1265 3118 1320 τοῦ
3162 1261 3430 1342 Ἀϐραὰμ·
3494 1265 3690 1346 ἔπρεπε
3745 1272 3851 1344 γὰρ

2201 1351 2299 1403 τοῦ
2331 1343 2594 1405 διαϐόλου
2621 1350 2695 1412 εἰς
2729 1349 2912 1425 λύμην
2941 1351 3168 1410 πολλῶν
3217 1357 3315 1423 τὴν
3369 1357 3505 1411 κατὰ
3560 1343 3648 1412 τὸν
3703 1343 3854 1433 ἔχθι-

2204 1458 2329 1492 στον
2367 1443 2558 1493 τοῦτον
2615 1440 2712 1495 Δία
2768 1441 2952 1517 γενεὰν
3001 1441 3377 1517 έκλεξαμένου,
3435 1446 3557 1502 τότε
3611 1447 3701 1503 καὶ
3755 1447 3848 1504 τὸν

2205 1526 2332 1582 Θεὸν
2380 1527 2470 1581 τὸν
2525 1526 2707 1597 ἀληθῆ
2779 1529 2854 1593 εἰς
2911 1529 3113 1587 πολλῶ
3167 1532 3441 1607 σωτηρίαν
3499 1537 3589 1589 τὸν
3647 1534 3853 1591 δίκαιον

2203 1613 2428 1671 καλέσαι
2461 1611 2735 1692 Ἀϐραὰμ.
2785 1619 2957 1682 Οὗτος
3017 1621 3045 1675 ὁ
3104 1623 3229 1683 Ζεὺς
3288 1623 3424 1697 πρὸς
3481 1630 3597 1686 τοῖς
3656 1623 3850 1686 ἄλλοις

2203 1708 2342 1766 υἱοῖς
2376 1701 2504 1780 ἔσχε
2533 1706 2622 1759 καὶ
2674 1711 2886 1762 Φαῦνον
2943 1710 3030 1764 καὶ
3084 1711 3293 1783 Περσέα
3350 1711 3439 1766 καὶ
3497 1709 3847 1768 Ἀπόλλωνα·

439 1798 580 1854 lutis
615 1798 936 1856 multorum
961 1815 1139 1854 causa
1161 1799 1393 1870 justum
1417 1799 1816 1854 Abrahamum
1839 1802 2090 1855 vocaret.

2206 1791 2351 1848 ἀλλὰ
2406 1794 2497 1848 τὸν
2552 1795 2645 1866 μὲν
2707 1802 2922 1852 Φαῦνον
2982 1797 3064 1853 ἐπ’
3123 1799 3348 1872 ὀνόματι
3406 1807 3503 1856 τοῦ
3569 1803 3848 1872 πλάνητος

439 1889 668 1959 Jupiter
691 1904 826 1942 cum
859 1888 1008 1943 alios
1041 1888 1216 1957 ﬁlios,
1251 1894 1376 1942 tum
1407 1889 1695 1958 Faunum,
1725 1889 2006 1944 Perseum
2039 1892 2098 1944 et

435 1977 773 2049 Apollinem
805 1976 1030 2032 habuit.
1065 1979 1146 2032 Ac
1177 1979 1442 2032 Faunum
1493 1977 1736 2048 quidem
1783 1977 2095 2048 desumpta

439 2071 512 2126 ab
545 2075 779 2126 errante
812 2070 985 2124 stella
1038 2070 1279 2125 nomine
1313 2071 1666 2126 Mercurium
1717 2069 2040 2142 appellavit
2077 2089 2094 2136 ;

438 2160 608 2231 isque
641 2176 674 2213 a
705 2165 894 2214 morte
910 2159 1068 2214 Jovis
1090 2175 1338 2234 regnum
1361 2158 1544 2214 Italia
1577 2176 1766 2215 annos
1790 2161 1855 2213 35
1881 2159 2093 2226 tenuit;

443 2250 620 2304 homo
652 2248 763 2302 fuit
802 2253 1095 2317 versutus,
1127 2249 1607 2318 mathematicus,
1641 2248 2092 2305 disertissimus.

441 2339 586 2392 Cum
618 2355 752 2392 vero
784 2337 1020 2392 insidiis
1059 2337 1428 2408 reliquorum
1485 2339 1734 2393 fratrum
1793 2342 2099 2408 peteretur

439 2427 622 2500 (ﬁlius
653 2428 814 2481 enim
865 2426 1109 2482 Maiadis
1140 2426 1412 2482 mulieris
1445 2431 1592 2491 erat,
1629 2442 1807 2497 quam
1833 2426 1895 2480 in
1929 2427 2097 2481 Italia

434 2519 689 2590 primam
714 2518 920 2573 habuit
942 2534 1186 2574 uxorem
1207 2519 1441 2589 Jupiter
1465 2535 1479 2583 ;
1505 2534 1576 2573 ac
1607 2522 1741 2589 post
1783 2533 1913 2574 eam
1964 2517 2098 2572 Ale-

435 2624 673 2663 menem
705 2607 1068 2670 Thebanam.
1103 2624 1234 2677 qua
1265 2608 1318 2663 ei
1355 2607 1747 2678 trivesperum
1779 2606 2094 2663 Herculem

437 2697 712 2768 peperit,)
743 2713 957 2769 magna
987 2697 1040 2750 vi
1071 2695 1200 2751 auri
1229 2697 1646 2751 suffarcinatus
1677 2697 1736 2750 in
1783 2698 2093 2768 Egyptum

437 2786 706 2840 venit.lbi
721 2785 793 2840 ob
807 2785 936 2841 auri
952 2785 1079 2856 ejus
1104 2785 2094 2858 larginationem,l‘acundiam,divi-

439 2875 616 2930 nandi
645 2874 954 2929 scientiam
975 2881 1032 2929 et
1070 2874 1311 2929 oracula
1349 2875 1643 2947 gratiosus
1678 2875 1867 2930 factus
1888 2893 1955 2932 ac
1987 2895 2092 2949 pro

441 2964 550 3019 deo
573 2963 1118 3029 habitus,Mezromo
1140 2964 1342 3020 Chami
1378 2963 1629 3036 ﬁlio,qui
1661 2969 2089 3040 regnuszgy-

437 3055 522 3128 pti
543 3060 682 3109 tunc
713 3052 1215 3119 tenebat,mortuo
1243 3053 1614 3126 subrogatur.
1640 3053 1745 3111 Ubi
1771 3072 1904 3111 cum
1937 3057 2091 3112 fastu

441 3141 912 3214 etpradictione
971 3143 1329 3209 futurorum,
1383 3142 1530 3198 deus
1576 3143 1932 3214 appellatus,
1982 3161 2090 3216 per

441 3249 629 3289 annos
678 3231 1231 3303 undequadraginta
1261 3231 1321 3286 id
1379 3248 1624 3305 regnum
1656 3233 1858 3304 gessit.
1891 3234 2083 3289 Cate-

439 3339 573 3377 rum
603 3320 838 3392 Apollo,
871 3337 1008 3375 cum
1035 3320 1107 3374 ab
1140 3321 1380 3376 ineunte
1413 3326 1584 3376 atate
1613 3321 1827 3394 spiritu
1877 3323 2090 3393 Pytho-

441 3411 533 3465 nis
591 3410 803 3464 fuisset
865 3409 1122 3473 afflatus,
1170 3409 1337 3481 isque
1380 3410 1624 3482 spiritus
1682 3411 1734 3466 ei
1788 3427 1896 3482 per
1951 3427 2088 3466 om-

439 3515 580 3556 nem
609 3498 788 3553 vitam
831 3497 1136 3560 adfuisset,
1167 3515 1242 3553 ne
1277 3505 1508 3555 mortuo
1555 3499 1796 3570 quidem
1848 3515 1915 3555 eo
1947 3500 2088 3556 ista-

442 3603 573 3640 rum
608 3593 897 3657 nugarum
931 3585 1110 3641 ﬁnem
1143 3587 1282 3642 fecit
1302 3587 1593 3642 diabolus.
1647 3587 1896 3643 Maxima
1941 3588 2085 3642 divi-

442 3674 626 3729 nandi
655 3675 933 3730 facultate
965 3675 1024 3728 id
1052 3692 1239 3747 genus
1261 3676 1502 3747 spiritus
1536 3676 1738 3746 pollet,
1785 3677 1972 3733 multa
1991 3695 2086 3733 ve-

438 3763 814 3838 ra,pleraque
838 3764 1326 3836 autemambigua
1345 3770 1402 3818 et
1441 3765 1725 3836 ancipitia
1759 3764 1832 3820 ob
1851 3766 2089 3838 ignora-

433 3837 657 3908 tionem
683 3853 1095 3908 dicens.88At
1116 3853 1399 3910 Hercules
1413 3855 1474 3909 in
1487 3854 1761 3910 Occiduis
1777 3837 1946 3910 terra
1959 3872 2088 3928 par-

436 3941 593 3997 tibus
608 3942 835 4013 primus
855 3941 1291 4013 philosophiam
1307 3942 1769 4014 instituit,quem
1785 3949 2086 4002 mortuum

435 4032 507 4086 ab
539 4032 666 4102 ipso
696 4032 966 4104 prognati
1001 4031 1062 4085 in
1093 4031 1342 4086 deorum
1376 4047 1696 4087 numerum
1727 4033 2083 4100 retulerunt,

435 4120 719 4192 sidusque
746 4121 806 4174 in
837 4120 983 4175 calo
1010 4120 1252 4175 nomine
1285 4121 1415 4192 ejus
1464 4121 1808 4178 affecerunt.
1869 4123 2084 4178 Hercuc

437 4210 557 4264 lem
604 4211 784 4265 istum
817 4209 1068 4279 pingunt
1123 4209 1400 4263 indutum
1453 4209 1584 4265 loco
1642 4211 1821 4266 vestis
1877 4211 2085 4268 exuvio

439 4297 652 4364 leonis,
687 4297 911 4351 clavam
941 4297 1231 4352 ferentem
1288 4314 1356 4352 ac
1405 4298 1520 4354 tria
1571 4304 1874 4356 tenentem
1906 4302 2084 4370 mala,

441 4402 570 4455 qua
602 4385 942 4440 fabulantur
971 4401 1106 4440 cum
1137 4386 1395 4441 dracone
1453 4388 1616 4444 clava
1659 4390 1853 4446 occiso
1884 4390 2084 4446 abstu-

437 4475 601 4542 lisse,
635 4477 744 4530 hoc
768 4480 1064 4547 notantes,
1090 4493 1226 4534 eum
1258 4477 1411 4536 mala
1464 4497 1533 4536 ac
1591 4483 1748 4536 varia
1793 4480 2086 4552 cupidita-

2207 1881 2428 1958 ἀστέρος
2485 1883 2734 1940 ἐκάλεσεν
2795 1889 3020 1961 Ἑρμῆν,
3080 1888 3139 1952 ὅς
3193 1889 3284 1944 καὶ
3373 1892 3507 1964 μετὰ
3559 1894 3656 1960 τήν
3726 1895 3848 1956 Διὸς

2203 1971 2462 2041 τελευτὴν
2519 1969 2832 2030 ἐϐασίλευσε
2913 1983 3012 2047 τῆς
3096 1979 3330 2043 Ἰταλίας
3399 1973 3492 2051 ἔτη
3560 1983 3852 2056 τριάκοντα

2204 2061 2378 2132 πέντε,
2411 2062 2477 2130 ἦν
2511 2060 2568 2117 δὲ
2624 2069 2926 2140 πανοῦργος
2987 2067 3118 2140 ἀνήρ
3179 2067 3265 2122 καὶ
3326 2071 3704 2142 μαθηματικὸς
3759 2071 3849 2127 καὶ

2206 2148 2570 2228 λογιώτατος.
2603 2154 2754 2210 Ἐπεὶ
2789 2152 2844 2210 δὲ
2880 2156 2982 2211 ὑπὸ
3035 2162 3140 2211 τῶν
3197 2156 3382 2214 ἄλλων
3435 2157 3684 2236 ἀδελφῶν
3731 2161 3852 2217 έπε-

2207 2234 2477 2311 εουλεύθη
2510 2241 2693 2314 (αὐτὸς
2723 2244 2825 2319 γὰρ
2867 2242 3109 2306 Μαιάδος
3165 2249 3420 2320 γυναικὸς
3477 2249 3544 2316 ῆν
3583 2234 3731 2318 υἱὸς,
3786 2252 3852 2319 ἢν

2204 2329 2427 2403 πρώτην
2457 2327 2612 2406 ἔσχεν
2639 2333 2666 2388 ὁ
2715 2334 2841 2395 Ζεὺς
2874 2333 2924 2387 ἐν
2981 2334 3210 2406 Ἰταλίᾳ,
3262 2333 3588 2410 Ἀλκμήνην
3638 2341 3723 2412 [Ρ.
3762 2343 3847 2413 18]

2205 2415 2260 2472 δὲ
2290 2422 2389 2488 τὴν
2430 2415 2668 2489 Θηϐαίαν
2729 2423 2842 2494 μετ’
2898 2423 3088 2492 αὐτὴν,
3148 2424 3198 2494 ἐξ
3255 2427 3320 2493 ἧς
3386 2425 3478 2480 τὸν
3530 2426 3847 2502 τριέσπερον

2203 2502 2358 2583 ἔσχεν
2399 2508 2707 2585 Ἡρακλέα),
2758 2510 2929 2567 πολὺν
2985 2514 3186 2587 χρυσὸν
3245 2513 3726 2588 ἐγκοκπωσάμενος
3774 2517 3850 2579 είς

2202 2595 2487 2675 Αἴγυπτον
2516 2599 2676 2669 ἦλθε,
2707 2602 2800 2656 καὶ
2829 2607 2896 2676 τῇ
2924 2603 3118 2657 τούτου
3151 2601 3390 2658 ἐπιδόσει
3423 2605 3514 2658 καὶ
3568 2609 3648 2676 τῷ
3697 2605 3850 2681 λόγῳ

2203 2690 2292 2745 καὶ
2323 2694 2391 2764 τῇ
2425 2692 2643 2764 μαντείᾳ
2696 2692 2784 2746 καὶ
2845 2697 2961 2754 τοῖς
3018 2689 3500 2768 χρησμῳδήμασιν
3550 2695 3850 2770 ἀγαπηθεὶς

2201 2781 2286 2833 καὶ
2325 2780 2411 2834 ὑπ’
2441 2779 2614 2834 αὐτῶν
2662 2781 3018 2848 ἀποθεωθεὶς,
3082 2779 3336 2856 Μέστρεμ
3394 2786 3490 2837 τοῦ
3542 2783 3662 2837 υίοῦ
3719 2784 3852 2857 Χάμ

2199 2873 2298 2924 τοῦ
2346 2867 2456 2924 ἐκεῖ
2536 2868 2920 2942 βασιλεύοντος
3004 2869 3365 2932 ἀποθανόντος
3421 2873 3576 2934 εὐθὺς
3649 2875 3850 2947 ἀναγο-

2204 2959 2432 3034 ρεύεται,
2490 2959 2578 3013 καὶ
2655 2957 2707 3012 ἐν
2769 2959 3104 3035 ὑπερηφανίᾳ
3181 2961 3271 3015 καὶ
3344 2965 3452 3016 τῶν
3534 2958 3848 3034 μελλόντων

2199 3050 2497 3126 προρῥησει
2529 3050 2604 3110 ὡς
2657 3050 2774 3112 θεὸς
2831 3048 3185 3122 κλεῖζόμενος
3245 3051 3332 3105 ἐπὶ
3391 3050 3470 3107 λθ’
3527 3047 3620 3122 ἔτη
3682 3054 3852 3127 Αίγύ-

2200 3161 2336 3196 πτου
2371 3138 2756 3215 βασιλεύει.’0
2813 3136 2868 3194 δί
2923 3137 3216 3195 Ἀπόλλων
3272 3142 3539 3214 πνεύματι
3597 3142 3849 3206 Πύθωνος

2200 3229 2259 3285 ἐκ
2285 3230 2538 3300 νεότητος
2571 3229 2810 3308 κάτοχος
2859 3227 2934 3282 ὥν
2991 3226 3094 3290 ἓως
3160 3228 3418 3299 τελευτῆς
3480 3232 3666 3302 αὐτοῦ,
3723 3231 3851 3288 οὑδὲ

2197 3322 2333 3396 μετὰ
2389 3319 2649 3390 τελευτήν
2710 3320 2877 3377 αὐτοῦ
2936 3326 3031 3387 τῆς
3093 3319 3428 3400 φληναφείας
3487 3322 3756 3380 ἐπαύσατο
3817 3327 3849 3380 ὁ

2195 3411 2458 3487 πονηρός’
2492 3408 2732 3487 ἔστιγὰρ
2777 3416 2940 3466 τοῦτο
3000 3409 3149 3473 εἶδος
3201 3411 3508 3484 πνεύματος
3570 3416 3852 3485 μαντικώ-

2190 3515 2374 3565 τατον,
2406 3493 2593 3550 πολλὰ
2633 3495 2726 3567 μὶν
2759 3492 2965 3563 ἀληθῆ,
2998 3496 3064 3548 τὰ
3122 3492 3180 3549 δὲ
3238 3493 3467 3550 πλεῖστα
3525 3495 3680 3569 λέγον
3736 3497 3852 3569 ἀμ-

2194 3578 2398 3662 φίϐολα
2427 3584 2519 3638 καὶ
2548 3583 2870 3660 ἀμφιρῥεπῆ
2902 3580 2990 3638 διὰ
3021 3584 3117 3650 τὴν
3175 3582 3415 3660 ἄγνοιαν.
3469 3591 3528 3642 Ὁ
3577 3584 3633 3640 δὲ
3679 3587 3852 3661 Ἦρα-

2191 3671 2332 3742 κλῆς
2387 3677 2604 3746 πρῶτος
2655 3669 2925 3744 κατέδειξε
3011 3670 3332 3749 φιλοσοφεῖν
3385 3671 3438 3727 ἐν
3487 3680 3602 3736 τοῖς
3663 3677 3854 3732 Ἐσπε-

2196 3761 2334 3838 ρίοις
2391 3761 2596 3837 μέρεσι.
2657 3763 2862 3818 Τοῦτον
2920 3761 3226 3816 ἀπεθέωσαν
3287 3763 3338 3816 οἱ
3395 3761 3454 3816 ἐκ
3509 3768 3605 3818 τοῦ
3660 3764 3851 3840 γένους

2193 3849 2360 3904 αὐτοῦ
2423 3848 2556 3920 μετὰ
2609 3849 2708 3918 τὴν
2765 3848 2932 3902 αὐτοῦ
2989 3845 3273 3916 τελευτὴν,
3333 3847 3419 3902 καὶ
3481 3848 3738 3905 ἐκάλεσαν
3795 3851 3851 3906 ὲν

2191 3941 2272 4010 τῷ
2330 3936 2545 4010 οὐρανῷ
2610 3937 2805 4012 ἀστέρα
2873 3935 2956 3992 ἐπ’
3038 3935 3268 4009 ὀνόματι
3350 3939 3534 3997 αὐτοῦ.
3621 3942 3853 3997 ’Όντινα

2185 4016 2468 4102 Ἠρακλέα
2529 4025 2883 4102 ἐγγράφουσιν
2933 4025 3046 4080 ἀντὶ
3105 4030 3342 4104 χιτῶνος
3400 4024 3560 4101 δορὰν
3619 4027 3850 4092 λέοντος

2192 4115 2564 4193 ἠμφιεσμένον
2623 4115 2712 4170 καὶ
2772 4113 3015 4189 ῥόπαλον
3069 4115 3300 4193 φέροντα
3362 4116 3451 4170 καὶ
3506 4116 3631 4190 τρία
3690 4118 3850 4189 μῆλα

2191 4208 2506 4280 κρατνῠντα,
2582 4203 2719 4278 ἅπερ
2803 4202 3095 4281 ἀφελέσθαι
3181 4205 3343 4260 αὐτὸν
3425 4203 3846 4282 ἐμυθολόγησαν

2190 4298 2268 4366 τῷ
2299 4291 2529 4367 ῥοπάλῷ
2581 4291 2913 4367 φονεύσαντα
2966 4293 3057 4347 τὸν
3118 4291 3405 4366 δράκοντα,
3464 4297 3708 4351 τουτέστι
3761 4318 3853 4352 νι-

2191 4384 2435 4454 κήσαντα
2485 4383 2575 4436 τὸν
2628 4382 2870 4457 πονηρὸν
2923 4380 3014 4436 καὶ
3070 4381 3322 4438 ποικίλον
3381 4391 3481 4455 τῆς
3550 4385 3851 4459 ἐπιθυμίας

2191 4471 2466 4548 λογισμὸά
2522 4467 2609 4525 διὰ
2662 4471 2758 4525 τοῦ
2818 4468 3062 4544 ῥοπάλου
3121 4469 3246 4540 ἢτοι
3330 4477 3430 4539 τῆς
3491 4473 3848 4554 φιλοσοφίας,

441 4567 515 4620 tis
546 4565 795 4622 consilia
843 4565 1041 4636 clava,
1075 4567 1186 4623 boc
1215 4573 1305 4624 est
1333 4569 1747 4642 philosophia,
1779 4587 1889 4642 Ope
1920 4571 2086 4626 vicis-

2199 4561 2391 4638 ἔχοντα
2459 4556 2814 4634 περιϐόλαιον
2895 4567 3138 4635 γενναῖον
3227 4563 3488 4639 φρόνημα
3544 4567 3619 4628 ὡς
3678 4564 3844 4643 δόρὰν

443 4672 528 4724 se,
556 4656 838 4712 amictum
869 4656 1045 4712 veluti
1076 4657 1230 4730 pelle
1266 4658 1456 4715 leonis
1506 4661 1708 4715 animo
1748 4675 2034 4732 generoso
2068 4677 2081 4727 ;

438 4752 614 4818 atque
637 4747 718 4801 ita
733 4745 843 4802 tria
889 4746 1047 4802 mala
1068 4747 1406 4818 abstulisse,
1439 4754 1556 4803 tres
1571 4749 1796 4805 scilicet
1816 4748 2083 4816 virtutes,

439 4853 568 4908 qua
592 4842 730 4892 sunt
759 4853 876 4891 non
891 4837 1215 4904 irasci,non
1238 4854 1365 4893 esse
1387 4836 1781 4908 voluptatibus
1794 4837 2082 4908 deditum,

437 4945 556 4984 non
616 4944 746 4983 esse
806 4926 1088 4997 cupidum
1139 4927 1404 4996 pecunia
1460 4925 1623 4980 clava
1681 4927 1842 4982 enim
1899 4929 2083 4984 animi

437 5015 766 5084 tolerantis,
801 5031 868 5069 ac
906 5013 1083 5084 pelle,
1113 5013 1170 5066 id
1205 5019 1295 5067 est
1323 5014 1737 5083 temperantia,
1780 5019 2081 5072 terrenum

438 5117 636 5169 prava
652 5102 1152 5173 concupiscentia
1166 5106 1466 5156 certamen
1478 5102 1588 5156 vici
1599 5109 1635 5166 t,
1643 5103 2082 5175 philosophiam

439 5206 626 5260 usque
658 5195 730 5248 ad
763 5200 1014 5250 mortem
1045 5192 1294 5249 colendo
1315 5211 1327 5259 ;
1347 5192 1506 5263 quod
1526 5192 1600 5248 de
1630 5211 1699 5250 eo
1731 5195 2079 5267 Herodotus,

1935 5283 2080 5340 alios

437 5384 672 5438 quoque
705 5376 933 5440 septem
965 5371 1245 5428 Hercules
1263 5373 1446 5429 fuisse
1477 5389 1749 5428 narrans.

435 5457 746 5511 Enimvero
804 5459 1144 5526 Mercurius,
1196 5463 1467 5535 cognitis,
1501 5471 1565 5517 ut
1619 5463 1899 5530 diximus,
1949 5482 2080 5536 qua

431 5546 546 5601 sibi
584 5545 915 5600 afratribus
948 5548 1139 5612 (erant
1167 5558 1366 5606 autem
1391 5553 1512 5606 Jovi
1555 5567 1623 5607 ex
1667 5551 1916 5606 diversis
1955 5554 2079 5608 nati

433 5633 784 5693 mulieribus
817 5633 923 5688 ﬁlii
958 5633 1194 5690 circiter
1219 5641 1305 5707 70)
1337 5638 1735 5696 tendebantur
1755 5639 2078 5712 insidiis,in

2196 4651 2438 4717 λέοντος,
2470 4648 2558 4705 καί
2589 4651 2764 4712 οὕτως
2811 4650 3146 4730 ἀφελόμενον
3201 4653 3269 4708 τὰ
3312 4653 3437 4726 τρία
3483 4653 3657 4728 μῆλα,
3707 4657 3845 4730 ὅπερ

2195 4741 2306 4798 ἐστὶ
2333 4743 2429 4804 τὰς
2459 4747 2606 4818 τρεῖς
2634 4741 2848 4816 ἀρετὰς,
2878 4742 2942 4797 τὸ
2976 4743 3051 4814 μὴ
3121 4742 3450 4816 ὀργίζεσθαι,
3509 4745 3571 4800 τὸ
3620 4747 3696 4819 μὴ
3751 4769 3849 4825 φι-

2197 4829 2469 4902 ληδονιῖν,
2500 4831 2562 4886 τὸ
2599 4831 2674 4904 μὴ
2707 4831 3080 4908 φιλαργυρεῖν.
3119 4833 3216 4886 Διὰ
3261 4833 3366 4906 γὰρ
3421 4837 3517 4887 τοῦ
3569 4834 3844 4908 ῥοπάλου,

2191 4923 2293 4986 τῆς
2319 4927 2642 4996 καρτερικῆς
2676 4924 2881 4995 ψυχῆς,
2915 4920 3004 4975 καὶ
3055 4927 3157 4989 τῆς
3212 4917 3394 4995 δορᾶς,
3444 4921 3688 4978 τουτέστι
3741 4931 3842 4980 τοῦ

2193 5009 2478 5087 σώφρονος
2512 5014 2806 5084 λογισμοῦ,
2840 5008 3053 5079 ἐνίκησε
3096 5011 3188 5064 τὸν
3236 5012 3422 5084 γήϊνον
3474 5018 3573 5080 τῆς
3621 5012 3840 5089 φαύλης

2193 5098 2485 5172 ἐπιθυμίας
2544 5099 2745 5174 ἀγῶνα,
2806 5097 3183 5173 φιλοσοφήσας
3243 5099 3373 5175 ἄχρι
3433 5104 3684 5170 θανᾶτου,
3743 5125 3842 5159 κα-

2191 5188 2303 5251 θὼς
2375 5185 2670 5263 Ἡρόδοτος
2728 5189 2755 5242 ὁ
2813 5189 3126 5265 σοφώτατος
3181 5193 3570 5265 συνεγράψατο,
3637 5192 3698 5258 ὅς
3748 5193 3840 5249 καί

2191 5275 2420 5340 ἄλλους.
2455 5276 2746 5352 Ἡρακλεῖς
2768 5276 3018 5352 ίστόρησε
3049 5277 3294 5351 γενέσθαι
3325 5277 3477 5339 ἑπτά.

2261 5466 2320 5521 '0
2361 5468 2490 5536 γοῦν
2553 5466 2761 5538 Ἐρμῆς
2817 5465 2978 5538 γνοὺς
3030 5465 3129 5534 τήν
3187 5469 3304 5523 κατ’
3350 5467 3514 5526 αὐτοῦ
3573 5475 3833 5541 συπευήν

2188 5558 2294 5608 τῶν
2324 5549 2572 5631 ἀδελφῶν
2608 5554 2795 5620 αὐτοῦ,
2829 5553 2902 5614 ὡς
2931 5553 3158 5627 εἲπομεν
3205 5559 3348 5632 (περέ
3397 5579 3502 5613 που
3559 5560 3661 5634 γὰρ
3709 5563 3836 5626 τοὺς

2189 5646 2227 5697 ο⁹
2267 5643 2517 5722 ὑπῆρχον
2553 5643 2659 5698 ἀπὸ
2707 5639 2980 5722 διαφόρων
3037 5651 3301 5718 γυναικῶν
3360 5648 3701 5722 γεννηθέντες
3757 5651 3836 5728 τῷ
