4156 6188
313 303 397 360 61
1457 302 2003 366 HISTORIABUM
2046 305 2583 371 COMPENDIUM.
3667 323 3744 380 62

316 435 454 504 Διὶ),
484 433 838 509 ἀνεχώρησεν
897 434 972 495 εἷς
1022 431 1296 508 Αἴγυπτον
1342 435 1478 510 πρὸς
1532 437 1634 504 τὴν
1675 435 1855 510 φυλὴν
1885 442 1981 492 τοῦ

2097 444 2405 515 Egyptum
2438 445 2583 501 abiit
2612 446 2686 500 ad
2729 449 2974 519 stirpem
3029 453 3255 518 Chami,
3292 455 3390 524 qui
3425 460 3552 510 erat
3582 456 3743 512 illius

318 527 459 597 Χᾶμ
505 524 629 578 υἶοῦ
683 521 822 591 Νῶε,
885 524 1084 586 οἳτινες
1139 521 1385 594 ἐδέξαντο
1438 523 1598 578 αὐτὸν
1634 524 1686 580 ἐν
1730 530 1890 600 τιμῇ-
1925 529 1985 591 ὃς

319 615 419 670 καὶ
482 607 746 686 διέτριϐεν
801 610 912 666 ἐκεῖ
971 613 1346 690 ὑπηρηφανῶν
1398 614 1597 675 πάντας
1652 616 1742 668 καὶ
1804 621 1985 692 φορῶν

326 710 550 778 χρυσῆν
607 699 831 771 στολήν.
896 703 996 758 Καὶ
1056 700 1372 780 ἐφιλοσόφει
1431 705 1576 776 παρᾶ
1631 709 1746 766 τοῖς
1781 705 1987 778 Αἰγυπ-

327 792 675 868 τίοις,λὲγων
707 791 896 852 αὐτοῖς
959 791 1229 864 μαντείας’
1291 790 1516 866 λογικὸς
1571 794 1677 867 γὰρ
1707 795 1772 862 ἦν
1807 792 1980 866 φύσει.

336 883 444 941 Καέ
491 882 852 954 προσεκύνουν
899 881 1060 935 αὐτὸν
1113 882 1322 956 Ἑρμῆν
1368 883 1443 944 ὡς
1495 882 1722 958 λέγοντα
1749 884 1817 938 τὰ
1851 882 1984 956 μὲλ-

329 971 494 1026 λοιτα
551 970 641 1024 καὶ
699 967 1058 1024 διακονοῦντα
1114 969 1302 1032 αὐτοῖς
1360 973 1460 1040 τήν
1514 977 1622 1026 τῶν
1666 969 1982 1044 μελλόντων

318 1060 380 1114 ἐκ
408 1064 510 1114 τοῦ
552 1063 688 1114 Θεοῦ
743 1056 901 1126 δῆθεν
959 1058 1246 1133 ἀπόκρισιν
1306 1064 1396 1115 καί
1452 1060 1764 1140 παρέχοντα
1795 1062 1985 1123 αὐτοῖς

315 1151 626 1225 χῶήματα·
662 1149 718 1203 δν
759 1151 850 1204 καὶ
890 1146 1267 1220 πλουτοδότην
1317 1149 1550 1206 ἐκάλουν
1595 1151 1668 1212 ὡς
1714 1155 1812 1205 τοῦ
1843 1171 1984 1226 χρυο

317 1241 420 1293 σοῦ
454 1239 573 1300 θεὸν
608 1237 939 1311 νομίζοντες.

391 1329 487 1382 Ἐν
519 1333 637 1389 τοῖς
677 1329 812 1400 μετὰ
838 1331 1005 1382 ταῦτα
1063 1324 1120 1382 δὲ
1176 1328 1422 1403 χρόνοις,
1453 1327 1538 1382 ἐπὶ
1571 1335 1670 1398 τῆς
1707 1326 1985 1402 βασιλείας

314 1417 610 1485 Φοίνικος,
641 1419 706 1483 ἦν
733 1415 1015 1489 Ἡρακλῆς
1069 1418 1097 1470 6
1155 1415 1462 1495 φιλόσοφος
1495 1419 1522 1471 6
1555 1416 1849 1493 λεγόμενος
1877 1417 1984 1474 Τύ-

313 1528 466 1582 ριος,
498 1506 646 1567 ὅστις
675 1504 865 1582 ἀφεῦρε
920 1508 1020 1574 τὴν
1079 1507 1166 1580 μ).
1206 1508 1292 1580 19]
1349 1505 1664 1581 κογχύλην.
1704 1509 1984 1577 Μετεωρι-

312 1598 552 1671 ζόμενός
581 1597 687 1672 γὰρ
735 1596 814 1658 είς
871 1596 933 1650 τὸ
992 1595 1270 1669 παράλιον
1335 1597 1500 1669 μέρος
1532 1603 1632 1664 τῆς
1664 1596 1842 1671 Τύρου
1874 1595 1985 1652 εἶδε

311 1686 649 1760 ποιμενικὸν
686 1687 818 1740 κύνα
874 1683 1123 1740 ἐσθίοντα
1177 1685 1276 1752 τήν
1338 1683 1646 1762 λεγομένην
1674 1683 1982 1761 κογχύλην,

2088 534 2228 589 Noe.
2263 535 2349 589 Ab
2383 536 2455 590 iis
2485 541 2574 591 est
2604 553 2739 592 cum
2787 539 3012 594 honore
3045 548 3342 614 acceptus,
3377 545 3577 616 ibique
3610 563 3743 617 per-

2093 624 2312 677 mansit
2342 641 2550 680 omnes
2570 643 2690 697 pra:
2716 644 2776 681 se
2801 626 3135 698 despiciens
3158 638 3214 686 et
3238 636 3490 689 Auream
3519 641 3742 690 vestem

2089 727 2319 781 gerens.
2355 713 2811 786 Philosophatus
2867 724 2956 772 est
3004 725 3203 774 autem
3257 723 3414 792 apud
3444 726 3739 796 .Egyptios

2088 801 2435 867 vaticinans,
2470 809 2536 858 ut
2561 811 2688 859 erat
2718 812 2932 861 natura
2953 808 3232 864 disertus.
3267 812 3636 867 Adorabatur
3664 816 3736 870 ab

2089 890 2182 959 iis,
2216 907 2283 946 ac
2323 894 2644 949 Mercurius
2675 896 2775 950 84
2808 897 2952 951 deus
3000 899 3431 970 appellabatur.
3466 903 3624 971 quod
3655 906 3740 958 fu-

2089 986 2220 1036 tura
2249 982 2615 1053 praadiceret,
2643 1000 2711 1038 ac
2751 984 3032 1041 divinitus
3065 989 3348 1044 nimirum
3380 990 3451 1043 de
3485 991 3556 1045 iis
3607 1009 3737 1062 qum

2087 1077 2223 1142 post
2243 1077 2444 1127 essent
2460 1079 2740 1128 eventura
2762 1092 3050 1146 responsa
3068 1077 3534 1144 administraret,
3555 1097 3703 1152 pecu
3717 1112 3738 1122 -

2088 1161 2368 1232 niamque
2419 1163 2863 1234 suppeditaret;
2917 1164 3116 1234 itaque
3171 1167 3346 1221 etiam
3400 1169 3738 1224 divitiarum

2089 1249 2356 1304 datorem
2389 1251 2694 1320 vocabant,
2730 1253 2996 1323 pecuniae
3027 1254 3204 1308 deum
3235 1262 3531 1326 putantes.

2159 1339 2546 1397 Inferioribus
2574 1341 2937 1412 temporibus
2965 1343 3242 1398 Phaenice
3269 1350 3572 1418 regnante,
3599 1347 3739 1401 Her-

2087 1429 2252 1484 cules
2282 1429 2395 1486 fuit
2416 1430 2806 1502 philosophus
2829 1439 3221 1504 cognomento
3248 1436 3474 1505 Tyrius.
3506 1437 3582 1499 ls,
3607 1453 3742 1507 pur-

2087 1535 2297 1590 puram
2332 1521 2574 1576 invenit.
2636 1523 2779 1576 Cum
2835 1522 2992 1576 enim
3054 1523 3114 1578 in
3167 1541 3294 1578 eam
3343 1526 3474 1595 Tyri
3510 1532 3740 1597 partem

2086 1609 2457 1664 ascendisset
2486 1627 2617 1681 quas
2643 1609 2715 1665 ad
2750 1627 2913 1667 mare
2939 1613 3216 1682 pertinet,
3252 1614 3506 1684 pastoris
3531 1632 3739 1670 canem

2087 1699 2230 1755 vidit
2259 1699 2546 1755 concham
2575 1716 2799 1764 vorare,
2829 1707 3246 1773 pastoremque
3278 1720 3311 1757 a
3343 1719 3486 1758 cane
3513 1706 3744 1778 sangui-

310 1777 410 1834 καὶ
446 1775 708 1848 ποιμένα,
737 1773 1038 1848 νομίζοντα
1086 1774 1377 1846 αἱμάσσειν
1427 1775 1518 1829 τὸν
1550 1774 1703 1844 κύνα,
1738 1775 1843 1830 ἀπὸ
1871 1780 1980 1830 τῶν

2095 1804 2223 1842 nem
2257 1789 2444 1842 emitti
2479 1794 2810 1861 putantem,
2837 1791 2972 1845 lana
2993 1791 3063 1845 ab
3088 1809 3192 1846 ove
3218 1799 3459 1863 accepta
3490 1773 3647 1863 quod
3671 1811 3740 1848 ex

312 1860 616 1940 προϐάτων
663 1864 833 1918 πόκον
882 1861 1034 1938 ἐρέας
1076 1859 1313 1918 λαϐόντα
1360 1864 1727 1936 καταμάσσειν
1781 1865 1847 1920 τὰ
1876 1887 1976 1920 κα-

312 1955 668 2032 ταφερόμενα
723 1952 782 2007 ἐκ
831 1957 930 2007 τοῦ
996 1952 1266 2025 στόματος
1319 1956 1416 2007 τοῦ
1471 1953 1648 2014 κυνός.
1708 1954 1770 2011 Ὀ
1805 1950 1978 2010 δὶἩ-

312 2043 534 2119 ρακλῆς
584 2043 983 2118 προσεσχηκὼς
1033 2043 1121 2096 καὶ
1176 2039 1303 2097 ἰδὼν
1348 2041 1477 2097 αὐτὸ
1532 2043 1726 2119 βάμμα
1754 2065 1807 2098 τι
1846 2043 1979 2111 ἐξαί-

315 2156 434 2190 σιον
517 2133 812 2207 ἐθαύμασε·
872 2133 960 2186 καὶ
1021 2131 1184 2206 γνοὺς
1242 2133 1325 2186 δτι
1385 2131 1445 2186 ἐκ
1501 2139 1600 2202 τῆς
1685 2132 1978 2208 κογχύλης

314 2225 484 2294 ἐστὶν,
545 2222 790 2299 εἰληφὼς
847 2222 937 2277 τὸν
1005 2221 1174 2277 πόκον
1249 2220 1324 2283 ὠς
1386 2223 1524 2296 μέγα
1578 2219 1755 2297 δῶρον
1815 2243 1978 2296 προσ-

315 2317 514 2388 ήνεγκε
543 2317 624 2384 τῷ
659 2309 875 2386 βασιλεῖ
913 2314 1012 2375 τῆς
1060 2309 1242 2383 Τύρου
1293 2312 1532 2378 Φοίνικι,
1562 2310 1620 2372 ὅς
1647 2312 1737 2366 καὶ
1769 2310 1974 2367 ἐκπλα-

321 2404 436 2480 γεὶς
486 2402 573 2456 ἐπὶ
633 2405 702 2474 τῇ
761 2399 856 2472 θέᾳ
909 2403 1004 2454 τοῦ
1069 2401 1357 2474 βάμματος
1417 2398 1695 2454 ἐκέλευσεν
1729 2399 1778 2469 ἐξ
1811 2400 1977 2456 αὐτοῦ

328 2493 565 2570 βαφῆναι
622 2490 771 2565 ἐρὲαν
830 2490 918 2544 καὶ
978 2489 1221 2564 γενέσθαι
1279 2490 1431 2560 αύτῷ
1493 2489 1775 2563 βασιλικὸν
1830 2492 1978 2564 περί-

331 2575 580 2649 Εόλαιον,
612 2579 639 2633 6'
668 2573 1102 2653 περιϐαλόμενος
1161 2577 1322 2639 αὐτὸς
1379 2583 1595 2648 πρῶτος
1644 2575 1976 2650 ἐθαυμάζετο

340 2669 443 2723 ὑπὸ
472 2669 700 2722 πάντων·
731 2669 838 2741 πρὸ
872 2666 1069 2721 τούτου
1116 2667 1220 2741 γὰρ
1251 2665 1350 2720 οὐκ
1396 2664 1618 2740 ᾔδεισαν
1670 2668 1722 2721 οἱ
1766 2666 1977 2742 ἅνθρω-

330 2778 424 2811 ποι
458 2758 676 2830 βάπτειν
729 2756 944 2831 χροιάς.
998 2757 1150 2812 Μετὰ
1197 2759 1326 2830 γοῦν
1373 2756 1606 2831 χρόνους
1644 2755 1891 2818 πολλοὺς
1925 2759 1976 2812 οἱ

325 2848 595 2918 Ῥωμαῖοι
641 2848 740 2915 τὴν
804 2846 1078 2901 Φοινίκων
1140 2845 1326 2920 χώραν
1385 2847 1751 2920 κατασχόντες
1806 2847 1868 2900 τὸ
1926 2846 1976 2918 ἐξ

321 2938 506 3010 ἀρχῆς
556 2936 819 3004 ἀληθινὸν
871 2935 930 2990 ἐκ
979 2941 1078 3003 τῆς
1129 2932 1420 3009 κογχύλης
1468 2942 1661 3010 σχῆμα
1694 2934 1978 3010 βασιλικὸν

320 3026 604 3102 ἐφόρεσαν.
669 3025 820 3081 Μετὰ
879 3021 934 3078 δὲ
989 3025 1187 3095 Ῥἑμου
1262 3027 1348 3078 καῖ
1406 3023 1688 3096 Ῥωμύλον
1752 3027 1976 3099 Νουμᾶς

320 3115 654 3190 βασιλεύσας
729 3115 1043 3186 Ῥωμαίων,
1119 3113 1209 3167 καὶ
1287 3110 1572 3186 δεξάμενος
1647 3110 1976 3188 πρεσϐευτὰς

319 3204 378 3260 ἐκ
421 3211 523 3274 τῆς
557 3204 744 3280 χώρας
803 3208 909 3258 τῶν
971 3201 1285 3279 λεγομὲνων
1340 3201 1631 3277 Ηελασγῶν
1680 3209 1980 3280 φοροῦντας

316 3291 620 3370 χλαμύδας
676 3293 910 3369 ἐχούσας
966 3287 1170 3347 ταὸλία
1225 3297 1334 3366 (35)
1392 3292 1582 3366 ῥούσια
1639 3295 1880 3369 καθάπερ
1929 3295 1981 3348 οἱ

318 3383 430 3438 ἀπὸ
458 3390 562 3452 τῆς
592 3382 858 3457 Ἰσαυρίας
905 3382 1115 3457 χώρας,
1168 3381 1256 3436 καὶ
1317 3384 1566 3455 τερφθεὶς
1599 3386 1675 3454 τῷ
1708 3385 1980 3458 σχήματι,

317 3470 586 3541 ἐπενόησε
617 3477 834 3542 πρῶτος
873 3469 924 3525 ἐν
978 3473 1046 3544 τῇ
1102 3471 1293 3543 Ῥώμῃ
1348 3467 1640 3546 χλαμύδας
1700 3477 1982 3546 φορεῖσθαι

316 3565 419 3625 τὰς
471 3566 565 3636 μὲν
617 3563 905 3640 βασιλικὰς
954 3563 1262 3640 πορφύρας,
1315 3560 1551 3638 ἐχούσας
1598 3560 1802 3620 ταϐλία
1842 3566 1984 3641 χρύ-

324 3675 438 3725 σεα,
470 3654 564 3714 τὰς
616 3650 672 3707 δὲ
721 3657 827 3707 τῶν
876 3657 1259 3727 συγκλητικῶν
1305 3653 1397 3707 καὶ
1443 3652 1540 3717 τὰς
1586 3658 1695 3708 τῶν
1727 3652 1780 3708 ἓν
1812 3655 1984 3725 ἀξίαις

318 3744 410 3798 καὶ
473 3742 778 3814 στρατείαις
855 3739 1150 3818 χλαμύδας
1236 3741 1467 3818 ἐχούσας
1545 3745 1828 3816 σήμαντρα
1883 3747 1982 3812 τῆς

325 3832 624 3909 βασιλικῆς
659 3831 931 3909 φορεσίας,
981 3827 1182 3887 ταϐλία
1230 3837 1483 3909 πορφυρᾶ
1531 3829 1804 3903 δηλοῦντα
1833 3833 1979 3902 ἀξίαν

2088 1894 2189 1932 ore
2212 1877 2376 1931 canis
2398 1876 2698 1932 deﬂuebat
2716 1878 3154 1950 abstergere.At
3176 1881 3582 1952 Hercules,qui
3611 1899 3738 1936 rem

2087 1965 2446 2032 observaret,
2481 1968 2794 2022 tincturam
2852 1969 2981 2039 ejus
3041 1968 3191 2023 lanas
3249 1971 3540 2042 egregiam
3600 1986 3733 2024 cum

2086 2054 2478 2110 admiratione
2509 2055 2686 2123 vidit;
2715 2057 3246 2128 animadversoque
3275 2059 3567 2129 liquorem
3600 2076 3732 2114 eum

2090 2160 2162 2198 ex
2191 2145 2418 2200 concha
2449 2145 2560 2200 ista
2604 2145 2867 2211 ﬂuxisse,
2919 2147 3114 2202 lanam
3165 2148 3338 2202 istam
3371 2149 3565 2221 magni
3598 2149 3736 2203 doni

2089 2233 2218 2289 loco
2241 2233 2313 2288 ad
2340 2249 2535 2306 regem
2561 2235 2692 2305 Tyri
2714 2236 3054 2290 thnicem
3077 2237 3296 2292 attulit.
3318 2238 3736 2308 Is,spectaculo

2086 2324 2360 2379 tinctura;
2413 2324 2584 2378 istius
2632 2325 2940 2389 attonitus,
2967 2326 3151 2396 jussit
3192 2327 3304 2381 hoc
3334 2326 3508 2381 modo
3543 2327 3742 2382 lanam

2088 2413 2233 2484 tingi
2268 2418 2444 2483 atque
2474 2428 2543 2467 ex
2575 2429 2643 2466 ea
2683 2413 2792 2467 sibi
2848 2414 3070 2482 regiam
3104 2419 3322 2468 vestem
3356 2416 3588 2484 parari;
3623 2432 3740 2484 qua

2087 2501 2319 2571 primus
2349 2500 2661 2555 hominum
2720 2501 2966 2556 indutus
3025 2502 3300 2555 omnibus
3357 2502 3740 2557 admirationi

2089 2589 2218 2644 fuit.
2255 2589 2398 2642 Nam
2427 2594 2601 2642 antea
2633 2590 2915 2660 temporis
2937 2589 3202 2644 colorum
3231 2590 3546 2644 tincturam
3579 2591 3742 2662 igno-

2091 2683 2363 2732 raverant
2393 2677 2686 2733 homines.
2721 2679 2917 2750 Longo
2977 2684 3110 2750 post
3170 2685 3432 2750 tempore
3465 2681 3737 2747 Romani,

2090 2765 2392 2821 Phcenicia
2414 2765 2680 2830 subacta,
2698 2783 2894 2821 veram
2920 2772 2977 2820 et
2997 2768 3257 2838 antiquas
3281 2769 3740 2838 respondentem

2089 2873 2410 2928 purpuram
2437 2856 2509 2911 ad
2532 2857 2756 2928 regium
2781 2857 3065 2912 amictum
3089 2858 3512 2913 adhibuernnt.
3533 2860 3741 2921 Numa,

2090 2946 2190 3016 qui
2217 2952 2352 3017 post
2382 2946 2700 3001 Romulum
2725 2953 2783 3001 et
2805 2949 3053 3002 Remum
3084 2949 3282 3002 Roma:
3305 2949 3588 3020 regnavit,
3608 2966 3740 3002 cum

2090 3035 2163 3089 ad
2208 3051 2345 3090 eum
2395 3035 2776 3105 Pelasgorum
2835 3036 3008 3108 legati
3068 3037 3366 3091 venissent
3398 3037 3740 3108 chlamydes

2090 3131 2388 3197 gestantes
2420 3132 2732 3197 praetextas
2782 3127 3042 3192 coccino,
3094 3126 3300 3196 quales
3340 3128 3520 3182 etiam
3555 3129 3739 3182 Isauri

2089 3221 2338 3288 gestant,
2374 3232 2441 3270 ea
2469 3217 2661 3272 forma
2711 3216 3036 3272 delectatus
3068 3217 3295 3287 primus
3327 3217 3584 3277 instituit
3616 3223 3678 3270 ut
3708 3234 3742 3270 a

2090 3304 2371 3360 Romanis
2429 3305 2774 3376 chlamydes
2830 3311 3221 3380 gestarentur,
3281 3322 3314 3360 a
3371 3306 3467 3362 35
3505 3305 3740 3376 regibus

2091 3409 2426 3465 purpureas,
2462 3400 2758 3466 praetexta
2790 3412 2958 3458 auro,
2984 3411 3017 3449 a
3043 3394 3417 3449 senatoribus
3449 3400 3505 3449 et
3536 3394 3608 3448 iis
3639 3395 3740 3464 qui

2091 3500 2226 3540 cum
2261 3484 2606 3556 magistratu
2638 3491 2739 3540 aut
2769 3485 3019 3556 imperio
3066 3489 3266 3539 essent
3309 3484 3441 3539 alias
3474 3500 3604 3554 qum
3637 3501 3740 3554 pro

2093 3573 2311 3628 indicio
2339 3574 2482 3648 regii
2515 3576 2862 3647 gestaminis
2895 3593 3155 3647 purpura
3185 3581 3386 3630 essent
3416 3581 3740 3647 praetextae;

2092 3679 2208 3732 quo
2241 3665 2678 3736 significaretur
2709 3667 2985 3720 Romana:
3018 3665 3100 3718 rei
3133 3663 3385 3735 publiczn
3408 3664 3663 3736 dignitas
3687 3669 3743 3715 et

2093 3752 2406 3823 subjectio.
2443 3753 2753 3824 Edixitque
2785 3773 2858 3808 ne
2886 3755 3020 3825 quis
3051 3755 3177 3808 sine
3209 3755 3551 3824 hujusmodi
3587 3754 3741 3808 chla-

2093 3840 2266 3910 myde
2294 3841 2354 3896 in
2385 3842 2671 3911 palatium
2705 3858 2876 3897 suum
2910 3842 3424 3896 intromitteretur.

322 3934 653 4004 ’Ῥῶμαϊκήν
681 3930 964 3994 πολιτείας
993 3931 1082 3985 καὶ
1107 3931 1386 4006 ὑποταγὴν
1421 3929 1725 4006 διαγωγήν,
1757 3930 2014 3996 κελεύσας
2047 3932 2255 4007 μηδένα
2305 3938 2380 3998 εἰς
2428 3937 2490 3991 τὸ
2539 3938 2704 3992 αύτοῦ
2749 3938 3012 3991 παλάτιον
3045 3935 3304 3992 εἰσελθεῖν
3336 3936 3742 4010 συγχωρεῖσθαι

326 4020 450 4076 ἄνευ
478 4026 578 4076 τοῦ
609 4023 898 4096 σχήματος
928 4027 1029 4089 τῆς
1062 4021 1321 4091 τοιαύτης
1349 4017 1664 4096 χλαμύδος.

408 4113 596 4180 Φοῖνιξ
650 4108 709 4164 δὲ
757 4111 786 4164 ὁ
835 4111 951 4172 υἱὸς
992 4115 1090 4164 τοῦ
1139 4111 1436 4186 Ἀγήνορος
1485 4109 1618 4185 ἀνὴρ
1650 4110 1857 4187 ἐγένετο
1891 4134 1984 4167 σο-

331 4201 454 4278 φὸς,
523 4199 582 4264 ὅς
626 4201 997 4273 συνεγράψατο
1050 4202 1328 4261 Φοινικοῖς
1376 4201 1666 4276 γράμμασι
1714 4203 1814 4270 τήν
1872 4201 1986 4275 ἀρι-

330 4290 608 4363 θμητικὴν
655 4287 1003 4368 φιλοσοφίαν,
1076 4287 1352 4361 ὑπεξέθετο
1404 4286 1461 4343 δὶ
1507 4289 1595 4343 καὶ
1658 4288 1983 4363 ἀσωμάτους

330 4379 533 4457 ἀρχὰς,
589 4377 677 4433 καὶ
728 4378 956 4450 σώματα
1004 4375 1061 4432 δὲ
1112 4373 1569 4450 μεταϐάλλεσθαι,
1619 4377 1708 4432 καὶ
1755 4379 1849 4440 τὰς
1878 4383 1984 4452 ψυ-

2166 4117 2409 4176 Phcenix
2442 4119 2724 4190 Agenoris
2756 4117 2913 4173 ﬁlius
2945 4117 3031 4171 vir
3058 4117 3171 4172 fuit
3197 4116 3454 4187 sapiens,
3488 4115 3586 4187 qui
3621 4115 3747 4185 phi‘

2094 4208 2426 4279 losophiam
2454 4208 2525 4263 de
2557 4208 2824 4263 numeris
2854 4205 3207 4277 conscripsit
3238 4201 3451 4261 litteris
3480 4204 3740 4258 Punicis.

2093 4299 2375 4370 Exposuit
2404 4298 2581 4353 etiam
2619 4297 2913 4370 principia
2959 4297 3309 4368 incorporea
3339 4299 3398 4348 et
3426 4309 3741 4366 corporum

2093 4389 2451 4444 mutationes
2477 4387 2930 4457 animarumque
2961 4387 3022 4440 in
3072 4384 3317 4440 alterius
3348 4383 3584 4455 generis
3613 4381 3741 4437 ani-

333 4440 446 4543 ia?
613 4440 920 4540 ἀλλογεννῆ
972 4471 1087 4537 ζῶα
1112 4440 1374 4522 ἐίσιὲναι.
1432 4440 1603 4528 Οὗτος
1657 4471 1873 4544 πρῶτος
1894 4440 1981 4541 ’ἐξ-

2095 4478 2271 4533 malia
2301 4478 2702 4550 migrationes.
2757 4476 2990 4531 Primus
3046 4475 3143 4529 hic
3201 4474 3315 4528 ista
3352 4471 3643 4544 exposuit,
3679 4477 3744 4526 ut

333 4558 484 4621 ἔθετο
541 4559 731 4625 ταῦτα,
801 4555 877 4617 ὡς
946 4553 1181 4627 Κλήμης
1267 4555 1641 4630 συνεγράψατο
1710 4557 1737 4610 6
1806 4557 1987 4633 σοφώ-

337 4667 498 4707 τατος
507 4690 519 4701 .

405 4735 553 4792 Μετὰ
613 4732 669 4789 δὲ
730 4737 828 4804 τὴν
884 4737 1091 4808 Ἑρμοῦ
1139 4732 1397 4802 τελευτήν
1459 4735 1486 4788 6
1538 4739 1838 4811 ’Ἥφαιστος
1896 4732 1985 4788 ἐπὶ

331 4828 559 4898 τέσσαρα
615 4826 786 4896 ὓμισυ
845 4819 937 4893 ἔτη
991 4830 1090 4892 τῆς
1148 4822 1425 4898 Αἰγύπτου
1481 4817 1840 4878 ἐϐασίλευσεν.
1886 4827 1983 4880 Ἠν

2096 4567 2370 4622 Clemens
2401 4567 2576 4622 homo
2608 4565 2988 4620 doctissimus
3012 4564 3298 4634 scriptum
3333 4561 3596 4633 reliquit.

2168 4735 2214 4787 Α
2243 4737 2432 4787 morte
2462 4730 2732 4786 Mercurii
2764 4729 3055 4783 Vulcanus
3087 4743 3334 4799 regnum
3385 4725 3607 4796 .Egypti
3640 4739 3744 4792 per

2096 4837 2284 4877 annos
2315 4825 2569 4891 quatuor
2599 4835 2735 4874 cum
2794 4818 3039 4873 semisse
3080 4816 3291 4871 tenuit.
3341 4814 3557 4867 Ferent
3585 4811 3742 4862 hunc

1531 4953 1898 5008 XYLANDRI
1939 4951 2023 5006 ET
2063 4951 2282 5006 GOARI
2319 4950 2542 5006 ΝΟΤΑΞ.

408 5068 515 5136 ι35)
549 5066 674 5136 Non
707 5062 1005 5136 observavi
1031 5060 1184 5136 alibi
1207 5053 1432 5136 ταϐλία.
1467 5059 1754 5136 \fidentur
1783 5065 1982 5115 autem

337 5132 421 5194 sic
449 5132 738 5208 appellari
770 5132 1332 5208 pannic_uli,_qui_but
1354 5148 1470 5186 orae
1489 5132 1680 5208 laneas
1706 5137 1982 5208 prmtexe-

335 5202 658 5272 rentur,die
680 5202 852 5260 bra—m.
877 5205 996 5260 Nisi
1022 5202 1154 5275 quis
1177 5203 1370 5259 clavos
1387 5202 1655 5267 malit,de
1675 5220 1790 5273 quo
1813 5203 1980 5275 alias.

335 5279 550 5356 {io-3mm:
575 5278 726 5357 verti
747 5274 1076 5357 coccinum.
1101 5278 1485 5357 liussat‘orum
1512 5275 1853 5357 aurigarum
1875 5274 1987 5357 fuit

332 5343 536 5423 genus,
572 5348 729 5423 quod
761 5348 822 5402 in
847 5349 1084 5423 δορυ-ηε
1126 5343 1782 5423 )Siphilinus‘expione
1807 5343 1986 5418 πυρῥᾷ

331 5417 495 5494 σκευῇ
527 5417 810 5492 appellat.
843 5419 1112 5494 Meminit
1140 5417 1295 5473 Plin.
1323 5435 1418 5482 vn,
1453 5420 1540 5472 53.
1581 5417 1857 5494 Plerique
1887 5417 1985 5471 ro-

335 5489 502 5553 seum
536 5489 746 5549 vocant
774 5493 932 5548 hunc
963 5491 1244 5556 colorem,
1297 5507 1492 5560 neque
1532 5506 1675 5544 sane
1706 5506 1741 5544 a
1770 5489 1985 5543 rubore

336 5567 663 5639 sanguineo
711 5563 904 5639 colore
963 5562 1344 5639 prinditarum
1405 5577 1674 5639 rosarum
1707 5562 1871 5639 color
1900 5565 1992 5639 est

336 5631 568 5696 alienus
618 5636 937 5692 Coccinum
965 5631 1148 5688 talem
1182 5634 1444 5704 aurigam
1477 5633 1741 5705 appellat
1769 5631 1985 5686 alicubi

2094 5057 2394 5112 Martialis.
2419 5057 2554 5112 Χγι..
2582 5088 2647 5095 -
2672 5054 2760 5109 Nil
2787 5051 3030 5108 dubium
3055 5050 3197 5119 quin
3218 5060 3351 5100 voce
3370 5036 3612 5094 usum
3639 5046 3744 5099 Ro-

2095 5145 2408 5184 manorum
2460 5130 2605 5182 latus
2636 5127 2817 5181 clarus
2849 5131 2897 5176 et
2930 5121 3126 5175 limbus
3150 5131 3465 5187 purpureus
3516 5122 3738 5170 vestem

2093 5201 2408 5273 insigniter
2431 5208 2761 5273 praatexens
2784 5195 2860 5249 sit
2881 5185 3319 5273 intelligendus.
3347 5185 3562 5273 ῥοόσιον
3584 5188 3743 5243 enim

2095 5290 2135 5345 χ
2142 5261 2300 5345 papa
2328 5261 2510 5345 roseus
2542 5275 2631 5324 est
2661 5269 2789 5345 sive
2807 5261 3117 5345 purpureus
3160 5261 3325 5345 color,
3381 5263 3555 5345 atque
3589 5277 3742 5345 unus

2097 5332 2168 5399 δὲ
2199 5332 2270 5398 iis
2301 5359 2450 5414 quos
2481 5343 2637 5395 inter
2654 5334 3052 5414 auriganduln
3094 5332 3741 5414 factioneshost‘entasse

2098 5416 2302 5472 scribit
2321 5403 2531 5470 auctor
2561 5414 2621 5466 in
2652 5403 2932 5463 Michaele
2982 5403 3463 5476 Theophiliﬁlio.
3498 5405 3739 5458 Prasino

2099 5504 2295 5558 porro,
2331 5489 2546 5540 Veneto
2580 5488 2634 5536 et
2666 5479 2927 5558 candido
2992 5474 3207 5548 ῥούσιον
3240 5475 3529 5547 adjungit,
3563 5493 3740 5545 quem

2097 5551 2305 5615 roseum
2339 5557 2820 5625 interpretantur.
2857 5551 3034 5604 (ἰοΑει.
