4148 6196
351 317 429 376 63
1713 312 2035 374 GEORGII
2077 311 2425 376 CEURENI
3685 318 3762 376 64

344 446 696 504 bellatorem
725 446 929 514 fuisse,
953 464 1022 503 ac
1043 463 1176 503 cum
1199 461 1351 516 equo
1381 449 1755 501 corruentem
1779 443 1992 516 pedem

2127 444 2185 513 ἰὶ,
2218 437 2368 524 φασὶ,
2403 444 2766 520 πολεμιστής,
2817 444 2874 501 6'v
2929 433 3271 520 συμπεσόντα
3319 451 3396 519 τῷ
3423 444 3585 518 *ίππῳ
3615 444 3764 517 πλη-

346 537 612 608 fregisse,
633 537 789 592 unde
812 537 887 592 ad
907 541 1162 591 mortem
1181 550 1369 604 usque
1387 534 1636 590 claudus
1659 550 2001 606 permanse-

348 627 446 682 rit.
480 629 545 680 In
577 627 827 681 deorum
861 639 1178 679 numerum
1201 639 1338 678 eum
1367 624 1614 696 (Egyptii
1645 624 2000 692 retulerunt,

353 717 512 787 quod
542 716 666 788 lege
698 715 817 769 lata
845 715 1112 783 ipsorum
1145 729 1363 768 uxores
1391 729 1509 768 uno
1542 714 1663 770 viro
1695 719 2004 772 contentas

352 822 483 862 esse
514 809 572 859 et
599 803 810 874 pudice
861 801 1054 855 vivere
1095 801 1398 872 jussisset,
1433 803 1912 875 suppliciumque
1944 804 2004 858 in

352 895 650 952 adulteras
707 891 1154 958 constituisset;
1185 898 1287 950 aut
1326 909 1482 962 vero,
1538 899 1603 948 ut
1658 894 1823 949 Plato
1859 893 2002 961 vult,

351 983 504 1054 quod
529 982 614 1036 eis
635 981 985 1039 bellicorum
1009 987 1069 1037 et
1088 983 1447 1039 rusticorum
1469 984 2004 1040 instrumentorum

345 1089 416 1127 ex
443 1070 600 1126 ferro
622 1070 1078 1127 fabricationem
1102 1071 1607 1128 demonstrasset:
1640 1079 1777 1129 ante
1808 1073 2004 1144 ipsum

341 1162 502 1219 enim
529 1161 828 1233 lapidibus
858 1168 916 1216 et
941 1161 1198 1218 fustibus
1221 1163 1664 1234 prmliabantur.
1692 1165 1858 1219 Hunc
1879 1179 2006 1235 my-

347 1252 494 1308 stica
523 1251 780 1324 quadam
839 1253 1182 1322 precatione
1217 1252 1386 1308 aiunt
1443 1271 1512 1308 ex
1552 1269 1688 1308 aere
1718 1253 2006 1326 forcipem

351 1342 724 1413 impetrasse,
759 1346 936 1412 atque
968 1341 1051 1396 ita
1079 1342 1361 1414 ngyptiis
1393 1341 1526 1396 aeris
1555 1341 1884 1397 fabricandi
1915 1359 2007 1397 ar-

352 1430 470 1486 iem
503 1430 839 1486 tradidisse.

425 1521 524 1575 36
557 1519 817 1574 Vulcano
839 1518 1118 1574 defuncto
1143 1519 1303 1574 ﬁlius
1328 1520 1575 1574 nomine
1598 1519 1697 1577 Sol
1721 1513 2014 1576 successit

351 1627 418 1666 ac
449 1626 556 1664 rex
585 1609 987 1682 Egyptiorum
1018 1610 1192 1664 annis
1243 1609 1448 1682 viginti
1491 1610 1674 1665 semis
1705 1609 1836 1666 fuit.
1875 1616 2012 1666 Post

351 1700 509 1754 hunc
537 1698 719 1760 Sosis.
753 1697 890 1752 inde
935 1698 1144 1765 Osiris,
1197 1705 1403 1770 postea
1433 1700 1605 1766 Orus,
1639 1706 1765 1754 tum
1790 1699 2010 1757 Thules

2108 539 2270 608 γῆναι
2306 535 2400 589 τὸν
2455 532 2596 590 πόδα
2656 536 2746 590 καὶ
2804 536 3122 610 χωλεύοντα
3181 533 3314 616 ὃίχρι
3359 532 3556 598 τέλους
3606 533 3762 608 διαρ-

2109 623 2280 680 κέσαι.
2344 627 2657 696 Ἀπεθεώθη
2715 622 2772 680 δὲ
2828 627 2856 680 6
2913 627 3213 705 Ἥφαιστος
3284 627 3386 681 ὑπὸ
3443 626 3762 701 Αἱγυπτίων

2111 710 2201 768 διὰ
2229 715 2290 768 τὸ
2322 721 2692 787 νομοθετῆσαι
2753 711 3070 789 μονανδρεῖν
3128 717 3217 770 καὶ
3281 714 3572 793 σωφρόνως
3608 717 3763 792 βιουν

2111 805 2205 866 τὰς
2254 809 2513 881 γυναῖκας
2564 809 2670 859 τῶν
2729 805 3063 879 Αἳγυπτίων,
3112 805 3208 868 τὰς
3261 803 3316 860 δὲ
3365 804 3764 880 μοιχευομέναις

2109 896 2495 966 τιμωρεῖσθαι,
2527 891 2673 949 ἀλλὰ
2707 895 2814 966 μὴν
2854 895 2942 949 καὶ
2994 895 3069 956 ὡς
3100 896 3127 949 ὁ
3161 895 3410 961 Πλάτων,
3443 893 3763 968 πολεμικῶν

2112 983 2204 1037 καὶ
2261 987 2579 1058 γεωργικῶν
2653 980 2948 1057 ἐργαλείων
3023 984 3121 1053 τὴν
3193 982 3253 1038 ἐκ
3310 981 3539 1054 σιδήρου
3600 1003 3768 1037 κατα-

2114 1073 2313 1138 σκευήν
2341 1071 2528 1133 αὐτοῖς
2565 1069 2934 1141 ὑποδείξαντα·
2971 1071 3149 1134 λίθοις
3203 1075 3307 1147 γὰρ
3365 1074 3454 1128 καὶ
3497 1070 3764 1148 ῥοπάλοις

2112 1155 2420 1234 ἐπολέμουν
2455 1161 2562 1234 πρὸ
2593 1159 2778 1228 αὐτοῦ,
2836 1164 3027 1215 τοῦτον
3087 1159 3144 1216 δὲ
3199 1151 3324 1240 φασι
3381 1159 3470 1216 διὰ
3504 1168 3769 1234 μυστικῆς

2115 1251 2286 1326 εὐχῆς
2339 1250 2439 1317 τήν
2494 1243 2768 1320 ὁξυλάεην
2816 1247 3105 1322 δεξάμενον
3154 1249 3214 1305 ἐκ
3257 1256 3356 1305 τοῦ
3407 1250 3585 1327 ἆὲρος,
3618 1248 3767 1304 οὕτω

2112 1341 2215 1407 τὴν
2245 1329 2617 1413 χάλκευτικὴν
2654 1338 2973 1415 Αἲγυπτίοις
3003 1337 3357 1416 παραδοῦναι,

2191 1524 2335 1579 Μετὰ
2385 1520 2441 1577 δὲ
2496 1523 2794 1600 ’Ἥφαιστον
2853 1523 2880 1578 ὸ
2939 1523 3054 1584 υἱὸς
3114 1522 3278 1578 αὐτοῦ
3333 1522 3532 1585 ’Ἥλιος
3565 1523 3764 1578 καλοῦο

2121 1633 2281 1687 μενος
2313 1611 2398 1666 ἐπὶ
2430 1609 2602 1665 εἶ’κοσι
2637 1614 2718 1681 [Ρ.
2761 1615 2854 1686 20]
2906 1611 2996 1667 καὶ
3027 1610 3202 1684 ἥμισυ
3231 1609 3327 1683 ’ἐτη
3361 1619 3462 1681 τῆς
3490 1611 3768 1688 Αἰγύπτου

2117 1697 2456 1771 ἓὸασίλευσε,
2512 1701 2602 1756 καὶ
2682 1703 2798 1774 μετ’
2887 1701 3048 1758 αὐτὸν
3108 1707 3304 1771 Σῶσις,
3361 1702 3478 1758 εἶτα
3533 1704 3769 1776 Ὄσιρις,

354 1792 685 1862 Egyptum,
717 1789 870 1845 alius
901 1794 1034 1860 post
1062 1788 1248 1845 alium
1278 1796 1578 1847 rexerunt.
1613 1791 1828 1847 Thules
1874 1808 2006 1847 om-

2127 1794 2237 1861 μεθ¹
2266 1790 2324 1845 ὅν
2355 1795 2537 1865 Ὧρος,
2563 1790 2650 1844 καὶ
2701 1792 2817 1862 μετ’
2865 1789 3028 1845 αὐτὸν
3060 1790 3296 1861 Θούλης,
3333 1791 3391 1854 ὅς
3422 1791 3513 1846 καὶ
3541 1787 3645 1852 ἓως
3673 1795 3770 1845 τοῦ

356 1897 493 1936 nem
527 1885 744 1934 terram
778 1893 967 1949 usque
999 1878 1073 1933 ad
1125 1880 1422 1936 Oceanum
1467 1881 1810 1951 occupavit:
1870 1881 2010 1936 inde

357 1970 420 2024 in
455 1968 709 2024 Africam
742 1984 1011 2024 reversus
1041 1969 1346 2024 oraculum
1380 1970 1700 2037 consuluit,
1735 1970 2009 2041 quisnam

359 2076 420 2114 se
449 2058 611 2129 prior
642 2063 868 2113 tantum
899 2059 1209 2129 potestatis
1254 2058 1580 2125 habuisset,
1620 2076 1688 2114 ac
1718 2060 1853 2130 quis
1883 2065 2017 2132 post

358 2148 554 2218 ipsum
583 2148 948 2203 tantumdem
967 2147 1278 2203 habiturus
1301 2149 1566 2203 esset.lta
1587 2149 1639 2202 ei
1663 2165 2014 2221 responsum

359 2235 744 2308 perhibetur:
777 2238 794 2306 (
821 2259 847 2286 «
885 2235 1178 2308 Principio
1219 2236 1386 2304 deus,
1419 2237 1559 2292 hinc
1589 2253 1806 2306 sermo,
1837 2243 2017 2309 atque

363 2326 459 2381 his
491 2325 735 2396 spiritus
757 2326 1023 2396 junctus.
1061 2327 1193 2380 Haec
1252 2323 1365 2380 tria
1417 2330 1702 2397 cognata:
1759 2331 1849 2380 est
1896 2327 2018 2382 illis

366 2421 589 2472 aeterna
641 2419 922 2486 potestas.
971 2415 1251 2479 Mortalis,
1311 2415 1492 2471 celeri
1540 2432 1747 2488 gressu
1791 2421 1846 2470 te
1877 2417 2020 2472 hinc

367 2506 640 2578 protinus
670 2504 856 2570 aufer,
893 2506 1182 2560 incertam
1232 2504 1450 2576 degens
1495 2504 1674 2560 dubio
1705 2506 2020 2560 conamine

366 2595 567 2649 vitam.
603 2598 655 2659 ››)
699 2595 920 2649 Ferunt
962 2593 1140 2660 hunc,
1192 2593 1290 2648 ubi
1345 2593 1607 2665 primum
1638 2593 1765 2648 aede
1794 2594 2020 2650 oraculi

369 2699 640 2757 egressus
672 2688 780 2747 est,
817 2699 850 2738 a
880 2683 1002 2737 suis
1035 2699 1164 2737 esse
1192 2684 1252 2738 in
1285 2684 1414 2754 ipsa
1443 2683 1632 2738 Africa
1655 2684 2016 2756 jugulatum.

369 2772 666 2828 Successit
717 2771 770 2826 ei
831 2773 1135 2838 Sesostris,
1193 2789 1261 2827 ac
1315 2776 1384 2826 20
1442 2773 1616 2828 annis
1673 2789 1920 2846 regnum
1961 2775 2022 2829 in

369 2861 667 2932 Egyptios
697 2861 896 2932 gessit.
932 2861 1034 2914 llic
1065 2861 1359 2933 Assyrios,
1392 2862 1696 2918 Chaldaeos
1728 2868 1786 2918 et
1815 2865 2022 2919 Persas

372 2965 562 3020 usque
593 2948 667 3004 ad
700 2947 1060 3020 Babylonem
1107 2949 1358 3023 subegit,
1399 2951 1718 3022 Asiamque
1751 2957 1809 3007 et
1836 2953 2023 3008 Euro-

373 3055 533 3111 pam,
569 3037 810 3108 Mysiam
867 3043 926 3092 et
981 3038 1300 3110 Scythiam.
1361 3042 1648 3096 Reversus
1678 3041 2022 3114 quindecim

375 3127 566 3184 millia
596 3126 943 3199 Scytharum
967 3129 1252 3199 juvenum
1276 3129 1558 3200 delectos,
1581 3131 1684 3201 qui
1704 3131 2024 3188 bellatores

375 3223 574 3274 essent
598 3219 828 3291 optimi.
860 3220 922 3275 in
953 3220 1193 3275 Perside
1223 3220 1676 3277 collocavit.Sub
1700 3222 1810 3277 hoc
1826 3222 2028 3280 ferunt

372 3309 727 3366 Mercurium
758 3311 819 3365 in
844 3311 1086 3381 Egypto
1119 3310 1472 3379 innotuisse,
1505 3311 1918 3369 admirabilem
1947 3314 2026 3368 vi-

371 3415 504 3454 rum
537 3404 596 3452 et
616 3398 922 3468 sapientim
953 3414 1130 3453 causa
1151 3399 1528 3471 stupendum.
1554 3402 1610 3456 Is
1640 3401 1741 3458 Dei
1764 3401 2025 3456 universi

375 3487 556 3560 hujus
583 3487 918 3542 Conditoris
943 3493 1062 3542 tres
1079 3505 1208 3544 esse
1230 3491 1518 3545 maximas
1533 3490 1867 3558 facultates,
1892 3489 2024 3545 uni-

377 3592 509 3631 cam
551 3591 691 3630 vero
736 3576 996 3632 divinam
1055 3583 1328 3634 naturam
1383 3579 1547 3633 dixit.
1595 3580 1798 3649 Itaque
1845 3579 2025 3634 etiam

377 3666 796 3737 Trismegistus
854 3667 1118 3735 Hermes,
1179 3669 1338 3738 quod
1397 3675 1476 3721 est
1539 3670 1840 3724 Mercurius
1918 3674 2028 3724 ter-

377 3757 671 3823 marcimus,
703 3754 1122 3812 denominatus
1155 3764 1262 3812 est.
1302 3757 1490 3827 Hujus
1521 3755 1592 3812 ad
1617 3757 2027 3829 ‘Esculapium

377 3843 696 3914 quemdam
729 3843 854 3900 haec
884 3852 1023 3901 sunt
1069 3846 1276 3901 verba:
1326 3868 1353 3895 ει
1389 3847 1528 3902 Erat
1555 3846 1655 3902 lux
1686 3846 2030 3919 intelligens

377 3939 513 3988 ante
542 3934 735 3990 lucem
789 3935 1222 4007 intelligentem
1248 3956 1262 4002 ς
1321 3941 1565 4007 eratque
1597 3952 1834 4009 semper
1858 3953 2028 3992 mens

380 4040 510 4094 qua:
529 4026 746 4079 mentis
771 4042 949 4080 causa
967 4031 1343 4094 esset,neque
1372 4025 1699 4096 quidquam
1723 4031 1850 4081 erat
1869 4025 2029 4081 aliud

381 4131 558 4186 quam
589 4115 768 4188 hujus
794 4115 1012 4171 mentis
1052 4117 1266 4170 unitas.
1319 4117 1398 4170 Ea
1431 4131 1598 4171 mens
1628 4132 1764 4170 cum
1794 4131 2030 4187 semper

381 4206 440 4259 in
474 4221 601 4260 sese
633 4206 763 4275 ipsa
802 4204 898 4270 sit,
953 4220 1188 4275 semper
1243 4219 1350 4259 sua
1415 4204 1602 4274 ipsius
1660 4209 1858 4259 mente
1898 4205 2029 4260 luce

378 4297 555 4359 atque
615 4291 826 4361 spiritu
877 4292 1154 4348 universa
1210 4291 1494 4346 continet.
1544 4293 1639 4348 ³7
1693 4294 1869 4348 Extra
1899 4309 2029 4347 eam

375 4383 643 4434 mentem
675 4393 868 4448 neque
900 4378 1048 4434 deus
1068 4385 1158 4434 est
1186 4394 1380 4449 neque
1415 4379 1886 4451 angelus,neque
1917 4379 2028 4435 die

377 4482 538 4530 mon,
573 4480 768 4535 neque
797 4465 915 4520 alia
941 4466 1066 4522 ulla
1097 4469 1611 4524 natura.0mnium
1643 4467 1802 4524 enim
1823 4467 2022 4524 Domi-

377 4570 489 4611 nus
520 4555 675 4610 Deus
707 4558 767 4608 et
795 4555 968 4610 Pater
1015 4560 1122 4612 est.
1157 4556 1273 4612 Sub
1321 4557 1452 4628 ipso
1485 4563 1542 4613 et
1571 4558 1634 4614 in
1662 4557 1792 4628 ipso
1821 4557 2023 4614 omnia

381 4649 538 4700 sunt.
573 4642 774 4697 Sermo
821 4643 979 4698 enim
1036 4645 1245 4716 ipsius,
1279 4647 1379 4718 qui
1412 4647 1710 4718 perfectus
1749 4645 2028 4702 omnibus

379 4732 570 4791 modis
603 4737 692 4785 est
721 4738 780 4787 et
807 4732 1096 4790 fecundus
1125 4751 1194 4790 ac
1236 4735 1451 4806 Opifex,
1483 4736 1556 4792 ab
1596 4737 1726 4806 ipsa
1752 4750 2025 4808 progres-

378 4839 479 4876 sus
504 4826 702 4876 mente
735 4821 916 4892 inque
945 4839 1183 4894 aquam,
1216 4825 1386 4894 cujus
1415 4830 1508 4879 est
1548 4825 1763 4882 fertilis
1793 4829 2026 4892 natura,

376 4909 666 4976 incidens,
703 4911 882 4966 fetam
917 4928 1131 4982 aquam
1162 4913 1443 4970 reddidit.
1476 4936 1501 4962 »
1539 4915 1672 4971 Haec
1700 4914 1855 4969 fatus
1885 4915 2029 4969 Her-

379 5015 503 5053 mes
537 5000 618 5055 sic
649 5006 922 5071 precatus
957 5007 1080 5056 est:
1117 5025 1142 5050 ‹‹
1170 5002 1391 5073 Adjuro
1415 5007 1492 5066 te,
1517 4995 1646 5057 caeli
1674 5003 1867 5074 magni
1900 5003 2030 5074 opi-

377 5089 513 5143 fex:
548 5090 755 5161 adjuro
787 5095 865 5157 te,
918 5106 1026 5145 vox
1083 5091 1294 5158 Patris,
1329 5106 1507 5162 quam
1538 5092 1791 5162 primam
1824 5091 2027 5158 edidit,

379 5179 746 5250 unigenitum
779 5197 952 5237 suum
977 5181 1254 5249 Verbum,
1278 5181 1568 5252 propitius
1599 5187 1746 5236 esto.
1769 5203 1796 5231 »
1821 5182 2031 5237 Beatus

2113 1883 2373 1936 Ὠκεανοῦ
2431 1885 2602 1934 πᾶσαν
2663 1881 2762 1949 τήν
2818 1886 2920 1956 γῆν
2975 1878 3338 1954 παρείληφεν.
3395 1880 3522 1938 Ἐπὶ
3571 1877 3628 1935 δὲ
3674 1881 3772 1946 τήν

2118 1971 2382 2048 ’Λφρικὴν
2443 1970 2794 2048 ὑποστρέφων
2866 1970 2941 2030 είς
3013 1969 3075 2023 τὸ
3136 1975 3383 2041 μαντεῖον
3452 1968 3770 2032 ἐπυνθάνετο

2116 2060 2202 2122 τίς
2232 2059 2338 2132 πρὸ
2391 2060 2559 2114 αὐτοῦ
2610 2059 2698 2114 καὶ
2756 2059 2839 2120 τίς
2905 2065 3020 2131 μετ’
3075 2058 3236 2114 αὐτὸν
3281 2057 3430 2113 οὕτω
3462 2056 3768 2128 δυνήσεται’

2120 2151 2344 2206 ἀκοῦσαι
2378 2147 2435 2204 δὲ
2463 2154 2560 2205 τοῦ
2591 2153 2853 2229 χρησμοῦ
2912 2151 3107 2209 οὕτως·
3143 2174 3171 2201 ‹‹
3223 2152 3418 2224 Πρῶτα
3463 2149 3594 2210 Θεὸς
3635 2151 3770 2221 (36),

2125 2241 2413 2314 μῑτέπειίια
2473 2239 2661 2314 λόγος,
2712 2239 2800 2293 καὶ
2857 2243 3068 2311 πνεῦμα
3126 2236 3218 2292 σὺν
3274 2237 3481 2298 αὐτοῖς·
3517 2237 3773 2316 σύμφυτα

2124 2327 2180 2384 δέ
2214 2331 2316 2384 εἶσι
2343 2326 2489 2397 τάδε,
2525 2329 2599 2384 ὧν
2652 2329 2849 2404 κράτος
2896 2328 3137 2383 αἰώνιον.
3192 2325 3368 2381 Ὠκέσι
3398 2347 3526 2381 ποσι
3559 2324 3768 2399 βάδιζε,

2123 2417 2302 2485 θνητέ,
2338 2412 2544 2485 ιὲέδηλον
2579 2411 2806 2469 διανύων
2840 2414 2980 2488 βίον.
3017 2437 3044 2464 ))
3087 2415 3293 2468 Τοῦτον
3323 2411 3478 2476 εὐθὺς
3507 2415 3602 2465 τοῦ
3636 2431 3770 2484 μαν-

2122 2504 2274 2559 τείου
2308 2502 2672 2578 ἐξεληλυθότα
2719 2504 2770 2557 οἱ
2817 2499 2944 2558 ἴδιοι
3002 2500 3053 2556 ἐν
3109 2501 3246 2574 αὐτῇ
3277 2505 3345 2574 τῇ
3377 2503 3612 2577 Ἀφρικῇ
3643 2521 3772 2554 κατ-

2125 2595 2372 2672 έσφαξαν.
2405 2593 2552 2649 Μετᾶ
2600 2590 2658 2647 δὲ
2714 2596 2909 2648 τοῦτοο
2972 2591 3276 2664 Σέσωστρις
3315 2595 3422 2644 τῶν
3455 2588 3771 2666 Αἱγυπτίων

2125 2684 2214 2741 ἐπὶ
2254 2684 2452 2740 εἷ’κοσιν
2508 2681 2599 2754 ἔτη
2659 2679 3028 2746 ἓῦασίλευσεν.
3091 2683 3264 2744 Οὗτος
3323 2680 3642 2755 Ἀσσυρίους
3687 2681 3776 2734 καὶ

2125 2773 2434 2836 Χαλδαίους
2482 2775 2568 2828 καὶ
2632 2772 2835 2848 Πέρσας
2893 2768 2998 2835 ἕως
3054 2768 3385 2833 Βαϐυλῶνος
3411 2770 3655 2840 ὑπέταξε,
3687 2771 3776 2823 καὶ

2127 2865 2225 2933 τὴν
2286 2862 2492 2931 Ἀσίαν,
2550 2862 2843 2936 Εὐρώπην,
2905 2862 2994 2916 καὶ
3090 2863 3297 2916 Μυσίαν
3379 2863 3467 2916 καὶ
3525 2862 3774 2918 Σκυθίαν.

2125 2951 2501 3032 Ὑποστρέφων
2557 2949 2615 3006 δὲ
2673 2949 2959 3006 δεκαπέντε
3020 2947 3278 3025 χιλιάδας
3335 2947 3541 3026 ἀνδρῶν
3601 2949 3780 3004 νεανί-

2130 3065 2295 3110 σκων,
2348 3047 2565 3106 Σκυθῶν
2617 3041 3026 3116 μαχιμωτάτων
3084 3035 3410 3110 ἐπιλέκτων,
3442 3037 3496 3094 ἐν
3539 3042 3607 3112 τῇ
3641 3043 3781 3112 Περ-

2133 3137 2260 3208 σικῇ
2309 3136 2382 3208 γῇ
2429 3133 2750 3206 κατῴκισεν.
2812 3130 2933 3187 Ἐπὶ
2989 3128 3186 3185 τούτου
3243 3130 3450 3204 Ἑρμῆν
3506 3149 3665 3204 φασιν
3723 3128 3774 3182 ἐν

2133 3220 2396 3298 Λίγῦπτῳ
2453 3219 2760 3292 θαυμαστὸν
2819 3217 2983 3293 ἄνδρα
3036 3219 3342 3292 γνωσθῆναι
3399 3217 3487 3271 καὶ
3547 3211 3779 3291 φοϐερὸν

2131 3309 2219 3365 ἐπὶ
2251 3307 2428 3386 σοφίᾳ·
2493 3309 2554 3368 ὃς
2609 3302 2804 3384 ἔφρασε
2853 3311 3000 3383 τρεῖς
3062 3306 3320 3384 μεγίστας
3351 3305 3486 3360 εἶναι
3520 3303 3776 3377 δυνάμεις

2129 3402 2226 3454 τοῦ
2257 3400 2610 3472 Δημιουργοῦ
2661 3400 2769 3450 τῶν
2823 3395 2970 3451 ὅλων
3021 3395 3178 3466 Θεοῦ,
3226 3396 3353 3468 μίαν
3387 3393 3614 3463 Θεότητα
3645 3393 3774 3447 εἶναι

2132 3490 2270 3546 εἶπε·
2331 3488 2414 3543 διὸ
2473 3489 2558 3542 καὶ
2619 3489 3012 3562 Τρισμέγιστος
3070 3488 3279 3559 Ἑρμῆς
3337 3485 3774 3556 κατωνόμασται.

2130 3581 2226 3639 ’Ὀς
2257 3575 2404 3630 οὕτω
2436 3577 2570 3649 πρός
2627 3596 2745 3629 τινα
2798 3575 3134 3644 Ἀσκληπιὸν
3167 3574 3348 3634 αὐτοῖς
3382 3575 3616 3649 ρήμασιν
3649 3567 3774 3650 ἔφη·

2136 3692 2158 3718 α
2192 3667 2294 3724 Ἦν
2323 3670 2438 3743 φῶς
2470 3667 2655 3740 νοερὸν
2687 3665 2795 3738 πρὸ
2855 3665 3035 3736 φωτὸς
3084 3666 3293 3737 νοεροῦ,
3328 3663 3415 3716 καὶ
3445 3663 3512 3731 ἦν
3541 3661 3621 3717 ἀεὶ
3653 3665 3780 3723 νοῦς

2129 3760 2222 3812 νοῦ
2252 3755 2443 3824 αἶθτιον,
2472 3754 2560 3809 καὶ
2593 3751 2747 3808 οὐδὲν
2795 3748 2975 3827 ἕτερον
3034 3753 3100 3821 ἦν
3160 3753 3194 3822 ἢ
3255 3753 3289 3819 ἡ
3343 3750 3540 3806 τούτου
3570 3751 3777 3820 ἑνότης.

2131 3846 2246 3904 Ἀεὶ
2277 3844 2330 3901 έν
2372 3845 2520 3916 αὐτῷ
2576 3838 2649 3897 ὧν
2708 3842 2789 3897 ἀεὶ
2845 3845 2926 3912 τῷ
2984 3841 3178 3896 ὶαυτοῦ
3235 3841 3321 3894 vo‘t’
3375 3839 3466 3894 καὶ
3523 3840 3662 3918 φωτί
3689 3839 3779 3894 καὶ

2132 3936 2399 4008 πνεύματι
2453 3935 2626 3989 πάντα
2681 3931 2948 4005 περιέχει.
3010 3929 3197 3991 Ἐκτὸς
3266 3929 3460 3984 τούτου
3513 3928 3574 3982 οὐ
3630 3929 3780 3996 Θεὸς,

2134 4025 2233 4080 οὐκ
2261 4019 2516 4098 ἅγγελος,
2548 4022 2614 4078 οὗ
2647 4019 2878 4092 δαίμων,
2912 4020 3012 4075 οὐκ
3057 4018 3214 4074 οὐσία
3241 4038 3324 4080 τις
3357 4017 3527 4087 ἄλλη·
3563 4020 3780 4073 πάντων

2131 4113 2231 4190 γὰρ
2291 4115 2485 4187 Κύριος
2543 4113 2628 4166 καὶ
2691 4112 2820 4172 Θεὸς
2874 4111 2964 4164 καὶ
3043 4111 3251 4184 Πατήρ·
3313 4108 3404 4163 καὶ
3460 4109 3631 4162 πάντα
3693 4108 3781 4162 ὑπ’

2131 4205 2300 4260 αὐτοῦ
2329 4203 2417 4257 καὶ
2449 4203 2502 4257 έν
2532 4203 2682 4273 αὐτῷ
2739 4201 2901 4256 ἐστιν.
2958 4200 3016 4254 '0
3074 4201 3177 4274 γὰρ
3239 4198 3410 4273 λόγος
3450 4198 3614 4253 αὐτοῦ
3644 4217 3782 4273 προ-

2133 4291 2306 4354 ελθὼν
2360 4288 2675 4349 παντέλειος
2727 4289 2818 4342 καὶ
2875 4307 3102 4361 γονιμος
3165 4287 3252 4341 καὶ
3313 4286 3674 4364 δημιουργὸς,
3728 4284 3783 4341 ἐν

2130 4399 2346 4456 γονιμῳ
2391 4377 2542 4455 φύσει
2591 4376 2768 4432 πεσὼν
2818 4378 2955 4447 (37),
3014 4373 3066 4430 ἐν
3113 4377 3330 4451 γονίμῳ
3376 4373 3551 4442 ὓδατι,
3596 4373 3784 4450 ἔγκυον

2132 4468 2195 4525 τὸ
2225 4465 2371 4541 ὓδωρ
2421 4464 2696 4537 ἐποίησεν.
2729 4486 2755 4519 ι
2817 4465 3009 4526 Οὕτως
3061 4465 3228 4521 εἷπὼν
3259 4467 3288 4520 6
3319 4466 3529 4540 Ἑρμῆς
3557 4461 3782 4535 ηὔξατο·

2131 4556 2424 4632 «Ὀρκίξω
2455 4576 2536 4622 σε,
2594 4555 2825 4630 οὐρανοῦ
2884 4555 3124 4631 μεγάλου
3191 4554 3414 4630 ἐργάτα,
3469 4555 3672 4630 ὁρκίζω
3703 4575 3782 4612 σευ

2138 4648 2292 4721 φωνή
2343 4645 2553 4715 Πατρὸς
2603 4645 2670 4714 ἤν
2717 4643 3012 4723 ἐφθέγξατο
3073 4645 3319 4719 πρώτην,
3370 4645 3464 4699 τὸν
3520 4650 3784 4718 μονογενῆ

2139 4735 2301 4812 λόγον
2353 4735 2544 4805 αὐτοῦ,
2587 4732 2757 4796 ἵλεως
2805 4728 2916 4790 ἔσο.
2953 4757 2982 4785 ››
3037 4737 3163 4790 Τῶν
3211 4739 3404 4812 φωνῶν
3449 4733 3655 4788 τούτων
3695 4733 3784 4788 καὶ

2139 4827 2168 4880 6
2198 4826 2342 4900 ἱερὸς
2375 4821 2656 4896 Κόριλλος
2686 4822 2932 4898 ἐμνήσθη
2984 4823 3150 4878 εἰπὼν
3189 4824 3276 4878 ’ὁτι
3305 4822 3394 4877 καὶ
3426 4823 3454 4878 6
3484 4823 3785 4898 Τρισμὲγι-

2140 4934 2266 4976 στος
2297 4915 2507 4989 Ἑρμῆς
2539 4911 2747 4986 Τριάόα
2778 4911 3085 4988 ὡμολόγει.
3131 4913 3192 4968 Ὀ
3223 4908 3280 4966 δὲ
3313 4911 3616 4987 Σέσωστρις
3652 4912 3788 4983 μετὰ

2185 5005 2199 5024 \
2331 5004 2342 5024 ν
2545 5003 2559 5019 ι
2703 4999 2729 5022 Ἰ
3255 5002 3267 5020 ς
3564 5005 3589 5015 ..
3666 5003 3677 5022 ν

2139 5024 2238 5072 την
2290 5024 2446 5073 νικην
2501 5024 2598 5070 την
2655 5007 2924 5075 Αιγυπτον
2993 4996 3315 5056 καταλαϐων
3368 4999 3612 5070 τελευτᾳ.
3682 5006 3786 5056 Av-

2140 5093 2266 5160 έστη
2327 5090 2383 5146 δὲ
2441 5092 2551 5163 μετ’
2607 5091 2768 5146 αὐτὸν
2831 5090 3086 5164 βασιλεὺς
3142 5088 3222 5143 ἐπ’
3275 5087 3550 5164 Αἴγυπτον
3583 5090 3786 5166 Φαραὼ

2142 5181 2170 5234 6
2203 5181 2290 5236 καὶ
2323 5181 2554 5254 Ναρεχὼ
2612 5177 2974 5252 καλούμενος,
3032 5179 3304 5253 κρατήσας
3351 5173 3468 5249 ἔτη,
3527 5176 3602 5240 ὥς
3635 5200 3784 5255 φασι,

1577 5303 1942 5362 XYLANDBI
1982 5307 2069 5362 ET
2109 5295 2326 5364 GOARI
2363 5297 2586 5362 NOTAE.

450 5433 560 5504 (36)
595 5431 806 5485 Versus
838 5437 977 5486 sunt
1005 5433 1234 5487 confusi
1267 5435 1328 5488 in
1362 5434 1584 5504 erco,
1617 5447 1870 5503 quorum
1903 5447 2031 5486 sen-

379 5503 629 5562 tentiam
661 5507 909 5558 conatus
939 5519 1067 5557 sum
1103 5506 1297 5560 edere.
1331 5503 1463 5558 XvL.

452 5578 564 5646 (37)
598 5574 768 5647 Apud
799 5573 1037 5628 Suidam
1070 5576 1130 5647 in
1161 5577 1372 5647 Ἱιῖρμης
1404 5577 1530 5630 haec
1561 5575 1788 5636 eadem.
1821 5573 2025 5647 paucis

381 5641 1040 5715 mutatis-referuntur.
1065 5646 1176 5701 Sed
1209 5641 1414 5703 vitice.
1445 5647 1526 5703 ibi
1556 5647 1773 5721 legitur
1801 5641 1928 5709 παῖς
1951 5641 2028 5700 ὥν

2137 5429 2411 5506 καίᾹδὶ-οιῃ
2449 5437 2653 5506 contra
2700 5448 2815 5506 nos
2836 5432 3045 5487 vitiose
3095 5431 3269 5506 ἑαυτῷ
3307 5435 3648 5506 ριοιιιοοῐιιο
3679 5450 3784 5505 pro

2134 5500 2284 5576 αὐτῷ
2302 5501 2684 5576 habebamus.
2707 5502 2820 5558 Sed
2843 5509 2900 5557 et
2922 5505 3180 5575 precatio
3203 5500 3359 5576 apud
3375 5505 3611 5562 Suidam
3635 5500 3787 5559 non-

2137 5573 2286 5632 nihil
2318 5573 2522 5628 variat.
2558 5574 2696 5628 XYL.
