4156 6188
317 300 396 360 65
1449 294 1987 357 HISTORIARUM
2035 295 2576 360 GOMPENDIUM.
3661 307 3742 368 66

321 431 687 502 πεντήκοντα*
743 428 805 487 ἐκ
886 428 1080 487 τούτου
1130 430 1182 485 οἱ
1237 428 1347 485 ἀπὸ
1399 431 1497 483 τοῦ
1579 425 1768 503 γένους
1817 426 1976 483 αὐτοῦ

2098 444 2333 501 quoque
2364 429 2620 502 Cyrillus
2650 432 2860 487 barum
2913 448 3121 491 vocum
3167 433 3543 494 mentionem
3581 440 3742 507 fecit,

324 522 690 595 καταγόμενοι
753 518 1000 595 βασιλεῖς
1058 519 1263 595 Φαραὼ
1322 516 1809 595 προσαγορύονται.
1837 518 1981 579 Ἕως

329 606 438 665 ὧδε
467 613 523 665 αἱ
548 615 659 665 τῶν
688 610 1003 687 Αἰγυπτίων
1034 608 1329 687 βασιλεῖαι.

2094 517 2298 577 dicens
2318 519 2477 589 quod
2498 520 2678 575 etiam
2698 520 2943 577 Hermes
2963 523 3383 598 Trismegistus
3394 527 3741 584 Trinitatem

2091 606 2170 660 sit
2224 607 2552 664 confessus.
2613 610 2904 666 Cmterum
2962 610 3248 669 Sesostris
3298 620 3471 686 parta
3500 616 3745 672 victoria

334 704 639 774 Algyptum
696 701 946 774 adeptus
998 701 1255 758 decessit
1302 700 1434 756 vita.
1486 702 1625 755 Post
1668 713 1805 754 eum
1848 712 1952 752 rex
1998 694 2228 750 Pharao
2278 696 2524 765 exstitit,
2570 698 2672 768 qui
2715 703 2775 754 et
2844 699 3107 757 Narecho
3163 701 3400 761 dicitur.
3461 707 3741 779 Regnavit

341 805 542 858 annos,
570 798 635 846 ut
662 792 856 861 aiunt,
888 791 1339 865 quinquaginta.
1371 790 1459 847 Ab
1491 791 1602 845 hoc
1629 803 1817 861 genus
1848 784 2133 842 ducentes
2157 800 2324 857 reges
2353 785 2693 844 Pharaones
2737 788 3019 859 appellati
3077 795 3235 847 sunt.
3296 793 3591 850 Hactenus
3648 813 3741 851 re-

340 896 515 953 gnum
543 882 973 955 :Egyptiorum.

407 971 495 1027 Ἑν
529 965 589 1024 δὲ
617 975 734 1031 τοῖς
765 971 991 1046 χρόνοις
1044 970 1215 1027 Ιίίκου
1270 973 1368 1026 τοῦ
1424 966 1514 1025 καὶ
1572 966 1696 1029 Διὸς
1743 962 1979 1045 ἀνεφάνη

326 1057 409 1119 τις
440 1056 504 1113 ἐκ
529 1064 631 1128 τῆς
659 1058 837 1136 φυλῆς
866 1064 965 1115 τοῦ
993 1059 1171 1137 Ἰάφεθ
1203 1058 1254 1115 ἐν
1314 1061 1478 1135 χώρᾳ
1532 1061 1640 1114 τῶν
1698 1053 1981 1131 Ἀργείων,

326 1147 552 1223 Ἴναχος
592 1145 907 1225 λεγόμενος.
966 1149 1052 1223 [P,
1079 1150 1172 1223 21]
1227 1149 1323 1210 Ὅς
1374 1148 1464 1203 καὶ
1520 1146 1573 1201 έν
1626 1143 1762 1219 αὐτῇ
1825 1144 1981 1219 βασι-

327 1234 529 1300 λεύσας
558 1237 727 1308 κτίζει
767 1235 929 1293 πόλιν
963 1237 1052 1294 Ἰὼ
1107 1236 1198 1293 καὶ
1255 1234 1511 1294 Ἰώπολιν
1576 1233 1800 1292 ἆκάλεσε
1851 1231 1980 1288 ταύ-

322 1348 429 1397 την
468 1325 547 1389 είς
607 1324 783 1401 ὄνομα
845 1333 946 1396 τῆς
1000 1326 1261 1397 σελήνης“
1317 1328 1370 1382 οὶ
1426 1326 1530 1403 γὰρ
1590 1326 1831 1401 ’Δργεῖοι
1880 1322 1981 1390 τήν

321 1414 567 1486 σελήνην
602 1417 693 1473 Ἰὼ
731 1415 1013 1472 καλοῦσιν.
1047 1417 1222 1491 Ἔσχε
1279 1412 1337 1472 δὶ
1393 1415 1485 1471 καὶ
1533 1414 1798 1489 θυγατέρα
1860 1413 1977 1469 Ἰώο

322 1501 389 1558 ἐκ
420 1502 624 1572 ταύτης
652 1504 683 1558 ὁ
713 1504 842 1568 Ζεὺς
897 1502 1160 1579 θυγατέρα
1211 1499 1342 1579 ἔσχε
1392 1504 1491 1572 τήν
1548 1496 1777 1574 Λιϐύην.
1824 1502 1975 1572 Αὕτη

321 1594 358 1660 ἡ
397 1592 488 1649 Ἰὼ
518 1592 635 1648 ἐπεὶ
682 1592 846 1669 ἐμίγη
903 1597 984 1666 τῷ
1042 1592 1148 1664 Διὶ,
1207 1590 1562 1671 αἲσχυνθεῖσα
1624 1591 1717 1647 τὸν
1774 1589 1979 1665 πατέρα

322 1680 510 1757 φεύγει
541 1681 618 1743 εἷς
649 1679 947 1759 Αἴγυπτον,
997 1680 1170 1738 ἐκεῖσε
1225 1680 1282 1737 δὲ
1334 1682 1427 1737 τὸν
1477 1684 1689 1756 Ἑρμῆν
1749 1678 1979 1755 βασιλέα

321 1770 556 1847 εὑροῦσα
584 1771 702 1828 ἐπεὶ
732 1773 794 1828 τὸ
826 1771 1057 1829 Σίλπιον
1090 1770 1217 1849 ὅρος
1244 1779 1347 1842 τῆς
1392 1771 1592 1847 Συρίας
1640 1765 1974 1844 μεταϐαίνει,

319 1863 462 1916 ὅπου
510 1860 783 1926 Σέλευκος
837 1864 866 1918 ὁ
923 1860 1189 1921 Μακεδὼν
1244 1863 1462 1937 ὕστερον
1518 1861 1594 1923 είς
1650 1858 1828 1935 ὄνομα
1875 1864 1975 1917 τοῦ

317 1951 462 2010 ἰδίου
517 1955 640 2009 υίοῦ
696 1955 797 2024 τήν
851 1953 1099 2029 μεγάλην
1166 1954 1508 2029 Ἀντιόχειαν
1587 1949 1970 2027 ᾠκοδόμησεν.

313 2045 465 2101 Ἐκεῖ
492 2042 586 2098 οῦν
618 2046 656 2113 ἡ
688 2045 780 2101 Ἰὼ
809 2042 1055 2116 τελευτᾷ.
1115 2050 1339 2120 Ἴναχος
1370 2040 1429 2100 δὶ
1466 2043 1495 2098 ὁ
1530 2042 1738 2114 ταύτης
1789 2044 1974 2117 πατὴρ

317 2131 571 2195 πολλοὺς
603 2132 681 2196 είς
708 2133 1037 2205 ἀναζήτησιν
1066 2135 1236 2204 αὐτῆς
1275 2132 1605 2212 πεπομφὼς,
1657 2131 1805 2189 ἀλλὰ
1862 2134 1970 2207 μὴν

319 2223 408 2278 καὶ
439 2222 572 2287 τοὺς
597 2223 774 2292 αὐτῆς
802 2220 1096 2301 ἀδελφοὺς,
1134 2222 1525 2300 παρήγγειλεν,
1583 2223 1630 2279 εί
1689 2224 1767 2296 μὴ
1802 2222 1974 2293 αύτὴν

321 2312 598 2388 ἀγάγοιεν,
634 2309 779 2385 μηδέ
802 2311 999 2377 αὐτοὺς
1047 2310 1384 2377 ἐπανελθεῖν.
1440 2313 1510 2372 Οἱ
1570 2309 1628 2368 δὶ
1674 2312 1778 2381 τήν
1810 2311 1975 2388 Αἴγυ-

319 2424 454 2459 πτον
482 2397 764 2465 διαϐάντες
794 2403 885 2458 καὶ
922 2404 1062 2479 πρὸς
1087 2404 1289 2478 Συρίαν
1339 2401 1586 2467 ἐλθόντες
1643 2398 1773 2479 ὄναρ
1833 2412 1973 2467 θεω-

329 2495 476 2566 ροῦσι
507 2487 744 2563 δάμαλιν
803 2490 1115 2567 ἀνθρωπίνῃ
1170 2494 1326 2569 φωνῇ
1376 2490 1829 2570 χρηματίζουσαν
1881 2492 1976 2547 οὒ-

333 2598 456 2641 τως*
516 2577 781 2644 «suis.
845 2579 962 2654 εἰμὶ
1026 2580 1132 2655 ἐγὼ
1160 2583 1195 2650 ἡ
1229 2582 1338 2638 Ἰώ.
1374 2603 1403 2632 n
1452 2580 1852 2644 Διτπνιοθέντες
1886 2578 1977 2636 οῦν

344 2666 450 2722 ἐκεῖ
490 2668 630 2740 ἱερὸν
702 2670 791 2725 καὶ
837 2669 1010 2746 πόλιγ
1040 2711 1054 2739 ,
1112 2669 1147 2740 ἢ
1209 2669 1299 2725 καὶ
1368 2668 1589 2727 Ἰώπλιν
1659 2670 1969 2743 ὼνόμιοσαν,

339 2753 790 2829 οἰκοδομήσαντες
821 2755 1061 2831 ἔμειναν,
1097 2760 1173 2832 μὴ
1224 2758 1544 2832 τολμῶντες
1566 2759 1701 2834 πρὸς
1755 2761 1974 2835 Ἴναχον

329 2843 637 2902 ἐπανελθεῖν
688 2843 867 2918 Λιϐύη
930 2845 988 2903 8‘s
1037 2850 1072 2917 ἡ
1114 2849 1356 2924 θυγάτηρ
1399 2848 1588 2917 αὐτῆς,
1642 2849 1710 2919 ἢν
1764 2848 1823 2903 ἐκ
1848 2849 1974 2910 Διὸς

326 2928 501 3010 ἔσχεν,
530 2933 788 3010 ἐγαμήθη
824 2933 1122 2994 Ηοσειδῶνι
1161 2941 1242 3009 τῷ
1271 2937 1482 3012 Κρόνου
1518 2938 1614 3011 μὲν
1668 2936 1793 3010 υἱῷ,
1821 2934 1979 2993 ἀδελ-

325 3028 413 3100 φῷ
442 3020 502 3078 δὲ
527 3024 673 3088 Διός.
725 3025 948 3087 Τούτοις
977 3031 1123 3099 τρεῖς
1178 3023 1386 3096 παῖδες,
1445 3027 1697 3104 ’Δγήνωρ
1763 3027 1855 3083 καὶ
1887 3026 1980 3085 Βέ-

327 3114 422 3176 λος
482 3115 574 3169 καὶ
630 3112 910 3177 Ἐνυάλιος
967 3115 1284 3191 ἐνέχθησαν.
1345 3120 1437 3171 Ὠν
1470 3117 1498 3171 ὁ
1529 3116 1700 3177 Βέλος
1752 3117 1846 3189 μὲν
1876 3118 1977 3186 τὴν

2164 965 2449 1035 Tempore
2479 964 2624 1033 Pici,
2657 965 2759 1037 qui
2789 970 2848 1021 et
2869 967 3097 1039 Jupiter
3144 976 3461 1041 usurpatas
3506 977 3617 1040 est,
3676 973 3739 1029 in

2089 1052 2441 1126 Argivorum
2454 1052 2695 1127 regione
2719 1055 2964 1126 quidam
2986 1056 3057 1111 de
3076 1057 3264 1129 Japeti
3288 1059 3471 1131 stirpe
3493 1062 3739 1130 exstitit,

2091 1142 2333 1199 nomine
2358 1144 2634 1200 Inachus.
2660 1144 2765 1200 Hic
2786 1160 2967 1216 regno
2992 1147 3339 1218 Argivorum
3386 1150 3605 1219 potitus
3638 1168 3736 1206 ur—

2090 1229 2227 1287 hem
2253 1233 2313 1288 Io
2331 1231 2620 1300 condidit,
2676 1238 2735 1288 et
2776 1232 3030 1306 Iopolim
3068 1233 3233 1291 illam
3265 1235 3489 1292 vocavit
3516 1254 3551 1293 a
3577 1239 3738 1294 luna)

2090 1320 2372 1388 nomine;
2407 1321 2552 1380 luna
2581 1323 2699 1379 eim
2729 1324 2789 1378 Io
2824 1323 2898 1379 ab
2929 1323 3156 1397 Argivis
3204 1326 3570 1384 nominatur.
3627 1328 3744 1383 Ha-

2088 1408 2219 1464 buit
2247 1416 2306 1466 et
2335 1411 2523 1468 filiam
2552 1413 2611 1467 lo
2641 1412 2910 1479 nomine,
2969 1430 3044 1470 ex
3101 1430 3221 1485 qua
3266 1415 3495 1487 Jupiter
3553 1416 3739 1473 ﬁliam

2088 1498 2331 1571 Libyam
2362 1502 2623 1571 sustulit,
2656 1503 2791 1575 Ipsa
2819 1503 2879 1559 lo
2928 1502 3287 1560 verecundia
3317 1505 3523 1576 patris,
3577 1505 3741 1577 quod

2087 1604 2224 1644 cum
2252 1590 2387 1647 Jove
2420 1590 2860 1660 concubuisset,
2920 1592 2985 1647 in
3039 1595 3350 1666 £gyptum
3396 1594 3592 1667 fugit;
3640 1595 3741 1654 ubi

2086 1693 2222 1737 cum
2246 1680 2603 1738 Mercurium
2636 1697 2835 1753 regem
2866 1681 3213 1749 invenisset,
3244 1684 3308 1741 in
3331 1685 3624 1758 Silphium
3648 1688 3744 1758 Sy-

2084 1770 2187 1827 rio
2212 1779 2477 1828 montem
2509 1773 2676 1840 abiit,
2710 1774 2810 1831 ubi
2843 1782 3050 1846 postea
3079 1776 3181 1832 38
3203 1778 3490 1848 temporis
3533 1778 3741 1834 Seleu-

2083 1875 2188 1915 cus
2219 1862 2456 1918 Macedo
2488 1879 2762 1936 magnam
2794 1865 3169 1921 Antiochiam
3201 1865 3274 1921 de
3325 1865 3433 1921 filii
3492 1868 3738 1924 nomine

2086 1948 2172 2004 sic
2193 1948 2411 2007 dictam
2433 1952 2721 2008 condidit.
2745 1953 2829 2008 lbi
2853 1961 3089 2012 mortua
3135 1961 3226 2010 est
3268 1956 3349 2011 lo.
3402 1958 3577 2012 Pater
3600 1973 3736 2012 vero

2083 2039 2338 2098 Inachus
2368 2043 2590 2099 multos
2610 2060 2747 2099 cum
2767 2044 3033 2101 misisset
3053 2046 3156 2116 qui
3178 2061 3308 2102 eam
3341 2047 3737 2117 requirerent,

2087 2128 2244 2185 ﬁlios
2277 2147 2513 2203 quoque
2545 2149 2683 2188 suos
2709 2150 2781 2189 ea
2808 2133 3151 2191 conditione
3171 2134 3464 2208 ablegavit
3491 2142 3556 2192 ut
3586 2153 3733 2192 non-

2086 2216 2204 2273 nisi
2237 2235 2367 2275 eam
2417 2219 2772 2278 reducentes
2830 2222 3074 2279 domum
3131 2224 3415 2280 redirent.
3475 2226 3543 2281 Hi
3590 2242 3735 2282 cum

2083 2308 2325 2380 Egypto
2341 2316 2652 2383 peragrata
2666 2311 2742 2367 ad
2780 2312 3010 2383 Syriam
3059 2313 3468 2383 accessissent,
3501 2332 3606 2386 per
3635 2315 3730 2371 in-

2084 2396 2383 2453 somnium
2414 2398 2688 2457 viderunt
2716 2399 3019 2466 buculam,
3075 2418 3205 2472 quae
3265 2402 3531 2459 humana
3584 2420 3728 2460 voce

2085 2484 2211 2541 hinc
2231 2484 2473 2541 ederet:
2497 2510 2525 2536 ‹‹
2550 2489 2653 2543 Hic
2674 2504 2807 2543 sum
2827 2505 2931 2561 ego
2953 2488 3032 2544 lo.
3062 2512 3090 2538 υ
3109 2490 3325 2545 Somno
3362 2491 3538 2546 soluti
3583 2492 3725 2547 fano

2086 2573 2168 2629 ibi
2198 2578 2258 2629 et
2285 2574 2430 2631 urbe
2460 2576 2647 2648 Iopoli
2677 2576 2985 2634 aediﬁcetis
3039 2594 3109 2634 eo
3167 2578 3298 2634 loco
3354 2585 3723 2648 manserunt,

2087 2679 2222 2718 cum
2251 2663 2326 2719 ad
2356 2664 2640 2721 Inachum
2672 2667 2883 2722 reverti
2914 2684 3036 2723 non
3067 2668 3374 2724 auderent.
3418 2671 3493 2725 At
3546 2670 3727 2741 Libya

2086 2752 2183 2807 Ius
2204 2758 2263 2808 et
2279 2753 2431 2809 Jovis
2455 2753 2577 2810 tilia
2601 2754 2873 2827 Neptuno
2895 2757 3117 2828 nupsit,
3141 2758 3376 2813 Saturni
3400 2759 3547 2829 tilio,
3576 2761 3731 2815 Jovis

2084 2841 2274 2899 fratri.
2312 2847 2390 2899 Ex
2420 2845 2533 2899 hoc
2561 2846 2837 2918 conjugio
2868 2847 2993 2902 nati
3020 2853 3138 2903 tres
3165 2847 3295 2914 lilii,
3328 2851 3582 2921 Agenor,
3623 2851 3732 2906 Be-

2086 2931 2181 2988 lus
2210 2937 2271 2988 et
2300 2932 2601 3005 Enyalius.
2634 2935 2895 3000 Quorum
2928 2936 3100 2992 Belus
3121 2936 3298 2993 ducta
3324 2938 3388 2993 in
3420 2939 3734 2995 matrimo-

2086 3025 2257 3081 nium
2283 3026 2423 3082 Side
2450 3027 2784 3099 Egyptum,
2818 3027 2975 3083 unde
3030 3030 3281 3101 .Egypto
3338 3030 3566 3102 regioni
3623 3048 3733 3087 no-

2086 3131 2247 3182 men,
2280 3119 2339 3170 et
2366 3114 2633 3171 Danaum
2666 3115 2821 3171 ﬁlios
2844 3117 3068 3186 genuit.
3103 3121 3332 3190 Agenor
3383 3120 3446 3173 in
3504 3121 3739 3176 Phaeni-

324 3203 457 3261 Σίδα
489 3206 823 3282 γεγάμηκεν,
861 3207 954 3281 ἀφ’
984 3209 1050 3276 ἧς
1082 3189 1370 3282 Αἴγυπτον
1425 3208 1514 3262 καὶ
1573 3207 1778 3263 Δαναὸν
1820 3203 1976 3287 ἔσχεν

2089 3220 2217 3260 cem
2248 3204 2548 3277 profectus
2576 3206 2724 3275 Tyro
2754 3222 2999 3262 uxorem
3024 3189 3226 3275 duxit;
3250 3224 3321 3264 ex
3359 3224 3477 3279 qua
3525 3209 3577 3263 ei
3609 3210 3734 3264 nati

323 3297 502 3362 υἱοὺς,
533 3294 586 3366 ἐξ
631 3294 695 3351 οὗ
752 3297 840 3351 καὶ
898 3299 933 3366 ἡ
968 3297 1127 3371 χώρα
1186 3294 1461 3371 Αἴγυπτος
1504 3295 1789 3367 κέκληταιο
1826 3298 1854 3352 ὁ
1885 3299 1973 3355 Ἀ-

319 3388 512 3460 γήνωρ
544 3382 602 3442 δὲ
631 3385 720 3441 ἐπὶ
749 3386 848 3456 τὴν
881 3386 1136 3457 Φοινίκη,
1169 3384 1343 3451 ἐλθὼν
1373 3386 1612 3461 ἠγάγετο
1642 3387 1740 3455 τήν
1788 3388 1975 3461 Τυρὼ,

318 3475 366 3545 ἐξ
421 3479 494 3545 ἧς
550 3473 773 3548 Κάδμος
833 3477 1092 3552 ἐγεννήθη
1150 3476 1240 3532 καὶ
1285 3476 1474 3547 Φοῖνιξ
1512 3477 1599 3532 καὶ
1659 3477 1834 3552 Σύρος
1886 3468 1977 3532 καὶ

318 3565 488 3636 Κίλιξ
515 3566 607 3620 καὶ
663 3567 907 3641 θυγάτηρ
968 3567 1211 3640 Εὗρώπη
1269 3564 1615 3639 καλουμένη.
1680 3566 1861 3636 Κτίζει
1920 3564 1978 3623 δὲ

316 3656 574 3731 Ἀγήνωρ
601 3656 703 3723 τήν
729 3655 926 3729 Τύρον,
968 3654 1051 3710 ἐπ’
1108 3656 1337 3729 ὀνόματι
1393 3655 1601 3730 Τύροῦς
1657 3662 1757 3724 τῆς
1810 3656 1979 3712 αὐτοῦ

308 3749 586 3818 γαμετῆς,
620 3742 898 3816 βασιλεύει
938 3742 997 3800 δὲ
1048 3748 1156 3800 τῶν
1204 3749 1382 3820 μερῶν
1441 3744 1662 3799 ἐκείνων
1723 3740 1819 3815 ἔτη
1878 3745 1976 3819 ξγ’.

312 3833 459 3887 Φασὶ
498 3829 557 3886 δὲ
583 3831 678 3887 τὸν
700 3835 907 3905 Ταῦρον
938 3839 1057 3896 τοῖς
1088 3832 1316 3911 χρόνοις
1346 3832 1573 3895 ἐκείνοις
1608 3840 1711 3903 τῆς
1757 3836 1978 3909 Κρήτης

320 3918 710 3994 βασιλεύοντα,
736 3921 1021 4000 ναυμαχίᾳ
1076 3923 1213 3978 κατά
1263 3929 1364 3991 τῆς
1422 3922 1600 3998 Τύρου
1658 3921 1976 3996 ἐπιθέμενον

314 4016 413 4065 τοῦ
446 4011 752 4084 Ἀγήνορος
783 4008 1040 4086 ἀλλαχοῦ
1086 4011 1221 4084 μετά
1273 4018 1377 4081 τῆς
1437 4010 1640 4074 οἰκείας
1696 4008 1978 4083 δυνάμεως

315 4098 574 4171 πόλεμον
603 4101 957 4171 ποιουμένου,
1007 4101 1143 4175 πρὸς
1201 4100 1427 4176 ἑσπέραν
1475 4100 1575 4169 τὴν
1607 4100 1776 4173 Τόρον
1811 4098 1980 4170 ἑλεῖν,

315 4187 535 4250 ἄλλους
570 4208 622 4244 τε
650 4186 900 4251 πολλοὺς
947 4187 1347 4262 αἰχμαλώτους
1377 4190 1468 4245 καὶ
1502 4187 1569 4258 δὴ
1599 4190 1691 4244 καὶ
1746 4191 1846 4259 τήν
1873 4191 1982 4246 Εὐ-

317 4282 520 4351 ρώπην
579 4278 845 4353 θυγατέρα
896 4279 1215 4353 Ἀγήνορος,
1268 4280 1335 4348 ἢν
1392 4280 1479 4334 καὶ
1534 4285 1761 4353 γυναῖκα
1813 4300 1980 4351 ποιη-

311 4369 553 4440 σάμενος
591 4371 767 4423 πᾶσαν
820 4368 922 4436 τήν
948 4369 1050 4443 γήν
1114 4368 1290 4445 Ἰάφεο
1345 4367 1617 4442 Εὐρώπην
1675 4369 1977 4442 ὠνόμασεν,

314 4456 505 4527 ὥσπερ
537 4450 746 4527 Λιϐύην
782 4457 810 4511 ὁ
841 4454 1117 4514 Ποσειδῶν
1167 4458 1268 4526 τὴν
1307 4460 1405 4512 τοῦ
1433 4457 1571 4530 Χὰμ
1598 4464 1707 4532 γῆν
1760 4455 1850 4513 διά
1879 4461 1980 4514 At-

2083 3299 2223 3349 sunt
2242 3294 2516 3360 Cadmus,
2536 3293 2805 3366 thnix,
2830 3296 3009 3366 Syrus
3036 3296 3206 3363 Cilix,
3239 3303 3298 3353 et
3314 3297 3437 3353 ﬁlia
3480 3299 3734 3370 Europa.

2082 3385 2318 3455 Agenor
2341 3384 2557 3455 Tyrum
2578 3384 2887 3452 exstruxit,
2910 3384 2982 3441 ab
3001 3402 3185 3443 uxore
3208 3387 3290 3443 ita
3339 3388 3729 3453 nominatam,

2082 3487 2453 3544 regnumque
2486 3472 2547 3527 in
2579 3473 2653 3529 iis
2684 3473 3025 3546 regionibus
3056 3492 3163 3547 per
3196 3493 3408 3547 annos,
3441 3482 3506 3532 ut
3545 3477 3737 3546 aiunt,

2083 3561 2153 3614 63
2178 3560 2456 3618 obtinuit.
2488 3564 2569 3618 Ea
2600 3568 2948 3635 tempestate
2980 3565 3234 3621 traditur
3263 3568 3517 3622 Taurum
3550 3568 3735 3623 Cretas

2083 3665 2281 3721 regem
2313 3650 2502 3707 classe
2533 3653 2749 3723 Tyrum
2782 3658 3364 3729 tentasse,¢\genore
3418 3674 3553 3712 cum
3612 3658 3738 3712 suis

2084 3739 2273 3809 capiis
2303 3739 2445 3794 alibi
2502 3740 2727 3796 bellum
2787 3750 3080 3814 gerente;
3139 3762 3208 3800 ac
3262 3745 3371 3801 sub
3430 3763 3737 3816 vesperam

2084 3832 2257 3897 capta
2272 3828 2421 3898 Tyro
2442 3844 2576 3882 cum
2600 3828 2749 3884 alios
2769 3831 2990 3886 multos
3012 3834 3271 3903 captivos
3297 3838 3419 3888 tum
3442 3835 3736 3902 Europam

2086 3930 2321 3989 quoque
2352 3917 2637 3989 Agenoris
2670 3917 2855 3973 filiam
2894 3919 3263 3976 abduxissse.
3312 3922 3473 3976 Hanc
3519 3919 3735 3975 deinde

2084 4006 2185 4062 ιο
2219 4021 2468 4062 uxorem
2501 4005 2729 4073 habuit,
2763 4005 2837 4062 ab
2867 4024 3059 4080 eaque
3089 4011 3337 4081 Europa:
3359 4024 3581 4065 nomen
3630 4008 3736 4064 toti

2087 4111 2219 4168 quin
2247 4095 2452 4169 Japeto
2476 4101 2740 4152 cesserat
2768 4102 2940 4152 terrm
2989 4098 3150 4167 fecit,
3199 4098 3375 4155 sicuti
3432 4101 3739 4170 Neptunus

2087 4200 2327 4241 omnem
2348 4183 2554 4240 Chami
2580 4190 2798 4240 terram
2837 4203 2873 4241 a
2912 4186 3092 4259 Libya
3120 4204 3301 4243 uxore
3354 4204 3463 4243 sua
3493 4186 3735 4259 Libyam

2087 4272 2513 4330 denominavit.
2540 4273 2687 4329 Hinc
2706 4279 2896 4345 poeta
2937 4276 3371 4347 perhibuerunt
3392 4278 3593 4333 Jovem
3625 4275 3735 4332 sub

2085 4364 2275 4421 tauris
2298 4363 2497 4436 specie
2526 4364 2821 4436 Europam
2853 4367 3141 4438 rapuisse.
3176 4367 3279 4423 Hic
3308 4367 3534 4424 Taurus
3555 4368 3738 4425 etiam

2083 4454 2403 4524 Gortynam
2433 4452 2642 4508 urbem
2670 4455 2844 4509 matri
2875 4472 2996 4511 suae
3026 4457 3444 4529 cognominem
3477 4458 3538 4512 in
3570 4460 3741 4512 Creta

314 4539 462 4618 ϐύην
505 4547 608 4615 τήν
657 4548 824 4601 αὐτοῦ
879 4547 1143 4621 γαμετήν.
1202 4547 1472 4603 Ἐντεῦθεν
1521 4545 1889 4623 ὡμολόγησαν
1923 4548 1976 4603 οἱ

2086 4541 2688 4614 οοιιιίἰιίίῌίιὶυωσιιο
2710 4559 2781 4598 ex
2804 4545 3037 4617 Europa
3056 4546 3466 4617 habuit,quem
3489 4547 3738 4602 Minoem

312 4634 553 4703 ποιηταὶ
583 4634 659 4695 ώς
691 4635 719 4689 ὁ
749 4634 876 4697 Ζεὺς
904 4634 1088 4709 ταύρῳ
1113 4633 1407 4709 όμοιωθεὶς
1458 4635 1730 4711 Εὐρώπην
1790 4638 1971 4711 ἥρπα-

317 4745 423 4781 σεν.
500 4721 975 4798 ΟὗτοςὸΤαῦρος
1041 4726 1130 4780 καὶ
1190 4725 1458 4799 Γόρτυναν
1516 4724 1680 4781 πόλιν
1740 4724 1973 4781 ἐπ’όνό-

318 4834 455 4885 ματι
482 4819 583 4883 τῆς
628 4812 791 4870 αὐτοῦ
853 4815 1087 4890 μητέρος
1140 4812 1496 4889 ᾠκοδόμησεν
1528 4814 1582 4870 ἐν
1613 4817 1831 4890 Κρήτῃ,
1880 4814 1972 4871 καὶ

315 4901 435 4955 υἱὸν
473 4894 630 4976 ἴσχεν
660 4902 768 4957 ἀπὸ
796 4908 896 4972 τῆς
946 4902 1219 4977 Εὐρώπης
1276 4902 1334 4959 ὃν
1392 4902 1548 4959 Μίνω
1603 4902 1974 4978 προσηγόρευ-

320 5009 427 5047 σεν.
460 4990 523 5047 Ὀ
544 4991 796 5067 Ἀγήνωρ
833 4988 891 5047 δὶ
918 4989 1171 5063 τελευτᾷν
1208 4988 1429 5065 μέλλων
1469 4992 1731 5065 χρήματα
1782 4987 1975 5046 πολλὰ

316 5075 370 5132 ἒν
406 5081 603 5155 Κρήτῃ
647 5077 737 5135 διά
779 5084 876 5135 τοῦ
932 5081 1050 5136 υἱοῦ
1109 5077 1332 5153 Κάδμου
1376 5081 1513 5154 πρὸς
1550 5081 1649 5149 τὴν
1708 5079 1973 5155 θυγατέρα

316 5168 602 5243 Εὐρώπην
633 5168 980 5226 ἀποστέλλει.
1026 5173 1158 5234 Τοῖς
1212 5171 1355 5233 υἱοῖς
1404 5166 1463 5225 δὲ
1504 5168 1671 5225 αὐτοῦ
1698 5171 1801 5239 τὴν
1836 5170 1972 5225 ὑπο-

311 5256 655 5334 τεταγμένην
685 5257 834 5331 αὐτῷ
865 5265 962 5331 γῆν
990 5258 1390 5333 καταμερίζων,
1452 5257 1669 5314 Φοίνικι
1739 5258 1835 5332 μὲν
1865 5258 1972 5316 Τύ-

320 5366 417 5417 ρον
447 5346 635 5402 καὶτὰ
663 5346 818 5422 πέριξ
875 5347 1039 5414 αὐτῆς
1087 5347 1384 5422 ἀπονείμας
1441 5346 1705 5417 Φοινίκην
1737 5348 1838 5416 τήν
1882 5347 1973 5402 ὑπ’

2082 4632 2419 4705 appellavit.
2453 4632 2745 4688 Caeterum
2785 4636 3022 4705 Agenor
3075 4636 3402 4692 moriturus
3458 4651 3733 4709 magnam

2083 4721 2351 4795 pecunia)
2372 4721 2489 4775 vim
2506 4737 2612 4792 per
2632 4721 2922 4778 Cadmum
2940 4724 3130 4779 filium
3153 4741 3327 4781 suum
3341 4724 3415 4780 ad
3438 4725 3733 4794 Europam

2082 4813 2147 4868 in
2174 4813 2409 4867 Cretam
2434 4810 2789 4879 transmisit,
2821 4828 2992 4868 suam
3045 4830 3179 4869 vero
3239 4812 3529 4868 ditionem
3579 4811 3736 4864 inter

2084 4900 2236 4956 ﬁlios
2257 4900 2341 4955 ita
2359 4898 2685 4965 distribuit,
2708 4906 2775 4955 ut
2817 4900 3082 4957 Phaenici
3118 4902 3306 4972 Tyrus
3354 4916 3421 4955 ac
3452 4913 3584 4967 quas
3615 4896 3737 4952 cir-

2082 5006 2219 5047 cum
2250 4994 2341 5045 est
2365 4989 2527 5061 regio
2557 4986 2917 5062 obtingeret,
2952 5006 3131 5060 quam
3161 4996 3220 5043 et
3250 4986 3591 5043 Phoenicem
3624 5002 3736 5042 no—

2082 5078 2348 5145 minavit,
2380 5078 2536 5132 sicut
2565 5083 2624 5132 et
2654 5077 2881 5149 Syriam
2913 5094 2982 5133 ac
3013 5077 3301 5141 Ciliciam,
3335 5090 3481 5145 quas
3514 5075 3659 5147 Syro
3678 5081 3742 5132 et

2082 5164 2249 5220 Cilici
2281 5162 2421 5218 illiis
2450 5162 2573 5217 suis
2604 5161 2986 5217 attribuebat.
3022 5162 3209 5233 Hujus
3238 5160 3534 5216 Phoenicis
3564 5167 3741 5217 astate

2081 5256 2279 5313 ferunt
2300 5250 2614 5307 Herculum
2638 5250 3467 5322 philosophum,cognomento
3480 5251 3745 5323 Tyrium,

2080 5359 2411 5417 purpuram
2444 5357 2562 5414 quo
2593 5341 2930 5412 expositum
2962 5345 3051 5395 est
3084 5341 3263 5398 modo
3292 5342 3608 5414 reperisse.

319 5433 484 5489 αὐτόν
510 5436 764 5509 ὡνὸμασε
816 5442 941 5511 γῆν.
1000 5435 1237 5510 Ὀμοίως
1293 5434 1351 5492 δὶ
1380 5438 1469 5492 καὶ
1528 5436 1726 5512 Συρίαν
1771 5436 1862 5491 καὶ
1929 5432 2185 5492 Κιλικίαν
2243 5431 2339 5493 τὰς
2399 5426 2774 5502 ἐπιλαχούσας
2827 5432 2943 5490 τοῖς
2998 5429 3140 5491 υἱοῖς
3196 5428 3354 5504 Σύρῳ
3411 5429 3501 5485 καὶ
3558 5428 3744 5487 Κίλικι

324 5523 516 5596 χώρας
538 5520 982 5597 προσωνόμασεν.
1023 5525 1112 5581 Ἐν
1164 5532 1281 5586 τοῖς
1315 5525 1536 5600 χρόνοις
1591 5525 1791 5580 τούτου
1838 5527 1936 5580 τοῦ
1993 5522 2255 5583 Φοίιικος
2314 5519 2401 5574 καὶ
2462 5512 2738 5590 Ἠρακλῆν
2789 5537 2914 5595 φασι
2970 5518 3063 5573 τὸν
3123 5520 3444 5597 φιλόσοφον,
3483 5519 3593 5591 [Ρ.
3627 5520 3742 5591 22]

315 5612 409 5665 τὸν
446 5609 746 5688 λεγόμενον
771 5612 992 5687 Τύριον,
1023 5615 1122 5681 τὴν
1156 5614 1299 5670 οὕτω
1326 5614 1668 5689 καλουμένην
1701 5614 1993 5690 κογχύΛην
2026 5611 2273 5686 ἐξευρεῖν,
2309 5607 2384 5670 ὡς
2415 5604 2649 5680 εἴρηται-
