4148 6196
412 364 489 424 67
1767 351 2040 414 GEORGJ

2147 345 2475 408 annnam
3620 309 3624 312 ’
3745 353 3822 414 σε

484 499 795 569 AtJupiter
816 505 1032 572 prmter
1054 498 1270 553 multas
1292 496 1548 549 Danaem
1567 504 1803 562 quoque
1827 485 2038 540 Acrisii

2249 483 2312 537 Ὀ
2347 481 2532 554 μέντοι
2564 484 2694 543 Ζεὺς
2723 485 2859 558 πρὸς
2900 487 3021 545 ταῖς
3053 481 3254 545 ἄλλαις
3318 485 3407 540 καὶ
3467 489 3565 541 τοῦ
3616 487 3667 556 έξ
3702 490 3830 560 ’Λρ-

413 589 512 658 qui
534 588 842 661 abArgivis
882 585 1298 650 descendebat,
1333 582 1540 648 filiam,
1574 579 1792 650 insigni
1844 576 2058 644 forma,

415 683 472 732 et
493 694 623 749 qua;
649 678 706 733 in
731 677 1001 733 cubiculo
1024 674 1097 729 ad
1119 689 1280 728 mare
1307 676 1606 726 exstructo
1629 667 2061 732 asservabatur,

413 768 706 838 corruptis
727 767 910 820 multo
925 781 1068 819 auro
1091 762 1438 818 custodibus
1456 761 1654 832 rapuit
1699 776 1766 814 ac
1799 758 2054 821 violavit,

413 861 588 925 atque
613 872 680 908 ex
701 871 768 907 ea
787 853 974 906 tilium
995 852 1235 906 nomine
1285 854 1565 905 Perseum
1615 847 1874 903 sustulit.
1910 847 2056 901 Hinc

409 943 650 998 fabulati
679 942 994 1012 scriptores
1016 943 1211 996 Jovem
1236 939 1554 995 ediderunt
1571 940 1630 993 in
1653 953 1864 994 aurum
1915 952 2058 990 con-

409 1047 642 1085 versum
675 1046 780 1102 per
810 1036 1030 1086 tectum
1062 1031 1123 1086 in
1153 1030 1350 1085 cubile
1383 1029 1711 1094 inﬂuxisse,
1745 1043 1812 1083 ac
1845 1027 2057 1081 Danaa:

406 1121 802 1194 virginitatem
836 1121 1144 1193 eripuisse.
1177 1122 1338 1174 Hunc
1371 1135 1605 1190 quoque
1636 1120 1917 1173 Perseum
1939 1117 2056 1172 ala-

411 1215 536 1266 tum
555 1212 736 1266 fuisse
761 1209 1225 1281 dixerunt,quod
1249 1210 1320 1263 ab
1347 1209 1588 1263 ineunte
1617 1213 1788 1263 astate
1815 1205 2053 1262 celerri-

409 1317 543 1357 mus
561 1301 673 1354 fuit
696 1300 1047 1370 ingenioque
1061 1299 1426 1356 ferocissimo
1445 1301 1621 1369 atqué
1643 1296 2051 1364 callidissimo;

411 1406 592 1460 quare
617 1389 794 1445 etiam
819 1405 953 1444 eum
979 1389 1206 1459 Jupiter
1224 1392 1391 1459 pater
1411 1403 1655 1442 arcanas
1676 1403 1744 1442 ac
1774 1386 2054 1457 mystica:

407 1479 680 1550 fmdaque
696 1479 797 1534 40
811 1494 1016 1534 omnes
1033 1477 1465 1533 incantationes
1479 1474 1830 1532 etveneﬁcia
1854 1474 2054 1530 docuit

410 1571 623 1627 horum
649 1587 760 1641 ope
783 1570 1089 1625 victoriam
1109 1570 1160 1624 ei
1193 1569 1264 1624 ab
1314 1569 1584 1625 hostibus
1631 1566 2051 1640 reportandam

406 1660 926 1731 pollicens.ltaque
954 1659 1042 1713 vir
1060 1659 1249 1714 factus
1270 1659 1522 1713 Perseus
1543 1656 1674 1712 Nini
1691 1655 1883 1728 patrui
1899 1655 2051 1709 ﬁlios

405 1750 636 1822 fugiens
668 1749 741 1805 ad
769 1751 1044 1820 Assyrios
1075 1750 1252 1806 venit.
1285 1748 1428 1802 Inde
1459 1749 1518 1802 in
1569 1746 1825 1802 Africam
1887 1745 2050 1800 eunti

2171 571 2332 648 γείων
2392 574 2775 646 καταγομένου
2857 573 3136 646 Ἀκρισίου
3223 575 3490 649 θυγατέρα
3585 578 3821 646 Δανάην,

2167 660 2408 737 εὐπρεπῆ
2441 663 2578 717 πάνυ
2629 660 2788 716 οὖσαν
2838 664 2926 718 καὶ
2988 662 3040 718 ἐν
3099 660 3481 738 κουϐουκλείῳ
3538 669 3676 743 πρὸς
3734 671 3822 724 θά-

2168 757 2368 805 λασσαν
2401 751 2846 830 φυλαττομένην,
2878 751 3078 825 πολλῷ
3116 759 3308 832 χρυσῷ
3336 754 3462 817 τοὺς
3519 762 3820 831 τηροῦντας

2163 840 2352 900 πείσας
2407 841 2498 893 καὶ
2552 839 2756 908 ταύτην
2823 841 3069 912 ἁρπάσας
3147 842 3238 896 καὶ
3278 845 3499 921 φθείρας
3558 839 3716 920 ἔσχεν
3764 846 3816 916 ἐξ

2163 928 2335 996 αὐτῆς
2368 924 2535 982 παῖδα
2595 929 2795 1003 Περσέα
2854 929 3105 1001 ὀνόματι.
3166 932 3353 996 Ἔνθεν
3409 933 3462 988 οἱ
3506 933 3814 1011 μυθολόγοι

2159 1016 2251 1071 τὸν
2277 1018 2374 1072 Δία
2403 1017 2534 1090 φασὶ
2565 1019 2766 1092 χρυσὸν
2816 1017 3099 1092 γενόμενον
3158 1019 3353 1094 ῥυῆναι
3411 1019 3500 1077 διὰ
3562 1027 3660 1078 τοῦ
3691 1024 3812 1078 στέ-

2159 1125 2291 1180 γους
2321 1103 2396 1167 είς
2427 1106 2520 1160 τὸν
2553 1105 2800 1179 θάλαμον
2830 1106 2919 1161 καὶ
2977 1108 3183 1180 Δανάην
3243 1107 3569 1189 διαφθεῖραι.
3600 1114 3806 1169 Τοῦτον

2157 1195 2250 1248 τὸν
2285 1194 2486 1268 Ιιερσέα
2515 1195 2604 1250 καὶ
2634 1197 2909 1271 πτερωτὸν
2960 1199 3097 1251 εἶναι
3153 1190 3383 1274 ἔφασκον
3443 1197 3518 1262 ὠς
3549 1199 3802 1270 testam

2160 1279 2288 1338 ὅντα
2331 1281 2586 1348 παιδόθεν
2623 1285 2712 1339 καὶ
2769 1289 2838 1358 τῇ
2896 1284 3049 1362 φύσει
3108 1287 3440 1364 γοργότατον
3491 1289 3583 1344 καὶ
3631 1289 3806 1366 ἐντρε-

2157 1373 2438 1450 χέστατον.
2472 1378 2536 1448 ᾯ
2579 1372 2670 1428 καὶ
2727 1373 2855 1435 Ζεὺς
2883 1375 2911 1429 ὁ
2950 1377 3130 1448 πατὴρ
3163 1376 3330 1432 αὐτοῦ
3386 1378 3482 1440 τὰς
3540 1379 3806 1456 κρυφίους

2156 1473 2246 1529 καὶ
2273 1477 2534 1547 μυστικὰς
2562 1475 2649 1530 καὶ
2696 1476 2938 1551 μυσαρὰς
2991 1479 3164 1540 πάσας
3226 1478 3452 1555 μαγείας
3515 1482 3604 1536 καὶ
3669 1503 3804 1559 μαγ-

2154 1562 2340 1636 γανίας
2408 1560 2654 1634 ἐδίδαξε,
2711 1568 2862 1636 νικᾷν
2917 1565 3045 1628 τοὺς
3101 1565 3406 1642 πολεμίους
3473 1567 3527 1624 έν
3584 1569 3801 1632 τούτοις

2154 1657 2500 1726 παρεγγυῶν.
2534 1653 2726 1709 Τοίνυν
2755 1654 2832 1717 είς
2861 1651 3086 1722 ἡλιλίαν
3130 1653 3322 1728 ἀνδρός
3386 1655 3556 1712 ἐλθὼν
3615 1658 3801 1736 φεύγει

2153 1740 2282 1804 τοὺς
2313 1740 2463 1803 υἱοὺς
2505 1742 2663 1797 Νίνου
2719 1746 2815 1798 τοῦ
2848 1745 2994 1806 θείου
3046 1745 3236 1814 αὐτοῦ,
3269 1747 3358 1800 καὶ
3417 1747 3554 1822 πρὸς
3612 1749 3805 1804 Ἀσσυ-

402 1839 560 1911 virgo
585 1840 843 1894 occurrit
864 1839 1166 1911 indigena,
1191 1837 1379 1893 oculis
1403 1837 1754 1909 capillisque
1781 1837 1920 1890 ferae
1951 1836 2040 1888 in-

2157 1830 2304 1920 ρίους
2335 1825 2574 1906 ἔρχεται.
2613 1832 2754 1906 Πρὸς
2787 1829 2845 1887 δὲ
2878 1829 3084 1902 Λιϐύην
3145 1829 3479 1891 διαϐαίνοντι
3536 1832 3804 1911 παρθένος

399 1933 523 1983 star
552 1929 826 1984 horrens.
867 1928 1052 1994 Quam
1083 1929 1209 1999 ipse
1241 1943 1372 1982 cum
1397 1927 1717 1981 subsistere
1735 1925 2043 1997 coegisset,

401 2017 560 2088 quod
575 2035 792 2073 nomen
815 2025 1045 2090 gereret
1068 2017 1466 2088 interrogavit.
1494 2015 1780 2071 Professae
1824 2030 2043 2068 nomen

402 2106 654 2162 Medusae
675 2109 872 2161 statim
895 2113 1070 2178 caput
1090 2106 1442 2178 amputavit;
1468 2104 1666 2174 idque,
1689 2109 1755 2158 ut
1786 2102 2044 2158 infandw

399 2201 577 2266 atque
601 2196 1014 2252 abominanda;
1035 2197 1188 2251 Jovis
1211 2196 1394 2266 patris
1415 2193 1842 2265 praeceptiones
1875 2191 2045 2264 jube-

399 2284 874 2354 bant,conditum
903 2285 1147 2352 habens,
1176 2301 1460 2340 manuum
1485 2283 1694 2338 robore
1749 2287 1805 2336 et
1861 2281 2045 2348 magi-

405 2391 605 2430 carum
628 2376 848 2430 artium
874 2375 1086 2430 ﬁducia
1108 2375 1313 2440 fretus,
1337 2373 1646 2428 adversum
1669 2373 1869 2427 hostes
1907 2387 2045 2425 suos

402 2465 697 2534 perrexit;
732 2463 909 2535 capiti
941 2480 1160 2518 nomen
1193 2463 1473 2534 Gorgonis
1499 2461 1782 2532 imposuit
1804 2459 1877 2514 ob
1919 2459 2042 2513 efti-

397 2552 704 2607 cacitatem
729 2558 787 2607 et
803 2553 916 2606 vim
937 2551 1223 2607 veneﬁcii.
1248 2551 1391 2605 Inde
1414 2551 1471 2604 in
1495 2550 1822 2620 [Ehiopiam
1849 2553 2045 2602 trans-

397 2641 518 2708 ivit,
551 2658 730 2711 quam
765 2647 903 2696 tunc
935 2642 1204 2712 Cepheus
1236 2657 1416 2712 regno
1444 2639 1686 2694 tenebat
1717 2656 1730 2705 ;
1792 2639 1920 2710 ejus
1981 2636 2042 2690 [l-

390 2733 1004 2788 liam.Andromedam
1029 2734 1417 2802 eamdemque
1447 2731 1812 2786 sacerdotem
1826 2731 2040 2802 rapuit,

397 2839 466 2877 ac
506 2839 612 2892 per
641 2821 868 2891 Syriam
900 2822 972 2876 ad
1006 2822 1356 2893 Lycaoniam
1390 2821 1696 2893 navigavit.
1745 2821 2041 2891 Lycaones

398 2927 534 2964 cum
566 2927 627 2964 se
654 2912 867 2964 Perseo
891 2910 1527 2981 opposuissent,primo
1559 2908 1843 2980 Gorgonis
1875 2908 2043 2962 auxi-

395 2999 476 3054 lio
511 2999 720 3054 devicti
755 3005 910 3055 sunt.
947 2999 1029 3053 lbi
1061 2999 1266 3054 urbem
1299 3001 1548 3054 Perseus
1580 2997 1845 3053 condidit
1871 3014 1937 3052 ac
1969 2997 2040 3051 de

400 3105 505 3143 suo
561 3089 802 3144 nomine
859 3089 1162 3144 Persidem
1219 3088 1555 3160 appellavit.
1613 3089 1787 3142 Extra
1831 3087 2038 3143 urbem

397 3183 650 3233 statuam
678 3178 894 3249 posuit,
923 3182 1106 3248 atque
1139 3177 1212 3232 ab
1263 3195 1332 3233 eo
1390 3177 1710 3232 simulacro
1771 3177 2034 3232 Iconium

391 3268 736 3323 nominavit.
776 3267 916 3322 Inde
946 3268 1232 3322 Isauriam
1265 3272 1324 3321 et
1375 3266 1638 3321 Ciliciam
1691 3281 2033 3338 peragrans,

393 3363 634 3427 accepto
657 3357 898 3412 oraculo
922 3361 986 3410 ut
1007 3373 1123 3427 quo
1152 3356 1280 3410 loco
1309 3355 1380 3410 de
1410 3372 1560 3426 equo
1587 3355 1956 3410 descendens
1975 3356 2034 3408 in

395 3445 600 3516 planta
626 3445 794 3516 pedis
825 3445 1093 3499 dolorem
1126 3446 1392 3511 sentiret,
1427 3443 1507 3499 ibi
1540 3445 1840 3500 victoriam
1886 3444 2035 3500 obti-

395 3539 565 3589 neret
595 3539 770 3604 atque
800 3534 1011 3590 urbem
1044 3534 1382 3602 adiﬁcaret,
1423 3536 1687 3602 Tarsum,
1748 3551 1783 3589 a
1835 3534 2038 3605 planta

396 3621 563 3693 pedis
590 3621 806 3677 dictam
839 3622 1069 3691 urbem,
1103 3623 1386 3677 condidit.
1421 3626 1501 3678 Ac
1530 3629 1738 3678 contra
1767 3624 2036 3695 Assyrios

394 3711 694 3781 profectus
729 3728 830 3766 eos
862 3712 1177 3783 superavit,
1235 3711 1707 3784 Sardanapalope
1757 3729 1890 3768 cum
1931 3730 2038 3768 sua

392 3807 565 3870 gente
598 3807 804 3856 necato
833 3802 1104 3872 Assyrios
1133 3818 1377 3873 prorsus
1424 3801 1674 3874 subegit,
1735 3819 2033 3875 regnoque

389 3888 462 3943 iis
480 3889 777 3961 adempto,
802 3892 1010 3946 Persas
1033 3891 1105 3946 de
1128 3907 1232 3945 suo
1285 3892 1527 3946 nomine
1574 3891 1910 3963 appellavit,
1943 3909 2034 3946 re-

390 3993 692 4050 gnumque
717 3981 777 4034 in
801 3983 893 4035 4|
935 3997 1033 4035 eos
1066 3997 1171 4052 per
1201 3984 1266 4036 53
1301 3997 1487 4036 annos
1547 3981 1823 4038 obtinuit.
1876 3981 2033 4036 ldem

392 4067 664 4123 arborem
688 4086 922 4141 quoque
944 4087 976 4124 a
993 4087 1053 4124 se
1079 4071 1374 4125 Persicam
1395 4071 1612 4125 dictam
1663 4087 1768 4139 per
1796 4085 2033 4123 omnem

393 4172 560 4212 suam
593 4157 880 4214 ditionem
912 4159 1234 4230 plantavit;
1262 4157 1536 4228 fmioque
1595 4158 1846 4213 Medusa)
1906 4174 2033 4228 scy-

392 4246 508 4317 pho
540 4247 610 4301 de
633 4248 830 4302 Persis
853 4264 1002 4317 quos
1025 4247 1280 4302 maxime
1303 4246 1604 4316 diligebat,
1648 4245 1878 4300 arcanis
1905 4261 2036 4299 ma-

389 4335 536 4406 gicis
561 4336 745 4389 sacris
777 4335 1040 4401 initians,
1075 4334 1271 4388 Medos
1304 4349 1403 4386 eos
1434 4339 1494 4387 et
1550 4338 1768 4387 terram
1827 4348 2032 4386 eorum

390 4419 642 4474 Mediam
669 4421 1014 4474 nominavit.
1037 4421 1180 4475 Inde
1204 4421 1278 4491 ad
1300 4420 1591 4490 Silpliium
1617 4425 1880 4475 montem
1902 4436 2034 4490 pro-

387 4511 582 4564 fectus
604 4509 850 4573 Jonitas,
882 4509 982 4578 qui
1011 4509 1083 4564 ab
1118 4509 1285 4580 Argis
1335 4525 1403 4562 eo
1459 4515 1896 4578 concesserant,
1948 4508 2028 4563 ibi

387 4597 632 4666 reperit,
665 4597 736 4652 ab
759 4597 1046 4668 iisque,ut
1067 4597 1334 4668 ejusdem
1359 4599 1582 4669 stirpis,
1609 4605 1699 4652 est
1728 4603 2024 4668 acceptus.

384 4683 472 4736 lbi
496 4699 629 4736 cum
654 4684 861 4755 ingens
883 4690 1204 4755 tempestas
1245 4685 1464 4741 imbres
1509 4684 1834 4753 effudisset,
1860 4703 1928 4741 ac
1958 4687 2029 4740 O-

387 4777 586 4827 rontes
619 4770 830 4826 fluvius
853 4773 949 4842 qui
977 4771 1200 4844 lopolin
1230 4773 1399 4829 alluit
1443 4791 1621 4846 supra
1663 4775 1904 4830 modum
1937 4792 2033 4830 ex-

386 4861 662 4928 undaret,
684 4865 896 4918 Perseo
923 4873 1160 4936 precato
1181 4867 1408 4922 fulmen
1433 4867 1608 4922 veluti
1630 4867 1840 4940 globus
1880 4868 2031 4940 ignis

385 4951 580 5008 subito
613 4955 874 5011 delatum
906 4963 1030 5024 est;
1068 4958 1268 5028 itaque
1301 4964 1357 5012 et
1401 4959 1651 5015 inhibita
1707 4964 2031 5030 tempestas

382 5042 515 5108 fuit,
537 5051 594 5098 et
615 5044 824 5100 ﬂuvius
849 5063 952 5101 suo
980 5063 1039 5102 se
1091 5047 1256 5103 alveo
1307 5048 1617 5104 conclusit.
1668 5051 1750 5102 Ex
1795 5064 1862 5102 eo
1895 5049 2030 5118 igne

384 5132 632 5188 Perseus
665 5136 860 5206 ignem
923 5137 1214 5205 accendit,
1277 5153 1596 5208 secumque
1657 5138 1830 5204 tulit;
1883 5136 2031 5190 etin

385 5237 552 5275 suam
583 5225 799 5295 regiam
827 5232 1148 5297 apportans
1175 5226 1360 5281 eadem
1381 5226 1501 5298 igni
1527 5227 2030 5296 exstruxit,sacer-

385 5308 664 5380 dotioque
687 5313 816 5382 pios
841 5315 994 5370 viros
1029 5317 1307 5388 praefecit.
1343 5315 1622 5386 Idemque
1671 5322 1729 5369 et
1759 5315 1941 5386 Iopoli
1975 5319 2032 5369 et

389 5399 449 5453 in
481 5404 604 5454 tota
642 5417 749 5455 sua
779 5402 1003 5460 ditione
1051 5405 1344 5472 instituit;
1396 5405 1790 5475 mandatoque
1849 5410 1912 5458 ut
1956 5403 2028 5458 de

387 5488 534 5543 caelo
568 5489 798 5546 delatus
828 5491 1140 5566 deusignis
1163 5496 1477 5562 coleretur,
1498 5495 1649 5568 ignis
1672 5492 1903 5549 colendi
1955 5494 2030 5546 ri-

389 5582 512 5632 tum
545 5578 1074 5655 docuit,magorum
1127 5585 1372 5641 nomine
1417 5582 1818 5641 sacerdotibus
1876 5581 2028 5653 ignis

383 5665 628 5725 affectis.
658 5670 836 5727 Porro
859 5671 1078 5728 bellum
1097 5675 1316 5730 Perseo
1341 5675 1608 5745 Cepheus
1635 5670 2027 5728 Andromedae

2151 1919 2286 1993 κόρη
2324 1921 2622 1998 χωριτικὴ,
2672 1920 3128 1996 ἂπηγριωμὲνους
3175 1920 3379 1998 ἔχουσα
3433 1924 3561 1987 τούς
3591 1924 3800 2002 ὀφθαλ-

2154 2006 2290 2080 μοὺς
2321 2009 2410 2062 καὶ
2459 2009 2557 2071 τὰς
2603 2010 2825 2085 τρίχας,
2866 2011 3001 2065 κατᾶ
3054 2012 3349 2085 πρόσωπον
3409 2018 3656 2084 συναντᾷ.
3689 2017 3794 2070 "HV

2150 2098 2240 2152 καὶ
2271 2099 2471 2168 στήσας
2501 2099 2564 2152 τὸ
2595 2098 2768 2168 αὐτῆς
2798 2120 2969 2172 ονομα
3000 2101 3207 2175 ἠρώτα.
3248 2102 3309 2158 Ἣ
3339 2099 3416 2170 δὲ,
3451 2126 3479 2154 ‹‹
3513 2099 3792 2175 Μέδουσα,

2149 2184 2276 2264 ἔφη,
2311 2185 2568 2263 λέγομρι.
2603 2211 2628 2242 ι
2682 2189 2785 2244 Καὶ
2817 2188 3008 2244 αὐτίκα
3057 2191 3154 2259 τὴν
3209 2188 3376 2265 κᾶραν
3431 2192 3602 2261 αὐτῆς
3661 2194 3799 2248 ἀπο-

2148 2275 2353 2349 τέμνει·
2413 2277 2504 2333 καὶ
2556 2278 2757 2348 ταύτην
2813 2279 3148 2353 ταριΧεύσας
3195 2281 3329 2334 κατὰ
3373 2281 3468 2342 τὰς
3526 2281 3801 2356 ἀρρήτους

2149 2364 2242 2418 καί
2277 2365 2474 2438 μιαρᾶς
2509 2365 2786 2436 ὑποθήκας
2841 2367 2964 2428 Διὸς
3015 2371 3112 2422 τοῦ
3141 2365 3369 2440 πατέρος
3425 2368 3612 2436 αὐτοῦ,
3673 2373 3795 2428 ταῖς

2151 2454 2310 2528 χερσὶ
2341 2458 2552 2528 κρατῶν
2583 2456 2672 2508 καί
2732 2461 2852 2519 ταῖς
2909 2456 3153 2531 μαγείαις
3213 2454 3427 2532 θαῤῥῶν
3485 2456 3620 2510 κατὰ
3676 2461 3787 2510 τῶν

2153 2540 2366 2616 ἐχθρῶν
2399 2543 2622 2618 ἐχώρει.
2678 2546 2916 2620 Γοργόνα
2945 2543 3001 2599 δί
3029 2546 3127 2614 τήν
3159 2546 3323 2619 κάραν
3385 2543 3568 2600 ἐκάλει
3607 2541 3697 2599 διὰ
3725 2545 3790 2599 τὸ

2147 2637 2247 2699 τῆς
2270 2632 2525 2706 γοητείας
2556 2632 2764 2707 ένερκὶς
2820 2634 2909 2688 καὶ
2945 2633 3056 2704 ὀξύ.
3117 2636 3355 2692 Ἐκεῖθεν
3412 2634 3549 2709 πρὸς
3605 2633 3795 2690 Αἰθιο-

2149 2720 2279 2774 πίαν
2320 2715 2512 2782 διαϐὰς
2574 2722 2677 2776 ὑπὸ
2736 2719 2962 2800 Κηφέως
3015 2723 3142 2778 τότε
3209 2720 3660 2798 βασιλευομένην,
3702 2722 3794 2776 καὶ

2146 2811 2247 2878 τήν
2305 2811 2472 2864 αὐτοῦ
2529 2809 2796 2886 θυγατέρα
2852 2808 3215 2885 ’Λνδρομέδαν
3294 2810 3643 2884 καλουμένην
3704 2811 3792 2864 καὶ

2149 2897 2344 2973 ἱέρειαν
2406 2899 2566 2953 οὖσαν
2598 2899 2860 2972 ἀρπάσας,
2909 2899 3238 2955 κατέπλευσε
3269 2897 3359 2955 διὰ
3413 2900 3611 2974 Συρίας
3655 2900 3790 2975 πρὸς

2149 2991 2478 3046 Λυκαονίαν.
2521 2989 2586 3046 Ol
2628 2985 2684 3042 δὲ
2743 2987 3008 3052 Λυκάονες
3053 2989 3234 3060 τούτῳ
3292 2989 3692 3050 έναντιωθεντες
3721 2993 3790 3061 τῇ

2145 3083 2245 3145 τῆς
2273 3078 2544 3151 Γοργόνος
2606 3077 2798 3151 πρώνῃ
2861 3076 3088 3152 βοηθείᾳ
3137 3079 3587 3149 κατενικήθησαν.
3647 3078 3794 3134 Ἐκεῖ

2145 3167 2234 3221 καὶ
2266 3167 2428 3222 πόλιν
2461 3168 2648 3228 κτίσας
2675 3163 2905 3244 Περσίδα
2934 3172 3016 3239 τῷ
3054 3163 3180 3239 ί’διῳ
3218 3166 3484 3239 κέκληκεν
3543 3168 3791 3240 ὀνόματι.

2143 3255 2369 3327 Στήλην
2423 3253 2480 3310 δὲ
2509 3251 2610 3326 ἔξω
2663 3259 2760 3325 τῆς
2807 3253 3025 3319 πόλεως
3061 3258 3284 3326 στήσας,
3316 3257 3406 3311 καὶ
3449 3257 3511 3310 τὸ
3569 3255 3788 3310 ἀπεικό-

2142 3366 2305 3418 νισμα
2334 3353 2432 3416 τῆς
2467 3347 2738 3420 Γοργόνος
2769 3345 2993 3413 ἐπιθεὶς,
3031 3344 3272 3401 Εἰκόνιον
3319 3346 3521 3415 ταύτην
3581 3343 3791 3398 ἐπωνό-

2145 3455 2329 3508 μασεν.
2365 3436 2597 3497 Ἐκεῖθεν
2640 3431 2727 3487 ἐπὶ
2788 3433 3052 3506 Ἰσαυρίαν
3124 3433 3214 3488 καὶ
3273 3431 3516 3488 Κιλικίαν
3573 3427 3788 3501 διαϐὰς,

2142 3535 2398 3609 χρησμὸν
2435 3529 2617 3589 λαϐὼν
2647 3532 2730 3588 ὅτι
2762 3558 2789 3585 ‹‹
2819 3535 2986 3588 Ἔνθα
3018 3533 3076 3589 ἐκ
3101 3538 3199 3588 τοῦ
3227 3535 3400 3589 ἳππου
3438 3527 3654 3595 ἀποϐὰς
3693 3533 3787 3588 τὸν

2141 3625 2342 3696 ταρσὸν,
2371 3619 2640 3696 ὀδυνηθῇς
2669 3626 2768 3676 τοῦ
2798 3619 2985 3692 ποδὸς,
3027 3623 3181 3694 νίκην
3243 3618 3420 3697 λάϐῃς
3479 3623 3569 3678 καὶ
3628 3620 3794 3678 πόλιν

2142 3710 2541 3786 οἷκοδομήσῃς,
2569 3735 2596 3762 ››
2653 3714 2752 3781 τήν
2799 3712 3002 3786 Ταρσὸν
3041 3713 3209 3782 κτίζει
3239 3713 3328 3767 καὶ
3361 3713 3494 3767 κατὰ
3524 3717 3630 3767 τῶν
3662 3713 3789 3768 Ἀσ-

2141 3802 2342 3875 συρίων
2373 3804 2539 3877 ὁρμᾷ,
2567 3800 2796 3866 τούτους
2824 3823 2881 3857 τε
2941 3805 3165 3873 νικήσας
3221 3803 3310 3857 καὶ
3357 3803 3450 3857 τὸν
3507 3799 3790 3878 Σαρδανά-

2141 3891 2316 3948 παλον
2346 3892 2435 3947 καὶ
2465 3891 2592 3954 τοὺς
2638 3895 2735 3946 τοῦ
2775 3891 2960 3968 γένους
3007 3890 3172 3947 αὐτοῦ
3229 3891 3571 3952 ἀπεκτονοὼς
3604 3889 3682 3952 είς
3711 3888 3793 3945 τὲ-

2142 3980 2240 4043 λος
2267 3979 2464 4044 αὒτοὺς
2515 3981 2825 4038 ὑποτάσσει.
2863 3980 2962 4036 Καὶ
2994 3981 3290 4054 Ἀσσυρίων
3347 3984 3446 4048 τήν
3507 3979 3788 4054 βασιλείαν

2142 4067 2515 4149 ἆσφελὸμενος
2543 4069 2632 4125 ἐπὶ
2661 4075 2743 4143 τῷ
2769 4067 2896 4142 ἰδίῳ
2929 4069 3154 4144 ὀνόματι
3185 4068 3392 4142 Πέρσας
3433 4067 3633 4130 αὐτοὺς
3663 4068 3789 4124 ἐκά-

2142 4155 2286 4225 λεσε,
2321 4157 2646 4233 βασιλεύσας
2676 4158 2758 4214 ἐπ’
2813 4158 3009 4222 αὐτοὺς
3063 4155 3156 4229 ἔτη
3197 4160 3292 4234 νγ“.
3347 4158 3516 4222 Οὗτος
3568 4158 3658 4212 καὶ
3689 4160 3788 4227 τήν

2139 4245 2485 4319 καλουμένην
2545 4249 2775 4322 ΙΙερσὲαν
2831 4249 2886 4303 ἐν
2921 4253 3003 4320 τῷ
3051 4247 3176 4320 ἰδίῳ
3207 4249 3436 4322 ὀνόματι
3494 4247 3568 4309 είς
3619 4252 3793 4303 πᾶσαν

2137 4335 2238 4402 τὴν
2293 4334 2658 4406 ύποκειμένην
2741 4334 2888 4406 αὐτῷ
2950 4335 3308 4414 κατεφύτευσε
3355 4343 3481 4411 γῆν,
3539 4337 3628 4390 καὶ
3684 4337 3787 4405 τήν

2141 4427 2240 4476 τοῦ
2275 4425 2518 4496 μυσαροῦ
2550 4422 2756 4500 σκύφου
2784 4429 2886 4493 τῆς
2938 4420 3226 4495 Μεδούσης
3283 4425 3377 4485 οὓς
3434 4425 3622 4499 ἠγάπα
3677 4429 3788 4479 τῶν

2144 4514 2364 4584 Περσῶν
2395 4509 2447 4566 ἐν
2508 4512 2791 4586 μυστηρίῳ
2847 4515 3284 4588 μυσταγωγήσας
3346 4515 3600 4590 μαγείοις
3657 4517 3786 4585 Μή-

2140 4601 2491 4670 δουςναύτοὺς
2520 4603 2610 4657 καὶ
2643 4599 2858 4674 Μηδίαν
2906 4605 3004 4673 τήν
3059 4605 3249 4679 χώραν
3312 4605 3485 4661 αὐτῶν
3545 4606 3790 4677 μετωνό-

2142 4715 2328 4768 μασεν.
2363 4693 2496 4750 Εἶτα
2540 4692 2614 4755 εἷς
2652 4693 2715 4750 τὸ
2775 4693 3005 4750 Σίλπιον
3065 4691 3191 4770 ὅρος
3260 4693 3436 4750 ἐλθὼν
3495 4694 3614 4769 εὗρε
3660 4695 3788 4757 τοὺς

2139 4784 2246 4840 ἀπὸ
2277 4786 2514 4858 ’Ἄργους
2558 4783 2792 4846 ’ίωνίτας
2840 4784 2927 4859 ὑφ’
2988 4784 3062 4839 ὧν
3117 4785 3206 4839 καὶ
3259 4783 3456 4858 ἐδέχθη
3520 4785 3596 4844 ὡς
3653 4786 3790 4857 ὁμό-

2140 4886 2330 4954 φυλος.
2361 4875 2426 4944 [Ρ
2456 4875 2551 4946 23]
2585 4877 2880 4946 Χειμῶνος
2913 4870 2970 4928 δὲ
3009 4872 3225 4929 πολλοῦ
3277 4874 3538 4937 πεσόντος
3564 4874 3653 4928 καὶ
3692 4878 3790 4928 τοῦ

2138 4961 2686 5038 προσ-παρακειμένου
2732 4966 2984 5035 ποταμοῦ
3041 4968 3159 5026 τοῖς
3205 4961 3548 5023 Ἰωπολίναις
3601 4963 3790 5038 Ὀρόν-

2136 5073 2234 5107 του
2256 5053 2375 5106 καθ’
2395 5045 2706 5126 ὑπερϐολήν
2739 5049 3234 5125 πλημμυροῦντος,
3253 5050 3367 5106 ἐπεὶ
3391 5049 3614 5121 ηὔξατο,
3642 5049 3790 5130 ἄφνω

2137 5140 2393 5215 κεραυνὸς
2446 5138 2519 5200 ὡς
2588 5144 2787 5218 σφαῖρα
2870 5141 3041 5215 πυρὸς
3101 5140 3388 5215 οὐρανόθεν
3455 5139 3790 5214 κατηνέχθη,

2137 5228 2226 5285 καὶ
2260 5228 2432 5288 οὕτως
2463 5226 2492 5281 ὅ
2519 5249 2577 5282 τε
2606 5229 2821 5303 χεΓμὼν
2868 5228 3136 5303 ἐπεσχέθη
3197 5228 3289 5284 καὶ
3351 5231 3419 5285 τὰ
3484 5229 3668 5306 ῥεῖθρα
3697 5233 3797 5284 τοῦ

2139 5321 2394 5392 ποναμοῦ
2436 5316 2647 5392 ἀνείθη..
2703 5316 2809 5392 Καὶ
2857 5320 3150 5392 γοῦννλτοῦ
3204 5319 3373 5392 πυρὸς
3431 5317 3635 5392 ἐκείνου
3686 5322 3793 5392 πῦρ

2140 5387 2343 5463 ἀνάψας
2375 5389 2402 5442 ὁ
2454 5387 2687 5460 Περσεὺς
2747 5387 2881 5462 εἶχε
2924 5390 3040 5461 μεθ’
3100 5387 3292 5446 ἑαυτοῦ
3349 5390 3652 5466 βαστάζων,
3713 5389 3792 5454 εἷς

2137 5498 2196 5532 τε
2224 5477 2290 5531 τὰ
2340 5473 2458 5530 ’ίδια
2519 5473 2768 5550 βασίλεια
2830 5475 3049 5552 ἀγαγὼν
3108 5479 3198 5533 καὶ
3254 5479 3398 5552 ἱερὸν
3456 5483 3554 5535 τοῦ
3617 5479 3791 5552 πυρὸς

2137 5564 2536 5627 κατασκευάσας
2566 5567 2654 5618 καί
2716 5564 2880 5639 ῗερεῖς
2943 5563 3194 5631 εὐλαϐεῖς
3253 5565 3448 5645 ἄνδρας
3497 5568 3789 5638 ἐπιστησά-

2142 5673 2320 5735 μενος’
2353 5651 2499 5709 ἀλλὰ
2551 5655 2659 5728 μὴν
2714 5655 2802 5710 καὶ
2862 5654 2914 5711 έν
2967 5656 3217 5715 Ἰωπόλει
3251 5658 3339 5713 καὶ
3399 5657 3453 5713 έν
3518 5657 3660 5732 πάσῃ
3719 5663 3788 5733 τῇ
