4148 6196
271 321 354 380 εθ
1406 307 1957 371 ΗΙΒΤΟΒΙΑΗῸΜ
2001 310 2557 381 COMPENDIUM.
3617 317 3696 387 τι)

277 455 369 510 ὑπ’
401 451 565 508 αὐτὸν
595 451 667 524 γῇ
724 444 813 503 καὶ
872 447 948 508 ὡς
1001 444 1051 514 ἕξ
1111 441 1342 516 ούρανοῦ
1393 441 1782 515 κατενεχθέντα
1809 443 1929 498 θεὸν

2043 455 2214 519 pater
2243 451 2464 509 intulit.
2498 455 2601 510 Cui
2632 473 2767 512 cum
2799 456 3013 514 infesto
3045 475 3198 530 equo
3221 474 3537 515 occurrens
3555 462 3692 515 Per-

275 539 528 600 σέϐεσθαι
582 541 648 596 τὸ
705 543 814 613 πῦρ
871 535 1040 591 ἐκεῖνο
1095 532 1348 593 θεσπίσας
1405 528 1613 601 ἰδίδαξε
1657 532 1938 605 πυρσολα..

273 640 452 709 τρεῖν,
487 633 692 704 μάγους
747 629 874 687 τοὺς
931 629 1030 680 τοῦ
1083 624 1254 698 πυρὸς
1310 624 1476 696 ἱερεῖς
1526 620 1778 709 καλέσας.
1811 624 1939 709 Ἑρ-

283 708 452 799 χεται
485 722 571 776 οὖν
600 719 738 793 πρὸς
789 715 950 771 αὐτὸν
1006 714 1058 768 έν
1115 709 1354 783 πολέμῳ
1384 711 1412 764 6
1440 717 1540 780 τῆς
1573 708 1938 799 Ἀνδρομέδας

281 797 796 887 πατηρὸΚηφεύς.
860 803 960 861 Καὶ
1020 801 1135 858 ἔπεὶ
1191 802 1219 854 6
1278 799 1514 874 Περσεὺς
1574 797 1805 872 ἐξελθὼν
1836 802 1937 870 τήν

285 910 390 971 τῆς
447 898 712 974 Γοργόνος
770 893 1013 970 κεφαλήν
1071 887 1395 956 ἐπεδείκνυε,
1457 889 1673 966 Κηφεὺς
1732 888 1789 943 δὲ
1836 890 1938 945 ὑπὸ

280 997 382 1047 τοῦ
410 992 596 1064 γήρως
649 981 1032 1060 ἀμϐλυωπῶν,
1095 982 1169 1043 ὡς
1226 975 1459 1056 ἔφιππος
1501 980 1620 1034 κατ’
1649 977 1814 1034 αὐτοῦ
1846 978 1938 1034 έπ-

277 1077 486 1136 έϐαινεν
534 1079 563 1132 ὁ
609 1075 865 1149 Περσεὺς,
937 1073 1144 1145 ἀγνοῶν
1211 1065 1568 1141 ἀμϐλυωπεῖν
1607 1069 1699 1123 τὸν
1735 1066 1937 1145 Κηφέα,

274 1168 577 1247 ἐλογίσατο
612 1167 689 1238 μή
747 1162 982 1239 ἐνεργεῖν
1041 1156 1122 1215 ἔτι
1175 1160 1238 1228 ἢν
1285 1163 1508 1233 κατεῖχε
1536 1160 1636 1222 τῆς
1669 1156 1939 1247 Γοργόνος

277 1245 552 1337 κεφαλὴν,
600 1256 686 1310 καὶ
742 1254 974 1328 στρέψας
1029 1269 1233 1319 ταυτην
1282 1248 1418 1337 πρὸς
1469 1247 1656 1337 έαυτδν
1705 1248 1792 1302 καὶ
1842 1245 1939 1337 ἐμ-

275 1333 487 1419 ελξέψας
541 1344 740 1403 ἀτενῶς
797 1338 1045 1414 παραυτά
1097 1335 1403 1414 τυφλωθεὶς
1464 1335 1723 1410 ἀνήρέθη.
1786 1335 1886 1422 Καὶ
1947 1333 2144 1392 λοιπὸν
2201 1337 2576 1415 προϐάλλεται
2639 1345 2740 1400 ὑπὸ
2817 1345 3048 1422 Κηφέως
3129 1343 3386 1421 βασιλεὺς

2048 556 2182 594 seus
2211 547 2388 613 caput
2416 546 2700 616 Gorgonis
2731 552 3106 615 ostentasset,
3167 549 3433 620 Cepheus
3492 555 3691 604 autem

2047 635 2289 700 propter
2319 639 2606 688 senectam
2637 640 2871 690 zotatem
2904 637 3225 701 cmcutiret,
3264 637 3534 692 nesciens
3557 640 3692 692 Per-

2051 734 2184 772 seus
2215 719 2514 791 Cepheum
2547 724 2844 792 caacutire,
2903 726 3131 795 putavit
3187 732 3362 797 caput
3407 727 3692 799 Gorgonis

2049 807 2208 876 quod
2241 811 2650 880 prastendebat
2681 813 2836 868 vires
2868 831 3005 869 suas
3027 817 3154 886 jam
3205 833 3324 870 non
3375 833 3646 871 exserere
3679 834 3692 882 ;

2048 895 2248 968 itaque
2271 898 2384 952 sibi
2407 899 2467 955 id
2495 900 2763 969 obvertit,
2783 902 2963 974 inque
2987 902 3045 958 id
3094 903 3282 959 oculis
3331 904 3575 960 intentis
3610 906 3694 958 in—

2050 986 2254 1053 tuitus,
2291 990 2590 1061 extemplo
2622 991 2720 1047 42
2754 998 3082 1047 excaecatus
3113 993 3311 1064 itaque
3347 993 3691 1049 interfectus

2050 1081 2155 1130 est.
2187 1077 2233 1130 Δ
2271 1078 2504 1149 Cepheo
2539 1079 2792 1150 proinde
2819 1095 2997 1152 regno
3028 1082 3340 1137 Persarum
3369 1084 3574 1149 Meros,
3627 1083 3696 1136 fi-

2049 1163 2165 1219 lius
2198 1167 2394 1222 Persei
2425 1174 2482 1223 et
2516 1167 2926 1238 Andromeda},
2960 1170 3272 1240 prml‘ectus
3297 1177 3422 1236 est;
3455 1177 3513 1225 et
3570 1172 3698 1242 ipse

2051 1259 2312 1309 cremato
2343 1257 2629 1329 Gorgonis
2660 1258 2851 1329 capite
2883 1259 2942 1312 in
2974 1275 3142 1313 suam
3173 1259 3474 1330 regionem
3498 1259 3695 1314 rediit.

3476 1350 3692 1420 Περσῶν

273 1437 478 1510 Μέρως
509 1435 537 1487 6
572 1432 818 1506 Περσέως
868 1429 957 1484 καὶ
1003 1423 1369 1500 Ἀνδρομέδας
1410 1425 1546 1485 υἷος.
1593 1425 1808 1502 Κηφεὺς
1855 1421 1913 1479 δῖ
1951 1427 2051 1496 τήν
2111 1435 2211 1498 τῆς
2273 1431 2540 1506 Γοργόνος
2589 1433 2831 1510 κεφαλὴν
2873 1433 3074 1496 καύσας
3107 1434 3452 1510 ἀνεχώρησεν
3487 1432 3561 1495 εἰς
3593 1435 3692 1501 τήν

277 1526 472 1604 χώραν
514 1521 706 1578 αὐτοῦ.

354 1615 626 1688 ’Δγῆνορα
683 1607 742 1664 δὲ
796 1611 911 1682 (38)
969 1605 1062 1661 τὸν
1121 1603 1228 1660 ἀπὸ
1288 1602 1553 1673 Φοινίκης
1586 1603 1825 1678 ὁπατὴρ
1866 1603 1943 1664 εἷς

278 1705 615 1774 ἀναζήτησιν
671 1706 772 1768 τῆς
827 1697 992 1751 αὐτοῦ
1046 1693 1313 1770 θυγατρὸς
1365 1691 1638 1767 Εὐρώπης
1690 1691 1943 1747 ἀποστεί-

271 1793 398 1862 λας,
433 1792 618 1865 μαθὼν
647 1791 676 1844 6
709 1785 940 1861 Κάδμος
973 1786 1048 1847 ὡς
1087 1784 1256 1853 αὐτὴν
1310 1782 1401 1837 σὺν
1435 1779 1630 1855 Ταύρῳ
1658 1786 1737 1852 τῷ
1768 1783 1940 1857 ἁρπά-

2044 1611 2376 1681 Agenorem
2409 1617 2608 1668 autem
2639 1630 2673 1668 a
2703 1613 3006 1670 thnicia
3031 1619 3199 1685 pater
3255 1613 3328 1669 ad
3377 1613 3696 1684 inquiren-

2044 1697 2176 1753 dam
2212 1700 2398 1755 filiam
2431 1717 2600 1757 suam
2635 1704 2927 1774 Europam
2962 1720 3095 1758 cum
3121 1703 3402 1768 misisset,
3421 1703 3694 1770 Cadmus,

2043 1803 2176 1842 cum
2208 1805 2338 1844 eam
2373 1790 2767 1846 intellexisset
2824 1809 2959 1847 cum
3017 1794 3227 1857 Tauro,
3281 1809 3314 1849 a
3374 1809 3491 1862 qua
3533 1798 3698 1862 rapta

269 1904 424 1938 σαντι
471 1881 674 1948 ταύτην
729 1885 839 1947 τῆς
899 1877 1126 1951 Κρήτης
1190 1871 1491 1948 βασιλεύει,
1550 1868 1807 1947 ὥρμησεν
1859 1871 1933 1932 εἰς

2043 1876 2256 1947 fuerat,
2288 1881 2472 1933 Cretae
2506 1896 2779 1952 regnare,
2815 1882 2874 1936 in
2910 1883 3189 1936 Boeotiam
3221 1881 3384 1949 abiit,
3438 1881 3700 1936 Bmotos-

267 1972 542 2029 Βοιωτίαν
574 1970 665 2025 καὶ
700 1967 896 2029 αὐτοὺς
944 1966 1270 2040 ἀγνοοῦντας
1318 1963 1386 2017 τά
1436 1959 1711 2016 Φοινίκων
1745 1961 1934 2039 γράμ-

273 2083 418 2135 ματα
475 2057 703 2130 έδίδαξε,
771 2057 862 2112 καὶ
915 2051 1258 2110 ἐϐασίλευσεν
1315 2051 1397 2107 ἐπ’
1459 2051 1652 2113 αὐτοῖς
1702 2049 1796 2121 ἔτη

273 2151 374 2206 Καὶ
430 2155 661 2227 γυναῖκα
711 2144 951 2221 ἠγάγετο
1035 2145 1134 2212 τήν
1206 2140 1500 2218 ’Δρμονίαν
1559 2138 1929 2214 καλουμένην,

270 2244 392 2310 ἣτις
425 2241 577 2311 αύτῷ
605 2234 654 2308 ἕξ
698 2238 865 2293 τίκτει
915 2236 1231 2308 θυγατέρας,
1289 2234 1430 2301 Ἰνὼ,
1465 2230 1730 2306 Ἀγαύην,
1763 2230 1934 2302 Σεμέ-

274 2330 407 2402 λην,
440 2328 788 2403 Εὐρυνόμην,
822 2323 1088 2387 Κλεανθὼ
1119 2322 1206 2378 καὶ
1239 2317 1570 2396 Εὐρυδίκην.
1608 2317 1778 2375 Αὗται
1810 2317 1931 2374 ἆλέ-

272 2441 440 2496 γοντο
475 2413 774 2491 Καδμίδες.
817 2415 991 2474 Οὗτος
1049 2413 1076 2466 6
1135 2408 1354 2484 Κάδμος
1393 2410 1483 2464 καὶ
1513 2407 1676 2464 πόλιν
1707 2409 1804 2479 τὴν
1832 2429 1932 2482 με-

275 2510 456 2586 γάλην
485 2509 584 2576 τήν
624 2501 896 2578 Καδμείαν
945 2501 1058 2557 ἰκεῖ
1102 2499 1291 2570 κτίζει.
1343 2501 1437 2560 ⁸ος
1480 2499 1570 2554 καὶ
1617 2498 1711 2554 τὸν
1741 2501 1933 2572 Τειρε-

281 2599 400 2653 σίαν
450 2600 702 2654 Βοιωτῶν
759 2590 887 2650 ὄντα
944 2590 1274 2670 φιλόσοφον,
1325 2590 1416 2645 τὸν
1468 2589 1790 2661 αὐτομάτως
1837 2586 1931 2665 φέ-

287 2690 476 2763 ρεσθαι
530 2688 590 2741 τε
639 2684 818 2740 πάντα
875 2683 962 2739 καὶ
1016 2681 1355 2751 ἀπρονόητον
1413 2679 1549 2734 εἶναι
1595 2678 1688 2733 τὸν
1717 2675 1928 2749 κόσμον

282 2775 686 2850 δογματίσαντα
747 2772 838 2828 καὶ
895 2771 970 2833 εἷς
1026 2771 1091 2825 τὸ
1147 2773 1244 2824 τοῦ
1277 2767 1544 2847 Δαφναίου
1575 2764 1930 2827 Ἀπόλλωνος

275 2868 425 2940 ἱερὸν
485 2863 576 2918 δια
628 2867 795 2918 ταῦτα
852 2860 1128 2934 ἐξόριστον
1185 2858 1494 2932 γενόμενον,
1546 2853 1924 2910 ἃνεκαλέσατο.

271 2959 475 3009 Τοῦτον
541 2952 633 3008 τὰν
704 2950 984 3026 Τειρεσίαν
1042 2945 1459 3023 μυθολογοῦσιν,
1509 2945 1582 3006 ὡς
1649 2942 1928 3020 ἑωρακότα

273 3041 541 3099 Παλλάδα
591 3039 920 3114 λουομένην,
977 3039 1054 3098 εἷς
1102 3036 1357 3113 γυναικὸς
1411 3033 1598 3089 αὐτίκα
1643 3028 1923 3107 μεταϐλη-

272 3141 429 3204 θῆναι
490 3132 673 3208 φύσιν,
731 3131 822 3185 καὶ
880 3129 1376 3203 πολύπραγμονεῖν
1429 3124 1564 3198 αὐτῇ
1619 3128 1735 3185 πῶς
1785 3123 1922 3200 γυνή

273 3224 412 3296 μετά
448 3219 641 3297 ἀνδρὸς
691 3214 1083 3292 συλλαμϐάνει,
1143 3216 1233 3271 καὶ
1291 3219 1408 3276 πῶς
1441 3217 1475 3284 ἡ
1511 3215 1609 3287 μία
1639 3212 1796 3289 φύσις
1825 3216 1923 3266 τοῦ

2045 1983 2160 2037 que
2187 1967 2522 2024 litterarum
2556 1970 2793 2043 ignaros
2825 1970 3156 2026 Plimnicias
3190 1971 3419 2026 litteras
3472 1969 3693 2038 docuit,

2042 2072 2411 2129 regnumque
2433 2059 2591 2130 apud
2625 2077 2726 2114 eos
2758 2077 2866 2131 per
2896 2061 2966 2115 62
2992 2077 3181 2116 annos
3213 2060 3490 2115 obtinuit.
3543 2061 3697 2115 Uxo-

2041 2166 2169 2206 rem
2202 2150 2370 2206 duxit
2402 2153 2806 2218 Harmoniam,
2841 2171 2971 2225 qum
2999 2155 3051 2208 ei
3084 2171 3185 2209 sex
3217 2154 3369 2209 filias
3417 2154 3648 2225 peperit
3682 2171 3694 2218 ;

2043 2256 2296 2309 quarum
2328 2242 2574 2298 nomina
2605 2243 2730 2308 Ino,
2763 2245 3006 2316 Agrave,
3030 2243 3281 2310 Semele,
3333 2243 3692 2315 Eurynome,

2041 2328 2326 2384 Cleantho
2351 2335 2408 2385 et
2430 2331 2718 2403 Eurydice
2745 2347 2758 2384 :
2789 2333 2878 2386 bas
2894 2332 3072 2386 etiam
3092 2331 3406 2387 Cadmides
3422 2333 3693 2386 nomina-

2041 2416 2335 2472 bantur.ls
2357 2419 2612 2474 Cadmus
2630 2420 2810 2474 etiam
2833 2419 3150 2474 Cadmeam
3173 2437 3452 2491 magnam
3480 2420 3690 2474 urbem

2039 2505 2118 2559 ibi
2141 2506 2427 2576 condidit,
2457 2513 2513 2562 et
2530 2507 2813 2562 Tiresiam
2851 2509 3184 2563 Bwotorum
3241 2508 3682 2579 philosophum,

2039 2595 2321 2666 quiquod
2339 2597 2539 2652 omnia
2569 2596 2809 2652 fortuito
2841 2597 2980 2652 ferri
3047 2597 3330 2668 nullaque
3389 2597 3680 2651 mundum

2037 2683 2408 2754 providentia
2431 2684 2744 2756 gubernari
2770 2685 3092 2752 docuisset,
3117 2687 3176 2740 in
3216 2685 3482 2757 Daphnei
3512 2684 3681 2756 Apol-

2037 2771 2178 2828 linis
2201 2773 2488 2844 templum
2513 2774 2805 2845 relegatus
2827 2775 3117 2844 fuerat,ab
3137 2774 3348 2830 exsilio
3372 2774 3678 2829 revocavit.

2035 2861 2400 2918 Fabulantur
2422 2863 2578 2918 hunc
2595 2863 3041 2930 Tiresiam,cum
3057 2864 3353 2919 lavantem
3369 2864 3684 2918 Minervam

2034 2951 2300 3021 vidisset,
2333 2951 2528 3008 subito
2555 2953 2616 3007 in
2675 2953 2991 3010 mulierem
3050 2971 3402 3009 conversum
3452 2953 3684 3018 fuisse;

2037 3040 2213 3111 inque
2247 3057 2316 3096 ea
2359 3048 2571 3097 natura
2639 3044 2870 3097 curiose
2929 3043 3324 3114 exploravisse
3387 3043 3684 3112 quomodo

2033 3129 2252 3185 mulier
2273 3147 2340 3185 ex
2358 3132 2480 3185 viro
2503 3131 2819 3203 concipiat,
2844 3132 3140 3203 quomodo
3165 3132 3339 3186 unica
3377 3132 3682 3203 sanguinis

2031 3226 2244 3276 natura
2267 3221 2327 3274 in
2350 3237 2504 3289 ossa,
2532 3237 2732 3287 venas,
2762 3238 2968 3276 carnes
2988 3227 3045 3276 et
3069 3227 3282 3277 cmtera
3327 3220 3684 3274 distribuan-

267 3315 504 3386 αἳματος
560 3311 636 3374 εἰς
704 3312 834 3366 ὀστᾶ
897 3308 986 3364 καὶ
1052 3302 1256 3384 φλέϐας
1305 3306 1395 3360 καὶ
1461 3303 1659 3379 σάρκας
1707 3303 1796 3358 καὶ
1860 3303 1926 3357 τᾶ

2043 3316 2148 3374 tur,
2184 3314 2243 3363 et
2271 3284 2568 3379 quomodo
2601 3284 2776 3366 fastus
2805 3311 2966 3365 vivus
2997 3311 3569 3382 gignatur;cumque
3589 3325 3680 3364 sa-

271 3401 446 3458 λοιπὰ
498 3402 792 3477 μερίζεται,
850 3400 937 3454 καὶ
992 3397 1192 3474 βρέφος
1261 3393 1705 3467 ξωογονούμενον
1753 3391 1930 3446 τίκτε-

2043 3399 2325 3470 pientiam
2360 3399 2600 3471 Opiﬁcis
2633 3401 2870 3471 assequi
2905 3401 3218 3473 cogitando
3273 3401 3565 3471 nequiret,
3617 3415 3684 3453 eo

266 3513 378 3559 ται,
438 3491 530 3546 καὶ
584 3494 679 3545 τοῦ
737 3491 1087 3561 Δημιουργοῦ
1135 3485 1234 3552 τὴν
1287 3482 1475 3562 σοφίαν
1526 3483 1600 3554 μή
1635 3478 1928 3551 δυνηθέντα

2043 3487 2382 3560 prolapsum
2406 3494 2474 3544 ut
2518 3490 2721 3544 omnia
2764 3489 3008 3545 fortuito
3043 3489 3170 3544 fieri
3204 3489 3448 3544 diceret.
3483 3491 3686 3558 Itaque

270 3575 603 3637 καταλαϐεῖν
662 3581 736 3641 εἰς
789 3575 1206 3651 ἀὑτοματισμὸν
1270 3571 1638 3642 έξολισθῆσαυ
1702 3568 1786 3625 διὸ
1839 3569 1929 3624 καὶ

2043 3579 2166 3648 ioco
2219 3578 2443 3633 dictum
2521 3585 2610 3634 est
2693 3597 2830 3634 eum
2918 3581 2978 3634 in
3062 3580 3332 3634 mulieris
3409 3584 3684 3634 naturam

271 3672 553 3742 παῖξοντες
611 3667 771 3724 αὐτὸν
805 3668 880 3729 εἰς
939 3668 1208 3743 γυναικῶν
1264 3662 1421 3741 φύσιν
1481 3659 1712 3738 ἔφρασαν
1764 3679 1928 3733 μετα-

273 3757 577 3830 ϐληθῆναι.
613 3759 788 3818 Οὗτος
823 3758 850 3812 6
884 3752 1099 3829 Κάδμος
1151 3755 1179 3808 6
1226 3760 1325 3822 τῆς
1376 3751 1639 3813 Βοιωτίας
1674 3747 1929 3826 βασιλεὺς

273 3852 520 3925 Ἀγαύην
581 3850 681 3918 τὴν
740 3847 913 3902 αὐτοῦ
971 3843 1236 3920 θυγατέρα
1292 3841 1504 3921 Ἐχίονι
1549 3838 1674 3902 δοὺς
1704 3845 1933 3917 γυναῖκα

275 3940 356 3999 εἷς
411 3940 534 3994 Χίον
592 3935 945 3993 ἀποστέλλει.
1005 3938 1258 3989 Γεννᾶται
1315 3930 1406 3986 οὖν
1466 3930 1517 4004 ἐξ
1570 3930 1737 3999 αὐτῆς
1797 3931 1930 4004 ἀνὴρ

280 4028 548 4102 φρόνιμος
583 4028 676 4082 καὶ
727 4025 939 4086 συνετὸς
989 4025 1017 4079 6
1067 4022 1314 4086 Πενθεύς·
1371 4024 1456 4091 [Ρ.
1491 4021 1606 4092 24.]
1637 4017 1683 4091 ᾦ
1713 4017 1801 4073 καὶ
1832 4018 1930 4086 τήν

275 4114 549 4185 διοίκησιν
600 4122 700 4186 τῆν
766 4112 1042 4191 βασιλείας
1121 4112 1340 4184 ὕστερον
1396 4108 1765 4183 παρεχώρησε
1821 4106 1933 4162 Κά-

273 4203 440 4279 δμος,
469 4206 545 4268 ὡς
575 4206 743 4260 αὐτοῦ
797 4203 934 4276 μετά
987 4200 1260 4275 Τειρεσίου
1319 4196 1408 4253 ἐπὶ
1449 4197 1514 4253 τὸ
1547 4196 1934 4271 Κιθαιρώνειον

276 4298 409 4369 δρος
441 4298 536 4350 τὸν
572 4294 689 4369 βίον
724 4290 1159 4352 διατελέσαντος,
1208 4290 1323 4357 Τήν
1379 4285 1436 4342 δὲ
1469 4285 1722 4358 Σεμέλην
1757 4282 1939 4339 Πολυ-

275 4380 472 4456 μήδων
502 4384 532 4436 6
558 4383 674 4444 υἱὸς
732 4381 833 4436 τοῦ
895 4379 1223 4450 Αἱθερίωνος
1273 4379 1477 4451 γήμας,
1533 4374 1593 4430 ἑκ
1620 4379 1716 4430 τοῦ
1745 4373 1936 4455 γένους

273 4469 349 4524 ῶν
379 4475 479 4527 τοῦ
523 4471 669 4537 Διὸς,
727 4469 835 4524 ἀπὸ
894 4465 1145 4540 Σεμέλης
1203 4466 1602 4539 ἑπταμηνιαῖον
1635 4466 1786 4538 γεννᾷ
1819 4462 1944 4538 βρέ..

273 4581 376 4640 φος
433 4556 522 4614 διὰ
576 4562 641 4616 τὸ
698 4561 987 4635 ἀστραπῶν
1048 4558 1138 4612 καί
1228 4556 1472 4632 βροντῶν
1533 4551 1780 4623 ἐξαισίων
1840 4553 1940 4621 τήν

2037 3667 2397 3723 transivisse.
2434 3667 2486 3722 Is
2517 3668 2771 3723 Cadmus
2804 3670 3040 3724 Boeotia:
3074 3686 3176 3723 rex
3211 3673 3441 3741 Agaven
3504 3668 3688 3723 filiam

2037 3771 2204 3810 suam
2237 3755 2480 3810 Echioni
2515 3757 2575 3810 in
2611 3757 3058 3811 matrimonium
3109 3757 3291 3822 dedit,
3352 3775 3418 3812 ac
3477 3756 3536 3810 in
3583 3756 3684 3810 48

2037 3843 2246 3899 Chium
2268 3843 2626 3899 amandavii.
2661 3846 2898 3915 Peperit
2927 3845 3051 3899 huic
3074 3845 3264 3898 virum
3330 3845 3684 3915 prudentem

2039 3950 2106 3989 ac
2137 3933 2532 4004 ingeniosum,
2594 3934 2836 3988 nomine
2893 3934 3266 3997 Pentheum;
3330 3933 3423 3987 cui
3480 3937 3688 4002 postea

2040 4022 2326 4094 temporis
2337 4022 2589 4078 Cadmus
2605 4023 2766 4094 regni
2780 4022 3355 4078 administrationem
3368 4021 3688 4085 commisit,

2045 4127 2179 4168 cum
2245 4112 2370 4183 ipse
2428 4128 2563 4167 cum
2619 4111 2842 4167 Tiresia
2899 4111 3206 4167 statuisset
3253 4111 3313 4166 in
3359 4110 3688 4165 Cithaerone

2045 4209 2248 4260 monte
2281 4205 2461 4259 vitam
2484 4205 2676 4260 finire.
2710 4204 2981 4259 Semelen
3009 4203 3374 4275 Polymedon
3405 4200 3691 4256 :‘Etherio-

2042 4293 2136 4347 nis
2155 4292 2342 4348 ﬁliam
2365 4292 2554 4361 duxit,
2579 4309 2648 4348 ex
2667 4298 2840 4365 gente
2879 4292 3032 4347 Jovis
3058 4309 3072 4358 ;
3123 4297 3301 4362 atque
3353 4308 3423 4345 ex
3455 4307 3524 4345 ea
3551 4305 3692 4361 pro-

2043 4382 2163 4437 lem
2195 4383 2634 4454 septimestrem
2689 4383 2950 4448 sustulit,
3013 4388 3200 4437 matre
3258 4381 3591 4454 fulguribus
3635 4385 3694 4434 et

2047 4471 2366 4527 tonitribus
2397 4471 2654 4526 insolitis
2684 4477 2913 4527 necata.
2967 4471 3222 4526 Cadmus
3279 4471 3566 4527 infantem
3631 4471 3692 4524 in

2049 4561 2286 4632 Nysiam
2310 4561 2634 4632 regionem,
2663 4577 2793 4632 qum
2824 4567 2879 4615 et
2909 4561 3185 4632 Nyseium
3235 4560 3473 4628 dicitur,
3525 4559 3693 4614 alen-

278 4639 492 4724 μητέρα
521 4650 835 4714 ἀποθανεῖν.
865 4651 1041 4706 Τοῦτο
1103 4646 1161 4700 τὸ
1224 4647 1420 4724 βρέφος
1474 4645 1550 4708 εἷς
1603 4639 1806 4699 Νυσίαν
1838 4641 1933 4709 τὴν

2049 4649 2182 4704 dam
2207 4649 2388 4704 misit.
2413 4649 2777 4705 Fabulantur
2798 4650 3085 4705 infantem
3107 4667 3141 4705 a
3161 4650 3297 4705 Jove
3321 4651 3381 4704 in
3423 4650 3556 4703 sinu
3589 4664 3692 4701 suo

276 4759 463 4815 χηραν
495 4742 524 4795 6
557 4737 774 4812 Κάδμος
833 4737 1168 4812 ἐκτραφῆναι
1221 4732 1478 4806 ἔπεμψεν,
1511 4735 1538 4787 6'
1568 4733 1656 4788 καὶ
1699 4731 1932 4789 Νύσειον

275 4829 602 4904 ὠνομάσθη.
665 4825 1051 4903 Μυθολογοῦσι
1109 4823 1168 4878 δὲ
1219 4821 1302 4877 ὅτι
1358 4826 1522 4877 τοῦτο
1555 4822 1582 4875 6
1615 4822 1740 4884 Ζεὺς
1768 4820 1820 4877 ἐν
1853 4823 1932 4892 τῷ

277 4916 402 4990 ἰδίῳ
433 4918 628 4990 κόλπῳ
661 4916 749 4972 ἐπὶ
781 4915 1014 4990 δευτέρῳ
1075 4913 1205 4985 μηνὶ
1262 4909 1550 4988 ἐφύλασσε,
1591 4906 1732 4963 διότι
1769 4909 1931 4984 μέρος

278 5005 430 5074 ζωῆς
460 5001 589 5081 ἔσχε
618 5007 755 5080 πρὸς
804 5009 900 5060 τοῦ
947 5007 1081 5059 Θεοῦ
1131 5002 1277 5074 παρά
1321 5000 1413 5054 τὸν
1462 4997 1763 5072 ὡρισμένον
1797 4999 1931 5074 χρό-

271 5116 370 5149 νον
401 5095 714 5168 έκτρωθείς.
749 5092 954 5152 ’Ἄλλοι
990 5091 1048 5147 δὲ
1078 5095 1274 5145 τοῦτον
1297 5089 1369 5150 ὡς
1393 5085 1442 5156 ἐξ
1475 5086 1724 5156 ἡλιακῶν
1758 5086 1936 5165 εὐχῶν

278 5185 518 5259 μυστικά
567 5205 684 5238 τινα
742 5185 834 5239 καὶ
903 5180 1191 5254 θαυμαστά
1256 5175 1468 5252 δρῶντα
1521 5176 1608 5230 καὶ
1670 5176 1746 5237 ὼς
1811 5177 1933 5247 περὶ

276 5255 595 5347 ἀμπελικήν
645 5273 910 5350 γεωργίαν
960 5269 1313 5342 έκτιθάμενον
1366 5263 1675 5350 ἀπεθέωσαν
1733 5285 1791 5320 τε
1845 5255 1934 5320 καἰ

275 5365 535 5420 Διόνυσον
595 5348 981 5436 μετεκάλεσαν,
1060 5359 1135 5420 ὡς
1205 5356 1266 5412 ἐκ
1331 5355 1519 5431 γένους
1593 5348 1724 5408 ὅντα
1790 5356 1938 5416 Διός.

2043 4737 2194 4794 duos
2225 4737 2485 4809 reliquos
2534 4755 2772 4794 menses
2831 4743 3196 4794 asservatum
3257 4738 3481 4801 fuisse;
3536 4733 3692 4804 quod

2042 4826 2271 4882 scilicet
2290 4844 2324 4882 a
2340 4827 2458 4884 Deo
2481 4834 2708 4899 partem
2732 4828 3050 4898 quamdam
3075 4828 3209 4882 vita:
3232 4826 3457 4889 habuit,
3483 4824 3692 4876 abortu

2045 4921 2180 4970 ante
2203 4915 2781 4988 legitimumtempus
2799 4916 3013 4972 editus.
3039 4916 3150 4970 Alii
3206 4916 3381 4981 hunc,
3429 4910 3586 4981 quod
3621 4925 3689 4961 ex

2045 5003 2339 5058 solaribus
2361 5005 2634 5075 precibus
2655 5006 2904 5076 mystica
2925 5005 3194 5074 quaedam
3229 5008 3288 5056 et
3335 4998 3692 5055 miraculosa

2044 5094 2268 5149 faceret
2299 5100 2358 5149 et
2385 5095 2518 5150 vitis
2549 5096 2774 5152 cultum
2807 5094 3126 5158 docuisset,
3162 5093 3220 5146 in
3279 5091 3421 5145 deos
3480 5088 3695 5145 retule-

2048 5188 2190 5238 runt
2218 5200 2284 5237 ac
2316 5183 2660 5256 Dionysium
2719 5185 3126 5249 nominarunt,
3185 5187 3250 5234 ut
3305 5179 3461 5235 Jovis
3511 5179 3695 5250 stirpe

2051 5278 2266 5328 ortum.
2305 5272 2647 5344 Dionysium
2681 5275 2836 5328 hunc
2858 5272 3057 5326 ferunt
3086 5270 3159 5324 ad
3191 5272 3401 5325 Persas
3441 5270 3697 5333 venisse,

2053 5376 2119 5415 ac
2152 5361 2453 5416 mirabiles
2485 5362 2770 5433 quasdam
2825 5360 3276 5433 imaginationes
3331 5376 3577 5432 operum
3632 5374 3698 5412 ac

1485 5489 1844 5546 XYLANDRI
1886 5493 1971 5548 ET
2011 5494 2228 5549 GOARI
2269 5496 2487 5550 NOT/E.

347 5615 460 5688 (38)
496 5617 684 5670 Locus
714 5615 1055 5685 perspiscue
1088 5615 1418 5681 corruptus,
1445 5606 1644 5662 fabula
1675 5608 1766 5662 vel
1801 5625 1871 5663 ex
1903 5611 2104 5666 Ovidio
2136 5617 2297 5667 nota.
2328 5612 2464 5666 Χγι..
