4148 6196
445 350 516 408 Ἠ
1790 329 2086 395 GEORGI

2198 324 2506 385 lEDRENI
3775 322 3853 383 ’ΤΞ

442 480 740 536 bellorum
762 479 917 552 apud
937 495 1037 534 eos
1049 481 1404 533 ostentasse.
1429 467 1766 525 Secundum
1797 465 1923 520 haec
1954 479 2088 520 cum

2199 457 2404 512 Τοῦτον
2460 456 2535 516 εἰς
2595 452 2802 527 Πέρσας
2861 453 3018 527 φασὶν
3079 451 3355 520 ἀπελθεῖν,
3415 450 3505 505 καὶ
3563 452 3852 519 φαντασίας

446 588 660 642 magna
686 571 996 626 hominum
1022 566 1191 623 turba
1214 563 1496 617 adversus
1517 558 1847 613 Pentheum
1892 553 2091 642 venit:

445 641 597 716 viros
618 677 651 715 a
674 659 944 716 saltando
973 655 1213 717 Scirtos,
1266 651 1552 704 mulieres
1603 646 1860 702 Bacchas
1898 641 2096 714 appel-

445 751 602 805 lavit.
627 751 769 803 Cum
794 753 992 801 autem
1037 740 1250 795 Beotia)
1302 756 1550 811 regnum
1601 737 1712 791 sibi
1747 734 2092 804 vindicaret,

445 839 602 892 bello
633 852 765 890 cum
800 833 1062 886 Pentheo
1093 845 1446 902 congressus
1483 825 1814 883 succubuit.
1846 826 2094 894 Captum

448 943 514 980 ex
573 923 820 976 vinculis
877 921 1150 976 liberavit
1205 922 1393 991 Agave
1447 922 1784 981 matertera,
1843 911 2094 968 Penthei

445 1019 651 1067 mater.
691 1011 832 1066 Inde
859 1027 965 1082 per
995 1010 1242 1066 insidias
1273 1008 1604 1064 Pentheum
1635 1005 1885 1069 necavit,
1926 1019 2091 1060 cum-

444 1118 558 1171 que
595 1101 756 1155 Beoti
791 1117 927 1158 eum
961 1117 1141 1170 regno
1189 1116 1310 1156 non
1368 1097 1776 1169 dignarentur,
1835 1093 2094 1164 Delphos

445 1190 744 1262 profectus
767 1196 1036 1245 mortuus
1057 1207 1124 1244 ac
1141 1189 1411 1261 sepultus
1429 1194 1536 1242 est.
1560 1186 1778 1242 Cadmo
1806 1185 1867 1239 in
1913 1195 2092 1253 regno

445 1281 665 1335 Beotiae
699 1281 986 1334 successit
1034 1281 1312 1350 Nycteus.
1379 1281 1481 1334 44
1540 1279 1681 1332 Cum
1743 1275 1923 1346 hujus
1973 1272 2095 1327 lilia

442 1369 725 1440 Antiopa,
760 1368 1063 1424 sacerdote
1098 1367 1611 1431 Solis,Theob(eus
1645 1365 1913 1420 Bratonis
1937 1362 2093 1418 ﬁlius

445 1475 479 1514 a
508 1461 646 1514 Jove
677 1475 863 1531 genus
894 1459 1116 1513 ducens
1147 1474 1214 1512 ac
1242 1456 1426 1512 frater
1456 1454 1676 1527 Nyctei,
1710 1469 1924 1524 corpus
1951 1450 2095 1506 mis—

444 1549 588 1616 cuit,
625 1547 884 1619 indeque
913 1548 1179 1619 geminos
1209 1562 1278 1600 ea
1309 1551 1397 1602 est
1425 1545 1620 1609 enixa,
1653 1542 2094 1613 Amphinonem

445 1638 768 1692 etZethum
796 1651 810 1703 ;
835 1637 935 1708 qui
961 1637 1138 1707 jussu
1171 1635 1370 1690 fratris
1411 1633 1660 1705 expositi
1719 1637 1859 1687 sunt
1913 1645 2096 1702 pr0pe

444 1733 712 1781 montem
745 1727 1159 1781 Cithaeronem.
1195 1723 1305 1780 Sed
1338 1723 1582 1795 quidam
1611 1722 1868 1778 rusticus
1917 1719 2093 1778 Ordio

444 1816 712 1880 nomine,
737 1831 870 1869 cum
898 1814 1063 1885 prole
1082 1815 1318 1876 carerit,
1340 1812 1581 1867 sustulit
1603 1827 1702 1865 eos
1724 1815 1901 1880 atque
1950 1809 2090 1863 edu-
2124 1833 2168 1895 Β

442 1905 771 1960 cavit.Cum
795 1910 992 1959 autem
1013 1904 1263 1974 AntiOpa
1310 1902 1466 1974 apud
1515 1903 1724 1956 Dircen
1765 1915 2088 1955 asservare-

441 2004 556 2064 tur,
580 2003 644 2052 ut
664 2003 906 2068 propter
931 1997 1218 2068 ﬂagitium
1241 1995 1628 2050 commissum
1670 2009 1776 2048 suo
1827 1998 2092 2061 tempore

443 2103 645 2158 poenas
669 2086 880 2152 lueret,
901 2102 1032 2140 cum
1078 2085 1139 2139 in
1185 2086 1530 2156 Argivorum
1576 2083 1816 2154 regione
1867 2080 2092 2135 bellum

443 2176 765 2230 exstitisset
788 2175 987 2244 ibique
1015 2174 1200 2245 Lycus
1226 2179 1578 2237 moraretur,
1601 2171 1768 2226 Dirce
1809 2171 2094 2241 Nycteum

442 2262 660 2318 blande
689 2263 1030 2318 sollicitavit
1059 2263 1130 2317 de
1159 2261 1466 2317 liberanda
1517 2261 1790 2331 Antiopa.
1855 2261 1908 2313 ls
1958 2274 2094 2313 vero

441 2359 611 2408 tauro
636 2368 765 2407 eam
791 2352 984 2422 potius
1000 2351 1124 2406 fero
1149 2351 1405 2422 alligand
1417 2367 1512 2405 am
1535 2351 1732 2419 itaque
1765 2346 2094 2403 necandam

444 2442 771 2513 profanata:
804 2441 1157 2512 virginitatis
1185 2455 1363 2495 causa
1396 2437 1727 2510 imperavit.
1783 2437 1901 2490 Hoc
1958 2451 2094 2490 cum

442 2531 874 2586 inaudivissent
896 2531 1191 2601 Amphion
1221 2535 1280 2584 et
1303 2531 1537 2594 Zethus,
1567 2527 1640 2582 ab
1685 2544 1754 2582 eo
1801 2526 1902 2598 qui
1933 2526 2096 2596 ipsos

451 2621 803 2677 educaverat
821 2621 1012 2676 edocti
1033 2621 1322 2690 AntiOpiaa
1337 2636 1398 2674 se
1414 2635 1542 2694 esse
1557 2617 1731 2681 ﬁlios,
1755 2632 1890 2672 cum
1913 2631 2095 2670 manu

451 2712 810 2766 rusticorum
835 2713 1159 2776 irruerunt,
1183 2711 1528 2778 necatisque
1553 2708 1858 2773 militibus,
1886 2707 2095 2760 Dircen

447 2807 620 2853 tauro
683 2799 982 2869 alligatam
1033 2799 1477 2852 interfecerunt.
1542 2797 1659 2865 Ipsi
1718 2811 1854 2849 cum
1906 2799 2094 2848 matre

451 2887 709 2956 Antiopa
737 2886 795 2939 in
830 2885 1108 2940 Boeotiam
1158 2884 1425 2954 profecti,
1481 2899 1616 2938 cum
1667 2882 1796 2952 jam
1845 2883 2096 2952 Nycteus

447 2974 566 3029 vita
594 2974 967 3041 decessisset,
1023 2974 1105 3028 ita
1151 2973 1360 3028 musici
1423 2971 1718 3042 Amphion
1775 2976 1833 3024 et
1884 2969 2097 3023 Zethus

455 3065 672 3120 Basotis
694 3063 913 3119 multos
930 3080 1036 3134 per
1059 3079 1248 3117 annos
1269 3061 1428 3134 regia
1449 3065 1736 3132 potestate
1778 3059 2098 3130 imperave-

448 3159 605 3208 runt.
629 3153 692 3206 Hi
713 3168 984 3223 magnam
1003 3151 1207 3206 urbem
1241 3150 1656 3217 condiderunt,
1719 3154 1777 3201 et
1827 3164 1860 3201 a
1909 3147 2092 3218 patris

445 3242 720 3298 Theobmi
753 3241 993 3296 nomine
1023 3240 1250 3296 Thebas
1283 3243 1722 3308 nuncuparunt.
1781 3236 2092 3307 Euripides

448 3350 610 3387 more
630 3337 938 3402 poetarum
963 3330 1222 3385 fabulam
1246 3347 1514 3396 narrans,
1536 3330 1732 3384 Jovem
1754 3329 1836 3382 ait
1859 3332 2093 3397 sumpta

445 3422 628 3490 satyri
656 3422 842 3491 ﬁgura
863 3421 1130 3490 Antiopa:
1155 3419 1356 3473 vitium
1377 3419 1668 3473 obtulisse
1698 3434 1710 3470 :
1737 3433 1804 3470 eo
1828 3434 1898 3470 ex
1955 3432 2092 3470 con-

447 3509 650 3563 cubitu
674 3515 844 3563 natos
861 3509 1248 3580 Amphionem
1275 3514 1332 3561 et
1368 3509 1612 3562 Zethum
1656 3507 1938 3561 musicos.
1973 3506 2090 3559 Hoc

450 3615 584 3653 eum
618 3597 749 3652 ideo
774 3597 993 3652 dixisse
1025 3603 1255 3668 putant,
1289 3597 1447 3667 quod
1473 3596 1797 3651 Theoboeus
1843 3611 1878 3648 a
1930 3593 2090 3662 Pico,

447 3690 545 3759 qui
581 3689 736 3744 idem
765 3689 993 3759 Jupiter
1023 3688 1154 3755 fuit,
1189 3687 1565 3743 descenderit
1597 3703 1702 3758 per
1753 3685 1969 3740 animm
2027 3685 2090 3738 in

445 3776 562 3832 alia
583 3782 714 3848 post
735 3777 853 3832 alia
880 3793 1130 3848 corpora
1152 3777 1722 3847 commigrationem.
1751 3777 1891 3830 Nam
1927 3775 2092 3828 Bmo-

443 3871 639 3921 torum
696 3882 971 3920 sermone
1027 3867 1269 3938 Satyrus
1325 3867 1540 3921 anima-
1599 3866 1661 3919 in
1718 3864 1881 3920 aliud
1918 3863 2090 3918 vilius

439 3971 650 4025 corpus
682 3954 1097 4026 migrationem
1134 3957 1228 4012 45
1268 3956 1581 4024 signiﬁcat.
1615 3957 1756 4008 Post
1779 3954 1886 4008 hos
1911 3953 2092 4008 musi-

439 4060 559 4110 cos,
590 4043 629 4097 ii
661 4045 762 4114 qui
795 4061 865 4099 ex
897 4061 1104 4098 eorum
1136 4044 1318 4115 stirpe
1349 4044 1639 4115 procreati
1673 4048 1812 4098 sunt
1842 4042 1902 4096 in
1940 4042 2091 4098 The-

438 4132 623 4188 banos
654 4148 904 4204 regnum
966 4133 1358 4187 obtinuerunt
1413 4147 1600 4202 usque
1655 4131 1730 4186 ad
1775 4130 2086 4200 CEdipum,

437 4223 683 4276 Jocasta)
709 4228 767 4276 et
788 4221 906 4276 Laii
933 4222 1141 4276 ﬁlium.
1167 4222 1398 4276 Etenim
1424 4221 1593 4274 Laius
1638 4236 1739 4274 rex
1781 4219 2089 4273 Thebano-

439 4325 570 4361 rum
596 4309 851 4377 primum
877 4325 947 4362 ex
969 4310 1202 4362 Iocasta
1223 4325 1403 4363 uxore
1425 4308 1612 4362 ﬁlium
1633 4308 1833 4362 Jocam
1891 4311 2086 4360 sustu-

442 4395 724 4460 lerat;de
746 4413 861 4465 quo
884 4412 1019 4450 cum
1056 4396 1295 4452 oraculo
1352 4398 1611 4451 monitus
1657 4400 1834 4460 esset,
1865 4395 1989 4449 fore
2023 4396 2088 4447 ut

440 4484 492 4538 is
521 4499 653 4538 cum
691 4484 931 4554 propria
963 4492 1151 4541 matre
1173 4485 1614 4548 concumberet,
1661 4484 1873 4555 ligneis
1922 4499 2086 4538 com-

2203 545 2354 606 τινας
2414 545 2728 617 θαυμασίων
2803 539 2976 619 ἔργων
3065 541 3152 598 καὶ
3218 540 3481 614 πολέμων
3545 540 3597 596 ἐν
3665 541 3852 603 αὐτοῖς

2203 633 2586 704 ἐπιδείξασθαι.
2649 635 2800 691 Μετὰ
2858 631 3024 688 ταῦτα
3107 630 3196 687 ἐπὶ
3282 632 3478 696 Πενθέα
3535 633 3628 686 σὺν
3689 630 3852 706 ὄχλῳ

2208 725 2364 799 βαρεῖ
2393 719 2636 799 ἔρχεται,
2687 724 2773 778 καὶ
2842 722 2969 784 τοὺς
3031 723 3126 797 μὶν
3167 719 3361 796 ἄνδρας
3420 724 3670 796 σκιρτοὺς
3728 721 3854 777 ἑκά-

2204 811 2446 868 λεσεὸιὰ
2481 814 2545 868 τὸ
2601 811 2865 868 ἅλλεσθαι
2924 811 3015 868 καὶ
3072 810 3272 883 πηδᾷν,
3333 812 3427 874 τὰς
3474 809 3532 866 δὲ
3591 817 3853 887 γυναῖκας

2207 903 2440 977 βάκχας.
2492 904 2609 972 Τήν
2664 923 2721 956 τε
2768 905 2878 957 τῶν
2940 904 3194 958 Βοιωτῶν
3231 899 3509 976 βασιλείαν
3543 903 3852 980 σφετεριζό-

2206 1013 2365 1066 μενος
2418 994 2553 1066 μετὰ
2608 995 2848 1054 Πενθέως
2905 990 3152 1065 πόλεμον
3184 987 3482 1064 συμϐαλὼν
3511 996 3852 1068 χειροῦνται,

2203 1083 2306 1138 ὑπὸ
2337 1081 2394 1137 δὶ
2424 1081 2665 1158 Ἀγαύης
2713 1089 2813 1151 τῆς
2857 1080 3099 1146 Πενθέως
3153 1082 3361 1155 μητρὸς
3393 1081 3468 1144 ὠς
3499 1082 3642 1143 θείας
3677 1079 3852 1152 οὔσης

2203 1172 2462 1228 Διονύσου
2519 1170 2812 1246 λυτροῦται
2867 1175 2974 1226 τῶν
3057 1167 3289 1244 δεσμῶν.
3349 1170 3499 1227 Μετὰ
3551 1173 3715 1226 τσῦτα
3772 1168 3855 1224 έν-

2202 1256 2455 1333 εδρεύσας
2485 1259 2786 1316 ἀποκτείνει
2839 1260 3058 1324 Ηενθέα.
3115 1261 3237 1316 Τῶν
3294 1258 3350 1314 δὲ
3407 1265 3657 1316 Βοιωτῶν
3689 1258 3851 1316 αὐτὸν

2206 1347 2430 1425 βασιλέα
2490 1350 2567 1423 μή
2625 1347 3088 1424 παραδεχομένων
3146 1347 3222 1410 εἷς
3282 1345 3522 1425 Δελφοὺς
3553 1351 3854 1424 ἀπέρχεται

2201 1438 2289 1494 καὶ
2332 1439 2504 1503 θανὼν
2562 1438 2840 1502 θάπτεται.
2902 1436 3052 1494 Μετὰ
3108 1435 3330 1510 Κάδμον
3385 1433 3698 1494 ἐϐασίλευσε
3746 1445 3851 1508 τῆς

2205 1527 2471 1585 Βοιωτίας
2504 1528 2761 1592 Νυκτεύς.
2817 1528 3025 1585 Τούτου
3082 1529 3179 1597 τὴν
3242 1530 3508 1603 θυγατέρα
3540 1528 3848 1599 Ἀντιόπην,

2203 1619 2400 1690 ἱέρειαν
2435 1618 2591 1672 οὖσαν
2623 1615 2721 1672 106
2775 1615 2986 1684 Ἠλίου,
3045 1611 3298 1679 Θεόϐοιος
3333 1618 3361 1672 ὁ
3393 1617 3509 1680 υἱὸς
3541 1619 3848 1693 Βράτωνος,

2203 1706 2264 1762 ἐκ
2291 1711 2387 1762 τοῦ
2418 1706 2605 1784 γένους
2660 1711 2758 1763 106
2805 1707 2928 1769 Διὸς
2977 1707 3369 1784 καταγόμενος,
3403 1705 3634 1786 ἀδελφὸς
3665 1707 3721 1763 δὲ
3751 1713 3851 1764 τοῦ

2202 1797 2474 1866 Νυκτέως,
2538 1797 2713 1871 μιγεὶς
2765 1802 2926 1871 γεννᾷ
3003 1793 3224 1868 δίδυμα,
3307 1798 3592 1874 ’Δμφὶωνά
3644 1819 3702 1853 τε
3757 1799 3849 1854 καὶ

2199 1889 2391 1955 Ζῆθον,
2427 1887 2516 1948 οὕς
2565 1889 2634 1959 τῇ
2686 1883 2930 1941 κελεύσει
2976 1889 3074 1940 τοῦ
3129 1883 3368 1959 ἀδελφοῦ
3421 1885 3669 1960 ιςῖίτττουσι
3701 1886 3848 1958 πλη-

2199 1978 2320 2033 σίον
2372 1981 2470 2032 106
2525 1976 2908 2052 Κιθαιρωνείου
2965 1973 3147 2052 ὅρους.
3209 1974 3436 2050 Ὀρόίων
3483 1975 3541 2032 δέ
3569 1999 3650 2041 τις
3681 1999 3850 2052 γεωρ-

2197 2069 2292 2142 γὸς
2323 2067 2483 2129 ἅπαις
2540 2066 2616 2120 ὢν
2673 2061 2962 2122 ανελάόετο
3017 2068 3107 2121 καὶ
3163 2065 3492 2141 ἀνεθρέψατο
3541 2068 3692 2125 αὐτά.
3733 2070 3848 2137 Τῆς

2200 2162 2258 2221 δὲ
2287 2165 2582 2234 Ἀντιόπης
2637 2165 2781 2239 παρὰ
2836 2167 2905 2237 τῇ
2955 2163 3120 2238 Δίρκῃ
3178 2163 3594 2241 φυλαττομένης
3651 2164 3734 2221 ἰπὶ
3783 2165 3847 2221 τὸ

2197 2261 2588 2329 τιμωρηθῆναι
2641 2252 2731 2308 διὰ
2786 2252 2850 2309 τὸ
2907 2260 3318 2327 παρανομῆσαι,
3369 2253 3480 2309 ἐπεὶ
3514 2251 3760 2327 πόλεμος
3791 2253 3842 2310 ἓν

2199 2347 2270 2418 τῇ
2303 2341 2564 2420 ’Δργείων
2601 2342 2828 2413 ὶκινήθη
2884 2342 3062 2417 χώρᾳ.
3123 2346 3220 2398 106
3273 2343 3450 2399 Λύκου
3504 2344 3862 2417 χρονίζοντος

2200 2424 2394 2502 ἐκεῖσε,
2455 2435 2490 2501 ἠ
2551 2434 2719 2506 Δίρκη
2801 2433 2893 2486 τὸν
2977 2431 3192 2489 Νυκτέα
3263 2433 3616 2494 θωπευτικῶς
3674 2433 3864 2506 ἠρώτα

2198 2521 2475 2576 ἀπολῦσαι
2518 2522 2840 2590 ’Δντιὸπην.
2890 2521 2952 2580 Ὀ
2993 2518 3050 2575 δὲ
3106 2519 3322 2594 μᾶλλον
3353 2522 3643 2596 προσέταξε
3670 2523 3857 2597 ταύρῳ

2199 2610 2377 2688 ἀγρίῳ
2433 2610 2635 2680 ταύτην
2689 2607 3057 2685 προσδεθῆναι
3111 2610 3203 2665 καὶ
3262 2610 3571 2679 ἀποθανεῖν,
3633 2611 3708 2673 ὡς
3762 2613 3874 2682 τήν

2199 2700 2488 2774 παρθενίαν
2542 2692 2956 2773 βεϐηλώσασαν.
3012 2699 3377 2761 Ἀκούσαντες
3431 2696 3493 2754 δὲ
3543 2704 3707 2755 τοῦτο
3757 2705 3862 2768 Za-

2202 2800 2292 2852 θος
2324 2789 2412 2843 καὶ
2460 2785 2735 2864 Ἀμφίων,
2784 2788 2871 2842 καὶ
2923 2788 3066 2863 παρὰ
3117 2792 3214 2842 106
3263 2788 3699 2862 ἀναθρεψαμένου
3729 2789 3855 2843 τού-

2198 2898 2325 2938 τους
2361 2876 2622 2950 μαθόντες
2681 2877 2759 2937 ὡς
2820 2875 2954 2946 αὕτη
3016 2875 3156 2932 ἐστὶν
3212 2879 3246 2946 ἡ
3309 2880 3492 2954 μήτηρ
3523 2878 3701 2932 αὐτῶν
3736 2879 3855 2934 Ἀν-

2199 2967 2388 3035 τιόπη.
2449 2967 2565 3038 ἃμα
2622 2964 2874 3020 πλείοσιν
2932 2965 3214 3039 ἀγροίκοις
3269 2964 3675 3028 ἐπεισπεσόντες
3729 2967 3857 3029 τοὺς

2206 3056 2299 3128 μὲν
2328 3054 2661 3129 στρατιώτας
2723 3053 3148 3122 κατακτείνουσι,
3212 3055 3409 3128 Δίρκην
3458 3052 3515 3109 δὲ
3559 3055 3640 3126 τῷ
3670 3057 3858 3130 ταύρῳ

2203 3140 2610 3218 προσδεσμοῦσι
2665 3143 2758 3197 καὶ
2815 3142 3116 3219 φονεύουσι.
3179 3144 3284 3198 Σὺν
3337 3147 3405 3217 τῇ
3455 3144 3617 3219 μητρὶ
3649 3141 3856 3200 δὲἈν-

2149 3229 2166 3252 ⁸
2202 3235 2367 3306 τιόπῃ
2423 3232 2498 3295 εἷς
2537 3234 2638 3301 τήν
2686 3232 2961 3310 ,Βοιωτίαν
3019 3231 3288 3301 ἐλθόντες,
3353 3232 3466 3288 ἐπεὶ
3535 3234 3563 3288 ὁ
3621 3235 3854 3295 Νυκτεὺς

2201 3323 2469 3391 τέθνηκεν,
2498 3322 2549 3375 οἳ
2583 3321 2836 3395 μουσικοὶ
2890 3323 3060 3390 Ζῆθος
3107 3325 3196 3376 καί
3253 3321 3505 3400 Ἀμφίων
3537 3328 3646 3377 τῶν
3678 3329 3856 3378 Dorm-

2203 3418 2311 3467 τῶν
2343 3409 2436 3482 ἔτη
2470 3410 2659 3467 πολλὰ
2720 3411 3090 3486 βασιλεύουσι,
3147 3413 3402 3482 Κτίζουσι
3460 3410 3517 3468 δὲ
3564 3413 3724 3470 πόλιν
3759 3435 3856 3485 με·

2206 3503 2386 3578 γάλην
2446 3503 2522 3566 εἰς
2578 3499 2750 3575 ὄνομα
2806 3509 2884 3577 [Ρ.
2918 3503 3007 3570 25]
3072 3507 3168 3557 106
3212 3504 3464 3578 πατέρος,
3491 3506 3552 3573 ἣν
3584 3505 3672 3558 καὶ
3703 3503 3859 3577 [ἀπὸ]

2205 3586 2467 3647 Θεοϐοίου
2499 3586 2682 3661 Θήϐας
2714 3591 3028 3664 ὠνόμασαν.
3062 3592 3124 3648 Ὁ
3179 3593 3272 3664 μὲν
3317 3591 3619 3666 Εὐριπίδης
3647 3597 3726 3664 τῷ
3750 3591 3857 3647 ἔθει

2203 3681 2312 3735 τῶν
2345 3685 2590 3748 ποιητῶν
2628 3676 2953 3755 μυθολογῶν
3013 3681 3105 3735 τὸν
3162 3680 3258 3736 Δία
3293 3683 3456 3755 φησὶν
3505 3681 3580 3744 εἷς
3615 3683 3856 3756 Σάτυρον

2208 3773 2617 3851 μεθαϐληθέντα
2672 3779 2774 3845 τήν
2826 3777 3120 3847 ’Δντιόπην
3193 3783 3428 3853 φθεῖραι,
3488 3778 3538 3849 ἐξ
3595 3781 3662 3848 ἧς
3715 3783 3859 3851 Ἀμ-

2204 3868 2342 3946 φίων
2373 3867 2463 3922 καὶ
2495 3872 2667 3935 Ζῆθος
2699 3865 2750 3920 οἱ
2805 3866 3080 3938 μουσικοί.
3137 3869 3319 3923 T0610
3372 3866 3451 3938 δὲ,
3500 3869 3676 3946 φασὶν,
3708 3869 3854 3923 εἶπεν

2203 3957 2279 4020 ὡς
2309 3957 2671 4032 καταχθέντος
2729 3950 2996 4010 Θεοϐοίου
3050 3955 3108 4010 ἐκ
3157 3960 3256 4012 106
3288 3957 3455 4012 Πίκου
3483 3963 3581 4012 106
3613 3958 3700 4013 καί
3749 3963 3855 4028 Ζη-

2201 4047 2290 4107 νὸς
2349 4046 2483 4100 κατὰ
2560 4045 3037 4119 μετεμψυχώσεως
3113 4048 3452 4118 μετάστασιν
3527 4051 3688 4102 τοῦτο
3744 4048 3853 4122 γὰρ

2202 4131 2458 4206 σημαίνει
2487 4133 2549 4187 τὸ
2609 4134 2851 4194 Σάτυρος
2908 4130 3082 4205 ὄνομα
3136 4134 3274 4188 κατὰ
3318 4134 3418 4202 τήν
3445 4137 3553 4188 τῶν
3585 4137 3846 4190 Βοιωτῶν

2200 4219 2472 4295 γλῶσσαν,
2505 4223 2567 4275 τὸ
2615 4221 2692 4285 εἰς
2744 4219 2883 4276 ἄλλο
2934 4226 3093 4292 σῶμα
3141 4223 3418 4296 χωρήσειν
3449 4222 3848 4298 εὐτελέστερον.

2200 4311 2350 4368 Μετᾶ
2378 4309 2600 4370 τούτους
2634 4309 2762 4372 τοὺς
2797 4309 3089 4382 μουσικοὺς
3121 4311 3173 4366 ot
3222 4311 3281 4366 ἐκ
3319 4317 3416 4366 106
3447 4312 3635 4386 γένους
3666 4313 3847 4369 αὐτῶν

2200 4392 2515 4452 ἐϐασίλευον
2577 4393 2832 4468 Θηϐαίων
2881 4396 2982 4460 ἔως
3027 4396 3324 4460 Οἰδίποδος
3395 4403 3516 4457 υἱοῦ
3569 4403 3853 4474 Ἰοκάστης

2197 4487 2286 4541 καὶ
2319 4487 2506 4544 Λαίίου.
2535 4487 2712 4549 Οὗτος
2742 4488 2845 4564 γὰρ
2897 4489 2925 4542 ὁ
2977 4488 3141 4551 Λάϊος
3195 4490 3451 4564 βασιλεὺς
3483 4490 3557 4545 ὢν
3591 4486 3847 4563 Θηϐαίων

441 4572 692 4644 pedibus
725 4573 1074 4644 impeditum
1136 4575 1196 4629 in
1258 4575 1554 4629 montanis
1612 4573 1850 4644 abjecit,
1913 4579 1978 4628 ut
2009 4571 2086 4626 ibi

2200 4576 2336 4648 μετὰ
2366 4575 2643 4646 Ἰοκάστης
2697 4563 2857 4655 ἔσχεν
2918 4578 3033 4632 υἱὸν
3091 4563 3308 4653 πρῶτον
3353 4581 3546 4636 Ἰοκᾶν·
3589 4583 3845 4656 χρησμὸν

441 4662 680 4733 periret.
701 4665 775 4716 At
796 4663 1051 4718 rusticus
1079 4664 1341 4736 quidam,
1367 4664 1637 4719 Melibius
1658 4662 1922 4727 nomine,
1949 4678 2085 4716 eum

441 4752 742 4807 sublatum
803 4751 1090 4820 educavit,
1177 4754 1583 4825 OEdipumque
1667 4751 1986 4825 appellavit
2053 4769 2088 4807 a

441 4849 672 4898 tumore
705 4841 923 4913 pedum
955 4859 1132 4913 quem
1165 4844 1224 4897 in
1257 4843 1641 4916 compedibus
1690 4847 2082 4898 contraxerat.

440 4931 774 4988 Secundum
803 4931 929 4986 haec
951 4931 1169 4987 mulier
1198 4931 1468 5001 quaedam
1508 4931 1786 5002 indigena
1843 4931 2084 4986 nomine

443 5020 686 5090 Sphinx,
712 5019 994 5074 deformis
1051 5036 1119 5074 ac
1167 5035 1515 5085 mammosa,
1577 5036 1711 5074 cum
1759 5019 2082 5091 agrestium

445 5122 625 5162 manu
649 5110 924 5164 verticem
946 5108 1259 5178 quemdam
1280 5109 1530 5176 obsedit,
1553 5109 1627 5163 ad
1650 5124 1826 5178 quem
1848 5109 2085 5163 nonnisi

445 5209 561 5247 uno
582 5213 767 5266 eoque
790 5200 1206 5271 angustissimo
1220 5198 1383 5254 aditu
1407 5204 1636 5270 poterat
1666 5199 1982 5269 penetrari,
2015 5215 2082 5253 ac

445 5280 851 5341 latrocinando
875 5305 943 5343 ea
965 5295 1274 5360 pergentes
1296 5289 1613 5352 interfecit,
1636 5304 1962 5358 eorumque
1991 5289 2081 5341 fa-

444 5369 694 5424 cultates
715 5373 1054 5444 deprzedata
1071 5379 1258 5434 est.ld
1307 5377 1684 5433 latrocinium
1730 5394 1824 5432 res
1854 5377 2078 5431 Theba-

442 5461 747 5515 norumin
778 5478 978 5519 arcum
1032 5469 1278 5540 redegit,
1338 5486 1474 5523 cum
1533 5485 1727 5540 neque
1787 5468 2080 5523 exercitus

444 5566 639 5620 neque
665 5550 791 5620 ipse
821 5568 924 5605 rex
957 5555 1125 5609 Laius
1156 5563 1358 5612 monte
1391 5559 1471 5612 ita
1507 5559 1808 5613 inaccesso
1865 5565 1922 5611 et
1982 5575 2080 5612 na-

443 5645 574 5694 tura
605 5638 716 5693 loci
747 5641 977 5696 munito
1009 5645 1332 5714 quidquam
1364 5647 1643 5704 adversus
1673 5663 1802 5703 eam
1860 5652 2076 5718 posset.

2197 4663 2254 4720 δὲ
2286 4659 2467 4722 λαϐὼν
2499 4664 2623 4741 περὶ
2664 4665 2830 4720 αὐτοῦ
2878 4666 2952 4728 ὡς
3009 4671 3078 4741 τῇ
3140 4665 3250 4738 ἰδίᾳ
3309 4668 3476 4744 μητρὶ
3512 4673 3850 4746 συναφθήσε-

2192 4775 2305 4822 ται,
2336 4753 2387 4808 ἐν
2420 4753 2569 4827 ξύλῳ
2626 4753 2755 4816 τοὺς
2813 4752 2985 4818 πόδας
3044 4755 3396 4828 καθηλώσεις,
3447 4757 3476 4811 ὅ
3507 4755 3574 4827 δὴ
3605 4761 3694 4814 καὶ
3724 4764 3850 4815 κοῦ-

2196 4865 2328 4906 σπος
2377 4841 2610 4918 λέγεται,
2664 4843 2740 4906 εἰς
2790 4843 3067 4900 ἀπώλειαν
3117 4843 3170 4901 ἐν
3220 4851 3336 4910 τοῖς
3384 4842 3560 4922 ὄρεσιν
3604 4844 3845 4922 ἔρριψεν.

2193 4937 2489 5010 ’Ἀγροικος
2551 4928 2608 4986 δέ
2663 4953 2746 4993 τις
2797 4932 3025 5005 ὀνόματι
3101 4931 3367 4999 Μελίϐιος
3432 4940 3622 4992 τοῦτον
3672 4937 3847 5012 εὑρὼν

2192 5021 2540 5096 ἀνεθρέψατο,
2583 5018 2851 5079 Οῗδίποδα
2902 5023 3276 5096 μετονομάσας
3306 5022 3396 5079 διὰ
3423 5025 3486 5080 τὸ
3513 5023 3643 5089 τοὺς
3672 5023 3844 5088 πόδας

2193 5109 2355 5165 αὐτοῦ
2415 5111 2466 5165 έν
2537 5115 2616 5182 τῷ
2692 5109 2838 5183 ξύλῳ
2897 5109 3240 5184 διῳδηκότας
3307 5112 3636 5188 ὂγκωθῆναι.
3695 5116 3846 5172 Μετὰ

2189 5205 2357 5257 ταῦτα
2389 5202 2522 5274 γυνη
2555 5222 2638 5262 τις
2671 5200 2898 5273 ὀνόματι
2942 5202 3134 5280 Σφίγξ,
3168 5200 3442 5274 δυσειδής,
3476 5205 3845 5277 κατάμαστος,

2192 5289 2490 5362 χωριτικὴ,
2535 5288 2668 5360 μετᾶ
2723 5288 2972 5358 πλήθους
3023 5289 3297 5365 ἀγροίκων
3330 5291 3406 5355 εἰς
3437 5295 3685 5370 κορυφὴν
3715 5293 3853 5365 μίαν

2191 5377 2362 5449 μόνην
2410 5373 2619 5431 εἷ’σοὸον
2667 5377 2757 5431 καὶ
2809 5379 3012 5448 ταύτην
3065 5381 3400 5451 στενωτάτην
3446 5377 3690 5455 ἔχουσαν
3721 5393 3851 5446 καθ-

2192 5466 2363 5533 ίσασα,
2394 5463 2706 5538 λῃστρικῶς
2747 5467 2878 5528 τοὺς
2928 5469 3274 5544 παράγοντας
3309 5467 3379 5524 δι’
3413 5469 3626 5540 ἐκείνης
3657 5470 3853 5545 ἀνῄρει

2187 5555 2277 5609 καὶ
2331 5551 2427 5614 τὰς
2484 5553 2658 5607 αὐτῶν
2737 5554 2988 5631 ὑπάρξεις
3060 5556 3344 5634 ἀφῃρεῖτο,
3414 5559 3490 5620 ὡς
3521 5557 3857 5616 ἆποπενοῦ-

2191 5652 2309 5706 σθαι
2341 5642 2440 5703 τὰς
2473 5635 2658 5712 Θήϐας
2707 5638 2776 5696 δι’
2826 5644 2994 5715 αὐτῆς
3047 5648 3186 5719 μήτε
3237 5649 3490 5722 στρατοῦ,
3525 5649 3658 5720 μήτ’
3685 5649 3854 5704 αὐτοῦ
