4156 6188
295 347 380 408 73

1446 353 1978 416 HISTORIARUM
2027 351 2579 417 COMPENDIUM.

3633 363 3713 422 74

287 487 394 537 τοῦ
424 481 700 556 βασιλέως
758 484 927 538 Λαῖου
988 483 1274 560 ἰσχύοντος
1331 486 1448 540 κατ’
1505 485 1673 555 αὐτῆς
1731 484 1819 541 διὰ
1887 485 1949 541 τὸ

2089 485 2325 559 Edipus
2384 505 2520 543 vero
2577 506 2642 544 re
2698 489 2901 545 audita
2945 493 3204 563 prudens
3255 509 3321 549 ac
3360 509 3712 565 generosum

292 567 569 627 δύσϐατον
597 577 694 627 τοῦ
726 573 884 648 ὅρους
915 575 1003 628 καὶ
1036 574 1263 649 ὀχυρόν.
1323 576 1488 631 Ταῦτ’
1550 574 1642 629 οὖν
1687 574 1952 636 Οἰδίπους

292 661 534 722 ἀκούσας
591 661 756 740 σοφόν
815 683 866 716 τι
924 664 1015 717 καὶ
1071 669 1314 738 γενναῖον
1371 669 1538 718 ποιεῖ’
1594 664 1688 717 καὶ
1737 663 1964 738 ὀλίγους

299 749 688 823 ἐπιλεξάμενος
715 752 805 805 καὶ
836 753 935 820 τὴν
968 751 1183 830 Σφίγγα
1212 750 1389 806 ἐλθὼν
1438 751 1624 826 ᾐτεῖτο
1694 753 1787 806 σὺν
1821 754 1962 826 αὐτῇ

308 841 455 894 εἶναι
511 841 602 895 καὶ
667 838 1093 915 συλλῃστρεύειν
1144 841 1302 914 αὐτῇ,
1338 842 1404 896 Ἡ
1458 838 1514 896 δὲ
1566 847 1637 916 τῇ
1699 842 1813 916 ὥρᾳ
1871 843 1964 897 καὶ

311 931 645 1005 γενναιότητι
701 930 900 986 τούτου
954 937 1238 1007 τερφθεῖσα
1311 930 1470 987 αὐτόν
1540 929 1862 1007 εἰσδέχεται.
1907 933 1966 985 Ὀ

309 1019 368 1074 δὲ
421 1021 613 1094 καιρὸν
667 1019 926 1098 ἐσχηκὼς
982 1018 1148 1087 αὐτὴν
1207 1021 1301 1092 μὶν
1359 1019 1542 1095 λόγχῃ
1608 1022 1819 1095 ἀναιρεῖ
1874 1031 1965 1086 καὶ

304 1107 562 1172 πολλούς
588 1113 698 1164 τῶν
731 1116 846 1181 μετ’
874 1108 1064 1176 αὐτῆς·
1102 1105 1284 1164 λαϐὼν
1320 1107 1494 1164 δὲκαὶ
1541 1110 1602 1164 τὸ
1657 1115 1818 1182 σῶμα
1873 1110 1963 1166 καὶ

302 1198 405 1253 ὅσα
470 1202 736 1274 χρήματα
802 1197 920 1273 εὗρε
966 1199 1102 1273 πρὸς
1154 1199 1316 1255 Λάϊον
1378 1199 1452 1261 εἷς
1509 1195 1691 1270 Θήϐας
1746 1202 1962 1270 ἤνεγκε,

306 1291 507 1361 μισθὸν
575 1297 676 1358 τῆς
735 1286 1095 1364 ἀνδραγαθίας
1151 1289 1542 1362 κομιούμενος.
1613 1285 1845 1347 Θηϐαῖοι
1907 1286 1965 1344 δὲ

295 1385 500 1434 τοῦτον
540 1377 616 1440 ὠς
653 1379 878 1452 βασιλεα
935 1378 1226 1452 ἀνύμνουν.
1285 1377 1448 1434 ’ΔΛλ’
1479 1378 1578 1433 οὐκ
1605 1376 1767 1452 ἤρεσε
1795 1383 1964 1433 ταῦτα

296 1476 384 1542 τῷ
414 1470 594 1542 Λαΐῳ,
625 1469 774 1524 ἀλλὰ
813 1470 1038 1542 στρατὸν
1080 1467 1378 1548 ἐφοπλίσας
1428 1471 1548 1524 κατ’
1599 1470 1764 1524 αὐτοῦ
1795 1469 1962 1543 ἐξῄει,

299 1561 393 1615 καὶ
423 1558 663 1634 πληγεὶς
693 1559 937 1629 τελευτᾷ.
998 1560 1060 1613 Ἡ
1121 1558 1305 1613 τοίνυν
1361 1557 1608 1627 Ἰοκάστη
1645 1565 1744 1628 τῆς
1806 1559 1960 1633 βασι-

304 1649 459 1709 λείας
494 1647 734 1702 ἐκπεσεῖν
775 1647 835 1701 ού
870 1645 1128 1715 θέλουσα,
1161 1647 1251 1701 καὶ
1279 1648 1353 1709 ὡς
1386 1649 1506 1709 υἱὸς
1555 1649 1726 1716 αὐτῆς
1760 1645 1901 1701 ἐστιν
1934 1648 1962 1700 ὸ

308 1737 577 1799 Οιὸίπους
610 1738 708 1792 οὐκ
731 1735 924 1807 εἰδυῖα,
959 1739 1071 1811 ἅμα
1102 1735 1158 1793 δὲ
1187 1740 1278 1793 καὶ
1326 1739 1462 1812 πρὸς
1519 1738 1804 1810 θεραπείαν
1862 1743 1961 1805 τῆς

315 1829 530 1889 πόλεως
572 1825 971 1899 σπουδάζουσα,
1003 1828 1391 1902 προσκαλεῖται
1422 1832 1636 1882 τοῦτον·
1671 1826 1722 1896 ἐξ
1755 1827 1817 1880 οὗ
1865 1826 1951 1879 καὶ

316 1923 468 1972 ποιεῖ
494 1916 585 1971 δύο
615 1918 790 1986 υἱοὺς,
820 1918 912 1972 τὸν
961 1916 1247 1973 Ἐτεοκλέα
1304 1919 1394 1971 καί
1451 1917 1542 1971 τὸν
1599 1914 1957 1985 Πολυνείκην,

309 2009 400 2062 καί
453 2008 744 2083 θυγατέρας
802 2004 921 2072 δύο,
989 2007 1246 2078 Ἰσμήνην
1305 2006 1394 2060 καὶ
1457 2005 1786 2079 Ἀντιγόνην.
1857 2003 1960 2062 Καὶ

308 2095 490 2158 οὕτως
523 2095 612 2150 ἐπὶ
642 2091 734 2166 ἔτη
793 2098 856 2158 ιθ“
883 2100 990 2149 τῶν
1023 2090 1218 2165 Θηϐῶν
1273 2090 1646 2163 ἐϐασίλευσαν,
1703 2095 1960 2170 ἀγνοοῦν-

304 2207 392 2248 τες
427 2187 676 2247 ὲαυτοὸς.
733 2186 880 2242 Μετὰ
931 2188 1098 2239 ταῦτα
1136 2191 1236 2254 τῆς
1267 2185 1545 2254 Ἰοκάστης
1577 2186 1676 2252 τήν
1732 2179 1963 2256 πατρίδα

305 2277 497 2331 καὶτὸ
555 2275 709 2350 γένος
766 2273 1099 2349 πυθομένης,
1159 2274 1273 2328 ἐπεὶ
1334 2269 1600 2335 Μελίϐιος
1659 2273 1815 2328 αὐτὸν
1872 2274 1962 2327 ἀν-

306 2367 576 2442 εθρέψατο
623 2362 845 2433 ἤκουσε,
878 2369 1005 2440 παρ’
1062 2365 1228 2420 αὐτοῦ
1284 2386 1343 2420 τε
1399 2364 1566 2438 ἔμαθε
1611 2367 1702 2420 τὸν
1759 2365 1960 2439 τρόπον

303 2463 408 2526 τῆς
481 2457 650 2510 αὐτοῦ
707 2454 1030 2529 ἀνευρέσεως
1093 2457 1201 2527 [Ρ.
1258 2456 1379 2526 26]
1437 2455 1527 2508 καί
1598 2448 1964 2529 βεϐαιωθεῖσα

309 2542 601 2616 ἀνεϐόησε.
634 2543 895 2608 Οῗδίπους
945 2542 1002 2598 δὲ
1042 2543 1487 2623 πληροφορηθεὶς
1521 2543 1594 2598 ὡς
1633 2544 1722 2598 καὶ
1777 2544 1963 2616 μήτηρ

315 2637 569 2704 Ἰοκάστη
599 2634 687 2688 καὶ
736 2636 868 2708 γυνή
931 2633 1210 2707 τυγχάνει,
1259 2637 1376 2695 τοῖς
1437 2633 1530 2704 μὲν
1593 2633 1734 2692 υἱοῖς
1783 2633 1960 2686 Ἐτεο-

320 2724 449 2778 κλεῖ
503 2733 587 2777 καί
644 2721 960 2778 Πολανείκιι
1021 2720 1257 2775 ἐνιαυτὸν
1317 2722 1444 2794 παρ’
1496 2720 1737 2775 ἐνιαυτὸν
1805 2721 1964 2794 βασι-

318 2813 497 2868 λεύειν
532 2811 776 2867 ἐκέλευσε
814 2816 922 2866 τῶν
977 2805 1195 2880 Θηϐῶν,
1253 2809 1411 2871 αὐτὸς
1480 2807 1537 2864 δὲ
1566 2809 1813 2884 παραυτὰ
1869 2806 1965 2862 δύο

310 2902 488 2971 ἢλους
516 2903 654 2958 κατὰ
707 2906 814 2958 τῶν
874 2898 1027 2956 ἶδίων
1083 2901 1330 2974 ἐμπήξας
1381 2901 1680 2976 ὀφθαλμῶν
1719 2898 1964 2968 τελευτᾷ.

311 2993 382 3050 Οἱ
411 2989 472 3046 δὲ
500 2992 609 3046 υἱοὶ
650 2991 814 3046 αὐτοῦ
859 2991 1107 3064 ἑκάτερος
1162 2993 1260 3054 τῆς
1323 2988 1597 3064 βασιλείας
1655 2985 1966 3042 ἀντιποιού-

319 3103 477 3156 μενοι
511 3080 587 3141 εἷς
627 3080 870 3152 πόλεμον
916 3077 1089 3148 ἦλθον
1155 3080 1660 3152 μονομαχήσαντες,
1727 3078 1816 3132 καί
1878 3077 1951 3131 ὑπ

313 3169 612 3240 ἀλλήλιων
641 3168 805 3247 ἄμφω
835 3167 1228 3238 κατελύθησαν.
1290 3167 1388 3222 Καὶ
1436 3167 1609 3228 οὕτως
1639 3169 1674 3234 ἡ
1703 3171 1809 3220 τῶν
1861 3172 1968 3234 Θη-

2077 577 2308 632 facinus
2339 579 2598 650 aggredi,
2630 596 2764 634 cum
2796 581 2999 650 paucis
3031 599 3179 652 quos
3210 585 3324 639 sibi
3349 587 3538 641 socios
3565 587 3722 640 asci-

2075 673 2258 732 verat,
2294 667 2364 722 ad
2389 668 2706 739 Sphingem
2739 685 2800 723 se
2831 671 3121 738 conferre,
3156 673 3286 742 ejus
3334 678 3720 734 consuetudi-

2076 771 2214 810 nem
2243 763 2300 809 et
2329 757 2725 814 latrocinandi
2778 759 3122 815 societatem
3157 768 3452 833 expetere.
3507 767 3720 822 Forma

2076 850 2134 899 et
2161 846 2528 918 generositas
2558 863 2735 917 quam
2769 865 2888 918 prae
2920 864 2980 903 se
3011 849 3260 917 ferebat,
3301 859 3366 906 ut
3420 855 3720 927 recipere-

2076 939 2171 988 tur
2199 951 2232 989 a
2265 936 2511 989 muliere
2543 935 2617 990 iis
2645 936 2821 991 rebus
2852 943 3021 1008 capta
3053 939 3467 1009 impetrarunt.
3488 945 3560 997 At
3580 959 3715 998 vero

2073 1022 2330 1095 (Edipus
2361 1029 2533 1095 capta
2586 1025 2898 1080 occasione
2930 1027 3128 1097 ipsum
3188 1028 3394 1085 lancea
3422 1030 3719 1086 transadi-

2073 1129 2232 1184 gere,
2267 1114 2485 1168 multos
2517 1115 2616 1184 qui
2651 1114 2891 1186 Sphingi
2944 1116 3246 1186 praedandi
3281 1119 3424 1174 socii
3482 1119 3720 1175 fuerant

2074 1203 2370 1259 trucidare
2397 1221 2410 1268 ;
2445 1205 2692 1280 cadaver
2723 1205 2945 1276 ejus,ac
2969 1222 3116 1275 quas
3145 1206 3224 1260 ibi
3247 1214 3549 1278 re‘pererat
3577 1225 3718 1280 opes

2072 1293 2145 1349 ad
2179 1293 2386 1348 Laium
2417 1293 2645 1350 Thebas
2675 1295 2989 1362 allerre,ab
3029 1311 3098 1350 eo
3129 1297 3360 1350 virtutis
3393 1313 3514 1351 sua:
3544 1313 3612 1352 ac
3658 1297 3711 1352 ei

2072 1381 2224 1437 bene
2282 1391 2459 1453 gestae
2523 1385 2834 1454 praemium
2867 1400 3124 1455 sperare.
3160 1388 3241 1440 Ac
3296 1385 3556 1441 Thebani
3616 1387 3716 1440 46

2073 1471 2314 1540 quidem
2341 1487 2477 1526 eum
2503 1472 2678 1544 regiis
2701 1473 2977 1527 laudibus
2997 1489 3065 1528 ac
3100 1474 3286 1529 titulis
3310 1473 3716 1530 celebrabant.

2075 1559 2210 1615 Laio
2243 1560 2302 1614 id
2342 1562 2488 1616 adeo
2523 1562 2828 1632 displicuit
2859 1568 2924 1617 ut
2953 1563 3233 1618 adversus
3265 1579 3400 1618 eum
3432 1579 3564 1618 cum
3622 1579 3715 1618 ar-

2075 1656 2230 1703 mato
2265 1651 2527 1704 exercitu
2568 1651 2812 1706 exiverit
2845 1670 2856 1705 :
2890 1654 3209 1708 commisso
3253 1658 3449 1708 autem
3510 1653 3716 1724 praalio

2073 1739 2223 1793 ictus
2256 1741 2450 1810 periit.
2484 1741 2741 1814 Proinde
2771 1744 3001 1797 locasta
3032 1760 3166 1797 cum
3209 1743 3479 1798 excidere
3537 1760 3717 1814 regno

2075 1828 2262 1884 nollet
2292 1836 2349 1884 et
2405 1829 2693 1900 (Edipum
2754 1832 2941 1886 lilium
2999 1849 3172 1887 suum
3214 1850 3342 1886 esse
3397 1833 3718 1904 ignoraret,

2076 1918 2254 1973 simul
2287 1925 2352 1972 ut
2381 1919 2606 1974 civibus
2663 1938 2788 1976 rem
2847 1927 3072 1992 gratam
3105 1922 3346 1985 faceret,
3406 1923 3720 1993 conjugem

2069 2008 2180 2062 sibi
2231 2007 2515 2080 (Edipum
2569 2011 2794 2076 ascivit,
2845 2018 3022 2082 atque
3082 2028 3149 2066 ex
3205 2028 3274 2067 eo
3333 2011 3480 2066 duos
3541 2011 3714 2077 fllios,

2070 2098 2365 2152 Eteoclem
2391 2115 2458 2153 ae
2480 2099 3214 2171 Polynicem,totidemque
3235 2099 3389 2155 filias
3415 2101 3715 2154 Ismenam

2070 2192 2128 2241 et
2155 2188 2510 2260 Antigonam
2542 2190 2886 2261 peperit.lta
2918 2205 3022 2261 per
3054 2193 3117 2244 19
3149 2205 3340 2245 annos
3371 2203 3619 2262 regnum
3649 2189 3712 2243 in

2067 2277 2376 2332 Thebanos
2415 2280 2904 2350 gesserunt,alter
2935 2280 3185 2334 alterum
3218 2281 3580 2351 ignorantes.
3612 2279 3712 2333 His

2070 2366 2290 2420 exactis
2319 2367 2569 2434 locasta,
2603 2384 2738 2421 cum
2768 2368 2972 2438 OEdipi
3013 2383 3197 2440 genus
3228 2375 3287 2422 et
3316 2368 3568 2440 patriam
3629 2368 3714 2421 in-

2071 2456 2168 2526 qui
2180 2462 2432 2516 reret.ex
2461 2455 2688 2510 Melibio
2700 2473 2880 2526 quem
2903 2456 3280 2512 educatorem
3303 2457 3487 2510 fuisse
3508 2455 3711 2525 (Edipi

2071 2551 2380 2615 acceperat
2432 2545 2727 2599 intellexit
2773 2545 3069 2614 quomodo
3103 2546 3150 2598 is
3207 2544 3494 2614 (Edipum
3545 2558 3712 2614 repe-

2072 2636 2288 2699 risset;
2322 2635 2938 2705 cunflrmataquejam
2970 2635 3126 2705 apud
3149 2634 3414 2688 animum
3447 2633 3531 2687 rei
3563 2633 3718 2687 sicut

2075 2723 2328 2778 habebat
2376 2724 2654 2795 opinione
2699 2723 3072 2778 exclamavit.
3126 2725 3198 2776 At
3246 2722 3406 2776 enim
3461 2721 3719 2792 mdipus

2074 2815 2291 2869 certior
2313 2814 2503 2868 factus
2524 2813 2816 2868 Jocastam
2839 2813 3152 2884 conjugem
3179 2811 3450 2867 eamdem
3462 2816 3716 2868 matrem

2077 2919 2242 2959 suam
2276 2919 2426 2971 esse,
2461 2903 2600 2957 ﬁliis
2631 2902 2851 2957 Eteocli
2885 2908 2942 2956 et
2973 2901 3236 2972 Polynici
3268 2917 3517 2974 regnum
3574 2899 3726 2955 The-

2076 2993 2299 3050 banum
2332 2993 2580 3048 alternis
2609 2993 2783 3047 annis
2841 2991 3181 3047 habendum
3214 2990 3534 3058 mandavit,
3593 2990 3723 3061 ipse

2077 3083 2239 3138 illico
2272 3081 2504 3137 duobus
2536 3082 2716 3136 clavis
2768 3081 2827 3134 in
2860 3080 3008 3135 duos
3057 3097 3196 3135 suos
3253 3080 3457 3135 oculos
3517 3078 3724 3133 defixis

2081 3172 2246 3226 obiit.
2282 3171 2433 3238 Filii,
2467 3186 2601 3225 cum
2633 3175 2883 3239 uterque
2915 3185 3163 3239 regnum
3195 3167 3270 3222 ad
3319 3185 3380 3222 se
3440 3167 3720 3233 traheret,

315 3232 610 3328 ϐῶνητοι
680 3232 943 3316 ¹Βοιωτῶν
991 3232 1259 3327 κατελύθη
1324 3254 1596 3330 βασιλεία,
1649 3232 1972 3329 διαρκέσασα

2089 3260 2303 3315 bellum
2335 3264 2646 3314 moverunt
2680 3276 2692 3312 :
2727 3259 2788 3312 in
2847 3274 2964 3328 quo
2996 3256 3281 3330 singulari
3322 3271 3519 3328 pugna
3568 3271 3718 3310 con-

314 3349 412 3418 ἕτη
443 3369 727 3422 τριακοσια
757 3346 1187 3418 ἑξηκονταεννέα.

395 3689 719 3760 ’Δναγκαῖον
780 3683 872 3738 οὖν
957 3681 1068 3736 ἐστι
1153 3679 1347 3734 λοιπὸν
1398 3677 1724 3753 ἀναδραμεῖν
1785 3677 1872 3732 ἐπὶ
1909 3677 1972 3730 τὸ

325 3773 710 3846 προκείμενον.
745 3769 1156 3843 Καταλήξαντες
1190 3765 1247 3824 δὲ
1290 3767 1376 3824 ἒπὲ
1433 3769 1532 3837 τὴν
1565 3766 1624 3823 ἐκ
1663 3765 1846 3822 Φαλέκ
1877 3769 1975 3821 τοῦ

327 3857 528 3936 Ῥαγαϐ
557 3862 827 3939 γέννησιν,
851 3861 1135 3936 ἀρξώμεθα
1163 3857 1254 3913 ἀπ’
1287 3858 1468 3913 αὐτοῦ.

400 4036 598 4116 Ῥαγὰϐ
720 4041 1013 4116 γενόμενος
1100 4038 1285 4093 ἑκατὸν
1376 4033 1767 4112 τριακονταδύο
1844 4036 1976 4091 ἐτῶν

333 4131 582 4207 ἐγέννησε
611 4131 704 4186 τὸν
763 4128 998 4207 Σερούχ.
1045 4129 1169 4186 Ἑπί
1221 4127 1420 4183 τούτου
1477 4127 1528 4182 οἱ
1577 4126 1851 4201 ἄνθρωποι
1889 4125 1980 4180 τὸν

329 4223 453 4277 κατ’
509 4219 777 4290 ἀλλήλων
861 4220 1186 4289 αὐξήσαντες
1268 4221 1438 4292 τῦφον
1527 4215 1864 4292 στρατηγούς
1921 4235 1981 4269 τε

332 4313 548 4372 ἑαυτοῖς
578 4310 976 4378 κατεστήσαντο
1003 4309 1094 4362 καὶ
1139 4305 1402 4382 βασιλεῖς.
1436 4304 1538 4363 Καὶ
1567 4305 1691 4361 τότε
1747 4305 1979 4380 πρώτως

330 4399 613 4473 πολεμικά
665 4397 1152 4458 κατασκευάσαντες
1221 4392 1424 4470 ὄργανα
1478 4394 1744 4467 πολεμεῖν
1798 4391 1983 4462 ἀλλή-

333 4488 458 4551 λοις
484 4487 794 4561 ἔνήρξαντο.
857 4486 958 4544 Καὶ
1018 4487 1172 4547 εὐθὺς
1206 4485 1259 4539 οἱ
1290 4484 1396 4539 ἀπὸ
1445 4484 1655 4540 Χαναὰν
1713 4485 1982 4552 ἡττῶνται

2083 3350 2265 3420 gressi
2297 3349 2518 3405 mutuis
2575 3347 2748 3403 ambo
2805 3346 3152 3403 vulneribus
3183 3344 3606 3400 occubuerunt.
3665 3345 3720 3398 Is

2081 3438 2248 3512 regni
2279 3437 2541 3493 Thebani
2597 3453 2704 3493 seu
2736 3437 3067 3492 Boeotorum
3127 3435 3261 3490 linis
3290 3433 3420 3502 fuit,
3479 3447 3614 3488 cum
3662 3431 3721 3486 id

2085 3525 2189 3579 369
2219 3539 2408 3580 annos
2439 3523 2730 3578 durasset.

2159 3671 2341 3726 Porro
2401 3675 2598 3725 autem
2652 3684 2894 3724 necesse
2947 3673 3034 3722 est
3092 3684 3200 3722 nos
3257 3666 3333 3721 ad
3391 3665 3728 3720 institutum

2088 3765 2356 3814 nostrum
2391 3759 2621 3812 reverti.
2684 3761 2764 3811 Ac
2797 3757 3080 3826 quoniam
3114 3757 3173 3809 in
3230 3754 3447 3826 Ragabi
3479 3754 3731 3810 Phaleco

2087 3848 2378 3922 progeniti
2438 3847 2741 3901 mentione
2801 3845 3277 3912 substiteramus,
3340 3859 3578 3898 rursum
3657 3841 3730 3896 ab

2089 3937 2296 3994 eodem
2327 3935 2559 4008 Ragabo
2590 3935 2913 3990 ordiemur.

2161 4031 2254 4084 47
2293 4026 2560 4099 Ragabus
2596 4043 2731 4099 ergo
2752 4042 2940 4082 annos
2963 4028 3137 4080 natus
3172 4026 3271 4078 132
3291 4020 3618 4077 Seruchum
3639 4035 3733 4091 ge-

2091 4117 2238 4174 nuit.
2264 4117 2449 4187 Hujus
2470 4121 2640 4172 aetate
2660 4113 2899 4170 demum
2919 4113 3192 4169 homines
3213 4111 3364 4168 alter
3383 4109 3550 4165 alteri
3572 4108 3730 4164 fastu

2091 4224 2219 4264 sese
2251 4207 2658 4279 praeferentes,
2691 4205 3118 4277 imperatorum
3159 4207 3334 4272 atque
3367 4216 3571 4271 regum
3622 4215 3732 4253 no-

2094 4298 2257 4353 mina
2289 4296 2403 4351 sibi
2430 4300 2830 4366 sumpserunt,
2867 4311 2934 4349 ac
2966 4299 3088 4348 tum
3124 4292 3384 4364 primum
3417 4305 3582 4345 arma
3609 4287 3733 4342 bel-

2092 4389 2208 4442 lica
2249 4385 2539 4452 fabricati,
2597 4384 2821 4439 bellum
2865 4383 3117 4438 invicem
3165 4382 3359 4438 facere
3409 4382 3735 4452 coeperunt.

2098 4477 2304 4532 Statim
2336 4491 2469 4530 vero
2503 4475 2680 4545 stirps
2710 4473 3044 4528 Chanaanis
3075 4467 3739 4540 succubuit,jugumque

332 4579 425 4633 καὶ
483 4581 692 4654 πρῶτοι
774 4583 876 4646 τῆς
932 4573 1182 4636 δουλείας
1244 4573 1612 4628 ὑποκύπτουσι
1673 4575 1752 4643 τῷ
1808 4576 1973 4647 ζυγῷ,

2099 4566 2396 4621 servitutis
2425 4560 3137 4634 subiit,quemadmodum
3166 4560 3219 4616 ei
3248 4560 3386 4614 Nom
3417 4558 3610 4613 fuerat
3628 4555 3742 4610 im—

337 4667 476 4722 κατα
503 4668 604 4736 τήν
629 4670 724 4720 τοῦ
745 4667 872 4722 Νῶε
900 4665 1155 4738 κατάραν.

413 4768 632 4844 Σεροὺχ
657 4769 943 4845 γενόμενος
994 4767 1179 4821 ἑκατὸν
1210 4765 1504 4839 τριάκοντα
1557 4762 1690 4818 ἆτῶν
1746 4761 1990 4837 ἐγέννῆσέ

336 4861 433 4914 τὸν
475 4859 708 4933 Ναχώρ.
760 4859 908 4936 ᾬκει
951 4854 1006 4910 δὲ
1049 4856 1076 4910 ὁ
1111 4855 1328 4929 Σεροὺχ
1383 4853 1436 4908 ἐν
1495 4854 1564 4924 τῇ
1595 4849 1912 4922 Χαλδαίων,
1941 4851 1995 4906 ἐν

342 4948 509 5004 πόλει
540 4949 660 5022 Ὦρ.
693 4947 1002 5018 Λύξηθέντα
1053 4943 1109 5000 δί
1137 4947 1228 5000 τὸν
1283 4944 1492 5019 Ναχὼρ
1552 4940 1787 5016 ἐδίδαξεν
1823 4944 1850 4997 ὁ
1890 4963 1999 4998 πα-

341 5041 451 5112 τὴρ
509 5037 721 5092 πάντων
807 5035 1056 5092 ἐπίλυσιν
1113 5035 1345 5104 οἰωνῶν,
1399 5039 1507 5088 τῶν
1562 5053 1618 5089 τε
1685 5032 1736 5087 ἓν
1789 5031 2000 5108 ούρανῷ

347 5127 594 5201 σημείων
642 5123 942 5198 διακρίσεις
1002 5125 1092 5179 καὶ
1141 5127 1250 5178 τῶν
1299 5123 1386 5177 ἐπὶ
1443 5129 1548 5197 γῆς
1599 5123 1868 5187 ἁπάντων,
1910 5121 2002 5176 καὶ

347 5223 526 5272 πᾶσαν
576 5213 891 5285 Χαλδαϊκήν
979 5214 1262 5288 μαντείαν.
1326 5213 1534 5286 Ναχὼρ
1603 5209 1659 5266 δὲ
1713 5214 2001 5286 γενόμενος

417 5308 428 5324 ι
457 5304 480 5322 ιν
523 5310 549 5320 ~
637 5303 649 5322 θ
959 5303 970 5320 ς
1106 5301 1153 5318 μοι
1179 5301 1191 5321 ‹
1540 5297 1581 5318 tu
1700 5306 1725 5315 ι..
1883 5302 1893 5320 ι

351 5309 414 5360 οθ
457 5325 592 5359 ετων
633 5305 878 5380 εγέννησε
920 5324 1011 5358 τον
1053 5310 1251 5379 Θαρρα.
1314 5300 1477 5358 Νίνου
1536 5313 1592 5354 οε
1633 5321 1730 5355 του
1784 5322 2006 5376 πρωτου

353 5394 635 5457 Βασιλέως
667 5399 774 5450 τῶν
805 5393 1098 5468 ’Δσσυρίων
1148 5391 1572 5467 τεσσαρακοστὸν
1604 5389 1786 5466 τρίτον
1843 5391 2005 5468 ἄγον-

353 5507 450 5547 τος
480 5480 603 5546 ἔτος
645 5491 745 5553 τῆς
797 5481 1072 5559 βασιλείας
1114 5487 1356 5555 γεννᾶται
1419 5476 1692 5554 Ἀϐραάμ.
1745 5480 1895 5536 Κατά
1951 5477 2010 5534 δὶ

354 5575 487 5638 τοὺς
546 5573 743 5636 αὐτοὺς
799 5573 1032 5649 χρόνους
1102 5572 1228 5646 παρ’
1278 5570 1602 5647 Δίγυπτίοις
1661 5567 2006 5642 ἑξκαιδεκάτῃ

356 5663 660 5734 δυναστεία,
691 5664 809 5728 καθ’
836 5662 901 5732 ἣν
937 5657 1255 5717 ἐϐασίλευον
1285 5654 1540 5731 Θηϐαῖοι.
1574 5659 1753 5736 Θάρρα
1777 5659 1832 5714 δὲ
1855 5660 2013 5738 γενό-

646 5783 916 5848 Pauor.
964 5784 1075 5846 Gn.
1121 5781 1332 5844 CXXI.

2101 4660 2396 4727 precatus.

2174 4763 2466 4820 Seruchus
2491 4777 2679 4816 annos
2710 4765 2886 4816 natus
2919 4761 3020 4813 130
3050 4757 3379 4812 Nachorem
3405 4750 3743 4824 progenuit.

2106 4853 2417 4911 Habitabat
2432 4858 2628 4907 autem
2643 4849 2937 4906 Seruchus
2956 4849 3019 4903 in
3037 4847 3183 4903 urbe
3201 4843 3631 4901 Chaldmorum.
3648 4836 3742 4891 cui

2107 4947 2184 5003 Ur
2214 4959 2452 4998 nomen.
2487 4943 2540 4995 Is
2570 4939 2840 4997 adultum
2870 4938 3198 4994 Nachorem
3237 4931 3437 4989 docuit
3478 4925 3747 4982 omnium

2107 5030 2845 5107 auguriorum,cozlestium
2869 5025 3358 5092 terrestriumque
3374 5020 3750 5071 ostentorum

2109 5104 3048 5194 interpretationem,omnemque
3080 5111 3490 5169 Chaldaeorum
3523 5104 3753 5159 divina-

2113 5214 2356 5269 tionem.
2387 5211 2617 5266 Nachor
2659 5224 2848 5265 annos
2895 5211 3069 5259 natus
3115 5204 3181 5254 79
3233 5199 3481 5253 Tharam
3527 5194 3749 5268 genuit.

2114 5302 2483 5357 Abrahamus
2515 5305 2688 5354 natus
2720 5303 2827 5360 est,
2860 5310 2994 5349 cum
3025 5291 3212 5345 Ninus
3235 5287 3460 5360 primus
3491 5285 3755 5356 Assyrio-

2116 5409 2247 5448 rum
2281 5407 2382 5445 rex
2403 5405 2624 5445 annum
2657 5387 2745 5441 sui
2769 5384 2935 5453 regni
2965 5385 3032 5436 43
3063 5377 3507 5452 ageret.Eodem
3538 5381 3760 5446 tempo-

2118 5499 2181 5537 re
2212 5482 2367 5554 apud
2390 5480 2680 5553 Egyptios
2713 5477 2978 5531 decimus
3014 5478 3215 5530 sextus
3245 5488 3348 5527 rex
3379 5469 3621 5542 agebat;
3647 5481 3764 5538 qua

2120 5578 2472 5644 tempestate
2509 5568 2777 5624 Thebani
2806 5565 3152 5638 regnabant.
3186 5565 3526 5632 Tharaergo
3561 5572 3750 5644 annos

2123 5643 2297 5719 natus
2329 5665 2396 5715 70
2427 5657 2668 5716 sustulit
2698 5673 2765 5712 ex
2804 5670 2988 5713 uxore
3021 5670 3129 5712 sua
3160 5654 3483 5723 Edna,quaa
3516 5646 3640 5704 ﬁlia
3659 5643 3771 5699 fuit
