4148 6196
465 344 542 403 75
1768 340 2172 404 GEORGIGII
2214 340 2563 406 CEDRENI

3791 345 3873 406 76

468 477 809 546 Abrahami,
845 494 1024 549 quem
1060 483 1334 549 patruum
1366 475 1554 530 Thara
1586 473 1809 543 habuit,
1840 475 2090 532 Abraha-

2222 495 2380 548 μενος
2439 473 2570 530 ἑτῶν
2618 476 2663 531 o‘
2692 473 2973 552 ἐγέννησεν
3042 476 3102 533 ἔκ
3160 476 3416 554 γυναικὸς
3472 479 3585 552 (39)
3643 474 3869 547 Ἕδνας,

466 583 629 623 mum
664 586 676 623 :
712 568 794 623 ita
822 569 981 624 enim
1014 583 1145 623 eum
1180 569 1369 620 mater
1397 564 1469 619 de
1502 564 1591 619 sui
1630 565 1814 637 patris
1862 567 2103 620 nomine

463 657 799 729 appellavit,
828 657 926 728 qui
961 665 1097 711 ante
1128 654 1359 725 nepotis
1391 654 1620 710 natales
1649 655 1762 710 vita
1794 653 2105 711 defunctus

461 746 670 802 fuerat.
706 747 996 799 Prwterea
1027 743 1207 797 ctiam
1232 743 1423 798 Thara
1448 746 1738 799 Arumum
1772 748 1831 799 et
1875 745 2104 800 Nacho-

458 851 585 893 rem
600 830 1326 904 procreavit.Abrahamus
1338 848 1583 889 uxorem
1607 833 1778 889 duxit
1791 834 2102 899 Saram,si-

456 921 513 977 bi
543 938 577 975 a
606 925 772 991 patre
806 920 1208 991 conjunctam.
1236 922 1340 977 Hic
1372 922 1557 991 solus,
1575 922 1852 979 omnibus
1882 922 2103 994 ubique

456 1008 800 1065 hominibus
830 1009 994 1065 cultu
1025 1010 1480 1066 simulacrorum
1512 1012 1569 1067 in
1605 1027 1865 1069 errorem
1914 1012 2102 1067 abdu-

455 1097 588 1163 ctis,
619 1113 823 1153 verum
881 1100 1062 1153 Deum
1117 1099 1357 1171 agnovit
1384 1100 1764 1173 universique
1820 1099 2102 1172 Opiﬁcem

455 1186 1177 1259 prtedicavit,primusque
1208 1188 1394 1244 altare
1424 1188 1739 1245 frondibus
1765 1189 2102 1262 palmarum

457 1282 516 1332 et
546 1277 814 1333 olearum
840 1276 941 1332 48
975 1277 1159 1332 cinxit
1188 1295 1201 1345 ;
1235 1294 1302 1333 ac
1326 1277 1434 1333 sub
1461 1294 1531 1333 eo
1560 1278 1819 1350 primum
1850 1278 1913 1333 in
1935 1295 2104 1334 sacra

456 1364 760 1437 Scriptura
789 1365 1034 1438 angelus
1068 1366 1452 1431 nominatur;
1483 1373 1541 1422 et
1569 1367 1642 1422 ab
1674 1367 1803 1438 ipso
1851 1368 2101 1440 Egyptii

454 1455 713 1524 positum
759 1455 1067 1511 stellarum
1121 1461 1180 1510 et
1235 1456 1610 1512 eﬂ‘ectionem
1666 1472 2102 1527 numerumque

456 1543 765 1600 scientiam
797 1544 1152 1601 didicerunt.

524 1726 764 1779 Annum
781 1722 972 1777 astatis
985 1722 1331 1779 vicesimum
1346 1728 1625 1795 quartum
1640 1739 1821 1795 agens
1841 1722 2099 1779 Abraha-

452 1828 582 1867 mus
611 1813 877 1885 agnitum
907 1812 1167 1868 universi
1197 1812 1482 1884 Opiﬁcem
1524 1812 1807 1869 adoravit.
1840 1813 2099 1886 Angelus
2129 1834 2175 1899 Β

2214 565 2478 639 θυγατρὸς
2509 559 2764 639 Ἀϐραὰμ
2794 562 3179 646 πατραδὲΑιρου
3209 565 3398 637 αὐτοῦ,
3445 566 3535 623 τὸν
3588 561 3867 642 Ἀϐραὰμ,

2214 652 2394 708 ὅντινα
2436 655 2470 724 ἠ
2528 658 2717 728 μήτηρ
2775 654 3023 711 ἐκάλεσεν
3084 656 3168 712 ἰπ⁹
3223 655 3454 731 ἀνόματι
3514 660 3611 711 τοῦ
3669 658 3867 725 ἑαυτῆς

2212 745 2438 820 πατρός·
2471 739 2605 822 ἔφθη
2668 744 2771 821 γὰρ
2829 742 3031 808 ἐκεῖνος
3088 746 3194 819 πρὸ
3252 753 3356 816 τῆς
3409 760 3610 801 τουτου
3670 748 3866 822 γεννή-

2214 853 2350 896 σεως
2374 830 2833 902 τετελευτηκέναι.
2877 833 3164 908 Ἐγέννησε
3214 831 3272 890 δὶ
3322 830 3402 890 ἔτι
3455 835 3484 890 6
3532 833 3714 910 Θάῤῥα
3770 834 3862 890 τὸν

2212 921 2396 996 Ἀρὰμ
2445 921 2534 976 καὶ
2579 922 2671 977 τόν
2733 922 2959 998 Ναχώρ.
3029 923 3086 977 Ὀ
3143 919 3203 977 δὲ
3273 918 3524 999 Ἀϐραὰμ
3591 919 3863 998 λαμϐάνει

2212 1012 2360 1086 παρὰ
2388 1015 2484 1066 τοῦ
2511 1012 2718 1087 πατρὸς
2749 1017 2978 1087 γυναῖκα
3026 1013 3125 1081 τήν
3154 1009 3385 1087 Σάῤῥαν.
3447 1010 3614 1077 Οὗτος
3677 1012 3863 1087 μόνος,

2208 1103 2319 1154 τῶν
2350 1099 2672 1175 ἁπανταχοῦ
2740 1101 2840 1169 τήν
2872 1099 2961 1156 ἐπὶ
3010 1100 3078 1156 τὰ
3108 1098 3313 1156 εἴδωλα
3363 1098 3579 1172 πλάνην
3638 1101 3866 1158 νοσούν-

2209 1209 2338 1258 των,
2386 1189 2481 1244 τὸν
2536 1187 2719 1259 ἀληθῆ
2781 1188 2909 1245 Θεὸν
2966 1187 3175 1265 ἐπέγνω
3227 1190 3317 1244 καὶ
3376 1192 3723 1264 Δημιουργὸν
3753 1193 3864 1246 τῶν

2211 1276 2358 1333 ὅλων
2385 1277 2696 1352 ἀνεκήρυξε.
2732 1278 2837 1335 Καὶ
2885 1282 3104 1353 πρῶτος
3162 1279 3225 1334 τὸ
3284 1281 3663 1355 θυσιαστήριον
3719 1276 3865 1334 κλά-

2211 1363 2327 1429 δοις
2377 1366 2636 1446 φοινίκων
2702 1366 2792 1422 καὶ
2852 1364 3051 1423 ἐλαιῶν
3111 1364 3364 1435 ἰκύκλου,
3424 1367 3514 1423 καὶ
3572 1366 3661 1422 ἐπὶ
3692 1367 3862 1423 αὐτοῦ

2209 1456 2443 1530 πρώτως
2472 1455 2785 1529 ὠνόμασται
2828 1454 3067 1533 ἅγγελος
3116 1454 3168 1511 ἐν
3213 1459 3281 1530 τῇ
3342 1455 3457 1527 θείᾳ
3516 1460 3725 1536 Γραφῇ.
3760 1456 3860 1512 Καὶ

2186 1545 2337 1620 ,παρ’
2394 1543 2560 1601 αὐτοῦ
2616 1544 2914 1620 Αίγύπτιοι
2968 1545 3070 1614 τὴν
3124 1549 3233 1601 τῶν
3298 1544 3536 1620 ἀστέρων
3565 1548 3707 1610 θίσιν
3766 1545 3859 1601 καὶ

2209 1633 2432 1703 ποίησιν
2464 1632 2556 1688 καὶ
2583 1634 2682 1702 τὴν
2716 1633 3088 1707 ἀριθμητικὴν
3122 1633 3432 1708 ἐπιστήμην
3464 1633 3684 1710 ἔμαθον.

2278 1725 2399 1781 Ὀτι
2437 1728 2517 1795 τῷ
2572 1721 2653 1779 κδ’
2709 1721 2816 1780 ἔτει
2866 1732 2967 1795 τῆς
3015 1724 3237 1796 ἡλικίας
3295 1725 3463 1781 αὐτοῦ
3517 1729 3545 1782 6
3605 1723 3860 1803 Ἀϐραὰμ

2208 1809 2456 1887 ἐπιγνοὺς
2486 1811 2577 1868 τὸν
2627 1816 2733 1868 τῶν
2794 1812 2938 1869 ὅλων
2995 1814 3123 1869 Θεὸν
3182 1815 3522 1891 προσεκύνει.
3583 1815 3858 1895 Ἀγγελος

447 1907 641 1959 aatem
674 1901 774 1957 Dei
797 1901 997 1957 docuit
1019 1917 1155 1956 eum
1177 1900 1533 1958 Hebraicum
1555 1903 2090 1969 sermonem,sicuti

2205 1897 2263 1956 δὲ
2316 1902 2515 1975 Κυρίου
2576 1899 2810 1973 ἐδίδαξεν
2878 1902 3040 1959 αὐτὸν
3106 1904 3207 1972 τήν
3255 1898 3518 1979 Ἐϐραΐδα
3574 1903 3856 1983 γλῶσσαν,

446 1993 605 2050 idem
637 1994 883 2067 angelus
912 1995 1055 2050 Mosi
1087 1994 1260 2064 dixit,
1295 2000 1361 2049 ut
1408 2000 1499 2049 est
1521 1995 1583 2050 in
1637 2011 1817 2068 parva
1862 1995 2094 2051 Genesi.

2200 1989 2378 2054 καθὼς
2405 1990 2567 2053 αὐτὸς
2597 1992 2625 2047 6
2654 1989 2889 2067 ἅγγελος
2919 1996 3000 2065 τῷ
3027 1994 3275 2068 Μωοϋσῇ
3334 1994 3507 2065 εἶπεν,
3537 1994 3612 2058 ὡς
3646 1998 3727 2070 [Ρ.
3762 1998 3855 2070 27]

447 2083 562 2141 Sed
592 2090 652 2140 et
668 2088 920 2141 Aramus
950 2101 1133 2141 uxore
1157 2085 1334 2141 ducta
1364 2085 1570 2141 Lotum
1596 2086 1890 2158 genuitac
1912 2084 2090 2142 ﬁliam

2201 2077 2285 2134 ἐπὶ
2317 2083 2387 2152 τῇ
2419 2077 2596 2154 λεπτῇ
2645 2085 2820 2137 κεῖται
2859 2083 3085 2139 Γενὲσει.
3138 2082 3241 2140 Καὶ
3291 2085 3321 2138 6
3349 2085 3531 2160 Ἀρὰμ
3560 2082 3619 2140 δὲ
3647 2085 3855 2161 ἀγόμε-

450 2173 759 2241 Melcham,
789 2190 918 2246 quas
946 2175 1198 2231 Nachori
1231 2174 1453 2247 nupsit.

520 2354 893 2411 Abrahamus
916 2355 1042 2425 jam
1073 2355 1515 2427 sexagenarius,
1557 2371 1694 2413 cum
1748 2354 1976 2411 videret
2031 2371 2093 2411 se

452 2443 757 2500 suadendo
786 2448 1016 2515 patrem
1048 2449 1411 2515 ceterosque
1431 2443 1790 2502 domesticos
1820 2461 1853 2500 a
1884 2460 2090 2516 super-

452 2533 680 2589 stitioso
711 2533 1169 2591 simulacrorum
1194 2532 1358 2587 cultu
1389 2531 1684 2589 deducere
1715 2551 1837 2589 non
1894 2550 2089 2605 posse,

450 2628 628 2678 noctu
645 2621 800 2678 clam
818 2621 1099 2679 omnibus
1112 2621 1316 2677 fanum
1330 2621 1787 2678 simulacrorum
1802 2621 2089 2680 incendit.

447 2713 586 2779 Quae
616 2727 751 2768 cum
782 2710 1453 2782 conﬂagrarent,fratres
1484 2728 1549 2767 re
1574 2711 1881 2768 intellecta
1909 2711 2093 2783 prosi-

2198 2190 2289 2232 νος
2318 2176 2551 2245 γυναῖκα
2579 2170 2826 2248 ἑγίννησε
2863 2172 2955 2228 τὸν
2984 2173 3131 2241 Λὼτ,
3188 2171 3454 2251 θυγατέρα
3506 2173 3563 2231 δὶ
3594 2174 3848 2251 Μελχὰν.

2197 2258 2415 2330 Ταύτην
2447 2261 2476 2315 6
2509 2261 2717 2335 Ναχὼρ
2749 2255 3018 2334 λαμϐάνει
3048 2267 3296 2339 γυναῖκα.

2269 2345 2412 2419 Ἤδη
2447 2344 2504 2403 δὲ
2533 2348 2823 2421 ἑξηκοστὺν
2880 2346 3001 2413 ἔτος
3060 2346 3208 2428 ἄγων
3236 2351 3265 2406 ὂ
3295 2345 3562 2426 Ἀϐραὰμ,
3621 2352 3698 2415 ὡς
3747 2354 3855 2409 οὐκ

2198 2434 2371 2492 ἐδόκει
2401 2437 2493 2492 τὸν
2524 2435 2730 2512 πατέρα
2757 2438 2961 2503 πείθειν
3017 2438 3107 2493 καὶ
3166 2438 3294 2500 τοὺς
3345 2437 3552 2500 ἄλλους
3612 2439 3848 2503 οἰκείους

2199 2532 2302 2595 τῆς
2324 2525 2448 2600 περὶ
2488 2527 2557 2581 τὰ
2587 2523 2789 2582 εἴδωδα
2846 2526 3181 2603 ἀποσχέσθαι
3235 2524 3683 2598 δεισιδαιμονίας,
3718 2528 3851 2584 λαν·

2201 2615 2347 2679 θάνει
2379 2616 2572 2678 νυκτὸς
2602 2621 2710 2671 τῶν
2770 2614 3016 2672 εῗδώλων
3078 2616 3362 2692 ἐμπρήσας
3414 2617 3505 2672 τὸν
3563 2619 3718 2673 οἷκον
3748 2617 3856 2674 Αὐ-

2199 2709 2308 2759 τῶν
2349 2701 2407 2759 δὲ
2437 2702 2878 2775 ἑξαναλουμένων
2925 2707 2977 2760 οἱ
3006 2703 3235 2785 ἀδελφοὶ
3293 2708 3582 2777 νοήσαντες
3637 2706 3854 2778 ἀναπη-

448 2804 779 2871 luerunt,ut
807 2819 878 2857 ex
909 2801 1104 2857 medio
1136 2803 1270 2873 igne
1301 2802 1622 2859 simulacra
1661 2803 2001 2873 eriperent;
2032 2809 2090 2858 et

2201 2791 2355 2864 δῶοι,
2392 2793 2723 2868 βουλόμενοι
2764 2793 2824 2849 ἐκ
2891 2796 3058 2868 μὲσου
3108 2799 3205 2850 τοῦ
3253 2795 3424 2869 πυρὸς
3484 2794 3754 2869 ἐξελέσθαι
3782 2797 3852 2850 τὰ

446 2893 698 2946 Aramus
726 2906 862 2945 cum
889 2905 1021 2946 eam
1045 2906 1169 2945 rem
1198 2889 1411 2960 majori
1435 2896 1651 2969 conatu
1686 2890 2086 2959 moliretur,in

442 2979 640 3036 medio
672 2979 948 3035 incendio
980 2978 1349 3050 periit.llunc
1380 2996 1516 3034 cum
1548 2984 1716 3051 pater
1742 2978 2087 3036 simulacro-

442 3086 575 3125 rum
605 3069 801 3140 opifex
832 3069 895 3123 in
929 3068 1041 3126 Ure
1071 3068 1345 3124 Chaldem
1374 3068 1631 3141 regionis
1666 3068 1811 3124 urbe
1833 3069 2086 3125 humas-

440 3158 696 3225 set,inde
717 3159 968 3215 Charras
980 3158 1416 3230 Mesopotamiae
1435 3158 1643 3215 urbem
1657 3159 2084 3227 commigravit.

441 3248 519 3301 Eo
554 3246 667 3302 loci
696 3246 1057 3315 Abrahamo,
1091 3263 1227 3302 cum
1268 3264 1375 3318 per
1412 3247 1755 3317 quindecim
1783 3263 1972 3302 annos
2026 3248 2086 3301 in

437 3335 667 3393 familia
696 3337 879 3408 patris
910 3337 1168 3403 vixisset,
1201 3342 1373 3392 nocte
1405 3337 1663 3408 quadam
1693 3337 1875 3392 subiit
1904 3354 1977 3392 ex
2006 3337 2087 3391 si-

444 3423 654 3479 derum
684 3430 846 3479 motu
878 3425 1250 3495 insequentis
1272 3426 1557 3497 temporis
1573 3431 1791 3481 statum
1815 3426 2087 3484 conside-

443 3512 821 3584 rare,quippe
834 3529 954 3568 non
974 3514 1351 3569 mediocriter
1372 3531 1609 3570 omnem
1622 3530 1752 3570 eam
1776 3515 2085 3571 scientiam

444 3601 631 3671 patris
643 3601 913 3657 doctrina
924 3608 1100 3673 atque
1115 3603 1536 3659 exercitatione
1552 3604 1775 3658 tenenti
1786 3604 1954 3676 .Ergo
1969 3605 2086 3660 sin-

443 3690 596 3762 gulis
627 3691 699 3746 de
730 3691 945 3762 quibus
977 3693 1279 3763 quaarebat
1317 3693 2083 3764 consideratis,supervaca-

442 3794 615 3836 neam
639 3797 768 3838 esse
787 3780 1119 3838 universam
1143 3782 1316 3838 istam
1338 3783 1738 3838 curiositatem
1759 3783 2083 3856 deprehen-

440 3869 547 3939 dit,
573 3871 672 3926 49
696 3870 855 3941 quod
878 3871 1032 3928 Deus
1049 3888 1155 3944 pro
1177 3889 1285 3927 sua
1310 3872 1608 3927 voluntate
1627 3873 1829 3928 omnia
1849 3889 1979 3943 quae
1998 3874 2082 3928 di-

423 3959 643 4016 vinatio
656 3961 1031 4032 prmdixisset
1043 3968 1267 4017 mutare
1282 3968 1495 4033 posset.
1506 3962 1711 4033 Itaque
1726 3963 1920 4018 hmcet
1931 3962 2079 4018 alias

421 4047 482 4102 id
512 4064 699 4121 genus
755 4066 848 4105 res
899 4051 1055 4104 serio
1097 4056 1272 4121 atque
1324 4056 1444 4104 toto
1494 4049 1669 4105 corde
1731 4050 2075 4121 repudians,

417 4137 863 4209 perfectamque
881 4144 1067 4194 Deum
1081 4138 1315 4193 colendi
1332 4139 1612 4209 pietatem
1633 4139 2072 4208 demonstrans,

412 4226 495 4279 ita
517 4232 605 4280 est
623 4242 657 4281 a
680 4227 797 4280 Deo
826 4226 1246 4298 compellatus:
1273 4248 1301 4275 «
1322 4226 1607 4297 Egredere
1633 4243 1703 4281 ex
1723 4232 1883 4282 terra
1902 4234 2001 4283 tua
2017 4234 2075 4282 et

413 4318 587 4383 gente
619 4318 719 4367 tua
740 4318 883 4368 etex
910 4314 1138 4370 familia
1156 4320 1315 4370 tua.»
1338 4315 1543 4385 Itaque
1563 4331 1698 4369 cum
1720 4332 1900 4370 uxore
1926 4316 2067 4372 Sara

2196 2879 2401 2938 εἴδωλα
2457 2880 2893 2957 Φιλοτιμότερον
2968 2882 3110 2939 δὶ⁶ὁ
3177 2886 3354 2959 Ἀρὰμ
3407 2886 3487 2957 τῷ
3570 2887 3848 2960 πράγματι

2193 2974 2635 3049 προσφερόμενος
2696 2972 2748 3028 ἐν
2838 2976 2988 3047 μὲσῳ
3063 2972 3428 3054 διαφθείρεται
3493 2978 3597 3029 τοῦ
3649 2974 3840 3047 πυρός.

2194 3061 2292 3116 Καὶ
2350 3061 2523 3136 θάψας
2567 3062 2729 3119 αὐτὸν
2764 3064 2792 3118 6
2820 3062 3266 3139 ἀγαλματοποιὸς
3324 3066 3506 3140 πατὴρ
3561 3064 3615 3120 ἐν
3647 3072 3742 3139 Ὠρ
3772 3068 3842 3138 τῇ

2193 3150 2354 3206 πόλει
2412 3149 2709 3209 Χαλδαίων
2766 3152 3143 3226 μενανίσταται
3190 3155 3280 3208 καὶ
3330 3155 3407 3217 εἷς
3466 3155 3682 3231 Χάρραν
3738 3161 3840 3223 τῆς

2146 3242 2164 3264 ⁴
2196 3243 2623 3317 Μεσοποταμίας
2674 3240 2917 3319 ἔρχεται.
2978 3246 3145 3309 Ἔνθα
3174 3245 3203 3299 6
3249 3240 3499 3320 Ἀϐρααμ
3555 3241 3842 3301 δεκαπέντε

2196 3328 2289 3402 ἔτη
2325 3336 2401 3404 νῷ
2431 3332 2594 3406 πατρῖ
2626 3335 2950 3403 συνοικήσας
2970 3332 3141 3391 ἰννοεῖ
3164 3355 3295 3389 πονε
3314 3335 3506 3396 νυκτὸς
3525 3334 3585 3389 ἐκ
3602 3342 3702 3404 τῆς
3731 3338 3841 3388 τῶν

2197 3418 2405 3494 ἄστρων
2461 3423 2726 3491 κινήσεως
2801 3426 2899 3477 τοῦ
2948 3422 3192 3485 ἐπιόντος
3246 3428 3439 3500 καιροῦ
3497 3425 3838 3497 κατασκέψα-

2196 3520 2317 3573 σθαι
2343 3511 2445 3578 τήν
2478 3510 2766 3581 ποιότητω
2787 3511 2854 3580 ἧν
2886 3511 2990 3586 γὰρ
3015 3513 3080 3566 ού
3115 3512 3351 3586 μετρίως
3384 3512 3488 3567 ὑπὸ
3507 3516 3607 3568 τοῦ
3636 3514 3844 3586 πατρὸς

2195 3598 2399 3653 ἅπασαν
2458 3601 2557 3669 τήν
2642 3600 2899 3670 τοιαύτην
2958 3600 3268 3671 ὲξασκηθεὶς
3326 3600 3679 3674 ἐπιστήμην.
3735 3602 3842 3658 Καὶ

2194 3686 2260 3758 δὴ
2321 3690 2455 3762 μετὰ
2509 3691 2608 3760 τήν
2666 3689 2892 3745 ἑκάστου
2950 3695 3061 3745 τῶν
3120 3691 3468 3764 ζητουμένων
3527 3688 3842 3766 διάγνωσιν,

2194 3779 2408 3850 συνίησι
2441 3780 2701 3853 περιττήν
2734 3779 2941 3834 ἅπασαν
2977 3780 3118 3835 εἶναι
3150 3780 3249 3848 τὴν
3306 3781 3567 3850 τοιαύτην
3619 3799 3841 3855 περιερ-

2190 3868 2333 3943 γίαψ
2403 3864 2655 3932 δύνασθαι
2715 3869 2818 3946 γὰρ
2872 3869 3024 3933 αὖθις
3079 3869 3176 3925 τὸν
3234 3870 3384 3935 Θεὸν,
3443 3869 3489 3924 εἰ
3547 3868 3836 3945 βούλοιτο,

2193 3956 2579 4029 μετασκευάσαι
2619 3956 2756 4031 πρὸς
2785 3958 2848 4012 τὸ
2892 3957 3092 4012 οἰκεῖον
3153 3955 3419 4032 βούλημα
3453 3958 3519 4013 τὰ
3548 3978 3834 4035 προεγνω-

2188 4047 2379 4118 σμίνα.
2431 4051 2598 4100 Πᾶσιν
2643 4047 2736 4100 οὖν
2773 4045 2991 4108 τούτοις
3018 4046 3107 4101 καὶ
3135 4051 3253 4107 τοῖς
3278 4046 3552 4108 τοιούτοις
3608 4047 3660 4119 ἑξ
3692 4045 3835 4117 ὅλης

2183 4133 2585 4208 ἀποταξάμενος
2637 4138 2822 4211 ψυχῆς
2879 4134 2971 4191 καὶ
3028 4132 3291 4205 σπουδῆς,
3334 4137 3423 4190 καὶ
3466 4133 3679 4192 τελείαν
3727 4143 3832 4206 τῆς

2182 4224 2307 4296 περὶ
2336 4223 2400 4278 τὸ
2430 4229 2583 4279 Θεῖον
2625 4219 2897 4286 εὐσεϐείας
2953 4221 3080 4286 δοὺς
3136 4225 3237 4293 τήν
3289 4222 3586 4295 ἀπόδειξιν,
3642 4223 3831 4281 ἀκούει

2180 4311 2325 4385 παρὰ
2353 4315 2449 4365 τοῦ
2500 4315 2656 4366 Θεοῦο
2693 4338 2715 4363 ι
2749 4312 2973 4385 Ἔξελθε
3002 4314 3062 4369 ἑκ
3116 4320 3218 4384 τῆς
3246 4317 3348 4390 γῆς
3382 4334 3476 4369 σου
3515 4313 3605 4369 καὶ
3636 4312 3696 4369 ἐκ
3726 4321 3828 4384 τῆς

412 4402 472 4451 et
490 4396 689 4453 fratris
704 4399 828 4453 filio
856 4400 993 4455 Loto
1012 4401 1072 4455 in
1094 4401 1428 4472 portionem
1448 4402 1839 4473 progenitoris
1857 4403 1945 4457 sui
1960 4405 2070 4458 Ar-

2201 4398 2489 4475 ωγγενείας
2527 4419 2623 4455 σου
2652 4399 2743 4455 καὶ
2802 4399 2862 4456 ἐκ
2887 4405 2987 4457 τοῦ
3020 4400 3174 4458 οἴκου
3229 4406 3326 4458 τοῦ
3382 4402 3589 4478 πατρός
3646 4422 3761 4459 σου.
3798 4426 3829 4456 n

406 4484 669 4557 phaxadi
692 4488 1247 4561 commigravit,qua
1262 4489 1432 4560 potiti
1454 4496 1578 4545 tum
1602 4491 1922 4547 Chananaai
1936 4509 2066 4548 eam

2201 4489 2281 4543 (ai
2338 4485 2569 4558 ἐξελθὼν
2628 4488 2741 4562 ἅμα
2795 4493 2865 4564 τῇ
2924 4490 3138 4567 γυναικὶ
3194 4489 3378 4566 Σάρῥᾳ
3431 4491 3522 4546 καὶ
3566 4490 3692 4547 Λὼτ
3747 4495 3831 4563 τῷ

408 4578 633 4631 terram
650 4576 983 4633 Chananaao
992 4594 1121 4633 rum
1133 4577 1879 4647 denominaverunt,annos
1894 4587 2067 4637 natus

2201 4573 2452 4654 ,δελφιδῷ
2485 4578 2847 4652 μετοικίζεται
2889 4579 2966 4641 εἰς
2995 4584 3093 4648 τήν
3152 4578 3419 4660 Ἀρφαξαδ
3474 4585 3573 4636 τοῦ
3619 4581 3830 4655 πατρὸς

413 4668 503 4736 '75,
529 4683 685 4723 anno
716 4666 925 4722 mundi
957 4669 1120 4724 3387.
1152 4667 1524 4724 Abrahamus
1555 4686 1691 4741 ergo
1726 4670 2062 4726 Sichemum

2203 4664 2336 4721 ύτού
2371 4664 2584 4741 μερίδα,
2616 4669 2682 4739 ἢν
2713 4667 2765 4723 οῐ
2797 4673 3086 4724 Χαναναῖοι
3116 4669 3480 4749 κατασχόντες
3510 4676 3614 4747 γῆν
3635 4671 3784 4727 Χανα
3803 4702 3820 4713 ο

419 4761 485 4812 ut
514 4757 695 4825 venit,
728 4757 993 4813 monitus
1024 4757 1289 4823 oraculo,
1322 4758 1506 4814 altare
1560 4759 1716 4815 inter
1754 4760 2060 4817 Betbelam

2201 4757 2329 4812 αίων
2373 4758 2840 4832 προσηγόρευσαν,
2898 4756 2973 4813 ὢν
3024 4759 3158 4815 ἑτῶν
3191 4767 3280 4815 os"
3339 4763 3436 4816 τοῦ
3496 4757 3555 4814 δὲ
3609 4760 3823 4833 κόσμου

402 4851 462 4901 et
490 4849 767 4919 Angaaam
817 4848 1128 4903 exstruxit.
1162 4846 1302 4902 lude
1361 4848 1658 4919 Euphrate
1706 4850 2057 4906 transmisso

2203 4870 2228 4901 ν
2286 4845 2406 4910 ἔτος
2459 4847 2877 4925 τρισχιλιοστὸν
2957 4852 3369 4927 τριακοσιοστὸν
3454 4847 3823 4928 ὀγδοηκοστὸν

402 4934 784 4993 Hebraeorum
803 4941 1266 5007 cognomentum
1287 4952 1423 4990 cum
1446 4936 1570 4992 suis
1590 4937 1817 4992 invenit
1835 4939 2000 5008 (nam
2018 4954 2054 4994 a

2201 4931 2420 5010 ϐδομον.
2455 4936 2662 4993 Ἐλθὼν
2706 4935 2762 4995 δὲ
2791 4934 3050 5014 Ἀϐραὰμ
3108 4940 3185 5003 εἷς
3242 4941 3434 5017 Συχὲμ
3488 4941 3626 4997 κατὰ
3671 4943 3820 4996 θεῖον

1606 5025 1972 5084 XYLANDRI
2012 5029 2098 5083 ET
2135 5029 2351 5085 GOARI
2393 5029 2611 5087 ΝΟΤᾸΞ.

472 5117 587 5186 (39)
622 5118 687 5171 In
718 5122 923 5173 nostro
957 5115 1161 5172 codice
1195 5115 1478 5171 scribitur
1507 5114 1797 5190 θυγατρός,
1831 5122 1891 5172 et
1916 5123 2090 5173 annol

2201 5135 2239 5173 .r
2269 5134 2537 5190 superum
2568 5116 2818 5193 γυναικός
2843 5139 2857 5186 ;
2892 5119 3051 5189 quod
3082 5124 3319 5176 secutus
3347 5138 3502 5191 sum,
3535 5126 3821 5178 contextu

400 5202 795 5269 approbante.

1264 5239 1495 5296 Nachor
1514 5239 1805 5296 Abramus

1509 5315 1811 5424 __'mm
2032 5348 2406 5405 Abrahamus
2436 5348 2639 5406 Tharm
2670 5353 2728 5404 et

1287 5383 1817 5492 “mit—Ed“
2031 5383 2587 5492 ἕὲἰιιίἒέἷῗέὃὲἒῖ.

1058 5696 1063 5703 ,
1358 5621 1671 5690 Abramus,
1706 5622 1850 5695 quid
1879 5622 2095 5681 deinde
2124 5624 2495 5680 Abrahamus
2530 5641 2545 5691 ;

397 5725 578 5784 quam
610 5708 1013 5767 diversitatem
1044 5712 1136 5767 vel
1164 5712 1464 5769 Cedrenus
1497 5713 1585 5770 vel
1606 5712 1886 5771 librarius
1916 5712 2195 5785 neglexit,
2228 5712 2542 5785 diligenter
2570 5729 2604 5768 ι
2633 5713 2790 5770 Moss
2820 5720 3185 5775 annotatam.
3217 5717 3351 5773 Χνε.
