4156 6188
276 387 352 445 ’Π
1429 382 1939 446 HISTORIARUI

2051 382 2430 444 IOMPENDI
2444 383 2580 446 UM.
3622 390 3702 451 78

277 524 545 599 χρησμὸν
580 519 912 595 ᾠκοδόμησε
936 524 1318 597 θυσιαστήριον
1379 522 1478 576 ἀνὰ
1524 523 1683 594 μέσον
1727 520 1939 590 Βαιθὴλ

2054 523 2416 579 transeundo
2438 522 2667 579 Hebrtsi
2687 523 3356 598 dicuntur),quanquam
3373 525 3447 585 ad
3466 526 3693 584 Hebero

276 612 615 690 καὶἈγγαί.
652 613 987 687 Διαπεράσας
1018 610 1078 668 δὲ
1131 615 1223 668 τὸν
1285 613 1570 690 Εὐφράτην
1625 614 1724 681 τήν
1773 632 1948 687 προσ-

278 704 530 776 ωνυμίαν
556 697 789 757 ἔλαϐεν
824 697 1068 778 Ἑϐραῖοι
1100 703 1203 778 γὰρ
1233 708 1457 775 περᾶται
1490 700 1767 776 λεγονται.
1800 703 1867 760 Οἱ
1890 699 1947 758 δὲ

285 793 399 847 ἀπὸ
426 787 590 867 Ἔϐερ
625 790 888 867 λέγουσιν
920 790 1118 854 αὐτοὺς
1147 789 1427 847 καλεῖσθαι
1478 786 1783 865 Ἐϐραίους.
1843 792 1943 848 Καὶ

286 887 371 952 τῷ
430 889 514 937 πα¹
565 876 673 937 ἔτει
713 881 915 949 αὐτοῦ,
974 881 1099 951 ἢτοι
1153 885 1234 954 τῷ
1292 882 1334 950 ζ’
1363 874 1468 936 ἔτει
1497 881 1611 953 (40)
1639 887 1739 950 τῆς
1782 880 1947 935 αὐτοῦ

288 970 603 1047 παροικίας,
636 969 906 1040 κατῆλθεν
946 971 1022 1031 εἷς
1050 968 1319 1045 Αἴγυπτον
1352 970 1486 1043 μετά
1534 968 1768 1046 Σάρρας.

356 1059 585 1115 Τούτοις
615 1065 734 1121 τοῖς
767 1060 992 1135 χρόνοις
1020 1060 1230 1133 ἤκμασε
1284 1056 1650 1135 Μελχισεδὶκ,
1682 1058 1948 1134 παρθένος

279 1150 461 1224 ἱερεὺς
493 1148 951 1225 ἀγενεαλόγητος,
1015 1149 1066 1203 ὲν
1119 1147 1267 1222 ἄρτῳ
1322 1149 1412 1203 καὶ
1471 1146 1603 1218 οἴνῳ
1652 1154 1948 1223 προτυπῶν

277 1241 383 1308 τήν
444 1238 783 1313 ἀναίμακτον
869 1238 1054 1294 θυσίαν
1111 1241 1350 1314 Χριστοῦ
1413 1244 1512 1294 τοῦ
1566 1243 1705 1295 Θεοῦ
1763 1242 1947 1312 ἡμῶν.

279 1330 407 1390 Υἱὸς
441 1325 501 1382 δὲ
547 1330 614 1397 ἦν
645 1328 674 1382 6
716 1325 1063 1385 Μελχισεδὶκ
1120 1325 1285 1383 Σίδου
1336 1327 1627 1402 βασιλέως,
1683 1328 1807 1382 υἱοῦ
1852 1327 1946 1402 Al:

278 1415 522 1493 γόπτου,
554 1416 617 1478 ’ὀς
647 1415 737 1471 καὶ
767 1415 940 1486 κτίζει
969 1413 1184 1471 Σιδῶνα
1212 1399 1400 1474 πόλιν.
1461 1415 1716 1492 Ἀπάτωρ
1773 1414 1830 1471 δὶ
1857 1399 1947 1471 καὶ

280 1504 525 1579 ἀμήτωρ
575 1506 665 1560 καὶ
726 1504 1163 1580 ἀγενεαλόγητος
1222 1503 1437 1579 λέγεται
1497 1503 1585 1559 διά
1639 1505 1703 1560 τὸ
1763 1508 1837 1577 μὴ
1898 1505 1949 1576 ἐξ

282 1590 605 1662 Ἰουδαϊκῆς
632 1599 834 1668 γενεᾶς
888 1594 1213 1671 κατάγεσθαι
1272 1594 1361 1649 καί
1416 1591 1505 1649 διὰ
1536 1595 1599 1649 τὸ
1628 1595 1753 1656 τοὺς
1778 1600 1949 1671 γονεῖς

278 1683 456 1737 αὐτοῦ
520 1682 797 1757 πονηροὺς
857 1679 1016 1744 ὄντας
1079 1685 1155 1757 μή
1214 1683 1559 1759 ἀριθμεῖσθαι
1601 1684 1739 1756 μετά
1767 1683 1928 1738 ὁσίων

277 1773 372 1826 καὶ
405 1772 487 1827 ὅτι
519 1778 629 1827 τῶν
668 1743 999 1828 ’Χαναναίων
1032 1743 1220 1848 ἃρχιὺν
1403 1743 1771 1846 Ἰερουσαλὴμ
1825 1743 1949 1827 ἔϐαἶ

2052 611 2153 667 alii
2172 612 2232 667 id
2246 629 2466 667 nomen
2481 612 2804 668 deductum
2818 614 3273 671 sentiant.Anno
3287 617 3476 672 astatis
3492 634 3613 672 sua)
3629 618 3691 670 81

2051 717 2157 757 seu
2185 701 2683 773 peregrinationis
2713 702 2990 773 septimo,
3022 703 3081 757 in
3112 705 3420 775 :Egyptum
3444 722 3580 762 cum
3604 706 3701 761 Sa-

2052 807 2118 846 ra
2146 789 2473 845 descendit.

2122 973 2350 1028 Floruit
2366 989 2438 1028 eo
2460 977 2729 1045 tempore
2751 972 3476 1044 Melchisedecus,cmlebs,
3502 991 3698 1031 sacer-

2051 1062 2159 1117 dos
2173 1068 2231 1117 et
2243 1061 2456 1134 ignotae
2470 1062 2800 1134 stirpis,qui
2814 1062 3174 1119 incruentam
3185 1063 3472 1119 victimam
3481 1064 3700 1120 Christi

2053 1150 2155 1205 Dei
2173 1151 2362 1206 nostri
2381 1166 2533 1221 pane
2547 1155 2605 1205 et
2622 1151 2755 1205 vino
2760 1150 2783 1221 j
2793 1166 2887 1205 am
2908 1155 3033 1206 tum
3055 1152 3697 1223 repraesentabatﬁane

2054 1241 2105 1295 is
2118 1238 2278 1295 ﬁlius
2290 1238 2401 1295 fuit
2416 1239 2566 1295 Sidae
2584 1239 2760 1311 regis,
2787 1239 2892 1294 ﬁlii
2909 1240 3157 1311 Egypti,
3181 1240 3283 1310 qui
3298 1239 3582 1296 Sidonem
3604 1258 3698 1297 ex-

2053 1330 2287 1396 struxit;
2307 1330 2413 1386 sed
2434 1336 2599 1402 patre
2616 1347 2684 1386 ac
2696 1336 2884 1387 matre
2903 1347 3105 1386 carere
3118 1331 3479 1403 incertaeque
3497 1331 3699 1404 stirpis

2053 1422 2292 1487 dicitur,
2325 1422 2484 1494 quod
2513 1438 2699 1494 genus
2731 1438 2905 1478 suum
2938 1440 2972 1478 a
2997 1422 3216 1478 ludatis
3242 1438 3363 1478 non
3393 1422 3578 1489 duxit,
3638 1427 3699 1477 et

2056 1512 2195 1582 quia
2227 1517 2503 1583 parentes
2534 1512 2964 1584 ejus,homines
2992 1511 3299 1580 mali,cum
3321 1510 3437 1582 piis
3465 1526 3587 1565 non
3611 1527 3700 1565 re.

2056 1606 2525 1666 censentur;tum
2540 1601 2697 1672 quod
2709 1601 3058 1657 Chananaais
3070 1600 3698 1672 imperanslerusalem

2056 1706 2235 1762 regno
2268 1690 2543 1745 tenebat:
2567 1689 2786 1745 melchi
2809 1691 2968 1745 enim
2990 1689 3391 1762 regem,sedec
3399 1688 3695 1760 justitiam

2057 1780 2704 1853 significatlerusalem
2721 1780 2885 1835 urbis
2908 1796 3126 1836 nomen
3144 1786 3251 1848 est,
3271 1795 3406 1834 cum
3425 1778 3526 1834 δυ
3555 1783 3696 1834 ante

293 1860 495 1917 σίλευεο
557 1860 735 1937 μελχὶ
778 1864 882 1937 γάρ
937 1861 1193 1936 βασιλεὺς
1243 1862 1620 1937 ἑρμηνεύεται,
1695 1859 1842 1923 σεδὶς
1894 1858 1939 1916 δῖ

2056 1867 2234 1922 Jebus
2263 1868 2668 1939 appellaretur
2695 1867 2768 1922 ab
2801 1867 3200 1924 incolentibus
3232 1882 3361 1922 eam
3391 1866 3693 1922 Jebusseis.

282 1948 1032 2028 δικαιοσύνῃἹερουσαλῆμ
1089 1948 1144 2005 δὲ
1198 1952 1287 2006 καὶ
1337 1952 1371 2020 ἠ
1431 1949 1594 2012 πόλις
1625 1951 1938 2025 ὠνομάσθη,

280 2041 477 2113 πρῴην
506 2035 714 2103 Ἰεϐοῦς
749 2042 833 2114 [Ρ.
866 2042 982 2116 28].
1017 2039 1288 2114 λεγομένη
1322 2038 1410 2094 διὰ
1463 2041 1525 2095 τὸ
1578 2035 1939 2103 Ἰεϐουσαίους

276 2128 447 2183 οἰκεῖν
484 2128 537 2183 ἐν
570 2128 729 2203 αὐτῇ.
757 2129 835 2185 Τὸ
869 2128 972 2205 γάρ
1003 2123 1211 2192 Ἱεϐοῦς
1238 2129 1372 2183 κατά
1427 2131 1639 2203 τροπὴν
1668 2134 1764 2184 τοῦ
1796 2132 1827 2206 β
1862 2129 1936 2191 εἷς

281 2239 309 2291 ρ
334 2219 550 2293 γίνεται
582 2219 772 2293 Ἱεροῦ
799 2218 861 2272 τὸ
894 2215 953 2273 δὲ
1012 2218 1202 2290 σαλὴμ
1255 2214 1679 2294 προστιθέμενον
1735 2221 1936 2293 Ἰερου-

281 2306 476 2380 σαλήμ
509 2304 688 2381 ὄνομα
718 2307 994 2363 ἀποτελεῖ.
1032 2306 1236 2381 Σαλήμ
1264 2309 1370 2385 γάρ
1403 2307 1623 2383 εἰρήνην
1658 2310 1935 2383 σημαίνει.

282 2398 462 2453 Τοῦτο
496 2394 555 2451 δὲ
585 2396 881 2470 ὠνομάσθη
912 2396 949 2467 ἤ
981 2394 1069 2451 διά
1124 2396 1187 2451 τὸ
1240 2397 1333 2453 τὸν
1387 2396 1735 2474 Μελχισεδὲκ
1789 2401 1936 2475 ἱερα-

276 2486 451 2541 τεύειν
483 2490 604 2558 Θεῷ
636 2484 688 2540 έν
719 2485 879 2561 αὐτῇ,
908 2483 945 2554 ἤ
1007 2483 1095 2541 διά
1151 2487 1214 2542 τὸ
1270 2487 1417 2563 ἱερὸν
1448 2487 1587 2543 εἶναι
1645 2493 1743 2543 τοῦ
1800 2493 1936 2544 Θεοῦ

281 2575 422 2629 κατά
450 2573 649 2630 τόπον.’
670 2576 846 2630 Τοῦτο
878 2572 936 2630 δὶ
981 2574 1071 2629 καὶ
1131 2574 1218 2630 ἐπὶ
1278 2580 1374 2631 τοῦ
1414 2574 1689 2651 Ἰορδάνου
1722 2577 1934 2654 γέγονε’

284 2660 384 2717 δύο
409 2666 514 2738 γὰρ
544 2664 787 2737 ποταμοὶ
809 2665 839 2718 ὃ
873 2685 930 2719 τε
961 2665 1065 2739 Ἰὸρ
1097 2665 1186 2719 καὶ
1244 2667 1272 2720 6
1330 2666 1431 2721 Δᾶν
1464 2666 1790 2743 μιγνύμενοι
1844 2667 1935 2722 καὶ

281 2750 373 2806 ἕνα
403 2756 642 2826 ποταμὸν
676 2752 1069 2816 ἀποτελοῦντες
1128 2755 1219 2810 καὶ
1274 2755 1369 2817 τάς
1427 2754 1741 2830 ἐπωνυμίας
1782 2756 1935 2826 ἤνω-

288 2861 407 2898 σαν.
446 2841 594 2896 Ἐπεὶ
631 2838 688 2896 6‘s
712 2841 823 2896 ἀπὸ
853 2840 1151 2916 ἀλλοτρίου
1190 2836 1372 2905 ἔθνους
1404 2843 1492 2897 καὶ
1526 2844 1629 2898 οὐκ
1676 2844 1784 2899 ἀπὸ
1837 2848 1936 2899 τοῦ

284 2923 553 3003 ’Δϐραάμ
610 2930 639 2984 6
692 2927 1036 3005 Μελχισεδὲκ
1092 2931 1401 3006 κατάγεται,
1459 2932 1561 2987 οὐκ
1615 2930 1818 3012 ἐγράφη
1880 2932 1937 2989 δὲ

285 3016 419 3075 πότε
447 3018 715 3094 ἐγεννήθη
744 3023 833 3077 καὶ
866 3022 974 3076 ἀπὸ
1004 3022 1166 3077 ποίου
1222 3023 1426 3097 πατρὸς
1483 3024 1570 3078 καὶ
1636 3025 1842 3099 μητρὸς
1897 3023 1933 3094 ἤ

276 3108 411 3163 πότε
438 3109 694 3177 ἀπέθανε,
726 3107 950 3173 δικαίως
981 3112 1042 3166 ἄν
1096 3110 1314 3187 λέγοιτο
1372 3114 1511 3184 μήτε
1561 3113 1741 3189 ἀρχὴν
1796 3117 1933 3188 ἡμε-

2054 1958 2198 2013 Nam
2227 1958 2268 2011 Β
2295 1957 2355 2011 in
2390 1959 2432 2012 Β
2464 1962 2689 2012 mutato
2725 1974 2793 2012 ex
2822 1955 2967 2012 Jebu
2999 1956 3064 2011 fit
3092 1958 3229 2010 Jeru
3256 1973 3270 2021 ;
3302 1955 3395 2010 cui
3425 1953 3693 2010 additum

2051 2044 2236 2101 salem
2266 2043 2589 2101 Jerusalem
2622 2044 2890 2101 absolvit.
2925 2046 3022 2101 Est
3078 2050 3275 2100 autem
3307 2043 3491 2098 salem
3542 2059 3691 2114 pax;

2050 2134 2228 2207 idque
2259 2151 2478 2191 nomen
2509 2135 2639 2190 loco
2658 2135 2892 2207 obtigit,
2918 2134 3012 2189 vel
3045 2135 3203 2205 quod
3232 2130 3694 2189 Melchisedecus

2050 2225 2168 2279 Deo
2200 2224 2279 2279 ibi
2310 2224 2701 2301 sacrificabat,
2732 2224 2821 2279 vel
2853 2223 3012 2294 quod
3044 2223 3124 2277 ibi
3156 2223 3359 2278 fanum
3409 2222 3512 2277 Dei
3544 2227 3690 2277 erat.

2048 2313 2265 2370 Eodem
2289 2314 2467 2370 modo
2486 2314 2726 2370 Jordani
2754 2329 2973 2369 nomen
3000 2320 3090 2367 est
3110 2312 3331 2368 factum
3358 2328 3370 2366 :
3394 2311 3510 2366 duo
3534 2311 3694 2366 enim

2048 2420 2255 2459 amnes
2284 2406 2379 2459 lor
2406 2411 2467 2459 et
2506 2406 2629 2459 Dan
2683 2403 3051 2458 confluentes
3083 2418 3388 2471 unumque
3446 2400 3691 2455 fluvium

2046 2493 2365 2550 reddentes
2396 2510 2881 2564 nomen,quoque
2913 2494 2964 2547 ei
2994 2494 3117 2547 suis
3148 2493 3207 2546 in
3237 2507 3423 2546 unum
3453 2506 3692 2561 compo-

2049 2583 2178 2640 sitis
2208 2583 2518 2638 dederunt.
2552 2582 2840 2648 Quoniam
2880 2598 3013 2636 vero
3058 2578 3520 2634 Melchisedecus
3572 2593 3691 2631 non

2047 2672 2497 2731 Abrahami.sed
2528 2672 2727 2727 aliena
2747 2668 2977 2726 familia
2996 2676 3161 2724 ortus
3190 2669 3522 2738 fuit,neque
3552 2666 3692 2722 scri-

2045 2767 2213 2834 ptum
2244 2768 2334 2817 est
2364 2761 2749 2833 quando,quo
2780 2766 2969 2832 patre,
3001 2776 3119 2830 qua
3149 2764 3339 2814 matre
3371 2763 3567 2824 natus,
3590 2761 3691 2811 aut

2048 2850 2284 2921 quando
2315 2856 2586 2907 mortuus
2616 2851 2712 2915 sit,
2746 2856 2905 2905 recte
2936 2848 3053 2903 dici
3083 2848 3270 2919 possit
3300 2862 3437 2902 eum
3493 2861 3689 2916 neque

2048 2939 2284 2994 initium
2318 2940 2549 2997 dierum
2578 2955 2773 3009 neque
2802 2937 2982 2994 finem
3013 2937 3144 2992 vitae
3174 2936 3418 3001 habere,
3451 2950 3588 2990 cum
3619 2949 3690 2988 ex

2046 3046 2167 3084 non
2199 3028 2680 3084 commemoratis
2710 3027 2985 3099 gentibus
3017 3026 3131 3082 orti
3161 3041 3348 3098 genus
3386 3021 3688 3080 recenseri

2045 3120 2396 3192 nequiverit.

274 3202 381 3271 ρῶν
419 3201 564 3271 μήτε
596 3205 740 3269 ζωῆς
770 3198 929 3263 τέλος
955 3196 1104 3276 ἔχειν
1135 3200 1316 3257 αὐτόν’
1347 3200 1409 3257 οὐ
1440 3201 1546 3278 γὰρ
1573 3200 1811 3271 ἠδύνατο
1842 3204 2327 3282 γενεαλογηθῆναι,
2358 3205 2419 3261 ἐκ
2446 3211 2554 3261 τῶν
2592 3202 3062 3283 παραλειφθέντων
3097 3201 3265 3267 έθνῶν
3296 3201 3684 3276 καταγόμενος,

341 3289 441 3359 Τῷ
488 3285 548 3342 δὲ
603 3290 691 3352 πς⁸
747 3285 851 3344 ἔτει
905 3293 1006 3344 τοῦ
1065 3283 1319 3364 Ἀϐραὰμ
1364 3286 1541 3344 ἓτεκεν
1609 3291 1788 3367 Ἀγαρ
1837 3289 1929 3346 τὸν

2118 3300 2287 3352 Anno
2318 3297 2638 3354 Abrahami
2669 3298 2757 3362 86,
2782 3295 2989 3351 mundi
3022 3294 3339 3365 3398,Agar
3366 3290 3685 3347 Ismaelum

276 3375 536 3448 Ἱσμαήλ·
579 3381 677 3431 τοῦ
710 3374 768 3431 δὲ
802 3377 1016 3451 κόσμου
1040 3378 1110 3447 ἦν
1142 3374 1260 3439 ἔτος
1308 3378 1495 3456 ,γτιιηκ
1531 3381 1625 3433 Καὶ
1659 3382 1766 3455 πῦρ
1796 3381 1933 3435 κατὰ

279 3471 382 3532 τῆς
415 3462 806 3526 Πενταπόλεως
858 3463 1051 3535 ὑετίζει
1084 3465 1236 3534 Θεὸς,
1293 3465 1383 3520 καὶ
1416 3465 1694 3522 ἀναλίσκει
1733 3467 1828 3542 μὲν
1882 3467 1932 3538 ἐξ

280 3552 453 3621 αὐτῆς
488 3554 627 3608 ’ἀτταν
658 3554 720 3608 τὸ
769 3555 924 3628 γένος
982 3559 1090 3609 τῶν
1143 3555 1463 3629 ἀνθρώπων,
1522 3553 1818 3636 διαφθείρει
1878 3556 1936 3613 δὲ

276 3644 368 3697 καὶ
402 3642 537 3698 αὐτὸ
566 3641 630 3697 τό
663 3641 951 3717 ἀνάστημα
979 3650 1081 3713 τῆς
1129 3650 1253 3720 γῆς,
1286 3645 1375 3699 καὶ
1413 3651 1514 3715 τῆς
1572 3649 1937 3721 προκειμένης

275 3730 563 3801 θαλάσσης
594 3736 879 3805 νεκροῦται
935 3731 1001 3786 τά
1040 3729 1228 3787 ὕδατα.
1263 3734 1415 3790 Μετά
1466 3738 1636 3790 ταῦτα
1671 3742 1771 3805 τῆς
1802 3735 1938 3791 κατά

273 3815 528 3895 Μαμϐρῆ
566 3817 730 3895 δρυὸς
759 3821 1071 3885 ἀπαναστὰς
1129 3823 1158 3876 6
1213 3816 1462 3896 Ἀϐραὰμ
1520 3823 1607 3878 ἐπὶ
1659 3826 1721 3879 τὸ
1769 3824 1935 3900 φρέαρ

274 3914 622 3979 κατασκηνοῖ
648 3913 747 3964 τοῦ
774 3908 964 3981 ὅρκου.
995 3911 1206 3983 Ἑαυτῷ
1235 3906 1292 3965 δὲ
1351 3908 1460 3982 ἰδίᾳ
1514 3911 1603 3966 καὶ
1642 3918 1760 3975 τοῖς
1793 3913 1937 3967 οἰκέ-

278 4018 402 4061 ταις
430 3999 604 4053 αὖτοῦ
632 3997 769 4053 κατά
799 3999 1108 4073 συγγενείας
1164 4000 1475 4074 πηξάμενος
1534 4002 1759 4070 σκηνὰς,
1815 4002 1939 4056 τότε

278 4091 504 4161 πρῶτον
559 4082 816 4161 Ἀϐραὰμ
889 4090 989 4157 τῆς
1042 4090 1419 4166 σκηνοπηγίας
1457 4087 1548 4144 ἐπὶ
1607 4090 1743 4146 ἒπτά
1798 4091 1937 4163 ἠμέ-

289 4197 387 4249 ρας
411 4174 661 4231 ’ἒπιτελεῖ
707 4176 808 4245 τὴν
841 4177 1059 4253 ἑορτὴν,
1109 4176 1177 4247 ἣν
1229 4176 1389 4232 εἰσέτι
1441 4177 1529 4233 καὶ
1589 4181 1676 4232 νῦν
1719 4179 1747 4233 6
1798 4180 1940 4236 Ἰου-

279 4263 439 4329 δαῖος
503 4265 750 4340 ἑορτάζει
808 4271 1195 4343 σκηνοπηγῶν.
1258 4268 1350 4323 Ἐκ
1402 4271 1536 4344 γοῦν
1580 4272 1677 4323 τοῦ
1706 4265 1938 4341 Ἰσμαήλ

276 4353 641 4428 Ἰσμαηλῖται
674 4356 728 4410 οἱ
778 4357 1089 4430 Σαρακηνοὶ
1148 4355 1529 4428 ὀνομάζονται.
1589 4358 1941 4432 Σαρακηνοὺς

279 4441 342 4501 δὲ
427 4444 660 4507 ἑαυτοὺς
754 4446 1181 4518 μετωνόμασαν,
1233 4446 1580 4518 ἀπαξιοῦντες
1658 4445 1943 4504 καλεῖσθαι

272 4530 557 4595 δουλικῶς
619 4534 943 4608 Ἀγαρηνοί’
1003 4534 1055 4588 οἱ
1113 4529 1172 4588 δέ
1218 4554 1379 4611 φασιν
1436 4535 1519 4589 ὅτι
1580 4533 1763 4612 Σαῤῥα
1840 4538 1941 4606 τήν

268 4625 452 4699 Ἀγαρ
505 4624 667 4693 κενὴν
728 4622 1075 4694 ἱξαπέστειλε
1146 4622 1546 4697 κληρονομίας.
1599 4628 1945 4700 Παροικήσας

276 4710 336 4770 δὶ
367 4713 421 4768 έν
457 4714 725 4792 Γεράφοις
755 4716 890 4787 (41),
951 4714 1051 4783 τήν
1082 4717 1174 4767 νῦν
1231 4712 1553 4769 ’Δσκάλωνα
1606 4712 1934 4789 λεγομένην,

277 4805 419 4877 μετά
442 4805 547 4874 τήν
577 4810 675 4874 τῆς
706 4803 917 4880 Σάῤῥας
947 4802 1206 4874 τελευτήν
1260 4798 1426 4859 ἔλαϐε
1482 4806 1583 4874 τὴν
1633 4810 1933 4881 Χεττοῦραν

2036 3385 2288 3458 peperit.
2310 3386 2469 3441 Tunc
2495 3385 2735 3458 igneum
2766 3383 3019 3440 imbrem
3053 3380 3359 3451 Pentapoli
3390 3379 3544 3434 Deus
3574 3377 3682 3432 im-

2039 3474 2225 3541 misit,
2283 3475 2676 3545 universoque
2732 3473 2813 3530 ibi
2846 3471 3040 3529 deleto
3107 3470 3416 3526 hominum
3468 3483 3684 3541 genere

2041 3562 2196 3633 ipsas
2228 3564 2406 3618 etiam
2438 3563 2617 3617 urbes
2648 3562 2775 3618 sola
2806 3560 3300 3632 complanavit,ac
3331 3557 3513 3612 maris
3543 3556 3682 3611 vici-

2038 3651 2098 3704 ni
2132 3667 2315 3721 aquas
2340 3651 2777 3707 enecavit.lnde
2799 3667 2835 3705 a
2859 3665 3084 3721 quercu
3106 3665 3237 3719 quaa
3258 3647 3332 3703 ad
3361 3645 3684 3702 Mambrem

2039 3745 2165 3794 erat
2196 3740 2493 3811 digressus
2522 3739 2893 3794 Abrahamus
2921 3738 2993 3793 ad
3022 3742 3266 3810 puteum
3282 3731 3682 3808 jurisjurandi

2044 3829 2494 3885 tabernaculum
2530 3830 2695 3895 fixit;
2724 3827 3286 3898 cumque_seorsim
3337 3825 3472 3893 sibi,
3519 3840 3683 3878 seor-

2040 3916 2153 3972 sim
2187 3917 2370 3973 servis
2419 3934 2526 3989 per
2554 3916 2809 3972 familias
2860 3914 3245 3970 exstruxisset
3291 3927 3478 3979 casas,
3541 3916 3682 3965 tunc

2041 4006 2297 4077 primum
2317 4011 2542 4077 septem
2565 4004 2691 4061 dies
2712 4003 2785 4059 ob
2808 4002 3193 4059 tabernacula
3214 4001 3331 4055 ﬁxa
3351 4000 3530 4055 festos
3543 3996 3682 4070 egit,

2043 4094 2200 4166 quod
2220 4095 2414 4150 adhuc
2433 4094 2651 4150 Iudaeis
2675 4099 2763 4150 est
2783 4093 3068 4149 solemne.
3086 4090 3173 4146 Ab
3189 4087 3441 4145 lsmaelo
3462 4088 3683 4142 lsmae—

2042 4184 2163 4239 litze
2194 4184 2495 4254 dicuntur,
2520 4183 2821 4254 iidemque
2851 4181 3147 4238 Saraceni.
3173 4180 3292 4235 Hoc
3317 4192 3537 4233 nomen
3570 4174 3684 4231 sibi

2044 4280 2589 4346 sumpserunt,cum
2614 4272 2687 4328 ab
2715 4269 3195 4343 ancillaAgareni
3217 4266 3505 4341 appellari
3537 4263 3688 4320 indi-

2044 4363 2511 4436 gnarentur.Alii
2526 4361 2917 4433 dicunt,quod
2932 4362 3073 4416 Sara
3083 4362 3335 4433 Agaram
3351 4358 3445 4415 5|
3465 4354 3687 4426 absque

2045 4453 2170 4508 ulla
2200 4453 2544 4510 haereditate
2574 4451 3003 4509 amandaverit.
3052 4451 3265 4505 Postea
3319 4444 3689 4503 Abrahamus

2047 4542 2439 4614 Geraris,qua3
2465 4559 2623 4598 nunc
2640 4541 2895 4597 Ascalon
2914 4540 3155 4605 dicitur,
3168 4537 3531 4609 inquilinum
3550 4534 3688 4607 egit,

2051 4637 2108 4684 et
2137 4648 2172 4686 a
2200 4638 2390 4687 morte
2423 4632 2581 4687 Seras
2639 4632 2955 4687 Cheturam
2986 4644 3232 4685 uxorem
3290 4640 3474 4681 senex
3505 4622 3691 4688 ducit,

2047 4736 2117 4775 ex
2147 4736 2265 4791 qua
2296 4720 2451 4776 filios
2481 4720 2689 4776 habuit
2718 4717 3364 4791 quinqua,Zembriam,
3388 4714 3689 4779 lexanum,

2046 4810 2400 4877 Madamum,
2434 4809 2789 4865 Madiamum
2821 4825 2888 4864 ac
2914 4806 3265 4864 lesbonem.‘

274 4892 351 4955 εἰς
372 4898 625 4967 γυναῖκα,
657 4892 708 4946 έν
748 4897 826 4964 τῷ
854 4895 998 4968 γήρᾳ
1024 4891 1205 4948 αὐτοῦ’
1238 4891 1330 4966 ἀφ’
1360 4893 1425 4964 ᾗς
1460 4887 1619 4969 ἔσχεν
1653 4895 1803 4957 υἱοὺς
1832 4894 2014 4967 πέντε,
2039 4891 2329 4972 Ζεμϐρίαν,
2378 4896 2560 4967 Ἰεξάν,
2592 4892 2818 4969 Μαδὰμ,
2851 4892 3097 4967 Μαδιάμ,
3131 4886 3369 4950 Ίεσϐών.

343 4983 473 5039 ’Ὁτι
524 4982 553 5036 6
609 4982 735 5038 Λὼτ
793 4982 1086 5057 χωρισθεῖς
1140 4985 1238 5036 τοῦ
1296 4976 1555 5056 Ἀϐραὰμ
1613 4984 1937 5056 κατῴκησεν

275 5072 355 5133 εἷς
387 5068 614 5144 Σόδομα
644 5068 716 5126 δι’
744 5071 941 5147 ἀρετὴν
973 5070 1063 5128 καὶ
1094 5069 1307 5134 κάλλος
1349 5078 1451 5142 τῆς
1507 5078 1634 5148 γῆς,
1686 5071 1935 5148 ἐχούσης

277 5162 441 5218 πέντε
462 5159 677 5233 πόλεις,
712 5159 953 5235 Σόδομα,
994 5160 1272 5236 Γόμορρα,
1304 5158 1546 5235 ’Ἀδαμα,
1603 5157 1793 5218 Σεϐόϊν
1848 5163 1938 5220 καὶ

2124 4971 2297 5043 Lotus
2328 4987 2401 5043 ab
2439 4986 2774 5043 Abrahamo
2806 5003 2867 5041 se
2926 5001 3062 5041 cum
3121 4982 3473 5071 separasset,
3512 4971 3691 5071 Sodo-

2053 5094 2211 5135 mam
2237 5077 2311 5133 ob
2332 5077 2559 5133 telluris
2580 5076 2985 5149 prmstantiam
3017 5079 3192 5143 atque
3224 5063 3577 5139 elegantiam
3601 5063 3691 5116 in-

2052 5168 2273 5237 coluit;
2335 5169 2394 5223 in
2453 5184 2570 5239 qua
2622 5166 2798 5222 urbes
2853 5169 3023 5219 erant
3077 5159 3361 5230 quinque,
3418 5151 3692 5219 Sodoma,

1491 5279 1853 5339 XYLANDRI
1890 5284 1977 5340 ET
2014 5285 2230 5342 GOARI
2268 5286 2489 5342 NOTAE.

355 5400 473 5469 (40)
506 5397 796 5453 Nimirum
827 5398 997 5464 inito,
1030 5414 1153 5471 non
1188 5396 1507 5471 completo,
1540 5403 1607 5451 ut
1644 5397 1942 5471 intelliga-

286 5475 386 5524 tur
404 5485 593 5541 agens
622 5484 848 5525 annum
879 5472 944 5523 75
980 5468 1287 5541 migrasse.
1320 5468 1457 5524 XYL.

357 5544 473 5613 (41)
495 5542 638 5597 Gen.
673 5556 769 5608 xx,
803 5546 1124 5613 antequam
1154 5541 1399 5613 Isaacus
1449 5547 1836 5609 nasceretur;
1871 5542 1941 5598 de

278 5611 551 5669 Ch'etura
576 5613 721 5668 Gen.
756 5629 883 5669 xxv.
918 5611 1182 5667 Mutilate
1213 5612 1339 5668 hmc
1372 5612 1673 5670 Cedrenus
1705 5613 1941 5670 citat.In

281 5684 556 5758 margine
586 5689 848 5740 estesse
903 5700 975 5739 ex
1023 5682 1300 5739 Africano
1350 5683 1535 5754 petita
1574 5702 1589 5741 :
1624 5686 1939 5753 incertum,

2053 5400 2257 5456 hascne
2291 5416 2364 5456 an
2395 5417 2526 5471 quas
2557 5402 2889 5469 sequuntur
2909 5395 2979 5449 de
3014 5395 3152 5448 Loto
3185 5396 3243 5446 et
3263 5388 3422 5472 _mari
3444 5391 3695 5472 Mortuo.

2054 5473 2353 5527 Posterius
2386 5460 2525 5543 p‘uto
2558 5460 2760 5523 verum
2792 5482 2921 5523 esse
2949 5482 2962 5532 ;
2996 5480 3191 5535 neque
3225 5463 3354 5591 clins
3406 5460 3691 5518 miracula

2054 5540 2519 5591 Cedrenumsed
2534 5540 2877 5591 Africanum
2905 5537 3016 5591 sibi
3038 5538 3165 5591 visa
3180 5552 3244 5591 re
3272 5532 3603 5591 οπο.οαοά
3625 5531 3691 5588 de

2053 5531 2519 5612 Cedrenum,sed
2534 5540 2877 5612 Africanum
2905 5537 3016 5594 sibi
3038 5531 3165 5592 viSa
3180 5531 3423 5591 referre.
3437 5532 3603 5599 Quod
3625 5531 3695 5588 de

2052 5614 2247 5669 fructu
2280 5621 2340 5670 et
2366 5610 2529 5669 fumo
2560 5610 2722 5678 dicit,
2754 5627 2876 5667 non
2906 5624 3215 5682 assequar.
