4148 6196
453 598 1063 710 gesimperabant.ﬂis
1078 621 1341 692 quinque
1356 611 1590 685 regibus
1603 612 1859 680 quatuor
1870 598 2099 659 ﬁnitimi

454 690 736 798 siroer
768 732 934 789 reges
960 690 1185 769 bellum
1216 700 1756 769 fecerunt,ductore
1787 690 2099 749 Chodollo-

455 778 692 888 gdmore
726 805 894 862 llami
926 795 1375 871 rege.Praelium
1407 789 1792 847 commissum
1825 787 1913 839 est
1941 778 2098 852 apud

456 878 686 957 Salsum
718 908 901 957 mare,
935 888 1095 960 quod
1126 902 1286 941 nunc
1321 884 1611 937 Mortuum
1646 878 1887 931 vocatur
1918 888 1931 937 ;
1983 883 2098 939 quo

454 991 515 1044 in
548 986 694 1043 mari
727 980 1023 1055 permulta
1052 982 1191 1034 sunt
1219 969 1618 1033 admirabilia,
1651 982 1782 1037 qum
1811 963 1938 1034 ipse
1970 972 2102 1029 spe-

454 1050 776 1133 ctavi.Nam
809 1086 1007 1143 neque
1037 1065 1259 1124 animal
1288 1060 1477 1118 ullum
1513 1074 1580 1113 ea
1605 1070 1754 1125 aqua
1781 1050 2027 1124 profert,
2043 1050 2103 1101 et

457 1164 744 1222 cadavera
774 1160 883 1217 sub
915 1172 1098 1229 aquas
1128 1152 1430 1215 decidunt,
1458 1148 1619 1203 vivus
1650 1146 1847 1200 autem
1879 1136 2098 1207 aliquis

457 1273 577 1313 non
598 1253 769 1310 facile
792 1265 1007 1322 corpus
1028 1262 1204 1302 suum
1230 1241 1337 1298 sub
1360 1253 1575 1310 aquam
1594 1246 1859 1305 mergere
1877 1226 2102 1300 possit;

462 1352 519 1402 et
550 1346 805 1400 lucernas
844 1319 1122 1395 ardentes
1175 1331 1413 1405 quidem
1448 1327 1741 1389 innatant,
1800 1319 2102 1376 exstinctm

456 1440 656 1491 autem
707 1430 1186 1500 submerguntur.
1220 1421 1305 1478 Ibi
1353 1414 1665 1472 bituminis
1695 1414 1835 1467 sunt
1888 1408 2100 1465 fontes.

456 1525 592 1579 Fert
617 1522 797 1577 etiam
820 1494 1061 1574 alumen
1085 1528 1153 1570 ac
1174 1509 1359 1567 salem
1388 1504 1620 1561 modico
1642 1501 1715 1557 ab
1737 1498 1872 1555 aliis
1892 1494 2102 1553 discri-

453 1612 614 1667 mine
641 1627 654 1664 :
686 1624 826 1664 nam
853 1611 911 1661 et
934 1618 1137 1660 amara
1166 1593 1648 1668 sunt,pellucida.
1684 1588 1790 1646 Ubi
1819 1601 1957 1641 vero
1982 1584 2103 1639 fru-

449 1706 578 1758 ctus
590 1689 1395 1771 reperitur,nihilquidquam
1408 1680 1850 1757 praeterfumum
1860 1672 2103 1748 praebet.

456 1795 624 1862 Aqua
680 1787 997 1843 sanitatem
1056 1778 1360 1836 utentibus
1419 1773 1671 1835 confert,
1741 1777 2102 1840 prorsusque

462 1880 666 1937 omnia
696 1892 902 1933 eorum
934 1888 1063 1944 quas
1096 1869 1230 1925 aliis
1261 1862 1539 1922 accidunt
1581 1859 1750 1931 aquis
1807 1851 2106 1912 contraria

463 1969 642 2026 habet
670 1960 1197 2027 accidentia.Quod
1229 1957 1347 2013 nisi
1378 1956 1429 2010 is
1461 1954 1627 2009 locus
1656 1947 1973 2005 Iordanem
2003 1956 2108 2014 pro

463 2060 829 2116 nutrimento
860 2049 1235 2121 haberet.qui
1267 2056 1547 2119 purpuras
1569 2042 1758 2096 instar
1783 2033 2113 2108 perlabitur

467 2165 533 2205 ac
564 2146 892 2220 plurimum
923 2120 1458 2209 resistit,opinione
1490 2130 1666 2186 etiam
1699 2126 1877 2181 citius
1906 2120 2114 2178 desiis-

469 2209 753 2294 set-Juxta
781 2232 1117 2289 balsamum
1147 2223 1449 2283 uberrime
1480 2216 1769 2293 provenit.
1803 2209 2116 2282 Obimpie-

477 2330 658 2383 tatem
670 2320 1009 2381 accolarum
1028 2317 1309 2374 subversa
1324 2327 1359 2368 a
1373 2313 1491 2367 Deo
1513 2325 1582 2364 ea
1601 2308 1737 2362 loca
1752 2300 2114 2360 existimant.

548 2415 649 2474 52
670 2411 855 2469 Isaaci
870 2406 1221 2465 vocabulum
1231 2404 1419 2458 risum
1433 2415 1468 2455 a
1478 2397 1776 2468 voluptate
1789 2390 2119 2465 profectum

476 2508 662 2561 notat.
698 2499 979 2557 Hebraica
1013 2497 1171 2552 enim
1204 2493 1408 2564 lingua
1437 2488 1497 2545 id
1529 2487 1582 2542 ei
1618 2498 1839 2540 nomen
1896 2478 2121 2534 factum

475 2598 585 2658 est,
618 2594 932 2664 propterea
963 2584 1123 2657 quod
1156 2562 1535 2637 Sara—audita
1565 2573 1764 2631 divina
1796 2567 1980 2642 prolis
2008 2562 2121 2618 sibi

474 2682 536 2738 in
568 2682 873 2737 senectute
905 2656 1120 2730 futurae
1150 2667 1548 2743 promissione
1581 2660 1927 2719 subriserat.
1945 2656 2124 2710 Natus

477 2775 566 2827 est
594 2771 828 2825 Isaacus
860 2780 1015 2821 anno
1049 2758 1257 2816 mundi
1288 2757 1447 2811 3413.

550 2858 769 2914 Eodem
799 2860 1066 2925 tempore
1112 2849 1173 2902 in
1205 2846 1375 2901 Creta
1432 2842 1752 2897 Saturnum
1796 2840 1853 2891 et
1905 2833 2127 2888 Rheam

485 2963 764 3022 regnasse
796 2921 981 3001 Graeci
1011 2940 1276 2998 narrant.
1318 2932 1426 2998 Qui
1458 2945 1596 2984 vero
1651 2926 1725 2982 ad
1765 2921 2127 2978 Atlanticum

483 3037 697 3095 Oceani
731 3035 929 3089 sinum
962 3026 1233 3084 incolunt
1261 3039 1363 3078 eos
1382 3018 1641 3091 primum
1672 3028 1873 3084 regem
1893 3009 2131 3065 habuis-

485 3146 548 3184 se
605 3126 852 3191 Caalum,
911 3120 1012 3192 qui
1068 3130 1314 3172 uxorem
1373 3111 1543 3165 Titan
1618 3103 1893 3160 habuerit
1972 3098 2130 3155 unde

486 3218 723 3273 Titanes
754 3208 1056 3285 appellati.
1090 3207 1257 3260 Hunc
1285 3201 1485 3256 ferunt
1513 3198 1787 3252 accurate
1835 3195 2129 3249 astrorum

1793 376 2110 441 GEORGII
2154 371 2501 435 GEDBENI

750 528 1293 609 a,Adama,Seboim
1306 528 1366 581 et
1394 514 1968 595 Segor,totidemque
1997 527 2093 565 re-

2238 505 2426 582 ιηγὼρ,
2466 503 2556 559 καὶ
2585 501 2878 565 τοσούτους
2941 498 3208 576 βασιλεῖς.
3249 499 3474 564 Τούτοις
3532 500 3584 555 οἱ
3614 497 3869 571 πλησιό-

2491 596 2502 609 Ι
2762 592 2791 609 Λ
2890 588 2912 609 \
2954 595 2978 609 tu
3097 589 3165 609 nl
3353 590 3369 609 Ἰ
3454 587 3475 609 Χ
3499 588 3511 609 Ι
3796 592 3823 609 ν

3774 369 3855 431 80

2211 615 2391 671 χωροι
2450 596 2702 669 τέσσαρες
2762 588 3007 668 βασιλεῖς
3097 589 3284 665 Σύρων
3350 587 3723 664 ἐπολέμησαν,
3783 592 3863 646 ὧν

2208 690 2402 763 ἠγεῖτο
2434 680 2882 758 Χοδολλογομὸρ
2916 678 3173 756 βασιλεὺς
3204 682 3233 734 6
3258 678 3437 754 Ἰλάμ.
3473 675 3777 737 Συνέὅαλον
3801 677 3861 735 δὶ

2208 776 2354 850 παρᾶ
2408 774 2509 841 τήν
2567 771 2837 826 θάλασσαν
2869 771 2968 839 τὴν
3026 767 3244 839 ἁλικήν.
3301 768 3403 825 Καὶ
3458 768 3707 825 καλεῖται
3764 774 3861 824 νῦν

2206 864 2449 920 θάλασσα
2497 862 2701 936 Νεκρὰ,
2759 858 2989 914 πλεῖστα
3046 857 3318 931 θαυμάσια
3374 852 3600 934 ἔχουσα,
3660 857 3694 912 ἃ
3750 857 3861 934 ἐγὼ

2209 953 2530 1027 ἐθεασάμην.
2562 949 2711 1008 Ζῶόν
2730 969 2789 1005 τε
2814 949 2916 1024 γὰρ
2948 944 3098 1003 οὐδὲν
3134 947 3307 1002 ἐκεῖνο
3363 946 3512 1027 φέρει
3566 948 3628 1003 τὸ
3678 944 3869 1019 ὕδωρ,

2208 1042 2299 1097 καὶ
2330 1040 2492 1116 νεκρὰ
2542 1040 2637 1114 μὶν
2706 1038 2933 1111 σώματα
2986 1031 3302 1115 ὑποϐρύχια
3354 1037 3583 1113 γίνεται,
3642 1040 3754 1107 ζῶν
3805 1033 3870 1091 δί

2208 1152 2290 1193 τις
2320 1128 2443 1186 οὐδ’
2481 1124 2542 1183 ἅν
2576 1126 2776 1203 ῥᾳδίως
2810 1124 3152 1201 βαπτίσαιτο.
3190 1124 3287 1179 Καὶ
3316 1124 3516 1200 λύχνοι
3580 1125 3675 1198 μὶν
3707 1124 3869 1179 καιό-

2212 1240 2365 1294 μενοι
2452 1216 2800 1297 έπιφέρονται
2845 1258 2861 1282 ,
2919 1209 3268 1287 σϐεννύμενοι
3343 1212 3399 1269 δὲ
3476 1211 3867 1271 καταδύουσιν.

2209 1304 2469 1364 Ἐνταῦθά
2524 1304 2657 1360 εἰσιν
2712 1304 2765 1357 αἱ
2822 1309 2924 1371 τῆς
2981 1299 3259 1375 ἀσφάλτου
3308 1301 3507 1378 πηγαί.
3586 1299 3747 1375 Φέρει
3805 1297 3866 1355 δὶ

2210 1392 2541 1469 στυπτηρίαν
2572 1393 2663 1447 καὶ
2692 1390 2827 1454 ἇὶλας
2855 1389 3046 1465 ὀλίγον
3074 1411 3127 1445 τι
3155 1394 3261 1446 τῶν
3291 1387 3479 1445 ἄλλων
3514 1386 3866 1464 διαφέροντα·

2209 1484 2379 1560 πικρά
2407 1504 2466 1539 τε
2493 1484 2593 1556 γάρ
2636 1479 2741 1537 είσι
2797 1481 2889 1536 καὶ
2946 1476 3164 1554 διαυγῆ.
3227 1481 3392 1535 Ἔνθα
3445 1475 3491 1533 δ’
3549 1475 3610 1533 ἄν
3658 1478 3867 1554 καρπὸς

2211 1576 2297 1650 [Ρ.
2325 1574 2419 1646 29]
2450 1572 2664 1645 εὑρεθῇ,
2696 1572 2905 1625 καπνοῦ
2964 1567 3131 1623 πλέον
3192 1566 3493 1643 εὑρίσκεται
3552 1564 3727 1623 οὐδὲν.
3789 1568 3874 1624 Τὸ

2211 1661 2270 1719 δὶ
2299 1659 2448 1736 ὕδωρ
2482 1660 2626 1715 ἰᾶται
2653 1659 2781 1720 τοὺς
2811 1659 3137 1736 χρωμένους
3167 1655 3335 1728 αὐτῷ,
3371 1655 3532 1732 λήγει
3589 1677 3650 1712 τε
3706 1655 3879 1713 παντὶ

2214 1748 2369 1806 ὕδατι
2402 1750 2616 1823 πάσχον
2646 1748 2714 1803 τὰ
2747 1744 2980 1801 ἐναντία.
3035 1744 3104 1800 Ei’
3159 1741 3218 1798 δὲ
3267 1745 3345 1817 μή
3403 1741 3682 1819 Ἰορδᾶνην
3722 1744 3875 1819 εἶχεν

2219 1840 2448 1901 ὁτόπος
2489 1838 2696 1915 τροφήν
2751 1836 2827 1898 ὡς
2884 1834 3169 1911 πορφύραν
3223 1830 3582 1909 διατρέχοντα
3636 1833 3726 1888 καὶ
3786 1833 3877 1888 ἐπὶ

2219 1928 2367 1986 πολὺ
2397 1927 2714 2003 ἀντέχοντα,
2741 1924 2930 1999 ἔληξεν
2971 1922 3033 1980 ἄν
3075 1925 3268 1979 θᾶττον
3298 1921 3334 1993 ἤ
3395 1922 3662 2002 φαίνεται.
3720 1924 3878 1980 Ἐστι

2222 2016 2281 2075 δὲ
2309 2018 2436 2088 παρ’
2466 2015 2604 2089 αὐτῇ
2632 2012 2906 2089 πάμπολυ
2937 2010 2999 2068 τό
3034 2009 3327 2088 βαλσάμου
3359 2012 3546 2089 φυτόν.
3597 2016 3879 2067 Ύπονοεῖ-

2219 2126 2309 2163 ται
2341 2104 2399 2161 δὲ
2427 2104 2819 2181 ἀνατετράφθαι
2852 2102 2954 2157 ὑπὸ
2981 2105 3081 2157 τοῦ
3112 2105 3246 2157 Θεοῦ
3302 2098 3391 2156 διὰ
3448 2101 3549 2169 τὴν
3599 2106 3710 2156 τῶν
3776 2120 3875 2156 πε-

2225 2193 2573 2272 ριοικούντων
2614 2186 2877 2250 ἀσέϐειαν.

2294 2286 2418 2342 Ὅτι
2478 2284 2507 2337 ὁ
2573 2282 2757 2337 Ἰσαὰκ
2785 2279 2964 2358 γέλως
3022 2280 3138 2353 μεθ’
3196 2275 3404 2349 ἡδονῆς
3487 2278 3874 2353 ἑρμηνεύεται·

2228 2373 2319 2431 διὰ
2344 2374 2445 2451 γὰρ
2473 2373 2537 2428 τὸ
2568 2368 2931 2444 ἐπιμειδιᾶσαι
2977 2370 3077 2439 τὴν
3132 2366 3342 2444 Σάρραν
3394 2371 3466 2443 τῇ
3524 2368 3644 2439 θείᾳ
3675 2372 3778 2423 τοῦ
3819 2368 3877 2423 ἐν

2228 2468 2376 2541 γήρᾳ
2419 2466 2643 2519 τοκετοῦ
2720 2458 3015 2539 ἐπαγγελίᾳ
3066 2456 3329 2530 κέκληται
3386 2457 3528 2514 οὕτω
3581 2459 3718 2512 κατὰ
3773 2458 3880 2525 τὴν

2229 2550 2526 2629 Ἑϐραϊκήν
2554 2549 2859 2607 διάλεκτον.
2896 2547 3251 2619 Γεννηθὲντος
3282 2548 3461 2604 Ἰσαὰκ
3487 2544 3604 2609 ἔτος
3633 2548 3699 2613 ἦν
3736 2544 3844 2600 κόσ
3868 2577 3891 2589 -

2237 2666 2344 2719 μου
2373 2644 2533 2719 γυιγ’.

2308 2836 2454 2890 Κατά
2480 2832 2705 2893 τούτους
2734 2829 2793 2887 δὲ
2838 2832 2965 2893 τοὺς
3022 2830 3252 2906 χρόνους
3302 2828 3353 2884 έν
3410 2826 3489 2891 οἷς
3523 2828 3705 2884 Ἰσαὰκ
3732 2826 3881 2903 ἐγεν-

2238 2926 2400 2995 νήθη,
2461 2922 2514 2977 ἐν
2573 2923 2763 2996 Κρήτῃ
2816 2919 2970 2995 ἄρξαι
3025 2920 3230 2994 Κρόνον
3284 2919 3375 2973 καὶ
3404 2916 3553 2975 Ῥέαν
3610 2915 3886 2987 Ἓλληνες

2236 3014 2537 3087 ἱστοροῦσι.
2568 3013 2697 3073 Τοῖς
2730 3008 2787 3065 δὲ
2812 3010 2905 3065 τὸν
2938 3007 3255 3064 Ἀτλάντιον
3301 3007 3511 3063 κόλπον
3543 3006 3753 3061 οἰκοῦσι
3784 3008 3888 3060 τοῦ

2238 3101 2478 3156 ὠκεανοῦ
2507 3104 2723 3175 πρῶτον
2737 3098 2984 3173 Οὐρανὸν
3009 3095 3252 3170 τοῦνομα
3274 3095 3615 3172 βασιλεῦσαι,
3635 3097 3892 3168 γήμαντα

2238 3190 2425 3259 Τιτὰν,
2458 3190 2545 3267 ἀφ’
2577 3187 2640 3243 οὗ
2690 3191 2923 3250 Τιτᾶνας
2978 3187 3364 3261 ὀνομασθῆναι.
3420 3189 3619 3240 Τοῦτον
3671 3182 3893 3257 λέγουσι

496 3258 723 3273 um...”
754 3258 1055 3285 unum---

486 3325 696 3365 cursus
773 3304 1138 3361 observasse,
1198 3312 1265 3351 ac
1325 3289 1526 3347 multis
1586 3303 1718 3359 quas
1794 3284 1853 3339 in
1911 3279 2122 3337 mundc

2239 3258 2529 3353 γενόμενον
2553 3275 2789 3351 ἐπιμελῆ
2817 3258 3214 3365 παρατηρητήν
3243 3279 3353 3330 τῶν
3410 3272 3622 3348 ἂστρων
3653 3268 3898 3332 πολλοῖς

490 3403 773 3453 eventura
804 3395 974 3447 erant
1010 3384 1376 3459 praadixisse.

562 3483 936 3539 Abrahamus
995 3491 1217 3531 annum
1259 3486 1437 3544 agens
1478 3470 1545 3522 85
1603 3466 1758 3521 fame
1814 3463 2020 3518 oborta
2074 3462 2137 3517 in

490 3573 803 3643 Egyptum
837 3563 1162 3620 descendit.
1199 3559 1415 3615 Eodem
1451 3570 1608 3611 anno
1636 3552 1865 3620 Jupiter
1901 3548 2136 3606 Saturni

500 3642 660 3718 ﬁlius
689 3675 823 3715 cum
856 3657 1083 3712 lunone
1112 3651 1298 3707 Cretae
1356 3661 1601 3719 regnum
1634 3642 1842 3699 tenuit.
1890 3642 2050 3696 Tunc
2080 3644 2139 3694 et

493 3752 731 3808 Titanes
761 3747 919 3803 bello
949 3747 1146 3800 Jovem
1196 3742 1504 3796 tentarunt
1532 3752 1550 3788 :
1579 3739 1638 3789 et
1676 3731 1961 3799 Bacchus,
2016 3746 2137 3785 non

494 3839 761 3898 Semeles
788 3837 891 3892 ille
923 3833 1104 3903 filius,
1139 3829 1243 3886 sed
1275 3828 1424 3885 alius
1452 3824 1642 3882 multo
1691 3820 1996 3885 vetustior,
2054 3820 2137 3873 vi-

490 3944 637 3987 num
666 3926 907 4000 reperit,
944 3924 1127 3994 inque
1160 3913 1559 3974 torcularibus
1587 3914 1781 3983 (Lenus
1808 3909 1990 3965 Graeci
2038 3925 2136 3963 vo-

489 4017 648 4089 cant)
682 3997 1162 4088 eipressit,unde
1194 4007 1247 4062 ei
1276 4003 1469 4061 Lenaei
1501 3999 1943 4073 cognomen.lta
1959 3997 2136 4052 etiam

491 4109 665 4164 Ceres
711 4086 1083 4160 frumentum
1130 4097 1320 4152 fertur
1370 4098 1430 4148 et
1482 4088 1773 4146 hordeum
1819 4086 2138 4142 invenisse.

493 4198 628 4252 Haec
659 4198 748 4250 est
777 4208 909 4263 qua;
968 4188 1140 4243 lsidis
1181 4182 1426 4239 nomine
1464 4178 1538 4234 ab
1592 4176 1849 4249 Egyptis
1907 4174 2139 4230 colitur.

488 4283 705 4339 Iisdem
734 4262 1000 4335 Bacchus
1032 4279 1121 4331 est
1153 4271 1445 4328 Osiris.Ea
1477 4269 1850 4338 tempestate,
1874 4268 1942 4318 ut
1970 4262 2141 4318 fabu-

488 4370 565 4424 lis
594 4369 963 4441 perhibetur,
997 4366 1255 4433 Marsyas
1286 4359 1481 4429 Phryx
1511 4361 1571 4411 et
1599 4354 1812 4426 Apollo
1861 4369 1997 4408 cum
2054 4351 2138 4407 eis

488 4440 799 4515 incidisset
827 4457 899 4512 de
957 4454 1185 4510 cithara
1225 4448 1549 4516 contentio,
1613 4444 1688 4501 ad
1744 4445 1982 4515 Nysam,
2039 4440 2141 4497 ubi

489 4548 753 4604 Bacchus
792 4548 939 4611 erat,
957 4545 1360 4604 accesserunt,
1385 4543 1565 4608 atque
1597 4534 1679 4589 ibi
1712 4535 1936 4603 Marsya
1969 4545 2142 4602 supe-

2241 3366 2530 3444 προλέγειν
2552 3367 2620 3422 τὰ
2641 3367 2779 3422 κατὰ
2814 3362 3046 3438 κόσμον.

2315 3460 2411 3529 Τῷ
2447 3454 2503 3512 δὲ
2531 3452 2741 3511 πε¹ἕτει
2790 3449 3043 3527 Ἀϐραὰμ
3096 3455 3266 3528 λιμοῦ
3326 3451 3620 3530 γενομένου
3685 3444 3896 3518 κατέϐη

2245 3546 2405 3609 αὐτὸς
2427 3547 2501 3608 εἰς
2536 3545 2838 3621 Αἴγυπτον.
2871 3545 2963 3601 Ἐν
2993 3543 3172 3616 τούτῳ
3217 3546 3298 3615 τῷ
3354 3538 3461 3598 ἔτει
3516 3543 3616 3609 τῆς
3673 3540 3899 3614 Κρήτης

2250 3634 2524 3710 βασιλεύει
2555 3636 2681 3696 Ζεὺς
2719 3636 2748 3689 6
2778 3639 2875 3689 τοῦ
2908 3634 3116 3709 Κρόνου
3148 3633 3266 3693 υἱὸς
3324 3631 3413 3686 καὶ
3472 3634 3637 3706 "ripa.
3685 3629 3898 3683 Γίνεται

2247 3723 2303 3780 δὲ
2331 3724 2420 3779 καὶ
2455 3726 2483 3779 ὁ
2510 3725 2756 3780 Τιτάνων
2786 3725 2922 3799 πρὸς
2972 3722 3068 3777 Δία
3118 3721 3386 3795 πόλεμος.
3444 3719 3548 3778 Καὶ
3615 3717 3901 3788 Διόνυσος,

2248 3814 2355 3890 οὐχ
2386 3816 2416 3869 6
2444 3820 2545 3883 τῆς
2580 3811 2832 3887 Σεμέλης
2862 3810 2991 3867 ἀλλ’
3021 3809 3193 3871 ἄλλος
3244 3808 3443 3866 τούτου
3487 3804 3634 3863 πολὺ
3664 3806 3906 3880 ἀρχαιό-

2242 3925 2423 3979 τερος,
2460 3905 2552 3960 τὸν
2585 3906 2736 3959 οἶνον
2770 3903 2946 3977 ἐξεῦρε
2970 3900 3061 3957 καὶ
3085 3900 3137 3955 ἐν
3187 3905 3305 3961 τοῖς
3354 3896 3549 3969 ληνοῖς
3579 3894 3906 3968 ἀπέθλιψεν,

2246 3994 2336 4074 ἀφ’
2393 3995 2468 4049 ὢν
2517 3993 2607 4049 καὶ
2658 3997 2894 4064 Ληναῖος
2952 3990 3271 4063 ὠνομάσθη.
3331 3993 3415 4048 Ὦς
3471 3986 3563 4042 καὶ
3631 3986 3906 4056 Δήμητρα

2248 4069 2460 4159 λέγεται
2493 4082 2732 4162 ἐφευρεῖν
2763 4080 2856 4136 τὸν
2886 4085 3035 4135 σῖτον
3064 4079 3155 4135 καὶ
3212 4080 3313 4148 τήν
3362 4077 3580 4153 κριθήν.
3633 4072 3781 4144 Αὕτη
3844 4069 3908 4127 δέ

2249 4171 2389 4227 ἐστιν
2419 4174 2455 4242 ἡ
2486 4159 2611 4247 παρ’
2646 4169 2969 4245 Δίγυπτίοις
3000 4166 3293 4243 τιμωμένη
3325 4167 3480 4228 Ἶσις.
3514 4165 3575 4222 Ὀ
3632 4159 3693 4217 δὲ
3774 4159 3904 4216 Διό-

2245 4280 2404 4322 νυσος
2428 4246 2910 4336 παρ’νΛίγυπτίοις
2958 4259 3174 4333 ’Όσιρις
3235 4254 3475 4331 λέγεται.
3528 4254 3789 4315 Ἐνταῦθα
3847 4246 3911 4305 δὲ

2248 4351 2336 4406 καὶ
2367 4351 2401 4420 ἠ
2436 4350 2696 4425 Μαρσύου
2723 4353 2822 4405 τοῦ
2880 4348 3101 4425 Φρυγὸς
3159 4342 3273 4422 ἔρις
3329 4345 3465 4402 κατὰ
3517 4342 3645 4404 τοὺς
3697 4342 3911 4415 μύθους

2247 4440 2386 4514 πρὸς
2418 4434 2749 4495 Ἀπόλλωνα
2780 4435 2871 4492 διὰ
2898 4439 2999 4507 τὴν
3059 4437 3305 4513 κιθάραν.
3348 4433 3526 4490 ἐλθεῖν
3583 4432 3721 4507 πρὸς
3777 4431 3917 4485 Διό-

2249 4548 2408 4583 νυσον
2464 4527 2543 4588 είς
2600 4527 2838 4596 Νύσσαν,
2897 4525 3054 4582 κάκεῖ
3109 4528 3202 4582 τὸν
3279 4524 3539 4601 Μαρσύαν
3598 4519 3914 4591 ἡττηθέντα

488 4643 617 4693 rato
666 4635 875 4708 Apollo
932 4650 1039 4706 per
1087 4632 1235 4687 iram
1294 4627 1517 4701 pellem
1562 4624 1688 4679 vivo
1732 4620 2006 4685 detraxit,
2048 4635 2118 4673 ru

2257 4616 2548 4708 ἐκδαρῆναι
2574 4622 2747 4708 ςῷντα
2778 4617 2922 4690 παρᾶ
2950 4622 3049 4673 τοῦ
3079 4615 3438 4676 Ἀπόλλωνος
3468 4612 3557 4669 διὰ
3576 4615 3674 4682 τήν
3708 4611 3906 4686 ὀργῆν,

488 4707 967 4802 ptisqueﬁdibus
1000 4723 1307 4778 inventum
1339 4719 1695 4773 concentum
1725 4710 1826 4767 58
1857 4707 2133 4764 abolevit.

489 4797 701 4874 i’ostea
724 4814 1007 4887 temporis
1030 4810 1400 4867 aiuntMusas
1422 4810 1483 4861 et
1501 4801 1802 4873 Orpheum
1824 4815 2031 4854 rursus
2053 4797 2138 4852 in-

489 4912 729 4964 ventam
761 4905 901 4960 Lino
926 4900 1261 4958 tradidisse.

561 4999 722 5052 Tunc
755 4995 934 5050 etiam
963 4989 1105 5046 Caeli
1136 4987 1291 5043 ﬁlios
1330 4980 1602 5039 ﬂoruisse
1658 4976 1941 5032 traditum
2000 4980 2090 5031 est
2120 5017 2134 5043 ,

495 5103 565 5142 ex
592 5086 686 5140 his
710 5085 1011 5141 Atlantem
1043 5077 1297 5135 maxime
1334 5071 1632 5127 celebrem
1696 5066 1904 5133 fuisse,
1958 5072 2136 5136 atque

493 5174 630 5229 huic
661 5174 940 5246 obtigisse
960 5170 1092 5225 loca
1114 5182 1245 5239 quas
1264 5165 1403 5219 sunt
1427 5158 1499 5214 ad
1522 5155 2135 5213 Oceanum.Eumdem

492 5262 750 5331 primum
769 5261 1147 5333 astrologiam
1172 5257 1446 5311 accurate
1478 5245 1821 5303 condidisse
1849 5251 1905 5299 et
1917 5244 1988 5300 de
2011 5245 2133 5317 glo-

490 5349 564 5402 bo
596 5348 928 5406 doctrinam
984 5345 1303 5420 protulisse
1336 5359 1351 5408 ;
1415 5354 1547 5409 quae
1577 5350 1757 5390 causa
1811 5333 1993 5387 fuerit
2033 5351 2139 5389 cur

491 5435 750 5492 mundus
779 5438 1031 5492 Atlantis
1060 5432 1331 5491 humeris
1362 5425 1583 5502 gestari
1615 5428 1941 5495 putaretur.

553 5524 849 5596 Scriptum
891 5524 1067 5581 estin
1098 5538 1275 5595 parva
1306 5516 1519 5575 Genesi
1568 5511 1958 5584 Mastiphaten
2016 5512 2137 5568 das-

487 5614 829 5672 moniorum
860 5612 1193 5685 principem
1225 5610 1299 5667 ad
1328 5609 1515 5665 Deum
1546 5602 1886 5666 accessisse,
1947 5619 2015 5658 ac
2046 5602 2139 5657 di-

482 5707 673 5763 xisse:
701 5725 724 5756 ε
742 5703 800 5760 Si
822 5708 877 5760 te
904 5700 1099 5772 diligit
1118 5699 1411 5754 Abraham
1422 5691 1785 5765 us,immolet
1804 5690 1911 5745 tibi
1949 5692 2136 5748 tilium

2241 4706 2336 4770 τάς
2367 4727 2427 4762 τε
2457 4703 2668 4782 χορδὰς
2714 4705 2936 4782 ἐκρῆξαι
2993 4705 3083 4761 καὶ
3149 4708 3247 4777 τήν
3304 4701 3613 4777 εὑρημένην
3642 4699 3914 4777 ἆρμονίαν

2242 4795 2516 4876 ἀφανίσαι.
2574 4802 2822 4871 Ὕστερον
2900 4792 2958 4851 δὲ
3016 4795 3237 4857 Μούσας
3294 4793 3387 4851 καὶ
3456 4790 3657 4870 Ὀρφέα
3711 4789 3919 4860 ταύτην

2246 4885 2483 4960 ἀνευρεῖν
2518 4884 2685 4958 Λίνῳ.

2315 4977 2447 5031 Τότε
2484 4976 2574 5032 καὶ
2611 4976 2739 5040 τοὺς
2791 4973 2988 5037 παῖδας
3037 4977 3135 5030 τοῦ
3199 4971 3451 5049 Οὐρανοῦ
3509 4970 3772 5044 ἀκμάσαι,
3828 4968 3909 5022 ὧν

2244 5066 2337 5121 τὸν
2405 5068 2499 5138 μὲν
2556 5065 2829 5123 Ἀτλαντα
2880 5066 3303 5142 ἐπιφανέστατον
3356 5063 3649 5138 γενόμενον
3706 5057 3907 5133 λαχεῖν

2243 5153 2371 5217 τοὺς
2403 5154 2547 5229 παρᾶ
2573 5154 2664 5209 τὸν
2696 5155 2945 5209 Ὠκεανὸν
2967 5154 3193 5214 τόπους.
3240 5152 3339 5207 Καὶ
3370 5150 3590 5225 πρῶτόν
3623 5169 3750 5226 φασι
3801 5148 3906 5217 τήν

2245 5242 2608 5319 ἀστρολογίαν
2663 5237 3023 5314 ἐξακριϐῶσαι
3080 5241 3171 5296 καὶ
3234 5241 3328 5296 τὸν
3386 5240 3673 5316 σφαιρικὸν
3742 5235 3908 5312 λόγον

2246 5334 2560 5407 ἐξενεγκεῖν,
2594 5332 2684 5409 ἀφ’
2741 5333 2808 5400 ἧς
2857 5330 3032 5393 αἰτίας
3081 5331 3229 5400 δόξαι
3283 5330 3378 5386 τὸν
3417 5328 3626 5404 κόσμον
3672 5327 3760 5383 ἰπὶ
3794 5330 3906 5381 τῶν

2250 5421 2517 5483 Ἀτλανος
2551 5419 2718 5494 ὤμων
2752 5420 3026 5496 ὀχεῖσθαι.

2319 5513 2406 5569 Ἐν
2434 5513 2503 5585 τῇ
2537 5509 2712 5584 λεπτῇ
2746 5509 2955 5565 Γενέσει
3008 5514 3181 5566 κεῖται
3229 5510 3314 5566 ὅτι
3372 5506 3661 5586 Μαστιφᾶτ
3720 5504 3747 5559 6
3800 5502 3905 5578 ἄρ-

2246 5621 2364 5677 χων
2396 5602 2507 5655 τῶν
2541 5595 2839 5673 δαιμονίων
2899 5599 3218 5675 προσελθὼν
3272 5603 3353 5671 τῷ
3408 5599 3526 5668 Θεῷ
3574 5595 3747 5650 εἶπεν-
3782 5615 3806 5645 ι
3839 5592 3906 5653 El

2247 5691 2430 5767 ἀγαπᾷ
2462 5706 2518 5744 σε
2548 5683 2814 5765 Ἀϐραὰμ,
2849 5689 3061 5754 θυσάτω
3093 5706 3178 5744 σοι
3205 5688 3296 5743 τὸν
3354 5685 3471 5741 υἱὸν
3530 5683 3717 5740 αὐτοῦ.
3750 5706 3781 5734 »
3815 5684 3911 5757 Τῷ
