4148 6196
263 342 329 403 81
1427 335 1967 399 HISTORIARUM
2013 336 2556 401 GOMPENDIUM.

3615 343 3698 403 82

262 465 473 526 κε“ἕτει
532 471 635 523 τοῦ
690 468 876 527 Ἰσαὰκ
934 469 1295 544 προσήνεγκεν
1344 466 1505 524 αὑτὸν
1566 463 1817 543 Ἀϐραὰμ
1846 468 1924 530 εἰς

2051 487 2243 527 suum.
2279 492 2307 521 ››
2339 475 2606 532 Isaacum
2637 479 2985 537 vicesimum
3015 482 3289 552 quintum
3347 478 3538 535 astatis
3594 492 3671 532 an

269 558 464 616 θυσίαν
514 557 569 613 ἐν
628 563 708 631 τῷ
761 555 879 633 ὂρει
934 558 1098 614 Σιώνο
1163 558 1237 619 είς
1278 555 1480 614 ἐκεῖνον
1511 558 1615 635 γάρ
1643 557 1735 613 τὸν
1769 557 1937 614 τόπον

273 652 360 726 [Ρ.
393 650 485 724 30]
543 648 609 703 τὸ
658 648 1045 723 θυσιαστήριον
1102 644 1459 721 ᾠκοδόμησεν
1514 643 1786 719 Ἀϐραὰμ,
1818 641 1941 701 ἔνθα

276 739 502 812 ὕστερον
534 737 563 792 6
596 730 766 791 Δαϐὶδ
796 736 858 791 τὸ
909 736 1053 810 ἱερὸν
1098 733 1381 810 ἱδρύσατο.
1414 737 1601 799 Τόπος
1634 732 1692 791 δὲ
1714 738 1813 800 τῆς
1846 736 1941 808 μὲν

284 827 543 899 θεότητος
598 829 627 881 6
684 825 889 894 Ἰσαὰκ,
942 832 1045 896 τῆς
1102 822 1158 882 δὲ
1214 825 1637 900 ἀνθρωπότητος
1688 827 1717 881 6
1761 826 1937 901 κριός.

285 918 389 974 Καὶ
437 916 591 979 αὐτὸς
649 913 708 971 δε
756 916 785 970 6
831 915 1036 991 χρόνος
1082 915 1391 991 ἷσαριθμος⁶
1421 919 1568 991 τρεῖς
1602 915 1706 992 γὰρ
1735 914 1939 990 ἡμέραι

280 1008 366 1062 καὶ
400 1012 549 1081 τρεῖς
579 1005 769 1065 νύκτες
800 1003 1026 1069 ἐνταῦθα
1056 1006 1229 1063 κάκεῖ.

347 1097 473 1153 ’Ὁτι
527 1095 635 1171 πρὸ
686 1097 796 1149 τῶν
846 1098 1145 1172 προφητῶν
1198 1100 1277 1167 τῷ
1326 1089 1579 1168 Ἀϐραὰμ
1610 1095 1639 1149 6
1667 1096 1764 1149 τοῦ
1804 1096 1938 1149 Θεοῦ

277 1185 456 1262 Λόγος
488 1184 676 1264 φανεὶς
735 1182 788 1238 ἐν
849 1182 1138 1259 ἀνθρώπου
1195 1184 1443 1259 σχήματι
1502 1184 1602 1253 τὴν
1636 1188 1742 1239 τῶν
1772 1181 1936 1238 ἐθνῶν

272 1274 474 1344 κλῆσιν
508 1272 772 1343 θεσπίζει,
802 1274 863 1341 ἦν
919 1273 1035 1329 καθ’
1097 1275 1245 1346 ἡμᾶς
1278 1272 1306 1327 6
1336 1276 1431 1327 τοῦ
1463 1276 1598 1327 Θεοῦ
1656 1270 1830 1348 Λόγος
1858 1272 1933 1334 εἰς

276 1362 440 1438 πέρας
500 1362 705 1438 ἢγαγεν
739 1359 829 1416 διὰ
858 1367 956 1432 τῆς
1000 1361 1076 1424 εἰς
1124 1362 1298 1417 πάντα
1326 1362 1393 1415 τά
1418 1357 1548 1432 ἵθνη
1576 1359 1935 1437 εὑαγγελικῆς

276 1449 656 1514 διδασκαλίας.
722 1452 915 1513 Κατὼς
976 1448 1032 1506 δὲ
1083 1472 1244 1529 φησιν
1288 1452 1317 1506 6
1366 1451 1656 1522 Ἰώσηπος,
1715 1455 1935 1527 πρῶτος

281 1536 537 1617 Ἀϐραὰμ
570 1540 917 1616 Δημιουργὸν
974 1541 1066 1596 τὸν
1122 1540 1252 1597 Θεὸν
1311 1538 1558 1617 ἐκήρυξε,
1598 1540 1687 1595 καὶ
1718 1545 1937 1615 πρῶτος

284 1629 567 1695 κατελθὼν
607 1629 684 1691 εἷς
718 1627 992 1704 Αἴγυπτον
1047 1628 1417 1703 ἀριθμητικήν
1446 1630 1538 1685 καὶ
1567 1628 1931 1705 ἀστρονομίαν

281 1720 622 1796 Αἰγυπτίους
680 1715 906 1789 ἰδίδαεε·
965 1719 1247 1783 κάντεῦθεν
1302 1717 1596 1794 ἐπέραστος
1652 1720 1743 1773 καὶ
1790 1739 1935 1794 παγ-

2051 577 2195 616 num
2225 569 2501 635 agentem
2566 565 2684 623 Deo
2717 573 2783 624 ut
2807 570 3163 627 sacriﬁcium
3194 568 3411 625 obtulit
3438 567 3698 624 Abraha-

2049 665 2183 705 mus
2214 651 2275 706 in
2308 660 2509 709 monte
2540 655 2679 711 Sion
2710 673 2723 710 :
2752 656 2830 713 ibi
2861 659 3025 715 enim
3078 659 3451 715 Abrahamus
3507 656 3694 711 altare

2048 738 2384 807 aediﬁcavit,
2417 748 2623 813 postea
2648 745 2827 801 David
2862 748 3148 820 templum
3165 747 3693 803 fundavit.Isaacus

2048 825 2286 896 divinae,
2313 829 2468 884 aries
2500 830 2779 889 humanas
2808 841 3034 891 natura;
3067 835 3403 907 exemplum
3432 834 3564 889 fuit.
3580 832 3693 888 Sed

2050 923 2109 972 et
2139 919 2425 991 temporis
2456 921 2708 990 quadrat
2736 939 3055 980 numerus:
3090 932 3209 981 tres
3241 924 3399 981 enim
3448 924 3575 979 dies
3622 939 3692 979 ac

2048 1006 2295 1063 totidem
2326 1014 2531 1065 noctes
2565 1015 2622 1065 et
2651 1012 2748 1067 hic
2778 1018 2837 1067 et
2864 1013 2943 1070 ibi
2974 1019 3129 1071 sunt.

2117 1101 2268 1152 Ante
2298 1099 2619 1171 prophetas
2652 1100 2987 1159 Abrahamo
3012 1103 3387 1161 DeiVerbum
3405 1103 3466 1159 in
3488 1103 3692 1159 huma.

2046 1202 2124 1241 na
2142 1185 2334 1241 forma
2362 1189 2639 1259 apparuit
2659 1205 2727 1245 ac
2748 1190 2820 1245 de
2842 1191 3122 1247 vocandis
3163 1191 3238 1247 ad
3262 1191 3515 1247 salutem
3544 1206 3690 1262 gen—

2045 1273 2204 1328 tibus
2236 1275 2617 1332 vaticinatum
2651 1284 2777 1345 est;
2812 1295 2993 1350 quam
3022 1296 3147 1337 rem
3170 1280 3245 1335 ad
3275 1280 3456 1335 ﬁnem
3488 1284 3694 1334 nostra

2045 1367 2217 1419 aatate
2240 1364 2493 1421 Verbum
2514 1365 2617 1421 Dei
2639 1367 2935 1439 perduxit,
2958 1368 3255 1443 Evangelii
3286 1368 3558 1425 doctrina
3587 1384 3694 1439 per

2045 1469 2253 1507 omnes
2274 1454 2550 1510 nationes
2573 1455 2793 1511 dedita.
2815 1457 3105 1529 Josephus
3126 1463 3333 1513 auctor
3366 1462 3457 1515 est
3482 1455 3694 1537 princi-

2043 1557 2179 1614 pem
2198 1541 2603 1599 Abrahamum
2625 1545 2745 1600 Deo
2757 1547 3017 1601 universi
3031 1546 3335 1619 opiﬁcium
3347 1544 3694 1616 ascripsisse

2043 1631 2423 1704 primumque
2434 1634 2740 1706 Egyptiis,
2768 1652 2902 1690 cum
2916 1636 2991 1692 ad
3002 1652 3104 1691 eos
3117 1653 3179 1692 se
3193 1636 3562 1701 contulisset,
3588 1650 3693 1690 nu-

2043 1738 2347 1779 merorum
2359 1740 2427 1779 ac
2438 1724 2754 1780 caelestium
2764 1734 3023 1785 motuum
3035 1726 3333 1783 scientian
3350 1725 3686 1785 tradidisse.

280 1810 547 1886 γὲραστος
599 1810 909 1884 γενόμενος,
967 1809 1196 1879 ἠξίωσεν
1256 1809 1285 1865 6
1342 1805 1597 1883 βασιλεὺς
1649 1808 1738 1864 ὑπ’
1761 1808 1931 1864 αὑτοῦ

2051 1811 2128 1867 [bi
2152 1828 2287 1867 cum
2309 1812 2525 1869 charus
2550 1816 2979 1886 summoquein
3002 1816 3225 1872 honore
3244 1815 3583 1883 haberetur,
3615 1831 3687 1871 ex

275 1900 652 1976 γυμνασθῆναι
708 1898 774 1954 τὰ
831 1898 958 1975 περὶ
1014 1896 1375 1973 ἀστρολογίαν
1429 1898 1518 1954 καὶ
1580 1897 1806 1973 μαγείαν
1839 1896 1934 1953 ἆτε

2051 1900 2112 1956 1b
2142 1918 2235 1971 eo,
2269 1906 2471 1973 utpote
2502 1902 2819 1975 multiplici
2852 1904 2954 1961 54
3010 1905 3224 1976 peritia
3281 1905 3571 1961 instructo
3618 1921 3689 1960 ac

275 1987 623 2062 πολυπείρου
665 1988 756 2044 καὶ
804 1985 1092 2045 Χαλδαίου
1141 1989 1532 2064 τυγχάνοντος.
1568 1987 1933 2065 ’Δστρολογία

271 2078 369 2153 γὰρ
435 2078 530 2132 καὶ
583 2076 784 2154 μαγεία
832 2077 942 2133 ἀπὸ
989 2077 1347 2151 Μαγουσαίων
1388 2079 1513 2149 ἢτοι
1558 2082 1779 2154 Περσῶν
1828 2077 1931 2153 ἢρ-

273 2167 418 2238 ξατο’
480 2167 533 2221 οἱ
591 2166 693 2243 γάρ
722 2187 809 2222 τοι
872 2167 1066 2242 Πέρσαι
1115 2167 1326 2243 Μαγὼγ
1368 2167 1470 2222 ὑπὸ
1497 2170 1605 2222 τῶν
1637 2165 1929 2246 ἔγχωρίων

277 2258 665 2330 ὀνομάζονται.
725 2258 822 2312 Καὶ
882 2254 949 2326 δὴ
1027 2261 1133 2314 τῶν
1187 2256 1533 2333 ἀστρολόγων
1591 2258 1681 2314 καὶ
1742 2256 1927 2334 μάγων

276 2347 773 2421 συναθροισθέντων
826 2346 855 2402 6
916 2346 1173 2422 βασιλεὺς
1231 2342 1345 2421 ἅμα
1399 2351 1480 2420 τῷ
1537 2342 1790 2423 Ἀϐραὰμ
1839 2346 1928 2403 καὶ

274 2442 388 2499 τοῖς
471 2437 755 2506 συνήθεσιν
823 2434 1108 2507 ἐκαθέσθη,
1172 2436 1263 2493 καὶ
1329 2436 1562 2513 ἡσυχίας
1625 2434 1926 2512 γενομένης

279 2526 308 2580 6
334 2520 601 2599 Ἀϐραὰμ
650 2518 776 2604 ἔφη.
810 2550 839 2577 ‹‹
900 2527 1105 2583 Μαθεῖν
1160 2525 1438 2602 βούλομαι
1486 2527 1610 2601 παρ’
1639 2526 1791 2600 ὑμῶν
1817 2529 1926 2581 τῶν

285 2619 490 2692 σοιξοῶν,
548 2614 596 2669 εἷ
653 2611 875 2670 δύναται
932 2614 1136 2692 γένεσις
1170 2615 1261 2671 καὶ
1322 2616 1522 2692 μαγεία
1570 2615 1778 2692 βλάψαι
1806 2616 1932 2672 τινά

285 2704 323 2773 ἢ
378 2702 655 2783 ὠφελῆσαι
712 2705 852 2759 κατά
906 2707 1005 2775 τὴν
1058 2704 1316 2781 ὑμετέραν
1373 2703 1553 2777 δόξαν,
1615 2730 1644 2758 ››
1704 2707 1822 2783 Ἀφ’
1852 2707 1925 2761 ὧν

277 2793 598 2869 ἀποκριθεὶς
645 2792 987 2870 ἀστρολόγος
1036 2794 1183 2850 εἶπεν
1234 2791 1496 2852 ἀδύνατον
1541 2796 1679 2851 εἶναι
1718 2793 1931 2870 ἅνθρω-

274 2904 374 2939 πον
434 2883 583 2957 παρά
635 2884 844 2961 γένεσιν
895 2882 1236 2955 τελευτῆσαι.
1291 2885 1421 2941 Ὑπὸ
1464 2882 1522 2940 δὲ
1546 2888 1644 2940 τοῦ
1677 2880 1930 2959 Ἀϐραὰμ

273 2976 545 3048 κραταιῶς
609 2970 1048 3052 ἐξελεγχομένων
1098 2977 1210 3029 τῶν
1266 2971 1614 3051 ἀστρολόγων
1655 2972 1867 3029 κελεύει
1899 2975 1928 3029 6

276 3060 536 3139 βασιλεὺς
566 3061 805 3137 ἀχθῆναί
832 3082 955 3118 τινα
986 3059 1205 3137 δέσμιον
1247 3057 1618 3126 ὑποϐαλόντος
1651 3058 1925 3138 Ἀϐραὰμ,

274 3149 839 3227 προκαταδικασθέντα
904 3153 1281 3229 πυρόκαυστον
1375 3154 1642 3228 γενέσθαι.
1698 3151 1928 3227 Ἀχθὲν-

277 3264 367 3306 τος
424 3240 487 3298 δὲ
538 3241 863 3318 προσέταξεν
918 3245 948 3299 6
1007 3242 1267 3319 βασιλεὺς
1342 3247 1441 3314 τήν
1513 3243 1680 3300 αὐτοῦ
1734 3242 1936 3319 γένεσιν

283 3327 529 3408 ἀκριϐῶς
582 3332 1097 3407 ἑξερευνησαμένους
1151 3334 1242 3390 τὸν
1296 3333 1498 3410 τρόπον
1556 3339 1789 3405 ζητῆσαι
1847 3331 1945 3387 τοῦ

286 3422 543 3478 θανάτου.
610 3425 727 3476 Τῶν
779 3419 837 3477 δὲ
894 3426 1141 3497 συνεχῶς
1196 3419 1664 3497 διασκεψαμενων,
1718 3422 1807 3477 καὶ
1863 3419 1942 3476 εί·

289 3507 503 3565 πόντων
552 3508 638 3564 ὅτι
696 3532 727 3560 «
759 3506 1144 3582 Πυρποληθεὶς
1202 3511 1418 3572 πάντως
1444 3509 1818 3579 ἀποθανεῖται,
1843 3516 1944 3579 τῆς

295 3597 553 3672 γενέσεως
588 3595 738 3669 μάλα
794 3601 979 3677 σαφῶς
1029 3602 1197 3655 τοῦτο
1236 3596 1686 3674 διαγορευούσης,
1725 3598 1853 3655 ἀλλ’
1885 3599 1945 3655 οὑ

303 3690 393 3740 νῦν
421 3678 539 3764 ἔχει
597 3686 701 3761 γάρ
752 3679 831 3740 ἔτι
890 3684 1124 3766 χρόνους
1184 3693 1354 3758 ζωῆς,
1382 3687 1475 3743 καὶ
1506 3684 1660 3743 οὔπω
1690 3685 1947 3757 ἐληλύθει

300 3777 334 3844 ἡ
367 3775 485 3848 ὥρα
513 3781 615 3845 τῆς
644 3773 905 3846 τελευτῆς
953 3774 1139 3832 αὐτοῦ’
1174 3798 1202 3827 ››
1250 3776 1340 3832 καὶ
1371 3778 1402 3833 6
1437 3776 1714 3853 βασιλεὺς,
1749 3799 1777 3829 (ι
1799 3775 1947 3854 Ἐγὼ

295 3866 543 3939 σήμερον
574 3866 792 3933 τοῦτον,
823 3865 1020 3944 φήσας,
1074 3864 1378 3936 ἀπαλλάξω
1405 3870 1503 3921 τοῦ
1533 3863 1623 3920 διὰ
1649 3867 1823 3941 πυρὸς
1854 3877 1947 3931 θα-

293 3950 477 4020 νᾶτου,
508 3956 591 4025 τῷ
631 3950 783 4008 ὕδατι
837 3952 1065 4027 ἀνελὼν,
1100 3978 1128 4005 υ
1180 3954 1272 4010 καὶ
1325 3955 1470 4011 οὕτω
1499 3954 1745 4029 παραυτά
1780 3958 1950 4026 ποιή-

296 4061 414 4109 σας,
470 4035 617 4118 ἔργῳ
681 4040 1015 4118 παρέστησεν
1078 4042 1157 4099 ὅτι
1216 4040 1434 4100 δύναταί
1470 4065 1522 4099 τι
1561 4042 1709 4116 παρὰ
1745 4042 1947 4119 γένεσιν

294 4130 561 4205 γενέσθαι.
598 4154 627 4181 υ
659 4132 1083 4207 Ἤσυχασάντων
1108 4130 1166 4189 δὶ
1186 4132 1399 4189 πάντων
1431 4133 1597 4210 φησὶν
1619 4135 1648 4188 6
1677 4127 1946 4208 Ἀϐραάμ·

294 4243 326 4273 α
354 4219 433 4277 Οὐ
490 4220 660 4292 μόνον
718 4220 772 4276 οὶ
834 4216 1111 4294 ἅνθρωποι
1171 4220 1317 4278 ἀλλά
1370 4222 1462 4278 καὶ
1511 4223 1578 4279 τὰ
1634 4221 1806 4296 ἄλογα
1837 4228 1950 4293 ζῶα

297 4308 608 4364 ὑπόκεινται
636 4308 858 4384 γενέσει.
891 4308 1065 4367 Ἀλλά
1092 4311 1182 4366 καὶ
1226 4312 1280 4367 οἱ
1330 4312 1607 4387 ἂνθρωποι
1638 4312 1731 4385 μὲν
1759 4309 1950 4387 ἔχουσι

294 4397 357 4453 τὸ
406 4395 719 4475 ἅλευθέριον
780 4397 833 4454 ἰν
897 4399 1132 4471 ἑαυτοῖς,
1193 4401 1269 4475 μὴ
1331 4400 1681 4476 ὑποκείμενοι
1722 4399 1948 4476 γενέσει,

293 4487 483 4543 καθότι
534 4494 635 4557 τῆς
686 4488 945 4562 γενέσεως
1001 4488 1175 4546 ἰκεῖνο
1229 4484 1615 4565 πρεσϐύτερον,
1645 4489 1781 4565 ὅπερ
1808 4489 1951 4546 ἐστὶν

2037 1988 2648 2059 Chaldaao,contendit
2661 1992 2747 2049 uti
2764 1992 3145 2065 astrologiam
3166 2009 3237 2049 ac
3258 1993 3513 2065 magiam
3528 1998 3687 2064 pate-

2036 2079 2276 2136 faceret.
2308 2079 2642 2152 Astrologia
2670 2080 2830 2137 enim
2862 2086 2923 2136 et
2951 2082 3145 2155 magia
3168 2098 3198 2137 a
3232 2081 3537 2154 Magusaeis
3579 2097 3688 2137 seu

2037 2168 2233 2225 Persis
2264 2174 2394 2225 orta
2422 2173 2513 2225 est
2542 2174 2602 2224 et
2631 2169 2876 2241 quidem
2907 2172 3099 2227 Persae
3129 2171 3204 2226 ab
3234 2170 3533 2243 indigenis
3564 2172 3686 2227 Ma-

2035 2274 2145 2331 gog
2174 2257 2572 2329 appellantur.
2600 2260 2750 2332 Ergo
2781 2259 3050 2316 collectis
3081 2260 3395 2333 astrologis
3441 2276 3511 2316 ac
3563 2276 3688 2316 ma-

2033 2346 2123 2419 gis
2154 2363 2256 2403 rex
2287 2363 2422 2403 cum
2452 2346 2787 2404 Abrahamo
2820 2354 2880 2403 et
2932 2349 3334 2406 familiaribus
3390 2348 3689 2419 consedit,

2034 2433 2307 2506 factoque
2334 2434 2597 2503 silentio,
2630 2457 2659 2486 ‹‹
2691 2438 2775 2491 Ex
2804 2435 2989 2502 vobis,
3024 2455 3058 2492 ο
3116 2437 3435 2508 sapientes,
3488 2436 3687 2507 inquit

2033 2522 2770 2592 Abrahamus,intelligere
2791 2524 2963 2595 cupio
2985 2541 3060 2581 an
3082 2526 3413 2581 secundum
3428 2530 3684 2580 vestram

2034 2612 2377 2683 opinionem
2400 2611 2675 2667 nativitas
2696 2629 2765 2667 ac
2786 2613 2980 2685 magia
2998 2612 3283 2684 prodesse
3325 2613 3553 2668 homini
3585 2619 3687 2668 aut

2033 2718 2248 2758 nocere
2279 2701 2486 2773 possit.
2522 2724 2544 2753 ι
2582 2701 2671 2757 Ad
2702 2702 2828 2758 haec
2859 2702 3190 2775 astrologus
3220 2701 3680 2775 responditnul-

2032 2792 2092 2849 lo
2126 2789 2302 2847 modo
2332 2791 2461 2847 ﬁeri
2490 2807 2664 2862 posse
2694 2796 2761 2847 ut
2789 2792 2968 2847 homo
2999 2807 3169 2847 secus
3193 2792 3480 2848 moriatur
3499 2807 3679 2863 quam

2033 2884 2252 2941 natalis
2265 2884 2475 2940 horaei
2490 2884 2822 2955 portendat.
2848 2883 2935 2940 Ibi
2963 2900 3098 2939 cum
3136 2884 3468 2957 astrologos
3488 2882 3678 2941 Abra-

2032 2975 2246 3030 hamus
2266 2972 2455 3029 valide
2477 2974 2856 3029 convinceret
2874 2974 3116 3043 erroris,
3148 2973 3677 3045 captivumquem-

2033 3064 2168 3120 dam
2183 3063 2395 3120 adduci
2412 3080 2514 3118 rex
2524 3062 3111 3134 jussit,itamonente
3123 3064 3481 3133 Abrahamo,
3505 3080 3682 3135 quem

2040 3154 2265 3227 judicis
2286 3152 2584 3209 sententia
2590 3154 2719 3224 jam
2733 3159 2870 3208 ante
2892 3153 3015 3226 igni
3036 3152 3509 3209 comburendum
3529 3154 3692 3239 dqm-

2056 3250 2327 3310 naverat;
2352 3243 2770 3314 mandavitque
2792 3248 2855 3299 ut
2877 3242 3106 3299 natales
3124 3243 3257 3315 ejus
3276 3248 3549 3298 accurate
3565 3259 3695 3298 exa-

2053 3334 2376 3399 minarent,
2407 3349 2476 3389 ac
2507 3349 2622 3403 quo
2651 3333 2858 3389 mortis
2911 3347 3128 3405 genere
3184 3332 3484 3404 periturus
3541 3338 3697 3388 esset

2056 3422 2533 3497 pronuntiarent.
2568 3421 3086 3494 Respondentibus
3137 3421 3210 3476 iis
3257 3426 3393 3494 post
3444 3420 3699 3478 multam

2056 3512 2603 3570 considerationem
2633 3510 2878 3567 omnino
2908 3511 3215 3567 hominem
3247 3510 3525 3567 incendio
3546 3511 3702 3581 peri-

2058 3610 2279 3670 turum,
2315 3603 2495 3674 idque
2526 3601 2837 3673 perspicue
2870 3600 3239 3656 nativitatem
3266 3600 3398 3672 ejus
3454 3600 3704 3666 dictare,

2057 3709 2253 3765 neque
2286 3698 2485 3747 tamen
2516 3688 2575 3745 id
2607 3689 2833 3755 statim,
2859 3689 3001 3759 quia
3032 3693 3266 3760 tempus
3318 3689 3528 3745 mortis
3573 3689 3703 3760 ejus

2056 3780 2324 3838 nondum
2344 3778 2710 3851 appetiisset,
2736 3775 2839 3832 sed
2861 3777 2991 3831 vita
3007 3775 3201 3832 adhuc
3248 3776 3477 3847 aliquid
3517 3782 3704 3833 resta-

2057 3877 2168 3940 ret,
2197 3892 2224 3921 ‹‹
2248 3870 2356 3926 Ast
2375 3884 2502 3940 ego,
2521 3866 2860 3936 inquitrex,
2882 3864 3060 3920 hodie
3078 3880 3213 3919 eum
3237 3864 3310 3919 ab
3330 3864 3485 3936 ignis
3497 3865 3705 3934 perni-

2059 3963 2147 4020 cie
2178 3956 2587 4023 vindicabo,in
2608 3970 2763 4025 aqua
2784 3954 3156 4011 suﬁ‘ocatum.
3201 3973 3229 4002 ››
3283 3951 3588 4021 Simulque
3620 3951 3704 4006 ita

2058 4054 2143 4111 uti
2165 4050 2397 4107 dixerat
2415 4061 2551 4103 eum
2572 4060 2816 4111 necans,
2831 4043 3037 4114 reipsa
3050 4041 3473 4098 demonstravit
3503 4039 3707 4110 aliqua

2060 4146 2268 4200 contra
2294 4135 2569 4193 natalitia
2619 4132 2859 4189 decreta
2912 4131 3042 4187 ﬁeri
3094 4147 3290 4203 posse.
3349 4129 3703 4187 Tacentibus

2060 4230 2200 4288 inde
2219 4227 2498 4285 omnibus
2514 4223 2886 4280 Abrahamus
2908 4222 2992 4277 ita
3010 4220 3168 4277 fatur
3187 4236 3200 4276 :
3219 4242 3247 4270 ‹‹
3276 4221 3403 4276 Non
3431 4220 3707 4277 homines

2061 4319 2258 4387 modo,
2292 4316 2397 4373 sed
2427 4319 2486 4370 et
2514 4313 2687 4369 bruta
2714 4309 3043 4367 animantia
3071 4309 3189 4365 fato
3249 4309 3519 4366 natalitio
3569 4308 3706 4365 sub-

2053 4411 2215 4483 jecta
2236 4410 2394 4462 sunt.
2413 4403 2725 4459 Enimvero
2749 4399 3023 4455 homines
3044 4398 3107 4452 in
3126 4413 3257 4454 sese
3286 4397 3433 4469 ipsis
3462 4397 3710 4454 liberta-

2061 4505 2182 4555 tem
2210 4497 2329 4553 fato
2360 4495 2457 4550 isti
2511 4506 2892 4564 nequaquam
2936 4487 3258 4545 obnoxiam
3307 4488 3573 4545 habent:
3619 4492 3710 4543 est

292 4570 469 4634 ἶννοια
506 4578 597 4633 καὶ
658 4578 1095 4655 αὖτεξουσιότης,
1152 4581 1213 4637 ἐκ
1267 4584 1401 4638 Θεοῦ
1460 4577 1677 4653 δηλαδή
1708 4578 1940 4657 δεδωρη·

2054 4587 2217 4644 enim
2232 4582 2555 4641 nativitatis
2570 4580 2669 4638 δῦ
2685 4578 2805 4635 fato
2818 4576 3125 4650 quidpiam
3139 4575 3705 4648 antiquius,intelle-

298 4667 451 4742 μίγη.
481 4668 642 4727 Ὅθεν
694 4673 801 4724 τῶν
861 4668 1078 4746 ἀλόγων
1137 4670 1415 4738 κρείττους
1472 4665 1620 4734 ὄντες
1653 4673 1818 4745 ἡμεῖς
1850 4671 1943 4744 μὶν

295 4758 411 4813 κατ’
458 4756 703 4828 ἐξουσίαν
762 4759 1001 4834 ἀναιρεῖν
1060 4758 1197 4817 αὑτά
1250 4760 1586 4842 πεφύκαμεν.
1644 4765 1831 4835 Ἦμῶν
1891 4757 1949 4816 δὲ

296 4846 369 4909 ὡς
399 4848 727 4921 κρειττόνων
785 4852 893 4904 τῶν
947 4847 1167 4925 ἀλόγων
1223 4850 1286 4906 σὺ
1341 4849 1507 4907 πάλιν
1564 4851 1639 4913 ὡς
1692 4850 1947 4927 βασιλεὺς

293 4937 560 5010 κρείττων
604 4939 765 5011 ἡμῶν
824 4939 1112 5016 ὑπάρχεις,
1168 4942 1286 4996 κατ’
1337 4940 1579 5011 ἐξουσίαν
1640 4939 1947 5019 ὑπερὲχων.

294 5029 376 5102 [Ρ.
409 5029 501 5102 3i]
531 5027 620 5090 Ὠς
654 5027 746 5082 οὗν
799 5030 965 5102 ἡμεῖς
1021 5032 1160 5087 κατά
1218 5032 1281 5087 τὸ
1339 5029 1561 5107 λογικὸν
1591 5035 1699 5087 τῶν
1730 5028 1948 5106 ἀλόγων

296 5121 477 5197 ζώων,
511 5119 656 5174 οὕτω
688 5121 773 5189 σὺ,
806 5117 852 5174 ὦ
885 5118 1134 5197 βασιλεῦ,
1158 5122 1295 5178 κατὰ
1314 5123 1406 5178 τὸν
1438 5126 1537 5187 τῆς
1570 5122 1750 5197 ἀρχῆς
1784 5119 1952 5197 λόγον

290 5191 623 5281 ἱξουσιᾶζεις
654 5211 836 5283 ἡμῶν,
865 5207 1051 5287 ὥσπερ
1083 5210 1150 5282 δὴ
1201 5211 1294 5267 καὶ
1351 5215 1447 5267 σοῦ
1498 5208 1666 5267 πάλιν
1695 5210 1953 5285 κρείττων

294 5298 591 5376 ἀνθρώπων
644 5301 740 5373 μὲν
793 5299 993 5371 οὐδεὶς,
1052 5301 1183 5359 Θεὸς
1243 5302 1301 5358 δὲ
1356 5300 1586 5376 ἀόρατος
1616 5299 1705 5356 καὶ
1734 5300 1950 5355 πάντων

295 5391 570 5460 Δεσπότης
602 5391 695 5445 καὶ
727 5391 1001 5462 Ποιητής,
1035 5394 1161 5466 παρ’
1199 5392 1262 5447 οὗ
1309 5391 1401 5448 καὶ
1447 5391 1510 5446 τὸ
1558 5391 1832 5467 συμφέρον
1865 5388 1954 5443 αῖ-

297 5480 501 5534 τεῖσθαι
530 5480 622 5534 καὶ
653 5478 1053 5555 προσεύχεσθαι
1104 5477 1206 5536 δεῖ.
1243 5505 1272 5531 ››
1330 5479 1470 5536 Φασὶ
1523 5475 1579 5546 δὲ
1625 5478 1715 5534 καὶ
1763 5473 1955 5531 τούσδε

299 5570 422 5632 τοὺς
458 5569 661 5645 λόγους
691 5570 786 5624 τὸν
820 5564 1071 5643 Ἀϐρααμ
1099 5569 1294 5639 εἰπεῖν,
1331 5569 1542 5640 πολλὴν
1584 5569 1721 5624 εἶναι
1758 5567 1953 5641 μεταξὺ

306 5656 562 5731 ἀληθείας
621 5660 714 5715 καὶ
773 5661 1055 5730 συνηθείας
1114 5660 1214 5729 τὴν
1276 5654 1553 5737 διαφοράν.
1616 5659 1709 5715 Καὶ
1771 5659 1871 5733 γὰρ
1915 5659 1950 5726 ἡ

2056 4682 2185 4734 ctus
2200 4689 2414 4745 nempe
2426 4669 2684 4727 etlibera
2696 4671 2959 4740 potestas
2973 4665 3087 4733 sui,
3098 4666 3199 4722 Dei
3213 4664 3370 4721 dono
3397 4681 3704 4720 concessa.

2059 4766 2264 4837 Itaque
2286 4778 2396 4817 nos
2410 4758 2602 4816 brutis
2616 4754 2953 4828 superiores
2974 4759 3264 4826 potestate
3286 4758 3491 4809 nostra
3536 4752 3597 4806 in
3630 4751 3705 4805 iis

2058 4852 2344 4912 necandis
2374 4849 2459 4906 uti
2490 4847 2771 4904 solemus.
2834 4843 3014 4901 Nobis
3063 4849 3284 4908 autem,
3344 4841 3445 4912 qui
3494 4839 3703 4895 bestiis

2060 4948 2432 5017 praestamus,
2455 4943 2519 4993 tu
2550 4951 2787 4991 rursum
2818 4932 2992 5005 regiae
3025 4937 3140 4987 tua:
3166 4930 3443 5002 potentiae
3472 4927 3705 4982 ratione

2061 5015 2371 5090 antecellis
2396 5046 2411 5093 ;
2444 5032 2502 5082 et
2531 5022 2828 5098 quomodo
2858 5038 2969 5077 nos
2998 5024 3240 5092 propter
3296 5016 3589 5072 rationem
3642 5015 3705 5071 in

2062 5121 2256 5185 bruta,
2284 5120 2367 5173 ita
2388 5118 2525 5172 tuin
2569 5132 2679 5170 nos
2727 5110 3104 5183 magistratus
3145 5122 3323 5161 causa
3352 5110 3709 5177 potestatem

2064 5209 2319 5266 obtines.
2340 5209 2561 5261 lterum
2584 5210 2638 5258 te
2664 5215 2901 5272 quoque
2926 5195 3226 5268 potentior
3254 5200 3346 5249 est
3376 5193 3552 5249 homo
3574 5196 3675 5266 qui
3696 5227 3705 5235 -

2063 5301 2197 5357 dem
2232 5314 2427 5357 nemo.
2460 5294 2565 5350 sed
2596 5295 2750 5349 Deus
2772 5287 3108 5349 invisibilis,
3130 5285 3401 5340 omnium
3423 5285 3711 5343 Dominus

2062 5397 2241 5460 atque
2272 5384 2574 5453 Conditor,
2604 5397 2638 5436 a
2668 5395 2784 5450 quo
2816 5377 2966 5431 votis
3024 5373 3347 5446 petendum
3405 5379 3496 5430 est
3552 5376 3712 5447 quod

2063 5477 2212 5534 utile
2246 5478 2341 5531 sit.
2380 5499 2390 5521 ›
2436 5473 2654 5528 Ferunt
2682 5473 2743 5522 et
2795 5466 2923 5521 haec
2982 5462 3388 5520 Abrahamum
3437 5463 3708 5520 dixisse:

2066 5588 2095 5615 ‹‹
2122 5565 2390 5636 Magnum
2409 5565 2499 5615 est
2518 5560 2673 5614 inter
2688 5555 2995 5610 veritatem
3012 5552 3573 5608 etconsuetudinem
3597 5551 3713 5607 dis—

2066 5654 2291 5712 crimen
2317 5667 2329 5705 :
2358 5650 2570 5705 veritas
2591 5644 2907 5718 siquidem,
2932 5642 3109 5698 etiam
3132 5657 3266 5697 cum
3290 5641 3471 5715 probe
3511 5641 3710 5697 inves-
