4156 6188
450 343 527 403 83
1805 336 2099 398 GEOBGI

2213 337 2512 399 suam
2550 422 2555 431 θ
3776 338 3859 397 84

450 481 689 552 tigatur,
714 495 867 552 aegre
888 478 1209 543 invenitur,
1234 474 1623 543 consuetudo,
1664 471 2096 545 qualiscunque

2210 467 2438 540 ἀλήθεια
2472 471 2568 543 μὶν
2600 470 2839 547 γνησίως
2881 473 2970 527 καὶ
3021 469 3328 546 ζητουμένη
3395 471 3557 545 μόλις
3610 470 3853 546 εύρίσκε-

453 586 545 638 ea,
559 574 617 626 et
638 570 756 625 sive
776 585 969 631 verax,
994 568 1116 622 sive
1139 565 1215 619 sit
1229 562 1429 628 fallax,
1461 562 1617 618 ultro
1643 562 1772 618 sine
1820 562 2095 618 examine

455 676 585 715 sese
608 660 798 715 οὖσι-ι.
817 660 958 713 Tum
972 670 1165 724 neque
1179 669 1249 708 ex
1261 651 1691 708 consuetudine
1713 668 1748 707 a
1767 651 2096 724 majoribus

456 748 569 804 sibi
602 747 835 812 tradita,
860 745 906 798 si
930 748 1090 797 recta
1110 741 1208 810 sit,
1228 741 1612 813 voluptatem,
1659 757 1853 812 neque
1903 740 1949 795 si
1986 738 2095 795 fal-

455 836 548 891 lax
580 836 675 899 sit,
710 831 1044 887 molestiam
1075 830 1254 887 homo
1286 829 1556 902 percipit.
1591 832 1717 885 Non
1748 830 1909 884 enim
1962 845 2095 899 pro-

453 923 580 996 prio
602 921 783 976 animi
808 919 898 975 sui
909 918 1162 992 judicio,
1188 919 1292 975 sed
1313 918 1660 991 prajudicio
1701 924 1758 974 et
1799 919 2095 990 majorum

452 1009 763 1067 sententias
791 1008 1015 1074 credit;
1035 1025 1151 1081 quo
1178 1009 1244 1064 ﬁt
1258 1014 1469 1063 utcum
1493 1023 1657 1081 spem
1698 1024 1868 1065 suam
1913 1008 1975 1063 in
2005 1007 2097 1063 in-

450 1104 612 1155 certo
630 1099 885 1155 fortuna;
907 1098 1407 1170 reposuerit,’non
1430 1097 1600 1154 facile
1620 1102 1934 1170 paternum
1957 1113 2095 1168 pos-

450 1189 757 1247 sitexuere
777 1189 1061 1243 amictum
1081 1203 1447 1258 ;quanquam
1464 1187 1523 1241 id
1546 1186 1704 1257 quod
1721 1203 1755 1241 a
1771 1186 2097 1259 majoribus

450 1279 682 1350 accepit
709 1278 762 1333 ei
790 1278 968 1350 plane
996 1277 1244 1335 stultum
1276 1283 1367 1332 est
1389 1277 1709 1332 ridiculum
1757 1294 1886 1333 esse
1918 1277 2095 1348 liqui.

452 1368 528 1425 do
559 1368 1020 1425 demonstretur.
1055 1367 1182 1421 Jam
1215 1366 1315 1437 qui
1346 1365 1565 1422 multos
1598 1372 1655 1421 et
1683 1366 1879 1422 omnis
1916 1382 2097 1438 gene-

452 1456 535 1512 ris
558 1455 901 1513 aﬂ‘ectiones
924 1469 1238 1528 perpessos
1258 1453 1400 1509 deos
1423 1459 1936 1525 statuunt,eosque
1962 1453 2099 1508 imi-

452 1550 675 1612 tantur,
708 1545 815 1601 hos
846 1561 922 1600 ne
953 1544 1136 1616 pudet
1165 1542 1405 1614 quidem
1439 1543 1761 1615 exemplari
1795 1544 2098 1615 pravitatis

452 1651 575 1689 sua;
606 1633 804 1689 inniti.
837 1633 944 1697 Qui
976 1647 1111 1686 vero
1142 1632 1330 1687 fatum
1387 1637 1447 1687 et
1506 1631 1732 1687 natales
1783 1632 2098 1688 commini-

453 1726 701 1779 scuntur
729 1738 798 1778 ac
828 1720 1163 1794 prodigiose
1195 1725 1514 1792 nugantur,
1542 1726 1749 1777 contra
1789 1721 1915 1775 haec
1946 1720 2099 1775 nihil

452 1811 759 1868 hominem
786 1826 979 1881 neque
1010 1826 1183 1882 agere
1213 1826 1409 1881 neque
1439 1810 1541 1867 ὅθ
1565 1810 1793 1882 perpeti
1828 1826 2023 1881 posse,
2057 1808 2093 1863 ii
2128 1838 2174 1902 Β

453 1917 659 1958 secure
671 1899 1169 1972 peccant,absque
1188 1905 1372 1967 metu,
1396 1903 1601 1970 utpote
1623 1914 1771 1971 quos
1794 1915 1901 1954 sua
1938 1899 2094 1954 nati-

451 1991 597 2045 vitas
627 1990 711 2044 ita
737 2005 909 2061 agere
939 1993 1108 2061 cogat
1133 2005 1147 2042 :
1179 1987 1366 2043 fatum
1383 1988 1601 2059 quippe
1614 1988 1730 2043 vim
1743 1989 2097 2043 coactricem

452 2095 604 2145 esse,
638 2094 769 2149 qua:
796 2078 1057 2133 materim
1086 2082 1314 2132 motum
1346 2078 1573 2132 aﬂ'erat.
1605 2079 1859 2132 Rursum
1891 2078 1991 2149 qui
2024 2078 2100 2132 si.

454 2183 530 2223 ne
555 2166 925 2239 providentia
958 2165 1059 2220 Dei
1092 2165 1332 2221 fortuito
1391 2165 1593 2221 omnia
1648 2165 1788 2221 ferri
1838 2182 2098 2237 casuque

452 2256 795 2312 universum
826 2255 939 2310 hoc
969 2254 1061 2327 agi
1094 2254 1410 2326 perhibent
1440 2255 1593 2327 (esse
1624 2254 2096 2311 enimfortunam

455 2362 697 2402 causam
727 2360 833 2417 per
862 2344 1161 2410 accidens,
1195 2361 1263 2400 ac
1294 2345 1575 2417 quiddam
1604 2349 1833 2401 naturas
1854 2345 2096 2401 aliunde

450 2434 729 2491 accidens
755 2439 858 2491 aut
913 2433 1211 2505 consilio),
1271 2433 1332 2488 hi
1390 2432 1601 2489 eodem
1657 2433 1989 2489 incidentes
2034 2435 2097 2489 in

450 2529 751 2581 extremas
780 2522 1218 2596 profunditates
1246 2523 1535 2595 perniciei
1566 2539 1635 2579 ac
1664 2524 1974 2597 voragines
2006 2524 2097 2579 in-

448 2614 713 2671 ferorum
739 2613 1156 2670 devolvuntur.
1180 2634 1207 2662 ι»

523 2790 741 2844 Videns
766 2805 903 2861 ergo
934 2788 1128 2843 dictus
1159 2790 1515 2844 Gerarorum
1546 2805 1649 2843 rex
1680 2788 2098 2845 Abimelechus

450 2878 750 2933 Abraham
774 2877 834 2932 in
860 2876 1139 2932 omnibus
1163 2877 1342 2932 rebus
1362 2878 1839 2948 prosperitatem,
1866 2893 2095 2932 assum-

450 2967 567 3038 ptis
589 2966 893 3022 Ochozado
915 2965 1175 3038 gynmcei
1196 2964 1473 3036 praefecto
1495 2970 1554 3019 et
1574 2965 1855 3021 Philocho
1875 2982 2098 3021 summo

453 3054 747 3112 exercitus
768 3055 859 3110 sui
882 3054 1052 3124 duce,
1085 3055 1158 3110 ad
1180 3055 1585 3111 Abrahamum
1627 3056 1805 3121 venit,
1828 3056 2100 3112 arctioris

452 3144 730 3201 amicitias
754 3143 1066 3215 iungenda;
1084 3144 1606 3217 gratia;petiitque
1639 3144 1712 3200 ab
1753 3161 1822 3199 eo
1853 3152 1918 3199 ut
1930 3146 2096 3216 jura-

2204 576 2313 613 ταιο
2347 561 2409 615 τὸ
2439 558 2559 625 ἔθος
2590 559 2668 631 δὶ,
2699 562 2889 619 ὁποῖον
2918 563 2980 618 ’ἀν
3025 564 3080 634 ᾗ,
3122 561 3231 617 εἷ’τε
3275 559 3475 631 ἀληθὲς
3504 559 3610 615 εἴτε
3640 556 3852 634 ψευδὲς,

2206 648 2442 725 ἀκρίτως
2501 651 2587 731 ὑφ’
2642 652 2834 708 ἑαυτοῦ
2887 653 3221 729 κρατύνεται.
3287 652 3392 709 Καὶ
3474 651 3599 706 οὔτε
3654 650 3855 721 ἀληθεῖ

2205 733 2318 794 ὄντι
2374 736 2563 808 ἥδεται
2622 741 2651 795 ὁ
2707 740 2967 815 πατρόθεν
3028 740 3156 796 αὐτὸ
3215 737 3675 813 παραδεξάμενος,
3728 737 3854 794 οὕτε

2207 826 2392 902 ψευδεῖ
2420 825 2668 904 ἄχθεται,
2717 829 2803 885 ὅτι
2861 831 2924 885 οὐ
2982 831 3154 905 κρίσει
3186 834 3372 906 ψυχῆς
3405 826 3516 901 ἰδίᾳ
3539 829 3684 884 ἀλλά
3717 849 3856 902 προ-

2208 916 2375 991 λήψει
2433 917 2670 973 πιστεύει
2730 919 2817 973 καὶ
2889 919 3083 995 γνώμῃ
3154 923 3263 974 τῶν
3322 919 3428 993 πρὸ
3486 918 3677 974 αὐτοῦ.
3732 920 3855 975 Ἐπ’

2206 1005 2400 1080 ἀδήλῳ
2430 1004 2486 1062 δὲ
2514 1008 2657 1084 τύχη
2687 1010 2788 1077 τὴν
2841 1007 2978 1064 ἰδίαν
3033 1005 3380 1070 ἐπιδεδωκὼς
3413 1004 3630 1075 ἐλπίδα,
3663 1008 3727 1062 ού
3759 1008 3856 1081 ῥᾳ-

2207 1093 2335 1157 δίως
2366 1095 2485 1172 ἔχει
2533 1097 2635 1165 τήν
2694 1100 2918 1173 πάτριον
2979 1095 3346 1153 ἀποδύσασθαι
3402 1092 3729 1172 περιϐολὴν,
3761 1095 3858 1151 κᾶν

2206 1187 2345 1241 πάνυ
2407 1185 2566 1260 μωρά
2619 1186 2799 1259 τούτῳ
2855 1187 2946 1241 καὶ
3015 1185 3417 1263 καταγέλαστος
3477 1185 3615 1240 οὖσα
3672 1189 3855 1262 σαφῶς

2205 1271 2607 1330 ἀποδείκνυται.
2640 1276 2707 1333 Οἱ
2741 1277 2836 1347 μὶν
2898 1275 2989 1330 οὗν
3049 1274 3294 1336 πολλοὺς
3353 1275 3443 1328 καὶ
3492 1278 3857 1337 παντοπαθεῖς

2207 1363 2592 1438 εἰσηγούμενοι
2643 1365 2817 1436 θεοὺς,
2873 1365 2941 1419 τά
2997 1366 3163 1437 ὅμοια
3222 1361 3279 1420 δὶ
3335 1364 3520 1426 αὐτοῖς
3551 1383 3859 1437 καταπρατ-

2204 1453 2448 1525 τόμενοι,
2485 1452 2610 1510 οὗδὶ
2639 1452 2923 1509 αῗδοῦνται
2958 1459 3040 1526 τῷ
3096 1461 3196 1524 τῆς
3240 1453 3429 1514 κακίας
3459 1449 3856 1528 παραδείγματι

2207 1540 2632 1618 έπερειδόμενοι.
2670 1544 2737 1601 Οἱ
2794 1543 3131 1619 εἱμαρμένην
3194 1541 3252 1597 δὶ
3308 1541 3736 1602 ἀναπλάττοντες
3764 1542 3853 1595 καὶ

2204 1630 2432 1708 γένεσιν,
2497 1629 2665 1705 μηδὲν
2723 1630 2845 1689 οὔτε
2901 1637 3077 1687 ποιεῖν
3141 1630 3263 1687 οὔτε
3322 1634 3550 1709 πάσχειν
3596 1629 3854 1686 δύνασθαι

2205 1722 2349 1794 παρά
2404 1721 2598 1784 ταύτας
2650 1719 3160 1796 τερατολογοῦντες,
3210 1721 3385 1785 ἀδεῶς
3433 1722 3855 1795 ἁμαρτάνουσιν,

2205 1810 2304 1865 οὐκ
2358 1805 2776 1885 εὐλαϐούμενοι,
2837 1812 2911 1871 ὡς
2969 1811 3072 1865 ὑπὸ
3128 1806 3389 1883 γενέσεως
3457 1814 3625 1865 ταῦτα
3681 1815 3857 1864 ποιεῖν

2200 1899 2647 1976 ἀναγκαζόμενοι·
2717 1900 3050 1974 εἱμαρμένην
3093 1900 3195 1973 γὰρ
3255 1897 3661 1975 ἀναγκαστικῆν
3729 1900 3861 1953 εἶναί

2200 2009 2320 2043 τινα
2378 1986 2600 2061 δύναμιν
2660 1988 2749 2043 καὶ
2805 1994 2906 2058 τῆς
2962 1987 3104 2059 ὕλης
3157 1988 3291 2066 φησί
3352 1991 3657 2059 κινητικήν.
3704 1988 3771 2045 Οἱ
3803 1985 3862 2043 δὲ

2201 2077 2365 2133 πᾶλιν
2424 2078 2765 2152 ἀπρονόητον
2827 2078 3000 2155 φορὰν
3050 2079 3142 2132 καὶ
3199 2076 3357 2133 ἄθεον
3390 2081 3425 2148 ἢ
3478 2078 3709 2154 τυχαίαν
3750 2078 3862 2133 εἱσ-

2202 2168 2508 2242 ηγούμενοι
2559 2168 2633 2229 ὡς
2700 2165 3026 2240 αὐτομάτως
3100 2171 3207 2222 τῶν
3271 2168 3490 2222 πάντων
3547 2168 3864 2246 φερομένων

2201 2255 2401 2333 (τύχην
2444 2255 2548 2330 γὰρ
2604 2254 2779 2310 αἰτίαν
2836 2256 2973 2310 κατά
3039 2249 3394 2328 συμϐεϐηκὸς
3426 2254 3518 2310 καὶ
3547 2254 3864 2329 σύμπτωμα

2204 2343 2413 2418 φύσεως
2470 2341 2506 2413 ἤ
2576 2343 2941 2420 προαιρέσεως
3025 2344 3156 2399 εἶναι
3246 2343 3512 2420 λέγουσι),
3561 2344 3650 2399 καὶ
3708 2342 3861 2399 οὗτοι

2201 2434 2366 2489 πάλιν
2394 2439 2510 2496 τοῖς
2541 2432 2680 2495 ἷ¹σοις
2738 2434 3154 2509 περιπίπτοντες
3214 2433 3291 2495 εἷς
3349 2432 3622 2510 ἐσχάτους
3655 2434 3852 2509 βυθοὺς

2202 2523 2478 2587 ἀπωλείας
2504 2525 2595 2579 καὶ
2627 2523 2871 2600 βάραθρα
2900 2520 3033 2595 ᾆδου
3059 2527 3411 2579 καταντῶσιν.

2275 2784 2428 2843 Ἰδὼν
2459 2787 2551 2841 οὖν
2593 2789 2622 2842 ὁ
2675 2784 3074 2861 προειρημένος
3132 2787 3388 2863 βασιλεὺς
3421 2791 3668 2863 Γεράρων
3702 2784 3859 2844 ’Λϐι-

2209 2873 2386 2949 μέλεχ
2402 2877 2459 2929 ἓν
2482 2875 2641 2929 παντὶ
2658 2870 2800 2951 ἔργῳ
2827 2873 3187 2949 εὐοδούμενον
3210 2878 3302 2932 τὸν
3329 2872 3600 2951 Ἀϐραὰμ,
3623 2877 3861 2952 Ὀχοζάδ

2203 2962 2295 3016 τὸν
2326 2964 2699 3041 νυμφαγωγὸν
2738 2964 2827 3018 καὶ
2891 2962 3083 3039 Φίλοχ
3136 2966 3227 3019 τὸν
3286 2965 3730 3041 ἀρχιστράτηγον
3764 2965 3863 3021 αύ-

2203 3054 2301 3105 τοῦ
2348 3047 2679 3126 παραλαϐὼν
2711 3055 2810 3122 ἧκε
2864 3053 3002 3129 πρὸς
3062 3048 3334 3129 Ἀϐραὰμ,
3368 3052 3557 3133 φιλίαν
3586 3053 3859 3125 ὶπικυρῶν

2209 3141 2612 3215 κραταιοτέραν,
2664 3140 2754 3195 καὶ
2803 3141 2963 3217 ὅρκον
3023 3142 3264 3198 ἀπαιτῶν
3309 3146 3384 3216 μὴ
3421 3141 3697 3214 ἀδικήσειν
3731 3145 3864 3217 μήτ’

453 3240 658 3291 mento
679 3207 1031 3307 interposito
1052 3207 1439 3307 stipularetur
1456 3207 1527 3290 se
1550 3251 1618 3291 ac
1658 3207 2096 3307 μείονος-ΑΜ-

2209 3229 2366 3285 αὐτὸν
2404 3232 2543 3303 μήτε
2588 3231 2653 3285 τὸ
2710 3230 2926 3306 σπέρμα
2983 3232 3165 3287 αὐτοῦ.
3206 3255 3232 3287 ε
3266 3234 3458 3297 Καθὼς
3490 3233 3599 3311 ἐγὼ
3630 3232 3862 3303 ἐποίησα

455 3327 1146 3399 melechumetposteros
1189 3327 1355 3383 nulla
1396 3327 1963 3400 injuriaaffecturos,
1997 3328 2099 3383 sed

455 3416 553 3471 ubi
585 3431 833 3488 regnum
867 3416 927 3471 in
952 3417 1095 3472 istas
1109 3416 1380 3488 regiones
1393 3416 1745 3473 obtenturus
1774 3424 1947 3485 esset,
1969 3424 2099 3474 tum

458 3523 590 3562 eam
608 3505 992 3562 Abimelecho
1008 3507 1257 3577 ejusque
1286 3507 1542 3577 posteris
1554 3508 1892 3577 aequitatem
1934 3510 2097 3564 exhi-

458 3597 722 3651 biturum
754 3612 934 3666 quam
961 3596 1085 3667 ipse
1107 3596 1361 3651 Gerarisi
1387 3597 1725 3667 nquilinum
1755 3614 1935 3670 agens
1961 3600 2099 3654 Abi-

459 3686 711 3741 melechi
743 3690 1021 3755 expertus
1050 3686 1557 3757 esset.Caateroqui
1575 3691 1770 3742 autem
1795 3704 1962 3759 reges
1984 3688 2102 3743 cal-

459 3776 585 3831 lent
616 3774 728 3829 sibi
760 3789 1139 3830 successuros
1190 3774 1550 3829 omnimodis
1581 3775 1819 3833 indiciis
1848 3794 2103 3849 praenos-

458 3880 591 3920 cere
617 3880 631 3928 ;
651 3867 711 3918 et
725 3868 853 3918 erat
875 3879 1016 3917 sane
1036 3862 1354 3918 Abrahami
1376 3865 1697 3934 posteritas
1715 3864 1776 3919 in
1801 3881 1901 3921 eas
1921 3867 2104 3938 regio-

457 3971 565 4010 nes
612 3953 898 4008 ditionem
927 3958 1337 4009 consecutura.
1367 3954 1739 4011 Abrahamus
1772 3971 1948 4025 porro
1969 3955 2105 4009 Abi-

458 4044 729 4100 melecho
774 4044 1116 4116 exprabavit
1144 4049 1375 4116 puteos,
1409 4062 1558 4118 quos
1588 4047 1717 4118 ejus
1746 4046 1955 4103 famuli
1980 4048 2103 4102 suis

458 4133 821 4205 eripuissent
861 4132 945 4189 Ibi
978 4149 1115 4200 ergo
1137 4133 1210 4188 ad
1240 4138 1485 4204 puteum
1512 4136 1839 4207 congressi,
1874 4141 2103 4191 macta-

460 4222 537 4276 tis
560 4222 764 4277 ovibus
786 4227 843 4277 et
862 4221 1276 4289 vitulis,foedus
1296 4223 1459 4293 pacis
1482 4224 1735 4278 invicem
1760 4228 2101 4278 sanxerunt.

460 4310 605 4365 Aliis
629 4327 804 4382 porro
822 4310 1087 4383 agnabus
1110 4316 1334 4383 septem
1350 4311 1759 4383 juramentum
1784 4312 1894 4365 rite
1942 4327 2107 4382 pere-

460 4405 695 4472 gerunt,
728 4399 804 4454 ad
832 4399 1366 4456 demonstrandum
1389 4400 1688 4472 quodipse
1715 4398 1965 4464 foderit;
1994 4400 2103 4454 ita-

459 4505 574 4561 que
594 4490 772 4545 etiam
794 4489 1387 4559 Puteusjurisjurandi
1399 4490 1441 4546 ὃ
1455 4490 1494 4543 7
1514 4488 1864 4561 appellatur.
1880 4489 1967 4543 Ita
1980 4494 2105 4543 tum

2208 3318 2342 3390 μετά
2374 3322 2470 3372 σοῦ
2500 3314 2849 3390 δικαιοσύνην
2900 3322 2953 3375 ὲν
3001 3320 3170 3396 ταύτῃ
3221 3324 3289 3395 τῇ
3334 3325 3405 3397 γῇ
3436 3320 3473 3395 ᾖ
3500 3322 3856 3396 παρῴκησας,

2206 3407 2348 3462 οὖτω
2378 3406 2467 3460 καὶ
2498 3406 2561 3460 σὺ
2614 3409 2729 3480 μετ’
2783 3407 2920 3481 ἐμοῦ
2978 3410 3065 3463 καὶ
3097 3415 3195 3464 τοῦ
3227 3412 3534 3483 σπέρματος
3568 3432 3695 3482 μου,
3729 3409 3857 3465 ὅταν

2209 3493 2549 3570 βασιλεύσεις
2578 3495 2781 3567 ταύτης
2813 3505 2911 3567 τῆς
2939 3505 3061 3572 γῆς.
3102 3525 3122 3549 ο
3187 3499 3357 3553 Δεινοὶ
3391 3501 3494 3575 γάρ
3526 3499 3578 3553 οἷ
3612 3498 3857 3573 βασιλεῖς

2204 3586 2296 3639 τὸν
2369 3582 2640 3657 μέλλοντα
2733 3588 2959 3650 τούτους
3051 3585 3394 3664 διαδέχεσθαι
3479 3585 3853 3643 παντοδαποῖς

2204 3675 2587 3748 τεκμαίρεσθαι
2649 3670 2974 3747 συμϐόλοις·
3036 3677 3126 3730 καί
3185 3677 3287 3752 γὰρ
3345 3672 3549 3749 ἔμελλε
3607 3674 3695 3731 διὰ
3748 3678 3857 3731 τῶν

2205 3761 2258 3832 ἐξ
2315 3763 2482 3818 αὐτοῦ
2537 3765 2892 3839 γεννωμένων
2951 3763 3159 3835 ἐκείνης
3234 3772 3332 3835 τῆς
3387 3772 3493 3839 γῆς
3552 3764 3860 3840 βασιλεύειν

2209 3846 2476 3925 ’Δϐραάμ.
2513 3850 2911 3926 Προσωνείδισε
2971 3852 3029 3908 δὲ
3083 3854 3177 3909 τὸν
3237 3850 3549 3929 Ἀϐιμέλεχ
3601 3854 3860 3929 περὶτῶν

2208 3941 2572 4020 ἀφῃρημένων
2622 3942 2866 4019 φρεάτων
2919 3943 3021 3997 ὑπὸ
3069 3948 3177 3997 τῶν
3226 3942 3392 3998 αὐτοῦ
3446 3941 3679 3998 παίδων.
3716 3947 3865 3999 Ἐκεῖ

2208 4030 2301 4086 οὖν
2356 4032 2503 4106 παρά
2555 4031 2619 4085 τὸ
2686 4033 2854 4109 φρέαρ
2911 4033 3216 4106 γενόμενοι,
3294 4033 3383 4087 καὶ
3451 4027 3702 4108 πρόϐατα
3769 4033 3862 4087 καὶ

2213 4121 2461 4197 μόσχους
2559 4133 2860 4189 τεθυκότες,
2940 4119 3176 4193 διαθήκη
3256 4122 3483 4198 εἰρήνης
3559 4123 3863 4200 ἀμφότεροι

2209 4208 2465 4280 διέθεντο,
2527 4210 2580 4264 έν
2638 4212 2772 4265 έπτά
2830 4214 2913 4285 [Ρ.
2961 4215 3050 4285 32]
3110 4210 3167 4266 δὶ
3223 4212 3448 4285 ἀμνάσιν
3509 4211 3715 4286 έτέραις
3763 4213 3860 4267 τὸν

2209 4300 2470 4374 ὁρκισμὸν
2553 4301 2669 4354 κατ’
2736 4296 2856 4363 ἔθος
2928 4304 3250 4371 ποιήσαντες
3313 4301 3391 4363 εἷς
3448 4299 3722 4371 ἀπόδειξιν
3773 4301 3864 4356 ὅτι

2209 4385 2407 4461 ὢρυξεν
2465 4387 2645 4457 αὐτὸς,
2708 4386 2794 4442 διὸ
2860 4391 2946 4444 καὶ
3035 4390 3214 4465 Φρέαρ
3274 4390 3440 4465 ὅρκου
3520 4390 3860 4463 ὠνόμασται.

2211 4477 2312 4534 Καὶ
2371 4476 2543 4541 οὕτως
2598 4477 2770 4533 ἐκεῖσε
2833 4477 3107 4554 ε’ρηνικάς
3172 4478 3495 4552 διαθέμενοι,
3552 4474 3866 4555 Ἀϐιμέλεχ

457 4560 536 4634 ibi
555 4596 698 4652 pace
723 4580 953 4635 sancita
972 4577 1392 4634 Abimelecbus
1413 4594 1548 4632 cum
1572 4578 1694 4632 suis
1722 4575 1965 4633 domum
2009 4594 2099 4632 re-

2217 4565 2311 4652 μὶν
2368 4566 2500 4638 μετὰ
2538 4571 2647 4621 τῶν
2697 4566 2913 4623 οἰκείων
2959 4565 3146 4625 οἴκαδε
3222 4567 3543 4639 ἐπανῆλθεν.
3604 4563 3869 4643 Ἀϐραὰμ

455 4667 583 4724 diit.
609 4668 984 4723 Abrahamus
998 4682 1131 4720 vero
1156 4672 1312 4721 terra
1339 4681 1441 4719 seu
1464 4669 1629 4736 prato
1656 4665 1814 4736 quod
1836 4666 1911 4721 ad
1949 4683 2099 4738 pra)-

456 4757 679 4811 dictum
704 4759 793 4807 est
817 4760 1082 4823 puteum,
1108 4753 1327 4824 plantis
1349 4755 1579 4808 consito
1603 4770 1821 4811 nomen
1868 4757 2100 4811 Domini

459 4844 561 4899 Dei
582 4840 789 4894 aeterni
814 4841 1121 4895 invocavit.
1149 4842 1292 4896 Cum
1316 4846 1515 4897 autem
1559 4843 1877 4901 admodum
1921 4862 2102 4903 senex

455 4932 647 4985 factus
668 4944 856 4985 annos
880 4931 980 4984 176
1002 4931 1263 5000 vixisset,
1287 4931 1361 4987 ad
1385 4932 1566 4989 Deum
1590 4952 1659 4991 ex
1680 4936 1791 4993 hac
1813 4938 1928 4993 vita
1959 4956 2100 4995 con-

454 5021 650 5077 cessit.
686 5022 831 5076 Eum
864 5022 1099 5077 Isaacus
1142 5029 1201 5077 et
1261 5024 1548 5082 Ismaelus
1595 5027 1700 5082 filii
1757 5029 1817 5084 in
1876 5031 2098 5102 duplici

456 5110 741 5181 spelunca
762 5110 936 5183 juxta
966 5111 1170 5167 Saram
1198 5112 1617 5185 sepeliverunt.

524 5201 860 5259 Secundum
891 5202 1038 5266 haec,
1069 5218 1205 5259 cum
1227 5204 1355 5276 jam
1386 5204 1615 5262 virilem
1647 5211 1879 5264 aetatem
1943 5210 2095 5266 Isaa-

450 5305 556 5345 cus
586 5291 893 5364 attigisset,
920 5293 1108 5349 fames
1133 5291 1206 5347 iis
1226 5292 1288 5347 in
1312 5292 1458 5349 locis
1476 5295 1719 5349 exstitit.
1746 5297 1935 5367 Atque
1985 5298 2032 5352 is
2064 5316 2098 5355 a

454 5382 569 5438 Deo
600 5383 661 5437 in
692 5383 1000 5455 Egyptum
1032 5384 1117 5439 ire
1148 5382 1484 5456 prohibitus
1514 5400 1649 5440 cum
1696 5389 1818 5441 tota
1869 5386 2097 5443 familia

448 5472 664 5527 Gerara
677 5472 751 5527 ad
767 5472 1205 5529 Abimelechum
1220 5474 1660 5531 Philistasorum
1676 5493 1873 5550 regem
1888 5494 1949 5533 se
1963 5495 2099 5533 con-

448 5560 933 5618 tulit.Rebeccam
953 5570 1074 5618 tum
1089 5580 1334 5620 uxorem
1353 5565 1709 5638 suam,quod
1729 5573 1853 5622 erat
1877 5568 2095 5640 insigni

444 5650 1239 5721 pulchritudine,Abi-ahami
1259 5654 1330 5708 de
1343 5656 1485 5711 Sara
1496 5656 1940 5712 simulationem
1955 5658 2090 5713 imi-

2213 4651 2271 4709 δὲ
2326 4653 2559 4729 ἄρουραν
2618 4656 2653 4727 ἢ
2709 4654 2960 4730 λειμῶνα
3014 4656 3103 4713 έπῖ
3158 4663 3239 4731 τῷ
3295 4663 3391 4712 τοῦ
3448 4656 3614 4732 ὅρκου
3671 4658 3865 4733 φρέατι

2212 4743 2474 4821 φυτεύσας
2500 4745 2561 4799 τὸ
2592 4740 2765 4817 ὄνομα
2814 4744 3143 4817 ἐπικέκληκε
3192 4748 3417 4823 Κυρίου,
3453 4749 3584 4809 Θεὸς
3615 4746 3861 4810 αἰώνιος.

2211 4832 2306 4895 Εἷς
2340 4834 2475 4909 βαθὺ
2508 4832 2599 4889 οὖν
2649 4841 2823 4910 γῆρας
2884 4834 3082 4898 ἐλάσας
3133 4831 3411 4910 Ἀϐραὰμ,
3450 4837 3539 4891 καὶ
3569 4835 3860 4911 γενόμενος

2209 4920 2341 4977 ἐτῶν
2377 4926 2505 5000 ρος’,
2543 4921 2768 4997 μετέστη
2805 4928 2939 4999 πρὸς
2991 4928 3083 4981 τὸν
3131 4928 3281 4982 Θεόν.
3315 4929 3525 4982 Τοῦτον
3558 4925 3739 4982 Ἰσαάκ
3766 4923 3859 4979 καὶ

2206 5014 2441 5087 Ἰσμαήλ
2492 5015 2547 5069 οἷ’
2592 5015 2701 5070 υἱοὶ
2753 5016 2917 5071 αὐτοῦ
2971 5016 3025 5071 έν
3073 5021 3150 5088 τῷ
3200 5014 3381 5087 διπλῷ
3429 5013 3689 5087 σπηλαίῳ
3724 5016 3861 5087 μετά

2210 5105 2420 5183 Σάρρας
2444 5107 2743 5162 κατέθεντο.

2280 5214 2432 5273 Μετά
2487 5218 2654 5271 ταῦτα
2707 5211 3064 5290 ἀνδρωθέντος
3126 5215 3305 5273 Ἰσαὰκ
3349 5212 3558 5290 ἐγένετο
3604 5209 3771 5286 λιμὸς
3804 5211 3857 5268 ἐν

2204 5302 2275 5379 τῇ
2305 5307 2375 5379 γῇ
2409 5302 2605 5358 αὐτῶν⁸
2654 5302 2941 5359 Κωλύεται
2990 5300 3048 5358 δὲ
3097 5305 3241 5378 παρά
3282 5307 3378 5359 τοῦ
3409 5306 3543 5359 Θεοῦ
3576 5301 3652 5362 εἷς
3687 5300 3858 5376 Αἴγυ-

2205 5413 2336 5447 πτον
2384 5390 2686 5461 κατελθεῖν,
2729 5391 2947 5446 πανοικὶ
3005 5388 3061 5447 δὲ
3110 5391 3185 5453 εἷς
3232 5389 3435 5467 Γέραρα
3457 5409 3594 5466 προς
3628 5383 3859 5463 Ἀϐιμέ-

2206 5479 2314 5556 λεχ
2356 5476 2575 5557 ἔρχεται
2628 5480 2718 5535 τὸν
2770 5480 2994 5555 βασιλέα
3045 5480 3386 5555 Φιλιστιείμ.
3437 5481 3583 5550 Φησὶ
3655 5475 3712 5533 δέ
3763 5479 3855 5533 καὶ

2204 5569 2365 5632 αὐτὸς
2399 5570 2517 5645 περῖ
2548 5564 2834 5632 Ῥεϐέκκας
2888 5568 2961 5630 ὡς
3012 5565 3269 5645 Ἀϐραὰμ
3317 5570 3440 5643 περί
3491 5567 3723 5643 Σάῤῥας,
3768 5566 3855 5623 ὅτι

2206 5655 2448 5732 Ἀδελφή
2485 5680 2589 5732 μου
2621 5657 2783 5713 ἐστίν·
2819 5658 2881 5727 ἦν
2916 5660 3019 5735 γὰρ
3056 5660 3229 5734 ὡραία
3274 5656 3498 5736 σφόδρα.
3534 5660 3629 5714 Ἐκ
3660 5654 3717 5711 δὶ
3746 5662 3852 5727 τῆς
