4148 6196
267 345 347 408 85
1425 342 1793 404 HISTORIA
1805 342 1946 405 HUN

2062 340 2548 403 ΟΜΡΕΝΒΙΟΜ
3613 342 3693 401 86
3718 328 3729 375 τ

272 476 497 541 παιδιᾶς
524 476 687 552 γνοὺς
744 468 1055 553 Ἀϐιμὲλεχ
1108 478 1336 548 γυναῖκα
1385 472 1554 530 αὐτοῦ
1584 474 1736 545 εἶναι,
1769 474 1933 531 αὐτὸν

2062 481 2228 544 λιιιιιε,
2257 491 2529 531 sororum
2560 490 2692 530 esse
2724 488 2893 528 suam
2923 470 3095 527 dixit.
3137 471 3247 527 Sed
3280 472 3697 529 Abimeleclius

282 570 377 644 μὶν
434 562 708 644 μέμφεται
766 566 843 627 ὡς
896 562 1133 634 τάληθὲς
1187 563 1667 640 ἀποκρυψάμενον,
1699 564 1939 643 ἀποφαίο

279 678 428 714 νεται
478 654 537 712 δὶ
575 656 753 711 πάντα
793 655 888 710 τὸν
933 654 1237 727 ἁπτόμενον
1287 652 1472 711 Ἰσαὰκ
1516 653 1606 709 καὶ
1653 649 1938 716 Ῥεϐἑκκας

283 747 557 823 ὶνὲχεσθαι
646 742 879 815 θανάτῳ.
956 743 1148 805 Οὕτως
1225 740 1498 817 εὐλόγησε
1571 741 1774 817 Κύριος
1845 743 1937 799 τὸν

285 835 469 893 Ἰσαὰκ
493 831 595 895 ἕως
626 831 821 894 τέλους
880 824 1020 886 ὥστε
1078 829 1326 903 ζηλῶσαι
1383 835 1579 888 τοῦτον
1615 831 1741 894 τοὺς
1774 830 1940 887 Φιλι-

287 924 489 995 πιείμ,
546 922 636 976 καὶ
693 921 868 975 πάντα
947 920 1017 974 τὰ
1089 918 1293 997 φρέατα
1344 919 1378 975 ἃ
1429 918 1630 995 ὤρυξεν
1688 915 1943 996 Ἀϐραὰμ

278 1012 572 1093 ἐμφράξαι.
607 1010 761 1067 Μετᾶ
806 1012 968 1064 τοῦτο
999 1007 1052 1063 ἂν
1085 1012 1159 1084 τῇ
1209 1009 1446 1089 φάραγγι
1497 1008 1743 1086 Γεράρων
1780 1029 1941 1083 μετα-

282 1096 536 1169 ϐεϐηκὼς
602 1098 905 1173 ἀνεκάθηρε
940 1097 1008 1152 τὰ
1065 1098 1305 1173 πατρικᾶ
1362 1096 1589 1175 φρέατα.
1628 1099 1820 1172 Ὠρυξε
1885 1093 1943 1153 δί

279 1190 373 1245 καὶ
425 1187 588 1250 αὐτὸς
642 1189 849 1266 φρέατα
902 1186 1048 1264 τρία,
1110 1186 1185 1242 ὧν
1241 1187 1306 1242 τὸ
1369 1187 1462 1259 μὶν
1524 1183 1757 1256 ἀδικίαν,
1787 1186 1851 1243 τὸ
1886 1184 1945 1242 δὶ

281 1272 507 1353 ἔχθραν,
560 1277 625 1332 τὸ
684 1274 741 1332 δί
797 1275 981 1351 τρίτον
1068 1275 1414 1355 εὖρυχωρίαν
1469 1274 1772 1349 ὠνόμασεν.
1828 1281 1944 1334 Ἕνα

283 1369 463 1421 τεῦθεν
520 1360 691 1437 ἀνέϐη
742 1364 831 1421 ἐπὶ
885 1365 949 1420 τὸ
1007 1362 1189 1440 Φρέαρ
1244 1369 1342 1420 τοῦ
1398 1366 1564 1440 ὅρκου
1619 1364 1823 1435 Ἰσαὰκ,
1854 1359 1945 1420 καὶ

287 1454 444 1532 ὤφθη
478 1457 634 1528 αότῷ
692 1454 889 1530 Κύριος
943 1453 996 1510 ἰν
1056 1456 1293 1530 ὁράματι
1347 1462 1449 1525 τῆς
1501 1455 1693 1517 νυκτὸς
1741 1453 1942 1531 λὲγων·

283 1571 311 1597 ι
344 1546 491 1621 Ἐγώ
522 1544 639 1617 εἶμι
672 1546 702 1600 ὁ
733 1544 864 1601 Θεὸς
891 1548 990 1600 τοῦ
1022 1544 1229 1619 πατρός
1279 1564 1377 1600 σου
1407 1539 1682 1621 Ἀϐραὰμ,
1711 1544 1802 1599 καὶ
1834 1545 1946 1620 ἐγώ

289 1633 403 1706 εἶμι
464 1635 604 1706 μετὰ
656 1637 777 1702 σοῦ,
835 1633 928 1688 καὶ
989 1630 1279 1708 εὐλογήσω
1331 1653 1409 1703 σε,
1465 1633 1554 1688 καὶ
1586 1633 1854 1704 πληθυνῶ
1883 1634 1946 1689 τὸ

296 1724 506 1796 σπέρμα
540 1743 638 1777 σου
688 1722 762 1784 ὡς
816 1721 885 1777 τὰ
939 1722 1109 1796 ἄστρα
1162 1725 1261 1776 τοῦ
1319 1720 1567 1795 οὐρανοῦ,
1601 1720 1948 1799 δι”Αϐραὰμ

2047 582 2183 623 cum
2205 583 2277 622 ex
2302 565 2437 621 lusu
2470 564 2863 619 intellexisset
2886 578 3017 617 eam
3048 578 3291 617 uxorem
3324 578 3475 631 esse,
3496 562 3695 619 lsaaco

2047 657 2355 729 objurgato
2386 654 2543 727 quod
2573 671 2776 710 verum
2808 652 3261 719 dissimulasset,
3284 653 3476 724 capite
3499 653 3701 710 sanxit

2048 763 2123 801 ne
2153 746 2288 818 quis
2314 748 2582 802 Isaacum
2641 744 2840 815 ejusve
2896 758 3145 797 uxorem
3206 748 3494 814 tangeret.
3544 744 3699 799 Deus

2049 841 2248 892 autem
2273 837 2535 890 lsaacum
2558 833 2950 905 prosperitate
2974 836 3259 903 perpetua
3302 830 3515 896 beavit,
3550 831 3700 888 adeo

2049 931 2116 980 ut
2140 925 2429 981 Philistai
2462 923 2796 978 invidentes
2827 922 2939 993 ipsi
2971 937 3180 977 omnes
3227 920 3300 975 ab
3359 920 3698 977 Abrahamo

2050 1015 2300 1071 effossos
2320 1019 2534 1086 puteos
2566 1011 2988 1067 obturaverint.
3022 1011 3164 1065 Post
3192 1009 3318 1065 hac
3347 1011 3583 1066 lsaacus
3638 1009 3719 1065 iu'

2050 1103 2265 1160 vallem
2295 1103 2682 1157 Gerarensem
2715 1100 3017 1173 digressus
3050 1098 3233 1170 patris
3263 1103 3473 1169 puteos
3490 1114 3702 1170 repur-

2050 1193 2224 1265 gavit,
2257 1197 2435 1263 atque
2466 1191 2593 1261 ipse
2624 1189 2801 1245 etiam
2864 1195 2985 1243 tres
3039 1187 3191 1243 alios
3249 1187 3388 1259 egit,
3447 1202 3700 1257 quorum

2052 1282 2246 1354 primo
2277 1280 2536 1352 injuria,
2568 1277 2829 1333 secuudo
2857 1276 3211 1345 inimicitia,
3268 1275 3441 1330 tertio
3485 1275 3717 1347 ampli-‘

2054 1371 2279 1427 tudinis
2310 1385 2527 1426 nomen
2560 1368 2796 1424 indidit.
2834 1366 2975 1422 Inde
3006 1366 3081 1421 ad
3110 1367 3347 1420 Puteum
3399 1367 3713 1436 juramenti

2052 1458 2667 1529 ascendit;noctuque
2681 1457 2733 1512 ei
2751 1456 3037 1511 Dominus
3060 1454 3355 1526 apparuit,
3390 1454 3589 1525 itaque
3624 1448 3719 1509 est

2052 1549 2266 1605 aﬂ'atus
2293 1551 2307 1584 ¹
2336 1564 2349 1603 :
2377 1568 2405 1597 ι‹
2432 1549 2547 1619 Ego
2571 1562 2702 1601 sum
2726 1545 2882 1600 Deus
2903 1543 3225 1599 Abrahami
3244 1543 3431 1616 patris
3448 1542 3530 1598 tui
3555 1559 3568 1596 :
3602 1542 3709 1598 tibi

2055 1654 2160 1711 ego
2174 1635 2405 1701 adsum,
2441 1642 2498 1690 te
2512 1634 2722 1703 beabo,
2748 1640 3028 1705 tuamque
3041 1630 3391 1705 progeniem
3407 1632 3481 1687 ad
3503 1631 3712 1687 stella-

2054 1742 2189 1781 rum
2218 1725 2351 1781 cali
2386 1739 2701 1780 numerum
2732 1721 3035 1795 adaugebo
3076 1726 3318 1793 propter
3376 1719 3475 1775 58
3532 1718 3715 1774 Abra-

290 1812 377 1866 τὸν
408 1811 616 1886 πατέρα
668 1831 786 1867 σου.
823 1834 848 1863 ε
885 1812 1036 1868 Ἐκεῖ
1091 1808 1184 1865 οὖν
1244 1811 1274 1865 ὁ
1334 1810 1516 1870 Ἰσαὰκ
1560 1812 1945 1888 θυσιαστήριον

2062 1816 2301 1872 hamum
2332 1819 2562 1887 patrem
2596 1818 2782 1868 tuum.
2820 1832 2848 1861 »
2888 1813 2967 1866 Eo
3026 1811 3225 1883 itaque
3283 1809 3412 1864 loco
3474 1811 3710 1865 Isaacus

293 1898 623 1974 δειμάμενος
681 1899 867 1954 θυσίαν
919 1898 1001 1972 τῷ
1076 1898 1264 1975 Κυρίῳ
1346 1898 1640 1975 ἀνέπεμψε,
1696 1901 1786 1956 καὶ
1843 1901 1945 1970 τήν

289 1993 491 2061 σκηνήν
520 1991 691 2047 αὐτοῦ
748 1990 802 2045 ἐν
860 1989 1007 2064 αὐτῷ
1053 1996 1134 2064 τῷ
1190 1990 1345 2066 τόπῳ
1392 1993 1710 2064 κατέπηξεν.
1740 1995 1947 2068 Ὥσπερ

292 2078 347 2137 δί
409 2080 550 2155 πρὸς
612 2075 871 2155 Ἀϐραὰμ
922 2080 1207 2156 πρότερον,
1269 2081 1412 2137 οὕτω
1467 2083 1559 2138 καὶ
1598 2084 1733 2159 πρὸς
1765 2084 1950 2141 Ἰσαὰκ

296 2171 429 2243 μετὰ
470 2169 644 2225 ταῦτα
672 2168 833 2231 αὐτός
878 2190 938 2226 τε
981 2164 1288 2246 ’Λϐιμὲλεχ
1333 2172 1362 2225 ὁ
1410 2172 1660 2247 Γεράρων
1693 2170 1950 2246 βασιλεὺς

294 2259 383 2316 καὶ
413 2257 661 2335 Ὀχοζὰδ
690 2261 719 2315 ὁ
746 2260 1115 2337 νυμφαγωγὸς
1168 2259 1335 2316 αὐτοῦ
1385 2261 1475 2316 καὶ
1508 2260 1697 2338 Φιλὸχ
1725 2263 1755 2317 ὁ
1787 2263 1950 2341 ἀρχι-

300 2349 605 2425 στράτηγος
647 2355 749 2418 τῆς
800 2345 1081 2423 δυνάμεως
1128 2350 1318 2420 αὐτοῦ,
1369 2349 1571 2415 εἰδότες
1610 2354 1697 2409 ’ὁτι
1754 2353 1949 2428 Κύριος

299 2440 365 2507 ἦν
399 2437 515 2511 μετ’
570 2436 757 2507 αὐτοῦ,
808 2439 945 2513 πρὸς
993 2438 1154 2494 αὐτὸν
1202 2437 1446 2502 ὶλθόντες
1495 2438 1763 2512 διαθήκην
1797 2441 1951 2516 εἰρή-

304 2548 400 2597 νης
429 2528 567 2600 πρὸς
600 2524 888 2597 Ξιλλήλους
935 2526 1290 2599 ἐποιήσαντο,
1321 2528 1410 2584 καὶ
1458 2530 1607 2605 πρωΐ
1634 2529 1951 2592 ἀναστάντες

308 2618 395 2671 καὶ
424 2616 716 2688 ὀμόσαντες
767 2616 1060 2694 ἆπῲχοντο
1112 2619 1245 2690 μετὰ
1302 2619 1579 2695 σωτηρίας
1635 2618 1729 2675 ἀπ’
1761 2619 1947 2675 αὐτοῦ.

384 2705 617 2761 Γίνονται
647 2703 707 2760 δὶ
763 2706 872 2762 ἀπὸ
927 2710 1023 2762 τοῦ
1074 2704 1438 2782 διαμερισμοῦ
1474 2714 1576 2779 τῆς
1607 2709 1949 2784 συγχύσεως,

298 2792 403 2855 ἵως
459 2795 522 2851 οὗ
576 2794 749 2863 ἦλθεν
804 2796 1018 2871 Ἀραᾶμ
1068 2793 1129 2851 ἑκ
1185 2799 1609 2872 Μεσοποταμίας
1639 2797 1699 2852 ἐκ
1735 2796 1951 2860 πόλεῶς

294 2883 507 2960 Χαρρὰν
568 2885 659 2940 καὶ
704 2889 805 2940 τοῦ
861 2882 1014 2940 οἷ’κου
1067 2889 1165 2941 τοῦ
1204 2887 1410 2962 πατρὸς
1465 2888 1634 2942 αὐτοῦ
1666 2887 1802 2941 κατὰ
1860 2887 1950 2943 κὲ·

295 2971 477 3029 λευσιν
536 2978 676 3030 Θεοῦ
746 2973 823 3037 είς
879 2981 980 3051 γῆν
1040 2976 1277 3045 Χαναὰν,
1336 2976 1370 3044 ἣ
1427 2974 1537 3031 ἐστι
1590 2975 1948 3048 Παλαιστίνη,

294 3061 385 3134 ἔτη
419 3065 556 3143 χις’.
616 3065 860 3140 Ὑπῆρχε
919 3061 978 3119 δὶ
1032 3065 1156 3120 τότε
1211 3063 1348 3121 ἑτῶν
1402 3068 1496 3122 oe‘.
1558 3066 1848 3141 Διατρίψας
1893 3063 1951 3122 δὲ

294 3153 365 3215 εἰς
415 3154 642 3212 Χαναὰν
701 3152 794 3225 ἔτη
854 3162 946 3223 κε’,
1004 3154 1255 3230 ἐγέννησε
1308 3156 1402 3211 τὸν
1462 3156 1662 3225 Ἰσαὰκ,
1694 3157 1782 3212 καὶ
1818 3156 1951 3230 μετᾶ

294 3249 455 3300 τοῦτο
507 3241 695 3315 ἔζησεν
756 3243 850 3315 ἔτη
892 3249 977 3317 [Ρ.
1012 3248 1102 3322 33]
1162 3248 1254 3316 σε’,
1285 3247 1374 3302 καὶ
1428 3246 1658 3303 ἀπέθανε
1690 3249 1854 3318 ζήσας
1882 3249 1950 3303 τὰ

297 3335 465 3390 πάντα
488 3332 585 3405 ἔτη
620 3335 748 3409 ρος“.
779 3336 882 3397 Ὃς
941 3336 1029 3390 καὶ
1086 3337 1182 3399 τὰς
1241 3335 1499 3412 εὐλογίας
1555 3343 1653 3394 τοῦ
1682 3337 1952 3417 Μελχισε-

300 3420 389 3478 δὶκ
433 3427 534 3478 τοῦ
582 3422 866 3487 θεσπεσίου
913 3420 1184 3499 βασιλίως
1235 3425 1440 3499 Σαλήμ
1480 3425 1715 3498 ἐδέξατο,
1746 3426 1949 3502 ἄρτους

299 3514 389 3567 καὶ
441 3514 614 3568 οἶνον·
674 3514 742 3583 ἦν
792 3513 899 3589 γὰρ
926 3513 1101 3588 ἱερεὺς
1148 3520 1245 3570 τοῦ
1302 3521 1438 3571 θεοῦ
1463 3521 1561 3571 τοῦ
1593 3517 1838 3591 ὑψίστου,
1872 3518 1948 3578 ὡς

299 3603 648 3678 προείρηται.

363 3694 480 3749 Τοῦ
510 3693 694 3750 Ἰσαὰκ
717 3689 874 3757 ὄντος
926 3695 1142 3773 χρόνων
1176 3693 1268 3769 λβ“
1313 3699 1539 3766 τελευτᾷ
1578 3693 1779 3770 Σάῤῥα,
1813 3693 1949 3750 ἐτῶν

293 3781 433 3835 οὖσα
485 3781 674 3836 ἑκατὸν
737 3780 903 3837 ὀκτώ.
966 3783 1061 3838 Καὶ
1119 3783 1378 3839 θάπτεται
1433 3782 1486 3838 ἐν
1543 3778 1789 3859 Χεϐρὼν,
1830 3785 1949 3853 ἣτις

289 3873 387 3922 νῦν
420 3867 881 3944 Ἐλευθερόπολις
929 3870 1197 3940 καλεῖται,
1230 3873 1283 3927 ἐν
1329 3877 1409 3944 τῷ
1455 3870 1714 3946 σπηλαίῳ
1741 3872 1772 3928 ὅ
1801 3873 1950 3943 ὠνήι·

288 3958 486 4012 σατοὸ
519 3952 775 4032 ’Δϐραὰμ
830 3958 975 4033 παρὰ
1030 3961 1247 4040 Ἐφρὼν
1305 3965 1402 4016 τοῦ
1456 3963 1722 4019 Χετταίου
1761 3981 1951 4029 τετρα-

286 4046 492 4101 κοσίων
525 4044 816 4122 δραχμῶν,
876 4045 965 4101 ἐπὶ
1025 4047 1297 4125 μαρτυρίᾳ
1352 4054 1463 4105 τῶν
1521 4051 1651 4105 υἷῖυν
1702 4051 1822 4107 Χὲτ·
1859 4050 1950 4116 ἀφ’

289 4134 353 4188 οὗ
411 4136 499 4189 καὶ
561 4135 628 4190 τὰ
678 4132 771 4190 διὰ
821 4137 1163 4211 γραμμάτων
1224 4134 1536 4211 συμϐόλαια
1584 4141 1637 4195 οἱ
1673 4139 1951 4211 ’Έλληνες

289 4223 643 4300 ὁμολογοῦσι
728 4223 1146 4306 παρειληφέναι.
1211 4228 1393 4284 Ἰσαὰκ
1449 4225 1506 4286 δὶ
1552 4231 1952 4305 τεσσαράκοντα

289 4311 428 4368 ἒτῶν
504 4311 796 4386 γενόμενος
868 4309 1033 4371 ἔλαϐε
1104 4320 1203 4389 ’.ἡν
1275 4313 1578 4386 Ῥεϐέκκαν,
1684 4319 1953 4396 θυγατέρα

290 4399 575 4472 Βαθουήλ,
608 4400 668 4463 ὃς
700 4401 816 4465 υίὸς
867 4404 1079 4480 Ναχῲρ
1134 4408 1201 4476 ἧν
1257 4402 1450 4482 ὄγδοος
1497 4408 1584 4462 καὶ
1619 4405 1949 4473 τελευταῖος

292 4490 441 4547 ὀκτὼ
468 4489 576 4567 γὰρ
604 4490 743 4560 ἦσαν
774 4491 884 4547 ἀπὸ
932 4491 1162 4568 Μελχᾶς
1212 4494 1360 4573 αὐτῷ
1405 4492 1617 4558 παῖδες.
1650 4499 1859 4577 Ναχὼρ
1892 4495 1947 4555 δὶ

292 4580 321 4635 ὃ
350 4581 535 4652 πατὴρ
563 4579 821 4651 Βαθουήλ
854 4583 922 4652 ἧν
970 4581 1208 4660 άδελιρὸς
1240 4579 1510 4661 Ἀϐραάμ.
1543 4588 1757 4644 Τούτου
1782 4583 1947 4663 ἴσχαο

2060 1905 2232 1962 altari
2265 1909 2533 1959 extructo
2555 1918 2679 1958 rem
2705 1902 2823 1956 Deo
2845 1916 3073 1955 sacram
3100 1899 3262 1963 fecit,
3314 1903 3493 1969 atque
3545 1913 3616 1952 eo
3648 1898 3710 1952 in

2060 1995 2189 2052 loco
2202 1993 2654 2051 tabernaculum
2671 2008 2846 2049 suum
2859 1990 2950 2047 col
2960 1987 3496 2054 locavit.Quomodo
3514 1991 3650 2042 aute
3661 2002 3711 2042 ιι)

2060 2084 2363 2157 quondam
2393 2085 2467 2140 ad
2492 2083 2914 2149 Abrahamum,
2937 2079 3020 2135 ita
3050 2084 3110 2134 et
3137 2078 3215 2134 ad
3242 2078 3507 2133 Isaacum
3544 2080 3719 2147 post-'

2060 2178 2237 2234 modo
2316 2176 2734 2233 Abimelechus
2818 2175 3101 2228 Gerarum
3187 2186 3311 2237 rex,
3405 2165 3721 2224 Ochozado

2060 2267 2321 2339 gynacei
2354 2267 2445 2322 sui
2470 2266 2749 2339 prafecto
2777 2268 2835 2318 et
2864 2260 3151 2318 Philocbo
3182 2274 3415 2314 summo
3473 2255 3704 2312 militia

2061 2356 2340 2429 prafecto
2370 2356 2708 2420 comitatus,
2732 2353 2909 2408 venit.
2942 2350 3109 2417 Quod
3135 2349 3295 2403 enim
3327 2349 3511 2402 Deum
3540 2347 3718 2401 lsaa-‘

2058 2462 2126 2501 co
2183 2447 2391 2501 adesse
2449 2444 2763 2508 sentirent,
2812 2441 2945 2495 ideo
3003 2439 3078 2493 ad
3137 2452 3274 2493 eum
3313 2439 3699 2491 accesserunt

2060 2543 2403 2606 mutuaque
2435 2533 2597 2605 pacis
2618 2533 2734 2586 icto
2764 2529 3005 2585 fadere.
3038 2541 3215 2581 mane
3245 2524 3334 2579 illi
3355 2522 3698 2595 jurejuran-

2060 2627 2135 2683 do
2168 2625 2421 2681 invicem
2453 2622 2590 2678 dato
2618 2618 2835 2675 animis
2860 2616 3082 2690 pacatis
3111 2615 3534 2670 discesserunt.

2130 2719 2175 2772 A
2207 2712 2578 2785 Babylonica
2636 2706 3002 2763 confusionis
3057 2711 3327 2775 tempore
3381 2716 3573 2772 usque
3627 2698 3702 2754 ad

2062 2803 2378 2860 Alirabami
2412 2799 2849 2871 migrationem,
2881 2811 3015 2849 cum
3047 2793 3278 2849 scilicet
3313 2790 3563 2863 jubente
3594 2790 3712 2844 Deo

2059 2894 2256 2950 Garris
2288 2888 2724 2962 Mesopotamia
2754 2892 3121 2958 paternaque
3152 2882 3329 2936 domo
3376 2878 3603 2934 relictis
3652 2878 3713 2932 in

2058 2992 2281 3041 terram
2339 2983 2758 3044 Chananaam,
2810 2993 2945 3048 qua
3003 2979 3094 3029 est
3150 2972 3485 3041 Palastina,
3545 2968 3714 3038 abiit,

2060 3074 2201 3131 anni
2234 3072 2593 3130 el‘lluxerunt
2623 3070 2745 3122 616.
2781 3068 2920 3120 Erat
2977 3069 3097 3119 tum
3160 3077 3352 3117 annos
3410 3065 3587 3114 natus
3618 3061 3709 3114 γε.

2059 3167 2206 3221 Cum
2238 3164 2299 3217 in
2329 3162 2663 3217 Chananaa
2684 3162 2843 3211 terra
2862 3170 3050 3209 annos
3085 3150 3375 3223 exegisset
3415 3149 3507 3214 25,
3545 3161 3706 3202 Isaa-

2059 3271 2189 3310 cum
2211 3251 2434 3326 genuit,
2458 3248 2716 3319 vixitque
2738 3248 3027 3317 praeterea
3056 3256 3264 3306 annos,
3312 3241 3402 3292 ‘16.
3451 3239 3712 3292 Mortuus

2063 3360 2197 3417 ergo
2222 3325 2319 3399 est
2349 3339 2523 3396 annis
2554 3337 2683 3391 vita
2717 3337 2818 3389 176
2848 3332 3016 3388 actis.
3050 3333 3242 3401 Atque
3270 3329 3365 3383 hic
3403 3343 3435 3381 a
3484 3325 3716 3381 Melchi-

2062 3432 2271 3488 sedeco
2304 3429 2501 3485 divino
2533 3424 2751 3481 Salemi
2786 3438 2920 3495 rege
2946 3422 3173 3477 faustas
3203 3416 3713 3488 comprecationes

2062 3522 2310 3593 accepit,
2346 3534 2559 3592 panem
2592 3533 2659 3572 ac
2698 3514 2924 3580 vinum,
2980 3515 3187 3583 utpote
3241 3525 3273 3564 a
3332 3506 3548 3562 summi
3609 3502 3712 3559 Dei

2061 3610 2390 3677 sacerdote,
2424 3608 2578 3662 sicut
2610 3603 2788 3676 paulo
2820 3608 2959 3657 ante
2990 3595 3472 3655 commemoravi.

2137 3703 2333 3755 lsaaco
2357 3712 2547 3752 annos
2568 3699 2706 3748 nato
2729 3694 2797 3745 32
2835 3691 2977 3745 Sara
3021 3686 3290 3754 moritur,
3335 3700 3491 3740 anno
3522 3682 3713 3738 atatis

2063 3805 2183 3844 sua
2209 3787 2332 3850 108,
2357 3801 2425 3840 ac
2442 3782 2677 3855 sepulta
2698 3786 2787 3835 est
2804 3779 3075 3833 Hebrone
3091 3786 3279 3847 (nunc
3302 3771 3707 3839 Eleutheropo

2063 3877 2104 3932 li
2135 3891 2357 3932 nomen
2391 3874 2500 3942 est)
2532 3871 2591 3926 in
2625 3870 2928 3942 spelunca,
2988 3881 3167 3936 quam
3222 3861 3596 3916 Abrahamus
3636 3856 3709 3909 ab

2063 3967 2334 4038 Ephrone
2366 3963 2626 4018 Chettao
2661 3954 3116 4030 quadringentis
3148 3949 3412 4007 denariis
3462 3948 3709 4007 emerat,

2063 4036 2482 4110 attestautibus
2509 4048 2677 4105 Cheti
2708 4045 2869 4109 filiis,
2901 4042 3059 4098 unde
3089 4046 3149 4097 et
3176 4037 3427 4109 scriptas
3472 4036 3710 4089 contra-

2064 4151 2267 4201 ctuum
2288 4139 2575 4200 formulas
2592 4136 2775 4194 Graci
2799 4150 2860 4190 se
2878 4134 3135 4188 fatentur
3147 4126 3712 4201 accepisse.lsaacus

2066 4250 2289 4292 annum
2304 4247 2481 4302 agens
2492 4225 3014 4300 quadragesimum
3030 4220 3335 4276 Rebeccarr
3351 4212 3729 4283 duxit,ﬂliam

2065 4326 2165 4384 59
2197 4319 2536 4385 Batbuelis;
2596 4316 2698 4389 qui
2754 4311 3038 4369 Nachoris
3096 4308 3340 4365 ultimus
3398 4302 3511 4359 fuit
3553 4306 3716 4389 octa-

2066 4428 2168 4468 vus
2202 4409 2381 4466 illius.
2417 4387 2647 4462 Nachor
2677 4400 2837 4458 enim
2868 4395 3186 4453 Abrahami
3217 4393 3400 4449 frater
3453 4407 3523 4446 ex
3580 4387 3717 4444 Mel-

2067 4501 2179 4556 cha
2207 4513 2390 4555 uxore
2420 4501 2553 4551 octo
2580 4491 2739 4548 ﬁlios
2767 4486 3311 4555 sustulit,interque
3340 4481 3451 4536 bos
3480 4484 3715 4552 postre-

2058 4606 2155 4645 mo
2188 4589 2314 4644 loco
2331 4583 2673 4643 Bathuelem
2696 4584 2926 4653 patrem
2950 4576 3231 4633 Rebecca
3251 4578 3311 4628 et
3328 4567 3630 4640 Labani,ej
3640 4583 3710 4622 us

288 4688 385 4730 τος
442 4668 561 4730 υίὸς
622 4668 877 4739 Βαθουὴλ
932 4673 1112 4748 πατὴρ
1169 4672 1237 4743 ἧν
1290 4660 1573 4740 Ῥεϐἐκκας
1632 4678 1721 4733 καὶ
1765 4660 1946 4733 Λάϐαν

2062 4678 2152 4751 :{ui
2186 4676 2403 4733 deinde
2436 4689 2607 4730 socer
2633 4669 2833 4728 Jacobi
2865 4667 2997 4724 fuit.
3030 4667 3175 4722 Nam
3202 4660 3456 4720 Iacobus
3486 4673 3593 4730 per
3598 4661 3707 4751 ἑο-

290 4761 388 4812 τοῦ
443 4762 704 4846 πενθεροῦ
760 4754 975 4816 Ἰακώϐ.
1035 4762 1249 4818 Τούτου
1304 4762 1453 4837 νὲμει
1482 4765 1550 4821 τὰ
1587 4760 1836 4842 πρὸϐατα
1863 4764 1945 4846 ἐφ’

2055 4745 2145 4822 tos
2177 4765 2375 4837 viginti
2405 4767 2596 4819 annos
2625 4774 2833 4833 greges
2864 4757 2995 4828 ejus
3024 4754 3202 4828 pavit.
3254 4751 3545 4837 Caeterum
3598 4745 3709 4798 Re-

290 4847 446 4909 ’ὀλοις
474 4844 650 4904 ἔτεσιν
708 4847 905 4906 εἴκοσι.
964 4846 1222 4908 Ῥεϐέκκα
1279 4850 1337 4908 δὶ
1366 4836 1576 4930 στεῖρα
1631 4836 1764 4912 οὖσα
1809 4836 1945 4929 μετὰ

2062 4836 2254 4921 becca,
2284 4869 2419 4908 cum
2450 4856 2608 4908 esset
2638 4847 2879 4916 sterilis,
2912 4849 3048 4918 post
3074 4842 3295 4914 viginto
3326 4836 3565 4891 demum
3586 4844 3708 4885 an'

288 4933 493 4990 εἴκοσιν
548 4933 646 5007 ἶτη
706 4937 960 5013 ἐγέννησε
1017 4936 1113 4995 δύο
1167 4938 1257 4996 ἰπὶ
1310 4940 1373 4997 τὸ
1433 4923 1563 4998 αὐτὸ
1621 4923 1820 5013 υἰοὺςξ
1850 4943 1940 4998 τὸν

2062 4962 2161 5000 nos
2182 4959 2303 4999 uno
2320 4946 2492 5014 partu
2513 4940 2663 4995 duos
2683 4938 2872 4993 edidit
2894 4927 3442 4995 filiosJacobumjet
3468 4923 3683 4975 Esaum
3698 4969 3714 4997 ,

286 5020 484 5081 Ἰακὼϐ
510 5024 601 5080 καὶ
632 5026 725 5080 τὸν
778 5027 968 5098 Ἠσαῦ,
1028 5027 1079 5083 ἒν
1139 5034 1219 5103 τῷ
1276 5030 1319 5102 ξ’
1377 5028 1481 5087 ἔτει
1517 5032 1712 5088 Ἰσαάκ.
1745 5036 1851 5087 Τοῦ
1884 5030 1941 5088 δὲ

2062 5035 2250 5090 [saaco
2282 5036 2407 5086 tum
2440 5026 2844 5101 sexagenario,
2875 5016 3269 5079 anno‘muudi
3302 5014 3461 5068 3472.

284 5111 501 5185 κόσμου
530 5112 597 5182 ἦν
631 5111 750 5176 ἔτος
778 5115 953 5192 γυοβ“.

354 5201 479 5258 Ὀτι
542 5199 854 5280 κολλυρίδα
914 5208 1030 5279 (42)
1087 5208 1363 5278 ποιήσασα
1419 5205 1675 5267 Ῥεϐέκκα
1739 5208 1940 5269 δέδωκε

368 5316 381 5353 ¹
413 5318 554 5376 Gen.
584 5335 739 5377 xxvr.

2122 5213 2387 5271 Rebecca
2409 5214 2615 5286 parato
2648 5206 2846 5264 edulio
2878 5199 3092 5260 Iacobo
3126 5197 3187 5254 id
3215 5192 3408 5257 dedit,
3443 5203 3718 5261 eumque

1489 5415 1861 5479 XYLANDBI
1900 5419 1985 5477 ET
2022 5419 2239 5477 GOARI
2283 5418 2507 5474 NOTAE.

365 5515 477 5587 (42)
494 5518 743 5601 Generis
756 5520 1107 5601 vocabulum
1123 5522 1687 5601 ininterpretatione
1707 5527 1922 5582 retinui

295 5573 434 5670 quin)
456 5589 648 5660 qualis
669 5599 835 5670 esset
849 5593 1042 5670 forma
1060 5573 1945 5670 magis}?ﬁbH'éEJegﬁéISK

299 5656 616 5717 Athenaus
646 5678 791 5719 sane
820 5664 857 5719 l.
885 5681 945 5720 in
976 5665 1048 5721 de
1075 5656 1251 5738 panis
1275 5667 1450 5722 variis
1478 5656 1795 5741 generibus
1825 5671 1948 5727 dis-

2061 5543 2363 5591 screns,ex
2388 5519 2769 5595 Aristophani
2798 5518 2960 5595 Pace
2972 5527 3208 5595 versum
3226 5510 3370 5595 citat
3380 5507 3452 5595 de
3466 5503 3715 5595 collyria,

2059 5616 2235 5669 quam
2258 5582 2393 5653 inde
2416 5582 2679 5669 ostendit
2708 5610 2777 5645 ex
2801 5587 3059 5669 panibus
3077 5584 3282 5669 fuisse.
3306 5584 3502 5669 ‘Ifoeta
3525 5582 3709 5669 inter-

2059 5649 2396 5743 pres—panis
2426 5649 2529 5722 vel
2552 5649 2826 5738 exiguum
2858 5661 3116 5716 frustum
3150 5655 3235 5709 vel
3270 5649 3497 5721 aliquid
3518 5663 3589 5700 ex
3608 5659 3711 5713 pa-
