4148 6196
402 355 481 415 87
1760 351 2084 415 GEORGII
2125 353 2477 417 CEDRENI
3726 362 3805 422 88

403 509 525 551 una
556 513 692 552 cum
721 496 856 552 aliis
886 496 1058 551 donis
1090 495 1272 550 Isaaci
1308 509 1490 563 opera
1518 491 1590 546 ad
1642 490 2044 546 Abrahamum

2181 493 2236 560 τῷ
2285 488 2504 559 Ἰακὼϐ,
2559 491 2648 548 καί
2700 490 2958 570 είσήγαγε
3037 497 3158 568 μεθ’
3211 493 3403 570 ἐτέρων
3463 493 3655 572 δώρων
3715 495 3804 554 διὰ

409 584 756 652 intromisit,
787 600 976 640 annos
1005 583 1196 637 astatis
1228 598 1347 635 sum
1378 580 1609 634 decimo
1631 579 2052 650 quinto.Quem

411 674 475 730 in
503 674 730 747 gremio
789 689 893 727 suo
951 671 1321 726 Abrahamus
1374 675 1585 724 tenens
1644 669 2057 740 multipliciter

411 763 622 819 faustis
652 758 1230 830 comprecationibus
1261 759 1479 822 beavit,
1514 775 1844 829 somnoque
1889 759 2054 815 soluo

414 858 507 908 tus
540 854 717 905 vitam
753 847 924 902 finiit.

479 939 693 994 Jacobo
715 953 906 994 annos
929 943 1067 993 nato
1089 940 1178 1005 45,
1204 941 1387 996 Esaus
1416 938 1664 994 totidem
1688 945 1863 996 natus
1909 939 2055 995 duas

409 1029 578 1084 duxit
613 1044 850 1095 uxores,
870 1028 1169 1084 Juditbam
1191 1029 1388 1084 Beeris
1412 1030 1654 1084 Chettmi
1679 1035 1738 1084 et
1767 1030 2052 1086 Masema-

409 1119 574 1174 tham
598 1117 797 1174 Elonis
819 1118 974 1176 Ebaai
997 1118 1172 1174 ﬁlias.
1205 1118 1458 1174 Jacobus
1501 1135 1658 1174 anno
1713 1121 1903 1175 aetatis
1934 1137 2054 1174 sum

408 1209 478 1263 63
500 1206 769 1264 nondum
794 1207 1063 1263 mulieris
1086 1209 1358 1263 notitiam
1393 1208 1622 1275 habuit,
1675 1209 1846 1266 sicuti
1881 1210 2052 1265 matri

411 1312 534 1352 sum
555 1297 835 1354 Rebecca)
867 1298 992 1367 ipse
1037 1297 1260 1356 retulit.
1311 1297 1474 1354 Idem
1523 1315 1709 1354 annos
1759 1305 1934 1355 natus
1964 1302 2051 1365 73,

411 1401 568 1440 anno
591 1385 798 1440 mundi
829 1387 1155 1440 secundum
1191 1393 1528 1444 accuratam
1570 1389 2052 1460 supputationem

411 1477 570 1531 3545.
602 1475 852 1534 Jacobus
869 1475 1111 1532 fratrem
1135 1475 1288 1531 clam
1307 1478 1536 1550 fugiens
1559 1479 1796 1533 servitio
1818 1484 2054 1550 septen-

410 1563 531 1620 nali
558 1564 732 1619 Leam
757 1581 1002 1621 uxorem
1025 1566 1262 1634 meruit,
1313 1584 1638 1638 rursusque
1675 1569 2053 1639 septennium

411 1653 688 1709 servitute
713 1654 952 1710 functus
976 1654 1317 1710 Rachelem.
1348 1658 1425 1710 Ex
1448 1655 1542 1712 lea
1592 1657 1924 1724 Rubenum,
1961 1657 2053 1712 Si-

406 1759 705 1809 meonem,
729 1743 1556 1810 Levim,ludam,lssacharem
1576 1745 2055 1818 Zabulonemque

2159 580 2337 636 Ἰσαὰκ
2391 583 2526 653 πρὸς
2584 577 2852 659 Ἀϐραάμ·
2916 581 2972 639 ὅν
3053 585 3303 660 κατέχων
3361 584 3412 640 ἐν
3473 591 3552 658 τῷ
3608 587 3806 661 κόλπῳ

2157 669 2342 736 αὐτοῦ,
2401 669 2644 748 εὐλογῶν
2705 672 3092 748 πολυτρόπως,
3151 672 3494 745 ἐτελεύτησεν
3548 676 3808 756 ἀφυπνώ-

2157 779 2249 820 σας
2281 761 2308 814 ὁ
2341 755 2609 835 Ἀϐραὰμ,
2643 764 2721 834 τῷ
2755 763 2812 817 ιε“
2837 761 2944 818 ἔτει
2974 765 3072 832 τῆς
3106 769 3250 833 ζωῆς
3282 759 3501 822 Ἰακώϐ.

2227 931 2318 999 Τῷ
2349 924 2406 981 δὲ
2439 926 2519 999 με’
2549 929 2658 999 (43)
2706 922 2812 980 ἔτει
2867 932 2966 994 τῆς
3025 933 3170 996 ζωῆς
3231 924 3424 983 Ἰακὼϐ
3455 929 3482 983 ὁ
3513 929 3679 984 Ἠσαῦ
3712 929 3803 983 καὶ

2157 1017 2320 1078 αὐτὸς
2355 1015 2667 1091 ὁμόχρονος
2723 1013 2798 1070 ὢν
2846 1016 2994 1087 αὑτῷ
3037 1012 3198 1072 ἔλαϐε
3229 1015 3324 1072 δύο
3354 1023 3628 1092 γυναῖκας,
3661 1020 3805 1076 Ἰου-

2159 1103 2246 1160 δὶθ
2274 1107 2372 1173 τὴν
2403 1106 2664 1180 θυγατέρα
2723 1105 2864 1179 Βεὴρ
2923 1110 3018 1160 τοῦ
3077 1107 3343 1162 Χετταίου
3384 1109 3468 1161 καὶ
3503 1109 3601 1176 τήν
3628 1115 3804 1162 Maias-

2162 1194 2268 1267 μάθ
2335 1194 2601 1269 θυγατέρα
2687 1194 2860 1250 Ἐλὼν
2965 1190 3207 1268 Ἐϐαἰου.
3286 1191 3480 1252 Ἰακὼϐ
3547 1193 3604 1250 δὶ
3668 1195 3803 1251 ἐτὼν

2162 1285 2424 1363 ὑπάρχων
2484 1285 2742 1355 ἐξήκοντα
2798 1290 2963 1358 τριῶν
3023 1284 3120 1339 οὐκ
3177 1283 3314 1360 ἔγνω
3371 1285 3518 1347 ὅλως
3551 1292 3805 1361 γυναῖκα,

2160 1375 2235 1435 ὡς
2267 1375 2429 1435 αὐτὸς
2483 1375 2656 1444 ἐξεῖπε
2712 1377 2781 1446 τῇ
2844 1373 3011 1448 μητρὶ
3065 1369 3341 1446 Ῥεϐέκκα.
3383 1378 3475 1446 Τῷ
3507 1373 3564 1430 δὲ
3592 1376 3667 1450 ογ¹
3701 1371 3811 1430 ἔτει

2159 1463 2348 1532 αὑτοῦ,
2404 1468 2501 1518 τοῦ
2561 1459 2618 1519 δί
2675 1464 2884 1536 κόσμου
2942 1460 3050 1519 ἔτει
3103 1471 3260 1539 γφμέ
3315 1463 3450 1518 κατὰ
3486 1465 3576 1518 τὸν
3607 1459 3804 1538 ἀκριϐῆ

2161 1551 2354 1626 λόγον,
2405 1549 2700 1628 ἀπέδρασεν
2758 1549 2952 1609 Ἰακὼϐ
3011 1553 3115 1608 ἀπὸ
3170 1553 3469 1627 προσώπου
3507 1555 3808 1610 Ἡσαῦτοῦ

2160 1639 2400 1715 ἀδελφοῦ
2454 1642 2638 1710 αὑτοῦ,
2715 1643 2805 1697 καὶ
2880 1639 3178 1704 δουλεύσας
3247 1638 3340 1712 ἔτη
3401 1644 3442 1712 ζ’
3499 1637 3661 1698 ἔλαϐε
3711 1645 3815 1712 τήν

2163 1738 2344 1800 Λεῖαν,
2404 1733 2494 1787 καὶ
2558 1732 2691 1805 μιτά
2744 1731 2900 1807 ἓτερα
2957 1733 3092 1788 ἑπτα
3148 1727 3311 1787 ἔλαϐε
3352 1735 3451 1802 τὴν
3483 1732 3682 1806 Ῥχήλ.
3716 1734 3816 1788 Ἐκ

409 1831 565 1888 filios
597 1837 655 1888 et
684 1833 870 1888 filiam
896 1833 1108 1889 Dinam
1146 1834 1406 1900 sustulit,
1457 1852 1526 1888 ex
1585 1835 1838 1890 Rachelc
1889 1816 2055 1890 lose-

2181 1823 2259 1876 ιὶν
2317 1821 2408 1876 οὖν
2434 1825 2535 1886 τῆς
2595 1823 2753 1882 Λείας
2811 1819 3063 1897 ἐγέννησε
3091 1824 3182 1877 τὸν
3210 1816 3503 1895 Ῥομϐειμ,
3561 1822 3650 1876 τὸν
3705 1829 3806 1875 Συ-

407 1919 614 1991 phum,
647 1938 716 1976 ex
749 1921 966 1977 ancilla
995 1922 1097 1976 σθ
1128 1922 1268 1978 Bala
1307 1924 1536 1978 Danun.
1594 1940 1661 1979 ac
1705 1925 2052 1995 Nephthali-

408 2026 680 2076 mum,ex
707 2011 931 2082 Delpha
951 2011 1174 2066 Gadum
1191 2019 1369 2083 atque
1393 2016 1689 2070 Asserem.
1723 2016 1768 2070 A
1821 2014 2052 2070 Labano

409 2104 606 2153 autem
643 2099 916 2170 profugit,
951 2117 1084 2156 cum
1113 2101 1268 2172 apud
1301 2118 1436 2156 eum
1467 2102 1672 2174 viginti
1699 2119 1888 2158 annos
1909 2103 2052 2158 fuis-

411 2194 520 2258 set,
553 2189 794 2246 trimulo
825 2196 948 2244 tum
980 2192 1270 2262 Josepho;
1307 2193 1775 2263 transmissaque
1802 2192 2054 2247 Jordane

413 2294 450 2334 a
477 2281 596 2334 Deo
627 2279 768 2333 felix
801 2295 930 2336 esse
954 2280 1221 2350 jubetur,
1255 2285 1430 2352 atque
1463 2281 1660 2336 lsraeli
1713 2298 1934 2336 nomen
1984 2281 2056 2336 ab

413 2368 622 2424 eodem
655 2369 886 2440 accipit.
927 2369 1182 2423 Proinde
1215 2369 1561 2429 recordatus
1591 2371 1838 2425 visionis
1880 2386 2056 2441 quam

417 2472 524 2511 suo
553 2457 611 2510 in
645 2458 1129 2527 Mesopotamiam
1161 2457 1417 2512 adventu
1449 2458 1694 2526 viderat,
1755 2459 2061 2514 Bethelam

419 2545 814 2613 ascendit,ubi
833 2562 941 2616 per
953 2545 1215 2616 quietem
1231 2546 1372 2600 visio
1387 2547 1500 2601 ista
1511 2547 1956 2618 eiapparuerat.
1982 2549 2062 2604 lbi

415 2650 551 2688 cum
583 2636 786 2690 omnia
804 2653 909 2690 sua
929 2635 1475 2702 bonadecimasset,
1512 2637 1586 2692 ad
1631 2643 1962 2693 extremum
1996 2640 2066 2693 ﬁ-

412 2724 631 2780 liorum
664 2742 900 2796 quoque
933 2727 1206 2781 instituta
1238 2728 1569 2790 sortitione,
1615 2728 1808 2781 Levim
1840 2745 2065 2782 annum

419 2814 609 2867 astatis
639 2813 936 2868 decimum
969 2818 1237 2868 octavum
1265 2821 1540 2885 agentem
1589 2821 1709 2870 Deo
1755 2833 2069 2872 consecra-

420 2901 522 2970 vit,
545 2919 612 2956 ac
632 2918 768 2956 eum
795 2902 1160 2956 sacerdotem
1179 2903 1526 2956 constituit:
1553 2908 1678 2957 erat
1707 2903 1757 2957 is
1801 2904 2069 2958 decimus

421 2990 1080 3055 abultimo,secundum
1093 2991 1427 3062 astrologiae
1449 2991 1488 3045 '.
1514 2990 1793 3046 Rubenus
1815 2993 1972 3046 enim
1997 2992 2070 3046 ob

427 3081 692 3136 vitiatam
705 3081 888 3152 patris
901 3080 1580 3152 pellicem,quantumvis
1599 3081 1788 3152 primo
1807 3081 2074 3136 omnium

431 3177 610 3226 natus
641 3177 815 3240 esset,
850 3177 906 3225 et
931 3186 1110 3244 regno
1138 3177 1196 3225 et
1226 3171 1556 3226 sacerdotio
1606 3171 1893 3241 spoliatus
1944 3171 2072 3230 fuit.

431 3261 573 3316 Cum
593 3259 842 3316 Jacobus
859 3276 1042 3331 prope
1064 3259 1396 3315 Sichemam
1423 3261 1484 3314 in
1523 3260 1730 3315 urbem
1779 3260 2074 3316 Salemam

427 3351 708 3415 venisset,
743 3350 1049 3404 Sichemus
1081 3349 1242 3404 Dinaa
1274 3367 1379 3420 per
1409 3351 1525 3404 vim
1556 3356 1826 3422 stuprum
1848 3351 2071 3421 intulit,

429 3455 608 3508 quam
624 3438 733 3493 ulti
757 3443 896 3492 sunt
911 3437 1147 3492 Simeon
1171 3444 1226 3491 et
1250 3439 1434 3502 Levis,
1459 3439 1865 3495 internecione
1915 3442 2070 3496 occi-

428 3527 510 3580 sis
559 3541 696 3580 cum
755 3525 1026 3580 Sichemo
1081 3526 1326 3580 civibus.
1388 3527 1606 3582 Rachel
1662 3545 1836 3598 porro
1887 3529 2069 3584 alium

425 3613 639 3668 Jacobo
654 3612 843 3667 filium
858 3613 1526 3686 peperit,Benjaminum
1545 3619 1784 3673 nomine
1802 3636 1814 3684 ;
1831 3637 1897 3675 ac
1915 3637 2067 3675 mor—

427 3706 530 3757 tua
561 3701 714 3772 apud
731 3701 1091 3772 Euphratam
1116 3703 1421 3774 sepelitur.
1447 3705 1548 3760 ubi
1573 3723 1730 3762 nunc
1761 3716 1851 3764 est
1899 3711 2070 3765 Beth-

428 3790 664 3845 lehema
697 3806 709 3844 ε
744 3792 965 3846 etenim
991 3808 1194 3848 versus
1226 3793 1630 3866 Hierosolyma
1680 3814 1713 3852 a
1763 3798 2071 3854 Bethlehe-

429 3895 549 3946 ma,
609 3896 726 3950 qua
783 3881 918 3952 equi
969 3881 1311 3949 decurrunt,
1373 3901 1552 3957 supra
1609 3892 1826 3944 terram
1886 3895 2076 3944 exstat

432 3969 640 4041 cippus
673 3971 963 4026 Rachelis.
999 3974 1068 4026 Et
1095 3974 1379 4043 quoniam
1411 3976 1538 4031 Levi
1569 3993 1755 4049 genus
1784 3979 1856 4034 ad
1890 3983 2075 4036 Aaro-

433 4075 570 4114 nem
600 4065 779 4131 atque
810 4062 1008 4116 Mosen
1041 4078 1230 4133 usque
1282 4064 1561 4134 pertinet,
1614 4085 1869 4138 quorum
1923 4069 2075 4123 alter

2171 1914 2333 1984 μεὼν,
2400 1913 2488 1966 τὸν
2561 1914 2708 1981 Λευῗ,
2769 1913 2860 1966 τὸν
2929 1910 3155 1976 Ἰούδαν,
3224 1911 3312 1965 τὸν
3372 1913 3651 1985 Ἰσσαχὰρ,
3717 1912 3811 1966 τὸν

2164 1996 2456 2057 Ζαϐουλὼν
2518 2002 2606 2054 καὶ
2673 2003 2770 2071 τὴν
2835 2004 3008 2058 Δίναν·
3079 2002 3139 2057 ἐκ
3207 1999 3264 2056 δὲ
3328 2007 3428 2070 τῆς
3488 2000 3664 2076 Ῥχήλ
3721 2005 3816 2055 τον

2165 2094 2390 2170 Ἰωσὴφ,
2422 2091 2480 2147 ἐκ
2539 2089 2596 2147 δὶ
2647 2100 2748 2160 τῆς
2806 2089 3100 2162 παιδίσκης
3133 2091 3306 2153 Βάλας
3343 2093 3434 2147 τὸν
3467 2093 3570 2146 Δάν
3600 2092 3689 2146 καὶ
3719 2099 3814 2146 τον

2167 2181 2484 2261 Νεφθαλὶμ,
2516 2183 2576 2237 ἐκ
2605 2179 2662 2237 δὲ
2693 2183 2791 2252 τῆς
2847 2181 3054 2256 Δελφᾶς
3103 2182 3195 2236 τὸν
3241 2179 3343 2236 Γὰδ
3373 2181 3464 2238 καὶ
3494 2183 3585 2236 τὸν
3618 2183 3816 2257 ’Δσήρ.

2169 2271 2428 2329 Εἱκοστὸν
2490 2269 2665 2325 τοίνυν
2729 2269 2846 2332 ἔτος
2905 2268 3188 2344 διατρίψας
3267 2272 3401 2344 μετά
3463 2276 3561 2324 τοῦ
3634 2265 3816 2324 Λαϐὰν

2168 2357 2376 2434 ἀπέδρα
2423 2358 2473 2432 ἐξ
2507 2359 2694 2428 αὐτοῦ,
2753 2358 2908 2421 ὃντος
2964 2363 3062 2414 τοῦ
3110 2360 3314 2432 Ἰωσὴφ
3363 2359 3578 2434 χρόνων
3625 2363 3814 2432 τριῶν.

2171 2445 2469 2505 Διάϐαίνων
2526 2446 2583 2503 δὲ
2635 2449 2728 2503 τὸν
2788 2445 3062 2521 Ἰορδάνην
3121 2446 3468 2522 ἐπευλογηθη
3534 2447 3622 2503 καὶ
3686 2467 3811 2520 μετ-

2173 2538 2382 2609 εκλήθη
2416 2536 2660 2613 Ἰσραήλ.
2693 2539 2754 2594 Ὀ
2806 2537 2864 2592 δὲ
2920 2532 3116 2592 Ἰακὼϐ
3167 2544 3269 2605 τῆς
3301 2537 3535 2612 ὁράσεως
3567 2537 3819 2608 ὑπομνη-

2175 2628 2319 2694 σθεὶς
2378 2629 2438 2697 ἣν
2468 2627 2724 2692 ἐθεάσατο
2779 2628 2918 2682 κατὰ
2971 2630 3073 2696 τὴν
3123 2625 3297 2700 ἄφιξιν
3330 2627 3428 2694 τὴν
3457 2627 3531 2688 εἰς
3565 2627 3824 2682 Μεσοπο-

2175 2719 2395 2791 ταμίαν,
2447 2719 2731 2793 ἀνέρχεται
2785 2718 2858 2779 είς
2911 2715 3144 2788 Βαιθήλ.
3190 2719 3349 2772 Ἔνθα
3397 2714 3823 2787 κατακοιμηθεὶς

2179 2807 2284 2863 εἶδε
2313 2811 2374 2864 τὸ
2407 2809 2608 2882 ὅραμα.
2663 2810 2765 2864 Καὶ
2813 2810 2986 2862 πάντα
3037 2805 3450 2868 ἀποδεκατὼσας
3484 2809 3516 2861 ἅ
3545 2805 3826 2875 ἇκὲκτητο,

2178 2897 2488 2954 τελευταῖον
2547 2893 2849 2952 ὑποϐάλλει
2909 2896 3103 2971 κλήρῳ
3160 2897 3288 2960 τοὺς
3342 2893 3559 2964 παῖδας,
3612 2895 3827 2950 καὶτὸν

2181 2985 2311 3040 Λευί
2375 2991 2454 3057 τῷ
2511 2991 2627 3058 Θεῷ
2700 2987 2938 3063 ἀφιεροὶ,
3017 2987 3148 3042 ἐτῶν
3211 2987 3530 3062 ὑπάρχοντα
3589 2985 3680 3055 ιη’,
3739 2984 3831 3038 καὶ

2185 3079 2270 3149 [Ρ.
2326 3079 2416 3149 34]
2477 3074 2734 3150 ἀρχιερὲα
2811 3071 3168 3144 ἀναδείκνυσι,
3245 3072 3470 3129 δέκατον
3540 3071 3669 3128 ὅντα
3724 3072 3834 3127 ἀπὸ

2185 3164 2418 3239 ἐσχάτου
2474 3164 2610 3218 κατὰ
2647 3165 2738 3218 τὸν
2815 3171 2913 3232 τῆς
2971 3162 3328 3238 ἀστρολογίας
3382 3166 3515 3234 (44).
3572 3157 3836 3232 Ῥουϐεὶμ

2186 3256 2288 3332 γὰρ
2321 3253 2408 3309 διὰ
2461 3257 2560 3324 τὴν
2620 3253 2908 3322 παλλακὴν
2953 3257 3049 3308 τοῦ
3103 3254 3305 3327 πατρὸς
3356 3252 3616 3325 ἐστερήθη
3647 3259 3747 3321 τῆς
3776 3272 3836 3306 τε

2186 3345 2463 3419 βασιλείας
2524 3346 2613 3400 καὶ
2673 3353 2772 3413 τῆς
2830 3344 3151 3420 ἱερωσύνης,
3194 3345 3542 3418 πρωτότοκος
3572 3341 3663 3398 ὢν.
3700 3343 3830 3398 Ἐλ-

2181 3435 2367 3496 θόντος
2423 3433 2480 3490 δὲ
2534 3439 2630 3489 τοῦ
2691 3429 2885 3490 Ἰακὼϐ
2942 3433 3176 3503 πλησίον
3235 3433 3479 3505 Σικίμων
3541 3431 3615 3495 εἷς
3665 3431 3831 3486 πόλιν

2183 3524 2406 3596 Σαλήμ,
2440 3523 2719 3602 ὑφίσταται
2777 3523 2878 3578 ὑπὸ
2941 3523 3122 3598 Σιχὶμ
3177 3524 3274 3590 τήν
3338 3522 3459 3597 βίαν
3490 3523 3524 3590 ἡ
3559 3522 3703 3578 Δίνα·
3738 3521 3832 3575 καὶ

2181 3611 2470 3668 ἑκδικεῖται
2537 3614 2680 3688 παρά
2748 3610 2969 3684 Συμεὼν
3034 3613 3124 3665 καὶ
3193 3609 3343 3678 Λευΐ,
3412 3611 3573 3664 παντὶ
3643 3610 3833 3682 τρόπῳ

2183 3703 2633 3780 διαχρησαμένων
2679 3703 2805 3763 τοὺς
2857 3702 2978 3775 περὶ
3032 3702 3122 3756 τὸν
3156 3700 3358 3776 Σιχέμ.
3389 3701 3512 3758 "Et:
3563 3697 3620 3754 δὲ
3657 3699 3832 3753 τίκτει

2182 3799 2216 3865 ἡ
2245 3794 2457 3870 Ῥαχὴλ
2488 3795 2566 3866 τῷ
2599 3787 2789 3849 Ἰακὼϐ
2850 3794 2939 3846 τὸν
3003 3794 3282 3865 Βενισμὶν,
3341 3791 3429 3846 καὶ
3459 3791 3834 3861 τελευτήσασα

2183 3887 2434 3951 θάπτεται
2495 3884 2546 3938 ὲν
2605 3888 2684 3954 τῷ
2743 3883 3046 3960 Εὐφρανθᾷ,
3106 3879 3224 3936 ἔνθα
3279 3885 3368 3934 νῦν
3428 3879 3568 3935 ἐστιν
3616 3882 3651 3949 ἡ
3696 3882 3836 3948 Βηθ-

2183 3977 2338 4051 λεὲμ’
2390 3974 2584 4048 μπαξὺ
2640 3973 2738 4047 γὰρ
2795 3979 2896 4041 τῆς
2955 3970 3212 4044 Βηθλεὲμ
3265 3970 3353 4026 καὶ
3412 3973 3511 4034 τῆς
3568 3972 3834 4044 Ἰερουσα-

2182 4065 2327 4138 λὴμ,
2360 4065 2436 4126 είς
2465 4064 2554 4118 τὸν
2587 4060 2956 4136 ἱππόδρομον,
3007 4063 3041 4131 ἡ
3095 4059 3292 4134 λάρναξ
3324 4058 3436 4116 ἐστὶ
3466 4061 3566 4127 τῆς
3594 4057 3836 4132 Ῥαχὴλ,

1625 4157 1991 4213 XYLANDRI
2025 4160 2110 4213 ΕΤ
2149 4157 2366 4213 GOARI
2404 4156 2630 4212 NOTIE.

431 4253 574 4292 num
597 4252 812 4314 genere
837 4237 1019 4314 fuisse
1049 4245 1274 4302 monet.
1308 4242 1481 4314 quale
1505 4244 1706 4314 pueris
1727 4245 1967 4299 daretur
1994 4251 2079 4311 ;ut

432 4323 555 4362 non
579 4308 734 4362 male
762 4308 1028 4382 videatur
1052 4316 1206 4382 torta
1220 4308 1389 4382 panis
1411 4308 1554 4368 verti
1577 4315 1638 4368 in
1665 4315 1886 4370 lexicis.
1916 4308 2074 4371 ldem

429 4384 566 4503 Sost
585 4394 686 4432 eos
705 4372 1314 4452 κολλάϐουςίῳρείίέὶιιί
1340 4385 1536 4456 tradit,
1556 4385 1614 4439 in
1640 4387 1844 4441 eadem
1869 4405 2078 4442 coma:-

475 4449 530 4503 ia
547 4465 804 4503 versans.
837 4452 1004 4503 quasi
1035 4452 1358 4503 mutilatos.
1384 4455 1439 4503 id
1483 4462 1573 4503 est
1619 4458 1858 4503 eximan
1892 4475 2073 4503 mmo:

475 4452 530 4530 ia
547 4465 810 4530 versans,
837 4452 1004 4520 quasi
1035 4452 1358 4530 mutilatos,
1384 4455 1441 4510 id
1483 4452 1858 4530 estexiguos
1892 4475 2073 4530 panes

432 4519 987 4600 dicereszcﬂzeterum
1010 4519 1425 4600 κολλυρίδοςειι
1442 4528 1602 4600 verbi
1632 4519 1824 4600 agiiati
1852 4519 2073 4585 nientio

433 4593 694 4662 exstatll
716 4593 974 4662 Samuel,
997 4610 1118 4662 xm,
1138 4593 1200 4650 in
1220 4597 1524 4654 Thamaris
1545 4593 1812 4656 historia.
1839 4604 1909 4656 Et
1937 4610 2074 4657 ante

433 4679 484 4718 c.
509 4666 541 4718 6
561 4661 826 4735 κολλυρὶς
857 4661 1020 4736 ἄρτου
1044 4661 1405 4724 nOminatur.
1433 4670 1544 4725 Sed
1561 4671 1671 4727 hoc
1719 4674 1780 4727 in
1835 4673 2075 4729 Hebraea

433 4769 637 4841 lingua
668 4783 794 4830 nm
831 4783 974 4835 mn.
1010 4773 1159 4828 illud
1187 4760 1331 4835 .1335
1369 4778 1724 4848 appellatur.
1759 4780 1915 4850 quod
1966 4799 2073 4852 po-

435 4879 651 4955 sterius
691 4878 1075 4955 sorbitionem
1111 4882 1169 4936 Β.
1205 4882 1600 4955 Hieronymus
1625 4887 1814 4955 vertit,
1849 4905 1981 4943 cum
2014 4891 2072 4944 in

432 4951 629 5074 priore
651 4967 851 5006 vocem
867 4953 1127 5008 Grmcam
1151 4951 1455 5010 retineret.
1481 4962 1552 5012 Et
1572 4965 1712 5013 sunt
1733 4951 1872 5014 sane
1904 4977 2076 5016 voca-

475 5022 573 5074 υῘὶΙ
598 5023 826 5074 diversa
862 5024 1025 5074 Quod
1048 5042 1098 5074 c.
1124 5029 1154 5074 6
1175 5028 1536 5074 nominatur-
1565 5030 1618 5074 id
1643 5032 1810 5074 nanis
1834 5031 2075 5074 nlnnpn-

475 5022 573 5077 ula
592 5023 843 5101 diversa
862 5024 1025 5101 Quod
1048 5042 1098 5078 c.
1124 5028 1538 5101 6_nominatur,
1564 5030 1622 5084 id
1643 5032 1810 5100 panis
1834 5031 2075 5101 placen-

435 5096 552 5173 tam
585 5095 765 5150 fuisse
795 5093 1027 5173 videtur
1057 5114 1126 5151 ex
1158 5097 1332 5173 Levit.
1368 5117 1404 5152 ιι
1437 5093 1856 5173 θῐῄινιιιᾲὶιίψὶιθξ
1898 5111 2072 5173 atque

435 5160 580 5214 alias
609 5172 810 5286 gosset
839 5165 1256 5222 demonstrari.
1292 5171 1587 5225 Posterior
1628 5160 1793 5227 loc-us
1847 5160 2076 5228 videtur

435 5236 602 5284 osten
649 5252 746 5286 ere
780 5237 987 5286 lamina
1017 5239 1221 5286 fuisse-
1256 5240 1339 5286 vel
1375 5241 1596 5286 alinnirl
1633 5259 1697 5286 nr
1745 5253 1905 5286 nacta
1940 5246 2076 5286 f‘m-i-

435 5236 746 5290 ostendere
780 5237 988 5306 lagana
1017 5239 1221 5302 fuisse,
1256 5240 1339 5294 vel
1375 5241 1600 5312 aliquid
1633 5259 1700 5298 ex
1745 5253 1910 5313 pasta
1940 5246 2077 5299 fari-

436 5316 620 5385 nacea
651 5313 881 5361 coctum
910 5327 1265 5382 quacunque
1314 5315 1560 5369 ratione.
1605 5314 1803 5368 cibum
1833 5318 2072 5385 quidem

436 5377 634 5457 potius
659 5393 839 5457 quam
855 5377 1078 5457 potum.
1095 5377 1238 5438 Nam
1259 5386 1519 5457 profecto
1534 5391 1765 5440 Amnon
1791 5377 2076 5443 renuebat

439 5441 645 5531 edere,
672 5441 791 5531 ii‘on
826 5441 1054 5531 bibere.-
1082 5462 1145 5508 ut
1203 5441 1439 5525 quidem
1499 5458 1674 5531 verba
1716 5441 2077 5531 simpliciter

439 5522 673 5596 sonant.
694 5517 892 5597 Neque
914 5537 1018 5592 ego
1041 5524 1164 5579 hinc
1187 5517 1585 5583 aimotassem.
1615 5529 1725 5583 nisi
1754 5530 1813 5584 Β.
1842 5517 2074 5586 Ἠὶρι-ο-

439 5593 601 5668 nymi
633 5593 952 5668 auctoritas
982 5609 1097 5668 me,
1131 5601 1196 5650 ut
1225 5597 1448 5664 debuit,
1509 5601 1916 5656 admonuissnt
1950 5620 1961 5668 ;
2019 5609 2078 5657 et

438 5659 992 5739 puto,_sorbitiones
1021 5666 1069 5716 si
1104 5668 1236 5733 quis
1267 5669 1359 5722 edi
1399 5659 1573 5726 etiam
1632 5673 1807 5736 dicat.
1865 5659 2075 5730 merito

437 5730 793 5805 reprehendi
814 5748 932 5786 non
946 5730 1137 5803 posse;
1150 5740 1501 5799 Vocabulum
1516 5745 1736 5799 acorde
1754 5730 2074 5802 recreando

2186 4245 2450 4308 ductum,
2473 4250 2532 4298 et
2551 4249 2616 4299 ut
2638 4245 2718 4298 ita
2741 4242 2955 4305 dicam,
2971 4241 3226 4297 cordiale
3249 4239 3474 4311 aliquid
3499 4237 3836 4311 signiﬁcare

2186 4317 2248 4370 in
2283 4322 2480 4371 sanctr
2528 4316 2729 4386 lingua
2776 4314 3024 4386 videtur.
3071 4313 3182 4366 Sed
3232 4309 3378 4386 hinc:
3405 4311 3507 4365 alii
3554 4309 3834 4386 viderint.

2185 4387 2546 4457 Jampridem
2577 4379 2931 4457 scripseram
2951 4385 3107 4457 haec,
3131 4400 3265 4438 cum
3294 4382 3643 4457 Adversaria
3674 4379 3837 4457 edita

2186 4451 2541 4524 vidiIIibros
2601 4451 2771 4527 Ion-ge
2829 4451 3199 4527 utilissimos,
3255 4454 3492 4511 Adriani
3537 4451 3832 4527 iTurnebi,

2185 4546 2362 4602 quem
2385 4546 2576 4600 nuper
2597 4528 2678 4602 rei
2703 4524 2958 4602 publica;
2981 4527 3282 4602 litterariae
3304 4526 3613 4602 dispendio
3635 4524 3834 4602 amisi-

2186 4596 2339 4664 mus.
2371 4596 2561 4655 virum
2592 4596 2871 4654 doctrina
2913 4605 2970 4653 et
3015 4598 3275 4653 solertiae
3319 4596 3831 4668 inéomparahilis.

2184 4675 2322 4756 Ejus
2355 4673 2552 4756 libriuli
2584 4671 2818 4726 initium
2867 4687 3001 4725 cum
3049 4672 3267 4725 nostris
3298 4671 3617 4741 conjungat
3646 4668 3835 4723 lector

2185 4745 2458 4801 diligens.
2490 4745 2633 4798 XvL.

2256 4762 2458 4817 ugens.
2491 4762 2633 4798 λη.

2256 4818 2368 4886 (43)
2425 4817 2614 4870 8ᾶοΓῶ
2667 4815 2924 4886 Littera;
2959 4817 3184 4867 tantum
3243 4810 3708 4886 40Aperhibent,
3772 4815 3836 4886 et

2184 4883 2429 4942 nomina
2477 4886 2642 4957 paslo
2690 4886 2864 4940 aliter
2913 4885 3192 4956 leguntur
3249 4883 3390 4938 Vide
3422 4885 3564 4939 Gen.
3599 4901 3725 4937 xxv:
3770 4883 3830 4936 in

2186 4960 2320 5014 ﬁne.
2356 4963 2499 5014 Xvi..

2257 5033 2368 5098 (44)
2422 5031 2611 5086 Kocus
2669 5029 2977 5098 perspicue
3028 5027 3290 5082 mutilus.
3327 5028 3464 5082 Ideo
3515 5033 3835 5098 astencum

2185 5087 2396 5174 adjeci,
2431 5102 2570 5171 quia
2604 5087 2762 5184 aliud
2793 5087 2867 5192 lin
2927 5099 3242 5179 praesentia
3270 5101 3365 5192 vix
3397 5087 3838 5192 ροεειιιιι.ἰι)οξι

2227 5172 2382 5235 aulo.
2432 5190 2540 5242 qua
2591 5175 2713 5242 equi
2773 5172 3104 5242 decurrunt:
3163 5172 3222 5242 in
3286 5172 3601 5242 Grmcoiest
3639 5172 3712 5227 εις
3744 5172 3838 5221 τὸν

2209 5239 2551 5316 ππὸὂρομον.
2583 5239 2647 5316 lii
2672 5245 2764 5297 via
2791 5239 3031 5314 quidem
3055 5241 3653 5316 sepultamscribitur
3682 5242 3825 5316 Gen.

2184 5313 2612 5383 xxxvalioqui
2647 5313 2904 5368 Grzecam
2937 5327 3138 5366 vocem
3186 5313 3304 5366 scio
3336 5314 3570 5368 Gircum
3605 5313 3832 5383 signiﬁ-

2185 5405 2319 5444 care
2346 5405 2358 5440 :
2395 5388 2643 5461 sedliuc
2675 5401 2793 5461 non
2843 5383 3111 5461 quadrat.
3147 5385 3313 5461 Quod
3345 5383 3614 5461 etiopavoa
3645 5391 3739 5438 est
3771 5385 3831 5438 in

2183 5466 2385 5515 nostro
2419 5459 2638 5518 codice,
2682 5457 2740 5527 id
2772 5455 2927 5527 apud
2970 5455 3290 5527 Josephum
3324 5455 3431 5510 sub
3467 5457 3645 5510 linem
3679 5472 3692 5509 ι
3727 5461 3832 5509 An—

2185 5534 2285 5601 tiq.
2322 5529 2456 5609 libri
2486 5527 2619 5580 κατὰ
2649 5524 3372 5609 τῂν.Δέφραράνηνξιεεὶωιτ.
3403 5527 3688 5609 Ηεξῦιτειὶεο
3720 5544 3828 5609 νοις

2183 5597 2342 5674 recte
2374 5601 2569 5674 Graece
2597 5597 3147 5674 redditur'_s_-59920_&,
3172 5597 3373 5674 sicque
3399 5605 3455 5653 et
3476 5599 3571 5674 hic
3594 5605 3662 5674 et_
3684 5597 3829 5674 alibi

2183 5673 2324 5745 legit
2353 5670 2790 5743 Complutensis
2821 5669 3019 5745 editio.
3073 5671 3137 5724 Et
3183 5669 3452 5725 eamdem
3497 5671 3618 5726 fere
3649 5669 3830 5725 habet

2182 5741 2434 5800 Zonaras
2462 5741 2801 5801 lectionem.
2835 5741 2973 5800 XYL.
