4148 6196
421 356 491 414 91
1779 342 2092 403 GEORGII
2135 341 2474 403 GEDltENI
3750 344 3830 400 92

412 496 614 547 octavo
641 490 828 544 fames
879 487 1090 558 cmpit:
1142 499 1300 544 nam,
1336 487 1401 536 ut
1444 479 1733 550 Iosephus
1781 483 2054 547 testatur,

2183 477 2210 530 ὁ
2246 473 2433 548 λιμός·
2469 475 2531 530 ού
2601 477 2703 554 γὰρ
2757 472 2926 547 ἀνέϐη
2961 477 2988 531 ὁ
3019 475 3220 538 Νεῖλος
3279 473 3331 529 ὲν
3360 474 3514 536 ὀλοις
3545 481 3662 536 τοῖς
3696 476 3831 531 ἑπτὰ

417 581 554 636 totis
587 583 814 651 septem
838 577 1010 632 annis
1031 569 1452 643 ejusjpenuriaa
1478 567 1641 622 Nilus
1663 584 1784 622 non
1805 567 2062 623 exunda-

407 677 592 725 verat.
619 667 860 723 Biennio
893 669 1025 734 post
1044 660 1292 715 Iacobus
1334 659 1394 713 in
1426 660 1731 729 Egyptum
1771 657 2060 730 demigra-

403 760 513 826 vit,
545 773 682 812 cum
715 759 780 808 ’75
809 750 1119 807 animabus
1153 765 1341 803 annos
1375 746 1601 802 habens
1646 747 1768 801 130.
1809 747 2062 818 Iosepho

408 851 477 902 40
509 849 715 916 agente
746 855 967 895 annum
1002 838 1247 892 moritur
1270 837 1521 891 Iacobus
1551 852 1711 890 anno
1775 836 1909 890 vitas
1943 851 2062 890 sua:

415 937 536 996 147,
561 948 626 984 ac
665 931 725 984 in
759 928 1030 983 Hebrone
1063 944 1096 981 a
1143 927 1396 996 Iosepho
1428 924 1732 996 sepelitur.
1783 924 2067 990 (Gesaama

410 1021 624 1076 Arabia
667 1025 756 1074 est
798 1021 1038 1091 Egypto
1071 1003 1369 1085 linimita.)
1395 1017 1540 1069 Nam
1568 1015 1861 1084 Iosephus
1891 1013 2064 1068 annis

407 1115 543 1182 post
569 1108 769 1164 Jacobi
803 1108 864 1162 in
895 1109 1202 1177 Egyptum
1233 1103 1651 1177 migrationem
1684 1105 1752 1156 '70
1793 1107 2065 1158 mortuus

402 1205 510 1267 est,
547 1216 682 1254 cum
725 1205 966 1254 centum
1000 1213 1187 1251 annos
1219 1201 1279 1250 et
1306 1195 1512 1250 decem
1553 1193 1814 1248 vixisset.

479 1294 525 1344 Δ
578 1294 768 1342 morte
807 1287 1042 1357 Iosephi
1098 1285 1441 1340 servitutem
1500 1283 1780 1355 Egyptiis
1836 1281 2064 1336 Hebrmi

413 1378 743 1434 servierunt
773 1392 879 1446 per
900 1392 1086 1430 annos
1111 1377 1231 1428 144.
1256 1376 1402 1445 Ergo
1422 1379 1610 1427 totum
1633 1377 1883 1442 tempus,
1908 1370 2066 1440 quod

413 1468 473 1521 in
529 1467 770 1537 Egypto
830 1463 1057 1519 Hebraai
1111 1468 1376 1535 egerunt,
1429 1477 1722 1516 annorum
1780 1459 1891 1514 fuit
1938 1461 2061 1512 215.

415 1555 579 1620 Quod
611 1555 684 1609 ad
716 1553 1020 1625 privilegia
1052 1553 1139 1623 (ut
1167 1552 1251 1606 sic
1279 1551 1512 1621 loquar)
1562 1549 2062 1622 primogenituraa,

417 1645 478 1699 in
511 1645 704 1698 locum
738 1642 968 1698 Rubeni
1001 1641 1195 1712 proles
1225 1641 1462 1711 Iosephi
1494 1640 1567 1695 ob
1599 1639 1862 1710 parentis
1893 1637 2062 1710 pudi-

414 1734 616 1788 citiam
649 1732 955 1799 successit,
989 1731 1148 1801 quod
1181 1730 1462 1787 Rubenus
1489 1746 1623 1786 cum
1644 1729 1826 1800 patris
1851 1727 2066 1798 pellice

2169 559 2308 618 ἔτεσι
2351 568 2446 618 τοῦ
2512 565 2704 638 λιμοῦ,
2761 566 2836 626 ὡς
2894 567 3164 635 Ἰώσηπος
3222 569 3506 639 μαρτυρεῖ.
3561 565 3710 621 Μετὰ
3776 563 3834 620 δὶ

2170 650 2268 707 δύο
2299 650 2390 723 ἔτη
2424 649 2627 724 κατέϐη
2663 649 2860 710 Ἰακὼϐ
2883 654 2960 717 εἷς
3015 652 3297 727 Αἴγυπτον
3365 652 3416 706 ἐν
3465 654 3535 707 oe‘
3593 657 3826 726 ψυχαῖς,

2171 742 2361 796 ἑκατὸν
2409 743 2702 817 τριάκοντα
2757 742 2892 798 ἐτῶν
2949 736 3048 810 ὤν,
3103 744 3131 797 ὁ
3189 739 3246 796 δὲ
3305 743 3506 818 Ἰωσὴφ
3564 744 3828 818 τεσσαρά-

2171 851 2356 887 κοντα.
2389 831 2626 902 Τελευτᾷ
2681 829 2738 886 δὲ
2796 827 2990 887 Ἰακὼϐ
3043 832 3231 886 ἑκατὸν
3285 831 3830 905 τεσσαρακονταεπτὰ

2171 920 2452 988 ita»),va
2486 921 2746 976 θάπτεται
2800 921 2902 976 ὑπὸ
2962 922 3164 998 Ἰωσὴφ
3218 923 3274 975 ἓν
3316 915 3564 994 Χεϐρών,
3621 921 3834 993 Γεσαίμ

2172 1005 2230 1064 δὲ
2251 1011 2285 1078 ἡ
2319 1011 2456 1082 πρὸς
2481 1009 2760 1084 Α’ἰγυπτον
2798 1005 3028 1085 Ἀραϐία
3057 1009 3224 1066 ἱστίν.
3284 1010 3438 1064 Μετὰ
3465 1011 3565 1085 γὰρ
3599 1011 3641 1063 o‘
3699 1010 3836 1088 χρό-

2169 1119 2292 1160 νους
2323 1107 2424 1168 τῆς
2481 1098 2532 1153 ἐν
2593 1098 2854 1174 Αἰγύπτῳ
2913 1096 3144 1154 καθόδου
3214 1093 3435 1168 Ἰακὼϐ,
3483 1097 3834 1168 ἱτελεύτησεν

2173 1189 2378 1266 Ἰωσὴφ
2409 1189 2599 1246 ἑκατὸν
2633 1187 2762 1244 δέκα
2785 1188 2941 1247 ἐτῶν.

2243 1277 2390 1333 Μετά
2419 1282 2550 1352 γοῦν
2575 1279 2666 1334 τὸν
2697 1279 2918 1342 θάνατον
2956 1280 3158 1357 Ἰωσὴφ
3191 1275 3544 1332 δουλεύουσιν
3581 1273 3831 1350 Ἑϐραῖοι

2170 1372 2285 1428 τοῖς
2319 1365 2640 1441 Αἰγυπτίοις
2674 1367 2766 1438 ἔτη
2839 1365 2982 1444 ρμδ“.
3037 1367 3115 1422 Τὰ
3143 1368 3314 1422 πάντα
3352 1367 3532 1422 τοίνυν
3563 1373 3664 1437 τῆς
3720 1373 3844 1423 τῶν⁵

2170 1451 2436 1529 Ἑϐραίων
2498 1456 2550 1510 ἐν
2611 1455 2880 1530 Αἲγύπτῳ
2941 1451 3230 1531 διατριϐῆς
3271 1451 3365 1526 ἔτη
3425 1458 3539 1513 σιε’.
3601 1453 3829 1531 Λαμϐόί-

2168 1567 2320 1604 νουσι
2378 1545 2435 1602 δὲ
2491 1550 2590 1616 τὴν
2650 1547 2910 1622 εὐλογίαν
2965 1553 3072 1602 τῶν
3116 1553 3507 1623 πρωτοτοκιῶν
3563 1549 3681 1603 ἀντὶ
3733 1553 3832 1605 τοῦ

2170 1629 2432 1709 Ῥουϐεὶμ
2489 1637 2540 1690 οἱ
2599 1637 2710 1692 υἱοὶ
2773 1637 2972 1713 Ἰωσὴφ
3008 1634 3096 1691 διὰ
3153 1638 3216 1692 τὸ
3263 1641 3359 1692 τοῦ
3388 1639 3594 1712 πατρὸς
3652 1638 3837 1693 αὐτῶν

2173 1731 2407 1802 σῶφρον,
2438 1727 2631 1780 καθὸό
2667 1727 2762 1800 μὲν
2823 1722 3088 1799 Ῥουϐεἰμ.
3155 1729 3224 1800 τῇ
3279 1722 3541 1801 παλλακῇ
3599 1726 3836 1795 συνῆλθε

413 1823 703 1890 coivisset,
727 1822 1014 1892 Iosephus
1038 1826 1235 1875 autem
1262 1821 1323 1876 in
1362 1819 1640 1891 Egyptian
1664 1817 1933 1874 mulieris
1963 1817 2064 1871 68

2183 1819 2268 1869 τοῦ
2299 1815 2526 1890 πατρὸς,
2561 1817 2588 1870 ὁ
2622 1813 2680 1870 δὲ
2712 1816 2914 1894 Ἰῳσὴφ
2944 1819 3011 1887 τῇ
3048 1815 3325 1889 Αἰγυπτίᾳ
3383 1815 3444 1870 οὐ
3502 1818 3828 1893 συνεφθάρη,

411 1909 722 1964 libidinem
742 1925 1120 1980 nequaquam
1144 1909 1560 1964 consensisset.
1583 1907 1856 1972 Quamvis
1879 1906 2060 1961 etiam

411 2001 624 2056 fratres
651 2015 900 2054 numero
931 1999 1136 2053 decem
1167 2015 1235 2052 ac
1257 2004 1376 2052 tres
1400 1997 1662 2063 fuerunt,
1687 2002 1884 2051 tamen
1908 2001 2066 2050 terra

415 2089 574 2142 inter
605 2086 917 2142 duodecim
942 2087 1131 2141 divisa
1160 2092 1268 2150 est,
1291 2104 1358 2142 eo
1387 2086 1544 2156 quod
1568 2102 1603 2141 a
1623 2085 1854 2141 caeteris
1881 2085 2068 2140 omni-

420 2177 532 2232 bus
562 2177 692 2232 Levi
724 2177 983 2231 decimas
1014 2177 1328 2247 acciperet.

487 2267 981 2322 Adolescentulus
1020 2266 1346 2321 etiamnum
1381 2265 1669 2337 Iosephus
1709 2280 1845 2319 oves
1885 2265 2071 2337 patris

415 2357 715 2429 pascebat;
731 2372 985 2426 cumque
1000 2372 1136 2411 eum
1153 2360 1322 2426 pater
1340 2356 1588 2426 reliquis
1603 2355 1931 2425 impensius
1945 2353 2076 2409 dili-

416 2447 820 2516 geret,fratres
833 2444 1055 2499 invidia
1072 2444 1278 2514 perciti
1294 2443 1574 2499 adversus
1589 2461 1724 2498 eum
1741 2443 2075 2499 simultates

431 2533 1031 2589 exercuerunt.Auxit
1043 2533 1245 2588 odium
1263 2533 1695 2589 insomniorum
1707 2534 1949 2590 auditio.
1967 2535 2080 2588 Re-

429 2625 709 2680 citaverat
725 2625 886 2680 enim
909 2624 996 2679 eis
1018 2625 1204 2678 visum
1233 2625 1366 2694 sibi,
1392 2625 1536 2696 ipsis
1559 2624 1898 2697 manipulos
1915 2623 2082 2678 colli'

427 2730 539 2783 gan
547 2713 702 2768 tibus
716 2729 878 2768 suum
891 2731 937 2768 m
947 2715 1045 2768 ani
1052 2714 1254 2784 pulum
1269 2729 1398 2768 sese
1411 2713 1668 2768 erexisse
1679 2714 2079 2783 ,reliquosque

427 2803 558 2872 ejus
572 2801 900 2858 honorandi
913 2818 1091 2857 causa
1103 2803 1430 2872 manipulos
1441 2820 1659 2874 pronos
1671 2803 2056 2873 procubuisse
2067 2845 2079 2858 .

432 2890 593 2944 Unde
621 2890 834 2944 fratres
864 2891 924 2944 id
947 2891 1102 2960 quod
1134 2907 1229 2944 res
1253 2891 1363 2944 fuit
1384 2893 1795 2963 conjicientes,
1824 2892 1991 2946 illum
2019 2893 2080 2946 in

430 2978 590 3048 ipsos
615 2979 929 3049 imperium
954 2979 1277 3049 aliquando
1301 2979 1661 3049 habiturum,
1687 2981 1874 3036 multo
1904 2981 2076 3036 vehe-

429 3068 690 3123 mentius
713 3067 916 3123 odium
939 3067 1220 3123 adversus
1241 3085 1376 3124 eum
1391 3076 1813 3141 conceperant.
1846 3069 2085 3125 Addidit

429 3157 541 3211 hoc
573 3157 755 3227 priori
788 3158 1098 3228 Iosephus,
1131 3175 1192 3212 se
1242 3176 1347 3229 per
1384 3159 1644 3229 quietem
1697 3159 2075 3230 imaginatum

2177 1899 2358 1957 Ἀλλά
2415 1903 2503 1957 καὶ
2573 1899 2869 1976 δεκατριῶν
2928 1900 3179 1975 ἀδελφῶν
3239 1903 3408 1958 ὄντων
3474 1903 3548 1965 εἰς
3617 1901 3830 1959 δώδεκα

2167 1989 2425 2064 ιμερίσθη
2459 1993 2492 2060 ἡ
2526 1998 2595 2065 γῆ
2659 1988 2749 2046 διὰ
2813 1992 2877 2046 τὸ
2934 1991 3025 2046 τὸν
3083 1993 3213 2046 Λευὶ
3268 1988 3636 2047 ἀποδεκατοῢν
3702 1992 3842 2054 τοὺς·

2173 2077 2404 2140 λοιποὺς
2426 2080 2650 2142 πάντας.

2245 2261 2364 2315 Ὅτι
2398 2261 2602 2336 Ἰωσὴφ
2634 2257 2840 2334 κομιδῇ
2893 2261 3016 2324 νέος
3073 2258 3147 2314 ὢν
3203 2256 3282 2316 ἔτι
3314 2257 3562 2336 πρόϐατα
3589 2269 3688 2318 τοῦ
3719 2285 3838 2319 πα·-

2170 2350 2298 2424 τρὸς
2330 2348 2639 2422 ποιμαίνων
2669 2352 2759 2420 ἦν,
2787 2352 2874 2405 καὶ
2921 2348 3140 2422 μᾶλλυν
3185 2355 3294 2406 τῶν
3353 2350 3536 2407 ἃλλων
3569 2355 3822 2426 ἠγαπᾶτο

2171 2445 2249 2511 τῷ
2273 2440 2456 2514 πατρί.
2492 2441 2587 2495 Διὸ
2618 2441 2708 2496 καὶ
2765 2442 2822 2494 οἱ
2879 2439 3110 2519 ἀδελφοὶ
3169 2441 3619 2517 διαφθονούμενοι
3665 2441 3820 2499 ούδὶν

2178 2531 2314 2602 πρὸς
2352 2527 2512 2585 αὑτὸν
2564 2529 2836 2605 εἰρηνικὸν
2891 2529 3146 2589 ἐλάλουν.
3211 2532 3565 2607 Προσετίθουν
3621 2531 3677 2588 δὲ
3729 2520 3823 2587 καὶ

2188 2624 2344 2692 μῖσος
2374 2623 2481 2674 τῶν
2537 2619 2798 2675 ἐνυπνίων
2858 2621 3024 2676 αὐτοῦ
3070 2621 3374 2684 ἀκούοντες.
3429 2622 3524 2676 Καὶ
3566 2623 3670 2699 γὰρ
3701 2617 3829 2699 ἔφη·

2189 2734 2216 2761 ‹‹
2251 2710 2547 2785 Δράγματα
2573 2706 2944 2782 δεσμευόντων
2975 2713 3135 2783 ἡμῶν
3192 2713 3246 2765 ἓν
3301 2716 3382 2783 τῷ
3445 2710 3616 2784 πεδίῳ
3673 2710 3834 2784 ᾤμην

2191 2800 2284 2870 μὶν
2311 2798 2686 2872 ἀνορθωθῆναι
2718 2800 2779 2853 τὸ
2811 2798 2964 2872 ἐμὸν,
3023 2800 3088 2854 τὰ
3147 2797 3203 2854 δὲ
3262 2801 3494 2874 ὑμέτερα
3541 2821 3832 2876 περιστρα-

2189 2888 2351 2966 φέντα
2380 2895 2700 2963 προσκυνεῖν
2751 2889 2917 2959 αὐτῷ,
2957 2914 2982 2940 ››
3041 2892 3254 2946 Τούτου
3303 2896 3428 2964 γοῦν
3487 2891 3829 2960 ἀκούσαντες,

2187 2975 2276 3028 καὶ
2308 2975 2383 3036 ὡς
2445 2973 2755 3048 βασιλεύσει
2798 2975 2879 3030 ἐπ’
2937 2975 3131 3038 αὐτοὺς
3189 2978 3362 3051 ὀρθῶς
3449 2977 3832 3052 Ξπικρίναντες,

2190 3064 2311 3120 λίαν
2341 3064 2611 3120 ὲπέτειναν
2646 3067 2708 3120 τὸ
2743 3072 2924 3139 μῖσος.
2958 3069 3219 3142 Προσθείς
3250 3066 3328 3135 δὲ,
3365 3093 3392 3121 ι(
3422 3071 3592 3132 Αὖθις
3623 3069 3836 3125 ἐνυπνι-

2191 3159 2395 3228 σάμην,
2430 3179 2458 3205 ››
2485 3153 2611 3228 ἔφη,
2649 3179 2671 3207 ιι
2703 3156 2790 3210 καί
2823 3177 2883 3232 γε
2912 3155 3072 3230 ᾤμην
3103 3157 3194 3212 τὸν
3255 3157 3416 3227 ἠλιον
3462 3159 3551 3213 καὶ
3607 3163 3706 3228 τὴν
3741 3181 3831 3214 σεο

425 3245 608 3301 fuisse
625 3263 660 3301 ει
681 3246 975 3314 sole,luna
987 3246 1384 3318 undecimque
1398 3248 1588 3303 stellis
1602 3265 1664 3303 se
1675 3249 2071 3304 adorari.Ver-

2187 3243 2362 3315 λήνην
2422 3245 2512 3299 καὶ
2562 3242 2750 3300 ἕνδεκα
2809 3245 3033 3319 ἀστέρας
3092 3248 3519 3321 προσκυνοῦντας
3572 3269 3638 3322 με
3695 3261 3832 3312 καθ-

430 3334 500 3388 tit
528 3335 639 3390 hoc
661 3335 720 3388 in
732 3336 938 3405 jocum
962 3340 1148 3405 pater,
1164 3334 1442 3406 dictoque
1462 3357 1489 3384 «
1512 3335 1807 3392 Numnam
1828 3337 2073 3408 egoipse

427 3429 484 3476 et
517 3428 704 3477 mater
731 3429 831 3478 tua
859 3424 1190 3493 fratresque
1225 3425 1308 3478 tui
1339 3431 1395 3478 te
1423 3427 1733 3496 prostratis
1764 3426 1826 3481 in
1856 3432 2074 3481 terram

429 3511 777 3580 corporibus
790 3511 1100 3567 adoratum
1117 3514 1417 3569 veniemus
1428 3514 1455 3567 ‘I
1469 3536 1496 3562 »
1511 3515 1583 3568 ob
1585 3517 1602 3582 j
1613 3520 1884 3587 urgatum
1898 3516 2075 3571 silere

423 3600 622 3669 jussit.
647 3602 734 3654 lta
759 3617 896 3671 ergo
920 3601 1173 3656 visiones
1197 3602 1322 3656 ista)
1345 3602 1878 3674 obscuraquwdam
1905 3610 2077 3660 erant

425 3688 734 3742 veritatem
784 3688 1086 3760 aliquanto
1147 3696 1283 3745 ante
1335 3692 1652 3764 designans
1709 3693 2071 3748 informatio.

427 3778 570 3832 Nam
597 3783 656 3831 et
676 3777 785 3832 hoc
811 3779 1068 3833 vaticinii
1099 3785 1188 3834 est
1207 3795 1415 3853 genus,
1441 3782 1764 3854 multisque
1786 3801 2075 3855 praamon-

428 3875 612 3926 strata
641 3877 730 3924 est
779 3872 1093 3928 insomniis
1140 3873 1475 3930 futurorum
1525 3877 1900 3950 signiﬁcatio,
1943 3894 2074 3948 qua

429 3961 727 4015 insomnia
756 3962 1026 4017 Numinis
1058 3963 1342 4019 instinctu
1373 3965 1670 4032 accidunt,
1703 3972 1769 4021 ut
1815 3968 2077 4022 Pharao-

430 4050 515 4115 ni,
549 4055 614 4103 ut
642 4051 1204 4108 Nabuchodonosori
1235 4060 1292 4108 et
1325 4055 1637 4125 permultis
1668 4056 1824 4110 aliis.

503 4140 706 4209 Operae
739 4141 995 4210 pretium
1022 4149 1112 4197 est
1132 4143 1542 4197 vaticiniorum
1566 4143 1936 4199 differentias
1956 4160 2077 4197 cer-

431 4243 592 4282 nere.
628 4229 906 4291 Quaadam
938 4230 1269 4300 spiritualia
1300 4239 1438 4285 sunt
1469 4237 1526 4285 et
1555 4233 1784 4287 veracia
1808 4248 2073 4301 prorsus,

428 4318 493 4364 ut
523 4313 624 4366 Dei
659 4319 716 4366 et
738 4321 1099 4381 sanctorum,
1126 4333 1230 4370 suo
1265 4323 1528 4387 tempore
1553 4319 1712 4373 exitu
1742 4320 1844 4374 64
1878 4320 2074 4373 vatici-

427 4399 595 4453 nium
627 4401 1040 4456 conﬁrmante.
1077 4404 1207 4459 Alia
1236 4421 1270 4458 a
1299 4405 1670 4461 daemonibus
1694 4408 2076 4478 proficiscun-

429 4493 544 4552 tur,
567 4487 745 4557 inque
768 4489 980 4544 horum
999 4491 1322 4550 cultoribus
1344 4494 1756 4550 efﬁcacitatem
1773 4503 2073 4552 exserunt.

2182 3341 2326 3408 ορᾷν.
2355 3359 2382 3386 ››
2415 3336 2723 3404 Διαπαίζων
2773 3333 2829 3390 δὲ
2884 3337 2946 3391 τὸ
2977 3336 3157 3411 ὅραμα
3217 3333 3411 3395 Ἰακὼϐ
3442 3337 3566 3416 ἔφη·
3610 3363 3638 3390 ‹‹
3683 3341 3829 3413 Ἀρα

2181 3425 2288 3500 ἐγὼ
2322 3428 2350 3482 ὁ
2381 3430 2562 3499 πατήρ
2593 3447 2690 3481 σου
2719 3426 2807 3480 καὶ
2839 3429 2874 3496 ἡ
2910 3430 3095 3503 μήτηρ
3129 3432 3224 3482 σοῦ
3259 3430 3349 3483 καὶ
3380 3431 3432 3483 οἱ
3461 3427 3688 3508 ἀδελφοί
3728 3451 3826 3484 σου

2180 3518 2382 3590 ἥξομεν
2415 3515 2784 3590 προσκυνῆσαί
2814 3538 2898 3571 σοι
2955 3515 3040 3570 ἐπὶ
3099 3524 3199 3587 τῆς
3229 3525 3332 3594 γῆς
3370 3538 3382 3584 ;
3417 3542 3444 3568 »ι
3501 3519 3592 3573 καὶ
3649 3519 3830 3574 ἐπιτι-

2185 3610 2362 3680 μήσας
2416 3604 2644 3678 παρῂνει
2698 3611 2873 3681 σιγᾷν.
2935 3606 3094 3663 Οὕτω
3157 3608 3250 3678 μὲν
3307 3606 3398 3660 οὖν
3460 3607 3526 3662 τὰ
3577 3609 3825 3683 ὁράματα

2183 3693 2401 3771 ἀμυδρὰ
2427 3702 2529 3763 τῆς
2565 3693 2823 3761 ἀληθείας
2854 3694 3203 3768 προτύπωσις
3261 3697 3346 3764 ἦν·
3407 3697 3494 3751 καὶ
3530 3696 3634 3773 γὰρ
3662 3701 3823 3752 τούτο

2179 3787 2518 3863 προφητείας
2550 3783 2714 3853 εἶδος,
2745 3787 2834 3840 καί
2869 3786 2920 3841 ἐν
2953 3785 3192 3848 πολλοὶς
3232 3786 3509 3861 ἐθεωρήθη
3551 3787 3827 3851 πολλάκις

2181 3875 2254 3932 δι’
2284 3876 2506 3950 ὀνείρων
2547 3878 2581 3944 ἡ
2613 3880 2711 3930 τοῦ
2746 3874 3048 3948 μέλλοντος
3080 3873 3457 3950 προδήλωσις,
3491 3875 3543 3930 ἐν
3600 3879 3682 3938 οἷς
3741 3875 3829 3931 διὰ

2179 3967 2488 4042 κρείττονος
2514 3965 2721 4038 γίνεται
2750 3964 3015 4033 κατοχῆς,
3070 3963 3252 4038 ὥσπερ
3308 3964 3358 4020 ἐν
3397 3971 3478 4038 τῷ
3507 3967 3709 4039 Φαραὼ
3739 3968 3828 4021 καὶ

2181 4059 2259 4124 τῷ
2288 4049 2780 4127 Ναϐουχοδονοσὸρ
2811 4054 2900 4108 καὶ
2930 4052 3125 4114 ἃλλοις
3166 4053 3467 4115 πλείστοις.

2250 4144 2438 4212 Ἀξιον
2461 4139 2516 4196 δὶ
2565 4139 2759 4196 εἱδέναι
2817 4143 2911 4205 τὰς
2971 4141 3237 4219 διαφορὰς
3291 4147 3401 4197 τῶν
3455 4147 3827 4220 προφητειῶν.

2181 4231 2241 4286 Ἡ
2276 4232 2371 4302 μὶν
2405 4231 2509 4305 γάρ
2548 4228 2661 4285 ἐστι
2691 4234 3032 4302 πνευματική
3093 4232 3184 4286 καὶ
3251 4233 3466 4302 ἀληθὴς
3497 4235 3695 4302 πάντη,
3751 4233 3828 4296 ὡς

2181 4321 2334 4386 ἡτοῦ
2375 4323 2508 4372 Θεοῦ
2565 4317 2654 4372 καὶ
2712 4323 2819 4372 τῶν
2881 4321 3073 4394 ἁγίων,
3135 4319 3186 4375 ἐν
3242 4327 3418 4395 καιρῷ
3475 4327 3555 4393 τῷ
3597 4319 3720 4395 ἰδίῳ
3770 4323 3831 4377 τὸ

2181 4408 2346 4480 πέρας
2402 4411 2509 4462 τῶν
2561 4408 3057 4483 προφητευομένων
3114 4408 3466 4484 ἐπιφέρουσα.
3523 4409 3712 4482 ’Ἄλλη
3769 4409 3829 4466 δὲ

2182 4492 2502 4568 δαιμονική,
2533 4494 2728 4558 ἐντοῖς
2785 4501 2894 4551 τῶν
2957 4495 3234 4570 δαιμόνων
3275 4505 3629 4572 θεραπευταῖς
3686 4498 3827 4574 ἐνερ-

428 4577 646 4648 Estque
679 4577 737 4631 id
758 4595 946 4649 genus
970 4581 1278 4653 multiplex
1305 4601 1318 4649 ;
1351 4584 1458 4639 sub
1490 4601 1606 4655 quo
1638 4592 1776 4642 sunt
1797 4587 2071 4642 vaticinia

2183 4583 2444 4660 γουμὲνη*
2491 4589 2569 4658 [Ρ.
2613 4588 2702 4660 36]
2734 4583 3084 4661 πολύτροπος
3153 4585 3210 4642 δὲ
3265 4588 3426 4659 αὕτη,
3477 4587 3569 4644 θ’ία
3625 4591 3659 4658 ἡ
3719 4593 3830 4644 τῶν

431 4683 500 4722 ex
549 4666 740 4722 farina
768 4673 826 4722 et
880 4669 1124 4739 hordeo,
1186 4673 1412 4743 Pythia,
1447 4691 1616 4746 nugae
1673 4692 1742 4730 ex
1781 4677 2077 4732 Dodonaea

427 4773 671 4827 quercu,
721 4757 1120 4828 extispicium,
1169 4762 1522 4833 auspicium,
1582 4766 1916 4837 augurium,
1951 4771 2074 4821 tum

427 4847 894 4917 conjectationes
917 4847 988 4902 de
1012 4851 1564 4916 sternutationibus,
1589 4853 1926 4922 tonitribus,
1949 4871 2075 4910 mu.

425 4937 579 4990 rium
613 4936 938 5007 feliumque
971 4939 1245 5008 stridore,
1279 4940 1593 5013 lignorum,
1629 4944 1862 4998 aurium
1889 4945 2076 4998 tinni-

429 5032 512 5093 tu,
545 5030 808 5098 corporis
858 5036 1112 5086 tremore
1158 5037 1428 5102 sumptas.
1463 5033 1627 5098 Quod
1672 5051 1856 5104 genus
1898 5035 2074 5089 etiam

431 5115 674 5184 auguria
696 5119 1115 5184 nominantur;
1141 5120 1310 5190 cujus
1332 5137 1469 5191 pars
1482 5128 1751 5176 versatur
1768 5123 1828 5177 in
1846 5123 2072 5190 avibus,

429 5217 566 5270 pars
589 5204 649 5256 in
672 5206 1028 5262 tremoribus
1051 5209 1308 5278 partium
1345 5211 1610 5280 corporis
1637 5211 1755 5265 sive
1776 5210 2071 5266 subsulta-

429 5289 690 5345 tionibus
721 5296 1218 5367 contemplandis,
1270 5314 1406 5369 pars
1432 5299 1495 5354 in
1547 5301 1812 5372 augurio,
1845 5317 1980 5372 pars
2013 5301 2074 5358 in

2184 4673 2606 4748 ἀλευρομαντῶν
2663 4676 2751 4730 καὶ
2820 4683 3198 4752 κριθομαντῶν
3255 4676 3550 4752 λεγομένη,
3629 4677 3717 4734 οἵα
3797 4683 3833 4750 ἡ

2185 4763 2358 4828 Πυθία
2389 4765 2478 4818 καί
2512 4768 2546 4833 ἡ
2581 4762 2668 4820 διὰ
2707 4773 2808 4835 τῆς
2869 4763 3195 4828 Δωδωναίας
3252 4766 3498 4841 ληροῦσα
3557 4766 3738 4842 δρυὸς,
3799 4773 3836 4840 ἡ

2187 4850 2275 4908 διὰ
2307 4859 2413 4908 τῶν
2446 4853 2782 4930 σπλάγχνων
2846 4857 3066 4928 μαντεία
3096 4857 3185 4910 καὶ
3246 4859 3278 4924 ἡ
3333 4854 3400 4910 δι’
3463 4854 3661 4932 ὀρνέων
3693 4862 3837 4929 πτή·

2186 4965 2344 5011 σεως,
2377 4944 2464 4998 καὶ
2500 4948 2532 5014 ἡ
2567 4942 2655 4999 διὰ
2705 4947 2962 5020 κλαγγῶν
3022 4946 3115 4999 καὶ
3173 4952 3436 5019 πταρμῶν
3491 4942 3834 5021 συμϐολική·

2187 5032 2275 5088 οἷά
2309 5036 2341 5103 ἡ
2393 5032 2482 5088 διὰ
2543 5037 2797 5109 βροντῆς,
2847 5034 3022 5106 μυῶν,
3082 5033 3279 5110 γαλῆς,
3337 5042 3570 5110 τρισμοῦ
3627 5037 3833 5108 ξύλων,

2184 5122 2325 5184 ὠτὸς
2410 5121 2604 5197 ἤχων,
2689 5121 2925 5196 παλμῶν
3005 5132 3279 5196 σωματος,
3365 5120 3680 5199 συμϐολική
3739 5127 3832 5181 καὶ

2185 5211 2504 5278 οἰωνιστική
2540 5210 2830 5285 λεγομένη.
2863 5211 2962 5270 Ἦς
2992 5211 3054 5264 τὸ
3087 5212 3182 5282 μὲν
3215 5210 3354 5265 ἐστιν
3385 5213 3832 5287 ὀρνεοσκοπικὸν,

2182 5301 2244 5355 τὸ
2275 5298 2332 5356 δὲ
2367 5299 2726 5374 παλμωτικόν
2759 5303 2892 5373 (46),
2919 5301 2982 5354 τὸ
3039 5297 3096 5354 δὲ
3149 5301 3598 5376 οἰωνοσκοπικὸν,
3656 5305 3718 5358 τὸ
3779 5303 3836 5361 δὶ

1629 5407 1986 5464 XYLANDRI
2027 5409 2112 5465 ET
2150 5409 2366 5466 GOARl
2407 5411 2625 5466 NOTAE.

498 5495 608 5564 (46)
655 5497 710 5548 1n
771 5502 1110 5556 tremoribus.
1172 5505 1244 5557 Ut
1273 5505 1428 5560 hunc
1487 5505 1682 5561 locum
1742 5506 1826 5559 sic
1875 5511 2065 5562 verte-

428 5582 574 5647 rem,
618 5583 751 5621 cum
811 5571 969 5623 vocis
1012 5571 1373 5647 παλμωτικόν
1423 5579 1604 5631 movit
1653 5584 1910 5647 etymon,
1941 5584 2067 5633 tum

426 5636 619 5692 Suidee
652 5655 744 5693 me
779 5642 1068 5710 permovit
1090 5636 1517 5718 testimonium,
1551 5651 1650 5720 qui
1681 5636 1752 5704 ei:
1801 5636 2062 5720 quocun-

2178 5525 2297 5584 que
2323 5507 2561 5584 tandem
2596 5506 3030 5584 auctore__(mihi
3064 5509 3223 5564 enim
3256 5525 3379 5564 non
3423 5510 3651 5584 liquet),
3685 5509 3832 5564 παλ-

2180 5576 2339 5646 μικὸν
2396 5576 2662 5648 οίώνισμα
2721 5577 2993 5705 explicat,
3053 5597 3186 5636 cum
3259 5576 3644 5653 prmsagitur"
3683 5585 3829 5653 quid

2180 5655 2591 5705 Dramonstret
2619 5649 2798 5705 subsa
2822 5651 2966 5705 tatio
2996 5652 3086 5705 vel
3118 5657 3360 5705 tremor.
3403 5654 3562 5705 verbi
3593 5657 3825 5705 -.Rral.ia_

2175 5655 2591 5721 pramonstret
2619 5649 2966 5706 subsaltatio
2996 5652 3086 5706 vel
3118 5649 3360 5724 tremor,
3403 5649 3562 5710 verbi
3593 5649 3826 5724 -.3rétia.
