4156 6188
293 328 374 389 93
1448 319 1984 381 HISTORIABUM
2030 319 2587 384 COMPENDIUM.
3655 337 3735 394 94

299 460 753 539 χειροσκοπικὸν,
805 456 868 512 τὸ
928 454 986 512 δὲ
1042 452 1249 511 ἐνόδιον
1300 452 1336 523 ἤ
1372 450 1816 524 κληδονιστικὸν,
1844 454 1961 507 οἷον

2083 452 2431 511 divinatione
2455 473 2524 511 ex
2556 473 2844 513 manuum
2879 460 3273 532 inspectione,
3298 480 3436 535 pars
3462 465 3523 520 in
3547 446 3751 524 obviis.

294 556 428 610 ’ὁταν
492 549 555 605 ἐκ
617 553 714 604 τοῦ
772 546 1182 622 παρατυχόντος
1244 543 1537 618 εῗρημένου
1596 540 1960 618 τεκμαίρηταί

298 663 387 703 τις
424 642 486 696 τὸ
516 638 798 712 ἐσόμενον,
830 636 920 691 καὶ
981 635 1107 691 ὅταν
1169 633 1240 689 δι’
1272 633 1555 707 ὀνομάτων
1589 636 1792 706 νεκρῶν
1840 629 1965 686 ἑπι-

303 732 580 801 κλησεως,
604 727 695 782 καὶ
730 727 856 781 ὅταν
887 722 957 779 δι’
987 725 1198 799 ἄστρων
1253 723 1343 778 καὶ
1407 723 1618 778 ὑδάτων
1654 722 1689 791 ἣ
1737 721 1963 796 ὀνείρων

319 824 579 894 ματαίων,
629 819 738 871 οἷοι
805 815 923 870 καθ’
1012 814 1242 884 ἑκάστην
1332 818 1461 868 πᾶσι
1538 810 1961 886 προσπίπτουσι·

316 910 529 964 σπάνιοι
561 907 664 981 γὰρ
697 904 818 959 λίαν
852 903 904 959 οἱ
935 901 1140 967 ἄνωθεν
1164 902 1411 971 ἥκοντες.
1446 900 1613 960 Οὗτοι
1664 898 1722 955 δὶ
1773 899 1966 961 πάντες

310 993 697 1070 δαιμονιώδεις
739 994 793 1049 oi
846 992 1043 1067 τρόποι
1102 998 1197 1061 τῆς
1254 990 1587 1069 προφητείας
1626 991 1713 1045 καὶ
1751 1009 1963 1063 στοχα-

308 1087 510 1155 mon,
545 1084 597 1141 o'i
626 1084 761 1140 κατά
789 1078 1137 1156 συμϐεϐηκὸς
1203 1080 1564 1152 ἀληθεύοντες
1616 1079 1668 1136 ἔν
1708 1101 1849 1136 τισιν
1909 1079 1961 1134 ἐν

305 1183 426 1240 τοῖς
482 1175 765 1239 πλείστοις
820 1174 1241 1249 ἁμαρτάνουσιν.
1300 1170 1482 1243 Ἀλλη
1542 1170 1600 1226 δὶ
1656 1168 1966 1245 προφητεία

307 1268 541 1344 φυσικὴ,
572 1267 648 1328 ὡς
697 1267 732 1334 ἠ
793 1261 881 1319 διὰ
935 1267 1044 1317 τῶν
1103 1260 1343 1337 ἀλόγωνο
1396 1257 1679 1336 χελιδόνες
1716 1260 1819 1336 γὰρ
1875 1259 1965 1313 ναὶ

312 1358 606 1433 μύρμηκες
636 1356 725 1409 καὶ
758 1353 975 1431 γέρανοι
1025 1351 1203 1427 ἐχῖνοί
1256 1372 1314 1406 τε
1370 1351 1461 1406 καὶ
1517 1348 1778 1412 ἀλκυόνες
1845 1368 1963 1424 χει-

304 1449 494 1518 μῶνος
555 1441 801 1504 ἐπιόντος
859 1445 1098 1520 φυσικῶς
1157 1440 1589 1503 ἑπαισθάνονται.
1671 1436 1851 1507 ’Ἄλλη
1908 1436 1966 1494 δὲ

301 1535 574 1610 τεχνητὴ,
604 1533 679 1594 ὡς
706 1535 740 1601 ἡ
774 1532 901 1606 παρ’
934 1531 1141 1606 ἰατροῖς
1174 1530 1264 1586 καὶ
1294 1525 1650 1604 κυϐερνήταις
1684 1529 1961 1603 ὁρωμένη,

301 1624 433 1694 ῆτις
464 1622 787 1697 στοχασμὸς
821 1619 1038 1694 μᾶλλον
1066 1619 1102 1689 ἦ
1157 1620 1467 1695 προφητεία
1518 1619 1962 1691 μετωνόμασται.

304 1714 418 1770 Καὶ
450 1713 596 1787 παρὰ
618 1710 816 1772 ταύτας
846 1712 882 1779 ἡ
917 1706 1188 1783 δημώδης
1216 1729 1275 1764 τε
1323 1712 1414 1763 καί
1465 1708 1645 1777 κοινὴ,
1697 1708 1771 1769 ὡς
1832 1708 1960 1763 ’ὁταν

2070 544 2431 612 rumoribus,
2490 546 2648 601 unde
2681 547 2883 602 omnia
2941 555 3276 621 captantur,
3336 570 3472 608 cum
3524 555 3729 611 obvius

2071 633 2322 703 quisque
2356 635 2752 707 interrogatus
2783 636 2927 691 dicit
2959 639 3114 692 unde
3140 640 3408 696 futurum
3440 644 3730 715 conjicia-

2069 725 2185 776 tur.
2236 723 2383 777 Tum
2444 728 2817 779 mortuorum
2866 726 3217 784 nominatim
3263 729 3729 790 invocandorum

2070 810 2242 877 ratio,
2276 827 2346 866 ex
2404 811 2724 879 sideribus,
2780 814 2948 884 aquis
2994 819 3096 870 aut
3150 816 3430 872 inanibus
3484 825 3731 878 somniis

2075 899 2408 972 praedictio,
2443 901 2647 972 qualia
2667 904 2829 958 omni
2868 910 3038 959 nocte
3070 906 3372 975 quibusvis
3413 911 3727 967 accidunt:

2075 1004 2210 1045 rara
2235 988 2557 1045 admodum
2593 997 2733 1046 sunt
2755 991 2913 1046 enim
2944 995 3178 1049 somnia
3204 995 3485 1052 divinitus
3510 999 3727 1056 oblata.

2076 1079 2211 1134 Haec
2242 1079 2445 1134 omnia
2476 1079 2836 1135 vaticinandi
2867 1097 3085 1153 genera
3115 1099 3149 1137 a
3181 1083 3551 1142 daemonibus
3592 1096 3731 1145 sunt

2075 1167 2558 1240 conjecturisque
2600 1169 2956 1235 innituntar,
3006 1171 3088 1225 ita
3113 1178 3177 1225 ut
3206 1189 3313 1243 per
3361 1176 3636 1233 accidens
3668 1178 3729 1234 in

2072 1254 2427 1327 quibusdam
2451 1272 2649 1311 verum
2675 1258 2986 1327 attingant,
3011 1275 3073 1312 1n
3101 1259 3406 1330 plerisque
3429 1261 3728 1318 aberrent.

2071 1344 2173 1398 Est
2201 1349 2258 1397 et
2285 1343 2403 1399 alia
2431 1345 2723 1401 naturalis
2780 1346 3061 1401 divinatio
3114 1347 3449 1403 brutorum.
3498 1353 3731 1407 Etenim

2070 1431 2443 1496 hirundines,
2476 1433 2759 1500 formicae,
2791 1451 2986 1507 grues,
3012 1435 3211 1490 echini
3240 1443 3419 1509 atque
3450 1438 3728 1510 alcyones

2072 1527 2486 1594 tempestatem
2519 1529 2895 1595 appetentem
2929 1531 3157 1579 natura:
3190 1527 3427 1582 monitu
3468 1545 3731 1599 prmsen-

2071 1610 2246 1666 tiunt.
2281 1611 2411 1666 Alia
2440 1612 2781 1679 artificiosa,
2813 1613 3052 1684 qualem
3083 1614 3296 1669 medici
3334 1621 3393 1670 et
3432 1617 3726 1686 guberna-

2072 1704 2230 1754 tores
2260 1700 2618 1767 ostendunt;
2654 1717 2785 1771 quae
2810 1707 3009 1756 tamen
3039 1704 3394 1772 conjectatio
3417 1705 3616 1775 potius
3643 1712 3732 1761 est

311 1803 443 1876 εἲπῃ
473 1824 551 1863 τις
579 1802 666 1857 ’ὁτι
703 1801 838 1873 μετὰ
865 1805 1014 1875 τρεῖς
1047 1799 1257 1874 ἡμέρας
1288 1795 1436 1854 ἔσται
1495 1797 1734 1870 χειμὼν,
1767 1795 1851 1852 ὅτι
1902 1795 1962 1851 ἐκ

2083 1806 2257 1862 quam
2288 1790 2569 1846 divinatio
2601 1791 2916 1862 appellata.
2940 1793 3161 1847 Praeter
3181 1793 3286 1848 has
3309 1794 3565 1867 vulgaris
3588 1813 3730 1875 quo-

304 1892 646 1970 φιλονεικίας
678 1893 867 1965 ψυχῆς
907 1887 1180 1949 πολλάκις
1235 1893 1399 1961 μῖσος
1451 1887 1737 1962 ἐγείρεται,
1770 1885 1828 1940 ἐκ
1864 1889 1961 1941 τοῦ

303 1981 504 2055 μίσους
537 1978 594 2035 δὲ
624 1974 806 2054 ἔριδος
835 1978 1196 2052 ἀνισταμένης
1230 1976 1317 2033 καί
1354 1979 1761 2053 κρατυνομὲνης
1796 1975 1965 2046 ζῆλος

295 2068 517 2146 ἀγὲνετο
548 2068 766 2143 πικρὸς,
798 2067 862 2123 ἰκ
890 2064 949 2123 δὲ
971 2072 1068 2123 τοῦ
1096 2067 1294 2148 φθόνος
1331 2065 1590 2141 ἐνέσκηψε
1617 2067 1878 2142 κρυπτὸς,
1906 2065 1966 2122 ἐκ

298 2157 360 2214 δὶ
389 2162 491 2213 τοῦ
523 2160 552 2213 6
584 2158 761 2230 θυμὸς
792 2157 1027 2226 ἀνῆπται
1061 2153 1253 2225 δεινὸς,
1287 2155 1346 2212 tu
1388 2160 1486 2210 τοῦ
1516 2157 1690 2228 θυμοῦ
1722 2153 1779 2211 δὲ
1808 2157 1962 2210 θάνα-

297 2270 400 2310 τος
434 2247 721 2302 ἀνακύπτει
754 2245 1012 2321 πονηρὸς,
1037 2245 1084 2301 εί
1121 2247 1197 2319 μή
1242 2245 1511 2321 κρείττοσι
1542 2241 1804 2315 δηλονότι
1830 2264 1963 2319 προ-

297 2361 366 2395 νο
376 2341 482 2402 ίαις
515 2339 899 2395 ἀνακόπτοιτο.

386 2588 475 2642 Ἐν
498 2590 578 2657 τῷ
633 2585 905 2659 πραθῆναι
953 2583 1063 2638 τὸν
1102 2584 1303 2661 Ἰωσὴφ
1368 2586 1423 2639 ἓν
1473 2584 1738 2660 Αἰγύπτῳ
1806 2588 1970 2639 Πετε-

312 2680 433 2756 φρῇ
465 2676 710 2749 εὐνούχῳ
735 2678 817 2746 τῷ
845 2674 1237 2752 ἀρχιμαγειρῳ
1269 2675 1493 2748 Φαραὼ,
1526 2675 1613 2728 καὶ
1648 2672 1700 2728 ἐν
1749 2671 1965 2748 δεσμω-

304 2764 496 2841 τηρίῳ
525 2763 926 2840 ἐγκλεισθῆναι,
991 2758 1190 2834 συνέϐη
1248 2765 1342 2819 τὸν
1400 2762 1816 2839 ἀρχισιτοποιὸν
1879 2762 1967 2816 καὶ

304 2857 411 2912 τὸν
442 2853 860 2929 ἀρχιοινοχόον,
896 2852 1019 2913 τοὺς
1046 2853 1345 2931 εὐνούχους
1377 2851 1603 2927 Φαραὼ,
1655 2850 1969 2925 ἐγκλεισθῆ-

306 2965 407 2999 ναι
454 2942 511 2999 ἐν
556 2946 637 3013 τῷ
701 2943 852 3013 αὖτῷ
912 2939 1275 3016 δεσμωτηρίῳ
1366 2937 1489 2996 ἔνθα
1568 2941 1658 2996 καὶ
1744 2942 1969 3018 Ἰωσήφ.

303 3036 575 3106 Ἡμερῶν
609 3029 664 3086 δὲ
696 3028 1028 3086 διελθουσῶν
1056 3030 1358 3105 ἀμφότεροι
1414 3027 1557 3085 εἶδον
1607 3030 1849 3086 ἐνύπνια.
1909 3031 1971 3087 Ὀ

311 3124 419 3197 μὲν
449 3116 845 3196 ἀρχιοινοχόος
874 3120 1121 3193 ἄμπελον
1177 3117 1288 3174 εἶδε
1343 3117 1654 3175 θάλλουσαν
1714 3118 1970 3195 βλαστοῖς

304 3216 407 3270 καὶ
498 3212 788 3286 πεπείρους
871 3211 1103 3286 βότρυας
1188 3208 1469 3286 σταφυλῆς
1523 3206 1970 3287 προϐάλλουσαν,

303 3309 465 3380 τρεῖς
552 3300 609 3357 δὲ
699 3302 900 3371 ταύτην
986 3302 1298 3377 ύπὲχουσαν
1382 3301 1619 3365 κάτωθεν
1669 3301 1966 3374 πυθμένας.

307 3418 339 3445 ει
380 3392 527 3469 Ἐγὼ
557 3388 636 3460 δὲ,
668 3390 853 3468 φησὶν,
885 3389 1047 3463 ᾤμην
1086 3395 1166 3462 τῷ
1224 3392 1472 3465 ποτηρίῳ
1528 3392 1626 3459 τὴν
1688 3390 1966 3470 σταφυλὴν

305 3477 591 3538 ἑκθλίϐων
650 3480 725 3542 είς
782 3483 881 3550 τήν
964 3486 1126 3556 χεῖρα
1182 3477 1391 3535 διδόναι
1443 3481 1666 3553 Φαραώ.
1723 3505 1749 3531 »ι
1789 3480 1886 3539 Καὶ
1942 3484 1969 3538 6

305 3574 525 3647 Ἰωσὴφ
554 3573 681 3634 τοὺς
709 3577 853 3646 τρεῖς
885 3570 1163 3643 πυθμένας
1194 3567 1272 3626 ἔτι
1333 3575 1477 3644 τρεῖς
1506 3573 1718 3645 ἡμέρας
1758 3568 1969 3637 ἔσεσθαί

314 3683 484 3740 φησι,
514 3661 604 3715 καὶ
635 3659 946 3739 τῆς’ἀρχῆς
991 3680 1087 3715 σου
1119 3662 1453 3732 μεμνήσεται
1510 3662 1538 3714 6
1596 3662 1821 3736 Φαραὼ,
1880 3664 1967 3717 καὶ

312 3751 759 3818 ἀποκαταστήσει
805 3769 863 3803 σε
921 3750 995 3810 εἷς
1052 3749 1151 3818 τὴν
1203 3749 1471 3823 προτέραν
1530 3751 1970 3829 ἀρχιοινοχοῖαν.

311 3839 507 3897 Ἀλλά
561 3841 831 3912 μνήσθητι
889 3838 1090 3912 κάμοῦ,
1146 3838 1270 3894 ὅταν
1331 3837 1389 3893 εὖ
1446 3860 1529 3893 σοι
1586 3840 1830 3916 γένηται,
1890 3842 1973 3895 ὅτι

314 3930 502 4003 μάτην
535 3922 851 3997 διαϐληθεὶς
905 3932 986 3999 τῷ
1052 3928 1376 4003 ὀχυρώματι
1426 3928 1607 4002 τούτῳ
1648 3927 1977 4005 ’κατακέκρι-

312 4040 443 4092 μαι.
477 4016 602 4075 Ἐπὶ
632 4015 848 4079 τούτοις
879 4017 970 4071 καὶ
1022 4018 1050 4072 6
1102 4016 1522 4092 ἀρχισιτοποιὸς
1585 4021 1670 4092 [Ρ.
1705 4022 1795 4096 37]
1848 4016 1971 4097 ἔφη’

310 4132 343 4160 α
382 4107 528 4181 Τρία
557 4111 692 4160 κανᾶ
749 4103 1057 4181 χονδριτῶν
1120 4111 1425 4165 σιτοποιοῖ.
1476 4106 1525 4181 ἐξ
1574 4110 1648 4163 ὧν
1715 4107 1887 4184 ἔργων
1948 4110 1976 4164 6

315 4193 583 4273 βασιλεὺς
616 4194 805 4265 ἐσθίει,
838 4194 927 4250 ἐπὶ
973 4201 1073 4264 τῆς
1100 4202 1344 4272 κεφαλῆς
1377 4217 1482 4269 μου
1521 4195 1668 4273 ἔχειν
1728 4198 1978 4275 ὑπελάμο

309 4282 503 4343 ϐανον·
564 4286 653 4340 καὶ
702 4287 769 4340 τὰ
818 4286 1033 4341 πετεινὰ
1093 4290 1192 4340 τοῦ
1270 4285 1496 4362 ούρανοῦ
1572 4285 1792 4345 ἒπιόντα
1849 4313 1974 4346 κατ-

309 4379 507 4447 ήσθιεν
540 4374 694 4430 αὐτά.
722 4399 750 4425 ››
786 4373 888 4432 Καὶ
922 4375 950 4430 ὁ
978 4376 1201 4452 Ἰωσὴφ,
1234 4399 1264 4427 ‹‹
1294 4378 1415 4432 Ἔτι
1444 4382 1592 4451 τρεῖς
1619 4378 1980 4459 ἡμέραι,ἔφη,

2080 1896 2195 1952 que
2225 1880 2338 1936 ista
2368 1886 2426 1936 et
2456 1881 2810 1946 communis,
2847 1885 2911 1935 ut
2940 1898 3074 1936 cum
3107 1883 3240 1953 quis
3285 1883 3431 1937 dicit.
3461 1890 3593 1957 post
3627 1886 3735 1939 tri-

2080 1970 2262 2026 duum
2292 1969 2418 2024 fore
2445 1974 2873 2041 tempestatem.
2900 1971 2997 2027 οδ
3029 1970 3299 2026 Studium
3324 1974 3731 2029 contendendi

2079 2058 2354 2130 exiguum
2407 2074 2562 2131 saepe
2594 2059 2729 2113 odio
2780 2059 3157 2114 occasionem
3200 2061 3459 2132 praebet;
3514 2080 3583 2117 ex
3615 2081 3732 2136 quo

2079 2154 2208 2204 orta
2236 2149 2364 2204 rixa
2396 2154 2453 2204 et
2481 2150 2879 2205 invalescente
2912 2150 3124 2207 acerba
3146 2152 3379 2207 exsistit
3407 2154 3733 2213 aemulatio.

2080 2239 2239 2294 Hanc
2263 2238 2496 2294 occulta
2517 2236 2905 2310 subsequitur
2921 2240 3173 2307 invidia;
3200 2249 3337 2296 etex
3360 2243 3470 2298 hac
3494 2261 3730 2300 rursum

2079 2327 2265 2383 animi
2296 2327 2627 2383 exardescit
2674 2329 2826 2383 acris
2858 2328 2967 2396 ira,
3016 2346 3146 2400 quae
3176 2331 3513 2387 homicidiis
3560 2333 3730 2390 fcedis

2079 2432 2319 2472 causam
2352 2417 2607 2483 exhibet,
2641 2416 2756 2470 nisi
2791 2419 3223 2487 praestantioris
3273 2420 3557 2476 nimirum
3590 2440 3729 2493 pru~

2080 2505 2297 2560 dentiaa
2328 2504 2596 2559 consiliis
2627 2521 2698 2559 ea
2726 2511 3084 2561 avertantur.

2152 2594 2296 2649 Cum
2328 2594 2389 2648 in
2422 2594 2729 2665 Egyptum
2765 2592 3040 2650 venditus
3086 2596 3374 2667 Iosephus
3424 2598 3735 2670 Putiphari

2081 2683 2257 2755 regia)
2307 2682 2636 2738 Pharaonis
2677 2682 2890 2737 culinm
2931 2683 3209 2755 praefecto
3258 2687 3535 2742 eunucho
3585 2694 3744 2743 esset

2082 2778 2260 2843 atque
2301 2772 2361 2825 in
2416 2787 2717 2827 carcerem
2771 2771 3044 2837 traditus,
3093 2775 3291 2827 evenit
3336 2781 3401 2829 ut
3449 2776 3741 2847 pistorum

2084 2877 2324 2933 quoque
2358 2865 2416 2915 et
2436 2859 2860 2932 pincernarum
2885 2861 3211 2917 Pharaonis
3231 2864 3534 2935 principes
3560 2882 3742 2921 eunu-

2086 2960 2179 3015 chi
2223 2960 2283 3013 in
2334 2958 2608 3015 eumdem
2663 2977 2963 3015 carcerem
3015 2961 3534 3018 concluderentur.
3599 2965 3740 3021 Inde

2085 3049 2317 3119 aliquot
2348 3048 2565 3120 elapsis
2598 3048 2809 3104 diebus
2839 3056 3091 3119 uterque
3123 3051 3333 3105 horum
3376 3053 3739 3111 insomnium

2004 3168 2047 3235 ρ
2085 3138 2312 3193 habuit.
2356 3137 2647 3235 Princeps
2684 3138 3111 3235 pincernarum
3158 3140 3373 3235 retu-lit
3401 3142 3582 3197 visam
3630 3144 3739 3198 sibi

2085 3228 2146 3282 in
2178 3226 2403 3281 somnis
2433 3226 2614 3281 fuisse
2648 3226 2822 3282 vitem
2848 3226 3044 3282 laetam
3078 3227 3425 3298 palmitibus
3449 3236 3742 3286 maturas-

2080 3333 2194 3389 que
2225 3332 2366 3371 uvas
2396 3316 2818 3387 porrigentem,
2863 3322 3040 3387 atque
3095 3317 3327 3373 inferne
3381 3320 3571 3375 tribus
3602 3321 3741 3375 sub-

2080 3405 2283 3460 nixam
2314 3403 2679 3476 palmitibus,
2714 3422 2775 3459 se
2820 3422 2954 3460 vero
3002 3423 3172 3462 uvam
3209 3407 3266 3461 in
3316 3409 3597 3479 poculum
3644 3428 3744 3465 ex-

2079 3494 2358 3566 primere,
2393 3493 2569 3565 idque
2602 3494 2893 3551 Pharaoni
2927 3494 2986 3549 in
3015 3511 3258 3551 manum
3293 3497 3453 3553 dare.
3480 3500 3622 3554 Tum
3645 3501 3741 3554 Jo-

2083 3583 2304 3655 sephus
2337 3584 2761 3655 interpretatus
2786 3590 2871 3638 cst
2896 3583 3081 3641 tribus
3103 3585 3453 3656 palmitibus
3476 3588 3734 3644 triduum

2086 3673 2405 3745 significari
2437 3690 2449 3726 :
2486 3690 2553 3727 eo
2585 3679 2787 3728 exacto
2834 3674 3128 3729 Pharaoni
3176 3676 3575 3734 ministerium
3611 3680 3739 3749 ejus

2086 3763 2148 3818 in
2182 3762 2531 3816 memoriam
2562 3761 2916 3827 rediturum,
2952 3762 3264 3834 ipsumque
3295 3781 3329 3819 a
3359 3781 3493 3836 rege
3526 3767 3588 3821 in
3623 3768 3743 3837 pri-

2088 3853 2309 3908 stinam
2331 3850 2678 3923 dignitatem
2732 3851 3070 3906 restitutum
3105 3852 3195 3905 iri.
3232 3853 3522 3923 Petiitque
3556 3862 3619 3908 ut
3652 3873 3746 3910 re-

2089 3942 2199 3997 bus
2230 3939 2531 4012 prosperis
2562 3939 2830 3994 redditus
2860 3938 2949 3993 sui
2981 3956 3086 4011 per
3126 3940 3486 3996 calumniam
3521 3946 3743 3998 carceri

2090 4030 2307 4087 inclusi
2331 4029 2622 4085 rationem
2638 4027 2902 4084 haberet.
2920 4029 3018 4083 Dei
3030 4028 3141 4084 nde
3155 4030 3436 4101 magister
3448 4032 3739 4103 pistorum

2088 4140 2116 4169 ‹‹
2150 4118 2509 4190 Imaginatus
2537 4133 2693 4185 sum,
2728 4117 2830 4184 ait,
2856 4133 2962 4187 per
2986 4117 3248 4187 quietem
3271 4118 3449 4189 capiti
3475 4136 3604 4173 meo
3630 4119 3741 4176 im-

2088 4209 2310 4281 positas
2341 4213 2460 4262 tres
2490 4212 2721 4278 sqortas
2755 4223 2846 4261 me
2892 4223 3117 4279 gerere,
3169 4207 3422 4279 panibus
3470 4208 3741 4266 delicatis

2088 4299 2317 4370 plenas,
2344 4295 2619 4368 qualibus
2644 4312 2745 4350 rex
2771 4296 2924 4350 vesci
2953 4296 3137 4351 solet:
3163 4304 3442 4354 caeterum
3483 4316 3616 4355 aves
3646 4300 3742 4355 in-

2089 4402 2298 4459 gruere
2338 4390 2515 4455 atque
2546 4401 2648 4439 eos
2680 4383 2985 4439 devorare.
3024 4405 3052 4433 ››
3089 4385 3413 4457 Respondit
3452 4388 3743 4461 Iosephus

312 4467 409 4522 καί
444 4463 726 4543 ἀφελεῖται
757 4465 963 4538 Φαραὼ
992 4466 1092 4534 τὴν
1125 4463 1367 4544 κεφαλήν
1427 4488 1523 4521 σου
1580 4468 1686 4524 ἀπὸ
1720 4474 1835 4538 σοῦ,
1893 4473 1969 4528 καί

2087 4477 2214 4532 fore
2244 4482 2310 4532 ut
2339 4481 2474 4548 post
2491 4481 2613 4530 tres
2642 4474 2769 4530 dies
2793 4476 3023 4530 Pharao
3052 4492 3187 4532 eum
3210 4477 3401 4550 capite
3424 4478 3743 4537 multatum

1538 4568 1903 4628 XYLANDRI
1939 4575 2027 4629 ET
2065 4574 2279 4632 GOARI
2309 4575 2531 4632 NOTAE}.

317 4666 485 4723 oculi
511 4665 705 4721 dextri
741 4682 754 4731 ;
788 4669 849 4720 et
873 4665 955 4719 ait
985 4664 1403 4742 Possidoniugi
1436 4683 1506 4722 ea
1544 4666 1618 4742 de
1655 4685 1717 4723 re
1750 4670 1979 4742 aliquid

322 4754 458 4812 esse
489 4737 1137 4812 commentatum.Sane
1154 4737 1312 4808 apud
1342 4738 1717 4812 Theocritum
1740 4737 1978 4812 quo’que

320 4810 397 4865 de
429 4825 633 4880 amore
666 4824 773 4880 suo
806 4808 1611 4880 benepminansquidamita
1635 4812 1719 4867 ait
1739 4808 1978 4868 ("Alth—

318 4900 419 4953 ται
450 4878 734 4953 ὀφθαλμός
771 4899 863 4953 μοι
895 4879 924 4933 6
956 4875 1150 4947 δεξιός,
1210 4875 1439 4953 ίςὶίθει.
1499 4882 1716 4938 Oculus
1775 4885 1981 4941 dexter

320 4950 1078 5028 mihj_sub_stitit.(}mteru_rn
1110 4950 1253 5022 quid
1270 4950 1753 5028 _divinationibus
1776 4956 1980 5028 hujus.

323 5023 486 5081 modi
540 5022 934 5098 tribuendum
984 5023 1079 5098 sit,
1161 5024 1382 5098 optime
1438 5024 1734 5098 intelliges
1795 5022 1873 5084 ei
1910 5034 1975 5083 D.

318 5095 654 5167 Augustino
687 5094 889 5150 multis
920 5094 1155 5167 locis,et
1174 5095 1524 5166 prmcipuel.
1552 5113 1585 5151 ιι
1608 5094 1685 5152 Ue
1708 5098 1979 5155 doctrina

318 5166 682 5240 Christiana,
716 5183 765 5221 ο.
799 5167 869 5220 20
900 5171 960 5240 et
986 5166 1174 5240 tribus
1216 5167 1626 5240 sequentibus.
1679 5172 1868 5240 Atque
1895 5170 1976 5226 ibi

318 5238 568 5311 quidem
600 5238 780 5292 etiam
837 5237 1172 5313 salientinm
1226 5237 1631 5313 membrorum
1689 5237 1978 5313 prinsagia

317 5310 892 5385 commemorantur;
923 5310 1290 5385 Itaqueungn
1343 5310 1754 5385 optimo‘jure
1813 5310 1973 5385 carpi

316 5400 423 5437 eos
445 5386 589 5453 puto
623 5380 723 5451 qui
755 5397 825 5435 ex
850 5378 1165 5454 Epiphanii
1207 5378 1458 5437 Panario
1507 5378 1725 5454 παλμόν
1754 5378 1977 5440 trem?)-

316 5452 459 5509 rem
480 5469 586 5507 seu
634 5452 1088 5526 concussionem
1146 5459 1584 5526 converterunt,
1628 5452 1974 5526 ‘prmsertim

323 5541 464 5581 cum
506 5540 575 5579 eo
632 5539 868 5595 quoque
924 5524 1057 5579 loco
1108 5522 1330 5595 παλμός
1388 5526 1548 5581 inter
1601 5522 1671 5582 ea
1719 5533 1977 5595 ponatur

323 5595 711 5651 divinationis
740 5610 981 5667 genera,
996 5610 1128 5665 qum
1158 5612 1292 5650 cum
1325 5597 1677 5667 extispicum
1690 5595 1976 5654 doctrina

2092 4679 2150 4729 et
2190 4679 2460 4729 extorum
2501 4671 2892 4743 palpitatione
2955 4690 3074 4729 non
3126 4675 3382 4731 multum
3434 4677 3743 4732 videantur

2090 4744 2309 4800 habere
2341 4760 2674 4799 commune.
2706 4746 2889 4817 Porro
2918 4745 3299 4817 Putipharem
3323 4747 3537 4801 culinae
3569 4752 3670 4801 aut
3691 4747 3740 4799 si

2090 4817 2275 4900 mavis
2329 4831 2653 4900 coquorum
2712 4815 3070 4885 praefectum
3112 4818 3440 4900 numinavi‘,
3472 4820 3737 4900 _secutus

2089 4888 2350 4943 Graecam
2401 4885 2797 4959 ἀρχιμάγειρος
2875 4904 3103 4942 vocem.
3174 4889 3319 4942 Nam
3386 4887 3736 4959 Hebraicum

2088 4974 2258 5014 secus
2292 4955 2864 5019 sonat'vOCabu‘lum.
2896 4960 3227 5027 praesertim
3260 4959 3307 5012 si
3340 4958 3535 5012 Ortelo
3567 4955 3739 5010 Chal-

2093 5030 2219 5086 dmo
2245 5031 2649 5102 paraphrastw
2701 5029 2998 5102 credimus
3037 5046 3098 5102 _c.
3133 5032 3200 5082 89
3227 5047 3241 5093 ;
3272 5029 3372 5102 cui
3416 5027 3741 5102 admodum

2091 5098 2408 5174 suffragari
2433 5101 2666 5174 videtur
2694 5101 2997 5174 Jeremias,
3034 5100 3144 5154 hoc
3156 5101 3303 5174 _ipso
3319 5098 3505 5174 _titulo
3551 5098 3740 5174 Nebu-

2087 5170 2399 5228 zardanem
2433 5172 2760 5243 appellans.
2790 5171 2897 5243 qui
2924 5186 2957 5243 a
2988 5187 3121 5243 rege
3155 5170 3476 5243 Babylonio
3524 5172 3741 5227 missus

2085 5244 2200 5299 fuit
2227 5245 2301 5300 ad
2338 5240 2742 5311 Hierosolyma
2768 5240 3125 5311 diripienda.
3175 5242 3318 5296 Nam
3371 5257 3442 5297 ea
3474 5258 3568 5297 res
3594 5260 3736 5310 non,

2086 5321 2152 5370 ut
2209 5316 2444 5387 opinor,
2479 5313 2695 5387 ivalde_
2721 5313 2990 5387 apposiia
3045 5319 3137 5366 est
3211 5313 3409 5387 officio
3470 5316 3736 5387 magistri

2086 5382 2430 5456 caquorum.
2465 5386 2633 5457 Certe
2669 5384 2726 5437 Β.
2761 5382 3150 5457 Hieronymus
3204 5386 3543 5457 magistrum
3574 5382 3741 5443 mili-

2085 5453 2211 5511 tum
2270 5457 2357 5512 vel
2388 5456 2679 5531 exercitus
2738 5453 2926 5531 vertit,
2989 5460 3102 5531 et___
3182 5453 3440 5531 mactare
3504 5459 3731 5531 signiﬁ-

2086 5534 2199 5591 cat,
2234 5545 2349 5599 quo
2380 5527 2631 5582 artificio
2664 5524 2947 5579 barbaros
2980 5526 3200 5583 milites
3231 5530 3487 5595 gaudere
3522 5524 3729 5586 etiam-

2085 5615 2229 5654 num
2261 5602 2503 5655 scimus'
2539 5599 2673 5652 XvL.
