4148 6196
397 281 476 340 95
1722 280 2035 344 GEORGII
2079 283 2437 354 CBDRENI
3726 296 3810 354 96

393 425 459 482 in
492 432 729 473 crucem
771 422 923 490 agat,
976 417 1074 472 ubi
1107 417 1442 472 volucribus
1491 433 1626 472 esca
1676 417 1753 472 sit
1795 417 2051 473 futurus.

2169 419 2256 476 ἐπὶ
2288 425 2449 496 ξύλον
2480 432 2819 504 κρεμάμενον
2850 430 2916 486 τά
2965 428 3124 505 ὄρνεά
3155 451 3210 486 σε
3237 431 3743 500 καταθοινήσονται,
3781 451 3810 479 »

401 507 501 561 66
533 507 836 572 Quomodo
868 511 1064 561 autem
1096 502 1383 575 Josephus
1415 509 1610 559 actum
1645 505 1716 559 iri
1756 507 2050 576 prtedixe-

401 602 517 661 rat,
551 597 632 651 ita
653 596 826 666 plane
875 601 1070 649 actum
1108 599 1214 648 est.
1265 592 1504 648 Duobus
1535 593 1608 649 ab
1664 611 1732 650 eo
1786 599 2049 666 tempore

406 686 577 742 annis
639 683 1008 740 circumactis
1058 682 1168 752 ipsi
1212 683 1503 738 Pharaoni
1551 682 1912 739 insomnium
1963 691 2052 740 est

407 775 670 830 oblatum
724 772 855 824 tale.
921 769 1073 824 Vidit
1119 775 1342 842 septem
1403 786 1606 827 vaccas
1656 773 1945 829 formosas
1995 779 2054 828 et

410 878 584 917 carne
617 857 833 913 nitidas
865 857 934 912 de
969 858 1142 913 fluvio
1165 860 1488 916 ascendere
1511 866 1685 934 atque
1709 862 1770 916 in
1803 863 2050 934 palustri

405 950 670 1024 gramine
702 965 942 1018 pascere
975 966 986 1002 :
1014 949 1107 1004 his
1141 951 1454 1007 succedere
1483 951 1726 1007 totidem
1759 952 2053 1008 deformes

405 1047 582 1110 atque
607 1039 978 1105 macilentas,
1011 1057 1045 1095 a
1067 1041 1282 1111 quibus
1304 1043 1566 1113 pulchrae
1590 1043 1704 1098 illas
1726 1050 1782 1099 ct
1807 1043 2054 1117 pingues

407 1129 848 1184 devorarentur.
901 1129 1353 1200 Expergefactus
1399 1146 1503 1185 rex
1551 1147 1684 1185 cum
1725 1129 1916 1190 denuo
1949 1131 2055 1186 ob-

410 1218 805 1283 dormivisset,
838 1218 900 1272 in
933 1235 1139 1274 somno
1164 1219 1274 1273 sibi
1299 1219 1458 1274 visus
1481 1225 1570 1274 est
1599 1219 1794 1274 videre
1827 1225 2054 1292 septem

413 1307 604 1381 spicas
634 1307 706 1361 ab
737 1324 856 1362 uno
908 1307 1105 1362 culmo
1137 1309 1336 1362 enosci
1389 1309 1666 1380 pulchras
1701 1314 1876 1380 atque
1931 1309 2055 1365 exi-

414 1397 564 1452 mias
591 1413 602 1450 :
631 1400 763 1467 post
793 1395 901 1450 has
933 1397 1082 1450 alias
1119 1402 1345 1467 septem
1375 1397 1510 1450 vitio
1563 1397 1716 1457 aeris
1747 1397 1957 1452 inanes
1988 1415 2056 1453 ac

412 1492 640 1547 tenues.
676 1490 733 1539 et
761 1486 832 1540 ab
863 1485 956 1540 his
979 1485 1296 1556 praeclaras
1321 1487 1463 1540 istas
1486 1491 1663 1557 atque
1689 1487 1897 1558 plenas
1919 1505 2057 1544 con-

416 1576 589 1631 sumi.
626 1576 726 1630 His
757 1574 892 1629 visis
923 1574 1300 1646 perturbatus
1329 1583 1420 1630 est
1465 1593 1588 1640 rex,
1623 1592 1814 1646 neque
1861 1581 2058 1644 tamen

411 1665 520 1720 fuit
552 1664 650 1734 qui
685 1664 737 1718 ei
785 1665 1084 1718 somnium
1135 1665 1244 1718 hoc
1293 1665 1666 1736 interpretari
1718 1673 1936 1737 posset.
1973 1667 2054 1721 lbi

412 1760 538 1808 tum
557 1753 899 1808 recordatus
917 1754 1154 1826 Josephi
1177 1754 1700 1825 estpincernarum
1721 1755 2053 1826 praefectus.
2095 1793 2136 1860 Β

409 1843 696 1914 Josephus
754 1859 890 1917 ergo
941 1848 1177 1898 vocatus
1222 1849 1448 1914 septem
1509 1845 1700 1902 vaccis
1779 1845 2056 1902 formosis

408 1934 670 2003 itemque
725 1938 951 2003 septem
1002 1933 1179 2004 spicis
1228 1933 1531 2003 praclaris
1580 1938 1808 2005 septem
1866 1951 2055 1992 annos

407 2023 730 2078 fertilitatis
755 2022 1050 2095 designari
1081 2023 1344 2094 exponit,
1367 2029 1594 2094 septem
1617 2025 1834 2080 macris
1864 2024 2056 2080 vaccis

409 2119 584 2183 atque
611 2113 887 2168 inanibus
919 2113 1094 2184 spicis
1124 2129 1313 2168 annos
1349 2119 1573 2184 septem
1608 2115 1870 2185 penuria:
1903 2115 2054 2170 inse-

409 2207 652 2268 cuturae,
689 2202 787 2272 qui
822 2219 1030 2256 omnes
1061 2201 1347 2257 fertilium
1366 2218 1658 2257 annorum
1681 2219 1822 2274 opes
1857 2209 2056 2258 essent

407 2291 800 2362 absumpturi.
834 2291 1119 2346 Insomnii
1150 2291 1456 2346 veritatem
1486 2292 1884 2364 geminatione
1915 2309 2052 2348 con-

407 2381 653 2444 ﬁrmari,
688 2386 744 2436 et
773 2381 932 2451 quod
957 2379 1218 2436 secundo
1249 2381 1587 2452 spicae-visae
1614 2387 1836 2450 essent,
1869 2398 1937 2437 eo
1961 2383 2054 2440 in-

407 2469 626 2524 dicium
659 2470 730 2525 de
759 2469 1025 2542 frugibus
1057 2475 1229 2526 terrm
1259 2471 1582 2543 perhiberi,
1617 2487 1686 2528 ac
1715 2471 1900 2530 Deum
1927 2488 2054 2528 rem

408 2559 896 2614 acceleraturum.
921 2559 1182 2633 Triginta
1204 2577 1393 2616 annos
1415 2567 1589 2617 natus
1610 2561 1725 2616 fuit
1743 2562 2052 2634 Josephus,

407 2665 542 2704 cum
590 2649 881 2705 Pharaoni
931 2654 1146 2720 praasto
1204 2650 1347 2716 fuit;
1383 2651 1552 2722 isque
1592 2651 1644 2706 ei
1693 2651 2053 2708 Asenetham

405 2739 742 2810 Putipharis
767 2740 1088 2794 sacerdotis
1123 2739 1305 2794 filiam
1335 2741 1718 2796 matrimonio
1734 2741 1956 2811 junxit,
1984 2757 2052 2796 ex

405 2845 524 2900 qua
555 2830 604 2883 ei
636 2829 752 2883 duo
786 2829 890 2884 ﬁlii
926 2835 1067 2884 sunt
1098 2829 1242 2896 nati,
1273 2831 1569 2885 Manasses
1601 2833 1778 2899 atque
1808 2829 2054 2900 Ephrai-

406 2935 558 2974 mus.
620 2919 928 2974 Enimvero
986 2920 1140 2975 fame
1197 2920 1528 2991 septennali
1588 2925 1716 2974 orta
1762 2917 2051 2990 Josephus

407 3024 581 3062 omne
610 3023 841 3078 aurum,
874 3009 968 3063 07
1024 3008 1225 3064 omnia
1266 3007 1558 3079 pmenta,
1609 3023 1818 3062 omnes
1856 3023 2048 3078 agros,

407 3096 550 3168 quin
581 3098 758 3154 etiam
790 3098 1087 3170 mancipia
1116 3097 1316 3153 domui
1364 3097 1689 3153 Pharaonis
1718 3095 2047 3167 acquisivit.

406 3166 665 3258 Septimo
694 3203 850 3242 anno
879 3166 1108 3242 semina
1129 3186 1200 3241 ad
1222 3192 1404 3242 totam
1425 3187 1730 3257 Egyptum
1756 3166 2051 3240 frumento
2083 3166 2126 3233 Ο

407 3277 835 3332 conserendam
860 3275 1132 3346 praebens
1154 3275 1413 3330 instituit
1433 3279 1499 3328 ut
1527 3275 1826 3330 fructuum
1849 3274 2056 3345 quinta

405 3382 542 3437 pars
574 3366 692 3438 regi
726 3365 1106 3436 penderetur.
1140 3364 1304 3427 Quod
1337 3363 1662 3418 etiamnum
1712 3364 1772 3418 in
1812 3365 2054 3436 Λίδη)ῐο

405 3455 651 3521 obtinet,
686 3452 830 3509 solis
879 3451 1286 3510 sacerdotibus
1335 3444 1723 3520 immunibus,
1774 3451 1932 3522 quod
1964 3467 2058 3506 eo.

397 3559 530 3598 rum
563 3558 732 3612 agros
775 3546 1007 3594 tantum
1035 3541 1327 3611 Josephus
1372 3555 1440 3594 eo
1491 3557 1670 3595 onere
1723 3539 2052 3604 liberasset.

401 3635 623 3687 Cmtero
657 3632 756 3702 qui
783 3631 1036 3686 salutem
1071 3632 1181 3686 hoc
1208 3647 1374 3686 suam
1411 3639 1468 3685 et
1499 3648 1802 3686 summum
1827 3631 2053 3686 beneﬁ-

402 3723 560 3777 cium
592 3721 838 3794 JEgyptii
871 3727 1168 3792 putantes,
1203 3721 1499 3793 hodieque
1536 3737 1762 3776 morem
1794 3722 2058 3776 retinent

405 3812 677 3885 quintam
708 3811 974 3866 omnium
1003 3817 1176 3866 terrae
1206 3810 1442 3884 frugum
1481 3816 1714 3883 partem
1763 3811 2054 3868 Pharaoni

406 3901 728 3956 tribuendi.

475 3993 726 4049 Jacobus
757 3992 818 4045 in
849 3992 1089 4064 Egypto
1120 3991 1276 4061 apud
1327 3991 1646 4061 Josephum
1697 4005 1884 4047 annos
1914 3991 2060 4046 vixit

412 4086 498 4148 l7,
531 4081 945 4136 vixit-omnino
1005 4095 1193 4135 annos
1255 4081 1375 4134 147.
1410 4081 1481 4134 Ut
1537 4080 1719 4134 ﬁnem
1770 4080 1901 4134 vitae
1934 4096 2053 4137 sum

405 4171 725 4244 lppetiisse
780 4169 1190 4237 intellexisset,
1239 4170 1561 4241 Josephum
1606 4169 1679 4224 ad
1726 4186 1787 4224 se
1848 4187 2056 4225 evoca-

408 4268 537 4316 tnm
563 4259 771 4316 femori
807 4275 932 4325 suo,
965 4265 1033 4313 ut
1062 4265 1188 4314 erat
1215 4259 1420 4328 moris,
1468 4275 1712 4314 manum
1763 4258 2056 4331 subjicere

403 4353 606 4428 jussit,
632 4352 1095 4422 juramentoque
1127 4347 1443 4403 obstrinxit
1489 4364 1565 4402 ne
1615 4365 1675 4402 se
1708 4347 1768 4403 in
1816 4351 2056 4421 Egypto

2156 513 2304 570 Κατᾶ
2327 519 2427 585 τὴν
2461 520 2639 594 κρίσιν
2673 519 2764 576 οὖν
2809 525 2905 576 τοῦ
2962 521 3164 595 Ἰωσὴφ
3225 521 3370 574 οὕτω
3430 519 3521 574 καὶ
3579 518 3814 593 ἐγένετο.

2157 603 2307 660 Μετᾶ
2335 611 2499 663 ταῦτα
2533 607 2628 664 δύο
2660 608 2792 664 ἐτῶν
2848 610 3278 686 παρῳχημένων
3342 608 3502 669 αὐτὸς
3565 607 3814 663 ἐνύπνιον

2156 689 2266 748 εἶδε
2305 698 2530 772 Φαραώ.
2578 699 2747 754 Ἑπτᾶ
2820 699 2953 773 βόας
3007 698 3178 760 καλὰς
3239 703 3316 770 τῷ
3357 695 3488 753 εἷ’δει
3548 697 3637 752 καὶ
3693 703 3814 760 ταῖς

2158 786 2308 858 σαρξὶ
2333 786 2588 859 λιπαρὰς,
2631 785 3020 852 ἀναϐαινοόσας
3078 788 3137 844 ἐκ
3185 793 3282 844 τοῦ
3332 795 3587 862 ποταμοῦ
3619 789 3705 844 καὶ
3757 789 3812 844 έν

2157 877 2235 944 τῷ
2264 872 2389 932 ἄχιν
2424 879 2870 952 (47)νεμομένας
2923 877 3062 951 ᾤετο
3121 881 3270 953 ὁρᾷν,
3332 876 3506 941 ἄλλας
3565 877 3622 933 δὲ
3679 880 3820 934 ἑπτὰ

2163 961 2292 1036 βόας
2325 965 2590 1039 ἑπομένας
2623 975 2741 1028 ταῖς
2783 970 3050 1042 πρώταις,
3107 969 3340 1044 αὶσχρὰς
3392 973 3472 1040 τῷ
3531 967 3661 1023 εἲδει
3727 971 3821 1024 καὶ

2159 1051 2379 1122 λεπτὰς,
2415 1055 2466 1109 ii
2497 1055 2585 1111 καὶ
2616 1059 2922 1134 κατέφαγον
2956 1058 3051 1119 τὰς
3107 1055 3341 1130 λιπαρὰς
3390 1058 3479 1112 καὶ
3537 1054 3818 1120 ἐκλεκτάς.

2160 1143 2299 1200 Εἶτα
2330 1141 2562 1220 ἐγερθεῖς
2593 1147 2683 1200 καὶ
2731 1144 2886 1211 αὖθις
2947 1143 3194 1222 δεύτερον
3241 1145 3571 1208 ἐνυπνισθεὶς
3627 1148 3654 1200 6
3718 1147 3817 1222 βα-

2162 1229 2344 1294 σιλεὺς
2398 1233 2526 1308 ὀρᾷν
2576 1233 2751 1291 ἐδόκει
2811 1236 2945 1291 ἑπτὰ
3001 1236 3240 1298 στάχυας
3314 1236 3364 1289 ἐν
3449 1235 3525 1290 ένὶ
3581 1238 3816 1310 πυθμένι

2160 1319 2390 1390 ἀνιέναι,
2421 1323 2625 1386 καλοὺς
2654 1325 2742 1379 καὶ
2775 1323 3086 1394 ἐκλεκτοὺς,
3144 1326 3233 1378 καὶ
3287 1327 3400 1397 μετ’
3462 1323 3655 1384 αὐτοὺς
3715 1324 3815 1380 ἅλ-

2162 1409 2295 1474 λους
2352 1413 2484 1469 ἒπτὰ
2540 1414 2862 1492 ἀναφύεσθαι
2922 1415 3326 1491 ἀνεμοφθόρους
3384 1415 3471 1470 καὶ
3558 1414 3817 1484 λεπτοὺς,

2164 1499 2216 1555 οἵ
2246 1503 2372 1565 τοὺς
2405 1501 2694 1566 ἐκλεκτοὺς
2723 1505 2812 1560 καὶ
2844 1505 3078 1579 πλήρεις
3105 1504 3384 1560 κατέπιον.
3444 1508 3621 1558 Ταῦτα
3679 1501 3816 1559 έδὼν

2165 1592 2369 1666 Φαραὼ
2403 1592 2704 1670 ἐταράχθη,
2736 1595 2824 1648 καὶ
2853 1595 2881 1649 6
2915 1592 3275 1670 drayﬁllcuv
3338 1593 3483 1665 αὐτῷ
3532 1595 3629 1662 τὴν
3689 1593 3828 1672 σύγ-

2163 1700 2339 1755 κρισιν
2375 1681 2473 1736 οὐκ
2501 1683 2593 1751 ἧν.
2641 1683 3141 1756 Ἀναμιμνήσκεται
3197 1681 3288 1738 οὖν
3336 1684 3364 1736 6
3423 1682 3824 1758 ἀρχιοινοχόος

2163 1773 2261 1824 τοῦ
2301 1770 2528 1849 Ἰωσήφ,
2590 1773 2652 1836 ὃς
2705 1772 2795 1827 καὶ
2853 1771 3128 1845 παραστὰς
3183 1773 3279 1835 τὰς
3340 1772 3434 1844 μὲν
3496 1771 3629 1826 έπτᾶ
3693 1770 3828 1840 βόας

2164 1857 2260 1920 τὰς
2288 1857 2459 1920 καλὰς
2489 1859 2730 1923 καὶτοὺς
2761 1861 2894 1916 ἑπτὰ
2963 1860 3200 1934 στάχυας
3259 1859 3384 1920 τοὺς
3416 1857 3621 1921 καλοὺς
3677 1859 3816 1915 ἑπτὰ

2165 1943 2277 2017 ἔτη·
2321 1946 2574 2018 εὐθηνίας
2629 1949 2766 2004 εἶναί
2827 1971 2980 2026 φησι,
3041 1948 3135 2010 τὰς
3193 1946 3250 2003 δέ
3325 1948 3458 2002 ἑπτὰ
3539 1948 3668 2023 βόας
3724 1950 3823 2010 τὰς

2166 2033 2358 2110 ἰσχνὰς
2391 2037 2483 2090 καὶ
2513 2036 2643 2101 τοὺς
2665 2037 2800 2093 έπτᾶ
2829 2039 3068 2113 στάχυας
3105 2039 3234 2098 τοὺς
3296 2036 3528 2099 λεπτοὺς
3585 2039 3676 2091 καὶ
3734 2059 3826 2093 κε-

2161 2127 2316 2192 νοὺς,
2349 2125 2481 2180 ἑπτὰ
2512 2119 2604 2195 ἔτη
2642 2126 2810 2198 λιμοῦ
2865 2127 3094 2201 ἰσχυροῦ
3153 2124 3622 2196 ἐπακολουθήσει,
3683 2127 3823 2200 ἅπερ

2161 2213 2485 2284 έξαναλώσει
2517 2216 2685 2270 πάντα
2714 2217 2780 2274 τὰ
2811 2215 2984 2290 ἀγαθὰ
3037 2219 3144 2270 τῶν
3205 2213 3338 2269 ἐτῶν
3395 2221 3496 2284 τῆς
3542 2216 3823 2285 εὐθηνίας.

2159 2303 2234 2360 Τὸ
2269 2301 2322 2356 δὲ
2365 2300 2689 2378 δευτερῶσαι
2739 2305 2800 2358 τὸ
2858 2303 3129 2375 ἐνύπνιον,
3185 2303 3386 2374 ἀληθές
3447 2302 3571 2359 ἐστι
3631 2302 3821 2375 δηλοῖ.

2159 2392 2232 2448 Τὸ
2260 2389 2316 2446 δὲ
2347 2394 2434 2445 καὶ
2490 2390 2578 2446 διὰ
2633 2397 2740 2448 τῶν
2801 2392 3086 2466 ἀσταχύων
3149 2390 3547 2466 δευτερωθῆναι
3603 2393 3664 2448 τὸ
3723 2391 3816 2448 διὰ

2158 2484 2267 2536 τῶν
2351 2482 2760 2556 γεωργημάτων
2841 2487 2943 2551 τῆς
2998 2488 3099 2554 γῆς
3174 2482 3448 2554 σημαίνει·
3522 2482 3652 2555 ὅπερ
3717 2481 3813 2535 καὶ

2156 2575 2383 2645 ταχυνεῖ
2411 2575 2508 2626 τοῦ
2538 2577 2765 2640 ποιῆσαι
2798 2571 2825 2624 6
2857 2568 3010 2632 Θεός.
3045 2571 3144 2627 ’Ἡν
3181 2571 3273 2641 μὲν
3307 2569 3400 2623 οὗν
3460 2568 3600 2624 ἐτῶν
3661 2571 3821 2644 τριά-

2159 2661 2381 2720 κονταὸ
2430 2661 2656 2738 Ἰωσήφ,
2715 2659 2804 2715 ὅτε
2870 2659 3107 2734 παρέστη
3176 2659 3256 2730 τῷ
3316 2659 3540 2731 Φαραάν
3618 2659 3664 2731 ᾧ
3732 2660 3826 2714 καὶ

2159 2754 2388 2826 γυναῖκα
2430 2751 2529 2818 τὴν
2589 2749 2798 2805 Ἀσενὲθ
2857 2745 3062 2814 ἐδίδου,
3121 2747 3385 2824 θυγατέρα
3440 2752 3543 2803 τοῦ
3635 2748 3827 2823 ἱερέως

2159 2843 2429 2914 Πετιφρῆ,
2467 2839 2582 2908 μεθ’
2611 2838 2676 2906 ἦς
2708 2838 2796 2893 καὶ
2831 2834 2927 2891 δύο
2981 2837 3134 2898 υἱοὺς
3192 2836 3446 2904 έτετόκει,
3510 2844 3820 2907 Μανασσῆν

2155 2925 2244 2980 καὶ
2279 2927 2534 3005 Ἐφραῖμ.
2568 2928 2681 2981 Τοῦ
2714 2924 2885 2998 λιμοῦ
2944 2922 3000 2978 δὲ
3060 2923 3147 2980 ἐπὶ
3200 2925 3451 2995 έπταετίᾳ
3514 2925 3816 3001 γενομένου

2155 3015 2326 3070 πάντα
2387 3014 2480 3086 μὶν
2549 3015 2754 3088 χρυσὸν
2803 3014 2891 3067 καὶ
2945 3016 3112 3083 κτήνη
3173 3012 3261 3067 καὶ
3331 3010 3643 3087 γῆν,ἁλλὰ
3707 3015 3818 3086 μὴν

2159 3103 2251 3158 καὶ
2309 3100 2362 3172 ἐξ
2417 3102 2717 3176 ἀνθρώπων
2769 3098 3078 3174 ἀνδράποδα
3128 3105 3207 3169 τῷ
3259 3100 3396 3173 οἷ’κῳ
3447 3102 3651 3175 Φαραὼ
3707 3102 3819 3157 εἰσ-

2165 3193 2489 3262 εποιήσατο’
2533 3189 2586 3246 έν
2629 3187 2686 3244 δὶ
2714 3195 2796 3263 τῷ
2825 3185 3050 3263 ἑϐδόμῳ
3081 3189 3306 3262 ἐνιαυτῷ
3346 3189 3628 3264 σπέρματα
3687 3188 3816 3252 δοὺς

2166 3283 2314 3356 πάσῃ
2344 3284 2412 3354 τῇ
2442 3285 2512 3356 γῇ
2557 3279 2862 3355 Αἰγύπτου,
2920 3281 2983 3335 τὸ
3041 3281 3289 3350 πέμπτον
3349 3281 3513 3355 μέρος
3563 3280 3819 3350 ἀποκλη-

2167 3373 2292 3444 ροῦν
2323 3369 2546 3439 ἐποίησε
2573 3374 2690 3428 τοῖς
2722 3369 3044 3442 βασιλείοις.
3106 3370 3275 3440 Ὀπερ
3337 3369 3423 3423 καὶ
3480 3367 3645 3447 μέχρι
3714 3375 3818 3438 τῆς

2163 3462 2255 3514 νῦν
2307 3463 2495 3534 κρατεῖ
2550 3456 2602 3513 ἐν
2661 3459 2951 3532 Αἰγύπτῳ,
3015 3459 3194 3530 μόνων
3262 3463 3370 3512 τῶν
3427 3457 3612 3532 ἱερέων
3667 3458 3822 3525 ὑπεξ-

2164 3547 2478 3623 ῃρημένων·
2510 3548 2607 3614 τήν
2642 3548 2924 3620 ἱερατικὴν
2962 3549 3066 3620 γὰρ
3099 3553 3202 3623 γῆν
3237 3546 3407 3614 ἀτελῆ
3449 3545 3829 3602 καταλέλοιπε

2170 3637 2364 3707 μόνην.
2426 3637 2494 3694 Οἱ
2577 3633 2634 3691 δὲ
2692 3637 2984 3711 Αἰγύπτιοι
3040 3637 3313 3711 σωτηρίαν
3379 3637 3640 3710 μεγίστην
3728 3638 3828 3691 καί

2166 3725 2468 3801 εὐεργεσίαν
2497 3731 2662 3782 τοῦτο
2691 3728 3057 3802 ἡγησάμενοι,
3090 3723 3221 3804 ἄχρι
3255 3729 3350 3781 τοῦ
3383 3724 3540 3800 δεῦρο
3565 3727 3822 3800 ἀποπεμ-

2165 3820 2332 3871 πτοῦν
2363 3815 2736 3895 παρειλήφασι
2762 3816 2842 3888 τῷ
2900 3815 3105 3892 Φαραὼ
3155 3815 3359 3876 πάντας
3411 3815 3539 3877 τοὺς
3571 3817 3817 3892 καρποὺς

2165 3908 2264 3974 τῆς
2292 3912 2400 3981 γῆς
2437 3905 2635 3960 αὐτῶν.

2237 3992 2630 4050 Ἑπτακαίδεκα
2720 3995 2814 4068 μὶν
2902 3989 2994 4062 ἔτη
3053 3995 3081 4048 6
3167 3989 3362 4049 Ἰακὼῦ
3449 3992 3703 4064 ἐπέζησεν
3766 3994 3824 4049 έν

2165 4082 2429 4161 Αἰγύπτῳ
2457 4087 2536 4154 τῷ
2569 4085 2795 4153 Ἰωσὴφ,
2827 4089 2928 4152 τῆς
2989 4088 3140 4152 ζωῆς
3199 4079 3257 4136 δὶ
3309 4081 3456 4152 αὐτῷ
3540 4083 3595 4136 αἱ
3651 4088 3824 4138 πᾶσαι

2166 4173 2368 4246 ἡμέραι
2425 4171 2503 4232 εἰς
2559 4173 2682 4246 ρμζ’
2737 4166 2832 4240 ἔτη
2919 4169 3372 4244 έξεμετρήθησαν,
3435 4171 3664 4245 Ἰῐγγιζε
3724 4173 3819 4244 μὲν

2168 4263 2258 4316 οὗν
2291 4263 2326 4329 ἡ
2360 4258 2541 4334 ἡμέρα
2569 4263 2668 4325 τῆς
2695 4259 2861 4314 αὐτοῦ
2891 4258 3172 4328 τελευτῆς,
3206 4258 3366 4319 αὐτὸς
3399 4256 3456 4314 δὲ
3487 4259 3578 4315 τὸν
3615 4261 3822 4338 Ἰωσὴφ

2167 4348 2647 4425 προσκαλούμενος
2699 4351 2864 4403 Θεῖναι
2924 4349 3024 4416 τὴν
3085 4352 3248 4427 χεῖρα
3306 4348 3409 4402 ὑπὸ
3467 4348 3561 4403 τὸν
3613 4350 3821 4424 μηρὸν,

1620 4437 1980 4494 XYLANDBI
2017 4441 2106 4498 ET
2143 4441 2355 4499 GOARI
2383 4440 2604 4495 ΝΟΤᾸΞ.

627 4528 808 4615 Quod.
823 4527 1171 4615 vocabulum
1204 4532 1300 4615 est
1324 4532 1503 4582 etiam
1542 4527 1630 4615 in‘
1648 4526 2058 4615 ‘Cnompl‘utensi

409 4597 668 4662 editione
702 4602 762 4656 in
794 4601 904 4655 hac
949 4600 1218 4659 historia.
1263 4600 1404 4656 Gen.
1440 4615 1548 4670 ιιι.
1598 4597 1733 4659 Alii,
1785 4598 2060 4670 interque

407 4677 518 4733 hos
573 4673 1090 4746 Argentoratensis
1161 4674 1319 4746 (nam
1379 4669 1453 4725 ad
1513 4685 1754 4746 manum
1805 4669 2059 4746 Aldinus

408 4765 529 4806 non
588 4740 758 4812 erat),
821 4742 874 4796 έν
911 4745 980 4814 τῇ
1039 4742 1183 4815 ὃχθῃ
1245 4742 1532 4815 legerunt.
1596 4740 1894 4815 Librarius
1953 4744 2058 4800 Ce-

409 4820 576 4876 dreni
637 4819 708 4899 in.
756 4813 1024 4898 margine
1070 4813 1386 4896 annotavit
1417 4813 1498 4866 ita
1536 4828 1608 4904 ‘se
1667 4813 1725 4866 in
1756 4815 2060 4904 exempla—

407 4895 456 4947 ri
519 4891 832 4961 reperisse.
867 4885 1004 4961 “nisi
1045 4885 1295 4961 incuria
1353 4887 1660 4961 peccatum
1707 4885 1815 4961 sit.
1868 4885 2058 4961 ρῦτως

411 4953 633 5031 εὕρηται
721 4959 781 5011 τὸ
859 4955 983 5009 ἄκιν
1041 4955 1177 5031 έντῷ
1247 4953 1588 5031 Δἀντιγράφω,
1651 4953 1807 5031 ’πλὴν
1895 4954 2059 5019 λάθας

409 5027 497 5098 ἦν’.
533 5034 924 5102 Hieronymus
953 5029 1113 5102 vertit
1149 5027 1207 5080 in
1241 5028 1368 5102 locis
1419 5027 1778 5102 palustribus,
1841 5035 1904 5082 ut
1935 5031 2058 5100 qui-

412 5096 545 5157 dem
579 5121 736 5157 nunc
757 5096 940 5156 etiam
974 5101 1032 5156 in
1055 5099 1459 5166 Complutensi
1479 5096 1630 5152 libro
1653 5097 1886 5169 legitur.
1913 5096 2056 5156 Nam

413 5173 472 5226 in
509 5174 774 5242 ejusdem
806 5171 1073 5227 versione
1121 5169 1248 5224 Jobi
1282 5187 1331 5224 c.
1384 5185 1496 5242 vin,
1549 5185 1662 5242 quo
1711 5169 1837 5242 loco
1873 5171 2056 5242 hypo-

412 5240 799 5314 critaejuncis
855 5249 913 5297 et
955 5244 1014 5297 id
1069 5258 1253 5314 genus
1310 5243 1371 5296 in
1425 5240 1670 5314 humido
1728 5240 2056 5297 viventibus

413 5313 634 5381 plantis
663 5312 1101 5382 elegantissime
1134 5321 1570 5384 comperantur,
1600 5312 1756 5366 idem
1781 5314 1938 5382 quod
1963 5315 2056 5369 hic

418 5384 762 5438 vocabulum
955 5393 1246 5442 carectum
1306 5385 1519 5455 legitur
1577 5385 2052 5454 interpretatum.

415 5529 538 5593 Quo
571 5524 822 5601 quidem
845 5527 970 5580 loco
1005 5527 1307 5600 βοῦτομον,
1339 5527 1412 5582 de
1442 5545 1559 5601 qua
1587 5544 1724 5601 voce
1757 5528 1909 5582 nihil
1962 5529 2057 5585 hic

415 5615 603 5682 agam,
638 5597 1096 5682 substit.uere_’.'70
1129 5597 1499 5682 interpretes.
1524 5600 1798 5682 Plerique
1819 5605 2058 5682 praten-

417 5667 542 5730 ιόω
572 5667 820 5728 herbam
845 5669 1201 5742 intelligunt.
1234 5667 1304 5727 Et
1329 5673 1460 5730 Jobi
1489 5672 1666 5728 modo
1696 5667 1860 5728 eitati
1891 5673 2056 5730 locus

2173 4530 2317 4586 satis
2337 4528 2566 4583 videtur
2595 4527 3004 4583 demonstrare
3053 4543 3181 4582 esse
3212 4527 3457 4583 herbam
3507 4528 3578 4582 de
3610 4544 3815 4585 earnm

2170 4616 2544 4674 generegquaa
2577 4605 2634 4654 et
2664 4599 3019 4674 in_hum_i_dis
3037 4605 3217 4670 atque
3239 4598 3385 4674 adeo
3414 4599 3814 4670 aquosislocis

2170 4670 2538 4744 proveniant,
2591 4677 2650 4725 et
2704 4670 2832 4725 sine
2893 4671 3123 4741 liquore
3175 4671 3374 4744 statim
3434 4688 3567 4744 sua_
3599 4680 3813 4743 sponte

2170 4741 2502 4806 concidant,
2522 4748 2587 4797 ut
2620 4759 2794 4798 carex
2826 4759 2955 4797 esse
2981 4758 3100 4796 non
3133 4741 3338 4811 possit,
3373 4741 3612 4812 quando
3632 4741 3811 4799 Colu-

2168 4815 2348 4870 mella
2378 4814 2631 4869 caricem
2665 4814 2806 4869 ﬁlici
2839 4820 3053 4884 aequat,
3087 4819 3146 4866 et
3173 4819 3238 4885 ut
3284 4813 3682 4885 undequaque
3712 4832 3812 4871 na-

2169 4893 2433 4943 scentem
2466 4903 2570 4940 suo
2605 4891 2868 4957 tempore
2893 4890 3052 4957 recte
3075 4884 3382 4957 exstirpari
3410 4884 3640 4940 dOcetl.
3679 4903 3810 4951 n,c.

2167 4957 2418 5029 2;quod
2451 4957 2512 5029 in
2564 4955 2743 5012 Achu‘
2787 4955 2940 5029 illud,
2995 4972 3114 5029 non
3143 4955 3400 5029 Avidetur
3455 4964 3816 5029 competere.

2168 5027 2398 5085 Kimchi
2414 5028 2792 5083 Hebraeorum
2812 5028 2984 5083 facile
2999 5027 3379 5082 doctissimus
3399 5045 3519 5083 n—on
3537 5028 3822 5085 abhorret

2167 5101 2240 5156 ab
2269 5101 2340 5155 iis
2363 5100 2462 5171 qui
2497 5117 2602 5172 pro
2630 5099 2759 5154 loco
2791 5099 3098 5172 (nimirum
3143 5098 3419 5153 humecto
3453 5107 3511 5172 et
3542 5100 3814 5172 herbido)

2168 5170 2483 5242 accipiunt.
2521 5171 2638 5226 Hoc
2669 5170 2964 5234 annotavi,
2991 5175 3081 5242 fut
3141 5185 3284 5242 mea;
3317 5171 3604 5242 versionis
3636 5170 3816 5226 ratio-

2168 5239 2311 5298 nem
2339 5244 2613 5298 aﬂ‘errem
2645 5257 2656 5295 :
2682 5257 2876 5316 neque
2892 5241 3066 5316 _enim
3100 5239 3276 5316 credo
3297 5258 3499 5316 vocem
3523 5239 3652 5316 ἆχιν
3685 5261 3815 5316 esse

2168 5318 2236 5368 7O
2291 5317 2713 5388 interpretum.
2765 5310 2948 5388 Paulo
3006 5312 3279 5388 superius
3335 5310 3535 5386 ἄρτους
3561 5310 3819 5388 ’χονδρί-

2167 5405 2260 5445 τας
2292 5385 2437 5441 verti
2458 5383 2651 5455 panes
2683 5385 2990 5450 delicatos,
3026 5383 3184 5454 quod
3217 5399 3284 5455 ea
3340 5383 3448 5440 vox
3503 5383 3635 5441 non'
3674 5383 3821 5443 satis

2163 5474 2201 5513 a
2228 5473 2323 5512 me
2355 5453 2881 5528 intelligereturEt
2910 5453 3059 5509 vero
3075 5471 3210 5528 cum
3234 5453 3317 5511 de.
3335 5455 3618 5513 Hebraica

2167 5527 2649 5590 Hebreitum’de
2682 5527 2882 5599 Graeca
2911 5527 3091 5599 Graeci
3114 5528 3482 5599 grammatici
3505 5545 3624 5584 non
3648 5530 3817 5599 valde

2163 5601 2567 5673 consentiunt.
2597 5599 2650 5652 Si
2684 5597 2908 5673 ferreos
2951 5598 3036 5673 vis
3065 5597 3173 5673 aut
3197 5599 3415 5673 aliceos
3472 5607 3572 5655 aut
3604 5597 3812 5673 quot/is

2165 5672 2341 5730 modo
2372 5670 2773 5744 interpretari,
2807 5686 2929 5727 non
2958 5669 3240 5744 impedio.
3273 5672 3416 5728 XYL.
