4148 6196
307 326 384 383 9Ἷ
1448 314 1985 382 HISTORIARUM
2029 316 2569 382 COMPENDIUM.
3641 322 3722 382 98

311 457 386 519 ὡς
409 451 555 518 ῑθος.
590 453 672 528 [Ρ.
725 454 817 527 38]
853 454 944 509 καὶ
998 453 1196 528 ὀμόσαι
1252 453 1399 524 αὐτῷ
1454 447 1823 508 κατεδυσώπει
1886 450 1964 525 μή

2083 453 2377 517 humaret,
2436 450 2540 507 sed
2596 451 2671 507 ad
2725 452 3022 523 majorum
3075 468 3319 509 suorum
3378 451 3719 525 sepulcrum

313 548 478 623 θάψαι
516 546 682 602 αὐτὸν
715 541 767 601 ἓν
806 544 1090 621 Αἰγύπτῳ,
1123 542 1250 600 ἀλλ’
1282 543 1333 598 ἐν
1372 546 1450 615 τῷ
1505 543 1659 622 τάφῳ
1705 545 1813 597 τῶν
1851 561 1964 596 πα-

312 640 482 714 τὲρων
514 636 687 690 αὑτοῦ
744 634 1039 711 ἀναγεγεῖν.
1095 632 1283 691 Αὑτοῦ
1341 629 1399 688 δὶ
1453 630 1819 705 καταθεμένου
1874 629 1966 685 καὶ

319 724 687 801 ὀμωμοκότος
717 722 873 785 εὐθὺς
931 729 1301 800 προσκυνῆσαι
1358 722 1448 777 τὸν
1492 718 1712 796 Ἰσραὴλ
1761 718 1852 775 ἐπὶ
1903 720 1966 774 τὸ

324 815 485 889 ἃκρον
535 821 635 883 τῆς
703 806 908 889 ῥάϐδου
978 812 1202 889 Ἰωσήφ.
1269 811 1418 867 Μετά
1471 814 1638 866 ταῦτα
1729 808 1965 864 ἀκούσας

318 906 349 958 6
390 904 590 982 Ἰωσήφ
619 902 702 958 ὅτι
756 899 1067 977 ἐνοχλεῖται
1125 900 1155 955 6
1212 901 1415 976 πατήρ,
1470 898 1596 961 τοὺς
1656 894 1753 953 δύο
1811 896 1967 960 υἱοὺς

316 995 611 1062 Μανασσῆν
638 992 727 1046 καὶ
768 988 1012 1070 Ἐφραίμ
1064 982 1479 1065 ἀναλαϐόμενος
1536 988 1664 1058 ἧκεν
1723 987 1799 1049 είς
1847 985 1968 1042 ἐπί-

311 1086 523 1157 σκεψιν.
560 1079 781 1157 Ἰσραὴλ
817 1078 876 1136 δὶ
922 1079 1224 1150 ἀνεκάθισε,
1271 1079 1361 1135 καὶ
1413 1079 1626 1149 ἀνοίξας
1674 1080 1739 1135 τὸ
1790 1079 1969 1152 στόμα

307 1175 417 1227 τῶν
445 1170 716 1245 εὖλογιῶν
754 1174 852 1227 τοῦ
882 1171 1017 1227 Θεοῦ
1046 1170 1135 1225 καὶ
1167 1173 1276 1225 τῶν
1301 1167 1665 1245 ἰπαγγελιῶν,
1696 1168 1770 1223 ὧν
1818 1167 1969 1240 αὐτῷ

307 1260 363 1318 ἕν
404 1267 478 1339 γῇ
534 1264 757 1321 Χαναὰν
815 1262 1180 1343 χρηματίζων
1237 1261 1592 1338 ἰπήγγελται,
1648 1262 1966 1336 ὑπομιμνή-

308 1372 448 1409 σκει.
498 1350 871 1410 Ἱδίοποιεῖται
933 1350 990 1407 Si
1044 1352 1173 1416 τοὺς
1229 1348 1325 1406 δύο
1384 1350 1534 1413 υἱοὺς
1592 1350 1781 1420 αὐτοῦ,
1836 1348 1965 1414 τοὺς

303 1444 635 1519 γενομὶνους
666 1442 815 1513 αὖτῷ
845 1440 897 1497 ἐν
929 1445 1004 1516 γῇ
1035 1440 1339 1516 Αἴγύπτου,
1389 1436 1628 1516 Ἐφραίμ
1678 1438 1828 1516 λέγω
1876 1437 1967 1495 καὶ

303 1530 627 1604 Μανασσῆν,
659 1529 847 1597 εἰπὼν,
879 1529 955 1592 ὡς
986 1552 1015 1581 ‹‹
1065 1524 1330 1601 Ῥουϐεὶμ
1384 1528 1473 1583 καὶ
1535 1534 1763 1602 Συμεων
1814 1526 1969 1584 οὗτοί

308 1639 405 1690 μοι
436 1614 682 1685 ἔσονται,
720 1619 790 1673 τὰ
818 1616 875 1673 δέ
901 1638 963 1692 γε
1025 1612 1224 1693 ἔκγονα
1268 1615 1476 1672 τούτων
1537 1619 1622 1671 σοί
1676 1611 1906 1676 ἔσονται.
1937 1639 1966 1668 η

303 1707 563 1784 ⁶οτιγᾶρ
596 1703 828 1781 ἔμελλεν
861 1706 1042 1782 ὥσπερ
1072 1704 1256 1762 τᾶλλα
1306 1704 1449 1761 οὕτω
1497 1714 1589 1761 καί
1635 1705 1767 1767 τοὺς
1817 1706 1968 1769 υἱοὺς

302 1800 381 1870 τῷ
412 1802 536 1869 Θεῷ
565 1795 937 1853 ἀποδεκατοῦν
978 1797 1008 1852 6
1057 1795 1281 1872 Ἰσραὴλ
1341 1796 1452 1869 (καὶ
1494 1795 1596 1872 γάρ
1640 1796 1670 1851 6
1711 1796 1837 1850 Λιυὶ
1889 1794 1966 1857 είς

303 1885 522 1961 κλῆρον
555 1886 860 1964 ἀφώρισται
893 1886 1026 1960 μετά
1070 1889 1238 1941 ταῦτα
1291 1889 1372 1959 τῷ
1438 1886 1599 1959 Θεῷ),
1651 1882 1742 1941 ’ίνα
1798 1885 1875 1959 μὴ
1936 1882 1965 1941 6

304 1980 415 2032 τῶν
452 1972 670 2031 δώδεκα
699 1974 887 2054 φυλῶν
927 1974 1159 2050 ἀριθμὸς
1207 1972 1513 2049 ὶλαττιυθῇ,
1558 1973 1755 2030 τούτου
1802 1974 1966 2052 χάριν

303 2066 474 2140 οἶμαι
505 2065 535 2120 6
566 2064 793 2141 Ἰσραήλ
820 2063 913 2120 τὸν
942 2062 1138 2137 ἰωσὴρ
1174 2062 1294 2119 ἀντὶ
1342 2060 1440 2118 δύο
1498 2064 1631 2118 υἱῶν
1675 2063 1964 2140 ἡγησάμε-

301 2183 392 2225 νος
452 2161 588 2225 τοὺς
644 2160 797 2224 υἱοὺς
854 2161 1025 2218 αὐτοῦ
1083 2159 1161 2224 εἶς
1244 2157 1419 2239 φυλὰς
1506 2157 1785 2231 διετάξατο
1843 2157 1963 2233 δύο,

299 2249 550 2332 Ἐφραίμ
582 2246 802 2320 δηλαδή
832 2249 923 2305 καὶ
979 2255 1288 2320 Μανασσῆν.
1340 2248 1444 2307 Καὶ
1495 2249 1548 2304 o't
1600 2250 1695 2323 μὶν
1754 2248 1966 2327 ὀφθαλ-

301 2340 395 2415 μοὶ
427 2344 533 2395 τοῦ
565 2336 790 2413 Ἰσραὴλ
826 2339 1249 2413 βαρυωποῦντες
1270 2337 1380 2393 ἀπὸ
1426 2340 1526 2393 τοῦ
1567 2337 1755 2413 γήρως
1801 2338 1963 2411 ἦσαν,

302 2426 524 2506 ἀμυδρὰ
554 2424 614 2484 δὲ
668 2428 905 2502 ὁρῶντες
962 2427 1130 2504 ὁρῶσι
1183 2426 1312 2489 τοὺς
1372 2424 1523 2488 υἱοὺς
1587 2427 1817 2505 Ἰωσὴφ,
1871 2426 1961 2483 καὶ

302 2514 630 2571 ἐπυνθάνετο
679 2512 818 2576 τίνες
881 2510 942 2568 ἄν
1001 2511 1127 2571 εἶεν.
1189 2512 1300 2575 Οὓς
1358 2512 1450 2568 καὶ
1500 2513 1963 2590 προσεγγίσαντας

311 2598 600 2679 περιέλαϐε
644 2603 739 2658 καὶ
797 2599 1181 2680 κατεφίλησεν,
1220 2600 1311 2657 καί
1360 2620 1492 2680 φησι
1545 2601 1683 2674 πρὸς
1740 2602 1962 2678 Ἰωσήφ-

313 2716 341 2742 «
372 2689 516 2748 Ἰδοὺ
541 2696 635 2748 τοῦ
676 2692 977 2768 προσώπου
1035 2711 1131 2746 σου
1188 2688 1288 2745 οὐκ
1344 2686 1596 2765 ἔστὲρησέ
1655 2709 1723 2763 με
1754 2690 1783 2744 6
1812 2689 1964 2756 Θεὸς,

306 2780 437 2836 ἀλλ’
466 2778 636 2852 ἔδειεέ
679 2802 775 2855 μοι
826 2780 914 2836 καὶ
970 2779 1034 2835 τὸ
1088 2781 1305 2856 σπέρμα
1372 2799 1488 2834 σου.
1559 2803 1588 2830 ››
1654 2779 1962 2855 Ἐξαγαγὼν

304 2868 359 2924 δὲ
424 2872 635 2949 Ἰωσήφ
695 2868 902 2932 αὐτοὺς
958 2868 1065 2924 ἀπὸ
1120 2873 1230 2949 τῷν
1292 2869 1531 2946 γονάτων
1592 2866 1811 2943 Ἰσραὴλ
1867 2872 1966 2924 τοῦ

296 2947 683 3026 προσκυνῆσαι
720 2951 896 3021 αὐτῷ,
955 2950 1073 3005 εἶτα
1127 2948 1221 3004 τὸν
1279 2951 1575 3018 Μανασσῆν
1635 2949 1734 3022 μὶν
1791 2947 1845 3004 ἐν
1893 2950 1964 3024 τῇ

302 3037 473 3112 δεξιᾷ,
508 3038 561 3110 ἒξ
593 3040 896 3115 ἀριστερῶν
930 3035 988 3092 δὲ
1016 3038 1107 3093 τὸν
1141 3035 1406 3115 Ἐφραίμ,
1440 3036 1604 3101 αὐτὸς
1630 3036 1724 3098 τὰς
1775 3041 1964 3113 χεῖρας

304 3123 555 3203 ἀμείϐων
586 3128 687 3196 τὴν
723 3128 820 3202 μὲν
855 3125 1026 3197 δὶξιάν
1060 3125 1147 3182 ἐπὶ
1203 3126 1300 3181 τοῦ
1357 3124 1642 3200 νεωτέρου,
1696 3127 1797 3196 τήν
1845 3126 1964 3201 ἀρι-

306 3218 506 3289 στερὰν
539 3213 599 3271 δὶ
628 3215 719 3271 ἐπὶ
767 3217 865 3271 τοῦ
916 3210 1288 3291 πρεσϐυτέρου
1333 3216 1433 3285 τήν
1483 3212 1725 3294 κεφαλήν
1776 3215 1968 3287 τιθεὶς,

303 3306 377 3371 εἰς
444 3308 761 3379 μυστήριον
822 3307 1110 3379 σταυρικοῦ
1169 3304 1366 3375 τύπου,
1447 3303 1620 3364 οὓτως
1677 3302 1974 3376 εὐλόγησεν

298 3395 500 3458 αὐτοὺς
527 3392 670 3450 ὥστε
721 3393 1110 3463 πληθυνθῆναι
1157 3391 1355 3454 αὐτοὺς
1413 3391 1500 3447 ἐπὶ
1560 3394 1661 3462 τῆς
1722 3394 1827 3468 γῆς
1886 3382 1977 3448 ιισιἱ

304 3484 443 3540 ὥστε
479 3482 687 3545 αὐτοὺς
733 3481 1099 3553 ἐπικληθῆναι
1153 3482 1217 3537 τὸ
1276 3477 1448 3555 ὄνομα
1506 3481 1671 3536 αὐτοῦ
1724 3481 1813 3536 καὶ
1867 3486 1978 3537 τῶν

301 3575 556 3650 παύρων
589 3573 781 3629 αὐτοῦ.
818 3573 964 3646 Βαρὺ
996 3570 1052 3628 δι
1081 3572 1352 3650 κατεφάνη
1399 3575 1563 3627 τοῦτο
1614 3568 1692 3644 δῷ
1739 3574 1967 3651 Ἰωσὴφ,

305 3667 389 3719 καὶ
433 3666 545 3732 τῆς
605 3666 879 3739 πατρικῆς
939 3658 1113 3733 δεξιᾶς
1171 3655 1518 3731 ἀννελάόετο,
1579 3660 1797 3740 ἀφελεῖν
1849 3661 1982 3738 βου-

306 3752 547 3826 λόμενος
579 3751 688 3808 ἀπὸ
718 3755 818 3822 τῆς
849 3750 1095 3830 κεφαλῆς
1128 3750 1369 3829 Ἐφραίμ
1416 3751 1508 3806 καὶ
1571 3751 1837 3806 ὶπιθεῖναι
1889 3750 1979 3807 ἐπὶ

306 3854 404 3923 τήν
436 3849 698 3921 κεφαλὴν
731 3858 1017 3921 Μανασσῆ,
1081 3874 1109 3903 ‹‹
1142 3848 1314 3913 Οὗτός
1365 3847 1502 3919 ἐστι,
1541 3851 1733 3924 πάτερ,
1783 3849 1978 3913 εἷ’πὼν,

309 3936 766 4016 ὁπρεσϐότερος,
806 3941 899 3995 καὶ
928 3939 1108 4013 τούτῳ
1173 3936 1379 4007 ἰπίθες,
1441 3940 1517 4003 ὡς
1572 3941 1822 4010 καθήκει,
1878 3941 1979 4010 τήν

308 4028 517 4102 δεξιάν.
554 4056 583 4081 »ι
614 4029 794 4094 Αὐτὸς
831 4026 913 4096 δὲ,
944 4053 973 4080 ‹‹
1004 4026 1172 4097 Οἶδα,
1207 4026 1416 4097 τέκνον,
1450 4024 1596 4099 οῖδα,
1628 4052 1657 4080 ιι
1690 4027 1978 4104 ἀπεκρίθη⁹

316 4146 343 4173 κ
376 4121 549 4182 αὐτὸς
579 4114 727 4175 ἔσται
757 4119 835 4183 εἰς
865 4118 997 4174 λαὸν
1026 4119 1117 4174 καὶ
1142 4118 1510 4193 ὑψωθήσεται,
1533 4116 1662 4173 ἀλλ’
1691 4119 1720 4173 6
1745 4116 1982 4193 ἀδελφὸς

316 4214 489 4266 αὐτοῦ
521 4210 552 4265 6
580 4208 846 4282 νεώτερος
900 4208 1104 4281 μείζων
1162 4205 1331 4262 αὐτοῦ
1390 4202 1563 4277 ἔσται,
1599 4230 1627 4259 ››
1680 4208 1922 4281 καθάπερ
1953 4208 1983 4262 6

312 4298 430 4362 νέος
460 4298 559 4354 καὶ
592 4297 647 4353 ἐν
703 4297 971 4371 πνεύματι
1033 4294 1255 4372 Ἰσραὴλ
1316 4299 1413 4350 τοῦ
1472 4291 1838 4372 πρεσϐυτέρου
1893 4297 1984 4354 καὶ

316 4388 452 4442 κατᾶ
512 4405 691 4461 σαρκα
744 4384 968 4461 Ἰσραὴλ
1018 4382 1492 4462 ὁμολογουμένως
1581 4382 1781 4458 μείζων
1847 4382 1981 4444 ἒστί.

322 4477 472 4531 lived
505 4479 677 4531 ταῦτα
712 4473 841 4537 τοὺς
891 4473 1093 4537 πάντας
1134 4473 1287 4536 υἱοὺς
1347 4474 1375 4529 6
1427 4470 1650 4549 Ἰσραὴλ
1691 4473 1988 4551 συγκαλού-

2077 544 2573 616 reportaret.Cum
2587 542 2874 615 Iosephus
2888 543 2967 598 ita
2978 544 3062 599 uti
3077 550 3245 615 pater
3248 543 3272 615 j
3282 548 3721 613 usserat,manu

2074 634 2204 706 ejus
2234 634 2445 691 femori
2485 633 2789 704 supposita
2831 632 3112 704 jurasset,
3149 632 3311 688 illico
3356 631 3609 687 Israelus
3642 630 3712 686 ad

2076 728 2411 779 extremum
2442 723 2616 796 virgae
2645 722 2881 793 Iosephi
2915 722 3200 777 adoravit.
3224 724 3363 775 Post
3394 722 3518 777 haec
3545 722 3720 776 Jose-

2076 812 2251 885 phus,
2267 812 2469 868 audito
2491 817 2719 883 patrem
2745 812 2987 869 adversa
3005 810 3343 867 valetudine
3367 809 3722 877 conﬂictari,

2077 917 2281 960 secum
2310 901 2504 958 ductis
2534 902 2805 957 Manassa
2835 907 2894 955 et
2920 901 3235 972 Ephraimo
3268 899 3402 954 ﬁliis
3463 897 3539 952 ad
3591 914 3728 953 eum

2075 999 2302 1056 visendi
2329 1000 2518 1072 gratia
2538 999 2967 1072 perrexit.Tum
2993 998 3177 1054 Israel
3198 997 3724 1066 assedit,factoque

2076 1087 2313 1145 dicendi
2336 1086 2752 1160 initio,quibus
2771 1104 2905 1143 eum
2928 1087 3389 1159 prosperitatum
3412 1082 3724 1139 denuntia-

2076 1177 2341 1234 tionibus
2366 1177 2523 1235 Deus
2581 1177 3025 1250 impertivisset,
3083 1194 3150 1233 ac
3181 1191 3312 1248 quas
3345 1175 3398 1230 ei
3450 1175 3513 1229 in
3560 1180 3723 1228 terra

2076 1268 2410 1324 Cbananaea
2440 1266 2800 1340 promiserit,
2834 1267 3034 1325 refert.
3070 1266 3215 1321 Tum
3244 1263 3485 1335 Josephi
3542 1260 3720 1327 filios,

2077 1356 2129 1412 ei
2160 1356 2222 1412 in
2252 1358 2494 1431 Egypto
2525 1363 2717 1414 natos.
2750 1356 2851 1413 σε
2883 1355 3266 1428 Ephraimum
3323 1353 3454 1409 dico
3488 1356 3548 1405 et
3600 1351 3722 1405 Ma-

2076 1462 2335 1514 nassem,
2366 1447 2628 1520 ad0ptat,
2669 1447 2971 1519 pollicitus
3032 1463 3131 1502 eos
3161 1444 3273 1501 sibi
3334 1442 3544 1499 eodem
3606 1456 3722 1515 quo

2076 1536 2359 1594 Rubenus
2390 1544 2545 1593 esset
2570 1543 2745 1609 atque
2776 1537 3010 1592 Simeon
3046 1535 3175 1591 loco
3206 1535 3464 1603 futurus,
3516 1544 3725 1586 eorum

2077 1630 2276 1682 tamen
2299 1626 2645 1701 progeniem
2664 1626 2904 1698 Iosephi
2923 1622 3443 1681 futuram.Etenim
3466 1617 3722 1675 Israelus

2075 1731 2211 1771 cum
2244 1721 2402 1772 esset
2430 1722 2495 1771 ut
2519 1715 2911 1788 reliquorum,
2946 1715 3025 1770 ita
3057 1713 3315 1769 filiorum
3348 1724 3583 1785 quoque
3614 1706 3722 1761 de-

1999 1839 2042 1903 B
2074 1805 2291 1862 cimam
2331 1810 2561 1876 partem
2593 1806 2710 1861 Deo
2732 1809 3185 1861 consecraturus
3215 1801 3374 1875 (nam
3404 1795 3718 1895 postmodo

2076 1893 2205 1950 Levi
2238 1898 2394 1950 sorte
2453 1895 2571 1951 Deo
2611 1899 2700 1951 est
2756 1891 3070 1965 addictus),
3104 1907 3180 1947 ne
3236 1888 3551 1946 duodecim
3613 1885 3719 1939 tri-

2074 1981 2258 2039 buum
2276 1998 2564 2039 numerus
2587 1981 3178 2054 diminueretur,ejus
3204 1979 3417 2052 opinor
3436 1978 3521 2033 rei
3540 1989 3720 2033 causa

2073 2072 2394 2139 Josephum
2425 2070 2680 2129 duorum
2736 2072 3000 2129 filiorum
3048 2071 3178 2128 loco
3227 2070 3412 2137 duxit,
3457 2067 3719 2138 ﬁliisque

2075 2160 2206 2235 ejus
2234 2161 2383 2219 duas
2432 2162 2623 2219 tribus
2681 2162 3021 2238 assignavit,
3065 2160 3383 2234 Ephraimo
3436 2157 3722 2213 nimirum

2075 2265 2280 2319 unam,
2337 2250 2587 2309 alteram
2642 2253 2946 2310 Manassae.
3004 2252 3131 2307 Jam
3189 2253 3466 2305 senectus
3517 2244 3721 2303 oculos

2075 2338 2280 2395 Israeli
2309 2338 2692 2397 habetaverat
2720 2358 2734 2396 :
2768 2341 2967 2412 itaque
2997 2355 3134 2396 cum
3165 2338 3415 2394 obscure
3447 2336 3603 2391 ﬁlios
3633 2336 3724 2390 Jo-

2076 2426 2244 2499 sephi
2271 2433 2563 2493 cerneret,
2596 2428 2839 2498 quinam
2868 2432 3068 2483 essent
3122 2429 3527 2498 percontatur,
3558 2438 3722 2477 acce-

2077 2522 2405 2596 dentesque
2435 2523 2743 2596 amplexus
2774 2528 2832 2579 et
2860 2522 3235 2580 deesculatus
3265 2525 3375 2588 est,
3418 2519 3500 2573 ita
3552 2519 3717 2573 Jose-

2075 2612 2261 2684 phum
2282 2613 2651 2685 alloquens,«
2669 2613 2815 2669 Ecce
2837 2616 3158 2685 conspectu
3180 2616 3281 2666 tuo
3305 2610 3459 2665 Deus
3480 2623 3574 2662 me
3597 2623 3717 2660 non

2076 2702 2361 2773 privavit:
2392 2703 2537 2774 quin
2567 2708 2628 2759 et
2654 2701 2922 2758 sobolem
2955 2698 3453 2761 tuamvidendam
3483 2695 3666 2751 dedit.
3685 2715 3712 2747 ι

2075 2791 2368 2864 Iosephus
2397 2791 2550 2846 filios
2581 2808 2616 2847 a
2642 2791 2892 2865 genibus
2922 2791 3108 2864 patris
3165 2789 3388 2851 eduxit,
3436 2786 3524 2842 uti
3584 2801 3721 2857 pro-

2076 2881 2425 2937 cumberent
2454 2881 2514 2937 in
2555 2898 2752 2953 genna
2787 2897 2983 2937 coram
3040 2896 3111 2935 eo
3146 2896 3160 2933 :
3194 2877 3333 2933 inde
3390 2877 3719 2934 Manassem

2077 2966 2279 3023 lsraeli
2310 2967 2385 3022 ad
2414 2966 3131 3040 dexteram,Ephraimum
3163 2964 3238 3020 ad
3268 2962 3573 3018 sinistram
3608 2967 3719 3016 sta-

2075 3057 2209 3114 tuit.
2280 3058 2353 3115 At
2424 3058 2678 3114 Israelus
2734 3056 3012 3112 manibus
3069 3056 3130 3110 in
3196 3054 3463 3109 diversas
3516 3055 3718 3123 partes

2079 3146 2357 3216 diductis,
2389 3147 2471 3203 ita
2501 3146 2585 3202 uti
2617 3146 2884 3203 dextram
2906 3144 3188 3217 junioris,
3222 3142 3428 3197 lmvam
3478 3139 3721 3211 majoris

2086 3237 2264 3309 capiti
2287 3237 2624 3308 imponeret
2642 3236 2782 3308 (quo
2805 3237 2958 3292 facto
2980 3234 3173 3290 crucis
3198 3231 3548 3305 mysterium
3572 3229 3727 3284 desi-

2085 3326 2327 3400 gnavit),
2360 3325 2441 3380 ita
2469 3325 2592 3381 illis
2621 3341 2906 3398 prospera
2935 3329 3026 3381 est
3054 3327 3328 3396 precatus
3360 3319 3445 3375 uti
3506 3324 3727 3373 terram

2088 3415 2408 3487 implerent
2436 3417 2717 3487 progenie
2746 3431 2813 3471 ac
2844 3430 3024 3486 super
3052 3413 3125 3468 iis
3154 3410 3385 3476 Israeli,
3434 3408 3617 3464 Isaaci
3677 3409 3737 3461 et

2090 3502 2409 3560 Abrahami
2431 3504 2677 3559 nomina
2697 3499 3424 3572 celebrarenturJosepho
3444 3502 3646 3553 autem
3668 3511 3737 3550 ea

2089 3606 2186 3646 res
2214 3591 2461 3664 indigna
2475 3592 2636 3660 visa;
2668 3592 3056 3663 dextramque
3084 3590 3270 3663 patris
3300 3586 3737 3660 apprehensam

2090 3680 2163 3736 ab
2195 3681 2493 3751 Ephraimi
2527 3682 2719 3753 capite
2751 3681 2811 3737 in
2842 3686 3020 3752 caput
3074 3682 3357 3735 Manassm
3417 3673 3736 3731 transferre

2090 3773 2340 3824 conatus
2369 3769 2654 3830 est,bunc
2687 3767 2977 3840 majorem
3009 3773 3152 3822 natu
3184 3783 3315 3821 esse
3344 3770 3572 3836 patrem
3604 3778 3737 3816 mo-

2092 3857 2370 3925 nens,69
2404 3857 2577 3928 eique
2609 3856 2681 3911 de
2713 3871 2878 3911 more
2905 3854 3173 3910 dextram
3196 3847 3740 3924 imponendarn.Ad

2096 3946 2221 4002 haec
2240 3945 2518 4016 Israelus,
2541 3967 2569 3996 ι(
2594 3945 2757 4010 Novi,
2773 3967 2804 3995 »
2824 3944 3039 4015 inquit,
3063 3966 3092 3993 ι(
3117 3944 3252 4011 ista,
3274 3940 3600 4007 novi,nate.
3628 3938 3740 3992 Ma-

2095 4058 2301 4099 nasses
2332 4042 2617 4115 populum
2638 4040 2975 4115 procreabit
2996 4045 3056 4095 et
3079 4036 3742 4102 exaltabitur,caaterum

2095 4131 2293 4187 minor
2322 4135 2466 4188 natu
2497 4131 2657 4187 filius
2708 4146 2846 4187 eum
2886 4128 3294 4202 magnitudine
3350 4122 3677 4198 prastabit,
3712 4143 3741 4172 »

2099 4219 2603 4291 quemadmodum
2626 4226 2684 4275 et
2711 4220 3007 4292 posterior
3035 4235 3104 4273 ac
3133 4214 3460 4290 spiritualis
3489 4209 3745 4270 lsraelus

2100 4309 2435 4380 antiquiore
2460 4314 2518 4364 et
2538 4308 2761 4364 carnali
2788 4307 3004 4364 lsraelo
3029 4306 3187 4363 haud
3207 4304 3384 4360 dubie
3406 4302 3602 4374 major
3626 4303 3741 4358 est.

2101 4397 2435 4454 Secundum
2467 4396 2592 4454 haec
2616 4396 2868 4453 Israelus
2886 4397 3029 4452 filiis
3050 4394 3329 4453 omnibus
3359 4392 3433 4449 ad
3453 4408 3516 4446 se
3538 4405 3748 4446 convo-

2101 4488 2269 4553 catis,
2303 4504 2338 4542 a
2366 4487 2559 4559 primo
2580 4486 2665 4551 ,ad
2693 4486 2972 4542 ultimum
3005 4500 3212 4540 omnes
3242 4487 3575 4539 extremum
3597 4478 3748 4533 allo-

334 4586 499 4639 μενος
560 4562 827 4620 διετίθετο
877 4563 1067 4625 αὐτοῖς
1127 4562 1234 4617 ἀπὸ
1294 4565 1393 4617 τοῦ
1459 4562 1684 4638 πρώτου
1736 4559 1844 4626 ἷως
1900 4567 1973 4619 τοί

2102 4582 2294 4647 cutus,
2326 4576 2581 4632 aliorum
2627 4576 2783 4631 facta
2811 4573 3199 4647 reprehendit
3242 4578 3420 4643 atque
3466 4569 3745 4640 culpavit,

329 4653 591 4731 ἐσχάτου,
633 4654 718 4714 οἷς
790 4651 884 4725 μὲν
946 4650 1035 4704 ἐπὶ
1086 4655 1206 4715 τοῖς
1260 4651 1669 4728 πεπραγμένοις
1729 4649 1973 4728 semei

2105 4664 2241 4720 aliis
2260 4664 2461 4721 futura
2481 4663 2912 4736 prmdixit,aliis
2934 4661 3285 4719 collaudatis
3305 4661 3499 4716 fausta
3518 4658 3748 4713 denun-

330 4745 417 4798 καὶ
452 4740 690 4818 μέμψιν,
720 4740 804 4803 οἷς
836 4738 893 4795 δὲ
924 4740 1259 4819 προφητείαν
1291 4742 1388 4796 τοῦ
1431 4738 1732 4812 μέλλοντος
1759 4740 1852 4796 καὶ
1881 4746 1990 4797 τῶν

335 4831 609 4904 ἰσομὲνων
641 4826 913 4902 δήλωσιν,
946 4830 1030 4890 οἷς
1063 4824 1120 4883 δὲ
1159 4826 1411 4904 εὐλογίαν
1469 4826 1561 4883 καὶ
1612 4823 1851 4909 ἔπαινονο
1899 4831 1991 4888 καὶ

335 4920 515 4985 καθὼς
546 4915 731 4975 ἰὸίδου
759 4919 823 4973 τὸ
854 4919 1097 4991 Πνεῦμα,
1140 4915 1348 4990 ἑκάστῳ
1402 4917 1465 4972 τὸ
1513 4913 1634 4972 δίον
1680 4916 1993 4996 ἐπιφθεγξάο

339 5028 494 5080 μενος
524 5009 554 5063 6
588 5007 856 5083 μακάριος
884 5008 972 5081 [Ρ.
1008 5005 1098 5080 39]
1126 5004 1299 5069 οὕτως
1356 5003 1628 5063 ετελεύτα.
1682 5008 1787 5065 Καὶ
1838 5007 1989 5085 πρώ-

333 5118 433 5167 την
466 5097 565 5169 μὶν
621 5097 805 5171 ῥῆσιν,
863 5095 964 5150 οὐκ
1021 5092 1304 5169 εὐλογίας,
1363 5092 1509 5150 ἀλλὰ
1569 5096 1833 5171 μὲμψεως
1899 5099 1989 5157 καί

332 5183 619 5260 ἐλέγξεως,
660 5190 738 5258 τῷ
786 5184 1127 5258 πρωτοτόκῳ
1178 5178 1440 5257 Ῥουϐεὶμ
1489 5182 1776 5260 ἐπιφωνεῖ,
1828 5186 1986 5268 ἰσχὺν

334 5274 433 5347 μὲν
465 5274 628 5330 αὐτὸν
661 5276 751 5329 καὶ
781 5279 890 5330 τῶν
920 5275 1123 5329 τέκνων
1154 5271 1335 5349 ἀρχὴν
1364 5272 1677 5343 ἀποκαλῶν,
1727 5274 1989 5354 σκληρῶς

331 5359 387 5416 Si
452 5363 544 5418 καὶ
599 5359 851 5425 αὐθαδῶς
909 5362 1208 5442 φερόμενον
1289 5355 1529 5435 ὑϐρίζειν
1590 5357 1644 5419 ἔν
1688 5384 1748 5420 τε
1794 5364 1990 5431 ἄλλοις

331 5450 610 5516 πλείστοις
639 5452 731 5507 καὶ
762 5450 815 5506 ἐν
857 5455 938 5524 τῷ
996 5450 1089 5506 ἐπὶ
1138 5451 1238 5521 τήν
1295 5448 1487 5521 κοίτην
1538 5448 1842 5511 ἀναϐαίνειν
1896 5458 1989 5514 καὶ

338 5540 571 5615 μιαίνειν
597 5544 695 5596 τοῦ
726 5541 931 5616 πατρὸς
986 5541 1088 5609 τὴν
1149 5539 1408 5613 πρωμήν
1470 5541 1606 5613 μετὰ
1658 5542 1837 5608 Βάλας
1890 5553 1991 5618 τῆς

335 5630 506 5685 αὐτοῦ
559 5627 875 5701 παλλακῆς.
966 5622 1345 5704 Παραγγέλλει
1420 5626 1597 5684 τοίνυν
1658 5635 1853 5704 μηκέτι
1912 5637 1988 5700 ὡς

2104 4754 2289 4809 tiavit.
2323 4754 2587 4825 Cumque
2618 4770 2725 4825 pro
2756 4770 2825 4809 eo
2857 4758 3034 4824 atque
3082 4752 3336 4824 Spiritus
3377 4744 3745 4819 suggerebat,

2101 4842 2427 4914 unicuique
2453 4857 2523 4898 ea
2552 4858 2685 4913 qua;
2716 4842 2775 4896 in
2805 4858 2932 4897 rem
2954 4844 3126 4897 erant
3153 4836 3512 4902 dixisset,ita
3540 4847 3613 4885 ex
3634 4830 3746 4884 hac

2102 4932 2220 4988 vita
2249 4932 2524 4989 decessit.
2558 4938 2637 4988 Ac
2666 4932 2926 5004 primum
2959 4930 3198 5002 quidem
3231 4927 3457 4981 dictum
3502 4919 3734 4977 Rubeni

2100 5021 2214 5078 fuit
2264 5037 2385 5077 non
2440 5020 2635 5077 fausta
2690 5019 3108 5093 comprecatio,
3187 5014 3292 5071 sed
3358 5009 3745 5083 reprehensio

2100 5115 2277 5183 atque
2308 5110 2659 5183 objurgatio.
2691 5110 2835 5165 Nam
2868 5108 3047 5163 robur
3076 5104 3315 5178 quidem
3345 5117 3481 5157 eum
3515 5105 3573 5155 et
3597 5099 3746 5154 lilio-

2100 5216 2233 5256 rum
2263 5199 2624 5271 principium
2654 5197 2944 5262 nominat,
2970 5195 3074 5251 sed
3097 5194 3357 5251 ferocem
3375 5191 3551 5263 juxta
3572 5195 3750 5260 atque

2100 5289 2485 5357 insolentem,
2518 5293 2576 5344 et
2608 5287 2709 5359 qui
2740 5303 2878 5342 cum
2908 5284 3026 5341 alia
3053 5299 3161 5355 per
3188 5281 3504 5339 libidinem
3536 5296 3604 5336 ac
3638 5295 3749 5334 su-

2099 5377 2367 5450 perbiam
2385 5377 2575 5434 multa
2590 5376 3094 5447 deliquisset,tum
3118 5373 3307 5445 patris
3327 5372 3506 5429 etiam
3532 5371 3753 5425 lectum

2099 5465 2546 5522 conscendisset
2577 5470 2754 5537 atque
2791 5461 3100 5536 polluisset
3146 5462 3375 5520 incesto
3424 5476 3559 5517 cum
3615 5456 3753 5512 Bala

2102 5553 2231 5626 ejus
2263 5554 2477 5625 pellice
2510 5553 3137 5614 concubitu.llortatur
3158 5569 3294 5626 ergo
3317 5567 3456 5608 eum
3480 5566 3556 5604 ne
3578 5560 3753 5619 porro

2102 5658 2274 5714 aqua
2307 5644 2498 5700 instar
2525 5644 2787 5702 obscena
2814 5643 3066 5700 libidine
3095 5642 3436 5699 effervescat
3453 5634 3750 5707 ﬂagitiove
