4148 6196
440 317 522 377 99

1759 319 2077 383 GEORGII
2120 312 2458 378 CIDRENI

3744 327 3861 393 100

439 447 731 521 ﬂagitium
779 450 977 508 addat.
1039 450 1306 510 Secundo
1338 450 1469 507 loco
1502 452 1651 508 iram
1708 469 1777 511 ac
1816 455 2063 510 furoren

2201 444 2349 521 ὕδωρ
2373 445 2583 518 ἆκζίισαι
2640 451 2838 504 τοῦτον
2895 449 3114 528 ἀσελγεῖ
3169 454 3327 527 πόθῳ
3364 457 3453 511 καὶ
3510 455 3595 513 ἐπ’
3659 459 3864 536 ἀνομίᾳ

439 537 753 609 Symeonis
787 547 845 596 et
877 541 1005 595 Levi
1039 539 1390 603 detestatur,
1448 541 1970 615 truculentamque
2026 544 2087 598 in

434 627 787 685 Sichemitas
821 631 1038 685 editam
1061 628 1284 684 caadem
1317 630 1554 702 vimque
1573 633 1838 689 innoxiis
1860 631 2088 690 illatam

437 719 1042 790 carpit,ipsorumque
1075 718 1361 789 injustam
1390 719 1901 794 voluntatem,qua
1929 723 2086 779 docti

433 813 679 878 propter
709 823 974 861 sororem
1026 823 1193 862 suam
1254 808 1463 865 Dinam
1524 812 1875 869 innocentes
1906 814 2086 870 truci-

432 894 785 949 dassent.Ac
817 895 1105 967 gloriatur
1135 914 1198 953 se
1227 914 1422 971 neque
1454 917 1661 957 eorum
1696 902 1913 975 incepti
1942 919 2085 958 con-

431 983 619 1037 scium
646 999 842 1055 neque
864 985 1099 1042 institui
1127 989 1584 1059 approbatorem
1606 990 1812 1049 fuisse.
1846 993 1921 1048 At
1948 1008 2083 1047 vero

422 1066 610 1135 Iudas,
639 1076 882 1143 propter
911 1073 1210 1130 Christum
1246 1077 1284 1130 7
1298 1077 1348 1132 0
1401 1077 1590 1148 ipsius
1620 1095 1693 1134 ex
1724 1079 1906 1150 stirpe
1965 1079 2085 1133 ori-

423 1162 649 1229 turum,
682 1162 996 1234 perspicue
1031 1164 1225 1221 lzetam
1259 1165 1471 1233 laudis,
1506 1166 1875 1223 adorationis
1906 1174 2081 1239 atque

425 1246 499 1303 de
530 1250 811 1306 omnibus
843 1252 1115 1308 hostibus
1144 1253 1404 1310 victorias
1437 1255 1948 1313 denuntiationem
1980 1274 2081 1313 ex-

420 1339 593 1409 ponit
622 1357 635 1405 ;
671 1357 853 1411 quem
887 1346 945 1396 et
976 1343 1238 1399 catulum
1270 1344 1460 1401 leonis
1491 1345 1566 1400 ob
1597 1346 1891 1419 Unigeniti
1913 1352 2081 1402 natu-

426 1443 557 1483 ram
589 1430 832 1501 regiam,
881 1436 939 1485 et
967 1448 1212 1504 germen
1264 1449 1333 1488 ex
1363 1434 1492 1505 ipso
1523 1434 1951 1506 pullulaturum
2002 1435 2079 1491 ob

424 1517 626 1572 carnis
648 1518 720 1573 de
734 1519 956 1592 virgine
970 1522 1436 1595 assumptionem
1459 1528 1516 1578 et
1533 1524 1826 1580 humanos
1846 1524 2076 1580 natales

425 1605 997 1676 appellat.Eumdem
1030 1626 1266 1680 quoque
1299 1611 1657 1668 moriturum
1681 1619 1739 1667 et
1760 1612 1889 1668 vita;
1911 1614 2076 1669 resti-

422 1697 615 1746 tutum
650 1693 742 1755 iri,
764 1694 837 1748 ob
869 1695 1078 1750 mortis
1110 1699 1568 1769 propensionem
1597 1705 1655 1755 et
1682 1701 2065 1755 resurrectio-

2202 541 2517 613 προσθεῖναι
2550 538 2803 611 ἀνομίαν.
2840 539 3096 617 Δεύτερον
3156 538 3214 599 δδ
3258 543 3351 599 τὸν
3402 546 3573 619 θυμὸν
3623 552 3854 624 Συμεὼν

2198 624 2293 680 καὶ
2322 627 2450 681 Λευί
2477 627 2567 682 καὶ
2597 628 2697 697 τὴν
2759 633 2922 702 μῆνιν
2962 628 3373 706 ἐπικαταρόπαι,
3432 635 3509 697 ὡς
3555 634 3759 711 αὐθάδη
3794 661 3856 696 τε

2197 713 2287 769 καὶ
2321 713 2564 790 σκληρὰν
2588 718 2689 787 τήν
2723 715 2801 781 είς
2853 719 2982 780 τοὺς
3042 721 3340 799 Σιχιμίτας
3395 728 3710 804 μιαιφονίαν
3761 731 3855 786 καὶ

2194 809 2367 861 πᾶσαν
2398 806 2575 862 αὐτῶν
2603 808 2704 876 τήν
2744 809 2884 864 κατᾶ
2940 810 3136 874 ἀθώων
3197 807 3352 888 ὕϐριν
3409 812 3698 892 διασύρων,
3760 822 3854 877 καὶ

2193 895 2293 962 τὴν
2324 892 2538 951 ἀδικίαν
2568 902 2669 966 τῆς
2726 896 2905 953 αὐτῶν
2960 900 3357 977 προαιρέσεως,
3417 903 3603 983 ὥσπερ
3648 910 3739 965 καὶ
3778 911 3847 981 ἤν

2194 977 2284 1037 διὰ
2311 986 2412 1052 τήν
2474 982 2717 1060 ἀδελφὴν
2766 986 2943 1042 αὐτῶν
3005 989 3163 1046 Δίναν
3220 992 3484 1057 ἀναιτίοις
3541 977 3845 1074 ἐπήγαγον,

2196 1072 2411 1144 μήποτε
2455 1071 2726 1163 ἐπερεῖσαι
2772 1076 2839 1132 τὰ
2898 1075 3192 1158 σπλάγχνα
3242 1079 3368 1150 ἢτοι
3425 1071 3746 1141 συναινέσαι
3773 1092 3847 1163 τῇ

2194 1159 2371 1234 βουλῇ
2400 1161 2577 1218 αὐτῶν
2606 1162 2996 1241 ἐπευχόμενος.
3029 1169 3122 1241 Τῷ
3153 1168 3439 1241 Ἰούδαξδὶ
3491 1177 3695 1249 σαφῶς,
3756 1159 3850 1233 διά

2188 1250 2281 1304 τὸν
2314 1249 2365 1321 ἐξ
2410 1250 2570 1308 αύνοῦ
2626 1253 2901 1326 μέλλοντα
2961 1254 3281 1331 βλαστάνειν
3334 1260 3590 1337 Χριστὸν,
3646 1262 3846 1322 αἴνεσιν

2187 1338 2278 1394 καὶ
2306 1341 2672 1414 προσκύνησιν
2703 1343 2794 1399 καὶ
2821 1345 2977 1415 νίκην
3035 1347 3173 1403 κατὰ
3228 1352 3339 1404 τῶν
3396 1347 3611 1430 ἐχθρῶν
3680 1355 3848 1412 αὐτοῦ

2186 1427 2401 1484 πάντων
2461 1430 2880 1508 εὐαγγελίζεται·
2942 1434 3002 1490 ὅν
3053 1437 3141 1491 καὶ
3203 1437 3280 1499 ὡς
3322 1427 3561 1513 σκύμνον
3622 1441 3842 1509 λέοντος

2186 1511 2276 1571 διὰ
2302 1517 2365 1572 τὸ
2394 1512 2548 1595 φύσει
2581 1518 2867 1595 βασιλικὸν
2894 1525 2991 1577 τοῦ
3023 1526 3393 1602 Μονογενοῦς,
3416 1511 3491 1591 ὧς
3511 1527 3569 1584 ἐκ
3599 1529 3840 1605 βλαστοῦ

2184 1600 2243 1659 δὲ
2272 1605 2438 1661 αὐτοῦ
2467 1603 2729 1678 ἀναϐῆναι
2772 1607 2863 1665 διὰ
2926 1613 3025 1679 τῆν
3085 1611 3146 1668 ἐκ
3196 1600 3465 1691 ’παρθένου
3520 1600 3771 1692 γέννησιν

2182 1695 2476 1769 σάρκωσιν.
2510 1697 2597 1752 καὶ
2654 1698 2817 1753 αὐτὸν
2877 1697 2932 1755 δὲ
2987 1705 3179 1757 τοῦτον
3240 1703 3574 1762 ἀναπεσόντα
3630 1729 3841 1783 κοιμη-

423 1798 559 1838 nem
591 1782 898 1839 evidenter
928 1785 1008 1841 ibi
1039 1787 1266 1857 primus
1299 1788 1567 1845 omnium
1600 1789 1833 1845 divinus
1861 1790 2063 1862 praedi

2180 1789 2337 1853 θῆναι
2393 1786 2484 1841 καὶ
2543 1785 2828 1864 ἐγερθῆναι
2897 1786 2986 1844 διὰ
3044 1792 3107 1846 τὸ
3163 1793 3394 1867 πάθημα
3444 1799 3542 1850 τοῦ
3602 1800 3837 1858 θανάτου

425 1870 506 1924 cit
556 1872 831 1927 Israelus.
886 1874 981 1928 Ait
1027 1892 1164 1930 vero
1222 1893 1530 1949 nunquam
1584 1878 1912 1951 principem
1963 1896 2070 1934 seu

421 1959 728 2019 ductorem
786 1980 855 2017 ex
915 1964 1101 2036 stirpe
1157 1965 1321 2021 Iudae
1373 1968 1736 2032 defuturum,
1790 1970 1979 2024 donec
2018 1970 2069 2026 is

418 2049 616 2105 veniat
644 2050 738 2105 cui
772 2067 866 2107 res
896 2054 1170 2124 repositae
1203 2061 1586 2129 sunt,nempe
1617 2058 1906 2123 Christus,
1968 2059 2068 2130 qui

420 2154 555 2194 vere
586 2140 851 2211 gentium
884 2144 1248 2214 exspectatio
1277 2150 1402 2202 est:
1437 2146 1539 2217 qui
1580 2147 1800 2202 Iudaeis
1852 2148 2070 2203 fastum

420 2226 860 2301 elationemque
894 2247 1155 2299 omnem,
1191 2240 1256 2288 ut
1286 2234 1327 2288 ii
1358 2234 1431 2289 ob
1456 2251 1725 2308 regnum,
1752 2236 2069 2308 imperium

420 2315 881 2389 universamque
913 2326 1266 2391 potestatem
1300 2322 1727 2396 gloriabantur,
1778 2324 2070 2396 adimens,

423 2403 534 2458 sibi
587 2411 653 2460 ut
683 2409 1079 2480 omnipotenti
1112 2427 1352 2466 omnem
1406 2414 1817 2469 universarum
1869 2429 2069 2468 rerum

421 2492 889 2550 dominationem
924 2499 1252 2563 vindicans,
1284 2501 1500 2571 quibus
1540 2501 1661 2557 vult
1690 2518 1758 2558 ea
1791 2502 1917 2574 ipse
1948 2502 2067 2557 lar-

415 2581 592 2652 gitur.
626 2583 679 2638 Is
711 2584 785 2638 ad
816 2585 992 2641 vitem
1053 2605 1244 2653 suam,
1277 2588 1388 2645 hoc
1445 2595 1536 2645 est
1595 2596 1938 2647 sanctorum
1998 2607 2069 2646 ex

417 2671 871 2729 circumcisione
924 2676 1273 2745 Ecclesiam,
1328 2679 1559 2749 pullum
1608 2681 1812 2749 asinae,
1874 2681 1931 2735 id
1981 2686 2071 2736 est

411 2758 694 2815 collectas
718 2777 789 2815 ex
811 2763 1086 2835 gentibus
1113 2765 1707 2838 Ecclesias,capreolo
1728 2769 1882 2833 vitis,
1908 2769 2068 2839 quod

411 2853 501 2902 est
532 2849 774 2920 spiritus
805 2851 1171 2921 dilectionis,
1205 2854 1489 2926 alligavit.
1521 2858 1575 2910 Is
1608 2856 1821 2912 stolam
1874 2875 2065 2926 suam,

411 2937 608 2992 carnis
640 2938 917 2995 videlicet
946 2941 1251 3005 amictum,
1284 2944 1437 2998 utin
1466 2945 1601 2999 vino
1662 2946 1723 2999 in
1777 2947 2066 3016 sanguine

408 3025 544 3080 vitis
577 3026 845 3092 tinctam,
880 3029 941 3083 in
974 3046 1081 3084 suo
1113 3031 1354 3102 proprio
1387 3032 1685 3104 sanguine
1718 3032 1958 3100 lavabit,
2004 3032 2063 3088 id

412 3121 519 3181 est,
554 3133 625 3171 ex
656 3117 902 3173 interitu
933 3120 1190 3176 naturali
1225 3120 1300 3175 ad
1333 3121 1736 3177 conditionem
1789 3123 2065 3179 interitus

413 3211 717 3276 expertem
744 3209 1571 3281 transferet,quandoquidem
1586 3211 1647 3266 in
1665 3228 1838 3267 cruce
1853 3229 2062 3269 cruen-

411 3297 591 3361 tatus,
646 3312 679 3351 a
724 3298 976 3351 mortuis
1024 3314 1209 3368 purus
1258 3315 1326 3354 ac
1376 3300 1643 3356 interitui
1686 3318 2060 3374 nequaquam

418 3398 594 3451 porro
626 3382 928 3439 obnoxius
960 3387 1177 3440 existit.
1211 3388 1399 3458 Hujus
1432 3390 1607 3444 etiam
1649 3390 1868 3446 hilares
1926 3396 2066 3446 sunt

416 3469 591 3533 oculi,
628 3476 916 3541 tanquam
975 3474 1191 3543 avino,
1252 3477 1471 3548 Spiritu
1517 3479 1799 3535 nimirum
1859 3486 2062 3536 sancto

412 3555 650 3626 repleti.
682 3559 898 3615 Dentes
922 3561 1073 3617 facte
1104 3563 1482 3620 candidiores
1501 3567 2059 3625 excellentissimam

408 3659 757 3701 sermonum
803 3650 933 3720 ejus
984 3653 1470 3724 perspicuitatem
1507 3662 1684 3727 atque
1743 3659 2061 3729 puritatem

410 3738 638 3791 notant.
672 3736 931 3793 Zabulon
965 3742 1331 3797 maritimam
1368 3744 1440 3798 ad
1472 3746 1708 3800 navium
1742 3748 2059 3803 stationem

409 3821 500 3876 τι
567 3821 854 3896 deligens,
910 3828 1348 3887 habitationem
1402 3849 1590 3905 usque
1647 3836 1722 3891 ad
1777 3836 2059 3893 Sidonem

401 3909 613 3966 umbem
639 3914 877 3970 incolet.
912 3918 1113 3974 Issach
1132 3937 1198 3976 ar
1257 3929 1464 3979 contra
1492 3930 1711 3980 terram
1741 3926 1803 3980 in
1862 3927 2058 3982 medio

401 4001 782 4072 conspicatus
814 4005 1102 4080 pinguem
1128 4025 1281 4075 esse,
1316 4011 1570 4068 fertilem
1609 4018 1784 4085 atque
1816 4014 2056 4083 bonam,

399 4086 473 4143 ad
494 4087 727 4146 labores
754 4092 1020 4151 studium
1043 4114 1221 4153 suum
1244 4100 1759 4172 conferetﬁetque
1776 4102 2053 4174 agricola.

398 4176 544 4242 Dan,
569 4179 789 4251 inquit,
817 4186 1103 4255 populum
1137 4204 1309 4243 suum
1329 4188 1643 4259 judicabit,
1671 4189 1825 4244 sicut
1853 4196 1912 4244 et
1940 4189 2057 4245 alia

398 4265 589 4322 tribus
620 4269 977 4340 Israelitica,
1041 4291 1257 4346 nempe
1285 4282 1349 4329 ut
1398 4277 1561 4346 regia
1587 4277 1750 4331 Judm
1806 4277 2052 4346 familia,

405 4354 579 4410 siculi
612 4358 757 4413 olim
789 4360 1084 4416 Samsom.
1146 4363 1217 4417 Et
1244 4362 1460 4417 deinde
1517 4364 1677 4419 ﬁlius
1721 4364 2055 4437 iniquitatis

400 4446 691 4517 tanquam
726 4447 971 4502 coluber
994 4449 1212 4518 aliquis
1244 4450 1303 4503 in
1336 4452 1427 4506 via
1456 4451 1637 4524 hujus
1664 4453 1793 4509 vita;
1825 4457 2055 4513 occulte

2177 1872 2266 1929 καὶ
2296 1875 2399 1943 τήν
2448 1874 2755 1946 ἀνάστασιν,
2808 1874 3093 1952 ἆριδήλως
3159 1881 3188 1935 6
3247 1884 3394 1947 θεῖος
3450 1883 3562 1940 ἐκεῖ
3615 1892 3835 1963 πρῶτος

2176 1960 2582 2050 προηγόρευσεν
2617 1964 2864 2038 Ἰσραήλ’
2927 1968 3004 2039 μή
3055 1967 3326 2045 ὲκλείψειν
3383 1971 3441 2027 δὲ
3496 1960 3735 2050 ἄρχοντα
3784 1975 3837 2048 ἐξ

2178 2047 2421 2121 Ἰούδαῆ
2455 2052 2784 2129 ἡγούμεεος,
2845 2052 2947 2118 ἕως
3008 2054 3088 2127 ἄν,
3149 2059 3335 2135 φησὶν,
3384 2047 3837 2138 ἔλθῃγδνάπόγεμ

2174 2160 2288 2210 ται,
2317 2140 2595 2197 τουτέστιν
2630 2144 2659 2197 6
2691 2144 2947 2220 Χριστὸς,
2992 2144 3050 2207 ὅς
3107 2147 3249 2203 ἐστιν
3310 2147 3481 2214 ὅντως
3533 2150 3836 2228 προσδοκία

2175 2232 2286 2284 τῶν
2315 2228 2501 2294 ἐθνῶν·
2542 2229 2601 2294 ὅς
2629 2233 2694 2287 τὸ
2725 2230 2812 2288 ἐπὶ
2856 2239 2927 2309 τῇ
2980 2234 3233 2309 βασιλείᾳ
3280 2238 3371 2292 καὶ
3424 2242 3692 2316 ἡγεμονίᾳ
3742 2244 3833 2299 καὶ

2173 2318 2388 2392 ἀρχικῇ
2455 2318 2669 2391 ἐξουσίᾳ
2732 2321 2877 2397 πάσῃ
2944 2326 3224 2399 γαυρίαμα
3319 2327 3658 2403 ἀφελόμενος
3721 2338 3829 2390 τῶν

2178 2405 2485 2477 Ἰουδαίων,
2516 2410 2607 2463 καὶ
2640 2409 2716 2472 εἰς
2767 2411 2954 2469 ἑαυτὸν
3002 2416 3106 2469 πᾶν
3155 2414 3219 2470 τὸ
3275 2417 3474 2491 κράτος
3529 2424 3637 2475 τῶν
3675 2421 3824 2477 ὅλων

2175 2496 2251 2559 ὡς
2284 2498 2676 2573 παντοκράτωρ
2703 2499 3167 2574 ἀναρτησάμενος,
3228 2505 3307 2566 οἷς
3356 2503 3610 2580 βούλεται
3658 2514 3824 2566 τοῦτο

2172 2585 2264 2639 καί
2315 2584 2622 2660 χαρίζεται.
2680 2587 2851 2651 Οὗτος
2908 2594 3049 2664 πρῦς
3103 2593 3204 2660 τὴν
3261 2591 3508 2665 ἄμπελον
3567 2598 3756 2671 αὐτοῦ,
3788 2600 3825 2670 ἢ

2173 2671 2315 2729 ἐστιν
2383 2674 2442 2728 ἐκ
2514 2683 2821 2750 περιτομῆς
2885 2682 2995 2733 τῶν
3061 2680 3219 2756 ἁγίου
3301 2680 3666 2756 Ἐκκλησιῶν,
3730 2688 3826 2743 τὸν

2172 2762 2360 2817 πῶλον
2389 2768 2490 2832 τῆς
2522 2760 2674 2833 ὄνου,
2704 2765 2801 2827 τὰς
2833 2764 2883 2835 ἐξ
2916 2765 3080 2822 ἐθνῶν
3108 2767 3427 2841 ἐκκλησίας,
3459 2771 3512 2828 ἐν
3554 2779 3624 2849 τῇ
3673 2773 3823 2833 ἕλικι

2170 2858 2271 2943 τῆς
2299 2851 2554 2924 ἀμπέλου
2609 2853 2736 2923 ﬁrm
2790 2859 2870 2927 τῷ
2923 2857 3188 2931 πνεύματι
3237 2868 3339 2931 τῆς
3375 2862 3588 2939 ἀγάπης
3648 2886 3824 2943 προσ-

2173 2936 2507 3012 εδέσμευσεν.
2534 2940 2710 3004 Οὗτος
2737 2945 2838 3012 τήν
2871 2944 3036 3000 αὐτοῦ
3066 2946 3269 3016 στολήν
3301 2952 3390 3005 καί
3420 2936 3518 3006 τοῦ
3564 2936 3823 3028 σώματος

2170 3030 2275 3121 τήγ
2302 3024 2629 3103 περιϐολὴν,
2658 3032 2734 3096 ὡς
2763 3031 2816 3086 ἐν
2850 3031 2988 3107 ο⁴ίνῳ
3021 3040 3096 3107 τῷ
3147 3036 3336 3110 αἳματι
3395 3046 3496 3109 τῆς
3541 3024 3826 3121 σταιρυλῆς

2179 3112 2548 3193 βεϐαμμένην,
2579 3118 2632 3175 ἒν
2663 3125 2742 3194 τῷ
2771 3121 2961 3196 οίκείῳ
3010 3124 3203 3199 αἳματι
3252 3126 3464 3198 πλυνεῖ,
3498 3132 3528 3186 6'
3559 3112 3725 3207 ἐστίν,
3765 3112 3827 3190 ἐκ

2175 3213 2275 3276 τῆς
2330 3214 2564 3284 φυσικῆς
2624 3210 2828 3285 φθορᾶς
2885 3210 2961 3274 είς
3046 3213 3344 3291 ἀφθαρσίαν
3402 3214 3718 3293 μεταϐαλεῖ,
3768 3223 3823 3278 ἐν

2171 3302 2388 3383 σταυρῷ
2445 3297 2846 3372 αἰματούμενος
2904 3302 2993 3356 καὶ
3033 3301 3094 3358 ἐκ
3151 3311 3357 3379 νεκρῶν
3417 3308 3676 3383 ἀμίαντος
3730 3313 3823 3368 καὶ

2169 3382 2442 3461 ἄφθαρτος
2516 3387 2888 3461 ἀνιστάμενος.
2967 3390 3182 3448 Τούτου
3255 3394 3344 3450 καὶ
3421 3398 3473 3452 οἱ
3542 3399 3820 3480 ὀφθαλμοὶ

2172 3475 2436 3550 χαροποὶ,
2503 3475 2577 3536 ὡς
2642 3476 2748 3530 ἀπὸ
2808 3478 2958 3534 οῖνου
3021 3484 3120 3535 τοῦ
3207 3484 3514 3557 [Ινεύματος
3586 3475 3817 3562 πεπλη-

2169 3565 2414 3635 ρωμένοι
2465 3568 2562 3619 τοῦ
2630 3565 2805 3639 ἁγίου,
2847 3568 2898 3621 οἱ
2938 3565 3177 3657 ὀδόντες
3218 3568 3275 3626 δὶ
3343 3573 3476 3651 ὑπὲρ
3540 3578 3604 3632 τὸ
3675 3578 3824 3657 γάλα

2168 3648 2379 3721 λευκοὶ,
2454 3653 2517 3706 τὸ
2595 3653 2879 3732 ὑπερφυῶς
2954 3648 3457 3736 φωτοειδέστατονή
3521 3670 3630 3721 τῶν
3688 3648 3823 3724 ἀύ-

2165 3743 2265 3826 τοῦ
2367 3738 2549 3818 λόγων
2623 3742 2712 3796 καὶ
2786 3748 3171 3821 καθαρώτατον
3244 3748 3621 3826 ἐμφαίνοντες·
3716 3764 3824 3814 Ζα-

2167 3824 2392 3886 ϐουλὼν
2442 3829 2712 3922 παράλιον
2786 3834 2923 3922 πρὸς
2988 3835 3159 3911 ὅρμον
3227 3824 3439 3896 πλοίων
3506 3845 3822 3922 ηροελόμι-

2164 3938 2254 3980 νος
2282 3927 2552 3976 κατοικεῖν
2582 3917 2686 3984 ἕως
2714 3920 2957 3988 Σιδῶνος
2980 3931 3081 3994 τῆς
3103 3927 3318 3993 πόλεως
3339 3933 3438 4001 τήν
3474 3934 3642 3991 αύτοῦ
3672 3957 3818 3993 κατ-

2165 4007 2380 4099 οίκησιν
2410 4015 2707 4085 παρανενεῖ.
2748 4013 2810 4070 Ὀ
2845 4015 3100 4091 Ἰσσαχὰρ
3151 4015 3208 4072 δὲ
3252 4021 3354 4088 τήν
3402 4020 3454 4076 ἐν
3509 4025 3658 4099 μέσῳ
3701 4031 3815 4082 τῶν

2163 4093 2272 4190 κλλή
2282 4116 2388 4172 ρων
2422 4096 2550 4154 ίδὼν
2581 4107 2702 4190 γῆν,
2733 4099 2816 4156 ὅτι
2845 4101 3009 4173 πίων,
3040 4103 3124 4161 ὅτι
3182 4104 3451 4181 εύκαρπος
3498 4093 3589 4168 καὶ
3628 4093 3809 4190 ἀκαλὴ,

2161 4184 2482 4262 φιλοπονεῖν
2568 4189 2892 4262 αἱρετίσεται
2964 4194 3055 4248 καὶ
3142 4196 3275 4270 ἀνὴρ
3331 4203 3577 4277 γεωργὸς
3632 4184 3806 4266 ἐσταιξ

2161 4274 2247 4371 [_P.
2280 4275 2371 4348 40]
2404 4278 2503 4371 Καί
2532 4278 2633 4332 Δὰν
2664 4278 2762 4371 μὶν
2800 4284 2902 4371 ⁸τὸν
2959 4279 3091 4339 λαὸν
3144 4286 3333 4358 αὐτοῦ,
3395 4274 3551 4368 φησί,
3610 4300 3801 4371 κρινεῖ,

2159 4362 2291 4453 ὡσεί
2317 4365 2407 4418 καὶ
2441 4363 2539 4453 μία
2595 4363 2743 4443 φυλὴ
2798 4364 2851 4423 ἒν
2901 4371 3151 4444 Ἰσραὴλ,
3211 4375 3285 4438 ὡς
3313 4380 3347 4447 ἡ
3380 4362 3657 4453 βασιλικὴ.
3701 4362 3806 4439 τού

2159 4450 2537 4547 Ἰούδαλφυλή,
2568 4456 2808 4533 καθάπερ
2835 4457 3007 4515 πάλαι
3055 4462 3084 4516 6
3137 4450 3391 4541 Σαμψὼν*
3437 4470 3529 4524 καὶ
3577 4470 3803 4547 ὕστερον

399 4530 737 4599 insidiatus,
798 4534 1020 4590 calcem
1078 4537 1213 4606 equi
1268 4538 1575 4609 (nimirum
1618 4540 1732 4597 iter
1777 4544 1906 4616 ejus
1949 4547 2048 4617 qui

2171 4540 2314 4634 lrijc
2342 4541 2570 4634 ἄνομίας
2600 4544 2737 4616 υἱὸς,
2780 4530 2980 4624 ’ὥσπερ
3037 4570 3121 4615 τις
3182 4530 3305 4634 ὅῴιξ
3349 4554 3431 4633 ἐφ’
3475 4555 3606 4613 ὁδοῦ
3646 4530 3810 4618 τοθῦδε

398 4619 810 4693 imprudenter
838 4622 992 4708 hanc
1024 4623 1199 4678 vitam
1235 4626 1412 4698 degit,
1446 4645 1481 4685 a
1528 4636 1689 4687 recto
1719 4634 2041 4708 avertens),

393 4708 722 4773 mordet,ac
754 4706 995 4765 tandem
1027 4717 1219 4767 astute
1260 4731 1291 4769 a
1342 4716 1461 4773 Deo
1492 4736 1762 4777 aversum
1804 4706 2047 4780 subver-

394 4797 487 4850 tit.
517 4794 804 4850 Concidet
833 4796 997 4854 humi
1056 4816 1239 4872 eques
1287 4803 1347 4859 id
1381 4811 1471 4862 est
1498 4807 1674 4865 homo
1734 4811 1930 4868 fidelis
1976 4830 2045 4870 ac

399 4882 557 4953 pius,
589 4899 915 4960 rursusque
973 4889 1334 4962 resipiscens
1365 4902 1423 4950 et
1450 4898 1739 4955 auxilium
1780 4901 1882 4958 Dei
1931 4903 2046 4959 im-

394 4968 660 5039 plorans.
694 4974 947 5043 Gadum,
989 4979 1091 5047 ait,
1143 4980 1453 5051 praedones
1502 4985 2042 5058 deprmdabuntur:

397 5059 602 5129 quales
635 5063 852 5120 multas
883 5065 1130 5123 diversis
1164 5073 1530 5143 temporibus
1556 5076 1750 5134 Gadus
1798 5096 1831 5134 a
1864 5079 2042 5136 ﬁniti.

405 5150 516 5204 "iis
572 5152 844 5210 hostibus
890 5157 1274 5229 praedatorias
1317 5162 1694 5224 incursiones
1742 5170 2038 5240 protulit:

440 5258 543 5312 pse
562 5245 821 5302 vicissim
851 5248 1044 5306 Gadus
1074 5266 1176 5307 eos
1207 5268 1237 5308 e
1271 5255 1514 5329 vestigio
1539 5258 1833 5315 latrocinii
1856 5261 2044 5319 sultus

399 5334 506 5384 est.
542 5333 792 5389 Aserum
823 5336 977 5393 adeo
1003 5339 1295 5396 fructibus
1316 5343 1753 5403 abundaturum
1781 5355 1844 5402 ut
1867 5351 2044 5406 etiam

394 5419 769 5491 principibus
799 5423 1092 5484 alimenta
1124 5430 1610 5503 suppeditaturus
1644 5437 2045 5510 sit.Nephtali-

397 5525 563 5564 mum
598 5515 806 5567 trunco
839 5514 1062 5585 planta:
1094 5534 1224 5574 sese
1255 5520 1590 5595 subjicienti
1625 5526 1881 5583 similem
1901 5531 2045 5597 fore,

393 5597 780 5657 multitudine
830 5608 890 5658 et
937 5605 1237 5679 elegantia
1269 5613 1548 5679 potentia
1594 5620 1832 5672 auctum
1867 5617 2046 5675 veluti

2154 4627 2524 4695 λανθανόντως
2566 4638 2664 4690 τοῦ
2725 4634 2849 4711 βίου
2907 4637 3118 4719 λοχῶν,
3173 4627 3263 4698 καί
3323 4648 3553 4721 πτέρναν
3605 4649 3805 4721 ἳππου,

2151 4723 2248 4774 τοῦ
2287 4721 2691 4795 ἀπερισκέπτως
2746 4725 2840 4781 τὸν
2904 4727 3022 4803 βίον
3081 4734 3298 4788 τουτονί
3353 4735 3649 4816 τρέχοντος
3703 4742 3806 4809 τὴν

2154 4803 2299 4875 ὁδὸν,
2367 4807 2707 4886 διαστρέψας.
2765 4818 2972 4870 Τοῦτον
3024 4818 3126 4894 γὰρ
3181 4803 3396 4876 δάκνων·
3451 4803 3551 4879 ’καὶ
3610 4803 3805 4883 λοιπδν

2151 4896 2475 4972 πανούργως
2524 4899 2629 4954 ὑπὸ
2684 4900 2708 4936 ⁶
2762 4905 2859 4957 τοῦ
2915 4907 3049 4959 Θεοῦ
3118 4906 3502 4981 ὑποσκελίσας,
3559 4920 3804 4971 πεσεῖται

2154 4986 2335 5061 χαμαὶ
2366 4987 2394 5041 6
2423 4987 2638 5060 ἱππεὺς,
2681 4990 2873 5053 πιστὸς
2920 4992 3011 5046 καὶ
3060 4992 3292 5068 εὐσεϐὴς
3341 4996 3650 5074 ἅνθρωπος,
3704 5025 3802 5077 με·

2152 5080 2355 5131 τανοῶν
2382 5076 2471 5130 καὶ
2502 5078 2603 5146 τὴν
2646 5075 2705 5132 ἐκ
2762 5082 2901 5134 Θεοῦ
2957 5084 3234 5157 σωτηρίαν
3289 5085 3440 5151 αὖθις
3498 5075 3810 5148 ἀνακαλού-

2158 5167 2491 5259 μενοςςξὸν
2552 5163 2657 5259 Γάδ
2713 5166 2781 5259 δὲ.
2821 5174 3205 5259 πειρατήριον,
3262 5181 3422 5257 φησὶ,
3480 5184 3808 5259 πειρατεύει,

2156 5257 2251 5309 οἷα
2288 5252 2477 5310 πολλὰ
2513 5256 2650 5311 κατὰ
2704 5256 2831 5318 τοὺς
2895 5258 3143 5324 πολλοὺς
3196 5252 3421 5341 καιροὺς
3476 5252 3805 5348 πειρατήρια

2152 5347 2232 5417 τῷ
2262 5341 2503 5437 Γὰδὲμὶν
2516 5342 2641 5437 Δἀπὸ
2804 5346 3226 5437 πλησιοχώρων
3256 5357 3533 5415 συνέπεσεν
3567 5341 3804 5437 ἐχθρῶν,

2153 5431 2337 5492 αὐτοῖς
2369 5429 2425 5486 δὲ
2477 5430 2630 5493 αὖθις
2660 5432 2689 5489 6
2720 5431 2828 5489 Γὰδ
2884 5444 3239 5517 πειρατήριον
3297 5446 3434 5502 κατὰ
3484 5429 3680 5512 πόδας·
3706 5429 3811 5506 in;

2154 5521 2453 5591 ενήνεκται.
2489 5522 2589 5612 καὶ
2626 5522 2795 5597 Ἀσήρ
2830 5525 2924 5612 μὶν
2952 5524 3127 5595 οὓτως
3165 5537 3247 5606 τῷ
3301 5533 3449 5612 ἃρτῳ
3500 5539 3807 5597 περισσεύει

2151 5615 2226 5677 ὡς
2257 5613 2494 5674 καὶτοῖς
2549 5611 2783 5687 ἄρχουσι
2839 5611 3048 5676 διδόναι
3106 5626 3334 5703 τροφὴν,
3388 5624 3708 5706 Νεφθαλεὶμ
3746 5628 3807 5688 δὶ
