4148 6196
263 323 366 382 101

266 541 389 608 δοὺς
421 544 500 606 εἷς
533 545 750 615 πλῆθος
781 546 870 601 καὶ
901 545 1110 608 κάλλος
1143 544 1425 620 δυνάμεως
1484 546 1558 608 ὡς
1608 548 1920 623 γεννήματα

265 633 477 704 πληθύϊ
503 639 747 709 καρπῶν.
799 638 932 696 Τοῖς
993 637 1085 708 μὲν
1145 636 1235 690 οὖν
1289 637 1355 691 τὰ
1419 641 1643 691 τοιαῦτα
1700 657 1918 713 προφη-

267 725 436 780 τεύων
494 723 744 799 ἐπέλεγεν
800 725 828 778 ὁ
888 723 1129 800 Ἰσραήλ.
1188 723 1408 804 Σφόδρα
1457 723 1515 780 δὲ
1570 725 1660 780 τὸν
1716 727 1920 802 Ἰωσὴφ

273 814 350 874 ὡς
380 812 500 868 λ’ἱαν
530 815 882 888 ἠγαπημένον
918 813 1190 890 εὐλογῶν,
1250 839 1276 864 ‹‹
1311 816 1436 876 Υἱὸς
1483 815 1785 888 ηὐξημένος
1830 814 1919 870 καὶ

277 900 678 975 δεδοξασμένοις,
711 904 786 965 ὡς
817 903 1068 974 ζηλωσὸς
1105 906 1140 973 ἢ
1191 903 1455 975 ἐπίζηλος
1513 906 1599 959 καὶ
1655 904 1920 980 μακάριός

273 1013 380 1064 μου
412 993 441 1046 6
471 993 590 1055 υἱὸς
619 993 647 1046 6
675 994 957 1068 νεώτερος.
992 994 1216 1072 Ἰωσὴφ,
1271 993 1406 1068 πρός
1459 1015 1525 1067 με
1569 993 1918 1069 ἀνάστρεψον,

270 1080 406 1155 πρός
441 1101 508 1154 με
536 1083 625 1136 τὸν
661 1083 865 1157 πατέρα
893 1083 982 1137 τὸν
1041 1081 1152 1140 σόν.
1210 1083 1352 1158 ’Όρα
1409 1083 1605 1138 λοιπὸν
1657 1085 1731 1158 μὴ
1782 1083 1918 1159 πρὸς

271 1174 500 1247 Φαραὼ,
567 1176 642 1245 μὴ
702 1173 838 1248 πρὸς
901 1173 1230 1246 Αἰγυπτίους
1275 1172 1513 1243 ἀσελεῖς,
1570 1172 1717 1229 ἀλλά
1781 1175 1918 1248 πρὸς

265 1259 384 1332 ἐμὲ,
419 1262 578 1340 φησί,
611 1261 700 1315 καὶ
734 1263 834 1329 τήν
892 1256 1165 1317 εὐσέϐειαν
1219 1267 1328 1318 τῶν
1378 1261 1622 1338 πατέρων
1673 1261 1917 1338 ἰπιστρέ-

265 1371 367 1425 ερον
393 1355 504 1404 τῶν
571 1355 700 1405 σῶν.
763 1351 866 1406 Καὶ
925 1351 1028 1426 γὰρ
1083 1352 1220 1406 κατά
1277 1355 1373 1406 σοῦ
1431 1347 1917 1424 διαϐουλευόμενοι

262 1437 651 1512 ἐλοιδοροῦντο
691 1440 781 1494 καὶ
839 1437 1047 1514 ἐνεῖχον
1109 1439 1346 1512 τοξόται,
1406 1443 1612 1514 τρῶσαι
1669 1437 1918 1502 θέλοντες

264 1529 350 1582 καὶ
381 1529 717 1584 ἀποκτεῖναι.
749 1530 783 1598 ἣ
833 1528 1013 1602 ὥσπερ
1073 1531 1124 1584 οἱ
1183 1528 1411 1607 ἀδελφοὶ
1463 1528 1918 1606 διαφθονούμενοι

264 1620 670 1694 πρότερονεκαί
729 1617 893 1674 ἄλλοι
954 1624 1116 1675 τοῦτο
1175 1617 1433 1694 δράσουσι
1496 1620 1782 1691 μετέπειτα
1841 1618 1918 1682 εἷς

264 1709 525 1783 ἐκγόνους
557 1708 684 1769 τοὺς
742 1710 888 1772 σούς.
923 1708 1101 1764 Ἀλλά
1163 1707 1250 1763 διά
1289 1708 1476 1784 χειρὸς
1523 1705 1781 1764 δυνάστου
1821 1711 1918 1764 τοῦ

269 1797 402 1869 ἐμοῦ
431 1801 570 1852 Θεοῦ
599 1801 696 1852 τοῦ
752 1796 1185 1871 κατισχύσαντος
1244 1797 1468 1870 Ἰσραὴλ
1523 1793 1805 1871 συνετρίϐη
1854 1798 1921 1852 τά
1951 1831 1995 1896 Β

271 1887 397 1956 τόξα
457 1888 656 1956 αὐτῶν,
718 1886 806 1940 καὶ
863 1889 929 1940 τὰ
987 1890 1147 1961 νεῦρα
1205 1890 1311 1941 τῶν
1373 1887 1683 1961 Βραχιόνων
1741 1886 1919 1942 αὐτῶν

269 1974 523 2044 ἐζελύθη.
579 1975 680 2032 Καὶ
735 1974 1004 2050 εὐλόγησέ
1062 1996 1119 2030 σε
1171 1977 1199 2030 ὁ
1258 1973 1603 2048 Θεὸςόἐμὸς
1661 1975 1919 2050 εὐλογίαν

266 2064 498 2139 οὐρανοῦ
565 2065 653 2119 καὶ
717 2071 842 2140 γῆς,
907 2063 1178 2139 οὐρανίοις
1274 2064 1608 2143 χαρίσμασιν
1697 2065 1914 2140 ἀγαθῶν

265 2154 466 2227 ἀρετῶν
523 2155 613 2208 καὶ
672 2152 936 2229 ἐπιγείοις
990 2152 1432 2217 καταπλουτίσας
1489 2153 1715 2230 ἀγαθοῖς
1762 2159 1913 2211 πᾶσι.

263 2243 355 2296 Καὶ
387 2240 482 2298 διὰ
517 2243 615 2304 τὰς
675 2243 782 2298 ἀπὸ
845 2248 1061 2316 μαστῶν
1121 2244 1211 2299 καὶ
1273 2247 1482 2319 μήτρας
1545 2250 1647 2312 τῆς
1707 2242 1915 2318 μητρός

263 2353 352 2386 σου
384 2329 646 2409 εὐλογίας
667 2334 757 2387 καὶ
793 2330 882 2387 διὰ
911 2333 1005 2394 τὰς
1054 2337 1152 2389 τοῦ
1202 2332 1408 2408 πατρός
1461 2353 1557 2388 σου
1605 2331 1666 2387 ἐκ
1717 2334 1916 2402 νηπίου

264 2421 553 2494 ἰπιθυμίας
608 2421 698 2476 καί
757 2422 1052 2496 ἀγαπήσεις
1117 2421 1483 2497 ὑπερίσχυσας
1549 2421 1640 2476 καὶ
1727 2419 1916 2476 ἐδυνά-

265 2523 393 2580 σθης
427 2511 560 2584 ὑπὲρ
595 2510 852 2585 εὐλογίας
903 2508 1072 2566 δσέων
1137 2511 1410 2584 μονίμων,
1464 2511 1591 2580 ἢτοι
1648 2509 1916 2586 βασιλέων

269 2600 677 2675 πολυχρονίων,
739 2601 828 2656 καὶ
889 2599 1181 2673 ἐπιθυμίας
1239 2603 1396 2664 θινῶν
1456 2600 1715 2667 αἰωνίων,
1791 2597 1914 2668 ἢτοι

273 2691 479 2762 βουνῶν
513 2690 600 2744 καὶ
659 2689 945 2766 ἀρχόντων
997 2683 1392 2764 μακροϐιοτητι
1445 2685 1912 2760 διευθηνουμένων

273 2779 488 2833 πάντων
517 2779 832 2854 ὐπερέσχες.
868 2803 895 2830 ‹‹
929 2783 1097 2835 Αυται
1137 2770 1287 2853 γοῦν,
1319 2777 1500 2856 φησὶν,
1557 2777 1610 2832 αἱ
1669 2773 1914 2851 εὐλογίαι

268 2869 456 2936 εἴησαν
494 2867 584 2922 ἐπὶ
615 2867 858 2945 κεφαλήν
906 2871 1105 2945 Ἰωσὴφ
1157 2869 1246 2923 καὶ
1301 2867 1384 2922 ἐπὶ
1433 2868 1645 2941 κορυφή
1687 2867 1760 2920 ὧν
1819 2865 1917 2920 αὐ-

261 2957 354 3017 τὸς
385 2959 601 3030 ἡγεῖται
645 2956 916 3035 ἀδελφῶν.
981 2958 1231 3030 Βενιαμὶν
1293 2955 1348 3012 δὲ
1397 2956 1562 3018 λύκος
1603 2956 1794 3029 ὄὶρπαξ⁸
1853 2953 1915 3007 τὸ

260 3049 486 3119 προϊκὸν
525 3048 688 3109 αὐτὸς
720 3044 916 3116 ἔδεται,
973 3049 1061 3102 καὶ
1119 3049 1196 3109 εἰς
1253 3049 1317 3103 τὸ
1375 3049 1602 3122 ἑσπέρας
1662 3042 1917 3100 διαδώσει

265 3139 492 3214 τροφήν.
526 3139 794 3195 Τοιοῦτον
827 3141 955 3212 γοῦν
987 3159 1036 3192 τι
1064 3138 1328 3191 πέπονθεν
1361 3140 1395 3206 ἡ
1426 3136 1623 3191 τούτου
1652 3135 1826 3212 φυλή.

335 3323 547 3381 Εἰδέναι
581 3325 640 3382 δὲ
671 3325 752 3381 δεῖ
791 3323 874 3382 ὅτι
931 3326 1018 3382 ἐάν
1077 3347 1159 3388 τις
1216 3326 1274 3380 ἐκ
1327 3325 1675 3398 παρατάσεως
1732 3327 1912 3400 ἁμαρ·

265 3416 407 3469 τάνει
442 3419 714 3489 πειράζων
744 3417 836 3472 τὸν
863 3418 990 3471 θεὸν
1023 3416 1098 3479 ὡς
1135 3417 1210 3487 μή
1263 3415 1541 3484 ἐπεξιόντα
1588 3420 1703 3476 τοῖς
1737 3435 1909 3484 πονη-

263 3510 400 3576 ροῖς,
435 3506 464 3558 6
518 3510 773 3566 τοιοῦτος
832 3503 955 3559 οὕτε
1011 3503 1294 3577 μετανοίας
1349 3503 1587 3572 ἀξιοῦται
1647 3500 1769 3558 οὔτε
1807 3502 1908 3578 ἀφ-

263 3590 446 3657 έσεως,
481 3589 664 3664 ὥσπερ
693 3611 753 3664 γε
782 3591 873 3645 καὶ
904 3589 1066 3645 ἄλλοι
1099 3591 1324 3652 πλείους
1355 3591 1444 3645 καὶ
1477 3593 1558 3663 [Ρ.
1619 3592 1709 3664 4-1]
1757 3591 1915 3653 οὗτος

263 3682 484 3754 Φαραώ·
520 3678 615 3734 κᾶν
652 3679 780 3754 λέγῃ
811 3701 893 3740 τις
923 3682 1048 3754 παρ’
1081 3681 1278 3752 ἑαυτῷ,
1329 3681 1492 3736 “Omni
1545 3701 1638 3754 μοι
1683 3681 1911 3754 γένοιτο,

263 3770 341 3822 ’ὁτι
373 3769 714 3842 πορεύσομαι
753 3769 806 3824 ἐν
867 3775 936 3844 τῇ
995 3771 1302 3847 ἀναστροφῂ
1363 3777 1464 3840 τῆς
1517 3767 1739 3845 καρδίας
1809 3791 1914 3843 μου

268 3863 362 3924 τῆς
445 3864 714 3931 πονηρᾶς,
798 3859 888 3912 καὶ
972 3858 1071 3933 ὀψέ
1130 3880 1260 3914 ποτε
1341 3861 1680 3931 μετανοήσω,
1734 3857 1914 3934 ὥσπερ

265 3947 452 4017 Ἀμὼς
514 3947 543 4000 6
587 3952 682 4000 τοῦ
737 3952 1018 4016 Μανασσῆ.
1081 3947 1174 4002 Διὸ
1221 3947 1310 4002 καὶ
1367 3949 1430 4002 τὸ
1485 3950 1656 4022 τάχος
1714 3948 1918 4018 έξωλό-

268 4044 485 4107 θρευσεν
514 4035 672 4089 αὐτὸν
705 4037 733 4090 6
767 4035 920 4097 Θεός.

336 4232 455 4284 Ὁτι
515 4226 849 4302 γεωμετρίαν
911 4227 1004 4299 μὶν
1065 4227 1356 4304 Αἰγύπτιοι
1416 4233 1626 4304 πρῶτοι
1685 4229 1915 4304 ἐξεῦρον,

272 4315 634 4391 ἀστρολογίαν
669 4315 724 4371 δὲ
764 4317 854 4371 καὶ
913 4317 1354 4394 γενεθΛιαλογίαν
1406 4316 1694 4387 Χαλδαῖοι,
1747 4321 1918 4395 "Apa-

275 4396 360 4461 ϐες
391 4403 483 4456 καὶ
515 4404 728 4477 Φρύγες
778 4403 1203 4470 οἷωνοσκοπίαν,
1264 4409 1405 4467 θεοῖς
1463 4403 1520 4460 δὲ
1571 4406 1712 4461 θύειν
1768 4405 1918 4464 Χαλ-

276 4485 418 4544 δαῖοι
477 4490 568 4546 εἴτ’
629 4494 718 4546 οὖν
778 4493 1010 4568 Κύπριοι
1097 4491 1472 4570 (διφοροῦνται
1557 4499 1682 4570 γὰρ,
1770 4492 1921 4560 ἔθνος

1399 320 1937 386 ΗῐὲΤΟΒΙΑΗΠΜ
1984 317 2549 383 COMPENDIUM.

262 454 510 532 στελέχει
599 458 766 534 φυτοῦ
833 455 1101 531 ἀνειμένῳ
1166 458 1674 531 παρεικασθήσεται,
1741 452 1914 510 ἐπιδιο

2034 455 2216 511 ramis
2274 453 2594 509 admodum
2675 453 2991 528 frugiferis.

3560 332 3676 392 102

3082 459 3214 515 Hac
3291 461 3532 533 quidem
3597 468 3673 522 iis

2030 545 2356 603 vaticinans
2433 542 2708 614 praedixit
2782 546 3066 605 lsraelus.
3143 551 3459 622 Josephum
3538 571 3672 610 vero

2030 635 2360 706 impensius
2413 633 2697 690 dilectum
2779 636 3300 694 excellentioribus
3373 641 3671 699 felicitatis

2031 723 2582 779 denuntiationibus
2615 730 2702 779 est
2733 733 3099 796 prosecutus,
3134 752 3160 776 ‹‹
3203 732 3512 802 Josephus,
3568 736 3670 802 ait,

2031 812 2186 868 illius
2246 813 2614 868 incrementa
2668 814 2806 868 fecit
2848 816 3154 887 gloriaque
3204 825 3294 872 est
3337 823 3668 890 praeditus:

2030 919 2207 972 quam
2265 903 2677 973 suscipiendus
2734 909 2822 958 est
2873 904 3034 961 ﬁlius
3081 923 3248 963 meus
3297 910 3525 979 junior.
3574 914 3670 967 Jo-

2031 992 2232 1063 sephe,
2293 991 2366 1046 ad
2398 1008 2492 1046 me
2525 999 2836 1061 revertere,
2878 993 2950 1048 ad
2985 1011 3078 1049 me
3108 1001 3333 1066 patrem
3369 1005 3553 1054 tuum.
3589 1004 3668 1057 De

2030 1085 2244 1135 caetero
2279 1096 2416 1135 cave
2468 1080 2541 1135 ad
2575 1081 2943 1136 Pharaonem
3004 1088 3106 1138 aut
3163 1085 3236 1138 ad
3291 1087 3505 1158 impios
3567 1092 3665 1147 72
3709 1107 3713 1112 ‘

2030 1170 2325 1242 Egyptios
2355 1171 2799 1238 revertaris,sed
2823 1172 2896 1226 ad
2919 1188 3011 1226 me
3035 1190 3101 1228 ac
3121 1177 3405 1246 majorem
3433 1185 3664 1238 tuorum

2030 1259 2310 1330 pietatem
2341 1265 2394 1312 te
2426 1259 2600 1314 refer.
2638 1261 2782 1314 Nam
2811 1261 3096 1332 sagittarii
3129 1271 3336 1319 contra
3369 1271 3421 1320 te
3481 1267 3670 1322 consi-

2031 1347 2175 1402 lium
2229 1349 2547 1410 iniverunt,
2607 1349 2924 1419 opprobria
2973 1351 3252 1421 jecerunt
3308 1370 3374 1408 ac
3423 1355 3668 1412 insidias

2032 1437 2432 1503 tetenderunt,
2469 1435 2779 1494 vulnerare
2838 1447 3174 1508 quasrentes
3207 1448 3264 1496 et
3309 1443 3665 1514 interficere,

2032 1527 2120 1580 vel
2149 1527 2321 1582 sicuti
2380 1526 2594 1582 fratres
2626 1527 2929 1597 quondam
2987 1529 3206 1585 invidia
3265 1535 3538 1603 permoti,
3580 1535 3670 1590 vel

2030 1615 2130 1669 alii
2157 1615 2267 1668 hoc
2289 1614 2571 1686 deinceps
2591 1615 2870 1670 adversus
2895 1624 3163 1687 posteros
3181 1624 3316 1676 tuos
3344 1621 3666 1678 audebunt.

2031 1703 2144 1760 Sed
2173 1719 2354 1758 manu
2385 1704 2644 1773 potentis
2673 1704 2790 1759 mei
2821 1705 2945 1769 Dei,
2967 1708 3066 1776 qui
3093 1709 3375 1763 Israelum
3411 1712 3667 1780 roborat,

2031 1809 2203 1848 arcus
2234 1808 2439 1846 eorum
2471 1793 2756 1847 confracti
2790 1800 2930 1848 sunt
2977 1797 3259 1867 nervique
3289 1799 3668 1856 brachiorum

2027 1897 2232 1936 eorum
2264 1881 2470 1936 luxati.
2505 1883 2580 1935 Te
2609 1888 2807 1936 autem
2838 1884 2990 1936 Deus
3021 1900 3189 1939 meus
3234 1886 3570 1942 caelestibus
3600 1907 3666 1944 ac

2026 1969 2406 2025 terrestribus
2437 1969 2613 2024 bonis
2643 1970 2854 2038 beavit,
2880 1972 3217 2028 cmiestibus
3248 1975 3529 2032 virtutum
3565 1977 3665 2031 bo-

2024 2075 2236 2114 narum
2268 2059 2463 2129 donis,
2517 2061 2898 2117 terrestribus
2930 2063 3262 2134 omnigenis
3317 2065 3564 2136 opibus;
3598 2083 3666 2121 ac

2025 2154 2086 2204 tu
2119 2156 2360 2222 prOpter
2409 2151 2628 2206 faustas
2655 2151 2781 2221 jam
2822 2152 2960 2207 inde
2994 2152 3067 2208 ab
3100 2159 3266 2208 utero
3298 2160 3356 2208 et
3385 2154 3666 2212 uberibus

2023 2239 2232 2294 matris
2259 2245 2375 2296 tua)
2407 2241 2935 2312 comprecationes,
2970 2249 3326 2314 prapterque
3359 2246 3541 2314 patris
3583 2245 3664 2300 tui

2023 2327 2094 2382 ab
2126 2328 2369 2385 ineunte
2403 2333 2502 2384 tua
2532 2335 2702 2384 aetate
2735 2330 3029 2386 desideria
3051 2338 3227 2402 atque
3259 2332 3664 2402 dilectionem,

2023 2417 2384 2488 pravaluisti
2415 2417 2726 2488 factusque
2759 2435 2820 2474 es
2852 2425 3064 2489 potens
3095 2437 3272 2491 supra
3304 2423 3662 2492 prosperita-

2022 2510 2142 2560 tem
2171 2507 2464 2562 montium
2493 2507 2972 2577 permanentium
2998 2509 3234 2579 (nempe
3256 2527 3460 2580 regum
3487 2511 3660 2583 longo

2023 2598 2286 2664 tempore
2318 2595 2786 2666 imperantium),
2821 2603 2879 2650 et
2931 2613 3110 2668 supra
3140 2599 3489 2668 cupiditates
3549 2600 3666 2654 col-

2022 2683 2166 2738 lium
2225 2690 2584 2740 aaternorum
2645 2686 2779 2756 (hoc
2835 2692 2923 2740 est
2977 2687 3315 2759 principum
3381 2707 3661 2760 prospere

2021 2773 2262 2845 longam
2322 2780 2556 2830 aetatem
2640 2776 2966 2847 agentium)
3025 2794 3231 2832 omnes
3307 2779 3660 2834 excelluisti.

2021 2865 2212 2932 Atque
2267 2864 2412 2928 haec,
2473 2864 2689 2934 inquit,
2746 2865 2939 2920 fausta
2989 2867 3324 2922 redundent
3375 2869 3435 2922 in
3489 2876 3665 2940 caput

2020 2953 2257 3023 .Iosephi
2289 2953 2426 3008 etin
2447 2954 2725 3008 verticem
2756 2954 3004 3010 fratrum
3034 2973 3286 3026 quorum
3310 2957 3434 3028 ipse
3461 2959 3669 3013 ductor

2022 3045 2130 3094 est.
2165 3041 2552 3112 Benjaminus
2583 3049 2781 3097 autem
2811 3043 2984 3114 lupus
3015 3050 3104 3099 est
3137 3051 3372 3116 raptor:
3423 3049 3665 3103 matuti-

2022 3145 2166 3184 num
2197 3131 2322 3201 ipse
2353 3130 2578 3186 vorabit
2601 3137 2658 3186 et
2675 3133 3023 3203 vespertinas
3041 3134 3302 3204 praedam
3327 3135 3663 3206 distribuat.

1940 3205 1982 3272 C
2021 3221 2103 3273 Ac
2132 3217 2246 3274 tale
2280 3220 2585 3292 quidpiam
2617 3221 2796 3276 tribui
2829 3223 3227 3293 Benjamineaa
3258 3224 3474 3278 evenit.

2093 3325 2412 3380 Sciendum
2468 3333 2664 3381 autem
2701 3332 2808 3395 est,
2864 3327 2910 3381 si
2946 3328 3077 3398 quis
3131 3329 3431 3384 obstinato
3464 3331 3663 3384 animo

2023 3420 2250 3484 peccat,
2281 3415 2464 3470 Deum
2495 3422 2728 3471 tentans
2761 3417 2936 3470 veluti
2967 3418 3153 3474 malos
3185 3418 3487 3490 suppliciis
3546 3436 3666 3474 non

2024 3505 2399 3570 effecturum,
2461 3521 2594 3559 cum
2652 3522 2848 3576 neque
2921 3507 3392 3577 resipiscentiam
3474 3525 3668 3578 neque

2023 3595 2255 3648 veniam
2290 3594 2763 3664 consequi,quod
2793 3602 2858 3650 ut
2891 3595 2948 3650 in
2980 3597 3114 3650 aliis
3147 3599 3348 3652 multis
3379 3605 3438 3652 et
3468 3600 3529 3652 in
3556 3599 3668 3654 hoc

2025 3683 2297 3752 apparuit
2321 3683 2628 3738 Pharaone
2653 3701 2666 3748 ;
2693 3684 2952 3753 itemque
2977 3686 3023 3740 si
3057 3686 3189 3756 quis
3211 3688 3366 3756 apud
3397 3690 3664 3742 animum

2026 3785 2198 3824 suum
2225 3769 2418 3824 dicat:
2443 3787 2468 3814 α
2500 3771 2836 3825 Clementer
2866 3789 3096 3826 mecum
3129 3777 3461 3845 agatur,78
3482 3777 3665 3831 vivam

2025 3857 2355 3912 secundum
2387 3858 2570 3912 animi
2603 3859 2716 3912 mei
2750 3860 2910 3930 pravi
2933 3860 3172 3924 dictata,
3204 3868 3263 3915 et
3293 3863 3475 3917 multo
3534 3870 3666 3934 post

2028 3953 2292 4018 tempore
2325 3947 2566 4002 tandem
2625 3947 2993 4018 resipiscam,
3031 3971 3059 3998 »
3092 3951 3286 4020 qualis
3330 3951 3442 4004 fuit
3485 3955 3666 4006 Amos

2028 4039 2308 4092 Manassaa
2343 4035 2522 4104 ﬁlius,
2556 4052 2734 4107 quem
2767 4043 3080 4108 prapterea
3111 4039 3289 4093 etiam
3329 4041 3482 4094 Deus
3513 4041 3667 4096 cele-

2025 4127 2172 4182 riter
2203 4125 2478 4198 perdidit.

2101 4226 2496 4280 Geometriam
2528 4226 2702 4297 primi
2735 4227 2980 4298 Egyptii
3015 4227 3388 4296 invenerunt,
3417 4229 3671 4284 astrolo-

2027 4316 2182 4383 giam
2225 4320 2282 4368 et
2311 4315 2714 4370 natalitiorum
2747 4316 3108 4386 judiciorum
3142 4325 3330 4372 artem
3389 4319 3669 4383 Chaldaai,

2030 4403 2431 4475 auspiciorum
2487 4404 2704 4459 Arabes
2755 4411 2812 4459 et
2869 4405 3147 4478 Phryges.
3209 4407 3326 4462 Diis
3371 4410 3668 4463 scriticare

2031 4491 2288 4548 Chaldzei
2321 4493 2729 4558 instituerunt,
2781 4493 2899 4548 sive
2931 4495 3150 4566 Cyprii,
3200 4512 3344 4567 gens
3393 4498 3667 4562 Persica;

274 4580 537 4653 Περσικὸν
625 4579 823 4654 ὄντες),
892 4583 1258 4657 ἀστρονομίαν
1316 4581 1374 4639 δὲ
1431 4578 1776 4640 Βαϐυλώνιοι
1833 4582 1914 4640 διὰ

2031 4579 2456 4636 astronomiam
2491 4580 2798 4652 Babylonii
2822 4588 3061 4637 auctore
3097 4586 3436 4640 Zoroastre:
3471 4586 3544 4640 ab
3577 4586 3668 4639 his

273 4669 650 4743 Ζωροάστρου,
709 4671 759 4740 ἐξ
818 4670 890 4725 ὧν
945 4668 1258 4748 παρέλαϐον
1319 4674 1636 4748 Αἰγύπτιοι,
1695 4675 1919 4750 μαγείαν

273 4753 324 4810 δὲ
355 4757 446 4811 καὶ
478 4760 726 4830 γοητείαν
770 4761 860 4814 καὶ
919 4759 1256 4838 φαρμακείαν
1311 4759 1492 4831 Μῆδοι
1550 4765 1638 4818 καὶ
1700 4761 1915 4838 Πέρσαι.

269 4846 425 4902 Ἐστι
491 4843 546 4901 δὶ
611 4849 812 4922 μαγεία
867 4851 959 4921 μὲν
1020 4849 1309 4922 ἐπίκλησις
1384 4848 1659 4926 δαιμόνων
1720 4851 1919 4928 ἀγαθο-

272 4940 442 4989 ποιῶν
511 4933 668 5001 δῆθεν
734 4937 870 5011 πρὸς
927 4939 1128 5012 ἀγαθοῦ
1183 4960 1330 5001 τινος
1398 4941 1671 5009 σύστασιν,
1739 4939 1920 5017 ὥσπερ

267 5024 332 5077 τὰ
360 5023 458 5078 τοῦ
506 5025 759 5087 Τυανέως
813 5026 1222 5083 Ἀπολλωνίου·
1281 5028 1504 5103 γοητεία
1562 5027 1619 5084 δὲ
1672 5028 1917 5084 καλεῖται

271 5111 378 5167 ἀπὸ
415 5117 524 5168 τῶν
550 5114 694 5188 γόων
726 5115 816 5169 καὶ
850 5117 1062 5190 θρήνων
1093 5122 1201 5172 τῶν
1231 5118 1354 5192 περί
1393 5118 1521 5179 τοὺς
1564 5121 1766 5192 τάφους
1803 5124 1920 5181 τοῖς

267 5202 332 5255 τὰ
374 5201 599 5258 τοιαῦτα
659 5201 1042 5274 ἐπιτηδεύουσι
1099 5209 1423 5282 γινομένων·
1484 5207 1790 5284 φαρμακεία
1841 5205 1920 5275 δὲ,

267 5292 392 5378 δταν
482 5295 810 5350 συσκευασία
896 5297 1269 5374 θανατηφόρος
1474 5298 1610 5372 πρὸς
1691 5299 1918 5378 φίλτρον

267 5375 483 5434 δοθεῖσά
516 5403 622 5436 τινι
657 5380 748 5436 διὰ
777 5385 874 5438 τοῦ
914 5384 1206 5456 στόματος.

340 5469 531 5524 Ἰστέον
579 5472 664 5524 δτι
725 5471 786 5524 τὸ
846 5472 1048 5546 Φαραὼ
1103 5473 1278 5528 κοινὸν
1330 5471 1510 5546 ὐνομα
1564 5474 1776 5528 πάντων
1811 5477 1918 5529 τῶν

265 5557 545 5632 Αἰγύπτου
583 5559 856 5636 βασιλέων
887 5559 1054 5629 έστῖν,
1115 5561 1220 5615 ἀπὸ
1270 5566 1366 5616 τοῦ
1415 5563 1638 5636 πρώτου
1697 5566 1918 5638 Φαραὼ,

266 5644 445 5725 ὥσπερ
498 5650 588 5704 καὶ
651 5647 987 5724 Πτολεμαῖοι
1043 5651 1287 5727 ὕστερον,
1355 5652 1443 5706 καὶ
1501 5649 1807 5726 Αὕγουστοι
1865 5654 1918 5706 οἱ

2030 4669 2275 4740 Egyptii
2328 4675 2704 4740 acceperunt.
2757 4671 3024 4741 Magiam,
3057 4673 3312 4742 goetiam
3365 4678 3422 4726 et
3464 4674 3675 4726 veneti-

2031 4758 2190 4813 cium
2221 4757 2366 4812 Medi
2402 4763 2461 4812 et
2491 4759 2703 4812 Persas.
2766 4763 2863 4812 Est
2921 4766 3117 4815 autem
3151 4762 3342 4834 magia
3382 4761 3671 4816 invocatio

2031 4846 2370 4901 daemonum
2401 4846 2826 4916 beneficorum,
2860 4847 2999 4903 boni
3032 4849 3284 4920 alicujus
3316 4847 3670 4903 conciliandi

2029 4935 2238 5007 gratia,
2258 4934 2448 5005 qualis
2477 4935 2752 5006 Apolonii
2769 4938 2978 5007 Tyanei
3008 4953 3020 5002 ;
3046 4938 3236 5009 goetia
3255 4936 3326 4990 ab
3351 4934 3669 5006 ejulatibus

2033 5029 2093 5078 et
2150 5022 2407 5077 luctibus
2465 5038 2686 5076 nomen
2744 5022 2990 5091 habens,
3049 5039 3197 5093 quos
3253 5021 3326 5076 ad
3403 5019 3675 5091 sepulcra

2032 5116 2315 5168 exercent
2345 5111 2442 5182 qui
2487 5111 2600 5166 ista
2661 5117 2936 5166 tractant.
2975 5111 3338 5165 Veneficium
3371 5115 3479 5178 est,
3541 5127 3674 5165 cum

2030 5217 2138 5272 per
2167 5218 2233 5255 os
2264 5200 2440 5255 alicui
2474 5201 2764 5270 ingeritur
2795 5206 3118 5270 temperata
3151 5197 3346 5253 letalis
3377 5204 3479 5254 aut
3511 5215 3676 5254 ama-

2033 5290 2187 5344 toria
2215 5289 2401 5360 potio.

2102 5475 2428 5530 Pharaonis
2459 5491 2676 5532 nomen
2709 5477 2970 5532 omnium
3019 5479 3241 5550 Egypti
3277 5495 3480 5551 regum
3514 5499 3678 5536 com-

2034 5579 2211 5618 mune
2243 5569 2394 5630 est,a
2424 5566 2613 5635 primo
2645 5567 3133 5629 Pharaone.sicut
3159 5570 3338 5623 etiam
3371 5569 3673 5624 Ptolemaei

2033 5670 2099 5708 ac
2129 5654 2374 5723 Augusti
2423 5656 2824 5714 Romanorum
2853 5674 3024 5731 reges
3077 5660 3149 5714 ab
3201 5665 3459 5732 Augusto
3491 5660 3672 5716 deno-

4115 5157 4117 5282 l

4115 5303 4117 5450 ἰ
