4148 6196
485 302 598 364 103

1800 291 2118 357 GEORGII
2163 291 2504 364 CEDRENI

3771 314 3890 377 104

477 438 685 492 minati
719 436 1102 492 sunt.Habuit
1130 440 1326 490 autem
1359 433 1533 487 etiam
1568 429 1871 501 proprium
1905 443 2109 482 nomen

2242 437 2490 514 βασιλεῖς
2537 438 2828 513 Ῥωμαίων
2883 438 2990 496 ἀπὸ
3045 444 3144 496 τοῦ
3202 440 3514 518 Αὐγούστου
3566 443 3887 514 ἐκαλοῦντο,

477 528 712 598 quivis:
773 532 949 599 atque
1010 527 1146 581 huic
1199 522 1494 577 obstinato
1552 519 1846 575 Pharaoni
1900 533 2118 573 nomen

469 617 651 673 fuisse
694 615 1022 670 Petissonio
1050 613 1292 681 antiquo
1325 608 1776 680 perhibent.Qui
1809 624 1944 662 cum
1977 607 2118 662 divi-

432 713 437 722 '
470 709 632 762 nitus
665 705 948 760 immissis
979 701 1419 757 calamitatibus
1450 705 1609 756 esset
1654 699 2114 765 circumventus,

471 795 543 850 ad
569 795 768 848 nobile
791 791 1096 846 oraculum
1130 790 1286 860 quod
1311 789 1564 860 Memphi
1589 794 1717 844 erat
1739 805 1800 844 se
1823 787 2113 842 contulit:

471 883 770 952 sacrisque
801 885 1079 951 operatus
1105 897 1140 935 a
1183 881 1281 935 74
1314 879 1522 950 Pythia
1551 877 1857 934 contendit
1887 877 1971 930 uti
2003 874 2115 930 sibi

471 974 791 1040 exponeret
839 969 972 1039 quis
1003 968 1253 1039 primus,
1311 969 1388 1022 sit
1412 973 1590 1039 atque
1648 982 1900 1039 magnus
1957 969 2113 1020 Deus

467 1057 690 1113 lsraeli.
723 1061 803 1112 Ac
835 1057 1034 1112 statim
1065 1057 1117 1112 ei
1145 1056 1258 1112 hoc
1287 1062 1378 1112 est
1418 1055 1658 1110 oraculo
1709 1069 2060 1125 responsum
2096 1068 2109 1107 :

464 1149 511 1200 A
541 1163 736 1215 magno
763 1153 1027 1201 aeternum
1057 1147 1330 1201 descendit
1363 1147 1569 1200 Numen
1601 1144 1856 1214 Olympo,

468 1238 639 1290 Morte
671 1251 857 1289 carens
888 1235 1054 1303 ignis,
1088 1236 1313 1303 ﬂamma
1339 1235 1716 1304 splendentior
1745 1234 1914 1286 omni.

464 1327 624 1379 Hunc
656 1325 848 1379 caelum
881 1325 1145 1393 tellusque
1177 1326 1360 1378 tremit
1387 1324 1729 1392 pelagusque
1743 1321 2114 1391 profundum,

470 1416 716 1482 Quosque
746 1415 913 1469 Orcus
941 1413 1120 1481 fundo
1150 1413 1439 1482 compescit
1469 1413 1752 1468 daemonas
1781 1413 1913 1466 imo.

467 1505 572 1558 Hic
596 1503 842 1572 genitore
871 1519 1061 1557 carens
1091 1504 1230 1556 Deus
1254 1508 1354 1568 est,
1381 1503 1542 1556 Pater
1576 1517 1716 1556 unus
1746 1507 1797 1554 et
1826 1501 1970 1554 idem

466 1595 661 1662 Filius,
693 1600 860 1662 atque
888 1608 1028 1646 unus
1061 1592 1272 1660 triplici
1299 1592 1394 1646 sub
1425 1592 1644 1645 nomine
1663 1589 1825 1658 felix,

467 1681 686 1750 Ewigua
715 1681 977 1750 angelicae
1005 1695 1098 1734 vos
1126 1695 1257 1749 pars
1288 1686 1460 1747 quota
1489 1678 1769 1732 naturai?

463 1771 563 1823 His
593 1778 652 1823 tu
677 1772 952 1838 perceptis
982 1771 1182 1823 tacitus
1212 1769 1446 1822 discede.

465 1858 596 1912 Haec
630 1875 763 1912 cum
795 1857 1118 1912 audivisset
1149 1857 1402 1925 Pharao,
1424 1856 1623 1911 statim
1654 1855 1868 1926 lapidea
1899 1854 2115 1910 tabulas

467 1964 536 2001 ea
579 1947 754 2002 verba
793 1948 976 2018 jussit
1028 1946 1317 2011 inscribi;
1377 1951 1730 2016 exstantque
1792 1945 2024 2016 sculpta
2053 1945 2116 1999 in

465 2037 842 2107 Memphitica
867 2036 1256 2107 templo,lnde
1280 2035 1581 2107 digressus
1610 2035 1808 2089 statim
1827 2034 2114 2105 populum

461 2125 771 2180 Judaicum
801 2125 1048 2179 dimisit.

531 2224 616 2278 Ab
648 2224 874 2280 Adamo
905 2241 1094 2295 usque
1111 2223 1185 2279 ad
1205 2229 1468 2279 mortem
1486 2222 1728 2294 Iosephi
1748 2227 1952 2279 estates
1973 2226 2114 2278 sunt

460 2315 552 2381 23,
584 2314 724 2368 anni
758 2314 917 2368 3672.

533 2411 719 2466 Moses
733 2411 910 2466 etiam
935 2411 1208 2466 Admosis
1225 2417 1402 2482 atque
1421 2411 1752 2465 Tethmosis
1775 2410 2108 2482 appellatus

460 2499 920 2566 fuit,Abrahami
954 2499 1113 2555 ﬁlius
1147 2517 1330 2570 nepos
1361 2500 1598 2572 Cagathi
1632 2500 1730 2570 qui
1769 2499 1927 2553 Levis
1949 2499 2108 2554 ﬁlius

458 2589 831 2644 fuit.Etenim
867 2589 1028 2644 Levis
1048 2590 1364 2660 progenuit
1386 2589 1834 2660 Cagathathum,
1851 2589 1900 2642 is
1922 2589 2106 2642 Abra-

463 2679 728 2733 hamum.
767 2679 866 2732 Hic
883 2677 1274 2732 lochabedam
1296 2679 1442 2748 patri
1471 2678 1558 2732 sui
1585 2677 1768 2732 ﬁliam
1795 2677 1984 2738 duxit,
2017 2683 2103 2732 at-

459 2785 573 2836 que
606 2784 675 2821 ex
705 2782 774 2821 ea
806 2767 1063 2835 primum
1095 2766 1632 2832 Aaronem,deinde
1665 2768 1906 2833 Mosem,
1931 2767 2105 2821 tertio

459 2856 673 2908 horum
715 2871 976 2908 sororem
1009 2855 1251 2908 Mariam
1282 2855 1775 2924 procreavit.Fuit
1801 2860 1996 2909 autem
2033 2856 2104 2910 de

459 2945 640 3014 stirpe
673 2944 924 2997 Levitica
957 2944 1369 3013 Moses,itaque
1403 2943 1462 2996 in
1490 2944 1835 3014 posteritate
1865 2945 2102 3014 Josephi

461 3049 579 3088 non
606 3039 969 3088 recensetur.
1002 3033 1085 3087 Ab
1115 3033 1352 3103 Josephi
1387 3049 1560 3104 porro
1590 3038 1778 3088 morte
1811 3049 2000 3103 usque
2031 3032 2104 3088 ad

2228 527 2376 602 Ἰδίῳ
2403 528 2459 584 δὲ
2491 528 2720 602 ὀνόματι
2758 527 2980 592 ἕκαστος
3038 529 3270 606 ἐχρῆτο,
3315 529 3496 600 ὥσπερ
3527 533 3618 587 καὶ
3646 534 3674 588 ὁ
3706 533 3880 607 σκλη-

2225 616 2512 694 ροκάρδιος
2536 617 2692 680 οὗτος
2747 620 2949 694 Φαραὼ
2993 619 3375 693 Πετισσὼνιος,
3431 622 3505 684 ὡς
3566 623 3878 700 ἱστοροῦσιν

2223 709 2274 764 οἱ
2301 705 2555 776 παλαιοὶ,
2590 704 2712 780 ξ’δίῳ
2754 707 3036 781 ὠνόμαστι
3094 709 3349 782 ὀνόματι,
3411 709 3468 772 ὅς
3503 711 3606 766 ὑπὸ
3662 717 3768 767 τῶν
3801 716 3886 770 θε-

2225 793 2446 864 ηλάτων
2479 794 2711 868 πληγῶν
2753 795 3272 870 περιστατούμενος,
3332 796 3408 859 εἷς
3467 797 3528 852 τὸ
3553 795 3883 874 περιϐόητον

2220 885 2278 938 ἓν
2310 885 2528 962 Μέμφει
2563 889 2812 957 μαντεῖον
2863 885 3154 959 γενόμενος
3203 885 3291 940 καὶ
3347 888 3625 960 θυσιάσας,
3656 891 3884 954 ὶπύθετο

2221 974 2367 1046 παρᾶ
2396 979 2496 1042 τῆς
2527 973 2725 1036 Πυθίας
2785 973 2928 1029 οὕτω
2994 974 3236 1050 φάσκων·
3298 1001 3325 1027 «ι
3387 978 3697 1050 Σαφήνισὸν
3761 1000 3882 1058 μοι,

2218 1061 2299 1125 τίς
2348 1061 2460 1117 ἐστι
2516 1066 2738 1134 πρῶτος
2795 1063 2949 1136 ὑμῶν
3039 1064 3129 1118 καὶ
3186 1063 3356 1138 μέγας
3432 1067 3563 1127 Θεὸς
3621 1069 3734 1140 (48)
3780 1074 3880 1124 τοῦ

2217 1150 2463 1228 Ἰσραήλ.
2526 1175 2555 1204 n
2609 1150 2707 1205 Καὶ
2789 1151 2944 1212 εὐθὺς
3009 1151 3376 1230 ἀπεφθέγξατο
3445 1153 3877 1231 χρησμολογσῦν

2219 1244 2365 1298 οὕτω
2407 1244 2468 1298 τὸ
2526 1247 2758 1316 πνεῦμα·
2796 1271 2822 1295 ι(
2895 1246 3043 1301 Ἐστι
3103 1248 3222 1301 κατ’
3299 1245 3530 1322 οὐρανοῦ
3611 1246 3878 1324 μεγάλοιο

2223 1327 2482 1408 βεϐηκὸς,
2514 1333 2720 1411 φλογὸς
2755 1327 3125 1408 ὑπερϐάλλον,
3159 1332 3393 1410 αἴθριον,
3433 1335 3644 1406 ἀέναον,
3677 1336 3885 1401 ἀθάνα-

2218 1441 2374 1475 νατον
2406 1419 2582 1494 πῦρ,ὅ
2603 1419 2790 1495 τρέμει
2820 1424 2948 1487 πᾶν,
2983 1421 3228 1494 οὐρανὸς,
3251 1423 3384 1495 γαῖά
3411 1443 3468 1477 τε
3490 1423 3578 1478 καὶ
3613 1423 3880 1494 θάλασσα,

2218 1511 2498 1583 ταρτάριοι
2535 1510 2717 1582 βύθιοί
2748 1529 2807 1564 τε
2837 1506 3093 1582 δαίμονες
3154 1509 3474 1586 ἐρρίγησαν.
3534 1511 3711 1575 Οὗτος
3743 1515 3878 1577 Θεὸς

2218 1601 2466 1673 ἀπάτωρ,
2499 1598 2848 1674 αὐτοπάτωρ,
2880 1601 3060 1673 πατὴρ
3091 1601 3209 1659 υἱὸς
3237 1601 3396 1665 αὐτὸς
3435 1601 3628 1657 ἑαυτοῦ
3659 1602 3879 1678 τρισόλ-

2221 1683 2359 1749 ϐιος.
2394 1687 2486 1750 Εἰς
2523 1687 2715 1762 μικρὸν
2758 1685 2814 1742 δὲ
2877 1688 3040 1763 μέρος
3098 1687 3343 1764 ἀγγέλων
3383 1691 3539 1764 ὑμεῖς
3571 1691 3614 1747 ⁸.
3675 1693 3878 1749 Μαθὼν

2145 1791 2192 1856 Β
2223 1780 2375 1842 ἄπιθι
2409 1781 2603 1852 σιγῶν.
2641 1802 2668 1827 ›»
2697 1777 2886 1839 Οὕτως
2936 1777 3172 1841 ἀκούσας
3202 1780 3404 1853 Φαραὼ
3463 1779 3656 1835 αὐτίκα
3708 1780 3882 1836 πλακὶ

2226 1865 2409 1940 λιθίνῃ
2442 1872 2714 1944 γραφῆναι
2741 1871 2912 1920 ταῦτα
2943 1863 3154 1920 κελεύει
3181 1867 3248 1920 τὰ
3287 1868 3528 1940 ῥήματα·
3587 1869 3676 1923 καὶ
3735 1865 3882 1924 ἔστιν

2223 1959 2337 2012 ἒκεῖ
2369 1955 2723 2034 γεγλυμμένα
2753 1959 2808 2011 ὶν
2843 1960 2923 2028 τῷ
2953 1957 3086 2029 ἱερῷ
3123 1958 3178 2011 ἐν
3231 1956 3473 2034 Μέμφει.
3516 1959 3751 2014 Ἐκεῖθεν
3782 1980 3883 2014 κα-

2221 2039 2389 2106 ταϐὰς
2423 2041 2660 2099 ἀπέλυσε
2689 2050 3035 2121 παραχρῆμα
3063 2045 3154 2098 τὸν
3188 2041 3339 2102 λαόν.

2292 2232 2418 2288 "Ott
2449 2231 2554 2286 ἀπὸ
2587 2227 2766 2304 Ἀδὰμ
2793 2227 2899 2293 ἕως
2927 2236 3030 2300 τῆς
3057 2229 3317 2302 τελευτῆς
3348 2236 3446 2288 τοῦ
3477 2233 3680 2312 Ἰωσὴφ
3714 2253 3874 2309 γενεα

2221 2321 2322 2396 κγ’,
2353 2313 2472 2390 ἔτη,
2501 2320 2685 2394 γχοβ’.

2290 2412 2417 2466 Ὀτι
2457 2413 2695 2478 Μωϋσῆς
2752 2408 2842 2464 καὶ
2902 2407 3182 2482 Ἀδμωσις
3240 2411 3329 2464 καὶ
3382 2411 3666 2483 Τεθμωσις
3734 2410 3874 2466 ὠνο-

2225 2502 2446 2573 μάζετο,
2479 2499 2594 2558 υἱὸς
2625 2493 2895 2572 Ἀϐραὰμ,
2951 2496 3176 2574 ἔγγονος
3235 2499 3416 2573 Καγᾶθ
3475 2500 3592 2553 υἱοῦ
3651 2500 3859 2568 Λευῗ,δ

2216 2589 2319 2663 γὰρ
2352 2588 2481 2642 Λευῒ
2507 2585 2757 2662 ἒγέννησε
2784 2588 2874 2641 τὸν
2913 2587 3190 2664 Καγαθὰθ,
3234 2589 3262 2641 ὁ
3323 2585 3378 2642 δὲ
3433 2589 3524 2642 τὸν
3592 2581 3872 2662 ’Δϐραάμ-

2216 2679 2281 2734 Ὀ
2308 2675 2364 2732 δὲ
2394 2679 2492 2745 τήν
2545 2671 2798 2754 Ἰοχαϐὲδ
2845 2681 2944 2733 τοῦ
3001 2675 3244 2753 ἀδελφοῦ
3300 2682 3400 2732 τοῦ
3449 2679 3653 2752 πατρὸς
3701 2679 3872 2733 αὐτοῦ

2219 2761 2402 2821 λαϐὼν
2504 2771 2732 2842 γυναῖκα
2812 2766 3065 2842 ἒγέννησε
3131 2771 3348 2838 πρῶτον
3448 2769 3539 2822 τὸν
3627 2769 3864 2843 Ἀαρὼν,

2218 2855 2327 2909 εἶτα
2359 2858 2444 2928 [Ρ.
2479 2855 2568 2927 42]
2620 2861 2856 2924 Μωΰσῆν
2909 2857 2998 2909 καὶ
3058 2857 3156 2925 τήν
3212 2852 3456 2932 ἀδελφὴν
3514 2857 3690 2912 αὐτῶν
3749 2859 3866 2914 Μα-

2217 2944 2370 3016 ριάμ.
2407 2944 2502 2999 Ἐκ
2533 2941 2713 3020 φυλῆς
2739 2940 2798 2998 δὲ
2831 2942 2960 2998 Λευί
2991 2944 3055 3012 ἦν
3081 2949 3344 3013 Μωϋσῆς,
3408 2945 3498 3000 καὶ
3558 2943 3648 3000 διὰ
3701 2951 3868 3002 τοῦτο

2215 3031 2277 3086 οὗ
2320 3030 2724 3108 γενεαλογεῖται
2758 3032 2892 3105 μετὰ
2923 3034 3148 3112 Ἰωσήφ.
3182 3038 3271 3089 Ξε’
3331 3032 3388 3088 δὶ
3443 3029 3539 3105 ἔτη
3574 3035 3705 3090 εἰσὶν
3761 3036 3869 3092 ἀπὸ

461 3121 692 3176 natales
724 3121 898 3176 Mosis
930 3121 1070 3175 anni
1103 3126 1242 3175 sunt
1270 3122 1375 3175 65:
1435 3121 1694 3190 annique
1730 3121 1824 3174 isti
1875 3123 1980 3176 430
2028 3121 2102 3177 ab

2222 3129 2316 3191 τῆς
2404 3121 2663 3190 τελευτῆς
2721 3123 2923 3199 ’Ῑωσῆφ
3007 3120 3111 3184 ἕως
3179 3125 3481 3198 γεννήσεως
3570 3126 3871 3187 Μωϋσέως.

462 3229 617 3267 anno
649 3217 715 3266 ‘75
735 3212 1053 3268 Abrahami
1086 3229 1274 3282 usque
1300 3212 1372 3267 ad
1396 3213 1654 3282 primum
1685 3227 1906 3267 annum
1931 3212 2104 3267 Mosis

463 3303 921 3373 complentur.Si
955 3319 1091 3358 vero
1125 3301 1588 3374 quadringentos
1622 3307 1847 3356 tantum
1867 3303 2105 3372 quaeris,

460 3410 560 3447 eos
594 3393 686 3448 75
726 3393 998 3446 invenios
1031 3392 1443 3446 numeratione
1476 3410 1508 3446 ο
1539 3392 1865 3446 centesimo
1923 3391 2104 3446 Abra-

461 3481 623 3535 hami
655 3495 812 3534 anno
859 3481 1026 3534 inita.
1069 3482 1272 3534 Annos
1323 3479 1482 3534 enim
1534 3480 1834 3534 servitutis
1866 3479 2106 3549 quidam

468 3571 536 3621 45
570 3573 890 3639 supputant
921 3584 954 3623 a
984 3574 1174 3622 morte
1199 3568 1434 3640 Josephi
1467 3585 1655 3639 usque
1685 3568 1759 3623 ad
1789 3570 1848 3622 81
1911 3570 2109 3624 Mosis.

472 3656 656 3711 Aiunt
686 3659 904 3724 Mosen,
937 3674 1071 3712 cum
1107 3663 1260 3712 esset
1289 3659 1348 3711 in
1380 3658 1572 3712 lucem
1606 3658 1821 3725 editus,
1864 3675 1898 3713 a
1945 3664 2111 3728 patre

464 3744 648 3798 fuisse
690 3745 996 3800 Melchiam
1031 3746 1400 3800 nominatum
1431 3764 1444 3811 ;
1478 3763 1610 3816 quas
1641 3763 1748 3802 vox
1779 3763 1975 3815 regem
2031 3748 2112 3802 si-

463 3834 725 3905 gniﬁcat.
759 3835 932 3889 Mosis
964 3851 1098 3891 vero
1131 3852 1352 3890 nomen
1383 3841 1588 3907 postea
1619 3837 1670 3890 ei
1725 3837 1978 3892 inditum
2035 3835 2108 3891 ab

467 3924 658 3993 aquis,
691 3941 878 3995 eoque
901 3925 1191 3980 miracula
1211 3925 1272 3979 in
1297 3925 1491 3981 Rubro
1511 3926 1661 3980 mari
1692 3925 2004 3997 postmodo
2037 3925 2109 3980 ab

465 4012 592 4083 ipso
624 4013 782 4067 edita
811 4013 992 4068 fuisse
1025 4017 1571 4084 praemonstrataEt
1604 4015 1754 4085 patri
1802 4015 2011 4085 ipsius,
2044 4019 2110 4070 ut

463 4105 592 4156 erat
620 4102 794 4156 homo
830 4101 946 4156 Deo
979 4108 1278 4173 acceptus,
1299 4120 1429 4172 quze
1461 4103 1530 4156 de
1563 4119 1746 4173 puero
1779 4103 1976 4158 futura
2007 4119 2107 4158 es-

463 4196 596 4245 sent
620 4191 822 4244 omnia
851 4198 990 4245 sunt
1011 4190 1292 4245 divinitus
1313 4191 1625 4261 patefacta.
1650 4192 1959 4246 Enimvero
1981 4209 2107 4246 om-

460 4295 595 4332 nem
610 4278 988 4332 Hebrworum
1007 4279 1332 4334 masculam
1346 4279 1570 4350 prolem
1585 4281 2110 4352 interﬁcijusserat

463 4366 878 4434 Pharao,quod
911 4366 982 4420 de
1015 4367 1230 4438 insigni
1258 4368 1513 4438 quodam
1539 4385 1842 4424 sacrarum
1869 4370 2108 4424 Littera-

463 4470 594 4509 rum
627 4455 812 4525 perito
846 4455 1170 4511 audivisset
1199 4457 1322 4512 lore
1374 4466 1439 4513 ut
1469 4459 1581 4514 isto
1629 4465 1895 4531 tempore
1928 4466 2104 4514 natus

2219 3209 2322 3264 Καὶ
2381 3207 2692 3283 πληροῦται
2754 3210 2820 3262 τὰ
2867 3209 3189 3282 τετρακόσια
3251 3210 3542 3284 τριάκοντα
3617 3207 3708 3281 ἔτη
3762 3211 3873 3266 ἀπὸ

2218 3303 2312 3353 τοῦ
2343 3300 2412 3354 σε’
2443 3295 2595 3358 ἔτους
2627 3293 2875 3374 Ἀϐραὰμ
2902 3295 3008 3362 ἓως
3063 3303 3160 3353 τοῦ
3212 3299 3435 3372 πρώτου
3493 3293 3644 3363 ἔτους
3698 3301 3874 3359 Μωϋ-

2219 3386 2468 3449 σὲως.Εἶ
2521 3385 2577 3442 δὲ
2605 3387 2924 3460 τετρακόσια
2977 3387 3113 3460 μόνα
3162 3393 3367 3458 ζητεῖς;
3429 3388 3534 3444 ἀπὸ
3590 3393 3686 3444 τοῦ
3741 3390 3872 3444 ἑκα-

2217 3481 2415 3532 τοστοῦ
2481 3471 2633 3538 ἔτους
2699 3472 2948 3552 Ἀϐραὰμ
3003 3478 3313 3550 ἀριθμήσας
3386 3479 3658 3553 εὑρήσεις.
3716 3479 3870 3550 Ἀριο

2219 3571 2483 3638 θμοῦνται
2551 3565 2652 3640 γάρ
2726 3566 2871 3640 παρά
2916 3587 3079 3620 τινων
3144 3565 3211 3620 τὰ
3285 3574 3386 3635 τῆς
3445 3565 3692 3628 δουλείας
3771 3564 3868 3638 ἔτη

2219 3662 2334 3729 ρμε¹
2391 3656 2496 3708 ἀπὸ
2579 3660 2678 3720 τῆς
2755 3653 3014 3723 τελευτῆς
3076 3654 3276 3730 Ἰωσὴφ
3355 3651 3460 3718 ἕως
3547 3657 3634 3710 πα¹
3711 3650 3872 3719 ἔτους

2217 3745 2511 3806 Μωϋσέως.
2549 3744 2779 3819 Λέγουσι
2813 3739 2874 3796 δὲ
2931 3743 3008 3803 ὡς
3063 3747 3162 3798 τοῦ
3203 3742 3482 3807 Μωυσέως
3511 3743 3869 3820 γεννηθέντος

2215 3832 2465 3908 Μελχίαν
2495 3833 2640 3908 παρά
2675 3836 2773 3888 τοῦ
2804 3833 3007 3907 πατρὸς
3040 3834 3336 3903 κληθῆναι,
3397 3833 3528 3907 ὅπερ
3585 3831 3698 3888 ἐστὶ
3764 3834 3870 3908 βα-

2218 3923 2421 3985 σιλεύς.
2473 3923 2543 3977 Τὸ
2601 3919 2659 3977 δὲ
2703 3919 2987 3984 καλεῖσθαι
3019 3921 3273 3991 Μωυσέα,
3333 3919 3381 3991 ἒξ
3436 3919 3646 3977 ὑδάτων
3702 3926 3869 3977 τοῦτο

2213 4011 2370 4082 ἒτέθη
2397 4011 2639 4086 ὕστερον,
2670 4016 3032 4086 προϊστοροῦν
3089 4011 3155 4065 τὰ
3212 4011 3302 4066 Eni
3343 4017 3442 4080 τῆς
3503 4013 3765 4086 Ἐρυθρᾶς
3797 4009 3872 4066 δι’

2215 4103 2380 4155 αὐτοῦ
2420 4101 2683 4174 γενόμενα
2739 4098 3008 4173 θαύματα.
3071 4098 3348 4174 Θεοφιλῆς
3407 4097 3465 4154 δὲ
3522 4095 3594 4153 ὧν
3629 4101 3872 4174 ὁπατῆρ

2215 4189 2379 4244 αὐτοῦ
2432 4187 2818 4265 ἐχρηματίσθη
2880 4188 2946 4243 τά
3001 4190 3117 4244 κατ’
3178 4189 3336 4244 αὐτὸν
3393 4191 3624 4246 ἅπαντα.
3687 4189 3876 4245 Ἀναι-

2217 4280 2422 4350 ρεῖσθαι
2506 4275 2563 4332 δὶ
2618 4277 2917 4351 προσέταξε
2996 4277 3201 4352 Φαραὼ
3279 4278 3346 4331 τὰ
3429 4282 3538 4332 τῶν
3597 4271 3872 4350 Ἑϐραίων

2216 4365 2411 4440 ἄρρενα
2439 4365 2615 4420 δεινοῦ
2669 4385 2821 4426 τινος
2879 4367 3366 4441 ἱερογραμματέως
3418 4365 3651 4427 ἀκούσας
3693 4365 3875 4442 πρόρ..

2219 4456 2404 4531 ῥησιν,
2433 4454 2680 4518 εἰπόντος
2713 4454 2796 4509 ὅτι
2840 4455 2903 4509 τὸ
2960 4457 3255 4530 γενόμενον
3314 4452 3529 4512 παιδίον
3583 4455 3762 4527 τούτῳ
3790 4459 3874 4527 τῷ

463 4559 611 4613 puer
631 4544 1030 4618 Egyptiorum
1051 4563 1296 4618 regnum
1319 4530 1890 4604 aboleret.Muthidis
1913 4555 2108 4604 autem

2222 4530 2395 4618 παιρῷ
2425 4546 2522 4613 τήν
2548 4547 2656 4599 τῶν
2703 4542 3019 4619 Αἰγυπτίων
3076 4543 3257 4619 ἀρχὴν
3315 4543 3627 4600 καταλύσει.
3659 4543 3876 4600 M060:-

463 4633 792 4688 Pharaonis
824 4633 963 4701 ﬁlia,
999 4652 1130 4706 quae
1157 4642 1215 4690 et
1242 4637 1486 4692 Phareis
1517 4639 1755 4706 dicitur,
1789 4654 1921 4692 cum
1957 4644 2114 4692 esset

461 4723 855 4795 regina,hunc
889 4726 1106 4779 Mosem
1138 4744 1206 4781 ex
1235 4743 1389 4797 aqua
1419 4732 1750 4782 extractum
1777 4727 2110 4782 comitanti-

461 4813 572 4870 bus
596 4814 950 4870 mulieribus
973 4817 1312 4872 lactandum
1341 4819 1776 4888 prwbuitPuer
1790 4833 1998 4872 omnes
2012 4834 2110 4874 eas

462 4909 765 4960 aversatus
795 4911 905 4960 est.
942 4905 1024 4960 lbi
1083 4907 1262 4962 Maria
1319 4907 1486 4978 pueri
1529 4923 1716 4968 soror,
1779 4923 1912 4976 qua)
1971 4923 2108 4962 cum

465 4995 723 5049 Muthide
756 4995 988 5065 agebat,
1022 5011 1324 5066 pueroque
1358 4997 1417 5049 in
1450 5011 1634 5066 aquas
1662 4993 1892 5064 abjecto
1933 5011 2113 5050 even-

465 5087 589 5136 tum
613 5082 1310 5152 speculabatur,matrem
1335 5101 1502 5139 suam
1525 5082 1912 5138 lochabedam
1932 5084 2108 5138 veluti

467 5169 724 5224 alienam
757 5177 945 5241 vocat,
977 5174 1146 5242 eique
1207 5173 1450 5244 praemio
1505 5172 1798 5242 promisso
1860 5188 2110 5240 puerum

469 5255 844 5314 educandum
876 5261 1135 5315 mandat.
1171 5262 1353 5325 Quem
1389 5260 1666 5315 Muthidis
1689 5259 1960 5315 adultum
1991 5263 2109 5317 Mo-

467 5343 548 5396 sis
579 5347 821 5400 nomine
852 5350 1066 5420 affecit,
1091 5350 1248 5419 quod
1282 5365 1414 5403 eum
1448 5364 1516 5402 ex
1544 5364 1698 5418 aqua
1719 5349 2060 5405 sustulisset
2091 5365 2105 5406 :

2223 4630 2307 4695 δις
2356 4630 2415 4688 δὶ
2463 4635 2497 4702 ἡ
2558 4633 2800 4708 θυγάτηρ
2855 4633 3081 4708 Φαραὼ,
3141 4637 3174 4704 ἡ
3218 4635 3305 4689 καὶ
3366 4635 3600 4709 Φαρηῗς,
3647 4630 3876 4708 βασιλὶς

2220 4722 2374 4789 οὖσα,
2413 4725 2604 4776 τοῦτον
2637 4720 2938 4796 ἀνελομένη
2971 4727 3068 4777 τοῦ
3102 4720 3318 4793 ὕδατος,
3349 4727 3468 4784 ταῖς
3527 4742 3876 4795 συμπορευο-

2224 4810 2410 4882 μέναις
2484 4812 2693 4888 γυναιξὶ
2751 4815 2941 4866 τοῦτον
2994 4811 3251 4883 θηλάζειν
3336 4813 3645 4886 ἐπέτρεψεν.
3701 4809 3882 4874 Αὐτὸς

2221 4897 2277 4956 δὲ
2298 4901 2470 4963 πάσας
2504 4900 2842 4978 ἀπεστράφη.
2879 4901 3066 4975 Μαρία
3097 4897 3154 4955 δὲ
3183 4903 3218 4970 ἡ
3279 4899 3477 4956 τούτου
3534 4896 3746 4974 ἀδελφή
3801 4902 3876 4972 τῇ

2221 4987 2456 5047 Μούθιδι
2489 4995 2739 5060 συνοῦσα,
2773 4988 2895 5059 ἥτις
2936 4991 3023 5045 καὶ
3084 4988 3330 5068 ῥιφέντος
3386 4987 3666 5050 Μωϋσέως
3725 4986 3880 5042 ἐσκό-

2219 5099 2306 5134 πει
2353 5081 2414 5134 τὸ
2472 5073 2858 5151 ἐκϐησόμενον,
2914 5079 3014 5148 τὴν
3078 5075 3222 5134 ἶδίαν
3285 5079 3493 5154 μητέρα
3553 5072 3877 5154 ἰοχαϐἑτην

2222 5167 2525 5246 λεγομένην
2578 5166 2738 5222 καλεῖ
2790 5169 2864 5232 ὡς
2926 5166 3248 5244 ἀλλοτρίαν,
3307 5170 3396 5223 καὶ
3461 5167 3682 5240 μισθοὺς
3746 5165 3878 5222 ὑπο-

2222 5258 2504 5332 σχεθέντος
2579 5258 2717 5330 αὐτῇ
2784 5261 2886 5325 τῆς
2960 5257 3197 5321 τιτθείας
3282 5258 3596 5330 ἀνατρέφειν
3684 5253 3876 5323 δοῦσα,

2225 5348 2358 5420 μετὰ
2377 5348 2476 5414 τὴν
2507 5346 2730 5419 πρώτην
2759 5345 2981 5414 ἠλικίαν
3052 5343 3395 5420 ἀνδρωθέντα
3447 5347 3684 5402 Μωυσέα
3745 5343 3879 5399 ὀνο-

1663 5445 2021 5502 XYLANDRI
2060 5447 2148 5502 ET
2185 5446 2401 5502 GOABI
2429 5445 2651 5500 ΝΟΤᾸΞ.

555 5547 649 5626 48),
679 5547 1043 5626 Hexametris
1072 5551 1336 5626 versibus
1368 5552 1591 5608 oraculi
1625 5554 1982 5609 sententiam
2043 5554 2320 5626 expressi.
2355 5553 2419 5606 In
2467 5553 2665 5607 Graeco
2721 5552 2968 5609 confusa
3001 5554 3204 5609 omnia
3237 5557 3394 5621 sunt,
3428 5557 3486 5606 et
3519 5556 3718 5606 tamen
3752 5565 3878 5605 non

457 5619 733 5676 videntur
763 5620 945 5677 fuisse
977 5621 1199 5694 ἄμετρα.
1235 5623 1370 5681 Χγι.
