4156 6188
487 319 603 381 10⁸1

1846 312 2167 374 GEORGII
2196 309 2543 373 CEDRENI

3778 318 3900 381 108

486 454 569 510 cit
596 453 689 509 his
712 450 937 508 verbis:
974 451 1341 506 Abrahamus
1355 447 1621 502 Isaacum
1653 442 2134 517 genuit,§lsaacus

2246 441 2435 507 ¹Ἡσαῦ,
2494 440 2675 504 καθὼς
2742 442 2777 510 ἡ
2835 439 3021 516 Γραφὴ
3098 441 3347 516 πέμπτον
3413 442 3572 499 αὐτὸν
3629 430 3735 501 ἆπό
3798 450 3901 502 τοῦ

486 545 725 608 Esaum,
759 542 939 596 Pisans
963 543 1182 611 Ragum
1210 543 1268 591 et
1317 538 1541 596 Zaram,
1593 537 1733 589 Zara
1786 533 2020 588 .lobum.
2080 533 2133 588 Is

486 632 666 688 Jobus
697 631 785 684 vir
812 629 923 684 fuit
944 630 1229 682 honestus
1253 641 1319 680 ac
1340 624 1552 697 gravis,
1586 623 1667 677 ita
1699 623 1771 678 de
1798 640 1859 679 se
1886 622 2092 677 dicens
2118 636 2131 676 :

489 742 518 772 ιι
552 719 716 785 Quod
738 718 786 772 si
809 716 1013 771 oculus
1041 730 1204 769 meus
1221 714 1479 769 alienam
1506 712 1814 768 mulierem
1839 716 2135 766 consecta-

487 816 581 864 tus
603 813 710 870 est,
746 810 980 875 pactum
1012 820 1147 859 cum
1187 802 1375 858 oculis
1404 802 1554 857 meis
1592 801 1704 857 feci
1737 802 1778 855 ³.
1816 823 1841 848 ιι
1876 800 2025 866 Quin
2079 804 2136 853 et

486 910 592 968 pro
624 893 828 947 liberis
860 892 984 946 suis
1006 893 1122 946 Deo
1154 892 1419 962 quotidie
1468 890 1834 945 sacrificavit.
1861 888 2018 960 quod
2045 888 2135 942 di-

486 987 647 1039 ceret
698 988 963 1037 metuere
1019 997 1082 1035 se
1127 997 1202 1036 ne
1254 981 1294 1035 ii
1355 980 1581 1051 aliquid
1638 980 1919 1035 adversus
1955 979 2134 1033 Deum

487 1073 686 1129 animo
745 1072 1093 1141 agitassent.
1136 1073 1312 1126 Recte
1358 1071 1560 1141 itaque
1615 1069 1918 1141 Scriptura
1973 1068 2130 1122 ait’:

487 1185 516 1214 ο(
553 1164 624 1217 Et
677 1168 802 1216 erat
860 1161 1039 1215 homo
1096 1160 1199 1214 ille
1260 1158 1755 1231 integer,justus,
1816 1158 1948 1229 pius
2001 1173 2138 1229 erga

488 1253 696 1317 Deum,
734 1270 755 1301 ι
794 1256 904 1305 etc.
935 1251 1076 1305 Nam
1094 1249 1321 1321 profani
1346 1247 1683 1319 philosophi
1707 1246 2010 1302 hominem
2041 1246 2137 1301 de-

490 1340 725 1409 finiunt,
759 1338 983 1394 animal
1015 1339 1244 1393 ratione
1276 1337 1589 1410 praaditum
1623 1337 1892 1392 mortale.
1948 1336 2137 1391 Sacra)

493 1432 589 1487 78
622 1436 820 1486 autem
844 1429 1075 1484 Littera:
1098 1446 1217 1484 non
1242 1429 1552 1498 ita,verum
1576 1429 1688 1483 hoc
1711 1427 1885 1483 modo
1913 1443 1928 1482 :
1953 1427 2137 1482 Homo

492 1526 582 1576 est
609 1521 710 1592 qui
741 1521 926 1575 Deum
950 1520 1043 1591 pie
1068 1518 1226 1585 colit,
1254 1518 1456 1590 justus
1479 1522 1653 1585 est,et
1682 1517 1755 1573 ab
1787 1516 1949 1571 omni
1981 1515 2138 1571 malo

489 1610 751 1666 facinore
782 1608 1058 1664 abstinet.
1086 1609 1227 1662 Nam
1250 1608 1347 1678 qui
1382 1606 1591 1662 harum
1632 1606 1913 1661 virtutum
1972 1605 2139 1659 testi-

491 1699 689 1755 monio
722 1698 1205 1763 destituitur,non
1238 1696 1415 1751 homo
1443 1695 1565 1757 ille,
1590 1693 1694 1749 sed
1716 1695 1916 1751 bellua
1944 1699 2048 1748 est.
2083 1694 2139 1747 Si

493 1790 650 1845 enim
670 1794 896 1843 naturzn
928 1788 1204 1842 humanae
1237 1794 1437 1841 notam
1480 1785 1704 1840 habens
1764 1785 2133 1856 impressam.

492 1895 622 1935 eam
654 1877 973 1932 voluntatis
1015 1877 1299 1947 pravitate
1357 1876 1742 1940 contaminat,
1774 1874 1974 1929 audiet
2003 1890 2141 1944 pro-

491 1970 684 2040 pheta:
747 1966 1184 2023 sententiam‘:
1246 1988 1271 2014 ‹‹
1328 1967 1513 2019 Homo
1590 1980 1725 2019 cum
1806 1964 1866 2018 in
1949 1962 2139 2034 pretio

495 2062 670 2121 esset,
692 2072 812 2111 non
843 2053 1259 2110 animadvertit
1315 2054 1418 2108 sed
1451 2057 1829 2124 comparatus
1887 2058 1975 2107 est
2034 2067 2137 2122 pe-

493 2145 743 2202 cudibus
793 2143 1004 2209 brutis,
1057 2143 1390 2214 similisque
1450 2158 1657 2198 eorum
1705 2141 1983 2197 factus.»
2014 2141 2138 2206 Quo

494 2236 694 2305 itaque
723 2232 897 2288 modo
926 2248 1055 2297 nos,
1090 2248 1225 2287 cum
1257 2230 1331 2286 ad
1361 2231 1623 2303 aliquam
1665 2247 1790 2286 rem
1848 2230 2138 2302 agendam

495 2323 686 2379 filium
719 2328 822 2378 aut
841 2320 1127 2378 famulum
1164 2321 1476 2384 mittimus,
1497 2337 1630 2375 eum
1655 2325 1721 2374 ut
1752 2319 2056 2374 hominem
2076 2336 2137 2374 se

492 2410 552 2467 in
587 2429 649 2467 re
681 2428 751 2467 ea
779 2427 983 2482 gerere
1007 2409 1312 2482 jubemus,
1345 2416 1522 2481 atque
1553 2409 1636 2465 ita
1679 2425 1996 2465 commune
2022 2425 2138 2477 no-

490 2518 629 2557 men
661 2501 947 2574 peculiari
973 2500 1201 2556 ratione
1224 2516 1582 2572 usurpamus
1607 2515 1620 2564 ;
1644 2499 1725 2555 ita
1742 2498 1976 2555 etiamsi
2020 2515 2141 2553 om-

488 2607 597 2645 nes
613 2590 889 2645 homines
911 2605 1131 2644 nomen
1150 2588 1411 2643 hominis
1440 2593 1672 2659 gerunt,
1706 2589 1754 2642 is
1786 2594 1985 2643 tamen
2037 2604 2140 2642 so-

486 2679 582 2735 lus
615 2680 791 2734 homo
822 2694 955 2732 vere
984 2683 1092 2737 est.
1120 2678 1219 2747 qui
1249 2677 1568 2749 imaginem
1610 2682 1800 2731 servat
1843 2677 2141 2749 primique

490 2767 844 2837 exemplaris
869 2765 1371 2836 pulchritudinem
1419 2781 1540 2819 non
1590 2764 1896 2819 deformat.
1928 2765 2138 2820 Jobum

491 2871 629 2927 ergo
662 2860 721 2909 et
750 2853 1052 2908 hominem
1075 2852 1390 2923 appellavit
1408 2858 1466 2907 et
1495 2853 1620 2907 solo
1644 2853 1908 2907 Ausitide
1934 2860 2138 2908 natum

487 2948 554 2998 ut
581 2941 1190 3013 aterraimpietatem
1240 2941 1609 3013 germinante
1663 2941 1919 2996 fructum
1961 2940 2137 2996 talem

492 3030 718 3087 editum
758 3030 1042 3087 celebres.
1077 3031 1261 3096 Quem
1311 3030 1587 3102 princeps
1620 3030 1815 3085 omnis
1861 3030 2003 3085 mali
2065 3030 2142 3084 vi-

488 3121 658 3185 dens,
677 3121 896 3177 invidia
927 3126 1141 3187 motus,
1176 3137 1209 3176 a
1258 3121 1374 3175 Deo
1425 3120 1594 3191 petiit
1651 3125 1717 3175 ut
1765 3120 1876 3175 sibi
1930 3136 2140 3175 vexare

2246 524 2497 602 Ἀϐραὰμ
2577 527 2746 603 λέγει.
2830 524 3087 602 Ἀϐραὰμ
3164 532 3290 607 γὰρ,
3378 532 3563 606 φησῖν,
3643 531 3900 612 ἐγέννησε

2241 617 2333 673 τὸν
2368 618 2566 685 Ἰσαὰκ,
2608 618 2790 674 Ἰσαὰκ
2819 615 2875 674 δί
2903 619 2995 673 τὸν
3053 620 3241 688 Ἡσαῦ,
3282 621 3448 677 Ἠσαῦ
3516 620 3573 679 δὲ
3627 625 3718 679 τὸν
3766 626 3897 681 Ῥαο

2242 706 2421 784 γουήλ
2453 710 2664 764 καὶτὸν
2697 709 2860 781 liga,
2921 708 3063 783 Ζαρα
3122 709 3179 766 δὲ
3232 711 3324 765 τὸν
3357 708 3503 777 Ἰὼϐ,
3563 714 3623 775 ’ὀς
3682 713 3896 788 ἐγένετο

2243 797 2525 874 ἅνθρωπος
2558 799 2787 879 σώφρων
2811 798 2900 854 καὶ
2934 800 3152 871 σεμνὸς,
3201 796 3374 877 λέγων
3427 798 3621 865 οὕτως*
3656 828 3684 855 α
3716 804 3779 861 Ei
3838 802 3898 861 δὲ

2241 887 2330 943 καὶ
2364 886 2809 958 ἐπηκολούθησεν
2842 888 2870 942 ὁ
2938 886 3223 964 ὀφθαλμός
3284 910 3389 963 μου
3444 893 3658 966 γυναικὶ
3718 892 3898 950 ἀλλο-

2243 978 2389 1051 τρίᾳ,
2418 977 2506 1031 καὶ
2546 972 2813 1048 διαθήκην
2865 974 3122 1051 διεθέμην
3178 984 3294 1041 τοῖς
3353 978 3658 1057 ὀφθαλμοῖς
3700 1004 3826 1055 μου.
3860 1005 3888 1036 ιι

2244 1065 2322 1123 Οὐ
2384 1067 2491 1141 μὴν
2553 1061 2610 1120 δὲ
2666 1064 2812 1121 ἀλλὰ
2867 1066 2958 1121 καὶ
3037 1066 3169 1141 ὑπὲρ
3221 1071 3329 1123 τῶν
3415 1069 3627 1125 οίκεῖων
3698 1073 3898 1128 τέκνων

2245 1154 2431 1218 θυσίας
2492 1161 2738 1230 προσῆγε
2801 1156 2920 1219 καθ’
2979 1156 3235 1231 ἡμέρανρ
3280 1158 3520 1234 φάσκων*
3579 1184 3607 1212 ‹‹
3666 1164 3899 1231 Μήποτε

2244 1241 2383 1298 κακὰ
2412 1241 2696 1314 ένενόησαν
2726 1244 2862 1316 πρὸς
2892 1243 2983 1299 τὸν
3041 1245 3193 1303 Θεόν.
3230 1269 3258 1297 ››
3313 1246 3556 1309 Εἰκότως
3615 1247 3707 1303 οὖν
3765 1244 3894 1324 ἔφη’

2246 1356 2274 1383 ‹‹
2335 1332 2432 1386 Καὶ
2489 1331 2555 1401 ἦν
2614 1332 2643 1386 ὁ
2699 1331 2987 1405 ἅνθρωπος
3038 1331 3245 1396 ἐκεῖνος
3299 1333 3611 1409 ἄμεμπτος,
3668 1335 3894 1411 δίκαιος,

2247 1414 2526 1488 θεοσεϐἠν,
2564 1445 2590 1472 ››
2620 1421 2709 1475 καὶ
2740 1421 2806 1475 τὰ
2837 1421 2979 1494 ἑξῆς.
3014 1422 3081 1479 Οἱ
3138 1422 3232 1496 μὶν
3289 1424 3391 1500 γὰρ
3450 1418 3551 1498 ἔξω
3601 1425 3897 1507 φιλόσοφοι

2244 1511 2336 1564 τὸν
2371 1509 2497 1584 ὅρον
2527 1507 2820 1581 δηλοῦντες
2848 1515 2945 1568 τοῦ
3003 1512 3292 1586 ἀνθρώπου
3347 1516 3524 1593 φασίν·
3568 1517 3896 1591 ’Ἄνθρωπός

2248 1597 2360 1653 ἐστι
2393 1602 2530 1668 ζῶον
2564 1598 2791 1674 λογικὸν
2823 1599 3040 1669 θνητόν·
3076 1603 3111 1670 ἡ
3146 1600 3204 1656 δὶ
3271 1603 3388 1665 θεία
3420 1605 3603 1683 Γραφὴ
3640 1603 3749 1682 οὐχ
3803 1607 3899 1662 οῧ-

2247 1707 2381 1754 τως,
2434 1685 2564 1743 ἀλλ’
2598 1707 2611 1721 ⁸
2687 1689 3010 1763 Ἄνθρωπός
3070 1689 3182 1744 ἐστι
3242 1686 3525 1762 θεοσεϐἡς,
3584 1691 3897 1769 ἄμεμπτος,

2255 1773 2487 1844 δίκαιος,
2570 1776 2911 1853 ἀπεχόμενος
2970 1779 3075 1834 ἀπὸ
3133 1780 3327 1842 παντὸς
3356 1786 3599 1857 πονηροῦ
3643 1784 3900 1859 πράγμα⁹

2255 1888 2370 1938 τος,
2402 1867 2479 1931 ὡς
2533 1868 2629 1940 ὅγε
2664 1868 2885 1930 τούτοις
2946 1871 3021 1941 μὴ
3085 1869 3572 1945 μεμαρτυρημένος
3626 1870 3750 1928 οὖδὶ
3808 1872 3899 1928 ἅν-

2249 1959 2489 2031 θρωπος,
2523 1955 2668 2012 ἀλλᾶ
2705 1956 2902 2027 nava;
2935 1956 3099 2015 ἐστιν.
3143 1959 3270 2016 Ἐὰν
3299 1959 3402 2035 γὰρ
3434 1956 3541 2039 ἔχῃ
3600 1962 3692 2016 τὸν
3723 1980 3898 2037 χαρα-

2247 2052 2422 2120 κτῆρα
2446 2053 2547 2115 τῆς
2591 2044 2801 2124 φύσεως
2865 2044 3060 2123 ὑϐρίζῃ
3130 2044 3188 2103 δὲ
3242 2048 3401 2104 αὐτὸν
3458 2054 3527 2124 τῇ
3587 2050 3746 2122 κακίᾳ
3801 2056 3901 2119 τῆς

2248 2136 2640 2210 προαιρέσεως,
2729 2136 3014 2192 ἀκούσεται
3070 2137 3217 2212 παρὰ
3279 2142 3378 2193 τοῦ
3463 2142 3748 2218 προιρήτου
3806 2141 3896 2197 λέ-

2249 2244 2464 2302 γοντος-
2501 2250 2527 2275 (ι
2561 2225 2884 2301 Ἀνθρωπος
2916 2223 2966 2280 ἒν
2996 2229 3134 2300 τιμῇ
3194 2223 3270 2280 ὢν
3326 2226 3389 2282 οὐ
3448 2233 3663 2301 συνῆκε,
3724 2251 3896 2305 παρα.

2249 2308 2556 2386 συνεὸλτςθη
2588 2319 2705 2377 τοῖς
2735 2316 2951 2386 κτήνεσι
2992 2320 3099 2378 τοῖς
3145 2315 3424 2388 ἀνοήτοις,
3481 2317 3571 2373 καὶ
3627 2318 3895 2392 ὡμοιώθη

2249 2403 2453 2465 αὐτοῖς.
2521 2427 2548 2453 ››
2597 2405 2801 2478 Ὠσπερ
2857 2406 3040 2459 τοίνυν
3098 2406 3186 2460 καὶ
3246 2408 3412 2478 ἡμεῖς
3467 2406 3900 2471 ἀποστέλλοντες

2249 2494 2364 2548 υτον
2412 2492 2448 2562 ἢ
2508 2492 2722 2563 οἰκέτην
2785 2495 2871 2567 [Ρ.
2931 2495 3021 2568 44]
3075 2492 3163 2549 ἐπί
3220 2516 3342 2551 τινα
3396 2500 3586 2572 πρᾶξιν
3640 2496 3899 2576 λέγομεν,

2251 2583 2340 2645 Ὠς
2396 2580 2682 2657 ἄνθρωπος
2752 2583 2885 2657 ’ἅψαι
2948 2591 3049 2653 τῆς
3119 2584 3388 2660 πράξεως,
3449 2587 3539 2641 καὶ
3600 2587 3665 2641 τὸ
3722 2589 3900 2643 κοινὸν

2250 2670 2565 2744 ποιούμεθα
2630 2668 2792 2725 ἲδιον·
2855 2671 3028 2733 οὕτως
3089 2672 3133 2727 εἰ
3194 2674 3281 2729 καὶ
3351 2674 3542 2737 πάντες
3626 2673 3902 2752 ἄνθρωποι

2293 2759 2530 2834 έγονται,
2567 2759 2731 2833 μόνος
2761 2759 2964 2821 ἐκεῖνος
2994 2760 3221 2829 ἀληθῶς
3279 2761 3423 2818 ἐστιν
3482 2763 3510 2818 ὁ
3574 2766 3676 2834 τήν
3718 2764 3899 2821 εῗκὸνα

2253 2850 2441 2917 σώζων
2467 2849 2555 2903 καὶ
2583 2848 2646 2904 τὸ
2696 2849 3053 2921 πρωτότυπον
3091 2852 3167 2922 μή
3239 2852 3525 2931 ἀφανίζων.
3584 2854 3749 2910 Εἶπεν
3809 2853 3901 2910 οῦν

2250 2935 2342 2990 τὸν
2378 2930 2502 2991 Ἰὼϐ
2535 2934 2819 3010 ἄνθρωπον
2878 2937 2968 2991 καὶ
3027 2938 3132 2993 ἀπὸ
3196 2930 3296 3008 τῆς
3354 2938 3645 3004 Αὐσίτιδος
3682 2943 3898 3017 χώρας,

2251 3024 2399 3088 ὅπως
2433 3024 2492 3079 ἐκ
2523 3031 2624 3095 τῆς
2654 3026 2920 3097 κομώσης
2949 3033 3053 3102 γῆς
3109 3029 3209 3096 τήν
3265 3026 3511 3086 ἀσέϐειαν
3566 3032 3661 3087 τὸν
3689 3034 3900 3109 καρπὸν

2250 3113 2599 3203 ἀνυμνήσεις.
2631 3120 2722 3168 ⁸ον
2757 3115 2784 3169 ὁ
2816 3114 3122 3191 ἀρχέκακος
3181 3119 3346 3193 ὁρῶν,
3406 3121 3496 3176 καὶ
3547 3123 3729 3203 φθόνῳ
3761 3121 3898 3198 βαλ-

488 3211 721 3285 justum
777 3211 1169 3284 permitteret,
1214 3216 1277 3267 ut
1327 3215 1389 3263 tu
1451 3226 1684 3280 quoque
1742 3209 1882 3265 hinc
1940 3210 2134 3265 animo

2252 3202 2507 3276 λόμενος,
2550 3203 2781 3260 αἲτεῖται
2837 3206 2981 3277 παρὰ
3035 3212 3170 3262 Θεοῦ
3221 3210 3312 3264 τὸν
3369 3211 3505 3267 κατα
3558 3191 3655 3267 τοῦ
3686 3210 3900 3268 δικαίου

489 3301 679 3357 ﬁdens
712 3299 839 3365 fias,
874 3300 1136 3355 sentiens
1182 3297 1417 3353 diabolo
1455 3298 1604 3352 nihil
1667 3315 1796 3353 esse
1854 3298 2136 3354 adversus

490 3390 656 3461 pium
685 3405 938 3459 vereque
962 3388 1362 3443 Christianum
1387 3389 1560 3445 etDei
1582 3390 1794 3449 timore
1822 3390 2135 3461 praeditum

485 3479 816 3550 potestatis,
844 3477 959 3532 nisi
997 3477 1051 3531 ei
1075 3477 1358 3531 divinitus
1400 3478 1476 3532 sit
1530 3479 1909 3549 permissum,
1957 3478 2134 3550 idque

486 3567 577 3621 vel
608 3565 934 3638 castigandi
966 3582 1143 3620 causa
1184 3565 1275 3619 vel
1325 3568 1729 3622 concessione.
1785 3569 1927 3622 Cum
1978 3569 2135 3624 enim

487 3655 937 3728 castigationem
968 3654 1141 3710 affert
1169 3655 1344 3717 Deus,
1377 3661 1478 3709 aut
1526 3662 1901 3727 peccatorum
1936 3674 2004 3713 ea
2031 3674 2134 3714 ra-

485 3743 647 3799 tione
689 3760 891 3815 pmnas
936 3744 1139 3811 sumit,
1173 3751 1274 3799 aut
1303 3743 1559 3799 divinam
1594 3746 1870 3801 virtutem
1902 3752 2137 3803 exercet

488 3833 563 3890 ad
590 3833 891 3888 victoriam
918 3850 981 3886 re
1015 3832 1164 3887 bene
1193 3839 1359 3905 gesta
1417 3834 1759 3905 parandam.
1814 3837 1940 3891 Non
1975 3837 2134 3891 enim

489 3923 755 3995 injussus
785 3921 1057 3978 diabolus
1101 3922 1393 3993 potuisset
1419 3923 1626 3978 Jobum
1651 3925 1910 3997 aggredi.
1937 3928 2135 3997 Neque

489 4010 549 4065 id
573 4010 677 4065 tibi
708 4010 927 4066 mirum
951 4010 1061 4065 sit:
1112 4027 1251 4066 nam
1282 4011 1344 4066 in
1376 4012 1704 4085 Evangeliis
1732 4013 2001 4070 auditum
2049 4020 2138 4070 est

490 4117 563 4156 ne
598 4101 658 4154 in
691 4116 903 4172 porcos
935 4098 1176 4171 quidem
1208 4100 1322 4156 nisi
1359 4101 1453 4156 79
1487 4103 1778 4173 permissu
1802 4103 1902 4158 Dei
1963 4103 2135 4174 quid-

491 4206 670 4261 quam
704 4189 757 4243 ei
788 4188 1307 4245 1icere.Enimvero
1341 4190 1519 4245 divini
1549 4191 1742 4262 angeli
1777 4192 2007 4262 piorum
2040 4209 2132 4247 sa-

487 4278 596 4335 luti
621 4278 1191 4333 inserviunt.0mnes
1222 4280 1404 4345 enim,
1430 4280 1513 4334 ait
1537 4280 1857 4351 Scriptura,
1891 4282 2134 4351 spiritus

488 4372 627 4424 sunt
674 4367 749 4423 ad
806 4366 1206 4423 ministerium
1265 4369 1477 4439 parati,
1550 4369 1985 4440 mittunturque
2060 4369 2134 4424 ad

485 4456 932 4512 inserviendum
965 4462 1209 4529 prOpter
1241 4474 1342 4512 eos
1373 4459 1474 4527 qui
1508 4458 1759 4512 salutem
1794 4463 1933 4512 sunt
1964 4458 2132 4513 here-

2247 3294 2568 3367 πειρασμὸν,
2596 3291 2687 3348 ’ἱνα
2746 3295 2807 3349 σὺ
2872 3294 3068 3371 θάρσος
3121 3291 3319 3373 λάϐῃς,
3378 3301 3465 3354 καὶ
3524 3301 3699 3376 μάθῃς
3747 3302 3898 3364 ὅπως

2247 3382 2348 3437 οὐκ
2377 3378 2497 3457 ἔχει
2524 3381 2764 3453 ἐξουσίαν
2813 3380 3026 3456 δαίμων
3076 3387 3211 3441 κατὰ
3261 3384 3543 3452 θεοσεϐοῦς
3600 3392 3689 3445 καὶ
3723 3390 3895 3455 ὅντως

2248 3472 2572 3544 Χριστιανοῦ
2609 3472 2698 3527 καὶ
2731 3468 3075 3550 φοϐουμένου
3132 3478 3224 3531 τὸν
3276 3478 3434 3547 Θεὸν,
3489 3478 3576 3535 έᾶν
3638 3483 3713 3553 μή
3774 3481 3897 3536 ἐπι-

2244 3562 2420 3635 τροπὴ
2457 3562 2654 3616 ἄνωθεν
2685 3563 2905 3637 γένηται
2939 3563 2973 3633 ἢ
3009 3561 3096 3618 διὰ
3154 3562 3400 3621 παιδείαν
3453 3569 3488 3638 ἢ
3548 3566 3637 3624 διὰ
3666 3571 3893 3648 συγγώ-

2247 3671 2424 3725 ρησιν.
2455 3651 2614 3706 Ὅταν
2646 3652 2754 3727 γὰρ
2785 3653 2968 3729 ἀπάγῃ
3003 3654 3030 3707 ὁ
3056 3654 3184 3716 Θεὸς
3226 3653 3606 3733 παιδευτήρια,
3646 3659 3681 3728 ἢ
3742 3639 3895 3721 δίκας

2245 3739 2464 3794 ἀπαιτεῖ
2526 3744 2634 3794 τῶν
2690 3741 3170 3815 ἁμαρτημάτωνῆ
3230 3745 3328 3813 τήν
3383 3743 3581 3820 ἀρετὴν
3632 3747 3895 3824 γυμνάζει

2244 3833 2351 3883 τῶν
2383 3827 2539 3883 θείων
2586 3831 3052 3906 κατορθωμάτων.
3120 3832 3197 3891 Οὔ
3261 3835 3362 3910 γὰρ
3419 3833 3666 3907 ἠδυνήθη
3727 3836 3895 3893 πολε-

2250 3924 2422 3991 μῆσαι
2449 3916 2530 3991 τῷ
2562 3913 2715 3986 Ἰὼϐ,
2751 3916 2856 3981 ἕως
2890 3919 3164 3995 ἐπετράπη
3197 3922 3241 3979 θ.
3289 3925 3385 3979 Καὶ
3447 3925 3526 3999 μὴ
3583 3927 3892 4003 θαυμάσῃς,

2246 4006 2369 4063 οὐδὲ
2395 4009 2496 4084 γὰρ
2526 4007 2662 4063 κατᾶ
2691 4007 2899 4083 χοίρων
2944 4007 3184 4081 ἐξουσίαν
3228 4010 3367 4088 ἔχει,
3426 4016 3605 4078 καθὼς
3663 4015 3715 4071 ἐν
3774 4024 3892 4081 τοῖς

2247 4095 2604 4172 Εὑαγγελίοις
2630 4096 2889 4167 ἤκουσας.
2932 4100 2994 4154 Οἱ
3051 4101 3147 4173 μὲν
3209 4103 3301 4157 οὗν
3334 4103 3470 4159 θεῖοι
3514 4103 3739 4180 ἄγγελοι
3771 4105 3892 4162 δια-

2244 4191 2463 4241 κονοῦσι
2523 4191 2644 4251 ταῖς
2697 4192 2804 4242 τῶν
2892 4188 3104 4265 ἀγαθῶν
3194 4192 3493 4267 ἀνθρώπων
3568 4198 3887 4273 σωτηρίαιςο

2245 4276 2445 4338 Πάντες
2475 4278 2602 4351 γὰρ,
2665 4276 2822 4353 φησὶ,
2882 4276 3233 4356 λειτουργικὰ
3290 4283 3574 4358 πνεύματά
3622 4285 3752 4342 εἰσιν
3818 4289 3893 4351 εἷς

2246 4360 2516 4419 διακονίαν
2547 4364 2996 4439 ἀποστελλόμενα
3032 4366 3122 4423 διὰ
3148 4369 3275 4434 τοὺς
3314 4369 3618 4439 μέλλοντας
3681 4374 3894 4452 κληρο-

2241 4458 2426 4531 νομεῖς
2460 4454 2756 4530 σωτηρίαν*
2802 4457 2855 4511 οἱ
2897 4455 2954 4512 δὲ
3004 4461 3239 4535 πονηροὶ
3289 4459 3547 4537 δαίμονες
3603 4473 3721 4530 ταῖς
3758 4471 3896 4525 κατὰ

483 4546 694 4602 ditario
725 4547 1046 4617 accepturi.
1079 4546 1210 4601 Mali
1250 4552 1448 4600 autem
1503 4547 1659 4614 genii
1711 4545 1784 4600 ad
1845 4547 2134 4619 supplicia

2246 4547 2350 4598 τῶν
2385 4544 2728 4620 ἁμαρτωλῶν
2756 4547 3072 4622 τιμωρίαις.
3107 4576 3133 4601 ‹‹
3172 4548 3549 4625 Ἐξαπέστειλε
3576 4556 3894 4635 γὰρ,ᾳησέν,

481 4634 894 4709 peccatoribus
917 4633 1116 4688 debita
1145 4635 1620 4705 usurpantur.lta
1652 4635 1808 4689 enim
1844 4636 2129 4706 scriptum

483 4729 591 4790 est,
617 4746 643 4772 ‹‹
677 4721 888 4775 Emisit
911 4722 970 4774 in
996 4721 1156 4790 ipsos
1178 4721 1327 4775 iram
1359 4720 1539 4775 animi
1574 4720 1686 4787 sui,
1722 4743 1747 4769 ››
1774 4721 1945 4793 iram,
1976 4724 2135 4779 furo-

482 4825 609 4864 rem
642 4813 699 4859 et
728 4805 1129 4860 calamitatem
1155 4821 1372 4861 vocans
1391 4807 1609 4862 emissa
1640 4824 1745 4879 per
1796 4810 1985 4865 malos
2036 4828 2137 4877 ge-

482 4895 634 4949 nios.
674 4891 738 4944 lli
772 4892 932 4945 enim
956 4908 1297 4963 quanquam
1329 4893 1530 4950 dedita
1561 4913 1740 4967 opera
1770 4898 2032 4955 habenas
2048 4880 2137 4956 di-

480 4981 632 5036 vinm
662 4979 981 5037 voluntatis
1007 4990 1414 5047 excusserunt.
1449 4991 1646 5042 tamen
1662 4989 1805 5061 jugo
1837 4991 2135 5046 servitutis

481 5077 621 5127 sunt
651 5070 1308 5145 subditi,cogunturque
1335 5074 1511 5131 veluti
1544 5078 1858 5134 carnifices
1888 5080 2131 5151 quidam

480 5174 515 5214 θ.
544 5161 660 5216 Deo
688 5167 745 5216 et
770 5162 992 5217 sanctis
1019 5161 1314 5234 imperata
1344 5166 1747 5237 capessere.ld
1778 5166 1994 5225 Paulus
2026 5170 2128 5225 de-

550 5249 572 5283 ²
601 5248 728 5305 Job.
756 5268 912 5319 χχχι,
946 5255 996 5305 1.
1092 5249 1115 5285 ³
1143 5252 1247 5309 Job
1281 5270 1317 5321 1,
1354 5256 1402 5309 1.
1481 5254 1505 5289 ⁸
1536 5255 1693 5310 Psal.
1725 5273 1909 5322 XLVIII,
1947 5261 2032 5315 13.

2239 4631 2314 4693 εἷς
2339 4630 2529 4694 αὐτοὺς
2562 4633 2727 4709 ὀργῆν
2757 4636 2935 4709 θυμοῦ
2963 4636 3151 4706 αὐτοῦ,
3187 4663 3213 4689 ››
3246 4641 3419 4713 θυμὸν
3466 4644 3554 4697 καὶ
3592 4630 3773 4721 γόργῆν
3803 4647 3894 4702 καὶ

2246 4719 2456 4808 θλῖψιν,
2492 4720 2810 4793 ἀποστολὴν
2841 4722 2910 4779 δι’
2968 4726 3217 4802 ἀγγέλων
3274 4735 3550 4808 πονηρῶν,
3585 4734 3653 4790 Οἱ
3687 4719 3894 4792 τοίνυν

2244 4807 2523 4881 δαίμονες,
2557 4810 2602 4867 εἷ
2650 4813 2741 4868 καὶ
2795 4814 3092 4891 ἀφηνῖασαν
3141 4821 3209 4894 τῇ
3269 4819 3540 4894 προθέσει,
3600 4820 3731 4881 ἀλλ’
3790 4826 3893 4882 ὑπὸ

2245 4899 2403 4978 ζυγὸν
2438 4905 2636 4956 κεῖνται
2683 4909 2784 4972 τῆς
2844 4902 3117 4976 δουλείας,
3186 4908 3276 4963 καὶ
3330 4909 3642 4967 κελεύονται
3694 4917 3891 4990 πρᾶξαι

2242 4991 2316 5053 ὡς
2350 4989 2545 5065 δήμιοί
2588 5011 2732 5056 τινες
2785 4993 2853 5048 τὰ
2906 4997 3349 5071 προσταττόμενα
3397 5002 3541 5074 παρὰ
3597 5007 3693 5059 τοῦ
3745 4989 3894 5062 Θεοῦ

2239 5081 2327 5135 καὶ
2360 5084 2469 5135 τῶν
2500 5081 2694 5158 ἁγίων.
2730 5083 2825 5137 Καὶ
2861 5079 3026 5154 δηλοῖ
3072 5085 3290 5150 Παῦλος
3347 5091 3469 5166 περὶ
3527 5096 3636 5148 τῶν
3694 5097 3896 5171 Κοριν-

2241 5169 2373 5224 θίων
2406 5172 2521 5243 (50)
2552 5169 2748 5246 λέγων·
2781 5192 2807 5225 ι
2872 5172 2980 5235 Οὕς
3038 5172 3328 5249 παρέδωκα
3381 5182 3462 5253 τῷ
3515 5187 3747 5256 Σατανᾷ,
3780 5169 3891 5241 Ἵῖνα

1685 5354 2042 5413 ΧΥΙΑΝΒΠΙ
2099 5360 2185 5414 ΕΤ
2216 5358 2432 5416 GOARI
2472 5360 2697 5417 NOTAE.

545 5434 654 5516 (5'30:
683 5439 1021 5516 l.apsus_est
1049 5440 1401 5516 memoria);
1435 5441 1748 5516 non_enim
1782 5443 1855 5498 de
1907 5446 2118 5502 Corin-

475 5505 850 5587 t.hiis,s_ed'd_e
868 5509 1200 5587 liymenmo
1234 5517 1292 5587 et
1320 5512 1656 5587 Alexandro
1678 5518 1964 5585 apostatis
1995 5521 2122 5575 haec

474 5575 773 5659 dicuntur.
868 5575 1121 5659 Timoth.
1158 5585 1206 5636 t.
1251 5585 1621 5640 Corinthium
1655 5575 1893 5658 quidem
1942 5590 2119 5646 etiam

474 5648 668 5718 illum,
729 5651 829 5722 qui
895 5651 1187 5707 incestum
1247 5671 1379 5709 cum
1466 5648 1713 5713 noverca
1782 5659 2123 5731 conjugium

2228 5448 2719 5533 {ecerz1t.S_atanm
2752 5450 3109 5533 tradendum
3132 5454 3611 5533 judicavitidem
3641 5463 3886 5533 Paulus,

2230 5519 2277 5575 ll
2315 5520 2576 5606 Corinth.
2639 5538 2713 5603 v1_.
2754 5538 2924 5607 ‘quos
2982 5519 3165 5607 locos;
3200 5530 3472 5589 confudit
3524 5519 3891 5607 ἁμαρτήματὶ

2235 5598 2559 5663 μνημονικῷ
2589 5598 2841 5664 scriptor
2871 5602 3092 5652 noster.
3124 5599 3262 5654 XvL.
3563 5598 3577 5647 ἶ
