4148 6196
238 236 356 299 ua
1394 217 1941 302 msroauauu
1984 238 2524 304 conrennmu.
3551 241 3668 302 ιιι

232 373 292 425 οἱ
323 368 381 427 δὲ
411 366 708 444 Αἰγύπτιοι
756 363 1055 443 ὶφοϐοὖντο
1085 371 1212 436 τοὺς
1269 364 1553 447 Ἐϐραίους
1612 370 1686 432 ὡς
1755 389 1888 445 γενο

2020 372 2390 429 formidolosi
2422 380 2610 430 erant.
2644 375 2848 446 Itaque
2878 390 2980 430 eos
3014 374 3261 447 Egyptii
3321 373 3667 446 afﬂigebant

250 461 452 535 μένους
481 455 755 530 πολλοὺς,
787 458 876 514 καὶ
910 458 1137 514 ἰκάκουν
1181 459 1378 523 αὐτοὺς
1412 462 1480 534 τῇ
1512 457 1766 530 πλινθείᾳ
1816 479 1884 513 κα

2014 460 2300 520 lateribus
2333 462 2624 520 faciundis
2653 471 2928 538 urgentes
2960 481 3027 520 ac
3055 463 3178 520 luto
3209 462 3661 535 comportanda,

236 555 321 624 τῷ
372 547 565 623 πηλῷ,
622 548 1007 620 ἐπιστήσαντες
1091 550 1277 612 αὐτοῖς
1351 549 1640 610 ἐπιστάτας
1692 548 1888 622 βαρεῖς

2015 551 2410 622 prmﬁcientcs
2441 570 2645 609 eorum
2688 554 2852 626 operi
2906 560 3209 610 exactores
3266 553 3663 625 importunos.

235 641 332 697 καὶ
417 638 697 709 ἐστέναζον
774 634 1115 710 θλιϐόμενοι.
1197 639 1300 696 Καὶ
1359 637 1633 712 προσέσχε
1693 635 1888 712 βαρεῖς

2011 639 2198 695 Judaei
2231 643 2498 713 oppressi
2519 642 2836 714 gemebant
2860 661 2874 711 ;
2900 659 3225 713 eorumque
3246 643 3532 715 gemitum
3554 644 3670 699 Mo-

234 732 332 788 καί
378 730 592 806 Ἀαρὼν
648 735 731 802 τῷ
788 735 1072 805 στεναγμῷ
1136 729 1338 800 αὐτῶν,
1395 730 1484 784 καὶ
1545 725 1777 799 ηὔξαντο
1825 730 1888 798 τῖε

2013 745 2107 785 ses
2140 746 2208 785 ac
2239 732 2437 786 Aaron
2481 732 3051 797 animadvertebant,
3107 732 3513 803 auxiliumque
3563 733 3667 788 Dei

237 825 379 894 Θεῷ,
430 821 492 883 ’ὸς
549 819 643 875 καὶ
700 817 953 875 ἐκέλευσε
1000 823 1079 892 τῷ
1146 823 1370 877 Minius?
1456 815 1717 881 εἰσελθεῖν
1763 816 1888 891 πρὸς

2011 818 2427 891 implorabant.
2452 827 2610 878 Deus
2635 822 2775 878 Mosi
2792 822 3153 894 prmeepitut
3181 820 3258 876 ad
3292 821 3665 877 Pharaonem

237 909 447 986 Φαραὼ
478 952 493 967 .
544 909 636 964 καὶ
715 908 889 963 εἷπεῖν
951 907 1104 981 αὖτῷ
1160 904 1433 963 ἀπολῦσαι
1482 906 1573 963 τὸν
1613 903 1748 961 λαὸν
1800 908 1888 960 τοῦ

2008 908 2303 975 introiret,
2336 927 2592 983 eumque
2644 927 2751 966 suo
2798 911 3042 967 nomine
3085 910 3326 981 juberet
3372 910 3660 982 populum

236 997 485 1072 Ἰσραήλ,
519 997 807 1071 λατρεῦσαι
868 997 1057 1072 Κυρίῳ
1092 1001 1173 1070 τῷ
1225 1001 1343 1070 Θεῷ
1392 996 1594 1054 αὐτῶν.
1649 994 1750 1051 Καὶ
1786 991 1888 1049 εἱσ-

2007 998 2339 1056 Israelitum
2370 1000 2673 1057 dimittere
2706 1002 2781 1057 ad
2806 1002 3031 1058 cultum
3064 1003 3182 1057 Deo
3212 1018 3320 1057 suo
3366 1006 3659 1074 praestan—

236 1087 416 1144 ελθὼν
444 1092 685 1155 Minoa-ﬁ:
741 1084 831 1141 καὶ
865 1085 1078 1160 Ἀαρὼν
1131 1085 1271 1162 πρὸς
1323 1081 1527 1157 Φαραὼ
1575 1079 1888 1159 ἀνήγγειλεν

2007 1085 2169 1144 dum.
2202 1090 2471 1163 Aggressi
2503 1107 2705 1164 regem
2734 1092 2924 1147 Moses
2955 1097 3014 1147 et
3038 1092 3232 1147 Aaron
3263 1090 3367 1146 Dei
3406 1090 3660 1148 manda-

234 1178 388 1250 αὸτῷ
438 1178 539 1247 τήν
612 1178 712 1230 τοῦ
759 1177 894 1230 Θεοῦ
944 1173 1208 1231 κέλευσιν.
1256 1175 1317 1232 Ὁ
1374 1170 1432 1229 δὲ
1480 1173 1686 1250 Φαραὼ
1743 1169 1888 1247 λέγει

2004 1180 2129 1232 tum
2161 1184 2584 1251 exposuerunt.
2618 1179 2947 1251 Respondit
2975 1179 3204 1236 Pharao
3232 1195 3295 1233 :«
3329 1179 3386 1235 Si
3414 1195 3548 1235 vere
3572 1178 3663 1243 dig-

232 1265 442 1328 αὐτοῖς·
477 1290 507 1317 ι(
538 1264 604 1323 Ei
651 1263 933 1330 ἆληθεύεις
980 1262 1066 1319 ὅτι
1096 1264 1125 1320 ὁ
1154 1264 1284 1326 Θεός
1316 1284 1413 1319 σου
1440 1266 1611 1319 ταῦτα
1665 1259 1888 1317 ἕκὲλευ-

2001 1266 2087 1321 cis
2116 1267 2302 1323 Deum
2335 1274 2501 1323 tuum
2534 1268 2660 1325 hinc
2686 1269 3030 1338 mandasse,
3058 1285 3195 1325 ecce
3226 1284 3462 1325 mecum
3521 1273 3663 1323 sunt

232 1379 343 1427 σεν,
376 1354 521 1422 ἰδοὺ,
555 1354 689 1411 εῗσῖν
739 1354 1036 1430 Αἱγόπτιοι
1106 1356 1198 1409 σὺν
1251 1353 1373 1426 ἱμοὶ
1432 1357 1714 1417 ποιοῦντες
1760 1351 1888 1416 θαύ-

1998 1357 2250 1430 .Egyptii
2279 1358 2518 1413 mirifici
2552 1375 2566 1414 :
2599 1375 2702 1415 eos
2733 1360 2783 1415 si
2814 1366 2876 1415 tu
2907 1377 3017 1432 ope
3052 1359 3137 1415 tui
3168 1359 3272 1415 Dei
3300 1358 3534 1427 viceris,
3568 1359 3661 1414 fa-

232 1464 398 1521 ματα*
432 1446 525 1501 ἐὰν
555 1447 779 1519 νικήσῃς
812 1444 1011 1506 αὐτοὺς
1044 1441 1134 1499 διὰ
1175 1449 1273 1500 τοῦ
1332 1447 1468 1499 Θεοῦ
1500 1463 1618 1511 σου,
1675 1441 1888 1516 παρέξω

1999 1446 2151 1502 ciam
2174 1447 2333 1518 quod
2348 1450 2396 1503 is
2403 1447 2700 1520 jussit!“
2723 1448 2908 1505 Simul
2927 1449 3202 1506 adversos
3219 1449 3657 1505 constituerunt

228 1557 311 1592 σοι
344 1531 485 1609 ἅπερ
544 1533 811 1591 ἐκέλευσε.
853 1558 882 1587 ››
938 1536 1026 1609 [Ρ.
1080 1534 1172 1607 47]
1227 1531 1331 1591 Καὶ
1378 1530 1598 1602 ἔστησεν
1652 1529 1885 1586 ἰναντῖον

229 1624 499 1696 ἀλλήλων
564 1625 662 1680 τὸν
747 1623 953 1693 Ἰαννῆν
1038 1622 1129 1678 καὶ
1185 1622 1277 1679 τὸν
1330 1616 1597 1697 Ἰαμϐρῆν
1647 1621 1737 1676 καὶ
1790 1621 1883 1676 τὸν

1997 1534 2071 1591 ab
2101 1552 2221 1592 una
2250 1544 2416 1609 parte
2444 1537 2692 1594 Jannem
2723 1544 2784 1594 et
2838 1537 3153 1609 Iambrem,
3186 1538 3260 1595 ab
3306 1537 3492 1595 altera
3539 1537 3655 1592 M0-

1998 1642 2121 1680 sem
2155 1631 2332 1697 atque
2362 1629 2677 1683 Aaronem.
2714 1629 2859 1700 Magi
2904 1628 3221 1703 praestigiis
3276 1628 3401 1684 suis
3456 1626 3648 1699 virgas

226 1715 468 1772 Μωϋσὲα
522 1714 615 1771 καὶ
683 1712 921 1781 ’Δαρώι
981 1714 1083 1769 Καὶ
1142 1709 1403 1784 ἐποίησαν
1459 1712 1511 1766 οἱ
1574 1711 1743 1784 μάγοι
1795 1707 1883 1765 διὸ

1998 1731 2134 1771 suas
2159 1716 2221 1771 in
2268 1733 2489 1791 angues
2527 1724 2916 1774 convertunt:
2952 1719 3114 1791 virga
3150 1734 3285 1774 vero
3324 1718 3524 1785 Mosis,
3574 1715 3648 1773 ab

229 1803 487 1880 γοητείας
571 1804 669 1866 τὰς
751 1797 986 1875 ῥάϐδους
1064 1801 1244 1856 αὐτῶν
1324 1800 1535 1877 ’ὀφειςί
1582 1801 1669 1855 καὶ
1727 1796 1889 1875 ῥίψας

232 1898 476 1963 Μωΰσῆς
505 1893 609 1961 τὴν
640 1884 844 1966 ῥάϐδον
896 1889 1067 1947 αὐτοῦ
1116 1890 1191 1950 εἷς
1219 1891 1320 1960 τήν
1347 1896 1477 1967 γῆν,
1508 1886 1719 1965 ἐγένετο
1772 1883 1894 1967 ὄφις

240 1981 403 2056 μέγας
432 1979 527 2035 καὶ
585 1978 807 2036 κατέπιε
852 1977 983 2043 τοὺς
1023 1977 1129 2034 ὑπὸ
1158 1981 1265 2034 τῶν
1324 1977 1509 2051 μάγων
1565 1973 1892 2052 γενομίνονς

236 2071 405 2150 δῩεις.
440 2068 541 2125 Καὶ
596 2067 922 2144 κατίσχυσεν
951 2069 986 2137 ἡ
1016 2064 1210 2143 καρδία
1237 2064 1462 2142 Φαραὼ,
1514 2065 1600 2120 καὶ
1655 2063 1753 2119 οὔκ
1783 2062 1883 2118 εἶσ-

239 2162 470 2230 τίκουσεν
528 2159 737 2231 αὐτῶν,
783 2157 1023 2232 καθάπερ
1078 2153 1344 2226 ἐλάλησεν
1390 2154 1578 2216 αὐτοῖς
1629 2152 1830 2229 Κύριος
1862 2152 1890 2208 ὁ

235 2248 388 2311 Θεός.
420 2248 520 2304 Καὶ
556 2253 677 2303 εἶπε
708 2247 903 2319 Κύριος
933 2246 1070 2322 πρὸς
1099 2248 1364 2314 Mentis-iw
1408 2267 1438 2296 ‹‹
1471 2240 1699 2299 Βιὸισον
1753 2242 1890 2316 πρὸς

241 2338 467 2412 Φαραὼ,
498 2336 591 2393 καὶ
623 2334 963 2409 ἐξελεύσεται
998 2336 1134 2409 μετᾶ
1182 2339 1281 2390 σοῦ
1338 2333 1418 2395 εἷς
1472 2333 1563 2388 τὸν
1618 2333 1891 2406 ποταμὸν,

240 2428 327 2483 καὶ
356 2428 532 2501 τύψον
554 2428 625 2499 τῇ
649 2420 839 2501 ῥάϐδῳ
870 2446 966 2481 σου
1007 2424 1074 2480 τὰ
1120 2421 1290 2479 ὕδατα
1334 2426 1433 2479 τοῦ
1491 2425 1765 2495 ποταμοῦ,
1797 2423 1887 2478 καὶ

237 2511 566 2591 μεταϐαλεῖς
606 2516 743 2572 αἱ)τὰ
771 2514 849 2578 εἷς
906 2515 1070 2588 αἷμα.
1109 2540 1130 2565 ο
1194 2512 1289 2570 Καὶ
1316 2535 1322 2542 ·
1348 2509 1546 2568 τούτου
1600 2509 1889 2587 γενομένου

242 2598 567 2679 μταϐλήθη
607 2603 783 2659 πάντα
831 2602 900 2658 τὰ
931 2600 1098 2657 ὕδατα
1155 2600 1229 2664 εἷς
1276 2600 1434 2674 αἷμα,
1491 2598 1580 2655 καὶ
1625 2599 1887 2654 ἀπέθανον

246 2697 298 2752 οἱ
334 2696 387 2751 ἐν
440 2694 522 2768 τῷ
572 2697 810 2768 ποταμῷ
860 2693 1070 2770 ῗχθύες,
1126 2691 1217 2748 καὶ
1274 2690 1374 2747 οὐκ
1436 2688 1705 2760 ἠδύναντο
1744 2694 1887 2744 πιεῖν

246 2783 391 2861 ὕδωρ
424 2784 478 2841 οἳ
506 2784 824 2860 Αἰγύπτιοι,
857 2782 940 2838 ὅτι
996 2782 1173 2837 πάντα
1209 2781 1276 2836 τὰ
1321 2778 1490 2835 ὕδατα
1548 2778 1886 2854 μετεστράφη

240 2874 312 2938 εές
344 2876 508 2947 αἷμα.
542 2873 841 2944 Ἐποίησαν
889 2869 947 2927 δὶ
990 2870 1083 2926 καὶ
1142 2869 1193 2925 οἳ
1252 2865 1499 2925 ἒπαοιόοὶ
1553 2871 1663 2923 τῶν
1724 2866 1891 2940 Αἰγυ-

233 2964 398 3020 πτίων
449 2968 572 3027 ταῖς
631 2960 1000 3041 φαρμακείαις
1084 2959 1260 3015 αὐτων
1348 2956 1630 3019 ὡσαύτως·
1695 2953 1891 3026 ἆσκληο

242 3054 399 3127 ρύνθη
434 3050 560 3124 δὶή
619 3050 818 3129 καρδια
874 3050 1101 3127 Φαραὼ,
1131 3048 1222 3105 καὶ
1271 3047 1373 3105 οὐκ
1427 3046 1738 3118 sior/M003sz
1796 3045 1890 3102 αὖ-

234 3148 358 3203 τῶν,
401 3143 504 3200 Καὶ
568 3142 700 3215 μετᾶ
757 3140 893 3197 ἱπτᾶ
947 3139 1159 3216 ἡμέρας
1212 3135 1585 3215 παρακληθεὶς
1643 3138 1884 3205 Μωΰσῆς

240 3233 338 3289 ὑπὸ
396 3236 496 3288 τοῦ
541 3230 749 3303 Φαραὼ
802 3231 1169 3305 προσηύξατο,
1221 3226 1312 3282 καὶ
1370 3224 1534 3282 πάλιν
1583 3225 1791 3302 ἐγενετο
1820 3224 1887 3281 τὰ

236 3316 402 3377 ὕδατα
458 3318 690 3395 καθαρά.
781 3317 878 3375 Καὶ
962 3314 1109 3389 λέγει
1176 3317 1421 3385 Μωϋσῆς
1494 3318 1578 3387 τῷ
1658 3313 1882 3389 Φαραώ⁸

237 3433 264 3461 α
293 3407 459 3476 Ἰδοὺ,
495 3404 631 3470 εἶδες
665 3407 765 3476 τήν
799 3409 896 3463 τοῦ
927 3409 1061 3462 Θεοῦ
1089 3402 1317 3481 Ἰσραήλ
1376 3400 1627 3475 δύναμιν·
1675 3401 1886 3457 ἀπόλυ-

235 3519 321 3555 σον
354 3499 451 3555 τὸν
511 3495 646 3553 λαὸν
703 3497 798 3551 ἳνα
853 3493 1240 3572 λατρεῦσωμεν
1298 3497 1380 3566 τῷ
1436 3492 1639 3565 Θεῷ.»
1705 3491 1771 3548 Ὁ
1828 3487 1889 3546 ὃὶ

240 3586 444 3665 Φαραὼ
475 3584 905 3660 συντασσόμενος
936 3579 1269 3640 ἀνεϐάλλετο
1300 3582 1398 3638 Καὶ
1457 3579 1657 3653 ηὔξατο
1717 3581 1889 3638 Mutti-

244 3683 337 3744 σῆς
368 3677 507 3754 πρὸς
532 3676 624 3732 τὸν
667 3675 798 3731 Θεὸν
830 3672 1042 3749 πέμψαι
1097 3669 1321 3749 πληγάς
1382 3676 1498 3734 τοῖς
1549 3669 1889 3748 Αἰγυπτίοις,

238 3769 326 3823 ἳνα
382 3767 698 3844 ἀναγκασθῇ
747 3762 950 3840 Φαραὼ
1007 3760 1281 3818 ἀπολῦσαι
1331 3760 1424 3817 τὸν
1479 3761 1723 3832 Ἰσραήλ.
1784 3757 1890 3816 Καὶ

238 3853 446 3932 ἔπεμψε
512 3855 708 3930 Κύριος
762 3855 792 3909 ὁ
849 3852 981 3917 Θεὸς
1036 3858 1153 3914 τοῖς
1208 3849 1530 3928 Αἰγυπτίοις
1584 3849 1686 3919 τήν
1730 3844 1891 3904 δεκά-

244 3945 460 4022 πληγον
494 3944 689 4021 ὀργήν,
740 3941 881 3999 ὣστε
936 3938 1313 4017 παρακαλέσαι
1357 3940 1450 3995 τὸν
1508 3937 1746 3996 Minuci:
1798 3937 1891 3993 καὶ

241 4037 406 4091 εἷπεῖν
438 4035 610 4105 αὖτῷ·
674 4059 701 4086 u
739 4031 903 4106 Εὗξαι
933 4036 1013 4105 τῷ
1040 4035 1158 4105 Θεῷ
1189 4050 1306 4099 σου,
1329 4029 1422 4085 ’ἱνα
1452 4027 1621 4105 ῥυσθῇ
1653 4029 1689 4097 ἡ
1730 4027 1893 4106 χώρα

238 4121 368 4196 αὕτη
433 4127 546 4179 τῶν
604 4122 881 4178 τοσούτων
939 4125 1143 4176 κακῶν
1200 4117 1291 4175 καὶ
1349 4122 1415 4193 ζῇ
1474 4117 1670 4191 Κύριος
1701 4116 1730 4171 ὁ
1758 4116 1889 4178 Θεός

240 4235 351 4282 σοι),
385 4213 450 4270 οὗ
482 4211 722 4269 κωλύσω
754 4232 813 4267 σε
851 4205 1042 4267 λαϐεῖν
1089 4210 1183 4265 τὸν
1214 4206 1349 4265 λαόν
1377 4226 1475 4262 σου
1523 4207 1617 4262 τὸν
1672 4202 1892 4281 Ἰσραὴλ

240 4303 312 4365 εἰς
337 4304 401 4359 τὸ
453 4299 747 4377 λατρεῦσαι
783 4301 925 4373 ὑμᾶς
981 4298 1149 4369 αὐτῷ.
1176 4320 1207 4350 »
1262 4297 1325 4354 Ὀ
1355 4293 1413 4352 δὲ
1453 4293 1660 4371 Φαραὼ
1721 4290 1892 4350 ἀπελ-

1998 1820 2068 1860 eo
2100 1805 2160 1860 in
2183 1810 2399 1861 terram
2430 1805 2716 1878 projecta,
2748 1806 2811 1861 in
2840 1806 3128 1880 grandem
3153 1811 3245 1863 est
3276 1812 3503 1862 mutata
3542 1804 3648 1862 84

1998 1909 2271 1967 anguem,
2303 1895 2403 1966 qui
2433 1912 2468 1951 a
2494 1896 2679 1969 magis
2710 1896 2896 1951 factos
2920 1912 3142 1970 angues
3171 1895 3494 1969 deglutivit.
3526 1898 3651 1950 Ca3-

2000 1989 2189 2038 terum
2211 1984 2540 2040 Pharaonis
2571 2002 2674 2041 cor
2702 1984 3063 2041 ohduratum
3092 1984 3224 2049 fuit,
3256 2001 3451 2057 neque
3482 2000 3649 2041 man-

1997 2071 2132 2126 dato
2166 2071 2269 2127 Dei
2293 2072 2741 2146 obtemperavit.
2766 2073 2988 2131 Deinde
3009 2073 3082 2130 ad
3114 2076 3330 2130 Mosem
3362 2073 3649 2130 Dominus

1998 2160 2175 2216 dixit:
2198 2186 2222 2210 ‹‹
2240 2163 2470 2219 Accede
2490 2165 2883 2232 Pharaonem,
2906 2165 3077 2237 isque
3098 2169 3293 2220 tecum
3317 2164 3392 2221 ad
3409 2178 3648 2219 amnem

1997 2247 2351 2319 egredietur,
2385 2254 2447 2304 tu
2479 2266 2665 2320 aquas
2694 2250 2965 2306 ﬂuminis
2990 2250 3199 2306 baculo
3225 2256 3327 2306 tuo
3356 2247 3558 2318 feries,
3590 2254 3653 2303 et

1995 2337 2195 2391 statim
2225 2337 2288 2392 in
2321 2339 2673 2411 sanguinem
2698 2344 3021 2394 vertentur.
3061 2362 3083 2389 ο
3119 2338 3249 2411 Egit
3285 2341 3397 2395 hoc
3433 2339 3644 2406 Moses,

1995 2425 2387 2497 universaque
2414 2443 2568 2498 aqua
2598 2426 2662 2481 in
2691 2428 3046 2499 sanguinem
3104 2425 3365 2493 redacta,
3426 2425 3647 2480 mortui

1993 2518 2134 2568 sunt
2161 2512 2223 2568 in
2252 2512 2430 2569 ﬂuvio
2456 2514 2688 2586 pisces;
2712 2520 2891 2586 atque
2912 2515 2987 2570 oh
3012 2520 3303 2570 mutatam
3325 2513 3385 2568 in
3408 2512 3649 2584 sangui-

1994 2618 2131 2657 nem
2162 2617 2377 2674 aquam
2408 2601 2612 2659 bibere
2645 2619 2775 2659 eam
2820 2603 3069 2676 Egyptii
3109 2602 3523 2674 nequiverunt.
3557 2601 3647 2657 Ad

1994 2690 2273 2746 eumdem
2330 2690 2572 2747 modum
2630 2707 2869 2763 quoque
2930 2692 3269 2748 incantores
3316 2691 3644 2747 Pharaonis

1994 2794 2101 2834 suo
2131 2780 2416 2836 veneficio
2447 2786 2713 2853 egerunt.
2741 2780 2855 2836 Cor
2882 2786 3085 2836 autem
3115 2780 3444 2837 Pharaonis
3472 2779 3642 2835 indu-

1993 2866 2134 2934 ruit,
2164 2884 2362 2942 neque
2391 2869 2645 2925 audiens
2672 2868 2832 2925 dicto
2862 2870 3037 2925 Mosis
3087 2875 3148 2924 et
3200 2870 3453 2926 Aaronis
3506 2868 3639 2925 fuit.

1992 2956 2222 3030 Elapsis
2250 2965 2478 3031 septem
2510 2957 2741 3029 diebus,
2774 2960 2964 3014 Moses
2992 2959 3318 3015 Pharaonis
3350 2964 3558 3033 rogatu
3607 2974 3644 3014 a

1994 3047 2113 3104 Deo
2146 3047 2420 3120 precibus
2441 3048 2703 3104 obtinuit
2717 3053 2783 3104 ut
2801 3065 2970 3119 aqum
2993 3055 3473 3122 repurgarentur.
3496 3049 3643 3104 Tum

1994 3137 2183 3193 Moses
2203 3138 2571 3194 Pharaonem
2590 3154 2853 3203 monere,
2871 3138 3109 3210 quando
3130 3139 3233 3194 Dei
3255 3138 3328 3194 ab
3349 3137 3643 3194 Israelicis

1991 3224 2132 3281 culti
2162 3228 2492 3298 potentiam
2523 3227 2786 3291 vidisset,
2818 3226 2905 3282 uti
2935 3227 3218 3299 populum
3249 3242 3385 3283 eum
3412 3225 3486 3283 ad
3516 3226 3636 3281 Deo

1994 3331 2100 3371 suo
2154 3315 2559 3372 exhibendum
2615 3316 2843 3373 cultum
2885 3315 3232 3373 dimitteret.
3273 3316 3501 3373 Pharao
3528 3331 3636 3387 pa—

1993 3403 2192 3462 ctione
2221 3405 2576 3479 interposita
2602 3422 2729 3462 rem
2762 3406 3031 3462 extravit.
3065 3404 3317 3462 Proinde
3365 3406 3554 3462 Moses
3605 3420 3640 3461 a

1993 3490 2114 3548 Deo
2174 3494 2452 3565 precibus
2508 3494 2819 3551 contendit
2869 3498 2937 3550 ut
2964 3493 3330 3551 calamitates
3358 3493 3643 3569 digyptiis

1993 3579 2295 3647 immittat.
2329 3583 2543 3656 hisque
2575 3585 2947 3641 Pharaonem
2977 3582 3050 3640 ad
3082 3582 3504 3640 dimittendum
3550 3582 3646 3639 Ju-

1995 3669 2156 3727 dmos
2186 3671 2522 3743 compellat.
2553 3672 2809 3728 Immisit
2837 3673 2992 3728 Deus
3019 3673 3303 3745 Egyptiis
3325 3672 3645 3745 decempli-

1996 3775 2125 3815 cem
2157 3760 2484 3830 miseriam,
2518 3777 2637 3832 qua
2664 3777 2833 3816 suam
2863 3760 3013 3816 iram
3042 3767 3397 3830 testaretur;
3458 3777 3647 3833 eaque

1994 3865 2099 3904 rex
2129 3854 2435 3921 permotus
2463 3865 2498 3904 a
2523 3849 2681 3904 Mose
2711 3849 2884 3921 petiit
2911 3854 2977 3903 ut
3004 3849 3291 3921 Egyptiis
3321 3864 3357 3904 a
3386 3854 3477 3903 tot
3513 3854 3647 3903 tan-

1995 3942 2193 4013 tisque
2222 3938 2392 3995 malis
2421 3937 2843 3994 liberationem
2874 3953 2909 3992 a
2939 3937 3056 3992 Deo
3086 3938 3434 4009 impetraret
3465 3952 3478 3992 :
3515 3937 3647 3992 «Ita

1998 4029 2156 4096 vivit,
2170 4028 2473 4099 inquiens.
2487 4028 2642 4083 Deus
2657 4032 2814 4096 tuus,
2828 4026 2913 4082 uti
2926 4041 3031 4097 ego
3050 4031 3176 4082 tum
3192 4040 3311 4082 non
3324 4024 3646 4098 impediam

2000 4120 2144 4193 quin
2177 4123 2416 4189 accepto
2448 4122 2645 4172 tecum
2674 4115 2997 4172 Israelitico
3026 4115 3242 4188 populo
3270 4116 3387 4170 Deo
3417 4114 3645 4171 cultum

1998 4213 2266 4284 prmstes.
2300 4229 2327 4257 ››
2364 4208 2546 4262 Porro
2576 4210 2774 4261 autem
2806 4204 3034 4261 Pharao
3071 4204 3389 4277 Memphim
3446 4204 3645 4277 profe-

2000 4305 2151 4365 ctus,
2185 4296 2456 4353 consulto
2482 4295 2564 4351 ibi
2591 4295 2980 4351 celeberrimo
3020 4294 3136 4351 isto
3186 4294 3427 4351 oraculo
3482 4309 3647 4351 acce-

242 4394 344 4448 θὼν
374 4393 435 4448 ἓν
476 4390 692 4462 Μέμφει
748 4389 827 4453 εἷς
854 4389 919 4445 τὸ
976 4382 1301 4462 περιϐόητεν
1359 4390 1635 4460 μαντεῖον,
1666 4383 1758 4440 καὶ
1791 4382 1888 4439 λα·-

2001 4394 2221 4461 ptoque
2254 4384 2413 4456 quod
2442 4383 2760 4439 retulimus
2799 4399 3110 4456 responso,
3162 4398 3433 4439 reversus
3491 4382 3645 4440 illico

241 4476 348 4537 ϐὼν
377 4482 475 4537 τὸν
526 4449 906 4555 π’ρορῥηθὲντα
958 4449 1215 4553 χρῇσμὸν
1263 4449 1371 4530 καὶ.
1402 4449 1745 4551 ὑποστρέψας
1801 4471 1888 4527 εὖ-

2001 4449 2225 4533 Mosem'
2251 4449 2428 4545 atque
2457 4476 2753 4530 Aaronem
2784 4449 2919 4529 cum
2970 4449 3190 4545 populo
3242 4472 3340 4531 85
3400 4472 3645 4530 Iudaico

240 4573 370 4636 οέως
401 4568 640 4626 ἀπέλυσε
668 4569 759 4623 τὸν
821 4565 1046 4641 Ἰσραὴλ
1107 4564 1242 4638 μετὰ
1292 4560 1570 4625 Πωϋσίως
1622 4562 1714 4617 καὶ
1761 4562 1890 4617 Ἀα-

242 4661 365 4735 ρών.
396 4652 608 4718 Ἓλαϐε
633 4654 692 4713 δὲ
721 4656 751 4712 ὁ
784 4655 920 4721 λαὸς
959 4654 1013 4711 ἐν
1044 4655 1244 4731 χρήσει
1275 4653 1381 4709 ἀπὸ
1436 4656 1545 4709 τῶν
1573 4649 1890 4729 Αἰγυπτίων

243 4750 402 4821 cna-3n
437 4750 621 4824 χρυσᾶ
647 4745 736 4801 καὶ
796 4743 1005 4821 ἄργυρᾶ
1058 4741 1151 4799 καὶ
1208 4743 1506 4816 ἱματισμὸν
1562 4739 1757 4798 πολύν.
1791 4737 1893 4797 Καὶ

245 4839 377 4913 μετᾶ
420 4836 485 4893 τὸ
540 4833 781 4907 ἓξελθεῖν
840 4831 1039 4897 αὖτοὺς
1114 4830 1461 4906 μετεμελήθη
1520 4830 1746 4907 Φαραὼ,
1800 4828 1893 4884 καὶ

246 4923 566 4996 κατεδίωξεν
598 4923 779 4981 ὀπίσω
806 4920 983 4977 αὐτῶν
1041 4920 1175 4993 μετὰ
1225 4924 1336 4976 τῶν
1393 4919 1651 4995 ἁρμάτων
1703 4917 1891 4988 αὗτοῦ,

244 5017 332 5073 καὶ
360 5009 664 5072 κατέλαϐεν
694 5009 891 5074 αὐτοὺς
920 5011 1066 5085 παρὰ
1118 5009 1218 5078 τήν
1266 5008 1532 5084 Ἐρυθρὰν
1591 5005 1888 5065 θάλασσαν.

244 5106 348 5182 οὖς
378 5103 702 5175 θεσσάμενοι
758 5101 812 5155 οἱ
869 5094 1210 5172 Ἰσραηλῖται
1266 5092 1564 5166 ἀνεϐόησαν
1629 5096 1769 5172 πρὸς
1795 5096 1887 5152 τὸν

240 5197 382 5254 Θεᾶν.
417 5197 514 5254 Καὶ
551 5193 795 5253 ἒκτεῖνας
824 5191 924 5259 τήν
952 5194 1118 5270 χεῖρα
1165 5187 1335 5245 αὐτοῦ
1392 5190 1636 5257 Μωϋσης
1687 5185 1890 5261 ἔπληξε

240 5288 337 5357 τὴν
390 5288 663 5343 θάκασσαν
728 5277 936 5358 ραοδῳ,
996 5280 1082 5335 καὶ
1146 5275 1373 5355 διῃρέθη
1430 5280 1498 5334 τὰ
1551 5274 1741 5347 ὕδατα,
1795 5276 1887 5333 καὶ

2002 4565 2248 4621 dimisit.
2276 4565 2575 4619 Mutuatus
2606 4567 2807 4617 autem
2839 4566 2931 4617 est
2958 4561 3214 4634 populus
3242 4561 3315 4618 ab
3364 4562 3646 4635 Egyptiis

2001 4670 2139 4710 vasa
2167 4669 2349 4709 aurea
2380 4657 2441 4707 et
2469 4656 2750 4724 argentea
2777 4657 3119 4723 vestemque
3149 4651 3420 4708 multam.
3454 4654 3540 4707 En
3560 4650 3647 4706 di-

2000 4759 2203 4818 gresso
2232 4742 2454 4798 factum
2484 4741 2713 4796 Pharao
2744 4740 3013 4806 mutavit,
3060 4740 3487 4810 insecutusque
3543 4753 3647 4793 eos

2001 4838 2093 4891 est
2120 4848 2257 4889 cum
2288 4830 2560 4887 curribus
2589 4830 2735 4897 suis,
2768 4835 2946 4902 atque
2975 4834 3285 4886 assecutus
3320 4827 3479 4901 apud
3524 4829 3646 4881 Ru-

1999 4920 2174 4979 brum
2187 4937 2369 4978 mare.
2386 4919 2641 4978 Israelici
2651 4963 2665 4989 ,
2677 4920 2819 4975 visis
2832 4918 3374 4992 Egyptiis,suhlato
3385 4917 3645 4972 clamore

2003 5011 2102 5067 Dei
2124 5010 2411 5066 auxilium
2430 5009 2845 5081 implorarunt.
2868 5008 2952 5065 lbi
2968 5015 3090 5063 tum
3109 5009 3296 5063 Moses
3312 5021 3492 5062 manu
3509 5021 3647 5077 por-

1999 5106 2160 5157 recta
2178 5115 2339 5157 mare
2357 5098 2565 5155 baculo
2577 5098 2897 5171 percussit:
2915 5098 3112 5153 statim
3131 5112 3300 5168 aquae
3313 5095 3394 5152 ita
3406 5094 3645 5151 suntdi-

1998 5191 2154 5258 visze,
2168 5197 2234 5248 ut
2248 5192 2558 5248 universus
2573 5191 2824 5263 populus
2839 5196 3119 5262 tanquam
3138 5188 3475 5260 persiccum
3488 5193 3645 5244 tran-

1999 5281 2220 5337 siverit.
2270 5282 2419 5337 Eum
2466 5280 2766 5336 subsecuti
2815 5285 2956 5334 sunt
2988 5277 3238 5350 .Egyptii
3268 5295 3478 5336 omnes
3509 5294 3646 5335 cum

248 5371 399 5447 διᾶϐη
431 5379 541 5437 πᾶς
570 5374 601 5430 ό
622 5371 759 5435 λαὸς
792 5370 869 5435 ὡς
912 5367 1001 5425 διὰ
1057 5369 1245 5445 ξηρᾶς.
1302 5369 1560 5427 Ὅπισθεν
1607 5363 1666 5423 δὶ
1692 5387 1887 5423 τουτου

1996 5368 2302 5428 Pharaone
2316 5377 2372 5426 et
2384 5368 2658 5426 curribus
2671 5367 2977 5432 suis.Quos
2991 5383 3127 5424 cum
3141 5367 3648 5425 viderentlsraeli-

246 5466 499 5538 εἴα-ἦλθον
547 5461 643 5520 καὶ
701 5461 755 5517 οἱ
811 5460 1101 5533 Αἶγοπτιοι
1143 5458 1338 5520 πάντες
1369 5457 1482 5532 ἅμα
1536 5460 1616 5529 τῷ
1682 5458 1888 5533 Φαραὼ

1999 5459 2055 5516 ci
2070 5461 2457 5534 pertransire,
2475 5460 2682 5534 ingens
2695 5458 2853 5536 apud
2864 5459 2973 5519 hos
2987 5464 3180 5519 terror
3190 5460 3553 5521 estobortus.
3574 5461 3650 5518 At

314 5585 365 5629 ⁸ο
384 5582 573 5645 Exod.
606 5598 704 5639 vn.
