4148 6196
459 314 574 375 115

1816 299 2134 364 GEORGII
2179 295 2513 358 CEDBENI

3753 288 3868 352 [16

464 449 670 516 Moses,
700 448 857 519 virga
886 461 992 501 sua
1020 450 1341 499 retrorsum
1376 446 1667 512 porrecta,
1700 454 1915 509 aquam
1947 436 2109 491 alveo

2226 433 2358 504 μετα
2423 436 2530 485 τῶν
2579 430 2835 504 ἁρμάτων
2898 429 3088 486 αὐτῶν.
3158 424 3384 488 ’ἰδόντες
3436 423 3494 482 δί
3560 425 3755 489 αὐτοὺς
3800 428 3853 482 οἱ

462 536 746 602 restituit,
782 552 969 605 eaque
1003 548 1208 588 omnes
1235 530 1485 602 Egyptii
1515 534 1654 584 sunt
1676 527 1897 595 obruti,
1948 523 2113 581 nullo

465 626 802 696 superstite.
828 625 945 677 Hoc
964 622 1109 683 viso,
1134 618 1393 674 Israelici
1422 618 1519 673 Dei
1546 616 1647 689 qui
1682 616 1844 689 ipsos
1884 629 2113 669 servas-

465 719 556 769 set
569 712 771 769 laudes
782 710 1272 783 praedicaverunt,
1307 706 1713 780 prmeuntibus
1728 707 1787 760 in
1801 706 1926 760 haec
1939 700 2115 757 verba

465 808 621 862 Mose
635 811 809 874 atque
824 806 1058 858 Aarone
1078 818 1091 856 :
1112 824 1140 851 ‹‹
1160 802 1454 859 Canamus
1470 800 1808 865 Dominum,
1838 813 1975 853 nam
1998 793 2116 866 glo-

464 893 551 948 rio
562 909 621 947 se
635 892 880 962 gloriam
898 907 1065 947 suam
1084 897 1353 945 lestatam
1368 890 1610 955 fecitl',»
1626 894 1735 945 etc.
1753 886 2112 956 subtequen-

463 981 619 1036 tibus
633 980 814 1036 Maria
827 987 885 1036 et
896 980 1341 1047 mulieribus,ac
1356 987 1706 1053 tympanum
1720 973 2116 1050 pulsantibus.

2225 518 2565 596 Ἰσραηλῖται
2598 518 2990 598 διερχομέιιους
3013 515 3168 595 φόϐῳ
3203 516 3604 598 συνεσχέθησαν
3636 514 3865 592 ἀπείρῳ.

2222 612 2283 669 Ὁ
2305 610 2361 667 δὲ
2419 617 2643 680 Μοϋσῆς
2699 611 2937 674 ἓκτείνσς
2994 610 3093 679 τήν
3149 603 3348 686 ῥάϐδον
3398 608 3566 664 αὐτοῦ
3622 605 3866 682 ἐπιστρε-

2221 704 2426 763 πτικῶς
2455 702 2541 775 [Ρ.
2572 703 2664 775 48]
2702 700 3105 770 ἀποκατέστησε
3131 704 3195 754 τὸ
3224 695 3371 769 ὕδωρ
3420 697 3496 759 εἰς
3553 698 3645 753 τὸν
3703 696 3869 752 τόπον

2221 789 2415 848 αὐτοῦ.
2452 788 2547 844 Καί
2576 784 2768 869 ἔφυγον
2800 788 2995 851 πάντες
3023 789 3075 843 οἱ
3126 785 3417 862 Αίγῦπτιοι
3450 787 3553 841 ὑπὸ
3584 786 3650 843 τὸ
3697 782 3870 861 ὕδωρ,

2227 875 2458 953 μηδενὸς
2489 877 2931 956 ὑπολειφθέντος.
2960 879 3132 952 Ὅπερ
3164 874 3482 950 Θεασάμενοι
3542 876 3596 931 οἱ
3654 875 3872 949 Ἰσραη-

2226 965 2373 1022 λῖται
2403 967 2495 1022 τὸν
2531 969 2826 1045 ρυσάιιενον
2866 964 3064 1029 αὐτοὺς
3110 966 3237 1021 Θεὸν
3292 962 3672 1039 ἓδοξολόγουν,
3729 983 3869 1038 προ-

462 1071 785 1144 ηγουμένων
813 1072 906 1125 τοῦ
941 1068 1219 1132 Μωυσέως
1249 1068 1338 1122 καὶ
1370 1071 1467 1123 τοῦ
1499 1068 1711 1142 Ἀαρὼν
1739 1064 1830 1119 καὶ
1863 1060 2158 1141 γεγόντωνο
2221 1081 2249 1109 ‹‹
2311 1061 2566 1130 ’ᾋσωμεν
2625 1060 2704 1128 τῷ
2760 1056 2967 1131 Κυρίῳ·
3034 1050 3261 1125 ἐνδόξως
3314 1055 3416 1130 γάρ
3475 1050 3808 1127 δεδόξασται,
3842 1076 3873 1105 υ

463 1157 809 1239 ἐφεπομένης
848 1165 948 1228 τῆς
976 1154 1218 1234 ἀδελφῆς
1249 1157 1424 1214 αὐτῶν
1459 1156 1675 1229 Μαρίας
1708 1156 1846 1228 μετᾶ
1872 1157 1979 1208 τῶν
2009 1151 2298 1225 γυναικῶν,
2330 1146 2419 1201 καὶ
2461 1147 2904 1222 ἀνακρουομένης
2933 1146 2995 1201 τὸ
3024 1143 3324 1218 τύμπανον.

538 1251 605 1304 In
630 1251 813 1305 Parva
844 1249 1055 1304 Genesi
1091 1248 1377 1319 scriptum
1410 1252 1499 1303 est
1527 1246 1687 1301 solos
1714 1245 1918 1301 decem
1950 1257 2118 1297 men-

468 1357 564 1396 ses
593 1338 856 1411 abjectos
886 1338 1068 1393 fuisse
1102 1340 1163 1392 in
1196 1354 1433 1393 amnem
1465 1353 1680 1408 pueros
1706 1333 2115 1390 lsraelicorum

469 1431 657 1487 donec
699 1446 732 1486 a
790 1429 994 1502 regina
1038 1431 1227 1483 Moses
1271 1426 1410 1483 inde
1459 1431 1769 1499 exemptus
1812 1424 1944 1479 fuit.
1982 1421 2116 1477 ldeo

468 1520 647 1576 etiam
678 1519 883 1574 decem
912 1535 1130 1591 genera
1161 1517 1562 1574 calamitatum
1592 1534 1700 1589 per
1719 1516 1923 1572 decem
1948 1529 2118 1568 men-

468 1627 562 1664 ses
590 1604 874 1680 [Egyptiis
906 1608 1152 1676 inflicta,
1188 1623 1288 1662 eos
1315 1624 1429 1679 que
1460 1606 1698 1662 demum
1734 1605 1796 1660 in
1826 1602 1973 1659 mari
2010 1618 2116 1673 pe-

466 1697 973 1769 riisse,quomodo
998 1697 1381 1752 Hebraeorum
1400 1713 1621 1769 pueros
1641 1696 1703 1750 in
1724 1692 1901 1749 ﬂuvio
1938 1692 2114 1747 ευπο-

2296 1237 2415 1292 Ὀτι
2447 1233 2499 1289 ἐν
2527 1237 2595 1309 τῇ
2645 1237 2823 1300 Λεπτῆ
2858 1233 3060 1290 Γενέσει
3104 1239 3278 1289 κεῖται
3339 1232 3538 1307 μόνους
3594 1229 3720 1288 δίκα
3761 1239 3873 1307 μῆ-

2226 1345 2319 1385 νας
2351 1324 2573 1400 ῥιφῆναι
2601 1323 2669 1378 τὰ
2723 1324 2896 1399 βρέφη
2953 1327 3062 1378 τῶν
3127 1320 3482 1393 Ἰσραηλιτῶν
3531 1319 3585 1376 ἐν
3631 1325 3714 1394 τῷ
3763 1342 3872 1376 που

2225 1420 2407 1489 ταμῷ,
2438 1410 2541 1477 ἕως
2572 1412 2636 1469 οὗ
2664 1413 2948 1492 ἀνελήφθη
2981 1419 3259 1484 Μωοϋσης
3310 1413 3415 1469 ὑπὸ
3479 1419 3580 1483 τῆς
3616 1411 3874 1487 βασιλίσο

2227 1522 2346 1574 σης·
2381 1501 2469 1559 διά
2505 1506 2668 1558 τοῦτο
2699 1500 2827 1558 δέκα
2881 1501 3096 1581 πληγαι
3154 1499 3413 1572 ἐδόθησαν
3465 1503 3519 1556 ἓν
3550 1498 3677 1555 δέκα
3734 1502 3871 1574 μησὶ

2222 1598 2339 1655 τοῖς
2374 1589 2721 1667 Αἲγυπτίοις,
2744 1591 2834 1647 καὶ
2873 1590 3030 1654 τέλος
3060 1590 3113 1646 ἐν
3169 1594 3239 1665 τῇ
3296 1588 3540 1663 θαλάσσῃ
3576 1591 3875 1664 ⁴κατεστρά-

2225 1703 2399 1760 φησαν
2453 1682 2513 1738 ’ὀν
2571 1682 2773 1752 τρόπον
2830 1681 2897 1736 τὰ
2977 1680 3149 1756 βρέφη
3194 1683 3303 1736 τῶν
3362 1673 3627 1754 Ἐϐραίων
3676 1677 3729 1733 ἐν
3789 1677 3874 1751 τῷ

470 1793 763 1844 caverant.
780 1787 862 1842 ita
885 1787 1149 1857 quidem,
1166 1787 1371 1842 utloco
1386 1786 1562 1841 unius
1587 1784 1835 1840 infantis
1854 1779 2110 1838 lsraeliei

2226 1775 2453 1843 ποταμῷ
2510 1764 2807 1845 ἀπέπνιγον
2840 1814 2854 1838 ,
2913 1767 3117 1845 χιλίων
3192 1765 3400 1844 ἀνδρῶν
3462 1765 3871 1842 ἀποπνιγέντων

468 1875 631 1932 mille
661 1875 762 1931 86
793 1875 970 1929 validi
1000 1875 1107 1929 viri
1141 1875 1385 1947 Algyptii
1418 1873 1770 1930 interierint.
1823 1872 2113 1926 Craterum

470 1968 688 2021 Mosem
713 1966 1040 2021 Pharaonis
1072 1965 1194 2020 ﬁlia
1222 1965 1285 2019 in
1315 1964 1539 2035 regium
1572 1980 1757 2036 genus
1795 1958 2112 2032 adoptavit,

470 2073 664 2128 neque
718 2062 916 2112 tamen
974 2056 1267 2110 lsraelicis
1312 2053 1383 2109 de
1414 2055 1702 2125 imperato
1734 2067 1911 2123 opere
1941 2047 2116 2120 quid-

471 2163 645 2218 quam
681 2147 927 2202 remisit.
957 2146 1101 2200 Cum
1126 2147 1315 2201 Moses
1344 2145 1574 2200 virilem
1610 2148 1847 2199 aetatem
1878 2139 2114 2211 attigis-

472 2242 581 2306 set,
616 2236 915 2307 Ethiopes
946 2234 1088 2289 ludo
1115 2234 1291 2290 ﬂuvio
1324 2236 1569 2306 trajeclo
1593 2232 1866 2307 gravibus
1924 2230 2115 2284 incuro

473 2325 739 2380 sionibus
768 2326 1077 2396 Egyptum
1111 2323 1375 2395 populati
1424 2329 1582 2388 sunt,
1635 2310 1716 2377 ita
1762 2318 2005 2392 quidem
2054 2322 2118 2371 ut

380 2396 395 2410 ’
470 2413 649 2470 urbes
662 2430 843 2485 prope
859 2430 1070 2469 onmes
1093 2420 1309 2468 everter
1321 2412 1427 2478 int,
1444 2411 1770 2468 exercitum
1786 2404 2115 2482 [Egyptium

471 2504 817 2573 deleverint,
850 2505 1122 2559 ductores
1155 2504 1285 2576 ejus
1316 2502 1758 2560 trucidaverint.
1793 2498 2031 2556 Duravit
2058 2497 2119 2552 id

475 2595 697 2651 bellum
727 2611 915 2650 annos
944 2595 1228 2665 quinque.
1260 2594 1510 2666 Aigyptii
1540 2599 1739 2649 autem
1771 2592 1831 2646 in
1855 2606 2119 2648 summas

475 2682 698 2740 redacti
731 2685 1032 2753 angustias
1063 2682 1304 2737 oraculo
1326 2683 1619 2753 jubentur
1638 2681 1953 2753 imperium
1975 2680 2119 2736 Mosi

477 2773 729 2837 deferre,
763 2772 961 2841 itaque
994 2778 1053 2826 et
1077 2788 1111 2827 a
1159 2771 1502 2825 Thermuthi
1560 2771 1674 2825 boc
1730 2768 2117 2824 contendunt.

476 2863 558 2916 Ea
614 2860 831 2915 acriter
888 2861 946 2915 in
1004 2860 1165 2931 ipsos
1205 2858 1435 2914 invecta
1463 2858 1620 2930 quod
1645 2874 1747 2913 eos
1777 2875 1886 2929 per
1915 2857 2118 2913 dolum

477 2949 704 3005 diceret
730 2964 793 3004 re
819 2965 955 3004 cum
986 2948 1195 3004 scribis
1228 2964 1421 3003 rerum
1451 2964 1754 3005 sacrarum
1792 2946 2122 3019 composita

477 3041 537 3095 id
563 3040 878 3096 consilium
911 3039 1015 3095 ﬁlii
1048 3041 1136 3095 sui
1170 3038 1565 3095 interﬁciendi
1596 3055 1776 3094 causa
1812 3044 2121 3106 tractasse,

2224 1859 2468 1940 ἰσχυρῶν
2524 1859 2840 1936 Αἰγυπτίων
2901 1859 3013 1914 ἀνθ’
3071 1859 3191 1922 ἒνὸς
3251 1857 3485 1934 βρέφους
3536 1853 3876 1932 Ἰσραηλιτι-

2219 1954 2339 2006 κοῦ.
2373 1948 2548 2007 Αὐτὸν
2581 1947 2639 2004 δὲ
2674 1950 2765 2005 τὸν
2829 1954 3068 2018 Μωΰσῆν
3126 1947 3203 2010 εἲς
3260 1947 3322 2002 τὸ
3390 1944 3678 2022 βασιλικὸν
3710 1946 3872 2021 γένος

2222 2039 2609 2111 εἶσεποιτςσατο
2645 2041 2681 2110 ἡ
2740 2037 2984 2117 θυγέίτηρ
3044 2037 3271 2113 Φαραὼ,
3333 2036 3396 2092 οὗ
3457 2036 3643 2110 μέντοι
3713 2037 3879 2107 ἀνῆκε

2223 2135 2323 2199 τῆς
2354 2128 2698 2204 ἐπιταγείσης
2740 2126 2994 2205 ἐργασίας
3039 2128 3166 2191 τοὺς
3218 2124 3579 2201 Ἰσραηλίτας.
3631 2122 3878 2199 Ἀιδρωο

2224 2217 2407 2280 θέντος
2472 2215 2529 2273 δὲ
2591 2214 2688 2273 τοῦ
2749 2215 3019 2280 Μωϋσέως
3083 2210 3405 2290 ὑπερϐάντες
3477 2214 3739 2279 Αίθίοπες
3784 2215 3879 2270 τὸν

2223 2296 2387 2366 Ἰνδὸν
2426 2307 2671 2381 ποταμὸν
2729 2304 2920 2369 δεινῶς
2966 2307 3065 2377 τήν
3126 2303 3404 2380 Αἴγυπτον
3457 2303 3772 2375 ἓληίζοντο,
3805 2304 3885 2367 ὡς

2227 2398 2323 2459 τὰς
2354 2395 2545 2460 πόλεις
2571 2392 2767 2472 σχεδὸν
2799 2395 2970 2459 πάσας
3028 2393 3324 2471 ἀνατρέψαι
3354 2395 3448 2450 καὶ
3503 2394 3593 2449 τὸν
3650 2394 3880 2470 στρατὸν

2228 2487 2395 2558 αὐτῆς
2451 2487 2700 2565 ἀφανίσαι
2753 2486 2843 2540 καὶ
2924 2484 3052 2547 τοὺς
3133 2483 3468 2560 στρατηγοὺς
3552 2482 3880 2560 ἀποσφάξαι.

2228 2589 2481 2661 Ἔμειναν
2515 2585 2608 2641 οὖν
2635 2585 2961 2662 Αἲγυπτίοις
2992 2582 3367 2658 πολεμοῦντες
3425 2582 3512 2638 ἐπὶ
3568 2577 3662 2653 ἔτη
3694 2582 3879 2638 πέντε.

2229 2680 2314 2737 Ἐν
2348 2677 2548 2754 ἀπορίᾳ
2578 2681 2707 2754 γοῦν
2740 2673 2931 2750 πολλῇ
2983 2674 3341 2737 καταστάντες
3384 2674 3679 2752 Αἰγύπτιοι
3727 2692 3881 2749 χρη-

2229 2760 2518 2841 σμεύόνται
2548 2765 2623 2829 ὠς
2652 2769 2732 2837 τῷ
2762 2768 2971 2838 Μωϋσῇ
3000 2765 3098 2834 τὴν
3159 2764 3486 2840 στρατηγίαν
3545 2762 3877 2840 ἐγχειρίσαι,

2226 2856 2316 2911 καὶ
2349 2852 2721 2931 παρακαλοῦσι
2779 2855 2881 2924 τήν
2913 2855 3216 2926 Θέρμουθιν
3266 2850 3551 2928 ἐπιτρέψαι
3605 2852 3879 2925 αὐτῷτὴν

2229 2943 2556 3021 στρατηγίαν
2590 2962 2604 2975 ⁸
2664 2945 2698 3013 ἡ
2752 2940 2802 2997 δ’
2857 2940 3129 3012 ὠνείδιζεν
3216 2943 3411 3005 αὐτοὺς
3499 2942 3589 2997 καὶ
3674 2939 3878 3001 κακοὺς

2228 3036 2485 3113 ἀπέφαινε
2536 3032 2628 3087 σὺν
2682 3037 2800 3093 τοῖς
2876 3029 3412 3107 ἳερογραμματεῦσιν
3492 3030 3568 3094 εἷς
3652 3034 3878 3096 θάνατον

476 3135 675 3186 tamen
706 3132 903 3186 Mosen
934 3129 1160 3185 dimisit
1190 3135 1391 3200 utpote
1419 3145 1526 3200 pro
1558 3128 1749 3200 patria
1784 3144 2116 3201 propugna-

2231 3118 2619 3181 ἐπιϐουλεῦσαι
2648 3126 2727 3194 τῷ
2762 3118 2913 3177 παιδὶ
2978 3119 3363 3199 βουληθέντας’
3424 3120 3577 3195 ὅμως
3632 3120 3707 3183 ὡς
3743 3119 3879 3196 ὑπὲρ

477 3224 700 3277 turum.
731 3219 801 3274 Et
823 3218 1064 3290 quvdem
1080 3218 1340 3274 Mosesid
1363 3217 1704 3274 mandatum
1728 3216 2122 3273 libentissime

474 3307 539 3363 iu
566 3324 628 3363 se
660 3307 902 3379 recepit,
932 3324 1126 3378 neque
1158 3307 1400 3363 omnino
1421 3307 1750 3378 quidquam
1772 3306 2123 3363 relormida-

476 3398 575 3451 vit.
608 3398 833 3468 Quippe
865 3397 1026 3451 omni
1058 3397 1270 3453 virtute
1301 3404 1510 3452 auctus
1539 3396 1895 3460 adoleverat,
1927 3396 2124 3452 omni-

474 3485 705 3556 busque
732 3485 1133 3557 Egyptiorum
1163 3485 1391 3541 artibus
1418 3486 1597 3541 veluti
1628 3486 1782 3558 regis
1821 3486 1979 3542 illius
2037 3487 2120 3543 in-

478 3577 721 3632 stitutus
751 3577 946 3631 fuerat
974 3593 986 3630 :
1011 3577 1085 3631 ad
1117 3578 1240 3633 haec
1266 3577 1505 3649 ingenio
1557 3583 1683 3634 erat
1737 3583 2011 3650 prompto
2064 3583 2124 3634 et

479 3666 549 3721 ad
582 3682 710 3721 rem
741 3665 1021 3721 bellicam
1051 3666 1207 3720 fonti.
1241 3668 1296 3721 Is
1326 3681 1462 3739 ergo
1500 3683 1724 3723 annum
1776 3684 1957 3740 agens
2014 3668 2122 3723 tri-

479 3754 767 3811 cesimum
798 3772 927 3827 ejus
948 3755 1089 3811 belli
1112 3755 1353 3826 gerendi
1378 3772 1595 3812 munus
1616 3756 1816 3813 subiit.
1839 3757 1963 3823 Quo
1986 3773 2122 3813 cum

477 3860 584 3916 per
598 3843 953 3900 decennium
978 3850 1140 3917 gesto
1162 3844 1461 3917 Aithiopas
1478 3846 1537 3902 in
1559 3851 1891 3901 extremum
1920 3845 2124 3902 discri-

476 3949 614 3989 men
636 3932 1037 4005 compulisset,
1052 3939 1358 4005 totamque
1371 3934 2120 4007 devastassetzEtbiopiam,

475 4023 807 4094 Sabamque
830 4023 1188 4094 praecipuam
1210 4022 1421 4078 urbem
1442 4039 1510 4078 ac
1531 4023 1849 4095 caputejus
1873 4024 2034 4096 regni
2056 4025 2120 4079 in

473 4129 641 4168 suam
660 4118 1010 4184 potestatem
1028 4110 1371 4183 redegisset,
1395 4111 1467 4165 ab
1491 4112 1654 4166 omni
1678 4111 1935 4167 hostium
1962 4118 2121 4168 metu

474 4204 783 4274 Algyptum
816 4201 1104 4256 liberavit.
1144 4200 1282 4255 Inde
1316 4199 1452 4255 odia
1481 4202 1885 4272 Egyptiorum
1915 4201 2123 4257 adver-

477 4306 578 4344 sus
609 4306 745 4344 eum
776 4296 1100 4361 cer-perunt,
1137 4288 1430 4358 praecipue
1478 4294 1679 4343 autem
1734 4288 2119 4362 Cbenepbris.

475 4377 621 4431 Nam
654 4378 881 4432 interea
912 4378 1195 4447 temporis
1216 4376 1636 4433 Palmrnothes
1657 4394 1723 4433 ac
1745 4380 2122 4436 Thermutliis

2227 3211 2488 3289 πατρίδος
2571 3208 2960 3284 πολεμήσαντα
3042 3208 3433 3284 ἐξαπέστειλεν,
3510 3207 3882 3281 ἁσμενέστατα

2226 3307 2323 3359 τοῦ
2351 3299 2547 3364 παιδὸς
2580 3297 2870 3373 δεξαμένου
2901 3301 2999 3369 τήν
3028 3297 3287 3375 ἐπιταγήν
3344 3298 3435 3354 καὶ
3499 3296 3667 3373 μηδὲν
3726 3296 3880 3372 ἀγω-

2226 3401 2526 3461 νιέσαντος.
2564 3398 2782 3469 Πύξήθη
2843 3397 2947 3474 γὰρ
3002 3396 3149 3471 πάσῃ
3209 3397 3372 3471 ἀρετῇ
3430 3395 3728 3470 κοσμηθετς
3784 3395 3881 3451 καὶ

2227 3485 2535 3551 παιδευθεὶς
2594 3493 2763 3542 πᾶσαν
2824 3487 3016 3566 σοφίαν
3073 3484 3406 3561 Αἲγυπτίων,
3465 3485 3541 3547 ὡς
3601 3483 3882 3560 βασιλέως

2228 3578 2345 3639 υίὸς
2375 3576 2463 3632 καὶ
2496 3576 2654 3655 φῦσιν
2685 3573 2830 3651 ἔχων
2861 3571 3053 3645 δεξιὰν,
3085 3571 3330 3650 ἀνδρεῖός
3370 3594 3428 3629 τε
3494 3572 3545 3629 ἑν
3593 3579 3709 3633 τοῖς
3768 3593 3879 3627 πο·

2229 3666 2441 3741 λέμοις.
2473 3667 2573 3728 Ὃς
2602 3664 3028 3740 τριακοντούτης
3074 3664 3363 3739 τυγχάνων
3412 3667 3659 3718 τοιοῦτον
3702 3660 3876 3716 ττόλε⁶

2232 3776 2332 3830 μον
2359 3751 2656 3826 ἀνεδέξατο·
2688 3753 2777 3809 καὶ
2827 3752 2916 3809 ἐπὶ
2947 3750 3073 3807 δέκα
3129 3749 3224 3821 ἔτη
3283 3751 3531 3831 ἐσχάτως
3588 3749 3715 3813 τοὺς
3772 3751 3879 3806 Λί-

2228 3845 2425 3910 θίοπας
2480 3840 2802 3917 πολεμήσας
2860 3841 2951 3896 καὶ
3018 3839 3304 3905 Αἰθιοπίαν
3355 3844 3524 3896 πᾶσαν
3584 3839 3874 3914 ἀφανίσας,

2226 3936 2327 4005 τήν
2378 3953 2438 3989 τε
2490 3926 2642 3988 Σαόά
2717 3928 3065 4006 μητρόπολιν
3117 3929 3531 4008 βασιλεύουσαν.
3583 3929 3870 3994 Αἰθιόπων

2226 4016 2581 4097 παραλαϐὼν,
2620 4022 2718 4091 τήν
2748 4017 3025 4095 Αἴγυπτον
3055 4019 3335 4094 ἐλευθεροῖ
3394 4019 3573 4088 πάσης
3631 4014 3874 4090 πολεμι-

2227 4117 2328 4180 κῆς
2386 4102 2707 4179 ἐπιϐουλῆς.
2762 4109 3035 4171 Ἐντεῦθεν
3096 4108 3324 4183 ἄρχεται
3389 4107 3541 4179 αὐτῷ
3591 4106 3620 4160 ό
3668 4105 3878 4182 φθόνος

2226 4201 2355 4265 παρ’
2427 4198 2772 4273 Αἰγυπτίοις,
2852 4196 3133 4271 ἐξαιρέτως
3220 4195 3277 4251 δὶ
3332 4195 3478 4268 αὖτῷ
3560 4195 3707 4270 παρὰ
3787 4198 3876 4267 τῷ

2227 4292 2472 4367 Χενεφρῇ
2553 4284 2607 4342 ἐν
2662 4287 2879 4349 τούτοις
2931 4284 3031 4362 γὰρ
3088 4282 3461 4355 τετελευτήκει
3499 4284 3529 4339 ὁ
3562 4283 3875 4357 Παλμανώ-

2227 4379 2255 4433 θ
2423 4377 2436 4394 ι
2586 4376 2637 4408 ι-
2934 4377 2948 4392 ν
2993 4372 3007 4391 ‘
3140 4374 3190 4406 ν,
3544 4372 3569 4406 ,ν
3762 4372 3775 4385 ⁵
3832 4378 3861 4389 ο

2261 4400 2325 4449 ης
2349 4398 2440 4432 και
2472 4379 2507 4446 ἡ
2540 4376 2865 4449 Θέρμουθις.
2908 4377 3008 4430 Ιλαι
3064 4395 3239 4429 τοινσν
3280 4367 3666 4430 ἓπιϐουλεσται
3717 4394 3877 4446 αυτῳ

472 4465 533 4520 in
558 4468 675 4521 lata
695 4474 1131 4522 concesserant.
1160 4468 1361 4535 Itaque
1382 4482 1519 4538 ergo
1541 4467 1917 4540 Chenephres
1939 4470 2116 4527 variis

2227 4475 2499 4538 ποικίλως
2558 4474 2861 4549 βασκαίνων
2897 4516 2911 4543 ,
2961 4474 3265 4549 Χαναθώθῃ
3325 4469 3383 4529 δὲ
3439 4473 3713 4550 ἐπιτρέπει
3763 4475 3874 4544 τήν

472 4555 563 4610 81
596 4557 793 4611 Mosen
818 4555 1050 4610 insidiis
1072 4554 1837 4626 petivit,iuvidiaconcitus;
1860 4575 1927 4615 ac
1961 4561 2112 4616 Cha-

471 4645 773 4701 natbothae
797 4647 973 4701 Mosis
995 4661 1198 4700 necem
1219 4643 1536 4701 mandavit.
1551 4647 1739 4703 Moses
1750 4649 1998 4721 cognitis
2018 4650 2109 4706 in-

470 4735 661 4800 sidiis,
697 4751 765 4791 eo
791 4734 1126 4804 interfecto,
1158 4734 1295 4807 fuga
1322 4751 1430 4806 per
1459 4735 1844 4793 solitudinem
1875 4739 1937 4794 in
1965 4742 2114 4795 Ara-

470 4822 631 4880 biam
658 4825 927 4896 pervenit
955 4823 1030 4880 ad
1059 4824 1381 4889 Jothorem,
1407 4825 1507 4895 qui
1531 4824 1688 4881 idem
1710 4827 2004 4899 Raguelus
2029 4828 2114 4883 di-

467 4914 640 4981 citur,
674 4914 844 4986 cujus
874 4913 1000 4969 ﬁlia
1029 4913 1205 4969 ducta
1256 4913 1603 4970 Gersamum
1660 4920 1719 4971 et
1773 4916 2111 4973 Eleazarum

465 5004 811 5073 procreavit.
846 5005 994 5059 Dum
1026 5003 1087 5058 in
1116 5005 1357 5076 zEgypto
1391 5008 1566 5073 esset,
1599 5003 1746 5061 duas
1789 5005 1966 5061 urbes
2023 5022 2110 5062 re-

464 5091 616 5162 ginae
651 5093 822 5149 matri
857 5110 979 5150 sua)
1006 5093 1387 5165 cognomines
1413 5093 1697 5149 condidit.

538 5182 892 5252 Eupolemus
931 5184 1144 5240 asserit
1192 5185 1409 5239 Mosem
1460 5183 1718 5254 primum
1778 5183 2108 5254 sapientem

465 5266 668 5329 fuis~e.
702 5276 1077 5345 primumque
1108 5274 1333 5327 litteras
1359 5269 1673 5325 tradidisse
1712 5270 1928 5327 Judmis
1959 5289 1973 5339 ;
2033 5273 2105 5329 ab

466 5357 559 5411 his
588 5359 910 5429 wanices,
946 5378 1301 5431 rursumque
1350 5376 1384 5413 a
1440 5358 1820 5413 thnicibus
1876 5362 2106 5419 Graecos

463 5461 565 5502 eas
595 5452 912 5522 accepisse.
945 5452 1177 5506 Primus
1204 5451 1389 5502 Moses
1410 5445 1629 5501 Judwis
1670 5446 1828 5520 leges
1884 5452 2102 5522 posuit.

457 5537 623 5594 Idem
652 5540 961 5597 hominum
994 5541 1053 5593 in
1084 5541 1323 5610 Egypto
1354 5537 1784 5593 consuetudine
1814 5541 2020 5597 relicta
2042 5542 2101 5597 in

531 5631 575 5667 ³⁸
608 5629 783 5685 Exod.
820 5646 911 5697 xv,
943 5631 990 5684 1.

2219 4569 2318 4622 τοῦ
2374 4560 2652 4622 Μωυσέως
2733 4563 2965 4640 σφαγήν·
3040 4561 3106 4631 ἢν
3152 4561 3312 4638 γνοὺς
3361 4564 3599 4632 Μωυσῆς
3653 4560 3877 4636 ἀναιρεῖ

2220 4653 2404 4725 αὐτὸν,
2460 4650 2548 4707 καὶ
2609 4649 2754 4706 οὕτω
2811 4650 2996 4727 φεύγει
3065 4647 3154 4705 διὰ
3207 4657 3309 4721 τῆς
3364 4653 3574 4726 ἐρήμου
3631 4649 3708 4713 είς
3760 4651 3872 4720 τὴν

2220 4737 2516 4820 ’Δρῥαϐίαν
2549 4742 2687 4814 πρὸς
2742 4740 3062 4815 Ἰοθόριτὸν
3119 4739 3211 4796 καὶ
3267 4740 3675 4815 Ῥαγουήλ,κατ
3734 4739 3869 4796 ἔλα-

2220 4828 2309 4888 ϐεν
2341 4830 2507 4887 αὐτοῦ
2545 4831 2645 4900 τήν
2707 4830 2972 4907 θυγατέρα
3029 4829 3164 4905 πρὸς
3186 4829 3385 4904 γάμον,
3426 4827 3476 4903 ἔξ
3516 4830 3583 4900 ἧς
3637 4827 3866 4886 ἐπαιδο-

2218 4920 2416 4993 ποίησε
2434 4920 2525 4975 τὸν
2555 4919 2791 4993 Ἰηρσὰμ
2818 4919 2907 4974 καὶ
2938 4919 3030 4974 τὸν
3052 4917 3330 4994 Ἐλεάζαρ.
3364 4921 3451 4994 [Ρ.
3497 4921 3588 4993 49]
3621 4921 3868 4988 Μωῦσῆς

2219 5008 2276 5067 δὲ
2306 5009 2380 5066 ὢν
2412 5010 2674 5085 Αἰγύπτῳ
2705 5009 2874 5078 κτίζει
2923 5006 3112 5070 πόλεις
3173 5004 3268 5062 δύο
3336 5008 3419 5064 ἐπ’
3488 5009 3716 5084 ὀνόματι
3762 5013 3867 5080 τῆς

2224 5099 2431 5173 μητρὸς
2465 5098 2628 5154 αὐτοῦ
2656 5105 2757 5168 τῆς
2801 5094 3149 5172 βασιλίσσης.

2284 5187 2406 5243 Ὅτι
2453 5184 2761 5259 εὐπάλεμὸς
2815 5205 2949 5256 φησι
3005 5186 3097 5239 τὸν
3151 5185 3383 5241 Mentissa
3437 5192 3658 5258 πρῶτον
3698 5189 3867 5265 σοφὸν

2216 5273 2481 5353 γενέσθαι,
2512 5275 2604 5330 καὶ
2633 5275 2931 5350 γράμματα
2970 5271 3305 5349 παραδοῦναι
3356 5272 3645 5340 Ἰουδαίοις
3702 5283 3868 5352 πρῶ-

2211 5363 2326 5431 τὸν,
2359 5363 2504 5437 παρὰ
2536 5359 2593 5418 δὲ
2624 5360 2902 5418 Ἰουδαίων
2935 5364 3194 5426 Φοίνικας
3260 5359 3617 5438 παραλαϐεῖν,
3649 5364 3867 5438 Ἕλλη-

2212 5472 2306 5515 νας
2333 5448 2392 5507 δὲ
2420 5453 2566 5527 παρὰ
2616 5452 2917 5508 Φοινίκων·
2977 5452 3182 5527 νόμους
3236 5450 3299 5509 δὲ
3348 5460 3568 5529 πρῶτον
3621 5463 3862 5528 Μωυσῆς

2209 5542 2404 5621 γράφει
2442 5546 2560 5606 τοῖς
2614 5538 2919 5608 Ἰουδαίοις.
2975 5540 3307 5600 Καταλιπών
3376 5539 3434 5599 δὶ
3481 5545 3724 5621 Μωϋσῆς
3760 5547 3861 5612 τὰς
