4156 6188
290 345 410 408 117
1444 339 1993 403 HISTORIARUM
2042 339 2594 405 COMPENDIUM.

289 476 411 532 κατ’
442 474 725 552 Λτίγυπτον
756 469 1039 550 διατριϐὰς
1079 474 1158 537 εἰς
1203 476 1302 543 τῆν
1346 469 1553 548 ἔρημον
1605 472 1934 554 ἐφιλοσόφει,

2065 478 2470 544 solitudinem,
2506 484 2568 534 ut
2600 482 2907 552 sapientiae
2941 483 3135 539 studio
3168 490 3420 552 vacaret,
3467 501 3529 540 se
3587 501 3721 540 con-

296 562 693 638 διδασκόμενος
733 564 880 639 παρά
915 567 1011 618 τοῦ
1042 560 1396 637 ἀρχαγγέλου
1428 556 1675 638 Γαϐρίῆλ
1705 562 1771 618 τὰ
1827 562 1951 637 περὶ

294 660 401 723 τῆς
429 653 693 730 γενέσεως
724 656 821 707 τοῦ
852 653 1064 723 κόσμου
1092 652 1182 706 καί
1234 655 1332 705 τοῦ
1389 651 1613 725 πρώτου
1664 652 1951 725 ανθρώπου

297 743 392 799 καὶ
424 748 532 799 τῶν
573 745 690 815 μετ’
719 741 943 808 ἐκεῖνον,
974 741 1063 796 καὶ
1098 745 1192 796 τοῦ
1245 738 1657 812 κατακλυσμοῦ,
1702 739 1792 795 καὶ
1849 747 1952 810 τῆς

302 833 615 909 συγχύσεως
668 832 760 887 καὶ
818 829 1098 892 ποικιλίας
1155 835 1262 886 τῶν
1342 829 1630 905 γλωσσῶν,
1693 830 1783 885 καὶ
1839 835 1947 885 τῶν

297 922 423 991 περί
453 922 547 977 τὸν
572 926 788 995 πρῶτον
846 922 1153 993 ἄνθρωπον,
1212 919 1301 974 καὶ
1359 923 1467 974 τῶν
1529 919 1727 995 μέχρις
1782 918 1950 974 αὐτοῦ

291 1010 536 1084 χρόνων,
598 1010 685 1065 καὶ
752 1007 876 1083 περὶ
930 1010 1029 1076 τῆς
1085 1007 1409 1080 νομοθεσίας
1466 1014 1565 1076 τῆς
1635 1006 1951 1080 μελλούσης

289 1100 418 1174 παρ’
462 1096 630 1154 αῦτοῦ
660 1095 904 1161 δίδοσθαι
934 1100 1015 1169 τῷ
1045 1094 1323 1151 Ἰουδαίων
1368 1094 1526 1164 ἔθνει,
1580 1095 1670 1152 καὶ
1700 1096 1794 1158 τας
1838 1100 1946 1152 τῶν

285 1188 507 1261 ἂστρων
539 1185 710 1252 θέσεις
740 1185 830 1242 καὶ
876 1187 943 1241 τὰ
998 1191 1249 1261 στοιχεῖα
1296 1185 1385 1240 καὶ
1445 1184 1814 1259 ἀριθμητικήν
1857 1186 1947 1239 καὶ

286 1277 634 1354 γεωμετρίαν
692 1276 784 1330 καὶ
872 1279 1045 1329 πᾶσαν
1115 1276 1330 1352 σοφίαν,
1390 1275 1465 1336 ὡς
1526 1273 1578 1328 ἐν
1633 1277 1702 1348 τῇ
1772 1276 1945 1348 λεπτῇ

285 1367 493 1422 Γενὲσει
522 1371 719 1424 κεῖται.
756 1367 857 1421 Καὶ
889 1365 976 1420 ὅτι
1005 1364 1057 1419 ἐν
1089 1362 1217 1439 ρμδ⁹
1250 1361 1358 1419 ἔτει
1417 1370 1518 1433 τῆς
1568 1363 1621 1418 ἐν
1678 1362 1947 1437 Αίγύπτῳ

286 1451 546 1516 δουλείας
575 1456 809 1530 ἤρξαντο
856 1453 1155 1528 Αἰγύπτιοι
1214 1450 1466 1527 δέχεσθαι
1513 1454 1615 1523 τῆν
1666 1449 1945 1524 δεκαπλη-

282 1567 403 1619 γον.
438 1548 531 1602 Ἐν
568 1544 701 1617 μηνὶ
730 1544 936 1617 Ἰουνίῳ
965 1546 1031 1598 τὰ
1075 1540 1243 1599 ὕδατα
1290 1543 1366 1605 εἰς
1415 1542 1554 1616 αῗμα
1602 1541 1944 1615 μετελλήθη,

287 1631 518 1703 Ἰουλίῳ
578 1632 872 1707 βᾶτραχοι,
932 1630 1232 1704 Αὐγούστῳ
1290 1635 1528 1693 σκνῖπες.
1587 1624 1944 1704 Σεπτεμϐρίῳ

281 1719 579 1793 κυνάμυια,
637 1716 963 1793 Ὀκτωϐρίῳ
1043 1725 1257 1790 κτηνῶν
1341 1719 1573 1789 πτῶσίς,
1650 1713 1943 1794 Νοεμϐρίῳ

2063 566 2215 622 tulit.
2252 567 2335 622 Ibi
2370 568 2476 640 (ita
2501 568 2744 639 quidem
2773 572 2955 626 Parva
2984 571 3228 628 Genesis
3279 572 3482 644 refert)
3532 589 3566 629 a
3606 575 3715 630 Ga-

2061 655 2247 711 brielo
2280 657 2628 729 angelorum
2658 659 2928 731 principe
2959 660 3206 716 edoctus
3238 662 3351 717 fuit
3381 662 3453 717 de
3486 663 3715 734 origine

2061 745 2290 812 mundi,
2325 745 2396 800 de
2427 746 2619 817 primo
2654 747 2896 805 homine
2928 755 2987 804 et
3026 766 3161 805 eum
3224 750 3580 817 subsecutis,
3640 752 3714 807 de

2060 833 2303 901 diluvio,
2336 834 2409 889 de
2435 836 2782 892 confusione
2814 844 2874 893 et
2900 837 3242 894 diversitate
3274 838 3712 907 linguarum,de

2060 929 2217 979 statu
2250 924 2425 994 primi
2459 924 2741 995 hominis,
2774 926 2847 981 de
2879 928 3248 999 temporibus
3278 944 3467 1000 usque
3498 928 3573 983 ad
3630 929 3715 998 ip-

2061 1028 2192 1067 sum
2226 1010 2461 1083 elapsis,
2493 1012 2568 1067 de
2597 1013 2723 1085 lege
2756 1031 2934 1085 quam
2963 1016 3180 1071 Iudaeis
3211 1022 3339 1072 erat
3361 1017 3713 1082 traditurus,

2060 1099 2132 1154 de
2165 1098 2424 1154 siderum
2460 1100 3035 1171 positu,elementis,
3059 1103 3453 1174 arithmetica,
3472 1119 3712 1176 geome-

2058 1188 2189 1253 tria,
2225 1192 2283 1242 et
2312 1188 2590 1243 omnibus
2621 1188 2907 1256 scientiis,
2938 1196 3005 1245 ut
3067 1190 3290 1246 ibidem
3340 1192 3708 1263 percriptum

2057 1281 2165 1331 est.
2192 1278 2359 1331 Anno
2382 1278 2680 1334 servitutis
2701 1278 2763 1334 in
2808 1281 3055 1352 Egypto
3098 1279 3353 1335 Iudaica)
3383 1281 3708 1335 centesimo

2057 1367 2510 1438 quadragesimo
2541 1373 2751 1438 quarto
2778 1367 2985 1424 decem
3017 1368 3206 1439 plagis
3228 1370 3505 1439 Egyptus
3525 1367 3708 1439 afﬂigi

2055 1454 2337 1510 divinitus
2358 1455 2552 1527 ccepit.
2577 1457 2774 1511 Mense
2801 1457 2976 1512 Iunio
3018 1474 3186 1529 aqua:
3239 1457 3301 1511 in
3354 1456 3706 1529 sanguinem

2054 1545 2875 1611 suntconversreJulioranm,
2908 1550 3199 1618 augustos
3230 1544 3529 1616 scniphes,
3562 1545 3707 1618 Sep-

2054 1633 2266 1689 tembri
2282 1650 2487 1690 musca
2500 1633 2975 1701 canina,0ctobri
2996 1635 3178 1706 pestis
3195 1635 3704 1707 pecoris,Novem-

2051 1722 2140 1778 bri
2158 1724 2408 1795 pustula:
2432 1724 3160 1789 etulcera,Decembri88
3204 1725 3451 1797 grando,
3482 1726 3703 1781 Janua-

281 1808 580 1890 φλυκτίδες
606 1812 697 1865 καὶ
746 1804 904 1882 ἕλκη,
966 1804 1281 1882 Δεκεμϐρίῳ
1338 1806 1572 1884 χάλαξα,
1620 1809 1934 1881 Ἰανουαρίῳ

2051 1812 2139 1867 rio
2170 1812 2432 1882 locustae,
2461 1813 2779 1869 Februario
2812 1813 3102 1869 triduanm
3146 1813 3433 1878 tenebrae,
3492 1814 3697 1869 Martio

276 1902 462 1977 ᾶκρίς,
523 1895 881 1976 Φεϐρουαρίῳ
934 1898 1126 1961 σκότος

276 1990 345 2046 τὰ
386 1990 662 2066 πρωτόκα.
698 1991 783 2063 Τῇ
846 1986 912 2044 ιδ’
967 1988 1166 2043 τούτου
1219 1992 1319 2043 τοῦ
1378 1987 1551 2061 μηνὸς
1609 1985 1942 2042 σκυλεύσαν-

274 2101 364 2142 τες
394 2081 525 2143 τοὺς
559 2079 896 2155 Αἰγυπτίους
930 2077 1180 2153 ἐξῆλθον,
1241 2078 1529 2152 προστάξει
1592 2081 1725 2134 Θεοῦ
1777 2082 1937 2133 τοῦτο

274 2170 668 2241 πεποιηκότες.
700 2168 850 2225 Μετᾶ
914 2165 971 2224 δὲ
1029 2169 1131 2237 τῆν
1181 2164 1361 2241 ἔξοδον
1414 2167 1585 2243 Ἰοθὸρ
1618 2168 1645 2223 ὁ
1677 2167 1935 2240 πενθερὸς

279 2262 587 2327 Μωυσέως,
618 2254 803 2314 λαϐὼν
864 2257 1149 2330 Σεπφόραν
1208 2260 1309 2328 τὴν
1368 2262 1598 2331 γυναῖκα
1656 2255 1936 2321 Μωϋσὲως

276 2349 371 2404 καὶ
412 2349 542 2412 τοὺς
573 2347 670 2404 δυο
712 2346 870 2408 υἱοὺς
937 2344 1123 2402 αὐτοῦ,
1179 2341 1445 2402 κατέλαϐε
1502 2345 1640 2420 πρὸς
1700 2350 1937 2409 Μωϋσῇν

280 2439 338 2494 ἰν
369 2442 440 2513 τῇ
475 2437 670 2511 ἐρήμῳ
733 2439 815 2491 ’ἑτι
852 2436 1200 2509 πολεμοῦντα
1245 2435 1337 2490 τὸν
1390 2432 1670 2507 Ἀμαλήκ.
1721 2435 1821 2489 Καὶ
1881 2432 1932 2488 ἐν

277 2533 361 2600 τῷ
389 2528 559 2602 τρίτῳ
593 2527 727 2599 μηνὶ
758 2528 855 2596 τῆς
885 2520 1073 2595 ἑξὸδου
1102 2528 1211 2580 τῶν
1260 2525 1392 2579 υἱῶν
1420 2521 1647 2598 Ἰσραὴλ
1679 2523 1745 2577 τὰ
1773 2521 1824 2577 ὲν
1855 2528 1935 2595 τῷ

280 2617 494 2690 Σιναίῳ
550 2615 667 2691 ὄρει
723 2620 1125 2687 νομοθετεῖται,
1181 2615 1270 2669 καὶ
1301 2617 1336 2683 ἡ
1367 2613 1679 2688 Δεκάλογος
1726 2609 1935 2668 δίδοται

274 2709 499 2779 Μωυσῇ
527 2707 616 2761 καὶ
652 2704 859 2780 Ἀαρὼν
914 2703 1003 2759 καὶ
1061 2703 1221 2758 παντὶ
1276 2707 1357 2776 τῷ
1422 2703 1561 2773 λαῷ.
1634 2702 1731 2756 Καὶ
1800 2702 1935 2775 μετὰ

271 2800 440 2851 τοῦτο
471 2794 641 2849 πάλιν
669 2791 939 2849 κελεῦεται
986 2792 1090 2848 ὑπὸ
1146 2791 1244 2847 τοῦ
1302 2795 1437 2847 Θεοῦ
1498 2793 1738 2861 Μωϋσῆς
1802 2791 1936 2865 μετᾶ

274 2887 464 2955 Ἰησοῦ
532 2883 775 2948 ἀνελθεῖν
832 2881 883 2937 ἰν
933 2886 1013 2955 τῷ
1069 2880 1183 2956 ὄρει
1240 2881 1331 2936 καὶ
1391 2874 1577 2935 λαϐεῖν
1656 2880 1722 2935 τὰ
1776 2880 1934 2953 πυξία

304 2972 650 3051 εγραμμένα,
710 2973 744 3027 ἄ
797 2972 1298 3046 προενομοθέτησεν
1355 2971 1383 3024 ὁ
1446 2971 1595 3034 Θεός.
1654 2968 1785 3025 Τότε
1841 2970 1933 3025 καὶ

268 3065 364 3120 τὸν
414 3062 588 3118 τύπον
643 3068 744 3131 τῆς
803 3067 1009 3131 σκηνῆς
1065 3063 1259 3135 θεωρεῖ
1312 3057 1403 3114 καὶ
1457 3059 1525 3114 τὰ
1582 3059 1706 3133 περὶ
1765 3060 1933 3127 αύτῆν

271 3153 471 3209 πάντα.
504 3155 853 3227 Μοσχοποιεῖ
884 3148 941 3205 δε
971 3150 999 3205 ὁ
1042 3146 1194 3218 λαὸς,
1225 3149 1313 3204 καὶ
1375 3142 1648 3221 συντρίϐει
1690 3149 1933 3215 Μωϋσῆς

274 3244 375 3304 τὰς
438 3239 852 3316 θεουργηθείσας
908 3238 1142 3300 πλάκας.
1232 3238 1365 3296 Εἶτα
1430 3235 1595 3292 πᾶλιν
1649 3234 1868 3292 κελεῦετ

274 3329 535 3401 λαξεῦσαι
566 3327 779 3392 πλάκας
809 3330 895 3385 καὶ
950 3330 1189 3384 ἀνελθεῖν
1250 3326 1303 3382 ἐν
1347 3324 1427 3400 τῷ
1466 3324 1601 3401 ὄρει.
1655 3326 1757 3384 Καὶ
1803 3325 1924 3382 ἰδοὺ

275 3423 311 3490 ἡ
346 3418 648 3492 δεκάλογος
694 3420 840 3493 παρᾶ
895 3422 1029 3474 Θεοῦ
1083 3416 1264 3493 τρίτον
1331 3413 1713 3492 παραδέδοται·
1772 3420 1923 3491 πρῶ-

270 3530 367 3565 τον
397 3508 489 3564 ἐπὶ
517 3513 615 3563 τοῦ
654 3506 818 3582 ὅρους
887 3513 1042 3577 Σινᾶ,
1098 3506 1261 3576 ἡνίκα
1316 3505 1371 3560 αἱ
1429 3504 1717 3580 σάλπιογες
1773 3506 1863 3560 καὶ
1895 3506 1924 3560 ὁ

268 3599 499 3676 γνόφος
561 3594 808 3671 δεύτερον
850 3596 1015 3666 ἡνίκα
1068 3596 1133 3651 τὸ
1208 3591 1512 3668 παράδοξον
1562 3601 1664 3664 τῆς
1722 3601 1924 3666 σκηνῆς

267 3687 362 3744 καὶ
396 3687 469 3742 τὰ
504 3688 629 3763 περὶ
682 3688 782 3757 τῆν
841 3687 1068 3757 σκηνήν·
1124 3683 1305 3759 τρίτον
1359 3684 1494 3757 μετᾶ
1546 3684 1645 3753 τὴν
1709 3703 1925 3759 μοσχο-

268 3777 485 3837 ποιίαν.
520 3777 617 3832 Καὶ
674 3778 798 3833 τότε
855 3779 959 3853 γὰρ
1012 3776 1409 3852 τεσσαράκοντα
1464 3776 1675 3850 ἡμέρας
1733 3771 1925 3850 διὲτρι-

267 3872 368 3941 ψεν
397 3867 454 3923 ἓν
483 3873 565 3941 τῷ
603 3866 740 3940 ὄρει,
772 3865 934 3939 ἄρτον
976 3869 1051 3941 μή
1104 3866 1292 3947 φαγὼν
1356 3862 1498 3938 μηδὲ
1555 3861 1704 3939 ὕδωρ
1761 3863 1920 3919 πιών⁸

266 3955 422 4013 ἀλλᾶ
450 3958 541 4012 καὶ
576 3959 610 4026 ἠ
644 3953 771 4027 δόξα
799 3960 898 4012 τοῦ
927 3956 1222 4031 προσώπου
1252 3953 1421 4010 αὐτοῦ
1449 3954 1572 4009 τότε
1601 3951 1897 4027 ἐξέλαμψεν
1931 3951 2007 4015 εἷς

346 4046 456 4103 Καὶ
500 4046 555 4100 ἐν
612 4050 691 4117 τῷ
746 4043 1011 4117 ἑνδεκάτῳ
1058 4039 1163 4100 ἔτει
1220 4051 1320 4113 τῆς
1379 4039 1565 4117 ἐξόδου
1620 4047 1731 4099 τῶν
1798 4041 1926 4097 υἷ’ῶν

272 4134 508 4210 Ἰσραήλ
556 4133 859 4196 κελευσθεὶς
928 4136 1173 4202 Μωυσῆς
1234 4131 1591 4206 ἐξαριθμῆσαι
1646 4132 1739 4186 τὸν
1794 4132 1927 4187 λαὸν

273 4227 384 4281 ἀπὸ
425 4224 769 4288 εἷκοσαετοῦς
795 4222 884 4277 καὶ
915 4221 1095 4278 ἐπάνω
1149 4224 1232 4297 [Ρ.
1284 4224 1373 4296 50]
1430 4223 1557 4283 τοὺς
1616 4218 1932 4291 ἐξελθόντας

276 4315 334 4387 ἐξ
372 4314 678 4389 Αἰγύπτου,
710 4313 890 4392 χωρῖς
919 4315 1188 4389 γυναικῶν
1217 4310 1450 4367 παιδίων
1490 4309 1580 4365 καὶ
1636 4317 1735 4379 τῆς
1774 4314 1932 4364 Λευῖ-

271 4411 437 4473 τικῆς
497 4402 701 4482 φυλῆς,
759 4399 879 4475 εὗρε
934 4397 1198 4475 μυριάδας
1257 4400 1515 4473 ἑξήκοντα
1565 4399 1656 4454 καὶ
1710 4418 1931 4474 τρισχι-

274 4492 437 4553 λίους
467 4491 855 4553 πεντακοσίους
912 4492 1274 4561 πεντήκοντα,
1335 4489 1442 4543 ἀπὸ
1497 4492 1607 4544 τῶν
1659 4486 1932 4543 εἰσελθόν-

1871 3202 2004 3292 άὶα

1210 1898 1422 1972 ἡμέρας
1469 1902 1639 1971 τρεῖς,
1709 1897 1934 1972 Μαρτίῳ

2047 1902 2576 1974 primogenilorum
2599 1903 3010 1959 interitus.Die
3023 1903 3213 1959 Martii
3242 1902 3472 1958 decimo
3488 1910 3698 1974 quarto

2043 1990 2564 2062 depraedatijussu
2620 1992 2721 2047 Dei
2771 1992 3069 2064 :Egyptios
3123 1991 3309 2048 Judaei
3368 1992 3694 2048 exiverunt.

2042 2082 2182 2136 Post
2202 2082 2423 2137 exitum
2449 2098 2521 2137 ex
2539 2084 2780 2155 Egypto
2801 2083 3008 2138 Jothor
3029 2083 3203 2138 Mosis
3226 2098 3418 2151 socer,
3461 2099 3699 2137 assum-

2041 2176 2142 2241 pta
2171 2171 2433 2242 Sephora
2464 2172 2640 2227 Mosis
2663 2188 2845 2228 uxore
2868 2171 3117 2244 ejusque
3140 2171 3374 2227 duobus
3424 2171 3587 2237 filiis,
3622 2171 3697 2227 ad

2043 2259 2260 2314 M05em
2294 2260 2354 2314 in
2388 2260 2775 2315 solitudinem
2806 2261 3092 2332 pervenit,
3127 2260 3321 2317 adhuc
3352 2277 3485 2317 cum
3517 2263 3696 2316 Ama-

2043 2347 2169 2402 leco
2202 2348 2425 2402 bellum
2457 2357 2781 2420 gerentem.
2813 2350 3008 2405 Tertio
3039 2349 3112 2404 ab
3139 2350 3297 2405 exitu
3332 2366 3538 2405 mense
3598 2349 3693 2404 lex

2041 2436 2103 2490 in
2126 2442 2328 2491 monte
2351 2437 2509 2492 Sinai
2537 2438 2677 2496 lata.
2701 2439 3028 2508 decemque
3051 2445 3345 2509 prascepta
3367 2438 3532 2505 Mosi,
3571 2440 3687 2493 Aa-

2040 2528 2171 2582 roni
2198 2534 2375 2598 atque
2398 2528 2672 2582 universo
2705 2528 2922 2600 populo
2972 2529 3111 2583 data
3157 2533 3315 2583 sunt.
3350 2528 3689 2583 Secundum

2041 2617 2150 2671 hoc
2173 2632 2377 2670 rursus
2402 2616 2867 2684 Mosesjubetur,
2893 2623 3198 2687 assumpto
3220 2618 3689 2684 Josua,montem

2039 2704 2820 2777 conscendere,tabulasque
2839 2706 3107 2778 accipere
3130 2706 3188 2761 in
3212 2706 3427 2778 quibus
3449 2706 3546 2761 lex
3590 2704 3688 2760 Dei

2038 2794 2335 2865 perscipta
2359 2799 2503 2849 erat.
2537 2794 2760 2849 Eodem
2796 2801 3061 2866 tempore
3092 2795 3397 2867 exemplar
3451 2806 3689 2866 quoque

2039 2883 2403 2939 tabernaculi
2434 2882 2595 2946 vidit,
2620 2883 2969 2955 reliquaque
2994 2884 3133 2939 item
3154 2884 3356 2940 omnia
3377 2901 3510 2955 qum
3532 2883 3605 2940 ad
3628 2884 3690 2940 id

2036 2973 2431 3045 pertinebant.
2456 2973 2697 3028 Interim
2717 2973 2972 3045 populus
2995 2973 3243 3029 vitulum
3292 2974 3531 3029 fecerat.
3565 2975 3688 3030 Mo-

2038 3077 2131 3116 ses
2152 3077 2187 3117 a
2210 3062 2325 3116 Deo
2348 3062 2534 3117 factas
2553 3061 2784 3117 tabulas
2811 3061 3149 3134 confringit,
3194 3060 3486 3133 jubetque
3539 3063 3687 3118 alias

2036 3166 2103 3205 ex
2138 3149 2335 3222 lapide
2362 3151 2653 3217 excidere,
2685 3156 2743 3206 et
2768 3156 3029 3206 montem
3064 3150 3684 3222 conscendere.Atque

2038 3256 2193 3306 ecce,
2217 3242 2457 3296 tertium
2481 3240 2804 3313 Decalogus
2826 3258 2861 3297 a
2881 3242 3000 3296 Deo
3023 3240 3295 3309 traditur,
3329 3241 3587 3313 primum
3618 3242 3681 3297 in

2038 3337 2238 3387 monte
2271 3331 2453 3397 Sinui,
2487 3331 2588 3386 ubi
2617 3331 2774 3387 tuba:
2807 3336 2864 3386 et
2919 3331 3147 3404 caligo;
3208 3330 3493 3395 secundo,
3543 3348 3679 3386 cum

2034 3420 2404 3477 admirabilis
2434 3436 2625 3477 scenas
2658 3426 2717 3476 et
2772 3419 2847 3476 ad
2904 3419 2966 3475 id
3016 3420 3443 3492 pertinentium
3488 3421 3679 3476 visum

2039 3511 2177 3566 Mosi
2212 3517 2302 3566 est
2327 3510 2631 3577 oblatum;
2667 3511 2841 3565 tertio
2887 3517 3020 3582 post
3073 3510 3337 3566 emotum
3388 3510 3677 3567 vitulum:

2034 3617 2173 3655 nam
2202 3606 2260 3654 et
2317 3605 2453 3654 tunc
2511 3600 2700 3654 Moses
2760 3600 3150 3671 quadraginta
3203 3599 3333 3655 dies
3389 3600 3450 3655 in
3481 3608 3682 3656 monte

2033 3694 2435 3744 commoratus
2467 3694 2576 3754 est,
2610 3689 2690 3742 ita
2717 3694 2783 3743 ut
2811 3704 3005 3758 neque
3036 3704 3249 3759 panem
3269 3689 3472 3744 ederet
3491 3706 3684 3760 neque

2034 3792 2252 3848 aquam
2283 3775 2531 3830 biberet.
2565 3775 2679 3830 Sed
2709 3781 2769 3830 et
2797 3775 3084 3846 splendor
3121 3776 3293 3830 faciei
3355 3777 3485 3847 ejus
3545 3783 3685 3833 tunc

2035 3865 2109 3921 ad
2140 3864 2424 3937 populum
2459 3864 2701 3919 effulsit.

2039 3952 2133 4007 τὸν
2165 3950 2318 4010 λαόν.

2111 4042 2433 4099 Undecimo
2451 4057 2607 4097 anno
2629 4040 2703 4097 ab
2725 4041 2887 4096 exitu
2906 4040 2979 4097 de
3028 4042 3292 4112 Egypto,
3341 4042 3529 4097 Moses
3551 4041 3687 4114 jus-

2039 4148 2141 4187 sus
2173 4147 2485 4186 numerum
2521 4130 2723 4202 populi
2754 4130 2929 4196 inire,
2961 4146 2996 4185 a
3024 4130 3226 4202 viginti
3257 4146 3444 4186 annos
3463 4136 3603 4186 nato
3627 4136 3687 4186 et

2040 4220 2298 4293 amplius
2320 4220 2422 4291 qui
2440 4220 2661 4292 egressi
2681 4225 2968 4275 essentex
2998 4223 3266 4291 Egypto.
3312 4219 3412 4275 89
3460 4219 3684 4292 absque

2040 4310 2394 4366 mulieribus
2416 4315 2476 4363 et
2495 4308 2702 4363 liberis
2731 4313 2907 4380 atque
2941 4308 3193 4363 Levitica
3220 4308 3399 4376 tribu,
3459 4308 3689 4365 invenit

2043 4417 2339 4457 summam
2370 4405 2786 4455 sexcentorum
2817 4399 3096 4468 millium,
3130 4415 3197 4454 ac
3229 4399 3406 4455 trium
3429 4400 3689 4456 millium

2042 4491 2505 4563 quingentorum
2534 4489 2984 4562 quinquaginta.
3019 4489 3105 4544 Ad
3156 4489 3316 4545 hunc
3370 4506 3690 4546 numerum

270 4604 384 4637 των
419 4581 497 4644 εἷς
531 4580 803 4653 Αἴγυπτον
843 4581 914 4634 οε¹
940 4583 1159 4654 ψυχῶν,
1192 4578 1269 4643 είς
1313 4575 1410 4648 ’ἐτη
1453 4579 1567 4633 σιε’.
1624 4576 1825 4639 Πάντες
1872 4573 1929 4630 δὲ

2047 4580 2294 4652 populus
2319 4580 2509 4651 spatio
2533 4582 2634 4633 215
2658 4594 2953 4634 annorum
2976 4595 3047 4634 ex
3067 4582 3132 4632 75
3153 4578 3444 4650 capitibus
3486 4596 3689 4635 excre-

275 4672 431 4725 οὗτοι
463 4668 520 4724 ἓν
548 4672 618 4740 τῇ
650 4667 843 4744 ἰρήμῳ
873 4665 1239 4742 διεφθάρησαν
1276 4664 1572 4734 ποικίλως,
1625 4666 1676 4719 0't
1711 4668 1806 4737 μὶν
1835 4661 1927 4719 διὰ

282 4757 670 4835 βλασφημίαν,
703 4757 754 4811 οἱ
786 4753 844 4811 δὲ
874 4754 945 4811 δι’
976 4752 1457 4831 είδωλολατρείαν,
1488 4754 1541 4809 οἱ
1573 4751 1629 4809 δὶ
1687 4751 1758 4809 δι’
1801 4752 1930 4808 ἀπι-

283 4848 461 4917 στίαν,
495 4847 649 4909 ἐκτὸς
681 4848 863 4917 Ἰησοῦ
892 4845 982 4901 καὶ
1024 4839 1233 4902 Χάλεϐ.
1297 4848 1498 4914 Ἔζησε
1546 4840 1604 4899 δὲ
1660 4846 1866 4913 Ἰησνῦς
1901 4842 1929 4897 ὁ

279 4942 383 4993 τοῦ
412 4943 564 5005 Ναυῆ
597 4929 691 5006 ἔτη
752 4935 942 4991 ὶκατὸν
996 4931 1142 5003 δέκα,
1175 4936 1203 4989 ὁ
1236 4930 1292 4988 δὲ
1346 4937 1445 4989 τοῦ
1502 4933 1681 5012 Ἰεφοῆ
1742 4925 1932 4988 Χάλεϐ

283 5023 379 5099 ἔτη
407 5026 600 5082 ὶκατὸν
632 5025 718 5097 liv;
726 5045 909 5081 κοντα.

348 5210 471 5259 ’θυι
529 5203 584 5259 ὲν
638 5206 709 5277 τῇ
770 5200 990 5277 δευτερᾳ
1040 5200 1419 5278 ἐξαριθμήσει,
1475 5198 1633 5269 ἡνίκα
1690 5204 1931 5267 Maior-7,:

276 5295 371 5350 καὶ
403 5293 667 5368 Ἐλεάζαρ
699 5293 1013 5367 ἠρίθμησαν
1070 5293 1161 5345 τὸν
1221 5288 1375 5360 λαὸν,
1435 5290 1542 5365 οὐχ
1590 5286 1780 5364 εὑρέθη
1843 5289 1933 5342 ἀν-

277 5394 501 5457 θρωπος
532 5379 592 5437 ἐκ
618 5388 717 5451 τῆς
771 5381 997 5455 πρώτης
1054 5378 1424 5455 ἀριθμήσεως,
1476 5376 1638 5447 ἡνίκα
1694 5384 1934 5445 Μωυσῆς

278 5473 375 5529 καὶ
401 5472 617 5549 ’Λαρὼν
645 5470 955 5547 ἠρίθμησαν
984 5468 1076 5525 τὸν
1109 5466 1264 5524 λαόν.
1315 5466 1505 5542 Γέγονε
1563 5464 1621 5521 δὲ
1659 5467 1694 5535 ἡ
1735 5467 1929 5539 πρώτη

285 5563 588 5640 ἀρίθμήσις
627 5560 753 5637 περὶ
808 5561 871 5617 τὸ
924 5559 1162 5627 Σίναιον,
1191 5558 1227 5627 ἠ
1260 5552 1318 5612 δί
1374 5553 1598 5633 δευτίρα
1639 5554 1786 5632 παρᾶ
1837 5553 1929 5611 τὸν

273 5648 564 5733 Ἰορδάνην
575 5690 587 5714 ι

2036 4675 2218 4733 verat,
2242 4686 2373 4740 quae
2398 4670 2457 4723 in
2485 4669 2795 4740 {Egyptum
2824 4667 3281 4724 descenderant.
3319 4669 3530 4723 Verum
3561 4668 3687 4721 hinc

2039 4759 2233 4814 omnis
2253 4757 2568 4813 multitudo
2582 4757 2646 4811 in
2664 4755 2986 4811 solitudine
3004 4756 3252 4811 diversis
3277 4755 3466 4809 modis
3481 4769 3688 4808 omnes

2039 4848 2369 4920 perierunt,
2394 4847 2519 4909 alii,
2540 4845 2699 4917 quod
2717 4844 2788 4900 de
2810 4846 2928 4901 Deo
2950 4845 3133 4916 impie
3157 4848 3354 4898 essent
3374 4839 3686 4901 locuti,alii

2043 4935 2115 4991 ob
2151 4936 2605 4991 simulacrorum
2635 4934 2882 5001 cultum,
2912 4934 3013 4988 alii
3058 4932 3132 4987 ob
3185 4928 3684 4985 incredulitatem.

2041 5025 2537 5082 SoliJosuaNaua:
2551 5024 2707 5079 ﬁlius
2722 5020 3332 5091 etCalebusJepbunaa
3346 5017 3689 5087 ﬂliussuper

2041 5116 2210 5170 stites
2224 5115 2491 5168 fuerunt:
2516 5110 2885 5183 quorumille
2910 5112 3031 5176 HO,
3056 5108 3152 5162 hic
3180 5109 3280 5160 160
3311 5122 3501 5160 annos
3522 5106 3684 5162 vixit.

2112 5207 2176 5260 In
2202 5204 2465 5260 secunda
2488 5202 2689 5274 populi
2738 5198 3086 5255 recensione
3136 5212 3171 5250 a
3218 5197 3373 5250 Mose
3416 5193 3686 5253 Eleazaro

2040 5295 2311 5349 instituta
2336 5309 2408 5347 ne
2427 5307 2582 5347 unus
2606 5289 2846 5361 quidem
2877 5302 3079 5342 eorum
3112 5284 3453 5340 mortalium
3481 5302 3684 5357 super-

2038 5382 2151 5438 fuit
2181 5384 2282 5454 qui
2316 5383 2374 5437 in
2411 5381 2607 5452 priore
2640 5380 2871 5433 fuerant
2901 5374 3271 5443 recensione,
3305 5392 3482 5447 quam
3501 5377 3688 5431 Moses

2042 5478 2100 5528 et
2128 5475 2325 5526 Aaron
2357 5468 2767 5526 obiverant.Ea
2788 5466 2962 5540 juxta
2993 5470 3257 5521 montem
3290 5465 3686 5538 Sinai,poste-

2038 5561 2163 5618 rior
2190 5575 2345 5632 pone
2366 5557 2687 5629 ,Jordanem
2719 5561 2851 5611 acta
2878 5555 3009 5614 fuit.

3607 348 3720 405 118

3935 6094 4039 6140 ...-
