4148 6196
423 379 535 439 119

492 513 677 567 Moses
697 528 830 567 cum
848 529 884 566 a
909 513 1021 567 Deo
1043 510 1246 567 multis
1263 513 1539 583 precibus
1561 512 1808 586 supplex
1820 519 2063 569 conten-
2098 513 2150 576 Α

425 601 613 657 disset
631 607 697 657 ut
714 601 823 656 sibi
848 601 1160 656 Jordanem
1189 602 1438 657 transire
1462 607 1799 675 terramque
1814 602 2063 676 promis-

421 707 549 745 sam
570 705 815 745 cernere
830 689 1211 757 daretur,non
1227 690 1625 749 obtinuit.Sed
1638 691 1847 760 dixitei
1868 694 2022 749 Deus
2051 708 2063 745 :

422 802 448 830 «ι
469 781 587 834 Hoc
605 779 705 834 tibi
725 779 1355 838 sufﬁciatAscendein
1369 785 1645 846 verticem
1660 783 1899 847 montis.
1924 799 2064 838 ocu-

416 867 494 922 lis
519 867 633 921 tuis
657 869 892 923 eminus
923 874 1141 926 terram
1174 872 1346 928 istam
1380 873 1717 945 speculare:
1753 891 1872 930 non
1907 873 2085 933 enim.

418 953 1028 1013 transibisJordanem
1048 960 1147 1014 '9.»
1173 966 1434 1018 Mortuus
1459 969 1547 1019 est
1569 968 1765 1020 autem
1789 965 1975 1019 Moses
1999 980 2066 1019 eo

414 1045 478 1099 in
501 1051 725 1115 monte,
749 1063 938 1103 annos
960 1055 1133 1105 natus
1159 1054 1278 1106 110.
1309 1053 1525 1108 Ductor
1540 1053 1742 1126 populi
1767 1059 1901 1126 post
1929 1070 2064 1110 eum

414 1135 529 1191 fuit
548 1136 724 1192 Josua
746 1153 1053 1208 perannos
1072 1139 1165 1207 27,
1188 1141 1450 1213 vixitque
1468 1159 1657 1199 annos
1681 1144 1927 1199 omnino
1946 1142 2064 1198 110.

488 1222 798 1280 Enimvero
831 1243 1027 1298 opera:
1057 1228 1183 1283 fore
1215 1228 1359 1285 duxi
1390 1247 1485 1288 res
1514 1231 1673 1288 beati
1713 1232 1890 1287 Mosis
1938 1232 2067 1304 pla-

415 1312 551 1368 nius
583 1314 903 1386 explicare,
936 1317 984 1371 is
1017 1334 1153 1390 ergo
1183 1327 1536 1392 accepturus
1581 1321 1932 1378 secunderio
1982 1320 2061 1378 le-

414 1420 547 1474 gem
580 1405 642 1459 in
672 1412 938 1462 montem
958 1409 1247 1467 ascendit.
1268 1412 1584 1467 Descendit
1605 1429 1674 1468 eo
1696 1413 1758 1468 in
1784 1413 1886 1468 90
1908 1411 2065 1468 nube

415 1494 905 1567 Dominus,eique
925 1497 1116 1553 Moses
1134 1500 1479 1573 adstititper
1498 1502 1626 1558 dies
1651 1504 1720 1557 40
1741 1508 2063 1574 noctesque

414 1581 685 1651 totidem,
742 1584 825 1640 ita
879 1592 948 1641 ut
1005 1604 1200 1659 neque
1258 1605 1412 1661 pane
1482 1596 1820 1647 vesceretur
1869 1607 2063 1662 neque

416 1687 631 1743 aquam
664 1673 910 1730 biberet.
945 1677 1015 1731 Et
1043 1678 1281 1751 scripsit
1309 1680 1370 1735 in
1400 1680 1619 1736 tabulis
1648 1680 1826 1736 verba
1866 1682 2064 1737 Testa-

418 1762 627 1823 menti.
658 1762 863 1818 decem
897 1764 1007 1820 ista
1038 1766 1234 1822 verba.
1267 1769 1532 1841 Cumque
1555 1770 1872 1842 splendore
1894 1786 2066 1825 orna-

418 1854 535 1911 tus.
568 1852 821 1923 sumptis
847 1853 1085 1924 tabulis,
1118 1856 1191 1911 de
1221 1863 1423 1913 monte
1455 1858 1864 1931 descenderet,
1920 1858 2065 1914 vidit
2096 1883 2142 1948 Β

418 1942 615 1994 Aaron
646 1941 1076 2014 universusque
1107 1946 1362 2018 populus
1401 1947 1613 2004 faciem
1661 1950 1836 2004 Mosis
1893 1966 2062 2005 coru-

425 2035 711 2098 scantem,
746 2038 1203 2106 metueruntque
1234 2034 1309 2090 ad
1340 2052 1476 2091 eum
1507 2036 1809 2094 accedere.
1861 2038 2067 2109 Itaque

417 2117 713 2175 velamine
733 2122 943 2193 capitis
968 2139 1110 2178 usus
1137 2130 1247 2193 est,
1271 2125 1504 2196 quoties
1525 2142 1659 2182 cum
1677 2125 1823 2197 ipsis
1842 2131 2063 2197 ageret.

418 2207 650 2263 Etenim
682 2217 817 2281 post
844 2213 912 2266 40
943 2211 1071 2267 dies
1101 2229 1235 2269 cum
1262 2214 1689 2283 descendisset,
1712 2216 1801 2272 ira
1825 2215 1899 2271 ob
1922 2217 2066 2272 vitu-

414 2294 541 2351 lum
572 2297 833 2354 efﬁctum
866 2302 1147 2372 percitus,
1182 2302 1343 2359 illico
1368 2303 1600 2361 tabulas
1630 2305 2064 2374 comminuit,et

416 2384 758 2458 quicunque
770 2387 992 2461 ﬂagitio
1005 2391 1863 2458 erantobnoxii,internecione
1877 2394 2061 2450 deleri

407 2474 609 2545 jussit.
644 2477 786 2532 Tum
806 2478 988 2534 vitulo
1011 2496 1041 2535 e
1062 2480 1259 2536 medio
1286 2482 1541 2549 sublato,
1574 2500 1810 2555 unoque
1837 2483 1933 2540 die
1956 2484 2057 2539 tri-

412 2562 522 2619 bus
535 2565 790 2623 virorum
806 2568 1203 2639 pessimorum
1218 2570 1483 2627 millibus
1497 2572 1839 2629 interfectis.
1851 2574 2063 2645 postri-

410 2653 509 2708 die
540 2655 817 2711 celeriter
851 2658 925 2713 ad
955 2660 1273 2715 Dominum
1305 2660 1367 2717 in
1397 2669 1662 2718 montem
1690 2678 1752 2718 se
1783 2663 2060 2731 contulit,

410 2744 580 2813 quasi
612 2744 900 2815 pudorem
934 2747 1008 2814 ei,
1042 2748 1157 2803 nisi
1209 2748 1551 2821 deprecanti
1602 2758 1915 2820 annueret,
1964 2753 2056 2808 in-

412 2848 713 2888 cussurus.
747 2836 939 2904 Atque
971 2836 1107 2890 audi
1139 2838 1282 2908 quid
1310 2838 1614 2911 Scriptura
1643 2840 1838 2895 dicat:
1873 2863 1900 2891 «
1923 2840 2060 2897 Pos-

413 2919 589 2975 tridie
629 2921 820 2977 Moses
850 2923 932 2979 ita
975 2926 1261 2998 populum
1305 2933 1396 2983 est
1449 2928 1744 2985 allocutus
1779 2947 1792 2985 :
1846 2930 2056 3003 Ingens

409 3008 700 3082 ﬂagitium
758 3013 1160 3071 commisistis.
1219 3020 1387 3073 Nunc
1468 3017 1669 3090 itaque
1734 3019 2052 3076 ascendam

411 3097 484 3154 ad
518 3104 722 3168 Deum,
756 3106 821 3155 ut
850 3118 969 3165 vos,
1013 3103 1115 3174 qui
1161 3110 1402 3176 peccato
1451 3122 1589 3162 eum
1642 3107 1940 3177 irritastis,
1991 3108 2052 3163 in

407 3189 657 3259 gratiam
689 3190 820 3261 ejus
849 3190 1180 3248 restituam.
1205 3196 1614 3267 Reversusque
1641 3195 1713 3252 ad
1739 3196 2051 3253 Dominum

406 3278 596 3334 Moses
651 3278 835 3335 dixit:
885 3281 1199 3353 Deprecor,
1249 3283 1504 3354 populus
1542 3284 1652 3340 iste
1694 3286 1936 3359 grandis
1982 3305 2044 3344 se

403 3366 688 3424 facinoris
717 3368 996 3442 obligavit
1026 3370 1167 3427 deos
1197 3372 1309 3427 sibi
1349 3372 1646 3446 fingendo.
1676 3375 1844 3431 Nunc
1888 3392 2046 3449 ergo,

406 3454 702 3527 siquidem
735 3457 819 3513 eis
850 3458 963 3513 hoc
995 3476 1167 3515 suum
1199 3460 1395 3516 scelus
1426 3462 1705 3534 ignoscis,
1764 3463 2001 3536 ignosce
2032 3481 2046 3520 :

405 3543 497 3599 sin
527 3561 686 3615 vero,
718 3562 813 3601 me
841 3564 911 3603 ex
942 3547 1093 3604 libro
1125 3566 1299 3620 quem
1333 3550 1621 3623 scripsisti
1666 3551 1881 3610 deleto.
1932 3555 2045 3610 Re-

402 3634 642 3706 spondit
672 3642 870 3692 autem
896 3637 1087 3693 Deus:
1121 3639 1178 3693 Si
1211 3640 1345 3710 quis
1387 3640 1699 3697 adversum
1748 3659 1844 3699 me
1891 3642 2039 3699 deli-

401 3725 617 3795 querit,
650 3742 786 3782 eum
817 3726 890 3783 de
946 3727 1100 3784 libro
1133 3745 1264 3785 meo
1291 3730 1523 3787 delebo.
1554 3733 1723 3788 Nunc
1752 3739 1951 3789 autem
1985 3740 2046 3789 tu

396 3813 564 3879 vade,
596 3814 1004 3888 pepulumque
1035 3816 1149 3873 duc
1174 3818 1249 3873 ad
1278 3818 1476 3875 locum
1507 3836 1685 3891 quem
1735 3821 1841 3877 tibi
1887 3822 2048 3878 indi-

398 3903 542 3959 cavi.
578 3907 769 3975 Atque
799 3921 955 3975 ecce,
988 3907 1234 3980 angelus
1264 3924 1433 3964 meus
1459 3909 1754 3981 prmcedet
1790 3917 1867 3966 te.
1923 3912 2047 3977 Qua

396 3999 596 4049 autem
628 3992 724 4050 die
764 4011 865 4050 eos
909 3995 1181 4065 visitabo,
1227 4012 1297 4053 ea
1344 4015 1577 4069 poenam
1621 4017 1726 4071 pro
1774 4000 1887 4056 hoc
1941 4001 2036 4056 91

395 4082 612 4140 delicto
634 4083 781 4155 ipsis
804 4083 1068 4157 inﬂigam
1093 4086 1156 4141 η.
1188 4105 1215 4136 ο
1247 4086 1505 4143 Proinde
1528 4095 1687 4143 extra
1711 4093 2044 4145 controver—

395 4172 543 4228 siam
576 4178 687 4240 est,
718 4175 787 4227 80
816 4174 1132 4229 continuos
1163 4172 1291 4229 dies
1317 4173 1556 4230 beatum
1591 4177 1808 4232 Mosem
1839 4177 2042 4235 divino

393 4261 680 4316 instinctu
735 4261 1014 4316 affectum
1067 4261 1197 4316 cibo
1250 4260 1632 4329 abstinuisse,
1682 4264 1891 4321 alitum
1938 4267 2042 4323 Dei

392 4364 667 4402 sermone
715 4349 1043 4404 secundum
1094 4350 1327 4404 Domini
1374 4350 1619 4407 dictum.
1674 4351 1853 4410 Porro
1903 4372 2041 4412 cum

392 4438 580 4491 Moses
600 4435 662 4491 in
688 4436 1127 4493 tabernaculum
1150 4440 1476 4495 testimonii
1496 4440 2039 4517 intrabat,p0pulus

390 4526 702 4582 universus
729 4526 923 4583 stabat
942 4528 1655 4602 contemplans,Moseque
1675 4532 2037 4607 introgresso

389 4614 568 4671 nubis
589 4616 868 4672 columna
889 4622 947 4671 et
970 4617 1119 4673 Deus
1142 4617 1215 4672 ad
1242 4617 1691 4677 tabernaculum
1717 4620 2040 4680 descende-

2163 4620 2217 4690 τῇ
2276 4618 2451 4689 σκηνῇ
2506 4616 2603 4668 τοῦ
2683 4612 3006 4689 μαρτυρίου,

388 4703 553 4761 bant.
585 4704 847 4777 Populus
876 4710 1074 4761 autem
1109 4707 1449 4764 columnam
1490 4709 1665 4765 nubis
1718 4718 2035 4769 cernentes

386 4792 715 4851 adorabant
743 4795 997 4866 quisque
1027 4812 1062 4851 a
1100 4812 1206 4851 suo
1238 4796 1637 4857 tabernaculo.
1682 4804 1875 4874 Atque
1922 4803 2035 4858 hoc

384 4882 562 4939 modo
585 4884 738 4939 Deus
758 4900 893 4939 cum
914 4885 1068 4940 Mose
1088 4885 1151 4940 in
1173 4893 1496 4959 conspectu
1515 4889 1719 4962 papuli
1750 4890 2030 4963 loqueba-

384 4976 499 5026 tur.
535 4974 720 5029 Moses
752 4990 927 5044 porro
947 4980 1014 5029 ut
1043 4974 1330 5046 populum
1360 4976 1432 5031 ab
1464 4977 1554 5032 ira
1583 4978 1684 5033 Dei
1729 4978 2030 5049 liberaret,

384 5064 546 5115 tanto
579 5067 797 5118 conatu
822 5062 1124 5118 nitebatur
1152 5065 1418 5137 adeoque
1454 5082 1572 5120 suae
1603 5066 1793 5137 ipsius
1822 5067 2031 5122 salutis

383 5163 583 5203 curam
612 5166 731 5206 non
753 5153 1011 5222 gerebat,
1032 5158 1097 5207 ut
1115 5155 1289 5208 etiam
1314 5155 1375 5208 in
1396 5153 1562 5208 clade
1577 5154 1676 5209 Dei
1701 5155 2029 5210 secundum

386 5236 663 5293 Dat-idem
697 5243 948 5298 steterit.
980 5248 1052 5297 At
1100 5259 1234 5298 vero
1264 5242 1449 5298 Judaei
1479 5248 1545 5297 ut
1575 5248 1745 5298 erant
1794 5243 2029 5315 ingrati,

383 5326 572 5397 magis
607 5343 911 5400 magisque
944 5331 1223 5386 adversus
1252 5331 1600 5402 prophetam
1635 5348 1806 5387 suum
1831 5332 2029 5388 insur-

378 5421 680 5470 rexerunt.
711 5418 1005 5492 Quotquot
1039 5424 1234 5473 autem
1270 5419 1379 5472 hoc
1410 5426 1676 5491 egerunt,
1721 5420 1759 5474 ii
1811 5422 2026 5493 partim

450 5504 495 5538 ¹³
523 5504 689 5559 Deut.
724 5523 880 5573 xxxi,
915 5511 965 5560 2.
1047 5507 1088 5541 ¹³
1117 5505 1297 5561 Exod.
1330 5522 1506 5563 χχχιι.

1779 375 2097 439 GEORGII
2142 378 2481 440 (ZEDRENI

3704 378 3822 444 I20

2254 509 2373 565 Ὀτι
2405 507 2616 580 δεήσεις
2661 509 2899 584 μεγάλας
2956 513 3330 585 ποιησάμενος
3378 512 3514 586 πρὸς
3557 512 3648 567 τὸν
3693 516 3822 569 Θεὸν

2178 596 2255 661 εἷς
2295 597 2356 652 τὸ
2413 594 2667 667 διαϐῆναι
2723 600 2814 655 τὸν
2877 597 3153 675 Ἰορδάνην
3208 606 3296 657 καί
3332 597 3501 656 ίδκεῖν
3553 603 3653 671 τήν
3711 608 3820 677 γῆν

2175 691 2274 754 τῆς
2321 685 2647 763 ἐπαγγελίας
2704 689 2813 769 οὐχ
2871 689 3213 760 ὑπηκοῦσοη,
3273 689 3401 746 ἀλλ’
3465 692 3615 745 εἶπεν
3673 690 3826 764 αὐτῷ

2177 775 2205 830 ὁ
2236 774 2387 837 Θεός.
2423 800 2453 828 ‹‹
2483 776 2808 842 Ἰκανοόσθω
2839 795 2945 833 σοι’
3007 774 3237 849 ἀνάϐηθι
3294 778 3383 834 ἐπὶ
3432 780 3530 847 τῆν
3576 781 3823 857 κορυφὴν

2174 867 2271 919 τοῦ
2302 862 2484 935 ὅρους,
2516 866 2607 921 καὶ
2638 862 2724 922 Ἴδε
2752 872 2867 928 τοῖς
2892 865 3202 946 ὀφθαλμοῖς
3229 889 3348 935 σου,
3371 867 3457 924 ὅτι
3487 867 3550 923 οὗ
3580 863 3820 943 διαϐήσῃ

2174 955 2264 1010 τὸν
2300 954 2597 1028 Ἰορδάνην.
2632 979 2662 1009 ››
2694 956 2797 1014 Καὶ
2828 956 3147 1028 ἐτελεύτησε
3212 965 3449 1029 Μωυσῆς
3480 958 3533 1014 ὲν
3578 963 3659 1031 τῷ
3706 954 3823 1033 ὄρει

2176 1043 2363 1117 ἐκείνῳ
2393 1045 2526 1100 ἐτῶν
2559 1045 2745 1101 ἑκατὸν
2779 1043 2924 1102 δέκα.
2960 1047 3057 1102 Καὶ
3109 1049 3327 1124 ἡγεῖται
3379 1053 3477 1104 τοῦ
3526 1045 3663 1104 λαοῦ
3709 1050 3821 1121 ’1η-

2246 1138 2302 1169 ο.
2334 1128 2359 1152 ν
2525 1137 2537 1155 1
2837 1136 2851 1153 ε
2949 1136 2960 1153 ρ
3097 1133 3150 1173 κ’
3355 1140 3369 1155 l

2177 1156 2301 1196 σου,
2332 1155 2426 1205 ετη
2458 1140 2523 1206 κζ
2543 1181 2558 1201 ,
2590 1137 2759 1206 ζήσας
2793 1157 2861 1192 τα
2890 1157 3065 1194 παντα
3092 1157 3187 1207 ea,
3221 1137 3408 1194 ἕκατον
3439 1134 3586 1195 δέκα.

2248 1221 2425 1279 Ἀλλὰ
2453 1221 2570 1280 δέον
2599 1224 2896 1299 ἡγησάμην
2930 1226 3249 1304 σαφεστερον
3280 1226 3345 1282 τὰ
3396 1227 3519 1303 περέ
3564 1231 3663 1283 τοῦ
3713 1248 3819 1303 μα·

2175 1314 2368 1388 καρίου
2428 1314 2702 1377 Μωυσέως
2759 1312 3065 1388 διεξελθεῖν.
3126 1313 3361 1373 Μέλλων
3420 1318 3525 1394 γὰρ
3565 1318 3822 1382 ὁθεσπὲ-

2175 1421 2290 1462 σιος
2322 1402 2480 1465 οὗτος
2510 1402 2601 1457 τὸν
2636 1398 2884 1478 δεύτερον
2913 1403 3081 1477 νόμον
3116 1399 3368 1479 δέχεσθαι
3408 1399 3571 1476 ἀνέϐη
3635 1404 3712 1468 εἷς
3756 1407 3823 1461 τὸ

2173 1488 2325 1565 ὄρτς,
2382 1489 2474 1545 καὶ
2528 1487 2730 1560 κατέϐη
2791 1491 2992 1565 Κύριος
3051 1491 3103 1547 ἐν
3144 1490 3370 1572 νεφέλη,
3428 1495 3519 1548 καὶ
3576 1490 3819 1569 παρέστη

2171 1579 2322 1650 αὐτῷ
2353 1577 2551 1642 ἐκεῖνος
2605 1579 2816 1654 ἡμέρας
2865 1581 3258 1652 τεσσαράκοντα
3312 1580 3402 1635 καὶ
3458 1580 3649 1644 νύκτας
3703 1603 3825 1637 τεσ-

2173 1668 2493 1743 σαράκοντα·
2562 1667 2721 1743 ἄρτον
2790 1667 2888 1724 οὐκ
2944 1667 3112 1746 ἔφαγε
3161 1668 3252 1724 καὶ
3314 1667 3463 1745 ὕδωρ
3520 1670 3621 1726 οὐκ
3676 1665 3819 1729 ἔπιε.

2174 1756 2271 1812 Καὶ
2301 1751 2530 1833 ἔγραψεν
2561 1756 2647 1813 ἰπὶ
2706 1761 2813 1813 τῶν
2872 1754 3095 1813 πλακῶν
3152 1757 3219 1813 τὰ
3274 1759 3494 1833 ῥήματα
3543 1766 3644 1831 τῆς
3698 1757 3824 1816 δια-

2174 1849 2369 1917 θήκης,
2398 1846 2523 1909 τοὺς
2554 1844 2683 1902 δέκα
2710 1844 2936 1921 λόγους.
2971 1847 3067 1902 Καὶ
3101 1842 3286 1903 λαϐὼν
3316 1848 3410 1910 τὰς
3463 1848 3677 1912 πλάκας
3726 1850 3823 1906 καὶ

2178 1930 2413 1998 καταϐὰς
2444 1936 2550 1992 ἀπὸ
2577 1940 2675 1992 τοῦ
2706 1931 2865 2011 ὄρους
2895 1933 3305 2010 δεδοξασμένοις,
3336 1934 3475 1994 εἶδεν
3499 1939 3713 2013 Ἀαρὼν
3732 1941 3829 1995 καὶ

2176 2025 2368 2088 πάντες
2431 2027 2482 2081 οἱ
2541 2027 2650 2081 υἱοῖ
2707 2025 2933 2102 Ἰσραὴλ
3023 2026 3086 2083 τὸ
3170 2026 3461 2101 πρόσωπον
3541 2030 3829 2093 Μωυσέως

2173 2115 2264 2171 καὶ
2320 2115 2387 2186 ἦν
2445 2113 2853 2190 δεδοξασμένον,
2906 2117 2997 2172 καὶ
3066 2112 3311 2191 ἐφοϐήθη
3383 2116 3532 2191 αὐτῷ
3598 2138 3833 2195 προσεγ-

2171 2203 2338 2281 γίσαι*
2372 2204 2461 2260 καὶ
2494 2201 2584 2260 διὰ
2623 2210 2787 2265 τοῦτο
2842 2204 3110 2279 κάλυμμα
3163 2203 3417 2272 ἐπετίθει,
3472 2205 3634 2276 ἡνίκα
3686 2211 3829 2281 πρὸς

2174 2291 2369 2355 αὐτοὺς
2426 2292 2647 2367 ὡμίλει.
2711 2293 2860 2352 Μετὰ
2943 2294 3045 2369 γὰρ
3122 2295 3334 2371 ἡμέρας
3422 2296 3823 2369 τεσσαράκοντα

2172 2380 2469 2456 κατελθὼν,
2500 2384 2588 2438 καὶ
2641 2380 2730 2439 διᾶ
2785 2384 2887 2452 τὴν
2956 2383 3322 2459 μοσχοποιίαν
3380 2384 3670 2459 θυμωθεὶς,
3728 2385 3817 2442 εὖ·

2173 2472 2307 2537 θέως
2335 2473 2430 2535 τὰς
2486 2471 2700 2535 πλάκας
2760 2471 3048 2548 συνέτριψε
3103 2471 3193 2527 καὶ
3251 2471 3444 2529 αὐτίκα
3500 2472 3821 2549 προσέταξεν

2170 2556 2383 2631 ἡϐηδὸν
2407 2561 2609 2623 πάντας
2640 2560 2766 2622 τοὺς
2815 2562 3235 2640 παρατυχόντας
3295 2560 3662 2638 ἀναιρεθῆναι.
3713 2563 3819 2621 Καὶ

2168 2653 2260 2707 τὸν
2297 2652 2508 2728 μόσχον
2559 2651 2893 2731 ἐξαφανίσας,
2951 2652 3040 2707 καὶ
3096 2649 3444 2727 τρισχιλίους
3504 2652 3823 2729 αἰσχίστους

2169 2734 2363 2815 ἄνδρας
2403 2739 2788 2814 ἐξοΛοθρεῦσας
2828 2739 2879 2796 ἑν
2916 2742 3016 2813 μιᾷ
3042 2740 3245 2815 ἡμέρᾳ,
3299 2743 3368 2812 τῇ
3420 2738 3648 2817 ἐπιούσῃ
3687 2743 3820 2797 θᾶτ-

2167 2850 2259 2885 τον
2292 2827 2521 2898 ἀνῆλθεν
2551 2827 2626 2891 εἷς
2682 2828 2746 2883 τὸ
2799 2830 2925 2904 ὅρος
2984 2829 3119 2904 πρὸς
3179 2827 3400 2903 Κύριον,
3472 2826 3818 2902 δυσωπήσων

2168 2918 2348 2973 αὐτόν.
2377 2920 2479 2975 Καὶ
2510 2919 2737 2974 ἄκουσον
2771 2918 2823 2973 τί
2853 2939 3016 2996 φησιν
3044 2920 3079 2988 ἡ
3121 2921 3326 2996 Γραφή
3386 2943 3413 2972 ‹‹
3447 2919 3550 2977 Καὶ
3599 2918 3816 2995 ἐγένετο

2170 3008 2305 3081 μετά
2374 3005 2469 3076 ξῆν
2523 3006 2734 3083 αὕριον,
2816 3006 2930 3063 εἶπε
3009 3011 3248 3075 Medici:
3303 3007 3442 3083 πρὸς
3504 3008 3597 3063 τὸν
3658 3007 3811 3066 λαόν·

2163 3100 2345 3170 Ὑμεῖς
2375 3100 2731 3174 ἡμαρτήκατε
2778 3097 3044 3174 ἁμαρτίαν
3096 3098 3362 3174 μεγάλην·
3411 3098 3499 3154 καὶ
3545 3105 3638 3155 νῦν
3683 3101 3817 3157 ἂνα-

2165 3182 2409 3260 ϐήσομαι
2439 3187 2576 3260 πρὸς
2636 3187 2727 3242 τὸν
2789 3187 2944 3257 Θεὸν,
2996 3186 3090 3243 ’ἶνα
3138 3186 3478 3261 ἑξιλάσωμαι
3531 3189 3655 3262 περὶ
3710 3193 3814 3260 τῆς

2162 3277 2431 3352 ἁμαρτίας
2474 3276 2646 3349 ὑμῶν.
2708 3276 2812 3334 Καὶ
2869 3274 3160 3354 ἐπέστρεψε
3216 3283 3457 3348 Μωϋσῆς
3515 3279 3651 3355 πρὸς
3698 3280 3811 3336 Κύ-

2156 3365 2440 3442 ριονηκαί
2500 3364 2639 3421 εἴπεο
2709 3365 2933 3440 Δέὸμαι,
2993 3367 3309 3443 ἡμάρτηκεν
3364 3368 3393 3422 ὁ
3459 3365 3593 3432 λαὸς
3646 3366 3808 3431 οὗτος

2156 3452 2424 3532 ἁμαρτίαν
2489 3452 2756 3532 μεγάλην,
2818 3457 2899 3529 [Ρ.
2979 3458 3069 3531 51]
3130 3455 3219 3511 καὶ
3274 3456 3531 3526 ἐποίησαν
3590 3458 3805 3521 ἑαυτοῖς

2157 3544 2331 3608 θεούς.
2367 3545 2463 3598 Καὶ
2495 3547 2611 3616 νῦν,
2678 3543 2723 3600 εἰ
2786 3545 2880 3617 μὶν
2935 3544 3077 3623 ἀφῇς
3133 3544 3320 3607 αὐτοῖς
3377 3546 3477 3615 τὴν
3534 3545 3802 3621 ἁμαρτίαν

2156 3632 2354 3701 αὐτῶν,
2387 3631 2516 3706 ἄφες
2548 3632 2593 3688 εἶ
2625 3629 2682 3687 δὲ
2716 3633 2816 3705 μή,
2866 3630 3152 3707 ἐζάλειψόν
3217 3654 3284 3706 με
3341 3631 3401 3689 ἐκ
3437 3641 3539 3705 τῆς
3600 3629 3801 3709 βίϐλου

2154 3720 2221 3789 ἧς
2253 3714 2512 3797 ἔγραψας.
2550 3720 2646 3776 Καὶ
2678 3722 2793 3776 εἶπε
2860 3722 3053 3796 Κύριος
3102 3722 3239 3797 πρὸς
3297 3727 3556 3794 Μωϋσῆν·
3609 3723 3676 3780 Εἲ
3716 3744 3803 3786 τις

2154 3812 2400 3884 ¹Ιξμαρτεν
2433 3810 2664 3866 ἐνώπιόν
2697 3832 2824 3884 μου,
2855 3808 3120 3885 ἐξαλείψω
3150 3810 3310 3867 αὐτὸν
3343 3811 3403 3868 ἐκ
3451 3820 3552 3883 τῆς
3597 3807 3804 3888 βίϐλου

2158 3923 2285 3977 μου.
2318 3902 2456 3957 Νυνῖ
2486 3897 2543 3956 δὶ
2578 3897 2783 3978 βάδιζε,
2809 3899 2899 3955 καὶ
2958 3898 3234 3976 ὀδήγησον
3283 3902 3376 3957 τὸν
3430 3899 3562 3957 λαὸν
3605 3905 3801 3957 τοῦτεν

2155 3990 2231 4053 εἷς
2261 3989 2354 4045 τὸν
2382 3990 2550 4045 τόπον
2582 3988 2640 4046 δν
2666 3988 2860 4065 εἶ’ρηκά
2885 4010 2991 4063 σοι,
3020 3991 3110 4045 καὶ
3169 3987 3289 4045 ἰδοὺ
3339 3992 3369 4046 ὁ
3417 3988 3650 4067 ἄγγελός
3693 4012 3803 4065 μου

2152 4080 2583 4156 προπορεύσεται
2652 4072 2957 4155 ἔμπροσθεν
3013 4099 3126 4134 σου·
3160 4078 3198 4155 ᾖ
3237 4077 3285 4134 δ’
3344 4077 3404 4135 ἄν
3447 4080 3631 4156 ἡμέρᾳ
3684 4078 3803 4134 ἐπι-

2152 4173 2495 4244 σκέπτωμαι,
2528 4167 2707 4240 ἐπάξω
2737 4167 2819 4224 ἐπ’
2850 4167 3045 4231 αὐτοὺς
3072 4169 3173 4237 τήν
3226 4169 3492 4245 ἁμαρτίαν
3542 4170 3741 4228 αὐτῶν.
3765 4191 3795 4223 ι

2149 4262 2311 4316 Ὥστε
2341 4257 2536 4315 λοιπὸν
2569 4256 2976 4331 ἁναμφήριστόν
3025 4256 3166 4314 ἐστιν
3220 4257 3295 4320 ὠς
3352 4254 3801 4333 όγδοηκονθτςμε-

2149 4369 2242 4425 ρον
2271 4347 2460 4427 ἐφεξῆς
2519 4347 2776 4408 ἀπόσιτος
2831 4340 2929 4423 ἔφυ
2973 4345 3403 4427 θεοφοροόμενος
3453 4348 3482 4403 ὁ
3515 4347 3797 4413 θεσπέσιος

2150 4445 2411 4508 Μωυσῆς,
2440 4437 2571 4509 θείῳ
2611 4434 2761 4511 λόγῳ
2810 4438 3144 4516 τρεφόμενος
3199 4436 3335 4493 κατᾶ
3396 4438 3497 4507 τήν
3548 4441 3647 4493 τοῦ
3696 4443 3801 4493 lio.

2149 4528 2269 4604 ρίου
2309 4528 2486 4604 φωνή.
2543 4522 2734 4579 Ἦνίκα
2792 4521 2840 4580 δ’
2897 4519 2957 4579 ἄν
3018 4524 3386 4601 εῗσεπορεόετο
3445 4532 3690 4596 Μωυσῆς
3735 4525 3791 4583 ἒν

3092 4612 3330 4685 εἱστήκει
3412 4621 3517 4678 πᾶς
3574 4615 3604 4669 ὁ
3656 4612 3794 4679 λαὸς

2143 4703 2520 4766 σκοπεύοντες.
2551 4703 2640 4765 Ὧς
2673 4699 2720 4758 δ’
2750 4699 2811 4758 ἄν
2840 4700 3062 4773 εἲσῆλθε
3090 4707 3329 4775 Μωϋσῆς
3373 4703 3429 4760 ἐν
3473 4708 3543 4780 τῇ
3587 4709 3788 4779 σκηνῇ,

2140 4788 2448 4851 κατὲὄποινεν
2508 4792 2537 4847 ὁ
2596 4788 2794 4853 στῦλος
2878 4797 2978 4860 τῆς
3059 4790 3310 4871 νεφέλης,
3392 4793 3483 4848 καὶ
3538 4794 3568 4849 ὁ
3654 4794 3789 4855 Θεὸς

2143 4882 2231 4940 ἐπὶ
2281 4883 2381 4953 τὴν
2438 4881 2664 4952 σκηνήν.
2719 4884 2778 4938 '0
2864 4876 2922 4934 δὶ
2979 4877 3112 4944 λαὸς
3190 4881 3336 4956 ἑώρα
3413 4882 3503 4937 τὸν
3586 4879 3788 4939 στῦλον

2138 4980 2238 5042 τῆς
2265 4970 2516 5051 νεφέλης,
2543 4970 2633 5025 καὶ
2686 4969 3048 5045 προσεκύνουν
3102 4966 3330 5033 ἕκαστος
3391 4970 3449 5026 ἑκ
3500 4979 3600 5042 τῆς
3657 4993 3792 5045 σκη-

2139 5068 2234 5130 νῆς
2269 5062 2457 5118 αὐτοῦ.
2492 5060 2595 5119 Καὶ
2627 5062 2802 5124 οὕτως
2841 5058 3026 5115 ἐλάλει
3085 5060 3281 5130 Κύριος
3335 5061 3467 5135 μετὰ
3508 5062 3784 5127 Μωῦσέως

2139 5151 2367 5207 ἐνώπιον
2400 5154 2496 5204 τοῦ
2528 5148 2685 5206 λαοῦ.
2719 5147 2819 5205 Καὶ
2870 5147 2962 5202 τὸν
3014 5147 3108 5220 μὶν
3164 5145 3297 5203 λαὸν
3345 5152 3404 5206 ἐκ
3459 5158 3560 5221 τῆς
3614 5152 3783 5228 ὀργῆς

2137 5238 2342 5313 Κυρίου
2388 5235 2662 5315 διαφόρως
2708 5234 3182 5309 ἐπαγωνιζόμενος
3239 5235 3529 5311 ἐξελέσθαι,
3587 5244 3783 5296 τοσοῦο

2134 5349 2227 5383 τον
2259 5326 2510 5404 ἠλόγησε
2564 5328 2661 5393 τῆς
2720 5324 2921 5388 οἰκείας
2975 5325 3253 5397 σωτηηίας
3320 5327 3396 5390 ὡς
3455 5330 3545 5384 καὶ
3601 5327 3655 5385 ἂν
3709 5334 3780 5405 τῇ

2135 5416 2355 5493 θραύσει
2386 5419 2482 5471 τοῦ
2515 5417 2650 5471 Θεοῦ
2673 5414 2808 5470 κατὰ
2834 5414 2927 5469 τὸν
2961 5409 3128 5470 Δεϐἱδ
3183 5416 3296 5487 (52)
3345 5423 3554 5488 στῆναι.
3600 5420 3670 5478 Οἱ
3722 5418 3783 5479 δὶ

1567 5598 1930 5655 XYLANDRI
1967 5596 2052 5654 El‘
2092 5596 2308 5654 GOARI
2348 5595 2570 5653 NOTAE.

446 5682 560 5762 (52)
592 5683 777 5740 Locus
806 5680 1116 5755 perspicue
1147 5682 1414 5742 mutilus.
1448 5687 1724 5747 Davidica
1772 5687 2023 5745 historia

2129 5703 2236 5744 suo
2267 5685 2396 5743 loco
2428 5684 2717 5759 sequitur.
2749 5682 2861 5740 Sed
2892 5682 3094 5742 nescio
3124 5683 3269 5759 quid
3297 5684 3476 5762 Moysi
3518 5704 3666 5748 cum
3704 5707 3777 5751 ea
