4156 6188
410 301 526 362 123

1767 305 2088 366 GEORGII
2133 307 2478 368 CEUBENI

3701 312 3818 382 ενι

410 438 816 492 Amormorum
848 443 907 493 et
934 439 1052 510 Ogo
1086 439 1326 493 Basanis
1359 438 1596 511 regibus
1616 439 1918 510 percussis
1937 455 2056 494 om-

2169 436 2263 509 ἔτη
2309 440 2394 514 ρι’.
2429 441 2526 495 Καὶ
2558 441 2587 495 6
2621 442 2716 514 μέν
2752 444 2988 514 Μωυσης
3023 443 3257 514 πατάξας
3284 443 3377 498 τὸν
3404 445 3559 513 Σηὼν
3592 442 3818 519 βασιλέα

412 540 551 579 nem
584 541 788 580 eorum
818 525 1105 581 ditionem
1139 524 1468 598 subegerat.
1505 526 1609 582 Hic
1665 528 1820 600 Ogus
1865 527 1937 583 de
1985 528 2066 601 gi-

414 613 687 683 gantibus
724 614 918 669 fuerat
974 614 1235 677 relictus,
1294 615 1355 669 in
1408 614 1730 687 Raphainis
1789 616 2064 670 habitans

413 703 733 769 Astarothi,
766 720 951 773 genus
982 720 1016 756 a
1048 704 1368 775 llaphainis
1401 704 1658 771 ducens;
1692 706 1861 776 cujus
1882 706 2061 761 culci-

418 795 503 845 tra
535 791 647 845 fuit
676 792 886 856 ferrea,
923 809 1131 848 novem
1164 794 1336 866 longa
1365 794 1615 859 cubitos,
1649 802 1903 866 quatuor
1926 795 2062 850 lata.

412 881 589 935 Josua
609 898 763 948 vero,
787 882 1511 951 Chananasisd’herezmis,
1527 887 1868 959 Gergeswis,
1890 888 2066 942 Chet—

416 970 565 1034 lacis,
602 970 899 1038 Iebusazis,
931 975 1220 1029 Amoracis
1243 982 1300 1029 et
1330 975 1512 1030 Evmis
1545 976 1809 1053 domitis,
1869 993 1935 1032 ac
1967 976 2063 1030 tri-

413 1058 576 1129 ginta
608 1059 837 1117 duobus
895 1080 1100 1117 eorum
1152 1065 1410 1135 regibus,
1470 1066 1810 1122 universam
1861 1082 2062 1122 eorum

415 1152 633 1203 terram
658 1150 934 1206 lsraelico
967 1152 1187 1224 populo
1220 1153 1483 1210 tradidit.
1515 1155 1661 1210 Cum
1710 1159 1933 1223 autem,
1978 1156 2064 1209 in-

415 1236 546 1305 quit
568 1236 632 1304 ίδ,
677 1239 953 1295 Israelico
983 1241 1201 1312 populo
1222 1248 1385 1315 terga
1406 1243 1802 1310 obverterent,
1825 1243 2060 1317 grandi-

417 1326 510 1379 nis
537 1326 765 1397 lapides
783 1329 1014 1383 cazlilus
1036 1330 1095 1384 in
1116 1330 1277 1402 ipsos
1293 1332 1621 1403 ejaculatus
1649 1339 1735 1389 est
1759 1334 2059 1402 Dominus,

416 1416 737 1487 pluresque
768 1417 840 1472 iis
863 1435 1038 1488 quam
1061 1420 1254 1491 gladio
1280 1423 1693 1477 lsraelicorum
1717 1422 1863 1477 duce
1886 1424 2063 1478 .losua

416 1506 592 1559 occisi
627 1512 783 1560 sunt.

2173 532 2281 583 τῶν
2314 529 2623 605 Ἀμοραίων
2655 531 2743 585 καὶ
2778 531 2867 586 τὸν
2923 538 3013 586 Ὠν
3078 529 3309 607 βασιλέα
3362 539 3461 603 τῆς
3514 533 3708 601 Βασὰν,
3760 535 3821 596 ὅς

2177 616 2471 696 ὑπελείφθη
2506 616 2696 674 ἐκτῶν
2726 620 2993 696 γιγάντων
3044 626 3312 676 κατοικῶν
3370 620 3423 676 ἓν
3472 626 3551 692 τῷ
3602 621 3816 701 Ῥαφαΐν

2175 705 2227 760 ἐν
2271 706 2572 777 Ἀσταρώο,
2630 705 2897 784 ἀπόγονον
2954 703 3078 762 ὄντα
3129 712 3227 763 τοῦ
3274 707 3510 787 Ῥαφαῗν,
3549 705 3610 762 οὗ
3661 710 3747 762 καὶ
3784 711 3819 778 ἡ

2174 793 2333 864 κλίνη
2388 792 2606 870 σιδηρᾶ,
2660 796 2723 851 τὸ
2783 803 2960 867 μῆκος
3020 796 3222 871 ἔχουσα
3278 800 3480 871 πήχεις
3535 796 3701 862 ἐννέα,
3759 797 3823 852 τὸ

2174 882 2381 947 πλάτος
2436 887 2723 960 τέσσαρας,
2777 883 3031 962 ἀφείλετο
3089 886 3262 940 πάσαν
3320 886 3422 954 τήν
3469 892 3572 963 γῆν
3624 886 3821 944 αὐτῶν.

2172 975 2234 1033 Ὁ
2263 971 2320 1030 δέ
2359 975 2570 1044 Ἰησοῦς
2626 974 3033 1049 χειρωσάμενος
3092 979 3264 1030 πᾶσαν
3322 976 3425 1044 τὴν
3480 982 3582 1051 γῆν
3642 973 3819 1029 αὐτῶν

2172 1062 2415 1127 καὶτοὺς
2446 1063 2777 1126 Χαναναίους
2806 1062 2896 1118 καὶ
2939 1064 3267 1138 Φερεζαίους
3323 1064 3413 1118 καὶ
3465 1064 3819 1140 Γεργεσαίους

2172 1154 2261 1208 καὶ
2294 1153 2579 1215 Χετταίους
2631 1152 2721 1208 καὶ
2781 1148 3141 1214 Ἰεϐουσαίους
3192 1153 3284 1208 καὶ
3342 1153 3668 1227 Ἀμοραίους
3727 1152 3819 1207 καὶ

2173 1243 2405 1303 Εὐαίους
2436 1241 2525 1297 καὶ
2556 1242 2755 1304 πάντας
2786 1241 2963 1297 αὐτῶν
3021 1243 3148 1304 τοὺς
3207 1239 3472 1318 βασιλεῖς,
3515 1241 3675 1302 ὄντας
3724 1241 3817 1296 τὸν

2174 1331 2403 1406 ἀριθμὸν
2432 1328 3043 1405 τριακονταδύο,πᾶσαν
3085 1332 3184 1399 τήν
3241 1337 3344 1408 γῆν
3394 1330 3570 1385 αὐτῶν
3619 1326 3822 1385 δέδωκε

2172 1426 2289 1483 τοῖς
2320 1421 2460 1482 υἱοῖς
2492 1419 2737 1495 Ἰσραήλ.
2773 1422 2857 1476 Ἐν
2888 1417 2945 1475 δέ
2973 1424 3052 1492 τῷ
3081 1419 3298 1496 φεύγειν
3358 1418 3578 1487 αὐτοὺς,
3630 1417 3819 1498 φησὶν,

2173 1509 2277 1564 ἀπὸ
2310 1510 2606 1583 προσώπου
2644 1515 2751 1564 τῶν
2782 1510 2913 1564 υἱῶν
2974 1507 3194 1584 Ἰσραηλ
3262 1508 3350 1565 καὶ
3413 1509 3605 1581 Κύριος
3664 1508 3820 1582 ὲπέρ-

414 1593 568 1667 ῥιψεν
604 1593 786 1653 αὐτοῖς
819 1591 1005 1657 λίθους
1037 1598 1288 1670 χαλάζης
1320 1595 1379 1652 ἐκ
1407 1603 1504 1652 τοῦ
1562 1598 1812 1673 οὐρανοῦ,
1870 1598 1961 1653 καί
2021 1597 2265 1675 ἐγένοντο
2323 1597 2551 1663 πλείους
2608 1600 2661 1653 οἱ
2718 1599 3077 1662 ἀποθανόντες
3144 1596 3233 1653 διὰ
3289 1596 3418 1660 τοὺς
3475 1596 3662 1662 λίθους
3716 1603 3819 1667 τῆς

413 1680 664 1756 χαλάζης
692 1682 726 1750 ἢ
761 1681 851 1744 οῦς
880 1682 1189 1739 ἀπέκτειναν
1226 1686 1277 1740 οἱ
1308 1686 1417 1740 υἱοὶ
1450 1686 1672 1759 Ἰσραὴλ
1707 1686 1953 1762 μαχαίρᾳ
1984 1691 2419 1763 στρατηγοῦντος
2451 1688 2657 1759 Ἰησοῦ.

484 1771 587 1826 9.1
623 1773 833 1828 Verum
866 1775 1166 1830 enimvero
1208 1792 1454 1848 magnus
1487 1778 1596 1832 iste
1618 1778 1818 1844 Josua,
1850 1783 1909 1832 et
1963 1777 2064 1849 qui
2098 1781 2141 1844 Β

416 1861 704 1916 miracula
725 1862 904 1917 etiam
927 1863 1154 1918 edendo
1180 1881 1241 1918 se
1256 1865 1371 1919 Deo
1392 1883 1593 1920 carum
1609 1867 2065 1934 demonstraret,

408 1966 529 2004 non
563 1956 760 2005 tamen
796 1950 1018 2006 doloris
1050 1954 1465 2024 variarumque
1492 1954 1605 2010 fuit
1664 1955 2063 2010 tentationum

411 2054 640 2109 expers.
676 2039 754 2093 De
775 2057 890 2110 quo
914 2041 1088 2095 etiam
1119 2042 1244 2096 haec
1267 2042 1466 2098 divina
1491 2043 1834 2114 eloquentia
1847 2043 2066 2098 nobilis

422 2128 877 2199 Cbrysoslomus
909 2130 1052 2183 dicit
1085 2147 1096 2183 :
1131 2131 1453 2186 Considera
1488 2132 1636 2187 mihi
1685 2132 1828 2203 quid
1859 2133 1943 2186 rei
1992 2131 2070 2187 sit

395 2218 596 2288 justus
628 2219 825 2272 homo.
856 2219 1040 2273 Jussit
1066 2221 1245 2275 Josua
1272 2221 1427 2275 Nave
1470 2222 1627 2276 illius
1684 2221 1872 2276 solem
1924 2221 2063 2276 sub-

404 2307 795 2379 sisterejuxta
816 2307 1075 2363 Gabaoth
1097 2310 1419 2380 lunamque
1443 2310 1517 2365 ad
1535 2310 1749 2367 vallem
1777 2311 2060 2377 Eloman;

403 2402 580 2467 atque
611 2397 693 2451 ita
723 2397 952 2453 factura
983 2404 1090 2453 est.
1124 2400 1209 2454 ita
1241 2400 1397 2454 enim
1435 2406 1524 2456 est
1557 2401 1847 2473 scriptum
1874 2418 1887 2454 :
1921 2424 1947 2450 «
1983 2403 2063 2455 Ac

405 2488 668 2542 substitit
699 2488 786 2543 sol
818 2489 877 2544 in
910 2490 1105 2545 medio
1136 2490 1264 2545 οωιι
1298 2507 1488 2562 usque
1519 2492 1592 2547 ad
1650 2491 1830 2547 linem
1883 2492 2063 2547 unius

406 2579 544 2634 diei.
578 2581 843 2644 Quantus
874 2581 1001 2637 dies
1024 2600 1216 2652 neque
1257 2589 1393 2638 ante
1428 2584 1538 2638 l'uit
1580 2601 1775 2655 neque
1830 2592 2056 2656 postea,

403 2668 485 2723 ita
518 2674 637 2722 tum
663 2670 816 2723 Deus
848 2671 1071 2724 homini
1106 2671 1535 2741 obtemperavit
1566 2671 1628 2728 ³⁸.
1668 2696 1696 2724 ››
1734 2675 1852 2729 Hoc
1883 2675 2057 2729 Mosis

401 2760 557 2815 facta
588 2766 845 2828 superat.
880 2763 956 2814 At
985 2761 1143 2814 enim
1177 2778 1426 2833 magnus
1453 2763 1563 2816 iste
1620 2770 1797 2835 atque
1848 2766 2058 2820 miriﬁ-

399 2863 504 2901 cus
538 2852 596 2901 et
623 2845 992 2901 admirabilis
1024 2849 1198 2903 Mosis
1230 2865 1556 2916 successor,
1603 2853 1872 2906 omnium
1924 2871 2054 2924 qua:

398 2934 493 2988 isti
507 2933 759 2989 molesta
771 2935 1100 3006 acerbaque
1117 2944 1435 2992 evenerant
1446 2944 1662 3011 partem
1677 2940 1802 3012 ipse
1818 2958 2054 3012 quoque

403 3023 608 3078 sensit.
643 3025 767 3079 Non
800 3025 956 3079 enim
1020 3026 1194 3082 modo
1242 3026 1471 3082 vivente
1522 3029 1849 3085 etiamnum
1898 3033 2053 3088 Mose

400 3119 622 3170 vestem
658 3115 935 3172 laceravit
963 3134 1130 3172 suam
1163 3135 1345 3189 seque
1398 3120 1594 3176 cinere
1625 3122 1959 3194 conspersit
1982 3121 2045 3187 ⁸⁷,

401 3202 504 3259 sed
536 3220 605 3260 eo
636 3204 913 3262 defuncto
946 3207 1004 3261 in
1040 3208 1251 3280 majori
1283 3225 1491 3263 rursus
1539 3211 1897 3266 constitutus
1939 3210 2051 3267 fuit

403 3295 867 3357 necessitudine,
892 3314 1116 3367 pronus
1137 3297 1301 3352 humi
1328 3303 1516 3354 totum
1541 3299 1696 3354 diem
1721 3306 2051 3372 prostratus

399 3383 472 3437 ob
499 3384 724 3438 Achani
759 3392 1066 3454 peccatum
1100 3387 1421 3457 populique
1449 3387 1701 3443 cladem.
1755 3389 1847 3443 Sic
1889 3389 2050 3443 enim

395 3471 576 3524 habet
605 3472 908 3541 Scriptura
929 3472 993 3535 ‘3,
1030 3498 1056 3523 ιι
1086 3475 1155 3528 Et
1178 3475 1457 3530 laceravit
1477 3477 1654 3532 Josua
1674 3483 1865 3531 vestes
1890 3493 2049 3541 suas,

400 3574 582 3627 seque
622 3575 819 3614 coram
853 3561 1101 3615 Domino
1132 3562 1191 3616 in
1226 3564 1433 3618 laciem
1466 3566 1952 3636 postravitusque
1976 3564 2047 3621 ad

406 3664 734 3718 vesperam,
759 3666 1013 3721 cumque
1037 3651 1163 3722 ipso
1185 3652 1450 3707 seniores
1472 3655 1698 3725 populi,
1722 3655 2053 3725 pulverem-

405 3753 521 3808 que
552 3738 845 3809 capitibus
895 3740 1018 3795 suis
1067 3740 1461 3812 ingesserunt.
1515 3743 1786 3815 Dixitque
1833 3745 2047 3798 Josua:

404 3825 677 3895 Obsecro,
711 3829 979 3895 Domine,
1012 3846 1118 3884 cur
1145 3830 1403 3886 famulus
1425 3837 1559 3887 tuus
1582 3833 1864 3904 populum
1889 3833 2050 3887 hunc

401 3920 565 3971 trans
593 3916 911 3973 Iordanem
941 3917 1162 3975 duxit?
1191 3936 1267 3974 an
1298 3925 1361 3974 ut
1391 3936 1526 3976 eum
1549 3922 1819 3977 Amoreis
1849 3921 2047 3977 delen-

402 4002 541 4058 dum
564 4005 900 4075 prmberet‘?
929 4008 1070 4077 quid
1105 4008 1263 4063 enim
1289 4009 1503 4078 dicam,
1537 4023 1847 4081 postquam
1872 4012 2052 4065 Israe-

398 4091 552 4147 licus
608 4096 864 4165 populus
920 4102 1084 4170 terga
1140 4097 1293 4152 hosti
1351 4099 1583 4153 vertit?
1640 4099 1899 4153 Audient
1937 4099 2049 4154 hoc

399 4182 716 4238 Chanaumi
747 4202 815 4240 ac
848 4186 1061 4257 reliqui
1096 4192 1265 4242 terra:
1296 4187 1476 4257 hujus
1536 4188 1766 4253 incolae,
1819 4204 2049 4258 nosque

401 4271 868 4345 circumcingent
897 4281 955 4329 et
980 4276 1342 4330 exscindent.
1380 4296 1408 4325 ››
1442 4273 1697 4331 Videsne
1742 4276 1900 4331 hunc
1930 4293 2049 4331 non

405 4361 621 4416 minori
654 4379 830 4433 quam
861 4366 1078 4420 Mosem
1110 4364 1292 4419 fuisse
1324 4365 1385 4419 in
1419 4365 1719 4420 anxietate
1750 4372 1926 4435 atque
1948 4367 2045 4424 95

402 4451 873 4522 perturbatione;
908 4470 1021 4524 qua
1051 4452 1355 4524 probabile
1389 4454 1481 4509 es?
1505 4471 1638 4510 cum
1663 4470 1730 4509 eo
1761 4454 1942 4510 fuisse
1964 4471 2053 4510 re-

2240 1778 2310 1833 "O
2341 1797 2403 1853 γε
2438 1777 2545 1848 μὴν
2581 1776 2743 1851 μέγας
2775 1774 2862 1831 καὶ
2892 1776 3257 1852 τερατουργὸς
3280 1776 3367 1831 καὶ
3399 1774 3663 1848 θεοφιλὴς
3677 1775 3815 1830 πάνυ

2173 1864 2335 1926 οὗτος
2368 1862 2705 1940 ἀναδειχθεὶς
2736 1865 2840 1920 οὐκ
2869 1864 3105 1940 ἃμοιρος
3138 1865 3316 1936 λύπης
3352 1865 3437 1919 καὶ
3498 1868 3812 1938 πειρασμῶν

2173 1952 2444 2035 διαφόρων
2476 1954 2702 2033 ἐγένετο.
2748 1954 2877 2030 Περῖ
2932 1956 2993 2009 οὗ
3049 1955 3139 2010 καὶ
3200 1956 3229 2009 ὁ
3298 1953 3621 2030 θεοῤῥήμων
3676 1955 3818 2027 Χρυ-

2172 2046 2441 2119 σόστομος
2465 2044 2592 2123 ἔφη’
2629 2070 2658 2098 α
2685 2045 2975 2113 Ἐννόησον
3007 2046 3133 2100 ὅσον
3154 2045 3264 2100 ἐστὶ
3286 2042 3497 2106 δίκαιος
3512 2042 3815 2115 ἅνθρωπος.

2170 2134 2335 2189 Εἶπεν
2368 2139 2581 2205 Ἰησοῦς
2605 2138 2703 2188 τοῦ
2737 2140 2906 2203 Ναυῆ’
2941 2137 3139 2205 Στὴτω
3170 2135 3198 2189 6
3229 2130 3391 2202 ἣλιος
3423 2132 3557 2187 κατὰ
3586 2128 3811 2186 Γαυαὼδ

2168 2222 2257 2276 καὶ
2315 2225 2349 2291 ἡ
2409 2222 2612 2293 σελήνη
2674 2223 2810 2277 κατὰ
2863 2225 3116 2302 φάραγγα
3180 2221 3391 2294 Ἐλώμ·
3442 2221 3531 2276 καὶ
3590 2218 3815 2295 ἐγένετο*

2168 2312 2299 2390 φησί
2330 2313 2455 2387 γάρ·
2490 2338 2517 2363 ‹‹
2554 2313 2654 2368 Καὶ
2689 2310 2814 2377 ἔστη
2840 2313 2867 2366 6
2899 2312 3062 2383 ἣλιος
3116 2311 3251 2367 κατά
3303 2310 3466 2385 μέσον
3498 2313 3592 2365 τοῦ
3637 2308 3809 2381 οὐρα-

2165 2405 2256 2456 νοῦ
2290 2400 2365 2462 εἷς
2395 2400 2554 2463 τέλος
2585 2402 2795 2476 ἡμέρας
2830 2406 2976 2474 μιᾶς,
3029 2404 3115 2475 [Ρ.
3164 2402 3253 2475 PS3]
3306 2399 3398 2456 καὶ
3453 2400 3554 2454 οὐκ
3601 2395 3812 2473 ἐγένετο

2164 2488 2346 2564 ἡμέρα
2375 2490 2600 2560 τοιαύτη
2652 2490 2918 2563 πρότερον
2976 2490 3067 2544 καὶ
3126 2487 3453 2565 ἔμπροσθεν,
3511 2486 3649 2542 ὥστε
3711 2488 3811 2542 ὑπ-

2164 2585 2389 2635 ακοῦσαι
2421 2578 2549 2634 Θεὸν
2580 2578 2887 2653 ἀνθρώπου.
2925 2604 2948 2633 ι
2985 2582 3165 2635 Τοῦτο
3212 2582 3309 2632 τοῦ
3359 2576 3632 2639 Μωυσέως
3690 2582 3814 2650 μεῖ-

2166 2675 2278 2739 ζον.
2325 2668 2503 2725 Ἀλλά
2531 2690 2593 2742 γε
2623 2666 2690 2738 δὴ
2723 2667 2811 2723 καὶ
2860 2665 3019 2729 οὗτος
3081 2669 3109 2722 ὁ
3158 2666 3467 2739 θαυμαστὸς
3506 2666 3594 2720 καὶ
3647 2668 3812 2739 μέγας

2161 2759 2249 2813 καὶ
2308 2759 2692 2832 τερατουργὸς,
2760 2754 3135 2830 διαδεξάμενος
3184 2756 3277 2811 τὸν
3365 2757 3634 2825 Μωυσῆν,
3686 2776 3809 2809 συν-

2160 2846 2472 2916 απήλαυσεν
2508 2846 2654 2918 αὐτῷ
2686 2846 2921 2918 πάντων,
2964 2846 3038 2906 ὡς
3061 2842 3187 2908 ἔπος
3210 2845 3399 2909 εἰπεῖν,
3421 2848 3528 2899 τῶν
3553 2843 3805 2917 ἀνιαρῶν.

2160 2936 2240 2993 Οὐ
2268 2936 2370 3011 γάρ
2392 2931 2470 2991 ἔτι
2506 2936 2669 3008 μόνον
2699 2936 2788 2991 ὅτε
2818 2934 2909 3007 ἔζη
2967 2939 3231 3005 Μωϋσῆς,
3288 2935 3355 2990 τὰ
3406 2935 3592 3009 ἱμάτιν
3652 2930 3804 3007 διέρ-

2159 3026 2287 3100 ῥηξε
2315 3024 2403 3079 καὶ
2437 3022 2638 3080 σποδὸν
2684 3025 3042 3093 κατεπάσατο,
3102 3024 3248 3081 ἀλλὰ
3302 3023 3391 3078 καὶ
3447 3021 3810 3093 τελευτήσαν-

2158 3135 2252 3177 τος
2284 3114 2447 3168 πάλιν
2482 3113 2558 3169 εἷς
2613 3114 2835 3189 μείζονα
2887 3114 3086 3184 ταύτης
3146 3114 3377 3183 κατέστη
3435 3111 3674 3183 ἀνάγκην
3737 3109 3809 3166 δι’

2162 3203 2302 3274 ’ὀλης
2358 3201 2572 3278 ἡμέρας
2654 3205 2869 3279 πρηνὴς
2926 3202 3171 3275 κείμενος
3240 3199 3328 3256 δῖα
3376 3203 3476 3270 τὴν
3538 3194 3823 3275 ἁμαρτίαν’

2153 3294 2334 3371 ’Ἃχαν
2362 3292 2450 3347 καὶ
2492 3293 2591 3360 τὴν
2623 3296 2721 3348 τοῦ
2754 3290 2893 3347 λαοῦ
2918 3294 3103 3361 ἧτταν.
3136 3291 3284 3360 Φησὶ
3313 3290 3436 3366 γάρ’
3472 3314 3499 3342 ‹‹
3533 3289 3637 3345 Καὶ
3659 3286 3806 3364 διέρ-

2157 3380 2310 3458 ρηξεν
2392 3384 2606 3450 Ἰησοῦς
2688 3381 2754 3436 τά
2840 3381 3034 3455 ἱμάτια
3089 3380 3278 3445 αὐτοῦ,
3338 3379 3428 3434 καὶ
3485 3372 3667 3434 ἔπεσεν
3714 3377 3804 3433 ἰπὶ

2154 3471 2453 3545 πρόσωπον
2481 3469 2713 3524 ἐναντίον
2765 3472 2968 3544 Κυρίου
3023 3466 3130 3532 ἓως
3190 3470 3438 3543 ἑσπέρας,
3502 3469 3666 3527 αὐτὸς
3711 3467 3802 3522 καὶ

2155 3560 2209 3614 οἱ
2238 3554 2594 3635 πρεσϐύτεροι
2630 3556 2872 3632 Ἰσραήλ.
2906 3560 3010 3615 Καὶ
3050 3554 3316 3613 ἐπέϐαλον
3373 3561 3512 3633 χοῦν
3561 3556 3650 3637 ἐπὶ
3700 3558 3798 3625 τὴν

2151 3647 2394 3727 κεφαλὴν
2426 3649 2625 3707 αὐτῶν.
2673 3647 2764 3702 καὶ
2823 3649 2968 3702 εἶπεν
3032 3649 3266 3717 Ἰησοῦς*
3327 3645 3553 3720 Δέομαι,
3608 3645 3797 3720 Κύριε,

2149 3737 2245 3793 ’ίνα
2272 3736 2324 3792 τί
2358 3731 2657 3792 διεϐίϐασεν
2687 3736 2714 3790 ὁ
2743 3741 2873 3798 παῖς
2904 3757 2999 3791 σου
3028 3737 3122 3792 τὸν
3154 3735 3287 3791 λαὸν
3315 3739 3509 3791 τοῦτον
3542 3734 3633 3790 τὸν
3666 3735 3803 3809 Ἰορ-

2154 3824 2338 3898 δάνην,
2396 3822 2729 3900 παραδοῦναι
2783 3826 2946 3881 αὐτὸν
3022 3829 3101 3897 τῷ
3181 3826 3461 3898 Ἀμοραίῳ
3535 3822 3800 3879 ἀπολέσαι

2153 3920 2341 3990 ἡμᾶς;
2398 3917 2489 3973 καὶ
2552 3916 2679 3993 ἐρῶ,
2740 3915 2855 3972 ἐπεὶ
2909 3911 3203 3989 μετέϐαλεν
3265 3913 3484 3989 Ἰσραὴλ
3552 3915 3642 3970 τὸν
3703 3914 3802 3969 αὖ·

2154 4011 2289 4087 χένα
2349 4007 2600 4064 ἀπέναντι
2657 4012 2754 4064 τοῦ
2811 4006 3013 4083 ἐχθροῦ
3070 4004 3272 4076 αὐτοῦς
3331 4006 3430 4061 Καὶ
3484 4005 3718 4067 ἀκούσας
3774 4005 3802 4060 ὁ

2155 4102 2449 4159 Χαναναῖος
2475 4097 2565 4152 καὶ
2597 4097 2791 4159 πάντες
2824 4096 2876 4151 οἱ
2934 4098 3309 4157 κατοικοῦντες
3352 4095 3452 4164 τήν
3497 4100 3600 4170 γῆν
3650 4114 3801 4169 περι-

2152 4184 2528 4241 κυκλώσουσίν
2557 4189 2704 4259 ἡμᾶς
2752 4187 2842 4241 καὶ
2899 4184 3245 4260 ἐκτρίψουσιν
3303 4184 3410 4240 ἀπὸ
3464 4187 3564 4254 τῆς
3615 4191 3737 4261 γῆς.
3775 4208 3802 4235 n

2152 4275 2313 4347 Ὁρᾷς
2340 4276 2489 4335 ὅπως
2530 4275 2618 4328 καὶ
2651 4274 2813 4338 οὗτος
2840 4275 2952 4349 οὐχ
2995 4275 3159 4343 ἦττον
3212 4272 3486 4336 Μωϋσέως
3540 4271 3807 4347 ἀδημονεῖ

2153 4362 2245 4417 καὶ
2277 4358 2588 4436 θορυϐεῖται
2615 4381 2628 4431 ;
2661 4363 2749 4417 καί
2781 4384 2886 4417 που
2917 4365 3064 4442 τάχα
3092 4363 3182 4418 καὶ
3230 4364 3396 4424 αὐτὸς
3446 4361 3656 4435 ὁμοίως
3702 4365 3800 4433 τὴν

2160 4452 2303 4520 ζωὴν
2413 4449 2643 4525 ἀπορίας
2690 4450 3007 4529 ἀπελέγετο.
3055 4453 3165 4509 ’Κῶ
3213 4451 3386 4527 λέγειν
3440 4450 3568 4515 τοὺς
3610 4449 3801 4530 διαφό-

401 4540 638 4597 dactum
670 4546 735 4595 ut
753 4540 878 4612 ipse
901 4560 1137 4614 quoque
1156 4543 1334 4598 vitam
1358 4550 1800 4615 aspernaretur.
1834 4544 2045 4616 Super-

2163 4559 2281 4615 ρους
2310 4538 2590 4612 πολέμους
2621 4540 2709 4594 καὶ
2740 4541 2837 4603 τὰς
2872 4542 3053 4616 μάχας
3081 4542 3170 4596 καὶ
3222 4541 3318 4604 τὰς
3370 4538 3656 4615 φροντίδας
3708 4538 3802 4595 καὶ
3869 4568 3877 4580 ι

400 4630 578 4686 sedeo
606 4630 940 4686 referendis
974 4638 1058 4687 tot
1080 4631 1278 4696 bellis,
1303 4634 1518 4705 pugnis
1545 4649 1613 4688 ac
1635 4633 2047 4689 sollicitudini-

397 4721 529 4787 bus,
591 4720 916 4792 fraudeque
979 4720 1379 4777 Gabaonitica.
1450 4724 1598 4778 Sane
1656 4728 1713 4778 et
1769 4739 2038 4796 agrorum

398 4809 608 4865 divisio
631 4826 911 4883 magnum
925 4810 977 4865 ei
1003 4809 1265 4865 laborem
1280 4810 1369 4865 dif
1369 4811 1778 4883 ﬁcultatesque
1798 4829 1976 4883 porro
1991 4817 2049 4868 et

398 4904 739 4959 vexationes
798 4903 1161 4975 multiplices
1205 4903 1414 4959 attulit.
1463 4905 1551 4959 Ad
1599 4905 1756 4961 hunc
1804 4905 2045 4961 modum

404 5009 609 5049 omnes
640 4993 679 5048 ii
728 4993 827 5065 qui
854 4993 971 5047 Deo
989 5009 1345 5065 magnopere
1369 4993 1738 5064 placuerunt,
1764 4995 2047 5050 aerumnis

402 5082 563 5149 prius
594 5082 1141 5152 tentationibusque
1176 5088 1438 5153 spectata
1476 5098 1679 5137 eorum
1734 5082 2047 5154 probitate,

404 5168 600 5225 divino
629 5188 830 5227 amore
847 5172 1081 5227 fluendi
1104 5171 1355 5227 liberam
1378 5171 1716 5227 facultatem
1745 5172 2049 5227 consecuti

401 5263 541 5310 sunt
569 5275 582 5310 :
615 5276 807 5330 neque
840 5262 1156 5332 quisquam
1187 5277 1390 5316 eorum
1424 5261 1522 5332 qui
1556 5261 1616 5315 in
1643 5261 1845 5332 aliquo
1889 5260 2048 5332 apud

405 5344 590 5399 Deum
623 5350 811 5417 pretio
850 5350 1164 5416 habentur,
1216 5353 1501 5406 aerumnis
1553 5352 1762 5419 caruit,
1814 5349 2048 5406 etiamsi

404 5447 523 5487 nos
540 5432 601 5488 id
633 5439 692 5489 et
725 5435 819 5490 Uei
844 5436 916 5491 de
948 5438 1094 5508 ipsis
1116 5437 1410 5510 judicium
1442 5437 1643 5495 lateat.

1770 5611 1817 5649 ¹⁸
1840 5612 1960 5669 Jos.
1992 5627 2089 5669 vn.

466 5605 514 5641 ιδ
541 5605 658 5664 Jos.
693 5624 748 5663 ι.
830 5609 871 5644 ⁸⁸
898 5608 1017 5663 .los.
1050 5626 1105 5668 ι.
1138 5611 1227 5668 l3.
1305 5613 1347 5648 ⁸⁷
1376 5613 1545 5668 Num.
1577 5628 1689 5668 xiv.

830 5609 871 5644 “
898 5608 1017 5663 .los.
1050 5626 1105 5680 ι,
1138 5611 1227 5668 l3.

2153 4633 2261 4685 τῶν
2296 4634 2649 4684 Γαυαωνιτῶν
2681 4631 2780 4698 τήν
2829 4630 3060 4697 ἀπάτην.
3124 4629 3221 4684 Καὶ
3276 4630 3458 4701 μέντοι
3506 4631 3591 4684 καὶ
3630 4631 3664 4699 ἡ
3695 4633 3802 4683 τῶν

2154 4717 2377 4794 κλήρων
2431 4715 2663 4791 διανομὴ
2721 4717 2894 4774 πολὺν
2948 4720 3041 4792 μὲν
3094 4719 3185 4773 τὸν
3244 4717 3409 4773 πόνον
3464 4716 3682 4779 πολλὰς
3743 4714 3802 4772 δὶ

2154 4813 2413 4885 παρεῖχεν
2474 4806 2621 4881 αὐτῷ
2677 4807 2773 4871 τὰς
2829 4804 3123 4869 δυσκολίας
3188 4806 3279 4862 καὶ
3347 4806 3585 4882 θλίψεις.
3640 4805 3798 4864 Οὕτω

2153 4897 2337 4952 τοίνυν
2374 4898 2603 4959 ἅπαντες
2637 4897 2755 4952 ὅσοι
2792 4896 2872 4969 τῷ
2928 4900 3044 4970 Θεῷ
3098 4894 3365 4972 μεγάλως
3407 4897 3802 4973 εὐηρέστησαν,

2157 4983 2247 5041 διὰ
2278 4983 2518 5060 θλίψεων
2572 4986 2661 5041 καὶ
2717 4989 3033 5062 πειρασμῶν
3094 4983 3509 5060 δοκιμασθέντες
3564 4985 3652 5041 καὶ
3718 4983 3807 5041 δό-

2156 5074 2691 5153 κιμοιὰναφανέντες
2730 5082 2830 5145 τῆς
2870 5075 3004 5149 πρὸς
3059 5075 3190 5130 Θεὸν
3250 5074 3463 5150 ἀγάπης
3515 5075 3606 5130 καὶ
3662 5074 3808 5149 παῤ-

2160 5163 2352 5239 ῥησίας
2386 5165 2675 5243 ἐπέτυχον,
2732 5164 2822 5219 καὶ
2885 5163 2984 5218 οὐκ
3041 5161 3181 5218 ἔστιν
3235 5161 3439 5235 οὐδεὶς,
3496 5163 3570 5219 ὦν
3626 5162 3803 5228 πολὺς

2158 5255 2303 5329 παρᾶ
2350 5258 2427 5327 τῷ
2485 5258 2601 5326 Θεῷ
2659 5253 2850 5328 λόγος,
2908 5250 3146 5327 θλίψεων
3232 5252 3404 5320 ἐκτὸς,
3472 5252 3568 5310 κᾶν
3639 5256 3806 5328 ἡμεῖς

2157 5343 2436 5420 ἀγνοῶμεν
2492 5347 2657 5398 τοῦτο
2700 5342 2790 5397 καὶ
2833 5343 2898 5397 τὰ
2943 5347 3041 5398 τοῦ
3091 5346 3225 5399 Θεοῦ
3282 5343 3406 5421 περὶ
3464 5343 3640 5399 αὐτῶν
3695 5343 3813 5420 κρί-

2165 5453 2325 5510 ματα.
