4156 6188
354 350 478 412 125

433 482 585 539 Μετά
617 480 674 537 δέ
733 504 795 558 γε
852 484 1059 552 Ἰησοῦν
1096 480 1185 539 διὰ
1228 488 1333 537 τῶν
1370 489 1566 559 κριτῶν
1601 485 1628 539 6
1686 485 1814 546 Θεὸς
1843 478 2009 551 ἔσωζε

354 574 454 627 τὸν
488 571 645 635 λαὸν,
678 569 1006 645 θλιϐόμενον
1041 573 1144 629 ὑπὸ
1183 578 1291 628 τῶν
1347 572 1804 653 περιλειφθέντων
1838 570 2012 627 ἄλλο·

357 660 569 740 φὲλων.
606 663 695 717 Ἑν
728 662 814 723 οἷς
850 662 1051 734 ὑπῆρξε
1107 664 1414 737 πρώτιστος
1472 659 1675 720 Ἰούδας
1736 658 2010 735 καλούμε-

356 769 474 813 νος.
507 748 595 803 καὶ
628 744 804 823 ἔκρινε
858 749 948 805 τὸν
1005 748 1137 804 λαὸν
1184 748 1277 821 ἔτη
1338 751 1399 819 ζ’,
1458 749 1865 824 χειρωσάμενος
1921 748 2010 803 καὶ

353 838 449 893 τὸν
481 834 851 909 Ἀδωιιζεϐἱκ
884 838 1109 915 βασιλέα
1137 845 1245 894 τῶν
1277 837 1632 919 ἀλλοφῦλων,
1690 839 1776 893 καὶ
1836 836 2012 913 ἀκρω-

356 928 623 1000 τηριάσας
654 930 823 983 αὐτοῦ
863 935 1055 1008 χεῖρας
1087 930 1174 984 καί
1216 928 1407 992 πόδας.
1468 928 1603 984 Εἶπε
1667 924 1725 982 δὲ
1776 924 2007 981 Ἀδωνι-

358 1013 538 1086 ζεϐέκ·
578 1041 603 1068 ι
634 1014 1048 1092 Ἐϐδομ-ιςκοντα
1084 1018 1328 1095 βασιλεῖς
1375 1018 1441 1074 τά
1497 1016 1632 1093 ἄκρα
1663 1022 1773 1073 τῶν
1804 1021 2008 1090 χειρῶν

354 1105 588 1160 καὶτῶν
638 1102 821 1161 ποδῶν
878 1106 1053 1162 αὐτῶν
1111 1107 1548 1180 ἀποκεκομμένοι
1603 1109 1755 1176 ἦσαν,
1808 1102 2009 1160 συλλέ-

356 1214 551 1266 γοντες
606 1195 673 1249 τὰ
733 1194 991 1251 ὑποκάτω
1049 1200 1148 1261 τῆς
1179 1196 1452 1271 τραπέζης
1509 1216 1634 1269 μου.
1695 1194 1881 1255 Καθὼς
1913 1191 2007 1248 οὖν

353 1280 617 1353 ἐποίησα,
680 1280 824 1338 οὕτω
877 1283 967 1339 καὶ
1026 1283 1373 1341 ἀνταπέδωκέ
1430 1306 1527 1359 μοι
1601 1286 1629 1340 6
1705 1285 1925 1357 Κύριος.
1980 1305 2004 1334 n

348 1373 507 1429 Meti
547 1370 606 1428 δὲ
637 1372 844 1430 Ἰούδαν
899 1372 1092 1449 γέγονε
1148 1376 1340 1450 κριτὴς
1398 1372 1668 1443 Γοθονιήλ
1726 1374 1814 1428 καὶ
1874 1373 2008 1446 μετά

350 1466 553 1518 τοῦτον
583 1459 746 1520 Ἀώδ.
782 1464 928 1519 Μετὰ
986 1461 1044 1519 δέ
1089 1486 1150 1541 γε
1216 1461 1363 1520 Ἀὼδ
1417 1463 1605 1540 γέγονε
1655 1463 1849 1538 κριτὴς
1899 1467 2008 1516 Σα-

362 1550 543 1628 μέγαρ
575 1546 666 1623 ἔτη
717 1553 871 1624 ἑπτά,
906 1554 1142 1625 πατάξας
1164 1556 1253 1610 καὶ
1313 1552 1373 1609 ἒκ
1402 1560 1511 1610 τῶν
1561 1551 1894 1632 ἀλλοφύλων
1951 1550 2006 1607 ἐν

349 1645 543 1718 ἡμίρᾳ
577 1648 675 1717 μιᾷ
705 1644 755 1699 ἐν
788 1650 868 1716 τῷ
919 1650 1015 1700 τοῦ
1077 1646 1309 1722 ἀρότρου
1341 1642 1467 1701 ποδὶ
1495 1650 1601 1701 τῶν
1632 1645 1776 1720 βοῶν
1810 1640 2003 1719 ἄνδρας

352 1732 691 1802 ἑξακοσίους.
750 1737 897 1790 Μετά
981 1735 1232 1812 Σαμέγαρ
1290 1736 1481 1813 γέγονε
1551 1736 1740 1810 κριτὴς
1802 1734 2003 1811 Βαράκ,

350 1825 478 1896 μεθ’
510 1821 574 1877 οὗ
604 1825 691 1878 καὶ
724 1818 964 1900 Δεϐόρῥα
991 1828 1024 1893 ἡ
1082 1832 1375 1905 προφῆτις.
1411 1828 1524 1904 Ἐφ’
1576 1826 1650 1879 ὧν
1683 1824 2004 1896 Προμηθεὺς

334 1913 433 1968 καὶ
492 1913 721 1988 Ὀρφεὺς
782 1916 808 1968 ὁ
866 1915 1003 1989 Θρᾲξ
1060 1916 1112 1969 οἱ
1171 1916 1477 1992 σοφώτατοι
1530 1917 1655 1991 παρ’
1735 1912 1998 1984 Ἕλλησι,

333 2002 436 2056 καὶ
495 2001 834 2073 Ἀσκληπιὸς
888 2004 916 2057 ὁ
969 2002 1176 2076 ἱατρὸς,
1235 2004 1323 2059 καὶ
1387 2007 1471 2078 [Ρ.
1534 2005 1624 2077 54]
1687 2007 1999 2078 Λυκοῦργος

342 2091 375 2145 ὁ
410 2093 763 2166 Σπαρτιάτης
795 2092 884 2146 καί
924 2091 1226 2164 νομοθέτης
1280 2097 1387 2147 τῶν
1426 2090 1711 2162 Ἑλλήνων
1767 2091 1992 2168 ἒγνωρί-

346 2186 541 2251 ζοντο.
584 2181 727 2236 Μετά
757 2177 814 2236 δὲ
843 2181 1028 2255 Βαράκ
1052 2184 1246 2257 γέγονε
1295 2184 1487 2257 κριτὴς
1536 2179 1761 2251 Γεδεὼν,
1822 2183 1850 2237 6
1905 2183 1997 2238 καὶ

340 2266 661 2345 Ἱεροϐάαλ,
709 2266 803 2342 ἔτη
841 2272 912 2344 μ’.
975 2272 1216 2341 ΙΙατάξας
1264 2273 1353 2326 τὸν
1415 2270 1639 2345 Μαδιάμ
1699 2273 1834 2343 μετά
1886 2276 1993 2327 τῶν

342 2358 640 2433 λαψέντων
694 2358 1039 2433 τριακοσίων,
1097 2360 1173 2421 ὠς
1230 2356 1524 2429 λελέξεται,
1582 2359 1672 2414 καὶ
1719 2360 1845 2421 τοὺς
1899 2358 1994 2434 ἄρ-

342 2470 551 2529 χοντας
582 2449 760 2504 αὐτῶν
793 2448 1033 2520 ἠλόνησεν
1066 2448 1118 2505 ἐν
1143 2455 1264 2512 ταῖς
1306 2450 1580 2513 ἀκάνθαις.
1615 2450 1759 2506 Μετὰ
1794 2448 1992 2505 Γεδεὼν

341 2539 538 2615 γέγονε
567 2541 759 2614 κριτὴς
795 2535 1102 2615 Ἀϐιμέλεχ
1130 2541 1245 2602 υἱὸς
1289 2540 1452 2595 αὐτοῦ
1505 2538 1597 2610 ἔτη
1644 2541 1789 2614 τρία,
1821 2541 1995 2596 πατά-

343 2629 443 2697 ξας
476 2627 532 2685 δὲ
562 2630 649 2684 καὶ
682 2629 813 2690 τοὺς
864 2625 1134 2708 ἀδελφοὺς
1190 2629 1357 2684 αὐτοῦ
1414 2628 1475 2684 ἐκ
1529 2633 1636 2684 τῶν
1693 2629 1992 2703 ἐλευθέρων

339 2716 546 2794 ἄνδρας
576 2726 618 2774 ο¹
647 2718 733 2773 ἐπὶ
768 2717 918 2774 λίθον
945 2717 1060 2790 ἕνα,
1104 2718 1153 2792 ἐξ
1220 2718 1294 2773 ὧν
1326 2717 1424 2775 οὐκ
1479 2718 1779 2797 ἀπελείφθη
1849 2718 1994 2788 πλὴν

338 2808 572 2864 ἰωάθαν
602 2813 699 2864 τοίἱ
726 2809 1010 2882 νεωτέρου.
1077 2811 1174 2871 *ος
1242 2810 1332 2863 καὶ
1389 2806 1628 2873 ἀνελθὼν
1661 2808 1712 2864 ἐν
1770 2810 1848 2881 τῷ
1877 2804 1990 2883 ὄρει

335 2897 456 2953 εἶπε
503 2904 621 2959 τοῖς
679 2897 990 2969 Σικιμίταις
1043 2900 1141 2966 τὴν
1191 2893 1515 2973 παραϐολήν
1561 2902 1668 2953 τῶν
1732 2895 1990 2973 δένδρων,

329 2995 437 3058 τῆς
466 3009 525 3042 τε
554 2986 741 3049 ἐλαίας
785 2988 872 3043 καὶ
932 2995 1031 3057 τῆς
1065 2995 1233 3058 συκῆς
1287 2986 1378 3043 καὶ
1432 2994 1533 3058 τῆς
1591 2986 1843 3062 ἀμπέλου
1901 2988 1989 3043 καὶ

327 3081 436 3146 τῆς
468 3078 701 3151 ῥάμνου,
729 3079 848 3142 καθ’
872 3075 938 3147 ἥν
967 3078 1058 3132 καὶ
1091 3071 1288 3148 συνέϐη
1342 3076 1549 3139 αὐτοῖς.
1584 3081 1687 3134 Καὶ
1714 3078 1780 3132 τᾶ
1819 3075 1991 3133 λοιπᾶ

331 3171 446 3222 τῶν
475 3170 676 3241 κριτῶν
713 3165 961 3240 εὑρήσεις
990 3162 1313 3243 ἔμπροσθεν.

408 3256 607 3312 ’ἰστέον
641 3256 755 3325 οὖν,
792 3255 955 3333 φησὶι
990 3257 1017 3310 ὁ
1049 3254 1307 3327 ἀοίδιμος
1336 3256 1748 3331 Χρυσόστομος,
1782 3257 1857 3317 ὡς
1890 3277 1998 3311 πο-

342 3346 702 3419 λυσήμαντόν
726 3344 837 3400 ἐστι
862 3347 924 3400 τὸ
956 3342 1129 3419 ὄνομα
1157 3350 1258 3411 τῆς
1297 3341 1646 3420 παραϐολῆς.
1707 3351 1861 3404 Ἔστι
1892 3347 1995 3424 γὰρ

338 3430 642 3509 παραϐολή
682 3434 914 3509 λάλημα
942 3436 1032 3492 καὶ
1066 3433 1375 3509 ὑπόδειγμα
1405 3436 1495 3491 καὶ
1537 3433 1870 3509 ὀνειδισμὸς,
1922 3437 1995 3499 ὡς

332 3527 466 3581 ’ὁταν
505 3524 653 3600 λέγει
684 3523 869 3580 Δαυίδθ
906 3549 934 3576 ‹‹
964 3526 1128 3581 Ἔθου
1160 3528 1305 3598 ἡμᾶς
1335 3524 1411 3587 εἰς
1444 3520 1768 3601 παραϐολὴν
1800 3525 1850 3580 ἐν
1881 3532 1995 3588 τοῖς

344 3610 547 3684 ἔθνεσι,
587 3616 796 3686 κίνησιν
826 3614 1074 3695 κεφαλῆς
1104 3616 1155 3670 ἰν
1184 3622 1302 3678 τοῖς
1335 3615 1511 3679 λαοῖς.
1552 3640 1577 3671 ι
1607 3618 1757 3672 ’Ἐστι
1805 3616 1862 3672 δὲ
1892 3639 1998 3672 πα-

349 3698 565 3777 ραϐολή
598 3702 1260 3779 αἰνιγματώδηςλόγος,δ
1282 3703 1485 3759 πολλοὶ
1517 3703 1996 3778 λέγουσιζήτημα,

342 3794 598 3871 ἐκφαῖνον
633 3792 835 3865 μέντοι,
902 3791 1002 3847 οὐκ
1059 3792 1280 3848 αὐτόθεν
1343 3791 1399 3849 δὲ
1428 3792 1642 3857 πάντως
1706 3792 1875 3863 δῆλον
1936 3794 1994 3848 ὅν

345 3881 456 3936 ἀπὸ
485 3886 594 3936 τῶν
633 3881 919 3958 ῥημάτων,
953 3879 1080 3937 ἀλλ’
1110 3877 1239 3957 ἔχον
1286 3880 1434 3944 ἐντὸς
1462 3882 1845 3958 κεκρυμμένην
1879 3880 1999 3938 διά-

347 3993 523 4041 νοιαν,
558 3973 631 4033 ὡς
658 3972 784 4028 ὅταν
820 3974 848 4027 6
880 3970 1118 4046 Σαμψὼν
1143 3969 1344 4049 ἔλεγεν·
1387 3997 1407 4022 α
1443 3972 1701 4044 Ἐξῆλθεν
1728 3974 1834 4029 ἀπὸ
1871 3974 1962 4029 στό
1984 4008 1994 4016 -

356 4082 530 4133 ματος
558 4055 807 4125 ἔσθοντος
841 4063 1044 4136 βρῶσις
1078 4060 1167 4116 καὶ
1199 4062 1305 4117 ἀπὸ
1336 4062 1565 4139 ἰσχυροῦ
1594 4061 1786 4140 γλυκύ.
1821 4088 1849 4113 »ι
1901 4061 1995 4117 Καὶ

347 4150 624 4223 Σολομὼν
655 4145 824 4227 ἔφηοα
839 4151 977 4206 Τότε
1007 4153 1225 4222 νοήσεις
1253 4145 1575 4224 παραϐολὴν
1604 4154 1693 4207 καὶ
1727 4154 1997 4209 σκοτεινὸν

346 4240 540 4317 λόγον.
582 4265 601 4289 ι
624 4240 842 4316 Λέγεται
876 4237 931 4295 δὲ
961 4238 1250 4313 παραϐολή
1282 4242 1373 4296 καὶ
1404 4242 1695 4314 ὁμοίωσις.
1731 4268 1757 4293 «ι
1778 4241 1994 4313 ’Ἄλλην

341 4329 642 4406 γάρςφησὶ,
666 4322 990 4403 παραϐολὴν
1032 4328 1333 4403 παρέθηκεν
1366 4328 1548 4393 αὐτοῖς
1576 4330 1771 4407 λέγων.
1803 4332 1997 4405 Ὀμοία

345 4417 491 4474 ἐστὶν
521 4420 555 4486 ἡ
590 4415 840 4493 βασιλεία
867 4421 972 4470 τῶν
1002 4416 1244 4492 οὐρανῶν
1273 4418 1543 4493 ἀνθρώπῳ
1574 4420 1847 4495 σπείροντι
1898 4442 1996 4476 κα-

347 4506 448 4563 λὸν
481 4506 698 4579 σπέρμα
743 4504 796 4560 ἂν
823 4510 902 4578 τῷ
931 4505 1083 4580 ἀγρῷ
1112 4505 1337 4565 αὐτοῦ.»
1369 4507 1470 4563 Καὶ
1500 4504 1789 4581 παραϐολή
1837 4508 1997 4585 λέγε-

343 4617 436 4653 ται
464 4598 498 4666 ἡ
523 4594 885 4672 τροπολογία,
912 4593 1030 4650 οἷόν
1061 4597 1178 4667 εστι
1206 4596 1289 4664 τὸ,
1324 4620 1351 4646 ι(
1384 4597 1472 4651 Υἱὲ
1500 4596 1814 4670 ἀνθρώπου,
1842 4602 1992 4654 εἶπον

344 4687 537 4748 αἰετοῖς
567 4687 665 4754 τὴν
700 4679 1024 4759 παραϐολὴν
1054 4686 1277 4756 ταύτην,
1311 4686 1370 4743 Ὀ
1402 4686 1554 4747 ἀετὸς
1585 4685 1612 4740 ὅ
1648 4685 1992 4763 μεγαλοπτέ-

343 4795 533 4851 ρυγος⁴
572 4800 600 4827 ››
632 4774 783 4830 ἀετὸν
813 4772 991 4849 λέγων
1047 4774 1138 4829 τὸν
1199 4772 1442 4850 βασιλέα.
1490 4770 1783 4851 Παραϐολή
1837 4775 1991 4854 λέγε-

339 4887 430 4921 ται
462 4866 550 4920 καὶ
580 4866 610 4919 6
640 4863 809 4925 τόπος
838 4864 927 4918 καὶ
958 4865 993 4933 ἡ
1027 4863 1205 4932 εἰκὼν,
1261 4862 1336 4925 ὠς
1392 4864 1480 4919 καὶ
1548 4864 1577 4919 6
1614 4864 1777 4941 μέγας
1846 4871 1990 4921 Παῦ-

340 4954 440 5017 λος
479 4948 605 5034 ἔιρηο
636 4980 656 5004 ι
694 4953 872 5010 Πίστει
907 4953 1302 5029 προσενήνοχεν
1338 4954 1366 5008 6
1399 4947 1655 5029 Ἀϐραάμ
1682 4956 1777 5010 τὸν
1810 4956 1991 5013 Ἰσαὰκ

337 5044 755 5118 πειραζόμενος,
811 5045 897 5099 καὶ
969 5044 1062 5100 τὸν
1115 5051 1383 5120 μονογενῆ
1442 5044 1772 5121 προσέφερεν
1819 5046 1848 5100 6
1896 5046 1989 5109 τὰς

339 5133 667 5211 ἐπαγγελίας
765 5130 1070 5206 δεξάμενος.
1159 5136 1314 5197 Ὅθεν
1405 5134 1495 5189 καὶ
1581 5134 1635 5190 ἐν
1695 5130 1986 5209 παραϐολῇ

338 5227 532 5277 τοῦτον
596 5222 918 5295 ὶκομίσατο,
977 5246 1004 5273 ››
1082 5221 1357 5277 τουτέστιν
1419 5221 1473 5278 ἐν
1532 5222 1688 5296 τύπῳ
1761 5223 1850 5279 καὶ
1907 5224 1983 5280 εἰ·

337 5322 476 5370 κόνι,
545 5312 648 5369 Καὶ
701 5306 989 5384 παραϐολή
1055 5309 1166 5366 ἔστι
1257 5311 1421 5388 λόγος
1496 5307 1870 5385 παραϐάλλων
1920 5313 1985 5368 τὰ

335 5401 509 5471 νοητὰ
546 5406 662 5461 τοῖς
714 5400 1019 5471 αἰσθητοῖς,
1081 5400 1171 5456 καὶ
1231 5405 1505 5476 παριστῶν
1562 5399 1620 5456 ἒκ
1674 5406 1783 5457 τῶν
1827 5401 1984 5478 ἐγκο-

334 5487 516 5560 σμίων
599 5486 689 5542 καὶ
774 5487 982 5561 ὁρατῶν
1037 5485 1104 5542 τὰ
1188 5485 1525 5561 ὑπερκόσμια
1598 5488 1685 5542 καὶ
1761 5488 1980 5565 ἀόρατα.

1518 351 2059 412 HIS'l'OltlABUM
2110 350 2648 412 COMPENDIUM.

2041 494 2089 555 Α

2030 4580 2072 4645 D

3655 350 3771 412 126

2199 486 2331 540 Post
2358 486 2594 540 Josuam
2619 486 2771 539 Deus
2809 485 3081 556 judicum
3112 503 3293 557 opera
3324 485 3608 555 populum
3644 503 3767 539 ser-

2122 577 2330 633 vavit.a
2352 575 2620 646 reliquiis
2640 575 2905 648 gentium
2927 575 3258 630 alienarum
3280 580 3573 630 vexatum.
3607 576 3766 629 Inter

2112 663 2350 734 judices
2381 680 2481 719 eos
2515 664 2740 733 primus
2765 663 2874 718 fuit
2918 663 3122 718 ordine
3152 663 3351 725 ludas,
3386 664 3486 733 qui
3546 663 3762 734 populo

2119 768 2310 807 annos
2363 759 2591 823 septem
2625 754 2876 825 praefuit.
2909 753 2964 807 Is
2985 751 3458 807 Adonibezecum
3489 751 3765 807 barbaro-

2117 859 2250 897 rum
2274 858 2469 915 regem
2498 843 2557 897 in
2587 860 2752 898 suam
2791 850 3138 914 potestatem
3170 841 3604 912 redegit.eique
3637 858 3760 896 ma—

2120 948 2305 987 nuum
2337 950 2403 988 ac
2434 933 2650 1004 pedum
2683 932 3087 988 extremitates
3117 931 3398 1003 prmcidit.
3430 931 3573 983 Tum
3606 930 3762 983 Ado-

2119 1022 2470 1077 nibezecus:
2505 1044 2532 1072 «
2568 1021 3002 1094 Septuaginta,»
3037 1020 3300 1091 inquit”,
3335 1034 3535 1091 «reges
3557 1018 3759 1081 habui,

2119 1112 2218 1182 qui
2253 1111 2513 1182 praecisis
2542 1128 2576 1164 a
2608 1128 2702 1167 me
2727 1127 3010 1166 manuum
3043 1115 3102 1164 et
3128 1108 3342 1179 pedum
3375 1108 3761 1161 extremitati-

2116 1200 2227 1255 bus
2258 1200 2365 1257 sub
2399 1217 2605 1255 mensa
2633 1216 2766 1256 mea
2795 1199 3063 1255 ciborum
3084 1197 3362 1268 reliquias
3385 1195 3758 1266 colligebant.

2118 1289 2278 1344 Sicut
2309 1305 2446 1361 ergo
2478 1288 2612 1354 feci,
2647 1288 2730 1343 sic
2764 1288 2905 1343 mihi
2929 1286 3219 1343 Dominus
3239 1283 3534 1339 retribuit.
3570 1306 3599 1332 »
3624 1283 3760 1338 Suc-

2118 1379 2295 1434 cessit
2348 1378 2512 1434 Judaa
2554 1376 2885 1441 Gothoniel,
2928 1376 3064 1431 huic
3111 1374 3333 1430 Aodus.
3366 1375 3504 1427 Post
3532 1371 3759 1427 Aodum

2117 1468 2396 1540 Samegar
2423 1467 2799 1538 septennium
2824 1465 3046 1537 judieis
3068 1464 3261 1519 officio
3295 1462 3532 1516 functus
3563 1466 3671 1515 est.
3705 1460 3758 1513 Is

2116 1555 2187 1611 de
2214 1556 2482 1612 barbaris
2511 1574 2629 1611 uno
2660 1556 2756 1611 die
2778 1556 2882 1610 600
2910 1555 3068 1609 viros
3104 1554 3251 1609 stiva
3280 1550 3462 1607 aratri
3519 1548 3755 1603 occidit.

2116 1646 2412 1702 Successit
2440 1646 2576 1701 huic
2600 1651 2873 1712 Baracus,
2931 1644 3157 1715 collega
3213 1641 3441 1697 Debora
3497 1638 3757 1693 fatidica.

2118 1735 2333 1790 Horum
2360 1741 2530 1790 aetate
2577 1734 2963 1790 Prometheus
2985 1740 3044 1788 et
3068 1732 3335 1801 Orpheus
3355 1730 3565 1795 Thrax,
3611 1728 3759 1781 Grai-

2116 1839 2319 1877 corum
2342 1823 2887 1894 sapientissimi!!!)
2913 1828 3033 1875 tum
3075 1818 3441 1888 Esculapius
3490 1800 3791 1870 medicus‘

2109 1913 2522 1983 Lycurgusque
2545 1913 2867 1983 Spartanus
2898 1910 2997 1981 qui
3022 1909 3236 1963 Graecis
3268 1908 3427 1978 leges
3464 1903 3753 1971 condidit,

2106 1999 2516 2054 innotuerunt.
2552 2002 2690 2055 Post
2734 2000 3015 2054 Baracum
3034 1996 3253 2067 judicis
3276 2011 3494 2050 munus
3524 2010 3628 2064 per
3648 2008 3756 2046 an-

2107 2114 2215 2152 nos
2238 2100 2307 2152 40
2338 2097 2518 2153 obivit
2547 2096 2913 2168 Gedeon,qui
2948 2102 3007 2151 et
3035 2093 3379 2150 Jerobaalus
3410 2095 3750 2162 usurpatur,

2106 2187 2203 2258 qui
2238 2186 2489 2243 Madiani
2519 2194 2754 2259 gentem
2804 2192 3204 2242 trecentorum
3225 2184 3503 2248 virorum,
3532 2181 3656 2251 qui,
3691 2185 3755 2235 ut

2104 2278 2354 2341 dicetur,
2379 2295 2593 2348 aquam
2619 2277 2932 2333 lambendo
2964 2275 3177 2330 delecti
3204 2275 3454 2335 fuerant,
3490 2271 3753 2326 exercitu

2102 2366 2289 2421 fretus
2315 2366 2740 2437 fudit,ejusque
2761 2366 3060 2437 principes
3091 2364 3281 2434 spinis
3304 2361 3639 2416 triturantis
3687 2359 3749 2414 in

2103 2472 2328 2510 morem
2352 2456 2629 2510 concidit.
2667 2455 2808 2509 Huic
2834 2454 2990 2508 illius
3014 2452 3430 2506 Abimelochus
3464 2448 3748 2503 successit

2101 2561 2169 2599 ac
2201 2544 2525 2599 triennium
2567 2543 2824 2615 prmfuit.
2859 2543 2911 2595 Is
2958 2542 3171 2596 fratres
3205 2556 3361 2597 suos.
3387 2539 3607 2592 liberos
3639 2537 3743 2591 ho-

2100 2634 2314 2695 mines,
2348 2649 2595 2687 numero
2618 2636 2704 2697 70,
2735 2648 2914 2704 super
2935 2647 3052 2685 uno
3083 2645 3223 2685 saxo
3262 2644 3468 2683 omnes
3505 2625 3744 2680 interfe-

2100 2724 2224 2789 cit;
2261 2739 2455 2793 neque
2503 2721 2750 2777 fratrum
2805 2721 3121 2792 quisquam
3178 2717 3468 2789 superfuit
3534 2721 3748 2786 prmter

2100 2828 2283 2866 unum
2327 2813 2680 2866 Joathanum
2728 2818 2872 2865 natu
2913 2808 3250 2874 minimum,
3282 2806 3381 2877 qui
3422 2819 3747 2860 conscenso

2101 2909 2301 2956 monte
2329 2900 2619 2956 Sicemitis
2645 2899 2986 2972 parabolam
3010 2898 3080 2952 de
3104 2896 3414 2952 arboribus
3437 2893 3587 2962 olea,
3611 2894 3752 2963 ﬁcu,

2098 2991 2212 3047 vite
2235 2998 2294 3046 et
2324 2990 2574 3046 rhamno
2605 2989 2899 3053 narravit;
2923 2989 3099 3060 cujus
3130 2985 3345 3041 fabula:
3370 3001 3494 3038 rem
3527 3000 3595 3038 ea
3618 3000 3748 3053 (lum

2098 3079 2242 3151 ipsis
2261 3085 2588 3136 evenerunt
2607 3078 3084 3150 comprobavere.
3117 3075 3368 3145 Reliqua
3407 3072 3479 3128 de
3532 3072 3755 3144 judici-

2100 3168 2233 3237 bus,
2269 3168 2329 3223 in
2358 3184 2671 3241 progressu
2696 3167 2983 3223 invenies.

2179 3262 2359 3313 Porro
2392 3257 2700 3313 sciendum
2747 3262 2855 3316 est.
2888 3257 2968 3311 ait
2991 3254 3241 3310 celebris
3273 3252 3375 3307 ille
3417 3252 3755 3322 Chrysosto-

2107 3347 2562 3418 mus,parabolaa
2579 3345 2862 3401 vocabulo
2894 3344 3094 3416 plures
3125 3360 3221 3399 res
3258 3340 3549 3398 denotari.
3608 3339 3751 3394 Nam

2105 3440 2165 3490 et
2181 3452 2514 3492 sermonem
2538 3436 2832 3509 significat
2853 3441 2909 3490 et
2927 3433 3262 3505 exemplum
3282 3439 3339 3486 et
3356 3428 3755 3503 opprobrium,

2106 3531 2164 3581 et
2185 3543 2319 3581 cum
2338 3526 2511 3582 David
2533 3526 2616 3581 ait
2632 3525 2949 3580 2":«Fecisti
2974 3541 3081 3578 nos
3095 3521 3434 3595 parabolam
3449 3519 3746 3593 gentibus,

2104 3621 2171 3669 ut
2192 3615 2394 3687 populi
2433 3615 2626 3686 capita
2659 3619 2934 3670 moveant
2982 3613 3155 3668 nobis
3194 3610 3352 3667 visis.
3390 3633 3411 3658 ι
3440 3611 3541 3664 Est
3572 3608 3747 3663 etiam

2106 3704 2388 3775 parabola
2418 3705 2603 3759 oratio
2632 3721 2748 3775 qua
2778 3702 3003 3774 aliquid
3038 3720 3144 3773 per
3163 3702 3440 3773 ambages
3462 3699 3749 3762 innuitur,

2105 3792 2266 3863 quod
2285 3809 2471 3865 genus
2495 3793 2665 3847 multi
2689 3795 3080 3863 quaestionem
3107 3790 3447 3861 appellant;
3474 3804 3607 3842 cum
3632 3803 3755 3840 ver-

2105 3882 2163 3936 bi
2195 3882 2381 3955 gratia
2402 3881 2769 3953 significatur
2798 3879 3037 3950 aliquid.
3067 3896 3186 3933 non
3208 3878 3405 3932 statim
3454 3880 3651 3929 autem
3686 3889 3752 3927 ex

2105 3971 2296 4027 verbis
2327 3970 2567 4027 evidens
2616 3975 2724 4035 est,
2784 3967 2888 4022 sed
2946 3968 3105 4021 intus
3145 3964 3516 4021 reconditum
3575 3961 3754 4015 habet

2106 4077 2368 4117 sensum.
2402 4062 2473 4116 Ut
2521 4076 2655 4115 cum
2679 4060 2927 4115 Samson
2954 4056 3107 4112 dixit
3128 4054 3170 4090 ἰ
3197 4072 3209 4108 :
3234 4077 3261 4104 «
3286 4053 3373 4109 Ab
3406 4068 3505 4108 ore
3530 4049 3753 4105 voracis

2104 4159 2271 4216 cibus
2293 4158 2437 4214 exiit
2458 4163 2516 4212 et
2535 4156 2786 4212 dulcedo
2809 4173 2843 4211 a
2863 4154 3054 4210 valido
3086 4155 3196 4209 nDe
3223 4152 3427 4207 eodem
3449 4150 3573 4203 hmc
3595 4146 3756 4201 Solo-

2106 4249 2299 4304 monis
2328 4254 2467 4304 sunt
2486 4247 2662 4303 verba
2676 4246 2721 4281 ²²
2745 4262 2758 4301 :
2784 4269 2812 4297 «
2835 4247 2995 4301 Tunc
3022 4243 3361 4316 parobolam
3379 4240 3675 4312 intelliges
3697 4248 3755 4295 et

2105 4339 2422 4395 obscurum
2439 4334 3271 4392 sermonem.»l)iciturautem
3291 4331 3571 4403 parabola
3589 4331 3759 4385 etiam

2106 4426 2456 4482 similitudo.
2490 4425 2652 4481 Unde
2676 4425 2771 4479 97
2803 4424 2927 4479 haec
2951 4446 2978 4472 ‹‹
3003 4422 3191 4477 Aliam
3211 4438 3385 4493 porro
3444 4420 3529 4475 eis
3586 4436 3756 4491 para-

2106 4516 2304 4571 bolam
2321 4514 2647 4587 proposuit,
2682 4514 2764 4569 ita
2786 4513 2991 4568 dicens
3012 4510 3056 4546 ²³
3081 4529 3093 4566 :
3146 4514 3412 4583 Regnum
3469 4509 3754 4565 cmlorum

2104 4605 2297 4661 simile
2322 4610 2411 4660 est
2433 4604 2657 4659 homini
2676 4603 2831 4658 bono
2855 4602 3081 4657 semine
3110 4617 3315 4672 agrum
3334 4616 3505 4655 suum
3552 4615 3754 4652 conse-

2104 4694 2278 4749 renti.
2318 4716 2343 4741 »
2386 4692 2733 4764 Tropologia
2764 4692 2965 4754 etiam,
2999 4707 3132 4745 cum
3166 4689 3359 4743 verbis
3381 4686 3541 4742 aliud
3564 4686 3748 4755 signi-

2103 4782 2418 4838 ficantibus
2447 4798 2542 4837 res
2565 4781 2937 4853 exprimitur,
2971 4778 3267 4851 parabolas
3314 4791 3532 4831 nomen
3577 4773 3747 4842 gerit.

2103 4874 2175 4928 Ut
2195 4873 2290 4929 hic
2316 4872 2362 4908 ²⁴
2394 4889 2407 4928 :
2432 4895 2460 4923 ‹‹
2486 4872 2593 4928 Fili
2637 4871 2915 4940 hominis,
2951 4870 3044 4925 dic
3075 4870 3161 4924 eis
3181 4867 3333 4921 hanc
3363 4862 3700 4935 parabolam
3731 4877 3744 4913 :

2100 4963 2313 5035 Aquila
2347 4962 2574 5035 magnis
2604 4961 2734 5028 alis,
2769 4983 2797 5010 »
2831 4966 2942 5016 etc.
2972 4958 3200 5029 Aquilm
3259 4953 3501 5010 nomine
3552 4964 3747 5022 regem

2099 5058 2265 5107 notat
2317 5053 2513 5123 Imago
2561 5052 2738 5106 etiam
2762 5066 2866 5105 seu
2905 5047 3208 5117 exemplar
3249 5039 3543 5114 parabola:
3575 5056 3744 5095 voca-

2098 5140 2236 5197 bulo
2260 5140 2576 5205 indicatur,
2599 5145 2663 5194 ut
2691 5155 2826 5194 cum
2863 5139 2922 5192 ι).
2979 5134 3191 5189 Paulus
3248 5129 3491 5186 dicit”:
3525 5148 3546 5176 ι
3608 5129 3747 5184 Fide

2096 5229 2363 5284 Isaacum
2385 5234 2646 5283 tentatus
2678 5227 3047 5282 Abrahamus
3069 5220 3303 5283 obtulit.
3370 5219 3744 5286 unigenitum

2095 5324 2544 5390 suum,accepta
2565 5317 2693 5389 jam
2716 5312 3146 5387 promissione;
3170 5308 3330 5365 unde
3353 5316 3412 5364 et
3447 5325 3554 5382 per
3576 5326 3749 5381 para-

2092 5404 2291 5462 bolam
2315 5423 2451 5462 eum
2484 5405 2676 5472 tulit,»
2710 5404 2767 5458 id
2798 5407 2978 5467 est,ut
3006 5400 3325 5472 imaginem
3340 5405 3397 5455 et
3420 5400 3744 5471 exemplar.

2093 5492 2195 5546 Est
2225 5493 2403 5547 etiam
2436 5490 2718 5564 parabola
2747 5487 2933 5544 oratio
2966 5504 3098 5559 qua)
3139 5494 3339 5543 mente
3361 5485 3746 5559 percipienda

411 5602 458 5678 '3
483 5604 673 5661 Judic.
707 5621 751 5678 1,
780 5607 832 5661 7.
866 5603 913 5640 ³ο
941 5603 1095 5659 Psal.
1128 5618 1286 5670 xuii,
1325 5605 1410 5660 15.
1442 5603 1484 5639 ³⁸
1539 5604 1725 5662 Judic.
1754 5621 1868 5678 xw,
1901 5608 1985 5662 14.

2126 5606 2397 5662 Proverb.
2431 5622 2469 5674 ι,
2528 5608 2582 5659 6.
2643 5605 2690 5641 ³⁸
2749 5602 2948 5662 Matth.
3001 5619 3125 5674 xm,
3175 5602 3223 5638 ²⁴
3279 5603 3483 5659 Ezech.
3527 5618 3660 5672 xvn,
3689 5602 3739 5656 3.

332 5675 383 5715 ³⁵
413 5675 589 5736 Hebr.
620 5692 701 5747 xx,
735 5677 823 5733 17.
