4156 6188
359 352 474 414 12³7

1714 349 2027 409 GEORGII
2075 352 2414 414 CEDRENI

3658 360 3776 420 128

363 486 744 543 sensibilibus
766 490 1088 557 comparat,
1120 487 1178 538 et
1198 482 1516 538 mundanis
1565 497 1633 536 ac
1683 480 2011 537 visibilibus

2128 479 2441 560 Ιίρόϐλημα
2496 483 2554 541 δέ
2609 486 2718 542 ἐστι
2778 485 2947 560 λόγος
3005 488 3452 561 συνεσκιασμένος
3486 489 3577 544 καὶ
3630 488 3774 544 αίνι·

364 577 543 633 rebus
576 575 893 631 invisibilia
914 580 1089 643 atque
1128 588 1306 642 supra
1336 572 1492 626 hunc
1550 570 1839 626 mundum
1898 572 2013 626 sita

368 668 607 723 indicat.
643 666 953 722 Problema
989 680 1124 718 vero
1148 662 1561 732 (quaastionem
1589 661 1790 717 Latine
1812 662 2010 717 dicere

369 758 577 830 possis)
611 756 797 811 oratio
820 760 907 807 est
923 752 1273 808 obumbrata
1293 752 1785 808 etdivinatiouem
1807 752 2011 823 requi-

368 864 525 911 rens,
542 846 711 915 juxta
735 846 842 897 hoc
866 843 946 896 ²⁶ε
974 866 999 890 ‹‹
1034 841 1339 896 lnclinabo
1360 857 1563 897 aurem
1588 857 1778 897 meam
1816 842 1889 896 ad
1908 858 2009 912 pa-

364 934 648 995 rabolam,
676 931 937 1003 aperiam
956 931 1016 985 in
1041 931 1322 1002 psalterio
1345 932 1734 1002 qua-stionem
1758 947 2008 986 meam.»

362 1020 673 1076 l’roblema
694 1022 872 1076 etiam
905 1026 993 1076 est
1020 1021 1444 1092 contemplatio
1477 1020 1550 1075 ad
1610 1021 2010 1093 cognitionem

362 1108 606 1164 faciens.
639 1108 986 1180 Exemplum
1037 1114 1143 1177 est,
1170 1107 1330 1180 quod
1359 1125 1393 1164 a
1449 1108 1732 1182 singulari
1778 1108 1853 1163 ad
1883 1108 2012 1163 uni-

364 1198 589 1252 versale
611 1196 889 1262 adducit;
922 1203 1022 1253 aut
1053 1214 1187 1252 cum
1222 1196 1507 1270 singulari
1559 1214 1666 1269 per
1712 1197 2010 1270 singulare

366 1288 487 1341 sive
518 1286 712 1342 simile
736 1286 912 1341 ﬁdem
935 1286 1201 1341 facimus.
1228 1287 1517 1342 Parmmia
1547 1303 1739 1341 sermo
1769 1291 1858 1341 est
1914 1303 2009 1340 oc-

370 1377 690 1448 cultus,qui
722 1376 836 1431 alio
877 1377 1192 1431 manifesto
1230 1376 1544 1432 indicatur.
1597 1376 1894 1444 Allegoria
1925 1382 2015 1431 est

371 1483 500 1536 qua)
520 1466 590 1520 de
613 1466 895 1520 inanimis
921 1466 1269 1525 sumitur.ut
1293 1465 1894 1531 montibus,collibus,
1918 1482 2016 1520 ar-

370 1555 611 1609 boribus
641 1560 699 1609 et
727 1560 942 1609 cmtera
966 1555 1334 1627 Tropologia,
1359 1572 1490 1625 quae
1521 1572 1556 1610 a
1584 1556 1801 1609 nostris
1832 1570 2014 1610 mem-

368 1644 490 1698 bris
523 1644 777 1711 ducitur,
811 1649 876 1697 ut
904 1645 1116 1715 capite,
1148 1650 1212 1699 ut
1270 1644 1478 1710 oculis,
1512 1651 1576 1698 ut
1623 1644 1910 1715 reliquis;
1942 1644 2014 1699 ab

367 1732 780 1789 immutatione
805 1733 1121 1789 verborum
1150 1750 1369 1789 nomen
1389 1733 1587 1790 habet.

2117 569 2436 643 γματώδης,
2468 572 2605 627 κατά
2667 574 2730 627 τὸ
2787 571 3092 648 εἰρημένον·
3131 600 3157 626 ι(
3192 574 3379 631 Κλινῶ
3412 572 3487 637 είς
3525 570 3767 647 παραϐο-

2119 655 2294 729 6ολὴν
2326 662 2388 716 τὸ
2410 659 2503 722 οὖς
2538 684 2663 734 μου,
2694 662 2895 733 ἂνοίζω
2927 663 2979 718 ἐν
3009 662 3302 743 ψαλτηρίῳ
3349 665 3409 720 τὸ
3457 662 3765 740 πρόϐλημᾶ

2123 772 2249 824 μου.
2310 776 2339 805 ››
2399 747 2712 827 Πρόϐλημά
2777 754 2888 809 ἐστι
2948 755 3213 829 θεώρημα
3294 762 3566 813 συντεῖνον
3625 758 3765 832 πρὸς

2120 842 2347 916 θεωρίαν
2380 841 2467 897 καὶ
2499 847 2719 918 γνῶσιν.
2782 840 3136 918 Παράδειγμα
3193 842 3250 900 δέ
3309 844 3452 902 ἐστιν
3506 845 3614 903 ἀπὸ
3668 851 3767 902 τοῦ

2117 931 2233 984 καθ’
2291 926 2513 987 ἕκαστον
2573 930 2703 1010 ἆγον
2757 931 2845 988 ἐπὶ
2900 933 2964 989 τὸ
3047 934 3309 1003 καθόλου,
3367 933 3402 1005 ἧ
3468 932 3631 1009 δεῖξις
3678 958 3769 991 m-

2120 1020 2387 1092 στουμένη
2465 1022 2527 1076 τὸ
2615 1022 2836 1096 μερικὸν
2921 1020 3012 1078 διὰ
3098 1029 3327 1097 μερικοῦ
3398 1025 3489 1080 καὶ
3548 1025 3766 1098 ὁμοίου.

2121 1112 2395 1187 Παροιμίαι
2427 1108 2474 1166 δ’
2503 1110 2614 1168 ἐστῖ
2639 1111 2808 1191 λόγος
2836 1114 3150 1190 ἀπόκρυσος
3181 1112 3454 1191 δι’ὲτέρου
3481 1114 3771 1192 προδήλου

2119 1200 2545 1273 σημαινόμενος,
2582 1199 2931 1279 Ἀλληγορία
2953 1200 2997 1258 δ’
3033 1202 3174 1259 ἐστὶν
3205 1207 3240 1275 ἡ
3263 1203 3353 1260 ἐπὶ
3379 1210 3489 1262 τῶν
3516 1205 3770 1284 ἀψύχων,

2121 1290 2240 1343 οἷον
2276 1289 2444 1364 ὁρέων
2472 1291 2562 1346 καὶ
2599 1292 2826 1368 βουνῶν,
2862 1294 2944 1365 [Ρ.
2976 1294 3067 1367 55]
3099 1288 3333 1368 δένδρων
3392 1294 3481 1350 καὶ
3539 1295 3771 1352 λοιπῶν.

2121 1379 2473 1455 Τροπολογία
2507 1378 2553 1436 δ’
2586 1380 2727 1437 ἐστὶν
2754 1384 2790 1451 ἡ
2825 1381 2912 1438 ἐπὶ
2943 1386 3052 1438 τῶν
3092 1383 3376 1459 ἡμετέρων
3411 1382 3619 1458 μελῶν,
3652 1385 3770 1441 οἷον

2120 1465 2366 1544 κεφαῖῆς
2390 1468 2688 1548 ὀφθαλμῶν
2707 1470 2798 1525 καὶ
2818 1475 2926 1526 τῶν
2961 1470 3193 1527 λοιπῶν*
3224 1471 3561 1548 τροπολογία
3590 1470 3647 1529 δῖ
3668 1473 3773 1529 ἀπὸ

2120 1559 2219 1610 τοῦ
2247 1558 2539 1632 τρέπεσθαι
2569 1556 2809 1633 λέγεται.
2841 1561 3121 1624 Ἐντεῦθεν
3156 1562 3257 1633 ὅρα
3293 1584 3382 1636 μοι
3427 1562 3523 1626 τὰς
3554 1563 3776 1639 πράξεις

2120 1665 2229 1700 των
2261 1666 2483 1705 κσιτων.

442 1876 542 1932 98
600 1876 1010 1931 Necessarium
1070 1874 1207 1930 duxi
1266 1876 1376 1930 hoc
1434 1875 1563 1930 loco
1602 1874 1673 1930 de
1741 1874 2011 1947 judicum

2195 1871 2514 1949 Ἀναγκαῖον
2547 1870 2603 1928 δὲ
2642 1875 2971 1948 ἡγησάμεθα
3035 1876 3127 1930 καὶ
3186 1875 3310 1951 περὶ
3366 1882 3467 1947 τῆς
3511 1881 3620 1933 τῶν
3653 1896 3775 1951 κρι-

370 1968 781 2024 Israelicorum
822 1967 1001 2022 rebus
1026 1968 1208 2039 gestis
1236 1966 1498 2022 breviter
1525 1982 2014 2033 commemorare,

375 2064 440 2113 ut
469 2063 525 2112 et
549 2057 763 2128 quibus
793 2073 877 2111 eae
908 2056 1157 2128 cognitae
1188 2062 1347 2121 sunt,
1372 2056 1431 2110 in
1467 2055 1814 2111 memoriam
1853 2073 2016 2111 revo-

374 2153 599 2211 centur,
632 2152 692 2202 et
720 2146 936 2217 quibus
967 2146 1201 2219 ignota),
1231 2145 1351 2200 illis
1382 2146 1468 2201 vel
1514 2162 1751 2218 parvam
1810 2162 2013 2201 earum

368 2239 637 2293 notitiam
674 2237 965 2308 prmbeam
977 2254 1063 2293 us.

438 2329 664 2383 Mortuo
702 2328 899 2394 Josua,
950 2327 1219 2398 quaedam
1280 2332 1487 2399 gentes
1534 2325 1608 2381 ad
1662 2325 2011 2382 tentandum

366 2417 647 2472 Israelem
680 2416 904 2473 relictas
926 2417 1166 2471 fuerunt
1220 2418 1595 2471 Prwnoverat
1638 2416 1798 2469 enim
1858 2415 2012 2469 Deus

369 2506 492 2561 fore
532 2512 664 2562 uta
696 2522 757 2561 se
788 2505 1114 2562 deficerent
1156 2522 1223 2560 ac
1275 2505 1456 2561 falsos
1506 2505 1648 2560 deos
1697 2504 2013 2576 amplecte-

367 2601 575 2651 rentur
607 2613 620 2651 :
650 2596 847 2667 itaque
880 2596 1056 2652 eosin
1078 2595 1337 2650 hostium
1353 2612 1593 2651 suorum
1624 2595 2011 2666 superstitum

366 2701 580 2741 manus
638 2686 881 2748 dedidit,
914 2686 1014 2756 qui
1076 2702 1177 2740 eos
1216 2689 1643 2756 oppresserunt
1676 2700 1743 2740 ac
1786 2685 2013 2756 stipen-

365 2772 587 2829 diarios
634 2774 923 2827 fecerunt.
984 2774 1127 2826 Tum
1146 2772 1189 2807 ²⁷
1246 2772 1488 2845 angelus
1521 2773 1622 2827 Dei
1660 2772 1722 2826 in
1781 2771 2014 2827 conval-

364 2864 506 2927 lem,
566 2864 628 2917 in
677 2880 855 2935 quam
934 2863 1248 2918 universus
1329 2862 1583 2934 populus
1635 2866 2010 2928 convenerat,

365 2951 696 3020 descendit,
741 2952 913 3021 eique
953 2967 1120 3006 suam
1178 2950 1572 3005 defectionem
1617 2950 2009 3022 exprobravit,

365 3040 638 3097 indicans
693 3057 827 3096 eam
885 3040 1065 3096 fuisse
1114 3057 1351 3096 causam
1399 3040 1802 3096 cur'barbaris
1832 3038 2013 3094 dede—

366 3137 593 3188 rentur.
637 3131 864 3186 Fletum
926 3130 1005 3185 ibi
1056 3130 1366 3186 universus
1442 3130 1697 3202 populus
1748 3127 2010 3194 sustulit,

2121 1968 2229 2018 τῶν
2263 1967 2358 2016 τοῦ
2389 1961 2611 2038 Ἰσραήλ
2650 1965 2892 2036 πράξεως
2949 1962 3000 2019 ἐν
3059 1964 3259 2040 βραχεῖ
3308 1966 3774 2039 ἐπισημήνασθαι,

2124 2051 2211 2107 ἵνα
2266 2053 2392 2114 τοὺς
2454 2054 2550 2126 μὲν
2607 2052 2818 2116 εἰδότας
2877 2055 2953 2118 εἰς
3010 2056 3309 2128 ἀνάμνησιν
3395 2057 3771 2134 ἀναγάγωμεν,

2120 2147 2237 2207 τοῖς
2268 2139 2326 2197 δὲ
2352 2141 2603 2218 ἀγνοοῦσι
2641 2143 2835 2218 μικράν
2864 2164 2985 2199 τινα
3044 2141 3253 2215 εἴδησιν
3311 2144 3546 2203 ἐντεῦθεν
3597 2147 3771 2221 παρεὶ-

2120 2249 2368 2307 σγωμεν,

2190 2320 2339 2375 Μετᾶ
2394 2317 2652 2387 τελευτήν
2713 2320 2899 2390 Ἰησοῦ
2972 2318 3395 2400 κατελείφθησαν
3455 2320 3578 2392 ἔθνη
3636 2323 3775 2399 πρὸς

2119 2407 2182 2465 τὸ
2244 2408 2497 2483 πειράσαι
2548 2409 2640 2463 τὸν
2702 2407 2949 2485 Ἰσραήλο
3014 2409 3130 2481 θείᾳ
3214 2411 3319 2488 γὰρ
3381 2411 3684 2488 προγνώσει
3743 2413 3771 2466 6

2119 2500 2248 2561 Θεὸς
2280 2495 2389 2568 ἤδη
2420 2500 2520 2568 τήν
2553 2498 2883 2554 ἀποστασίαν
2914 2499 3117 2565 αὐτῶν,
3168 2500 3253 2556 ὅτι
3303 2503 3773 2576 προστεθησονται

2116 2593 2232 2651 τοῖς
2266 2585 2660 2655 εἶδώλοις,καὶ
2727 2585 2940 2659 ἐξέδοτο
3007 2588 3205 2651 αὐτοὺς
3252 2588 3328 2652 είς
3389 2596 3578 2666 χεῖρας
3654 2596 3771 2647 τῶν

2119 2676 2333 2753 ἐχθρῶν
2389 2676 2566 2732 αὐτῶν
2621 2681 2729 2732 τῶν
2783 2676 3274 2754 καταλειφθέντων,
3333 2679 3422 2733 καὶ
3479 2677 3768 2735 ἐταπείνω-

2118 2786 2213 2821 σαν
2264 2768 2351 2821 καὶ
2414 2765 2780 2842 ἐφορολόγουν
2838 2767 3056 2832 αὐτοὺς.
3120 2766 3366 2836 Κατῆλθε
3425 2766 3481 2824 δὲ
3536 2767 3776 2846 ἄγγελος

2119 2855 2316 2929 Κυρίου
2349 2856 2424 2918 είς
2454 2857 2554 2924 τὴν
2609 2853 2843 2910 κοιλάδα
2898 2856 2987 2910 ναὶ
3047 2860 3150 2920 πᾶς
3192 2856 3437 2932 Ἰσραήλ
3469 2856 3559 2913 καί
3597 2856 3771 2931 ἣλεγ-

2120 2943 2201 3014 ξεν
2227 2944 2420 3006 αὐτοὺς
2470 2944 2499 2998 6
2558 2943 2788 3018 ἃγγελος
2846 2944 2969 3020 περὶ
3024 2951 3125 3014 τῆς
3184 2945 3512 3008 ἀποστασίας
3573 2946 3749 3003 αὐτῶν

2120 3033 2211 3089 καὶ
2271 3032 2353 3088 ὅτι
2432 3031 2521 3088 διὰ
2582 3037 2746 3088 τοῦτο
2803 3030 3177 3107 παρεδόθησαν
3238 3041 3355 3098 τοῖς
3410 3029 3601 3101 ἔθνεσι.
3669 3037 3772 3094 Καὶ

2122 3119 2355 3178 ἔγηλαυσε
2410 3126 2514 3182 πᾶς
2572 3122 2600 3176 6
2660 3118 2813 3189 λαὸς,
2882 3124 3203 3196 μνησθέντες
3285 3130 3392 3180 τῶν
3454 3124 3774 3201 εὐεργεσιῶν

362 3220 597 3277 Domini
625 3220 1052 3275 beneﬁciorum
1084 3226 1143 3275 et
1172 3219 1483 3292 praesentis
1508 3219 1758 3274 miseria?
1786 3233 2011 3272 memo-

2127 3212 2332 3287 Κυρίου
2362 3211 2451 3267 καὶ
2491 3218 2591 3281 τῆς
2624 3210 2974 3285 ἐνισταμένης
3026 3213 3318 3276 κακώσεως
3373 3196 3775 3273 «haemon

365 3312 472 3366 ria.
505 3312 710 3382 Itaque
743 3312 796 3365 ei
838 3310 966 3366 loco
1020 3326 1239 3365 nomen
1273 3309 1454 3365 Vallis
1507 3309 1682 3364 ﬂetus
1731 3308 2008 3363 inditum.

363 3401 530 3468 Quod
559 3402 716 3456 enim
750 3400 1060 3456 lsraelicus
1090 3400 1344 3472 popqus
1387 3405 1594 3471 gentes
1630 3415 1778 3470 quas
1826 3396 2010 3453 deleri

356 3493 621 3561 jusserat
648 3490 803 3544 Deus
834 3507 955 3545 non
982 3490 1304 3558 exciderat,
1338 3489 1443 3544 sed
1471 3505 1652 3560 opera
1682 3504 1889 3544 eorum
1921 3486 2013 3540 di-

365 3579 706 3644 dicisset,iis
727 3598 789 3635 se
815 3581 1261 3653 permiscuisset
1307 3588 1484 3650 atque
1521 3579 1754 3651 sculpta
1804 3594 2009 3634 eorum

367 3669 684 3725 simulacra
711 3669 875 3725 cultu
903 3670 1179 3739 dignatus
1202 3675 1376 3737 esset,
1410 3668 1541 3725 ideo
1565 3668 1625 3723 in
1657 3673 2009 3740 potestatem

369 3756 757 3813 barbarorum
782 3764 910 3813 erat
937 3758 1190 3814 deditus.
1215 3759 1368 3813 Deus
1400 3763 1601 3813 tamen
1650 3773 1758 3812 sua
1813 3760 2009 3810 motus

364 3844 734 3905 humanitate
792 3862 928 3901 eum
988 3848 1303 3903 miseratus
1360 3851 1468 3915 est,
1518 3845 1907 3917 excitavitque
1955 3844 2007 3899 ei

365 3937 627 4008 primum
695 3936 961 4009 judicem
1042 3937 1458 3993 Gothonielum
1535 3936 1773 3992 Chalebi
1840 3951 2012 4008 gene-

364 4042 496 4081 rum
530 4027 594 4081 ³⁸.
627 4028 683 4082 Is
712 4026 1005 4083 Chalebus
1044 4044 1176 4082 cum
1213 4043 1403 4082 annos
1462 4030 1563 4081 407
1621 4025 1881 4090 vixisset,
1916 4024 2008 4078 vi-

364 4115 529 4171 ribus
561 4115 739 4171 veluti
772 4115 1120 4173 adolescens
1150 4115 1397 4187 integris
1433 4115 1493 4168 in
1522 4114 1681 4169 bello
1739 4112 2011 4168 versaba-

367 4213 481 4263 tur.
514 4207 901 4262 Gothonielus
923 4214 1121 4263 autem
1152 4206 1363 4262 robore
1386 4205 1672 4260 divinitus
1729 4202 2012 4276 prmditus

366 4312 564 4368 regem
591 4296 772 4368 Syriae
800 4295 965 4352 clade
993 4296 1206 4352 affecit.
1228 4310 1553 4366 pacemque
1577 4294 1699 4347 suis
1730 4292 2008 4359 restituit,

366 4401 499 4455 qua)
527 4401 715 4439 annos
741 4384 810 4439 40
860 4384 1108 4448 duravit,
1138 4399 1325 4454 usque
1355 4381 1429 4438 ad
1486 4380 1820 4436 Gothonieli
1851 4397 2012 4435 mor-

366 4479 507 4529 tem.
556 4474 812 4529 Rursum
866 4472 1005 4527 inde
1065 4490 1099 4527 a
1148 4472 1399 4527 Domino
1486 4470 1833 4526 defecerunt
1907 4469 2008 4523 99

2126 3300 2335 3372 ἐκλήθη
2370 3302 2398 3357 ὁ
2429 3300 2598 3362 τόπος
2629 3300 2831 3364 ἐκεῖνος
2871 3299 3066 3366 κοιλὰς
3097 3300 3481 3368 κλαυθμῶνος·
3539 3301 3628 3359 διὰ
3671 3304 3775 3382 γάρ

2115 3392 2181 3446 τὸ
2219 3392 2294 3463 μή
2329 3388 2709 3464 ἐξολοθρεῦσαι
2740 3390 2831 3445 τὸν
2859 3390 3084 3463 Ἰσραήλ
3116 3392 3182 3446 τὰ
3237 3389 3364 3461 ἔθνη
3416 3394 3450 3447 ἅ
3496 3393 3614 3448 εἶπε
3669 3392 3771 3450 Κύ-

2118 3500 2233 3554 ριος
2263 3480 2477 3548 αὐτοῖς,
2514 3476 2659 3533 ἀλλὰ
2688 3478 2776 3533 καῖ
2824 3485 3011 3551 μαθεῖν
3037 3480 3105 3535 τὰ
3161 3477 3293 3557 ἔργα
3325 3480 3501 3537 αὐτῶν
3531 3481 3621 3538 καί
3680 3505 3775 3555 μι-

2114 3577 2275 3645 γῆναι
2335 3569 2519 3630 αὐτοῖς
2575 3569 2668 3623 καὶ
2736 3565 3027 3624 δουλεῦσαι
3083 3575 3200 3632 τοῖς
3256 3569 3526 3644 γλυπτοῖς
3571 3571 3768 3642 αὐτῶν,

2117 3657 2206 3715 διὰ
2234 3663 2395 3714 τοῦτο
2425 3654 2799 3733 παρεδόθησαν
2853 3657 2929 3721 εἷς
2989 3665 3181 3736 χεῖρας
3246 3666 3354 3716 τῶν
3407 3660 3767 3739 αλλοιρύλων.

2113 3754 2194 3825 Τῇ
2228 3748 2404 3821 οἷκεῖᾳ
2433 3746 2490 3803 δὲ
2520 3747 2903 3825 φιλανθρωπίᾳ
2946 3750 3265 3824 κινούμενος
3320 3751 3348 3806 6
3406 3752 3537 3814 θεὸς
3576 3751 3770 3826 ᾠκτεί-

2119 3859 2247 3913 ρησε
2271 3839 2362 3893 τὸν
2407 3834 2653 3913 Ἰσραὴλ,
2704 3836 2792 3891 καὶ
2852 3837 3138 3910 ἀνέστησεν
3199 3839 3347 3911 αὐτῷ
3397 3843 3620 3915 πρῶτον
3650 3859 3770 3917 κρι-

2112 3930 2211 3998 τήν
2239 3930 2329 3983 τὸν
2368 3924 2659 3995 Γοθονιὴλ,
2726 3921 2972 4001 γαμϐρὸν
3041 3923 3158 3983 ὄντι
3197 3931 3293 3983 τοῦ
3351 3925 3559 4001 Χαλεϐ,
3620 3929 3769 3991 6':th

2116 4012 2303 4074 Χάλεϐ
2332 4018 2500 4086 ζήσας
2531 4011 2624 4081 ἔτη
2660 4015 2737 4089 ρξ’
2779 4014 2830 4069 ἐν
2895 4013 3122 4089 δυνάμει
3180 4016 3255 4078 ὡς
3308 4017 3518 4079 νεανίας
3570 4017 3761 4092 εἰσήρ-

2113 4124 2246 4180 χετο
2277 4103 2365 4158 καὶ
2397 4102 2659 4177 ἐξήρχετο
2691 4100 2744 4156 ἐν
2775 4107 2854 4174 τῷ
2880 4102 3133 4178 πολέμῳ.
3195 4104 3293 4160 Καὶ
3351 4105 3600 4162 ἐνίσχυσε
3658 4105 3768 4160 Κύ-

2117 4215 2231 4271 ριος
2254 4194 2345 4251 τὸν
2379 4191 2668 4262 Γοθονιὴλ,
2726 4193 2815 4247 καὶ
2874 4195 2964 4248 τὸν
3030 4194 3258 4270 βασιλέα
3291 4195 3490 4270 Συρίας
3518 4194 3764 4267 ἐπάταξε.

2117 4284 2215 4339 Καὶ
2246 4283 2550 4357 εἶργςνευσεν
2584 4283 2619 4352 ἢ
2679 4289 2751 4359 γῆ
2808 4280 2913 4344 ἕως
2965 4286 3064 4352 τῆς
3122 4290 3270 4355 ζωῆς
3319 4285 3484 4340 αὐτοῦ
3535 4279 3626 4355 ἔτη
3692 4286 3764 4359 μ’.

2116 4372 2215 4428 Καὶ
2247 4372 2413 4427 πάλιν
2448 4372 2650 4441 ἀπέστη
2686 4370 2911 4447 Ἰσραῆλ
2975 4374 3080 4428 ἀπὸ
3141 4374 3365 4449 Κυρίου.
3412 4375 3501 4429 καὶ
3558 4373 3770 4449 ἐπήγειὶ

2117 4482 2203 4537 ρεν
2236 4459 2424 4524 αὐτοῖς
2470 4459 2667 4534 Κύριος
2720 4460 2810 4515 τὸν
2873 4461 3104 4534 Ἐκλὼμ
3153 4461 3380 4536 βασιλέα
3438 4458 3633 4531 Manis,
3682 4484 3773 4518 κα-

365 4563 674 4630 Israelici;
726 4564 895 4633 isque
944 4579 1030 4617 eis
1087 4562 1369 4636 Eglonem
1427 4560 1754 4617 Moabicum
1812 4575 2011 4632 regem

2120 4549 2466 4607 ἐδουλώσατο
2496 4551 2589 4606 τὸν
2624 4549 2840 4626 Ἰσραὴλ
2871 4545 2965 4620 ἔτη
3005 4553 3095 4622 ιη’.
3132 4552 3233 4608 Καὶ
3282 4548 3507 4624 ἐϐόησεν
3541 4551 3704 4610 πάλιν
3739 4554 3768 4609 ὁ

365 4650 632 4717 immisit,
669 4650 767 4722 qui
799 4667 906 4722 per
961 4666 1150 4705 annos
1202 4652 1266 4703 18
1320 4648 1607 4722 populum
1666 4646 2009 4702 Israelicum

363 4740 646 4796 servitute
677 4739 915 4811 pressit,
946 4740 1151 4795 Denuo
1183 4738 1383 4809 itaque
1432 4737 1720 4793 auxilium
1751 4737 1853 4791 Dei
1905 4753 2005 4808 op-

360 4830 549 4901 pressi
582 4829 978 4900 implorarunt
1010 4845 1023 4895 ;
1056 4828 1156 4900 qui
1181 4828 1264 4883 eis
1272 4826 1538 4899 judicem
1569 4826 1733 4882 dedit
1756 4825 2006 4894 Aodum,

362 4920 552 4976 virum
588 4918 1122 4974 ambidextrum.ls
1179 4917 1486 4989 prmclarm
1547 4932 1726 4971 ausus
1780 4916 2010 4972 facinus

365 5009 647 5081 Eglonem
679 5008 838 5064 domi
871 5025 991 5063 sum
1047 5006 1181 5062 dolo
1237 5006 1554 5074 interfecit,
1612 5005 1862 5078 fugaque
1895 5004 2009 5059 ela-

369 5111 529 5165 psus,
596 5098 911 5155 confestim
986 5096 1263 5152 Israelico
1350 5095 1612 5151 exercitu
1685 5099 2012 5164 assumpto,

369 5199 583 5257 magna
641 5189 923 5244 Moabitas
983 5186 1149 5243 clade
1194 5186 1410 5241 alTecit.
1468 5186 1680 5239 Postea
1735 5182 1909 5239 annis
1946 5182 2014 5236 80

365 5271 582 5326 Iuda-is
615 5278 813 5345 quieta
834 5277 1034 5332 omnia
1074 5276 1336 5333 fuerunt.
1396 5272 1513 5329 Sub
1572 5271 1701 5344 ejus
1760 5277 2014 5327 mortem

368 5377 503 5417 cum
531 5364 784 5434 pepulus
812 5366 1121 5422 lsraelicus
1150 5382 1355 5420 rursus
1385 5381 1419 5419 a
1475 5363 1592 5418 Deo
1650 5360 2014 5428 descivisset,

367 5467 477 5527 per
506 5467 695 5511 annos
720 5455 790 5507 20
813 5470 946 5511 eum
964 5456 1160 5511 Sisera
1177 5453 1383 5512 Jabani
1398 5454 1551 5527 regis
1572 5452 1879 5526 copiarum
1900 5450 2017 5507 dux

439 5653 487 5692 ³⁸
506 5651 662 5712 Psal.
697 5668 891 5719 XLVIII,
1012 5650 1056 5686 ³⁷
1077 5652 1264 5709 Judic.
1302 5671 1340 5709 ιι
1372 5653 1418 5688 ³⁸
1445 5651 1633 5709 ludio.
1658 5668 1738 5710 ιιι.

2122 4641 2254 4704 λαὸς
2312 4640 2448 4709 πρὸς
2509 4639 2728 4714 Κύριον,
2777 4640 2869 4695 καὶ
2926 4638 3124 4695 ἔδωκεν
3181 4640 3368 4704 αὐτοῖς
3427 4644 3619 4715 κριτὴν
3672 4643 3767 4698 τὸν

2120 4728 2265 4786 Ἀὼδ
2297 4727 2465 4804 ἄνδρα
2521 4726 2999 4809 ἀμφοτεροδέξιον,
3058 4730 3118 4791 ὃς
3190 4726 3477 4803 τολμήσας
3567 4729 3773 4786 ἀνεῖλεν

2122 4817 2350 4892 Ἐκλὼμ
2381 4817 2432 4874 ἐν
2464 4822 2543 4890 τῷ
2575 4816 2712 4890 οἴκῳ
2742 4818 2907 4873 αὐτοῦ
2938 4815 3111 4892 δόλῳ,
3140 4819 3230 4874 καὶ
3261 4819 3450 4896 φυγὼν
3510 4816 3772 4890 διεσώθη.

2121 4908 2225 4966 Καὶ
2254 4906 2525 4983 παρευθὺς
2571 4902 2842 4979 λαμϐάνει
2899 4907 2991 4964 τὸν
3055 4907 3302 4983 Ἰσραὴλ,
3360 4909 3449 4963 καὶ
3508 4909 3773 4966 πατάσσει

2120 4999 2221 5067 τὴν
2250 4991 2423 5052 Maiis
2453 4996 2734 5072 παταγμὸν
2791 4995 2977 5071 μέγαν,
3030 4997 3121 5052 καὶ
3180 4998 3449 5073 ἡσυχάζει
3479 5000 3514 5068 ἡ
3571 5005 3640 5075 γῆ
3676 4992 3769 5070 ἔτη

2125 5083 2486 5161 ὀγδοήκοντα.
2530 5088 2629 5143 Καὶ
2695 5086 2829 5160 μετὰ
2889 5085 3147 5156 τελευτὴν
3202 5088 3301 5157 τὴν
3351 5087 3516 5143 αὐτοῦ
3566 5088 3768 5160 ἀπέστη

2122 5176 2287 5234 πάλιν
2346 5179 2373 5233 6
2421 5175 2577 5243 λαὸς,
2631 5176 2718 5232 καῖ
2782 5175 3134 5231 ἐταπείνωσεν
3192 5175 3387 5237 αὐτοὺς
3443 5177 3472 5233 6
3531 5178 3771 5254 Σισάῥξα

2125 5269 2152 5324 ὁ
2184 5264 2472 5340 δυνάστης,
2506 5263 2763 5341 βασιλεὺς
2798 5259 2989 5335 Ἰαϐἰν,
3023 5259 3116 5336 ἔτη
3167 5267 3239 5336 η’.
3299 5266 3405 5324 Καὶ
3436 5265 3773 5343 προσκαλεῖ·-

2123 5379 2210 5413 ται
2243 5352 2484 5435 Δεὸὁρρα
2540 5359 2574 5427 ἡ
2635 5360 2906 5432 προφῆτις
2962 5356 3054 5410 τὸν
3119 5355 3420 5432 Βαρὰκ(ἦν
3476 5357 3581 5435 γὰρ
3635 5358 3772 5429 αὕτη

2124 5448 2247 5505 τότε
2271 5447 2530 5527 κρίνουσα
2555 5446 2645 5502 τὸν
2675 5443 2853 5523 λαὸν),
2898 5444 2988 5502 καὶ
3049 5445 3445 5523 συμπορεύεται
3505 5448 3623 5524 μετ’
3678 5448 3777 5506 αὖ·
