4148 6196
313 329 424 386 137

1435 335 1982 399 HISTORIARUM
2026 337 2585 404 COMPENDIUM.

3610 358 3724 419 138

306 459 598 536 ἆνήνεγκεν
629 465 718 539 [Ρ.
760 468 850 540 60]
883 464 968 521 ἐπὶ
1023 471 1130 522 τῶν
1191 466 1360 541 ὣμων
1401 467 1455 524 ἐν
1484 475 1564 542 τῷ
1595 468 1730 545 ὄρει.
1763 471 1949 527 Ὡσαύ-

2073 489 2188 528 res.
2221 477 2464 532 Praefuit
2493 480 2712 551 populo
2771 497 2961 538 annos
3010 487 3098 540 20.
3151 487 3470 559 Postquam
3522 510 3657 549 vero
3687 512 3724 551 a

305 572 414 614 τως
448 550 504 607 δὲ
533 554 620 608 καὶ
653 553 720 609 τὰ
769 554 894 630 περὶ
952 556 1049 624 τῆν
1109 554 1368 614 Δαλιδᾶν.
1407 560 1593 632 Κρίνει
1625 557 1682 615 δὲ
1710 561 1802 616 τὸν
1837 559 1968 616 λαὸν

307 637 360 696 ἔ-
465 640 494 670 ι
691 649 704 662 ν
751 643 765 661 \
916 645 930 662 ι
1025 645 1037 662 ι
1135 670 1141 680 ν
1281 651 1305 662 -ν
1442 649 1455 668 ο
1517 650 1530 666 ο
1611 653 1635 665 ο
1722 651 1735 668 ν
1898 651 1920 682 ,ν

345 665 402 713 ,η
437 663 634 698 ειιιοσι.
671 649 766 698 Im:
803 665 940 717 μετα
985 666 1048 699 το
1105 646 1400 722 ξυρῆθηναι
1436 670 1540 704 υπο
1569 671 1678 705 των
1710 649 1964 730 αλλοφ)-

311 730 425 786 λων
473 731 563 787 καὶ
612 732 1050 809 ἐκτυφλωθῆναι,
1102 735 1439 812 ἀναφυεισῶν
1489 737 1642 801 αὖθις
1691 741 1798 795 τῶν
1849 760 1966 814 τρι-

314 827 432 897 χῶν
459 822 644 891 αὐτοῦ,
675 825 948 882 κατέσεισε
984 827 1084 897 τήν
1139 831 1244 882 τῶν
1278 826 1612 907 ἀλλοφύλων
1650 830 1833 900 πόλιν,
1865 851 1965 886 κα-

309 909 608 986 ταστρέψας
667 913 862 983 αὐτὴν,
917 912 970 970 ἐν
1029 915 1065 990 ᾖ
1121 916 1212 972 καὶ
1264 916 1425 981 αὐτὸς
1463 920 1807 986 συναπέθανε,
1844 919 1966 976 τότε

309 1000 571 1080 φονεύσας
600 1000 826 1064 πλεὲους
890 1002 1243 1081 ἀλλοφύλους
1302 1008 1336 1076 ἢ
1397 1005 1478 1062 Et:
1536 1013 1662 1077 ζῶν.
1704 1008 1966 1083 Καὶμετα

305 1095 499 1146 τοῦτον
531 1091 682 1167 Μιχᾶ
713 1093 740 1147 6
769 1091 830 1148 ἐκ
868 1099 968 1162 τῆς
1026 1093 1204 1174 φυλῆς
1263 1097 1498 1176 Ἐφραὶμ
1526 1098 1653 1160 τοὺς
1684 1097 1766 1169 ρλ¹
1799 1100 1963 1175 ἀργυ-

309 1181 431 1256 ρίου
461 1180 737 1255 σταθμοὺς
788 1179 988 1238 δέδωκε
1036 1188 1104 1258 τῇ
1159 1187 1326 1261 μητρὶ
1375 1187 1558 1244 αὐτοῦ.
1590 1189 1652 1246 Ἡ
1687 1185 1742 1243 δὲ
1773 1190 1964 1265 ἡγίασε

306 1271 369 1325 τὸ
420 1269 680 1345 ἀργύριον
739 1273 819 1344 τῷ
879 1273 1077 1348 Κυρῖῳ,
1138 1275 1228 1329 καὶ
1288 1273 1515 1344 ἐποίησε
1561 1276 1829 1352 γλυπτὸν,
1868 1279 1959 1333 καὶ

306 1361 603 1435 χωνευτὸν,
638 1361 728 1416 καὶ
790 1361 943 1432 ἐτέθη
997 1361 1048 1417 ἐν
1105 1362 1185 1436 τῷ
1237 1363 1375 1438 οἷ’κῳ
1419 1367 1594 1442 Μιχα,
1624 1367 1714 1422 καὶ
1747 1368 1775 1422 6
1807 1369 1960 1429 οἶκος

305 1451 463 1525 Mali
497 1452 571 1512 ὡς
604 1450 756 1513 οἶκος
787 1455 942 1506 Θεοῦ.
999 1451 1256 1524 Ἐποίησε
1287 1451 1344 1508 δὲ
1372 1455 1462 1509 καὶ
1497 1451 1700 1535 Ἐφοῦὄ
1731 1456 1820 1511 καὶ
1860 1463 1959 1510 Σε-

306 1540 506 1614 ραφὶμ,
560 1541 647 1596 καὶ
715 1541 1154 1616 προσεκαλέσατο
1209 1545 1442 1614 Δευῖτην
1472 1543 1547 1606 εἷς
1580 1544 1742 1619 ἱερέα,
1772 1545 1861 1600 καὶ
1892 1545 1958 1615 ἦν

305 1629 561 1703 πράττων
618 1628 699 1686 ἐπ’
756 1630 986 1704 ὁνοματι
1038 1635 1134 1686 τοῦ
1193 1638 1329 1688 Θεοῦ
1376 1635 1510 1688 κατὰ
1541 1635 1603 1690 τὸ
1632 1635 1961 1709 πρόσταγμα

306 1717 492 1773 αὐτοῦ’
554 1718 616 1774 οὐ
670 1719 771 1796 γὰρ
827 1722 894 1790 ἦν
949 1721 1072 1776 τότε
1134 1721 1389 1797 βασιλεὺς
1447 1724 1498 1778 ἐν
1553 1723 1959 1796 Ἰσραὴλ,ἀλλ’

303 1806 532 1870 ἕκαστος
561 1810 624 1864 τὸ
654 1810 872 1882 ἀρεστὸν
931 1810 985 1866 έν
1041 1810 1350 1890 ὀφθαλμοῖς
1383 1812 1547 1868 αὐτοῦ
1579 1812 1768 1870 ἐποίει.
1803 1817 1959 1872 Ἔστι

304 1897 358 1955 δὲ
406 1901 470 1955 τὸ
529 1899 732 1976 Ἐφοὺδ
788 1903 880 1958 καὶ
933 1903 996 1958 τὸ
1059 1905 1310 1978 Σεραφῖμ
1366 1898 1569 1978 ἔνδυμα
1607 1905 1696 1960 καὶ
1734 1907 1959 1983 μορφώ-
1995 1897 2018 1919 ⁸⁷

306 2011 469 2062 ματα.
505 1997 666 2066 Λεγει
699 1988 754 2046 δὲ
795 1994 1123 2062 πεποιῆσθαι
1186 1993 1289 2049 ὑπὸ
1345 1999 1443 2049 τοῦ
1495 1995 1652 2075 Μιχᾶ
1709 1993 1960 2070 ἐπωμίδα

298 2079 387 2134 καὶ
442 2081 763 2154 πρόσωπον,
819 2076 1023 2156 ἔνδυμα
1086 2075 1350 2157 ἴερατίκὸν
1409 2085 1498 2140 καὶ
1549 2083 1771 2141 ε’ἰδωλα.
1809 2085 1958 2142 Κατᾶ

297 2175 489 2224 τοῦτον
520 2171 614 2225 τὸν
644 2171 834 2246 καιρὸν
889 2168 1086 2243 συνέϐη
1146 2173 1212 2230 τὰ
1273 2173 1394 2249 περὶ
1445 2174 1537 2229 τὸν
1579 2171 1705 2230 Λευΐ
1735 2176 1823 2229 καὶ
1855 2176 1956 2244 τὴν

295 2257 592 2329 παλλακήν
625 2261 814 2330 αὐτοῦ,
866 2263 957 2316 καὶ
1016 2263 1092 2323 ὡς
1149 2258 1396 2337 ἐξετρίϐη
1429 2265 1463 2332 ἢ
1498 2263 1644 2341 φυλή
1681 2264 1953 2336 Βενιαμενο

367 2351 516 2404 Μετᾶ
548 2346 604 2404 δὶ
636 2349 876 2424 Σαμψὼν
937 2353 1184 2428 ἡγήσατο
1239 2356 1336 2407 τοῦ
1395 2352 1532 2408 λαοῦ
1574 2359 1802 2427 Σαμανῆ
1835 2349 1954 2416 ἔτος

295 2436 366 2495 ἕν.
403 2440 498 2496 Ἐν
524 2438 739 2501 τούτοις
789 2445 907 2502 τοῖς
965 2441 1196 2517 χρόνοις
1251 2449 1352 2512 τῆς
1412 2442 1699 2518 ῗεραρχίας
1732 2444 1951 2516 εἰρήνην

296 2527 455 2604 ἔσχεν
487 2530 516 2585 ὁ
551 2528 681 2590 λαὸς
713 2529 849 2605 πρὸς
874 2529 1005 2592 τοὺς
1033 2529 1389 2606 ἀλλοφύλους
1430 2529 1523 2603 ἔτη
1577 2532 1645 2591 λ’.
1680 2533 1783 2589 Καὶ
1818 2533 1953 2606 μετᾶ

293 2623 462 2674 τοῦτο
492 2618 624 2694 ἦρξε
679 2622 777 2674 τοῦ
834 2617 971 2674 λαοῦ
1023 2620 1176 2676 Ἠλεὶ
1231 2621 1258 2675 6
1317 2620 1490 2696 ἱερεὺς
1542 2617 1638 2692 ἔτη
1671 2629 1736 2678 κ’.
1769 2627 1951 2696 Λιμοῦ

297 2707 356 2764 δὲ
384 2711 678 2784 γενομένου
731 2707 937 2765 πολλοὶ
993 2713 1101 2766 τῶν
1159 2705 1424 2785 Ἐϐραίων
1490 2711 1811 2785 μετανάσται
1868 2732 1952 2788 γε-

293 2801 508 2875 γόνασι’
545 2801 663 2872 μεθ’
707 2799 780 2853 ὧν
809 2798 897 2854 καὶ
928 2797 1235 2876 Ἐλιμέλεχ
1286 2799 1347 2855 ἐκ
1400 2804 1500 2866 τῆς
1557 2801 1737 2879 φυλῆς
1769 2800 1950 2859 Ἰούδα

293 2889 382 2943 καὶ
444 2889 650 2960 Νοεμῖν
704 2891 739 2958 ἡ
800 2889 937 2964 γυνὴ
997 2888 1161 2943 αὐτοῦ
1216 2891 1306 2944 καὶ
1362 2888 1417 2944 οῗ
1471 2887 1567 2944 δύο
1607 2890 1716 2945 υἱοὶ
1747 2891 1942 2946 αὐτῶν.

293 2979 394 3035 Καὶ
453 2977 730 3047 κατῆλθον
791 2977 867 3039 εἷς
920 2979 1016 3033 τὰς
1091 2977 1284 3042 πόλεις
1338 2973 1539 3048 Minas,
1597 2980 1688 3034 καὶ
1747 2976 1945 3035 ἔλαϐον

290 3071 406 3128 τοῖς
437 3068 580 3128 υἱοῖς
630 3066 805 3122 αὐτῶν
861 3071 1120 3144 γυναῖκας
1180 3062 1534 3130 Μωαϐίτιδας
1568 3065 1944 3146 ἀλλοφύλους.

286 3157 643 3228 Ἐτελεύτησε
673 3156 730 3214 ὂὶ
781 3157 893 3213 ἐκεῖ
948 3157 1254 3236 Ἐλιμέλεχ
1281 3159 1371 3215 καὶ
1404 3160 1456 3215 οἱ
1489 3157 1584 3214 δύο
1615 3159 1724 3215 υἷοὶ
1755 3161 1941 3231 αὐτοῦ,

286 3248 376 3302 καὶ
447 3247 769 3325 κατελείφθη
847 3252 1055 3322 Νοεμῖν
1123 3251 1214 3304 σὺν
1271 3255 1389 3312 ταῖς
1451 3250 1689 3322 νύμφαις
1751 3252 1941 3320 αὐτῆς.

285 3337 475 3394 Ἠνίκα
508 3335 565 3393 Si
595 3337 748 3413 ἐξῆρε
796 3339 996 3414 Κύριος
1042 3339 1134 3394 τὸν
1187 3337 1351 3411 λιμὸν
1387 3339 1436 3409 ἐξ
1465 3339 1711 3410 Ἰσραὴλ,
1748 3340 1946 3410 ἀνῆλθε

289 3427 500 3500 Νοεμίν
536 3429 673 3504 πρὸς
703 3429 804 3498 τὴν
861 3426 1040 3505 φυλήν
1101 3429 1295 3501 αὐτῆς,
1354 3428 1416 3484 οὐ
1468 3429 1727 3485 κατέλιπε
1762 3427 1819 3486 δὶ
1849 3430 1947 3486 αὐ-

287 3521 388 3588 τὴν
447 3517 609 3582 Ῥοὺθ
669 3521 703 3588 ἡ
767 3517 951 3599 νύμφη
1007 3519 1197 3589 αὑτῆς·
1253 3520 1343 3574 καὶ
1400 3519 1648 3596 συνεργίᾳ
1689 3525 1823 3576 Θεοῦ
1853 3523 1943 3576 καὶ

291 3607 601 3683 παραινέσει
661 3609 866 3683 Νοεμὶν
928 3607 1248 3664 συνάπτεται
1313 3607 1474 3674 Ῥοὺθ
1533 3613 1612 3682 τῷ
1671 3611 1814 3680 Βοὸζ
1871 3610 1944 3672 ὡς

292 3697 677 3772 ἆγχιστεύοντι
733 3701 815 3770 τῷ
873 3695 1202 3777 Ἐλιμέλεχ.
1263 3698 1351 3770 Ἐξ
1406 3700 1472 3768 ἧς
1527 3697 1682 3773 ἔσχεν
1710 3699 1825 3754 νῖὸν
1853 3699 1944 3754 τὸν

283 3781 478 3855 Ὠϐήδ,
522 3787 585 3840 οὗ
637 3785 756 3848 υῒὸς
818 3787 1013 3843 Ἰεσσαὶ
1074 3788 1102 3842 ὁ
1161 3790 1343 3864 πατὴρ
1403 3785 1585 3844 Δαυῖδ.
1647 3789 1941 3864 Κατάγεται

285 3876 341 3930 δὲ
375 3875 516 3946 Βοὸζ
549 3873 599 3946 ἒξ
631 3873 808 3932 Ἰούδα
863 3876 952 3930 καὶ
1007 3878 1197 3951 Θάμαρ
1245 3885 1346 3947 τῆς
1398 3876 1747 3956 ἀλλοφύλου,
1783 3877 1831 3948 ἐξ
1865 3879 1938 3932 ὧν

287 3965 463 4038 Φαρὶς
491 3965 582 4020 καὶ
613 3966 862 4036 καθεξῆς,
897 3965 972 4028 ὡς
999 3968 1033 4036 ἡ
1067 3966 1382 4043 γενεαλογῖα
1413 3967 1579 4046 φέρει.

350 4055 475 4109 Ὀτι
533 4051 583 4108 ἒν
645 4058 724 4125 τῷ
782 4053 887 4110 ἔτει
942 4055 1184 4130 Σαμψὼν
1243 4051 1479 4128 ἕϐδομος
1511 4060 1620 4131 (57)
1650 4055 1938 4132 ἀρχιερεὺς

279 4144 510 4214 κατέστη
566 4145 594 4199 6
648 4143 820 4212 Ἠλεὶ,
874 4145 932 4206 ὅς
989 4143 1080 4200 καὶ
1136 4143 1312 4222 ἔκρινε
1364 4146 1455 4201 τὸν
1486 4145 1708 4218 Ἰσραὴλ
1739 4149 1938 4218 πεντή-

281 4252 446 4287 κοντα
485 4232 621 4288 ἐτῶν
649 4234 942 4310 γενόμενος
992 4230 1146 4310 ἔτερα
1199 4233 1289 4306 ἔτη
1324 4237 1395 4308 μ’.
1432 4237 1515 4292 Ἐν
1551 4233 1608 4291 δὲ
1639 4240 1716 4308 τῷ
1744 4235 1936 4310 τετάρ-

281 4326 356 4392 τῷ
413 4316 519 4376 ἔτει
578 4329 677 4392 τῆς
738 4322 999 4399 ἰερατείας
1059 4323 1208 4380 ’[Ιλεὶ
1269 4323 1526 4401 ἑγεννήθη
1580 4325 1608 4382 ὁ
1647 4327 1936 4404 προφήτης

283 4409 578 4483 Σαμουὴλ,
609 4413 699 4468 καὶ
731 4418 811 4487 τῷ
867 4412 1048 4488 ὀγδόῳ
1107 4413 1214 4471 ἔτει
1269 4413 1429 4488 ἒδόθη
1491 4415 1543 4472 ἐν
1571 4420 1650 4489 τῷ
1677 4420 1814 4488 ναῷ,
1846 4415 1936 4470 καὶ

279 4506 359 4573 τῷ
416 4500 509 4573 λη’
567 4497 674 4557 ἔτει
726 4503 931 4577 ἤρξατο
990 4505 1190 4577 κρίνειν
1242 4507 1335 4561 τὸν
1385 4505 1632 4580 Ἰσραὴλ,
1663 4505 1861 4577 καὶτῷ
1892 4505 1936 4560 ο“

281 4589 654 4662 ἐτελεύτησεν,
688 4591 995 4666 ἱερατεύσας
1027 4591 1103 4648 λε’
1132 4591 1247 4664 ἔτη.

353 4680 451 4734 Καὶ
481 4684 654 4734 ταῦτα
688 4681 782 4752 μὶν
818 4681 922 4736 ἀπὸ
967 4688 1068 4752 τῆς
1125 4688 1234 4738 τῶν
1268 4686 1481 4758 Κριτῶν
1517 4677 1736 4758 βίϐλου,
1772 4685 1848 4746 ὠς
1880 4681 1933 4740 ἒν

283 4765 510 4841 παρόδῳ
573 4771 690 4823 κατ’
759 4768 1030 4843 ἐπιτομὴν
1123 4773 1210 4847 [Ρ.
1278 4773 1368 4848 61]
1463 4771 1934 4848 ἑσημειωσαμεθα.

281 4855 472 4930 Ἔδοξε
503 4855 564 4913 δέ
615 4879 710 4932 μοι
765 4860 857 4914 καὶ
911 4861 1008 4922 τὰς
1066 4861 1486 4941 ἀναγκαιοτέρας
1519 4862 1796 4927 ὑποθέσεις
1826 4867 1936 4919 τῶν

2079 565 2349 622 Barbaris
2377 566 2660 625 detonsus
2686 577 2746 625 et
2766 580 3091 631 excaecatus
3109 576 3238 647 fuit,
3262 597 3497 637 rursum
3532 585 3722 640 enatis

2077 656 2342 712 crinibus
2392 657 2600 714 urbem
2655 661 3043 718 Barbarorum
3089 684 3439 725 concussam
3491 676 3719 742 evertit,

2079 745 2257 817 inque
2292 763 2361 802 ea
2416 765 2537 803 una
2592 757 2862 806 mortuus
2895 758 3000 818 est,
3063 756 3332 826 pluribus
3366 765 3488 815 tum
3541 781 3718 834 quam

2077 852 2225 906 quos
2247 835 2406 891 vivus
2427 838 2976 896 occideratnccatis
3007 861 3207 900 secum
3251 847 3545 906 Barbaris.
3581 854 3722 907 Post

2077 924 2234 979 hunc
2248 926 2464 981 Michas
2479 927 2549 982 de
2571 929 2725 984 tribu
2745 931 2955 1001 Ephrai
2969 934 3136 998 mica,
3167 938 3264 991 130
3279 941 3502 1010 argenti
3525 942 3715 1011 pondo

2076 1015 2248 1069 matri
2283 1033 2402 1070 sum
2447 1016 2646 1072 dedit:
2681 1018 2784 1073 illa
2831 1030 3138 1091 argentum
3191 1027 3307 1080 Deo
3356 1032 3721 1085 consecravit

2073 1104 2389 1160 fecit101
2447 1107 2720 1177 sculptile
2755 1115 2811 1162 et
2859 1111 3176 1170 conﬂatile.
3228 1115 3404 1186 idque
3453 1119 3513 1173 in
3561 1119 3716 1176 dono

2075 1193 2278 1248 Michae
2309 1195 2523 1266 posuit.
2571 1196 2702 1251 Fuit
2758 1205 2954 1256 autem
3017 1203 3225 1258 exinde
3274 1205 3484 1261 domus
3517 1209 3718 1264 Michze

2076 1289 2355 1356 tanquam
2387 1288 2543 1342 mdes
2567 1289 2688 1354 Dei,
2722 1292 3093 1362 confecitque
3121 1295 3430 1366 Epliodum
3462 1304 3520 1354 et
3548 1300 3720 1355 Sera-

2073 1374 2330 1446 phimos,
2350 1381 2408 1429 et
2442 1377 2694 1433 Levitam
2725 1383 3032 1435 accersivit
3061 1384 3160 1453 qui
3194 1385 3304 1439 sibi
3338 1395 3494 1442 esset
3523 1405 3720 1444 sacer-

2074 1464 2217 1530 dos;
2250 1465 2505 1537 fecitque
2541 1468 2601 1523 in
2633 1470 2874 1525 nomine
2906 1471 3007 1526 Dei
3033 1475 3361 1531 secundum
3394 1477 3525 1547 ejus
3555 1496 3716 1535 man-

2073 1553 2297 1609 datum.
2330 1556 2455 1610 Non
2487 1557 2649 1612 enim
2679 1575 2747 1613 eo
2798 1565 3060 1631 tempore
3090 1563 3406 1620 Israelicus
3462 1569 3717 1639 populus

2071 1659 2270 1714 regem
2302 1644 2592 1700 habebat:
2625 1647 2728 1702 sed
2760 1649 2970 1718 quivis,
3006 1651 3162 1720 quod
3195 1652 3305 1708 sibi
3339 1655 3528 1711 visum
3561 1663 3720 1713 esset

2071 1733 2298 1804 agebat.
2332 1735 2430 1788 Est
2455 1741 2658 1791 autem
2690 1737 2996 1807 Ephodum
3031 1741 3205 1795 vestis
3227 1758 3434 1814 genus,
3463 1751 3522 1800 et
3552 1747 3718 1803 Sera-

2071 1823 2259 1894 phimi
2280 1823 2757 1880 simulacrorum.
2783 1828 3071 1883 Dicuntur
3093 1846 3228 1901 ergo
3251 1849 3284 1886 a
3306 1833 3495 1890 Micha
3531 1835 3714 1892 fuisse

2067 1912 2222 1968 facta
2252 1914 2428 1969 vestis
2476 1915 2824 1980 humeralis,
2873 1933 2940 1972 ac
2987 1919 3168 1974 facies
3199 1921 3317 1976 sive
3359 1926 3535 1980 vestis
3564 1942 3715 1995 pon-

2069 2002 2324 2070 tiﬁcalis,
2385 2009 2444 2058 et
2502 2003 2839 2060 simulacra.
2901 2007 3118 2063 Eodem
3187 2015 3450 2083 tempore
3503 2015 3713 2072 Levita:

2067 2091 2262 2164 pellex
2312 2099 2693 2164 constuprata
2747 2101 2805 2149 et
2859 2097 3242 2167 Benjaminea
3273 2102 3452 2175 stirps
3519 2105 3715 2162 deleta

2068 2186 2177 2237 est.

2135 2355 2274 2409 Post
2302 2355 2652 2412 Samsonem
2685 2357 2969 2412 Lamanes
3009 2375 3231 2416 annum
3272 2378 3456 2418 unum
3489 2365 3709 2437 populo

2063 2444 2318 2515 praefuit.
2334 2447 2524 2514 Atque
2538 2461 2608 2499 ea
2620 2450 2734 2500 tem
2747 2453 2971 2516 pestate
2984 2450 3390 2507 sacerdotibus
3411 2471 3708 2512 summam

2061 2532 2739 2601 reiadministrantibus,
2756 2537 2824 2589 3O
2837 2553 2942 2607 per
2970 2553 3157 2592 annos
3178 2541 3396 2612 populo
3411 2559 3543 2598 cum
3565 2544 3708 2601 Bar-

2060 2622 2220 2678 baris
2237 2639 2349 2694 pax
2373 2622 2500 2677 fuit.
2537 2623 2748 2679 Postea
2770 2640 2905 2679 eum
2937 2643 3043 2698 per
3064 2629 3132 2681 20
3155 2643 3344 2686 annos
3366 2632 3487 2688 Elis
3514 2650 3707 2691 sacer-

2061 2711 2167 2767 dos
2183 2712 2354 2766 rexit.
2390 2713 2528 2768 Orta
2549 2719 2747 2768 autem
2783 2714 2959 2782 fame,
2992 2717 3163 2772 mulli
3200 2719 3578 2778 Hebrmorum
3612 2741 3707 2782 so-

2059 2802 2184 2857 lum
2227 2807 2558 2857 verterunt:
2589 2807 2766 2873 atque
2799 2803 2958 2859 inter
2982 2805 3090 2861 hos
3121 2808 3521 2867 Elimelechus
3548 2814 3706 2870 tribu

2056 2891 2292 2946 Judazus
2313 2907 2445 2946 cum
2473 2892 2675 2946 Noemi
2724 2909 2907 2948 uxore
2957 2913 3062 2951 sua
3111 2903 3169 2952 et
3217 2898 3448 2956 duobus
3471 2902 3612 2958 ﬁliis
3644 2904 3705 2960 in

2057 2980 2233 3034 urbes
2266 2979 2556 3035 Moabicas
2587 2981 3013 3054 commigravit,
3048 2985 3237 3057 deque
3270 3005 3339 3042 ea
3358 2996 3531 3060 gente
3567 2992 3706 3048 ﬁliis

2058 3069 2180 3124 suis
2212 3069 2552 3125 barbaricas
2582 3087 2797 3126 uxores
2830 3073 3208 3130 matrimonio
3234 3075 3456 3146 junxit,
3505 3080 3704 3152 ibique

2057 3158 2182 3229 ipse
2213 3175 2347 3213 cum
2383 3159 2520 3213 filiis
2548 3165 2799 3214 mortem
2859 3161 3024 3222 obiit,
3059 3164 3186 3218 sola
3234 3166 3442 3222 relicta
3500 3170 3703 3225 Noemi

2056 3265 2191 3304 cum
2240 3248 2468 3304 duabus
2507 3248 2776 3304 nuribus.
2831 3252 3154 3322 Postquam
3207 3256 3359 3310 Deus
3403 3256 3619 3313 famem
3669 3276 3704 3316 a

2051 3336 2252 3392 Judzna
2282 3337 2544 3402 sustulit,
2596 3337 2774 3392 rediit
2819 3340 3054 3395 Noemis
3105 3341 3177 3397 ad
3231 3344 3449 3400 tribum
3506 3364 3700 3414 suam,

2053 3427 2371 3482 comitante
2403 3443 2532 3483 eam
2567 3429 2759 3483 Rutha
2779 3446 2953 3484 nuru.
2987 3431 3071 3484 lbi
3104 3432 3206 3487 Dei
3229 3434 3447 3490 auxilio
3477 3452 3545 3492 ac
3575 3454 3698 3493 m0-

2050 3517 2179 3571 nitu
2210 3516 2446 3572 Noe‘mis
2494 3517 2764 3572 effectum
2794 3525 2884 3573 est
2927 3525 2991 3574 ut
3041 3521 3283 3590 Boozus,
3334 3529 3536 3595 utpote
3595 3527 3697 3598 qui

2051 3607 2336 3677 sanguine
2359 3605 2718 3662 Elimelecho
2765 3608 3070 3678 proximus
3093 3617 3268 3679 esset,
3303 3613 3557 3670 Rutham
3588 3614 3703 3670 du-

2050 3700 2229 3762 ceret,
2254 3711 2324 3749 ex
2346 3712 2530 3766 eaque
2547 3695 2811 3751 Obedum
2836 3703 3066 3768 patrem
3088 3701 3284 3768 Iessae,
3305 3717 3476 3758 avum
3493 3705 3697 3762 Davidi

2048 3791 2470 3858 progeneraret
2515 3787 2736 3840 Boozus
2756 3803 2791 3841 a
2809 3787 2959 3842 Juda
2981 3795 3038 3842 et
3065 3790 3350 3846 Thamare
3365 3793 3699 3865 alienigena

2049 3874 2293 3930 muliere
2319 3875 2470 3930 108
2500 3891 2684 3946 genus
2709 3876 2950 3946 repetit;
2979 3878 3196 3947 quibus
3218 3885 3392 3934 natus
3419 3882 3530 3935 fuit
3548 3883 3696 3939 Pha-

2047 3981 2232 4031 rezus,
2257 3981 2325 4020 ac
2347 3963 2626 4034 deinceps
2649 3963 2732 4018 uti
2756 3966 2990 4036 generis
3015 3968 3282 4022 recensio
3301 3969 3693 4029 demonstrat.

2116 4056 2287 4109 Anno
2329 4053 2631 4108 Samsonis
2660 4054 2680 4074 '
2725 4053 3014 4124 septimus
3065 4056 3329 4126 pontifex
3359 4057 3694 4116 declaratus

2045 4144 2156 4200 fuit
2181 4143 2318 4198 Elis.
2355 4142 2457 4198 Hic
2489 4143 3040 4215 quinquagenarius
3065 4145 3463 4218 principatum
3487 4150 3692 4222 populi

2045 4235 2308 4306 occcepit.
2343 4233 2641 4306 gessitque
2699 4249 2888 4289 annos
2943 4237 3033 4292 40.
3085 4236 3302 4301 Quarto
3334 4254 3490 4293 anno
3517 4240 3696 4312 hujus

2045 4323 2427 4394 pontiﬁcatus
2455 4321 2767 4377 Samuelus
2798 4327 2958 4377 vates
3003 4330 3093 4379 est
3149 4331 3345 4393 natus,
3374 4334 3697 4398 octavoque

2043 4413 2104 4467 in
2131 4411 2423 4484 templum
2454 4410 2760 4467 dedicatus
2813 4413 3116 4484 trigesimo
3166 4420 3367 4472 octavo
3399 4419 3575 4490 coepit
3597 4419 3699 4490 jus

2044 4501 2262 4573 populo
2295 4501 2492 4556 dicere
2526 4506 2914 4574 mortuusque
2945 4509 3037 4558 est
3059 4518 3213 4558 anno
3238 4509 3698 4576 septuagesimo,

1965 4582 2012 4648 Ι)
2045 4591 2373 4647 sacerdotio
2407 4592 2472 4644 35
2504 4606 2693 4646 annos
2725 4591 2988 4647 functus.

2119 4683 2308 4752 Atque
2340 4681 2466 4736 haec
2519 4679 2761 4751 quidem
2811 4679 2882 4734 de
2924 4681 3076 4736 libro
3118 4681 3392 4738 Iudicum
3443 4684 3698 4738 breviter

2049 4777 2224 4842 atque
2257 4769 2450 4824 obiter
2478 4771 2911 4826 annotavimus.
2947 4772 3299 4828 Consultum
3331 4778 3526 4827 autem
3567 4771 3694 4826 fore

2049 4861 2251 4919 censui
2284 4865 2351 4915 ut
2411 4859 2591 4915 etiam
2644 4861 2946 4935 praecipua
2992 4865 3323 4936 Regnorum
3384 4861 3696 4924 librorum,

1482 4965 1843 5022 XYLANDRI
1886 4965 1969 5020 ET
2007 4961 2226 5018 GOARI
2268 4959 2489 5016 ΝΟΤΛΕ.

357 5060 496 5134 (57)-
529 5059 828 5134 Septimus.
889 5059 1010 5134 Nisi
1068 5060 1220 5117 forte
1274 5055 1498 5134 ἑϐδόμῳ
1551 5080 1657 5134 pro
1711 5055 1947 5133 ἕϐδομος

288 5127 611 5207 legendum
660 5131 760 5207 sit,
817 5132 975 5207 quod
1031 5148 1150 5207 non
1204 5139 1367 5207 puto.
1401 5127 1514 5192 Se'd
1554 5127 1615 5190 Et
1666 5141 1732 5191 ut
1762 5127 1941 5207 supra

290 5201 585 5277 _Sama_nes_
607 5201 851 5274 quidam
878 5203 1188 5277 ﬁatnsonis
1205 5201 1544 5262 'successor
1573 5201 1938 5277 nominat-ur,

283 5272 539 5350 Josepho
563 5272 740 5345 juxta
769 5289 839 5350 ac
871 5275 1188 5350 Scriptura
1237 5278 1493 5350 ignotus.
1527 5278 1680 5334 Elim
1711 5295 1745 5334 a
1775 5272 1941 5336 Sam;

285 5345 443 5423 sonis
475 5350 668 5423 morte
691 5345 935 5423 coepisse
952 5345 1288 5423 gubernare
1304 5350 1614 5423 Israelicos
1636 5357 1940 5423 receptum

281 5422 410 5491 est;
446 5422 508 5471 et
533 5416 864 5491 Iosephus__
887 5416 1126 5491 quoque
1185 5420 1242 5476 id
1297 5421 1613 5479 conﬁrmat
1641 5422 1680 5478 Ι.
1716 5416 1852 5482 ν.ὀ.
1885 5428 1939 5481 2.

281 5486 406 5544 Jam
438 5488 614 5563 quod
630 5486 770 5563 mox
806 5486 956 5563 libér
987 5486 1213 5563 primus
1244 5495 1578 5560 Regnorum
1623 5495 1856 5552 citatur.
1892 5500 1942 5553 is

285 5577 467 5636 quem
500 5560 680 5636 hodie
696 5560 1003 5636 _primum‘
1037 5563 1435 5636 Siamuelicum
1468 5566 1872 5636 nominamus,
1903 5570 1938 5636 ἡ

284 5629 482 5712 ἠρώτη
531 5633 644 5688 τῶν
693 5629 1020 5701 Βὶισιλειῶν,
1066 5634 1126 5691 id
1176 5643 1514 5712 suspectum
1563 5656 1694 5700 esse
1732 5629 1941 5702 lectori

611 5749 879 5814 ΡΑτιιοι..
928 5753 1037 5817 GR.
1086 5753 1291 5822 CXXI.

2046 5075 2168 5114 non
2200 5057 2392 5114 debet.
2446 5057 2817 5112 Vocabantur
2865 5059 3022 5112 enim
3059 5059 3116 5113 lii
3164 5058 3295 5113 lib:i
3333 5059 3698 5128 Regnorum,

2049 5130 2206 5203 quod
2237 5129 2421 5203 (verbi
2451 5129 2661 5203 gratia)
2703 5145 2948 5200 regnum
2981 5130 3163 5203 Sauli.
3196 5145 3443 5203 regnum
3477 5128 3705 5196 Davidi,

2047 5200 2298 5276 regnum
2330 5200 2856 5276 Solo‘monistetc,
2889 5202 3094 5276 ordine
3121 5200 3549 5276 describerent.
3575 5203 3702 5266 Qua

2049 5271 2277 5330 ratione
2309 5279 2367 5327 et
2415 5275 2634 5343 Regum
2697 5271 2831 5344 libri
2882 5273 3278 5344 appellantur.
3343 5273 3434 5328 Sic
3479 5272 3702 5329 librum

2050 5349 2268 5418 Regum
2299 5344 2539 5418 tertium
2585 5343 2852 5418 Justinus
2911 5343 3126 5418 Martyr
3172 5345 3233 5399 in
3280 5345 3702 5401 Exhortatione

2050 5412 2266 5488 allegat
2349 5413 2539 5488 τρξτῆν
2583 5412 2878 5466 Βασιλειὼν
2939 5412 3204 5488 ἱστορίαν,
3237 5422 3296 5470 et
3345 5418 3701 5488 scripturam

2052 5486 2386 5556 Regnorum
2419 5486 2624 5542 beatus
2656 5488 3018 5559 Augustinus
3049 5487 3388 5559 aliquoties.
3423 5486 3488 5544 ut
3520 5506 3556 5543 ιι
3599 5490 3702 5542 Rn-

2013 5587 2016 5590 ’
2052 5583 2274 5650 ιναοίαε.
2311 5593 2327 5631 ι
2359 5582 2416 5632 et
2447 5594 2530 5633 Lv.
2566 5579 2831 5650 itemque
2886 5580 3223 5649 Regnorum
3273 5577 3476 5645 libros,
3509 5577 3583 5634 ad
3613 5577 3707 5630 Ja-

2050 5647 2340 5711 nuarium
2372 5649 2626 5725 epistola
2661 5647 2760 5707 116
2793 5655 2852 5709 et
2880 5647 3003 5709 alii.
3036 5652 3170 5712 Χη.

3465 5765 3502 5824 ὅ
