4156 6188
457 349 575 413 139

1799 338 2121 403 GEORGII
2164 336 2510 404 CEDRENI

3756 345 3871 414 110

458 490 636 558 atque
668 498 874 540 eorum
907 480 1008 554 qui
1041 476 1300 537 Annales
1329 473 1721 549 appellantur,
1757 476 2094 547 argumenta

2216 490 2277 527 τι
2309 470 2607 530 Βασιλειῶν
2660 471 2752 529 καὶ
2807 473 2917 529 τῶν
2977 470 3478 551 ῙῙαραλειπομένων
3536 474 3588 533 iv
3621 475 3873 555 ἕπιτόμῳ

457 573 812 647 compendio
844 572 1117 632 referam.
1167 574 1232 623 ut
1278 582 1347 622 ea
1386 572 1591 620 nostro
1644 562 1849 619 lectori
1884 562 1944 617 in
1976 577 2103 619 me-

456 664 707 720 moriam
738 663 851 717 ista
881 660 1108 714 ratione
1148 656 1513 729 redigantur.

528 753 778 809 Elcanas
809 764 942 803 cum
994 746 1283 803 uxoribus
1320 746 1443 801 suis
1477 748 1644 799 Anna
1695 749 1754 798 et
1783 742 2104 797 Phenanna

458 842 718 898 Silonem
750 837 1038 901 ascendit,
1072 838 1189 891 Deo
1212 835 1671 891 sacriﬁcaturus.
1705 836 1874 887 Anna
1903 837 2099 886 autem

455 946 588 986 cum
622 928 847 999 prolem
875 942 995 981 non
1026 925 1289 985 haberet.
1341 941 1374 979 a
1406 924 1523 978 Deo
1566 922 1795 977 intimis
1829 921 2102 992 precibus

456 1016 767 1073 contendit
795 1022 862 1072 ut
886 1032 948 1069 se
981 1016 1291 1070 sterilitate
1325 1012 1622 1067 liberaret.
1661 1009 1944 1082 pollicens
1985 1009 2099 1079 ipsi

455 1124 518 1163 se
551 1106 778 1179 prolem
812 1121 990 1177 quam
1039 1103 1301 1158 dedisset
1348 1106 1846 1157 consecraturam.
1882 1100 1963 1152 lta
1995 1099 2098 1153 Sa-

453 1195 636 1251 mueli
668 1201 860 1251 mater
886 1194 1039 1248 facta
1062 1198 1169 1261 est,
1194 1206 1449 1261 eumque
1470 1188 1853 1245 tabernaculo
1872 1187 1973 1243 Dei
1996 1186 2098 1241 ob-

454 1287 606 1341 tulit.
640 1285 904 1354 Cumque
956 1283 1077 1338 Elis
1133 1282 1241 1354 ipsi
1276 1285 1683 1350 comprecatus
1732 1283 1889 1331 esset
1917 1292 1951 1332 a
1985 1276 2099 1330 Deo

455 1375 596 1431 alios
638 1373 860 1429 liberos
881 1372 1006 1428 dari
1031 1372 1159 1426 loco
1190 1368 1471 1430 Samueli,
1513 1384 1581 1423 ea
1602 1365 1913 1438 postmodo
1944 1365 2100 1421 ﬁlios

454 1469 573 1519 tres
594 1478 661 1518 ac
684 1462 838 1518 ﬂlias
860 1462 1007 1517 duas
1033 1460 1281 1533 peperit.
1306 1460 1595 1514 Cmterum
1615 1455 1840 1527 Ophnis
1870 1471 1938 1511 ac
1964 1453 2100 1509 l’hi-

453 1569 618 1620 neas,
645 1552 767 1608 Elis
789 1549 1112 1606 sacerdotis
1138 1549 1265 1609 filii.
1298 1564 1416 1603 non
1460 1546 1752 1602 sacrificia
1792 1543 1966 1599 modo
1992 1543 2099 1598 de-

452 1642 611 1698 lictis
628 1642 751 1697 suis
774 1640 1137 1713 polluebant,
1162 1638 1262 1695 sed
1288 1644 1347 1693 et
1368 1652 1500 1693 cum
1524 1636 1876 1692 mulieribus
1894 1633 2098 1705 templi

455 1730 958 1802 Deijinitricibus
1004 1728 1191 1800 stupri
1243 1725 1732 1783 consuetudinem
1776 1722 2096 1780 habebant.

454 1824 663 1878 Narrat
684 1838 859 1892 porro
880 1822 1107 1892 primus
1122 1822 1451 1891 Regnorum
1480 1816 1628 1871 liber
1645 1815 1931 1870 Barbaros
1946 1817 1981 1870 1
1996 1815 2096 1870 09
2132 1848 2177 1913 Β

450 1911 744 1967 Israelicis
783 1910 1006 1964 bellum
1038 1909 1335 1964 intulisse.
1361 1906 1721 1976 victoriaque
1755 1905 1972 1976 potitos
2010 1919 2100 1960 ar-

450 2016 577 2054 cam
603 1999 703 2055 Dei
744 1999 1000 2053 lsraelici
1038 1998 1389 2052 abstulisse:
1420 1995 1590 2060 Him,
1614 2012 1682 2048 eo
1703 1994 1927 2053 audito,
1960 2009 2099 2047 cor-

450 2088 641 2142 ruisse
672 2094 851 2157 atque
882 2086 1239 2155 exspirasse.
1296 2082 1583 2138 Barbaros
1614 2097 1811 2137 arcam
1859 2084 2099 2135 Azotum

448 2176 738 2237 attulisse,
774 2175 1087 2230 donarium
1122 2172 1341 2245 Dagoni
1376 2172 1486 2226 deo
1514 2187 1640 2236 suo,
1683 2177 1861 2240 atque
1893 2169 1967 2224 ad
2021 2170 2098 2223 si—

449 2265 697 2321 mulacri
732 2264 912 2337 pedes
939 2262 1336 2317 constituisse.
1394 2260 1458 2315 Id
1486 2260 1872 2315 simulacrum
1918 2264 2099 2313 noctu

446 2354 801 2421 concidisse,
834 2369 1126 2422 muneque
1158 2351 1229 2406 ab
1264 2350 1335 2404 iis
1378 2351 1684 2404 inventum
1732 2354 1869 2402 aute
1899 2364 2097 2401 arcam

446 2449 831 2517 prostratum.
866 2444 1089 2497 Rursus
1120 2446 1404 2506 erectum,
1430 2438 1767 2509 insequenti
1800 2444 1972 2492 nocte
2002 2436 2098 2491 de-

448 2549 567 2589 nuo
608 2532 947 2587 devolutum
983 2547 1111 2584 esse
1144 2536 1321 2600 atque
1351 2529 1760 2583 confractum:
1796 2527 1995 2597 itaque
2018 2526 2099 2580 fa-

448 2638 593 2678 num
625 2621 758 2692 ejus
785 2637 912 2675 esse
947 2620 1006 2673 in
1039 2619 1261 2674 honore
1311 2617 1581 2672 desiisse.
1639 2615 1749 2670 Sed
1783 2621 1841 2670 et
1888 2617 1947 2670 in
1980 2631 2098 2669 anu

447 2710 719 2766 morbum
746 2710 1037 2763 inﬂictum
1064 2707 1301 2761 Barbari
1329 2710 1662 2769 senserunt,
1690 2711 1745 2758 et
1781 2721 1885 2774 per
1915 2712 2099 2759 totam

449 2796 798 2867 Pentapolin
833 2795 1015 2865 (regio
1040 2801 1127 2848 est
1144 2812 1176 2847 ει
1196 2794 1459 2864 quinque
1478 2792 1724 2846 urbibus
1748 2792 1857 2846 hoc
1879 2808 2098 2847 nomen

445 2886 695 2948 habens,
730 2888 932 2950 Azoto,
965 2883 1131 2941 Gaza.
1168 2881 1475 2944 Ascalone,
1526 2881 1729 2939 Getha.
1776 2881 2097 2950 Accarone)

450 2974 828 3030 habitantes:
862 2972 1053 3043 iisque
1084 2972 1145 3026 in
1176 2971 1422 3026 urbibus
1448 2986 1658 3042 magna
1681 2970 1789 3025 i‘uit
1816 2970 2092 3040 pestilen.

447 3064 549 3118 tia.
579 3063 757 3117 Terra
777 3078 1017 3133 quoque
1072 3076 1276 3116 eorum
1319 3076 1518 3114 mures
1576 3058 1779 3115 edidit.
1815 3060 1955 3114 Post
2003 3076 2098 3115 se-

448 3164 609 3223 ptem
644 3166 882 3206 menses
900 3150 1210 3220 (Josepbus
1232 3148 1383 3203 duos
1403 3154 1629 3203 tantum
1653 3146 1945 3219 perhibet)
1967 3148 2099 3203 Bar-

449 3240 599 3298 bari.
621 3257 769 3312 quos
782 3257 941 3295 nunc
962 3239 1307 3294 Palmstinos
1330 3237 1717 3309 appellamus.
1742 3253 1941 3292 arcam
1963 3254 2097 3292 cum
2128 3217 2173 3283 (ἶ

449 3330 622 3385 donis
654 3335 713 3385 et
741 3329 953 3384 hostiis
984 3328 1311 3382 emiserunt
1340 3327 1506 3381 novis
1528 3326 1831 3397 quadrigis
1862 3326 2101 3397 imposi-

456 3424 603 3486 tam,
633 3418 725 3473 cui
754 3433 957 3472 vaccas
974 3416 1233 3471 delectas
1256 3422 1315 3470 et
1334 3416 1585 3470 intactas
1608 3414 1952 3486 junxerunt.
1980 3417 2095 3481 Em,

458 3506 701 3561 nemine
731 3505 1045 3577 dirigente,
1077 3505 1225 3559 viam
1259 3504 1645 3558 confecerunt
1697 3503 1944 3573 Fuitque
1985 3504 2097 3559 hoc

455 3594 734 3650 Israelico
764 3592 983 3665 populo
1009 3593 1241 3660 honori,
1260 3609 1392 3647 cum
1414 3591 1674 3649 Barbari.
1709 3607 1772 3644 re
1802 3591 1942 3648 visa.
1967 3608 2091 3647 ma-

452 3700 565 3757 gno
596 3690 757 3740 metu
802 3681 1285 3754 percellerentur.
1344 3682 1556 3737 Mansit
1609 3686 1808 3736 autem
1865 3697 2003 3737 arca
2032 3682 2093 3738 in

450 3774 626 3830 domo
652 3772 1024 3829 Aminadabi.
1051 3772 1222 3827 Prius
1235 3771 1473 3843 quidem
1496 3788 1565 3825 ea
1587 3771 1647 3825 in
1669 3772 1907 3826 domum
1929 3772 2093 3828 Osea)

362 3882 363 3891 η
445 3863 507 3919 in
528 3861 733 3918 urbem
756 3862 1268 3917 Bethschemesam
1296 3867 1675 3932 pervenerat;
1701 3860 1823 3932 qui,
1847 3861 2059 3931 quadri

440 3949 529 4021 gis
561 3950 763 4006 scissis
794 3956 853 4005 et
895 3950 1164 4006 accensis
1216 3964 1423 4003 vaccas
1469 3948 1591 4019 igni
1643 3947 1950 4017 impositas
1978 3949 2093 4003 Do-

444 4040 606 4094 mino
630 4040 749 4094 Deo
780 4037 1056 4094 adolevit.
1091 4040 1165 4093 At
1196 4053 1335 4092 vero
1386 4036 1492 4092 ﬁlii
1516 4036 1816 4093 Jechonim
1849 4054 1981 4092 cum
2016 4036 2090 4092 ad

441 4142 639 4183 arcam
659 4127 858 4182 minus
881 4126 1156 4196 religiose
1179 4124 1592 4191 accessissent,
1620 4125 1691 4179 70
1730 4125 1801 4179 de
1834 4125 1906 4179 iis
1937 4142 2090 4179 mor-

443 4217 527 4271 tui
562 4223 737 4280 sunt;
766 4222 935 4271 erant
966 4216 1127 4270 enim
1160 4213 1326 4285 impii
1359 4220 1415 4268 et
1445 4213 1729 4268 falsorum
1777 4214 2089 4268 numinum

443 4304 724 4371 cultores,
756 4304 911 4359 sicut
940 4310 998 4360 et
1018 4304 1286 4375 plerique
1319 4305 1356 4358 1
1378 4303 1473 4358 I0
1513 4318 1722 4357 omnes
1771 4303 2085 4358 Bethsche-

444 4391 673 4445 mesani
704 4391 858 4445 cives
885 4408 899 4457 ;
932 4398 1294 4462 quapropter
1313 4391 1491 4446 etiam
1513 4393 1580 4445 50
1611 4390 1800 4447 millia
1830 4391 2085 4448 virorum

442 4476 516 4533 de
548 4477 649 4533 illo
674 4479 892 4550 populo
915 4480 1241 4551 perierunt.
1268 4481 1471 4550 Itaque
1504 4480 1563 4535 hi
1595 4496 1791 4536 arcam
1822 4498 1858 4536 a
1883 4498 1944 4536 se
1975 4483 2084 4538 Ca-

2210 558 2465 628 ἆνατάξαι
2526 562 2602 625 εἷς
2659 561 2962 635 ἂνάμνησιν
3015 568 3123 619 τῶν
3199 562 3643 643 ἐντυγχανόντων
3698 572 3870 646 ταύτῃ

2211 653 2281 724 τῇ
2320 645 2523 725 βέϐλῳ.

2282 741 2343 798 Ὀ
2396 740 2659 803 Ἐλκανᾶς
2716 742 2807 796 καὶ
2871 743 3037 800 Ἀννα
3088 744 3177 798 καὶ
3238 746 3479 800 (baviva
3532 746 3589 801 αἶ
3617 754 3870 824 γυναῖκες

2213 830 2379 885 αὖτιιῦ
2437 831 2740 907 ἀνάρχοντο
2798 830 2849 887 iv
2911 833 3129 908 Σηλὼμ
3184 835 3327 890 Θῦειν
3385 837 3590 910 Κυρίῳ.
3644 838 3746 894 Καὶ
3796 838 3868 914 τῇ

2212 919 2378 993 ’Λννοῃ
2414 917 2514 974 οὒκ
2565 922 2632 990 ἦν
2688 922 2871 976 τέκιον
2956 923 3050 977 Καὶ
3104 922 3353 998 ᾐτήσατο
3411 925 3575 980 Ἀννα
3629 925 3869 983 κατωδῦ·

2209 1028 2313 1069 νίυς
2345 1009 2530 1081 Κ›ρὲῳ
2559 1013 2654 1064 τοῦ
2702 1009 2988 1085 ἀνοιγῆναι
3046 1012 3218 1077 αὐτῆς
3277 1015 3380 1083 τήν
3441 1017 3651 1090 μήτραν
3683 1017 3872 1073 καὶτὸ

2209 1098 2399 1172 τεχθὲν
2432 1095 2590 1153 δοτὸν
2621 1100 2868 1173 γενὲσθαι
2924 1100 3091 1172 αὐτῷ.
3145 1101 3239 1157 Καὶ
3273 1098 3422 1159 ἔτεκε
3448 1105 3542 1161 τὸν
3575 1107 3869 1178 Σαμουὴλ,

2211 1185 2303 1240 καὶ
2352 1190 2716 1264 προσήνεγκεν
2778 1188 2939 1244 αὐτὸν
3006 1191 3079 1260 τῇ
3161 1195 3334 1262 σκηνῇ
3387 1196 3489 1247 τοῦ
3546 1198 3702 1252 Θεοῦ.
3762 1194 3870 1253 Καὶ

2211 1273 2377 1330 πάλιν
2410 1273 2610 1346 ηὔξατο
2666 1274 2820 1334 Ἠλεὶ
2878 1277 3013 1353 ὁπὶρ
3069 1278 3240 1350 αὐτῆς
3301 1278 3529 1350 δοθῆναι
3577 1284 3717 1358 αὐτῇ
3748 1284 3869 1339 ἀντί

2215 1362 2482 1435 Σαμουῇλ
2529 1363 2707 1433 τέκνα,
2765 1366 2857 1421 καὶ
2914 1362 3090 1423 ἔτεκεν
3145 1367 3300 1432 υἱοὺς
3350 1376 3496 1444 τρεῖς
3526 1370 3616 1426 καὶ
3648 1373 3871 1446 θυγατέ.

2216 1471 2312 1528 ρας
2343 1450 2440 1508 δὸο
2496 1452 2761 1534 Ὀφνεὶδὶ
2790 1455 2877 1511 καὶ
2940 1458 3129 1519 Φινεὶς
3188 1458 3242 1514 οἱ
3298 1460 3409 1515 υἱοὶ
3468 1459 3621 1519 Ἠλεὶ
3675 1462 3773 1518 οὐκ
3808 1465 3864 1519 iv

2210 1547 2329 1602 ταῖς
2384 1542 2594 1607 ουσία-ς
2656 1545 2817 1615 μόνον
2876 1547 3267 1621 ἐξημάρτανον,
3325 1547 3473 1605 ἀλλᾶ
3528 1551 3615 1606 κατ
3661 1550 3864 1617 ὶνταῖς

2211 1650 2341 1706 γυνα
2366 1631 2445 1702 εἶν
2499 1630 2846 1709 ἐξεπὸρνιυον
2917 1641 3037 1699 ταῖς
3114 1638 3541 1710 παρεστηκυῖανς
3613 1638 3667 1696 iv
3745 1647 3870 1706 ταῖς

2213 1719 2415 1783 πύλαις
2469 1725 2564 1777 τοῦ
2617 1728 2749 1778 ναοῦ
2809 1725 3034 1797 Κυρίου.
3095 1727 3322 1800 Ἰστοριῖ
3372 1728 3613 1798 τοὲνυνή
3669 1731 3865 1803 πρώτη

2211 1811 2319 1861 τῶν
2392 1806 2685 1864 Βασιλειῶν
2740 1809 2988 1882 πόλεμον
3042 1818 3295 1881 συστῆναι
3346 1819 3465 1875 τοῖς
3519 1814 3869 1892 ἀλλοφύλοις

2208 1896 2345 1968 πρὸς
2407 1896 2500 1951 τὸν
2570 1896 2814 1972 Ἰσραήλ.
2879 1899 2977 1954 Καὶ
3034 1903 3360 1973 νιμτςσαντες
3430 1901 3482 1957 οἱ
3547 1902 3868 1978 ἀλλοᾳιλοι

2204 1982 2418 2055 αἶ’ρουσι
2482 1988 2582 2054 τὴν
2647 1982 2887 2044 κιϐωτὸν
2964 1993 3062 2044 τοῦ
3140 1990 3384 2066 Ἰσραήλ.
3463 1991 3561 2047 Καὶ
3626 1992 3864 2056 ἀκούσας

2204 2067 2354 2129 Ἠλεὶ
2416 2075 2443 2129 ὁ
2505 2075 2676 2149 ἱερεὺς
2736 2078 2913 2132 πεσὼν
2973 2078 3220 2142 ἀπέθανε.
3282 2082 3662 2158 ιιροσφέρουσι
3720 2080 3863 2138 Sic!

2202 2163 2514 2243 ἀλλόφυλοι
2543 2167 2645 2235 τήν
2675 2163 2915 2223 κιϐωτὸν
2943 2165 3118 2244 δῶρον
3168 2174 3250 2241 τῷ
3299 2175 3407 2243 0εῷ
3454 2170 3632 2226 αὐτῶν
3665 2173 3860 2247 Δαγὼν

2182 2249 2278 2311 .ε⁹’ς
2338 2253 2600 2321 Ἀζωτον,
2658 2256 2748 2309 καὶ
2808 2255 3026 2311 ἰστῶσιν
3086 2256 3253 2328 αὐτὴν
3320 2259 3469 2332 παρὰ
3524 2259 3652 2320 τους
3683 2258 3858 2323 πόδας

2200 2344 2297 2395 τοῦ
2352 2339 2608 2399 εἰδώλου.
2652 2346 2741 2401 Ἐν
2802 2341 2860 2399 δὲ
2920 2348 2988 2419 τῇ
3042 2347 3192 2401 νυκτί
3252 2347 3646 2410 πίπτειὸθεὸς
3673 2349 3852 2406 αὐτῶν

2202 2431 2411 2503 Δαγὼν,
2488 2432 2577 2486 καὶ
2645 2432 2990 2508 ὀρθρίσαντες
3054 2436 3209 2507 εὗρον
3303 2436 3464 2493 αὐτὸν
3530 2438 3856 2495 πεπτωκότα

2201 2515 2506 2591 ἔμπροσθεν
2567 2527 2666 2589 τῆς
2723 2518 2984 2579 κοϐωτοῦ.
3047 2524 3372 2596 Ἀνέστησαν
3424 2548 3484 2582 τε
3543 2526 3729 2591 αὐτὸν,
3758 2526 3856 2581 καὶ

2201 2612 2271 2681 τῇ
2314 2608 2470 2681 ἒτέρᾳ
2514 2610 2664 2664 νυκτὶ
2721 2611 2890 2668 πάλιι
2945 2608 3100 2668 ἔπεσε
3157 2615 3343 2692 Δαγὼν
3397 2614 3487 2670 καὶ
3546 2611 3858 2692 συνετρίϐη,

2199 2696 2291 2751 καὶ
2324 2697 2505 2753 mhi-ci
2558 2700 2588 2753 ὸ
2638 2700 2769 2761 ναὸς
2821 2702 2987 2756 αὐτοῦ
3020 2698 3306 2772 ἑσεϐἀςθη.
3339 2703 3444 2761 Καὶ
3475 2703 3865 2783 ἐπατάχθησαν

2203 2785 2255 2840 οἱ
2286 2784 2601 2864 ἁλλνῖφυλοι
2657 2788 2734 2850 εἰς
2784 2790 2881 2854 τας
2935 2785 3093 2867 ἔδρας
3149 2792 3327 2849 αὐτῶν
3373 2794 3462 2849 καὶ
3516 2793 3568 2848 οἱ
3617 2792 3670 2849 iv
3700 2794 3863 2849 παντὶ

2203 2875 2340 2947 ὁρίῳ
2393 2883 2494 2945 τῆς
2571 2877 2963 2942 ΙΙενταπόλεως
3048 2881 3317 2950 Ἀζώτου,
3403 2885 3598 2952 Γάζης,
3657 2883 3865 2940 ’Λσκά-

2204 2961 2401 3033 λωνος,
2434 2971 2469 3020 Γ
2473 2961 2557 3035 ὶϐ,
2617 2967 2918 3042 Ἀκκάρωνο
2972 2971 3064 3025 καὶ
3104 2969 3312 3047 ἐγένετο
3346 2971 3606 3047 σ·5γχυσις
3640 2970 3858 3047 μεγάλη

2200 3054 2428 3109 θανάτου
2457 3053 2509 3109 iv
2538 3054 2748 3125 αὐτοῖς,
2781 3059 2868 3113 καὶ
2910 3061 2945 3128 ἡ
2991 3066 3062 3133 γῆ
3097 3059 3275 3115 αὐτῶν
3305 3056 3552 3136 ἐξὲϐρνζε
3586 3064 3707 3133 μῦς.
3758 3060 3860 3115 Καὶ

2208 3143 2342 3214 μετὰ
2398 3143 2532 3199 ἑπτᾶ
2588 3152 2761 3215 μῆνας
2820 3149 2918 3220 (ὡς
2972 3144 3029 3203 δὲ
3087 3149 3376 3218 Ἰώσηπος,
3422 3156 3596 3222 μῆνας
3626 3146 3725 3204 δύο
3755 3150 3859 3222 μό-

2209 3250 2331 3291 νους
2354 3235 2463 3301 κ58ι
2486 3239 2714 3303 ποιῆσαι
2737 3236 2837 3302 τήν
2860 3230 3093 3291 κιϐωτὸν
3112 3238 3258 3313 παρα
3275 3243 3393 3301 τοῖς
3423 3235 3856 3312 ἀλλοφύλοις,ο“ί

2206 3320 2296 3373 καὶ
2358 3320 2704 3377 Παλαιστινοὶ
2756 3328 2844 3378 νῦν
2902 3322 3219 3393 καλοῦνται)
3276 3326 3575 3401 ἐξέπεμψαν
3632 3327 3730 3394 τήν
3776 3347 3864 3381 κι-

2209 3402 2385 3463 ϐωτὸν
2421 3412 2555 3483 μετᾶ
2586 3409 2777 3486 δώρων
2808 3412 2897 3469 καί
2929 3416 3151 3476 θυσιῶν,
3185 3415 3534 3487 ἐπιθήσαντες
3574 3416 3741 3484 αὖτὴν
3773 3414 3859 3489 ἐρ’

2207 3496 2415 3569 ἄμαξαν
2469 3503 2683 3571 καινὴν,
2744 3502 3015 3581 ζεῦξαντες
3098 3505 3228 3580 βόνς
3288 3502 3600 3567 ἐκλεκτοὺς,
3656 3503 3859 3560 ἀσκύλ-

2205 3587 2356 3657 τους,
2413 3590 2505 3644 καὶ
2562 3587 2795 3660 ηὔθυναν
2856 3591 2908 3648 οἱ
2967 3592 3089 3668 βόες
3147 3594 3238 3674 ἄρ’
3293 3592 3519 3651 ἑαυτῶν.
3555 3593 3655 3652 Καὶ
3689 3593 3859 3662 ἦλθεν

2206 3676 2511 3752 Ἰσραὴλεῖς
2541 3682 2734 3752 τιμήν.
2770 3678 2994 3742 Ἰδόντες
3026 3679 3084 3738 δὶ
3130 3682 3182 3737 οἱ
3229 3680 3545 3761 ἀλλόφυλοι
3576 3677 3856 3757 ἑψοϐᾐοη-

2204 3786 2296 3821 σαν
2330 3762 2498 3847 φόϐον
2531 3770 2722 3845 μέγαν,
2774 3771 2877 3829 Καὶ
2933 3769 3141 3843 ἔμεινεν
3198 3774 3234 3842 ἡ
3288 3767 3524 3835 κιϐωτὸς
3575 3772 3653 3834 εἰς
3702 3771 3857 3829 ὄχον

2204 3855 2521 3931 Ἀμιναδᾶμ
2568 3857 2660 3929 ἔτη
2719 3860 2790 3915 κ’.
2876 3861 2988 3934 Πρὸ
3064 3861 3261 3917 τούτου
3321 3858 3380 3917 δὶ
3429 3863 3759 3932 κατήντησεν
3816 3863 3855 3931 ἡ

2199 3942 2438 4008 κιϐωτὸς
2491 3945 2545 4002 iv
2606 3949 2909 4021 Βεθσαμοῖς
2964 3948 3041 4011 ελς
3095 3949 3247 4005 ονκον
3305 3950 3487 4018 Ὠσν,ὶ.
3519 3949 3579 4014 ὅς
3624 3954 3723 4005 τ’ἑν
3755 3950 3854 4023 μὲν

2201 4036 2407 4108 ἅμαξαν
2460 4032 2746 4111 διασχίσας
2831 4037 2922 4092 καὶ
2990 4037 3195 4112 ἀνάψας
3259 4037 3313 4094 iv
3379 4038 3536 4109 πυρὶ,
3609 4038 3737 4101 τοὺς
3795 4035 3857 4095 δὶ

2205 4123 2333 4197 βόας
2384 4123 2435 4180 ἒν
2503 4126 2643 4198 αὐτῇ
2704 4128 2998 4204 ἀνενεγκὼν
3054 4130 3391 4203 προσήνεγκε
3437 4129 3622 4183 θυσίαν
3667 4128 3853 4204 Κυρίῳ

2197 4217 2277 4285 τῷ
2308 4214 2443 4285 Θεῷ.
2495 4214 2561 4270 Ui
2612 4212 2670 4269 δὲ
2719 4216 2829 4271 υ⁹οὶ
2879 4218 3155 4292 ἰεχωνίου
3206 4219 3436 4289 ἀναξίως
3474 4221 3852 4295 προσήγγισαν

2196 4304 2265 4371 τῇ
2314 4299 2557 4373 κιϐωτῷ,
2608 4303 2698 4357 καὶ
2746 4303 3038 4362 ἀπώλοντο
3192 4307 3366 4361 αὐτῶν
3400 4326 3428 4360 ο
3473 4304 3683 4377 ἄνδρες,
3716 4305 3855 4361 οἳτι-

2197 4410 2283 4452 νες
2318 4391 2570 4466 ὑπῆρχον
2630 4388 2904 4456 δυσσεϐεῖς
2962 4394 3052 4449 καὶ
3112 4393 3534 4469 εἰδωλολάτραι,
3569 4393 3715 4451 ἀλλὰ
3760 4394 3853 4450 καὶ

2198 4477 2394 4555 σχεδὸν
2448 4481 2680 4544 ἅπαντες
2734 4482 2787 4537 οἰ
2836 4482 2890 4538 ἐν
2951 4486 3255 4559 Βεθσαμοῖς
3304 4482 3443 4540 ὥστε
3472 4484 3563 4539 καὶ
3596 4492 3852 4557 πνιγῆναι

438 4567 865 4623 riatiareimam
895 4568 1244 4635 dimittunt;
1278 4570 1450 4639 cujus
1495 4569 1652 4624 cives
1682 4585 1813 4627 eam
1861 4570 2088 4628 alacres

2202 4567 2256 4622 ἐκ
2308 4573 2406 4623 τοῖ’)
2466 4567 2603 4625 λαοῦ
2659 4569 2825 4627 αὐτοῦ
2885 4574 3219 4641 πεντήκοντα
3272 4570 3555 4647 χιλιάδας.
3594 4574 3764 4636 Αὖθις
3794 4572 3855 4631 δί

437 4662 821 4728 exceperunt.
854 4658 1035 4728 inque
1074 4657 1250 4713 domo
1282 4657 1632 4714 Aminadabi
1684 4659 1797 4714 sita
1841 4659 1899 4715 in
1933 4661 2086 4717 colle

432 4752 862 4819 reposuerunt;
894 4746 1354 4818 Eleazarumque
1387 4748 1435 4803 is
1468 4747 1657 4804 filium
1679 4765 1850 4804 suum
1877 4766 2082 4806 conse-

431 4836 634 4903 cravit,
666 4837 769 4908 qui
827 4852 1025 4893 arcam
1084 4836 1324 4893 foederis
1386 4836 1566 4892 divini
1601 4838 1942 4894 custodiret.
1994 4839 2077 4895 lbi

430 4944 566 4984 arca
584 4944 774 4984 annos
795 4931 864 4983 2O
882 4934 972 4984 est
991 4933 1373 4983 commorata.
1396 4929 1555 4983 Tunc
1586 4930 1841 5000 populus
1880 4929 2075 4986 denuo

430 5019 531 5075 Dei
553 5019 868 5092 prmceptis
889 5017 1375 5091 obtemperabat;
1404 5035 1552 5090 quos
1573 5018 1899 5090 Masipbam
1930 5038 2071 5076 con-

427 5114 663 5165 vocatos
686 5109 923 5166 Samuel
947 5109 1286 5164 exhortatus
1310 5112 1401 5164 est
1419 5108 1504 5163 uti
1529 5107 1847 5164 simulacra
1868 5110 2071 5166 omnia

428 5194 754 5254 abolerent.
786 5198 1046 5271 Ejusque
1068 5196 1316 5253 monitui
1341 5197 1595 5269 populus
1617 5197 2063 5269 obtemperavit.

2196 4655 2360 4712 πάλιν
2400 4659 2789 4731 ἀποπὲμπουσι
2833 4662 2922 4716 καὶ
2977 4661 3129 4717 οὗτοι
3185 4664 3267 4737 [Ρ.
3319 4664 3410 4737 62]
3461 4663 3563 4730 τήν
3611 4658 3851 4718 κιϐωτὸν

2193 4746 2270 4809 εἷς
2306 4748 2714 4823 Καριαθιαρείμ·
2761 4748 2817 4803 οἶ
2872 4747 2929 4805 δὲ
2981 4749 3033 4805 ἐν
3080 4750 3216 4826 αὐτῇ
3261 4750 3494 4827 ἄσμενοι
3524 4749 3849 4824 ἀπεδέξαντο

2187 4838 2287 4905 τήν
2327 4833 2582 4908 κιϐωτὸν,
2640 4838 2729 4894 καὶ
2786 4843 3118 4910 κατέστησαν
3181 4841 3351 4912 αὐτὴν
3409 4841 3485 4903 εἰς
3543 4843 3633 4897 τὸν
3691 4842 3849 4898 ο’κον

2186 4927 2501 5002 ’Λμιναδαμ
2548 4931 2642 4985 τὸν
2693 4929 2747 4986 ἑν
2784 4936 2865 5002 τῷ
2922 4932 3123 5006 βουνῷ,
3173 4932 3262 4986 καὶ
3310 4932 3529 5005 ἡγῖασεν
3582 4929 3847 5007 Ἐλεαζαρ

2182 5018 2274 5073 τὸν
2334 5018 2449 5072 υἱὸν
2504 5017 2668 5074 αὐτοῦ
2712 5018 3006 5095 φυλασσειν
3055 5021 3156 5089 τήν
3204 5015 3442 5075 κιϐωτὸν
3499 5027 3600 5091 τῆς
3658 5019 3847 5092 διαοή.

2179 5129 2281 5179 κης
2342 5107 2564 5183 Κυρίου.
2620 5110 2881 5180 ’Κποιησε
2929 5106 2990 5164 δὲ
3036 5110 3071 5180 ἡ
3120 5104 3357 5174 κιϐωτὸς
3414 5108 3588 5165 ἰκεῖσε
3643 5104 3740 5183 ἔκη
3773 5112 3844 5171 κ’.

2177 5197 2267 5253 καὶ
2328 5198 2356 5251 ὸ
2416 5195 2548 5261 λαὸς
2619 5199 2740 5271 ἄρτι
2818 5198 3083 5273 ἐπορεύθη
3160 5197 3379 5256 ὄπισθεν
3455 5198 3679 5274 Κυρίου.
3739 5196 3845 5257 Καὶ

1621 5319 1982 5375 XYLANDRI
2021 5321 2107 5376 ET
2155 5320 2368 5378 GOARI
2406 5321 2631 5377 NOTAE.

492 5437 615 5516 (58)_
638 5440 740 5516 Yet
768 5441 865 5516 hic
889 5442 1055 5501 locus
1087 5452 1177 5501 est
1205 5448 1545 5516 corruptus.
1576 5441 1733 5516 quod
1766 5449 1931 5512 puto.
1983 5444 2071 5516 vel

492 5462 607 5509 (ου)
648 5462 740 5495 vei
769 5462 865 5498 nic
893 5462 1055 5501 iocus
1087 5462 1177 5501 est.
1205 5462 1382 5501 corru
1431 5462 1545 5505 ius.
1576 5462 1733 5516 quon
1766 5462 1931 5512 puro,
1983 5462 2071 5500 vel

414 5510 660 5591 Iosephi
692 5512 902 5591 podex.
937 5516 1036 5586 qui
1068 5516 1102 5572 4
1134 5533 1368 5591 menses
1388 5462 1600 5578 liabet,
1623 5515 2071 5591 ποιήσασαπαρᾶ

416 5578 994 5664 τοῖςἸΙαλαιστινοίς
1066 5592 1236 5664 μῆνας
1275 5588 1555 5664 τέσσαρας·
1623 5578 2072 5664 Libenquide'in

413 5652 699 5713 Judicum
734 5657 1044 5730 perspicue
1066 5652 1259 5715 'habet
1292 5666 1347 5716 et
1379 5652 1603 5731 absque
1633 5658 1755 5714 ulla
1800 5652 2074 5716 lectionis

2179 5445 2463 5502 varietate
2495 5461 2732 5501 menses
2761 5451 2815 5511 Ἴ,
2847 5463 2897 5501 c.
2929 5464 2981 5501 vi
3011 5464 3024 5510 ;
3076 5445 3181 5503 sed
3222 5453 3281 5504 et
3311 5445 3422 5504 filii
3451 5446 3751 5502 Jechonim
3783 5445 3846 5500 in

2181 5517 2432 5573 historia
2465 5533 2583 5573 non
2642 5519 3068 5575 nominantur:
3133 5525 3359 5575 tantum
3421 5518 3642 5576 dicitur
3670 5518 3844 5573 Beth-

2184 5590 2569 5647 scbemenses
2599 5588 2802 5649 fuisse.
2838 5591 2972 5646 XrL.
