4148 6196
433 320 548 381 H3

1780 310 2102 374 GEORGII
2144 309 2493 373 CEDRENI

3730 313 3851 375 1M

434 448 580 504 Cum
609 460 746 501 vero
778 442 960 499 etiam
991 443 1249 514 amplius
1280 440 1522 497 Barbari
1553 441 1614 497 in
1637 440 1848 497 castris
1869 437 2091 495 tumul-

2206 432 2267 492 δὶ
2326 433 2501 512 ἱερεὺς
2557 434 2669 492 ἐκεῖ
2726 436 2927 516 Ἀχίας
2975 435 3231 507 Λευῖτης,
3289 433 3457 513 αἴρων
3515 433 3706 514 ἰφοὺδ,
3759 436 3855 494 καὶ

434 541 670 593 tuantes
702 538 909 590 mutuo
939 548 1069 587 sese
1098 529 1562 603 aggrederentur
1581 531 1743 601 (nam
1764 529 2005 587 advena
2027 533 2089 584 et

438 625 589 683 servi
622 623 722 696 qui
750 623 812 677 in
842 620 1233 677 Barbarorum
1264 620 1476 675 castris
1505 626 1693 683 erant.
1720 620 2000 676 adversus
2022 634 2086 673 se

437 716 691 772 invicem
723 712 954 767 infestis
981 710 1165 766 armis
1196 726 1320 766 rem
1353 710 1682 784 gerebant),
1716 708 1924 766 Saulus
1981 724 2084 763 sa-

437 802 660 860 cerdoti
683 801 867 872 jussit
895 804 961 854 ut
1002 814 1214 855 manus
1268 799 1669 873 compoderet,
1725 805 1905 871 atque
1960 799 2086 870 ipse

435 906 570 947 cum
601 888 896 944 sexcentis
920 888 1209 944 Barbaros
1226 887 1468 944 adortus
1488 893 1598 943 est.
1634 889 2091 960 Conjunxerunt

435 991 498 1030 se
529 990 664 1031 cum
696 990 766 1030 eo
797 975 977 1030 etiam
1012 974 1260 1042 Hebrwi,
1295 975 1399 1046 qui
1431 975 1491 1031 in
1524 974 1823 1047 speluncis
1844 980 1903 1030 et
1922 972 2089 1029 rimis

436 1066 730 1122 montium
760 1065 1046 1135 latebant,
1082 1066 1164 1121 ita
1192 1072 1258 1121 ut
1288 1066 1445 1122 circa
1474 1066 1720 1122 Saulum
1755 1072 1958 1122 essent
2013 1064 2088 1120 ad

436 1155 642 1211 decem
670 1154 931 1210 virorum
964 1153 1171 1209 millia.
1200 1154 1286 1209 lbi
1318 1160 1443 1210 tum
1471 1155 1681 1211 Saulus
1719 1155 2088 1228 ignoratione

437 1245 652 1301 ductus
681 1249 933 1300 mortem
964 1248 1196 1299 voverat
1227 1244 1301 1310 ei,
1344 1244 1687 1316 quicunque
1743 1244 1817 1300 de
1871 1243 2089 1316 populo

439 1334 637 1390 cibum
667 1332 832 1406 prius
861 1339 1156 1407 gustasset
1185 1349 1363 1405 quam
1389 1333 1591 1390 hostes
1623 1339 1826 1390 essent
1884 1332 2088 1389 deleti.

440 1425 463 1447 "
491 1423 700 1479 Omnis
730 1429 931 1479 autem
962 1430 1123 1479 terra
1150 1423 1500 1496 prandebat.
1558 1425 1721 1479 Tunc
1776 1423 1974 1479 evenit
2025 1428 2093 1478 ut

438 1512 721 1569 Jonathas
748 1511 924 1568 edicti
956 1512 1128 1568 istius
1158 1513 1401 1586 ignarus
1431 1511 1548 1570 mel
1579 1518 1871 1585 gustaret;
1911 1527 2090 1585 quem

440 1608 639 1659 tamen
671 1601 926 1675 populus
956 1600 1087 1657 neci
1120 1602 1360 1658 exemit.
1392 1604 1574 1658 Porro
1612 1602 1825 1659 Saulus
1880 1617 2091 1658 omnes

443 1691 731 1747 finitimas
786 1691 849 1745 in
901 1690 1111 1746 orbem
1166 1696 1373 1764 gentes
1429 1690 1765 1747 debellavit.
1834 1693 2090 1747 Rursum

444 1780 658 1837 deinde
718 1779 1029 1836 Samuelus
1086 1786 1244 1836 vates
1294 1780 1368 1836 ad
1418 1797 1553 1836 eum
1603 1780 1779 1846 venit,
1829 1794 1898 1835 ac
1929 1780 2090 1852 quod

445 1887 481 1927 a
538 1871 656 1926 Deo
714 1874 1025 1940 acceperat
1083 1868 1454 1937 mandatum,
1513 1868 1627 1941 ipsi
1696 1869 1937 1941 exponit
2019 1866 2092 1924 de

448 1960 857 2017 internecione
893 1959 1227 2016 excidenda
1274 1959 1529 2016 Amaleci
1582 1965 1776 2033 gente,
1832 1959 1915 2014 ita
1968 1958 2096 2030 qui-

449 2050 587 2107 dem
616 2056 685 2106 ut
714 2054 772 2106 et
801 2049 1076 2105 homines
1117 2054 1176 2103 et
1232 2065 1415 2120 pecus
1468 2047 1541 2104 ab
1600 2048 1855 2104 lactente
1906 2063 2095 2120 usque

444 2139 520 2196 ad
550 2155 757 2196 senem
793 2154 1022 2209 omnes,
1081 2137 1348 2209 adeoque
1406 2143 1595 2193 totum
1651 2137 1829 2192 etiam
1888 2136 2099 2193 mulie-

440 2227 546 2284 bre
575 2244 763 2301 genus
818 2244 953 2283 cum
1001 2226 1294 2299 jumentis
1353 2225 1726 2300 exstinguere
1783 2232 1844 2282 et
1895 2226 2099 2281 omnia

438 2319 710 2391 ipsorum
738 2316 1172 2389 impedimenta
1202 2316 1448 2387 perdere
1473 2315 1734 2388 juberet.
1766 2318 1958 2373 Causa
2005 2316 2097 2371 in-

439 2406 806 2463 ternecionis
837 2406 1183 2462 Amalecitis
1212 2404 1345 2463 fuit.
1379 2405 1538 2476 quod
1583 2420 1654 2461 ex
1706 2407 1950 2478 AZgypto
2008 2421 2099 2460 as-

432 2496 796 2552 cendentem
830 2494 1172 2550 lsraelicum
1204 2494 1492 2566 populum
1550 2493 1862 2550 maleﬁciis
1922 2493 2098 2550 infes-

436 2590 683 2642 tassent.
743 2583 957 2640 Saulus
1020 2600 1157 2639 vero
1207 2583 1515 2639 victoriam
1574 2582 1814 2654 quidem
1883 2582 2096 2639 deletis

437 2674 701 2731 Amaleci
731 2673 924 2745 copiis
949 2672 1229 2737 obtinuit,
1262 2671 1409 2727 caedi
1441 2677 1642 2728 tamen
1680 2674 1943 2745 Agagum
2001 2688 2094 2728 re-

435 2777 569 2835 gem
600 2761 840 2827 exemit,
873 2776 944 2816 ac
974 2759 1227 2831 populus
1248 2760 1428 2815 etiam
1452 2758 1524 2814 de
1546 2758 1842 2830 gregibus,
1864 2774 2097 2815 armen-

440 2853 514 2908 tis
557 2849 1123 2924 impedimentisque
1175 2848 1435 2903 hostium
1499 2863 1774 2921 magnam
1832 2847 2094 2919 prmdam

440 2942 578 3015 egit.
608 2941 758 2996 Ecce
788 2944 989 2995 autem
1040 2936 1351 2993 Samuelus
1408 2935 1482 2991 ad
1537 2935 1782 2991 Saulum
1840 2936 2094 3008 Galgalis

439 3035 712 3103 agentem
736 3027 1071 3092 revertitur,
1084 3026 1380 3097 jussuque
1404 3024 1504 3080 Dei
1525 3024 1580 3079 ei
1598 3023 1821 3080 indicat
1858 3025 1983 3081 fore
2030 3030 2095 3081 ut

440 3135 622 3193 regno
652 3117 884 3174 excidat
915 3117 1064 3172 na
1097 3115 1331 3179 Saulus,
1364 3113 1770 3185 populumque
1801 3113 1884 3169 ita
1915 3113 1988 3169 ab
2022 3130 2091 3170 eo

2195 526 2347 582 εἶπεν
2383 524 2533 598 αύτῷ
2570 523 2752 581 Σαοὺλ
2812 525 3153 601 ἐπερωτῆσαι
3182 523 3236 581 ἦν
3269 525 3481 601 Κυρίῳ.
3511 527 3602 590 Ὠς
3660 523 3720 583 δὶ
3771 522 3856 586 ἔτι

2193 616 2281 671 καὶ
2320 614 2538 689 μᾶλλον
2590 615 2944 671 συνεκόπτετο
2973 618 3009 685 ἠ
3036 610 3375 691 παρεμϐολὴ
3435 620 3544 671 τῶν
3602 614 3857 696 ἀλλοφύ-

2196 702 2308 760 λων
2345 703 2431 781 ὑφ’
2480 704 2684 760 ἑαυτῶν
2746 702 3132 778 (ἐπανέστησαν
3163 704 3265 780 γὰρ
3318 705 3371 760 ol
3426 703 3708 778 ἐπίμικτοι
3760 706 3852 761 καὶ

2197 793 2387 852 δοῦλοι
2448 797 2501 852 ol
2553 798 2690 870 μετὰ
2743 801 2852 852 τῶν
2895 795 3232 877 ἀλλοφύλων
3296 799 3415 853 καθ’
3473 799 3701 867 ἑαυτῶν,
3758 800 3853 854 καὶ

2197 884 2500 941 ἰπάτασσον
2554 886 2758 947 αύτούς
2817 883 3100 961 ῥομφαίας
3154 887 3292 961 [60],
3350 887 3471 943 εἶπε
3541 885 3722 943 Σαοὺλ
3769 886 3851 960 τῷ

2198 975 2364 1049 ’Λχίᾳ
2400 974 2679 1031 συστεῖλαι
2717 975 2814 1040 τὰς
2870 979 3064 1051 χεῖρας
3094 977 3231 1049 (61),
3290 976 3381 1031 καὶ
3436 973 3654 1033 ἐπέθετο
3686 976 3852 1040 αὐτὸς

2196 1069 2316 1127 τοῖς
2341 1062 2683 1143 ἀλλοφύλοις
2703 1063 2796 1120 σὺν
2820 1070 2938 1128 τοῖς
2965 1066 3289 1136 ἑξακοσίοις.
3305 1063 3575 1139 Ἐξῆλθον
3597 1064 3654 1122 δὲ
3682 1065 3772 1123 καὶ
3794 1064 3850 1121 οἰ

2199 1151 2252 1208 ἰν
2283 1158 2399 1216 τοῖς
2440 1152 2742 1224 σπηλαίοις
2793 1154 2885 1209 καὶ
2942 1159 3063 1218 ταῖς
3121 1155 3282 1217 ὀπαῖς
3336 1156 3709 1232 κρυπτόμενοι
3736 1160 3848 1212 τῶν

2199 1236 2491 1315 Ἐϐραίων,
2522 1242 2612 1299 καί
2640 1240 2889 1319 γεγόνασι
2924 1244 3058 1317 μετά
3087 1241 3272 1300 Σαοὺλ
3321 1242 3451 1300 ὡσεὶ
3477 1241 3729 1318 χιλιάδες
3762 1242 3853 1300 δὲ-

2198 1350 2288 1388 κα.
2318 1331 2458 1388 Τότε
2484 1331 2754 1408 ἠγνόησεν
2809 1327 3026 1407 ἄγνοιαν
3076 1331 3281 1403 Σαοὺλ,
3338 1330 3428 1388 καί
3486 1332 3729 1407 ἠράσατο
3771 1335 3850 1407 μή

2200 1421 2601 1497 ἀπογεύσασθαι
2628 1421 2888 1498 βρώσεως
2910 1423 3004 1479 τὸν
3037 1420 3172 1479 λαὸν
3225 1418 3333 1485 ’ἕως
3391 1422 3691 1479 συντελεσει
3719 1423 3851 1484 τοὺς

2200 1509 2433 1586 ἐχθροὺς
2485 1511 2673 1568 αὐτοῦ.
2724 1515 2876 1568 Πᾶσα
2933 1508 2990 1567 δὲ
3042 1514 3080 1581 ἡ
3137 1518 3204 1587 γῆ
3265 1510 3461 1586 ἠρίστα
3520 1515 3652 1584 (62).
3711 1512 3856 1570 Εἶτα

2200 1594 2484 1673 συμϐαίνει
2512 1599 2580 1656 τὰ
2610 1599 2736 1676 περὶ
2782 1600 3028 1658 Ἰωνάθαν
3063 1598 3115 1655 ἐν
3172 1601 3244 1672 τῇ
3292 1598 3345 1655 ὲν
3404 1599 3590 1677 ἀγνοίᾳ
3649 1600 3854 1677 βρώσει

2198 1694 2295 1744 τοῦ
2330 1687 2575 1762 μέλιτος.
2603 1690 2922 1767 Ἐεαιρεῖται
2953 1688 3010 1746 ὃὶ
3040 1689 3204 1745 αὐτὸν
3233 1689 3263 1746 6
3295 1688 3428 1752 λαὸς
3458 1694 3554 1745 τοῦ
3594 1691 3851 1755 θανάτου.

2205 1779 2305 1837 Καὶ
2335 1778 2518 1835 Σαοὺλ
2552 1778 2968 1854 κατεπολέμησε
3022 1780 3196 1835 πάντα
3249 1779 3317 1834 τὰ
3364 1773 3489 1851 ἔθνη
3541 1779 3612 1836 τά
3660 1779 3852 1855 κύκλῳ

2199 1867 2386 1935 αὐτοῦ,
2418 1866 2627 1944 ἰσχύων
2676 1869 2794 1925 κατ’
2843 1867 3044 1926 αὐτῶν.
3106 1867 3277 1923 Πάλιν
3309 1865 3366 1923 δὲ
3392 1863 3680 1945 ἀνέρχεται
3708 1869 3849 1944 πρὸς

2201 1958 2363 2013 αὐτὸν
2424 1956 2693 2032 Σαμουήλ
2734 1958 3105 2037 ὁπροφήτης,
3163 1956 3254 2013 καὶ
3340 1955 3489 2033 λέγει
3542 1957 3692 2031 αύτῷ
3745 1959 3847 2028 τὴν

2200 2046 2477 2102 ἀπώλειαν
2537 2046 2814 2120 Ἀμαληκ,
2870 2047 2961 2102 καὶ
3018 2044 3238 2102 δίδωσιν
3298 2044 3447 2120 αύτῷ
3501 2044 3756 2117 ἐντολὴν,
3784 2046 3851 2116 ἦν

2200 2131 2393 2192 ἔλαϐεν
2451 2135 2511 2192 ἐκ
2565 2140 2721 2203 Θεοῦ,
2764 2140 2862 2192 τοῦ
2949 2147 3026 2210 μὴ
3078 2138 3538 2213 περιποιήσασθαι
3578 2134 3630 2208 ἐξ
3683 2135 3851 2192 αὐτοῦ

2200 2223 2307 2279 ἀπὸ
2353 2223 2640 2301 ἀνθρώπου
2687 2221 2792 2288 ἓως
2824 2227 3078 2296 κτήνους,
3111 2224 3218 2281 ἀπὸ
3276 2223 3476 2296 νηπίου
3534 2225 3624 2280 καὶ
3680 2223 3858 2296 θηλά-

2201 2319 2385 2384 ζοντος
2411 2311 2517 2377 ἶως
2546 2310 2876 2390 πρεσϐύτου,
2905 2313 3054 2371 ἀλλά
3099 2314 3189 2369 καὶ
3245 2313 3378 2369 αὐτὸ
3408 2312 3539 2369 ὅλον
3592 2312 3656 2370 τὸ
3708 2310 3855 2383 θῆλυ

2200 2394 2357 2470 γένος
2389 2392 2578 2450 ὀλέσαι
2607 2396 2700 2450 καὶ
2749 2397 2924 2450 πάντα
2951 2394 3018 2450 τὰ
3063 2396 3237 2466 κτήνη
3269 2394 3469 2463 αὐτῶν,
3526 2393 3617 2449 καὶ
3673 2398 3848 2450 πᾶσαν

2198 2484 2297 2554 τήν
2330 2483 2638 2553 ἀποσκευὴν
2693 2484 2873 2540 αὐτῶν
2913 2481 3244 2562 διαφθεῖραι,
3304 2481 3388 2538 ὅτι
3447 2484 3588 2539 κακά
3647 2479 3848 2538 ἐνεδεί-

2200 2573 2357 2646 ξαντο
2387 2579 2504 2639 τοῖς
2533 2575 2675 2637 υἰοις
2707 2571 2928 2651 Ἰσραὴλ
2980 2572 3031 2629 ἰν
3081 2576 3151 2648 τῇ
3212 2572 3263 2643 ἐξ
3320 2572 3598 2648 Αἰγύπτου
3650 2570 3851 2628 ἰπανό-

2201 2659 2302 2735 ὂῳ.
2337 2661 2519 2719 Σαοὺλ
2552 2661 2610 2720 δὶ
2637 2667 2737 2730 τῆς
2772 2664 2864 2736 μὶν
2916 2662 3073 2734 νίκης
3121 2661 3397 2739 ἐπιτυχών
3453 2661 3545 2718 καὶ
3594 2661 3851 2737 ἐκτρίψας

2198 2751 2292 2807 τὸν
2362 2750 2621 2826 ’Λμολήκ
2703 2754 3131 2830 περιεποιήσατο
3215 2753 3396 2828 ’Δγαγ
3468 2750 3560 2807 τὸν
3621 2750 3851 2828 βασιλέα

2198 2851 2403 2921 αὐτῶν,
2433 2852 2462 2906 6
2495 2847 2553 2908 δὶ
2584 2851 2716 2914 λαὸς
2744 2848 3012 2927 διήρπασε
3055 2850 3284 2924 ποῖμνια
3337 2848 3429 2905 καὶ
3463 2848 3730 2925 βουκόλια
3758 2850 3851 2904 καὶ

2201 2939 2508 3008 ἀποσκευήν
2564 2941 2776 3012 ἱκανή.
2835 2939 2937 2998 Καὶ
2992 2936 3112 2995 ἰδοὺ
3168 2937 3522 3016 παραγίνεται
3579 2937 3849 3014 Σαμουὴλ

2198 3026 2250 3082 ἐν
2286 3026 2616 3103 Γαλγάλοις,
2649 3026 2737 3083 καί
2794 3027 2945 3105 λέγει
2988 3029 3126 3104 πρὸς
3182 3025 3363 3084 Σαοὺλ
3416 3026 3449 3082 ἃ
3506 3025 3652 3083 εἶπεν
3706 3026 3854 3100 αύτῷ

2205 3117 2233 3171 6
2292 3117 2446 3187 Θεὸς,
2502 3118 2601 3187 τὴν
2657 3138 2713 3174 τε
2775 3124 2877 3189 τῆς
2958 3117 3239 3193 βασιλείας
3322 3111 3559 3172 ἔκπωσιν
3604 3116 3694 3171 καὶ
3750 3117 3854 3185 τήν

440 3208 758 3279 abruptum
788 3206 862 3261 iri
888 3203 1186 3277 quomodo
1219 3220 1323 3259 rex
1347 3202 1627 3258 laciniam
1681 3201 1753 3258 de
1796 3202 1953 3259 liena
1991 3204 2091 3260 Sa-

2204 3204 2467 3282 διαίρεσιν
2498 3212 2597 3264 τοῦ
2654 3207 2811 3280 λαοῦ,
2845 3209 2906 3271 ’ὀς
2939 3210 2983 3246 ¹³
3012 3204 3261 3284 διιίῤῥηξε
3312 3207 3376 3262 τὸ
3428 3206 3723 3283 πτερύγιον
3752 3212 3858 3276 τῆς

441 3296 624 3354 mueli
655 3294 1015 3367 abrupisset.
1048 3295 1118 3347 Et
1147 3291 1457 3347 Samuelus
1487 3308 1521 3348 a
1550 3308 1686 3364 rege
1718 3292 1800 3348 ita
1855 3298 2094 3349 coactus

442 3402 563 3441 una
591 3400 727 3442 cum
761 3399 829 3439 eo
858 3381 1120 3448 revertit,
1149 3383 1532 3453 Agagumque
1560 3397 1760 3453 regem
1784 3398 1887 3437 sua
1914 3398 2096 3438 manu

442 3479 603 3528 vates
624 3471 938 3545 jugulavit.
972 3471 1104 3526 Haec
1134 3469 1319 3525 divini
1363 3468 1624 3525 mandati
1684 3470 1977 3541 neglectio
2012 3471 2096 3528 ita

443 3562 628 3617 Deum
660 3558 910 3616 offendit
933 3564 995 3615 ut
1016 3559 1292 3615 Samuelo
1315 3557 1560 3624 diceret,
1580 3559 1738 3630 quod
1761 3559 2096 3617 inunxisset

441 3666 625 3724 regno
652 3648 917 3713 Saulum,
951 3649 1087 3722 ejus
1116 3664 1178 3703 se
1208 3648 1518 3720 plenitere,
1549 3646 1787 3719 quando
1844 3649 1897 3706 is
1951 3666 1986 3705 a
2029 3666 2093 3707 se

443 3740 759 3798 defecisset
784 3756 854 3795 ac
883 3738 1165 3796 mandata
1192 3754 1302 3794 sua
1333 3737 1796 3810 posthabuisset.
1829 3742 1912 3795 Ac
1958 3756 2092 3797 cum

444 3830 655 3887 Saulus
711 3845 747 3885 a
801 3828 1076 3885 Samuelo
1132 3827 1313 3899 hujus
1368 3828 1873 3899 prasvaricationis
1914 3846 2095 3887 causa

442 3923 696 3997 graviter
724 3922 1071 3994 objurgatus
1097 3918 1303 3992 populi
1320 3919 1557 3992 culpam
1580 3921 1963 3994 studiumque
1986 3940 2093 3995 pe-

444 4013 626 4070 cudes
682 4014 802 4069 Deo
861 4009 1234 4068 sacrificandi
1296 4018 1664 4077 causaretur,
1698 4032 1727 4062 «
1780 4013 2030 4070 Putasne
2060 4034 2091 4065 »

444 4102 641 4173 inquit
667 4105 827 4157 vates
854 4100 923 4169 ³³,
959 4098 1188 4154 hostias
1218 4115 1289 4155 ac
1317 4099 1611 4154 sacrificia
1640 4101 1760 4155 Deo
1802 4105 1921 4156 tam
1953 4118 2089 4173 pro-

441 4189 570 4245 bari
602 4205 781 4261 quam
813 4186 970 4243 dicto
1001 4188 1132 4259 ejus
1156 4185 1499 4242 audientem
1530 4203 1660 4243 esse
1682 4187 1711 4243 ?
1748 4187 1833 4244 sic
1890 4188 2041 4245 habe
2074 4206 2089 4245 :

440 4283 683 4349 praestat
704 4275 1045 4332 obedientia
1066 4275 1380 4342 sacriﬁcio,
1400 4280 1459 4330 et
1480 4274 1910 4348 obtemperatio
1930 4278 2090 4351 adipi

440 4365 707 4421 arietino.
728 4365 946 4421 Contra
962 4368 1269 4436 peccatum
1290 4363 1535 4437 magiam
1551 4365 1957 4437 superstitioni
1984 4383 2093 4439 par

442 4458 535 4510 est
563 4452 991 4519 inobedientia,
1024 4468 1381 4526 poenamque
1412 4469 1547 4509 cum
1578 4453 1774 4510 cultus
1802 4455 1937 4511 falsi
1978 4472 2092 4511 nu-

441 4544 621 4602 minis
675 4542 967 4618 supplicio
1022 4542 1298 4599 eamdem
1354 4542 1651 4601 conciliat.
1702 4546 1787 4600 'l‘u
1817 4547 1957 4617 quia
1986 4546 2089 4602 Dei

440 4632 789 4690 mandatum
819 4650 926 4705 pro
954 4633 1145 4690 nihilo
1176 4633 1459 4703 habuisti,
1491 4634 1694 4706 itaque
1722 4636 1873 4691 Deus
1909 4637 2089 4692 etiam

442 4727 499 4780 te
530 4722 703 4778 nihili
732 4722 931 4793 faciet,
962 4738 1267 4797 regnoque
1292 4722 1571 4780 Israelico
1601 4722 1875 4796 privabit.
1910 4746 1939 4776 »
1990 4727 2090 4782 llis

441 4812 615 4870 dictis
645 4828 681 4868 a
708 4828 844 4885 rege
872 4812 1168 4878 discessit,
1201 4829 1396 4885 neque
1427 4812 1481 4868 ei
1538 4829 1714 4885 porro
1764 4829 1826 4870 se
1883 4812 2089 4870 viden-

440 4900 583 4958 dum
615 4900 886 4974 prmbuit.
920 4900 1082 4957 Idem
1113 4906 1272 4958 vates
1302 4901 1405 4957 Dei
1451 4901 1629 4973 jussu
1686 4901 2092 4960 Bethleemam

509 4988 557 5024 ³²
586 4989 606 5045 l
639 4990 775 5064 Reg.
804 5005 898 5060 xv,
926 4992 1018 5057 22,
1048 4990 1139 5047 23.

2122 4569 2168 4633 ι)
2197 4547 2360 4602 πόνον
2408 4544 2647 4624 θεραφίμ
2726 4544 3044 4633 ἱπάγουσιν.

2205 3295 2493 3361 ὂιπλοίδος
2549 3298 2741 3355 αὐτοῦ.
2800 3290 3199 3373 Παραϐιᾶζεται
3257 3294 3314 3352 δὲ
3367 3295 3551 3352 Σαοὺλ
3588 3295 3681 3352 τὸν
3737 3302 3856 3351 Σα-

2205 3386 2396 3459 μουὴλ
2425 3387 2760 3462 ὑποστρέψαι
2792 3388 2911 3460 μετ’
2977 3386 3172 3452 αὑτοῦ,
3232 3385 3322 3441 καὶ
3380 3384 3569 3461 χερσῖν
3617 3380 3785 3447 ἰδίαις
3816 3384 3846 3439 6

2200 3478 2496 3554 προφήτης
2534 3476 2831 3555 ἀποσφαζει
2889 3478 3069 3551 ’Ἂγαγ
3126 3475 3215 3531 τὸν
3278 3472 3507 3550 βασιλέα
3571 3472 3851 3547 Ἀμαλήκ.

2201 3566 2299 3623 Διά
2325 3565 2525 3637 ταύτην
2565 3566 2665 3635 τήν
2718 3567 2998 3641 παρακοήν
3028 3563 3211 3620 Σαοῦλ
3250 3566 3398 3619 εἶπεν
3456 3564 3486 3619 6
3534 3563 3666 3627 Θεὸς
3713 3563 3853 3637 πρὸς

2203 3654 2490 3729 Σαμουήλ’
2527 3679 2556 3707 ‹‹
2591 3652 3071 3729 Μεταμεμέλημαι
3128 3654 3210 3709 ὅτι
3253 3653 3461 3729 ’ὲχρτσα
3509 3653 3601 3707 τὸν
3662 3651 3848 3708 Σαοὺλ

2200 3744 2278 3802 εἰς
2312 3741 2561 3820 βασιλέα,
2593 3740 2733 3799 διότι
2763 3743 2968 3815 ἀπέστη
3009 3742 3116 3798 ἀπὸ
3169 3739 3388 3797 ὄπισθέν
3456 3760 3563 3815 μου
3618 3741 3709 3796 καὶ
3750 3740 3851 3796 ούκ

2201 3831 2430 3911 ἐφύλαξε
2458 3832 2525 3889 τὰ
2555 3831 2776 3908 ῥήματᾶ
2809 3852 2936 3906 μου.
2974 3856 3001 3882 ι»
3050 3828 3246 3887 Πολλὰ
3296 3827 3355 3885 δι
3381 3827 3728 3886 κατωνείδισε
3755 3830 3849 3885 τὸν

2201 3922 2385 3980 Σαοὺλ
2410 3922 2678 3996 Σαμουὴλ
2736 3919 2823 3977 ἰπὶ
2881 3923 2951 3995 τῇ
3000 3923 3249 3996 παρακοῇ
3305 3919 3493 3994 ταύτῃ.
3544 3919 3607 3978 Ὁ
3645 3915 3702 3975 δὶ
3744 3920 3846 3988 τήν

2198 4014 2370 4071 αἰτίαν
2417 4014 2504 4070 ἐπὶ
2534 4015 2627 4070 τὸν
2652 4011 2785 4069 λαὸν
2815 4012 2905 4068 καὶ
2949 4014 3031 4087 [Ρ.
3065 4013 3155 4086 64]
3184 4014 3282 4068 τοῦ
3338 4012 3495 4066 οὖσαι
3555 4012 3622 4066 τὰ
3678 4007 3847 4087 τρέμ-

2201 4124 2342 4177 ματα
2378 4108 2459 4176 τῷ
2516 4107 2634 4176 θεῷ
2693 4103 2995 4176 ἐπήνεγκε.
3058 4101 3158 4158 Καὶ
3220 4100 3340 4157 εἶπε
3388 4098 3653 4176 Σαμουὴλ
3710 4099 3851 4175 πρὸς

2200 4191 2406 4249 Σαούλ·
2441 4216 2471 4245 ‹‹
2504 4192 2570 4249 El
2612 4190 2843 4262 θελητὸν
2902 4196 2982 4264 τῷ
3039 4197 3221 4266 Κυριῳ
3272 4189 3711 4263 ὁλοκαυτώματα
3757 4200 3850 4256 καὶ

2196 4283 2377 4337 θυσίαι
2403 4282 2479 4345 ὡς
2536 4283 2600 4338 τὸ
2658 4280 2884 4337 ἀκοῦσαι
2940 4287 3127 4357 φωνῆς
3186 4280 3438 4354 Κυρίου;
3502 4275 3650 4335 Ἰδοὺ
3709 4277 3849 4346 ἆκοή

2198 4371 2334 4446 ὑπὲρ
2389 4369 2570 4436 θυσίαν
2618 4369 2819 4445 ἀγαθὴ,
2877 4369 2966 4424 καὶ
3010 4371 3046 4440 ἡ
3100 4367 3428 4442 ἐπακρόασις
3497 4366 3631 4442 ὑπὲρ
3689 4366 3847 4440 στὲαρ

2195 4462 2384 4533 κριῶν.
2440 4458 2557 4512 Ὀτι
2615 4455 2858 4531 ἁμαρτία
2928 4454 3201 4528 οἰώνισμά
3282 4453 3398 4510 ἐστι
3435 4500 3450 4525 ,
3505 4449 3701 4522 ὀδόνην
3756 4453 3848 4507 καὶ

3133 4546 3255 4602 Ὀτι
3336 4542 3696 4613 ἰξουοένωσας
3782 4542 3847 4598 τὸ

2201 4635 2352 4711 ῥῆμα
2382 4633 2610 4707 Κυρίου,
2640 4634 2732 4689 καὶ
2790 4632 3132 4706 ἑξουθενώσει
3190 4652 3248 4688 σε
3300 4633 3524 4706 Κύριος,
3578 4632 3656 4706 μὴ
3706 4633 3846 4686 εἶναι

2204 4722 2548 4801 βασιλὲαέπί
2591 4722 2835 4799 Ἰσραήλ.
2870 4748 2900 4777 ››
2967 4723 3072 4781 Kal
3129 4721 3334 4794 ἀπέστη
3394 4722 3485 4777 ἀπ’
3542 4721 3709 4776 αὐτοῦ
3740 4726 3849 4775 Σα-

2205 4808 2413 4884 μουὴλ,
2444 4811 2535 4867 καὶ
2568 4808 2702 4867 εἶδεν
2743 4810 2906 4869 αὐτὸν
2960 4809 3161 4869 ούκὲτι.
3223 4811 3424 4886 Γνώμη
3457 4806 3515 4866 δὲ
3560 4812 3698 4865 Θεοῦ
3749 4829 3849 4865 κα-

2201 4899 2614 4974 τακολουθήσας
2673 4898 2905 4976 Σαμοὴλ
2992 4897 3199 4957 ἄπεισιν
3288 4900 3365 4964 εἰς
3424 4898 3704 4973 Βηθλεὶμ,
3755 4898 3850 4955 καὶ

1670 5060 2031 5119 XYLANDRI
2072 5064 2160 5119 ET
2197 5064 2415 5122 GOARI
2454 5064 2672 5121 NOT/E.

511 5165 622 5236 (60)
656 5167 1102 5240 Degthomphaea
1132 5167 1394 5240 disputat
1418 5166 1721 5222 Cedrenus
1762 5167 1939 5240 paulo
1998 5171 2091 5226 in—

439 5232 550 5306 fra,
585 5232 700 5306 quo
732 5238 861 5295 loco
892 5232 1103 5296 heroas
1136 5232 1438 5295 Davidicos
1467 5232 1926 5295 recensethvL.

514 5305 626 5387 (61)
646 5309 848 5387 ,Μαηιιε
878 5308 1508 5387 componeretﬁeliqui
1546 5307 1976 5387 Hebraismum,
2007 5329 2084 5370 ne

441 5375 801 5457 cui__v_iderer
836 5375 1652 5457 audaculus.__Sensu's_est:
1711 5382 1894 5457 Iussit
1948 5375 2085 5441 eum

441 5451 715 5524 omittere
744 5466 896 5524 arcae
926 5459 987 5507 et
1015 5451 1229 5524 ephodi
1265 5452 1698 5513 tractationem.
1724 5455 2085 5514 vaticinandi

440 5519 1166 5597 causainstitulamtcum
1189 5526 1315 5593 jam
1349 5524 1427 5597 de
1453 5530 1665 5581 eventu
1703 5541 1917 5597 pugnas
1976 5529 2084 5585 du-

442 5589 749 5648 bitandum
780 5608 899 5650 non
934 5589 1225 5651 videretur
1252 5595 1529 5668 amplius.
1564 5599 1702 5652 ΧΠ..

2265 5172 2376 5243 (62)
2407 5170 3071 5244 Asteriscu_m_apposu_i
3103 5187 3210 5227 oco
3252 5176 3312 5226 et
3358 5185 3539 5244 pravo
3596 5174 3659 5225 et
3708 5183 3844 5244 mu-

2192 5239 2318 5300 tilo.
2357 5239 2661 5298 'Hebraica
2708 5239 2928 5296 habent
2964 5241 3304 5298 universam
3335 5239 3394 5298 εἰ
3448 5258 3516 5298 ex
3565 5239 3848 5297 omnibus

2192 5315 2333 5370 hinc
2363 5313 2501 5369 inde
2531 5312 2797 5385 partibus
2828 5311 3139 5385 collectam
3171 5312 3245 5369 ad
3286 5311 3848 5385 Saulum_mult_itu-

2193 5386 2391 5457 dinem
2424 5382 2677 5440 intrasse
2706 5383 2935 5447 silvam,
2967 5384 3030 5439 in
3058 5401 3179 5457 qua
3202 5386 3323 5441 mel
3346 5401 3452 5457 per
3469 5383 3667 5457 solum
3698 5382 3848 5457 {lue—

2192 5456 2385 5528 bat.A
2415 5473 2532 5528 quo
2582 5462 2781 5528 tamen
2832 5472 3043 5511 omnes
3077 5453 3163 5513 ob
3205 5453 3403 5514 votum
3458 5456 3614 5528 regis
3659 5453 3849 5511 absti-

2194 5526 2458 5656 nqegitiét,
2462 5527 2730 5656 1ἓξιιῳιβ
2757 5527 3034 5600 Jonatha,
3067 5530 3169 5601 qui
3201 5530 3331 5601 ejus
3379 5526 3605 5585 inscius
3644 5532 3853 5601 gusta-

2198 5616 2247 5656 ri
2282 5641 2297 5656 .
2415 5641 2429 5656 .
2585 5641 2598 5654 .

2198 5614 2297 5671 rit,
2316 5614 2429 5657 etc.
2462 5614 2598 5656 an.
