4156 6188
296 320 421 379 “5

1450 315 2000 383 HISTORIARUM
2045 316 2603 384 COMPENDIUM.

3619 270 3735 392 ιιιὲ

295 453 422 508 ὶκεῖ
446 446 637 526 ἔχρισε
684 450 778 507 τὸν
831 446 1027 526 ὄγδοον
1084 451 1201 507 υἱὸν
1261 451 1459 509 Ἰεσσαὶ
1500 448 1668 507 Δαϐὶδ
1700 452 1774 514 εἷς
1807 453 1950 527 βασι-

2078 449 2244 519 abiit,
2304 451 2506 523 ibique
2565 454 2850 511 Davidum
2915 458 3095 513 Jessm
3152 459 3343 517 filium
3387 467 3532 518 natu
3573 471 3732 520 octa-

309 542 559 612 λέα,καὶ
620 539 830 599 δίδοται
889 545 1101 616 πνεῦμα
1158 547 1312 599 Θεοῦ.
1372 543 1480 600 Καὶ
1546 544 1670 599 τότε
1727 540 1963 611 ἐπῆλθεν

304 634 397 690 ἐπὶ
433 630 615 687 Σαοὺλ
649 637 865 705 πνεῦμα
919 633 1182 708 πονηρὸν,
1240 632 1332 688 καὶ
1383 628 1598 710 ἔπνιγεν
1646 630 1965 688 autem-K13

305 722 462 777 εἶπον
497 721 550 776 οἱ
593 720 834 795 γνωστοὶ
882 720 1050 776 αὐτοῦ
1108 721 1176 776 τὰ
1231 722 1356 795 περὶ
1416 716 1583 777 Δαϐἶδ
1614 720 1750 795 πρὸς
1781 718 1965 789 αὐτὸν,

306 807 394 867 ὅτι
425 814 640 883 πνεῦμα
668 813 803 865 Θεοῦ
859 808 914 865 ἂν
971 810 1145 883 αὐτῷ,
1200 810 1290 865 καὶ
1348 812 1434 865 δτι
1491 808 1608 881 ᾅδει
1652 807 1882 884 ψάλλων
1911 807 1962 863 ὲν

304 902 536 974 κιννῦρᾳ
592 899 682 955 καὶ
739 899 1034 975 ψαλτηρίῳ
1089 900 1180 955 καὶ
1236 898 1411 974 ναύλῃ
1469 902 1606 974 (63).
1675 899 1779 955 Καὶ
1832 896 1965 952 ἀπέ-

306 988 492 1045 στειλε
531 987 715 1045 Σαοὺλ
746 988 886 1061 πρὸς
931 988 1147 1057 Ἰεσσαὶ,
1195 988 1285 1043 καὶ
1334 983 1497 1044 ἔλαϐε
1527 988 1618 1044 τὸν
1648 988 1764 1043 υἱὸν
1796 987 1965 1042 αὐτοῦ

303 1078 541 1152 ψάλλειν
600 1079 693 1134 καὶ
749 1076 967 1133 διώκειν
1028 1083 1243 1151 πνεῦμα
1305 1078 1370 1133 τὸ
1424 1083 1613 1153 πνῖγον
1646 1077 1833 1135 αὐτὸν.
1865 1076 1964 1130 Καὶ

304 1169 516 1240 ἀπέστη
568 1170 633 1225 τὸ
685 1172 898 1243 πνεῦμα
947 1167 1054 1225 ἀπὸ
1112 1166 1318 1238 Σαοὺλ,
1351 1168 1441 1223 καὶ
1474 1167 1772 1238 πεποίηκεν
1800 1165 1961 1221 αὐτὸν

302 1261 396 1315 ἐπὶ
448 1260 515 1316 τὸ
564 1257 734 1334 αἴρειν
803 1258 870 1313 τὰ
916 1258 1078 1329 σκεύη
1132 1255 1297 1314 αὐτοῦ
1354 1258 1420 1314 τὰ
1468 1256 1767 1331 πολεμικά.
1801 1257 1967 1333 Ἀγα-

301 1350 479 1418 πητὸς
511 1346 569 1404 δὲ
599 1350 791 1425 γέγονε
847 1342 1014 1403 Δαϐἱδ
1071 1351 1153 1420 τῷ
1207 1345 1415 1404 Σαούλ.
1472 1347 1609 1405 Τότε
1655 1344 1882 1419 ἰξῆλοον
1912 1345 1964 1399 οἰ

305 1436 629 1519 ἀλλόφυλοι
684 1436 739 1492 ἐν
798 1434 1025 1509 δυνάμει
1086 1437 1299 1511 βαρείᾳ,
1356 1434 1445 1491 καὶ
1502 1432 1692 1512 γέγονε
1744 1435 1811 1489 τὰ
1839 1431 1963 1508 περὶ

301 1525 478 1586 Δαϐἶδ
536 1528 630 1583 καὶ
688 1526 910 1596 Γολιᾶθ,
969 1526 1026 1582 ὅν
1111 1526 1294 1581 ἀνεῖλε
1372 1527 1771 1601 μονομαχήσας
1829 1523 1963 1598 ὕψος

299 1620 511 1696 ἔχοντα
567 1616 742 1682 πόδας
803 1618 971 1689 ὀκτὼ,
1030 1612 1105 1672 ὧν
1161 1615 1294 1673 ἐτῶν
1353 1614 1461 1692 λγ’.
1517 1622 1586 1693 ’ῼ
1648 1616 1963 1686 ὑπήντησαν

299 1712 356 1766 αἱ
387 1710 722 1786 χορεύουσαι
773 1704 1051 1782 λέγουσαι·
1101 1731 1129 1760 ι(
1166 1706 1425 1780 Ἐπάταξε
1467 1704 1648 1761 Σαοὺλ
1679 1703 1733 1760 ἐν
1768 1702 1963 1780 χιλια-

299 1821 385 1855 σιν
417 1800 589 1855 αὖτοῦ
634 1799 728 1854 καὶ
771 1792 939 1853 Δαϐὶδ
999 1796 1051 1852 ἐν
1115 1796 1369 1872 μυριάσιν
1402 1796 1586 1854 αὔτνῦ.
1622 1819 1651 1847 »
1685 1794 1784 1853 Καὶ
1816 1794 1963 1872 γίνε-
1995 1824 2040 1891 Β

289 1910 383 1945 ται
414 1888 617 1968 φθόνος
649 1886 832 1944 Σαοὺλ
876 1884 966 1941 ἐπὶ
1007 1881 1174 1941 Δαϐὶδ
1222 1883 1313 1941 δια
1338 1885 1401 1940 τὸ
1432 1882 1582 1958 αὒτῷ
1613 1883 1710 1958 μὶν
1740 1880 1962 1953 δοθῆναι

295 1981 396 2043 τὶς
425 1975 712 2055 χιλιάδας,
765 1976 957 2051 ἐκείνῳ
1016 1974 1073 2032 δὶ
1131 1977 1227 2040 τὰς
1289 1973 1575 2051 μυριάδας.
1608 1975 1715 2032 Καὶ
1743 1974 1966 2032 ἐπέπεσε

294 2070 448 2145 παρὰ
507 2072 644 2125 Θεοῦ
700 2071 915 2140 πνεῦμα
969 2066 1212 2141 πονηρὸν
1259 2064 1347 2121 ἐπὶ
1410 2063 1617 2136 Σαοὺλ,
1677 2065 1765 2120 καὶ
1827 2084 1966 2138 προ-

289 2162 590 2230 εφήτευσε»
651 2156 704 2212 ἐν
766 2158 916 2231 μέσῳ
990 2159 1089 2212 τοῦ
1166 2154 1325 2211 οἴκου
1383 2152 1572 2212 αὺτοῦ.
1633 2152 1736 2211 Καὶ
1794 2147 1961 2209 Δαϐὶδ

286 2244 532 2323 ἔψαλλεν
593 2246 645 2302 ἓν
689 2249 760 2320 τῇ
816 2245 964 2322 χειρὶ
1021 2244 1186 2301 αὐτοῦ
1216 2245 1290 2307 ὡς
1320 2246 1439 2310 καθ’
1467 2244 1698 2313 δκάστην
1730 2241 1959 2317 ἡμέραν,

288 2336 385 2392 καί
416 2340 484 2393 τὸ
516 2334 646 2411 δόρυ
704 2333 756 2390 ἐν
808 2339 877 2408 τῇ
938 2334 1087 2414 χειρὶ
1147 2333 1352 2402 Σαοὺλ,
1386 2334 1473 2389 καί
1505 2335 1618 2390 εἷπε
1647 2335 1874 2404 πατάξαι
1905 2331 1958 2388 ἐν

290 2421 489 2495 Δαϐὶδ,
547 2425 638 2482 καὶ
696 2422 947 2487 ὶκκλίνας
997 2417 1189 2491 Δαϐἱδ,
1247 2422 1503 2493 ἐπάταξεν
1562 2422 1615 2478 ἐν
1649 2427 1727 2496 τῷ
1754 2422 1957 2497 τοίχῳ.

289 2520 468 2571 Τοῦτο
523 2513 608 2577 δὶς
652 2513 920 2584 πεποίηκε
970 2511 1177 2571 Σαοὺλ.
1230 2514 1399 2578 Γνοὺς
1429 2511 1487 2568 δί
1518 2510 1703 2568 Σαοὺλ
1736 2532 1951 2584 συμμα-

296 2610 423 2679 χεῖν
482 2605 611 2662 Θεὸν
690 2608 771 2676 τῷ
844 2597 1038 2672 Δαϐὶδ,
1097 2603 1352 2672 ἐποίησεν
1415 2600 1572 2657 αὺτὸν
1628 2599 1955 2677 χιλίαρχον,

292 2693 685 2764 ἐξαποστείλας
752 2691 913 2749 αὐτὸν
965 2692 1073 2748 ἀπὸ
1130 2691 1429 2763 προσώπου
1494 2690 1661 2747 αὐτοῦ
1707 2689 1956 2768 εἰσέρχεο

291 2797 419 2850 σθαι
448 2785 542 2839 καὶ
574 2783 886 2864 ἰξέρχεσθαι
918 2782 970 2838 ἐν
1009 2787 1092 2855 τῷ
1139 2782 1394 2856 πολέμῳ,
1428 2781 1615 2837 εἰπών·
1648 2808 1674 2833 ιι
1706 2782 1886 2838 Ἔστω
1917 2783 1953 2850 ἡ

284 2877 413 2953 χεὶρ
435 2881 544 2933 τῶν
563 2875 902 2955 ἀλλοφύλων
927 2876 1046 2931 κατ’
1066 2875 1235 2932 αὑτοῦ
1256 2875 1400 2950 ἤπερ
1426 2877 1462 2946 ἡ
1492 2875 1618 2951 χείρ
1651 2895 1781 2947 μου,
1806 2898 1833 2925 υ
1863 2875 1954 2930 καὶ

285 2964 523 3023 δέδωκεν
558 2964 706 3039 αυτῷ
736 2963 975 3041 Μελχὸλ
1016 2966 1116 3035 τήν
1168 2965 1437 3041 θυγατέρα
1473 2963 1637 3020 αἱ»τοῦ
1667 2964 1744 3027 εἷς
1772 2970 1956 3039 γυναῖ-

282 3078 379 3116 κα.
414 3052 687 3132 ’Δποδρᾶς
718 3052 776 3111 δὲ
807 3049 975 3111 Δαϐὶδ
1018 3055 1127 3112 ἀπὸ
1186 3055 1487 3131 προσώπου
1520 3052 1703 3110 Σαοὺλ
1735 3053 1955 3124 ἀπῆλθε

280 3146 425 3221 πρὸς
476 3142 748 3219 Σαμουὴλ
804 3142 857 3200 ἐν
916 3144 1079 3201 πόλει
1137 3142 1471 3220 Ἀρμαθαΐμ,
1499 3144 1591 3199 καὶ
1622 3144 1745 3219 εὗρε
1773 3145 1942 3219 χορὸν

282 3238 589 3314 προφητῶν
662 3234 795 3307 μετὰ
858 3232 1149 3309 Σαμουήλ.
1221 3233 1319 3288 Καὶ
1407 3230 1694 3289 ἀπέστειλε
1757 3230 1940 3288 Σαοὺλ

283 3325 429 3395 ἅπαξ
493 3324 582 3380 καὶ
654 3320 736 3386 δὶς
800 3322 891 3379 καὶ
952 3323 1072 3399 τρὶς
1138 3321 1405 3401 ἀγγέλους
1450 3318 1814 3379 συλλαϐέσθαι
1852 3323 1943 3379 τὸν

288 3409 481 3471 Δαϐίδ·
540 3413 630 3469 καὶ
688 3412 1121 3489 προφητεῦοντες
1204 3411 1474 3487 διέμενον.
1548 3413 1829 3487 Θυμωθεὶς
1886 3410 1944 3469 δὲ

289 3503 480 3559 Σαώλ
520 3501 684 3567 αυτὸς
720 3501 791 3559 δι’
820 3505 1011 3559 ἑαυτοῦ
1058 3502 1326 3580 ἐπορεύθη
1360 3498 1725 3559 συλλαϐέσθαι
1758 3503 1940 3559 αὐτόν’

283 3594 380 3649 καὶ
441 3592 648 3665 ἐξέστη,
723 3592 813 3649 καὶ
881 3594 946 3663 ἦν
1029 3592 1389 3673 προφητεύων
1456 3592 1547 3648 καὶ
1607 3590 1788 3664 αὒτὸς,
1851 3593 1943 3648 καὶ

282 3681 576 3757 ἐξεδῦσατο
637 3682 705 3738 τὰ
765 3682 956 3754 ἱμάτια
1014 3681 1202 3752 αὐτοῦ,
1256 3683 1347 3738 καὶ
1417 3678 1591 3738 ἔκειτο
1667 3679 1737 3737 δι’
1805 3681 1942 3753 ὅλης

281 3775 503 3849 ἡμερας
532 3772 625 3829 καὶ
655 3773 846 3834 νυκτὸς
893 3774 1118 3848 γυμνός.
1161 3771 1264 3829 Καὶ
1319 3772 1457 3845 μετὰ
1502 3775 1670 3828 ταῦτα
1715 3769 1941 3834 τελείως

283 3862 600 3937 ἀφίσταται.
661 3863 746 3936 [Ρ.
798 3862 889 3935 65]
947 3856 1113 3915 Δαϐἶδ
1167 3860 1275 3916 ἀπὸ
1333 3858 1541 3931 Σαοὺλ,
1600 3860 1941 3934 κτησάμενος

283 3958 455 4031 χεῖρα
506 3949 869 4024 τετρακοσίων
928 3947 1138 4021 ἀνδρῶν
1198 3948 1572 4022 πολεμιστῶν.
1640 3950 1745 4006 Καὶ
1809 3948 1944 4022 μετὰ

279 4046 451 4097 τοῦτο
507 4041 730 4110 θνήσκει
782 4037 1075 4111 Σαμουὴλ,
1133 4039 1223 4094 καὶ
1282 4038 1540 4103 θάπτεται
1592 4037 1644 4095 ἰν
1702 4043 1781 4110 τῷ
1812 4037 1946 4111 οἴκῳ

280 4130 453 4186 αὐτοῦ
513 4129 566 4186 ἓν
628 4128 965 4205 Ἀρμαθαΐμ.
1022 4126 1206 4184 Σαοὺλ
1263 4126 1320 4184 δὲ
1380 4127 1457 4183 ἔτι
1510 4126 1724 4183 διώκων
1752 4129 1819 4198 ἦν
1849 4129 1943 4184 τὸν

283 4215 476 4279 Δαϐἔδ.
537 4214 774 4278 Ἀϐεσσᾶ
832 4216 892 4274 δὲ
940 4218 1030 4274 καὶ
1092 4212 1251 4274 Ἰωὰϐ
1308 4215 1586 4287 κατῆλθον
1642 4217 1697 4273 ἐν
1743 4217 1811 4292 τῇ
1840 4240 1947 4274 πα-

283 4305 544 4384 ρεμϐολῇ
577 4307 760 4365 Σαοὺλ
817 4309 1009 4371 νυκτὸς
1072 4308 1207 4381 μετὰ
1260 4301 1451 4378 Δαϐὶδ,
1510 4306 1600 4363 καὶ
1652 4301 1851 4363 ἔλαϐον
1884 4310 1946 4365 τὸ

281 4399 418 4476 δόρυ
482 4401 574 4456 καὶ
636 4401 733 4456 τὸν
798 4400 968 4478 φακὸν
1044 4402 1141 4454 τοῦ
1227 4394 1445 4461 ὕδατος.
1525 4394 1948 4473 Ἀποδιδράσκει

279 4489 340 4546 δὶ
382 4485 554 4546 Δαϐἓδ
613 4490 752 4565 πρὸς
810 4490 1050 4564 ’Δγχοῦς
1111 4486 1340 4565 βασιλέα
1392 4488 1514 4558 Γὶθ,
1572 4487 1662 4543 καὶ
1723 4485 1949 4543 δίδωσιν

2077 556 2213 595 vum
2297 557 2525 612 ungens
2612 560 2793 616 regno
2873 544 3261 618 destinavit;
3336 556 3514 622 atque
3594 551 3733 610 huic

2078 628 2320 698 spiritus
2374 630 2473 683 Dei
2534 630 2705 686 datus
2757 638 2862 689 est.
2927 637 2997 689 At
3056 641 3262 692 contra
3334 637 3399 693 in
3486 639 3731 696 Saulum

2079 716 2321 789 spiritus
2378 719 2675 791 malignus
2741 722 2933 789 irruit,
2990 740 3246 796 eumque
3322 729 3570 786 vexavit.
3630 731 3732 786 Fa-

2076 807 2340 863 miliares
2394 809 2594 880 itaque
2655 811 2708 865 ei
2776 811 3187 869 indicaverunt
3242 831 3370 872 esse
3442 817 3728 875 Davidum

2076 897 2291 968 spiritu
2322 899 2420 954 Dei
2446 899 2760 971 prieditum
2793 917 2859 957 ac
2888 904 3067 958 variis
3096 904 3510 961 instrumentis
3541 908 3728 963 musi-

2076 986 2160 1041 cis
2191 986 2396 1044 ludere
2428 989 2706 1059 peritum.
2740 991 2944 1062 Itaque
2961 992 3168 1048 Saulus
3183 994 3257 1049 ad
3278 995 3503 1050 Jessam
3526 995 3729 1052 missis

2077 1075 2319 1131 famulis
2389 1076 2674 1134 Davidum
2726 1081 2883 1136 114
2930 1080 3175 1137 domum
3207 1099 3375 1139 suam
3406 1084 3635 1150 ascivit,
3666 1090 3731 1140 ut

2079 1164 2297 1221 ﬁdibus
2327 1164 2561 1222 luderet
2590 1167 2985 1240 spiritumque
3040 1188 3074 1225 a
3123 1187 3239 1241 quo
3268 1188 3374 1227 rex
3407 1172 3733 1229 vexabatur

2076 1252 2375 1326 abigeret;
2410 1254 2511 1326 qui
2543 1261 2601 1312 et
2630 1257 2876 1313 recessit
2905 1274 2939 1313 a
2970 1275 3127 1332 rege.
3158 1259 3414 1315 Proinde
3444 1260 3731 1317 Davidum

2075 1360 2177 1398 rex
2215 1343 2421 1400 dilexit
2474 1347 2956 1421 armigerumque
3016 1366 3191 1405 suum
3251 1351 3577 1408 constituit.
3614 1350 3731 1406 Sub

2075 1431 2233 1488 idem
2258 1440 2491 1506 tempus
2515 1437 2753 1492 Barbari
2775 1437 2998 1494 bellum
3023 1438 3284 1495 Hebraeis
3305 1440 3595 1501 fecerunt.
3614 1457 3733 1496 ma-

2073 1524 2204 1596 gnis
2232 1523 2367 1579 freti
2399 1527 2607 1597 copiis.
2638 1527 2764 1592 Quo
2796 1527 2858 1583 in
2887 1528 3047 1583 bello
3079 1528 3338 1584 Davidus
3390 1529 3728 1586 Goliathum

2074 1620 2203 1669 octo
2234 1613 2415 1685 pedes
2447 1617 2655 1683 altum,
2679 1633 2871 1674 annos
2893 1623 3068 1674 natus
3089 1620 3177 1683 33,
3212 1620 3498 1692 singulari
3522 1620 3727 1691 praelia

2073 1719 2427 1775 congressus
2457 1705 2790 1762 trucidavit.
2850 1709 2896 1762 Α
2955 1724 3073 1778 qua
3130 1708 3373 1764 victoria
3430 1708 3727 1779 redeunti,

2073 1809 2209 1848 cum
2241 1805 2583 1851 ocurrentes
2615 1796 2892 1852 choream
2924 1796 3211 1853 ducentes
3259 1798 3542 1854 mulieres
3573 1798 3729 1854 ceci-

2070 1883 2303 1939 nissent
2334 1906 2361 1934 ‹‹
2392 1901 2427 1940 a
2457 1884 2635 1941 Saulo
2667 1886 2879 1953 millia,
2904 1903 2938 1943 a
2959 1886 3175 1943 Davido
3208 1886 3364 1944 dena
3387 1888 3576 1946 millia
3597 1906 3729 1947 esse

2070 1971 2320 2042 devicta,
2350 1997 2369 2022 ι
2403 1974 2612 2030 invidit
2633 1992 2733 2031 rex
2764 1976 2980 2032 Davido
3013 1976 3124 2032 sibi
3155 1994 3223 2033 eo
3264 1978 3529 2036 carmine
3576 1997 3725 2051 pras-

2068 2061 2224 2130 lato;
2256 2065 2688 2137 exagitavitque
2735 2082 2872 2122 eum
2894 2066 3089 2123 denuo
3120 2068 3418 2141 malignus
3465 2070 3582 2125 Deo
3629 2071 3733 2126 im-

2066 2152 2342 2209 mittente
2374 2153 2639 2226 spiritus,
2671 2172 2739 2211 ac
2761 2156 2821 2212 in
2844 2156 3041 2212 medio
3066 2173 3186 2213 sua;
3210 2158 3424 2215 domus
3452 2160 3730 2216 vaticina-

2067 2246 2160 2296 tus
2193 2247 2300 2298 est.
2325 2248 2536 2300 Coram
2568 2261 2635 2300 eo
2668 2245 2920 2302 Davidus
2943 2246 3211 2317 quotidie
3243 2247 3460 2304 fidibus
3488 2249 3724 2305 cecinit.

2066 2331 2282 2387 Saulus
2312 2338 2513 2389 autem
2546 2334 2716 2390 hasta
2747 2351 2927 2405 quam
2948 2353 3126 2391 manu
3149 2337 3411 2405 tenebat,
3436 2338 3723 2395 Davidum

2069 2420 2341 2490 trajicere
2397 2421 2617 2477 voluit:
2654 2422 2759 2477 sed
2816 2423 2911 2478 hic
2941 2424 3226 2481 inclinato
3258 2442 3504 2498 corpore
3535 2427 3721 2482 ictum

2067 2519 2323 2587 evitavit,
2356 2526 2416 2575 et
2445 2521 2616 2577 hasta
2640 2522 2851 2594 parieti
2883 2522 3065 2579 infixa
3096 2528 3202 2579 est.
3238 2525 3333 2580 Bis
3364 2524 3477 2581 hoc
3505 2526 3719 2585 Saulus

2068 2613 2157 2663 est
2185 2615 2452 2665 conatus.
2487 2610 2628 2665 lude
2677 2611 2911 2682 cognito
2970 2613 3152 2668 Deum
3214 2613 3432 2670 Davido
3486 2615 3717 2689 adesse,

2066 2697 2371 2754 tribunum
2413 2698 2671 2755 militum
2702 2717 2837 2756 eum
2870 2701 3008 2757 fecit
3040 2701 3218 2773 inque
3249 2702 3475 2760 bellum
3498 2706 3718 2781 emisit,

2064 2792 2131 2842 ut
2161 2787 2383 2842 militia:
2411 2795 2780 2844 versaretur:
2815 2789 3012 2846 aiebat
3045 2791 3206 2846 enim
3252 2792 3431 2849 malle
3488 2811 3550 2850 se
3582 2812 3717 2852 eum

2066 2877 2460 2934 Barbarorum
2490 2894 2670 2949 quam
2701 2879 2824 2935 suis
2870 2880 3148 2937 manibus
3208 2882 3425 2954 perire.
3458 2886 3716 2957 Nuptum

2063 2983 2301 3039 quoque
2332 2967 2385 3023 ei
2416 2966 2580 3023 dedit
2604 2967 2818 3024 Michol
2851 2968 3037 3026 ﬁliam
3066 2986 3256 3028 suam.
3281 2973 3590 3031 Enimvero
3610 2977 3721 3033 Da-

2061 3055 2231 3112 vidus
2284 3057 2524 3113 Saulum
2575 3056 2808 3128 fugiens
2865 3058 2940 3114 ad
2988 3059 3329 3118 Samuelum
3390 3062 3451 3118 in
3509 3063 3717 3122 urbem

1984 3191 2026 3259 C
2063 3146 2356 3203 Ramatba
2383 3147 2744 3259 seIco'Intulit,
2767 3148 2969 3259 ibique
3000 3166 3133 3206 cum
3158 3151 3435 3252 samuelo
3467 3153 3717 3259 chorum

2054 3243 2256 3293 vatum
2270 3237 2510 3309 reperit.
2524 3238 2787 3293 Tertium
2804 3238 3015 3295 Saulus
3048 3257 3117 3296 eo
3136 3241 3299 3296 misit
3312 3242 3412 3313 qui
3424 3242 3712 3300 Davidum

2050 3325 2124 3380 ad
2183 3342 2246 3381 se
2302 3325 2705 3383 abducerent:
2765 3343 2972 3384 verum
3032 3329 3072 3383 ii
3099 3329 3455 3387 vaticinandi
3490 3330 3705 3403 spiritu

2050 3416 2306 3487 correpti
2337 3414 2560 3472 ibidem
2589 3424 2959 3474 manserunt.
3003 3418 3128 3484 Qua
3179 3436 3241 3476 re
3299 3420 3388 3476 ira
3443 3422 3705 3492 percitus

2049 3504 2284 3573 Saulus,
2316 3522 2449 3561 cum
2488 3505 2613 3578 ipse
2662 3507 3207 3579 comprehendendi
3265 3510 3469 3568 Davidi
3526 3528 3705 3568 causa

2048 3593 2255 3649 eodem
2278 3594 2538 3659 abiisset,
2574 3594 2770 3651 divino
2801 3596 3087 3655 instinctu
3108 3600 3355 3655 affectus
3384 3601 3510 3672 ipse
3541 3603 3693 3660 115

2050 3708 2287 3763 quoque
2319 3709 2452 3748 cum
2493 3693 2741 3763 reliquis
2767 3694 3073 3750 vaticinari
3120 3697 3335 3768 cceqit;
3383 3698 3695 3755 detractis-

2050 3797 2165 3852 que
2187 3780 2300 3835 sibi
2321 3781 2583 3836 vestibus
2603 3782 2798 3837 nudus
2820 3782 2979 3838 diem
3000 3801 3069 3839 ac
3087 3791 3321 3841 noctem
3334 3786 3543 3857 jacuit.
3564 3788 3699 3843 Post

2051 3870 2177 3924 haec
2206 3868 2462 3925 Davidus
2492 3886 2527 3925 a
2555 3870 2728 3926 Saulo
2752 3888 2997 3943 prorsus
3025 3874 3291 3937 recessit,
3325 3879 3531 3945 parata
3553 3891 3701 3945 qua-

2052 3958 2502 4031 dringentorum
2532 3960 2794 4015 virorum
2824 3960 3248 4017 bellicosorum
3301 3978 3502 4018 manu.
3566 3964 3701 4020 Haec

2050 4053 2371 4105 consecuta
2400 4054 2490 4104 est
2519 4066 2682 4105 mors
2706 4049 2989 4114 Samueli,
3018 4050 3186 4122 isque
3231 4050 3391 4106 domi
3434 4067 3555 4107 sua:
3587 4053 3702 4110 Βα-

2051 4138 2269 4194 mathm
2294 4138 2575 4195 humatus
2619 4143 2729 4194 est.
2763 4140 2909 4195 Cum
2938 4155 2974 4195 a
3021 4140 3239 4195 Davido
3288 4141 3703 4213 persequendo

2052 4227 2264 4283 Saulus
2288 4244 2416 4287 non
2439 4226 2773 4293 desisteret,
2804 4227 3099 4284 Abessaus
3122 4234 3180 4284 et
3198 4229 3415 4286 Joabus
3434 4247 3569 4286 cum
3592 4232 3702 4287 Da-

2052 4316 2184 4372 vido
2207 4317 2270 4372 in
2292 4322 2486 4373 castra
2504 4316 2666 4372 illius
2689 4322 2869 4374 noctu
2890 4324 3307 4389 pervenerunt,
3349 4319 3704 4392 hastamque

2052 4406 2208 4479 regis
2238 4413 2298 4462 et
2325 4406 2671 4462 lenticulam
2700 4423 2870 4478 aqua:
2902 4424 3103 4463 secum
3130 4406 3525 4465 abstulerunt.
3557 4411 3704 4466 Pro-

2052 4496 2204 4568 fugit
2233 4495 2447 4551 deinde
2478 4495 2552 4552 ad
2583 4512 2783 4567 regem
2814 4496 3013 4551 Gethaa
3050 4498 3378 4554 Anchisum
3424 4499 3698 4570 Davidus,

280 4579 435 4652 αἴ)τῷ
489 4578 655 4635 πόλιν
716 4576 976 4651 Σικελὰκ,
1030 4577 1120 4633 καὶ
1159 4583 1413 4653 παροικεῖ
1469 4576 1583 4633 ἐκεῖ
1614 4584 1790 4652 μῆνας
1819 4578 1939 4634 τέσ-

2060 4566 2218 4656 quue
2249 4586 2304 4641 ei
2334 4585 2545 4641 urbem
2574 4566 2865 4654 Siclagam
2895 4586 3191 4651 concedit,
3216 4588 3276 4644 in
3297 4605 3416 4660 qua
3443 4566 3698 4645 Davidus

279 4692 470 4748 σαρας·
502 4670 642 4726 ὅπου
701 4668 915 4741 στήλην
969 4673 1081 4742 (64)
1136 4670 1166 4725 ὁ
1228 4667 1567 4745 πατραλοίας
1603 4664 1940 4743 Ἀϐεσαλὼμ.

276 4762 366 4819 ἐπ’
397 4762 631 4837 ὀνόματι
686 4760 854 4816 αὐτοῦ
904 4755 1118 4831 ἔστησε,
1174 4758 1565 4835 παρανομήσας
1594 4760 1692 4815 κάν
1732 4759 1935 4833 τούτῳ.

2048 4691 2154 4747 per
2181 4679 2436 4745 quatuor
2465 4690 2700 4730 menses
2739 4675 3074 4745 inquilinus
3103 4676 3236 4745 fuit,
3284 4677 3385 4733 ubi
3443 4683 3696 4733 statuam

2048 4780 2285 4834 quoque
2316 4763 2429 4819 sibi
2458 4762 2755 4835 parricida
2775 4763 3129 4821 Absalomus
3151 4767 3355 4833 erexit,
3385 4767 3563 4822 etiam
3584 4766 3696 4819 hoc

1489 4866 1852 4924 XYLANDRI
1892 4869 1979 4923 ET
2016 4870 2233 4925 GOARI
2262 4870 2482 4925 ΝΟΤᾸΞ.

351 4963 462 5031 (63)
490 4960 639 5027 Quia
668 4958 840 5016 nobis
878 4959 1089 5031 ignota
1136 4963 1275 5031 sunt
1332 4957 1458 5012 haec
1515 4957 1934 5031 instrumenta,

276 5028 569 5089 vocabulo
600 5032 832 5105 generis
861 5028 949 5105 uti
977 5028 1177 5105 malui.
1213 5029 1532 5105 Cinnyram
1563 5028 1807 5105 quidem
1839 5029 1940 5085 de-

277 5122 410 5160 cem
444 5100 661 5160 ﬂdibus
684 5103 1021 5158 constitisse
1043 5101 1389 5173 plectroque
1420 5100 1495 5173 ici
1528 5100 1765 5173 solitam
1792 5116 1805 5165 ;
1837 5118 1937 5156 na-

277 5176 444 5231 blum
482 5176 795 5231 duodecim
829 5171 1105 5228 habuisse
1128 5171 1301 5226 voces
1330 5178 1385 5226 et
1417 5172 1615 5244 digitis
1638 5171 1934 5244 pulsatum

274 5248 487 5313 fuisse,
517 5247 807 5315 Iosephus
839 5244 1138 5299 memorize
1171 5244 1432 5314 prodidit
1462 5243 1503 5310 ζ’
1542 5240 1833 5315 Ἀρῖλαιολ.
1880 5243 1931 5298 ι“.

279 5320 343 5375 ld
377 5320 531 5374 scias
566 5320 778 5383 ot-iler,
810 5332 967 5387 sa‘pe
1024 5332 1118 5370 me
1177 5317 1423 5370 nomina
1449 5316 1688 5386 propria
1718 5332 1838 5370 non
1870 5321 1935 5370 ut

278 5392 499 5447 suntin
517 5391 782 5445 Cedreno
808 5395 911 5444 aut
926 5388 1104 5442 etiam
1132 5387 1273 5441 LXX
1289 5387 1689 5455 versione,sed
1713 5394 1776 5441 ut
1792 5392 1933 5442 sunt

275 5464 341 5518 in
374 5463 621 5518 Hebraeo
643 5468 702 5517 et
721 5467 979 5533 recepta,
1002 5457 1291 5531 posuisse,
1311 5464 1379 5514 ut
1400 5458 1629 5531 Michol,
1644 5460 1932 5515 Ramatha

275 5542 393 5592 etc.
422 5534 564 5590 XYL.

349 5607 463 5679 (64)
497 5606 632 5679 Hinc
661 5609 818 5679 sunt
869 5603 941 5660 de
993 5602 1341 5679 posterioris
1391 5601 1530 5658 libri
1587 5600 1848 5679 Samueli
1872 5619 1924 5659 c.

269 5674 533 5754 Xvin,'ut
562 5677 735 5734 facile
765 5674 1047 5751 appareat
1077 5674 1270 5730 locum
1328 5674 1486 5730 hunc
1516 5690 1646 5730 esse
1676 5674 1925 5730 mirifice

2052 4958 2430 5014 mutilatum:
2491 4974 2631 5014 nam
2688 4976 2821 5029 qum
2853 4975 2988 5016 mox
3034 4966 3367 5029 sequuntur
3393 4958 3467 5014 de
3497 4959 3697 5014 heroi—

2048 5030 2161 5086 bus
2218 5030 2442 5095 Ilavidi,
2476 5035 2616 5086 sunt
2644 5030 2717 5085 de
2774 5031 3043 5101 ejusdem
3092 5032 3249 5087 libri.
3281 5049 3332 5087 c.
3365 5047 3527 5098 xxm,
3561 5031 3696 5086 velt

2050 5101 2303 5174 Paralip.
2334 5119 2395 5174 ιι.
2426 5107 2633 5174 estque
2661 5101 2932 5174 etiaman
2964 5103 3226 5174 margine
3277 5103 3389 5174 hoc
3444 5107 3694 5174 annota-

2053 5119 2299 5173 γαιιιιιρ.
2334 5119 2395 5162 ιι.
2426 5119 2515 5157 εει
2558 5119 2633 5157 ue
2661 5119 2838 5157 etiam
2871 5119 2932 5156 ιιι
2964 5119 3226 5174 margine
3278 5119 3389 5157 noc
3444 5119 3694 5159 annom-

2048 5178 2171 5228 tum
2199 5190 2211 5227 :
2244 5172 2311 5229 Ol
2346 5119 2563 5225 δυνατῇ
2594 5174 2691 5225 τοῦ
2724 5166 2908 5238 Δαόἱδ,
2956 5179 3248 5243 potentes,
3283 5173 3336 5227 id
3370 5178 3461 5227 est
3491 5173 3694 5238 fortes,

2046 5252 2105 5316 et
2135 5245 2235 5315 qui
2268 5245 2567 5316 praecipua
2597 5244 2830 5298 virtutis
2860 5259 3038 5298 causa
3064 5244 3276 5316 officia
3305 5243 3696 5302 administra-

2041 5315 2187 5371 bant
2215 5315 2371 5385 apud
2408 5315 2705 5370 Davidum.
2739 5321 3024 5369 Caeterum
3059 5315 3188 5370 loca
3218 5315 3373 5371 dicta
3402 5333 3534 5372 cum
3581 5320 3695 5373 Ce-

2041 5386 2228 5460 dreno
2257 5387 2443 5441 lector
2473 5388 2737 5460 conferat
2767 5386 2913 5456 ipse,
2946 5386 3246 5460 adiunctis
3274 5389 3345 5443 iis
3376 5406 3507 5460 qua:
3530 5390 3690 5460 apud

2038 5457 2356 5529 Josephum
2391 5457 2686 5511 habentur
2712 5456 2749 5512 l.
2776 5473 2868 5516 vn.
2895 5472 2948 5511 c.
2984 5461 3077 5520 10;
3104 5456 3501 5517 diVersitatein
3526 5456 3685 5518 enim

2038 5545 2277 5605 omnem
2309 5533 2593 5605 annotare
2624 5544 2744 5582 non
2773 5533 2861 5605 est
2890 5534 3107 5585 nostraa
3138 5530 3461 5605 brevitatis,
3490 5550 3685 5605 neque

2034 5600 2131 5683 ita.
2156 5599 2400 5727 difgcile
2424 5604 2493 5655 ut
2520 5615 2698 5673 epera
2727 5603 2932 5657 nostra
2956 5617 3312 5678 magnopere
3345 5599 3559 5662 debeat
3588 5599 3683 5661 re-

2034 5691 2211 5727 auiri.
2244 5710 2259 5727 ι
2296 5689 2381 5727 ιι..

2033 5691 2211 5746 quin.
2244 5689 2381 5728 Λιι..
