4148 6196
393 315 506 378 181

1676 324 1995 388 GEORGII
2043 322 2388 387 CEDRENI

3692 329 3806 390 152

405 470 577 512 suam
597 456 880 529 probasse
895 460 1165 532 exemplo
1188 459 1387 516 Davidi
1409 465 1470 516 et
1499 458 1840 518 Solomonis
1861 461 2031 536 majo«

2156 459 2184 513 6
2217 457 2397 530 πατὴρ
2427 455 2613 527 αὑτοῦ,
2645 455 2869 513 ἀλλοιοῖ
2906 458 2999 514 τὸν
3051 462 3196 515 νοῦν·
3263 460 3330 516 τὰ
3377 460 3480 539 γὰρ
3532 464 3657 541 περὶ
3703 471 3804 523 τοῦ

402 562 537 602 rum
559 563 825 617 suorum,
840 548 951 604 hoc
975 549 1214 619 quidem
1236 548 1529 606 diversam
1561 552 1917 608 sententiam
1936 552 2042 609 ha-

396 633 517 701 bet,
539 641 606 691 ut
626 637 959 692 Solomonis
978 643 1143 709 gesta
1162 655 1197 693 a
1214 637 1386 695 nobis
1407 640 1674 713 exposita
1695 640 2041 697 ostendunt.

396 724 686 781 Caeterum
730 728 846 781 Asa
877 741 1011 781 cum
1060 726 1279 783 Judaais
1323 735 1383 784 et
1423 729 1823 802 Benjamineaa
1854 730 2044 786 tribus

403 814 689 884 suppetiis
742 813 1001 884 adjutus,
1035 815 1295 874 lsraelici
1329 818 1533 891 populi
1587 819 1689 892 qui
1719 836 1854 876 cum
1882 819 2043 875 Jero-

393 900 605 957 hoamo
623 908 750 958 erat
770 903 1097 977 quingenta
1116 906 1676 965 milliahellatorum
1696 909 2044 966 occidit.Ne-

394 1006 507 1061 que
533 991 778 1063 posthac
800 1001 1008 1051 contra
1026 996 1053 1050 J
1062 995 1236 1053 udam
1260 1004 1437 1071 caput
1459 1015 1634 1056 suum
1653 998 2041 1056 Jeroboamus

396 1077 606 1135 Nabati
636 1080 798 1139 illius
824 1083 1055 1143 extulit.

461 1168 710 1227 Sorores
789 1173 993 1229 Davidi
1055 1175 1301 1232 fuerunt
1375 1176 1575 1234 Servia
1649 1183 1709 1233 et
1779 1178 2037 1252 Abigam.

393 1257 604 1314 Servize
654 1259 762 1315 filii
810 1261 1055 1318 fuerunt
1101 1264 1380 1333 Abessas,
1434 1266 1657 1324 Joabus
1706 1272 1764 1324 et
1811 1267 2041 1324 Assalus

388 1346 628 1419 Abigea
674 1349 832 1405 filius
862 1350 975 1408 fuit
1022 1355 1300 1411 Amessas
1332 1373 1346 1411 :
1382 1357 1432 1411 is
1477 1372 1600 1412 non
1650 1357 1920 1430 pervenit
1966 1356 2039 1414 ad

396 1434 746 1507 dignitatem
780 1438 958 1495 trium
996 1442 1181 1497 David
1212 1442 1573 1517 principum.

465 1525 745 1583 Rubenus
771 1530 1203 1605 primogenitus
1223 1534 1423 1590 Jacobi
1450 1551 1556 1591 sua
1587 1534 1809 1592 excidit
1830 1535 2038 1609 digna-

394 1614 580 1683 tione,
596 1616 755 1687 quod
775 1619 1101 1677 thalamum
1123 1623 1308 1694 patris
1326 1623 1698 1681 incestasset.
1731 1624 1902 1681 Dedit
1929 1642 2038 1681 au-

394 1706 514 1759 tem
543 1705 798 1764 Jacobus
824 1716 992 1781 pater
1040 1711 1297 1784 Josepho
1329 1718 1388 1770 et
1443 1714 1890 1789 praerogativam
1922 1715 2038 1787 pri-

392 1792 783 1865 mogenitum:
815 1794 975 1852 dedit
1002 1797 1188 1856 Judm.

459 1970 616 2029 I20
648 1973 955 2032 Secundus
986 1977 1309 2034 Annalium
1339 1979 1494 2036 liber
1522 1979 1701 2037 habet
1731 1980 1793 2035 in
1850 1980 2038 2037 taber-

397 2062 608 2117 naculo
639 2063 795 2119 nihil
822 2064 1006 2122 fuisse
1038 2073 1255 2138 prmter
1284 2068 1537 2125 tabulas.

467 2150 681 2208 Joades
712 2155 975 2226 pontifex
1006 2157 1301 2214 maximus
1324 2159 1583 2231 sapiens,
1603 2176 1737 2216 cum
1768 2160 2039 2217 Gotholia

396 2238 643 2312 stirpem
674 2242 1012 2301 Davidicam
1043 2263 1283 2304 omnem
1314 2248 2038 2306 exscinderetsuﬂ‘uratus

392 2333 483 2384 est
510 2330 773 2402 Joasum,
808 2334 1128 2393 minimum
1158 2343 1303 2393 natu
1361 2337 1553 2394 ﬁlium
1584 2338 1871 2405 Ochoziaa,
1928 2339 2034 2395 ﬁlii

392 2418 698 2477 Gotholim.
735 2424 790 2478 ls
816 2423 1026 2480 Joasus
1057 2442 1246 2482 annos
1277 2431 1453 2482 natus
1501 2432 1730 2500 septem
1787 2443 2036 2500 regnum

390 2506 456 2562 in
469 2507 702 2566 Judasos
713 2511 1414 2587 obtinuit,intert‘ecitque
1428 2516 2035 2590 Gotholiamimpiam,

389 2597 630 2655 Achabo
662 2609 1031 2675 prognatam.
1068 2605 1221 2660 Vixit
1249 2605 1462 2662 Joades
1487 2622 1676 2662 annos
1708 2607 1831 2674 130,
1863 2613 1923 2662 et
1951 2623 2038 2662 se-

389 2685 590 2756 pultus
620 2695 709 2745 est
728 2690 791 2746 in
821 2709 1027 2765 regum
1061 2694 1614 2773 sepulcrispropter
1627 2702 2035 2753 conservatam

390 2781 570 2848 atque
600 2781 936 2837 restitutam
974 2784 1305 2840 Uavidicam
1336 2786 1703 2860 progeniem.
1763 2787 2035 2844 Gotholia

390 2871 771 2941 septennium
804 2874 1086 2946 regnavit.
1117 2876 1357 2932 Joasum
1385 2892 1654 2933 mensem
1686 2882 1892 2933 natum
1938 2877 2034 2934 Jo-

388 2957 530 3015 ades
567 2959 896 3018 abscondit.

462 3048 661 3123 Legati
692 3051 1029 3125 principum
1060 3054 1376 3128 Babylonis
1416 3054 1491 3112 ad
1519 3056 1826 3113 Ezechiam
1860 3073 2031 3114 vene-

383 3144 530 3194 runt
557 3146 971 3211 percontatum
1002 3143 1074 3199 de
1104 3144 1412 3215 miraculo,
1446 3146 1605 3219 quod
1634 3147 1698 3203 in
1736 3147 1883 3203 cwlo
1942 3147 2027 3204 fa-

2154 544 2524 631 Σολομῶντος
2569 546 2963 627 πεφανέρωται.
3022 549 3285 623 Ἐπάταξε
3352 546 3408 607 δὶ
3463 550 3519 608 έν
3577 554 3802 631 Ἰσραήλ

2159 636 2248 691 καὶ
2282 630 2577 709 ’ίεροϐοὰμ
2601 638 2735 693 Ἀσᾶ
2766 637 2900 710 μετὰ
2949 637 3128 716 φυλῆς
3178 639 3437 714 Βενιαμὶν
3478 642 3569 698 καὶ
3628 630 3805 702 Ἰούδα

2150 724 2505 788 πεντακοσίας
2543 721 2803 799 χιλιάδας
2865 723 3074 802 ἀνδρῶν
3130 726 3506 804 πολεμιστῶν.
3564 732 3669 789 Καὶ
3700 735 3802 791 ού-

2147 815 2393 890 κίτιῇρε
2423 811 2667 894 κεφαλὴν
2724 815 2866 871 κατὰ
2925 814 3109 874 Ἰούδα
3165 814 3458 894 Ἰεροόοᾶμ
3514 821 3632 886 υἱὸς
3688 828 3805 881 Να-

2150 896 2272 962 ϐάτ.

2216 1171 2341 1228 Ὅτι
2396 1166 2631 1246 ἀδελφαὶ
2689 1165 2857 1227 Δαόὶδ
2930 1173 3138 1247 Σαραία
3200 1174 3288 1230 καὶ
3352 1170 3655 1252 Ἀϐιγαία,
3706 1179 3799 1235 καὶ

2143 1261 2214 1333 τῇ
2248 1259 2343 1332 μὶν
2399 1260 2641 1335 Σαρουίᾳ
2695 1261 2805 1316 υἱοὶ
2850 1256 3064 1331 Ἀϐεσᾶ,
3122 1262 3213 1319 καὶ
3271 1258 3457 1337 Ἰωὰό,
3524 1264 3615 1322 καί
3667 1268 3798 1326 Ἀσ-

2146 1345 2289 1418 σαήλ
2323 1392 2339 1419 ,
2395 1351 2467 1423 τῇ
2552 1345 2609 1405 δὲ
2666 1345 2917 1426 Ἀϐιγαία
2996 1352 3120 1415 υίὸς
3185 1355 3413 1427 Ἀμεσᾶο
3467 1353 3627 1420 οὗτος
3695 1356 3800 1414 ούκ

2146 1432 2340 1516 ἔφθασε
2368 1439 2507 1511 πρὸς
2536 1438 2663 1502 τούς
2693 1444 2839 1516 τρεῖς
2869 1436 3138 1507 δυνάστας
3164 1444 3262 1497 τοῦ
3291 1438 3478 1502 Δαϐίδ.

2212 1528 2394 1584 ’οτιὸ
2424 1524 2686 1604 Ῥουϐεέμ
2741 1530 3097 1605 πρωτότοκος
3150 1529 3225 1586 ὢν
3282 1530 3493 1604 ἐξέπεσε
3548 1542 3651 1607 τῆς
3705 1535 3792 1593 s6-

2144 1613 2339 1691 λογίας
2386 1615 2477 1673 καὶ
2533 1623 2633 1673 τοῦ
2700 1617 3049 1695 ἀριθμεῖσθαι
3106 1621 3182 1685 ὡς
3228 1628 3541 1696 πρωτόκος,
3599 1622 3793 1695 ἐπειδή

2143 1699 2303 1777 ἆνέϐη
2337 1706 2414 1770 είς
2442 1707 2632 1778 κοίτην
2691 1709 2897 1785 πατρὸς
2954 1710 3145 1781 αὐτοῦ,
3213 1712 3303 1768 καὶ
3362 1710 3560 1772 Ἰακὼὸ
3599 1715 3628 1771 6
3683 1737 3790 1772 πα-

2141 1796 2246 1869 τὴρ
2304 1794 2471 1852 αὐτοῦ
2554 1792 2755 1853 δέδωκε
2808 1802 2890 1873 τῷ
2927 1799 3153 1876 Ἰωσήφ,
3205 1803 3273 1858 τὰ
3329 1798 3387 1859 δὲ
3440 1804 3789 1880 πρωτοτόκια

2146 1880 2349 1941 δέδωκε
2375 1885 2454 1959 τῷ
2486 1882 2685 1960 Ἰούδᾳ.

2214 1976 2336 2033 Ὅτι
2393 1972 2545 2051 λέγει
2599 1978 2635 2048 ἡ
2704 1972 2927 2054 δευτέρα
2980 1983 3086 2035 τῶν
3144 1979 3643 2058 Παραλειπομένων
3706 1987 3784 2059 μὴ

2145 2065 2282 2120 εἶναι
2314 2062 2366 2119 έν
2397 2068 2466 2141 τῇ
2499 2068 2670 2142 σκηνῇ
2702 2065 2748 2122 εί
2773 2069 2849 2141 μὴ
2879 2070 2976 2131 τὰς
3004 2066 3214 2133 πλάκας
3251 2071 3441 2146 μόνον.

2213 2155 2337 2212 *Οτι
2374 2151 2543 2212 Ῑωδαὶ
2600 2155 2629 2211 6
2694 2155 2982 2237 ἀρχιερεὺς
3032 2159 3061 2215 6
3117 2161 3354 2232 συνετὸς,
3410 2164 3509 2217 τοῦ
3571 2157 3791 2219 Δαϐιδι-

2142 2247 2242 2299 κοῦ
2273 2243 2584 2320 σπέρματος
2619 2243 2927 2319 ὀλλυμένου
2986 2247 3091 2305 ὕπὸ
3152 2248 3439 2321 Γοθολίας,
3495 2250 3798 2330 κατέκρυψε

2141 2335 2233 2390 τὸν
2261 2332 2492 2410 ἔσχατον
2523 2335 2640 2391 υίὸν
2674 2336 2937 2413 Ὀχοζίου
2973 2343 3071 2395 τοῦ
3109 2339 3232 2396 υἱοῦ
3262 2341 3431 2412 αὐτῆς
3475 2343 3568 2398 τὸν
3613 2342 3791 2413 ’ίωάς,

2143 2422 2202 2487 ὅς
2257 2424 2349 2479 καὶ
2421 2418 2765 2482 ἐϐασίλευσεν
2849 2426 2936 2483 έπί
3022 2427 3221 2499 Ἰούδα,
3272 2430 3406 2487 ἑτῶν
3462 2431 3590 2488 ’ὄντα
3634 2432 3791 2503 ἑπτὰ,

2141 2510 2234 2566 καὶ
2260 2509 2539 2568 ἀπέκτεινε
2580 2511 2845 2577 Γοθολίαν
2903 2515 3002 2584 τήν
3057 2515 3264 2590 ἄνομον
3329 2518 3428 2587 τήν
3486 2517 3547 2575 έκ
3601 2521 3791 2594 γένους

2144 2593 2383 2680 Ἀχαάϐ.
2428 2603 2509 2675 Σῇ
2543 2598 2658 2657 δὶὸ
2688 2603 2854 2666 αὐτὸς
2912 2601 3099 2662 Ἰωδαὲ
3154 2604 3248 2677 ἔτη
3304 2603 3410 2682 ρλ’,
3466 2608 3557 2663 καὶ
3615 2593 3787 2685 έτάνξη

2142 2687 2194 2744 ἐν
2232 2691 2423 2767 τάφοις
2470 2694 2579 2747 τῶν
2636 2688 2933 2767 βασιλέων,
2988 2689 3130 2750 διότι
3193 2694 3520 2767 ἀνεκτήσατο
3576 2695 3638 2752 τὸ
3683 2705 3788 2753 Δαο

2142 2773 2357 2834 ϐεδικὸν
2394 2777 2567 2855 γένος.
2625 2779 2910 2838 Βασιλεύει
2943 2778 3000 2837 δὶ
3030 2781 3262 2839 Γοθολία
3290 2782 3382 2856 ετη
3420 2785 3484 2857 ζ’,
3540 2786 3631 2841 καί
3685 2806 3779 2841 και

2138 2865 2498 2944 τακρύπτεται
2528 2867 2686 2932 ’Ῑωᾶς
2721 2868 2824 2924 ὑπὸ
2854 2866 3041 2928 Ἰωδαὶ
3072 2876 3351 2946 μηνιαῖος.

2208 3054 2325 3105 *Οτι
2381 3048 2434 3105 οἱ
2493 3045 2847 3126 πρεσϐύτεροι
2926 3056 3034 3108 τῶν
3104 3051 3369 3129 ἆρ’χόντον
3452 3051 3783 3118 Βαϐυλῶνος

2136 3136 2308 3209 ἦλθον
2339 3139 2474 3213 πρὸς
2505 3139 2741 3210 Ἐζεκίαν
2790 3144 2889 3197 τοῦ
2940 3141 3196 3208 πυθέσθαι
3253 3143 3378 3221 περὲ
3433 3148 3532 3200 τοῦ
3560 3141 3784 3221 τέρατος

383 3233 545 3283 ctum
569 3235 697 3285 erat
727 3230 852 3288 sole
884 3238 1041 3289 retro
1063 3250 1287 3290 averso.
1323 3236 1594 3293 Ezechias
1623 3253 1691 3293 eo
1724 3237 2023 3309 prmterito

2149 3232 2231 3284 τοῦ
2258 3226 2547 3305 γεγονότος
2604 3222 2657 3284 ἔν
2712 3234 2792 3285 τῶ
2849 3229 3061 3306 οὐρανῷ
3119 3229 3173 3287 ὲν
3223 3236 3294 3308 τῇ
3348 3232 3655 3313 ἂναστροφῆ
3686 3237 3785 3289 τοῦ

381 3316 696 3375 thesauros
721 3320 806 3377 eis
835 3338 975 3377 suos
1006 3322 1356 3397 divitiasque
1388 3331 1447 3382 et
1483 3341 1731 3401 regnum
1776 3325 2030 3383 demon-

384 3407 613 3463 stravit.
652 3409 1005 3467 Succensuit
1036 3414 1209 3479 Deus,
1242 3415 1620 3489 Ezechiasque
1654 3415 1874 3472 malum
1914 3415 2030 3470 mi-

388 3503 564 3553 natus
595 3499 873 3570 est,quod
896 3502 1325 3568 tamenhabita
1351 3505 1585 3562 virtutis
1615 3505 1745 3578 ejus
1773 3503 2025 3573 ratione,

389 3582 463 3640 ab
493 3584 622 3657 ipso
653 3586 715 3642 in
744 3594 1014 3660 posteros
1047 3592 1368 3650 transtulit.

458 3766 758 3824 Manasses
787 3769 860 3825 ob
890 3771 1257 3844 impietatem
1289 3789 1457 3829 suam
1486 3771 1560 3829 ab
1600 3773 1842 3846 Assyrio
1890 3789 2027 3847 rege

384 3860 756 3927 captus,cum
786 3875 857 3915 ex
886 3862 1087 3923 animo
1118 3862 1497 3934 resipisceret
1523 3877 1592 3917 ac
1629 3869 1873 3934 peccata
1918 3879 2027 3919 sua

382 3945 827 4020 contiteretur,a
847 3951 966 4007 Deo
992 3952 1054 4007 in
1076 3968 1324 4025 regnum
1346 3951 1653 4008 restitutus
1666 3957 1756 4008 est
1776 3952 1826 4026 ej
1837 3970 2024 4026 usque

380 4033 666 4110 deinceps
694 4040 993 4097 mandatis
1024 4042 1241 4113 paruit.

452 4219 521 4275 In
555 4225 909 4279 testamento
968 4222 1227 4277 Ezechias
1283 4222 1442 4295 regis
1469 4221 1656 4291 Judw,
1713 4222 1796 4278 ait
1838 4224 2023 4281 Isaias

382 4311 691 4382 propheta,
724 4311 1155 4366 Antichristum
1187 4311 1513 4368 triennium
1548 4328 1616 4368 ac
1646 4328 1883 4369 menses
1926 4330 2020 4370 se-

377 4404 540 4471 ptem
556 4418 753 4456 rerum
771 4400 1093 4470 potiturum
1125 4415 1255 4469 quas
1269 4401 1843 4458 estsummadierum
1862 4405 2018 4459 1290:

382 4489 484 4545 12
505 4493 533 4544 Ι
562 4494 688 4543 tum
718 4502 789 4540 eo
824 4487 885 4542 in
920 4488 1229 4542 Tartarum
1267 4487 1500 4558 abjecto
1532 4497 1843 4548 venturum
1882 4492 2018 4549 uni-

376 4576 527 4631 versi
584 4573 901 4631 Dominum
952 4576 1251 4632 Christum
1296 4578 1483 4634 Deum
1529 4587 1844 4649 nostrum;
1894 4582 2019 4639 fore
2052 4598 2099 4662 υ

376 4670 503 4719 tum
532 4664 1035 4719 resurrectionem
1083 4682 1152 4720 ac
1198 4665 1354 4722 bene
1400 4668 1677 4742 maleque
1726 4670 2020 4729 factorum

375 4749 944 4820 compensationem.
993 4753 1075 4809 De
1123 4753 1218 4810 his
1263 4754 1408 4828 ipsis
1456 4758 1737 4815 Danielus
1785 4776 2021 4834 quoque

373 4840 536 4895 vates
592 4839 866 4912 perhibet
922 4842 984 4898 in
1036 4843 1262 4900 visione
1331 4861 1438 4902 sua
1494 4844 1587 4903 his
1656 4847 1852 4906 verbis
1924 4848 2019 4905 ‘5:

377 4949 407 4977 κ
440 4927 568 4985 Dixi
598 4929 720 4987 viro
751 4931 1088 4988 vestelinea
1108 4932 1449 5008 induto,qui
1473 4953 1652 5010 super
1674 4953 1889 5011 aquam
1917 4938 2024 4996 ilu-

375 5016 452 5073 vii
470 5018 682 5076 stabat:
698 5018 944 5086 Quando
958 5021 1070 5077 erit
1086 5022 1223 5078 finis
1239 5023 1607 5081 mirabilium
1626 5025 1875 5083 istorum
1888 5043 2022 5098 quas

378 5109 631 5165 narrasti
657 5109 686 5165 ?
718 5111 770 5165 Is
798 5126 1013 5169 manus
1041 5127 1178 5168 suas
1209 5112 1286 5168 ad
1316 5112 1531 5170 cmlum
1562 5115 1824 5179 sustulit,
1848 5116 2020 5187 jura.

379 5196 577 5266 vitque
604 5214 710 5269 per
739 5215 872 5256 eum
898 5201 999 5272 qui
1032 5202 1461 5273 sempiternum
1487 5202 1777 5269 vivit,fore
1810 5203 1868 5259 id
1891 5209 2024 5277 post

377 5288 1000 5358 tempus,tempora.ac
1024 5288 1341 5345 dimidium
1366 5290 1669 5362 temporis.
1687 5290 1895 5347 Audivi
1915 5308 2021 5366 ego

372 5379 431 5428 et
460 5373 727 5429 intellexi
748 5392 816 5432 ac
837 5377 955 5432 dixi
988 5394 1002 5431 :
1035 5379 1099 5433 Et
1117 5378 1260 5450 quid
1282 5380 1398 5435 erit
1415 5386 1743 5436 extremum
1765 5380 1976 5438 horum
1993 5381 2023 5438 ‘l

373 5461 684 5534 respondit
712 5479 726 5519 :
756 5465 801 5517 A
834 5468 1101 5537 tempore
1122 5466 1427 5524 immutati
1446 5468 1715 5526 continui
1745 5469 2023 5528 sacrificii

442 5640 490 5686 ³³
517 5643 663 5701 Dan.
695 5657 775 5713 ιι,
805 5657 902 5703 xu.

2138 3314 2328 3387 ἡλίου.
2385 3317 2448 3375 ὐ
2505 3314 2564 3373 δὶ
2606 3320 2769 3375 τοῦτο
2825 3318 3143 3397 περαλιπὼν
3201 3322 3507 3398 θησαυροὺς
3570 3325 3656 3399 [Ρ.
3688 3324 3782 3399 68]

2137 3406 2229 3461 καὶ
2285 3404 2524 3463 πλοῦτον
2613 3407 2704 3464 καὶ
2790 3408 3070 3485 βασιλείαν
3141 3409 3325 3475 αὐτοῖς
3427 3409 3784 3472 ὑπεδείκνυεν.

2141 3495 2402 3575 Ὠργίσθη
2434 3492 2493 3552 δὶ
2522 3495 2721 3573 Κύριος
2754 3498 2782 3553 6
2832 3499 2983 3568 Θεὸς,
3041 3500 3132 3556 καὶ
3186 3500 3454 3573 ἠπείλησε
3505 3506 3585 3576 τῷ
3634 3504 3784 3573 Ἐζε-

2137 3585 2247 3658 κίᾳ·
2310 3585 2464 3661 ὅμως
2551 3588 2845 3663 μετήνεγκε
2889 3590 2991 3661 τὴν
3050 3590 3222 3666 ὸργὴν
3282 3587 3372 3646 διὰ
3425 3592 3526 3663 τήν
3583 3590 3784 3668 ἀρετήν

2136 3674 2304 3732 αύτοῦ
2343 3674 2430 3733 ἐπὶ
2457 3675 2586 3739 τοὺς
2617 3678 2920 3754 ἀπογόνους
2946 3678 3138 3736 αὐτοῦ.

2206 3770 2324 3821 Ὀτι
2383 3763 2474 3822 διὰ
2552 3767 2649 3831 τὰς
2724 3762 2971 3833 ἀσεϐείας
3030 3768 3196 3826 αὐτοῦ
3260 3774 3548 3838 Μανασσῆς
3601 3771 3780 3849 αἰχμ·

2137 3855 2351 3919 άλωτος
2379 3856 2576 3933 γίνεται
2637 3856 2741 3913 ὑπὸ
2798 3857 3018 3935 Ἀσσὺρ,
3076 3859 3166 3915 καὶ
3223 3857 3642 3939 ἑξομολογέῖται
3696 3865 3779 3935 τῷ

2136 3947 2325 4024 Κυρίῳ
2381 3944 2434 4003 ἐν
2496 3946 2750 4023 μετανοίᾳ
2804 3944 3028 4023 καρδίας
3081 3949 3266 4019 αὐτοῦ,
3325 3951 3416 4007 καὶ
3473 3948 3781 4033 ἐπιστρέφει

2134 4034 2294 4091 αὐτὸν
2328 4036 2357 4091 6
2386 4036 2516 4100 Θεὸς
2547 4034 2638 4091 έπὶ
2666 4036 2766 4107 τήν
2809 4036 3087 4114 βασιλείαν
3142 4037 3329 4111 αὐτοῦ,
3376 4041 3465 4096 καὶ
3498 4039 3668 4097 έποίει
3719 4041 3784 4097 τὸ

2134 4124 2281 4187 εύθὶς
2313 4123 2542 4181 ἐνώπιον
2578 4125 2806 4201 Κυρίου.

2201 4216 2324 4272 Ὅτι
2354 4211 2406 4268 έν
2446 4217 2515 4289 τῇ
2570 4210 2804 4290 διαθήκῃ
2854 4215 3098 4287 Ἐζεκίου
3157 4215 3425 4294 βασιλέως
3454 4217 3632 4278 Ἰούδα
3690 4218 3781 4276 λέ-

2129 4323 2211 4378 γει
2267 4303 2492 4367 Ἡσαίας
2547 4303 2575 4358 ὸ
2633 4307 2924 4382 προφήτης
2996 4312 3262 4382 κρατῆσαι
3345 4309 3437 4365 τὸν
3496 4308 3781 4389 Ἀντίχρι-

2130 4412 2258 4447 στον
2286 4389 2381 4463 ἔτη
2415 4394 2463 4470 γ’
2491 4392 2581 4449 καὶ
2618 4399 2793 4468 μῆνας
2838 4395 2995 4467 δπτὰ,
3045 4397 3307 4471 γινόμενα
3359 4397 3569 4474 ἡμέρας
3624 4398 3757 4479 ἀσίζ

2130 4482 2232 4540 Καὶ
2291 4482 2428 4557 μετᾶ
2504 4483 2569 4540 τὸ
2650 4483 2742 4540 τὸν
2826 4483 3197 4561 Ἀντίχρισνον
3259 4486 3531 4565 βληθῆναι
3586 4488 3642 4546 ἰν
3696 4495 3779 4564 τῷ

2129 4571 2398 4648 Ταρτάρῳ
2428 4570 2605 4628 έλθεῖν
2659 4572 2753 4629 τὸν
2811 4573 3087 4646 Δεσπότην
3142 4579 3251 4632 τῶν
3317 4574 3484 4649 ὅλων,
3535 4579 3777 4654 Χριστὸν

2126 4661 2217 4716 τὸν
2251 4661 2381 4717 Θεὸν
2413 4662 2598 4735 ἡμῶν,
2641 4660 2887 4741 γενέσθαι
2929 4660 2988 4719 δὶ
3014 4663 3107 4721 καὶ
3162 4664 3449 4722 ἀνάστασιν
3504 4666 3594 4723 καὶ
3651 4665 3779 4724 ἀντ-

2129 4745 2390 4805 απόδοσιν
2448 4749 2634 4806 καλῶν
2725 4769 2785 4806 τε
2843 4749 2935 4807 καὶ
2992 4756 3191 4809 κακῶν.
3251 4754 3385 4831 Περὶ
3439 4759 3547 4811 τῶν
3596 4755 3778 4812 αύτῶν

2131 4835 2190 4894 δὲ
2243 4838 2333 4896 καὶ
2383 4839 2413 4895 6
2471 4840 2763 4922 προφήτης
2820 4842 3027 4911 Δανιὴλ
3084 4839 3137 4897 ἐν
3209 4845 3279 4918 τῇ
3337 4842 3568 4918 ὸπτασίᾳ
3626 4844 3775 4922 Λέγει

2130 4927 2447 5005 ὶωρακέναι,
2478 4929 2567 4985 καὶ
2606 4929 2792 5010 φησίν.
2828 4954 2857 4982 ‹‹
2918 4930 3089 4988 Εἶπον
3145 4936 3226 5005 τῷ
3290 4931 3446 5011 ἀνδρί
3500 4939 3580 5008 τῷ
3636 4931 3778 4991 ἐνδε·

2131 5015 2351 5093 δυμὲνῳ
2409 5018 2472 5075 τὸ
2533 5015 2747 5095 paean,
2805 5019 2864 5082 ’ὸς
2921 5021 2987 5090 ἧν
3046 5018 3224 5078 ἐπάνω
3281 5025 3378 5079 τοῦ
3435 5020 3628 5088 ὕδατος
3682 5028 3784 5081 τοῦ

2129 5111 2405 5183 ποταμοῦ·
2452 5109 2599 5170 Ἕως
2656 5107 2787 5165 πότε
2839 5109 2903 5164 τὸ
2962 5110 3128 5184 πέρας
3185 5115 3294 5166 τῶν
3362 5113 3676 5188 θαυμασίων
3705 5113 3780 5169 ὧν

2133 5195 2357 5273 ε”ρηκας
2399 5196 2547 5268 ςΚαὶ
2579 5196 2735 5272 ὕψωσ
2787 5196 2883 5260 τας
2937 5203 3129 5273 χεῖρας
3189 5198 3354 5257 αὐτοῦ
3404 5202 3482 5266 εἷς
3539 5202 3630 5259 τὸν
3684 5202 3782 5258 ού·

2131 5289 2314 5361 ρανὸν,
2372 5286 2462 5342 καὶ
2541 5285 2753 5361 ὤμοσεν
2800 5286 2852 5341 έν
2906 5290 2987 5342 τῶ
3043 5292 3209 5359 ζῶντι
3266 5290 3345 5354 είς
3399 5292 3527 5356 τοὺς
3584 5291 3784 5356 αἰῶνας

2130 5376 2215 5433 ὅτι
2248 5377 2326 5440 είς
2355 5378 2545 5454 καιρὸν
2574 5378 2665 5433 καὶ
2706 5378 2929 5454 καιροὺς
2986 5379 3077 5434 καί
3142 5379 3352 5455 ἥμισου
3407 5386 3627 5458 καιροῦ.
3684 5382 3782 5440 Καὶ

2130 5465 2239 5546 ἑγὼ
2264 5464 2480 5539 ἤκουσα
2513 5465 2605 5523 καὶ
2635 5472 2844 5540 συνῆκα
2870 5468 2959 5524 καὶ
3003 5468 3179 5529 εἶπον.
3239 5471 3341 5531 Καὶ
3404 5471 3454 5530 τί
3478 5472 3547 5530 τὰ
3576 5470 3781 5555 ἔσχατα
