  <div class='ocr_page' id='page_1' title='image "/cluster/home/n/w/nwhite01/storage/ocr_20150623/121/hvd.32044073502478/082.png"; bbox 0 0 4148 6196; ppageno 0'>
   <div class='ocr_carea' id='block_1_1' title="bbox 273 326 391 385">
    <p class='ocr_par' dir='ltr' id='par_1_1' title="bbox 273 326 391 385">
     <span class='ocr_line' id='line_1_1' title="bbox 273 326 391 385; baseline 0 -1"><span class='ocrx_word' id='word_1_1' title='bbox 273 326 391 385; x_wconf 75' lang='grc'>153</span> 
     </span>
    </p>
   </div>
   <div class='ocr_carea' id='block_1_2' title="bbox 1411 317 2559 387">
    <p class='ocr_par' dir='ltr' id='par_1_2' title="bbox 1411 317 2559 387">
     <span class='ocr_line' id='line_1_2' title="bbox 1411 317 2559 387; baseline 0.004 -8"><span class='ocrx_word' id='word_1_2' title='bbox 1411 317 1960 381; x_wconf 76' lang='lat' dir='ltr'><strong>HISTORIARUM</strong></span> <span class='ocrx_word' id='word_1_3' title='bbox 2007 319 2559 387; x_wconf 83' lang='lat' dir='ltr'><strong>COMPENDIUM.</strong></span> 
     </span>
    </p>
   </div>
   <div class='ocr_carea' id='block_1_3' title="bbox 3569 332 3683 390">
    <p class='ocr_par' dir='ltr' id='par_1_3' title="bbox 3569 332 3683 390">
     <span class='ocr_line' id='line_1_3' title="bbox 3569 332 3683 390; baseline -0.018 0"><span class='ocrx_word' id='word_1_4' title='bbox 3569 332 3683 390; x_wconf 72' lang='grc'><strong>154</strong></span> 
     </span>
    </p>
   </div>
   <div class='ocr_carea' id='block_1_4' title="bbox 264 447 1923 533">
    <p class='ocr_par' dir='ltr' id='par_1_4' title="bbox 264 447 1916 524">
     <span class='ocr_line' id='line_1_4' title="bbox 264 447 1916 524; baseline -0.002 -16"><span class='ocrx_word' id='word_1_5' title='bbox 264 456 506 523; x_wconf 73' lang='grc' dir='ltr'>τούτους</span> <span class='ocrx_word' id='word_1_6' title='bbox 541 452 641 508; x_wconf 80' lang='grc' dir='ltr'>Καὶ</span> <span class='ocrx_word' id='word_1_7' title='bbox 703 451 866 520; x_wconf 58' lang='lat' dir='ltr'><strong>eius;</strong></span> <span class='ocrx_word' id='word_1_8' title='bbox 930 447 1066 504; x_wconf 83' lang='grc' dir='ltr'>Ἀπὸ</span> <span class='ocrx_word' id='word_1_9' title='bbox 1123 451 1317 520; x_wconf 72' lang='grc' dir='ltr'>καιροῦ</span> <span class='ocrx_word' id='word_1_10' title='bbox 1375 447 1770 524; x_wconf 80' lang='grc' dir='ltr'>παραλλάξιως</span> <span class='ocrx_word' id='word_1_11' title='bbox 1816 451 1916 504; x_wconf 65' lang='grc' dir='ltr'><strong>τοῦ</strong></span> 
     </span>
    </p>
   </div>
   <div class='ocr_carea' id='block_1_5' title="bbox 2043 447 3680 533">
    <p class='ocr_par' dir='ltr' id='par_1_5' title="bbox 2043 454 3680 533">
     <span class='ocr_line' id='line_1_5' title="bbox 2043 454 3680 533; baseline 0.005 -26"><span class='ocrx_word' id='word_1_12' title='bbox 2043 454 2331 524; x_wconf 84' lang='lat' dir='ltr'><strong>piaculum</strong></span> <span class='ocrx_word' id='word_1_13' title='bbox 2354 455 2751 514; x_wconf 89' lang='lat' dir='ltr'><strong>abominabile</strong></span> <span class='ocrx_word' id='word_1_14' title='bbox 2785 456 3072 514; x_wconf 74' lang='lat' dir='ltr'><strong>vastitatis</strong></span> <span class='ocrx_word' id='word_1_15' title='bbox 3095 457 3350 526; x_wconf 78' lang='lat' dir='ltr'><strong>dabitur,</strong></span> <span class='ocrx_word' id='word_1_16' title='bbox 3395 476 3502 533; x_wconf 92' lang='lat' dir='ltr'><strong>per</strong></span> <span class='ocrx_word' id='word_1_17' title='bbox 3553 460 3680 516; x_wconf 90' lang='lat' dir='ltr'><strong>dies</strong></span> 
     </span>
    </p>
   </div>
   <div class='ocr_carea' id='block_1_6' title="bbox 263 534 1924 618">
    <p class='ocr_par' dir='ltr' id='par_1_6' title="bbox 263 534 1924 618">
     <span class='ocr_line' id='line_1_6' title="bbox 263 534 1924 618; baseline -0.003 -21"><span class='ocrx_word' id='word_1_18' title='bbox 263 539 693 618; x_wconf 73' lang='grc' dir='ltr'>ὶνδελεχισμοῦ,</span> <span class='ocrx_word' id='word_1_19' title='bbox 751 539 842 594; x_wconf 81' lang='grc' dir='ltr'>καὶ</span> <span class='ocrx_word' id='word_1_20' title='bbox 926 535 1154 607; x_wconf 75' lang='grc' dir='ltr'>δοθῆναι</span> <span class='ocrx_word' id='word_1_21' title='bbox 1241 534 1526 613; x_wconf 75' lang='grc' dir='ltr'>βδέλυγμα</span> <span class='ocrx_word' id='word_1_22' title='bbox 1589 537 1924 613; x_wconf 74' lang='grc' dir='ltr'><strong>ἐρημώσεως</strong></span> 
     </span>
    </p>
   </div>
   <div class='ocr_carea' id='block_1_7' title="bbox 267 627 1924 708">
    <p class='ocr_par' dir='ltr' id='par_1_7' title="bbox 267 627 1924 708">
     <span class='ocr_line' id='line_1_7' title="bbox 267 627 1924 708; baseline -0.003 -21"><span class='ocrx_word' id='word_1_23' title='bbox 267 633 481 707; x_wconf 68' lang='grc' dir='ltr'>ἡμέρας</span> <span class='ocrx_word' id='word_1_24' title='bbox 536 630 690 708; x_wconf 43' lang='grc' dir='ltr'><strong>,ασιικ</strong></span> <span class='ocrx_word' id='word_1_25' title='bbox 749 629 838 684; x_wconf 72' lang='grc' dir='ltr'>καὶ</span> <span class='ocrx_word' id='word_1_26' title='bbox 911 630 1172 702; x_wconf 83' lang='grc' dir='ltr'>μακᾶριος</span> <span class='ocrx_word' id='word_1_27' title='bbox 1224 627 1252 681; x_wconf 86' lang='grc' dir='ltr'><strong>ὸ</strong></span> <span class='ocrx_word' id='word_1_28' title='bbox 1307 627 1590 701; x_wconf 73' lang='grc' dir='ltr'><strong>ὑπομένων</strong></span> <span class='ocrx_word' id='word_1_29' title='bbox 1644 627 1733 682; x_wconf 79' lang='grc' dir='ltr'>καὶ</span> <span class='ocrx_word' id='word_1_30' title='bbox 1790 627 1924 704; x_wconf 71' lang='grc' dir='ltr'>φθά-</span> 
     </span>
    </p>
   </div>
   <div class='ocr_carea' id='block_1_8' title="bbox 273 715 825 794">
    <p class='ocr_par' dir='ltr' id='par_1_8' title="bbox 273 715 825 794">
     <span class='ocr_line' id='line_1_8' title="bbox 273 715 825 794; baseline -0.005 -18"><span class='ocrx_word' id='word_1_31' title='bbox 273 743 367 783; x_wconf 85' lang='grc' dir='ltr'>σας</span> <span class='ocrx_word' id='word_1_32' title='bbox 402 718 614 794; x_wconf 68' lang='grc' dir='ltr'>ἡμέρας</span> <span class='ocrx_word' id='word_1_33' title='bbox 645 715 825 794; x_wconf 61' lang='grc' dir='ltr'><strong>⁸ατλε“.</strong></span> 
     </span>
    </p>
   </div>
   <div class='ocr_carea' id='block_1_9' title="bbox 337 801 1924 882">
    <p class='ocr_par' dir='ltr' id='par_1_9' title="bbox 337 801 1924 882">
     <span class='ocr_line' id='line_1_9' title="bbox 337 801 1924 882; baseline -0.003 -17"><span class='ocrx_word' id='word_1_34' title='bbox 337 813 463 865; x_wconf 83' lang='grc' dir='ltr'>⁶οτι</span> <span class='ocrx_word' id='word_1_35' title='bbox 491 808 578 864; x_wconf 75' lang='grc' dir='ltr'><strong>ἰπὶ</strong></span> <span class='ocrx_word' id='word_1_36' title='bbox 611 813 720 864; x_wconf 89' lang='grc' dir='ltr'><strong>τῶν</strong></span> <span class='ocrx_word' id='word_1_37' title='bbox 749 806 966 882; x_wconf 80' lang='grc' dir='ltr'>χρόνων</span> <span class='ocrx_word' id='word_1_38' title='bbox 1033 808 1223 880; x_wconf 82' lang='grc' dir='ltr'>Ἀμῶς</span> <span class='ocrx_word' id='word_1_39' title='bbox 1289 802 1559 878; x_wconf 72' lang='grc' dir='ltr'>βασιλέως</span> <span class='ocrx_word' id='word_1_40' title='bbox 1621 801 1802 861; x_wconf 87' lang='grc' dir='ltr'>Ἰούδα</span> <span class='ocrx_word' id='word_1_41' title='bbox 1857 805 1924 860; x_wconf 72' lang='grc' dir='ltr'>τὰ</span> 
     </span>
    </p>
   </div>
   <div class='ocr_carea' id='block_1_10' title="bbox 272 893 1928 975">
    <p class='ocr_par' dir='ltr' id='par_1_10' title="bbox 272 893 1928 975">
     <span class='ocr_line' id='line_1_10' title="bbox 272 893 1928 975; baseline -0.005 -18"><span class='ocrx_word' id='word_1_42' title='bbox 272 901 396 975; x_wconf 74' lang='grc' dir='ltr'>περὶ</span> <span class='ocrx_word' id='word_1_43' title='bbox 447 906 548 969; x_wconf 74' lang='grc' dir='ltr'><strong>τῆς</strong></span> <span class='ocrx_word' id='word_1_44' title='bbox 619 895 778 953; x_wconf 76' lang='grc' dir='ltr'>Νιναΐ</span> <span class='ocrx_word' id='word_1_45' title='bbox 832 895 1274 974; x_wconf 56' lang='grc' dir='ltr'>προρητευθὲντα</span> <span class='ocrx_word' id='word_1_46' title='bbox 1328 895 1465 949; x_wconf 82' lang='grc' dir='ltr'><strong>κατᾶ</strong></span> <span class='ocrx_word' id='word_1_47' title='bbox 1527 894 1655 956; x_wconf 78' lang='grc' dir='ltr'>τοὺς</span> <span class='ocrx_word' id='word_1_48' title='bbox 1695 893 1928 970; x_wconf 77' lang='grc' dir='ltr'>χρόνους</span> 
     </span>
    </p>
   </div>
   <div class='ocr_carea' id='block_1_11' title="bbox 271 979 1926 1064">
    <p class='ocr_par' dir='ltr' id='par_1_11' title="bbox 271 979 1926 1064">
     <span class='ocr_line' id='line_1_11' title="bbox 271 979 1926 1064; baseline -0.005 -18"><span class='ocrx_word' id='word_1_49' title='bbox 271 993 498 1051; x_wconf 85' lang='grc' dir='ltr'>τούτους</span> <span class='ocrx_word' id='word_1_50' title='bbox 529 987 693 1064; x_wconf 82' lang='grc' dir='ltr'>πέρας</span> <span class='ocrx_word' id='word_1_51' title='bbox 727 983 909 1062; x_wconf 62' lang='grc' dir='ltr'>ἔσχεν.</span> <span class='ocrx_word' id='word_1_52' title='bbox 970 988 1195 1060; x_wconf 82' lang='grc' dir='ltr'>Ἱστορεῖ</span> <span class='ocrx_word' id='word_1_53' title='bbox 1251 981 1308 1040; x_wconf 75' lang='grc' dir='ltr'>δὲ</span> <span class='ocrx_word' id='word_1_54' title='bbox 1368 985 1635 1054; x_wconf 72' lang='grc' dir='ltr'>Ἰώσηπος</span> <span class='ocrx_word' id='word_1_55' title='bbox 1694 979 1745 1038; x_wconf 76' lang='grc' dir='ltr'>ἐν</span> <span class='ocrx_word' id='word_1_56' title='bbox 1777 987 1857 1056; x_wconf 76' lang='grc' dir='ltr'>τῷ</span> <span class='ocrx_word' id='word_1_57' title='bbox 1879 983 1926 1038; x_wconf 85' lang='lat'><strong>0&#39;</strong></span> 
     </span>
    </p>
   </div>
   <div class='ocr_carea' id='block_1_12' title="bbox 269 1072 1925 1155">
    <p class='ocr_par' dir='ltr' id='par_1_12' title="bbox 269 1072 1925 1155">
     <span class='ocr_line' id='line_1_12' title="bbox 269 1072 1925 1155; baseline -0.006 -18"><span class='ocrx_word' id='word_1_58' title='bbox 269 1087 368 1151; x_wconf 75' lang='grc' dir='ltr'>τῆς</span> <span class='ocrx_word' id='word_1_59' title='bbox 403 1077 828 1155; x_wconf 83' lang='grc' dir='ltr'>Ἀρχαιολογίας</span> <span class='ocrx_word' id='word_1_60' title='bbox 877 1076 971 1132; x_wconf 87' lang='grc' dir='ltr'><strong>τὸν</strong></span> <span class='ocrx_word' id='word_1_61' title='bbox 1030 1076 1211 1133; x_wconf 78' lang='grc' dir='ltr'>Ἰωνᾶν</span> <span class='ocrx_word' id='word_1_62' title='bbox 1269 1072 1640 1138; x_wconf 67' lang='grc' dir='ltr'>καταποθέντα</span> <span class='ocrx_word' id='word_1_63' title='bbox 1694 1072 1800 1129; x_wconf 85' lang='grc' dir='ltr'><strong>ύπὸ</strong></span> <span class='ocrx_word' id='word_1_64' title='bbox 1828 1077 1925 1128; x_wconf 69' lang='grc' dir='ltr'><strong>τοῦ</strong></span> 
     </span>
    </p>
   </div>
   <div class='ocr_carea' id='block_1_13' title="bbox 269 1158 1924 1242">
    <p class='ocr_par' dir='ltr' id='par_1_13' title="bbox 269 1158 1924 1242">
     <span class='ocr_line' id='line_1_13' title="bbox 269 1158 1924 1242; baseline -0.005 -17"><span class='ocrx_word' id='word_1_65' title='bbox 269 1173 473 1241; x_wconf 76' lang='grc' dir='ltr'>κήτους</span> <span class='ocrx_word' id='word_1_66' title='bbox 507 1170 641 1242; x_wconf 83' lang='grc' dir='ltr'>μετᾶ</span> <span class='ocrx_word' id='word_1_67' title='bbox 687 1172 836 1239; x_wconf 80' lang='grc' dir='ltr'>τρεῖς</span> <span class='ocrx_word' id='word_1_68' title='bbox 882 1167 1092 1239; x_wconf 71' lang='grc' dir='ltr'>ἡμέρας</span> <span class='ocrx_word' id='word_1_69' title='bbox 1131 1164 1223 1220; x_wconf 81' lang='grc' dir='ltr'><strong>καὶ</strong></span> <span class='ocrx_word' id='word_1_70' title='bbox 1274 1170 1421 1239; x_wconf 81' lang='grc' dir='ltr'>τρεῖς</span> <span class='ocrx_word' id='word_1_71' title='bbox 1473 1165 1668 1226; x_wconf 89' lang='grc' dir='ltr'>νύκτας</span> <span class='ocrx_word' id='word_1_72' title='bbox 1726 1158 1924 1238; x_wconf 73' lang='grc' dir='ltr'>ἐκϐρα-</span> 
     </span>
    </p>
   </div>
   <div class='ocr_carea' id='block_1_14' title="bbox 271 1255 1361 1330">
    <p class='ocr_par' dir='ltr' id='par_1_14' title="bbox 271 1255 1361 1330">
     <span class='ocr_line' id='line_1_14' title="bbox 271 1255 1361 1330; baseline -0.005 -14"><span class='ocrx_word' id='word_1_73' title='bbox 271 1263 463 1330; x_wconf 74' lang='grc' dir='ltr'>σθῆναι</span> <span class='ocrx_word' id='word_1_74' title='bbox 488 1263 665 1329; x_wconf 83' lang='grc' dir='ltr'>ζῶντα</span> <span class='ocrx_word' id='word_1_75' title='bbox 693 1256 746 1312; x_wconf 78' lang='grc' dir='ltr'>ἐν</span> <span class='ocrx_word' id='word_1_76' title='bbox 778 1260 860 1329; x_wconf 73' lang='grc' dir='ltr'><strong>τῷ</strong></span> <span class='ocrx_word' id='word_1_77' title='bbox 892 1255 1126 1328; x_wconf 74' lang='grc' dir='ltr'>Εὐξείνῳ</span> <span class='ocrx_word' id='word_1_78' title='bbox 1157 1256 1361 1326; x_wconf 81' lang='grc' dir='ltr'><strong>πόντῳ.</strong></span> 
     </span>
    </p>
   </div>
   <div class='ocr_carea' id='block_1_15' title="bbox 339 1341 1922 1424">
    <p class='ocr_par' dir='ltr' id='par_1_15' title="bbox 339 1341 1922 1424">
     <span class='ocr_line' id='line_1_15' title="bbox 339 1341 1922 1424; baseline -0.006 -18"><span class='ocrx_word' id='word_1_79' title='bbox 339 1353 485 1406; x_wconf 81' lang='grc' dir='ltr'>’Λπο</span> <span class='ocrx_word' id='word_1_80' title='bbox 514 1352 613 1404; x_wconf 78' lang='grc' dir='ltr'><strong>τοῦ</strong></span> <span class='ocrx_word' id='word_1_81' title='bbox 643 1350 692 1423; x_wconf 72' lang='grc' dir='ltr'><strong>γ’</strong></span> <span class='ocrx_word' id='word_1_82' title='bbox 727 1342 951 1422; x_wconf 78' lang='grc' dir='ltr'>βιϐλίου</span> <span class='ocrx_word' id='word_1_83' title='bbox 977 1352 1080 1414; x_wconf 74' lang='grc' dir='ltr'>τῆς</span> <span class='ocrx_word' id='word_1_84' title='bbox 1131 1341 1570 1424; x_wconf 80' lang='grc' dir='ltr'>Ἀρχαιολογίας</span> <span class='ocrx_word' id='word_1_85' title='bbox 1628 1344 1922 1414; x_wconf 77' lang='grc' dir='ltr'><strong>Ἰωσήπου,</strong></span> 
     </span>
    </p>
   </div>
   <div class='ocr_carea' id='block_1_16' title="bbox 271 1426 1922 1508">
    <p class='ocr_par' dir='ltr' id='par_1_16' title="bbox 271 1426 1922 1508">
     <span class='ocr_line' id='line_1_16' title="bbox 271 1426 1922 1508; baseline -0.005 -14"><span class='ocrx_word' id='word_1_86' title='bbox 271 1440 353 1495; x_wconf 77' lang='grc' dir='ltr'><strong>δτι</strong></span> <span class='ocrx_word' id='word_1_87' title='bbox 399 1437 488 1492; x_wconf 79' lang='grc' dir='ltr'>ἐάν</span> <span class='ocrx_word' id='word_1_88' title='bbox 546 1457 631 1498; x_wconf 90' lang='grc' dir='ltr'><strong>τις</strong></span> <span class='ocrx_word' id='word_1_89' title='bbox 691 1435 968 1508; x_wconf 68' lang='grc' dir='ltr'>ὑπονοήσῃ</span> <span class='ocrx_word' id='word_1_90' title='bbox 1024 1436 1133 1488; x_wconf 87' lang='grc' dir='ltr'><strong>τῶν</strong></span> <span class='ocrx_word' id='word_1_91' title='bbox 1195 1426 1463 1505; x_wconf 81' lang='grc' dir='ltr'>Ἐϐραίων</span> <span class='ocrx_word' id='word_1_92' title='bbox 1525 1434 1922 1506; x_wconf 75' lang='grc' dir='ltr'>μεμοιχεῦσθαι</span> 
     </span>
    </p>
   </div>
   <div class='ocr_carea' id='block_1_17' title="bbox 275 1520 1923 1601">
    <p class='ocr_par' dir='ltr' id='par_1_17' title="bbox 275 1520 1923 1601">
     <span class='ocr_line' id='line_1_17' title="bbox 275 1520 1923 1601; baseline -0.005 -18"><span class='ocrx_word' id='word_1_93' title='bbox 275 1529 442 1583; x_wconf 74' lang='grc' dir='ltr'>αύτοῦ</span> <span class='ocrx_word' id='word_1_94' title='bbox 468 1529 568 1596; x_wconf 78' lang='grc' dir='ltr'><strong>τήν</strong></span> <span class='ocrx_word' id='word_1_95' title='bbox 614 1531 864 1601; x_wconf 86' lang='grc' dir='ltr'>γυναῖκα,</span> <span class='ocrx_word' id='word_1_96' title='bbox 933 1523 1152 1596; x_wconf 78' lang='grc' dir='ltr'>κομίζει</span> <span class='ocrx_word' id='word_1_97' title='bbox 1205 1523 1410 1593; x_wconf 79' lang='grc' dir='ltr'>κριθῶν</span> <span class='ocrx_word' id='word_1_98' title='bbox 1468 1521 1702 1595; x_wconf 84' lang='grc' dir='ltr'>ἀλεύρου</span> <span class='ocrx_word' id='word_1_99' title='bbox 1757 1520 1923 1576; x_wconf 73' lang='grc' dir='ltr'><strong>ἀσσά-</strong></span> 
     </span>
    </p>
   </div>
   <div class='ocr_carea' id='block_1_18' title="bbox 276 1605 1924 1692">
    <p class='ocr_par' dir='ltr' id='par_1_18' title="bbox 276 1605 1924 1692">
     <span class='ocr_line' id='line_1_18' title="bbox 276 1605 1924 1692; baseline -0.004 -20"><span class='ocrx_word' id='word_1_100' title='bbox 276 1637 442 1692; x_wconf 84' lang='grc' dir='ltr'>ρωνα,</span> <span class='ocrx_word' id='word_1_101' title='bbox 475 1618 568 1671; x_wconf 79' lang='grc' dir='ltr'><strong>καὶ</strong></span> <span class='ocrx_word' id='word_1_102' title='bbox 605 1614 730 1688; x_wconf 87' lang='grc' dir='ltr'>μίαν</span> <span class='ocrx_word' id='word_1_103' title='bbox 760 1615 930 1682; x_wconf 71' lang='grc' dir='ltr'>αὐτῆς</span> <span class='ocrx_word' id='word_1_104' title='bbox 981 1609 1152 1686; x_wconf 89' lang='grc' dir='ltr'>δράκα</span> <span class='ocrx_word' id='word_1_105' title='bbox 1181 1605 1530 1672; x_wconf 77' lang='grc' dir='ltr'>ἐπιϐαλόντες</span> <span class='ocrx_word' id='word_1_106' title='bbox 1574 1614 1653 1682; x_wconf 77' lang='grc' dir='ltr'>τῷ</span> <span class='ocrx_word' id='word_1_107' title='bbox 1697 1615 1812 1682; x_wconf 88' lang='grc' dir='ltr'>Θεῷ</span> <span class='ocrx_word' id='word_1_108' title='bbox 1860 1611 1924 1666; x_wconf 87' lang='grc' dir='ltr'><strong>τὸ</strong></span> 
     </span>
    </p>
   </div>
   <div class='ocr_carea' id='block_1_19' title="bbox 276 1697 1923 1778">
    <p class='ocr_par' dir='ltr' id='par_1_19' title="bbox 276 1697 1923 1778">
     <span class='ocr_line' id='line_1_19' title="bbox 276 1697 1923 1778; baseline -0.011 -17"><span class='ocrx_word' id='word_1_109' title='bbox 276 1705 471 1761; x_wconf 79' lang='grc' dir='ltr'>λοιπὸν</span> <span class='ocrx_word' id='word_1_110' title='bbox 499 1709 620 1765; x_wconf 87' lang='grc' dir='ltr'>τοῖς</span> <span class='ocrx_word' id='word_1_111' title='bbox 649 1703 845 1778; x_wconf 74' lang='grc' dir='ltr'>ἱερεῦσι</span> <span class='ocrx_word' id='word_1_112' title='bbox 876 1699 1118 1757; x_wconf 87' lang='grc' dir='ltr'>διδόασιν</span> <span class='ocrx_word' id='word_1_113' title='bbox 1153 1699 1228 1762; x_wconf 87' lang='grc' dir='ltr'><strong>είς</strong></span> <span class='ocrx_word' id='word_1_114' title='bbox 1285 1701 1514 1774; x_wconf 70' lang='grc' dir='ltr'>τροφήν.</span> <span class='ocrx_word' id='word_1_115' title='bbox 1571 1700 1685 1769; x_wconf 71' lang='grc' dir='ltr'><strong>Τήν</strong></span> <span class='ocrx_word' id='word_1_116' title='bbox 1743 1697 1800 1754; x_wconf 74' lang='grc' dir='ltr'>δὲ</span> <span class='ocrx_word' id='word_1_117' title='bbox 1827 1721 1923 1774; x_wconf 77' lang='grc' dir='ltr'><strong>γυ.</strong></span> 
     </span>
    </p>
   </div>
   <div class='ocr_carea' id='block_1_20' title="bbox 269 1788 1920 1867">
    <p class='ocr_par' dir='ltr' id='par_1_20' title="bbox 269 1788 1920 1867">
     <span class='ocr_line' id='line_1_20' title="bbox 269 1788 1920 1867; baseline -0.004 -17"><span class='ocrx_word' id='word_1_118' title='bbox 269 1803 427 1852; x_wconf 88' lang='grc' dir='ltr'>ναῖκα</span> <span class='ocrx_word' id='word_1_119' title='bbox 484 1798 684 1865; x_wconf 71' lang='grc' dir='ltr'>στήσας</span> <span class='ocrx_word' id='word_1_120' title='bbox 743 1795 770 1848; x_wconf 87' lang='grc' dir='ltr'><strong>ὁ</strong></span> <span class='ocrx_word' id='word_1_121' title='bbox 827 1791 1000 1867; x_wconf 78' lang='grc' dir='ltr'>ίερεὺς</span> <span class='ocrx_word' id='word_1_122' title='bbox 1066 1791 1204 1846; x_wconf 79' lang='grc' dir='ltr'>κατὰ</span> <span class='ocrx_word' id='word_1_123' title='bbox 1253 1789 1348 1852; x_wconf 74' lang='grc' dir='ltr'>τὰς</span> <span class='ocrx_word' id='word_1_124' title='bbox 1407 1788 1588 1854; x_wconf 82' lang='grc' dir='ltr'>πύλας</span> <span class='ocrx_word' id='word_1_125' title='bbox 1641 1790 1776 1862; x_wconf 83' lang='grc' dir='ltr'>πρὸς</span> <span class='ocrx_word' id='word_1_126' title='bbox 1829 1789 1920 1845; x_wconf 87' lang='grc' dir='ltr'><strong>τὸν</strong></span> 
     </span>
    </p>
   </div>
   <div class='ocr_carea' id='block_1_21' title="bbox 269 1879 1921 1960">
    <p class='ocr_par' dir='ltr' id='par_1_21' title="bbox 269 1879 1921 1960">
     <span class='ocr_line' id='line_1_21' title="bbox 269 1879 1921 1960; baseline -0.005 -19"><span class='ocrx_word' id='word_1_127' title='bbox 269 1886 428 1951; x_wconf 87' lang='grc' dir='ltr'>νεὼν,</span> <span class='ocrx_word' id='word_1_128' title='bbox 460 1885 681 1953; x_wconf 75' lang='grc' dir='ltr'><strong>καίτὴν</strong></span> <span class='ocrx_word' id='word_1_129' title='bbox 731 1881 975 1960; x_wconf 71' lang='grc' dir='ltr'>κεφαλὴν</span> <span class='ocrx_word' id='word_1_130' title='bbox 1041 1879 1207 1950; x_wconf 74' lang='grc' dir='ltr'>αὐτῆς</span> <span class='ocrx_word' id='word_1_131' title='bbox 1261 1879 1576 1956; x_wconf 78' lang='grc' dir='ltr'><strong>γυμνώσας,</strong></span> <span class='ocrx_word' id='word_1_132' title='bbox 1633 1879 1921 1956; x_wconf 65' lang='grc' dir='ltr'>ἐπιγράφει</span> 
     </span>
    </p>
   </div>
   <div class='ocr_carea' id='block_1_22' title="bbox 263 1965 1924 2048">
    <p class='ocr_par' dir='ltr' id='par_1_22' title="bbox 263 1965 1924 2048">
     <span class='ocr_line' id='line_1_22' title="bbox 263 1965 1924 2048; baseline -0.005 -18"><span class='ocrx_word' id='word_1_133' title='bbox 263 1979 359 2031; x_wconf 78' lang='grc' dir='ltr'><strong>τοῦ</strong></span> <span class='ocrx_word' id='word_1_134' title='bbox 417 1977 555 2030; x_wconf 72' lang='grc' dir='ltr'>Θεοῦ</span> <span class='ocrx_word' id='word_1_135' title='bbox 638 1973 738 2040; x_wconf 71' lang='grc' dir='ltr'>τὴν</span> <span class='ocrx_word' id='word_1_136' title='bbox 820 1969 1186 2046; x_wconf 75' lang='grc' dir='ltr'>προσηγορίαν</span> <span class='ocrx_word' id='word_1_137' title='bbox 1266 1966 1512 2048; x_wconf 67' lang='grc' dir='ltr'>διφθέρᾳ.</span> <span class='ocrx_word' id='word_1_138' title='bbox 1591 1967 1814 2024; x_wconf 88' lang='grc' dir='ltr'>Κελεύει</span> <span class='ocrx_word' id='word_1_139' title='bbox 1867 1965 1924 2022; x_wconf 77' lang='grc' dir='ltr'>δὶ</span> 
     </span>
    </p>
   </div>
   <div class='ocr_carea' id='block_1_23' title="bbox 270 2052 1926 2138">
    <p class='ocr_par' dir='ltr' id='par_1_23' title="bbox 270 2052 1926 2138">
     <span class='ocr_line' id='line_1_23' title="bbox 270 2052 1926 2138; baseline -0.005 -19"><span class='ocrx_word' id='word_1_140' title='bbox 270 2063 488 2138; x_wconf 73' lang='grc' dir='ltr'>ὀμνύειν</span> <span class='ocrx_word' id='word_1_141' title='bbox 554 2058 724 2135; x_wconf 74' lang='grc' dir='ltr'>μηδὲν</span> <span class='ocrx_word' id='word_1_142' title='bbox 781 2057 1023 2130; x_wconf 69' lang='grc' dir='ltr'>ἧδικὲναι</span> <span class='ocrx_word' id='word_1_143' title='bbox 1083 2058 1205 2134; x_wconf 81' lang='grc' dir='ltr'>περὶ</span> <span class='ocrx_word' id='word_1_144' title='bbox 1261 2060 1356 2114; x_wconf 78' lang='grc' dir='ltr'><strong>τὸν</strong></span> <span class='ocrx_word' id='word_1_145' title='bbox 1423 2054 1609 2130; x_wconf 75' lang='grc' dir='ltr'>ἄνδρα.</span> <span class='ocrx_word' id='word_1_146' title='bbox 1673 2052 1926 2134; x_wconf 85' lang='grc' dir='ltr'>Παραϐἇ-</span> 
     </span>
    </p>
   </div>
   <div class='ocr_carea' id='block_1_24' title="bbox 269 2147 1922 2228">
    <p class='ocr_par' dir='ltr' id='par_1_24' title="bbox 269 2147 1922 2228">
     <span class='ocr_line' id='line_1_24' title="bbox 269 2147 1922 2228; baseline -0.005 -18"><span class='ocrx_word' id='word_1_147' title='bbox 269 2177 357 2210; x_wconf 88' lang='grc' dir='ltr'><strong>σαν</strong></span> <span class='ocrx_word' id='word_1_148' title='bbox 414 2153 472 2209; x_wconf 69' lang='grc' dir='ltr'>δὲ</span> <span class='ocrx_word' id='word_1_149' title='bbox 527 2154 588 2208; x_wconf 89' lang='grc' dir='ltr'>τὸ</span> <span class='ocrx_word' id='word_1_150' title='bbox 641 2157 878 2228; x_wconf 69' lang='grc' dir='ltr'>σῶνρρον,</span> <span class='ocrx_word' id='word_1_151' title='bbox 925 2154 1022 2206; x_wconf 76' lang='grc' dir='ltr'>τοῦ</span> <span class='ocrx_word' id='word_1_152' title='bbox 1081 2147 1256 2222; x_wconf 72' lang='grc' dir='ltr'>δεξιοῦ</span> <span class='ocrx_word' id='word_1_153' title='bbox 1316 2147 1544 2210; x_wconf 80' lang='grc' dir='ltr'>σκέλους</span> <span class='ocrx_word' id='word_1_154' title='bbox 1598 2149 1662 2203; x_wconf 89' lang='grc' dir='ltr'><strong>τὸ</strong></span> <span class='ocrx_word' id='word_1_155' title='bbox 1725 2147 1922 2223; x_wconf 75' lang='grc' dir='ltr'>ἄρθρον</span> 
     </span>
    </p>
   </div>
   <div class='ocr_carea' id='block_1_25' title="bbox 273 2235 1926 2317">
    <p class='ocr_par' dir='ltr' id='par_1_25' title="bbox 273 2235 1926 2317">
     <span class='ocr_line' id='line_1_25' title="bbox 273 2235 1926 2317; baseline -0.004 -19"><span class='ocrx_word' id='word_1_156' title='bbox 273 2243 528 2317; x_wconf 74' lang='grc' dir='ltr'>ἔξαρθρον</span> <span class='ocrx_word' id='word_1_157' title='bbox 566 2240 836 2316; x_wconf 71' lang='grc' dir='ltr'>γενέσθαι,</span> <span class='ocrx_word' id='word_1_158' title='bbox 889 2239 977 2293; x_wconf 84' lang='grc' dir='ltr'><strong>καὶ</strong></span> <span class='ocrx_word' id='word_1_159' title='bbox 1029 2239 1132 2308; x_wconf 75' lang='grc' dir='ltr'><strong>τήν</strong></span> <span class='ocrx_word' id='word_1_160' title='bbox 1187 2239 1418 2315; x_wconf 78' lang='grc' dir='ltr'><strong>γαστέρα</strong></span> <span class='ocrx_word' id='word_1_161' title='bbox 1477 2242 1789 2308; x_wconf 84' lang='grc' dir='ltr'>πρισθεῖσαν</span> <span class='ocrx_word' id='word_1_162' title='bbox 1833 2235 1926 2292; x_wconf 76' lang='grc' dir='ltr'>ού-</span> 
     </span>
    </p>
   </div>
   <div class='ocr_carea' id='block_1_26' title="bbox 271 2324 1925 2405">
    <p class='ocr_par' dir='ltr' id='par_1_26' title="bbox 271 2324 1925 2405">
     <span class='ocr_line' id='line_1_26' title="bbox 271 2324 1925 2405; baseline -0.004 -14"><span class='ocrx_word' id='word_1_163' title='bbox 271 2357 374 2398; x_wconf 89' lang='grc' dir='ltr'>τως</span> <span class='ocrx_word' id='word_1_164' title='bbox 406 2335 709 2391; x_wconf 81' lang='grc' dir='ltr'>Ξιποθανεῖν.</span> <span class='ocrx_word' id='word_1_165' title='bbox 763 2332 886 2389; x_wconf 75' lang='grc' dir='ltr'>Ἐάν</span> <span class='ocrx_word' id='word_1_166' title='bbox 925 2332 982 2386; x_wconf 75' lang='grc' dir='ltr'><strong>ὖέ</strong></span> <span class='ocrx_word' id='word_1_167' title='bbox 1019 2331 1122 2386; x_wconf 82' lang='grc' dir='ltr'><strong>ὑπὸ</strong></span> <span class='ocrx_word' id='word_1_168' title='bbox 1179 2328 1398 2386; x_wconf 72' lang='grc' dir='ltr'>πολλοῦ</span> <span class='ocrx_word' id='word_1_169' title='bbox 1454 2324 1657 2405; x_wconf 72' lang='grc' dir='ltr'>ἔρωτος</span> <span class='ocrx_word' id='word_1_170' title='bbox 1703 2331 1925 2395; x_wconf 72' lang='grc' dir='ltr'>καὶτῆς</span> 
     </span>
    </p>
   </div>
   <div class='ocr_carea' id='block_1_27' title="bbox 271 2417 1924 2496">
    <p class='ocr_par' dir='ltr' id='par_1_27' title="bbox 271 2417 1924 2496">
     <span class='ocr_line' id='line_1_27' title="bbox 271 2417 1924 2496; baseline -0.004 -16"><span class='ocrx_word' id='word_1_171' title='bbox 271 2425 465 2480; x_wconf 88' lang='grc' dir='ltr'>τούτου</span> <span class='ocrx_word' id='word_1_172' title='bbox 510 2421 847 2494; x_wconf 74' lang='grc' dir='ltr'>ζηλοτυπίας</span> <span class='ocrx_word' id='word_1_173' title='bbox 909 2421 1249 2496; x_wconf 84' lang='grc' dir='ltr'>προπετῶςὸ</span> <span class='ocrx_word' id='word_1_174' title='bbox 1290 2420 1425 2494; x_wconf 74' lang='grc' dir='ltr'><strong>ἀνῆρ</strong></span> <span class='ocrx_word' id='word_1_175' title='bbox 1484 2417 1574 2475; x_wconf 78' lang='grc' dir='ltr'><strong>διά</strong></span> <span class='ocrx_word' id='word_1_176' title='bbox 1631 2421 1731 2489; x_wconf 75' lang='grc' dir='ltr'>τήν</span> <span class='ocrx_word' id='word_1_177' title='bbox 1789 2419 1924 2474; x_wconf 81' lang='grc' dir='ltr'>ὑπό-</span> 
     </span>
    </p>
   </div>
   <div class='ocr_carea' id='block_1_28' title="bbox 269 2506 1924 2585">
    <p class='ocr_par' dir='ltr' id='par_1_28' title="bbox 269 2506 1924 2585">
     <span class='ocr_line' id='line_1_28' title="bbox 269 2506 1924 2585; baseline -0.004 -17"><span class='ocrx_word' id='word_1_178' title='bbox 269 2535 418 2568; x_wconf 78' lang='grc' dir='ltr'>νοιαν</span> <span class='ocrx_word' id='word_1_179' title='bbox 473 2511 561 2583; x_wconf 66' lang='grc' dir='ltr'>εἴη</span> <span class='ocrx_word' id='word_1_180' title='bbox 621 2512 999 2584; x_wconf 66' lang='grc' dir='ltr'>κεκινημένος,</span> <span class='ocrx_word' id='word_1_181' title='bbox 1055 2509 1188 2582; x_wconf 79' lang='grc' dir='ltr'>μηνὶ</span> <span class='ocrx_word' id='word_1_182' title='bbox 1243 2506 1450 2581; x_wconf 79' lang='grc' dir='ltr'>δεκάτῳ</span> <span class='ocrx_word' id='word_1_183' title='bbox 1504 2509 1747 2585; x_wconf 63' lang='grc' dir='ltr'>γενέσθαι</span> <span class='ocrx_word' id='word_1_184' title='bbox 1797 2529 1924 2562; x_wconf 77' lang='grc' dir='ltr'>παι-</span> 
     </span>
    </p>
   </div>
   <div class='ocr_carea' id='block_1_29' title="bbox 275 2596 1922 2678">
    <p class='ocr_par' dir='ltr' id='par_1_29' title="bbox 275 2596 1922 2678">
     <span class='ocr_line' id='line_1_29' title="bbox 275 2596 1922 2678; baseline -0.002 -21"><span class='ocrx_word' id='word_1_185' title='bbox 275 2600 390 2657; x_wconf 84' lang='grc' dir='ltr'>δίον</span> <span class='ocrx_word' id='word_1_186' title='bbox 419 2601 579 2678; x_wconf 74' lang='grc' dir='ltr'>ἄρῤεν</span> <span class='ocrx_word' id='word_1_187' title='bbox 621 2601 781 2674; x_wconf 78' lang='grc' dir='ltr'>αύτῇ.</span> <span class='ocrx_word' id='word_1_188' title='bbox 840 2603 963 2657; x_wconf 86' lang='grc' dir='ltr'>Τῶν</span> <span class='ocrx_word' id='word_1_189' title='bbox 1025 2596 1082 2654; x_wconf 74' lang='grc' dir='ltr'>δὶ</span> <span class='ocrx_word' id='word_1_190' title='bbox 1138 2598 1314 2672; x_wconf 79' lang='grc' dir='ltr'>ὅρκων</span> <span class='ocrx_word' id='word_1_191' title='bbox 1369 2597 1922 2668; x_wconf 69' lang='grc' dir='ltr'>τελετωθὲντων,τῆς</span> 
     </span>
    </p>
   </div>
   <div class='ocr_carea' id='block_1_30' title="bbox 271 2685 1918 2769">
    <p class='ocr_par' dir='ltr' id='par_1_30' title="bbox 271 2685 1918 2769">
     <span class='ocr_line' id='line_1_30' title="bbox 271 2685 1918 2769; baseline -0.002 -23"><span class='ocrx_word' id='word_1_192' title='bbox 271 2690 527 2769; x_wconf 68' lang='grc' dir='ltr'>διφθέρας</span> <span class='ocrx_word' id='word_1_193' title='bbox 579 2689 885 2764; x_wconf 75' lang='grc' dir='ltr'>ἀπαλείψας</span> <span class='ocrx_word' id='word_1_194' title='bbox 939 2693 1205 2762; x_wconf 75' lang='grc' dir='ltr'>τοῦνομα,</span> <span class='ocrx_word' id='word_1_195' title='bbox 1266 2687 1342 2751; x_wconf 88' lang='grc' dir='ltr'><strong>είς</strong></span> <span class='ocrx_word' id='word_1_196' title='bbox 1401 2685 1606 2762; x_wconf 65' lang='grc' dir='ltr'>φιάλην</span> <span class='ocrx_word' id='word_1_197' title='bbox 1667 2686 1918 2757; x_wconf 72' lang='grc' dir='ltr'>ἆκπιὲζει.</span> 
     </span>
    </p>
   </div>
   <div class='ocr_carea' id='block_1_31' title="bbox 274 2775 1919 2856">
    <p class='ocr_par' dir='ltr' id='par_1_31' title="bbox 274 2775 1919 2856">
     <span class='ocr_line' id='line_1_31' title="bbox 274 2775 1919 2856; baseline -0.004 -20"><span class='ocrx_word' id='word_1_198' title='bbox 274 2781 656 2856; x_wconf 84' lang='grc' dir='ltr'>Προσκομίσας</span> <span class='ocrx_word' id='word_1_199' title='bbox 689 2777 747 2835; x_wconf 75' lang='grc' dir='ltr'>δὲ</span> <span class='ocrx_word' id='word_1_200' title='bbox 776 2780 836 2834; x_wconf 74' lang='grc' dir='ltr'>ὲκ</span> <span class='ocrx_word' id='word_1_201' title='bbox 859 2786 957 2848; x_wconf 79' lang='grc' dir='ltr'><strong>τῆς</strong></span> <span class='ocrx_word' id='word_1_202' title='bbox 981 2783 1078 2833; x_wconf 75' lang='grc' dir='ltr'>τοῖ’)</span> <span class='ocrx_word' id='word_1_203' title='bbox 1116 2775 1264 2854; x_wconf 75' lang='grc' dir='ltr'>ίεροῦ</span> <span class='ocrx_word' id='word_1_204' title='bbox 1321 2781 1424 2852; x_wconf 80' lang='grc' dir='ltr'><strong>γῆς</strong></span> <span class='ocrx_word' id='word_1_205' title='bbox 1480 2775 1535 2832; x_wconf 76' lang='grc' dir='ltr'><strong>εἷ’</strong></span> <span class='ocrx_word' id='word_1_206' title='bbox 1591 2798 1643 2832; x_wconf 92' lang='grc' dir='ltr'>τι</span> <span class='ocrx_word' id='word_1_207' title='bbox 1684 2776 1919 2850; x_wconf 79' lang='grc' dir='ltr'>προστύ-</span> 
     </span>
    </p>
   </div>
   <div class='ocr_carea' id='block_1_32' title="bbox 268 2863 1923 2948">
    <p class='ocr_par' dir='ltr' id='par_1_32' title="bbox 268 2863 1923 2948">
     <span class='ocr_line' id='line_1_32' title="bbox 268 2863 1923 2948; baseline -0.002 -22"><span class='ocrx_word' id='word_1_208' title='bbox 268 2891 386 2948; x_wconf 76' lang='grc' dir='ltr'>χοι,</span> <span class='ocrx_word' id='word_1_209' title='bbox 416 2870 508 2925; x_wconf 74' lang='grc' dir='ltr'>καὶ</span> <span class='ocrx_word' id='word_1_210' title='bbox 554 2867 888 2936; x_wconf 65' lang='grc' dir='ltr'>καταπάσας,</span> <span class='ocrx_word' id='word_1_211' title='bbox 919 2868 1121 2924; x_wconf 74' lang='grc' dir='ltr'>ἐκπιεῖν</span> <span class='ocrx_word' id='word_1_212' title='bbox 1183 2865 1426 2926; x_wconf 83' lang='grc' dir='ltr'>δίδωσιν.</span> <span class='ocrx_word' id='word_1_213' title='bbox 1485 2868 1548 2922; x_wconf 83' lang='grc' dir='ltr'><strong><em>Ἦ</em></strong></span> <span class='ocrx_word' id='word_1_214' title='bbox 1603 2863 1660 2922; x_wconf 72' lang='grc' dir='ltr'><strong>δί</strong></span> <span class='ocrx_word' id='word_1_215' title='bbox 1717 2866 1762 2922; x_wconf 82' lang='grc' dir='ltr'><strong>εί</strong></span> <span class='ocrx_word' id='word_1_216' title='bbox 1829 2868 1923 2940; x_wconf 73' lang='grc' dir='ltr'>μὲν</span> 
     </span>
    </p>
   </div>
   <div class='ocr_carea' id='block_1_33' title="bbox 270 2954 1924 3034">
    <p class='ocr_par' dir='ltr' id='par_1_33' title="bbox 270 2954 1924 3034">
     <span class='ocr_line' id='line_1_33' title="bbox 270 2954 1924 3034; baseline -0.002 -19"><span class='ocrx_word' id='word_1_217' title='bbox 270 2958 471 3022; x_wconf 74' lang='grc' dir='ltr'>ἀδίκως</span> <span class='ocrx_word' id='word_1_218' title='bbox 523 2958 808 3029; x_wconf 64' lang='grc' dir='ltr'>ἐνεκλήθη,</span> <span class='ocrx_word' id='word_1_219' title='bbox 839 2956 1090 3032; x_wconf 71' lang='grc' dir='ltr'>ἐγκύμων</span> <span class='ocrx_word' id='word_1_220' title='bbox 1149 2977 1208 3011; x_wconf 91' lang='grc' dir='ltr'><strong>τε</strong></span> <span class='ocrx_word' id='word_1_221' title='bbox 1262 2956 1467 3032; x_wconf 81' lang='grc' dir='ltr'>γίνεται</span> <span class='ocrx_word' id='word_1_222' title='bbox 1523 2956 1614 3011; x_wconf 82' lang='grc' dir='ltr'>καὶ</span> <span class='ocrx_word' id='word_1_223' title='bbox 1669 2954 1924 3034; x_wconf 63' lang='grc' dir='ltr'>τελεσνρο-</span> 
     </span>
    </p>
   </div>
   <div class='ocr_carea' id='block_1_34' title="bbox 270 3044 1922 3124">
    <p class='ocr_par' dir='ltr' id='par_1_34' title="bbox 270 3044 1922 3124">
     <span class='ocr_line' id='line_1_34' title="bbox 270 3044 1922 3124; baseline -0.004 -18"><span class='ocrx_word' id='word_1_224' title='bbox 270 3056 448 3124; x_wconf 78' lang='grc' dir='ltr'>ρεῖται</span> <span class='ocrx_word' id='word_1_225' title='bbox 485 3049 626 3105; x_wconf 82' lang='grc' dir='ltr'>κατᾶ</span> <span class='ocrx_word' id='word_1_226' title='bbox 650 3050 753 3118; x_wconf 69' lang='grc' dir='ltr'>τὴν</span> <span class='ocrx_word' id='word_1_227' title='bbox 781 3055 1029 3123; x_wconf 68' lang='grc' dir='ltr'>γαστέρα.</span> <span class='ocrx_word' id='word_1_228' title='bbox 1064 3050 1145 3121; x_wconf 85' lang='grc' dir='ltr'><strong>[Ρ.</strong></span> <span class='ocrx_word' id='word_1_229' title='bbox 1188 3049 1277 3121; x_wconf 84' lang='grc'><strong>69]</strong></span> <span class='ocrx_word' id='word_1_230' title='bbox 1341 3045 1664 3121; x_wconf 82' lang='grc' dir='ltr'>Ψευσαμένη</span> <span class='ocrx_word' id='word_1_231' title='bbox 1725 3044 1781 3102; x_wconf 72' lang='grc' dir='ltr'>δὲ</span> <span class='ocrx_word' id='word_1_232' title='bbox 1830 3047 1922 3103; x_wconf 87' lang='grc' dir='ltr'><strong>τὸν</strong></span> 
     </span>
    </p>
   </div>
   <div class='ocr_carea' id='block_1_35' title="bbox 2036 546 3684 690">
    <p class='ocr_par' dir='ltr' id='par_1_35' title="bbox 2036 546 3684 690">
     <span class='ocr_line' id='line_1_35' title="bbox 2036 546 3684 690; baseline 0.004 -91"><span class='ocrx_word' id='word_1_233' title='bbox 2036 547 2194 690; x_wconf 52' lang='grc' dir='ltr'>ἒὲθο,</span> <span class='ocrx_word' id='word_1_234' title='bbox 2251 552 2310 602; x_wconf 90' lang='lat' dir='ltr'><strong>et</strong></span> <span class='ocrx_word' id='word_1_235' title='bbox 2359 546 2502 603; x_wconf 84' lang='lat' dir='ltr'><strong>felix</strong></span> <span class='ocrx_word' id='word_1_236' title='bbox 2546 549 2647 620; x_wconf 90' lang='lat' dir='ltr'><strong>qui</strong></span> <span class='ocrx_word' id='word_1_237' title='bbox 2705 549 3055 621; x_wconf 87' lang='lat' dir='ltr'><strong>perdurabit</strong></span> <span class='ocrx_word' id='word_1_238' title='bbox 3133 568 3199 606; x_wconf 93' lang='lat' dir='ltr'><strong>ac</strong></span> <span class='ocrx_word' id='word_1_239' title='bbox 3253 550 3555 623; x_wconf 79' lang='lat' dir='ltr'><strong>perveniet</strong></span> <span class='ocrx_word' id='word_1_240' title='bbox 3610 551 3684 607; x_wconf 91' lang='lat' dir='ltr'><strong>ad</strong></span> 
     </span>
     <span class='ocr_line' id='line_1_36' title="bbox 2079 635 2353 690; baseline 0.007 -2"><span class='ocrx_word' id='word_1_241' title='bbox 2079 635 2163 690; x_wconf 91' lang='lat' dir='ltr'><strong>ies</strong></span> <span class='ocrx_word' id='word_1_242' title='bbox 2199 639 2353 690; x_wconf 80' lang='grc'>1335.</span> 
     </span>
    </p>
   </div>
   <div class='ocr_carea' id='block_1_36' title="bbox 2079 635 2353 692">
    <p class='ocr_par' dir='ltr' id='par_1_36' title="bbox 2079 635 2353 692">
     <span class='ocr_line' id='line_1_37' title="bbox 2079 635 2353 692; baseline 0.007 -4"><span class='ocrx_word' id='word_1_243' title='bbox 2079 635 2163 691; x_wconf 90' lang='lat' dir='ltr'><strong>ies</strong></span> <span class='ocrx_word' id='word_1_244' title='bbox 2199 639 2353 692; x_wconf 80' lang='grc'>1335.</span> 
     </span>
    </p>
   </div>
   <div class='ocr_carea' id='block_1_37' title="bbox 2106 818 3682 894">
    <p class='ocr_par' dir='ltr' id='par_1_37' title="bbox 2106 818 3682 894">
     <span class='ocr_line' id='line_1_38' title="bbox 2106 818 3682 894; baseline 0.003 -22"><span class='ocrx_word' id='word_1_245' title='bbox 2106 819 2322 874; x_wconf 81' lang='lat' dir='ltr'><strong>Amoso</strong></span> <span class='ocrx_word' id='word_1_246' title='bbox 2351 818 2622 874; x_wconf 70' lang='lat' dir='ltr'><strong>Judaeum</strong></span> <span class='ocrx_word' id='word_1_247' title='bbox 2652 836 2899 892; x_wconf 81' lang='lat' dir='ltr'><strong>regnum</strong></span> <span class='ocrx_word' id='word_1_248' title='bbox 2921 826 3182 893; x_wconf 79' lang='lat' dir='ltr'><strong>gerente,</strong></span> <span class='ocrx_word' id='word_1_249' title='bbox 3206 826 3532 877; x_wconf 89' lang='lat' dir='ltr'><strong>evenerunt</strong></span> <span class='ocrx_word' id='word_1_250' title='bbox 3551 839 3682 894; x_wconf 76' lang='lat' dir='ltr'><strong>quae</strong></span> 
     </span>
    </p>
   </div>
   <div class='ocr_carea' id='block_1_38' title="bbox 2034 906 3683 980">
    <p class='ocr_par' dir='ltr' id='par_1_38' title="bbox 2034 906 3683 980">
     <span class='ocr_line' id='line_1_39' title="bbox 2034 906 3683 980; baseline 0.001 -18"><span class='ocrx_word' id='word_1_251' title='bbox 2034 906 2104 962; x_wconf 91' lang='lat' dir='ltr'><strong>de</strong></span> <span class='ocrx_word' id='word_1_252' title='bbox 2130 907 2331 962; x_wconf 74' lang='lat' dir='ltr'><strong>Ninive</strong></span> <span class='ocrx_word' id='word_1_253' title='bbox 2381 908 2664 980; x_wconf 69' lang='lat' dir='ltr'><strong>praedicta</strong></span> <span class='ocrx_word' id='word_1_254' title='bbox 2721 910 2975 966; x_wconf 81' lang='lat' dir='ltr'><strong>fuerant.</strong></span> <span class='ocrx_word' id='word_1_255' title='bbox 3037 912 3244 966; x_wconf 81' lang='lat' dir='ltr'><strong>Narrat</strong></span> <span class='ocrx_word' id='word_1_256' title='bbox 3294 916 3490 966; x_wconf 88' lang='lat' dir='ltr'><strong>autem</strong></span> <span class='ocrx_word' id='word_1_257' title='bbox 3519 912 3683 966; x_wconf 83' lang='lat' dir='ltr'><strong>Jose-</strong></span> 
     </span>
    </p>
   </div>
   <div class='ocr_carea' id='block_1_39' title="bbox 2034 996 3683 1069">
    <p class='ocr_par' dir='ltr' id='par_1_39' title="bbox 2034 996 3683 1069">
     <span class='ocr_line' id='line_1_40' title="bbox 2034 996 3683 1069; baseline 0.003 -18"><span class='ocrx_word' id='word_1_258' title='bbox 2034 996 2186 1068; x_wconf 87' lang='lat' dir='ltr'><strong>phus</strong></span> <span class='ocrx_word' id='word_1_259' title='bbox 2247 997 2398 1053; x_wconf 89' lang='lat' dir='ltr'><strong>libro</strong></span> <span class='ocrx_word' id='word_1_260' title='bbox 2449 1000 2817 1069; x_wconf 80' lang='lat' dir='ltr'><strong>Antiquitatis</strong></span> <span class='ocrx_word' id='word_1_261' title='bbox 2871 999 3116 1054; x_wconf 75' lang='lat' dir='ltr'><strong>Iudaica:</strong></span> <span class='ocrx_word' id='word_1_262' title='bbox 3174 1017 3358 1068; x_wconf 89' lang='lat' dir='ltr'><strong>nono,</strong></span> <span class='ocrx_word' id='word_1_263' title='bbox 3404 1001 3615 1056; x_wconf 83' lang='lat' dir='ltr'><strong>Jonam</strong></span> <span class='ocrx_word' id='word_1_264' title='bbox 3649 1018 3683 1055; x_wconf 88' lang='lat' dir='ltr'><strong>a</strong></span> 
     </span>
    </p>
   </div>
   <div class='ocr_carea' id='block_1_40' title="bbox 2034 1087 3681 1160">
    <p class='ocr_par' dir='ltr' id='par_1_40' title="bbox 2034 1087 3681 1160">
     <span class='ocr_line' id='line_1_41' title="bbox 2034 1087 3681 1160; baseline 0.001 -18"><span class='ocrx_word' id='word_1_265' title='bbox 2034 1094 2162 1142; x_wconf 87' lang='lat' dir='ltr'><strong>ceto</strong></span> <span class='ocrx_word' id='word_1_266' title='bbox 2195 1087 2549 1159; x_wconf 86' lang='lat' dir='ltr'><strong>deglutitum</strong></span> <span class='ocrx_word' id='word_1_267' title='bbox 2580 1095 2710 1160; x_wconf 87' lang='lat' dir='ltr'><strong>post</strong></span> <span class='ocrx_word' id='word_1_268' title='bbox 2731 1094 2852 1144; x_wconf 89' lang='lat' dir='ltr'><strong>tres</strong></span> <span class='ocrx_word' id='word_1_269' title='bbox 2881 1087 3007 1144; x_wconf 88' lang='lat' dir='ltr'><strong>dies</strong></span> <span class='ocrx_word' id='word_1_270' title='bbox 3065 1089 3431 1160; x_wconf 86' lang='lat' dir='ltr'><strong>totidemque</strong></span> <span class='ocrx_word' id='word_1_271' title='bbox 3478 1095 3681 1145; x_wconf 90' lang='lat' dir='ltr'><strong>noctes</strong></span> 
     </span>
    </p>
   </div>
   <div class='ocr_carea' id='block_1_41' title="bbox 2032 1176 3288 1248">
    <p class='ocr_par' dir='ltr' id='par_1_41' title="bbox 2032 1176 3288 1248">
     <span class='ocr_line' id='line_1_42' title="bbox 2032 1176 3288 1248; baseline 0.002 -18"><span class='ocrx_word' id='word_1_272' title='bbox 2032 1176 2226 1231; x_wconf 83' lang='lat' dir='ltr'><strong>vivum</strong></span> <span class='ocrx_word' id='word_1_273' title='bbox 2257 1177 2514 1248; x_wconf 82' lang='lat' dir='ltr'><strong>ejectum</strong></span> <span class='ocrx_word' id='word_1_274' title='bbox 2545 1176 2728 1232; x_wconf 91' lang='lat' dir='ltr'><strong>fuisse</strong></span> <span class='ocrx_word' id='word_1_275' title='bbox 2759 1177 2822 1232; x_wconf 91' lang='lat' dir='ltr'><strong>in</strong></span> <span class='ocrx_word' id='word_1_276' title='bbox 2863 1177 3087 1233; x_wconf 81' lang='lat' dir='ltr'><strong>Euxino</strong></span> <span class='ocrx_word' id='word_1_277' title='bbox 3119 1178 3288 1232; x_wconf 89' lang='lat' dir='ltr'><strong>mari.</strong></span> 
     </span>
    </p>
   </div>
   <div class='ocr_carea' id='block_1_42' title="bbox 2104 1355 3682 1429">
    <p class='ocr_par' dir='ltr' id='par_1_42' title="bbox 2104 1355 3682 1429">
     <span class='ocr_line' id='line_1_43' title="bbox 2104 1355 3682 1429; baseline 0.001 -19"><span class='ocrx_word' id='word_1_278' title='bbox 2104 1356 2182 1410; x_wconf 92' lang='lat' dir='ltr'><strong>De</strong></span> <span class='ocrx_word' id='word_1_279' title='bbox 2211 1356 2387 1410; x_wconf 90' lang='lat' dir='ltr'><strong>tertio</strong></span> <span class='ocrx_word' id='word_1_280' title='bbox 2421 1355 2570 1411; x_wconf 90' lang='lat' dir='ltr'><strong>libro</strong></span> <span class='ocrx_word' id='word_1_281' title='bbox 2599 1355 2868 1429; x_wconf 85' lang='lat' dir='ltr'><strong>ejusdem</strong></span> <span class='ocrx_word' id='word_1_282' title='bbox 2895 1358 3125 1428; x_wconf 89' lang='lat' dir='ltr'><strong>operis:</strong></span> <span class='ocrx_word' id='word_1_283' title='bbox 3151 1357 3206 1412; x_wconf 89' lang='lat' dir='ltr'><strong>Si</strong></span> <span class='ocrx_word' id='word_1_284' title='bbox 3240 1357 3372 1428; x_wconf 86' lang='lat' dir='ltr'><strong>quis</strong></span> <span class='ocrx_word' id='word_1_285' title='bbox 3405 1356 3682 1412; x_wconf 69' lang='lat' dir='ltr'><strong>Hebrmus</strong></span> 
     </span>
    </p>
   </div>
   <div class='ocr_carea' id='block_1_43' title="bbox 2030 1447 3685 1519">
    <p class='ocr_par' dir='ltr' id='par_1_43' title="bbox 2030 1447 3685 1519">
     <span class='ocr_line' id='line_1_44' title="bbox 2030 1447 3685 1519; baseline 0.001 -19"><span class='ocrx_word' id='word_1_286' title='bbox 2030 1463 2278 1501; x_wconf 86' lang='lat' dir='ltr'><strong>uxorem</strong></span> <span class='ocrx_word' id='word_1_287' title='bbox 2303 1463 2469 1502; x_wconf 87' lang='lat' dir='ltr'><strong>suam</strong></span> <span class='ocrx_word' id='word_1_288' title='bbox 2489 1447 2880 1503; x_wconf 84' lang='lat' dir='ltr'><strong>adulteratam</strong></span> <span class='ocrx_word' id='word_1_289' title='bbox 2905 1447 3537 1519; x_wconf 75' lang='lat' dir='ltr'><strong>suspicatur,isfarina3</strong></span> <span class='ocrx_word' id='word_1_290' title='bbox 3553 1448 3685 1502; x_wconf 88' lang='lat' dir='ltr'><strong>hor-</strong></span> 
     </span>
    </p>
   </div>
   <div class='ocr_carea' id='block_1_44' title="bbox 2032 1525 3685 1599">
    <p class='ocr_par' dir='ltr' id='par_1_44' title="bbox 2032 1525 3685 1599">
     <span class='ocr_line' id='line_1_45' title="bbox 2032 1525 3685 1599; baseline 0.002 -19"><span class='ocrx_word' id='word_1_291' title='bbox 2032 1525 2263 1582; x_wconf 64' lang='lat' dir='ltr'><strong>deaceae</strong></span> <span class='ocrx_word' id='word_1_292' title='bbox 2278 1543 2619 1583; x_wconf 79' lang='lat' dir='ltr'><strong>assaronem</strong></span> <span class='ocrx_word' id='word_1_293' title='bbox 2639 1529 2710 1584; x_wconf 88' lang='lat' dir='ltr'><strong>ad</strong></span> <span class='ocrx_word' id='word_1_294' title='bbox 2737 1529 3102 1584; x_wconf 85' lang='lat' dir='ltr'><strong>sacerdotem</strong></span> <span class='ocrx_word' id='word_1_295' title='bbox 3123 1531 3291 1583; x_wconf 79' lang='lat' dir='ltr'><strong>aﬂert</strong></span> <span class='ocrx_word' id='word_1_296' title='bbox 3309 1546 3322 1594; x_wconf 83' lang='lat'><strong>;</strong></span> <span class='ocrx_word' id='word_1_297' title='bbox 3341 1529 3513 1599; x_wconf 87' lang='lat' dir='ltr'><strong>cujus</strong></span> <span class='ocrx_word' id='word_1_298' title='bbox 3535 1545 3685 1584; x_wconf 88' lang='lat' dir='ltr'><strong>unus</strong></span> 
     </span>
    </p>
   </div>
   <div class='ocr_carea' id='block_1_45' title="bbox 2032 1616 3685 1688">
    <p class='ocr_par' dir='ltr' id='par_1_45' title="bbox 2032 1616 3685 1688">
     <span class='ocr_line' id='line_1_46' title="bbox 2032 1616 3685 1688; baseline 0.002 -20"><span class='ocrx_word' id='word_1_299' title='bbox 2032 1616 2290 1687; x_wconf 84' lang='lat' dir='ltr'><strong>pugillus</strong></span> <span class='ocrx_word' id='word_1_300' title='bbox 2309 1617 2369 1672; x_wconf 91' lang='lat' dir='ltr'><strong>in</strong></span> <span class='ocrx_word' id='word_1_301' title='bbox 2388 1633 2550 1672; x_wconf 87' lang='lat' dir='ltr'><strong>aram</strong></span> <span class='ocrx_word' id='word_1_302' title='bbox 2569 1619 2667 1672; x_wconf 88' lang='lat' dir='ltr'><strong>Dei</strong></span> <span class='ocrx_word' id='word_1_303' title='bbox 2695 1617 3030 1688; x_wconf 82' lang='lat' dir='ltr'><strong>conjicitur,</strong></span> <span class='ocrx_word' id='word_1_304' title='bbox 3050 1617 3344 1688; x_wconf 87' lang='lat' dir='ltr'><strong>reliquum</strong></span> <span class='ocrx_word' id='word_1_305' title='bbox 3365 1616 3685 1672; x_wconf 86' lang='lat' dir='ltr'><strong>sacerdoti-</strong></span> 
     </span>
    </p>
   </div>
   <div class='ocr_carea' id='block_1_46' title="bbox 2031 1703 3688 1762">
    <p class='ocr_par' dir='ltr' id='par_1_46' title="bbox 2031 1703 3688 1762">
     <span class='ocr_line' id='line_1_47' title="bbox 2031 1703 3688 1762; baseline 0 -2"><span class='ocrx_word' id='word_1_306' title='bbox 2031 1703 2142 1760; x_wconf 90' lang='lat' dir='ltr'><strong>bus</strong></span> <span class='ocrx_word' id='word_1_307' title='bbox 2164 1706 2337 1760; x_wconf 89' lang='lat' dir='ltr'><strong>datur</strong></span> <span class='ocrx_word' id='word_1_308' title='bbox 2358 1707 2430 1762; x_wconf 88' lang='lat' dir='ltr'><strong>ad</strong></span> <span class='ocrx_word' id='word_1_309' title='bbox 2453 1707 3001 1762; x_wconf 70' lang='lat' dir='ltr'><strong>victumMulierem</strong></span> <span class='ocrx_word' id='word_1_310' title='bbox 3026 1714 3220 1762; x_wconf 83' lang='lat' dir='ltr'><strong>autem</strong></span> <span class='ocrx_word' id='word_1_311' title='bbox 3248 1707 3523 1762; x_wconf 85' lang='lat' dir='ltr'><strong>sacerdos</strong></span> <span class='ocrx_word' id='word_1_312' title='bbox 3545 1723 3688 1762; x_wconf 84' lang='lat' dir='ltr'><strong>con-</strong></span> 
     </span>
    </p>
   </div>
   <div class='ocr_carea' id='block_1_47' title="bbox 2036 1793 3684 1868">
    <p class='ocr_par' dir='ltr' id='par_1_47' title="bbox 2036 1793 3684 1868">
     <span class='ocr_line' id='line_1_48' title="bbox 2036 1793 3684 1868; baseline 0.002 -21"><span class='ocrx_word' id='word_1_313' title='bbox 2036 1793 2226 1849; x_wconf 86' lang='lat' dir='ltr'><strong>stituit</strong></span> <span class='ocrx_word' id='word_1_314' title='bbox 2249 1795 2322 1850; x_wconf 90' lang='lat' dir='ltr'><strong>ad</strong></span> <span class='ocrx_word' id='word_1_315' title='bbox 2352 1795 2842 1868; x_wconf 86' lang='lat' dir='ltr'><strong>portam.templi.</strong></span> <span class='ocrx_word' id='word_1_316' title='bbox 2876 1797 3097 1851; x_wconf 91' lang='lat' dir='ltr'><strong>nudato</strong></span> <span class='ocrx_word' id='word_1_317' title='bbox 3131 1797 3260 1866; x_wconf 85' lang='lat' dir='ltr'><strong>ejus</strong></span> <span class='ocrx_word' id='word_1_318' title='bbox 3293 1795 3504 1867; x_wconf 80' lang='lat' dir='ltr'><strong>capite.</strong></span> <span class='ocrx_word' id='word_1_319' title='bbox 3539 1797 3684 1850; x_wconf 87' lang='lat' dir='ltr'><strong>Tum</strong></span> 
     </span>
    </p>
   </div>
   <div class='ocr_carea' id='block_1_48' title="bbox 2034 1884 3682 1956">
    <p class='ocr_par' dir='ltr' id='par_1_48' title="bbox 2034 1884 3682 1956">
     <span class='ocr_line' id='line_1_49' title="bbox 2034 1884 3682 1956; baseline 0.001 -18"><span class='ocrx_word' id='word_1_320' title='bbox 2034 1899 2255 1939; x_wconf 89' lang='lat' dir='ltr'><strong>nomen</strong></span> <span class='ocrx_word' id='word_1_321' title='bbox 2277 1885 2377 1941; x_wconf 91' lang='lat' dir='ltr'><strong>Dei</strong></span> <span class='ocrx_word' id='word_1_322' title='bbox 2402 1885 2462 1940; x_wconf 91' lang='lat' dir='ltr'><strong>in</strong></span> <span class='ocrx_word' id='word_1_323' title='bbox 2483 1885 2890 1941; x_wconf 87' lang='lat' dir='ltr'><strong>membranam</strong></span> <span class='ocrx_word' id='word_1_324' title='bbox 2915 1884 3505 1956; x_wconf 88' lang='lat' dir='ltr'><strong>inscribit,jubetque</strong></span> <span class='ocrx_word' id='word_1_325' title='bbox 3535 1888 3568 1938; x_wconf 90' lang='lat' dir='ltr'><strong>I</strong></span> <span class='ocrx_word' id='word_1_326' title='bbox 3585 1886 3682 1941; x_wconf 72' lang='lat'><strong>22</strong></span> 
     </span>
    </p>
   </div>
   <div class='ocr_carea' id='block_1_49' title="bbox 2037 1973 3684 2046">
    <p class='ocr_par' dir='ltr' id='par_1_49' title="bbox 2037 1973 3684 2046">
     <span class='ocr_line' id='line_1_50' title="bbox 2037 1973 3684 2046; baseline 0.001 -18"><span class='ocrx_word' id='word_1_327' title='bbox 2037 1973 2353 2030; x_wconf 89' lang='lat' dir='ltr'><strong>mulierem</strong></span> <span class='ocrx_word' id='word_1_328' title='bbox 2379 1975 2584 2046; x_wconf 89' lang='lat' dir='ltr'><strong>jurare</strong></span> <span class='ocrx_word' id='word_1_329' title='bbox 2635 1992 2696 2031; x_wconf 87' lang='lat' dir='ltr'><strong>se</strong></span> <span class='ocrx_word' id='word_1_330' title='bbox 2730 1975 2907 2031; x_wconf 81' lang='lat' dir='ltr'><strong>ﬁdem</strong></span> <span class='ocrx_word' id='word_1_331' title='bbox 2941 1976 3150 2031; x_wconf 87' lang='lat' dir='ltr'><strong>marito</strong></span> <span class='ocrx_word' id='word_1_332' title='bbox 3175 1992 3462 2042; x_wconf 81' lang='lat' dir='ltr'><strong>servasse,</strong></span> <span class='ocrx_word' id='word_1_333' title='bbox 3491 1991 3684 2046; x_wconf 88' lang='lat' dir='ltr'><strong>neque</strong></span> 
     </span>
    </p>
   </div>
   <div class='ocr_carea' id='block_1_50' title="bbox 2037 2064 3684 2139">
    <p class='ocr_par' dir='ltr' id='par_1_50' title="bbox 2037 2064 3684 2139">
     <span class='ocr_line' id='line_1_51' title="bbox 2037 2064 3684 2139; baseline 0.001 -20"><span class='ocrx_word' id='word_1_334' title='bbox 2037 2064 2385 2136; x_wconf 82' lang='lat' dir='ltr'><strong>pudicitiam</strong></span> <span class='ocrx_word' id='word_1_335' title='bbox 2417 2066 2785 2139; x_wconf 74' lang='lat' dir='ltr'><strong>negligenter</strong></span> <span class='ocrx_word' id='word_1_336' title='bbox 2817 2067 3094 2123; x_wconf 87' lang='lat' dir='ltr'><strong>habuisse</strong></span> <span class='ocrx_word' id='word_1_337' title='bbox 3130 2085 3142 2121; x_wconf 92' lang='lat'><strong>:</strong></span> <span class='ocrx_word' id='word_1_338' title='bbox 3178 2067 3226 2121; x_wconf 90' lang='lat' dir='ltr'><strong>si</strong></span> <span class='ocrx_word' id='word_1_339' title='bbox 3259 2083 3428 2122; x_wconf 90' lang='lat' dir='ltr'><strong>secus</strong></span> <span class='ocrx_word' id='word_1_340' title='bbox 3457 2065 3684 2128; x_wconf 85' lang='lat' dir='ltr'><strong>fecerit,</strong></span> 
     </span>
    </p>
   </div>
   <div class='ocr_carea' id='block_1_51' title="bbox 2039 2153 3686 2226">
    <p class='ocr_par' dir='ltr' id='par_1_51' title="bbox 2039 2153 3686 2226">
     <span class='ocr_line' id='line_1_52' title="bbox 2039 2153 3686 2226; baseline 0.002 -19"><span class='ocrx_word' id='word_1_341' title='bbox 2039 2153 2350 2226; x_wconf 86' lang='lat' dir='ltr'><strong>imprecari</strong></span> <span class='ocrx_word' id='word_1_342' title='bbox 2376 2155 2487 2212; x_wconf 89' lang='lat' dir='ltr'><strong>sibi</strong></span> <span class='ocrx_word' id='word_1_343' title='bbox 2511 2162 2576 2211; x_wconf 90' lang='lat' dir='ltr'><strong>ut</strong></span> <span class='ocrx_word' id='word_1_344' title='bbox 2595 2173 2730 2212; x_wconf 91' lang='lat' dir='ltr'><strong>crus</strong></span> <span class='ocrx_word' id='word_1_345' title='bbox 2763 2173 2935 2212; x_wconf 90' lang='lat' dir='ltr'><strong>suum</strong></span> <span class='ocrx_word' id='word_1_346' title='bbox 2958 2156 3233 2211; x_wconf 86' lang='lat' dir='ltr'><strong>dextrum</strong></span> <span class='ocrx_word' id='word_1_347' title='bbox 3280 2155 3519 2210; x_wconf 91' lang='lat' dir='ltr'><strong>luxetur</strong></span> <span class='ocrx_word' id='word_1_348' title='bbox 3549 2172 3686 2211; x_wconf 79' lang='lat' dir='ltr'><strong>ven-</strong></span> 
     </span>
    </p>
   </div>
   <div class='ocr_carea' id='block_1_52' title="bbox 2039 2245 3683 2317">
    <p class='ocr_par' dir='ltr' id='par_1_52' title="bbox 2039 2245 3683 2317">
     <span class='ocr_line' id='line_1_53' title="bbox 2039 2245 3683 2317; baseline 0 -19"><span class='ocrx_word' id='word_1_349' title='bbox 2039 2249 2244 2316; x_wconf 89' lang='lat' dir='ltr'><strong>treque</strong></span> <span class='ocrx_word' id='word_1_350' title='bbox 2277 2251 2556 2317; x_wconf 86' lang='lat' dir='ltr'><strong>crepante</strong></span> <span class='ocrx_word' id='word_1_351' title='bbox 2574 2246 2883 2302; x_wconf 88' lang='lat' dir='ltr'><strong>moriatur.</strong></span> <span class='ocrx_word' id='word_1_352' title='bbox 2906 2245 3071 2311; x_wconf 88' lang='lat' dir='ltr'><strong>Quod</strong></span> <span class='ocrx_word' id='word_1_353' title='bbox 3104 2246 3148 2301; x_wconf 91' lang='lat' dir='ltr'><strong>si</strong></span> <span class='ocrx_word' id='word_1_354' title='bbox 3169 2245 3254 2299; x_wconf 85' lang='lat' dir='ltr'><strong>vir</strong></span> <span class='ocrx_word' id='word_1_355' title='bbox 3275 2245 3458 2299; x_wconf 90' lang='lat' dir='ltr'><strong>nimio</strong></span> <span class='ocrx_word' id='word_1_356' title='bbox 3482 2260 3683 2300; x_wconf 86' lang='lat' dir='ltr'><strong>amore</strong></span> 
     </span>
    </p>
   </div>
   <div class='ocr_carea' id='block_1_53' title="bbox 2035 2335 3678 2407">
    <p class='ocr_par' dir='ltr' id='par_1_53' title="bbox 2035 2335 3678 2407">
     <span class='ocr_line' id='line_1_54' title="bbox 2035 2335 3678 2407; baseline -0.002 -15"><span class='ocrx_word' id='word_1_357' title='bbox 2035 2336 2109 2392; x_wconf 85' lang='lat' dir='ltr'><strong>ad</strong></span> <span class='ocrx_word' id='word_1_358' title='bbox 2123 2337 2274 2392; x_wconf 90' lang='lat' dir='ltr'><strong>hanc</strong></span> <span class='ocrx_word' id='word_1_359' title='bbox 2299 2337 2673 2392; x_wconf 87' lang='lat' dir='ltr'><strong>temerariam</strong></span> <span class='ocrx_word' id='word_1_360' title='bbox 2716 2337 3205 2392; x_wconf 88' lang='lat' dir='ltr'><strong>obtrectationem</strong></span> <span class='ocrx_word' id='word_1_361' title='bbox 3255 2335 3431 2390; x_wconf 87' lang='lat' dir='ltr'><strong>fuerit</strong></span> <span class='ocrx_word' id='word_1_362' title='bbox 3447 2335 3678 2407; x_wconf 86' lang='lat' dir='ltr'><strong>prolap-</strong></span> 
     </span>
    </p>
   </div>
   <div class='ocr_carea' id='block_1_54' title="bbox 2037 2424 3678 2497">
    <p class='ocr_par' dir='ltr' id='par_1_54' title="bbox 2037 2424 3678 2497">
     <span class='ocr_line' id='line_1_55' title="bbox 2037 2424 3678 2497; baseline -0.001 -18"><span class='ocrx_word' id='word_1_363' title='bbox 2037 2442 2158 2492; x_wconf 87' lang='lat' dir='ltr'><strong>sus,</strong></span> <span class='ocrx_word' id='word_1_364' title='bbox 2187 2425 2558 2496; x_wconf 87' lang='lat' dir='ltr'><strong>ipsadecimo</strong></span> <span class='ocrx_word' id='word_1_365' title='bbox 2584 2430 2717 2497; x_wconf 90' lang='lat' dir='ltr'><strong>post</strong></span> <span class='ocrx_word' id='word_1_366' title='bbox 2748 2442 2950 2480; x_wconf 89' lang='lat' dir='ltr'><strong>mense</strong></span> <span class='ocrx_word' id='word_1_367' title='bbox 2973 2424 3300 2480; x_wconf 85' lang='lat' dir='ltr'><strong>masculum</strong></span> <span class='ocrx_word' id='word_1_368' title='bbox 3331 2425 3538 2494; x_wconf 85' lang='lat' dir='ltr'><strong>pariat.</strong></span> <span class='ocrx_word' id='word_1_369' title='bbox 3583 2425 3678 2478; x_wconf 83' lang='lat' dir='ltr'><strong>Ju-</strong></span> 
     </span>
    </p>
   </div>
   <div class='ocr_carea' id='block_1_55' title="bbox 2035 2512 3672 2585">
    <p class='ocr_par' dir='ltr' id='par_1_55' title="bbox 2035 2512 3672 2585">
     <span class='ocr_line' id='line_1_56' title="bbox 2035 2512 3672 2585; baseline -0.002 -17"><span class='ocrx_word' id='word_1_370' title='bbox 2035 2519 2305 2568; x_wconf 84' lang='lat' dir='ltr'><strong>ramento</strong></span> <span class='ocrx_word' id='word_1_371' title='bbox 2333 2520 2570 2585; x_wconf 91' lang='lat' dir='ltr'><strong>peracto</strong></span> <span class='ocrx_word' id='word_1_372' title='bbox 2599 2531 2816 2569; x_wconf 88' lang='lat' dir='ltr'><strong>nomen</strong></span> <span class='ocrx_word' id='word_1_373' title='bbox 2853 2513 2954 2568; x_wconf 89' lang='lat' dir='ltr'><strong>Dei</strong></span> <span class='ocrx_word' id='word_1_374' title='bbox 3005 2530 3039 2568; x_wconf 88' lang='lat' dir='ltr'><strong>a</strong></span> <span class='ocrx_word' id='word_1_375' title='bbox 3093 2512 3444 2567; x_wconf 86' lang='lat' dir='ltr'><strong>membrana</strong></span> <span class='ocrx_word' id='word_1_376' title='bbox 3497 2512 3672 2574; x_wconf 84' lang='lat' dir='ltr'><strong>delet.</strong></span> 
     </span>
    </p>
   </div>
   <div class='ocr_carea' id='block_1_56' title="bbox 2036 2600 3676 2674">
    <p class='ocr_par' dir='ltr' id='par_1_56' title="bbox 2036 2600 3676 2674">
     <span class='ocr_line' id='line_1_57' title="bbox 2036 2600 3676 2674; baseline -0.003 -16"><span class='ocrx_word' id='word_1_377' title='bbox 2036 2618 2286 2674; x_wconf 86' lang='lat' dir='ltr'><strong>eamque</strong></span> <span class='ocrx_word' id='word_1_378' title='bbox 2305 2603 2364 2657; x_wconf 92' lang='lat' dir='ltr'><strong>in</strong></span> <span class='ocrx_word' id='word_1_379' title='bbox 2396 2609 2658 2674; x_wconf 90' lang='lat' dir='ltr'><strong>pateram</strong></span> <span class='ocrx_word' id='word_1_380' title='bbox 2683 2602 2983 2674; x_wconf 79' lang='lat' dir='ltr'><strong>exprimit,</strong></span> <span class='ocrx_word' id='word_1_381' title='bbox 3008 2601 3426 2673; x_wconf 89' lang='lat' dir='ltr'><strong>pulveremque</strong></span> <span class='ocrx_word' id='word_1_382' title='bbox 3449 2600 3676 2671; x_wconf 89' lang='lat' dir='ltr'><strong>templi,</strong></span> 
     </span>
    </p>
   </div>
   <div class='ocr_carea' id='block_1_57' title="bbox 2035 2689 3678 2763">
    <p class='ocr_par' dir='ltr' id='par_1_57' title="bbox 2035 2689 3678 2763">
     <span class='ocr_line' id='line_1_58' title="bbox 2035 2689 3678 2763; baseline -0.003 -16"><span class='ocrx_word' id='word_1_383' title='bbox 2035 2692 2096 2746; x_wconf 91' lang='lat' dir='ltr'><strong>in</strong></span> <span class='ocrx_word' id='word_1_384' title='bbox 2145 2708 2324 2762; x_wconf 89' lang='lat' dir='ltr'><strong>quam</strong></span> <span class='ocrx_word' id='word_1_385' title='bbox 2382 2691 2532 2746; x_wconf 89' lang='lat' dir='ltr'><strong>forte</strong></span> <span class='ocrx_word' id='word_1_386' title='bbox 2578 2691 2808 2759; x_wconf 90' lang='lat' dir='ltr'><strong>incidit,</strong></span> <span class='ocrx_word' id='word_1_387' title='bbox 2867 2691 3173 2763; x_wconf 85' lang='lat' dir='ltr'><strong>inspergit,</strong></span> <span class='ocrx_word' id='word_1_388' title='bbox 3231 2689 3678 2760; x_wconf 85' lang='lat' dir='ltr'><strong>bibendumque</strong></span> 
     </span>
    </p>
   </div>
   <div class='ocr_carea' id='block_1_58' title="bbox 2035 2778 3675 2852">
    <p class='ocr_par' dir='ltr' id='par_1_58' title="bbox 2035 2778 3675 2852">
     <span class='ocr_line' id='line_1_59' title="bbox 2035 2778 3675 2852; baseline -0.003 -15"><span class='ocrx_word' id='word_1_389' title='bbox 2035 2781 2271 2837; x_wconf 89' lang='lat' dir='ltr'><strong>mulieri</strong></span> <span class='ocrx_word' id='word_1_390' title='bbox 2307 2779 2562 2836; x_wconf 86' lang='lat' dir='ltr'><strong>exhibet.</strong></span> <span class='ocrx_word' id='word_1_391' title='bbox 2606 2783 2706 2845; x_wconf 86' lang='lat' dir='ltr'><strong>Ea,</strong></span> <span class='ocrx_word' id='word_1_392' title='bbox 2759 2780 3050 2852; x_wconf 88' lang='lat' dir='ltr'><strong>siquidem</strong></span> <span class='ocrx_word' id='word_1_393' title='bbox 3101 2781 3308 2835; x_wconf 86' lang='lat' dir='ltr'><strong>insons</strong></span> <span class='ocrx_word' id='word_1_394' title='bbox 3339 2785 3448 2842; x_wconf 89' lang='lat' dir='ltr'><strong>est,</strong></span> <span class='ocrx_word' id='word_1_395' title='bbox 3494 2778 3675 2833; x_wconf 90' lang='lat' dir='ltr'><strong>fetum</strong></span> 
     </span>
    </p>
   </div>
   <div class='ocr_carea' id='block_1_59' title="bbox 2033 2869 3678 2943">
    <p class='ocr_par' dir='ltr' id='par_1_59' title="bbox 2033 2869 3678 2943">
     <span class='ocr_line' id='line_1_60' title="bbox 2033 2869 3678 2943; baseline -0.003 -16"><span class='ocrx_word' id='word_1_396' title='bbox 2033 2871 2291 2940; x_wconf 87' lang='lat' dir='ltr'><strong>concipit</strong></span> <span class='ocrx_word' id='word_1_397' title='bbox 2320 2887 2388 2926; x_wconf 86' lang='lat' dir='ltr'><strong>ac</strong></span> <span class='ocrx_word' id='word_1_398' title='bbox 2419 2887 2525 2926; x_wconf 90' lang='lat' dir='ltr'><strong>suo</strong></span> <span class='ocrx_word' id='word_1_399' title='bbox 2558 2877 2825 2942; x_wconf 87' lang='lat' dir='ltr'><strong>tempore</strong></span> <span class='ocrx_word' id='word_1_400' title='bbox 2856 2871 3041 2943; x_wconf 75' lang='lat' dir='ltr'><strong>parii:</strong></span> <span class='ocrx_word' id='word_1_401' title='bbox 3073 2871 3230 2942; x_wconf 91' lang='lat' dir='ltr'><strong>quod</strong></span> <span class='ocrx_word' id='word_1_402' title='bbox 3271 2870 3320 2925; x_wconf 91' lang='lat' dir='ltr'><strong>si</strong></span> <span class='ocrx_word' id='word_1_403' title='bbox 3342 2869 3465 2924; x_wconf 90' lang='lat' dir='ltr'><strong>viro</strong></span> <span class='ocrx_word' id='word_1_404' title='bbox 3503 2869 3678 2924; x_wconf 79' lang='lat' dir='ltr'><strong>fidem</strong></span> 
     </span>
    </p>
   </div>
   <div class='ocr_carea' id='block_1_60' title="bbox 2029 2958 3681 3032">
    <p class='ocr_par' dir='ltr' id='par_1_60' title="bbox 2029 2958 3681 3032">
     <span class='ocr_line' id='line_1_61' title="bbox 2029 2958 3681 3032; baseline -0.003 -17"><span class='ocrx_word' id='word_1_405' title='bbox 2029 2960 2243 3016; x_wconf 77' lang='lat' dir='ltr'><strong>fefellit</strong></span> <span class='ocrx_word' id='word_1_406' title='bbox 2271 2977 2339 3016; x_wconf 90' lang='lat' dir='ltr'><strong>ac</strong></span> <span class='ocrx_word' id='word_1_407' title='bbox 2369 2961 2484 3016; x_wconf 92' lang='lat' dir='ltr'><strong>Deo</strong></span> <span class='ocrx_word' id='word_1_408' title='bbox 2503 2960 2808 3032; x_wconf 88' lang='lat' dir='ltr'><strong>pejeravit,</strong></span> <span class='ocrx_word' id='word_1_409' title='bbox 2833 2961 2990 3031; x_wconf 91' lang='lat' dir='ltr'><strong>turpi</strong></span> <span class='ocrx_word' id='word_1_410' title='bbox 3014 2966 3200 3015; x_wconf 90' lang='lat' dir='ltr'><strong>morte</strong></span> <span class='ocrx_word' id='word_1_411' title='bbox 3232 2976 3301 3015; x_wconf 83' lang='lat' dir='ltr'><strong>ea</strong></span> <span class='ocrx_word' id='word_1_412' title='bbox 3322 2958 3494 3030; x_wconf 87' lang='lat' dir='ltr'><strong>perit,</strong></span> <span class='ocrx_word' id='word_1_413' title='bbox 3511 2974 3681 3013; x_wconf 86' lang='lat' dir='ltr'><strong>crure</strong></span> 
     </span>
    </p>
   </div>
   <div class='ocr_carea' id='block_1_61' title="bbox 2033 3047 3463 3120">
    <p class='ocr_par' dir='ltr' id='par_1_61' title="bbox 2033 3047 3463 3120">
     <span class='ocr_line' id='line_1_62' title="bbox 2033 3047 3463 3120; baseline -0.001 -16"><span class='ocrx_word' id='word_1_414' title='bbox 2033 3049 2340 3105; x_wconf 85' lang='lat' dir='ltr'><strong>excidente</strong></span> <span class='ocrx_word' id='word_1_415' title='bbox 2373 3053 2430 3104; x_wconf 91' lang='lat' dir='ltr'><strong>et</strong></span> <span class='ocrx_word' id='word_1_416' title='bbox 2454 3055 2654 3104; x_wconf 89' lang='lat' dir='ltr'><strong>ventre</strong></span> <span class='ocrx_word' id='word_1_417' title='bbox 2686 3065 2841 3120; x_wconf 89' lang='lat' dir='ltr'><strong>aqua</strong></span> <span class='ocrx_word' id='word_1_418' title='bbox 2862 3049 3152 3104; x_wconf 90' lang='lat' dir='ltr'><strong>intercute</strong></span> <span class='ocrx_word' id='word_1_419' title='bbox 3183 3047 3463 3103; x_wconf 88' lang='lat' dir='ltr'><strong>distento.</strong></span> 
     </span>
    </p>
   </div>
   <div class='ocr_carea' id='block_1_62' title="bbox 268 3132 3677 3216">
    <p class='ocr_par' dir='ltr' id='par_1_62' title="bbox 268 3132 3677 3216">
     <span class='ocr_line' id='line_1_63' title="bbox 268 3132 3677 3216; baseline -0.002 -22"><span class='ocrx_word' id='word_1_420' title='bbox 268 3137 436 3214; x_wconf 72' lang='grc' dir='ltr'>ἄνδρα</span> <span class='ocrx_word' id='word_1_421' title='bbox 476 3137 565 3194; x_wconf 69' lang='grc' dir='ltr'>ἰπὶ</span> <span class='ocrx_word' id='word_1_422' title='bbox 590 3144 707 3201; x_wconf 86' lang='grc' dir='ltr'>τοῖς</span> <span class='ocrx_word' id='word_1_423' title='bbox 737 3137 939 3214; x_wconf 87' lang='grc' dir='ltr'>γάμοις</span> <span class='ocrx_word' id='word_1_424' title='bbox 982 3135 1192 3192; x_wconf 72' lang='grc' dir='ltr'>καὶτὸν</span> <span class='ocrx_word' id='word_1_425' title='bbox 1240 3137 1369 3192; x_wconf 86' lang='grc' dir='ltr'>Θεὸν</span> <span class='ocrx_word' id='word_1_426' title='bbox 1422 3135 1510 3192; x_wconf 81' lang='grc' dir='ltr'><strong>ἐπὶ</strong></span> <span class='ocrx_word' id='word_1_427' title='bbox 1543 3142 1658 3199; x_wconf 90' lang='grc' dir='ltr'>τοῖς</span> <span class='ocrx_word' id='word_1_428' title='bbox 1689 3135 1873 3211; x_wconf 74' lang='grc' dir='ltr'>ὅρκοις</span> <span class='ocrx_word' id='word_1_429' title='bbox 1936 3138 2049 3210; x_wconf 88' lang='grc' dir='ltr'>μετ’</span> <span class='ocrx_word' id='word_1_430' title='bbox 2101 3136 2372 3212; x_wconf 75' lang='grc' dir='ltr'>αἰσχύνης</span> <span class='ocrx_word' id='word_1_431' title='bbox 2422 3136 2774 3216; x_wconf 67' lang='grc' dir='ltr'><strong>καταστρέφει</strong></span> <span class='ocrx_word' id='word_1_432' title='bbox 2830 3138 2923 3192; x_wconf 86' lang='grc' dir='ltr'><strong>τὸν</strong></span> <span class='ocrx_word' id='word_1_433' title='bbox 2986 3137 3126 3213; x_wconf 85' lang='grc' dir='ltr'>βίον,</span> <span class='ocrx_word' id='word_1_434' title='bbox 3174 3132 3270 3191; x_wconf 64' lang='grc' dir='ltr'><strong>’τοῦ⁹</strong></span> <span class='ocrx_word' id='word_1_435' title='bbox 3335 3157 3392 3192; x_wconf 89' lang='grc' dir='ltr'>τε</span> <span class='ocrx_word' id='word_1_436' title='bbox 3451 3133 3677 3195; x_wconf 78' lang='grc' dir='ltr'>σκέλους</span> 
     </span>
    </p>
   </div>
   <div class='ocr_carea' id='block_1_63' title="bbox 262 3220 1967 3302">
    <p class='ocr_par' dir='ltr' id='par_1_63' title="bbox 262 3220 1967 3302">
     <span class='ocr_line' id='line_1_64' title="bbox 262 3220 1967 3302; baseline -0.001 -18"><span class='ocrx_word' id='word_1_437' title='bbox 262 3227 584 3290; x_wconf 67' lang='grc' dir='ltr'>ἐκπεσόντος</span> <span class='ocrx_word' id='word_1_438' title='bbox 613 3225 782 3292; x_wconf 76' lang='grc' dir='ltr'>αὐτῆς</span> <span class='ocrx_word' id='word_1_439' title='bbox 813 3226 902 3282; x_wconf 79' lang='grc' dir='ltr'>καὶ</span> <span class='ocrx_word' id='word_1_440' title='bbox 932 3228 1030 3298; x_wconf 78' lang='grc' dir='ltr'><strong>τήν</strong></span> <span class='ocrx_word' id='word_1_441' title='bbox 1063 3224 1277 3281; x_wconf 85' lang='grc' dir='ltr'>κοιλίαν</span> <span class='ocrx_word' id='word_1_442' title='bbox 1312 3223 1503 3302; x_wconf 62' lang='grc' dir='ltr'>ὑδέρου</span> <span class='ocrx_word' id='word_1_443' title='bbox 1531 3220 1967 3289; x_wconf 89' lang='grc' dir='ltr'>καταλαϐόντος.</span> 
     </span>
    </p>
   </div>
   <div class='ocr_carea' id='block_1_64' title="bbox 329 3322 1923 3403">
    <p class='ocr_par' dir='ltr' id='par_1_64' title="bbox 329 3322 1916 3403">
     <span class='ocr_line' id='line_1_65' title="bbox 329 3322 1916 3403; baseline -0.003 -18"><span class='ocrx_word' id='word_1_444' title='bbox 329 3329 472 3385; x_wconf 80' lang='grc' dir='ltr'>Ἀπὸ</span> <span class='ocrx_word' id='word_1_445' title='bbox 497 3322 725 3397; x_wconf 81' lang='grc' dir='ltr'>βιϐλίου</span> <span class='ocrx_word' id='word_1_446' title='bbox 756 3329 1014 3400; x_wconf 82' lang='grc' dir='ltr'>τετάρτου</span> <span class='ocrx_word' id='word_1_447' title='bbox 1052 3331 1148 3382; x_wconf 71' lang='grc' dir='ltr'><strong>τοῦ</strong></span> <span class='ocrx_word' id='word_1_448' title='bbox 1179 3325 1367 3392; x_wconf 72' lang='grc' dir='ltr'>αὑτοῦ,</span> <span class='ocrx_word' id='word_1_449' title='bbox 1396 3328 1481 3382; x_wconf 83' lang='grc' dir='ltr'><strong>δτι</strong></span> <span class='ocrx_word' id='word_1_450' title='bbox 1521 3325 1627 3382; x_wconf 74' lang='grc' dir='ltr'><strong>ἀπὸ</strong></span> <span class='ocrx_word' id='word_1_451' title='bbox 1660 3322 1916 3403; x_wconf 83' lang='grc' dir='ltr'>ἀμυγδα-</span> 
     </span>
    </p>
   </div>
   <div class='ocr_carea' id='block_1_65' title="bbox 2043 3322 3676 3403">
    <p class='ocr_par' dir='ltr' id='par_1_65' title="bbox 2102 3325 3676 3403">
     <span class='ocr_line' id='line_1_66' title="bbox 2102 3325 3676 3403; baseline -0.003 -19"><span class='ocrx_word' id='word_1_452' title='bbox 2102 3330 2184 3384; x_wconf 88' lang='lat' dir='ltr'><strong>De</strong></span> <span class='ocrx_word' id='word_1_453' title='bbox 2215 3334 2424 3400; x_wconf 87' lang='lat' dir='ltr'><strong>quarto</strong></span> <span class='ocrx_word' id='word_1_454' title='bbox 2455 3329 2607 3385; x_wconf 92' lang='lat' dir='ltr'><strong>libro</strong></span> <span class='ocrx_word' id='word_1_455' title='bbox 2639 3329 2907 3403; x_wconf 88' lang='lat' dir='ltr'><strong>ejusdem</strong></span> <span class='ocrx_word' id='word_1_456' title='bbox 2935 3344 2948 3384; x_wconf 90' lang='lat'><strong>:</strong></span> <span class='ocrx_word' id='word_1_457' title='bbox 2995 3329 3066 3385; x_wconf 90' lang='lat' dir='ltr'><strong>de</strong></span> <span class='ocrx_word' id='word_1_458' title='bbox 3125 3329 3334 3385; x_wconf 88' lang='lat' dir='ltr'><strong>arbore</strong></span> <span class='ocrx_word' id='word_1_459' title='bbox 3366 3325 3676 3399; x_wconf 86' lang='lat' dir='ltr'><strong>amygdalo</strong></span> 
     </span>
    </p>
   </div>
   <div class='ocr_carea' id='block_1_66' title="bbox 261 3412 1915 3494">
    <p class='ocr_par' dir='ltr' id='par_1_66' title="bbox 261 3412 1915 3494">
     <span class='ocr_line' id='line_1_67' title="bbox 261 3412 1915 3494; baseline -0.002 -20"><span class='ocrx_word' id='word_1_460' title='bbox 261 3417 371 3487; x_wconf 74' lang='grc' dir='ltr'>λῆς</span> <span class='ocrx_word' id='word_1_461' title='bbox 403 3415 572 3488; x_wconf 77' lang='grc' dir='ltr'>ούσης</span> <span class='ocrx_word' id='word_1_462' title='bbox 601 3423 701 3487; x_wconf 79' lang='grc' dir='ltr'><strong>τῆς</strong></span> <span class='ocrx_word' id='word_1_463' title='bbox 733 3412 938 3492; x_wconf 75' lang='grc' dir='ltr'>ῥάϐδου</span> <span class='ocrx_word' id='word_1_464' title='bbox 957 3417 1165 3492; x_wconf 79' lang='grc' dir='ltr'>’Λαρὼν</span> <span class='ocrx_word' id='word_1_465' title='bbox 1187 3413 1482 3494; x_wconf 77' lang='grc' dir='ltr'>ἀμύγδαλα</span> <span class='ocrx_word' id='word_1_466' title='bbox 1511 3416 1602 3471; x_wconf 83' lang='grc' dir='ltr'>καὶ</span> <span class='ocrx_word' id='word_1_467' title='bbox 1633 3416 1684 3471; x_wconf 68' lang='lat' dir='ltr'><strong>oi</strong></span> <span class='ocrx_word' id='word_1_468' title='bbox 1715 3415 1915 3491; x_wconf 77' lang='grc' dir='ltr'>καρποὶ</span> 
     </span>
    </p>
   </div>
   <div class='ocr_carea' id='block_1_67' title="bbox 267 3507 582 3584">
    <p class='ocr_par' dir='ltr' id='par_1_67' title="bbox 267 3507 582 3584">
     <span class='ocr_line' id='line_1_68' title="bbox 267 3507 582 3584; baseline 0.01 -22"><span class='ocrx_word' id='word_1_469' title='bbox 267 3507 316 3562; x_wconf 83' lang='grc' dir='ltr'><strong>ὠ</strong></span> <span class='ocrx_word' id='word_1_470' title='bbox 323 3528 348 3584; x_wconf 86' lang='grc' dir='ltr'><strong>ρ</strong></span> <span class='ocrx_word' id='word_1_471' title='bbox 359 3507 582 3573; x_wconf 65' lang='grc' dir='ltr'>άθτραν.</span> 
     </span>
    </p>
   </div>
   <div class='ocr_carea' id='block_1_68' title="bbox 339 3594 1920 3672">
    <p class='ocr_par' dir='ltr' id='par_1_68' title="bbox 339 3594 1920 3672">
     <span class='ocr_line' id='line_1_69' title="bbox 339 3594 1920 3672; baseline -0.002 -19"><span class='ocrx_word' id='word_1_472' title='bbox 339 3599 460 3654; x_wconf 80' lang='grc' dir='ltr'>Ὀτι</span> <span class='ocrx_word' id='word_1_473' title='bbox 521 3597 640 3652; x_wconf 85' lang='grc' dir='ltr'>’ὸσοι</span> <span class='ocrx_word' id='word_1_474' title='bbox 723 3594 783 3651; x_wconf 78' lang='grc' dir='ltr'>ἂν</span> <span class='ocrx_word' id='word_1_475' title='bbox 845 3595 1068 3658; x_wconf 68' lang='grc' dir='ltr'>ἑαυτοὺς</span> <span class='ocrx_word' id='word_1_476' title='bbox 1119 3599 1441 3671; x_wconf 84' lang='grc' dir='ltr'>καθιερῶσιν</span> <span class='ocrx_word' id='word_1_477' title='bbox 1495 3595 1634 3672; x_wconf 77' lang='grc' dir='ltr'><strong>εὐχὴ</strong></span> <span class='ocrx_word' id='word_1_478' title='bbox 1683 3616 1920 3666; x_wconf 75' lang='grc' dir='ltr'>πεποιη-</span> 
     </span>
    </p>
   </div>
   <div class='ocr_carea' id='block_1_69' title="bbox 268 3683 1918 3761">
    <p class='ocr_par' dir='ltr' id='par_1_69' title="bbox 268 3683 1918 3761">
     <span class='ocr_line' id='line_1_70' title="bbox 268 3683 1918 3761; baseline -0.002 -19"><span class='ocrx_word' id='word_1_479' title='bbox 268 3685 451 3761; x_wconf 67' lang='grc' dir='ltr'>μένοι,</span> <span class='ocrx_word' id='word_1_480' title='bbox 483 3690 770 3760; x_wconf 80' lang='grc' dir='ltr'>Ναζιραῖοι</span> <span class='ocrx_word' id='word_1_481' title='bbox 802 3684 956 3740; x_wconf 76' lang='grc' dir='ltr'>οὗτοι</span> <span class='ocrx_word' id='word_1_482' title='bbox 985 3683 1304 3752; x_wconf 74' lang='grc' dir='ltr'>καλοῦνται,</span> <span class='ocrx_word' id='word_1_483' title='bbox 1328 3690 1609 3759; x_wconf 79' lang='grc' dir='ltr'>κομῶντες</span> <span class='ocrx_word' id='word_1_484' title='bbox 1646 3685 1735 3741; x_wconf 78' lang='grc' dir='ltr'><strong>καὶ</strong></span> <span class='ocrx_word' id='word_1_485' title='bbox 1776 3685 1918 3740; x_wconf 82' lang='grc' dir='ltr'>οἶνον</span> 
     </span>
    </p>
   </div>
   <div class='ocr_carea' id='block_1_70' title="bbox 268 3773 1920 3855">
    <p class='ocr_par' dir='ltr' id='par_1_70' title="bbox 268 3773 1920 3855">
     <span class='ocr_line' id='line_1_71' title="bbox 268 3773 1920 3855; baseline -0.004 -22"><span class='ocrx_word' id='word_1_486' title='bbox 268 3778 347 3851; x_wconf 77' lang='grc' dir='ltr'>μή</span> <span class='ocrx_word' id='word_1_487' title='bbox 403 3775 860 3855; x_wconf 63' lang='grc' dir='ltr'>προσφερόμενοι.</span> <span class='ocrx_word' id='word_1_488' title='bbox 942 3777 1181 3855; x_wconf 75' lang='grc' dir='ltr'>Τούτρυς</span> <span class='ocrx_word' id='word_1_489' title='bbox 1249 3773 1327 3844; x_wconf 68' lang='grc' dir='ltr'>δδ,</span> <span class='ocrx_word' id='word_1_490' title='bbox 1390 3775 1517 3832; x_wconf 75' lang='grc' dir='ltr'>ὅταν</span> <span class='ocrx_word' id='word_1_491' title='bbox 1571 3776 1666 3838; x_wconf 81' lang='grc' dir='ltr'>τὰς</span> <span class='ocrx_word' id='word_1_492' title='bbox 1721 3773 1920 3854; x_wconf 84' lang='grc' dir='ltr'>τρίχας</span> 
     </span>
    </p>
   </div>
   <div class='ocr_carea' id='block_1_71' title="bbox 262 3851 1914 3940">
    <p class='ocr_par' dir='ltr' id='par_1_71' title="bbox 262 3851 1914 3940">
     <span class='ocr_line' id='line_1_72' title="bbox 262 3851 1914 3940; baseline -0.001 -22"><span class='ocrx_word' id='word_1_493' title='bbox 262 3864 558 3939; x_wconf 60' lang='grc' dir='ltr'>ἆριερῶσιν</span> <span class='ocrx_word' id='word_1_494' title='bbox 590 3863 680 3918; x_wconf 80' lang='grc' dir='ltr'><strong>ἐπὶ</strong></span> <span class='ocrx_word' id='word_1_495' title='bbox 714 3862 872 3935; x_wconf 78' lang='grc' dir='ltr'>θυσίᾳ</span> <span class='ocrx_word' id='word_1_496' title='bbox 909 3883 969 3920; x_wconf 86' lang='grc' dir='ltr'><strong>τε</strong></span> <span class='ocrx_word' id='word_1_497' title='bbox 1009 3851 1178 3940; x_wconf 81' lang='grc' dir='ltr'>δρῶσι</span> <span class='ocrx_word' id='word_1_498' title='bbox 1231 3864 1326 3928; x_wconf 73' lang='grc' dir='ltr'>τὰς</span> <span class='ocrx_word' id='word_1_499' title='bbox 1379 3864 1601 3940; x_wconf 84' lang='grc' dir='ltr'>κουρὰς,</span> <span class='ocrx_word' id='word_1_500' title='bbox 1659 3864 1914 3938; x_wconf 66' lang='grc' dir='ltr'>νέμεσθαι</span> 
     </span>
    </p>
   </div>
   <div class='ocr_carea' id='block_1_72' title="bbox 261 3947 1919 4028">
    <p class='ocr_par' dir='ltr' id='par_1_72' title="bbox 261 3947 1919 4028">
     <span class='ocr_line' id='line_1_73' title="bbox 261 3947 1919 4028; baseline 0 -21"><span class='ocrx_word' id='word_1_501' title='bbox 261 3954 401 4028; x_wconf 80' lang='grc' dir='ltr'>πρὸς</span> <span class='ocrx_word' id='word_1_502' title='bbox 431 3954 559 4016; x_wconf 68' lang='grc' dir='ltr'>τοὺς</span> <span class='ocrx_word' id='word_1_503' title='bbox 592 3953 789 4026; x_wconf 70' lang='grc' dir='ltr'>ἱερέας.</span> <span class='ocrx_word' id='word_1_504' title='bbox 826 3954 927 4010; x_wconf 82' lang='grc' dir='ltr'><strong>Καὶ</strong></span> <span class='ocrx_word' id='word_1_505' title='bbox 987 3954 1038 4008; x_wconf 77' lang='grc' dir='ltr'>οἱ</span> <span class='ocrx_word' id='word_1_506' title='bbox 1096 3947 1301 4028; x_wconf 76' lang='grc' dir='ltr'>κορϐἆν</span> <span class='ocrx_word' id='word_1_507' title='bbox 1358 3954 1556 4016; x_wconf 81' lang='grc' dir='ltr'>αὐτοὺς</span> <span class='ocrx_word' id='word_1_508' title='bbox 1612 3953 1919 4028; x_wconf 84' lang='grc' dir='ltr'>ὀνομάσαν-</span> 
     </span>
    </p>
   </div>
   <div class='ocr_carea' id='block_1_73' title="bbox 265 4039 1916 4120">
    <p class='ocr_par' dir='ltr' id='par_1_73' title="bbox 265 4039 1916 4120">
     <span class='ocr_line' id='line_1_74' title="bbox 265 4039 1916 4120; baseline -0.001 -23"><span class='ocrx_word' id='word_1_509' title='bbox 265 4062 354 4103; x_wconf 86' lang='grc' dir='ltr'><strong>τες</strong></span> <span class='ocrx_word' id='word_1_510' title='bbox 385 4046 462 4114; x_wconf 84' lang='grc' dir='ltr'>τῷ</span> <span class='ocrx_word' id='word_1_511' title='bbox 492 4047 610 4115; x_wconf 82' lang='grc' dir='ltr'><strong>Θεῷ</strong></span> <span class='ocrx_word' id='word_1_512' title='bbox 668 4039 867 4118; x_wconf 86' lang='grc' dir='ltr'>(δῶρον</span> <span class='ocrx_word' id='word_1_513' title='bbox 921 4039 978 4098; x_wconf 67' lang='grc' dir='ltr'>δὲ</span> <span class='ocrx_word' id='word_1_514' title='bbox 1033 4047 1195 4098; x_wconf 72' lang='grc' dir='ltr'>τουτο</span> <span class='ocrx_word' id='word_1_515' title='bbox 1249 4042 1524 4117; x_wconf 80' lang='grc' dir='ltr'>σημαίνει)</span> <span class='ocrx_word' id='word_1_516' title='bbox 1587 4041 1916 4120; x_wconf 86' lang='grc' dir='ltr'>βουλόμενοι</span> 
     </span>
    </p>
   </div>
   <div class='ocr_carea' id='block_1_74' title="bbox 265 4129 1914 4211">
    <p class='ocr_par' dir='ltr' id='par_1_74' title="bbox 265 4129 1914 4211">
     <span class='ocr_line' id='line_1_75' title="bbox 265 4129 1914 4211; baseline 0.001 -24"><span class='ocrx_word' id='word_1_517' title='bbox 265 4132 516 4208; x_wconf 63' lang='grc' dir='ltr'>ἀφίεσθαι</span> <span class='ocrx_word' id='word_1_518' title='bbox 545 4139 646 4202; x_wconf 79' lang='grc' dir='ltr'>τῆς</span> <span class='ocrx_word' id='word_1_519' title='bbox 670 4131 1035 4211; x_wconf 83' lang='grc' dir='ltr'>λειτουργίας,</span> <span class='ocrx_word' id='word_1_520' title='bbox 1079 4139 1194 4196; x_wconf 83' lang='grc' dir='ltr'>τοῖς</span> <span class='ocrx_word' id='word_1_521' title='bbox 1263 4134 1462 4205; x_wconf 76' lang='grc' dir='ltr'>ἱερεῦσι</span> <span class='ocrx_word' id='word_1_522' title='bbox 1494 4129 1817 4190; x_wconf 82' lang='grc' dir='ltr'>καταϐαλεῖν</span> <span class='ocrx_word' id='word_1_523' title='bbox 1852 4133 1914 4189; x_wconf 87' lang='grc' dir='ltr'>τὸ</span> 
     </span>
    </p>
   </div>
   <div class='ocr_carea' id='block_1_75' title="bbox 261 4221 1921 4301">
    <p class='ocr_par' dir='ltr' id='par_1_75' title="bbox 261 4221 1921 4301">
     <span class='ocr_line' id='line_1_76' title="bbox 261 4221 1921 4301; baseline 0.002 -25"><span class='ocrx_word' id='word_1_524' title='bbox 261 4221 548 4297; x_wconf 77' lang='grc' dir='ltr'>ἀργύριον,</span> <span class='ocrx_word' id='word_1_525' title='bbox 609 4224 866 4298; x_wconf 74' lang='grc' dir='ltr'>γυναικὸς</span> <span class='ocrx_word' id='word_1_526' title='bbox 931 4223 1024 4297; x_wconf 65' lang='grc' dir='ltr'>μὲν</span> <span class='ocrx_word' id='word_1_527' title='bbox 1081 4224 1377 4297; x_wconf 77' lang='grc' dir='ltr'>τριάκοντα</span> <span class='ocrx_word' id='word_1_528' title='bbox 1429 4222 1676 4300; x_wconf 80' lang='grc' dir='ltr'>σίγλυυς,</span> <span class='ocrx_word' id='word_1_529' title='bbox 1731 4221 1921 4301; x_wconf 81' lang='grc' dir='ltr'>ἀνδρὸς</span> 
     </span>
    </p>
   </div>
   <div class='ocr_carea' id='block_1_76' title="bbox 265 4307 716 4382">
    <p class='ocr_par' dir='ltr' id='par_1_76' title="bbox 265 4307 716 4382">
     <span class='ocr_line' id='line_1_77' title="bbox 265 4307 716 4382; baseline 0.011 -16"><span class='ocrx_word' id='word_1_530' title='bbox 265 4307 326 4366; x_wconf 69' lang='grc' dir='ltr'><strong>δί</strong></span> <span class='ocrx_word' id='word_1_531' title='bbox 354 4333 421 4367; x_wconf 88' lang='grc' dir='ltr'><strong>πε</strong></span> <span class='ocrx_word' id='word_1_532' title='bbox 431 4316 716 4382; x_wconf 69' lang='grc' dir='ltr'>ιττξκοντα.</span> 
     </span>
    </p>
   </div>
   <div class='ocr_carea' id='block_1_77' title="bbox 335 4399 1923 4480">
    <p class='ocr_par' dir='ltr' id='par_1_77' title="bbox 335 4399 1923 4480">
     <span class='ocr_line' id='line_1_78' title="bbox 335 4399 1923 4480; baseline 0 -22"><span class='ocrx_word' id='word_1_533' title='bbox 335 4403 458 4458; x_wconf 82' lang='grc' dir='ltr'>Ὀτι</span> <span class='ocrx_word' id='word_1_534' title='bbox 495 4401 716 4458; x_wconf 72' lang='grc' dir='ltr'>Βαλαὶκ</span> <span class='ocrx_word' id='word_1_535' title='bbox 745 4401 922 4457; x_wconf 85' lang='grc' dir='ltr'>πεσὼν</span> <span class='ocrx_word' id='word_1_536' title='bbox 963 4399 1051 4456; x_wconf 73' lang='grc' dir='ltr'><strong>ἐπὶ</strong></span> <span class='ocrx_word' id='word_1_537' title='bbox 1094 4402 1271 4474; x_wconf 81' lang='grc' dir='ltr'>στόμα</span> <span class='ocrx_word' id='word_1_538' title='bbox 1298 4402 1367 4458; x_wconf 81' lang='grc' dir='ltr'><strong>τὰ</strong></span> <span class='ocrx_word' id='word_1_539' title='bbox 1398 4404 1544 4475; x_wconf 82' lang='grc' dir='ltr'>πάθη</span> <span class='ocrx_word' id='word_1_540' title='bbox 1594 4400 1923 4480; x_wconf 69' lang='grc' dir='ltr'>προύλεγεν,</span> 
     </span>
    </p>
   </div>
   <div class='ocr_carea' id='block_1_78' title="bbox 267 4485 1930 4566">
    <p class='ocr_par' dir='ltr' id='par_1_78' title="bbox 267 4485 1930 4566">
     <span class='ocr_line' id='line_1_79' title="bbox 267 4485 1930 4566; baseline 0.003 -22"><span class='ocrx_word' id='word_1_541' title='bbox 267 4491 364 4544; x_wconf 73' lang='grc' dir='ltr'><strong>ὅσα</strong></span> <span class='ocrx_word' id='word_1_542' title='bbox 397 4512 456 4545; x_wconf 92' lang='grc' dir='ltr'>τε</span> <span class='ocrx_word' id='word_1_543' title='bbox 487 4492 799 4566; x_wconf 75' lang='grc' dir='ltr'>βασιλεῦσιν</span> <span class='ocrx_word' id='word_1_544' title='bbox 833 4485 981 4545; x_wconf 74' lang='grc' dir='ltr'>ἔσται</span> <span class='ocrx_word' id='word_1_545' title='bbox 1007 4491 1096 4544; x_wconf 80' lang='grc' dir='ltr'><strong>καὶ</strong></span> <span class='ocrx_word' id='word_1_546' title='bbox 1153 4491 1254 4546; x_wconf 75' lang='grc' dir='ltr'>ὅσα</span> <span class='ocrx_word' id='word_1_547' title='bbox 1309 4491 1501 4547; x_wconf 91' lang='grc' dir='ltr'>πόλεσι</span> <span class='ocrx_word' id='word_1_548' title='bbox 1535 4498 1653 4554; x_wconf 89' lang='grc' dir='ltr'>ταῖς</span> <span class='ocrx_word' id='word_1_549' title='bbox 1714 4491 1930 4564; x_wconf 79' lang='grc' dir='ltr'>ἀξιολο.</span> 
     </span>
    </p>
   </div>
   <div class='ocr_carea' id='block_1_79' title="bbox 261 4577 1926 4657">
    <p class='ocr_par' dir='ltr' id='par_1_79' title="bbox 261 4577 1926 4657">
     <span class='ocr_line' id='line_1_80' title="bbox 261 4577 1926 4657; baseline 0.004 -25"><span class='ocrx_word' id='word_1_550' title='bbox 261 4579 670 4657; x_wconf 83' lang='grc' dir='ltr'>γωτάταις,ῶν</span> <span class='ocrx_word' id='word_1_551' title='bbox 713 4578 876 4644; x_wconf 77' lang='grc' dir='ltr'>ἐνίαις</span> <span class='ocrx_word' id='word_1_552' title='bbox 936 4577 1062 4634; x_wconf 66' lang='grc' dir='ltr'>οὐδὲ</span> <span class='ocrx_word' id='word_1_553' title='bbox 1118 4579 1392 4635; x_wconf 72' lang='grc' dir='ltr'>οἶκεῖσθαί</span> <span class='ocrx_word' id='word_1_554' title='bbox 1451 4601 1569 4644; x_wconf 91' lang='grc' dir='ltr'><strong>πως</strong></span> <span class='ocrx_word' id='word_1_555' title='bbox 1646 4577 1926 4640; x_wconf 71' lang='grc' dir='ltr'>συνέϐαινε</span> 
     </span>
    </p>
   </div>
   <div class='ocr_carea' id='block_1_80' title="bbox 2026 3418 3679 3494">
    <p class='ocr_par' dir='ltr' id='par_1_80' title="bbox 2026 3418 3679 3494">
     <span class='ocr_line' id='line_1_81' title="bbox 2026 3418 3679 3494; baseline -0.001 -22"><span class='ocrx_word' id='word_1_556' title='bbox 2026 3418 2142 3474; x_wconf 92' lang='lat' dir='ltr'><strong>fuit</strong></span> <span class='ocrx_word' id='word_1_557' title='bbox 2169 3420 2328 3493; x_wconf 88' lang='lat' dir='ltr'><strong>virga</strong></span> <span class='ocrx_word' id='word_1_558' title='bbox 2366 3421 2638 3490; x_wconf 79' lang='lat' dir='ltr'><strong>Aaronis,</strong></span> <span class='ocrx_word' id='word_1_559' title='bbox 2672 3420 2926 3493; x_wconf 89' lang='lat' dir='ltr'><strong>ideoque</strong></span> <span class='ocrx_word' id='word_1_560' title='bbox 2960 3425 3018 3478; x_wconf 90' lang='lat' dir='ltr'><strong>et</strong></span> <span class='ocrx_word' id='word_1_561' title='bbox 3043 3420 3386 3494; x_wconf 87' lang='lat' dir='ltr'><strong>amygdalas</strong></span> <span class='ocrx_word' id='word_1_562' title='bbox 3415 3418 3679 3492; x_wconf 89' lang='lat' dir='ltr'><strong>proferre</strong></span> 
     </span>
    </p>
   </div>
   <div class='ocr_carea' id='block_1_81' title="bbox 2028 3505 2297 3562">
    <p class='ocr_par' dir='ltr' id='par_1_81' title="bbox 2028 3505 2297 3562">
     <span class='ocr_line' id='line_1_82' title="bbox 2028 3505 2297 3562; baseline 0 -3"><span class='ocrx_word' id='word_1_563' title='bbox 2028 3505 2153 3562; x_wconf 85' lang='lat' dir='ltr'><strong>visa</strong></span> <span class='ocrx_word' id='word_1_564' title='bbox 2183 3506 2297 3562; x_wconf 90' lang='lat' dir='ltr'><strong>fuit</strong></span> 
     </span>
    </p>
   </div>
   <div class='ocr_carea' id='block_1_82' title="bbox 2099 3595 3680 3669">
    <p class='ocr_par' dir='ltr' id='par_1_82' title="bbox 2099 3595 3680 3669">
     <span class='ocr_line' id='line_1_83' title="bbox 2099 3595 3680 3669; baseline 0.001 -21"><span class='ocrx_word' id='word_1_565' title='bbox 2099 3595 2207 3660; x_wconf 90' lang='lat' dir='ltr'><strong>Qui</strong></span> <span class='ocrx_word' id='word_1_566' title='bbox 2233 3601 2364 3650; x_wconf 87' lang='lat' dir='ltr'><strong>voto</strong></span> <span class='ocrx_word' id='word_1_567' title='bbox 2396 3601 2683 3669; x_wconf 86' lang='lat' dir='ltr'><strong>concepto</strong></span> <span class='ocrx_word' id='word_1_568' title='bbox 2717 3597 2943 3669; x_wconf 87' lang='lat' dir='ltr'><strong>seipsos</strong></span> <span class='ocrx_word' id='word_1_569' title='bbox 2971 3599 3086 3654; x_wconf 90' lang='lat' dir='ltr'><strong>Deo</strong></span> <span class='ocrx_word' id='word_1_570' title='bbox 3119 3601 3490 3661; x_wconf 89' lang='lat' dir='ltr'><strong>consecrant,</strong></span> <span class='ocrx_word' id='word_1_571' title='bbox 3523 3596 3680 3652; x_wconf 84' lang='lat' dir='ltr'><strong>Nazi-</strong></span> 
     </span>
    </p>
   </div>
   <div class='ocr_carea' id='block_1_83' title="bbox 2028 3684 3673 3757">
    <p class='ocr_par' dir='ltr' id='par_1_83' title="bbox 2028 3684 3673 3757">
     <span class='ocr_line' id='line_1_84' title="bbox 2028 3684 3673 3757; baseline 0.001 -19"><span class='ocrx_word' id='word_1_572' title='bbox 2028 3684 2130 3739; x_wconf 72' lang='lat' dir='ltr'><strong>rmi</strong></span> <span class='ocrx_word' id='word_1_573' title='bbox 2164 3684 2581 3756; x_wconf 82' lang='lat' dir='ltr'><strong>appellantur;</strong></span> <span class='ocrx_word' id='word_1_574' title='bbox 2611 3686 2790 3757; x_wconf 88' lang='lat' dir='ltr'><strong>hique</strong></span> <span class='ocrx_word' id='word_1_575' title='bbox 2841 3704 3071 3743; x_wconf 88' lang='lat' dir='ltr'><strong>comam</strong></span> <span class='ocrx_word' id='word_1_576' title='bbox 3121 3687 3290 3742; x_wconf 90' lang='lat' dir='ltr'><strong>alunt</strong></span> <span class='ocrx_word' id='word_1_577' title='bbox 3319 3693 3378 3742; x_wconf 93' lang='lat' dir='ltr'><strong>et</strong></span> <span class='ocrx_word' id='word_1_578' title='bbox 3406 3686 3540 3741; x_wconf 90' lang='lat' dir='ltr'><strong>vino</strong></span> <span class='ocrx_word' id='word_1_579' title='bbox 3571 3685 3673 3741; x_wconf 90' lang='lat' dir='ltr'><strong>ab-</strong></span> 
     </span>
    </p>
   </div>
   <div class='ocr_carea' id='block_1_84' title="bbox 2030 3774 3670 3841">
    <p class='ocr_par' dir='ltr' id='par_1_84' title="bbox 2030 3774 3670 3841">
     <span class='ocr_line' id='line_1_85' title="bbox 2030 3774 3670 3841; baseline -0.001 -12"><span class='ocrx_word' id='word_1_580' title='bbox 2030 3774 2271 3829; x_wconf 88' lang='lat' dir='ltr'><strong>stinent.</strong></span> <span class='ocrx_word' id='word_1_581' title='bbox 2312 3774 2377 3829; x_wconf 85' lang='lat' dir='ltr'><strong>Hi</strong></span> <span class='ocrx_word' id='word_1_582' title='bbox 2412 3791 2546 3830; x_wconf 91' lang='lat' dir='ltr'><strong>cum</strong></span> <span class='ocrx_word' id='word_1_583' title='bbox 2566 3792 2796 3831; x_wconf 89' lang='lat' dir='ltr'><strong>comam</strong></span> <span class='ocrx_word' id='word_1_584' title='bbox 2822 3775 3089 3841; x_wconf 90' lang='lat' dir='ltr'><strong>tondent,</strong></span> <span class='ocrx_word' id='word_1_585' title='bbox 3116 3776 3406 3831; x_wconf 83' lang='lat' dir='ltr'><strong>sacrificio</strong></span> <span class='ocrx_word' id='word_1_586' title='bbox 3438 3775 3670 3829; x_wconf 87' lang='lat' dir='ltr'><strong>adhibi-</strong></span> 
     </span>
    </p>
   </div>
   <div class='ocr_carea' id='block_1_85' title="bbox 2029 3863 3669 3936">
    <p class='ocr_par' dir='ltr' id='par_1_85' title="bbox 2029 3863 3669 3936">
     <span class='ocr_line' id='line_1_86' title="bbox 2029 3863 3669 3936; baseline -0.002 -17"><span class='ocrx_word' id='word_1_587' title='bbox 2029 3869 2088 3919; x_wconf 88' lang='lat' dir='ltr'><strong>to</strong></span> <span class='ocrx_word' id='word_1_588' title='bbox 2119 3879 2251 3919; x_wconf 86' lang='lat' dir='ltr'><strong>eam</strong></span> <span class='ocrx_word' id='word_1_589' title='bbox 2278 3864 2397 3919; x_wconf 91' lang='lat' dir='ltr'><strong>Deo</strong></span> <span class='ocrx_word' id='word_1_590' title='bbox 2429 3864 2707 3933; x_wconf 74' lang='lat' dir='ltr'><strong>offerunt,</strong></span> <span class='ocrx_word' id='word_1_591' title='bbox 2741 3863 3112 3919; x_wconf 84' lang='lat' dir='ltr'><strong>sacerdotum</strong></span> <span class='ocrx_word' id='word_1_592' title='bbox 3147 3881 3344 3936; x_wconf 90' lang='lat' dir='ltr'><strong>opera.</strong></span> <span class='ocrx_word' id='word_1_593' title='bbox 3379 3865 3447 3917; x_wconf 86' lang='lat' dir='ltr'><strong>Et</strong></span> <span class='ocrx_word' id='word_1_594' title='bbox 3477 3863 3576 3933; x_wconf 93' lang='lat' dir='ltr'><strong>qui</strong></span> <span class='ocrx_word' id='word_1_595' title='bbox 3609 3878 3669 3916; x_wconf 87' lang='lat' dir='ltr'><strong>se</strong></span> 
     </span>
    </p>
   </div>
   <div class='ocr_carea' id='block_1_86' title="bbox 2028 3951 3666 4024">
    <p class='ocr_par' dir='ltr' id='par_1_86' title="bbox 2028 3951 3666 4024">
     <span class='ocr_line' id='line_1_87' title="bbox 2028 3951 3666 4024; baseline -0.002 -17"><span class='ocrx_word' id='word_1_596' title='bbox 2028 3955 2146 4007; x_wconf 92' lang='lat' dir='ltr'><strong>Deo</strong></span> <span class='ocrx_word' id='word_1_597' title='bbox 2177 3951 2418 4008; x_wconf 91' lang='lat' dir='ltr'><strong>domum</strong></span> <span class='ocrx_word' id='word_1_598' title='bbox 2453 3951 2689 4024; x_wconf 82' lang='lat' dir='ltr'><strong>(Corban</strong></span> <span class='ocrx_word' id='word_1_599' title='bbox 2723 3952 2780 4008; x_wconf 90' lang='lat' dir='ltr'><strong>id</strong></span> <span class='ocrx_word' id='word_1_600' title='bbox 2811 3951 3092 4008; x_wconf 86' lang='lat' dir='ltr'><strong>Hebraice</strong></span> <span class='ocrx_word' id='word_1_601' title='bbox 3152 3951 3387 4023; x_wconf 90' lang='lat' dir='ltr'><strong>dicitur)</strong></span> <span class='ocrx_word' id='word_1_602' title='bbox 3437 3967 3666 4005; x_wconf 59' lang='lat' dir='ltr'><strong>nuncuo</strong></span> 
     </span>
    </p>
   </div>
   <div class='ocr_carea' id='block_1_87' title="bbox 2028 4038 3667 4112">
    <p class='ocr_par' dir='ltr' id='par_1_87' title="bbox 2028 4038 3667 4112">
     <span class='ocr_line' id='line_1_88' title="bbox 2028 4038 3667 4112; baseline -0.002 -16"><span class='ocrx_word' id='word_1_603' title='bbox 2028 4047 2194 4112; x_wconf 85' lang='lat' dir='ltr'><strong>pant,</strong></span> <span class='ocrx_word' id='word_1_604' title='bbox 2226 4042 2265 4096; x_wconf 90' lang='lat' dir='ltr'><strong>ii</strong></span> <span class='ocrx_word' id='word_1_605' title='bbox 2299 4041 2346 4096; x_wconf 91' lang='lat' dir='ltr'><strong>si</strong></span> <span class='ocrx_word' id='word_1_606' title='bbox 2395 4039 2636 4096; x_wconf 87' lang='lat' dir='ltr'><strong>liberari</strong></span> <span class='ocrx_word' id='word_1_607' title='bbox 2694 4040 2888 4096; x_wconf 82' lang='lat' dir='ltr'><strong>officio</strong></span> <span class='ocrx_word' id='word_1_608' title='bbox 2940 4039 3138 4107; x_wconf 85' lang='lat' dir='ltr'><strong>velint,</strong></span> <span class='ocrx_word' id='word_1_609' title='bbox 3193 4038 3505 4111; x_wconf 89' lang='lat' dir='ltr'><strong>pecuniam</strong></span> <span class='ocrx_word' id='word_1_610' title='bbox 3566 4054 3667 4092; x_wconf 89' lang='lat' dir='ltr'><strong>sa-</strong></span> 
     </span>
    </p>
   </div>
   <div class='ocr_carea' id='block_1_88' title="bbox 2028 4126 3596 4202">
    <p class='ocr_par' dir='ltr' id='par_1_88' title="bbox 2028 4126 3596 4202">
     <span class='ocr_line' id='line_1_89' title="bbox 2028 4126 3596 4202; baseline -0.003 -16"><span class='ocrx_word' id='word_1_611' title='bbox 2028 4130 2368 4187; x_wconf 86' lang='lat' dir='ltr'><strong>cerdotibus</strong></span> <span class='ocrx_word' id='word_1_612' title='bbox 2407 4130 2772 4202; x_wconf 89' lang='lat' dir='ltr'><strong>dependunt,</strong></span> <span class='ocrx_word' id='word_1_613' title='bbox 2806 4129 3018 4186; x_wconf 88' lang='lat' dir='ltr'><strong>mulier</strong></span> <span class='ocrx_word' id='word_1_614' title='bbox 3050 4129 3227 4184; x_wconf 90' lang='lat' dir='ltr'><strong>siclos</strong></span> <span class='ocrx_word' id='word_1_615' title='bbox 3258 4129 3345 4198; x_wconf 86' lang='lat'><strong>30,</strong></span> <span class='ocrx_word' id='word_1_616' title='bbox 3377 4127 3466 4183; x_wconf 92' lang='lat' dir='ltr'><strong>vir</strong></span> <span class='ocrx_word' id='word_1_617' title='bbox 3509 4126 3596 4181; x_wconf 74' lang='lat'><strong>50.</strong></span> 
     </span>
    </p>
   </div>
   <div class='ocr_carea' id='block_1_89' title="bbox 2100 4371 3680 4472">
    <p class='ocr_par' dir='ltr' id='par_1_89' title="bbox 2100 4397 3680 4472">
     <span class='ocr_line' id='line_1_90' title="bbox 2100 4397 3680 4472; baseline -0.003 -16"><span class='ocrx_word' id='word_1_618' title='bbox 2100 4399 2383 4456; x_wconf 87' lang='lat' dir='ltr'><strong>Balaacus</strong></span> <span class='ocrx_word' id='word_1_619' title='bbox 2405 4399 2466 4454; x_wconf 90' lang='lat' dir='ltr'><strong>in</strong></span> <span class='ocrx_word' id='word_1_620' title='bbox 2491 4399 2702 4456; x_wconf 90' lang='lat' dir='ltr'><strong>faciem</strong></span> <span class='ocrx_word' id='word_1_621' title='bbox 2736 4416 2987 4472; x_wconf 88' lang='lat' dir='ltr'><strong>pronum</strong></span> <span class='ocrx_word' id='word_1_622' title='bbox 3011 4417 3072 4456; x_wconf 89' lang='lat' dir='ltr'><strong>se</strong></span> <span class='ocrx_word' id='word_1_623' title='bbox 3104 4404 3377 4456; x_wconf 87' lang='lat' dir='ltr'><strong>sternens</strong></span> <span class='ocrx_word' id='word_1_624' title='bbox 3408 4397 3680 4472; x_wconf 79' lang='lat' dir='ltr'><strong>prmdixit</strong></span> 
     </span>
    </p>
   </div>
   <div class='ocr_carea' id='block_1_90' title="bbox 2035 4489 3676 4563">
    <p class='ocr_par' dir='ltr' id='par_1_90' title="bbox 2035 4489 3676 4563">
     <span class='ocr_line' id='line_1_91' title="bbox 2035 4489 3676 4563; baseline -0.001 -18"><span class='ocrx_word' id='word_1_625' title='bbox 2035 4507 2165 4563; x_wconf 77' lang='lat' dir='ltr'><strong>qum</strong></span> <span class='ocrx_word' id='word_1_626' title='bbox 2215 4489 2584 4544; x_wconf 87' lang='lat' dir='ltr'><strong>calamitates</strong></span> <span class='ocrx_word' id='word_1_627' title='bbox 2639 4491 2876 4563; x_wconf 77' lang='lat' dir='ltr'><strong>regibus</strong></span> <span class='ocrx_word' id='word_1_628' title='bbox 2935 4493 2992 4545; x_wconf 85' lang='lat' dir='ltr'><strong>et</strong></span> <span class='ocrx_word' id='word_1_629' title='bbox 3039 4490 3285 4545; x_wconf 88' lang='lat' dir='ltr'><strong>urbibus</strong></span> <span class='ocrx_word' id='word_1_630' title='bbox 3341 4489 3676 4562; x_wconf 85' lang='lat' dir='ltr'><strong>pra-cipuis,</strong></span> 
     </span>
    </p>
   </div>
   <div class='ocr_carea' id='block_1_91' title="bbox 2037 4580 3676 4654">
    <p class='ocr_par' dir='ltr' id='par_1_91' title="bbox 2037 4580 3676 4654">
     <span class='ocr_line' id='line_1_92' title="bbox 2037 4580 3676 4654; baseline -0.001 -18"><span class='ocrx_word' id='word_1_631' title='bbox 2037 4597 2288 4653; x_wconf 88' lang='lat' dir='ltr'><strong>quarum</strong></span> <span class='ocrx_word' id='word_1_632' title='bbox 2321 4580 2591 4652; x_wconf 67' lang='lat' dir='ltr'><strong>quaedam</strong></span> <span class='ocrx_word' id='word_1_633' title='bbox 2627 4586 2751 4636; x_wconf 91' lang='lat' dir='ltr'><strong>tum</strong></span> <span class='ocrx_word' id='word_1_634' title='bbox 2809 4599 2882 4636; x_wconf 89' lang='lat' dir='ltr'><strong>ne</strong></span> <span class='ocrx_word' id='word_1_635' title='bbox 2937 4581 3188 4637; x_wconf 88' lang='lat' dir='ltr'><strong>habitari</strong></span> <span class='ocrx_word' id='word_1_636' title='bbox 3250 4582 3487 4654; x_wconf 90' lang='lat' dir='ltr'><strong>quidem</strong></span> <span class='ocrx_word' id='word_1_637' title='bbox 3523 4581 3676 4636; x_wconf 72' lang='lat' dir='ltr'><strong>I23</strong></span> 
     </span>
    </p>
   </div>
   <div class='ocr_carea' id='block_1_92' title="bbox 262 4665 1923 4768">
    <p class='ocr_par' dir='ltr' id='par_1_92' title="bbox 262 4665 1923 4745">
     <span class='ocr_line' id='line_1_93' title="bbox 262 4665 1923 4745; baseline 0.002 -22"><span class='ocrx_word' id='word_1_638' title='bbox 262 4669 367 4735; x_wconf 75' lang='grc' dir='ltr'>τῆν</span> <span class='ocrx_word' id='word_1_639' title='bbox 409 4669 614 4745; x_wconf 69' lang='grc' dir='ltr'>ἀρχήν.</span> <span class='ocrx_word' id='word_1_640' title='bbox 646 4668 896 4725; x_wconf 74' lang='grc' dir='ltr'>Ὑπὲθετο</span> <span class='ocrx_word' id='word_1_641' title='bbox 935 4665 992 4724; x_wconf 74' lang='grc' dir='ltr'>δὶ</span> <span class='ocrx_word' id='word_1_642' title='bbox 1020 4670 1108 4724; x_wconf 81' lang='grc' dir='ltr'><strong>καὶ</strong></span> <span class='ocrx_word' id='word_1_643' title='bbox 1143 4669 1234 4724; x_wconf 87' lang='grc' dir='ltr'><strong>τὸν</strong></span> <span class='ocrx_word' id='word_1_644' title='bbox 1291 4674 1400 4725; x_wconf 90' lang='grc' dir='ltr'><strong>τῶν</strong></span> <span class='ocrx_word' id='word_1_645' title='bbox 1462 4668 1806 4730; x_wconf 80' lang='grc' dir='ltr'>Μαδιανιτῶν</span> <span class='ocrx_word' id='word_1_646' title='bbox 1835 4672 1923 4728; x_wconf 82' lang='grc' dir='ltr'><strong>καῖ</strong></span> 
     </span>
    </p>
   </div>
   <div class='ocr_carea' id='block_1_93' title="bbox 2043 4665 3677 4768">
    <p class='ocr_par' dir='ltr' id='par_1_93' title="bbox 2043 4670 3677 4743">
     <span class='ocr_line' id='line_1_94' title="bbox 2043 4670 3677 4743; baseline -0.002 -17"><span class='ocrx_word' id='word_1_647' title='bbox 2043 4671 2302 4743; x_wconf 83' lang='lat' dir='ltr'><strong>contigit,</strong></span> <span class='ocrx_word' id='word_1_648' title='bbox 2328 4677 2528 4726; x_wconf 90' lang='lat' dir='ltr'><strong>essent</strong></span> <span class='ocrx_word' id='word_1_649' title='bbox 2559 4671 3205 4728; x_wconf 69' lang='lat' dir='ltr'><strong>eventurm.Addiditet</strong></span> <span class='ocrx_word' id='word_1_650' title='bbox 3227 4670 3677 4726; x_wconf 78' lang='lat' dir='ltr'><strong>Madiauitarum</strong></span> 
     </span>
    </p>
   </div>
   <div class='ocr_carea' id='block_1_94' title="bbox 262 4753 1416 4835">
    <p class='ocr_par' dir='ltr' id='par_1_94' title="bbox 262 4753 1416 4835">
     <span class='ocr_line' id='line_1_95' title="bbox 262 4753 1416 4835; baseline 0.001 -21"><span class='ocrx_word' id='word_1_651' title='bbox 262 4759 358 4814; x_wconf 88' lang='grc' dir='ltr'><strong>τὸν</strong></span> <span class='ocrx_word' id='word_1_652' title='bbox 389 4764 498 4814; x_wconf 90' lang='grc' dir='ltr'><strong>τῶν</strong></span> <span class='ocrx_word' id='word_1_653' title='bbox 537 4753 899 4816; x_wconf 74' lang='grc' dir='ltr'>Μωαϐιτίδων</span> <span class='ocrx_word' id='word_1_654' title='bbox 930 4763 1194 4835; x_wconf 86' lang='grc' dir='ltr'>γυναικῶν</span> <span class='ocrx_word' id='word_1_655' title='bbox 1228 4755 1416 4816; x_wconf 83' lang='grc' dir='ltr'>δόλον.</span> 
     </span>
    </p>
   </div>
   <div class='ocr_carea' id='block_1_95' title="bbox 339 4844 1917 4934">
    <p class='ocr_par' dir='ltr' id='par_1_95' title="bbox 339 4844 1917 4934">
     <span class='ocr_line' id='line_1_96' title="bbox 339 4844 1917 4934; baseline 0.003 -29"><span class='ocrx_word' id='word_1_656' title='bbox 339 4849 476 4905; x_wconf 84' lang='grc' dir='ltr'>Ἀπὸ</span> <span class='ocrx_word' id='word_1_657' title='bbox 511 4844 737 4923; x_wconf 88' lang='grc' dir='ltr'>βιϐλίου</span> <span class='ocrx_word' id='word_1_658' title='bbox 769 4849 806 4902; x_wconf 80' lang='grc' dir='ltr'>ε’</span> <span class='ocrx_word' id='word_1_659' title='bbox 841 4852 939 4903; x_wconf 73' lang='grc' dir='ltr'>τοῦ</span> <span class='ocrx_word' id='word_1_660' title='bbox 996 4848 1188 4918; x_wconf 73' lang='grc' dir='ltr'>αύτοῦ,</span> <span class='ocrx_word' id='word_1_661' title='bbox 1249 4848 1332 4904; x_wconf 78' lang='grc' dir='ltr'><strong>ὅτι</strong></span> <span class='ocrx_word' id='word_1_662' title='bbox 1385 4850 1491 4925; x_wconf 70' lang='grc' dir='ltr'><strong>οὐχ</strong></span> <span class='ocrx_word' id='word_1_663' title='bbox 1552 4851 1626 4914; x_wconf 84' lang='grc' dir='ltr'><strong>ὡς</strong></span> <span class='ocrx_word' id='word_1_664' title='bbox 1653 4854 1688 4923; x_wconf 74' lang='grc' dir='ltr'><strong>ἡ</strong></span> <span class='ocrx_word' id='word_1_665' title='bbox 1729 4853 1917 4934; x_wconf 74' lang='grc' dir='ltr'>Γραφὴ</span> 
     </span>
    </p>
   </div>
   <div class='ocr_carea' id='block_1_96' title="bbox 269 4936 1919 5016">
    <p class='ocr_par' dir='ltr' id='par_1_96' title="bbox 269 4936 1919 5016">
     <span class='ocr_line' id='line_1_97' title="bbox 269 4936 1919 5016; baseline 0.005 -27"><span class='ocrx_word' id='word_1_666' title='bbox 269 4937 412 5014; x_wconf 74' lang='grc' dir='ltr'>ἔχει,</span> <span class='ocrx_word' id='word_1_667' title='bbox 446 4938 620 5001; x_wconf 67' lang='grc' dir='ltr'>οὕτως</span> <span class='ocrx_word' id='word_1_668' title='bbox 653 4936 921 5014; x_wconf 64' lang='grc' dir='ltr'>ἐξηγεῖται</span> <span class='ocrx_word' id='word_1_669' title='bbox 954 4937 1221 5008; x_wconf 78' lang='grc' dir='ltr'>Ἰώσηπος</span> <span class='ocrx_word' id='word_1_670' title='bbox 1252 4939 1318 4994; x_wconf 75' lang='grc' dir='ltr'>τὰ</span> <span class='ocrx_word' id='word_1_671' title='bbox 1349 4940 1473 5015; x_wconf 82' lang='grc' dir='ltr'>περὶ</span> <span class='ocrx_word' id='word_1_672' title='bbox 1505 4944 1767 5016; x_wconf 79' lang='grc' dir='ltr'>Σαμψών.</span> <span class='ocrx_word' id='word_1_673' title='bbox 1797 4945 1919 5000; x_wconf 78' lang='grc' dir='ltr'>Ὀτι</span> 
     </span>
    </p>
   </div>
   <div class='ocr_carea' id='block_1_97' title="bbox 273 5023 1920 5108">
    <p class='ocr_par' dir='ltr' id='par_1_97' title="bbox 273 5023 1920 5108">
     <span class='ocr_line' id='line_1_98' title="bbox 273 5023 1920 5108; baseline 0.004 -28"><span class='ocrx_word' id='word_1_674' title='bbox 273 5030 372 5097; x_wconf 73' lang='grc' dir='ltr'>μὶν</span> <span class='ocrx_word' id='word_1_675' title='bbox 401 5029 506 5104; x_wconf 72' lang='grc' dir='ltr'><strong>γάρ</strong></span> <span class='ocrx_word' id='word_1_676' title='bbox 537 5023 664 5083; x_wconf 76' lang='grc' dir='ltr'>ὄνου</span> <span class='ocrx_word' id='word_1_677' title='bbox 709 5027 924 5104; x_wconf 85' lang='grc' dir='ltr'>σιαγόνι</span> <span class='ocrx_word' id='word_1_678' title='bbox 986 5024 1208 5102; x_wconf 86' lang='grc' dir='ltr'>χιλίους</span> <span class='ocrx_word' id='word_1_679' title='bbox 1257 5026 1557 5102; x_wconf 68' lang='grc' dir='ltr'>ἀπέκτεινε,</span> <span class='ocrx_word' id='word_1_680' title='bbox 1618 5029 1786 5108; x_wconf 73' lang='grc' dir='ltr'>λέγει,</span> <span class='ocrx_word' id='word_1_681' title='bbox 1838 5033 1920 5087; x_wconf 79' lang='grc' dir='ltr'>ὅτι</span> 
     </span>
    </p>
   </div>
   <div class='ocr_carea' id='block_1_98' title="bbox 273 5109 1921 5194">
    <p class='ocr_par' dir='ltr' id='par_1_98' title="bbox 273 5109 1921 5194">
     <span class='ocr_line' id='line_1_99' title="bbox 273 5109 1921 5194; baseline 0.004 -25"><span class='ocrx_word' id='word_1_682' title='bbox 273 5111 333 5169; x_wconf 63' lang='grc' dir='ltr'>δὲ</span> <span class='ocrx_word' id='word_1_683' title='bbox 361 5115 412 5185; x_wconf 68' lang='grc' dir='ltr'>ἐξ</span> <span class='ocrx_word' id='word_1_684' title='bbox 443 5117 611 5183; x_wconf 72' lang='grc' dir='ltr'>αὐτῆς</span> <span class='ocrx_word' id='word_1_685' title='bbox 636 5114 782 5191; x_wconf 74' lang='grc' dir='ltr'>ὕδωρ</span> <span class='ocrx_word' id='word_1_686' title='bbox 825 5109 1074 5186; x_wconf 78' lang='grc' dir='ltr'>ἔϐλυσεν,</span> <span class='ocrx_word' id='word_1_687' title='bbox 1107 5115 1169 5171; x_wconf 68' lang='grc' dir='ltr'>οὗ</span> <span class='ocrx_word' id='word_1_688' title='bbox 1199 5115 1367 5192; x_wconf 75' lang='grc' dir='ltr'>λέγει,</span> <span class='ocrx_word' id='word_1_689' title='bbox 1400 5117 1526 5174; x_wconf 86' lang='grc' dir='ltr'>ἀλλ’</span> <span class='ocrx_word' id='word_1_690' title='bbox 1571 5119 1655 5175; x_wconf 81' lang='grc' dir='ltr'><strong>δτι</strong></span> <span class='ocrx_word' id='word_1_691' title='bbox 1708 5119 1921 5194; x_wconf 72' lang='grc' dir='ltr'>μᾶλλον</span> 
     </span>
    </p>
   </div>
   <div class='ocr_carea' id='block_1_99' title="bbox 269 5203 1924 5283">
    <p class='ocr_par' dir='ltr' id='par_1_99' title="bbox 269 5203 1924 5283">
     <span class='ocr_line' id='line_1_100' title="bbox 269 5203 1924 5283; baseline 0.005 -25"><span class='ocrx_word' id='word_1_692' title='bbox 269 5208 370 5258; x_wconf 69' lang='grc' dir='ltr'><strong>τοῦ</strong></span> <span class='ocrx_word' id='word_1_693' title='bbox 408 5205 580 5260; x_wconf 75' lang='grc' dir='ltr'>τόπου</span> <span class='ocrx_word' id='word_1_694' title='bbox 611 5205 899 5278; x_wconf 65' lang='grc' dir='ltr'>ἀνω-θύμου</span> <span class='ocrx_word' id='word_1_695' title='bbox 947 5207 1121 5277; x_wconf 88' lang='grc' dir='ltr'>’ὸντος,</span> <span class='ocrx_word' id='word_1_696' title='bbox 1181 5205 1241 5261; x_wconf 77' lang='grc' dir='ltr'>ἐκ</span> <span class='ocrx_word' id='word_1_697' title='bbox 1286 5205 1384 5262; x_wconf 57' lang='lat' dir='ltr'><strong>to?)</strong></span> <span class='ocrx_word' id='word_1_698' title='bbox 1442 5203 1749 5283; x_wconf 81' lang='grc' dir='ltr'>συμϐάντος</span> <span class='ocrx_word' id='word_1_699' title='bbox 1803 5209 1924 5266; x_wconf 65' lang='grc' dir='ltr'>ἔπι-</span> 
     </span>
    </p>
   </div>
   <div class='ocr_carea' id='block_1_100' title="bbox 269 5293 1924 5374">
    <p class='ocr_par' dir='ltr' id='par_1_100' title="bbox 269 5293 1924 5374">
     <span class='ocr_line' id='line_1_101' title="bbox 269 5293 1924 5374; baseline 0.002 -24"><span class='ocrx_word' id='word_1_700' title='bbox 269 5293 544 5366; x_wconf 71' lang='grc' dir='ltr'>κλῃθῆναι</span> <span class='ocrx_word' id='word_1_701' title='bbox 575 5296 604 5352; x_wconf 85' lang='grc' dir='ltr'>ὁ</span> <span class='ocrx_word' id='word_1_702' title='bbox 635 5297 859 5373; x_wconf 87' lang='grc' dir='ltr'>σιαγών.</span> <span class='ocrx_word' id='word_1_703' title='bbox 893 5297 979 5368; x_wconf 78' lang='grc' dir='ltr'>Ἐξ</span> <span class='ocrx_word' id='word_1_704' title='bbox 1029 5295 1192 5351; x_wconf 73' lang='grc' dir='ltr'>αὐτοῦ</span> <span class='ocrx_word' id='word_1_705' title='bbox 1223 5293 1280 5351; x_wconf 72' lang='grc' dir='ltr'>δὲ</span> <span class='ocrx_word' id='word_1_706' title='bbox 1337 5299 1519 5374; x_wconf 77' lang='grc' dir='ltr'>πηγὴν</span> <span class='ocrx_word' id='word_1_707' title='bbox 1578 5296 1924 5354; x_wconf 68' lang='grc' dir='ltr'>ἀναδοθεῖσαν</span> 
     </span>
    </p>
   </div>
   <div class='ocr_carea' id='block_1_101' title="bbox 266 5381 1924 5461">
    <p class='ocr_par' dir='ltr' id='par_1_101' title="bbox 266 5381 1924 5461">
     <span class='ocr_line' id='line_1_102' title="bbox 266 5381 1924 5461; baseline 0.003 -23"><span class='ocrx_word' id='word_1_708' title='bbox 266 5387 406 5438; x_wconf 75' lang='grc' dir='ltr'>κατᾶ</span> <span class='ocrx_word' id='word_1_709' title='bbox 435 5405 582 5447; x_wconf 87' lang='grc' dir='ltr'>τινος</span> <span class='ocrx_word' id='word_1_710' title='bbox 611 5383 833 5461; x_wconf 74' lang='grc' dir='ltr'>πέτρας,</span> <span class='ocrx_word' id='word_1_711' title='bbox 873 5381 1062 5455; x_wconf 79' lang='grc' dir='ltr'>ἡδεῖαν</span> <span class='ocrx_word' id='word_1_712' title='bbox 1127 5385 1217 5440; x_wconf 73' lang='grc' dir='ltr'><strong>καὶ</strong></span> <span class='ocrx_word' id='word_1_713' title='bbox 1275 5383 1497 5454; x_wconf 77' lang='grc' dir='ltr'>πολλὴν</span> <span class='ocrx_word' id='word_1_714' title='bbox 1531 5386 1684 5442; x_wconf 83' lang='grc' dir='ltr'>πόσιν</span> <span class='ocrx_word' id='word_1_715' title='bbox 1746 5384 1924 5443; x_wconf 67' lang='lat'><strong>3:305-</strong></span> 
     </span>
    </p>
   </div>
   <div class='ocr_carea' id='block_1_102' title="bbox 270 5474 1926 5555">
    <p class='ocr_par' dir='ltr' id='par_1_102' title="bbox 270 5474 1926 5555">
     <span class='ocr_line' id='line_1_103' title="bbox 270 5474 1926 5555; baseline 0.004 -27"><span class='ocrx_word' id='word_1_716' title='bbox 270 5494 368 5529; x_wconf 90' lang='grc' dir='ltr'><strong>σαν</strong></span> <span class='ocrx_word' id='word_1_717' title='bbox 397 5475 618 5550; x_wconf 72' lang='grc' dir='ltr'>κορὲσαι</span> <span class='ocrx_word' id='word_1_718' title='bbox 647 5477 739 5532; x_wconf 89' lang='grc' dir='ltr'><strong>τὸν</strong></span> <span class='ocrx_word' id='word_1_719' title='bbox 771 5475 1037 5550; x_wconf 76' lang='grc' dir='ltr'>Σαμψὼν,</span> <span class='ocrx_word' id='word_1_720' title='bbox 1066 5474 1158 5530; x_wconf 84' lang='grc' dir='ltr'><strong>καὶ</strong></span> <span class='ocrx_word' id='word_1_721' title='bbox 1209 5474 1356 5532; x_wconf 79' lang='grc' dir='ltr'>οὕτω</span> <span class='ocrx_word' id='word_1_722' title='bbox 1413 5476 1581 5555; x_wconf 64' lang='grc' dir='ltr'>μεχρι</span> <span class='ocrx_word' id='word_1_723' title='bbox 1639 5482 1735 5534; x_wconf 75' lang='grc' dir='ltr'><strong>τοῦ</strong></span> <span class='ocrx_word' id='word_1_724' title='bbox 1767 5476 1926 5555; x_wconf 79' lang='grc' dir='ltr'>δεῦρο</span> 
     </span>
    </p>
   </div>
   <div class='ocr_carea' id='block_1_103' title="bbox 269 5563 922 5642">
    <p class='ocr_par' dir='ltr' id='par_1_103' title="bbox 269 5563 922 5642">
     <span class='ocr_line' id='line_1_104' title="bbox 269 5563 922 5642; baseline 0 -20"><span class='ocrx_word' id='word_1_725' title='bbox 269 5563 561 5622; x_wconf 76' lang='grc' dir='ltr'>καλεῖσθαι</span> <span class='ocrx_word' id='word_1_726' title='bbox 593 5567 656 5621; x_wconf 90' lang='grc' dir='ltr'><strong>τὸ</strong></span> <span class='ocrx_word' id='word_1_727' title='bbox 689 5564 922 5642; x_wconf 87' lang='grc' dir='ltr'>χωρίον.</span> 
     </span>
    </p>
   </div>
   <div class='ocr_carea' id='block_1_104' title="bbox 346 5648 1927 5738">
    <p class='ocr_par' dir='ltr' id='par_1_104' title="bbox 346 5648 1927 5738">
     <span class='ocr_line' id='line_1_105' title="bbox 346 5648 1927 5738; baseline 0.003 -26"><span class='ocrx_word' id='word_1_728' title='bbox 346 5648 574 5712; x_wconf 79' lang='grc' dir='ltr'>Βιϐλίον</span> <span class='ocrx_word' id='word_1_729' title='bbox 605 5656 645 5730; x_wconf 81' lang='grc' dir='ltr'><strong>ζ¹</strong></span> <span class='ocrx_word' id='word_1_730' title='bbox 671 5659 769 5711; x_wconf 76' lang='grc' dir='ltr'><strong>τοῦ</strong></span> <span class='ocrx_word' id='word_1_731' title='bbox 798 5655 990 5724; x_wconf 72' lang='grc' dir='ltr'>αὐτοῦ,</span> <span class='ocrx_word' id='word_1_732' title='bbox 1022 5653 1106 5711; x_wconf 76' lang='grc' dir='ltr'><strong>ὅτι</strong></span> <span class='ocrx_word' id='word_1_733' title='bbox 1169 5649 1339 5712; x_wconf 82' lang='grc' dir='ltr'>Δαϐὶδ</span> <span class='ocrx_word' id='word_1_734' title='bbox 1397 5653 1761 5738; x_wconf 74' lang='grc' dir='ltr'>ἰκλαθόμενος</span> <span class='ocrx_word' id='word_1_735' title='bbox 1819 5663 1927 5716; x_wconf 77' lang='grc' dir='ltr'><strong>τῶν</strong></span> 
     </span>
    </p>
   </div>
   <div class='ocr_carea' id='block_1_105' title="bbox 2036 4760 3437 4818">
    <p class='ocr_par' dir='ltr' id='par_1_105' title="bbox 2036 4760 3437 4818">
     <span class='ocr_line' id='line_1_106' title="bbox 2036 4760 3437 4818; baseline -0.001 -1"><span class='ocrx_word' id='word_1_736' title='bbox 2036 4767 2096 4817; x_wconf 91' lang='lat' dir='ltr'><strong>et</strong></span> <span class='ocrx_word' id='word_1_737' title='bbox 2123 4760 2506 4816; x_wconf 87' lang='lat' dir='ltr'><strong>Moabitidum</strong></span> <span class='ocrx_word' id='word_1_738' title='bbox 2536 4761 2856 4817; x_wconf 85' lang='lat' dir='ltr'><strong>mulierum</strong></span> <span class='ocrx_word' id='word_1_739' title='bbox 2889 4761 3113 4818; x_wconf 91' lang='lat' dir='ltr'><strong>dolum.</strong></span> <span class='ocrx_word' id='word_1_740' title='bbox 3435 4813 3437 4815; x_wconf 81' lang='grc'><strong>,</strong></span> 
     </span>
    </p>
   </div>
   <div class='ocr_carea' id='block_1_106' title="bbox 2103 4846 3674 4921">
    <p class='ocr_par' dir='ltr' id='par_1_106' title="bbox 2103 4846 3674 4921">
     <span class='ocr_line' id='line_1_107' title="bbox 2103 4846 3674 4921; baseline -0.005 -15"><span class='ocrx_word' id='word_1_741' title='bbox 2103 4851 2182 4906; x_wconf 92' lang='lat' dir='ltr'><strong>De</strong></span> <span class='ocrx_word' id='word_1_742' title='bbox 2210 4850 2417 4920; x_wconf 90' lang='lat' dir='ltr'><strong>quinto</strong></span> <span class='ocrx_word' id='word_1_743' title='bbox 2446 4850 2712 4921; x_wconf 90' lang='lat' dir='ltr'><strong>ejusdem</strong></span> <span class='ocrx_word' id='word_1_744' title='bbox 2758 4850 2908 4906; x_wconf 91' lang='lat' dir='ltr'><strong>libro</strong></span> <span class='ocrx_word' id='word_1_745' title='bbox 2945 4867 2958 4905; x_wconf 91' lang='lat'>:</span> <span class='ocrx_word' id='word_1_746' title='bbox 3011 4850 3311 4906; x_wconf 90' lang='lat' dir='ltr'><strong>Samsonis</strong></span> <span class='ocrx_word' id='word_1_747' title='bbox 3369 4846 3674 4904; x_wconf 85' lang='lat' dir='ltr'><strong>historiam</strong></span> 
     </span>
    </p>
   </div>
   <div class='ocr_carea' id='block_1_107' title="bbox 2033 4934 3682 5012">
    <p class='ocr_par' dir='ltr' id='par_1_107' title="bbox 2033 4934 3682 5012">
     <span class='ocr_line' id='line_1_108' title="bbox 2033 4934 3682 5012; baseline -0.005 -16"><span class='ocrx_word' id='word_1_748' title='bbox 2033 4939 2208 4996; x_wconf 87' lang='lat' dir='ltr'><strong>aliter</strong></span> <span class='ocrx_word' id='word_1_749' title='bbox 2237 4945 2441 4995; x_wconf 88' lang='lat' dir='ltr'><strong>narrat</strong></span> <span class='ocrx_word' id='word_1_750' title='bbox 2465 4941 2752 5011; x_wconf 71' lang='lat' dir='ltr'><strong>Iosephus</strong></span> <span class='ocrx_word' id='word_1_751' title='bbox 2774 4956 2950 5012; x_wconf 87' lang='lat' dir='ltr'><strong>quam</strong></span> <span class='ocrx_word' id='word_1_752' title='bbox 2985 4957 3167 4996; x_wconf 68' lang='lat' dir='ltr'><strong>sacras</strong></span> <span class='ocrx_word' id='word_1_753' title='bbox 3217 4939 3468 5002; x_wconf 78' lang='lat' dir='ltr'><strong>Litterze,</strong></span> <span class='ocrx_word' id='word_1_754' title='bbox 3500 4934 3682 4990; x_wconf 82' lang='lat' dir='ltr'><strong>refert</strong></span> 
     </span>
    </p>
   </div>
   <div class='ocr_carea' id='block_1_108' title="bbox 2033 5022 3682 5086">
    <p class='ocr_par' dir='ltr' id='par_1_108' title="bbox 2033 5022 3682 5086">
     <span class='ocr_line' id='line_1_109' title="bbox 2033 5022 3682 5086; baseline -0.004 0"><span class='ocrx_word' id='word_1_755' title='bbox 2033 5031 2193 5086; x_wconf 90' lang='lat' dir='ltr'><strong>enim</strong></span> <span class='ocrx_word' id='word_1_756' title='bbox 2223 5029 2296 5085; x_wconf 89' lang='lat' dir='ltr'><strong>ab</strong></span> <span class='ocrx_word' id='word_1_757' title='bbox 2319 5046 2386 5084; x_wconf 92' lang='lat' dir='ltr'><strong>eo</strong></span> <span class='ocrx_word' id='word_1_758' title='bbox 2429 5029 2672 5085; x_wconf 85' lang='lat' dir='ltr'><strong>maxilla</strong></span> <span class='ocrx_word' id='word_1_759' title='bbox 2696 5030 2847 5086; x_wconf 88' lang='lat' dir='ltr'><strong>asini</strong></span> <span class='ocrx_word' id='word_1_760' title='bbox 2906 5029 3072 5084; x_wconf 89' lang='lat' dir='ltr'><strong>mille</strong></span> <span class='ocrx_word' id='word_1_761' title='bbox 3104 5029 3255 5084; x_wconf 80' lang='lat' dir='ltr'><strong>viros</strong></span> <span class='ocrx_word' id='word_1_762' title='bbox 3307 5040 3526 5082; x_wconf 65' lang='lat' dir='ltr'><strong>cassos:</strong></span> <span class='ocrx_word' id='word_1_763' title='bbox 3578 5022 3682 5080; x_wconf 89' lang='lat' dir='ltr'><strong>sed</strong></span> 
     </span>
    </p>
   </div>
   <div class='ocr_carea' id='block_1_109' title="bbox 2035 5113 3681 5188">
    <p class='ocr_par' dir='ltr' id='par_1_109' title="bbox 2035 5113 3681 5188">
     <span class='ocr_line' id='line_1_110' title="bbox 2035 5113 3681 5188; baseline -0.004 -15"><span class='ocrx_word' id='word_1_764' title='bbox 2035 5117 2096 5173; x_wconf 90' lang='lat' dir='ltr'><strong>id</strong></span> <span class='ocrx_word' id='word_1_765' title='bbox 2127 5135 2247 5173; x_wconf 90' lang='lat' dir='ltr'><strong>non</strong></span> <span class='ocrx_word' id='word_1_766' title='bbox 2280 5118 2481 5185; x_wconf 89' lang='lat' dir='ltr'><strong>refert,</strong></span> <span class='ocrx_word' id='word_1_767' title='bbox 2506 5133 2578 5172; x_wconf 87' lang='lat' dir='ltr'><strong>ex</strong></span> <span class='ocrx_word' id='word_1_768' title='bbox 2625 5134 2694 5174; x_wconf 90' lang='lat' dir='ltr'><strong>ea</strong></span> <span class='ocrx_word' id='word_1_769' title='bbox 2723 5133 2937 5188; x_wconf 89' lang='lat' dir='ltr'><strong>aquam</strong></span> <span class='ocrx_word' id='word_1_770' title='bbox 2973 5117 3258 5188; x_wconf 89' lang='lat' dir='ltr'><strong>erupisse.</strong></span> <span class='ocrx_word' id='word_1_771' title='bbox 3321 5113 3431 5169; x_wconf 90' lang='lat' dir='ltr'><strong>Sed</strong></span> <span class='ocrx_word' id='word_1_772' title='bbox 3484 5113 3681 5168; x_wconf 89' lang='lat' dir='ltr'><strong>locum</strong></span> 
     </span>
    </p>
   </div>
   <div class='ocr_carea' id='block_1_110' title="bbox 2036 5201 3683 5272">
    <p class='ocr_par' dir='ltr' id='par_1_110' title="bbox 2036 5201 3683 5272">
     <span class='ocr_line' id='line_1_111' title="bbox 2036 5201 3683 5272; baseline -0.003 -12"><span class='ocrx_word' id='word_1_773' title='bbox 2036 5206 2120 5261; x_wconf 85' lang='lat' dir='ltr'><strong>ait</strong></span> <span class='ocrx_word' id='word_1_774' title='bbox 2151 5222 2284 5262; x_wconf 89' lang='lat' dir='ltr'><strong>cum</strong></span> <span class='ocrx_word' id='word_1_775' title='bbox 2334 5211 2470 5263; x_wconf 89' lang='lat' dir='ltr'><strong>ante</strong></span> <span class='ocrx_word' id='word_1_776' title='bbox 2531 5205 2771 5262; x_wconf 87' lang='lat' dir='ltr'><strong>nomine</strong></span> <span class='ocrx_word' id='word_1_777' title='bbox 2822 5211 3070 5272; x_wconf 88' lang='lat' dir='ltr'><strong>careret,</strong></span> <span class='ocrx_word' id='word_1_778' title='bbox 3132 5202 3425 5259; x_wconf 84' lang='lat' dir='ltr'><strong>Maxillam</strong></span> <span class='ocrx_word' id='word_1_779' title='bbox 3484 5201 3557 5257; x_wconf 87' lang='lat' dir='ltr'><strong>ab</strong></span> <span class='ocrx_word' id='word_1_780' title='bbox 3614 5218 3683 5256; x_wconf 91' lang='lat' dir='ltr'><strong>eo</strong></span> 
     </span>
    </p>
   </div>
   <div class='ocr_carea' id='block_1_111' title="bbox 2034 5293 3686 5368">
    <p class='ocr_par' dir='ltr' id='par_1_111' title="bbox 2034 5293 3686 5368">
     <span class='ocr_line' id='line_1_112' title="bbox 2034 5293 3686 5368; baseline -0.002 -18"><span class='ocrx_word' id='word_1_781' title='bbox 2034 5295 2190 5350; x_wconf 87' lang='lat' dir='ltr'><strong>facto</strong></span> <span class='ocrx_word' id='word_1_782' title='bbox 2243 5295 2628 5368; x_wconf 89' lang='lat' dir='ltr'><strong>appellatum,</strong></span> <span class='ocrx_word' id='word_1_783' title='bbox 2685 5309 2872 5366; x_wconf 87' lang='lat' dir='ltr'><strong>eoque</strong></span> <span class='ocrx_word' id='word_1_784' title='bbox 2929 5293 3058 5348; x_wconf 92' lang='lat' dir='ltr'><strong>loco</strong></span> <span class='ocrx_word' id='word_1_785' title='bbox 3117 5310 3186 5348; x_wconf 90' lang='lat' dir='ltr'><strong>ex</strong></span> <span class='ocrx_word' id='word_1_786' title='bbox 3240 5310 3379 5348; x_wconf 84' lang='lat' dir='ltr'><strong>saxo</strong></span> <span class='ocrx_word' id='word_1_787' title='bbox 3429 5293 3686 5364; x_wconf 85' lang='lat' dir='ltr'><strong>quodam</strong></span> 
     </span>
    </p>
   </div>
   <div class='ocr_carea' id='block_1_112' title="bbox 2034 5383 3687 5458">
    <p class='ocr_par' dir='ltr' id='par_1_112' title="bbox 2034 5383 3687 5458">
     <span class='ocr_line' id='line_1_113' title="bbox 2034 5383 3687 5458; baseline -0.002 -17"><span class='ocrx_word' id='word_1_788' title='bbox 2034 5385 2262 5442; x_wconf 86' lang='lat' dir='ltr'><strong>fontem</strong></span> <span class='ocrx_word' id='word_1_789' title='bbox 2282 5401 2452 5458; x_wconf 75' lang='lat' dir='ltr'><strong>aqum</strong></span> <span class='ocrx_word' id='word_1_790' title='bbox 2497 5385 2770 5457; x_wconf 70' lang='lat' dir='ltr'><strong>copiosia:</strong></span> <span class='ocrx_word' id='word_1_791' title='bbox 2819 5400 2886 5439; x_wconf 89' lang='lat' dir='ltr'><strong>ac</strong></span> <span class='ocrx_word' id='word_1_792' title='bbox 2931 5383 3120 5439; x_wconf 90' lang='lat' dir='ltr'><strong>dulcis</strong></span> <span class='ocrx_word' id='word_1_793' title='bbox 3165 5383 3480 5454; x_wconf 81' lang='lat' dir='ltr'><strong>exstitisse,</strong></span> <span class='ocrx_word' id='word_1_794' title='bbox 3529 5383 3687 5438; x_wconf 89' lang='lat' dir='ltr'><strong>unde</strong></span> 
     </span>
    </p>
   </div>
   <div class='ocr_carea' id='block_1_113' title="bbox 2039 5482 3687 5555">
    <p class='ocr_par' dir='ltr' id='par_1_113' title="bbox 2039 5482 3687 5555">
     <span class='ocr_line' id='line_1_114' title="bbox 2039 5482 3687 5555; baseline 0 -17"><span class='ocrx_word' id='word_1_795' title='bbox 2039 5485 2199 5539; x_wconf 86' lang='lat' dir='ltr'><strong>sitim</strong></span> <span class='ocrx_word' id='word_1_796' title='bbox 2233 5485 2479 5540; x_wconf 85' lang='lat' dir='ltr'><strong>Samson</strong></span> <span class='ocrx_word' id='word_1_797' title='bbox 2535 5483 2896 5555; x_wconf 85' lang='lat' dir='ltr'><strong>restinxerit,</strong></span> <span class='ocrx_word' id='word_1_798' title='bbox 2928 5483 3060 5540; x_wconf 92' lang='lat' dir='ltr'><strong>loco</strong></span> <span class='ocrx_word' id='word_1_799' title='bbox 3118 5500 3338 5540; x_wconf 90' lang='lat' dir='ltr'><strong>nomen</strong></span> <span class='ocrx_word' id='word_1_800' title='bbox 3391 5482 3687 5555; x_wconf 88' lang='lat' dir='ltr'><strong>hodieque</strong></span> 
     </span>
    </p>
   </div>
   <div class='ocr_carea' id='block_1_114' title="bbox 2038 5588 2308 5630">
    <p class='ocr_par' dir='ltr' id='par_1_114' title="bbox 2038 5588 2308 5630">
     <span class='ocr_line' id='line_1_115' title="bbox 2038 5588 2308 5630; baseline 0.007 -2"><span class='ocrx_word' id='word_1_801' title='bbox 2038 5588 2282 5629; x_wconf 85' lang='lat' dir='ltr'><strong>manere</strong></span> <span class='ocrx_word' id='word_1_802' title='bbox 2295 5613 2308 5630; x_wconf 76' lang='grc' dir='ltr'><strong>ο</strong></span> 
     </span>
    </p>
   </div>
   <div class='ocr_carea' id='block_1_115' title="bbox 2121 5661 3688 5740">
    <p class='ocr_par' dir='ltr' id='par_1_115' title="bbox 2121 5661 3688 5740">
     <span class='ocr_line' id='line_1_116' title="bbox 2121 5661 3688 5740; baseline -0.003 -20"><span class='ocrx_word' id='word_1_803' title='bbox 2121 5661 2424 5735; x_wconf 72' lang='lat' dir='ltr'><strong>Septimus</strong></span> <span class='ocrx_word' id='word_1_804' title='bbox 2453 5664 2724 5739; x_wconf 85' lang='lat' dir='ltr'><strong>ejusdem</strong></span> <span class='ocrx_word' id='word_1_805' title='bbox 2755 5665 2930 5722; x_wconf 88' lang='lat' dir='ltr'><strong>liber.</strong></span> <span class='ocrx_word' id='word_1_806' title='bbox 2961 5665 3214 5723; x_wconf 81' lang='lat' dir='ltr'><strong>Davidus</strong></span> <span class='ocrx_word' id='word_1_807' title='bbox 3243 5666 3392 5740; x_wconf 81' lang='lat' dir='ltr'><strong>legis</strong></span> <span class='ocrx_word' id='word_1_808' title='bbox 3437 5679 3545 5736; x_wconf 91' lang='lat' dir='ltr'><strong>per</strong></span> <span class='ocrx_word' id='word_1_809' title='bbox 3570 5662 3688 5716; x_wconf 79' lang='lat' dir='ltr'><strong>llo-</strong></span> 
     </span>
    </p>
   </div>
  </div>
