4156 6188
390 276 504 335 155

1700 276 2010 340 GEORGII
2054 276 2405 341 OEDRENI

3690 278 3806 337 156

390 422 523 462 sum
554 404 707 463 datm
738 408 1073 479 immemor,
1107 424 1224 481 qua
1255 409 1547 466 sancitum
1578 414 1704 466 erat
1730 414 1799 465 ut
1828 409 1877 467 si
1925 425 2029 482 po-
2062 453 2071 475 Α

2185 406 2418 468 [ωϋσέως
2452 402 2712 472 ἐντολῶν,
2745 405 2803 465 ὃς
2862 408 3145 478 προεῖπεν,
3212 403 3303 460 ἰὰν
3359 403 3701 479 ἐξαριθμηθῇ
3738 405 3805 461 τὸ

396 496 573 567 putus
604 506 1035 555 numerarelur.
1062 499 1121 553 in
1143 500 1377 567 singula
1409 500 1602 572 capito
1623 500 1889 556 semissis
1912 499 2042 554 sicli

404 595 515 640 μου
549 587 879 653 otTerretur,
913 588 1157 644 Joabum
1206 588 1428 646 circum
1483 588 1662 646 urbes
1715 595 1771 645 et
1829 589 2046 662 oppida

400 676 563 746 regni
599 677 890 746 proficisci
924 694 1337 749 summamque
1367 680 1564 735 omnis
1588 680 1875 736 lsraeliczr
1898 678 2047 735 mul-

401 763 672 818 titudinis
702 765 1077 821 conscribere
1101 765 1281 837 jussit
1342 768 1480 825 ideo
1513 771 1581 823 70
1615 769 1803 825 millia
1853 769 2046 825 homi-

398 866 540 905 num
572 851 644 905 de
674 853 893 923 pOpulo
926 855 1251 926 perierunt,
1278 856 1466 913 donec
1497 858 1708 914 hostiis
1728 876 1829 914 rex
1862 859 2047 914 Deum

398 942 667 1015 placavit.
703 945 857 1011 Quas
903 948 1099 1002 evenit
1137 948 1345 1004 eodem
1377 950 1438 1005 in
1495 949 1624 1007 loco
1682 951 1882 1007 oﬂ'erri
1930 968 2048 1023 quo

399 1031 530 1087 loco
559 1033 928 1091 Abrahamus
959 1035 1151 1093 filium
1178 1054 1350 1096 suum
1386 1040 1654 1096 Isaacum
1687 1041 1803 1097 Deo
1836 1040 2050 1097 immo-

404 1120 528 1177 lare
552 1122 912 1179 intenderat.

478 1214 524 1267 A
557 1211 975 1270 aedificandum
1008 1216 1293 1288 templum
1330 1218 1580 1276 Davidus
1627 1221 1829 1277 omnia
1879 1237 2055 1292 para-

402 1307 607 1356 verat:
658 1302 718 1356 id
751 1309 949 1360 tamen
998 1306 1294 1363 aediﬁcare
1343 1310 1676 1380 prohibitus
1735 1317 1846 1379 est,
1896 1309 2057 1382 quod

411 1388 617 1444 dextra
648 1390 777 1461 ejus
807 1392 1014 1448 crebra
1054 1394 1309 1451 hostium
1367 1397 1525 1453 crede
1595 1406 1751 1455 esset
1807 1401 2054 1471 polluta.

417 1478 716 1534 Solomoni
749 1489 947 1543 autem
972 1483 1043 1537 ad
1065 1491 1421 1542 structuram
1444 1488 1652 1561 templi
1673 1488 1918 1561 reliquit
1949 1489 2060 1545 tria

411 1566 775 1624 talentorum
807 1571 935 1625 auri
961 1572 1166 1631 millia.

484 1658 820 1714 Carminum
837 1666 895 1715 et
908 1662 1270 1719 canticorum
1288 1665 1711 1724 librosSolomo
1729 1668 2064 1741 composuit

2146 494 2382 564 πλὴθος,
2419 493 2551 567 ὑπὶρ
2584 492 2814 564 ἑκάστης
2854 490 3102 567 κεφαλῆς
3161 492 3307 565 αὐτῷ
3365 498 3445 566 τῷ
3501 498 3618 567 θεῷ
3646 492 3805 551 τελέ,

2146 603 2285 638 σειεν
2320 580 2646 655 ἡμίσικλον,
2678 585 2998 657 προσέταξεν
3056 576 3222 639 ’ίωὰϐ
3281 582 3601 656 πορευθίντι
3633 584 3808 641 πάντα

2145 673 2237 728 τὸν
2270 669 2445 748 ὄχλον
2476 671 2857 746 ἐξαριθμῆσαι,
2887 670 2976 727 καὶ
3027 667 3119 727 δια
3174 676 3336 727 τοῦτο
3393 669 3685 728 ἀπωλοντο
3714 691 3807 750 χι-

2148 758 2335 825 λιάδες
2365 756 2748 835 ἑϐδομήκοντα
2771 765 2867 816 τοῦ
2899 758 3058 830 λαοῦ,
3086 755 3190 824 ἕως
3222 758 3285 817 οὗ
3310 762 3495 825 θυσίας
3527 761 3807 837 είρῃνικας

2151 852 2441 928 ἐπενέγκας
2503 848 2668 908 Δαϐὶδ
2733 853 3065 928 κατεπράϋνε
3119 854 3182 911 τὸ
3230 859 3408 912 Θεῖον.
3476 849 3686 925 Συνέϐη
3750 853 3810 911 δε

2152 940 2237 996 ἐπ’
2274 939 2475 996 ἐκεῖνον
2534 949 2628 997 τον
2691 941 2861 997 τόπον
2906 938 3215 1012 τελεσθῆννι
3271 940 3368 1004 τὰς
3424 941 3627 1012 Θυσίας,
3677 941 3728 999 έν
3761 943 3809 1016 ᾧ

2152 1029 2244 1086 καὶ
2309 1024 2561 1106 Ἀϐρααμ
2604 1031 2699 1085 τὸν
2762 1030 2877 1086 υἱὸν
2938 1031 3107 1087 αὐτοῦ
3155 1030 3336 1088 Ἰσαὰκ
3389 1032 3668 1107 ἀνήνεγκεν
3733 1030 3813 1097 εἷς

2156 1118 2534 1195 ὁλοκαρπῶσιν
2545 1141 2559 1155 -

2224 1210 2441 1268 Ὅτιτᾶ
2470 1210 2593 1283 περῖ
2650 1210 2743 1267 τὸν
2800 1212 2926 1267 ναὸν
2988 1205 3510 1285 Δαϐἶδ-ἢτοίμασεν
3570 1207 3803 1281 ἅπαντα,

2159 1296 2409 1371 ἔκωλίθη
2462 1297 2520 1355 δὲ
2564 1300 2746 1356 κτίσαι
2789 1299 2949 1357 αὐτὸν
2983 1297 3072 1356 διὰ
3098 1300 3162 1357 τὸ
3197 1301 3487 1376 μεμιάνθαι
3537 1306 3608 1375 τῇ
3659 1298 3807 1374 δεξιᾷ

2160 1388 2308 1465 χειρὶ
2346 1392 2425 1462 τῷ
2457 1387 2768 1465 συχνυτὲρω
2797 1393 2907 1445 τῶν
2940 1388 3152 1466 ἱχθρῶν
3204 1391 3377 1471 φόνῳ.
3410 1390 3711 1467 Τρισχίλια
3743 1388 3805 1447 δι

2161 1477 2400 1534 τάλαντα
2429 1475 2659 1556 χρύσίνυ
2690 1475 2978 1535 κατέλιπεν
3008 1478 3085 1542 είς
3140 1480 3242 1549 τήν
3297 1484 3401 1536 τοῦ
3455 1484 3584 1536 ναοῦ
3640 1478 3818 1536 κτίσιν

2161 1571 2242 1641 τῷ
2274 1566 2599 1640 Σολομῶντι
2616 1611 2627 1625 .

2235 1658 2359 1714 Ὅτι
2415 1656 2730 1727 συνετάξατο
2788 1657 3057 1732 Σολομῶν
3111 1652 3302 1733 βιϐλία
3349 1659 3473 1735 περῖ
3527 1655 3684 1732 ᾠδῶν
3725 1658 3817 1714 καὶ

414 1748 577 1815 5000,
609 1748 799 1804 tribus
847 1750 1110 1807 millibus
1133 1770 1308 1825 porro
1337 1755 1624 1812 libroruin
1672 1759 2052 1830 comparatio-

2185 1750 2355 1802 αεΛῶν
2409 1745 2851 1822 πεντακισχίλια,
2904 1747 2992 1802 καί
3062 1767 3169 1823 παρ
3186 1743 3392 1803 ιϐολῶν
3451 1747 3543 1803 καὶ
3595 1746 3821 1804 εῗκόνων

411 1851 518 1891 nes
550 1844 607 1892 et
637 1838 1060 1897 similitudines
1100 1849 1189 1899 est
1237 1846 1599 1917 complexus.
1634 1852 1776 1903 Nam
1808 1848 1961 1905 124
1987 1847 2060 1903 de

415 1926 619 1997 quavis
649 1927 878 1985 arboris
910 1931 1107 2003 specie
1165 1939 1669 2006 comparationem
1728 1939 1886 2007 fecit,
1918 1938 2061 1994 item

417 2030 530 2086 que
563 2018 963 2087 terrestribus,
996 2021 1334 2079 volantibus
1354 2031 1412 2080 et
1441 2027 1616 2082 acriis
1633 2027 2058 2083 animantibus.

417 2108 721 2163 Concessit
742 2109 793 2163 ei
814 2111 990 2167 etiam
1020 2121 1168 2168 Heus
1208 2120 1274 2168 ut
1304 2100 1559 2173 disceret
1612 2126 1800 2176 artem
1857 2125 2065 2175 contra

415 2196 605 2251 malos
636 2197 938 2256 diemones
963 2201 1035 2256 ad
1056 2204 1375 2260 utilitatem
1410 2206 1752 2263 hominum:
1796 2215 2065 2264 excanta-

415 2287 613 2343 tiones
645 2288 984 2346 morborum
1009 2294 1301 2349 condendi
1337 2297 1642 2354 scientiam
1694 2299 1954 2371 reliquit,
2007 2305 2067 2356 et

417 2376 640 2433 formas
662 2378 1127 2450 adjurationum,
1158 2384 1374 2454 quibus
1409 2387 1545 2443 mali
1566 2387 1722 2458 genii
1744 2389 2067 2459 ejiciuntur

420 2483 725 2538 nunquam
758 2468 1024 2528 redituri.
1058 2472 1223 2538 Quod
1255 2476 1499 2531 remedii
1532 2494 1719 2550 genus
1749 2479 1905 2551 apud
1957 2496 2066 2535 nos

423 2571 581 2613 nunc
615 2558 936 2630 plurimum
983 2562 1156 2619 valet.
1194 2563 1325 2620 Vidi
1385 2566 1565 2624 enim.
1617 2569 1700 2623 ait
1752 2570 2064 2641 Josephus,

420 2645 757 2704 Eleazarum
826 2651 1143 2721 quemdam
1177 2654 1521 2725 popularem
1574 2672 1799 2725 meum,
1859 2658 2070 2730 Vespa-

422 2736 609 2799 siano,
634 2737 763 2807 ejus
796 2738 955 2806 tlliis,
987 2740 1237 2797 ducibus
1269 2749 1326 2797 et
1346 2745 1607 2800 exercitu
1651 2747 2065 2817 praesentibus,

421 2841 522 2879 eos
562 2825 661 2895 qui
691 2842 724 2880 a
751 2824 1123 2884 daemonibus
1146 2835 1317 2885 erant
1344 2831 1568 2888 obsessi
1598 2833 1937 2904 hujusmodi
1971 2852 2067 2890 ex-

422 2914 761 2969 cantatione
816 2914 1092 2973 liberare.
1127 2919 1330 2976 Modus
1378 2920 1550 2978 istius
1580 2924 1904 2979 curationis
1936 2924 2071 2979 talis

423 3009 550 3058 erat
582 3018 595 3056 :
629 3003 878 3060 Naribus
907 3004 1177 3062 daemone
1209 3010 1476 3081 occupati
1526 3012 1812 3068 annulum
1861 3013 2072 3069 admo-

426 3091 617 3147 vebat.
650 3093 714 3147 in
745 3094 917 3166 cujus
941 3095 1075 3165 pala
1101 3096 1261 3152 radix
1288 3115 1322 3154 θ,
1353 3097 1668 3156 Solomone
1699 3102 2072 3159 demonstra-

424 3187 486 3237 ta
516 3182 741 3238 inerat:
777 3199 846 3238 eo
878 3182 1059 3239 odore
1090 3193 1367 3260 percepto
1388 3206 1494 3261 per
1521 3206 1694 3246 nares
1726 3191 1924 3247 exibat
1953 3192 2069 3248 dae-

429 3288 607 3328 mon:
664 3278 785 3329 tum
844 3273 1084 3329 homine
1131 3278 1330 3332 statim
1383 3279 1754 3347 concidente,
1814 3281 2074 3338 dremoni

424 3361 749 3418 mandabat
777 3379 852 3418 ne
882 3364 944 3418 in
977 3364 1135 3421 hunc
1174 3374 1382 3437 postea
1430 3376 1841 3436 reverteretur,
1901 3370 2073 3444 adju-

428 3448 679 3504 rationis
728 3449 1118 3507 Solomonicze
1152 3469 1286 3509 eum
1335 3454 1665 3513 admonens
1714 3457 2075 3514 incantatio~

428 3556 653 3612 nosque
680 3541 751 3597 ab
784 3558 851 3598 eo
877 3545 1234 3615 compositas
1269 3549 1547 3605 recitans.
1589 3550 1744 3606 ldem
1787 3551 2078 3623 Josephus

431 3629 806 3688 Solomonem
862 3649 1050 3690 annos
1107 3634 1319 3693 vixisse
1375 3640 1465 3707 94,
1523 3655 1801 3714 regnasse
1839 3642 1908 3697 80
1938 3641 2079 3697 scri-

430 3718 536 3776 bit.

502 3808 583 3866 De
614 3808 765 3865 libro
797 3809 1027 3868 decimo
1062 3813 1329 3887 ejusdem
1368 3833 1380 3871 :
1414 3817 1595 3874 Isaias
1626 3819 1917 3891 propheta
1955 3820 2077 3892 regi

434 3897 691 3954 Ezechiae
717 3899 992 3971 praedixit
1020 3920 1229 3960 omnes
1268 3906 1398 3976 ejus
1454 3905 1688 3963 divitias
1722 3907 2081 3980 Babylonem

433 3989 787 4046 translatum
820 3988 914 4055 iri,
946 3999 1335 4066 posterosque
1368 3996 1496 4069 ejus
1528 3997 1805 4053 virilitate
1849 4003 2084 4054 exsecta

435 4078 757 4152 Babylonio
787 4080 909 4155 regi
931 4082 1256 4140 servituros
1288 4100 1397 4152 ;ea
1428 4086 1614 4143 Deum
1645 4087 1973 4144 vaticinari.

514 4345 752 4404 Librum
784 4365 1019 4421 quoque
1051 4350 1125 4406 de
1155 4350 1327 4409 beato
1357 4352 1500 4408 Jobo
1552 4354 1612 4408 in
1662 4354 2083 4426 compendium

441 4432 791 4505 redegimus.
821 4446 1170 4509 argumenta
1199 4442 1327 4509 ejus
1359 4442 1670 4513 potissima
1697 4443 1955 4500 breviter
1970 4443 2084 4500 huc

2176 1830 2404 1911 βίϐλους
2431 1835 2769 1912 τρισχιλίας,
2797 1839 2915 1900 καθ’
2957 1833 3182 1893 ἕκαστον
3233 1839 3335 1914 γαρ
3390 1836 3535 1902 εἶδος
3595 1836 3821 1913 δένδρου

2171 1921 2493 2002 παραϐολήν
2525 1927 2668 1995 εἷπε,
2699 1927 2792 1983 καὶ
2823 1926 2946 2002 περὶ
2994 1933 3204 1999 κτηνῶν
3262 1929 3352 1984 καὶ
3397 1933 3508 1986 τῶν
3567 1926 3825 2006 ἐπιγείων

2176 2019 2328 2085 ζώων
2389 2015 2640 2071 ἁπάντων
2692 2017 2781 2072 καὶ
2831 2022 2941 2073 τῶν
2999 2022 3219 2088 πτηνῶν
3277 2016 3371 2073 καί
3425 2023 3536 2075 τῶν
3603 2019 3823 2093 ἀερίων.

2174 2106 2425 2181 ιΙαρὲσχε
2480 2101 2537 2161 δὲ
2566 2104 2713 2161 αὐτῶ
2746 2106 2930 2179 μαθεῖν
2981 2106 3010 2160 ὁ
3041 2105 3172 2170 θεὸς
3220 2106 3308 2162 καὶ
3370 2107 3469 2176 τήν
3526 2107 3662 2162 κατᾶ
3715 2111 3827 2163 τῶν

2175 2192 2452 2267 δαιμόνων
2499 2202 2700 2270 τέχνην
2743 2193 2820 2259 είς
2869 2192 3137 2272 ὠφέλειαν
3181 2199 3292 2252 τῶν
3349 2195 3672 2272 ἀνθρωπων.
3729 2193 3828 2251 ἐπα

2175 2280 2318 2358 ῳδὰς
2349 2280 2406 2339 δὶ
2438 2284 2686 2355 συντάξαι
2713 2282 2765 2337 ἓν
2792 2283 2879 2347 ατς
2946 2289 3342 2360 παρηγορεῖται
3401 2286 3466 2340 τὰ
3517 2287 3830 2360 νοσήματα.

2177 2375 2259 2447 [Ρ.
2319 2374 2411 2446 70]
2462 2372 2563 2429 Καὶ
2644 2373 2883 2445 τρόπους
2968 2372 3314 2450 ἐξορκώσεων
3370 2373 3684 2443 κατέλιπεν,
3741 2373 3829 2437 οἶς

2178 2467 2473 2542 ἰνδοῦμενο.
2502 2469 2569 2525 τὰ
2600 2466 2873 2544 δαιμόνια,
2908 2471 2982 2533 ὡς
3015 2473 3210 2544 μηκέτι
3255 2470 3591 2540 ἐπανελθεῖν,
3625 2469 3827 2528 ἐκδιώ-

2178 2579 2384 2616 κονται.
2422 2557 2526 2615 Καὶ
2556 2558 2692 2629 αὑτή
2726 2560 2852 2631 παρ’
2909 2562 3047 2631 ἡμῖν
3106 2563 3199 2616 νῦν
3256 2561 3290 2631 ἠ
3350 2562 3607 2635 θεραπεία
3669 2559 3834 2616 πλεῖ-

2181 2670 2303 2704 στον
2339 2647 2541 2724 ἰσχύει,
2575 2648 2859 2724 Ἰστόρησα
2887 2649 3013 2722 γάρ,
3063 2649 3228 2729 φησὶν
3289 2651 3579 2721 Ἰώσηπος,
3641 2645 3833 2706 Ἐλεα-

2185 2738 2345 2811 ζαρόν
2375 2758 2515 2799 τινα,
2548 2741 2656 2792 τῶν
2701 2734 3001 2815 ὁμοφύλων
3061 2736 3493 2806 Οὗεσπασισνοῦ,
3543 2737 3832 2811 παρόντων

2181 2826 2269 2882 καί
2301 2831 2407 2882 τῶν
2442 2826 2575 2882 υἱῶν
2622 2827 2787 2883 αὐτοῦ
2815 2828 2903 2883 καὶ
2937 2826 3256 2903 χιλιάρχων
3285 2829 3376 2883 καὶ
3433 2827 3609 2883 ἄλλου
3666 2846 3833 2903 στρα-

2181 2919 2442 2971 τιωτικοῦ
2470 2914 2741 2987 πλήθους,
2798 2920 2925 2978 τοὺς
2978 2916 3083 2972 ὑπὸ
3141 2914 3419 2990 δαιμόνων
3474 2912 3832 2991 λαμϐανομί·

2185 3024 2308 3066 νους
2337 3003 2647 3059 ἀπολύοντα
2674 3004 2893 3070 τοῦτυις
2948 3006 3010 3063 Ὁ
3050 3003 3108 3061 δὲ
3158 3006 3360 3082 τρόπος
3395 3013 3497 3076 τῆς
3552 3005 3837 3081 θεραπείας

2183 3097 2434 3156 τοιοῦτος
2461 3090 2551 3161 ἦν’
2590 3093 2914 3173 Προσφὲρων
2953 3100 3073 3159 ταῖς
3129 3094 3237 3171 ῥισὶ
3295 3099 3393 3152 τοῦ
3445 3092 3840 3169 δαιμονιζομέ-

2181 3204 2277 3238 νου
2307 3182 2401 3239 τὸν
2451 3180 2764 3254 δακτύλιον,
2820 3180 3020 3263 ἔχοντα
3076 3182 3164 3240 ἐπὶ
3210 3187 3310 3254 τήν
3356 3183 3625 3263 σφραγῖδα
3676 3183 3832 3260 ῥίζαν

2180 3270 2230 3344 ἐξ
2263 3272 2336 3326 ὧν
2377 3268 2617 3345 tutare;
2668 3271 2963 3347 Σολομῶν,
3021 3272 3206 3329 ἔπειτα
3264 3273 3486 3345 ἐξῆλθεν
3546 3272 3835 3353 ὀσφραινό-

2186 3381 2338 3434 μενον
2373 3357 2463 3416 διὰ
2489 3365 2597 3416 τῶν
2630 3359 2794 3437 ῥινῶν
2830 3362 2894 3418 τὸ
2920 3359 3229 3436 δαιμόνιον.
3264 3362 3369 3421 Καὶ
3392 3363 3649 3425 πεσόντος
3681 3362 3836 3424 εὐθὺς

2179 3454 2276 3505 τοῦ
2307 3449 2597 3525 ἀνθρώπου
2631 3449 2829 3524 μηκέτι
2861 3451 2941 3515 εἷς
2972 3450 3130 3507 αὐτὸν
3191 3452 3571 3531 ὑποστρέφειν,
3631 3450 3831 3528 ὅρκους

2182 3537 2556 3613 Σολομῶντος
2588 3538 2936 3615 μεμνημένον
2958 3541 3048 3596 καὶ
3089 3540 3187 3605 τὰς
3233 3538 3445 3613 ἂπῳδας
3510 3541 3573 3603 ἃς
3613 3537 3841 3609 συνέθη-

2182 3649 2270 3683 κεν
2293 3625 2500 3690 ἐκαῖνος
2531 3626 2820 3707 ἐπιλέγων,
2857 3629 3013 3705 Λέγει
3046 3627 3102 3685 δὲ
3162 3632 3429 3702 Ἰώσηπος
3477 3630 3562 3687 ὅτι
3593 3627 3677 3709 ιβ’
3736 3621 3831 3700 ἔτη

2183 3712 2372 3787 ἔζησεν
2398 3718 2427 3772 ὁ
2457 3713 2758 3790 Σολομῶν,
2793 3712 3109 3775 ἐϐασίλευσε
3139 3715 3197 3775 δὶ
3227 3713 3320 3789 ἔτη
3352 3719 3425 3776 π’.

2257 3806 2395 3865 Ἀπὸ
2446 3802 2672 3883 βιϐλίου
2728 3804 2956 3863 δεκάτου
3009 3812 3107 3863 τοῦ
3163 3809 3356 3877 αὐτοῦ,
3417 3810 3500 3865 δτι
3552 3807 3775 3874 Ἠσαίας
3806 3811 3838 3867 δ

2185 3898 2468 3975 προφῆτθς
2524 3895 2780 3973 προλέγει
2841 3902 2922 3970 τῷ
2976 3897 3197 3974 βασιλεῖ
3252 3899 3469 3973 Ἐζεκίᾳ
3519 3901 3691 3957 πάντα
3742 3901 3840 3957 τὸν

2187 3988 2427 4043 πλοῦτον
2495 3987 2661 4043 αὑτοῦ
2720 3985 2797 4052 είς
2854 3983 3162 4045 Βαϐυλῶνα
3219 3991 3698 4064 μετατεθήσεσοαι,
3746 3989 3841 4047 καὶ

2189 4077 2317 4140 τοὺς
2349 4075 2601 4154 ἰγγόνους
2657 4077 3275 4156 εὐνουχισθησομένους,
3326 4080 3417 4136 καὶ
3469 4078 3841 4144 ἀπολέσαντας

2189 4165 2253 4222 τὸ
2274 4162 2465 4241 ἄνδρας
2504 4167 2633 4223 εῖναι
2691 4171 2772 4241 τῷ
2819 4165 3186 4227 Βαϐυλωνίων
3246 4165 3534 4226 δουλεῦσαι
3599 4169 3838 4248 βασιλεῖ’

2191 4256 2281 4311 καὶ
2318 4259 2488 4312 ταῦτα
2514 4254 2801 4332 προλέγειν
2832 4258 2922 4314 τὸν
2947 4259 3096 4317 Θεὸν.

2265 4346 2743 4419 Επεσημηνάμεθα
2802 4343 2860 4403 δὶ
2899 4348 2989 4404 καὶ
3039 4350 3139 4418 τήν
3188 4352 3286 4406 τοῦ
3346 4349 3648 4424 μακαρίτου
3706 4343 3835 4407 ’Ῑὼϐ

2199 4427 2390 4508 βίϐλον
2422 4430 2474 4489 ἰν
2509 4433 2778 4509 έπιτόμῳ,
2809 4437 2905 4498 τὰς
2934 4437 3316 4513 πραγματείας
3360 4437 3526 4509 αὐτῆς
3586 4439 3663 4501 ὡς
3720 4437 3838 4495 οἶόν

440 4522 802 4596 colligendo;
827 4542 957 4596 qua:
979 4525 1052 4581 iis
1072 4526 1287 4598 quibus
1317 4492 1427 4585 isrte
1451 4530 1602 4586 liber
1630 4534 1898 4603 cognitus
1930 4533 2071 4593 I25

2191 4492 2250 4577 τε
2293 4517 2383 4577 διὰ
2437 4492 2690 4599 βραχέωξι
2728 4492 3215 4602 ’ἐγκαέαλιεαέζτεξ
3249 4492 3326 4590 at;
3385 4492 3690 4601 signa:
3730 4492 3843 4585 τις,

441 4621 551 4682 est,
583 4631 709 4671 rem
740 4615 799 4669 in
832 4618 1182 4674 memoriam
1215 4627 1503 4677 revocent.
1543 4622 1715 4680 Liber
1743 4622 1841 4679 ille
1872 4624 1932 4679 in
1962 4640 2085 4680 mo-

441 4718 568 4756 rem
599 4701 848 4757 scenicm
880 4702 1093 4761 fabula:
1127 4723 1228 4761 sex
1285 4708 1555 4779 personis
1614 4716 1868 4775 constat,
1922 4708 2086 4783 justo

441 4789 606 4857 Jobo,
641 4790 913 4863 Eliphazo
952 4793 1320 4866 Themanita,
1357 4797 1610 4856 Baldado
1643 4798 1939 4867 Sauchita,
1981 4800 2088 4855 So-

444 4881 628 4954 phare
661 4882 887 4953 Minaeo,
916 4882 1040 4939 Elio
1074 4885 1289 4957 Buzita,
1321 4903 1388 4944 ac
1407 4887 1545 4945 Deo.
1570 4889 2091 4962 Colloquiahabita

444 4978 584 5029 sunt
611 4971 887 5029 intereos
934 4976 1023 5031 23.
1056 4972 1298 5032 Orditur
1350 4976 1552 5042 Jobus,
1608 4979 1857 5053 singulis
1910 4979 2089 5035 trium

446 5064 773 5120 amicorum
807 5081 1049 5121 suorum
1082 5065 1309 5134 dicens,
1342 5086 1405 5124 se
1428 5068 1545 5125 telo
1578 5070 1803 5127 robusti
1836 5069 1937 5125 Dei
1968 5067 2092 5126 vul-

444 5162 715 5211 neratum
747 5170 916 5211 esse:
975 5155 1017 5210 ii
1073 5172 1107 5211 a
1164 5154 1283 5213 Deo
1340 5158 1584 5216 robusto
1635 5166 1812 5230 atque
1868 5166 2092 5215 mterno

447 5243 746 5299 neminem
779 5244 999 5316 injuste
1032 5244 1321 5303 vulnerari
1352 5255 1643 5305 asserunt.
1680 5249 1813 5304 limo
1844 5247 2094 5321 qumstio

452 5347 554 5387 sex
583 5333 872 5404 colloquis
900 5334 1174 5408 agitatur.
1210 5336 1433 5394 Deinde
1466 5353 1699 5395 rursum
1730 5337 1907 5395 Jobus
1936 5336 2097 5411 prin-

453 5422 671 5493 cipium
694 5421 1021 5481 disserendi
1059 5427 1201 5483 facit
1229 5444 1361 5483 cum
1395 5427 1489 5497 iis,
1514 5428 1831 5499 pet-bibens
1863 5444 1924 5484 se
1982 5424 2096 5483 sibi

451 5512 676 5570 nullius
697 5528 826 5571 esse
857 5515 1170 5587 spontanei
1199 5516 1400 5571 delicti
1427 5518 1733 5573 conscium
1770 5534 1783 5573 :
1824 5519 1936 5590 ipsi
1959 5532 2096 5574 cum

450 5604 749 5663 instantia
765 5606 1095 5679 arrogantis
1107 5605 1554 5665 damnant.ch
1571 5606 1832 5672 secunda
1847 5606 2095 5680 quaestio

2195 4609 2418 4668 εἰδότων
2449 4614 2652 4686 ταύτης
2683 4614 2775 4671 τὸν
2807 4619 2949 4675 νοῦν.
3003 4617 3091 4679 Ὠς
3150 4616 3204 4672 ἐν
3261 4613 3495 4691 δραματι
3554 4619 3589 4687 ἡ
3650 4613 3848 4693 βίϐλος

2195 4706 2292 4760 τοῦ
2353 4703 2618 4777 μακαρίου
2677 4700 2802 4763 Ἰὼϐ
2853 4706 3098 4781 περιέχει
3146 4706 3411 4782 πρόσωπα
3491 4705 3565 4778 ἔξ,
3626 4712 3845 4782 πρῶτον

2196 4792 2357 4849 αὐτὸν
2387 4794 2478 4849 τὸν
2503 4790 2710 4850 δικαιον
2757 4789 2904 4861 Ἰὼϐ,
2967 4792 3214 4871 δεύτερον
3262 4794 3492 4872 Ἐλιφᾶζ
3520 4797 3613 4852 τὸν
3641 4802 3849 4871 Θαιμα-

2197 4888 2371 4954 νίτην,
2396 4902 2579 4957 τριτοι
2614 4880 2831 4940 Βαλδαδ
2860 4885 2952 4939 τὸν
3001 4886 3310 4960 Σαυχίτην,
3374 4887 3630 4961 τέταρτον
3661 4887 3844 4965 Σοφὰρ

2199 4972 2291 5028 τὸν
2349 4976 2598 5038 Μιναῖον,
2655 4973 2872 5047 πέμπον
2931 4972 3150 5037 Ἐλιοῦς
3206 4972 3296 5030 τὸν
3348 4976 3634 5047 Βουζίτην,
3686 4972 3846 5032 ἕκτον

2199 5063 2291 5119 τὸν
2325 5062 2597 5134 Δεσπότην
2632 5064 2775 5119 Θεὸν.
2815 5062 3052 5118 Γίνονται
3102 5059 3159 5118 δὲ
3193 5064 3387 5137 μεταξὺ
3417 5063 3592 5121 αὐτῶν
3653 5060 3853 5122 διαλο-

2199 5173 2287 5228 γοι
2314 5158 2416 5228 κγ’.
2452 5149 2810 5227 Πρωτολογεῖ
2838 5149 2896 5208 δί
2928 5145 3081 5221 Ἰὼϐ,
3109 5152 3248 5227 πρὸς
3278 5148 3499 5208 ἕκαστον
3539 5157 3648 5210 τῶν
3682 5158 3851 5230 τριῶν

2204 5243 2382 5317 φιλων
2401 5242 2566 5297 αὑτοῦ
2584 5240 2764 5317 λέγων
2786 5240 2892 5309 ὅτι,
2915 5241 3159 5313 Ἔτρωσε
3194 5262 3259 5315 με
3287 5243 3313 5297 ὁ
3344 5243 3569 5318 ίσχνρὸς
3604 5243 3774 5319 βέλει·
3799 5242 3855 5299 οἱ

2208 5327 2266 5387 δὶ
2296 5329 2394 5386 οὐκ
2433 5328 2634 5394 ἀδίκως
2678 5330 2769 5386 τὸν
2830 5328 3055 5409 ἰσχυρὸν
3111 5328 3202 5385 καί
3261 5329 3481 5386 αἰώνιον
3535 5336 3856 5407 τιτρώσκειν

2209 5420 2383 5477 εἶπον.
2433 5422 2533 5479 Καὶ
2592 5417 2645 5477 ἄν
2689 5420 2859 5496 ταύτῃ
2908 5422 2976 5494 τῇ
3037 5422 3258 5491 ζητήσει
3309 5419 3553 5499 γίνονται
3605 5417 3856 5497 διάλογοι

2208 5505 2281 5583 ἔξ.
2317 5512 2452 5569 Εἶτα
2473 5510 2639 5569 πάλιν
2671 5508 3018 5589 πρωτολογεῖ
3044 5505 3176 5568 ἰώϐ
3214 5510 3350 5585 πρὸς
3407 5510 3624 5583 αὐτοὺς,
3675 5509 3853 5592 λέγων

2211 5600 2436 5658 δκούσια
2492 5602 2911 5679 παραπτώματα
2966 5599 3141 5676 δαυτῷ
3201 5600 3279 5676 μή
3334 5602 3644 5678 γινώσκεινο
3708 5603 3760 5660 οἱ
3800 5599 3858 5660 δὶ
