4148 6196
2 5597 12 5630 ι
93 5619 96 5622 .

39 5841 70 5878 ..ἢ

71 5985 84 6002 .

55 6033 108 6092 τ’.

378 360 490 420 159

1739 344 2061 410 GEORGII
2105 345 2446 408 CEDRENI

3673 345 3789 406 160

375 521 436 575 in
466 525 587 576 tota
611 536 745 576 mea
776 519 949 574 domo
981 517 1129 573 mihi
1160 514 1352 570 fidelis
1383 517 1490 568 est.
1523 513 1668 568 Cum
1700 526 1767 566 eo
1812 509 2016 564 verba-

2137 519 2339 595 Κυρίῳ,
2374 520 2424 575 ἐν
2458 521 2691 596 ὁράματι
2749 518 2898 591 αὖτῷ
2953 519 3465 595 γνωσθήσομαικαὶ
3519 517 3572 573 ἄν
3626 518 3777 592 ὖπνῳ

378 609 486 666 tim
519 627 586 666 ac
614 609 832 664 diserte
860 607 1086 678 loquar,
1115 611 1314 676 aperte
1348 608 1407 658 et
1435 619 1555 657 non
1586 618 1691 674 per
1718 601 2023 655 involucra

382 699 707 764 sermonis;
743 704 800 752 et
821 697 1067 769 gloriam
1096 694 1324 749 Domini
1358 693 1520 748 vidit.
1545 693 1661 747 Cur
1680 692 1877 762 itaque
1899 706 2022 745 non

379 790 611 843 reveriti
636 788 779 842 estis
810 785 1029 840 famulo
1060 801 1193 840 meo
1227 785 1371 840 Mosi
1399 783 1688 855 obloqui?
1715 785 1904 852 Atque
1936 782 2024 836 ira

379 879 479 933 Dei
511 877 795 932 adversus
827 877 988 946 ipsos
1011 875 1348 944 excanduit,
1373 874 1562 945 iisque
1591 872 1883 942 degressis
1912 888 2022 926 nu-

374 965 479 1020 bes
511 982 544 1020 a
577 964 960 1020 tabernaculo
991 964 1158 1020 abiit.
1191 971 1384 1035 Atque
1417 980 1552 1019 ecce
1586 963 1824 1042 Mariam
1859 961 2023 1033 lepra

375 1055 454 1108 ita
485 1055 730 1110 obduxit
759 1062 824 1110 ut
853 1055 1002 1110 nivis
1035 1055 1222 1110 instar
1251 1055 1386 1110 alba
1415 1059 1590 1109 esset.
1625 1054 1809 1119 Quam
1841 1051 2019 1106 intui-

372 1150 466 1199 tus
499 1147 712 1214 Aaron,
743 1161 876 1199 cum
909 1145 1074 1216 lepra
1113 1145 1396 1200 infectam
1452 1147 1744 1212 cerneret,
1804 1143 1887 1196 ita
1935 1145 2024 1197 est

370 1235 589 1288 Mosem
623 1234 948 1289 allocutus:
981 1235 1250 1300 Domine,
1283 1251 1494 1306 precor
1519 1250 1593 1288 ne
1618 1233 1728 1288 hoc
1751 1237 2022 1286 nostrum

366 1327 674 1394 peccatum
701 1323 764 1378 in
789 1340 896 1378 nos
921 1324 1448 1388 animadvertatur,
1477 1321 1634 1394 quod
1664 1338 1771 1394 per
1794 1322 2023 1393 ignora-

374 1411 594 1465 tionem
625 1412 1056 1476 commisimus,
1090 1429 1165 1468 ne
1193 1413 1268 1468 sit
1299 1412 1478 1468 Maria
1507 1410 1722 1466 similis
1756 1409 2022 1465 cadaveri

373 1505 474 1554 aut
504 1501 765 1556 abortivo
799 1503 990 1572 partui
1017 1519 1030 1556 :
1066 1503 1280 1574 quippe
1315 1501 1561 1557 dimidia
1591 1518 1725 1573 pars
1755 1499 2024 1554 carnium

375 1592 502 1662 ejus
529 1593 842 1663 absumpta
875 1600 984 1648 est.
1021 1593 1383 1648 Vociferatus
1415 1609 1550 1666 ergo
1581 1599 1670 1648 est
1714 1593 1900 1646 Moses
1951 1588 2024 1666 ad

375 1661 712 1749 Dominum,
748 1661 1145 1755 llagitavitque
1177 1684 1262 1738 uti
1293 1700 1424 1739 eam
1455 1661 1609 1738 Deus
1642 1688 1897 1738 sanaret.
1921 1661 2027 1736 Ct.i

373 1772 676 1842 respondit
697 1773 851 1828 Deus
872 1791 884 1828 :
909 1776 996 1827 An
1029 1790 1118 1837 ea,
1153 1773 1201 1828 si
1232 1773 1442 1829 faciem
1476 1773 1662 1844 ipsius
1684 1778 1852 1844 pater
1874 1771 2024 1828 I28

2131 609 2362 680 λαλήσω
2393 608 2560 682 αὐτῷ.
2594 607 2717 688 υύχ
2776 607 2950 670 οὕτως
3009 607 3085 672 ὡς
3115 608 3364 680 θεράπων
3398 628 3504 680 μου
3537 614 3780 677 Μωϋσῆς

2131 697 2182 754 ἰν
2215 698 2332 772 ὅλῳ
2358 703 2439 771 τῷ
2467 696 2606 771 οἷ’κῳ
2649 719 2754 772 μου
2785 697 2977 761 πιστός
3026 696 3159 752 ἐστι.
3217 696 3406 770 Στόμα
3436 698 3573 771 πρὸς
3606 699 3782 771 στόμα

2130 787 2362 860 λαλήσω
2394 789 2562 861 αὐτῷ,
2612 787 2664 842 ἐν
2725 785 2856 843 ε’ἶδει
2909 788 3001 842 καὶ
3055 787 3117 842 ού
3178 784 3248 842 δι”
3297 787 3664 862 αἰνιγμάτων,
3696 787 3787 843 καὶ

2125 877 2225 946 τὴν
2259 875 2413 950 δόξαν
2444 875 2647 952 Κυρίου
2705 873 2841 933 εἶδε.
2895 878 2979 950 [Ρ.
3015 877 3107 948 7'2]
3166 876 3267 932 Καὶ
3330 872 3474 930 amt
3533 876 3632 932 οὐκ
3663 875 3789 955 ἐφο-

2129 961 2338 1036 ϐήθητε
2421 961 2804 1030 καταλαλῆσαι
2884 965 3021 1020 κατᾶ
3104 968 3201 1019 τοῦ
3285 968 3615 1035 θεράποντος
3678 986 3787 1038 μου

2130 1059 2379 1125 Μωυσῆ;
2437 1055 2528 1110 καὶ
2577 1053 2712 1130 ὀργὴ
2776 1057 2952 1127 θυμοῦ
3011 1052 3211 1130 Κυρίου
3269 1052 3353 1109 ἐπ’
3405 1053 3621 1116 αὐτούς.
3680 1053 3790 1111 Καὶ

2129 1145 2396 1216 ἀπῆλθον,
2429 1145 2518 1202 καὶ
2552 1148 2586 1216 ἡ
2618 1144 2822 1225 νεφέλη
2879 1145 3084 1218 ἀπέστη
3143 1145 3252 1201 ἀπὸ
3307 1152 3409 1216 τῆς
3443 1153 3669 1217 σκηνῆς,
3702 1146 3792 1202 καί

2130 1232 2249 1290 ἰδοὺ
2320 1235 2499 1310 Μαρία
2565 1233 2823 1312 λεπρῶσα
2889 1235 3016 1290 ὡσεὶ
3092 1236 3259 1310 χιών.
3324 1234 3428 1293 Καὶ
3496 1233 3794 1310 ἐπέϐλεψεν

2129 1325 2342 1400 Ἀαρὼν
2371 1325 2508 1401 πρὸς
2536 1326 2788 1400 Μαριὰμ,
2841 1325 2931 1380 καὶ
2993 1321 3112 1379 ίδοὺ
3169 1323 3448 1398 λεπρῶσα.
3500 1325 3598 1380 Καὶ
3646 1326 3791 1381 εἶπεν

2130 1416 2342 1490 Ἀαρὼν
2398 1417 2536 1490 πρὸς
2588 1417 2849 1485 Μωυσῆνσ
2911 1414 3136 1488 Δέομαι,
3197 1415 3387 1490 Κύριε,
3453 1416 3527 1489 μή
3572 1435 3790 1471 συνεπι-

2125 1508 2257 1580 τεθῇ
2289 1507 2424 1578 ἡμῖν
2462 1508 2498 1574 ἡ
2527 1505 2785 1579 ἁμαρτία,
2815 1503 2960 1560 διότι
2996 1505 3348 1581 ἠγνοήσαμεν
3380 1506 3570 1570 καθότι
3603 1507 3790 1581 ἡμάρ-

2128 1616 2315 1669 τομεν.
2351 1596 2445 1663 Μὴ
2478 1592 2700 1669 γένηται
2759 1595 2834 1656 ὡς
2892 1593 3006 1650 ἴσον
3063 1594 3317 1666 θανάτου,
3378 1594 3507 1650 ὡσεὶ
3537 1593 3793 1669 ἔκτρωμα

2129 1681 2560 1758 ἐκπορευόμενον
2622 1680 2683 1738 ἔκ
2744 1684 2956 1757 μήτρας
3008 1683 3244 1759 μητρὸς,
3291 1684 3382 1738 καὶ
3433 1683 3686 1758 κατεσθίετε
3727 1683 3792 1738 τὸ

2129 1773 2297 1844 ἣμισυ
2356 1777 2465 1828 τῶν
2533 1776 2744 1848 σαρκῶν
2803 1771 2992 1841 αὐτῆς.
3049 1797 3076 1823 υ
3140 1772 3243 1830 Καὶ
3293 1767 3492 1842 ἐϐόησε
3547 1779 3790 1841 Μωυσῆς

375 1863 767 1933 conspuisset,
800 1880 919 1917 non
950 1863 1176 1936 pudore
1207 1863 1591 1919 afﬁceretur?
1629 1863 1864 1934 Septem
1895 1861 2021 1918 dies

2137 1861 2266 1934 πρὸς
2325 1860 2552 1935 Κύριον,
2624 1859 2821 1938 λέγων·
2881 1866 2940 1919 ‘0
2998 1862 3151 1932 Θεὸς,
3213 1857 3407 1934 δέομαί
3468 1882 3586 1930 σου,
3645 1861 3792 1916 ἴασαι

374 1956 538 2006 extra
569 1957 761 2007 castra
791 1952 1040 2008 seorsim
1072 1951 1261 2025 degat.
1289 1959 1413 2007 tum
1446 1953 1894 2007 intromittatur.
1926 1952 2019 2007 Sic

375 2039 553 2095 Maria
578 2058 684 2112 per
719 2048 945 2112 septem
976 2041 1102 2096 dies
1130 2042 1340 2096 castris
1367 2041 1606 2096 exclusa
1645 2041 1773 2096 fuit.
1820 2042 2017 2112 Neque

379 2129 632 2200 populus
663 2137 856 2185 castra
881 2131 1044 2202 prius
1077 2131 1278 2196 movit,
1312 2147 1488 2202 quam
1513 2131 1693 2186 Maria
1711 2130 2021 2186 mundare-

378 2225 492 2274 tur.
519 2220 595 2274 Ea
618 2226 854 2292 recepta
874 2219 946 2275 ab
969 2220 1276 2276 Aserothis
1305 2227 1636 2282 moverunt,
1662 2227 1720 2277 et
1739 2222 1800 2275 in
1818 2219 2021 2276 solitu-

381 2307 517 2364 dine
541 2311 811 2365 Pharana
835 2315 1026 2365 castra
1055 2311 1339 2366 fecerunt.
1377 2331 1405 2360 ››
1439 2313 1663 2366 Mortua
1701 2317 1792 2366 est
1820 2317 2020 2366 autem

377 2399 578 2465 Maria,
611 2416 744 2453 cum
767 2399 840 2454 ad
868 2399 1160 2454 Zinaicam
1195 2399 1580 2455 solitudinem
1612 2399 1866 2472 populus
1887 2417 2022 2471 per—

375 2489 652 2545 venisset.
686 2488 892 2543 Statim
925 2495 1129 2560 postea
1158 2489 1363 2561 populi
1403 2490 1732 2562 indignatio
1782 2496 2023 2562 propter

375 2579 535 2632 sitim
569 2577 778 2633 oborta
807 2583 934 2645 est;
967 2579 1465 2650 irritaveruntque
1496 2581 1684 2634 Moses
1722 2587 1782 2635 et
1825 2590 2022 2635 Aaron

377 2667 562 2722 Deum
594 2684 772 2739 super
802 2684 956 2740 aqua
978 2669 1182 2742 jurgii.
1216 2673 1406 2740 Atque
1437 2669 1622 2724 iratus
1661 2671 1814 2724 Deus
1840 2669 2020 2724 dicit:

387 2778 406 2804 ι
439 2757 682 2822 Quando
714 2774 908 2812 meam
930 2757 1176 2825 gloriam
1199 2775 1398 2814 coram
1427 2758 1642 2830 populo
1675 2759 1870 2814 testati
1902 2776 2023 2813 non

382 2846 544 2912 estis,
571 2863 671 2900 vos
711 2846 995 2916 populum
1026 2847 1086 2902 in
1144 2848 1448 2918 regionem
1496 2848 1852 2918 promissam
1906 2865 2025 2902 non

386 2933 778 2988 introducetis
798 2934 862 2988 ³⁷.
897 2959 925 2984 ››
948 2935 1128 2990 Porro
1151 2939 1346 2991 Aaron
1375 2937 1644 2991 ascendit
1675 2937 1734 2991 in
1764 2943 2026 2992 montem

385 3022 685 3094 Or,ibique
710 3030 978 3079 mortuus
1001 3031 1108 3091 est;
1133 3042 1262 3095 quaa
1278 3025 1329 3080 ei
1346 3043 1530 3098 pinnas
1550 3031 1791 3097 propter
1810 3043 2025 3097 aquam

371 3111 555 3186 jurgii
587 3119 676 3168 est
705 3113 984 3184 irrogata.
1022 3114 1357 3170 Secundum
1405 3115 1531 3170 limo
1587 3114 1649 3170 in
1701 3115 2027 3171 ldumaeam

379 3203 632 3275 populus
667 3205 950 3276 pervenit.
985 3207 1248 3276 Cumque
1280 3222 1486 3261 rursus
1514 3206 1632 3262 Deo
1665 3212 1721 3261 et
1751 3206 1893 3261 Mosi
1924 3205 2024 3261 ob-

379 3300 799 3361 murmuraret,
832 3294 1078 3350 immisit
1110 3295 1263 3349 Deus
1301 3311 1521 3367 angues
1581 3295 1681 3366 qui
1739 3295 2025 3367 populum

379 3389 681 3438 necarent.
716 3384 1068 3455 Tuucjussu
1099 3384 1201 3438 Dei
1233 3401 1478 3455 serpens
1509 3383 1610 3440 ille
1641 3401 1842 3440 mneus
1878 3402 2022 3441 con-

383 3472 597 3527 ficitur.

2057 3248 2164 3344 οό

2128 1949 2316 2021 αὐτήν.
2371 1951 2471 2005 Καὶ
2523 1951 2640 2006 εἷπε
2685 1949 2887 2026 Κύριος
2933 1951 3070 2025 πρὸς
3119 1955 3385 2020 Μωυσῆν·
3446 1975 3474 2003 ιι
3507 1950 3568 2007 Εἰ
3622 1952 3650 2006 6
3687 1972 3794 2006 πα-

2127 2041 2233 2114 τὴρ
2263 2040 2430 2109 αὐτῆς
2457 2041 2642 2095 πτύων
2677 2038 2959 2096 ἐνὲπσυσεν
3016 2040 3091 2102 εἷς
3140 2041 3204 2096 τὸ
3251 2040 3545 2116 πρόσωπον
3599 2040 3795 2109 αὐτῆς,

2131 2128 2230 2184 οὐκ
2299 2129 2732 2203 ὲντραπήσεταις
2773 2129 2944 2185 Ἑπτᾶ
3009 2129 3219 2204 ἡμέρας
3271 2131 3620 2207 ἀφορισοῆτω
3689 2129 3793 2202 ἔξω

2127 2226 2228 2288 τῆς
2302 2213 2686 2294 παρεμϐολῆς,
2763 2219 2854 2274 καὶ
2946 2219 3081 2291 μετὰ
3167 2224 3337 2274 ταῦτα
3403 2217 3791 2276 εἰσελεύσεται.

2129 2308 2236 2364 Καὶ
2295 2308 2576 2387 ἀφωρίσοη
2635 2308 2865 2383 Μαριὰμ
2911 2306 3014 2379 ἔξω
3069 2314 3170 2378 τῆς
3231 2303 3595 2383 παρεμϐολῆς
3655 2308 3793 2363 ἑπτὰ

2129 2396 2365 2473 ἡμέρας,
2401 2397 2489 2453 καὶ
2537 2398 2566 2452 6
2616 2397 2747 2460 λαὸς
2795 2398 2900 2453 οὐκ
2947 2395 3129 2472 ἐξῆρεν
3167 2391 3272 2461 ἕως
3302 2395 3632 2474 ἐκαθαρίσθη
3671 2404 3792 2456 Μα-

2132 2487 2289 2562 ριάμ.
2324 2487 2422 2542 Καὶ
2455 2488 2593 2560 μετά
2639 2491 2806 2542 ταῦτα
2855 2489 3044 2562 ἒξῆρεν
3090 2489 3118 2542 6
3163 2485 3297 2549 λαὸς
3328 2486 3381 2558 ἐξ
3416 2487 3673 2562 Ἀσιρὼθ,
3701 2487 3794 2541 καὶ

2131 2572 2496 2651 παρενέϐαλεν
2558 2576 2609 2632 ἐν
2665 2582 2734 2651 τῇ
2793 2575 2988 2650 ἐρήμῳ
3049 2579 3257 2652 Φαράν.
3312 2576 3500 2634 Ἦνίκα
3533 2574 3590 2631 δὲ
3621 2574 3794 2645 ἦλθεν

2132 2666 2161 2720 6
2211 2663 2343 2729 λαὸς
2395 2666 2472 2729 εἷς
2516 2667 2578 2722 τὸ
2644 2672 2778 2721 Σινᾶ
2835 2671 2947 2740 (67)
3000 2666 3150 2741 ὅρος,
3197 2663 3424 2738 τελευτᾷ
3478 2667 3711 2741 Μαριὰμ
3757 2667 3794 2735 ἡ

2133 2751 2345 2834 ἀδελφή
2380 2757 2678 2818 Μωϋσέως.
2711 2782 2732 2810 ι
2774 2757 2906 2813 Εἶτα
2953 2755 3192 2831 παρευθὺ
3241 2757 3447 2832 γίνεται
3477 2756 3792 2832 γογγυσμὸς

2136 2847 2233 2899 τοῦ
2274 2842 2410 2898 λαοῦ
2452 2841 2541 2899 διὰ
2578 2845 2642 2900 τὸ
2708 2842 2887 2919 δίψος,
2953 2845 3044 2900 καὶ
3107 2845 3389 2921 παρώξυνε
3428 2847 3672 2914 Μωυσῆς
3703 2845 3798 2899 καὶ

2135 2932 2347 3008 Ἀαρὼν
2379 2935 2470 2988 τὸν
2506 2935 2634 2989 Θεὸν
2681 2932 2769 2990 ἐπὶ
2817 2938 2914 2989 τοῦ
2957 2931 3152 2999 ὕδατος
3179 2941 3279 3004 τῆς
3319 2933 3660 3009 ἀντιλογίας.
3695 2932 3800 2988 Καὶ

2138 3021 2411 3097 ὀργισθεὶς
2444 3021 2646 3099 Κύριος
2680 3024 2852 3080 εἶπεν·
2887 3049 2916 3076 ‹‹
2951 3025 3095 3089 ’Λνθ’
3140 3025 3214 3079 ὧν
3263 3023 3363 3080 οὐκ
3412 3021 3695 3098 ἐδοξάσατέ
3729 3043 3798 3097 με

2138 3109 2369 3167 ἐνώπιον
2429 3110 2676 3186 Ἰσραήλ,
2735 3114 2839 3169 οὐκ
2897 3112 3130 3184 εἶσᾶξετε
3185 3112 3278 3168 τὸν
3340 3111 3472 3168 λαὸν
3529 3113 3685 3187 ὓμεῖς
3724 3111 3802 3174 εἷς

2136 3202 2235 3270 τήν
2282 3208 2386 3279 γῆν
2443 3209 2545 3273 τῆς
2585 3201 2934 3279 ἔπαγγελίας.
2967 3230 2989 3260 ι
3049 3201 3286 3275 Τελευτᾷ
3316 3200 3374 3259 δὲ
3403 3204 3612 3280 Ἀαρὼν
3645 3200 3803 3259 ἀνελ-

2170 3290 2241 3344 ὼν
2285 3289 2363 3352 είς
2427 3292 2490 3345 τό
2560 3286 2686 3367 ὅρος
2749 3295 2872 3368 Ὤρ,
2928 3291 3204 3367 ἐπιτιμίαν
3255 3291 3478 3347 θανάτου
3512 3290 3798 3367 δεξάμενος

2135 3376 2224 3434 διὰ
2279 3381 2342 3435 τὸ
2389 3377 2537 3456 ὕδωρ
2594 3388 2695 3453 τῆς
2747 3381 3079 3458 ὀντιλογίας.
3142 3383 3294 3440 Μετὰ
3335 3379 3393 3437 δὶ
3423 3383 3486 3438 τὸ
3517 3379 3660 3457 ὕδωρ
3692 3389 3795 3452 τῆς

2134 3471 2455 3548 ἀντιλογίας
2493 3472 2814 3550 κατέρχεται
2865 3475 2894 3530 6
2943 3472 3076 3538 λαὸς
3129 3475 3204 3536 εἷς
3247 3472 3457 3548 Ἐδὼμ,
3504 3475 3596 3531 καὶ
3637 3495 3800 3531 κατα-

384 3558 643 3633 γογγύζει
675 3562 808 3613 Θεοῦ
833 3559 922 3614 καὶ
954 3559 1246 3622 Μωυσέως.
1277 3561 1379 3618 Καὶ
1409 3561 1723 3618 ἀπέστειλεν
1756 3563 1784 3618 6
1816 3562 1946 3624 Θεὸς
1977 3560 2108 3622 τοὺς
2157 3555 2330 3639 ὄφεις,
2385 3561 2476 3617 καὶ
2524 3561 2810 3619 ἐθανάτουν
2837 3563 2930 3619 τὸν
2961 3563 3111 3622 λαόν.
3144 3563 3244 3618 Καὶ
3277 3563 3470 3620 λοιπὸν
3500 3565 3644 3640 γίνετ
3659 3584 3702 3618 έι
3731 3562 3796 3618 τὸ

386 3645 792 3722 χαλκούργημα
818 3654 915 3703 τοῦ
943 3647 1118 3726 ὄφεως
1150 3651 1435 3724 προστάξει
1467 3657 1622 3708 Θεοῦ.

451 3741 516 3794 In
549 3741 810 3796 secunda
839 3742 1040 3813 populi
1072 3743 1440 3808 recensione,
1472 3760 1606 3799 cum
1636 3745 1823 3799 Moses
1853 3750 2030 3815 atque

384 3829 693 3885 Eleazarus
723 3830 1010 3902 populum
1044 3837 1450 3899 numerarent,
1482 3849 1657 3888 nemo
1676 3833 1921 3888 omnino
1939 3850 2032 3888 eo-

381 3936 514 3975 rum
547 3919 836 3989 superfuit
867 3937 1014 3990 quos
1060 3920 1122 3974 in
1181 3921 1375 3992 prima
1430 3923 1780 3978 recensione
1845 3925 2032 3979 Moses

382 4014 441 4063 et
471 4011 668 4064 Aaron
702 4007 1069 4073 invenerant,
1098 4027 1233 4066 cum
1263 4027 1299 4065 a
1330 4011 1531 4084 viginti
1563 4029 1755 4067 annos
1804 4018 1943 4068 nato
1975 4018 2035 4067 et

385 4098 644 4171 amplius
675 4115 884 4153 omnes
915 4107 1350 4156 numerassent.
1381 4101 1659 4157 Edixerat
1688 4102 1844 4156 enim
1879 4103 2032 4157 Deus

383 4188 602 4259 populo
633 4188 757 4242 fore
789 4193 854 4242 ut
883 4195 1122 4260 propter
1150 4206 1319 4244 suam
1351 4189 1840 4246 obtrectationem
1874 4192 2030 4262 peri-

385 4285 494 4335 ret.
519 4281 600 4334 Ac
631 4280 817 4334 Moses
839 4279 1080 4350 quidem
1107 4287 1164 4335 et
1193 4281 1522 4348 Eleazarus,
1554 4282 1774 4352 quippe
1799 4281 2027 4347 Levitaa,

387 4386 462 4425 ne
485 4375 619 4424 ante
642 4371 882 4441 quidem
898 4371 1053 4427 inter
1068 4372 1328 4443 reliquas
1342 4371 1530 4426 tribus
1545 4371 2026 4426 recensebantur.

2211 3742 2336 3798 Ὀτι
2404 3739 2454 3796 ἐν
2517 3745 2586 3815 τῇ
2646 3737 2868 3818 δευτὲρᾳ
2900 3741 3274 3818 ἰξαριθμήσει,
3343 3743 3502 3813 ἡνίκα
3554 3748 3797 3814 Μωυσῆς

2137 3833 2228 3888 καὶ
2263 3830 2525 3909 Ἐλεάζαρ
2557 3833 2870 3908 ἠρίθμησαν
2905 3834 2996 3889 τὸν
3029 3831 3185 3904 λαὸν,
3218 3833 3324 3910 οὐχ
3364 3834 3557 3909 εύρίθη
3591 3833 3798 3909 ἅνθρω-

2139 3943 2240 3985 πος
2267 3922 2327 3978 ἐκ
2354 3929 2454 3991 τῆς
2495 3923 2720 3997 πρώτης
2769 3922 3138 3997 ἀριθμήσεως,
3193 3923 3354 3992 ἡνίκα
3405 3926 3645 3993 Μωυσῆς
3704 3925 3796 3979 καὶ

2137 4013 2349 4086 Ἀαρὼν
2377 4011 2687 4087 ἠρίθμησαν
2753 4012 2876 4074 τοὺς
2940 4012 3048 4068 ἀπὸ
3115 4010 3313 4068 εἶ’κοσιν
3383 4011 3519 4068 ἐτῶν
3547 4012 3638 4067 καὶ
3668 4011 3798 4068 ἐπέ-

2138 4121 2310 4171 κεινα,
2337 4100 2421 4156 δτι
2455 4101 2572 4156 εἶπε
2625 4101 2826 4176 Κύριος
2873 4101 3080 4165 αὐτοῖς·
3139 4126 3166 4157 α
3194 4103 3416 4175 Θανάτῳ
3447 4101 3798 4168 ἀποθανεῖσθε

2141 4186 2229 4244 διὰ
2257 4190 2384 4252 τοὺς
2415 4192 2769 4266 γογγυσμοὺς
2802 4191 2976 4265 ὑμῶν.
3008 4215 3036 4245 ››
3089 4192 3156 4250 Oi
3200 4192 3305 4268 γὰρ
3335 4191 3460 4268 περῖ
3490 4192 3581 4247 τὸν
3628 4196 3798 4248 Monii-

2140 4277 2234 4332 σὲα
2273 4279 2364 4332 καὶ
2416 4277 2699 4354 Ἐλεάζαρ,
2731 4280 2806 4343 ὡς
2848 4283 3090 4349 Λευῖται,
3126 4279 3251 4337 οὐδὲ
3300 4283 3362 4336 τὸ
3407 4278 3644 4336 παλαιὸν
3673 4303 3797 4336 συν-

2138 4369 2526 4442 ηριθμήθησαν
2566 4374 2684 4431 ταῖς
2716 4367 2938 4433 λοιπαῖς
2963 4376 3182 4447 φυλαῖς,
3214 4371 3242 4426 ὁ
3281 4367 3339 4426 δὲ
3370 4371 3578 4440 Ἰησοῦς
3612 4373 3796 4428 Βενια-

383 4460 560 4516 Josua
588 4462 1030 4534 Benjaminicus
1058 4462 1214 4516 tribu
1247 4461 1398 4515 129
1432 4459 1564 4528 fuit,
1613 4458 1905 4514 Chalebus
1928 4461 2025 4514 Ju-

2141 4455 2302 4526 μίτης
2333 4454 2418 4524 ἦν,
2451 4456 2479 4510 6
2512 4453 2570 4512 δὲ
2598 4453 2782 4514 Χάλέϐ
2827 4458 2886 4514 ἐκ
2930 4466 3030 4529 τῆς
3083 4464 3181 4514 τοῦ
3228 4456 3428 4515 Ἰούδα.
3472 4460 3795 4533 Σημείωσαι

381 4549 565 4607 clusus.
600 4551 855 4608 Observa
883 4559 1103 4617 autem,
1136 4567 1238 4606 eos
1268 4549 1368 4620 qui
1418 4553 1486 4603 20
1543 4548 1716 4603 annis
1767 4547 2027 4604 minores

379 4647 569 4709 erant,
595 4647 654 4696 et
685 4642 910 4696 Levitas
941 4641 1041 4710 qui
1070 4641 1247 4694 vitam
1280 4638 1685 4710 produxerunt
1714 4653 1782 4692 eo
1813 4654 2025 4708 usque,

379 4748 498 4787 non
513 4731 696 4785 fuisse
711 4728 1003 4798 promissa
1019 4727 1460 4797 terraprivatos.
1481 4727 1562 4780 lbi
1586 4727 2033 4798 Mosesjubetur

376 4822 640 4875 montem
656 4813 2036 4888 Nabanumconscendere,objurgaturque,sicut

385 4911 521 4962 ante
546 4903 726 4957 frater
745 4903 950 4976 ipsius,
969 4909 1208 4975 propter
1229 4920 1445 4974 aquam
1461 4905 1644 4978 jurgii
1669 4922 1683 4973 ;
1706 4905 2030 4978 atqueideo

390 4991 568 5048 etiam
601 4996 756 5048 terra
787 4993 1082 5063 promissa
1121 4992 1382 5064 privatus
1411 4993 1492 5048 ibi
1525 5011 1556 5049 e
1588 4994 1730 5050 vivis
1779 4994 2029 5062 excedit,

387 5094 575 5135 annos
599 5085 773 5135 natus
807 5083 925 5135 120.

455 5171 660 5227 Jussus
686 5179 884 5228 autem
911 5174 1097 5229 Moses
1129 5181 1390 5230 montem
1421 5174 1820 5231 conscendere
1852 5181 2029 5246 atque

385 5260 654 5318 ibivitam
683 5265 872 5328 ﬁnire.
891 5263 1099 5322 Seonis
1125 5274 1556 5321 Amorrmorum
1581 5273 1640 5320 et
1661 5266 1761 5337 Ogi
1786 5265 2028 5320 Basanis

386 5369 590 5425 regum
625 5353 800 5409 urbes
829 5373 1186 5429 omnemque
1218 5356 1505 5413 ditionem
1536 5356 1788 5412 duorum
1823 5372 2025 5428 regum

460 5469 507 5508 ³⁷
535 5471 705 5528 Νιιιιι.
741 5489 858 5542 xiv,
885 5476 972 5530 22.

2138 4543 2195 4598 δὲ
2221 4543 2303 4599 ὅτι
2335 4545 2423 4600 καὶ
2473 4545 2523 4600 οἰ
2570 4550 2707 4602 κατὰ
2737 4546 2916 4624 ὕφεσιν
2964 4552 3072 4603 τῶν
3112 4545 3310 4604 εἶ’κοσιν
3359 4547 3491 4604 ἐτῶν
3525 4547 3622 4603 ούκ
3649 4550 3792 4604 ἒστε-

2143 4636 2382 4705 ρῆθησαν
2413 4643 2512 4705 τῆς
2543 4643 2647 4713 γῆς
2693 4643 2794 4706 τῆς
2823 4635 3168 4712 ἐπαγγελίας,
3220 4635 3348 4694 οὐδὲ
3387 4637 3442 4692 οἶ
3491 4639 3795 4716 φθάσαντες

2143 4728 2238 4800 ζῇν
2306 4731 2413 4781 τῶν
2481 4731 2744 4782 Λευῖτῶν.
2815 4728 3076 4792 Ἐνταῦθα
3121 4727 3179 4783 δὲ
3234 4728 3511 4784 κελεύεται
3553 4733 3794 4800 Μωυσῆς

2139 4813 2382 4878 ἀνελθεῖν
2415 4815 2492 4878 εἰς
2525 4816 2590 4871 τὸ
2622 4811 2748 4890 ὅρος
2779 4811 2988 4889 Ναϐὰν,
3041 4817 3131 4872 καὶ
3180 4817 3462 4892 ὶλέγχεται
3488 4818 3579 4874 καὶ
3609 4819 3792 4892 αὐτὸς,

2140 4903 2215 4966 ὡς
2247 4901 2484 4981 ἁδελφὸς
2514 4903 2699 4975 αὐτοῦ,
2749 4902 2838 4960 διὰ
2889 4906 2953 4960 τὸ
3012 4902 3158 4981 ὕδωρ
3201 4912 3300 4976 τῆς
3331 4905 3665 4982 ἀντιλογίας.
3699 4909 3794 4964 Διὸ

2137 4991 2363 5063 καὶτῆς
2412 4999 2517 5067 γῆς
2569 5000 2668 5063 τῆς
2725 4992 3054 5070 ἐπαγγελίας
3111 4995 3416 5069 ἐστέρηται,
3447 4997 3537 5050 καὶ
3568 4995 3796 5068 τελευτᾷ

2139 5083 2248 5139 ἐκεῖ
2278 5085 2410 5140 ἑτῶν
2442 5084 2628 5138 ἑκατὸν
2661 5081 2889 5140 εἴκοσιν.

2207 5175 2332 5231 ’Ὁτι
2360 5177 2456 5228 τοῦ
2489 5173 2662 5242 Σηὼν·
2703 5169 2974 5245 βασιλέως
3023 5177 3131 5227 τῶν
3179 5173 3528 5251 Ἀμορῥαίων
3559 5177 3648 5231 καὶ
3686 5181 3790 5232 τοῦ

2138 5265 2238 5338 Ὠγ
2273 5261 2542 5338 βασλέως
2574 5264 2657 5336 [Ρ.
2691 5263 2782 5335 73]
2830 5268 2929 5331 τῆς
2973 5262 3144 5317 Βασὰν
3195 5263 3292 5323 τὰς
3341 5262 3531 5327 πόλεις
3563 5266 3655 5321 καὶ
3687 5272 3785 5321 πᾶ-

2139 5374 2233 5408 σαν
2262 5353 2364 5420 τήν
2396 5353 2584 5428 χώραν
2617 5355 2724 5406 τῶν
2778 5350 2874 5405 δύο
2937 5349 3203 5427 βασιλέων
3255 5356 3420 5429 πέραν
3463 5359 3560 5409 τοῦ
3594 5353 3794 5433 Ὶορδὰ.

1601 5565 1959 5622 ΧΥΒΑΝΒΒῙ
1991 5564 2078 5618 ΕΤ
2107 5559 2321 5618 GOARI
2355 5559 2576 5618 NOTE.

461 5655 550 5730 (67
582 5659 795 5716 Errare
823 5659 1158 5731 perspicuo.
1193 5659 1332 5713 ΧΠ..
