4148 6196
285 340 381 398 161

1420 334 1974 398 HISTORIARUM
2019 334 2589 396 COMPENDIUM.

3583 347 3698 406 162

269 492 374 526 νου
409 467 614 526 δέδωκε
643 470 879 538 Μωΰσῆς
908 469 985 530 εἷς
1031 468 1360 544 κατάσχεσιν
1414 472 1493 540 τῷ
1539 463 1801 543 Ῥουόεὶμ
1846 468 1936 523 καὶ

2070 469 2137 525 :is
2167 467 2485 525 Jordanem
2516 469 2782 541 Rubeno,
2820 473 2962 528 Dani
2993 489 3059 530 ac
3091 475 3352 533 dimidim
3379 479 3697 537 Manasseae

289 561 390 616 Δάν
418 561 619 630 καὶτῷ
648 559 835 632 ἡμίσει
897 557 1074 636 φυλῆς
1127 565 1409 630 Μανασσῆ,
1467 559 1600 632 μετά
1635 559 1698 614 τὸ
1757 552 1944 612 λαϐεῖν

288 651 452 706 αὐτὸν
478 649 746 726 ἀπόφασιν
777 646 1018 712 ἀνελθεῖν
1052 646 1103 703 ἐν
1159 653 1238 720 τῷ
1297 647 1413 722 ὄρει
1455 647 1546 702 καὶ
1598 645 1940 717 τελευτῆσαι.

357 751 482 807 Ὀτι
513 745 922 822 παρερχόμενοι
958 747 1014 801 οἱ
1045 746 1154 800 υἱοὶ
1203 744 1424 822 Ἰσραήλ
1497 743 1586 800 διὰ
1637 751 1733 802 τοῦ
1782 745 1942 821 ὅρους

286 841 422 913 Σιήρ
463 835 895 910 προστέσσονται
957 835 1060 890 ὑπὸ
1097 839 1196 890 τοῦ
1241 839 1374 891 Θεοῦ
1432 833 1593 909 ἄρτον
1650 835 1739 890 καὶ
1798 834 1944 910 ὕδωρ

285 929 548 1002 πρίασθαι
608 925 756 999 παρὰ
810 929 919 979 τῶν
1007 922 1330 998 Ἰδουμαίων
1387 929 1496 978 τῶν
1564 925 1693 980 υἱῶν
1752 925 1942 992 Ἡσαῦ,

288 1014 430 1072 διότι
499 1016 640 1070 εἶπεν
699 1013 1120 1075 αὖτοῖςὸΘεὸς·
1183 1039 1211 1066 α
1246 1013 1326 1071 Οὐ
1383 1012 1830 1089 κληρονομήσετε
1887 1014 1946 1070 ἐκ

291 1112 394 1174 τῆς
424 1112 530 1180 γῆς
559 1108 664 1159 τῶν
692 1104 858 1158 Ἡσαῦ
910 1100 1039 1157 οὐδὲ
1099 1104 1255 1178 βῆμα
1320 1100 1512 1174 ποδὸς,
1573 1102 1657 1158 ὅτι
1716 1101 1944 1183 ἀδελφοὶ

289 1195 447 1270 ὑμῶν
507 1193 664 1249 εἶσιν.
707 1215 732 1246 ιι
795 1191 1226 1266 Ἀποτρέπονται
1285 1189 1342 1246 δὲ
1383 1192 1486 1247 ὑπὸ
1539 1198 1674 1247 Θεοῦ
1731 1191 1790 1248 ἐκ
1842 1199 1944 1262 τῆς

284 1292 391 1360 γῆς
418 1289 526 1338 τῶν
558 1277 873 1339 Μωαϐιυῶν
903 1281 1131 1354 καὶτῶν
1163 1280 1401 1353 πόλεων
1459 1280 1634 1336 αὐτῶν
1678 1279 1767 1337 διὰ
1819 1281 1946 1338 Λὼτ

289 1375 389 1428 τὸν
419 1372 742 1447 προπάτορα
771 1369 971 1430 αὐτῶν,

355 1464 484 1520 ’Ότι
519 1461 571 1517 ἐν
601 1465 669 1535 τῇ
703 1458 924 1536 δευτέρᾳ
954 1461 1250 1534 νομοθεσίᾳ
1283 1459 1428 1538 Λέγει
1486 1462 1749 1530 Μωϋσῆς’
1811 1486 1838 1513 ‹‹
1871 1461 1948 1518 Td

287 1555 422 1626 ἃγια
455 1549 583 1606 δέκα
615 1551 838 1625 ῥήματα
865 1553 1030 1605 ταῦτα
1065 1551 1220 1624 ὑμεῖς
1252 1549 1523 1620 ἠκούσατε
1552 1548 1612 1605 ἐκ
1643 1551 1810 1624 μέσου
1849 1555 1946 1606 τοῦ

285 1643 488 1716 πυρὸς,
521 1664 549 1692 ι»
584 1638 724 1694 ὥστε
753 1640 840 1694 καὶ
874 1639 982 1713 πρὸ
1009 1643 1106 1694 τοῦ
1144 1642 1416 1718 γραφῆναι
1465 1639 1602 1695 αὖτά
1647 1638 1699 1694 ἐν
1755 1638 1948 1712 πλαξὶν

286 1728 613 1799 ἐξεδόθησαν
649 1728 754 1783 ὑπὸ
784 1735 887 1798 τῆς
917 1727 1063 1790 θείας
1095 1735 1302 1806 φωνῆς.
1336 1729 1414 1786 Οὐ
1444 1729 1548 1806 γὰρ
1580 1729 1763 1805 φωνήν
1807 1727 1946 1800 ἄση-

2055 559 2233 614 tribui
2255 560 2537 630 assignat.

2125 741 2270 795 Cum
2301 756 2406 811 per
2429 748 2693 796 montem
2717 743 2945 799 Seirum
2973 744 3086 798 iter
3111 747 3390 802 Israelitaa
3414 750 3698 818 facerent,

2057 829 2400 886 mandatum
2433 831 2517 886 eis
2548 848 2580 885 a
2611 837 2728 886 Deo
2761 839 2851 887 est
2897 840 2964 888 ut
3013 851 3227 906 panem
3259 853 3592 910 aquamque
3624 843 3696 896 ab

2054 919 2328 973 Idummis
2389 926 2815 989 mercarentur,
2867 923 3056 978 Esauo
3102 927 3421 998 prognatis.
3483 929 3619 986 Ideo
3642 937 3700 987 et

2055 1007 2203 1062 dixit
2233 1008 2318 1062 eis
2347 1008 2498 1062 Deus
2534 1025 2546 1062 :
2581 1033 2600 1056 ι
2640 1011 2764 1064 Non
2796 1010 3179 1081 possidebitis
3208 1013 3280 1069 de
3306 1020 3462 1071 terra
3491 1019 3698 1072 Esaui-

2054 1113 2362 1164 corum,ne
2377 1099 2682 1170 vestigium
2697 1099 2935 1170 quidem
2961 1101 3128 1172 pedis
3145 1103 3320 1160 latam
3339 1107 3696 1176 portionem:

2056 1194 2194 1241 sunt
2224 1187 2383 1242 enim
2417 1188 2589 1241 vestri
2616 1189 2844 1244 fratres.
2883 1211 2910 1237 ››
2940 1190 3093 1255 Quin
3126 1198 3183 1246 et
3230 1210 3265 1248 a
3313 1196 3700 1253 Moabitarum

2056 1282 2214 1332 terra
2244 1282 2420 1348 atque
2449 1277 2698 1332 urbibus
2729 1279 2880 1334 Dcus
2906 1279 3182 1336 Ilebrazos
3212 1284 3444 1352 avertit,
3477 1287 3634 1356 quod
3659 1287 3698 1342 ii

2057 1366 2196 1420 Loto
2228 1372 2429 1420 essent
2458 1368 2728 1439 prognati
2759 1366 2824 1425 ³⁸.

2128 1455 2193 1508 In
2225 1455 2744 1529 repetitionelegis
2776 1459 2965 1514 Moses
3017 1465 3223 1516 sancta
3275 1461 3478 1518 decem
3526 1463 3706 1520 verba

2056 1544 2574 1610 recitavit,addens
2605 1547 2892 1618 p0pulum
2924 1565 2993 1604 ea
3014 1549 3085 1605 de
3108 1550 3302 1605 medio
3322 1553 3454 1624 igne
3477 1553 3572 1608 edi
3604 1570 3701 1610 au-

2056 1633 2290 1689 divisse.
2315 1636 2516 1706 Itaque
2548 1635 3407 1707 priusquam.inscriberentur
3463 1643 3699 1713 tabulis,

2047 1723 2175 1796 jam
2212 1730 2333 1779 tum
2363 1741 2398 1779 a
2429 1725 2625 1780 divina
2657 1743 2794 1782 voce
2827 1727 3067 1783 fuerunt
3123 1731 3514 1803 promulgata.
3575 1735 3701 1790 Non

291 1841 422 1892 μον,
451 1816 580 1875 ἀλλ’
621 1815 874 1892 ἔναρθρον
903 1816 1131 1887 ἤκουσεν
1161 1819 1190 1872 6
1221 1815 1354 1880 λαὸς
1386 1816 1445 1874 ἐκ
1493 1816 1656 1892 μέσον
1704 1823 1802 1874 τοῦ
1851 1841 1949 1874 πυ-

2070 1813 2218 1868 enim
2255 1831 2453 1870 vocem
2487 1815 2613 1870 sine
2664 1815 2875 1884 verbis,
2911 1819 3015 1873 sed
3062 1819 3434 1876 articulatam
3479 1823 3704 1878 audivit

297 1909 392 1984 ρος
421 1907 474 1962 ἐν
505 1911 661 1978 Σινᾷ,
692 1907 874 1970 καθὼς
902 1907 1226 1982 γέγραπται·
1262 1932 1289 1958 ‹‹
1327 1908 1422 1964 Καὶ
1452 1907 1518 1962 τὰ
1540 1909 1760 1982 ῥήματα
1780 1909 1947 1964 αὐτοῦ

281 1999 518 2067 ἤκουσεν
546 1995 608 2052 ἐκ
641 1997 810 2069 μέσου
840 1999 937 2051 τοῦ
967 1995 1158 2072 πυρός.
1197 2020 1225 2048 ››
1259 1999 1443 2054 Ταῦτα
1474 1993 1531 2052 δέ
1574 1995 1677 2053 εῗσι
1716 1997 1783 2053 τὰ
1823 1998 1950 2074 ἅγια

287 2088 514 2162 ῥηματα
566 2089 662 2140 τοῦ
719 2085 915 2160 νόμου,
965 2083 998 2140 ἄ
1055 2087 1280 2162 ὕστερον
1338 2085 1655 2162 ἐνεχάραξεν
1715 2087 1768 2142 ἐν
1803 2085 1949 2142 πλαο

290 2177 390 2246 ξίν.

358 2265 484 2322 Ὀτι
522 2261 762 2333 Μωῦσῆς
795 2266 848 2320 π’
875 2263 1010 2319 ἐτῶν
1043 2262 1120 2318 ὢν
1151 2266 1371 2340 ἡγεῖται
1413 2270 1516 2336 τῆς
1563 2263 1616 2335 ἐξ
1668 2264 1949 2341 Αἰγύπτου

289 2354 520 2429 πορείας
558 2358 658 2408 τοῦ
701 2348 966 2428 Ἐϐραίων
1025 2348 1231 2424 ἔθνους,
1293 2361 1457 2425 συνῆν
1495 2374 1555 2410 τε
1612 2355 1799 2418 αὐτοῖς
1857 2375 1950 2410 vo-

296 2445 547 2516 μοθετῶν
579 2441 668 2496 ἐπὶ
697 2449 798 2511 τῆς
830 2443 1042 2517 ἐρήμου
1073 2436 1165 2510 ἔτη
1194 2445 1268 2516 μ’.
1501 2513 1506 2518 ι

363 2533 509 2588 Ἀπὸ
551 2533 600 2608 β⁴
634 2527 858 2608 βιϐλίου
892 2533 1164 2602 Ἰωσήπου
1196 2540 1296 2603 τῆς
1354 2533 1818 2611 ’Δρχαιολογίας,
1868 2533 1952 2589 ὅτι

291 2621 502 2695 Φαραὼ
534 2620 641 2675 ὑπὸ
669 2621 769 2689 τὴν
811 2620 979 2690 αὐτὴν
1041 2618 1185 2697 ὥραν
1239 2620 1492 2686 ἐθεάσατο
1544 2625 1632 2678 καὶ
1686 2625 1781 2687 τάς
1843 2629 1951 2679 τῶν

295 2710 566 2766 ἐνυπνίων
597 2707 753 2782 ὄψεις
781 2709 871 2763 καὶ
901 2709 998 2771 ti:
1044 2709 1326 2787 ἐξηγήσεις
1375 2713 1577 2768 αὐτῶν.
1628 2713 1808 2770 Ἀλλὰ
1843 2715 1952 2770 τὼν

291 2799 606 2873 ἐξηγήσεων
668 2796 1066 2870 ἐπιλαθόμενος
1147 2801 1238 2854 τὸν
1298 2800 1494 2864 ταύτας
1577 2802 1956 2876 ἀναμνήσαντα

298 2883 507 2954 ἐζήτει.
559 2884 686 2941 ’Ότι
743 2881 794 2938 ἐν
850 2884 968 2945 τοῖς
1014 2882 1149 2939 ἐπτά
1206 2892 1306 2956 τῆς
1363 2885 1610 2958 εὐθηνίας
1667 2881 1836 2943 ἔτεσιν
1892 2887 1954 2943 o6

297 2972 655 3048 προῄσθοντο
686 2970 979 3047 Αἰγύπτιοι
1008 2973 1101 3027 τὸν
1151 2973 1381 3040 ἑπταετῆ
1432 2973 1622 3048 λιμόν.
1671 2978 1794 3034 ’Ότι
1847 2982 1956 3033 τῶν

293 3062 793 3138 ἱερογραμματέων
823 3081 909 3123 τις
965 3059 1288 3138 ἀναγγέλλει
1347 3068 1428 3136 τῷ
1489 3063 1705 3140 βασιλεῖ
1755 3067 1956 3142 Φαραὼ

295 3151 668 3230 τεχθήσεσθαί
703 3170 821 3226 ρινα
848 3156 968 3205 κατ’
999 3151 1200 3207 ἐκεῖνον
1231 3152 1324 3208 τὸν
1355 3153 1541 3230 καιρὸν
1569 3159 1685 3217 τοῖς
1742 3157 1959 3232 Ἰσραη-

2057 1920 2124 1958 ex
2159 1903 2356 1959 medio
2389 1905 2541 1977 ignis
2572 1905 2632 1960 in
2660 1906 2820 1962 Sinai
2879 1907 3154 1980 populus.
3209 1911 3362 1965 130
3393 1910 3506 1967 Sed
3563 1913 3704 1968 scri-

2057 2000 2222 2066 ptum
2245 1999 2370 2050 est:
2398 2018 2417 2043 ι
2444 1995 2631 2051 Verba
2661 1997 2788 2067 ejus
2807 1997 3110 2053 audivitex
3138 1999 3335 2054 medio
3360 1999 3492 2072 igne
3513 1999 3706 2058 3°.»Ea

2059 2101 2234 2154 porro
2267 2089 2406 2138 sunt
2431 2089 2636 2140 sancta
2665 2085 2810 2156 legis
2841 2086 3034 2156 verba,
3068 2105 3198 2158 quaa
3239 2089 3455 2146 deinde
3489 2090 3699 2146 tabulis

2059 2172 2394 2244 insculpsit.

2131 2263 2318 2316 Moses
2348 2278 2539 2317 annos
2570 2269 2746 2320 natus
2767 2265 2835 2319 80
2868 2265 3177 2322 Hebrmum
3209 2268 3493 2341 papulum
3527 2286 3595 2325 ex
3617 2271 3706 2325 1E-

2059 2356 2233 2423 gyplo
2266 2350 2489 2419 eduxit,
2514 2368 2582 2407 ac
2604 2353 2663 2407 in
2696 2353 3016 2411 solitudine
3046 2355 3203 2428 leges
3235 2357 3320 2412 eis
3351 2359 3568 2430 posuit,
3600 2358 3707 2414 ad—

2061 2439 2288 2510 fuitque
2312 2457 2417 2512 per
2446 2457 2634 2496 annos
2665 2443 2753 2497 40.

2135 2531 2213 2584 Ex
2235 2529 2385 2584 libro
2415 2530 2652 2602 Josephi
2687 2531 2756 2586 De
2785 2534 3118 2602 antiquitate
3165 2534 3449 2590 secundo.
3476 2537 3704 2592 Pharao

2063 2625 2119 2674 et
2151 2618 2445 2674 insomnir
2471 2627 2528 2675 et
2557 2637 2762 2676 eorum
2790 2621 3309 2694 interpretationes
3327 2625 3534 2681 eadem
3562 2627 3708 2682 hora

2062 2708 2431 2780 accepit.Sed
2455 2709 3010 2781 interpretationum
3041 2711 3282 2780 oblitus,
3307 2714 3575 2784 quaesivit
3606 2716 3705 2787 qui

2064 2813 2164 2852 eas
2195 2797 2305 2869 ipsi
2339 2799 2398 2852 in
2433 2799 2780 2854 memoriam
2811 2806 3128 2856 revocaret.
3155 2802 3391 2873 Septem
3411 2802 3707 2859 fertilibus

2065 2887 2236 2943 annis
2258 2889 2503 2960 Egyptii
2537 2889 2946 2960 septennalem
2976 2891 3194 2946 famem
3228 2908 3349 2948 non
3379 2909 3705 2964 praisense-

2065 2982 2221 3030 runt.
2258 2976 2506 3042 Quidam
2539 2993 2744 3032 eorum
2777 2979 2876 3049 qui
2911 2995 3109 3034 sacras
3141 2979 3390 3035 Litteras
3433 2987 3710 3050 tractant,

2064 3066 2357 3121 Pharaoni
2373 3065 2733 3122 iudicaviteo
2748 3073 3014 3139 tempore
3031 3069 3346 3139 quemdam
3363 3070 3714 3126 interlsrae-

2069 3155 2192 3210 icos
2213 3155 2606 3227 nasciturum,
2630 3157 2732 3229 qui
2751 3155 2990 3213 adultus
3020 3159 3425 3231 {Egyptiorum
3459 3176 3707 3232 regnum

296 3226 506 3310 λὶταις,
541 3241 602 3304 ὅς
632 3243 954 3296 ταπεινώσει
985 3243 1080 3316 μὲν
1121 3244 1218 3311 τήν
1278 3226 1591 3320 Αἰγυπτίων
1637 3226 1954 3322 ἡγεμονίαν,

2071 3244 2462 3317 depressurus
2492 3263 2784 3318 suumque
2833 3247 3118 3319 populum
3179 3253 3486 3303 evecturus
3533 3248 3708 3304 foret.

301 3331 528 3401 αὒξήσει
559 3327 619 3385 δὲ
646 3329 776 3394 τοὺς
807 3330 1152 3405 Ἰσραηλίτας
1181 3335 1423 3410 τραφείς.
1496 3335 1590 3389 Διὸ
1627 3335 1716 3390 καὶ
1764 3335 1955 3411 γνώμῃ

291 3423 464 3479 αὐτοῦ
496 3421 838 3479 κελεύειπᾶν
885 3423 948 3479 τὸ
1006 3426 1256 3499 γεννηθὲν
1311 3425 1468 3502 ἄρσεν
1529 3427 1631 3484 ὑπὸ
1689 3433 1797 3483 τῶν
1853 3428 1960 3485 Ἰσ-

295 3512 584 3588 ραηλιτῶν
617 3513 695 3578 εἷς
725 3515 817 3570 τὸν
867 3517 1114 3591 ποταμὸν
1171 3517 1476 3591 ῥίπτεσθαι.
1531 3516 1706 3576 Ἀλλά
1751 3521 1962 3595 κρατή-

297 3625 411 3659 σειε
443 3601 489 3659 δ’
527 3605 589 3658 ἄν
624 3601 805 3666 οὐδεὶς
831 3611 932 3674 τῆς
962 3609 1060 3660 τοῦ
1089 3610 1222 3662 Θεοῦ
1252 3608 1504 3683 γνώμης,
1538 3606 1653 3664 οὐδ’
1684 3609 1712 3664 6
1761 3611 1958 3684 μυρίας

290 3691 496 3769 τέχνας
528 3693 618 3748 ἐπὶ
646 3695 828 3768 τούτῳ
863 3697 1341 3772 μηχανησάμενος.
1371 3701 1496 3756 ’Ὁτι
1529 3700 1557 3754 6
1587 3701 1768 3776 πατὴρ
1793 3702 1959 3758 Mum-

297 3783 439 3843 σέως
469 3784 612 3838 κατᾶ
640 3784 768 3846 τοὺς
795 3783 996 3850 ὕπνους
1049 3786 1222 3841 πάντα
1277 3788 1344 3842 τὰ
1398 3789 1533 3843 κατά
1580 3787 1814 3846 Μωϋσὲα
1867 3791 1960 3845 καὶ

289 3873 520 3946 Ἀαρὼν
549 3869 945 3948 συμϐησόμενα
976 3875 1035 3930 ἐκ
1084 3881 1220 3931 Θεοῦ
1276 3875 1694 3953 προδιδάσκεται
1741 3881 1831 3934 καὶ
1888 3883 1958 3954 τῇ

297 3961 468 4016 αὐτοῦ
509 3964 725 4038 γυναικὶ
775 3959 1027 4038 Ἰοχάϐεδ
1085 3971 1328 4042 φανεροῖ.
1389 3969 1515 4025 ’Ότι
1571 3969 1871 4043 Θέρμουθις
1922 3971 1958 4038 ἡ

303 4052 552 4126 θυγάτηρ
611 4053 814 4128 Φαραὼ
855 4052 1160 4127 ἀνελομένη
1205 4054 1432 4120 Μωϋσέθ
1477 4054 1690 4112 κελεύει
1738 4059 1960 4133 γύναιον

303 4139 557 4215 ἀχθῆναι
585 4140 677 4195 καὶ
709 4141 890 4213 θηλήν
923 4146 1000 4214 τῷ
1029 4141 1232 4217 παιδίῳ
1272 4151 1595 4224 παρασχεῖν·
1645 4144 1872 4202 πολλῶν
1902 4143 1962 4202 ’ὂέ

301 4229 584 4304 ἀχθεισῶν
666 4232 742 4303 μή
830 4232 1190 4306 προσιεμένου
1277 4232 1552 4296 Μωυσέως
1643 4240 1961 4311 παρεστῶσα

299 4321 542 4395 Μαριὰμ
573 4320 739 4374 εἶπεν·
778 4343 805 4371 ‹‹
839 4320 902 4378 Εἰ
960 4326 1070 4378 τῶν
1130 4321 1430 4400 ὁμοφύλων
1484 4326 1633 4396 αὐτῷ
1689 4329 1958 4401 γυναικῶν

298 4407 608 4486 Ἐϐραῖδων
671 4411 956 4482 ποιήσειας
1023 4411 1287 4486 ἀχθῆναι,
1358 4415 1504 4489 τάχα
1560 4412 1620 4468 ἂν
1678 4414 1960 4490 προσίεται

294 4499 510 4569 θηλήν.
547 4522 574 4551 ›)
609 4500 701 4553 Διὸ
733 4500 819 4554 καὶ
855 4497 1199 4556 κελευσθεῖσα
1229 4499 1343 4577 ἃγει
1374 4504 1476 4572 τήν
1511 4503 1676 4558 αὑτοῦ
1731 4506 1957 4580 μητέρα,

2065 3335 2267 3406 Itaque
2285 3353 2385 3391 rex
2408 3335 2586 3407 hujus
2607 3336 3040 3408 consiliojubet
3067 3354 3276 3393 omnes
3298 3337 3710 3393 Israelicorum

2067 3425 2362 3481 masculos
2393 3431 2596 3497 partus
2645 3426 2706 3482 in
2763 3427 3005 3482 fluvium
3059 3427 3254 3500 abjici.
3315 3428 3550 3483 Atenim
3606 3427 3708 3482 Dei

2068 3517 2426 3572 sententiam
2460 3532 2635 3572 nemo
2669 3517 2979 3573 hominum
3009 3517 3328 3588 infringere
3376 3523 3592 3591 potest,
3636 3535 3710 3574 ne

2069 3607 2116 3660 si
2149 3606 2314 3661 mille
2347 3606 2587 3678 quidem
2621 3607 2848 3662 artibus
2880 3608 2992 3664 hoc
3030 3608 3328 3664 moliatur.
3355 3609 3528 3664 Mosis
3549 3615 3717 3681 pater

2068 3713 2101 3752 a
2132 3695 2250 3751 Deo
2282 3712 2388 3767 per
2414 3696 2782 3751 insomnium
2824 3697 2895 3752 de
2957 3699 3232 3753 omnibus
3281 3715 3413 3768 quas
3467 3699 3605 3754 Mosi
3656 3705 3715 3756 et

2067 3788 2286 3856 Aaron;
2321 3792 2602 3840 eventura
2625 3792 2825 3841 essent
2855 3785 3120 3850 edoctus,
3153 3787 3320 3841 uxori
3353 3803 3474 3842 sua:
3503 3788 3714 3844 Jocha-

2068 3875 2260 3930 bethaa
2282 3873 2649 3947 significavit.
2675 3874 3050 3930 Thermuthis
3079 3873 3202 3928 {ilia
3226 3873 3547 3928 Pharaonis
3578 3891 3712 3930 cum

2067 3965 2284 4019 Mosem
2319 3981 2389 4018 ex
2411 3980 2565 4035 aqua
2586 3964 2942 4031 sustulisset,
2977 3963 3290 4019 mulierem
3316 3965 3498 4035 quaeri
3542 3965 3717 4036 jubet

2070 4071 2200 4125 quae
2229 4070 2364 4110 eum
2397 4053 2592 4110 Iactet.
2627 4053 2824 4109 Multis
2853 4053 3125 4110 adductis
3147 4069 3282 4110 cum
3328 4053 3553 4108 nullam
3588 4055 3713 4108 Mo-

2069 4161 2162 4200 ses
2195 4144 2556 4213 admitteret,
2589 4151 2789 4200 astans
2819 4146 3024 4201 Maria:
3058 4167 3087 4195 ‹‹
3121 4144 3420 4216 Si,inquit,
3453 4142 3718 4214 aliquam

2070 4233 2141 4289 de
2161 4235 2547 4308 popularibus
2571 4235 2702 4306 ejus
2720 4235 2980 4292 Hebrmis
2998 4235 3344 4290 mulieribus
3359 4251 3601 4290 curares
3623 4233 3720 4290 ad-

2069 4323 2224 4387 duci,
2259 4323 2529 4378 fortassis
2561 4340 2878 4380 mammam
2909 4324 3268 4378 admitteret.
3296 4344 3324 4374 »
3375 4325 3546 4380 Jussa
3604 4324 3713 4378 hoc

2068 4429 2240 4485 agere
2271 4419 2523 4469 matrem
2567 4414 2711 4468 18]
2753 4413 3014 4474 adduxit.
3039 4413 3288 4485 ejusque
3313 4413 3499 4468 ubera
3525 4412 3716 4470 liben-

2069 4508 2160 4557 ter
2188 4502 2386 4557 iufans
2417 4503 2912 4560 admisit.Pharao
2937 4503 3071 4558 tilias
3095 4519 3216 4557 suae
3235 4502 3554 4557 blandiens
3577 4503 3718 4558 Mosi

294 4589 386 4643 καὶ
419 4589 484 4644 τὸ
521 4585 743 4642 παιδίον
798 4589 1041 4662 ἀσμένως
1097 4592 1430 4670 προσούεται
1477 4595 1546 4666 τῇ
1609 4591 1776 4667 θηλῇ.
1837 4597 1954 4652 ’Ὀτι

2070 4591 2343 4648 diadema
2363 4591 2614 4664 imponit
2639 4610 2651 4647 :
2676 4592 2872 4648 infans
2889 4598 3085 4648 autem
3109 4592 3301 4647 aetatis
3333 4591 3715 4662 simplicitate

303 4676 823 4754 φιλοφρονούμενος
855 4680 1058 4753 Φαραὼ
1111 4683 1180 4752 τῇ
1239 4677 1355 4752 ἰδίᾳ
1407 4681 1632 4757 θυγατρὶ
1687 4680 1962 4754 ἐπιτίθησι

302 4771 518 4840 Μωϋσῇ
549 4767 614 4822 τὸ
647 4764 914 4840 διάδημα,
945 4769 973 4824 6
997 4764 1054 4823 δὲ
1085 4766 1173 4823 διὰ
1193 4770 1501 4840 νηπιότητα
1527 4770 1811 4851 καταφέρει
1835 4772 1964 4828 αὐτὸ

305 4857 384 4919 εἰς
413 4857 516 4931 γῆν
539 4857 630 4912 καὶ
663 4863 780 4918 τοῖς
811 4858 968 4912 ποσὶν
1002 4853 1288 4913 ἐπιϐαίνει.
1324 4860 1410 4934 [Ρ.
1436 4861 1531 4935 74]
1571 4862 1682 4916 Τοῦ
1723 4857 1782 4916 δὲ
1829 4882 1966 4937 προ-

303 4941 653 5013 δηλωθέντος
698 4946 1226 5022 ἱερογραγμματὲως
1273 4953 1436 5004 τοῦτο
1482 4947 1816 5022 θεασαμένου
1873 4951 1963 5007 καὶ

303 5033 519 5089 ἀνελεῖν
573 5033 1030 5114 ἐπιχειρήσαντος
1108 5040 1143 5106 ἡ
1232 5038 1533 5112 Θέρμουθις
1624 5037 1963 5115 ἐξαρπάσασα

306 5119 629 5181 διεσώσατο.
663 5127 788 5182 ’Ὁτι
821 5127 1136 5201 χειροήθεις
1172 5125 1326 5182 οὖσαι
1359 5129 1415 5182 αἱ
1449 5123 1583 5191 ἶϐεις
1622 5130 1759 5205 πρὸς
1793 5131 1960 5204 μόνον

303 5213 368 5266 τὸ
401 5216 507 5267 τῶν
537 5212 710 5291 ὄφεων
741 5214 896 5291 γένος
926 5213 1131 5290 ἀγρίως
1159 5209 1374 5291 ἔχουσι,
1414 5217 1503 5272 καὶ
1562 5215 1749 5282 δεινῶς
1800 5221 1962 5297 ἀναρ-

301 5301 603 5370 παζόμεναι
655 5302 1024 5358 κατεσθίουσιν
1082 5303 1295 5384 ἐλάφῶν
1351 5303 1590 5379 μᾶλλον.
1631 5309 1753 5365 ’Ότι
1810 5312 1959 5388 φθει-

302 5395 416 5459 ρῶν
449 5388 668 5467 ἄπειρόν
696 5415 748 5448 τι
798 5392 1017 5462 πλῆθος
1075 5399 1192 5456 τοῖς
1254 5393 1593 5470 Αὖγυπτίοις
1648 5395 1958 5471 ἐξήνθησεν,

300 5478 517 5544 ἔνδοθεν
560 5481 947 5560 ἀναδιδόμενον
1007 5485 1102 5541 καὶ
1161 5492 1341 5549 κακῶς
1391 5485 1702 5570 διαφθεῖρον
1759 5489 1958 5554 αὐτοὺς

300 5570 398 5622 καὶ
460 5573 559 5627 ὑπό
621 5572 864 5648 μηδενὸς
917 5572 1364 5652 διαφθειρόμενον
1444 5579 1756 5656 φαρμάκου.
1836 5582 1957 5640 Ὀτι

379 5700 428 5735 ³⁸
454 5704 615 5762 Deut.
649 5723 706 5774 ιι,
739 5710 793 5766 5.
873 5704 923 5740 ³⁹
950 5706 1117 5766 Deut.
1151 5721 1224 5774 iv,
1259 5705 1342 5760 12.

2075 4681 2133 4736 id
2166 4681 2227 4735 in
2249 4687 2466 4737 terram
2492 4681 2695 4752 abjicit
2724 4697 2792 4738 ac
2816 4679 3063 4752 pedibus
3108 4681 3317 4736 calcat.
3352 4681 3414 4735 Id
3449 4695 3584 4734 cum
3631 4680 3712 4732 vi-

2075 4771 2242 4828 deret
2272 4773 2322 4826 is
2353 4788 2527 4845 quem
2561 4772 2736 4844 paulo
2762 4779 2898 4830 ante
2919 4771 3175 4828 diximus
3198 4787 3496 4828 sacrarum
3541 4769 3717 4823 Litte-

2074 4878 2275 4918 rarum
2297 4862 2864 4934 magister,interﬁci
2885 4879 3134 4935 puerum
3158 4861 3334 4932 jubet
3363 4876 3376 4914 :
3411 4857 3522 4915 sed
3545 4857 3717 4912 Ther~

2075 4952 2298 5008 muthis
2329 4959 2598 5025 ereptum
2620 4954 2751 5010 neci
2785 4952 3094 5010 subtraxit.
3118 4951 3236 5005 lbis
3286 4952 3600 5004 mansueta
3628 4952 3719 5002 est

2076 5041 2592 5108 avis,solisinfesta
2612 5043 3085 5116 anguibus;quos
3115 5044 3172 5095 et
3198 5038 3429 5103 crebro,
3462 5035 3718 5111 amplius

2075 5136 2254 5192 etiam
2286 5137 2498 5199 cervis,
2527 5137 2684 5208 rapit
2718 5142 2894 5208 atque
2924 5139 3106 5190 vorat.
3141 5135 3354 5205 Ingens
3412 5129 3719 5202 pediculo-

2075 5241 2206 5280 rem
2262 5225 2355 5280 vis.
2397 5226 2694 5299 Egyptios
2750 5225 2982 5291 invasit,
3043 5239 3112 5278 ex
3167 5221 3312 5294 ipsis
3369 5220 3717 5293 corporibus

2073 5315 2616 5387 erumpentium.ac
2648 5315 2799 5370 male
2833 5331 2933 5371 eos
2961 5312 3571 5385 multantium,neque
3601 5310 3714 5367 ulli

2071 5405 2334 5460 remedio
2358 5405 2716 5461 cedentium.
2755 5404 2984 5459 Hebraei
3012 5421 3080 5459 ex
3103 5407 3344 5476 Egypto
3377 5403 3596 5476 egressi
3631 5407 3718 5456 te-

2071 5495 2269 5549 nuiter
2299 5511 2362 5549 se
2394 5502 2800 5550 sustentarunt
2821 5510 2927 5566 per
2956 5496 3023 5549 3O
3055 5493 3200 5554 dies.
3236 5501 3406 5567 pasta
3453 5493 3718 5549 subacta.

2069 5599 2249 5656 quam
2281 5599 2482 5640 secum
2517 5585 2870 5646 extulerant.
2898 5587 2964 5646 In
2991 5585 3163 5658 cujus
3190 5586 3454 5660 penuria:
3491 5597 3718 5640 memo-
