4148 6196
472 311 587 375 16⁵1

1848 299 2163 365 GEORGII
2204 301 2549 370 CEDREDI

3767 319 3884 381 168

472 447 751 504 introitus
781 445 845 502 in
874 448 1094 502 terram
1133 438 1510 514 promissam,
1569 436 2084 497 Tabernaculorun

2228 437 2419 515 τρίτην
2450 444 2774 520 συναγωγὴν
2810 437 2985 522 ἔργων
3039 451 3136 503 τοῦ
3187 447 3361 526 ἆγροῦ
3420 449 3726 509 συντελείας
3768 454 3883 512 ἀπὸ

467 537 781 596 collocatio
809 536 917 609 (sic
949 532 1125 589 tertia
1153 528 1507 604 appellatur)
1538 528 1668 585 vitm
1698 528 1762 585 in
1791 528 2077 586 solitudin

2226 526 2424 600 ἐξόδων
2459 530 2725 601 ἐνιαυτοῦ,
2758 534 3192 610 ἀναμιμνήσκων
3230 537 3427 602 αὐτοὺς
3486 537 3575 597 διὰ
3636 546 3734 599 τοῦ
3782 546 3882 619 μὶν

350 618 355 627 ’
465 638 527 693 in
558 632 958 692 tabernaculis
986 646 1093 703 per
1122 627 1515 701 quadraginta
1574 643 1768 684 annos
1824 626 2110 684 toleratae.

466 723 758 782 Mandavit
787 722 962 777 etiam
994 719 1143 779 haec.
1175 732 1372 773 coram
1400 718 1651 774 Domino
1702 717 1832 773 sine
1863 733 2113 773 munere

466 833 585 872 non
610 826 918 885 apparere,
944 807 1131 864 tribus
1163 807 1337 863 dictis
1366 807 1531 863 feriis
1587 822 1826 863 omnem
1882 822 2111 863 marem

461 919 662 960 coram
692 902 810 957 Deo
836 899 986 963 sisti,
1010 898 1373 954 fermentum
1397 896 1689 953 sacrificio
1722 895 1955 952 Domini
1986 913 2108 952 non

424 991 766 1051 -adhibere.
781 989 884 1045 sed
896 988 1351 1045 infermentatos
1363 1002 1567 1058 panes,
1583 986 1819 1058 adipem
1834 985 2108 1042 sacrificii

458 1099 580 1139 non
611 1080 951 1152 relinquere
982 1078 1045 1133 in
1074 1077 1233 1133 diem
1264 1075 1611 1142 crastinum,
1645 1074 1912 1132 omnium
1938 1080 2106 1130 terrm

456 1173 694 1245 frugum
712 1169 1005 1243 primitias
1026 1168 1086 1224 in
1110 1165 1330 1239 templo
1349 1166 1451 1221 Dei
1465 1165 1698 1224 offerre.
1715 1180 1837 1221 non
1848 1180 2105 1237 coquere

456 1277 676 1336 agnum
688 1260 749 1316 in
769 1259 922 1316 lacte
935 1256 1144 1314 matris
1155 1273 1298 1312 suae.
1317 1255 1429 1311 Has
1442 1254 1895 1311 constitutiones
1916 1255 2106 1310 Moses

456 1369 489 1409 a
512 1353 629 1408 Deo
640 1349 886 1406 veniens
897 1346 1117 1421 populo
1140 1344 1662 1418 exposuit,additis
1673 1343 1853 1400 etiam
1865 1343 2001 1400 aliis
2020 1343 2105 1399 di-

455 1444 605 1499 vinis
627 1437 1157 1498 exhortationibus.
1181 1436 1568 1509 Respondeas
1588 1440 1788 1491 autem
1812 1450 1935 1492 una
1961 1451 2101 1492 voce

453 1539 613 1589 totus
641 1530 897 1604 populus
926 1527 1203 1601 promisit
1230 1541 1294 1582 se
1332 1524 1612 1580 omnibus
1662 1524 1897 1580 Domini
1927 1523 2102 1580 dictis

451 1618 1013 1690 obtemperaturum.
1030 1617 1223 1690 Atque
1239 1612 1567 1669 omniaista
1579 1612 1914 1690 conscripta
1938 1616 2097 1690 sunt.

2229 620 2421 702 Πάσχα
2449 629 2551 694 τῆς
2580 621 2631 696 ἐξ
2664 623 2949 700 Αἰγύπτου
2989 623 3203 698 ἒξόδου,
3264 625 3355 684 διὰ
3407 626 3464 686 δὲ
3513 637 3617 702 τῆς
3669 636 3877 708 Πεντη-

2220 719 2421 781 κοστῆς
2450 715 2550 783 τῆς
2580 713 2658 777 εἷς
2688 716 2787 786 τὴν
2811 722 2916 794 γῆν
2943 722 3043 786 τῆς
3088 715 3425 794 ἐπαγγελίας
3484 717 3725 791 εἰσόδου,
3787 722 3878 782 διὰ

2221 794 2278 854 δὲ
2300 806 2399 870 τῆς
2433 804 2822 878 Σκηνοπηγίας
2852 812 2953 875 τῆς
2985 803 3037 861 ἐν
3089 810 3158 879 τῇ
3216 804 3413 883 ἐρήμῳ
3467 805 3764 887 διαγωγῆς·
3819 813 3875 871 ἰν

2219 895 2443 960 σκηναῖς
2543 893 2648 971 γάρ
2703 893 2975 958 οἰκοῦντες
3051 898 3450 971 τεσσαράκοντα
3566 896 3873 959 διετέλεσαν

2217 973 2335 1048 ἔτη.
2370 980 2463 1051 Μὴ
2497 980 2730 1059 ὀφθῆναι
2753 982 2903 1039 κενὸν
2960 982 3197 1041 ἐναντίον
3266 985 3483 1063 Κυρίου,
3515 989 3605 1044 καὶ
3638 996 3743 1046 πᾶν
3773 993 3873 1065 αρ-

2218 1070 2422 1127 σενικὸν
2475 1071 2793 1130 ὀπτάνεσθαι
2850 1072 3082 1132 ἕνώπιον
3121 1077 3322 1150 Κυρίου
3379 1079 3518 1134 κατᾶ
3577 1080 3675 1144 τὰς
3727 1089 3873 1156 τρεῖς

2215 1159 2407 1236 ἒοτρας
2445 1162 2660 1227 ταύτας.
2709 1164 2799 1234 Μὴ
2850 1164 2992 1229 θύειν
3045 1163 3134 1221 ἰπὶ
3195 1166 3340 1241 ζύμῃ
3389 1168 3533 1243 αἷμα
3560 1169 3868 1247 θυσιάσμαο

2186 1270 2307 1313 τος
2341 1251 2564 1325 Κυρίου,
2596 1250 2824 1310 ἂλλῚπ⁹
2855 1253 3103 1328 ἀζύμοις.
3160 1257 3253 1326 Μὴ
3318 1256 3496 1331 μένειν
3556 1254 3662 1322 ἕως
3713 1263 3876 1335 πρωΐ

2212 1338 2371 1414 στέαρ
2430 1346 2534 1410 τῆς
2589 1342 2806 1416 δορτῆς.
2860 1345 2964 1402 Καὶ
3016 1343 3114 1409 τὰς
3172 1344 3429 1422 ἀπαρχάς
3487 1351 3595 1403 τῶν
3628 1351 3868 1423 πρώτων

2212 1429 2563 1504 γεννημάτων
2592 1438 2694 1501 τῆς
2722 1439 2825 1507 γῆς
2885 1431 3117 1508 εἰσάγειν
3176 1433 3253 1497 εἷς
3296 1435 3389 1491 τὸν
3418 1435 3567 1493 οἶκον
3600 1441 3698 1494 τοῦ
3730 1445 3868 1497 Θεοῦ

2213 1518 2293 1599 ἐφ’
2319 1521 2505 1577 ἅπασι.
2540 1522 2631 1591 Mi;
2664 1519 2808 1599 ἕψειν
2836 1521 2967 1599 ἄρνα
3021 1522 3074 1579 ἐν
3128 1523 3362 1603 γάλακτι
3395 1527 3609 1604 μητρὸς
3666 1530 3861 1588 αὐτοῦ.

2209 1610 2393 1697 Ταῦτα
2420 1609 2488 1667 τὰ
2512 1607 2859 1697 δικαιώματα
2886 1617 2983 1670 τοῦ
3032 1618 3169 1697 θεοῦ
3201 1617 3444 1697 Μωυσῆς
3475 1616 3652 1683 ἐλθὼν
3682 1620 3864 1697 ἀπηγ-

447 1695 601 1773 γειλε
624 1688 709 1768 τῶ
749 1695 867 1767 λαῴ
898 1693 1032 1773 μετὰ
1062 1692 1153 1748 καὶ
1187 1689 1373 1747 ἃλλων
1399 1711 1559 1773 τινων
1591 1689 1750 1773 θείων
1782 1688 2163 1773 παραινέσεωνί
2199 1688 2303 1773 Καὶ
2333 1690 2599 1766 ἀπεκρίθη
2637 1698 2735 1773 μιᾷ
2766 1697 2923 1772 φωνῇ
2948 1698 3053 1757 πᾶς
3074 1695 3103 1751 ὁ
3126 1693 3283 1766 λαὸς,
3309 1697 3398 1753 καὶ
3422 1698 3559 1754 εἶπε·
3589 1722 3618 1752 ιι
3649 1688 3861 1765 Πάντας

447 1766 577 1839 τοὺς
607 1766 813 1854 λόγους
843 1766 1041 1849 κυρίου
1074 1774 1381 1847 ποιήσομεν
1406 1770 1499 1827 καὶ
1529 1766 1896 1845 ἀκουσόμεθα.
1929 1793 1958 1823 ››
1993 1770 2115 1841 Καὶ,
2144 1767 2351 1847 ἐγράφη
2393 1775 2560 1828 ταῦτα
2590 1766 2784 1831 πάντα.

520 1872 709 1926 Moses
772 1883 810 1924 a
866 1867 985 1922 Deo
1043 1863 1359 1937 splendore
1414 1862 1588 1919 faciei
1637 1866 1881 1919 ornatus
1907 1861 2096 1918 velato
2129 1863 2174 1928 Β

452 1959 615 2016 vultu
645 1974 753 2031 per
781 1973 970 2014 annos
1001 1954 1391 2028 quadraginta
1419 1969 1554 2010 cum
1598 1952 1818 2009 Iudaeis
1866 1957 1956 2009 est
2001 1952 2097 2009 lo-

434 2054 644 2115 rutus,
674 2051 1061 2120 conspectum
1092 2044 1264 2102 faciei
1290 2044 1422 2117 ejus
1451 2041 1942 2100 nonferentibus:
1961 2058 2097 2099 cum

448 2143 638 2195 autem
659 2135 735 2193 ad
751 2135 1070 2193 Dominum
1092 2133 1522 2207 ingrederetur,
1542 2133 1738 2190 velum
1759 2132 2101 2190 removebat

446 2245 480 2284 a
510 2228 660 2285 facie
689 2243 815 2283 sua.
852 2228 937 2282 Ita
965 2241 1108 2282 sane
1140 2224 1214 2280 iis
1246 2223 1347 2296 qui
1378 2224 1575 2280 carnis
1601 2223 1821 2280 dictata
1846 2239 2097 2296 sequen-

447 2324 535 2375 tes
566 2317 756 2390 legem
786 2315 1012 2386 legunt.
1033 2314 1229 2371 velum
1250 2313 1523 2370 obdurati
1545 2312 1731 2370 animi
1760 2312 2094 2382 obducitur,

442 2424 518 2464 ne
537 2406 785 2481 gloriam
800 2404 1017 2463 Christi
1039 2403 1273 2477 possint
1287 2404 1745 2476 cognoscere.At
1766 2403 1867 2476 qui
1882 2403 2096 2477 spiritu

450 2500 490 2553 ἰ
505 2497 606 2553 88
627 2495 776 2552 duce
798 2495 1042 2561 intrant,
1070 2493 1145 2550 iis
1170 2493 1363 2550 velum
1390 2492 1778 2567 ignorationis
1806 2493 2092 2551 aufertur.

450 2587 741 2644 Caeterum
770 2586 960 2641 Moses
976 2584 1036 2639 in
1049 2582 1316 2640 Thabore
1338 2587 1542 2640 monte
1567 2598 1776 2639 revera
1797 2582 2093 2655 posticum

449 2675 551 2732 Dei
578 2674 743 2740 vidit,
784 2690 999 2747 nempe
1056 2672 1530 2729 incarnationem
1586 2672 1907 2746 Unigeniti,
1957 2689 2093 2730 cum

445 2765 508 2820 in
542 2781 680 2821 saxo
712 2763 943 2836 positus
983 2778 1173 2834 eoque
1222 2766 1434 2831 tectus,
1493 2760 1779 2818 nimirum
1835 2762 2089 2829 Christo,

443 2853 746 2926 prmterire
777 2868 914 2909 cum
945 2850 1259 2923 majestate
1288 2866 1411 2907 non
1450 2848 1680 2906 nudum
1737 2849 1842 2907 sed
1899 2851 2090 2909 incar-

442 2951 648 3001 natum
678 2942 824 2999 vidit
848 2943 1055 2998 Deum.

511 3034 726 3090 Primae
759 3030 977 3088 tabulas
1006 3046 1190 3086 manu
1220 3029 1323 3085 Dei
1351 3029 1561 3086 excisa
1590 3028 1834 3087 fuerunt
1882 3035 1943 3086 et
1996 3030 2086 3088 in-

439 3124 674 3196 scriptas
699 3140 714 3190 ;
744 3121 1227 3195 permissumque
1250 3125 1341 3176 est
1361 3124 1429 3176 ut
1445 3136 1529 3175 ea:
1550 3119 2082 3193 confringerentur.

2273 1861 2398 1918 Ὅτι
2425 1867 2669 1932 Μωϋσῆς
2694 1856 2881 1921 λαϐὼν
2943 1866 3089 1940 παρὰ
3119 1870 3255 1923 Θεοῦ
3286 1862 3467 1939 δόξαν,
3498 1867 3552 1923 ἐν
3571 1873 3650 1942 τῷ
3679 1890 3859 1946 προσ-

2199 1947 2337 2035 time:
2407 1947 2677 2026 κάλυμμα
2759 1953 2928 2016 τιθεὶς
2982 1952 3071 2010 ἐπὶ
3145 1955 3548 2031 τεσσαράκοντα
3629 1958 3862 2035 χρόνοις

2199 2034 2472 2115 διελέγετο
2500 2045 2618 2103 τοῖς
2677 2038 2986 2106 Ἰουδαίοις·
3021 2043 3085 2101 ού
3133 2045 3240 2121 γὰρ
3293 2043 3561 2117 ἠδύναντο
3589 2034 3856 2119 ἀτενίζειν

2199 2126 2276 2190 είς
2306 2123 2485 2184 αὐτόν.
2522 2127 2806 2194 Εἶσιόντος
2856 2127 2914 2187 δὶ
2964 2132 3103 2209 πρὸς
3160 2133 3362 2211 Κύριον
3417 2143 3737 2213 περιῃρεῖτο
3789 2139 3857 2195 τὸ

2197 2215 2487 2292 κάλυμμα,
2516 2218 2700 2294 ὥσπερ
2754 2220 2845 2276 καὶ
2904 2226 3024 2286 τοῖς
3077 2224 3216 2281 κατᾶ
3272 2225 3445 2300 σάρκα
3501 2227 3599 2300 μὶν
3635 2228 3732 2283 τὸν
3761 2227 3858 2285 νό-

2204 2327 2306 2380 μον
2361 2306 2796 2383 ἀναγικώσκουσι
2849 2308 3123 2386 κάλυμμα
3202 2314 3517 2390 πωρώσεως
3585 2314 3853 2375 ἐπίκειται

2198 2401 2294 2453 τοῦ
2329 2400 2404 2473 μή
2438 2397 2733 2475 ἐπιγνῶναι
2759 2403 2859 2471 τήν
2883 2398 3041 2475 δόξαν
3079 2406 3175 2459 τοῦ
3213 2407 3475 2479 Χριστοῦ,
3503 2412 3621 2471 τοῖς
3671 2404 3729 2464 δὶ
3757 2406 3854 2466 διὰ

2198 2492 2296 2545 τοῦ
2352 2489 2663 2563 πνεύματος
2712 2490 2942 2547 ετσιοῦσι
2999 2495 3081 2568 [Ρ.
3140 2495 3232 2570 ⁸77]
3285 2494 3351 2551 τὸ
3422 2494 3691 2571 κάλυμμα
3744 2504 3850 2567 τῆς

2197 2577 2417 2654 ἀγνοίας
2447 2578 2775 2660 ἀφαιρεῖται.
2807 2579 3064 2653 Ἀληθῶς
3092 2579 3151 2640 δὲ
3176 2584 3246 2639 τά
3291 2584 3513 2642 ὀπίσθια
3550 2590 3649 2643 τοῦ
3687 2591 3851 2659 Θεοῦ,

2192 2668 2297 2737 τήν
2323 2667 2593 2746 σάρκωσιν
2622 2674 2720 2727 τοῦ
2751 2672 3116 2748 Μονογενοῦς,
3144 2672 3232 2729 ἰπὶ
3263 2677 3362 2730 τοῦ
3398 2670 3684 2751 Θαϐωρίου
3736 2676 3851 2734 εἶδε

2195 2758 2439 2829 Μωυσῆς
2473 2759 2548 2822 ὡς
2577 2758 2665 2816 ἐπὶ
2685 2759 2856 2837 πέτρᾳ
2883 2762 3153 2824 τεθεῖςκαὶ
3184 2763 3846 2841 σκεπασθεὶςτῷΧριστῷ·

2193 2847 2609 2923 παρερχόμενον
2663 2845 2723 2905 δὶ
2776 2848 2830 2904 ἐν
2909 2846 3038 2926 δόξῃ
3097 2848 3237 2908 εἶδεν
3286 2851 3350 2909 ού
3422 2854 3646 2930 γυμνὸν,
3695 2852 3848 2912 ἀλλὰ

2193 2934 2602 3012 σεσαρκωμένον
2621 2938 2770 2996 Θεόν.

2260 3026 2384 3084 Ὅτι
2413 3026 2467 3082 αἱ
2493 3027 2591 3102 μὲν
2621 3032 2831 3102 πρῶται
2858 3028 3066 3095 πλάκες
3096 3031 3247 3111 χειρῖ
3304 3035 3440 3089 Θεοῦ
3497 3030 3850 3105 λελάξευνται

2189 3112 2279 3170 καί
2308 3116 2665 3197 γεγράφαται,
2723 3116 2780 3173 α⁹ί
2839 3114 3187 3196 συντριϐῆναι
3230 3122 3705 3198 συγκεχώρηνται,
3757 3123 3845 3179 δτι

438 3216 618 3271 Erant
646 3213 804 3269 enim
838 3219 1013 3285 typus
1043 3212 1250 3284 primae
1278 3226 1346 3266 ac
1374 3208 1652 3266 litteralis
1708 3210 1876 3284 legis,
1908 3212 2080 3270 sicuti

2195 3204 2364 3269 τύπος
2391 3207 2529 3275 ἦσαν
2559 3204 2719 3264 αὗται
2748 3211 2846 3263 τοῦ
2872 3209 3098 3284 πρώτου
3128 3210 3220 3267 καὶ
3250 3211 3389 3267 κατᾶ
3415 3211 3478 3267 τὸ
3505 3211 3736 3288 γράμμα
3752 3211 3846 3269 νό-

434 3302 797 3376 posteriores
827 3318 975 3374 quas
1014 3302 1203 3356 Moses
1251 3298 1471 3355 excidit
1524 3304 1701 3372 atque
1758 3300 2080 3373 inscripsit,

433 3391 817 3447 manifestum
848 3394 1018 3445 erant
1044 3387 1379 3461 exemplum
1409 3389 1755 3460 posterioris
1809 3406 1879 3447 ac
1908 3391 2082 3462 spiri-

432 3481 610 3537 tualis
632 3480 785 3554 legis
840 3480 1002 3536 Sicut
1030 3485 1088 3536 et
1118 3479 1281 3553 prior
1336 3478 1616 3552 populus,
1668 3481 1771 3553 qui
1828 3481 2078 3538 vitulum

429 3569 730 3635 conﬂavit,
761 3569 937 3642 primi
967 3569 1173 3627 lsraeli
1205 3568 1453 3642 figuram
1475 3569 1719 3643 gerebat
1749 3585 1763 3627 :
1796 3570 1997 3642 itaque
2028 3571 2078 3627 is

426 3661 519 3718 ira
571 3660 675 3718 Dei
733 3675 856 3717 una
909 3675 1046 3715 cum
1102 3658 1350 3730 antiqua
1404 3658 1533 3733 lege
1573 3658 1830 3715 abolitus
1861 3665 1971 3716 est.
2004 3663 2079 3717 At

426 3749 683 3823 populus
712 3748 1006 3822 posterior
1034 3764 1252 3804 novum
1272 3764 1342 3805 ac
1365 3747 1765 3805 Christianum
1786 3749 2075 3807 lsraelum

425 3839 755 3913 designavit
784 3856 798 3894 :
832 3839 1032 3911 itaque
1055 3845 1113 3895 et
1141 3854 1177 3895 a
1204 3838 1360 3894 Mose
1389 3836 1559 3895 faciei
1589 3837 1906 3912 splendore
1935 3839 2072 3896 illu-

422 3935 606 3986 strato
637 3928 893 4002 populus
910 3928 1272 4001 posteriores
1292 3934 1634 3986 reverenter
1659 3930 1889 4002 accepit
1911 3930 2074 3988 tabu-

417 4018 528 4087 las,
561 4034 783 4091 easque
809 4019 873 4076 in
902 4033 1039 4075 arca
1063 4017 1303 4076 fcederis
1332 4018 1624 4091 repositas
1654 4020 1914 4093 integras
1934 4037 2071 4078 con-

423 4113 806 4251 “gemens
837 4194 900 4249 in
930 4193 1058 4264 lege
1088 4192 1165 4251 ad
1197 4193 1490 4251 sacrificia
1523 4193 1716 4251 solida
1757 4200 1935 4268 atque
1993 4197 2069 4254 ad

418 4282 532 4341 alia
562 4282 855 4338 sacriﬁcia
886 4286 1116 4337 tantum
1146 4281 1275 4350 bos,
1323 4281 1449 4338 ovis
1505 4287 1565 4339 et
1614 4282 1821 4340 hmdus
1850 4284 2067 4342 admit-

421 4373 645 4439 tuntur,
677 4374 746 4425 ut
772 4369 1057 4425 animalia
1086 4375 1419 4439 mansueta,
1448 4386 1596 4443 pura
1617 4376 1675 4426 et
1698 4373 2064 4431 ovesChristi

419 4458 928 4530 reprmsentantia.
960 4459 1045 4515 Ex
1073 4458 1412 4516 volucribus
1468 4465 1701 4518 tantum
1758 4468 1953 4520 turtur
2006 4470 2068 4521 et

415 4546 696 4605 columba
723 4547 798 4604 ad
828 4548 1186 4605 sacriﬁcium
1235 4553 1294 4605 et
1348 4548 1799 4609 holocaustoma
1851 4552 2063 4610 admit-

414 4642 642 4706 tuntur,
670 4637 927 4694 alterum
955 4643 1024 4694 ut
1050 4637 1340 4694 castitatis
1367 4655 1437 4696 ac
1467 4640 1707 4714 quietis,
1729 4641 1979 4699 alterum
1997 4651 2060 4701 ut

2196 3315 2325 3367 μου,
2358 3292 2541 3368 ὣσπερ
2572 3296 2628 3352 αἱ
2659 3292 2905 3373 δεύτεραι
2929 3297 2991 3362 ἃς
3019 3300 3264 3366 Μωυσῆς
3283 3298 3534 3371 ἐλάεευσε
3560 3300 3649 3357 καὶ
3679 3295 3848 3377 ἔργα-

2186 3386 2275 3458 ψε,
2301 3383 2473 3450 τύπος
2500 3385 2634 3454 ἦσαν
2663 3388 2838 3464 σαφής
2900 3391 2999 3443 τοῦ
3038 3385 3291 3465 δευτὲρου
3338 3389 3431 3445 καὶ
3461 3391 3599 3446 κατᾶ
3624 3394 3844 3465 πνεῦμα

2182 3472 2375 3548 νόμου.
2404 3475 2607 3550 ’Ὠσπερ
2649 3474 2741 3531 καὶ
2774 3472 2909 3539 λαὸς
2964 3477 2994 3533 ὁ
3051 3481 3273 3551 πρῶτος
3321 3480 3351 3535 ὁ
3413 3482 3841 3559 μοσχοποιήσας

2182 3563 2274 3620 τὸν
2295 3567 2511 3639 πρῶτον
2540 3563 2740 3621 ὶτύπου
2768 3564 3021 3641 Ἰσραὴλ,
3050 3563 3137 3623 διὸ
3165 3568 3258 3624 καὶ
3289 3567 3343 3625 ἂν
3375 3568 3519 3645 ὀργῇ
3551 3567 3685 3625 Θεοῦ
3738 3570 3835 3626 καῖ

2181 3651 2344 3715 αὐτὸς
2399 3651 2489 3707 καὶ
2539 3653 2568 3709 ὁ
2621 3653 2757 3729 πρὸς
2815 3653 2976 3710 αὑτὸν
3033 3653 3271 3719 παλαιὸς
3331 3654 3680 3729 διεσκεδάσθη
3736 3653 3832 3712 v6-

2184 3761 2306 3815 μος.
2329 3742 2387 3797 Ὀ
2418 3739 2549 3804 λαὸς
2579 3738 2639 3798 δὶ
2667 3742 2697 3797 ὁ
2729 3739 2980 3818 δεύτερος
3001 3743 3093 3800 τὸν
3119 3744 3236 3801 νέον
3269 3746 3360 3801 καὶ
3407 3746 3547 3803 κατᾶ
3598 3746 3834 3823 Χριστὸν

2177 3829 2437 3901 εἰκόνιζεν
2485 3828 2734 3908 Ἰσραήλ,
2813 3829 2901 3889 διὸ
2954 3834 3046 3889 καὶ
3101 3832 3153 3891 ἑν
3217 3832 3347 3910 δόξῃ
3405 3838 3503 3891 τοῦ
3530 3836 3834 3911 προσώπου

2178 3920 2460 3983 Μωϋσὲως
2489 3919 2584 3984 τὰς
2616 3917 2870 3997 δευτὲρας
2898 3917 3151 3987 εὐλαϐῶς
3210 3921 3534 3981 ὑπεδέδεκτο
3589 3921 3834 3994 πλάκας,

2173 4008 2264 4065 καὶ
2299 4009 2499 4072 ταύτας
2530 4009 2836 4088 ἀφθάρτους
2864 4010 2918 4067 ἐν
2940 4016 3010 4087 τῇ
3037 4015 3136 4068 τοῦ
3164 4013 3466 4089 μαρτυρίου
3494 4012 3837 4088 ἀποθέμενος

2172 4096 2403 4176 ἐφύλαξε
2431 4094 2675 4172 κιϐωτῷ.

2241 4189 2367 4248 Ὅτι
2396 4187 2505 4244 ἀπὸ
2527 4190 2623 4262 μὶν
2648 4194 2756 4246 τῶν
2784 4193 3001 4261 κτηνῶν
3035 4192 3064 4246 ὁ
3094 4192 3252 4267 βοῦς,
3282 4193 3375 4250 καὶ
3404 4194 3469 4250 τὸ
3517 4189 3825 4271 πρόϐατον,

2170 4276 2344 4334 καὶτὸ
2371 4274 2634 4352 αίγίδιον,
2692 4279 2769 4343 ὡς
2822 4277 3007 4355 ἥμερα
3061 4281 3154 4337 καὶ
3209 4285 3439 4357 καθαρὰ,
3496 4284 3588 4340 καὶ
3638 4284 3822 4341 εἰκόνα

2168 4372 2279 4425 τῶν
2309 4371 2409 4424 τοῦ
2438 4370 2677 4443 Χριστοῦ
2707 4373 2986 4428 τυποῦντα
3005 4366 3152 4446 προὸ
3164 4372 3323 4443 ίτων,
3356 4371 3435 4438 είς
3490 4374 3674 4438 θυσίαν
3726 4374 3825 4430 καὶ

2169 4455 2545 4514 ὁλοκαύτωσιν
2576 4462 2656 4532 τῷ
2672 4458 2829 4534 νόμῳ
2856 4459 3362 4537 παρείληπται,άπὸ
3395 4460 3454 4521 δὶ
3473 4469 3579 4520 τῶν
3603 4466 3828 4536 πτηνῶν

2175 4546 2314 4621 μόνα
2340 4544 2560 4623 τρυγὼν
2596 4548 2683 4603 καὶ
2717 4551 3031 4626 περιστερὰ,
3065 4550 3126 4606 τὸ
3159 4551 3257 4626 μὶν
3284 4551 3363 4617 ὡς
3424 4550 3688 4630 φίλαγνον
3729 4555 3829 4610 καὶ

2168 4636 2508 4716 φιλήσυχον,
2537 4637 2603 4692 τὸ
2630 4633 2690 4695 δὲ
2719 4636 2796 4701 ὠς
2852 4636 3214 4719 φιλάλληλον
3272 4642 3361 4697 καὶ
3406 4641 3826 4721 φιλάνθρωπον,

354 4746 364 4759 λ
411 4727 503 4786 sui
560 4727 856 4803 comparis
914 4733 973 4784 et
1028 4727 1339 4787 hominum
1376 4744 1608 4800 amans,
1637 4736 1963 4804 utrumque
1992 4738 2058 4790 ut

2195 4723 2248 4780 αἱ
2277 4723 2444 4800 ape...
2470 4723 2545 4786 ὡς
2575 4724 2784 4800 καθαρᾶ
2833 4725 2924 4782 καὶ
2973 4727 3200 4800 ἀκέραια
3248 4729 3342 4785 καὶ
3385 4730 3560 4805 ἁγίων
3617 4734 3821 4805 ψυχῶν

409 4833 626 4890 purum
659 4823 718 4874 et
744 4817 1149 4890 impollutum,
1181 4833 1253 4876 ac
1280 4819 1677 4892 proprietates
1722 4827 2062 4881 sanctarum

410 4908 747 4963 animarum
780 4906 889 4963 sub
920 4906 1181 4981 imagine
1212 4907 1499 4968 referens.

479 4999 520 5053 ‘I
532 4998 628 5054 87
645 4999 802 5055 Mare
812 4997 1076 5056 Rubrum
1087 4998 1188 5056 alii
1204 4998 1266 5054 in
1277 4996 1593 5056 duodecim
1604 5006 1803 5072 partes
1818 5001 2058 5063 divisum

407 5086 591 5143 fuisse
624 5087 889 5156 tradunt,
919 5087 1073 5145 sicut
1102 5093 1162 5145 et
1195 5104 1445 5162 magnus
1475 5088 1578 5146 ille
1605 5089 2061 5164 Chrysostomus

406 5173 592 5230 cuivis
620 5176 800 5233 tribui
829 5177 915 5234 ait
942 5176 1309 5250 peculiarem
1362 5177 1681 5235 transitum
1718 5179 2056 5252 prmbitum.

405 5260 516 5318 Alii
545 5279 729 5321 unam
761 5272 993 5322 tantum
1024 5267 1155 5340 ejus
1213 5266 1520 5325 fissionem
1574 5276 1929 5342 agnoscunt,
1989 5289 2059 5330 eo

406 5349 565 5420 quod
618 5353 807 5411 Moses
837 5355 1082 5412 unicum
1111 5355 1297 5413 ictum
1353 5356 1504 5413 mari
1562 5356 1813 5415 dederit.
1869 5361 2058 5420 Israe-

403 5437 528 5496 litis
557 5439 629 5497 de
663 5444 808 5499 mari
842 5444 1095 5517 egressis
1126 5461 1289 5501 mare
1319 5462 1454 5505 cum
1485 5446 1713 5520 impetu
1741 5449 1801 5507 in
1825 5450 2056 5510 alveum

404 5527 646 5590 rediens
674 5533 974 5608 Egyptios
1011 5540 1255 5594 necatos
1303 5534 1451 5608 ipsis
1497 5536 1749 5610 obtulit;
1801 5558 2056 5614 quorum

411 5617 717 5693 scaevam,
749 5618 1002 5699 spoliata
1036 5622 1227 5700 prius,
1284 5624 1605 5687 acervatim
1659 5643 2057 5709 congessere;

2174 4810 2451 4885 ἰδιότητας
2474 4813 2977 4890 χαρακτηρίζοντα,
2997 4815 3076 4878 εἷς
3108 4815 3293 4873 θυσίαν
3322 4818 3414 4875 καὶ
3445 4818 3823 4877 ὁλοκαύτωσιν

2169 4907 2250 4978 τῷ
2276 4901 2435 4977 νόμῳ
2460 4900 2756 4976 ἐξείλεκται
2784 4904 2875 4959 καὶ
2900 4902 3297 4980 παρείληπται.

2240 4993 2366 5050 "Ott
2392 4992 2492 5062 τὴν
2518 4992 2782 5067 Ἐρυθρὰν
2832 4993 2885 5048 οἱ
2945 4994 3041 5067 μὶν
3099 4995 3177 5059 εἷς
3232 4993 3446 5055 δώδεκα
3496 4998 3672 5072 τομὰς
3731 4997 3824 5056 λι.

2169 5102 2326 5157 γουσι
2385 5086 2644 5151 κοπῆναι,
2700 5082 2883 5146 καθὼς
2939 5083 3029 5139 καὶ
3089 5085 3119 5142 ὁ
3177 5085 3345 5162 μέγας
3428 5083 3823 5164 Χρυαόστομος

2169 5172 2366 5246 ἑκάστῃ
2398 5168 2546 5248 φυλῇ
2578 5167 2728 5247 λέγει
2759 5167 2941 5226 δίοδον
2970 5169 3111 5230 ἰδίαν
3175 5177 3583 5252 παρεχομένην,
3650 5177 3701 5234 οἱ
3757 5174 3822 5236 δὶ

2167 5260 2245 5324 είς
2279 5260 2433 5335 μίαν,
2462 5256 2553 5315 διὰ
2579 5259 2643 5315 τὸ
2667 5259 2795 5333 μίαν
2822 5258 3047 5336 πληγὴν
3075 5263 3168 5321 τὸν
3200 5265 3445 5332 Μωϋσῆν
3464 5271 3535 5343 τῇ
3564 5265 3814 5343 θαλάσσῃ

2167 5347 2479 5408 δεδωκέναι.
2526 5350 2652 5404 Ὅτι
2680 5352 2790 5405 τῶν
2814 5349 3171 5426 Ἰσραηλιτῶν
3221 5361 3323 5426 τῆς
3355 5353 3634 5427 θαλάσσης
3665 5353 3820 5428 ἐξελ-

2166 5440 2370 5494 θόντων
2442 5434 2572 5499 τοὺς
2648 5434 2977 5515 Αἰγυπτίους
3045 5443 3082 5513 ἡ
3176 5441 3420 5502 θάλασσα
3506 5440 3823 5520 ἐκϐράσασα

2163 5526 2387 5606 νεκροὺς
2443 5527 2634 5590 αὐτοῖς
2688 5525 3081 5603 παραδίδωσιν·
3121 5533 3215 5596 οῦς
3268 5532 3361 5590 καὶ
3419 5532 3816 5602 σκυλεύσαντες

2168 5617 2394 5698 βουνοὺς
2423 5616 2813 5691 πεποιήκασιν,
2840 5619 2931 5677 καὶ
2956 5622 2994 5692 ἡ
3034 5627 3104 5699 γῆ
3135 5623 3347 5704 χάνασα
3394 5624 3623 5688 τούτους
3678 5646 3816 5685 κατι
