4148 6196
445 404 559 469 1⁸11

512 538 809 595 Hactenus
863 535 1124 608 quinque
1180 532 1354 588 Mosis
1408 530 1549 586 libri
1604 526 2084 600 complectuntur
2110 528 2164 594 Α

440 629 749 684 historiam
779 632 955 697 atque
984 641 1078 678 res
1115 627 1310 696 gestas
1363 621 1437 678 ab
1494 620 1719 677 Adamo
1778 625 1870 676 ter
1919 617 2086 676 mille

440 718 914 791 octingentorum
946 714 1253 786 sexaginta
1281 718 1512 784 septem
1541 727 1858 768 annorum.

508 805 574 859 In
605 803 785 859 divini
817 801 1081 872 mysterii
1115 800 1538 869 celebratione,
1569 799 1712 856 urbs
1754 804 1959 854 sancta
2011 794 2084 853 de

433 909 584 948 novo
614 906 769 964 pane
801 894 1073 947 sanctum
1104 890 1324 961 pascha
1353 891 1546 946 oﬂ'ert.

504 1055 569 1109 In
593 1058 795 1109 monte
823 1051 983 1108 Sinai
1008 1052 1196 1108 Moses
1208 1057 1343 1107 ante
1358 1050 1564 1107 oculos
1584 1049 2085 1106 vidituniversum

432 1160 584 1200 arcae
615 1148 988 1215 apparatum,
1019 1143 1304 1198 amictum
1321 1140 1644 1214 pontificis,
1675 1148 1852 1212 atqw
1882 1137 2087 1195 omnia

433 1231 506 1288 ad
526 1248 664 1289 eum
685 1232 1066 1304 pertinentia,
1092 1231 1517 1297 ﬁbulamJBD
1542 1229 1822 1286 tabellam
1836 1227 2082 1298 oraculi,

436 1337 567 1393 quea
584 1320 881 1395 pendebat
892 1319 966 1377 ad
980 1326 1185 1392 pectus
1198 1319 1497 1391 pontiﬁcis
1510 1319 1752 1375 maximi
1771 1317 2086 1378 duodecim

433 1418 643 1469 ornata
672 1411 943 1484 gemmis,
977 1426 1231 1481 quarum
1271 1409 1499 1486 fulgore
1558 1407 1701 1480 quid
1759 1406 2084 1479 expediret,

432 1500 849 1558 obscuratione
879 1498 1024 1571 quid
1050 1498 1267 1555 damno
1298 1498 1451 1553 foret
1496 1495 1960 1569 significabatur.
1996 1495 2082 1550 Ad

436 1606 640 1646 eorum
668 1588 1061 1645 imitationem
1091 1587 1350 1643 confecit
1377 1602 1577 1642 arcam
1607 1602 1743 1641 cum
1767 1584 1932 1640 omni
1992 1583 2085 1639 in-

437 1685 791 1735 strumento.
823 1679 983 1736 Tunc
1014 1683 1073 1732 et
1102 1677 1331 1749 priores
1349 1675 1578 1747 accepit
1598 1673 1851 1740 tabulas,
1874 1673 2087 1729 Deum-

438 1788 553 1842 que
581 1769 805 1827 audivit
832 1786 938 1842 per
965 1770 1117 1824 iram
1148 1769 1276 1823 hinc
1304 1767 1638 1824 dicentem:
1661 1789 1689 1818 «
1715 1766 1996 1823 Permitte
2018 1770 2087 1821 ut

433 1876 536 1915 eos
566 1859 819 1925 deleam,
853 1864 1029 1929 atque
1061 1874 1131 1913 ex
1170 1864 1226 1912 te
1257 1856 1473 1913 deinde
1509 1861 1750 1928 gentem
1807 1870 2085 1926 magnam

430 1956 610 2021 atque
640 1953 943 2021 potentem
968 1962 1287 2020 propagem
1320 1946 1388 2000 ⁸⁸.
1418 1968 1438 1994 ι
1472 1945 1586 2001 Sed
1612 1944 1805 2000 Moses
1836 1944 1961 1999 suis
1981 1943 2081 1999 de-

1798 391 2115 456 GEORGII
2158 390 2504 452 CEDBENI

3736 392 3855 453 173

2262 523 2408 588 Ἕως
2437 519 2544 579 ὧδε
2574 525 2609 594 ἡ
2666 517 3035 588 πεντάὸιϐλος
3085 522 3329 600 περιέχει
3380 523 3625 598 ἱστορίαν
3656 544 3716 579 τε
3748 520 3840 578 καὶ

2188 616 2378 688 πρᾶξιν
2407 612 2514 670 ἀπὸ
2545 616 2641 670 τοῦ
2694 610 2880 688 ’Δδᾶμ
2933 612 3067 670 ἐτῶν
3123 611 3453 690 τρισχιλίων
3504 613 3847 671 ὀκτακοσίων

2189 702 2614 774 δξηκονταεπτά.

2258 791 2381 847 Ὀτι
2438 788 2546 845 ἀπὸ
2597 793 2697 846 τοῦ
2750 789 2873 846 νέου
2926 789 3079 847 σίτου
3131 789 3391 870 προφέρει
3423 793 3458 860 ἡ
3494 791 3625 867 ἁγία
3670 789 3839 854 πόλις

2187 879 2252 934 τὸ
2281 876 2433 952 ’ὰγιον
2485 877 2699 954 Πάσχα,
2756 880 2856 949 τήν
2912 879 3226 956 προσφορὰν
3281 877 3335 935 ἐν
3389 884 3459 955 τῇ
3509 879 3626 952 θείᾳ
3671 901 3853 953 μυστ-

2190 966 2425 1043 αγωγίᾳ.

2257 1056 2383 1116 Ὅτι
2435 1059 2538 1128 τήν
2587 1058 2922 1128 κατασκευὴν
2974 1063 3076 1128 τῆς
3122 1052 3364 1114 κιϐωτοῦ
3412 1063 3584 1114 πᾶσαν
3624 1059 3717 1114 καὶ
3747 1061 3852 1130 τὴν

2190 1144 2395 1215 στολὴν
2419 1148 2517 1201 τοῦ
2573 1145 2762 1221 ἱερέως
2804 1146 2893 1202 καὶ
2938 1150 3047 1202 τῶν
3093 1144 3147 1202 ἂν
3196 1146 3336 1221 αὐτῇ
3387 1147 3625 1216 πάντων,
3654 1154 3758 1217 τῆς
3788 1168 3852 1204 τε

2188 1235 2434 1310 πόρπης,
2463 1236 2581 1304 ἣτις
2611 1234 2721 1291 ἐστὶ
2768 1230 2939 1312 φίὸλα
2987 1237 3023 1306 ἢ
3080 1236 3307 1312 περόνη,
3337 1236 3431 1291 καὶ
3467 1240 3566 1291 τοῦ
3597 1234 3845 1312 λογείου,

2192 1323 2326 1400 ὅπερ
2364 1322 2538 1380 ἔκειτο
2568 1321 2656 1381 ἐπὶ
2686 1328 2785 1380 τοῦ
2842 1327 3075 1396 στήθους
3118 1328 3221 1380 τοῦ
3278 1324 3578 1402 ἀρχιερέως
3611 1322 3703 1381 διὰ
3733 1322 3852 1381 δώ-

2192 1410 2319 1468 δεκα
2350 1409 2546 1482 λίθων,
2573 1411 2946 1488 σημαινόντων
2983 1410 3073 1469 διὰ
3124 1414 3219 1487 μὲν
3263 1420 3364 1484 τῆς
3409 1413 3584 1489 αὐγῆς
3610 1413 3678 1469 τὰ
3702 1432 3850 1491 χρη-

2192 1501 2315 1571 στὰ,
2345 1497 2435 1556 διὰ
2460 1497 2519 1556 δὲ
2545 1507 2646 1571 τῆς
2674 1501 3093 1563 ἑπισκυτώσεως
3149 1502 3217 1556 τὰ
3273 1498 3444 1575 δεινὰ,
3503 1501 3581 1565 είς
3619 1501 3684 1558 τὸ
3713 1506 3854 1558 Σινᾶ

2192 1588 2320 1664 ὅρος
2388 1588 2829 1671 ὀφθαλμοφανῶς
2894 1590 3149 1647 ἐθεάσατο
3213 1596 3482 1661 Μωϋσῆς,
3554 1590 3646 1646 καὶ
3710 1590 3851 1646 κατά

2191 1682 2358 1735 ταῦτα
2387 1675 2744 1753 ᾠκοδόμησεν
2773 1681 2875 1749 τήν
2923 1675 3163 1736 κιϐωτὸν
3215 1679 3304 1736 καί
3336 1680 3404 1736 τὰ
3434 1678 3486 1735 ἐν
3515 1679 3670 1754 αὐτῇ.
3707 1678 3848 1737 Τότε

2191 1768 2414 1832 καὶτὰς
2467 1767 2683 1831 πλάκας
2737 1770 2835 1832 τὰς
2891 1769 3111 1844 πρώτας
3169 1765 3357 1840 ἔλαϐε,
3413 1769 3506 1825 καὶ
3560 1772 3658 1826 τοῦ
3706 1772 3845 1825 Θεοῦ

2192 1858 2418 1930 ἤκουσεν
2452 1858 2810 1936 ὀργιζομένου
2836 1859 2928 1916 καὶ
2959 1860 3236 1937 λέγοντος.
3270 1885 3299 1912 ι(
3332 1860 3530 1917 Ἕασόν
3562 1880 3630 1934 με
3653 1858 3844 1931 ἐκτρῖ-

2190 1952 2287 2024 ψαι
2314 1949 2528 2023 αὐτοὺς,
2559 1951 2649 2007 καὶ
2696 1953 2916 2023 ποιήσω
2965 1972 3022 2007 σε
3068 1951 3146 2013 εἷς
3195 1946 3344 2014 ἔθνος
3375 1951 3514 2029 μέγα
3552 1950 3642 2006 καὶ
3678 1950 3845 2030 ἰσχυ-

429 2036 875 2111 precationibus
906 2038 1057 2092 iram
1097 2036 1195 2091 Dei
1254 2034 1446 2090 leniit.
1479 2034 1624 2091 Cum
1681 2049 1715 2089 a
1746 2037 1947 2088 monte
1978 2031 2076 2087 de-

2192 2039 2308 2114 ρόν.
2345 2063 2374 2092 ››
2404 2038 2578 2103 Αὐτὸς
2609 2038 2667 2097 δὶ
2698 2038 2910 2112 δεηθεὶς
2939 2038 3228 2111 ἰξελάσατο
3249 2040 3342 2097 τὸν
3365 2041 3519 2113 Θεὸν,
3540 2038 3630 2095 καὶ
3650 2050 3849 2096 κατελ-

430 2126 784 2195 scendisset,
806 2124 1060 2181 vitulum
1075 2123 1209 2196 igne
1223 2121 1551 2179 combussit
1570 2121 1748 2192 inque
1777 2119 2076 2192 pulverem

2192 2128 2296 2183 θὼν
2354 2130 2447 2185 τὸν
2510 2129 2606 2203 μὶν
2688 2125 2897 2206 μόσχον
2957 2129 3251 2186 κατέκαυσε
3332 2130 3488 2205 πυρὶ,
3564 2129 3654 2184 καὶ
3709 2150 3847 2185 κατ-

425 2217 685 2291 redegit:
708 2217 867 2272 hunc
882 2231 1036 2286 aqua
1051 2213 1353 2286 inspersit,
1372 2229 1502 2268 eam
1522 2212 1738 2285 populo
1759 2209 2076 2266 bibendam

2192 2214 2380 2286 ήλεσεν
2409 2214 2570 2273 αὺτὸν
2597 2214 2772 2274 λεπτά
2812 2218 2902 2273 καὶ
2958 2216 3199 2295 ἔσπειρεν
3255 2217 3345 2274 ἰπὶ
3373 2221 3471 2274 τοῦ
3502 2214 3719 2288 ὕδατος,
3750 2217 3867 2275 καὶ

427 2309 717 2366 exhibuit.
745 2310 1011 2380 Cumque
1041 2306 1201 2364 bello
1233 2306 1519 2362 intestino
1551 2307 1734 2362 Deum
1766 2303 2076 2377 placasset,

2192 2304 2405 2361 ἐπότισε
2457 2305 2585 2369 τοὺς
2624 2306 2777 2373 υἱοὺς
2833 2306 3077 2383 Ἰσραήλ.
3126 2307 3232 2364 Καὶ
3289 2305 3549 2386 ἐμφυλίῳ
3607 2305 3846 2381 πολέμῳ

422 2416 629 2456 rursus
641 2398 841 2456 inedia
851 2396 1240 2470 quadraginta
1252 2395 1484 2451 dierum
1500 2393 1819 2451 toleratain
1834 2398 2076 2449 montem

2192 2395 2279 2450 τὸν
2308 2396 2437 2451 Θεὸν
2498 2393 2891 2471 ἱλεωσάμενος,
2950 2398 3035 2471 [Ρ.
3069 2398 3159 2470 79]
3217 2395 3383 2453 πάλιν
3436 2395 3620 2472 ἐτέρας
3646 2415 3843 2452 τεσσα-

424 2490 609 2545 evasit
637 2505 703 2545 ac
735 2488 1095 2561 posteriores
1127 2485 1359 2542 tabulas
1415 2485 1664 2557 accepit.
1701 2484 1863 2539 Tunc
1897 2483 2076 2539 etiam

2192 2484 2418 2562 ράκοντα
2474 2485 2685 2562 ἡμέρας
2738 2485 3059 2557 νηστεύσας,
3118 2486 3318 2542 ἄνεισιν
3373 2485 3452 2549 εἷς
3498 2487 3561 2542 τὸ
3591 2484 3719 2562 ὅρος
3744 2485 3840 2541 καὶ

425 2579 663 2635 Domini
695 2578 1068 2649 majestatem
1098 2575 1248 2631 vidit
1290 2576 1458 2631 rimas
1513 2574 1638 2631 saxi
1697 2573 1989 2639 assidens,
2022 2578 2076 2628 et

2192 2575 2281 2637 τὰς
2313 2571 2561 2652 δευτέρας
2619 2573 2832 2639 πλάκας
2890 2571 3181 2651 λαμϐάνει.
3240 2575 3379 2633 Τότε
3439 2574 3551 2632 εἶδε
3601 2577 3692 2631 καὶ
3733 2576 3840 2646 τήν

421 2668 602 2724 facies
628 2668 815 2739 ipsius
844 2667 1144 2723 illustrata
1182 2670 1290 2721 est.
1326 2667 1439 2720 Per
1487 2663 1818 2735 posteriora
1877 2668 2076 2719 autem

2192 2660 2343 2735 δόξαν
2377 2665 2581 2739 Κυρίου
2610 2683 2753 2740 παρα
2788 2669 2859 2740 τῇ
2911 2664 3021 2738 ὁπῇ
3078 2671 3179 2735 τῆς
3234 2663 3432 2740 πέτρας
3464 2664 3710 2736 καθίσας,
3742 2664 3838 2719 καὶ

421 2758 525 2812 Dei
552 2755 885 2827 intelligere
917 2754 1099 2811 debes
1127 2753 1358 2809 divinas
1391 2753 1869 2825 dispensationes
1898 2757 2076 2823 atque

2192 2751 2441 2824 ἐδοξάσθη
2492 2754 2556 2809 τὸ
2598 2754 2894 2828 πρόσωπον
2943 2753 3130 2810 αὐτοῦ.
3173 2753 3427 2818 Ὀπίσοια
3469 2751 3529 2808 δὲ
3557 2757 3689 2810 Θεοῦ
3716 2773 3831 2828 χρη

424 2844 786 2900 affectiones.
822 2845 933 2898 Per
958 2856 1169 2898 saxum
1213 2841 1353 2897 ﬁdei
1385 2842 1729 2897 ﬁrmitatem
1757 2840 2074 2897 inconcus-

2192 2847 2324 2897 νοεῖν
2378 2842 2477 2906 τὰς
2530 2842 2673 2905 θείας
2731 2842 3048 2916 οἰκονομίας
3124 2842 3215 2898 καὶ
3297 2841 3582 2917 ἐνεργείας,
3634 2841 3834 2917 πέτραν

424 2949 572 2989 sam.
596 2932 706 2987 Per
725 2931 849 2987 saxi
877 2931 1090 2987 rimam
1124 2929 1259 2986 fidei
1283 2930 1523 2987 oculum
1549 2946 1564 2986 ι
1587 2946 1656 2985 eo
1680 2929 1843 2986 enim
1864 2930 2073 2999 Moses,

2192 2928 2241 2986 Βὶ
2268 2938 2371 3001 τῆς
2421 2932 2660 2997 πίστεως
2684 2933 2747 2989 τὸ
2777 2931 2996 3007 περῥὸν
3049 2933 3142 2987 καὶ
3195 2930 3552 3007 ἆκράδαντον,
3604 2931 3746 3000 όπὴν
3778 2928 3842 2987 δὶ

421 3028 479 3078 et
508 3022 611 3094 qui
633 3037 770 3079 eum
792 3020 1124 3091 imitantur,
1149 3019 1454 3077 inaccessa
1467 3026 1526 3078 et
1545 3019 1867 3076 invisibilia
1895 3018 2074 3075 attin-

2192 3027 2282 3091 τῆς
2314 3021 2512 3096 πέτρας
2568 3022 2659 3077 τὸν
2717 3028 2819 3091 τῆς
2873 3022 3110 3084 πίστεως
3165 3020 3452 3099 ὀφθαλμὸν
3513 3019 3626 3096 (διὰ
3673 3024 3841 3076 τοῦτο

424 3119 588 3187 gunt.
620 3113 733 3168 Per
788 3110 1058 3168 velamen
1089 3109 1570 3167 incredulitatem
1596 3126 1609 3165 :
1644 3108 1881 3182 quando
1913 3107 2074 3164 enim

2192 3108 2290 3186 γὰρ
2345 3108 2397 3164 οί
2452 3109 2589 3165 κατὰ
2658 3109 2895 3168 Μωυσέα
2972 3112 3237 3185 θεωροῦσι
3304 3110 3375 3167 τὰ
3432 3109 3688 3186 ἀνέφικτα
3747 3110 3844 3166 καὶ

428 3204 546 3259 Deo
578 3202 769 3258 credit
798 3202 996 3264 homo.
1028 3208 1171 3257 tunc
1201 3201 1485 3265 aufertur,
1516 3206 1663 3256 teste
1692 3198 1973 3272 Apostolo
2003 3197 2071 3256 ⁴¹.

428 3294 590 3348 Tunc
619 3293 801 3348 etiam
831 3307 995 3348 aram
1026 3290 1351 3347 fabricatur
1377 3307 1557 3361 opera
1597 3288 1934 3357 Beseleelis,
1968 3286 2075 3343 lilii

431 3381 654 3439 sororis
685 3398 806 3437 suae
833 3380 1048 3448 Marias,
1081 3385 1140 3435 et
1177 3379 1307 3435 Oris
1338 3380 1469 3451 ejus
1499 3379 1601 3452 qui
1657 3395 1793 3435 cum
1846 3380 2080 3434 Aarone

432 3486 648 3527 manus
673 3469 849 3525 Mosis
866 3475 1073 3525 contra
1094 3468 1439 3524 Amalecum
1457 3468 1683 3524 orantis
1707 3467 2078 3524 sustentavit.

435 3561 626 3632 Opera
655 3558 1019 3615 tabernaculi
1047 3558 1319 3614 absoluta
1338 3561 1479 3613 sunt
1499 3563 1724 3630 septem
1739 3557 2076 3625 mensibus;

432 3653 612 3725 idque
638 3657 898 3709 erectum
932 3650 1096 3707 stetit
1124 3651 1278 3707 140
1309 3651 1503 3723 prima
1521 3650 1617 3705 die
1647 3650 1821 3723 primi
1853 3650 2078 3706 mensis

430 3741 676 3798 secundi
706 3740 778 3797 ab
812 3739 971 3797 exitu
1000 3740 1336 3813 Egyptiaco
1368 3740 1534 3808 anni,
1562 3744 1630 3795 ut
1657 3738 1900 3810 quidem
1931 3739 2079 3795 Scri-

424 3836 599 3904 ptura
612 3831 788 3887 tertio
804 3828 1085 3902 libro,qui
1101 3836 1191 3885 est
1206 3829 1512 3898 Leviticus,
1527 3828 2073 3885 testatur.Secundo

423 3927 624 3978 autem
650 3937 853 3977 mense
886 3920 1070 3975 initus
1100 3924 1191 3975 est
1219 3918 1422 3992 p0puli
1452 3934 1758 3985 numerus,
1791 3919 2072 3991 censique

422 4025 458 4068 ο
476 4011 679 4084 viginti
702 4027 890 4067 annos
912 4015 1051 4065 nato
1082 4016 1140 4065 et
1169 4025 1366 4081 supra,
1392 4014 1458 4064 ut
1487 4014 1577 4064 est
1595 4009 1657 4064 in
1678 4009 2071 4065 Numerorum

418 4098 573 4155 libro
593 4105 827 4172 quarto,
850 4098 1042 4154 millia
1062 4098 1165 4152 603
1192 4113 1259 4152 ac
1290 4100 1395 4152 550
1417 4097 1546 4163 viri,
1579 4097 1804 4168 absque
1836 4097 2068 4166 Levitis,

2185 3199 2428 3274 ἀθέατα),
2485 3199 2754 3273 κάλυμμα
2811 3198 2870 3256 δὶ
2923 3201 3024 3270 τήν
3081 3199 3357 3256 ἀπιστίανο
3416 3199 3578 3271 ἡνίκα
3607 3200 3713 3276 γὰρ
3744 3197 3849 3255 ἄν-

2188 3301 2407 3366 θρωπος
2462 3312 2724 3366 πιστευσῃ
2779 3292 2917 3367 πρὸς
2970 3292 3189 3368 Κύριον,
3248 3298 3607 3369 περιαιρεῖται
3648 3290 3846 3348 τὸκάι-

2186 3378 2404 3453 λυμμα,
2437 3380 2511 3443 ὥς
2536 3401 2698 3459 φησιν
2754 3382 2783 3435 ό
2840 3380 3201 3443 Ἀπόστολος.
3260 3381 3396 3439 Τότε
3450 3382 3839 3452 κατασκευάζει

2184 3469 2274 3524 καί
2304 3468 2405 3538 τὴν
2430 3465 2670 3526 κιϐωτὸν
2711 3466 2803 3526 διὰ
2829 3468 3105 3542 Βεζελεῆλ
3137 3472 3259 3527 υἱοῦ
3292 3471 3500 3547 Μαρίας
3530 3478 3630 3542 τῆς
3671 3468 3838 3527 ἀδελ-

2183 3565 2292 3635 φῆς
2348 3558 2646 3628 Μωϋσίως,
2696 3560 2792 3615 καὶ
2844 3561 2946 3636 Ὧρ
2996 3564 3093 3616 τοῦ
3141 3562 3392 3623 συνόντος
3442 3561 3535 3616 καὶ
3592 3560 3831 3636 Ἀαρὼν,

2182 3648 2273 3704 ὅτε
2299 3649 2396 3711 τὰς
2426 3655 2618 3727 χεῖρας
2649 3649 2868 3726 ἀνεῖχον
2924 3651 3199 3714 Μωυσέως
3246 3652 3383 3707 κατὰ
3423 3655 3521 3707 τοῦ
3549 3652 3603 3707 Ἀ
3616 3649 3829 3723 μαλήκ.

2180 3737 2508 3808 Ἐτελειώθη
2542 3735 2600 3794 δὲ
2626 3740 2694 3795 τὰ
2731 3733 2866 3817 ἔργα
2910 3746 3010 3809 τῆς
3057 3746 3258 3812 σκηνῆς
3298 3739 3350 3795 ἰν
3376 3739 3510 3795 ἑπτὰ
3545 3740 3701 3813 μησὶ,
3732 3738 3828 3794 καὶ

2179 3830 2248 3902 τῇ
2304 3828 2499 3904 πρώτῃ
2558 3828 2742 3904 ἡμὲρᾳ
2795 3833 2894 3884 τοῦ
2949 3830 3172 3902 πρώτου
3232 3830 3405 3903 μηνὸς
3446 3834 3544 3885 τοῦ
3575 3826 3831 3904 δευτέρου

2178 3911 2333 3981 ἔτους
2361 3926 2462 3988 τῆς
2489 3915 2675 3989 ἐξόδου
2727 3914 2876 3991 ἔστηο
2932 3918 3064 3994 ὅπερ
3112 3919 3203 3974 καὶ
3252 3922 3287 3990 ἡ
3334 3921 3520 3997 Γραφῆ
3567 3923 3835 3995 μαρτυρεῖ

2177 4007 2228 4063 ἰν
2255 4012 2326 4084 τῇ
2356 4009 2511 4085 τρίτῃ
2539 4013 2648 4064 τῶν
2678 4017 2971 4066 Λευῖτικων
3002 4012 3136 4084 (75).
3168 4014 3261 4082 Τῷ
3317 4007 3375 4065 δὲ
3423 4007 3657 4084 δευτέρῳ
3690 4008 3831 4081 μηνὶ

2176 4093 2389 4169 ἐγένετο
2449 4098 2484 4165 ἡ
2541 4095 2891 4172 ἐξαρίθμησις
2948 4100 3047 4152 τοῦ
3104 4094 3265 4167 λαοῦ,
3321 4097 3414 4153 καὶ
3471 4098 3662 4171 εὑρέθη
3718 4095 3833 4152 ἀπὸ

417 4189 519 4258 qui
555 4188 806 4244 seorsim
840 4187 1139 4242 numerati
1171 4185 1527 4258 deprehensi
1589 4192 1728 4241 sunt
1756 4188 1826 4240 22
1857 4186 2066 4242 millia.

2192 4183 2511 4247 ίίκοσαετοῦς
2539 4184 2629 4239 καὶ
2688 4184 2890 4251 ἐπάνω,
2946 4186 3128 4250 καθὼς
3160 4188 3196 4257 ἡ
3227 4187 3459 4261 τετάρτη
3492 4182 3692 4261 βίϐλος
3717 4191 3836 4242 τῶν

412 4277 873 4347 Quadragesimo
905 4275 977 4330 ab
1010 4275 1175 4330 exitu
1206 4291 1366 4330 anno
1407 4279 1678 4330 mortuus
1705 4281 1795 4331 est
1845 4279 2063 4341 Aaron,

2192 4273 2420 4348 ίριθμῶν
2480 4271 2650 4348 λέγει,
2710 4271 2968 4349 μυριάδες
3010 4275 3272 4345 ἑξήκοντα
3325 4275 3416 4330 καί
3461 4275 3597 4352 γφν“,
3646 4275 3835 4350 χωρὶς

412 4368 588 4417 natus
645 4379 832 4416 annos
892 4363 1014 4417 123.
1048 4363 1113 4417 In
1144 4361 1275 4431 ejus
1316 4361 1510 4417 locum
1545 4361 1850 4417 substituit
1878 4365 2066 4419 Moses

2192 4365 2278 4417 τῶν
2313 4365 2569 4418 Δευϊτῶν’
2602 4363 2655 4418 οἱ
2713 4360 2772 4418 δὲ
2828 4368 3046 4418 Λευῖται
3106 4361 3493 4440 ἀρίθμηθέντες
3524 4363 3823 4438 εὑρέθησαν

412 4448 753 4505 Eleazarum
803 4450 1051 4504 Aaronis
1110 4448 1320 4504 filium.
1356 4450 1486 4522 Ipse
1518 4452 1708 4505 Moses
1748 4451 2064 4508 undecimo

2192 4447 2426 4530 (ιλιάδες
2497 4451 2605 4523 κβ’.
2685 4452 2778 4524 Τῷ
2847 4456 3261 4528 τεσσαρακοστῷ
3316 4449 3422 4510 ἔτει
3476 4460 3579 4523 τῆς
3634 4450 3831 4525 ἐξόδου

412 4554 620 4594 mense
677 4537 1116 4609 quadragesimi
1172 4537 1245 4593 ab
1305 4538 1466 4594 exitu
1524 4539 1908 4603 anni.mtatis
1942 4558 2062 4596 sum

2192 4539 2378 4612 Ααρὼν
2434 4538 2782 4612 ἐτελεύτησεν
2857 4548 2968 4618 ρκγ¹
3021 4540 3175 4612 ἐτῶν,
3239 4542 3332 4597 καὶ
3389 4544 3633 4613 Μωυσῆς
3688 4561 3832 4618 προ-

408 4628 770 4684 vicesimosu
777 4643 883 4700 pra
893 4627 1501 4695 ceutesimum,fausta
1514 4634 1785 4700 precatus
1798 4630 2068 4686 universo

2192 4627 2475 4705 (ειρίζεται
2506 4626 2769 4704 Ἐλεάζαρ
2814 4631 2905 4686 τὸν
2953 4631 3068 4686 υἱὸν
3120 4630 3355 4708 Ἀαρών.
3389 4633 3631 4701 Μωϋσης
3662 4629 3719 4686 δὲ
3745 4633 3833 4704 τῷ

407 4716 650 4790 populo,
675 4717 738 4772 in
761 4720 1027 4772 montem
1045 4715 1356 4772 Nabanum
1373 4716 1545 4784 (alias
1569 4716 1858 4790 Abarima)
1878 4719 2058 4776 situm

2192 4727 2236 4775 α’
2269 4719 2403 4793 μηνὶ
2430 4723 2529 4777 τοῦ
2562 4723 2619 4795 μ’
2651 4716 2806 4784 ἔτους
2834 4728 2935 4791 τῆς
2982 4718 3195 4793 ἐξόδου,
3246 4721 3521 4795 ἑκατοστῷ
3569 4718 3625 4776 δὲ
3669 4719 3833 4776 εἰκο-

407 4807 466 4864 in
496 4806 758 4863 Moabico
781 4804 930 4875 solo,
962 4805 1047 4861 cis
1075 4804 1416 4875 Iordanem,
1440 4821 1471 4861 e
1493 4804 1735 4876 regione
1756 4806 2060 4866 Jerichun-

2192 4813 2277 4884 τῷ
2333 4806 2439 4866 ἔτει
2496 4811 2596 4880 τῆς
2652 4815 2800 4883 ζωῆς
2855 4807 3044 4881 αὺτοῦ,
3121 4807 3431 4887 εὐλογήσας
3502 4810 3831 4867 πάντα-τὸν

476 4954 520 4991 ιι
552 4950 735 5011 Exod.
765 4967 943 5022 xxxii,
978 4952 1064 5006 10.
1098 4950 1147 4986 ⁸³
1177 4949 1226 5007 ΙΙ
1259 4950 1388 5007 Cor.
1417 4967 1501 5018 ιιι,
1536 4951 1625 5009 16.

1634 5068 2005 5127 XYLANDRI
2032 5070 2124 5129 ET
2154 5074 2373 5133 GOARI
2403 5077 2633 5133 NOTAE.

404 5184 780 5257 ruptissima;
804 5183 959 5257 apud
981 5200 1157 5257 quem
1180 5187 1379 5239 tamen
1398 5187 1494 5257 est
1514 5199 1650 5257 eam
1673 5184 1816 5241 olim
1840 5185 2055 5243 Βαίσων

404 5253 579 5325 (forte
624 5256 811 5311 Βάσων
840 5253 941 5313 aut
985 5253 1187 5325 Βάσαν)
1218 5271 1253 5311 a
1284 5253 1559 5311 Barbaris
1589 5263 1872 5313 vocatam.
1929 5260 2057 5315 Pli-

408 5325 545 5413 nius
572 5328 726 5413 v,‘l'8
786 5344 913 5383 eam
961 5326 1035 5409 .in
1091 5327 1376 5413 Decapoli
1398 5325 1619 5413 Iudaea:
1648 5328 1843 5413 vicina
1868 5333 2055 5413 ponit,

406 5395 608 5471 aitque
629 5399 853 5471 lfiysam
886 5398 1052 5471 prius
1102 5395 1288 5454 fuisse
1320 5399 1539 5471 dictam
1583 5416 1618 5456 a
1676 5395 1886 5457 Bacchi
1945 5395 2056 5460 nu;

404 5466 776 5552 tricaLiblll
796 5466 1057 5552 Macbab.
1080 5487 1159 5526 xu
1178 5470 1400 5552 mentio
1423 5470 1487 5552 ﬁt
1503 5470 1853 5552 S-cytharum
1870 5476 2055 5552 urbis2

406 5536 587 5618 hujus
616 5537 804 5618 ipsius
832 5540 1143 5618 nimirum,
1162 5541 1393 5618 dissita:
1528 5536 1954 5618 Hierosolymis
1983 5536 2058 5603 ad

406 5608 600 5691 stadia
832 5612 912 5666 Ea
968 5627 1106 5691 ergo
1161 5612 1519 5691 Dasannfuit
1547 5613 1694 5691 olim
1740 5608 1903 5690 regia
1927 5618 2057 5691 _O_gi.

404 5681 541 5741 Vico
569 5680 914 5756 Josephum,
940 5680 1225 5754 Antiqua.
1256 5699 1329 5753 iv,
1359 5685 1414 5755 5,
1445 5687 1508 5741 et
1532 5685 1741 5744 confer
1769 5680 1907 5747 cum
1926 5680 2058 5747 his:

2166 5191 2343 5265 facile
2374 5192 2669 5265 intelliges
2700 5192 3101 5265 Scythopolim
3142 5209 3274 5249 esse
3303 5194 3613 5257 Basanem,
3646 5198 3828 5264 caput

2167 5208 2343 5248 Iacue
2374 5208 2669 5319 IntelllFes
2700 5208 3101 5265 scytnopoum
3142 5209 3274 5249 esse
3304 5208 3613 5257 basanem,
3646 5208 3823 5264 caput

2167 5264 2464 5319 Galadinze
2494 5282 2559 5321 ve
2622 5264 3036 5327 Gaulonitidis.
3078 5264 3333 5321 Galilmm
3383 5265 3823 5321 imminentem.

2166 5336 2308 5406 Vide
2340 5341 2399 5391 et
2429 5353 2561 5406 quae
2590 5335 2663 5390 de
2693 5335 2802 5391 bac
2824 5336 2968 5391 urbe
2992 5336 3149 5392 infra
3174 5335 3477 5393 Cedrenus
3508 5337 3569 5391 in
3596 5336 3825 5392 Orestis

2165 5405 2375 5481 fabula
2394 5405 2596 5481 refert.
2631 5407 2743 5462 Sed
2774 5408 2898 5481 ligno
2920 5408 2983 5465 in
3003 5407 3395 5481 Geographicis
3426 5407 3647 5465 nostris
3677 5406 3826 5463 ube-

2164 5477 2313 5541 rius,
2346 5478 2463 5532 Deo
2500 5477 2755 5535 volente.
2785 5479 2925 5536 XYL.

2238 5548 2351 5616 (75)
2378 5549 2555 5620 Atqui
2594 5549 2722 5607 hinc
2771 5567 2892 5609 non
2940 5550 3004 5610 in
3047 5551 3320 5624 Levitico,
3354 5551 3460 5610 sed
3487 5552 3606 5610 ﬁne
3636 5549 3827 5609 Exodi

2164 5618 2637 5693 leguntur.‘XrL.
