4148 6196
259 434 378 492 {73

1403 427 1937 490 HISTORIARUM
1984 427 2520 496 COMPENDlUM.

3558 443 3674 502 174

256 563 410 632 λαὸν,
440 556 643 624 ἀναϐὰς
673 559 749 622 είς
779 561 840 614 τὸ
871 557 1003 629 ὅρος
1047 555 1232 615 Ναϐὰν
1287 555 1411 628 ἤτοι
1466 554 1764 635 Ἀμϐρεῖμ,
1795 560 1902 615 κεί-

2025 564 2115 630 tis,
2139 565 2374 635 subivit,
2409 568 2868 642 speculatusque
2930 571 3066 627 inde
3127 577 3344 628 terram
3399 573 3674 630 Israelico

260 673 421 725 μενον
473 651 525 706 ἐν
593 653 662 724 τῇ
723 643 1034 706 Μωαϐίτιδι
1079 648 1242 723 πέραν
1294 652 1391 703 τοῦ
1442 645 1722 723 Ἰορδάνου
1781 650 1917 704 κατὰ

257 742 554 816 πρόσωπον
616 740 836 815 Ἰεριχὼ
870 783 884 808 ,
931 739 1021 792 καὶ
1078 738 1446 800 iurans-561:;
1512 740 1611 806 τήν
1659 745 1760 813 γῆν
1816 742 1916 807 τήν

259 829 643 905 ἐπηγγελμένη
678 829 825 900 αὐτῷ
853 832 933 900 τῷ
989 825 1236 902 Ἰσραὴλ,
1269 825 1608 897 ἐτελεύτησε,
1667 828 1757 882 καὶ
1817 828 1916 883 οὐκ

261 919 400 978 εἶδεν
431 918 610 980 οὐδεὶς
643 917 731 973 τὸν
763 917 933 994 τάφον
972 917 1157 985 αὐτοῦ,
1192 916 1280 972 καὶ
1339 917 1444 972 οὐκ
1505 919 1912 992 ἡμαυρώθησαν

264 1013 316 1066 οἱ
349 1008 632 1088 οφθαλμοὶ
663 1007 849 1078 αὐτοῦ,
885 1005 1012 1062 οὐδὲ
1042 1006 1349 1084 ἐφθάρησαν
1380 1007 1444 1060 τὰ
1500 1005 1666 1080 χείλη
1727 1007 1910 1064 αὐτοῦ.

265 1100 551 1174 Ἐπείρπζε
584 1096 640 1153 δὲ
697 1097 857 1152 αὐτὸν
914 1097 942 1150 ὁ
1001 1092 1262 1160 διάϐολος
1318 1096 1394 1157 ὡς
1451 1097 1779 1168 ἡματηκότα
1836 1101 1915 1168 τῷ

263 1195 382 1263 Θεῷ
411 1187 732 1244 συνελκύσαι
763 1186 899 1260 μετᾶ
922 1189 1032 1240 τῶν
1089 1183 1456 1261 ἁμαρτωλῶν.
1515 1183 1670 1242 Ἀλλ’
1700 1186 1910 1262 ἀρχαγ-

259 1279 458 1356 γελικῇ
519 1275 842 1352 διεκροῦσθη
901 1273 1047 1349 χειρὶ
1105 1274 1182 1338 ὡς
1236 1275 1512 1348 προπετὴς
1565 1273 1658 1328 καὶ
1715 1274 1913 1349 θρασὺς

257 1367 349 1424 καὶ
389 1373 498 1423 τῶν
525 1371 623 1422 τοῦ
668 1369 801 1422 Θεοῦ
857 1365 1032 1442 φίλων
1095 1361 1386 1436 δυσμενής.
1456 1362 1701 1438 Ἐγένετο
1735 1360 1792 1418 δὲ
1829 1384 1913 1419 νε-

258 1457 400 1534 φέλη
426 1457 519 1512 καὶ
578 1455 770 1517 σκότος
825 1455 962 1510 κατὰ
1017 1454 1110 1508 τὸν
1166 1453 1359 1520 τόπον,
1391 1456 1466 1515 ὡς
1502 1455 1577 1525 μή
1610 1450 1740 1506 ἰδεῖν
1792 1473 1914 1508 τινα

254 1551 361 1602 ποῦ
388 1544 562 1624 ἐτάφη
597 1547 862 1613 Μωϋσῆς,
892 1543 1072 1604 καθὼς
1097 1543 1365 1613 Ἰώσηπος
1399 1541 1624 1616 ἱστορεῖ.

325 1636 528 1692 Ἰστὲον
565 1631 650 1688 ὅτι
712 1633 780 1688 τά
834 1632 993 1687 πέντε
1047 1625 1240 1706 βιϐλία
1293 1638 1393 1700 τῆς
1443 1629 1846 1706 ἀρχαιολογίας
1882 1633 1910 1687 ὁ

255 1724 675 1799 μακαριώτατος
709 1720 760 1776 ἐν
789 1722 930 1798 ἁγίῳ
990 1720 1264 1795 Πνεῦματι
1326 1722 1567 1791 Μωϋσῆς
1623 1721 1912 1790 ἀνετάζατο

250 1815 391 1871 κατᾶ
465 1815 566 1882 τήν
646 1806 905 1886 Ἐϐραίδα
989 1808 1264 1886 γλῶσσαν·
1349 1809 1472 1880 ἥτις
1531 1811 1662 1883 μετὰ
1718 1811 1906 1882 ταῦτα,

2024 657 2242 728 populo
2268 659 2622 729 promissam
2651 661 2828 716 finem
2861 661 3087 716 vivendi
3106 662 3450 718 fecit.Nemo
3484 663 3676 735 sepul-

2025 763 2192 801 crum
2226 749 2354 818 ejus
2379 751 2572 804 novit:
2599 751 2700 805 sed
2719 757 2776 805 et
2799 751 3042 805 viventis
3065 768 3259 822 neque
3279 752 3678 822 caligaverunt

2025 837 2180 890 oculi
2214 853 2406 908 neque
2448 839 2606 894 labia
2627 842 3516 903 marouerunt,Tentavitautem
3535 859 3672 899 eum

2025 925 2500 992 diabolus,veluti
2523 944 2658 983 eum
2681 929 3072 999 quiadversus
3093 931 3272 985 Deum
3297 930 3667 1001 deliquisset,

2025 1032 2214 1085 eoque
2249 1017 2482 1072 trahere
2500 1024 2746 1072 conatus
2772 1024 2860 1072 est
2882 1035 2998 1088 quo
3017 1019 3277 1088 reliquos
3305 1025 3666 1090 peccatores.

2026 1105 2136 1159 Sed
2169 1105 2238 1170 is,
2299 1111 2364 1160 ut
2423 1107 2772 1162 temerarius
2829 1107 3137 1178 audaxque
3198 1109 3296 1162 Dei
3339 1109 3668 1166 amicorum

2023 1194 2526 1268 hostis,principis
2547 1197 2893 1270 angelorum
2925 1215 3105 1254 manu
3131 1199 3476 1270 proﬂigatus
3495 1200 3566 1256 ab
3595 1216 3663 1256 eo

2023 1284 2386 1341 fuit.Nebula
2414 1293 2611 1342 autem
2646 1293 2705 1343 et
2734 1288 2920 1360 caligo
2953 1289 3107 1344 circa
3139 1305 3270 1344 eum
3321 1289 3520 1344 locum
3579 1295 3668 1345 est

2023 1374 2251 1441 oborta,
2287 1393 2360 1431 ne
2418 1377 2551 1448 quis
2607 1377 2804 1433 videre
2864 1385 3063 1450 posset
3120 1379 3220 1434 ubi
3278 1380 3463 1435 Moses
3496 1385 3666 1436 terra:

2023 1469 2180 1520 esset
2209 1465 2502 1520 conditus.
2535 1468 2622 1522 Ita
2648 1468 2942 1539 Josepbus
2974 1473 3194 1524 narrat.

2094 1633 2252 1689 Scire
2311 1634 2585 1689 convenit
2641 1635 2904 1707 quinque
2962 1636 3332 1706 antiquitatis
3390 1636 3575 1692 libros
3633 1652 3668 1691 a

2020 1720 2361 1778 beatissimo
2394 1725 2548 1778 Mose
2594 1724 2845 1795 Spiritus
2895 1725 3084 1780 sancti
3141 1725 3428 1781 instinctu
3483 1725 3666 1782 fuisse

2020 1826 2292 1866 sermone
2311 1813 2671 1883 compositos
2693 1813 2978 1869 Hebraico
3005 1831 3017 1880 ;
3035 1814 3134 1884 qui
3157 1815 3426 1886 sequenti
3443 1820 3664 1886 tempo-

255 1903 330 1966 ὦς
359 1905 448 1958 καὶ
485 1903 539 1958 αἱ
572 1901 787 1970 λοιπαὶ,
827 1899 1300 1997 είςωΈλληνικήν
1351 1895 1666 1974 μετεϐλήθη
1724 1897 1902 1997 διάλε;

2019 1916 2082 1954 re
2114 1917 2248 1956 cum
2282 1901 2528 1972 reliquis
2551 1902 2612 1956 in
2635 1903 2894 1957 Grazcam
2936 1903 3199 1975 linguam
3235 1910 3372 1958 sunt
3393 1903 3662 1959 conversi

868 1980 1246 2055 ἐϐδομήκοντα
1340 1986 1730 2058 ἐρμηνευθεῖσα
1818 1984 1906 2041 ἐπὶ

257 2082 615 2155 Πτολεμαίου
669 2085 768 2136 τοῖ’)
853 2077 1228 2158 Φιλαδέλφου.
1306 2079 1409 2136 Καὶ
1460 2082 1495 2148 ἡ
1555 2079 1647 2152 μὲν
1698 2079 1909 2142 Γένεσις

253 2171 456 2236 ἄνωθεν
496 2171 588 2225 ἀπ’
647 2170 827 2245 ἀρχῆς
855 2170 954 2238 τήν
1009 2170 1398 2244 κοσμογένειαν
1447 2171 1548 2239 τήν
1581 2190 1637 2224 τε
1665 2173 1761 2224 τοῦ
1815 2168 1908 2224 ἆν-

252 2261 476 2333 Θρώπου
535 2257 761 2328 πλάσιν,
793 2261 854 2332 [Ρ
909 2262 998 2331 80]
1027 2258 1119 2313 τόν
1184 2255 1590 2330 κατακλυσμὸν,
1647 2259 1746 2328 τὴν
1796 2261 1904 2312 τῶν

250 2348 571 2424 Σοδομιτῶν
629 2347 931 2416 ἀπώλειαν,
991 2355 1090 2418 τὴν
1148 2347 1200 2419 ἐξ
1256 2355 1436 2424 αρχῆς
1490 2347 1658 2424 μέχρι
1714 2347 1908 2413 τέλους

256 2444 362 2494 τῶι
420 2441 670 2515 πατέρων
728 2431 1002 2513 Ἀϐραὰμ,
1075 2438 1256 2494 Ἰσαὰκ
1311 2437 1401 2492 καὶ
1458 2432 1650 2492 Ἰακὼϐ
1712 2437 1902 2512 βίωσιν

245 2527 334 2583 καὶ
400 2527 712 2594 τελείωσιν,
781 2528 910 2588 τοὺς
997 2526 1431 2602 χρηματισμοὺς
1512 2527 1602 2580 καὶ
1655 2527 1754 2593 τήν
1808 2530 1904 2580 τοῦ

244 2618 451 2695 Ἰωσὴφ
481 2617 534 2672 ἐν
565 2617 830 2692 Αἰγύπτῳ
881 2615 1159 2692 βασιλείαν
1194 2617 1458 2690 περιέχει.
1495 2619 1558 2671 Ἡ
1591 2612 1648 2670 δὲ
1675 2613 1902 2687 Ἕξοδος

242 2709 342 2776 τὴν
396 2711 496 2762 τοῦ
551 2705 774 2779 Ἰσραήλ
857 2704 1103 2779 περιέχει
1183 2705 1442 2772 κάκωσιν,
1517 2703 1610 2759 καὶ
1653 2704 1753 2773 τήν
1814 2700 1902 2758 διὰ

244 2794 524 2856 Ηωϋσέως
581 2795 668 2850 ἐπὶ
745 2801 844 2863 τῆς
899 2795 1166 2868 Ἐρυθρᾶς
1211 2787 1480 2864 διάϐασιν,
1539 2793 1627 2847 καὶ
1688 2794 1785 2861 τήν
1848 2792 1900 2848 ἐν

245 2884 430 2959 ἐρέμῳ
475 2879 786 2960 διατριϐὴν,
841 2882 930 2938 καὶ
985 2884 1085 2938 ’ὀσα
1135 2883 1600 2957 νομοθετούμενος
1653 2881 1902 2957 ἐπείρασε

247 2975 337 3030 τὸν
370 2975 524 3044 Θεὸν,
554 2974 645 3029 καὶ
674 2975 774 3042 τήν
814 2973 913 3035 τὰς
947 2974 1151 3043 σκηνῆς
1204 2974 1558 3042 κατασκευήν.
1618 2974 1690 3027 Τὸ
1741 2981 1901 3030 Λευῖ-

243 3065 392 3119 τιιιὸν
424 3065 663 3132 τὴντῶν
704 3067 903 3127 θυσιῶν
964 3063 1228 3134 ποικίλην
1301 3059 1598 3138 παράδοσιν
1655 3063 1747 3118 καὶ
1803 3065 1900 3133 τήν

239 3159 346 3208 τῶν
404 3153 597 3227 ἱερέων
657 3150 1063 3225 διακόσμησιν.
1119 3153 1183 3206 Ωἱ
1245 3151 1498 3226 Ἀριθμοὶ
1554 3153 1654 3221 τὴν
1715 3149 1900 3222 διττὴν

236 3243 522 3318 ἐπίσκεψιν
571 3241 667 3298 εἶ’τ’
736 3243 827 3297 οὗν
888 3241 1262 3316 ἀπαρίθμησιν
1320 3245 1428 3296 τῶν
1485 3241 1618 3297 υἱῶν
1677 3243 1896 3315 Ἰσραήλ

235 3337 509 3409 περιέχει,
537 3334 637 3401 τήν
673 3333 767 3405 μὲν
798 3333 1022 3406 πρώτην
1051 3331 1147 3385 ὺπὶ
1204 3333 1482 3393 Μωΰσέως
1539 3332 1625 3385 καὶ
1683 3332 1894 3407 Ἀαρὼν

239 3421 375 3492 μετᾶ
405 3422 506 3488 τήε
531 3415 712 3490 ἔξοδον
765 3417 920 3482 εὐθὺς
976 3417 1030 3473 ἐν
1079 3421 1158 3488 τῷ
1212 3411 1325 3492 ὄρει
1391 3421 1523 3488 Σινᾷ
1577 3419 1896 3493 γενομένην,

232 3510 333 3578 τήν
385 3507 442 3564 δὲ
503 3506 755 3582 δευτέραν
806 3507 894 3561 ἐπὶ
952 3506 1232 3568 Μωϋσέως
1289 3505 1378 3561 καὶ
1429 3504 1714 3581 Ἐλεάζαρ,
1763 3508 1898 3580 μετὰ

238 3598 338 3664 τήν
371 3597 426 3652 ἐν
466 3597 865 3671 τεσσαράκοντα
916 3591 1086 3651 ἔτεσιν
1134 3593 1509 3668 πανωλεθρίαν
1571 3599 1679 3650 τῶν
1737 3597 1895 3670 πρώ-

237 3707 346 3740 των
380 3683 471 3740 διὰ
500 3687 600 3754 τήν
628 3685 882 3740 ἀπιστίαν
915 3684 1112 3750 αὐτῶν,
1147 3682 1446 3760 γενομένην
1504 3681 1556 3738 ἐν
1609 3679 1892 3758 Ἀραϐαὼο

239 3769 418 3831 Munia
457 3770 566 3839 ἐπὶ,
603 3779 702 3828 τοῦ
741 3771 1014 3849 Ἰορδάνου
1072 3773 1208 3827 κατὰ
1263 3773 1361 3841 τὴν
1423 3773 1660 3847 Ἰεριχώ.
1715 3773 1784 3828 Τὸ
1835 3769 1893 3828 δὲ

246 3873 672 3937 Δευτερονομιον
727 3863 899 3924 πάσας
974 3861 1069 3923 τὰς
1123 3860 1175 3931 ἐξ
1235 3861 1412 3936 ἀρχῆς
1485 3860 1890 3940 μεγαλουργίας

235 3957 338 4006 τοῦ
397 3955 532 4007 Θεοῦ
607 3951 771 4026 μέχρι
830 3951 918 4005 καὶ
997 3957 1096 4020 τῆς
1151 3953 1247 4004 τοῦ
1303 3949 1576 4011 Μωῦσέως
1631 3949 1889 4022 τελευτῆς

252 2010 378 2044 κτον
449 1988 557 2043 ὐπὸ
651 1991 759 2042 τῶν

2015 2005 2050 2045 a
2089 1990 2460 2062 septuaginta
2504 1993 2650 2047 14]
2715 1991 3142 2064 Interpretibus
3187 1991 3294 2048 sub
3341 1992 3660 2048 Ptolemaeo

2015 2079 2424 2151 Philadelpho.
2468 2083 2535 2134 Et
2564 2080 2716 2136 liber
2742 2081 2984 2152 quidem
3007 2083 3298 2138 Geneseos
3317 2081 3660 2154 complecti-

2015 2173 2110 2222 tur
2138 2167 2398 2224 abinitio
2431 2171 2740 2241 repetitam
2775 2171 2981 2225 mundi
3009 2171 3661 2237 creationem,hominis

2015 2257 2398 2324 eflictionem,
2431 2259 2740 2326 diluvium,
2804 2259 3248 2317 Sodomzeorum
3310 2261 3660 2325 interitum;

2015 2351 2139 2401 tum
2169 2347 2602 2414 natales,vitam
2630 2356 2806 2419 atque
2839 2349 3066 2404 obitum
3089 2350 3432 2417 Abrahami,
3458 2351 3660 2413 Isaaci,

2009 2436 2500 2504 Jacobi,oracula,
2535 2453 2780 2510 regnum
2809 2440 3048 2510 Josephi
3074 2441 3135 2494 in
3187 2442 3452 2512 .‘Egypto.
3510 2441 3660 2494 Exo-

2013 2525 2122 2580 dus
2146 2525 2587 2580 habetlsraelici
2633 2527 2834 2597 populi
2879 2527 3284 2596 afllictionem,
3313 2534 3370 2582 et
3393 2527 3661 2599 ejusdem

2011 2615 2166 2668 Mose
2187 2613 2334 2668 duce
2360 2631 2468 2686 per
2490 2614 2750 2670 Rubrum
2797 2631 2959 2670 mare
3013 2617 3347 2683 transitum,
3380 2617 3562 2672 vitam
3595 2617 3658 2672 in

2011 2701 2332 2756 solitudine
2353 2709 2568 2771 actam,
2587 2708 2772 2774 utque
2795 2703 3048 2776 populus
3066 2705 3192 2778 lege
3211 2711 3450 2776 accepta
3472 2704 3660 2760 Deum

2009 2791 2273 2858 tentavit,
2309 2808 2417 2846 nec
2447 2808 2566 2847 non
2602 2792 2965 2848 tabernaculi
2997 2799 3368 2865 apparatum.
3405 2793 3654 2849 Levitico

2009 2882 2214 2938 insunt
2234 2884 2408 2938 variae
2433 2883 2504 2939 de
2557 2885 2864 2940 sacrificiis
2886 2886 3316 2962 praeceptiones
3347 2891 3406 2942 et
3461 2902 3658 2942 sacer-

2007 2972 2210 3026 dotum
2243 2971 2704 3028 administratio.
2740 2975 2976 3030 Numeri
3009 2975 3306 3047 duplicem
3337 2975 3540 3047 populi
3562 2993 3658 3031 re-

2005 3062 2407 3134 cognitionem
2439 3062 2558 3117 sive
2584 3063 2994 3118 recensionem
3041 3065 3370 3133 continent,
3405 3081 3656 3136 quarum

2003 3151 2166 3222 prior
2186 3151 2385 3206 statim
2410 3151 2481 3206 ab
2516 3152 2677 3206 exitu
2708 3151 2864 3224 apud
2889 3153 3110 3208 Sinaim
3134 3160 3397 3209 montem
3456 3155 3658 3210 habita

2008 3239 2122 3295 fuit
2151 3258 2184 3296 a
2215 3243 2368 3296 Mose
2394 3246 2450 3294 et
2477 3244 2708 3297 Aarone
2734 3258 2746 3310 ;
2789 3242 3178 3313 posteriorem
3211 3259 3474 3310 censum,
3500 3244 3660 3314 prio-

2009 3328 2172 3384 ribus
2204 3346 2310 3401 per
2354 3329 2748 3402 quadraginta
2804 3347 2993 3386 annos
3048 3349 3168 3387 suae
3227 3331 3662 3387 incredulitatis

2008 3417 2182 3489 culpa
2211 3434 2245 3472 a
2281 3425 2394 3473 Deo
2419 3419 2728 3474 occidione
2777 3419 3008 3485 deletis,
3033 3421 3207 3493 juxta
3264 3420 3662 3476 Arabaotham

2008 3507 2279 3563 Moabicaa
2313 3509 2574 3580 regionis
2607 3509 2673 3563 ad
2705 3507 3020 3566 Jordanem
3047 3525 3231 3582 prope
3254 3510 3660 3570 Jerichuntem

2003 3599 2190 3652 Moses
2223 3603 2280 3652 et
2311 3597 2623 3653 Eleazarus
2659 3605 2925 3671 egerunt.
2953 3599 3480 3656 Deuteronomium
3539 3617 3662 3655 om-

2003 3687 2101 3741 nia
2131 3687 2447 3759 magniﬂca
2471 3688 2570 3742 Dei
2599 3687 2754 3742 facta
2779 3695 2837 3743 et
2867 3689 2929 3742 in
2954 3689 3227 3744 Hebraeos
3266 3689 3560 3746 beneﬁcia
3579 3689 3652 3745 ab

2003 3774 2170 3829 initio
2198 3790 2386 3844 usque
2421 3774 2495 3829 ad
2528 3780 2780 3830 mortem
2837 3777 3012 3830 Mosis
3064 3782 3357 3840 recenset,
3384 3778 3648 3848 itemque

2003 3869 2185 3919 totum
2218 3863 2545 3918 secundum
2570 3864 2885 3932 canticum,
2919 3881 2985 3919 ac
3026 3864 3288 3919 tribuum
3319 3865 3644 3936 principes,

1999 3957 2100 4028 qui
2122 3961 2339 4011 terram
2370 3956 2726 4026 promissam
2759 3961 2928 4012 erant
2960 3955 3357 4013 distributuri.

240 4042 537 4118 γενομένας
607 4039 683 4102 εἷς
741 4038 939 4101 αὐτοὺς
999 4038 1269 4114 περιέχει,
1322 4037 1467 4095 ἀλλὰ
1522 4041 1630 4112 μήν
1685 4040 1775 4094 καὶ
1830 4043 1929 4112 τήν
1991 4039 2236 4118 δευτέραν
2298 4041 2448 4115 ᾠδὴν
2495 4048 2686 4112 πᾶσαν,
2745 4042 2834 4098 καὶ
2891 4043 3018 4106 τοὺς
3071 4042 3389 4120 φυλάρχους
3447 4045 3498 4098 οἳ
3556 4044 3649 4099 καὶ

238 4125 479 4202 ἔμελλον
507 4127 1016 4203 κατακληρονομεῖν
1046 4128 1146 4196 τὴν
1177 4133 1278 4196 τῆς
1307 4126 1636 4204 ἐπαγγελίας
1662 4135 1784 4204 γῆν.

313 4218 635 4283 Διελθόντος
686 4215 744 4272 δὲ
802 4220 897 4273 τοῦ
954 4213 1176 4290 Ἰσραὴλ
1236 4217 1328 4271 τὸν
1390 4213 1686 4291 Ἰορδάνην,
1744 4239 1895 4294 ’περι⁹

240 4308 481 4380 ἐτεμενὸ
524 4309 733 4378 Ἰησοῦς
790 4305 964 4362 πάντα
1020 4307 1112 4360 τὸν
1173 4305 1304 4362 λαὸν
1360 4305 1659 4384 μαχαίραις
1708 4307 1896 4381 πετρί-

237 4418 372 4458 ναις·
404 4398 474 4453 τὰ
510 4397 617 4472 γὰρ
647 4395 699 4452 ἐν
729 4400 798 4470 τῇ
857 4394 1052 4470 ἐρήμῳ
1109 4395 1508 4471 τεσσαράκοντα
1563 4393 1656 4467 ἔτη
1719 4395 1894 4460 οὐδεῖς

238 4490 607 4562 περιετμήθη,
665 4489 756 4542 καὶ
814 4487 868 4540 οἱ
924 4487 1176 4541 πλεῖστοι
1231 4489 1340 4540 τῶν
1404 4485 1666 4561 μαχίμων
1708 4486 1898 4564 ἀπερί-

240 4578 636 4649 τμητοιῆσαψ
682 4577 746 4631 τὸ
805 4573 864 4630 δὲ
915 4574 1112 4645 αἴτιον,
1169 4574 1254 4630 ὅτι
1312 4576 1509 4638 παντὸς
1567 4575 1898 4652 ἀλλογενοῧς

245 4668 591 4742 χωρισμὲνοι
625 4664 814 4740 χρείαν
853 4667 953 4730 τῆς
981 4671 1286 4740 περιτομῆς
1317 4664 1416 4719 οὐκ
1474 4666 1644 4741 εἶχον.
1708 4665 1900 4728 Καλῶς

248 4759 349 4830 ἄρα
379 4755 595 4830 εἴρηται
628 4759 705 4826 τῷ
736 4754 863 4827 θείῳ
897 4751 1224 4826 Ἀποστόλῳ
1255 4753 1339 4807 ὅτι
1379 4752 1503 4810 οὔτε
1543 4757 1811 4828 περιτομή
1846 4776 1897 4809 τι

243 4845 428 4919 ἰσχύει
462 4843 586 4899 οὕτε
617 4839 969 4917 ἀκροϐυστία,
1003 4843 1150 4900 ἀλλὰ
1186 4845 1422 4916 τήρησις
1482 4842 1738 4900 ἐντολῶν.
1802 4844 1899 4898 Καὶ

247 4940 518 5014 φαγόντος
549 4937 608 4992 ἐκ
644 4941 741 4992 τοῦ
792 4936 915 4992 νέου
946 4937 1096 4991 σίτου
1128 4941 1224 4991 τοῦ
1257 4935 1396 4992 λαοῦ
1425 4941 1495 5010 τῇ
1550 4934 1686 5010 αὐτῇ
1719 4932 1901 5009 ἡμέρᾳ

240 5023 456 5094 ἐξέλιπε
496 5025 559 5078 τὸ
595 5024 786 5096 μάννα.
820 5022 960 5080 Τότε
1015 5024 1101 5077 καὶ
1163 5023 1254 5077 τὸν
1315 5022 1752 5098 ἀρχιστράτηγον
1793 5029 1902 5078 Μι-

247 5113 402 5188 χαήλ
429 5111 565 5168 εἶδεν
598 5115 807 5182 Ἰησοῦς
839 5115 868 5167 ὁ
895 5116 996 5166 τοῦ
1029 5118 1180 5180 Ναυῆ
1218 5111 1294 5173 εἷς
1327 5112 1568 5185 Ἰεριχὼ,
1611 5108 1680 5166 δι’
1714 5109 1778 5166 οὗ
1811 5112 1899 5166 καὶ

247 5201 528 5276 παρεδόθη
599 5202 745 5272 αὐτῷ
801 5204 837 5271 ἠ
897 5201 1138 5279 Ἰεριχώ·
1219 5201 1352 5272 μετᾶ
1406 5200 1507 5276 γὰρ
1593 5201 1804 5275 ἡμέρας
1858 5202 1904 5265 ς’

246 5292 774 5364 περιστοιχισάντων
836 5289 1004 5360 αὐτὴν
1097 5288 1229 5360 μετὰ
1283 5295 1382 5356 τῆς
1429 5281 1713 5354 κιϐωτοῦ,
1784 5287 1897 5344 ἐπεὶ

247 5378 546 5433 ἐσάλπισαν
592 5379 682 5433 καὶ
741 5373 974 5447 ἐϐόησαν
1011 5378 1038 5432 ὁ
1071 5375 1227 5446 λαὸς,
1276 5371 1465 5432 ἔπεσον
1525 5377 1807 5451 αὐτόματα
1836 5377 1904 5433 τὰ

243 5469 434 5544 τείχη,
491 5469 582 5522 καὶ
640 5466 891 5538 εἰσῆλθεν
950 5466 1002 5521 ἐν
1045 5466 1181 5540 αὐτῇ
1240 5464 1488 5542 Ἰσραὴλ,
1545 5467 1635 5522 καὶ
1694 5467 1898 5544 ἐσφάγη

243 5562 353 5621 πᾶς
386 5559 414 5613 ὁ
442 5555 574 5621 λαὸς
599 5565 700 5629 τῆς
753 5556 978 5633 Ἰεριχὼ
1008 5557 1099 5612 καὶ
1158 5559 1260 5612 πᾶν
1320 5560 1478 5626 ζῶον,
1537 5555 1683 5628 πλὴν
1743 5552 1902 5613 Ῥάαϐ

323 5738 367 5773 ⁸³
394 5739 420 5794 ι
449 5741 582 5800 Cor.
605 5757 699 5810 vn,
735 5739 822 5796 19.

2074 4224 2219 4277 Cum
2243 4222 2496 4294 populus
2520 4223 2834 4279 Israelicus
2854 4223 3170 4279 Jordanem
3191 4224 3436 4279 fluvium
3460 4228 3654 4280 trans-

2004 4311 2226 4372 ivisset.
2269 4313 2447 4367 Josua
2470 4329 2604 4367 cum
2625 4313 2829 4367 cultris
2852 4313 3043 4368 saxeis
3086 4313 3478 4368 circumcidit.
3511 4315 3658 4368 Nam

2007 4417 2114 4472 per
2140 4401 2530 4474 quadraginta
2563 4418 2774 4469 annos,
2809 4419 2956 4473 quos
2987 4402 3046 4456 in
3079 4401 3398 4458 solitudine
3457 4418 3660 4476 exege-

2008 4496 2167 4558 runt,
2186 4507 2362 4546 nemo
2385 4491 2774 4546 circumcisus
2795 4491 2988 4556 fuerat
3013 4507 3025 4557 ;
3058 4507 3124 4546 ac
3151 4492 3425 4562 plerique
3457 4507 3664 4547 eorum

2011 4579 2111 4650 qui
2141 4579 2213 4635 ad
2245 4581 2396 4635 142
2448 4579 2672 4635 bellum
2695 4581 2815 4652 apti
2837 4587 3026 4650 erant,
3060 4581 3463 4638 incircumcisi
3490 4597 3663 4638 man-

2009 4675 2226 4724 serant.
2263 4669 2449 4724 Causa
2489 4668 2600 4724 fuit
2632 4669 2788 4740 quod
2847 4670 2920 4725 ab
2980 4670 3258 4726 omnibus
3310 4669 3662 4742 alienigenis

2010 4758 2264 4830 separati
2298 4758 2923 4814 nihilcircumcisione
2975 4759 3340 4829 indigebant.
3375 4758 3665 4814 Praeclare

2009 4848 2208 4918 itaque
2227 4864 2260 4902 a
2288 4847 2486 4902 divino
2502 4847 2782 4918 Apostolo
2797 4849 2839 4881 ⁴³
2868 4847 3089 4904 dictum
3107 4855 3398 4919 estneque
3412 4847 3662 4902 circum-

2011 4937 2300 4991 cisionem
2334 4936 2639 5008 quidpiam
2673 4938 2866 4993 valere
2909 4954 3103 5007 neque
3152 4935 3528 5008 prteputium,
3561 4931 3664 4987 sed

2013 5030 2444 5096 praeceptorum
2471 5024 2572 5079 Dei
2595 5025 3220 5088 observationemQuo
3250 5022 3343 5075 die
3358 5021 3521 5075 novis
3538 5019 3664 5073 fru-

2013 5115 2208 5170 ctibus
2227 5115 2480 5187 populus
2503 5116 2656 5169 vesci
2676 5116 2946 5186 cmpit,eo
2961 5129 3181 5169 manna
3195 5110 3592 5166 defecit.'l‘unc
3610 5112 3670 5162 et

2017 5203 2198 5260 divini
2236 5205 2530 5260 exercitus
2552 5204 2880 5275 principem
2925 5200 3275 5256 Michaelum
3295 5201 3474 5254 Josua
3515 5196 3668 5254 Jeri-

2014 5293 2233 5349 chunte
2265 5294 2426 5362 vidit,
2459 5294 2720 5362 urbsque
2763 5292 2872 5362 ipsi
2906 5291 2978 5346 ab
3011 5307 3077 5346 eo
3111 5290 3324 5345 tradita
3381 5294 3487 5344 est.
3525 5289 3668 5344 Cum

2016 5383 2178 5438 enim
2203 5383 2453 5454 populus
2485 5399 2613 5437 eam
2648 5398 2754 5453 per
2793 5398 2893 5435 sex
2953 5380 3080 5435 dies
3100 5379 3556 5446 circumivisset,
3589 5376 3672 5433 si-

2014 5471 2387 5544 mulgestata
2407 5470 2645 5527 fmderis
2669 5487 2826 5538 arca,
2867 5475 3256 5542 posteaquam
3310 5468 3469 5524 tubis
3527 5467 3674 5523 ceci-

2016 5563 2107 5618 nit
2128 5578 2196 5617 ac
2219 5561 2542 5617 clamorem
2574 5561 2838 5632 sustulit,
2867 5561 3088 5618 mcenia
3109 5560 3272 5618 urbis
3319 5561 3675 5616 corruerunt
