4186 6190
469 433 585 494 175

1785 409 2096 473 GEORGII
2145 407 2498 469 CEDRENI
3221 409 3226 412 ’
3751 405 3824 462 1Ἰ

465 567 840 642 populusque
856 560 917 616 in
939 573 1070 616 eam
1097 551 1356 610 intravit.
1393 547 1682 623 Oppidani
1705 544 2118 604 internecione

2240 546 2335 610 τῆς
2372 540 2583 642 ⁸ἱξόρνῃς
2626 538 2717 595 καὶ
2769 541 2870 594 τοῦ
2917 534 3072 592 οἴκου
3133 535 3325 604 αὐτῆς.
3383 534 3530 592 Ἐκεῖ
3577 535 3669 590 καὶ
3727 536 3878 610 Ἃχα

471 634 652 714 deleti
673 634 808 710 sunt
825 667 958 707 cum
1000 645 1206 703 bestiis
1225 641 1510 709 suis,sola
1529 638 1772 696 Bahaba
1802 634 2114 692 meretrice

471 752 531 802 et
551 745 680 816 ejus
699 740 923 797 familia
971 733 1308 806 superstite.
1343 733 1504 786 Tunc
1523 735 1580 785 et
1608 721 2115 816 Achanuslapidi-

471 810 727 892 bus—cum
744 829 970 886 familia
989 842 1095 881 sua
1107 827 1420 895 coopertus
1441 810 1716 890 est,quod
1729 817 1800 873 de
1818 814 2018 887 praeda
2035 829 2122 870 es-

474 933 564 982 set
583 921 909 996 peculatus.
945 920 1104 972 Tunc
1126 915 1302 970 etiam
1327 909 1686 970 Gabaonitaa,
1719 905 1872 962 Emi
1895 901 2116 976 posteri

475 1031 542 1071 ac
564 993 1090 1082 reliqui,simulato
1115 1021 1176 1060 se
1199 1002 1584 1074 longinquam
1597 1004 1817 1052 terram
1833 993 2118 1057 incolere,

473 1120 609 1160 cum
629 1104 803 1157 Josua
817 1097 1004 1155 fuadus
1018 1092 1551 1166 pepigerunt.Quos
1563 1104 1697 1144 cum
1717 1084 1931 1141 deinde
1943 1084 2122 1138 Josua

473 1190 864 1248 intellexisset
903 1185 1187 1242 finitimos
1237 1197 1385 1248 esse,
1420 1177 1711 1250 capitibus
1729 1173 1970 1246 quidem
2021 1187 2124 1228 e0-

471 1299 606 1337 rum
618 1273 1109 1352 pepercit,populi
1122 1279 1316 1328 tamen
1333 1267 1593 1324 lsraelici
1607 1266 1753 1320 lixas
1765 1262 2123 1330 calonesque

475 1388 604 1428 esse
609 1363 1284 1442 jussit.CumAmorraeis
1297 1375 1470 1432 porro
1485 1371 1752 1429 pugnans
1767 1353 1954 1410 solem
1967 1349 2125 1422 apud

473 1441 810 1516 Gabaonem
825 1457 1149 1526 lunamque
1171 1451 1244 1507 ad
1257 1449 1470 1504 vallem
1501 1446 1766 1500 Elomam
1801 1441 2124 1498 subsistere

465 1551 668 1624 jussit,
707 1549 849 1603 dum
898 1547 1099 1600 hostes
1157 1538 1550 1597 exscinderet.
1587 1538 1787 1607 Regna
1843 1533 1906 1586 in
1954 1545 2126 1586 suam

473 1621 826 1713 potestatem
845 1635 1070 1705 redegit
1088 1634 1266 1687 Josua
1296 1643 1544 1684 numero
1569 1627 1656 1690 29,
1679 1621 2048 1695 principatus
2071 1622 2124 1687 7,

478 1712 1080 1801 exceptaJerichunte
1114 1727 1170 1778 et
1199 1719 1400 1775 Getha.
1449 1715 1663 1771 Urbem
1722 1712 2126 1767 Jerichuntem

477 1797 658 1875 etiam
689 1816 1035 1872 Phwnicum
1065 1812 1274 1867 urbem
1305 1804 1856 1879 appellat,(‘.innaaos
1875 1797 2125 1872 posteri-

2223 624 2600 700 ἂλιθοϐολήθη
2638 629 2741 684 ὑπὸ
2789 630 2886 683 τοῦ
2939 624 3161 701 Ἰσραῆλ
3201 623 3293 687 ςὺν
3346 628 3474 679 πᾶσι
3534 629 3652 686 τοῖς
3707 625 3876 680 αὐτοῦ

2225 715 2315 774 διὰ
2363 719 2425 774 τὸ
2485 719 2798 793 ἀποκρύψαι
2853 717 3138 792 χρήματα.
3193 713 3332 770 Τότε
3381 711 3472 768 καὶ
3530 708 3874 769 Γαϐαωνῖτοι

2222 807 2312 863 καὶ
2345 808 2397 862 o't
2425 811 2521 863 τοῦ
2572 806 2769 864 Εὐαίου
2819 805 2910 860 καὶ
2943 805 2994 858 οἱ
3053 802 3267 872 λοιποὶ,
3326 803 3401 864 ὡς
3463 803 3729 876 μακρόθεν
3792 803 3879 858 οἳ-

2222 900 2461 967 κοῦντες,
2489 895 2629 971 πρὸς
2659 896 2869 966 Ἰησοῦν
2899 889 3132 956 σπονδὰς
3161 896 3470 948 ποιοῦνται’
3503 892 3598 954 οὓς
3626 888 3880 968 ἔπιγνοὺς

2225 984 2443 1060 ὕστερον
2499 983 2936 1062 πλησιοχῶρους
3016 982 3281 1058 ὑπάρχειν
3336 988 3438 1052 τῆς
3505 981 3599 1053 μὲν
3661 982 3875 1056 αἰχμα-

2227 1073 2429 1136 λωσίας
2459 1075 2831 1150 συνεχώρησε,
2873 1071 3140 1128 διακονεῖν
3173 1070 3230 1127 δὲ
3258 1073 3349 1126 καὶ
3387 1074 3470 1146 [Ρ.
3511 1070 3601 1137 81]
3641 1069 3876 1146 ξυλοφο-

2231 1173 2337 1242 ρεῖν
2371 1171 2449 1239 τῷ
2479 1165 2599 1239 λαῷ
2636 1165 2950 1240 προσέταξε.
3001 1164 3146 1227 Τοὺς
3178 1161 3236 1220 δὲ
3293 1164 3662 1238 ’Δμορραίους
3709 1161 3884 1219 πολε-

2233 1261 2347 1331 μῶν
2376 1251 2565 1327 ἔστησε
2610 1255 2700 1311 τὸν
2758 1254 2919 1326 ἥλιον
2973 1255 3110 1310 κατὰ
3165 1250 3360 1310 Γαϐαὼ
3437 1253 3528 1309 καὶ
3583 1252 3720 1308 κατὰ
3777 1255 3880 1332 φάο

2229 1366 2402 1422 ραγγα
2446 1343 2642 1418 Ἐλὼμ
2695 1345 2794 1414 τὴν
2854 1344 3109 1416 σελήνην,
3167 1342 3272 1406 ἕως
3330 1341 3700 1417 έξεπολέμησε
3751 1342 3886 1408 τοὺς

2231 1435 2486 1512 ἐχθροὺς.
2522 1439 2692 1490 Πᾶσαι
2741 1432 2798 1490 δὲ
2855 1433 2916 1498 ἃς
2963 1429 3268 1510 παρέλαϐεν
3303 1434 3511 1504 Ἰησοῦς
3570 1437 3667 1489 τοῦ
3725 1439 3881 1503 Ναυῆ

2233 1524 2510 1600 βασιλείας
2568 1525 2894 1580 εἰκοσιεννέα
2942 1524 3102 1594 ἦσαν,
3153 1523 3416 1598 ἐπαρχίαι
3477 1521 3534 1578 δὲ
3584 1523 3742 1593 ἑπτὰ,
3775 1525 3883 1578 πά-

2234 1614 2320 1690 ρεξ
2349 1617 2457 1668 τῶν
2501 1620 2601 1683 τῆς
2653 1614 2872 1689 Ὶεριχὼ
2929 1613 3154 1683 καὶτῆς
3213 1613 3331 1668 Γὲθ.
3387 1613 3504 1681 Τὴν
3563 1609 3621 1666 δὲ
3660 1613 3884 1687 Ἱεριχὼ

2232 1701 2395 1756 πόλιν
2454 1702 2544 1757 καὶ
2611 1701 2884 1757 Φοινίκων
2943 1698 3108 1756 πόλιν
3159 1699 3434 1774 ὀνομάζει,
3490 1698 3766 1761 Κινναίους
3822 1698 3887 1755 δὲ

2232 1791 2359 1853 τοὺς
2390 1791 2691 1867 ἀπογόνους
2733 1791 2926 1865 Ἰοθόρ.
2989 1790 3162 1852 Οὗτος
3198 1791 3296 1859 τήν
3357 1797 3458 1864 γῆν
3515 1797 3614 1857 τῆς
3654 1787 3889 1864 ἐπαγγε-

477 1913 662 1965 tatem
683 1905 956 1961 Iothoris.
984 1905 1161 1958 Josua
1192 1915 1328 1970 ergo
1361 1903 1581 1952 terram
1635 1891 1992 1963 promissam
2022 1889 2122 1942 Ju-

2240 1880 2360 1941 λίας
2390 1885 2498 1935 τῶν
2529 1877 2806 1936 Ἰουδαίων
2858 1875 2994 1935 ἔθνει
3055 1877 3296 1952 διανέμει
3356 1878 3432 1940 είς
3489 1877 3720 1954 κλῆρον.
3779 1885 3888 1936 Τε-

481 1999 646 2055 daico
681 1994 899 2068 populo
933 1990 1200 2047 tributim
1248 1985 1569 2043 distribuit.
1615 1983 1875 2036 Mortuus
1906 1983 1993 2033 est
2023 1994 2126 2031 an-

480 2105 588 2144 nos
643 2065 816 2141 natus
879 2085 998 2140 110.
1048 2095 1182 2135 cum
1231 2077 1385 2132 148
1437 2073 1784 2128 Israelicum
1842 2065 2129 2139 populum

478 2192 668 2230 annos
698 2176 764 2226 27
797 2169 1066 2225 rexisset.
1103 2168 1390 2220 Humatus
1425 2168 1511 2216 est
1554 2154 2129 2216 Thamnathsarache

477 2265 539 2318 in
572 2254 1564 2330 montibusEphraimicis,cumque
1589 2265 1657 2304 eo
1680 2245 1899 2318 lapidei
1931 2241 2127 2299 cultri.

549 2355 616 2407 In
632 2351 870 2423 Argivos
891 2352 1022 2419 post
1047 2344 1331 2400 Inachum
1373 2340 1724 2395 Phoroneus
1747 2348 1993 2406 regnum
2025 2330 2130 2385 ob-

479 2442 678 2507 tinuit,
705 2457 770 2497 ac
799 2443 934 2511 post
955 2439 1110 2492 hunc
1139 2435 1342 2507 plures
1361 2431 1462 2487 alii
1484 2445 1674 2500 usque
1707 2425 1780 2482 ad
1813 2425 2128 2497 Lynceum,

481 2533 580 2604 qui
603 2534 801 2587 Danao
829 2527 950 2600 regi
983 2525 1207 2582 bellum
1234 2521 1455 2588 intulit,
1494 2535 1628 2575 eum
1652 2514 1888 2583 occidit,
1919 2527 2129 2585 regno-

483 2637 596 2692 que
629 2617 824 2690 potius
882 2615 1067 2672 tiliam
1130 2613 1259 2684 ejus
1313 2609 1825 2680 Clytaemnestram
1881 2615 2128 2656 uxorem

483 2708 668 2764 duxit.
701 2708 842 2760 Post
900 2705 1055 2758 hunc
1099 2701 1387 2770 Meriopas
1427 2713 1563 2752 cum
1618 2693 1882 2764 quinque
1941 2705 2131 2745 annos

487 2801 716 2851 tantum
746 2797 1073 2864 regnasset,
1101 2788 1352 2860 imperio
1394 2785 1647 2842 excidit:
1682 2789 1859 2852 atque
1917 2779 2001 2834 sic
2043 2794 2132 2832 re-

483 2901 666 2958 gnum
721 2883 1092 2954 Argivorum,
1151 2895 1286 2934 cum
1349 2878 1452 2929 549
1511 2889 1702 2929 annos
1733 2871 2024 2937 durasset,
2056 2865 2131 2922 ad

485 2975 786 3046 Sicyonios
819 2975 1051 3028 Graecos
1083 2967 1435 3026 translatum
1467 2969 1575 3020 est.

554 3167 728 3222 Mosis
761 3167 930 3221 astate
963 3161 1205 3236 quidam
1228 3176 1475 3234 magnus
1533 3156 1621 3211 vir
1649 3157 1834 3228 Gyges
1865 3148 2129 3220 nomine,

484 3258 555 3312 de
581 3256 769 3329 Iapeti
802 3255 1006 3326 stirpe,
1038 3253 1290 3318 Atticam
1331 3250 1610 3322 indigena
1640 3247 1763 3318 ipse
1823 3264 2004 3322 regno
2043 3256 2133 3305 te-

483 3348 616 3402 nuit
645 3363 752 3418 per
780 3361 968 3399 annos
1001 3346 1088 3398 32.
1123 3344 1203 3396 Eo
1235 3345 1520 3414 regnante
1575 3337 1859 3394 diluvium
1894 3338 1955 3392 in
2006 3338 2133 3394 sola

487 3437 679 3490 Attica
710 3433 954 3497 exstitit,
990 3448 1106 3503 quo
1131 3437 1188 3486 et
1217 3449 1318 3487 rex
1360 3430 1536 3502 periit
1568 3433 1626 3483 et
1655 3431 1778 3483 tota
1831 3444 1900 3482 ea
1947 3428 2130 3501 regio,

487 3541 618 3596 quae
650 3523 829 3580 etiam
861 3539 968 3594 per
993 3524 1099 3576 200
1131 3521 1408 3590 deinceps
1438 3535 1628 3574 annos
1659 3516 1884 3574 inculta
1922 3517 2132 3589 jacuit.

567 3695 689 3760 Quo
721 3697 986 3764 tempore
1018 3689 1329 3747 Israelicus
1361 3686 1616 3760 populus
1664 3704 1734 3742 ex
1777 3688 2017 3761 Egypto
2049 3691 2140 3743 est

496 3799 787 3856 egressus,
821 3781 1094 3838 Molossis
1117 3779 1395 3851 indigena
1415 3776 1677 3849 quidam,
1698 3776 1874 3832 Aides
1896 3776 2136 3832 nomine

493 3875 833 3947 (Plutonem
857 3872 1046 3928 Latini
1077 3872 1304 3940 vocant)
1334 3885 1468 3924 cum
1499 3884 1679 3922 uxore
1725 3883 1831 3922 sua
1859 3866 2141 3922 Melindia

493 3963 829 4036 imperavit.
863 3962 925 4016 Ei
957 3960 1077 4031 regi
1113 3959 1230 4013 filia
1279 3957 1409 4025 fuit,
1468 3956 1712 4011 nomine
1759 3955 2136 4027 Proserpina.

493 4054 678 4120 Quam
711 4070 846 4108 cum
887 4051 1186 4104 Pirithous
1217 4047 1370 4119 regis
1401 4045 1775 4101 consiliarius
1801 4049 2047 4110 amaret,
2081 4050 2140 4099 et

487 4160 624 4199 cum
651 4141 876 4213 virgine
907 4137 1235 4209 composita
1261 4141 1440 4190 noctu
1463 4150 1587 4188 eam
1610 4149 1818 4204 rapere
1860 4132 2135 4187 instituit.

484 4229 866 4300 Deprehenso
897 4226 1010 4280 hoc
1043 4230 1258 4280 conatu
1279 4223 1451 4278 Pluto
1496 4238 1726 4288 canem,
1762 4238 1940 4290 quem
1973 4225 2136 4276 vasto

481 4333 727 4386 corpore
761 4321 819 4369 et
851 4331 1070 4369 suarum
1128 4311 1402 4377 habebat,
1430 4308 1838 4365 Tricerberum
1869 4310 2134 4376 nomine,

482 4404 626 4457 foris
661 4403 733 4457 ad
756 4403 1009 4474 januam
1034 4400 1406 4472 Proserpina)
1437 4398 1566 4470 ipsa
1613 4398 1700 4452 rei
1760 4398 2136 4470 imprudente

481 4492 814 4548 constituit.
839 4493 927 4546 lta
965 4491 1294 4545 Pirithoum
1319 4493 1497 4543 noctu
1524 4503 1586 4543 se
1631 4487 1704 4542 ad
1747 4487 1910 4541 illam
1943 4487 2137 4544 confe-

480 4587 714 4637 rentem
746 4581 988 4636 adortus
1013 4579 1180 4635 canis
1199 4576 1496 4633 interfecit
1520 4593 1533 4642 ;
1558 4581 1742 4647 atque
1777 4576 1966 4647 ipsam
1991 4593 2134 4648 quo-

2236 1970 2398 2040 λευτᾷ
2485 1968 2541 2024 δὲ
2597 1973 2761 2040 ζήσας
2818 1967 2910 2040 ἔτη
2972 1970 3156 2024 ἑκατὸν
3241 1965 3390 2032 δέκα,
3448 1971 3718 2043 κρατήσας
3783 1971 3886 2022 τοῦ

2236 2057 2457 2134 Ἰσραήλ
2489 2054 2582 2129 ἔτη
2627 2058 2797 2114 εἶ’κοσι
2858 2057 3009 2117 έπτά.
3073 2057 3168 2113 Καὶ
3221 2053 3418 2132 ἔθαψαν
3463 2057 3627 2112 αὐτὸν
3683 2056 3734 2112 ἐν
3777 2065 3886 2113 Θα-

2237 2149 2582 2223 μναθσαρᾶχ,
2615 2147 2772 2221 ἐντῷ
2827 2144 2940 2223 ὄρει
3001 2147 3258 2228 Ἐφραίμ,
3319 2147 3677 2222 συνθάψαντες
3729 2147 3887 2222 αὐτῷ

2232 2238 2323 2294 καὶ
2354 2239 2447 2300 τὰς
2473 2240 2726 2314 πετρίνας
2752 2239 3050 2314 μαχαίρας.

2298 2329 2425 2385 Ὅτι
2481 2332 2588 2382 τῶν
2629 2328 2888 2405 ’Λργείων
2930 2327 3065 2400 μετᾶ
3125 2331 3344 2402 ΙἸναχον
3392 2323 3707 2383 ἐϐασίλευσε
3767 2333 3882 2382 Φο-

2235 2417 2457 2491 ρωνεὺς,
2488 2418 2575 2472 καὶ
2629 2415 2791 2472 ἄλλοι
2851 2415 2908 2472 δὲ
2962 2416 3185 2480 πλείους
3249 2418 3360 2490 μετ’
3419 2417 3578 2472 αὐτὸν
3629 2417 3730 2478 ἓως
3778 2421 3883 2473 τοῦ

2234 2506 2514 2580 Λυγκέως,
2546 2507 2605 2569 ὃς
2638 2511 2826 2577 Δαναῷ
2852 2505 3174 2580 πολεμήσας
3205 2511 3284 2578 τῷ
3326 2505 3560 2582 βασιλεῖ,
3614 2507 3702 2561 καὶ
3757 2511 3886 2562 τοῦ-

2233 2615 2324 2650 τον
2382 2594 2722 2665 ἀποκτείνας,
2795 2597 2893 2666 τήν
2966 2617 3025 2651 τε
3082 2594 3360 2671 βασιλείαν
3419 2595 3582 2651 αὐτοῦ
3630 2597 3720 2652 καὶ
3775 2597 3881 2667 τὴν

2236 2685 2502 2759 θυγατέρα
2551 2683 3037 2759 Κλυταιμνήστραν
3127 2688 3234 2756 (76)
3329 2683 3403 2746 εἷς
3461 2692 3688 2762 γυναῖκα
3736 2707 3885 2760 παρ-

2235 2770 2416 2831 έλαϐε.
2452 2775 2603 2830 Μετὰ
2631 2778 2820 2829 τοῦτον
2857 2774 3139 2850 Μεριόπας
3186 2772 3347 2830 πέντε
3405 2773 3604 2847 μόνους
3644 2777 3889 2849 χρόνους

2239 2857 2642 2938 βεϐασιλευκὼς
2709 2863 2870 2926 αὐτὸς
2957 2862 3326 2934 καταλύεται,
3388 2865 3478 2920 καὶ
3535 2867 3569 2934 ἡ
3632 2865 3888 2939 βασιλεία

2231 2955 2339 3006 τῶν
2374 2952 2633 3026 ’Λργείων
2673 2951 2762 3007 ἐπὶ
2814 2959 2944 3030 φμθ“
3002 2950 3095 3023 ἔτη
3157 2949 3479 3028 διαρκέσασα
3533 2954 3607 3016 εἰς
3666 2961 3892 3010 Σικυω-

2233 3040 2380 3104 νίτας
2406 3039 2535 3102 τοὺς
2565 3037 2926 3104 Ἐλλαδικοὺς
2953 3043 3378 3116 μεταπεπτώκει.

2306 3131 2398 3188 Ἐν
2459 3127 2517 3185 δὶ
2580 3136 2700 3195 τοῖς
2750 3130 2971 3206 χρόνοις
3029 3134 3305 3195 Μωῦσέως
3367 3130 3553 3210 γέγονέ
3606 3155 3689 3198 τις
3746 3135 3890 3212 ἀνὴρ

2239 3216 2427 3296 μέγας,
2461 3219 2521 3275 ἐκ
2547 3226 2646 3290 τῆς
2701 3217 2882 3299 ῳυλῆς
2948 3221 3148 3296 Ἰάφεθ,
3200 3223 3260 3283 ὃς
3297 3220 3581 3298 αὐτόχθων
3640 3220 3714 3278 ὢν
3757 3219 3893 3278 ἐϐα-

2238 3311 2451 3366 σίλευσε
2479 3317 2578 3381 τῆς
2613 3312 2864 3380 Ἀττικῆς
2904 3305 2996 3380 ἔτη
3054 3309 3163 3386 λβ“.
3222 3313 3436 3385 Ὀνομα
3493 3316 3572 3384 τῷ
3603 3311 3750 3389 ἀνδρῖ
3781 3319 3891 3367 Γυ-

2237 3422 2357 3474 γης.
2414 3401 2534 3456 Ἐπ’
2591 3399 2757 3454 αὐτοῦ
2807 3398 2999 3475 γέγονε
3063 3402 3409 3474 κατακυσμὸς
3471 3400 3522 3455 ἐν
3557 3405 3624 3475 τῇ
3659 3403 3890 3476 Ἀττικῇ

2245 3491 2406 3565 μόνῃ·
2467 3490 2630 3552 αὐτός
2687 3510 2747 3545 τε
2801 3487 3054 3544 ἀπώλετο
3110 3490 3200 3544 καὶ
3264 3493 3298 3559 ἡ
3359 3491 3518 3567 χώρα
3573 3495 3737 3560 πᾶσα,
3792 3491 3892 3547 καὶ

2239 3574 2342 3641 ’έως
2377 3579 2510 3634 ἐτῶν
2537 3577 2828 3634 διακοσίων
2851 3572 3058 3653 ἔρημος
3086 3572 3311 3652 ἔμεινεν.

2316 3669 2401 3725 Ἐν
2428 3664 2485 3723 δὲ
2513 3673 2631 3729 τοῖς
2661 3673 2874 3742 καιροῖς
2931 3675 3030 3736 τῆς
3088 3665 3274 3738 ἐξόδου
3326 3672 3434 3724 τῶν
3483 3669 3614 3724 υῖῶν
3660 3669 3894 3744 Ἰσραὴλ

2241 3764 2341 3827 τῆς
2398 3759 2505 3812 τῶν
2577 3755 2881 3816 Μολοσσῶν
2945 3757 3131 3832 χώρας
3201 3756 3483 3832 αὐτόχθων
3533 3779 3636 3826 τις,
3696 3757 3899 3829 Ἀίδης

2246 3845 2438 3922 ὄνομα,
2500 3842 2905 3922 βεϐασιλευκὼς
2995 3849 3130 3920 μετά
3205 3845 3497 3910 Μελινδίας
3575 3855 3675 3918 τῆς
3730 3849 3911 3904 αὐτοῦ

2242 3938 2492 4014 γυναικὸς
2525 3935 2652 4012 ἔσχε
2694 3937 2957 4011 θυγατέρα
3018 3938 3117 4006 τὴν
3169 3938 3531 4016 Περσεφόνην,
3584 3939 3650 4005 ἧς
3705 3937 3904 4011 Πειρί-

2243 4031 2368 4088 θους
2427 4027 2454 4081 ὁ
2506 4025 2671 4081 αὐτοῦ
2727 4024 3089 4100 συγκλητικὸς
3161 4023 3400 4100 ἐρασθεὶς
3455 4027 3591 4081 κατὰ
3643 4025 3898 4097 σύνταξιν

2243 4117 2412 4187 αὐτῆς
2496 4116 2727 4190 ἁρπάσαι
2822 4115 3021 4186 ταύτην
3079 4116 3270 4178 νυκτὸς
3325 4110 3629 4188 ἐϐουλήθη,
3710 4121 3893 4172 Τοῦτο

2243 4204 2406 4284 γνοὺς
2451 4202 2660 4274 Ἀίδης,
2718 4203 2776 4258 ὃν
2838 4207 2958 4280 εἶχε
3010 4205 3146 4260 κύνα
3213 4203 3464 4281 μέγιστον
3526 4205 3616 4260 καὶ
3673 4202 3896 4281 ἄγριον,

2243 4288 2602 4370 Τρικέρϐερον
2633 4291 3130 4366 ἐπονομαζόμενον,
3159 4290 3263 4364 ἔξω
3317 4293 3414 4360 τῆς
3469 4294 3634 4370 θύρας
3693 4291 3900 4366 ἔστησε

2245 4384 2582 4462 Περσεφόνης
2611 4381 2935 4457 ἀγνοούσης.
2969 4385 3080 4439 Τοῦ
3112 4381 3168 4438 δὲ
3216 4384 3465 4460 Πειρίθου
3522 4385 3658 4461 πρὸς
3717 4385 3899 4454 αὐτὴν

2241 4473 2684 4550 παραγενομένου
2739 4473 2952 4542 νυκτὸς,
3012 4471 3328 4550 ἐφορμήσας
3377 4475 3406 4528 ὁ
3465 4472 3611 4528 κύων
3670 4473 3896 4530 ἀνεῖλεν

2244 4563 2429 4619 αὐτόν.
2459 4561 2785 4632 Ἐξελθοῦσα
2817 4559 2874 4616 δὲ
2903 4562 3040 4637 πρὸς
3070 4564 3169 4633 τήν
3227 4563 3476 4638 ταραχὴν
3519 4565 3552 4632 ἡ
3585 4564 3722 4638 κόρη
3798 4561 3902 4618 δι..

481 4690 594 4746 que
618 4671 1057 4743 Proserpinam,
1093 4672 1245 4725 144
1277 4684 1412 4723 eum
1458 4666 1531 4722 ad
1556 4667 1874 4721 tumultum
1925 4683 2124 4722 excur-

2240 4651 2561 4728 εσπᾶραοιται
2637 4650 2727 4706 καὶ
2803 4650 2936 4720 αὐτή
3010 4655 3091 4725 τῷ
3157 4652 3294 4710 κυνί.
3355 4653 3622 4708 Ἐντεῦθεν
3679 4652 3895 4726 ἐρρηθη

476 4769 654 4832 reret,
692 4763 1023 4834 discerpsit.
1059 4760 1202 4817 Inde
1234 4765 1375 4815 nata
1401 4764 1491 4814 est
1519 4756 1737 4823 fabula,
1769 4757 1926 4828 quod
1950 4757 2120 4813 Pluto

477 4858 568 4922 (ea
595 4872 705 4911 vox
748 4853 980 4910 divitias
1022 4852 1129 4906 viri
1162 4851 1290 4922 ejus
1314 4849 1604 4921 designat)
1629 4847 1850 4919 virgine
1883 4849 2124 4904 Proser-

473 4945 615 5018 pina
639 4950 806 5017 rapta
825 4943 897 5000 ad
921 4943 1142 4998 inferos
1165 4939 1248 5012 (id
1268 4945 1356 4994 est
1377 4937 1449 4994 ad
1471 4936 1702 5009 Aidem)
1733 4939 2118 4993 concesserit.

544 5035 837 5107 Egialeus
893 5033 1122 5105 primus
1164 5045 1413 5102 regnum
1470 5027 1531 5082 in
1580 5026 1886 5098 Sicyonios
1916 5028 2117 5099 gessit,

475 5143 662 5180 annos
693 5125 938 5179 52.Post
966 5123 1124 5176 hunc
1147 5118 1243 5175 alii
1288 5134 1456 5190 reges
1494 5116 1698 5186 viginti
1730 5133 1832 5172 sex
1881 5115 2121 5172 fuerunt

474 5230 661 5284 usque
691 5215 764 5271 ad
793 5214 1178 5284 Zeuxippum.
1215 5209 1316 5264 Hic
1340 5207 1626 5279 Sicyoniis
1657 5223 1844 5261 annos
1880 5207 2120 5279 triginta

475 5314 661 5354 unum
690 5299 1021 5373 imperavit.
1074 5297 1311 5354 Duravit
1340 5296 1449 5350 hoc
1487 5311 1735 5367 regnum
1770 5309 1958 5350 annos
1990 5294 2114 5349 980.

2235 4739 2687 4811 ὅτιὸΠλοότων,
2745 4741 2808 4795 τὸ
2860 4744 2957 4794 τοῦ
3016 4737 3206 4816 ἀνδρὸς
3265 4742 3493 4818 εὔπορον
3566 4741 3890 4818 σημαίνων,

2232 4833 2333 4902 τήν
2360 4831 2530 4908 κόρην
2557 4829 2896 4910 Περσεφόνην
2928 4829 3172 4906 ἁρπάσας
3210 4830 3262 4894 ἐς
3295 4830 3431 4905 ᾅδην
3463 4832 3665 4908 ᾤχετο.

2301 5013 2421 5069 Ὃτι
2453 5011 2481 5066 ὁ
2518 5011 2812 5087 Αἰγιαλεὺς
2869 5015 3087 5086 πρῶτος
3143 5015 3487 5066 Σικυωνιτῶν
3545 5010 3896 5081 πεντήκοντα

2232 5098 2327 5156 δύο
2361 5098 2451 5172 ἔτη
2483 5102 2631 5175 ἦρξε
2668 5103 2786 5176 μεθ’
2844 5101 2902 5157 ὅν
2944 5099 3108 5157 ἄλλοι
3162 5101 3242 5164 κς¹
3283 5096 3389 5164 ἕως
3447 5104 3544 5157 τοῦ
3602 5098 3895 5172 καλουμέ-

2229 5211 2321 5245 νου
2353 5190 2671 5260 Ζευξίππου,
2703 5193 2762 5252 ὃς
2812 5185 2929 5252 ἔτὸς
2986 5183 3038 5244 ἕν
3097 5189 3186 5246 καὶ
3239 5191 3531 5266 τριάκοντα
3600 5185 3895 5244 ἐϐασίλευ-

2230 5301 2314 5335 σεν
2349 5280 2398 5335 ἐν
2453 5279 2662 5343 αὐτοῖς.
2723 5281 2819 5335 Καὶ
2872 5277 3133 5356 κατέσχεν
3183 5279 3358 5337 αὐτῶν
3416 5283 3452 5352 ἡ
3500 5278 3747 5355 βασιλεία
3805 5275 3889 5336 ἔτι

2227 5368 2506 5424 ἐννακόσια
2545 5367 2896 5446 ὀγδοήκοντα.

1666 5515 2034 5572 XYLANDRI
2072 5515 2158 5571 ET
2198 5515 2416 5572 GOARI
2454 5514 2678 5571 ΝΟΤιΕ.

543 5647 656 5720 (76)
688 5647 882 5720 Malim
904 5647 1446 5720 Hypermnestram.
1472 5641 1584 5720 Sed
1607 5641 1733 5696 hanc
1755 5641 2121 5720 o_rn_11i_a_per-

476 5711 648 5793 sequi
677 5718 922 5789 nolo,ex
936 5711 1126 5790 poetis
1153 5722 1212 5772 et
1239 5715 1410 5772 libris
1439 5715 1514 5770 ad
1544 5728 1753 5770 eorum
1785 5711 2120 5784 intelligen-

2231 5641 2375 5716 tiam
2398 5641 2727 5716 parandam
2759 5642 2994 5716 scriptis
3043 5641 3369 5716 repetenda
3425 5640 3604 5713 inque
3655 5641 3889 5699 scholis

2232 5713 2365 5770 ideo
2392 5720 2553 5773 nota.
2585 5715 2727 5773 ΧΠ..
