4186 6190
287 379 400 440 1⁵17

1425 393 1984 458 HISTORIABUM
2029 395 2546 460 COMPENDIUM

3593 409 3712 469 178

357 516 442 618 :l‘a‘z
476 513 535 618 δε
565 515 876 593 δυτικᾶςκαὶ
906 523 974 581 τὰ
995 526 1130 582 κατὰ
1198 527 1430 586 Ἰταλίαν
1490 533 1628 606 μέρη
1686 533 1787 589 ὑπὸ
1831 538 1906 589 τῶ

2017 591 2025 602 _
2130 533 2488 607 Regionibus
2519 539 2723 592 autum
2757 537 2832 594 ad
2865 539 3007 596 solis
3036 557 3312 599 occasum
3335 544 3708 618 vergentibus

286 604 424 659 υἱῶν
451 606 622 664 Πέκου
653 616 753 665 τοῦ
781 614 872 668 καὶ
931 617 1052 679 Διὸς
1109 604 1672 696 ἐτοπαρχοῦντοξἙν
1723 621 1779 678 δὲ
1824 630 1943 688 τοῖς

2059 629 2118 680 et
2146 625 2329 681 Italia:
2352 627 2670 697 posteritas
2719 629 2840 684 Pici
2869 631 3023 686 Jovis
3056 649 3162 704 per
3192 635 3524 704 provincias
3552 655 3706 708 pra:—

282 693 560 796 :E}.?.nczv
619 700 647 753 6
693 702 1034 796 ,Προμηθεὺς
1100 710 1187 782 [Ρ.
1451 712 1538 766 καὶ
1607 711 1906 786 Ἐπιμηθεῖ)

2047 713 2177 769 fuit.
2203 693 2604 772 Inter—Graecos
2634 725 2826 774 autem
2861 693 3252 778 innotueruht
3290 693 3697 796 Prometheus,

281 782 495 847 Ἄτλας
531 807 590 841 τε
619 789 706 844 καὶ
769 791 797 844 6
855 795 1136 866 πανόπτης
1193 782 1397 876 Ἀργος
1454 782 1834 876 ἐγνωρίζοντο,
1878 803 1937 858 ὅν

275 873 368 968 καὶ
400 874 910 968 ἑκατοντόφθαλμον
940 881 1030 938 διὰ
1082 886 1146 940 τὸ
1195 873 1606 956 ὀξυωπέστατον-
1645 891 1733 947 καὶ
1781 893 1938 968 περί·

275 957 518 1018 ϐλεπτον
551 967 687 1021 εἶναι
736 970 837 1038 τήν
897 967 1134 1028 διάνοιαν
1193 975 1444 1038 ἐκάλουν.
1508 981 1610 1038 Καὶ
1642 983 1670 1037 6
1706 983 1800 1056 μὶν
1832 957 1936 1041 ’λ-

271 1049 410 1115 τλας
461 1053 870 1131 ἀστρονομικήν
935 1066 1122 1135 μετῄει
1182 1063 1514 1141 ἐπιστήμην,
1573 1068 1659 1125 διὸ
1713 1073 1804 1127 καὶ
1844 1073 1935 1128 τὸν

272 1141 504 1213 οὐρανὸν
564 1145 844 1221 βαστάζειν
906 1150 1063 1207 αὐτὸν
1152 1153 1540 1228 ἐμυθεύσαντο,
1607 1162 1934 1236 Προμηθεὺς

272 1228 339 1324 δὲ.
372 1238 792 1309 γραμματικὴν,
825 1235 902 1302 ὥς
943 1262 1127 1318 φασιν,
1187 1242 1414 1321 ἐξεῦρεν.
1478 1249 1545 1306 Οἱ
1601 1228 1667 1304 δὲ.
1713 1228 1932 1324 ’Ἀναξα-

269 1315 482 1396 γόρειοι
528 1324 892 1398 ἑρμηνεύουσι
920 1315 1044 1385 νοῦν
1079 1333 1171 1406 μὲν
1201 1315 1450 1408 τὸννΔία,
1497 1340 1598 1408 τήν
1657 1336 1713 1395 δὲ
1765 1315 1929 1412 Ἀθη-

266 1416 362 1464 vim
402 1413 631 1486 τέχνην.
666 1417 830 1474 ’Ὁθεν
859 1420 947 1474 καὶ
980 1421 1064 1481 τὸ.

265 1531 487 1602 Χειρῶν
533 1529 858 1604 ὀλλυμένων
921 1538 1032 1612 (77)
1091 1532 1235 1615 ἔρῥει
1293 1540 1606 1616 πολύμητιν
1668 1548 1923 1619 Ἀθήνη-ιο

261 1671 354 1766 τὸν
387 1671 448 1766 δε
483 1677 780 1751 Προμηθέα
844 1684 965 1735 νοῦν
1014 1676 1226 1761 ἔλεγον·
1268 1689 1580 1761 προμήθεια
1625 1689 1728 1766 γᾶρ
1781 1691 1922 1748 ἐστιν

261 1761 576 1839 ἀνθρώποις
606 1768 635 1822 6
663 1773 809 1833 νοῦς.
847 1772 940 1828 Διὸ
969 1773 1059 1828 καὶ
1095 1777 1417 1847 μυθεύονται
1447 1769 1574 1843 τοὺς
1604 1781 1922 1857 ἀνθρώπους

2049 805 2453 875 Epimetheus,
2485 807 2649 862 Atlas
2681 813 2740 862 et
2769 809 3109 864 acutissimo
3129 813 3259 867 visu
3283 815 3565 884 praeditus
3598 823 3700 871 Ar-

2047 909 2174 964 gus,
2200 894 2301 964 qui
2341 893 2414 949 ob
2472 895 2984 967 perspicacitatem
3041 900 3346 956 oculorum
3395 909 3572 974 atque
3605 905 3698 958 in-

2044 983 2201 1054 genii
2232 985 2682 1040 centumoculus
2715 991 2806 1040 est
2842 988 3192 1057 perhibitus.
3229 990 3389 1047 Atlas
3421 999 3694 1048 astrono-

2044 1072 2260 1127 micam
2295 1073 2564 1128 tractavit
2585 1075 2894 1130 scientiam
2922 1092 2934 1131 :
2963 1077 3160 1148 itaque
3183 1078 3428 1134 fabulati
3463 1086 3603 1138 sunt
3621 1082 3692 1138 ab

2043 1176 2112 1216 eo
2135 1161 2347 1216 caelum
2375 1163 3038 1232 gestari.Prometheum
3062 1170 3464 1239 grammaticae
3496 1171 3694 1229 inven-

2039 1256 2230 1309 torem
2261 1253 2442 1309 fuisse
2472 1254 2729 1310 tradunt.
2760 1255 3123 1330 Anaxagorei
3157 1277 3332 1330 porro
3351 1263 3690 1335 philosophi

2037 1343 2192 1399 Jovis
2223 1344 2464 1399 nomine
2507 1351 2790 1412 mentem,
2841 1347 3116 1403 Minervae
3165 1351 3443 1406 vocabulo
3501 1357 3690 1409 artem

2037 1432 2398 1506 intelligunt.
2433 1435 2596 1490 Unde
2628 1439 2717 1490 est
2747 1435 2936 1492 illud:

2162 1559 2226 1613 Et
2254 1559 2506 1614 manibus
2531 1576 2710 1615 cassus
2740 1564 3039 1632 sapientem
3070 1563 3302 1620 Pallada
3337 1568 3554 1638 quaerit.

2029 1700 2451 1757 Prometheum
2483 1707 2681 1758 autem
2725 1709 2986 1760 mentem
3019 1706 3489 1779 interpretantur
3518 1725 3533 1764 :
3594 1714 3686 1764 est

2030 1789 2190 1845 enim
2213 1789 2555 1846 hominibus
2585 1808 2620 1847 a
2649 1799 2846 1849 mente
2868 1795 3208 1866 prudentia,
3235 1814 3414 1868 quam
3445 1815 3684 1870 prome-

267 1852 744 1928 μεταπεπλάσοαι,
787 1855 1048 1928 δηλονότι
1090 1863 1196 1919 ἀπὸ
1255 1862 1522 1930 ἰδιωτείας
1570 1871 1648 1932 εἰς
1697 1877 1895 1947 γνῶσιν

267 1941 604 1973 'l‘-..._n-.‘.-
639 1943 693 1973 r‘.
723 1949 824 1973 -.δη
885 1970 942 1973 ν-.
979 1972 995 1973 Δ
1071 1953 1084 1970 ς
1163 1952 1218 1973 ’ν
1248 1958 1273 1969 ε-
1471 1962 1481 1973 .
1530 1964 1540 1973 .
1689 1957 1708 1973 ε
1735 1960 1746 1973 ι
1898 1963 1906 1973 .

2029 1880 2251 1935 theiam
2271 1879 2726 1937 dicunt.ldcirco
2746 1852 2924 1938 etiam
2947 1852 3289 1942 fabulantur
3311 1852 3383 1941 ab
3403 1852 3470 1942 e6

262 1941 604 2045 Ἐπιμηθεὺς
637 1943 695 2000 δὲ
723 1949 825 2045 τὴν
859 1953 1125 2023 μουσικὴν
1160 1952 1360 2029 ἐξεῦρε,
1392 1962 1484 2012 καί
1518 1941 1825 2016 Δευκαλίων
1853 1963 1906 2018 τὲ

2028 1985 2135 2024 nes
2156 1969 2338 2024 fuisse
2361 1971 2830 2042 transﬂguratos,
2863 1973 3146 2028 nimirum
3172 1975 3332 2045 quod
3381 1976 3557 2031 rudes
3604 1978 3682 2032 ad

261 2031 388 2104 περῖ
418 2037 520 2087 τοῦ
549 2035 941 2110 κατακλυσμοῦ
970 2047 1072 2110 τῆς
1100 2042 1352 2114 Ἀττικῆς
1382 2046 1691 2120 ἆνετάξατο.
1725 2051 1785 2109 Ὀ
1817 2052 1916 2109 Κέο

261 2125 406 2196 κροψ
439 2119 498 2178 δὲ
531 2121 728 2202 διφυὴς
759 2127 1080 2202 ὠνομάσθη,
1112 2134 1147 2203 ἢ
1181 2129 1269 2188 διὰ
1294 2138 1469 2208 μῆκος
1490 2119 1808 2212 σώματος,ἢ
1831 2142 1914 2197 ὅτι

259 2211 330 2266 A:
375 2213 400 2244 ,ι
492 2235 501 2252 ι
643 2214 668 2232 ν
807 2218 820 2235 ς
917 2216 972 2238 κν
1185 2223 1197 2242 1
1579 2211 1584 2212 7
1793 2232 1816 2252 ν

317 2233 571 2285 spata:
628 2237 702 2269 ων
761 2238 858 2280 τας
913 2235 1006 2276 eoo
1088 2223 1341 2298 γλώσσας
1396 2228 1684 2298 ἠπίστατο.
1741 2235 1914 2295 Ουτος

261 2301 397 2372 μετᾶ
435 2302 526 2356 τὸν
587 2306 974 2381 κατακλυσμὸν
1029 2318 1130 2381 τῆς
1185 2314 1438 2386 Ἀττικῆς
1499 2319 1739 2390 Ἀθηνῶν
1782 2318 1913 2376 ἐϐα-

254 2389 472 2446 σίλευσε
507 2393 743 2467 χρόνους
781 2398 842 2468 ν’,
892 2400 983 2453 καὶ
1040 2401 1146 2457 ἀπὸ
1203 2411 1303 2474 τῆς
1369 2407 1593 2477 Ἀθηνᾶς
1651 2412 1750 2480 τὴν
1809 2413 1910 2468 πό-

253 2478 339 2535 λιν
399 2482 640 2553 Ἀθήνας
697 2485 1002 2562 ὠνόμασεν.
1065 2493 1188 2549 Ἐπὶ
1275 2497 1439 2552 αὐτοῦ
1495 2497 1548 2553 ἐν
1611 2478 1912 2578 τῇνάκρο-

250 2569 418 2624 πόλει
459 2571 617 2628 ἐλαία
673 2578 909 2650 πρώτως
967 2579 1126 2659 ἐφύη.
1187 2585 1324 2641 Ἀπὸ
1381 2587 1576 2643 τούτου
1634 2569 1911 2667 Κεκροπία

249 2662 287 2728 ἡ
321 2664 486 2739 χώρα
516 2669 736 2754 πρῶτον
778 2666 1013 2740 ἐκλήθη.
1066 2675 1236 2738 Οὗτος
1294 2683 1510 2752 πρῶτος
1564 2680 1690 2754 βοῦν
1747 2662 1910 2737 ἕθαύ-

253 2767 392 2819 μασι
442 2751 534 2804 καὶ
592 2756 735 2816 Ζῆνα
795 2761 1246 2835 προσηγόρευσεν.
1307 2765 1426 2820 Ἐπὶ
1481 2768 1676 2824 τούτου
1731 2772 1795 2827 τὸ
1853 2771 1904 2827 ἐν

251 2836 422 2935 Δ-ήλῳ
468 2842 624 2935 ’ἱερὸν
683 2844 1038 2935 ’ᾼπὸλλωνος
1093 2851 1299 2921 Δηλίου
1371 2857 1474 2911 ὑπὸ
1553 2860 1904 2935 Ἐριχθονίου

251 2928 693 3025 υἱοῦηΚέκροπος
729 2931 976 3009 ἶδρύνθη.
1017 2939 1192 3004 Οὗτος
1241 2947 1528 3017 νομοθετεῖ
1578 2949 1673 3011 τὰς
1726 2955 1906 3025 γυναῖ-

249 3035 345 3080 iu;
374 3011 456 3071 ἔτι
509 3021 813 3094 παρθένους
871 3021 1031 3090 οὔσας
1090 3029 1167 3083 ἑνὶ
1225 3011 1378 3106 ἀνδρὶ
1435 3039 1514 3107 τῷ
1575 3011 1902 3111 βουλομένῳ

246 3113 562 3206 γαμεῖσθαι,
619 3113 712 3206 γαί
772 3113 962 3189 μηδενὶ
1024 3117 1182 3194 ἄλλῳ
1266 3121 1370 3187 ἕως
1426 3128 1652 3183 θανάτου
1728 3149 1896 3206 προσ-

248 3196 486 3274 ανέχειν·
519 3198 623 3264 ἕως
653 3203 755 3279 γὰρ
805 3205 969 3262 αὐτοῦ
1019 3206 1330 3288 ἀδιαφόρως
1389 3211 1548 3287 ἔζων,
1598 3220 1736 3293 πρὸς
1773 3196 1896 3276 ’και-

2027 2058 2335 2113 scientiam
2365 2058 2694 2114 adduxerit.
2730 2061 3008 2118 Musicam
3033 2061 3678 2135 invenitEpimetheus:

2027 2147 2346 2203 Deucalion
2369 2148 2682 2204 historiam
2713 2149 2914 2205 diluvii
2961 2151 3136 2207 Attici
3168 2152 3540 2224 conscripsit.
3571 2154 3678 2208 Ce-

2025 2254 2265 2308 cropem
2295 2237 2594 2310 duplicem
2629 2255 2733 2294 seu
2764 2238 2992 2295 duabus
3023 2240 3251 2296 naturis
3303 2248 3676 2299 constantem

2024 2329 2174 2384 145
2202 2328 2499 2396 dixerunt,
2521 2328 2638 2382 sive
2670 2328 2743 2383 ob
2775 2329 3039 2400 corporis
3072 2331 3519 2401 proceritatem,
3553 2333 3675 2388 sive

2023 2417 2179 2486 quod
2197 2417 2495 2488 Egyptius
2527 2417 2718 2488 patria
2732 2423 3047 2489 utramque
3072 2421 3331 2492 linguam
3349 2421 3673 2477 calleret.Is

2021 2510 2155 2576 post
2179 2505 2466 2560 diluvium
2491 2506 2749 2561 Atticum
2772 2507 3017 2561 Athenis
3067 2510 3331 2580 regnavit
3359 2526 3546 2565 annos
3577 2514 3669 2577 50,

2019 2594 2350 2666 urbemque
2383 2595 2644 2650 Athenas
2665 2611 2700 2650 a
2728 2596 2997 2651 Minerva:
3021 2597 3218 2653 Graeco
3251 2599 3493 2654 nomine
3515 2617 3668 2654 nun-

2020 2685 2272 2756 cupavit.
2314 2686 2393 2740 Eo
2424 2690 2709 2756 regnante
2766 2685 3023 2757 primum
3083 2686 3143 2740 in
3201 2703 3335 2742 arce
3390 2688 3522 2744 olea
3578 2695 3670 2744 est

2019 2779 2212 2829 enata.
2248 2773 2329 2827 Ab
2374 2774 2502 2844 ipso
2561 2775 2719 2846 regio
2781 2775 3063 2846 CecrOpia
3119 2781 3211 2830 est
3266 2777 3580 2848 appellata.
3613 2780 3667 2832 Is

2016 2863 2245 2938 primus
2274 2863 2482 2918 bovem
2515 2863 2841 2919 admiratus
2864 2870 2952 2919 est
2981 2871 3040 2920 et
3067 2866 3266 2921 Jovem
3289 2868 3667 2939 cognomina-

2015 2954 2114 3008 vit.
2165 2953 2304 3024 Ejus
2357 2958 2709 3024 tempestate
2761 2954 2964 3009 fauum
3023 2955 3324 3027 'Apollinis
3385 2956 3533 3011 Delii
3607 2956 3669 3012 in

2015 3041 2209 3096 insula
2241 3041 2376 3096 Delo
2408 3041 2666 3113 positum
2726 3047 2817 3096 est
2859 3042 2930 3097 ab
2978 3043 3358 3099 Erichthonio
3391 3047 3671 3119 Cecropis

2014 3131 2157 3186 ﬁlio.
2191 3132 2246 3185 Is
2275 3130 2465 3202 legem
2499 3130 2637 3185 tulit
2686 3131 2772 3185 uti
2830 3132 3085 3204 virgines
3144 3133 3244 3187 uni
3305 3134 3479 3189 alicui
3537 3137 3660 3191 viro

2011 3220 2231 3276 volenti
2263 3219 2780 3291 nuberent,neque
2813 3237 2880 3276 eo
2911 3221 3038 3276 vivo
3070 3238 3196 3277 rem
3228 3239 3361 3277 cum
3393 3223 3517 3279 ullo
3539 3225 3658 3279 alio

245 3269 812 3384 ρον-μιγνύμενοικαί
852 3296 1002 3360 αὗθις
1061 3271 1168 3354 ὃτε.
1211 3269 1895 3384 ρούλοκιτοαιῐδίαΙ-χζώρίῖύ-

2023 3269 2231 3276 .--ν-η
2263 3269 2777 3291 --ηπ----νηγν
2817 3269 2876 3276 ν-
2925 3269 3034 3276 .-.ν
3071 3269 3196 3277 η---
3230 3269 3361 3277 η---
3398 3269 3515 3279 ..-η
3540 3269 3655 3279 νυν

2017 3309 2310 3366 haberent.
2345 3311 2638 3364 Hactenus
2671 3310 2830 3364 enim
2863 3311 3202 3382 promiscuo
3225 3313 3544 3377 concubitu
3565 3315 3658 3369 usi

248 3395 426 3448 μενοι,
459 3379 536 3440 ὡς
573 3379 783 3452 ἄδηλον
840 3385 968 3441 εἶναι
1028 3388 1110 3452 τίς
1169 3389 1232 3445 ἃν
1291 3390 1377 3462 εἷ¹η
1436 3393 1632 3452 τούτου
1688 3401 1892 3474 πατὴρ,

243 3471 462 3534 κτηνῶν
487 3471 693 3542 τρόπον
725 3475 1079 3549 νοθευομὲνου
1119 3484 1216 3534 τοῦ
1272 3479 1462 3556 γένους
1510 3489 1578 3559 τῇ
1629 3485 1893 3561 ἐπιμιξίᾳ.

241 3555 443 3633 Ἔλεγε
470 3557 574 3633 γὰρ
607 3561 742 3616 αὐτὸ
770 3562 945 3620 αἴτιον
972 3568 1111 3622 εῖναι
1167 3574 1266 3624 τοῦ
1322 3571 1731 3647 κατακλυσμοῦ.
1793 3579 1896 3634 Καὶ

247 3646 360 3713 μετ’
392 3645 558 3701 αὐτὸν
603 3651 846 3723 Κραναὸς
903 3650 1246 3713 ἐϐασίλευσεν
1301 3655 1393 3732 ἔτη
1455 3661 1621 3722 ἐννέα.
1665 3665 1746 3720 ὅτι
1806 3667 1896 3720 καὶ

249 3735 458 3810 Σαπφὼ
490 3733 529 3805 ἤ
558 3739 649 3792 καὶ
678 3742 872 3814 πρώτη
903 3749 1132 3801 Μουσῶν
1166 3747 1515 3822 ἀνηγόρευτο,
1559 3757 1693 3809 Εἶτα
1749 3760 1897 3830 Φορ-

241 3821 360 3884 νεῦς
400 3826 492 3878 καὶ
532 3824 698 3882 ἄλλοι
733 3833 849 3903 μετ’
895 3834 1055 3890 αὑτὸν
1103 3834 1208 3899 ἕως
1269 3821 1483 3914 Κόδρου
1544 3821 1898 3916 βασιλεύσαν-

243 3923 343 3974 τος
400 3913 582 3968 αὐτῶν
641 3912 734 3989 ἔτη
816 3923 915 3977 κα“.
1015 3925 1259 3999 Ἐκράτει
1345 3929 1442 3983 οῦν
1501 3931 1535 4000 ἠ
1595 3933 1898 4002 Ἀθηναίων

249 3999 502 4096 βασιλεία
531 3998 625 4096 ἔτη
654 4006 798 4084 υιιβκ
839 3998 1129 4069 Κάντεῦθεν
1175 4015 1449 4095 ἄρχοντας
1500 3998 1726 4076 δώδεκα⁷
1759 4043 1896 4096 προ-

245 4086 570 4161 εϐάλλοντο,
604 4092 677 4150 δι’
706 4098 781 4151 ὧν
814 4101 848 4168 ἡ
879 4101 997 4154 κατ’
1038 4102 1233 4167 αὐτοὺς
1289 4103 1685 4181 διῳκονομεῖτο
1733 4112 1894 4167 πολι-

242 4179 374 4239 τεία,
436 4185 523 4238 Ἑν
579 4184 794 4248 τούτοις
850 4195 968 4254 τοῖς
1023 4192 1288 4268 ἄρχουσιν
1365 4179 1673 4271 ἐνομοθέτει
1727 4202 1897 4273 Ἀθη-

244 4271 406 4325 ναίων
433 4277 658 4345 πρῶτος
698 4276 920 4351 Δράκων
981 4281 1228 4355 ὀνόματι.
1287 4287 1422 4343 Μετ’
1474 4286 1634 4344 αὐτὸν
1696 4287 1753 4346 δὲ
1799 4271 1897 4347 Σύ-

243 4356 350 4451 λων
368 4366 469 4451 τοῦ
497 4363 802 4434 Δράκοντος
832 4367 960 4431 τοὺς
1019 4370 1222 4443 νόμους
1271 4375 1475 4444 ἡθέτει.
1527 4380 1662 4435 Εἶτα
1711 4379 1898 4451 Θάλης

245 4447 272 4502 6
294 4449 584 4544 ’Μιλήσιος
618 4451 978 4544 εθεσμοθέτει,
1011 4459 1102 4515 καὶ
1133 4459 1302 4518 πάλιν
1359 4464 1643 4542 Αἰσχύλος
1689 4447 1893 4544 τυραν-

242 4536 565 4633 νήσας-ἔτος
613 4541 668 4598 ἕν
727 4547 818 4600 καὶ
879 4555 1054 4621 μῆνας
1113 4552 1174 4622 ζ’.
1230 4556 1364 4610 Μεθ’
1419 4536 1893 4633 ὅν“Ἀλκι6ιαδης

2003 3399 2258 3468 fuerant,
2286 3399 2532 3454 arbitrio
2587 3416 2693 3454 suo
2752 3400 2909 3454 inter
2965 3415 3026 3454 se
3073 3400 3267 3472 juncti
3326 3418 3652 3472 rursusque

2005 3490 2260 3561 separati
2291 3509 2305 3556 ;
2335 3506 2450 3560 quo
2467 3490 2688 3544 factum
2721 3495 2812 3545 est
2839 3496 2904 3544 ut
2949 3507 3126 3547 nemo
3183 3497 3414 3564 patrem
3472 3509 3646 3548 suum

2004 3579 2155 3634 scire
2185 3584 2405 3650 posset,
2439 3580 2668 3650 pecoris
2704 3579 2893 3634 instar
2937 3581 3171 3650 spurios
3200 3583 3648 3652 procreantibus

2004 3667 2516 3723 hominibus.Eam
2551 3684 2674 3723 rem
2707 3667 2804 3722 ille
2828 3684 3066 3723 causam
3085 3669 3303 3724 diluvio
3326 3671 3651 3741 praabuisse

2005 3756 2257 3812 dicebat.
2296 3757 2608 3810 Posthunc
2631 3757 2892 3812 Cranaus
2921 3758 3185 3827 regnavit
3225 3775 3413 3814 annos
3440 3763 3500 3824 9;
3535 3777 3651 3831 quo

2006 3851 2270 3918 tempore
2289 3845 2521 3916 Sappho
2553 3845 2718 3911 vixit,
2751 3862 2881 3916 quae
2904 3845 3098 3916 prima
3146 3848 3445 3903 Musarum
3494 3849 3652 3904 dicta

2003 3934 2134 3990 fuit.
2163 3934 2459 3992 Successit
2505 3936 2728 3989 Cranao
2759 3935 3088 4001 Phorneus,
3122 3933 3338 4006 aliique
3370 3937 3651 4008 deinceps

2004 4041 2192 4096 usque
2225 4024 2300 4080 ad
2329 4023 2714 4095 Codrum,qui
2735 4039 2980 4095 regnum
3012 4040 3118 4095 per
3146 4041 3334 4079 annos
3363 4027 3424 4079 21
3451 4027 3651 4097 gessit.

2003 4115 2246 4172 Duravit
2274 4131 2521 4187 regnum
2571 4115 2932 4170 Atheniense
2990 4131 3178 4170 annos
3201 4117 3324 4170 492.
3350 4116 3492 4171 Inde
3524 4133 3650 4173 rem

2002 4206 2305 4279 publicam
2337 4222 2502 4262 suam
2529 4206 2816 4262 duodenis
2839 4205 3208 4277 principibus
3230 4207 3650 4264 administran-

2005 4296 2140 4352 dam
2196 4297 2590 4352 tradiderunt.
2642 4297 2723 4350 Ex
2782 4296 2875 4351 his
2941 4296 3170 4368 primus
3245 4298 3430 4353 Draco
3489 4297 3648 4372 leges

2003 4386 2465 4442 Atheniensibus
2495 4385 2710 4458 posuit,
2740 4401 2887 4456 quas
2920 4385 3046 4456 ejus
3104 4402 3412 4442 successor
3467 4388 3649 4446 Solon

2003 4475 2323 4548 abrogavit.
2356 4477 2493 4530 Post
2524 4476 2680 4530 hunc
2738 4475 2886 4530 alias
2917 4475 3126 4530 Thales
3174 4477 3434 4532 Milesius
3467 4479 3606 4535 tulit
3633 4496 3646 4545 ;

2002 4582 2362 4637 rursumque
2393 4565 2717 4637 Eschylus,
2753 4581 2887 4620 cum
2925 4565 2986 4620 in
3017 4581 3143 4620 rem
3195 4566 3498 4638 publicam
3557 4575 3652 4640 ty-

242 4625 328 4700 ξτη
363 4627 486 4700 δύο,
540 4635 662 4688 εἶτα
703 4634 868 4692 ἄλλοι
924 4640 1014 4710 ιη’,
1062 4642 1152 4697 καὶ
1206 4644 1356 4707 αὗθις
1416 4647 1450 4716 ἡ
1499 4646 1707 4704 τούτων
1760 4671 1892 4707 κατ-

2017 4655 2316 4710 rannidem
2351 4655 2647 4710 obtineret
2676 4671 2782 4726 per
2812 4671 3036 4709 annum
3069 4671 3135 4710 ac
3167 4659 3197 4708 7
3231 4672 3488 4712 menses.
3511 4659 3650 4712 Post

242 4715 407 4789 ελύθη
444 4721 719 4796 βασιλεία.
753 4726 840 4782 Ἐν
873 4725 1094 4792 ἐκείνοις
1123 4737 1241 4794 τοῖς
1271 4739 1484 4811 καιροῖς
1533 4737 1620 4792 καὶ
1674 4739 1725 4794 οἱ
1769 4760 1889 4816 κρι-

238 4809 320 4862 ταὲ
347 4811 532 4889 ἦρχον
562 4811 614 4866 ἐν
643 4814 786 4878 υἱοῖς
817 4817 1061 4892 Ἰσραήλ.

2002 4745 2160 4800 hunc
2189 4744 2525 4800 Alcibiades
2556 4744 2888 4809 biennium,
2921 4744 3135 4800 deinde
3158 4745 3254 4800 alii
3295 4747 3376 4814 l8,
3412 4761 3648 4800 rursus-

2003 4850 2117 4906 que
2139 4835 2348 4890 horam
2367 4851 2615 4907 regnum
2639 4833 2924 4890 abolitum
2947 4835 3100 4888 146
3128 4839 3235 4888 est.
3270 4836 3348 4888 Eo
3382 4837 3644 4902 tempore

233 4899 464 4969 judices
486 4904 706 4975 populo
735 4907 1012 4966 Israelico
1033 4913 1417 4983 praefuerunt,
1451 4935 1600 4990 quos
1630 4925 1872 4993 propter
1891 4899 2228 4979 Graecorum
2294 4923 2572 4979 historias
2619 4923 2817 4978 denuo
2875 4937 3340 4978 commemorare
3398 4920 3640 4992 placuit.

304 4990 431 5044 Τῶν
461 4995 665 5065 κριτῶν
696 4997 793 5048 τοῦ
845 4997 1067 5072 Ἰσραὴλ
1126 4999 1461 5077 ἐπανὰληψις
1500 5001 1589 5060 διὰ
1633 4990 1758 5069 ‘16:;—
1776 5012 1885 5063 τῶν

233 5075 518 5168 Ἑλλήνων
549 5081 814 5158 ἱστορίας.
849 5079 1002 5142 Μετᾶ
1055 5088 1261 5160 Ἰησοῦν
1308 5075 1404 5148 τοῦ
1457 5095 1610 5164 Ναυῆ
1672 5095 1731 5151 ἐκ
1783 5105 1884 5168 τῆς

234 5164 409 5262 Ἰούδα
437 5171 788 5262 καὶῗΣυμεὼν
817 5174 998 5253 φυλῆς
1032 5181 1116 5252 [Ρ.
1153 5183 1242 5255 83]
1275 5186 1394 5246 τοῖς
1425 5181 1691 5254 ἀλλήλων
1725 5164 1882 5262 σχοι-

231 5257 481 5330 νίσμασιν
531 5261 632 5317 ἀνὰ
691 5263 856 5338 μέρος
915 5267 1264 5338 βοηθούντων
1304 5279 1524 5347 πρῶτος
1575 5274 1729 5348 ἄρξαι
1786 5282 1882 5334 τοῦ

235 5343 370 5401 λαοῦ
403 5345 617 5424 λέγεται
647 5349 831 5409 Χάλεϐ
861 5348 954 5426 ἔτη
991 5355 1059 5415 λ’.
1091 5359 1239 5414 Μετᾶ
1283 5343 1444 5416 τοῦτο
1476 5363 1504 5418 6
1535 5343 1667 5427 λαος
1722 5363 1880 5420 εἰδώ-

235 5430 356 5498 λοις
385 5436 682 5514 λατρεύσεις
738 5439 1014 5500 ἐκδίδοται
1073 5443 1352 5504 δουλεύειν
1401 5455 1480 5524 τῷ
1527 5455 1882 5529 Χουσαρθὼμ

2066 5011 2726 5068 Judicumllebraeorum
2741 5018 3008 5084 tempora
3028 5028 3162 5067 cum
3174 5010 3386 5066 Graecis
3405 5008 3642 5066 collata.

1996 5100 2228 5157 Mortuo
2244 5102 2593 5158 JosuaJudae
2635 5102 2996 5157 etSimeonis
3027 5100 3436 5155 tribusmulua
3472 5099 3642 5154 auxi-

1994 5191 2076 5247 lia
2089 5191 2441 5263 junxerunt.
2475 5191 2710 5248 Primus
2756 5191 2972 5262 populo
3017 5189 3135 5244 dux
3155 5189 3336 5246 fuisse
3365 5195 3644 5248 narratur

1994 5281 2265 5347 Culebus,
2307 5299 2496 5337 annos
2528 5284 2614 5336 30.
2648 5279 2789 5336 Inde
2826 5278 3081 5350 populus
3129 5278 3462 5335 simulacris
3493 5280 3644 5338 divi-

1993 5387 2137 5425 num
2171 5371 2506 5426 exhibendo
2539 5370 2764 5425 cultum
2808 5368 3046 5436 meruit,
3095 5373 3160 5422 ut
3211 5369 3642 5427 Chusarthomo

1991 5457 2331 5529 Syriae,quae
2364 5466 2454 5514 est
2491 5459 2928 5532 Mesopotamia,
2974 5457 3097 5531 regi
3151 5459 3494 5516 servitutem
3523 5479 3642 5518 ser-

1404 5580 1761 5637 XYLANDRI
1817 5583 1907 5637 ET
1956 5581 2173 5638 GOARI
2227 5583 2450 5638 ΝΟΤᾹΞ.

304 5683 418 5753 (77)
449 5683 604 5740 Nihil
628 5685 838 5759 habeo,
870 5694 938 5745 ut
962 5707 1154 5764 neque
1188 5693 1259 5752 de
1281 5694 1449 5767 bove,
1474 5697 1630 5766 Jove,
1659 5697 1760 5770 qui
1786 5698 2074 5770 sequitur.
2109 5699 2242 5754 XvL.
