  <div class='ocr_page' id='page_1' title='image "/cluster/home/n/w/nwhite01/storage/ocr_20150623/121/hvd.32044073502478/095.png"; bbox 0 0 4156 6188; ppageno 0'>
   <div class='ocr_carea' id='block_1_1' title="bbox 448 400 2089 485">
    <p class='ocr_par' dir='ltr' id='par_1_1' title="bbox 448 402 2084 485">
     <span class='ocr_line' id='line_1_1' title="bbox 448 402 2084 485; baseline -0.012 -1"><span class='ocrx_word' id='word_1_1' title='bbox 448 423 566 485; x_wconf 78' lang='grc'>179</span> <span class='ocrx_word' id='word_1_2' title='bbox 1765 402 2084 468; x_wconf 85' lang='lat' dir='ltr'>GEORGII</span> 
     </span>
    </p>
   </div>
   <div class='ocr_carea' id='block_1_2' title="bbox 2215 400 3856 485">
    <p class='ocr_par' dir='ltr' id='par_1_2' title="bbox 2215 400 3856 468">
     <span class='ocr_line' id='line_1_2' title="bbox 2215 400 3856 468; baseline 0.003 -5"><span class='ocrx_word' id='word_1_3' title='bbox 2215 400 2469 464; x_wconf 69' lang='lat' dir='ltr'>lDRENI</span> <span class='ocrx_word' id='word_1_4' title='bbox 3738 407 3856 468; x_wconf 80' lang='lat'>180</span> 
     </span>
    </p>
   </div>
   <div class='ocr_carea' id='block_1_3' title="bbox 445 529 2086 616">
    <p class='ocr_par' dir='ltr' id='par_1_3' title="bbox 445 542 2086 616">
     <span class='ocr_line' id='line_1_3' title="bbox 445 542 2086 616; baseline -0.012 0"><span class='ocrx_word' id='word_1_5' title='bbox 445 559 598 616; x_wconf 81' lang='lat' dir='ltr'>viret</span> <span class='ocrx_word' id='word_1_6' title='bbox 625 572 814 613; x_wconf 89' lang='lat' dir='ltr'>annos</span> <span class='ocrx_word' id='word_1_7' title='bbox 872 551 1220 610; x_wconf 82' lang='lat' dir='ltr'>octodecim.</span> <span class='ocrx_word' id='word_1_8' title='bbox 1270 551 1415 605; x_wconf 87' lang='lat' dir='ltr'>Cum</span> <span class='ocrx_word' id='word_1_9' title='bbox 1473 550 1671 602; x_wconf 88' lang='lat' dir='ltr'>autem</span> <span class='ocrx_word' id='word_1_10' title='bbox 1710 561 1772 601; x_wconf 90' lang='lat' dir='ltr'>se</span> <span class='ocrx_word' id='word_1_11' title='bbox 1802 542 1877 599; x_wconf 87' lang='lat' dir='ltr'>ad</span> <span class='ocrx_word' id='word_1_12' title='bbox 1908 542 2086 598; x_wconf 87' lang='lat' dir='ltr'>Deum</span> 
     </span>
    </p>
   </div>
   <div class='ocr_carea' id='block_1_4' title="bbox 2213 529 3854 616">
    <p class='ocr_par' dir='ltr' id='par_1_4' title="bbox 2213 529 3854 611">
     <span class='ocr_line' id='line_1_4' title="bbox 2213 529 3854 611; baseline 0.002 -20"><span class='ocrx_word' id='word_1_13' title='bbox 2213 533 2429 611; x_wconf 86' lang='grc' dir='ltr'>βασιλεῖ</span> <span class='ocrx_word' id='word_1_14' title='bbox 2485 535 2685 611; x_wconf 79' lang='grc' dir='ltr'>Συρίας</span> <span class='ocrx_word' id='word_1_15' title='bbox 2738 542 2839 607; x_wconf 82' lang='grc' dir='ltr'>τῆς</span> <span class='ocrx_word' id='word_1_16' title='bbox 2898 537 3327 608; x_wconf 74' lang='grc' dir='ltr'>Μεσοποταμίας</span> <span class='ocrx_word' id='word_1_17' title='bbox 3383 529 3479 608; x_wconf 79' lang='grc' dir='ltr'>ἔτη</span> <span class='ocrx_word' id='word_1_18' title='bbox 3548 537 3639 608; x_wconf 81' lang='grc' dir='ltr'>ιη’.</span> <span class='ocrx_word' id='word_1_19' title='bbox 3697 540 3854 597; x_wconf 78' lang='grc' dir='ltr'>Ἐπι-</span> 
     </span>
    </p>
   </div>
   <div class='ocr_carea' id='block_1_5' title="bbox 449 624 2090 722">
    <p class='ocr_par' dir='ltr' id='par_1_5' title="bbox 449 631 2090 722">
     <span class='ocr_line' id='line_1_5' title="bbox 449 631 2090 722; baseline -0.012 -17"><span class='ocrx_word' id='word_1_20' title='bbox 449 647 706 722; x_wconf 90' lang='lat' dir='ltr'>populus</span> <span class='ocrx_word' id='word_1_21' title='bbox 727 640 1193 709; x_wconf 89' lang='lat' dir='ltr'>convertisset,is</span> <span class='ocrx_word' id='word_1_22' title='bbox 1216 639 1301 694; x_wconf 92' lang='lat' dir='ltr'>eis</span> <span class='ocrx_word' id='word_1_23' title='bbox 1332 638 1592 711; x_wconf 90' lang='lat' dir='ltr'>primum</span> <span class='ocrx_word' id='word_1_24' title='bbox 1615 635 1881 709; x_wconf 89' lang='lat' dir='ltr'>judicem</span> <span class='ocrx_word' id='word_1_25' title='bbox 1935 631 2090 687; x_wconf 79' lang='lat' dir='ltr'>exci-</span> 
     </span>
    </p>
   </div>
   <div class='ocr_carea' id='block_1_6' title="bbox 2215 624 3856 722">
    <p class='ocr_par' dir='ltr' id='par_1_6' title="bbox 2215 624 3856 702">
     <span class='ocr_line' id='line_1_6' title="bbox 2215 624 3856 702; baseline 0.003 -22"><span class='ocrx_word' id='word_1_26' title='bbox 2215 625 2491 701; x_wconf 69' lang='grc' dir='ltr'>ττὲψαντος</span> <span class='ocrx_word' id='word_1_27' title='bbox 2522 626 2697 682; x_wconf 90' lang='grc' dir='ltr'>τοίνυν</span> <span class='ocrx_word' id='word_1_28' title='bbox 2739 630 2836 682; x_wconf 78' lang='grc' dir='ltr'>τοῦ</span> <span class='ocrx_word' id='word_1_29' title='bbox 2892 624 3032 683; x_wconf 78' lang='grc' dir='ltr'>λαοῦ</span> <span class='ocrx_word' id='word_1_30' title='bbox 3088 628 3224 702; x_wconf 84' lang='grc' dir='ltr'>πρὸς</span> <span class='ocrx_word' id='word_1_31' title='bbox 3275 628 3404 683; x_wconf 83' lang='grc' dir='ltr'>Θεὸν</span> <span class='ocrx_word' id='word_1_32' title='bbox 3464 627 3715 699; x_wconf 74' lang='grc' dir='ltr'>ἀνίστησι</span> <span class='ocrx_word' id='word_1_33' title='bbox 3763 630 3856 685; x_wconf 81' lang='grc' dir='ltr'>τὸν</span> 
     </span>
    </p>
   </div>
   <div class='ocr_carea' id='block_1_7' title="bbox 449 715 2090 797">
    <p class='ocr_par' dir='ltr' id='par_1_7' title="bbox 449 715 2090 797">
     <span class='ocr_line' id='line_1_7' title="bbox 449 715 2090 797; baseline -0.01 -4"><span class='ocrx_word' id='word_1_34' title='bbox 449 715 596 793; x_wconf 71' lang='lat' dir='ltr'>tavit</span> <span class='ocrx_word' id='word_1_35' title='bbox 623 730 1055 797; x_wconf 89' lang='lat' dir='ltr'>Gothonielem,</span> <span class='ocrx_word' id='word_1_36' title='bbox 1087 728 1285 785; x_wconf 87' lang='lat' dir='ltr'>Calebi</span> <span class='ocrx_word' id='word_1_37' title='bbox 1317 728 1583 795; x_wconf 80' lang='lat' dir='ltr'>fratrem,</span> <span class='ocrx_word' id='word_1_38' title='bbox 1616 728 1758 782; x_wconf 88' lang='lat' dir='ltr'>natu</span> <span class='ocrx_word' id='word_1_39' title='bbox 1777 724 2090 779; x_wconf 77' lang='lat' dir='ltr'>minorem.</span> 
     </span>
    </p>
   </div>
   <div class='ocr_carea' id='block_1_8' title="bbox 2214 715 3855 797">
    <p class='ocr_par' dir='ltr' id='par_1_8' title="bbox 2214 715 3855 796">
     <span class='ocr_line' id='line_1_8' title="bbox 2214 715 3855 796; baseline 0.003 -26"><span class='ocrx_word' id='word_1_40' title='bbox 2214 715 2470 786; x_wconf 80' lang='grc' dir='ltr'>Γοθονιὴλ</span> <span class='ocrx_word' id='word_1_41' title='bbox 2526 721 2743 792; x_wconf 79' lang='grc' dir='ltr'>πρῶτον</span> <span class='ocrx_word' id='word_1_42' title='bbox 2831 718 3048 793; x_wconf 78' lang='grc' dir='ltr'>κριτὴν,</span> <span class='ocrx_word' id='word_1_43' title='bbox 3117 715 3351 796; x_wconf 67' lang='grc' dir='ltr'>ἀδελφὸν</span> <span class='ocrx_word' id='word_1_44' title='bbox 3435 719 3698 795; x_wconf 84' lang='grc' dir='ltr'>νεώτερον</span> <span class='ocrx_word' id='word_1_45' title='bbox 3756 724 3855 775; x_wconf 78' lang='grc' dir='ltr'>τοῦ</span> 
     </span>
    </p>
   </div>
   <div class='ocr_carea' id='block_1_9' title="bbox 448 801 2089 896">
    <p class='ocr_par' dir='ltr' id='par_1_9' title="bbox 448 815 2089 896">
     <span class='ocr_line' id='line_1_9' title="bbox 448 815 2089 896; baseline -0.01 -15"><span class='ocrx_word' id='word_1_46' title='bbox 448 827 504 881; x_wconf 88' lang='lat' dir='ltr'>Is</span> <span class='ocrx_word' id='word_1_47' title='bbox 533 823 817 896; x_wconf 85' lang='lat' dir='ltr'>populum</span> <span class='ocrx_word' id='word_1_48' title='bbox 845 823 914 875; x_wconf 75' lang='grc'>40</span> <span class='ocrx_word' id='word_1_49' title='bbox 944 834 1133 875; x_wconf 88' lang='lat' dir='ltr'>annos</span> <span class='ocrx_word' id='word_1_50' title='bbox 1162 817 1525 889; x_wconf 79' lang='lat' dir='ltr'>gubernavit.</span> <span class='ocrx_word' id='word_1_51' title='bbox 1582 815 1770 887; x_wconf 85' lang='lat' dir='ltr'>Hujus</span> <span class='ocrx_word' id='word_1_52' title='bbox 1828 820 2089 883; x_wconf 90' lang='lat' dir='ltr'>tempore</span> 
     </span>
    </p>
   </div>
   <div class='ocr_carea' id='block_1_10' title="bbox 2211 801 3852 896">
    <p class='ocr_par' dir='ltr' id='par_1_10' title="bbox 2211 801 3852 896">
     <span class='ocr_line' id='line_1_10' title="bbox 2211 801 3852 896; baseline 0.002 -35"><span class='ocrx_word' id='word_1_53' title='bbox 2211 801 2403 896; x_wconf 70' lang='grc' dir='ltr'>Κάλεϐ,</span> <span class='ocrx_word' id='word_1_54' title='bbox 2432 807 2492 868; x_wconf 82' lang='grc' dir='ltr'>δς</span> <span class='ocrx_word' id='word_1_55' title='bbox 2524 803 2695 896; x_wconf 79' lang='grc' dir='ltr'>ἔκρινε</span> <span class='ocrx_word' id='word_1_56' title='bbox 2725 808 2816 896; x_wconf 85' lang='grc' dir='ltr'>τὸν</span> <span class='ocrx_word' id='word_1_57' title='bbox 2866 805 2997 862; x_wconf 89' lang='grc' dir='ltr'>λαὸν</span> <span class='ocrx_word' id='word_1_58' title='bbox 3045 803 3138 879; x_wconf 83' lang='grc' dir='ltr'>ἔτη</span> <span class='ocrx_word' id='word_1_59' title='bbox 3192 810 3264 881; x_wconf 74' lang='grc' dir='ltr'>μ’.</span> <span class='ocrx_word' id='word_1_60' title='bbox 3315 808 3405 863; x_wconf 71' lang='grc' dir='ltr'>ἐπὶ</span> <span class='ocrx_word' id='word_1_61' title='bbox 3451 809 3650 865; x_wconf 87' lang='grc' dir='ltr'>τούτου</span> <span class='ocrx_word' id='word_1_62' title='bbox 3688 809 3852 885; x_wconf 72' lang='grc' dir='ltr'><strong>γέγο-</strong></span> 
     </span>
    </p>
   </div>
   <div class='ocr_carea' id='block_1_11' title="bbox 450 895 2091 973">
    <p class='ocr_par' dir='ltr' id='par_1_11' title="bbox 450 895 2091 969">
     <span class='ocr_line' id='line_1_11' title="bbox 450 895 2091 969; baseline -0.009 0"><span class='ocrx_word' id='word_1_63' title='bbox 450 895 737 969; x_wconf 80' lang='lat' dir='ltr'>diluvium</span> <span class='ocrx_word' id='word_1_64' title='bbox 791 907 1251 965; x_wconf 89' lang='lat' dir='ltr'>Deucalioneum</span> <span class='ocrx_word' id='word_1_65' title='bbox 1302 907 1361 961; x_wconf 89' lang='lat' dir='ltr'>in</span> <span class='ocrx_word' id='word_1_66' title='bbox 1393 906 1614 961; x_wconf 72' lang='lat' dir='ltr'>Graacia</span> <span class='ocrx_word' id='word_1_67' title='bbox 1659 904 1792 960; x_wconf 83' lang='lat' dir='ltr'>fuit.</span> <span class='ocrx_word' id='word_1_68' title='bbox 1839 904 2091 958; x_wconf 78' lang='lat' dir='ltr'>Rursum</span> 
     </span>
    </p>
   </div>
   <div class='ocr_carea' id='block_1_12' title="bbox 2209 895 3850 973">
    <p class='ocr_par' dir='ltr' id='par_1_12' title="bbox 2209 895 3850 973">
     <span class='ocr_line' id='line_1_12' title="bbox 2209 895 3850 973; baseline 0.005 -24"><span class='ocrx_word' id='word_1_69' title='bbox 2209 915 2283 949; x_wconf 71' lang='grc' dir='ltr'>νεν</span> <span class='ocrx_word' id='word_1_70' title='bbox 2325 896 2353 950; x_wconf 99' lang='lat'>6</span> <span class='ocrx_word' id='word_1_71' title='bbox 2384 895 2472 951; x_wconf 82' lang='grc' dir='ltr'>ἐπὶ</span> <span class='ocrx_word' id='word_1_72' title='bbox 2503 895 2870 959; x_wconf 82' lang='grc' dir='ltr'>Δευκαλίωνος</span> <span class='ocrx_word' id='word_1_73' title='bbox 2930 897 3314 971; x_wconf 78' lang='grc' dir='ltr'>κατακλυσμὸς</span> <span class='ocrx_word' id='word_1_74' title='bbox 3371 899 3423 954; x_wconf 75' lang='grc' dir='ltr'>ὲν</span> <span class='ocrx_word' id='word_1_75' title='bbox 3468 903 3540 973; x_wconf 79' lang='grc' dir='ltr'>τῇ</span> <span class='ocrx_word' id='word_1_76' title='bbox 3595 898 3850 959; x_wconf 72' lang='grc' dir='ltr'>ιΕλλάδι.</span> 
     </span>
    </p>
   </div>
   <div class='ocr_carea' id='block_1_13' title="bbox 448 984 2089 1080">
    <p class='ocr_par' dir='ltr' id='par_1_13' title="bbox 448 993 2089 1074">
     <span class='ocr_line' id='line_1_13' title="bbox 448 993 2089 1074; baseline -0.008 -17"><span class='ocrx_word' id='word_1_77' title='bbox 448 1001 710 1074; x_wconf 76' lang='lat' dir='ltr'>peccatis</span> <span class='ocrx_word' id='word_1_78' title='bbox 740 998 995 1071; x_wconf 90' lang='lat' dir='ltr'>populus</span> <span class='ocrx_word' id='word_1_79' title='bbox 1027 998 1211 1053; x_wconf 92' lang='lat' dir='ltr'>Deum</span> <span class='ocrx_word' id='word_1_80' title='bbox 1244 994 1570 1051; x_wconf 90' lang='lat' dir='ltr'>irritansab</span> <span class='ocrx_word' id='word_1_81' title='bbox 1610 1010 1678 1048; x_wconf 91' lang='lat' dir='ltr'>eo</span> <span class='ocrx_word' id='word_1_82' title='bbox 1713 993 1774 1048; x_wconf 90' lang='lat' dir='ltr'>in</span> <span class='ocrx_word' id='word_1_83' title='bbox 1832 996 2089 1064; x_wconf 88' lang='lat' dir='ltr'>potesta-</span> 
     </span>
    </p>
   </div>
   <div class='ocr_carea' id='block_1_14' title="bbox 2207 984 3848 1080">
    <p class='ocr_par' dir='ltr' id='par_1_14' title="bbox 2207 984 3848 1080">
     <span class='ocr_line' id='line_1_14' title="bbox 2207 984 3848 1080; baseline 0.004 -41"><span class='ocrx_word' id='word_1_84' title='bbox 2207 984 2312 1080; x_wconf 54' lang='lat' dir='ltr'>ibi</span> <span class='ocrx_word' id='word_1_85' title='bbox 2329 984 2494 1040; x_wconf 83' lang='grc' dir='ltr'>πάλιν</span> <span class='ocrx_word' id='word_1_86' title='bbox 2521 987 2583 1041; x_wconf 87' lang='grc' dir='ltr'>τὸ</span> <span class='ocrx_word' id='word_1_87' title='bbox 2630 987 2870 1080; x_wconf 63' lang='grc' dir='ltr'>πονηρὸν</span> <span class='ocrx_word' id='word_1_88' title='bbox 2929 989 3161 1058; x_wconf 94' lang='grc' dir='ltr'>ποιήσας</span> <span class='ocrx_word' id='word_1_89' title='bbox 3211 989 3240 1043; x_wconf 87' lang='grc' dir='ltr'>ὁ</span> <span class='ocrx_word' id='word_1_90' title='bbox 3299 989 3521 1062; x_wconf 81' lang='grc' dir='ltr'>Ἰσραὴλ</span> <span class='ocrx_word' id='word_1_91' title='bbox 3568 989 3848 1064; x_wconf 81' lang='grc' dir='ltr'>παρεδόθη</span> 
     </span>
    </p>
   </div>
   <div class='ocr_carea' id='block_1_15' title="bbox 448 1070 2089 1163">
    <p class='ocr_par' dir='ltr' id='par_1_15' title="bbox 448 1070 2089 1163">
     <span class='ocr_line' id='line_1_15' title="bbox 448 1070 2089 1163; baseline -0.008 -16"><span class='ocrx_word' id='word_1_92' title='bbox 448 1070 568 1147; x_wconf 76' lang='lat' dir='ltr'>tem</span> <span class='ocrx_word' id='word_1_93' title='bbox 586 1070 792 1163; x_wconf 84' lang='lat' dir='ltr'>Egloni</span> <span class='ocrx_word' id='word_1_94' title='bbox 814 1070 1076 1143; x_wconf 75' lang='lat' dir='ltr'>Moabico</span> <span class='ocrx_word' id='word_1_95' title='bbox 1107 1085 1230 1158; x_wconf 85' lang='lat' dir='ltr'>regi</span> <span class='ocrx_word' id='word_1_96' title='bbox 1281 1085 1531 1139; x_wconf 91' lang='lat' dir='ltr'>traditus</span> <span class='ocrx_word' id='word_1_97' title='bbox 1564 1087 1672 1147; x_wconf 89' lang='lat' dir='ltr'>est,</span> <span class='ocrx_word' id='word_1_98' title='bbox 1700 1097 1857 1138; x_wconf 90' lang='lat' dir='ltr'>anno</span> <span class='ocrx_word' id='word_1_99' title='bbox 1885 1079 2089 1137; x_wconf 89' lang='lat' dir='ltr'>mundi</span> 
     </span>
    </p>
   </div>
   <div class='ocr_carea' id='block_1_16' title="bbox 2215 1070 3856 1163">
    <p class='ocr_par' dir='ltr' id='par_1_16' title="bbox 2216 1070 3856 1163">
     <span class='ocr_line' id='line_1_16' title="bbox 2216 1070 3856 1163; baseline 0.004 -34"><span class='ocrx_word' id='word_1_100' title='bbox 2216 1072 2409 1163; x_wconf 55' lang='lat' dir='ltr'>Eylt‘ov</span> <span class='ocrx_word' id='word_1_101' title='bbox 2453 1073 2670 1163; x_wconf 82' lang='grc' dir='ltr'>βασιλεῖ</span> <span class='ocrx_word' id='word_1_102' title='bbox 2694 1070 3003 1133; x_wconf 79' lang='grc' dir='ltr'>Μωαϐιτῶν</span> <span class='ocrx_word' id='word_1_103' title='bbox 3048 1075 3101 1163; x_wconf 53' lang='grc' dir='ltr'>δν</span> <span class='ocrx_word' id='word_1_104' title='bbox 3154 1080 3234 1149; x_wconf 82' lang='grc' dir='ltr'>τῷ</span> <span class='ocrx_word' id='word_1_105' title='bbox 3289 1076 3519 1154; x_wconf 63' lang='grc' dir='ltr'>’γῨθμβ</span> <span class='ocrx_word' id='word_1_106' title='bbox 3572 1077 3703 1148; x_wconf 76' lang='grc' dir='ltr'>ἓτει,</span> <span class='ocrx_word' id='word_1_107' title='bbox 3759 1082 3856 1135; x_wconf 84' lang='grc' dir='ltr'>καὶ</span> 
     </span>
    </p>
   </div>
   <div class='ocr_carea' id='block_1_17' title="bbox 446 1160 2087 1249">
    <p class='ocr_par' dir='ltr' id='par_1_17' title="bbox 446 1160 2087 1249">
     <span class='ocr_line' id='line_1_17' title="bbox 446 1160 2087 1249; baseline -0.008 -13"><span class='ocrx_word' id='word_1_108' title='bbox 446 1181 608 1247; x_wconf 78' lang='grc'>3942,</span> <span class='ocrx_word' id='word_1_109' title='bbox 632 1160 807 1249; x_wconf 78' lang='lat' dir='ltr'>eique</span> <span class='ocrx_word' id='word_1_110' title='bbox 836 1176 1071 1233; x_wconf 79' lang='lat' dir='ltr'>servivit</span> <span class='ocrx_word' id='word_1_111' title='bbox 1128 1191 1315 1230; x_wconf 89' lang='lat' dir='ltr'>annos</span> <span class='ocrx_word' id='word_1_112' title='bbox 1369 1174 1456 1228; x_wconf 78' lang='grc'>48.</span> <span class='ocrx_word' id='word_1_113' title='bbox 1490 1172 1956 1244; x_wconf 81' lang='lat' dir='ltr'>Resipiscentem</span> <span class='ocrx_word' id='word_1_114' title='bbox 1989 1185 2087 1242; x_wconf 89' lang='lat' dir='ltr'>po-</span> 
     </span>
    </p>
   </div>
   <div class='ocr_carea' id='block_1_18' title="bbox 2213 1160 3854 1249">
    <p class='ocr_par' dir='ltr' id='par_1_18' title="bbox 2213 1160 3854 1244">
     <span class='ocr_line' id='line_1_18' title="bbox 2213 1160 3854 1244; baseline 0.004 -26"><span class='ocrx_word' id='word_1_115' title='bbox 2213 1160 2512 1220; x_wconf 71' lang='grc' dir='ltr'>ίδούλευσεν</span> <span class='ocrx_word' id='word_1_116' title='bbox 2545 1160 2638 1235; x_wconf 65' lang='grc' dir='ltr'>ἔτη</span> <span class='ocrx_word' id='word_1_117' title='bbox 2688 1172 2777 1235; x_wconf 69' lang='grc' dir='ltr'>ιη’.</span> <span class='ocrx_word' id='word_1_118' title='bbox 2836 1164 3008 1221; x_wconf 78' lang='grc' dir='ltr'>Πάλιν</span> <span class='ocrx_word' id='word_1_119' title='bbox 3057 1162 3116 1221; x_wconf 75' lang='grc' dir='ltr'>δὲ</span> <span class='ocrx_word' id='word_1_120' title='bbox 3174 1166 3369 1230; x_wconf 79' lang='grc' dir='ltr'>αὐτοὺς</span> <span class='ocrx_word' id='word_1_121' title='bbox 3426 1167 3854 1244; x_wconf 73' lang='grc' dir='ltr'>ἐπιστρέψαντας</span> 
     </span>
    </p>
   </div>
   <div class='ocr_carea' id='block_1_19' title="bbox 447 1251 2088 1343">
    <p class='ocr_par' dir='ltr' id='par_1_19' title="bbox 447 1257 2088 1343">
     <span class='ocr_line' id='line_1_19' title="bbox 447 1257 2088 1343; baseline -0.008 -18"><span class='ocrx_word' id='word_1_122' title='bbox 447 1270 655 1343; x_wconf 91' lang='lat' dir='ltr'>pulum</span> <span class='ocrx_word' id='word_1_123' title='bbox 680 1270 834 1323; x_wconf 87' lang='lat' dir='ltr'>Deus</span> <span class='ocrx_word' id='word_1_124' title='bbox 865 1271 1073 1339; x_wconf 88' lang='lat' dir='ltr'>postea</span> <span class='ocrx_word' id='word_1_125' title='bbox 1088 1265 1148 1320; x_wconf 92' lang='lat' dir='ltr'>in</span> <span class='ocrx_word' id='word_1_126' title='bbox 1168 1263 1502 1320; x_wconf 89' lang='lat' dir='ltr'>libertatem</span> <span class='ocrx_word' id='word_1_127' title='bbox 1523 1261 1778 1318; x_wconf 80' lang='lat' dir='ltr'>asseruit.</span> <span class='ocrx_word' id='word_1_128' title='bbox 1797 1257 2088 1316; x_wconf 81' lang='lat' dir='ltr'>ambidex-</span> 
     </span>
    </p>
   </div>
   <div class='ocr_carea' id='block_1_20' title="bbox 2213 1251 3854 1343">
    <p class='ocr_par' dir='ltr' id='par_1_20' title="bbox 2213 1251 3854 1334">
     <span class='ocr_line' id='line_1_20' title="bbox 2213 1251 3854 1334; baseline 0.004 -26"><span class='ocrx_word' id='word_1_129' title='bbox 2213 1252 2485 1328; x_wconf 65' lang='grc' dir='ltr'>ἐξαιρεῖται</span> <span class='ocrx_word' id='word_1_130' title='bbox 2514 1251 2604 1309; x_wconf 91' lang='grc' dir='ltr'>διὰ</span> <span class='ocrx_word' id='word_1_131' title='bbox 2631 1258 2728 1311; x_wconf 82' lang='grc' dir='ltr'>τοῦ</span> <span class='ocrx_word' id='word_1_132' title='bbox 2768 1252 3229 1333; x_wconf 61' lang='grc' dir='ltr'>άμειοτεροδεξιοῦ</span> <span class='ocrx_word' id='word_1_133' title='bbox 3286 1254 3451 1326; x_wconf 84' lang='grc' dir='ltr'>Ἀὼδ,</span> <span class='ocrx_word' id='word_1_134' title='bbox 3506 1255 3565 1321; x_wconf 79' lang='grc' dir='ltr'>ὅς</span> <span class='ocrx_word' id='word_1_135' title='bbox 3622 1255 3753 1334; x_wconf 86' lang='grc' dir='ltr'>ἔσχε</span> <span class='ocrx_word' id='word_1_136' title='bbox 3792 1260 3854 1314; x_wconf 80' lang='grc' dir='ltr'>τὸ</span> 
     </span>
    </p>
   </div>
   <div class='ocr_carea' id='block_1_21' title="bbox 447 1342 2088 1429">
    <p class='ocr_par' dir='ltr' id='par_1_21' title="bbox 447 1342 2088 1429">
     <span class='ocr_line' id='line_1_21' title="bbox 447 1342 2088 1429; baseline -0.01 -13"><span class='ocrx_word' id='word_1_137' title='bbox 447 1342 523 1416; x_wconf 82' lang='lat' dir='ltr'>tri</span> <span class='ocrx_word' id='word_1_138' title='bbox 553 1358 702 1415; x_wconf 88' lang='lat' dir='ltr'>Aodi</span> <span class='ocrx_word' id='word_1_139' title='bbox 732 1373 931 1429; x_wconf 82' lang='lat' dir='ltr'>opera.</span> <span class='ocrx_word' id='word_1_140' title='bbox 968 1357 1020 1410; x_wconf 92' lang='lat' dir='ltr'>ls</span> <span class='ocrx_word' id='word_1_141' title='bbox 1050 1356 1120 1410; x_wconf 92' lang='lat'>80</span> <span class='ocrx_word' id='word_1_142' title='bbox 1149 1370 1339 1410; x_wconf 88' lang='lat' dir='ltr'>annos</span> <span class='ocrx_word' id='word_1_143' title='bbox 1382 1351 1670 1424; x_wconf 89' lang='lat' dir='ltr'>populum</span> <span class='ocrx_word' id='word_1_144' title='bbox 1726 1347 2088 1423; x_wconf 78' lang='lat' dir='ltr'>gubernavit.</span> 
     </span>
    </p>
   </div>
   <div class='ocr_carea' id='block_1_22' title="bbox 2212 1342 3853 1429">
    <p class='ocr_par' dir='ltr' id='par_1_22' title="bbox 2212 1343 3853 1427">
     <span class='ocr_line' id='line_1_22' title="bbox 2212 1343 3853 1427; baseline 0.001 -27"><span class='ocrx_word' id='word_1_145' title='bbox 2212 1343 2487 1417; x_wconf 68' lang='grc' dir='ltr'>ἐπώνυμον</span> <span class='ocrx_word' id='word_1_146' title='bbox 2515 1349 2676 1400; x_wconf 82' lang='grc' dir='ltr'>τοῦτο</span> <span class='ocrx_word' id='word_1_147' title='bbox 2728 1343 2819 1401; x_wconf 88' lang='grc' dir='ltr'>διὰ</span> <span class='ocrx_word' id='word_1_148' title='bbox 2854 1347 2917 1401; x_wconf 86' lang='grc' dir='ltr'>τὸ</span> <span class='ocrx_word' id='word_1_149' title='bbox 2970 1345 3181 1419; x_wconf 82' lang='grc' dir='ltr'>ὁμοίως</span> <span class='ocrx_word' id='word_1_150' title='bbox 3236 1346 3289 1402; x_wconf 73' lang='grc' dir='ltr'>ἐν</span> <span class='ocrx_word' id='word_1_151' title='bbox 3349 1349 3511 1404; x_wconf 85' lang='grc' dir='ltr'>παντὶ</span> <span class='ocrx_word' id='word_1_152' title='bbox 3561 1349 3853 1427; x_wconf 81' lang='grc' dir='ltr'>πράγματι</span> 
     </span>
    </p>
   </div>
   <div class='ocr_carea' id='block_1_23' title="bbox 448 1434 2089 1518">
    <p class='ocr_par' dir='ltr' id='par_1_23' title="bbox 448 1438 2089 1518">
     <span class='ocr_line' id='line_1_23' title="bbox 448 1438 2089 1518; baseline -0.009 -13"><span class='ocrx_word' id='word_1_153' title='bbox 448 1450 619 1505; x_wconf 83' lang='lat' dir='ltr'>Anno</span> <span class='ocrx_word' id='word_1_154' title='bbox 652 1446 784 1518; x_wconf 85' lang='lat' dir='ltr'>ejus</span> <span class='ocrx_word' id='word_1_155' title='bbox 810 1448 877 1500; x_wconf 84' lang='lat'>27</span> <span class='ocrx_word' id='word_1_156' title='bbox 908 1444 1114 1501; x_wconf 80' lang='lat' dir='ltr'>Atticae</span> <span class='ocrx_word' id='word_1_157' title='bbox 1154 1458 1257 1498; x_wconf 79' lang='lat' dir='ltr'>rex</span> <span class='ocrx_word' id='word_1_158' title='bbox 1320 1441 1572 1512; x_wconf 87' lang='lat' dir='ltr'>Cecrops</span> <span class='ocrx_word' id='word_1_159' title='bbox 1630 1438 1871 1494; x_wconf 83' lang='lat' dir='ltr'>exstitit.</span> <span class='ocrx_word' id='word_1_160' title='bbox 1922 1439 2089 1492; x_wconf 83' lang='lat' dir='ltr'>Anno</span> 
     </span>
    </p>
   </div>
   <div class='ocr_carea' id='block_1_24' title="bbox 2213 1434 3854 1518">
    <p class='ocr_par' dir='ltr' id='par_1_24' title="bbox 2213 1434 3854 1518">
     <span class='ocr_line' id='line_1_24' title="bbox 2213 1434 3854 1518; baseline 0.002 -28"><span class='ocrx_word' id='word_1_161' title='bbox 2213 1438 2269 1508; x_wconf 68' lang='grc' dir='ltr'>τῇ</span> <span class='ocrx_word' id='word_1_162' title='bbox 2297 1434 2564 1509; x_wconf 76' lang='grc' dir='ltr'>εὐωνύμῳ</span> <span class='ocrx_word' id='word_1_163' title='bbox 2615 1442 2852 1509; x_wconf 78' lang='grc' dir='ltr'>χρῆσθαι</span> <span class='ocrx_word' id='word_1_164' title='bbox 2907 1434 3056 1511; x_wconf 84' lang='grc' dir='ltr'>χειρὶ</span> <span class='ocrx_word' id='word_1_165' title='bbox 3118 1436 3360 1511; x_wconf 80' lang='grc' dir='ltr'>καθάπερ</span> <span class='ocrx_word' id='word_1_166' title='bbox 3414 1437 3504 1492; x_wconf 83' lang='grc' dir='ltr'>καὶ</span> <span class='ocrx_word' id='word_1_167' title='bbox 3558 1441 3628 1512; x_wconf 82' lang='grc' dir='ltr'>τῇ</span> <span class='ocrx_word' id='word_1_168' title='bbox 3683 1434 3854 1518; x_wconf 73' lang='grc' dir='ltr'>δεξιᾷ.</span> 
     </span>
    </p>
   </div>
   <div class='ocr_carea' id='block_1_25' title="bbox 451 1516 2092 1610">
    <p class='ocr_par' dir='ltr' id='par_1_25' title="bbox 451 1516 2092 1610">
     <span class='ocr_line' id='line_1_25' title="bbox 451 1516 2092 1610; baseline -0.009 -17"><span class='ocrx_word' id='word_1_169' title='bbox 451 1516 885 1610; x_wconf 78' lang='lat' dir='ltr'>septuagesimo</span> <span class='ocrx_word' id='word_1_170' title='bbox 916 1532 1165 1605; x_wconf 86' lang='lat' dir='ltr'>septimo</span> <span class='ocrx_word' id='word_1_171' title='bbox 1184 1530 1470 1587; x_wconf 86' lang='lat' dir='ltr'>diluvium</span> <span class='ocrx_word' id='word_1_172' title='bbox 1492 1529 1601 1585; x_wconf 84' lang='lat' dir='ltr'>fuit</span> <span class='ocrx_word' id='word_1_173' title='bbox 1623 1529 1685 1583; x_wconf 90' lang='lat' dir='ltr'>in</span> <span class='ocrx_word' id='word_1_174' title='bbox 1714 1525 2018 1583; x_wconf 85' lang='lat' dir='ltr'>Thessalia</span> <span class='ocrx_word' id='word_1_175' title='bbox 2039 1530 2092 1580; x_wconf 91' lang='lat' dir='ltr'>et</span> 
     </span>
    </p>
   </div>
   <div class='ocr_carea' id='block_1_26' title="bbox 2215 1516 3856 1610">
    <p class='ocr_par' dir='ltr' id='par_1_26' title="bbox 2215 1516 3856 1610">
     <span class='ocr_line' id='line_1_26' title="bbox 2215 1516 3856 1610; baseline 0.004 -32"><span class='ocrx_word' id='word_1_176' title='bbox 2215 1523 2369 1610; x_wconf 57' lang='grc' dir='ltr'>ᾷῦτος</span> <span class='ocrx_word' id='word_1_177' title='bbox 2405 1526 2675 1610; x_wconf 64' lang='grc' dir='ltr'>Δἡγήσατο</span> <span class='ocrx_word' id='word_1_178' title='bbox 2730 1527 2828 1579; x_wconf 81' lang='grc' dir='ltr'>τοῦ</span> <span class='ocrx_word' id='word_1_179' title='bbox 2886 1522 3026 1581; x_wconf 77' lang='grc' dir='ltr'>λαοῦ</span> <span class='ocrx_word' id='word_1_180' title='bbox 3078 1520 3172 1597; x_wconf 80' lang='grc' dir='ltr'>ἔτη</span> <span class='ocrx_word' id='word_1_181' title='bbox 3229 1527 3301 1583; x_wconf 79' lang='grc' dir='ltr'>π’.</span> <span class='ocrx_word' id='word_1_182' title='bbox 3366 1526 3583 1585; x_wconf 78' lang='grc' dir='ltr'>Τούτου</span> <span class='ocrx_word' id='word_1_183' title='bbox 3636 1532 3718 1601; x_wconf 82' lang='grc' dir='ltr'>τῷ</span> <span class='ocrx_word' id='word_1_184' title='bbox 3774 1516 3856 1598; x_wconf 66' lang='grc' dir='ltr'>κζ’</span> 
     </span>
    </p>
   </div>
   <div class='ocr_carea' id='block_1_27' title="bbox 452 1607 2093 1697">
    <p class='ocr_par' dir='ltr' id='par_1_27' title="bbox 452 1607 2093 1697">
     <span class='ocr_line' id='line_1_27' title="bbox 452 1607 2093 1697; baseline -0.009 -14"><span class='ocrx_word' id='word_1_185' title='bbox 452 1607 763 1697; x_wconf 68' lang='lat' dir='ltr'>Ethiopia.</span> <span class='ocrx_word' id='word_1_186' title='bbox 799 1625 1024 1678; x_wconf 83' lang='lat' dir='ltr'>Rursus</span> <span class='ocrx_word' id='word_1_187' title='bbox 1054 1619 1397 1676; x_wconf 80' lang='lat' dir='ltr'>ﬁctitiorum</span> <span class='ocrx_word' id='word_1_188' title='bbox 1456 1618 1702 1674; x_wconf 88' lang='lat' dir='ltr'>deorum</span> <span class='ocrx_word' id='word_1_189' title='bbox 1744 1615 1908 1673; x_wconf 91' lang='lat' dir='ltr'>cultu</span> <span class='ocrx_word' id='word_1_190' title='bbox 1938 1615 2093 1670; x_wconf 79' lang='lat' dir='ltr'>insa-</span> 
     </span>
    </p>
   </div>
   <div class='ocr_carea' id='block_1_28' title="bbox 2217 1607 3858 1697">
    <p class='ocr_par' dir='ltr' id='par_1_28' title="bbox 2217 1607 3858 1692">
     <span class='ocr_line' id='line_1_28' title="bbox 2217 1607 3858 1692; baseline 0.004 -26"><span class='ocrx_word' id='word_1_191' title='bbox 2217 1607 2305 1669; x_wconf 79' lang='grc' dir='ltr'>ἷτει</span> <span class='ocrx_word' id='word_1_192' title='bbox 2362 1607 2676 1670; x_wconf 78' lang='grc' dir='ltr'>ἐϐασίλευσε</span> <span class='ocrx_word' id='word_1_193' title='bbox 2732 1617 2831 1679; x_wconf 83' lang='grc' dir='ltr'>τῆς</span> <span class='ocrx_word' id='word_1_194' title='bbox 2915 1615 3164 1685; x_wconf 83' lang='grc' dir='ltr'>’Λττικῆς</span> <span class='ocrx_word' id='word_1_195' title='bbox 3248 1617 3276 1671; x_wconf 90' lang='lat'>6</span> <span class='ocrx_word' id='word_1_196' title='bbox 3359 1615 3599 1692; x_wconf 74' lang='grc' dir='ltr'>Κέκροψ·</span> <span class='ocrx_word' id='word_1_197' title='bbox 3686 1616 3737 1673; x_wconf 77' lang='grc' dir='ltr'>ἐν</span> <span class='ocrx_word' id='word_1_198' title='bbox 3796 1615 3858 1673; x_wconf 65' lang='grc' dir='ltr'>δὲ</span> 
     </span>
    </p>
   </div>
   <div class='ocr_carea' id='block_1_29' title="bbox 450 1699 2091 1786">
    <p class='ocr_par' dir='ltr' id='par_1_29' title="bbox 450 1706 2091 1786">
     <span class='ocr_line' id='line_1_29' title="bbox 450 1706 2091 1786; baseline -0.009 -15"><span class='ocrx_word' id='word_1_199' title='bbox 450 1716 655 1772; x_wconf 90' lang='lat' dir='ltr'>niente</span> <span class='ocrx_word' id='word_1_200' title='bbox 676 1712 919 1786; x_wconf 91' lang='lat' dir='ltr'>populo,</span> <span class='ocrx_word' id='word_1_201' title='bbox 953 1709 1248 1766; x_wconf 87' lang='lat' dir='ltr'>concessit</span> <span class='ocrx_word' id='word_1_202' title='bbox 1271 1709 1426 1764; x_wconf 90' lang='lat' dir='ltr'>Deus</span> <span class='ocrx_word' id='word_1_203' title='bbox 1455 1713 1521 1764; x_wconf 93' lang='lat' dir='ltr'>ut</span> <span class='ocrx_word' id='word_1_204' title='bbox 1550 1708 1601 1762; x_wconf 91' lang='lat' dir='ltr'>is</span> <span class='ocrx_word' id='word_1_205' title='bbox 1622 1722 1728 1779; x_wconf 91' lang='lat' dir='ltr'>per</span> <span class='ocrx_word' id='word_1_206' title='bbox 1748 1706 1953 1778; x_wconf 82' lang='lat' dir='ltr'>viginti</span> <span class='ocrx_word' id='word_1_207' title='bbox 1987 1720 2091 1759; x_wconf 89' lang='lat' dir='ltr'>an-</span> 
     </span>
    </p>
   </div>
   <div class='ocr_carea' id='block_1_30' title="bbox 2212 1699 3853 1786">
    <p class='ocr_par' dir='ltr' id='par_1_30' title="bbox 2212 1699 3853 1779">
     <span class='ocr_line' id='line_1_30' title="bbox 2212 1699 3853 1779; baseline 0.004 -21"><span class='ocrx_word' id='word_1_208' title='bbox 2212 1708 2277 1777; x_wconf 74' lang='grc' dir='ltr'>ιῷ</span> <span class='ocrx_word' id='word_1_209' title='bbox 2335 1704 2409 1772; x_wconf 76' lang='grc' dir='ltr'>οζ¹</span> <span class='ocrx_word' id='word_1_210' title='bbox 2467 1699 2573 1758; x_wconf 80' lang='grc' dir='ltr'>ἔτει</span> <span class='ocrx_word' id='word_1_211' title='bbox 2630 1704 2817 1779; x_wconf 74' lang='grc' dir='ltr'>γέγονε</span> <span class='ocrx_word' id='word_1_212' title='bbox 2871 1701 3256 1779; x_wconf 75' lang='grc' dir='ltr'>κατακλυσμὸς</span> <span class='ocrx_word' id='word_1_213' title='bbox 3312 1704 3365 1761; x_wconf 74' lang='grc' dir='ltr'>ἐν</span> <span class='ocrx_word' id='word_1_214' title='bbox 3437 1704 3707 1779; x_wconf 78' lang='grc' dir='ltr'>Θεσσαλίᾳ</span> <span class='ocrx_word' id='word_1_215' title='bbox 3759 1708 3853 1764; x_wconf 80' lang='grc' dir='ltr'>καὶ</span> 
     </span>
    </p>
   </div>
   <div class='ocr_carea' id='block_1_31' title="bbox 450 1788 2091 1872">
    <p class='ocr_par' dir='ltr' id='par_1_31' title="bbox 450 1795 2091 1872">
     <span class='ocr_line' id='line_1_31' title="bbox 450 1795 2091 1872; baseline -0.008 -12"><span class='ocrx_word' id='word_1_216' title='bbox 450 1820 559 1859; x_wconf 89' lang='lat' dir='ltr'>nos</span> <span class='ocrx_word' id='word_1_217' title='bbox 589 1820 625 1858; x_wconf 93' lang='lat' dir='ltr'>a</span> <span class='ocrx_word' id='word_1_218' title='bbox 651 1801 882 1858; x_wconf 85' lang='lat' dir='ltr'>Jabimo</span> <span class='ocrx_word' id='word_1_219' title='bbox 909 1815 1045 1872; x_wconf 87' lang='lat' dir='ltr'>rege</span> <span class='ocrx_word' id='word_1_220' title='bbox 1074 1797 1450 1853; x_wconf 80' lang='lat' dir='ltr'>Chanaanico</span> <span class='ocrx_word' id='word_1_221' title='bbox 1481 1796 1935 1868; x_wconf 88' lang='lat' dir='ltr'>opprimeretur.</span> <span class='ocrx_word' id='word_1_222' title='bbox 1960 1795 2091 1848; x_wconf 85' lang='lat' dir='ltr'>Post</span> 
     </span>
    </p>
   </div>
   <div class='ocr_carea' id='block_1_32' title="bbox 2215 1788 3856 1872">
    <p class='ocr_par' dir='ltr' id='par_1_32' title="bbox 2215 1788 3856 1871">
     <span class='ocr_line' id='line_1_32' title="bbox 2215 1788 3856 1871; baseline 0.001 -21"><span class='ocrx_word' id='word_1_223' title='bbox 2215 1790 2481 1863; x_wconf 55' lang='grc' dir='ltr'>Αἰθιοπίᾳ.</span> <span class='ocrx_word' id='word_1_224' title='bbox 2522 1790 2690 1848; x_wconf 80' lang='grc' dir='ltr'>Πάλίν</span> <span class='ocrx_word' id='word_1_225' title='bbox 2751 1788 3228 1866; x_wconf 83' lang='grc' dir='ltr'>εἱδωλομανοῦντα</span> <span class='ocrx_word' id='word_1_226' title='bbox 3279 1794 3370 1850; x_wconf 84' lang='grc' dir='ltr'>τὸν</span> <span class='ocrx_word' id='word_1_227' title='bbox 3425 1793 3649 1871; x_wconf 76' lang='grc' dir='ltr'>Ἰσραὴλ</span> <span class='ocrx_word' id='word_1_228' title='bbox 3714 1815 3856 1870; x_wconf 81' lang='grc' dir='ltr'>παρ·</span> 
     </span>
    </p>
   </div>
   <div class='ocr_carea' id='block_1_33' title="bbox 448 1877 2089 1971">
    <p class='ocr_par' dir='ltr' id='par_1_33' title="bbox 448 1881 2089 1957">
     <span class='ocr_line' id='line_1_33' title="bbox 448 1881 2089 1957; baseline -0.007 -9"><span class='ocrx_word' id='word_1_229' title='bbox 448 1892 678 1948; x_wconf 90' lang='lat' dir='ltr'>Debora</span> <span class='ocrx_word' id='word_1_230' title='bbox 707 1890 949 1945; x_wconf 82' lang='lat' dir='ltr'>fatidica</span> <span class='ocrx_word' id='word_1_231' title='bbox 976 1887 1214 1955; x_wconf 86' lang='lat' dir='ltr'>mulier,</span> <span class='ocrx_word' id='word_1_232' title='bbox 1268 1903 1415 1941; x_wconf 83' lang='lat' dir='ltr'>uxor</span> <span class='ocrx_word' id='word_1_233' title='bbox 1443 1883 1798 1957; x_wconf 86' lang='lat' dir='ltr'>Apheidothi</span> <span class='ocrx_word' id='word_1_234' title='bbox 1834 1881 1905 1938; x_wconf 88' lang='lat' dir='ltr'>de</span> <span class='ocrx_word' id='word_1_235' title='bbox 1936 1881 2089 1937; x_wconf 89' lang='lat' dir='ltr'>tribu</span> 
     </span>
    </p>
   </div>
   <div class='ocr_carea' id='block_1_34' title="bbox 2217 1877 3858 1971">
    <p class='ocr_par' dir='ltr' id='par_1_34' title="bbox 2217 1877 3858 1971">
     <span class='ocr_line' id='line_1_34' title="bbox 2217 1877 3858 1971; baseline 0.003 -35"><span class='ocrx_word' id='word_1_236' title='bbox 2217 1878 2372 1971; x_wconf 64' lang='grc' dir='ltr'>ίδωκε</span> <span class='ocrx_word' id='word_1_237' title='bbox 2428 1884 2628 1971; x_wconf 66' lang='grc' dir='ltr'>Κύριος</span> <span class='ocrx_word' id='word_1_238' title='bbox 2687 1880 2739 1936; x_wconf 80' lang='grc' dir='ltr'>ἐν</span> <span class='ocrx_word' id='word_1_239' title='bbox 2799 1882 2969 1971; x_wconf 11' lang='grc' dir='ltr'>χειρὶ,</span> <span class='ocrx_word' id='word_1_240' title='bbox 3030 1877 3239 1956; x_wconf 75' lang='grc' dir='ltr'>Ἰαϐεὶμ</span> <span class='ocrx_word' id='word_1_241' title='bbox 3300 1882 3573 1959; x_wconf 88' lang='grc' dir='ltr'>βασιλεως</span> <span class='ocrx_word' id='word_1_242' title='bbox 3641 1885 3858 1941; x_wconf 81' lang='grc' dir='ltr'>Χαναὰν</span> 
     </span>
    </p>
   </div>
   <div class='ocr_carea' id='block_1_35' title="bbox 447 1966 2088 2054">
    <p class='ocr_par' dir='ltr' id='par_1_35' title="bbox 447 1972 2088 2054">
     <span class='ocr_line' id='line_1_35' title="bbox 447 1972 2088 2054; baseline -0.007 -17"><span class='ocrx_word' id='word_1_243' title='bbox 447 1981 841 2054; x_wconf 88' lang='lat' dir='ltr'>Ephraimica,</span> <span class='ocrx_word' id='word_1_244' title='bbox 881 1978 1157 2034; x_wconf 89' lang='lat' dir='ltr'>Israelico</span> <span class='ocrx_word' id='word_1_245' title='bbox 1201 1976 1417 2049; x_wconf 84' lang='lat' dir='ltr'>pOpulo</span> <span class='ocrx_word' id='word_1_246' title='bbox 1477 1975 1732 2047; x_wconf 67' lang='lat' dir='ltr'>praefuit.</span> <span class='ocrx_word' id='word_1_247' title='bbox 1773 1974 1891 2028; x_wconf 86' lang='lat' dir='ltr'>Hac</span> <span class='ocrx_word' id='word_1_248' title='bbox 1945 1972 2088 2027; x_wconf 90' lang='lat' dir='ltr'>duce</span> 
     </span>
    </p>
   </div>
   <div class='ocr_carea' id='block_1_36' title="bbox 2216 1966 3857 2054">
    <p class='ocr_par' dir='ltr' id='par_1_36' title="bbox 2216 1966 3857 2053">
     <span class='ocr_line' id='line_1_36' title="bbox 2216 1966 3857 2053; baseline 0.004 -28"><span class='ocrx_word' id='word_1_249' title='bbox 2216 1967 2296 2037; x_wconf 76' lang='grc' dir='ltr'>ἔτη</span> <span class='ocrx_word' id='word_1_250' title='bbox 2336 1971 2402 2027; x_wconf 70' lang='grc' dir='ltr'>κ’.</span> <span class='ocrx_word' id='word_1_251' title='bbox 2436 1970 2587 2027; x_wconf 88' lang='grc' dir='ltr'>Μετὰ</span> <span class='ocrx_word' id='word_1_252' title='bbox 2611 1974 2779 2025; x_wconf 79' lang='grc' dir='ltr'>ταῦτα</span> <span class='ocrx_word' id='word_1_253' title='bbox 2838 1966 3082 2046; x_wconf 81' lang='grc' dir='ltr'>Δεϐόρῥα</span> <span class='ocrx_word' id='word_1_254' title='bbox 3131 1979 3427 2051; x_wconf 73' lang='grc' dir='ltr'>προφῆτις,</span> <span class='ocrx_word' id='word_1_255' title='bbox 3482 1975 3619 2048; x_wconf 78' lang='grc' dir='ltr'>γυνὴ</span> <span class='ocrx_word' id='word_1_256' title='bbox 3676 1977 3857 2053; x_wconf 69' lang='grc' dir='ltr'>Ἀφειο</span> 
     </span>
    </p>
   </div>
   <div class='ocr_carea' id='block_1_37' title="bbox 445 2055 2086 2138">
    <p class='ocr_par' dir='ltr' id='par_1_37' title="bbox 445 2062 2086 2135">
     <span class='ocr_line' id='line_1_37' title="bbox 445 2062 2086 2135; baseline -0.007 -9"><span class='ocrx_word' id='word_1_257' title='bbox 445 2072 739 2126; x_wconf 88' lang='lat' dir='ltr'>Barachus</span> <span class='ocrx_word' id='word_1_258' title='bbox 765 2069 1077 2124; x_wconf 86' lang='lat' dir='ltr'>Abinoemi</span> <span class='ocrx_word' id='word_1_259' title='bbox 1092 2068 1251 2123; x_wconf 84' lang='lat' dir='ltr'>filius</span> <span class='ocrx_word' id='word_1_260' title='bbox 1266 2066 1424 2122; x_wconf 91' lang='lat' dir='ltr'>tribu</span> <span class='ocrx_word' id='word_1_261' title='bbox 1437 2062 1945 2135; x_wconf 80' lang='lat' dir='ltr'>Nephthalimicus</span> <span class='ocrx_word' id='word_1_262' title='bbox 1958 2077 2086 2116; x_wconf 91' lang='lat' dir='ltr'>cum</span> 
     </span>
    </p>
   </div>
   <div class='ocr_carea' id='block_1_38' title="bbox 2212 2055 3853 2138">
    <p class='ocr_par' dir='ltr' id='par_1_38' title="bbox 2212 2055 3853 2138">
     <span class='ocr_line' id='line_1_38' title="bbox 2212 2055 3853 2138; baseline 0.002 -24"><span class='ocrx_word' id='word_1_263' title='bbox 2212 2055 2313 2114; x_wconf 75' lang='grc' dir='ltr'>Βὼθ</span> <span class='ocrx_word' id='word_1_264' title='bbox 2341 2057 2521 2138; x_wconf 71' lang='grc' dir='ltr'>φυλῆς</span> <span class='ocrx_word' id='word_1_265' title='bbox 2560 2060 2821 2137; x_wconf 62' lang='grc' dir='ltr'>Ἐφραὶμ,</span> <span class='ocrx_word' id='word_1_266' title='bbox 2879 2057 3057 2134; x_wconf 80' lang='grc' dir='ltr'>ἔκρινε</span> <span class='ocrx_word' id='word_1_267' title='bbox 3107 2061 3201 2117; x_wconf 83' lang='grc' dir='ltr'>τὸν</span> <span class='ocrx_word' id='word_1_268' title='bbox 3261 2061 3505 2136; x_wconf 81' lang='grc' dir='ltr'>Ἰσραήλ.</span> <span class='ocrx_word' id='word_1_269' title='bbox 3569 2062 3668 2119; x_wconf 84' lang='grc' dir='ltr'>Διὰ</span> <span class='ocrx_word' id='word_1_270' title='bbox 3719 2063 3853 2120; x_wconf 81' lang='grc' dir='ltr'>ταύ-</span> 
     </span>
    </p>
   </div>
   <div class='ocr_carea' id='block_1_39' title="bbox 446 2148 2087 2234">
    <p class='ocr_par' dir='ltr' id='par_1_39' title="bbox 446 2155 2087 2230">
     <span class='ocr_line' id='line_1_39' title="bbox 446 2155 2087 2230; baseline -0.008 -15"><span class='ocrx_word' id='word_1_271' title='bbox 446 2161 592 2215; x_wconf 76' lang='grc'>147</span> <span class='ocrx_word' id='word_1_272' title='bbox 626 2159 821 2215; x_wconf 87' lang='lat' dir='ltr'>Sisera</span> <span class='ocrx_word' id='word_1_273' title='bbox 847 2158 1151 2230; x_wconf 88' lang='lat' dir='ltr'>copiarum</span> <span class='ocrx_word' id='word_1_274' title='bbox 1182 2155 1396 2213; x_wconf 86' lang='lat' dir='ltr'>Jabimi</span> <span class='ocrx_word' id='word_1_275' title='bbox 1428 2155 1784 2224; x_wconf 86' lang='lat' dir='ltr'>imperatore</span> <span class='ocrx_word' id='word_1_276' title='bbox 1832 2164 2087 2222; x_wconf 82' lang='lat' dir='ltr'>pugnam</span> 
     </span>
    </p>
   </div>
   <div class='ocr_carea' id='block_1_40' title="bbox 2214 2148 3855 2234">
    <p class='ocr_par' dir='ltr' id='par_1_40' title="bbox 2214 2148 3855 2234">
     <span class='ocr_line' id='line_1_40' title="bbox 2214 2148 3855 2234; baseline 0.004 -30"><span class='ocrx_word' id='word_1_277' title='bbox 2214 2170 2303 2221; x_wconf 75' lang='grc' dir='ltr'>της</span> <span class='ocrx_word' id='word_1_278' title='bbox 2329 2153 2574 2226; x_wconf 69' lang='grc' dir='ltr'>ἡγήσατο</span> <span class='ocrx_word' id='word_1_279' title='bbox 2625 2151 2828 2225; x_wconf 87' lang='grc' dir='ltr'>Βαρὰκ,</span> <span class='ocrx_word' id='word_1_280' title='bbox 2887 2153 3007 2215; x_wconf 72' lang='grc' dir='ltr'>υίὸς</span> <span class='ocrx_word' id='word_1_281' title='bbox 3064 2148 3347 2229; x_wconf 78' lang='grc' dir='ltr'>Ἀϐινοεὲμ</span> <span class='ocrx_word' id='word_1_282' title='bbox 3401 2154 3461 2210; x_wconf 76' lang='grc' dir='ltr'>ἐκ</span> <span class='ocrx_word' id='word_1_283' title='bbox 3511 2154 3693 2234; x_wconf 82' lang='grc' dir='ltr'>φυλῆς</span> <span class='ocrx_word' id='word_1_284' title='bbox 3747 2157 3855 2213; x_wconf 73' lang='lat' dir='ltr'>Nc-</span> 
     </span>
    </p>
   </div>
   <div class='ocr_carea' id='block_1_41' title="bbox 443 2238 2084 2321">
    <p class='ocr_par' dir='ltr' id='par_1_41' title="bbox 443 2239 2084 2317">
     <span class='ocr_line' id='line_1_41' title="bbox 443 2239 2084 2317; baseline -0.007 -13"><span class='ocrx_word' id='word_1_285' title='bbox 443 2248 764 2317; x_wconf 82' lang='lat' dir='ltr'>commisit,</span> <span class='ocrx_word' id='word_1_286' title='bbox 796 2252 1104 2317; x_wconf 89' lang='lat' dir='ltr'>totumque</span> <span class='ocrx_word' id='word_1_287' title='bbox 1164 2245 1293 2316; x_wconf 85' lang='lat' dir='ltr'>ejus</span> <span class='ocrx_word' id='word_1_288' title='bbox 1351 2242 1673 2299; x_wconf 74' lang='lat' dir='ltr'>exercitum</span> <span class='ocrx_word' id='word_1_289' title='bbox 1730 2239 1901 2296; x_wconf 83' lang='lat' dir='ltr'>fudit.</span> <span class='ocrx_word' id='word_1_290' title='bbox 1963 2239 2084 2309; x_wconf 82' lang='lat' dir='ltr'>Ipse</span> 
     </span>
    </p>
   </div>
   <div class='ocr_carea' id='block_1_42' title="bbox 2218 2238 3859 2321">
    <p class='ocr_par' dir='ltr' id='par_1_42' title="bbox 2218 2238 3859 2321">
     <span class='ocr_line' id='line_1_42' title="bbox 2218 2238 3859 2321; baseline 0.003 -26"><span class='ocrx_word' id='word_1_291' title='bbox 2218 2238 2467 2318; x_wconf 73' lang='grc' dir='ltr'>ρθαλεὶμ,</span> <span class='ocrx_word' id='word_1_292' title='bbox 2498 2246 2601 2310; x_wconf 84' lang='grc' dir='ltr'>τῆς</span> <span class='ocrx_word' id='word_1_293' title='bbox 2657 2241 2794 2296; x_wconf 84' lang='grc' dir='ltr'>κατὰ</span> <span class='ocrx_word' id='word_1_294' title='bbox 2849 2240 3089 2317; x_wconf 84' lang='grc' dir='ltr'>Σισάρῥα</span> <span class='ocrx_word' id='word_1_295' title='bbox 3151 2243 3338 2319; x_wconf 80' lang='grc' dir='ltr'>μάχης</span> <span class='ocrx_word' id='word_1_296' title='bbox 3377 2247 3475 2298; x_wconf 81' lang='grc' dir='ltr'>τοῦ</span> <span class='ocrx_word' id='word_1_297' title='bbox 3528 2246 3859 2321; x_wconf 82' lang='grc' dir='ltr'>ἀρχιστρατ-</span> 
     </span>
    </p>
   </div>
   <div class='ocr_carea' id='block_1_43' title="bbox 441 2324 2082 2409">
    <p class='ocr_par' dir='ltr' id='par_1_43' title="bbox 441 2327 2082 2409">
     <span class='ocr_line' id='line_1_43' title="bbox 441 2327 2082 2409; baseline -0.008 -16"><span class='ocrx_word' id='word_1_298' title='bbox 441 2338 640 2393; x_wconf 89' lang='lat' dir='ltr'>Sisera</span> <span class='ocrx_word' id='word_1_299' title='bbox 667 2336 848 2408; x_wconf 91' lang='lat' dir='ltr'>pedes</span> <span class='ocrx_word' id='word_1_300' title='bbox 874 2335 1109 2409; x_wconf 80' lang='lat' dir='ltr'>fugiens</span> <span class='ocrx_word' id='word_1_301' title='bbox 1166 2350 1201 2389; x_wconf 88' lang='lat' dir='ltr'>a</span> <span class='ocrx_word' id='word_1_302' title='bbox 1251 2332 1413 2389; x_wconf 86' lang='lat' dir='ltr'>Jaela</span> <span class='ocrx_word' id='word_1_303' title='bbox 1469 2347 1654 2387; x_wconf 81' lang='lat' dir='ltr'>uxore</span> <span class='ocrx_word' id='word_1_304' title='bbox 1715 2327 2082 2384; x_wconf 85' lang='lat' dir='ltr'>Coschameri</span> 
     </span>
    </p>
   </div>
   <div class='ocr_carea' id='block_1_44' title="bbox 2212 2324 3853 2409">
    <p class='ocr_par' dir='ltr' id='par_1_44' title="bbox 2212 2324 3853 2407">
     <span class='ocr_line' id='line_1_44' title="bbox 2212 2324 3853 2407; baseline 0.004 -24"><span class='ocrx_word' id='word_1_305' title='bbox 2212 2332 2341 2403; x_wconf 80' lang='grc' dir='ltr'>ήγου</span> <span class='ocrx_word' id='word_1_306' title='bbox 2373 2324 2605 2403; x_wconf 78' lang='grc' dir='ltr'>Ἰαϐεἱμ,</span> <span class='ocrx_word' id='word_1_307' title='bbox 2636 2329 2727 2384; x_wconf 85' lang='grc' dir='ltr'>καὶ</span> <span class='ocrx_word' id='word_1_308' title='bbox 2759 2328 3022 2403; x_wconf 74' lang='grc' dir='ltr'>ἰκράτησε</span> <span class='ocrx_word' id='word_1_309' title='bbox 3047 2329 3226 2403; x_wconf 76' lang='grc' dir='ltr'>πάσης</span> <span class='ocrx_word' id='word_1_310' title='bbox 3259 2339 3362 2402; x_wconf 80' lang='grc' dir='ltr'>τῆς</span> <span class='ocrx_word' id='word_1_311' title='bbox 3418 2331 3701 2407; x_wconf 86' lang='grc' dir='ltr'>δυνάμεως</span> <span class='ocrx_word' id='word_1_312' title='bbox 3757 2334 3853 2389; x_wconf 83' lang='grc' dir='ltr'>αύ-</span> 
     </span>
    </p>
   </div>
   <div class='ocr_carea' id='block_1_45' title="bbox 444 2416 2085 2503">
    <p class='ocr_par' dir='ltr' id='par_1_45' title="bbox 444 2418 2085 2489">
     <span class='ocr_line' id='line_1_45' title="bbox 444 2418 2085 2489; baseline -0.005 -7"><span class='ocrx_word' id='word_1_313' title='bbox 444 2427 668 2483; x_wconf 72' lang='lat' dir='ltr'>Cinnzei</span> <span class='ocrx_word' id='word_1_314' title='bbox 700 2425 1046 2481; x_wconf 88' lang='lat' dir='ltr'>interfectus</span> <span class='ocrx_word' id='word_1_315' title='bbox 1079 2430 1188 2489; x_wconf 90' lang='lat' dir='ltr'>est,</span> <span class='ocrx_word' id='word_1_316' title='bbox 1221 2424 1376 2479; x_wconf 90' lang='lat' dir='ltr'>mala</span> <span class='ocrx_word' id='word_1_317' title='bbox 1406 2422 1567 2478; x_wconf 89' lang='lat' dir='ltr'>clavo</span> <span class='ocrx_word' id='word_1_318' title='bbox 1601 2418 1993 2476; x_wconf 88' lang='lat' dir='ltr'>transadacta.</span> <span class='ocrx_word' id='word_1_319' title='bbox 2015 2420 2085 2473; x_wconf 86' lang='lat' dir='ltr'>Ea</span> 
     </span>
    </p>
   </div>
   <div class='ocr_carea' id='block_1_46' title="bbox 2213 2416 3854 2503">
    <p class='ocr_par' dir='ltr' id='par_1_46' title="bbox 2213 2416 3854 2503">
     <span class='ocr_line' id='line_1_46' title="bbox 2213 2416 3854 2503; baseline 0.004 -30"><span class='ocrx_word' id='word_1_320' title='bbox 2213 2424 2320 2475; x_wconf 71' lang='grc' dir='ltr'>τοῦ.</span> <span class='ocrx_word' id='word_1_321' title='bbox 2350 2418 2521 2480; x_wconf 86' lang='grc' dir='ltr'>Αὐτὸς</span> <span class='ocrx_word' id='word_1_322' title='bbox 2548 2416 2608 2474; x_wconf 66' lang='grc' dir='ltr'>δὲ</span> <span class='ocrx_word' id='word_1_323' title='bbox 2664 2420 2692 2474; x_wconf 98' lang='lat'>6</span> <span class='ocrx_word' id='word_1_324' title='bbox 2747 2419 2989 2497; x_wconf 82' lang='grc' dir='ltr'>Σισάῤῥα</span> <span class='ocrx_word' id='word_1_325' title='bbox 3043 2426 3164 2484; x_wconf 84' lang='grc' dir='ltr'>τοῖς</span> <span class='ocrx_word' id='word_1_326' title='bbox 3220 2422 3350 2477; x_wconf 85' lang='grc' dir='ltr'>ποσὶ</span> <span class='ocrx_word' id='word_1_327' title='bbox 3410 2419 3686 2503; x_wconf 73' lang='grc' dir='ltr'>διαφυγὼν</span> <span class='ocrx_word' id='word_1_328' title='bbox 3747 2425 3854 2479; x_wconf 79' lang='grc' dir='ltr'>ὑπὸ</span> 
     </span>
    </p>
   </div>
   <div class='ocr_carea' id='block_1_47' title="bbox 444 2507 2085 2588">
    <p class='ocr_par' dir='ltr' id='par_1_47' title="bbox 444 2507 2085 2588">
     <span class='ocr_line' id='line_1_47' title="bbox 444 2507 2085 2588; baseline -0.007 -15"><span class='ocrx_word' id='word_1_329' title='bbox 444 2520 796 2588; x_wconf 88' lang='lat' dir='ltr'>tempestate</span> <span class='ocrx_word' id='word_1_330' title='bbox 837 2516 1091 2570; x_wconf 89' lang='lat' dir='ltr'>Cadmus</span> <span class='ocrx_word' id='word_1_331' title='bbox 1144 2512 1359 2569; x_wconf 88' lang='lat' dir='ltr'>Thebis</span> <span class='ocrx_word' id='word_1_332' title='bbox 1414 2510 1698 2584; x_wconf 76' lang='lat' dir='ltr'>regnavit.</span> <span class='ocrx_word' id='word_1_333' title='bbox 1757 2507 2085 2564; x_wconf 86' lang='lat' dir='ltr'>Secundum</span> 
     </span>
    </p>
   </div>
   <div class='ocr_carea' id='block_1_48' title="bbox 2211 2507 3852 2588">
    <p class='ocr_par' dir='ltr' id='par_1_48' title="bbox 2211 2507 3852 2587">
     <span class='ocr_line' id='line_1_48' title="bbox 2211 2507 3852 2587; baseline -0.005 -13"><span class='ocrx_word' id='word_1_334' title='bbox 2211 2507 2355 2578; x_wconf 73' lang='grc' dir='ltr'>Ἰαῆλ</span> <span class='ocrx_word' id='word_1_335' title='bbox 2413 2510 2670 2584; x_wconf 85' lang='grc' dir='ltr'>γυναικὸς</span> <span class='ocrx_word' id='word_1_336' title='bbox 2761 2507 2950 2586; x_wconf 79' lang='grc' dir='ltr'>Χάμερ</span> <span class='ocrx_word' id='word_1_337' title='bbox 3035 2515 3132 2566; x_wconf 80' lang='grc' dir='ltr'>τοῦ</span> <span class='ocrx_word' id='word_1_338' title='bbox 3217 2511 3469 2568; x_wconf 84' lang='grc' dir='ltr'>Κινναίου</span> <span class='ocrx_word' id='word_1_339' title='bbox 3533 2513 3852 2587; x_wconf 73' lang='grc' dir='ltr'>ἀναιρεῖται,</span> 
     </span>
    </p>
   </div>
   <div class='ocr_carea' id='block_1_49' title="bbox 444 2596 2085 2676">
    <p class='ocr_par' dir='ltr' id='par_1_49' title="bbox 444 2596 2085 2673">
     <span class='ocr_line' id='line_1_49' title="bbox 444 2596 2085 2673; baseline -0.007 -12"><span class='ocrx_word' id='word_1_340' title='bbox 444 2606 686 2662; x_wconf 72' lang='lat' dir='ltr'>Deboraa</span> <span class='ocrx_word' id='word_1_341' title='bbox 728 2610 982 2660; x_wconf 88' lang='lat' dir='ltr'>mortem</span> <span class='ocrx_word' id='word_1_342' title='bbox 1013 2620 1219 2659; x_wconf 88' lang='lat' dir='ltr'>rursus</span> <span class='ocrx_word' id='word_1_343' title='bbox 1250 2601 1505 2673; x_wconf 87' lang='lat' dir='ltr'>deliquit</span> <span class='ocrx_word' id='word_1_344' title='bbox 1544 2598 1820 2673; x_wconf 90' lang='lat' dir='ltr'>populus,</span> <span class='ocrx_word' id='word_1_345' title='bbox 1878 2596 2085 2651; x_wconf 86' lang='lat' dir='ltr'>Madia-</span> 
     </span>
    </p>
   </div>
   <div class='ocr_carea' id='block_1_50' title="bbox 2217 2596 3858 2676">
    <p class='ocr_par' dir='ltr' id='par_1_50' title="bbox 2217 2597 3858 2676">
     <span class='ocr_line' id='line_1_50' title="bbox 2217 2597 3858 2676; baseline 0.002 -22"><span class='ocrx_word' id='word_1_346' title='bbox 2217 2599 2471 2673; x_wconf 69' lang='grc' dir='ltr'>πασσάλῳ</span> <span class='ocrx_word' id='word_1_347' title='bbox 2536 2598 2676 2655; x_wconf 81' lang='grc' dir='ltr'>κατὰ</span> <span class='ocrx_word' id='word_1_348' title='bbox 2730 2606 2829 2670; x_wconf 84' lang='grc' dir='ltr'>τῆς</span> <span class='ocrx_word' id='word_1_349' title='bbox 2881 2599 3078 2676; x_wconf 83' lang='grc' dir='ltr'>γνάθου</span> <span class='ocrx_word' id='word_1_350' title='bbox 3163 2597 3464 2673; x_wconf 85' lang='grc' dir='ltr'>διαπαρείς.</span> <span class='ocrx_word' id='word_1_351' title='bbox 3528 2603 3675 2659; x_wconf 87' lang='grc' dir='ltr'>Κατὰ</span> <span class='ocrx_word' id='word_1_352' title='bbox 3732 2601 3858 2658; x_wconf 87' lang='grc' dir='ltr'>τού-</span> 
     </span>
    </p>
   </div>
   <div class='ocr_carea' id='block_1_51' title="bbox 444 2685 2085 2766">
    <p class='ocr_par' dir='ltr' id='par_1_51' title="bbox 444 2686 2085 2766">
     <span class='ocr_line' id='line_1_51' title="bbox 444 2686 2085 2766; baseline -0.007 -15"><span class='ocrx_word' id='word_1_353' title='bbox 444 2695 705 2766; x_wconf 88' lang='lat' dir='ltr'>nitisque</span> <span class='ocrx_word' id='word_1_354' title='bbox 735 2694 1035 2749; x_wconf 84' lang='lat' dir='ltr'>vexandus</span> <span class='ocrx_word' id='word_1_355' title='bbox 1065 2710 1172 2765; x_wconf 91' lang='lat' dir='ltr'>per</span> <span class='ocrx_word' id='word_1_356' title='bbox 1201 2697 1426 2763; x_wconf 90' lang='lat' dir='ltr'>septem</span> <span class='ocrx_word' id='word_1_357' title='bbox 1458 2706 1649 2745; x_wconf 89' lang='lat' dir='ltr'>annos</span> <span class='ocrx_word' id='word_1_358' title='bbox 1692 2686 1975 2743; x_wconf 85' lang='lat' dir='ltr'>divinitus</span> <span class='ocrx_word' id='word_1_359' title='bbox 2005 2692 2085 2740; x_wconf 77' lang='lat' dir='ltr'>est</span> 
     </span>
    </p>
   </div>
   <div class='ocr_carea' id='block_1_52' title="bbox 2209 2685 3850 2766">
    <p class='ocr_par' dir='ltr' id='par_1_52' title="bbox 2209 2685 3850 2764">
     <span class='ocr_line' id='line_1_52' title="bbox 2209 2685 3850 2764; baseline 0.002 -21"><span class='ocrx_word' id='word_1_360' title='bbox 2209 2709 2330 2751; x_wconf 90' lang='grc' dir='ltr'>τους</span> <span class='ocrx_word' id='word_1_361' title='bbox 2384 2687 2511 2752; x_wconf 70' lang='grc' dir='ltr'>τοὺς</span> <span class='ocrx_word' id='word_1_362' title='bbox 2571 2689 2802 2764; x_wconf 86' lang='grc' dir='ltr'>χρόνους</span> <span class='ocrx_word' id='word_1_363' title='bbox 2855 2686 3080 2763; x_wconf 82' lang='grc' dir='ltr'>Κάδμος</span> <span class='ocrx_word' id='word_1_364' title='bbox 3136 2689 3192 2745; x_wconf 75' lang='grc' dir='ltr'>ἓν</span> <span class='ocrx_word' id='word_1_365' title='bbox 3250 2685 3459 2763; x_wconf 77' lang='grc' dir='ltr'>Θήϐαις</span> <span class='ocrx_word' id='word_1_366' title='bbox 3516 2687 3850 2751; x_wconf 73' lang='grc' dir='ltr'>ἐϐασίλευσε.</span> 
     </span>
    </p>
   </div>
   <div class='ocr_carea' id='block_1_53' title="bbox 444 2772 2085 2854">
    <p class='ocr_par' dir='ltr' id='par_1_53' title="bbox 444 2775 2085 2844">
     <span class='ocr_line' id='line_1_53' title="bbox 444 2775 2085 2844; baseline -0.006 -4"><span class='ocrx_word' id='word_1_367' title='bbox 444 2785 760 2840; x_wconf 82' lang='lat' dir='ltr'>exhibitus.</span> <span class='ocrx_word' id='word_1_368' title='bbox 786 2785 898 2838; x_wconf 87' lang='lat' dir='ltr'>Eos</span> <span class='ocrx_word' id='word_1_369' title='bbox 938 2782 1172 2837; x_wconf 89' lang='lat' dir='ltr'>Gedeon</span> <span class='ocrx_word' id='word_1_370' title='bbox 1220 2780 1377 2836; x_wconf 89' lang='lat' dir='ltr'>tribu</span> <span class='ocrx_word' id='word_1_371' title='bbox 1430 2781 1809 2844; x_wconf 76' lang='lat' dir='ltr'>Manassceus,</span> <span class='ocrx_word' id='word_1_372' title='bbox 1836 2775 2085 2830; x_wconf 69' lang='lat' dir='ltr'>victoriae</span> 
     </span>
    </p>
   </div>
   <div class='ocr_carea' id='block_1_54' title="bbox 2212 2772 3853 2854">
    <p class='ocr_par' dir='ltr' id='par_1_54' title="bbox 2212 2772 3853 2854">
     <span class='ocr_line' id='line_1_54' title="bbox 2212 2772 3853 2854; baseline 0.001 -19"><span class='ocrx_word' id='word_1_373' title='bbox 2212 2776 2359 2835; x_wconf 87' lang='grc' dir='ltr'>Μετὰ</span> <span class='ocrx_word' id='word_1_374' title='bbox 2384 2775 2442 2833; x_wconf 79' lang='grc' dir='ltr'>δὲ</span> <span class='ocrx_word' id='word_1_375' title='bbox 2494 2780 2594 2848; x_wconf 77' lang='grc' dir='ltr'>τὴν</span> <span class='ocrx_word' id='word_1_376' title='bbox 2654 2772 2925 2854; x_wconf 70' lang='grc' dir='ltr'>Δεϐόῤῥας</span> <span class='ocrx_word' id='word_1_377' title='bbox 2979 2777 3239 2850; x_wconf 78' lang='grc' dir='ltr'>τελευτήν</span> <span class='ocrx_word' id='word_1_378' title='bbox 3299 2778 3569 2852; x_wconf 70' lang='grc' dir='ltr'>ἐξήμαρτε</span> <span class='ocrx_word' id='word_1_379' title='bbox 3624 2780 3788 2837; x_wconf 86' lang='grc' dir='ltr'>πάλιν</span> <span class='ocrx_word' id='word_1_380' title='bbox 3822 2783 3853 2837; x_wconf 90' lang='lat'>6</span> 
     </span>
    </p>
   </div>
   <div class='ocr_carea' id='block_1_55' title="bbox 444 2863 2085 2946">
    <p class='ocr_par' dir='ltr' id='par_1_55' title="bbox 444 2868 2085 2946">
     <span class='ocr_line' id='line_1_55' title="bbox 444 2868 2085 2946; baseline -0.007 -16"><span class='ocrx_word' id='word_1_381' title='bbox 444 2873 661 2932; x_wconf 80' lang='lat' dir='ltr'>fiducia</span> <span class='ocrx_word' id='word_1_382' title='bbox 688 2872 870 2946; x_wconf 76' lang='lat' dir='ltr'>signis</span> <span class='ocrx_word' id='word_1_383' title='bbox 903 2887 937 2927; x_wconf 91' lang='lat' dir='ltr'>a</span> <span class='ocrx_word' id='word_1_384' title='bbox 961 2872 1080 2926; x_wconf 92' lang='lat' dir='ltr'>Deo</span> <span class='ocrx_word' id='word_1_385' title='bbox 1110 2870 1264 2925; x_wconf 91' lang='lat' dir='ltr'>datis</span> <span class='ocrx_word' id='word_1_386' title='bbox 1310 2868 1683 2933; x_wconf 82' lang='lat' dir='ltr'>conﬁrmata,</span> <span class='ocrx_word' id='word_1_387' title='bbox 1742 2883 1878 2921; x_wconf 91' lang='lat' dir='ltr'>cum</span> <span class='ocrx_word' id='word_1_388' title='bbox 1912 2880 2085 2920; x_wconf 85' lang='lat' dir='ltr'>manu</span> 
     </span>
    </p>
   </div>
   <div class='ocr_carea' id='block_1_56' title="bbox 2211 2863 3852 2946">
    <p class='ocr_par' dir='ltr' id='par_1_56' title="bbox 2211 2863 3852 2942">
     <span class='ocr_line' id='line_1_56' title="bbox 2211 2863 3852 2942; baseline 0.001 -21"><span class='ocrx_word' id='word_1_389' title='bbox 2211 2864 2360 2935; x_wconf 88' lang='grc' dir='ltr'>λαὸς,</span> <span class='ocrx_word' id='word_1_390' title='bbox 2391 2866 2481 2922; x_wconf 88' lang='grc' dir='ltr'>καὶ</span> <span class='ocrx_word' id='word_1_391' title='bbox 2512 2863 2784 2942; x_wconf 81' lang='grc' dir='ltr'>παρεδόθη</span> <span class='ocrx_word' id='word_1_392' title='bbox 2816 2868 2935 2929; x_wconf 78' lang='grc' dir='ltr'>τοῖς</span> <span class='ocrx_word' id='word_1_393' title='bbox 2985 2864 3342 2939; x_wconf 74' lang='grc' dir='ltr'>Μαδιηναίοις</span> <span class='ocrx_word' id='word_1_394' title='bbox 3387 2864 3481 2940; x_wconf 80' lang='grc' dir='ltr'>ἔτη</span> <span class='ocrx_word' id='word_1_395' title='bbox 3536 2871 3598 2940; x_wconf 68' lang='grc' dir='ltr'>ζ’,</span> <span class='ocrx_word' id='word_1_396' title='bbox 3645 2868 3852 2927; x_wconf 84' lang='grc' dir='ltr'>Γεδεὼν</span> 
     </span>
    </p>
   </div>
   <div class='ocr_carea' id='block_1_57' title="bbox 440 2952 2081 3035">
    <p class='ocr_par' dir='ltr' id='par_1_57' title="bbox 440 2953 2081 3035">
     <span class='ocr_line' id='line_1_57' title="bbox 440 2953 2081 3035; baseline -0.007 -17"><span class='ocrx_word' id='word_1_397' title='bbox 440 2965 699 3020; x_wconf 87' lang='lat' dir='ltr'>virorum</span> <span class='ocrx_word' id='word_1_398' title='bbox 727 2962 827 3035; x_wconf 89' lang='lat' dir='ltr'>qui</span> <span class='ocrx_word' id='word_1_399' title='bbox 855 2977 1073 3017; x_wconf 89' lang='lat' dir='ltr'>canum</span> <span class='ocrx_word' id='word_1_400' title='bbox 1090 2975 1254 3015; x_wconf 92' lang='lat' dir='ltr'>more</span> <span class='ocrx_word' id='word_1_401' title='bbox 1286 2973 1501 3031; x_wconf 90' lang='lat' dir='ltr'>aquam</span> <span class='ocrx_word' id='word_1_402' title='bbox 1523 2954 1842 3012; x_wconf 89' lang='lat' dir='ltr'>lambendo</span> <span class='ocrx_word' id='word_1_403' title='bbox 1862 2953 2081 3009; x_wconf 88' lang='lat' dir='ltr'>hausis-</span> 
     </span>
    </p>
   </div>
   <div class='ocr_carea' id='block_1_58' title="bbox 2214 2952 3855 3035">
    <p class='ocr_par' dir='ltr' id='par_1_58' title="bbox 2214 2952 3855 3035">
     <span class='ocr_line' id='line_1_58' title="bbox 2214 2952 3855 3035; baseline 0.004 -25"><span class='ocrx_word' id='word_1_404' title='bbox 2214 2952 2261 3010; x_wconf 68' lang='grc' dir='ltr'>δὲ</span> <span class='ocrx_word' id='word_1_405' title='bbox 2306 2955 2490 3020; x_wconf 76' lang='grc' dir='ltr'>αὐτοῖς</span> <span class='ocrx_word' id='word_1_406' title='bbox 2546 2955 2607 3011; x_wconf 71' lang='grc' dir='ltr'>ἐκ</span> <span class='ocrx_word' id='word_1_407' title='bbox 2663 2954 2842 3033; x_wconf 78' lang='grc' dir='ltr'>φυλῆς</span> <span class='ocrx_word' id='word_1_408' title='bbox 2891 2962 3173 3028; x_wconf 80' lang='grc' dir='ltr'>Μανασσῆ,</span> <span class='ocrx_word' id='word_1_409' title='bbox 3234 2958 3402 3023; x_wconf 81' lang='grc' dir='ltr'>θείοις</span> <span class='ocrx_word' id='word_1_410' title='bbox 3454 2960 3702 3035; x_wconf 87' lang='grc' dir='ltr'>σημείεις</span> <span class='ocrx_word' id='word_1_411' title='bbox 3752 2968 3855 3030; x_wconf 80' lang='grc' dir='ltr'>τῆς</span> 
     </span>
    </p>
   </div>
   <div class='ocr_carea' id='block_1_59' title="bbox 440 3043 2081 3121">
    <p class='ocr_par' dir='ltr' id='par_1_59' title="bbox 440 3043 2081 3116">
     <span class='ocr_line' id='line_1_59' title="bbox 440 3043 2081 3116; baseline -0.007 -7"><span class='ocrx_word' id='word_1_412' title='bbox 440 3058 573 3110; x_wconf 90' lang='lat' dir='ltr'>sent</span> <span class='ocrx_word' id='word_1_413' title='bbox 601 3051 845 3109; x_wconf 92' lang='lat' dir='ltr'>adortus</span> <span class='ocrx_word' id='word_1_414' title='bbox 876 3056 984 3116; x_wconf 91' lang='lat' dir='ltr'>est,</span> <span class='ocrx_word' id='word_1_415' title='bbox 1010 3066 1077 3106; x_wconf 92' lang='lat' dir='ltr'>ac</span> <span class='ocrx_word' id='word_1_416' title='bbox 1108 3048 1415 3104; x_wconf 85' lang='lat' dir='ltr'>exstinctis</span> <span class='ocrx_word' id='word_1_417' title='bbox 1446 3062 1651 3103; x_wconf 90' lang='lat' dir='ltr'>eorum</span> <span class='ocrx_word' id='word_1_418' title='bbox 1674 3048 1772 3100; x_wconf 83' lang='grc'>120</span> <span class='ocrx_word' id='word_1_419' title='bbox 1804 3043 2081 3099; x_wconf 84' lang='lat' dir='ltr'>millibus.</span> 
     </span>
    </p>
   </div>
   <div class='ocr_carea' id='block_1_60' title="bbox 2211 3043 3852 3121">
    <p class='ocr_par' dir='ltr' id='par_1_60' title="bbox 2211 3045 3852 3121">
     <span class='ocr_line' id='line_1_60' title="bbox 2211 3045 3852 3121; baseline 0.005 -23"><span class='ocrx_word' id='word_1_420' title='bbox 2211 3045 2360 3116; x_wconf 79' lang='grc' dir='ltr'>νίκης</span> <span class='ocrx_word' id='word_1_421' title='bbox 2389 3046 2757 3119; x_wconf 82' lang='grc' dir='ltr'>κομισάμενος</span> <span class='ocrx_word' id='word_1_422' title='bbox 2813 3047 2913 3116; x_wconf 78' lang='grc' dir='ltr'>τὴν</span> <span class='ocrx_word' id='word_1_423' title='bbox 2972 3045 3171 3116; x_wconf 83' lang='grc' dir='ltr'>πίστιν,</span> <span class='ocrx_word' id='word_1_424' title='bbox 3228 3045 3592 3121; x_wconf 73' lang='grc' dir='ltr'>ἐπανίσταται,</span> <span class='ocrx_word' id='word_1_425' title='bbox 3649 3050 3739 3106; x_wconf 85' lang='grc' dir='ltr'>καὶ</span> <span class='ocrx_word' id='word_1_426' title='bbox 3797 3050 3852 3106; x_wconf 72' lang='grc' dir='ltr'>ἐν</span> 
     </span>
    </p>
   </div>
   <div class='ocr_carea' id='block_1_61' title="bbox 435 3132 2076 3216">
    <p class='ocr_par' dir='ltr' id='par_1_61' title="bbox 435 3132 2076 3216">
     <span class='ocr_line' id='line_1_61' title="bbox 435 3132 2076 3216; baseline -0.009 -17"><span class='ocrx_word' id='word_1_427' title='bbox 435 3142 639 3216; x_wconf 88' lang='lat' dir='ltr'>populi</span> <span class='ocrx_word' id='word_1_428' title='bbox 671 3157 779 3214; x_wconf 90' lang='lat' dir='ltr'>per</span> <span class='ocrx_word' id='word_1_429' title='bbox 809 3138 1206 3212; x_wconf 80' lang='lat' dir='ltr'>quadraginta</span> <span class='ocrx_word' id='word_1_430' title='bbox 1235 3153 1423 3193; x_wconf 91' lang='lat' dir='ltr'>annos</span> <span class='ocrx_word' id='word_1_431' title='bbox 1454 3136 1573 3191; x_wconf 84' lang='lat' dir='ltr'>dux</span> <span class='ocrx_word' id='word_1_432' title='bbox 1602 3133 1732 3189; x_wconf 81' lang='lat' dir='ltr'>fuit.</span> <span class='ocrx_word' id='word_1_433' title='bbox 1767 3135 1906 3189; x_wconf 90' lang='lat' dir='ltr'>Post</span> <span class='ocrx_word' id='word_1_434' title='bbox 1935 3132 2076 3186; x_wconf 70' lang='lat' dir='ltr'>huni</span> 
     </span>
    </p>
   </div>
   <div class='ocr_carea' id='block_1_62' title="bbox 2214 3132 3855 3216">
    <p class='ocr_par' dir='ltr' id='par_1_62' title="bbox 2214 3132 3855 3215">
     <span class='ocr_line' id='line_1_62' title="bbox 2214 3132 3855 3215; baseline 0.004 -27"><span class='ocrx_word' id='word_1_435' title='bbox 2214 3139 2320 3197; x_wconf 76' lang='grc' dir='ltr'>τοῖς</span> <span class='ocrx_word' id='word_1_436' title='bbox 2349 3132 2574 3209; x_wconf 81' lang='grc' dir='ltr'>ἀνδράσι</span> <span class='ocrx_word' id='word_1_437' title='bbox 2612 3141 2727 3197; x_wconf 84' lang='grc' dir='ltr'>τοῖς</span> <span class='ocrx_word' id='word_1_438' title='bbox 2760 3135 2961 3210; x_wconf 87' lang='grc' dir='ltr'>λάψασι</span> <span class='ocrx_word' id='word_1_439' title='bbox 2992 3135 3173 3199; x_wconf 83' lang='grc' dir='ltr'>καθὼς</span> <span class='ocrx_word' id='word_1_440' title='bbox 3187 3136 3332 3193; x_wconf 90' lang='grc' dir='ltr'>κύων</span> <span class='ocrx_word' id='word_1_441' title='bbox 3353 3142 3462 3194; x_wconf 80' lang='grc' dir='ltr'>τῶν</span> <span class='ocrx_word' id='word_1_442' title='bbox 3491 3141 3561 3215; x_wconf 82' lang='grc' dir='ltr'>ιβ“</span> <span class='ocrx_word' id='word_1_443' title='bbox 3584 3136 3855 3215; x_wconf 85' lang='grc' dir='ltr'>μυριάδας</span> 
     </span>
    </p>
   </div>
   <div class='ocr_carea' id='block_1_63' title="bbox 434 3222 2075 3306">
    <p class='ocr_par' dir='ltr' id='par_1_63' title="bbox 434 3222 2075 3300">
     <span class='ocr_line' id='line_1_63' title="bbox 434 3222 2075 3300; baseline -0.009 -11"><span class='ocrx_word' id='word_1_444' title='bbox 434 3231 799 3289; x_wconf 84' lang='lat' dir='ltr'>Abimelicus</span> <span class='ocrx_word' id='word_1_445' title='bbox 823 3230 981 3286; x_wconf 81' lang='lat' dir='ltr'>illius</span> <span class='ocrx_word' id='word_1_446' title='bbox 1013 3230 1163 3300; x_wconf 85' lang='lat' dir='ltr'>ejus,</span> <span class='ocrx_word' id='word_1_447' title='bbox 1196 3243 1385 3283; x_wconf 90' lang='lat' dir='ltr'>annos</span> <span class='ocrx_word' id='word_1_448' title='bbox 1419 3228 1471 3293; x_wconf 89' lang='lat'>3,</span> <span class='ocrx_word' id='word_1_449' title='bbox 1507 3224 1716 3281; x_wconf 89' lang='lat' dir='ltr'>Tholas</span> <span class='ocrx_word' id='word_1_450' title='bbox 1755 3225 1844 3291; x_wconf 88' lang='lat'>23,</span> <span class='ocrx_word' id='word_1_451' title='bbox 1896 3222 2075 3277; x_wconf 74' lang='lat' dir='ltr'>Jairus</span> 
     </span>
    </p>
   </div>
   <div class='ocr_carea' id='block_1_64' title="bbox 2215 3222 3856 3306">
    <p class='ocr_par' dir='ltr' id='par_1_64' title="bbox 2215 3223 3856 3306">
     <span class='ocr_line' id='line_1_64' title="bbox 2215 3223 3856 3306; baseline 0.003 -25"><span class='ocrx_word' id='word_1_452' title='bbox 2215 3223 2678 3302; x_wconf 69' lang='grc' dir='ltr'>διαχειρισάμενος</span> <span class='ocrx_word' id='word_1_453' title='bbox 2722 3227 2851 3303; x_wconf 72' lang='grc' dir='ltr'>ἦρξε</span> <span class='ocrx_word' id='word_1_454' title='bbox 2907 3232 3005 3282; x_wconf 80' lang='grc' dir='ltr'>τοῦ</span> <span class='ocrx_word' id='word_1_455' title='bbox 3065 3225 3202 3283; x_wconf 80' lang='grc' dir='ltr'>λαοῦ</span> <span class='ocrx_word' id='word_1_456' title='bbox 3257 3225 3351 3300; x_wconf 82' lang='grc' dir='ltr'>ἔτη</span> <span class='ocrx_word' id='word_1_457' title='bbox 3414 3230 3487 3302; x_wconf 76' lang='grc' dir='ltr'>μ’.</span> <span class='ocrx_word' id='word_1_458' title='bbox 3549 3225 3856 3306; x_wconf 73' lang='grc' dir='ltr'>Ἀϐιμέλεχ</span> 
     </span>
    </p>
   </div>
   <div class='ocr_carea' id='block_1_65' title="bbox 441 3275 2082 3394">
    <p class='ocr_par' dir='ltr' id='par_1_65' title="bbox 441 3275 2082 3388">
     <span class='ocr_line' id='line_1_65' title="bbox 441 3275 2082 3388; baseline -0.008 -10"><span class='ocrx_word' id='word_1_459' title='bbox 441 3322 775 3378; x_wconf 87' lang='lat' dir='ltr'>Galaadites</span> <span class='ocrx_word' id='word_1_460' title='bbox 803 3324 891 3374; x_wconf 83' lang='lat'>22.</span> <span class='ocrx_word' id='word_1_461' title='bbox 917 3275 1063 3374; x_wconf 62' lang='lat' dir='ltr'>Inde</span> <span class='ocrx_word' id='word_1_462' title='bbox 1091 3275 1164 3373; x_wconf 68' lang='lat' dir='ltr'>ob</span> <span class='ocrx_word' id='word_1_463' title='bbox 1196 3333 1302 3373; x_wconf 88' lang='lat' dir='ltr'>sua</span> <span class='ocrx_word' id='word_1_464' title='bbox 1357 3275 1600 3388; x_wconf 66' lang='lat' dir='ltr'>peccata</span> <span class='ocrx_word' id='word_1_465' title='bbox 1933 3275 2082 3366; x_wconf 22' lang='lat' dir='ltr'>vitm-</span> 
     </span>
    </p>
   </div>
   <div class='ocr_carea' id='block_1_66' title="bbox 2213 3275 3854 3394">
    <p class='ocr_par' dir='ltr' id='par_1_66' title="bbox 2213 3275 3854 3394">
     <span class='ocr_line' id='line_1_66' title="bbox 2213 3275 3854 3309; baseline 0.004 -12"><span class='ocrx_word' id='word_1_466' title='bbox 2213 3275 2677 3302; x_wconf 43' lang='lat' dir='ltr'>v—v-Awr-&quot;rww</span> <span class='ocrx_word' id='word_1_467' title='bbox 2729 3275 2850 3303; x_wconf 72' lang='grc' dir='ltr'>*ιι-ἰι-</span> <span class='ocrx_word' id='word_1_468' title='bbox 2919 3275 3002 3282; x_wconf 62' lang='grc' dir='ltr'>--τ</span> <span class='ocrx_word' id='word_1_469' title='bbox 3067 3275 3200 3283; x_wconf 69' lang='grc' dir='ltr'>η--ν</span> <span class='ocrx_word' id='word_1_470' title='bbox 3242 3275 3351 3309; x_wconf 28' lang='lat' dir='ltr'>,v-va</span> <span class='ocrx_word' id='word_1_471' title='bbox 3414 3275 3487 3302; x_wconf 79' lang='grc' dir='ltr'>ι-·</span> <span class='ocrx_word' id='word_1_472' title='bbox 3564 3275 3854 3306; x_wconf 62' lang='grc' dir='ltr'>ιιν-ι-υ---κ</span> 
     </span>
     <span class='ocr_line' id='line_1_67' title="bbox 2213 3310 3854 3394; baseline 0.002 -25"><span class='ocrx_word' id='word_1_473' title='bbox 2213 3314 2396 3369; x_wconf 76' lang='grc' dir='ltr'>τούτου</span> <span class='ocrx_word' id='word_1_474' title='bbox 2426 3316 2542 3378; x_wconf 72' lang='grc' dir='ltr'>υἱὸς</span> <span class='ocrx_word' id='word_1_475' title='bbox 2602 3313 2695 3387; x_wconf 84' lang='grc' dir='ltr'>ἔτη</span> <span class='ocrx_word' id='word_1_476' title='bbox 2753 3317 2822 3391; x_wconf 82' lang='grc' dir='ltr'>γ’,</span> <span class='ocrx_word' id='word_1_477' title='bbox 2882 3315 3027 3371; x_wconf 91' lang='grc' dir='ltr'>Θόλα</span> <span class='ocrx_word' id='word_1_478' title='bbox 3064 3310 3157 3388; x_wconf 78' lang='grc' dir='ltr'>ἔτη</span> <span class='ocrx_word' id='word_1_479' title='bbox 3216 3318 3318 3394; x_wconf 79' lang='grc' dir='ltr'>κγ’,</span> <span class='ocrx_word' id='word_1_480' title='bbox 3379 3318 3541 3391; x_wconf 80' lang='grc' dir='ltr'>Ἰαεὶρ</span> <span class='ocrx_word' id='word_1_481' title='bbox 3581 3319 3610 3374; x_wconf 90' lang='lat'>6</span> <span class='ocrx_word' id='word_1_482' title='bbox 3638 3317 3854 3375; x_wconf 83' lang='grc' dir='ltr'>Γαλαα-</span> 
     </span>
    </p>
   </div>
   <div class='ocr_carea' id='block_1_67' title="bbox 442 3396 2083 3481">
    <p class='ocr_par' dir='ltr' id='par_1_67' title="bbox 442 3402 2083 3477">
     <span class='ocr_line' id='line_1_68' title="bbox 442 3402 2083 3477; baseline -0.007 -12"><span class='ocrx_word' id='word_1_483' title='bbox 442 3410 687 3467; x_wconf 87' lang='lat' dir='ltr'>monitis</span> <span class='ocrx_word' id='word_1_484' title='bbox 719 3408 954 3464; x_wconf 92' lang='lat' dir='ltr'>deditus</span> <span class='ocrx_word' id='word_1_485' title='bbox 985 3406 1173 3474; x_wconf 87' lang='lat' dir='ltr'>est,ab</span> <span class='ocrx_word' id='word_1_486' title='bbox 1205 3422 1394 3477; x_wconf 93' lang='lat' dir='ltr'>eoque</span> <span class='ocrx_word' id='word_1_487' title='bbox 1428 3406 1493 3459; x_wconf 84' lang='grc'>18</span> <span class='ocrx_word' id='word_1_488' title='bbox 1523 3420 1714 3459; x_wconf 90' lang='lat' dir='ltr'>annos</span> <span class='ocrx_word' id='word_1_489' title='bbox 1763 3402 2083 3457; x_wconf 84' lang='lat' dir='ltr'>divexatus.</span> 
     </span>
    </p>
   </div>
   <div class='ocr_carea' id='block_1_68' title="bbox 2211 3396 3852 3481">
    <p class='ocr_par' dir='ltr' id='par_1_68' title="bbox 2211 3396 3852 3481">
     <span class='ocr_line' id='line_1_69' title="bbox 2211 3396 3852 3481; baseline 0.002 -24"><span class='ocrx_word' id='word_1_490' title='bbox 2211 3399 2355 3474; x_wconf 78' lang='grc' dir='ltr'>Βίτης</span> <span class='ocrx_word' id='word_1_491' title='bbox 2385 3396 2478 3473; x_wconf 73' lang='grc' dir='ltr'>ἔτη</span> <span class='ocrx_word' id='word_1_492' title='bbox 2535 3404 2647 3478; x_wconf 89' lang='grc' dir='ltr'>κβ’.</span> <span class='ocrx_word' id='word_1_493' title='bbox 2707 3403 2861 3461; x_wconf 82' lang='grc' dir='ltr'>Μετὰ</span> <span class='ocrx_word' id='word_1_494' title='bbox 2911 3408 3075 3460; x_wconf 79' lang='grc' dir='ltr'>τοῦτο</span> <span class='ocrx_word' id='word_1_495' title='bbox 3131 3403 3428 3481; x_wconf 76' lang='grc' dir='ltr'>ἐξήμαρτεν</span> <span class='ocrx_word' id='word_1_496' title='bbox 3470 3407 3498 3462; x_wconf 84' lang='lat'>6</span> <span class='ocrx_word' id='word_1_497' title='bbox 3548 3406 3703 3477; x_wconf 86' lang='grc' dir='ltr'>λαὸς,</span> <span class='ocrx_word' id='word_1_498' title='bbox 3761 3407 3852 3462; x_wconf 73' lang='grc' dir='ltr'>καὶ</span> 
     </span>
    </p>
   </div>
   <div class='ocr_carea' id='block_1_69' title="bbox 442 3488 2083 3571">
    <p class='ocr_par' dir='ltr' id='par_1_69' title="bbox 442 3489 2083 3565">
     <span class='ocr_line' id='line_1_70' title="bbox 442 3489 2083 3565; baseline -0.008 -9"><span class='ocrx_word' id='word_1_499' title='bbox 442 3503 590 3556; x_wconf 89' lang='lat' dir='ltr'>Cum</span> <span class='ocrx_word' id='word_1_500' title='bbox 614 3502 811 3553; x_wconf 90' lang='lat' dir='ltr'>autem</span> <span class='ocrx_word' id='word_1_501' title='bbox 842 3496 918 3553; x_wconf 87' lang='lat' dir='ltr'>ad</span> <span class='ocrx_word' id='word_1_502' title='bbox 948 3497 1133 3552; x_wconf 90' lang='lat' dir='ltr'>Deum</span> <span class='ocrx_word' id='word_1_503' title='bbox 1192 3493 1549 3560; x_wconf 88' lang='lat' dir='ltr'>revertisset,</span> <span class='ocrx_word' id='word_1_504' title='bbox 1609 3508 1715 3565; x_wconf 90' lang='lat' dir='ltr'>per</span> <span class='ocrx_word' id='word_1_505' title='bbox 1775 3489 2083 3563; x_wconf 83' lang='lat' dir='ltr'>Jephtham</span> 
     </span>
    </p>
   </div>
   <div class='ocr_carea' id='block_1_70' title="bbox 2209 3488 3850 3571">
    <p class='ocr_par' dir='ltr' id='par_1_70' title="bbox 2209 3488 3850 3571">
     <span class='ocr_line' id='line_1_71' title="bbox 2209 3488 3850 3571; baseline 0.003 -25"><span class='ocrx_word' id='word_1_506' title='bbox 2209 3488 2476 3567; x_wconf 82' lang='grc' dir='ltr'>παρεδόθη</span> <span class='ocrx_word' id='word_1_507' title='bbox 2506 3497 2624 3554; x_wconf 80' lang='grc' dir='ltr'>τοῖς</span> <span class='ocrx_word' id='word_1_508' title='bbox 2656 3492 2978 3568; x_wconf 85' lang='grc' dir='ltr'>Ἀμανίτρις</span> <span class='ocrx_word' id='word_1_509' title='bbox 3007 3490 3100 3564; x_wconf 81' lang='grc' dir='ltr'>ἔτη</span> <span class='ocrx_word' id='word_1_510' title='bbox 3132 3501 3222 3565; x_wconf 68' lang='grc' dir='ltr'>ιη’.</span> <span class='ocrx_word' id='word_1_511' title='bbox 3281 3495 3507 3551; x_wconf 78' lang='grc' dir='ltr'>Ἔπειτα</span> <span class='ocrx_word' id='word_1_512' title='bbox 3556 3497 3656 3564; x_wconf 76' lang='grc' dir='ltr'>τὴν</span> <span class='ocrx_word' id='word_1_513' title='bbox 3713 3497 3850 3571; x_wconf 82' lang='grc' dir='ltr'>πρὸς</span> 
     </span>
    </p>
   </div>
   <div class='ocr_carea' id='block_1_71' title="bbox 447 3579 2088 3661">
    <p class='ocr_par' dir='ltr' id='par_1_71' title="bbox 447 3579 2088 3654">
     <span class='ocr_line' id='line_1_72' title="bbox 447 3579 2088 3654; baseline -0.006 -11"><span class='ocrx_word' id='word_1_514' title='bbox 447 3586 811 3644; x_wconf 89' lang='lat' dir='ltr'>Galaaditam</span> <span class='ocrx_word' id='word_1_515' title='bbox 842 3587 891 3641; x_wconf 92' lang='lat' dir='ltr'>is</span> <span class='ocrx_word' id='word_1_516' title='bbox 922 3602 1023 3641; x_wconf 91' lang='lat' dir='ltr'>eos</span> <span class='ocrx_word' id='word_1_517' title='bbox 1053 3584 1344 3641; x_wconf 88' lang='lat' dir='ltr'>liberavit.</span> <span class='ocrx_word' id='word_1_518' title='bbox 1396 3583 1677 3654; x_wconf 90' lang='lat' dir='ltr'>Princeps</span> <span class='ocrx_word' id='word_1_519' title='bbox 1735 3580 1939 3653; x_wconf 90' lang='lat' dir='ltr'>p0puli</span> <span class='ocrx_word' id='word_1_520' title='bbox 1978 3579 2088 3635; x_wconf 85' lang='lat' dir='ltr'>fuit</span> 
     </span>
    </p>
   </div>
   <div class='ocr_carea' id='block_1_72' title="bbox 2213 3579 3854 3661">
    <p class='ocr_par' dir='ltr' id='par_1_72' title="bbox 2213 3579 3854 3661">
     <span class='ocr_line' id='line_1_73' title="bbox 2213 3579 3854 3661; baseline 0.002 -26"><span class='ocrx_word' id='word_1_521' title='bbox 2213 3582 2325 3636; x_wconf 69' lang='grc' dir='ltr'>θεὸν</span> <span class='ocrx_word' id='word_1_522' title='bbox 2360 3581 2733 3654; x_wconf 76' lang='grc' dir='ltr'>ποιησάμενος</span> <span class='ocrx_word' id='word_1_523' title='bbox 2766 3579 3027 3637; x_wconf 76' lang='grc' dir='ltr'>ἐπάνοδον</span> <span class='ocrx_word' id='word_1_524' title='bbox 3054 3583 3318 3653; x_wconf 84' lang='grc' dir='ltr'>σώζονται</span> <span class='ocrx_word' id='word_1_525' title='bbox 3360 3580 3451 3638; x_wconf 88' lang='grc' dir='ltr'>διὰ</span> <span class='ocrx_word' id='word_1_526' title='bbox 3495 3588 3594 3639; x_wconf 80' lang='grc' dir='ltr'>τοῦ</span> <span class='ocrx_word' id='word_1_527' title='bbox 3650 3584 3854 3661; x_wconf 73' lang='grc' dir='ltr'>Ἰεφθάε</span> 
     </span>
    </p>
   </div>
   <div class='ocr_carea' id='block_1_73' title="bbox 446 3667 2087 3744">
    <p class='ocr_par' dir='ltr' id='par_1_73' title="bbox 446 3670 2087 3733">
     <span class='ocr_line' id='line_1_74' title="bbox 446 3670 2087 3733; baseline -0.005 -1"><span class='ocrx_word' id='word_1_528' title='bbox 446 3677 544 3733; x_wconf 92' lang='lat' dir='ltr'>hic</span> <span class='ocrx_word' id='word_1_529' title='bbox 576 3691 762 3731; x_wconf 88' lang='lat' dir='ltr'>annos</span> <span class='ocrx_word' id='word_1_530' title='bbox 791 3678 842 3731; x_wconf 81' lang='lat'>6.</span> <span class='ocrx_word' id='word_1_531' title='bbox 875 3677 1017 3731; x_wconf 87' lang='lat' dir='ltr'>Post</span> <span class='ocrx_word' id='word_1_532' title='bbox 1036 3675 1194 3731; x_wconf 90' lang='lat' dir='ltr'>hunc</span> <span class='ocrx_word' id='word_1_533' title='bbox 1228 3671 1485 3728; x_wconf 87' lang='lat' dir='ltr'>Essebon</span> <span class='ocrx_word' id='word_1_534' title='bbox 1534 3676 1587 3728; x_wconf 87' lang='lat'>7.</span> <span class='ocrx_word' id='word_1_535' title='bbox 1649 3673 1727 3726; x_wconf 87' lang='lat' dir='ltr'>Eo</span> <span class='ocrx_word' id='word_1_536' title='bbox 1771 3670 1893 3726; x_wconf 80' lang='lat' dir='ltr'>fere</span> <span class='ocrx_word' id='word_1_537' title='bbox 1943 3675 2087 3724; x_wconf 91' lang='lat' dir='ltr'>tem-</span> 
     </span>
    </p>
   </div>
   <div class='ocr_carea' id='block_1_74' title="bbox 2207 3667 3848 3744">
    <p class='ocr_par' dir='ltr' id='par_1_74' title="bbox 2207 3667 3848 3744">
     <span class='ocr_line' id='line_1_75' title="bbox 2207 3667 3848 3744; baseline 0.003 -18"><span class='ocrx_word' id='word_1_538' title='bbox 2207 3675 2294 3726; x_wconf 76' lang='grc' dir='ltr'>τοῦ</span> <span class='ocrx_word' id='word_1_539' title='bbox 2332 3667 2672 3727; x_wconf 87' lang='grc' dir='ltr'>Γαλααδίτου</span> <span class='ocrx_word' id='word_1_540' title='bbox 2702 3668 2796 3740; x_wconf 81' lang='grc' dir='ltr'>ἔτη</span> <span class='ocrx_word' id='word_1_541' title='bbox 2826 3672 2890 3735; x_wconf 85' lang='grc' dir='ltr'>ς’.</span> <span class='ocrx_word' id='word_1_542' title='bbox 2920 3672 3071 3729; x_wconf 82' lang='grc' dir='ltr'>Μετὰ</span> <span class='ocrx_word' id='word_1_543' title='bbox 3090 3676 3282 3728; x_wconf 78' lang='grc' dir='ltr'>τοῦτον</span> <span class='ocrx_word' id='word_1_544' title='bbox 3325 3669 3603 3731; x_wconf 66' lang='grc' dir='ltr'>Ἐσσεόὼν</span> <span class='ocrx_word' id='word_1_545' title='bbox 3639 3672 3734 3744; x_wconf 80' lang='grc' dir='ltr'>ἔτη</span> <span class='ocrx_word' id='word_1_546' title='bbox 3787 3676 3827 3744; x_wconf 84' lang='grc' dir='ltr'>ζ’</span> <span class='ocrx_word' id='word_1_547' title='bbox 3835 3724 3848 3737; x_wconf 93' lang='grc'>,</span> 
     </span>
    </p>
   </div>
   <div class='ocr_carea' id='block_1_75' title="bbox 444 3759 2085 3840">
    <p class='ocr_par' dir='ltr' id='par_1_75' title="bbox 444 3760 2085 3840">
     <span class='ocr_line' id='line_1_76' title="bbox 444 3760 2085 3840; baseline -0.005 -19"><span class='ocrx_word' id='word_1_548' title='bbox 444 3783 588 3840; x_wconf 89' lang='lat' dir='ltr'>pore</span> <span class='ocrx_word' id='word_1_549' title='bbox 619 3766 792 3837; x_wconf 91' lang='lat' dir='ltr'>Troja</span> <span class='ocrx_word' id='word_1_550' title='bbox 822 3770 880 3820; x_wconf 89' lang='lat' dir='ltr'>et</span> <span class='ocrx_word' id='word_1_551' title='bbox 916 3764 1089 3820; x_wconf 90' lang='lat' dir='ltr'>Ilium</span> <span class='ocrx_word' id='word_1_552' title='bbox 1119 3762 1473 3827; x_wconf 87' lang='lat' dir='ltr'>conduntur,</span> <span class='ocrx_word' id='word_1_553' title='bbox 1509 3767 1568 3817; x_wconf 93' lang='lat' dir='ltr'>et</span> <span class='ocrx_word' id='word_1_554' title='bbox 1594 3760 1960 3833; x_wconf 65' lang='lat' dir='ltr'>Esculapius</span> <span class='ocrx_word' id='word_1_555' title='bbox 2001 3775 2085 3815; x_wconf 90' lang='lat' dir='ltr'>ar-</span> 
     </span>
    </p>
   </div>
   <div class='ocr_carea' id='block_1_76' title="bbox 2208 3759 3849 3840">
    <p class='ocr_par' dir='ltr' id='par_1_76' title="bbox 2208 3759 3849 3836">
     <span class='ocr_line' id='line_1_77' title="bbox 2208 3759 3849 3836; baseline 0 -18"><span class='ocrx_word' id='word_1_556' title='bbox 2208 3760 2348 3818; x_wconf 79' lang='grc' dir='ltr'>Κατὰ</span> <span class='ocrx_word' id='word_1_557' title='bbox 2371 3759 2597 3823; x_wconf 85' lang='grc' dir='ltr'>τούτους</span> <span class='ocrx_word' id='word_1_558' title='bbox 2626 3759 2754 3823; x_wconf 78' lang='grc' dir='ltr'>τοὺς</span> <span class='ocrx_word' id='word_1_559' title='bbox 2789 3760 3022 3835; x_wconf 88' lang='grc' dir='ltr'>χρόνους</span> <span class='ocrx_word' id='word_1_560' title='bbox 3066 3762 3128 3816; x_wconf 77' lang='grc' dir='ltr'>τὸ</span> <span class='ocrx_word' id='word_1_561' title='bbox 3184 3761 3362 3818; x_wconf 85' lang='grc' dir='ltr'>Ἴλιον</span> <span class='ocrx_word' id='word_1_562' title='bbox 3420 3760 3641 3836; x_wconf 83' lang='grc' dir='ltr'>ἐκτίσθη</span> <span class='ocrx_word' id='word_1_563' title='bbox 3693 3765 3783 3820; x_wconf 82' lang='grc' dir='ltr'>καὶ</span> <span class='ocrx_word' id='word_1_564' title='bbox 3813 3767 3849 3835; x_wconf 77' lang='grc' dir='ltr'><strong>ἡ</strong></span> 
     </span>
    </p>
   </div>
   <div class='ocr_carea' id='block_1_77' title="bbox 448 3848 2089 3929">
    <p class='ocr_par' dir='ltr' id='par_1_77' title="bbox 448 3850 2086 3924">
     <span class='ocr_line' id='line_1_78' title="bbox 448 3850 2086 3924; baseline -0.004 -13"><span class='ocrx_word' id='word_1_565' title='bbox 448 3860 568 3911; x_wconf 87' lang='lat' dir='ltr'>tem</span> <span class='ocrx_word' id='word_1_566' title='bbox 585 3854 874 3909; x_wconf 89' lang='lat' dir='ltr'>medicam</span> <span class='ocrx_word' id='word_1_567' title='bbox 892 3852 1408 3924; x_wconf 87' lang='lat' dir='ltr'>constituit.Eglon</span> <span class='ocrx_word' id='word_1_568' title='bbox 1420 3850 1777 3907; x_wconf 88' lang='lat' dir='ltr'>Zabulonius</span> <span class='ocrx_word' id='word_1_569' title='bbox 1794 3866 1981 3905; x_wconf 85' lang='lat' dir='ltr'>annos</span> <span class='ocrx_word' id='word_1_570' title='bbox 2002 3852 2086 3905; x_wconf 83' lang='lat' dir='ltr'>lO.</span> 
     </span>
    </p>
   </div>
   <div class='ocr_carea' id='block_1_78' title="bbox 2208 3848 3849 3929">
    <p class='ocr_par' dir='ltr' id='par_1_78' title="bbox 2208 3848 3849 3929">
     <span class='ocr_line' id='line_1_79' title="bbox 2208 3848 3849 3929; baseline 0.002 -22"><span class='ocrx_word' id='word_1_571' title='bbox 2208 3848 2386 3925; x_wconf 79' lang='grc' dir='ltr'>Τροία,</span> <span class='ocrx_word' id='word_1_572' title='bbox 2415 3850 2507 3905; x_wconf 81' lang='grc' dir='ltr'>καὶ</span> <span class='ocrx_word' id='word_1_573' title='bbox 2539 3848 2879 3920; x_wconf 86' lang='grc' dir='ltr'>Ἀσκληπιὸς</span> <span class='ocrx_word' id='word_1_574' title='bbox 2912 3851 3009 3919; x_wconf 79' lang='grc' dir='ltr'>τήν</span> <span class='ocrx_word' id='word_1_575' title='bbox 3035 3849 3282 3927; x_wconf 80' lang='grc' dir='ltr'>ἰατρικὴν</span> <span class='ocrx_word' id='word_1_576' title='bbox 3303 3851 3612 3927; x_wconf 76' lang='grc' dir='ltr'>ἐπιστήμην</span> <span class='ocrx_word' id='word_1_577' title='bbox 3638 3854 3849 3929; x_wconf 71' lang='grc' dir='ltr'>μετῄει.</span> 
     </span>
    </p>
   </div>
   <div class='ocr_carea' id='block_1_79' title="bbox 444 3934 2085 4017">
    <p class='ocr_par' dir='ltr' id='par_1_79' title="bbox 444 3938 2085 4011">
     <span class='ocr_line' id='line_1_80' title="bbox 444 3938 2085 4011; baseline -0.004 -11"><span class='ocrx_word' id='word_1_578' title='bbox 444 3943 654 4000; x_wconf 81' lang='lat' dir='ltr'>Abdon</span> <span class='ocrx_word' id='word_1_579' title='bbox 672 3943 887 3999; x_wconf 87' lang='lat' dir='ltr'>Selemi</span> <span class='ocrx_word' id='word_1_580' title='bbox 911 3941 1065 3998; x_wconf 84' lang='lat' dir='ltr'>ﬁlius</span> <span class='ocrx_word' id='word_1_581' title='bbox 1087 3940 1562 4007; x_wconf 87' lang='lat' dir='ltr'>Pharathonites,</span> <span class='ocrx_word' id='word_1_582' title='bbox 1586 3939 1681 3995; x_wconf 92' lang='lat' dir='ltr'>cui</span> <span class='ocrx_word' id='word_1_583' title='bbox 1703 3938 2085 4011; x_wconf 79' lang='lat' dir='ltr'>quadraginta</span> 
     </span>
    </p>
   </div>
   <div class='ocr_carea' id='block_1_80' title="bbox 2215 3934 3856 4017">
    <p class='ocr_par' dir='ltr' id='par_1_80' title="bbox 2217 3934 3856 4017">
     <span class='ocr_line' id='line_1_81' title="bbox 2217 3934 3856 4017; baseline 0.002 -21"><span class='ocrx_word' id='word_1_584' title='bbox 2217 3938 2412 4016; x_wconf 83' lang='grc' dir='ltr'>Εγλὼν</span> <span class='ocrx_word' id='word_1_585' title='bbox 2445 3941 2556 4013; x_wconf 82' lang='lat'>(78)</span> <span class='ocrx_word' id='word_1_586' title='bbox 2584 3940 2611 3994; x_wconf 91' lang='lat'>6</span> <span class='ocrx_word' id='word_1_587' title='bbox 2645 3934 3033 4010; x_wconf 78' lang='grc' dir='ltr'>Βαϐυλωνίτης</span> <span class='ocrx_word' id='word_1_588' title='bbox 3065 3934 3158 4009; x_wconf 79' lang='grc' dir='ltr'>ἔτη</span> <span class='ocrx_word' id='word_1_589' title='bbox 3193 3942 3243 3998; x_wconf 86' lang='grc' dir='ltr'>ι’.</span> <span class='ocrx_word' id='word_1_590' title='bbox 3277 3937 3485 3998; x_wconf 73' lang='grc' dir='ltr'>Ἀϐδὼν</span> <span class='ocrx_word' id='word_1_591' title='bbox 3506 3943 3622 4005; x_wconf 78' lang='grc' dir='ltr'>υἱὸς</span> <span class='ocrx_word' id='word_1_592' title='bbox 3647 3941 3856 4017; x_wconf 83' lang='grc' dir='ltr'>Σελεὶμ</span> 
     </span>
    </p>
   </div>
   <div class='ocr_carea' id='block_1_81' title="bbox 444 4027 2085 4110">
    <p class='ocr_par' dir='ltr' id='par_1_81' title="bbox 444 4028 2085 4103">
     <span class='ocr_line' id='line_1_82' title="bbox 444 4028 2085 4103; baseline -0.005 -13"><span class='ocrx_word' id='word_1_593' title='bbox 444 4035 686 4090; x_wconf 81' lang='lat' dir='ltr'>fuerunt</span> <span class='ocrx_word' id='word_1_594' title='bbox 712 4032 1105 4103; x_wconf 85' lang='lat' dir='ltr'>ﬁlii,nepotes</span> <span class='ocrx_word' id='word_1_595' title='bbox 1134 4031 1397 4102; x_wconf 81' lang='lat' dir='ltr'>triginta,</span> <span class='ocrx_word' id='word_1_596' title='bbox 1432 4028 1772 4085; x_wconf 87' lang='lat' dir='ltr'>lsraelicum</span> <span class='ocrx_word' id='word_1_597' title='bbox 1803 4028 2085 4101; x_wconf 89' lang='lat' dir='ltr'>populum</span> 
     </span>
    </p>
   </div>
   <div class='ocr_carea' id='block_1_82' title="bbox 2218 4027 3859 4110">
    <p class='ocr_par' dir='ltr' id='par_1_82' title="bbox 2218 4027 3859 4110">
     <span class='ocr_line' id='line_1_83' title="bbox 2218 4027 3859 4110; baseline 0.004 -28"><span class='ocrx_word' id='word_1_598' title='bbox 2218 4028 2677 4099; x_wconf 62' lang='lat' dir='ltr'>iMapaOmvftvjc,</span> <span class='ocrx_word' id='word_1_599' title='bbox 2710 4028 2769 4092; x_wconf 84' lang='grc' dir='ltr'>’ὸς</span> <span class='ocrx_word' id='word_1_600' title='bbox 2814 4030 2880 4099; x_wconf 80' lang='grc' dir='ltr'>ἦν</span> <span class='ocrx_word' id='word_1_601' title='bbox 2940 4031 3123 4105; x_wconf 71' lang='grc' dir='ltr'>πατὴρ</span> <span class='ocrx_word' id='word_1_602' title='bbox 3180 4027 3389 4086; x_wconf 86' lang='grc' dir='ltr'>παίδων</span> <span class='ocrx_word' id='word_1_603' title='bbox 3452 4033 3505 4105; x_wconf 84' lang='grc' dir='ltr'>μ’</span> <span class='ocrx_word' id='word_1_604' title='bbox 3560 4031 3651 4088; x_wconf 77' lang='grc' dir='ltr'>καὶ</span> <span class='ocrx_word' id='word_1_605' title='bbox 3705 4033 3859 4110; x_wconf 71' lang='grc' dir='ltr'>ἐκγὸο</span> 
     </span>
    </p>
   </div>
   <div class='ocr_carea' id='block_1_83' title="bbox 445 4112 2086 4196">
    <p class='ocr_par' dir='ltr' id='par_1_83' title="bbox 445 4117 2086 4193">
     <span class='ocr_line' id='line_1_84' title="bbox 445 4117 2086 4193; baseline -0.004 -15"><span class='ocrx_word' id='word_1_606' title='bbox 445 4123 596 4178; x_wconf 83' lang='lat' dir='ltr'>rexit</span> <span class='ocrx_word' id='word_1_607' title='bbox 620 4138 809 4177; x_wconf 92' lang='lat' dir='ltr'>annos</span> <span class='ocrx_word' id='word_1_608' title='bbox 837 4124 888 4177; x_wconf 92' lang='lat'>8.</span> <span class='ocrx_word' id='word_1_609' title='bbox 925 4122 1043 4177; x_wconf 84' lang='lat' dir='ltr'>Hoc</span> <span class='ocrx_word' id='word_1_610' title='bbox 1074 4126 1340 4193; x_wconf 90' lang='lat' dir='ltr'>tempore</span> <span class='ocrx_word' id='word_1_611' title='bbox 1366 4118 1524 4191; x_wconf 91' lang='lat' dir='ltr'>apud</span> <span class='ocrx_word' id='word_1_612' title='bbox 1545 4120 1778 4175; x_wconf 70' lang='lat' dir='ltr'>Grmcos</span> <span class='ocrx_word' id='word_1_613' title='bbox 1831 4117 2086 4172; x_wconf 86' lang='lat' dir='ltr'>innotuit</span> 
     </span>
    </p>
   </div>
   <div class='ocr_carea' id='block_1_84' title="bbox 2211 4112 3852 4196">
    <p class='ocr_par' dir='ltr' id='par_1_84' title="bbox 2211 4112 3852 4196">
     <span class='ocr_line' id='line_1_85' title="bbox 2211 4112 3852 4196; baseline 0.003 -24"><span class='ocrx_word' id='word_1_614' title='bbox 2211 4138 2301 4172; x_wconf 75' lang='lat' dir='ltr'>nov</span> <span class='ocrx_word' id='word_1_615' title='bbox 2343 4114 2414 4186; x_wconf 87' lang='grc' dir='ltr'>λ’,</span> <span class='ocrx_word' id='word_1_616' title='bbox 2474 4112 2653 4189; x_wconf 75' lang='grc' dir='ltr'>ἔκρινε</span> <span class='ocrx_word' id='word_1_617' title='bbox 2707 4118 2800 4173; x_wconf 85' lang='grc' dir='ltr'>τὸν</span> <span class='ocrx_word' id='word_1_618' title='bbox 2860 4117 3088 4196; x_wconf 76' lang='grc' dir='ltr'>Ἰφραήλ</span> <span class='ocrx_word' id='word_1_619' title='bbox 3147 4113 3240 4191; x_wconf 74' lang='grc' dir='ltr'>ἔτη</span> <span class='ocrx_word' id='word_1_620' title='bbox 3297 4121 3368 4191; x_wconf 85' lang='grc' dir='ltr'>η’.</span> <span class='ocrx_word' id='word_1_621' title='bbox 3429 4121 3571 4176; x_wconf 83' lang='grc' dir='ltr'>Κατὰ</span> <span class='ocrx_word' id='word_1_622' title='bbox 3626 4121 3852 4185; x_wconf 88' lang='grc' dir='ltr'>τούτους</span> 
     </span>
    </p>
   </div>
   <div class='ocr_carea' id='block_1_85' title="bbox 444 4204 2085 4285">
    <p class='ocr_par' dir='ltr' id='par_1_85' title="bbox 444 4209 2085 4285">
     <span class='ocr_line' id='line_1_86' title="bbox 444 4209 2085 4285; baseline -0.004 -17"><span class='ocrx_word' id='word_1_623' title='bbox 444 4212 711 4285; x_wconf 89' lang='lat' dir='ltr'>Orpheus</span> <span class='ocrx_word' id='word_1_624' title='bbox 741 4214 946 4279; x_wconf 79' lang='lat' dir='ltr'>Tarax,</span> <span class='ocrx_word' id='word_1_625' title='bbox 976 4211 1196 4282; x_wconf 88' lang='lat' dir='ltr'>lyricus</span> <span class='ocrx_word' id='word_1_626' title='bbox 1228 4209 1615 4279; x_wconf 89' lang='lat' dir='ltr'>omniumque</span> <span class='ocrx_word' id='word_1_627' title='bbox 1650 4214 1960 4279; x_wconf 85' lang='lat' dir='ltr'>poetarum</span> <span class='ocrx_word' id='word_1_628' title='bbox 1993 4222 2085 4262; x_wconf 89' lang='lat' dir='ltr'>ce-</span> 
     </span>
    </p>
   </div>
   <div class='ocr_carea' id='block_1_86' title="bbox 2211 4204 3852 4285">
    <p class='ocr_par' dir='ltr' id='par_1_86' title="bbox 2211 4204 3852 4283">
     <span class='ocr_line' id='line_1_87' title="bbox 2211 4204 3852 4283; baseline 0.003 -23"><span class='ocrx_word' id='word_1_629' title='bbox 2211 4204 2326 4267; x_wconf 76' lang='grc' dir='ltr'>τοὺς</span> <span class='ocrx_word' id='word_1_630' title='bbox 2357 4204 2593 4280; x_wconf 82' lang='grc' dir='ltr'>χρόνους</span> <span class='ocrx_word' id='word_1_631' title='bbox 2626 4204 2856 4281; x_wconf 75' lang='grc' dir='ltr'>Ὀρφεὺς</span> <span class='ocrx_word' id='word_1_632' title='bbox 2902 4207 2930 4261; x_wconf 92' lang='lat'>6</span> <span class='ocrx_word' id='word_1_633' title='bbox 2984 4205 3122 4282; x_wconf 72' lang='grc' dir='ltr'>Θρᾲξ</span> <span class='ocrx_word' id='word_1_634' title='bbox 3182 4208 3211 4263; x_wconf 96' lang='lat'>6</span> <span class='ocrx_word' id='word_1_635' title='bbox 3269 4206 3494 4283; x_wconf 86' lang='grc' dir='ltr'>λυρικὸς</span> <span class='ocrx_word' id='word_1_636' title='bbox 3541 4209 3632 4264; x_wconf 77' lang='grc' dir='ltr'>καί</span> <span class='ocrx_word' id='word_1_637' title='bbox 3686 4231 3852 4281; x_wconf 88' lang='grc' dir='ltr'>ποιη-</span> 
     </span>
    </p>
   </div>
   <div class='ocr_carea' id='block_1_87' title="bbox 446 4294 2087 4377">
    <p class='ocr_par' dir='ltr' id='par_1_87' title="bbox 446 4297 2087 4373">
     <span class='ocr_line' id='line_1_88' title="bbox 446 4297 2087 4373; baseline -0.005 -16"><span class='ocrx_word' id='word_1_638' title='bbox 446 4302 819 4359; x_wconf 78' lang='lat' dir='ltr'>leberrimus.</span> <span class='ocrx_word' id='word_1_639' title='bbox 856 4303 906 4357; x_wconf 90' lang='lat' dir='ltr'>ls</span> <span class='ocrx_word' id='word_1_640' title='bbox 938 4302 997 4357; x_wconf 88' lang='lat' dir='ltr'>in</span> <span class='ocrx_word' id='word_1_641' title='bbox 1017 4299 1388 4373; x_wconf 89' lang='lat' dir='ltr'>poematibus</span> <span class='ocrx_word' id='word_1_642' title='bbox 1418 4297 1540 4352; x_wconf 89' lang='lat' dir='ltr'>suis</span> <span class='ocrx_word' id='word_1_643' title='bbox 1572 4297 1859 4368; x_wconf 87' lang='lat' dir='ltr'>plurimos</span> <span class='ocrx_word' id='word_1_644' title='bbox 1889 4312 2087 4351; x_wconf 88' lang='lat' dir='ltr'>versus</span> 
     </span>
    </p>
   </div>
   <div class='ocr_carea' id='block_1_88' title="bbox 2211 4294 3852 4377">
    <p class='ocr_par' dir='ltr' id='par_1_88' title="bbox 2211 4294 3852 4377">
     <span class='ocr_line' id='line_1_89' title="bbox 2211 4294 3852 4377; baseline 0.004 -29"><span class='ocrx_word' id='word_1_645' title='bbox 2211 4299 2305 4349; x_wconf 69' lang='grc' dir='ltr'>τῶν</span> <span class='ocrx_word' id='word_1_646' title='bbox 2361 4294 2613 4349; x_wconf 78' lang='grc' dir='ltr'>ἁπάντων</span> <span class='ocrx_word' id='word_1_647' title='bbox 2668 4294 3078 4368; x_wconf 78' lang='grc' dir='ltr'>ἐπισημότατος</span> <span class='ocrx_word' id='word_1_648' title='bbox 3133 4298 3256 4371; x_wconf 72' lang='grc' dir='ltr'>παρ’</span> <span class='ocrx_word' id='word_1_649' title='bbox 3315 4295 3585 4370; x_wconf 81' lang='grc' dir='ltr'>Ἕλλησιν</span> <span class='ocrx_word' id='word_1_650' title='bbox 3625 4299 3852 4377; x_wconf 69' lang='grc' dir='ltr'>ὲγοωρίο</span> 
     </span>
    </p>
   </div>
   <div class='ocr_carea' id='block_1_89' title="bbox 446 4381 2087 4464">
    <p class='ocr_par' dir='ltr' id='par_1_89' title="bbox 446 4383 2087 4463">
     <span class='ocr_line' id='line_1_90' title="bbox 446 4383 2087 4463; baseline -0.006 -16"><span class='ocrx_word' id='word_1_651' title='bbox 446 4391 646 4463; x_wconf 88' lang='lat' dir='ltr'>posuit</span> <span class='ocrx_word' id='word_1_652' title='bbox 674 4390 745 4446; x_wconf 92' lang='lat' dir='ltr'>de</span> <span class='ocrx_word' id='word_1_653' title='bbox 770 4390 1202 4446; x_wconf 89' lang='lat' dir='ltr'>elementorum</span> <span class='ocrx_word' id='word_1_654' title='bbox 1234 4392 1367 4441; x_wconf 92' lang='lat' dir='ltr'>ortu</span> <span class='ocrx_word' id='word_1_655' title='bbox 1390 4386 1651 4456; x_wconf 82' lang='lat' dir='ltr'>itemque</span> <span class='ocrx_word' id='word_1_656' title='bbox 1670 4384 1931 4439; x_wconf 91' lang='lat' dir='ltr'>hominis</span> <span class='ocrx_word' id='word_1_657' title='bbox 1944 4383 2087 4438; x_wconf 89' lang='lat' dir='ltr'>nati-</span> 
     </span>
    </p>
   </div>
   <div class='ocr_carea' id='block_1_90' title="bbox 2210 4381 3851 4464">
    <p class='ocr_par' dir='ltr' id='par_1_90' title="bbox 2210 4381 3851 4464">
     <span class='ocr_line' id='line_1_91' title="bbox 2210 4381 3851 4464; baseline 0.004 -27"><span class='ocrx_word' id='word_1_658' title='bbox 2210 4388 2343 4453; x_wconf 72' lang='grc' dir='ltr'>ζετο,</span> <span class='ocrx_word' id='word_1_659' title='bbox 2376 4386 2458 4457; x_wconf 87' lang='grc' dir='ltr'>[Ρ.</span> <span class='ocrx_word' id='word_1_660' title='bbox 2491 4384 2583 4457; x_wconf 64' lang='grc'>84]</span> <span class='ocrx_word' id='word_1_661' title='bbox 2616 4381 2675 4445; x_wconf 80' lang='grc' dir='ltr'>ὅς</span> <span class='ocrx_word' id='word_1_662' title='bbox 2706 4382 2759 4438; x_wconf 70' lang='grc' dir='ltr'>ἐν</span> <span class='ocrx_word' id='word_1_663' title='bbox 2792 4390 3108 4455; x_wconf 85' lang='grc' dir='ltr'>ποιητικοῖς</span> <span class='ocrx_word' id='word_1_664' title='bbox 3138 4386 3348 4463; x_wconf 83' lang='grc' dir='ltr'>στίχοις</span> <span class='ocrx_word' id='word_1_665' title='bbox 3377 4388 3503 4460; x_wconf 87' lang='grc' dir='ltr'>περὶ</span> <span class='ocrx_word' id='word_1_666' title='bbox 3562 4388 3851 4464; x_wconf 86' lang='grc' dir='ltr'>στοιχείων</span> 
     </span>
    </p>
   </div>
   <div class='ocr_carea' id='block_1_91' title="bbox 445 4472 2086 4555">
    <p class='ocr_par' dir='ltr' id='par_1_91' title="bbox 445 4473 2084 4546">
     <span class='ocr_line' id='line_1_92' title="bbox 445 4473 2084 4546; baseline -0.005 -11"><span class='ocrx_word' id='word_1_667' title='bbox 445 4480 643 4546; x_wconf 84' lang='lat' dir='ltr'>vitate,</span> <span class='ocrx_word' id='word_1_668' title='bbox 674 4480 824 4536; x_wconf 89' lang='lat' dir='ltr'>lucis</span> <span class='ocrx_word' id='word_1_669' title='bbox 856 4495 925 4533; x_wconf 86' lang='lat' dir='ltr'>ex</span> <span class='ocrx_word' id='word_1_670' title='bbox 955 4478 1175 4533; x_wconf 80' lang='lat' dir='ltr'>aethere</span> <span class='ocrx_word' id='word_1_671' title='bbox 1217 4475 1527 4530; x_wconf 81' lang='lat' dir='ltr'>eil‘ulsione</span> <span class='ocrx_word' id='word_1_672' title='bbox 1584 4473 2039 4546; x_wconf 81' lang='lat' dir='ltr'>phi1050phatus</span> <span class='ocrx_word' id='word_1_673' title='bbox 2073 4490 2084 4527; x_wconf 87' lang='lat'><strong>:</strong></span> 
     </span>
    </p>
   </div>
   <div class='ocr_carea' id='block_1_92' title="bbox 2211 4472 3852 4555">
    <p class='ocr_par' dir='ltr' id='par_1_92' title="bbox 2211 4472 3852 4555">
     <span class='ocr_line' id='line_1_93' title="bbox 2211 4472 3852 4555; baseline 0.004 -28"><span class='ocrx_word' id='word_1_674' title='bbox 2211 4473 2476 4542; x_wconf 75' lang='grc' dir='ltr'>ποιήσεως</span> <span class='ocrx_word' id='word_1_675' title='bbox 2544 4472 2632 4527; x_wconf 86' lang='grc' dir='ltr'>καὶ</span> <span class='ocrx_word' id='word_1_676' title='bbox 2693 4472 2983 4548; x_wconf 83' lang='grc' dir='ltr'>ἀνθρώπου</span> <span class='ocrx_word' id='word_1_677' title='bbox 3037 4474 3311 4551; x_wconf 69' lang='grc' dir='ltr'>γενέσεως,</span> <span class='ocrx_word' id='word_1_678' title='bbox 3397 4476 3488 4532; x_wconf 82' lang='grc' dir='ltr'>καὶ</span> <span class='ocrx_word' id='word_1_679' title='bbox 3541 4480 3721 4555; x_wconf 73' lang='grc' dir='ltr'>φωτός</span> <span class='ocrx_word' id='word_1_680' title='bbox 3799 4477 3852 4550; x_wconf 71' lang='grc' dir='ltr'><strong>ἐξ</strong></span> 
     </span>
    </p>
   </div>
   <div class='ocr_carea' id='block_1_93' title="bbox 448 4558 2089 4641">
    <p class='ocr_par' dir='ltr' id='par_1_93' title="bbox 448 4560 2083 4637">
     <span class='ocr_line' id='line_1_94' title="bbox 448 4560 2083 4637; baseline -0.006 -12"><span class='ocrx_word' id='word_1_681' title='bbox 448 4570 599 4625; x_wconf 75' lang='grc'>148</span> <span class='ocrx_word' id='word_1_682' title='bbox 632 4570 773 4624; x_wconf 86' lang='lat' dir='ltr'>item</span> <span class='ocrx_word' id='word_1_683' title='bbox 807 4567 879 4623; x_wconf 91' lang='lat' dir='ltr'>de</span> <span class='ocrx_word' id='word_1_684' title='bbox 910 4564 1220 4637; x_wconf 88' lang='lat' dir='ltr'>principiis</span> <span class='ocrx_word' id='word_1_685' title='bbox 1253 4562 1638 4635; x_wconf 89' lang='lat' dir='ltr'>incorporeis,</span> <span class='ocrx_word' id='word_1_686' title='bbox 1673 4560 1744 4616; x_wconf 88' lang='lat' dir='ltr'>de</span> <span class='ocrx_word' id='word_1_687' title='bbox 1778 4561 2083 4631; x_wconf 85' lang='lat' dir='ltr'>potestati-</span> 
     </span>
    </p>
   </div>
   <div class='ocr_carea' id='block_1_94' title="bbox 2211 4558 3852 4641">
    <p class='ocr_par' dir='ltr' id='par_1_94' title="bbox 2211 4558 3852 4641">
     <span class='ocr_line' id='line_1_95' title="bbox 2211 4558 3852 4641; baseline 0.004 -25"><span class='ocrx_word' id='word_1_688' title='bbox 2211 4560 2413 4637; x_wconf 78' lang='grc' dir='ltr'>ιίθὲρος</span> <span class='ocrx_word' id='word_1_689' title='bbox 2454 4558 2730 4636; x_wconf 80' lang='grc' dir='ltr'>ἔλλαμψιν</span> <span class='ocrx_word' id='word_1_690' title='bbox 2782 4560 3120 4641; x_wconf 69' lang='grc' dir='ltr'>φιλοσοφῶν,</span> <span class='ocrx_word' id='word_1_691' title='bbox 3180 4564 3355 4641; x_wconf 79' lang='grc' dir='ltr'>ἀρχὰς</span> <span class='ocrx_word' id='word_1_692' title='bbox 3407 4586 3466 4621; x_wconf 80' lang='grc' dir='ltr'>τε</span> <span class='ocrx_word' id='word_1_693' title='bbox 3523 4566 3852 4641; x_wconf 77' lang='grc' dir='ltr'>ἀσωμάτους</span> 
     </span>
    </p>
   </div>
   <div class='ocr_carea' id='block_1_95' title="bbox 446 4643 2087 4732">
    <p class='ocr_par' dir='ltr' id='par_1_95' title="bbox 446 4650 2084 4726">
     <span class='ocr_line' id='line_1_96' title="bbox 446 4650 2084 4726; baseline -0.005 -11"><span class='ocrx_word' id='word_1_694' title='bbox 446 4660 579 4726; x_wconf 89' lang='lat' dir='ltr'>bus,</span> <span class='ocrx_word' id='word_1_695' title='bbox 614 4658 684 4712; x_wconf 88' lang='lat' dir='ltr'>de</span> <span class='ocrx_word' id='word_1_696' title='bbox 709 4655 833 4711; x_wconf 89' lang='lat' dir='ltr'>sole</span> <span class='ocrx_word' id='word_1_697' title='bbox 863 4659 923 4708; x_wconf 90' lang='lat' dir='ltr'>et</span> <span class='ocrx_word' id='word_1_698' title='bbox 951 4653 1094 4708; x_wconf 89' lang='lat' dir='ltr'>luna</span> <span class='ocrx_word' id='word_1_699' title='bbox 1121 4651 1534 4723; x_wconf 82' lang='lat' dir='ltr'>sideribusque</span> <span class='ocrx_word' id='word_1_700' title='bbox 1581 4650 1892 4716; x_wconf 83' lang='lat' dir='ltr'>universis,</span> <span class='ocrx_word' id='word_1_701' title='bbox 1926 4656 2084 4708; x_wconf 87' lang='lat' dir='ltr'>terra</span> 
     </span>
    </p>
   </div>
   <div class='ocr_carea' id='block_1_96' title="bbox 2211 4643 3852 4732">
    <p class='ocr_par' dir='ltr' id='par_1_96' title="bbox 2211 4648 3852 4732">
     <span class='ocr_line' id='line_1_97' title="bbox 2211 4648 3852 4732; baseline 0.004 -27"><span class='ocrx_word' id='word_1_702' title='bbox 2211 4650 2281 4705; x_wconf 85' lang='grc' dir='ltr'>ιαὶ</span> <span class='ocrx_word' id='word_1_703' title='bbox 2304 4649 2565 4720; x_wconf 77' lang='grc' dir='ltr'>ἐξουσίας,</span> <span class='ocrx_word' id='word_1_704' title='bbox 2596 4648 2758 4721; x_wconf 76' lang='grc' dir='ltr'>ἣλιον</span> <span class='ocrx_word' id='word_1_705' title='bbox 2795 4652 2883 4706; x_wconf 82' lang='grc' dir='ltr'>καὶ</span> <span class='ocrx_word' id='word_1_706' title='bbox 2918 4649 3158 4723; x_wconf 75' lang='grc' dir='ltr'>σελήνην</span> <span class='ocrx_word' id='word_1_707' title='bbox 3188 4654 3280 4708; x_wconf 81' lang='grc' dir='ltr'>καὶ</span> <span class='ocrx_word' id='word_1_708' title='bbox 3311 4651 3477 4729; x_wconf 73' lang='grc' dir='ltr'>ἄστρα</span> <span class='ocrx_word' id='word_1_709' title='bbox 3522 4655 3716 4724; x_wconf 84' lang='grc' dir='ltr'>πάντα,</span> <span class='ocrx_word' id='word_1_710' title='bbox 3746 4664 3852 4732; x_wconf 76' lang='grc' dir='ltr'>γῆν</span> 
     </span>
    </p>
   </div>
   <div class='ocr_carea' id='block_1_97' title="bbox 444 4738 2085 4822">
    <p class='ocr_par' dir='ltr' id='par_1_97' title="bbox 444 4740 2085 4812">
     <span class='ocr_line' id='line_1_98' title="bbox 444 4740 2085 4812; baseline -0.003 -11"><span class='ocrx_word' id='word_1_711' title='bbox 444 4745 594 4801; x_wconf 89' lang='lat' dir='ltr'>mari</span> <span class='ocrx_word' id='word_1_712' title='bbox 625 4748 802 4812; x_wconf 89' lang='lat' dir='ltr'>atque</span> <span class='ocrx_word' id='word_1_713' title='bbox 835 4741 1112 4796; x_wconf 90' lang='lat' dir='ltr'>omnibus</span> <span class='ocrx_word' id='word_1_714' title='bbox 1143 4758 1275 4812; x_wconf 69' lang='lat' dir='ltr'>qua:</span> <span class='ocrx_word' id='word_1_715' title='bbox 1301 4741 1362 4795; x_wconf 91' lang='lat' dir='ltr'>in</span> <span class='ocrx_word' id='word_1_716' title='bbox 1402 4741 1472 4796; x_wconf 87' lang='lat' dir='ltr'>iis</span> <span class='ocrx_word' id='word_1_717' title='bbox 1505 4745 1664 4808; x_wconf 90' lang='lat' dir='ltr'>sunt,</span> <span class='ocrx_word' id='word_1_718' title='bbox 1697 4741 1846 4796; x_wconf 88' lang='lat' dir='ltr'>sivet</span> <span class='ocrx_word' id='word_1_719' title='bbox 1903 4740 2085 4796; x_wconf 88' lang='lat' dir='ltr'>videri</span> 
     </span>
    </p>
   </div>
   <div class='ocr_carea' id='block_1_98' title="bbox 2213 4738 3854 4822">
    <p class='ocr_par' dir='ltr' id='par_1_98' title="bbox 2213 4738 3854 4822">
     <span class='ocr_line' id='line_1_99' title="bbox 2213 4738 3854 4822; baseline 0.004 -28"><span class='ocrx_word' id='word_1_720' title='bbox 2213 4738 2288 4794; x_wconf 64' lang='lat' dir='ltr'>ui.</span> <span class='ocrx_word' id='word_1_721' title='bbox 2321 4738 2591 4803; x_wconf 81' lang='grc' dir='ltr'>θάλασσαν</span> <span class='ocrx_word' id='word_1_722' title='bbox 2622 4738 2712 4794; x_wconf 68' lang='grc' dir='ltr'>καὶ</span> <span class='ocrx_word' id='word_1_723' title='bbox 2740 4738 2807 4795; x_wconf 80' lang='grc' dir='ltr'>τὰ</span> <span class='ocrx_word' id='word_1_724' title='bbox 2832 4742 2887 4795; x_wconf 70' lang='grc' dir='ltr'>ἓν</span> <span class='ocrx_word' id='word_1_725' title='bbox 2927 4738 3111 4803; x_wconf 78' lang='grc' dir='ltr'>αὐτοῖς</span> <span class='ocrx_word' id='word_1_726' title='bbox 3167 4741 3338 4816; x_wconf 74' lang='grc' dir='ltr'>ὁρατὰ</span> <span class='ocrx_word' id='word_1_727' title='bbox 3395 4763 3455 4799; x_wconf 86' lang='grc' dir='ltr'>τε</span> <span class='ocrx_word' id='word_1_728' title='bbox 3506 4745 3596 4799; x_wconf 83' lang='grc' dir='ltr'>καὶ</span> <span class='ocrx_word' id='word_1_729' title='bbox 3648 4745 3854 4822; x_wconf 77' lang='grc' dir='ltr'>ἀόρατα</span> 
     </span>
    </p>
   </div>
   <div class='ocr_carea' id='block_1_99' title="bbox 445 4828 2086 4909">
    <p class='ocr_par' dir='ltr' id='par_1_99' title="bbox 445 4829 2086 4901">
     <span class='ocr_line' id='line_1_100' title="bbox 445 4829 2086 4901; baseline -0.001 -14"><span class='ocrx_word' id='word_1_730' title='bbox 445 4849 514 4887; x_wconf 86' lang='lat' dir='ltr'>ea</span> <span class='ocrx_word' id='word_1_731' title='bbox 546 4837 765 4901; x_wconf 85' lang='lat' dir='ltr'>queant</span> <span class='ocrx_word' id='word_1_732' title='bbox 796 4846 901 4885; x_wconf 91' lang='lat' dir='ltr'>seu</span> <span class='ocrx_word' id='word_1_733' title='bbox 932 4829 1120 4885; x_wconf 90' lang='lat' dir='ltr'>visum</span> <span class='ocrx_word' id='word_1_734' title='bbox 1149 4830 1397 4901; x_wconf 80' lang='lat' dir='ltr'>fugiant,</span> <span class='ocrx_word' id='word_1_735' title='bbox 1430 4831 1632 4886; x_wconf 89' lang='lat' dir='ltr'>omnia</span> <span class='ocrx_word' id='word_1_736' title='bbox 1668 4830 1793 4886; x_wconf 65' lang='lat' dir='ltr'>hanc</span> <span class='ocrx_word' id='word_1_737' title='bbox 1850 4830 1923 4885; x_wconf 91' lang='lat' dir='ltr'>ab</span> <span class='ocrx_word' id='word_1_738' title='bbox 1952 4831 2086 4887; x_wconf 90' lang='lat' dir='ltr'>uni-</span> 
     </span>
    </p>
   </div>
   <div class='ocr_carea' id='block_1_100' title="bbox 2210 4828 3851 4909">
    <p class='ocr_par' dir='ltr' id='par_1_100' title="bbox 2210 4828 3851 4909">
     <span class='ocr_line' id='line_1_101' title="bbox 2210 4828 3851 4909; baseline 0.004 -25"><span class='ocrx_word' id='word_1_739' title='bbox 2210 4828 2368 4885; x_wconf 72' lang='grc' dir='ltr'>πάντα</span> <span class='ocrx_word' id='word_1_740' title='bbox 2402 4829 2506 4884; x_wconf 75' lang='grc' dir='ltr'>ὑπὸ</span> <span class='ocrx_word' id='word_1_741' title='bbox 2534 4832 2630 4883; x_wconf 75' lang='grc' dir='ltr'>τοῦ</span> <span class='ocrx_word' id='word_1_742' title='bbox 2680 4833 3035 4904; x_wconf 80' lang='grc' dir='ltr'>Δημιουργοῦ</span> <span class='ocrx_word' id='word_1_743' title='bbox 3082 4834 3191 4886; x_wconf 81' lang='grc' dir='ltr'>τῶν</span> <span class='ocrx_word' id='word_1_744' title='bbox 3240 4830 3390 4887; x_wconf 77' lang='grc' dir='ltr'>ὅλων</span> <span class='ocrx_word' id='word_1_745' title='bbox 3438 4832 3710 4909; x_wconf 75' lang='grc' dir='ltr'>γενέσθαι,</span> <span class='ocrx_word' id='word_1_746' title='bbox 3759 4836 3851 4890; x_wconf 79' lang='grc' dir='ltr'>καὶ</span> 
     </span>
    </p>
   </div>
   <div class='ocr_carea' id='block_1_101' title="bbox 446 4917 2087 4993">
    <p class='ocr_par' dir='ltr' id='par_1_101' title="bbox 446 4918 2087 4976">
     <span class='ocr_line' id='line_1_102' title="bbox 446 4918 2087 4976; baseline 0 -1"><span class='ocrx_word' id='word_1_747' title='bbox 446 4922 595 4976; x_wconf 89' lang='lat' dir='ltr'>versi</span> <span class='ocrx_word' id='word_1_748' title='bbox 628 4920 941 4975; x_wconf 89' lang='lat' dir='ltr'>Conditore</span> <span class='ocrx_word' id='word_1_749' title='bbox 958 4918 1155 4975; x_wconf 80' lang='lat' dir='ltr'>emota</span> <span class='ocrx_word' id='word_1_750' title='bbox 1180 4919 1514 4975; x_wconf 62' lang='lat' dir='ltr'>docen.;.Ab</span> <span class='ocrx_word' id='word_1_751' title='bbox 1539 4920 1747 4976; x_wconf 90' lang='lat' dir='ltr'>eodem</span> <span class='ocrx_word' id='word_1_752' title='bbox 1780 4920 2087 4976; x_wconf 91' lang='lat' dir='ltr'>hominum</span> 
     </span>
    </p>
   </div>
   <div class='ocr_carea' id='block_1_102' title="bbox 2205 4917 3846 4993">
    <p class='ocr_par' dir='ltr' id='par_1_102' title="bbox 2205 4917 3846 4993">
     <span class='ocr_line' id='line_1_103' title="bbox 2205 4917 3846 4993; baseline 0.004 -19"><span class='ocrx_word' id='word_1_753' title='bbox 2205 4918 2263 4974; x_wconf 87' lang='grc' dir='ltr'>τὸ</span> <span class='ocrx_word' id='word_1_754' title='bbox 2292 4922 2399 4974; x_wconf 79' lang='grc' dir='ltr'>τῶν</span> <span class='ocrx_word' id='word_1_755' title='bbox 2430 4918 2730 4993; x_wconf 84' lang='grc' dir='ltr'>ἀνθρώπων</span> <span class='ocrx_word' id='word_1_756' title='bbox 2762 4917 2920 4993; x_wconf 68' lang='grc' dir='ltr'>γένος</span> <span class='ocrx_word' id='word_1_757' title='bbox 2954 4919 3039 4975; x_wconf 81' lang='grc' dir='ltr'>ὑπ’</span> <span class='ocrx_word' id='word_1_758' title='bbox 3072 4918 3237 4975; x_wconf 78' lang='grc' dir='ltr'>αὐτοῦ</span> <span class='ocrx_word' id='word_1_759' title='bbox 3268 4925 3367 4977; x_wconf 77' lang='grc' dir='ltr'>τοῦ</span> <span class='ocrx_word' id='word_1_760' title='bbox 3398 4927 3534 4978; x_wconf 77' lang='grc' dir='ltr'>Θεοῦ</span> <span class='ocrx_word' id='word_1_761' title='bbox 3592 4921 3846 4993; x_wconf 85' lang='grc' dir='ltr'>πλασθῆ-</span> 
     </span>
    </p>
   </div>
   <div class='ocr_carea' id='block_1_103' title="bbox 444 5005 2085 5089">
    <p class='ocr_par' dir='ltr' id='par_1_103' title="bbox 444 5008 2085 5086">
     <span class='ocr_line' id='line_1_104' title="bbox 444 5008 2085 5086; baseline -0.004 -17"><span class='ocrx_word' id='word_1_762' title='bbox 444 5028 630 5086; x_wconf 88' lang='lat' dir='ltr'>genus</span> <span class='ocrx_word' id='word_1_763' title='bbox 657 5028 728 5067; x_wconf 80' lang='lat' dir='ltr'>ex</span> <span class='ocrx_word' id='word_1_764' title='bbox 761 5016 917 5066; x_wconf 89' lang='lat' dir='ltr'>terra</span> <span class='ocrx_word' id='word_1_765' title='bbox 930 5008 1193 5065; x_wconf 80' lang='lat' dir='ltr'>emotum</span> <span class='ocrx_word' id='word_1_766' title='bbox 1210 5009 1530 5081; x_wconf 88' lang='lat' dir='ltr'>animaque</span> <span class='ocrx_word' id='word_1_767' title='bbox 1548 5010 1796 5065; x_wconf 87' lang='lat' dir='ltr'>rationis</span> <span class='ocrx_word' id='word_1_768' title='bbox 1820 5016 2085 5081; x_wconf 90' lang='lat' dir='ltr'>compote</span> 
     </span>
    </p>
   </div>
   <div class='ocr_carea' id='block_1_104' title="bbox 2211 5005 3852 5089">
    <p class='ocr_par' dir='ltr' id='par_1_104' title="bbox 2211 5005 3852 5089">
     <span class='ocr_line' id='line_1_105' title="bbox 2211 5005 3852 5089; baseline 0.003 -27"><span class='ocrx_word' id='word_1_769' title='bbox 2211 5005 2375 5063; x_wconf 73' lang='grc' dir='ltr'>ναιὲκ</span> <span class='ocrx_word' id='word_1_770' title='bbox 2423 5014 2527 5083; x_wconf 81' lang='grc' dir='ltr'>γῆς</span> <span class='ocrx_word' id='word_1_771' title='bbox 2588 5008 2678 5063; x_wconf 84' lang='grc' dir='ltr'>καὶ</span> <span class='ocrx_word' id='word_1_772' title='bbox 2736 5009 2923 5087; x_wconf 71' lang='grc' dir='ltr'>ψυχὴν</span> <span class='ocrx_word' id='word_1_773' title='bbox 2980 5008 3069 5064; x_wconf 75' lang='grc' dir='ltr'>ὑπ’</span> <span class='ocrx_word' id='word_1_774' title='bbox 3124 5009 3290 5065; x_wconf 79' lang='grc' dir='ltr'>αὐτοῦ</span> <span class='ocrx_word' id='word_1_775' title='bbox 3347 5013 3580 5089; x_wconf 70' lang='grc' dir='ltr'>λογικὴν</span> <span class='ocrx_word' id='word_1_776' title='bbox 3638 5008 3852 5086; x_wconf 75' lang='grc' dir='ltr'>λαϐεῖν,</span> 
     </span>
    </p>
   </div>
   <div class='ocr_carea' id='block_1_105' title="bbox 443 5093 2084 5180">
    <p class='ocr_par' dir='ltr' id='par_1_105' title="bbox 443 5098 2084 5175">
     <span class='ocr_line' id='line_1_106' title="bbox 443 5098 2084 5175; baseline -0.002 -18"><span class='ocrx_word' id='word_1_777' title='bbox 443 5101 806 5175; x_wconf 67' lang='lat' dir='ltr'>praeditum;</span> <span class='ocrx_word' id='word_1_778' title='bbox 850 5105 976 5156; x_wconf 89' lang='lat' dir='ltr'>tum</span> <span class='ocrx_word' id='word_1_779' title='bbox 1038 5099 1236 5155; x_wconf 88' lang='lat' dir='ltr'>omnia</span> <span class='ocrx_word' id='word_1_780' title='bbox 1289 5100 1363 5154; x_wconf 87' lang='lat' dir='ltr'>ad</span> <span class='ocrx_word' id='word_1_781' title='bbox 1394 5116 1579 5155; x_wconf 87' lang='lat' dir='ltr'>unum</span> <span class='ocrx_word' id='word_1_782' title='bbox 1626 5098 1837 5154; x_wconf 63' lang='lat' dir='ltr'>divina:</span> <span class='ocrx_word' id='word_1_783' title='bbox 1868 5105 2084 5154; x_wconf 56' lang='lat' dir='ltr'>natura?</span> 
     </span>
    </p>
   </div>
   <div class='ocr_carea' id='block_1_106' title="bbox 2210 5093 3851 5180">
    <p class='ocr_par' dir='ltr' id='par_1_106' title="bbox 2210 5093 3851 5180">
     <span class='ocr_line' id='line_1_107' title="bbox 2210 5093 3851 5180; baseline 0.003 -27"><span class='ocrx_word' id='word_1_784' title='bbox 2210 5097 2277 5161; x_wconf 79' lang='grc' dir='ltr'>εἰς</span> <span class='ocrx_word' id='word_1_785' title='bbox 2312 5096 2439 5173; x_wconf 87' lang='grc' dir='ltr'>μίαν</span> <span class='ocrx_word' id='word_1_786' title='bbox 2471 5094 2527 5153; x_wconf 70' lang='grc' dir='ltr'>δὲ</span> <span class='ocrx_word' id='word_1_787' title='bbox 2579 5094 2808 5171; x_wconf 87' lang='grc' dir='ltr'>δύναμιν</span> <span class='ocrx_word' id='word_1_788' title='bbox 2858 5096 2948 5154; x_wconf 76' lang='grc' dir='ltr'>καὶ</span> <span class='ocrx_word' id='word_1_789' title='bbox 2985 5093 3040 5153; x_wconf 75' lang='grc' dir='ltr'>ἕν</span> <span class='ocrx_word' id='word_1_790' title='bbox 3094 5099 3292 5173; x_wconf 81' lang='grc' dir='ltr'>κράτος</span> <span class='ocrx_word' id='word_1_791' title='bbox 3346 5102 3603 5172; x_wconf 82' lang='grc' dir='ltr'>θεότητος</span> <span class='ocrx_word' id='word_1_792' title='bbox 3658 5103 3851 5180; x_wconf 78' lang='grc' dir='ltr'>ἀνάγε-</span> 
     </span>
    </p>
   </div>
   <div class='ocr_carea' id='block_1_107' title="bbox 443 5186 2084 5265">
    <p class='ocr_par' dir='ltr' id='par_1_107' title="bbox 443 5188 2084 5265">
     <span class='ocr_line' id='line_1_108' title="bbox 443 5188 2084 5265; baseline -0.002 -19"><span class='ocrx_word' id='word_1_793' title='bbox 443 5193 759 5265; x_wconf 88' lang='lat' dir='ltr'>imperium</span> <span class='ocrx_word' id='word_1_794' title='bbox 798 5198 975 5262; x_wconf 90' lang='lat' dir='ltr'>atque</span> <span class='ocrx_word' id='word_1_795' title='bbox 1025 5189 1140 5244; x_wconf 89' lang='lat' dir='ltr'>vim</span> <span class='ocrx_word' id='word_1_796' title='bbox 1207 5188 1437 5255; x_wconf 85' lang='lat' dir='ltr'>referri,</span> <span class='ocrx_word' id='word_1_797' title='bbox 1497 5204 1711 5261; x_wconf 89' lang='lat' dir='ltr'>nempe</span> <span class='ocrx_word' id='word_1_798' title='bbox 1759 5189 1835 5245; x_wconf 87' lang='lat' dir='ltr'>ad</span> <span class='ocrx_word' id='word_1_799' title='bbox 1893 5204 2084 5244; x_wconf 87' lang='lat' dir='ltr'>verum</span> 
     </span>
    </p>
   </div>
   <div class='ocr_carea' id='block_1_108' title="bbox 2210 5186 3851 5265">
    <p class='ocr_par' dir='ltr' id='par_1_108' title="bbox 2210 5186 3851 5263">
     <span class='ocr_line' id='line_1_109' title="bbox 2210 5186 3851 5263; baseline 0.004 -21"><span class='ocrx_word' id='word_1_800' title='bbox 2210 5190 2323 5243; x_wconf 83' lang='grc' dir='ltr'>σθαι</span> <span class='ocrx_word' id='word_1_801' title='bbox 2351 5189 2418 5243; x_wconf 81' lang='grc' dir='ltr'>τὰ</span> <span class='ocrx_word' id='word_1_802' title='bbox 2449 5188 2617 5243; x_wconf 75' lang='grc' dir='ltr'>πάντα</span> <span class='ocrx_word' id='word_1_803' title='bbox 2659 5186 2961 5263; x_wconf 79' lang='grc' dir='ltr'>θεολογεῖν,</span> <span class='ocrx_word' id='word_1_804' title='bbox 2993 5188 3054 5250; x_wconf 79' lang='grc' dir='ltr'>ὅς</span> <span class='ocrx_word' id='word_1_805' title='bbox 3085 5187 3229 5243; x_wconf 82' lang='grc' dir='ltr'>ἐστιν</span> <span class='ocrx_word' id='word_1_806' title='bbox 3261 5191 3290 5245; x_wconf 87' lang='lat'>6</span> <span class='ocrx_word' id='word_1_807' title='bbox 3320 5188 3395 5245; x_wconf 80' lang='grc' dir='ltr'>ὥν</span> <span class='ocrx_word' id='word_1_808' title='bbox 3447 5192 3600 5263; x_wconf 83' lang='grc' dir='ltr'>Θεὸς,</span> <span class='ocrx_word' id='word_1_809' title='bbox 3659 5192 3719 5249; x_wconf 73' lang='grc' dir='ltr'>ὃν</span> <span class='ocrx_word' id='word_1_810' title='bbox 3747 5193 3851 5249; x_wconf 79' lang='grc' dir='ltr'>οὗ·</span> 
     </span>
    </p>
   </div>
   <div class='ocr_carea' id='block_1_109' title="bbox 444 5274 2085 5361">
    <p class='ocr_par' dir='ltr' id='par_1_109' title="bbox 444 5279 2085 5353">
     <span class='ocr_line' id='line_1_110' title="bbox 444 5279 2085 5353; baseline -0.001 -16"><span class='ocrx_word' id='word_1_811' title='bbox 444 5283 649 5350; x_wconf 83' lang='lat' dir='ltr'>Deum,</span> <span class='ocrx_word' id='word_1_812' title='bbox 681 5298 858 5353; x_wconf 89' lang='lat' dir='ltr'>quem</span> <span class='ocrx_word' id='word_1_813' title='bbox 890 5297 1063 5336; x_wconf 88' lang='lat' dir='ltr'>nemo</span> <span class='ocrx_word' id='word_1_814' title='bbox 1095 5279 1291 5337; x_wconf 86' lang='lat' dir='ltr'>videt:</span> <span class='ocrx_word' id='word_1_815' title='bbox 1326 5280 1419 5335; x_wconf 88' lang='lat' dir='ltr'>cui</span> <span class='ocrx_word' id='word_1_816' title='bbox 1470 5279 1581 5334; x_wconf 89' lang='lat' dir='ltr'>tria</span> <span class='ocrx_word' id='word_1_817' title='bbox 1632 5284 1770 5336; x_wconf 89' lang='lat' dir='ltr'>sunt</span> <span class='ocrx_word' id='word_1_818' title='bbox 1826 5279 2085 5344; x_wconf 77' lang='lat' dir='ltr'>nomina.</span> 
     </span>
    </p>
   </div>
   <div class='ocr_carea' id='block_1_110' title="bbox 2207 5274 3848 5361">
    <p class='ocr_par' dir='ltr' id='par_1_110' title="bbox 2207 5274 3848 5361">
     <span class='ocr_line' id='line_1_111' title="bbox 2207 5274 3848 5361; baseline 0.004 -29"><span class='ocrx_word' id='word_1_819' title='bbox 2207 5274 2317 5341; x_wconf 74' lang='grc' dir='ltr'>δεῖς</span> <span class='ocrx_word' id='word_1_820' title='bbox 2347 5278 2467 5353; x_wconf 81' lang='grc' dir='ltr'>ὁρᾷ.</span> <span class='ocrx_word' id='word_1_821' title='bbox 2501 5276 2639 5352; x_wconf 87' lang='grc' dir='ltr'>Τρία</span> <span class='ocrx_word' id='word_1_822' title='bbox 2671 5274 2748 5345; x_wconf 72' lang='grc' dir='ltr'>δὲ,</span> <span class='ocrx_word' id='word_1_823' title='bbox 2789 5277 2977 5356; x_wconf 77' lang='grc' dir='ltr'>φησὶν,</span> <span class='ocrx_word' id='word_1_824' title='bbox 3009 5277 3274 5351; x_wconf 85' lang='grc' dir='ltr'>ὀνόματα,</span> <span class='ocrx_word' id='word_1_825' title='bbox 3309 5277 3512 5355; x_wconf 81' lang='grc' dir='ltr'>βουλὴ,</span> <span class='ocrx_word' id='word_1_826' title='bbox 3545 5285 3683 5361; x_wconf 78' lang='grc' dir='ltr'>φῶς,</span> <span class='ocrx_word' id='word_1_827' title='bbox 3706 5283 3848 5353; x_wconf 74' lang='grc' dir='ltr'>ζωὴ,</span> 
     </span>
    </p>
   </div>
   <div class='ocr_carea' id='block_1_111' title="bbox 442 5364 2083 5446">
    <p class='ocr_par' dir='ltr' id='par_1_111' title="bbox 442 5369 2083 5442">
     <span class='ocr_line' id='line_1_112' title="bbox 442 5369 2083 5442; baseline -0.003 -14"><span class='ocrx_word' id='word_1_828' title='bbox 442 5371 988 5437; x_wconf 88' lang='lat' dir='ltr'>consilium,lumen</span> <span class='ocrx_word' id='word_1_829' title='bbox 1011 5375 1071 5427; x_wconf 88' lang='lat' dir='ltr'>et</span> <span class='ocrx_word' id='word_1_830' title='bbox 1102 5370 1301 5425; x_wconf 89' lang='lat' dir='ltr'>vitain</span> <span class='ocrx_word' id='word_1_831' title='bbox 1320 5370 1466 5441; x_wconf 90' lang='lat' dir='ltr'>ipso.</span> <span class='ocrx_word' id='word_1_832' title='bbox 1504 5371 1588 5425; x_wconf 81' lang='lat' dir='ltr'>Ita</span> <span class='ocrx_word' id='word_1_833' title='bbox 1617 5369 2083 5442; x_wconf 76' lang='lat' dir='ltr'>sapientissimus</span> 
     </span>
    </p>
   </div>
   <div class='ocr_carea' id='block_1_112' title="bbox 2209 5364 3850 5446">
    <p class='ocr_par' dir='ltr' id='par_1_112' title="bbox 2209 5364 3850 5446">
     <span class='ocr_line' id='line_1_113' title="bbox 2209 5364 3850 5446; baseline 0.005 -26"><span class='ocrx_word' id='word_1_834' title='bbox 2209 5365 2259 5420; x_wconf 81' lang='grc' dir='ltr'>ἒν</span> <span class='ocrx_word' id='word_1_835' title='bbox 2300 5365 2468 5437; x_wconf 82' lang='grc' dir='ltr'>αύτῷ,</span> <span class='ocrx_word' id='word_1_836' title='bbox 2501 5364 2696 5440; x_wconf 86' lang='grc' dir='ltr'>ὀλίγου</span> <span class='ocrx_word' id='word_1_837' title='bbox 2729 5364 2836 5421; x_wconf 82' lang='grc' dir='ltr'>δεῖν</span> <span class='ocrx_word' id='word_1_838' title='bbox 2870 5367 3181 5443; x_wconf 52' lang='grc' dir='ltr'>συμξώνως</span> <span class='ocrx_word' id='word_1_839' title='bbox 3216 5371 3285 5443; x_wconf 81' lang='grc' dir='ltr'>τῇ</span> <span class='ocrx_word' id='word_1_840' title='bbox 3324 5367 3557 5442; x_wconf 77' lang='grc' dir='ltr'>ἀληθείᾳ</span> <span class='ocrx_word' id='word_1_841' title='bbox 3601 5375 3670 5446; x_wconf 77' lang='grc' dir='ltr'>τῇ</span> <span class='ocrx_word' id='word_1_842' title='bbox 3731 5372 3850 5428; x_wconf 84' lang='grc' dir='ltr'>καθ’</span> 
     </span>
    </p>
   </div>
   <div class='ocr_carea' id='block_1_113' title="bbox 442 5456 2083 5540">
    <p class='ocr_par' dir='ltr' id='par_1_113' title="bbox 442 5458 2083 5531">
     <span class='ocr_line' id='line_1_114' title="bbox 442 5458 2083 5531; baseline -0.001 -16"><span class='ocrx_word' id='word_1_843' title='bbox 442 5460 707 5531; x_wconf 86' lang='lat' dir='ltr'>Orpheus</span> <span class='ocrx_word' id='word_1_844' title='bbox 734 5458 1165 5531; x_wconf 84' lang='lat' dir='ltr'>prOpemodum</span> <span class='ocrx_word' id='word_1_845' title='bbox 1195 5459 1450 5527; x_wconf 88' lang='lat' dir='ltr'>veritati,</span> <span class='ocrx_word' id='word_1_846' title='bbox 1489 5475 1669 5530; x_wconf 89' lang='lat' dir='ltr'>quam</span> <span class='ocrx_word' id='word_1_847' title='bbox 1699 5476 1808 5514; x_wconf 86' lang='lat' dir='ltr'>nos</span> <span class='ocrx_word' id='word_1_848' title='bbox 1856 5458 2083 5530; x_wconf 38' lang='lat' dir='ltr'>profite‘</span> 
     </span>
    </p>
   </div>
   <div class='ocr_carea' id='block_1_114' title="bbox 2209 5456 3850 5540">
    <p class='ocr_par' dir='ltr' id='par_1_114' title="bbox 2209 5456 3850 5540">
     <span class='ocr_line' id='line_1_115' title="bbox 2209 5456 3850 5540; baseline 0.005 -31"><span class='ocrx_word' id='word_1_849' title='bbox 2209 5457 2354 5529; x_wconf 73' lang='grc' dir='ltr'>ἡμᾶς</span> <span class='ocrx_word' id='word_1_850' title='bbox 2411 5456 2533 5529; x_wconf 79' lang='grc' dir='ltr'>περὶ</span> <span class='ocrx_word' id='word_1_851' title='bbox 2593 5476 2655 5510; x_wconf 86' lang='grc' dir='ltr'>τ..</span> <span class='ocrx_word' id='word_1_852' title='bbox 2710 5459 2846 5510; x_wconf 79' lang='grc' dir='ltr'>Θεοῦ</span> <span class='ocrx_word' id='word_1_853' title='bbox 2922 5457 3009 5511; x_wconf 77' lang='grc' dir='ltr'>καί</span> <span class='ocrx_word' id='word_1_854' title='bbox 3098 5456 3396 5531; x_wconf 72' lang='grc' dir='ltr'>ἀνθρώπου</span> <span class='ocrx_word' id='word_1_855' title='bbox 3447 5460 3475 5514; x_wconf 90' lang='lat'>6</span> <span class='ocrx_word' id='word_1_856' title='bbox 3534 5460 3850 5540; x_wconf 70' lang='grc' dir='ltr'>σοφώτατος</span> 
     </span>
    </p>
   </div>
   <div class='ocr_carea' id='block_1_115' title="bbox 1613 5565 2676 5632">
    <p class='ocr_par' dir='ltr' id='par_1_115' title="bbox 1613 5565 2676 5632">
     <span class='ocr_line' id='line_1_116' title="bbox 1613 5565 2676 5632; baseline -0.002 -10"><span class='ocrx_word' id='word_1_857' title='bbox 1613 5566 1990 5623; x_wconf 78' lang='lat' dir='ltr'>XYLANDRI</span> <span class='ocrx_word' id='word_1_858' title='bbox 2046 5566 2133 5620; x_wconf 87' lang='lat' dir='ltr'>ET</span> <span class='ocrx_word' id='word_1_859' title='bbox 2189 5565 2404 5621; x_wconf 83' lang='lat' dir='ltr'>GOARl</span> <span class='ocrx_word' id='word_1_860' title='bbox 2453 5565 2676 5632; x_wconf 71' lang='grc' dir='ltr'>ΝΟΤιΕ,</span> 
     </span>
    </p>
   </div>
   <div class='ocr_carea' id='block_1_116' title="bbox 432 5662 3855 5793">
    <p class='ocr_par' dir='ltr' id='par_1_116' title="bbox 432 5662 3855 5793">
     <span class='ocr_line' id='line_1_117' title="bbox 432 5662 3855 5793; baseline 0.002 -76"><span class='ocrx_word' id='word_1_861' title='bbox 432 5665 625 5793; x_wconf 43' lang='lat' dir='ltr'>J“51753)</span> <span class='ocrx_word' id='word_1_862' title='bbox 658 5663 1167 5792; x_wconf 63' lang='lat' dir='ltr'>YELniendavi</span> <span class='ocrx_word' id='word_1_863' title='bbox 1198 5664 1257 5719; x_wconf 92' lang='lat' dir='ltr'>in</span> <span class='ocrx_word' id='word_1_864' title='bbox 1292 5665 1803 5737; x_wconf 87' lang='lat' dir='ltr'>interpretatione,</span> <span class='ocrx_word' id='word_1_865' title='bbox 1838 5670 1897 5719; x_wconf 90' lang='lat' dir='ltr'>et</span> <span class='ocrx_word' id='word_1_866' title='bbox 1941 5662 2205 5736; x_wconf 91' lang='lat' dir='ltr'>supplevi</span> <span class='ocrx_word' id='word_1_867' title='bbox 2265 5663 2388 5718; x_wconf 69' lang='lat' dir='ltr'>haec</span> <span class='ocrx_word' id='word_1_868' title='bbox 2446 5680 2517 5719; x_wconf 84' lang='lat' dir='ltr'>ex</span> <span class='ocrx_word' id='word_1_869' title='bbox 2578 5663 2865 5737; x_wconf 87' lang='lat' dir='ltr'>superiori</span> <span class='ocrx_word' id='word_1_870' title='bbox 2911 5663 2985 5720; x_wconf 89' lang='lat' dir='ltr'>de</span> <span class='ocrx_word' id='word_1_871' title='bbox 3031 5665 3334 5723; x_wconf 74' lang='lat' dir='ltr'>Iudicibus</span> <span class='ocrx_word' id='word_1_872' title='bbox 3379 5667 3744 5741; x_wconf 89' lang='lat' dir='ltr'>narratione,</span> <span class='ocrx_word' id='word_1_873' title='bbox 3794 5672 3855 5724; x_wconf 87' lang='lat' dir='ltr'>et</span> 
     </span>
    </p>
   </div>
   <div class='ocr_carea' id='block_1_117' title="bbox 468 5752 925 5793">
    <p class='ocr_par' dir='ltr' id='par_1_117' title="bbox 468 5752 925 5793">
     <span class='ocr_line' id='line_1_118' title="bbox 468 5752 925 5793; baseline -0.004 0"><span class='ocrx_word' id='word_1_874' title='bbox 468 5752 604 5793; x_wconf 77' lang='grc' dir='ltr'>ιιαιο</span> <span class='ocrx_word' id='word_1_875' title='bbox 658 5752 757 5792; x_wconf 75' lang='grc' dir='ltr'>ΙΙΙ.</span> <span class='ocrx_word' id='word_1_876' title='bbox 790 5752 925 5791; x_wconf 73' lang='grc' dir='ltr'>ᾹΥῐ..</span> 
     </span>
    </p>
   </div>
  </div>
