4186 6190
281 424 392 484 181

1418 417 1954 486 HISTORIABUM
2003 413 2557 477 COMPENDIUM.

3575 415 3693 477 182

280 555 760 636 ἀποφθεγγόμενος
794 557 1041 633 Ὀρφεύς.
1075 554 1336 632 Λυρῳδὸς
1369 555 1426 614 δὲ
1481 558 1572 613 καὶ
1625 553 1927 630 κιθαρῳδὸς

2043 567 2198 618 mur,
2231 555 2632 607 consentanea
2661 550 2733 607 de
2756 553 2874 606 Deo
2898 555 2955 606 et
2975 547 3320 606 hominibus
3342 551 3691 622 pronuntia-

276 647 546 721 ὖμνεῖται,
580 653 752 703 πᾶσαν
784 646 1240 718 κατακηλῶν.καί
1301 645 1504 722 θέλγῶν
1561 649 1769 722 ψυχήν.
1828 642 1931 701 Καὶ

277 739 348 792 τὰ
373 737 541 792 λοιπᾶ
566 738 1009 815 προεγράφησαν.

353 916 498 971 Κατὰ
525 917 754 978 τούτους
784 917 912 978 τοὺς
956 914 1193 991 χρόνους
1250 916 1338 971 καὶ
1397 915 1651 990 Μαρσύαν
1701 912 1932 993 φιλόσο-

279 1027 376 1084 φον
409 1003 634 1078 λέγουσι
674 1006 945 1080 γενέσθαι,
1005 1006 1064 1066 ὃς
1117 1004 1293 1080 ἐξεῦρε
1347 1003 1435 1060 διὰ
1496 1011 1764 1078 μουσικῆς
1807 1003 1924 1060 αύ-

276 1094 411 1155 λοὺς
446 1095 552 1148 ἀπὸ
581 1092 874 1168 καλάμων,
907 1093 997 1150 καὶ
1037 1093 1320 1149 ἀπεκνοεῖτο
1377 1095 1484 1149 ἀπὸ
1544 1096 1681 1148 θεῶν
1741 1090 1927 1147 ἑαυτὸν

275 1183 367 1238 καὶ
401 1182 581 1260 λὲγων
615 1184 921 1256 ἀνθρώποις
953 1183 1232 1256 εὑρηκέναι
1292 1181 1381 1238 διὰ
1433 1187 1529 1238 τοῦ
1590 1179 1789 1255 μὲλους
1820 1186 1928 1236 τῶν

275 1273 542 1344 καλάμων
575 1274 808 1347 τροφήν.
858 1277 1057 1331 Τούτον
1115 1276 1606 1351 παραφρονήσαντα
1632 1271 1786 1346 ῥῖψαι
1840 1268 1930 1325 λέ-

275 1383 434 1437 γεται
465 1363 656 1418 ἑαυτὸν
701 1363 777 1425 είς
833 1364 924 1418 τὸν
986 1363 1262 1437 ποταμόν,
1319 1365 1436 1427 ὃθεν
1499 1361 1590 1418 καὶ
1623 1363 1650 1416 6
1682 1361 1930 1433 ποταμὸς

277 1453 538 1526 Μαρσύας
570 1451 890 1526 ὠνομάσθη’
923 1455 1028 1508 ἀπὸ
1061 1449 1340 1528 Κολχίδος
1383 1449 1438 1506 δὲ
1469 1452 1623 1512 οὗτος
1678 1451 1930 1524 ὥρμητο.

346 1541 579 1597 Πάλινό
640 1541 770 1604 λαὸς
827 1540 1200 1615 προσπταίσας
1256 1538 1530 1597 ἐκδέδοται
1590 1538 1934 1618 ἀλλοφύλοις

273 1625 369 1700 ἔτη
453 1637 527 1704 μ’.
605 1633 1057 1706 Ἐπιστρέψαντος
1117 1628 1174 1687 δὲ
1229 1632 1398 1687 αὐτοῦ
1450 1630 1586 1705 πρὸς
1658 1629 1786 1684 Θεὸν
1846 1629 1930 1682 ἀν-

282 1718 464 1790 ίστησι
491 1719 582 1775 τὸν
614 1721 859 1794 Σαμψὼν
901 1722 992 1776 τὸν
1045 1725 1143 1776 τοῦ
1191 1719 1389 1778 Μανωὲ
1440 1720 1579 1788 υἱὸν,
1635 1717 1694 1774 ὲκ
1750 1715 1928 1794 φυλῆς

276 1810 404 1876 Δαν,
444 1812 593 1871 ὅστις
644 1813 1104 1882 καταπολεμήσας
1170 1809 1296 1873 τοὺς
1354 1806 1709 1885 ἀλλοφύλους
1765 1805 1928 1883 ἄρχει

273 1894 370 1968 ἔτη
397 1901 463 1954 κ’.
500 1899 643 1954 Κατὰ
680 1898 910 1962 τούτους
963 1901 1088 1960 τοὺς
1147 1898 1383 1973 χρόνους
1417 1895 1692 1971 Ἡρακλῆς
1760 1893 1924 1971 ἔγνω·
1959 1929 2003 1993 Β

274 1989 459 2062 ρίζετο
548 1987 577 2042 ό
641 1989 772 2049 τοὺς
824 1984 1052 2042 δεκαδύο
1113 1985 1313 2051 ἄθλους
1374 1983 1642 2047 διανύσας.
1703 1991 1920 2058 Σαμανῆ

271 2079 522 2151 ἡγήσατο
606 2080 703 2130 τοῦ
784 2073 920 2131 λαοῦ
1001 2073 1121 2138 ἓτος
1185 2077 1250 2134 α’.
1310 2077 1600 2151 Ἀναρχίας
1648 2075 1927 2150 γεγονυίας

268 2165 410 2220 κατᾶ
456 2166 552 2226 τὰς
614 2162 904 2240 Ἐϐραϊκᾶς
959 2163 1309 2240 παραδόσεις,
1363 2165 1452 2220 καὶ
1500 2159 1754 2238 ἔπραττεν
1805 2161 1928 2218 ἓκα-

272 2275 403 2317 στος
435 2254 568 2327 ὅπερ
602 2249 901 2324 ἠϐούλετο,
936 2256 1026 2310 οἷα
1053 2255 1196 2317 εἰκὸς
1257 2253 1309 2308 ὲν
1368 2255 1606 2333 ἀναρχία
1667 2253 1928 2331 γίνεσθαι,

273 2340 370 2415 ἔτη
410 2346 481 2417 μ’,
519 2345 741 2419 εἰρήνην
772 2341 930 2419 ἔσχεν
960 2345 988 2398 ὁ
1019 2341 1154 2405 λαὸς
1203 2345 1340 2420 πρὸς
1392 2342 1517 2406 τοὺς
1575 2340 1928 2415 ἀλλοφύλους

273 2429 369 2505 ἔτη
408 2436 456 2489 λ’
489 2441 715 2506 Σαμανῆ
772 2433 1105 2507 ἡγουμὲνου.
1161 2434 1266 2491 Καὶ
1320 2433 1472 2490 Ἠλεὶ
1522 2434 1550 2488 6
1580 2433 1751 2506 ἱερεὺς
1803 2434 1931 2506 ἦρξε

274 2530 375 2580 τοῦ
409 2524 546 2580 λαοῦ
567 2519 660 2593 ἔτη
697 2526 762 2581 κ’.
799 2525 947 2582 Κατᾶ
976 2524 1201 2587 τούτους
1242 2523 1374 2586 τοὺς
1430 2523 1665 2599 χρόνους
1699 2524 1726 2578 ὁ
1756 2520 1928 2580 Ἰλια-

277 2616 373 2674 κὸς
407 2611 657 2684 πόλεμος
687 2612 896 2687 ἐγένετο
928 2609 1020 2683 ἔτη
1050 2611 1198 2684 δέκα,
1229 2615 1318 2668 καὶ
1357 2614 1420 2669 τὸ
1451 2612 1622 2670 Ἰλιον
1653 2609 1799 2680 ἥλω.
1833 2618 1934 2666 Σα-

281 2702 471 2778 μουὴλ
508 2700 890 2774 διαδεξαμενος
920 2707 1017 2757 τοῦ
1047 2701 1200 2758 Ἠλεὶ
1248 2705 1347 2772 τὴν
1389 2701 1654 2778 ἱερατείαν
1711 2700 1797 2755 καὶ
1829 2701 1928 2768 τήν

273 2793 577 2869 ἠγεμονίαν
618 2797 804 2866 κρατεῖ
829 2797 926 2848 τοῦ
959 2797 1117 2848 Λαοῦ.
1178 2791 1320 2848 Φασὶ
1369 2789 1427 2846 δὲ
1478 2791 1638 2846 αὐτὸν
1699 2786 1931 2844 δεκαδύο

277 2881 414 2938 ἑτῶν
446 2883 604 2936 εἶναι·
638 2881 728 2936 ὅτε
757 2887 974 2955 πρῶτον
1005 2882 1156 2952 αὐτῷ
1212 2880 1379 2959 ἐφάνη
1437 2877 1684 2950 λαλήσας
1715 2881 1742 2934 ὁ
1775 2885 1929 2941 Θεος’

275 2974 359 3032 οἷς
395 2974 428 3034 ἡ
461 2965 700 3033 κιϐωτὸς
732 2973 846 3044 (79)
873 2969 925 3026 ἐν
970 2975 1051 3044 τῷ
1105 2968 1422 3044 Ἀμιναδάμ
1477 2969 1611 3042 οἴκῳ
1669 2967 1930 3044 διέτριψε.

274 3061 378 3118 Καὶ
448 3058 723 3135 βασιλέως
783 3061 1105 3138 χρισθέντος
1184 3061 1251 3129 ἦν
1305 3053 1846 3130 ἀντιλαμϐανόμενος
1904 3057 1932 3112 6

273 3150 430 3205 Ἦλεὶ
464 3148 557 3218 ἔτη
593 3155 653 3204 ο’.
685 3151 896 3204 Γίνεται
923 3147 1101 3204 τοίνυν
1149 3148 1258 3204 ἀπὸ
1309 3155 1408 3217 τῆς
1463 3146 1723 3216 τελευτῆς
1755 3149 1934 3216 Ἰησοῦ

271 3237 359 3294 ἐπὶ
394 3241 496 3308 τὴν
530 3238 791 3308 τελευτὴν
814 3237 1080 3313 Σαμουὴλ
1115 3237 1208 3308 ἒτη
1244 3246 1317 3314 χ’.
1349 3238 1454 3293 ἀπὸ
1488 3235 1545 3293 δὲ
1575 3242 1698 3293 Νῶε
1727 3236 1930 3292 καὶτοῦ

271 3295 668 3401 κατακλυσμοῦ
700 3295 792 3400 ἔτη
846 3295 983 3403 βρκ’,
1016 3295 1122 3384 ἀπὸ
1146 3295 1324 3400 ’Ᾰδὲμ
1354 3324 1446 3397 ἔτη
1505 3324 1701 3402 ,δτπβἏ
1740 3327 1802 3384 Ὀ
1836 3328 1930 3400 μὲν
1962 3295 2005 3362 C

183 3434 196 3440 ·
277 3415 554 3489 Σαμουὴλ
585 3415 695 3486 ἤδη
729 3418 1046 3494 γεγηρακὼς
1078 3417 1166 3472 καὶ
1213 3421 1311 3472 τοῦ
1364 3415 1500 3472 λαοῦ
1556 3415 1928 3490 ὀκνηροτέρως

277 3508 614 3578 ποιούμενος
647 3508 745 3574 τὴν
776 3509 861 3580 [Ρ.
896 3510 984 3578 851
1016 3504 1262 3580 ἐποψίαν,
1296 3509 1403 3560 τῶν
1430 3525 1488 3559 τε
1516 3502 1724 3560 παίδων
1767 3503 1930 3559 αὐτοῦ

279 3591 488 3669 δώροις
521 3595 602 3650 ἀεὶ
633 3595 696 3649 τὸ
728 3593 936 3650 δίκαιον
968 3598 1326 3669 προϊεμενων,
1359 3593 1506 3672 χρίει
1543 3591 1790 3668 βασιλέα,
1833 3597 1930 3647 τοῦ

282 3683 424 3740 λαοῦ
459 3685 556 3757 μὶν
589 3684 1105 3758 καταναγκάζοντος,
1135 3687 1232 3738 τοῦ
1264 3681 1396 3738 Θεοῦ
1437 3680 1494 3738 δὲ
1533 3684 1932 3760 συγχωρήσαν-

279 3795 396 3842 τος,
426 3774 520 3828 τὸν
555 3772 735 3828 Σαοὺλ
769 3774 884 3828 υἱὸν
913 3773 1033 3842 Κίς,
1074 3772 1134 3827 ἐκ
1181 3771 1358 3847 φυλῆς
1428 3771 1728 3846 [Βενιαμίν.
1763 3769 1930 3834 Οὗτος

281 3860 744 3934 συνεπισχύοντος
784 3861 903 3933 τοῦ]
964 3857 1231 3932 Σαμουὴλ
1295 3857 1568 3934 βασιλεύει
1627 3857 1719 3926 ἔτη
1753 3860 1818 3923 κ’,
1854 3857 1932 3936 ἐφ’

282 3949 477 4004 ἑαυτοῦ
511 3946 568 4003 δὶ
597 3945 690 4018 ἔτη
719 3949 786 4004 κ’.
848 3950 1220 4025 Προεφήτευσι
1259 3945 1314 4003 δὶ
1345 3946 1426 4003 ἐπ’
1487 3947 1650 4003 αὑτοῦ
1699 3949 1812 4021 ἅμα
1843 3946 1932 4001 καὶ

280 4039 562 4110 ἱεράτευσε
595 4035 889 4108 Σαμουὴλ.
923 4032 1182 4108 Ἀϐεννήρ
1213 4033 1272 4092 δὲ
1303 4038 1331 4091 ὁ
1359 4041 1456 4091 τοῦ
1487 4037 1608 4111 Νὴρ
1639 4044 1738 4106 τῆς
1771 4056 1934 4111 στρα-

282 4129 403 4189 τιὰς
433 4127 728 4205 ἀφηγεῖτο.
753 4129 866 4184 Τοῦ
899 4123 956 4180 δὲ
989 4125 1170 4181 Σαοὺλ
1202 4124 1674 4200 προσπτύσαντος
1699 4129 1777 4197 τῷ
1819 4129 1934 4198 Θεῷ

287 4215 583 4286 πολλάκις,
620 4216 882 4289 μειζόνως
913 4213 970 4271 δί
1001 4214 1090 4271 διὰ
1115 4217 1214 4284 τὴν
1254 4211 1558 4290 παράϐασιν
1609 4222 1708 4284 τῆς
1765 4215 1937 4270 αὐτοῦ

287 4306 652 4380 προστάξεως,
684 4306 1183 4378 περιποιησαμένου
1220 4304 1311 4361 τὸν
1349 4306 1526 4382 Ἀγαγ
1562 4303 1787 4380 βασιλέα
1844 4305 1938 4361 Ἀ-

290 4394 637 4468 μαληκιτῶν,
672 4395 875 4464 ἤκουσε
903 4396 1048 4470 παρὰ
1070 4399 1168 4452 τοῦ
1199 4397 1506 4472 προφήτου⁶
1551 4417 1579 4445 (ι
1611 4393 1941 4466 Μεματαίω-

288 4485 373 4538 ταί
405 4505 518 4553 σοι,
561 4483 644 4538 ὅτι
679 4485 777 4537 οὐκ
807 4481 1072 4560 ἑφύλαξας
1103 4485 1204 4554 τὴν
1239 4482 1465 4552 ὲντολήν
1525 4481 1590 4551 ἢν
1637 4480 1940 4538 ἐνετείλατό

291 4593 372 4628 σοι
433 4573 661 4646 Κύριος·
723 4574 1022 4646 Ἦτοίμασε
1071 4573 1176 4649 γὰρ
1243 4570 1304 4627 ἂν
1357 4574 1457 4640 τὴν
1514 4570 1792 4648 βασιλείαν
1845 4592 1940 4625 σου

288 4659 388 4724 ’ἕως
446 4663 646 4724 αῗῶνος
706 4662 790 4717 ἐπὶ

294 4750 544 4824 βασιλεία
575 4750 864 4817 σοτ,ἀλλα
917 4754 1140 4822 ζητήσει
1205 4750 1405 4824 Κύριος
1468 4752 1749 4826 ἄνθρωπον
1806 4751 1941 4805 κατα

291 4843 387 4909 τὴν
418 4839 641 4914 καρδίαν
675 4839 840 4896 αὑτοῦ
867 4841 941 4905 εἰς
971 4840 1211 4916 ἄρχοντα
1258 4840 1346 4895 ἐπὶ
1375 4841 1467 4894 τὸν
1501 4839 1628 4896 λαὸν
1687 4839 1871 4894 αὐτοῦ.
1910 4863 1936 4890 ››

296 4929 444 4985 Μετὰ
478 4927 534 4984 δὲ
569 4935 736 4984 ταῦτα
784 4929 1079 5005 ’χρίσαντος
1135 4930 1228 4985 τὸν
1289 4925 1453 4985 Δαϐἰδ
1495 4933 1590 4984 τοῦ
1649 4929 1936 5002 Σαμουὴλ,

296 5017 408 5073 εἶτα
433 5019 770 5094 γηράσαντος
836 5021 924 5073 καὶ
973 5020 1422 5089 τελευτήσαντος,
1482 5020 1774 5093 προσέθετο
1808 5017 1943 5092 μᾶλ-

297 5105 390 5161 λον
443 5109 472 5162 6
531 5107 710 5164 Σαοὺλ
785 5109 1133 5184 παροργίζειν
1217 5108 1308 5163 τὸν
1358 5107 1574 5184 Κύριον.
1642 5109 1798 5172 Ὅθεν
1853 5107 1942 5162 καί

296 5200 511 5268 Πνεῦμα
544 5195 746 5270 Κυρίου
806 5198 1010 5266 ἀπέστη
1065 5197 1155 5251 ἀπ’
1212 5195 1398 5267 αὐτοῦ,
1455 5198 1545 5251 καὶ
1602 5191 1810 5270 ἔπνιγεν
1844 5195 1940 5250 αύ-

296 5285 389 5340 τὸν
416 5290 630 5358 πνεῦμα
659 5287 928 5362 πονηρόν.
987 5285 1065 5343 Οὔ
1126 5287 1288 5365 χᾶριν
1339 5286 1429 5341 καὶ
1461 5288 1488 5340 6
1529 5281 1694 5340 Δαϐἶδ
1755 5282 1936 5362 ἄγεται

297 5375 432 5448 πρὸς
464 5376 650 5447 αὐτόν,
683 5375 758 5438 εἷς
800 5373 1144 5450 παρηγορίαν
1201 5372 1430 5448 ψάλλων
1493 5371 1580 5430 διὰ
1629 5383 1728 5444 τῆς
1763 5376 1944 5430 κιννύο

366 5519 410 5554 ⁸⁴
438 5522 463 5575 Ι
489 5524 627 5594 Reg.
657 5539 749 5578 xv.

2040 643 2141 699 vit.
2178 645 2418 716 Lyricus
2447 649 2503 698 et
2534 643 2892 700 citharoedus
2922 644 3106 698 fuisse
3155 642 3532 714 prmdicatur,
3585 642 3686 712 qui

2041 733 2325 788 suavitate
2359 734 2652 788 sermonis
2684 733 2931 804 quanvis
2964 732 3222 789 oblectet
3250 739 3425 803 atque
3458 729 3684 785 demul-

2039 829 2168 878 ceat
2197 824 2479 879 animam.
2504 823 2753 894 Reliqua
2778 840 2958 896 supra
2987 823 3322 879 retulimus.

2109 913 2330 968 Eodem
2364 919 2627 984 tempore
2659 914 2941 983 Marsyam
2977 929 3210 983 quoque
3256 909 3679 982 philosophum

2037 1001 2221 1056 fuisse
2255 1007 2520 1070 narrant,
2553 1002 2652 1073 qui
2687 1008 2809 1056 arte
2839 1002 3309 1056 musicainvenit
3349 1001 3684 1055 fistularum

2040 1108 2112 1147 ex
2144 1092 2387 1146 calamis
2420 1091 2877 1154 coniectionem,
2921 1096 3097 1160 atque
3129 1090 3202 1146 ad
3236 1091 3530 1145 insaniam
3559 1107 3688 1161 pro-

2039 1181 2238 1253 lapsus
2271 1183 2372 1236 Dei
2392 1181 2502 1237 sibi
2526 1197 2742 1236 nomen
2765 1181 3076 1252 arrogavit,
3103 1181 3302 1235 dicens
3322 1197 3383 1235 se
3405 1181 3689 1235 alimenta

2039 1270 2382 1326 hominibus
2412 1270 2676 1325 carmine
2727 1270 3059 1324 ﬁstularum
3091 1270 3422 1340 reperisse;
3475 1269 3687 1330 fertur-

2040 1379 2154 1434 que
2187 1365 2384 1415 mente
2415 1365 2622 1431 captus
2653 1375 2782 1414 sese
2831 1359 2893 1413 in
2950 1359 3191 1413 ﬂuvium
3253 1359 3562 1429 abjecisse,
3595 1359 3689 1413 cui

2040 1453 2281 1520 Marsyan
2305 1465 2524 1503 nomen
2561 1447 2699 1502 inde
2730 1447 2949 1502 factum
2973 1464 2985 1500 :
3005 1448 3056 1502 is
3083 1465 3154 1502 ex
3187 1446 3464 1502 Colchide
3508 1447 3684 1504 venit.

2111 1539 2403 1593 Caeterum
2437 1537 2690 1609 p0pulus
2723 1553 2858 1592 cum
2889 1553 3095 1592 rursus
3116 1538 3303 1591 Deum
3321 1536 3686 1604 offendisset,

2039 1628 2111 1684 ab
2145 1644 2212 1682 eo
2245 1627 2516 1682 Barbaris
2547 1643 2654 1697 per
2684 1629 2751 1680 40
2773 1643 2963 1682 annos
2993 1626 3225 1681 deditus
3249 1631 3356 1682 est.
3381 1627 3688 1682 Conversis

2039 1719 2113 1774 ad
2145 1735 2206 1774 se
2238 1719 2389 1773 Deus
2421 1719 2750 1774 Sansonem
2773 1719 2994 1772 Manoze
3018 1717 3203 1772 ﬁlium
3239 1716 3685 1788 praefecit,tribu

2038 1808 2346 1864 Danicum.
2381 1809 2435 1862 Is
2466 1806 2708 1861 devictis
2760 1805 3031 1860 Barbaris
3089 1806 3308 1876 populo
3367 1822 3556 1860 annos
3616 1809 3683 1860 20

2038 1896 2379 1967 prmfuitEa
2391 1897 2430 1949 1
2445 1896 2543 1950 49
2565 1899 2914 1965 tempestate
2931 1893 3207 1949 Hercules
3223 1894 3557 1963 innotuit,is
3578 1894 3680 1965 qui

2034 1987 2347 2046 duodecim
2379 2004 2677 2043 mrumnas
2717 1986 3003 2042 toleravit.
3063 1986 3345 2042 Samanes
3394 1986 3681 2058 populum

2033 2079 2186 2134 rexit
2215 2094 2438 2134 annum
2464 2093 2674 2132 unum.
2708 2080 2872 2143 Cum,
2897 2081 2960 2131 ut
2993 2082 3081 2131 est
3105 2076 3176 2131 ab
3211 2076 3469 2131 Ilebrmis
3499 2077 3683 2131 tradi-

2035 2173 2184 2235 tum,
2219 2168 2567 2240 magistratu
2599 2167 2849 2238 populus
2873 2171 3122 2232 vacaret,
3147 2183 3214 2221 ac
3247 2183 3352 2221 suo
3377 2167 3565 2236 quivis
3597 2183 3682 2221 ar-

2032 2257 2209 2312 bitrio
2241 2261 2457 2328 ageret,
2493 2257 2645 2311 sicut
2674 2257 2736 2310 in
2758 2256 3096 2328 interregno
3137 2255 3263 2311 ﬁeri
3304 2256 3542 2320 assolet,
3576 2273 3682 2327 per

2033 2363 2220 2403 annos
2258 2349 2350 2412 40,
2401 2351 2609 2417 pacata
2639 2345 2968 2400 aBarbaris
3028 2346 3245 2417 populo
3305 2346 3508 2401 omnia
3554 2347 3682 2400 fue-

2034 2439 2177 2489 runt
2207 2449 2312 2505 per
2333 2449 2523 2488 annos
2554 2435 2642 2498 30,
2678 2433 2927 2486 Samane
2961 2431 3128 2486 duce.
3165 2432 3284 2486 Elis
3313 2431 3588 2487 sacerdos
3619 2436 3686 2486 20

2034 2539 2224 2578 annos
2259 2521 2546 2594 populum
2577 2521 2947 2593 gubernavit.
2995 2521 3179 2592 Hujus
3235 2528 3406 2576 aatate
3459 2522 3684 2576 bellum

2033 2614 2354 2684 Trojanum
2385 2611 2713 2666 decennale
2747 2617 2976 2684 gestum
3012 2616 3102 2666 est
3130 2627 3196 2665 ac
3217 2611 3390 2665 Ilium
3421 2616 3682 2681 captum.

2035 2702 2122 2758 Eli
2155 2701 2464 2758 Samuelus
2496 2701 2784 2756 successit
2813 2700 2875 2754 in
2921 2701 3178 2755 sardotio
3237 2705 3296 2754 et
3345 2699 3549 2772 populi
3579 2716 3687 2772 gu-

2032 2792 2577 2847 bernatione.Hunc
2599 2790 2840 2844 tradunt
2859 2789 3170 2845 duodecim
3192 2806 3485 2844 annorum
3504 2788 3683 2844 fuisse

2035 2897 2169 2936 cum
2193 2881 2451 2952 primum
2475 2881 2528 2934 ei
2550 2881 2706 2934 Deus
2726 2879 2998 2950 apparuit
3033 2884 3210 2950 atque
3235 2879 3431 2949 ipsum
3471 2879 3683 2934 affatus

2037 2976 2160 3027 est:
2197 2970 2411 3041 quibus
2443 2987 2580 3024 arca
2611 2969 2671 3024 in
2703 2969 2880 3024 domo
2914 2969 3290 3024 Aminadami
3319 2973 3684 3024 commorata

2034 3061 2166 3117 fuit.
2199 3061 2269 3113 Et
2297 3075 2430 3130 rege
2464 3064 2643 3113 uncto
2692 3057 3179 3128 apprehendebat
3207 3058 3326 3112 Elis
3376 3074 3566 3112 annos
3593 3059 3681 3111 70.

2036 3147 2291 3204 Proinde
2308 3147 2610 3202 ﬂuxerunt
2629 3147 2702 3201 ab
2718 3146 2883 3200 obitu
2904 3148 3093 3201 Josuaa
3121 3164 3307 3217 usque
3331 3147 3404 3201 ad
3429 3146 3684 3201 Samueli

2037 3242 2290 3294 mortem
2323 3235 2604 3300 anni6iO,
2629 3237 2799 3291 aNoa
2829 3241 2888 3290 et
2915 3235 3131 3290 diluvio
3155 3240 3224 3294 ,21
3251 3236 3426 3300 20,ab
3460 3235 3684 3290 Adamo

2034 3329 2194 3383 4382.
2229 3325 2403 3381 Enim
2435 3341 2566 3380 vero
2598 3324 2931 3392 Samuelus,
2956 3341 3090 3379 cum
3115 3324 3241 3396 ipse
3278 3325 3684 3392 oblsenectam

2035 3421 2266 3471 mtatem
2299 3415 2538 3486 segnius
2562 3415 2764 3485 pOpuli
2797 3413 3032 3486 negotia
3053 3413 3263 3478 obiret,
3297 3419 3355 3468 et
3400 3414 3507 3469 filii
3557 3415 3686 3485 ejus

2035 3506 2210 3562 donis
2241 3521 2303 3559 se
2335 3504 2632 3574 corrumpi
2661 3503 2818 3575 passi
2850 3503 2922 3557 ab
2947 3503 3566 3574 mquitateidentidem
3590 3502 3688 3556 de-

2037 3595 2364 3657 ﬂecterent,
2396 3591 2616 3664 populo
2649 3598 2892 3663 cogente
2924 3608 2992 3646 ac
3023 3592 3317 3664 permissu
3351 3593 3451 3647 Dei
3484 3609 3684 3665 regem

2035 3681 2254 3754 p0pulo
2286 3681 2568 3735 unctione
2601 3679 2867 3749 designat
2890 3680 3136 3735 Saulum
3159 3680 3280 3735 Kisi
3305 3680 3495 3736 filium
3528 3681 3682 3736 tribu

2036 3769 2528 3841 Benjaminicum.
2564 3770 2617 3822 Is
2647 3769 2920 3824 Samuelo
2944 3769 3266 3824 auxiliante
3298 3785 3546 3840 regnum
3578 3788 3686 3841 per

2038 3859 2240 3932 viginti
2264 3874 2451 3912 annos
2476 3856 2838 3926 totidemque
2857 3857 3016 3910 solus
3047 3855 3248 3928 gessit.
3283 3856 3593 3911 Samuelus
3611 3873 3680 3913 eo

2037 3952 2321 4022 regnante
2351 3951 2409 4001 et
2439 3946 2787 4000 vaticinatus
2819 3949 2910 3999 est
2966 3950 3022 3998 et
3053 3943 3382 4000 sacerdotio
3419 3945 3676 4000 functus.

2037 4036 2442 4093 AbnerusNeri
2466 4035 2620 4088 filius
2635 4033 2915 4089 exercitui
2935 4034 3338 4104 praefuitCum
3353 4041 3550 4090 autem
3569 4035 3684 4090 Sau

2038 4128 2133 4184 lus
2151 4129 2333 4183 Deum
2348 4141 2754 4198 saapenumero
2777 4123 3145 4191 offendisset,
3168 4140 3234 4178 ac
3255 4125 3509 4178 maxime
3529 4123 3686 4193 quod

2043 4223 2250 4273 contra
2281 4215 2410 4286 ejus
2442 4220 2803 4286 praeceptum
2830 4212 3281 4268 Amalecitaram
3314 4213 3469 4269 150
3491 4227 3689 4281 regem

2042 4309 2305 4378 Agagum
2337 4304 2698 4360 incolumem
2731 4308 3042 4369 servasset,
3077 4303 3160 4358 ita
3189 4307 3279 4357 est
3307 4319 3341 4357 a
3371 4308 3496 4357 vate
3539 4318 3694 4356 com-

2042 4395 2298 4468 pellatus
2319 4395 2400 4448 “z
2448 4396 2719 4449 «Actum
2752 4398 2842 4449 est
2897 4392 2968 4448 de
3027 4398 3105 4460 te,
3165 4398 3480 4464 propterea
3537 4391 3695 4463 quod

2044 4483 2394 4540 mandatum
2428 4483 2529 4538 Dei
2561 4483 2815 4538 violasti.
2851 4483 3089 4553 Absque
3124 4483 3287 4537 enim
3347 4483 3458 4538 hoc
3515 4487 3691 4544 esset.

2043 4588 2292 4644 regnum
2323 4576 2492 4626 tuum
2526 4571 2586 4624 in
2621 4569 2958 4625 lsraelicam
3018 4575 3258 4641 gentem
3301 4569 3496 4625 fuerat
3540 4571 3694 4624 Deus

878 4661 1120 4737 Ἰσραὴλ.
1193 4663 1295 4720 Καὶ
1353 4666 1442 4717 νῦν
1501 4660 1562 4716 ού
1615 4663 1932 4732 στήσεταιὴ

2045 4679 2307 4735 perenne
2355 4661 2636 4717 facturus.
2695 4663 2854 4716 Nunc
2913 4661 2974 4715 id
3027 4678 3144 4716 non
3204 4651 3535 4716 consiStet:
3589 4659 3693 4713 sed

2049 4757 2274 4824 quaeret
2321 4753 2478 4807 Deus
2521 4751 2824 4806 hominem
2881 4765 2950 4804 ex
3010 4750 3194 4805 animi
3254 4751 3344 4804 sui
3398 4747 3691 4803 sententia

2047 4843 2288 4911 factum,
2323 4857 2499 4911 quem
2532 4857 2634 4896 suo
2669 4841 2885 4911 populo
2910 4846 3236 4910 prmponat.
3273 4862 3301 4887 »
3353 4835 3686 4892 Secundum

2048 4931 2173 4986 haec
2203 4946 2338 4986 cum
2383 4928 2689 4984 Samuelus
2731 4928 3014 4984 unctione
3043 4927 3325 4983 Davidum
3374 4941 3552 4997 regno
3583 4923 3687 4977 de-

2053 5021 2333 5075 stinasset
2363 5019 2647 5089 senioque
2679 5017 2982 5072 confectus
3004 5016 3161 5070 diem
3187 5031 3358 5070 suum
3391 5013 3692 5079 obivisset,

2054 5109 2316 5182 perrexit
2329 5107 2539 5164 Saulus
2558 5107 2734 5161 etiam
2749 5105 3006 5176 amplius
3020 5107 3200 5159 Deum
3218 5104 3470 5157 irritare.
3494 5104 3699 5172 Itaque

2061 5197 2531 5268 etaDeiSpirilu
2554 5195 2824 5250 desertus
2879 5199 2970 5249 est
3019 5199 3135 5249 eta
3174 5193 3432 5262 maligno
3491 5193 3704 5264 spiritu

2059 5289 2250 5359 premi
2285 5287 2478 5360 cwpit.
2521 5289 2663 5341 Eam
2695 5284 2767 5340 ob
2823 5301 2946 5340 rem
2979 5283 3230 5339 Davidus
3253 5282 3327 5336 ad
3358 5298 3493 5338 eum
3515 5282 3704 5338 addu~

2059 5382 2152 5432 tus
2185 5383 2291 5444 est,
2325 5377 2426 5447 qui
2466 5375 2680 5432 [idibus
2714 5373 2926 5430 ludens
2957 5373 3029 5429 ab
3071 5389 3138 5427 eo
3199 5372 3421 5429 malum
3460 5373 3702 5446 genium

1485 5620 1846 5677 XYLANDRI
1891 5621 1979 5675 ET
2019 5619 2234 5676 COAHI
2275 5619 2494 5676 NOTAE.

375 5730 478 5804 (79)
509 5732 692 5790 Locus
721 5730 1228 5805 corruptissimus.
1263 5728 1518 5785 Historia
1538 5733 1730 5786 exstat
1757 5729 1778 5784 l
1809 5731 2031 5802 Regum
2070 5727 2204 5783 libri
2238 5727 2446 5798 primis
2478 5743 2553 5784 vn
2575 5727 2886 5802 capitibus.
2910 5729 3047 5786 XYL.

3735 6111 3986 6156 4__L
