4186 6190
382 347 502 411 183
1740 329 2033 395 GEORG]

2143 331 2471 398 lEDRENI
3680 336 3796 396 184

380 481 645 557 abigeret
698 479 1016 552 ipsumque
1095 473 1411 529 recrearet.
1524 467 1690 557 Idem
1774 465 2026 557 Davidus

2142 484 2261 539 ρας,
2302 467 2393 522 καὶ
2444 466 2732 547 ἀφίσταται
2774 466 2868 523 ἀπ’
2920 466 3088 523 αὐτοῦ
3146 466 3209 522 τὸ
3268 465 3508 541 πονηρὸν
3561 469 3794 539 πνεῦμα,

382 549 736 628 ϐοιῖοιὶιιιηί
780 566 1099 622 barbarum
1179 558 1497 625 interfecit,
1557 555 1743 613 altum
1801 554 2032 611 cubitos

2141 551 2307 611 Ἀλλ’
2362 556 2455 612 οῦν
2514 577 2578 632 γε
2620 555 2859 628 πατάξας
2891 556 2921 612 6
2949 549 3117 612 Δκϐίδ
3177 552 3273 610 τόν
3331 552 3662 634 ἀλλόφυλον
3694 558 3794 615 L0-

379 666 637 734 quatuor
669 674 740 714 ac
769 655 1148 727 spithamam,
1197 646 1428 705 casside
1486 651 1666 719 caput
1710 648 2030 709 armatum,

2143 642 2292 734 λιάθ,
2322 645 2385 707 ’ὸς
2411 644 2479 715 ἦν
2525 645 2721 717 ἡλικίᾳ
2775 649 2979 720 πηχῶν
3035 643 3309 734 τεσσάρων
3360 642 3455 700 καὶ
3516 646 3795 717 σπιθαμῆς

379 727 596 823 corpus
629 747 813 804 lorica
849 745 1108 811 hamata,
1149 741 1320 814 cujus
1350 756 1430 795 ass
1462 744 1521 795 et
1546 738 1772 795 ferrum
1804 751 2032 810 appen-

2143 732 2207 823 τθ
2236 732 2398 807 ὕψος,
2426 735 2517 790 καί
2564 733 2989 823 περικεφαλαίαν
3043 727 3189 809 ἔχων
3240 732 3341 823 Δἰπὶ
3392 739 3493 803 τῆς
3546 732 3795 811 κεφαλῆς

380 818 557 896 debat
586 841 619 891 2
658 853 707 891 s.
767 833 1080 891 unciarum
1129 829 1340 899 millia,
1394 845 1569 885 crura
1616 826 1808 884 ocreis
1860 824 2033 881 aereis

2142 820 2329 892 αὐτοῦ,
2371 824 2459 879 καὶ
2522 826 2741 899 θωρακα
2798 820 3134 879 ἁλυσιδωτὸν
3185 818 3346 878 πέντε
3373 819 3649 898 χιλιάδων
3713 824 3794 878 σί·

380 933 626 993 tectum,
649 926 981 996 gestantem
1013 920 1225 977 hastile
1256 919 1448 974 instar
1474 915 1753 972 liciatorii
1784 914 2033 971 textoris

2143 909 2293 968 κλων
2330 911 2548 987 χαλκοῦ
2576 914 2666 968 καὶ
2698 910 2950 987 σιδηροῦ,
2981 912 3073 968 καὶ
3120 909 3395 987 κνημῖδας
3441 909 3656 992 χαλκᾶς
3704 910 3796 969 ἐπὶ

383 1015 558 1088 cujus
583 1013 783 1085 cuspis
807 1011 1117 1067 unciarum
1151 1014 1553 1065 trecentarum
1584 1006 1797 1074 ferrea,
1832 1005 2036 1060 hume-

2143 1003 2211 1059 τά
2239 1003 2406 1077 σκὲλη
2439 1004 2626 1073 αὑτοῦ,
2657 1005 2747 1061 καὶ
2777 1005 2839 1060 τὸ
2882 999 3043 1075 ξύλον
3086 1008 3186 1059 τοῦ
3236 1001 3464 1080 δόρατος
3521 1004 3689 1060 αὐτοῦ
3720 1005 3794 1067 ὡς

387 1105 596 1175 risque
650 1118 865 1159 aeream
899 1099 1167 1173 aspidem
1215 1098 1527 1154 ferentem.
1579 1094 1662 1152 0b
1708 1093 1769 1150 id
1810 1093 2040 1149 facinus

2146 1091 2324 1151 ἀντίον
2355 1094 2707 1176 ύφαινόντων,
2738 1094 2829 1151 καὶ
2858 1097 2894 1165 ἡ
2928 1094 3010 1151 ἐπ’
3039 1095 3206 1152 αὐτοῦ
3255 1093 3443 1173 λόγχη
3502 1094 3793 1167 ἑξακοσίων

377 1211 414 1252 a
470 1192 645 1249 Saulo
695 1207 877 1264 gener
930 1188 1210 1257 adscitus,
1266 1187 1474 1242 oborta
1544 1188 1836 1257 praetextu
1897 1183 2030 1238 cho-

2148 1182 2352 1240 σίκλων
2403 1181 2656 1260 σιδήρου,
2722 1186 2812 1241 καὶ
2867 1183 3030 1247 ἀσπὶς
3091 1183 3277 1260 χαλκῆ
3337 1185 3438 1240 ἀνὰ
3496 1182 3656 1258 μέσον
3687 1188 3794 1241 τῶν

378 1299 514 1340 reas
544 1281 891 1338 ducentium
916 1276 1401 1334 muliercularum
1432 1273 1748 1330 cantilenas
1795 1271 2031 1333 invidia.

2149 1269 2318 1348 ὤμων
2372 1275 2558 1335 αὐτοῦ.
2640 1275 2743 1333 Καὶ
2825 1272 2915 1331 διὰ
2996 1278 3159 1331 τοῦτο
3214 1271 3665 1352 ἑπιγαμϐρευθεὶς
3717 1280 3797 1349 τῷ

379 1388 415 1428 a
448 1387 652 1428 socero
684 1368 961 1443 profugit.
996 1368 1077 1423 Ea
1104 1369 1454 1438 tempestate
1504 1368 1562 1419 et
1615 1379 1800 1436 panes
1838 1378 2032 1419 sacros

2150 1362 2357 1433 Σαοὺλ,
2410 1364 2502 1421 καὶ
2585 1364 2874 1445 φθονηθεὶς
2948 1363 3215 1447 προφάσει
3269 1368 3379 1420 τῶν
3436 1369 3795 1447 χορευτριῶν,

382 1459 643 1519 comedit
674 1464 733 1515 et
760 1458 864 1515 358
922 1455 1262 1513 sacerdotes
1315 1454 1529 1512 Saulus
1580 1452 1913 1521 trucidavit,
1945 1468 2035 1507 ur-

2149 1451 2538 1529 ἀποδιδράσκει
2575 1454 2669 1510 ἀπ’
2698 1452 2886 1527 αὐτοῦ,
2935 1452 3027 1510 ὅτε
3071 1452 3163 1511 καὶ
3229 1455 3359 1516 τούς
3430 1455 3625 1530 ἄρτους
3696 1460 3798 1524 τῆς

385 1550 642 1621 bemque
661 1547 887 1603 Nobam
917 1546 1075 1601 ferro
1096 1543 1365 1613 vastavit,
1399 1541 1682 1598 omnibus
1702 1547 1763 1597 et
1788 1539 2038 1596 homini-

2148 1543 2493 1619 προσθέσεως
2525 1541 2706 1624 ἔφαγε,
2744 1544 2836 1600 καὶ
2881 1542 3010 1607 τοὺς
3063 1542 3411 1619 τριακοσίους
3465 1545 3801 1615 πεντήκοντα

385 1639 497 1695 bus
527 1644 585 1694 et
600 1635 926 1710 pecudibus
948 1634 1301 1701 interfectis,
1327 1631 1455 1688 solo
1486 1631 1764 1687 Abiatare
1798 1628 2036 1685 Abime-

2149 1632 2314 1707 ἱερεῖς
2344 1633 2523 1689 ἀνεῖλε
2554 1631 2762 1705 Σαοὺλ,
2806 1632 2898 1689 καὶ
2944 1637 3117 1688 πᾶσαν
3175 1631 3275 1702 τῆν
3347 1631 3511 1689 πόλιν
3577 1630 3801 1704 ἐπάταξε

384 1727 542 1784 lechi
575 1727 698 1782 ﬁlio
728 1726 875 1784 151
936 1724 1275 1796 superstite,
1311 1722 1411 1795 qui
1451 1720 1590 1794 fuga
1645 1719 1720 1775 ad
1753 1718 2037 1774 Davidum

2150 1716 2379 1795 Νομϐᾶν
2431 1721 2484 1777 ἐν
2562 1719 2813 1798 ῥομφαίᾳ
2875 1721 2984 1777 ἀπὸ
3040 1720 3332 1797 ἀνθρώπου
3388 1714 3492 1783 ἔως
3542 1723 3799 1792 κτήνους,

385 1822 668 1875 evaserat.
692 1814 759 1870 Id
779 1813 1163 1888 parricidium
1186 1812 1345 1869 Sauli
1365 1810 1569 1867 omnia
1591 1808 1816 1883 flagitia
1834 1807 2034 1881 impie-

2148 1817 2249 1912 καὶ
2280 1810 2390 1912 οὐχ
2428 1809 2726 1888 ὑπελείφθη
2777 1809 2830 1881 ἐξ
2870 1808 3091 1912 αὖτιῖζὶνεΔ
3109 1808 3156 1866 εί
3199 1810 3277 1884 μὴ
3344 1804 3624 1885 Ἀϐιάθαρ,
3683 1811 3801 1873 υἱὸς

386 1913 503 1963 tate
538 1904 853 1978 superavit.
883 1903 1108 1975 Quippe
1131 1902 1233 1974 qui
1255 1904 1447 1974 Agago
1471 1905 1531 1955 et
1554 1900 1732 1956 rebus
1756 1896 2035 1954 omnibus

2148 1895 2477 1977 Ἀϐιμέλεχ,
2508 1899 2696 1978 φυγὼν
2732 1899 2871 1974 πρὸς
2923 1893 3114 1958 Δαϐὶδ.
3174 1898 3323 1970 Αὕτη
3392 1903 3490 1956 τοῦ
3549 1897 3733 1955 Σαοὺλ
3764 1902 3801 1970 ἡ

382 1994 661 2069 pretiosis
678 1993 1061 2067 pepercisset,
1080 1992 1131 2046 is
1152 1991 1242 2046 ira
1262 1994 1565 2062 permotos
1580 1991 1683 2044 350
1701 1987 2035 2045 sacerdotes

2156 1989 2439 2069 μιαιφονία
2467 1989 2683 2045 πάντων
2715 1993 2824 2044 τῶν
2855 1985 3043 2044 ἄλλων
3103 1987 3521 2065 ἁμαρτημάτων
3556 1984 3804 2045 δυσσεϐε-

379 2084 710 2156 urbemque
732 2098 939 2139 eorum
962 2097 1096 2137 cum
1129 2079 1403 2135 omnibus
1434 2077 1785 2134 mortalibus
1802 2076 2032 2132 delevit.

2153 2079 2332 2155 στέρα.
2374 2078 2480 2135 Καὶ
2509 2077 2602 2133 τὸν
2636 2079 2730 2151 μὶν
2761 2078 2940 2154 ’Δγαγ
2973 2074 3219 2147 διέσωσε,
3260 2079 3351 2134 καὶ
3397 2078 3572 2134 πάντα
3601 2077 3701 2134 ὅσα
3731 2077 3799 2154 ᾖν

385 2173 697 2230 Enimvero
730 2169 1270 2227 inhumanissimus
1286 2167 1503 2225 Saulus
1535 2166 1911 2222 lenissimum
1939 2167 2038 2222 Da-

2150 2166 2462 2239 ἀειόκτητα·
2492 2169 2591 2222 τοῦ
2621 2162 2679 2222 δὲ
2707 2168 2884 2240 θυμοῦ
2913 2166 3264 2237 κεκινηκότος
3290 2165 3420 2229 τοῦς
3457 2167 3800 2244 τριακοσίους

381 2264 582 2321 vidum
613 2262 821 2319 crebro
846 2276 1210 2334 persequens
1242 2258 1428 2315 semel
1490 2262 1670 2330 atque
1729 2256 1945 2312 iterum
1977 2256 2034 2311 in

2150 2257 2493 2326 πεντήκοντα
2534 2254 2701 2329 ἱερεῖς
2757 2254 2847 2310 καὶ
2905 2258 3079 2310 πᾶσαν
3128 2256 3230 2324 τήν
3281 2253 3450 2312 πόλιν
3499 2253 3800 2332 αὔτανδρον

383 2353 515 2424 ejus
546 2368 760 2408 manus
809 2350 1037 2406 incidit.
1071 2350 1323 2404 Tantum
1379 2351 1579 2403 autem
1629 2362 1664 2402 a
1691 2344 2036 2417 reponendo

2152 2343 2442 2424 διέφθειρε.
2502 2343 2784 2408 Πολλάκις
2842 2342 2901 2401 δὲ
2947 2342 3300 2402 καταδιώκων
3354 2347 3451 2402 τὸν
3497 2347 3799 2422 πραότατον

391 2442 688 2499 maleﬁcio
720 2439 908 2496 abfuit
936 2438 1210 2507 Davidus,
1236 2442 1302 2493 ut
1328 2453 1526 2510 regem
1547 2436 1746 2508 potius
1775 2435 1857 2490 ita
1887 2435 2035 2490 allo-

2151 2431 2321 2491 Δαϐὶδ
2355 2434 2911 2511 ὁάπανθρωπότατος
2978 2433 3162 2491 Σαοὺλ
3230 2433 3306 2498 εἴς
3378 2441 3569 2513 χεῖρας
3630 2432 3798 2492 Δαϐἳδ

383 2536 703 2604 queretur:
737 2551 765 2581 «
800 2531 934 2596 Cur,
969 2545 1002 2584 o
1032 2544 1135 2583 rex
1160 2532 1295 2582 vita)
1327 2542 1474 2583 mem
1502 2524 1809 2580 insidiaris
1837 2523 1865 2579 ‘2
1907 2523 2035 2579 dis-

2150 2526 2287 2599 ἅπαξ
2329 2524 2421 2581 καὶ
2474 2522 2558 2589 δὶς
2607 2526 2948 2601 ἒμπέπτωκε.
2981 2527 3073 2597 Μὴ
3108 2522 3501 2583 ἀνταποδιδοὺς
3541 2524 3600 2583 δὲ
3630 2528 3659 2583 ὁ
3695 2534 3803 2583 Δα-

376 2624 576 2694 ceptet
604 2621 758 2676 Deus
791 2634 1032 2675 causam
1064 2621 1333 2672 nostram
1355 2614 1422 2671 ‘5.
1449 2636 1476 2664 »
1511 2616 1591 2670 Ac
1644 2612 1848 2669 Davidi
1900 2613 2029 2684 qui-

2154 2611 2245 2671 6ἶδ
2274 2614 2426 2689 αὐτῷ
2452 2613 2621 2671 κακῦν
2651 2615 2765 2671 ἀντῖ
2795 2619 2986 2682 κακοῦ,
3022 2613 3238 2690 μᾶλλον
3267 2613 3423 2691 ἔλεγε
3452 2617 3593 2692 πρὸς
3619 2615 3802 2677 αὐτόν.

378 2710 512 2766 dem
535 2709 749 2766 domus
775 2706 1062 2779 paulatim
1089 2704 1295 2771 crevit,
1326 2704 1485 2760 Sauli
1537 2703 1765 2758 familia
1806 2718 2031 2758 mares-

2154 2702 2310 2759 ιἽνα
2329 2700 2384 2756 τί
2403 2697 2783 2770 καταδιώκεις,
2810 2699 3057 2777 βασιλεῦ,
3081 2696 3295 2771 λαϐεῖν,
3319 2704 3420 2773 τήν
3444 2704 3631 2783 ψυχήν
3654 2724 3762 2777 μου
3788 2723 3803 2773 ;

387 2804 581 2855 cente.
613 2795 873 2852 Tandem
893 2794 1103 2850 Saulus
1126 2794 1186 2849 in
1206 2793 1331 2849 suis
1355 2791 1770 2864 iniquitatibus
1790 2791 2040 2846 immor-

2156 2792 2375 2847 Δικάσαι
2406 2790 2604 2865 Κύριος
2648 2788 2809 2864 μέσον
2846 2792 3029 2864 ἡμῶν.
3070 2815 3098 2844 ››
3157 2793 3238 2866 [Ρ.
3273 2793 3368 2867 86]
3398 2792 3498 2847 Καὶ
3545 2795 3574 2849 6
3607 2793 3702 2867 μὶν
3730 2792 3809 2848 οἶ·-

384 2895 522 2946 tuus
548 2894 658 2954 est,
691 2904 725 2943 a
756 2886 1029 2943 Barbaris
1061 2885 1273 2957 sagitta
1294 2884 1357 2938 in
1385 2882 1491 2939 ilia
1521 2883 1830 2950 conﬁxus;
1878 2881 2037 2954 quod

2151 2898 2246 2940 κος
2305 2874 2484 2934 Δαϐἰδ
2549 2877 2857 2954 ἆπορεύετο
2896 2880 2989 2936 καὶ
3054 2879 3407 2958 ἓκραταοῦτο,
3455 2881 3485 2937 6
3541 2879 3600 2939 δὶ
3655 2883 3804 2945 οἶκος

383 2978 596 3034 vulnus
626 2993 760 3033 cum
790 2981 1046 3031 mortem
1088 2991 1211 3029 non
1268 2971 1678 3039 accelerasset,
1740 2970 1866 3042 ipse
1924 2971 2035 3026 sibi

2150 2967 2333 3065 ξαοὺλ
2390 2968 2685 3065 ἐπορεύετο
2741 2969 2833 3025 καὶ
2890 2970 3124 3041 ἠσθένει.
3180 2970 3278 3028 Καὶ
3330 2970 3559 3028 ἀπέθανε
3622 2970 3803 3028 Σαούλ

384 3083 595 3124 necem
626 3066 909 3123 conscivit
937 3063 1131 3138 gladio
1170 3079 1275 3118 suo
1326 3060 1700 3129 incumbens,
1724 3076 1800 3115 ne
1830 3077 1866 3115 a
1895 3060 2035 3116 Bar-

2162 3057 2216 3114 ὲν
2244 3062 2365 3121 ταῖς
2418 3056 2669 3132 ἀνομίαις
2730 3057 2917 3127 αὐτοῦ,
2971 3058 3238 3131 τοξευθεὶς
3293 3060 3395 3116 ὑπὸ
3450 3065 3559 3117 τῶν
3626 3059 3805 3117 ἀλλο-

386 3157 549 3213 baris
579 3173 687 3229 per
707 3154 1031 3211 ludibrium
1063 3152 1401 3209 haberetur.

2162 3145 2351 3226 φύλων
2387 3146 2466 3211 εἷς
2509 3147 2576 3202 τὰ
2624 3144 2988 3225 ὑποχόνδρια⁹
3019 3147 3108 3204 καί
3141 3150 3218 3224 μή
3251 3150 3608 3222 ἀποθνήσκων
3647 3149 3807 3214 αὐτὸς

385 3244 598 3321 γέγννεν
627 3242 1048 3322 αὐτοφονευτής,
1083 3240 1351 3297 ἐπιπεσὼν
1379 3237 1465 3294 ἐπὶ
1496 3241 1597 3308 τήν
1622 3237 1895 3314 ῥομφαίαν
1920 3235 2106 3310 αύτοῦ,
2151 3237 2228 3312 μή
2260 3258 2379 3299 πως
2409 3236 2743 3310 ἒμπαίξωσιν
2770 3238 2935 3293 αὐτὸν
2967 3238 3019 3293 c't
3052 3236 3384 3317 ἀλλόφυλοι.

460 3338 601 3392 Post
615 3335 860 3391 Saulum
892 3332 1145 3389 Davidus
1176 3346 1358 3404 regno
1382 3346 1489 3403 per
1511 3330 1581 3385 40
1602 3345 1793 3385 annos
1812 3328 2048 3384 functus

2231 3327 2383 3384 Μετὰ
2437 3323 2496 3382 δὲ
2559 3325 2739 3383 Σαοὺλ
2799 3323 3118 3384 ἐϐασίλευσε
3167 3323 3334 3384 Δαϐἲδ
3402 3327 3498 3401 ἔτη
3537 3330 3799 3406 τεσσαρά-

396 3431 507 3495 est,
530 3425 661 3480 etin
680 3423 958 3479 omnibus
989 3422 1160 3477 factis
1192 3420 1291 3476 Dei
1322 3419 1609 3475 voluntati
1640 3417 1855 3491 paruit,
1876 3417 2048 3495 sicuti

2155 3439 2342 3489 κοντα,
2375 3439 2435 3481 ος
2461 3418 2687 3490 ἐποίησε
2715 3419 2781 3476 τὰ
2810 3418 3097 3494 θελήματα
3132 3424 3234 3476 τοῦ
3271 3425 3406 3477 Θεοῦ
3448 3421 3640 3489 πάντα,
3668 3423 3807 3478 κατά

387 3513 676 3585 scriptum
707 3516 829 3567 est:
864 3534 893 3560 «
930 3510 1129 3567 Inveni
1162 3509 1353 3565 filium
1380 3508 1495 3564 lsai
1520 3507 1830 3573 Davidum,
1856 3507 2040 3563 virum

2155 3509 2219 3565 τὸ
2251 3508 2562 3585 εἰρημένονο
2597 3532 2625 3560 ιι
2670 3508 2840 3582 Εὗρον
2873 3509 2963 3565 τὸν
3011 3514 3109 3565 τοῦ
3164 3509 3355 3565 Ἰεσσαῖ
3418 3504 3585 3566 Δαϐὶδ
3635 3508 3807 3585 ἄνδρα

399 3619 469 3658 ex
499 3601 681 3658 animi
712 3601 829 3657 mei
859 3599 1154 3657 sententia
1182 3614 1195 3653 :
1225 3598 1276 3654 is
1313 3598 1681 3654 voluntatem
1740 3613 1935 3653 meam
1989 3597 2051 3652 in

2155 3598 2415 3668 κατᾶτὴν
2444 3593 2668 3675 καρδίαν
2698 3617 2826 3671 μου,
2885 3598 2945 3660 ὃς
2998 3599 3218 3669 ποιήσει
3283 3598 3459 3655 πάντα
3511 3598 3577 3654 τὰ
3643 3597 3807 3671 θελή-

399 3691 676 3748 omnibus
736 3695 1106 3763 exsequetur.
1144 3711 1173 3740 »ι
1248 3687 1431 3744 Aﬂ‘uit
1487 3704 1622 3761 ergo
1672 3686 2049 3759 omnipbtens

2161 3684 2305 3761 ματά
2335 3707 2462 3760 μου.
2492 3710 2521 3739 ››
2563 3688 2663 3744 Καί
2724 3685 3014 3763 ἐπορεύετο
3081 3683 3249 3744 Δαϐἰδ
3298 3687 3670 3765 πορευόμενος
3713 3687 3807 3744 καὶ

400 3776 642 3848 Davido,
676 3780 845 3852 isque
876 3779 1055 3835 rebus
1086 3777 1365 3835 secundis
1423 3782 1632 3833 auctus
1690 3782 1800 3832 est.
1836 3775 2053 3832 Habuit

2162 3772 2624 3853 μεγαλυνόμενος,
2655 3776 2747 3831 καὶ
2782 3775 2974 3852 Κύριος
3003 3778 3390 3853 παντοκράτωρ
3443 3778 3558 3851 μετ’
3614 3777 3804 3837 αὐτοῦ.

397 3876 671 3943 potentes
702 3870 857 3925 viros
889 3869 1130 3941 triginta
1181 3872 1429 3940 septem,
1461 3883 1715 3938 quorum
1764 3866 2050 3924 minimus

2161 3866 2301 3945 Εἶχε
2340 3862 2397 3920 δὲ
2451 3864 2544 3921 καὶ
2585 3862 2844 3930 δυνατοὺς
2907 3861 3097 3939 ἄνδρες
3147 3865 3572 3941 τριακονταεπτά
3617 3866 3803 3921 τοιού-

397 3966 636 4016 centum
676 3959 835 4028 viris,
868 3958 1163 4015 maximus
1213 3956 1376 4013 mille
1406 3955 1547 4012 viris
1580 3960 2048 4027 compararetur.

2155 3976 2286 4018 τους
2338 3953 2479 4012 ὥστε
2548 3955 2640 4010 τὸν
2702 3956 2896 4031 μικρὸν
2952 3956 3130 4012 αὐτῶν
3183 3962 3360 4013 ποιεῖν
3408 3957 3545 4034 πρὸς
3594 3957 3805 4027 ἑκατὸν,

399 4052 479 4104 Ex
508 4050 602 4105 his
626 4049 740 4104 fuit
771 4048 1091 4116 Sebocbas,
1124 4047 1226 4119 qui
1259 4046 1520 4117 Sephum
1580 4045 1800 4116 Raptim
1858 4044 2048 4100 ﬁlium

2155 4046 2246 4102 τὸν
2281 4042 2337 4100 δὲ
2370 4044 2537 4122 μέγαν
2569 4045 2706 4121 πρὸς
2737 4043 2982 4120 χιλίους.
3016 4046 3103 4120 Ἐξ
3162 4047 3238 4101 ὧν
3288 4046 3400 4102 ἐστὶ
3465 4049 3534 4102 τά
3562 4046 3808 4121 ὀνόματα

396 4139 691 4211 percussit
721 4138 791 4194 de
824 4136 1157 4209 gigantibus
1186 4140 1540 4208 prognatum
1567 4150 1580 4201 ;
1613 4134 1885 4203 Eleanas,
1946 4133 2046 4205 qui

2155 4137 2341 4190 ταῦτα’
2373 4128 2613 4211 Σεϐοχᾶο
2658 4133 2815 4198 οὗτος
2847 4132 3073 4206 ἐπάταξε
3100 4136 3192 4193 τὸν
3223 4137 3331 4217 Σὶφ
3358 4137 3452 4193 τὸν
3490 4140 3587 4191 τοῦ
3612 4141 3803 4217 Ῥαφᾶ,

398 4232 723 4285 Οἱιριιωυηι
754 4231 943 4283 virum
969 4227 1279 4282 robustum
1327 4225 1554 4292 stravit,
1605 4225 1776 4297 cujus
1834 4223 2048 4280 hastile

2158 4224 2427 4298 ἀπόγονον
2486 4229 2593 4279 τῶν
2681 4226 2969 4301 γιγάντων.
3050 4223 3325 4283 Ἐλεανῖιν.
3387 4224 3545 4289 οὗτος
3593 4226 3803 4283 ἀνεῖλεν

401 4324 529 4373 erat
555 4316 832 4372 liciatorii
856 4316 1009 4371 152
1034 4316 1280 4370 textoris
1311 4313 1540 4385 mquale
1569 4330 1583 4380 ;
1611 4313 1909 4377 Jonathas,
1947 4311 2047 4385 qui

2158 4309 2291 4367 ἄνδα
2322 4308 2544 4368 δυνατὸν
2578 4314 2861 4381 Χετταῖον,
2912 4313 2980 4369 οῦ
3005 4315 3071 4385 ἦν
3103 4315 3167 4371 τὸ
3220 4314 3383 4386 ξύλον
3433 4320 3532 4372 τοῦ
3573 4313 3806 4391 δόρατος

399 4407 590 4461 virum
613 4406 837 4478 ingenti
853 4404 1063 4461 robore
1083 4421 1150 4461 ac
1167 4404 1324 4460 mole
1347 4402 1614 4475 corporis
1637 4403 1874 4474 dejecit,
1890 4402 2049 4458 senis

2157 4401 2232 4464 ὡς
2298 4400 2476 4456 ἀντίον
2547 4401 2901 4480 ὑφαινὸντων,
2961 4402 3236 4462 Ἰωνάθαν“
3307 4402 3463 4467 οὗτος
3522 4403 3804 4485 ἐφόνευσεν

397 4494 616 4567 pedum
642 4510 709 4549 ac
741 4509 1024 4548 manuum
1057 4493 1256 4566 digitis
1278 4491 1632 4565 praeditum;
1665 4491 1924 4561 Adinon,
1948 4492 2049 4563 qui

2158 4486 2325 4566 ἄνδρα
2355 4487 2578 4547 δυνατὸν
2620 4492 2710 4547 καὶ
2738 4494 3088 4569 παμμεγέθη.
3119 4490 3318 4572 ἔχοντα
3360 4492 3414 4550 ἐν
3471 4500 3591 4560 ταῖς
3646 4494 3805 4572 χερσὶ

397 4600 517 4639 uno
574 4582 776 4656 prmlio
862 4581 1127 4655 gladium
1206 4588 1413 4638 contra
1471 4581 1839 4654 octingentos
1894 4582 2048 4637 viros

2156 4577 2406 4643 καὶτοῖς
2460 4582 2623 4637 ποσὶν
2682 4581 2782 4637 ἀνᾶ
2831 4581 3132 4646 δακτύλους
3330 4580 3578 4640 ’Δδίνων’
3643 4582 3808 4648 οὗτος

400 4672 638 4729 strinxit
665 4690 679 4739 ;
710 4671 1047 4738 Jesebadas,
1074 4671 1177 4744 qui
1206 4688 1326 4727 una
1357 4687 1554 4745 pugna
1584 4676 1882 4726 trecentos
1914 4687 2052 4727 sau-

2161 4666 2430 4726 ἐσπάσατο
2458 4671 2558 4741 τὴν
2601 4669 2872 4750 ῥομφαίαν
2923 4672 3088 4728 αὐτοῦ
3147 4670 3236 4728 ἐπί
3275 4671 3609 4729 ὀκτακοσίων
3641 4692 3807 4748 στρα-

399 4762 593 4831 ciavit,
612 4763 798 4818 Maras
826 4760 927 4833 qui
952 4760 1224 4817 barbaris
1257 4759 1623 4825 irruentibus
1659 4759 1899 4833 agrique
1924 4775 2052 4832 por-

2162 4763 2373 4816 τιωτῶν
2407 4759 2483 4823 εἷς
2519 4760 2647 4834 μίαν
2679 4756 3065 4837 παρεμϐολήν.
3098 4757 3391 4820 Ἰεσεϐαδᾶ·
3425 4763 3584 4826 οὗτος
3637 4762 3809 4818 ἰσπά-

398 4854 625 4910 tionem
656 4852 816 4907 lente
850 4850 1141 4906 consitam
1187 4848 1443 4921 diripere
1502 4848 1883 4919 conantibus,
1917 4865 2051 4904 cum

2164 4870 2292 4905 σατο
2321 4852 2420 4921 τήν
2456 4850 2730 4927 μάχαιραν
2790 4851 2957 4907 αὐτοῦ
2987 4851 3041 4907 ἐν
3067 4857 3242 4928 καιρῷ
3307 4850 3382 4907 ἐνὶ
3438 4850 3525 4908 ἐπὶ
3566 4873 3810 4927 τραυμα-

398 4944 625 5016 fugeret
656 4938 932 5014 populus,
966 4938 1128 4995 solus
1159 4939 1285 5011 ipse
1341 4937 1605 4993 substitit
1661 4938 2051 5010 Barbarisque

2157 4943 2291 4996 τιῶν
2322 4940 2669 5015 τριακοσίων.
2704 4941 2884 5015 Μαραο
2935 4941 3097 5004 οὗτος
3122 4945 3226 4998 τῶῖ
3270 4938 3604 5023 ἀλλοφύλων
3646 4936 3808 4997 ἔπελ·

400 5031 461 5085 in
516 5030 715 5105 fugam
769 5030 916 5086 actis
966 5044 1174 5103 agrum
1233 5027 1535 5096 defendit;
1586 5026 1916 5095 Eleazarus,
1949 5027 2050 5099 qui

2160 5025 2363 5081 θόντων
2429 5025 2519 5081 καὶ
2582 5023 2934 5102 βουλομένων
3005 5027 3239 5104 ἁρπάσαι
3291 5029 3392 5098 τὴν
3452 5024 3648 5104 μερίδα
3709 5031 3808 5083 τοῦ

400 5134 591 5174 messe
606 5119 813 5175 bordei
832 5118 1002 5174 initia
1014 5134 1149 5174 cum
1178 5116 1569 5173 Barbarorum
1590 5116 1848 5173 adventu
1863 5132 2050 5188 popu-

2160 5112 2330 5189 ἅγροῦ
2377 5115 2566 5187 πλήση
2613 5115 2775 5171 οὖσαν
2820 5123 3020 5197 φακῆς,
3059 5117 3276 5174 καὶτοῦ
3331 5115 3469 5174 λαοῦ
3521 5118 3807 5194 φυγόντος,

396 5204 492 5259 lus
521 5206 786 5278 fugisset,
810 5209 1022 5265 unicus
1041 5207 1302 5263 substitit
1323 5211 1381 5262 et
1402 5206 1691 5262 hordeum
1716 5210 1942 5262 tutatus
1960 5210 2049 5261 est

2160 5203 2327 5277 μόνος
2359 5199 2511 5275 ἔστη,
2541 5205 2633 5260 καὶ
2660 5202 2788 5268 τοὺς
2817 5206 2912 5280 μὶν
2960 5204 3320 5281 ἀλλοφύλους
3377 5203 3586 5278 ἐδίωξε,
3615 5207 3715 5278 τὴν
3749 5203 3809 5264 δὶ

396 5292 725 5363 proﬂigatis
746 5296 1039 5359 Barbaris.
1065 5314 1318 5369 quorum
1338 5301 1565 5352 tantam
1582 5294 1769 5351 edidit
1789 5299 2045 5368 stragem

2159 5289 2359 5368 μερίδα
2388 5294 2485 5347 τοῦ
2536 5292 2709 5368 ἀγροῦ
2766 5292 3046 5371 ἐφύλαξεν.
3100 5293 3387 5372 Ἐλεάζαρ·
3444 5294 3603 5360 οὗτος
3659 5296 3812 5371 μερί-

396 5384 463 5435 ut
492 5396 701 5436 manus
725 5384 853 5454 ejus
877 5384 1192 5458 defatigata
1221 5385 1414 5459 gladio
1465 5384 1801 5452 adhmserit,
1846 5401 2044 5442 rever-

2156 5376 2247 5443 δος
2279 5376 2447 5452 οὔσης
2476 5386 2704 5457 κριθῶν,
2749 5382 2839 5437 καὶ
2879 5383 2986 5439 τῶν
3047 5382 3376 5464 ἀλκοφύλων
3436 5382 3809 5458 ἐπελθόντων,

399 5486 618 5542 susque
657 5477 743 5526 est
785 5473 1037 5544 populus
1067 5474 1140 5530 ad
1190 5474 1439 5547 legenda
1487 5474 1711 5547 spolia;
1768 5475 2042 5545 Banaias,

2155 5471 2377 5527 καὶτοῦ
2407 5469 2545 5528 λαοῦ
2595 5472 2889 5550 φυγόντος,
2950 5473 3112 5548 μόνος
3162 5474 3476 5548 ἐστηλώθη,
3529 5477 3621 5533 καί
3678 5474 3808 5539 τοὺς

401 5560 572 5632 cujus
602 5558 787 5615 multa
809 5560 1344 5621 fueruntfacinora.
1394 5564 1575 5621 Filios
1623 5563 1838 5621 Arielis
1888 5566 2040 5622 Moa-

2164 5561 2264 5634 μὶν
2323 5559 2683 5642 ἀλλοφύλους
2763 5559 2972 5640 ἔτρεψε,
3038 5567 3138 5637 τήν
3190 5563 3249 5622 δὲ
3304 5568 3499 5642 κριθὴν
3557 5563 3805 5625 διίσωσε·

471 5676 571 5734 ⁸⁸1
604 5678 738 5749 Reg.
767 5694 915 5747 xxiv,
944 5680 1028 5732 16.
