  <div class='ocr_page' id='page_1' title='image "/cluster/home/n/w/nwhite01/storage/ocr_20150623/121/hvd.32044073502478/098.png"; bbox 0 0 4186 6190; ppageno 0'>
   <div class='ocr_carea' id='block_1_1' title="bbox 287 367 398 432">
    <p class='ocr_par' dir='ltr' id='par_1_1' title="bbox 287 367 398 432">
     <span class='ocr_line' id='line_1_1' title="bbox 287 367 398 432; baseline 0.027 -3"><span class='ocrx_word' id='word_1_1' title='bbox 287 367 398 432; x_wconf 70' lang='grc'><strong>185</strong></span> 
     </span>
    </p>
   </div>
   <div class='ocr_carea' id='block_1_2' title="bbox 1430 370 2553 439">
    <p class='ocr_par' dir='ltr' id='par_1_2' title="bbox 1430 370 2553 439">
     <span class='ocr_line' id='line_1_2' title="bbox 1430 370 2553 439; baseline -0.002 0"><span class='ocrx_word' id='word_1_2' title='bbox 1430 370 1971 439; x_wconf 74' lang='lat' dir='ltr'><strong>HISTORIABUM</strong></span> <span class='ocrx_word' id='word_1_3' title='bbox 2019 370 2553 437; x_wconf 72' lang='lat' dir='ltr'><strong>COMPENDIUM</strong></span> 
     </span>
    </p>
   </div>
   <div class='ocr_carea' id='block_1_3' title="bbox 3582 386 3706 448">
    <p class='ocr_par' dir='ltr' id='par_1_3' title="bbox 3582 386 3706 448">
     <span class='ocr_line' id='line_1_3' title="bbox 3582 386 3706 448; baseline 0.024 -3"><span class='ocrx_word' id='word_1_4' title='bbox 3582 386 3706 448; x_wconf 75' lang='grc'><strong>186</strong></span> 
     </span>
    </p>
   </div>
   <div class='ocr_carea' id='block_1_4' title="bbox 281 501 1936 591">
    <p class='ocr_par' dir='ltr' id='par_1_4' title="bbox 281 501 1936 590">
     <span class='ocr_line' id='line_1_4' title="bbox 281 501 1936 590; baseline 0.003 -31"><span class='ocrx_word' id='word_1_5' title='bbox 281 501 581 567; x_wconf 75' lang='grc' dir='ltr'><strong>τοσούτους</strong></span> <span class='ocrx_word' id='word_1_6' title='bbox 606 505 714 582; x_wconf 70' lang='grc' dir='ltr'><strong>γὰρ</strong></span> <span class='ocrx_word' id='word_1_7' title='bbox 742 502 996 578; x_wconf 72' lang='grc' dir='ltr'><strong>ἑπάταξεν</strong></span> <span class='ocrx_word' id='word_1_8' title='bbox 1051 505 1105 564; x_wconf 70' lang='grc' dir='ltr'><strong>ἐν</strong></span> <span class='ocrx_word' id='word_1_9' title='bbox 1164 512 1282 572; x_wconf 82' lang='grc' dir='ltr'><strong>τοῖς</strong></span> <span class='ocrx_word' id='word_1_10' title='bbox 1336 506 1717 590; x_wconf 76' lang='grc' dir='ltr'><strong>ἀλλοφύλοις,</strong></span> <span class='ocrx_word' id='word_1_11' title='bbox 1754 503 1859 570; x_wconf 68' lang='grc' dir='ltr'><strong>ἕως</strong></span> <span class='ocrx_word' id='word_1_12' title='bbox 1901 507 1936 577; x_wconf 79' lang='grc' dir='ltr'><strong>ἡ</strong></span> 
     </span>
    </p>
   </div>
   <div class='ocr_carea' id='block_1_5' title="bbox 2044 501 3706 591">
    <p class='ocr_par' dir='ltr' id='par_1_5' title="bbox 2052 506 3706 591">
     <span class='ocr_line' id='line_1_5' title="bbox 2052 506 3706 591; baseline 0.008 -26"><span class='ocrx_word' id='word_1_13' title='bbox 2052 506 2169 566; x_wconf 90' lang='lat' dir='ltr'><strong>bici</strong></span> <span class='ocrx_word' id='word_1_14' title='bbox 2201 508 2313 567; x_wconf 81' lang='lat' dir='ltr'><strong>iste</strong></span> <span class='ocrx_word' id='word_1_15' title='bbox 2342 511 2653 583; x_wconf 88' lang='lat' dir='ltr'><strong>percussit,</strong></span> <span class='ocrx_word' id='word_1_16' title='bbox 2669 517 2730 569; x_wconf 90' lang='lat' dir='ltr'><strong>et</strong></span> <span class='ocrx_word' id='word_1_17' title='bbox 2748 513 3002 587; x_wconf 85' lang='lat' dir='ltr'><strong>quadam</strong></span> <span class='ocrx_word' id='word_1_18' title='bbox 3038 515 3134 572; x_wconf 90' lang='lat' dir='ltr'><strong>die</strong></span> <span class='ocrx_word' id='word_1_19' title='bbox 3164 532 3299 574; x_wconf 90' lang='lat' dir='ltr'><strong>cum</strong></span> <span class='ocrx_word' id='word_1_20' title='bbox 3327 518 3431 576; x_wconf 82' lang='lat' dir='ltr'><strong>nix</strong></span> <span class='ocrx_word' id='word_1_21' title='bbox 3448 519 3706 591; x_wconf 89' lang='lat' dir='ltr'><strong>jaceret,</strong></span> 
     </span>
    </p>
   </div>
   <div class='ocr_carea' id='block_1_6' title="bbox 290 593 1946 674">
    <p class='ocr_par' dir='ltr' id='par_1_6' title="bbox 290 593 1946 674">
     <span class='ocr_line' id='line_1_6' title="bbox 290 593 1946 674; baseline 0.001 -24"><span class='ocrx_word' id='word_1_22' title='bbox 290 594 415 674; x_wconf 81' lang='grc' dir='ltr'><strong>χεὶρ</strong></span> <span class='ocrx_word' id='word_1_23' title='bbox 446 593 619 650; x_wconf 76' lang='grc' dir='ltr'><strong>αὑτοῦ</strong></span> <span class='ocrx_word' id='word_1_24' title='bbox 691 599 1000 653; x_wconf 76' lang='grc' dir='ltr'><strong>κοπιάσασα</strong></span> <span class='ocrx_word' id='word_1_25' title='bbox 1055 597 1487 673; x_wconf 75' lang='grc' dir='ltr'><strong>προσεκολλήθη</strong></span> <span class='ocrx_word' id='word_1_26' title='bbox 1547 601 1618 673; x_wconf 80' lang='grc' dir='ltr'><strong>τῇ</strong></span> <span class='ocrx_word' id='word_1_27' title='bbox 1679 597 1946 674; x_wconf 76' lang='grc' dir='ltr'><strong>μαχαίρᾳ,</strong></span> 
     </span>
    </p>
   </div>
   <div class='ocr_carea' id='block_1_7' title="bbox 282 683 1949 762">
    <p class='ocr_par' dir='ltr' id='par_1_7' title="bbox 282 683 1949 762">
     <span class='ocr_line' id='line_1_7' title="bbox 282 683 1949 762; baseline 0.003 -24"><span class='ocrx_word' id='word_1_28' title='bbox 282 683 375 738; x_wconf 76' lang='grc' dir='ltr'><strong>καὶ</strong></span> <span class='ocrx_word' id='word_1_29' title='bbox 405 685 434 740; x_wconf 88' lang='grc' dir='ltr'>ὁ</span> <span class='ocrx_word' id='word_1_30' title='bbox 467 683 605 748; x_wconf 78' lang='grc' dir='ltr'><strong>λαὸς</strong></span> <span class='ocrx_word' id='word_1_31' title='bbox 635 683 957 762; x_wconf 69' lang='grc' dir='ltr'><strong>ὖπὲστρεψεν</strong></span> <span class='ocrx_word' id='word_1_32' title='bbox 988 688 1169 744; x_wconf 80' lang='grc' dir='ltr'><strong>ὀπίσω</strong></span> <span class='ocrx_word' id='word_1_33' title='bbox 1201 688 1371 745; x_wconf 79' lang='grc' dir='ltr'><strong>αὐτοῦ</strong></span> <span class='ocrx_word' id='word_1_34' title='bbox 1420 687 1498 752; x_wconf 83' lang='grc' dir='ltr'><strong>είς</strong></span> <span class='ocrx_word' id='word_1_35' title='bbox 1547 688 1613 746; x_wconf 83' lang='grc' dir='ltr'><strong>τὸ</strong></span> <span class='ocrx_word' id='word_1_36' title='bbox 1643 685 1949 744; x_wconf 73' lang='grc' dir='ltr'><strong>σκυλεύειν.</strong></span> 
     </span>
    </p>
   </div>
   <div class='ocr_carea' id='block_1_8' title="bbox 286 771 1947 857">
    <p class='ocr_par' dir='ltr' id='par_1_8' title="bbox 286 771 1947 857">
     <span class='ocr_line' id='line_1_8' title="bbox 286 771 1947 857; baseline -0.004 -20"><span class='ocrx_word' id='word_1_37' title='bbox 286 771 525 836; x_wconf 72' lang='grc' dir='ltr'><strong>Παναίας</strong></span> <span class='ocrx_word' id='word_1_38' title='bbox 558 775 624 811; x_wconf 73' lang='grc' dir='ltr'><strong>¹⁶ο</strong></span> <span class='ocrx_word' id='word_1_39' title='bbox 681 775 844 839; x_wconf 82' lang='grc' dir='ltr'><strong>οὗτος</strong></span> <span class='ocrx_word' id='word_1_40' title='bbox 895 775 1087 834; x_wconf 75' lang='grc' dir='ltr'><strong>πολλὰ</strong></span> <span class='ocrx_word' id='word_1_41' title='bbox 1140 778 1236 851; x_wconf 75' lang='grc' dir='ltr'><strong>μὶν</strong></span> <span class='ocrx_word' id='word_1_42' title='bbox 1283 776 1540 849; x_wconf 78' lang='grc' dir='ltr'><strong>ἐποίησεν</strong></span> <span class='ocrx_word' id='word_1_43' title='bbox 1590 775 1745 857; x_wconf 63' lang='grc' dir='ltr'><strong>ἔργα,</strong></span> <span class='ocrx_word' id='word_1_44' title='bbox 1806 774 1947 832; x_wconf 73' lang='grc' dir='ltr'><strong>ἑπά-</strong></span> 
     </span>
    </p>
   </div>
   <div class='ocr_carea' id='block_1_9' title="bbox 286 858 1948 941">
    <p class='ocr_par' dir='ltr' id='par_1_9' title="bbox 286 858 1948 941">
     <span class='ocr_line' id='line_1_9' title="bbox 286 858 1948 941; baseline 0.001 -24"><span class='ocrx_word' id='word_1_45' title='bbox 286 862 410 932; x_wconf 77' lang='grc' dir='ltr'><strong>ταξε</strong></span> <span class='ocrx_word' id='word_1_46' title='bbox 438 858 498 918; x_wconf 62' lang='grc' dir='ltr'><strong>δὲ</strong></span> <span class='ocrx_word' id='word_1_47' title='bbox 524 864 775 927; x_wconf 77' lang='grc' dir='ltr'><strong>καὶτοὺς</strong></span> <span class='ocrx_word' id='word_1_48' title='bbox 832 866 984 930; x_wconf 73' lang='grc' dir='ltr'><strong>υἱοὺς</strong></span> <span class='ocrx_word' id='word_1_49' title='bbox 1045 867 1243 941; x_wconf 79' lang='grc' dir='ltr'><strong>Ἀριὴλ</strong></span> <span class='ocrx_word' id='word_1_50' title='bbox 1291 870 1389 924; x_wconf 81' lang='grc' dir='ltr'><strong>τού</strong></span> <span class='ocrx_word' id='word_1_51' title='bbox 1446 867 1644 937; x_wconf 73' lang='grc' dir='ltr'><strong>Μιοὲό,</strong></span> <span class='ocrx_word' id='word_1_52' title='bbox 1709 866 1800 923; x_wconf 77' lang='grc' dir='ltr'><strong>καὶ</strong></span> <span class='ocrx_word' id='word_1_53' title='bbox 1854 885 1948 921; x_wconf 75' lang='grc' dir='ltr'><strong>κα.</strong></span> 
     </span>
    </p>
   </div>
   <div class='ocr_carea' id='block_1_10' title="bbox 282 946 1944 1035">
    <p class='ocr_par' dir='ltr' id='par_1_10' title="bbox 282 946 1944 1035">
     <span class='ocr_line' id='line_1_10' title="bbox 282 946 1944 1035; baseline 0.005 -29"><span class='ocrx_word' id='word_1_54' title='bbox 282 946 455 1016; x_wconf 77' lang='grc' dir='ltr'><strong>ταόἆς</strong></span> <span class='ocrx_word' id='word_1_55' title='bbox 478 949 533 1007; x_wconf 72' lang='grc' dir='ltr'><strong>ἐν</strong></span> <span class='ocrx_word' id='word_1_56' title='bbox 563 952 803 1028; x_wconf 73' lang='grc' dir='ltr'><strong>ἡμέραις</strong></span> <span class='ocrx_word' id='word_1_57' title='bbox 828 956 1022 1031; x_wconf 86' lang='grc' dir='ltr'><strong>χιόνος</strong></span> <span class='ocrx_word' id='word_1_58' title='bbox 1052 956 1130 1020; x_wconf 92' lang='grc' dir='ltr'><strong>εἰς</strong></span> <span class='ocrx_word' id='word_1_59' title='bbox 1188 955 1391 1014; x_wconf 79' lang='grc' dir='ltr'><strong>λάκκον</strong></span> <span class='ocrx_word' id='word_1_60' title='bbox 1448 955 1699 1035; x_wconf 56' lang='grc' dir='ltr'><strong>ἐφόνευσε</strong></span> <span class='ocrx_word' id='word_1_61' title='bbox 1728 955 1944 1014; x_wconf 75' lang='grc' dir='ltr'><strong>λέοντα.</strong></span> 
     </span>
    </p>
   </div>
   <div class='ocr_carea' id='block_1_11' title="bbox 286 1039 1948 1126">
    <p class='ocr_par' dir='ltr' id='par_1_11' title="bbox 286 1039 1948 1126">
     <span class='ocr_line' id='line_1_11' title="bbox 286 1039 1948 1126; baseline 0.001 -28"><span class='ocrx_word' id='word_1_62' title='bbox 286 1039 497 1098; x_wconf 82' lang='grc' dir='ltr'><strong>Ἀνεῖλε</strong></span> <span class='ocrx_word' id='word_1_63' title='bbox 524 1039 585 1097; x_wconf 78' lang='grc' dir='ltr'><strong>δὶ</strong></span> <span class='ocrx_word' id='word_1_64' title='bbox 610 1044 704 1098; x_wconf 76' lang='grc' dir='ltr'><strong>καὶ</strong></span> <span class='ocrx_word' id='word_1_65' title='bbox 761 1041 928 1121; x_wconf 76' lang='grc' dir='ltr'><strong>ἄνδρα</strong></span> <span class='ocrx_word' id='word_1_66' title='bbox 989 1044 1290 1124; x_wconf 74' lang='grc' dir='ltr'><strong>Αἲγύπτιον</strong></span> <span class='ocrx_word' id='word_1_67' title='bbox 1345 1046 1694 1122; x_wconf 69' lang='grc' dir='ltr'><strong>ἕπτάπηχυν,</strong></span> <span class='ocrx_word' id='word_1_68' title='bbox 1744 1040 1948 1126; x_wconf 70' lang='grc' dir='ltr'><strong>ἔχοντα</strong></span> 
     </span>
    </p>
   </div>
   <div class='ocr_carea' id='block_1_12' title="bbox 284 1127 1949 1213">
    <p class='ocr_par' dir='ltr' id='par_1_12' title="bbox 284 1127 1949 1213">
     <span class='ocr_line' id='line_1_12' title="bbox 284 1127 1949 1213; baseline 0.002 -28"><span class='ocrx_word' id='word_1_69' title='bbox 284 1129 447 1204; x_wconf 74' lang='grc' dir='ltr'><strong>ξύλον</strong></span> <span class='ocrx_word' id='word_1_70' title='bbox 473 1127 773 1208; x_wconf 74' lang='grc' dir='ltr'><strong>διαϐάθρας</strong></span> <span class='ocrx_word' id='word_1_71' title='bbox 828 1133 906 1197; x_wconf 79' lang='grc' dir='ltr'><strong>ὡς</strong></span> <span class='ocrx_word' id='word_1_72' title='bbox 960 1131 1112 1211; x_wconf 68' lang='grc' dir='ltr'><strong>δόρυο</strong></span> <span class='ocrx_word' id='word_1_73' title='bbox 1182 1135 1428 1213; x_wconf 86' lang='grc' dir='ltr'><strong>ἁρπάσας</strong></span> <span class='ocrx_word' id='word_1_74' title='bbox 1483 1136 1588 1211; x_wconf 76' lang='grc' dir='ltr'><strong>γάρ</strong></span> <span class='ocrx_word' id='word_1_75' title='bbox 1645 1134 1737 1191; x_wconf 80' lang='grc' dir='ltr'><strong>ἀπ’</strong></span> <span class='ocrx_word' id='word_1_76' title='bbox 1779 1135 1949 1191; x_wconf 80' lang='grc' dir='ltr'><strong>αύτοῦ</strong></span> 
     </span>
    </p>
   </div>
   <div class='ocr_carea' id='block_1_13' title="bbox 277 1217 1949 1295">
    <p class='ocr_par' dir='ltr' id='par_1_13' title="bbox 277 1217 1949 1295">
     <span class='ocr_line' id='line_1_13' title="bbox 277 1217 1949 1295; baseline 0.002 -20"><span class='ocrx_word' id='word_1_77' title='bbox 277 1219 344 1275; x_wconf 81' lang='grc' dir='ltr'><strong>τὸ</strong></span> <span class='ocrx_word' id='word_1_78' title='bbox 367 1220 532 1292; x_wconf 77' lang='grc' dir='ltr'><strong>ξύλον</strong></span> <span class='ocrx_word' id='word_1_79' title='bbox 562 1217 616 1278; x_wconf 79' lang='grc' dir='ltr'><strong>ἔν</strong></span> <span class='ocrx_word' id='word_1_80' title='bbox 647 1220 795 1295; x_wconf 81' lang='grc' dir='ltr'><strong>αύτῷ</strong></span> <span class='ocrx_word' id='word_1_81' title='bbox 825 1223 1133 1280; x_wconf 77' lang='grc' dir='ltr'><strong>ἀπέκτεινεν</strong></span> <span class='ocrx_word' id='word_1_82' title='bbox 1191 1224 1372 1282; x_wconf 82' lang='grc' dir='ltr'><strong>αύτόν.</strong></span> <span class='ocrx_word' id='word_1_83' title='bbox 1438 1220 1645 1283; x_wconf 76' lang='grc' dir='ltr'><strong>Ἀϐεσᾶ</strong></span> <span class='ocrx_word' id='word_1_84' title='bbox 1698 1225 1728 1281; x_wconf 88' lang='grc' dir='ltr'>ὁ</span> <span class='ocrx_word' id='word_1_85' title='bbox 1783 1221 1949 1280; x_wconf 79' lang='grc' dir='ltr'><strong>ἁδελ-</strong></span> 
     </span>
    </p>
   </div>
   <div class='ocr_carea' id='block_1_14' title="bbox 278 1305 1946 1391">
    <p class='ocr_par' dir='ltr' id='par_1_14' title="bbox 278 1305 1946 1391">
     <span class='ocr_line' id='line_1_14' title="bbox 278 1305 1946 1391; baseline 0.001 -25"><span class='ocrx_word' id='word_1_86' title='bbox 278 1310 384 1389; x_wconf 54' lang='grc' dir='ltr'><strong>οὸς</strong></span> <span class='ocrx_word' id='word_1_87' title='bbox 439 1305 622 1368; x_wconf 72' lang='grc' dir='ltr'><strong>Ἰωάε·</strong></span> <span class='ocrx_word' id='word_1_88' title='bbox 682 1309 844 1375; x_wconf 73' lang='grc' dir='ltr'><strong>οὗτος</strong></span> <span class='ocrx_word' id='word_1_89' title='bbox 896 1311 1155 1385; x_wconf 80' lang='grc' dir='ltr'><strong>ὶπάταξεν</strong></span> <span class='ocrx_word' id='word_1_90' title='bbox 1215 1312 1413 1391; x_wconf 69' lang='grc' dir='ltr'><strong>ἄνδρας</strong></span> <span class='ocrx_word' id='word_1_91' title='bbox 1469 1314 1785 1386; x_wconf 69' lang='grc' dir='ltr'><strong>ἑξακοσίους</strong></span> <span class='ocrx_word' id='word_1_92' title='bbox 1854 1312 1946 1369; x_wconf 79' lang='grc' dir='ltr'>καί</span> 
     </span>
    </p>
   </div>
   <div class='ocr_carea' id='block_1_15' title="bbox 276 1394 1941 1480">
    <p class='ocr_par' dir='ltr' id='par_1_15' title="bbox 276 1394 1941 1480">
     <span class='ocr_line' id='line_1_15' title="bbox 276 1394 1941 1480; baseline 0.004 -28"><span class='ocrx_word' id='word_1_93' title='bbox 276 1398 374 1453; x_wconf 75' lang='grc' dir='ltr'><strong>τὸν</strong></span> <span class='ocrx_word' id='word_1_94' title='bbox 431 1394 634 1457; x_wconf 73' lang='grc' dir='ltr'><strong>Ἰεσόἁν</strong></span> <span class='ocrx_word' id='word_1_95' title='bbox 679 1400 907 1458; x_wconf 75' lang='grc' dir='ltr'><strong>θέλοντα</strong></span> <span class='ocrx_word' id='word_1_96' title='bbox 956 1407 1212 1480; x_wconf 73' lang='grc' dir='ltr'><strong>φονεῦσαι</strong></span> <span class='ocrx_word' id='word_1_97' title='bbox 1266 1405 1359 1459; x_wconf 82' lang='grc' dir='ltr'><strong>τὸν</strong></span> <span class='ocrx_word' id='word_1_98' title='bbox 1423 1398 1588 1460; x_wconf 76' lang='grc' dir='ltr'><strong>Δαϐἰδ</strong></span> <span class='ocrx_word' id='word_1_99' title='bbox 1648 1403 1737 1479; x_wconf 82' lang='grc' dir='ltr'><strong>(ἦν</strong></span> <span class='ocrx_word' id='word_1_100' title='bbox 1799 1400 1858 1459; x_wconf 70' lang='grc' dir='ltr'><strong>δὲ</strong></span> <span class='ocrx_word' id='word_1_101' title='bbox 1912 1402 1941 1458; x_wconf 82' lang='grc' dir='ltr'><strong>ὁ</strong></span> 
     </span>
    </p>
   </div>
   <div class='ocr_carea' id='block_1_16' title="bbox 278 1483 1942 1570">
    <p class='ocr_par' dir='ltr' id='par_1_16' title="bbox 278 1483 1942 1570">
     <span class='ocr_line' id='line_1_16' title="bbox 278 1483 1942 1570; baseline 0.002 -26"><span class='ocrx_word' id='word_1_102' title='bbox 278 1483 488 1544; x_wconf 77' lang='grc' dir='ltr'><strong>Ἰεσὸἆν</strong></span> <span class='ocrx_word' id='word_1_103' title='bbox 519 1487 738 1564; x_wconf 78' lang='grc' dir='ltr'><strong>ἔκγονος</strong></span> <span class='ocrx_word' id='word_1_104' title='bbox 795 1491 895 1548; x_wconf 81' lang='grc' dir='ltr'><strong>τού</strong></span> <span class='ocrx_word' id='word_1_105' title='bbox 951 1492 1200 1570; x_wconf 76' lang='grc' dir='ltr'><strong>Ῥαιρᾶν),</strong></span> <span class='ocrx_word' id='word_1_106' title='bbox 1255 1490 1387 1569; x_wconf 69' lang='grc' dir='ltr'><strong>δόρυ</strong></span> <span class='ocrx_word' id='word_1_107' title='bbox 1445 1492 1644 1570; x_wconf 78' lang='grc' dir='ltr'><strong>ἔχοντα</strong></span> <span class='ocrx_word' id='word_1_108' title='bbox 1696 1496 1942 1567; x_wconf 86' lang='grc' dir='ltr'><strong>σταθμοῦ</strong></span> 
     </span>
    </p>
   </div>
   <div class='ocr_carea' id='block_1_17' title="bbox 280 1575 1938 1659">
    <p class='ocr_par' dir='ltr' id='par_1_17' title="bbox 280 1575 1938 1659">
     <span class='ocr_line' id='line_1_17' title="bbox 280 1575 1938 1659; baseline 0.004 -28"><span class='ocrx_word' id='word_1_109' title='bbox 280 1575 493 1633; x_wconf 77' lang='grc' dir='ltr'><strong>σίκλων</strong></span> <span class='ocrx_word' id='word_1_110' title='bbox 550 1580 905 1654; x_wconf 79' lang='grc' dir='ltr'><strong>τριακοσίων.</strong></span> <span class='ocrx_word' id='word_1_111' title='bbox 963 1581 1151 1638; x_wconf 75' lang='grc' dir='ltr'><strong>Ἢνίκα</strong></span> <span class='ocrx_word' id='word_1_112' title='bbox 1202 1579 1260 1638; x_wconf 79' lang='grc' dir='ltr'><strong>δὶ</strong></span> <span class='ocrx_word' id='word_1_113' title='bbox 1329 1577 1546 1659; x_wconf 68' lang='grc' dir='ltr'><strong>ἔτρεχεν</strong></span> <span class='ocrx_word' id='word_1_114' title='bbox 1605 1583 1634 1639; x_wconf 86' lang='grc' dir='ltr'>ὁ</span> <span class='ocrx_word' id='word_1_115' title='bbox 1718 1577 1938 1649; x_wconf 77' lang='grc' dir='ltr'><strong>’Δϐεσᾶ,</strong></span> 
     </span>
    </p>
   </div>
   <div class='ocr_carea' id='block_1_18' title="bbox 278 1664 1939 1747">
    <p class='ocr_par' dir='ltr' id='par_1_18' title="bbox 278 1664 1939 1747">
     <span class='ocr_line' id='line_1_18' title="bbox 278 1664 1939 1747; baseline 0.003 -27"><span class='ocrx_word' id='word_1_116' title='bbox 278 1668 348 1734; x_wconf 71' lang='grc' dir='ltr'><strong>ἦν</strong></span> <span class='ocrx_word' id='word_1_117' title='bbox 380 1668 458 1726; x_wconf 80' lang='grc' dir='ltr'><strong>ὡς</strong></span> <span class='ocrx_word' id='word_1_118' title='bbox 491 1664 689 1742; x_wconf 77' lang='grc' dir='ltr'><strong>δορκας</strong></span> <span class='ocrx_word' id='word_1_119' title='bbox 727 1666 781 1723; x_wconf 77' lang='grc' dir='ltr'><strong>ἐν</strong></span> <span class='ocrx_word' id='word_1_120' title='bbox 837 1673 956 1733; x_wconf 75' lang='grc' dir='ltr'><strong>τοῖς</strong></span> <span class='ocrx_word' id='word_1_121' title='bbox 1004 1668 1175 1744; x_wconf 81' lang='grc' dir='ltr'><strong>ὂρεσι.</strong></span> <span class='ocrx_word' id='word_1_122' title='bbox 1234 1674 1393 1747; x_wconf 81' lang='grc' dir='ltr'><strong>Τρεῖς</strong></span> <span class='ocrx_word' id='word_1_123' title='bbox 1451 1668 1509 1727; x_wconf 74' lang='grc' dir='ltr'><strong>δὲ</strong></span> <span class='ocrx_word' id='word_1_124' title='bbox 1538 1669 1646 1727; x_wconf 81' lang='grc' dir='ltr'><strong>ἀπὸ</strong></span> <span class='ocrx_word' id='word_1_125' title='bbox 1673 1675 1781 1727; x_wconf 81' lang='grc' dir='ltr'><strong>τῶν</strong></span> <span class='ocrx_word' id='word_1_126' title='bbox 1815 1668 1939 1727; x_wconf 85' lang='grc' dir='ltr'><strong>λοι-</strong></span> 
     </span>
    </p>
   </div>
   <div class='ocr_carea' id='block_1_19' title="bbox 275 1752 1940 1841">
    <p class='ocr_par' dir='ltr' id='par_1_19' title="bbox 275 1752 1940 1841">
     <span class='ocr_line' id='line_1_19' title="bbox 275 1752 1940 1841; baseline 0.002 -29"><span class='ocrx_word' id='word_1_127' title='bbox 275 1759 401 1812; x_wconf 76' lang='grc' dir='ltr'><strong>πῶν</strong></span> <span class='ocrx_word' id='word_1_128' title='bbox 431 1752 673 1828; x_wconf 72' lang='grc' dir='ltr'><strong>δυνατοὶ,</strong></span> <span class='ocrx_word' id='word_1_129' title='bbox 703 1755 1231 1833; x_wconf 81' lang='grc' dir='ltr'><strong>περικυκλωσάντων</strong></span> <span class='ocrx_word' id='word_1_130' title='bbox 1264 1760 1398 1815; x_wconf 69' lang='grc' dir='ltr'><strong>ποτε</strong></span> <span class='ocrx_word' id='word_1_131' title='bbox 1454 1764 1564 1816; x_wconf 80' lang='grc' dir='ltr'><strong>τῶν</strong></span> <span class='ocrx_word' id='word_1_132' title='bbox 1595 1757 1940 1841; x_wconf 57' lang='grc' dir='ltr'><strong>ἄλλοούλων</strong></span> 
     </span>
    </p>
   </div>
   <div class='ocr_carea' id='block_1_20' title="bbox 275 1841 1938 1920">
    <p class='ocr_par' dir='ltr' id='par_1_20' title="bbox 275 1841 1938 1920">
     <span class='ocr_line' id='line_1_20' title="bbox 275 1841 1938 1920; baseline 0.004 -23"><span class='ocrx_word' id='word_1_133' title='bbox 275 1844 379 1914; x_wconf 75' lang='grc' dir='ltr'><strong>τήν</strong></span> <span class='ocrx_word' id='word_1_134' title='bbox 400 1841 660 1919; x_wconf 69' lang='grc' dir='ltr'><strong>Βηθλεὲμ</strong></span> <span class='ocrx_word' id='word_1_135' title='bbox 685 1848 779 1901; x_wconf 74' lang='grc' dir='ltr'><strong>καί</strong></span> <span class='ocrx_word' id='word_1_136' title='bbox 835 1850 933 1902; x_wconf 77' lang='grc' dir='ltr'><strong>τοῦ</strong></span> <span class='ocrx_word' id='word_1_137' title='bbox 982 1841 1152 1903; x_wconf 78' lang='grc' dir='ltr'><strong>Δαϐἱδ</strong></span> <span class='ocrx_word' id='word_1_138' title='bbox 1195 1845 1632 1920; x_wconf 75' lang='grc' dir='ltr'><strong>ἐπιθυμήσαντος</strong></span> <span class='ocrx_word' id='word_1_139' title='bbox 1678 1852 1822 1904; x_wconf 86' lang='grc' dir='ltr'><strong>πιεῖν</strong></span> <span class='ocrx_word' id='word_1_140' title='bbox 1877 1844 1938 1903; x_wconf 69' lang='grc' dir='ltr'><strong>ἐκ</strong></span> 
     </span>
    </p>
   </div>
   <div class='ocr_carea' id='block_1_21' title="bbox 273 1933 1938 2017">
    <p class='ocr_par' dir='ltr' id='par_1_21' title="bbox 273 1933 1938 2017">
     <span class='ocr_line' id='line_1_21' title="bbox 273 1933 1938 2017; baseline 0.001 -25"><span class='ocrx_word' id='word_1_141' title='bbox 273 1939 375 1992; x_wconf 73' lang='grc' dir='ltr'><strong>τοῦ</strong></span> <span class='ocrx_word' id='word_1_142' title='bbox 404 1934 456 1991; x_wconf 69' lang='grc' dir='ltr'><strong>ἦν</strong></span> <span class='ocrx_word' id='word_1_143' title='bbox 493 1934 749 2010; x_wconf 72' lang='grc' dir='ltr'><strong>Βηθλεὲμ</strong></span> <span class='ocrx_word' id='word_1_144' title='bbox 775 1933 1028 2017; x_wconf 71' lang='grc' dir='ltr'><strong>φρέατος,</strong></span> <span class='ocrx_word' id='word_1_145' title='bbox 1061 1935 1347 2013; x_wconf 69' lang='grc' dir='ltr'><strong>διὲῥρηξαν</strong></span> <span class='ocrx_word' id='word_1_146' title='bbox 1379 1938 1433 1994; x_wconf 74' lang='grc' dir='ltr'><strong>οἱ</strong></span> <span class='ocrx_word' id='word_1_147' title='bbox 1460 1942 1611 2014; x_wconf 80' lang='grc' dir='ltr'><strong>τρεῖς</strong></span> <span class='ocrx_word' id='word_1_148' title='bbox 1666 1939 1767 2008; x_wconf 73' lang='grc' dir='ltr'><strong>τὴν</strong></span> <span class='ocrx_word' id='word_1_149' title='bbox 1796 1957 1938 2014; x_wconf 82' lang='grc' dir='ltr'><strong>παρ-</strong></span> 
     </span>
    </p>
   </div>
   <div class='ocr_carea' id='block_1_22' title="bbox 273 2020 1938 2108">
    <p class='ocr_par' dir='ltr' id='par_1_22' title="bbox 273 2020 1938 2108">
     <span class='ocr_line' id='line_1_22' title="bbox 273 2020 1938 2108; baseline 0 -26"><span class='ocrx_word' id='word_1_150' title='bbox 273 2020 530 2100; x_wconf 74' lang='grc' dir='ltr'><strong>εμϐολὴν</strong></span> <span class='ocrx_word' id='word_1_151' title='bbox 561 2029 674 2082; x_wconf 80' lang='grc' dir='ltr'><strong>τῶν</strong></span> <span class='ocrx_word' id='word_1_152' title='bbox 711 2024 1049 2108; x_wconf 70' lang='grc' dir='ltr'><strong>ἆλλοιρύλων</strong></span> <span class='ocrx_word' id='word_1_153' title='bbox 1105 2029 1193 2103; x_wconf 83' lang='grc' dir='ltr'><strong>[Ρ.</strong></span> <span class='ocrx_word' id='word_1_154' title='bbox 1251 2030 1347 2103; x_wconf 88' lang='grc'><strong>87]</strong></span> <span class='ocrx_word' id='word_1_155' title='bbox 1393 2028 1487 2085; x_wconf 75' lang='grc' dir='ltr'><strong>καὶ</strong></span> <span class='ocrx_word' id='word_1_156' title='bbox 1543 2024 1780 2103; x_wconf 73' lang='grc' dir='ltr'><strong>ἤνεγκαν</strong></span> <span class='ocrx_word' id='word_1_157' title='bbox 1857 2031 1938 2100; x_wconf 82' lang='grc' dir='ltr'><strong>τῷ</strong></span> 
     </span>
    </p>
   </div>
   <div class='ocr_carea' id='block_1_23' title="bbox 273 2115 1935 2201">
    <p class='ocr_par' dir='ltr' id='par_1_23' title="bbox 273 2115 1935 2201">
     <span class='ocr_line' id='line_1_23' title="bbox 273 2115 1935 2201; baseline 0 -27"><span class='ocrx_word' id='word_1_158' title='bbox 273 2115 446 2175; x_wconf 75' lang='grc' dir='ltr'><strong>Δαϐιδ</strong></span> <span class='ocrx_word' id='word_1_159' title='bbox 500 2116 650 2196; x_wconf 75' lang='grc' dir='ltr'><strong>ὕδωρ</strong></span> <span class='ocrx_word' id='word_1_160' title='bbox 696 2119 805 2176; x_wconf 77' lang='grc' dir='ltr'><strong>ἀπὸ</strong></span> <span class='ocrx_word' id='word_1_161' title='bbox 854 2125 950 2176; x_wconf 78' lang='grc' dir='ltr'><strong>τοῦ</strong></span> <span class='ocrx_word' id='word_1_162' title='bbox 1007 2121 1258 2201; x_wconf 65' lang='grc' dir='ltr'><strong>φρέατος.</strong></span> <span class='ocrx_word' id='word_1_163' title='bbox 1309 2121 1371 2180; x_wconf 77' lang='lat'><strong>&#39;0</strong></span> <span class='ocrx_word' id='word_1_164' title='bbox 1403 2117 1462 2176; x_wconf 73' lang='grc' dir='ltr'><strong>δὲ</strong></span> <span class='ocrx_word' id='word_1_165' title='bbox 1501 2122 1783 2195; x_wconf 75' lang='grc' dir='ltr'><strong>θαυμάσας</strong></span> <span class='ocrx_word' id='word_1_166' title='bbox 1833 2121 1935 2190; x_wconf 81' lang='grc' dir='ltr'><strong>τήν</strong></span> 
     </span>
    </p>
   </div>
   <div class='ocr_carea' id='block_1_24' title="bbox 271 2207 1937 2288">
    <p class='ocr_par' dir='ltr' id='par_1_24' title="bbox 271 2207 1937 2288">
     <span class='ocr_line' id='line_1_24' title="bbox 271 2207 1937 2288; baseline -0.002 -21"><span class='ocrx_word' id='word_1_167' title='bbox 271 2207 497 2286; x_wconf 75' lang='grc' dir='ltr'><strong>ἀνδρίαν</strong></span> <span class='ocrx_word' id='word_1_168' title='bbox 524 2211 709 2266; x_wconf 77' lang='grc' dir='ltr'><strong>αὐτῶν</strong></span> <span class='ocrx_word' id='word_1_169' title='bbox 740 2210 842 2267; x_wconf 78' lang='grc' dir='ltr'><strong>ούκ</strong></span> <span class='ocrx_word' id='word_1_170' title='bbox 862 2208 979 2268; x_wconf 79' lang='grc' dir='ltr'><strong>ἔπιε</strong></span> <span class='ocrx_word' id='word_1_171' title='bbox 1006 2214 1068 2268; x_wconf 73' lang='grc' dir='ltr'><strong>τὸ</strong></span> <span class='ocrx_word' id='word_1_172' title='bbox 1125 2209 1297 2288; x_wconf 74' lang='grc' dir='ltr'><strong>ὕδωρ,</strong></span> <span class='ocrx_word' id='word_1_173' title='bbox 1345 2210 1476 2268; x_wconf 81' lang='grc' dir='ltr'><strong>ἀλλ’</strong></span> <span class='ocrx_word' id='word_1_174' title='bbox 1535 2209 1775 2267; x_wconf 81' lang='grc' dir='ltr'><strong>ἔσπεισεν</strong></span> <span class='ocrx_word' id='word_1_175' title='bbox 1802 2209 1937 2266; x_wconf 76' lang='grc' dir='ltr'><strong>αὐτὸ</strong></span> 
     </span>
    </p>
   </div>
   <div class='ocr_carea' id='block_1_25' title="bbox 271 2297 1936 2377">
    <p class='ocr_par' dir='ltr' id='par_1_25' title="bbox 271 2297 1936 2377">
     <span class='ocr_line' id='line_1_25' title="bbox 271 2297 1936 2377; baseline -0.001 -21"><span class='ocrx_word' id='word_1_176' title='bbox 271 2300 353 2371; x_wconf 75' lang='grc' dir='ltr'><strong>τῷ</strong></span> <span class='ocrx_word' id='word_1_177' title='bbox 388 2300 606 2375; x_wconf 79' lang='grc' dir='ltr'><strong>Κυρίῳ,</strong></span> <span class='ocrx_word' id='word_1_178' title='bbox 636 2297 836 2374; x_wconf 71' lang='grc' dir='ltr'><strong>λέγων·</strong></span> <span class='ocrx_word' id='word_1_179' title='bbox 878 2324 907 2353; x_wconf 78' lang='grc' dir='ltr'><strong>(ι</strong></span> <span class='ocrx_word' id='word_1_180' title='bbox 938 2299 1134 2363; x_wconf 81' lang='grc' dir='ltr'><strong>Ἵλεώς</strong></span> <span class='ocrx_word' id='word_1_181' title='bbox 1167 2322 1285 2375; x_wconf 84' lang='grc' dir='ltr'><strong>μοι,</strong></span> <span class='ocrx_word' id='word_1_182' title='bbox 1326 2300 1516 2377; x_wconf 83' lang='grc' dir='ltr'><strong>Κύριε,</strong></span> <span class='ocrx_word' id='word_1_183' title='bbox 1547 2301 1592 2357; x_wconf 82' lang='grc' dir='ltr'><strong>εί</strong></span> <span class='ocrx_word' id='word_1_184' title='bbox 1637 2302 1776 2374; x_wconf 77' lang='grc' dir='ltr'><strong>αἷμα</strong></span> <span class='ocrx_word' id='word_1_185' title='bbox 1834 2300 1936 2354; x_wconf 81' lang='grc' dir='ltr'><strong>ἀν-</strong></span> 
     </span>
    </p>
   </div>
   <div class='ocr_carea' id='block_1_26' title="bbox 275 2388 1933 2466">
    <p class='ocr_par' dir='ltr' id='par_1_26' title="bbox 275 2388 1933 2466">
     <span class='ocr_line' id='line_1_26' title="bbox 275 2388 1933 2466; baseline -0.001 -24"><span class='ocrx_word' id='word_1_186' title='bbox 275 2389 519 2465; x_wconf 79' lang='grc' dir='ltr'><strong>θρώπων</strong></span> <span class='ocrx_word' id='word_1_187' title='bbox 541 2388 915 2463; x_wconf 70' lang='grc' dir='ltr'><strong>πυρωθέντων</strong></span> <span class='ocrx_word' id='word_1_188' title='bbox 948 2388 1000 2445; x_wconf 77' lang='grc' dir='ltr'><strong>ἐν</strong></span> <span class='ocrx_word' id='word_1_189' title='bbox 1028 2395 1149 2454; x_wconf 83' lang='grc' dir='ltr'><strong>ταῖς</strong></span> <span class='ocrx_word' id='word_1_190' title='bbox 1176 2393 1384 2466; x_wconf 81' lang='grc' dir='ltr'><strong>ψυχαῖς</strong></span> <span class='ocrx_word' id='word_1_191' title='bbox 1430 2389 1607 2446; x_wconf 80' lang='grc' dir='ltr'><strong>αὐτῶν</strong></span> <span class='ocrx_word' id='word_1_192' title='bbox 1633 2389 1871 2464; x_wconf 83' lang='grc' dir='ltr'><strong>πίωμαι.</strong></span> <span class='ocrx_word' id='word_1_193' title='bbox 1904 2413 1933 2442; x_wconf 87' lang='grc'><strong>››</strong></span> 
     </span>
    </p>
   </div>
   <div class='ocr_carea' id='block_1_27' title="bbox 271 2475 1935 2556">
    <p class='ocr_par' dir='ltr' id='par_1_27' title="bbox 271 2475 1935 2556">
     <span class='ocr_line' id='line_1_27' title="bbox 271 2475 1935 2556; baseline -0.001 -21"><span class='ocrx_word' id='word_1_194' title='bbox 271 2477 524 2551; x_wconf 70' lang='grc' dir='ltr'><strong>Ὁμοίως</strong></span> <span class='ocrx_word' id='word_1_195' title='bbox 584 2475 643 2533; x_wconf 77' lang='grc' dir='ltr'><strong>δὲ</strong></span> <span class='ocrx_word' id='word_1_196' title='bbox 707 2476 799 2534; x_wconf 75' lang='grc' dir='ltr'><strong>καὶ</strong></span> <span class='ocrx_word' id='word_1_197' title='bbox 842 2479 895 2534; x_wconf 70' lang='grc' dir='ltr'><strong>οἱ</strong></span> <span class='ocrx_word' id='word_1_198' title='bbox 950 2476 1141 2534; x_wconf 81' lang='grc' dir='ltr'><strong>λοιποὶ</strong></span> <span class='ocrx_word' id='word_1_199' title='bbox 1198 2478 1376 2535; x_wconf 76' lang='grc' dir='ltr'><strong>αὐτῶν</strong></span> <span class='ocrx_word' id='word_1_200' title='bbox 1431 2479 1682 2556; x_wconf 77' lang='grc' dir='ltr'><strong>ὑπῆρχον</strong></span> <span class='ocrx_word' id='word_1_201' title='bbox 1747 2476 1935 2552; x_wconf 78' lang='grc' dir='ltr'><strong>ἄνδρες</strong></span> 
     </span>
    </p>
   </div>
   <div class='ocr_carea' id='block_1_28' title="bbox 274 2563 1933 2648">
    <p class='ocr_par' dir='ltr' id='par_1_28' title="bbox 274 2563 1933 2648">
     <span class='ocr_line' id='line_1_28' title="bbox 274 2563 1933 2648; baseline 0.001 -26"><span class='ocrx_word' id='word_1_202' title='bbox 274 2566 716 2643; x_wconf 76' lang='grc' dir='ltr'><strong>άκαταγώνιστοι</strong></span> <span class='ocrx_word' id='word_1_203' title='bbox 748 2568 839 2622; x_wconf 79' lang='grc' dir='ltr'><strong>καὶ</strong></span> <span class='ocrx_word' id='word_1_204' title='bbox 891 2563 1270 2648; x_wconf 65' lang='grc' dir='ltr'><strong>φοϐερώτατοι</strong></span> <span class='ocrx_word' id='word_1_205' title='bbox 1322 2573 1440 2630; x_wconf 83' lang='grc' dir='ltr'><strong>τοῖς</strong></span> <span class='ocrx_word' id='word_1_206' title='bbox 1496 2567 1781 2637; x_wconf 75' lang='grc' dir='ltr'><strong>ὶναντίοις,</strong></span> <span class='ocrx_word' id='word_1_207' title='bbox 1840 2569 1933 2623; x_wconf 63' lang='grc' dir='ltr'><strong>θυι</strong></span> 
     </span>
    </p>
   </div>
   <div class='ocr_carea' id='block_1_29' title="bbox 273 2653 1935 2736">
    <p class='ocr_par' dir='ltr' id='par_1_29' title="bbox 273 2653 1935 2736">
     <span class='ocr_line' id='line_1_29' title="bbox 273 2653 1935 2736; baseline 0 -25"><span class='ocrx_word' id='word_1_208' title='bbox 273 2655 439 2730; x_wconf 74' lang='grc' dir='ltr'><strong>ρεοὺς</strong></span> <span class='ocrx_word' id='word_1_209' title='bbox 496 2654 720 2732; x_wconf 74' lang='grc' dir='ltr'><strong>ἔχοντες</strong></span> <span class='ocrx_word' id='word_1_210' title='bbox 775 2655 868 2712; x_wconf 77' lang='grc' dir='ltr'><strong>καὶ</strong></span> <span class='ocrx_word' id='word_1_211' title='bbox 927 2653 1131 2732; x_wconf 85' lang='grc' dir='ltr'><strong>δόρατα</strong></span> <span class='ocrx_word' id='word_1_212' title='bbox 1161 2656 1412 2735; x_wconf 69' lang='grc' dir='ltr'><strong>μέγιστα,</strong></span> <span class='ocrx_word' id='word_1_213' title='bbox 1452 2655 1544 2713; x_wconf 79' lang='grc' dir='ltr'><strong>καὶ</strong></span> <span class='ocrx_word' id='word_1_214' title='bbox 1593 2661 1790 2736; x_wconf 71' lang='grc' dir='ltr'><strong>κοῦφοι</strong></span> <span class='ocrx_word' id='word_1_215' title='bbox 1817 2662 1935 2721; x_wconf 79' lang='grc' dir='ltr'><strong>τοῖς</strong></span> 
     </span>
    </p>
   </div>
   <div class='ocr_carea' id='block_1_30' title="bbox 272 2742 1935 2822">
    <p class='ocr_par' dir='ltr' id='par_1_30' title="bbox 272 2742 1935 2822">
     <span class='ocr_line' id='line_1_30' title="bbox 272 2742 1935 2822; baseline 0 -22"><span class='ocrx_word' id='word_1_216' title='bbox 272 2745 442 2801; x_wconf 78' lang='grc' dir='ltr'><strong>ποσὶν</strong></span> <span class='ocrx_word' id='word_1_217' title='bbox 472 2745 552 2807; x_wconf 79' lang='grc' dir='ltr'><strong>ὡς</strong></span> <span class='ocrx_word' id='word_1_218' title='bbox 582 2742 841 2820; x_wconf 77' lang='grc' dir='ltr'><strong>δορκάδες</strong></span> <span class='ocrx_word' id='word_1_219' title='bbox 876 2742 965 2802; x_wconf 84' lang='grc' dir='ltr'>ἐπὶ</span> <span class='ocrx_word' id='word_1_220' title='bbox 994 2748 1101 2801; x_wconf 81' lang='grc' dir='ltr'><strong>τῶν</strong></span> <span class='ocrx_word' id='word_1_221' title='bbox 1151 2743 1343 2821; x_wconf 66' lang='grc' dir='ltr'><strong>ὀρέων,</strong></span> <span class='ocrx_word' id='word_1_222' title='bbox 1399 2743 1494 2801; x_wconf 75' lang='grc' dir='ltr'><strong>καὶ</strong></span> <span class='ocrx_word' id='word_1_223' title='bbox 1548 2745 1616 2802; x_wconf 71' lang='grc' dir='ltr'><strong>τὰ</strong></span> <span class='ocrx_word' id='word_1_224' title='bbox 1666 2745 1935 2822; x_wconf 86' lang='grc' dir='ltr'><strong>πρόσωπα</strong></span> 
     </span>
    </p>
   </div>
   <div class='ocr_carea' id='block_1_31' title="bbox 274 2832 1936 2911">
    <p class='ocr_par' dir='ltr' id='par_1_31' title="bbox 274 2832 1936 2911">
     <span class='ocr_line' id='line_1_31' title="bbox 274 2832 1936 2911; baseline -0.001 -21"><span class='ocrx_word' id='word_1_225' title='bbox 274 2834 463 2890; x_wconf 71' lang='grc' dir='ltr'><strong>αὐτῶν</strong></span> <span class='ocrx_word' id='word_1_226' title='bbox 488 2835 565 2897; x_wconf 81' lang='grc' dir='ltr'><strong>ὡς</strong></span> <span class='ocrx_word' id='word_1_227' title='bbox 592 2835 862 2909; x_wconf 83' lang='grc' dir='ltr'><strong>πρόσωπα</strong></span> <span class='ocrx_word' id='word_1_228' title='bbox 892 2832 1147 2891; x_wconf 83' lang='grc' dir='ltr'><strong>λεόντων.</strong></span> <span class='ocrx_word' id='word_1_229' title='bbox 1179 2838 1301 2891; x_wconf 82' lang='grc' dir='ltr'><strong>Τῶν</strong></span> <span class='ocrx_word' id='word_1_230' title='bbox 1351 2832 1409 2891; x_wconf 78' lang='grc' dir='ltr'><strong>δι</strong></span> <span class='ocrx_word' id='word_1_231' title='bbox 1464 2855 1528 2911; x_wconf 88' lang='grc' dir='ltr'><strong>γε</strong></span> <span class='ocrx_word' id='word_1_232' title='bbox 1582 2833 1936 2909; x_wconf 80' lang='grc' dir='ltr'><strong>πολεμιστῶν</strong></span> 
     </span>
    </p>
   </div>
   <div class='ocr_carea' id='block_1_32' title="bbox 269 2919 1934 3000">
    <p class='ocr_par' dir='ltr' id='par_1_32' title="bbox 269 2919 1934 3000">
     <span class='ocr_line' id='line_1_32' title="bbox 269 2919 1934 3000; baseline 0.001 -22"><span class='ocrx_word' id='word_1_233' title='bbox 269 2929 372 2980; x_wconf 69' lang='grc' dir='ltr'><strong>τοῦ</strong></span> <span class='ocrx_word' id='word_1_234' title='bbox 403 2927 597 2979; x_wconf 71' lang='grc' dir='ltr'><strong>κοινοῦ</strong></span> <span class='ocrx_word' id='word_1_235' title='bbox 627 2921 766 2979; x_wconf 75' lang='grc' dir='ltr'><strong>λαοῦ</strong></span> <span class='ocrx_word' id='word_1_236' title='bbox 796 2920 888 2986; x_wconf 73' lang='grc' dir='ltr'><strong>οὕς</strong></span> <span class='ocrx_word' id='word_1_237' title='bbox 916 2923 1066 3000; x_wconf 76' lang='grc' dir='ltr'><strong>εἶχεν</strong></span> <span class='ocrx_word' id='word_1_238' title='bbox 1099 2923 1128 2979; x_wconf 87' lang='grc' dir='ltr'><strong>ὁ</strong></span> <span class='ocrx_word' id='word_1_239' title='bbox 1170 2919 1361 2993; x_wconf 77' lang='grc' dir='ltr'><strong>Δαῦὶδ,</strong></span> <span class='ocrx_word' id='word_1_240' title='bbox 1417 2926 1484 2994; x_wconf 70' lang='grc' dir='ltr'><strong>ἦν</strong></span> <span class='ocrx_word' id='word_1_241' title='bbox 1537 2923 1769 3000; x_wconf 78' lang='grc' dir='ltr'><strong>ἀριθμὸς</strong></span> <span class='ocrx_word' id='word_1_242' title='bbox 1830 2945 1934 2998; x_wconf 83' lang='grc' dir='ltr'><strong>μυ-</strong></span> 
     </span>
    </p>
   </div>
   <div class='ocr_carea' id='block_1_33' title="bbox 272 3006 1933 3088">
    <p class='ocr_par' dir='ltr' id='par_1_33' title="bbox 272 3006 1933 3088">
     <span class='ocr_line' id='line_1_33' title="bbox 272 3006 1933 3088; baseline 0 -21"><span class='ocrx_word' id='word_1_243' title='bbox 272 3009 463 3087; x_wconf 73' lang='grc' dir='ltr'><strong>ριεὶδες</strong></span> <span class='ocrx_word' id='word_1_244' title='bbox 496 3009 616 3067; x_wconf 74' lang='grc' dir='ltr'><strong>σλδ⁸</strong></span> <span class='ocrx_word' id='word_1_245' title='bbox 646 3013 782 3086; x_wconf 85' lang='grc'>(80),</span> <span class='ocrx_word' id='word_1_246' title='bbox 811 3012 992 3077; x_wconf 79' lang='grc' dir='ltr'><strong>καθὼς</strong></span> <span class='ocrx_word' id='word_1_247' title='bbox 1051 3012 1439 3088; x_wconf 71' lang='grc' dir='ltr'><strong>ἠριθμήθησαν</strong></span> <span class='ocrx_word' id='word_1_248' title='bbox 1475 3012 1580 3068; x_wconf 85' lang='grc' dir='ltr'><strong>ὑπὸ</strong></span> <span class='ocrx_word' id='word_1_249' title='bbox 1612 3006 1775 3071; x_wconf 79' lang='grc' dir='ltr'><strong>Ἰιυὰό</strong></span> <span class='ocrx_word' id='word_1_250' title='bbox 1834 3016 1933 3068; x_wconf 83' lang='grc' dir='ltr'><strong>τοῦ</strong></span> 
     </span>
    </p>
   </div>
   <div class='ocr_carea' id='block_1_34' title="bbox 266 3099 1933 3179">
    <p class='ocr_par' dir='ltr' id='par_1_34' title="bbox 266 3099 1933 3179">
     <span class='ocr_line' id='line_1_34' title="bbox 266 3099 1933 3179; baseline -0.002 -20"><span class='ocrx_word' id='word_1_251' title='bbox 266 3102 743 3179; x_wconf 66' lang='grc' dir='ltr'><strong>ἀρκιστρατήγου.</strong></span> <span class='ocrx_word' id='word_1_252' title='bbox 779 3102 926 3173; x_wconf 81' lang='grc' dir='ltr'>Φησὶ</span> <span class='ocrx_word' id='word_1_253' title='bbox 957 3101 1083 3179; x_wconf 79' lang='grc' dir='ltr'><strong>γάρ·</strong></span> <span class='ocrx_word' id='word_1_254' title='bbox 1108 3126 1137 3155; x_wconf 73' lang='grc' dir='ltr'><strong>ιι</strong></span> <span class='ocrx_word' id='word_1_255' title='bbox 1172 3102 1274 3160; x_wconf 76' lang='grc' dir='ltr'><strong>Καὶ</strong></span> <span class='ocrx_word' id='word_1_256' title='bbox 1320 3101 1614 3174; x_wconf 72' lang='grc' dir='ltr'><strong>προσέθετο</strong></span> <span class='ocrx_word' id='word_1_257' title='bbox 1662 3103 1798 3177; x_wconf 77' lang='grc' dir='ltr'><strong>ὁρτῇ</strong></span> <span class='ocrx_word' id='word_1_258' title='bbox 1830 3099 1933 3160; x_wconf 84' lang='grc' dir='ltr'><strong>Κύ-</strong></span> 
     </span>
    </p>
   </div>
   <div class='ocr_carea' id='block_1_35' title="bbox 271 3188 1931 3267">
    <p class='ocr_par' dir='ltr' id='par_1_35' title="bbox 271 3188 1931 3267">
     <span class='ocr_line' id='line_1_35' title="bbox 271 3188 1931 3267; baseline -0.001 -19"><span class='ocrx_word' id='word_1_259' title='bbox 271 3212 391 3266; x_wconf 84' lang='grc' dir='ltr'><strong>ριος</strong></span> <span class='ocrx_word' id='word_1_260' title='bbox 433 3192 696 3262; x_wconf 73' lang='grc' dir='ltr'><strong>ἑκκαῆναι</strong></span> <span class='ocrx_word' id='word_1_261' title='bbox 756 3191 809 3248; x_wconf 72' lang='grc' dir='ltr'><strong>ἰν</strong></span> <span class='ocrx_word' id='word_1_262' title='bbox 865 3190 1113 3267; x_wconf 77' lang='grc' dir='ltr'><strong>Ἰσραήλ,</strong></span> <span class='ocrx_word' id='word_1_263' title='bbox 1169 3192 1258 3247; x_wconf 79' lang='grc' dir='ltr'><strong>καὶ</strong></span> <span class='ocrx_word' id='word_1_264' title='bbox 1319 3191 1560 3248; x_wconf 74' lang='grc' dir='ltr'><strong>ἰπέσεισε</strong></span> <span class='ocrx_word' id='word_1_265' title='bbox 1612 3192 1705 3247; x_wconf 84' lang='grc' dir='ltr'><strong>τὸν</strong></span> <span class='ocrx_word' id='word_1_266' title='bbox 1761 3188 1931 3248; x_wconf 79' lang='grc' dir='ltr'><strong>Δαϐἱδ</strong></span> 
     </span>
    </p>
   </div>
   <div class='ocr_carea' id='block_1_36' title="bbox 268 3261 2014 3359">
    <p class='ocr_par' dir='ltr' id='par_1_36' title="bbox 268 3261 2014 3359">
     <span class='ocr_line' id='line_1_36' title="bbox 268 3261 2014 3359; baseline -0.001 -20"><span class='ocrx_word' id='word_1_267' title='bbox 268 3261 318 3339; x_wconf 54' lang='grc' dir='ltr'><strong>ἓν</strong></span> <span class='ocrx_word' id='word_1_268' title='bbox 352 3281 548 3347; x_wconf 71' lang='grc' dir='ltr'><strong>αὐτοῖς</strong></span> <span class='ocrx_word' id='word_1_269' title='bbox 577 3280 774 3359; x_wconf 73' lang='grc' dir='ltr'><strong>λέγων’</strong></span> <span class='ocrx_word' id='word_1_270' title='bbox 810 3261 1117 3356; x_wconf 70' lang='grc' dir='ltr'><strong>Πορεύθητι</strong></span> <span class='ocrx_word' id='word_1_271' title='bbox 1143 3282 1232 3338; x_wconf 81' lang='grc' dir='ltr'><strong>καὶ</strong></span> <span class='ocrx_word' id='word_1_272' title='bbox 1250 3280 1557 3357; x_wconf 84' lang='grc' dir='ltr'><strong>ἀρίθμησον</strong></span> <span class='ocrx_word' id='word_1_273' title='bbox 1578 3280 1673 3337; x_wconf 85' lang='grc' dir='ltr'><strong>τὸν</strong></span> <span class='ocrx_word' id='word_1_274' title='bbox 1703 3281 1929 3355; x_wconf 76' lang='grc' dir='ltr'><strong>Ἰσραὴλ</strong></span> <span class='ocrx_word' id='word_1_275' title='bbox 1968 3261 2014 3329; x_wconf 74' lang='lat' dir='ltr'><strong><em>C</em></strong></span> 
     </span>
    </p>
   </div>
   <div class='ocr_carea' id='block_1_37' title="bbox 270 3364 1936 3447">
    <p class='ocr_par' dir='ltr' id='par_1_37' title="bbox 270 3364 1936 3447">
     <span class='ocr_line' id='line_1_37' title="bbox 270 3364 1936 3447; baseline -0.002 -18"><span class='ocrx_word' id='word_1_276' title='bbox 270 3372 490 3429; x_wconf 76' lang='grc' dir='ltr'><strong>καὶτὸν</strong></span> <span class='ocrx_word' id='word_1_277' title='bbox 526 3367 758 3429; x_wconf 80' lang='grc' dir='ltr'><strong>Ἰούδαν.</strong></span> <span class='ocrx_word' id='word_1_278' title='bbox 812 3371 919 3427; x_wconf 81' lang='grc' dir='ltr'><strong>Καὶ</strong></span> <span class='ocrx_word' id='word_1_279' title='bbox 978 3372 1125 3427; x_wconf 72' lang='grc' dir='ltr'><strong>εἶπεν</strong></span> <span class='ocrx_word' id='word_1_280' title='bbox 1186 3371 1216 3427; x_wconf 85' lang='grc' dir='ltr'><strong>ὁ</strong></span> <span class='ocrx_word' id='word_1_281' title='bbox 1278 3367 1536 3447; x_wconf 80' lang='grc' dir='ltr'><strong>βασιλεὺς</strong></span> <span class='ocrx_word' id='word_1_282' title='bbox 1575 3370 1713 3445; x_wconf 80' lang='grc' dir='ltr'><strong>πρὸς</strong></span> <span class='ocrx_word' id='word_1_283' title='bbox 1770 3364 1936 3427; x_wconf 71' lang='grc' dir='ltr'><strong>Ἰωάϐ</strong></span> 
     </span>
    </p>
   </div>
   <div class='ocr_carea' id='block_1_38' title="bbox 272 3459 1935 3540">
    <p class='ocr_par' dir='ltr' id='par_1_38' title="bbox 272 3459 1935 3540">
     <span class='ocr_line' id='line_1_38' title="bbox 272 3459 1935 3540; baseline -0.001 -22"><span class='ocrx_word' id='word_1_284' title='bbox 272 3462 365 3518; x_wconf 73' lang='grc' dir='ltr'><strong>τὸν</strong></span> <span class='ocrx_word' id='word_1_285' title='bbox 404 3459 652 3536; x_wconf 77' lang='grc' dir='ltr'><strong>ἄρχοντα</strong></span> <span class='ocrx_word' id='word_1_286' title='bbox 685 3467 788 3531; x_wconf 78' lang='grc' dir='ltr'><strong>τῆς</strong></span> <span class='ocrx_word' id='word_1_287' title='bbox 841 3459 1036 3540; x_wconf 72' lang='grc' dir='ltr'><strong>ἰσχύος</strong></span> <span class='ocrx_word' id='word_1_288' title='bbox 1067 3461 1161 3516; x_wconf 83' lang='grc' dir='ltr'><strong>τὸν</strong></span> <span class='ocrx_word' id='word_1_289' title='bbox 1224 3460 1341 3534; x_wconf 84' lang='grc' dir='ltr'><strong>μετ’</strong></span> <span class='ocrx_word' id='word_1_290' title='bbox 1367 3459 1554 3517; x_wconf 80' lang='grc' dir='ltr'><strong>αύτοῦ.</strong></span> <span class='ocrx_word' id='word_1_291' title='bbox 1613 3459 1935 3535; x_wconf 77' lang='grc' dir='ltr'><strong>Ἐπίσκεψαι</strong></span> 
     </span>
    </p>
   </div>
   <div class='ocr_carea' id='block_1_39' title="bbox 271 3548 1934 3626">
    <p class='ocr_par' dir='ltr' id='par_1_39' title="bbox 271 3548 1934 3626">
     <span class='ocr_line' id='line_1_39' title="bbox 271 3548 1934 3626; baseline -0.002 -18"><span class='ocrx_word' id='word_1_292' title='bbox 271 3552 368 3608; x_wconf 74' lang='grc' dir='ltr'><strong>τὸν</strong></span> <span class='ocrx_word' id='word_1_293' title='bbox 430 3550 588 3620; x_wconf 80' lang='grc' dir='ltr'><strong>λαὸν,</strong></span> <span class='ocrx_word' id='word_1_294' title='bbox 646 3550 737 3606; x_wconf 83' lang='grc' dir='ltr'><strong>καὶ</strong></span> <span class='ocrx_word' id='word_1_295' title='bbox 783 3551 1061 3626; x_wconf 80' lang='grc' dir='ltr'><strong>γνώσομαι</strong></span> <span class='ocrx_word' id='word_1_296' title='bbox 1117 3550 1210 3607; x_wconf 83' lang='grc' dir='ltr'><strong>τὸν</strong></span> <span class='ocrx_word' id='word_1_297' title='bbox 1275 3549 1506 3625; x_wconf 83' lang='grc' dir='ltr'><strong>ἀριθμὸν</strong></span> <span class='ocrx_word' id='word_1_298' title='bbox 1565 3548 1750 3605; x_wconf 74' lang='grc' dir='ltr'><strong>αὐτοῦ.</strong></span> <span class='ocrx_word' id='word_1_299' title='bbox 1834 3549 1934 3607; x_wconf 82' lang='grc' dir='ltr'><strong>Καὶ</strong></span> 
     </span>
    </p>
   </div>
   <div class='ocr_carea' id='block_1_40' title="bbox 276 3635 1932 3715">
    <p class='ocr_par' dir='ltr' id='par_1_40' title="bbox 276 3635 1932 3715">
     <span class='ocr_line' id='line_1_40' title="bbox 276 3635 1932 3715; baseline -0.002 -19"><span class='ocrx_word' id='word_1_300' title='bbox 276 3641 428 3696; x_wconf 80' lang='grc' dir='ltr'><strong>εἶπεν</strong></span> <span class='ocrx_word' id='word_1_301' title='bbox 462 3635 648 3698; x_wconf 79' lang='grc' dir='ltr'><strong>’[ωάϐ·</strong></span> <span class='ocrx_word' id='word_1_302' title='bbox 682 3639 950 3715; x_wconf 81' lang='grc' dir='ltr'><strong>Προσθείη</strong></span> <span class='ocrx_word' id='word_1_303' title='bbox 985 3638 1191 3715; x_wconf 86' lang='grc' dir='ltr'><strong>Κύριος</strong></span> <span class='ocrx_word' id='word_1_304' title='bbox 1248 3639 1278 3694; x_wconf 86' lang='grc' dir='ltr'><strong>ὁ</strong></span> <span class='ocrx_word' id='word_1_305' title='bbox 1336 3639 1467 3701; x_wconf 75' lang='grc' dir='ltr'><strong>Θεὸς</strong></span> <span class='ocrx_word' id='word_1_306' title='bbox 1508 3639 1646 3714; x_wconf 86' lang='grc' dir='ltr'><strong>πρὸς</strong></span> <span class='ocrx_word' id='word_1_307' title='bbox 1677 3638 1767 3694; x_wconf 87' lang='grc' dir='ltr'><strong>τὸν</strong></span> <span class='ocrx_word' id='word_1_308' title='bbox 1800 3635 1932 3695; x_wconf 84' lang='grc' dir='ltr'><strong>λαόν</strong></span> 
     </span>
    </p>
   </div>
   <div class='ocr_carea' id='block_1_41' title="bbox 277 3724 1936 3804">
    <p class='ocr_par' dir='ltr' id='par_1_41' title="bbox 277 3724 1936 3804">
     <span class='ocr_line' id='line_1_41' title="bbox 277 3724 1936 3804; baseline -0.003 -17"><span class='ocrx_word' id='word_1_309' title='bbox 277 3748 401 3787; x_wconf 74' lang='grc' dir='ltr'><strong>σου⁶</strong></span> <span class='ocrx_word' id='word_1_310' title='bbox 433 3730 525 3784; x_wconf 74' lang='grc' dir='ltr'><strong>καὶ</strong></span> <span class='ocrx_word' id='word_1_311' title='bbox 553 3728 641 3784; x_wconf 80' lang='grc' dir='ltr'><strong>’ἱνα</strong></span> <span class='ocrx_word' id='word_1_312' title='bbox 668 3728 723 3784; x_wconf 86' lang='grc' dir='ltr'><strong>τί</strong></span> <span class='ocrx_word' id='word_1_313' title='bbox 751 3729 781 3785; x_wconf 84' lang='grc' dir='ltr'>ὁ</span> <span class='ocrx_word' id='word_1_314' title='bbox 815 3728 1011 3804; x_wconf 82' lang='grc' dir='ltr'><strong>Κύριος</strong></span> <span class='ocrx_word' id='word_1_315' title='bbox 1054 3748 1160 3802; x_wconf 88' lang='grc' dir='ltr'><strong>μου</strong></span> <span class='ocrx_word' id='word_1_316' title='bbox 1222 3726 1481 3804; x_wconf 82' lang='grc' dir='ltr'><strong>βούλεται</strong></span> <span class='ocrx_word' id='word_1_317' title='bbox 1539 3726 1592 3782; x_wconf 67' lang='grc' dir='ltr'><strong>ἐν</strong></span> <span class='ocrx_word' id='word_1_318' title='bbox 1643 3730 1723 3799; x_wconf 80' lang='grc' dir='ltr'><strong>τῷ</strong></span> <span class='ocrx_word' id='word_1_319' title='bbox 1782 3724 1936 3802; x_wconf 84' lang='grc' dir='ltr'><strong>λόγῳ</strong></span> 
     </span>
    </p>
   </div>
   <div class='ocr_carea' id='block_1_42' title="bbox 276 3816 1934 3894">
    <p class='ocr_par' dir='ltr' id='par_1_42' title="bbox 276 3816 1934 3894">
     <span class='ocr_line' id='line_1_42' title="bbox 276 3816 1934 3894; baseline -0.004 -17"><span class='ocrx_word' id='word_1_320' title='bbox 276 3821 460 3892; x_wconf 69' lang='grc' dir='ltr'><strong>τούτῳ</strong></span> <span class='ocrx_word' id='word_1_321' title='bbox 490 3839 507 3888; x_wconf 87' lang='lat'><strong>;</strong></span> <span class='ocrx_word' id='word_1_322' title='bbox 540 3818 640 3875; x_wconf 76' lang='grc' dir='ltr'><strong>Καὶ</strong></span> <span class='ocrx_word' id='word_1_323' title='bbox 670 3818 1032 3894; x_wconf 74' lang='grc' dir='ltr'><strong>ὑπερίσχυσεν</strong></span> <span class='ocrx_word' id='word_1_324' title='bbox 1061 3820 1091 3873; x_wconf 85' lang='grc' dir='ltr'><strong>ὁ</strong></span> <span class='ocrx_word' id='word_1_325' title='bbox 1122 3817 1291 3894; x_wconf 79' lang='grc' dir='ltr'><strong>λόγος</strong></span> <span class='ocrx_word' id='word_1_326' title='bbox 1345 3821 1444 3874; x_wconf 78' lang='grc' dir='ltr'><strong>τοῦ</strong></span> <span class='ocrx_word' id='word_1_327' title='bbox 1497 3816 1785 3887; x_wconf 68' lang='grc' dir='ltr'><strong>βασιλεως,</strong></span> <span class='ocrx_word' id='word_1_328' title='bbox 1844 3816 1934 3871; x_wconf 84' lang='grc' dir='ltr'><strong>καὶ</strong></span> 
     </span>
    </p>
   </div>
   <div class='ocr_carea' id='block_1_43' title="bbox 278 3903 1937 3982">
    <p class='ocr_par' dir='ltr' id='par_1_43' title="bbox 278 3903 1937 3982">
     <span class='ocr_line' id='line_1_43' title="bbox 278 3903 1937 3982; baseline -0.004 -17"><span class='ocrx_word' id='word_1_329' title='bbox 278 3908 526 3978; x_wconf 70' lang='grc' dir='ltr'><strong>ἐπῆλθεν</strong></span> <span class='ocrx_word' id='word_1_330' title='bbox 582 3903 747 3965; x_wconf 74' lang='grc' dir='ltr'><strong>Ἰωᾶϐ</strong></span> <span class='ocrx_word' id='word_1_331' title='bbox 805 3908 898 3963; x_wconf 79' lang='grc' dir='ltr'><strong>καὶ</strong></span> <span class='ocrx_word' id='word_1_332' title='bbox 956 3906 1295 3982; x_wconf 61' lang='grc' dir='ltr'><strong>ἐπεσκέψατο</strong></span> <span class='ocrx_word' id='word_1_333' title='bbox 1346 3908 1440 3963; x_wconf 85' lang='grc' dir='ltr'><strong>τὸν</strong></span> <span class='ocrx_word' id='word_1_334' title='bbox 1496 3906 1652 3964; x_wconf 85' lang='grc' dir='ltr'><strong>λαόν.</strong></span> <span class='ocrx_word' id='word_1_335' title='bbox 1713 3906 1817 3963; x_wconf 82' lang='grc' dir='ltr'><strong>Καὶ</strong></span> <span class='ocrx_word' id='word_1_336' title='bbox 1869 3908 1937 3977; x_wconf 70' lang='grc' dir='ltr'><strong>ἧν</strong></span> 
     </span>
    </p>
   </div>
   <div class='ocr_carea' id='block_1_44' title="bbox 275 3992 1933 4073">
    <p class='ocr_par' dir='ltr' id='par_1_44' title="bbox 275 3992 1933 4073">
     <span class='ocr_line' id='line_1_44' title="bbox 275 3992 1933 4073; baseline -0.003 -18"><span class='ocrx_word' id='word_1_337' title='bbox 275 4004 383 4062; x_wconf 71' lang='grc' dir='ltr'><strong>πᾶς</strong></span> <span class='ocrx_word' id='word_1_338' title='bbox 435 3996 664 4072; x_wconf 71' lang='grc' dir='ltr'><strong>Ἰσραὴλ</strong></span> <span class='ocrx_word' id='word_1_339' title='bbox 703 3994 903 4054; x_wconf 57' lang='grc' dir='ltr'><strong>’χίλιαι</strong></span> <span class='ocrx_word' id='word_1_340' title='bbox 960 3994 1216 4073; x_wconf 76' lang='grc' dir='ltr'><strong>χιλιάδες</strong></span> <span class='ocrx_word' id='word_1_341' title='bbox 1272 3998 1364 4053; x_wconf 76' lang='grc' dir='ltr'><strong>καὶ</strong></span> <span class='ocrx_word' id='word_1_342' title='bbox 1431 3996 1621 4053; x_wconf 67' lang='grc' dir='ltr'><strong>ἑκατὸν</strong></span> <span class='ocrx_word' id='word_1_343' title='bbox 1684 3992 1933 4072; x_wconf 82' lang='grc' dir='ltr'><strong>χιλιάδες</strong></span> 
     </span>
    </p>
   </div>
   <div class='ocr_carea' id='block_1_45' title="bbox 278 4082 1933 4166">
    <p class='ocr_par' dir='ltr' id='par_1_45' title="bbox 278 4082 1933 4166">
     <span class='ocr_line' id='line_1_45' title="bbox 278 4082 1933 4166; baseline -0.002 -23"><span class='ocrx_word' id='word_1_344' title='bbox 278 4085 493 4163; x_wconf 74' lang='grc' dir='ltr'><strong>ἀνδρῶν</strong></span> <span class='ocrx_word' id='word_1_345' title='bbox 526 4085 881 4160; x_wconf 64' lang='grc' dir='ltr'><strong>ἐσπασμένων</strong></span> <span class='ocrx_word' id='word_1_346' title='bbox 913 4084 1208 4166; x_wconf 66' lang='grc' dir='ltr'><strong>ῥομφαίαν,</strong></span> <span class='ocrx_word' id='word_1_347' title='bbox 1267 4086 1357 4143; x_wconf 73' lang='grc' dir='ltr'><strong>καὶ</strong></span> <span class='ocrx_word' id='word_1_348' title='bbox 1416 4082 1631 4148; x_wconf 80' lang='grc' dir='ltr'><strong>Ἰούδας</strong></span> <span class='ocrx_word' id='word_1_349' title='bbox 1680 4082 1933 4162; x_wconf 76' lang='grc' dir='ltr'><strong>χιλιάδες</strong></span> 
     </span>
    </p>
   </div>
   <div class='ocr_carea' id='block_1_46' title="bbox 277 4171 1937 4253">
    <p class='ocr_par' dir='ltr' id='par_1_46' title="bbox 277 4171 1937 4253">
     <span class='ocr_line' id='line_1_46' title="bbox 277 4171 1937 4253; baseline -0.002 -20"><span class='ocrx_word' id='word_1_350' title='bbox 277 4177 625 4251; x_wconf 74' lang='grc' dir='ltr'><strong>τετρακόσιαι</strong></span> <span class='ocrx_word' id='word_1_351' title='bbox 710 4171 1058 4253; x_wconf 77' lang='grc' dir='ltr'><strong>ὀγδοήκοντα</strong></span> <span class='ocrx_word' id='word_1_352' title='bbox 1126 4172 1334 4250; x_wconf 80' lang='grc' dir='ltr'><strong>ἀνδρῶν</strong></span> <span class='ocrx_word' id='word_1_353' title='bbox 1415 4172 1767 4248; x_wconf 69' lang='grc' dir='ltr'><strong>ἑσπασμὲνων</strong></span> <span class='ocrx_word' id='word_1_354' title='bbox 1838 4175 1937 4248; x_wconf 77' lang='grc' dir='ltr'><strong>μα-</strong></span> 
     </span>
    </p>
   </div>
   <div class='ocr_carea' id='block_1_47' title="bbox 278 4263 1931 4345">
    <p class='ocr_par' dir='ltr' id='par_1_47' title="bbox 278 4263 1931 4345">
     <span class='ocr_line' id='line_1_47' title="bbox 278 4263 1931 4345; baseline -0.002 -22"><span class='ocrx_word' id='word_1_355' title='bbox 278 4288 501 4345; x_wconf 83' lang='grc' dir='ltr'><strong>χαιραν.</strong></span> <span class='ocrx_word' id='word_1_356' title='bbox 532 4269 632 4322; x_wconf 86' lang='grc' dir='ltr'><strong>Τὸν</strong></span> <span class='ocrx_word' id='word_1_357' title='bbox 666 4263 725 4322; x_wconf 75' lang='grc' dir='ltr'><strong>δὶ</strong></span> <span class='ocrx_word' id='word_1_358' title='bbox 754 4266 890 4322; x_wconf 73' lang='grc' dir='ltr'><strong>Λευῒ</strong></span> <span class='ocrx_word' id='word_1_359' title='bbox 934 4266 1025 4322; x_wconf 78' lang='grc' dir='ltr'><strong>καὶ</strong></span> <span class='ocrx_word' id='word_1_360' title='bbox 1054 4266 1147 4322; x_wconf 84' lang='grc' dir='ltr'><strong>τὸν</strong></span> <span class='ocrx_word' id='word_1_361' title='bbox 1186 4265 1442 4339; x_wconf 76' lang='grc' dir='ltr'><strong>Βενιαμὶν</strong></span> <span class='ocrx_word' id='word_1_362' title='bbox 1472 4266 1574 4322; x_wconf 84' lang='grc' dir='ltr'><strong>ὸύκ</strong></span> <span class='ocrx_word' id='word_1_363' title='bbox 1605 4265 1931 4340; x_wconf 81' lang='grc' dir='ltr'><strong>ἠρίθμησεν,</strong></span> 
     </span>
    </p>
   </div>
   <div class='ocr_carea' id='block_1_48' title="bbox 278 4349 1932 4433">
    <p class='ocr_par' dir='ltr' id='par_1_48' title="bbox 278 4349 1932 4433">
     <span class='ocr_line' id='line_1_48' title="bbox 278 4349 1932 4433; baseline -0.002 -21"><span class='ocrx_word' id='word_1_364' title='bbox 278 4358 356 4412; x_wconf 82' lang='grc' dir='ltr'><strong>δτι</strong></span> <span class='ocrx_word' id='word_1_365' title='bbox 387 4357 832 4432; x_wconf 81' lang='grc' dir='ltr'><strong>προσώχθισενὸ</strong></span> <span class='ocrx_word' id='word_1_366' title='bbox 896 4353 1066 4433; x_wconf 87' lang='grc' dir='ltr'><strong>λόγος</strong></span> <span class='ocrx_word' id='word_1_367' title='bbox 1124 4358 1222 4410; x_wconf 76' lang='grc' dir='ltr'><strong>τοῦ</strong></span> <span class='ocrx_word' id='word_1_368' title='bbox 1284 4353 1554 4431; x_wconf 80' lang='grc' dir='ltr'><strong>βασιλέως</strong></span> <span class='ocrx_word' id='word_1_369' title='bbox 1596 4355 1689 4411; x_wconf 82' lang='grc' dir='ltr'><strong>τὸν</strong></span> <span class='ocrx_word' id='word_1_370' title='bbox 1748 4349 1932 4426; x_wconf 73' lang='grc' dir='ltr'><strong>Ἰωᾶϐ,</strong></span> 
     </span>
    </p>
   </div>
   <div class='ocr_carea' id='block_1_49' title="bbox 279 4442 1935 4521">
    <p class='ocr_par' dir='ltr' id='par_1_49' title="bbox 279 4442 1935 4521">
     <span class='ocr_line' id='line_1_49' title="bbox 279 4442 1935 4521; baseline -0.002 -20"><span class='ocrx_word' id='word_1_371' title='bbox 279 4447 365 4504; x_wconf 71' lang='grc' dir='ltr'><strong>καὶ</strong></span> <span class='ocrx_word' id='word_1_372' title='bbox 407 4446 649 4521; x_wconf 74' lang='grc' dir='ltr'><strong>πονηρὸν</strong></span> <span class='ocrx_word' id='word_1_373' title='bbox 682 4445 855 4520; x_wconf 65' lang='grc' dir='ltr'><strong>ὶφάνη</strong></span> <span class='ocrx_word' id='word_1_374' title='bbox 889 4443 1129 4501; x_wconf 74' lang='grc' dir='ltr'><strong>ἐναντίον</strong></span> <span class='ocrx_word' id='word_1_375' title='bbox 1186 4448 1286 4500; x_wconf 78' lang='grc' dir='ltr'><strong>τοῦ</strong></span> <span class='ocrx_word' id='word_1_376' title='bbox 1340 4446 1494 4500; x_wconf 80' lang='grc' dir='ltr'><strong>Θεοῦ.</strong></span> <span class='ocrx_word' id='word_1_377' title='bbox 1554 4442 1653 4499; x_wconf 78' lang='grc' dir='ltr'><strong>Καὶ</strong></span> <span class='ocrx_word' id='word_1_378' title='bbox 1709 4443 1935 4517; x_wconf 73' lang='grc' dir='ltr'><strong>ἐπάταξε</strong></span> 
     </span>
    </p>
   </div>
   <div class='ocr_carea' id='block_1_50' title="bbox 278 4529 1930 4612">
    <p class='ocr_par' dir='ltr' id='par_1_50' title="bbox 278 4529 1930 4612">
     <span class='ocr_line' id='line_1_50' title="bbox 278 4529 1930 4612; baseline -0.002 -21"><span class='ocrx_word' id='word_1_379' title='bbox 278 4533 473 4612; x_wconf 72' lang='grc' dir='ltr'><strong>καρδία</strong></span> <span class='ocrx_word' id='word_1_380' title='bbox 511 4529 680 4593; x_wconf 74' lang='grc' dir='ltr'><strong>Δαὸὶδ</strong></span> <span class='ocrx_word' id='word_1_381' title='bbox 711 4533 876 4591; x_wconf 74' lang='grc' dir='ltr'><strong>αὐτόν</strong></span> <span class='ocrx_word' id='word_1_382' title='bbox 904 4532 958 4591; x_wconf 78' lang='grc' dir='ltr'><strong>ἐν</strong></span> <span class='ocrx_word' id='word_1_383' title='bbox 1014 4539 1096 4607; x_wconf 80' lang='grc' dir='ltr'><strong>τῷ</strong></span> <span class='ocrx_word' id='word_1_384' title='bbox 1151 4534 1456 4608; x_wconf 79' lang='grc' dir='ltr'><strong>ἀριθμῆσαι</strong></span> <span class='ocrx_word' id='word_1_385' title='bbox 1488 4533 1580 4588; x_wconf 86' lang='grc' dir='ltr'><strong>τὸν</strong></span> <span class='ocrx_word' id='word_1_386' title='bbox 1632 4531 1787 4589; x_wconf 57' lang='grc' dir='ltr'><strong>λαόν</strong></span> <span class='ocrx_word' id='word_1_387' title='bbox 1841 4532 1930 4588; x_wconf 78' lang='grc' dir='ltr'><strong>καὶ</strong></span> 
     </span>
    </p>
   </div>
   <div class='ocr_carea' id='block_1_51' title="bbox 2057 599 3702 683">
    <p class='ocr_par' dir='ltr' id='par_1_51' title="bbox 2057 599 3702 683">
     <span class='ocr_line' id='line_1_51' title="bbox 2057 599 3702 683; baseline 0.01 -30"><span class='ocrx_word' id='word_1_388' title='bbox 2057 599 2117 654; x_wconf 91' lang='lat' dir='ltr'><strong>in</strong></span> <span class='ocrx_word' id='word_1_389' title='bbox 2144 599 2372 656; x_wconf 83' lang='lat' dir='ltr'><strong>foveam</strong></span> <span class='ocrx_word' id='word_1_390' title='bbox 2402 599 2730 671; x_wconf 82' lang='lat' dir='ltr'><strong>descendit,</strong></span> <span class='ocrx_word' id='word_1_391' title='bbox 2763 603 2944 674; x_wconf 86' lang='lat' dir='ltr'><strong>inque</strong></span> <span class='ocrx_word' id='word_1_392' title='bbox 2991 621 3061 661; x_wconf 88' lang='lat' dir='ltr'><strong>ea</strong></span> <span class='ocrx_word' id='word_1_393' title='bbox 3118 606 3354 664; x_wconf 87' lang='lat' dir='ltr'><strong>leonem</strong></span> <span class='ocrx_word' id='word_1_394' title='bbox 3383 609 3702 683; x_wconf 85' lang='lat' dir='ltr'><strong>jugulavit.</strong></span> 
     </span>
    </p>
   </div>
   <div class='ocr_carea' id='block_1_52' title="bbox 2057 687 3701 773">
    <p class='ocr_par' dir='ltr' id='par_1_52' title="bbox 2057 687 3701 773">
     <span class='ocr_line' id='line_1_52' title="bbox 2057 687 3701 773; baseline 0.009 -30"><span class='ocrx_word' id='word_1_395' title='bbox 2057 687 2219 744; x_wconf 87' lang='lat' dir='ltr'><strong>Idem</strong></span> <span class='ocrx_word' id='word_1_396' title='bbox 2247 690 2580 762; x_wconf 61' lang='lat' dir='ltr'><strong>Egyptium</strong></span> <span class='ocrx_word' id='word_1_397' title='bbox 2600 692 2919 762; x_wconf 81' lang='lat' dir='ltr'><strong>quemdam</strong></span> <span class='ocrx_word' id='word_1_398' title='bbox 2932 697 3157 767; x_wconf 79' lang='lat' dir='ltr'><strong>septem</strong></span> <span class='ocrx_word' id='word_1_399' title='bbox 3179 696 3412 754; x_wconf 89' lang='lat' dir='ltr'><strong>cubitos</strong></span> <span class='ocrx_word' id='word_1_400' title='bbox 3434 698 3701 773; x_wconf 85' lang='lat' dir='ltr'><strong>longum,</strong></span> 
     </span>
    </p>
   </div>
   <div class='ocr_carea' id='block_1_53' title="bbox 2056 777 3702 862">
    <p class='ocr_par' dir='ltr' id='par_1_53' title="bbox 2056 777 3702 862">
     <span class='ocr_line' id='line_1_53' title="bbox 2056 777 3702 862; baseline 0.009 -30"><span class='ocrx_word' id='word_1_401' title='bbox 2056 778 2158 849; x_wconf 86' lang='lat' dir='ltr'><strong>qui</strong></span> <span class='ocrx_word' id='word_1_402' title='bbox 2189 777 2349 851; x_wconf 88' lang='lat' dir='ltr'><strong>ligno</strong></span> <span class='ocrx_word' id='word_1_403' title='bbox 2384 779 2622 835; x_wconf 89' lang='lat' dir='ltr'><strong>nautico</strong></span> <span class='ocrx_word' id='word_1_404' title='bbox 2652 780 2837 837; x_wconf 73' lang='lat' dir='ltr'><strong>bastaa</strong></span> <span class='ocrx_word' id='word_1_405' title='bbox 2876 782 3006 839; x_wconf 93' lang='lat' dir='ltr'><strong>loco</strong></span> <span class='ocrx_word' id='word_1_406' title='bbox 3062 784 3340 842; x_wconf 79' lang='lat' dir='ltr'><strong>utebatur</strong></span> <span class='ocrx_word' id='word_1_407' title='bbox 3367 804 3702 862; x_wconf 80' lang='lat' dir='ltr'><strong>aggressus,</strong></span> 
     </span>
    </p>
   </div>
   <div class='ocr_carea' id='block_1_54' title="bbox 2054 866 3700 948">
    <p class='ocr_par' dir='ltr' id='par_1_54' title="bbox 2054 866 3700 948">
     <span class='ocr_line' id='line_1_54' title="bbox 2054 866 3700 948; baseline 0.007 -25"><span class='ocrx_word' id='word_1_408' title='bbox 2054 866 2283 939; x_wconf 80' lang='lat' dir='ltr'><strong>lignum</strong></span> <span class='ocrx_word' id='word_1_409' title='bbox 2312 866 2373 923; x_wconf 88' lang='lat' dir='ltr'>id</span> <span class='ocrx_word' id='word_1_410' title='bbox 2394 868 2448 924; x_wconf 91' lang='lat' dir='ltr'><strong>ei</strong></span> <span class='ocrx_word' id='word_1_411' title='bbox 2473 869 3031 943; x_wconf 89' lang='lat' dir='ltr'><strong>eripuit,ipsumque</strong></span> <span class='ocrx_word' id='word_1_412' title='bbox 3062 889 3130 928; x_wconf 90' lang='lat' dir='ltr'><strong>eo</strong></span> <span class='ocrx_word' id='word_1_413' title='bbox 3149 876 3700 948; x_wconf 79' lang='lat' dir='ltr'><strong>necavitAbisaius,</strong></span> 
     </span>
    </p>
   </div>
   <div class='ocr_carea' id='block_1_55' title="bbox 2051 955 3703 1039">
    <p class='ocr_par' dir='ltr' id='par_1_55' title="bbox 2051 955 3703 1039">
     <span class='ocr_line' id='line_1_55' title="bbox 2051 955 3703 1039; baseline 0.007 -27"><span class='ocrx_word' id='word_1_414' title='bbox 2051 956 2216 1013; x_wconf 81' lang='lat' dir='ltr'><strong>Joabi</strong></span> <span class='ocrx_word' id='word_1_415' title='bbox 2248 955 2449 1023; x_wconf 87' lang='lat' dir='ltr'><strong>frater,</strong></span> <span class='ocrx_word' id='word_1_416' title='bbox 2481 959 2587 1013; x_wconf 86' lang='lat'><strong>600</strong></span> <span class='ocrx_word' id='word_1_417' title='bbox 2616 958 2770 1015; x_wconf 88' lang='lat' dir='ltr'><strong>viros</strong></span> <span class='ocrx_word' id='word_1_418' title='bbox 2810 962 3122 1032; x_wconf 76' lang='lat' dir='ltr'><strong>percussit,</strong></span> <span class='ocrx_word' id='word_1_419' title='bbox 3182 969 3242 1019; x_wconf 90' lang='lat' dir='ltr'><strong>et</strong></span> <span class='ocrx_word' id='word_1_420' title='bbox 3282 965 3539 1033; x_wconf 82' lang='lat' dir='ltr'><strong>Jesbam,</strong></span> <span class='ocrx_word' id='word_1_421' title='bbox 3600 967 3703 1039; x_wconf 87' lang='lat' dir='ltr'><strong>qui</strong></span> 
     </span>
    </p>
   </div>
   <div class='ocr_carea' id='block_1_56' title="bbox 2052 1044 3703 1127">
    <p class='ocr_par' dir='ltr' id='par_1_56' title="bbox 2052 1044 3703 1127">
     <span class='ocr_line' id='line_1_56' title="bbox 2052 1044 3703 1127; baseline 0.006 -25"><span class='ocrx_word' id='word_1_422' title='bbox 2052 1044 2275 1102; x_wconf 89' lang='lat' dir='ltr'><strong>Davido</strong></span> <span class='ocrx_word' id='word_1_423' title='bbox 2300 1047 2521 1103; x_wconf 63' lang='lat' dir='ltr'><strong>caulem</strong></span> <span class='ocrx_word' id='word_1_424' title='bbox 2553 1047 2904 1104; x_wconf 76' lang='lat' dir='ltr'><strong>intentabat.</strong></span> <span class='ocrx_word' id='word_1_425' title='bbox 2940 1049 3071 1105; x_wconf 87' lang='lat' dir='ltr'><strong>Fuit</strong></span> <span class='ocrx_word' id='word_1_426' title='bbox 3101 1051 3150 1106; x_wconf 91' lang='lat' dir='ltr'><strong>is</strong></span> <span class='ocrx_word' id='word_1_427' title='bbox 3178 1052 3382 1108; x_wconf 84' lang='lat' dir='ltr'><strong>Jesbas</strong></span> <span class='ocrx_word' id='word_1_428' title='bbox 3414 1071 3483 1109; x_wconf 81' lang='lat' dir='ltr'><strong>ex</strong></span> <span class='ocrx_word' id='word_1_429' title='bbox 3504 1060 3703 1127; x_wconf 82' lang='lat' dir='ltr'><strong>poste-</strong></span> 
     </span>
    </p>
   </div>
   <div class='ocr_carea' id='block_1_57' title="bbox 2049 1134 3700 1216">
    <p class='ocr_par' dir='ltr' id='par_1_57' title="bbox 2049 1134 3700 1216">
     <span class='ocr_line' id='line_1_57' title="bbox 2049 1134 3700 1216; baseline 0.007 -26"><span class='ocrx_word' id='word_1_430' title='bbox 2049 1134 2133 1190; x_wconf 91' lang='lat' dir='ltr'><strong>ris</strong></span> <span class='ocrx_word' id='word_1_431' title='bbox 2163 1135 2402 1207; x_wconf 75' lang='lat' dir='ltr'><strong>Raphm,</strong></span> <span class='ocrx_word' id='word_1_432' title='bbox 2437 1135 2608 1208; x_wconf 85' lang='lat' dir='ltr'><strong>cujus</strong></span> <span class='ocrx_word' id='word_1_433' title='bbox 2665 1138 2866 1210; x_wconf 84' lang='lat' dir='ltr'><strong>cuspis</strong></span> <span class='ocrx_word' id='word_1_434' title='bbox 2917 1140 3017 1194; x_wconf 73' lang='lat'><strong>150</strong></span> <span class='ocrx_word' id='word_1_435' title='bbox 3064 1140 3272 1196; x_wconf 84' lang='lat' dir='ltr'><strong>uncias</strong></span> <span class='ocrx_word' id='word_1_436' title='bbox 3307 1143 3700 1216; x_wconf 88' lang='lat' dir='ltr'><strong>appendebat.</strong></span> 
     </span>
    </p>
   </div>
   <div class='ocr_carea' id='block_1_58' title="bbox 2042 1224 3699 1302">
    <p class='ocr_par' dir='ltr' id='par_1_58' title="bbox 2042 1224 3699 1302">
     <span class='ocr_line' id='line_1_58' title="bbox 2042 1224 3699 1302; baseline 0.005 -22"><span class='ocrx_word' id='word_1_437' title='bbox 2042 1225 2189 1281; x_wconf 89' lang='lat' dir='ltr'><strong>Cum</strong></span> <span class='ocrx_word' id='word_1_438' title='bbox 2219 1224 2497 1282; x_wconf 83' lang='lat' dir='ltr'><strong>Abisaius</strong></span> <span class='ocrx_word' id='word_1_439' title='bbox 2522 1232 2807 1297; x_wconf 82' lang='lat' dir='ltr'><strong>curreret,</strong></span> <span class='ocrx_word' id='word_1_440' title='bbox 2843 1227 3056 1285; x_wconf 86' lang='lat' dir='ltr'><strong>similis</strong></span> <span class='ocrx_word' id='word_1_441' title='bbox 3094 1235 3220 1285; x_wconf 85' lang='lat' dir='ltr'><strong>erat</strong></span> <span class='ocrx_word' id='word_1_442' title='bbox 3262 1246 3491 1302; x_wconf 81' lang='lat' dir='ltr'><strong>capreae</strong></span> <span class='ocrx_word' id='word_1_443' title='bbox 3523 1247 3699 1289; x_wconf 89' lang='lat' dir='ltr'><strong>mon-</strong></span> 
     </span>
    </p>
   </div>
   <div class='ocr_carea' id='block_1_59' title="bbox 2044 1314 3702 1390">
    <p class='ocr_par' dir='ltr' id='par_1_59' title="bbox 2044 1314 3702 1390">
     <span class='ocr_line' id='line_1_59' title="bbox 2044 1314 3702 1390; baseline 0.004 -20"><span class='ocrx_word' id='word_1_444' title='bbox 2044 1318 2216 1370; x_wconf 70' lang='lat' dir='ltr'><strong>tanas.</strong></span> <span class='ocrx_word' id='word_1_445' title='bbox 2233 1314 2380 1371; x_wconf 88' lang='lat' dir='ltr'><strong>Cum</strong></span> <span class='ocrx_word' id='word_1_446' title='bbox 2410 1320 2609 1370; x_wconf 88' lang='lat' dir='ltr'><strong>autem</strong></span> <span class='ocrx_word' id='word_1_447' title='bbox 2641 1316 2898 1388; x_wconf 87' lang='lat' dir='ltr'><strong>quodam</strong></span> <span class='ocrx_word' id='word_1_448' title='bbox 2916 1322 3182 1390; x_wconf 90' lang='lat' dir='ltr'><strong>tempore</strong></span> <span class='ocrx_word' id='word_1_449' title='bbox 3204 1319 3702 1377; x_wconf 86' lang='lat' dir='ltr'><strong>BarbariBethle-</strong></span> 
     </span>
    </p>
   </div>
   <div class='ocr_carea' id='block_1_60' title="bbox 2049 1403 3703 1481">
    <p class='ocr_par' dir='ltr' id='par_1_60' title="bbox 2049 1403 3703 1481">
     <span class='ocr_line' id='line_1_60' title="bbox 2049 1403 3703 1481; baseline 0.004 -22"><span class='ocrx_word' id='word_1_450' title='bbox 2049 1403 2286 1460; x_wconf 88' lang='lat' dir='ltr'><strong>hemam</strong></span> <span class='ocrx_word' id='word_1_451' title='bbox 2308 1403 2619 1459; x_wconf 88' lang='lat' dir='ltr'><strong>obsidione</strong></span> <span class='ocrx_word' id='word_1_452' title='bbox 2636 1405 3058 1476; x_wconf 84' lang='lat' dir='ltr'><strong>cinxissent,ac</strong></span> <span class='ocrx_word' id='word_1_453' title='bbox 3074 1409 3111 1462; x_wconf 85' lang='grc' dir='ltr'><strong>Ι</strong></span> <span class='ocrx_word' id='word_1_454' title='bbox 3124 1408 3483 1464; x_wconf 72' lang='lat' dir='ltr'><strong>58Davidus</strong></span> <span class='ocrx_word' id='word_1_455' title='bbox 3494 1415 3703 1481; x_wconf 90' lang='lat' dir='ltr'><strong>potum</strong></span> 
     </span>
    </p>
   </div>
   <div class='ocr_carea' id='block_1_61' title="bbox 2048 1492 3704 1565">
    <p class='ocr_par' dir='ltr' id='par_1_61' title="bbox 2048 1492 3704 1565">
     <span class='ocr_line' id='line_1_61' title="bbox 2048 1492 3704 1565; baseline 0.003 -16"><span class='ocrx_word' id='word_1_456' title='bbox 2048 1508 2217 1565; x_wconf 72' lang='lat' dir='ltr'><strong>aqum</strong></span> <span class='ocrx_word' id='word_1_457' title='bbox 2230 1492 2302 1548; x_wconf 91' lang='lat' dir='ltr'><strong>de</strong></span> <span class='ocrx_word' id='word_1_458' title='bbox 2314 1492 2472 1549; x_wconf 86' lang='lat' dir='ltr'><strong>fonte</strong></span> <span class='ocrx_word' id='word_1_459' title='bbox 2487 1493 2967 1551; x_wconf 88' lang='lat' dir='ltr'><strong>Bethlehemeusi</strong></span> <span class='ocrx_word' id='word_1_460' title='bbox 2985 1496 3498 1565; x_wconf 86' lang='lat' dir='ltr'><strong>desideraret,tres</strong></span> <span class='ocrx_word' id='word_1_461' title='bbox 3510 1500 3617 1554; x_wconf 87' lang='lat' dir='ltr'><strong>viri</strong></span> <span class='ocrx_word' id='word_1_462' title='bbox 3633 1500 3704 1556; x_wconf 90' lang='lat' dir='ltr'><strong>de</strong></span> 
     </span>
    </p>
   </div>
   <div class='ocr_carea' id='block_1_62' title="bbox 2046 1581 3707 1661">
    <p class='ocr_par' dir='ltr' id='par_1_62' title="bbox 2046 1581 3707 1661">
     <span class='ocr_line' id='line_1_62' title="bbox 2046 1581 3707 1661; baseline 0.003 -23"><span class='ocrx_word' id='word_1_463' title='bbox 2046 1581 2295 1653; x_wconf 85' lang='lat' dir='ltr'><strong>reliquis</strong></span> <span class='ocrx_word' id='word_1_464' title='bbox 2305 1582 2649 1656; x_wconf 89' lang='lat' dir='ltr'><strong>potentibus</strong></span> <span class='ocrx_word' id='word_1_465' title='bbox 2659 1588 2856 1641; x_wconf 89' lang='lat' dir='ltr'><strong>castra</strong></span> <span class='ocrx_word' id='word_1_466' title='bbox 2871 1585 3265 1642; x_wconf 82' lang='lat' dir='ltr'><strong>Barbarorum</strong></span> <span class='ocrx_word' id='word_1_467' title='bbox 3278 1593 3707 1661; x_wconf 86' lang='lat' dir='ltr'><strong>perruperunt,</strong></span> 
     </span>
    </p>
   </div>
   <div class='ocr_carea' id='block_1_63' title="bbox 2047 1671 3700 1745">
    <p class='ocr_par' dir='ltr' id='par_1_63' title="bbox 2047 1671 3700 1745">
     <span class='ocr_line' id='line_1_63' title="bbox 2047 1671 3700 1745; baseline 0.005 -20"><span class='ocrx_word' id='word_1_468' title='bbox 2047 1671 2291 1744; x_wconf 82' lang='lat' dir='ltr'><strong>regique</strong></span> <span class='ocrx_word' id='word_1_469' title='bbox 2313 1687 2418 1727; x_wconf 87' lang='lat' dir='ltr'><strong>suo</strong></span> <span class='ocrx_word' id='word_1_470' title='bbox 2441 1688 2657 1745; x_wconf 89' lang='lat' dir='ltr'><strong>aquam</strong></span> <span class='ocrx_word' id='word_1_471' title='bbox 2681 1672 2753 1729; x_wconf 92' lang='lat' dir='ltr'><strong>de</strong></span> <span class='ocrx_word' id='word_1_472' title='bbox 2783 1673 2889 1728; x_wconf 91' lang='lat' dir='ltr'><strong>illo</strong></span> <span class='ocrx_word' id='word_1_473' title='bbox 2909 1674 3071 1729; x_wconf 82' lang='lat' dir='ltr'><strong>fonte</strong></span> <span class='ocrx_word' id='word_1_474' title='bbox 3086 1675 3700 1734; x_wconf 83' lang='lat' dir='ltr'><strong>attuleruntDavidus</strong></span> 
     </span>
    </p>
   </div>
   <div class='ocr_carea' id='block_1_64' title="bbox 2047 1762 3693 1839">
    <p class='ocr_par' dir='ltr' id='par_1_64' title="bbox 2047 1762 3693 1839">
     <span class='ocr_line' id='line_1_64' title="bbox 2047 1762 3693 1839; baseline 0.003 -21"><span class='ocrx_word' id='word_1_475' title='bbox 2047 1779 2252 1819; x_wconf 90' lang='lat' dir='ltr'><strong>eorum</strong></span> <span class='ocrx_word' id='word_1_476' title='bbox 2282 1762 2695 1819; x_wconf 85' lang='lat' dir='ltr'><strong>fortitudinem</strong></span> <span class='ocrx_word' id='word_1_477' title='bbox 2726 1763 3053 1821; x_wconf 88' lang='lat' dir='ltr'><strong>admiratus</strong></span> <span class='ocrx_word' id='word_1_478' title='bbox 3107 1781 3227 1820; x_wconf 91' lang='lat' dir='ltr'><strong>non</strong></span> <span class='ocrx_word' id='word_1_479' title='bbox 3275 1765 3426 1821; x_wconf 86' lang='lat' dir='ltr'><strong>bibit</strong></span> <span class='ocrx_word' id='word_1_480' title='bbox 3453 1783 3693 1839; x_wconf 90' lang='lat' dir='ltr'><strong>aquam,</strong></span> 
     </span>
    </p>
   </div>
   <div class='ocr_carea' id='block_1_65' title="bbox 2048 1851 3696 1927">
    <p class='ocr_par' dir='ltr' id='par_1_65' title="bbox 2048 1851 3696 1927">
     <span class='ocr_line' id='line_1_65' title="bbox 2048 1851 3696 1927; baseline 0.003 -21"><span class='ocrx_word' id='word_1_481' title='bbox 2048 1851 2153 1908; x_wconf 87' lang='lat' dir='ltr'><strong>sed</strong></span> <span class='ocrx_word' id='word_1_482' title='bbox 2173 1852 2424 1908; x_wconf 90' lang='lat' dir='ltr'><strong>Domino</strong></span> <span class='ocrx_word' id='word_1_483' title='bbox 2448 1868 2579 1908; x_wconf 88' lang='lat' dir='ltr'><strong>eam</strong></span> <span class='ocrx_word' id='word_1_484' title='bbox 2610 1852 2925 1918; x_wconf 86' lang='lat' dir='ltr'><strong>libavit,ita</strong></span> <span class='ocrx_word' id='word_1_485' title='bbox 2952 1853 3109 1909; x_wconf 81' lang='lat' dir='ltr'><strong>fatus</strong></span> <span class='ocrx_word' id='word_1_486' title='bbox 3132 1852 3201 1910; x_wconf 76' lang='grc' dir='ltr'><strong>⁴⁶ε</strong></span> <span class='ocrx_word' id='word_1_487' title='bbox 3222 1856 3518 1927; x_wconf 89' lang='lat' dir='ltr'><strong>Propitius</strong></span> <span class='ocrx_word' id='word_1_488' title='bbox 3547 1856 3696 1911; x_wconf 90' lang='lat' dir='ltr'><strong>mihi</strong></span> 
     </span>
    </p>
   </div>
   <div class='ocr_carea' id='block_1_66' title="bbox 2047 1941 3725 2017">
    <p class='ocr_par' dir='ltr' id='par_1_66' title="bbox 2047 1941 3725 2017">
     <span class='ocr_line' id='line_1_66' title="bbox 2047 1941 3725 2017; baseline 0 -20"><span class='ocrx_word' id='word_1_489' title='bbox 2047 1941 2440 2009; x_wconf 89' lang='lat' dir='ltr'><strong>sis,Domine:</strong></span> <span class='ocrx_word' id='word_1_490' title='bbox 2473 1958 2597 1998; x_wconf 89' lang='lat' dir='ltr'><strong>non</strong></span> <span class='ocrx_word' id='word_1_491' title='bbox 2625 1941 2827 1998; x_wconf 83' lang='lat' dir='ltr'><strong>bibam</strong></span> <span class='ocrx_word' id='word_1_492' title='bbox 2875 1943 3225 2017; x_wconf 85' lang='lat' dir='ltr'><strong>sanguinem</strong></span> <span class='ocrx_word' id='word_1_493' title='bbox 3282 1944 3562 2012; x_wconf 87' lang='lat' dir='ltr'><strong>virorum,</strong></span> <span class='ocrx_word' id='word_1_494' title='bbox 3591 1946 3725 2016; x_wconf 87' lang='lat' dir='ltr'><strong>qui.</strong></span> 
     </span>
    </p>
   </div>
   <div class='ocr_carea' id='block_1_67' title="bbox 2044 2030 3699 2105">
    <p class='ocr_par' dir='ltr' id='par_1_67' title="bbox 2044 2030 3699 2105">
     <span class='ocr_line' id='line_1_67' title="bbox 2044 2030 3699 2105; baseline 0.003 -20"><span class='ocrx_word' id='word_1_495' title='bbox 2044 2030 2176 2086; x_wconf 68' lang='lat' dir='ltr'><strong>vita)</strong></span> <span class='ocrx_word' id='word_1_496' title='bbox 2201 2047 2324 2086; x_wconf 59' lang='lat' dir='ltr'><strong>suae</strong></span> <span class='ocrx_word' id='word_1_497' title='bbox 2353 2031 2621 2102; x_wconf 90' lang='lat' dir='ltr'><strong>periculo</strong></span> <span class='ocrx_word' id='word_1_498' title='bbox 2643 2047 2775 2088; x_wconf 86' lang='lat' dir='ltr'><strong>eam</strong></span> <span class='ocrx_word' id='word_1_499' title='bbox 2804 2031 3054 2089; x_wconf 88' lang='lat' dir='ltr'><strong>attulere</strong></span> <span class='ocrx_word' id='word_1_500' title='bbox 3072 2046 3310 2105; x_wconf 86' lang='lat' dir='ltr'><strong>aquam.</strong></span> <span class='ocrx_word' id='word_1_501' title='bbox 3338 2053 3364 2085; x_wconf 79' lang='grc' dir='ltr'><strong>ιι</strong></span> <span class='ocrx_word' id='word_1_502' title='bbox 3393 2033 3605 2089; x_wconf 89' lang='lat' dir='ltr'><strong>Itidem</strong></span> <span class='ocrx_word' id='word_1_503' title='bbox 3639 2038 3699 2090; x_wconf 86' lang='lat' dir='ltr'><strong>et</strong></span> 
     </span>
    </p>
   </div>
   <div class='ocr_carea' id='block_1_68' title="bbox 2044 2119 3696 2196">
    <p class='ocr_par' dir='ltr' id='par_1_68' title="bbox 2044 2119 3696 2196">
     <span class='ocr_line' id='line_1_68' title="bbox 2044 2119 3696 2196; baseline 0.002 -20"><span class='ocrx_word' id='word_1_504' title='bbox 2044 2119 2261 2193; x_wconf 87' lang='lat' dir='ltr'><strong>reliqui</strong></span> <span class='ocrx_word' id='word_1_505' title='bbox 2278 2136 2484 2178; x_wconf 87' lang='lat' dir='ltr'><strong>eorum</strong></span> <span class='ocrx_word' id='word_1_506' title='bbox 2520 2121 2958 2194; x_wconf 82' lang='lat' dir='ltr'><strong>insuperabiles</strong></span> <span class='ocrx_word' id='word_1_507' title='bbox 2991 2128 3182 2191; x_wconf 84' lang='lat' dir='ltr'><strong>erant,</strong></span> <span class='ocrx_word' id='word_1_508' title='bbox 3216 2139 3569 2196; x_wconf 87' lang='lat' dir='ltr'><strong>summoque</strong></span> <span class='ocrx_word' id='word_1_509' title='bbox 3585 2124 3696 2180; x_wconf 85' lang='lat' dir='ltr'><strong>ho-</strong></span> 
     </span>
    </p>
   </div>
   <div class='ocr_carea' id='block_1_69' title="bbox 2046 2209 3698 2286">
    <p class='ocr_par' dir='ltr' id='par_1_69' title="bbox 2046 2209 3698 2286">
     <span class='ocr_line' id='line_1_69' title="bbox 2046 2209 3698 2286; baseline 0.002 -20"><span class='ocrx_word' id='word_1_510' title='bbox 2046 2209 2236 2267; x_wconf 86' lang='lat' dir='ltr'><strong>stibus</strong></span> <span class='ocrx_word' id='word_1_511' title='bbox 2276 2211 2513 2279; x_wconf 87' lang='lat' dir='ltr'><strong>terrori,</strong></span> <span class='ocrx_word' id='word_1_512' title='bbox 2542 2212 2727 2268; x_wconf 89' lang='lat' dir='ltr'><strong>scutis</strong></span> <span class='ocrx_word' id='word_1_513' title='bbox 2756 2211 2970 2268; x_wconf 84' lang='lat' dir='ltr'><strong>armati</strong></span> <span class='ocrx_word' id='word_1_514' title='bbox 3001 2218 3063 2267; x_wconf 92' lang='lat' dir='ltr'><strong>et</strong></span> <span class='ocrx_word' id='word_1_515' title='bbox 3097 2212 3284 2269; x_wconf 86' lang='lat' dir='ltr'><strong>hastis</strong></span> <span class='ocrx_word' id='word_1_516' title='bbox 3340 2213 3698 2286; x_wconf 78' lang='lat' dir='ltr'><strong>praegrandi-</strong></span> 
     </span>
    </p>
   </div>
   <div class='ocr_carea' id='block_1_70' title="bbox 2043 2296 3699 2375">
    <p class='ocr_par' dir='ltr' id='par_1_70' title="bbox 2043 2296 3699 2375">
     <span class='ocr_line' id='line_1_70' title="bbox 2043 2296 3699 2375; baseline 0.003 -22"><span class='ocrx_word' id='word_1_517' title='bbox 2043 2296 2178 2366; x_wconf 81' lang='lat' dir='ltr'><strong>bus,</strong></span> <span class='ocrx_word' id='word_1_518' title='bbox 2209 2315 2506 2370; x_wconf 87' lang='lat' dir='ltr'><strong>cursuque</strong></span> <span class='ocrx_word' id='word_1_519' title='bbox 2547 2300 2739 2356; x_wconf 88' lang='lat' dir='ltr'><strong>instar</strong></span> <span class='ocrx_word' id='word_1_520' title='bbox 2790 2306 3207 2356; x_wconf 89' lang='lat' dir='ltr'><strong>montanarum</strong></span> <span class='ocrx_word' id='word_1_521' title='bbox 3241 2318 3555 2375; x_wconf 85' lang='lat' dir='ltr'><strong>caprarum</strong></span> <span class='ocrx_word' id='word_1_522' title='bbox 3599 2319 3699 2358; x_wconf 88' lang='lat' dir='ltr'><strong>ve-</strong></span> 
     </span>
    </p>
   </div>
   <div class='ocr_carea' id='block_1_71' title="bbox 2044 2385 3698 2461">
    <p class='ocr_par' dir='ltr' id='par_1_71' title="bbox 2044 2385 3698 2461">
     <span class='ocr_line' id='line_1_71' title="bbox 2044 2385 3698 2461; baseline 0.004 -19"><span class='ocrx_word' id='word_1_523' title='bbox 2044 2385 2227 2456; x_wconf 88' lang='lat' dir='ltr'><strong>loces,</strong></span> <span class='ocrx_word' id='word_1_524' title='bbox 2259 2403 2329 2444; x_wconf 91' lang='lat' dir='ltr'><strong>ac</strong></span> <span class='ocrx_word' id='word_1_525' title='bbox 2352 2389 2515 2443; x_wconf 80' lang='lat' dir='ltr'><strong>vultu</strong></span> <span class='ocrx_word' id='word_1_526' title='bbox 2547 2388 2788 2445; x_wconf 89' lang='lat' dir='ltr'><strong>leonino</strong></span> <span class='ocrx_word' id='word_1_527' title='bbox 2811 2389 3065 2461; x_wconf 75' lang='lat' dir='ltr'><strong>praediti.</strong></span> <span class='ocrx_word' id='word_1_528' title='bbox 3093 2393 3383 2446; x_wconf 84' lang='lat' dir='ltr'><strong>Caeterum</strong></span> <span class='ocrx_word' id='word_1_529' title='bbox 3410 2408 3698 2448; x_wconf 89' lang='lat' dir='ltr'><strong>numerus</strong></span> 
     </span>
    </p>
   </div>
   <div class='ocr_carea' id='block_1_72' title="bbox 2044 2476 3696 2550">
    <p class='ocr_par' dir='ltr' id='par_1_72' title="bbox 2044 2476 3696 2550">
     <span class='ocr_line' id='line_1_72' title="bbox 2044 2476 3696 2550; baseline 0.002 -18"><span class='ocrx_word' id='word_1_530' title='bbox 2044 2476 2304 2532; x_wconf 86' lang='lat' dir='ltr'><strong>militum</strong></span> <span class='ocrx_word' id='word_1_531' title='bbox 2327 2493 2477 2548; x_wconf 89' lang='lat' dir='ltr'><strong>quos</strong></span> <span class='ocrx_word' id='word_1_532' title='bbox 2499 2477 2572 2532; x_wconf 92' lang='lat' dir='ltr'><strong>de</strong></span> <span class='ocrx_word' id='word_1_533' title='bbox 2605 2477 2824 2550; x_wconf 89' lang='lat' dir='ltr'><strong>populo</strong></span> <span class='ocrx_word' id='word_1_534' title='bbox 2849 2478 3105 2536; x_wconf 88' lang='lat' dir='ltr'><strong>Davidus</strong></span> <span class='ocrx_word' id='word_1_535' title='bbox 3126 2478 3402 2547; x_wconf 85' lang='lat' dir='ltr'><strong>habebat,</strong></span> <span class='ocrx_word' id='word_1_536' title='bbox 3426 2480 3696 2535; x_wconf 66' lang='lat' dir='ltr'><strong>fuit2340</strong></span> 
     </span>
    </p>
   </div>
   <div class='ocr_carea' id='block_1_73' title="bbox 2043 2564 3696 2641">
    <p class='ocr_par' dir='ltr' id='par_1_73' title="bbox 2043 2564 3696 2641">
     <span class='ocr_line' id='line_1_73' title="bbox 2043 2564 3696 2641; baseline 0.002 -21"><span class='ocrx_word' id='word_1_537' title='bbox 2043 2564 2256 2629; x_wconf 90' lang='lat' dir='ltr'><strong>millia,</strong></span> <span class='ocrx_word' id='word_1_538' title='bbox 2299 2581 2477 2637; x_wconf 88' lang='lat' dir='ltr'><strong>quem</strong></span> <span class='ocrx_word' id='word_1_539' title='bbox 2517 2566 2760 2637; x_wconf 89' lang='lat' dir='ltr'><strong>quidem</strong></span> <span class='ocrx_word' id='word_1_540' title='bbox 2815 2566 3034 2622; x_wconf 82' lang='lat' dir='ltr'><strong>Joabus</strong></span> <span class='ocrx_word' id='word_1_541' title='bbox 3093 2568 3388 2623; x_wconf 87' lang='lat' dir='ltr'><strong>exercitus</strong></span> <span class='ocrx_word' id='word_1_542' title='bbox 3416 2569 3696 2641; x_wconf 88' lang='lat' dir='ltr'><strong>princeps</strong></span> 
     </span>
    </p>
   </div>
   <div class='ocr_carea' id='block_1_74' title="bbox 2043 2654 3693 2728">
    <p class='ocr_par' dir='ltr' id='par_1_74' title="bbox 2043 2654 3693 2728">
     <span class='ocr_line' id='line_1_74' title="bbox 2043 2654 3693 2728; baseline 0.002 -17"><span class='ocrx_word' id='word_1_543' title='bbox 2043 2654 2335 2727; x_wconf 86' lang='lat' dir='ltr'><strong>concepit.</strong></span> <span class='ocrx_word' id='word_1_544' title='bbox 2367 2655 2453 2711; x_wconf 87' lang='lat' dir='ltr'><strong>Ita</strong></span> <span class='ocrx_word' id='word_1_545' title='bbox 2465 2655 2625 2711; x_wconf 90' lang='lat' dir='ltr'><strong>enim</strong></span> <span class='ocrx_word' id='word_1_546' title='bbox 2639 2656 2926 2728; x_wconf 89' lang='lat' dir='ltr'><strong>scriptum</strong></span> <span class='ocrx_word' id='word_1_547' title='bbox 2950 2661 3041 2713; x_wconf 90' lang='lat' dir='ltr'><strong>est</strong></span> <span class='ocrx_word' id='word_1_548' title='bbox 3055 2655 3101 2690; x_wconf 82' lang='grc'><strong>⁴⁷</strong></span> <span class='ocrx_word' id='word_1_549' title='bbox 3129 2672 3143 2712; x_wconf 92' lang='lat'><strong>:</strong></span> <span class='ocrx_word' id='word_1_550' title='bbox 3167 2659 3349 2712; x_wconf 81' lang='lat' dir='ltr'><strong>Porro</strong></span> <span class='ocrx_word' id='word_1_551' title='bbox 3373 2663 3571 2713; x_wconf 89' lang='lat' dir='ltr'><strong>autem</strong></span> <span class='ocrx_word' id='word_1_552' title='bbox 3601 2658 3693 2714; x_wconf 88' lang='lat' dir='ltr'><strong>ira</strong></span> 
     </span>
    </p>
   </div>
   <div class='ocr_carea' id='block_1_75' title="bbox 2042 2744 3695 2818">
    <p class='ocr_par' dir='ltr' id='par_1_75' title="bbox 2042 2744 3695 2818">
     <span class='ocr_line' id='line_1_75' title="bbox 2042 2744 3695 2818; baseline 0.001 -18"><span class='ocrx_word' id='word_1_553' title='bbox 2042 2744 2278 2800; x_wconf 88' lang='lat' dir='ltr'><strong>Domini</strong></span> <span class='ocrx_word' id='word_1_554' title='bbox 2301 2744 2583 2800; x_wconf 88' lang='lat' dir='ltr'><strong>adversus</strong></span> <span class='ocrx_word' id='word_1_555' title='bbox 2610 2744 2956 2800; x_wconf 87' lang='lat' dir='ltr'><strong>Israelicum</strong></span> <span class='ocrx_word' id='word_1_556' title='bbox 2987 2744 3279 2818; x_wconf 89' lang='lat' dir='ltr'><strong>populum</strong></span> <span class='ocrx_word' id='word_1_557' title='bbox 3313 2747 3535 2802; x_wconf 82' lang='lat' dir='ltr'><strong>exarsit</strong></span> <span class='ocrx_word' id='word_1_558' title='bbox 3563 2764 3578 2815; x_wconf 85' lang='lat'><strong>;</strong></span> <span class='ocrx_word' id='word_1_559' title='bbox 3610 2747 3695 2802; x_wconf 89' lang='lat' dir='ltr'><strong>is-</strong></span> 
     </span>
    </p>
   </div>
   <div class='ocr_carea' id='block_1_76' title="bbox 2042 2832 3696 2907">
    <p class='ocr_par' dir='ltr' id='par_1_76' title="bbox 2042 2832 3696 2907">
     <span class='ocr_line' id='line_1_76' title="bbox 2042 2832 3696 2907; baseline 0.002 -17"><span class='ocrx_word' id='word_1_560' title='bbox 2042 2848 2158 2905; x_wconf 89' lang='lat' dir='ltr'><strong>que</strong></span> <span class='ocrx_word' id='word_1_561' title='bbox 2191 2832 2475 2890; x_wconf 89' lang='lat' dir='ltr'><strong>Davidum</strong></span> <span class='ocrx_word' id='word_1_562' title='bbox 2497 2832 2841 2889; x_wconf 85' lang='lat' dir='ltr'><strong>incitavitut</strong></span> <span class='ocrx_word' id='word_1_563' title='bbox 2864 2834 3242 2907; x_wconf 89' lang='lat' dir='ltr'><strong>mitteretqui</strong></span> <span class='ocrx_word' id='word_1_564' title='bbox 3258 2835 3603 2892; x_wconf 86' lang='lat' dir='ltr'><strong>Israelicum</strong></span> <span class='ocrx_word' id='word_1_565' title='bbox 3626 2853 3696 2893; x_wconf 89' lang='lat' dir='ltr'><strong>ac</strong></span> 
     </span>
    </p>
   </div>
   <div class='ocr_carea' id='block_1_77' title="bbox 2041 2921 3696 2999">
    <p class='ocr_par' dir='ltr' id='par_1_77' title="bbox 2041 2921 3696 2999">
     <span class='ocr_line' id='line_1_77' title="bbox 2041 2921 3696 2999; baseline 0.002 -21"><span class='ocrx_word' id='word_1_566' title='bbox 2041 2921 2350 2979; x_wconf 79' lang='lat' dir='ltr'><strong>Iudaicum</strong></span> <span class='ocrx_word' id='word_1_567' title='bbox 2380 2922 2668 2996; x_wconf 90' lang='lat' dir='ltr'><strong>populum</strong></span> <span class='ocrx_word' id='word_1_568' title='bbox 2684 2924 3394 2981; x_wconf 82' lang='lat' dir='ltr'><strong>numerarent.Mandavit</strong></span> <span class='ocrx_word' id='word_1_569' title='bbox 3422 2940 3561 2999; x_wconf 88' lang='lat' dir='ltr'><strong>ergo</strong></span> <span class='ocrx_word' id='word_1_570' title='bbox 3589 2942 3696 2981; x_wconf 82' lang='lat' dir='ltr'><strong>rex</strong></span> 
     </span>
    </p>
   </div>
   <div class='ocr_carea' id='block_1_78' title="bbox 2040 3011 3696 3087">
    <p class='ocr_par' dir='ltr' id='par_1_78' title="bbox 2040 3011 3696 3087">
     <span class='ocr_line' id='line_1_78' title="bbox 2040 3011 3696 3087; baseline 0.001 -18"><span class='ocrx_word' id='word_1_571' title='bbox 2040 3012 2220 3069; x_wconf 83' lang='lat' dir='ltr'><strong>Joabo</strong></span> <span class='ocrx_word' id='word_1_572' title='bbox 2243 3027 2485 3068; x_wconf 87' lang='lat' dir='ltr'><strong>suarum</strong></span> <span class='ocrx_word' id='word_1_573' title='bbox 2515 3011 2821 3085; x_wconf 88' lang='lat' dir='ltr'><strong>copiarum</strong></span> <span class='ocrx_word' id='word_1_574' title='bbox 2852 3028 3086 3068; x_wconf 90' lang='lat' dir='ltr'><strong>summo</strong></span> <span class='ocrx_word' id='word_1_575' title='bbox 3118 3012 3276 3081; x_wconf 90' lang='lat' dir='ltr'><strong>duci,</strong></span> <span class='ocrx_word' id='word_1_576' title='bbox 3312 3019 3377 3069; x_wconf 86' lang='lat' dir='ltr'><strong>ut</strong></span> <span class='ocrx_word' id='word_1_577' title='bbox 3407 3014 3696 3087; x_wconf 90' lang='lat' dir='ltr'><strong>populum</strong></span> 
     </span>
    </p>
   </div>
   <div class='ocr_carea' id='block_1_79' title="bbox 2041 3100 3696 3174">
    <p class='ocr_par' dir='ltr' id='par_1_79' title="bbox 2041 3100 3696 3174">
     <span class='ocr_line' id='line_1_79' title="bbox 2041 3100 3696 3174; baseline 0.003 -18"><span class='ocrx_word' id='word_1_578' title='bbox 2041 3101 2431 3174; x_wconf 87' lang='lat' dir='ltr'><strong>perlustraret</strong></span> <span class='ocrx_word' id='word_1_579' title='bbox 2458 3100 2690 3173; x_wconf 88' lang='lat' dir='ltr'><strong>sibique</strong></span> <span class='ocrx_word' id='word_1_580' title='bbox 2722 3100 2851 3174; x_wconf 89' lang='lat' dir='ltr'><strong>ejus</strong></span> <span class='ocrx_word' id='word_1_581' title='bbox 2873 3118 3190 3158; x_wconf 88' lang='lat' dir='ltr'><strong>numerum</strong></span> <span class='ocrx_word' id='word_1_582' title='bbox 3218 3103 3531 3160; x_wconf 89' lang='lat' dir='ltr'><strong>indicaret.</strong></span> <span class='ocrx_word' id='word_1_583' title='bbox 3563 3106 3696 3162; x_wconf 85' lang='lat' dir='ltr'><strong>Joa-</strong></span> 
     </span>
    </p>
   </div>
   <div class='ocr_carea' id='block_1_80' title="bbox 2040 3189 3692 3265">
    <p class='ocr_par' dir='ltr' id='par_1_80' title="bbox 2040 3189 3692 3265">
     <span class='ocr_line' id='line_1_80' title="bbox 2040 3189 3692 3265; baseline 0.003 -19"><span class='ocrx_word' id='word_1_584' title='bbox 2040 3189 2153 3246; x_wconf 89' lang='lat' dir='ltr'><strong>bus</strong></span> <span class='ocrx_word' id='word_1_585' title='bbox 2166 3190 2651 3260; x_wconf 85' lang='lat' dir='ltr'><strong>tametsi,increm</strong></span> <span class='ocrx_word' id='word_1_586' title='bbox 2662 3195 2863 3245; x_wconf 89' lang='lat' dir='ltr'><strong>entum</strong></span> <span class='ocrx_word' id='word_1_587' title='bbox 2876 3190 3081 3264; x_wconf 88' lang='lat' dir='ltr'><strong>populi</strong></span> <span class='ocrx_word' id='word_1_588' title='bbox 3094 3192 3214 3265; x_wconf 92' lang='lat' dir='ltr'><strong>regi</strong></span> <span class='ocrx_word' id='word_1_589' title='bbox 3239 3198 3533 3264; x_wconf 82' lang='lat' dir='ltr'><strong>precatus,</strong></span> <span class='ocrx_word' id='word_1_590' title='bbox 3551 3211 3692 3251; x_wconf 86' lang='lat' dir='ltr'><strong>cau-</strong></span> 
     </span>
    </p>
   </div>
   <div class='ocr_carea' id='block_1_81' title="bbox 2043 3280 3689 3353">
    <p class='ocr_par' dir='ltr' id='par_1_81' title="bbox 2043 3280 3689 3353">
     <span class='ocr_line' id='line_1_81' title="bbox 2043 3280 3689 3353; baseline 0.002 -16"><span class='ocrx_word' id='word_1_591' title='bbox 2043 3285 2277 3337; x_wconf 79' lang='lat' dir='ltr'><strong>saretur</strong></span> <span class='ocrx_word' id='word_1_592' title='bbox 2300 3280 2414 3336; x_wconf 88' lang='lat' dir='ltr'><strong>sibi</strong></span> <span class='ocrx_word' id='word_1_593' title='bbox 2441 3280 2662 3336; x_wconf 88' lang='lat' dir='ltr'><strong>mirum</strong></span> <span class='ocrx_word' id='word_1_594' title='bbox 2683 3281 2867 3337; x_wconf 89' lang='lat' dir='ltr'><strong>videri</strong></span> <span class='ocrx_word' id='word_1_595' title='bbox 2899 3298 3007 3336; x_wconf 90' lang='lat' dir='ltr'><strong>cur</strong></span> <span class='ocrx_word' id='word_1_596' title='bbox 3033 3298 3138 3337; x_wconf 92' lang='lat' dir='ltr'><strong>rex</strong></span> <span class='ocrx_word' id='word_1_597' title='bbox 3178 3281 3291 3338; x_wconf 90' lang='lat' dir='ltr'><strong>hoc</strong></span> <span class='ocrx_word' id='word_1_598' title='bbox 3327 3284 3455 3338; x_wconf 74' lang='lat' dir='ltr'><strong>fieri</strong></span> <span class='ocrx_word' id='word_1_599' title='bbox 3492 3283 3689 3353; x_wconf 84' lang='lat' dir='ltr'><strong>vellet,</strong></span> 
     </span>
    </p>
   </div>
   <div class='ocr_carea' id='block_1_82' title="bbox 2044 3368 3691 3445">
    <p class='ocr_par' dir='ltr' id='par_1_82' title="bbox 2044 3368 3691 3445">
     <span class='ocr_line' id='line_1_82' title="bbox 2044 3368 3691 3445; baseline 0.001 -18"><span class='ocrx_word' id='word_1_600' title='bbox 2044 3374 2245 3427; x_wconf 86' lang='lat' dir='ltr'><strong>tamen</strong></span> <span class='ocrx_word' id='word_1_601' title='bbox 2269 3371 2424 3443; x_wconf 89' lang='lat' dir='ltr'><strong>regis</strong></span> <span class='ocrx_word' id='word_1_602' title='bbox 2442 3370 2721 3426; x_wconf 85' lang='lat' dir='ltr'><strong>mandato</strong></span> <span class='ocrx_word' id='word_1_603' title='bbox 2744 3368 3099 3443; x_wconf 70' lang='lat' dir='ltr'><strong>przevalente</strong></span> <span class='ocrx_word' id='word_1_604' title='bbox 3123 3370 3268 3428; x_wconf 86' lang='lat' dir='ltr'><strong>abiit</strong></span> <span class='ocrx_word' id='word_1_605' title='bbox 3284 3372 3691 3445; x_wconf 85' lang='lat' dir='ltr'><strong>populumque</strong></span> 
     </span>
    </p>
   </div>
   <div class='ocr_carea' id='block_1_83' title="bbox 2043 3459 3693 3535">
    <p class='ocr_par' dir='ltr' id='par_1_83' title="bbox 2043 3459 3693 3535">
     <span class='ocr_line' id='line_1_83' title="bbox 2043 3459 3693 3535; baseline 0.001 -19"><span class='ocrx_word' id='word_1_606' title='bbox 2043 3459 2437 3532; x_wconf 31' lang='lat' dir='ltr'><strong>perlustravit.</strong></span> <span class='ocrx_word' id='word_1_607' title='bbox 2474 3461 2721 3516; x_wconf 89' lang='lat' dir='ltr'><strong>Inventa</strong></span> <span class='ocrx_word' id='word_1_608' title='bbox 2775 3466 2916 3516; x_wconf 91' lang='lat' dir='ltr'><strong>sunt</strong></span> <span class='ocrx_word' id='word_1_609' title='bbox 2970 3460 3236 3518; x_wconf 88' lang='lat' dir='ltr'><strong>Israelici</strong></span> <span class='ocrx_word' id='word_1_610' title='bbox 3291 3461 3493 3535; x_wconf 88' lang='lat' dir='ltr'><strong>p0puli</strong></span> <span class='ocrx_word' id='word_1_611' title='bbox 3554 3465 3693 3518; x_wconf 88' lang='grc'>1100</span> 
     </span>
    </p>
   </div>
   <div class='ocr_carea' id='block_1_84' title="bbox 2042 3547 3690 3623">
    <p class='ocr_par' dir='ltr' id='par_1_84' title="bbox 2042 3547 3690 3623">
     <span class='ocr_line' id='line_1_84' title="bbox 2042 3547 3690 3623; baseline 0.001 -20"><span class='ocrx_word' id='word_1_612' title='bbox 2042 3548 2234 3604; x_wconf 87' lang='lat' dir='ltr'><strong>millia</strong></span> <span class='ocrx_word' id='word_1_613' title='bbox 2263 3548 2517 3604; x_wconf 87' lang='lat' dir='ltr'><strong>virorum</strong></span> <span class='ocrx_word' id='word_1_614' title='bbox 2550 3547 2813 3621; x_wconf 79' lang='lat' dir='ltr'><strong>gladium</strong></span> <span class='ocrx_word' id='word_1_615' title='bbox 2862 3550 3306 3623; x_wconf 85' lang='lat' dir='ltr'><strong>stringentium,</strong></span> <span class='ocrx_word' id='word_1_616' title='bbox 3357 3556 3417 3607; x_wconf 87' lang='lat' dir='ltr'><strong>et</strong></span> <span class='ocrx_word' id='word_1_617' title='bbox 3464 3550 3690 3607; x_wconf 77' lang='lat' dir='ltr'><strong>Iudaici</strong></span> 
     </span>
    </p>
   </div>
   <div class='ocr_carea' id='block_1_85' title="bbox 2041 3637 3689 3709">
    <p class='ocr_par' dir='ltr' id='par_1_85' title="bbox 2041 3637 3689 3709">
     <span class='ocr_line' id='line_1_85' title="bbox 2041 3637 3689 3709; baseline 0.001 -16"><span class='ocrx_word' id='word_1_618' title='bbox 2041 3640 2146 3693; x_wconf 83' lang='grc'>480</span> <span class='ocrx_word' id='word_1_619' title='bbox 2176 3637 2386 3692; x_wconf 87' lang='lat' dir='ltr'><strong>millia.</strong></span> <span class='ocrx_word' id='word_1_620' title='bbox 2420 3638 2583 3692; x_wconf 86' lang='lat' dir='ltr'><strong>Levis</strong></span> <span class='ocrx_word' id='word_1_621' title='bbox 2610 3642 2669 3693; x_wconf 91' lang='lat' dir='ltr'><strong>et</strong></span> <span class='ocrx_word' id='word_1_622' title='bbox 2697 3637 3033 3709; x_wconf 86' lang='lat' dir='ltr'><strong>Benjamini</strong></span> <span class='ocrx_word' id='word_1_623' title='bbox 3060 3638 3251 3695; x_wconf 88' lang='lat' dir='ltr'><strong>tribus</strong></span> <span class='ocrx_word' id='word_1_624' title='bbox 3271 3656 3536 3696; x_wconf 76' lang='lat' dir='ltr'><strong>recenses</strong></span> <span class='ocrx_word' id='word_1_625' title='bbox 3568 3656 3689 3694; x_wconf 90' lang='lat' dir='ltr'><strong>non</strong></span> 
     </span>
    </p>
   </div>
   <div class='ocr_carea' id='block_1_86' title="bbox 2042 3725 3684 3800">
    <p class='ocr_par' dir='ltr' id='par_1_86' title="bbox 2042 3725 3684 3800">
     <span class='ocr_line' id='line_1_86' title="bbox 2042 3725 3684 3800; baseline -0.001 -17"><span class='ocrx_word' id='word_1_626' title='bbox 2042 3731 2219 3783; x_wconf 87' lang='lat' dir='ltr'><strong>sunt:</strong></span> <span class='ocrx_word' id='word_1_627' title='bbox 2250 3725 2580 3782; x_wconf 73' lang='lat' dir='ltr'><strong>offenderat</strong></span> <span class='ocrx_word' id='word_1_628' title='bbox 2600 3726 2759 3782; x_wconf 89' lang='lat' dir='ltr'><strong>enim</strong></span> <span class='ocrx_word' id='word_1_629' title='bbox 2787 3728 3149 3800; x_wconf 89' lang='lat' dir='ltr'><strong>regissermo</strong></span> <span class='ocrx_word' id='word_1_630' title='bbox 3167 3728 3437 3784; x_wconf 82' lang='lat' dir='ltr'><strong>Joabum.</strong></span> <span class='ocrx_word' id='word_1_631' title='bbox 3470 3728 3684 3799; x_wconf 87' lang='lat' dir='ltr'><strong>Displi-</strong></span> 
     </span>
    </p>
   </div>
   <div class='ocr_carea' id='block_1_87' title="bbox 2043 3815 3690 3882">
    <p class='ocr_par' dir='ltr' id='par_1_87' title="bbox 2043 3815 3690 3882">
     <span class='ocr_line' id='line_1_87' title="bbox 2043 3815 3690 3882; baseline -0.001 -10"><span class='ocrx_word' id='word_1_632' title='bbox 2043 3815 2370 3872; x_wconf 81' lang='lat' dir='ltr'><strong>cuitautem</strong></span> <span class='ocrx_word' id='word_1_633' title='bbox 2405 3817 2546 3873; x_wconf 69' lang='grc'><strong>154</strong></span> <span class='ocrx_word' id='word_1_634' title='bbox 2563 3817 2681 3871; x_wconf 90' lang='lat' dir='ltr'><strong>Deo</strong></span> <span class='ocrx_word' id='word_1_635' title='bbox 2696 3815 3011 3882; x_wconf 84' lang='lat' dir='ltr'><strong>idfactum,</strong></span> <span class='ocrx_word' id='word_1_636' title='bbox 3044 3816 3690 3873; x_wconf 88' lang='lat' dir='ltr'><strong>etcorDaviditremuit</strong></span> 
     </span>
    </p>
   </div>
   <div class='ocr_carea' id='block_1_88' title="bbox 2042 3903 3690 3976">
    <p class='ocr_par' dir='ltr' id='par_1_88' title="bbox 2042 3903 3690 3976">
     <span class='ocr_line' id='line_1_88' title="bbox 2042 3903 3690 3976; baseline -0.001 -17"><span class='ocrx_word' id='word_1_637' title='bbox 2042 3903 2316 3960; x_wconf 86' lang='lat' dir='ltr'><strong>instituta</strong></span> <span class='ocrx_word' id='word_1_638' title='bbox 2364 3919 2434 3959; x_wconf 89' lang='lat' dir='ltr'><strong>ea</strong></span> <span class='ocrx_word' id='word_1_639' title='bbox 2466 3903 2968 3960; x_wconf 86' lang='lat' dir='ltr'><strong>dinumeratione.</strong></span> <span class='ocrx_word' id='word_1_640' title='bbox 3003 3903 3292 3960; x_wconf 86' lang='lat' dir='ltr'><strong>Dominus</strong></span> <span class='ocrx_word' id='word_1_641' title='bbox 3330 3920 3466 3976; x_wconf 87' lang='lat' dir='ltr'><strong>ergo</strong></span> <span class='ocrx_word' id='word_1_642' title='bbox 3497 3909 3690 3959; x_wconf 86' lang='lat' dir='ltr'><strong>vatem</strong></span> 
     </span>
    </p>
   </div>
   <div class='ocr_carea' id='block_1_89' title="bbox 2042 3991 3693 4065">
    <p class='ocr_par' dir='ltr' id='par_1_89' title="bbox 2042 3991 3693 4065">
     <span class='ocr_line' id='line_1_89' title="bbox 2042 3991 3693 4065; baseline -0.001 -16"><span class='ocrx_word' id='word_1_643' title='bbox 2042 3992 2269 4049; x_wconf 86' lang='lat' dir='ltr'><strong>Gadum</strong></span> <span class='ocrx_word' id='word_1_644' title='bbox 2299 3992 2374 4049; x_wconf 87' lang='lat' dir='ltr'><strong>ad</strong></span> <span class='ocrx_word' id='word_1_645' title='bbox 2406 3993 2688 4049; x_wconf 86' lang='lat' dir='ltr'><strong>Davidum</strong></span> <span class='ocrx_word' id='word_1_646' title='bbox 2720 3993 2902 4061; x_wconf 86' lang='lat' dir='ltr'><strong>misit,</strong></span> <span class='ocrx_word' id='word_1_647' title='bbox 2938 3992 3040 4065; x_wconf 91' lang='lat' dir='ltr'><strong>qui</strong></span> <span class='ocrx_word' id='word_1_648' title='bbox 3070 3992 3122 4047; x_wconf 77' lang='lat' dir='ltr'><strong>ei</strong></span> <span class='ocrx_word' id='word_1_649' title='bbox 3155 3992 3280 4048; x_wconf 87' lang='lat' dir='ltr'><strong>suis</strong></span> <span class='ocrx_word' id='word_1_650' title='bbox 3309 3992 3502 4048; x_wconf 86' lang='lat' dir='ltr'><strong>verbis</strong></span> <span class='ocrx_word' id='word_1_651' title='bbox 3532 3991 3693 4047; x_wconf 88' lang='lat' dir='ltr'><strong>indi-</strong></span> 
     </span>
    </p>
   </div>
   <div class='ocr_carea' id='block_1_90' title="bbox 2041 4081 3689 4155">
    <p class='ocr_par' dir='ltr' id='par_1_90' title="bbox 2041 4081 3689 4155">
     <span class='ocr_line' id='line_1_90' title="bbox 2041 4081 3689 4155; baseline -0.002 -15"><span class='ocrx_word' id='word_1_652' title='bbox 2041 4089 2205 4140; x_wconf 89' lang='lat' dir='ltr'><strong>caret</strong></span> <span class='ocrx_word' id='word_1_653' title='bbox 2231 4082 2531 4154; x_wconf 87' lang='lat' dir='ltr'><strong>optionem</strong></span> <span class='ocrx_word' id='word_1_654' title='bbox 2562 4082 2672 4155; x_wconf 87' lang='lat' dir='ltr'><strong>ipsi</strong></span> <span class='ocrx_word' id='word_1_655' title='bbox 2731 4083 2859 4139; x_wconf 85' lang='lat' dir='ltr'><strong>dari</strong></span> <span class='ocrx_word' id='word_1_656' title='bbox 2916 4082 3208 4139; x_wconf 87' lang='lat' dir='ltr'><strong>liberam:</strong></span> <span class='ocrx_word' id='word_1_657' title='bbox 3240 4081 3331 4138; x_wconf 85' lang='lat' dir='ltr'><strong>vel</strong></span> <span class='ocrx_word' id='word_1_658' title='bbox 3379 4082 3689 4154; x_wconf 84' lang='lat' dir='ltr'><strong>penuriam</strong></span> 
     </span>
    </p>
   </div>
   <div class='ocr_carea' id='block_1_91' title="bbox 2042 4170 3692 4243">
    <p class='ocr_par' dir='ltr' id='par_1_91' title="bbox 2042 4170 3692 4243">
     <span class='ocr_line' id='line_1_91' title="bbox 2042 4170 3692 4243; baseline -0.002 -16"><span class='ocrx_word' id='word_1_659' title='bbox 2042 4170 2399 4227; x_wconf 90' lang='lat' dir='ltr'><strong>triennalem</strong></span> <span class='ocrx_word' id='word_1_660' title='bbox 2428 4171 2616 4243; x_wconf 81' lang='lat' dir='ltr'><strong>regni,</strong></span> <span class='ocrx_word' id='word_1_661' title='bbox 2648 4171 2739 4227; x_wconf 85' lang='lat' dir='ltr'><strong>vel</strong></span> <span class='ocrx_word' id='word_1_662' title='bbox 2768 4171 2949 4227; x_wconf 88' lang='lat' dir='ltr'><strong>trium</strong></span> <span class='ocrx_word' id='word_1_663' title='bbox 2978 4171 3278 4230; x_wconf 88' lang='lat' dir='ltr'><strong>mensium</strong></span> <span class='ocrx_word' id='word_1_664' title='bbox 3300 4170 3500 4243; x_wconf 82' lang='lat' dir='ltr'><strong>fugam</strong></span> <span class='ocrx_word' id='word_1_665' title='bbox 3522 4170 3692 4225; x_wconf 87' lang='lat' dir='ltr'><strong>inse-</strong></span> 
     </span>
    </p>
   </div>
   <div class='ocr_carea' id='block_1_92' title="bbox 2042 4259 3694 4334">
    <p class='ocr_par' dir='ltr' id='par_1_92' title="bbox 2042 4259 3694 4334">
     <span class='ocr_line' id='line_1_92' title="bbox 2042 4259 3694 4334; baseline -0.002 -16"><span class='ocrx_word' id='word_1_666' title='bbox 2042 4260 2366 4334; x_wconf 89' lang='lat' dir='ltr'><strong>quentibus</strong></span> <span class='ocrx_word' id='word_1_667' title='bbox 2397 4260 2689 4329; x_wconf 85' lang='lat' dir='ltr'><strong>hostibus,</strong></span> <span class='ocrx_word' id='word_1_668' title='bbox 2723 4260 2813 4316; x_wconf 87' lang='lat' dir='ltr'><strong>vel</strong></span> <span class='ocrx_word' id='word_1_669' title='bbox 2843 4265 3071 4333; x_wconf 86' lang='lat' dir='ltr'><strong>pestem</strong></span> <span class='ocrx_word' id='word_1_670' title='bbox 3132 4260 3312 4317; x_wconf 89' lang='lat' dir='ltr'><strong>trium</strong></span> <span class='ocrx_word' id='word_1_671' title='bbox 3362 4259 3595 4315; x_wconf 88' lang='lat' dir='ltr'><strong>dierum</strong></span> <span class='ocrx_word' id='word_1_672' title='bbox 3631 4259 3694 4314; x_wconf 90' lang='lat' dir='ltr'><strong>in</strong></span> 
     </span>
    </p>
   </div>
   <div class='ocr_carea' id='block_1_93' title="bbox 2043 4348 3695 4423">
    <p class='ocr_par' dir='ltr' id='par_1_93' title="bbox 2043 4348 3695 4423">
     <span class='ocr_line' id='line_1_93' title="bbox 2043 4348 3695 4423; baseline -0.002 -17"><span class='ocrx_word' id='word_1_673' title='bbox 2043 4367 2223 4423; x_wconf 82' lang='lat' dir='ltr'><strong>regno</strong></span> <span class='ocrx_word' id='word_1_674' title='bbox 2255 4367 2362 4407; x_wconf 88' lang='lat' dir='ltr'><strong>suo</strong></span> <span class='ocrx_word' id='word_1_675' title='bbox 2392 4349 2699 4423; x_wconf 86' lang='lat' dir='ltr'><strong>deligeret.</strong></span> <span class='ocrx_word' id='word_1_676' title='bbox 2759 4348 3086 4422; x_wconf 85' lang='lat' dir='ltr'><strong>Respondit</strong></span> <span class='ocrx_word' id='word_1_677' title='bbox 3137 4365 3242 4406; x_wconf 90' lang='lat' dir='ltr'><strong>rex</strong></span> <span class='ocrx_word' id='word_1_678' title='bbox 3298 4367 3363 4405; x_wconf 88' lang='lat' dir='ltr'><strong>se</strong></span> <span class='ocrx_word' id='word_1_679' title='bbox 3420 4350 3484 4404; x_wconf 89' lang='lat' dir='ltr'><strong>in</strong></span> <span class='ocrx_word' id='word_1_680' title='bbox 3516 4348 3695 4405; x_wconf 83' lang='lat' dir='ltr'><strong>tantis</strong></span> 
     </span>
    </p>
   </div>
   <div class='ocr_carea' id='block_1_94' title="bbox 2041 4438 3696 4514">
    <p class='ocr_par' dir='ltr' id='par_1_94' title="bbox 2041 4438 3696 4514">
     <span class='ocr_line' id='line_1_94' title="bbox 2041 4438 3696 4514; baseline -0.001 -18"><span class='ocrx_word' id='word_1_681' title='bbox 2041 4441 2333 4514; x_wconf 88' lang='lat' dir='ltr'><strong>angustiis</strong></span> <span class='ocrx_word' id='word_1_682' title='bbox 2362 4445 2699 4497; x_wconf 85' lang='lat' dir='ltr'><strong>versantem</strong></span> <span class='ocrx_word' id='word_1_683' title='bbox 2724 4439 2900 4496; x_wconf 88' lang='lat' dir='ltr'><strong>malle</strong></span> <span class='ocrx_word' id='word_1_684' title='bbox 2930 4440 2993 4495; x_wconf 89' lang='lat' dir='ltr'><strong>in</strong></span> <span class='ocrx_word' id='word_1_685' title='bbox 3025 4441 3151 4507; x_wconf 90' lang='lat' dir='ltr'><strong>Dei,</strong></span> <span class='ocrx_word' id='word_1_686' title='bbox 3184 4439 3356 4511; x_wconf 88' lang='lat' dir='ltr'><strong>cujus</strong></span> <span class='ocrx_word' id='word_1_687' title='bbox 3382 4438 3696 4512; x_wconf 83' lang='lat' dir='ltr'><strong>multiplex</strong></span> 
     </span>
    </p>
   </div>
   <div class='ocr_carea' id='block_1_95' title="bbox 2042 4532 3695 4606">
    <p class='ocr_par' dir='ltr' id='par_1_95' title="bbox 2042 4532 3695 4606">
     <span class='ocr_line' id='line_1_95' title="bbox 2042 4532 3695 4606; baseline -0.002 -15"><span class='ocrx_word' id='word_1_688' title='bbox 2042 4539 2202 4591; x_wconf 87' lang='lat' dir='ltr'><strong>esset</strong></span> <span class='ocrx_word' id='word_1_689' title='bbox 2232 4534 2851 4606; x_wconf 83' lang='lat' dir='ltr'><strong>misericordia,quam</strong></span> <span class='ocrx_word' id='word_1_690' title='bbox 2883 4534 2946 4589; x_wconf 93' lang='lat' dir='ltr'><strong>in</strong></span> <span class='ocrx_word' id='word_1_691' title='bbox 2977 4533 3293 4589; x_wconf 85' lang='lat' dir='ltr'><strong>hominum</strong></span> <span class='ocrx_word' id='word_1_692' title='bbox 3316 4532 3695 4590; x_wconf 86' lang='lat' dir='ltr'><strong>manusinci-</strong></span> 
     </span>
    </p>
   </div>
   <div class='ocr_carea' id='block_1_96' title="bbox 282 4616 1936 4701">
    <p class='ocr_par' dir='ltr' id='par_1_96' title="bbox 282 4616 1936 4701">
     <span class='ocr_line' id='line_1_96' title="bbox 282 4616 1936 4701; baseline -0.002 -21"><span class='ocrx_word' id='word_1_693' title='bbox 282 4624 569 4681; x_wconf 72' lang='grc' dir='ltr'><strong>ἆπέστειλε</strong></span> <span class='ocrx_word' id='word_1_694' title='bbox 601 4624 800 4698; x_wconf 81' lang='grc' dir='ltr'><strong>Κύριος</strong></span> <span class='ocrx_word' id='word_1_695' title='bbox 829 4621 937 4681; x_wconf 80' lang='grc' dir='ltr'><strong>Γὰδ</strong></span> <span class='ocrx_word' id='word_1_696' title='bbox 995 4625 1091 4680; x_wconf 81' lang='grc' dir='ltr'><strong>τὸν</strong></span> <span class='ocrx_word' id='word_1_697' title='bbox 1147 4624 1436 4701; x_wconf 71' lang='grc' dir='ltr'><strong>προφήτην</strong></span> <span class='ocrx_word' id='word_1_698' title='bbox 1457 4622 1594 4698; x_wconf 81' lang='grc' dir='ltr'><strong>πρὸς</strong></span> <span class='ocrx_word' id='word_1_699' title='bbox 1625 4616 1815 4692; x_wconf 78' lang='grc' dir='ltr'><strong>Δαϐὶδ,</strong></span> <span class='ocrx_word' id='word_1_700' title='bbox 1845 4622 1936 4677; x_wconf 80' lang='grc' dir='ltr'><strong>καὶ</strong></span> 
     </span>
    </p>
   </div>
   <div class='ocr_carea' id='block_1_97' title="bbox 2044 4616 3694 4701">
    <p class='ocr_par' dir='ltr' id='par_1_97' title="bbox 2044 4622 3694 4696">
     <span class='ocr_line' id='line_1_97' title="bbox 2044 4622 3694 4696; baseline -0.002 -17"><span class='ocrx_word' id='word_1_701' title='bbox 2044 4622 2221 4679; x_wconf 87' lang='lat' dir='ltr'><strong>dere:</strong></span> <span class='ocrx_word' id='word_1_702' title='bbox 2254 4623 2503 4695; x_wconf 90' lang='lat' dir='ltr'><strong>proinde</strong></span> <span class='ocrx_word' id='word_1_703' title='bbox 2544 4623 2947 4696; x_wconf 84' lang='lat' dir='ltr'><strong>pestilentiam</strong></span> <span class='ocrx_word' id='word_1_704' title='bbox 2998 4622 3301 4694; x_wconf 69' lang='lat' dir='ltr'><strong>praeferre.</strong></span> <span class='ocrx_word' id='word_1_705' title='bbox 3352 4625 3501 4692; x_wconf 81' lang='lat' dir='ltr'><strong>Ergo</strong></span> <span class='ocrx_word' id='word_1_706' title='bbox 3558 4638 3694 4677; x_wconf 88' lang='lat' dir='ltr'><strong>cum</strong></span> 
     </span>
    </p>
   </div>
   <div class='ocr_carea' id='block_1_98' title="bbox 282 4711 1934 4789">
    <p class='ocr_par' dir='ltr' id='par_1_98' title="bbox 282 4711 1934 4789">
     <span class='ocr_line' id='line_1_98' title="bbox 282 4711 1934 4789; baseline -0.001 -20"><span class='ocrx_word' id='word_1_707' title='bbox 282 4715 417 4770; x_wconf 75' lang='grc' dir='ltr'><strong>εἴπεο</strong></span> <span class='ocrx_word' id='word_1_708' title='bbox 437 4711 582 4773; x_wconf 79' lang='grc' dir='ltr'><strong>Τάδε</strong></span> <span class='ocrx_word' id='word_1_709' title='bbox 607 4711 755 4789; x_wconf 77' lang='grc' dir='ltr'><strong>λέγει</strong></span> <span class='ocrx_word' id='word_1_710' title='bbox 786 4712 1008 4786; x_wconf 82' lang='grc' dir='ltr'><strong>Κύριος·</strong></span> <span class='ocrx_word' id='word_1_711' title='bbox 1038 4711 1297 4784; x_wconf 77' lang='grc' dir='ltr'><strong>’Έκλεξαι</strong></span> <span class='ocrx_word' id='word_1_712' title='bbox 1328 4713 1537 4785; x_wconf 79' lang='grc' dir='ltr'><strong>σεαυτῷ</strong></span> <span class='ocrx_word' id='word_1_713' title='bbox 1565 4711 1811 4788; x_wconf 67' lang='grc' dir='ltr'><strong>γενέσθαι</strong></span> <span class='ocrx_word' id='word_1_714' title='bbox 1842 4731 1934 4767; x_wconf 90' lang='grc' dir='ltr'><strong>σοι</strong></span> 
     </span>
    </p>
   </div>
   <div class='ocr_carea' id='block_1_99' title="bbox 282 4800 1933 4879">
    <p class='ocr_par' dir='ltr' id='par_1_99' title="bbox 282 4800 1933 4879">
     <span class='ocr_line' id='line_1_99' title="bbox 282 4800 1933 4879; baseline -0.002 -20"><span class='ocrx_word' id='word_1_715' title='bbox 282 4801 316 4872; x_wconf 80' lang='grc' dir='ltr'><strong>ἤ</strong></span> <span class='ocrx_word' id='word_1_716' title='bbox 343 4808 471 4879; x_wconf 76' lang='grc' dir='ltr'><strong>τρια</strong></span> <span class='ocrx_word' id='word_1_717' title='bbox 502 4801 598 4872; x_wconf 75' lang='grc' dir='ltr'><strong>ἔτη</strong></span> <span class='ocrx_word' id='word_1_718' title='bbox 630 4801 799 4876; x_wconf 80' lang='grc' dir='ltr'><strong>λιμὸν</strong></span> <span class='ocrx_word' id='word_1_719' title='bbox 833 4801 887 4857; x_wconf 71' lang='grc' dir='ltr'><strong>ὲν</strong></span> <span class='ocrx_word' id='word_1_720' title='bbox 915 4805 986 4876; x_wconf 73' lang='grc' dir='ltr'><strong>τῇ</strong></span> <span class='ocrx_word' id='word_1_721' title='bbox 1017 4805 1090 4876; x_wconf 72' lang='grc' dir='ltr'><strong>γῇ</strong></span> <span class='ocrx_word' id='word_1_722' title='bbox 1127 4821 1245 4870; x_wconf 83' lang='grc' dir='ltr'><strong>σου,</strong></span> <span class='ocrx_word' id='word_1_723' title='bbox 1301 4802 1337 4872; x_wconf 75' lang='grc' dir='ltr'><strong>ἢ</strong></span> <span class='ocrx_word' id='word_1_724' title='bbox 1397 4807 1573 4875; x_wconf 80' lang='grc' dir='ltr'><strong>μῆνας</strong></span> <span class='ocrx_word' id='word_1_725' title='bbox 1626 4805 1774 4876; x_wconf 82' lang='grc' dir='ltr'><strong>τρεῖς</strong></span> <span class='ocrx_word' id='word_1_726' title='bbox 1804 4800 1933 4878; x_wconf 80' lang='grc' dir='ltr'><strong>φεύ-</strong></span> 
     </span>
    </p>
   </div>
   <div class='ocr_carea' id='block_1_100' title="bbox 285 4889 1933 4968">
    <p class='ocr_par' dir='ltr' id='par_1_100' title="bbox 285 4889 1933 4968">
     <span class='ocr_line' id='line_1_100' title="bbox 285 4889 1933 4968; baseline -0.001 -21"><span class='ocrx_word' id='word_1_727' title='bbox 285 4913 397 4968; x_wconf 81' lang='grc' dir='ltr'><strong>γειν</strong></span> <span class='ocrx_word' id='word_1_728' title='bbox 428 4914 490 4949; x_wconf 86' lang='grc' dir='ltr'><strong>σε</strong></span> <span class='ocrx_word' id='word_1_729' title='bbox 516 4892 577 4949; x_wconf 72' lang='grc' dir='ltr'><strong>ὲκ</strong></span> <span class='ocrx_word' id='word_1_730' title='bbox 604 4897 715 4947; x_wconf 81' lang='grc' dir='ltr'><strong>τῶν</strong></span> <span class='ocrx_word' id='word_1_731' title='bbox 742 4891 960 4968; x_wconf 77' lang='grc' dir='ltr'><strong>ἐχθρῶν</strong></span> <span class='ocrx_word' id='word_1_732' title='bbox 1019 4911 1116 4947; x_wconf 84' lang='grc' dir='ltr'><strong>σου</strong></span> <span class='ocrx_word' id='word_1_733' title='bbox 1174 4889 1503 4966; x_wconf 82' lang='grc' dir='ltr'><strong>ἔμπροσθεν,</strong></span> <span class='ocrx_word' id='word_1_734' title='bbox 1535 4890 1571 4960; x_wconf 75' lang='grc' dir='ltr'><strong>ἢ</strong></span> <span class='ocrx_word' id='word_1_735' title='bbox 1611 4895 1757 4966; x_wconf 82' lang='grc' dir='ltr'><strong>τρεῖς</strong></span> <span class='ocrx_word' id='word_1_736' title='bbox 1783 4890 1933 4963; x_wconf 72' lang='grc' dir='ltr'><strong>ἡμὲ-</strong></span> 
     </span>
    </p>
   </div>
   <div class='ocr_carea' id='block_1_101' title="bbox 286 4974 1934 5058">
    <p class='ocr_par' dir='ltr' id='par_1_101' title="bbox 286 4974 1934 5058">
     <span class='ocr_line' id='line_1_101' title="bbox 286 4974 1934 5058; baseline 0 -21"><span class='ocrx_word' id='word_1_737' title='bbox 286 5001 381 5055; x_wconf 80' lang='grc' dir='ltr'><strong>ρας</strong></span> <span class='ocrx_word' id='word_1_738' title='bbox 435 4984 658 5048; x_wconf 76' lang='grc' dir='ltr'><strong>θάνατον</strong></span> <span class='ocrx_word' id='word_1_739' title='bbox 720 4981 773 5038; x_wconf 74' lang='grc' dir='ltr'><strong>ἓν</strong></span> <span class='ocrx_word' id='word_1_740' title='bbox 831 4985 903 5056; x_wconf 74' lang='grc' dir='ltr'><strong>τῇ</strong></span> <span class='ocrx_word' id='word_1_741' title='bbox 951 4986 1025 5058; x_wconf 75' lang='grc' dir='ltr'><strong>γῇ</strong></span> <span class='ocrx_word' id='word_1_742' title='bbox 1084 5003 1203 5039; x_wconf 85' lang='grc' dir='ltr'><strong>σου.</strong></span> <span class='ocrx_word' id='word_1_743' title='bbox 1260 4980 1364 5040; x_wconf 81' lang='grc' dir='ltr'><strong>Καὶ</strong></span> <span class='ocrx_word' id='word_1_744' title='bbox 1419 4982 1534 5038; x_wconf 80' lang='grc' dir='ltr'><strong>εἶπε</strong></span> <span class='ocrx_word' id='word_1_745' title='bbox 1582 4974 1748 5036; x_wconf 77' lang='grc' dir='ltr'><strong>Δαϐἰδ</strong></span> <span class='ocrx_word' id='word_1_746' title='bbox 1796 4980 1934 5056; x_wconf 85' lang='grc' dir='ltr'><strong>πρὸς</strong></span> 
     </span>
    </p>
   </div>
   <div class='ocr_carea' id='block_1_102' title="bbox 288 5068 1937 5150">
    <p class='ocr_par' dir='ltr' id='par_1_102' title="bbox 288 5068 1937 5150">
     <span class='ocr_line' id='line_1_102' title="bbox 288 5068 1937 5150; baseline -0.001 -24"><span class='ocrx_word' id='word_1_747' title='bbox 288 5071 407 5127; x_wconf 66' lang='grc' dir='ltr'><strong>Γάδ</strong></span> <span class='ocrx_word' id='word_1_748' title='bbox 444 5075 617 5130; x_wconf 82' lang='grc' dir='ltr'><strong>Στενά</strong></span> <span class='ocrx_word' id='word_1_749' title='bbox 639 5093 735 5147; x_wconf 86' lang='grc' dir='ltr'><strong>μοι</strong></span> <span class='ocrx_word' id='word_1_750' title='bbox 784 5068 995 5150; x_wconf 72' lang='grc' dir='ltr'><strong>σφόδρα</strong></span> <span class='ocrx_word' id='word_1_751' title='bbox 1050 5069 1312 5129; x_wconf 55' lang='grc' dir='ltr'><strong>πὼτοθὲν</strong></span> <span class='ocrx_word' id='word_1_752' title='bbox 1373 5070 1509 5129; x_wconf 67' lang='grc' dir='ltr'><strong>ἐστι’</strong></span> <span class='ocrx_word' id='word_1_753' title='bbox 1567 5068 1716 5142; x_wconf 76' lang='grc' dir='ltr'><strong>πλὴν</strong></span> <span class='ocrx_word' id='word_1_754' title='bbox 1771 5068 1937 5145; x_wconf 71' lang='grc' dir='ltr'><strong>ἔμπε-</strong></span> 
     </span>
    </p>
   </div>
   <div class='ocr_carea' id='block_1_103' title="bbox 352 5171 1475 5247">
    <p class='ocr_par' dir='ltr' id='par_1_103' title="bbox 352 5171 1475 5247">
     <span class='ocr_line' id='line_1_103' title="bbox 352 5171 1475 5247; baseline 0.004 -22"><span class='ocrx_word' id='word_1_755' title='bbox 352 5172 401 5225; x_wconf 59' lang='grc' dir='ltr'><strong><em>ΰ</em></strong></span> <span class='ocrx_word' id='word_1_756' title='bbox 427 5175 476 5229; x_wconf 91' lang='lat' dir='ltr'><strong>II</strong></span> <span class='ocrx_word' id='word_1_757' title='bbox 503 5176 643 5247; x_wconf 76' lang='lat' dir='ltr'><strong>Reg.</strong></span> <span class='ocrx_word' id='word_1_758' title='bbox 677 5189 843 5239; x_wconf 75' lang='lat' dir='ltr'><strong>xxiii,</strong></span> <span class='ocrx_word' id='word_1_759' title='bbox 876 5175 963 5229; x_wconf 82' lang='lat' dir='ltr'><strong>l7.</strong></span> <span class='ocrx_word' id='word_1_760' title='bbox 993 5171 1040 5208; x_wconf 80' lang='grc'><strong>⁴⁷</strong></span> <span class='ocrx_word' id='word_1_761' title='bbox 1070 5173 1121 5230; x_wconf 82' lang='lat' dir='ltr'><strong>ll</strong></span> <span class='ocrx_word' id='word_1_762' title='bbox 1150 5174 1288 5246; x_wconf 77' lang='lat' dir='ltr'><strong>Reg.</strong></span> <span class='ocrx_word' id='word_1_763' title='bbox 1324 5189 1475 5229; x_wconf 76' lang='lat' dir='ltr'><strong>xxiv.</strong></span> 
     </span>
    </p>
   </div>
   <div class='ocr_carea' id='block_1_104' title="bbox 2046 4711 3695 4781">
    <p class='ocr_par' dir='ltr' id='par_1_104' title="bbox 2046 4711 3695 4781">
     <span class='ocr_line' id='line_1_104' title="bbox 2046 4711 3695 4781; baseline -0.002 -14"><span class='ocrx_word' id='word_1_764' title='bbox 2046 4712 2281 4769; x_wconf 87' lang='lat' dir='ltr'><strong>triticea</strong></span> <span class='ocrx_word' id='word_1_765' title='bbox 2332 4712 2547 4769; x_wconf 89' lang='lat' dir='ltr'><strong>messis</strong></span> <span class='ocrx_word' id='word_1_766' title='bbox 2596 4718 2772 4777; x_wconf 87' lang='lat' dir='ltr'><strong>esset,</strong></span> <span class='ocrx_word' id='word_1_767' title='bbox 2828 4713 2983 4768; x_wconf 89' lang='lat' dir='ltr'><strong>luem</strong></span> <span class='ocrx_word' id='word_1_768' title='bbox 3036 4713 3190 4771; x_wconf 88' lang='lat' dir='ltr'><strong>Deus</strong></span> <span class='ocrx_word' id='word_1_769' title='bbox 3260 4711 3537 4768; x_wconf 86' lang='lat' dir='ltr'><strong>lsraelico</strong></span> <span class='ocrx_word' id='word_1_770' title='bbox 3595 4726 3695 4781; x_wconf 88' lang='lat' dir='ltr'><strong>po-</strong></span> 
     </span>
    </p>
   </div>
   <div class='ocr_carea' id='block_1_105' title="bbox 2044 4796 3692 4875">
    <p class='ocr_par' dir='ltr' id='par_1_105' title="bbox 2044 4796 3692 4875">
     <span class='ocr_line' id='line_1_105' title="bbox 2044 4796 3692 4875; baseline -0.004 -18"><span class='ocrx_word' id='word_1_771' title='bbox 2044 4801 2186 4875; x_wconf 87' lang='lat' dir='ltr'><strong>pulo</strong></span> <span class='ocrx_word' id='word_1_772' title='bbox 2216 4801 2498 4869; x_wconf 87' lang='lat' dir='ltr'><strong>immisit;</strong></span> <span class='ocrx_word' id='word_1_773' title='bbox 2558 4818 2626 4858; x_wconf 89' lang='lat' dir='ltr'><strong>ac</strong></span> <span class='ocrx_word' id='word_1_774' title='bbox 2656 4802 2965 4875; x_wconf 81' lang='lat' dir='ltr'><strong>perierunt</strong></span> <span class='ocrx_word' id='word_1_775' title='bbox 3019 4801 3093 4858; x_wconf 88' lang='lat' dir='ltr'><strong>ab</strong></span> <span class='ocrx_word' id='word_1_776' title='bbox 3150 4816 3368 4856; x_wconf 87' lang='lat' dir='ltr'><strong>aurora</strong></span> <span class='ocrx_word' id='word_1_777' title='bbox 3395 4813 3585 4869; x_wconf 88' lang='lat' dir='ltr'><strong>usque</strong></span> <span class='ocrx_word' id='word_1_778' title='bbox 3614 4796 3692 4852; x_wconf 91' lang='lat' dir='ltr'><strong>ad</strong></span> 
     </span>
    </p>
   </div>
   <div class='ocr_carea' id='block_1_106' title="bbox 2046 4886 3689 4964">
    <p class='ocr_par' dir='ltr' id='par_1_106' title="bbox 2046 4886 3689 4964">
     <span class='ocr_line' id='line_1_106' title="bbox 2046 4886 3689 4964; baseline -0.004 -18"><span class='ocrx_word' id='word_1_779' title='bbox 2046 4890 2282 4964; x_wconf 88' lang='lat' dir='ltr'><strong>prandii</strong></span> <span class='ocrx_word' id='word_1_780' title='bbox 2313 4890 2521 4947; x_wconf 88' lang='lat' dir='ltr'><strong>horam</strong></span> <span class='ocrx_word' id='word_1_781' title='bbox 2549 4891 2622 4947; x_wconf 88' lang='lat'><strong>70</strong></span> <span class='ocrx_word' id='word_1_782' title='bbox 2650 4891 2961 4947; x_wconf 85' lang='lat' dir='ltr'><strong>hominum</strong></span> <span class='ocrx_word' id='word_1_783' title='bbox 2994 4891 3201 4946; x_wconf 90' lang='lat' dir='ltr'><strong>millia.</strong></span> <span class='ocrx_word' id='word_1_784' title='bbox 3242 4890 3489 4959; x_wconf 87' lang='lat' dir='ltr'><strong>Jamque</strong></span> <span class='ocrx_word' id='word_1_785' title='bbox 3510 4886 3689 4942; x_wconf 88' lang='lat' dir='ltr'><strong>etiam</strong></span> 
     </span>
    </p>
   </div>
   <div class='ocr_carea' id='block_1_107' title="bbox 2046 4973 3691 5055">
    <p class='ocr_par' dir='ltr' id='par_1_107' title="bbox 2046 4973 3691 5055">
     <span class='ocr_line' id='line_1_107' title="bbox 2046 4973 3691 5055; baseline -0.005 -18"><span class='ocrx_word' id='word_1_786' title='bbox 2046 4981 2122 5037; x_wconf 90' lang='lat' dir='ltr'><strong>ad</strong></span> <span class='ocrx_word' id='word_1_787' title='bbox 2151 4980 2480 5037; x_wconf 74' lang='lat' dir='ltr'><strong>Jerusalem</strong></span> <span class='ocrx_word' id='word_1_788' title='bbox 2510 4981 2756 5055; x_wconf 86' lang='lat' dir='ltr'><strong>angelus</strong></span> <span class='ocrx_word' id='word_1_789' title='bbox 2787 4997 3028 5037; x_wconf 87' lang='lat' dir='ltr'><strong>manum</strong></span> <span class='ocrx_word' id='word_1_790' title='bbox 3075 4977 3453 5043; x_wconf 84' lang='lat' dir='ltr'><strong>extendebat,</strong></span> <span class='ocrx_word' id='word_1_791' title='bbox 3506 4980 3573 5031; x_wconf 90' lang='lat' dir='ltr'><strong>ut</strong></span> <span class='ocrx_word' id='word_1_792' title='bbox 3629 4973 3691 5029; x_wconf 90' lang='lat' dir='ltr'><strong>in</strong></span> 
     </span>
    </p>
   </div>
   <div class='ocr_carea' id='block_1_108' title="bbox 2048 5064 3693 5145">
    <p class='ocr_par' dir='ltr' id='par_1_108' title="bbox 2048 5064 3693 5145">
     <span class='ocr_line' id='line_1_108' title="bbox 2048 5064 3693 5145; baseline -0.006 -17"><span class='ocrx_word' id='word_1_793' title='bbox 2048 5087 2117 5128; x_wconf 89' lang='lat' dir='ltr'><strong>ea</strong></span> <span class='ocrx_word' id='word_1_794' title='bbox 2140 5076 2397 5145; x_wconf 87' lang='lat' dir='ltr'><strong>stragem</strong></span> <span class='ocrx_word' id='word_1_795' title='bbox 2428 5070 2648 5129; x_wconf 87' lang='lat' dir='ltr'><strong>ederet.</strong></span> <span class='ocrx_word' id='word_1_796' title='bbox 2681 5070 2764 5127; x_wconf 89' lang='lat' dir='ltr'><strong>lbi</strong></span> <span class='ocrx_word' id='word_1_797' title='bbox 2823 5068 3075 5127; x_wconf 83' lang='lat' dir='ltr'><strong>Davidus</strong></span> <span class='ocrx_word' id='word_1_798' title='bbox 3130 5066 3449 5123; x_wconf 88' lang='lat' dir='ltr'><strong>Dominum</strong></span> <span class='ocrx_word' id='word_1_799' title='bbox 3505 5064 3693 5120; x_wconf 86' lang='lat' dir='ltr'><strong>inter-</strong></span> 
     </span>
    </p>
   </div>
   <div class='ocr_carea' id='block_1_109' title="bbox 1546 5261 2561 5320">
    <p class='ocr_par' dir='ltr' id='par_1_109' title="bbox 1546 5261 2561 5320">
     <span class='ocr_line' id='line_1_109' title="bbox 1546 5261 2561 5320; baseline -0.002 -1"><span class='ocrx_word' id='word_1_800' title='bbox 1546 5263 1914 5320; x_wconf 77' lang='lat' dir='ltr'><strong>XYLANDRI</strong></span> <span class='ocrx_word' id='word_1_801' title='bbox 1953 5263 2040 5318; x_wconf 81' lang='lat' dir='ltr'>ET</span> <span class='ocrx_word' id='word_1_802' title='bbox 2079 5261 2293 5319; x_wconf 78' lang='lat' dir='ltr'><strong>GOARI</strong></span> <span class='ocrx_word' id='word_1_803' title='bbox 2336 5261 2561 5317; x_wconf 73' lang='grc' dir='ltr'><strong>ΝΟΤᾸΞ.</strong></span> 
     </span>
    </p>
   </div>
   <div class='ocr_carea' id='block_1_110' title="bbox 358 5361 1932 5434">
    <p class='ocr_par' dir='ltr' id='par_1_110' title="bbox 358 5361 1932 5434">
     <span class='ocr_line' id='line_1_110' title="bbox 358 5361 1932 5434; baseline 0.001 -17"><span class='ocrx_word' id='word_1_804' title='bbox 358 5364 469 5434; x_wconf 84' lang='lat'><strong>(80)</strong></span> <span class='ocrx_word' id='word_1_805' title='bbox 493 5363 599 5418; x_wconf 80' lang='lat' dir='ltr'><strong>Hic</strong></span> <span class='ocrx_word' id='word_1_806' title='bbox 628 5377 919 5417; x_wconf 85' lang='lat' dir='ltr'><strong>numerus</strong></span> <span class='ocrx_word' id='word_1_807' title='bbox 950 5376 1142 5434; x_wconf 87' lang='lat' dir='ltr'><strong>neque</strong></span> <span class='ocrx_word' id='word_1_808' title='bbox 1162 5377 1299 5434; x_wconf 83' lang='lat' dir='ltr'><strong>cum</strong></span> <span class='ocrx_word' id='word_1_809' title='bbox 1328 5361 1405 5434; x_wconf 88' lang='lat' dir='ltr'><strong>iis</strong></span> <span class='ocrx_word' id='word_1_810' title='bbox 1427 5378 1557 5434; x_wconf 66' lang='lat' dir='ltr'><strong>quas</strong></span> <span class='ocrx_word' id='word_1_811' title='bbox 1589 5362 1932 5427; x_wconf 84' lang='lat' dir='ltr'><strong>statim,ne-</strong></span> 
     </span>
    </p>
   </div>
   <div class='ocr_carea' id='block_1_111' title="bbox 289 5433 1933 5506">
    <p class='ocr_par' dir='ltr' id='par_1_111' title="bbox 289 5433 1933 5506">
     <span class='ocr_line' id='line_1_111' title="bbox 289 5433 1933 5506; baseline 0 -16"><span class='ocrx_word' id='word_1_812' title='bbox 289 5450 399 5506; x_wconf 84' lang='lat' dir='ltr'><strong>que</strong></span> <span class='ocrx_word' id='word_1_813' title='bbox 412 5433 544 5490; x_wconf 85' lang='lat' dir='ltr'><strong>cum</strong></span> <span class='ocrx_word' id='word_1_814' title='bbox 564 5433 638 5489; x_wconf 87' lang='lat' dir='ltr'><strong>iis</strong></span> <span class='ocrx_word' id='word_1_815' title='bbox 653 5449 786 5505; x_wconf 72' lang='lat' dir='ltr'><strong>qua)</strong></span> <span class='ocrx_word' id='word_1_816' title='bbox 816 5449 937 5506; x_wconf 86' lang='lat' dir='ltr'><strong>non</strong></span> <span class='ocrx_word' id='word_1_817' title='bbox 968 5433 1156 5489; x_wconf 89' lang='lat' dir='ltr'><strong>multo</strong></span> <span class='ocrx_word' id='word_1_818' title='bbox 1171 5433 1933 5506; x_wconf 65' lang='lat' dir='ltr'><strong>inferiusdicunturmeque</strong></span> 
     </span>
    </p>
   </div>
   <div class='ocr_carea' id='block_1_112' title="bbox 289 5505 1930 5588">
    <p class='ocr_par' dir='ltr' id='par_1_112' title="bbox 289 5505 1930 5588">
     <span class='ocr_line' id='line_1_112' title="bbox 289 5505 1930 5588; baseline 0.001 -28"><span class='ocrx_word' id='word_1_819' title='bbox 289 5505 698 5588; x_wconf 33' lang='lat' dir='ltr'><strong>omnino‘cum</strong></span> <span class='ocrx_word' id='word_1_820' title='bbox 726 5505 975 5588; x_wconf 71' lang='lat' dir='ltr'><strong>veritate</strong></span> <span class='ocrx_word' id='word_1_821' title='bbox 1001 5505 1815 5588; x_wconf 69' lang='lat' dir='ltr'><strong>congruit.losephus,Antiq.</strong></span> <span class='ocrx_word' id='word_1_822' title='bbox 1834 5522 1930 5588; x_wconf 59' lang='lat' dir='ltr'><strong>vri,</strong></span> 
     </span>
    </p>
   </div>
   <div class='ocr_carea' id='block_1_113' title="bbox 294 5573 1933 5645">
    <p class='ocr_par' dir='ltr' id='par_1_113' title="bbox 294 5573 1933 5645">
     <span class='ocr_line' id='line_1_113' title="bbox 294 5573 1933 5645; baseline -0.001 -13"><span class='ocrx_word' id='word_1_823' title='bbox 294 5577 559 5645; x_wconf 61' lang='lat' dir='ltr'><strong>10,habet</strong></span> <span class='ocrx_word' id='word_1_824' title='bbox 587 5592 907 5633; x_wconf 89' lang='lat' dir='ltr'><strong>numerum</strong></span> <span class='ocrx_word' id='word_1_825' title='bbox 935 5573 1393 5633; x_wconf 77' lang='lat' dir='ltr'><strong>Israeliticorum</strong></span> <span class='ocrx_word' id='word_1_826' title='bbox 1414 5573 1728 5645; x_wconf 64' lang='grc' dir='ltr'><strong>ἐνενήκοντα</strong></span> <span class='ocrx_word' id='word_1_827' title='bbox 1744 5573 1933 5645; x_wconf 65' lang='lat' dir='ltr'><strong>[luptat-</strong></span> 
     </span>
    </p>
   </div>
   <div class='ocr_carea' id='block_1_114' title="bbox 294 5643 1930 5721">
    <p class='ocr_par' dir='ltr' id='par_1_114' title="bbox 294 5643 1930 5721">
     <span class='ocr_line' id='line_1_114' title="bbox 294 5643 1930 5721; baseline -0.004 -14"><span class='ocrx_word' id='word_1_828' title='bbox 294 5643 411 5721; x_wconf 63' lang='grc' dir='ltr'><strong>δας,</strong></span> <span class='ocrx_word' id='word_1_829' title='bbox 455 5651 689 5715; x_wconf 81' lang='lat'><strong>900000,</strong></span> <span class='ocrx_word' id='word_1_830' title='bbox 745 5647 1082 5721; x_wconf 68' lang='lat' dir='ltr'><strong>Judasorum</strong></span> <span class='ocrx_word' id='word_1_831' title='bbox 1156 5643 1556 5721; x_wconf 70' lang='grc' dir='ltr'><strong>τεσσαράκοντα</strong></span> <span class='ocrx_word' id='word_1_832' title='bbox 1640 5643 1930 5721; x_wconf 76' lang='grc' dir='ltr'><strong>μυριάδας,</strong></span> 
     </span>
    </p>
   </div>
   <div class='ocr_carea' id='block_1_115' title="bbox 291 5718 1933 5789">
    <p class='ocr_par' dir='ltr' id='par_1_115' title="bbox 291 5718 1933 5789">
     <span class='ocr_line' id='line_1_115' title="bbox 291 5718 1933 5789; baseline 0 -11"><span class='ocrx_word' id='word_1_833' title='bbox 291 5720 499 5777; x_wconf 65' lang='grc'>600000</span> <span class='ocrx_word' id='word_1_834' title='bbox 562 5721 821 5778; x_wconf 83' lang='lat' dir='ltr'><strong>Zonaras</strong></span> <span class='ocrx_word' id='word_1_835' title='bbox 868 5719 1082 5776; x_wconf 86' lang='lat' dir='ltr'><strong>horum</strong></span> <span class='ocrx_word' id='word_1_836' title='bbox 1142 5718 1374 5789; x_wconf 80' lang='lat'><strong>500000,</strong></span> <span class='ocrx_word' id='word_1_837' title='bbox 1427 5718 1933 5786; x_wconf 75' lang='lat' dir='ltr'><strong>illorum,800000</strong></span> 
     </span>
    </p>
   </div>
   <div class='ocr_carea' id='block_1_116' title="bbox 2042 5354 3694 5429">
    <p class='ocr_par' dir='ltr' id='par_1_116' title="bbox 2042 5354 3694 5429">
     <span class='ocr_line' id='line_1_116' title="bbox 2042 5354 3694 5429; baseline -0.004 -12"><span class='ocrx_word' id='word_1_838' title='bbox 2042 5376 2362 5417; x_wconf 86' lang='lat' dir='ltr'><strong>numerum</strong></span> <span class='ocrx_word' id='word_1_839' title='bbox 2392 5358 2652 5429; x_wconf 89' lang='lat' dir='ltr'><strong>concipit</strong></span> <span class='ocrx_word' id='word_1_840' title='bbox 2677 5375 2691 5424; x_wconf 93' lang='lat'><strong>;</strong></span> <span class='ocrx_word' id='word_1_841' title='bbox 2726 5373 2857 5428; x_wconf 77' lang='lat' dir='ltr'><strong>qum</strong></span> <span class='ocrx_word' id='word_1_842' title='bbox 2887 5361 2978 5413; x_wconf 89' lang='lat' dir='ltr'><strong>est</strong></span> <span class='ocrx_word' id='word_1_843' title='bbox 3008 5354 3267 5412; x_wconf 86' lang='lat' dir='ltr'><strong>Bibliaca</strong></span> <span class='ocrx_word' id='word_1_844' title='bbox 3297 5370 3552 5429; x_wconf 78' lang='lat' dir='ltr'><strong>summa.</strong></span> <span class='ocrx_word' id='word_1_845' title='bbox 3584 5355 3694 5411; x_wconf 87' lang='lat' dir='ltr'><strong>Ce—</strong></span> 
     </span>
    </p>
   </div>
   <div class='ocr_carea' id='block_1_117' title="bbox 2044 5427 3691 5511">
    <p class='ocr_par' dir='ltr' id='par_1_117' title="bbox 2044 5427 3691 5511">
     <span class='ocr_line' id='line_1_117' title="bbox 2044 5427 3691 5511; baseline -0.002 -24"><span class='ocrx_word' id='word_1_846' title='bbox 2044 5431 2265 5511; x_wconf 64' lang='lat' dir='ltr'><strong>drenus</strong></span> <span class='ocrx_word' id='word_1_847' title='bbox 2290 5448 2446 5504; x_wconf 67' lang='lat' dir='ltr'><strong>saepe</strong></span> <span class='ocrx_word' id='word_1_848' title='bbox 2477 5427 2681 5511; x_wconf 79' lang='lat' dir='ltr'><strong>variat,</strong></span> <span class='ocrx_word' id='word_1_849' title='bbox 2714 5429 2965 5495; x_wconf 88' lang='lat' dir='ltr'><strong>librarii,</strong></span> <span class='ocrx_word' id='word_1_850' title='bbox 3005 5433 3189 5511; x_wconf 31' lang='lat' dir='ltr'><strong>‘puto,</strong></span> <span class='ocrx_word' id='word_1_851' title='bbox 3249 5427 3447 5511; x_wconf 79' lang='lat' dir='ltr'><strong>culpa.</strong></span> <span class='ocrx_word' id='word_1_852' title='bbox 3472 5498 3485 5511; x_wconf 42' lang='lat'><em>.</em></span> <span class='ocrx_word' id='word_1_853' title='bbox 3508 5429 3691 5511; x_wconf 69' lang='lat' dir='ltr'><strong>Porro</strong></span> 
     </span>
    </p>
   </div>
   <div class='ocr_carea' id='block_1_118' title="bbox 2041 5498 3692 5573">
    <p class='ocr_par' dir='ltr' id='par_1_118' title="bbox 2041 5498 3692 5573">
     <span class='ocr_line' id='line_1_118' title="bbox 2041 5498 3692 5573; baseline -0.004 -13"><span class='ocrx_word' id='word_1_854' title='bbox 2041 5498 2454 5560; x_wconf 82' lang='lat' dir='ltr'><strong>Hebraismum</strong></span> <span class='ocrx_word' id='word_1_855' title='bbox 2467 5519 2586 5559; x_wconf 90' lang='lat' dir='ltr'><strong>non</strong></span> <span class='ocrx_word' id='word_1_856' title='bbox 2601 5501 2915 5573; x_wconf 78' lang='lat' dir='ltr'><strong>obscurum</strong></span> <span class='ocrx_word' id='word_1_857' title='bbox 2930 5498 3298 5573; x_wconf 87' lang='lat' dir='ltr'><strong>retinui,quo</strong></span> <span class='ocrx_word' id='word_1_858' title='bbox 3311 5498 3416 5556; x_wconf 82' lang='lat' dir='ltr'><strong>viri</strong></span> <span class='ocrx_word' id='word_1_859' title='bbox 3435 5498 3692 5573; x_wconf 82' lang='lat' dir='ltr'><strong>gladium</strong></span> 
     </span>
    </p>
   </div>
   <div class='ocr_carea' id='block_1_119' title="bbox 2043 5570 3693 5648">
    <p class='ocr_par' dir='ltr' id='par_1_119' title="bbox 2043 5570 3693 5648">
     <span class='ocr_line' id='line_1_119' title="bbox 2043 5570 3693 5648; baseline -0.004 -17"><span class='ocrx_word' id='word_1_860' title='bbox 2043 5574 2403 5648; x_wconf 76' lang='lat' dir='ltr'><strong>sti-ingentes</strong></span> <span class='ocrx_word' id='word_1_861' title='bbox 2426 5574 2753 5631; x_wconf 87' lang='lat' dir='ltr'><strong>identidem</strong></span> <span class='ocrx_word' id='word_1_862' title='bbox 2788 5572 2849 5648; x_wconf 78' lang='lat' dir='ltr'><strong>in</strong></span> <span class='ocrx_word' id='word_1_863' title='bbox 2881 5570 3537 5648; x_wconf 30' lang='lat' dir='ltr'><strong>Scriptura‘dicuntur,</strong></span> <span class='ocrx_word' id='word_1_864' title='bbox 3591 5570 3693 5643; x_wconf 88' lang='lat' dir='ltr'><strong>qui</strong></span> 
     </span>
    </p>
   </div>
   <div class='ocr_carea' id='block_1_120' title="bbox 2042 5644 3165 5704">
    <p class='ocr_par' dir='ltr' id='par_1_120' title="bbox 2042 5644 3165 5704">
     <span class='ocr_line' id='line_1_120' title="bbox 2042 5644 3165 5704; baseline -0.004 0"><span class='ocrx_word' id='word_1_865' title='bbox 2042 5644 2224 5704; x_wconf 61' lang='lat' dir='ltr'><strong>atate</strong></span> <span class='ocrx_word' id='word_1_866' title='bbox 2242 5651 2302 5703; x_wconf 89' lang='lat' dir='ltr'><strong>et</strong></span> <span class='ocrx_word' id='word_1_867' title='bbox 2321 5646 2530 5703; x_wconf 86' lang='lat' dir='ltr'><strong>robore</strong></span> <span class='ocrx_word' id='word_1_868' title='bbox 2563 5650 2703 5703; x_wconf 79' lang='lat' dir='ltr'><strong>sunt</strong></span> <span class='ocrx_word' id='word_1_869' title='bbox 2726 5644 2992 5701; x_wconf 87' lang='lat' dir='ltr'><strong>militari.</strong></span> <span class='ocrx_word' id='word_1_870' title='bbox 3016 5644 3165 5700; x_wconf 71' lang='grc' dir='ltr'><strong>Χη.</strong></span> 
     </span>
    </p>
   </div>
  </div>
