4186 6190
409 358 528 421 187

1763 343 2079 408 GEORGII
2121 345 2462 410 OEDBENI

3705 357 3821 418 188

411 493 674 567 pellavit,
717 507 884 548 suam
930 505 1060 547 esse
1116 485 1374 556 culpam,
1408 499 1472 538 se
1502 486 1802 556 pastorem
1851 479 2057 552 populi

2172 483 2373 554 σοῢμαι
2404 481 2479 544 είς
2507 488 2699 559 χεῖρας
2755 483 2974 559 Κυρίου,
3035 484 3120 540 ὅτι
3167 483 3374 544 πολλοὶ
3427 487 3480 544 ot
3539 486 3818 564 οἰκτιρμοί

411 582 758 654 deliquisse,
793 579 1025 636 nullum
1050 591 1176 630 esse
1201 572 1394 628 ovium
1416 571 1808 627 maleﬁcium:
1831 586 1892 624 se
1925 584 2063 641 ergo

412 675 566 730 Deus
589 679 646 728 et
675 677 980 743 paternam
1003 665 1203 722 Davidi
1227 663 1515 720 familiam
1548 663 1742 736 potius
1755 660 2067 733 afﬂigeret.

409 765 698 817 Exoratus
730 762 881 814 Deus
909 755 1118 829 angelo
1143 753 1526 810 mandavitut
1541 769 1778 808 manum
1800 767 1967 806 suam
1982 767 2067 806 re-

412 850 902 919 traheret.1bique
931 846 1184 903 Davidus
1217 863 1384 902 aram
1417 843 1712 901 exstruxit
1733 848 1792 898 et
1812 841 2066 898 solidum

415 941 532 995 Deo
565 938 926 994 sacrificium
981 936 1238 1002 obtulit;
1273 940 1450 1004 atque
1485 935 1602 989 Deo
1651 932 1927 1003 precibus
1959 947 2063 986 an-

413 1034 638 1084 nuente
666 1027 916 1084 cessavit
943 1025 1140 1082 clades
1163 1024 1386 1096 populi.
1448 1024 1600 1088 Haec,
1652 1022 1849 1092 inquit
1873 1021 2066 1076 Theo-

415 1118 803 1186 doretus,non
834 1117 938 1172 abs
969 1133 1031 1171 re
1064 1116 1144 1170 ita
1177 1118 1537 1170 evenerunt:
1573 1127 1772 1167 verum
1807 1127 1876 1166 ea
1896 1127 2069 1166 occa-

415 1211 581 1266 sione
643 1209 895 1281 populus
951 1207 1040 1263 sui
1100 1204 1324 1278 peccati
1373 1221 1577 1276 pmnas
1644 1202 1827 1271 dedit,
1885 1201 2066 1273 quod,

410 1301 508 1374 pio
541 1317 608 1356 ac
639 1299 920 1354 divinitus
953 1297 1275 1354 constituto
1327 1312 1460 1368 rege
1521 1293 1828 1359 derelicto,
1875 1297 2068 1348 castra

410 1389 644 1460 tyranni
675 1405 742 1445 ac
770 1389 923 1461 patri
951 1403 1056 1442 suo
1089 1402 1296 1442 necem
1330 1383 1614 1440 struentis
1649 1387 1884 1438 secutus
1917 1389 2062 1438 erat.

411 1482 504 1536 Sic
536 1481 714 1536 etiam
745 1497 778 1535 a
817 1485 1008 1534 morte
1041 1477 1200 1533 Sauli
1251 1477 1438 1531 fames
1493 1491 1594 1530 eos
1644 1473 1946 1546 castigavit
1990 1473 2063 1527 ob

410 1569 810 1626 interfectosa
842 1568 1016 1624 Saulo
1049 1565 1424 1622 Gabaonitas.
1485 1563 1720 1618 Etenim
1778 1567 1836 1617 et
1887 1563 2064 1618 Josua

415 1665 472 1714 et
527 1660 840 1716 universus
889 1657 1146 1730 populus
1195 1659 1434 1727 pactum
1494 1654 1712 1708 iterant
1743 1669 1876 1708 cum
1911 1653 2057 1709 155

415 1749 802 1818 Gabaonitis,
861 1747 1030 1818 cujus
1096 1744 1423 1816 juramenti
1512 1742 1693 1798 etiam
1764 1742 2062 1814 particeps

2175 569 2364 627 αὐτοῦ.
2407 572 2502 634 Εἰς
2537 569 2594 626 δὲ
2623 577 2814 648 χεῖρας
2847 575 3146 650 ἀνθρώπιον
3183 576 3246 630 οὐ
3299 578 3374 650 μὴ
3421 576 3662 650 ἐμπέσω.
3716 580 3817 636 Καὶ

2175 657 2450 734 ἐξελέξατο
2505 656 2670 716 Δαϐὶδ
2726 662 2818 718 τὸν
2902 665 3146 728 θάνατον.
3234 666 3335 724 Καὶ
3396 665 3578 738 ἡμέρα
3631 667 3819 742 Θέρους

2173 754 2382 823 πυρῶν,
2437 751 2527 806 καὶ
2587 748 2756 807 ἔδωκε
2811 753 3005 828 Κύριος
3067 755 3290 818 θάνατον
3341 754 3392 809 ἐν
3437 755 3660 832 Ἰσραὴλ
3714 759 3820 814 ἀπὸ

2173 839 2412 912 πρωῖθεν
2467 836 2570 902 ἕως
2625 840 2868 916 ἀρίστου,
2927 842 3016 897 καὶ
3077 842 3339 907 ἀπέθανον
3401 843 3460 900 ἐκ
3531 851 3627 900 τοῦ
3685 844 3822 902 λαοῦ

2174 926 2427 1003 χιλιάδες
2458 925 2859 1002 ἑϐδομήκοντα,
2894 933 2995 988 Καὶ
3031 931 3278 1003 ἐξέτεινεν
3315 934 3342 988 6
3392 933 3628 1012 ἄγγελος
3689 941 3821 992 Θεοῦ

2171 1017 2270 1085 τὴν
2303 1023 2466 1092 χεῖρα
2504 1019 2671 1074 αὑτοῦ
2721 1019 2796 1082 εἰς
2848 1019 3217 1096 Ἰερουσαλὴμ
3261 1027 3363 1078 τοῦ
3407 1021 3708 1103 διαφθεῖραι
3767 1025 3820 1080 ἐν

2173 1105 2333 1179 αὐτῇ.
2359 1107 2463 1162 Καὶ
2495 1109 2644 1162 εἶπεν
2678 1105 2844 1164 Δαϐἰδ
2878 1113 3011 1185 πρὸς
3041 1112 3130 1166 τὸν
3156 1112 3303 1166 Θεὸν·
3339 1109 3477 1168 Ἰδοὺ
3510 1113 3819 1189 ἐγὼ-ἡμάρ-

2168 1217 2329 1266 τηκα,
2361 1197 2450 1251 καὶ
2485 1198 2591 1272 ἐγώ
2619 1199 2733 1272 εἰμι
2767 1201 2793 1254 6
2837 1202 3046 1274 ποιμὴν
3104 1203 3132 1258 6
3171 1205 3562 1273 κακιιποιήσας,
3621 1205 3709 1260 καὶ
3756 1207 3825 1260 τὰ

2169 1280 2415 1360 πρόϐατα
2443 1285 2498 1341 τί
2528 1285 2786 1359 ἐποίησαν
2820 1308 2832 1357 ;
2866 1289 3102 1364 γενέσθω
3133 1288 3192 1346 δὲ
3220 1293 3254 1360 ἡ
3291 1293 3415 1367 χείρ
3449 1313 3543 1346 σου
3575 1293 3626 1348 ἐν
3671 1293 3821 1366 ὶμοὶ,

2171 1375 2358 1447 Κύριε,
2389 1376 2477 1431 καὶ
2509 1375 2560 1432 ἐν
2591 1382 2670 1449 τῷ
2702 1378 2838 1452 οἳκῳ
2864 1385 2962 1434 τοῦ
2994 1380 3197 1454 πατρός
3241 1403 3368 1454 μου.
3403 1383 3500 1437 Καὶ
3533 1383 3823 1461 παρακλη-

2171 1465 2280 1528 θεὶς
2313 1466 2341 1520 6
2374 1467 2574 1539 Κύριος
2608 1468 2724 1522 εἶπε
2755 1468 2887 1542 πρὸς
2919 1469 3009 1524 τὸν
3050 1469 3306 1545 ἃγγελον.
3340 1472 3500 1533 Ἀνες
3527 1477 3626 1540 τήν
3661 1475 3824 1551 χεῖρά

2170 1574 2285 1611 σου.
2321 1552 2422 1610 Καὶ
2453 1551 2810 1628 ᾠκοδόμησεν
2869 1554 2980 1611 ἐκεῖ
3038 1553 3205 1612 Δαϐἰδ
3263 1562 3671 1634 θυσιαστήριον,
3729 1560 3822 1616 καὶ

2169 1643 2430 1719 ἀνήγαγεν
2466 1641 2623 1708 εὐθὺς
2654 1641 3080 1707 ὁλοκαυτώσεις.
3131 1647 3234 1701 Καὶ
3295 1646 3601 1718 ἐπήκουσεν
3661 1650 3823 1704 αὐτοῦ

2170 1731 2386 1804 Κύριος,
2417 1732 2506 1786 καὶ
2529 1733 2825 1808 συνεσχέθη
2861 1736 2894 1804 ἡ
2927 1736 3147 1809 θραῦσις
3202 1741 3300 1790 τοῦ
3367 1735 3526 1794 λαοῦ.
3564 1761 3590 1788 »ι
3613 1741 3694 1812 [Ρ.
3729 1743 3824 1812 88]

411 1839 524 1894 fuit
553 1838 861 1893 Eleazarus
892 1835 1173 1908 pontifex.
1210 1837 1335 1889 Non
1366 1832 1702 1888 debuerunt
1755 1848 1891 1903 ergo
1923 1848 2057 1903 pos-

2164 1823 2345 1878 Ταῦτα
2371 1819 2445 1887 δὲ,
2482 1823 2616 1901 φησὶ
2647 1821 3024 1898 Θεοδώρητος,
3057 1825 3156 1881 οὐκ
3185 1826 3412 1890 ἀπεικὸς
3445 1824 3818 1902 συμϐέϐηκεν,

411 1927 526 1983 teri
559 1943 764 1982 eorum
797 1927 897 1997 qui
920 1926 1288 1996 juraverant,
1330 1921 1756 1994 jusjurandum
1816 1920 2056 1975 violare.

416 2018 557 2073 Post
587 2017 876 2071 detectam
911 2015 1073 2070 enim
1104 2013 1370 2068 fraudem
1387 2010 2061 2077 Gabaonitarum,itaJo-

415 2125 522 2165 sua
551 2125 652 2162 eos
679 2108 892 2163 affatus
915 2103 1090 2159 fuit"s
1115 2104 1314 2157 :«Jam
1327 2117 1486 2156 nunc
1517 2117 1652 2172 ergo
1671 2099 2060 2155 exsecrationi

415 2197 654 2253 obnoxii
681 2196 843 2252 estis.
878 2195 1190 2264 Nunquam
1214 2192 1327 2247 erit
1355 2196 1423 2246 ut
1479 2206 1602 2244 non
1651 2188 1722 2244 de
1765 2187 1929 2243 vobis
1987 2189 2064 2244 sit

415 2304 638 2354 servus,
663 2287 959 2355 lignorum
997 2287 1191 2339 sector
1246 2287 1305 2337 et
1361 2297 1530 2352 aquas
1587 2279 1905 2352 hajulator,
1959 2278 2061 2349 qui

414 2376 560 2432 mihi
593 2380 651 2430 et
679 2377 797 2430 Deo
829 2391 960 2430 meo
993 2373 1225 2428 serviat.
1261 2373 1582 2442 Propterea
1611 2368 1891 2425 destinati
1925 2373 2064 2424 sunt

414 2465 486 2521 ad
515 2464 858 2520 findendum
891 2463 1053 2535 ligna
1083 2468 1139 2517 et
1168 2459 1527 2533 portandum
1559 2474 1774 2529 aquam
1790 2457 2060 2514 adaltare

415 2555 516 2610 Dei
550 2558 608 2608 et
638 2553 738 2608 toti
769 2552 942 2609 σιειυί
973 2566 1160 2622 usque
1192 2550 1252 2604 in
1285 2549 1442 2604 hunc
1495 2547 1672 2602 diem.
1710 2569 1737 2596 υ
1771 2547 2060 2613 Quoniam

415 2659 551 2715 ergo
583 2643 880 2698 calumnia
908 2641 969 2697 id
1000 2639 1188 2696 fmdus
1219 2638 1481 2694 Israelici
1505 2636 1892 2703 disciderunt,
1926 2635 2059 2692 ideo

415 2734 590 2789 etiam
625 2737 757 2803 post
789 2732 918 2803 ejus
950 2735 1202 2785 mortem
1234 2728 1388 2782 fame
1419 2725 1686 2798 castigati
1738 2730 1892 2780 sunt.
1928 2727 2061 2782 Haec

412 2843 521 2883 nos
553 2823 740 2880 oratio
772 2823 962 2889 docet,
979 2836 1110 2890 quae
1141 2816 1492 2888 interposito
1517 2815 1864 2886 juramento
1890 2822 2062 2886 pacta

414 2921 551 2972 sunt
583 2919 730 2969 teste
761 2913 878 2968 Deo
912 2910 1077 2977 inita,
1111 2905 1387 2962 violanda
1418 2921 1538 2960 non
1571 2921 1722 2972 esse,
1756 2909 2060 2975 utcunque

414 3023 484 3062 ea
513 3005 748 3061 violatio
783 3002 913 3057 aliis
947 2997 1238 3071 expediat.
1275 2995 1532 3052 Davidus
1561 2998 1761 3049 autem
1819 3010 2060 3050 causam

408 3096 691 3153 divinitus
715 3092 997 3148 immissae
1027 3087 1294 3161 penuria:
1316 3087 1600 3158 ignorans
1623 3083 1808 3138 Deum
1846 3100 2060 3140 consu-

407 3189 555 3245 luit:
579 3185 652 3240 ab
685 3199 873 3254 eoque
905 3181 1149 3236 edoctus
1181 3176 1379 3248 puniri
1411 3173 1698 3246 populum
1729 3172 1802 3227 ob
1837 3173 2058 3245 injuste

403 3282 648 3333 necatos
683 3270 1059 3336 Gabaonitas,
1093 3283 1191 3322 eos
1223 3265 1384 3336 ipsos
1417 3263 1516 3333 qui
1563 3261 1783 3333 injuria
1821 3261 2059 3318 fuerant

405 3365 621 3429 affecti,
643 3361 896 3417 arbitros
927 3355 1255 3421 constituit,
1299 3370 1366 3409 ac
1418 3356 1802 3423 percontatus
1824 3355 1915 3406 est
1943 3368 2060 3422 qua

405 3472 467 3510 se
499 3451 722 3524 placari
753 3449 980 3504 ratione
1003 3440 1702 3514 vellent.Besponderunt
1720 3440 2056 3496 Gabaonitm

404 3559 466 3600 se
500 3557 690 3612 neque
724 3555 934 3593 aurum
967 3533 1120 3591 Sauli
1147 3550 1341 3604 neque
1371 3536 1682 3604 argentum
1709 3530 1838 3602 ejus
1862 3547 2057 3602 neque

403 3632 594 3688 ullum
627 3647 694 3684 ex
754 3627 1028 3682 lsraelico
1087 3623 1306 3696 populo
1353 3621 1660 3676 hominem
1717 3620 1791 3676 ad
1847 3637 2056 3676 necem

403 3724 722 3794 deposcere
755 3737 767 3774 :
798 3719 926 3790 ejus
955 3716 1062 3771 viri
1098 3715 1198 3786 qui
1236 3714 1398 3785 ipsos
1455 3716 1802 3785 persecutus
1848 3711 2058 3768 fuisset

401 3829 470 3870 ac
493 3809 837 3867 exscindere
867 3807 1131 3875 molitus,
1179 3819 1392 3876 cupere
1451 3819 1512 3857 se
1574 3802 1922 3856 memoriam
1982 3819 2052 3857 ex

401 3903 680 3960 Israelica
707 3905 879 3973 gente
913 3897 1152 3961 delere;
1181 3896 1382 3966 itaque
1439 3898 1668 3964 septem
1710 3893 1838 3964 ejus
1871 3893 2053 3965 stirpe

402 3998 573 4050 natos
603 4008 665 4047 se
701 3987 1151 4060 deposcere,his
1176 4001 1237 4040 se
1269 3983 1560 4056 ﬂagitium
1591 3998 1789 4038 coram
1807 3982 2054 4038 Domino

404 4083 743 4153 expiaturos
775 4080 834 4132 in
867 4077 1018 4132 colle
1041 4073 1221 4129 Sauli.
1252 4075 1331 4127 Eo
1365 4071 1542 4142 igitur
1599 4071 1660 4125 in
1723 4071 1852 4126 loco
1897 4071 2054 4128 viros

405 4188 507 4226 eos
540 4171 601 4224 in
635 4183 873 4224 crucem
896 4169 1163 4236 egerunt,
1206 4162 1268 4216 in
1298 4177 1414 4232 quo
1448 4160 1699 4230 injustas
1731 4159 1830 4215 ille
1863 4161 2052 4216 casdes

404 4276 582 4314 ausus
633 4256 843 4310 fuerat.
898 4255 1078 4308 Erant
1133 4255 1352 4316 autem,
1411 4248 1565 4304 156
1619 4248 1719 4318 qui
1777 4249 2053 4304 crucibus

405 4346 565 4402 afﬁxi
600 4350 757 4410 sunt,
792 4343 908 4398 duo
939 4341 1045 4396 filii
1088 4339 1250 4397 Sauli
1305 4336 1490 4408 spurii
1543 4341 1604 4391 et
1659 4336 1924 4408 quinque
1981 4353 2053 4393 ex

403 4430 832 4506 poéterioribus
887 4428 1026 4483 {iliis
1093 4427 1243 4498 ejus.
1308 4427 1388 4480 Eo
1447 4423 1737 4495 supplicio
1814 4431 2050 4496 peracto

402 4521 670 4595 placatus
703 4524 792 4573 est
823 4516 1132 4580 Dominus,
1161 4531 1228 4570 ac
1251 4518 1408 4569 terra
1437 4512 1643 4568 solitas
1673 4511 1871 4586 fruges
1895 4513 2051 4568 exhi-

402 4609 552 4666 buit.

2170 1909 2297 1967 ἀλλ’
2327 1911 2528 1974 οἰκείας
2559 1915 2901 1988 παρανομίας
2935 1909 3078 1972 ἴτισε
3112 1913 3264 1979 δίκας
3297 1918 3325 1972 ὁ
3357 1918 3488 1980 λαὸς
3547 1917 3637 1975 διὰ
3691 1941 3825 1997 προ-

2168 2000 2398 2080 φάσεωςσ
2431 1999 2756 2058 καταλιπὼν
2783 2003 2885 2078 γὰρ
2912 2006 3004 2058 τὸν
3035 2001 3230 2076 εὐσεϐῆ
3272 2008 3364 2062 καὶ
3420 2009 3562 2063 θεῖον
3595 2009 3822 2084 βασιλέα

2163 2093 2410 2166 τυράννῳ
2440 2094 2529 2147 καὶ
2577 2093 2888 2169 πατραλοίᾳ
2947 2093 3102 2151 παιδί
3166 2099 3630 2174 συνεστράτευσεν.
3664 2100 3827 2158 Οὕτω

2167 2178 2224 2236 δὶ
2255 2183 2342 2236 καὶ
2377 2179 2466 2237 διὰ
2493 2183 2594 2250 τήν
2620 2187 2716 2238 τοῦ
2749 2183 2935 2242 Σαοὺλ
2974 2185 3052 2247 είς
3112 2186 3248 2249 τοὺς
3307 2183 3655 2254 Γαϐαωνίτας
3685 2189 3837 2246 ἀναί-

2168 2293 2311 2348 ρεσιν
2345 2271 2738 2344 ἐπαιδεύθησαν
2796 2273 2886 2331 διὰ
2940 2281 3111 2350 Λιμοῦ
3175 2278 3310 2351 μετὰ
3340 2281 3442 2348 τήν
3482 2279 3686 2336 ἐκείνου
3738 2304 3831 2338 τε-

2166 2362 2386 2432 λευτήν.
2419 2362 2481 2417 Ὀ
2542 2363 2636 2436 μὲν
2669 2363 2775 2438 γὰρ
2835 2362 2970 2427 λαὸς
3032 2366 3172 2428 ἅπας
3230 2366 3319 2422 καί
3380 2370 3589 2438 Ἰησοῦς
3643 2373 3670 2427 ὁ
3725 2378 3822 2428 τοῦ

2164 2455 2318 2522 Ναυῆ
2352 2450 2620 2520 πεποίηκε
2648 2452 2744 2516 τὰς
2774 2453 2910 2526 πρὸς
2951 2452 3078 2517 τοὺς
3112 2451 3459 2520 Γαϐαωνίτας
3526 2463 3816 2532 συνθήκας,

2163 2542 2499 2612 ἐκοινώνησε
2530 2537 2586 2596 δὲ
2614 2545 2719 2595 τῶν
2752 2541 2928 2616 ὅρκων
2961 2543 3051 2598 καὶ
3102 2543 3366 2621 Ἐλεάζαρ
3421 2547 3447 2602 ὁ
3506 2549 3820 2624 ἀρχιερεύς.

2163 2629 2316 2690 Ἔδει
2347 2630 2526 2686 τοίνυν
2571 2629 2702 2692 τοὺς
2759 2628 3064 2706 ἄπογόνους
3119 2637 3226 2688 τῶν
3287 2635 3665 2708 ὀμωμοκότων
3735 2643 3814 2715 μὴ

2163 2715 2470 2796 παραϐῆναι
2503 2721 2594 2776 τὸν
2627 2720 2814 2795 ὅρκον.
2853 2721 2999 2791 Φησὶ
3040 2724 3143 2798 γὰρ
3183 2725 3319 2798 πρὸς
3375 2725 3572 2789 αὐτοὺς
3605 2729 3817 2800 Ἰησοῦς

2169 2811 2303 2882 μετᾶ
2331 2811 2430 2878 τὴν
2460 2810 2764 2884 φανέρωσιν
2794 2817 2896 2879 τῆς
2937 2811 3270 2889 πανουργίας
3310 2813 3504 2871 αὐτῶν·
3543 2839 3570 2871 ιι
3599 2818 3704 2874 Καὶ
3723 2824 3812 2873 νῦν

2164 2899 2546 2972 ἒπικαταρατοι
2578 2897 2716 2955 ἐστέ.
2751 2900 2829 2954 Οὐ
2866 2903 2940 2973 μή
2984 2901 3206 2977 ἐκλείψῃ
3265 2904 3314 2974 ἐξ
3379 2907 3530 2979 ὑμῶν
3590 2905 3814 2976 δοῦλος,

2165 2986 2290 3044 οὐδὲ
2319 2986 2622 3058 ξυλοκόπος
2655 2989 2745 3043 καὶ
2784 2987 3086 3068 ὑδροφόρος
3117 2990 3240 3065 ἐμοὶ
3289 2995 3376 3049 καὶ
3409 3000 3490 3068 τῷ
3535 3001 3650 3068 Θεῷ
3682 3019 3810 3069 μου.

2166 3077 2264 3134 Διᾶ
2292 3081 2452 3132 τοῦτο
2483 3075 2730 3152 ἐγένοντο
2762 3077 3062 3148 ξυλοκόποι
3093 3083 3182 3137 καὶ
3242 3080 3536 3161 ὑδροφόροι
3593 3091 3672 3158 τῷ
3727 3089 3815 3142 θυ-

2089 3215 2132 3281 C
2167 3165 2468 3242 σιαστηρίῳ
2497 3167 2594 3222 τοῦ
2623 3172 2758 3223 Θεοῦ
2789 3169 2879 3222 καὶ
2910 3171 3056 3244 πάσῃ
3091 3175 3159 3244 τῇ
3215 3178 3504 3248 συναγωγῇ
3562 3171 3667 3240 ἕως
3710 3185 3814 3245 τῆς

2164 3257 2374 3281 -ι.-ι-,.-
2405 3256 2564 3281 -..Ι-,ί
2589 3277 2605 3281 Α
2725 3257 2876 3281 (τρι-,ς
2917 3257 2968 3281 κν
3079 3264 3131 3281 γ’*
3382 3260 3402 3281 Χ
3494 3263 3506 3281 1
3728 3263 3753 3281 ιι
3793 3267 3806 3281 ι

2162 3257 2374 3330 ἡμέρας
2404 3256 2628 3327 ταύτης.
2665 3281 2692 3308 ››
2725 3257 2878 3314 Ἐπεί
2910 3257 3002 3314 οὖν
3035 3264 3204 3315 ταῦτα
3242 3260 3692 3338 παρελογίσαντο,
3725 3263 3819 3322 διὰ

2162 3351 2327 3402 τοῦτο
2359 3345 2446 3400 καὶ
2491 3347 2627 3419 μετᾶ
2650 3347 2746 3415 τήν
2780 3348 2999 3404 ἐκείνου
3054 3350 3314 3420 τελευτήν
3365 3352 3664 3425 ὑπέστησαν
3713 3359 3814 3427 τήν

2163 3431 2252 3492 διὰ
2275 3439 2371 3490 τοῦ
2403 3433 2574 3522 λιμοῦ
2623 3434 2888 3493 παιδείαν.
2951 3437 3200 3496 Διδάσκει
3232 3445 3365 3516 γοῦν
3407 3445 3554 3518 ἡμᾶς
3583 3445 3612 3500 6
3645 3443 3810 3522 λόγος

2165 3526 2240 3600 μὴ
2272 3520 2617 3599 παραϐαίνειν
2653 3525 2747 3588 τὰς
2790 3529 2908 3600 μεθ’
2965 3529 3140 3604 ὅρκων
3194 3533 3460 3603 συνθήκας
3529 3533 3619 3588 ἐπὶ
3675 3520 3810 3590 Θεοῦ

2158 3617 2472 3692 γινομένας,
2525 3614 2621 3672 κᾶν
2699 3617 2778 3680 εἰς
2837 3617 3022 3674 ἄλλων
3083 3620 3352 3698 ὠφέλειαν
3411 3626 3444 3692 ἡ
3513 3619 3816 3698 παράϐασις

2159 3707 2399 3783 γίνηται.
2436 3707 2676 3782 Ἀγνοῶν
2709 3703 2768 3761 δὲ
2795 3708 2894 3776 την
2923 3708 3098 3764 αἰτίαν
3141 3711 3169 3764 6
3226 3707 3392 3768 Δαϐἰδ
3451 3715 3551 3777 τῆς
3608 3711 3811 3785 θεηλά-

2159 3819 2260 3853 του
2291 3798 2514 3872 πληγῆς
2541 3800 2640 3851 τοῦ
2701 3794 2872 3868 λιμοῦ
2927 3799 3022 3854 τὸν
3070 3801 3199 3856 Θεὸν
3233 3802 3508 3878 ἀνηρώτα.
3543 3802 3646 3860 Καὶ
3706 3825 3813 3877 μα-

2161 3886 2267 3941 θὼν
2301 3885 2375 3948 ὡς
2409 3879 2562 3940 ἕνεκα
2599 3887 2699 3950 τῆς
2754 3888 2864 3940 τῶν
2918 3881 3276 3944 Γαϐαωνιτῶν
3336 3887 3525 3946 ἀδίκου
3591 3891 3810 3966 ἀναιρέ-

2158 3995 2292 4036 σεως
2351 3972 2568 4035 εὗθῦνας
2628 3973 3055 4046 εἰσπράττονται,
3113 3976 3299 4041 αὐτοῖς
3359 3977 3580 4043 ὖκείνοις
3634 3979 3809 4055 ἐχρ-έ-

2157 4083 2287 4118 σατο
2315 4067 2527 4137 κριταῖς
2548 4067 2663 4124 τοῖς
2681 4059 3066 4136 ἠδικημένοις,
3083 4062 3279 4141 λέγων’
3302 4092 3321 4118 ι
3340 4067 3404 4124 Τί
3421 4071 3638 4139 ποιήσω
3653 4071 3780 4143 ὑμῖν
3795 4118 3808 4139 ,

2155 4153 2246 4208 καὶ
2279 4152 2331 4207 ἐν
2364 4151 2472 4206 τίνι
2503 4149 2862 4225 ἐξιλάσομαι;
2896 4175 2924 4204 n
2959 4154 3064 4210 Καί
3095 4176 3272 4232 φασιν·
3313 4179 3335 4210 ι
3366 4157 3479 4215 Οὐκ
3510 4154 3649 4216 ἔστιν
3670 4163 3810 4235 ἡμῖν

2154 4241 2411 4317 ἀργύριον
2443 4237 2571 4296 οὐδέ
2629 4241 2852 4316 χρυσίον
2908 4242 3046 4315 μετὰ
3106 4243 3311 4316 Σαοὺλ,
3370 4248 3459 4302 καὶ
3510 4250 3612 4305 οὐκ
3668 4246 3812 4307 ἔστιν

2155 4333 2292 4404 ἡμῖν
2333 4333 2636 4394 θανατῶσαι
2696 4327 2862 4405 ἃνδρα
2921 4331 2981 4388 ἐκ
3033 4333 3234 4398 παντὸς
3292 4337 3536 4411 Ἰσραήλ·
3598 4339 3725 4396 ἀλλ’
3783 4345 3811 4398 ὁ

2154 4421 2290 4493 ἀνῆρ
2345 4421 2372 4474 ὁ
2433 4415 2627 4491 διώξας
2684 4419 2775 4475 καὶ
2834 4419 3155 4485 συντελέσας
3203 4425 3373 4497 ἡμᾶς,
3433 4425 3616 4504 ὥσπερ
3676 4429 3807 4486 llo-

2152 4511 2343 4589 γίσατο
2396 4511 2544 4583 ἡμᾶς
2619 4507 3023 4587 ἐξολοθρεῦσαι,
3086 4514 3430 4589 ἀφανίσωμεν
3489 4519 3650 4577 αὐτὸν
3708 4528 3807 4578 τοῦ

2086 4589 2132 4653 Ι)
2167 4601 2244 4675 μή
2276 4598 2748 4664 ἀντικαθίστασθαι
2779 4602 2939 4658 παντὶ
2992 4603 3124 4678 ὀρίῳ
3183 4605 3424 4681 Ἰσραήλ.
3485 4608 3582 4664 Καί
3637 4609 3807 4684 δοθή-

401 4718 580 4754 τωσαν
611 4698 747 4768 ἡμῖν
773 4691 960 4768 ἄνδρες
1003 4690 1136 4747 ἒπτᾶ
1163 4688 1223 4745 ἐκ
1252 4692 1360 4744 τῶν
1392 4689 1526 4743 υἱῶν
1561 4689 1752 4776 αὐτοῦ,
1783 4690 1870 4745 καὶ
1905 4689 2262 4764 ξιλασόμεθα
2293 4688 2346 4745 ἐν
2377 4689 2564 4752 αὐτοῖς
2591 4691 2773 4764 Κυρίῳ
2802 4689 2856 4745 ἐν
2885 4695 2962 4763 τῷ
2999 4691 3177 4767 βουνῷ
3208 4695 3410 4753 Σαούλ.
3439 4721 3465 4749 ››
3500 4700 3584 4756 Ἐν
3624 4700 3810 4776 ἐκείνῳ

398 4788 582 4844 τοίνυν
613 4789 692 4857 τῷ
723 4782 918 4860 χωρίῳ
949 4780 1376 4837 ἀνεσκολόπισαν
1408 4777 1538 4840 τοὺς
1588 4775 1808 4853 ἄνδρας,
1839 4777 1892 4835 ἓν
1921 4781 1968 4853 ᾧ
1995 4782 2091 4844 τὰς
2121 4781 2474 4856 παρανόμους
2505 4775 2808 4852 ἐτόλμησεν
2866 4778 3070 4846 ἐκεῖνος
3132 4785 3466 4860 μιαιφονίας.
3523 4791 3688 4846 Οὗτοι
3749 4775 3808 4848 δὲ

396 4881 530 4949 ἦσαν
564 4880 660 4933 τοῦ
694 4872 878 4930 Σαοὺλ
911 4869 1006 4927 δύο
1041 4871 1133 4944 μὶν
1167 4870 1276 4924 υἱοὶ
1305 4870 1476 4933 νόθοι,
1509 4867 1667 4924 πέντε
1697 4866 1756 4924 δι
1784 4875 1891 4925 τῶν
1925 4868 2158 4946 ὑστέρων
2187 4870 2318 4925 υίῶν
2347 4869 2531 4925 αὐτοῦ.
2565 4872 2681 4940 Τῆς
2713 4868 2803 4925 οὖν
2841 4869 3111 4946 τιμωρίας
3171 4875 3544 4950 γεγενημένης
3573 4877 3740 4943 ῗλειυς
3773 4884 3802 4938 ὀ

401 4968 675 5038 Δεσπότης
709 4964 934 5041 ἐγένετο,
965 4961 1054 5017 καὶ
1085 4962 1120 5030 ἡ
1150 4959 1220 5036 γῆ
1250 4959 1342 5014 τὸν
1366 4957 1414 5028 ἐξ
1448 4951 1606 5021 ἔθους
1637 4955 1806 5014 ἔδωκε
1834 4959 2062 5034 καρπόν.

471 5058 806 5115 Secundum
827 5057 975 5120 hasc,
1007 5051 1263 5124 quadam
1279 5066 1524 5121 vespera
1549 5050 1800 5106 Davidus
1813 5067 1949 5106 cum
1980 5051 2052 5106 de

398 5146 552 5201 lecto
584 5166 690 5203 suo
740 5141 1557 5210 surrexisset,'deambulavit
1578 5141 1639 5196 in
1673 5146 1827 5196 tecto
1852 5141 2049 5214 regite,

399 5235 656 5306 indeque
689 5237 1001 5292 mulierem
1024 5236 1316 5291 lavantem
1339 5231 1646 5303 prospexit
1695 5230 1888 5287 forma
1909 5232 2049 5286 insi-

397 5323 518 5396 gni.
552 5325 752 5394 Neque
783 5343 918 5381 vero
948 5342 1008 5380 se
1039 5325 1112 5379 ab
1136 5339 1204 5378 eo
1240 5319 1579 5393 spectaculo
1601 5320 1914 5388 subtraxit,
1946 5321 2050 5377 sed

396 5412 603 5466 formae
663 5413 1107 5482 pulchritudine
1169 5413 1467 5466 inescatus
1521 5409 1762 5465 hamum
1824 5411 2049 5482 peccati

401 5500 432 5549 αἳ
459 5499 722 5564 ~glutivit.
761 5499 926 5564 Quod
956 5500 1008 5553 ei
1040 5499 1311 5562 alterius,
1370 5497 1655 5552 nimirum
1714 5498 2048 5562 deterioris.

401 5592 649 5644 :if‘l‘ectus
679 5588 792 5643 fuit
820 5588 1176 5653 remedium,
1206 5586 1484 5641 videlicet
1513 5587 1700 5643 animi
1752 5588 2047 5656 elationis,

403 5681 460 5737 id
491 5677 648 5750 quod
678 5679 804 5750 ipse
837 5677 1034 5731 innuit
1063 5675 1156 5729 his
1186 5674 1415 5729 verbis:
1450 5696 1477 5726 «
1510 5674 1626 5747 Ego
1659 5677 2047 5734 cumfuissem

470 5778 653 5837 Mos.
686 5794 767 5848 ιι,
795 5777 885 5845 22,
915 5775 1007 5842 23,
1038 5774 1128 5828 27.

2233 5046 2480 5123 Ἐγένετο
2535 5045 2593 5103 δὶ
2660 5047 2794 5120 μετὰ
2867 5053 3053 5120 ταῦτα,
3114 5053 3206 5108 καὶ
3257 5053 3310 5110 ἐν
3367 5062 3541 5132 καιρῷ
3619 5057 3809 5132 δείλης

2163 5137 2356 5208 ἀνέστη
2391 5133 2560 5193 Δαὸἶδ
2589 5139 2692 5193 ἀπὸ
2721 5145 2822 5208 τῆς
2878 5139 3068 5212 κοίτης
3122 5142 3310 5214 αὐτοῦ,
3351 5148 3440 5202 καὶ
3499 5153 3811 5226 περιεπάτει

2163 5226 2252 5284 ἐπὶ
2283 5232 2380 5284 τοῦ
2412 5227 2672 5302 δώματος
2699 5233 2796 5284 τοῦ
2839 5228 2994 5286 οἲκου
3047 5237 3156 5288 τῶν
3215 5234 3502 5310 βασιλέων,
3557 5241 3646 5296 καὶ
3707 5240 3813 5299 εἶδε

2159 5322 2386 5394 γυναῖκα
2415 5317 2727 5391 λουομένην
2783 5318 2890 5374 ἀπὸ
2945 5324 3043 5376 τοῦ
3101 5318 3376 5396 δώματος,
3435 5328 3523 5383 καὶ
3580 5331 3614 5399 ἡ
3674 5338 3810 5407 γυνή

2156 5404 2302 5474 καλὴ
2333 5401 2555 5493 τῇ-ὄψει
2585 5403 2810 5485 σφόδρα.
2845 5409 2949 5464 Καὶ
2995 5401 3126 5466 ίδὼν
3181 5413 3244 5468 τὸ
3300 5413 3514 5490 γύναιον
3574 5401 3814 5493 λουόμε-
3863 5449 3878 5454 -

2159 5514 2252 5548 νον
2280 5494 2382 5549 οὐκ
2413 5491 2578 5571 ἔφυγε
2605 5495 2706 5564 τὴν
2737 5496 2858 5551 θέαν
2889 5497 2965 5558 ὡς
3024 5496 3295 5577 ὀλεθρίαν,
3349 5502 3496 5561 ἀλλὰ
3550 5491 3815 5566 καταϐελ-

2162 5584 2320 5664 χθεῖς
2348 5589 2429 5657 τῷ
2488 5591 2590 5655 τῆς
2650 5587 2795 5662 ὥρας
2853 5585 3065 5645 δελέατι
3108 5591 3172 5646 τὸ
3222 5599 3324 5662 τῆς
3379 5597 3646 5672 ἁμαρτίας
3697 5620 3823 5659 κατ-

2161 5675 2313 5733 έπιεν
2343 5674 2652 5752 ἄγκιστρον.
2687 5676 2790 5735 Καὶ
2849 5677 3032 5754 ἑτέρου
3085 5682 3230 5756 τάχα
3281 5684 3486 5749 πάθους
3546 5688 3822 5768 χείρονος,
