4188 6196
382 378 460 441 19
488 381 524 440 l.

1757 370 2074 435 GEORGII
2118 370 2437 433 CEDREN
2444 370 2467 431 Ι

3698 383 3817 444 192

379 515 594 592 paravi
628 516 703 573 ad
734 519 1096 573 structuram
1140 512 1286 568 aedis
1318 512 1438 568 Deo
1469 526 1603 568 meo
1634 505 2046 566 consecranda:

2168 498 2486 566 ποικίλους.
2519 504 2623 561 Καὶ
2654 503 2791 579 πρὸς
2821 504 3036 571 τούτοις
3068 505 3478 584 δίδωμι,·ἐκτὸς
3527 512 3604 568 ὧν
3658 516 3835 583 ipset--

382 622 616 674 aurum,
650 601 1344 678 argentum,aes,ferrum,
1360 599 1613 672 lapides,
1648 598 1849 655 omnis
1861 611 2040 670 gene-

384 695 467 752 ris
487 695 779 766 pretiosas
798 708 1064 765 gemmas
1089 707 1102 745 :
1124 691 1216 745 his
1235 689 1387 746 addo
1410 690 1537 745 auri
1560 688 1803 762 Ophirei
1818 686 2043 743 talenta

383 789 473 839 ter
500 783 763 847 mille,ac
793 785 1020 849 septem
1051 780 1243 835 millia
1263 779 1622 836 talentorum
1652 777 1883 851 argenti
1903 793 2039 849 pro-

383 872 501 928 bati
533 871 608 926 ad
647 887 847 926 muros
900 870 1104 942 templi
1162 870 1601 926 incrustandos.
1657 892 1684 919 »
1733 866 2041 939 Principes

384 966 581 1017 autem
614 958 814 1031 populi
843 959 1105 1015 Israelici
1146 958 1218 1014 ad
1273 958 1433 1014 idem
1494 976 1644 1031 opus
1700 956 2042 1014 faciendum

385 1048 768 1106 contulerunt
787 1050 1151 1104 talentorum
1181 1048 1309 1104 auri
1368 1048 1559 1104 millia
1590 1052 1644 1115 7,
1704 1052 2039 1119 argentum,

382 1138 614 1212 lapides
644 1139 937 1211 pretiosos
968 1144 1028 1193 et
1057 1138 1413 1193 immensam
1439 1138 1559 1193 vim
1598 1137 1754 1193 mris.
1789 1135 2040 1192 Davidus

388 1245 522 1284 cum
553 1226 1075 1300 populum,felicia
1104 1226 1157 1283 ei
1176 1227 1381 1283 omnia
1410 1227 1575 1299 prius
1606 1227 2039 1298 c'omprecatus,

385 1317 732 1383 dimisisset,
764 1332 971 1373 rursus
1015 1316 1097 1371 ita
1153 1316 1346 1371 ﬁlium
1398 1333 1572 1372 suum
1617 1314 2038 1388 compellavit:

382 1429 411 1457 «
444 1406 723 1473 Proinde,
765 1422 798 1460 ο
845 1405 1149 1472 Solomon,
1207 1407 1394 1461 Deum
1444 1405 1742 1478 majorum
1803 1412 2041 1461 tuorum

377 1513 653 1570 agnosce,
687 1512 943 1567 eumque
974 1500 1096 1550 toto
1120 1495 1297 1551 corde
1330 1501 1509 1568 atque
1550 1496 1751 1552 animo
1801 1494 2039 1550 volente

377 1586 528 1643 cole.
561 1585 773 1640 Omnia
793 1585 952 1640 enim
985 1584 1167 1640 corda
1189 1588 1491 1643 scrutatur
1519 1586 1879 1653 Deus,omne
1893 1599 2040 1655 sque

376 1676 765 1748 cogitationes
785 1674 960 1729 videt.
1004 1674 1060 1728 Si
1109 1691 1343 1746 quaeras
1402 1691 1561 1745 eum,
1619 1675 1929 1730 invenies:
1990 1675 2040 1730 si

375 1767 777 1838 derelinquas,
808 1782 1055 1837 prorsus
1090 1765 1377 1822 destituet
1408 1771 1487 1821 te.
1521 1785 1548 1818 ι»
1612 1766 1787 1823 Dedit
1838 1770 2041 1822 autem

376 1855 631 1913 Davidus
664 1854 966 1911 Solomoni
1002 1854 1128 1910 ﬁlio
1157 1871 1263 1910 suo
1294 1854 1603 1927 exemplar
1633 1855 1816 1911 totius
1830 1854 2043 1927 templi

382 1952 442 2002 et
481 1943 975 2001 Cherubimorum
1010 1943 1113 2015 qui
1144 1944 1336 2016 passis
1388 1944 1501 2000 alis
1547 1960 1747 2000 arcam
1804 1943 2043 2000 fmderis

382 2033 563 2090 divini
586 2033 972 2089 obumbrant.
1006 2032 1145 2099 Qum
1178 2033 1378 2090 omnia
1411 2049 1591 2089 manu
1654 2032 1754 2089 Dei
1811 2033 2047 2105 depicta

384 2122 636 2180 Davidus
666 2122 791 2178 filio
847 2122 1141 2193 praebens,
1174 2123 1445 2177 hortatus
1504 2127 1595 2178 est
1643 2127 1710 2177 ut
1765 2121 2045 2194 praesidio

383 2213 506 2282 Dei,
542 2228 721 2283 quem
752 2216 921 2284 pater
943 2211 1245 2278 coluisset,
1267 2210 1477 2276 fretus,
1509 2210 1700 2267 virum
1734 2227 1797 2267 se
1818 2210 2047 2283 praebe-

384 2307 477 2357 ret
506 2318 574 2357 ac
602 2301 836 2357 fortiter
865 2317 993 2356 rem
1018 2305 1274 2373 gereret.

458 2392 562 2447 Hic
593 2391 742 2447 actis
774 2389 1030 2445 Davidus
1061 2389 1310 2462 grandis
1344 2395 1510 2457 natu,
1559 2389 1802 2462 pietate,
1834 2389 2047 2461 Opibus

385 2487 443 2538 et
475 2481 665 2554 gloria
721 2479 995 2552 insignis,
1052 2479 1230 2536 ﬁnem
1285 2479 1467 2552 hujus
1519 2479 1650 2535 vitae
1690 2479 1851 2547 fecit,
1884 2485 2049 2535 satur

385 2588 709 2639 annorum,
744 2570 1253 2643 septuagenarius.
1300 2571 1390 2626 Ita
1446 2569 1606 2625 enim
1660 2569 1842 2625 habet
1878 2586 2049 2625 sacra

393 2659 750 2732 Scriptura"
771 2676 825 2713 :«
845 2661 1070 2715 Mortuo
1088 2659 1263 2714 Saulo
1280 2658 1466 2714 Judaei
1485 2658 2045 2716 Chebronemvene-

387 2755 551 2818 runt,
585 2766 653 2804 ac
694 2748 979 2804 Davidum
1003 2749 1155 2806 159
1178 2764 1338 2803 anno
1379 2764 1499 2805 suae
1533 2748 1723 2804 mtatis
1744 2747 2045 2804 tricesimo

388 2837 571 2893 totius
600 2836 857 2892 Israelici
882 2835 1089 2908 populi
1120 2852 1322 2908 regem
1352 2837 1634 2892 unctione
1659 2835 2046 2909 inaugurave-

392 2931 554 2982 runt.
578 2925 767 2981 Cessit
788 2924 1070 2997 deinceps
1114 2941 1364 2997 regnum
1395 2941 1586 2981 annos
1616 2927 1704 2983 40.
1751 2946 1779 2975 ι»
1804 2925 1874 2981 Et
1905 2941 2043 2981 vero

391 3031 574 3087 regno
632 3015 916 3071 unctione
976 3015 1369 3088 inauguratus
1422 3014 1617 3070 fuerat
1698 3012 1975 3070 Davidus'
2012 3032 2048 3070 a

388 3104 665 3160 Samuolo
697 3120 710 3159 :
744 3104 903 3176 quod
933 3107 1133 3160 autem
1165 3103 1422 3176 papulus
1453 3119 1588 3159 cum
1619 3119 1821 3176 regem
1854 3101 2048 3159 decla-

382 3195 559 3261 ravit,
602 3194 665 3249 id
712 3193 1017 3265 Scriptura
1072 3193 1412 3265 promiscua
1466 3192 1737 3249 vocabuli
1793 3208 2047 3264 usurpa-

2152 612 2299 665 μασα
2329 591 2408 657 εἱς
2436 593 2582 650 οἶκον
2610 594 2705 651 τὸν
2735 594 2914 670 ἅγιον,
2946 597 3178 672 χρυσίου
3215 596 3312 655 τοῦ⁹
3362 601 3415 671 ἐξ
3471 603 3657 679 Ὠφεὶρ
3690 606 3805 679 (84)

2149 681 2392 770 τάλαντα
2426 682 2730 760 τρισχίλια,
2764 684 2854 741 καὶ
2907 686 3301 763 ἑπτακισχίλια
3354 689 3593 747 τάλαντα
3653 693 3816 770 ἀργυο

2151 770 2274 846 ρίου
2308 769 2560 846 δοκίμου,
2589 777 2691 830 τοῦ
2736 772 3112 855 ἐξαλειφθῆναι
3169 775 3220 833 ἐν
3278 778 3464 845 αὐτοῖς
3518 786 3634 843 τοῖς
3693 784 3815 838 τοί*

2150 878 2278 948 χοις
2308 865 2403 916 τοῦ
2430 862 2599 936 ἱεροῦ.
2643 886 2675 948 ιγ
2711 863 2779 920 Οἱ
2810 860 2869 919 δὲ
2916 864 3182 941 ἃρχοντες
3236 872 3345 924 τῶν
3404 869 3537 925 υἱῶν
3570 871 3796 948 Ἰσραὴλ

2148 945 2353 1004 ἔδωκαν
2399 950 2474 1012 εἷς
2530 951 2597 1007 τε
2650 947 2785 1028 ἔργα
2836 958 2934 1009 τοῦ
2987 953 3145 1011 οἶ⁷κου
3209 961 3306 1012 τοῦ
3363 962 3498 1014 Θεοῦ
3559 945 3793 1036 χρυσίου

2148 1037 2396 1096 τάλαντα
2425 1040 2813 1115 ἑπτακισχίλια
2866 1043 2955 1099 καὶ
3013 1045 3272 1124 ἀργύριον
3323 1048 3414 1103 καὶ
3473 1047 3660 1114 λίθους
3721 1073 3808 1107 τι-

2150 1128 2307 1203 μίους
2333 1130 2422 1185 καὶ
2476 1130 2685 1187 χαλκὸν
2741 1129 2981 1210 ἄπειρον.
3040 1136 3144 1193 Καὶ
3184 1135 3487 1214 εὐλογήσας
3528 1140 3622 1195 τὸν
3668 1139 3801 1197 λαὸν

2148 1214 2374 1275 ὁΔαϐἲό
2403 1220 2493 1274 καὶ
2535 1221 2640 1276 ἀτο
2741 1219 2795 1277 ίλ
2943 1224 3032 1265 τ·
3160 1225 3187 1245 ⁷¹
3369 1232 3395 1243 ⁸
3530 1233 3557 1244 ”’
3647 1228 3659 1245 ’
3742 1234 3766 1245 ”

2328 1262 2340 1272 .
2578 1257 2587 1275 .
2647 1243 2736 1278 στε
2803 1238 2865 1287 ας
2922 1244 3063 1280 επεν
3124 1229 3273 1289 αυθις
3328 1249 3408 1300 τῳ
3464 1229 3570 1301 υἱῳ
3602 1251 3793 1285 αυτουθ

2142 1331 2172 1360 ς(
2205 1309 2448 1377 Καὶ,νῦν,
2481 1309 2774 1384 Σολομῶν,
2828 1317 2998 1388 γνῶθι
3042 1315 3134 1371 τὸν
3194 1316 3325 1372 Θεὸν
3377 1322 3486 1373 τῶν
3545 1318 3796 1395 πατέρων

2145 1419 2264 1467 σου,
2294 1398 2385 1453 καὶ
2417 1395 2709 1457 δούλευσον
2737 1402 2886 1474 αὖτῷ
2916 1401 2968 1457 ἐν
3009 1401 3205 1479 καρδίᾳ
3259 1402 3446 1478 τελείᾳ
3501 1408 3594 1462 καὶ
3647 1411 3802 1484 ψυχῇ

2145 1484 2409 1563 θελούσῃ,
2441 1487 2525 1545 ὅτι
2555 1487 2782 1564 καρδίας
2837 1491 3014 1555 πάσας
3070 1492 3247 1563 ἐτάζει
3287 1493 3489 1570 Κύριος
3542 1497 3634 1552 καὶ
3693 1503 3797 1554 πᾶν

2143 1576 2441 1652 ἐνθύμημα
2468 1578 2745 1656 γινώσκει.
2805 1582 2909 1639 Καὶ
2962 1582 3049 1638 ἐὰν
3114 1586 3353 1657 ζητήσῃς
3392 1585 3575 1656 αὐτόν,
3642 1591 3795 1663 εὑρε-

2144 1666 2365 1737 θήσεται
2419 1687 2527 1723 σοι·
2586 1667 2675 1723 καὶ
2734 1668 2823 1724 ἐὰν
2867 1670 3210 1747 ’καταλείψῃς
3243 1674 3429 1745 αὐτὸν,
3476 1676 3790 1752 καταλείψει

2144 1776 2202 1811 σε
2231 1756 2307 1818 εἷς
2342 1755 2523 1820 τέλος.
2556 1780 2585 1808 ››
2618 1760 2722 1813 Καὶ
2750 1753 2923 1815 ἔδωκε
2981 1756 3148 1817 Δαϐὶδ
3190 1762 3519 1839 Σολομῶντι
3559 1769 3639 1842 τῷ
3694 1770 3798 1843 υἱῷ

2148 1846 2319 1902 αὐτοῦ
2346 1846 2410 1901 τὸ
2442 1844 2797 1923 παράδειγμα
2824 1854 2922 1906 τοῦ
2970 1856 3102 1906 ναοῦ
3142 1855 3341 1916 παντὸς
3393 1856 3483 1910 καὶ
3535 1861 3645 1912 τῶν
3701 1859 3797 1915 Χι-

2152 1929 2362 2009 ρουϐἶμ
2382 1938 2491 1990 τῶν
2524 1933 3036 2011 διαπεπετασμένων
3064 1946 3185 2004 ταῖς
3231 1942 3450 2016 πτέρυξι
3504 1946 3595 2000 καὶ
3648 1968 3805 2003 σκια-

2155 2023 2349 2093 ζόντων
2383 2023 2472 2080 ἐπὶ
2503 2031 2603 2095 τῆς
2628 2021 2870 2083 κιϐωτοῦ
2901 2025 3168 2101 διαθήκης
3218 2033 3446 2107 Κυρίου.
3506 2036 3688 2092 Πάντα
3747 2035 3801 2092 ἐν

2150 2117 2335 2190 γραφῇ
2378 2113 2565 2189 χειρὸς
2606 2116 2807 2191 Κυρίου
2864 2114 3067 2175 δέδωκε
3105 2116 3272 2177 Δαϐὶδ
3332 2122 3659 2196 Σολομῶντι
3723 2131 3803 2199 τῷ

2150 2202 2253 2274 υἱῷ
2285 2201 2470 2272 αὐτοῦ,
2504 2202 2697 2278 λέγων.
2733 2229 2763 2258 ‹‹
2794 2207 2987 2287 Ἱσχυε
3015 2208 3105 2264 καὶ
3170 2208 3447 2286 ἀνδρίζου,
3479 2212 3562 2269 ὅτι
3589 2213 3793 2289 Κύριος

2151 2291 2179 2345 6
2204 2289 2336 2353 Θεός
2369 2312 2474 2365 μου
2509 2294 2645 2365 μετά
2675 2298 2792 2352 σοῦ.
2829 2319 2858 2347 ››

2221 2379 2325 2438 Καὶ
2384 2382 2519 2454 μετά
2592 2387 2763 2439 ταῦτα
2818 2383 3140 2459 ἐτελεύτησε
3195 2385 3362 2445 Δαϐἒδ
3419 2390 3649 2466 πλούτῳ
3704 2393 3792 2449 καὶ

2152 2465 2281 2545 δόξῃ
2312 2469 2404 2525 καὶ
2437 2465 2678 2544 εὐσεϐείᾳ
2706 2470 2757 2527 ἐν
2798 2475 2958 2550 γήρει
3012 2475 3171 2549 καλῷ
3225 2479 3315 2534 καὶ
3373 2477 3598 2555 πλήρης
3623 2465 3629 2466 ⁷
3653 2483 3793 2555 ἡμε-

2153 2562 2284 2629 ρῶν,
2315 2556 2447 2615 ἐτῶν
2478 2567 2539 2617 o‘.
2556 2562 2719 2631 51,7,ch
2751 2562 2876 2639 γάρ·
2910 2585 2941 2618 ιι
2991 2564 3089 2620 Καὶ
3118 2564 3325 2642 ἐγένετο
3367 2570 3503 2642 μετὰ
3567 2571 3631 2626 τὸ
3664 2571 3798 2627 ἀπο-

2152 2648 2328 2703 θανεῖν
2359 2648 2452 2704 τὸν
2509 2648 2714 2724 Σαοὺλ,
2774 2652 2865 2707 καὶ
2896 2647 3153 2728 ἔρχονται
3184 2656 3236 2709 οἱ
3281 2653 3469 2733 ἄνδρες
3499 2665 3601 2729 τῆς
3662 2661 3804 2718 Ἰου-

2152 2732 2304 2823 δαίας
2334 2737 2388 2792 ἐν
2444 2735 2699 2813 Χεϐρὼν,
2757 2741 2846 2796 καὶ
2906 2742 3158 2820 χρίουσιν
3218 2732 3389 2801 αὐτὸν
3434 2747 3510 2810 εἰς
3572 2749 3802 2823 βασιλέα

2153 2821 2240 2878 ἐπὶ
2282 2825 2452 2880 πάντα
2507 2825 2747 2900 Ἰσραήλ.
2809 2830 3118 2903 Τριάκοντα
3175 2830 3308 2888 ἐτῶν
3370 2829 3537 2889 Δαὸἰδ
3574 2821 3661 2890 -ἐν
3717 2841 3804 2910 τῷ

2154 2913 2461 2987 βασιλεύειν
2545 2916 2729 2974 αὐτόν.
2791 2918 2894 2975 Καὶ
2979 2915 3323 2979 ἐϐασίλευσεν
3400 2919 3494 2997 ἔτη
3548 2927 3805 3003 τεσσαρά-

2150 3023 2337 3062 κοντα.
2372 3028 2402 3056 ››
2434 3002 2612 3063 Ἀλλά
2634 3011 2733 3072 τῆς
2770 3009 2863 3080 μὲν
2896 3010 3192 3083 βασιλικῆς
3243 3014 3480 3088 χρίσεως
3537 3011 3626 3070 διὰ
3684 3002 3793 3072 Σα-

2155 3090 2340 3164 μουὴλ
2369 3093 2603 3165 ἠξιώθη,
2641 3095 2736 3157 τὰς
2793 3092 2850 3152 δέ
2902 3119 2962 3172 γε
2998 3103 3094 3153 τοῦ
3154 3098 3290 3156 λαοῦ
3340 3103 3715 3179 ἀναγορεύσεις
3763 3108 3799 3176 ἠ

2153 3180 2369 3257 ἱστορία
2400 3184 2612 3259 χρίσεις
2643 3181 2952 3263 ἀδιαφόρως
2992 3186 3265 3262 ὠνόμασε.
3319 3191 3664 3263 Τελευτήσας
3690 3193 3802 3249 τοί-

387 3284 551 3340 tione
601 3284 944 3340 unctionem
969 3283 1315 3340 nominavit.
1376 3283 1653 3356 Sepultus
1684 3286 1775 3338 est
1802 3283 2042 3338 Jerusa-

2156 3290 2244 3325 νυν
2275 3257 2444 3347 ἐτάφη
2477 3270 2529 3328 ἐν
2558 3277 2627 3347 τῇ
2658 3257 2818 3330 πόλει
2845 3257 3231 3353 Ἶερουσαλήμ
3285 3279 3361 3343 εἷς
3417 3280 3479 3337 τὸ
3541 3257 3805 3358 μέγιστον

385 3375 559 3430 lemm
636 3375 695 3429 in
756 3374 1014 3429 maximo
1073 3373 1370 3444 sepulcro,
1450 3372 1609 3445 quod
1668 3375 2045 3428 exstruxerat

385 3462 864 3535 sapientissimus
896 3462 1054 3517 ﬁlius
1072 3461 1352 3518 Solomon
1371 3461 1444 3518 ad
1463 3461 2041 3534 Siloamam.Regna-

380 3552 464 3607 vit
520 3550 775 3607 Davidus
829 3567 1021 3607 annos
1079 3550 1255 3607 Saulo
1314 3551 1631 3624 superstite
1664 3555 1717 3615 7,
1779 3550 1852 3606 ab
1913 3550 2044 3622 ejus

388 3641 549 3697 exitu
578 3657 767 3698 annos
790 3640 877 3696 33.
908 3640 1274 3696 Vaticinatus
1303 3644 1392 3697 est
1423 3645 1482 3696 et
1520 3639 1670 3713 ipse,
1733 3645 1791 3695 et
1834 3638 2044 3695 eodem

392 3736 660 3802 tempore
694 3729 888 3787 Gadus
918 3730 1223 3787 Nathanus
1274 3730 1547 3809 Asaphus
1603 3734 1780 3800 atque
1819 3727 2046 3784 Idithu-

395 3837 548 3877 mus.
602 3820 940 3876 Exercitum
998 3820 1156 3891 regis
1209 3819 1380 3875 duxit
1435 3818 1686 3886 Joabus;
1746 3819 1852 3890 qui
1909 3835 2046 3874 cum

384 3908 677 3982 populum
739 3908 1093 3977 censuisset,
1150 3906 1567 3965 Israelicorum
1616 3908 1855 3964 inventa
1910 3912 2051 3962 sunt

396 4000 534 4053 1000
572 3998 782 4067 millia,
836 3996 1054 4054 Iudaeas
1104 3997 1295 4052 tribus
1350 4000 1455 4053 470
1513 3997 1719 4064 millia,
1774 3996 1936 4052 Levis
1992 4001 2050 4051 et

395 4086 730 4159 Benjamini
763 4104 976 4143 census
1008 4090 1176 4142 actus
1205 4102 1325 4141 non
1354 4090 1477 4141 est:
1540 4091 1599 4141 et
1629 4086 1871 4157 quidem
1900 4084 2048 4141 irato

400 4179 534 4245 Deo,
571 4178 749 4232 trium
782 4178 1065 4233 horarum
1088 4174 1277 4248 spatio
1311 4179 1547 4231 mortua
1577 4179 1717 4231 sunt
1736 4174 2051 4231 hominum

395 4269 462 4320 ’70
498 4266 691 4321 millia
723 4264 793 4321 de
825 4264 1068 4337 populo.

472 4353 807 4409 Notandum
832 4358 943 4421 est,
970 4369 1107 4409 cum
1138 4356 1481 4424 peccatores
1505 4357 1565 4407 et
1613 4356 2051 4423 contemptores

400 4440 502 4495 Dei
535 4441 726 4512 gravis
783 4441 987 4511 aliqua
1032 4445 1092 4495 et
1137 4439 1406 4496 insolens
1460 4444 1667 4495 manet
1721 4439 2049 4509 calamitas,

400 4544 577 4601 quam
605 4528 807 4584 omnia
824 4543 996 4599 aequa
1028 4527 1566 4600 dispensanslance
1583 4527 2053 4585 Deusimmissu-

2158 3366 2367 3434 μνῆμα,
2402 3361 2432 3416 6'
2461 3358 2818 3436 ᾠκοδόμησεν
2848 3363 2876 3419 6
2908 3366 3224 3442 σοφώτατος
3253 3368 3371 3432 υἱὸς
3412 3368 3577 3425 αὐτοῦ
3604 3368 3801 3427 Σολο-

2152 3452 2269 3522 μῶν
2296 3451 2443 3527 παρά
2470 3452 2568 3522 τὴν
2612 3451 2869 3528 Σιλωάμ.
2931 3456 3213 3511 Βασιλεύει
3274 3455 3332 3513 δε
3372 3461 3400 3515 6
3456 3454 3624 3518 Aa6i3
3658 3461 3803 3518 ἐπτά

2151 3539 2245 3613 μὲν
2276 3535 2369 3611 ἔτη
2400 3539 2683 3615 περιόντος
2714 3546 2810 3597 τοῦ
2843 3542 3048 3614 Σαοὺλ,
3084 3546 3219 3618 μετὰ
3268 3545 3324 3601 δὲ
3380 3549 3480 3618 τὴν
3537 3549 3798 3618 τελευτὴν

2148 3627 2343 3684 τούτου
2377 3628 2476 3706 λγ“.
2522 3633 2895 3706 Προεφήτευσε
2926 3629 2984 3688 δὲ
3019 3634 3180 3696 αὐτός
3232 3657 3291 3690 τε
3321 3633 3488 3693 Δαϐὶδ
3548 3639 3640 3694 καὶ
3690 3637 3798 3695 Γὰδ

2150 3718 2242 3774 καὶ
2280 3718 2455 3804 Νάθαν
2513 3719 2604 3775 καὶ
2661 3722 2835 3800 ’Δσὰφ
2892 3722 2984 3778 καὶ
3043 3721 3309 3798 Ἰδιθοόμ.
3371 3726 3797 3804 Ἐστρατηλάτει

2153 3805 2211 3864 δὲ
2239 3805 2597 3883 αὐτῷἸωὰϐ,
2655 3808 2713 3874 ὅς
2770 3810 3046 3888 ἠρίθμησε
3100 3814 3192 3869 τὸν
3256 3812 3412 3888 λαὸν,
3458 3816 3552 3873 καὶ
3608 3816 3799 3892 εὑρέθη

2152 3897 2335 3977 χίλιαι
2367 3898 2553 3955 ἑκατὸν
2587 3895 2861 3976 χιλιάδες,
2889 3904 2989 3956 τοῦ
3056 3898 3114 3957 δὲ
3169 3900 3352 3961 Ἰούδα
3391 3906 3471 3961 υο⁸
3527 3904 3804 3971 χιλιάδες.

2154 3987 2261 4044 Τὸν
2294 3983 2353 4042 δὲ
2383 3986 2511 4042 Acut
2535 3988 2624 4043 καὶ
2682 3988 2775 4044 τὸν
2831 3990 3089 4064 Βενιαμὶν
3146 3989 3245 4047 οὐκ
3298 3993 3636 4069 ἠρίθμησαν.
3702 3999 3812 4053 Hs-

2154 4075 2482 4133 πτώκασιδὶ
2521 4078 2635 4134 κατ’
2668 4079 2838 4157 ὀργὴν
2897 4085 3030 4137 Θεοῦ
3088 4079 3147 4137 ἐκ
3201 4086 3299 4139 τοῦ
3346 4083 3486 4141 λαοῦ
3514 4082 3567 4140 ἐν
3624 4085 3803 4163 τρισὶν

2159 4163 2323 4241 ὥραις
2357 4162 2611 4241 χιλιάδες
2637 4167 2705 4225 o'.

2230 4345 2581 4420 Σημειωτὲον
2614 4346 2688 4408 ὡς
2716 4345 2881 4416 ⁴ἡνίκα
2921 4368 3004 4411 τις
3056 4347 3341 4407 ἀπόκειται
3396 4356 3515 4417 τοῖς
3544 4352 3810 4426 ἀνεμοῦσι

2156 4435 2246 4491 καὶ
2306 4439 2727 4515 καταφρονοῦσιν
2787 4436 2989 4509 ἐξαισία
3045 4436 3237 4515 πληγή
3314 4439 3405 4496 καὶ
3464 4440 3606 4519 ὀργή
3666 4442 3814 4518 παρὰ

2155 4522 2236 4598 τῷ
2302 4520 2535 4588 δικαίοις
2583 4523 2651 4581 τὰ
2704 4524 2879 4581 πάντα
2926 4523 3288 4592 διευθετοῦντι
3325 4533 3532 4605 ζυγοῖς,
3589 4552 3813 4606 συγχω-

397 4636 498 4676 rus
531 4622 638 4684 est,
676 4622 800 4672 tum
830 4616 1035 4690 populi
1076 4617 1448 4690 principibus
1504 4618 1620 4674 hoc
1668 4618 1934 4691 permitti
1966 4616 2046 4673 uti

2162 4612 2332 4690 ρεῖταί
2361 4635 2445 4676 τις
2482 4613 2822 4692 ἐνεργεθῆναι
2877 4617 3289 4694 πονηροπραξία
3341 4624 3458 4683 τοῖς
3519 4624 3616 4676 τοῦ
3676 4619 3811 4676 λαοῦ

399 4707 643 4779 aliquod
668 4707 891 4763 malum
923 4705 1155 4767 facinus
1184 4711 1549 4779 perpetrent.
1591 4708 1656 4764 Id
1704 4724 1773 4764 eo
1831 4708 1917 4773 fit,
1978 4723 2054 4764 ne

396 4804 618 4851 temere
649 4802 750 4852 aut
778 4796 1159 4864 fortuito,sed
1185 4796 1350 4868 justo
1373 4796 1606 4870 judicio
1659 4797 1817 4868 mala
1865 4797 2054 4871 inﬂigi

396 4892 698 4958 putentur.
737 4888 936 4959 Neque
967 4885 1434 4942 existimandum
1494 4892 1585 4943 est
1630 4892 1873 4962 propter
1928 4887 2056 4945 sola

399 4974 736 5047 principum
786 4974 1004 5031 delicta
1059 4979 1297 5047 pestes,
1361 4975 1634 5049 ingentes
1687 4975 2055 5033 calamitates

398 5080 867 5138 communesque
897 5064 1103 5139 populi
1133 5065 1578 5122 interneciones
1605 5064 1893 5123 accidere.
1928 5066 2053 5123 Imo

470 5165 515 5200 "
542 5166 592 5221 ΙΙ
624 5168 762 5240 Reg.
796 5183 854 5223 ιι.

2162 4706 2517 4780 ἡγουμένοις,
2549 4706 2623 4769 ὡς
2655 4707 2717 4761 ἄν
2751 4708 2827 4781 μὴ
2861 4706 3080 4783 ἀλόγως
3111 4705 3252 4782 μηδὲ
3281 4709 3356 4772 ὡς
3390 4708 3442 4781 ἐξ
3476 4710 3810 4784 αὐτομάτου,

2163 4793 2291 4851 ἀλλ’
2341 4792 2402 4850 ἐκ
2460 4792 2669 4859 δικαίας
2724 4795 2953 4872 κρίσεως
3007 4795 3293 4874 ἐπάγεσθαι
3376 4803 3690 4856 πιστεύοιτο
3744 4802 3813 4856 τὰ

2163 4885 2320 4942 κακά.
2350 4885 2430 4944 Οὐ
2464 4882 2547 4941 δεῖ
2576 4883 2634 4941 δὲ
2664 4887 2775 4959 (85)
2809 4886 3014 4942 οἲεσθαι
3061 4888 3137 4949 ὡς
3194 4884 3284 4943 διὰ
3318 4886 3490 4962 μόνην
3544 4894 3652 4946 τῶν
3712 4889 3814 4965 ἀρ-

2165 4974 2375 5051 χόντων
2402 4974 2503 5045 τὴν
2533 4972 2855 5051 ἀπροσεξίαν
2891 4972 3112 5044 ἐξαίσιοι
3172 4977 3389 5040 θάνατοι
3431 4980 3515 5052 [Ρ.
3568 4980 3657 5052 91]
3718 4978 3809 5034 καὶ

2165 5064 2459 5142 συμφορῶν
2494 5059 2795 5139 ὑπερϐολαὶ
2814 5068 2933 5126 τοῖς
2953 5061 3110 5127 λαοῖς
3139 5062 3231 5120 καὶ
3261 5065 3439 5122 κοιναὶ
3470 5071 3586 5129 τοῖς
3617 5064 3818 5142 ’ὀχλοις

1568 5254 1934 5312 XYLANDRI
1974 5256 2060 5310 ET
2099 5255 2312 5313 GOARI
2350 5255 2575 5312 ΝΟΤᾸΞ.

473 5357 695 5435 (8ξξἙκ
722 5354 939 5431 Σωφείρ
954 5357 1237 5435 mendose
1270 5357 1510 5435 scripsit
1534 5373 1642 5435 pro
1655 5354 1715 5435 ⁸ἐξ
1736 5354 2055 5435 ’Qpatpgu-

403 5428 742 5502 plicilittera
767 5428 885 5485 neu
902 5428 1061 5502 recte
1095 5429 1447 5501 discerpta,l
1471 5428 1728 5502 Paralip.
1755 5428 2054 5502 ΧὲιχξΧη.

479 5500 591 5571 (85)
626 5500 710 5574 Ad
759 5501 1087 5574 marginem
1116 5500 1471 5574 a_nnotatu_m
1506 5506 1597 5574 est
1646 5500 1693 5574 εξ
1717 5500 2056 5574 Σημείωσαι,

408 5568 718 5645 θαυμαστὸν
764 5571 899 5645 πρδς
932 5570 1056 5645 ,τήν
1114 5568 1202 5626 νῦν
1228 5642 1237 5645 _
1265 5569 1454 5645 μωρὰν
1510 5570 1601 5645 καὶ
1622 5568 1901 5645 Δ-δινόηιξεονᾳ
1935 5575 2057 5645 τῶν

406 5640 740 5728 κοινοτέρωνΔ
776 5640 1073 5728 ἀξιθρώπῳν
1133 5640 1387 5718 γνώμης.
1443 5641 1555 5728 ‘Kal
1615 5642 1731 5728 ὅρα.
1767 5640 1820 5699 τί
1888 5642 2056 5728 λέγει.

2164 5355 2426 5413 faciatad
2439 5355 2677 5428 rudium
2708 5355 3240 5428 imperitorumque
3252 5356 3556 5427 hominum,
3572 5376 3816 5428 quorum

2167 5427 2876 5492 maximaestmultitudo,
2911 5427 3274 5484 sententiam
3294 5428 3365 5485 de
3378 5430 3488 5486 hac
3515 5427 3816 5489 relatuam

2171 5505 2230 5556 et
2252 5500 2691 5571 imprudentem
2714 5498 3129 5556 refellendam.
3164 5500 3298 5556 Haec
3320 5503 3628 5558 annotatio
3660 5521 3695 5559 a
3723 5521 3816 5562 me

2169 5572 2481 5645 prmterita
2500 5588 2620 5645 non
2651 5576 2762 5645 est,
2794 5571 3036 5645 cumsit
3062 5587 3243 5628 vera:
3274 5588 3415 5629 nam
3452 5576 3737 5645 profecto,
3766 5576 3816 5631 si

2169 5641 2315 5716 quid
2345 5641 2890 5717 egojpdico,_locu_s
2920 5642 3135 5717 dignus
3161 5641 3814 5717 est_animadversione,

406 5713 631 5774 Sensus
658 5720 768 5784 est,
802 5713 963 5773 hunc
1014 5713 1210 5772 locu'm
1244 5713 1375 5772 esse
1406 5713 1863 5787 observandum,
1919 5713 2060 5790 quia
2166 5713 2479 5790 utcunque
2502 5714 2629 5775 hinc
2659 5713 2904 5774 aliunde
2917 5713 3220 5775 Cedrenus
3239 5713 3810 5794 desumpseritXn.
