4186 6190
316 383 428 442 193

1453 388 2002 454 HISTORIABUM
2044 392 2607 458 COMPENDIUM.

3617 400 3734 459 194

321 508 780 589 ἐπισυμϐαίνουσι
810 513 1208 596 πανωλεθρίαι,
1246 516 1440 584 πάντες
1491 517 1549 577 δὲ
1602 524 1685 596 τῷ
1736 520 1895 595 νόμῳ
1924 522 1961 594 ἢ

2101 530 2273 584 intem
2288 544 2499 587 omnes
2518 528 2666 604 legis
2688 532 2793 587 aut
2811 529 3103 588 naturalis
3117 534 3220 588 aut
3243 531 3480 605 scriptae
3506 531 3734 590 violatas

322 626 399 678 τῳ
428 609 643 683 φυσικῷ
696 606 734 679 ἢ
800 611 881 681 τῷ
935 613 1159 684 γραπτῷ
1214 610 1251 680 ἢ
1304 610 1397 667 καὶ
1448 610 1656 691 ἀμφοῖν
1713 607 1970 667 ὑπόδικοι

2101 618 2165 672 -θί
2196 633 2303 674 suo
2338 623 2605 692 tempore
2632 619 2828 693 dignis
2857 618 3208 678 afficiuntur
3259 622 3593 694 suppliciis.
3653 624 3737 679 Ac

323 694 706 770 καθιστάμενοι
759 700 880 760 τοῖς
948 696 1121 768 ἆξίοις
1176 698 1316 755 κατὰ
1361 700 1549 775 καιρὸν
1604 699 1970 780 τυγχάνουσιν

321 783 644 857 ἐπιτιμίοις.
678 785 963 861 Φε·5γουσα
994 783 1051 843 δὲ
1077 788 1140 842 τὸ
1179 786 1247 843 τὰ
1303 789 1423 844 καθ’
1479 785 1676 845 ἕκαστα
1728 793 1837 846 τῶν
1878 789 1976 845 ἆν-

321 874 551 950 θρώπων
613 875 984 949 ἁμαρτήματα
1039 873 1130 931 διὰ
1184 877 1251 932 τὸ
1296 876 1521 952 ἄπειρον
1576 878 1973 955 ἀπαριθμεῖνὴ

322 962 503 1044 Γραφῂ
534 965 598 1019 τὸ
622 968 720 1020 τοῦ
756 962 1026 1040 βασιλέως
1055 965 1321 1040 ἀνόμημα
1370 966 1445 1028 ὡς
1481 965 1656 1024 αἴτιον
1705 968 1977 1045 τιμωρίας

320 1053 604 1127 γενόμενον
658 1057 789 1136 τοῖς
838 1053 1291 1129 βασιλευομένοις
1358 1056 1667 1136 ὑφηγεῖται,
1728 1057 1846 1113 οἷον
1905 1055 1974 1128 δὴ

324 1141 413 1197 καὶ
438 1139 529 1197 ἐπὶ
556 1144 656 1197 τοῦ
685 1135 854 1197 Δαϐἱδ
891 1143 1110 1219 γεγονὸς
1143 1144 1346 1202 ὦπται.
1406 1135 1689 1203 Ἀπέκειτο
1745 1145 1844 1220 μὲν
1872 1145 1974 1224 γὰρ

320 1228 455 1305 ὀργῆ
515 1229 722 1305 Κυρίου
781 1229 919 1285 κατὰ
974 1229 1200 1306 Ἰσραήλ
1267 1229 1363 1287 διὰ
1438 1231 1538 1296 τὰς
1589 1232 1977 1310 πολυτρόπους

320 1318 496 1375 αὐτῶν
577 1319 861 1390 ἀθετήσεις
920 1316 1136 1392 δηλαδή
1200 1321 1442 1380 ἐπέσεισε
1497 1319 1558 1379 δὲ
1616 1327 1831 1399 πνεῦμα
1879 1324 1975 1380 τὸν

318 1404 489 1464 Δαϐἱδ
520 1408 828 1484 ἀριθμῆσαι
855 1408 950 1465 τὸν
983 1409 1229 1485 Ἰσραήλ.
1273 1411 1374 1469 Καὶ
1429 1411 1630 1468 τούτου
1683 1412 1978 1488 γενομένου

319 1495 563 1572 παρέστη
595 1495 745 1571 αὗτῷ
768 1499 919 1573 πρωῒ
948 1496 1056 1554 Γάδ
1101 1499 1130 1555 6
1162 1503 1457 1581 προφήτης
1496 1501 1679 1567 θεόθεν
1734 1501 1983 1559 ἀποστα-

319 1583 435 1651 λεὶς
464 1586 558 1642 καὶ
586 1584 712 1663 νρία
750 1584 1067 1659 ἐκλέξασθαι
1129 1588 1279 1663 αὐτῷ
1332 1595 1671 1669 παρεγγυῶν,
1729 1592 1799 1649 Ἢ
1855 1590 1982 1669 τρία

319 1669 411 1746 ἔτη
449 1674 617 1748 λιμὸν
651 1675 741 1731 ἐπὶ
764 1677 865 1747 τήν
897 1683 1002 1752 γῆν
1030 1698 1149 1747 σου,
1199 1678 1234 1749 ἢ
1288 1684 1434 1755 τρεῖς
1501 1686 1678 1755 μῆνας
1708 1677 1982 1757 διωκόμε-

318 1786 408 1821 νον
435 1764 651 1843 ιρεύγειν
711 1764 772 1821 ἐκ
817 1768 1119 1842 προσώπου
1176 1769 1286 1825 τῶν
1343 1769 1558 1846 ἐχθρῶν
1617 1792 1735 1841 σου,
1768 1772 1804 1843 ἢ
1834 1775 1981 1847 τρεῖς

316 1856 527 1929 ἡμέρας
554 1857 785 1920 θάνατον
805 1858 1051 1932 γενέσθαι
1093 1856 1147 1913 ἐν
1176 1861 1246 1933 τῇ
1285 1862 1356 1935 γῇ
1398 1880 1516 1919 σου.
1568 1861 1630 1919 Ὁ
1669 1857 1749 1929 δὲ,
1788 1880 1811 1911 α
1843 1867 1975 1917 Στε-

308 1944 512 2022 ναγμοὶ
543 1946 827 2011 πάντοθεν
874 1944 1025 2017 πλήν
1058 1946 1403 2023 ἐμπεσοῦμαι
1463 1946 1531 2020 δὴ
1593 1948 1670 2013 εἷς
1726 1952 1823 2013 τὰς
1852 1954 1975 2026 χεῖο

2079 722 2249 762 sacra
2277 708 2598 781 Scriptura,
2631 727 2767 766 cum
2800 710 2875 766 ob
2906 711 3062 766 160
3108 710 3465 767 inﬁnitatem
3522 728 3738 783 pecca-

2080 799 2277 852 torum
2308 814 2441 869 quas
2459 815 2495 854 a
2518 799 2769 872 singulis
2791 799 3136 857 hominibus
3159 801 3634 867 committuntur,
3660 801 3733 857 ab

2081 900 2289 942 eorum
2341 889 2795 945 enumeratione
2848 889 3164 956 abstineat,
3226 890 3383 963 regis
3448 889 3735 946 delictum

2082 979 2367 1048 tanquam
2418 994 2608 1050 poenas
2667 994 2906 1034 causam
2967 978 3219 1035 subditis
3283 984 3733 1036 commemorat.

2082 1063 2265 1137 Cujus
2292 1065 2379 1121 rei
2412 1067 2753 1139 exemplum
2812 1067 3063 1123 historia
3119 1067 3398 1124 Davidica
3451 1068 3733 1141 suggerit.

2081 1153 2376 1212 Nimirum
2406 1156 2568 1212 enim
2598 1156 2688 1212 ira
2744 1157 2848 1213 Dei
2905 1156 3127 1213 malum
3180 1157 3456 1212 Israelico
3515 1157 3734 1229 pepulo

2083 1245 2333 1315 parabat
2360 1252 2604 1318 propter
2642 1245 3003 1318 multiplices
3032 1246 3178 1319 legis
3210 1246 3580 1312 violationes,
3615 1245 3743 1317 spi—

2082 1333 2236 1389 ritus
2265 1340 2466 1390 autem
2494 1334 2780 1391 Davidum
2801 1335 2876 1391 ad
2894 1335 3301 1391 recensionem
3327 1334 3737 1408 pOpuliimpu-

2082 1421 2170 1478 lit.
2203 1423 2329 1489 Qua
2359 1429 2600 1496 peracta
2626 1440 2803 1480 mane
2834 1423 3028 1480 Gadus
3063 1439 3100 1480 a
3128 1425 3246 1480 Deo
3306 1423 3523 1480 missus
3580 1428 3740 1478 vates

2086 1526 2224 1567 eum
2255 1512 2548 1583 convenit,
2582 1514 3007 1585 optionemque
3027 1512 3119 1569 vel
3141 1512 3454 1570 triennalis
3475 1512 3739 1585 penurim

2086 1614 2193 1670 per
2249 1615 2498 1672 regnum
2555 1599 2648 1656 vel
2704 1600 3024 1657 trimestris
3086 1599 3238 1673 fugae
3287 1599 3742 1670 insequentibus

2087 1686 2354 1743 hostibus
2385 1688 2477 1744 vel
2505 1688 2798 1746 triduana:
2838 1706 2946 1761 per
2973 1706 3222 1763 regnum
3254 1689 3438 1762 pestis
3490 1688 3743 1745 liberam

2086 1778 2415 1849 proposuit.
2441 1778 2698 1835 Davidus
2735 1779 3195 1851 circumseptum
3223 1796 3285 1835 se
3327 1778 3584 1834 miseriis
3612 1777 3742 1834 fas-

2090 1882 2213 1934 sus,
2272 1866 2334 1922 in
2397 1867 2498 1921 Dei
2555 1866 2964 1939 multipliciter
3016 1867 3418 1925 misericordis
3467 1884 3649 1939 quam
3680 1867 3745 1923 in

2091 1954 2400 2011 hominum
2414 1955 2747 2013 crudelium
2762 1973 2973 2013 manus
2994 1972 3057 2012 se
3077 1956 3340 2013 incidere
3364 1956 3544 2013 malle
3566 1955 3739 2025 dixit,

316 2053 409 2110 ρας
438 2039 541 2090 τοῦ
564 2033 798 2111 Κυρίου,
841 2034 929 2093 ὅτι
977 2035 1185 2094 πολλοὶ
1245 2040 1297 2094 οὶ
1355 2037 1637 2115 οῗκτιρμοὶ
1684 2039 1876 2109 αὐτοῦ,
1907 2039 1984 2103 είς

2101 2042 2324 2116 sibique
2354 2049 2608 2101 mortem
2634 2044 2871 2119 delegit.
2911 2045 3237 2103 Metebatur
3267 2050 3394 2102 tum
3424 2045 3686 2101 triticum
3722 2058 3737 2111 ;

314 2119 371 2179 δὲ
390 2128 591 2202 χεῖρας
623 2125 924 2199 ἀνθρώπων
957 2128 1031 2200 μὴ
1066 2125 1387 2201 ἐμπέσοιμι,
1420 2128 1504 2183 ὅτι
1536 2127 1927 2202 ἀνελεήμονες.
1955 2151 1985 2180 ιο

2101 2138 2153 2188 et
2182 2130 2464 2189 divinitus
2501 2133 2774 2191 immissa
2800 2139 2965 2207 peste
3014 2152 3050 2191 a
3105 2134 3365 2192 diluculo
3418 2151 3609 2206 usque
3664 2134 3740 2190 ad

319 2215 422 2272 Καὶ
457 2212 738 2286 ἐξελέξατο
773 2216 951 2289 ἑαυτῷ
1002 2217 1096 2273 τὸν
1157 2218 1409 2281 θάνατον.
1464 2220 1634 2274 Ἦσαν
1693 2215 1752 2275 δὶ
1780 2218 1985 2295 ἡμεραι

2101 2218 2332 2291 prandii
2372 2219 2578 2277 horam
2631 2220 2990 2277 interierunt
3044 2224 3113 2276 70
3167 2221 3478 2277 hominum
3532 2220 3744 2277 millia.

323 2306 594 2378 θερισμοῦ
640 2309 829 2380 πυρῶν
867 2347 883 2373 ,
939 2306 1030 2361 καὶ
1111 2302 1284 2364 ἔδωκε
1338 2307 1539 2383 Κύριος
1599 2308 1827 2372 θάνατον
1879 2306 1988 2363 ἀπὸ

2101 2304 2299 2362 Stabat
2314 2306 2559 2379 angelus
2573 2308 2673 2363 Dei
2687 2308 2761 2364 ad
2773 2324 2974 2364 aream
2987 2309 3157 2365 Ornae
3183 2308 3455 2365 Jebusazi.
3494 2308 3745 2365 Davidus

321 2392 565 2468 πρωῒθεν
622 2390 729 2457 ἕως
809 2393 1058 2470 ἀρίστου,
1141 2395 1233 2452 καὶ
1283 2396 1547 2453 ἀπέθανον
1606 2392 1988 2472 ἑϐδομήκοντα

2101 2398 2299 2450 autem
2329 2394 2760 2451 vociferabatur
2792 2412 2806 2450 :
2834 2418 2864 2446 «
2894 2396 3042 2453 Ecce
3072 2412 3178 2467 ego
3201 2412 3333 2453 sum
3359 2397 3460 2468 qui
3484 2396 3745 2468 peccavi,

322 2479 591 2558 χιλιάδες
628 2480 862 2558 ἀνδρῶν.
897 2485 999 2542 Ἠν
1031 2481 1093 2541 δὶ
1117 2486 1146 2540 6
1177 2482 1407 2562 ἄγγελος
1453 2488 1553 2542 τοῦ
1583 2490 1718 2543 Θεοῦ
1748 2484 1988 2557 δστηκὼς

2101 2483 2167 2539 in
2196 2499 2292 2539 me
2323 2489 2383 2539 et
2410 2484 2596 2557 patris
2612 2485 2729 2541 mei
2748 2484 3039 2541 familiam
3065 2502 3275 2541 manus
3291 2492 3392 2542 tua
3410 2485 3608 2541 saeviat
3627 2485 3694 2539 ⁵ο.
3717 2507 3745 2535 n

326 2573 473 2647 παρᾶ
502 2572 608 2641 τὴν
666 2571 857 2628 ἅλωνα
896 2573 1059 2649 ὀρνᾶ
1109 2578 1207 2629 τοῦ
1254 2569 1641 2634 Γεϐουσσαίου.
1707 2569 1878 2630 Δαϐὶδ
1938 2569 1988 2629 δί

2104 2572 2251 2626 Tum
2283 2572 2551 2644 placatus
2577 2572 2752 2640 Deus,
2784 2572 2939 2630 cladi
2969 2573 3261 2630 Israelicae
3301 2574 3479 2630 ﬁnem
3521 2573 3748 2630 statuit.

321 2656 475 2719 ἐϐόαο
522 2686 553 2713 ι(
586 2659 729 2721 Ἰδοὺ
763 2661 871 2739 ἐγὼ
901 2659 1160 2735 ἠδίκησασ
1189 2664 1425 2741 γετέσθω
1446 2667 1483 2736 ἡ
1510 2665 1636 2742 χείρ
1660 2686 1756 2721 σου
1787 2663 1839 2721 ἐν
1873 2661 1999 2738 ἐμοὶ
2029 2659 2121 2716 καὶ
2177 2658 2230 2715 ἐν
2277 2665 2358 2734 τῷ
2386 2658 2526 2736 οἷ’κῳ
2581 2666 2680 2718 τοῦ
2726 2660 2931 2737 πατρός
2991 2682 3120 2736 μου.
3154 2685 3184 2715 ››
3218 2662 3315 2718 Καὶ
3373 2660 3748 2739 παρακληθεὶς

321 2751 347 2806 6
374 2752 579 2819 Κύριος
607 2750 834 2828 συνέσχε
862 2753 964 2823 τὴν
994 2756 1215 2826 θραῦσιν
1239 2755 1341 2825 τήν
1359 2755 1497 2811 κατᾶ
1524 2753 1770 2830 Ἰσραὴλ.

385 2842 520 2899 ’Ὁτι
571 2836 906 2918 πεσϐὖτερος
962 2843 1257 2920 γενόμενος
1289 2845 1318 2898 6
1346 2839 1513 2900 Aa6i8
1571 2848 1689 2907 τοῖς
1745 2841 1990 2917 ἱματίοις

331 2929 436 2984 οὐκ
497 2929 850 3002 ἐθερμαίνετο
884 2972 900 2999 ,
984 2930 1075 2986 καὶ
1158 2927 1388 3007 ἤνεγκαν
1460 2927 1676 2987 νεάνιδα
1730 2928 1989 3006 παρθένον

329 3015 571 3078 Ἀὄισᾶκ
597 3023 701 3090 τήν
729 3026 1063 3095 Σωμανῖτιν,
1094 3021 1185 3077 καὶ
1237 3023 1303 3092 ἦν
1362 3023 1523 3079 αὐτὸν
1582 3020 1992 3095 περιθάλπουσα

328 3111 415 3169 ἐπὶ
467 3120 578 3183 τῆς
630 3111 824 3184 κοίτης
859 3156 874 3183 ,
927 3112 1016 3168 καὶ
1065 3113 1094 3167 6
1155 3110 1416 3188 βασιλεὺς
1472 3111 1572 3169 οὐκ
1626 3108 1763 3187 ἔγνω
1800 3110 1988 3183 αὐτήν.

326 3200 606 3266 Ἀδωνίας
670 3198 729 3257 δὲ
804 3202 922 3265 υἱός
981 3198 1151 3258 Δαὸἱδ
1210 3201 1566 3276 ἐπαιρόμενος
1623 3199 1834 3277 ἐκράτει
1886 3207 1954 3271 τῆ

331 3289 649 3366 βασιλείας.
692 3291 797 3348 Καὶ
831 3289 1086 3370 εἶιρῆλθεν
1134 3285 1413 3367 Βηρσαϐεὲ
1458 3290 1595 3366 πρὸς
1655 3284 1845 3360 Δαὸὶδ,
1898 3289 1991 3346 καὶ

323 3382 756 3454 προσκυνήσασα
785 3379 923 3435 εἶπε·
964 3402 994 3432 ι(
1029 3379 1190 3456 Κύριε
1238 3377 1482 3454 βασιλεῦ,
1529 3375 1753 3454 ὤμοσάς
1810 3399 1904 3452 μοι
1938 3378 1989 3435 ἐν

325 3468 526 3542 Κυρίῳ
558 3467 677 3542 Θεῷ
707 3489 804 3525 σου
837 3467 923 3524 ὅτι
975 3466 1248 3542 Σολομῶν
1289 3468 1318 3524 6
1350 3469 1467 3532 υἱὸς
1527 3489 1632 3542 μου
1683 3467 1992 3544 βασιλεύσει

328 3560 447 3632 μετ’
480 3556 605 3630 ἐμὲ.
638 3558 742 3615 Καὶ
776 3554 897 3612 ἰδοὺ
945 3560 1038 3612 νῦν
1098 3553 1363 3619 Ἀδωνίας
1415 3550 1750 3627 ἐϐασίλευσε,
1780 3557 1869 3613 καὶ
1927 3554 1992 3612 σὺ

327 3649 427 3704 οὐκ
456 3643 659 3723 ἔγνως.
703 3672 732 3700 ››
762 3651 947 3706 Ταῦτα
1005 3646 1241 3710 ἀκούσας
1299 3641 1496 3715 Δαϐὶδ,
1554 3645 1811 3723 ἀθροίσας
1865 3646 1992 3711 τοὺς

326 3739 623 3817 προφήτας
663 3737 757 3791 καὶ
787 3737 974 3812 ἱερεῖς,
1035 3735 1183 3815 χρίει
1242 3733 1587 3809 Σολομῶντα
1643 3735 1732 3791 καὶ
1786 3736 1992 3806 καθίζει

328 3825 415 3882 ἐπὶ
445 3830 551 3882 τοῦ
588 3827 785 3901 θρόνου
814 3825 1006 3883 αὐτοῦ.
1046 3824 1395 3905 ᾨκογόμησε
1454 3821 1512 3880 δὲ
1572 3819 1739 3881 Δαϐὶδ
1790 3823 1844 3881 ἐν
1876 3831 1993 3888 ταῖς

330 3918 574 3990 ἡμέραις
605 3913 771 3971 αὐτοῦ
823 3914 912 3970 ἐπὶ
967 3921 1069 3985 τῆς
1132 3914 1435 3990 ἀκρωρείας
1493 3912 1861 3989 Ἰερουσαλήμ
1897 3916 1995 3984 τὴν

335 4009 508 4076 Σιῶν,
541 4005 745 4075 σκηνὴν
776 4002 831 4058 ἐν
882 4004 1023 4079 αὖτῇ
1054 4007 1137 4076 τῷ
1183 4007 1299 4076 Θεῷ
1351 4002 1688 4078 πηξάμενος,
1749 4001 1802 4059 ἐν
1828 4002 1867 4079 ᾗ
1892 4005 1991 4075 τήν

338 4089 583 4149 κιϐωτὸν
619 4089 874 4161 ἀπέθετο,
902 4091 1027 4151 Ἐπὶ
1070 4091 1272 4149 τούτου
1328 4093 1458 4170 παρ’
1515 4091 1776 4165 Ἓλλησιν
1808 4095 1995 4169 Ὅμη-

341 4204 433 4259 ρος
462 4184 559 4239 καὶ
584 4179 840 4247 Ἠσίοδος
866 4179 1247 4260 ἐγνωρίζοντο’

405 4358 739 4436 Τῷδὶβυο¹
795 4358 902 4417 ἔτει
962 4357 1236 4434 Σολομῶν
1282 4355 1599 4416 ἐϐασίλευσε
1655 4356 1995 4431 δωδεκαετῆς

1928 3160 1989 3264 ἔξ
2029 3160 2075 3229 (⁵

2170 2843 2375 2913 Magno
2399 2841 2527 2914 jam
2560 2848 2705 2899 natu
2736 2842 3023 2899 Davidum
3068 2849 3260 2901 vestes
3317 2860 3439 2900 non
3490 2843 3749 2916 amplius

2100 2930 2547 2989 calefaciebant.
2575 2933 2779 3004 Itaque
2809 2932 3063 2990 adducta
3093 2937 3182 2989 est
3225 2932 3297 2990 ad
3356 2949 3494 2989 eum
3552 2932 3753 3006 puella

2098 3020 2260 3093 virgo
2290 3020 2542 3078 Abisaca
2570 3021 2916 3089 Sumanitis,
2944 3038 3077 3094 quae
3109 3039 3245 3078 eum
3275 3022 3339 3078 in
3366 3021 3517 3079 lecto
3539 3038 3754 3079 conca-

2100 3109 2385 3168 lefaceret
2416 3127 2429 3166 :
2451 3127 2648 3183 neque
2668 3116 2868 3168 tamen
2889 3127 3019 3167 eam
3034 3128 3132 3169 rex
3149 3113 3436 3185 cognovit.
3460 3112 3750 3168 Caeterum

2100 3200 2363 3257 Adonias
2392 3200 2552 3257 illius
2582 3199 2781 3256 Davidi
2800 3216 2931 3256 sese
2954 3200 3545 3274 extulitregnumque
3582 3216 3753 3257 occu-

2102 3289 2278 3362 pavit.
2316 3290 2517 3360 itaque
2548 3289 2838 3346 Bersabea
2866 3289 2941 3346 ad
2972 3289 3260 3346 Davidum
3301 3290 3447 3345 ’161
3485 3289 3745 3359 intravit,

2104 3379 2279 3452 eique
2310 3378 2557 3451 supplex
2587 3379 2672 3435 ita
2695 3378 2845 3435 dixit
2874 3396 2888 3434 :
2922 3402 2951 3429 ‹‹
2984 3380 3169 3435 Deum
3204 3379 3523 3435 Dominum
3555 3384 3749 3451 tuum,

2102 3487 2137 3525 o
2168 3486 2291 3539 rex,
2315 3469 2556 3542 jurasti,
2604 3469 2667 3525 in
2722 3486 2904 3543 regno
2963 3468 3071 3525 tibi
3127 3468 3507 3526 Solomonem
3558 3469 3750 3525 illium

2102 3576 2303 3616 meum
2329 3575 2762 3616 successurum.
2793 3559 2973 3630 Atqui
3017 3576 3152 3616 ecce
3190 3559 3321 3629 tibi,
3379 3576 3537 3616 nunc
3593 3558 3749 3615 Ado-

2102 3648 2253 3714 nias,
2288 3652 2343 3703 te
2372 3648 2705 3721 ignorante,
2736 3665 2983 3721 regnum
3009 3646 3325 3719 occepit“.
3369 3648 3467 3702 His
3523 3646 3745 3703 auditis

2102 3735 2378 3803 Davidus,
2406 3737 2740 3792 convocatis
2772 3737 3002 3792 vatibus
3028 3753 3097 3792 ac
3128 3736 3543 3793 sacerdotibus
3596 3735 3756 3792 Solo-

2103 3841 2339 3881 monem
2371 3825 2622 3895 inungit,
2648 3825 2845 3896 itaque
2863 3841 3045 3898 regno
3067 3825 3485 3897 inauguratum
3512 3824 3575 3878 in
3598 3824 3748 3879 solio

2102 3927 2209 3968 suo
2238 3910 2508 3967 collocat.
2532 3912 2680 3967 Dum
2713 3916 2870 3967 esset
2899 3912 2962 3967 in
2994 3912 3136 3967 vivis
3178 3912 3452 3980 Davidus,
3487 3911 3753 3981 Sionem,

2103 4017 2234 4073 qua)
2266 4005 2357 4057 est
2378 4017 2483 4056 arx
2512 4000 3076 4073 Hierosolymorum,
3111 4001 3442 4068 aediﬁcavit,
3466 4000 3647 4073 inque
3680 4016 3751 4056 ea

2102 4089 2549 4146 tabernaculum
2585 4091 2700 4145 Deo
2733 4089 2881 4157 ﬁxit,
2911 4095 3089 4161 atque
3118 4090 3179 4145 in
3209 4090 3322 4147 hoc
3351 4106 3551 4147 aream
3576 4106 3753 4162 repo-

2104 4180 2242 4236 suit.
2276 4178 2479 4235 Davidi
2509 4182 2681 4235 aetate
2711 4179 2869 4251 apud
2899 4180 3131 4235 Graecos
3152 4180 3441 4237 Homerus
3457 4185 3517 4236 et
3548 4179 3755 4235 Hesio-

2106 4267 2218 4324 dus
2248 4267 2661 4325 innatuerunt.

2176 4372 2347 4423 Anno
2379 4383 2415 4423 a
2443 4366 2669 4423 mundo
2699 4368 2942 4424 condito
2971 4369 3135 4438 4470,
3194 4367 3477 4424 Solomon
3534 4383 3759 4425 annum

336 4448 433 4518 ὢν,
467 4451 561 4506 καὶ
588 4455 776 4526 κρατεῖ
804 4445 899 4521 ἔτη
955 4456 1034 4523 μ’.
1098 4448 1236 4529 Εἶχε
1293 4446 1351 4504 δὶ
1408 4454 1666 4526 γυναῖκας
1720 4447 1988 4525 Ἰσραηλί-

2104 4472 2285 4529 agens
2316 4456 2508 4512 mtatis
2538 4455 2979 4526 duodecimum,
3029 4473 3280 4531 regnum
3336 4458 3473 4513 iniit
3505 4473 3519 4513 :
3578 4456 3758 4528 idque

334 4536 489 4601 τιδας
524 4539 617 4594 καὶ
656 4538 873 4603 ἐθνικὰς
928 4537 1252 4600 ἑπτακοσίας
1309 4537 1400 4593 καὶ
1429 4535 1718 4600 παλλακᾶς
1772 4558 1988 4613 τριακο-

2104 4562 2213 4618 per
2240 4561 2430 4602 annos
2455 4548 2524 4600 40
2547 4545 2754 4601 tenuit.
2781 4545 2998 4602 Habuit
3016 4561 3232 4602 uxores
3251 4546 3561 4603 Israelicas
3580 4551 3759 4616 atque

337 4628 480 4691 σίας.
515 4630 648 4685 "Eva
691 4624 750 4685 δὲ
774 4627 941 4703 μόνον
1000 4626 1195 4704 ἅρῥενα
1251 4627 1366 4682 υἱὸν
1413 4623 1543 4702 ἔσχε
1602 4626 1694 4682 τὸν
1726 4622 1988 4702 Ῥοϐοιὶμ1

2109 4633 2476 4707 alienigenas
2507 4651 2757 4690 numero
2785 4638 2908 4701 700,
2942 4634 3189 4707 pellices
3224 4637 3347 4703 300,
3383 4652 3569 4691 unum
3626 4640 3759 4689 tan-

336 4717 427 4772 καῖ
459 4721 655 4773 τοῦτον
712 4717 765 4788 ἐξ
796 4715 1127 4788 ἀλλοοῦλης
1182 4710 1413 4778 Ναάϐας
1464 4722 1563 4786 τῆς
1627 4713 1988 4790 ’Λμαινίτιδοςτ

2108 4728 2236 4780 tum
2264 4723 2454 4779 ﬁlium
2483 4723 2873 4793 Roboamum,
2904 4740 3086 4797 regno
3119 4723 3450 4796 indignum,
3483 4729 3542 4778 et
3599 4722 3759 4777 hunc

338 4806 557 4880 ἀνάξιον
593 4809 676 4879 [Ρ.
726 4807 950 4880 92111,:
980 4806 1185 4882 ἀρχῆς.
1247 4804 1423 4869 Αὐτὸς
1484 4804 1580 4859 τὸν
1633 4803 1988 4879 Ἰερουσαλὴμ

2112 4829 2347 4885 quoque
2376 4828 2445 4866 ex
2474 4811 2809 4885 alienigena
2829 4829 3034 4876 uxore,
3063 4812 3263 4868 Naaba
3283 4811 3567 4866 nimirum
3590 4811 3763 4863 Ama-

340 4895 468 4950 ναὸν
510 4892 895 4970 ᾠκοδόμησεν,
953 4892 1078 4951 ἔνθα
1135 4888 1305 4949 Δαϐὶό
1354 4894 1383 4949 6
1433 4895 1616 4970 πατὴρ
1672 4893 1840 4949 αὐτοῦ
1903 4895 2003 4965 τὴν

346 4987 488 5039 Σιὼν
539 4983 803 5058 ἐπήξατο,
855 4982 1151 5060 ἀρξάμενος
1230 4981 1339 5038 ἀπὸ
1394 4985 1492 5038 τοῦ
1544 4977 1801 5059 δευτέρου
1847 4979 2002 5047 ἔτους

344 5078 445 5141 τῆς
488 5074 659 5130 αὐτοῦ
720 5071 1025 5149 βασιλείας.
1084 5073 1177 5130 Ἐν
1234 5065 1404 5128 ἔτεσιν
1466 5070 1559 5127 οὗν
1609 5070 1746 5129 ἱπτᾶ
1798 5071 2005 5129 τελειοῖ

346 5162 529 5220 αὐτόν.
565 5163 725 5221 Εθσὶν
756 5162 853 5219 οὖν
883 5161 993 5220 ἀπὸ
1035 5159 1219 5237 Ἀδὰμ
1244 5157 1350 5226 ἕως
1377 5160 1627 5217 εἰκοστοῦ
1667 5163 1873 5238 χρόνου
1902 5169 2005 5233 τῆς

351 5255 496 5321 ζωῆς
529 5251 901 5328 Σολομῶντος
951 5250 1049 5323 ἓτη
1081 5248 1224 5330 ,δφιἏ
1256 5250 1438 5310 Οὗτοσ
1467 5251 1495 5306 6
1525 5248 1794 5324 Σολομῶν
1825 5248 2007 5309 δεύτε-

346 5358 442 5414 ρος
478 5342 593 5407 υἱὸς
617 5346 718 5398 τοῦ
772 5336 940 5398 Δαὸὶδ
979 5340 1040 5397 ἐκ
1065 5348 1170 5411 τῆς
1229 5333 1511 5416 Βηρσαϐεὶ
1562 5340 1805 5415 γέγονεν’
1842 5341 1871 5396 6
1900 5342 2006 5418 γὰρ

350 5433 586 5501 πρῶτος,
621 5432 651 5487 6
711 5431 819 5488 ἀπὸ
870 5429 1148 5511 μοιχείας,
1204 5431 1448 5500 τεθνηκε.
1494 5428 1598 5485 Καὶ
1656 5428 1762 5505 γὰρ
1815 5428 2005 5507 ἆρῥω-

344 5524 597 5586 στοῦντος
636 5521 805 5579 αὖτοῦ
861 5520 1185 5587 ἐκακοπάθει
1246 5515 1416 5576 Δκϐἰδ
1475 5518 1529 5574 ἐν
1591 5518 1883 5596 ἀγρυπνίᾳ,
1912 5521 2005 5579 καί

346 5608 529 5685 σάκκῳ
585 5613 677 5668 καὶ
738 5608 929 5686 σποδῷ
986 5610 1427 5688 προσευχόμενος
1482 5610 1563 5683 τῷ
1617 5613 1733 5683 Θεῷ
1784 5610 1871 5667 ἐπὶ
1928 5616 2007 5687 τῷ

420 5708 470 5747 ⁵⁸
494 5713 542 5769 Il
569 5714 714 5789 Reg.
747 5730 903 5783 xxxv,
932 5716 1020 5769 l7.
1052 5712 1099 5751 ⁵¹
1132 5712 1210 5771 ΙΙΙ
1241 5713 1381 5787 Heg.
1417 5728 1460 5782 ι,
1494 5712 1582 5768 13.

2109 4900 2382 4955 nitide.Is
2396 4899 2676 4957 Solomon
2690 4900 2980 4973 templum
2995 4898 3415 4971 Hierosolymis
3426 4893 3759 4961 aediﬁcavit,

2113 5005 2229 5062 quo
2262 4989 2392 5045 loco
2417 4989 2616 5055 David,
2650 4995 2821 5061 pater
2847 4990 2978 5062 ejus
2999 4988 3235 5045 Sionem
3258 4991 3512 5043 metatus
3542 4984 3760 5039 fuerat.

2112 5080 2292 5136 Orsus
2309 5083 2400 5134 est
2416 5084 2774 5135 structuram
2793 5095 2950 5133 anno
2969 5078 3129 5150 regni
3154 5076 3241 5131 sui
3266 5076 3474 5139 altero,
3509 5072 3761 5129 absolvit

2113 5173 2341 5241 septem
2380 5168 2574 5224 annis.
2634 5168 2721 5222 Ab
2778 5166 3002 5223 Adamo
3060 5180 3249 5236 usque
3279 5164 3353 5220 ad
3410 5163 3761 5219 vicesimum

2114 5273 2337 5313 annum
2366 5257 2556 5312 mtatis
2585 5256 2919 5312 Solomonis
2949 5254 3090 5309 anni
3120 5253 3418 5308 habentur
3436 5254 3596 5308 4510.
3626 5253 3762 5308 Fuit

2115 5345 2166 5401 is
2195 5346 2475 5402 Solomon
2506 5344 2803 5402 secundus
2834 5343 3035 5400 Davidi
3081 5359 3153 5400 ex
3209 5341 3499 5399 Bersabea
3557 5342 3714 5398 ﬁlius
3746 5357 3762 5397 :

2116 5436 2344 5508 primus
2374 5437 2557 5505 enim,
2591 5451 2767 5507 quem
2798 5450 2870 5490 ex
2889 5433 3183 5490 adulterio
3205 5439 3579 5506 conceperat,
3609 5450 3768 5488 mor-

2117 5530 2256 5580 tuus
2287 5530 2395 5581 est.
2429 5527 2509 5581 Eo
2541 5529 2864 5598 aegrotante
2896 5522 3149 5579 Davidus
3179 5523 3393 5595 vigiliis
3425 5538 3554 5579 sese
3604 5521 3769 5577 afﬂi-

2115 5613 2315 5682 ctavit,
2336 5630 2571 5671 sacrum
2592 5614 2836 5671 indutus
2865 5618 2923 5670 et
2936 5612 3135 5670 cinere
3164 5629 3425 5687 sparsus,
3450 5614 3633 5670 Deum
3650 5626 3763 5682 que
