  <div class='ocr_page' id='page_1' title='image "/cluster/home/n/w/nwhite01/storage/ocr_20150623/121/hvd.32044073502478/103.png"; bbox 0 0 4186 6190; ppageno 0'>
   <div class='ocr_carea' id='block_1_1' title="bbox 430 377 546 438">
    <p class='ocr_par' dir='ltr' id='par_1_1' title="bbox 430 377 546 438">
     <span class='ocr_line' id='line_1_1' title="bbox 430 377 546 438; baseline 0 0"><span class='ocrx_word' id='word_1_1' title='bbox 430 377 546 438; x_wconf 72' lang='grc'>105</span> 
     </span>
    </p>
   </div>
   <div class='ocr_carea' id='block_1_2' title="bbox 1745 371 2539 438">
    <p class='ocr_par' dir='ltr' id='par_1_2' title="bbox 1745 371 2539 438">
     <span class='ocr_line' id='line_1_2' title="bbox 1745 371 2539 438; baseline 0.008 -7"><span class='ocrx_word' id='word_1_2' title='bbox 1745 371 2147 435; x_wconf 71' lang='grc' dir='ltr'>οεοιισιοιι</span> <span class='ocrx_word' id='word_1_3' title='bbox 2192 373 2539 438; x_wconf 84' lang='lat' dir='ltr'>CEDRENI</span> 
     </span>
    </p>
   </div>
   <div class='ocr_carea' id='block_1_3' title="bbox 3720 379 3839 444">
    <p class='ocr_par' dir='ltr' id='par_1_3' title="bbox 3720 379 3839 444">
     <span class='ocr_line' id='line_1_3' title="bbox 3720 379 3839 444; baseline 0.017 -2"><span class='ocrx_word' id='word_1_4' title='bbox 3720 379 3839 444; x_wconf 73' lang='grc'>196</span> 
     </span>
    </p>
   </div>
   <div class='ocr_carea' id='block_1_4' title="bbox 423 504 2036 591">
    <p class='ocr_par' dir='ltr' id='par_1_4' title="bbox 423 506 2036 584">
     <span class='ocr_line' id='line_1_4' title="bbox 423 506 2036 584; baseline -0.002 -18"><span class='ocrx_word' id='word_1_5' title='bbox 423 528 529 584; x_wconf 91' lang='lat' dir='ltr'>pro</span> <span class='ocrx_word' id='word_1_6' title='bbox 565 512 681 568; x_wconf 90' lang='lat' dir='ltr'>vita</span> <span class='ocrx_word' id='word_1_7' title='bbox 712 509 955 567; x_wconf 74' lang='lat' dir='ltr'>infantis</span> <span class='ocrx_word' id='word_1_8' title='bbox 984 506 1333 580; x_wconf 82' lang='lat' dir='ltr'>deprecans.</span> <span class='ocrx_word' id='word_1_9' title='bbox 1382 506 1533 572; x_wconf 86' lang='lat' dir='ltr'>Quin</span> <span class='ocrx_word' id='word_1_10' title='bbox 1587 511 1645 561; x_wconf 91' lang='lat' dir='ltr'>et</span> <span class='ocrx_word' id='word_1_11' title='bbox 1702 511 2036 578; x_wconf 72' lang='lat' dir='ltr'>prmsenten</span> 
     </span>
    </p>
   </div>
   <div class='ocr_carea' id='block_1_5' title="bbox 2149 504 3824 591">
    <p class='ocr_par' dir='ltr' id='par_1_5' title="bbox 2182 504 3824 591">
     <span class='ocr_line' id='line_1_5' title="bbox 2182 504 3824 591; baseline 0.005 -29"><span class='ocrx_word' id='word_1_12' title='bbox 2182 508 2338 576; x_wconf 79' lang='grc' dir='ltr'>ζῆσαι</span> <span class='ocrx_word' id='word_1_13' title='bbox 2366 508 2428 562; x_wconf 80' lang='grc' dir='ltr'>τὸ</span> <span class='ocrx_word' id='word_1_14' title='bbox 2465 504 2707 567; x_wconf 86' lang='grc' dir='ltr'>παιδίον.</span> <span class='ocrx_word' id='word_1_15' title='bbox 2759 510 2857 565; x_wconf 73' lang='grc' dir='ltr'>Καὶ</span> <span class='ocrx_word' id='word_1_16' title='bbox 2914 509 3069 585; x_wconf 85' lang='grc' dir='ltr'>ῥῆμα</span> <span class='ocrx_word' id='word_1_17' title='bbox 3094 508 3303 581; x_wconf 67' lang='grc' dir='ltr'>ἱξὲθενο</span> <span class='ocrx_word' id='word_1_18' title='bbox 3354 511 3432 574; x_wconf 86' lang='grc' dir='ltr'>ὡς</span> <span class='ocrx_word' id='word_1_19' title='bbox 3479 506 3535 568; x_wconf 64' lang='grc' dir='ltr'>εἴ</span> <span class='ocrx_word' id='word_1_20' title='bbox 3557 533 3641 576; x_wconf 89' lang='grc' dir='ltr'>τις</span> <span class='ocrx_word' id='word_1_21' title='bbox 3697 513 3824 591; x_wconf 69' lang='grc' dir='ltr'>εἴπῃ</span> 
     </span>
    </p>
   </div>
   <div class='ocr_carea' id='block_1_6' title="bbox 424 595 2036 676">
    <p class='ocr_par' dir='ltr' id='par_1_6' title="bbox 424 595 2036 668">
     <span class='ocr_line' id='line_1_6' title="bbox 424 595 2036 668; baseline -0.004 -11"><span class='ocrx_word' id='word_1_22' title='bbox 424 608 676 657; x_wconf 87' lang='lat' dir='ltr'>mortem</span> <span class='ocrx_word' id='word_1_23' title='bbox 710 601 762 655; x_wconf 92' lang='lat' dir='ltr'>ei</span> <span class='ocrx_word' id='word_1_24' title='bbox 795 598 1262 662; x_wconf 89' lang='lat' dir='ltr'>deduntiaverat,</span> <span class='ocrx_word' id='word_1_25' title='bbox 1295 596 1634 668; x_wconf 84' lang='lat' dir='ltr'>quicunque</span> <span class='ocrx_word' id='word_1_26' title='bbox 1685 595 1757 651; x_wconf 95' lang='lat' dir='ltr'><strong>de</strong></span> <span class='ocrx_word' id='word_1_27' title='bbox 1814 595 2036 652; x_wconf 82' lang='lat' dir='ltr'>infanti</span> 
     </span>
    </p>
   </div>
   <div class='ocr_carea' id='block_1_7' title="bbox 2149 595 3830 676">
    <p class='ocr_par' dir='ltr' id='par_1_7' title="bbox 2179 595 3830 676">
     <span class='ocr_line' id='line_1_7' title="bbox 2179 595 3830 676; baseline 0.005 -24"><span class='ocrx_word' id='word_1_28' title='bbox 2179 597 2261 653; x_wconf 85' lang='grc' dir='ltr'>ὅτι</span> <span class='ocrx_word' id='word_1_29' title='bbox 2329 595 2695 671; x_wconf 69' lang='grc' dir='ltr'>ἐτελεύτησεν,</span> <span class='ocrx_word' id='word_1_30' title='bbox 2768 598 2923 665; x_wconf 73' lang='grc' dir='ltr'>εὐθὺς</span> <span class='ocrx_word' id='word_1_31' title='bbox 2984 599 3331 666; x_wconf 73' lang='grc' dir='ltr'>ἀποθανεῖται</span> <span class='ocrx_word' id='word_1_32' title='bbox 3391 601 3570 666; x_wconf 77' lang='grc' dir='ltr'>αὐτός.</span> <span class='ocrx_word' id='word_1_33' title='bbox 3629 605 3830 676; x_wconf 81' lang='grc' dir='ltr'>Τεθνη-</span> 
     </span>
    </p>
   </div>
   <div class='ocr_carea' id='block_1_8' title="bbox 420 684 2067 758">
    <p class='ocr_par' dir='ltr' id='par_1_8' title="bbox 420 684 2067 758">
     <span class='ocr_line' id='line_1_8' title="bbox 420 684 2067 758; baseline -0.002 -13"><span class='ocrx_word' id='word_1_34' title='bbox 420 690 584 745; x_wconf 91' lang='lat' dir='ltr'>obitu</span> <span class='ocrx_word' id='word_1_35' title='bbox 614 689 935 743; x_wconf 88' lang='lat' dir='ltr'>retulisset.</span> <span class='ocrx_word' id='word_1_36' title='bbox 968 688 1189 741; x_wconf 79' lang='lat' dir='ltr'>Mortuo</span> <span class='ocrx_word' id='word_1_37' title='bbox 1210 684 1435 741; x_wconf 88' lang='lat' dir='ltr'>infante</span> <span class='ocrx_word' id='word_1_38' title='bbox 1465 690 1845 741; x_wconf 88' lang='lat' dir='ltr'>accesserunt</span> <span class='ocrx_word' id='word_1_39' title='bbox 1868 701 2067 758; x_wconf 90' lang='lat' dir='ltr'>regem</span> 
     </span>
    </p>
   </div>
   <div class='ocr_carea' id='block_1_9' title="bbox 419 774 2064 846">
    <p class='ocr_par' dir='ltr' id='par_1_9' title="bbox 419 774 2064 846">
     <span class='ocr_line' id='line_1_9' title="bbox 419 774 2064 846; baseline -0.002 -11"><span class='ocrx_word' id='word_1_40' title='bbox 419 778 746 835; x_wconf 82' lang='lat' dir='ltr'>familiares</span> <span class='ocrx_word' id='word_1_41' title='bbox 780 775 930 831; x_wconf 72' lang='lat'>162</span> <span class='ocrx_word' id='word_1_42' title='bbox 960 775 1117 830; x_wconf 84' lang='lat' dir='ltr'>tristi</span> <span class='ocrx_word' id='word_1_43' title='bbox 1146 775 1333 831; x_wconf 91' lang='lat' dir='ltr'>vultu.</span> <span class='ocrx_word' id='word_1_44' title='bbox 1368 775 1531 831; x_wconf 89' lang='lat' dir='ltr'><strong>Unde</strong></span> <span class='ocrx_word' id='word_1_45' title='bbox 1554 791 1657 829; x_wconf 85' lang='lat' dir='ltr'>rex</span> <span class='ocrx_word' id='word_1_46' title='bbox 1679 774 1822 846; x_wconf 91' lang='lat' dir='ltr'>quid</span> <span class='ocrx_word' id='word_1_47' title='bbox 1843 774 2064 831; x_wconf 90' lang='lat' dir='ltr'>factum</span> 
     </span>
    </p>
   </div>
   <div class='ocr_carea' id='block_1_10' title="bbox 418 864 2063 936">
    <p class='ocr_par' dir='ltr' id='par_1_10' title="bbox 418 864 2063 936">
     <span class='ocr_line' id='line_1_10' title="bbox 418 864 2063 936; baseline 0.001 -15"><span class='ocrx_word' id='word_1_48' title='bbox 418 876 576 921; x_wconf 89' lang='lat' dir='ltr'>esset</span> <span class='ocrx_word' id='word_1_49' title='bbox 606 864 895 936; x_wconf 87' lang='lat' dir='ltr'>colligens</span> <span class='ocrx_word' id='word_1_50' title='bbox 922 880 936 919; x_wconf 90' lang='lat'>:</span> <span class='ocrx_word' id='word_1_51' title='bbox 973 885 1001 914; x_wconf 90' lang='grc'>‹‹</span> <span class='ocrx_word' id='word_1_52' title='bbox 1032 866 1294 920; x_wconf 78' lang='lat' dir='ltr'>Mortuus</span> <span class='ocrx_word' id='word_1_53' title='bbox 1325 869 1434 930; x_wconf 90' lang='lat' dir='ltr'>est,</span> <span class='ocrx_word' id='word_1_54' title='bbox 1466 864 1682 936; x_wconf 83' lang='lat' dir='ltr'>inquit,</span> <span class='ocrx_word' id='word_1_55' title='bbox 1715 880 1882 936; x_wconf 89' lang='lat' dir='ltr'>puer.</span> <span class='ocrx_word' id='word_1_56' title='bbox 1909 887 1929 915; x_wconf 78' lang='grc' dir='ltr'><strong>ο</strong></span> <span class='ocrx_word' id='word_1_57' title='bbox 1955 867 2063 922; x_wconf 81' lang='lat' dir='ltr'><strong>Re-</strong></span> 
     </span>
    </p>
   </div>
   <div class='ocr_carea' id='block_1_11' title="bbox 416 953 2063 1024">
    <p class='ocr_par' dir='ltr' id='par_1_11' title="bbox 416 953 2063 1024">
     <span class='ocr_line' id='line_1_11' title="bbox 416 953 2063 1024; baseline -0.001 -13"><span class='ocrx_word' id='word_1_58' title='bbox 416 953 784 1024; x_wconf 87' lang='lat' dir='ltr'>sponderunt</span> <span class='ocrx_word' id='word_1_59' title='bbox 815 969 829 1008; x_wconf 90' lang='lat'><strong>:</strong></span> <span class='ocrx_word' id='word_1_60' title='bbox 864 975 893 1003; x_wconf 86' lang='lat'><strong>«</strong></span> <span class='ocrx_word' id='word_1_61' title='bbox 925 954 1008 1008; x_wconf 83' lang='grc' dir='ltr'>Τιι</span> <span class='ocrx_word' id='word_1_62' title='bbox 1022 954 1137 1010; x_wconf 91' lang='lat' dir='ltr'>hoc</span> <span class='ocrx_word' id='word_1_63' title='bbox 1166 953 1388 1009; x_wconf 76' lang='lat' dir='ltr'>dixisti.</span> <span class='ocrx_word' id='word_1_64' title='bbox 1422 974 1450 1003; x_wconf 74' lang='grc' dir='ltr'>ι)</span> <span class='ocrx_word' id='word_1_65' title='bbox 1483 955 1556 1008; x_wconf 85' lang='lat' dir='ltr'>At</span> <span class='ocrx_word' id='word_1_66' title='bbox 1583 970 1688 1008; x_wconf 84' lang='lat' dir='ltr'>rex</span> <span class='ocrx_word' id='word_1_67' title='bbox 1709 954 1908 1009; x_wconf 89' lang='lat' dir='ltr'>statim</span> <span class='ocrx_word' id='word_1_68' title='bbox 1930 970 2063 1010; x_wconf 88' lang='lat' dir='ltr'>sur-</span> 
     </span>
    </p>
   </div>
   <div class='ocr_carea' id='block_1_12' title="bbox 412 1042 2062 1116">
    <p class='ocr_par' dir='ltr' id='par_1_12' title="bbox 412 1042 2062 1116">
     <span class='ocr_line' id='line_1_12' title="bbox 412 1042 2062 1116; baseline 0.001 -19"><span class='ocrx_word' id='word_1_69' title='bbox 412 1058 571 1116; x_wconf 83' lang='lat' dir='ltr'>gere,</span> <span class='ocrx_word' id='word_1_70' title='bbox 601 1042 795 1099; x_wconf 86' lang='lat' dir='ltr'>lavare</span> <span class='ocrx_word' id='word_1_71' title='bbox 827 1059 1063 1114; x_wconf 89' lang='lat' dir='ltr'>corpus,</span> <span class='ocrx_word' id='word_1_72' title='bbox 1096 1042 1330 1111; x_wconf 86' lang='lat' dir='ltr'>vestire,</span> <span class='ocrx_word' id='word_1_73' title='bbox 1363 1043 1480 1098; x_wconf 90' lang='lat' dir='ltr'>Deo</span> <span class='ocrx_word' id='word_1_74' title='bbox 1511 1043 1731 1115; x_wconf 78' lang='lat' dir='ltr'>gratias</span> <span class='ocrx_word' id='word_1_75' title='bbox 1761 1057 1957 1115; x_wconf 86' lang='lat' dir='ltr'>agere,</span> <span class='ocrx_word' id='word_1_76' title='bbox 1980 1043 2062 1098; x_wconf 90' lang='lat' dir='ltr'>ci-</span> 
     </span>
    </p>
   </div>
   <div class='ocr_carea' id='block_1_13' title="bbox 410 1131 2062 1205">
    <p class='ocr_par' dir='ltr' id='par_1_13' title="bbox 410 1131 2062 1205">
     <span class='ocr_line' id='line_1_13' title="bbox 410 1131 2062 1205; baseline -0.001 -17"><span class='ocrx_word' id='word_1_77' title='bbox 410 1131 553 1188; x_wconf 87' lang='lat' dir='ltr'>bum</span> <span class='ocrx_word' id='word_1_78' title='bbox 585 1148 844 1188; x_wconf 85' lang='lat' dir='ltr'>sumere.</span> <span class='ocrx_word' id='word_1_79' title='bbox 878 1134 1278 1205; x_wconf 78' lang='lat' dir='ltr'>Interrogatus</span> <span class='ocrx_word' id='word_1_80' title='bbox 1309 1148 1549 1188; x_wconf 84' lang='lat' dir='ltr'>causam</span> <span class='ocrx_word' id='word_1_81' title='bbox 1580 1132 1757 1204; x_wconf 86' lang='lat' dir='ltr'>hujus</span> <span class='ocrx_word' id='word_1_82' title='bbox 1787 1132 2062 1188; x_wconf 90' lang='lat' dir='ltr'>mutatio-</span> 
     </span>
    </p>
   </div>
   <div class='ocr_carea' id='block_1_14' title="bbox 409 1222 2057 1295">
    <p class='ocr_par' dir='ltr' id='par_1_14' title="bbox 409 1222 2057 1295">
     <span class='ocr_line' id='line_1_14' title="bbox 409 1222 2057 1295; baseline 0.001 -18"><span class='ocrx_word' id='word_1_83' title='bbox 409 1222 526 1291; x_wconf 87' lang='lat' dir='ltr'>nis,</span> <span class='ocrx_word' id='word_1_84' title='bbox 559 1222 733 1292; x_wconf 89' lang='lat' dir='ltr'>Dum,</span> <span class='ocrx_word' id='word_1_85' title='bbox 767 1222 983 1294; x_wconf 87' lang='lat' dir='ltr'>inquit,</span> <span class='ocrx_word' id='word_1_86' title='bbox 1015 1222 1410 1279; x_wconf 83' lang='lat' dir='ltr'>decunibebat</span> <span class='ocrx_word' id='word_1_87' title='bbox 1437 1222 1653 1289; x_wconf 84' lang='lat' dir='ltr'>infans,</span> <span class='ocrx_word' id='word_1_88' title='bbox 1684 1238 1721 1278; x_wconf 90' lang='lat' dir='ltr'>a</span> <span class='ocrx_word' id='word_1_89' title='bbox 1748 1222 1865 1278; x_wconf 91' lang='lat' dir='ltr'>Deo</span> <span class='ocrx_word' id='word_1_90' title='bbox 1920 1238 2057 1295; x_wconf 83' lang='lat' dir='ltr'>pre-</span> 
     </span>
    </p>
   </div>
   <div class='ocr_carea' id='block_1_15' title="bbox 407 1312 2058 1385">
    <p class='ocr_par' dir='ltr' id='par_1_15' title="bbox 407 1312 2058 1385">
     <span class='ocr_line' id='line_1_15' title="bbox 407 1312 2058 1385; baseline -0.001 -16"><span class='ocrx_word' id='word_1_91' title='bbox 407 1312 577 1369; x_wconf 86' lang='lat' dir='ltr'>cibus</span> <span class='ocrx_word' id='word_1_92' title='bbox 607 1314 860 1369; x_wconf 85' lang='lat' dir='ltr'>salutem</span> <span class='ocrx_word' id='word_1_93' title='bbox 893 1314 1023 1385; x_wconf 85' lang='lat' dir='ltr'>ejus</span> <span class='ocrx_word' id='word_1_94' title='bbox 1052 1312 1306 1385; x_wconf 77' lang='lat' dir='ltr'>flagitavi</span> <span class='ocrx_word' id='word_1_95' title='bbox 1339 1329 1353 1367; x_wconf 87' lang='lat'><strong>:</strong></span> <span class='ocrx_word' id='word_1_96' title='bbox 1386 1318 1618 1368; x_wconf 89' lang='lat' dir='ltr'>mortuo</span> <span class='ocrx_word' id='word_1_97' title='bbox 1654 1328 1723 1368; x_wconf 93' lang='lat' dir='ltr'>eo</span> <span class='ocrx_word' id='word_1_98' title='bbox 1771 1328 2058 1384; x_wconf 86' lang='lat' dir='ltr'>quorsum</span> 
     </span>
    </p>
   </div>
   <div class='ocr_carea' id='block_1_16' title="bbox 409 1401 2058 1473">
    <p class='ocr_par' dir='ltr' id='par_1_16' title="bbox 409 1401 2058 1473">
     <span class='ocr_line' id='line_1_16' title="bbox 409 1401 2058 1473; baseline 0.001 -16"><span class='ocrx_word' id='word_1_99' title='bbox 409 1402 689 1458; x_wconf 87' lang='lat' dir='ltr'>attineret</span> <span class='ocrx_word' id='word_1_100' title='bbox 744 1418 840 1458; x_wconf 88' lang='lat' dir='ltr'>me</span> <span class='ocrx_word' id='word_1_101' title='bbox 894 1401 1188 1468; x_wconf 83' lang='lat' dir='ltr'>afﬂictari,</span> <span class='ocrx_word' id='word_1_102' title='bbox 1248 1418 1558 1473; x_wconf 86' lang='lat' dir='ltr'>nunquam</span> <span class='ocrx_word' id='word_1_103' title='bbox 1616 1401 1964 1458; x_wconf 71' lang='lat' dir='ltr'>effecturum</span> <span class='ocrx_word' id='word_1_104' title='bbox 1991 1406 2058 1458; x_wconf 85' lang='lat' dir='ltr'>ut</span> 
     </span>
    </p>
   </div>
   <div class='ocr_carea' id='block_1_17' title="bbox 406 1487 1232 1562">
    <p class='ocr_par' dir='ltr' id='par_1_17' title="bbox 406 1487 1232 1562">
     <span class='ocr_line' id='line_1_17' title="bbox 406 1487 1232 1562; baseline -0.001 -16"><span class='ocrx_word' id='word_1_105' title='bbox 406 1491 609 1547; x_wconf 90' lang='lat' dir='ltr'>anima</span> <span class='ocrx_word' id='word_1_106' title='bbox 636 1491 699 1545; x_wconf 91' lang='lat' dir='ltr'>in</span> <span class='ocrx_word' id='word_1_107' title='bbox 730 1506 946 1562; x_wconf 91' lang='lat' dir='ltr'>corpus</span> <span class='ocrx_word' id='word_1_108' title='bbox 978 1487 1232 1545; x_wconf 85' lang='lat' dir='ltr'>redeat?</span> 
     </span>
    </p>
   </div>
   <div class='ocr_carea' id='block_1_18' title="bbox 476 1578 2055 1652">
    <p class='ocr_par' dir='ltr' id='par_1_18' title="bbox 476 1578 2055 1652">
     <span class='ocr_line' id='line_1_18' title="bbox 476 1578 2055 1652; baseline 0 -16"><span class='ocrx_word' id='word_1_109' title='bbox 476 1580 857 1636; x_wconf 90' lang='lat' dir='ltr'>Solomonem</span> <span class='ocrx_word' id='word_1_110' title='bbox 881 1580 1034 1637; x_wconf 90' lang='lat' dir='ltr'>Deus</span> <span class='ocrx_word' id='word_1_111' title='bbox 1058 1578 1373 1652; x_wconf 89' lang='lat' dir='ltr'>prudentia</span> <span class='ocrx_word' id='word_1_112' title='bbox 1393 1595 1461 1636; x_wconf 90' lang='lat' dir='ltr'>ac</span> <span class='ocrx_word' id='word_1_113' title='bbox 1483 1579 1780 1651; x_wconf 85' lang='lat' dir='ltr'>sapientia</span> <span class='ocrx_word' id='word_1_114' title='bbox 1794 1578 2055 1636; x_wconf 80' lang='lat' dir='ltr'>maxima</span> 
     </span>
    </p>
   </div>
   <div class='ocr_carea' id='block_1_19' title="bbox 405 1667 2054 1741">
    <p class='ocr_par' dir='ltr' id='par_1_19' title="bbox 405 1667 2054 1741">
     <span class='ocr_line' id='line_1_19' title="bbox 405 1667 2054 1741; baseline 0 -17"><span class='ocrx_word' id='word_1_115' title='bbox 405 1669 663 1737; x_wconf 87' lang='lat' dir='ltr'>donavit,</span> <span class='ocrx_word' id='word_1_116' title='bbox 698 1674 1021 1740; x_wconf 89' lang='lat' dir='ltr'>pectusque</span> <span class='ocrx_word' id='word_1_117' title='bbox 1050 1672 1139 1723; x_wconf 92' lang='lat' dir='ltr'>tot</span> <span class='ocrx_word' id='word_1_118' title='bbox 1156 1667 1598 1741; x_wconf 83' lang='lat' dir='ltr'>cognitionibus</span> <span class='ocrx_word' id='word_1_119' title='bbox 1618 1684 1818 1724; x_wconf 89' lang='lat' dir='ltr'>rerum</span> <span class='ocrx_word' id='word_1_120' title='bbox 1837 1668 2054 1741; x_wconf 90' lang='lat' dir='ltr'>imple-</span> 
     </span>
    </p>
   </div>
   <div class='ocr_carea' id='block_1_20' title="bbox 402 1756 2052 1829">
    <p class='ocr_par' dir='ltr' id='par_1_20' title="bbox 402 1756 2052 1829">
     <span class='ocr_line' id='line_1_20' title="bbox 402 1756 2052 1829; baseline 0.001 -19"><span class='ocrx_word' id='word_1_121' title='bbox 402 1756 483 1812; x_wconf 91' lang='lat' dir='ltr'>vit</span> <span class='ocrx_word' id='word_1_122' title='bbox 502 1763 648 1828; x_wconf 87' lang='lat' dir='ltr'>quot</span> <span class='ocrx_word' id='word_1_123' title='bbox 676 1768 991 1811; x_wconf 83' lang='lat' dir='ltr'>numerum</span> <span class='ocrx_word' id='word_1_124' title='bbox 1023 1772 1222 1812; x_wconf 69' lang='lat' dir='ltr'>arena:</span> <span class='ocrx_word' id='word_1_125' title='bbox 1247 1756 1563 1812; x_wconf 67' lang='lat' dir='ltr'>maritimas</span> <span class='ocrx_word' id='word_1_126' title='bbox 1594 1761 1921 1829; x_wconf 70' lang='lat' dir='ltr'>aequarent.</span> <span class='ocrx_word' id='word_1_127' title='bbox 1940 1756 2052 1812; x_wconf 58' lang='lat' dir='ltr'>Ita»-</span> 
     </span>
    </p>
   </div>
   <div class='ocr_carea' id='block_1_21' title="bbox 2175 686 3830 767">
    <p class='ocr_par' dir='ltr' id='par_1_21' title="bbox 2175 686 3830 767">
     <span class='ocr_line' id='line_1_21' title="bbox 2175 686 3830 767; baseline 0.004 -24"><span class='ocrx_word' id='word_1_128' title='bbox 2175 688 2336 751; x_wconf 81' lang='grc' dir='ltr'>κότος</span> <span class='ocrx_word' id='word_1_129' title='bbox 2369 687 2424 745; x_wconf 76' lang='grc' dir='ltr'>δὶ</span> <span class='ocrx_word' id='word_1_130' title='bbox 2452 694 2548 745; x_wconf 75' lang='grc' dir='ltr'>τοῦ</span> <span class='ocrx_word' id='word_1_131' title='bbox 2578 688 2773 755; x_wconf 86' lang='grc' dir='ltr'>παιδὸς</span> <span class='ocrx_word' id='word_1_132' title='bbox 2805 689 3060 760; x_wconf 68' lang='grc' dir='ltr'>εῗσῆλθον</span> <span class='ocrx_word' id='word_1_133' title='bbox 3093 692 3231 765; x_wconf 82' lang='grc' dir='ltr'>πρὸς</span> <span class='ocrx_word' id='word_1_134' title='bbox 3288 686 3455 748; x_wconf 77' lang='grc' dir='ltr'>Δαϐὶδ</span> <span class='ocrx_word' id='word_1_135' title='bbox 3487 695 3537 749; x_wconf 81' lang='lat' dir='ltr'>o&#39;t</span> <span class='ocrx_word' id='word_1_136' title='bbox 3579 698 3830 767; x_wconf 72' lang='grc' dir='ltr'>συνήθεις</span> 
     </span>
    </p>
   </div>
   <div class='ocr_carea' id='block_1_22' title="bbox 2175 778 3825 864">
    <p class='ocr_par' dir='ltr' id='par_1_22' title="bbox 2175 778 3825 864">
     <span class='ocr_line' id='line_1_22' title="bbox 2175 778 3825 864; baseline 0.006 -32"><span class='ocrx_word' id='word_1_137' title='bbox 2175 784 2395 853; x_wconf 84' lang='grc' dir='ltr'>στυγνοὶ</span> <span class='ocrx_word' id='word_1_138' title='bbox 2422 780 2512 835; x_wconf 84' lang='grc' dir='ltr'>καὶ</span> <span class='ocrx_word' id='word_1_139' title='bbox 2543 786 2821 859; x_wconf 82' lang='grc' dir='ltr'>κατηφεῖς.</span> <span class='ocrx_word' id='word_1_140' title='bbox 2842 782 2903 839; x_wconf 79' lang='grc' dir='ltr'>Ὀ</span> <span class='ocrx_word' id='word_1_141' title='bbox 2935 778 2992 836; x_wconf 72' lang='grc' dir='ltr'>δὶ</span> <span class='ocrx_word' id='word_1_142' title='bbox 3022 780 3189 859; x_wconf 72' lang='grc' dir='ltr'>γνοὺς</span> <span class='ocrx_word' id='word_1_143' title='bbox 3226 780 3332 838; x_wconf 84' lang='grc' dir='ltr'>ἀπὸ</span> <span class='ocrx_word' id='word_1_144' title='bbox 3377 786 3473 838; x_wconf 75' lang='grc' dir='ltr'>τοῦ</span> <span class='ocrx_word' id='word_1_145' title='bbox 3529 787 3825 864; x_wconf 74' lang='grc' dir='ltr'>σχήματος</span> 
     </span>
    </p>
   </div>
   <div class='ocr_carea' id='block_1_23' title="bbox 2174 867 3821 940">
    <p class='ocr_par' dir='ltr' id='par_1_23' title="bbox 2174 867 3821 940">
     <span class='ocr_line' id='line_1_23' title="bbox 2174 867 3821 940; baseline 0.003 -18"><span class='ocrx_word' id='word_1_146' title='bbox 2174 868 2314 922; x_wconf 83' lang='grc' dir='ltr'>εἷπε·</span> <span class='ocrx_word' id='word_1_147' title='bbox 2342 893 2371 922; x_wconf 89' lang='grc'>‹‹</span> <span class='ocrx_word' id='word_1_148' title='bbox 2403 868 2635 940; x_wconf 70' lang='grc' dir='ltr'>Τέθνηκε</span> <span class='ocrx_word' id='word_1_149' title='bbox 2660 871 2726 926; x_wconf 82' lang='grc' dir='ltr'>τὸ</span> <span class='ocrx_word' id='word_1_150' title='bbox 2748 867 2987 928; x_wconf 88' lang='grc' dir='ltr'>παιδίον.</span> <span class='ocrx_word' id='word_1_151' title='bbox 3014 894 3042 922; x_wconf 75' lang='grc' dir='ltr'>η</span> <span class='ocrx_word' id='word_1_152' title='bbox 3064 871 3133 930; x_wconf 74' lang='grc' dir='ltr'>Οἱ</span> <span class='ocrx_word' id='word_1_153' title='bbox 3151 868 3208 927; x_wconf 75' lang='grc' dir='ltr'>δὲ</span> <span class='ocrx_word' id='word_1_154' title='bbox 3236 872 3407 927; x_wconf 74' lang='grc' dir='ltr'>εἶπον·</span> <span class='ocrx_word' id='word_1_155' title='bbox 3439 893 3462 923; x_wconf 78' lang='grc' dir='ltr'>ε</span> <span class='ocrx_word' id='word_1_156' title='bbox 3486 873 3561 927; x_wconf 75' lang='grc' dir='ltr'><strong>Σὺ</strong></span> <span class='ocrx_word' id='word_1_157' title='bbox 3588 876 3767 938; x_wconf 79' lang='grc' dir='ltr'>εἶπας.</span> <span class='ocrx_word' id='word_1_158' title='bbox 3792 898 3821 927; x_wconf 87' lang='grc'><strong>››</strong></span> 
     </span>
    </p>
   </div>
   <div class='ocr_carea' id='block_1_24' title="bbox 2174 957 3819 1039">
    <p class='ocr_par' dir='ltr' id='par_1_24' title="bbox 2174 957 3819 1039">
     <span class='ocr_line' id='line_1_24' title="bbox 2174 957 3819 1039; baseline 0.005 -29"><span class='ocrx_word' id='word_1_159' title='bbox 2174 957 2275 1011; x_wconf 79' lang='grc' dir='ltr'>Καὶ</span> <span class='ocrx_word' id='word_1_160' title='bbox 2329 957 2487 1022; x_wconf 76' lang='grc' dir='ltr'>εὐθὺς</span> <span class='ocrx_word' id='word_1_161' title='bbox 2543 959 2818 1016; x_wconf 78' lang='grc' dir='ltr'>κατελθὼν</span> <span class='ocrx_word' id='word_1_162' title='bbox 2879 957 3147 1016; x_wconf 78' lang='grc' dir='ltr'>ἐλουσατο</span> <span class='ocrx_word' id='word_1_163' title='bbox 3203 960 3293 1017; x_wconf 75' lang='grc' dir='ltr'>καὶ</span> <span class='ocrx_word' id='word_1_164' title='bbox 3351 963 3667 1039; x_wconf 75' lang='grc' dir='ltr'>ἡμφιάσατο</span> <span class='ocrx_word' id='word_1_165' title='bbox 3724 963 3819 1020; x_wconf 80' lang='grc' dir='ltr'>καὶ</span> 
     </span>
    </p>
   </div>
   <div class='ocr_carea' id='block_1_25' title="bbox 2173 1039 3814 1124">
    <p class='ocr_par' dir='ltr' id='par_1_25' title="bbox 2173 1039 3814 1124">
     <span class='ocr_line' id='line_1_25' title="bbox 2173 1039 3814 1124; baseline 0.005 -30"><span class='ocrx_word' id='word_1_166' title='bbox 2173 1040 2551 1118; x_wconf 76' lang='grc' dir='ltr'>ηὗχαρίστησε</span> <span class='ocrx_word' id='word_1_167' title='bbox 2579 1048 2659 1117; x_wconf 80' lang='grc' dir='ltr'>τῷ</span> <span class='ocrx_word' id='word_1_168' title='bbox 2696 1048 2812 1116; x_wconf 83' lang='grc' dir='ltr'>Θεῷ</span> <span class='ocrx_word' id='word_1_169' title='bbox 2834 1044 2927 1101; x_wconf 81' lang='grc' dir='ltr'>καὶ</span> <span class='ocrx_word' id='word_1_170' title='bbox 2961 1039 3224 1119; x_wconf 72' lang='grc' dir='ltr'>μετέλαϐε</span> <span class='ocrx_word' id='word_1_171' title='bbox 3276 1052 3504 1124; x_wconf 74' lang='grc' dir='ltr'>τροφῆς.</span> <span class='ocrx_word' id='word_1_172' title='bbox 3561 1048 3814 1122; x_wconf 76' lang='grc' dir='ltr'>Ἐρωτῶ-</span> 
     </span>
    </p>
   </div>
   <div class='ocr_carea' id='block_1_26' title="bbox 2173 1131 3819 1212">
    <p class='ocr_par' dir='ltr' id='par_1_26' title="bbox 2173 1131 3819 1212">
     <span class='ocr_line' id='line_1_26' title="bbox 2173 1131 3819 1212; baseline 0.005 -26"><span class='ocrx_word' id='word_1_173' title='bbox 2173 1151 2335 1203; x_wconf 81' lang='grc' dir='ltr'>μενος</span> <span class='ocrx_word' id='word_1_174' title='bbox 2381 1131 2438 1188; x_wconf 69' lang='grc' dir='ltr'>δὲ</span> <span class='ocrx_word' id='word_1_175' title='bbox 2489 1134 2590 1203; x_wconf 75' lang='grc' dir='ltr'>τήν</span> <span class='ocrx_word' id='word_1_176' title='bbox 2638 1133 2813 1189; x_wconf 76' lang='grc' dir='ltr'>αἰτίαν</span> <span class='ocrx_word' id='word_1_177' title='bbox 2864 1140 2966 1205; x_wconf 82' lang='grc' dir='ltr'>τῆς</span> <span class='ocrx_word' id='word_1_178' title='bbox 3025 1133 3331 1212; x_wconf 70' lang='grc' dir='ltr'>ἑναλλαγῆς</span> <span class='ocrx_word' id='word_1_179' title='bbox 3374 1136 3527 1191; x_wconf 80' lang='grc' dir='ltr'>εἶπεν</span> <span class='ocrx_word' id='word_1_180' title='bbox 3553 1136 3636 1192; x_wconf 78' lang='grc' dir='ltr'>ὅτι</span> <span class='ocrx_word' id='word_1_181' title='bbox 3664 1136 3819 1202; x_wconf 80' lang='grc' dir='ltr'>ἀσθε-</span> 
     </span>
    </p>
   </div>
   <div class='ocr_carea' id='block_1_27' title="bbox 2168 1220 3810 1290">
    <p class='ocr_par' dir='ltr' id='par_1_27' title="bbox 2168 1220 3810 1290">
     <span class='ocr_line' id='line_1_27' title="bbox 2168 1220 3810 1290; baseline 0.005 -17"><span class='ocrx_word' id='word_1_182' title='bbox 2168 1224 2390 1283; x_wconf 77' lang='grc' dir='ltr'>νοῦντος</span> <span class='ocrx_word' id='word_1_183' title='bbox 2456 1221 2621 1278; x_wconf 76' lang='grc' dir='ltr'>αὐτοῦ</span> <span class='ocrx_word' id='word_1_184' title='bbox 2681 1220 2946 1279; x_wconf 74' lang='grc' dir='ltr'>ἐδυσώπει</span> <span class='ocrx_word' id='word_1_185' title='bbox 3028 1222 3123 1279; x_wconf 83' lang='grc' dir='ltr'>τὸν</span> <span class='ocrx_word' id='word_1_186' title='bbox 3181 1222 3311 1279; x_wconf 81' lang='grc' dir='ltr'>Θεὸν</span> <span class='ocrx_word' id='word_1_187' title='bbox 3361 1222 3652 1290; x_wconf 77' lang='grc' dir='ltr'>ἀναστῆναι</span> <span class='ocrx_word' id='word_1_188' title='bbox 3718 1225 3810 1281; x_wconf 82' lang='grc' dir='ltr'>τὸν</span> 
     </span>
    </p>
   </div>
   <div class='ocr_carea' id='block_1_28' title="bbox 2167 1305 3811 1384">
    <p class='ocr_par' dir='ltr' id='par_1_28' title="bbox 2167 1305 3811 1384">
     <span class='ocr_line' id='line_1_28' title="bbox 2167 1305 3811 1384; baseline 0.002 -20"><span class='ocrx_word' id='word_1_189' title='bbox 2167 1305 2358 1381; x_wconf 86' lang='grc' dir='ltr'>παῖδα,</span> <span class='ocrx_word' id='word_1_190' title='bbox 2408 1307 2523 1365; x_wconf 73' lang='grc' dir='ltr'>ἐπεὶ</span> <span class='ocrx_word' id='word_1_191' title='bbox 2591 1307 2648 1367; x_wconf 75' lang='grc' dir='ltr'>δὶ</span> <span class='ocrx_word' id='word_1_192' title='bbox 2705 1308 3080 1382; x_wconf 68' lang='grc' dir='ltr'>τετελεύτηκε,</span> <span class='ocrx_word' id='word_1_193' title='bbox 3111 1310 3194 1373; x_wconf 89' lang='grc' dir='ltr'>τίς</span> <span class='ocrx_word' id='word_1_194' title='bbox 3224 1313 3260 1380; x_wconf 81' lang='grc' dir='ltr'>ἡ</span> <span class='ocrx_word' id='word_1_195' title='bbox 3294 1311 3457 1384; x_wconf 83' lang='grc' dir='ltr'>χρεία</span> <span class='ocrx_word' id='word_1_196' title='bbox 3512 1312 3811 1368; x_wconf 84' lang='grc' dir='ltr'>κοποῦσθαί</span> 
     </span>
    </p>
   </div>
   <div class='ocr_carea' id='block_1_29' title="bbox 2168 1395 3813 1476">
    <p class='ocr_par' dir='ltr' id='par_1_29' title="bbox 2168 1395 3813 1476">
     <span class='ocr_line' id='line_1_29' title="bbox 2168 1395 3813 1476; baseline 0.002 -23"><span class='ocrx_word' id='word_1_197' title='bbox 2168 1418 2237 1471; x_wconf 80' lang='grc' dir='ltr'>με</span> <span class='ocrx_word' id='word_1_198' title='bbox 2268 1415 2284 1467; x_wconf 89' lang='lat'><strong>;</strong></span> <span class='ocrx_word' id='word_1_199' title='bbox 2318 1400 2406 1469; x_wconf 75' lang='grc' dir='ltr'>Μή</span> <span class='ocrx_word' id='word_1_200' title='bbox 2439 1395 2654 1470; x_wconf 77' lang='grc' dir='ltr'>δυνηθῶ</span> <span class='ocrx_word' id='word_1_201' title='bbox 2688 1397 3013 1476; x_wconf 68' lang='grc' dir='ltr'>ἀναστρέψαι</span> <span class='ocrx_word' id='word_1_202' title='bbox 3041 1402 3140 1470; x_wconf 79' lang='grc' dir='ltr'>τὴν</span> <span class='ocrx_word' id='word_1_203' title='bbox 3198 1402 3384 1475; x_wconf 69' lang='grc' dir='ltr'>ψυχὴν</span> <span class='ocrx_word' id='word_1_204' title='bbox 3438 1403 3538 1456; x_wconf 79' lang='grc' dir='ltr'>τοῦ</span> <span class='ocrx_word' id='word_1_205' title='bbox 3592 1397 3813 1456; x_wconf 89' lang='grc' dir='ltr'>παιδίου</span> 
     </span>
    </p>
   </div>
   <div class='ocr_carea' id='block_1_30' title="bbox 2163 1484 2442 1560">
    <p class='ocr_par' dir='ltr' id='par_1_30' title="bbox 2163 1484 2442 1560">
     <span class='ocr_line' id='line_1_30' title="bbox 2163 1484 2442 1560; baseline 0 -18"><span class='ocrx_word' id='word_1_206' title='bbox 2163 1484 2218 1542; x_wconf 68' lang='grc' dir='ltr'>ἄν</span> <span class='ocrx_word' id='word_1_207' title='bbox 2248 1486 2396 1560; x_wconf 78' lang='grc' dir='ltr'>αὐτῷ</span> <span class='ocrx_word' id='word_1_208' title='bbox 2428 1506 2442 1558; x_wconf 88' lang='grc'>;</span> 
     </span>
    </p>
   </div>
   <div class='ocr_carea' id='block_1_31' title="bbox 2232 1571 3807 1657">
    <p class='ocr_par' dir='ltr' id='par_1_31' title="bbox 2232 1571 3807 1657">
     <span class='ocr_line' id='line_1_31' title="bbox 2232 1571 3807 1657; baseline 0 -22"><span class='ocrx_word' id='word_1_209' title='bbox 2232 1576 2359 1635; x_wconf 89' lang='grc' dir='ltr'>Ὅτι</span> <span class='ocrx_word' id='word_1_210' title='bbox 2413 1571 2584 1634; x_wconf 79' lang='grc' dir='ltr'>ἔδωκε</span> <span class='ocrx_word' id='word_1_211' title='bbox 2630 1576 2831 1655; x_wconf 85' lang='grc' dir='ltr'>Κύρίος</span> <span class='ocrx_word' id='word_1_212' title='bbox 2877 1580 2958 1651; x_wconf 76' lang='grc' dir='ltr'>τῷ</span> <span class='ocrx_word' id='word_1_213' title='bbox 3020 1575 3348 1652; x_wconf 86' lang='grc' dir='ltr'>Σολομῶντι</span> <span class='ocrx_word' id='word_1_214' title='bbox 3397 1579 3663 1657; x_wconf 76' lang='grc' dir='ltr'>φρόνησιν</span> <span class='ocrx_word' id='word_1_215' title='bbox 3712 1579 3807 1635; x_wconf 75' lang='grc' dir='ltr'>καὶ</span> 
     </span>
    </p>
   </div>
   <div class='ocr_carea' id='block_1_32' title="bbox 2161 1658 3805 1747">
    <p class='ocr_par' dir='ltr' id='par_1_32' title="bbox 2161 1658 3805 1747">
     <span class='ocr_line' id='line_1_32' title="bbox 2161 1658 3805 1747; baseline 0.001 -25"><span class='ocrx_word' id='word_1_216' title='bbox 2161 1665 2353 1747; x_wconf 89' lang='grc' dir='ltr'>σοφίαν</span> <span class='ocrx_word' id='word_1_217' title='bbox 2400 1665 2618 1737; x_wconf 77' lang='grc' dir='ltr'>πολλὴν</span> <span class='ocrx_word' id='word_1_218' title='bbox 2675 1662 2883 1744; x_wconf 73' lang='grc' dir='ltr'>σφόδρα</span> <span class='ocrx_word' id='word_1_219' title='bbox 2954 1658 3047 1723; x_wconf 81' lang='grc' dir='ltr'>καὶ</span> <span class='ocrx_word' id='word_1_220' title='bbox 3106 1664 3315 1731; x_wconf 81' lang='grc' dir='ltr'>πλάτος</span> <span class='ocrx_word' id='word_1_221' title='bbox 3370 1665 3614 1743; x_wconf 83' lang='grc' dir='ltr'>καρδίας,</span> <span class='ocrx_word' id='word_1_222' title='bbox 3672 1668 3805 1724; x_wconf 79' lang='grc' dir='ltr'>ὡσεὶ</span> 
     </span>
    </p>
   </div>
   <div class='ocr_carea' id='block_1_33' title="bbox 2159 1753 3803 1832">
    <p class='ocr_par' dir='ltr' id='par_1_33' title="bbox 2159 1753 3803 1832">
     <span class='ocr_line' id='line_1_33' title="bbox 2159 1753 3803 1832; baseline 0.001 -21"><span class='ocrx_word' id='word_1_223' title='bbox 2159 1753 2347 1829; x_wconf 80' lang='grc' dir='ltr'>ἄμμος</span> <span class='ocrx_word' id='word_1_224' title='bbox 2403 1757 2438 1826; x_wconf 74' lang='grc' dir='ltr'><strong>ἡ</strong></span> <span class='ocrx_word' id='word_1_225' title='bbox 2496 1756 2643 1832; x_wconf 81' lang='grc' dir='ltr'>παρὰ</span> <span class='ocrx_word' id='word_1_226' title='bbox 2707 1758 2806 1828; x_wconf 68' lang='grc' dir='ltr'>τὴν</span> <span class='ocrx_word' id='word_1_227' title='bbox 2862 1753 3155 1822; x_wconf 75' lang='grc' dir='ltr'>θάλασσαν’</span> <span class='ocrx_word' id='word_1_228' title='bbox 3215 1756 3314 1813; x_wconf 78' lang='grc' dir='ltr'>Καὶ</span> <span class='ocrx_word' id='word_1_229' title='bbox 3380 1755 3689 1829; x_wconf 70' lang='grc' dir='ltr'>ἐπληθύνθη</span> <span class='ocrx_word' id='word_1_230' title='bbox 3750 1756 3803 1813; x_wconf 80' lang='grc' dir='ltr'>ἐν</span> 
     </span>
    </p>
   </div>
   <div class='ocr_carea' id='block_1_34' title="bbox 401 1845 2036 1931">
    <p class='ocr_par' dir='ltr' id='par_1_34' title="bbox 401 1845 2036 1919">
     <span class='ocr_line' id='line_1_34' title="bbox 401 1845 2036 1919; baseline -0.001 -18"><span class='ocrx_word' id='word_1_231' title='bbox 401 1863 516 1918; x_wconf 92' lang='lat' dir='ltr'>que</span> <span class='ocrx_word' id='word_1_232' title='bbox 547 1846 839 1918; x_wconf 88' lang='lat' dir='ltr'>sapientia</span> <span class='ocrx_word' id='word_1_233' title='bbox 869 1852 927 1901; x_wconf 92' lang='lat' dir='ltr'>et</span> <span class='ocrx_word' id='word_1_234' title='bbox 954 1846 1182 1918; x_wconf 90' lang='lat' dir='ltr'>priscos</span> <span class='ocrx_word' id='word_1_235' title='bbox 1213 1862 1421 1902; x_wconf 90' lang='lat' dir='ltr'>omnes</span> <span class='ocrx_word' id='word_1_236' title='bbox 1455 1846 1756 1919; x_wconf 83' lang='lat' dir='ltr'>superavit</span> <span class='ocrx_word' id='word_1_237' title='bbox 1797 1851 1858 1902; x_wconf 89' lang='lat' dir='ltr'>et</span> <span class='ocrx_word' id='word_1_238' title='bbox 1911 1845 2036 1903; x_wconf 69' lang='lat' dir='ltr'>uni«</span> 
     </span>
    </p>
   </div>
   <div class='ocr_carea' id='block_1_35' title="bbox 2149 1845 3804 1931">
    <p class='ocr_par' dir='ltr' id='par_1_35' title="bbox 2158 1845 3804 1925">
     <span class='ocr_line' id='line_1_35' title="bbox 2158 1845 3804 1925; baseline 0.001 -24"><span class='ocrx_word' id='word_1_239' title='bbox 2158 1845 2308 1918; x_wconf 79' lang='grc' dir='ltr'>αὐτῷ</span> <span class='ocrx_word' id='word_1_240' title='bbox 2345 1847 2381 1916; x_wconf 79' lang='grc' dir='ltr'>ἡ</span> <span class='ocrx_word' id='word_1_241' title='bbox 2441 1845 2705 1925; x_wconf 83' lang='grc' dir='ltr'>φρόνησις</span> <span class='ocrx_word' id='word_1_242' title='bbox 2766 1845 2900 1923; x_wconf 71' lang='grc' dir='ltr'>ὑπὲρ</span> <span class='ocrx_word' id='word_1_243' title='bbox 2952 1846 3156 1911; x_wconf 79' lang='grc' dir='ltr'>πάντὰς</span> <span class='ocrx_word' id='word_1_244' title='bbox 3200 1845 3465 1924; x_wconf 78' lang='grc' dir='ltr'>ἀρχαίους</span> <span class='ocrx_word' id='word_1_245' title='bbox 3523 1847 3613 1902; x_wconf 81' lang='grc' dir='ltr'>καὶ</span> <span class='ocrx_word' id='word_1_246' title='bbox 3669 1848 3804 1924; x_wconf 63' lang='grc' dir='ltr'>ὑπὲρ</span> 
     </span>
    </p>
   </div>
   <div class='ocr_carea' id='block_1_36' title="bbox 396 1933 2048 2008">
    <p class='ocr_par' dir='ltr' id='par_1_36' title="bbox 396 1933 2048 2008">
     <span class='ocr_line' id='line_1_36' title="bbox 396 1933 2048 2008; baseline 0.001 -18"><span class='ocrx_word' id='word_1_247' title='bbox 396 1936 581 1992; x_wconf 83' lang='lat' dir='ltr'>versis</span> <span class='ocrx_word' id='word_1_248' title='bbox 611 1936 837 2008; x_wconf 62' lang='lat' dir='ltr'>IEgypti</span> <span class='ocrx_word' id='word_1_249' title='bbox 870 1935 1240 2008; x_wconf 87' lang='lat' dir='ltr'>sapientibus</span> <span class='ocrx_word' id='word_1_250' title='bbox 1269 1935 1637 1992; x_wconf 87' lang='lat' dir='ltr'>antecelluit.</span> <span class='ocrx_word' id='word_1_251' title='bbox 1672 1936 1931 1992; x_wconf 85' lang='lat' dir='ltr'>Veniunt</span> <span class='ocrx_word' id='word_1_252' title='bbox 1973 1933 2048 1991; x_wconf 90' lang='lat' dir='ltr'>ad</span> 
     </span>
    </p>
   </div>
   <div class='ocr_carea' id='block_1_37' title="bbox 396 2024 2049 2097">
    <p class='ocr_par' dir='ltr' id='par_1_37' title="bbox 396 2024 2049 2097">
     <span class='ocr_line' id='line_1_37' title="bbox 396 2024 2049 2097; baseline -0.001 -15"><span class='ocrx_word' id='word_1_253' title='bbox 396 2042 534 2083; x_wconf 89' lang='lat' dir='ltr'>eum</span> <span class='ocrx_word' id='word_1_254' title='bbox 560 2026 690 2081; x_wconf 70' lang='lat' dir='ltr'>duae</span> <span class='ocrx_word' id='word_1_255' title='bbox 720 2024 1005 2082; x_wconf 87' lang='lat' dir='ltr'>mulieres</span> <span class='ocrx_word' id='word_1_256' title='bbox 1035 2025 1439 2097; x_wconf 64' lang='lat' dir='ltr'>disceptandis</span> <span class='ocrx_word' id='word_1_257' title='bbox 1471 2024 1593 2081; x_wconf 88' lang='lat' dir='ltr'>litis</span> <span class='ocrx_word' id='word_1_258' title='bbox 1638 2042 1836 2081; x_wconf 86' lang='lat' dir='ltr'>causa.</span> <span class='ocrx_word' id='word_1_259' title='bbox 1878 2025 2049 2081; x_wconf 88' lang='lat' dir='ltr'>Prior</span> 
     </span>
    </p>
   </div>
   <div class='ocr_carea' id='block_1_38' title="bbox 394 2114 2048 2189">
    <p class='ocr_par' dir='ltr' id='par_1_38' title="bbox 394 2114 2048 2189">
     <span class='ocr_line' id='line_1_38' title="bbox 394 2114 2048 2189; baseline 0 -18"><span class='ocrx_word' id='word_1_260' title='bbox 394 2116 577 2171; x_wconf 84' lang='lat' dir='ltr'>refert</span> <span class='ocrx_word' id='word_1_261' title='bbox 601 2132 686 2180; x_wconf 81' lang='lat' dir='ltr'>se,</span> <span class='ocrx_word' id='word_1_262' title='bbox 719 2131 851 2170; x_wconf 91' lang='lat' dir='ltr'>cum</span> <span class='ocrx_word' id='word_1_263' title='bbox 886 2115 947 2170; x_wconf 92' lang='lat' dir='ltr'>in</span> <span class='ocrx_word' id='word_1_264' title='bbox 979 2131 1097 2170; x_wconf 88' lang='lat' dir='ltr'>una</span> <span class='ocrx_word' id='word_1_265' title='bbox 1123 2114 1311 2171; x_wconf 66' lang='lat' dir='ltr'>amba:</span> <span class='ocrx_word' id='word_1_266' title='bbox 1344 2115 1521 2170; x_wconf 88' lang='lat' dir='ltr'>domo</span> <span class='ocrx_word' id='word_1_267' title='bbox 1579 2115 1883 2189; x_wconf 89' lang='lat' dir='ltr'>degerent,</span> <span class='ocrx_word' id='word_1_268' title='bbox 1940 2131 2048 2187; x_wconf 88' lang='lat' dir='ltr'>pe—</span> 
     </span>
    </p>
   </div>
   <div class='ocr_carea' id='block_1_39' title="bbox 392 2204 2045 2278">
    <p class='ocr_par' dir='ltr' id='par_1_39' title="bbox 392 2204 2045 2278">
     <span class='ocr_line' id='line_1_39' title="bbox 392 2204 2045 2278; baseline -0.001 -18"><span class='ocrx_word' id='word_1_269' title='bbox 392 2205 638 2277; x_wconf 88' lang='lat' dir='ltr'>perisse,</span> <span class='ocrx_word' id='word_1_270' title='bbox 672 2210 850 2276; x_wconf 91' lang='lat' dir='ltr'>atque</span> <span class='ocrx_word' id='word_1_271' title='bbox 876 2204 1129 2260; x_wconf 88' lang='lat' dir='ltr'>alteram</span> <span class='ocrx_word' id='word_1_272' title='bbox 1159 2205 1303 2259; x_wconf 90' lang='lat' dir='ltr'>item</span> <span class='ocrx_word' id='word_1_273' title='bbox 1336 2204 1530 2260; x_wconf 90' lang='lat' dir='ltr'>triduo</span> <span class='ocrx_word' id='word_1_274' title='bbox 1561 2210 1713 2277; x_wconf 88' lang='lat' dir='ltr'>post.</span> <span class='ocrx_word' id='word_1_275' title='bbox 1747 2205 1887 2278; x_wconf 86' lang='lat' dir='ltr'>Ejus</span> <span class='ocrx_word' id='word_1_276' title='bbox 1944 2205 2045 2259; x_wconf 87' lang='lat' dir='ltr'>in-</span> 
     </span>
    </p>
   </div>
   <div class='ocr_carea' id='block_1_40' title="bbox 386 2294 2045 2367">
    <p class='ocr_par' dir='ltr' id='par_1_40' title="bbox 386 2294 2045 2367">
     <span class='ocr_line' id='line_1_40' title="bbox 386 2294 2045 2367; baseline 0 -17"><span class='ocrx_word' id='word_1_277' title='bbox 386 2296 635 2363; x_wconf 85' lang='lat' dir='ltr'>fantem,</span> <span class='ocrx_word' id='word_1_278' title='bbox 668 2310 805 2350; x_wconf 91' lang='lat' dir='ltr'>cum</span> <span class='ocrx_word' id='word_1_279' title='bbox 834 2311 943 2367; x_wconf 91' lang='lat' dir='ltr'>per</span> <span class='ocrx_word' id='word_1_280' title='bbox 973 2300 1211 2351; x_wconf 90' lang='lat' dir='ltr'>noctem</span> <span class='ocrx_word' id='word_1_281' title='bbox 1246 2310 1380 2351; x_wconf 89' lang='lat' dir='ltr'>cum</span> <span class='ocrx_word' id='word_1_282' title='bbox 1408 2302 1598 2351; x_wconf 88' lang='lat' dir='ltr'>matre</span> <span class='ocrx_word' id='word_1_283' title='bbox 1622 2311 1729 2351; x_wconf 89' lang='lat' dir='ltr'>sua</span> <span class='ocrx_word' id='word_1_284' title='bbox 1748 2294 2045 2365; x_wconf 88' lang='lat' dir='ltr'>cubasset,</span> 
     </span>
    </p>
   </div>
   <div class='ocr_carea' id='block_1_41' title="bbox 389 2385 2044 2458">
    <p class='ocr_par' dir='ltr' id='par_1_41' title="bbox 389 2385 2044 2458">
     <span class='ocr_line' id='line_1_41' title="bbox 389 2385 2044 2458; baseline 0 -17"><span class='ocrx_word' id='word_1_285' title='bbox 389 2388 747 2442; x_wconf 85' lang='lat' dir='ltr'>exstinctum</span> <span class='ocrx_word' id='word_1_286' title='bbox 779 2386 967 2442; x_wconf 87' lang='lat' dir='ltr'>fuisse</span> <span class='ocrx_word' id='word_1_287' title='bbox 998 2403 1011 2453; x_wconf 90' lang='lat'><strong>;</strong></span> <span class='ocrx_word' id='word_1_288' title='bbox 1043 2392 1223 2458; x_wconf 88' lang='lat' dir='ltr'>atque</span> <span class='ocrx_word' id='word_1_289' title='bbox 1245 2402 1377 2442; x_wconf 90' lang='lat' dir='ltr'>eam</span> <span class='ocrx_word' id='word_1_290' title='bbox 1406 2386 1761 2454; x_wconf 81' lang='lat' dir='ltr'>surrexisse,</span> <span class='ocrx_word' id='word_1_291' title='bbox 1812 2385 2044 2458; x_wconf 88' lang='lat' dir='ltr'>sibique</span> 
     </span>
    </p>
   </div>
   <div class='ocr_carea' id='block_1_42' title="bbox 388 2475 2045 2548">
    <p class='ocr_par' dir='ltr' id='par_1_42' title="bbox 388 2475 2045 2548">
     <span class='ocr_line' id='line_1_42' title="bbox 388 2475 2045 2548; baseline 0 -18"><span class='ocrx_word' id='word_1_292' title='bbox 388 2475 711 2531; x_wconf 87' lang='lat' dir='ltr'>dormienti</span> <span class='ocrx_word' id='word_1_293' title='bbox 737 2492 914 2532; x_wconf 89' lang='lat' dir='ltr'>suum</span> <span class='ocrx_word' id='word_1_294' title='bbox 943 2476 1236 2532; x_wconf 83' lang='lat' dir='ltr'>infantem</span> <span class='ocrx_word' id='word_1_295' title='bbox 1266 2476 1626 2548; x_wconf 86' lang='lat' dir='ltr'>surripuisse</span> <span class='ocrx_word' id='word_1_296' title='bbox 1659 2491 1730 2531; x_wconf 80' lang='lat' dir='ltr'>ex</span> <span class='ocrx_word' id='word_1_297' title='bbox 1760 2475 1939 2545; x_wconf 88' lang='lat' dir='ltr'>ulnis,</span> <span class='ocrx_word' id='word_1_298' title='bbox 1984 2475 2045 2531; x_wconf 90' lang='lat' dir='ltr'>in</span> 
     </span>
    </p>
   </div>
   <div class='ocr_carea' id='block_1_43' title="bbox 390 2564 2045 2638">
    <p class='ocr_par' dir='ltr' id='par_1_43' title="bbox 390 2564 2045 2638">
     <span class='ocr_line' id='line_1_43' title="bbox 390 2564 2045 2638; baseline -0.001 -18"><span class='ocrx_word' id='word_1_299' title='bbox 390 2581 505 2636; x_wconf 91' lang='lat' dir='ltr'>que</span> <span class='ocrx_word' id='word_1_300' title='bbox 535 2564 733 2621; x_wconf 91' lang='lat' dir='ltr'>locum</span> <span class='ocrx_word' id='word_1_301' title='bbox 766 2566 896 2638; x_wconf 85' lang='lat' dir='ltr'>ejus</span> <span class='ocrx_word' id='word_1_302' title='bbox 938 2571 1241 2622; x_wconf 90' lang='lat' dir='ltr'>mortuum</span> <span class='ocrx_word' id='word_1_303' title='bbox 1282 2565 1687 2638; x_wconf 88' lang='lat' dir='ltr'>supposuisse.</span> <span class='ocrx_word' id='word_1_304' title='bbox 1749 2565 1843 2632; x_wconf 92' lang='lat' dir='ltr'>Se,</span> <span class='ocrx_word' id='word_1_305' title='bbox 1908 2580 2045 2621; x_wconf 90' lang='lat' dir='ltr'>cum</span> 
     </span>
    </p>
   </div>
   <div class='ocr_carea' id='block_1_44' title="bbox 388 2654 2045 2723">
    <p class='ocr_par' dir='ltr' id='par_1_44' title="bbox 388 2654 2045 2723">
     <span class='ocr_line' id='line_1_44' title="bbox 388 2654 2045 2723; baseline -0.001 -14"><span class='ocrx_word' id='word_1_306' title='bbox 388 2668 564 2709; x_wconf 89' lang='lat' dir='ltr'>mane</span> <span class='ocrx_word' id='word_1_307' title='bbox 594 2654 668 2709; x_wconf 87' lang='lat' dir='ltr'>ad</span> <span class='ocrx_word' id='word_1_308' title='bbox 699 2654 1045 2710; x_wconf 86' lang='lat' dir='ltr'>lactandum</span> <span class='ocrx_word' id='word_1_309' title='bbox 1075 2671 1253 2710; x_wconf 90' lang='lat' dir='ltr'>suum</span> <span class='ocrx_word' id='word_1_310' title='bbox 1306 2655 1684 2723; x_wconf 76' lang='lat' dir='ltr'>surrexisset,</span> <span class='ocrx_word' id='word_1_311' title='bbox 1741 2659 2045 2710; x_wconf 90' lang='lat' dir='ltr'>mortuum</span> 
     </span>
    </p>
   </div>
   <div class='ocr_carea' id='block_1_45' title="bbox 382 2742 2045 2815">
    <p class='ocr_par' dir='ltr' id='par_1_45' title="bbox 382 2742 2045 2815">
     <span class='ocr_line' id='line_1_45' title="bbox 382 2742 2045 2815; baseline 0.001 -19"><span class='ocrx_word' id='word_1_312' title='bbox 382 2742 671 2798; x_wconf 86' lang='lat' dir='ltr'>infantem</span> <span class='ocrx_word' id='word_1_313' title='bbox 701 2742 1042 2811; x_wconf 78' lang='lat' dir='ltr'>oil‘endisse,</span> <span class='ocrx_word' id='word_1_314' title='bbox 1077 2760 1146 2799; x_wconf 90' lang='lat' dir='ltr'>ac</span> <span class='ocrx_word' id='word_1_315' title='bbox 1166 2759 1229 2798; x_wconf 91' lang='lat' dir='ltr'>re</span> <span class='ocrx_word' id='word_1_316' title='bbox 1250 2743 1555 2815; x_wconf 83' lang='lat' dir='ltr'>explorata</span> <span class='ocrx_word' id='word_1_317' title='bbox 1577 2742 2045 2815; x_wconf 88' lang='lat' dir='ltr'>deprehendisse</span> 
     </span>
    </p>
   </div>
   <div class='ocr_carea' id='block_1_46' title="bbox 384 2831 2031 2904">
    <p class='ocr_par' dir='ltr' id='par_1_46' title="bbox 384 2831 2031 2904">
     <span class='ocr_line' id='line_1_46' title="bbox 384 2831 2031 2904; baseline 0.001 -19"><span class='ocrx_word' id='word_1_318' title='bbox 384 2846 519 2885; x_wconf 92' lang='lat' dir='ltr'>eum</span> <span class='ocrx_word' id='word_1_319' title='bbox 550 2845 725 2885; x_wconf 91' lang='lat' dir='ltr'>suum</span> <span class='ocrx_word' id='word_1_320' title='bbox 754 2846 874 2885; x_wconf 91' lang='lat' dir='ltr'>non</span> <span class='ocrx_word' id='word_1_321' title='bbox 907 2847 1058 2885; x_wconf 90' lang='lat' dir='ltr'>esse.</span> <span class='ocrx_word' id='word_1_322' title='bbox 1092 2831 1237 2886; x_wconf 88' lang='lat' dir='ltr'>Cum</span> <span class='ocrx_word' id='word_1_323' title='bbox 1270 2832 1460 2886; x_wconf 90' lang='lat' dir='ltr'>altera</span> <span class='ocrx_word' id='word_1_324' title='bbox 1488 2832 1600 2887; x_wconf 91' lang='lat' dir='ltr'>hoc</span> <span class='ocrx_word' id='word_1_325' title='bbox 1624 2836 1885 2904; x_wconf 83' lang='lat' dir='ltr'>negaret,</span> <span class='ocrx_word' id='word_1_326' title='bbox 1908 2847 2031 2886; x_wconf 88' lang='lat' dir='ltr'>non</span> 
     </span>
    </p>
   </div>
   <div class='ocr_carea' id='block_1_47' title="bbox 392 2918 2040 2976">
    <p class='ocr_par' dir='ltr' id='par_1_47' title="bbox 392 2918 2040 2976">
     <span class='ocr_line' id='line_1_47' title="bbox 392 2918 2040 2976; baseline 0.001 -2"><span class='ocrx_word' id='word_1_327' title='bbox 392 2936 564 2975; x_wconf 91' lang='lat' dir='ltr'>suum</span> <span class='ocrx_word' id='word_1_328' title='bbox 601 2918 705 2975; x_wconf 90' lang='lat' dir='ltr'>sed</span> <span class='ocrx_word' id='word_1_329' title='bbox 735 2918 899 2974; x_wconf 88' lang='lat' dir='ltr'>illius</span> <span class='ocrx_word' id='word_1_330' title='bbox 921 2919 1213 2975; x_wconf 87' lang='lat' dir='ltr'>infantem</span> <span class='ocrx_word' id='word_1_331' title='bbox 1244 2926 1500 2976; x_wconf 89' lang='lat' dir='ltr'>mortem</span> <span class='ocrx_word' id='word_1_332' title='bbox 1534 2919 1752 2975; x_wconf 90' lang='lat' dir='ltr'>obiisse</span> <span class='ocrx_word' id='word_1_333' title='bbox 1793 2925 2040 2975; x_wconf 90' lang='lat' dir='ltr'>conten-</span> 
     </span>
    </p>
   </div>
   <div class='ocr_carea' id='block_1_48' title="bbox 387 3006 2042 3080">
    <p class='ocr_par' dir='ltr' id='par_1_48' title="bbox 387 3006 2042 3080">
     <span class='ocr_line' id='line_1_48' title="bbox 387 3006 2042 3080; baseline 0.001 -17"><span class='ocrx_word' id='word_1_334' title='bbox 387 3006 557 3075; x_wconf 88' lang='lat' dir='ltr'>dens,</span> <span class='ocrx_word' id='word_1_335' title='bbox 582 3006 863 3063; x_wconf 91' lang='lat' dir='ltr'>Solomon</span> <span class='ocrx_word' id='word_1_336' title='bbox 896 3012 1218 3080; x_wconf 87' lang='lat' dir='ltr'>utrumque</span> <span class='ocrx_word' id='word_1_337' title='bbox 1249 3008 1513 3065; x_wconf 90' lang='lat' dir='ltr'>medium</span> <span class='ocrx_word' id='word_1_338' title='bbox 1544 3009 1734 3065; x_wconf 88' lang='lat' dir='ltr'>secari</span> <span class='ocrx_word' id='word_1_339' title='bbox 1756 3008 2042 3064; x_wconf 86' lang='lat' dir='ltr'>infantem</span> 
     </span>
    </p>
   </div>
   <div class='ocr_carea' id='block_1_49' title="bbox 385 3096 2041 3170">
    <p class='ocr_par' dir='ltr' id='par_1_49' title="bbox 385 3096 2041 3170">
     <span class='ocr_line' id='line_1_49' title="bbox 385 3096 2041 3170; baseline 0 -18"><span class='ocrx_word' id='word_1_340' title='bbox 385 3096 588 3169; x_wconf 88' lang='lat' dir='ltr'>jussit,</span> <span class='ocrx_word' id='word_1_341' title='bbox 621 3114 689 3153; x_wconf 82' lang='lat' dir='ltr'>ac</span> <span class='ocrx_word' id='word_1_342' title='bbox 720 3096 794 3153; x_wconf 92' lang='lat' dir='ltr'><strong>de</strong></span> <span class='ocrx_word' id='word_1_343' title='bbox 824 3102 1079 3168; x_wconf 90' lang='lat' dir='ltr'>utroque</span> <span class='ocrx_word' id='word_1_344' title='bbox 1108 3099 1443 3170; x_wconf 87' lang='lat' dir='ltr'>portionem</span> <span class='ocrx_word' id='word_1_345' title='bbox 1473 3097 1763 3155; x_wconf 89' lang='lat' dir='ltr'>ambabus</span> <span class='ocrx_word' id='word_1_346' title='bbox 1785 3097 1932 3155; x_wconf 90' lang='lat' dir='ltr'>dari.</span> <span class='ocrx_word' id='word_1_347' title='bbox 1956 3097 2041 3153; x_wconf 89' lang='lat' dir='ltr'>lbi</span> 
     </span>
    </p>
   </div>
   <div class='ocr_carea' id='block_1_50' title="bbox 393 3186 2037 3260">
    <p class='ocr_par' dir='ltr' id='par_1_50' title="bbox 393 3186 2037 3260">
     <span class='ocr_line' id='line_1_50' title="bbox 393 3186 2037 3260; baseline -0.001 -16"><span class='ocrx_word' id='word_1_348' title='bbox 393 3192 586 3244; x_wconf 89' lang='lat' dir='ltr'>mater</span> <span class='ocrx_word' id='word_1_349' title='bbox 608 3186 855 3243; x_wconf 86' lang='lat' dir='ltr'>infantis</span> <span class='ocrx_word' id='word_1_350' title='bbox 884 3202 1086 3260; x_wconf 89' lang='lat' dir='ltr'>regem</span> <span class='ocrx_word' id='word_1_351' title='bbox 1116 3194 1353 3259; x_wconf 90' lang='lat' dir='ltr'>precata</span> <span class='ocrx_word' id='word_1_352' title='bbox 1381 3194 1471 3244; x_wconf 90' lang='lat' dir='ltr'>est</span> <span class='ocrx_word' id='word_1_353' title='bbox 1499 3204 1572 3243; x_wconf 91' lang='lat' dir='ltr'>ne</span> <span class='ocrx_word' id='word_1_354' title='bbox 1603 3189 1717 3243; x_wconf 90' lang='lat' dir='ltr'>hoc</span> <span class='ocrx_word' id='word_1_355' title='bbox 1745 3193 2037 3260; x_wconf 70' lang='lat' dir='ltr'>ageretur.</span> 
     </span>
    </p>
   </div>
   <div class='ocr_carea' id='block_1_51' title="bbox 392 3278 2036 3351">
    <p class='ocr_par' dir='ltr' id='par_1_51' title="bbox 392 3278 2036 3351">
     <span class='ocr_line' id='line_1_51' title="bbox 392 3278 2036 3351; baseline -0.001 -16"><span class='ocrx_word' id='word_1_356' title='bbox 392 3279 705 3351; x_wconf 87' lang='lat' dir='ltr'>potiusque</span> <span class='ocrx_word' id='word_1_357' title='bbox 736 3279 1160 3335; x_wconf 79' lang='lat' dir='ltr'>concederetur</span> <span class='ocrx_word' id='word_1_358' title='bbox 1178 3279 1351 3334; x_wconf 89' lang='lat' dir='ltr'>alteri</span> <span class='ocrx_word' id='word_1_359' title='bbox 1376 3280 1611 3335; x_wconf 90' lang='lat' dir='ltr'>mulieri</span> <span class='ocrx_word' id='word_1_360' title='bbox 1642 3279 1802 3335; x_wconf 91' lang='lat' dir='ltr'>vivus</span> <span class='ocrx_word' id='word_1_361' title='bbox 1817 3278 2036 3346; x_wconf 82' lang='lat' dir='ltr'>infans,</span> 
     </span>
    </p>
   </div>
   <div class='ocr_carea' id='block_1_52' title="bbox 388 3368 2041 3441">
    <p class='ocr_par' dir='ltr' id='par_1_52' title="bbox 388 3368 2041 3441">
     <span class='ocr_line' id='line_1_52' title="bbox 388 3368 2041 3441; baseline -0.001 -17"><span class='ocrx_word' id='word_1_362' title='bbox 388 3374 454 3424; x_wconf 88' lang='lat' dir='ltr'>ut</span> <span class='ocrx_word' id='word_1_363' title='bbox 484 3386 560 3425; x_wconf 90' lang='lat' dir='ltr'><strong>ne</strong></span> <span class='ocrx_word' id='word_1_364' title='bbox 590 3368 1397 3440; x_wconf 80' lang='lat' dir='ltr'>periret,alteradivisionem</span> <span class='ocrx_word' id='word_1_365' title='bbox 1420 3369 1594 3424; x_wconf 89' lang='lat' dir='ltr'>istam</span> <span class='ocrx_word' id='word_1_366' title='bbox 1634 3369 1944 3441; x_wconf 88' lang='lat' dir='ltr'>probante,</span> <span class='ocrx_word' id='word_1_367' title='bbox 1976 3374 2041 3423; x_wconf 91' lang='lat' dir='ltr'>ut</span> 
     </span>
    </p>
   </div>
   <div class='ocr_carea' id='block_1_53' title="bbox 388 3456 2034 3529">
    <p class='ocr_par' dir='ltr' id='par_1_53' title="bbox 388 3456 2034 3529">
     <span class='ocr_line' id='line_1_53' title="bbox 388 3456 2034 3529; baseline 0.001 -18"><span class='ocrx_word' id='word_1_368' title='bbox 388 3473 582 3529; x_wconf 89' lang='lat' dir='ltr'>neque</span> <span class='ocrx_word' id='word_1_369' title='bbox 615 3457 726 3512; x_wconf 88' lang='lat' dir='ltr'>sibi</span> <span class='ocrx_word' id='word_1_370' title='bbox 760 3458 915 3513; x_wconf 73' lang='lat'>163</span> <span class='ocrx_word' id='word_1_371' title='bbox 956 3474 1152 3528; x_wconf 89' lang='lat' dir='ltr'>neque</span> <span class='ocrx_word' id='word_1_372' title='bbox 1183 3457 1355 3513; x_wconf 86' lang='lat' dir='ltr'>alteri</span> <span class='ocrx_word' id='word_1_373' title='bbox 1387 3459 1549 3513; x_wconf 89' lang='lat' dir='ltr'>vivus</span> <span class='ocrx_word' id='word_1_374' title='bbox 1586 3458 1786 3514; x_wconf 88' lang='lat' dir='ltr'>infans</span> <span class='ocrx_word' id='word_1_375' title='bbox 1840 3456 2034 3514; x_wconf 88' lang='lat' dir='ltr'>obtin-</span> 
     </span>
    </p>
   </div>
   <div class='ocr_carea' id='block_1_54' title="bbox 385 3546 2034 3618">
    <p class='ocr_par' dir='ltr' id='par_1_54' title="bbox 385 3546 2034 3618">
     <span class='ocr_line' id='line_1_54' title="bbox 385 3546 2034 3618; baseline 0 -17"><span class='ocrx_word' id='word_1_376' title='bbox 385 3551 568 3618; x_wconf 87' lang='lat' dir='ltr'>geret.</span> <span class='ocrx_word' id='word_1_377' title='bbox 604 3546 958 3602; x_wconf 89' lang='lat' dir='ltr'>Pronuntiat</span> <span class='ocrx_word' id='word_1_378' title='bbox 987 3561 1125 3618; x_wconf 84' lang='lat' dir='ltr'>ergo</span> <span class='ocrx_word' id='word_1_379' title='bbox 1156 3546 1437 3603; x_wconf 92' lang='lat' dir='ltr'>Solomon</span> <span class='ocrx_word' id='word_1_380' title='bbox 1493 3546 1686 3602; x_wconf 90' lang='lat' dir='ltr'>vivum</span> <span class='ocrx_word' id='word_1_381' title='bbox 1742 3546 2034 3604; x_wconf 88' lang='lat' dir='ltr'>infantem</span> 
     </span>
    </p>
   </div>
   <div class='ocr_carea' id='block_1_55' title="bbox 2071 3234 2121 3302">
    <p class='ocr_par' dir='ltr' id='par_1_55' title="bbox 2071 3234 2121 3302">
     <span class='ocr_line' id='line_1_55' title="bbox 2071 3234 2121 3302; baseline 0 -3"><span class='ocrx_word' id='word_1_382' title='bbox 2071 3234 2121 3302; x_wconf 90' lang='lat' dir='ltr'>C</span> 
     </span>
    </p>
   </div>
   <div class='ocr_carea' id='block_1_56' title="bbox 2153 1935 3808 2013">
    <p class='ocr_par' dir='ltr' id='par_1_56' title="bbox 2153 1935 3808 2013">
     <span class='ocr_line' id='line_1_56' title="bbox 2153 1935 3808 2013; baseline 0.001 -23"><span class='ocrx_word' id='word_1_383' title='bbox 2153 1935 2358 1997; x_wconf 74' lang='grc' dir='ltr'>πάντας</span> <span class='ocrx_word' id='word_1_384' title='bbox 2396 1936 2699 2012; x_wconf 77' lang='grc' dir='ltr'>φρονίμους</span> <span class='ocrx_word' id='word_1_385' title='bbox 2754 1935 3055 2011; x_wconf 81' lang='grc' dir='ltr'>Αἰγύπτου.</span> <span class='ocrx_word' id='word_1_386' title='bbox 3108 1937 3409 2013; x_wconf 81' lang='grc' dir='ltr'>Ἔρχονται</span> <span class='ocrx_word' id='word_1_387' title='bbox 3467 1937 3603 2011; x_wconf 86' lang='grc' dir='ltr'>πρὸς</span> <span class='ocrx_word' id='word_1_388' title='bbox 3643 1936 3808 1993; x_wconf 81' lang='grc' dir='ltr'>αὐτὸν</span> 
     </span>
    </p>
   </div>
   <div class='ocr_carea' id='block_1_57' title="bbox 2152 2020 3804 2103">
    <p class='ocr_par' dir='ltr' id='par_1_57' title="bbox 2152 2020 3804 2103">
     <span class='ocr_line' id='line_1_57' title="bbox 2152 2020 3804 2103; baseline 0.002 -25"><span class='ocrx_word' id='word_1_389' title='bbox 2152 2029 2399 2101; x_wconf 84' lang='grc' dir='ltr'>γυναῖκες</span> <span class='ocrx_word' id='word_1_390' title='bbox 2430 2020 2528 2080; x_wconf 88' lang='grc' dir='ltr'>δύο</span> <span class='ocrx_word' id='word_1_391' title='bbox 2560 2021 2899 2095; x_wconf 73' lang='grc' dir='ltr'>δικασθῆναι,</span> <span class='ocrx_word' id='word_1_392' title='bbox 2938 2026 3029 2081; x_wconf 84' lang='grc' dir='ltr'>καὶ</span> <span class='ocrx_word' id='word_1_393' title='bbox 3066 2025 3211 2081; x_wconf 75' lang='grc' dir='ltr'>εἶπεν</span> <span class='ocrx_word' id='word_1_394' title='bbox 3243 2028 3277 2095; x_wconf 77' lang='grc' dir='ltr'><strong>ἡ</strong></span> <span class='ocrx_word' id='word_1_395' title='bbox 3316 2026 3434 2099; x_wconf 71' lang='grc' dir='ltr'>μίαν</span> <span class='ocrx_word' id='word_1_396' title='bbox 3469 2049 3497 2079; x_wconf 84' lang='grc' dir='ltr'>ι(</span> <span class='ocrx_word' id='word_1_397' title='bbox 3523 2024 3667 2103; x_wconf 83' lang='grc' dir='ltr'>Ἐγὼ</span> <span class='ocrx_word' id='word_1_398' title='bbox 3709 2024 3804 2082; x_wconf 73' lang='grc' dir='ltr'>καὶ</span> 
     </span>
    </p>
   </div>
   <div class='ocr_carea' id='block_1_58' title="bbox 2152 2111 3805 2190">
    <p class='ocr_par' dir='ltr' id='par_1_58' title="bbox 2152 2111 3805 2190">
     <span class='ocr_line' id='line_1_58' title="bbox 2152 2111 3805 2190; baseline 0.002 -22"><span class='ocrx_word' id='word_1_399' title='bbox 2152 2114 2189 2183; x_wconf 77' lang='grc' dir='ltr'><strong>ἡ</strong></span> <span class='ocrx_word' id='word_1_400' title='bbox 2227 2114 2360 2190; x_wconf 83' lang='grc' dir='ltr'>γυνή</span> <span class='ocrx_word' id='word_1_401' title='bbox 2410 2111 2545 2185; x_wconf 74' lang='grc' dir='ltr'>αὕτη</span> <span class='ocrx_word' id='word_1_402' title='bbox 2608 2112 2866 2188; x_wconf 77' lang='grc' dir='ltr'>οἰκοῦμεν</span> <span class='ocrx_word' id='word_1_403' title='bbox 2924 2113 2981 2170; x_wconf 69' lang='grc' dir='ltr'>ἦν</span> <span class='ocrx_word' id='word_1_404' title='bbox 3029 2114 3167 2189; x_wconf 75' lang='grc' dir='ltr'>ν’ἰκῳ</span> <span class='ocrx_word' id='word_1_405' title='bbox 3222 2114 3323 2170; x_wconf 68' lang='grc' dir='ltr'>ἑνί.</span> <span class='ocrx_word' id='word_1_406' title='bbox 3384 2114 3482 2171; x_wconf 78' lang='grc' dir='ltr'>Καὶ</span> <span class='ocrx_word' id='word_1_407' title='bbox 3539 2113 3648 2190; x_wconf 69' lang='grc' dir='ltr'>ἐγὼ</span> <span class='ocrx_word' id='word_1_408' title='bbox 3708 2115 3805 2188; x_wconf 74' lang='grc' dir='ltr'>μὶν</span> 
     </span>
    </p>
   </div>
   <div class='ocr_carea' id='block_1_59' title="bbox 2152 2198 3806 2278">
    <p class='ocr_par' dir='ltr' id='par_1_59' title="bbox 2152 2198 3806 2278">
     <span class='ocr_line' id='line_1_59' title="bbox 2152 2198 3806 2278; baseline 0.002 -21"><span class='ocrx_word' id='word_1_409' title='bbox 2152 2198 2357 2272; x_wconf 72' lang='grc' dir='ltr'>ἔτεκον,</span> <span class='ocrx_word' id='word_1_410' title='bbox 2387 2202 2479 2258; x_wconf 80' lang='grc' dir='ltr'>καὶ</span> <span class='ocrx_word' id='word_1_411' title='bbox 2532 2202 2668 2276; x_wconf 84' lang='grc' dir='ltr'>μετά</span> <span class='ocrx_word' id='word_1_412' title='bbox 2720 2203 2909 2278; x_wconf 84' lang='grc' dir='ltr'>τρίτην</span> <span class='ocrx_word' id='word_1_413' title='bbox 2966 2204 3128 2274; x_wconf 78' lang='grc' dir='ltr'>αὕτη.</span> <span class='ocrx_word' id='word_1_414' title='bbox 3179 2203 3396 2275; x_wconf 86' lang='grc' dir='ltr'>Ταύτης</span> <span class='ocrx_word' id='word_1_415' title='bbox 3447 2204 3512 2260; x_wconf 83' lang='grc' dir='ltr'>τὸ</span> <span class='ocrx_word' id='word_1_416' title='bbox 3585 2202 3806 2262; x_wconf 82' lang='grc' dir='ltr'>παιδίον</span> 
     </span>
    </p>
   </div>
   <div class='ocr_carea' id='block_1_60' title="bbox 2150 2290 3810 2368">
    <p class='ocr_par' dir='ltr' id='par_1_60' title="bbox 2150 2290 3810 2368">
     <span class='ocr_line' id='line_1_60' title="bbox 2150 2290 3810 2368; baseline 0.002 -22"><span class='ocrx_word' id='word_1_417' title='bbox 2150 2292 2425 2362; x_wconf 72' lang='grc' dir='ltr'>τέθνηκεν,</span> <span class='ocrx_word' id='word_1_418' title='bbox 2486 2290 2602 2347; x_wconf 75' lang='grc' dir='ltr'>ἐπεὶ</span> <span class='ocrx_word' id='word_1_419' title='bbox 2679 2292 2784 2361; x_wconf 75' lang='grc' dir='ltr'>τὴν</span> <span class='ocrx_word' id='word_1_420' title='bbox 2852 2291 3019 2347; x_wconf 80' lang='grc' dir='ltr'>νύκτα</span> <span class='ocrx_word' id='word_1_421' title='bbox 3072 2290 3412 2368; x_wconf 71' lang='grc' dir='ltr'>ἐπικοιμηθη</span> <span class='ocrx_word' id='word_1_422' title='bbox 3476 2292 3642 2367; x_wconf 76' lang='grc' dir='ltr'>αύτῷ.</span> <span class='ocrx_word' id='word_1_423' title='bbox 3702 2295 3810 2351; x_wconf 77' lang='grc' dir='ltr'>Καὶ</span> 
     </span>
    </p>
   </div>
   <div class='ocr_carea' id='block_1_61' title="bbox 2163 2376 3805 2460">
    <p class='ocr_par' dir='ltr' id='par_1_61' title="bbox 2163 2376 3805 2460">
     <span class='ocr_line' id='line_1_61' title="bbox 2163 2376 3805 2460; baseline 0.002 -24"><span class='ocrx_word' id='word_1_424' title='bbox 2163 2378 2282 2437; x_wconf 79' lang='grc' dir='ltr'>ἰδοὺ</span> <span class='ocrx_word' id='word_1_425' title='bbox 2312 2380 2583 2438; x_wconf 79' lang='grc' dir='ltr'>ἀναστᾶσα</span> <span class='ocrx_word' id='word_1_426' title='bbox 2614 2376 2779 2437; x_wconf 74' lang='grc' dir='ltr'>ἔλαϐε</span> <span class='ocrx_word' id='word_1_427' title='bbox 2828 2383 2892 2438; x_wconf 83' lang='grc' dir='ltr'>τὸ</span> <span class='ocrx_word' id='word_1_428' title='bbox 2954 2381 3086 2456; x_wconf 74' lang='grc' dir='ltr'>ἐμὸν</span> <span class='ocrx_word' id='word_1_429' title='bbox 3117 2379 3334 2438; x_wconf 85' lang='grc' dir='ltr'>παιδίον</span> <span class='ocrx_word' id='word_1_430' title='bbox 3367 2383 3427 2439; x_wconf 81' lang='grc' dir='ltr'>ἐκ</span> <span class='ocrx_word' id='word_1_431' title='bbox 3479 2391 3581 2454; x_wconf 76' lang='grc' dir='ltr'>τῆς</span> <span class='ocrx_word' id='word_1_432' title='bbox 3635 2384 3805 2460; x_wconf 79' lang='grc' dir='ltr'>ἀγκά-</span> 
     </span>
    </p>
   </div>
   <div class='ocr_carea' id='block_1_62' title="bbox 2165 2468 3799 2544">
    <p class='ocr_par' dir='ltr' id='par_1_62' title="bbox 2165 2468 3799 2544">
     <span class='ocr_line' id='line_1_62' title="bbox 2165 2468 3799 2544; baseline 0.001 -18"><span class='ocrx_word' id='word_1_433' title='bbox 2165 2468 2273 2542; x_wconf 87' lang='grc' dir='ltr'>λης</span> <span class='ocrx_word' id='word_1_434' title='bbox 2306 2491 2412 2544; x_wconf 90' lang='grc' dir='ltr'>μου</span> <span class='ocrx_word' id='word_1_435' title='bbox 2445 2469 2741 2543; x_wconf 80' lang='grc' dir='ltr'>ὑπνούσης,</span> <span class='ocrx_word' id='word_1_436' title='bbox 2770 2470 2861 2526; x_wconf 87' lang='grc' dir='ltr'>καὶ</span> <span class='ocrx_word' id='word_1_437' title='bbox 2899 2471 3107 2527; x_wconf 63' lang='grc' dir='ltr'>τέθεικε</span> <span class='ocrx_word' id='word_1_438' title='bbox 3159 2471 3223 2527; x_wconf 83' lang='grc' dir='ltr'>τὸ</span> <span class='ocrx_word' id='word_1_439' title='bbox 3271 2471 3467 2542; x_wconf 74' lang='grc' dir='ltr'>ἑαυτῆς</span> <span class='ocrx_word' id='word_1_440' title='bbox 3514 2474 3799 2543; x_wconf 77' lang='grc' dir='ltr'>τεθνηκόςο</span> 
     </span>
    </p>
   </div>
   <div class='ocr_carea' id='block_1_63' title="bbox 2157 2555 3799 2638">
    <p class='ocr_par' dir='ltr' id='par_1_63' title="bbox 2157 2555 3799 2638">
     <span class='ocr_line' id='line_1_63' title="bbox 2157 2555 3799 2638; baseline 0.002 -24"><span class='ocrx_word' id='word_1_441' title='bbox 2157 2557 2298 2634; x_wconf 78' lang='grc' dir='ltr'>ἐμοῦ</span> <span class='ocrx_word' id='word_1_442' title='bbox 2328 2555 2390 2615; x_wconf 77' lang='grc' dir='ltr'>δὶ</span> <span class='ocrx_word' id='word_1_443' title='bbox 2440 2558 2504 2615; x_wconf 85' lang='grc' dir='ltr'>τὸ</span> <span class='ocrx_word' id='word_1_444' title='bbox 2550 2571 2697 2636; x_wconf 79' lang='grc' dir='ltr'>πρωϊ</span> <span class='ocrx_word' id='word_1_445' title='bbox 2751 2559 3054 2632; x_wconf 74' lang='grc' dir='ltr'>ἀναστάσης</span> <span class='ocrx_word' id='word_1_446' title='bbox 3108 2560 3344 2635; x_wconf 74' lang='grc' dir='ltr'>θηλάσκι</span> <span class='ocrx_word' id='word_1_447' title='bbox 3393 2563 3547 2634; x_wconf 83' lang='grc' dir='ltr'>αὐτὸ,</span> <span class='ocrx_word' id='word_1_448' title='bbox 3606 2562 3799 2638; x_wconf 73' lang='grc' dir='ltr'>εὑρέθη</span> 
     </span>
    </p>
   </div>
   <div class='ocr_carea' id='block_1_64' title="bbox 2150 2644 3802 2724">
    <p class='ocr_par' dir='ltr' id='par_1_64' title="bbox 2150 2644 3802 2724">
     <span class='ocr_line' id='line_1_64' title="bbox 2150 2644 3802 2724; baseline 0.003 -22"><span class='ocrx_word' id='word_1_449' title='bbox 2150 2650 2214 2703; x_wconf 87' lang='grc' dir='ltr'>τὸ</span> <span class='ocrx_word' id='word_1_450' title='bbox 2243 2648 2522 2720; x_wconf 85' lang='grc' dir='ltr'>τεθνηκός.</span> <span class='ocrx_word' id='word_1_451' title='bbox 2557 2648 2653 2706; x_wconf 80' lang='grc' dir='ltr'>Καὶ</span> <span class='ocrx_word' id='word_1_452' title='bbox 2677 2652 3069 2724; x_wconf 74' lang='grc' dir='ltr'>καταμαθοῦσα</span> <span class='ocrx_word' id='word_1_453' title='bbox 3127 2647 3272 2707; x_wconf 73' lang='grc' dir='ltr'>εἶδον</span> <span class='ocrx_word' id='word_1_454' title='bbox 3313 2650 3389 2714; x_wconf 82' lang='grc' dir='ltr'>ὠς</span> <span class='ocrx_word' id='word_1_455' title='bbox 3448 2650 3549 2707; x_wconf 76' lang='grc' dir='ltr'>οὐκ</span> <span class='ocrx_word' id='word_1_456' title='bbox 3594 2644 3709 2706; x_wconf 79' lang='grc' dir='ltr'>ἔστι</span> <span class='ocrx_word' id='word_1_457' title='bbox 3734 2652 3802 2709; x_wconf 79' lang='grc' dir='ltr'>τὸ</span> 
     </span>
    </p>
   </div>
   <div class='ocr_carea' id='block_1_65' title="bbox 2150 2732 3807 2815">
    <p class='ocr_par' dir='ltr' id='par_1_65' title="bbox 2150 2732 3807 2815">
     <span class='ocr_line' id='line_1_65' title="bbox 2150 2732 3807 2815; baseline 0.003 -24"><span class='ocrx_word' id='word_1_458' title='bbox 2150 2732 2369 2792; x_wconf 79' lang='grc' dir='ltr'>παιδίον</span> <span class='ocrx_word' id='word_1_459' title='bbox 2402 2756 2527 2810; x_wconf 86' lang='grc' dir='ltr'>μου.</span> <span class='ocrx_word' id='word_1_460' title='bbox 2554 2760 2582 2788; x_wconf 80' lang='grc'><strong>››</strong></span> <span class='ocrx_word' id='word_1_461' title='bbox 2603 2736 2700 2792; x_wconf 81' lang='grc' dir='ltr'>Καὶ</span> <span class='ocrx_word' id='word_1_462' title='bbox 2726 2739 2873 2794; x_wconf 80' lang='grc' dir='ltr'>εἶπεν</span> <span class='ocrx_word' id='word_1_463' title='bbox 2896 2740 2931 2806; x_wconf 82' lang='grc' dir='ltr'><strong>ἡ</strong></span> <span class='ocrx_word' id='word_1_464' title='bbox 2957 2738 3128 2811; x_wconf 65' lang='grc' dir='ltr'>ἕτερα·</span> <span class='ocrx_word' id='word_1_465' title='bbox 3166 2761 3195 2792; x_wconf 78' lang='grc' dir='ltr'>ιι</span> <span class='ocrx_word' id='word_1_466' title='bbox 3224 2738 3397 2815; x_wconf 82' lang='grc' dir='ltr'>Οὐχὶ,</span> <span class='ocrx_word' id='word_1_467' title='bbox 3416 2738 3563 2795; x_wconf 77' lang='grc' dir='ltr'>ἀλλὰ</span> <span class='ocrx_word' id='word_1_468' title='bbox 3581 2741 3672 2796; x_wconf 91' lang='grc' dir='ltr'>σόν</span> <span class='ocrx_word' id='word_1_469' title='bbox 3692 2740 3807 2797; x_wconf 73' lang='grc' dir='ltr'>ἔστι</span> 
     </span>
    </p>
   </div>
   <div class='ocr_carea' id='block_1_66' title="bbox 2151 2823 3798 2903">
    <p class='ocr_par' dir='ltr' id='par_1_66' title="bbox 2151 2823 3798 2903">
     <span class='ocr_line' id='line_1_66' title="bbox 2151 2823 3798 2903; baseline 0.003 -22"><span class='ocrx_word' id='word_1_470' title='bbox 2151 2826 2214 2881; x_wconf 82' lang='grc' dir='ltr'>τὸ</span> <span class='ocrx_word' id='word_1_471' title='bbox 2242 2825 2523 2897; x_wconf 81' lang='grc' dir='ltr'>τεθνηκὸς,</span> <span class='ocrx_word' id='word_1_472' title='bbox 2556 2824 2693 2899; x_wconf 81' lang='grc' dir='ltr'>ἐμὸν</span> <span class='ocrx_word' id='word_1_473' title='bbox 2719 2823 2777 2881; x_wconf 79' lang='grc' dir='ltr'>δὲ</span> <span class='ocrx_word' id='word_1_474' title='bbox 2797 2826 2860 2882; x_wconf 84' lang='grc' dir='ltr'>τὸ</span> <span class='ocrx_word' id='word_1_475' title='bbox 2884 2831 3004 2899; x_wconf 86' lang='grc' dir='ltr'>ζῶν.</span> <span class='ocrx_word' id='word_1_476' title='bbox 3025 2850 3054 2881; x_wconf 74' lang='grc' dir='ltr'>»ι</span> <span class='ocrx_word' id='word_1_477' title='bbox 3079 2827 3180 2885; x_wconf 84' lang='grc' dir='ltr'>Καὶ</span> <span class='ocrx_word' id='word_1_478' title='bbox 3213 2828 3327 2884; x_wconf 74' lang='grc' dir='ltr'>εἶπε</span> <span class='ocrx_word' id='word_1_479' title='bbox 3342 2826 3635 2903; x_wconf 74' lang='grc' dir='ltr'>Σολομῶνο</span> <span class='ocrx_word' id='word_1_480' title='bbox 3661 2853 3689 2883; x_wconf 78' lang='grc' dir='ltr'>οι</span> <span class='ocrx_word' id='word_1_481' title='bbox 3706 2838 3798 2886; x_wconf 84' lang='grc' dir='ltr'>Δι-</span> 
     </span>
    </p>
   </div>
   <div class='ocr_carea' id='block_1_67' title="bbox 2150 2913 3797 2997">
    <p class='ocr_par' dir='ltr' id='par_1_67' title="bbox 2150 2913 3797 2997">
     <span class='ocr_line' id='line_1_67' title="bbox 2150 2913 3797 2997; baseline 0.004 -28"><span class='ocrx_word' id='word_1_482' title='bbox 2150 2915 2503 2990; x_wconf 76' lang='grc' dir='ltr'>χοτομήσατε</span> <span class='ocrx_word' id='word_1_483' title='bbox 2526 2913 2807 2993; x_wconf 84' lang='grc' dir='ltr'>ἀμφότερα</span> <span class='ocrx_word' id='word_1_484' title='bbox 2844 2916 2909 2971; x_wconf 84' lang='grc' dir='ltr'>τὰ</span> <span class='ocrx_word' id='word_1_485' title='bbox 2943 2916 3140 2995; x_wconf 73' lang='grc' dir='ltr'>βρέφη,</span> <span class='ocrx_word' id='word_1_486' title='bbox 3170 2916 3259 2973; x_wconf 85' lang='grc' dir='ltr'>καὶ</span> <span class='ocrx_word' id='word_1_487' title='bbox 3292 2915 3417 2974; x_wconf 84' lang='grc' dir='ltr'>δότε</span> <span class='ocrx_word' id='word_1_488' title='bbox 3464 2918 3797 2997; x_wconf 73' lang='grc' dir='ltr'>ἀμφοτέραις</span> 
     </span>
    </p>
   </div>
   <div class='ocr_carea' id='block_1_68' title="bbox 2147 3002 3796 3081">
    <p class='ocr_par' dir='ltr' id='par_1_68' title="bbox 2147 3002 3796 3081">
     <span class='ocr_line' id='line_1_68' title="bbox 2147 3002 3796 3081; baseline 0.002 -21"><span class='ocrx_word' id='word_1_489' title='bbox 2147 3009 2269 3067; x_wconf 83' lang='grc' dir='ltr'>ταῖς</span> <span class='ocrx_word' id='word_1_490' title='bbox 2297 3004 2533 3081; x_wconf 80' lang='grc' dir='ltr'>γυναιξίν</span> <span class='ocrx_word' id='word_1_491' title='bbox 2580 3004 2686 3060; x_wconf 85' lang='grc' dir='ltr'>ἀπὸ</span> <span class='ocrx_word' id='word_1_492' title='bbox 2744 3008 2854 3061; x_wconf 90' lang='grc' dir='ltr'>τῶν</span> <span class='ocrx_word' id='word_1_493' title='bbox 2903 3002 3001 3065; x_wconf 84' lang='grc' dir='ltr'>δύο</span> <span class='ocrx_word' id='word_1_494' title='bbox 3053 3003 3312 3063; x_wconf 89' lang='grc' dir='ltr'>παιδίων.</span> <span class='ocrx_word' id='word_1_495' title='bbox 3348 3032 3376 3059; x_wconf 78' lang='grc' dir='ltr'>υ</span> <span class='ocrx_word' id='word_1_496' title='bbox 3425 3007 3528 3064; x_wconf 82' lang='grc' dir='ltr'>Καὶ</span> <span class='ocrx_word' id='word_1_497' title='bbox 3583 3007 3730 3064; x_wconf 78' lang='grc' dir='ltr'>εἶπεν</span> <span class='ocrx_word' id='word_1_498' title='bbox 3759 3010 3796 3079; x_wconf 78' lang='grc' dir='ltr'><strong>ἡ</strong></span> 
     </span>
    </p>
   </div>
   <div class='ocr_carea' id='block_1_69' title="bbox 2149 3094 3796 3172">
    <p class='ocr_par' dir='ltr' id='par_1_69' title="bbox 2149 3094 3796 3172">
     <span class='ocr_line' id='line_1_69' title="bbox 2149 3094 3796 3172; baseline 0.002 -24"><span class='ocrx_word' id='word_1_499' title='bbox 2149 3094 2288 3170; x_wconf 75' lang='grc' dir='ltr'>γυνή</span> <span class='ocrx_word' id='word_1_500' title='bbox 2312 3096 2346 3164; x_wconf 77' lang='grc' dir='ltr'><strong>ἡ</strong></span> <span class='ocrx_word' id='word_1_501' title='bbox 2374 3095 2557 3167; x_wconf 76' lang='grc' dir='ltr'>μήτηρ</span> <span class='ocrx_word' id='word_1_502' title='bbox 2576 3097 2674 3149; x_wconf 80' lang='grc' dir='ltr'>τοῦ</span> <span class='ocrx_word' id='word_1_503' title='bbox 2702 3098 2924 3164; x_wconf 73' lang='grc' dir='ltr'>ζῶντος·</span> <span class='ocrx_word' id='word_1_504' title='bbox 2954 3118 2977 3148; x_wconf 79' lang='grc' dir='ltr'>ε</span> <span class='ocrx_word' id='word_1_505' title='bbox 3004 3096 3117 3165; x_wconf 70' lang='grc' dir='ltr'>Μὴ,</span> <span class='ocrx_word' id='word_1_506' title='bbox 3142 3096 3315 3172; x_wconf 84' lang='grc' dir='ltr'>κύριε,</span> <span class='ocrx_word' id='word_1_507' title='bbox 3338 3094 3488 3153; x_wconf 70' lang='grc' dir='ltr'>ἀλλὰ</span> <span class='ocrx_word' id='word_1_508' title='bbox 3515 3094 3639 3153; x_wconf 84' lang='grc' dir='ltr'>δότε</span> <span class='ocrx_word' id='word_1_509' title='bbox 3657 3098 3796 3172; x_wconf 74' lang='grc' dir='ltr'>αὑτῇ</span> 
     </span>
    </p>
   </div>
   <div class='ocr_carea' id='block_1_70' title="bbox 2146 3179 3796 3264">
    <p class='ocr_par' dir='ltr' id='par_1_70' title="bbox 2146 3179 3796 3264">
     <span class='ocr_line' id='line_1_70' title="bbox 2146 3179 3796 3264; baseline 0.001 -24"><span class='ocrx_word' id='word_1_510' title='bbox 2146 3184 2212 3240; x_wconf 84' lang='grc' dir='ltr'>τὸ</span> <span class='ocrx_word' id='word_1_511' title='bbox 2240 3179 2457 3239; x_wconf 84' lang='grc' dir='ltr'>παιδίον</span> <span class='ocrx_word' id='word_1_512' title='bbox 2487 3183 2549 3237; x_wconf 86' lang='grc' dir='ltr'>τὸ</span> <span class='ocrx_word' id='word_1_513' title='bbox 2582 3187 2708 3253; x_wconf 83' lang='grc' dir='ltr'>ζῶν,</span> <span class='ocrx_word' id='word_1_514' title='bbox 2757 3183 2849 3240; x_wconf 82' lang='grc' dir='ltr'>καὶ</span> <span class='ocrx_word' id='word_1_515' title='bbox 2883 3185 2960 3258; x_wconf 79' lang='grc' dir='ltr'>μὴ</span> <span class='ocrx_word' id='word_1_516' title='bbox 3019 3183 3280 3261; x_wconf 76' lang='grc' dir='ltr'>ἀποθάνῃ.</span> <span class='ocrx_word' id='word_1_517' title='bbox 3318 3207 3342 3239; x_wconf 72' lang='grc' dir='ltr'>ι</span> <span class='ocrx_word' id='word_1_518' title='bbox 3402 3186 3463 3242; x_wconf 76' lang='grc' dir='ltr'><strong>ἸΙ</strong></span> <span class='ocrx_word' id='word_1_519' title='bbox 3526 3183 3583 3242; x_wconf 75' lang='grc' dir='ltr'>δὶ</span> <span class='ocrx_word' id='word_1_520' title='bbox 3640 3186 3796 3264; x_wconf 73' lang='grc' dir='ltr'>ἰτὲρα</span> 
     </span>
    </p>
   </div>
   <div class='ocr_carea' id='block_1_71' title="bbox 2150 3270 3791 3348">
    <p class='ocr_par' dir='ltr' id='par_1_71' title="bbox 2150 3270 3791 3348">
     <span class='ocr_line' id='line_1_71' title="bbox 2150 3270 3791 3348; baseline 0.001 -20"><span class='ocrx_word' id='word_1_521' title='bbox 2150 3273 2286 3328; x_wconf 81' lang='grc' dir='ltr'>εἷπε·</span> <span class='ocrx_word' id='word_1_522' title='bbox 2320 3297 2348 3327; x_wconf 73' lang='grc' dir='ltr'>κ</span> <span class='ocrx_word' id='word_1_523' title='bbox 2399 3274 2553 3344; x_wconf 68' lang='grc' dir='ltr'>Μήτι</span> <span class='ocrx_word' id='word_1_524' title='bbox 2580 3277 2740 3347; x_wconf 83' lang='grc' dir='ltr'>αυτῇ,</span> <span class='ocrx_word' id='word_1_525' title='bbox 2777 3276 2917 3348; x_wconf 74' lang='grc' dir='ltr'>μήτε</span> <span class='ocrx_word' id='word_1_526' title='bbox 2946 3273 3072 3348; x_wconf 82' lang='grc' dir='ltr'>ἐμοὶ</span> <span class='ocrx_word' id='word_1_527' title='bbox 3103 3270 3261 3331; x_wconf 68' lang='grc' dir='ltr'>ἔστω·</span> <span class='ocrx_word' id='word_1_528' title='bbox 3317 3273 3522 3332; x_wconf 72' lang='grc' dir='ltr'>διὲλετε</span> <span class='ocrx_word' id='word_1_529' title='bbox 3575 3275 3727 3332; x_wconf 73' lang='grc' dir='ltr'>αὐτό.</span> <span class='ocrx_word' id='word_1_530' title='bbox 3761 3300 3791 3331; x_wconf 90' lang='grc'>››</span> 
     </span>
    </p>
   </div>
   <div class='ocr_carea' id='block_1_72' title="bbox 2150 3361 3795 3440">
    <p class='ocr_par' dir='ltr' id='par_1_72' title="bbox 2150 3361 3795 3440">
     <span class='ocr_line' id='line_1_72' title="bbox 2150 3361 3795 3440; baseline 0.001 -20"><span class='ocrx_word' id='word_1_531' title='bbox 2150 3362 2253 3421; x_wconf 82' lang='grc' dir='ltr'>Καὶ</span> <span class='ocrx_word' id='word_1_532' title='bbox 2283 3363 2548 3439; x_wconf 81' lang='grc' dir='ltr'>ἀπεκρίθη</span> <span class='ocrx_word' id='word_1_533' title='bbox 2576 3362 2605 3417; x_wconf 82' lang='grc' dir='ltr'><strong>ὁ</strong></span> <span class='ocrx_word' id='word_1_534' title='bbox 2639 3361 2916 3438; x_wconf 85' lang='grc' dir='ltr'>βασιλεύς·</span> <span class='ocrx_word' id='word_1_535' title='bbox 2956 3386 2979 3416; x_wconf 76' lang='grc' dir='ltr'>ε</span> <span class='ocrx_word' id='word_1_536' title='bbox 3014 3362 3221 3420; x_wconf 78' lang='grc' dir='ltr'>Δότετὸ</span> <span class='ocrx_word' id='word_1_537' title='bbox 3251 3363 3467 3421; x_wconf 81' lang='grc' dir='ltr'>παιδίον</span> <span class='ocrx_word' id='word_1_538' title='bbox 3490 3365 3555 3421; x_wconf 81' lang='grc' dir='ltr'>τὸ</span> <span class='ocrx_word' id='word_1_539' title='bbox 3585 3369 3692 3436; x_wconf 79' lang='grc' dir='ltr'>ζῶν</span> <span class='ocrx_word' id='word_1_540' title='bbox 3722 3367 3795 3440; x_wconf 78' lang='grc' dir='ltr'>τῇ</span> 
     </span>
    </p>
   </div>
   <div class='ocr_carea' id='block_1_73' title="bbox 2148 3448 3792 3526">
    <p class='ocr_par' dir='ltr' id='par_1_73' title="bbox 2148 3448 3792 3526">
     <span class='ocr_line' id='line_1_73' title="bbox 2148 3448 3792 3526; baseline 0.002 -21"><span class='ocrx_word' id='word_1_541' title='bbox 2148 3451 2226 3523; x_wconf 78' lang='grc' dir='ltr'>μὴ</span> <span class='ocrx_word' id='word_1_542' title='bbox 2260 3448 2538 3525; x_wconf 73' lang='grc' dir='ltr'>θελησάσῃ</span> <span class='ocrx_word' id='word_1_543' title='bbox 2565 3450 2781 3526; x_wconf 85' lang='grc' dir='ltr'>γυναικὶ</span> <span class='ocrx_word' id='word_1_544' title='bbox 2812 3451 3095 3506; x_wconf 77' lang='grc' dir='ltr'>ἀποθανεῖν</span> <span class='ocrx_word' id='word_1_545' title='bbox 3125 3450 3276 3523; x_wconf 81' lang='grc' dir='ltr'>αὐτὸ,</span> <span class='ocrx_word' id='word_1_546' title='bbox 3311 3453 3394 3508; x_wconf 80' lang='grc' dir='ltr'>ὅτι</span> <span class='ocrx_word' id='word_1_547' title='bbox 3453 3451 3622 3523; x_wconf 70' lang='grc' dir='ltr'>αὐτῆς</span> <span class='ocrx_word' id='word_1_548' title='bbox 3677 3452 3792 3509; x_wconf 70' lang='grc' dir='ltr'>ἐστι</span> 
     </span>
    </p>
   </div>
   <div class='ocr_carea' id='block_1_74' title="bbox 2142 3537 2394 3599">
    <p class='ocr_par' dir='ltr' id='par_1_74' title="bbox 2142 3537 2394 3599">
     <span class='ocr_line' id='line_1_74' title="bbox 2142 3537 2394 3599; baseline -0.016 -4"><span class='ocrx_word' id='word_1_549' title='bbox 2142 3537 2346 3599; x_wconf 71' lang='grc' dir='ltr'>τεκνον.</span> <span class='ocrx_word' id='word_1_550' title='bbox 2366 3562 2394 3591; x_wconf 81' lang='lat'><strong>»</strong></span> 
     </span>
    </p>
   </div>
   <div class='ocr_carea' id='block_1_75' title="bbox 388 3630 3072 3708">
    <p class='ocr_par' dir='ltr' id='par_1_75' title="bbox 388 3630 3072 3708">
     <span class='ocr_line' id='line_1_75' title="bbox 388 3630 3072 3708; baseline -0.001 -17"><span class='ocrx_word' id='word_1_551' title='bbox 388 3634 441 3691; x_wconf 86' lang='lat' dir='ltr'>ei</span> <span class='ocrx_word' id='word_1_552' title='bbox 475 3651 606 3691; x_wconf 88' lang='lat' dir='ltr'>esse</span> <span class='ocrx_word' id='word_1_553' title='bbox 635 3635 873 3692; x_wconf 88' lang='lat' dir='ltr'>mulieri</span> <span class='ocrx_word' id='word_1_554' title='bbox 905 3635 1190 3701; x_wconf 90' lang='lat' dir='ltr'>dandum,</span> <span class='ocrx_word' id='word_1_555' title='bbox 1217 3653 1348 3708; x_wconf 70' lang='lat' dir='ltr'>quas</span> <span class='ocrx_word' id='word_1_556' title='bbox 1380 3653 1515 3692; x_wconf 90' lang='lat' dir='ltr'>eum</span> <span class='ocrx_word' id='word_1_557' title='bbox 1548 3637 1698 3692; x_wconf 88' lang='lat' dir='ltr'>mori</span> <span class='ocrx_word' id='word_1_558' title='bbox 1729 3637 2025 3694; x_wconf 90' lang='lat' dir='ltr'>noluisset</span> <span class='ocrx_word' id='word_1_559' title='bbox 2053 3650 2067 3691; x_wconf 89' lang='lat'><strong>:</strong></span> <span class='ocrx_word' id='word_1_560' title='bbox 2100 3632 2257 3689; x_wconf 90' lang='lat' dir='ltr'>hanc</span> <span class='ocrx_word' id='word_1_561' title='bbox 2287 3630 2450 3687; x_wconf 91' lang='lat' dir='ltr'>enim</span> <span class='ocrx_word' id='word_1_562' title='bbox 2480 3646 2609 3687; x_wconf 89' lang='lat' dir='ltr'>esse</span> <span class='ocrx_word' id='word_1_563' title='bbox 2639 3631 2770 3704; x_wconf 92' lang='lat' dir='ltr'>ejus</span> <span class='ocrx_word' id='word_1_564' title='bbox 2801 3636 3072 3688; x_wconf 88' lang='lat' dir='ltr'>matrem.</span> 
     </span>
    </p>
   </div>
   <div class='ocr_carea' id='block_1_76' title="bbox 384 3722 2030 3796">
    <p class='ocr_par' dir='ltr' id='par_1_76' title="bbox 384 3722 2030 3796">
     <span class='ocr_line' id='line_1_76' title="bbox 384 3722 2030 3796; baseline 0.001 -19"><span class='ocrx_word' id='word_1_565' title='bbox 384 3743 392 3751; x_wconf 69' lang='grc'><em>’</em></span> <span class='ocrx_word' id='word_1_566' title='bbox 454 3722 746 3778; x_wconf 86' lang='lat' dir='ltr'>Disseruit</span> <span class='ocrx_word' id='word_1_567' title='bbox 774 3723 1053 3779; x_wconf 90' lang='lat' dir='ltr'>Solomon</span> <span class='ocrx_word' id='word_1_568' title='bbox 1083 3723 1156 3779; x_wconf 92' lang='lat' dir='ltr'>de</span> <span class='ocrx_word' id='word_1_569' title='bbox 1187 3724 1471 3796; x_wconf 82' lang='lat' dir='ltr'>stirpibus</span> <span class='ocrx_word' id='word_1_570' title='bbox 1503 3740 1539 3780; x_wconf 89' lang='lat' dir='ltr'>a</span> <span class='ocrx_word' id='word_1_571' title='bbox 1594 3725 1768 3780; x_wconf 90' lang='lat' dir='ltr'>cedro</span> <span class='ocrx_word' id='word_1_572' title='bbox 1829 3723 2030 3780; x_wconf 88' lang='lat' dir='ltr'>Libani</span> 
     </span>
    </p>
   </div>
   <div class='ocr_carea' id='block_1_77' title="bbox 382 3811 2030 3885">
    <p class='ocr_par' dir='ltr' id='par_1_77' title="bbox 382 3811 2030 3885">
     <span class='ocr_line' id='line_1_77' title="bbox 382 3811 2030 3885; baseline 0.001 -18"><span class='ocrx_word' id='word_1_573' title='bbox 382 3828 571 3883; x_wconf 91' lang='lat' dir='ltr'>usque</span> <span class='ocrx_word' id='word_1_574' title='bbox 603 3811 677 3867; x_wconf 90' lang='lat' dir='ltr'>ad</span> <span class='ocrx_word' id='word_1_575' title='bbox 705 3812 1029 3885; x_wconf 86' lang='lat' dir='ltr'>hyssopum</span> <span class='ocrx_word' id='word_1_576' title='bbox 1060 3829 1130 3869; x_wconf 86' lang='lat' dir='ltr'><strong>ex</strong></span> <span class='ocrx_word' id='word_1_577' title='bbox 1152 3830 1322 3869; x_wconf 90' lang='lat' dir='ltr'>muro</span> <span class='ocrx_word' id='word_1_578' title='bbox 1347 3820 1725 3870; x_wconf 90' lang='lat' dir='ltr'>enascentem</span> <span class='ocrx_word' id='word_1_579' title='bbox 1751 3832 1765 3883; x_wconf 93' lang='lat'><strong>;</strong></span> <span class='ocrx_word' id='word_1_580' title='bbox 1792 3815 1932 3869; x_wconf 91' lang='lat' dir='ltr'>item</span> <span class='ocrx_word' id='word_1_581' title='bbox 1957 3813 2030 3870; x_wconf 89' lang='lat' dir='ltr'>de</span> 
     </span>
    </p>
   </div>
   <div class='ocr_carea' id='block_1_78' title="bbox 378 3902 2029 3977">
    <p class='ocr_par' dir='ltr' id='par_1_78' title="bbox 378 3902 2029 3977">
     <span class='ocr_line' id='line_1_78' title="bbox 378 3902 2029 3977; baseline 0.002 -20"><span class='ocrx_word' id='word_1_582' title='bbox 378 3903 727 3973; x_wconf 88' lang='lat' dir='ltr'>pecudibus,</span> <span class='ocrx_word' id='word_1_583' title='bbox 759 3902 953 3975; x_wconf 91' lang='lat' dir='ltr'>iisque</span> <span class='ocrx_word' id='word_1_584' title='bbox 985 3921 1118 3975; x_wconf 66' lang='lat' dir='ltr'>qua:</span> <span class='ocrx_word' id='word_1_585' title='bbox 1151 3904 1314 3959; x_wconf 86' lang='lat' dir='ltr'>humi</span> <span class='ocrx_word' id='word_1_586' title='bbox 1341 3910 1576 3977; x_wconf 86' lang='lat' dir='ltr'>repunt,</span> <span class='ocrx_word' id='word_1_587' title='bbox 1601 3904 1672 3960; x_wconf 90' lang='lat' dir='ltr'>de</span> <span class='ocrx_word' id='word_1_588' title='bbox 1693 3905 2029 3961; x_wconf 80' lang='lat' dir='ltr'>volucribus</span> 
     </span>
    </p>
   </div>
   <div class='ocr_carea' id='block_1_79' title="bbox 379 3992 2024 4066">
    <p class='ocr_par' dir='ltr' id='par_1_79' title="bbox 379 3992 2024 4066">
     <span class='ocr_line' id='line_1_79' title="bbox 379 3992 2024 4066; baseline 0.002 -20"><span class='ocrx_word' id='word_1_589' title='bbox 379 3996 439 4046; x_wconf 89' lang='lat' dir='ltr'><strong>et</strong></span> <span class='ocrx_word' id='word_1_590' title='bbox 467 3992 748 4063; x_wconf 90' lang='lat' dir='ltr'>piscibus,</span> <span class='ocrx_word' id='word_1_591' title='bbox 779 3992 933 4048; x_wconf 86' lang='lat' dir='ltr'>vires</span> <span class='ocrx_word' id='word_1_592' title='bbox 964 4009 1167 4048; x_wconf 91' lang='lat' dir='ltr'>eorum</span> <span class='ocrx_word' id='word_1_593' title='bbox 1201 3999 1377 4064; x_wconf 89' lang='lat' dir='ltr'>atque</span> <span class='ocrx_word' id='word_1_594' title='bbox 1406 3994 1670 4050; x_wconf 87' lang='lat' dir='ltr'>actiones</span> <span class='ocrx_word' id='word_1_595' title='bbox 1700 3994 2024 4066; x_wconf 82' lang='lat' dir='ltr'>explicans,</span> 
     </span>
    </p>
   </div>
   <div class='ocr_carea' id='block_1_80' title="bbox 376 4081 2027 4154">
    <p class='ocr_par' dir='ltr' id='par_1_80' title="bbox 376 4081 2027 4154">
     <span class='ocr_line' id='line_1_80' title="bbox 376 4081 2027 4154; baseline 0.002 -19"><span class='ocrx_word' id='word_1_596' title='bbox 376 4081 464 4135; x_wconf 91' lang='lat' dir='ltr'>uti</span> <span class='ocrx_word' id='word_1_597' title='bbox 492 4082 782 4154; x_wconf 80' lang='lat' dir='ltr'>Josephus</span> <span class='ocrx_word' id='word_1_598' title='bbox 812 4082 1013 4138; x_wconf 81' lang='lat' dir='ltr'>refert.</span> <span class='ocrx_word' id='word_1_599' title='bbox 1039 4082 1474 4139; x_wconf 89' lang='lat' dir='ltr'>lncantationes</span> <span class='ocrx_word' id='word_1_600' title='bbox 1496 4099 1731 4154; x_wconf 91' lang='lat' dir='ltr'>quoque</span> <span class='ocrx_word' id='word_1_601' title='bbox 1748 4089 1805 4138; x_wconf 92' lang='lat' dir='ltr'>et</span> <span class='ocrx_word' id='word_1_602' title='bbox 1819 4099 2027 4139; x_wconf 82' lang='lat' dir='ltr'>excan-</span> 
     </span>
    </p>
   </div>
   <div class='ocr_carea' id='block_1_81' title="bbox 377 4171 2021 4243">
    <p class='ocr_par' dir='ltr' id='par_1_81' title="bbox 377 4171 2021 4243">
     <span class='ocr_line' id='line_1_81' title="bbox 377 4171 2021 4243; baseline 0.002 -19"><span class='ocrx_word' id='word_1_603' title='bbox 377 4171 634 4226; x_wconf 87' lang='lat' dir='ltr'>tationes</span> <span class='ocrx_word' id='word_1_604' title='bbox 664 4171 1005 4227; x_wconf 65' lang='lat' dir='ltr'>daemonum</span> <span class='ocrx_word' id='word_1_605' title='bbox 1036 4173 1284 4240; x_wconf 84' lang='lat' dir='ltr'>invenit,</span> <span class='ocrx_word' id='word_1_606' title='bbox 1318 4172 1535 4243; x_wconf 90' lang='lat' dir='ltr'>quibus</span> <span class='ocrx_word' id='word_1_607' title='bbox 1566 4172 1808 4243; x_wconf 89' lang='lat' dir='ltr'>quidam</span> <span class='ocrx_word' id='word_1_608' title='bbox 1835 4172 2021 4229; x_wconf 64' lang='lat' dir='ltr'>Judaei</span> 
     </span>
    </p>
   </div>
   <div class='ocr_carea' id='block_1_82' title="bbox 376 4258 2021 4334">
    <p class='ocr_par' dir='ltr' id='par_1_82' title="bbox 376 4258 2021 4334">
     <span class='ocr_line' id='line_1_82' title="bbox 376 4258 2021 4334; baseline 0.003 -21"><span class='ocrx_word' id='word_1_609' title='bbox 376 4263 610 4313; x_wconf 74' lang='lat' dir='ltr'>utentes</span> <span class='ocrx_word' id='word_1_610' title='bbox 641 4258 944 4315; x_wconf 66' lang='lat' dir='ltr'>daemonas</span> <span class='ocrx_word' id='word_1_611' title='bbox 972 4259 1302 4331; x_wconf 79' lang='lat' dir='ltr'>exigebant.</span> <span class='ocrx_word' id='word_1_612' title='bbox 1344 4261 1593 4317; x_wconf 87' lang='lat' dir='ltr'>Naribus</span> <span class='ocrx_word' id='word_1_613' title='bbox 1641 4262 1771 4334; x_wconf 89' lang='lat' dir='ltr'>ejus</span> <span class='ocrx_word' id='word_1_614' title='bbox 1826 4263 1927 4334; x_wconf 90' lang='lat' dir='ltr'>qui</span> <span class='ocrx_word' id='word_1_615' title='bbox 1985 4279 2021 4319; x_wconf 90' lang='lat' dir='ltr'>a</span> 
     </span>
    </p>
   </div>
   <div class='ocr_carea' id='block_1_83' title="bbox 375 4344 2016 4425">
    <p class='ocr_par' dir='ltr' id='par_1_83' title="bbox 375 4344 2016 4425">
     <span class='ocr_line' id='line_1_83' title="bbox 375 4344 2016 4425; baseline 0.005 -27"><span class='ocrx_word' id='word_1_616' title='bbox 375 4344 667 4400; x_wconf 68' lang='lat' dir='ltr'>daamonio</span> <span class='ocrx_word' id='word_1_617' title='bbox 688 4345 1073 4403; x_wconf 90' lang='lat' dir='ltr'>obsidebatur</span> <span class='ocrx_word' id='word_1_618' title='bbox 1091 4348 1381 4404; x_wconf 91' lang='lat' dir='ltr'>annulum</span> <span class='ocrx_word' id='word_1_619' title='bbox 1404 4349 1743 4420; x_wconf 88' lang='lat' dir='ltr'>quemdam,</span> <span class='ocrx_word' id='word_1_620' title='bbox 1768 4351 1828 4405; x_wconf 91' lang='lat' dir='ltr'>in</span> <span class='ocrx_word' id='word_1_621' title='bbox 1847 4352 2016 4425; x_wconf 89' lang='lat' dir='ltr'>cujus</span> 
     </span>
    </p>
   </div>
   <div class='ocr_carea' id='block_1_84' title="bbox 374 4432 2021 4503">
    <p class='ocr_par' dir='ltr' id='par_1_84' title="bbox 374 4432 2021 4503">
     <span class='ocr_line' id='line_1_84' title="bbox 374 4432 2021 4503; baseline 0.007 -18"><span class='ocrx_word' id='word_1_622' title='bbox 374 4432 498 4503; x_wconf 87' lang='lat' dir='ltr'>pila</span> <span class='ocrx_word' id='word_1_623' title='bbox 528 4433 694 4489; x_wconf 83' lang='lat' dir='ltr'>radix</span> <span class='ocrx_word' id='word_1_624' title='bbox 728 4439 857 4490; x_wconf 90' lang='lat' dir='ltr'>erat</span> <span class='ocrx_word' id='word_1_625' title='bbox 884 4451 920 4490; x_wconf 90' lang='lat' dir='ltr'>a</span> <span class='ocrx_word' id='word_1_626' title='bbox 950 4435 1268 4493; x_wconf 92' lang='lat' dir='ltr'>Solomone</span> <span class='ocrx_word' id='word_1_627' title='bbox 1303 4438 1378 4493; x_wconf 89' lang='lat' dir='ltr'>ad</span> <span class='ocrx_word' id='word_1_628' title='bbox 1405 4438 1514 4494; x_wconf 90' lang='lat' dir='ltr'>hos</span> <span class='ocrx_word' id='word_1_629' title='bbox 1568 4456 1716 4495; x_wconf 88' lang='lat' dir='ltr'>usus</span> <span class='ocrx_word' id='word_1_630' title='bbox 1771 4440 2021 4497; x_wconf 86' lang='lat' dir='ltr'>demon-</span> 
     </span>
    </p>
   </div>
   <div class='ocr_carea' id='block_1_85' title="bbox 376 4520 2017 4600">
    <p class='ocr_par' dir='ltr' id='par_1_85' title="bbox 376 4520 2017 4600">
     <span class='ocr_line' id='line_1_85' title="bbox 376 4520 2017 4600; baseline 0.007 -25"><span class='ocrx_word' id='word_1_631' title='bbox 376 4526 578 4589; x_wconf 87' lang='lat' dir='ltr'>strata,</span> <span class='ocrx_word' id='word_1_632' title='bbox 612 4520 995 4595; x_wconf 89' lang='lat' dir='ltr'>adhibebant,</span> <span class='ocrx_word' id='word_1_633' title='bbox 1029 4531 1093 4581; x_wconf 94' lang='lat' dir='ltr'>ut</span> <span class='ocrx_word' id='word_1_634' title='bbox 1132 4524 1415 4583; x_wconf 82' lang='lat' dir='ltr'>olfaceret</span> <span class='ocrx_word' id='word_1_635' title='bbox 1447 4545 1461 4583; x_wconf 91' lang='lat'>:</span> <span class='ocrx_word' id='word_1_636' title='bbox 1519 4530 1649 4600; x_wconf 88' lang='lat' dir='ltr'>ejus</span> <span class='ocrx_word' id='word_1_637' title='bbox 1704 4531 1757 4585; x_wconf 90' lang='lat' dir='ltr'>vi</span> <span class='ocrx_word' id='word_1_638' title='bbox 1818 4530 2017 4586; x_wconf 88' lang='lat' dir='ltr'>statim</span> 
     </span>
    </p>
   </div>
   <div class='ocr_carea' id='block_1_86' title="bbox 371 4610 2017 4692">
    <p class='ocr_par' dir='ltr' id='par_1_86' title="bbox 371 4610 2017 4692">
     <span class='ocr_line' id='line_1_86' title="bbox 371 4610 2017 4692; baseline 0.006 -26"><span class='ocrx_word' id='word_1_639' title='bbox 371 4610 607 4667; x_wconf 69' lang='lat' dir='ltr'>daemon</span> <span class='ocrx_word' id='word_1_640' title='bbox 656 4612 1083 4685; x_wconf 79' lang='lat' dir='ltr'>expellebatur.</span> <span class='ocrx_word' id='word_1_641' title='bbox 1143 4619 1504 4689; x_wconf 81' lang='lat' dir='ltr'>Argumenta</span> <span class='ocrx_word' id='word_1_642' title='bbox 1560 4624 1687 4674; x_wconf 87' lang='lat' dir='ltr'>erat</span> <span class='ocrx_word' id='word_1_643' title='bbox 1739 4619 2017 4692; x_wconf 91' lang='lat' dir='ltr'>poculum</span> 
     </span>
    </p>
   </div>
   <div class='ocr_carea' id='block_1_87' title="bbox 370 4700 2016 4780">
    <p class='ocr_par' dir='ltr' id='par_1_87' title="bbox 370 4700 2016 4780">
     <span class='ocr_line' id='line_1_87' title="bbox 370 4700 2016 4780; baseline 0.006 -25"><span class='ocrx_word' id='word_1_644' title='bbox 370 4706 473 4756; x_wconf 90' lang='lat' dir='ltr'>aut</span> <span class='ocrx_word' id='word_1_645' title='bbox 506 4700 667 4756; x_wconf 88' lang='lat' dir='ltr'>aliud</span> <span class='ocrx_word' id='word_1_646' title='bbox 699 4718 797 4759; x_wconf 88' lang='lat' dir='ltr'>vas</span> <span class='ocrx_word' id='word_1_647' title='bbox 821 4719 978 4775; x_wconf 91' lang='lat' dir='ltr'>aqua</span> <span class='ocrx_word' id='word_1_648' title='bbox 1002 4704 1270 4777; x_wconf 90' lang='lat' dir='ltr'>plenum,</span> <span class='ocrx_word' id='word_1_649' title='bbox 1303 4706 1460 4777; x_wconf 90' lang='lat' dir='ltr'>quod</span> <span class='ocrx_word' id='word_1_650' title='bbox 1482 4707 1759 4780; x_wconf 87' lang='lat' dir='ltr'>fugiendo</span> <span class='ocrx_word' id='word_1_651' title='bbox 1782 4708 2016 4765; x_wconf 69' lang='lat' dir='ltr'>daemon</span> 
     </span>
    </p>
   </div>
   <div class='ocr_carea' id='block_1_88' title="bbox 367 4790 829 4851">
    <p class='ocr_par' dir='ltr' id='par_1_88' title="bbox 367 4790 829 4851">
     <span class='ocr_line' id='line_1_88' title="bbox 367 4790 829 4851; baseline 0.006 -3"><span class='ocrx_word' id='word_1_652' title='bbox 367 4790 829 4851; x_wconf 86' lang='lat' dir='ltr'>comminuebat.</span> 
     </span>
    </p>
   </div>
   <div class='ocr_carea' id='block_1_89' title="bbox 440 4953 2013 5029">
    <p class='ocr_par' dir='ltr' id='par_1_89' title="bbox 440 4953 2013 5029">
     <span class='ocr_line' id='line_1_89' title="bbox 440 4953 2013 5029; baseline 0.006 -21"><span class='ocrx_word' id='word_1_653' title='bbox 440 4953 717 5011; x_wconf 90' lang='lat' dir='ltr'>Solomon</span> <span class='ocrx_word' id='word_1_654' title='bbox 747 4955 1035 5027; x_wconf 90' lang='lat' dir='ltr'>templum</span> <span class='ocrx_word' id='word_1_655' title='bbox 1061 4956 1165 5013; x_wconf 91' lang='lat' dir='ltr'>Dei</span> <span class='ocrx_word' id='word_1_656' title='bbox 1197 4974 1334 5014; x_wconf 90' lang='lat' dir='ltr'>cum</span> <span class='ocrx_word' id='word_1_657' title='bbox 1364 4958 1730 5029; x_wconf 80' lang='lat' dir='ltr'>absolvisset,</span> <span class='ocrx_word' id='word_1_658' title='bbox 1771 4960 2013 5018; x_wconf 83' lang='lat' dir='ltr'>dedica-</span> 
     </span>
    </p>
   </div>
   <div class='ocr_carea' id='block_1_90' title="bbox 365 5040 2010 5117">
    <p class='ocr_par' dir='ltr' id='par_1_90' title="bbox 365 5040 2010 5117">
     <span class='ocr_line' id='line_1_90' title="bbox 365 5040 2010 5117; baseline 0.009 -26"><span class='ocrx_word' id='word_1_659' title='bbox 365 5040 469 5106; x_wconf 92' lang='lat' dir='ltr'>vit,</span> <span class='ocrx_word' id='word_1_660' title='bbox 501 5043 774 5098; x_wconf 88' lang='lat' dir='ltr'>mactatis</span> <span class='ocrx_word' id='word_1_661' title='bbox 807 5043 882 5099; x_wconf 89' lang='lat' dir='ltr'>ad</span> <span class='ocrx_word' id='word_1_662' title='bbox 913 5044 1203 5101; x_wconf 82' lang='lat' dir='ltr'>sacriﬁcia</span> <span class='ocrx_word' id='word_1_663' title='bbox 1232 5047 1551 5103; x_wconf 86' lang='lat' dir='ltr'>vitulorum</span> <span class='ocrx_word' id='word_1_664' title='bbox 1598 5048 1668 5102; x_wconf 85' lang='lat'>22</span> <span class='ocrx_word' id='word_1_665' title='bbox 1726 5048 2010 5117; x_wconf 87' lang='lat' dir='ltr'>millibus,</span> 
     </span>
    </p>
   </div>
   <div class='ocr_carea' id='block_1_91' title="bbox 365 5126 2010 5210">
    <p class='ocr_par' dir='ltr' id='par_1_91' title="bbox 365 5126 2010 5210">
     <span class='ocr_line' id='line_1_91' title="bbox 365 5126 2010 5210; baseline 0.011 -33"><span class='ocrx_word' id='word_1_666' title='bbox 365 5126 559 5183; x_wconf 89' lang='lat' dir='ltr'>ovium</span> <span class='ocrx_word' id='word_1_667' title='bbox 588 5131 856 5188; x_wconf 90' lang='lat' dir='ltr'>millibus</span> <span class='ocrx_word' id='word_1_668' title='bbox 891 5135 1007 5188; x_wconf 77' lang='lat'>120.</span> <span class='ocrx_word' id='word_1_669' title='bbox 1044 5134 1297 5206; x_wconf 90' lang='lat' dir='ltr'>Diesque</span> <span class='ocrx_word' id='word_1_670' title='bbox 1328 5135 1512 5192; x_wconf 86' lang='lat' dir='ltr'>festos</span> <span class='ocrx_word' id='word_1_671' title='bbox 1542 5144 1767 5209; x_wconf 89' lang='lat' dir='ltr'>septem</span> <span class='ocrx_word' id='word_1_672' title='bbox 1809 5139 2010 5210; x_wconf 86' lang='lat' dir='ltr'>splen-</span> 
     </span>
    </p>
   </div>
   <div class='ocr_carea' id='block_1_92' title="bbox 364 5211 2010 5298">
    <p class='ocr_par' dir='ltr' id='par_1_92' title="bbox 364 5211 2010 5298">
     <span class='ocr_line' id='line_1_92' title="bbox 364 5211 2010 5298; baseline 0.011 -32"><span class='ocrx_word' id='word_1_673' title='bbox 364 5211 498 5267; x_wconf 86' lang='lat' dir='ltr'>dide</span> <span class='ocrx_word' id='word_1_674' title='bbox 530 5217 647 5287; x_wconf 83' lang='lat' dir='ltr'>egit</span> <span class='ocrx_word' id='word_1_675' title='bbox 673 5234 686 5272; x_wconf 88' lang='lat'><strong>:</strong></span> <span class='ocrx_word' id='word_1_676' title='bbox 719 5227 923 5276; x_wconf 87' lang='lat' dir='ltr'>octavo</span> <span class='ocrx_word' id='word_1_677' title='bbox 956 5223 1238 5294; x_wconf 87' lang='lat' dir='ltr'>populum</span> <span class='ocrx_word' id='word_1_678' title='bbox 1267 5224 1461 5280; x_wconf 88' lang='lat' dir='ltr'>fausta</span> <span class='ocrx_word' id='word_1_679' title='bbox 1490 5233 1898 5298; x_wconf 88' lang='lat' dir='ltr'>comprecatus</span> <span class='ocrx_word' id='word_1_680' title='bbox 1921 5228 2010 5283; x_wconf 86' lang='lat' dir='ltr'>di-</span> 
     </span>
    </p>
   </div>
   <div class='ocr_carea' id='block_1_93' title="bbox 361 5299 2013 5389">
    <p class='ocr_par' dir='ltr' id='par_1_93' title="bbox 361 5299 2013 5389">
     <span class='ocr_line' id='line_1_93' title="bbox 361 5299 2013 5389; baseline 0.013 -36"><span class='ocrx_word' id='word_1_681' title='bbox 361 5299 540 5389; x_wconf 82' lang='lat' dir='ltr'>misit.</span> <span class='ocrx_word' id='word_1_682' title='bbox 558 5304 695 5360; x_wconf 90' lang='lat' dir='ltr'>Post</span> <span class='ocrx_word' id='word_1_683' title='bbox 716 5316 985 5378; x_wconf 86' lang='lat' dir='ltr'>peractas</span> <span class='ocrx_word' id='word_1_684' title='bbox 1016 5328 1123 5382; x_wconf 87' lang='lat' dir='ltr'>pro</span> <span class='ocrx_word' id='word_1_685' title='bbox 1155 5313 1378 5385; x_wconf 86' lang='lat' dir='ltr'>templo</span> <span class='ocrx_word' id='word_1_686' title='bbox 1411 5321 1470 5369; x_wconf 91' lang='lat' dir='ltr'><strong>et</strong></span> <span class='ocrx_word' id='word_1_687' title='bbox 1496 5315 1711 5387; x_wconf 89' lang='lat' dir='ltr'>populo</span> <span class='ocrx_word' id='word_1_688' title='bbox 1735 5315 2013 5389; x_wconf 88' lang='lat' dir='ltr'>depreca-</span> 
     </span>
    </p>
   </div>
   <div class='ocr_carea' id='block_1_94' title="bbox 362 5388 2008 5473">
    <p class='ocr_par' dir='ltr' id='par_1_94' title="bbox 362 5388 2008 5473">
     <span class='ocr_line' id='line_1_94' title="bbox 362 5388 2008 5473; baseline 0.013 -29"><span class='ocrx_word' id='word_1_689' title='bbox 362 5388 573 5458; x_wconf 88' lang='lat' dir='ltr'>tiones,</span> <span class='ocrx_word' id='word_1_690' title='bbox 594 5392 745 5451; x_wconf 88' lang='lat' dir='ltr'>Deus</span> <span class='ocrx_word' id='word_1_691' title='bbox 768 5397 821 5452; x_wconf 92' lang='lat' dir='ltr'><strong>ei</strong></span> <span class='ocrx_word' id='word_1_692' title='bbox 838 5400 1132 5470; x_wconf 89' lang='lat' dir='ltr'>apparuit,</span> <span class='ocrx_word' id='word_1_693' title='bbox 1148 5402 1350 5473; x_wconf 89' lang='lat' dir='ltr'>itaque</span> <span class='ocrx_word' id='word_1_694' title='bbox 1368 5408 1460 5458; x_wconf 92' lang='lat' dir='ltr'>est</span> <span class='ocrx_word' id='word_1_695' title='bbox 1478 5403 1634 5461; x_wconf 85' lang='lat' dir='ltr'>fatus</span> <span class='ocrx_word' id='word_1_696' title='bbox 1654 5403 1730 5461; x_wconf 66' lang='lat'>52:</span> <span class='ocrx_word' id='word_1_697' title='bbox 1757 5428 1786 5455; x_wconf 85' lang='lat'>«</span> <span class='ocrx_word' id='word_1_698' title='bbox 1817 5388 2008 5465; x_wconf 76' lang='lat' dir='ltr'>Exau-</span> 
     </span>
    </p>
   </div>
   <div class='ocr_carea' id='block_1_95' title="bbox 357 5477 2005 5566">
    <p class='ocr_par' dir='ltr' id='par_1_95' title="bbox 357 5477 2005 5566">
     <span class='ocr_line' id='line_1_95' title="bbox 357 5477 2005 5566; baseline 0.012 -31"><span class='ocrx_word' id='word_1_699' title='bbox 357 5477 473 5535; x_wconf 88' lang='lat' dir='ltr'>divi</span> <span class='ocrx_word' id='word_1_700' title='bbox 496 5495 698 5537; x_wconf 88' lang='lat' dir='ltr'>vocem</span> <span class='ocrx_word' id='word_1_701' title='bbox 722 5489 834 5540; x_wconf 67' lang='lat' dir='ltr'>tua;</span> <span class='ocrx_word' id='word_1_702' title='bbox 854 5488 1234 5559; x_wconf 89' lang='lat' dir='ltr'>precationis,</span> <span class='ocrx_word' id='word_1_703' title='bbox 1264 5491 1872 5566; x_wconf 80' lang='lat' dir='ltr'>templumque,quod</span> <span class='ocrx_word' id='word_1_704' title='bbox 1904 5514 2005 5554; x_wconf 83' lang='lat' dir='ltr'>ex-</span> 
     </span>
    </p>
   </div>
   <div class='ocr_carea' id='block_1_96' title="bbox 433 5648 834 5725">
    <p class='ocr_par' dir='ltr' id='par_1_96' title="bbox 433 5648 834 5725">
     <span class='ocr_line' id='line_1_96' title="bbox 433 5648 834 5725; baseline 0.005 -17"><span class='ocrx_word' id='word_1_705' title='bbox 433 5648 480 5685; x_wconf 82' lang='grc'>⁸³</span> <span class='ocrx_word' id='word_1_706' title='bbox 505 5651 558 5708; x_wconf 88' lang='grc' dir='ltr'>ΙΙ</span> <span class='ocrx_word' id='word_1_707' title='bbox 588 5652 727 5725; x_wconf 86' lang='lat' dir='ltr'>Reg.</span> <span class='ocrx_word' id='word_1_708' title='bbox 758 5669 834 5710; x_wconf 77' lang='lat' dir='ltr'>ix.</span> 
     </span>
    </p>
   </div>
   <div class='ocr_carea' id='block_1_97' title="bbox 2209 3713 3786 3794">
    <p class='ocr_par' dir='ltr' id='par_1_97' title="bbox 2209 3713 3786 3794">
     <span class='ocr_line' id='line_1_97' title="bbox 2209 3713 3786 3794; baseline 0.001 -20"><span class='ocrx_word' id='word_1_709' title='bbox 2209 3713 2596 3787; x_wconf 69' lang='grc' dir='ltr'>⁸Οτιέλάλησε</span> <span class='ocrx_word' id='word_1_710' title='bbox 2624 3714 2895 3791; x_wconf 91' lang='grc' dir='ltr'>Σολομῶν</span> <span class='ocrx_word' id='word_1_711' title='bbox 2936 3718 3061 3794; x_wconf 87' lang='grc' dir='ltr'>περὶ</span> <span class='ocrx_word' id='word_1_712' title='bbox 3108 3721 3217 3773; x_wconf 89' lang='grc' dir='ltr'>τῶν</span> <span class='ocrx_word' id='word_1_713' title='bbox 3278 3717 3455 3793; x_wconf 74' lang='grc' dir='ltr'>ξύλων</span> <span class='ocrx_word' id='word_1_714' title='bbox 3508 3724 3617 3775; x_wconf 88' lang='grc' dir='ltr'>τῶν</span> <span class='ocrx_word' id='word_1_715' title='bbox 3675 3719 3786 3776; x_wconf 82' lang='grc' dir='ltr'>ἀπὸ</span> 
     </span>
    </p>
   </div>
   <div class='ocr_carea' id='block_1_98' title="bbox 2136 3800 3790 3881">
    <p class='ocr_par' dir='ltr' id='par_1_98' title="bbox 2136 3800 3790 3881">
     <span class='ocr_line' id='line_1_98' title="bbox 2136 3800 3790 3881; baseline 0.001 -18"><span class='ocrx_word' id='word_1_716' title='bbox 2136 3813 2239 3878; x_wconf 78' lang='grc' dir='ltr'>τῆς</span> <span class='ocrx_word' id='word_1_717' title='bbox 2265 3803 2462 3881; x_wconf 70' lang='grc' dir='ltr'>κέδρου</span> <span class='ocrx_word' id='word_1_718' title='bbox 2491 3809 2590 3862; x_wconf 77' lang='grc' dir='ltr'>τοῦ</span> <span class='ocrx_word' id='word_1_719' title='bbox 2646 3800 2888 3862; x_wconf 72' lang='grc' dir='ltr'>Λιϐάνου</span> <span class='ocrx_word' id='word_1_720' title='bbox 2944 3807 3035 3862; x_wconf 83' lang='grc' dir='ltr'>καὶ</span> <span class='ocrx_word' id='word_1_721' title='bbox 3090 3806 3197 3870; x_wconf 78' lang='grc' dir='ltr'>ἓως</span> <span class='ocrx_word' id='word_1_722' title='bbox 3252 3815 3352 3879; x_wconf 81' lang='grc' dir='ltr'>τῆς</span> <span class='ocrx_word' id='word_1_723' title='bbox 3409 3809 3630 3865; x_wconf 79' lang='grc' dir='ltr'>ὑσωπου</span> <span class='ocrx_word' id='word_1_724' title='bbox 3684 3816 3790 3880; x_wconf 83' lang='grc' dir='ltr'>τῆς</span> 
     </span>
    </p>
   </div>
   <div class='ocr_carea' id='block_1_99' title="bbox 2137 3891 3790 3972">
    <p class='ocr_par' dir='ltr' id='par_1_99' title="bbox 2137 3891 3790 3972">
     <span class='ocr_line' id='line_1_99' title="bbox 2137 3891 3790 3972; baseline 0.002 -21"><span class='ocrx_word' id='word_1_725' title='bbox 2137 3894 2569 3969; x_wconf 78' lang='grc' dir='ltr'>ἐκπορευομένης</span> <span class='ocrx_word' id='word_1_726' title='bbox 2596 3891 2685 3950; x_wconf 76' lang='grc' dir='ltr'>διὰ</span> <span class='ocrx_word' id='word_1_727' title='bbox 2714 3898 2813 3951; x_wconf 78' lang='grc' dir='ltr'>τοῦ</span> <span class='ocrx_word' id='word_1_728' title='bbox 2846 3895 3091 3971; x_wconf 85' lang='grc' dir='ltr'>τείχους,</span> <span class='ocrx_word' id='word_1_729' title='bbox 3143 3896 3235 3952; x_wconf 83' lang='grc' dir='ltr'>καί</span> <span class='ocrx_word' id='word_1_730' title='bbox 3300 3897 3425 3972; x_wconf 86' lang='grc' dir='ltr'>περὶ</span> <span class='ocrx_word' id='word_1_731' title='bbox 3484 3903 3593 3953; x_wconf 88' lang='grc' dir='ltr'>τῶν</span> <span class='ocrx_word' id='word_1_732' title='bbox 3648 3919 3790 3970; x_wconf 88' lang='grc' dir='ltr'>κτη-</span> 
     </span>
    </p>
   </div>
   <div class='ocr_carea' id='block_1_100' title="bbox 2133 3982 3782 4059">
    <p class='ocr_par' dir='ltr' id='par_1_100' title="bbox 2133 3982 3782 4059">
     <span class='ocr_line' id='line_1_100' title="bbox 2133 3982 3782 4059; baseline 0.004 -22"><span class='ocrx_word' id='word_1_733' title='bbox 2133 3988 2238 4039; x_wconf 90' lang='grc' dir='ltr'>νῶν</span> <span class='ocrx_word' id='word_1_734' title='bbox 2296 3982 2390 4039; x_wconf 83' lang='grc' dir='ltr'>καὶ</span> <span class='ocrx_word' id='word_1_735' title='bbox 2448 3987 2554 4038; x_wconf 88' lang='grc' dir='ltr'>τῶν</span> <span class='ocrx_word' id='word_1_736' title='bbox 2605 3983 2845 4059; x_wconf 68' lang='grc' dir='ltr'>ἑρπετῶν</span> <span class='ocrx_word' id='word_1_737' title='bbox 2903 3982 2993 4039; x_wconf 87' lang='grc' dir='ltr'>καὶ</span> <span class='ocrx_word' id='word_1_738' title='bbox 3058 3988 3167 4041; x_wconf 89' lang='grc' dir='ltr'>τῶν</span> <span class='ocrx_word' id='word_1_739' title='bbox 3222 3990 3482 4045; x_wconf 79' lang='grc' dir='ltr'>πετεινῶν</span> <span class='ocrx_word' id='word_1_740' title='bbox 3534 3988 3625 4043; x_wconf 82' lang='grc' dir='ltr'>καὶ</span> <span class='ocrx_word' id='word_1_741' title='bbox 3670 3992 3782 4044; x_wconf 88' lang='grc' dir='ltr'>τῶν</span> 
     </span>
    </p>
   </div>
   <div class='ocr_carea' id='block_1_101' title="bbox 2132 4070 3782 4153">
    <p class='ocr_par' dir='ltr' id='par_1_101' title="bbox 2132 4070 3782 4153">
     <span class='ocr_line' id='line_1_101' title="bbox 2132 4070 3782 4153; baseline 0.004 -27"><span class='ocrx_word' id='word_1_742' title='bbox 2132 4071 2334 4147; x_wconf 79' lang='grc' dir='ltr'>ἰχθύω,</span> <span class='ocrx_word' id='word_1_743' title='bbox 2390 4072 2487 4134; x_wconf 75' lang='grc' dir='ltr'>τὰς</span> <span class='ocrx_word' id='word_1_744' title='bbox 2571 4070 2837 4148; x_wconf 77' lang='grc' dir='ltr'>δυηάμεις</span> <span class='ocrx_word' id='word_1_745' title='bbox 2919 4073 3010 4129; x_wconf 84' lang='grc' dir='ltr'>καὶ</span> <span class='ocrx_word' id='word_1_746' title='bbox 3092 4075 3189 4138; x_wconf 78' lang='grc' dir='ltr'>τὰς</span> <span class='ocrx_word' id='word_1_747' title='bbox 3261 4074 3523 4153; x_wconf 80' lang='grc' dir='ltr'>ἐνεργείας</span> <span class='ocrx_word' id='word_1_748' title='bbox 3579 4076 3782 4151; x_wconf 78' lang='grc' dir='ltr'>αὐτῶν,</span> 
     </span>
    </p>
   </div>
   <div class='ocr_carea' id='block_1_102' title="bbox 2126 4161 3776 4240">
    <p class='ocr_par' dir='ltr' id='par_1_102' title="bbox 2126 4161 3776 4240">
     <span class='ocr_line' id='line_1_102' title="bbox 2126 4161 3776 4240; baseline 0.002 -22"><span class='ocrx_word' id='word_1_749' title='bbox 2126 4163 2310 4227; x_wconf 85' lang='grc' dir='ltr'>καθὼς</span> <span class='ocrx_word' id='word_1_750' title='bbox 2349 4161 2620 4231; x_wconf 86' lang='grc' dir='ltr'>Ἰώσηπος</span> <span class='ocrx_word' id='word_1_751' title='bbox 2678 4168 2962 4238; x_wconf 81' lang='grc' dir='ltr'>μαρτυρεῖ.</span> <span class='ocrx_word' id='word_1_752' title='bbox 3024 4165 3103 4237; x_wconf 84' lang='grc' dir='ltr'>[Ρ.</span> <span class='ocrx_word' id='word_1_753' title='bbox 3137 4164 3229 4240; x_wconf 84' lang='grc'>93]</span> <span class='ocrx_word' id='word_1_754' title='bbox 3286 4163 3468 4222; x_wconf 81' lang='grc' dir='ltr'>Ἀλλᾶ</span> <span class='ocrx_word' id='word_1_755' title='bbox 3529 4166 3618 4222; x_wconf 80' lang='grc' dir='ltr'>καὶ</span> <span class='ocrx_word' id='word_1_756' title='bbox 3676 4167 3776 4223; x_wconf 78' lang='grc' dir='ltr'>ἐπ-</span> 
     </span>
    </p>
   </div>
   <div class='ocr_carea' id='block_1_103' title="bbox 2127 4246 3779 4328">
    <p class='ocr_par' dir='ltr' id='par_1_103' title="bbox 2127 4246 3779 4328">
     <span class='ocr_line' id='line_1_103' title="bbox 2127 4246 3779 4328; baseline 0.004 -23"><span class='ocrx_word' id='word_1_757' title='bbox 2127 4246 2271 4324; x_wconf 81' lang='grc' dir='ltr'>ῳδὰς</span> <span class='ocrx_word' id='word_1_758' title='bbox 2300 4249 2390 4306; x_wconf 81' lang='grc' dir='ltr'>καί</span> <span class='ocrx_word' id='word_1_759' title='bbox 2424 4249 2783 4326; x_wconf 79' lang='grc' dir='ltr'>ἐξορκισμοὺς</span> <span class='ocrx_word' id='word_1_760' title='bbox 2812 4252 2947 4307; x_wconf 82' lang='grc' dir='ltr'>κατὰ</span> <span class='ocrx_word' id='word_1_761' title='bbox 3004 4249 3283 4326; x_wconf 82' lang='grc' dir='ltr'>δαιμόνων</span> <span class='ocrx_word' id='word_1_762' title='bbox 3341 4253 3654 4328; x_wconf 77' lang='grc' dir='ltr'>ἐπενόησεν,</span> <span class='ocrx_word' id='word_1_763' title='bbox 3687 4256 3779 4319; x_wconf 76' lang='grc' dir='ltr'>αἶς</span> 
     </span>
    </p>
   </div>
   <div class='ocr_carea' id='block_1_104' title="bbox 2125 4337 3783 4416">
    <p class='ocr_par' dir='ltr' id='par_1_104' title="bbox 2125 4337 3783 4416">
     <span class='ocr_line' id='line_1_104' title="bbox 2125 4337 3783 4416; baseline 0.004 -21"><span class='ocrx_word' id='word_1_764' title='bbox 2125 4338 2404 4416; x_wconf 87' lang='grc' dir='ltr'>χρώμενοί</span> <span class='ocrx_word' id='word_1_765' title='bbox 2433 4360 2575 4402; x_wconf 87' lang='grc' dir='ltr'>τινες</span> <span class='ocrx_word' id='word_1_766' title='bbox 2634 4337 2891 4396; x_wconf 81' lang='grc' dir='ltr'>Ἰουδαῖοι</span> <span class='ocrx_word' id='word_1_767' title='bbox 2948 4341 3177 4404; x_wconf 78' lang='grc' dir='ltr'>τούτους</span> <span class='ocrx_word' id='word_1_768' title='bbox 3233 4342 3550 4416; x_wconf 69' lang='grc' dir='ltr'>ἐξήλαυνον·</span> <span class='ocrx_word' id='word_1_769' title='bbox 3585 4343 3783 4402; x_wconf 77' lang='grc' dir='ltr'>δακτύ-</span> 
     </span>
    </p>
   </div>
   <div class='ocr_carea' id='block_1_105' title="bbox 2129 4425 3785 4508">
    <p class='ocr_par' dir='ltr' id='par_1_105' title="bbox 2129 4425 3785 4508">
     <span class='ocr_line' id='line_1_105' title="bbox 2129 4425 3785 4508; baseline 0.004 -23"><span class='ocrx_word' id='word_1_770' title='bbox 2129 4428 2250 4485; x_wconf 88' lang='grc' dir='ltr'>λιον</span> <span class='ocrx_word' id='word_1_771' title='bbox 2277 4429 2381 4505; x_wconf 81' lang='grc' dir='ltr'>γὰρ</span> <span class='ocrx_word' id='word_1_772' title='bbox 2430 4425 2632 4504; x_wconf 81' lang='grc' dir='ltr'>ἔχοντά</span> <span class='ocrx_word' id='word_1_773' title='bbox 2685 4449 2806 4484; x_wconf 75' lang='grc' dir='ltr'>τινα</span> <span class='ocrx_word' id='word_1_774' title='bbox 2865 4428 3137 4508; x_wconf 82' lang='grc' dir='ltr'>σφραγῖδα</span> <span class='ocrx_word' id='word_1_775' title='bbox 3174 4433 3265 4487; x_wconf 80' lang='grc' dir='ltr'>καὶ</span> <span class='ocrx_word' id='word_1_776' title='bbox 3299 4432 3446 4508; x_wconf 75' lang='grc' dir='ltr'>ῥίζαν</span> <span class='ocrx_word' id='word_1_777' title='bbox 3478 4432 3531 4504; x_wconf 79' lang='grc' dir='ltr'>ἑξ</span> <span class='ocrx_word' id='word_1_778' title='bbox 3570 4433 3645 4489; x_wconf 84' lang='grc' dir='ltr'>ὧν</span> <span class='ocrx_word' id='word_1_779' title='bbox 3678 4435 3785 4491; x_wconf 82' lang='grc' dir='ltr'>ὑπ-</span> 
     </span>
    </p>
   </div>
   <div class='ocr_carea' id='block_1_106' title="bbox 2102 4514 3784 4600">
    <p class='ocr_par' dir='ltr' id='par_1_106' title="bbox 2102 4514 3784 4600">
     <span class='ocr_line' id='line_1_106' title="bbox 2102 4514 3784 4600; baseline 0.004 -28"><span class='ocrx_word' id='word_1_780' title='bbox 2102 4514 2292 4588; x_wconf 81' lang='grc' dir='ltr'>·ἐδειξε</span> <span class='ocrx_word' id='word_1_781' title='bbox 2326 4514 2619 4590; x_wconf 86' lang='grc' dir='ltr'>Σολομῶν,</span> <span class='ocrx_word' id='word_1_782' title='bbox 2647 4515 2699 4572; x_wconf 79' lang='grc' dir='ltr'>ἐν</span> <span class='ocrx_word' id='word_1_783' title='bbox 2760 4515 2870 4592; x_wconf 76' lang='grc' dir='ltr'>ῥινί</span> <span class='ocrx_word' id='word_1_784' title='bbox 2931 4518 3219 4582; x_wconf 74' lang='grc' dir='ltr'>ὑποθέντες</span> <span class='ocrx_word' id='word_1_785' title='bbox 3277 4520 3658 4600; x_wconf 80' lang='grc' dir='ltr'>ὀσφραίνεσθαι</span> <span class='ocrx_word' id='word_1_786' title='bbox 3686 4524 3784 4579; x_wconf 85' lang='grc' dir='ltr'>τὸν</span> 
     </span>
    </p>
   </div>
   <div class='ocr_carea' id='block_1_107' title="bbox 2127 4605 3779 4684">
    <p class='ocr_par' dir='ltr' id='par_1_107' title="bbox 2127 4605 3779 4684">
     <span class='ocr_line' id='line_1_107' title="bbox 2127 4605 3779 4684; baseline 0.005 -24"><span class='ocrx_word' id='word_1_787' title='bbox 2127 4605 2405 4682; x_wconf 79' lang='grc' dir='ltr'>πάσχοντα</span> <span class='ocrx_word' id='word_1_788' title='bbox 2462 4605 2884 4682; x_wconf 81' lang='grc' dir='ltr'>παρεσκεύαζον,</span> <span class='ocrx_word' id='word_1_789' title='bbox 2956 4607 3029 4664; x_wconf 78' lang='grc' dir='ltr'>ὧν</span> <span class='ocrx_word' id='word_1_790' title='bbox 3077 4613 3148 4684; x_wconf 80' lang='grc' dir='ltr'>τῇ</span> <span class='ocrx_word' id='word_1_791' title='bbox 3222 4606 3449 4684; x_wconf 76' lang='grc' dir='ltr'>δυνάμει</span> <span class='ocrx_word' id='word_1_792' title='bbox 3501 4611 3657 4675; x_wconf 79' lang='grc' dir='ltr'>εὐθὺς</span> <span class='ocrx_word' id='word_1_793' title='bbox 3710 4612 3779 4669; x_wconf 80' lang='grc' dir='ltr'><strong><em>τὸ</em></strong></span> 
     </span>
    </p>
   </div>
   <div class='ocr_carea' id='block_1_108' title="bbox 2129 4691 3780 4775">
    <p class='ocr_par' dir='ltr' id='par_1_108' title="bbox 2129 4691 3780 4775">
     <span class='ocr_line' id='line_1_108' title="bbox 2129 4691 3780 4775; baseline 0.004 -26"><span class='ocrx_word' id='word_1_794' title='bbox 2129 4691 2383 4768; x_wconf 85' lang='grc' dir='ltr'>δαιμὸνον</span> <span class='ocrx_word' id='word_1_795' title='bbox 2413 4691 2744 4765; x_wconf 75' lang='grc' dir='ltr'>ἐξέλκεσθαι.</span> <span class='ocrx_word' id='word_1_796' title='bbox 2778 4700 3022 4770; x_wconf 87' lang='grc' dir='ltr'>Σημεῖον</span> <span class='ocrx_word' id='word_1_797' title='bbox 3078 4693 3137 4751; x_wconf 79' lang='grc' dir='ltr'>δὲ</span> <span class='ocrx_word' id='word_1_798' title='bbox 3185 4696 3384 4754; x_wconf 80' lang='grc' dir='ltr'>τούτου</span> <span class='ocrx_word' id='word_1_799' title='bbox 3412 4699 3480 4768; x_wconf 73' lang='grc' dir='ltr'>ἦν</span> <span class='ocrx_word' id='word_1_800' title='bbox 3510 4701 3780 4775; x_wconf 82' lang='grc' dir='ltr'>ποτήριον</span> 
     </span>
    </p>
   </div>
   <div class='ocr_carea' id='block_1_109' title="bbox 2128 4780 3779 4863">
    <p class='ocr_par' dir='ltr' id='par_1_109' title="bbox 2128 4780 3779 4863">
     <span class='ocr_line' id='line_1_109' title="bbox 2128 4780 3779 4863; baseline 0.002 -23"><span class='ocrx_word' id='word_1_801' title='bbox 2128 4784 2319 4857; x_wconf 83' lang='grc' dir='ltr'>μεστὸν</span> <span class='ocrx_word' id='word_1_802' title='bbox 2352 4780 2544 4848; x_wconf 77' lang='grc' dir='ltr'>ὕδατος</span> <span class='ocrx_word' id='word_1_803' title='bbox 2599 4783 2637 4855; x_wconf 75' lang='grc' dir='ltr'><strong>ἢ</strong></span> <span class='ocrx_word' id='word_1_804' title='bbox 2692 4784 2878 4863; x_wconf 77' lang='grc' dir='ltr'>ἓτερόν</span> <span class='ocrx_word' id='word_1_805' title='bbox 2937 4807 2990 4841; x_wconf 90' lang='grc' dir='ltr'>τι</span> <span class='ocrx_word' id='word_1_806' title='bbox 3047 4785 3285 4862; x_wconf 82' lang='grc' dir='ltr'>ἀγγεῖον,</span> <span class='ocrx_word' id='word_1_807' title='bbox 3324 4788 3353 4843; x_wconf 80' lang='grc' dir='ltr'>ὃ</span> <span class='ocrx_word' id='word_1_808' title='bbox 3384 4788 3599 4850; x_wconf 81' lang='grc' dir='ltr'>πάντως</span> <span class='ocrx_word' id='word_1_809' title='bbox 3649 4809 3779 4844; x_wconf 81' lang='grc' dir='ltr'>συν-</span> 
     </span>
    </p>
   </div>
   <div class='ocr_carea' id='block_1_110' title="bbox 2123 4866 2957 4951">
    <p class='ocr_par' dir='ltr' id='par_1_110' title="bbox 2123 4866 2957 4951">
     <span class='ocr_line' id='line_1_110' title="bbox 2123 4866 2957 4951; baseline 0.006 -22"><span class='ocrx_word' id='word_1_810' title='bbox 2123 4866 2304 4948; x_wconf 68' lang='grc' dir='ltr'>ἔτριϐε</span> <span class='ocrx_word' id='word_1_811' title='bbox 2332 4878 2528 4951; x_wconf 81' lang='grc' dir='ltr'>φεῦγον</span> <span class='ocrx_word' id='word_1_812' title='bbox 2560 4875 2624 4931; x_wconf 84' lang='grc' dir='ltr'>τὸ</span> <span class='ocrx_word' id='word_1_813' title='bbox 2654 4871 2957 4949; x_wconf 89' lang='grc' dir='ltr'>δαιμόνιον.</span> 
     </span>
    </p>
   </div>
   <div class='ocr_carea' id='block_1_111' title="bbox 2196 4963 3773 5044">
    <p class='ocr_par' dir='ltr' id='par_1_111' title="bbox 2196 4963 3773 5044">
     <span class='ocr_line' id='line_1_111' title="bbox 2196 4963 3773 5044; baseline 0.003 -24"><span class='ocrx_word' id='word_1_814' title='bbox 2196 4963 2346 5020; x_wconf 78' lang='grc' dir='ltr'>Μετὰ</span> <span class='ocrx_word' id='word_1_815' title='bbox 2370 4966 2502 5040; x_wconf 83' lang='grc' dir='ltr'>γοῦν</span> <span class='ocrx_word' id='word_1_816' title='bbox 2529 4963 2590 5019; x_wconf 82' lang='grc' dir='ltr'>τὸ</span> <span class='ocrx_word' id='word_1_817' title='bbox 2642 4963 2953 5020; x_wconf 72' lang='grc' dir='ltr'>συντελέσαι</span> <span class='ocrx_word' id='word_1_818' title='bbox 2978 4965 3072 5021; x_wconf 84' lang='grc' dir='ltr'>τὸν</span> <span class='ocrx_word' id='word_1_819' title='bbox 3129 4968 3278 5022; x_wconf 83' lang='grc' dir='ltr'>οἷκον</span> <span class='ocrx_word' id='word_1_820' title='bbox 3340 4965 3540 5044; x_wconf 82' lang='grc' dir='ltr'>Κυρίου</span> <span class='ocrx_word' id='word_1_821' title='bbox 3595 4966 3773 5025; x_wconf 86' lang='grc' dir='ltr'>Σολο-</span> 
     </span>
    </p>
   </div>
   <div class='ocr_carea' id='block_1_112' title="bbox 2125 5051 3774 5135">
    <p class='ocr_par' dir='ltr' id='par_1_112' title="bbox 2125 5051 3774 5135">
     <span class='ocr_line' id='line_1_112' title="bbox 2125 5051 3774 5135; baseline 0.004 -29"><span class='ocrx_word' id='word_1_822' title='bbox 2125 5056 2242 5126; x_wconf 86' lang='grc' dir='ltr'>μῶν</span> <span class='ocrx_word' id='word_1_823' title='bbox 2275 5051 2592 5108; x_wconf 69' lang='grc' dir='ltr'>ἐνεκαίνισεν</span> <span class='ocrx_word' id='word_1_824' title='bbox 2621 5052 2806 5124; x_wconf 76' lang='grc' dir='ltr'>αὐτὸν,</span> <span class='ocrx_word' id='word_1_825' title='bbox 2870 5053 3033 5118; x_wconf 86' lang='grc' dir='ltr'>θύσας</span> <span class='ocrx_word' id='word_1_826' title='bbox 3097 5054 3343 5135; x_wconf 80' lang='grc' dir='ltr'>μόσχους</span> <span class='ocrx_word' id='word_1_827' title='bbox 3378 5053 3635 5132; x_wconf 76' lang='grc' dir='ltr'>χιλιάδας</span> <span class='ocrx_word' id='word_1_828' title='bbox 3684 5058 3774 5135; x_wconf 82' lang='grc' dir='ltr'>κβ¹</span> 
     </span>
    </p>
   </div>
   <div class='ocr_carea' id='block_1_113' title="bbox 2119 5136 3769 5223">
    <p class='ocr_par' dir='ltr' id='par_1_113' title="bbox 2119 5136 3769 5223">
     <span class='ocr_line' id='line_1_113' title="bbox 2119 5136 3769 5223; baseline 0.004 -26"><span class='ocrx_word' id='word_1_829' title='bbox 2119 5141 2210 5197; x_wconf 89' lang='grc' dir='ltr'>καὶ</span> <span class='ocrx_word' id='word_1_830' title='bbox 2265 5136 2515 5216; x_wconf 82' lang='grc' dir='ltr'>πρόϐατα</span> <span class='ocrx_word' id='word_1_831' title='bbox 2572 5139 2831 5217; x_wconf 79' lang='grc' dir='ltr'>χιλιάδας</span> <span class='ocrx_word' id='word_1_832' title='bbox 2919 5144 3020 5218; x_wconf 84' lang='grc' dir='ltr'>ρκ’,</span> <span class='ocrx_word' id='word_1_833' title='bbox 3087 5144 3178 5200; x_wconf 79' lang='grc' dir='ltr'>καὶ</span> <span class='ocrx_word' id='word_1_834' title='bbox 3238 5145 3463 5217; x_wconf 75' lang='grc' dir='ltr'>ἐποίησε</span> <span class='ocrx_word' id='word_1_835' title='bbox 3522 5145 3769 5223; x_wconf 81' lang='grc' dir='ltr'>μεγάλην</span> 
     </span>
    </p>
   </div>
   <div class='ocr_carea' id='block_1_114' title="bbox 2120 5227 3773 5309">
    <p class='ocr_par' dir='ltr' id='par_1_114' title="bbox 2120 5227 3773 5309">
     <span class='ocr_line' id='line_1_114' title="bbox 2120 5227 3773 5309; baseline 0.005 -26"><span class='ocrx_word' id='word_1_836' title='bbox 2120 5228 2316 5303; x_wconf 65' lang='grc' dir='ltr'>ἑορτὴν</span> <span class='ocrx_word' id='word_1_837' title='bbox 2346 5229 2556 5303; x_wconf 73' lang='grc' dir='ltr'>ἡμέρας</span> <span class='ocrx_word' id='word_1_838' title='bbox 2586 5229 2741 5289; x_wconf 72' lang='grc' dir='ltr'>ἑπτά,</span> <span class='ocrx_word' id='word_1_839' title='bbox 2776 5233 2862 5303; x_wconf 76' lang='grc' dir='ltr'>Τῇ</span> <span class='ocrx_word' id='word_1_840' title='bbox 2895 5227 2952 5286; x_wconf 65' lang='grc' dir='ltr'>δι</span> <span class='ocrx_word' id='word_1_841' title='bbox 3007 5227 3175 5309; x_wconf 79' lang='grc' dir='ltr'>ὀγδόῃ</span> <span class='ocrx_word' id='word_1_842' title='bbox 3237 5231 3414 5309; x_wconf 62' lang='grc' dir='ltr'>ἡμέρᾳ</span> <span class='ocrx_word' id='word_1_843' title='bbox 3466 5231 3773 5308; x_wconf 67' lang='grc' dir='ltr'>εὐλογήσας</span> 
     </span>
    </p>
   </div>
   <div class='ocr_carea' id='block_1_115' title="bbox 2117 5315 3773 5399">
    <p class='ocr_par' dir='ltr' id='par_1_115' title="bbox 2117 5315 3773 5399">
     <span class='ocr_line' id='line_1_115' title="bbox 2117 5315 3773 5399; baseline 0.004 -26"><span class='ocrx_word' id='word_1_844' title='bbox 2117 5318 2209 5373; x_wconf 85' lang='grc' dir='ltr'>τὸν</span> <span class='ocrx_word' id='word_1_845' title='bbox 2271 5316 2403 5373; x_wconf 85' lang='grc' dir='ltr'>λαὸν</span> <span class='ocrx_word' id='word_1_846' title='bbox 2465 5315 2785 5388; x_wconf 67' lang='grc' dir='ltr'>ἐξαπέστειλε</span> <span class='ocrx_word' id='word_1_847' title='bbox 2816 5362 2828 5375; x_wconf 92' lang='grc'><strong>.</strong></span> <span class='ocrx_word' id='word_1_848' title='bbox 2887 5318 2989 5376; x_wconf 76' lang='grc' dir='ltr'>Καὶ</span> <span class='ocrx_word' id='word_1_849' title='bbox 3055 5321 3189 5395; x_wconf 85' lang='grc' dir='ltr'>μετὰ</span> <span class='ocrx_word' id='word_1_850' title='bbox 3262 5323 3325 5377; x_wconf 82' lang='grc' dir='ltr'>τὸ</span> <span class='ocrx_word' id='word_1_851' title='bbox 3380 5323 3773 5399; x_wconf 79' lang='grc' dir='ltr'>προσεύξασθαι</span> 
     </span>
    </p>
   </div>
   <div class='ocr_carea' id='block_1_116' title="bbox 2117 5405 3773 5488">
    <p class='ocr_par' dir='ltr' id='par_1_116' title="bbox 2117 5405 3773 5488">
     <span class='ocr_line' id='line_1_116' title="bbox 2117 5405 3773 5488; baseline 0.004 -27"><span class='ocrx_word' id='word_1_852' title='bbox 2117 5405 2275 5461; x_wconf 76' lang='grc' dir='ltr'>αὐτὸν</span> <span class='ocrx_word' id='word_1_853' title='bbox 2311 5405 2444 5479; x_wconf 71' lang='grc' dir='ltr'>ὑπὲρ</span> <span class='ocrx_word' id='word_1_854' title='bbox 2476 5410 2573 5460; x_wconf 78' lang='grc' dir='ltr'>τοῦ</span> <span class='ocrx_word' id='word_1_855' title='bbox 2631 5410 2769 5461; x_wconf 80' lang='grc' dir='ltr'>Λαοῦ</span> <span class='ocrx_word' id='word_1_856' title='bbox 2829 5408 2918 5463; x_wconf 77' lang='grc' dir='ltr'>καὶ</span> <span class='ocrx_word' id='word_1_857' title='bbox 2976 5412 3074 5464; x_wconf 80' lang='grc' dir='ltr'>τοῦ</span> <span class='ocrx_word' id='word_1_858' title='bbox 3137 5413 3269 5465; x_wconf 79' lang='grc' dir='ltr'>ναοῦ</span> <span class='ocrx_word' id='word_1_859' title='bbox 3318 5405 3474 5488; x_wconf 79' lang='grc' dir='ltr'>ὤφθη</span> <span class='ocrx_word' id='word_1_860' title='bbox 3533 5410 3685 5482; x_wconf 83' lang='grc' dir='ltr'>αὐτῷ</span> <span class='ocrx_word' id='word_1_861' title='bbox 3741 5413 3773 5468; x_wconf 77' lang='grc' dir='ltr'><strong>ὁ</strong></span> 
     </span>
    </p>
   </div>
   <div class='ocr_carea' id='block_1_117' title="bbox 2118 5493 3769 5579">
    <p class='ocr_par' dir='ltr' id='par_1_117' title="bbox 2118 5493 3769 5579">
     <span class='ocr_line' id='line_1_117' title="bbox 2118 5493 3769 5579; baseline 0.003 -28"><span class='ocrx_word' id='word_1_862' title='bbox 2118 5495 2320 5572; x_wconf 85' lang='grc' dir='ltr'>Κύριος</span> <span class='ocrx_word' id='word_1_863' title='bbox 2354 5493 2558 5573; x_wconf 74' lang='grc' dir='ltr'>λέγων’</span> <span class='ocrx_word' id='word_1_864' title='bbox 2602 5519 2631 5548; x_wconf 80' lang='grc' dir='ltr'>κ</span> <span class='ocrx_word' id='word_1_865' title='bbox 2663 5497 2911 5555; x_wconf 81' lang='grc' dir='ltr'>Ἤκουσα</span> <span class='ocrx_word' id='word_1_866' title='bbox 2946 5506 3046 5571; x_wconf 80' lang='grc' dir='ltr'>τῆς</span> <span class='ocrx_word' id='word_1_867' title='bbox 3078 5506 3268 5579; x_wconf 83' lang='grc' dir='ltr'>φωνῆς</span> <span class='ocrx_word' id='word_1_868' title='bbox 3295 5503 3398 5568; x_wconf 84' lang='grc' dir='ltr'>τῆς</span> <span class='ocrx_word' id='word_1_869' title='bbox 3442 5506 3769 5577; x_wconf 79' lang='grc' dir='ltr'>προσευχῆς</span> 
     </span>
    </p>
   </div>
  </div>
