4186 6190
304 438 413 497 ΙθἸ

1440 427 1982 493 HISTORIARUM
2024 429 2594 494 COMPENDIUM.

3605 440 3723 501 198

306 592 427 638 σου,
456 565 549 625 καί
577 567 787 645 ἡγίακα
838 565 932 622 τὸν
989 565 1139 621 οἶνον
1196 566 1389 619 τοῦτον
1450 561 1510 618 ὅν
1565 558 1949 637 ᾠκοδόμησας.

2073 563 2362 634 struxisti,
2396 566 2755 634 consecravi,
2788 572 2857 625 ut
2884 569 2947 625 in
2979 584 3047 625 eo
3078 586 3297 626 nomen
3355 587 3557 629 meum
3605 573 3730 630 col-

304 665 405 716 τοῦ
433 659 618 724 θίσθαι
653 658 720 715 τὸ
774 655 954 729 ύνομά
1011 676 1117 729 μου
1174 654 1285 713 ἐκεῖ
1340 652 1418 716 εἰς
1473 653 1565 710 τὸν
1620 652 1809 708 αίῶνα’
1869 649 1959 707 καὶ

303 744 513 805 ἔσονται
545 749 599 803 οἱ
629 744 907 825 ὀφθαλμοί
943 765 1050 821 μου
1079 743 1193 800 ἐκεῖ
1246 744 1336 799 καὶ
1385 745 1421 813 ἡ
1464 739 1660 818 καρδία
1705 762 1809 815 μου
1860 741 1961 798 πά-

306 860 403 902 σας
437 839 538 901 τὰς
568 835 802 911 ἡμέρας.
835 834 939 892 Καὶ
979 835 1043 890 σὺ
1099 834 1189 891 ὶάν
1242 832 1510 909 πομυθῇς
1573 830 1802 888 ἐνώπιόν
1850 850 1956 907 μου

303 929 487 989 καθὼς
525 925 793 1003 ἐπορεύθη
824 919 1045 982 Δαόὶδὸ
1076 924 1258 999 πατήρ
1317 943 1415 978 σου
1463 921 1517 978 ἆν
1566 921 1813 992 ὁσιότητι
1863 921 1956 977 καὶ

306 1016 563 1087 εύθύτητι
592 1011 840 1089 καρδίας,
897 1019 995 1070 νοῦ
1069 1017 1247 1069 ποιεῖν
1300 1012 1440 1069 κατὰ
1491 1012 1664 1068 πάντα
1694 1010 1727 1066 ἃ
1755 1009 1954 1067 ἐνετει-

303 1107 493 1181 λάμην
525 1104 696 1179 αύτῷ,
720 1104 813 1160 καὶ
841 1102 908 1159 τά
935 1101 1330 1179 προστάγματά
1360 1122 1468 1176 μου
1514 1100 1606 1156 καὶ
1660 1101 1756 1165 τὰς
1804 1099 1954 1157 ἕντο-

302 1195 408 1259 λάς
452 1216 559 1270 μου
587 1192 1188 1274 φυλάξεις,ἆναστήσω
1236 1190 1329 1247 τὸν
1385 1189 1576 1267 θρόνον
1630 1198 1732 1261 τῆς
1797 1190 1956 1267 βασι-

305 1285 458 1349 λείας
496 1305 594 1340 σου
623 1283 714 1339 ἐπὶ
744 1280 968 1356 Ἰσραὴλ
997 1280 1075 1344 εἷς
1100 1281 1195 1337 τὸν
1234 1280 1428 1350 αἰῶνα,
1476 1280 1657 1344 καθὼς
1702 1276 1954 1351 ἐλάλησα

298 1380 384 1448 τῷ
419 1375 588 1448 πατρί
618 1394 715 1429 σου
747 1370 949 1448 λέγων’
983 1371 1098 1430 Οὐκ
1125 1369 1473 1447 ἆξαρθήσεται
1522 1369 1660 1443 ἀνὴρ
1708 1369 1951 1444 ἡγούμε-

294 1484 388 1526 νος
417 1466 471 1520 ἂν
505 1462 750 1541 Ἰσραήλο
814 1483 843 1515 ο
898 1459 1018 1517 Ἐὰν
1079 1456 1138 1515 δὶ
1192 1455 1623 1537 ἀποστραφέντας
1675 1456 1951 1534 ἀποστρά-

295 1561 437 1633 φῆτε
467 1553 625 1626 ὑμεῖς
677 1554 769 1608 καὶ
822 1550 892 1606 τὰ
945 1550 1102 1606 τὲκνα
1158 1548 1315 1623 ὑμῶν
1370 1546 1466 1603 ἀπ’
1519 1544 1678 1622 ἰμοῦ,
1737 1548 1827 1603 καὶ
1871 1548 1949 1621 μὴ

296 1643 581 1721 φυλάξητε
604 1642 701 1704 τὰς
730 1638 955 1703 ἐντολάς
1007 1660 1134 1714 μου,
1191 1637 1283 1694 καὶ
1330 1640 1636 1713 πορευθῆτε
1682 1635 1772 1693 καί
1817 1633 1951 1692 δου-

296 1731 533 1804 λεύσητε
617 1732 763 1794 θεοῖς
848 1728 1052 1805 ἑτέροις
1121 1728 1211 1783 καὶ
1267 1727 1683 1803 προσκυνήσητε
1738 1726 1948 1799 αὐτοῖς,

294 1822 473 1899 ἰεαρῶ
526 1823 621 1879 τὸν
678 1820 902 1897 Ἰσραὴλ
958 1819 1067 1876 ἀπὸ
1117 1826 1218 1890 τῆς
1274 1824 1375 1893 γῆς
1428 1817 1497 1888 ἧς
1544 1813 1721 1873 ἔδωκα
1775 1816 1946 1891 αὐτῷ,

289 1911 387 1969 καὶ
432 1912 526 1968 τὸν
582 1912 735 1967 οἶκον
791 1914 983 1966 τοῦτον
1040 1907 1100 1964 ὅν
1156 1906 1355 1982 ἡγίασα
1406 1911 1489 1992 τῷ
1547 1906 1776 1980 ὀνόματί
1843 1926 1949 1979 μου
1978 1926 2027 1992 Β

287 2001 591 2076 ἂπορῥίψω
618 2000 680 2055 ἐκ
708 1999 1007 2074 προσώπου
1052 2016 1177 2072 μου’
1238 1996 1330 2053 καὶ
1386 1991 1536 2051 ἔσται
1589 1993 1814 2072 ’ίσραὴλ
1874 1994 1952 2059 εἰς

286 2090 595 2170 ἀφανισμὸν
627 2088 719 2143 καὶ
752 2088 832 2151 εἴς
860 2084 1093 2160 λάλημα
1122 2085 1199 2148 εἷς
1257 2077 1486 2170 τᾶνγέθνη
1538 2083 1732 2141 πάντα.
1790 2084 1887 2139 Καὶ
1921 2083 1951 2138 ό

288 2169 448 2242 οἶκος
480 2179 644 2242 οὗτος
675 2179 704 2234 ὁ
737 2174 952 2251 ὑψηλὸς
980 2175 1073 2231 καὶ
1107 2173 1296 2249 μέγας,
1328 2169 1477 2229 ἔσται
1516 2177 1622 2236 πᾶς
1678 2173 1708 2228 ὁ
1757 2170 1952 2229 διαπο-

288 2268 588 2345 ρευόμενος
618 2265 689 2324 δι’
737 2265 907 2323 αὐτοῦ
953 2263 1047 2320 καὶ
1106 2267 1301 2339 συριεῖ.
1360 2262 1461 2317 Καὶ
1518 2260 1751 2338 ἐροῦσιν.
1813 2263 1952 2326 Ἀνθ’

2071 651 2263 710 locem
2285 654 2347 711 in
2367 657 2797 729 sempiternum
2822 659 3045 731 ;ibique
3070 667 3356 732 perpetuo
3379 663 3724 720 eruntoculi

2070 742 2188 798 mei
2219 748 2279 799 et
2307 761 2411 801 cor
2438 762 2660 803 meum.
2692 748 2776 803 Tu
2806 765 3064 821 quoque,
3089 750 3136 804 si
3159 750 3232 806 ad
3255 753 3590 825 exemplum
3611 770 3722 826 pa-

2070 831 2178 889 tris
2209 833 2293 888 tui
2322 834 2525 891 Davidi
2558 842 2613 893 te
2640 836 2703 892 in
2734 845 3055 910 conspectu
3088 856 3219 896 meo
3240 856 3411 912 geras
3434 848 3639 898 sancte
3661 848 3722 900 et

2069 922 2301 980 sincero
2334 926 2490 982 164
2520 926 2718 995 corde,
2750 932 2928 1000 atque
2971 929 3174 985 omnia
3218 936 3515 1002 praecepta
3542 947 3720 988 man-

2068 1011 2207 1069 data
2227 1018 2287 1068 et
2297 1013 2469 1085 jussa
2492 1031 2623 1071 mea
2644 1016 2845 1086 obeas,
2884 1015 3099 1072 solium
3131 1019 3296 1091 regni
3328 1019 3411 1074 tui
3436 1020 3499 1074 in
3528 1020 3721 1077 Israe-

2067 1100 2216 1157 licos
2244 1102 2635 1173 confirmado,
2662 1110 2727 1161 ut
2752 1106 2831 1160 sit
2848 1111 3223 1178 perpetuum,
3247 1107 3544 1178 quomodo
3565 1109 3718 1180 patri

2070 1193 2168 1246 tuo
2194 1190 2316 1247 dixi
2347 1208 2657 1264 nunquam
2687 1192 2889 1250 defore
2921 1195 3021 1266 qui
3066 1195 3415 1251 Israelieum
3463 1212 3715 1269 regnum

2065 1290 2254 1357 gerut.
2280 1284 2382 1341 Sin
2404 1291 2602 1342 autem
2628 1303 2729 1343 vos
2753 1293 2811 1343 et
2832 1288 3005 1343 vestri
3028 1288 3247 1360 posteri
3272 1303 3305 1343 a
3327 1305 3422 1344 me
3455 1305 3555 1345 vos
3576 1308 3715 1362 pro-

2066 1373 2228 1430 tinus
2251 1377 2544 1445 avertetis,
2567 1377 2835 1448 meisque
2862 1377 3174 1449 praeceptis
3192 1378 3549 1449 posthabitis
3568 1379 3718 1435 alie-

2064 1478 2177 1518 nos
2196 1462 2340 1519 deos
2361 1465 2697 1534 sequemini
2719 1471 2895 1538 atque
2918 1466 3146 1535 celetis,
3172 1466 3512 1523 exscindam
3535 1469 3718 1525 Israe-

2062 1550 2247 1609 licum
2280 1553 2568 1626 populum
2600 1554 2671 1610 de
2705 1561 2861 1611 terra
2891 1571 3067 1627 quam
3103 1555 3157 1610 ei
3197 1555 3356 1625 dedi,
3407 1556 3715 1630 aedemque

2062 1639 2218 1696 hanc
2248 1656 2426 1713 quam
2456 1643 2687 1699 nomini
2720 1660 2851 1699 meo
2881 1644 3240 1715 consecravi,
3293 1661 3327 1700 a
3382 1645 3532 1702 facie
3583 1663 3717 1703 mea

2060 1730 2394 1803 projiciam.
2420 1734 2613 1804 Atque
2633 1732 2894 1789 Israelus
2924 1733 3165 1805 quidem
3189 1734 3718 1806 peribit,ludibrio—

2060 1834 2175 1890 que
2206 1819 2321 1875 erit
2350 1825 2409 1875 et
2436 1820 2638 1877 fabula
2653 1821 2931 1879 omnibus
2952 1823 3324 1879 nationibus:
3348 1824 3716 1882 eedesautem

2058 1907 2184 1964 hinc
2210 1908 2485 1966 sublimis
2507 1917 2567 1966 et
2582 1928 2797 1983 magna
2811 1912 2881 1968 ab
2897 1912 3174 1969 omnibus
3196 1914 3298 1985 qui
3326 1917 3718 1986 praeteribunt

2060 1996 2546 2055 subsannabitur.
2580 2001 2783 2072 Itaque
2835 2001 3035 2058 dicent
3065 2003 3348 2060 mortales
3377 2020 3391 2059 :
3426 2004 3573 2070 Quia
3601 2007 3720 2063 Do-

2059 2087 2293 2144 minum
2326 2089 2511 2145 Deum
2535 2106 2710 2145 suum
2737 2090 3132 2147 deseruerunt
3158 2092 3419 2149 lsraelici
3443 2095 3716 2150 etalieno

2061 2174 2205 2232 deos
2232 2177 2569 2234 asciverunt
2597 2177 2732 2247 sibi,
2768 2178 2902 2235 ideo
2933 2179 3219 2236 Dominus
3241 2181 3393 2237 hanc
3415 2182 3717 2240 calamita-

2062 2271 2184 2320 tem
2213 2265 2360 2337 ipsis
2391 2267 2615 2323 intulit.
2654 2294 2674 2316 ι.

282 2359 362 2414 ὦν
425 2355 785 2436 ἐγκατέλιπον
842 2354 1042 2430 Κύριον
1105 2352 1197 2410 τὸν
1263 2353 1392 2409 θεὸν
1461 2349 1636 2408 αὐτῶν
1693 2350 1784 2408 καὶ
1841 2345 2203 2408 ἀντελάϐοντο
2255 2354 2384 2410 Θεὸν
2443 2352 2763 2428 ἀλλότριον,
2822 2352 2913 2411 διὰ
2969 2361 3131 2412 τοῦτο
3198 2356 3439 2434 ἐπήγαγε
3524 2360 3723 2436 Κύριος

280 2449 386 2518 τήν
415 2448 609 2504 κακίαν
634 2446 863 2516 ταύτην.
890 2468 921 2498 ii

350 2540 471 2609 Τήν
506 2533 567 2592 δὲ
592 2534 757 2592 πόλιν
797 2534 1061 2609 μεγίστην
1088 2534 1176 2589 καὶ
1231 2528 1543 2606 περίγαλλῆ
1597 2528 1945 2606 καταρτίσας,

281 2628 378 2683 καὶ
418 2626 483 2682 τὸ
532 2625 863 2699 περίμετρον
916 2622 1088 2690 αὐτῆς
1151 2624 1383 2693 ποιήσας
1443 2617 1636 2677 στάδια
1683 2617 1949 2692 τεσσαρά-

248 2737 478 2784 -κοντα,
512 2714 779 2789 γινόμενα
810 2711 970 2787 μίλια
1012 2709 1066 2782 εξ
1124 2711 1321 2786 ἥμισυ,
1376 2708 1691 2767 δυσάλωτον
1746 2708 1944 2764 παντο·

287 2820 380 2873 θεν
448 2806 653 2877 ταύτην
738 2804 1119 2863 κατεσκεύασε.
1194 2802 1551 2878 Περικλείσας
1616 2800 1723 2877 γὰρ
1778 2797 1949 2867 αὒτήν

285 2896 436 2970 τρισὶ
494 2896 707 2970 τείχεσι
761 2894 854 2950 καὶ
940 2892 1199 2971 φάραγξιν
1262 2891 1684 2969 άπερῤωγυίαις,
1747 2886 1947 2965 κατάρο

288 2986 451 3060 ῥυτον
485 2981 675 3038 ὕδασιν
707 2980 848 3053 ὃλην
878 2980 1153 3053 ἐποίησεν,
1205 2979 1346 3036 ὥστε
1391 2979 1452 3035 ἐκ
1497 2986 1598 3049 τῆς
1646 2976 1948 3055 ἀπορροίας

286 3076 421 3138 τοὺς
447 3075 664 3145 κήπους
690 3071 867 3127 αὐτῶν
908 3068 1243 3147 ἀρδεύεσθαι.
1304 3070 1411 3125 Σὺν
1457 3068 1673 3131 τούτοις
1722 3066 1949 3138 ἐποίησε

289 3162 523 3239 θυρεοὺς
552 3165 794 3238 χρυσοῦς
840 3158 1067 3222 ἐλιτοὺς
1125 3158 1479 3220 ὀκτακοσίους
1538 3155 1814 3235 μεγάλους
1854 3156 1947 3211 καὶ

290 3253 503 3327 δόρατα
554 3250 840 3325 τριακόσια
893 3250 982 3304 καὶ
1041 3242 1196 3323 ἔτερα
1252 3244 1399 3303 ὅπλα
1450 3250 1631 3322 χρυσᾶ
1692 3243 1945 3301 πλεῖστα.

2127 2532 2310 2588 Porro
2340 2533 2550 2589 urbem
2570 2534 2849 2590 Solomon
2872 2535 3194 2592 maximam
3213 2535 3682 2607 pulcherrimam

2058 2637 2173 2692 que
2204 2622 2364 2688 fecit,
2400 2624 2481 2679 ita
2502 2629 2570 2679 ut
2598 2623 2856 2681 ambitus
2887 2625 3014 2697 ejus
3045 2629 3203 2680 esset
3249 2625 3581 2681 studiorum
3611 2628 3703 2693 40,

2057 2726 2190 2781 qua:
2212 2711 2542 2768 conficiunt
2560 2712 2820 2770 miliaria
2839 2715 2873 2771 6
2893 2730 2964 2783 3.,
2988 2713 3368 2785 reddiditque
3390 2730 3518 2770 eam
3531 2731 3699 2787 pror-

2058 2815 2160 2855 sus
2188 2801 2739 2875 inexpugnabilom.
2773 2805 2915 2859 Nam
2946 2809 3005 2859 et
3025 2802 3212 2860 tribus
3231 2804 3418 2859 muris
3440 2820 3571 2860 eam
3588 2805 3710 2860 cin-

2056 2889 2145 2943 xit
2171 2894 2231 2944 et
2258 2889 2436 2946 fossis
2460 2891 2748 2964 abruptis,
2780 2898 3081 2964 totamque
3106 2893 3280 2964 aquis
3302 2892 3514 2965 perﬂui
3543 2893 3707 2962 fecit,

2057 2993 2310 3049 quarum
2330 2979 2585 3036 decursu
2614 2981 2771 3037 horti
2802 2982 3156 3056 rigarentur.
3185 2982 3266 3037 Ad
3288 2982 3414 3038 haec
3437 2988 3607 3039 senta
3634 3000 3708 3039 ex

2056 3082 2200 3122 auro
2226 3067 2432 3124 ductili
2464 3086 2679 3143 magna
2707 3072 2813 3126 800
2841 3071 3000 3138 fecit,
3032 3072 3238 3127 hastas
3266 3074 3390 3140 300,
3407 3072 3707 3144 aliamque

2055 3163 2421 3215 armaturam
2446 3175 2687 3216 auream
2718 3160 3039 3233 plurimam
3068 3178 3082 3216 :
3116 3163 3262 3233 quin
3289 3166 3346 3217 et
3362 3179 3499 3218 vasa
3520 3163 3708 3233 ipsius

2056 3249 2117 3300 et
2146 3244 2379 3304 lavacra
2407 3249 2608 3305 omnia
2637 3265 2818 3306 aurea
2842 3256 3032 3319 erant,
3064 3267 3260 3323 neque
3292 3250 3479 3322 ipsius
3534 3254 3708 3306 aetate

290 3342 401 3400 Καὶ
462 3342 652 3415 μέντοι
704 3340 797 3396 καὶ
854 3338 921 3394 τὰ
977 3338 1141 3409 σκεύη
1190 3336 1354 3393 αὐτοῦ
1408 3336 1498 3392 καὶ
1565 3336 1618 3391 οἱ
1676 3334 1943 3409 λουτῆρες

2062 3334 2124 3390 in
2152 3336 2341 3408 pretio
2367 3336 2566 3409 aliquo
2597 3345 2907 3411 argentum
2936 3313 3284 3396 habebatur.
3315 3313 3535 3395 l‘lavem
3554 3355 3708 3412 quo-

291 3436 478 3510 χρυσᾶ
506 3429 685 3484 πάντα
723 3429 999 3506 ὑπῆρχον,
1030 3426 1121 3482 καὶ
1150 3426 1250 3482 οὐκ
1287 3427 1354 3495 ἦν
1408 3424 1665 3500 ἀργύριον
1716 3421 1943 3499 λογιζό-

292 3541 456 3595 μενον
489 3516 543 3575 ἐν
572 3522 694 3579 ταῖς
732 3518 970 3593 ἡμέραις
1022 3515 1210 3573 αὐτοῦ.
1260 3516 1384 3573 Ὅτι
1423 3517 1551 3577 ναῦς
1604 3513 1769 3569 αὐτοῦ
1813 3512 1947 3568 ἰπο-

289 3609 480 3684 ρεύετο
513 3608 590 3669 εἷς
636 3612 860 3680 Θαρσεῖς
918 3607 1006 3661 καὶ
1066 3602 1156 3662 διὰ
1211 3606 1428 3680 χρόνων
1485 3609 1653 3681 τριῶν
1708 3600 1944 3678 ἤρχετο,

288 3699 531 3776 Ῡὲρουσα
556 3695 785 3775 χρυσίον
816 3693 962 3751 πολὺ
992 3695 1079 3750 καὶ
1149 3692 1406 3771 ἀργύριον
1458 3693 1549 3748 καὶ
1605 3692 1793 3757 λίθους
1849 3712 1946 3747 το-

288 3787 513 3861 ρευτοὺς
542 3786 635 3841 καὶ
665 3783 889 3847 ὀδόντας
923 3783 1226 3862 ἐλεφάντων
1255 3782 1347 3838 κάὶ
1380 3787 1466 3855 [Ρ.
1516 3784 1609 3856 94]
1650 3784 1943 3853 πιθήκους.

288 3878 387 3934 Καὶ
416 3873 593 3931 ἔδωκε
626 3872 903 3949 Σολομῶν
958 3874 1021 3928 τὸ
1075 3873 1309 3953 χρυσίον
1354 3871 1445 3928 καὶ
1480 3873 1544 3927 τὸ
1587 3869 1850 3947 ἀργύριον
1892 3869 1944 3924 ἒν

288 3966 663 4042 Ἰερουσαλήμ
690 3964 767 4025 ὡς
812 3961 1031 4032 λίθους,
1083 3962 1174 4018 καὶ
1224 3962 1320 4023 τὰς
1372 3957 1601 4037 κὲδρους
1652 3961 1728 4023 ὡς
1785 3980 1946 4016 συκα-

296 4055 491 4129 μίνους
523 4054 602 4116 εἰς
632 4050 870 4123 πλῆθος.
901 4053 981 4109 Τὸ
1010 4049 1068 4107 δὲ
1124 4072 1187 4128 γε
1232 4049 1447 4126 ἃριστον
1488 4049 1655 4107 αὐτοῦ
1709 4052 1775 4120 ἧν
1830 4050 1949 4114 καθ’

292 4146 507 4219 ἡμέραν
537 4143 696 4217 κόροι
753 4137 1094 4215 σεμιδάλεως
1140 4140 1191 4195 λ’
1220 4141 1273 4215 (ό
1304 4136 1363 4195 δὲ
1410 4138 1574 4215 κόρος
1622 4137 1795 4195 ἐποίει
1846 4135 1949 4212 μόο

294 4230 383 4289 δια
408 4231 483 4307 λ’)
513 4231 604 4289 καὶ
632 4230 797 4306 κόροι
825 4228 1067 4306 ἀλούρου
1123 4229 1585 4303 κεκοπανισμένου
1627 4227 1690 4299 ξ’,
1745 4226 1949 4306 μόσχοι

289 4320 545 4378 ἐκλεκτοὶ
577 4317 729 4388 δέκα,
763 4320 888 4395 βόες
925 4317 1159 4395 νομάδες
1205 4318 1352 4375 ὀκτὼ
1392 4339 1484 4374 και
1533 4312 1781 4394 πρόϐατα
1829 4317 1951 4373 ἕκα-

289 4413 404 4478 τὸν,
437 4411 601 4473 ἐκτὸς
634 4408 851 4486 ἐλάφων
894 4410 984 4465 καὶ
1032 4409 1265 4485 ὀρνίθων
1314 4406 1587 4464 ἐκλεκτῶν
1630 4408 1720 4462 καὶ
1771 4426 1950 4461 σιτευ-

288 4506 415 4556 τῶν.
454 4502 586 4574 Περὶ
621 4496 773 4572 δέγε
828 4506 929 4568 τῆς
985 4496 1207 4568 πολλῆς
1267 4499 1585 4578 φρονήσεως
1642 4497 1810 4552 αὐτοῦ
1860 4494 1952 4550 καὶ

294 4588 512 4667 σοφίας,
543 4588 613 4658 ἦς
646 4587 845 4667 εἴληφε
872 4588 1018 4664 παρά
1055 4592 1190 4643 θεοῦ
1219 4593 1319 4661 τοῦ
1346 4587 1606 4667 ὀφθέντος
1656 4583 1805 4657 αὗτῷ
1849 4581 1953 4653 δὶς,

2052 3440 2167 3495 que
2198 3425 2472 3496 habebat,
2497 3442 2631 3499 quas
2662 3429 2869 3484 Tarses
2900 3428 3158 3500 petebat,
3179 3444 3248 3484 ac
3278 3428 3539 3485 triennio
3561 3445 3710 3500 quo-

2052 3524 2167 3585 clue
2197 3531 2431 3571 reversa
2463 3516 2610 3574 165
2645 3517 2903 3573 multum
2933 3516 3062 3573 auri
3095 3519 3449 3590 argentique
3497 3534 3709 3591 appor-

2051 3602 2234 3670 tabat,
2265 3610 2325 3660 et
2354 3604 2583 3677 lapides
2613 3611 2900 3675 tornatos,
2930 3606 3078 3663 ebur
3099 3623 3167 3663 ac
3189 3607 3712 3679 simias.Reposuit

2052 3698 2252 3747 autem
2282 3694 2565 3750 Solomon
2586 3696 2966 3752 Jerusalemai
2991 3712 3204 3752 aurum
3231 3702 3291 3751 et
3313 3702 3631 3770 argentum
3646 3697 3711 3752 in

2054 3788 2219 3839 tanta
2236 3784 2619 3842 multitudine
2634 3793 2855 3858 quanta
2873 3786 3025 3842 solet
3037 3803 3165 3842 esse
3182 3785 3708 3857 lapidum,cedros~

2055 3888 2170 3943 que
2200 3889 2271 3929 ea
2300 3875 2471 3946 capia
2489 3891 2622 3945 qua;
2644 3881 2734 3929 est
2757 3880 2845 3930 est
2868 3875 3332 3946 sycaminorum.
3355 3873 3628 3939 Quotidie
3650 3874 3712 3928 in

2055 3962 2372 4032 prandium
2403 3964 2533 4035 ejus
2566 3963 3018 4019 insumebantur
3043 3962 3256 4018 simila
3278 3962 3401 4018 cori
3424 3963 3492 4016 30
3514 3962 3713 4034 (coms

2055 4052 2124 4105 30
2153 4051 2384 4107 modios
2413 4052 2721 4124 continet),
2754 4053 2961 4108 farinae
2986 4051 3259 4108 cribratee
3285 4051 3408 4107 cori
3430 4053 3518 4119 60,
3542 4049 3711 4106 vituli

2057 4139 2230 4197 electi
2262 4143 2347 4210 l0,
2379 4141 2557 4197 boves
2587 4142 2687 4213 qui
2716 4143 2778 4198 in
2807 4142 3044 4213 pascuis
3064 4140 3308 4197 aluntur
3335 4143 3390 4208 8,
3423 4155 3561 4196 oves
3585 4139 3707 4208 100,

2058 4234 2274 4301 prmter
2304 4245 2505 4286 cervos
2536 4236 2712 4301 atque
2742 4246 2876 4287 aves
2906 4231 3128 4287 electas
3158 4236 3216 4286 et
3246 4229 3466 4285 altiles.
3499 4229 3587 4285 De
3618 4228 3711 4285 in-

2058 4318 2217 4392 genti
2248 4326 2448 4375 autem
2482 4320 2669 4393 ipsius
2699 4321 3011 4394 sapientia,
3043 4336 3223 4392 quam
3263 4337 3298 4376 a
3327 4321 3445 4375 Deo
3472 4318 3566 4374 bis
3596 4318 3711 4391 ipsi

2059 4407 2185 4463 viso
2215 4409 2463 4481 accepit,
2497 4408 2633 4465 audi
2675 4409 2817 4481 quid
2851 4427 3062 4467 rursus
3093 4409 3169 4466 ad
3198 4408 3397 4481 ipsum
3427 4408 3714 4464 Dominus

2060 4494 2217 4553 dical
2247 4514 2260 4552 :
2293 4521 2319 4547 «
2354 4500 2500 4555 Ecce
2530 4498 2666 4555 dedi
2688 4499 2794 4555 tibi
2818 4516 2920 4555 cor
2942 4499 3208 4571 prudens
3232 4515 3300 4555 ac
3325 4499 3598 4571 sapiens:
3625 4497 3712 4554 tui

2062 4588 2277 4643 similis
2308 4605 2500 4662 neque
2531 4595 2669 4646 ante
2702 4596 2756 4646 te
2785 4590 2897 4646 fuit
2925 4607 3120 4662 neque
3152 4591 3266 4647 erit
3295 4596 3431 4662 post
3462 4589 3711 4645 te.Divi-

296 4675 525 4733 ἃκουοον
556 4678 613 4733 τί
641 4676 810 4733 πάλιν
838 4678 868 4731 ὁ
917 4678 1048 4739 Θεός
1095 4698 1229 4755 φησι
1276 4676 1413 4751 πρὸς
1463 4674 1648 4730 αὐτόν·
1709 4695 1732 4725 ι
1780 4670 1944 4747 Ἰδοὺ,

2059 4676 2167 4732 tias
2197 4693 2454 4749 quoque,
2484 4678 2736 4751 gloriam
2767 4685 2825 4736 et
2854 4697 2997 4752 opes
3030 4679 3141 4735 tibi
3182 4678 3335 4735 dabo
3368 4678 3433 4732 ⁸³.
3473 4701 3495 4727 ι
3529 4676 3713 4745 quue

293 4764 510 4823 δέδωκά
538 4787 628 4822 σοι
655 4764 881 4842 καρδίαν
922 4765 1198 4845 φρονίμην
1237 4765 1330 4821 καὶ
1386 4765 1577 4840 σοφήν·
1617 4763 1694 4826 ὡς
1740 4762 1827 4834 σὺ,
1880 4763 1946 4819 οῦ

294 4856 519 4932 γέγονεν
579 4854 884 4931 ἔμπροσθέν
941 4875 1059 4925 σου,
1114 4854 1206 4910 καὶ
1265 4854 1403 4928 μετᾶ
1457 4853 1516 4911 σὲ
1565 4851 1666 4908 οὐκ
1721 4851 1951 4924 ἀναστή-

303 4966 450 5001 σεται
481 4945 678 5018 εμοιός
705 4965 813 5003 σοι.
848 4943 954 5001 Καὶ
1003 4945 1243 5000 πλοῦτον
1300 4944 1389 4998 καί
1443 4940 1599 5014 δόξαν
1651 4942 1743 4999 καὶ
1802 4941 1948 5018 χρή-

304 5054 448 5107 ματα
508 5031 671 5090 δώσω
730 5053 838 5091 σοι.
897 5056 927 5086 ιι
985 5033 1084 5089 Καὶ
1137 5035 1298 5089 τοῦτο
1370 5029 1617 5104 δηλοῦσα
1672 5031 1708 5102 ἡ
1763 5031 1949 5109 Γραφή

302 5120 492 5196 ἰπάγει
517 5120 775 5199 λέγουσα*
811 5146 840 5175 ι(
867 5118 1080 5181 Ἔδωκε
1110 5121 1311 5196 Κύριος
1342 5120 1600 5197 φρόνησιν
1629 5123 1709 5192 τῷ
1764 5118 1952 5175 Σολο-

304 5213 497 5281 μῶντι,
556 5213 646 5266 καὶ
731 5210 924 5291 σοφίαν
1009 5208 1227 5279 πολλὴν
1308 5206 1536 5289 σφόδρα,
1615 5207 1707 5265 καὶ
1791 5207 1949 5288 χύμα

296 5296 520 5372 καρδίας
552 5300 629 5362 ὡς
668 5302 704 5371 ἡ
737 5299 924 5374 ἄμμος
958 5301 994 5370 ἡ
1025 5299 1170 5374 παρᾶ
1217 5299 1318 5368 τὴν
1369 5296 1659 5355 θάλασσαν.
1696 5322 1723 5350 ››
1782 5297 1947 5355 Εἰκό-

297 5407 410 5449 τως
441 5387 531 5443 οὖν
558 5391 625 5445 ἒκ
658 5386 1032 5465 παραλλήλου
1053 5388 1143 5444 καὶ
1192 5392 1300 5443 τῶν
1354 5387 1527 5444 πάλαι
1566 5388 1945 5464 γεγενημένων

298 5473 527 5548 ἀρίστων
558 5481 741 5557 σοφῶν
771 5476 1039 5551 ἐμνήσθη,
1076 5473 1169 5531 καὶ
1219 5475 1349 5538 τοὺς
1386 5474 1718 5553 Αἰγυπτίους
1767 5492 1942 5551 προσ·

295 5561 528 5628 τέθεικεν
556 5565 635 5627 ὡς
662 5564 956 5630 δοκοῦντας
1003 5564 1150 5641 παρὰ
1202 5568 1365 5620 πᾶσιν
1425 5565 1562 5621 εἶναι
1618 5563 1818 5641 σοφούς
1882 5583 1943 5620 τε

296 5651 391 5708 καί
420 5655 737 5733 φρονίμους.
770 5653 874 5715 Καὶ
901 5655 1004 5734 γὰρ
1061 5652 1138 5720 ὡς
1182 5650 1457 5726 ’Έλληνες
1500 5652 1803 5733 ἱστοροῦσι,
1846 5648 1938 5711 καὶ

370 5778 423 5820 ⁸⁸
446 5779 698 5858 Πιιιίοε.
720 5798 811 5858 ω,
841 5782 932 5844 ιι.
1005 5779 1055 5822 ⁸⁴
1079 5781 1161 5842 ιιι
1186 5781 1324 5857 Reg.
1354 5796 1410 5852 ν,
1444 5779 1551 5853 l2;
1580 5796 1656 5853 iv,
1690 5779 1784 5842 32.

2056 4764 2368 4822 declarans
2395 4768 2695 4838 Scriptura
2723 4769 2807 4824 sic
2838 4769 3019 4824 infert
3070 4767 3156 4823 διε
3216 4790 3237 4817 ι
3297 4765 3469 4821 Dedit
3519 4762 3717 4819 Domi-

2060 4869 2175 4909 nus
2205 4854 2507 4910 Solomoni
2534 4855 2992 4929 intelligentiam
3050 4855 3524 4928 sapientiamque
3554 4866 3714 4906 sum-

2060 4958 2240 5010 mam,
2263 4960 2485 5016 corque
2503 4949 2588 5001 tot
2612 4962 2811 5002 rerum
2834 4946 3049 5019 peritia
3069 4946 3426 5001 instructum
3448 4944 3708 5012 quantus

2060 5038 2152 5089 est
2169 5049 2366 5089 arena;
2390 5033 2450 5088 in
2465 5033 2662 5091 littore
2679 5035 2857 5091 maris
2875 5051 3217 5091 numerus.»
3233 5034 3711 5089 Consentaneum

2060 5122 2266 5194 ituque
2297 5128 2406 5187 est,
2440 5123 2600 5195 quod
2629 5130 3007 5196 comparatur
3026 5130 3202 5194 atque
3226 5120 3539 5194 prmfertur
3561 5117 3713 5174 etiis

2059 5211 2161 5284 qui
2190 5211 2347 5284 apud
2380 5214 2606 5284 priscos
2637 5214 2870 5269 fuerant
2901 5212 3201 5284 sapientes
3232 5208 3418 5265 habiti
3450 5225 3518 5264 ac
3566 5224 3715 5279 pra:-

2059 5300 2434 5367 stantissimi,
2468 5306 2527 5357 et
2568 5302 2712 5374 ipsis
2741 5300 3045 5375 Egyptiis,
3075 5300 3174 5371 qui
3194 5297 3347 5371 apud
3368 5314 3578 5354 omnes
3603 5312 3716 5352 no-

2056 5407 2194 5445 men
2215 5390 2551 5463 sapientum
2572 5390 2809 5447 habent.
2844 5392 2989 5446 Nam
3022 5389 3195 5445 sicuti
3227 5386 3412 5444 Graeci
3445 5391 3713 5445 narrant.

2051 5478 2422 5551 Pherecydes
2441 5480 2665 5552 Syrius,
2688 5480 3051 5553 Pythagoras
3069 5478 3714 5551 Samius,Anaxagoras

2051 5566 2772 5641 Clazomenius,Platoque
2786 5568 3170 5625 Atheniensis
3182 5566 3257 5625 ad
3268 5567 3573 5642 Egyptios
3584 5582 3690 5638 pro

2046 5656 2185 5718 fecti
2195 5662 2336 5716 sunt
2346 5673 2450 5733 spe
2460 5675 2663 5719 rerum
2673 5657 3079 5721 divinarumac
3088 5663 3318 5718 natura:
3328 5656 3721 5732 cognitionem
