4186 6190
324 241 427 300 201

1454 237 1820 299 HISTORIA
1836 234 1998 295 RUM
2043 233 2585 296 COMPENDIUM.

3603 239 3721 298 202

321 346 374 424 ὅν
403 369 612 439 ἥκουσα
643 371 695 426 ἐν
829 375 900 446 γῇ
935 392 1060 445 μου,
1100 372 1186 427 καὶ
1221 373 1323 427 οὐκ
1351 367 1464 426 ἔστι
1504 372 1567 427 τὸ
1596 353 1802 443 δῆμισυί
1823 351 1962 422 meo-

2091 357 2257 440 quam
2288 369 2715 426 inaudiveram.
2749 371 2971 426 Felices
3021 373 3283 443 profecto
3334 366 3630 427 mulieres
3667 377 3728 428 et

321 459 394 520 ὼς
452 459 738 535 ἀπηγγέλη
813 481 926 533 μοι·
1009 460 1232 518 πλείονα
1316 463 1420 538 γὰρ
1479 460 1694 534 ἑώρακα
1751 458 1884 524 ὑπὲρ
1935 455 1976 538 ἄν

320 546 547 618 ⁴ἥκουσα.
591 550 865 624 Μακάριαι
924 556 1054 626 γοῦν
1111 552 1166 606 αἱ
1215 556 1460 628 γυναῖκες
1519 549 1610 605 καὶ
1667 550 1723 603 οἱ
1782 545 1968 608 παῖδές

321 658 436 704 σο),
469 639 522 692 οἱ
554 639 952 712 παρεστηκότες
982 640 1132 695 οὗτοι
1183 639 1410 696 ἐνὼπιόν
1453 660 1552 694 σου
1597 638 1688 694 καὶ
1748 635 1970 692 ἀκούον-

321 747 406 788 τες
435 726 564 788 τοὺς
621 725 824 804 λόγους
881 736 980 798 τῆς
1034 731 1348 806 φρονήσεώς
1409 750 1524 785 σου.
1563 753 1590 780 ››
1652 727 1747 784 Καὶ
1806 723 1970 781 δοῦσα

324 815 469 889 αὐτῷ
500 817 735 894 χρυσίου
763 817 1004 874 τάλαντα
1060 819 1247 875 ἑκατὸν
1307 817 1479 874 εῗ’κοσι
1534 817 1624 872 καὶ
1681 815 1971 888 ⁹ἡδύσματα

324 904 508 960 πολλὰ
537 904 628 960 καὶ
663 905 850 969 λίθους
889 908 1122 980 τιμίους·
1159 907 1249 962 καὶ
1298 905 1363 978 δὴ
1396 907 1486 963 καὶ
1535 907 1635 976 τὴν
1681 909 1778 961 τοῦ
1835 905 1970 959 ὀπο-

321 988 610 1065 ϐαλσάμου
645 995 818 1068 ῥίζαν,
850 995 941 1071 ἀφ’
984 994 1046 1051 οὗ
1103 999 1138 1066 ἡ
1193 994 1529 1067 Παλαιστίνη
1577 1000 1740 1050 τοῦτο
1793 994 1972 1070 γεώρ-

319 1104 435 1157 γιον
475 1078 655 1158 ἔσχεν,
688 1081 763 1147 ὥς
808 1106 971 1163 φησιν
1027 1087 1320 1156 Ἰώσηπος,
1371 1085 1697 1163 ὑπέστρεψεν
1744 1084 1820 1148 εἷς
1869 1085 1966 1151 τήν

321 1179 422 1245 γῆν
474 1173 644 1238 αὐτῆς
704 1173 1258 1249 ὑπερεκπληττομένη
1303 1173 1446 1232 λίαν.
1509 1174 1639 1249 Περὶ
1695 1175 1762 1244 ἧς
1819 1173 1970 1228 καὶὸ

323 1259 522 1336 Κύριος
554 1255 679 1338 ἔφη’
714 1287 741 1314 ‹‹
781 1262 1076 1320 Βασίλισσα
1103 1264 1284 1321 Νότου
1312 1262 1479 1333 ἦλθεν
1539 1263 1598 1320 ἐκ
1647 1269 1753 1320 τῶν
1805 1265 1969 1337 περά-

316 1369 422 1404 των
449 1357 553 1420 τῆς
585 1358 692 1426 γῆς
723 1350 855 1406 ἰδεῖν
897 1354 995 1424 τήν
1065 1353 1258 1428 σοφίαν
1319 1352 1704 1426 Σολομῶντος.
1739 1378 1766 1406 ››
1827 1351 1970 1428 Πρὸς

319 1437 376 1493 ὅν
413 1439 602 1512 μέντοι
635 1441 724 1496 καὶ
762 1444 941 1517 Σιρᾶχ
973 1444 1002 1498 ὁ
1035 1443 1352 1516 σοφώτατος
1389 1437 1561 1518 ἔλεγε
1615 1467 1642 1494 ‹‹
1675 1439 1971 1515 Σολομῶν,

317 1525 609 1604 ἐσοφίσθης
640 1528 693 1584 ἐν
723 1530 933 1601 νεότητί
968 1552 1088 1601 σου,
1114 1531 1204 1586 καὶ
1263 1531 1608 1602 ἐνεπλήσθης
1665 1530 1741 1592 ὡς
1802 1550 1972 1586 ποτα-

318 1617 417 1686 μὸς
479 1619 761 1698 συνέσεως.
821 1625 932 1689 Γῆν
1009 1618 1343 1694 ἐπεκάλυψεν
1399 1623 1434 1690 ἡ
1497 1619 1656 1700 σοφία
1707 1640 1824 1690 σου,
1883 1618 1971 1672 καὶ

2079 463 2245 534 pueri
2279 463 2379 534 qui
2413 479 2621 526 coram
2643 467 2698 517 te
2733 468 2927 518 astant
2957 468 3204 536 tuosque
3257 463 3554 536 sapientes
3602 480 3730 532 ser-

2081 568 2288 608 mones
2310 551 2641 608 audiunt“.
2666 575 2694 602 »
2719 552 2970 608 Proinde
2993 541 3519 608 cum’Salomonem
3539 547 3638 608 1'20
3654 545 3733 607 ta-

2081 641 2260 696 lentis
2290 643 2440 708 auri,
2475 641 2674 698 multis
2704 642 3068 698 aromatibus
3090 648 3266 713 atque
3297 643 3568 714 gemmis,
3592 659 3734 698 nec-

2081 747 2202 786 non
2217 731 2582 802 opobalsami
2606 731 2798 787 radice
2821 731 3125 796 donasset,
3152 732 3307 786 unde
3332 749 3462 787 eam
3485 733 3731 804 stirpem

2081 822 2144 877 in
2174 823 2492 878 Palaastina
2523 823 2832 894 propagari
2885 829 3134 894 emptam
3182 823 3477 896 Josephus
3521 822 3727 890 refert,

2083 913 2309 986 ingenti
2338 913 2731 968 admiratione
2755 913 3027 983 perculsa
3044 913 3285 968 domum
3312 913 3596 968 rediit.De
3619 913 3730 968 hac

2083 1004 2260 1058 etiam
2295 1003 2579 1060 Dominus
2609 1000 2756 1056 dixit
2782 1000 2829 1034 ⁵⁷
2859 1001 2930 1056 ab
2965 1002 3243 1057 extremis
3281 1008 3454 1064 terrae
3511 1001 3730 1057 ﬁnibus

2083 1092 2410 1148 austrinam
2443 1091 2674 1146 venisse
2707 1091 2993 1163 reginam,
3038 1096 3103 1146 ut
3151 1091 3504 1162 sapientiam
3562 1090 3727 1156 Solo-

2083 1181 2280 1236 monis
2337 1185 2625 1238 cerneret.
2687 1181 2758 1234 Et
2817 1180 3090 1236 Sirachus
3147 1180 3592 1253 sapientissima
3647 1179 3730 1235 ita

2086 1287 2221 1328 eum
2248 1269 2573 1340 alloquitur
2603 1267 2687 1322 δδε
2723 1290 2750 1318 «ι
2783 1269 2826 1324 0
2860 1268 3161 1334 Solomon,
3197 1269 3255 1324 in
3287 1269 3598 1341 juventute
3630 1276 3732 1334 tua

2087 1360 2323 1431 sapiens
2354 1359 2542 1414 factus
2567 1375 2650 1425 es,
2683 1363 2858 1429 atque
2892 1358 3085 1414 amnis
3117 1359 3306 1414 instar
3345 1358 3592 1414 scientia
3620 1358 3734 1412 im-

2086 1449 2298 1520 pletus.
2332 1448 2633 1520 Sapientia
2656 1454 2757 1504 tua
2787 1454 3008 1504 terram
3042 1448 3461 1519 texit,eamque
3493 1447 3740 1520 parabo-

2085 1537 2160 1592 lis
2193 1538 2244 1592 ei
2273 1537 2592 1592 subtilibus
2625 1537 3053 1607 quaestionibus
3087 1537 3406 1608 replevisti.
3452 1529 3642 1607 Longe
3673 1536 3735 1590 in

2089 1627 2317 1686 insulas
2349 1632 2405 1681 et
2439 1633 2696 1683 remotas
2728 1634 2914 1682 terras
2941 1635 3042 1684 tua
3094 1629 3382 1684 memoria
3432 1626 3736 1702 pervenit:

317 1704 624 1775 ἒνέπΑησας
681 1707 735 1763 ἐν
795 1705 1140 1784 παραϐολαῖς
1192 1709 1550 1786 αἰνιγμάτων.
1613 1709 1706 1770 Εἰς
1774 1710 1972 1780 νήσους

2091 1719 2417 1789 charusque
2449 1717 2612 1772 fuisti
2649 1718 2708 1772 in
2755 1718 2954 1787 quiete
3011 1723 3130 1786 tua,
3181 1718 3460 1774 divinitus
3514 1716 3737 1788 paratis

316 1792 507 1868 πόρρω
537 1797 629 1850 καὶ
666 1799 874 1870 μακράς
924 1798 1112 1874 χώρας
1145 1798 1366 1854 ἀφίκετό
1427 1820 1522 1854 σου
1574 1799 1636 1854 τὸ
1691 1797 1976 1872 μνημόσυ-

317 1905 429 1952 νον,
463 1886 556 1939 καὶ
589 1889 887 1960 ἠγαπήθης
921 1887 975 1942 ἐν
1004 1892 1072 1961 τῇ
1125 1888 1315 1964 είρηνῃ
1374 1909 1491 1958 σου,
1536 1888 1602 1958 ἢν
1648 1889 1975 1944 κατέπαυσεν

324 1975 349 2027 ὁ
379 1974 516 2036 Θεὸς
546 1973 837 2040 κυκλόθεν.
871 1978 972 2033 Καὶ
1007 1974 1178 2050 ᾠδαῖς
1215 1979 1306 2032 καὶ
1363 1977 1682 2055 παροιμίαις
1728 1977 1817 2032 καὶ
1875 1999 1980 2032 πα-

327 2058 597 2138 ραϐολαῖς
647 2065 1099 2140 ἐθαυμαστώθης.
1160 2067 1270 2122 Καὶ
1318 2069 1616 2144 συνήγαγες
1670 2066 1744 2128 ὡς
1799 2066 1981 2122 κασσί-

320 2171 476 2227 τερον
503 2154 568 2208 τὸ
601 2156 854 2229 χρυσίον,
889 2155 974 2210 καί
1008 2156 1081 2218 ὡς
1133 2151 1400 2229 μόλιϐδον
1460 2155 1768 2226 ἑπλήθυνας
1817 2154 1978 2232 ἄργυ-

319 2259 432 2311 ρον.
501 2239 682 2296 Ἀλλὰ
730 2241 1059 2318 παρὲκλινας
1115 2243 1211 2307 τὰς
1293 2241 1528 2318 λαγόνας
1599 2265 1694 2298 σου
1745 2243 1974 2318 γυναιξὶ,

326 2329 416 2383 καί
476 2328 888 2400 ἐνεξουσιάσθης
941 2332 994 2386 ἐν
1051 2336 1130 2404 τῷ
1189 2331 1400 2405 σώματί
1449 2355 1566 2403 συυ,
1621 2334 1708 2388 καὶ
1766 2329 1976 2394 ἔδωκας

317 2426 517 2495 μῶμον
550 2422 604 2476 ἐν
635 2427 704 2496 τῇ
740 2420 870 2496 δόξῃ
932 2444 1056 2491 σου,
1096 2423 1185 2477 καὶ
1244 2418 1594 2494 ἐϐεὸήλωσας
1653 2423 1717 2478 τὸ
1765 2420 1979 2496 σπέρμα

322 2531 438 2580 σου,
476 2509 772 2586 ἐπαγαγεῖν
819 2510 984 2586 ὀργὴν
1039 2510 1130 2567 ἐπὶ
1177 2513 1242 2566 τὰ
1297 2511 1452 2567 τέκνα
1512 2533 1628 2568 σου.
1663 2534 1692 2564 ››
1733 2509 1808 2568 Οὐ
1868 2512 1978 2582 μὴν

325 2611 379 2668 δὲ
411 2609 564 2666 ἀλλὰ
593 2609 684 2664 καὶ
717 2607 878 2672 αὐτὸς
908 2605 976 2663 δι’
1004 2609 1195 2664 ἑαυτοῦ
1251 2607 1552 2688 σαφίστατα
1598 2606 1720 2682 περὶ
1771 2609 1855 2680 [Ρ.
1887 2607 1979 2678 96]

320 2709 419 2770 τῆς
465 2697 607 2760 ’ἰδίας
642 2697 833 2774 σοφίας
871 2697 960 2752 καὶ
991 2701 1090 2752 τοῦ
1119 2696 1362 2753 πλούτου
1403 2696 1589 2775 φησίνο
1651 2721 1679 2748 ‹‹
1713 2693 1874 2768 Ἐμοὶ
1901 2691 1981 2750 ,δὲ

323 2789 440 2864 δῴη
495 2791 524 2844 ὁ
581 2789 712 2848 Θεὸς
773 2789 910 2844 κατά
959 2787 1183 2864 γνώμην
1244 2787 1411 2842 εἰπεῖν
1464 2786 1554 2841 καὶ
1612 2784 1981 2858 ἐνθυμηθῆναι

320 2881 489 2949 ἀξίως
519 2882 628 2933 τῶν
663 2877 1001 2951 λεγομὲνων,
1061 2876 1144 2936 ὅτι
1202 2875 1363 2938 αὐτὸς
1411 2877 1439 2930 ὁ
1481 2873 1676 2950 Κύριος
1734 2875 1822 2930 καὶ
1882 2881 1982 2943 τῆς

319 2966 516 3045 σοφίας
552 2963 752 3039 όδηγός
783 2963 895 3020 ἐστι
934 2965 1026 3019 καὶ
1083 2968 1190 3020 τῶν
1250 2967 1432 3040 σοφῶν
1501 2959 1830 3036 διορθωτής.
1891 2963 1982 3020 Ἐν

2086 1809 2308 1864 circum
2333 1813 2386 1862 te
2410 1806 2772 1879 regionibus.
2807 1808 3082 1864 Carmina
3114 1812 3231 1873 tua,
3269 1806 3516 1862 dicteria
3546 1811 3605 1860 et
3632 1821 3734 1886 pa-

2085 1898 2304 1954 rabolae
2334 1896 2790 1953 admirationem
2824 1898 2908 1954 tui
2936 1897 3286 1952 excitarunt.
3315 1899 3540 1952 Aurum
3567 1894 3732 1965 cupri

2085 1988 2274 2042 instar
2303 1986 2614 2058 collegisti,
2647 2001 2714 2040 ac
2747 1992 3054 2057 argentum
3081 2003 3150 2042 ea
3180 1985 3351 2058 cepia
3378 2002 3445 2045 ac
3463 1985 3512 2039 si
3537 1984 3736 2056 plum-

2084 2076 2228 2132 bum
2259 2081 2434 2143 esset.
2469 2075 2776 2130 Enimvero
2809 2075 2995 2130 lumbi
3038 2076 3122 2130 tui
3164 2074 3518 2130 mulieribus
3549 2073 3735 2132 dediti

2085 2167 2346 2232 fuerunt,
2383 2171 2603 2237 tuoque
2637 2182 2699 2222 es
2729 2166 2947 2221 abusus
2977 2182 3244 2237 corpore.
3297 2167 3486 2231 Quare
3534 2163 3736 2238 gloriae

2087 2263 2202 2312 tuae
2233 2256 2525 2312 maculam
2561 2256 2896 2323 innussisti,
2928 2261 3210 2326 tuamque
3235 2254 3576 2340 progeniem
3599 2269 3736 2309 con-

2088 2345 2412 2412 taminasti,
2439 2345 2774 2415 iratumque
2806 2344 2958 2415 proli
2995 2350 3107 2399 tua;
3141 2345 3326 2399 Deum
3349 2341 3682 2398 reddidisti.
3711 2364 3738 2391 ››

2087 2438 2169 2490 Ac
2200 2434 2325 2505 ipse
2358 2433 2598 2504 quidem
2631 2433 2754 2487 suis
2775 2433 2965 2487 verbis
2988 2433 3359 2504 apertissime
3387 2431 3740 2502 sapientiam

2087 2522 2439 2592 divitiasque
2463 2538 2600 2576 suas
2626 2521 2928 2592 praadicat.
2946 2543 2971 2569 ‹‹
2991 2521 3152 2587 Mihi,
3174 2521 3436 2587 ait,Deus
3455 2519 3739 2590 largiatur

2087 2616 2153 2666 ut
2185 2616 2342 2666 recte
2373 2610 2622 2683 cogitem
2649 2615 2825 2681 atque
2858 2609 3104 2680 eloquar
3133 2625 3264 2679 quze
3283 2608 3580 2680 dicuntur.
3608 2608 3740 2678 Ipse

2088 2700 2249 2755 enim
2281 2700 2565 2754 Dominus
2599 2706 2655 2754 et
2705 2700 2995 2754 saoientia
3037 2697 3158 2752 dux
3204 2704 3295 2754 est
3322 2687 3398 2758 ist
3441 2697 3740 2774 sapientes

2088 2790 2325 2862 dirigit:
2356 2791 2572 2862 quippe
2600 2790 2663 2844 in
2695 2806 2875 2846 manu
2898 2789 3028 2860 ejus
3048 2794 3107 2846 et
3127 2805 3236 2845 nos
3259 2805 3464 2850 sumus
3489 2794 3543 2843 et
3563 2787 3737 2855 ratio-

2088 2895 2194 2934 nes
2225 2885 2462 2934 nostrza.
2499 2880 2628 2950 Ipse
2661 2878 2819 2933 enim
2853 2877 2996 2932 mihi
3023 2895 3218 2932 veram
3249 2877 3742 2950 rerumpcognitio-

2089 2984 2248 3036 nem,
2282 2967 2466 3033 dedit,
2496 2972 2560 3022 ut
2589 2968 2802 3022 scirem
2828 2966 3034 3022 mundi
3063 2967 3390 3034 exordium,
3414 2967 3744 3022 elemento-

316 3058 420 3133 γὰρ
449 3056 602 3132 χειρί
626 3055 794 3111 αὗτοῦ
824 3054 913 3109 καὶ
945 3059 1110 3126 ἡμεῖς
1139 3053 1228 3108 καὶ
1261 3054 1312 3108 οἱ
1345 3051 1502 3126 λόγοι
1559 3055 1742 3126 ¹ἡμῶν.
1807 3051 1976 3112 Αὐτὸς

2093 3074 2226 3113 rum
2256 3057 2545 3119 actiones.
2576 3056 2960 3128 principium,
3004 3057 3186 3112 finem
3219 3062 3276 3111 et
3305 3055 3569 3112 medium
3594 3061 3744 3110 tem-

316 3147 418 3222 γάρ
471 3167 570 3219 μοι
631 3141 833 3200 δέδωκε
896 3147 1004 3198 τῶν
1070 3139 1239 3208 ὅντων
1299 3142 1398 3210 τήν
1451 3145 1648 3217 γνῶσιν
1704 3138 1976 3214 ἀψευδῶς,

320 3234 522 3290 εἰδέναι
583 3233 834 3289 σύστασιν
891 3237 992 3288 τοῦ
1048 3232 1262 3304 κόσμου
1337 3230 1428 3285 καὶ
1481 3229 1750 3305 ἐνεργείας
1834 3250 1978 3284 στοι-

322 3324 519 3400 χείων,
551 3323 734 3397 ἀρχὴν
765 3322 856 3376 καὶ
887 3319 1044 3386 τὲλος
1077 3318 1165 3374 καί
1199 3319 1472 3391 μεσότητα
1520 3318 1760 3394 χρόνων,
1804 3316 1974 3372 ἐνιαυ-

315 3419 424 3469 τῶν
459 3410 700 3473 κύκλους
751 3411 840 3464 καὶ
898 3407 1137 3483 ἀστέρων
1196 3407 1390 3474 θέσεις,
1449 3407 1634 3488 φύσεις
1673 3407 1826 3477 ζώων
1883 3406 1976 3461 καὶ

319 3503 530 3575 θυμοὺς
582 3503 808 3573 θηρίων,
865 3498 1186 3570 πνευμάτων
1252 3498 1377 3573 βίας
1432 3498 1519 3552 καὶ
1583 3494 1976 3572 διαλογισμοὺς

317 3591 648 3665 ἀνθρώπων,
680 3585 940 3666 διαφορὰς
963 3591 1144 3666 φυτῶν
1177 3587 1268 3642 καὶ
1327 3583 1586 3659 δυνάμεις
1637 3584 1820 3660 ῥιζῶν,
1879 3585 1978 3639 ὃσα

317 3680 374 3735 τέ
403 3681 520 3735 ἐστι
554 3679 767 3752 κρυπτᾶ
813 3677 907 3732 καὶ
963 3675 1180 3754 ἐμφανῆ
1239 3669 1434 3752 ἔγνων.
1493 3676 1555 3732 Ὀ
1608 3675 1709 3748 γὰρ
1767 3675 1978 3729 πάντων

319 3768 586 3848 τεχνίτης
617 3763 826 3838 ἐδίδαξε
859 3786 925 3838 με
983 3764 1190 3839 σοφίαν,
1253 3767 1354 3819 Καὶ
1409 3763 1517 3840 ἐγὼ
1576 3763 1976 3834 ἐκκλησιαστὴς

323 3857 597 3936 ἱγενόμην
657 3854 913 3932 βασιλεὺς
972 3854 1196 3930 Ἰσραὴλ
1280 3852 1334 3909 ἐν
1419 3851 1808 3926 Ἰερουσαλὴμ,
1887 3852 1978 3907 καὶ

324 3946 508 4004 ἔδωκα
535 3947 634 4015 τὴν
666 3943 890 4022 καρδίαν
946 3965 1050 4018 μου
1096 3945 1192 3999 τοῦ
1239 3942 1534 4014 ἑκζητῆσαι
1582 3943 1672 3998 καὶ
1720 3941 1980 3997 κατασκέ-

325 4040 525 4112 ψασθαι
584 4035 637 4092 ἐν
691 4039 758 4108 τῇ
817 4035 980 4111 σοφίᾳ
1038 4033 1160 4108 περὶ
1218 4036 1326 4088 τῶν
1384 4032 1688 4108 γενομένων
1760 4033 1980 4088 πάντων

329 4127 433 4182 ὑπὸ
471 4126 566 4182 τὸν
609 4123 860 4198 οὐρανόν.
919 4121 1020 4180 Καὶ
1085 4120 1205 4177 ἰδοὺ
1265 4119 1376 4198 ἐγὼ
1434 4119 1834 4198 ἆμεγαλύνθην,
1891 4121 1981 4175 καὶ

328 4213 643 4292 προσέθηκα
672 4213 861 4292 σοφίαν
910 4210 999 4266 ἐπὶ
1059 4217 1220 4266 πᾶσιν
1278 4210 1331 4265 οἳ
1387 4209 1635 4284 ἐγένοντο
1685 4205 1983 4285 ἔμπροσθέν

332 4327 438 4379 μου
471 4301 525 4359 ἐν
586 4299 972 4377 Ἰερουσαλήμ,
1030 4300 1121 4356 καὶ
1195 4296 1391 4375 καρδία
1453 4321 1560 4373 μου
1607 4297 1719 4355 εἶδε
1773 4297 1980 4370 πολλὰ,

2087 3162 2322 3217 porum,
2375 3161 2668 3201 annorum
2717 3144 3120 3211 circuitiones,
3172 3145 3434 3200 siderum
3489 3145 3738 3216 positus,

2089 3241 2332 3292 naturas
2353 3234 3020 3303 animalium,smvitiem
3044 3235 3326 3302 ferarum,
3359 3234 3510 3288 vires
3539 3239 3744 3300 vento-

2088 3324 2558 3386 rnm.hominum
2577 3323 3330 3396 cogitationes.plantarum
3348 3322 3736 3388 differentias,

2084 3413 2353 3470 radicum
2383 3412 2722 3468 facultates.
2756 3411 3006 3484 Cognovi
3040 3400 3242 3466 omnia
3289 3417 3345 3467 et
3398 3411 3632 3466 occulta
3689 3415 3749 3466 et

2088 3503 2405 3558 manifesta
2430 3519 2442 3556 :
2459 3519 2595 3557 nam
2611 3502 2804 3572 opifex
2819 3501 3088 3556 omnium
3103 3501 3383 3556 instruxit
3398 3518 3493 3556 me
3509 3501 3746 3571 sapien-

2089 3592 2186 3646 tia.
2208 3593 2321 3663 Ego
2339 3591 2723 3647 concionator
2739 3590 3164 3662 Hierosolymis
3181 3608 3425 3662 regnum
3442 3591 3502 3646 in
3519 3589 3747 3646 Israeli-

2088 3696 2188 3735 cos
2219 3680 2372 3752 gessi
2399 3696 2412 3745 ;
2441 3679 2768 3750 induxique
2801 3680 2858 3733 in
2881 3680 3148 3734 animum
3171 3696 3372 3735 meum
3397 3680 3741 3752 perquirere

2089 3769 2242 3824 169
2274 3769 2345 3825 de
2377 3768 2675 3832 omnibus,
2718 3785 2785 3824 ac
2825 3768 3125 3839 sapienter
3171 3769 3564 3838 pervestigare
3611 3785 3738 3824 om-

2089 3860 2192 3916 nia
2221 3876 2351 3930 qua)
2371 3858 2480 3913 sub
2501 3857 2647 3914 cmlo
2673 3859 2842 3914 ﬁunt.
2871 3859 3016 3914 Ecce
3041 3858 3333 3930 sapientia
3353 3864 3560 3913 auctus
3581 3875 3731 3927 sum,

2091 3965 2277 4020 eaque
2309 3948 2577 4020 superavi
2610 3963 2818 4002 omnes
2849 3947 2949 4018 qui
2981 3953 3116 4002 ante
3145 3964 3239 4002 me
3269 3947 3510 4002 fuerunt
3530 3948 3739 4002 Hiero-

2092 4039 2359 4111 solymis,
2393 4038 2747 4108 animusque
2778 4053 2945 4091 meus
2976 4037 3299 4092 multarum
3325 4053 3523 4091 rerum
3545 4035 3740 4110 cogni-

2093 4129 2254 4184 tione
2287 4128 2399 4182 fuit
2429 4133 2487 4182 et
2515 4126 2810 4197 sapientia
2857 4125 3162 4198 prwditus,
3217 4125 3515 4198 parabolis
3564 4132 3741 4197 atque

2094 4216 2696 4288 scientiis.Magniﬁce
2719 4216 2918 4271 omnia
2940 4216 3049 4287 egi,
3067 4215 3275 4270 domos
3293 4216 3440 4270 mihi
3457 4214 3744 4282 exstruxi,

2097 4307 2300 4362 vineas
2331 4305 2592 4374 consevi,
2624 4303 2830 4359 hortos
2859 4310 2918 4360 et
2947 4303 3215 4376 pomaria
3267 4303 3518 4369 confeci,
3565 4304 3746 4374 inque

332 4393 520 4473 σοφίαν
553 4390 644 4447 καὶ
703 4394 920 4465 γνῶσιν,
978 4389 1068 4445 καὶ
1124 4387 1292 4462 ἔγνων
1346 4382 1664 4462 παραϐολὰς
1719 4389 1808 4443 καὶ
1865 4385 1980 4442 ἐπιά

2099 4398 2172 4452 iis
2202 4395 2398 4451 omnis
2428 4393 2662 4467 generis
2693 4393 3007 4466 frugiferas
3039 4393 3282 4448 arbores
3311 4391 3588 4465 plantavi.
3621 4393 3751 4448 Pis-

334 4484 569 4556 στῆμας,
601 4481 693 4536 καὶ
751 4478 1064 4554 ἐμεγάλυνα
1126 4478 1194 4533 τὰ
1250 4477 1537 4550 ποιήματά
1596 4499 1722 4551 μου,
1778 4474 1980 4550 ᾠκοδό-

336 4573 486 4645 μησα
519 4591 614 4643 μοι
651 4567 839 4632 οἷ’κους
879 4569 970 4623 καὶ
1022 4566 1285 4645 ἰφύτευσά
1349 4588 1442 4641 μοι
1500 4565 1839 4640 ἀμπελῶνας
1899 4568 1990 4622 καί

335 4657 568 4729 εποίησά
630 4679 726 4732 μοι
809 4659 1020 4727 κήπους
1105 4654 1191 4710 καὶ
1273 4652 1653 4731 παραδείσους,
1712 4655 1802 4710 καὶ
1863 4653 1992 4732 ἐφύ-

334 4769 498 4802 τευσα
555 4767 611 4801 εν
670 4745 854 4808 αὐτοῖς
911 4743 1074 4816 ξύλον
1153 4745 1501 4819 πάγκαρπον,
1571 4743 1842 4814 Ἐποίησά
1900 4765 1993 4816 μοι

340 4832 743 4909 κολυμϐήθρας
775 4833 984 4890 ὑδάτων
1025 4839 1122 4888 τοῦ
1155 4833 1373 4889 ποτίσαι
1407 4833 1499 4888 ἀπ’
1528 4832 1708 4888 αὐτῶν
1739 4830 1997 4907 δρυμῶνα

347 4923 652 4998 βλαπόντα
685 4922 839 4991 ξόλα.
873 4921 1227 4993 Ἐκτησάμην
1255 4917 1489 4983 δούλους
1544 4921 1633 4975 καὶ
1683 4917 1996 4989 παιδίσκας,

343 5014 430 5065 καὶ
461 5012 760 5089 οἰκογενεῖς
791 5008 1036 5085 ἐγένοντό
1089 5031 1205 5083 μοι,
1266 5009 1356 5064 καί
1412 5030 1475 5082 γε
1529 5011 1748 5079 κτήσεις
1808 5011 1996 5084 βουκο.

346 5099 469 5154 λίου
488 5103 576 5155 καὶ
607 5100 879 5174 ποιμνίου
908 5097 1144 5173 ἐγένοντό
1185 5119 1280 5172 μοι
1323 5095 1555 5168 πολλαὶ,
1585 5161 1588 5166 _
1619 5098 1750 5173 ὑπὲρ
1796 5099 1997 5162 πάντας

347 5191 470 5250 τοὺς
525 5194 852 5264 γενομὲνους
908 5185 1210 5260 ἔμπροσθεν
1292 5208 1397 5260 μου
1481 5185 1534 5241 ἐν
1616 5189 1999 5262 Ἰερουσαλήμ.

353 5279 447 5331 Καί
476 5300 534 5352 γε
565 5279 724 5354 σοφία
759 5301 865 5352 μου
897 5276 1094 5347 ἐστάθη
1154 5297 1270 5348 μοι.
1330 5276 1428 5330 Καὶ
1489 5280 1590 5330 πᾶν
1625 5276 1654 5331 ὅ
1685 5276 1743 5331 ἂν
1797 5274 2002 5351 ᾔτησαν

354 5367 406 5420 οἱ
437 5367 719 5445 ὀφθαλμοί
754 5389 879 5440 μου,
929 5366 1033 5423 οὐκ
1091 5365 1315 5445 ἀφεῖλον
1356 5365 1446 5420 ἀπ’
1501 5366 1702 5438 αὐτῶν,
1757 5367 1848 5422 καὶ
1903 5369 2004 5423 οὐκ

353 5454 674 5512 ἐπεκώλυσα
726 5457 826 5525 τὴν
894 5454 1120 5531 καρδίαν
1183 5475 1293 5530 μου
1351 5454 1457 5511 ἀπὸ
1511 5455 1690 5526 πᾶσης
1749 5456 2006 5534 εὐφροσύ-

356 5567 474 5615 νης.
527 5571 556 5599 »
609 5547 712 5606 Καὶ
774 5546 880 5621 γὰρ
947 5543 1172 5614 πολλῆς
1231 5545 1454 5620 εἰρήνης
1516 5545 1608 5601 καὶ
1659 5541 2004 5608 πολυολϐίας

429 5636 472 5672 ⁵⁸
498 5639 575 5694 IlI
605 5639 743 5712 Reg.
772 5655 831 5707 x,
863 5637 980 5692 6-8.
1057 5636 1103 5672 ⁵⁷
1131 5637 1334 5695 Matth.
1371 5653 1472 5710 xu,
1504 5637 1595 5694 62.

633 5757 897 5818 Ρλτιοι..
943 5757 1058 5816 Gn.
1103 5753 1310 5819 CXXI.

1672 5637 1720 5672 ⁵⁸
1745 5635 1924 5696 Eccli.
1955 5657 2126 5700 xnvu.

2099 4488 2264 4543 cinas
2295 4485 2442 4540 mihi
2466 4484 2685 4556 paravi,
2709 4483 2870 4540 unde
2889 4483 3203 4539 viridantia
3225 4500 3472 4539 nemora
3489 4484 3753 4556 rigaren-

2101 4581 2216 4631 tur.
2249 4573 2548 4644 Acquisivi
2581 4589 2780 4628 servos
2839 4579 2898 4628 et
2945 4573 3215 4641 ancillas,
3267 4580 3325 4628 et
3365 4590 3555 4629 verna)
3605 4571 3751 4628 mihi

2104 4665 2226 4720 nali
2260 4670 2419 4732 sunt,
2453 4663 2593 4719 item
2627 4669 2898 4718 armenta
2929 4680 2996 4719 ac
3024 4680 3228 4736 greges
3261 4664 3520 4734 copiose,
3561 4678 3752 4732 quan-

2106 4759 2230 4809 tum
2261 4760 2399 4808 ante
2427 4768 2524 4807 me
2547 4751 2972 4822 Hierosolymis
3003 4768 3178 4807 nemo
3205 4752 3489 4824 possedit.
3517 4751 3666 4804 Sane
3695 4753 3756 4802 et

2107 4842 2399 4914 sapientia
2429 4857 2562 4896 mea
2590 4841 2878 4906 constitit,
2899 4857 3092 4912 neque
3115 4840 3316 4895 oculos
3342 4855 3506 4894 meos
3533 4837 3604 4891 ab
3631 4836 3755 4891 ulla

2115 4950 2178 4988 re
2204 4931 2540 4987 desiderata
2564 4931 2707 5002 ipsis
2729 4931 3010 4996 abstinui,
3027 4930 3377 5000 nullumque
3395 4944 3579 5001 genus
3601 4926 3756 4981 lasti-

2109 5021 2203 5078 tiae
2235 5022 2398 5078 cordi
2440 5037 2570 5076 meo
2604 5037 2723 5075 non
2745 5021 2988 5090 permisi
3010 5019 3077 5076 5°.
3107 5043 3126 5068 ι
3154 5020 3296 5074 Nam
3322 5034 3464 5072 sane
3487 5016 3538 5070 ei
3553 5016 3756 5072 datum

2108 5114 2239 5176 fuit,
2273 5118 2340 5168 ut
2367 5112 2488 5167 alta
2516 5128 2682 5184 pace,
2717 5126 2949 5166 summa
2977 5109 3388 5180 prosperitate,
3437 5107 3753 5164 securitate

2111 5218 2176 5256 ac
2210 5201 2340 5254 vitae
2371 5197 2770 5269 voluptatibus
2802 5197 3136 5252 frueretur:
3185 5212 3387 5250 verum
3429 5195 3604 5251 luxus
3653 5195 3763 5250 iste

2114 5295 2172 5344 et
2211 5288 2463 5344 delicata
2488 5288 2604 5342 vita
2633 5286 2708 5342 ad
2739 5292 3065 5341 extremum
3091 5284 3400 5340 acerbitati
3422 5283 3551 5351 fuit,
3585 5302 3653 5340 ac
3675 5285 3762 5340 in-

2113 5377 2522 5448 temperantia
2555 5375 2854 5431 materies.
2893 5376 3090 5444 itaque
3109 5374 3234 5429 Ιὶωο
3255 5374 3400 5429 dicit
3423 5390 3477 5429 τι(
3496 5373 3640 5430 Odio
3659 5374 3762 5429 ha-

2113 5465 2217 5520 bui
2249 5471 2432 5522 totam
2465 5481 2661 5520 meam
2687 5463 2864 5519 vitam
2887 5479 3216 5535 omnesque
3239 5480 3541 5520 aerumnas
3559 5479 3721 5520 meas
3747 5477 3762 5530 ;

2117 5554 2319 5609 omnia
2349 5554 2509 5608 enim
2550 5571 2698 5609 vana
2724 5558 2880 5609 sunt.
2909 5554 3198 5626 Expertus
3223 5554 3382 5612 enim
3406 5570 3538 5612 sum
3554 5552 3765 5611 mulie-

2201 5642 2249 5679 ⁵⁹
2278 5641 2468 5700 Ecclc.
2500 5661 2541 5700 ιι
2569 5646 2734 5699 4-10.

3453 5765 3488 5821 ’1

4129 5607 4131 5726 l

4129 5765 4131 5846 ι

4129 6057 4131 6163 1
