4186 6190
483 334 602 395 203

1845 329 2176 392 GEORGII
2218 327 2567 390 CEDRENI

3773 335 3888 398 204

479 490 607 530 rem
638 479 830 529 morte
863 489 988 528 esse
1018 471 1393 532 amariorem,
1422 468 1563 540 quia
1593 475 1716 524 rete
1757 471 1846 522 est
1872 471 1929 521 et
1957 483 2109 522 nassa

2244 460 2426 524 ἀδείας
2455 482 2514 517 τι
2565 463 2654 517 καὶ
2710 469 2919 543 τρυφῆς
2977 463 3296 520 ἀπέλαυσεν
3351 465 3476 522 ἀλλ’
3535 469 3760 544 ὕστερον
3810 470 3887 534 τίς

479 562 860 633 illaqueando
891 561 1087 616 animo
1116 558 1182 612 '0.
1214 580 1241 607 ιι
1295 559 1370 613 De
1426 559 1538 614 hac
1582 575 1644 614 re
1695 559 1775 612 ita
1827 557 2129 628 Scriptura

481 658 683 707 narrat
711 668 724 704 :
758 673 786 700 «
819 653 1105 704 therum
1137 664 1240 702 rex
1271 648 1548 702 Solomon
1581 647 1938 703 mulierosus
1978 651 2123 701 erat.

480 740 743 796 Fuerunt
782 737 834 791 ei
891 753 1104 793 uxores
1164 737 1462 807 principes
1521 739 1645 802 700,
1705 736 1944 807 pellices
2000 735 2124 789 300.

480 829 652 883 Duxit
679 827 838 882 enim
869 842 1084 882 uxores
1117 825 1483 892 Moabitidas,
1511 825 1892 890 Amanitidas,
1909 825 2125 896 Syrias,

476 917 788 980 ldumaaas,
822 916 1132 982 Chettaaas,
1164 916 1559 981 Amorrbmas,
1595 915 1878 969 nimirum
1904 913 2024 968 illis
2055 913 2127 967 de

476 1004 750 1071 gentibus
781 1020 1032 1074 quarum
1065 1005 1356 1075 conjugiis
1387 1005 1542 1058 Deus
1574 1003 1848 1058 Israelico
1907 1001 2126 1074 populo

475 1094 883 1150 interdixerat.
919 1095 1072 1148 I10
1102 1095 1246 1148 Cum
1286 1099 1428 1148 aetas
1459 1094 1646 1164 ipsius
1669 1093 1797 1165 jam
1821 1097 1981 1147 eeset
2002 1107 2125 1159 gra-

475 1185 584 1248 vis,
615 1185 884 1239 animum
915 1200 1033 1237 non
1056 1184 1258 1256 gessit,
1281 1183 1552 1254 exemplo
1579 1182 1764 1253 patris
1791 1183 1880 1236 sui
1898 1180 2124 1247 Davidi,

477 1279 705 1328 rectum
738 1289 876 1345 erga
933 1273 1246 1326 Dominum
1310 1274 1491 1327 Deum
1552 1289 1770 1326 suum:
1829 1270 1933 1325 sed
1990 1285 2126 1324 eum

481 1362 832 1433 alienigenas
857 1378 1071 1416 uxores
1091 1367 1452 1426 averterunt,
1481 1366 1543 1414 ut
1563 1361 1824 1432 ipsarum
1849 1360 1990 1415 deos
2003 1375 2126 1414 am-

479 1453 857 1522 plecteretur.
895 1451 1098 1521 Itaque
1125 1457 1264 1506 tunc
1287 1450 1562 1506 Solomon
1589 1449 1838 1504 delubra
1866 1447 2132 1504 condidit

478 1541 770 1595 Chamoso
803 1539 1088 1606 Moabico,
1137 1544 1385 1596 Astartaa
1437 1540 1832 1602 Sidoniorum,
1887 1543 1944 1592 et
1990 1537 2129 1591 Mel-

477 1631 690 1684 chomo
721 1630 1220 1695 Ammonitarum,
1256 1629 1675 1684 abominandis
1697 1645 1764 1683 ac
1791 1629 1906 1682 Deo
1926 1625 2129 1682 invisis

477 1719 732 1774 deastris
763 1719 828 1771 δί.
866 1741 894 1768 ››
920 1723 1153 1774 Astarte
1179 1725 1269 1773 est
1299 1735 1477 1788 quam
1511 1720 1793 1772 Venerem
1845 1733 1952 1772 nos
1985 1716 2125 1770 dici-

479 1825 649 1863 mus:
684 1810 1039 1864 Chamosum
1071 1827 1176 1881 pro
1211 1809 1327 1863 Deo
1360 1808 1514 1879 Tyrii
1565 1807 1880 1862 habebant.
1936 1806 2127 1876 quue

483 1897 657 1951 modo
679 1897 821 1954 fecit
842 1899 900 1952 in
923 1898 1170 1972 gratiam
1195 1898 1460 1953 omnium
1483 1897 1952 1968 alienigenarum
1974 1911 2127 1949 uxo-

483 2004 644 2052 rum;
681 2005 883 2059 emque
915 1989 1214 2043 sufﬁtibus
1249 1994 1305 2042 et
1335 1987 1640 2042 sacriﬁciis
1676 1985 1994 2040 simulacra
2025 2001 2132 2039 sua

482 2076 933 2132 venerabantur.
977 2079 1057 2131 Ea
1095 2093 1230 2148 ergo
1282 2076 1424 2130 fecit
1472 2075 1773 2142 Solomon,
1821 2091 1952 2144 qum
2011 2075 2128 2128 Deo

488 2166 894 2236 displicerent,
928 2182 1121 2236 neque
1154 2166 1214 2219 in
1245 2181 1314 2219 eo
1345 2164 1594 2219 colendo
1633 2164 1875 2235 vestigia
1931 2161 2130 2218 Davidi

483 2259 667 2329 patric
695 2258 785 2313 sui
818 2264 1057 2313 secutus
1087 2264 1196 2312 est.
1232 2256 1576 2312 Succensuit
1617 2257 1817 2326 itaque
1843 2255 2128 2310 Dominus

483 2347 806 2414 Solomoni,
868 2347 1024 2417 quod
1056 2364 1089 2402 a
1119 2364 1179 2401 se
1234 2346 1645 2400 Israelicorum
1695 2346 1811 2399 Deo
1861 2345 2128 2399 animum

478 2437 900 2502 abalienasset,
934 2437 1024 2490 bis
1048 2437 1160 2508 ipsi
1190 2438 1398 2501 viso,et
1427 2435 1811 2490 interminato
1844 2451 1917 2489 ne
1949 2451 2126 2505 quem

479 2527 724 2581 omnino
745 2526 1122 2598 peregrinum
1145 2525 1322 2580 deum
1346 2530 1689 2580 sectaretur.
1718 2524 2129 2579 Denuntiavit-

473 2632 588 2686 que
622 2615 674 2670 ei
702 2617 876 2684 Deus,
909 2615 1146 2685 quando
1170 2616 1338 2686 jussa
1371 2631 1439 2669 ac
1481 2613 1763 2669 mandata
1817 2629 1923 2668 sua
1967 2629 2129 2683 spre-

469 2706 668 2768 visset,
692 2722 754 2761 se
779 2722 1022 2778 regnum
1050 2705 1182 2760 ideo
1206 2722 1275 2760 ex
1306 2721 1486 2760 manu
1519 2704 1707 2775 ipsius
1738 2703 2124 2774 abrepturum

469 2810 754 2864 servoque
775 2795 904 2866 ejus
923 2794 1278 2848 traditurum
1303 2812 1316 2860 ;
1343 2798 1518 2863 atque
1545 2792 1604 2846 id
1628 2791 1870 2862 quidem
1883 2797 2125 2862 propter

469 2883 755 2938 Davidum
784 2884 970 2955 ipsius
1003 2889 1252 2954 patrem,
1286 2899 1459 2937 suum
1491 2880 1802 2944 famulum,
1837 2881 1960 2934 vivo
1994 2881 2121 2951 ipso

469 2989 589 3026 non
620 2972 938 3038 facturum,
973 2973 1234 3042 itemque
1269 2975 1511 3042 propter
1551 2969 1980 3040 Hierosolyma,
2029 2985 2120 3022 ur-

468 3062 602 3116 bem
635 3079 670 3117 a
701 3079 760 3116 se
795 3061 1104 3116 delectam.
1155 3059 1563 3130 Excitavitque
1615 3059 1766 3113 Deus
1817 3056 2118 3112 Salomoni

467 3151 867 3206 adversarium
884 3151 1136 3206 Adarem
1151 3150 1474 3205 Idumaeum
1499 3154 1672 3218 atque
1695 3147 2116 3202 Hedraazarem

464 3255 662 3312 regem
679 3240 1134 3310 Subensem,qui
1154 3239 1463 3293 lsraelicos
1476 3237 1901 3291 infestaverunt
1914 3252 2116 3305 quam-

462 3328 563 3384 diu
594 3330 733 3382 vixit
764 3329 1064 3384 Solomon.
1101 3330 1362 3383 Mortuus
1393 3332 1482 3380 est
1509 3343 1664 3380 anno
1689 3324 1879 3379 mtatis
1897 3327 1986 3390 ‘73,
2022 3324 2115 3378 in-

461 3434 575 3488 que
609 3419 883 3490 sepulcro
924 3418 1109 3490 patris
1162 3416 1484 3488 depositus.
1547 3414 1662 3470 Sub
1713 3431 1781 3468 eo
1823 3415 2111 3469 Homerus

456 3508 568 3562 fuit
600 3524 668 3562 ac
703 3507 1012 3563 Hesiodus.

2235 552 2454 626 πικρίαν
2490 553 2524 622 ἡ
2558 549 2809 622 σπατάλη
2871 554 2957 606 καὶ
2993 555 3028 623 ἡ
3063 550 3236 623 ἡδονή
3295 553 3510 632 γέγονεν
3565 557 3734 630 αὐτῷ,
3795 561 3885 614 καὶ

2237 642 2490 703 ὑπόθεσις
2521 640 2841 704 ἀκολασίας.
2872 644 3026 700 *Οθεν
3059 645 3246 719 φησίν·
3285 670 3314 697 ι(
3351 647 3623 718 Ἑμίσησα
3669 648 3884 724 σύμπα-

2236 751 2328 784 σαν
2360 732 2459 800 τὴν
2494 733 2640 801 ζωήν
2673 753 2777 804 μου
2821 731 2912 786 καὶ
2969 732 3143 787 πάντα
3196 733 3289 787 τὸν
3353 733 3565 814 μόχθον
3632 757 3759 809 μου,
3800 738 3882 794 ὅτι

2233 820 2410 876 πάθτα
2444 821 2764 892 ματαιότης.
2827 820 2996 897 Εῦρον
3054 823 3158 899 γὰρ
3216 826 3536 900 πικρότερον
3601 827 3731 902 ὑπὲρ
3789 830 3882 884 τὸν

2236 911 2466 966 θάνατον
2500 912 2602 980 τήν
2630 915 2878 987 γυναῖκα,
2919 910 3042 979 ἥτις
3081 912 3192 967 ἐστὶ
3224 915 3470 990 θηρευμα
3527 916 3617 970 καὶ
3672 921 3878 992 σαγῆνη

2233 996 2480 1071 καρδίας.
2518 1023 2545 1049 ››
2575 999 2750 1053 Ταῦτά
2779 1000 2864 1053 τοί
2899 1019 3051 1076 φησι’
3113 1024 3142 1052 ‹‹
3187 1002 3292 1058 Καὶ
3341 1003 3370 1057 6
3403 1004 3660 1078 βασιλεὺς
3701 1006 3883 1062 Σολο-

2239 1094 2354 1162 μῶν
2385 1091 2450 1158 ἦν
2481 1088 2854 1166 φιλογύναιος,
2883 1091 2974 1145 καὶ
3004 1091 3140 1160 ἦσαν
3191 1091 3334 1164 αὐτῷ
3383 1092 3652 1170 ἄρχουσαι
3707 1097 3881 1154 ἐπτα-

2233 1179 2437 1249 κόσιαι,
2469 1179 2560 1234 καὶ
2599 1177 2877 1235 παλλακαὶ
2925 1180 3252 1256 τριακόσιαι.
3315 1183 3416 1240 Καὶ
3474 1182 3636 1241 ἔλαϐε
3694 1195 3885 1264 γυναῖ-

2233 1289 2329 1330 κας
2363 1264 2712 1332 Μωαϐίτιδας
2753 1269 2842 1323 καὶ
2899 1269 3268 1343 Ἀμανίτιδας,
3326 1271 3503 1347 Σύρας
3560 1276 3648 1330 καὶ
3709 1275 3886 1333 Ἰδου-

2239 1358 2425 1430 μαίας,
2459 1357 2731 1420 Χετταίας
2789 1359 2874 1414 καὶ
2918 1358 3276 1434 Ἀμοῤῥαίας,
3333 1360 3393 1417 ἐκ
3448 1368 3554 1418 τῶν
3606 1364 3766 1421 ἐθνῶν
3815 1369 3890 1422 ὧν

2235 1447 2433 1502 ἀπεῖπε
2486 1447 2688 1522 Κύριος
2744 1453 2866 1510 τοῖς
2923 1449 3062 1511 υἱοῖς
3115 1449 3361 1526 Ἰσραήλ.
3413 1453 3514 1509 Καὶ
3573 1454 3780 1530 ἐγένετο
3833 1456 3886 1513 ἒν

2234 1541 2410 1611 καιρῷ
2441 1539 2629 1612 γήρως
2661 1537 2851 1606 αὐτοῦ,
2888 1538 2979 1592 καὶ
3047 1537 3147 1593 οὐκ
3191 1541 3256 1608 ἦν
3285 1541 3318 1610 ἠ
3351 1539 3550 1615 καρδία
3600 1546 3734 1616 μετᾶ
3779 1548 3890 1602 Κυ-

2238 1626 2355 1702 ρίου
2414 1631 2548 1681 Θεοῦ
2600 1627 2766 1683 αὐτοῦ
2821 1629 2998 1690 καθὼς
3048 1629 3137 1684 καὶ
3198 1632 3232 1699 ἡ
3291 1628 3482 1704 καρδία
3566 1629 3731 1690 Δαϐἶδ
3789 1642 3890 1692 τοῦ

2235 1717 2438 1790 πατρὸς
2470 1715 2658 1783 αὐτοῦ,
2699 1717 2791 1771 καὶ
2847 1715 3121 1787 ἐξέκλιναν
3181 1721 3236 1774 αἱ
3293 1720 3583 1797 ἀλλότριαι
3637 1732 3890 1798 γυναῖκες

2158 1806 2332 1897 Drin:
2393 1804 2616 1881 καρδίαν
2675 1806 2840 1861 αὐτοῦ
2891 1807 3067 1862 ὀπίσω
3117 1809 3252 1864 θεῶν
3332 1809 3527 1868 αὐτῶν.
3600 1815 3701 1870 Καὶ
3758 1815 3884 1872 τότε

2237 1893 2563 1966 ᾠκοδόμησε
2596 1893 2866 1968 Σολομῶν
2897 1897 3021 1951 ναὸν
3052 1901 3133 1969 τῷ
3162 1898 3366 1972 Χαμὼς
3409 1898 3626 1975 εἰδώλῳ
3677 1901 3880 1975 Μωάϐ,

2235 1985 2326 2038 καὶ
2354 1989 2422 2058 τῇ
2452 1987 2718 2060 Ἀστάρτῃ
2761 1984 3097 2060 βδελύγματι
3128 1985 3416 2056 Σιδονίων,
3457 1991 3546 2045 καὶ
3597 1998 3676 2064 τῷ
3726 1994 3885 2052 Μελ-

2239 2073 2373 2146 χὼμ
2402 2074 2850 2152 προσοχθίσματι
2880 2076 3011 2129 υἱῶν
3038 2077 3249 2148 Ἃμών.
3289 2102 3315 2129 ››
3339 2081 3398 2135 Ἦ
3433 2082 3514 2153 [Ρ.
3550 2083 3640 2154 97]
3667 2082 3758 2153 μὲν
3782 2085 3880 2140 οῦν

2237 2163 2511 2236 Ἀστάρτη
2553 2163 2692 2217 ἐστὶν
2741 2165 2775 2232 ἠ
2843 2165 2970 2238 παρ’
3028 2164 3298 2235 Ἓλλησιν
3357 2166 3654 2244 Ἀιξροδίτη
3718 2172 3884 2248 λεγο-

2237 2254 2397 2324 μένη,
2449 2254 2478 2307 6
2529 2249 2585 2306 δί
2642 2253 2844 2325 Χσμὼς
2930 2255 3049 2316 Θεὸς
3109 2255 3176 2324 ἦν
3236 2258 3471 2332 Τυρίων.
3542 2266 3647 2315 Καὶ
3703 2263 3883 2326 οὕτως

2234 2341 2458 2409 ἐποίησε
2488 2349 2606 2404 ταῖς
2649 2341 2988 2420 ἂλλοιρύλοις
3018 2345 3182 2401 αὐτοῦ
3221 2350 3428 2422 γυναιξὶ
3478 2351 3693 2421 πάσαις,
3740 2351 3882 2408 α’ίτι-

2233 2451 2320 2492 νες
2367 2429 2605 2504 ἐθυμίων
2663 2432 2752 2486 καὶ
2814 2430 2966 2496 ἔθυον
3027 2439 3142 2496 τοῖς
3206 2433 3458 2499 εἰδώλοις
3511 2441 3712 2514 αὐτῶν,
3773 2443 3879 2499 Καέ

2232 2518 2457 2588 ἐποίησε
2503 2519 2774 2592 Σολομῶν
2828 2522 2890 2575 τὸ
2943 2523 3180 2596 πονηρὸν
3232 2523 3461 2580 ἐνώπιον
3515 2530 3738 2602 Κυρίου,
3788 2530 3881 2584 καὶ

2233 2608 2332 2662 οὐκ
2362 2607 2628 2682 ἐπορεύθη
2665 2608 2842 2663 ὀπίσω
2870 2611 3071 2684 Κυρίου
3104 2613 3178 2673 ὡς
3236 2609 3400 2668 Δαϐὶδ
3456 2617 3484 2670 ὁ
3535 2621 3714 2693 πατὴρ
3772 2620 3882 2674 αύ-

2231 2702 2347 2754 τοῦ.
2381 2699 2483 2754 Καὶ
2517 2698 2760 2776 ὠργίσθη
2797 2698 2989 2774 Κύριος
3031 2700 3118 2756 ἐπὶ
3180 2702 3472 2776 Σολομῶν,
3532 2708 3614 2761 δτι
3672 2707 3885 2777 ἐξέκλι-

2229 2809 2312 2843 νεν
2348 2790 2383 2858 ἡ
2415 2785 2610 2862 καρδία
2669 2789 2832 2844 αὐτοῦ
2888 2790 2994 2846 ἀπὸ
3053 2794 3251 2867 Κυρίου
3305 2799 3438 2850 Θεοῦ
3491 2797 3718 2871 Ἰσραὴλ
3775 2806 3878 2856 τοῦ

2229 2875 2484 2954 ὀφθέντος
2512 2877 2659 2949 αύτῷ
2708 2874 2789 2940 δὶς
2847 2879 2936 2933 καὶ
2997 2879 3380 2956 ἐντειλαμένου
3431 2885 3576 2957 αύτῷ
3635 2889 3711 2959 μή
3774 2910 3885 2943 πο-

2226 2965 2473 3038 ρεύεσθαι
2505 2965 2681 3020 ὀπίσω
2715 2968 2848 3022 θεῶν
2908 2969 3102 3041 ἒτὲρων
3152 2972 3214 3025 τὸ
3269 2974 3537 3046 παράπαν.
3596 2976 3698 3032 Καὶ
3757 2978 3882 3034 εἶπε

2225 3055 2426 3128 Κύριος
2461 3055 2594 3129 πρὸς
2626 3053 2803 3110 αὐτόν·
2840 3083 2868 3110 ‹‹
2902 3059 3044 3122 Ἀνθ’
3075 3060 3150 3114 ὧν
3179 3061 3277 3116 οὐκ
3325 3061 3589 3136 ἐφύλαξάς
3635 3088 3740 3138 μου
3779 3069 3882 3132 τὰς

2231 3141 2450 3205 ἓντολάς
2505 3147 2595 3198 καί
2657 3145 2724 3199 τὰ
2810 3152 3206 3222 προστάγματα
3262 3150 3295 3204 ἄ
3351 3151 3706 3227 ἐνετειλάμην
3765 3178 3880 3232 σοι,

2229 3229 2572 3306 ὃιαῤῥήσσων
2606 3230 2882 3310 διαῤῥῆξω
2910 3238 3011 3305 την
3070 3238 3348 3311 βασιλείαν
3395 3239 3454 3295 in
3511 3245 3699 3317 χειρός
3753 3229 3877 3315 σου,

2222 3323 2311 3376 καὶ
2345 3319 2505 3376 δώσω
2537 3323 2702 3392 αὐτὴν
2730 3329 2808 3397 τῷ
2856 3323 3040 3398 δούλῳ
3100 3349 3215 3382 σου·
3266 3327 3412 3398 πλὴν
3462 3329 3513 3386 ἐν
3561 3340 3680 3396 ταῖς
3728 3335 3879 3408 ἡμὲ-

2224 3431 2343 3486 ραις
2371 3433 2468 3466 σου
2498 3417 2659 3467 τοῦτο
2693 3413 2754 3467 οὐ
2784 3419 3025 3484 ποιήσω,
3057 3414 3145 3470 διὰ
3172 3413 3337 3472 Δαϐἶδ
3369 3420 3460 3474 τὸν
3511 3419 3708 3477 δοῦλόν
3760 3445 3874 3496 μου

2220 3502 2307 3554 καὶ
2342 3503 2544 3575 πατέρα
2571 3523 2689 3570 σου,
2721 3504 2810 3558 καὶ
2845 3501 2932 3558 διὰ
2963 3506 3333 3580 Ἰερουσαλήμ
3375 3511 3474 3580 τήν
3523 3509 3685 3566 πόλιν
3738 3534 3875 3586 μου,

457 3597 524 3663 ἡν
559 3593 904 3667 ἐξελεξάμην,
968 3594 1070 3649 Καὶ
1131 3593 1322 3668 ἤγειρε
1372 3592 1572 3665 Κύριος
1628 3595 1706 3662 τῷ
1766 3587 2094 3663 Σολομῶντι
2158 3590 2332 3644 Σατάν
2392 3587 2552 3661 Ἀδερ
2605 3592 2696 3646 τὸν
2753 3590 3062 3666 Ἰδουμαῖον
3119 3596 3208 3649 καὶ
3266 3597 3357 3651 τὸν
3418 3595 3714 3674 Ἐδρααζάρ
3777 3603 3879 3677 βα-

458 3681 611 3738 σιλέα
644 3678 848 3751 Σουϐἇ,
878 3682 968 3736 καὶ
998 3683 1132 3751 ἦσαν
1165 3687 1243 3753 τῷ
1275 3680 1503 3759 Ἰφραήλ
1533 3680 1708 3735 Σατᾶν
1739 3680 1910 3740 πάσας
1937 3678 2030 3739 τὰς
2060 3679 2271 3752 ἠμίρας
2332 3678 2720 3750 Σολομῶντος.
2782 3681 2887 3737 Καὶ
2955 3682 3185 3738 ἀπέθανε
3245 3683 3517 3760 Σολομῶν
3574 3688 3705 3744 ἑτῶν
3766 3694 3875 3767 ογ“,

457 3771 548 3828 καὶ
582 3771 752 3846 ἐτάφη
790 3773 923 3844 μετά
952 3776 1052 3826 τοῦ
1084 3773 1286 3846 πατρὸς
1313 3770 1498 3826 αὐτοῦ.
1533 3792 1560 3822 ››
1592 3770 1707 3849 Ἐφ’
1741 3769 1803 3823 οὗ
1832 3769 1898 3838 ἦν
1933 3770 2184 3842 Ὄμηρος
2216 3769 2302 3823 καὶ
2335 3765 2604 3832 Ἡσίοδος.

523 3865 670 3918 171
709 3863 950 3918 Miretur
1004 3863 1222 3934 aliquis
1251 3863 1472 3934 optimo
1522 3862 1659 3933 jure
1717 3861 1860 3932 quid
1909 3876 2100 3916 caussa

451 3953 630 4010 fuerit
660 3953 818 4024 quod
849 3958 906 4008 et
927 3953 1328 4008 divinissimus
1355 3951 1548 4006 Moses
1579 3957 1637 4005 et
1669 3951 1762 4005 hic
1781 3950 2100 4021 sapientis-

453 4043 672 4098 simum
704 4043 1009 4111 Solomon,
1043 4059 1176 4097 cum
1207 4047 1526 4110 utrumque
1547 4055 1750 4094 eorum
1783 4044 1920 4094 ante
1945 4039 2098 4093 Deus

453 4136 613 4186 tanto
645 4132 866 4186 honore
902 4137 1079 4200 atque
1111 4130 1527 4201 procuratione
1561 4127 1833 4196 dignatus
1863 4127 2092 4192 fuisset,

448 4219 690 4274 tandem
718 4226 915 4275 tamen
945 4220 1114 4285 alter,
1147 4219 1246 4274 Dei
1270 4218 1675 4289 indignatione
1695 4222 1873 4287 atque
1888 4216 2091 4273 dolore

449 4309 720 4375 excitato,
753 4308 1060 4379 promissae
1090 4307 1201 4362 sibi
1234 4308 1318 4361 rei
1357 4308 1551 4376 impos
1568 4305 1756 4360 factus
1777 4311 1896 4371 est;
1917 4306 2088 4375 alter,

447 4411 580 4451 cum
611 4395 903 4451 irritasset
932 4397 1140 4460 Deum,
1175 4395 1418 4467 prmmio
1453 4395 1714 4466 priorum
1765 4411 2088 4466 eorumque

2282 3861 2585 3931 Θαυμάσειε
2617 3857 2662 3914 δ’
2693 3863 2751 3914 ἂν
2785 3881 2867 3923 τις
2897 3859 2988 3916 καί
3021 3861 3169 3934 μάλα
3227 3863 3478 3935 εἰκότως,
3535 3866 3715 3942 ὥσπερ
3767 3869 3866 3925 ἐπὶ

2206 3951 2302 4001 τοῦ
2361 3948 2640 4003 θειοτάτου
2690 3950 2984 4018 Μωυσέως,
3045 3951 3188 4005 οὕτω
3245 3954 3333 4007 καὶ
3393 3952 3480 4008 ἐπὶ
3547 3953 3705 4010 τοῦδε
3760 3962 3866 4012 τοῦ

2207 4035 2522 4112 σοφωτάτου
2557 4036 2942 4109 Σολομῶντος,
2974 4043 3088 4100 πῶς
3128 4039 3380 4116 ἑκατερος
3431 4042 3606 4099 αὐτῶν
3659 4048 3871 4102 τοσαύ-

2201 4145 2300 4194 της
2349 4125 2520 4180 πάλαι
2581 4126 2726 4189 θείας
2779 4125 2939 4198 δόξης
3010 4129 3098 4183 καὶ
3190 4131 3533 4204 προμηθείας
3609 4135 3862 4203 ἀξιωθεὶς

2203 4213 2422 4288 ὕστερον
2456 4214 2483 4268 6
2519 4214 2612 4286 μὲν
2647 4215 2722 4276 εἰς
2753 4216 3117 4291 ἀγανάκτησιν
3178 4220 3268 4272 καὶ
3329 4218 3507 4290 λύπην
3565 4223 3656 4276 τὸν
3714 4224 3852 4281 Θεὸν

2200 4303 2423 4370 κινήσας
2476 4309 2575 4390 τῆς
2635 4303 2959 4380 δπαγγελίας
3029 4305 3286 4378 ὶξὲπισιν,
3349 4309 3376 4363 ὁ
3438 4307 3496 4364 δὶ
3548 4312 3622 4373 είς
3677 4312 3858 4390 ὀργῆν

2200 4390 2289 4442 καὶ
2331 4391 2501 4463 θυμὸν
2557 4389 2767 4466 ὶγείρας
2823 4393 2986 4448 αὐτὸν
3053 4396 3180 4457 τούς
3235 4417 3293 4452 τε
3348 4389 3858 4475 προειργασμένους

445 4482 805 4553 optimorum
827 4483 1096 4538 laborum
1123 4483 1426 4550 multatus,
1460 4483 1721 4538 animam
1738 4499 1970 4554 quoque
1997 4484 2086 4540 in-

2217 4478 2449 4568 ἱρίστους
2488 4481 2688 4543 πόνους
2722 4478 2892 4555 ἄρδην
2921 4481 3200 4556 ἐζημίωτο
3226 4486 3315 4541 καὶ
3346 4489 3443 4555 την
3478 4492 3662 4565 ψυχὴν
3682 4511 3856 4567 προσ-

442 4587 621 4643 super
634 4571 909 4643 perdidit.
927 4573 1218 4637 Quorsum
1246 4572 1403 4627 enim
1419 4571 1760 4628 reciderunt
1779 4577 1941 4626 tanta
1953 4589 2086 4628 cum

442 4661 560 4717 Deo
591 4662 984 4723 familiaritas.
1020 4668 1184 4718 tanta
1207 4662 1265 4716 in
1286 4679 1354 4718 eo
1387 4660 1798 4732 compellando
1819 4660 2086 4730 libertas,

440 4757 528 4808 tot
557 4753 822 4823 tantique
852 4752 1108 4820 labores,
1131 4769 1200 4808 ac
1231 4757 1351 4807 tam
1378 4753 1574 4824 gravia
1608 4756 1666 4807 et
1686 4752 1870 4808 multa
1893 4758 2083 4807 certa-

439 4843 605 4898 mina
632 4842 813 4897 divini
843 4842 1016 4898 Mosis
1039 4842 1066 4896 ?
1095 4859 1224 4913 qua!
1267 4843 1468 4896 omnia
1498 4841 1571 4896 ob
1596 4847 1903 4913 peccatum
1927 4839 2084 4912 apud

437 4948 654 5003 aquam
692 4932 874 5005 jurgii
930 4932 1256 4987 admissum
1306 4931 1642 5002 posthabita
1685 4937 1860 4997 sunt;
1905 4938 2082 5002 atque

433 5019 560 5092 ipse
591 5023 838 5078 introitu
868 5023 928 5077 in
959 5021 1310 5093 promissam
1346 5028 1585 5089 terram,
1637 5021 1813 5076 homo
1857 5020 2076 5091 justus,

432 5127 674 5181 prorsus
701 5119 760 5167 et
786 5112 1200 5168 Irretractabili
1233 5112 1528 5166 sententia
1546 5111 1804 5182 privatus
1829 5109 1959 5175 fuit,
1993 5110 2076 5164 uti

2197 4567 2468 4625 απώλεσε.
2505 4575 2615 4626 Ποῦ
2645 4571 2745 4646 γὰρ
2788 4574 2822 4640 ἡ
2881 4573 3142 4644 τοιαύτην
3197 4576 3333 4649 πρὸς
3389 4579 3518 4632 Θεὸν
3575 4579 3856 4644 οἰκείωσις

2195 4657 2285 4711 καὶ
2313 4656 2590 4732 παρῥησία
2621 4660 2710 4714 καὶ
2751 4661 2802 4716 οἱ
2857 4667 3116 4718 τοσοῦτοι
3173 4665 3264 4718 καὶ
3320 4665 3642 4734 τηλικοῦτοι
3689 4671 3854 4725 πόνοι

2193 4746 2282 4800 καί
2311 4746 2474 4801 κόποι
2505 4749 2594 4802 καὶ
2628 4747 2834 4824 ἀγῶνες
2862 4754 2959 4804 τοῦ
2999 4752 3284 4806 θεσπεσίου
3335 4755 3647 4824 Μωυσέωςς
3697 4755 3852 4812 οἵτι-

2191 4855 2276 4896 νες
2307 4833 2396 4890 διά
2421 4838 2520 4906 τὴν
2554 4837 2640 4892 ἐπὶ
2669 4843 2768 4893 τοῦ
2817 4836 3012 4901 ὓδατος
3065 4847 3165 4910 τῆς
3209 4841 3520 4918 ἀντιλογίας
3571 4847 3844 4920 ἁμαρτίαν

2190 4925 2613 4999 παρωράθησαν,
2650 4927 2867 4997 καὶτῆς
2899 4928 2975 4990 εἰς
3026 4931 3125 4998 τὴν
3182 4937 3286 5006 γῆν
3348 4931 3675 5008 ἐπαγγελίας
3721 4935 3844 4990 είσ-

2189 5013 2318 5068 όδου
2348 5014 2560 5089 ἀθρόως
2601 5018 2629 5070 6
2657 5016 2865 5078 δίκαιος
2905 5019 2992 5073 καὶ
3026 5019 3442 5095 ἀσυγχωρήτως
3474 5023 3837 5096 ἀπεστέρητο,

2186 5103 2366 5167 καθὼς
2396 5106 2486 5158 καὶ
2525 5099 2824 5179 ἔμπροσθεν
2883 5105 3116 5180 ε’ῗρηται.
3182 5114 3292 5164 Ποῦ
3350 5108 3407 5165 δὲ
3462 5113 3554 5167 καὶ
3605 5117 3639 5184 ἡ
3695 5117 3839 5189 πρὸς

2183 5194 2277 5248 τὸν
2333 5193 2673 5268 Σολομῶν-τα
2731 5195 2846 5250 θεία
2913 5196 3274 5274 φιλοστοργία
3355 5201 3444 5256 καὶ
3503 5205 3536 5271 ἡ
3597 5204 3834 5277 τοσαύτη

2184 5284 2347 5357 χάρις
2373 5304 2430 5337 τε
2459 5283 2547 5338 καὶ
2581 5284 2770 5360 σοφίας
2798 5303 2810 5354 ;
2843 5285 2932 5339 καὶ
2966 5285 3046 5350 τίς
3089 5289 3123 5356 ἡ
3178 5289 3414 5366 ὠφέλεια
3459 5299 3560 5362 τῆς
3614 5291 3839 5363 πολλῆς

2183 5371 2390 5442 ἐκείνης
2420 5375 2735 5449 φρονήσεως
2762 5374 2850 5428 καὶ
2901 5375 3186 5445 συνέσεως,
3235 5381 3324 5434 καὶ
3382 5383 3415 5450 ἡ
3477 5377 3835 5455 προλαϐοῦσα

2177 5464 2401 5532 τοιαύτη
2434 5463 2821 5541 νηφαλιωτάτη
2857 5463 3037 5522 ἔννοια
3063 5469 3151 5522 καὶ
3185 5467 3442 5547 θιολογία
3494 5483 3583 5528 καί
3636 5495 3834 5551 φυσιο-

2178 5550 2360 5629 λογία,
2403 5548 2634 5629 ἔσχατον
2694 5553 2754 5611 ἐκ
2809 5558 3231 5633 γυναικομανίας
3290 5561 3367 5624 εἷς
3426 5548 3833 5638 εἰδωλομανίαν

2176 5640 2614 5716 ἐκπιπτωκὸτος,
2662 5645 2738 5711 ὡς
2794 5651 2976 5726 σαφῶς
3037 5644 3369 5723 δεδήλωται.
3429 5655 3519 5727 Τῷ
3574 5651 3685 5712 ὄντι
3731 5656 3838 5733 γὰρ

431 5215 607 5270 supra
639 5208 728 5255 est
754 5209 1298 5257 commemoratam.
1334 5201 1622 5266 Quorsum
1657 5201 1757 5255 Dei
1804 5215 1940 5271 erga
1971 5199 2078 5253 So-

427 5281 726 5342 lomonem
751 5306 918 5344 amor
945 5296 1140 5344 tantus
1165 5295 1444 5359 tantaque
1462 5288 1648 5360 gratia
1676 5287 2076 5358 etsapientia?

361 5451 365 5454 γ
423 5372 574 5436 Quid
615 5380 734 5429 tam
765 5377 972 5449 ingens
996 5377 1311 5449 prudentia
1331 5384 1507 5447 atque
1527 5377 1915 5448 intelligentia
1936 5394 2071 5448 pro-

420 5459 627 5527 fuit,ac
659 5463 1027 5522 sobriissima
1057 5467 1389 5522 divinarum
1421 5467 1941 5536 humanarumque
1974 5483 2068 5521 re-

420 5566 554 5606 rum
585 5551 981 5610 consideratio
1009 5562 1066 5611 et
1095 5555 1374 5628 cognitio,
1399 5572 1534 5611 cum
1567 5556 1616 5611 is
1638 5554 1712 5612 ad
1738 5562 2068 5610 extremum

421 5657 493 5698 ex
523 5639 738 5700 insano
782 5643 1102 5703 mulierum
1148 5661 1350 5702 amore
1399 5643 1474 5700 ad
1517 5645 1731 5718 impios
1782 5645 2070 5703 falsorum

492 5740 539 5780 ⁶⁰
567 5741 760 5805 Eocle.
792 5758 889 5814 vn,
920 5744 1015 5814 26,
1043 5745 1134 5805 27.
1209 5742 1256 5780 “
1289 5743 1366 5803 III
1395 5746 1532 5816 Reg.
1565 5761 1644 5816 χι,
1687 5747 1710 5802 1
1745 5763 1877 5820 sqq.
