4186 6190
260 348 379 409 205

1384 316 1925 407 ΗΙΞΤΟΒΙΑΒΠΜ
1973 342 2522 407 GOMPENDIUM.

3565 350 3687 411 206

260 474 419 535 ούδὶν
468 476 692 559 ὄφελος,
736 477 1090 553 ἂναρξάμενον
1160 476 1450 553 πνεύματι,
1514 477 1671 553 σαρκῖ
1725 475 1912 534 ἐπιτε-

2030 477 2275 535 deorum
2306 479 2500 536 cultus
2530 478 2607 536 sit
2635 480 2948 553 prolapsus
2981 482 3009 537 ?
3039 482 3212 541 sicuti
3257 482 3682 541 demonstravi-

262 566 450 627 λέσαι.
498 570 649 631 Ἕως
696 567 791 639 μὶν
847 567 952 645 γὰρ
1007 564 1255 638 ἂπήλαυε
1284 564 1553 640 Σολομῶν
1596 571 1696 637 τῆς
1727 566 1926 631 ἄνωθεν

2037 568 2486 626 musNimirurn
2518 585 2723 626 revera
2740 586 2858 626 non
2898 570 3140 644 prodest
3169 573 3384 645 spiritu
3413 574 3680 647 coepisse,

264 656 638 733 προμηθείας,
699 654 754 710 ἐν
810 655 1002 731 ε’ρήνῃ
1062 655 1154 711 καὶ
1207 656 1423 732 γαλήνῃ
1481 653 1664 730 διῆγε,
1724 654 1923 717 πάντας

2034 655 2138 711 nbi
2171 672 2346 712 carne
2377 655 2680 713 absolvere
2711 659 2874 714 velis.
2917 658 3145 732 Quippe
3169 661 3469 729 Solomon,
3503 678 3688 733 quan-

266 740 418 824 ἔχων
481 742 893 818 ὑποκειμένους,
951 744 1132 806 καθὼς
1185 743 1529 820 προείρηται,
1586 742 1674 798 καὶ
1720 740 1927 818 δασμὸν

266 834 606 909 κομίζοντας
637 833 720 889 ὅτι
755 832 1010 907 μάλιστα·
1042 831 1230 903 ἒπειδή
1274 830 1331 888 δὶ
1378 833 1582 904 ταύτης
1613 832 1927 910 ἐγυμνώθη,

267 929 390 988 τοῖς
479 924 792 996 δυσμενέσιν
875 921 1286 1003 εὐεπιχείρητος
1357 922 1599 1000 γέγονεν,
1672 921 1932 992 Ἀληθῶς

268 1011 448 1074 ὄντως
480 1007 709 1091 φοϐερὸν
748 1012 812 1068 τὸ
865 1010 1117 1087 ἐμπεσεῖν
1173 1010 1251 1075 εἰς
1310 1017 1502 1089 χεῖρας
1535 1015 1670 1067 Θεοῦ
1704 1015 1924 1082 ζῶντος.

266 1103 478 1177 [Ρ.98]
532 1105 738 1178 Ὥσπερ
791 1100 893 1178 γὰρ
951 1103 979 1158 6
1035 1096 1194 1167 ἔλεος
1242 1098 1501 1178 ἄρῥητος,
1550 1099 1694 1156 οὕτω
1750 1100 1841 1156 καὶ
1889 1102 1926 1171 ἡ

264 1190 501 1252 κόλασις
554 1191 944 1253 ἀνυπόστατος.
1000 1192 1122 1249 Ὀτι
1197 1187 1256 1246 δὶ
1304 1196 1423 1253 τοῖς
1478 1187 1733 1253 εἰδώλοις
1788 1187 1928 1246 ἐλά-

261 1300 479 1353 τρευσε,
508 1276 844 1354 καταλείψας
877 1280 969 1336 τὸν
1019 1278 1192 1342 ὄντως
1245 1276 1372 1335 ὄντα
1418 1278 1547 1336 Θεὸν
1594 1283 1692 1336 τοῦ
1721 1277 1926 1356 πατρὸς

264 1368 437 1424 αὐτοῦ
470 1365 663 1436 Δαὸὶδ,
694 1366 929 1440 εὔδηλον
980 1368 1032 1441 ἐξ
1080 1368 1155 1424 ὧν
1205 1368 1295 1424 καὶ
1346 1368 1540 1446 Ἀχίας
1574 1368 1602 1422 6
1631 1369 1926 1445 προφήτης

260 1452 370 1537 ἴγη
402 1459 541 1535 πρὸς
571 1459 665 1513 τὸν
698 1452 1010 1534 Ἰεροϐοάμ’
1070 1482 1099 1511 (ι
1128 1454 1272 1516 Τάδε
1319 1454 1468 1513 λέλει
1515 1457 1740 1533 Κύριος
1780 1453 1926 1513 Ἰδοὺ

262 1549 383 1622 δγῶ
410 1546 603 1624 ρήσσω
630 1549 731 1616 τὴν
766 1545 1042 1623 βασιλείαν
1076 1547 1136 1604 ἐκ
1182 1548 1372 1627 χειρὸς
1412 1544 1802 1619 Σολομῶντος,
1833 1544 1925 1602 καὶ

264 1634 431 1692 δώσω
463 1658 549 1695 σοι
579 1638 647 1693 τὰ
678 1634 810 1693 δέκα
860 1644 1132 1713 σκῆπτρα,
1189 1637 1279 1693 καὶ
1336 1636 1432 1693 δύο
1484 1640 1732 1713 σκῆπτρα
1762 1634 1924 1691 δώσω

265 1725 415 1798 αὖνῷ
445 1722 538 1781 διᾶ
568 1721 736 1783 Δαεὶδ
762 1726 857 1781 τὸν
897 1723 1094 1782 δοῦλόν
1147 1747 1254 1802 μου
1297 1726 1388 1781 καὶ
1435 1724 1802 1802 Ἰερουσαλὴμ
1824 1725 1923 1794 τὴν

261 1812 431 1871 πόλιν
491 1837 618 1891 μοο,
674 1817 741 1885 ἣν
813 1813 1141 1889 ἇξελεξάμην
1206 1813 1267 1871 ἐκ
1333 1818 1520 1871 πασῶν
1576 1819 1685 1871 τῶν
1736 1814 1922 1893 φυλῶν

262 1901 515 1979 Ἰσραήλ,
557 1904 678 1970 ἀνθ,
739 1905 814 1960 ῶν
867 1902 1188 1981 ἆγκατέλιπέ
1248 1924 1334 1979 με,
1388 1903 1479 1961 καὶ
1538 1900 1826 1961 ἐδούλευσε
1853 1908 1923 1979 τῇ

259 1993 535 2069 Ἀστάρτῃ
602 1990 947 2069 βδελύγματι
1024 1990 1310 2066 Σιδονίων,
1373 1993 1464 2049 καί
1541 1994 1621 2066 τῷ
1719 1991 1924 2067 Χαμὼς

259 2078 487 2155 εἰδώλῳ
516 2077 712 2153 Μωὰϐ,
740 2082 833 2138 καὶ
892 2087 971 2157 τῷ
1030 2083 1291 2159 Μελχὼμ
1319 2081 1762 2158 προσοχθίσματι
1792 2082 1925 2137 υἰῶν

259 2172 480 2245 Ἀμῶν,
536 2171 626 2226 καὶ
682 2176 935 2247 γυναῖκας
1011 2171 1311 2247 ἀλλοτρίας
1384 2169 1623 2234 πολλάς.
1686 2171 1787 2229 Καὶ
1845 2163 1923 2226 ἔτι

255 2255 427 2317 ἔλαϐε
454 2262 556 2332 τὴν
590 2262 860 2338 θυγατέρα
890 2260 1094 2337 Φαραὼ
1148 2261 1208 2317 ἐκ
1261 2265 1371 2317 τῶν
1423 2260 1588 2325 ἐθνῶν
1622 2260 1696 2314 ὧν
1729 2258 1925 2315 ἀπεῖπε

256 2349 459 2425 Κύριος
510 2354 629 2413 τοῖς
682 2350 823 2412 υἱοῖς
884 2349 1126 2426 Ἰσραήλ’
1183 2349 1299 2408 Ούκ
1352 2348 1716 2406 εἰσελεύσεσθε
1745 2348 1795 2403 ἐν
1826 2346 1922 2402 αύ-

254 2444 397 2507 τοῖς,
426 2439 521 2494 καὶ
578 2436 733 2495 αὐτοὶ
793 2438 894 2495 οὐκ
949 2436 1348 2495 εἰσελεύσονται
1396 2438 1475 2502 εἷς
1529 2439 1695 2513 ὑμᾶς,
1724 2436 1812 2492 ’ἱνα
1843 2436 1922 2511 μὴ

256 2526 557 2583 balbum.
612 2527 711 2592 τὰς
765 2525 991 2603 καρδίας
1051 2530 1205 2604 ὑμῶν
1271 2525 1448 2584 ὅπίσω
1507 2532 1616 2584 τῶν
1673 2524 1920 2582 εἰδώλων

255 2616 466 2672 αὐτῶν.
522 2615 629 2672 Καὶ
681 2610 903 2671 ἔκλιναν
959 2614 1125 2672 αὐτοῦ
1195 2616 1296 2685 τήν
1355 2613 1579 2692 καρδίαν
1642 2613 1694 2670 ἑν
1750 2616 1925 2689 καιρῷ

254 2709 449 2779 γήρως
482 2703 650 2759 αὐτοῦ
707 2704 885 2761 ὀπίσω
938 2710 1048 2761 τῶν
1105 2709 1242 2769 θεῶν
1296 2704 1491 2761 αὐτῶν.
1553 2702 1657 2759 Καὶ
1708 2697 1925 2775 ᾠκοδό-

261 2814 436 2867 μησεν
470 2793 686 2868 ὑψηλὸν
721 2799 803 2868 τῷ
851 2780 1058 2868 Χαμὼς
1117 2792 1334 2867 εἰδώλῳ
1380 2787 1559 2851 Μωάῦ
1590 2791 1643 2847 ἓν
1673 2795 1755 2864 τῷ
1785 2787 1921 2863 ὄρει,

256 2882 347 2939 ἐπὶ
380 2882 684 2956 προσώπου
713 2881 1104 2959 Ἰερουσαλὴμ,
1162 2883 1250 2939 καὶ
1306 2887 1389 2956 τῷ
1418 2880 1677 2957 Μελχὼμ
1707 2876 1924 2953 εἰδώλῳ

255 2973 394 3026 υἱῶν
429 2972 645 3045 Ἀμῶν,
676 2972 767 3026 καὶ
797 2976 867 3047 τῇ
922 2973 1197 3047 ’Δστάρτη
1262 2967 1603 3048 βδελύγματι
1636 2965 1919 3024 Σιδονίων·

253 3061 345 3115 καὶ
394 3060 577 3124 οὕτως
628 3058 853 3132 ἐποίησε
897 3059 1092 3123 πάσαις
1137 3065 1261 3123 ταῖς
1308 3059 1549 3136 γυναιξὶν
1590 3057 1756 3114 αὐτοῦ
1800 3061 1922 3119 ταῖς

254 3149 610 3223 ἀλλοτρίαις,
641 3147 699 3205 α⁶ί
727 3150 970 3225 ἐθυμίων
1019 3151 1111 3206 καὶ
1144 3146 1301 3206 ἔθυον
1340 3154 1459 3209 τοῖς
1511 3146 1769 3210 εἰδώλοις
1825 3143 1926 3201 αὺ-

2038 744 2137 800 diu
2196 745 2408 802 divina:
2470 746 2851 819 providentiae
2908 749 3237 806 commodis
3310 751 3498 807 fretus
3548 750 3683 822 fuit,

2037 840 2283 892 eatenus
2304 842 2573 909 pacatam
2604 854 2673 893 ac
2696 837 3072 910 tranquillam
3088 840 3267 896 vitam
3290 840 3428 913 egit,
3451 857 3679 912 omnes,

2034 932 2102 981 ut
2131 926 2690 991 diximus,subditos
2722 943 2787 982 ac
2808 928 3227 1000 stipendiarios
3274 928 3518 985 habens.
3568 931 3680 985 De-

2038 1016 2278 1071 stitutus
2309 1015 2383 1071 ab
2415 1031 2484 1070 ea
2520 1015 2712 1071 facilis
2741 1021 2953 1072 vexatu
3004 1016 3272 1073 hostibus
3326 1018 3459 1074 fuit.
3517 1018 3680 1074 Adeo

2034 1121 2238 1160 verum
2269 1109 2380 1171 est,
2412 1103 2674 1161 terribile
2707 1122 2835 1161 esse
2883 1106 2945 1161 in
2994 1122 3206 1162 manus
3263 1108 3365 1163 Dei
3420 1107 3680 1164 incidere

2034 1193 2280 1249 viventis
2314 1194 2522 1267 :cujus
2548 1199 2617 1250 ut
2644 1194 2963 1251 ineliabilis
2992 1196 3147 1252 112
3190 1200 3280 1251 est
3338 1195 3680 1252 misericor-

2036 1282 2157 1351 dia,
2188 1283 2272 1339 ita
2302 1289 2359 1340 et
2384 1283 2786 1340 intolerabiles
2816 1289 2957 1340 sunt
2986 1301 3193 1358 paenae.
3249 1286 3430 1341 Porro
3478 1290 3678 1341 autem

2035 1371 2099 1426 in
2120 1378 2402 1445 promptu
2426 1377 2516 1428 est
2552 1373 2931 1429 Solomonem
2955 1372 3235 1430 derelicto
3262 1390 3399 1430 vero
3432 1376 3548 1430 Deo
3578 1391 3680 1446 pa-

2034 1460 2143 1516 tris
2176 1461 2267 1517 sui
2299 1460 2503 1517 Davidi
2535 1462 2872 1518 simulacris
2893 1462 3158 1519 divinum
3176 1462 3460 1519 detulisse
3491 1463 3682 1519 hono-

2035 1567 2330 1619 rem,cum
2362 1550 2489 1606 hanc
2505 1551 2819 1608 sintverba
2848 1552 3045 1609 Achiae
3090 1553 3239 1608 vatis
3295 1552 3370 1609 ad
3399 1551 3681 1610 Jeroboa-

2034 1656 2239 1695 mum:
2281 1662 2310 1690 «
2368 1641 2515 1696 Ecce
2573 1657 2678 1714 ego
2736 1642 3026 1714 obrumpo
3074 1659 3322 1716 regnum
3371 1659 3443 1698 ex
3499 1657 3682 1698 manu

2033 1727 2386 1785 Solomonis.
2421 1729 2549 1784 Tibi
2580 1730 2784 1787 decem
2815 1731 3004 1787 tribus
3033 1731 3186 1787 dabo
3220 1748 3233 1787 :
3267 1731 3414 1788 duas
3443 1731 3557 1804 ipsi
3583 1747 3683 1787 re-

2030 1817 2323 1890 linquam,
2357 1818 2418 1875 in
2447 1819 2696 1891 gratiam
2728 1820 2928 1876 David:
2962 1821 3110 1877 servi
3139 1820 3258 1877 mei
3289 1837 3358 1878 ac
3412 1820 3682 1877 Hieroso-

2032 1871 2047 1872 κ
2447 1871 2695 1891 σψηῄ
2731 1871 2927 1876 ην-
2963 1871 3046 1877 ___
3072 1871 3109 1875 __
3139 1871 3257 1877 ,ηρ
3291 1871 3354 1878 _-
3413 1871 3648 1877 κηη--

1953 1871 2002 1938 Β
2034 1906 2330 1980 lymorum
2362 1907 2525 1965 urbis
2555 1925 2721 1973 meae,
2757 1925 2934 1981 quam
2969 1909 3039 1965 de
3064 1909 3338 1966 omnibus
3380 1908 3677 1967 Israelicis

2030 1994 2304 2053 tribubus
2334 1996 2479 2052 mihi
2515 1997 2724 2072 delegi.
2755 1999 2941 2055 Causa
2974 2004 3084 2068 est,
3120 1999 3279 2069 quod
3328 2016 3420 2055 me
3479 2003 3677 2071 spreto

2031 2087 2325 2141 Astartam
2350 2085 2750 2153 Sidoniorum,
2783 2087 3142 2143 Chamosum
3181 2087 3594 2154 Moabitarum,
3619 2092 3679 2142 et

2028 2171 2419 2227 Melchomum
2462 2173 2936 2229 Ammonitarum
2992 2172 3391 2230 abominanda
3437 2172 3679 2229 simula-

2027 2276 2127 2315 cra
2158 2260 2356 2316 divino
2376 2260 2538 2316 cultu
2568 2259 2961 2317 honoravit“.
2979 2262 3365 2318 Duxitautem
3390 2262 3671 2318 Solomon

2025 2365 2240 2405 uxores
2262 2349 2481 2405 multas
2508 2349 2897 2422 alienigenas,
2920 2355 2980 2406 et
3010 2351 3248 2407 tandem
3277 2352 3457 2408 etiam
3515 2351 3667 2407 Pha-

2025 2438 2225 2493 raonis
2256 2437 2462 2503 filiam,
2483 2438 2710 2509 nuptiis
2731 2439 3053 2494 contractis
3074 2455 3210 2495 cum
3230 2439 3504 2512 gentibus
3522 2455 3671 2510 qua-

2024 2541 2157 2580 rum
2176 2524 2570 2581 afﬁnitatibus
2587 2527 3098 2582 etnecessitudine
3110 2528 3263 2582 Deus
3285 2526 3675 2583 interdixerat

2025 2613 2100 2669 ob
2129 2615 2282 2669 hanc
2312 2630 2462 2683 rem,
2486 2630 2561 2670 ne
2593 2630 2677 2671 eae
2701 2614 3117 2671 lsraelicorum
3139 2614 3371 2671 animos
3401 2630 3471 2671 ea
3499 2632 3675 2672 occa-

2024 2702 2191 2758 sione
2248 2719 2284 2758 a
2328 2704 2448 2761 Deo
2505 2702 2581 2760 ad
2633 2703 3091 2760 simulacrorum
3140 2705 3393 2777 impium
3446 2704 3674 2762 cultum

2025 2791 2411 2848 abducerent.
2442 2792 2607 2858 Quod
2640 2792 2882 2863 quidem
2918 2793 3218 2849 Solomoni
3249 2800 3525 2865 provecta
3545 2794 3675 2867 jam

2026 2886 2201 2937 aetate
2232 2897 2266 2937 ει
2296 2882 2419 2937 suis
2441 2881 2730 2937 uxoribus
2778 2882 3016 2950 accidit,
3063 2882 3210 2939 adeo
3268 2889 3337 2939 ut
3386 2883 3676 2940 Chamo‘so

2026 2969 2345 3026 delubrum
2376 2975 2708 3027 exstrueret
2737 2969 2993 3027 sublime
3026 2971 3087 3027 in
3118 2976 3321 3028 monte
3343 2988 3378 3028 a
3429 2971 3673 3046 regione

2027 3057 2776 3130 Hierosolymmﬁtemquee
2800 3058 3132 3116 Melchomo
3164 3066 3223 3116 et
3250 3063 3680 3125 Astartae,Moa—

2033 3146 2799 3204 bitarum.Ammonitarum
2822 3153 2881 3204 et
2901 3147 3279 3205 Sidoniorum
3313 3149 3679 3205 detestandis

251 3243 389 3298 τῶν.
424 3241 533 3298 Καὶ
563 3239 811 3319 ὠργίσθη
864 3240 1059 3316 Κύριος
1109 3243 1188 3312 τῷ
1241 3238 1584 3313 Σολομῶντι,
1622 3238 1714 3293 καὶ
1746 3236 1915 3292 εἶπεν·

2035 3235 2389 3293 simulacris.
2418 3239 2611 3309 Atque
2643 3237 2853 3294 eodem
2884 3237 3058 3294 modo
3089 3237 3335 3311 singulis
3364 3238 3488 3294 suis
3506 3254 3679 3311 pere-

252 3331 409 3395 'Avﬂ'
469 3331 547 3386 ὧν
603 3329 706 3385 οὐκ
759 3329 1026 3410 ἐφύλαξας
1080 3330 1150 3385 τά
1203 3327 1601 3404 προστάγματά
1646 3347 1752 3399 μου
1781 3324 1814 3381 ἃ
1844 3324 1924 3380 ἐν·

257 3418 561 3493 ετξιλάμην
622 3440 730 3487 σοι,
785 3415 1131 3493 διαῤῥήσσων
1193 3414 1473 3493 διαῤῥήξω
1504 3416 1605 3485 τήν
1640 3411 1920 3491 βασιλείαν

260 3529 361 3564 σου
394 3507 456 3563 ἑκ
485 3509 676 3582 χειρός
734 3527 855 3577 σου,
906 3507 997 3562 καὶ
1047 3504 1210 3562 δώσω
1261 3505 1435 3576 αὐτὴν
1464 3510 1544 3577 τῷ
1573 3502 1759 3577 δούλῳ
1785 3520 1912 3558 σου·

261 3594 417 3666 πλὴν
476 3594 532 3650 ἐν
585 3600 710 3659 ταῖς
763 3596 1001 3669 ἡμέραις
1052 3614 1152 3649 σου
1208 3591 1277 3648 ού
1332 3593 1551 3662 ποιήσω
1578 3594 1767 3659 ταῦτα,
1798 3586 1924 3645 ούδὶ

263 3685 409 3756 ὅλην
455 3687 561 3755 τήν
598 3681 878 3760 βασιλείαν
931 3679 1208 3757 λήψομαι.
1242 3687 1531 3756 Σκῆπτρον
1556 3679 1612 3736 ἓν
1646 3677 1807 3735 δώσω
1837 3698 1922 3734 σοι

264 3772 356 3830 διὰ
387 3769 559 3831 Δαϐὶδ
588 3773 682 3830 τὸν
715 3769 914 3829 δοῦλόν
945 3792 1052 3847 μου
1097 3771 1186 3827 καὶ
1247 3769 1335 3827 διὰ
1385 3772 1484 3842 τήν
1543 3768 1828 3846 βασιλείαν
1857 3768 1926 3838 ἢν

262 3862 624 3936 ὲξιλιξάμην.
656 3884 687 3914 ιο

336 4124 705 4184 ’Δποθανόντι
752 4122 812 4182 δὲ
848 4130 938 4199 τῷ
988 4119 1156 4181 Δαϐὶδ
1200 4123 1427 4195 ἰποίησε
1474 4119 1746 4197 Σολομῶν
1778 4141 1927 4195 μνη-

2029 3324 2214 3398 grinis
2264 3324 2552 3382 uxoribus
2609 3332 2700 3381 est
2755 3326 3139 3399 gratificatus,
3196 3326 3515 3383 simulacra
3571 3342 3680 3385 sua

2031 3413 2325 3470 adolendo
2359 3419 2417 3469 et
2448 3414 2840 3471 sacrificando
2873 3414 3232 3472 colentibus.
3256 3417 3446 3472 Iratus
3479 3415 3678 3487 itaque

2036 3505 2187 3560 Deus
2216 3502 2520 3559 Solomoni
2553 3504 2723 3573 dixit,
2748 3505 2987 3577 quando
3017 3506 3067 3561 is
3097 3512 3393 3579 praecepta
3422 3522 3530 3563 sua
3559 3521 3681 3563 non

2032 3592 2426 3659 observasset,
2459 3609 2523 3649 se
2552 3593 2811 3649 vicissim
2864 3610 3115 3667 regnum
3154 3595 3208 3650 ei
3276 3595 3347 3650 de
3404 3594 3680 3652 manibus

2032 3687 2302 3752 ereptum
2338 3696 2505 3736 servo
2535 3682 2723 3752 ipsius
2756 3682 3137 3749 traditurum,
3156 3682 3393 3739 tametsi
3417 3684 3530 3741 hoc
3551 3685 3682 3756 ipso

2030 3772 2157 3826 vivo
2188 3787 2311 3826 non
2332 3771 2370 3825 1
2392 3772 2490 3827 13
2522 3777 2680 3827 esset
2697 3772 2982 3839 facturus,
3008 3789 3202 3844 neque
3224 3778 3413 3829 totum
3434 3789 3683 3847 regnum

2031 3860 2356 3925 ablaturus,
2414 3859 2519 3915 sed
2580 3876 2763 3916 unam
2806 3860 3028 3917 tribum
3084 3861 3337 3933 posteris
3394 3861 3523 3933 ejus
3579 3861 3680 3917 da-

2033 3954 2227 4015 turus,
2274 3946 2477 4005 Davidi
2538 3948 2725 4005 bausa
2754 3949 2905 4005 servi
2964 3950 3054 4005 sui
3086 3954 3147 4006 et
3175 3949 3375 4006 electas
3405 3965 3441 4005 a
3493 3966 3554 4005 se
3576 3965 3681 4005 ur-

2034 4036 2148 4093 bis.
2184 4058 2213 4087 ιι

2104 4125 2241 4181 Vita
2269 4125 2473 4181 functo
2528 4125 2749 4182 Davido
2808 4126 3148 4199 sepulcrum
3188 4126 3468 4183 Solomon
3524 4125 3680 4199 apud

271 4222 433 4292 μεῖον
460 4216 609 4293 παρὰ
653 4219 735 4288 τῷ
783 4211 1020 4289 Σιλωάμ
1073 4209 1342 4290 ἀντρῶδες
1394 4209 1484 4266 διὰ
1545 4210 1761 4287 βάθους,
1794 4209 1923 4284 πρὸς

2038 4214 2363 4271 Siloamum
2404 4213 2732 4282 aediﬁcavit,
2791 4219 2983 4271 totum
3039 4216 3102 4271 in
3160 4231 3371 4288 specus
3426 4215 3682 4271 formam

265 4306 328 4361 τὸ
368 4307 448 4379 μή
502 4304 727 4381 δρᾶσθαι
783 4302 1275 4380 μεμηχανημένον.
1331 4299 1718 4377 Συγκατώρυξι
1762 4296 1821 4354 δὲ
1850 4303 1923 4373 τῷ

2039 4304 2423 4368 eil‘ectum,ne
2453 4309 2618 4360 eeset
2635 4305 3025 4377 conspicuum
3055 4323 3070 4373 ;
3103 4310 3163 4362 et
3183 4322 3319 4361 cum
3348 4310 3517 4378 patre
3545 4320 3684 4361 cum

266 4394 439 4472 πατρί
497 4393 589 4450 καὶ
649 4395 884 4469 χρυσίου
938 4390 1157 4454 πολλὰς
1213 4387 1504 4465 μυριάδας,
1553 4388 1629 4452 ὡς
1662 4387 1923 4459 Ἰώσηπός

2039 4392 2121 4448 ibi
2151 4391 2449 4448 defodisse
2471 4392 2661 4449 multa
2676 4393 3035 4451 talentorum
3052 4395 3182 4450 auri
3198 4393 3688 4467 milliaJosephus

268 4504 462 4563 φησιν.
498 4484 648 4540 Ἐκεῖ
691 4481 780 4537 καὶ
835 4480 995 4544 αὐτὸς
1041 4481 1071 4536 6
1124 4477 1397 4553 Σολομῶν
1424 4477 1711 4542 ἀποθανὼν
1737 4475 1923 4555 ἐτάφη.

2042 4481 2269 4538 scribit.
2298 4480 2523 4539 Ibidem
2556 4488 2616 4538 et
2645 4482 2928 4540 Solomon
2987 4483 3151 4541 obita
3196 4488 3387 4540 morte
3419 4484 3691 4557 sepultus

273 4552 414 4632 δοιαὶ
449 4571 513 4630 δὶ
540 4571 634 4628 καὶ
664 4572 916 4645 Ὑρκανὸν
952 4567 1172 4639 ὕστερον
1227 4552 1321 4625 τδν
1376 4569 1544 4642 ἱερέα,
1580 4574 1682 4638 τῆς
1708 4552 1923 4630 πόλεως

2038 4575 2148 4627 est.
2174 4570 2496 4627 Perhibent
2520 4578 2727 4643 postea
2755 4573 3041 4645 temporis
3063 4574 3397 4646 Hyrcanum
3448 4552 3693 4646 pontiﬁ-

270 4662 778 4737 πολιορκουμένης,
839 4661 1047 4731 ἀνοῖξαι
1101 4658 1165 4715 τὸ
1241 4661 1508 4732 μνημεῖον
1572 4657 1662 4713 καὶ
1723 4659 1923 4732 χρυσοῦ

2041 4680 2335 4733 cem,cum
2366 4664 2508 4720 urbs
2556 4664 2864 4721 obsidione
2914 4672 3303 4737 premeretur.
3335 4669 3540 4736 aperto
3572 4677 3696 4717 mo-

272 4750 568 4828 τρισχίλια
621 4748 861 4806 ταλαντα
936 4747 1134 4804 ἐκεῖθεν
1212 4744 1533 4822 ἐκφορῆσαι.
1587 4742 1764 4802 Ἀλλὰ
1840 4745 1923 4800 καί

2041 4760 2329 4811 numento
2359 4754 2490 4810 auri
2531 4754 2755 4810 talenta
2800 4761 2889 4811 ter
2918 4754 3082 4810 mille
3140 4754 3277 4809 inde
3327 4757 3691 4824 exportasse.

266 4838 532 4916 Ἡρώδην
568 4839 686 4913 μετ’
714 4837 875 4893 αὐτὸν
903 4837 1108 4908 ἀνοῖξαι
1163 4835 1261 4909 μὶν
1306 4835 1399 4891 τὸν
1446 4833 1639 4912 τάφον,
1670 4834 1923 4909 ’χρήματα

2041 4847 2185 4901 Post
2213 4845 2372 4899 hunc
2401 4844 2691 4899 Herodem
2724 4843 2881 4900 idem
2911 4849 3242 4901 tentanlem
3266 4835 3696 4914 pecuniwnihil

272 4926 336 4985 δὶ
392 4932 467 5001 μὴ
520 4929 716 5005 εὑρεῖν⁹
749 4927 957 5000 κόσμον
1002 4923 1061 4981 δὲ
1098 4927 1338 5005 χρυσοῦν
1369 4922 1460 4979 καὶ
1489 4920 1757 4995 κειμήλια
1784 4923 1923 4996 πάμ

2044 4934 2367 5000 invenisse,
2416 4933 2522 4989 sed
2568 4949 2749 4990 aurea
2803 4939 3155 4990 ornamenta
3207 4938 3384 5003 atque
3433 4925 3696 4999 reposita

268 5015 467 5074 πολλα
493 5020 687 5072 τοῦτον
727 5013 1011 5072 ἀνελέσθαι
1064 5014 1364 5089 ίστοροῦσι,
1414 5010 1735 5086 πειραθὲντα
1764 5008 1820 5067 δὶ
1843 5009 1923 5067 καί

2045 5023 2293 5079 donaria
2322 5022 2619 5095 permulta
2647 5022 2990 5089 abstulisse;
3024 5021 3392 5090 interiusque
3422 5020 3696 5090 penetra-

268 5104 546 5183 ἰνδοτέρω
579 5111 786 5183 χωρεῖν
817 5105 948 5181 πυρὶ
977 5102 1354 5181 ἰπισχεθῆναι.
1650 5184 1653 5185 ν

2045 5130 2111 5170 re
2135 5128 2477 5185 aggressum
2511 5112 2631 5185 igni
2664 5111 2847 5168 fuisse
2879 5111 3267 5184 prohibitum.

347 5197 745 5255 Ἀποθανιῖντος
803 5191 862 5249 δὲ
933 5196 1034 5249 τοῖ’»
1108 5189 1480 5265 Σολομῶντος
1535 5184 1777 5264 Ῥοϐοάμ
1834 5190 1923 5260 τὴν

2119 5184 2421 5258 Solomoni
2455 5184 2793 5258 Roboamus
2842 5200 3149 5257 successit.
3208 5200 3380 5262 Eum.
3440 5211 3576 5252 cum
3622 5194 3699 5251 ad

273 5283 560 5359 βασιλείαν
619 5279 957 5359 διαδέχεται.
1016 5281 1114 5336 Καὶ
1173 5279 1333 5342 αὐτὸς
1404 5274 1648 5347 ἀπῆλθεν
1707 5277 1784 5341 εἰς
1842 5277 1923 5335 2(-

2049 5292 2291 5347 comitia
2320 5291 2525 5364 populi
2559 5307 2756 5365 regem
2777 5291 2973 5362 ipsum
2986 5288 3351 5346 declaraturi
3367 5287 3703 5344 Sichematn

268 5394 435 5446 κιμα,
468 5373 553 5429 ὅτι
612 5371 726 5428 ἐκεῖ
788 5376 897 5436 πᾶς
950 5368 1172 5446 Ἰσραὴλ
1220 5367 1588 5453 ἀπῄεσαν-τοῦ
1624 5366 1923 5441 βασιλεῦσαι

2048 5380 2335 5441 venisset,
2394 5380 2654 5453 populus
2711 5380 2935 5453 rogavit
2990 5378 3076 5435 uti
3118 5379 3351 5452 jugum,
3410 5376 3569 5450 quod
3619 5376 3705 5432 eis

271 5460 462 5517 αὐτόν·
494 5462 583 5524 καὶ
618 5458 891 5530 ἐλάλησεν
923 5460 953 5515 6
980 5459 1113 5522 λαὸς
1170 5457 1308 5536 πρὸς
1355 5450 1619 5528 Ῥοϐοάμ.
1651 5456 1710 5514 Ὁ
1758 5458 1923 5533 mir/,5

2054 5474 2223 5541 pater
2252 5450 2440 5541 ipsius
2471 5450 2863 5543 aggravasset,
2917 5450 3292 5526 levaretzita
3348 5485 3410 5524 se
3458 5472 3698 5540 paratos

269 5573 377 5608 σου
410 5548 635 5628 ἐϐάρυνε
660 5552 753 5607 τὸν
781 5548 973 5605 κλοιὸν
1023 5551 1211 5623 ἡμῶν,
1263 5548 1351 5603 καὶ
1416 5547 1478 5602 σὺ
1528 5550 1622 5603 νῦν
1653 5547 1914 5624 κούφισον

2053 5574 2183 5613 esse
2215 5557 2290 5613 ad
2323 5557 2702 5615 serviendum
2727 5558 2861 5631 ipsi.
2894 5557 3230 5615 Roboamus
3260 5556 3567 5613 discedere
3597 5570 3703 5626 po-

266 5640 365 5696 καί
402 5635 765 5712 δουλεύσομέν
795 5659 904 5695 σοι.
936 5639 1034 5693 Καὶ
1087 5638 1232 5693 εἶπεν
1268 5636 1297 5690 6
1331 5631 1610 5711 βασιλεύς·
1646 5636 1923 5703 Ἀπὲλθετι

2052 5647 2196 5720 pulo
2214 5653 2391 5719 atque
2424 5647 2620 5704 triduo
2642 5653 2778 5721 post
2798 5648 2872 5705 ad
2915 5646 3329 5720 accipiendum
3356 5656 3704 5719 responsum

352 5755 409 5791 "
438 5756 513 5812 li]
541 5758 682 5831 Reg.
726 5771 801 5822 ιι,
832 5755 892 5809 31
932 5755 1022 5809 33.
