4186 6190
486 288 643 406 ἐὸτ
1621 314 1659 380 -'
1707 316 1713 322 ’
1833 290 2159 399 "aediﬁci

2266 302 2587 398 2mm
3781 335 3785 338 ’
3814 322 3929 401 eos

522 477 719 539 redire
733 475 925 551 jusso,
947 473 1150 550 populi
1169 470 1616 546 postulatacum
1640 444 1883 529 senibus
1894 444 2159 528 commu-

2275 465 2379 531 ἕως
2407 434 2633 545 ἡμερῶν
2673 472 2862 547 τριῶν·
2923 442 3310 545 ἀνασνέρὲψατε,
3363 467 3457 524 καὶ
3509 464 3744 540 λαλήσω
3778 467 3928 543 ὑμῖν.

526 567 817 628 nicavit.li
832 565 1259 623 consuluerunt
1288 563 1374 620 uti
1394 562 1615 636 populo
1636 578 1865 620 morem
1898 566 2132 635 gereret
2156 576 2170 615 :

525 659 613 719 ita
629 672 765 714 eum
780 656 887 713 sub
910 670 975 710 se
994 657 1280 726 perpetuo
1303 652 1666 711 habiturum.
1700 651 1963 708 Consulti
1992 651 2171 707 etiam

521 764 559 803 a
574 762 708 819 rege
732 743 1183 813 adolescentuli,
1200 759 1348 814 quos
1362 743 1585 799 circum
1601 758 1662 798 se
1674 740 1895 798 habere
1920 740 2166 808 solebat,

522 833 741 891 hortati
759 849 895 889 eum
909 837 1050 889 sunt
1071 838 1136 887 ut
1154 832 1374 904 populo
1396 832 1481 888 sic
1500 830 1909 904 responderet,
1942 829 2170 886 tenuis-

492 922 733 979 simam
779 921 869 978 sui
927 920 1193 993 corporis
1247 925 1474 993 partem
1538 919 1891 976 crassiorem
1947 916 2169 973 lumbis

520 1011 786 1084 paternis
818 1027 971 1067 esse.
1039 1011 1275 1066 Patrem
1327 1010 1473 1082 ipsis
1525 1010 1681 1065 174
1738 1023 1909 1080 grave
1955 1007 2167 1080 jugum

522 1100 877 1172 imposuisse
909 1116 922 1155 :
956 1105 1019 1157 at
1044 1116 1107 1157 se
1138 1099 1199 1155 id
1230 1116 1408 1171 porro
1430 1114 1667 1171 quoque
1696 1102 2164 1170 aggravaturum.

523 1191 761 1247 Patrem
788 1190 852 1247 in
882 1189 1029 1262 ipsis
1058 1189 1417 1262 castigandis
1444 1204 1621 1244 usum
1650 1186 1835 1243 fuisse
1893 1184 2167 1258 ﬂagellis,

529 1297 593 1337 se
618 1279 888 1351 scorpios
917 1277 993 1335 ad
1008 1280 1121 1335 hoc
1147 1278 1574 1336 adhibiturum.
1609 1278 1728 1332 Hoc
1761 1274 2170 1333 adolescentu—
2240 1342 2249 1351 θ

522 1368 723 1426 lorum
748 1368 1066 1425 consilium
1096 1367 1365 1440 probavit
1390 1366 1747 1435 Roboamus,
1791 1364 1990 1437 itaque
2048 1379 2170 1419 om-

523 1456 669 1515 nino
699 1455 1005 1529 respondit
1034 1454 1252 1527 populo
1271 1452 1603 1510 Sichemam
1624 1468 1878 1509 reverso.
1906 1450 1996 1507 Ad
2041 1449 2169 1506 haac

504 1544 781 1621 ‘populus
809 1560 931 1601 uno
962 1560 1064 1601 ore
1092 1548 1452 1616 protestatus
1512 1548 1603 1598 est
1646 1542 1799 1598 nihil
1840 1556 2016 1613 porro
2055 1538 2166 1595 sibi

523 1650 659 1693 cum
689 1634 908 1691 Davido
936 1639 997 1690 et
1012 1635 1231 1691 Jessaea
1258 1632 1425 1707 prole
1455 1649 1808 1689 commune:
1862 1629 2168 1687 lsraelicos

525 1723 587 1779 in
618 1739 792 1781 suum
822 1739 1121 1797 quemque
1149 1721 1601 1779 tabernaculum
1620 1720 1806 1789 abire,
1838 1719 2034 1792 ipsum
2063 1722 2164 1773 Da-

523 1812 726 1871 vidum
742 1829 912 1875 suam
934 1812 1178 1869 domum
1205 1828 1446 1884 pascere
1472 1828 1549 1868 an
1567 1810 1897 1884 gubernare
1930 1806 2165 1864 deb‘ere.

528 1903 648 1963 Hoc
678 1902 855 1960 modo
905 1902 1242 1959 Solomonis
1290 1917 1545 1974 regnum
1593 1899 1803 1955 fissum
1858 1904 1965 1955 est.
2025 1898 2169 1952 Nam

528 1991 829 2051 Roboamo
851 1991 981 2048 dum
1004 1996 1234 2049 tantum
1266 1990 1473 2059 tribus,
1503 1988 1666 2046 ludia
1697 1994 1755 2044 et
1812 1986 2166 2061 Benjamini,

522 2081 904 2137 adhaeserunt
933 2098 945 2137 :
978 2080 1221 2152 reliqum
1252 2096 1461 2136 omnes
1515 2077 1932 2135 Jeroboamum
1962 2074 2169 2132 Nabati

520 2170 712 2226 filium
741 2186 943 2243 regem
972 2170 1085 2226 sibi
1141 2169 1599 2226 constituerunt.
1646 2167 1827 2240 Regia
1879 2165 2168 2224 Roboami

516 2260 633 2316 fuit
660 2260 1107 2334 Hierosolymis,
1141 2265 1200 2316 et
1228 2258 1548 2315 multitudo
1569 2274 1751 2331 regno
1774 2258 1903 2331 ejus
1932 2256 2171 2313 subdita

514 2349 695 2411 Iudas
739 2349 1154 2422 appellabatur
1182 2366 1251 2407 ac
1271 2349 1484 2407 domus
1530 2347 1826 2413 Davidica,
1858 2346 2102 2404 nomine
2135 2360 2171 2401 a

518 2438 680 2496 tribu
707 2440 1123 2512 praestantiore
1172 2444 1431 2511 sumpto.
1466 2440 1542 2495 At
1583 2436 1972 2494 Jeroboamus
2001 2433 2169 2508 regni

521 2533 700 2600 caput
727 2528 938 2585 habuit
958 2528 1306 2594 Samariam,
1340 2526 1564 2599 regiam
1613 2525 1848 2581 Tliarsaa
1873 2543 1888 2593 ;
1911 2523 2169 2596 populus

522 2634 703 2690 quam
731 2618 975 2691 regebat
997 2617 1254 2674 Israelus
1275 2616 1350 2672 ob
1378 2614 1823 2672 multitudinem
1847 2618 1906 2669 et
1927 2612 2167 2685 Ephrai-

520 2721 655 2763 mus
684 2705 759 2761 ob
789 2707 956 2780 regni
979 2705 1200 2762 tribum
1228 2703 1701 2777 nuncupabatur.

588 2979 828 3037 Decima
866 2979 1080 3051 quinta
1131 2978 1226 3035 die
1258 2979 1445 3035 octavi
1502 2976 1728 3035 mensis
1781 2976 2167 3033 Jeroboamus

518 3069 825 3127 Bethelam
857 3069 1148 3136 ascendit,
1179 3067 1255 3125 ad
1285 3084 1451 3125 aram
1483 3084 1660 3139 quam
1689 3071 2065 3123 exstruxerat
2101 3070 2168 3121 ut

2285 558 2371 630 [P.
2404 559 2495 633 99]
2553 560 2656 616 Καὶ
2711 556 3019 635 ἀπήγγειλε
3072 553 3316 633 Ῥοϐοᾶμ
3363 562 3486 622 τοῖς
3542 553 3929 635 πρεσϐυτέροις

2277 646 2342 700 τὸ
2394 647 2550 721 ῥῆμα
2604 652 2701 703 τοῦ
2758 647 2916 707 λαοῦ.
2975 648 3083 705 Καὶ
3125 647 3279 704 αῦτοὶ
3336 648 3513 703 εἶπον·
3556 646 3832 723 ᾖτήσαντό
3872 669 3928 704 σε

2278 736 2553 807 ποιήσεις,
2605 736 2696 792 καὶ
2744 736 2904 793 αὐτοὶ
2962 733 3153 793 δοῦλοί
3209 758 3306 793 σου
3363 738 3538 797 πάσας
3567 736 3663 799 τὰς
3692 735 3923 814 ἡμέρας.

2279 821 2383 880 Καὶ
2414 819 2880 882 συνεϐουλεύσατο
2941 827 3077 901 μετὰ
3132 830 3239 882 τῶν
3276 822 3580 900 παιδαρίων
3632 829 3740 881 τῶν
3792 845 3928 901 παρ-

2278 912 2527 968 εστώτων
2555 912 2701 987 αὐτῷ
2728 914 2854 993 περὶ
2880 915 3101 987 τούτου,
3134 915 3221 970 καὶ
3272 912 3426 971 αὒτοῖ
3466 915 3641 970 εἶπον·
3674 913 3929 985 Λάλησον

2275 1005 2357 1073 τῷ
2408 1000 2528 1077 λαῷ
2584 1001 2779 1069 οὕτως·
2831 1004 2896 1060 'll
2951 1005 3260 1079 σμικρότης
3314 1024 3420 1078 μου
3481 1002 3761 1079 παχυτέρα
3818 1004 3928 1061 ἐστὶ

2277 1096 2379 1162 τῆς
2411 1090 2610 1168 ὀσφύος
2661 1097 2759 1148 τοῦ
2810 1092 3014 1170 πατρός
3074 1114 3202 1168 μου.
3251 1094 3313 1152 Ὀ
3346 1095 3526 1168 πατήρ
3562 1113 3667 1166 μου
3700 1094 3927 1149 ὑπέτασ-

2277 1199 2363 1235 σεν
2425 1179 2565 1254 ὑμᾶς
2623 1178 2679 1236 ἰν
2729 1178 2907 1255 κλοιῷ
2968 1182 3144 1258 βαρεῖ,
3201 1180 3307 1257 ἐγὼ
3366 1184 3664 1259 προσθήσω
3721 1180 3810 1238 ἐπὶ
3851 1187 3929 1255 τῷ

2276 1266 2455 1342 κλοιῷ
2501 1267 2686 1325 αὐτοῦ·
2737 1269 2766 1324 6
2812 1272 2996 1345 πατήρ
3049 1291 3156 1344 μου
3203 1267 3512 1326 ἐπαίδευσεν
3547 1271 3709 1353 ,ὑμᾶς
3737 1269 3790 1325 ἐν
3822 1271 3929 1347 μά-

2279 1359 2464 1430 στιξιν,
2496 1355 2606 1437 ἐγὼ
2631 1356 2906 1414 παιδεύσω
2964 1359 3103 1435 ὑμᾶς
3161 1359 3216 1415 ἐν
3274 1359 3543 1435 σκορπίῳ.
3584 1358 3802 1432 Ταύτην
3829 1362 3927 1430 τὴν

2281 1444 2492 1522 βουλὴν
2531 1451 2640 1504 τῶν
2699 1445 3006 1524 παιδαρίων
3061 1450 3180 1505 εἷπε
3225 1443 3473 1524 Ῥοϐοὰμ
3535 1449 3925 1525 ὑποστρέψαντι

2276 1540 2354 1609 τῷ
2405 1534 2650 1612 Ἰσραὴλ·
2709 1539 2799 1593 καὶ
2847 1536 3111 1612 ἀπεκρίθη
3173 1544 3279 1602 πᾶς
3332 1540 3361 1594 6
3419 1536 3572 1602 λαός*
3615 1540 3732 1598 Οὐκ
3782 1535 3925 1596 ἔστιν

2277 1627 2413 1699 ἡμῖν
2471 1619 2549 1681 ἔτι
2606 1627 2760 1703 μερὶς
2813 1612 2865 1682 ἐν
2926 1622 3121 1695 Δαόἱδ,
3181 1624 3311 1683 οὐδε
3362 1626 3710 1703 κληρονομία
3738 1627 3792 1683 ἐν
3822 1629 3929 1701 υἱῷ

2277 1713 2490 1774 Ἰεσσαί.
2525 1715 2847 1792 Ἀπότρεχε,
2903 1710 3148 1793 Ἰσραὴλ,
3207 1716 3282 1780 είς
3333 1717 3398 1772 τὰ
3439 1716 3774 1791 σκηνώματὰ
3806 1738 3925 1788 σου,

2279 1803 2443 1880 βόσκε
2470 1805 2562 1860 τὸν
2618 1805 2769 1861 οἶκόν
2830 1826 2952 1875 σου,
3010 1798 3200 1876 Δαϐὶδ,
3257 1804 3347 1860 καὶ
3404 1810 3569 1880 κρῖνε.
3606 1806 3707 1862 Καὶ
3742 1802 3928 1880 διεμε-

2276 1893 2432 1965 ⁸είσθη
2492 1896 2526 1963 ἡ
2584 1891 2834 1968 βασιλεία
2890 1892 3275 1969 Σολομῶντος·
3333 1894 3423 1950 καὶ
3480 1892 3626 1966 αύτῷ
3686 1894 3780 1968 μὲν
3844 1899 3924 1968 τῷ

2273 1975 2518 2056 Ῥοϐοᾶμ
2541 1984 2577 2052 ἡ
2611 1982 2662 2053 ἐξ
2711 1980 2890 2040 Ἰούδα
2928 1982 3223 2058 παραμένει
3274 1983 3421 2060 φυλὴ
3471 1982 3559 2038 καὶ
3592 1986 3626 2054 ἡ
3657 1986 3755 2039 τοῦ
3792 1989 3925 2040 Βεν-

2275 2070 2451 2144 ιαμὶν,
2493 2072 2548 2127 αἱ
2602 2068 2658 2127 δὶ
2710 2068 2901 2128 λοιπαῖ
2950 2069 3077 2128 δέκα
3133 2070 3300 2150 φυλαι
3354 2066 3644 2148 Ἰεροϐοὰμ
3690 2072 3782 2127 τὸν
3826 2076 3925 2128 τοῦ

2272 2154 2454 2215 Ναὸὰτ
2487 2162 2894 2235 προεστήσαντο
2930 2158 3178 2237 βασιλέα.
3226 2154 3340 2219 ’Ἦν
3401 2162 3498 2236 μὶν
3547 2165 3627 2234 τῷ
3678 2156 3929 2237 Ῥοϐοὰμ.

2269 2254 2371 2318 τῆς
2418 2247 2699 2323 βασιλείας
2744 2250 2772 2305 ὁ
2821 2251 2973 2314 οἶκος
3019 2248 3073 2306 ἐν
3118 2249 3504 2324 Ἰερουσαλὴμ,
3555 2249 3815 2307 ἐκαλεῖτο
3867 2249 3926 2307 δί

2270 2339 2333 2394 τὸ
2362 2338 2455 2394 ὑπ’
2480 2337 2641 2395 αύτὸν
2694 2340 3022 2414 ταττόμενον
3071 2338 3288 2411 πλῆθος
3345 2338 3549 2404 Ἰούδας
3579 2341 3668 2397 καὶ
3698 2342 3726 2397 ὁ
3767 2341 3926 2406 οἶκος

2273 2423 2464 2499 Δαϐἱδ,
2522 2426 2584 2484 ἐκ
2631 2435 2731 2499 τῆς
2789 2428 3229 2504 ἑοικρατεστὲρας
3278 2427 3457 2507 φυλῆς
3516 2427 3761 2505 εἷ’ληφὼς
3820 2431 3927 2501 τὴν

2272 2516 2665 2594 προσηγορίαν.
2719 2520 2831 2575 Τοῦ
2875 2515 2933 2574 δὲ
2979 2514 3271 2594 Ἱεροεοᾶμ
3316 2519 3595 2594 Σαμάρεια
3641 2521 3675 2588 ἡ
3712 2518 3929 2596 μητρόο

2271 2604 2461 2675 πολις,
2495 2607 2523 2662 6
2555 2603 2612 2662 δὲ
2639 2614 2738 2677 τῆς
2791 2605 3070 2685 βασιλείας
3128 2610 3279 2672 οἶκος
3321 2608 3373 2665 ἐν
3428 2611 3628 2684 Θαρσᾷ·
3662 2605 3838 2682 ὄνομα
3870 2607 3932 2664 δὶ

2272 2700 2352 2768 τῷ
2382 2695 2471 2753 ὑπ’
2501 2694 2664 2751 αὐτὸν
2698 2693 2818 2769 λαῷ
2850 2693 3068 2772 Ἰσραὴλ
3101 2692 3191 2752 διὰ
3227 2698 3288 2753 τὸ
3319 2696 3533 2768 πλῆθος
3563 2694 3653 2752 καὶ
3685 2696 3932 2776 Ἐφραίμ

2273 2781 2365 2840 διὰ
2390 2785 2493 2854 τήν
2523 2791 2623 2855 τῆς
2661 2785 2944 2862 βασιλειας
2971 2782 3172 2864 φυλὴν.

2340 2976 2490 3033 Κατὰ
2520 2972 2578 3031 δὲ
2604 2977 2696 3032 τὸν
2754 2973 2947 3054 ὄγδοον
3005 2984 3171 3051 μῆνα,
3229 2978 3279 3034 ἐν
3337 2983 3407 3054 τῇ
3464 2976 3923 3055 πεντεκαιδεκάτῃ

2266 3072 2364 3124 τοῦ
2398 3070 2595 3143 μηνὸς,
2648 3064 2809 3141 ἀνέϐη
2862 3066 3153 3146 Ἱεροϐοὰμ
3200 3070 3253 3128 ἐν
3310 3070 3493 3141 Βεθὴλ
3525 3072 3601 3136 εἷς
3628 3074 3691 3128 τὸ
3719 3073 3925 3128 θυσια-

512 3158 769 3230 buculis,
803 3177 953 3232 quas
973 3159 1227 3229 fuderat,
1256 3174 1384 3215 rem
1415 3174 1643 3215 sacram
1678 3158 1919 3224 faceret,
1942 3156 2159 3214 consti-

2269 3161 2492 3234 στήριον
2549 3160 2578 3215 ’ὀ
2639 3158 2864 3232 ἐποίησε
2919 3164 3017 3217 τοῦ
3077 3163 3221 3217 θύειν
3274 3167 3396 3225 ταῖς
3463 3160 3760 3238 δαμάλεσίν
3830 3165 3926 3226 αἶς

510 3249 742 3321 tuitque
774 3249 1241 3321 sacerdotes,qui
1264 3249 1327 3304 in
1358 3248 1538 3303 editis
1568 3248 1715 3303 locis
1731 3246 2158 3315 sacriﬁcarent,

510 3354 547 3394 ε
576 3355 639 3394 se
670 3339 1056 3395 consecratis.
1086 3340 1234 3394 Ecce
1267 3343 1465 3394 autem
1497 3354 1571 3393 ex
1599 3337 1749 3394 Juda
1776 3335 2019 3409 quidam
2064 3336 2155 3392 di-

506 3427 679 3484 vinus
709 3429 888 3484 homo
917 3427 1199 3485 mandato
1232 3427 1335 3483 Dei
1366 3427 1691 3483 instructus
1728 3425 2031 3481 Bethelam
2057 3425 2158 3481 ad-

502 3517 683 3573 venit.
717 3517 792 3586 is,
817 3533 951 3574 cum
997 3516 1383 3573 Jeroboamus
1413 3516 1587 3573 altari
1617 3532 1723 3572 suo
1781 3514 2157 3571 sacrificandi

511 3607 701 3680 gratia
729 3609 768 3663 I
786 3606 880 3663 15
913 3611 1155 3676 astaret,
1190 3607 1274 3663 ita
1301 3606 1504 3662 divino
1533 3606 1822 3662 instinctu
1851 3605 2036 3662 altare
2066 3609 2158 3661 est

507 3697 757 3754 aﬁ‘atus:
784 3697 1006 3765 Altare,
1039 3697 1247 3768 altare,
1262 3697 1375 3753 hoc
1405 3696 1509 3752 tibi
1544 3695 1858 3753 denuntiat
1886 3696 2059 3765 Deus,
2092 3696 2155 3752 in

509 3787 687 3844 domo
719 3786 921 3845 Davidi
950 3787 1322 3845 nasciturum
1352 3802 1625 3859 puerum,
1654 3786 2154 3855 Josiamnomine,

506 3879 610 3950 qui
643 3877 1010 3935 sacriﬁculos
1031 3877 1327 3935 editorum
1348 3875 1614 3933 locorum
1636 3892 1815 3948 super
1832 3880 1892 3931 te
1917 3875 2154 3931 adolere

507 3967 715 4024 solitos
746 3966 852 4022 tibi
883 3967 1196 4039 impositos
1226 3966 1531 4036 mactabit,
1564 3981 1631 4021 ac
1663 3982 1843 4036 supra
1873 3964 2153 4020 te‘homi-

506 4073 654 4113 num
682 4072 819 4113 ossa
847 4056 1152 4113 accendet.
1181 4057 1252 4111 Et
1295 4056 1484 4111 fatum
1519 4053 1787 4127 prodigio
1817 4058 1884 4109 ut
1928 4054 2153 4110 conﬁr—

502 4150 714 4213 maret,
746 4146 852 4211 En,
886 4145 988 4213 ait,
1020 4145 1208 4201 altare
1246 4150 1576 4215 rumpetur,
1607 4144 1785 4214 atque
1816 4142 2154 4198 eﬁ‘undetur

505 4234 606 4304 qui
636 4238 727 4288 est
755 4232 807 4287 ei
839 4232 1153 4304 impositus
1178 4231 1383 4304 adeps.
1417 4234 1549 4287 Haec
1595 4230 1845 4287 audiens
1871 4229 2150 4286 Jeroboa-

505 4336 641 4377 mus
669 4336 913 4376 manum
945 4337 1113 4377 suam
1144 4320 1406 4376 hominis
1456 4319 1944 4392 apprehendendi
1974 4334 2153 4376 causa

505 4409 771 4466 extendit
800 4426 815 4467 :
850 4428 978 4482 quae
1009 4411 1205 4469 subito
1236 4411 1487 4478 exaruit,
1517 4411 1814 4482 simulque
1845 4414 1948 4467 ara
1975 4415 2150 4483 rupta

505 4498 689 4573 adeps
720 4501 941 4557 eil‘usus
974 4507 1084 4557 est.
1128 4502 1274 4557 Tum
1303 4500 1688 4557 Jeroboamus
1716 4506 1908 4557 vatem
1963 4500 2150 4557 oravit

2266 3246 2560 3323 ἐχώνευσε,
2617 3249 2706 3304 καὶ
2765 3249 3068 3326 παρέστησε
3119 3250 3246 3312 τοὺς
3303 3251 3469 3326 ἱερεῖς
3498 3256 3605 3307 τῶν
3662 3250 3924 3325 ὑψηλῶν,

2266 3337 2361 3398 οὕς
2390 3336 2552 3399 αὐτὸς
2581 3338 2902 3407 κατέστησεν
2961 3337 3014 3394 ἐν
3074 3336 3283 3403 αὐτοῖς.
3340 3340 3443 3397 Καὶ
3476 3337 3596 3395 ῗδοὺ
3626 3338 3926 3414 ἅνθρωπος

2263 3429 2360 3481 τοῦ
2407 3430 2542 3482 Θεοῦ
2587 3428 2912 3502 παρεγίνετο
2964 3427 3015 3483 ἐν
3068 3426 3269 3499 Βεθὴλ,
3320 3427 3374 3485 ἐν
3425 3428 3579 3504 λόγῳ
3628 3430 3836 3505 Κυρίου
3871 3427 3928 3500 ἐξ

2264 3513 2445 3574 Ἰούδα
2499 3517 2589 3572 καὶ
2645 3512 2936 3593 Ἰεροϐοᾶμ
2991 3517 3229 3589 εἱστήκει
3287 3517 3374 3574 ἐπὶ
3434 3519 3497 3575 τὸ
3528 3520 3930 3593 θυσιαστήριον

2264 3604 2431 3660 αὐτοῦ
2484 3609 2582 3661 τοῦ
2630 3608 2806 3663 θῦσαι.
2865 3607 2971 3662 Καὶ
3023 3607 3173 3663 εἶπεν
3230 3607 3259 3662 ὁ
3317 3605 3599 3684 ἅνθρωπος
3655 3609 3794 3684 πρὸς
3861 3607 3931 3663 τὸ

2264 3696 2647 3771 θυσιαστήριον
2690 3694 2742 3750 ἐν
2790 3693 2944 3770 λόγῷ
3001 3697 3227 3773 Κυρίου·
3278 3699 3692 3771 Θυσιαστήριον,
3725 3700 3932 3753 θυσια-

2264 3786 2511 3857 στήριον,
2540 3781 2669 3840 τάδε
2691 3784 2834 3860 λέγει
2883 3784 3103 3859 Κύριος’
3151 3783 3297 3843 Ἰδοὺ
3336 3786 3452 3849 υἱὸς
3482 3786 3721 3843 τίκτεται
3752 3786 3808 3842 ἐν
3840 3792 3930 3860 τῷ

2263 3870 2400 3946 οίκῳ
2451 3868 2642 3943 Δαϐὶδ,
2702 3871 2912 3938 ’[ωσίας
2966 3871 3141 3947 ὄνομα
3191 3875 3363 3947 αὐτῷ.
3424 3873 3523 3930 Καὶ
3553 3873 3700 3931 θύσει
3732 3873 3829 3931 ἐπὶ
3866 3877 3929 3931 ei

2260 3962 2387 4024 τοὺς
2442 3963 2607 4039 ἱερεῖς
2662 3965 2772 4017 τῶν
2830 3961 3061 4036 ὑψηλῶν
3117 3968 3224 4019 τῶν
3278 3964 3513 4021 θυόντων
3569 3964 3647 4028 είς
3704 3966 3785 4035 σὲ,
3826 3966 3929 4022 καὶ

2261 4050 2392 4106 ὀστᾶ
2446 4050 2748 4127 ἀνθρώπων
2802 4050 2989 4107 καύσει
3044 4050 3133 4107 ἐπὶ
3206 4054 3283 4110 σὲ.
3342 4055 3442 4111 Καὶ
3499 4051 3699 4110 ἔδωκεν
3756 4055 3931 4120 εὐθὺς

2259 4140 2440 4215 τέρας,
2495 4139 2687 4217 λέγων’
2750 4137 2895 4197 Ἰδοὺ
2949 4141 3014 4197 τὸ
3065 4142 3447 4218 θυσιαστήριον
3504 4143 3790 4220 ῥήγνυται,
3826 4144 3928 4200 καὶ

2260 4228 2622 4308 ἐκχυθήσεται
2682 4232 2718 4300 ἡ
2777 4229 2974 4301 πιότης
3026 4232 3061 4301 ἠ
3121 4229 3257 4287 οὖσα
3312 4230 3395 4288 ἐπ’
3449 4232 3618 4305 αὐτῷ.
3680 4233 3777 4290 Καὶ
3844 4234 3927 4296 ὡς

2257 4319 2491 4389 ἤκουσεν
2548 4313 2861 4395 Ὶεροϐοάμ,
2918 4319 3139 4391 ἐξέτεινε
3188 4322 3290 4391 τήν
3346 4328 3507 4399 χεῖρα
3565 4320 3730 4378 αὐτοῦ
3778 4322 3936 4379 συλ-

2258 4402 2519 4473 λαϐέσθαι
2574 4406 2757 4464 αὐτόν.
2815 4408 2922 4466 Καὶ
2981 4405 3099 4464 ἰδοὺ
3157 4409 3424 4485 ἐξηράνθη
3481 4413 3516 4482 ἡ
3567 4412 3692 4489 χεὶρ
3718 4411 3932 4483 αὐτοῦ,

2255 4496 2346 4553 καὶ
2400 4497 2465 4553 τὸ
2522 4498 2905 4574 θυσιαστήριον
2961 4496 3191 4575 ἑρῥάγη,
3247 4499 3337 4555 καὶ
3389 4502 3425 4570 ἡ
3482 4501 3679 4573 πιότης
3742 4501 3935 4558 αὐτοῦ

502 4589 591 4645 uti
623 4589 809 4645 Deum
838 4606 945 4663 pro
977 4606 1040 4646 se
1070 4590 1513 4662 deprecaretur,
1537 4588 1623 4644 uti
1662 4589 1773 4644 sibi
1802 4605 1910 4645 sua
1936 4605 2152 4645 manus

2266 4586 2513 4663 ἐξεχύθη.
2547 4586 2646 4643 Καὶ
2676 4586 2823 4643 εἶπεν
2853 4582 3162 4662 Ἱεροϐοάμ·
3206 4590 3437 4661 Δεήθητι
3481 4594 3579 4646 τοῦ
3607 4590 3933 4665 προσώπου

503 4678 567 4735 in
587 4677 887 4752 integrum
908 4680 1325 4735 restitueretur
1349 4679 1473 4744 Quo
1496 4679 1649 4735 facto
1668 4683 1916 4747 vates,et
1943 4683 2151 4735 sanata

499 4782 783 4833 manu,ex
805 4773 1129 4840 conspectu
1162 4768 1315 4841 regis
1344 4767 1657 4824 abiit.Erat
1674 4766 1827 4823 alius
1858 4768 2149 4840 impostor

504 4855 748 4929 quidam
779 4858 928 4914 vatis
956 4858 1222 4917 nomine,
1255 4872 1434 4912 senex
1465 4857 1722 4913 Bethelas
1761 4855 2058 4913 habitans.
2092 4858 2145 4912 Is

496 4961 633 5002 cum
663 4945 986 5003 audivisset
1015 4963 1147 5018 quae
1176 4963 1212 5003 a
1241 4947 1438 5003 divino
1482 4945 1724 5001 homine
1771 4950 1901 5001 acta
1953 4951 2141 5013 erant,

496 5048 631 5090 eum
679 5043 1027 5108 persecutus
1082 5042 1208 5104 est;
1269 5036 1696 5107 inventumque
1756 5033 1863 5089 sub
1918 5051 2144 5106 quercu

491 5123 799 5182 sedentem
812 5127 1082 5183 hartatus
1112 5131 1204 5182 est
1229 5132 1297 5181 ut
1314 5141 1517 5182 secum
1532 5129 1930 5181 reverteretac
1943 5124 2140 5179 cibum

493 5222 773 5269 sumeret.
807 5217 1050 5272 Divinus
1079 5233 1214 5271 vero
1246 5216 1305 5270 id
1335 5216 1620 5283 abnuere,
1671 5213 1831 5286 quod
1883 5214 1996 5270 sibi
2049 5215 2137 5269 in-

493 5301 751 5358 terdictu
791 5305 894 5361 Dei
926 5323 996 5362 eo
1045 5305 1157 5361 loci
1217 5322 1411 5375 neque
1469 5305 1644 5360 edere
1697 5319 1893 5374 neque
1936 5302 2136 5360 bibere

486 5389 750 5457 permitti
772 5393 1014 5449 diceret.
1049 5394 1135 5450 Ibi
1158 5394 1449 5466 impostor
1477 5393 1598 5461 ille,
1636 5409 1700 5449 se
1733 5409 1969 5464 quoque
2000 5410 2138 5465 per-

487 5478 627 5537 inde
657 5488 835 5555 atque
890 5485 1088 5557 ipsum
1145 5502 1274 5542 esse
1334 5492 1547 5555 vatem,
1578 5485 1978 5558 angelumque
2030 5485 2135 5540 Dei

481 5567 595 5627 sibi
625 5573 941 5632 mandasse
977 5580 1043 5630 ut
1071 5575 1186 5647 ipsi
1242 5579 1498 5631 retracto
1558 5575 1758 5631 cibum
1817 5573 2009 5630 daret.
2051 5575 2130 5630 Eo

481 5659 793 5722 mendacio
836 5661 1105 5722 divinum
1144 5663 1437 5736 permovit
1484 5668 1549 5719 ut
1600 5678 1802 5720 secum
1856 5677 2130 5719 reversus

2260 4678 2457 4752 Κυρίου
2496 4680 2595 4733 τοῦ
2650 4680 2784 4733 Θεοῦ
2842 4696 2960 4748 σου,
3017 4678 3107 4733 καὶ
3167 4676 3543 4754 ἐπιστρεψάτω
3572 4682 3607 4749 ἡ
3641 4678 3765 4755 χείρ
3808 4702 3933 4756 μου

2254 4768 2392 4845 πρός
2455 4788 2541 4842 με.
2599 4768 2703 4826 Καὶ
2768 4764 2965 4840 tange.)
3028 4769 3059 4825 6
3114 4767 3402 4846 ἅνθρωπος
3455 4777 3552 4829 τοῦ
3599 4775 3754 4842 Θεοῦ,
3822 4774 3933 4831 καὶ

2255 4857 2460 4932 ἐγένετο
2490 4859 2526 4927 ἡ
2559 4857 2683 4932 χείρ
2737 4855 2904 4912 αὐτοῦ
2962 4857 3139 4934 ὑγιής.
3195 4860 3297 4916 Καὶ
3356 4859 3602 4930 ἀπῆλθεν
3630 4861 3659 4916 6
3690 4859 3931 4937 ἅνθρω-

2252 4967 2357 5009 πος
2409 4949 2510 5002 τοῦ
2565 4948 2700 5002 Θεοῦ
2756 4945 2863 5001 ἀπὸ
2914 4945 3214 5021 προσώπου
3262 4944 3697 5024 Ἱεροϐοάμ.Ἦν
3728 4946 3791 5004 δὲ.
3829 4972 3933 5015 τις

2249 5034 2422 5099 ἄλλος
2453 5032 2934 5113 ψευδοπροφήτης,
2976 5042 3243 5093 κατοικῶν
3302 5037 3355 5094 ἐν
3401 5041 3488 5113 [Ρ.
3525 5041 3649 5113 100]
3698 5040 3932 5112 Βεθήλ,

2247 5122 2573 5202 πρεσϐύτης·
2607 5126 2698 5181 καὶ
2733 5125 2918 5198 μαθὼν
2949 5127 3050 5183 ὅσα
3099 5127 3354 5201 ἐποίησεν
3412 5131 3442 5185 6
3492 5128 3779 5205 ἄνθρωπος
3813 5138 3937 5188 τοῦ

2247 5221 2403 5284 Θεοῦ,
2434 5211 2750 5287 κατεδίωξεν
2780 5212 2957 5270 ὀπίσω
3012 5215 3200 5289 αὐτοῦ,
3255 5220 3346 5275 καὶ
3399 5219 3547 5283 εὗρεν
3578 5219 3738 5275 αὐτὸν
3772 5223 3938 5277 καθ-

2245 5307 2449 5378 ήμενον
2500 5303 2590 5358 ἐπὶ
2638 5300 2789 5376 δρῦν,
2838 5303 2931 5359 καὶ
2975 5306 3125 5362 εἶπεν
3179 5306 3345 5382 αὐτῷ’
3396 5311 3561 5383 Δεῦρο
3596 5308 3710 5383 μετ’
3745 5308 3939 5385 ἐμοῦ,

2243 5393 2333 5448 καὶ
2366 5392 2500 5470 φάγε
2549 5390 2736 5468 ἄρτον.
2790 5393 2888 5448 Καὶ
2936 5394 3103 5451 εἶπεν·
3156 5396 3234 5455 Ού
3283 5399 3540 5477 φάγωμαι
3586 5396 3748 5473 ἄρτον
3786 5398 3945 5457 οὐδὲ

2242 5485 2461 5559 πίωμαι
2492 5479 2638 5558 ὕδωρ
2671 5482 2725 5539 ἐν
2766 5480 2847 5556 τῷ
2894 5483 3052 5559 τόπῳ
3101 5486 3302 5562 τούτῳ,
3348 5487 3433 5545 ὅτι
3477 5487 3676 5565 Κύριος
3708 5485 3945 5547 ἐνετεί-

2240 5569 2376 5630 λατό
2409 5594 2504 5647 μοι
2535 5572 2733 5634 οὕτως.
2770 5574 2869 5630 Καὶ
2917 5576 3058 5631 εἴπω
3110 5576 3279 5655 Κάγὼ
3329 5580 3623 5658 προφήτης
3656 5576 3774 5651 είμί
3813 5599 3945 5636 κα-

2239 5662 2348 5727 θὼς
2398 5662 2485 5738 σὺ,
2532 5659 2624 5718 καὶ
2676 5659 2912 5740 ἄγγελος
2963 5661 3171 5743 Κυρίου
3217 5664 3457 5748 ἆλάλησέ
3498 5688 3593 5745 μοι
3631 5668 3728 5724 τοῦ
3780 5664 3943 5726 ἐπι-
