4186 6190
286 297 404 358 209
1425 293 1787 357 HISTORIA
1804 295 1978 358 RUM
2025 293 2578 384 COMPENDIUM.

288 427 516 504 στρέψαι
547 449 606 483 σε
636 427 726 482 καὶ
758 432 950 506 φαγεῖν
1008 428 1186 502 ἄρτον.
1249 425 1349 484 Καὶ
1407 427 1686 498 ἠπάτησεν
1748 425 1904 481 αὐτὸς

2017 488 2024 506 λ
2050 427 2252 483 ederet
2280 435 2457 501 atque
2491 429 2740 486 biberet.
2774 432 2919 486 Tum
2949 429 3240 503 lmpostor
3267 429 3371 487 Del
3412 429 3698 487 instinctu

284 519 376 574 καὶ
410 519 708 593 ὑπεστρεψε
732 519 821 572 καὶ
853 514 1016 598 ἔφαγε
1054 517 1142 573 καὶ
1175 512 1309 573 ἔπιε.
1373 517 1580 573 Γίνεται
1635 517 1728 572 οὗν
1761 516 1932 594 λόγος

287 611 500 684 Κυρίου
532 610 667 684 πρὸς
717 609 811 662 τὸν
869 605 1325 687 ψευδοπροφήτην
1381 607 1474 662 τὸν
1526 607 1938 681 ἀποστρέψαντα

288 700 477 770 αὐτὸν,
509 699 595 754 καὶ
633 696 749 752 εἶπε
785 696 920 772 πρὸς
952 697 1043 752 τὸν
1107 698 1387 769 ἄνθρωπον
1444 699 1541 752 τοῦ
1608 699 1763 750 Θεοῦο
1798 692 1937 750 Τάδε

287 789 443 864 λέγει
487 787 704 862 Κύριοςο
755 789 902 844 Ἀνθ’
955 787 1028 841 ὧν
1078 780 1321 860 παρέϐης
1381 786 1472 841 τὸν
1531 785 1702 859 νόμον
1735 783 1937 858 Κυρίου

282 879 377 934 καὶ
415 880 749 953 ὑπέστρεψας
791 876 880 931 καὶ
932 871 1125 956 ἔφαγες
1182 874 1274 931 λαὶ
1332 870 1478 937 ἔπιες
1527 874 1578 929 ἐν
1644 879 1724 947 τῷ
1783 874 1937 946 τόπῳ

281 967 490 1039 τούτῳ,
524 965 586 1021 ού
623 969 700 1039 μή
730 963 942 1038 εἰσέλθῃ
989 966 1050 1020 τὸ
1082 965 1243 1036 σῶμά
1275 985 1371 1020 σου
1403 964 1480 1026 είς
1510 965 1601 1018 τὸν
1641 967 1807 1044 τάφον
1829 969 1937 1019 τῶν

2045 516 2160 571 vati
2194 517 2581 586 denuntiavit,
2615 519 3097 591 quandoquidem
3145 521 3299 575 I16
3329 525 3537 577 contra
3594 520 3696 578 Dei

2048 607 2391 663 mandatum
2415 626 2682 665 reversus
2714 626 2782 665 eo
2815 610 2928 665 loci
2963 610 3163 665 cibum
3195 627 3261 665 ac
3293 616 3498 682 potum
3531 627 3694 668 sum-

2048 697 2281 767 psisset,
2316 697 2561 753 cadaver
2591 699 2774 769 ipsius
2808 699 2867 754 in
2898 699 3169 770 sepulcro
3211 701 3504 772 majorum
3564 718 3695 757 suo-

2049 803 2183 840 rum
2207 803 2326 841 non
2359 786 2431 840 iri
2464 787 2789 843 conditum.
2823 791 3014 860 Atque
3058 804 3356 860 egressum
3413 789 3552 844 inde
3611 790 3692 846 di-

2048 877 2247 930 vinum
2282 877 2374 931 leo
2407 876 2636 932 obviam
2668 878 2854 933 factus
2886 878 3202 933 interfecit.
3254 879 3496 934 Interim
3533 880 3692 935 Jero-

2051 965 2298 1020 boamus
2331 982 2364 1020 a
2395 966 2622 1022 malitia
2652 983 2770 1021 non
2797 968 3086 1022 discessit.

281 1058 536 1132 πατέρων
583 1077 698 1110 σου.
761 1055 1079 1126 Ἐξελθόντα
1135 1052 1191 1110 δὲ
1240 1054 1378 1110 λεὼν
1441 1055 1775 1124 συναντήσας
1833 1052 2161 1109 ἐθανάτωσεν
2221 1052 2399 1110 αὐτόν.
2463 1049 2754 1127 Ἱεροϐοάμ
2801 1053 2858 1109 δὲ
2889 1055 2992 1109 οὐκ
3051 1055 3374 1130 ἀπέστρεψεν
3433 1055 3542 1110 ἀπὸ
3587 1061 3688 1125 τῆς

277 1147 475 1207 κακίας
507 1144 692 1204 αὐτοῦ.

347 1235 446 1309 Τῷ
480 1234 567 1304 λη’
599 1230 702 1290 ἔτει
740 1237 838 1289 τοῦ
867 1236 997 1291 ’Λσᾶ
1058 1231 1327 1309 βασιλέως
1387 1231 1587 1300 Ἰούδα,
1645 1228 1928 1288 ὶῦασίλευ-

273 1347 362 1381 σεν
413 1319 628 1400 Ἀχαᾶϐ
714 1325 741 1378 ὁ
826 1324 1041 1377 πάντων
1119 1321 1398 1398 βασιλάων
1454 1323 1824 1396 πονηρότατος
1873 1321 1925 1376 έν

275 1413 523 1488 Ἰσραήλ’
560 1414 618 1474 ’ὸς
660 1414 1041 1482 θυσιαστήριον
1102 1410 1322 1481 ἔστησεν
1380 1417 1457 1484 τῷ
1516 1410 1688 1468 Βάαλ.
1751 1410 1924 1473 Οὗτος

272 1505 394 1583 εἶχε
451 1507 682 1577 γυναῖκα
738 1504 836 1571 τὴν
898 1496 1159 1570 Ἰεζάϐελ.
1221 1501 1342 1558 Ἐπῖ
1409 1501 1606 1556 τούτου
1657 1499 1862 1576 Ἀχιήλ
1895 1501 1922 1554 ὁ

1551 1595 1579 1608 υ

272 1591 585 1663 Βεθηλίτης
616 1589 946 1664 ᾠκοδόμησε
976 1593 1073 1660 τήν
1108 1593 1345 1667 Ἰεριχώο
1405 1590 1457 1646 έν
1511 1595 1593 1663 τῷ
1645 1594 1813 1667 Ἀχιᾷ
1843 1597 1922 1664 τῷ

2108 1233 2428 1306 Trigesimo
2460 1240 2662 1290 octavo
2695 1250 2851 1289 anno
2884 1237 3005 1289 Asaa
3059 1236 3213 1307 regis
3244 1235 3406 1290 Judaa
3438 1250 3686 1309 regnum

2036 1322 2380 1380 Israelicum
2407 1324 2599 1378 tenuit
2630 1325 2924 1390 Achabus,
2950 1325 3216 1379 omnium
3249 1341 3452 1396 regum
3500 1325 3689 1380 deter-

2035 1411 2244 1466 rimus.
2275 1414 2324 1468 Is
2348 1413 2506 1467 Baali
2536 1429 2698 1468 aram
2737 1414 2962 1468 statuit.
2997 1415 3251 1468 Uxorem
3283 1413 3490 1469 habuit
3526 1415 3684 1470 Jeza-

2033 1499 2396 1572 belam.Ejus
2429 1507 2694 1573 tempore
2719 1502 2921 1558 Achiel
2951 1502 3247 1557 Bethelica
3280 1502 3684 1558 Jericbuntem

2033 1589 2398 1647 instauravit.
2420 1591 2601 1662 Cujus
2627 1608 2760 1646 cum
2786 1592 3172 1646 fundamenta
3193 1593 3684 1664 poneret,primo~

269 1683 612 1754 πρωτοτόκῳ
652 1679 814 1735 αἱ)τοῦ
847 1679 1204 1753 ἐθεμελίωσέν
1250 1681 1442 1752 αὐτὴν,
1475 1679 1565 1735 καὶ
1623 1679 1676 1734 έν
1712 1676 1904 1754 Σεγοὺί

2031 1681 2296 1753 genitum
2325 1683 2514 1738 filium
2538 1700 2708 1738 suum
2724 1685 2966 1739 Achiam
2992 1683 3343 1756 perdiditac
3366 1684 3680 1739 minimum

267 1776 347 1843 τῷ
402 1771 651 1846 νεωτέρῳ
711 1766 970 1839 ἐπέστησε
1038 1770 1134 1833 κας
1195 1769 1359 1844 θύρας
1415 1770 1604 1839 αὐτῆς,
1669 1769 1804 1824 κατᾶ
1860 1769 1923 1824 τὸ

268 1863 423 1936 ῥῆμα
455 1861 685 1932 Κυρίου,
719 1861 748 1916 ’ὀ
797 1858 1062 1930 ἐλάλησεν
1097 1859 1148 1914 έν
1210 1858 1357 1935 χειρὶ
1419 1861 1598 1929 Ἰησοῦ
1654 1863 1750 1914 τοῦ
1805 1858 1923 1914 υἱοῦ

265 1957 411 2020 Nai.
435 1952 575 2007 Τότε
603 1951 693 2008 καὶ
726 1951 754 2004 ὁ
785 1951 1073 2027 προφήτης
1110 1948 1300 2012 Ἦλίας
1333 1949 1457 2004 εἶπε
1497 1950 1632 2025 πρὸς
1689 1944 1917 2025 ⁹Λχαά6·

263 2044 338 2110 Ζξ
372 2042 571 2115 Κύριος
615 2041 643 2094 6
698 2041 827 2100 Θεὸς
879 2044 985 2094 τῶν
1050 2037 1349 2111 δυνάμεων,
1410 2040 1456 2111 ᾧ
1504 2039 1776 2113 παρέστην
1837 2038 1921 2093 Ev-

263 2133 436 2185 ώπιον
473 2130 662 2201 αὐτοῦ,
697 2129 744 2184 εἴ
791 2123 938 2185 ἔσται
972 2130 1038 2184 τὰ
1095 2123 1185 2198 ἔτη
1244 2131 1410 2188 ταῦτα
1469 2125 1734 2202 δρόσπςῆ
1771 2128 1919 2192 ὑετὸς

261 2220 346 2277 ἰπὶ
378 2228 480 2289 τῆς
513 2227 636 2295 γῆς,
669 2219 714 2272 εί
748 2221 821 2288 μὴ
852 2216 940 2274 διὰ
987 2218 1258 2292 στόματός
1317 2211 1442 2289 μου.
1504 2218 1604 2274 Καὶ
1652 2217 1915 2292 ἐπορεύθη

259 2311 398 2364 κατὰ
428 2311 530 2378 τήν
563 2306 843 2376 ἀνπτολήν
894 2307 945 2362 έν
977 2306 1133 2382 λόγῳ
1193 2307 1419 2381 Κυρίου,
1477 2306 1566 2360 καὶ
1628 2301 1828 2380 ἐκρύϐη
1861 2306 1914 2362 έν

258 2403 336 2470 τῷ
379 2397 676 2473 χειμάρρῳ
705 2398 895 2472 Χορᾶθ
916 2401 995 2469 τῷ
1026 2395 1111 2451 ἐπὶ
1145 2395 1438 2466 πρόσωπον
1489 2400 1588 2450 τοῦ
1619 2393 1913 2469 Ἰορδάνου,

257 2487 346 2544 καὶ
375 2483 522 2542 ἔπιεν
556 2485 704 2561 ὕδωρ
735 2486 952 2541 ἐκεῖθενο
985 2485 1072 2540 καὶ
1133 2487 1183 2538 οἱ
1240 2482 1465 2557 κόρακες
1518 2481 1709 2564 ἔφερον
1768 2483 1916 2556 αὐτῷ

255 2578 418 2652 κρέας
441 2575 598 2651 πρρί,
631 2577 724 2632 καὶ
755 2576 817 2630 τὸ
851 2573 1042 2645 δείλης
1075 2572 1255 2648 ἄρτον.
1314 2580 1420 2629 Τοῦ
1487 2574 1794 2654 χειμάρρου
1855 2571 1912 2628 δὲ

255 2671 322 2740 τῇ
358 2662 638 2739 ἀνομϐρία
669 2666 1020 2740 ξηρανθέντος
1051 2662 1138 2719 διὰ
1201 2663 1372 2741 λόγου
1432 2662 1633 2738 Κυρίου
1691 2661 1908 2738 ἔργεται

254 2757 331 2817 εἷς
367 2758 638 2832 Σαρεφθᾶ.
691 2755 784 2810 Καὶ
847 2757 998 2835 χήρᾳ
1054 2755 1267 2828 γυναικὶ
1326 2752 1662 2823 ἐπιξενωθεῖς
1721 2753 1905 2822 ἤσθιεν

250 2846 413 2907 αὐτός
445 2867 505 2900 τε
534 2844 626 2899 καὶ
659 2847 694 2914 ἡ
725 2846 863 2917 γυνή
894 2845 983 2898 καὶ
1031 2847 1097 2897 τα
1127 2843 1283 2898 τέκνα
1340 2843 1533 2910 αὐτῆς*
1592 2841 1683 2896 καὶ
1715 2844 1750 2912 ἡ
1778 2840 1906 2916 δρᾶξ

249 2939 344 2991 τοῦ
403 2933 642 3009 ἀλεύρου
703 2933 801 2988 οὐκ
871 2932 1131 3004 ἐξέλιπεν,
1191 2930 1319 2987 οὐδὲ
1374 2933 1402 2986 6
1455 2931 1746 3005 καμψάκης
1807 2935 1903 2985 τοῦ

2033 1775 2176 1824 natu
2200 1770 2520 1843 Segubum,
2552 1789 2686 1827 cum
2710 1775 2910 1843 portas
2951 1777 3199 1843 aptaret.
3233 1773 3316 1826 Ita
3364 1772 3522 1827 enim
3557 1773 3680 1828 fore

2030 1859 2186 1915 Deus
2199 1862 2552 1931 perlosuam
2571 1862 2736 1915 Navae
2751 1861 2937 1916 lilium
2950 1861 3486 1932 praedixeratTunc
3501 1862 3677 1916 etiam

2030 1947 2188 2003 Elias
2240 1955 2397 2004 vates
2449 1949 2686 2004 Achabo
2729 1949 2876 2005 dixit
2921 1949 2999 2004 6'2
3037 1970 3059 1992 «
3090 1952 3175 2004 Ita
3205 1951 3342 2004 vivit
3379 1951 3531 2004 Deus
3561 1968 3681 2008 caa-

2030 2036 2269 2092 lestium
2318 2039 2685 2094 exercituum
2727 2039 3068 2109 imperator,
3100 2044 3238 2094 ante
3286 2055 3462 2110 quem
3494 2041 3674 2105 astiti,

2029 2131 2095 2181 ut
2125 2143 2231 2197 per
2250 2127 2358 2183 hos
2377 2143 2566 2183 annos
2593 2143 2784 2199 neque
2808 2145 2907 2184 ros
2924 2146 3116 2201 neque
3137 2129 3332 2202 pluvia
3362 2130 3422 2185 in
3457 2136 3674 2186 terram

2027 2216 2338 2276 cadet.nisi
2361 2235 2456 2273 me
2471 2218 2799 2273 edicente.»
2816 2220 3038 2290 Ivitque
3071 2221 3226 2275 Elias
3257 2237 3461 2276 versus
3478 2227 3673 2278 ortum

2029 2305 2301 2373 solis,Dei
2319 2307 2496 2362 verbo
2523 2309 2845 2363 instructus
2871 2309 3251 2380 ;delituitque
3266 2310 3338 2365 ad
3355 2317 3674 2368 torrentem

2026 2395 2515 2466 Chorathum,qui
2540 2403 2629 2451 est
2646 2399 3670 2470 eregioneJordanis,etcjusaquam

2023 2481 2208 2538 bibit:
2250 2486 2523 2555 corvique
2583 2502 2754 2540 mane
2809 2503 3033 2551 carnes,
3083 2488 3308 2557 vesperi
3354 2505 3569 2558 panem
3615 2488 3670 2543 ei

2024 2572 2372 2628 attulerunt.
2418 2579 2561 2628 Cum
2609 2589 2744 2628 vero
2795 2571 3024 2628 torrens
3065 2575 3395 2644 pluviarum
3434 2575 3666 2632 defectu

2021 2661 2369 2728 exaruisset,
2396 2662 2568 2733 jussu
2603 2663 2702 2716 Dei
2736 2663 3123 2733 Sarephtham
3153 2663 3273 2717 ivit.
3302 2664 3383 2718 lbi
3411 2663 3665 2735 hospitio

2019 2765 2162 2804 usus
2183 2749 2372 2805 vidua:
2389 2751 2678 2816 mulieris,
2709 2751 2833 2822 ipse
2857 2767 2991 2806 cum
3006 2768 3075 2806 ea
3092 2757 3151 2806 et
3168 2752 3295 2821 ejus
3321 2751 3522 2808 liberis
3544 2759 3663 2808 toto

2017 2836 2120 2894 illo
2140 2843 2406 2910 tempore
2420 2839 2618 2895 cibum
2637 2841 2910 2911 sumpsit,
2935 2841 3075 2896 dum
3093 2841 3374 2896 sterilitas
3388 2857 3452 2898 ac
3477 2859 3665 2914 penu-

2015 2928 2103 2982 ria
2123 2927 2599 2996 ﬁnirentur,cum
2619 2929 2859 2984 interim
2881 2945 3074 3000 neque
3097 2929 3290 2986 farina
3336 2931 3664 3003 cadineque

248 3023 433 3079 ἰλαίου
463 3022 846 3094 ἠλαττονήθη,
899 3017 1006 3086 ’ἕως
1043 3022 1106 3076 οὗ
1139 3019 1361 3092 διελύθη
1401 3017 1428 3074 ὸ
1457 3019 1644 3093 λιμός.
1679 3019 1901 3094 Ταύτης

2017 3016 2212 3072 oleum
2234 3017 2428 3072 trullas
2451 3018 2795 3074 deficerent.
2828 3019 3016 3090 Hujus
3046 3020 3224 3074 etiam
3256 3019 3445 3075 viduae
3474 3020 3664 3076 ﬁlium

249 3113 460 3169 καὶτὸν
513 3113 631 3167 υἱὸν
659 3109 874 3187 ἤγειρεν
935 3111 994 3167 ἐκ
1049 3116 1274 3184 νεκρῶν,
1303 3112 1360 3165 ὅν
1391 3109 1515 3190 φασί
1573 3130 1711 3180 τινες
1765 3110 1899 3165 εἶναι

252 3203 434 3260 ἸωνΞν
467 3202 561 3256 τὸν
597 3203 905 3280 προφήτην.
937 3201 1071 3258 Τότε
1099 3201 1187 3256 καὶ
1219 3201 1320 3268 τήν
1375 3201 1559 3255 θυσίαν
1619 3197 1897 3269 ἐποίησεν,

249 3289 297 3344 ἰν
343 3289 378 3364 ᾖ
431 3294 541 3365 πῦρ
600 3289 652 3360 ἐξ
706 3288 935 3364 ούρανοῦ
985 3286 1245 3345 κατελθὸν
1300 3289 1592 3344 κατέκαυσε
1646 3290 1713 3343 τὰ
1767 3287 1895 3343 ὁλο-

252 3381 584 3453 καυτώματα
613 3377 700 3434 καί
730 3379 794 3433 τὸ
827 3376 972 3454 ὕδωρ
1002 3379 1090 3432 καὶ
1145 3378 1238 3432 τὸν
1277 3381 1412 3456 χοῦν
1468 3383 1568 3446 τῆς
1593 3384 1719 3452 γῆς.
1755 3378 1899 3432 Ἐκεῖ

251 3471 333 3523 καὶ
363 3470 495 3530 τοὺς
524 3469 689 3543 ἱερεῖς
719 3472 815 3522 τού
849 3466 965 3536 Βῆλ
1019 3467 1106 3522 καὶ
1156 3466 1284 3529 τοὺς
1334 3467 1617 3544 προφήτας
1677 3461 1893 3543 ἔσφαξεν

251 3566 355 3628 ων’,
395 3558 488 3613 καὶ
542 3558 693 3613 ὑετὸν
750 3559 1092 3632 κατήνεγκεν.
1153 3551 1393 3627 Ἰεζάϐέλ
1455 3554 1511 3610 δὲ
1566 3559 1728 3610 τοῦτο
1789 3577 1893 3628 μα·

249 3655 413 3714 θοῦσα
446 3646 888 3721 προσηπείλησεν
945 3648 1120 3719 αὐτῷ,
1177 3649 1264 3701 καὶ
1321 3641 1508 3723 ἔφυγεν
1569 3643 1758 3708 Ἠλίας
1789 3646 1894 3700 ἀπὸ

246 3741 552 3810 προσώπου
636 3725 877 3806 Ἰεζάϐελ
963 3733 1085 3792 όδὸν
1171 3738 1392 3812 ἡμερῶν
1473 3734 1891 3811 τεσσαράκοντα.

243 3829 425 3889 Μόνος
457 3821 770 3881 δὶἊϐδιοὺ
813 3825 872 3880 ἐκ
916 3831 1034 3888 νέας
1092 3825 1314 3896 ἠλικίου
1370 3827 1661 3905 προφήτης
1702 3825 1894 3899 γέγονε

243 3913 313 3971 δι’
379 3911 678 3984 εὐσέϐειαν,
740 3913 844 3968 απὸ
895 3918 1192 3993 προφητῶν
1250 3914 1326 3986 μή
1369 3913 1888 3990 γενεαλογούμενος.

239 4007 318 4080 [Ρ.
361 4008 615 4078 101]⁹Ην
653 4001 711 4082 δὲ
756 4008 856 4059 τοῦ
913 3999 1124 4080 Ἀχαὰὸ
1187 4003 1500 4074 οἰκονόμος,
1556 4001 1608 4057 έν
1667 4005 1892 4077 κρυπτῷ

247 4090 545 4166 σεϐόμενος
575 4095 667 4147 τὸν
722 4093 853 4148 θεὸν
908 4091 1152 4166 ἰσραήλ.
1213 4093 1388 4156 Οὗτος
1413 4091 1503 4146 καὶ
1537 4092 1723 4146 ἑκατὸν
1752 4112 1888 4166 προσ

239 4186 413 4261 φήτας
447 4182 500 4236 ἰν
534 4179 652 4236 δυσὶ
687 4181 984 4251 σπηλαίοις
1030 4181 1238 4256 κρύψας
1273 4177 1363 4234 διὰ
1399 4181 1491 4234 τὸν
1521 4175 1692 4256 φόϐον
1726 4181 1892 4248 Ἰεζά-

242 4269 335 4330 ϐελ
387 4271 691 4344 (ἀπέκτεινε
721 4271 824 4347 γὰρ
859 4270 1076 4342 αὐτοὺς)
1106 4269 1252 4344 ἄρτῳ
1283 4270 1372 4324 καὶ
1432 4267 1586 4324 ὕδατι
1646 4266 1888 4343 ἔθρεψεν,

237 4359 336 4425 ἕως
379 4362 558 4430 ἒλύηη
594 4361 621 4415 6
652 4359 837 4434 λιμός.
870 4356 1006 4416 Τότε
1035 4360 1125 4416 καὶ
1175 4357 1366 4421 Ἠλίας
1398 4359 1451 4414 ἐν
1485 4358 1633 4434 λόγῳ
1689 4359 1888 4434 Κυρίου

2013 3112 2311 3163 mertuum
2345 3108 2406 3162 in
2437 3109 2616 3164 vitam
2647 3110 2974 3175 revocavit;
3031 3125 3208 3180 quem
3252 3111 3463 3165 Jonam
3509 3112 3658 3165 17⁸1

2008 3201 2198 3252 vatem
2233 3197 2403 3253 illum
2437 3197 2618 3252 fuisse
2649 3204 2999 3254 autumamt.
3023 3200 3184 3253 Tunc
3215 3204 3272 3254 et
3301 3199 3659 3258 sacrificium

2008 3285 2164 3341 Elias
2196 3288 2420 3359 peregit
2446 3305 2458 3343 :
2491 3288 2564 3343 ad
2591 3287 2749 3358 quod
2771 3288 3003 3343 caelitus
3034 3287 3185 3360 ignis
3229 3287 3508 3359 delapsus
3552 3289 3655 3344 hos

2007 3377 2203 3444 stiam,
2237 3392 2456 3447 aquam
2490 3383 2546 3431 et
2579 3377 2880 3448 pulverem
2909 3384 3080 3433 terra)
3098 3377 3658 3450 consumpsitlbiet

2008 3465 2129 3521 Beli
2163 3467 2500 3522 sacerdotes
2531 3483 2599 3522 ac
2628 3474 2790 3522 vates
2831 3468 3121 3540 jugulavit
3151 3469 3276 3536 850,
3311 3474 3368 3524 et
3396 3468 3654 3539 pluviam

2006 3554 2325 3612 devocavit.
2350 3557 2640 3623 Jezabela,
2673 3574 2736 3612 re
2768 3564 3088 3630 comperta,
3122 3557 3376 3630 graviter
3431 3558 3658 3614 minata

2005 3643 2144 3698 Elite
2179 3649 2284 3700 est.
2313 3646 2497 3709 Quam
2530 3645 2632 3700 ille
2663 3645 2892 3717 fugiens
2923 3647 3034 3700 iter
3073 3649 3142 3701 40
3190 3647 3421 3702 dierum
3455 3648 3652 3720 profe-

2005 3739 2132 3788 ctus
2165 3738 2270 3788 est.
2305 3733 2474 3789 Solus
2506 3734 2723 3789 Abdias
2754 3735 2882 3806 jam
2940 3735 3076 3790 inde
3127 3736 3198 3789 ab
3251 3735 3652 3793 adolescentia

2003 3827 2165 3878 vates
2195 3823 2438 3883 exstitit.
2479 3839 2664 3894 genus
2695 3839 2727 3877 a
2757 3823 2986 3877 vatibus
3020 3839 3138 3878 non
3157 3825 3576 3889 ducens.Quod
3595 3826 3648 3879 ei

2002 3911 2076 3967 ob
2107 3912 2388 3983 pietatem
2420 3913 2630 3967 evenit.
2694 3914 2836 3967 Cum
2895 3913 3053 3967 enim
3113 3920 3267 3968 esset
3296 3919 3649 3985 procurator

2000 3999 2220 4055 Achabi
2236 3999 2804 4068 domesticus,Deum
2823 4000 3229 4056 lsraelicorum
3243 4001 3471 4057 occulte
3483 4017 3655 4057 vene-

2000 4087 2264 4154 rabatur,
2295 4105 2362 4144 ac
2379 4091 2479 4143 100
2499 4095 2658 4143 vates
2695 4095 2855 4143 metu
2871 4089 3153 4145 Jezabelm
3183 4092 3462 4159 (mortem
3484 4091 3646 4148 enim

2001 4195 2070 4234 ea
2086 4178 2361 4235 omnibus
2375 4179 2828 4236 machinabatur
2857 4179 3085 4236 vatibus
3109 4181 3233 4251 Dei)
3249 4181 3309 4235 in
3332 4181 3479 4238 duas
3509 4199 3646 4256 spe-

1998 4268 2200 4324 luncas
2227 4267 2556 4337 abdiderat,
2615 4269 2816 4340 ibique
2874 4285 3060 4340 usque
3088 4269 3161 4324 ad
3219 4271 3392 4326 famis
3424 4271 3646 4329 exitum

1999 4373 2150 4430 pane
2175 4362 2232 4411 et
2248 4374 2400 4428 aqua
2433 4375 2532 4414 eos
2563 4358 2778 4414 alebat.
2812 4359 3028 4414 Eadem
3091 4364 3434 4432 tempestate
3493 4355 3650 4417 Elias

237 4451 392 4528 χμίει
462 4451 707 4506 Ἐλισαιὶ
757 4450 830 4512 εἷς
893 4452 1206 4528 προφήτην·
1279 4446 1510 4523 εὑρίσκει
1566 4450 1668 4525 γάρ
1730 4447 1888 4503 αὐτὸν

2023 4463 2167 4511 ussu
2197 4448 2298 4502 Dei
2323 4447 2598 4502 Elizaaum
2632 4448 2911 4503 unctione
2939 4452 3131 4504 vatem
3164 4448 3648 4521 inaugurat,cum

237 4532 574 4606 ἀροτριῶντα
607 4531 660 4585 ἐν
689 4527 898 4585 δώδεκα
949 4527 1160 4607 ζεύγεσι
1193 4531 1360 4604 βοῶν.
1425 4530 1525 4585 Καὶ
1586 4529 1739 4591 εὐθὺς
1771 4528 1883 4584 θύει

240 4622 328 4692 μὶν
360 4621 493 4684 τοὺς
527 4621 684 4696 βόας,
717 4618 769 4675 έν
803 4617 861 4676 δὶ
897 4625 1014 4683 τοῖς
1044 4619 1281 4674 σκεύεσιν
1335 4617 1557 4673 ἀνάπτει
1607 4623 1736 4693 πῦρ,
1794 4618 1883 4672 καὶ

236 4711 437 4784 ὶψήσας
470 4707 768 4780 δίδωσιτῷ
816 4707 935 4781 λαῷ
991 4713 1199 4786 φαγεῖν.
1259 4707 1362 4765 Καὶ
1420 4706 1580 4770 αὐτὸς
1637 4707 1884 4777 ἀπῆλθεν

237 4799 407 4855 ὀπίσω
434 4797 656 4867 Ἠλίου,
687 4797 775 4853 καὶ
809 4795 1045 4868 διηκόνει
1075 4796 1240 4869 αὐτῷ.

306 4972 520 5054 Ἀχαᾶὅ
551 4978 828 5049 κρατήσας
853 4977 946 5032 τὸν
1005 4976 1121 5031 υἱὸν
1179 4973 1348 5052 Ἀδερ
1387 4982 1486 5045 τῆς
1520 4976 1718 5051 Συρίας
1778 4978 1880 5032 ἀπ-

235 5067 413 5122 ίλυσεν
449 5067 611 5122 αὐτὸν
649 5067 782 5138 μετὰ
821 5063 1035 5140 δώρων.
1072 5065 1165 5122 Καὶ
1197 5063 1476 5140 ἅνθρωπός
1525 5086 1608 5128 τις
1667 5064 1725 5121 ἐκ
1771 5071 1878 5121 τῶν

235 5156 358 5211 υἱῶν
386 5161 496 5212 τῶν
543 5159 864 5234 προφητῶν,
901 5155 1144 5230 Μιχαίας
1176 5149 1370 5227 ὅνομα,
1429 5157 1548 5210 εἷπε
1607 5155 1740 5230 πρὸς
1785 5156 1876 5209 τὸν

232 5245 467 5316 πλησίον
501 5246 668 5302 αὐτοῦ
717 5245 768 5301 ἐν
827 5243 980 5321 λόγῳ
1038 5245 1262 5319 Κυρίου.
1326 5244 1564 5315 Πάταξόν
1627 5266 1712 5319 με.
1777 5244 1878 5301 Καί

232 5337 326 5391 οὐκ
353 5335 614 5407 ἠθέλησε.
649 5335 745 5390 Καὶ
782 5336 934 5390 εἶπεν
967 5334 1133 5406 αὐτῷ’
1167 5335 1306 5388 ’Δνθ’
1361 5335 1434 5389 ὧν
1493 5333 1590 5390 οὐκ
1640 5337 1878 5404 ἤγουσας

231 5433 324 5496 τῆς
355 5433 537 5504 φωνῆς
570 5425 794 5500 Κυρίου,
827 5444 918 5479 και
949 5421 1069 5478 ἰδοὺ
1127 5422 1188 5478 σὺ
1248 5424 1570 5500 ἀποτρέχεις
1629 5421 1751 5495 ἔξω,
1783 5428 1870 5480 καὶ

233 5516 449 5588 κατάξει
492 5537 550 5571 σε
580 5513 742 5570 λέων·
797 5512 930 5588 ὅπερ
987 5512 1077 5568 καὶ
1129 5510 1330 5588 γέγονε.
1403 5514 1504 5569 Καὶ
1564 5516 1680 5570 εἷπε
1737 5517 1872 5594 πρὸς

293 5634 341 5674 ⁸³
374 5635 450 5712 lll
479 5637 617 5714 flag.
633 5639 785 5714 κμοι.

1996 4538 2057 4592 in
2084 4554 2218 4593 eum
2247 4538 2551 4593 incidisset
2586 4539 2901 4595 duodecim
2932 4541 3093 4613 jugis
3128 4541 3304 4596 boum
3355 4548 3640 4598 arantem.

1992 4627 2240 4683 Elisaeus
2262 4630 2460 4684 statim
2484 4631 2754 4685 mactatis
2787 4622 3424 4697 bobus,instrumentis
3449 4641 3644 4690 arato-

1992 4718 2096 4772 riis
2117 4720 2400 4783 accensis,
2434 4725 2770 4792 percoctam
2799 4737 3008 4776 eorum
3043 4737 3285 4778 carnem
3315 4724 3531 4795 populo
3556 4741 3642 4778 ve-

1992 4810 2273 4865 scendam
2313 4809 2566 4881 praebet;
2601 4815 2778 4882 atque
2811 4811 2937 4884 ipse
2962 4811 3151 4866 Eliam
3185 4817 3463 4879 sectatur,
3498 4818 3557 4867 et
3587 4813 3636 4867 ei

1992 4899 2386 4956 administrat.

2061 4990 2242 5043 Porro
2267 4988 2539 5044 Achabus
2563 5005 2695 5044 cum
2721 4989 2910 5045 ﬁlium
2932 4989 3108 5045 Aderi
3128 5007 3324 5064 regem
3348 4989 3527 5062 Syriae
3551 5006 3641 5046 ce-

1991 5077 2481 5148 pissct,donatum
2504 5077 2904 5151 dimisit.Ergo
2921 5078 3160 5151 quidam
3179 5096 3250 5134 ex
3265 5084 3459 5134 vatum
3472 5080 3637 5135 fami-

1989 5166 2342 5222 liaMichaeas
2355 5167 2793 5228 nomine.alteri
2809 5167 3041 5223 cuidam
3061 5168 3156 5222 Dei
3172 5169 3634 5226 instinctudixit:

1987 5256 2116 5310 Feri
2142 5272 2255 5310 me.
2281 5256 2447 5321 Quod
2465 5257 2718 5311 cumille
2753 5256 3126 5325 detrectaret,
3162 5258 3527 5314 denuntiavit
3559 5260 3633 5328 ei,

1987 5345 2146 5417 quod
2182 5347 2461 5410 mandato
2500 5347 2601 5401 Dei
2626 5363 2746 5401 non
2781 5353 2935 5401 esset
2966 5347 3303 5416 obsecutus,
3338 5347 3469 5405 ideo
3501 5365 3636 5406 eum

1996 5449 2296 5506 egressum
2319 5451 2351 5488 a
2382 5434 2552 5490 leone
2575 5452 2793 5490 cassum
2818 5435 2910 5489 iri.
2936 5436 3127 5506 Atque
3163 5435 3244 5492 ita
3274 5436 3493 5494 factum
3529 5445 3638 5499 est.

1985 5521 2148 5578 Alius
2168 5522 2380 5578 deinde
2405 5525 2517 5580 vati
2530 5525 2704 5596 jussu
2726 5524 2910 5597 ipsius
2927 5523 3128 5598 plagas
3147 5528 3182 5582 'I
3200 5527 3238 5582 7
3249 5526 3295 5582 8
3312 5533 3370 5585 et
3389 5529 3633 5586 vulnera

3585 294 3704 357 210
