4186 6190
447 346 565 407 211
1814 328 2133 396 GEORGII
2177 328 2516 392 CEDRENI
3743 313 3862 401 εἰς

462 474 1084 551 imposuitJndevates
1105 471 1288 528 fascia
1308 471 1471 528 vultu
1521 470 1799 544 obligato,
1833 485 1950 541 qua
2006 483 2108 522 rex

2234 460 2414 532 ἴλλον,
2447 463 2535 518 καὶ
2567 462 2819 536 ἐπάταξεν
2851 465 3038 534 αὐτὸν,
3068 465 3160 522 καὶ
3221 462 3531 543 συνετρίϐη.
3594 469 3696 524 Καὶ
3760 491 3862 526 κα-

454 569 868 625 lsraelicorum
895 564 1248 620 transiturus
1274 567 1398 616 erat
1420 561 1689 616 constitit
1709 577 1722 626 ;
1741 575 1929 630 eoque
1952 575 2102 630 pra:-

458 663 730 714 tereunte
749 655 868 710 alta
898 669 1036 707 voce
1067 657 1310 722 questus
1335 656 1424 706 est
1455 667 1516 705 se
1550 649 1776 722 regium
1791 664 2022 703 servum
2046 647 2107 701 in

459 748 690 803 bellum
727 743 1077 816 profectum,
1103 742 1282 796 alium
1330 741 1648 812 quemdam
1694 739 1767 795 ad
1799 755 1860 794 se
1919 738 2108 792 virum

462 833 1057 904 adduxisse,ejusque
1080 831 1190 885 sibi
1222 831 1552 886 custodiam
1575 829 1887 884 mandasse
1901 827 2109 899 ealege

461 928 526 979 ut
565 923 612 977 si
646 922 695 976 is
751 921 839 974 vir
895 920 1242 993 aufugisset,
1295 937 1402 992 pro
1445 936 1512 973 eo
1573 920 1748 974 vitam
1801 934 1968 972 suam
2011 923 2110 972 aut

461 1015 688 1084 argenti
723 1013 946 1068 talenta
975 1012 1282 1084 penderet.
1312 1013 1380 1066 Se
1423 1013 1532 1067 hac
1565 1011 1701 1066 illac
1758 1009 2107 1080 circumspi-

461 1105 676 1171 ciente,
711 1103 952 1158 interim
983 1102 1172 1156 virum
1213 1101 1350 1173 fuga
1368 1118 1429 1156 se
1462 1100 2112 1172 proripuisse.Respon-

466 1194 552 1249 dit
581 1210 684 1248 rex
715 1209 851 1248 eum
879 1192 950 1246 de
973 1209 1034 1246 se
1067 1191 1195 1263 ipso
1228 1191 1587 1246 sententiam
1606 1189 1834 1256 tulisse,
1862 1205 2110 1259 esseque

465 1303 571 1341 suo
596 1284 886 1340 arbitratu
912 1282 1216 1337 homicidii
1240 1281 1656 1353 fontemﬁl‘um
1681 1285 1838 1335 vates
1860 1297 2111 1352 propere

461 1374 707 1431 fasciam
739 1389 773 1428 a
801 1371 950 1428 facie
972 1371 1600 1442 removit,agnitusque
1621 1387 1778 1425 unus
1799 1368 1871 1424 de
1883 1370 2113 1424 vatibus

464 1463 708 1532 esse,ita
729 1463 961 1518 locutus
986 1467 1156 1516 estza
1199 1461 1292 1516 Sic
1337 1460 1420 1514 ait
1466 1460 1752 1516 Dominus
1782 1459 1905 1530 regi
1931 1476 1942 1512 :
1968 1459 2113 1524 Quia

463 1558 527 1608 tu
558 1553 750 1607 virum
774 1551 1057 1622 perniciei
1084 1551 1445 1605 destinatum
1470 1566 1538 1605 ex
1582 1549 1858 1604 manibus
1883 1547 1998 1603 tuis
2025 1547 2110 1602 di-

470 1642 868 1710 misisti,ecce
901 1640 1029 1707 tibi,
1061 1639 1178 1694 vita
1213 1645 1317 1694 tua
1365 1656 1470 1710 pro
1519 1639 1637 1694 vita
1683 1637 1870 1709 ipsius
1925 1653 2114 1708 popu-

467 1731 679 1802 lusque
710 1735 844 1785 tuus
876 1747 982 1802 pro
1015 1728 1232 1800 populo
1266 1728 1394 1800 ejus
1444 1727 1564 1782 luet
1593 1727 1660 1782 9‘.
1697 1750 1724 1777 »
1777 1727 1935 1782 Abiit
1973 1742 2111 1797 ergo

469 1819 742 1876 Achabus
772 1820 956 1875 animi
979 1835 1134 1892 aeger
1159 1824 1334 1889 atque
1367 1816 1536 1873 ﬂens.

533 2008 869 2066 Secundum
888 2008 1012 2063 hanc
1027 2007 1299 2062 Achabus
1312 2005 1793 2061 vineamNabotbi
1811 2005 2116 2071 Israelitaa,

469 2099 848 2169 continguam
898 2113 1049 2151 areae
1095 2096 1270 2168 regis,
1293 2095 1380 2148 vel
1411 2093 1846 2166 permutatione
1874 2093 2117 2149 alterius

469 2189 656 2244 vineae
687 2186 777 2240 vel
811 2185 1004 2240 soluto
1043 2185 1233 2255 pretio
1266 2199 1433 2239 suam
1464 2183 1658 2238 facere
1717 2182 2011 2254 cupiebat.
2047 2186 2119 2238 At

469 2295 606 2334 vero
635 2275 936 2332 Nabothus
967 2290 1290 2345 pernegare
1349 2287 1411 2327 se
1469 2289 1642 2327 suum
1693 2272 2119 2343 patrimonium

470 2368 748 2437 cuiquam
781 2364 1177 2419 addicturum.
1209 2363 1346 2427 Quae
1369 2379 1464 2417 res
1499 2377 1630 2416 cum
1666 2361 1930 2416 dolorem
1961 2363 2120 2416 intu-

469 2457 640 2512 lisset
658 2452 1188 2520 Achabo,Jezabela
1217 2468 1285 2505 eo
1317 2451 1550 2523 cognito
1573 2450 1645 2504 ad
1679 2450 1942 2504 seniores
1956 2450 2121 2505 urbis

475 2546 704 2600 litteras
737 2543 856 2610 dat,
890 2541 1183 2596 mandans
1211 2540 1296 2594 uti
1330 2539 1659 2594 Nabothum
1685 2539 1934 2609 quaesita
1955 2555 2121 2594 occa-

477 2635 643 2691 sione
665 2633 803 2688 facti
831 2631 1211 2686 interficiant.
1247 2629 1293 2684 Ii
1342 2629 1599 2684 conﬁcta
1646 2628 1926 2684 adversus
1985 2645 2122 2683 eum

480 2720 977 2791 calumnia,quasi
1008 2735 1206 2791 regem
1237 2723 1576 2772 exsecratus
1608 2723 1782 2784 esset,
1819 2717 2122 2772 hominem

478 2809 1037 2874 trucidant,vineam
1056 2805 1330 2862 Aehabus
1353 2811 1620 2876 occupat.
1649 2807 1811 2861 Hunc
1835 2807 1990 2860 Elias
2021 2823 2124 2878 ag-

474 2917 712 2974 gressus
742 2899 824 2953 ita
844 2896 1253 2968 compellavit:
1280 2895 1448 2950 «ch
1475 2895 1617 2950 dicit
1647 2895 1931 2950 Dominus
1956 2913 1968 2951 :
1997 2916 2020 2946 α
2039 2897 2122 2951 Tu

475 2990 628 3045 179
661 2985 982 3043 homicidio
1013 2989 1350 3058 perpetrato
1398 2984 1654 3039 alienam
1687 2984 2122 3056 possessionem

478 3075 1021 3142 invasisti.ldcirco,
1047 3091 1164 3146 quo
1188 3074 1316 3129 loco
1341 3074 1688 3146 sanguinem
1704 3073 1952 3130 Nabothi
1985 3091 2122 3130 sues

477 3174 724 3224 etcanes
747 3163 1286 3232 linxerunt,eodem
1312 3167 1370 3216 et
1395 3179 1572 3218 canes
1587 3163 1936 3236 sanguinem
1954 3169 2119 3218 tuum
2153 3197 2195 3264 Ο

476 3258 744 3314 lambent
787 3261 846 3311 et
878 3257 937 3309 in
969 3271 1038 3309 eo
1075 3259 1270 3308 scorta
1319 3252 1632 3319 lavabunt;
1666 3269 1734 3307 ac
1789 3252 2119 3308 Jezabelam

481 3367 659 3408 canes
688 3348 980 3404 vorabunt
1010 3352 1148 3402 ante
1169 3362 1368 3402 muros
1389 3345 1790 3401 Jesraelenses
1816 3345 2130 3402 95.nExitus

485 3442 598 3495 hoc
623 3438 968 3494 vaticinium
1000 3435 1441 3506 comprobavit,
1485 3451 1624 3490 nam
1670 3434 1944 3490 Achabus
1994 3452 2127 3490 cum

487 3528 806 3598 Josaphato
837 3543 969 3597 rege
998 3524 1160 3580 Judas
1195 3541 1464 3596 egressus
1497 3525 1555 3578 in
1599 3523 1866 3596 praelium
1925 3531 2132 3580 contra

487 3633 689 3690 regem
721 3616 924 3688 Syrias.
948 3615 1160 3688 sagitta
1173 3614 1346 3685 jecur
1378 3613 1528 3670 ictus
1571 3614 1896 3670 Samariam
1958 3614 2134 3669 rediit

493 3707 692 3778 ibique
723 3710 992 3760 mortuus
1015 3710 1131 3770 est;
1165 3710 1224 3758 et
1253 3719 1386 3758 cum
1419 3704 1658 3775 sanguis
1683 3704 1811 3776 ejus
1833 3704 2135 3760 elueretur

488 3795 646 3869 apud
671 3797 894 3852 fontem
916 3793 1358 3858 Samariae,eum
1382 3811 1516 3849 sues
1535 3799 1592 3848 et
1611 3809 1785 3849 canes
1808 3793 2133 3862 linxerunt,

487 3885 851 3957 paulumque
871 3883 1025 3938 infra
1043 3883 1384 3938 meretrices
1417 3883 1476 3938 in
1497 3885 1626 3956 ejus
1655 3883 1941 3956 sanguine
1973 3883 2130 3938 lava-

482 3972 922 4031 runt.Jezabela
954 3973 1132 4028 etiam
1164 3970 1236 4025 de
1259 3987 1428 4025 muro
1451 3971 1682 4044 dejecta
1712 3972 1959 4027 canibus
1981 3987 2131 4026 escas

484 4063 796 4127 fuit,sicuti
825 4063 977 4118 Deus
1009 4060 1163 4117 fatus
1186 4060 1400 4116 fuerat.

544 4217 823 4273 chozias
845 4213 1065 4269 Achabi
1085 4213 1240 4268 ﬁlius
1258 4227 1503 4285 regnum
1527 4213 1584 4266 in
1609 4213 1918 4269 Israelicos
1933 4215 2125 4270 tenuit

487 4304 890 4360 biennium.ls
913 4317 1044 4356 cum
1066 4306 1397 4372 aegrotaret,
1430 4301 1670 4356 nuntios
1695 4301 1858 4355 misit
1880 4305 2132 4357 Accaro-

485 4390 752 4460 nem,qui
785 4407 855 4444 ex
895 4389 1004 4443 deo
1029 4389 1296 4460 principe
1334 4405 1673 4445 muscarum
1691 4397 2027 4460 qumrerent
2058 4409 2132 4448 an

487 4478 884 4535 valetudinem
916 4494 987 4532 ex
1019 4476 1223 4531 morbo
1276 4493 1381 4532 suo
1441 4484 1595 4532 esset
1647 4486 2015 4550 recepturus.
2057 4483 2128 4537 lis

2214 550 2590 624 ταδησαμενος
2621 556 2648 609 6
2682 559 2970 632 προφήτης
3001 555 3288 632 ταλαμῶνι
3333 560 3460 620 τοὺς
3517 558 3858 633 ὀφθαλμοὺς,

2217 640 2291 702 ὡς
2349 643 2376 696 6
2432 643 2685 717 βασιλεὺς
2769 644 2991 720 Ἰσραὴλ
3073 648 3494 722 παρεπορεύετο,
3551 647 3640 704 καί
3696 653 3858 716 αὐτὸς

2218 726 2366 786 ἐϐόα·
2400 733 2462 790 Ὁ
2492 731 2688 796 δοῦλος
2719 756 2814 789 σου
2872 735 3089 806 ἐξῆλθεν
3150 735 3236 792 ἐπὶ
3293 739 3394 807 τὴν
3455 740 3706 812 στρατιάν
3759 745 3856 796 τοῦ

2219 820 2487 895 πολέμου,
2536 825 2626 879 καὶ
2673 826 2809 900 ἀνὴρ
2860 826 3072 901 εἰσῆγεν
3122 825 3290 902 ἄνδρα
3341 830 3475 904 πρὸς
3533 852 3600 902 με
3659 831 3854 909 λέγων·

2221 911 2466 984 Φύλαξόν
2505 934 2599 985 μοι
2627 914 2718 968 τὸν
2753 913 2918 990 ἄνδρα
2974 918 3186 973 τοῦτον.
3248 919 3366 974 Ἐάν
3420 916 3476 974 δὲ
3534 921 3793 997 ἀπονρύγῃ
3828 925 3862 993 ἡ

2219 1003 2372 1076 ψυχή
2418 1023 2512 1056 σου
2579 996 2727 1058 ἔσται
2783 1004 2896 1059 ἀντὶ
2963 1009 3064 1070 τῆς
3096 1010 3282 1086 ψυχῆς
3313 1008 3503 1078 αὐτοῦ,
3534 1009 3570 1078 ἢ
3627 996 3868 1068 τάλαντα

2220 1089 2476 1166 ἀργυρίου
2535 1093 2772 1162 στήσεις.
2836 1095 2937 1150 Καὶ
2989 1093 3221 1170 ἐγένετο.
3275 1097 3349 1158 ὡς
3409 1093 3793 1174 περιεϐλέπετο
3840 1103 3870 1157 6

2223 1177 2420 1242 δοῦλός
2453 1202 2548 1236 σου
2579 1179 2686 1237 ὧδε
2727 1183 2817 1238 καὶ
2849 1181 2976 1255 ὧδε,
3006 1185 3096 1239 καὶ
3127 1185 3286 1248 αὐτὸς
3334 1187 3436 1242 ούκ
3460 1189 3549 1257 ἦν.
3585 1190 3690 1245 Καὶ
3717 1192 3867 1247 εἶπεν

2224 1264 2455 1345 Ἀ’χαᾶϐ·
2487 1268 2629 1326 Ἰδοὺ
2662 1269 2919 1341 δικαστὴς
2951 1275 3035 1341 σὺ,
3080 1274 3170 1330 καὶ
3201 1275 3268 1330 τὰ
3325 1273 3513 1351 ἔνεδρα
3562 1281 3685 1353 παρ’
3717 1278 3867 1354 ἐμοί.

2221 1361 2557 1437 Ἐφόνευσας.
2617 1363 2722 1418 Καὶ
2780 1364 3013 1426 σπεύσας
3071 1366 3100 1420 6
3167 1368 3458 1444 προφήτης
3526 1368 3719 1445 ἀφεῖλε
3775 1371 3869 1426 τὸν

2219 1451 2508 1524 τελαμῶνα
2538 1453 2645 1508 ἀπὸ
2699 1458 2806 1509 τῶν
2865 1456 3162 1535 ὀφθαλμῶν
3219 1458 3406 1529 αύτοῦ,
3464 1463 3553 1515 καὶ
3615 1459 3864 1536 ἐγνώσθη

2222 1540 2306 1597 ὅτι
2339 1541 2396 1597 ἐκ
2424 1547 2532 1598 τῶν
2560 1549 2857 1621 προφητῶν
2894 1544 3034 1600 ἐστιν
3094 1544 3272 1614 οὗτος,
3334 1548 3423 1602 καὶ
3481 1550 3613 1604 εἶπε·
3670 1575 3699 1602 ‹‹
3730 1551 3875 1608 Τάδε

2223 1630 2368 1705 λέγει
2403 1632 2623 1705 Κύριος·
2682 1634 2830 1688 Διότι
2888 1634 3143 1712 ἐξήγαγες
3201 1635 3264 1690 σὺ
3318 1633 3485 1712 ἄνδρα
3537 1637 3781 1715 ὀλέθριον
3811 1639 3875 1698 ἐκ

2223 1715 2411 1796 χειρός
2448 1742 2574 1794 μου,
2607 1719 2726 1777 ἰδοὺ
2756 1725 2790 1792 ἡ
2825 1723 2976 1798 ψυχή
3012 1745 3107 1779 σου
3139 1724 3257 1779 ἀντὶ
3305 1733 3405 1796 τῆς
3459 1731 3646 1803 ψυχῆς
3704 1731 3876 1785 αὐτοῦ

2133 1827 2184 1894 Β
2221 1810 2310 1865 καὶ
2342 1811 2370 1863 6
2411 1807 2544 1872 λαός
2579 1832 2674 1866 σου
2707 1811 2826 1867 ἀντὶ
2857 1817 2953 1868 τοῦ
2985 1812 3120 1868 λαοῦ
3151 1814 3334 1870 αὐτοῦ.
3374 1839 3402 1867 ››
3462 1817 3566 1875 Καὶ
3625 1818 3872 1888 ἀπῆλθεν

2224 1895 2438 1976 Ἀχαᾶϐ
2464 1898 2826 1973 ἐκλελυμένος
2858 1903 2947 1958 καὶ
2977 1901 3208 1961 κλαίων.

2299 1989 2592 2061 Ἀμπελὼν
2627 1991 2702 2054 εἶς
2752 1991 2819 2061 ἦν
2881 1989 3155 2058 Ναϐουθαὶ
3211 1999 3290 2065 τῷ
3346 1993 3665 2073 Ἰσραηλίτῃ
3722 1999 3876 2075 παρὰ

2223 2077 2323 2146 τήν
2357 2077 2474 2133 ἅλω
2503 2084 2600 2164 τοῦ
2636 2077 2872 2155 Ἀχαᾶὄ,
2929 2082 2987 2137 ’ὸν
3047 2083 3225 2154 ἐζήτει
3285 2079 3470 2138 λαϐεῖν
3532 2082 3746 2164 Ἀχαᾶϐ
3779 2090 3878 2143 καὶ

2228 2165 2412 2224 δοῦναι
2514 2163 2696 2245 ἕτερον
2739 2169 3040 2243 ἀμπελῶνα
3069 2173 3104 2242 ἢ
3133 2175 3232 2242 τήν
3282 2176 3450 2248 τιμὴν
3514 2163 3698 2231 αὐτοῦ.
3727 2179 3786 2236 Ὀ
3819 2175 3878 2234 δὲ

2228 2257 2366 2312 εἶπε⁸
2403 2259 2492 2327 Μὴ
2527 2260 2739 2332 γένοιτό
2796 2281 2890 2334 μοι
2944 2258 3125 2316 δοῐὲναί
3183 2284 3286 2318 τινι
3343 2265 3441 2332 τὴν
3497 2262 3880 2340 κληρονομίαν

2232 2368 2358 2420 μου.
2393 2347 2730 2418 Λυπηοὲντος
2787 2346 2843 2404 δὲ
2899 2346 3139 2429 Ἀχαάϐ,
3201 2353 3276 2414 ὡς
3332 2350 3563 2422 ἤκουσεν
3616 2352 3879 2427 Ἰεζάϐελ,

2227 2434 2421 2512 γράφει
2453 2436 2588 2511 πρὸς
2616 2437 2741 2498 τοὺς
2772 2433 3168 2513 πρεσϐυτέρους
3197 2440 3325 2504 τοὺς
3359 2441 3416 2496 ἐν
3446 2448 3513 2517 τῇ
3566 2442 3725 2499 πολει
3787 2441 3881 2499 διὰ

2228 2525 2550 2600 προφάσεως
2599 2524 2910 2581 ἀποκτεῖναι
2969 2527 3149 2586 αὐτόν.
3213 2531 3280 2586 Οἳ
3337 2527 3394 2584 δὲ
3453 2537 3876 2605 συκοφαντοῦσιν

2229 2613 2389 2668 αὐτὸν
2446 2613 2518 2675 ὡς
2573 2615 2914 2690 κατηράσατο
2968 2621 3065 2671 τοῦ
3127 2617 3419 2694 βασιλέως,
3479 2620 3568 2675 καὶ
3627 2622 3881 2678 ἀποκτεί-

2229 2723 2411 2756 νουσιν
2439 2704 2623 2776 αύτὸν,
2655 2705 2746 2758 καὶ
2775 2703 3112 2781 κληρονομεῖ
3149 2703 3358 2783 Ἀχαάϐ
3398 2710 3489 2764 τὸν
3548 2710 3874 2785 ἀμπελῶνα.

2233 2791 2413 2848 Καῗὲ
2755 2794 3207 2834 ’ρ’“”
3353 2799 3556 2832 ·“’²
3745 2800 3846 2820 ”’

2317 2837 2328 2845 .
2417 2813 2606 2869 ρχεται
2672 2814 2808 2870 προ,
2868 2816 3028 2851 αυτον
3101 2797 3294 2866 Ηλιας,
3355 2820 3442 2852 και
3497 2797 3646 2877 λεγει
3701 2821 3877 2874 αυτῳ’

2234 2910 2262 2940 ‹‹
2291 2885 2431 2944 Τάδε
2461 2885 2612 2964 λέγει
2641 2887 2864 2964 Κύριος·
2899 2890 2988 2952 Ὧς
3015 2889 3076 2944 σὺ
3107 2889 3396 2966 ἐφόνευσας
3435 2893 3525 2948 καὶ
3583 2893 3883 2968 ἐκληρονό-

2235 2996 2435 3048 μησας,
2469 2973 2557 3030 διὰ
2587 2975 2749 3032 τοῦτο
2781 2975 2835 3031 ἐν
2887 2981 2966 3049 τῷ
3020 2979 3174 3052 τόπῳ
3229 2981 3274 3053 ᾧ
3323 2976 3530 3054 ἔλειξαν
3591 2985 3641 3038 οἱ
3671 2982 3757 3045 ὕες
3786 2984 3882 3039 καὶ

2231 3067 2284 3121 οἱ
2315 3065 2465 3126 κύνες
2494 3066 2556 3120 τὸ
2597 3066 2731 3137 αἷμα
2787 3061 3086 3139 Ναϐουθαῖ,
3147 3067 3258 3125 ἐκεῖ
3317 3068 3584 3142 λείξουσιν
3648 3074 3699 3128 οἱ
3729 3074 3888 3140 κύνες

2232 3158 2296 3213 τὸ
2326 3155 2468 3227 αἷμά
2497 3176 2614 3223 σου,
2645 3157 2731 3210 καὶ
2765 3157 2821 3210 αἱ
2877 3157 3070 3230 πόρναι
3128 3156 3413 3215 λούσονται
3467 3159 3518 3216 ἐν
3550 3166 3628 3236 τῷ
3660 3160 3889 3236 αἵματί-

2236 3267 2352 3302 σουο
2403 3244 2492 3300 καί
2573 3247 2672 3314 τήν
2755 3243 2989 3317 Ἰεζάϐελ
3055 3251 3454 3328 καταφάγονται
3512 3253 3565 3307 οἱ
3621 3253 3770 3316 κύνες
3828 3253 3884 3310 ἰν

2233 3341 2313 3410 τῷ
2359 3356 2784 3415 προτειχισματι
2873 3337 3134 3412 Ἰεσραὲλ.
3169 3363 3197 3390 ››
3281 3342 3456 3416 ’Όπερ
3521 3342 3610 3396 καὶ
3666 3342 3886 3418 γέγονε.

2236 3430 2316 3498 [Ρ.
2353 3428 2475 3498 102]
2509 3425 2774 3498 Ἐξελθὼν
2799 3427 2903 3503 γάρ
2937 3429 3073 3499 μετᾶ
3132 3427 3405 3503 βασιλέως
3463 3427 3642 3487 Ὶουδα
3690 3433 3888 3488 Ἰωσα-

2237 3516 2340 3592 φὰτ
2365 3512 2680 3587 πολεμῆσαι
2734 3516 2826 3570 τὸν
2858 3514 3085 3590 βασιλέα
3141 3516 3362 3592 Συρίας,
3418 3519 3686 3592 τοξεύεται
3742 3523 3886 3577 κατὰ

2235 3609 2331 3660 τοῦ
2369 3605 2594 3673 ἥπατος,
2636 3605 2724 3659 καὶ
2784 3605 3074 3683 ὑποτρέφει
3131 3607 3267 3680 πρὸς
3330 3612 3657 3683 Σαμάρειαν,
3715 3609 3884 3674 αὐτὸς

2239 3685 2296 3743 δὲ
2322 3688 2566 3760 τελευτᾷο
2601 3690 2662 3744 τὸ
2713 3686 2770 3744 δὲ
2822 3690 2961 3762 αἷμα
3017 3690 3182 3745 αὐτοῦ
3219 3691 3606 3749 ἀπονίπτουσιν
3658 3693 3744 3749 ἐπὶ
3775 3703 3884 3765 τῆς

2237 3775 2447 3854 κρήνης
2478 3771 2807 3851 Σαμαρείας,
2859 3779 2948 3833 καὶ
2999 3777 3260 3851 ἐξέλειξαν
3293 3783 3342 3836 οἱ
3375 3781 3461 3844 ὕες
3516 3784 3604 3838 καὶ
3640 3784 3692 3838 οἱ
3723 3783 3889 3849 κύνες

2237 3868 2299 3922 τὸ
2331 3868 2468 3939 αἷμα
2497 3867 2682 3924 αὐτοῦ.
2720 3867 2926 3942 Μικρὸν
2985 3867 3042 3924 δὲ
3098 3870 3334 3934 κάτωθεν
3392 3871 3448 3925 αἱ
3504 3871 3698 3947 πόρναι
3723 3872 3902 3928 ἑλού-

2239 3976 2399 4010 σαντο
2431 3956 2480 4010 ἐν
2524 3961 2604 4028 τῷ
2661 3953 2849 4030 αἹματι
2901 3955 3087 4014 αὐτοῦ.
3140 3959 3238 4013 Καὶ
3299 3956 3558 4030 Ἰεζάϐελ,
3621 3961 3725 4017 ἀπὸ
3782 3963 3889 4016 τοῦ

2237 4040 2455 4117 τείχους
2486 4045 2740 4111 πεσοῦσα,
2769 4047 2886 4104 τοῖς
2919 4044 3040 4098 κυσὶ
3077 4041 3416 4120 κατάϐρωμα
3445 4049 3630 4124 γέγονε
3661 4049 3795 4104 κατὰ
3825 4051 3895 4106 τὸ

2241 4130 2307 4204 pr"
2319 4151 2393 4204 μα
2425 4129 2640 4204 Κυρίου.

2310 4221 2572 4294 Ὀχοζίας
2601 4219 2715 4280 υἱὸς
2760 4215 2972 4296 Ἀχαᾶϐ
3038 4228 3225 4298 κρατεῖ
3253 4227 3348 4278 τοῦ
3383 4223 3604 4299 Ἰσραὴλ
3639 4222 3730 4296 ἔτη
3765 4223 3897 4288 δύο.

2241 4309 2414 4370 Οὗτος
2446 4307 2797 4383 ἡρῥώστηφε,
2834 4310 2925 4364 καὶ
2952 4309 3262 4367 ἀπέστειλεν
3291 4312 3556 4390 ἀγγέλους
3604 4314 3899 4390 ἐπερωτῆ-

2243 4419 2328 4452 σαι
2358 4395 2408 4452 ἐν
2441 4401 2509 4470 τῇ
2545 4397 2692 4454 Βάαλ
2727 4399 2936 4472 μυιάων
2965 4401 3091 4456 Θεὸν
3152 4403 3455 4476 Ἀκκάρων,
3491 4403 3540 4458 εἴ
3573 4406 3793 4474 ζήσεται
3834 4405 3902 4462 ἐκ

2239 4493 2338 4555 τῆς
2372 4486 2674 4560 άρῥιυστίας
2732 4486 2916 4545 αύτοῦ.
2979 4488 3079 4545 Καὶ
3130 4488 3251 4546 ῗδοῦ
3310 4490 3500 4554 Ἠλίας
3558 4495 3898 4565 συνήντησεν

482 4568 638 4625 Etias
668 4567 1018 4634 occurrit,ac
1041 4566 1532 4622 reversiOchoziaa
1571 4569 1921 4624 nuntiarunt
1941 4570 2123 4625 homi-

2239 4576 2452 4637 αὐτοῖς.
2482 4577 2576 4630 Καὶ
2613 4577 3042 4657 ἀποπραφὲντες
3076 4579 3225 4635 εἶπον
3257 4585 3336 4653 τῷ
3368 4581 3616 4657 Ὀχοζίᾳ.
3657 4608 3676 4633 ιι
3715 4584 3897 4662 Ἀνὴρ

483 4674 621 4714 nem
655 4655 1810 4729 ipsishirsutumobviamfactumcinctu
1828 4659 2078 4730 pelliceo
2113 4678 2125 4716 :

484 4745 967 4820 eumjussisseut
995 4744 1068 4799 ad
1101 4761 1235 4799 eum
1267 4745 1365 4815 qui
1395 4745 1633 4801 miserat
1664 4747 2129 4821 redirent,eique

483 4837 829 4894 nuntiarent
859 4836 1042 4889 Deum
1076 4834 1156 4889 ita
1199 4834 1328 4889 fari.
1391 4852 1551 4900 eum,
1610 4836 1838 4892 scilicet
1880 4839 2036 4909 quod
2069 4841 2130 4895 in

482 4915 701 4984 ls'raelo
735 4924 936 4979 nullus
959 4924 1035 4978 sit
1077 4925 1248 4990 Deus,
1301 4922 1433 4978 ideo
1493 4925 1731 4980 Baalum
1782 4927 2120 4982 consultum

479 5019 734 5074 misisse.
770 5016 894 5071 Non
925 5014 1007 5069 ita
1038 5013 1180 5069 fore.
1221 5013 1418 5083 Ipsum
1463 5013 1533 5068 de
1565 5013 1740 5078 lecto,
1777 5032 1952 5085 quem
1986 5033 2123 5072 con-

481 5106 831 5171 scendisset,
865 5117 1241 5174 nequaquam
1296 5101 1744 5157 descensurum.
1805 5105 2132 5176 Respondit

480 5195 757 5251 Ochozias
788 5193 976 5248 Eliam
1027 5209 1162 5247 eum
1220 5190 1401 5246 fuisse
1453 5191 1812 5261 Thesbitam,
1846 5195 2123 5267 misitque

483 5286 641 5338 viros
662 5282 1091 5355 quinquaginta
1104 5298 1236 5339 cum
1257 5298 1363 5338 suo
1387 5281 1684 5352 praefecto.
1720 5283 1970 5340 Sedebat
2005 5290 2126 5340 tum

483 5371 640 5428 Elias
666 5372 726 5425 in
759 5373 977 5426 montis
1009 5371 1242 5426 vertice.
1287 5371 1390 5426 Cui
1423 5388 1556 5426 cum
1615 5373 1928 5442 praefectus
1977 5376 2132 5432 180

483 5460 732 5515 dixisset
766 5476 778 5514 :
815 5481 838 5506 ε(
875 5461 972 5514 Vir
1003 5460 1122 5526 Dei,
1156 5477 1258 5517 rex
1293 5465 1345 5515 te
1377 5466 1564 5526 vocat,
1599 5461 1915 5529 descende,
1957 5487 1974 5510 ο
2006 5481 2132 5520 res-

487 5549 697 5623 pondit
723 5565 736 5602 :
769 5569 796 5595 ‹‹
822 5549 879 5603 Si
912 5564 1015 5619 ego
1048 5549 1132 5602 vir
1157 5549 1256 5603 Dei
1286 5549 1518 5612 sum,de
1540 5550 1686 5607 ccelo
1709 5551 1859 5624 ignis
1881 5553 2131 5621 decidat,

494 5657 560 5696 ac
592 5644 647 5696 te
677 5653 814 5694 cum
839 5636 954 5692 tuis
985 5639 1052 5692 50
1074 5637 1210 5692 viris
1239 5638 1492 5710 perimat
1511 5637 1811 5712 “.nldque
1833 5643 2031 5699 statim
2054 5645 2133 5699 fa-

566 5739 614 5774 ⁶⁵
644 5739 716 5794 Ill
751 5740 887 5809 Reg.
917 5753 1008 5804 xx,
1044 5739 1118 5790 i2.
1223 5737 1268 5772 ⁸⁵
1298 5741 1373 5794 ΙΙΙ
1404 5741 1544 5809 Reg.
1575 5744 1801 5810 31,19,
1834 5759 1961 5815 sqq.

2240 4662 2401 4728 δασὺς
2439 4666 2762 4736 συνήντησεν
2791 4668 2946 4738 ἡμῖν,
2987 4667 3078 4721 καὶ
3110 4669 3252 4739 ζώνη
3315 4667 3604 4744 δερμανίνη
3666 4671 3754 4727 ἐπὶ
3784 4673 3898 4742 τήν

2241 4754 2404 4831 ὀσφὺν
2431 4753 2616 4820 αὐτοῦ,
2651 4753 2739 4807 καὶ
2770 4755 2887 4808 εἶπε
2915 4757 3052 4829 πρὸς
3109 4759 3274 4828 ἡμᾶς·
3307 4760 3719 4835 Ἀποστράιρητε
3750 4762 3903 4835 πρὸς

2239 4844 2328 4897 τὸν
2363 4841 2756 4899 ἀποστείλαντα
2789 4845 2949 4916 ὑμᾶς,
2981 4845 3072 4899 καὶ
3104 4843 3294 4902 ε’ίπατε
3349 4846 3515 4921 αὐτῷ·
3548 4846 3685 4905 Τάδε
3744 4847 3900 4925 λέγει

2243 4932 2459 5006 Κύριος·
2491 4933 2587 4987 Διὰ
2617 4933 2681 4988 τὸ
2717 4934 2791 5004 μὴ
2849 4931 2976 4988 εἶναι
3013 4936 3141 4990 Θεὸν
3172 4935 3222 4990 ἐν
3255 4938 3502 5010 Ἰσραήλ,
3555 4937 3617 4992 σὺ
3675 4940 3897 5016 πορεύῃ

2240 5021 2578 5096 ἐπερωτῆσαι
2612 5019 2664 5076 ἐν
2704 5025 2772 5095 τῇ
2807 5021 2952 5078 Βάαλ
2987 5042 3000 5092 ;
3051 5023 3176 5100 Οὐχ
3206 5025 3400 5088 οὕτως.
3459 5027 3522 5082 Ἠ
3579 5025 3742 5096 κλίνη
3777 5026 3832 5082 ἐν
3869 5028 3910 5104 ᾖ

2241 5104 2464 5180 ἀνέὄης,
2490 5111 2554 5164 ού
2575 5105 2856 5186 καταϐήσῃ
2887 5112 2976 5166 ἀπ’
2999 5113 3187 5182 αὐτῆς.
3216 5138 3242 5164 ››
3271 5115 3370 5170 Καὶ
3393 5117 3563 5170 εἶπεν·
3589 5141 3617 5194 ε(
3645 5115 3837 5177 Ἠλιας
3879 5119 3910 5173 6

2243 5193 2503 5269 Θισϐίτης
2538 5222 2564 5248 η
2597 5197 2726 5256 ἐστί.
2765 5199 2864 5258 Καὶ
2894 5199 3205 5257 ἀπέστειλεν
3247 5203 3548 5278 ἡγούμενον
3594 5193 3906 5276 πεντηκον-

2241 5288 2456 5366 τάρχην
2488 5287 2737 5350 καὶτοὺς
2768 5291 3099 5360 πεντήκοντα
3153 5292 3341 5351 αὐτοῦ.
3402 5295 3499 5348 Καὶ
3555 5293 3751 5357 ’Πλίας
3807 5294 3902 5351 ἐπὶ

2244 5383 2343 5446 τῆς
2374 5382 2624 5452 κορυφῆς
2660 5381 2756 5430 τοῖ’)
2809 5376 2989 5453 ὅρους.
3040 5380 3139 5435 Καὶ
3176 5381 3318 5436 εἶπεν
3352 5382 3380 5436 6
3411 5383 3907 5460 πεντηκοντάρχης

2243 5465 2378 5540 πρὸς
2410 5464 2593 5518 αὐτόν·
2635 5490 2659 5518 ε
2690 5466 2976 5542 ’Ἄνθρωπε
3003 5473 3100 5523 τοῦ
3159 5474 3312 5538 Θεοῦ,
3370 5471 3398 5526 6
3435 5470 3689 5545 βασιλεὺς
3731 5471 3902 5529 καλεῖ

2243 5573 2318 5607 σε·
2351 5549 2644 5622 κατέϐηθι.
2680 5579 2708 5607 ››
2742 5557 2884 5629 Ηρὸς
2928 5557 2985 5612 ’ὀν
3048 5557 3258 5621 ’Πλίαςο
3321 5585 3347 5612 ‹‹
3387 5560 3442 5616 Ι·ιί
3471 5560 3764 5635 ἄηθρωπος
3792 5566 3900 5621 τοῦ

2244 5641 2375 5701 Θεοῦ
2405 5643 2535 5722 ἐγὼ,
2595 5640 2950 5716 καταϐήςεται
3010 5651 3113 5723 πῦρ
3169 5647 3217 5721 ἐξ
3269 5650 3523 5726 ούρανοῦ,
3571 5653 3658 5707 καὶ
3720 5673 3898 5708 κατα-

2067 5747 2115 5782 ⁶⁸
2145 5750 2220 5807 IV
2247 5753 2386 5825 Reg.
2424 5769 2463 5824 ι,
2499 5750 2523 5806 1
2558 5765 2691 5824 sqq.
