4186 6190
307 359 434 422 213

1438 361 1988 428 HISTORIARUH
2031 358 2572 422 COMPENDIUM.

3614 371 3732 434 2M

311 491 542 573 φάγεταί
568 515 625 550 σε
653 493 904 560 καὶτοὺς
962 495 1299 569 πεντήκοντά
1356 519 1477 557 σου.
1522 523 1550 550 ››
1601 498 1704 556 Καὶ
1760 491 1931 551 κατέϐ·

2039 545 2052 569 ι
2087 501 2246 552 ctum
2278 502 2386 551 est.
2419 495 2638 552 Eadem
2669 501 2995 553 evenerunt
3021 497 3095 554 iis
3127 498 3228 572 qui
3288 501 3548 561 secundo
3597 505 3727 565 loco

307 592 419 661 τῦρ
452 586 503 658 ἐξ
535 587 790 662 ούρανοῦ,
825 589 916 644 καὶ
960 588 1249 668 κατέφαγεν
1300 591 1461 646 αὐτὸν
1489 590 1578 645 καὶ
1611 589 1738 653 τοὺς
1767 589 1971 659 πεντή-

307 696 474 731 κοντα
505 676 688 733 αύτοῦ.
725 678 917 741 Οὕτως
955 678 1160 756 ἐγένετο
1193 681 1283 735 καὶ
1330 686 1447 740 τοῖς
1496 678 1788 754 δευτέροις.
1819 679 1880 736 Ὀ
1911 675 1968 732 δί

308 768 497 839 τρίτος
552 768 1044 847 πεντηκοντέρχης
1102 767 1298 838 ἐλθὼν,
1356 768 1534 824 πεσὼν
1585 768 1669 823 ἐπὶ
1705 769 1803 834 τήν
1835 774 1964 843 γῆν,

309 853 505 925 ἐδεήθη
539 855 628 910 καὶ
660 856 830 912 εἶπεν·
860 863 1147 933 Ἀνθρωπε
1194 863 1290 913 τοῦ
1323 863 1477 927 Θεοῦ,
1505 857 1863 930 ἐντιμωθήτω
1896 854 1962 924 δὴ

308 947 345 1013 ἡ
375 947 527 1019 ψυχή
577 967 682 1018 μου
711 945 800 1000 καί
827 949 862 1016 ἡ
895 949 1046 1022 ψυχή
1110 951 1218 1002 τῶν
1275 945 1506 1002 παιδίων
1541 969 1636 1002 σου
1665 946 1874 1001 τούτων
1909 946 1962 1001 έν

309 1033 622 1112 ὀφθαλμοῖς
679 1056 796 1090 σου.
856 1036 954 1090 Καὶ
1015 1035 1280 1107 ἐλάλησεν
1316 1035 1545 1112 ἂγγελος
1592 1036 1795 1110 Κυρίου
1826 1038 1961 1110 πρὸς

34 1151 38 1214 γ
295 1107 520 1194 ⁹Ηλίαν,
553 1125 642 1178 καὶ
698 1120 897 1194 κατέϐη
965 1127 1081 1197 μετ’
1140 1127 1320 1181 αὐτῶν
1377 1128 1513 1201 πρὸς
1571 1127 1662 1181 τὸν
1708 1128 1959 1201 βασιλέα,

34 1210 40 1334 Ι
296 1211 388 1266 καὶ
421 1213 536 1267 εἶπε
565 1215 702 1269 κατὰ
732 1214 796 1269 τὸ
846 1214 998 1289 ῥῆμα
1041 1216 1103 1270 τὸ
1156 1210 1478 1290 ἔμπροσθεν·
1513 1217 1660 1279 ’Λνθ“
1692 1217 1764 1270 ὧν
1798 1215 1962 1286 ἐξαπ-

300 1299 551 1334 ι--..]--
578 1301 848 1334 2---.-.-ζη
876 1307 975 1334 -.ιη
1033 1309 1191 1334 ....τ....
1266 1305 1506 1334 :.____:.-
1538 1305 1639 1334 2-:
1669 1310 1763 1334 --π
1800 1310 1931 1334 ουκ

300 1299 551 1363 έστειλας
578 1301 848 1376 ἐπερωτᾷν
876 1307 975 1372 τήν
1032 1309 1216 1376 μυῖαν,
1265 1305 1506 1366 ἀποστὰς
1535 1305 1642 1360 ἀπὸ
1669 1310 1767 1360 τοῦ
1799 1310 1956 1374 Θεοῦ,

300 1347 548 1363 ----.....,
578 1347 671 1356 -..-
708 1347 845 1374 ...ηπ
886 1347 973 1372 ..,,
1075 1347 1216 1370 -.-η
1265 1347 1504 1366 -..πως
1536 1347 1642 1360 ...ην
1679 1347 1766 1360 η-
1801 1347 1956 1374 νην,

34 1347 40 1468 ι
302 1390 552 1464 ἀποθανῇ
609 1347 702 1446 ei;
729 1391 820 1446 καὶ
888 1391 948 1447 οὗ
1010 1347 1170 1468 ζΓήσῃ.
1231 1393 1334 1450 Καὶ
1392 1393 1653 1448 ἀπέθανεν
1704 1395 1956 1468 ὐχοξίας

298 1480 438 1533 κατὰ
496 1482 558 1534 τὸ
619 1481 769 1554 ῥῆμα
827 1480 1045 1550 Ἠλίου,
1103 1481 1190 1537 καὶ
1247 1484 1579 1538 κατέπαυσεν
1612 1487 1720 1555 (87)
1767 1483 1818 1537 ἐν
1877 1488 1956 1554 τῷ

301 1567 563 1641 σπηλαίῳ
620 1569 914 1632 Μωυσέως,
972 1571 1094 1626 Ἐπὶ
1154 1571 1354 1627 τούτου
1405 1576 1502 1628 τοῦ
1561 1573 1822 1647 Ὀχοζίου
1863 1570 1953 1626 λι-

299 1658 575 1730 μώξαντες
637 1660 690 1712 οἱ
747 1661 863 1714 κατ’
921 1658 1128 1731 ἐκείνην
1184 1661 1284 1729 τήν
1342 1661 1679 1740 περίχωρον,
1729 1661 1796 1716 τὰ
1843 1658 1953 1715 ἴδια

295 1746 589 1823 σφάξαντες
641 1749 796 1803 τέκνα
861 1751 1185 1828 κατέφαγον·
1264 1749 1316 1806 ἐν
1389 1750 1579 1826 κόπρῳ
1633 1751 1735 1827 γὰρ
1793 1771 1954 1825 περι-

287 1840 494 1909 περῶν
528 1836 644 1891 ἀντὶ
679 1837 812 1898 ἁλὸς
849 1838 1146 1913 βάπτοντες
1182 1838 1453 1918 ἐχρῶντο.

370 1930 454 1983 Ἐν
491 1925 548 1982 δὲ
579 1933 656 2000 τῷ
710 1927 1238 2008 τετρακισχιλιοστῷ
1294 1929 1655 2002 ἑξακοσιοστῷ
1708 1928 1940 2005 δευτέρῳ

284 2009 392 2070 ἔτει
426 2015 710 2096 ἀνελήφθη
771 2017 982 2080 Ἠλίας.
1041 2021 1313 2084 Ἐντεῦθεν
1375 2019 1725 2094 ὑποστρέφων
1758 2019 1941 2074 Ἐλισ-

285 2106 403 2160 σαιὲ
471 2106 549 2166 εἷς
630 2107 849 2187 Ὶεριχὼ
903 2108 1185 2183 θεραπεύει
1242 2110 1308 2165 τὰ
1364 2109 1580 2184 πονηρᾶ
1631 2105 1796 2163 ὕδατα
1853 2105 1942 2163 διὰ

281 2194 457 2252 ἁλῶν,
494 2191 913 2259 Ἀναϐαίνοντος
965 2195 1022 2254 δὲ
1079 2199 1154 2259 εἰς
1213 2199 1390 2267 Βεθήλ
1423 2197 1648 2269 ἐξῆλθον
1677 2195 1940 2273 παιδάρια

285 2285 454 2358 μικρὰ
488 2283 546 2339 ἐκ
581 2291 683 2353 τῆς
739 2286 959 2350 πόλεως
1007 2287 1096 2342 καὶ
1156 2286 1402 2357 ἐλίθαζον
1463 2287 1622 2342 αὐτὸν
1669 2286 1759 2341 καὶ
1807 2307 1938 2342 κατ-

280 2375 504 2444 έπαιζον
560 2376 747 2445 αὐτοῦ,
807 2377 899 2432 καὶ
958 2377 1170 2453 ἔλεγον·
1238 2402 1258 2430 ι
1320 2373 1614 2446 Ἀνὲὗαινε,
1671 2375 1937 2456 φαλακρὶ,

279 2463 558 2524 ἀνάῦκινε,
622 2491 650 2521 ιι
713 2469 774 2526 Ὀ
834 2465 892 2524 δὲ
974 2470 1320 2540 κατηράσατο
1403 2468 1602 2524 αὐτῶν·
1670 2469 1759 2523 καὶ
1819 2466 1937 2522 ἰδοὺ

279 2556 512 2626 ἰξῆλθον
573 2554 669 2611 δύο
727 2557 914 2632 ἄρκτοι
974 2556 1032 2613 ἐκ
1088 2563 1185 2613 τοῦ
1244 2557 1476 2633 δρυμοῦ,
1507 2557 1596 2611 καὶ
1650 2555 1936 2632 διέρῥηξαν

277 2646 328 2718 ἐξ
391 2647 573 2700 αὐτῶν
633 2647 1030 2721 τεσσαράκοντα
1082 2647 1172 2702 καὶ
1247 2645 1342 2702 δύο
1394 2643 1614 2707 παῖδας.
1676 2647 1934 2709 Κάκεῖθεν

277 2737 364 2808 ξΡ·
427 2737 549 2806 103]
623 2736 948 2811 ὑπέστρεψεν
1019 2736 1096 2798 είς
1162 2741 1493 2811 Σαμάρειαν.
1561 2735 1770 2804 Ταύτην
1831 2736 1931 2804 τήν

280 2819 591 2895 Σαμάρειαν
646 2823 674 2876 ὸ
731 2822 982 2898 πέμπτος
1040 2821 1297 2898 βασιλεὺς
1359 2819 1578 2897 Ἰσραήλ
1637 2822 1806 2890 κτίζει
1857 2820 1933 2883 είς

278 2909 442 2965 πᾶλιν
499 2911 658 2982 (αὕτη
731 2909 789 2967 δέ
839 2912 982 2968 ἐστιν
1033 2916 1068 2982 ἡ
1127 2916 1216 2967 νῦν
1272 2910 1584 2986 καλουμένη
1637 2905 1928 2984 Σεϐαστὴ),

277 2999 604 3073 ἐπωνόμασε
661 2999 719 3057 δὶ
775 3001 940 3072 αὐτὴν
1002 2998 1207 3078 Σεϐἡρ,
1265 3002 1341 3065 εἷς
1396 2999 1570 3074 ὄνομα
1629 2996 1802 3076 Σεϐαρ
1833 3001 1928 3054 τοῦ

276 3090 465 3161 κυρίου
495 3095 595 3146 τοῦ
627 3091 810 3165 ύρους.
869 3091 1003 3147 Τότε
1032 3092 1122 3148 καὶ
1173 3093 1236 3147 τὸ
1295 3097 1475 3165 θαῦμα
1504 3094 1600 3147 τοῦ
1632 3088 1820 3146 ἐλαίου
1851 3089 1930 3152 εἷς

275 3178 604 3249 πληθυσμὸν
664 3185 732 3253 τῇ
790 3181 998 3258 γοναικὶ
1056 3178 1286 3237 δέδωκεν
1335 3179 1670 3249 Ἐλισσαῖος,
1722 3179 1812 3235 καὶ
1860 3180 1925 3236 τὰ

273 3271 411 3344 χρέα
445 3271 620 3338 αὐτῆς
671 3268 740 3325 δι’
793 3273 961 3328 αὐτοῦ
1010 3276 1107 3326 τοῦ
1142 3269 1330 3327 ἐλαίου
1359 3269 1671 3346 ἐπλήρωσε,
1702 3270 1791 3325 καὶ
1823 3277 1922 3340 τῆς

273 3357 652 3431 Σωμανίτιδος
684 3361 774 3414 τὸν
834 3361 950 3416 υἱὸν
998 3360 1276 3431 ἀνέστησε.
1333 3359 1472 3417 Τότε
1513 3359 1603 3414 καὶ
1642 3361 1676 3428 ἡ
1707 3359 1922 3431 τολύπη

270 3453 384 3508 τοῖς
413 3449 724 3519 ἀνθρώποις
782 3449 1064 3526 φάρμακον
1122 3451 1180 3504 ὅν
1239 3445 1424 3519 ἐδόθη,
1454 3448 1543 3502 καὶ
1587 3447 1658 3502 δι’
1689 3446 1922 3524 ἀλεύρου

270 3537 626 3612 ἰθεραπεύθη.
691 3540 787 3594 Καὶ
847 3541 898 3594 οἱ
954 3540 1187 3613 κρίθινοι
1241 3541 1288 3594 κ’
1345 3537 1498 3612 ἃρτοι
1554 3540 1642 3594 καὶ
1677 3539 1731 3593 αἱ
1771 3538 1925 3594 πέντε

271 3627 517 3691 παλάθαι
547 3633 656 3682 τῶν
707 3625 952 3704 ἴσχάδων
1012 3627 1063 3683 έν
1121 3633 1238 3692 τοῖς
1294 3628 1485 3683 ἑκατὸν
1518 3624 1765 3701 ἀνδράσιν
1797 3627 1920 3682 έπε-

273 3736 576 3789 ρισσευσαν.
638 3717 740 3774 Καὶ
805 3722 902 3772 τοῦ
967 3720 1178 3791 Νεεμᾶν
1238 3719 1273 3786 ἡ
1327 3716 1501 3791 λέπρα
1568 3715 1922 3790 ἐθεραπεύθη,

274 3813 450 3878 Γηεζῆ
513 3805 572 3862 δὲ
630 3803 822 3864 ἔλαϐεν
872 3809 1064 3884 ἱμάτια
1121 3808 1213 3864 καὶ
1269 3807 1498 3883 ἀργύρια
1555 3807 1644 3862 καὶ
1698 3808 1797 3877 τήν
1870 3806 1920 3876 ἐξ

36 3879 38 3975 ί
271 3900 439 3954 αὐτοῦ
474 3899 702 3975 λέπραν.
732 3901 858 3957 Ἐπὶ
915 3899 1130 3962 τούτοις
1185 3900 1273 3956 καὶ
1315 3900 1413 3968 τὴν
1475 3898 1654 3970 ἂείνην
1687 3898 1794 3953 ἀπὸ
1824 3902 1922 3953 τοῦ

271 3931 439 3954 αυῖυυ
475 3931 702 3975 Λιῑιραν.
755 3931 858 3957 ειπι
915 3931 1129 3962 τυυτυις
1186 3931 1273 3956 και
1315 3931 1413 3968 την
1475 3931 1654 3970 αςινην
1687 3931 1794 3953 ultu
1826 3931 1920 3953 "VU

36 3931 38 4076 |
269 3986 542 4061 Ἰορδάνου
573 3988 832 4064 ἀνήγαγε,
863 3990 950 4044 καὶ
1007 3988 1074 4045 τὰ
1129 3983 1314 4063 ἔνεδρα
1369 3992 1466 4043 τοῦ
1508 3984 1778 4060 βασιλέως
1812 3993 1920 4041 Συ-

267 4079 380 4155 ρίας
437 4079 735 4156 ἀνήγγειλε
790 4086 870 4153 τῷ
924 4079 1142 4158 βασιλεῖ
1189 4077 1436 4152 Ἰσραήλ.
1493 4080 1584 4136 Καὶ
1634 4083 1730 4136 τοῦ
1764 4079 1922 4153 βασι-

264 4170 404 4233 λέως
463 4170 664 4245 Συρίας
718 4171 1104 4233 κυκλώσαντος
1161 4169 1321 4225 αὐτὸν
1355 4168 1431 4230 είς
1469 4169 1532 4224 τὸ
1564 4167 1696 4241 ὅρος
1725 4166 1811 4224 ἐπὶ
1841 4173 1920 4240 τῷ

38 4255 44 4333 ᾗ
264 4266 554 4333 κρατῆσαι,
588 4259 662 4322 ὡς
696 4256 838 4315 εἶδεν
870 4259 898 4312 ὁ
925 4258 1239 4333 λειτουργὸς
1291 4257 1566 4314 Ἐλισσαιὶ
1605 4256 1673 4313 τὰ
1704 4252 1920 4332 ἅρματα

264 4266 554 4333 κρατῆσαι,
588 4261 662 4322 ὡς
696 4261 838 4315 εἶδεν
870 4261 898 4312 ὁ
925 4261 1239 4333 λειτουργὸς
1291 4261 1566 4314 Ἐλισσαιὶ
1605 4261 1673 4313 τὰ
1704 4261 1918 4332 ἅρματα

38 4261 44 4424 ί
265 4349 350 4402 καὶ
379 4351 482 4419 τήν
517 4346 768 4421 δύναμιν,
811 4343 1078 4428 ἐφοϐήθη,
1126 4347 1215 4402 καὶ
1272 4347 1410 4402 εἶπε’
1445 4345 1632 4422 Κύριε,
1663 4346 1717 4400 τί
1748 4347 1918 4416 ποιή-

268 4459 426 4510 σομεν
452 4459 466 4508 ;
492 4441 555 4495 Ὁ
581 4436 638 4493 δὶ
670 4438 802 4494 εἶπε·
841 4439 933 4506 Μὴ
965 4433 1162 4517 φοϐοῦ,
1183 4439 1266 4492 ὅτι
1297 4436 1524 4499 πλείους
1548 4437 1599 4492 οἱ
1631 4437 1744 4509 μεθ’
1765 4437 1914 4507 ἡμᾶς

271 4528 395 4600 ὸπὶρ
429 4528 560 4589 τοὺς
597 4529 712 4600 μετ’
767 4527 964 4583 αὐτῶν.
1027 4527 1127 4583 Καὶ
1186 4525 1552 4602 προσηύξατο,
1584 4525 1673 4580 καὶ
1706 4526 1915 4597 ἤνοιξεν

2075 586 2243 641 missi
2274 587 2535 642 fuerunt.
2559 588 2789 643 Tertius
2821 605 2954 644 cum
2986 593 3054 644 50
3086 589 3226 646 viris
3258 593 3464 650 eodem
3507 597 3724 656 missus

2075 675 2134 728 in
2170 680 2387 730 terram
2419 675 2755 747 procubuit,
2787 683 3097 748 vatemque
3129 678 3455 737 obtestatus
3494 690 3583 738 est
3634 687 3720 743 uti

2074 761 2185 816 sibi
2217 763 2458 833 suisque
2490 770 2773 834 parceret.
2828 765 3051 820 Monuit
3079 773 3276 822 autem
3327 770 3576 837 angelus
3615 774 3717 830 Dei

2071 851 2256 906 Eliam
2289 857 2353 906 ut
2382 851 2804 918 descenderet;
2839 853 3006 924 isque
3063 871 3194 910 cum
3229 855 3346 911 illis
3385 858 3458 912 ad
3516 877 3714 933 regem

2069 940 2386 1012 profectus,
2417 942 2676 1012 priorem
2707 958 3042 997 sermonem
3073 946 3329 1016 repetiit,
3380 949 3537 1018 quod
3596 951 3712 1006 Deo

2071 1030 2326 1092 deserto,
2346 1031 2418 1084 ad
2448 1031 2776 1102 principem
2801 1049 3136 1087 muscarum
3160 1036 3494 1092 consultum
3520 1041 3710 1094 misis-

2069 1126 2176 1188 set,
2239 1120 2370 1174 ideo
2400 1137 2520 1174 non
2552 1121 2866 1186 victurum,
2898 1121 3001 1176 sed
3040 1123 3415 1182 moriturum.
3451 1128 3710 1185 Mortuus

2069 1217 2157 1264 est
2179 1226 2315 1282 ergo
2338 1209 2616 1264 Ochozias
2639 1210 2966 1265 secundum
2982 1211 3156 1266 verba
3177 1213 3339 1280 Eliae,
3356 1218 3712 1287 etrequievit

2064 1299 2126 1354 in
2159 1299 2442 1370 spelunca
2471 1299 2662 1353 Mosis.
2711 1299 2895 1370 llujus
2937 1301 3200 1356 Ochoziae
3257 1307 3427 1358 iactate
3487 1307 3709 1362 circum

2063 1391 2178 1444 ista
2203 1390 2330 1445 loca
2361 1389 2691 1444 incolentes
2721 1391 2969 1460 penuria
3000 1408 3066 1445 eo
3090 1391 3280 1447 adacti
3313 1400 3452 1448 sunt
3478 1401 3541 1451 ut
3572 1414 3710 1453 suos

2063 1481 2283 1535 liberos
2315 1485 2554 1536 necatos
2583 1480 2982 1547 comederent,
3009 1481 3147 1536 fimo
3169 1482 3579 1540 columbarum
3603 1504 3708 1558 pro

2063 1567 2180 1623 sale
2212 1567 2498 1624 adhibito.

1973 1871 2020 1934 Β
2129 1837 2285 1893 Elias
2306 1837 2367 1893 in
2389 1838 2604 1895 cmlum
2626 1845 2828 1911 raptus
2851 1845 2941 1895 est
2964 1858 3120 1897 anno
3139 1843 3348 1898 mundi
3371 1847 3530 1900 4602.
3556 1846 3701 1901 Inde

2047 1943 2317 1983 reversus
2349 1928 2594 1983 Elisaeus
2617 1929 3021 1986 .Ierichuntem
3055 1932 3175 1986 sale
3207 1933 3426 2005 injecto
3458 1934 3698 1989 vitiosas

2047 2033 2230 2088 aquas
2262 2020 2534 2075 correxit.
2579 2019 2736 2075 Idem
2772 2038 2906 2076 cum
2961 2022 3266 2078 Bethelam
3322 2024 3695 2090 ascenderet,

2046 2108 2281 2178 pueruli
2313 2109 2460 2164 urbe
2490 2111 2710 2181 egressi
2739 2127 2873 2165 eum
2901 2111 3199 2183 lapidibus
3251 2113 3693 2185 impetiverunt,

2045 2203 2221 2267 atque
2243 2197 2561 2253 illuserunt
2581 2199 2959 2255 vociferando
2987 2217 2998 2253 :
3037 2222 3061 2251 α
3091 2201 3373 2266 Ascende,
3398 2203 3582 2265 calve.
3606 2221 3695 2260 as-

2044 2285 2230 2342 cende
2251 2285 2318 2341 δτ.
2337 2309 2364 2335 ››
2388 2288 2498 2341 Eos
2521 2287 2770 2342 Eliswus
2788 2305 2921 2344 cum
2947 2295 3103 2344 esset
3124 2297 3482 2356 exsecratus,
3500 2292 3695 2348 subito

2045 2393 2112 2431 ex
2145 2375 2290 2430 silva
2321 2376 2436 2430 duo
2464 2378 2586 2432 ursi
2621 2379 2841 2449 egressi
2877 2395 3092 2449 pueros
3124 2380 3514 2452 quadraginta
3547 2382 3695 2438 duos

2043 2464 2508 2534 discerpserunt.
2543 2466 2684 2520 Inde
2718 2467 3042 2521 Samariam
3093 2485 3364 2524 reversus
3394 2476 3504 2525 est.
3538 2472 3695 2526 Hanc

2041 2552 2250 2608 urbem
2276 2557 2518 2623 quintus
2543 2555 2854 2609 lsraelicus
2874 2571 2978 2610 rex
3005 2556 3269 2610 condidit
3295 2574 3306 2610 :
3337 2574 3494 2612 nunc
3521 2558 3694 2614 Seba-

2041 2647 2128 2696 ste
2160 2642 2552 2713 appellantur,
2587 2643 2644 2697 id
2667 2650 2756 2697 est
2775 2647 3054 2714 Augusta.
3079 2645 3224 2700 181
3255 2646 3479 2701 Nomen
3509 2648 3560 2701 ei
3584 2648 3691 2702 im-

2038 2731 2236 2802 posuit
2293 2731 2491 2798 Seber,
2551 2748 2586 2786 a
2641 2734 2883 2787 nomine
2942 2733 3196 2798 Sebaris,
3256 2735 3355 2804 qui
3411 2736 3689 2793 dominus

2037 2820 2260 2875 montis
2287 2821 2414 2892 ejus
2436 2821 2566 2878 fuit.
2592 2823 2750 2875 Tunc
2771 2826 2828 2875 et
2855 2820 3053 2876 oleum
3082 2823 3448 2878 mulierculae
3481 2825 3686 2897 prodi-

2035 2911 2196 2983 giose
2211 2911 2626 2984 multiplicavit
2647 2913 2912 2979 Elismus,
2929 2930 2997 2968 ac
3021 2931 3089 2968 eo
3103 2932 3183 2970 aes
3207 2915 3470 2971 alienum
3495 2917 3681 2988 ipsius

2033 2999 2210 3055 diluit
2234 3019 2246 3067 ;
2281 3007 2340 3057 et
2361 3002 2549 3056 filium
2575 3001 2961 3078 Spunamitidis
2985 3004 3340 3060 exstinctum
3361 3006 3493 3060 vitae
3512 3007 3680 3062 resti-

2032 3090 2181 3155 tuit;
2215 3097 2274 3146 et
2303 3092 2674 3146 cucurbitam
2706 3092 3038 3148 silvestrem
3077 3094 3151 3149 ad
3179 3097 3536 3152 vescendum
3569 3098 3679 3153 ho-

2034 3179 2296 3235 minibus
2352 3182 2738 3252 propositam,
2801 3198 2933 3236 cum
2993 3183 3068 3238 sit
3125 3191 3431 3251 venenata,
3473 3187 3679 3242 farinae

2033 3269 2403 3340 inspersione
2460 3270 2814 3326 medicatam
2873 3288 3105 3328 vescam
3163 3269 3432 3339 fecit;'et
3474 3276 3679 3348 viginti

2033 3358 2286 3429 panibus
2317 3359 2661 3415 hordeaceis
2693 3376 2759 3414 ac
2791 3360 3054 3432 quinque
3087 3362 3414 3418 caricarum
3467 3365 3680 3420 massis

2031 3453 2268 3502 centum
2283 3449 2437 3502 viros
2451 3449 2755 3513 saturavit,
2769 3456 3084 3520 superante
3099 3450 3290 3506 adhuc
3304 3452 3680 3510 cibo.Eadem

2033 3542 2382 3608 tempestate
2402 3539 2662 3593 Neeman
2687 3539 2852 3611 lepra
2875 3539 3158 3595 liberatus
3182 3548 3290 3607 est,
3317 3550 3373 3597 et
3391 3543 3595 3598 eadem
3618 3544 3679 3598 in

2033 3626 2261 3680 Geezim
2276 3625 2348 3680 ob
2362 3633 2633 3698 acceptas
2651 3634 2840 3682 vestes
2854 3634 3031 3699 atque
3048 3637 3357 3702 argentum
3373 3633 3679 3688 translata.

2032 3716 2324 3769 Praaterea
2369 3715 2418 3768 is
2468 3721 2626 3770 vates
2685 3722 2742 3770 et
2799 3718 3053 3772 securim
3116 3735 3186 3774 ex
3214 3721 3467 3777 Jordane
3498 3723 3680 3778 fluvio

2032 3819 2331 3874 emergere
2384 3803 2543 3870 fecit,
2604 3810 2660 3858 et
2691 3805 2938 3860 insidias
2969 3807 3123 3880 regis
3181 3809 3307 3879 Syri
3341 3811 3463 3880 regi
3495 3812 3679 3867 Israe-

2032 3893 2146 3949 lico
2177 3894 2428 3965 aperuit.
2461 3895 2602 3948 Cum
2627 3900 2825 3950 autem
2849 3911 2952 3950 rex
2979 3897 3158 3966 Syriae
3180 3904 3370 3953 vatem
3394 3900 3453 3954 in
3475 3905 3676 3956 monte

2031 3984 2336 4040 obsidione
2351 3984 2652 4050 cinxisset,
2677 3983 2761 4039 uti
2787 4001 2921 4041 eum
2945 3985 3006 4040 in
3031 4003 3197 4042 suam
3221 3993 3574 4060 potestatem
3596 4006 3679 4045 re-

2030 4073 2273 4146 digeret,
2303 4073 2562 4129 famulus
2591 4073 2782 4128 Elismi
2811 4075 3144 4145 conspectis
3167 4076 3438 4132 curribus
3489 4085 3548 4133 et
3577 4095 3677 4133 co-

2028 4167 2142 4238 piis
2161 4163 2487 4238 perlimuit,
2513 4163 2940 4236 dominumque
2961 4166 3191 4236 trepide
3214 4167 3438 4239 rogavit
3463 4169 3675 4240 ecquid

2027 4256 2117 4312 sui
2150 4254 2507 4310 defendendi
2535 4271 2711 4309 causa
2747 4255 2940 4309 facere
2985 4261 3248 4326 possent.
3308 4257 3481 4313 Vates
3534 4273 3672 4314 eum

2025 4344 2180 4401 bono
2214 4361 2342 4400 esse
2374 4345 2574 4400 animo
2599 4345 2812 4415 jussit:
2847 4343 3042 4416 plures
3088 4346 3246 4402 enim
3292 4346 3404 4402 sibi
3465 4347 3674 4404 adesse

2026 4451 2206 4506 quam
2232 4435 2522 4491 hostibus.
2561 4436 2831 4505 Deusque
2862 4435 2936 4490 ad
2968 4435 3154 4507 ipsius
3187 4453 3393 4508 preces
3448 4437 3674 4494 famulo

2025 4524 2224 4579 oculos
2247 4525 2496 4596 aperuit,
2517 4525 2598 4578 ita
2626 4531 2691 4579 ut
2721 4529 2991 4579 cerneret
3020 4531 3284 4581 montem
3317 4527 3486 4598 equis
3516 4528 3676 4583 obsi-

267 4618 294 4671 ὸ
325 4597 457 4677 Θεὸς
511 4597 639 4677 τούς
696 4615 1012 4694 ὀφθαλμοὺς
1068 4619 1166 4671 τοῦ
1217 4597 1531 4690 παιδαρίου,
1590 4615 1677 4669 καὶ
1714 4611 1824 4670 εἶδε
1852 4614 1914 4668 τὸ

2039 4631 2148 4670 :um
2180 4620 2235 4669 et
2260 4614 2532 4671 Elisaeum
2552 4614 2722 4687 igneo
2755 4629 2933 4669 curru
2957 4597 3412 4671 circumdatum.
3449 4617 3674 4672 Deinde

268 4704 390 4780 ὅρος
421 4705 558 4761 ὅλον
590 4705 799 4782 πλῆρες
827 4703 1018 4760 ἳππων
1049 4704 1137 4760 καὶ
1188 4706 1339 4780 ἅρμα
1394 4704 1564 4780 πυρὸς
1596 4702 1911 4780 περικύκλῳ

263 4795 556 4852 Ἐλισσαιέ.
619 4790 978 4852 Καταϐάντων
1065 4792 1121 4850 δὲ
1201 4795 1338 4868 πρὸς
1424 4795 1607 4862 αὐτὸν,
1662 4792 1910 4862 ἐπάταξεν

263 4884 451 4948 αὐτοὺς
481 4886 682 4957 Κύριος
715 4884 964 4958 ἀορασίᾳ.
1007 4883 1110 4942 Καὶ
1159 4885 1328 4940 εἶπενο
1377 4908 1404 4936 ‹‹
1433 4882 1727 4953 Ἑλισσαιὶ,
1762 4880 1912 4937 δεῦτε

264 4973 433 5030 ὀπίσω
493 4995 619 5046 μου.
659 5001 685 5025 ·›
747 4973 849 5031 Καὶ
907 4973 1186 5050 ἀπήγαγεν
1245 4971 1438 5036 αὐτοὺς
1472 4973 1547 5035 είς
1582 4971 1908 5045 Σαμάρειαν,

257 5065 341 5118 καὶ
403 5063 709 5140 ἠνοίγησαν
765 5064 819 5118 οἱ
877 5061 1156 5142 ὀφθαλμοὶ
1213 5063 1416 5132 αὐτῶν,
1463 5063 1554 5118 καὶ
1613 5058 1775 5128 εἶδον,
1819 5060 1909 5116 καὶ

260 5151 376 5208 Bob
420 5152 578 5208 αὐτοὶ
609 5153 661 5207 ἐν
698 5154 849 5227 μέσῳ
901 5152 1234 5228 Σαμαρείας.
1281 5153 1383 5210 Καὶ
1418 5151 1561 5207 εἶπεν
1595 5153 1622 5206 ὁ
1657 5149 1910 5226 βασιλεὺς

262 5241 590 5317 Σαμαρείας·
625 5241 692 5298 Εἴ
720 5243 960 5314 πατάξω,
1018 5242 1225 5316 πάτερς
1285 5243 1378 5297 Καὶ
1423 5242 1591 5298 εἶπεν.
1628 5264 1655 5294 ‹‹
1688 5241 1766 5298 Οὐ
1799 5260 1908 5294 πα-

322 5359 365 5394 ⁶⁷
403 5362 480 5415 IV
513 5363 652 5434 Reg.
695 5378 760 5429 ii,
793 5364 882 5417 23.

2023 4723 2157 4762 cum
2189 4707 2263 4762 ad
2321 4707 2520 4763 hostes
2578 4705 2819 4761 Eliszeus
2877 4705 3189 4775 degressus
3245 4712 3421 4774 esset,
3465 4721 3668 4760 eorum

2023 4797 2226 4852 oculos
2257 4796 2411 4851 Deus
2459 4796 2720 4851 caecitate
2771 4794 3026 4865 quadam
3095 4796 3460 4866 perstrinxit,
3493 4797 3574 4849 ita
3605 4801 3669 4848 ut

2022 4888 2213 4943 Eliszei
2237 4888 2467 4942 monitu
2491 4903 2624 4942 cum
2653 4886 2780 4956 ipso
2803 4887 3128 4941 Samariam
3151 4887 3463 4945 intrarent,
3489 4884 3664 4954 idque

2022 4984 2145 5033 tum
2169 4977 2408 5031 demum
2428 4977 2735 5042 sentirent,
2761 4993 2896 5031 cum
2919 4976 3190 5030 essentin
3213 4975 3410 5031 media
3431 4990 3500 5028 ea
3521 4973 3664 5029 urbe

2021 5066 2348 5121 constituti.
2383 5065 2466 5120 lbi
2497 5081 2630 5120 cum
2662 5080 2766 5119 rex
2815 5064 3074 5119 diceret:
3111 5087 3137 5113 ‹‹
3182 5063 3251 5117 Mi
3285 5068 3470 5134 pater,
3511 5080 3665 5119 anne

2020 5154 2141 5210 illis
2165 5171 2375 5210 manus
2391 5156 2634 5210 afferam
2657 5153 2725 5209 ?»
2747 5154 2991 5208 Elisaeus
3010 5152 3211 5211 vetuit.
3236 5153 3553 5225 cibumque
3591 5154 3665 5209 iis

2019 5249 2078 5298 et
2109 5249 2311 5316 potum
2346 5243 2495 5300 182
2530 5243 2746 5315 apponi
2797 5241 3115 5298 mandavit.
3177 5241 3402 5308 Quibus
3459 5243 3662 5301 refecti

1453 5431 1814 5488 XYLANDRI
1853 5432 1940 5487 ΕΤ
1969 5431 2184 5488 GOARl
2223 5435 2445 5489 NOTAE.

324 5531 432 5602 (87)
469 5531 876 5608 Locum_hunc
902 5533 1186 5608 asterisco
1217 5532 1516 5605 insignivi,
1550 5530 1690 5608 quia
1728 5548 1898 5608 pror-

257 5618 382 5659 sum
416 5608 506 5657 est
533 5604 800 5660 mutilus.
837 5605 1024 5662 Verba
1061 5607 1187 5662 baac
1237 5608 1310 5665 ad
1349 5604 1542 5667 ’Eliam
1568 5604 1652 5668 'in
1683 5607 1898 5669 Horebi

259 5675 475 5732 montis
505 5676 790 5748 spelunca
819 5677 1268 5737 delitescentem
1293 5682 1506 5755 refero,
1527 5700 1704 5755 quam
1735 5695 1898 5740 eam-

2009 5529 2144 5585 dem
2159 5530 2335 5587 Mosis
2347 5531 2530 5589 fuisse
2542 5530 2984 5606 receptaculum
2999 5531 3238 5602 quidam
3255 5531 3656 5593 crediderunt.

2008 5618 2145 5675 XvL.
