  <div class='ocr_page' id='page_1' title='image "/cluster/home/n/w/nwhite01/storage/ocr_20150623/121/hvd.32044073502478/113.png"; bbox 0 0 4186 6190; ppageno 0'>
   <div class='ocr_carea' id='block_1_1' title="bbox 483 446 681 509">
    <p class='ocr_par' dir='ltr' id='par_1_1' title="bbox 483 446 681 509">
     <span class='ocr_line' id='line_1_1' title="bbox 483 446 681 509; baseline -0.025 -1"><span class='ocrx_word' id='word_1_1' title='bbox 483 446 601 509; x_wconf 72' lang='grc'>215</span> <span class='ocrx_word' id='word_1_2' title='bbox 676 496 681 503; x_wconf 87' lang='grc'>.</span> 
     </span>
    </p>
   </div>
   <div class='ocr_carea' id='block_1_2' title="bbox 1840 388 2552 506">
    <p class='ocr_par' dir='ltr' id='par_1_2' title="bbox 1840 388 2552 506">
     <span class='ocr_line' id='line_1_2' title="bbox 1840 388 2552 506; baseline -0.003 0"><span class='ocrx_word' id='word_1_3' title='bbox 1840 441 2165 506; x_wconf 80' lang='lat' dir='ltr'>GEORGII</span> <span class='ocrx_word' id='word_1_4' title='bbox 2207 388 2552 506; x_wconf 58' lang='lat' dir='ltr'>CIbRENI</span> 
     </span>
    </p>
   </div>
   <div class='ocr_carea' id='block_1_3' title="bbox 3772 443 3887 506">
    <p class='ocr_par' dir='ltr' id='par_1_3' title="bbox 3772 443 3887 506">
     <span class='ocr_line' id='line_1_3' title="bbox 3772 443 3887 506; baseline -0.009 -1"><span class='ocrx_word' id='word_1_5' title='bbox 3772 443 3887 506; x_wconf 77' lang='grc'><strong>216</strong></span> 
     </span>
    </p>
   </div>
   <div class='ocr_carea' id='block_1_4' title="bbox 481 566 2126 657">
    <p class='ocr_par' dir='ltr' id='par_1_4' title="bbox 481 566 2126 657">
     <span class='ocr_line' id='line_1_4' title="bbox 481 566 2126 657; baseline -0.004 -17"><span class='ocrx_word' id='word_1_6' title='bbox 481 582 556 640; x_wconf 86' lang='lat' dir='ltr'>ad</span> <span class='ocrx_word' id='word_1_7' title='bbox 582 578 889 657; x_wconf 82' lang='lat' dir='ltr'>dominum</span> <span class='ocrx_word' id='word_1_8' title='bbox 914 566 1086 638; x_wconf 83' lang='lat' dir='ltr'>suum</span> <span class='ocrx_word' id='word_1_9' title='bbox 1108 574 1438 648; x_wconf 85' lang='lat' dir='ltr'>redierunt,</span> <span class='ocrx_word' id='word_1_10' title='bbox 1455 594 1651 652; x_wconf 87' lang='lat' dir='ltr'>neque</span> <span class='ocrx_word' id='word_1_11' title='bbox 1670 577 1744 637; x_wconf 88' lang='lat' dir='ltr'>ab</span> <span class='ocrx_word' id='word_1_12' title='bbox 1767 594 1836 635; x_wconf 90' lang='lat' dir='ltr'>eo</span> <span class='ocrx_word' id='word_1_13' title='bbox 1864 582 2126 652; x_wconf 86' lang='lat' dir='ltr'>tempore</span> 
     </span>
    </p>
   </div>
   <div class='ocr_carea' id='block_1_5' title="bbox 2236 566 3885 657">
    <p class='ocr_par' dir='ltr' id='par_1_5' title="bbox 2240 571 3885 652">
     <span class='ocr_line' id='line_1_5' title="bbox 2240 571 3885 652; baseline 0 -21"><span class='ocrx_word' id='word_1_14' title='bbox 2240 574 2437 647; x_wconf 78' lang='grc' dir='ltr'>τάξεις.</span> <span class='ocrx_word' id='word_1_15' title='bbox 2472 576 2713 650; x_wconf 82' lang='grc' dir='ltr'><strong>Παράθες</strong></span> <span class='ocrx_word' id='word_1_16' title='bbox 2771 571 2957 639; x_wconf 68' lang='grc' dir='ltr'><strong>αὺτοῖς</strong></span> <span class='ocrx_word' id='word_1_17' title='bbox 3012 573 3178 652; x_wconf 67' lang='grc' dir='ltr'><strong>ἄρτον</strong></span> <span class='ocrx_word' id='word_1_18' title='bbox 3232 572 3327 632; x_wconf 84' lang='grc' dir='ltr'><strong>καὶ</strong></span> <span class='ocrx_word' id='word_1_19' title='bbox 3381 571 3552 650; x_wconf 73' lang='grc' dir='ltr'><strong>ὕδωρ.</strong></span> <span class='ocrx_word' id='word_1_20' title='bbox 3588 598 3617 627; x_wconf 68' lang='grc' dir='ltr'><strong><em>ω</em></strong></span> <span class='ocrx_word' id='word_1_21' title='bbox 3658 574 3758 632; x_wconf 76' lang='grc' dir='ltr'>Καὶ</span> <span class='ocrx_word' id='word_1_22' title='bbox 3789 597 3885 651; x_wconf 69' lang='grc' dir='ltr'><strong>οαο</strong></span> 
     </span>
    </p>
   </div>
   <div class='ocr_carea' id='block_1_6' title="bbox 478 668 2132 744">
    <p class='ocr_par' dir='ltr' id='par_1_6' title="bbox 478 668 2132 744">
     <span class='ocr_line' id='line_1_6' title="bbox 478 668 2132 744; baseline -0.002 -14"><span class='ocrx_word' id='word_1_23' title='bbox 478 672 625 731; x_wconf 82' lang='lat' dir='ltr'>levis</span> <span class='ocrx_word' id='word_1_24' title='bbox 654 668 957 744; x_wconf 79' lang='lat' dir='ltr'>Syriarum</span> <span class='ocrx_word' id='word_1_25' title='bbox 988 675 1290 727; x_wconf 80' lang='lat' dir='ltr'>armatura</span> <span class='ocrx_word' id='word_1_26' title='bbox 1336 669 1399 726; x_wconf 92' lang='lat' dir='ltr'>in</span> <span class='ocrx_word' id='word_1_27' title='bbox 1453 668 1764 728; x_wconf 88' lang='lat' dir='ltr'>Israelicos</span> <span class='ocrx_word' id='word_1_28' title='bbox 1792 668 1981 726; x_wconf 81' lang='lat' dir='ltr'>ullam</span> <span class='ocrx_word' id='word_1_29' title='bbox 2014 669 2132 727; x_wconf 91' lang='lat' dir='ltr'>im-</span> 
     </span>
    </p>
   </div>
   <div class='ocr_carea' id='block_1_7' title="bbox 478 758 1040 836">
    <p class='ocr_par' dir='ltr' id='par_1_7' title="bbox 478 758 1040 836">
     <span class='ocr_line' id='line_1_7' title="bbox 478 758 1040 836; baseline -0.005 -19"><span class='ocrx_word' id='word_1_30' title='bbox 478 760 849 836; x_wconf 89' lang='lat' dir='ltr'>pressionem</span> <span class='ocrx_word' id='word_1_31' title='bbox 879 758 1040 816; x_wconf 72' lang='lat' dir='ltr'>fecit.</span> 
     </span>
    </p>
   </div>
   <div class='ocr_carea' id='block_1_8' title="bbox 548 928 2130 1010">
    <p class='ocr_par' dir='ltr' id='par_1_8' title="bbox 548 928 2130 1010">
     <span class='ocr_line' id='line_1_8' title="bbox 548 928 2130 1010; baseline -0.001 -14"><span class='ocrx_word' id='word_1_32' title='bbox 548 928 813 996; x_wconf 82' lang='lat' dir='ltr'>Ochosiae</span> <span class='ocrx_word' id='word_1_33' title='bbox 841 939 1116 996; x_wconf 80' lang='lat' dir='ltr'>Joramus</span> <span class='ocrx_word' id='word_1_34' title='bbox 1166 937 1353 995; x_wconf 85' lang='lat' dir='ltr'>frater</span> <span class='ocrx_word' id='word_1_35' title='bbox 1410 938 1731 1004; x_wconf 80' lang='lat' dir='ltr'>successit;</span> <span class='ocrx_word' id='word_1_36' title='bbox 1764 936 1867 1010; x_wconf 85' lang='lat' dir='ltr'><strong>qui</strong></span> <span class='ocrx_word' id='word_1_37' title='bbox 1899 953 2034 994; x_wconf 90' lang='lat' dir='ltr'>cum</span> <span class='ocrx_word' id='word_1_38' title='bbox 2066 949 2130 995; x_wconf 80' lang='lat' dir='ltr'>se</span> 
     </span>
    </p>
   </div>
   <div class='ocr_carea' id='block_1_9' title="bbox 474 1018 2131 1103">
    <p class='ocr_par' dir='ltr' id='par_1_9' title="bbox 474 1018 2131 1103">
     <span class='ocr_line' id='line_1_9' title="bbox 474 1018 2131 1103; baseline -0.002 -17"><span class='ocrx_word' id='word_1_39' title='bbox 474 1029 757 1086; x_wconf 83' lang='lat' dir='ltr'>adversus</span> <span class='ocrx_word' id='word_1_40' title='bbox 812 1030 997 1086; x_wconf 92' lang='lat' dir='ltr'>Deum</span> <span class='ocrx_word' id='word_1_41' title='bbox 1055 1029 1211 1086; x_wconf 88' lang='lat' dir='ltr'>male</span> <span class='ocrx_word' id='word_1_42' title='bbox 1275 1018 1525 1103; x_wconf 81' lang='lat' dir='ltr'>gereret,</span> <span class='ocrx_word' id='word_1_43' title='bbox 1586 1028 1898 1086; x_wconf 88' lang='lat' dir='ltr'>duodecim</span> <span class='ocrx_word' id='word_1_44' title='bbox 1954 1028 2131 1085; x_wconf 91' lang='lat' dir='ltr'>annis</span> 
     </span>
    </p>
   </div>
   <div class='ocr_carea' id='block_1_10' title="bbox 477 1117 2130 1194">
    <p class='ocr_par' dir='ltr' id='par_1_10' title="bbox 477 1117 2130 1194">
     <span class='ocr_line' id='line_1_10' title="bbox 477 1117 2130 1194; baseline -0.003 -18"><span class='ocrx_word' id='word_1_45' title='bbox 477 1136 659 1193; x_wconf 89' lang='lat' dir='ltr'>regno</span> <span class='ocrx_word' id='word_1_46' title='bbox 689 1123 852 1194; x_wconf 89' lang='lat' dir='ltr'>gesto</span> <span class='ocrx_word' id='word_1_47' title='bbox 883 1117 955 1173; x_wconf 90' lang='lat' dir='ltr'>ab</span> <span class='ocrx_word' id='word_1_48' title='bbox 985 1117 1171 1174; x_wconf 89' lang='lat' dir='ltr'>Jehuo</span> <span class='ocrx_word' id='word_1_49' title='bbox 1224 1124 1315 1174; x_wconf 90' lang='lat' dir='ltr'>est</span> <span class='ocrx_word' id='word_1_50' title='bbox 1369 1118 1742 1174; x_wconf 75' lang='lat' dir='ltr'>interfectus.</span> <span class='ocrx_word' id='word_1_51' title='bbox 1776 1119 1832 1173; x_wconf 91' lang='lat' dir='ltr'>Is</span> <span class='ocrx_word' id='word_1_52' title='bbox 1861 1118 2130 1175; x_wconf 89' lang='lat' dir='ltr'>Joramus</span> 
     </span>
    </p>
   </div>
   <div class='ocr_carea' id='block_1_11' title="bbox 473 1207 2132 1283">
    <p class='ocr_par' dir='ltr' id='par_1_11' title="bbox 473 1207 2132 1283">
     <span class='ocr_line' id='line_1_11' title="bbox 473 1207 2132 1283; baseline -0.004 -16"><span class='ocrx_word' id='word_1_53' title='bbox 473 1225 673 1283; x_wconf 80' lang='lat' dir='ltr'>regem</span> <span class='ocrx_word' id='word_1_54' title='bbox 704 1209 1094 1265; x_wconf 82' lang='lat' dir='ltr'>Moabitarum</span> <span class='ocrx_word' id='word_1_55' title='bbox 1136 1210 1355 1265; x_wconf 83' lang='lat' dir='ltr'>Masam</span> <span class='ocrx_word' id='word_1_56' title='bbox 1403 1208 1699 1265; x_wconf 82' lang='lat' dir='ltr'>devictum</span> <span class='ocrx_word' id='word_1_57' title='bbox 1729 1224 1764 1263; x_wconf 92' lang='lat' dir='ltr'>a</span> <span class='ocrx_word' id='word_1_58' title='bbox 1794 1223 1857 1263; x_wconf 89' lang='lat' dir='ltr'>se</span> <span class='ocrx_word' id='word_1_59' title='bbox 1886 1207 2132 1263; x_wconf 86' lang='lat' dir='ltr'>tributa-</span> 
     </span>
    </p>
   </div>
   <div class='ocr_carea' id='block_1_12' title="bbox 473 1289 2129 1370">
    <p class='ocr_par' dir='ltr' id='par_1_12' title="bbox 473 1289 2129 1370">
     <span class='ocr_line' id='line_1_12' title="bbox 473 1289 2129 1370; baseline -0.002 -15"><span class='ocrx_word' id='word_1_60' title='bbox 473 1300 632 1356; x_wconf 90' lang='lat' dir='ltr'>rium</span> <span class='ocrx_word' id='word_1_61' title='bbox 662 1298 823 1365; x_wconf 86' lang='lat' dir='ltr'>fecit,</span> <span class='ocrx_word' id='word_1_62' title='bbox 857 1298 1202 1370; x_wconf 74' lang='lat' dir='ltr'>accepitque</span> <span class='ocrx_word' id='word_1_63' title='bbox 1228 1297 1300 1353; x_wconf 89' lang='lat' dir='ltr'>ab</span> <span class='ocrx_word' id='word_1_64' title='bbox 1334 1314 1400 1353; x_wconf 91' lang='lat' dir='ltr'>eo</span> <span class='ocrx_word' id='word_1_65' title='bbox 1436 1297 1757 1370; x_wconf 86' lang='lat' dir='ltr'>quotannis</span> <span class='ocrx_word' id='word_1_66' title='bbox 1786 1289 1991 1353; x_wconf 75' lang='lat' dir='ltr'>tributi</span> <span class='ocrx_word' id='word_1_67' title='bbox 2022 1298 2129 1352; x_wconf 85' lang='lat' dir='ltr'>no-</span> 
     </span>
    </p>
   </div>
   <div class='ocr_carea' id='block_1_13' title="bbox 473 1380 2127 1462">
    <p class='ocr_par' dir='ltr' id='par_1_13' title="bbox 473 1380 2127 1462">
     <span class='ocr_line' id='line_1_13' title="bbox 473 1380 2127 1462; baseline -0.003 -16"><span class='ocrx_word' id='word_1_68' title='bbox 473 1390 639 1462; x_wconf 75' lang='lat' dir='ltr'>mine</span> <span class='ocrx_word' id='word_1_69' title='bbox 661 1405 844 1461; x_wconf 87' lang='lat' dir='ltr'>agnos</span> <span class='ocrx_word' id='word_1_70' title='bbox 863 1390 1071 1444; x_wconf 88' lang='grc'>100000</span> <span class='ocrx_word' id='word_1_71' title='bbox 1092 1386 1458 1459; x_wconf 86' lang='lat' dir='ltr'>totidemque</span> <span class='ocrx_word' id='word_1_72' title='bbox 1472 1380 1802 1443; x_wconf 56' lang='lat' dir='ltr'>‘arietes.Eo</span> <span class='ocrx_word' id='word_1_73' title='bbox 1820 1391 2127 1459; x_wconf 82' lang='lat' dir='ltr'>regnante,</span> 
     </span>
    </p>
   </div>
   <div class='ocr_carea' id='block_1_14' title="bbox 475 1472 2135 1557">
    <p class='ocr_par' dir='ltr' id='par_1_14' title="bbox 475 1472 2135 1557">
     <span class='ocr_line' id='line_1_14' title="bbox 475 1472 2135 1557; baseline -0.004 -20"><span class='ocrx_word' id='word_1_74' title='bbox 475 1478 633 1537; x_wconf 90' lang='lat' dir='ltr'>Elias</span> <span class='ocrx_word' id='word_1_75' title='bbox 656 1478 757 1533; x_wconf 92' lang='lat' dir='ltr'>ille</span> <span class='ocrx_word' id='word_1_76' title='bbox 777 1494 1027 1551; x_wconf 88' lang='lat' dir='ltr'>magnus</span> <span class='ocrx_word' id='word_1_77' title='bbox 1078 1476 1149 1557; x_wconf 72' lang='lat' dir='ltr'>in</span> <span class='ocrx_word' id='word_1_78' title='bbox 1183 1476 1397 1535; x_wconf 68' lang='lat' dir='ltr'>caelum</span> <span class='ocrx_word' id='word_1_79' title='bbox 1435 1477 1704 1533; x_wconf 91' lang='lat' dir='ltr'>sublatus</span> <span class='ocrx_word' id='word_1_80' title='bbox 1735 1481 1843 1532; x_wconf 89' lang='lat' dir='ltr'>est.</span> <span class='ocrx_word' id='word_1_81' title='bbox 1877 1474 1947 1531; x_wconf 82' lang='lat' dir='ltr'>Et</span> <span class='ocrx_word' id='word_1_82' title='bbox 1974 1472 2135 1531; x_wconf 81' lang='lat' dir='ltr'>Ader</span> 
     </span>
    </p>
   </div>
   <div class='ocr_carea' id='block_1_15' title="bbox 475 1563 2132 1639">
    <p class='ocr_par' dir='ltr' id='par_1_15' title="bbox 475 1563 2132 1639">
     <span class='ocr_line' id='line_1_15' title="bbox 475 1563 2132 1639; baseline -0.002 -16"><span class='ocrx_word' id='word_1_83' title='bbox 475 1567 658 1639; x_wconf 80' lang='lat' dir='ltr'>Syrias</span> <span class='ocrx_word' id='word_1_84' title='bbox 700 1583 806 1623; x_wconf 90' lang='lat' dir='ltr'>rex</span> <span class='ocrx_word' id='word_1_85' title='bbox 855 1567 1019 1623; x_wconf 86' lang='lat' dir='ltr'>venit</span> <span class='ocrx_word' id='word_1_86' title='bbox 1064 1582 1132 1623; x_wconf 89' lang='lat' dir='ltr'>ac</span> <span class='ocrx_word' id='word_1_87' title='bbox 1180 1567 1509 1623; x_wconf 84' lang='lat' dir='ltr'><strong>Samariam</strong></span> <span class='ocrx_word' id='word_1_88' title='bbox 1561 1563 1981 1632; x_wconf 80' lang='lat' dir='ltr'>circumsedit;</span> <span class='ocrx_word' id='word_1_89' title='bbox 2015 1580 2132 1637; x_wconf 88' lang='lat' dir='ltr'>qua</span> 
     </span>
    </p>
   </div>
   <div class='ocr_carea' id='block_1_16' title="bbox 479 1655 2130 1728">
    <p class='ocr_par' dir='ltr' id='par_1_16' title="bbox 479 1655 2130 1728">
     <span class='ocr_line' id='line_1_16' title="bbox 479 1655 2130 1728; baseline -0.003 -14"><span class='ocrx_word' id='word_1_90' title='bbox 479 1656 791 1714; x_wconf 86' lang='lat' dir='ltr'>obsidione</span> <span class='ocrx_word' id='word_1_91' title='bbox 814 1662 981 1713; x_wconf 86' lang='lat' dir='ltr'>tanta</span> <span class='ocrx_word' id='word_1_92' title='bbox 999 1656 1058 1711; x_wconf 91' lang='lat' dir='ltr'>in</span> <span class='ocrx_word' id='word_1_93' title='bbox 1079 1656 1226 1713; x_wconf 89' lang='lat' dir='ltr'>urbe</span> <span class='ocrx_word' id='word_1_94' title='bbox 1248 1656 1435 1713; x_wconf 89' lang='lat' dir='ltr'>fames</span> <span class='ocrx_word' id='word_1_95' title='bbox 1453 1656 1680 1712; x_wconf 81' lang='lat' dir='ltr'>exstitit</span> <span class='ocrx_word' id='word_1_96' title='bbox 1697 1661 1766 1712; x_wconf 90' lang='lat' dir='ltr'>ut</span> <span class='ocrx_word' id='word_1_97' title='bbox 1784 1660 1960 1728; x_wconf 88' lang='lat' dir='ltr'>caput</span> <span class='ocrx_word' id='word_1_98' title='bbox 1980 1655 2130 1711; x_wconf 87' lang='lat' dir='ltr'>asini</span> 
     </span>
    </p>
   </div>
   <div class='ocr_carea' id='block_1_17' title="bbox 477 1744 2131 1819">
    <p class='ocr_par' dir='ltr' id='par_1_17' title="bbox 477 1744 2131 1819">
     <span class='ocr_line' id='line_1_17' title="bbox 477 1744 2131 1819; baseline -0.002 -16"><span class='ocrx_word' id='word_1_99' title='bbox 477 1747 547 1803; x_wconf 85' lang='lat'>30</span> <span class='ocrx_word' id='word_1_100' title='bbox 576 1745 873 1819; x_wconf 85' lang='lat' dir='ltr'>argenteis</span> <span class='ocrx_word' id='word_1_101' title='bbox 904 1746 1169 1802; x_wconf 86' lang='lat' dir='ltr'>nummis</span> <span class='ocrx_word' id='word_1_102' title='bbox 1188 1746 1565 1801; x_wconf 89' lang='lat' dir='ltr'>venderetur.</span> <span class='ocrx_word' id='word_1_103' title='bbox 1598 1747 1679 1801; x_wconf 86' lang='lat' dir='ltr'>Ea</span> <span class='ocrx_word' id='word_1_104' title='bbox 1707 1744 2131 1810; x_wconf 84' lang='lat' dir='ltr'>durante,cum</span> 
     </span>
    </p>
   </div>
   <div class='ocr_carea' id='block_1_18' title="bbox 477 1831 2128 1905">
    <p class='ocr_par' dir='ltr' id='par_1_18' title="bbox 477 1831 2128 1905">
     <span class='ocr_line' id='line_1_18' title="bbox 477 1831 2128 1905; baseline -0.002 -14"><span class='ocrx_word' id='word_1_105' title='bbox 477 1833 747 1891; x_wconf 76' lang='lat' dir='ltr'>Jeramus</span> <span class='ocrx_word' id='word_1_106' title='bbox 777 1849 1015 1890; x_wconf 89' lang='lat' dir='ltr'>murum</span> <span class='ocrx_word' id='word_1_107' title='bbox 1038 1832 1251 1904; x_wconf 89' lang='lat' dir='ltr'>obiret,</span> <span class='ocrx_word' id='word_1_108' title='bbox 1276 1833 1551 1905; x_wconf 66' lang='lat' dir='ltr'>quaadam</span> <span class='ocrx_word' id='word_1_109' title='bbox 1580 1849 1716 1891; x_wconf 91' lang='lat' dir='ltr'>eum</span> <span class='ocrx_word' id='word_1_110' title='bbox 1744 1831 1964 1889; x_wconf 82' lang='lat' dir='ltr'>mulier</span> <span class='ocrx_word' id='word_1_111' title='bbox 1991 1848 2128 1888; x_wconf 92' lang='lat' dir='ltr'>con-</span> 
     </span>
    </p>
   </div>
   <div class='ocr_carea' id='block_1_19' title="bbox 477 1916 2127 1994">
    <p class='ocr_par' dir='ltr' id='par_1_19' title="bbox 477 1916 2127 1994">
     <span class='ocr_line' id='line_1_19' title="bbox 477 1916 2127 1994; baseline -0.001 -17"><span class='ocrx_word' id='word_1_112' title='bbox 477 1927 639 1977; x_wconf 90' lang='lat' dir='ltr'>tenta</span> <span class='ocrx_word' id='word_1_113' title='bbox 657 1937 798 1977; x_wconf 89' lang='lat' dir='ltr'>voce</span> <span class='ocrx_word' id='word_1_114' title='bbox 821 1920 1239 1994; x_wconf 85' lang='lat' dir='ltr'>interpellavit,</span> <span class='ocrx_word' id='word_1_115' title='bbox 1263 1944 1291 1972; x_wconf 85' lang='lat'>«</span> <span class='ocrx_word' id='word_1_116' title='bbox 1311 1916 2127 1994; x_wconf 88' lang='lat' dir='ltr'>Serva,inquiens,me,domi-</span> 
     </span>
    </p>
   </div>
   <div class='ocr_carea' id='block_1_20' title="bbox 476 2010 2129 2083">
    <p class='ocr_par' dir='ltr' id='par_1_20' title="bbox 476 2010 2129 2083">
     <span class='ocr_line' id='line_1_20' title="bbox 476 2010 2129 2083; baseline -0.001 -16"><span class='ocrx_word' id='word_1_117' title='bbox 476 2027 554 2067; x_wconf 89' lang='lat' dir='ltr'>ne</span> <span class='ocrx_word' id='word_1_118' title='bbox 582 2028 708 2067; x_wconf 85' lang='lat' dir='ltr'>rex.</span> <span class='ocrx_word' id='word_1_119' title='bbox 746 2033 773 2059; x_wconf 69' lang='grc' dir='ltr'>υ</span> <span class='ocrx_word' id='word_1_120' title='bbox 809 2012 863 2065; x_wconf 91' lang='lat' dir='ltr'>ls</span> <span class='ocrx_word' id='word_1_121' title='bbox 891 2010 1202 2083; x_wconf 87' lang='lat' dir='ltr'>respondit</span> <span class='ocrx_word' id='word_1_122' title='bbox 1230 2011 1339 2067; x_wconf 87' lang='lat' dir='ltr'>hoc</span> <span class='ocrx_word' id='word_1_123' title='bbox 1380 2010 1621 2083; x_wconf 89' lang='lat' dir='ltr'>quidem</span> <span class='ocrx_word' id='word_1_124' title='bbox 1652 2026 1687 2065; x_wconf 90' lang='lat' dir='ltr'>a</span> <span class='ocrx_word' id='word_1_125' title='bbox 1716 2010 1834 2066; x_wconf 89' lang='lat' dir='ltr'>Deo</span> <span class='ocrx_word' id='word_1_126' title='bbox 1865 2026 1994 2066; x_wconf 88' lang='lat' dir='ltr'>esse</span> <span class='ocrx_word' id='word_1_127' title='bbox 2025 2025 2129 2081; x_wconf 85' lang='lat' dir='ltr'>po-</span> 
     </span>
    </p>
   </div>
   <div class='ocr_carea' id='block_1_21' title="bbox 476 2096 2129 2172">
    <p class='ocr_par' dir='ltr' id='par_1_21' title="bbox 476 2096 2129 2172">
     <span class='ocr_line' id='line_1_21' title="bbox 476 2096 2129 2172; baseline -0.001 -15"><span class='ocrx_word' id='word_1_128' title='bbox 476 2096 819 2157; x_wconf 83' lang='lat' dir='ltr'>stulandum</span> <span class='ocrx_word' id='word_1_129' title='bbox 847 2116 859 2154; x_wconf 93' lang='lat'>:</span> <span class='ocrx_word' id='word_1_130' title='bbox 885 2116 961 2156; x_wconf 91' lang='lat' dir='ltr'>an</span> <span class='ocrx_word' id='word_1_131' title='bbox 982 2100 1143 2156; x_wconf 91' lang='lat' dir='ltr'>enim</span> <span class='ocrx_word' id='word_1_132' title='bbox 1166 2104 1403 2172; x_wconf 86' lang='lat' dir='ltr'>putaret</span> <span class='ocrx_word' id='word_1_133' title='bbox 1425 2099 1537 2155; x_wconf 87' lang='lat' dir='ltr'>sibi</span> <span class='ocrx_word' id='word_1_134' title='bbox 1556 2098 1649 2154; x_wconf 85' lang='lat' dir='ltr'>vel</span> <span class='ocrx_word' id='word_1_135' title='bbox 1675 2098 1747 2155; x_wconf 93' lang='lat' dir='ltr'>de</span> <span class='ocrx_word' id='word_1_136' title='bbox 1776 2115 1916 2155; x_wconf 88' lang='lat' dir='ltr'>area</span> <span class='ocrx_word' id='word_1_137' title='bbox 1944 2097 2035 2154; x_wconf 88' lang='lat' dir='ltr'>vel</span> <span class='ocrx_word' id='word_1_138' title='bbox 2057 2099 2129 2155; x_wconf 91' lang='lat' dir='ltr'>de</span> 
     </span>
    </p>
   </div>
   <div class='ocr_carea' id='block_1_22' title="bbox 474 2188 2132 2262">
    <p class='ocr_par' dir='ltr' id='par_1_22' title="bbox 474 2188 2132 2262">
     <span class='ocr_line' id='line_1_22' title="bbox 474 2188 2132 2262; baseline -0.001 -16"><span class='ocrx_word' id='word_1_139' title='bbox 474 2188 757 2246; x_wconf 90' lang='lat' dir='ltr'>torculari</span> <span class='ocrx_word' id='word_1_140' title='bbox 779 2205 953 2261; x_wconf 90' lang='lat' dir='ltr'>posse</span> <span class='ocrx_word' id='word_1_141' title='bbox 976 2206 1149 2261; x_wconf 91' lang='lat' dir='ltr'>opem</span> <span class='ocrx_word' id='word_1_142' title='bbox 1170 2190 1276 2245; x_wconf 90' lang='lat' dir='ltr'>abs</span> <span class='ocrx_word' id='word_1_143' title='bbox 1298 2205 1434 2262; x_wconf 85' lang='lat' dir='ltr'>rege</span> <span class='ocrx_word' id='word_1_144' title='bbox 1458 2188 1643 2245; x_wconf 82' lang='lat' dir='ltr'>ferri?</span> <span class='ocrx_word' id='word_1_145' title='bbox 1665 2188 1873 2245; x_wconf 77' lang='lat' dir='ltr'>Mulier</span> <span class='ocrx_word' id='word_1_146' title='bbox 1890 2203 2132 2261; x_wconf 88' lang='lat' dir='ltr'>respon-</span> 
     </span>
    </p>
   </div>
   <div class='ocr_carea' id='block_1_23' title="bbox 473 2266 2129 2351">
    <p class='ocr_par' dir='ltr' id='par_1_23' title="bbox 473 2266 2129 2351">
     <span class='ocr_line' id='line_1_23' title="bbox 473 2266 2129 2351; baseline 0.001 -18"><span class='ocrx_word' id='word_1_147' title='bbox 473 2266 561 2333; x_wconf 88' lang='lat' dir='ltr'>dit</span> <span class='ocrx_word' id='word_1_148' title='bbox 590 2277 739 2334; x_wconf 90' lang='lat' dir='ltr'>nihil</span> <span class='ocrx_word' id='word_1_149' title='bbox 770 2278 883 2334; x_wconf 88' lang='lat' dir='ltr'>tale</span> <span class='ocrx_word' id='word_1_150' title='bbox 943 2294 1005 2333; x_wconf 89' lang='lat' dir='ltr'>se</span> <span class='ocrx_word' id='word_1_151' title='bbox 1071 2277 1606 2351; x_wconf 80' lang='lat' dir='ltr'>flagitare.Muliere</span> <span class='ocrx_word' id='word_1_152' title='bbox 1662 2277 1780 2334; x_wconf 90' lang='lat' dir='ltr'>alia</span> <span class='ocrx_word' id='word_1_153' title='bbox 1808 2282 1900 2347; x_wconf 91' lang='lat' dir='ltr'>(ea</span> <span class='ocrx_word' id='word_1_154' title='bbox 1927 2294 2129 2334; x_wconf 86' lang='lat' dir='ltr'>coram</span> 
     </span>
    </p>
   </div>
   <div class='ocr_carea' id='block_1_24' title="bbox 471 2366 2127 2440">
    <p class='ocr_par' dir='ltr' id='par_1_24' title="bbox 471 2366 2127 2440">
     <span class='ocr_line' id='line_1_24' title="bbox 471 2366 2127 2440; baseline -0.001 -17"><span class='ocrx_word' id='word_1_155' title='bbox 471 2367 699 2437; x_wconf 83' lang='lat' dir='ltr'>aderat)</span> <span class='ocrx_word' id='word_1_156' title='bbox 732 2368 815 2423; x_wconf 89' lang='lat' dir='ltr'>ita</span> <span class='ocrx_word' id='word_1_157' title='bbox 837 2372 1083 2440; x_wconf 85' lang='lat' dir='ltr'>rogante</span> <span class='ocrx_word' id='word_1_158' title='bbox 1112 2382 1283 2423; x_wconf 90' lang='lat' dir='ltr'>suum</span> <span class='ocrx_word' id='word_1_159' title='bbox 1316 2382 1378 2423; x_wconf 89' lang='lat' dir='ltr'>se</span> <span class='ocrx_word' id='word_1_160' title='bbox 1427 2367 1555 2423; x_wconf 90' lang='lat' dir='ltr'>heri</span> <span class='ocrx_word' id='word_1_161' title='bbox 1592 2366 1783 2422; x_wconf 80' lang='lat' dir='ltr'>tilium</span> <span class='ocrx_word' id='word_1_162' title='bbox 1814 2372 2127 2437; x_wconf 84' lang='lat' dir='ltr'>mactasse,</span> 
     </span>
    </p>
   </div>
   <div class='ocr_carea' id='block_1_25' title="bbox 469 2456 2127 2528">
    <p class='ocr_par' dir='ltr' id='par_1_25' title="bbox 469 2456 2127 2528">
     <span class='ocr_line' id='line_1_25' title="bbox 469 2456 2127 2528; baseline -0.001 -15"><span class='ocrx_word' id='word_1_163' title='bbox 469 2461 824 2527; x_wconf 89' lang='lat' dir='ltr'>coctumque</span> <span class='ocrx_word' id='word_1_164' title='bbox 855 2456 928 2513; x_wconf 91' lang='lat' dir='ltr'>ab</span> <span class='ocrx_word' id='word_1_165' title='bbox 952 2456 1097 2528; x_wconf 89' lang='lat' dir='ltr'>ipsis</span> <span class='ocrx_word' id='word_1_166' title='bbox 1119 2456 1519 2512; x_wconf 87' lang='lat' dir='ltr'>communiter</span> <span class='ocrx_word' id='word_1_167' title='bbox 1545 2473 1675 2512; x_wconf 86' lang='lat' dir='ltr'>esse</span> <span class='ocrx_word' id='word_1_168' title='bbox 1703 2456 2127 2512; x_wconf 90' lang='lat' dir='ltr'>manducatum</span> 
     </span>
    </p>
   </div>
   <div class='ocr_carea' id='block_1_26' title="bbox 470 2539 2127 2618">
    <p class='ocr_par' dir='ltr' id='par_1_26' title="bbox 470 2539 2127 2618">
     <span class='ocr_line' id='line_1_26' title="bbox 470 2539 2127 2618; baseline 0 -17"><span class='ocrx_word' id='word_1_169' title='bbox 470 2539 541 2602; x_wconf 86' lang='lat' dir='ltr'>ea</span> <span class='ocrx_word' id='word_1_170' title='bbox 570 2549 770 2601; x_wconf 91' lang='lat' dir='ltr'>autem</span> <span class='ocrx_word' id='word_1_171' title='bbox 795 2561 857 2601; x_wconf 90' lang='lat' dir='ltr'>se</span> <span class='ocrx_word' id='word_1_172' title='bbox 885 2543 947 2599; x_wconf 92' lang='lat' dir='ltr'>id</span> <span class='ocrx_word' id='word_1_173' title='bbox 967 2545 1095 2618; x_wconf 82' lang='lat' dir='ltr'>lege</span> <span class='ocrx_word' id='word_1_174' title='bbox 1135 2544 1370 2613; x_wconf 84' lang='lat' dir='ltr'>fecisse,</span> <span class='ocrx_word' id='word_1_175' title='bbox 1392 2551 1460 2601; x_wconf 89' lang='lat' dir='ltr'>ut</span> <span class='ocrx_word' id='word_1_176' title='bbox 1502 2544 1788 2618; x_wconf 86' lang='lat' dir='ltr'>postridie</span> <span class='ocrx_word' id='word_1_177' title='bbox 1818 2545 1925 2601; x_wconf 87' lang='lat' dir='ltr'>illa</span> <span class='ocrx_word' id='word_1_178' title='bbox 1953 2561 2127 2601; x_wconf 90' lang='lat' dir='ltr'>suum</span> 
     </span>
    </p>
   </div>
   <div class='ocr_carea' id='block_1_27' title="bbox 472 2628 2125 2708">
    <p class='ocr_par' dir='ltr' id='par_1_27' title="bbox 472 2628 2125 2708">
     <span class='ocr_line' id='line_1_27' title="bbox 472 2628 2125 2708; baseline -0.001 -16"><span class='ocrx_word' id='word_1_179' title='bbox 472 2628 546 2692; x_wconf 81' lang='lat' dir='ltr'>ad</span> <span class='ocrx_word' id='word_1_180' title='bbox 575 2652 804 2693; x_wconf 72' lang='lat' dir='ltr'>cmnam</span> <span class='ocrx_word' id='word_1_181' title='bbox 835 2634 1147 2708; x_wconf 77' lang='lat' dir='ltr'>praeberet,</span> <span class='ocrx_word' id='word_1_182' title='bbox 1184 2652 1361 2708; x_wconf 89' lang='lat' dir='ltr'>quem</span> <span class='ocrx_word' id='word_1_183' title='bbox 1415 2636 1592 2692; x_wconf 85' lang='lat' dir='ltr'>hodie</span> <span class='ocrx_word' id='word_1_184' title='bbox 1624 2637 1753 2708; x_wconf 90' lang='lat' dir='ltr'>ipsa</span> <span class='ocrx_word' id='word_1_185' title='bbox 1778 2634 2125 2693; x_wconf 72' lang='lat' dir='ltr'>abscondat.</span> 
     </span>
    </p>
   </div>
   <div class='ocr_carea' id='block_1_28' title="bbox 471 2725 2127 2797">
    <p class='ocr_par' dir='ltr' id='par_1_28' title="bbox 471 2725 2127 2797">
     <span class='ocr_line' id='line_1_28' title="bbox 471 2725 2127 2797; baseline -0.001 -16"><span class='ocrx_word' id='word_1_186' title='bbox 471 2727 590 2782; x_wconf 88' lang='lat' dir='ltr'>Hoc</span> <span class='ocrx_word' id='word_1_187' title='bbox 610 2725 811 2781; x_wconf 88' lang='lat' dir='ltr'>audito</span> <span class='ocrx_word' id='word_1_188' title='bbox 834 2741 935 2781; x_wconf 86' lang='lat' dir='ltr'>rex</span> <span class='ocrx_word' id='word_1_189' title='bbox 955 2725 1307 2781; x_wconf 82' lang='lat' dir='ltr'>vestimenta</span> <span class='ocrx_word' id='word_1_190' title='bbox 1328 2741 1436 2782; x_wconf 92' lang='lat' dir='ltr'>sua</span> <span class='ocrx_word' id='word_1_191' title='bbox 1455 2725 1754 2794; x_wconf 84' lang='lat' dir='ltr'>laceravit,</span> <span class='ocrx_word' id='word_1_192' title='bbox 1787 2725 2127 2797; x_wconf 86' lang='lat' dir='ltr'>conspexit—</span> 
     </span>
    </p>
   </div>
   <div class='ocr_carea' id='block_1_29' title="bbox 471 2813 2120 2888">
    <p class='ocr_par' dir='ltr' id='par_1_29' title="bbox 471 2813 2120 2888">
     <span class='ocr_line' id='line_1_29' title="bbox 471 2813 2120 2888; baseline 0.001 -18"><span class='ocrx_word' id='word_1_193' title='bbox 471 2831 586 2887; x_wconf 89' lang='lat' dir='ltr'>que</span> <span class='ocrx_word' id='word_1_194' title='bbox 618 2813 872 2886; x_wconf 88' lang='lat' dir='ltr'>p0pulus</span> <span class='ocrx_word' id='word_1_195' title='bbox 898 2830 1136 2870; x_wconf 89' lang='lat' dir='ltr'>saccum</span> <span class='ocrx_word' id='word_1_196' title='bbox 1184 2831 1302 2885; x_wconf 91' lang='lat' dir='ltr'>quo</span> <span class='ocrx_word' id='word_1_197' title='bbox 1357 2814 1508 2870; x_wconf 91' lang='lat' dir='ltr'>cutis</span> <span class='ocrx_word' id='word_1_198' title='bbox 1542 2814 1696 2888; x_wconf 90' lang='lat' dir='ltr'>regis</span> <span class='ocrx_word' id='word_1_199' title='bbox 1728 2815 1946 2871; x_wconf 88' lang='lat' dir='ltr'>amicta</span> <span class='ocrx_word' id='word_1_200' title='bbox 1975 2816 2120 2871; x_wconf 82' lang='lat' dir='ltr'>erat.</span> 
     </span>
    </p>
   </div>
   <div class='ocr_carea' id='block_1_30' title="bbox 472 2904 2121 2973">
    <p class='ocr_par' dir='ltr' id='par_1_30' title="bbox 472 2904 2121 2973">
     <span class='ocr_line' id='line_1_30' title="bbox 472 2904 2121 2973; baseline 0.001 -12"><span class='ocrx_word' id='word_1_201' title='bbox 472 2904 626 2961; x_wconf 89' lang='lat' dir='ltr'>Diris</span> <span class='ocrx_word' id='word_1_202' title='bbox 655 2910 856 2962; x_wconf 91' lang='lat' dir='ltr'>autem</span> <span class='ocrx_word' id='word_1_203' title='bbox 888 2910 1015 2961; x_wconf 92' lang='lat' dir='ltr'>tum</span> <span class='ocrx_word' id='word_1_204' title='bbox 1038 2905 1545 2962; x_wconf 85' lang='lat' dir='ltr'>exsecrationibus</span> <span class='ocrx_word' id='word_1_205' title='bbox 1577 2922 1709 2962; x_wconf 89' lang='lat' dir='ltr'>sese</span> <span class='ocrx_word' id='word_1_206' title='bbox 1739 2921 1842 2962; x_wconf 84' lang='lat' dir='ltr'>rex</span> <span class='ocrx_word' id='word_1_207' title='bbox 1871 2905 2121 2973; x_wconf 88' lang='lat' dir='ltr'>devovit,</span> 
     </span>
    </p>
   </div>
   <div class='ocr_carea' id='block_1_31' title="bbox 469 2993 2123 3068">
    <p class='ocr_par' dir='ltr' id='par_1_31' title="bbox 469 2993 2123 3068">
     <span class='ocr_line' id='line_1_31' title="bbox 469 2993 2123 3068; baseline 0 -17"><span class='ocrx_word' id='word_1_208' title='bbox 469 2995 587 3052; x_wconf 91' lang='lat' dir='ltr'>nisi</span> <span class='ocrx_word' id='word_1_209' title='bbox 619 3012 688 3051; x_wconf 93' lang='lat' dir='ltr'>eo</span> <span class='ocrx_word' id='word_1_210' title='bbox 719 2995 847 3067; x_wconf 89' lang='lat' dir='ltr'>ipso</span> <span class='ocrx_word' id='word_1_211' title='bbox 908 2993 1003 3050; x_wconf 90' lang='lat' dir='ltr'>die</span> <span class='ocrx_word' id='word_1_212' title='bbox 1061 2993 1344 3051; x_wconf 69' lang='lat' dir='ltr'>Elisasum</span> <span class='ocrx_word' id='word_1_213' title='bbox 1401 2995 1595 3068; x_wconf 87' lang='lat' dir='ltr'>capite</span> <span class='ocrx_word' id='word_1_214' title='bbox 1652 3000 2006 3051; x_wconf 87' lang='lat' dir='ltr'>truncasset.</span> <span class='ocrx_word' id='word_1_215' title='bbox 2041 2996 2123 3051; x_wconf 83' lang='lat' dir='ltr'>Ac</span> 
     </span>
    </p>
   </div>
   <div class='ocr_carea' id='block_1_32' title="bbox 467 3083 2123 3157">
    <p class='ocr_par' dir='ltr' id='par_1_32' title="bbox 467 3083 2123 3157">
     <span class='ocr_line' id='line_1_32' title="bbox 467 3083 2123 3157; baseline -0.002 -16"><span class='ocrx_word' id='word_1_216' title='bbox 467 3084 633 3141; x_wconf 89' lang='lat' dir='ltr'>misit</span> <span class='ocrx_word' id='word_1_217' title='bbox 661 3100 795 3141; x_wconf 92' lang='lat' dir='ltr'>eum</span> <span class='ocrx_word' id='word_1_218' title='bbox 828 3083 930 3156; x_wconf 88' lang='lat' dir='ltr'>qui</span> <span class='ocrx_word' id='word_1_219' title='bbox 960 3099 996 3139; x_wconf 92' lang='lat' dir='ltr'>a</span> <span class='ocrx_word' id='word_1_220' title='bbox 1024 3098 1161 3157; x_wconf 87' lang='lat' dir='ltr'>rege</span> <span class='ocrx_word' id='word_1_221' title='bbox 1202 3089 1329 3139; x_wconf 89' lang='lat' dir='ltr'>erat</span> <span class='ocrx_word' id='word_1_222' title='bbox 1358 3085 1571 3140; x_wconf 88' lang='lat' dir='ltr'>tertius</span> <span class='ocrx_word' id='word_1_223' title='bbox 1600 3100 1668 3140; x_wconf 89' lang='lat' dir='ltr'>ac</span> <span class='ocrx_word' id='word_1_224' title='bbox 1697 3084 1944 3141; x_wconf 90' lang='lat' dir='ltr'>intimus</span> <span class='ocrx_word' id='word_1_225' title='bbox 1968 3084 2123 3156; x_wconf 88' lang='lat' dir='ltr'>regis</span> 
     </span>
    </p>
   </div>
   <div class='ocr_carea' id='block_1_33' title="bbox 469 3172 2124 3230">
    <p class='ocr_par' dir='ltr' id='par_1_33' title="bbox 469 3172 2124 3230">
     <span class='ocr_line' id='line_1_33' title="bbox 469 3172 2124 3230; baseline -0.001 -1"><span class='ocrx_word' id='word_1_226' title='bbox 469 3172 725 3230; x_wconf 87' lang='lat' dir='ltr'>satelles.</span> <span class='ocrx_word' id='word_1_227' title='bbox 787 3172 934 3228; x_wconf 80' lang='lat' dir='ltr'>Huic</span> <span class='ocrx_word' id='word_1_228' title='bbox 990 3179 1147 3228; x_wconf 89' lang='lat' dir='ltr'>vates</span> <span class='ocrx_word' id='word_1_229' title='bbox 1198 3173 1281 3229; x_wconf 90' lang='lat' dir='ltr'>ita</span> <span class='ocrx_word' id='word_1_230' title='bbox 1335 3178 1426 3229; x_wconf 90' lang='lat' dir='ltr'>est</span> <span class='ocrx_word' id='word_1_231' title='bbox 1484 3174 1754 3230; x_wconf 88' lang='lat' dir='ltr'>locutus:</span> <span class='ocrx_word' id='word_1_232' title='bbox 1792 3192 1816 3226; x_wconf 71' lang='grc' dir='ltr'>ι</span> <span class='ocrx_word' id='word_1_233' title='bbox 1850 3176 1937 3229; x_wconf 88' lang='lat' dir='ltr'>Ita</span> <span class='ocrx_word' id='word_1_234' title='bbox 1964 3173 2124 3229; x_wconf 87' lang='lat' dir='ltr'>fatur</span> 
     </span>
    </p>
   </div>
   <div class='ocr_carea' id='block_1_34' title="bbox 469 3260 2123 3320">
    <p class='ocr_par' dir='ltr' id='par_1_34' title="bbox 469 3260 2123 3320">
     <span class='ocr_line' id='line_1_34' title="bbox 469 3260 2123 3320; baseline -0.001 -2"><span class='ocrx_word' id='word_1_235' title='bbox 469 3264 663 3319; x_wconf 87' lang='lat' dir='ltr'>Deus:</span> <span class='ocrx_word' id='word_1_236' title='bbox 697 3260 839 3318; x_wconf 88' lang='lat' dir='ltr'>Cras</span> <span class='ocrx_word' id='word_1_237' title='bbox 869 3263 978 3318; x_wconf 91' lang='lat' dir='ltr'>hac</span> <span class='ocrx_word' id='word_1_238' title='bbox 1008 3261 1217 3318; x_wconf 89' lang='lat' dir='ltr'>eadem</span> <span class='ocrx_word' id='word_1_239' title='bbox 1265 3262 1412 3319; x_wconf 91' lang='lat' dir='ltr'>hora</span> <span class='ocrx_word' id='word_1_240' title='bbox 1459 3279 1740 3319; x_wconf 89' lang='lat' dir='ltr'>mensura</span> <span class='ocrx_word' id='word_1_241' title='bbox 1769 3263 1923 3320; x_wconf 73' lang='lat'>188</span> <span class='ocrx_word' id='word_1_242' title='bbox 1955 3263 2123 3317; x_wconf 90' lang='lat' dir='ltr'>simi-</span> 
     </span>
    </p>
   </div>
   <div class='ocr_carea' id='block_1_35' title="bbox 468 3350 2127 3424">
    <p class='ocr_par' dir='ltr' id='par_1_35' title="bbox 468 3350 2127 3424">
     <span class='ocr_line' id='line_1_35' title="bbox 468 3350 2127 3424; baseline -0.001 -16"><span class='ocrx_word' id='word_1_243' title='bbox 468 3350 681 3424; x_wconf 87' lang='lat' dir='ltr'>laginis</span> <span class='ocrx_word' id='word_1_244' title='bbox 712 3351 858 3407; x_wconf 91' lang='lat' dir='ltr'>siclo</span> <span class='ocrx_word' id='word_1_245' title='bbox 891 3356 950 3405; x_wconf 91' lang='lat' dir='ltr'>et</span> <span class='ocrx_word' id='word_1_246' title='bbox 979 3350 1111 3406; x_wconf 71' lang='lat' dir='ltr'>dum</span> <span class='ocrx_word' id='word_1_247' title='bbox 1136 3366 1434 3407; x_wconf 85' lang='lat' dir='ltr'>mensurae</span> <span class='ocrx_word' id='word_1_248' title='bbox 1455 3351 1665 3407; x_wconf 90' lang='lat' dir='ltr'>hordei</span> <span class='ocrx_word' id='word_1_249' title='bbox 1695 3351 1840 3407; x_wconf 88' lang='lat' dir='ltr'>siclo</span> <span class='ocrx_word' id='word_1_250' title='bbox 1870 3350 2127 3406; x_wconf 90' lang='lat' dir='ltr'>venden-</span> 
     </span>
    </p>
   </div>
   <div class='ocr_carea' id='block_1_36' title="bbox 462 3438 2117 3514">
    <p class='ocr_par' dir='ltr' id='par_1_36' title="bbox 462 3438 2117 3514">
     <span class='ocr_line' id='line_1_36' title="bbox 462 3438 2117 3514; baseline -0.002 -16"><span class='ocrx_word' id='word_1_251' title='bbox 462 3447 562 3498; x_wconf 89' lang='lat' dir='ltr'>tur</span> <span class='ocrx_word' id='word_1_252' title='bbox 586 3443 649 3496; x_wconf 92' lang='lat' dir='ltr'>in</span> <span class='ocrx_word' id='word_1_253' title='bbox 696 3440 883 3514; x_wconf 90' lang='lat' dir='ltr'>portis</span> <span class='ocrx_word' id='word_1_254' title='bbox 914 3440 1212 3496; x_wconf 83' lang='lat' dir='ltr'>Samariae.</span> <span class='ocrx_word' id='word_1_255' title='bbox 1249 3463 1276 3491; x_wconf 83' lang='lat'><strong><em>»</em></strong></span> <span class='ocrx_word' id='word_1_256' title='bbox 1332 3446 1409 3498; x_wconf 79' lang='lat' dir='ltr'>At</span> <span class='ocrx_word' id='word_1_257' title='bbox 1464 3440 1562 3496; x_wconf 89' lang='lat' dir='ltr'>ille</span> <span class='ocrx_word' id='word_1_258' title='bbox 1591 3439 1859 3497; x_wconf 88' lang='lat' dir='ltr'>satelles:</span> <span class='ocrx_word' id='word_1_259' title='bbox 1895 3462 1923 3490; x_wconf 86' lang='lat'>«</span> <span class='ocrx_word' id='word_1_260' title='bbox 1954 3441 2035 3496; x_wconf 87' lang='lat' dir='ltr'>Ne</span> <span class='ocrx_word' id='word_1_261' title='bbox 2068 3438 2117 3495; x_wconf 89' lang='lat' dir='ltr'>si</span> 
     </span>
    </p>
   </div>
   <div class='ocr_carea' id='block_1_37' title="bbox 462 3529 2118 3604">
    <p class='ocr_par' dir='ltr' id='par_1_37' title="bbox 462 3529 2118 3604">
     <span class='ocr_line' id='line_1_37' title="bbox 462 3529 2118 3604; baseline -0.001 -17"><span class='ocrx_word' id='word_1_262' title='bbox 462 3530 708 3604; x_wconf 89' lang='lat' dir='ltr'>quidem</span> <span class='ocrx_word' id='word_1_263' title='bbox 727 3530 1022 3586; x_wconf 71' lang='lat' dir='ltr'>fenestras</span> <span class='ocrx_word' id='word_1_264' title='bbox 1053 3529 1184 3586; x_wconf 74' lang='lat' dir='ltr'>coeli</span> <span class='ocrx_word' id='word_1_265' title='bbox 1215 3530 1441 3603; x_wconf 88' lang='lat' dir='ltr'>aperiat</span> <span class='ocrx_word' id='word_1_266' title='bbox 1472 3531 1776 3597; x_wconf 88' lang='lat' dir='ltr'>Deus,hoc</span> <span class='ocrx_word' id='word_1_267' title='bbox 1798 3529 1920 3586; x_wconf 91' lang='lat' dir='ltr'>ullo</span> <span class='ocrx_word' id='word_1_268' title='bbox 1945 3529 2118 3585; x_wconf 89' lang='lat' dir='ltr'>modo</span> 
     </span>
    </p>
   </div>
   <div class='ocr_carea' id='block_1_38' title="bbox 468 3617 2122 3693">
    <p class='ocr_par' dir='ltr' id='par_1_38' title="bbox 468 3617 2122 3693">
     <span class='ocr_line' id='line_1_38' title="bbox 468 3617 2122 3693; baseline -0.001 -17"><span class='ocrx_word' id='word_1_269' title='bbox 468 3618 597 3677; x_wconf 82' lang='lat' dir='ltr'>fieri</span> <span class='ocrx_word' id='word_1_270' title='bbox 620 3623 833 3693; x_wconf 89' lang='lat' dir='ltr'>potest.</span> <span class='ocrx_word' id='word_1_271' title='bbox 850 3637 877 3669; x_wconf 79' lang='grc' dir='ltr'>ιι</span> <span class='ocrx_word' id='word_1_272' title='bbox 906 3617 1154 3674; x_wconf 72' lang='lat' dir='ltr'>Elisaaus</span> <span class='ocrx_word' id='word_1_273' title='bbox 1175 3624 1414 3674; x_wconf 87' lang='lat' dir='ltr'>contra:</span> <span class='ocrx_word' id='word_1_274' title='bbox 1439 3640 1463 3671; x_wconf 75' lang='grc' dir='ltr'>ιι</span> <span class='ocrx_word' id='word_1_275' title='bbox 1491 3620 1662 3688; x_wconf 89' lang='lat' dir='ltr'>Sane,</span> <span class='ocrx_word' id='word_1_276' title='bbox 1683 3618 2021 3690; x_wconf 87' lang='lat' dir='ltr'>inquit,hoc</span> <span class='ocrx_word' id='word_1_277' title='bbox 2039 3618 2122 3674; x_wconf 89' lang='lat' dir='ltr'>ita</span> 
     </span>
    </p>
   </div>
   <div class='ocr_carea' id='block_1_39' title="bbox 468 3705 2123 3781">
    <p class='ocr_par' dir='ltr' id='par_1_39' title="bbox 468 3705 2123 3781">
     <span class='ocr_line' id='line_1_39' title="bbox 468 3705 2123 3781; baseline -0.002 -16"><span class='ocrx_word' id='word_1_278' title='bbox 468 3709 599 3765; x_wconf 83' lang='lat' dir='ltr'>fieri</span> <span class='ocrx_word' id='word_1_279' title='bbox 649 3707 837 3765; x_wconf 93' lang='lat' dir='ltr'>oculis</span> <span class='ocrx_word' id='word_1_280' title='bbox 866 3705 985 3763; x_wconf 91' lang='lat' dir='ltr'>tuis</span> <span class='ocrx_word' id='word_1_281' title='bbox 1015 3706 1259 3773; x_wconf 87' lang='lat' dir='ltr'>videbis,</span> <span class='ocrx_word' id='word_1_282' title='bbox 1294 3724 1489 3781; x_wconf 90' lang='lat' dir='ltr'>neque</span> <span class='ocrx_word' id='word_1_283' title='bbox 1538 3713 1737 3765; x_wconf 91' lang='lat' dir='ltr'>tamen</span> <span class='ocrx_word' id='word_1_284' title='bbox 1786 3706 1922 3763; x_wconf 91' lang='lat' dir='ltr'>inde</span> <span class='ocrx_word' id='word_1_285' title='bbox 1955 3705 2123 3779; x_wconf 90' lang='lat' dir='ltr'>quid-</span> 
     </span>
    </p>
   </div>
   <div class='ocr_carea' id='block_1_40' title="bbox 470 3797 2122 3872">
    <p class='ocr_par' dir='ltr' id='par_1_40' title="bbox 470 3797 2122 3872">
     <span class='ocr_line' id='line_1_40' title="bbox 470 3797 2122 3872; baseline -0.001 -18"><span class='ocrx_word' id='word_1_286' title='bbox 470 3814 651 3872; x_wconf 87' lang='lat' dir='ltr'>quam</span> <span class='ocrx_word' id='word_1_287' title='bbox 688 3797 972 3872; x_wconf 88' lang='lat' dir='ltr'>gustabis.</span> <span class='ocrx_word' id='word_1_288' title='bbox 1008 3819 1038 3849; x_wconf 82' lang='lat'><strong>»</strong></span> <span class='ocrx_word' id='word_1_289' title='bbox 1071 3799 1153 3854; x_wconf 89' lang='lat' dir='ltr'>Ea</span> <span class='ocrx_word' id='word_1_290' title='bbox 1208 3798 1338 3870; x_wconf 89' lang='lat' dir='ltr'>ipsa</span> <span class='ocrx_word' id='word_1_291' title='bbox 1394 3803 1567 3855; x_wconf 89' lang='lat' dir='ltr'>nocte</span> <span class='ocrx_word' id='word_1_292' title='bbox 1599 3804 1853 3871; x_wconf 90' lang='lat' dir='ltr'>quatuor</span> <span class='ocrx_word' id='word_1_293' title='bbox 1902 3797 2122 3871; x_wconf 89' lang='lat' dir='ltr'>leprosi</span> 
     </span>
    </p>
   </div>
   <div class='ocr_carea' id='block_1_41' title="bbox 476 3884 2123 3961">
    <p class='ocr_par' dir='ltr' id='par_1_41' title="bbox 476 3884 2123 3961">
     <span class='ocr_line' id='line_1_41' title="bbox 476 3884 2123 3961; baseline -0.001 -17"><span class='ocrx_word' id='word_1_294' title='bbox 476 3889 578 3961; x_wconf 87' lang='lat' dir='ltr'>qui</span> <span class='ocrx_word' id='word_1_295' title='bbox 611 3888 686 3944; x_wconf 91' lang='lat' dir='ltr'>ad</span> <span class='ocrx_word' id='word_1_296' title='bbox 715 3888 881 3944; x_wconf 88' lang='lat' dir='ltr'>urbis</span> <span class='ocrx_word' id='word_1_297' title='bbox 911 3892 1143 3960; x_wconf 88' lang='lat' dir='ltr'>portam</span> <span class='ocrx_word' id='word_1_298' title='bbox 1175 3887 1547 3956; x_wconf 88' lang='lat' dir='ltr'>desidebant,</span> <span class='ocrx_word' id='word_1_299' title='bbox 1580 3884 1737 3946; x_wconf 87' lang='lat' dir='ltr'>fame</span> <span class='ocrx_word' id='word_1_300' title='bbox 1759 3888 2021 3961; x_wconf 89' lang='lat' dir='ltr'>superati</span> <span class='ocrx_word' id='word_1_301' title='bbox 2049 3887 2123 3943; x_wconf 89' lang='lat' dir='ltr'>ad</span> 
     </span>
    </p>
   </div>
   <div class='ocr_carea' id='block_1_42' title="bbox 472 3978 2125 4052">
    <p class='ocr_par' dir='ltr' id='par_1_42' title="bbox 472 3978 2125 4052">
     <span class='ocr_line' id='line_1_42' title="bbox 472 3978 2125 4052; baseline -0.001 -18"><span class='ocrx_word' id='word_1_302' title='bbox 472 3979 676 4035; x_wconf 90' lang='lat' dir='ltr'>hostes</span> <span class='ocrx_word' id='word_1_303' title='bbox 706 3978 1073 4050; x_wconf 76' lang='lat' dir='ltr'>transfugere</span> <span class='ocrx_word' id='word_1_304' title='bbox 1105 3984 1460 4036; x_wconf 88' lang='lat' dir='ltr'>statuerunt.</span> <span class='ocrx_word' id='word_1_305' title='bbox 1484 3979 1526 4034; x_wconf 93' lang='lat' dir='ltr'>1i</span> <span class='ocrx_word' id='word_1_306' title='bbox 1551 3996 1685 4035; x_wconf 91' lang='lat' dir='ltr'>cum</span> <span class='ocrx_word' id='word_1_307' title='bbox 1716 3995 1823 4052; x_wconf 88' lang='lat' dir='ltr'>per</span> <span class='ocrx_word' id='word_1_308' title='bbox 1848 3979 2125 4035; x_wconf 87' lang='lat' dir='ltr'>tenebras</span> 
     </span>
    </p>
   </div>
   <div class='ocr_carea' id='block_1_43' title="bbox 472 4068 2123 4141">
    <p class='ocr_par' dir='ltr' id='par_1_43' title="bbox 472 4068 2123 4141">
     <span class='ocr_line' id='line_1_43' title="bbox 472 4068 2123 4141; baseline -0.001 -17"><span class='ocrx_word' id='word_1_309' title='bbox 472 4068 753 4141; x_wconf 87' lang='lat' dir='ltr'>Syrorum</span> <span class='ocrx_word' id='word_1_310' title='bbox 785 4072 979 4124; x_wconf 87' lang='lat' dir='ltr'>castra</span> <span class='ocrx_word' id='word_1_311' title='bbox 1008 4073 1206 4124; x_wconf 89' lang='lat' dir='ltr'>essent</span> <span class='ocrx_word' id='word_1_312' title='bbox 1236 4069 1504 4141; x_wconf 87' lang='lat' dir='ltr'>ingressi,</span> <span class='ocrx_word' id='word_1_313' title='bbox 1538 4069 1839 4124; x_wconf 90' lang='lat' dir='ltr'>neminem</span> <span class='ocrx_word' id='word_1_314' title='bbox 1880 4068 2123 4124; x_wconf 91' lang='lat' dir='ltr'>omnino</span> 
     </span>
    </p>
   </div>
   <div class='ocr_carea' id='block_1_44' title="bbox 471 4155 2130 4228">
    <p class='ocr_par' dir='ltr' id='par_1_44' title="bbox 471 4155 2130 4228">
     <span class='ocr_line' id='line_1_44' title="bbox 471 4155 2130 4228; baseline 0 -16"><span class='ocrx_word' id='word_1_315' title='bbox 471 4158 778 4212; x_wconf 90' lang='lat' dir='ltr'>hominem</span> <span class='ocrx_word' id='word_1_316' title='bbox 809 4155 890 4211; x_wconf 90' lang='lat' dir='ltr'>ibi</span> <span class='ocrx_word' id='word_1_317' title='bbox 936 4161 1305 4228; x_wconf 85' lang='lat' dir='ltr'>repererunt.</span> <span class='ocrx_word' id='word_1_318' title='bbox 1348 4157 1582 4212; x_wconf 87' lang='lat' dir='ltr'>Etenim</span> <span class='ocrx_word' id='word_1_319' title='bbox 1630 4158 1783 4213; x_wconf 90' lang='lat' dir='ltr'>Deus</span> <span class='ocrx_word' id='word_1_320' title='bbox 1813 4158 2035 4214; x_wconf 85' lang='lat' dir='ltr'>fecerat</span> <span class='ocrx_word' id='word_1_321' title='bbox 2061 4162 2130 4212; x_wconf 90' lang='lat' dir='ltr'>ut</span> 
     </span>
    </p>
   </div>
   <div class='ocr_carea' id='block_1_45' title="bbox 472 4243 2125 4319">
    <p class='ocr_par' dir='ltr' id='par_1_45' title="bbox 472 4243 2125 4319">
     <span class='ocr_line' id='line_1_45' title="bbox 472 4243 2125 4319; baseline 0.001 -20"><span class='ocrx_word' id='word_1_322' title='bbox 472 4245 533 4300; x_wconf 92' lang='lat' dir='ltr'>in</span> <span class='ocrx_word' id='word_1_323' title='bbox 566 4246 640 4301; x_wconf 91' lang='lat' dir='ltr'>iis</span> <span class='ocrx_word' id='word_1_324' title='bbox 670 4243 881 4301; x_wconf 89' lang='lat' dir='ltr'>castris</span> <span class='ocrx_word' id='word_1_325' title='bbox 912 4246 1144 4300; x_wconf 89' lang='lat' dir='ltr'>sonitus</span> <span class='ocrx_word' id='word_1_326' title='bbox 1166 4244 1779 4317; x_wconf 71' lang='lat' dir='ltr'>curruum,&#39;equorum</span> <span class='ocrx_word' id='word_1_327' title='bbox 1810 4248 2125 4319; x_wconf 85' lang='lat' dir='ltr'>magnique</span> 
     </span>
    </p>
   </div>
   <div class='ocr_carea' id='block_1_46' title="bbox 473 4334 2127 4407">
    <p class='ocr_par' dir='ltr' id='par_1_46' title="bbox 473 4334 2127 4407">
     <span class='ocr_line' id='line_1_46' title="bbox 473 4334 2127 4407; baseline 0.002 -18"><span class='ocrx_word' id='word_1_328' title='bbox 473 4335 766 4389; x_wconf 86' lang='lat' dir='ltr'>exercitus</span> <span class='ocrx_word' id='word_1_329' title='bbox 792 4334 1134 4402; x_wconf 89' lang='lat' dir='ltr'>audiretur;</span> <span class='ocrx_word' id='word_1_330' title='bbox 1185 4352 1302 4406; x_wconf 88' lang='lat' dir='ltr'>quo</span> <span class='ocrx_word' id='word_1_331' title='bbox 1352 4336 1649 4407; x_wconf 88' lang='lat' dir='ltr'>perterriti</span> <span class='ocrx_word' id='word_1_332' title='bbox 1680 4337 1809 4407; x_wconf 85' lang='lat' dir='ltr'>Syri</span> <span class='ocrx_word' id='word_1_333' title='bbox 1848 4337 2127 4392; x_wconf 89' lang='lat' dir='ltr'>omnibus</span> 
     </span>
    </p>
   </div>
   <div class='ocr_carea' id='block_1_47' title="bbox 473 4419 2125 4496">
    <p class='ocr_par' dir='ltr' id='par_1_47' title="bbox 473 4419 2125 4496">
     <span class='ocr_line' id='line_1_47' title="bbox 473 4419 2125 4496; baseline 0.004 -22"><span class='ocrx_word' id='word_1_334' title='bbox 473 4419 650 4475; x_wconf 89' lang='lat' dir='ltr'>rebus</span> <span class='ocrx_word' id='word_1_335' title='bbox 703 4420 928 4476; x_wconf 89' lang='lat' dir='ltr'>relictis</span> <span class='ocrx_word' id='word_1_336' title='bbox 976 4421 1039 4476; x_wconf 92' lang='lat' dir='ltr'>in</span> <span class='ocrx_word' id='word_1_337' title='bbox 1092 4422 1353 4478; x_wconf 89' lang='lat' dir='ltr'>tenebris</span> <span class='ocrx_word' id='word_1_338' title='bbox 1409 4423 1740 4496; x_wconf 85' lang='lat' dir='ltr'>profugere.</span> <span class='ocrx_word' id='word_1_339' title='bbox 1782 4425 1970 4490; x_wconf 86' lang='lat' dir='ltr'>Quam</span> <span class='ocrx_word' id='word_1_340' title='bbox 2000 4441 2125 4480; x_wconf 84' lang='lat' dir='ltr'>rem</span> 
     </span>
    </p>
   </div>
   <div class='ocr_carea' id='block_1_48' title="bbox 475 4508 2127 4581">
    <p class='ocr_par' dir='ltr' id='par_1_48' title="bbox 475 4508 2127 4581">
     <span class='ocr_line' id='line_1_48' title="bbox 475 4508 2127 4581; baseline 0.003 -16"><span class='ocrx_word' id='word_1_341' title='bbox 475 4525 612 4565; x_wconf 88' lang='lat' dir='ltr'>cum</span> <span class='ocrx_word' id='word_1_342' title='bbox 670 4508 887 4581; x_wconf 88' lang='lat' dir='ltr'>leprosi</span> <span class='ocrx_word' id='word_1_343' title='bbox 946 4509 1008 4565; x_wconf 90' lang='lat' dir='ltr'>in</span> <span class='ocrx_word' id='word_1_344' title='bbox 1061 4510 1273 4567; x_wconf 91' lang='lat' dir='ltr'>urbem</span> <span class='ocrx_word' id='word_1_345' title='bbox 1326 4512 1791 4579; x_wconf 89' lang='lat' dir='ltr'>renuntiassent,</span> <span class='ocrx_word' id='word_1_346' title='bbox 1832 4514 1997 4569; x_wconf 91' lang='lat' dir='ltr'>misit</span> <span class='ocrx_word' id='word_1_347' title='bbox 2024 4531 2127 4570; x_wconf 84' lang='lat' dir='ltr'>rex</span> 
     </span>
    </p>
   </div>
   <div class='ocr_carea' id='block_1_49' title="bbox 477 4598 2122 4673">
    <p class='ocr_par' dir='ltr' id='par_1_49' title="bbox 477 4598 2122 4673">
     <span class='ocr_line' id='line_1_49' title="bbox 477 4598 2122 4673; baseline 0.003 -18"><span class='ocrx_word' id='word_1_348' title='bbox 477 4598 766 4673; x_wconf 90' lang='lat' dir='ltr'>quosdam</span> <span class='ocrx_word' id='word_1_349' title='bbox 783 4599 1152 4672; x_wconf 88' lang='lat' dir='ltr'>exploratum</span> <span class='ocrx_word' id='word_1_350' title='bbox 1173 4617 1327 4657; x_wconf 89' lang='lat' dir='ltr'>anne</span> <span class='ocrx_word' id='word_1_351' title='bbox 1345 4602 1405 4658; x_wconf 92' lang='lat' dir='ltr'>id</span> <span class='ocrx_word' id='word_1_352' title='bbox 1422 4602 1707 4661; x_wconf 88' lang='lat' dir='ltr'>indicium</span> <span class='ocrx_word' id='word_1_353' title='bbox 1728 4619 1929 4659; x_wconf 86' lang='lat' dir='ltr'>verum</span> <span class='ocrx_word' id='word_1_354' title='bbox 1948 4608 2122 4660; x_wconf 88' lang='lat' dir='ltr'>esset.</span> 
     </span>
    </p>
   </div>
   <div class='ocr_carea' id='block_1_50' title="bbox 2235 663 3887 744">
    <p class='ocr_par' dir='ltr' id='par_1_50' title="bbox 2235 663 3887 744">
     <span class='ocr_line' id='line_1_50' title="bbox 2235 663 3887 744; baseline -0.002 -23"><span class='ocrx_word' id='word_1_355' title='bbox 2235 666 2426 744; x_wconf 79' lang='grc' dir='ltr'><strong>γόντες</strong></span> <span class='ocrx_word' id='word_1_356' title='bbox 2455 664 2708 738; x_wconf 75' lang='grc' dir='ltr'><strong>ἀπῆλθον</strong></span> <span class='ocrx_word' id='word_1_357' title='bbox 2735 665 2874 742; x_wconf 84' lang='grc' dir='ltr'><strong>πρὸς</strong></span> <span class='ocrx_word' id='word_1_358' title='bbox 2900 664 2994 721; x_wconf 85' lang='grc' dir='ltr'>τὸν</span> <span class='ocrx_word' id='word_1_359' title='bbox 3032 664 3224 741; x_wconf 83' lang='grc' dir='ltr'><strong>κύριον</strong></span> <span class='ocrx_word' id='word_1_360' title='bbox 3269 663 3470 735; x_wconf 71' lang='grc' dir='ltr'><strong>αὐτῶν,</strong></span> <span class='ocrx_word' id='word_1_361' title='bbox 3503 663 3591 721; x_wconf 81' lang='grc' dir='ltr'><strong>καὶ</strong></span> <span class='ocrx_word' id='word_1_362' title='bbox 3625 663 3687 720; x_wconf 81' lang='grc' dir='ltr'>ού</span> <span class='ocrx_word' id='word_1_363' title='bbox 3717 684 3887 741; x_wconf 57' lang='grc' dir='ltr'><strong>προσ..</strong></span> 
     </span>
    </p>
   </div>
   <div class='ocr_carea' id='block_1_51' title="bbox 2234 750 3882 832">
    <p class='ocr_par' dir='ltr' id='par_1_51' title="bbox 2234 750 3882 832">
     <span class='ocr_line' id='line_1_51' title="bbox 2234 750 3882 832; baseline 0 -20"><span class='ocrx_word' id='word_1_364' title='bbox 2234 757 2411 813; x_wconf 72' lang='grc' dir='ltr'><strong>ίθεντο</strong></span> <span class='ocrx_word' id='word_1_365' title='bbox 2449 750 2528 813; x_wconf 75' lang='grc' dir='ltr'>ἔτι</span> <span class='ocrx_word' id='word_1_366' title='bbox 2583 757 2636 812; x_wconf 72' lang='grc' dir='ltr'><strong>οἱ</strong></span> <span class='ocrx_word' id='word_1_367' title='bbox 2700 762 3004 832; x_wconf 80' lang='grc' dir='ltr'><strong>μονοζωνοι</strong></span> <span class='ocrx_word' id='word_1_368' title='bbox 3061 755 3262 832; x_wconf 78' lang='grc' dir='ltr'>Συρίας</span> <span class='ocrx_word' id='word_1_369' title='bbox 3316 760 3416 813; x_wconf 76' lang='grc' dir='ltr'>τοῦ</span> <span class='ocrx_word' id='word_1_370' title='bbox 3467 753 3643 821; x_wconf 68' lang='grc' dir='ltr'><strong>ἐλθεῖν</strong></span> <span class='ocrx_word' id='word_1_371' title='bbox 3689 754 3769 821; x_wconf 81' lang='grc' dir='ltr'>είς</span> <span class='ocrx_word' id='word_1_372' title='bbox 3794 756 3882 812; x_wconf 82' lang='grc' dir='ltr'><strong>τὸν</strong></span> 
     </span>
    </p>
   </div>
   <div class='ocr_carea' id='block_1_52' title="bbox 2237 844 3863 919">
    <p class='ocr_par' dir='ltr' id='par_1_52' title="bbox 2237 844 3863 919">
     <span class='ocr_line' id='line_1_52' title="bbox 2237 844 3863 919; baseline 0 -16"><span class='ocrx_word' id='word_1_373' title='bbox 2237 844 2487 919; x_wconf 66' lang='grc' dir='ltr'><strong>Ἰσραήλ.</strong></span> <span class='ocrx_word' id='word_1_374' title='bbox 3860 870 3863 873; x_wconf 55' lang='grc' dir='ltr'>λ</span> 
     </span>
    </p>
   </div>
   <div class='ocr_carea' id='block_1_53' title="bbox 2307 930 3881 1013">
    <p class='ocr_par' dir='ltr' id='par_1_53' title="bbox 2307 930 3881 1013">
     <span class='ocr_line' id='line_1_53' title="bbox 2307 930 3881 1013; baseline -0.001 -18"><span class='ocrx_word' id='word_1_375' title='bbox 2307 938 2460 995; x_wconf 85' lang='grc' dir='ltr'>Μετά</span> <span class='ocrx_word' id='word_1_376' title='bbox 2511 934 2569 993; x_wconf 81' lang='grc' dir='ltr'>δὶ</span> <span class='ocrx_word' id='word_1_377' title='bbox 2624 935 2883 1012; x_wconf 77' lang='grc' dir='ltr'>Ὀχοζίαν</span> <span class='ocrx_word' id='word_1_378' title='bbox 2940 930 3283 994; x_wconf 72' lang='grc' dir='ltr'><strong>ἐϐασίλευσεν</strong></span> <span class='ocrx_word' id='word_1_379' title='bbox 3342 937 3551 1013; x_wconf 77' lang='grc' dir='ltr'><strong>Ἰωρὰμ</strong></span> <span class='ocrx_word' id='word_1_380' title='bbox 3581 936 3610 990; x_wconf 86' lang='lat'>6</span> <span class='ocrx_word' id='word_1_381' title='bbox 3646 934 3881 1012; x_wconf 75' lang='grc' dir='ltr'><strong>ἀδελφὸς</strong></span> 
     </span>
    </p>
   </div>
   <div class='ocr_carea' id='block_1_54' title="bbox 2237 1024 3883 1102">
    <p class='ocr_par' dir='ltr' id='par_1_54' title="bbox 2237 1024 3883 1102">
     <span class='ocr_line' id='line_1_54' title="bbox 2237 1024 3883 1102; baseline -0.001 -18"><span class='ocrx_word' id='word_1_382' title='bbox 2237 1025 2424 1096; x_wconf 77' lang='grc' dir='ltr'><strong>αὐτοῦ,</strong></span> <span class='ocrx_word' id='word_1_383' title='bbox 2456 1028 2545 1082; x_wconf 84' lang='grc' dir='ltr'>καὶ</span> <span class='ocrx_word' id='word_1_384' title='bbox 2578 1024 2804 1097; x_wconf 74' lang='grc' dir='ltr'><strong>ἐποίησε</strong></span> <span class='ocrx_word' id='word_1_385' title='bbox 2859 1027 2921 1082; x_wconf 86' lang='grc' dir='ltr'><strong>τὸ</strong></span> <span class='ocrx_word' id='word_1_386' title='bbox 2973 1026 3213 1102; x_wconf 82' lang='grc' dir='ltr'><strong>πονηρὸν</strong></span> <span class='ocrx_word' id='word_1_387' title='bbox 3265 1024 3498 1082; x_wconf 76' lang='grc' dir='ltr'><strong>ἐνώπιον</strong></span> <span class='ocrx_word' id='word_1_388' title='bbox 3526 1025 3754 1101; x_wconf 88' lang='grc' dir='ltr'><strong>Κυρίου.</strong></span> <span class='ocrx_word' id='word_1_389' title='bbox 3789 1027 3883 1083; x_wconf 78' lang='grc' dir='ltr'>Καὶ</span> 
     </span>
    </p>
   </div>
   <div class='ocr_carea' id='block_1_55' title="bbox 2237 1110 3885 1196">
    <p class='ocr_par' dir='ltr' id='par_1_55' title="bbox 2237 1110 3885 1196">
     <span class='ocr_line' id='line_1_55' title="bbox 2237 1110 3885 1196; baseline 0 -24"><span class='ocrx_word' id='word_1_390' title='bbox 2237 1115 2445 1196; x_wconf 71' lang='grc' dir='ltr'>ἰσφάγη</span> <span class='ocrx_word' id='word_1_391' title='bbox 2517 1116 2623 1172; x_wconf 79' lang='grc' dir='ltr'>ὑπὸ</span> <span class='ocrx_word' id='word_1_392' title='bbox 2679 1117 2885 1185; x_wconf 73' lang='grc' dir='ltr'><strong>Ἰησοῦ,</strong></span> <span class='ocrx_word' id='word_1_393' title='bbox 2957 1114 3281 1192; x_wconf 68' lang='grc' dir='ltr'>βασιλεύσας</span> <span class='ocrx_word' id='word_1_394' title='bbox 3349 1110 3444 1186; x_wconf 74' lang='grc' dir='ltr'><strong>ἔτη</strong></span> <span class='ocrx_word' id='word_1_395' title='bbox 3513 1113 3762 1172; x_wconf 74' lang='grc' dir='ltr'>δεκαδύο⁹</span> <span class='ocrx_word' id='word_1_396' title='bbox 3828 1115 3885 1180; x_wconf 77' lang='grc' dir='ltr'><strong>ὅς</strong></span> 
     </span>
    </p>
   </div>
   <div class='ocr_carea' id='block_1_56' title="bbox 2240 1199 3886 1281">
    <p class='ocr_par' dir='ltr' id='par_1_56' title="bbox 2240 1199 3886 1281">
     <span class='ocr_line' id='line_1_56' title="bbox 2240 1199 3886 1281; baseline 0 -20"><span class='ocrx_word' id='word_1_397' title='bbox 2240 1205 2505 1276; x_wconf 78' lang='grc' dir='ltr'>ὑποτάξας</span> <span class='ocrx_word' id='word_1_398' title='bbox 2546 1204 2639 1261; x_wconf 85' lang='grc' dir='ltr'><strong>τὸν</strong></span> <span class='ocrx_word' id='word_1_399' title='bbox 2686 1205 2843 1263; x_wconf 83' lang='grc' dir='ltr'><strong>Μασᾶ</strong></span> <span class='ocrx_word' id='word_1_400' title='bbox 2903 1205 3130 1281; x_wconf 68' lang='grc' dir='ltr'><strong>βασιλέα</strong></span> <span class='ocrx_word' id='word_1_401' title='bbox 3183 1199 3378 1276; x_wconf 71' lang='grc' dir='ltr'>Μωᾶϐ,</span> <span class='ocrx_word' id='word_1_402' title='bbox 3406 1204 3476 1274; x_wconf 82' lang='grc' dir='ltr'><strong>ἦν</strong></span> <span class='ocrx_word' id='word_1_403' title='bbox 3507 1200 3807 1278; x_wconf 74' lang='grc' dir='ltr'><strong>λαμόἀνων</strong></span> <span class='ocrx_word' id='word_1_404' title='bbox 3837 1204 3886 1276; x_wconf 69' lang='grc' dir='ltr'>ἒξ</span> 
     </span>
    </p>
   </div>
   <div class='ocr_carea' id='block_1_57' title="bbox 2236 1293 3889 1377">
    <p class='ocr_par' dir='ltr' id='par_1_57' title="bbox 2236 1293 3889 1377">
     <span class='ocr_line' id='line_1_57' title="bbox 2236 1293 3889 1377; baseline 0 -26"><span class='ocrx_word' id='word_1_405' title='bbox 2236 1295 2401 1352; x_wconf 76' lang='grc' dir='ltr'>αὓτοῦ</span> <span class='ocrx_word' id='word_1_406' title='bbox 2439 1295 2604 1374; x_wconf 81' lang='grc' dir='ltr'><strong>φόρον</strong></span> <span class='ocrx_word' id='word_1_407' title='bbox 2636 1296 2755 1351; x_wconf 71' lang='grc' dir='ltr'><strong>κατ’</strong></span> <span class='ocrx_word' id='word_1_408' title='bbox 2812 1295 3081 1377; x_wconf 71' lang='grc' dir='ltr'><strong>ἐνιαυτὸν,</strong></span> <span class='ocrx_word' id='word_1_409' title='bbox 3141 1296 3334 1371; x_wconf 72' lang='grc' dir='ltr'><strong>ἀρνοδς</strong></span> <span class='ocrx_word' id='word_1_410' title='bbox 3393 1293 3661 1377; x_wconf 73' lang='grc' dir='ltr'>χιλιάδας</span> <span class='ocrx_word' id='word_1_411' title='bbox 3690 1296 3889 1353; x_wconf 52' lang='grc' dir='ltr'><strong>ἑκατὸν</strong></span> 
     </span>
    </p>
   </div>
   <div class='ocr_carea' id='block_1_58' title="bbox 2234 1375 3888 1464">
    <p class='ocr_par' dir='ltr' id='par_1_58' title="bbox 2234 1375 3888 1464">
     <span class='ocr_line' id='line_1_58' title="bbox 2234 1375 3888 1464; baseline 0.001 -23"><span class='ocrx_word' id='word_1_412' title='bbox 2234 1384 2325 1441; x_wconf 72' lang='grc' dir='ltr'>καὶ</span> <span class='ocrx_word' id='word_1_413' title='bbox 2382 1387 2571 1462; x_wconf 77' lang='grc' dir='ltr'><strong>κριοὺς</strong></span> <span class='ocrx_word' id='word_1_414' title='bbox 2629 1381 2891 1461; x_wconf 76' lang='grc' dir='ltr'><strong>χιλιάδας</strong></span> <span class='ocrx_word' id='word_1_415' title='bbox 2938 1375 3168 1442; x_wconf 55' lang='grc' dir='ltr'><strong>λᾶκατόν.</strong></span> <span class='ocrx_word' id='word_1_416' title='bbox 3230 1378 3344 1464; x_wconf 68' lang='grc' dir='ltr'>Ἐφ’</span> <span class='ocrx_word' id='word_1_417' title='bbox 3398 1375 3469 1441; x_wconf 67' lang='grc' dir='ltr'><strong>οὗ</strong></span> <span class='ocrx_word' id='word_1_418' title='bbox 3522 1384 3807 1464; x_wconf 65' lang='grc' dir='ltr'><strong>ἀνελήφθη</strong></span> <span class='ocrx_word' id='word_1_419' title='bbox 3859 1386 3888 1443; x_wconf 87' lang='lat'>6</span> 
     </span>
    </p>
   </div>
   <div class='ocr_carea' id='block_1_59' title="bbox 2240 1471 3887 1552">
    <p class='ocr_par' dir='ltr' id='par_1_59' title="bbox 2240 1471 3887 1552">
     <span class='ocr_line' id='line_1_59' title="bbox 2240 1471 3887 1552; baseline 0 -22"><span class='ocrx_word' id='word_1_420' title='bbox 2240 1475 2404 1552; x_wconf 76' lang='grc' dir='ltr'><strong>μέγας</strong></span> <span class='ocrx_word' id='word_1_421' title='bbox 2462 1472 2677 1537; x_wconf 86' lang='grc' dir='ltr'><strong>Ἠλίας.</strong></span> <span class='ocrx_word' id='word_1_422' title='bbox 2738 1473 2842 1531; x_wconf 86' lang='grc' dir='ltr'>Καὶ</span> <span class='ocrx_word' id='word_1_423' title='bbox 2890 1471 3075 1543; x_wconf 79' lang='grc' dir='ltr'><strong>’ἦλθεν</strong></span> <span class='ocrx_word' id='word_1_424' title='bbox 3141 1474 3171 1529; x_wconf 90' lang='lat'>6</span> <span class='ocrx_word' id='word_1_425' title='bbox 3226 1471 3495 1549; x_wconf 73' lang='grc' dir='ltr'><strong>’βασιλεὺς</strong></span> <span class='ocrx_word' id='word_1_426' title='bbox 3545 1472 3746 1546; x_wconf 79' lang='grc' dir='ltr'>Συρίας</span> <span class='ocrx_word' id='word_1_427' title='bbox 3796 1474 3887 1530; x_wconf 79' lang='grc' dir='ltr'><strong>καὶ</strong></span> 
     </span>
    </p>
   </div>
   <div class='ocr_carea' id='block_1_60' title="bbox 2236 1561 3888 1641">
    <p class='ocr_par' dir='ltr' id='par_1_60' title="bbox 2236 1561 3888 1641">
     <span class='ocr_line' id='line_1_60' title="bbox 2236 1561 3888 1641; baseline -0.001 -21"><span class='ocrx_word' id='word_1_428' title='bbox 2236 1564 2608 1641; x_wconf 81' lang='grc' dir='ltr'><strong>περιεκάθισεν</strong></span> <span class='ocrx_word' id='word_1_429' title='bbox 2666 1561 2756 1618; x_wconf 72' lang='grc' dir='ltr'>ἐπὶ</span> <span class='ocrx_word' id='word_1_430' title='bbox 2816 1561 3144 1638; x_wconf 79' lang='grc' dir='ltr'><strong>Σαμάρειαν,</strong></span> <span class='ocrx_word' id='word_1_431' title='bbox 3186 1563 3277 1617; x_wconf 78' lang='grc' dir='ltr'>καὶ</span> <span class='ocrx_word' id='word_1_432' title='bbox 3332 1563 3525 1641; x_wconf 69' lang='grc' dir='ltr'><strong>γέγονε</strong></span> <span class='ocrx_word' id='word_1_433' title='bbox 3579 1561 3746 1637; x_wconf 85' lang='grc' dir='ltr'><strong>λιμος</strong></span> <span class='ocrx_word' id='word_1_434' title='bbox 3794 1562 3888 1637; x_wconf 64' lang='lat' dir='ltr'>pl-</span> 
     </span>
    </p>
   </div>
   <div class='ocr_carea' id='block_1_61' title="bbox 2235 1648 3889 1731">
    <p class='ocr_par' dir='ltr' id='par_1_61' title="bbox 2235 1648 3889 1731">
     <span class='ocr_line' id='line_1_61' title="bbox 2235 1648 3889 1731; baseline 0 -22"><span class='ocrx_word' id='word_1_435' title='bbox 2235 1673 2335 1729; x_wconf 83' lang='grc' dir='ltr'>γας</span> <span class='ocrx_word' id='word_1_436' title='bbox 2389 1651 2535 1709; x_wconf 78' lang='grc' dir='ltr'><strong>ὥστε</strong></span> <span class='ocrx_word' id='word_1_437' title='bbox 2588 1658 2862 1728; x_wconf 78' lang='grc' dir='ltr'><strong>πραθῆναι</strong></span> <span class='ocrx_word' id='word_1_438' title='bbox 2919 1650 3165 1731; x_wconf 70' lang='grc' dir='ltr'><strong>κεφαλὴν</strong></span> <span class='ocrx_word' id='word_1_439' title='bbox 3229 1648 3357 1708; x_wconf 77' lang='grc' dir='ltr'><strong>ὄνου</strong></span> <span class='ocrx_word' id='word_1_440' title='bbox 3410 1651 3689 1729; x_wconf 76' lang='grc' dir='ltr'><strong>ἀργυρίων</strong></span> <span class='ocrx_word' id='word_1_441' title='bbox 3736 1651 3889 1727; x_wconf 66' lang='grc' dir='ltr'><strong>τριάδ-</strong></span> 
     </span>
    </p>
   </div>
   <div class='ocr_carea' id='block_1_62' title="bbox 2234 1738 3889 1817">
    <p class='ocr_par' dir='ltr' id='par_1_62' title="bbox 2234 1738 3889 1817">
     <span class='ocr_line' id='line_1_62' title="bbox 2234 1738 3889 1817; baseline 0 -19"><span class='ocrx_word' id='word_1_442' title='bbox 2234 1761 2417 1798; x_wconf 85' lang='grc' dir='ltr'><strong>κοντα.</strong></span> <span class='ocrx_word' id='word_1_443' title='bbox 2453 1741 2557 1800; x_wconf 78' lang='grc' dir='ltr'>Καὶ</span> <span class='ocrx_word' id='word_1_444' title='bbox 2614 1741 2682 1811; x_wconf 79' lang='grc' dir='ltr'><strong>ἦν</strong></span> <span class='ocrx_word' id='word_1_445' title='bbox 2743 1742 2951 1816; x_wconf 80' lang='grc' dir='ltr'><strong>Ἰωρὰμ</strong></span> <span class='ocrx_word' id='word_1_446' title='bbox 3001 1738 3458 1817; x_wconf 75' lang='grc' dir='ltr'><strong>διαπορευόμενος</strong></span> <span class='ocrx_word' id='word_1_447' title='bbox 3513 1740 3600 1797; x_wconf 68' lang='grc' dir='ltr'>ἰπὶ</span> <span class='ocrx_word' id='word_1_448' title='bbox 3645 1746 3745 1797; x_wconf 80' lang='grc' dir='ltr'><strong>τοῦ</strong></span> <span class='ocrx_word' id='word_1_449' title='bbox 3774 1741 3889 1799; x_wconf 81' lang='grc' dir='ltr'><strong>τιί-</strong></span> 
     </span>
    </p>
   </div>
   <div class='ocr_carea' id='block_1_63' title="bbox 2237 1825 3892 1907">
    <p class='ocr_par' dir='ltr' id='par_1_63' title="bbox 2237 1825 3892 1907">
     <span class='ocr_line' id='line_1_63' title="bbox 2237 1825 3892 1907; baseline 0 -20"><span class='ocrx_word' id='word_1_450' title='bbox 2237 1850 2397 1907; x_wconf 87' lang='grc' dir='ltr'><strong>χους.</strong></span> <span class='ocrx_word' id='word_1_451' title='bbox 2455 1830 2562 1888; x_wconf 80' lang='grc' dir='ltr'>Καὶ</span> <span class='ocrx_word' id='word_1_452' title='bbox 2626 1832 2764 1907; x_wconf 81' lang='grc' dir='ltr'><strong>γυνή</strong></span> <span class='ocrx_word' id='word_1_453' title='bbox 2824 1846 2909 1892; x_wconf 83' lang='grc' dir='ltr'>τις</span> <span class='ocrx_word' id='word_1_454' title='bbox 2967 1825 3164 1901; x_wconf 70' lang='grc' dir='ltr'><strong>ἐϐόησε</strong></span> <span class='ocrx_word' id='word_1_455' title='bbox 3217 1830 3355 1905; x_wconf 86' lang='grc' dir='ltr'><strong>πρὸς</strong></span> <span class='ocrx_word' id='word_1_456' title='bbox 3396 1829 3574 1888; x_wconf 76' lang='grc' dir='ltr'><strong>αὐτόν.</strong></span> <span class='ocrx_word' id='word_1_457' title='bbox 3608 1852 3639 1884; x_wconf 77' lang='grc' dir='ltr'>ι(</span> <span class='ocrx_word' id='word_1_458' title='bbox 3679 1834 3892 1895; x_wconf 62' lang='lat' dir='ltr'>nam.</span> 
     </span>
    </p>
   </div>
   <div class='ocr_carea' id='block_1_64' title="bbox 2240 1917 3892 1997">
    <p class='ocr_par' dir='ltr' id='par_1_64' title="bbox 2240 1917 3892 1997">
     <span class='ocr_line' id='line_1_64' title="bbox 2240 1917 3892 1997; baseline -0.001 -20"><span class='ocrx_word' id='word_1_459' title='bbox 2240 1921 2407 1996; x_wconf 86' lang='grc' dir='ltr'><strong>Κύριε</strong></span> <span class='ocrx_word' id='word_1_460' title='bbox 2442 1918 2688 1997; x_wconf 78' lang='grc' dir='ltr'><strong>βασιλεῦ.</strong></span> <span class='ocrx_word' id='word_1_461' title='bbox 2721 1944 2749 1972; x_wconf 91' lang='grc'><strong>››</strong></span> <span class='ocrx_word' id='word_1_462' title='bbox 2801 1918 2899 1974; x_wconf 77' lang='grc' dir='ltr'>Καὶ</span> <span class='ocrx_word' id='word_1_463' title='bbox 2964 1919 3279 1993; x_wconf 66' lang='grc' dir='ltr'><strong>ἀποκριθεὶς</strong></span> <span class='ocrx_word' id='word_1_464' title='bbox 3324 1919 3464 1975; x_wconf 71' lang='grc' dir='ltr'><strong>εἴπεο</strong></span> <span class='ocrx_word' id='word_1_465' title='bbox 3498 1921 3589 1990; x_wconf 77' lang='grc' dir='ltr'>Μὴ</span> <span class='ocrx_word' id='word_1_466' title='bbox 3625 1917 3797 1975; x_wconf 81' lang='grc' dir='ltr'><strong>σῶσαί</strong></span> <span class='ocrx_word' id='word_1_467' title='bbox 3836 1939 3892 1975; x_wconf 87' lang='grc' dir='ltr'>σε</span> 
     </span>
    </p>
   </div>
   <div class='ocr_carea' id='block_1_65' title="bbox 2240 2006 3897 2086">
    <p class='ocr_par' dir='ltr' id='par_1_65' title="bbox 2240 2006 3897 2086">
     <span class='ocr_line' id='line_1_65' title="bbox 2240 2006 3897 2086; baseline 0.001 -23"><span class='ocrx_word' id='word_1_468' title='bbox 2240 2009 2463 2086; x_wconf 58' lang='grc' dir='ltr'><strong>Κύριος</strong></span> <span class='ocrx_word' id='word_1_469' title='bbox 2495 2008 2658 2074; x_wconf 82' lang='grc' dir='ltr'><strong>πόθεν</strong></span> <span class='ocrx_word' id='word_1_470' title='bbox 2703 2013 2863 2064; x_wconf 79' lang='grc' dir='ltr'>σῶσω</span> <span class='ocrx_word' id='word_1_471' title='bbox 2892 2024 2991 2079; x_wconf 68' lang='lat' dir='ltr'>ce;</span> <span class='ocrx_word' id='word_1_472' title='bbox 3026 2009 3120 2080; x_wconf 84' lang='grc' dir='ltr'>Μή</span> <span class='ocrx_word' id='word_1_473' title='bbox 3180 2008 3287 2065; x_wconf 79' lang='grc' dir='ltr'>ἀπὸ</span> <span class='ocrx_word' id='word_1_474' title='bbox 3341 2015 3441 2078; x_wconf 74' lang='grc' dir='ltr'>τῆς</span> <span class='ocrx_word' id='word_1_475' title='bbox 3472 2006 3687 2071; x_wconf 73' lang='grc' dir='ltr'><strong>ἅλωνος</strong></span> <span class='ocrx_word' id='word_1_476' title='bbox 3714 2010 3751 2081; x_wconf 72' lang='grc' dir='ltr'>ἢ</span> <span class='ocrx_word' id='word_1_477' title='bbox 3786 2009 3897 2065; x_wconf 76' lang='grc' dir='ltr'>ἀπὸ</span> 
     </span>
    </p>
   </div>
   <div class='ocr_carea' id='block_1_66' title="bbox 2236 2096 3892 2178">
    <p class='ocr_par' dir='ltr' id='par_1_66' title="bbox 2236 2096 3892 2178">
     <span class='ocr_line' id='line_1_66' title="bbox 2236 2096 3892 2178; baseline 0.001 -24"><span class='ocrx_word' id='word_1_478' title='bbox 2236 2105 2337 2169; x_wconf 84' lang='grc' dir='ltr'>τῆς</span> <span class='ocrx_word' id='word_1_479' title='bbox 2370 2097 2576 2170; x_wconf 79' lang='grc' dir='ltr'>ληνοῦ;</span> <span class='ocrx_word' id='word_1_480' title='bbox 2612 2120 2640 2149; x_wconf 73' lang='lat' dir='ltr'>n</span> <span class='ocrx_word' id='word_1_481' title='bbox 2698 2096 2801 2155; x_wconf 81' lang='grc' dir='ltr'>Καὶ</span> <span class='ocrx_word' id='word_1_482' title='bbox 2860 2112 3024 2178; x_wconf 67' lang='grc' dir='ltr'><strong>φησιν</strong></span> <span class='ocrx_word' id='word_1_483' title='bbox 3082 2099 3118 2168; x_wconf 75' lang='grc' dir='ltr'>ἡ</span> <span class='ocrx_word' id='word_1_484' title='bbox 3170 2098 3333 2173; x_wconf 67' lang='grc' dir='ltr'>γυνή⁸</span> <span class='ocrx_word' id='word_1_485' title='bbox 3372 2096 3598 2173; x_wconf 76' lang='grc' dir='ltr'>«Οὐχὶ,</span> <span class='ocrx_word' id='word_1_486' title='bbox 3644 2096 3892 2173; x_wconf 85' lang='grc' dir='ltr'><strong>βασιλεῦ.</strong></span> 
     </span>
    </p>
   </div>
   <div class='ocr_carea' id='block_1_67' title="bbox 2241 2185 3899 2263">
    <p class='ocr_par' dir='ltr' id='par_1_67' title="bbox 2241 2185 3899 2263">
     <span class='ocr_line' id='line_1_67' title="bbox 2241 2185 3899 2263; baseline -0.002 -17"><span class='ocrx_word' id='word_1_487' title='bbox 2241 2190 2322 2263; x_wconf 67' lang='grc' dir='ltr'>[Ρ.</span> <span class='ocrx_word' id='word_1_488' title='bbox 2359 2190 2487 2262; x_wconf 66' lang='grc'>104]</span> <span class='ocrx_word' id='word_1_489' title='bbox 2539 2186 2698 2246; x_wconf 81' lang='grc' dir='ltr'><strong>Ἀλλ’</strong></span> <span class='ocrx_word' id='word_1_490' title='bbox 2725 2189 2761 2257; x_wconf 80' lang='grc' dir='ltr'><strong>ἡ</strong></span> <span class='ocrx_word' id='word_1_491' title='bbox 2794 2188 2932 2263; x_wconf 86' lang='grc' dir='ltr'><strong>γυνή</strong></span> <span class='ocrx_word' id='word_1_492' title='bbox 2991 2185 3127 2257; x_wconf 70' lang='grc' dir='ltr'><strong>αὕτη</strong></span> <span class='ocrx_word' id='word_1_493' title='bbox 3185 2187 3305 2243; x_wconf 70' lang='grc' dir='ltr'><strong>εἶπέ</strong></span> <span class='ocrx_word' id='word_1_494' title='bbox 3363 2206 3482 2262; x_wconf 83' lang='grc' dir='ltr'><strong>μοι,</strong></span> <span class='ocrx_word' id='word_1_495' title='bbox 3522 2188 3626 2250; x_wconf 84' lang='grc' dir='ltr'>Δὸς</span> <span class='ocrx_word' id='word_1_496' title='bbox 3652 2187 3743 2243; x_wconf 87' lang='grc' dir='ltr'><strong>τὸν</strong></span> <span class='ocrx_word' id='word_1_497' title='bbox 3776 2186 3899 2243; x_wconf 69' lang='grc' dir='ltr'><strong>υἱόν</strong></span> 
     </span>
    </p>
   </div>
   <div class='ocr_carea' id='block_1_68' title="bbox 2238 2274 3895 2358">
    <p class='ocr_par' dir='ltr' id='par_1_68' title="bbox 2238 2274 3895 2358">
     <span class='ocr_line' id='line_1_68' title="bbox 2238 2274 3895 2358; baseline -0.001 -24"><span class='ocrx_word' id='word_1_498' title='bbox 2238 2299 2358 2346; x_wconf 88' lang='grc' dir='ltr'><strong>σου,</strong></span> <span class='ocrx_word' id='word_1_499' title='bbox 2385 2278 2686 2358; x_wconf 75' lang='grc' dir='ltr'><strong>φαγώμεθα</strong></span> <span class='ocrx_word' id='word_1_500' title='bbox 2714 2277 2878 2332; x_wconf 81' lang='grc' dir='ltr'><strong>αὐτὸν</strong></span> <span class='ocrx_word' id='word_1_501' title='bbox 2909 2278 3175 2353; x_wconf 74' lang='grc' dir='ltr'><strong>σήμερον,</strong></span> <span class='ocrx_word' id='word_1_502' title='bbox 3222 2275 3311 2332; x_wconf 78' lang='grc' dir='ltr'>καὶ</span> <span class='ocrx_word' id='word_1_503' title='bbox 3362 2278 3456 2332; x_wconf 76' lang='grc' dir='ltr'>τὸν</span> <span class='ocrx_word' id='word_1_504' title='bbox 3499 2276 3616 2332; x_wconf 78' lang='grc' dir='ltr'><strong>υἱόν</strong></span> <span class='ocrx_word' id='word_1_505' title='bbox 3651 2297 3763 2350; x_wconf 88' lang='grc' dir='ltr'>μου</span> <span class='ocrx_word' id='word_1_506' title='bbox 3794 2274 3895 2332; x_wconf 72' lang='grc' dir='ltr'><strong>αύ-</strong></span> 
     </span>
    </p>
   </div>
   <div class='ocr_carea' id='block_1_69' title="bbox 2238 2364 3895 2444">
    <p class='ocr_par' dir='ltr' id='par_1_69' title="bbox 2238 2364 3895 2444">
     <span class='ocr_line' id='line_1_69' title="bbox 2238 2364 3895 2444; baseline -0.001 -22"><span class='ocrx_word' id='word_1_507' title='bbox 2238 2387 2379 2440; x_wconf 87' lang='grc' dir='ltr'><strong>ριον·</strong></span> <span class='ocrx_word' id='word_1_508' title='bbox 2417 2366 2506 2423; x_wconf 78' lang='grc' dir='ltr'>καὶ</span> <span class='ocrx_word' id='word_1_509' title='bbox 2565 2368 2860 2442; x_wconf 76' lang='grc' dir='ltr'><strong>ἑψήσαντες</strong></span> <span class='ocrx_word' id='word_1_510' title='bbox 2915 2365 3080 2423; x_wconf 80' lang='grc' dir='ltr'><strong>αὐτὸν</strong></span> <span class='ocrx_word' id='word_1_511' title='bbox 3134 2366 3265 2443; x_wconf 77' lang='grc' dir='ltr'><strong>χθὶς</strong></span> <span class='ocrx_word' id='word_1_512' title='bbox 3323 2365 3617 2444; x_wconf 71' lang='grc' dir='ltr'><strong>δφάγομεν,</strong></span> <span class='ocrx_word' id='word_1_513' title='bbox 3669 2364 3759 2421; x_wconf 85' lang='grc' dir='ltr'>καὶ</span> <span class='ocrx_word' id='word_1_514' title='bbox 3790 2366 3895 2437; x_wconf 64' lang='lat' dir='ltr'>cnﬁ-</span> 
     </span>
    </p>
   </div>
   <div class='ocr_carea' id='block_1_70' title="bbox 2241 2451 3894 2533">
    <p class='ocr_par' dir='ltr' id='par_1_70' title="bbox 2241 2451 3894 2533">
     <span class='ocr_line' id='line_1_70' title="bbox 2241 2451 3894 2533; baseline -0.002 -20"><span class='ocrx_word' id='word_1_515' title='bbox 2241 2476 2402 2532; x_wconf 85' lang='grc' dir='ltr'><strong>μερον</strong></span> <span class='ocrx_word' id='word_1_516' title='bbox 2435 2451 2633 2533; x_wconf 75' lang='grc' dir='ltr'><strong>ἔκρυψε</strong></span> <span class='ocrx_word' id='word_1_517' title='bbox 2660 2458 2751 2513; x_wconf 83' lang='grc' dir='ltr'><strong>τὸν</strong></span> <span class='ocrx_word' id='word_1_518' title='bbox 2795 2457 2910 2512; x_wconf 76' lang='grc' dir='ltr'><strong>υἱὸν</strong></span> <span class='ocrx_word' id='word_1_519' title='bbox 2958 2455 3148 2527; x_wconf 80' lang='grc' dir='ltr'><strong>αὐτῆς.</strong></span> <span class='ocrx_word' id='word_1_520' title='bbox 3183 2478 3213 2509; x_wconf 66' lang='grc' dir='ltr'><strong>η</strong></span> <span class='ocrx_word' id='word_1_521' title='bbox 3262 2458 3437 2531; x_wconf 87' lang='grc' dir='ltr'><strong>Ὅπερ</strong></span> <span class='ocrx_word' id='word_1_522' title='bbox 3466 2456 3699 2518; x_wconf 78' lang='grc' dir='ltr'><strong>ἀκούσας</strong></span> <span class='ocrx_word' id='word_1_523' title='bbox 3732 2456 3894 2532; x_wconf 82' lang='grc' dir='ltr'><strong>βασι-</strong></span> 
     </span>
    </p>
   </div>
   <div class='ocr_carea' id='block_1_71' title="bbox 2236 2543 3890 2624">
    <p class='ocr_par' dir='ltr' id='par_1_71' title="bbox 2236 2543 3890 2624">
     <span class='ocr_line' id='line_1_71' title="bbox 2236 2543 3890 2624; baseline -0.001 -21"><span class='ocrx_word' id='word_1_524' title='bbox 2236 2546 2363 2610; x_wconf 80' lang='grc' dir='ltr'><strong>λεὺς</strong></span> <span class='ocrx_word' id='word_1_525' title='bbox 2405 2545 2655 2624; x_wconf 73' lang='grc' dir='ltr'><strong>διὲῤῥηξε</strong></span> <span class='ocrx_word' id='word_1_526' title='bbox 2706 2547 2774 2603; x_wconf 73' lang='grc' dir='ltr'><strong>τὰ</strong></span> <span class='ocrx_word' id='word_1_527' title='bbox 2827 2544 3022 2620; x_wconf 74' lang='grc' dir='ltr'><strong>ἱμάτια</strong></span> <span class='ocrx_word' id='word_1_528' title='bbox 3073 2543 3260 2616; x_wconf 68' lang='grc' dir='ltr'><strong>αὺτοῦ,</strong></span> <span class='ocrx_word' id='word_1_529' title='bbox 3312 2544 3407 2602; x_wconf 80' lang='grc' dir='ltr'><strong>καὶ</strong></span> <span class='ocrx_word' id='word_1_530' title='bbox 3461 2543 3598 2601; x_wconf 83' lang='grc' dir='ltr'><strong>εἶδεν</strong></span> <span class='ocrx_word' id='word_1_531' title='bbox 3654 2547 3685 2601; x_wconf 97' lang='lat'>6</span> <span class='ocrx_word' id='word_1_532' title='bbox 3752 2543 3890 2608; x_wconf 85' lang='grc' dir='ltr'><strong>λαὸς</strong></span> 
     </span>
    </p>
   </div>
   <div class='ocr_carea' id='block_1_72' title="bbox 2232 2632 3889 2712">
    <p class='ocr_par' dir='ltr' id='par_1_72' title="bbox 2232 2632 3889 2712">
     <span class='ocr_line' id='line_1_72' title="bbox 2232 2632 3889 2712; baseline -0.001 -18"><span class='ocrx_word' id='word_1_533' title='bbox 2232 2639 2325 2694; x_wconf 85' lang='grc' dir='ltr'>τὸν</span> <span class='ocrx_word' id='word_1_534' title='bbox 2354 2640 2553 2694; x_wconf 79' lang='grc' dir='ltr'><strong>σάκκον</strong></span> <span class='ocrx_word' id='word_1_535' title='bbox 2580 2637 2671 2694; x_wconf 68' lang='grc' dir='ltr'>ἐπὶ</span> <span class='ocrx_word' id='word_1_536' title='bbox 2729 2640 2831 2703; x_wconf 77' lang='grc' dir='ltr'>τῆς</span> <span class='ocrx_word' id='word_1_537' title='bbox 2888 2636 3086 2712; x_wconf 83' lang='grc' dir='ltr'><strong>σαρκὸς</strong></span> <span class='ocrx_word' id='word_1_538' title='bbox 3143 2636 3309 2692; x_wconf 74' lang='grc' dir='ltr'><strong>αύτοῦ</strong></span> <span class='ocrx_word' id='word_1_539' title='bbox 3352 2632 3571 2695; x_wconf 68' lang='grc' dir='ltr'><strong>ἔσωθεν.</strong></span> <span class='ocrx_word' id='word_1_540' title='bbox 3606 2636 3709 2692; x_wconf 83' lang='grc' dir='ltr'>Καὶ</span> <span class='ocrx_word' id='word_1_541' title='bbox 3745 2637 3889 2693; x_wconf 73' lang='grc' dir='ltr'><strong>ἀπο-</strong></span> 
     </span>
    </p>
   </div>
   <div class='ocr_carea' id='block_1_73' title="bbox 2234 2722 3891 2804">
    <p class='ocr_par' dir='ltr' id='par_1_73' title="bbox 2234 2722 3891 2804">
     <span class='ocr_line' id='line_1_73' title="bbox 2234 2722 3891 2804; baseline 0 -22"><span class='ocrx_word' id='word_1_542' title='bbox 2234 2728 2439 2804; x_wconf 75' lang='grc' dir='ltr'><strong>κριθεὶς</strong></span> <span class='ocrx_word' id='word_1_543' title='bbox 2468 2728 2610 2783; x_wconf 70' lang='grc' dir='ltr'><strong>εἴπεο</strong></span> <span class='ocrx_word' id='word_1_544' title='bbox 2663 2722 2858 2782; x_wconf 82' lang='grc' dir='ltr'>«Τάδε</span> <span class='ocrx_word' id='word_1_545' title='bbox 2913 2727 3132 2796; x_wconf 75' lang='grc' dir='ltr'><strong>ποιήσει</strong></span> <span class='ocrx_word' id='word_1_546' title='bbox 3192 2745 3288 2799; x_wconf 81' lang='grc' dir='ltr'>μοι</span> <span class='ocrx_word' id='word_1_547' title='bbox 3348 2724 3378 2781; x_wconf 89' lang='lat'>6</span> <span class='ocrx_word' id='word_1_548' title='bbox 3433 2726 3587 2795; x_wconf 83' lang='grc' dir='ltr'><strong>Θεὸς,</strong></span> <span class='ocrx_word' id='word_1_549' title='bbox 3638 2725 3729 2781; x_wconf 86' lang='grc' dir='ltr'><strong>καὶ</strong></span> <span class='ocrx_word' id='word_1_550' title='bbox 3758 2723 3891 2782; x_wconf 85' lang='grc' dir='ltr'><strong>τάδε</strong></span> 
     </span>
    </p>
   </div>
   <div class='ocr_carea' id='block_1_74' title="bbox 2235 2816 3887 2900">
    <p class='ocr_par' dir='ltr' id='par_1_74' title="bbox 2235 2816 3887 2900">
     <span class='ocr_line' id='line_1_74' title="bbox 2235 2816 3887 2900; baseline -0.003 -21"><span class='ocrx_word' id='word_1_551' title='bbox 2235 2821 2523 2900; x_wconf 75' lang='grc' dir='ltr'><strong>προσθείη,</strong></span> <span class='ocrx_word' id='word_1_552' title='bbox 2557 2818 2603 2876; x_wconf 85' lang='grc' dir='ltr'>εί</span> <span class='ocrx_word' id='word_1_553' title='bbox 2635 2820 2890 2890; x_wconf 77' lang='grc' dir='ltr'><strong>στήσεται</strong></span> <span class='ocrx_word' id='word_1_554' title='bbox 2945 2820 2980 2885; x_wconf 74' lang='grc' dir='ltr'><strong>ἡ</strong></span> <span class='ocrx_word' id='word_1_555' title='bbox 3038 2817 3250 2896; x_wconf 75' lang='grc' dir='ltr'><strong>κεφαλὴ</strong></span> <span class='ocrx_word' id='word_1_556' title='bbox 3299 2816 3611 2875; x_wconf 78' lang='grc' dir='ltr'><strong>Ἐλισσαίου</strong></span> <span class='ocrx_word' id='word_1_557' title='bbox 3641 2821 3887 2892; x_wconf 70' lang='grc' dir='ltr'><strong>σήμερον</strong></span> 
     </span>
    </p>
   </div>
   <div class='ocr_carea' id='block_1_75' title="bbox 2235 2905 3889 2989">
    <p class='ocr_par' dir='ltr' id='par_1_75' title="bbox 2235 2905 3889 2989">
     <span class='ocr_line' id='line_1_75' title="bbox 2235 2905 3889 2989; baseline -0.004 -20"><span class='ocrx_word' id='word_1_558' title='bbox 2235 2911 2320 2969; x_wconf 70' lang='grc' dir='ltr'>ἐπ’</span> <span class='ocrx_word' id='word_1_559' title='bbox 2349 2910 2517 2984; x_wconf 84' lang='grc' dir='ltr'><strong>αύτῷ.</strong></span> <span class='ocrx_word' id='word_1_560' title='bbox 2551 2932 2580 2961; x_wconf 84' lang='grc'><strong>››</strong></span> <span class='ocrx_word' id='word_1_561' title='bbox 2611 2907 2717 2966; x_wconf 82' lang='grc' dir='ltr'><strong>Καὶ</strong></span> <span class='ocrx_word' id='word_1_562' title='bbox 2748 2905 3032 2964; x_wconf 71' lang='grc' dir='ltr'><strong>ἀπέστειλε</strong></span> <span class='ocrx_word' id='word_1_563' title='bbox 3085 2907 3181 2964; x_wconf 80' lang='grc' dir='ltr'><strong>τὸν</strong></span> <span class='ocrx_word' id='word_1_564' title='bbox 3239 2907 3530 2982; x_wconf 70' lang='grc' dir='ltr'><strong>τριστάτην</strong></span> <span class='ocrx_word' id='word_1_565' title='bbox 3565 2910 3680 2982; x_wconf 85' lang='grc'>(88)</span> <span class='ocrx_word' id='word_1_566' title='bbox 3710 2906 3798 2989; x_wconf 62' lang='grc' dir='ltr'>ἐφ’</span> <span class='ocrx_word' id='word_1_567' title='bbox 3826 2908 3889 2963; x_wconf 73' lang='grc' dir='ltr'>ὃν</span> 
     </span>
    </p>
   </div>
   <div class='ocr_carea' id='block_1_76' title="bbox 2232 2996 3890 3072">
    <p class='ocr_par' dir='ltr' id='par_1_76' title="bbox 2232 2996 3890 3072">
     <span class='ocr_line' id='line_1_76' title="bbox 2232 2996 3890 3072; baseline -0.007 -15"><span class='ocrx_word' id='word_1_568' title='bbox 2232 2998 2618 3057; x_wconf 72' lang='grc' dir='ltr'><strong>ἔπανεπαύετο.</strong></span> <span class='ocrx_word' id='word_1_569' title='bbox 2688 2996 2787 3053; x_wconf 76' lang='grc' dir='ltr'>Καὶ</span> <span class='ocrx_word' id='word_1_570' title='bbox 2854 2998 2979 3052; x_wconf 82' lang='grc' dir='ltr'><strong>εἶπε</strong></span> <span class='ocrx_word' id='word_1_571' title='bbox 3042 2996 3182 3072; x_wconf 88' lang='grc' dir='ltr'><strong>πρὸς</strong></span> <span class='ocrx_word' id='word_1_572' title='bbox 3247 2997 3409 3053; x_wconf 79' lang='grc' dir='ltr'><strong>αὐτὸν</strong></span> <span class='ocrx_word' id='word_1_573' title='bbox 3477 2997 3506 3051; x_wconf 92' lang='lat'>6</span> <span class='ocrx_word' id='word_1_574' title='bbox 3567 2999 3890 3072; x_wconf 73' lang='grc' dir='ltr'><strong>προφήτης·</strong></span> 
     </span>
    </p>
   </div>
   <div class='ocr_carea' id='block_1_77' title="bbox 2233 3083 3894 3163">
    <p class='ocr_par' dir='ltr' id='par_1_77' title="bbox 2233 3083 3894 3163">
     <span class='ocr_line' id='line_1_77' title="bbox 2233 3083 3894 3163; baseline 0.001 -21"><span class='ocrx_word' id='word_1_575' title='bbox 2233 3110 2263 3142; x_wconf 78' lang='grc' dir='ltr'>α</span> <span class='ocrx_word' id='word_1_576' title='bbox 2299 3086 2436 3145; x_wconf 84' lang='grc' dir='ltr'><strong>Τάδε</strong></span> <span class='ocrx_word' id='word_1_577' title='bbox 2464 3086 2611 3163; x_wconf 74' lang='grc' dir='ltr'><strong>λέγει</strong></span> <span class='ocrx_word' id='word_1_578' title='bbox 2644 3086 2870 3161; x_wconf 75' lang='grc' dir='ltr'><strong>Κύριοςο</strong></span> <span class='ocrx_word' id='word_1_579' title='bbox 2913 3083 3141 3159; x_wconf 78' lang='grc' dir='ltr'><strong>Αὕριος,</strong></span> <span class='ocrx_word' id='word_1_580' title='bbox 3174 3085 3251 3149; x_wconf 76' lang='grc' dir='ltr'><strong>ὡς</strong></span> <span class='ocrx_word' id='word_1_581' title='bbox 3280 3087 3316 3156; x_wconf 78' lang='grc' dir='ltr'><strong>ἡ</strong></span> <span class='ocrx_word' id='word_1_582' title='bbox 3348 3083 3467 3160; x_wconf 78' lang='grc' dir='ltr'><strong>ὥρα</strong></span> <span class='ocrx_word' id='word_1_583' title='bbox 3494 3085 3659 3157; x_wconf 77' lang='grc' dir='ltr'><strong>αὕτη,</strong></span> <span class='ocrx_word' id='word_1_584' title='bbox 3688 3086 3894 3162; x_wconf 71' lang='grc' dir='ltr'><strong>μέτρον</strong></span> 
     </span>
    </p>
   </div>
   <div class='ocr_carea' id='block_1_78' title="bbox 2230 3172 3894 3253">
    <p class='ocr_par' dir='ltr' id='par_1_78' title="bbox 2230 3172 3894 3253">
     <span class='ocr_line' id='line_1_78' title="bbox 2230 3172 3894 3253; baseline -0.002 -19"><span class='ocrx_word' id='word_1_585' title='bbox 2230 3175 2573 3253; x_wconf 82' lang='grc' dir='ltr'><strong>σεμιδάλεως</strong></span> <span class='ocrx_word' id='word_1_586' title='bbox 2612 3173 2807 3230; x_wconf 80' lang='grc' dir='ltr'><strong>σίκλου</strong></span> <span class='ocrx_word' id='word_1_587' title='bbox 2864 3175 2953 3231; x_wconf 68' lang='grc' dir='ltr'>καί</span> <span class='ocrx_word' id='word_1_588' title='bbox 3008 3172 3265 3249; x_wconf 74' lang='grc' dir='ltr'><strong>δίμετρον</strong></span> <span class='ocrx_word' id='word_1_589' title='bbox 3323 3180 3519 3250; x_wconf 77' lang='grc' dir='ltr'><strong>κριθῆς</strong></span> <span class='ocrx_word' id='word_1_590' title='bbox 3578 3172 3774 3230; x_wconf 85' lang='grc' dir='ltr'><strong>σίκλοο</strong></span> <span class='ocrx_word' id='word_1_591' title='bbox 3836 3174 3894 3231; x_wconf 66' lang='grc' dir='ltr'><strong>ἐν</strong></span> 
     </span>
    </p>
   </div>
   <div class='ocr_carea' id='block_1_79' title="bbox 2227 3263 3890 3340">
    <p class='ocr_par' dir='ltr' id='par_1_79' title="bbox 2227 3263 3890 3340">
     <span class='ocr_line' id='line_1_79' title="bbox 2227 3263 3890 3340; baseline -0.002 -17"><span class='ocrx_word' id='word_1_592' title='bbox 2227 3270 2348 3331; x_wconf 82' lang='grc' dir='ltr'><strong>ταῖς</strong></span> <span class='ocrx_word' id='word_1_593' title='bbox 2406 3263 2608 3327; x_wconf 79' lang='grc' dir='ltr'><strong>πύλαις</strong></span> <span class='ocrx_word' id='word_1_594' title='bbox 2662 3263 2997 3340; x_wconf 86' lang='grc' dir='ltr'><strong>Σαμαρείας.</strong></span> <span class='ocrx_word' id='word_1_595' title='bbox 3032 3286 3060 3316; x_wconf 86' lang='grc'><strong>››</strong></span> <span class='ocrx_word' id='word_1_596' title='bbox 3119 3263 3227 3320; x_wconf 81' lang='grc' dir='ltr'>Καὶ</span> <span class='ocrx_word' id='word_1_597' title='bbox 3284 3264 3435 3320; x_wconf 76' lang='grc' dir='ltr'><strong>εἶπεν</strong></span> <span class='ocrx_word' id='word_1_598' title='bbox 3495 3263 3524 3318; x_wconf 89' lang='lat'>6</span> <span class='ocrx_word' id='word_1_599' title='bbox 3569 3264 3890 3339; x_wconf 78' lang='grc' dir='ltr'><strong>τριστάτης’</strong></span> 
     </span>
    </p>
   </div>
   <div class='ocr_carea' id='block_1_80' title="bbox 2230 3351 3892 3430">
    <p class='ocr_par' dir='ltr' id='par_1_80' title="bbox 2230 3351 3892 3430">
     <span class='ocr_line' id='line_1_80' title="bbox 2230 3351 3892 3430; baseline 0 -21"><span class='ocrx_word' id='word_1_600' title='bbox 2230 3380 2260 3409; x_wconf 86' lang='grc'>‹‹</span> <span class='ocrx_word' id='word_1_601' title='bbox 2290 3355 2356 3413; x_wconf 80' lang='lat' dir='ltr'>El</span> <span class='ocrx_word' id='word_1_602' title='bbox 2406 3352 2603 3426; x_wconf 79' lang='grc' dir='ltr'><strong>ἀνοίξει</strong></span> <span class='ocrx_word' id='word_1_603' title='bbox 2662 3353 2866 3430; x_wconf 82' lang='grc' dir='ltr'><strong>Κύριος</strong></span> <span class='ocrx_word' id='word_1_604' title='bbox 2927 3354 3063 3415; x_wconf 79' lang='grc' dir='ltr'><strong>τοὺς</strong></span> <span class='ocrx_word' id='word_1_605' title='bbox 3096 3351 3469 3428; x_wconf 73' lang='grc' dir='ltr'><strong>καταρράκτας</strong></span> <span class='ocrx_word' id='word_1_606' title='bbox 3496 3357 3595 3408; x_wconf 76' lang='grc' dir='ltr'><strong>τοῦ</strong></span> <span class='ocrx_word' id='word_1_607' title='bbox 3624 3352 3892 3425; x_wconf 79' lang='grc' dir='ltr'><strong>ούρανοῦ,</strong></span> 
     </span>
    </p>
   </div>
   <div class='ocr_carea' id='block_1_81' title="bbox 2229 3439 3891 3520">
    <p class='ocr_par' dir='ltr' id='par_1_81' title="bbox 2229 3439 3891 3520">
     <span class='ocr_line' id='line_1_81' title="bbox 2229 3439 3891 3520; baseline -0.002 -18"><span class='ocrx_word' id='word_1_608' title='bbox 2229 3444 2292 3502; x_wconf 86' lang='grc' dir='ltr'>ού</span> <span class='ocrx_word' id='word_1_609' title='bbox 2324 3446 2400 3519; x_wconf 79' lang='grc' dir='ltr'><strong>μὴ</strong></span> <span class='ocrx_word' id='word_1_610' title='bbox 2428 3440 2574 3499; x_wconf 83' lang='grc' dir='ltr'><strong>ἔσται</strong></span> <span class='ocrx_word' id='word_1_611' title='bbox 2604 3446 2789 3499; x_wconf 78' lang='grc' dir='ltr'><strong>τοῦτο.</strong></span> <span class='ocrx_word' id='word_1_612' title='bbox 2824 3466 2853 3495; x_wconf 84' lang='grc'><strong>››</strong></span> <span class='ocrx_word' id='word_1_613' title='bbox 2906 3443 2969 3501; x_wconf 85' lang='grc'>⁸0</span> <span class='ocrx_word' id='word_1_614' title='bbox 3017 3439 3077 3497; x_wconf 66' lang='grc' dir='ltr'>δὲ</span> <span class='ocrx_word' id='word_1_615' title='bbox 3115 3439 3422 3504; x_wconf 82' lang='grc' dir='ltr'><strong>Ἐλισσαῖος</strong></span> <span class='ocrx_word' id='word_1_616' title='bbox 3462 3441 3643 3520; x_wconf 59' lang='grc' dir='ltr'><strong>φησίν</strong></span> <span class='ocrx_word' id='word_1_617' title='bbox 3676 3466 3704 3495; x_wconf 76' lang='grc' dir='ltr'><strong>οι</strong></span> <span class='ocrx_word' id='word_1_618' title='bbox 3741 3441 3891 3500; x_wconf 82' lang='grc' dir='ltr'><strong>Ἰδοὺ</strong></span> 
     </span>
    </p>
   </div>
   <div class='ocr_carea' id='block_1_82' title="bbox 2229 3530 3882 3613">
    <p class='ocr_par' dir='ltr' id='par_1_82' title="bbox 2229 3530 3882 3613">
     <span class='ocr_line' id='line_1_82' title="bbox 2229 3530 3882 3613; baseline -0.001 -23"><span class='ocrx_word' id='word_1_619' title='bbox 2229 3532 2351 3610; x_wconf 77' lang='grc' dir='ltr'><strong>ὄψει</strong></span> <span class='ocrx_word' id='word_1_620' title='bbox 2382 3538 2500 3595; x_wconf 84' lang='grc' dir='ltr'><strong>τοῖς</strong></span> <span class='ocrx_word' id='word_1_621' title='bbox 2538 3530 2852 3613; x_wconf 76' lang='grc' dir='ltr'><strong>’ὀφθαλμοῖς</strong></span> <span class='ocrx_word' id='word_1_622' title='bbox 2884 3552 3003 3601; x_wconf 84' lang='grc' dir='ltr'><strong>σου,</strong></span> <span class='ocrx_word' id='word_1_623' title='bbox 3048 3531 3139 3587; x_wconf 73' lang='grc' dir='ltr'><strong>καὶ</strong></span> <span class='ocrx_word' id='word_1_624' title='bbox 3203 3530 3401 3596; x_wconf 66' lang='grc' dir='ltr'><strong>ἰκεῖθεν</strong></span> <span class='ocrx_word' id='word_1_625' title='bbox 3431 3532 3496 3588; x_wconf 83' lang='grc' dir='ltr'><strong>οὐ</strong></span> <span class='ocrx_word' id='word_1_626' title='bbox 3533 3533 3610 3607; x_wconf 87' lang='grc' dir='ltr'><strong>μὴ</strong></span> <span class='ocrx_word' id='word_1_627' title='bbox 3641 3552 3819 3610; x_wconf 71' lang='grc' dir='ltr'><strong>φαγῃ.</strong></span> <span class='ocrx_word' id='word_1_628' title='bbox 3854 3554 3882 3588; x_wconf 80' lang='grc' dir='ltr'>ι</span> 
     </span>
    </p>
   </div>
   <div class='ocr_carea' id='block_1_83' title="bbox 2230 3618 3890 3697">
    <p class='ocr_par' dir='ltr' id='par_1_83' title="bbox 2230 3618 3890 3697">
     <span class='ocr_line' id='line_1_83' title="bbox 2230 3618 3890 3697; baseline -0.004 -17"><span class='ocrx_word' id='word_1_629' title='bbox 2230 3623 2336 3680; x_wconf 81' lang='grc' dir='ltr'>Καὶ</span> <span class='ocrx_word' id='word_1_630' title='bbox 2397 3619 2589 3697; x_wconf 79' lang='grc' dir='ltr'><strong>ἄνδρες</strong></span> <span class='ocrx_word' id='word_1_631' title='bbox 2647 3620 2841 3695; x_wconf 75' lang='grc' dir='ltr'><strong>λεπροὶ</strong></span> <span class='ocrx_word' id='word_1_632' title='bbox 2899 3622 3152 3694; x_wconf 67' lang='grc' dir='ltr'><strong>τὲσσαρες</strong></span> <span class='ocrx_word' id='word_1_633' title='bbox 3201 3619 3349 3694; x_wconf 82' lang='grc' dir='ltr'><strong>παρὰ</strong></span> <span class='ocrx_word' id='word_1_634' title='bbox 3401 3619 3501 3688; x_wconf 76' lang='grc' dir='ltr'><strong>τὴν</strong></span> <span class='ocrx_word' id='word_1_635' title='bbox 3540 3618 3723 3692; x_wconf 80' lang='grc' dir='ltr'><strong>πύλην</strong></span> <span class='ocrx_word' id='word_1_636' title='bbox 3779 3628 3890 3692; x_wconf 80' lang='grc' dir='ltr'>τῆς</span> 
     </span>
    </p>
   </div>
   <div class='ocr_carea' id='block_1_84' title="bbox 2230 3707 3890 3789">
    <p class='ocr_par' dir='ltr' id='par_1_84' title="bbox 2230 3707 3890 3789">
     <span class='ocr_line' id='line_1_84' title="bbox 2230 3707 3890 3789; baseline -0.002 -22"><span class='ocrx_word' id='word_1_637' title='bbox 2230 3709 2448 3773; x_wconf 85' lang='grc' dir='ltr'><strong>πόλεως</strong></span> <span class='ocrx_word' id='word_1_638' title='bbox 2512 3710 2834 3783; x_wconf 74' lang='grc' dir='ltr'><strong>καθήμενοι,</strong></span> <span class='ocrx_word' id='word_1_639' title='bbox 2887 3708 2975 3764; x_wconf 84' lang='grc' dir='ltr'><strong>καὶ</strong></span> <span class='ocrx_word' id='word_1_640' title='bbox 3050 3709 3147 3764; x_wconf 76' lang='grc' dir='ltr'><strong>τὸν</strong></span> <span class='ocrx_word' id='word_1_641' title='bbox 3235 3707 3402 3781; x_wconf 80' lang='grc' dir='ltr'><strong>λιμὸν</strong></span> <span class='ocrx_word' id='word_1_642' title='bbox 3461 3709 3537 3783; x_wconf 79' lang='grc' dir='ltr'>μή</span> <span class='ocrx_word' id='word_1_643' title='bbox 3596 3710 3890 3789; x_wconf 67' lang='grc' dir='ltr'><strong>φίροντες,</strong></span> 
     </span>
    </p>
   </div>
   <div class='ocr_carea' id='block_1_85' title="bbox 2232 3795 3899 3875">
    <p class='ocr_par' dir='ltr' id='par_1_85' title="bbox 2232 3795 3899 3875">
     <span class='ocr_line' id='line_1_85' title="bbox 2232 3795 3899 3875; baseline -0.001 -19"><span class='ocrx_word' id='word_1_644' title='bbox 2232 3795 2626 3856; x_wconf 75' lang='grc' dir='ltr'><strong>ἐϐουλεύσαντο</strong></span> <span class='ocrx_word' id='word_1_645' title='bbox 2678 3798 2822 3875; x_wconf 84' lang='grc' dir='ltr'><strong>πρὸς</strong></span> <span class='ocrx_word' id='word_1_646' title='bbox 2856 3796 2991 3859; x_wconf 78' lang='grc' dir='ltr'><strong>τοὺς</strong></span> <span class='ocrx_word' id='word_1_647' title='bbox 3040 3795 3312 3860; x_wconf 70' lang='grc' dir='ltr'><strong>ἐναντίους</strong></span> <span class='ocrx_word' id='word_1_648' title='bbox 3343 3796 3749 3871; x_wconf 78' lang='grc' dir='ltr'><strong>αὐτομολῆσαι.</strong></span> <span class='ocrx_word' id='word_1_649' title='bbox 3787 3801 3899 3855; x_wconf 80' lang='grc' dir='ltr'>Καὶ</span> 
     </span>
    </p>
   </div>
   <div class='ocr_carea' id='block_1_86' title="bbox 2233 3882 3897 3962">
    <p class='ocr_par' dir='ltr' id='par_1_86' title="bbox 2233 3882 3897 3962">
     <span class='ocr_line' id='line_1_86' title="bbox 2233 3882 3897 3962; baseline 0 -18"><span class='ocrx_word' id='word_1_650' title='bbox 2233 3886 2607 3951; x_wconf 76' lang='grc' dir='ltr'><strong>διαναστάντες</strong></span> <span class='ocrx_word' id='word_1_651' title='bbox 2638 3885 2691 3943; x_wconf 72' lang='grc' dir='ltr'>ἐν</span> <span class='ocrx_word' id='word_1_652' title='bbox 2749 3891 2829 3959; x_wconf 78' lang='grc' dir='ltr'><strong>τῷ</strong></span> <span class='ocrx_word' id='word_1_653' title='bbox 2877 3882 3061 3942; x_wconf 74' lang='grc' dir='ltr'><strong>σκότει</strong></span> <span class='ocrx_word' id='word_1_654' title='bbox 3114 3884 3373 3956; x_wconf 80' lang='grc' dir='ltr'><strong>εἰσῆλθον</strong></span> <span class='ocrx_word' id='word_1_655' title='bbox 3420 3885 3498 3948; x_wconf 80' lang='grc' dir='ltr'>είς</span> <span class='ocrx_word' id='word_1_656' title='bbox 3536 3888 3640 3957; x_wconf 76' lang='grc' dir='ltr'><strong>τὴν</strong></span> <span class='ocrx_word' id='word_1_657' title='bbox 3670 3908 3897 3962; x_wconf 74' lang='grc' dir='ltr'><strong>παρσμο</strong></span> 
     </span>
    </p>
   </div>
   <div class='ocr_carea' id='block_1_87' title="bbox 2233 3972 3905 4052">
    <p class='ocr_par' dir='ltr' id='par_1_87' title="bbox 2233 3972 3905 4052">
     <span class='ocr_line' id='line_1_87' title="bbox 2233 3972 3905 4052; baseline -0.001 -18"><span class='ocrx_word' id='word_1_658' title='bbox 2233 3972 2409 4047; x_wconf 76' lang='grc' dir='ltr'><strong>ϐολήν</strong></span> <span class='ocrx_word' id='word_1_659' title='bbox 2444 3975 2663 4052; x_wconf 75' lang='grc' dir='ltr'><strong>Συρίας.</strong></span> <span class='ocrx_word' id='word_1_660' title='bbox 2717 3975 2818 4031; x_wconf 78' lang='grc' dir='ltr'>Καὶ</span> <span class='ocrx_word' id='word_1_661' title='bbox 2874 3972 2999 4030; x_wconf 72' lang='grc' dir='ltr'><strong>ἰδοὺ</strong></span> <span class='ocrx_word' id='word_1_662' title='bbox 3054 3974 3155 4031; x_wconf 86' lang='grc' dir='ltr'>ούκ</span> <span class='ocrx_word' id='word_1_663' title='bbox 3208 3975 3276 4046; x_wconf 77' lang='grc' dir='ltr'><strong>ἦν</strong></span> <span class='ocrx_word' id='word_1_664' title='bbox 3328 3974 3463 4047; x_wconf 77' lang='grc' dir='ltr'><strong>ἀνὴρ</strong></span> <span class='ocrx_word' id='word_1_665' title='bbox 3497 3972 3631 4043; x_wconf 75' lang='grc' dir='ltr'><strong>ἐκεῖ,</strong></span> <span class='ocrx_word' id='word_1_666' title='bbox 3662 3974 3748 4032; x_wconf 79' lang='grc' dir='ltr'><strong>ὅτι</strong></span> <span class='ocrx_word' id='word_1_667' title='bbox 3782 3977 3905 4036; x_wconf 84' lang='grc' dir='ltr'><strong>Κύ-</strong></span> 
     </span>
    </p>
   </div>
   <div class='ocr_carea' id='block_1_88' title="bbox 2236 4059 3906 4144">
    <p class='ocr_par' dir='ltr' id='par_1_88' title="bbox 2236 4059 3906 4144">
     <span class='ocr_line' id='line_1_88' title="bbox 2236 4059 3906 4144; baseline -0.006 -21"><span class='ocrx_word' id='word_1_668' title='bbox 2236 4087 2353 4144; x_wconf 84' lang='grc' dir='ltr'><strong>ριος</strong></span> <span class='ocrx_word' id='word_1_669' title='bbox 2379 4066 2649 4135; x_wconf 76' lang='grc' dir='ltr'><strong>ἀκουστὴν</strong></span> <span class='ocrx_word' id='word_1_670' title='bbox 2708 4063 2938 4137; x_wconf 72' lang='grc' dir='ltr'><strong>ἐποίησε</strong></span> <span class='ocrx_word' id='word_1_671' title='bbox 2985 4065 3085 4136; x_wconf 81' lang='grc' dir='ltr'><strong>τήν</strong></span> <span class='ocrx_word' id='word_1_672' title='bbox 3145 4059 3506 4142; x_wconf 75' lang='grc' dir='ltr'><strong>παρεμϐολὴν</strong></span> <span class='ocrx_word' id='word_1_673' title='bbox 3535 4064 3739 4140; x_wconf 78' lang='grc' dir='ltr'><strong>Συρίας</strong></span> <span class='ocrx_word' id='word_1_674' title='bbox 3774 4089 3906 4143; x_wconf 76' lang='grc' dir='ltr'>φω.</span> 
     </span>
    </p>
   </div>
   <div class='ocr_carea' id='block_1_89' title="bbox 2233 4149 3907 4233">
    <p class='ocr_par' dir='ltr' id='par_1_89' title="bbox 2233 4149 3907 4233">
     <span class='ocr_line' id='line_1_89' title="bbox 2233 4149 3907 4233; baseline -0.001 -20"><span class='ocrx_word' id='word_1_675' title='bbox 2233 4158 2330 4226; x_wconf 78' lang='grc' dir='ltr'><strong>νήν</strong></span> <span class='ocrx_word' id='word_1_676' title='bbox 2360 4154 2617 4233; x_wconf 82' lang='grc' dir='ltr'><strong>ἁρμάτων</strong></span> <span class='ocrx_word' id='word_1_677' title='bbox 2648 4155 2739 4211; x_wconf 81' lang='grc' dir='ltr'><strong>καὶ</strong></span> <span class='ocrx_word' id='word_1_678' title='bbox 2770 4152 2957 4210; x_wconf 73' lang='grc' dir='ltr'><strong>ἵππων</strong></span> <span class='ocrx_word' id='word_1_679' title='bbox 3016 4152 3107 4210; x_wconf 85' lang='grc' dir='ltr'><strong>καὶ</strong></span> <span class='ocrx_word' id='word_1_680' title='bbox 3165 4149 3450 4227; x_wconf 76' lang='grc' dir='ltr'><strong>δυνάμεως</strong></span> <span class='ocrx_word' id='word_1_681' title='bbox 3479 4152 3753 4230; x_wconf 76' lang='grc' dir='ltr'><strong>μιγάλης.</strong></span> <span class='ocrx_word' id='word_1_682' title='bbox 3791 4157 3907 4214; x_wconf 80' lang='grc' dir='ltr'>Καὶ</span> 
     </span>
    </p>
   </div>
   <div class='ocr_carea' id='block_1_90' title="bbox 2233 4241 3907 4319">
    <p class='ocr_par' dir='ltr' id='par_1_90' title="bbox 2233 4241 3907 4319">
     <span class='ocr_line' id='line_1_90' title="bbox 2233 4241 3907 4319; baseline 0.001 -18"><span class='ocrx_word' id='word_1_683' title='bbox 2233 4242 2539 4319; x_wconf 70' lang='grc' dir='ltr'><strong>ἀπέδρασαν</strong></span> <span class='ocrx_word' id='word_1_684' title='bbox 2617 4242 2671 4298; x_wconf 75' lang='grc' dir='ltr'><strong>ἰν</strong></span> <span class='ocrx_word' id='word_1_685' title='bbox 2743 4247 2824 4315; x_wconf 78' lang='grc' dir='ltr'><strong>τῷ</strong></span> <span class='ocrx_word' id='word_1_686' title='bbox 2898 4241 3078 4299; x_wconf 83' lang='grc' dir='ltr'><strong>σκότει</strong></span> <span class='ocrx_word' id='word_1_687' title='bbox 3152 4243 3369 4310; x_wconf 79' lang='grc' dir='ltr'><strong>πάντες,</strong></span> <span class='ocrx_word' id='word_1_688' title='bbox 3465 4242 3907 4319; x_wconf 73' lang='grc' dir='ltr'><strong>καταλείψαντας</strong></span> 
     </span>
    </p>
   </div>
   <div class='ocr_carea' id='block_1_91' title="bbox 2234 4328 3906 4411">
    <p class='ocr_par' dir='ltr' id='par_1_91' title="bbox 2234 4328 3906 4411">
     <span class='ocr_line' id='line_1_91' title="bbox 2234 4328 3906 4411; baseline 0.001 -22"><span class='ocrx_word' id='word_1_689' title='bbox 2234 4334 2458 4394; x_wconf 75' lang='grc' dir='ltr'><strong>ἃπαντα.</strong></span> <span class='ocrx_word' id='word_1_690' title='bbox 2519 4332 2617 4388; x_wconf 82' lang='grc' dir='ltr'>Καὶ</span> <span class='ocrx_word' id='word_1_691' title='bbox 2665 4336 2775 4388; x_wconf 80' lang='grc' dir='ltr'><strong>τῶν</strong></span> <span class='ocrx_word' id='word_1_692' title='bbox 2832 4337 3048 4409; x_wconf 80' lang='grc' dir='ltr'><strong>κεπρῶν</strong></span> <span class='ocrx_word' id='word_1_693' title='bbox 3105 4328 3554 4411; x_wconf 74' lang='grc' dir='ltr'><strong>διασαφησὰντων</strong></span> <span class='ocrx_word' id='word_1_694' title='bbox 3604 4332 3657 4389; x_wconf 75' lang='grc' dir='ltr'><strong>ἐν</strong></span> <span class='ocrx_word' id='word_1_695' title='bbox 3683 4337 3754 4408; x_wconf 80' lang='grc' dir='ltr'><strong>τῇ</strong></span> <span class='ocrx_word' id='word_1_696' title='bbox 3788 4335 3906 4391; x_wconf 83' lang='grc' dir='ltr'>πό-</span> 
     </span>
    </p>
   </div>
   <div class='ocr_carea' id='block_1_92' title="bbox 2234 4421 3899 4499">
    <p class='ocr_par' dir='ltr' id='par_1_92' title="bbox 2234 4421 3899 4499">
     <span class='ocr_line' id='line_1_92' title="bbox 2234 4421 3899 4499; baseline 0.001 -20"><span class='ocrx_word' id='word_1_697' title='bbox 2234 4421 2343 4493; x_wconf 84' lang='grc' dir='ltr'><strong>λει,</strong></span> <span class='ocrx_word' id='word_1_698' title='bbox 2373 4421 2689 4479; x_wconf 65' lang='grc' dir='ltr'><strong>ἀπέστειλεν</strong></span> <span class='ocrx_word' id='word_1_699' title='bbox 2710 4423 2743 4478; x_wconf 87' lang='lat'>6</span> <span class='ocrx_word' id='word_1_700' title='bbox 2777 4421 3033 4499; x_wconf 76' lang='grc' dir='ltr'><strong>βασιλεὺς</strong></span> <span class='ocrx_word' id='word_1_701' title='bbox 3060 4427 3264 4499; x_wconf 84' lang='grc' dir='ltr'><strong>γνῶναι</strong></span> <span class='ocrx_word' id='word_1_702' title='bbox 3296 4421 3344 4477; x_wconf 77' lang='grc' dir='ltr'>εί</span> <span class='ocrx_word' id='word_1_703' title='bbox 3383 4422 3601 4494; x_wconf 76' lang='grc' dir='ltr'><strong>ἀληθὴς</strong></span> <span class='ocrx_word' id='word_1_704' title='bbox 3629 4422 3659 4479; x_wconf 89' lang='lat'>6</span> <span class='ocrx_word' id='word_1_705' title='bbox 3690 4423 3899 4499; x_wconf 79' lang='grc' dir='ltr'><strong>Λόγος.</strong></span> 
     </span>
    </p>
   </div>
   <div class='ocr_carea' id='block_1_93' title="bbox 2236 4508 3906 4587">
    <p class='ocr_par' dir='ltr' id='par_1_93' title="bbox 2236 4508 3906 4587">
     <span class='ocr_line' id='line_1_93' title="bbox 2236 4508 3906 4587; baseline 0.001 -19"><span class='ocrx_word' id='word_1_706' title='bbox 2236 4513 2336 4569; x_wconf 77' lang='grc' dir='ltr'><strong>Καὶ</strong></span> <span class='ocrx_word' id='word_1_707' title='bbox 2397 4509 2749 4586; x_wconf 73' lang='grc' dir='ltr'><strong>πορευθὲντες</strong></span> <span class='ocrx_word' id='word_1_708' title='bbox 2800 4509 2977 4567; x_wconf 76' lang='grc' dir='ltr'><strong>ὀπίσω</strong></span> <span class='ocrx_word' id='word_1_709' title='bbox 3034 4513 3132 4566; x_wconf 76' lang='grc' dir='ltr'><strong>τοῦ</strong></span> <span class='ocrx_word' id='word_1_710' title='bbox 3188 4508 3462 4587; x_wconf 68' lang='grc' dir='ltr'><strong>βασιλέως</strong></span> <span class='ocrx_word' id='word_1_711' title='bbox 3520 4511 3720 4585; x_wconf 83' lang='grc' dir='ltr'><strong>Συρίας</strong></span> <span class='ocrx_word' id='word_1_712' title='bbox 3780 4508 3906 4577; x_wconf 68' lang='grc' dir='ltr'><strong>ἕως</strong></span> 
     </span>
    </p>
   </div>
   <div class='ocr_carea' id='block_1_94' title="bbox 2235 4596 3908 4678">
    <p class='ocr_par' dir='ltr' id='par_1_94' title="bbox 2235 4596 3908 4678">
     <span class='ocr_line' id='line_1_94' title="bbox 2235 4596 3908 4678; baseline 0.001 -20"><span class='ocrx_word' id='word_1_713' title='bbox 2235 4605 2333 4658; x_wconf 81' lang='grc' dir='ltr'>τοῦ</span> <span class='ocrx_word' id='word_1_714' title='bbox 2358 4597 2655 4675; x_wconf 71' lang='grc' dir='ltr'><strong>Ἰορδάνου,</strong></span> <span class='ocrx_word' id='word_1_715' title='bbox 2714 4597 2859 4657; x_wconf 62' lang='grc' dir='ltr'><strong>ἰδοὺ</strong></span> <span class='ocrx_word' id='word_1_716' title='bbox 2886 4605 3054 4671; x_wconf 48' lang='grc' dir='ltr'><strong>πᾶσαί</strong></span> <span class='ocrx_word' id='word_1_717' title='bbox 3114 4602 3150 4670; x_wconf 80' lang='grc' dir='ltr'>ἡ</span> <span class='ocrx_word' id='word_1_718' title='bbox 3208 4596 3347 4663; x_wconf 81' lang='grc' dir='ltr'><strong>ὁδὸς-</strong></span> <span class='ocrx_word' id='word_1_719' title='bbox 3392 4599 3621 4678; x_wconf 76' lang='grc' dir='ltr'><strong>πλήρης</strong></span> <span class='ocrx_word' id='word_1_720' title='bbox 3650 4602 3908 4675; x_wconf 76' lang='grc' dir='ltr'><strong>ἱματίων</strong></span> 
     </span>
    </p>
   </div>
   <div class='ocr_carea' id='block_1_95' title="bbox 474 4685 2126 4767">
    <p class='ocr_par' dir='ltr' id='par_1_95' title="bbox 474 4687 2124 4763">
     <span class='ocr_line' id='line_1_95' title="bbox 474 4687 2124 4763; baseline 0.004 -20"><span class='ocrx_word' id='word_1_721' title='bbox 474 4687 582 4754; x_wconf 87' lang='lat' dir='ltr'>Qui</span> <span class='ocrx_word' id='word_1_722' title='bbox 613 4689 767 4763; x_wconf 86' lang='lat' dir='ltr'>regis</span> <span class='ocrx_word' id='word_1_723' title='bbox 798 4688 924 4761; x_wconf 83' lang='lat' dir='ltr'>Syri</span> <span class='ocrx_word' id='word_1_724' title='bbox 951 4689 1194 4763; x_wconf 84' lang='lat' dir='ltr'>vestigia</span> <span class='ocrx_word' id='word_1_725' title='bbox 1219 4706 1405 4763; x_wconf 85' lang='lat' dir='ltr'>usque</span> <span class='ocrx_word' id='word_1_726' title='bbox 1433 4690 1507 4748; x_wconf 89' lang='lat' dir='ltr'>ad</span> <span class='ocrx_word' id='word_1_727' title='bbox 1535 4690 1850 4748; x_wconf 86' lang='lat' dir='ltr'>Jordanem</span> <span class='ocrx_word' id='word_1_728' title='bbox 1883 4690 2124 4749; x_wconf 79' lang='lat' dir='ltr'>fluvium</span> 
     </span>
    </p>
   </div>
   <div class='ocr_carea' id='block_1_96' title="bbox 2236 4685 3910 4767">
    <p class='ocr_par' dir='ltr' id='par_1_96' title="bbox 2236 4685 3910 4767">
     <span class='ocr_line' id='line_1_96' title="bbox 2236 4685 3910 4767; baseline 0.001 -18"><span class='ocrx_word' id='word_1_729' title='bbox 2236 4693 2323 4749; x_wconf 79' lang='grc' dir='ltr'><strong>καὶ</strong></span> <span class='ocrx_word' id='word_1_730' title='bbox 2383 4697 2587 4748; x_wconf 80' lang='grc' dir='ltr'><strong>σκευῶν</strong></span> <span class='ocrx_word' id='word_1_731' title='bbox 2632 4692 2724 4747; x_wconf 79' lang='grc' dir='ltr'><strong>-ῶν</strong></span> <span class='ocrx_word' id='word_1_732' title='bbox 2765 4685 2981 4767; x_wconf 70' lang='grc' dir='ltr'><strong>ἔῤῥιψεν</strong></span> <span class='ocrx_word' id='word_1_733' title='bbox 3034 4688 3093 4746; x_wconf 71' lang='grc' dir='ltr'><strong>ἐν</strong></span> <span class='ocrx_word' id='word_1_734' title='bbox 3140 4695 3221 4763; x_wconf 81' lang='grc' dir='ltr'><strong>τῷ</strong></span> <span class='ocrx_word' id='word_1_735' title='bbox 3274 4685 3599 4765; x_wconf 77' lang='grc' dir='ltr'><strong>θαμϐεἷσθαι</strong></span> <span class='ocrx_word' id='word_1_736' title='bbox 3667 4690 3910 4762; x_wconf 54' lang='grc' dir='ltr'><strong>αὓτούςε</strong></span> 
     </span>
    </p>
   </div>
   <div class='ocr_carea' id='block_1_97' title="bbox 475 4776 2126 4857">
    <p class='ocr_par' dir='ltr' id='par_1_97' title="bbox 475 4776 2124 4854">
     <span class='ocr_line' id='line_1_97' title="bbox 475 4776 2124 4854; baseline 0.002 -20"><span class='ocrx_word' id='word_1_737' title='bbox 475 4778 661 4835; x_wconf 87' lang='lat' dir='ltr'>secuti</span> <span class='ocrx_word' id='word_1_738' title='bbox 718 4782 902 4835; x_wconf 86' lang='lat' dir='ltr'>totam</span> <span class='ocrx_word' id='word_1_739' title='bbox 960 4776 1113 4836; x_wconf 82' lang='lat' dir='ltr'>viam</span> <span class='ocrx_word' id='word_1_740' title='bbox 1168 4781 1428 4837; x_wconf 85' lang='lat' dir='ltr'>vestibus</span> <span class='ocrx_word' id='word_1_741' title='bbox 1507 4786 1565 4836; x_wconf 84' lang='lat' dir='ltr'>et</span> <span class='ocrx_word' id='word_1_742' title='bbox 1628 4781 1781 4837; x_wconf 85' lang='lat' dir='ltr'>vasis</span> <span class='ocrx_word' id='word_1_743' title='bbox 1838 4781 2124 4854; x_wconf 85' lang='lat' dir='ltr'>repletam</span> 
     </span>
    </p>
   </div>
   <div class='ocr_carea' id='block_1_98' title="bbox 2236 4776 3911 4857">
    <p class='ocr_par' dir='ltr' id='par_1_98' title="bbox 2236 4778 3911 4857">
     <span class='ocr_line' id='line_1_98' title="bbox 2236 4778 3911 4857; baseline 0.002 -19"><span class='ocrx_word' id='word_1_744' title='bbox 2236 4781 2334 4839; x_wconf 74' lang='lat' dir='ltr'>Kal</span> <span class='ocrx_word' id='word_1_745' title='bbox 2403 4780 2857 4857; x_wconf 66' lang='grc' dir='ltr'><strong>ὑποστρεψάντων</strong></span> <span class='ocrx_word' id='word_1_746' title='bbox 2907 4784 3016 4837; x_wconf 79' lang='grc' dir='ltr'>τῶν</span> <span class='ocrx_word' id='word_1_747' title='bbox 3072 4778 3518 4853; x_wconf 69' lang='grc' dir='ltr'><strong>ἁπεσταλμὲνων,</strong></span> <span class='ocrx_word' id='word_1_748' title='bbox 3577 4779 3807 4852; x_wconf 70' lang='grc' dir='ltr'><strong>ἐξῆλθεν</strong></span> <span class='ocrx_word' id='word_1_749' title='bbox 3878 4786 3911 4841; x_wconf 86' lang='lat'>6</span> 
     </span>
    </p>
   </div>
   <div class='ocr_carea' id='block_1_99' title="bbox 474 4865 2126 4946">
    <p class='ocr_par' dir='ltr' id='par_1_99' title="bbox 474 4868 2120 4945">
     <span class='ocr_line' id='line_1_99' title="bbox 474 4868 2120 4945; baseline 0.004 -23"><span class='ocrx_word' id='word_1_750' title='bbox 474 4868 769 4939; x_wconf 86' lang='lat' dir='ltr'>viderunt,</span> <span class='ocrx_word' id='word_1_751' title='bbox 823 4886 953 4942; x_wconf 77' lang='lat' dir='ltr'>quae</span> <span class='ocrx_word' id='word_1_752' title='bbox 1000 4869 1369 4943; x_wconf 89' lang='lat' dir='ltr'>trepidantes</span> <span class='ocrx_word' id='word_1_753' title='bbox 1418 4871 1574 4928; x_wconf 88' lang='lat' dir='ltr'>inter</span> <span class='ocrx_word' id='word_1_754' title='bbox 1620 4871 1963 4945; x_wconf 86' lang='lat' dir='ltr'>fugiendum</span> <span class='ocrx_word' id='word_1_755' title='bbox 1997 4873 2120 4945; x_wconf 88' lang='lat' dir='ltr'>Syri</span> 
     </span>
    </p>
   </div>
   <div class='ocr_carea' id='block_1_100' title="bbox 2236 4865 3917 4946">
    <p class='ocr_par' dir='ltr' id='par_1_100' title="bbox 2236 4865 3917 4946">
     <span class='ocr_line' id='line_1_100' title="bbox 2236 4865 3917 4946; baseline -0.004 -18"><span class='ocrx_word' id='word_1_756' title='bbox 2236 4871 2366 4934; x_wconf 85' lang='grc' dir='ltr'><strong>λαὸς</strong></span> <span class='ocrx_word' id='word_1_757' title='bbox 2395 4878 2498 4943; x_wconf 84' lang='grc' dir='ltr'><strong>τῆς</strong></span> <span class='ocrx_word' id='word_1_758' title='bbox 2520 4869 2734 4932; x_wconf 82' lang='grc' dir='ltr'><strong>πόλεως</strong></span> <span class='ocrx_word' id='word_1_759' title='bbox 2791 4868 2883 4926; x_wconf 76' lang='grc' dir='ltr'>καὶ</span> <span class='ocrx_word' id='word_1_760' title='bbox 2942 4865 3210 4943; x_wconf 74' lang='grc' dir='ltr'><strong>διήρπασε</strong></span> <span class='ocrx_word' id='word_1_761' title='bbox 3236 4870 3336 4939; x_wconf 77' lang='grc' dir='ltr'><strong>τὴν</strong></span> <span class='ocrx_word' id='word_1_762' title='bbox 3386 4865 3752 4946; x_wconf 71' lang='grc' dir='ltr'><strong>παρεμϐολὴν</strong></span> <span class='ocrx_word' id='word_1_763' title='bbox 3784 4880 3917 4930; x_wconf 73' lang='grc' dir='ltr'>Συ-</span> 
     </span>
    </p>
   </div>
   <div class='ocr_carea' id='block_1_101' title="bbox 474 4955 2126 5037">
    <p class='ocr_par' dir='ltr' id='par_1_101' title="bbox 474 4959 2125 5034">
     <span class='ocr_line' id='line_1_101' title="bbox 474 4959 2125 5034; baseline 0 -17"><span class='ocrx_word' id='word_1_764' title='bbox 474 4960 571 5032; x_wconf 88' lang='lat' dir='ltr'>abj</span> <span class='ocrx_word' id='word_1_765' title='bbox 582 4966 819 5017; x_wconf 89' lang='lat' dir='ltr'>ecerant</span> <span class='ocrx_word' id='word_1_766' title='bbox 833 4960 898 5014; x_wconf 78' lang='grc'>⁸⁸.</span> <span class='ocrx_word' id='word_1_767' title='bbox 924 4959 1405 5033; x_wconf 81' lang='lat' dir='ltr'>Exploratoribus</span> <span class='ocrx_word' id='word_1_768' title='bbox 1427 4960 1677 5017; x_wconf 88' lang='lat' dir='ltr'>reversis</span> <span class='ocrx_word' id='word_1_769' title='bbox 1699 4962 1953 5034; x_wconf 88' lang='lat' dir='ltr'>populus</span> <span class='ocrx_word' id='word_1_770' title='bbox 1979 4962 2125 5017; x_wconf 89' lang='lat' dir='ltr'>urbe</span> 
     </span>
    </p>
   </div>
   <div class='ocr_carea' id='block_1_102' title="bbox 2236 4955 3914 5037">
    <p class='ocr_par' dir='ltr' id='par_1_102' title="bbox 2236 4955 3914 5037">
     <span class='ocr_line' id='line_1_102' title="bbox 2236 4955 3914 5037; baseline 0.002 -21"><span class='ocrx_word' id='word_1_771' title='bbox 2236 4960 2376 5037; x_wconf 75' lang='grc' dir='ltr'><strong>ρίας,</strong></span> <span class='ocrx_word' id='word_1_772' title='bbox 2428 4961 2519 5016; x_wconf 76' lang='grc' dir='ltr'><strong>καὶ</strong></span> <span class='ocrx_word' id='word_1_773' title='bbox 2577 4958 2784 5036; x_wconf 77' lang='grc' dir='ltr'><strong>ἐγένετο</strong></span> <span class='ocrx_word' id='word_1_774' title='bbox 2856 4956 3057 5035; x_wconf 75' lang='grc' dir='ltr'><strong>μέτρον</strong></span> <span class='ocrx_word' id='word_1_775' title='bbox 3138 4955 3482 5034; x_wconf 72' lang='grc' dir='ltr'><strong>σεμιδάλεως</strong></span> <span class='ocrx_word' id='word_1_776' title='bbox 3535 4958 3728 5016; x_wconf 80' lang='grc' dir='ltr'><strong>σίκλου</strong></span> <span class='ocrx_word' id='word_1_777' title='bbox 3800 4963 3914 5020; x_wconf 77' lang='grc' dir='ltr'><strong>καὶ</strong></span> 
     </span>
    </p>
   </div>
   <div class='ocr_carea' id='block_1_103' title="bbox 477 5047 2126 5127">
    <p class='ocr_par' dir='ltr' id='par_1_103' title="bbox 477 5050 2126 5124">
     <span class='ocr_line' id='line_1_103' title="bbox 477 5050 2126 5124; baseline 0.003 -21"><span class='ocrx_word' id='word_1_778' title='bbox 477 5065 539 5104; x_wconf 91' lang='lat' dir='ltr'>se</span> <span class='ocrx_word' id='word_1_779' title='bbox 570 5050 645 5105; x_wconf 92' lang='lat' dir='ltr'>ad</span> <span class='ocrx_word' id='word_1_780' title='bbox 674 5051 932 5107; x_wconf 90' lang='lat' dir='ltr'>hostium</span> <span class='ocrx_word' id='word_1_781' title='bbox 964 5056 1159 5107; x_wconf 89' lang='lat' dir='ltr'>castra</span> <span class='ocrx_word' id='word_1_782' title='bbox 1187 5050 1523 5124; x_wconf 88' lang='lat' dir='ltr'>diripienda</span> <span class='ocrx_word' id='word_1_783' title='bbox 1563 5051 1789 5108; x_wconf 76' lang='lat' dir='ltr'>effudit.</span> <span class='ocrx_word' id='word_1_784' title='bbox 1823 5053 2012 5124; x_wconf 86' lang='lat' dir='ltr'>Atque</span> <span class='ocrx_word' id='word_1_785' title='bbox 2044 5053 2126 5109; x_wconf 85' lang='lat' dir='ltr'>ita</span> 
     </span>
    </p>
   </div>
   <div class='ocr_carea' id='block_1_104' title="bbox 2236 5047 3913 5127">
    <p class='ocr_par' dir='ltr' id='par_1_104' title="bbox 2236 5047 3913 5127">
     <span class='ocr_line' id='line_1_104' title="bbox 2236 5047 3913 5127; baseline 0.002 -20"><span class='ocrx_word' id='word_1_786' title='bbox 2236 5047 2486 5127; x_wconf 80' lang='grc' dir='ltr'><strong>δίμετρον</strong></span> <span class='ocrx_word' id='word_1_787' title='bbox 2513 5051 2706 5125; x_wconf 79' lang='grc' dir='ltr'><strong>κριθῆς</strong></span> <span class='ocrx_word' id='word_1_788' title='bbox 2766 5047 2959 5104; x_wconf 74' lang='grc' dir='ltr'><strong>σίκλου</strong></span> <span class='ocrx_word' id='word_1_789' title='bbox 3022 5047 3160 5104; x_wconf 78' lang='grc' dir='ltr'><strong>κατὰ</strong></span> <span class='ocrx_word' id='word_1_790' title='bbox 3213 5048 3278 5105; x_wconf 81' lang='grc' dir='ltr'><strong>τὸ</strong></span> <span class='ocrx_word' id='word_1_791' title='bbox 3334 5048 3491 5124; x_wconf 74' lang='grc' dir='ltr'><strong>ῥῆμα</strong></span> <span class='ocrx_word' id='word_1_792' title='bbox 3518 5050 3742 5126; x_wconf 76' lang='grc' dir='ltr'><strong>Κυρίου.</strong></span> <span class='ocrx_word' id='word_1_793' title='bbox 3777 5053 3913 5110; x_wconf 66' lang='grc' dir='ltr'><strong>Ταῦ</strong></span> 
     </span>
    </p>
   </div>
   <div class='ocr_carea' id='block_1_105' title="bbox 478 5135 2126 5216">
    <p class='ocr_par' dir='ltr' id='par_1_105' title="bbox 478 5140 2126 5216">
     <span class='ocr_line' id='line_1_105' title="bbox 478 5140 2126 5216; baseline 0.003 -23"><span class='ocrx_word' id='word_1_794' title='bbox 478 5143 597 5195; x_wconf 87' lang='lat' dir='ltr'>tum</span> <span class='ocrx_word' id='word_1_795' title='bbox 626 5140 872 5213; x_wconf 87' lang='lat' dir='ltr'>impleta</span> <span class='ocrx_word' id='word_1_796' title='bbox 921 5146 1062 5198; x_wconf 90' lang='lat' dir='ltr'>sunt</span> <span class='ocrx_word' id='word_1_797' title='bbox 1119 5158 1251 5213; x_wconf 67' lang='lat' dir='ltr'>quas</span> <span class='ocrx_word' id='word_1_798' title='bbox 1309 5140 1381 5197; x_wconf 91' lang='lat' dir='ltr'>de</span> <span class='ocrx_word' id='word_1_799' title='bbox 1438 5140 1661 5197; x_wconf 83' lang='lat' dir='ltr'>vilitate</span> <span class='ocrx_word' id='word_1_800' title='bbox 1718 5158 1972 5198; x_wconf 70' lang='lat' dir='ltr'>annona)</span> <span class='ocrx_word' id='word_1_801' title='bbox 2020 5160 2126 5216; x_wconf 89' lang='lat' dir='ltr'>per</span> 
     </span>
    </p>
   </div>
   <div class='ocr_carea' id='block_1_106' title="bbox 2236 5135 3915 5216">
    <p class='ocr_par' dir='ltr' id='par_1_106' title="bbox 2236 5135 3915 5215">
     <span class='ocr_line' id='line_1_106' title="bbox 2236 5135 3915 5215; baseline 0.001 -19"><span class='ocrx_word' id='word_1_802' title='bbox 2236 5137 2290 5196; x_wconf 69' lang='grc' dir='ltr'><strong>δὲ</strong></span> <span class='ocrx_word' id='word_1_803' title='bbox 2347 5138 2617 5215; x_wconf 70' lang='grc' dir='ltr'><strong>βασιλέως</strong></span> <span class='ocrx_word' id='word_1_804' title='bbox 2675 5138 3109 5210; x_wconf 77' lang='grc' dir='ltr'><strong>καταστήσαντος</strong></span> <span class='ocrx_word' id='word_1_805' title='bbox 3158 5135 3252 5194; x_wconf 76' lang='grc' dir='ltr'><strong>τὰν</strong></span> <span class='ocrx_word' id='word_1_806' title='bbox 3303 5138 3596 5213; x_wconf 78' lang='grc' dir='ltr'><strong>τριστάτην</strong></span> <span class='ocrx_word' id='word_1_807' title='bbox 3650 5137 3742 5197; x_wconf 71' lang='grc' dir='ltr'>ἐπὶ</span> <span class='ocrx_word' id='word_1_808' title='bbox 3788 5149 3915 5214; x_wconf 80' lang='grc' dir='ltr'><strong>τῆς</strong></span> 
     </span>
    </p>
   </div>
   <div class='ocr_carea' id='block_1_107' title="bbox 549 5236 2126 5371">
    <p class='ocr_par' dir='ltr' id='par_1_107' title="bbox 549 5236 2126 5371">
     <span class='ocr_line' id='line_1_107' title="bbox 549 5236 2126 5371; baseline 0.001 -3"><span class='ocrx_word' id='word_1_809' title='bbox 549 5236 596 5271; x_wconf 54' lang='grc' dir='ltr'><strong>ω</strong></span> <span class='ocrx_word' id='word_1_810' title='bbox 625 5239 696 5291; x_wconf 63' lang='grc' dir='ltr'><strong><em>Ν</em></strong></span> <span class='ocrx_word' id='word_1_811' title='bbox 727 5239 865 5313; x_wconf 63' lang='lat' dir='ltr'>Reg&#39;</span> <span class='ocrx_word' id='word_1_812' title='bbox 899 5256 974 5308; x_wconf 42' lang='grc' dir='ltr'>’Ἦ</span> <span class='ocrx_word' id='word_1_813' title='bbox 1007 5245 1059 5296; x_wconf 68' lang='grc'><strong>⁷’</strong></span> <span class='ocrx_word' id='word_1_814' title='bbox 1675 5248 2040 5371; x_wconf 66' lang='lat' dir='ltr'>XYbANDRl</span> <span class='ocrx_word' id='word_1_815' title='bbox 2078 5315 2126 5369; x_wconf 88' lang='lat' dir='ltr'>E&#39;</span> 
     </span>
    </p>
   </div>
   <div class='ocr_carea' id='block_1_108' title="bbox 2236 5236 2681 5371">
    <p class='ocr_par' dir='ltr' id='par_1_108' title="bbox 2236 5312 2681 5369">
     <span class='ocr_line' id='line_1_108' title="bbox 2236 5312 2681 5369; baseline -0.011 0"><span class='ocrx_word' id='word_1_816' title='bbox 2236 5312 2421 5369; x_wconf 64' lang='lat' dir='ltr'>EOARI</span> <span class='ocrx_word' id='word_1_817' title='bbox 2459 5312 2681 5369; x_wconf 74' lang='grc' dir='ltr'>ΝΟΤᾸΞ.</span> 
     </span>
    </p>
   </div>
   <div class='ocr_carea' id='block_1_109' title="bbox 2238 5397 3921 5472">
    <p class='ocr_par' dir='ltr' id='par_1_109' title="bbox 2238 5397 3921 5472">
     <span class='ocr_line' id='line_1_109' title="bbox 2238 5397 3921 5472; baseline 0.003 -16"><span class='ocrx_word' id='word_1_818' title='bbox 2238 5400 2466 5472; x_wconf 86' lang='lat' dir='ltr'>integre</span> <span class='ocrx_word' id='word_1_819' title='bbox 2497 5400 2660 5472; x_wconf 58' lang='lat' dir='ltr'>misit</span> <span class='ocrx_word' id='word_1_820' title='bbox 2690 5400 3105 5472; x_wconf 45' lang='lat' dir='ltr'>numerium</span> <span class='ocrx_word' id='word_1_821' title='bbox 3162 5398 3292 5472; x_wconf 76' lang='lat' dir='ltr'>(seu</span> <span class='ocrx_word' id='word_1_822' title='bbox 3350 5397 3747 5472; x_wconf 82' lang='lat' dir='ltr'>triumviruml</span> <span class='ocrx_word' id='word_1_823' title='bbox 3810 5407 3921 5463; x_wconf 71' lang='lat' dir='ltr'>cui</span> 
     </span>
    </p>
   </div>
   <div class='ocr_carea' id='block_1_110' title="bbox 2236 5469 3917 5549">
    <p class='ocr_par' dir='ltr' id='par_1_110' title="bbox 2236 5469 3917 5549">
     <span class='ocr_line' id='line_1_110' title="bbox 2236 5469 3917 5549; baseline -0.004 -22"><span class='ocrx_word' id='word_1_824' title='bbox 2236 5469 2608 5549; x_wconf 71' lang='lat' dir='ltr'>innitebatur._</span> <span class='ocrx_word' id='word_1_825' title='bbox 2630 5469 2900 5549; x_wconf 73' lang='lat' dir='ltr'>Sanctius</span> <span class='ocrx_word' id='word_1_826' title='bbox 2944 5470 3006 5549; x_wconf 87' lang='lat' dir='ltr'>in</span> <span class='ocrx_word' id='word_1_827' title='bbox 3028 5469 3198 5549; x_wconf 80' lang='lat' dir='ltr'>_Reg.</span> <span class='ocrx_word' id='word_1_828' title='bbox 3231 5469 3336 5549; x_wconf 77' lang='lat' dir='ltr'>lib.</span> <span class='ocrx_word' id='word_1_829' title='bbox 3358 5470 3658 5549; x_wconf 52' lang='lat' dir='ltr'>_tet91étnv</span> <span class='ocrx_word' id='word_1_830' title='bbox 3691 5473 3917 5533; x_wconf 83' lang='lat' dir='ltr'>inter-</span> 
     </span>
    </p>
   </div>
   <div class='ocr_carea' id='block_1_111' title="bbox 2236 5538 3916 5615">
    <p class='ocr_par' dir='ltr' id='par_1_111' title="bbox 2236 5538 3916 5615">
     <span class='ocr_line' id='line_1_111' title="bbox 2236 5538 3916 5615; baseline 0.004 -18"><span class='ocrx_word' id='word_1_831' title='bbox 2236 5548 2509 5615; x_wconf 82' lang='lat' dir='ltr'>pretatur</span> <span class='ocrx_word' id='word_1_832' title='bbox 2533 5542 2827 5615; x_wconf 56' lang='lat' dir='ltr'>triarium,</span> <span class='ocrx_word' id='word_1_833' title='bbox 2877 5538 2929 5596; x_wconf 73' lang='grc' dir='ltr'>’θ’</span> <span class='ocrx_word' id='word_1_834' title='bbox 2970 5538 3174 5615; x_wconf 51' lang='lat' dir='ltr'>tribus—</span> <span class='ocrx_word' id='word_1_835' title='bbox 3224 5538 3519 5615; x_wconf 62' lang='lat' dir='ltr'>ministris</span> <span class='ocrx_word' id='word_1_836' title='bbox 3542 5538 3758 5615; x_wconf 71' lang='lat' dir='ltr'>unum,“</span> <span class='ocrx_word' id='word_1_837' title='bbox 3799 5550 3916 5605; x_wconf 85' lang='lat' dir='ltr'>oui</span> 
     </span>
    </p>
   </div>
   <div class='ocr_carea' id='block_1_112' title="bbox 2236 5612 3915 5741">
    <p class='ocr_par' dir='ltr' id='par_1_112' title="bbox 2236 5612 3915 5741">
     <span class='ocr_line' id='line_1_112' title="bbox 2236 5612 3915 5741; baseline 0.004 -73"><span class='ocrx_word' id='word_1_838' title='bbox 2236 5612 2401 5741; x_wconf 49' lang='lat' dir='ltr'>atans</span> <span class='ocrx_word' id='word_1_839' title='bbox 2430 5614 2521 5669; x_wconf 89' lang='lat' dir='ltr'>vel</span> <span class='ocrx_word' id='word_1_840' title='bbox 2552 5612 2866 5668; x_wconf 88' lang='lat' dir='ltr'>ambulans</span> <span class='ocrx_word' id='word_1_841' title='bbox 2894 5629 3002 5685; x_wconf 89' lang='lat' dir='ltr'>per</span> <span class='ocrx_word' id='word_1_842' title='bbox 3055 5614 3212 5669; x_wconf 74' lang='lat' dir='ltr'>vic‘es</span> <span class='ocrx_word' id='word_1_843' title='bbox 3268 5629 3373 5669; x_wconf 85' lang='lat' dir='ltr'>rex</span> <span class='ocrx_word' id='word_1_844' title='bbox 3429 5613 3659 5671; x_wconf 87' lang='lat' dir='ltr'>solebat</span> <span class='ocrx_word' id='word_1_845' title='bbox 3683 5615 3915 5675; x_wconf 86' lang='lat' dir='ltr'>inniti.</span> 
     </span>
     <span class='ocr_line' id='line_1_113' title="bbox 2282 5701 2411 5741; baseline 0 0"><span class='ocrx_word' id='word_1_846' title='bbox 2282 5701 2411 5741; x_wconf 64' lang='lat' dir='ltr'>om.</span> 
     </span>
    </p>
   </div>
   <div class='ocr_carea' id='block_1_113' title="bbox 2282 5701 2411 5743">
    <p class='ocr_par' dir='ltr' id='par_1_113' title="bbox 2282 5701 2411 5743">
     <span class='ocr_line' id='line_1_114' title="bbox 2282 5701 2411 5743; baseline -0.008 0"><span class='ocrx_word' id='word_1_847' title='bbox 2282 5701 2411 5743; x_wconf 70' lang='lat' dir='ltr'>CAR.</span> 
     </span>
    </p>
   </div>
   <div class='ocr_carea' id='block_1_114' title="bbox 552 5383 2127 5477">
    <p class='ocr_par' dir='ltr' id='par_1_114' title="bbox 552 5383 2127 5477">
     <span class='ocr_line' id='line_1_115' title="bbox 552 5383 2127 5477; baseline 0.007 -29"><span class='ocrx_word' id='word_1_848' title='bbox 552 5395 665 5465; x_wconf 83' lang='lat'>(88)</span> <span class='ocrx_word' id='word_1_849' title='bbox 693 5383 859 5477; x_wconf 60' lang='grc' dir='ltr'>’σῖτ’-Μ</span> <span class='ocrx_word' id='word_1_850' title='bbox 882 5399 966 5477; x_wconf 78' lang='lat' dir='ltr'>sic</span> <span class='ocrx_word' id='word_1_851' title='bbox 996 5399 1278 5477; x_wconf 80' lang='lat' dir='ltr'>Hebraice</span> <span class='ocrx_word' id='word_1_852' title='bbox 1302 5399 1457 5477; x_wconf 79' lang='lat' dir='ltr'>docti</span> <span class='ocrx_word' id='word_1_853' title='bbox 1479 5400 1983 5477; x_wconf 78' lang='lat' dir='ltr'>interpretantur:</span> <span class='ocrx_word' id='word_1_854' title='bbox 2018 5420 2127 5459; x_wconf 29' lang='lat' dir='ltr'>nos</span> 
     </span>
    </p>
   </div>
   <div class='ocr_carea' id='block_1_115' title="bbox 487 5472 2125 5547">
    <p class='ocr_par' dir='ltr' id='par_1_115' title="bbox 487 5472 2125 5547">
     <span class='ocr_line' id='line_1_116' title="bbox 487 5472 2125 5547; baseline 0.006 -28"><span class='ocrx_word' id='word_1_855' title='bbox 487 5479 625 5547; x_wconf 68' lang='lat' dir='ltr'>man</span> <span class='ocrx_word' id='word_1_856' title='bbox 646 5472 808 5547; x_wconf 79' lang='lat' dir='ltr'>enim</span> <span class='ocrx_word' id='word_1_857' title='bbox 837 5486 873 5525; x_wconf 90' lang='lat' dir='ltr'>a</span> <span class='ocrx_word' id='word_1_858' title='bbox 913 5472 1172 5547; x_wconf 72' lang='lat' dir='ltr'>ternario</span> <span class='ocrx_word' id='word_1_859' title='bbox 1204 5478 1312 5529; x_wconf 90' lang='lat' dir='ltr'>est.</span> <span class='ocrx_word' id='word_1_860' title='bbox 1343 5472 1954 5547; x_wconf 30' lang='lat' dir='ltr'>Iosephus’Antiqmt.</span> <span class='ocrx_word' id='word_1_861' title='bbox 1988 5492 2067 5543; x_wconf 79' lang='lat' dir='ltr'>ix,</span> <span class='ocrx_word' id='word_1_862' title='bbox 2094 5476 2125 5529; x_wconf 87' lang='lat'><strong>3</strong></span> 
     </span>
    </p>
   </div>
   <div class='ocr_carea' id='block_1_116' title="bbox 477 5532 2127 5621">
    <p class='ocr_par' dir='ltr' id='par_1_116' title="bbox 477 5532 2127 5621">
     <span class='ocr_line' id='line_1_117' title="bbox 477 5532 2127 5621; baseline 0.004 -27"><span class='ocrx_word' id='word_1_863' title='bbox 477 5532 668 5621; x_wconf 62' lang='grc' dir='ltr'><strong>τρίτης</strong></span> <span class='ocrx_word' id='word_1_864' title='bbox 701 5536 1189 5621; x_wconf 34' lang='grc' dir='ltr'><strong>μοίραςοῂγεμὸχα·</strong></span> <span class='ocrx_word' id='word_1_865' title='bbox 1216 5532 1544 5621; x_wconf 71' lang='lat' dir='ltr'>transtulit.</span> <span class='ocrx_word' id='word_1_866' title='bbox 1599 5546 1788 5601; x_wconf 73' lang='lat' dir='ltr'>tertias</span> <span class='ocrx_word' id='word_1_867' title='bbox 1817 5532 2127 5621; x_wconf 61' lang='lat' dir='ltr'>copiarum</span> 
     </span>
    </p>
   </div>
   <div class='ocr_carea' id='block_1_117' title="bbox 479 5612 2127 5688">
    <p class='ocr_par' dir='ltr' id='par_1_117' title="bbox 479 5612 2127 5688">
     <span class='ocr_line' id='line_1_118' title="bbox 479 5612 2127 5688; baseline 0.004 -24"><span class='ocrx_word' id='word_1_868' title='bbox 479 5612 650 5688; x_wconf 61' lang='lat' dir='ltr'>parti</span> <span class='ocrx_word' id='word_1_869' title='bbox 670 5612 1072 5688; x_wconf 66' lang='lat' dir='ltr'>praepositum.</span> <span class='ocrx_word' id='word_1_870' title='bbox 1093 5612 1289 5668; x_wconf 69' lang='lat' dir='ltr'>Suidaa</span> <span class='ocrx_word' id='word_1_871' title='bbox 1317 5613 1607 5688; x_wconf 74' lang='grc' dir='ltr'><strong>τριστάτης</strong></span> <span class='ocrx_word' id='word_1_872' title='bbox 1639 5624 1729 5672; x_wconf 85' lang='lat' dir='ltr'>est</span> <span class='ocrx_word' id='word_1_873' title='bbox 1757 5612 2007 5688; x_wconf 66' lang='lat' dir='ltr'>stipator</span> <span class='ocrx_word' id='word_1_874' title='bbox 2025 5620 2127 5671; x_wconf 89' lang='lat' dir='ltr'>aut</span> 
     </span>
    </p>
   </div>
   <div class='ocr_carea' id='block_1_118' title="bbox 482 5678 2125 5754">
    <p class='ocr_par' dir='ltr' id='par_1_118' title="bbox 482 5678 2125 5754">
     <span class='ocr_line' id='line_1_119' title="bbox 482 5678 2125 5754; baseline 0.002 -15"><span class='ocrx_word' id='word_1_875' title='bbox 482 5678 721 5739; x_wconf 67' lang='lat' dir='ltr'>satelles</span> <span class='ocrx_word' id='word_1_876' title='bbox 744 5678 968 5754; x_wconf 72' lang='lat' dir='ltr'>regius,</span> <span class='ocrx_word' id='word_1_877' title='bbox 980 5686 1180 5754; x_wconf 82' lang='lat' dir='ltr'>ternas</span> <span class='ocrx_word' id='word_1_878' title='bbox 1202 5678 1383 5740; x_wconf 80' lang='lat' dir='ltr'>manu</span> <span class='ocrx_word' id='word_1_879' title='bbox 1405 5678 1605 5743; x_wconf 79' lang='lat' dir='ltr'>hastas</span> <span class='ocrx_word' id='word_1_880' title='bbox 1626 5678 1864 5743; x_wconf 45' lang='lat' dir='ltr'>tenens:</span> <span class='ocrx_word' id='word_1_881' title='bbox 1896 5686 2032 5742; x_wconf 78' lang='lat' dir='ltr'>XYL.</span> <span class='ocrx_word' id='word_1_882' title='bbox 2057 5716 2125 5728; x_wconf 91' lang='lat'><strong>-</strong></span> 
     </span>
    </p>
   </div>
   <div class='ocr_carea' id='block_1_119' title="bbox 478 5751 2123 5829">
    <p class='ocr_par' dir='ltr' id='par_1_119' title="bbox 478 5751 2123 5829">
     <span class='ocr_line' id='line_1_120' title="bbox 478 5751 2123 5829; baseline 0.003 -21"><span class='ocrx_word' id='word_1_883' title='bbox 478 5751 835 5826; x_wconf 64' lang='lat' dir='ltr'>Improprie&#39;</span> <span class='ocrx_word' id='word_1_884' title='bbox 862 5752 1166 5823; x_wconf 76' lang='lat' dir='ltr'>Xylander</span> <span class='ocrx_word' id='word_1_885' title='bbox 1219 5769 1285 5808; x_wconf 92' lang='lat' dir='ltr'>ac</span> <span class='ocrx_word' id='word_1_886' title='bbox 1337 5756 1564 5811; x_wconf 89' lang='lat' dir='ltr'>mutile.</span> <span class='ocrx_word' id='word_1_887' title='bbox 1614 5758 1857 5829; x_wconf 87' lang='lat' dir='ltr'>Proprie</span> <span class='ocrx_word' id='word_1_888' title='bbox 1888 5773 2023 5813; x_wconf 87' lang='lat' dir='ltr'>vero</span> <span class='ocrx_word' id='word_1_889' title='bbox 2054 5773 2123 5813; x_wconf 81' lang='lat' dir='ltr'>ac</span> 
     </span>
    </p>
   </div>
  </div>
