4188 6196
399 310 522 371 219

1757 305 2076 370 GEORGII
2104 307 2458 371 DIDRINI

3696 314 3819 376 220

400 440 717 518 quinquies
747 441 976 498 collatis
1009 439 1194 512 signis
1226 441 1506 511 Syrorum
1538 441 1859 513 imperium
1892 459 2049 498 ever-

2174 447 2378 511 νικῆσαι
2408 442 2535 505 τοὺς
2570 444 2800 519 Σύρους,
2857 443 2952 504 τὰς
3005 439 3294 517 δὶ.ἑτὲρας
3349 441 3679 513 ἡττηθῆναι·
3739 437 3813 497 Εἰ

403 549 611 590 surum
642 530 846 586 fuisse.

476 803 783 858 Annorum
809 797 1023 868 quibus
1057 797 1482 870 Hierosolymis
1533 802 1844 869 regnatum
1890 797 2002 853 fuit
2030 816 2064 854 a

402 888 619 946 Davido
651 903 839 957 usque
870 886 943 940 ad
980 885 1307 954 Sedeciam,
1370 903 1600 941 summa
1659 892 1745 940 est
1776 886 2064 958 quadrin-

401 985 711 1051 gentorum
763 975 1085 1046 nonaginta
1135 982 1287 1031 octo.
1353 978 1539 1047 Reges
1590 976 1829 1031 fuerunt
1859 977 2059 1048 viginti

402 1069 538 1134 duo,
573 1083 779 1122 omnes
811 1066 1025 1120 Davido
1080 1065 1372 1137 prognati.
1407 1067 1580 1120 Vates
1611 1065 1850 1121 fuerunt
1901 1065 2060 1121 Sauli

399 1162 663 1227 tempore
695 1155 1002 1210 Samuelus
1045 1159 1104 1208 et
1151 1154 1431 1222 Davidus,
1467 1154 1670 1209 Davidi
1705 1155 1832 1226 ipse
1860 1155 2059 1224 David,

403 1245 616 1310 Gadus,
650 1245 971 1308 Nathanus,
1016 1243 1311 1314 Asaphus,
1348 1243 1681 1298 Salomonis
1713 1249 1770 1298 et
1798 1251 2062 1315 postero-

403 1352 536 1391 rum
569 1334 782 1390 Achias
811 1333 1108 1401 Silonites,
1140 1333 1396 1388 Sammas
1426 1333 1710 1400 Adonius,
1747 1333 1854 1389 sub
1898 1336 2058 1391 Josa-

407 1425 586 1493 phato
637 1429 694 1477 et
724 1423 878 1478 186
935 1423 1381 1478 successoribus
1452 1423 1744 1488 Michaeas,
1796 1423 2059 1492 Elisaaus,

410 1513 655 1577 Abdius,
689 1511 796 1566 sub
826 1512 977 1567 Jehu
997 1511 1248 1579 Ozielus,
1280 1511 1608 1579 Eleazarus,
1643 1512 1898 1570 Azarias.
1923 1514 2061 1569 Eze-

404 1604 538 1658 chia
567 1608 875 1674 regnante,
908 1617 975 1657 ac
1006 1601 1287 1674 deinceps
1321 1603 1519 1668 Oseas,
1547 1604 1817 1671 Amosus,
1853 1604 2057 1672 Isaias,

408 1695 604 1748 Jonas.
637 1691 807 1746 Josiaa
829 1695 1002 1745 aetate
1043 1707 1109 1746 ac
1157 1696 1291 1762 post
1345 1693 1653 1760 Jeremias,
1705 1693 2058 1764 Sophonias,

405 1781 602 1848 Oidas,
639 1780 957 1835 Baruchus.
995 1780 1252 1834 Sedecim
1285 1797 1465 1854 regno
1489 1782 1793 1838 Jeremias.
1839 1782 2062 1839 Abacu-

407 1887 529 1926 cus.
557 1872 695 1925 Post
723 1869 1000 1925 exsilium
1035 1868 1144 1924 sub
1169 1869 1320 1924 Jehu
1352 1873 1598 1943 Aggaeus
1640 1876 1698 1926 et
1728 1871 2060 1928 Zacharias.

409 1961 686 2017 Danielus
709 1960 1168 2031 Ezechielusque
1218 1961 1279 2016 in
1334 1961 1462 2032 ipso
1505 1961 1710 2016 exsilio
1768 1963 2066 2034 Babylone

404 2049 706 2106 vaticinati
740 2054 900 2106 sunt.

476 2230 775 2302 Josaphati
810 2229 968 2285 ﬁlius
999 2229 1072 2285 ab
1125 2229 1336 2285 Eliseao
1369 2246 1537 2286 sacra
1565 2231 1848 2288 unctione
1878 2246 2064 2303 regno

407 2320 684 2377 Samaria:
737 2320 1015 2374 inunctus
1070 2325 1252 2375 totam
1287 2319 1510 2375 Achabi
1570 2314 1857 2376 familiam
1906 2320 2066 2376 ultus

412 2416 520 2466 est.
557 2413 698 2464 Nam
734 2415 792 2464 et
834 2411 1139 2465 Joramum
1201 2409 1331 2481 ejus
1392 2409 1547 2466 illius
1603 2427 1802 2483 regem
1855 2411 2067 2481 sagitta

408 2499 729 2566 interfecit,
762 2504 820 2553 et
849 2500 1029 2570 hujus
1062 2504 1313 2554 matrem
1343 2498 1670 2555 Jezabelam
1721 2500 2058 2571 praecipita~

405 2591 505 2658 vit,
540 2595 598 2643 et
629 2589 846 2644 Achabi
885 2590 1037 2644 filios
1066 2605 1200 2644 cum
1252 2595 1546 2657 necasset,
1603 2607 1808 2644 eorum
1869 2589 2066 2661 capita

409 2681 471 2734 in
498 2679 667 2734 biviis
700 2679 989 2750 exposuit.
1032 2678 1170 2733 Inde
1193 2678 1469 2733 simulato
1497 2695 1559 2734 se
1591 2679 1856 2734 solemne
1891 2679 2066 2734 sacri-

407 2769 606 2824 ficium
634 2774 1038 2838 peracturum,
1070 2767 1377 2821 universos
1433 2767 1624 2822 Baalis
1679 2773 1840 2822 vates
1884 2772 2064 2838 atque

405 2857 742 2914 sacerdotes
773 2857 1077 2920 conduxit,
1111 2861 1288 2926 atque
1313 2855 1385 2911 ad
1405 2872 1589 2911 unum
1624 2872 1832 2911 omnes
1847 2856 2065 2928 jugun-

404 2947 562 3012 lavit,
610 2946 937 3016 fanumque
993 2944 1290 3000 simulacri
1336 2943 1657 3000 demolitus
1687 2945 1749 2999 in
1782 2944 2061 3000 latrinam

412 3037 718 3092 convertit.
753 3035 1040 3108 Regnavit
1066 3050 1254 3090 annos
1284 3033 1739 3106 duodetriginta.

470 3217 602 3271 Joas
634 3213 895 3270 Ochoziae
929 3213 1089 3269 filius
1121 3217 1255 3284 post
1286 3227 1423 3266 eum
1460 3228 1649 3266 annos
1690 3210 1970 3266 sedecim.
2007 3212 2059 3265 Is
2091 3181 2134 3248 C

408 3302 738 3358 Gotholiam
772 3303 1020 3357 necavit.
1047 3302 1164 3356 Hoc
1193 3305 1476 3372 regnante
1507 3299 1718 3355 Jodaas
1752 3299 2058 3355 sacrifica-

406 3392 506 3458 vit,
542 3407 731 3445 annos
761 3395 936 3445 natus
969 3391 1090 3442 130.
1123 3390 1342 3459 Estque
1394 3389 1724 3443 notandum
1775 3389 1935 3443 hunc
1974 3404 2062 3442 s0-

407 3480 532 3534 lum
565 3478 637 3532 ad
662 3483 884 3532 tantam
917 3482 1152 3532 astatem
1183 3478 1526 3548 pervenisse
1553 3482 1685 3548 post
1713 3479 1985 3532 Mossem.

481 3569 653 3622 Anno
708 3567 913 3622 mundi
976 3567 1114 3620 4648
1175 3574 1338 3622 vates
1389 3566 1637 3622 Elismus
1696 3567 1948 3620 moritur
1995 3583 2062 3621 ac

411 3656 715 3728 sepelitur.
743 3656 922 3710 Paulo
947 3661 1076 3726 post
1105 3656 1414 3727 praedones
1447 3655 1726 3711 Moabieci
1750 3656 1810 3709 in
1843 3661 2061 3711 terram

411 3747 748 3802 Israelicam
804 3746 1260 3817 impressionem
1326 3745 1570 3810 faciunt,
1630 3763 1696 3802 ac
1755 3746 2058 3802 hominem

410 3840 556 3894 187
607 3837 920 3909 quemdam
956 3838 1015 3890 in
1048 3836 1242 3892 Elisaai
1277 3842 1666 3892 monumento
1717 3837 2014 3908 sepeliunt
2046 3852 2060 3892 :

408 3929 457 3983 is
489 3934 554 3983 ut
573 3943 706 3983 ossa
727 3929 874 3984 vatis
906 3927 1117 3999 attigit,
1142 3926 1431 3984 redivivus
1458 3926 1519 3983 in
1540 3927 1721 3999 pedes
1745 3944 1883 3983 suos
1915 3944 2056 3983 con-

410 4016 579 4081 stitit,

480 4104 868 4159 Joroboamus
897 4106 1012 4158 Joae
1046 4104 1205 4159 filius
1258 4105 1523 4177 regnavit
1569 4121 1758 4160 annos
1805 4105 2064 4176 quadra-

411 4194 572 4264 ginta
602 4209 810 4248 unum.
845 4195 922 4247 E0
957 4200 1238 4265 regnante
1269 4195 1444 4248 Jonas
1477 4199 1534 4248 et
1575 4196 1828 4250 Amosus
1857 4193 2064 4249 vatici-

411 4284 533 4336 nati
582 4288 737 4337 sunt.
796 4282 1090 4338 Successit
1147 4283 1200 4337 ei
1256 4283 1566 4338 Zacharias
1627 4283 1800 4338 filius.
1854 4285 2061 4350 Quem,

410 4387 543 4424 cum
571 4372 602 4423 6
634 4386 867 4424 menses
900 4386 1146 4442 regnum
1179 4371 1489 4439 tenuisset,
1513 4371 1806 4428 Sellumus
1831 4372 2064 4428 necavit

408 4457 734 4528 decemque
768 4475 1002 4514 menses
1036 4460 1316 4531 regnavit.
1355 4461 1518 4516 Hunc
1549 4461 1876 4517 Manaimus
1899 4462 2060 4532 deje-

2174 532 2275 609 γὰρ
2309 531 2440 609 ἄχρι
2471 539 2577 589 τῶν
2626 534 2779 591 πέντε
2834 534 2901 589 τὰ
2960 532 3096 609 βέλη
3158 532 3435 612 εὐστόχως
3504 528 3813 603 ἐϐεϐλήκει,

2171 621 2428 678 πεντάκις
2469 623 2530 679 ἃν
2580 623 3026 701 παραταξάμενος
3053 623 3150 691 τήν
3220 622 3406 697 Σύρων
3438 623 3616 702 ἀρχὴν
3649 621 3813 678 κατέ-

2173 707 2326 768 ϐαλε.

2243 803 2490 858 Γίνονται
2539 804 2632 858 οὗν
2702 806 2842 877 ὁμοῦ
2898 807 3005 858 τῶν
3061 801 3115 856 ἐν
3153 799 3520 876 Ἰερουσαλὴμ
3571 802 3819 877 βασιλευ-

2172 893 2376 948 σάντων
2410 893 2517 948 ἀπὸ
2551 888 2717 948 Δαϐἰδ
2757 890 2861 955 ἕως
2922 889 3175 946 Σεδεκίου
3233 890 3324 962 ἔτη
3359 891 3501 969 υῑιηῖ
3537 893 3600 949 Οἱ
3635 891 3691 946 δὲ
3727 895 3818 967 βαρ

2297 983 2315 1002 ν
2397 983 2411 1000 ρ
2475 985 2498 995 η
2740 983 2753 999 ε
2833 981 2846 1001 ,
2999 981 3011 998 ι
3178 981 3189 998 ρ
3323 980 3333 997 ρ
3511 978 3561 1012 λλ
3625 981 3638 997 ,
3764 983 3774 997 .

2173 981 2348 1045 σιλεις
2393 1003 2642 1061 υπηρχον
2700 1003 2791 1036 τον
2823 991 3050 1055 αριθμον
3103 981 3211 1054 κβ,
3264 1001 3457 1042 παντες
3507 997 3565 1034 ορ.
3622 983 3670 1050 εξ
3703 983 3818 1042 tvo;

2171 1069 2420 1146 ἆγὲνοντο
2451 1071 2641 1146 γένους
2693 1075 2790 1126 τοῦ
2845 1066 3030 1126 Δαϐίδ.
3067 1071 3184 1144 Ἐφ’
3213 1070 3288 1123 ὧν
3329 1070 3462 1138 ἦσαν
3516 1073 3816 1148 προφῆται,

2171 1158 2258 1214 ἐπὶ
2305 1161 2398 1233 μὲν
2453 1159 2633 1216 Σαοὺλ
2694 1154 2858 1215 Δαϐἰδ
2898 1158 2987 1213 καὶ
3050 1157 3337 1230 Σαμουήλ’
3401 1157 3489 1212 ἐπὶ
3534 1156 3591 1212 δε
3649 1154 3816 1214 Δαϐἱδ

2171 1247 2335 1312 αὐτὸς
2363 1250 2390 1304 6
2416 1245 2604 1318 Δαϐἲδ,
2639 1247 2768 1316 Γάδ,
2803 1249 3002 1317 Νάθαν,
3062 1247 3253 1323 Ἀσάφ’
3315 1247 3401 1302 ἐπὶ
3439 1245 3811 1320 Σολομῶντος

2170 1337 2392 1393 καὶτῶν
2433 1341 2549 1412 μετ’
2608 1338 2767 1392 αὐτὸν
2828 1337 3072 1411 Μιχαίας
3128 1338 3156 1391 6
3206 1335 3532 1406 Σιλωνίτης,
3598 1336 3813 1409 Σαμέας

2171 1427 2199 1480 6
2233 1424 2430 1483 Ἀδών.
2459 1426 2579 1482 Ἐπὶ
2631 1424 2688 1482 δὲ
2733 1426 2994 1503 Ἰωσάφατ
3033 1425 3125 1480 καὶ
3172 1429 3278 1479 τῶν
3317 1426 3434 1497 μετ’
3493 1423 3652 1480 αὐτὸν
3707 1427 3814 1482 Μι-

2172 1515 2359 1594 χαίας,
2393 1514 2605 1586 Ἠλίας,
2669 1515 3002 1581 Ἐλισσαῖος,
3061 1509 3304 1572 Ἀϐδιού.
3368 1514 3490 1570 Ἐπὶ
3548 1511 3609 1568 δὲ
3665 1515 3817 1584 Ἰηοῦ

2169 1604 2389 1676 Ὀζιήλ,
2445 1604 2732 1679 Ἐλεάζαρ,
2784 1603 3058 1677 Ἀζαρίας.
3121 1603 3241 1658 Ἐπὶ
3301 1599 3358 1656 δὲ
3425 1603 3666 1672 Ἐζεκίου
3726 1605 3818 1658 καὶ

2167 1699 2276 1748 τῶν
2346 1695 2462 1766 μετ’
2545 1693 2702 1748 αὐτὸν
2774 1693 2956 1763 Ὠσηὲ,
3036 1691 3245 1764 Ἀμὼς,
3305 1692 3548 1762 Ἡσαΐας,
3607 1697 3814 1755 Ἰωνᾶς.

2171 1783 2293 1840 Ἐπὶ
2327 1780 2384 1837 δὲ
2417 1784 2628 1839 Ἰωσίου
2657 1783 2746 1838 καὶ
2777 1787 2885 1838 τῶν
2923 1783 3036 1854 μετ’
3070 1781 3228 1836 αὐτὸν
3288 1781 3577 1856 Ἱερεμίας,
3639 1788 3814 1858 Σοφο-

2172 1871 2309 1942 νίας,
2341 1869 2531 1938 Ὀλδὰ,
2568 1873 2811 1947 Βαρούχ.
2847 1871 2969 1927 Ἐπὶ
3003 1867 3260 1925 Σεδεκίου
3313 1870 3620 1946 Ἱερεμίας,
3652 1866 3822 1928 Ἀϐα-

2174 1961 2340 2035 κούμ.
2375 1963 2518 2016 Μετᾶ
2546 1958 2602 2016 δὲ
2633 1962 2732 2029 τήν
2766 1959 3154 2038 αίχμαλωσίαν
3189 1958 3274 2012 ἐπὶ
3323 1961 3501 2029 Ἰησοῦ
3551 1961 3814 2033 Ἀγγαῖος

2173 2050 2263 2104 καὶ
2295 2051 2591 2124 Ζαχαρίας.
2627 2048 2830 2119 Δανιὴλ
2860 2050 2948 2103 καὶ
3011 2046 3273 2118 Ἰεζεκιὴλ
3307 2046 3358 2102 ἐν
3416 2052 3484 2123 τῇ
3514 2046 3813 2123 αἷχμαλω-

2175 2139 2262 2210 σίᾳ
2293 2137 2344 2193 ἐν
2381 2133 2668 2193 Βαϐυλῶνι
2699 2139 3129 2218 προεφήτευσαν.

2245 2230 2326 2302 [Ρ.
2393 2231 2513 2303 106]
2574 2229 2840 2308 Ἰωσάφατ
2933 2228 3034 2283 ὑπὸ
3101 2227 3382 2284 Ἐλισαίου
3440 2229 3686 2306 χρισθεὶς
3739 2228 3814 2290 εἷς

2177 2317 2404 2393 βασιλέα
2436 2319 2521 2372 ἐπὶ
2556 2318 2862 2392 Σαμαρείας
2921 2317 3094 2372 πάντα
3144 2321 3240 2371 τοῦ
3298 2312 3512 2391 Ἀχαὰϐ
3543 2318 3632 2371 τὸν
3666 2317 3815 2372 οἶκον

2173 2406 2577 2482 ἐτιμωρήσατο.
2633 2405 2811 2463 Αύτὸν
2866 2407 2960 2481 μὲν
3020 2408 3122 2483 γὰρ
3177 2407 3269 2461 τὸν
3332 2405 3556 2480 βασιλέα
3615 2407 3819 2480 Ἰωρὰμ

2169 2495 2558 2564 κατατοξεύσας
2588 2494 2814 2566 ἀναιρεῖ,
2871 2498 3104 2568 κρημνῷ
3163 2490 3218 2549 δὲ
3275 2489 3510 2562 Ἰεζάϐελ
3557 2495 3656 2561 τήν
3688 2493 3819 2548 τού-

2167 2605 2264 2640 του
2309 2584 2698 2659 διαχειρίζεται
2762 2581 2989 2658 μητέρα.
3047 2584 3341 2639 Καὶὸτοῦ
3395 2579 3605 2658 Ἀχααϐ
3665 2583 3816 2645 υἱοὺς

2171 2670 2644 2748 διαχειρισάμενος
2687 2673 2990 2748 προύθηκεν
3036 2672 3213 2726 αὐτῶν
3247 2671 3334 2726 ἐπὶ
3391 2672 3486 2732 τὰς
3542 2669 3813 2745 διεξόδους

2168 2761 2551 2840 τὰςοκειραλάς.
2596 2765 2825 2818 Ἔπειτα
2883 2762 3202 2839 συναγαγὼν
3288 2762 3485 2822 πάντας
3539 2762 3665 2823 τοὺς
3721 2766 3818 2816 τοῦ

2171 2853 2319 2908 Βάαλ
2368 2853 2654 2928 προφήτας
2712 2850 2801 2905 καὶ
2862 2851 3048 2925 ἱερεῖς,
3109 2847 3392 2922 δημοτελῆ
3453 2849 3633 2904 θυσίαν
3691 2849 3812 2904 ἐπι-

2167 2937 2344 2994 τελεῖν
2399 2938 2948 3014 προσποιησάμενος,
3005 2938 3208 3000 πάντας
3243 2938 3328 3013 ὑφ’
3375 2935 3429 2994 ’ἐν
3457 2938 3810 3012 ἀποσφάττει,

2167 3027 2259 3082 καὶ
2296 3028 2358 3082 τὸ
2390 3025 2673 3082 εἷδωλεῖον
2712 3026 3081 3082 κατασλάπτει
3122 3026 3211 3081 καὶ
3269 3031 3494 3098 καθιστᾷ
3526 3026 3812 3102 λύτρωμα.

2164 3112 2516 3173 Ἐϐασίλευσε
2549 3112 2605 3170 δὲ
2635 3110 2727 3185 ἔτη
2760 3117 2866 3185 κη’.

2245 3207 2401 3268 Ἰωὰς
2433 3205 2550 3266 υἱὸς
2600 3206 2859 3284 Ὀχοζίου
2896 3203 3171 3281 βασιλεύει
3235 3207 3353 3280 μετ’
3409 3205 3569 3262 αὐτὸν
3623 3201 3715 3274 ἔτη
3755 3211 3822 3270 ις’

2165 3296 2342 3359 Οὗτος
2364 3296 2462 3364 τήν
2501 3293 2763 3350 Γοθολίαν
2820 3294 3051 3351 ἀνεῖλεν.
3111 3296 3239 3352 Ἐπὶ
3291 3295 3487 3351 τούτου
3544 3297 3810 3370 ἱεράτευεν

2164 3382 2372 3455 Ἰωδαὶ,
2407 3386 2572 3454 ζήσας
2605 3380 2696 3454 ἔτη
2750 3382 2852 3459 ρλ“,
2891 3388 3239 3456 Σημειωτέον
3271 3384 3352 3440 δτι
3400 3389 3593 3440 τοῦτον
3651 3385 3808 3448 οὗτος

2168 3473 2406 3552 φαινέται
2444 3473 2609 3548 μόνος
2645 3475 2850 3548 βιώσας
2881 3474 2972 3529 τὸν
3007 3473 3204 3549 χρόνον
3240 3475 3376 3549 μετὰ
3417 3477 3677 3543 Μωϋσῆν.

2239 3562 2550 3639 Τῷὶδχμή
2598 3559 2704 3618 ἔτει
2732 3566 2829 3618 τοῦ
2884 3562 3095 3637 κόσμου
3153 3565 3445 3642 προφήτης
3501 3563 3812 3626 Ἐλισσαῖος

2165 3650 2440 3724 τελευτᾷ,
2498 3653 2587 3707 καὶ
2645 3653 2936 3708 Θάπτουσιν
2995 3652 3179 3708 αὐτόν.
3246 3653 3372 3706 Μετ’
3429 3653 3493 3706 ού
3549 3650 3695 3708 πολῦ
3754 3649 3812 3706 δὲ

2169 3741 2469 3815 μονόζωνοι
2515 3736 2691 3798 Μωὰϐ
2716 3740 2888 3810 ἦλθον
2949 3740 3002 3795 ἐν
3056 3745 3124 3816 τῇ
3180 3745 3274 3818 γῇ.
3331 3740 3422 3796 καὶ
3489 3735 3683 3815 ἔθαψαν
3719 3741 3808 3795 ἅν-

2167 3841 2383 3905 θρωπον
2417 3828 2467 3884 ἓν
2495 3834 2575 3902 τῷ
2607 3829 2855 3902 μνημείῳ
2912 3827 3208 3887 Ἐλισσαιέ.
3269 3830 3357 3884 Ὠς
3417 3830 3508 3885 οὗν
3559 3832 3810 3904 προσήγ-

2167 3941 2315 3999 γισεν
2360 3919 2559 3982 ἐκεῖνος
2610 3925 2734 3981 τοῖς
2793 3920 2998 3982 ὁστὲοις
3057 3923 3153 3974 τοῦ
3219 3921 3527 3998 προφήτου,
3589 3917 3813 3990 ἀνέζησε

2168 4017 2255 4066 καί
2287 4008 2412 4079 ἔστη
2445 4008 2532 4064 ἐπὶ
2565 4007 2691 4071 τοὺς
2722 4007 2894 4072 πόδας
2927 4008 3111 4068 αὐτοῦ.

2237 4103 2528 4184 Ἱεροϐοᾶμ
2559 4110 2586 4162 6
2645 4107 2761 4171 υἱὸς
2813 4108 2970 4169 Ἰωὰς
3031 4102 3378 4163 ἐϐασίλευσεν
3430 4105 3522 4178 ἔτη
3585 4110 3694 4180 μα’·
3730 4105 3816 4162 ἐπὶ

2164 4197 2365 4253 τούτου
2417 4198 2790 4275 προεφήτευον
2879 4197 3063 4258 Ἰωνᾶς
3138 4197 3226 4251 καὶ
3288 4197 3493 4270 Ἀμώς.
3540 4195 3810 4272 Ζαχαρίας

2167 4287 2282 4348 υίὸς
2320 4286 2488 4342 αὐτοῦ
2523 4289 2696 4358 μῆνας
2859 4283 3081 4358 Σελοὺμ
3131 4287 3226 4341 τὸν
3286 4285 3554 4362 Ζαχαρίαν
3606 4284 3811 4341 ἁνελων

2167 4371 2481 4430 ἐϐασίλευσε
2515 4381 2687 4449 μῆνας
2728 4372 2875 4432 δέκα.
2929 4374 3181 4447 Μαναεὶμ
3203 4379 3282 4448 τῷ
3343 4374 3566 4450 Σελοὺμ
3615 4376 3814 4431 ἒπανα-

2170 4465 2305 4526 σπας
2361 4458 2702 4518 ἐϐασίλευσεν
2762 4458 2854 4534 ἔτη
2942 4462 3088 4521 δέκα.
3150 4464 3321 4526 Οὗτος
3383 4465 3458 4537 μὴ
3511 4461 3812 4537 δεξαμένων

409 4547 490 4602 cit
514 4563 526 4611 ;
560 4552 806 4619 etregno
832 4549 1054 4619 potitus
1077 4549 1392 4605 decenium
1416 4551 1674 4622 prmfuit.
1700 4553 1754 4606 Is
1775 4553 2056 4606 Thersam

2174 4555 2322 4610 αὐτὸν
2349 4557 2456 4608 τῶν
2491 4552 2543 4608 ἐν
2591 4557 2762 4628 Θερσᾷ
2818 4556 3229 4629 χειρωσάμενος
3285 4553 3518 4628 ἀναιρεῖ,
3574 4555 3662 4608 καὶ
3717 4553 3810 4616 τὰς

405 4653 539 4692 cum
571 4637 850 4708 oppidani
876 4655 1012 4693 eum
1037 4655 1156 4695 non
1183 4639 1582 4705 admitterent,
1621 4641 1672 4695 vi
1702 4641 1876 4713 cepit,
1899 4641 2062 4712 oppi-

409 4727 596 4782 danos
626 4728 941 4794 interfecit,
969 4745 1035 4784 ac
1064 4728 1334 4800 gravidas
1367 4731 1546 4785 etiam
1578 4729 1861 4785 mulieres
1883 4730 2058 4786 disci-

407 4815 511 4872 dit.
547 4818 843 4873 Successit
875 4819 926 4872 ei
964 4819 1227 4874 Phalcias
1265 4819 1446 4882 illius,
1507 4837 1573 4875 ac
1605 4820 1913 4876 biennium
1965 4836 2058 4874 re-

405 4908 622 4981 gnavit.
659 4909 823 4962 Hunc
879 4909 1140 4964 Phaceas
1184 4909 1432 4966 Romelii
1491 4910 1648 4965 illius
1701 4926 1835 4966 cum
1876 4909 2057 4964 inter-

403 4997 664 5058 fecisset.
698 4999 1043 5055 octennium
1071 5014 1316 5072 regnum
1356 4999 1564 5055 tenuit.
1604 5000 1722 5055 Hoc
1772 5004 2057 5070 regnante

403 5085 929 5157 Theglaphalassar
973 5088 1350 5160 Assyriorum
1406 5104 1510 5142 rex
1569 5087 1783 5143 Iudaea)
1831 5087 2058 5144 bellum

406 5171 625 5239 intulit,
657 5177 1064 5248 majoremque
1088 5177 1218 5248 ejus
1247 5180 1476 5249 partem
1508 5176 1568 5232 in
1599 5193 1766 5232 suam
1796 5182 2056 5248 potesta-

407 5265 526 5316 tem
559 5263 800 5336 redegit.
835 5266 1016 5321 Oseas
1039 5267 1136 5322 Ila:
1169 5265 1327 5321 ﬁlius
1359 5272 1492 5338 post
1539 5267 1829 5322 Phaceam
1867 5282 2056 5323 annos

415 5364 625 5404 novem
648 5355 930 5424 regnavit.
954 5357 1097 5411 Tum
1127 5355 1535 5412 Salmanassar
1556 5356 1932 5428 Assyriorum
1953 5373 2055 5413 rex

411 5439 734 5496 Samariam
759 5446 1450 5518 expugnavit,regemque
1471 5463 1605 5502 cum
1629 5451 1751 5502 toto
1781 5446 2054 5503 lsraelico

409 5528 626 5601 populo
656 5533 915 5604 captivos
946 5535 1206 5608 abduxit,
1233 5553 1300 5592 ac
1321 5537 1488 5594 Alare
1519 5541 1576 5593 et
1599 5537 1790 5592 Aboro
1816 5537 2054 5594 Medicis

401 5617 463 5672 in
491 5617 736 5676 urbibus
785 5622 1097 5679 collocavit
1150 5625 1223 5681 ad
1278 5625 1501 5684 flumen
1533 5627 1840 5683 Gozanem.
1875 5627 1959 5682 Ibi
1990 5627 2052 5682 in

2169 4643 2221 4698 ἐν
2247 4642 2439 4718 γαστρὶ
2471 4641 2702 4718 ἐχούσας
2734 4639 3072 4717 διαρῥήσσει.
3110 4641 3360 4705 Φαλκίας
3417 4647 3513 4697 τοῦ
3555 4643 3812 4715 Μαναεὶμ

2168 4732 2283 4794 υἱὸς
2331 4732 2422 4787 τὸν
2479 4730 2684 4806 πατέρα
2733 4728 3112 4805 διαδεξάμενος
3170 4726 3511 4787 ἐϐασίλευσεν
3570 4725 3660 4801 ἔτη
3698 4729 3814 4786 δύο.

2169 4822 2342 4878 Φακεέ
2375 4822 2402 4876 6
2431 4825 2526 4875 τοῦ
2554 4819 2864 4895 Ῥωμελίου
2909 4821 2998 4875 τὸν
3056 4819 3299 4876 Φαλκίαν
3371 4819 3576 4876 ἀνελὼν
3628 4816 3811 4875 ἐϐασί-

2169 4909 2352 4966 λευσεν
2386 4904 2477 4980 ἔτη
2527 4915 2595 4979 η’·
2655 4909 2744 4965 ἐπὶ
2801 4910 2997 4965 τούτου
3054 4908 3519 4990 Θεγλαφαλασσὰρ
3551 4911 3579 4965 6
3621 4912 3812 4967 Ἀσσυ·

2169 5000 2297 5077 ρίων
2349 4998 2606 5075 βασιλεὺς
2664 4998 2741 5063 είς
2793 5001 2890 5067 τὴν
2951 4997 3216 5056 Ἰουδαίαν
3272 4997 3692 5075 ἐπιστρατεύσας
3745 4999 3810 5054 τὰ

2166 5088 2399 5145 πλεῖστα
2451 5091 2550 5157 τῆς
2613 5095 2716 5163 γῆς
2774 5089 2949 5143 αὐτῶν
3007 5088 3392 5166 σφετερίζεται.
3426 5089 3440 5111 ’
3471 5089 3614 5159 Ωσηὶ
3673 5089 3808 5161 μετὰ

2164 5179 2255 5234 τὸν
2291 5179 2486 5248 Φακεὲ,
2521 5179 2673 5233 ὁτοῦ
2724 5176 2865 5248 Ἰλᾶ,
2902 5175 3176 5253 βασιλεύει
3240 5176 3334 5249 ἔτη
3388 5179 3452 5236 ϐ’.
3505 5179 3625 5235 Ἐπὶ
3680 5179 3807 5231 τού-

2165 5290 2265 5324 του
2332 5265 2727 5340 Σαλμανασσὲρ
2776 5264 3034 5343 βασιλεὺς
3101 5268 3404 5343 Ἀσσυρίων
3463 5266 3684 5329 ἐπιστὰς
3743 5272 3811 5341 τῇ

2167 5355 2447 5432 Σαμαρείᾳ
2476 5355 2634 5412 αὐτόν
2671 5377 2730 5411 τε
2788 5353 2902 5430 ἄγει
2941 5353 3306 5431 αἰχμάλωτον
3364 5355 3455 5410 καὶ
3512 5357 3684 5410 πάντα
3713 5357 3804 5411 τὸν

2163 5445 2385 5523 Ἰσραὴλ
2420 5445 2512 5501 σὺν
2553 5444 2722 5517 αὐτῷ,
2751 5445 2842 5500 καὶ
2899 5444 3196 5514 κατοικίζει
3256 5443 3452 5507 αὐτοὺς
3509 5443 3562 5498 ἐν
3608 5443 3806 5518 Ἀλαὶρ

2160 5531 2486 5611 κα¹ιἈϐὼρ,
2545 5532 2817 5606 Μηδικαῖς
2865 5531 3081 5602 πόλεσι,
3140 5535 3230 5588 καὶ
3289 5533 3377 5589 ἐπὶ
3437 5536 3669 5606 ποταμῷ
3699 5538 3808 5587 Γο-

2164 5628 2277 5694 ζᾶν,
2317 5618 2444 5678 ῐνθα
2489 5629 2588 5691 τῆς
2630 5621 2704 5684 εἰς
2763 5621 2888 5677 Θεὸν
2949 5617 3305 5697 παραϐάσεως
3354 5618 3506 5682 δίκας
3567 5619 3810 5675 ὶκτιννύ-
