4186 6190
339 314 450 376 221
1468 312 1994 381 HISTORIARUR

2105 311 2222 374 {OM
2234 311 2629 374 PENDIUM.
3630 318 3748 379 222

343 469 457 503 ουσι
507 446 973 524 κακουχούμενοι.
1034 449 1091 503 '0
1159 446 1218 506 δὲ
1274 450 1552 526 ’Δσσύριος
1607 444 1990 508 Βαϐυλωνίους

2109 445 2340 517 magnis
2405 445 2839 504 calamitatibus
2903 447 3165 504 viventes
3233 449 3554 522 impietatis
3626 472 3747 510 sum

340 535 390 594 ἰν
427 537 705 612 Σαμαρείᾳ
736 536 956 612 πέμψας
990 537 1238 614 αἰσχρῶς
1281 539 1371 594 καὶ
1431 539 1649 612 ἀνόμως
1720 532 1994 613 βεϐιωκό-

338 647 453 694 τας,
486 626 657 682 οἰκεῖν
683 627 870 690 αὐτόθι
903 627 1171 684 ἐκέλευσε.
1205 628 1450 693 Τούτους
1500 630 1528 684 6
1597 627 1727 688 Θεὸς
1776 625 1994 686 λέοντας

342 714 751 786 ὶεαποστέλλων
816 715 1103 796 διέφθειρε.
1169 719 1484 791 Πυθόμενος
1545 714 1662 773 δὶὸ
1715 708 1994 790 Βάρϐαρος

341 805 430 860 καὶ
460 805 659 866 συνιεὶς
719 801 838 860 δέον
893 801 1098 880 ἔκρινεν
1150 805 1236 862 ἐπὶ
1295 815 1396 876 τῆς
1453 814 1557 882 γῆς
1613 805 1826 874 έκείνης
1892 804 1993 866 τῆς

341 895 476 949 κατὰ
507 895 677 968 νόμον
707 898 824 966 Θεῷ
853 893 1108 970 λατρείας
1140 895 1542 968 ἐπιμελεῖσθαι,
1601 897 1687 950 καὶ
1749 888 1840 948 ἕνα
1886 895 1992 945 τῶν

343 984 528 1058 ἱερέων
617 983 1005 1054 ἐξαποστείλας
1062 986 1153 1040 τὸν
1211 982 1447 1059 Ἔσδραν
1525 986 1588 1040 τὰ
1667 980 1996 1056 νομιζόμενα

339 1072 526 1127 αὐτόθι
559 1078 734 1128 ποιεῖν
767 1072 1068 1130 έκέλευσεν.
1105 1075 1160 1128 Ὀ
1221 1071 1275 1130 δὲ
1328 1071 1642 1148 καταμένων
1702 1072 1754 1128 ἐν
1815 1068 1992 1141 Βεθήλ

336 1163 428 1218 τὸν
460 1164 629 1237 νόμον
688 1162 883 1224 αὐτοὺς
943 1163 1300 1235 ἐξεπαίδευσε,
1361 1168 1446 1221 καὶ
1507 1168 1600 1222 τὸν
1654 1167 1781 1222 Θεὸν
1842 1161 1996 1222 σέϐε-

337 1254 460 1307 σθαι
521 1251 717 1314 αὐτοὺς
776 1250 1043 1309 ἐδίδασκε.
1099 1254 1194 1310 Καὶ
1251 1255 1425 1318 οὕτως
1483 1255 1534 1329 ἐξ
1593 1254 1798 1311 ἐκείνου
1857 1277 1993 1329 συμ-

337 1337 598 1396 ϐαίνειίκ
626 1345 734 1397 τῶν
784 1340 1020 1397 λεόντων
1078 1344 1176 1412 τὴν
1234 1351 1335 1420 γῆς
1392 1345 1691 1420 ἠρεμῆσαι.
1755 1345 1994 1408 Τούτους

338 1430 500 1486 εἶσέτι
531 1430 876 1503 Σαμαρείτας
925 1432 1031 1487 ἀπὸ
1087 1439 1190 1503 τῆς
1250 1434 1438 1509 χώρας
1507 1435 1992 1513 προσαγορεύουσι·

337 1519 424 1576 διὸ
453 1520 542 1576 καὶ
571 1523 654 1592 [Ρ.
691 1523 816 1595 10³1]
849 1520 1148 1579 ἀλλόκοτοι
1207 1525 1302 1586 τὰς
1361 1526 1727 1600 προαιρέσεις,
1790 1524 1879 1581 διὰ
1938 1522 1994 1581 δὲ

335 1611 437 1678 τήν
466 1613 564 1664 τοῦ
607 1609 782 1683 νόμου
841 1607 1192 1667 διδασκαλίαν
1255 1615 1522 1690 βραχεῖαν
1574 1609 1762 1690 ἔχουσι
1820 1627 1995 1678 θεοσε-

338 1693 490 1760 ϐείας
517 1696 770 1777 ἔμφασιν·
807 1697 1055 1779 οὐδὲγὰρ
1105 1709 1206 1773 τῆς
1240 1701 1544 1779 δεκαλὸγου
1576 1703 1766 1760 πλεῖον
1828 1725 1996 1780 παρα-

343 1784 535 1844 λαϐεῖν
564 1789 903 1860 ἠξιώθησαν.

413 1879 677 1934 Ἐνταῦθα
732 1886 834 1949 τῆς
891 1878 1303 1954 Ἰσραηλιτικῆς
1367 1882 1646 1956 βασιλείας
1703 1883 1755 1937 οἱ
1795 1882 1991 1957 Χρόνοι

338 1966 643 2040 κατέληξαν
677 1967 756 2030 εἷς
813 1964 905 2040 ἔτη
963 1971 1248 2043 τριακόσια
1305 1971 1429 2046 τρία
1458 1970 1546 2026 καὶ
1602 1978 1777 2046 μῆνας
1837 1971 1989 2044 ἑπτὰ,

334 2055 631 2130 ἀρξάμενοι
677 2059 772 2129 μὶν
812 2057 918 2113 ἀπὸ
966 2053 1262 2133 Ὶεροϐοᾶμ
1316 2064 1415 2114 τοῦ
1471 2055 1680 2130 Ναϐἁτ,
1739 2059 1990 2132 καταλή-

335 2147 519 2215 ξαντες
557 2143 614 2201 δὶ
644 2146 720 2210 si:
754 2149 913 2217 Ὠσηὶ
941 2149 1033 2203 τὸν
1061 2153 1158 2204 τοῦ
1199 2148 1314 2206 Ἰλᾶ
1374 2149 1465 2204 καὶ
1523 2151 1623 2220 τήν
1684 2149 1787 2204 ὑπὸ
1848 2149 1992 2205 Σαλ-

339 2236 622 2309 μανασσᾶρ
663 2241 759 2291 τοῦ
821 2236 1044 2310 Ἰσραὴλ
1110 2238 1449 2311 μετοικεσίαν
1510 2239 1616 2296 ἀπὸ
1684 2241 1991 2315 Σαμαρείας

337 2324 413 2384 εἷς
447 2322 693 2395 Μήδους.
724 2327 970 2399 Ἤκμαζε
1033 2324 1090 2382 δὶ
1151 2328 1238 2382 καὶ
1285 2331 1320 2398 ἡ
1380 2328 1713 2403 προκειμένη
1767 2333 1872 2383 τῶν
1934 2327 1994 2383 ὲκ

337 2408 507 2468 Δαϐἰδ
546 2414 818 2488 βασιλεία,
849 2417 949 2485 τήν
983 2416 1077 2489 μὶν
1111 2417 1290 2492 ἀρχήν
1324 2419 1430 2473 ἀπὸ
1460 2422 1558 2474 τοῦ
1612 2415 1838 2473 δεκάτου
1893 2420 1991 2486 τῆς

337 2509 438 2559 τοῦ
497 2504 683 2560 Σαοὺλ
743 2501 946 2580 ἔχουσα
1005 2507 1326 2582 μοναρχίας,
1385 2506 1734 2577 γαταλήξασα
1791 2504 1848 2562 δὲ
1905 2505 1992 2561 ἐπὶ

339 2595 435 2648 τὸν
469 2589 716 2667 Ῥοϐοάμ
742 2597 834 2650 τὸν
868 2599 964 2651 τοῦ
1021 2595 1410 2669 Σολομῶντος.
1472 2593 1626 2654 Ἀϐία
1682 2593 1992 2669 διαδεξάμε·

339 2703 435 2743 νος
490 2684 594 2751 τήν
652 2687 750 2738 τοῦ
797 2684 1001 2757 πατρὸς
1059 2684 1236 2759 ἀρχὴν
1283 2685 1558 2758 βασιλεύει
1615 2682 1708 2755 ἔτη
1764 2684 1887 2757 τρία
1942 2681 1995 2738 ἔν

331 2771 726 2845 Ἰερουσαλήμ.
757 2773 889 2829 Ἀσᾶ
937 2767 1039 2843 ἔτη
1104 2774 1212 2845 μα”
1273 2774 1432 2836 οὗτος
1489 2770 1600 2843 ἤδη
1651 2774 1875 2849 γηραιὸς
1923 2771 1996 2828 ὢν

342 2861 636 2936 ἀρθριτικῇ
661 2860 790 2923 τοὺς
821 2859 994 2924 πόδας
1055 2859 1268 2938 ἤλγησε
1324 2862 1502 2919 πάθει.
1559 2863 1830 2940 Ἰωσάφατ
1863 2861 1996 2936 μετὰ

343 2956 539 3007 τοῦτον
568 2949 661 3021 ἔτη
694 2953 792 3007 κε’·
831 2950 918 3006 ἐπὶ
948 2952 1146 3008 τούτου
1173 2955 1546 3028 προεφήτευσε
1612 2951 1852 3027 Μιχαίας
1904 2951 1994 3007 καί

342 3036 573 3102 Ἀὅδίας
613 3039 702 3096 καὶ
735 3039 997 3117 Ἐλεάζαρ
1011 3043 1101 3097 καὶ
1125 3042 1388 3105 Ἀνανίας.
1424 3043 1650 3116 Ἰωρὰμ,
1680 3041 1772 3098 τὸν
1794 3041 1998 3116 πατέρα

336 3131 611 3195 Ἰωσάφατ
642 3129 1046 3206 διαδεξάμενος,
1079 3128 1172 3204 ἔτη
1194 3141 1265 3204 η’.

411 3219 504 3274 Ἐν
568 3219 852 3292 Σαμαρείᾳ
905 3217 1142 3274 Γοθολία
1196 3222 1231 3289 ἡ
1287 3218 1526 3296 θυγάτηρ
1607 3215 1832 3293 Ζαμόρῆ
1891 3224 1988 3274 τοῦ

340 3305 618 3381 βασιλέως
673 3305 900 3380 Ἰσραήλ
951 3300 1043 3376 ἔτη
1094 3308 1165 3376 η’.
1229 3305 1376 3376 Αὕτη
1437 3311 1622 3362 πασῶν
1661 3300 1988 3378 ἀσεϐεστάτη

333 3395 603 3471 γενομένη
668 3398 936 3472 γυναικῶν
993 3395 1195 3457 πάντας
1276 3395 1488 3469 ἀναιρεῖ
1541 3395 1673 3458 τοὺς
1732 3395 1994 3475 Ὀχοζίου

337 3480 563 3550 παῖδας,
602 3480 814 3558 Ἀχαὰϐ
844 3489 924 3554 τῷ
957 3483 1269 3558 Ἰσραηλίτῃ
1303 3482 1521 3560 βασιλεῖ
1575 3486 1992 3560 τιμωρουμένη·

342 3569 521 3626 ἐδόκει
551 3571 654 3645 γὰρ
683 3569 749 3626 ἐκ
771 3575 866 3626 τοῦ
905 3573 1096 3649 γένους
1151 3576 1281 3627 εἶναι
1348 3574 1570 3633 τούτου.
1627 3569 1879 3631 Ἰωσαϐἱδ
1937 3570 1993 3628 δὲ

335 3662 369 3728 ἡ
405 3663 507 3714 τοῦ
566 3660 751 3728 Ὀζίου
809 3656 1043 3736 ἀδελφὴ,
1094 3662 1228 3736 γυνὴ
1281 3666 1378 3716 τοῦ
1437 3661 1736 3736 ἀρχιερέως
1783 3658 1991 3732 Ἰωδαδ,

342 3748 594 3820 κλέψασα
655 3748 807 3810 ἰωᾶς
862 3751 954 3804 τὸν
1017 3751 1277 3826 Ὀχοζίου
1331 3751 1444 3805 υἱὸν
1501 3751 1727 3820 ὀκταετῆ
1787 3749 1988 3826 τυγχᾶ-

344 3859 505 3892 νοντα
542 3833 727 3893 Ίωδαὶ
759 3840 1121 3914 προσήγαγεν.
1182 3839 1355 3902 Αὐτὸς
1416 3837 1474 3896 δὶ
1523 3841 1717 3915 χρίσας
1768 3837 1994 3910 ἀνέδειξε

347 3924 601 4000 βασιλέα,
633 3928 898 3982 Γοθολίαν
955 3926 1179 3983 ἀνελών.
1246 3925 1485 3996 Εὐσεϐἢς
1518 3931 1634 3985 κατ’
1666 3930 1840 4005 ἀρχὰς
1899 3949 1993 4004 γε-

336 4017 570 4086 νόμενος
653 4015 822 4071 πάντα
879 4022 1130 4091 καθαιρεῖ
1211 4018 1278 4072 τὰ
1350 4015 1578 4086 εἶ’ὂωλα,
1663 4017 1808 4086 πλὴν
1884 4022 1989 4072 τῶν

340 4104 651 4177 μετεώρων.
689 4101 1102 4178 Εἷδωλολατρεῖ
1131 4104 1189 4160 δὲ
1229 4105 1315 4160 ἐπὶ
1346 4111 1425 4178 τῷ
1453 4105 1599 4162 τέλει
1655 4107 1834 4177 Ἰωὰς,
1903 4106 1992 4160 καὶ

337 4193 614 4272 Ζαχαρίαν
644 4195 737 4248 τὸν
767 4199 866 4250 τοῦ
897 4192 1082 4250 Ἰωδαὶ
1113 4194 1229 4250 υἱὸν
1288 4197 1379 4251 τὸν
1438 4199 1752 4273 προφήτην,
1802 4195 1996 4250 αἷτιώ-

343 4303 498 4355 μενον
530 4285 631 4353 τήν
675 4281 972 4359 έκεροπὴν,
1031 4282 1363 4348 καταλεόσας
1419 4286 1646 4361 ἀναιρεῖ.
1711 4284 1992 4342 Βασιλεύει

338 4369 393 4426 δὲ
425 4367 520 4442 ἔτη
562 4373 634 4444 μ’.
670 4373 928 4444 Ἀμεσίας
958 4373 1076 4435 υίὸς
1112 4374 1282 4429 αὐτοῦ
1343 4369 1435 4444 ἔτη
1497 4376 1593 4430 κθ’·
1655 4374 1741 4430 επὶ
1795 4374 1996 4430 τούτου

343 4457 596 4516 Σίϐυλλα
628 4463 662 4530 ἡ
708 4462 923 4534 Κυμαία
979 4463 1322 4539 ἐγνωρίζετο.
1350 4465 1532 4532 Ὀζίας
1587 4465 1614 4519 6
1667 4463 1756 4518 καὶ
1815 4469 1998 4540 Ζαχα-

2021 1823 2068 1888 Β

2104 552 2308 608 pmnas
2338 535 2648 591 dederunt.
2707 536 2818 592 Sed
2861 537 3047 593 victor
3089 537 3460 610 Babylonios,
3494 558 3745 612 quorum

2104 625 2220 680 vita
2249 630 2377 680 erat
2419 625 2654 698 ﬂagitiis
2707 632 3002 698 cooperta,
3054 627 3384 682 habitatum
3417 629 3743 689 Samariam

2105 715 2303 781 misit;
2372 731 2521 786 quos
2601 716 2749 771 Deus
2807 715 3090 770 immissis
3155 716 3425 773 leonibus
3467 721 3744 790 perdidit.

2105 804 2395 859 Barbarus
2425 821 2494 860 ea
2523 821 2586 858 re
2635 805 2888 876 cognita,
2923 807 3189 860 sentiens
3238 813 3511 877 oportere
3541 810 3602 864 in
3634 812 3747 867 ista

2103 898 2260 948 terra
2283 895 2464 948 Deum
2498 910 2568 948 ex
2601 895 2943 964 praescripto
2977 894 3119 966 legis
3143 912 3262 950 sum
3287 896 3421 966 coli,
3455 914 3638 954 unum
3672 901 3744 956 de

2105 984 2512 1038 sacerdotibus
2535 983 2775 1038 Esdram
2811 984 2989 1048 misit,
3017 984 3114 1054 qui
3138 985 3248 1038 rite
3281 985 3359 1039 ibi
3394 1003 3524 1057 qum
3547 996 3746 1045 essent

2103 1073 2331 1146 agenda
2359 1076 2697 1130 conﬁceret.
2737 1077 2784 1128 Is
2816 1075 3069 1129 Bethelaa
3095 1075 3240 1130 188
3273 1084 3537 1133 moratus
3569 1097 3749 1152 popu-

2102 1165 2226 1220 lum
2259 1165 2443 1238 legem
2509 1165 2768 1220 divinam
2822 1182 2888 1220 ac
2948 1166 3048 1220 Dei
3099 1166 3322 1221 cultum
3354 1167 3572 1224 docuit.
3622 1171 3744 1235 Quo

2101 1255 2322 1310 factum
2355 1261 2444 1310 est
2474 1260 2539 1310 ut
2589 1255 2892 1328 regionem
2933 1255 3136 1312 leones
3183 1258 3462 1312 infestare
3511 1259 3747 1313 desine-

2103 1349 2255 1398 rent.
2309 1345 2422 1399 Hos
2473 1344 2798 1398 etiamnum
2857 1345 3176 1400 Samaritas
3224 1362 3259 1400 a
3322 1345 3450 1401 loco
3499 1353 3744 1402 vocant:

2103 1439 2415 1506 propterea
2444 1435 2623 1488 etiam
2655 1449 2688 1488 a
2731 1433 2952 1489 Judaais
3001 1435 3229 1490 diverso
3262 1435 3532 1490 instituto
3587 1438 3740 1504 vitm,

2104 1527 2302 1578 tamen
2336 1521 2409 1575 ob
2439 1521 2586 1593 legis
2618 1521 2992 1593 disciplinam
3027 1523 3462 1594 aliquantulum
3509 1525 3742 1597 religio-

2101 1611 2196 1666 nis
2227 1627 2346 1681 praa
2377 1627 2439 1665 se
2471 1610 2690 1666 ferunt.
2724 1613 2922 1682 Neque
2953 1613 3113 1667 enim
3155 1618 3369 1684 praster
3398 1613 3742 1686 decalogum

2101 1699 2427 1771 quidquam
2459 1699 2532 1754 iis
2563 1699 2790 1755 discere
2821 1717 3166 1756 concessum
3199 1701 3326 1756 fuit.

2171 1885 2273 1941 Hic
2306 1884 2442 1940 linis
2502 1889 2593 1938 est
2635 1885 2798 1957 regni
2846 1884 3128 1951 Israelici,
3185 1886 3343 1956 quod
3401 1902 3591 1941 annos
3639 1887 3740 1941 303

2097 1991 2454 2045 mensesque
2477 1977 2507 2027 7
2530 1974 2778 2040 duravit,
2811 1979 3064 2046 cmptum
3087 1990 3120 2028 a
3149 1974 3498 2030 Jeroboamo
3530 1974 3741 2030 Nabasi

2100 2064 2223 2119 ﬁlio
2255 2069 2312 2118 et
2342 2064 2576 2119 finitum
2621 2064 2768 2118 Osea
2797 2063 2895 2118 ιιω
2929 2064 3049 2118 tilio
3095 2080 3250 2136 rege,
3284 2081 3420 2119 cum
3452 2066 3500 2119 is
3531 2082 3596 2120 ac
3630 2081 3704 2136 po
3725 2095 3737 2106 -

2096 2153 2273 2226 pulus
2302 2153 2612 2209 lsraelicus
2642 2170 2676 2208 a
2715 2153 3157 2209 Salmanassare
3187 2160 3276 2209 est
3303 2171 3337 2208 a
3385 2155 3648 2210 Samaria
3678 2153 3738 2209 in

2098 2242 2346 2297 Mediam
2414 2241 2776 2314 deportatus.
2847 2244 3135 2298 Caaternm
3202 2260 3236 2298 a
3293 2243 3522 2299 decimo
3577 2243 3739 2315 regni

2099 2330 2256 2386 Sauli
2288 2347 2446 2386 anno
2477 2347 2724 2404 regnum
2757 2331 2971 2387 Davido
3012 2338 3071 2386 et
3100 2333 3228 2403 ejus
3276 2333 3578 2404 progeniei
3610 2348 3743 2403 pro-

2099 2421 2356 2491 positum
2387 2421 2602 2492 cmpit;
2637 2421 2953 2492 ﬂoruitque
2993 2421 3073 2476 ita
3122 2427 3186 2476 ut
3217 2423 3274 2476 in
3310 2422 3606 2477 Roboamo
3638 2423 3745 2476 So-

2100 2509 2355 2564 lomonis
2387 2509 2510 2564 ﬁlio
2542 2509 2840 2564 deficeret.
2889 2510 3036 2564 Huic
3075 2510 3251 2564 Abias
3302 2511 3604 2577 successit,
3647 2527 3735 2564 re-

2100 2614 2399 2670 gnumque
2429 2614 2534 2669 per
2563 2615 2751 2653 annos
2783 2603 2904 2654 tres
2950 2599 3326 2654 Jerusalemm
3365 2599 3564 2671 gessit.
3597 2602 3743 2653 Asas

2101 2687 2315 2742 deinde
2348 2703 2537 2742 annos
2586 2689 2672 2741 40.
2733 2689 2784 2741 Is
2841 2689 3204 2760 magnojam
3249 2695 3393 2742 natu
3425 2704 3494 2742 ex
3526 2688 3742 2759 pedum

2101 2776 2368 2832 articulis
2428 2775 2731 2831 laboravit.
2793 2778 2932 2832 Post
2978 2776 3135 2832 hunc
3163 2777 3515 2848 Josaphatus
3559 2792 3748 2831 annos

2100 2869 2207 2922 25:
2243 2883 2310 2923 eo
2368 2871 2651 2940 regnante
2681 2867 2972 2932 Michaaas,
3024 2866 3265 2931 Abdias,
3323 2867 3632 2922 Eleazarus
3693 2871 3752 2921 et

2101 2959 2362 3016 Ananias
2392 2958 2694 3013 vaticinati
2725 2964 2883 3014 sunt.
2934 2959 3206 3014 Joramus
3253 2958 3405 3030 patri
3433 2957 3746 3028 Josaphato

2103 3047 2383 3103 suﬂ‘ectus
2414 3063 2606 3103 annos
2635 3048 2689 3102 8.

2176 3223 2455 3279 Samaria:
2489 3222 2780 3287 Gotholia,
2815 3221 2939 3276 illia
2968 3223 3227 3277 Zambrm
3255 3223 3408 3295 regis
3463 3223 3745 3293 lsraelici,

2103 3329 2292 3368 annos
2326 3314 2377 3367 8.
2415 3313 2547 3367 Haac
2596 3311 2862 3367 omnium
2925 3311 3240 3367 mulierum
3291 3312 3751 3370 sceleratissima

2101 3401 2366 3457 Ochoziaa
2420 3402 2753 3456 universam
2821 3400 3049 3472 prolem
3108 3386 3582 3465 interficitfulta
3639 3403 3750 3457 hoc

2102 3491 2278 3547 modo
2309 3490 2613 3546 Achabum
2647 3490 2987 3545 Israelicum
3021 3506 3241 3561 regem,
3277 3490 3376 3561 qui
3401 3507 3468 3545 ex
3493 3507 3559 3546 ea
3581 3496 3754 3562 gente

2101 3580 2408 3635 videbatur
2478 3579 2681 3634 fuisse.
2743 3578 2854 3633 Sed
2911 3579 3160 3634 Jozabea
3224 3579 3490 3635 Ochoziaa
3567 3597 3754 3648 soror,

2101 3688 2253 3725 uxor
2306 3669 2524 3725 Joiadaa
2603 3669 2817 3723 summi
2879 3670 3216 3740 pontificis,
3271 3672 3506 3725 Joasum
3569 3670 3755 3725 {ilium

2105 3758 2368 3816 Ochoziaa
2401 3763 2532 3812 octo
2563 3773 2857 3813 annorum
2889 3758 3177 3814 suffurata
3205 3758 3423 3813 Joiadae
3472 3759 3756 3813 tradidit;

2105 3866 2282 3921 quem
2313 3849 2363 3903 is
2396 3847 2548 3903 189
2597 3847 2878 3903 unctione
2936 3864 3103 3902 sacra
3142 3864 3320 3918 regno
3363 3849 3750 3920 inauguravit,

2104 3956 2172 3994 ac
2202 3937 2534 3994 Gotholiam
2584 3937 2832 3992 necavit.
2886 3938 3093 3991 Joasus
3139 3936 3210 3991 ab
3259 3936 3428 3991 initio
3480 3938 3612 4007 pius
3643 3937 3754 3992 fuit

2107 4034 2167 4084 et
2196 4027 2515 4083 simulacra
2567 4026 2769 4082 omnia
2815 4025 3089 4094 abolevit,
3146 4024 3284 4081 solis
3334 4024 3585 4081 collibus
3633 4044 3751 4082 non

2108 4118 2340 4173 excisis.
2377 4117 2487 4172 Sed
2538 4117 2612 4172 ad
2645 4122 2975 4171 extremum
3027 4116 3242 4187 impios
3295 4115 3750 4171 simulacrorum

2107 4207 2300 4263 cultus
2332 4206 2662 4277 amplexus,
2691 4211 2882 4260 vatem
2913 4204 3254 4260 Zachariam
3285 4204 3500 4260 Joiada:
3542 4205 3753 4274 filium,

2109 4296 2266 4368 quod
2299 4297 2349 4350 is
2380 4295 2531 4351 hanc
2565 4295 2717 4366 regis
2747 4293 3186 4365 perversionem
3217 4293 3502 4366 culparet,
3547 4294 3754 4366 lapidi-

2107 4387 2217 4444 bus
2239 4385 2514 4443 obrutum
2548 4385 2793 4439 necavit.
2821 4385 3308 4454 Regnavitannos
3331 4383 3719 4456 quadraginta
3741 4394 3755 4440 ς

2109 4474 2378 4530 Amasias
2409 4473 2566 4528 ﬁlius
2597 4473 2746 4544 ejus,
2795 4488 2986 4528 annos
3035 4472 3239 4544 viginti
3286 4488 3518 4528 novem.
3571 4474 3753 4546 Hujus

346 4553 483 4625 ρίας,
516 4552 946 4624 υίὸςἈμεσίου,
1003 4551 1095 4622 ἔτη
1145 4555 1250 4628 νβ“.
1311 4554 1487 4615 Οὗτος
1546 4548 1804 4624 θεοσεϐὴς
1864 4556 1994 4628 ἀνὴρ

2110 4570 2280 4620 atate
2310 4563 2533 4632 Sibylla
2563 4562 2798 4616 Cumaea
2822 4561 3096 4617 innotuit.
3123 4561 3310 4628 Ozias,
3334 4562 3434 4633 qui
3459 4568 3516 4616 et
3545 4563 3755 4617 Zacha-

343 4641 428 4709 ήνο
486 4639 710 4714 ὕστερον
771 4637 828 4696 δὲ
885 4645 990 4695 τῶν
1086 4644 1258 4716 ἁγίων
1352 4637 1608 4711 ἐπιϐῆναι
1692 4645 2001 4722 ’πειρασθεῖς

348 4727 670 4803 λεπροῦται,
727 4731 817 4784 καὶ
879 4727 1118 4800 ἐδίκαζεν
1173 4731 1284 4786 ἀντ’
1343 4729 1509 4786 αύτοῦ
1549 4733 1577 4787 6
1635 4733 1751 4794 υἱὸς
1812 4732 1996 4790 αὐτοῦ.

348 4819 447 4875 Ἦν
478 4817 536 4874 δὲ
574 4819 862 4894 ἀρχιερεὺς
893 4820 1159 4894 Ἀζαρίας,
1220 4823 1514 4897 προφήτης
1561 4819 1618 4876 δὲ
1671 4823 1856 4894 ’Δμὼς
1909 4823 1996 4878 καὶ

346 4904 569 4968 Ἡσαΐας
601 4908 630 4962 6
677 4907 793 4968 υίὸς
852 4905 1034 4978 αὐτοῦ,
1067 4907 1156 4963 καὶ
1219 4909 1402 4980 Ὠσηὲ,
1460 4908 1550 4963 καὶ
1608 4910 1814 4973 Ἰωνᾶς.
1859 4910 2002 4966 Κατᾶ

352 4995 572 5057 τούτους
597 4997 726 5058 τοὺς
759 4997 993 5072 χρόνους
1030 5001 1343 5074 Λυκοῦργος
1400 4995 1840 5074 Λακεδαιμονίων
1888 5000 2001 5056 ἂνο-

350 5088 580 5157 μοθέτει.

420 5285 655 5354 Ἰωαθαμ
712 5283 740 5337 6
792 5283 908 5346 υἱὸς
968 5282 1150 5353 Ὀζίου
1209 5280 1298 5352 ἔτη
1369 5291 1452 5348 ις’.
1514 5285 1635 5341 Ἐπὶ
1667 5286 1863 5340 τούτου
1920 5272 2045 5358 τῷη

356 5373 552 5445 πρώτῳ
599 5367 704 5427 ἔτει
762 5373 964 5451 Ἴφιτος
1017 5373 1114 5434 τὰς
1178 5369 1552 5444 Ὀλυμπιάδας
1607 5373 1908 5444 ἐνέστησεν,
1967 5376 1997 5430 6'

357 5458 459 5514 ἑστι
491 5461 900 5533 τετραετηρικὸς
935 5460 1152 5536 χρόνος.
1203 5463 1337 5536 Ηαρ⁸
1401 5460 1722 5536 Αἷγυπτίοις
1789 5460 1849 5518 δὶ
1901 5485 1997 5518 κυο

364 5550 483 5623 ρίως
513 5549 824 5624 Ὀλυμπιὰς
853 5552 888 5619 ἡ
915 5548 1118 5620 σελήνη
1152 5549 1398 5607 καλεῖται
1427 5547 1518 5606 διὰ
1563 5553 1625 5606 τὸ
1657 5554 1795 5608 κατὰ
1855 5556 2000 5626 μῆνα

357 5637 666 5714 περιπολεῖν
722 5639 814 5692 τὸν
901 5636 1166 5708 ζωδιακὸν
1231 5639 1459 5707 κύκλον,
1519 5641 1578 5696 ’ὀν
1666 5642 1717 5695 οἱ
1773 5640 1999 5698 παλαιοὶ

2110 4655 2249 4717 rias,
2282 4651 2536 4708 Amasim
2568 4651 2729 4706 illius
2760 4666 2950 4706 annos
2981 4651 3412 4722 quinquaginta
3433 4651 3597 4706 duos.
3623 4651 3755 4705 Fuit

2109 4742 2208 4798 hic
2245 4742 2332 4795 vir
2384 4740 2735 4811 religiosus:
2795 4739 2898 4794 sed
2947 4745 3152 4812 postea
3209 4739 3492 4810 temporis
3549 4737 3754 4808 templi

2111 4831 2336 4887 aditum
2359 4829 2579 4884 intrare
2610 4835 2857 4885 conatus
2889 4829 2949 4884 in
2978 4829 3204 4900 lepram
3227 4827 3454 4896 incidit,
3481 4827 3754 4895 filiusque

2111 4921 2297 4994 ipsius
2356 4919 2486 4975 loco
2530 4919 2631 4989 jus
2664 4918 2882 4990 populo
2927 4917 3093 4972 dixit.
3149 4919 3287 4971 Erat
3317 4923 3440 4970 tum
3490 4913 3756 4986 pontifex

2111 5011 2408 5068 maximus
2464 5010 2723 5078 Azarias,
2783 5014 2942 5064 vates
2998 5011 3250 5064 Amosus
3299 5011 3356 5060 et
3412 5005 3540 5075 ejus
3599 5002 3757 5058 ﬁlius

2109 5100 2313 5169 Isaias,
2346 5117 2412 5154 ac
2443 5100 2623 5155 Oseas
2654 5106 2712 5153 et
2739 5100 2936 5154 Jonas.
2972 5098 3051 5150 Ea
3083 5098 3431 5165 tempestate
3463 5094 3759 5166 Lycurgus

2061 5180 2068 5203 ²
2112 5189 2572 5245 Lacedaamoniis
2603 5187 2763 5260 leges
2793 5186 3012 5258 posuit.

2180 5286 2526 5341 Joathamus
2559 5285 2705 5342 Ozias
2737 5283 2894 5339 ﬁlius
2918 5282 3178 5354 regnavit
3209 5297 3396 5336 annos
3438 5281 3759 5339 sexdecim.

2109 5376 2306 5430 Primo
2334 5375 2514 5445 hujus
2545 5374 2710 5447 regni
2741 5389 2897 5428 anno
2931 5372 3158 5444 Iphitus
3181 5371 3562 5443 Olympiadas
3585 5374 3759 5428 insti-

2111 5464 2242 5528 tuit,
2291 5463 2447 5534 quod
2495 5470 2584 5517 est
2638 5468 2892 5534 quatuor
2948 5477 3242 5516 annorum
3292 5467 3546 5532 tempus.
3593 5462 3765 5533 Apud

2108 5553 2402 5626 A‘ngptios
2433 5559 2630 5609 autem
2672 5554 2908 5625 proprie
2941 5552 3096 5608 lunas
3145 5551 3513 5624 Olympiadis
3543 5568 3760 5607 nomen

2113 5645 2393 5701 tribuitur
2450 5645 2603 5714 ideo,
2684 5646 2821 5717 quia
2881 5645 3108 5702 mensis
3166 5645 3356 5718 spatio
3412 5643 3758 5714 signiferum
