4186 6190
407 317 526 377 223

1767 309 2075 374 GEORGII
2119 309 2460 372 CEDRENI

3701 321 3821 380 224

411 452 615 509 orbem
665 452 895 521 circuit,
925 470 1102 525 quem
1129 453 1443 526 Olympum
1487 455 1716 506 veteres
1761 447 2056 504 dixerunt.

2173 442 2469 517 Ὄλυμπον
2505 442 2757 504 ἐκάλουν.
2792 448 2878 504 Ἐν
2911 446 3046 523 αὐτῇ
3103 455 3172 524 τῇ
3222 448 3414 525 πρώτῃ
3483 451 3820 526 Ὀλυμπιάδι

409 543 608 599 Prima
669 544 783 600 ista
833 542 1178 615 Olympiade
1236 543 1522 598 Romulus
1571 547 1628 597 et
1675 543 1896 597 Remus
1933 538 2056 593 nati

409 637 567 699 sunt,
605 634 706 703 qui
761 633 1013 704 septima
1063 632 1413 703 Olympiade
1459 634 1704 688 Romam
1753 631 2056 701 cmperunt

407 723 661 777 condere
687 738 700 786 ;
734 737 980 791 quarum
1011 737 1210 776 rerum
1235 721 1638 776 narrationem
1659 719 2054 790 copiosiorem

407 811 465 865 in
497 827 702 881 regum
733 811 1082 865 recensione
1116 811 1403 866 invenies.

477 899 755 954 Ezechias
812 899 964 969 patri
1022 901 1252 956 Achazo
1312 899 1618 968 successit,
1688 914 2054 972 regnumque

407 1003 594 1043 annos
626 989 692 1041 29
723 987 921 1059 gessit.
956 989 1074 1044 Hoc
1106 996 1336 1044 sextum
1359 1005 1583 1045 annum
1609 994 1888 1061 regnante
1927 987 2056 1043 Sal-

405 1093 733 1143 manassar,
760 1077 860 1148 qui
883 1083 941 1131 et
960 1078 1338 1133 Nabunassar
1373 1077 1607 1140 dicitur,
1650 1094 1753 1132 rex
1784 1077 2056 1148 Assyrio-

402 1182 558 1231 rum,
593 1167 857 1222 Samaria
877 1172 1048 1239 capta
1079 1167 1422 1222 Israelicum
1445 1166 1730 1238 populum
1758 1166 2054 1238 captivum

405 1256 668 1312 abduxit.
694 1257 827 1311 Haec
859 1257 1004 1311 £90
1035 1262 1124 1311 est
1153 1257 1348 1327 prima
1380 1257 1792 1311 lsraelicorum
1831 1255 2052 1326 depor-

406 1345 572 1400 tatio.
603 1347 654 1398 ls
675 1362 780 1400 rex
803 1346 981 1400 etiam
1014 1345 1450 1416 Sardanapalus
1475 1346 1584 1401 fuit
1615 1345 1968 1417 appellatus,
1997 1350 2056 1399 et

409 1449 498 1497 est
531 1447 697 1514 pater
743 1442 1356 1499 Nabuchodonosoris.
1409 1445 1660 1499 Necesse
1717 1448 1808 1498 est
1854 1447 2052 1499 autem

408 1548 674 1602 quaerere
705 1532 776 1588 de
807 1548 991 1604 regno
1021 1533 1282 1604 Assyrio,
1317 1533 1414 1603 qui
1443 1533 1545 1588 fiat
1574 1531 1732 1603 quod
1755 1533 2056 1603 Scriptura

408 1621 910 1677 Salmanassarem
945 1622 1319 1693 Assyriorum
1354 1637 1552 1694 regem
1584 1621 1871 1688 nominet,
1918 1637 2062 1676 cum

408 1716 545 1765 ante
577 1727 765 1766 annos
795 1713 862 1765 96
893 1711 965 1766 ab
997 1712 1222 1766 Arbace
1271 1711 1333 1765 id
1359 1725 1606 1782 regnum
1656 1709 1965 1779 abolitum,
1998 1715 2056 1765 et

2168 535 2382 606 Ῥῶμος
2411 541 2502 589 καί
2561 535 2854 608 Ῥωμύλος
2903 536 3288 615 ἐγεννήθησαν,
3346 538 3541 603 οἷεεινες
3593 541 3643 594 ἐν
3673 545 3742 616 τῇ
3777 549 3818 614 ζ’

2165 621 2506 696 Ὀλυμπιάδι
2572 625 2672 693 τὴν
2712 626 2936 698 Ῥώμην
2995 627 3230 702 ἢρξαντα
3291 629 3514 699 κτίζειν.
3600 631 3816 690 Τούτων

2159 714 2260 784 τήν
2285 710 2546 788 διήγησιν
2575 714 2910 790 πλατύτερον
2955 715 3008 771 ἰν
3063 715 3134 792 τῇ
3186 719 3332 788 τάξει
3371 723 3479 774 τῶν
3545 719 3812 796 βασιλέων

2162 802 2434 874 εὑρήσεις.

2237 895 2291 949 Ρ.
2329 895 2452 966 108]
2503 893 2744 962 Ἐζεκίας
2803 895 2895 949 τὸν
2954 895 3134 975 ’Λχὰζ
3173 893 3550 970 διαδεξάμενος
3609 901 3636 954 ὁ
3695 901 3813 965 υἱὸς

2161 975 2503 1037 ἰϐασίλευσεν
2536 977 2628 1052 ἔτη
2697 985 2796 1041 κδ’.
2858 986 2942 1041 Ἐν
2994 991 3072 1058 τῷ
3130 987 3173 1052 ς’
3233 984 3336 1042 ἔτει
3403 987 3598 1045 τούτου
3633 1011 3812 1064 μετῳ-

2158 1070 2317 1140 κίσθγ⁴
2354 1072 2460 1126 ὑπὸ
2494 1071 2864 1149 Σαλμανασάρ
2911 1078 3006 1130 τοῖ’)
3059 1073 3150 1130 καί
3207 1072 3652 1153 Ναϐουνασάρου,
3709 1081 3812 1154 βα-

2159 1157 2356 1222 σιλέως
2387 1161 2716 1235 Ἀσσυρίων,
2749 1161 3030 1238 Σαμάρεία
3063 1164 3598 1244 αἰχμαλωτισθεῖσα.
3659 1169 3808 1240 Αὕτη

2155 1251 2348 1325 πρώτη
2385 1253 2417 1320 ἡ
2460 1251 2823 1328 αἰχμαλωσία
2876 1253 3118 1329 Ἰσραήλ’
3178 1255 3351 1318 Οὗτος
3412 1254 3468 1312 δὲ
3525 1258 3614 1313 καί
3673 1266 3812 1334 Σαρ-

2157 1337 2464 1402 δανάπαλος
2497 1340 2736 1417 ἐλέγετο,
2767 1343 2832 1412 ἦν
2887 1340 2944 1398 δὲ
2996 1345 3178 1420 πατὴρ
3233 1350 3328 1400 τοῦ
3387 1342 3809 1422 Ναϐουχοδονό-

2160 1450 2276 1505 σορ.
2325 1432 2642 1508 ’Δναγκαῖον
2703 1429 2759 1486 δὲ
2813 1438 3046 1503 ζητῆσαι
3105 1435 3228 1510 περὶ
3302 1438 3398 1505 τῆς
3451 1441 3558 1492 τῶν
3617 1439 3806 1495 Ἀσσυ-

2160 1519 2294 1594 ρίων
2348 1519 2651 1595 βασιλείας,
2713 1526 2829 1585 πῶς
2861 1522 3064 1593 ταύτης
3121 1525 3226 1599 πρὸ
3287 1523 3368 1602 ιβ’
3424 1523 3557 1580 ἐτῶν
3617 1529 3806 1583 καθαι-

2158 1609 2408 1683 ρεθείσης
2438 1605 2843 1685 ύπὸ’Λρϐάκου
2881 1617 2978 1666 τοῦ
3037 1609 3253 1684 Μήδου,
3309 1617 3409 1668 τοῦ
3470 1615 3670 1686 ταύτην
3729 1617 3806 1678 εἰς

2159 1695 2385 1768 Μήδους
2446 1697 2886 1776 μετενέγκαντος,
2944 1703 2980 1770 ἡ
3039 1703 3225 1779 Γραφὴ
3284 1702 3376 1758 τὸν
3438 1707 3801 1782 Σαλμανασὰρ

406 1799 479 1854 ad
510 1799 707 1855 Medos
739 1799 1092 1855 translatum
1123 1799 1320 1856 fuerit.
1355 1801 1542 1854 Causa
1573 1799 1862 1866 redditur,
1895 1799 2053 1870 quod

2165 1787 2390 1863 βασιλέα
2448 1787 2744 1863 Ἀσσυρίων
2799 1788 2979 1846 καλεῖ.
3043 1791 3138 1846 Καί
3228 1805 3389 1870 φησιν
3465 1794 3551 1848 δτι
3606 1792 3809 1866 Μήδων

409 1890 676 1961 quamvis
714 1890 786 1946 ab
819 1889 1044 1945 Arbace
1077 1890 1461 1946 successio'in
1485 1903 1666 1962 regno
1689 1888 1802 1944 fuit
1821 1889 2058 1944 Medicas

407 1980 614 2051 gentis,
649 1979 708 2034 id
739 1985 939 2036 tamen
971 1981 1150 2035 etiam
1180 1980 1488 2051 Assyrium
1517 1984 1926 2050 nuncupatum
1949 1978 2064 2032 fuit

408 2068 480 2122 ob
507 2069 876 2124 nobilitatem
904 2075 961 2124 et
980 2074 1330 2124 vetustatem
1354 2068 1730 2139 Assyriorum
1761 2085 1828 2123 ac
1859 2067 2058 2140 regio-

407 2158 499 2211 nis
523 2173 763 2214 nomen.
785 2159 1047 2230 Namque
1073 2158 1168 2212 hic
1197 2158 1573 2229 Assyriorum
1597 2173 1700 2211 rex
1723 2173 1856 2211 cum
1879 2157 2062 2212 Medis

404 2247 696 2314 subesset,
738 2248 1114 2319 Assyriorum
1166 2263 1271 2302 rex
1319 2246 1680 2302 constitutus
1713 2245 1841 2301 fuit.
1876 2247 2058 2301 Caete-

397 2351 530 2392 rum
545 2337 818 2391 Ezechias
843 2353 946 2390 rex
970 2353 1126 2392 anno
1151 2336 1240 2391 sui
1269 2335 1432 2403 regni
1452 2335 1830 2406 quindecimo
1853 2335 2060 2390 lethali

401 2426 606 2481 morbo
642 2432 949 2496 correptus
979 2424 1315 2480 ministerio
1353 2424 1518 2479 Isaim
1569 2423 2060 2496 propagationem

401 2516 530 2572 vitae
566 2515 626 2569 in
658 2515 1000 2587 quindecim
1036 2531 1227 2570 annos
1264 2514 1560 2581 obtinuit;
1595 2530 1726 2584 quas
1759 2514 1810 2568 ei
1841 2515 2064 2569 conﬁr-

401 2611 560 2661 mata
591 2610 681 2659 est
711 2605 1050 2678 prodigioso
1087 2604 1229 2659 solis
1262 2621 1368 2676 per
1398 2603 1601 2658 decem
1621 2603 1838 2674 gradus
1857 2603 2061 2659 adver-

401 2715 498 2752 sus
533 2714 707 2754 suum
743 2697 1078 2752 naturalem
1103 2711 1344 2752 cursum
1398 2696 1614 2760 reditu,
1649 2713 1765 2766 quo
1799 2695 1926 2750 dies
1957 2712 2064 2767 per

405 2794 590 2844 totum
614 2795 905 2843 terrarum
933 2788 1140 2843 orbem
1172 2788 1333 2842 horis
1369 2788 1432 2841 10
1457 2791 1665 2842 auctus
1687 2790 1755 2841 22
1778 2787 2060 2842 horarum

401 2876 533 2942 fuit,
569 2893 794 2947 suaque
817 2882 988 2931 nocte
1008 2877 1216 2932 caruit.
1253 2879 1304 2930 ls
1335 2889 1439 2930 rex
1468 2875 1850 2945 quantumvis
1882 2875 2057 2930 casti-

407 2970 510 3023 tati
543 2969 800 3035 deditus,
833 2985 867 3024 a
892 2969 1100 3024 morbo
1131 2974 1332 3023 tamen
1374 2982 1709 3039 resurgens,
1763 2972 1894 3022 voto
1925 2984 2061 3022 con-

405 3063 574 3128 cepto
590 3057 793 3114 liberis
817 3074 1060 3130 operam
1077 3057 1257 3114 dedit.
1275 3056 1438 3111 Idem
1456 3061 1793 3127 serpentem
1815 3073 2059 3125 aereum,

2173 1878 2270 1950 μὲν
2299 1878 2452 1950 γένος
2481 1878 2619 1931 κατά
2674 1873 2940 1953 διαδοχὴν
2997 1879 3103 1934 ἀπὸ
3143 1875 3415 1955 Ἀρϐάκου
3444 1877 3812 1958 ἐϐασίλευσεν,

2167 1966 2201 2033 ἡ
2237 1961 2293 2019 δὲ
2325 1964 2577 2038 βασιλεία
2605 1967 2695 2021 καὶ
2726 1967 3029 2042 Ἀσσυρίων
3078 1967 3298 2043 ἐλέγετο
3342 1967 3430 2025 διὰ
3482 1973 3546 2026 τὸ
3598 1974 3806 2049 εὐγενὲς

2167 2055 2256 2110 καὶ
2293 2054 2524 2110 παλαιὸν
2551 2061 2650 2124 τῆς
2683 2055 2863 2134 ἀρχῆς
2920 2057 3012 2111 καὶ
3039 2057 3103 2112 τὸ
3131 2065 3231 2127 τῆς
3293 2061 3481 2134 χώρας
3525 2059 3716 2136 ὄνομαο
3781 2066 3808 2119 6

2169 2141 2273 2218 γὰρ
2302 2148 2410 2196 τῶν
2457 2144 2756 2218 ’Δσσυρίων
2812 2145 2972 2207 οὗτος
3042 2145 3299 2220 βασιλεὺς
3358 2148 3460 2204 ὑπὸ
3525 2151 3624 2220 τὴν
3681 2155 3814 2228 ἡγε-

2175 2233 2362 2306 μονίαν
2396 2230 2600 2302 Μήδων
2658 2232 2731 2287 ὢν
2789 2235 3092 2310 Ἀσσυρίων
3143 2237 3398 2313 βασιλεὺς
3445 2242 3696 2312 κατὲστη.
3759 2245 3822 2302 Ὁ

2168 2322 2351 2380 τοίνυν
2414 2324 2654 2395 Ἐζεκίας
2709 2330 2790 2398 τῷ
2849 2327 2906 2381 ιε’
2989 2325 3092 2382 ἔτει
3146 2335 3246 2398 τῆς
3306 2328 3588 2405 βασιλείας
3645 2334 3811 2390 αύτοῦ

2169 2416 2403 2484 νοσήσας
2461 2419 2596 2489 πρὸς
2659 2414 2880 2478 θάνατον
2934 2419 3251 2492 προσθήκην
3315 2426 3460 2489 ζωῆς
3510 2417 3674 2477 ἔλαϐε
3726 2421 3816 2479 διὰ

2167 2501 2392 2562 Ἡσαΐου
2475 2502 2608 2558 ἐτῶν
2671 2513 2744 2560 ιε’.
2807 2505 2908 2561 Καὶ
2975 2511 3260 2563 πιστοῦται
3317 2513 3484 2564 ταῦτα
3551 2508 3640 2566 διὰ
3716 2517 3820 2568 τοῦ

2166 2591 2476 2670 παραδόξου
2524 2594 2758 2668 σημείου
2810 2603 2911 2665 τῆς
2968 2595 3232 2653 ἐπανόδου
3288 2599 3476 2670 ήλίου,
3509 2609 3609 2672 τῆς
3667 2624 3826 2679 φυσι-

2167 2686 2268 2754 κῆς
2332 2687 2602 2755 κινήσεως
2653 2682 2780 2741 δέκα
2839 2686 3086 2762 βαθμοὺς
3159 2687 3560 2762 ἀναποδισάσης
3642 2690 3814 2769 ἤγουν

2171 2770 2296 2829 δέκα
2329 2775 2475 2849 ὥρας
2497 2775 2620 2838 καθ’
2647 2774 2784 2846 ὃλην
2839 2777 2937 2844 τήν
3001 2777 3354 2850 οἰκουμένην,
3410 2781 3483 2843 ὡς
3517 2783 3656 2837 εἴναι
3711 2785 3813 2854 τὴν

2166 2862 2379 2938 ⁴ἡμέραν
2411 2863 2621 2933 ἐκείνην
2658 2865 2826 2937 μόνην
2862 2866 3039 2941 χωρὶς
3084 2874 3183 2937 τῆς
3245 2865 3382 2932 ἰδίας
3434 2872 3624 2934 νυκτὸς
3657 2873 3818 2947 ὡρῶν

2167 2951 2274 3026 κβ“.
2304 2952 2478 3014 Οὗτος
2537 2951 2628 3006 καὶ
2686 2954 3036 3030 σωφροσύνην
3096 2957 3271 3011 ἀσκῶν
3332 2957 3440 3012 ἀπὸ
3497 2965 3597 3028 τῆς
3652 2959 3816 3016 νόσου

2169 3039 2398 3103 ἀναστὰς
2457 3039 2656 3110 ηὔξατο
2713 3039 3132 3112 παιδοποιῆσαι.
3191 3046 3365 3108 Οὗτος
3420 3046 3512 3102 τὸν
3573 3049 3693 3127 ὅφιν
3754 3049 3812 3105 ὅν

406 3127 582 3219 quem
613 3148 674 3203 in
709 3127 1030 3203 solitudine
1083 3149 1270 3203 Moses
1322 3146 1731 3218 suspenderat,
1783 3147 2056 3218 deposuit

2171 3127 2434 3220 ἐκρέμασε
2483 3131 2726 3220 Μωυσῆς
2776 3131 2852 3220 ἐν,
2882 3136 2950 3197 τῆ
3006 3131 3222 3220 ἀρήμῳ,
3282 3133 3500 3200 καθεῖλε
3552 3138 3639 3192 καὶ
3673 3137 3820 3194 ἐχώ-

405 3241 581 3308 atque
613 3235 910 3299 conﬂavit,
957 3235 1114 3306 quod
1166 3234 1218 3289 ei
1262 3234 1517 3306 populus
1565 3233 1849 3290 adoleret.
1901 3235 2053 3300 Quin

404 3332 461 3381 et
494 3325 710 3379 librum
744 3325 1096 3392 Solomonis,
1121 3324 1215 3379 cui
1239 3324 1431 3379 omnis
1453 3323 1685 3390 generis
1707 3322 2052 3380 morborum

402 3415 664 3469 remedia
686 3414 872 3469 incisa
893 3419 1081 3479 erant,
1107 3417 1434 3468 crematum
1459 3412 1530 3467 de
1555 3412 1750 3468 medio
1775 3413 2050 3480 sustulit;

405 3507 463 3557 et
493 3503 757 3572 ejusdem
793 3502 976 3556 libros
1009 3502 1079 3557 de
1106 3501 1674 3573 comparationibus,
1701 3507 1760 3556 et
1789 3503 2054 3558 carmina

405 3592 464 3647 in
498 3591 712 3661 quibus
745 3591 815 3646 de
847 3591 1122 3663 stirpium
1156 3597 1334 3663 atque
1385 3591 1734 3648 animalium
1783 3592 2052 3646 omnium

404 3683 798 3748 terrestrium,
831 3683 1156 3739 volucrium
1181 3688 1239 3736 et
1260 3682 1586 3739 natantiam
1607 3688 1841 3749 natura,
1866 3701 2053 3740 reme-

405 3759 636 3843 diisque
664 3773 930 3826 omnium
979 3772 1321 3828 morborum
1375 3771 1513 3827 inde
1563 3773 1835 3844 petendis
1866 3772 2052 3830 disse-

404 3864 604 3914 ruerat
634 3859 813 3932 (unde
847 3860 1183 3914 Graecorum
1207 3859 1424 3914 medici
1447 3859 1759 3915 materiam
1783 3861 2053 3916 sufi‘urati

406 3949 550 4002 191
619 3964 754 4002 suas
781 3953 936 4003 artes
994 3948 1453 4015 constituerunt)
1485 3947 1835 4016 combussit,
1879 3949 2054 4004 sicuti

404 4038 739 4105 retulimus,
769 4038 908 4108 quia
929 4036 1183 4108 populus
1213 4053 1286 4091 ex
1317 4036 1389 4091 iis
1415 4036 1678 4092 remedia
1711 4036 2054 4092 morborum

357 4134 359 4137 '
403 4131 611 4199 petens
642 4143 676 4182 a
725 4128 840 4180 Deo
900 4125 1214 4181 sanitatem
1269 4141 1514 4197 poscere
1555 4125 1907 4199 negligebat.
1942 4128 2054 4183 Re-

405 4222 622 4289 gnante
652 4215 898 4270 Ezechia
939 4215 1001 4269 in
1053 4214 1316 4270 Judaaam
1347 4213 1546 4285 copias
1595 4214 1841 4269 adduxit
1869 4215 2053 4271 Sena—

407 4305 702 4369 cheribus,
740 4305 1200 4360 Salmanassaris
1232 4319 1558 4359 successor.
1608 4304 1716 4370 Qui
1748 4321 1884 4360 cum
1925 4305 2052 4377 glo-

407 4394 566 4448 riose
605 4392 792 4448 multa
839 4394 902 4448 in
973 4393 1284 4448 Dominum
1325 4401 1382 4448 el
1426 4392 1710 4465 pOpulum
1769 4394 1896 4466 ejus
1949 4394 2050 4450 de-

409 4481 781 4549 blaterasset,
832 4482 1095 4538 irritatus
1128 4487 1215 4538 est
1271 4483 1320 4538 is
1366 4483 1464 4555 qui
1500 4483 1750 4540 consilia
1787 4486 2051 4555 gentium
2083 4505 2128 4571 ι)

409 4573 661 4644 dissipat
691 4577 747 4628 et
779 4573 1131 4646 populorum
1160 4573 1544 4646 cogitationes
1574 4575 1771 4631 irritas
1813 4575 1955 4632 facit
1981 4593 2050 4632 ac

411 4663 656 4718 consilia
715 4663 1050 4734 principum
1103 4663 1310 4720 eludit.
1371 4665 1445 4730 Is,
1484 4664 1667 4720 misso
1707 4665 1934 4738 angelo,
1977 4667 2052 4722 de

412 4753 673 4810 exercitu
705 4753 1080 4825 Assyriorum
1112 4753 1301 4809 millia
1335 4754 1432 4809 185
1455 4754 1768 4812 interfecit.
1802 4758 1888 4814 Ita
1917 4773 2052 4814 cum

409 4843 696 4900 dedecore
731 4850 787 4898 et
819 4843 980 4898 rabie
1009 4843 1256 4898 Niniven
1305 4859 1574 4900 reversus
1618 4847 2052 4903 Senacheribus

409 4935 470 4990 in
522 4934 781 5006 captivos
837 4951 870 4988 a
914 4931 1354 4990 Salmanassare
1405 4933 1692 4990 obductos
1747 4935 2052 4992 Israelioos

406 5041 620 5095 magna
650 5024 808 5078 caede
839 5023 1124 5079 desmviit.
1152 5024 1336 5089 Quem
1381 5040 1518 5079 mox
1561 5024 1760 5080 divina
1789 5024 1935 5080 ultio
1966 5025 2052 5081 in-

407 5119 606 5167 secuto
638 5113 879 5169 suorum
938 5113 1199 5168 ﬁliorum
1249 5113 1523 5169 manibus
1567 5113 1818 5182 occidit,
1865 5131 2050 5186 eaque

396 5199 560 5269 justa
585 5219 698 5257 nex
742 5203 1025 5274 injustam
1076 5202 1440 5274 captivorum
1485 5201 1856 5260 occidionem
1889 5204 2052 5260 seda-

407 5287 506 5342 vit.

479 5445 602 5500 Fuit
625 5451 748 5500 tum
772 5447 1196 5519 intercaptivos
1218 5449 1394 5504 homo
1417 5448 1660 5521 quidam
1683 5451 2046 5526 misericors,

403 5535 640 5592 nomine
671 5534 898 5602 Tobias,
923 5537 1024 5605 qui
1052 5536 1113 5592 in
1157 5538 1502 5609 sepeliendo
1555 5539 1900 5599 interfectos
1941 5546 2044 5602 Ju-

395 5627 550 5682 daaos
569 5623 834 5680 multum
884 5640 1077 5696 operae
1122 5626 1526 5698 impendebat.
1579 5630 1704 5696 Qua
1759 5631 1834 5689 de
1861 5649 2044 5694 causa

2166 3239 2370 3288 νευσεν,
2402 3219 2485 3274 ὃτι
2518 3219 2664 3291 αύτῷ
2697 3218 2892 3294 ἐθυμία
2923 3223 2951 3277 6
3012 3219 3162 3286 λαός.
3222 3224 3400 3282 Ἀλλὰ
3455 3228 3544 3280 καὶ
3601 3222 3819 3300 βιϐλίον

2162 3305 2557 3380 Σολομῶντος,
2585 3307 2916 3384 ἰαματήριον
2959 3310 3155 3374 παντὸς
3211 3313 3415 3378 πάθους
3470 3314 3820 3390 ἐγκεκολαμ-

2165 3397 2345 3471 μένον,
2377 3396 2624 3468 ὶξὲκαυσε
2653 3398 2741 3453 καὶ
2800 3399 3052 3476 ἠφάνισε,
3108 3403 3203 3464 τάς
3260 3423 3319 3458 τε
3375 3405 3496 3478 περὶ
3554 3410 3662 3460 τῶν
3709 3427 3814 3461 πα-

2169 3480 2423 3560 ραϐολῶν
2468 3487 2555 3542 καὶ
2621 3485 2800 3560 ᾠδῶν,
2861 3486 2913 3544 ἐν
2976 3489 3057 3551 αῖς
3117 3493 3239 3567 περί
3311 3497 3418 3547 τῶν
3476 3498 3654 3570 φυτῶν
3722 3496 3819 3550 καὶ

2163 3575 2436 3630 παντοίων
2499 3577 2652 3645 ζώων
2708 3577 3052 3656 φυσιολογία,
3113 3582 3387 3660 χερσαίων
3446 3588 3701 3640 πετεινῶν
3761 3605 3823 3639 τε

2163 3665 2254 3719 καὶ
2279 3668 2520 3735 νηκτῶν,
2573 3667 2662 3721 καί
2725 3666 2968 3739 ἰαμάτων
3029 3669 3234 3733 πάθους
3274 3671 3490 3740 παντὸς,
3519 3672 3812 3749 γραφείσας

2165 3752 2333 3826 αύτῷ,
2394 3753 2482 3834 ἀφ’
2533 3755 2606 3809 ῶν
2661 3754 2748 3810 καί
2811 3757 2861 3811 οἰ
2931 3761 3038 3812 τῶν
3099 3756 3384 3830 Ἐλλήνων
3471 3761 3812 3841 ἰατροφισταέ

2167 3843 2612 3920 σφετερισάμενοι
2695 3846 2786 3900 καὶ
2863 3847 2960 3909 τὰς
3040 3848 3291 3927 ἀφορμὰς
3367 3849 3660 3924 εἰληφότες
3711 3852 3809 3913 τὰς

2167 3929 2310 3994 ἰδίας
2343 3935 2736 4004 συνεστήσαντο
2765 3934 2983 4010 τέχνας.
3027 3941 3204 3995 Ταῦτα
3259 3939 3440 3994 τοίνυν
3495 3939 3561 3996 τὰ
3619 3936 3813 4016 βιϐλία

2163 4023 2408 4092 Ἑζεκίας
2445 4025 2788 4107 κατακαύσας
2830 4025 3007 4107 ἀφανῆ
3065 4027 3338 4099 ἐποίησεν,
3407 4029 3482 4092 ὡς
3535 4029 3812 4100 λέλεκται,

2163 4108 2354 4178 ἔπειδή
2403 4111 2496 4173 τὰς
2557 4105 2841 4187 θεραπείας
2880 4105 3010 4170 τῶν
3075 4119 3399 4192 νοσημάτων
3445 4113 3589 4176 ἔνθεν
3645 4142 3815 4194 κομις-

2163 4201 2390 4273 ζόμενος
2415 4203 2442 4257 ὁ
2475 4199 2607 4264 λαὸς
2637 4203 2882 4280 περιώρα
2910 4205 3004 4266 τὰς
3039 4205 3208 4270 ἰάσεις
3258 4207 3426 4265 αἰτεῖν
3455 4209 3600 4285 παρὰ
3650 4215 3810 4269 θεοῦ.

2162 4298 2251 4356 Ἑν
2283 4294 2503 4359 ταύταις
2532 4301 2649 4358 ταῖς
2681 4297 2916 4372 ἡμέραις
2966 4301 3064 4352 τοῦ
3122 4298 3362 4367 Ἐζεκίου
3420 4294 3580 4370 ἀνέϐη
3642 4307 3810 4356 Σενα-

2161 4388 2376 4463 χηρεῖμ
2405 4385 2432 4440 ὁ
2465 4382 2727 4462 διάδοχος
2755 4386 3142 4460 Σαλμανασάρ·
3205 4388 3294 4446 καί
3353 4386 3584 4444 πλεῖστα
3644 4410 3809 4465 μεγα..

2159 4477 2680 4552 λορῥημονήσαντος
2737 4476 2873 4532 κατά
2929 4481 3026 4532 τοῦ
3081 4479 3286 4553 Κυρίου
3343 4479 3434 4533 καὶ
3520 4481 3656 4534 κατὰ
3708 4484 3806 4533 τοῦ

2161 4567 2296 4623 λαοῦ
2327 4565 2514 4635 αύτοῦ,
2546 4565 2865 4640 παρεκλήθη
2909 4567 2938 4621 ὁ
2997 4563 3362 4637 διασκεδάζων
3402 4565 3604 4642 βουλὰς
3634 4566 3802 4633 ἐθνῶν

2160 4656 2248 4712 καὶ
2281 4656 2480 4720 ἀθετῶν
2514 4653 2815 4732 λογισμοὺς
2873 4654 3020 4710 λαῶν
3073 4655 3164 4710 καὶ
3227 4655 3431 4732 βουλὰς
3491 4659 3802 4734 ἀρχόντων,

2159 4747 2249 4802 καὶ
2310 4741 2636 4806 ἀποστείλας
2692 4743 2924 4821 ἄγγελον
2979 4744 3191 4802 ἀνεῖλεν
3249 4743 3308 4800 ἒκ
3362 4753 3464 4816 τῆς
3518 4743 3801 4822 παρεμϐο-

2161 4834 2264 4905 λῆς
2308 4838 2415 4890 τῶν
2466 4833 2759 4909 Ἀσσυρίων
2827 4831 3082 4909 χιλιάδας
3137 4835 3270 4908 ρπε’.
3333 4835 3431 4892 Καὶ
3489 4834 3632 4891 οὕτω
3689 4838 3804 4909 μετ’

2159 4922 2430 5000 αἰσχύνης
2472 4923 2562 4979 καί
2620 4924 2822 4994 λύσσης
2875 4925 2903 4980 6
2969 4923 3320 5000 Σεναχηρείμ
3386 4925 3669 4995 ἀναζεύξας
3729 4925 3807 4990 εἰς

2161 5013 2346 5071 Νινευΐ
2403 5010 2592 5076 δεινῶς
2641 5013 2829 5088 ἀνῄρει
2887 5013 3016 5076 τοὺς
3091 5012 3631 5088 αἰχμαλωτισθέντας
3700 5015 3804 5071 ὑπὸ

2160 5101 2525 5178 Σαλμανασᾶφ
2557 5102 2662 5158 ἀπὸ
2695 5104 3000 5176 Σαμαρείας
3023 5106 3120 5159 τοῦ
3178 5104 3420 5178 Ἰσραήλ.
3486 5106 3584 5163 Ὃν
3611 5103 3805 5160 αὐτίκα

2159 5191 2272 5247 θεία
2323 5189 2444 5262 δίκη
2510 5191 2862 5266 μετελθοῦσα,
2916 5192 3007 5248 καὶ
3068 5192 3170 5248 ὗπὸ
3220 5197 3328 5248 τῶν
3388 5189 3544 5249 ἰδίων
3598 5193 3800 5250 τέκνων

2157 5280 2552 5358 ἀναιρεθέντος,
2609 5282 2823 5354 ἀπαύθη
2882 5288 2984 5351 τῆς
3080 5280 3470 5358 αἰχμαλωσίας
3529 5285 3563 5354 ἡ
3619 5281 3802 5347 ἔδικος

2155 5371 2338 5446 σφαγή
2371 5366 2460 5424 διὰ
2487 5375 2586 5438 τῆς
2617 5366 2832 5424 ἐνδίκου
2861 5369 3212 5446 ἀναιρίσεως.

2230 5459 2315 5531 [Ρ.
2351 5458 2474 5530 109]
2517 5459 2604 5513 Ἐν
2661 5456 2829 5532 ταύτῃ
2899 5461 2964 5532 τῇ
3025 5455 3386 5534 αἰχμαλωσίᾳ
3443 5459 3660 5531 ὑπῆρχὲ
3717 5481 3800 5526 τις

2151 5543 2408 5618 ὶλεήμων
2477 5543 2758 5622 ἄνθρωπος
2815 5544 3057 5621 τοῦνομα
3108 5543 3332 5618 Τωϐἡτ,
3415 5548 3505 5604 καὶ
3573 5546 3800 5620 πολλὴν

2151 5628 2297 5692 “om
2355 5631 2598 5704 σπουδὴν
2655 5633 2731 5698 εἰς
2788 5635 2848 5690 τὸ
2901 5636 3117 5702 θάπτειν
3175 5635 3304 5700 τοὺς
3353 5636 3800 5711 ἀποθνήσκοντας
