4186 6190
347 302 472 362 ’225
1497 288 2030 361 HISTORIABUM

2140 286 2300 351 0MP
2309 287 2404 348 EN
2414 288 2605 351 DIUM
2618 335 2632 349 .
3647 295 3768 357 226

361 431 465 490 τῶν
495 433 796 492 Ἰουδαίων.
833 435 960 511 Περὶ
1018 435 1091 490 ὧν
1159 435 1250 490 καὶ
1303 429 1623 506 διαϐληθεὶς
1680 435 1762 502 τῷ
1790 428 2010 504 βασιλεῖ

2140 423 2287 498 apud
2317 440 2516 497 regem
2549 425 2800 494 delatus,
2826 442 2961 483 cum
2993 426 3102 484 sibi
3120 427 3256 502 fuga
3294 429 3696 488 consuluisset
3724 439 3784 488 et

367 525 454 580 καὶ
487 525 669 603 φυγὼν
723 525 996 598 ἐκοιμήθη
1056 519 1156 599 ἔξω
1210 528 1309 580 τοῦ
1364 525 1604 600 τείχους·
1638 520 1726 577 καί
1757 520 1836 582 ὡς
1864 517 2024 574 εἴωθε

369 614 639 676 πολλάκις
693 615 956 690 γίνεσθαι,
1011 615 1366 688 καιμώμενος
1418 614 1509 669 καὶ
1541 613 1668 674 τοὺς
1699 608 2021 691 ὀφθαλμοὺς

367 704 751 780 ἡνεῳγμένους
798 701 967 780 ἔχων,
1015 704 1106 759 καὶ
1152 707 1452 777 στρουθίων
1486 700 1898 781 ἀφοδευσὰντων
1945 699 2021 761 εἷς

369 793 496 855 τοῦς
538 793 860 873 ὀφθαλμοὺς
921 793 1106 863 αὐτοῦ,
1167 793 1497 867 λευκώματα
1551 792 1871 862 πεποίηκεν.
1921 791 2022 847 Ἦν

373 882 428 938 δε
484 885 575 938 καὶ
629 887 684 939 ἐν
738 879 1094 946 Ἐκϐατάνοις
1148 886 1285 959 κόρη
1347 887 1616 962 συγγενὴς
1667 883 1856 949 αὖτοῦ,
1899 880 2022 950 ἥτις

370 974 502 1028 ἑπτά
565 971 762 1048 ἄνδρας
821 968 1084 1039 λαϐοῦσα,
1161 975 1249 1028 καὶ
1331 974 1546 1029 πάντων
1603 974 1710 1028 ὕπὸ
1761 969 2022 1044 δαίμονος

372 1064 772 1137 ἀναιρουμένων
827 1063 936 1138 πρὸ
991 1068 1088 1117 τοῦ
1147 1068 1345 1141 γνῶναι
1401 1063 1621 1133 ταύτην,
1668 1059 1886 1132 ηὔξατο.
1923 1060 2024 1117 Καὶ

368 1149 683 1207 ἀπέστειλεν
717 1153 852 1225 αὐτῇ
888 1153 1088 1227 βοηθὸν
1137 1154 1166 1208 ὁ
1215 1153 1343 1215 Θεὸς
1375 1154 1468 1208 τὸν
1498 1149 1724 1228 ἄγγελον
1756 1147 2023 1229 Ῥαφαήλ

366 1243 429 1299 Ὁ
469 1241 560 1296 οῦν
586 1237 787 1311 Τωϐἠν
848 1241 1219 1317 παραγγείλας
1275 1245 1354 1314 τῷ
1410 1243 1513 1314 υἱῷ
1558 1241 1722 1296 αὐτοῦ
1750 1235 1919 1310 Τοϐίᾳ
1947 1239 2024 1312 μή

371 1326 560 1384 λαϐεῖν
609 1329 926 1405 ἀλλαχόθεν
971 1336 1194 1407 γυναῖκα
1243 1330 1292 1385 εἲ
1344 1332 1420 1404 μή
1472 1329 1532 1385 ἐκ
1575 1333 1673 1398 τῆς
1719 1328 1897 1407 φυλῆς
1937 1327 2027 1382 καὶ

365 1423 466 1475 τοῦ
519 1419 710 1495 γένους
771 1419 936 1474 αὐτοῦ
995 1420 1132 1476 κατά
1188 1420 1282 1474 τὸν
1333 1420 1531 1492 νόμον,
1598 1415 1820 1474 δίδωσιν
1879 1418 2029 1488 αὐτῷ

368 1507 741 1588 χειρόγραφον
804 1507 931 1583 περὶ
995 1506 1280 1564 ταλάντων
1346 1506 1474 1563 δέκα
1545 1507 1774 1586 χρυσίου
1841 1507 1872 1561 ἂ
1937 1503 2028 1560 καὶ

365 1599 635 1671 παρέθετο
669 1597 720 1652 ἐν
749 1601 818 1671 τῇ
854 1594 1057 1669 Μηδίᾳ,
1108 1599 1244 1673 πρὸς
1299 1599 1362 1652 τὸ
1416 1596 1669 1661 ἀπελθεῖν
1719 1596 1808 1651 καὶ
1843 1591 2030 1650 λαϐεῖν

343 1686 505 1741 ἀὐτά
540 1684 633 1740 διὰ
660 1686 891 1761 τάχους.
946 1689 1058 1742 Τοῦ
1111 1683 1169 1740 δὲ
1224 1684 1420 1748 παιδὸς
1450 1689 1746 1756 ζητοῦντος
1787 1681 2028 1738 συνοδοι-
2066 1734 2070 1739 ,

2131 521 2298 572 extra
2327 517 2545 572 mcenia
2573 517 2861 574 dormiret
2889 520 3130 591 apertis,
3162 526 3226 575 ut
3266 538 3422 593 saepe
3445 523 3530 588 fit,
3563 522 3778 592 oculis,

2131 625 2402 681 passeres
2434 611 2494 666 in
2527 612 2728 667 oculos
2760 612 2891 683 ejus
2924 619 3148 669 stercus
3183 615 3550 684 deiecerunt,
3585 633 3779 688 eoque

2131 716 2273 755 casu
2303 701 2364 754 in
2387 701 2980 773 albuginem,incidit.
3032 706 3168 759 Erat
3217 705 3528 760 Ecbatanis
3577 707 3777 777 puella

2131 788 2327 860 ipsum
2381 791 2732 861 cognatione
2786 792 3118 864 attingens;
3175 811 3305 864 qum
3363 811 3497 848 cum
3557 796 3778 866 septies

2131 879 2451 950 nupsisset,
2525 895 2894 950 sponsosque
2964 881 3226 952 singulos
3302 884 3453 938 192
3539 883 3775 938 daemon

2131 969 2478 1039 priusquam
2511 985 2634 1023 rem
2682 985 2818 1023 cum
2871 986 3087 1040 sponsa
3145 971 3430 1026 haberent
3486 979 3779 1038 necasset,

2134 1063 2316 1113 Deum
2333 1059 2607 1130 precibus
2630 1059 3079 1130 interpellabat;
3107 1061 3273 1131 isque
3306 1063 3356 1116 ei
3378 1063 3595 1117 auxilio
3617 1063 3777 1117 misit

2133 1149 2408 1221 angelum
2431 1149 2817 1220 Baphaelum.
2837 1151 3154 1204 Enimuero
3168 1151 3374 1206 Tobias
3399 1153 3583 1206 (ilium
3609 1169 3783 1207 suum

2135 1238 2406 1294 hortatus
2435 1255 2508 1293 ne
2536 1238 2778 1294 aliunde
2810 1255 2988 1308 quam
3022 1257 3088 1294 ex
3115 1256 3221 1294 sua
3251 1240 3431 1310 stirpe
3463 1246 3522 1294 et
3564 1257 3778 1312 genere

2135 1345 2241 1383 suo
2273 1343 2514 1383 uxorem
2538 1328 2798 1395 duceret,
2829 1329 3001 1383 sicuti
3037 1328 3126 1384 lex
3162 1329 3502 1394 mandabat,
3542 1344 3677 1384 eum
3707 1329 3782 1384 ad

2134 1416 2459 1488 repetenda
2487 1433 2665 1488 quam
2697 1418 2954 1488 primum
2980 1418 3185 1472 decem
3215 1417 3459 1484 talenta,
3492 1433 3622 1488 quae
3657 1418 3781 1488 ipse

2137 1507 2438 1575 quondam
2481 1505 2540 1560 in
2571 1506 2756 1561 Media
2813 1506 3194 1577 deposuerat,"
3249 1523 3384 1562 cum
3447 1507 3784 1579 syngrapha

2135 1595 2335 1658 mittit.
2371 1595 2554 1650 Eilius
2585 1596 2816 1650 itineris
2838 1597 3117 1651 comitem
3151 1613 3220 1652 ac
3248 1595 3459 1651 ducem
3499 1613 3782 1667 quaerem,

2137 1684 2295 1755 quod
2325 1685 2477 1740 viam
2512 1686 2826 1756 ignoraret,
2862 1685 3072 1740 divinas
3099 1686 3482 1757 providentia)
3513 1686 3692 1741 ductu
3723 1687 3786 1740 in

369 1776 542 1849 πόρον
572 1776 647 1838 ὡς
675 1777 776 1844 τήν
837 1772 962 1829 ὁδὸν
1021 1774 1366 1851 ἀγνοοῦντος,
1427 1773 1662 1849 εὑρίσκει
1713 1777 1846 1828 Θεοῦ
1891 1792 2025 1844 προ-

2140 1774 2499 1846 Baphaelum
2533 1775 2743 1829 incidit
2797 1775 2904 1829 sub
2937 1775 3044 1831 viri
3106 1776 3300 1846 specie
3347 1777 3405 1830 in
3461 1777 3588 1830 loro
3620 1780 3783 1830 stan-

367 1865 492 1935 νοίᾳ
522 1866 612 1918 τὸν
680 1862 929 1940 ἄγγελον.
998 1861 1248 1939 Ῥαφαήλ
1311 1863 1388 1924 ὡς
1453 1859 1732 1938 ἄνθρωπον
1798 1861 2024 1916 ἑστῶτα.

365 1956 465 2012 "Ov
536 1954 968 2025 μισθωσάμενος,
1039 1950 1236 2007 εἰδέναι
1302 1953 1400 2020 τὴν
1469 1950 1592 2006 ὁδὸν
1667 1951 1891 2024 Αέγοντα
1935 1949 2025 2003 καὶ

369 2044 623 2116 Ἀζαρίαν
683 2043 1114 2115 ὀνομαζόμενον,
1166 2039 1440 2096 συνοδεύει
1486 2040 1685 2113 τούτῳ.
1740 2039 1834 2093 Καὶ
1877 2037 2028 2094 διελ-

366 2131 576 2186 θόντων
607 2131 784 2186 αὐτῶν
819 2131 898 2193 εἷς
937 2133 1030 2186 τὸν
1090 2132 1338 2204 ποταμὸν
1391 2131 1603 2206 Τίγριν,
1654 2129 1744 2184 καὶ
1772 2132 1870 2184 τοῦ
1898 2149 2028 2182 παι-

367 2218 464 2281 δὸς
497 2221 834 2282 εἰσελθόντος
873 2219 1192 2289 λούσασθαι,
1224 2221 1314 2276 καὶ
1365 2220 1560 2296 ἰχθύος
1600 2219 1748 2292 αύτῷ
1781 2216 2026 2295 μεγάλου

370 2308 840 2381 ἒπιπηδήσαντος,
899 2312 1049 2366 εἶπεν
1105 2311 1254 2384 αύτῷ
1305 2312 1332 2366 ό
1389 2309 1622 2387 ἄγγελος
1677 2305 2026 2365 ἐπιλαϐέσθαι

363 2406 469 2456 τοῦ
519 2399 713 2476 ἰχθύος
761 2399 852 2454 καὶ
905 2405 1088 2472 τεμεῖν
1150 2400 1315 2455 αὐτοῦ
1364 2402 1463 2469 τήν
1500 2400 1754 2474 γαστέρα,
1805 2397 1891 2452 καὶ
1925 2395 2026 2450 λα-

367 2483 488 2542 ϐεῖν
520 2489 582 2542 τό
612 2508 671 2542 τε
695 2490 848 2562 ἧπαρ
893 2489 983 2542 καὶ
1032 2489 1134 2556 τήν
1180 2485 1403 2561 καρδίαν
1449 2488 1540 2542 καὶ
1568 2490 1668 2557 τήν
1700 2485 1904 2562 χολὴν,
1937 2484 2027 2539 καὶ

367 2576 682 2652 φυλάττειν.
711 2579 823 2634 Τοῦ
866 2575 924 2631 δὲ
951 2576 1360 2650 πυνθανομένου
1406 2577 1468 2631 τὸ
1518 2579 1797 2652 ’χρήσιμον
1833 2574 2026 2644 αὐτῶν,

369 2693 400 2720 ‹‹
436 2669 516 2724 Τὸ
555 2668 647 2740 μὲν
675 2669 849 2742 ἧπαρ,
882 2667 1038 2745 φησὶ,
1071 2667 1160 2721 καὶ
1202 2669 1236 2735 ἡ
1269 2664 1463 2742 καρδία
1493 2667 1816 2739 θυμίώμενα
1841 2663 2027 2720 διώκει

372 2753 667 2829 δαίμονας,
697 2758 732 2825 ἡ
767 2753 826 2810 δὲ
876 2755 1022 2830 χολὴ
1077 2758 1357 2831 καθαρίζει
1390 2755 1738 2828 λευκώματα.
1772 2779 1800 2807 ››
1832 2756 1969 2811 Εἶτα
2000 2754 2028 2808 ὁ

375 2847 476 2918 μὲν
506 2849 633 2906 παῖς
693 2839 966 2918 λαμϐάνει
1021 2845 1119 2913 τὴν
1175 2842 1235 2900 ἔκ
1284 2848 1382 2899 τοῦ
1434 2846 1623 2919 γένους
1679 2845 1846 2898 αὐτοῦ
1891 2863 2028 2916 προ-

369 2933 665 3008 λεχθεῖσαν
697 2933 867 3006 κόρην
901 2934 975 2996 εἰς
1025 2939 1272 3008 γυναῖκα,
1320 2937 1390 3008 τῇ
1441 2929 1752 3006 συμϐουλίᾳ
1780 2931 1870 2987 καὶ
1901 2953 2028 2986 συν-

367 3022 524 3097 εργίᾳ
561 3027 661 3077 τοῦ
692 3022 931 3098 ἀγγέλου
965 3020 1298 3098 διωχθέντος
1352 3027 1449 3078 τὸῦ
1495 3026 1739 3096 πονηροῦ
1771 3017 2027 3094 δαίμονος

367 3111 422 3165 ὲν
457 3117 536 3182 τῷ
595 3111 900 3184 θυμιάματι
956 3111 1154 3185 τούτῷ.
1219 3112 1314 3167 Καὶ
1377 3110 1698 3190 ὑποστρέφει
1761 3111 1894 3183 μετὰ
1931 3113 2028 3165 τοῦ

368 3196 568 3261 παιδὸς
629 3201 718 3255 καῖ
777 3207 878 3269 τῆς
933 3202 1185 3277 γυναικὸς
1237 3199 1403 3256 αὐτοῦ
1459 3201 1593 3275 πρὸς
1656 3201 1746 3254 τὸν
1823 3171 2102 3273 πατέραο

365 3284 594 3358 Τωϐήτο
657 3289 719 3342 οῦ
776 3290 904 3351 τοὺς
965 3289 1291 3368 ὀφθαλμοὺς
1347 3291 1376 3344 ὁ
1431 3295 1557 3350 παῖς
1614 3293 1682 3362 τῇ
1744 3287 1892 3363 χολῇ
1931 3291 2029 3342 τοῦ

367 3376 568 3451 ἰχθύος
599 3377 914 3452 ἂπίχρίσας,
947 3379 1036 3431 καὶ
1083 3377 1320 3452 παρευθῦ
1370 3374 1570 3442 Τωϐἡτ
1600 3373 2027 3450 ἀναϐλέψαντος,

362 3464 702 3541 ὶφανέρωσεν
760 3467 946 3520 ἑαυτὸν
999 3467 1027 3520 ὁ
1085 3465 1340 3542 ἅγγελος,
1430 3467 1514 3522 ὅτι
1593 3465 1692 3521 οὐκ
1743 3465 2030 3542 ἅνθρωπός

366 3555 543 3622 ἑστιν,
603 3554 752 3610 ἀλλὰ
809 3555 956 3630 παρά
1015 3561 1148 3611 Θεοῦ
1225 3555 1504 3627 ἀπεστάλη
1577 3557 1712 3622 πρὸς
1775 3556 2026 3631 βοήθειαν

2136 1869 2290 1930 tem;
2321 1863 2492 1934 cujus
2514 1864 2777 1918 Azariam
2805 1880 2866 1918 se
2910 1865 3275 1919 nominantis
3319 1870 3376 1918 et
3402 1865 3506 1918 viae
3540 1881 3600 1918 se
3641 1881 3782 1933 gna-

2134 1970 2267 2008 rum
2299 1954 2634 2024 profitentis
2664 1970 2843 2026 opera
2873 1954 3182 2020 conducta,
3217 1955 3329 2008 iter
3359 1970 3426 2007 eo
3466 1955 3780 2008 comitatus

2137 2043 2485 2114 ingreditur.
2528 2044 2671 2097 Cum
2723 2043 2793 2098 ad
2827 2044 3022 2114 Tigrin
3069 2044 3310 2098 fluvium
3351 2045 3780 2115 pervenissent,

2137 2150 2284 2204 puer
2337 2132 2568 2188 lavandi
2625 2150 2801 2188 causa
2838 2150 3054 2204 aquam
3088 2135 3389 2205 ingressus
3449 2140 3554 2198 est,
3611 2139 3786 2203 atque

2139 2222 2346 2294 ingens
2396 2222 2476 2276 ibi
2511 2221 2691 2292 piscis
2723 2239 2857 2276 eum
2887 2223 3116 2278 invasit.
3173 2225 3317 2278 Eum
3343 2224 3550 2295 jussus
3597 2229 3685 2276 est
3712 2221 3786 2276 ab

2138 2312 2344 2383 angelo
2375 2327 2608 2381 capere,
2642 2317 2700 2366 et
2729 2312 2984 2366 dissecto
3018 2317 3220 2366 ventre
3243 2313 3437 2381 jecur,
3472 2328 3575 2366 cor
3623 2317 3679 2366 et
3709 2309 3787 2364 fel

2139 2401 2397 2455 eximere
2426 2415 2492 2453 ac
2517 2416 2769 2453 servare.
2795 2400 3050 2472 Angelus
3072 2400 3144 2454 ad
3175 2400 3314 2469 quid
3343 2417 3412 2454 ea
3438 2401 3790 2470 prodessent

2139 2489 2555 2559 interrogatus,
2585 2487 2876 2556 jocinoris
2917 2492 2974 2542 et
3003 2488 3197 2543 cordis
3229 2489 3432 2543 sufﬁtu
3484 2489 3785 2542 daemones

2139 2575 2293 2648 abigi
2322 2575 2647 2646 respondit,
2681 2575 2818 2630 felle
2843 2575 3150 2648 albugines
3181 2576 3331 2631 tolli.
3361 2575 3613 2630 Proinde
3655 2591 3784 2630 eam

2139 2666 2211 2722 de
2235 2683 2352 2737 qua
2383 2666 2606 2722 dictum
2637 2670 2724 2720 est
2750 2666 3030 2736 puellam,
3057 2667 3558 2738 consanguineam
3589 2682 3781 2734 suam,

2139 2756 2332 2810 Tobiaa
2364 2755 2522 2811 filius
2550 2771 2794 2810 uxorem
2823 2755 3009 2823 duxit,
3042 2756 3235 2827 angeli
3257 2755 3507 2810 consilio
3541 2760 3600 2809 et
3627 2755 3791 2810 auxi-

2142 2845 2244 2912 lio,
2277 2845 2432 2900 malo
2463 2843 2732 2899 daemone
2780 2843 2828 2897 vi
2863 2845 2992 2915 ejus
3037 2845 3271 2900 suffitus
3301 2844 3498 2917 fugato
3531 2863 3544 2910 ;
3595 2861 3790 2899 rever-

2142 2950 2360 3004 susque
2393 2949 2528 2989 cum
2559 2932 2775 2988 comite
2807 2949 2914 2988 suo
2947 2938 3004 2988 et
3048 2950 3230 2989 uxore
3261 2933 3334 2989 ad
3363 2939 3614 3005 patrem,
3646 2948 3788 2987 ocu-

2141 3021 2228 3078 los
2285 3023 2414 3095 ejus
2471 3021 2610 3078 felle
2667 3021 2942 3093 inungit;
3004 3039 3118 3094 quo
3160 3023 3312 3078 facto
3361 3039 3541 3078 senex
3598 3022 3787 3076 visum

2141 3112 2302 3168 illico
2329 3113 2571 3184 recepit.
2619 3115 2763 3168 Tum
2821 3113 3068 3185 angelus
3097 3130 3157 3168 se
3207 3113 3341 3184 quis
3375 3119 3532 3168 esset
3577 3113 3786 3184 aperit,

2139 3216 2260 3254 non
2300 3201 2600 3256 hominem
2635 3217 2697 3254 se
2731 3216 2879 3266 esse,
2927 3200 3028 3255 sed
3059 3217 3092 3255 a
3123 3202 3239 3255 Deo
3290 3201 3538 3255 missum
3567 3199 3786 3256 docens

2139 3289 2493 3361 opitulatum
2525 3289 2671 3360 ipsis
2701 3295 2759 3343 et
2807 3289 3020 3360 puellm
3069 3289 3246 3356 Sarus,
3308 3289 3485 3360 idque
3543 3293 3786 3360 propter

2140 3379 2402 3450 ipsorum
2437 3378 2739 3450 pietatem,
2774 3380 2926 3434 I98
2959 3378 3019 3433 id
3050 3395 3285 3450 quoque
3325 3379 3469 3450 ipsis
3498 3379 3665 3446 dixit,
3696 3393 3791 3432 re-

2138 3468 2226 3538 gis
2255 3485 2542 3523 arcanum
2590 3471 2750 3523 recte
2801 3469 2938 3539 tegi,
2972 3468 3075 3524 sed
3131 3469 3284 3524 facta
3309 3468 3410 3524 Dei
3459 3466 3786 3540 praedicare

2141 3557 2538 3612 honorificum
2571 3574 2718 3612 esse.

367 3661 562 3724 αύτοῖς
589 3682 649 3716 τε
679 3662 770 3715 καὶ
802 3666 871 3736 τῇ
903 3661 1040 3736 κόρῃ
1073 3661 1254 3738 Σάρρᾳ
1286 3659 1375 3718 διὰ
1403 3663 1500 3731 τὴν
1533 3663 1710 3717 αὐτῶν
1771 3657 2066 3732 εὐσέϐειαν,
2126 3660 2297 3736 λέγων
2358 3662 2495 3736 πρὸς
2543 3660 2762 3723 αύτούς-
2816 3687 2834 3711 ι
2872 3664 3184 3736 Μυστήριον
3219 3659 3486 3736 βασιλέως
3518 3661 3770 3737 κρύητειν

367 3747 571 3820 καλὸν,
601 3751 669 3805 τὰ
700 3749 757 3805 δὲ
787 3744 914 3826 ἔργα
938 3755 1034 3806 τοῦ
1067 3752 1264 3827 Κυρίου
1304 3751 1554 3825 ἀνυμνεῖν
1583 3746 1834 3823 ἐνδόξως.
1869 3775 1897 3803 »

445 3876 552 3933 Επὶ
610 3877 808 3931 τούτου
865 3877 958 3931 καὶ
1017 3878 1300 3952 ἅνθρωπός
1358 3898 1441 3939 τις
1501 3875 1823 3951 ὲγνωρίζετο
1863 3875 1913 3930 ἐν
1947 3879 2027 3947 τῷ

367 3964 601 4040 Ἰσραὴλ
656 3964 929 4030 πλούσιος
979 3970 1066 4021 καὶ
1145 3966 1489 4040 ἁνελεήμων,
1543 3963 1603 4027 ὅς
1660 3963 1836 4030 ἰλθὼν
1892 3964 2028 4039 πρός

367 4075 488 4108 τινα
545 4058 656 4108 τῶν
718 4053 1060 4111 διδασκάλων
1143 4057 1233 4111 καὶ
1314 4055 1614 4123 ἀναπτύξας
1682 4056 1781 4124 τὴν
1843 4054 2032 4132 σοφίαν

374 4149 741 4215 Σολομῶντος
774 4145 925 4219 εῦρεν
960 4144 1131 4207 εὐθύς·
1189 4167 1217 4196 ι(
1259 4147 1318 4202 ‘0
1349 4142 1514 4199 ἐλεῶν
1544 4143 1766 4219 πτωχὸν
1803 4139 2032 4212 δανείζει

375 4236 515 4303 Θεῷ.
580 4255 607 4282 ››
669 4232 766 4287 Καὶ
836 4233 912 4294 είς
991 4234 1180 4290 ἑαυτὸν
1236 4236 1523 4310 γενόμενος
1569 4234 1661 4288 καὶ
1715 4231 2030 4306 κατανυγεὶς

378 4320 634 4385 ἀπελθὼν
667 4323 908 4397 πέπρακε
958 4325 1129 4379 πάντα
1184 4323 1275 4380 καὶ
1335 4321 1568 4398 διένειμε
1623 4327 1893 4398 πτωχοῖς,
1923 4343 2032 4395 μη·

376 4408 463 4465 δὶν
523 4411 702 4483 ἑαυτῷ
757 4410 1087 4486 καταλείψας
1135 4413 1282 4484 πλὴν
1339 4415 1692 4488 νομισμάτων
1751 4409 1868 4469 δύο.
1931 4410 2027 4466 Καὶ

373 4499 699 4574 πτωχεύσεις
755 4503 890 4556 πάνυ
955 4503 1044 4557 καὶ
1106 4504 1207 4557 ὑπὸ
1271 4500 1503 4576 μηδενὸς
1561 4502 1621 4558 ἐκ
1676 4505 1819 4562 θείας
1879 4498 2032 4556 δοκι-

2210 3876 2428 3932 Eodem
2461 3884 2723 3949 tempore
2757 3878 2841 3932 vir
2871 3878 3114 3949 quidam
3146 3877 3207 3933 in
3249 3877 3464 3950 populo
3508 3877 3783 3934 lsraelico

2140 3966 2569 4034 celebrabatur,
2599 3966 2762 4022 dives
2793 3973 2850 4021 et
2889 3969 3262 4023 inhumanus.
3300 3969 3356 4022 Is
3387 3983 3521 4022 cum
3571 3984 3780 4038 quem-

2141 4057 2275 4111 dam
2307 4056 2608 4111 doctorem
2659 4057 3054 4122 convenisset,
3103 4057 3440 4130 librumque
3473 4057 3779 4129 sapientiae

2141 4145 2472 4200 Solomonis
2501 4147 2850 4217 aperuisset,
2882 4147 3073 4218 primo
3112 4147 3319 4202 obtutu
3349 4147 3412 4201 in
3443 4147 3568 4202 haec
3608 4147 3785 4201 verba

2143 4235 2372 4302 incidit,
2405 4259 2432 4286 ‹‹
2468 4236 2574 4302 Qui
2607 4235 2925 4292 miseratur
2949 4253 3294 4308 pauperem,
3329 4237 3378 4291 is
3412 4241 3524 4291 Deo
3557 4236 3785 4292 fenera-

2144 4331 2258 4382 tur.
2293 4349 2321 4376 »
2352 4327 2555 4398 Itaque
2588 4327 2648 4381 in
2682 4342 2743 4380 se
2773 4324 3138 4381 descendens
3169 4331 3228 4380 et
3251 4330 3643 4398 compunctus
3668 4325 3788 4380 ani-

2148 4433 2330 4486 mum,
2362 4415 2658 4487 digressus
2705 4415 2905 4470 omnia
2936 4431 3042 4471 sua
3089 4414 3376 4484 vendidit,
3423 4431 3490 4470 ac
3528 4416 3786 4486 pretium

2141 4505 2296 4560 inter
2344 4520 2559 4577 egenos
2613 4504 2933 4570 distribuit,
2991 4504 3141 4559 nihil
3199 4504 3311 4559 sibi
3370 4511 3586 4576 praeter
3643 4505 3788 4560 duos

385 4589 582 4661 μασίας
616 4587 938 4662 ἐλεούμενος
999 4591 1220 4664 ὓστερον
1280 4589 1331 4646 ὶν
1393 4592 1566 4664 ἑαυτῷ
1625 4590 1774 4666 λέγει
1837 4611 2028 4666 μικρο-

2144 4611 2420 4649 nummos
2475 4611 2802 4649 reservans.
2864 4595 2949 4648 Ita
3006 4602 3080 4649 ad
3151 4611 3449 4649 summam
3513 4594 3785 4649 redactus

386 4680 667 4751 ψυχῆσκς.
728 4680 1196 4754 «Ἃπελεύσομαι
1251 4683 1500 4755 [Ρ.110]
1563 4680 1614 4735 ἐν
1673 4679 2038 4755 Ἰερουσαλήμ

387 4767 476 4822 καὶ
506 4765 890 4843 διακρινοῦμαι
919 4775 996 4842 τῷ
1054 4777 1170 4843 Θεῷ
1231 4792 1336 4845 μου
1377 4773 1458 4827 ὅτι
1517 4769 1788 4840 ἐπλάνησέ
1821 4791 1887 4844 με
1918 4767 2033 4824 δια·

388 4858 676 4930 σκορπίσαι
709 4860 777 4912 τά
833 4859 1149 4935 ὑπάρχοντά
1201 4882 1325 4934 μου.
1363 4884 1387 4910 ι)
1445 4860 1821 4934 Πορευομένου
1853 4857 1909 4913 δέ
1939 4857 2036 4912 αύ-

385 4952 501 5016 τοῦ,
538 4946 678 5002 εἶδεν
722 4944 914 5023 ἀνδρας
972 4947 1067 5005 δύο
1129 4949 1482 5025 μαχομένους
1538 4950 1670 5025 πρὸς
1725 4948 2030 5019 ἀλλήλους,

384 5036 638 5110 εὑρόντας
673 5037 826 5102 λίθον
881 5038 1088 5111 τίμιον.
1145 5040 1242 5094 Καὶ
1282 5040 1415 5119 φησὶ
1447 5041 1580 5114 πρὶς
1612 5036 1826 5100 αύτούς·
1861 5062 1888 5090 ‹‹
1924 5041 2035 5094 Ἵνα

380 5124 452 5192 τί,
511 5124 762 5201 ἀδελφοὶ,
814 5129 1083 5204 μάχεσθες
1140 5129 1269 5184 Δότε
1329 5151 1422 5202 μοι
1480 5127 1660 5198 αὐτὸν,
1715 5127 1806 5182 καὶ
1841 5121 2035 5182 λάϐετε

387 5217 698 5287 νομίσματα
731 5213 846 5273 δύο.
885 5243 912 5270 ››
944 5221 1068 5276 Τῶν
1113 5216 1169 5274 δὲ
1203 5220 1337 5292 μετὰ
1393 5222 1566 5294 χαρᾶς
1620 5221 1812 5273 τοῦτον
1861 5235 2037 5291 παρα-

391 5305 628 5378 σχόντων
661 5303 745 5376 (ού
800 5307 902 5381 γάρ
961 5306 1159 5381 ᾔδεσαν
1217 5312 1316 5363 τοῦ
1366 5306 1520 5362 λίθου
1576 5308 1637 5360 τὸ
1695 5306 2035 5379 ὑπερτίμιον)

392 5391 630 5462 ἀπῆλθεν
687 5396 765 5461 εἷς
821 5399 1208 5473 Ἰερουσαλὴμ,
1267 5401 1358 5456 τὸν
1422 5400 1571 5455 λίθον
1622 5393 2034 5475 ἔπιφερόμενος.

390 5482 485 5538 Καὶ
549 5482 723 5556 δείξας
782 5487 941 5544 αὐτὸν
980 5490 1304 5568 χρυσοχόῳ,
1362 5495 1706 5565 παραχρῆμα
1755 5488 1845 5542 τὸν
1881 5485 2034 5550 λίθον

383 5567 590 5629 ἆκεῖνος
650 5573 779 5631 ἰδὼν
860 5578 1087 5640 ἀναστὰς
1167 5567 1557 5653 προσεκύνησε,
1614 5579 1704 5633 καὶ
1760 5570 2035 5650 ἔκθαμϐος

382 5663 674 5738 γενόμενος
698 5669 1043 5741 ἱπυνθάνετο,
1098 5692 1126 5720 ‹‹
1159 5673 1271 5724 Ποῦ
1319 5670 1411 5725 τὸν
1469 5668 1802 5744 πολύτιμσνν
1833 5664 2035 5741 λέγων,

2145 4689 2576 4754 paupertatem,
2608 4699 2742 4739 cum
2794 4685 2935 4754 (Deo
2994 4683 3077 4739 ita
3133 4683 3466 4748 ordinante,
3525 4681 3610 4736 uti
3653 4697 3786 4735 eum

2143 4771 2444 4843 probaret)
2475 4788 2648 4828 nemo
2679 4773 2864 4844 ipsius
2891 4773 3293 4840 misereretur,
3317 4771 3554 4827 tandem
3587 4769 3787 4824 animo

2143 4860 2328 4916 fracto
2359 4876 2562 4915 secum
2594 4862 2798 4916 statuit
2827 4861 2911 4916 ire
2945 4862 3368 4932 Hierosolyma,
3402 4865 3459 4913 et
3489 4875 3623 4912 cum
3667 4859 3782 4911 Deo

2147 4967 2250 5006 suo
2283 4949 2633 5020 disceptare,
2666 4950 2764 5019 qui
2799 4967 2858 5002 se
2890 4949 2963 5005 ad
2991 4949 3146 5006 bona
3177 4966 3282 5003 sua
3312 4944 3653 5016 dissipanda
3683 4959 3788 5015 per

2145 5039 2438 5094 fallaciam
2468 5039 2812 5093 induxisset.
2849 5041 2911 5092 in
2941 5056 3009 5093 eo
3042 5039 3252 5091 itinera
3285 5036 3438 5089 videt
3461 5035 3614 5088 viros
3635 5033 3785 5088 duos

2147 5128 2572 5200 depugnantes,
2605 5128 2705 5198 qui
2739 5127 2995 5198 lapidem
3048 5126 3372 5197 pretiosum
3418 5123 3785 5178 invenerant.

2147 5218 2258 5272 Eos
2281 5217 2362 5271 ita
2384 5219 2628 5270 affatur:
2656 5239 2681 5264 ‹‹
2703 5216 2872 5284 Quid,
2903 5218 3130 5284 fratres,
3157 5214 3619 5286 pugnatis‘IDate
3645 5214 3789 5268 mihi

2146 5307 2425 5380 lapidem,
2459 5323 2526 5360 ac
2570 5323 2666 5359 vos
2697 5322 2802 5375 pro
2835 5322 2902 5359 eo
2934 5305 3082 5360 duos
3130 5321 3408 5360 nummos
3456 5305 3722 5376 accipite.
3762 5326 3789 5352 »

2145 5394 2311 5460 Quod
2355 5393 2462 5457 illi,
2498 5409 2644 5464 quos
2698 5394 2903 5465 ingens
2969 5393 3181 5465 lapidis
3237 5393 3502 5464 pretium
3552 5393 3788 5460 latebat,

2146 5482 2507 5556 perlibenter
2564 5483 2775 5537 fecere.
2813 5484 2982 5539 Venit
3021 5500 3155 5555 ergo
3206 5483 3315 5537 iste
3366 5484 3789 5554 Hierosolyma,

2145 5571 2404 5645 lapidem
2436 5588 2636 5628 secum
2658 5578 2917 5645 gestans,
2939 5591 3193 5648 eumque
3225 5574 3453 5632 auriﬁci
3475 5576 3785 5630 monstrat.

2146 5662 2254 5732 Qui
2285 5661 2461 5718 simul
2491 5667 2667 5734 atque
2700 5662 2958 5736 lapidem
2990 5665 3318 5738 conspexit,
3352 5662 3636 5729 adoravit,
3666 5665 3790 5712 stu-
