4188 6196
400 325 517 387 227
1746 311 2076 373 GEORGII
2119 274 2467 375 cauam
3684 308 3810 369 ssc

404 473 670 532 peusque
728 456 1059 512 sciscitatus
1115 455 1207 505 est
1256 447 1498 505 ubinam
1546 444 2045 519 pretiosissimum

2181 441 2247 498 ιαὶ
2278 444 2422 498 θεῖον
2460 441 2845 532 λίθονῗτοῦτον
2892 443 3083 518 ipse;
3139 437 3256 496 ἰδοὺ
3311 440 3412 515 γάρ
3439 433 3533 508 ἔτή
3564 438 3686 513 τρία
3715 439 3814 532 σή-

406 523 561 607 hanc
574 523 641 605 'et
663 549 925 604 divinum
949 543 1203 616 lapidem
1229 541 1572 606 invenisset,
1603 544 1845 611 propter
1874 552 2052 607 quem

2181 552 2328 608 ιερον
2378 531 2740 607 Ἰερουσαλὴμ.
2823 530 3069 589 δονεῗςαε
3142 530 3235 588 καὶ
3298 528 3660 584 ἀκαταστατεῖ
3716 523 3808 581 διὰ

410 648 596 696 totum
623 638 751 711 jam
784 612 1103 691 triennium
1134 630 1278 687 urbs
1309 629 1653 702 perturbata
1681 634 1861 699 atque
1890 625 2050 682 solli-

2181 622 2252 676 τὸν
2285 619 2614 695 περιϐόητον
2649 619 2804 686 λίθον
2832 624 3041 678 τοῦτον.
3094 619 3203 678 Καὶ
3244 617 3494 681 ἀπελθὼν
3524 613 3615 678 δὸς
3646 612 3804 670 αὐτὸν

409 731 525 786 cita
552 701 646 784 sit:
681 726 869 783 Simul
901 740 1035 778 eum
1058 721 1129 777 ad
1156 701 1454 777 summum
1478 718 1821 792 pontificem
1843 718 2057 772 afferre

2181 715 2239 783 τῷ
2270 712 2539 787 ἀρχιερεῖ,
2600 711 2690 766 καὶ
2753 707 2962 787 σφόδρα
3014 708 3372 778 πλουτήσεις.
3400 731 3437 760 ιι
3461 708 3570 764 Tw
3617 701 3676 759 δὶ
3703 703 3809 792 ἀπ-

402 816 600 889 jussit,
634 815 919 870 maximas
951 812 1023 867 ab
1056 828 1124 867 eo
1156 810 1390 866 divitias
1412 815 1871 881 reportaturum.
1907 807 2053 860 Dum

2181 803 2469 889 ;ρχομενου
2526 798 2758 876 ἄγγελος
2814 800 3015 876 Κυρίου
3072 800 3190 854 εἷπε
3244 796 3380 872 πρὸς
3412 797 3502 851 τὸν
3529 791 3809 889 ἂρχισξέω

404 904 790 976 irct,augelus
803 902 905 958 Dei
926 900 1264 973 pontiﬁcem
1285 900 1370 956 sic
1384 880 1668 954 monuitm
1680 896 1885 951 Veniet
1898 909 2057 950 nunc

2181 911 2193 942 ι
2229 892 2338 947 Νῦν
2367 887 2646 946 ἐλεύσεται
2684 887 2968 963 ἄνθρωπος
2996 888 3134 963 πρὸς
3184 886 3261 953 σὲ,
3316 885 3407 940 τὸν
3448 880 3817 939 ἀπολεσθὶντι

407 995 479 1050 ad
512 1000 566 1049 te
600 974 798 1060 homo,
861 991 1121 1047 nobilem
1181 991 1333 1046 194
1366 989 1624 1061 lapidem
1674 1005 1746 1043 ex
1793 984 2054 1057 diploide

2181 979 2584 1058 πολυθρύλητον
2642 979 2794 1038 λίϐον
2854 979 2914 1035 ἐκ
2968 986 3068 1049 τῆς
3121 974 3407 1037 διπλοΐδος
3467 974 3679 1061 ’Λαρὼν
3708 975 3809 1027 τοῦ

404 1084 652 1140 Aaronis
684 1080 1034 1154 pontiﬁcali,
1070 1081 1169 1152 qui
1200 1081 1456 1136 amissus
1481 1078 1695 1141 fuerat,
1718 1081 2052 1148 reportans.

2181 1067 2463 1143 ἱρχιερέως
2525 1067 2697 1148 ἔχων.
2762 1063 2955 1125 Λαϐὼν
3018 1066 3177 1122 αὐτὸν
3243 1061 3335 1127 δὸς
3394 1067 3503 1154 τῷ⁸
3540 1060 3804 1154 ἔνέγκαντι

408 1173 621 1244 Recipe
655 1148 833 1239 hunc,
865 1176 923 1226 et
951 1148 1164 1228 ferenti
1195 1169 1450 1225 multum
1475 1167 1603 1224 auri
1634 1173 1809 1238 atque
1831 1163 2057 1235 argenti

2181 1157 2323 1213 ιύτὸν
2359 1157 2586 1233 χρυσίον
2622 1156 2769 1214 πολὺ
2824 1156 2917 1213 καὶ
2972 1155 3247 1232 ἀργύριον.
3303 1156 3452 1225 ’Ἅμα
3482 1148 3540 1206 ὂὶ
3570 1149 3659 1206 καὶ
3709 1150 3809 1224 ῥα-

411 1264 505 1320 da.
538 1237 726 1318 éimul
766 1237 827 1317 et
852 1262 1025 1332 alapa
1070 1260 1353 1315 mediocri
1396 1258 1643 1323 inﬂicta,
1686 1237 1831 1328 jube
1880 1269 2056 1327 porro

2181 1245 2322 1308 τίσας
2357 1248 2594 1322 μετρίως
2620 1247 2761 1316 εἰπὲ,
2820 1247 2910 1316 Μὴ
2973 1241 3190 1315 δίσοαζε
3245 1242 3297 1298 ἐν
3345 1246 3414 1316 τῇ
3461 1237 3658 1332 καρδία
3685 1259 3807 1307 σου,

2165 1333 2306 1411 Mat
2336 1335 2549 1392 ἀπίστει
2600 1341 2680 1410 τῷ
2738 1333 2829 1391 διά
2879 1342 2981 1405 τῆς
3036 1339 3256 1408 Γραφῆς
3284 1329 3520 1406 λέγοντι·
3551 1329 3613 1386 Ὀ
3641 1326 3811 1383 ἐλεῶν

2161 1426 2387 1501 πτωχὸν
2420 1423 2651 1496 δανείζει
2698 1429 2834 1498 Θεῷ.
2897 1422 3038 1480 Ἰδοὺ
3088 1422 3214 1498 γὰρ,
3273 1420 3326 1476 ἐν
3380 1422 3462 1492 τῷ
3517 1418 3609 1474 νῦν
3651 1418 3811 1471 αίῶνι

2162 1513 2520 1590 ἐξεπλήρωσά
2576 1536 2660 1570 σοι
2717 1511 3171 1570 πολλαπλασίονα
3228 1510 3360 1582 ὑπὲρ
3418 1509 3493 1563 ὧν
3539 1505 3808 1567 ἐδάνεισάς

413 1370 532 1409 non
565 1369 693 1408 esse
742 1351 926 1407 animi
976 1349 1243 1415 dubium,
1296 1364 1491 1418 neque
1539 1345 1810 1401 diffidere
1848 1348 1965 1397 Deo
1996 1342 2057 1397 in

411 1442 593 1498 sacris
624 1441 861 1496 Litteris
900 1439 1121 1495 dicenti
1155 1455 1291 1494 eum
1325 1437 1426 1508 qui
1455 1450 1774 1508 pauperem
1810 1433 2054 1488 misera-

407 1537 523 1599 tur,
553 1532 671 1588 Deo
698 1530 972 1586 fcenerari
1001 1546 1013 1583 :
1040 1546 1133 1584 me
1161 1528 1319 1583 enim
1350 1532 1408 1581 et
1432 1526 1491 1581 in
1513 1524 1624 1581 hoc
1643 1525 1758 1579 vita
1778 1522 2057 1593 implesse

408 1621 542 1684 hoc,
574 1618 823 1675 redditis
856 1619 942 1673 illi
973 1618 1147 1690 longe
1201 1615 1470 1689 pluribus
1501 1630 1682 1686 quam
1731 1613 1858 1684 ipse
1910 1608 2058 1665 mihi

409 1715 714 1766 mutuatus
743 1708 891 1764 fuit:
926 1714 985 1764 et
1031 1708 1080 1763 si
1113 1707 1289 1762 fidem
1336 1705 1570 1774 habeat,
1613 1705 1675 1758 in
1728 1704 1915 1759 altera
1943 1701 2059 1756 vita

2168 1621 2283 1676 μοι’
2334 1605 2424 1657 καὶ
2485 1602 2531 1657 εί
2586 1602 2879 1672 πιστεύεις,
2935 1598 3090 1675 λήψῃ
3152 1599 3242 1654 καὶ
3299 1595 3352 1652 ἐν
3407 1601 3489 1670 τῷ
3548 1592 3810 1669 μέλλοντι

2164 1691 2404 1748 πλοῦτον
2438 1687 2868 1767 ἀνυπέρϐλητον.
2902 1716 2930 1743 υ
2964 1691 3059 1745 Καὶ
3094 1690 3124 1744 ὁ
3158 1689 3253 1763 μὲν
3282 1685 3569 1765 ἀρχιερεὺς
3595 1684 3662 1740 τὰ
3692 1681 3815 1739 δια-

410 1799 765 1871 adepturum
798 1797 1232 1870 insuperabiles
1272 1795 1519 1851 divitias.
1556 1793 1786 1858 Omnia,
1838 1798 1905 1846 ut
1924 1791 2057 1863 jus-

2181 1780 2468 1858 τεταγμένα
2522 1781 2698 1836 πάντα
2753 1780 3024 1849 πεποίηκε
3078 1779 3216 1852 πρὸς
3270 1778 3363 1832 τὸν
3410 1774 3692 1850 ἄνθρωπον
3723 1773 3816 1828 καὶ

408 1906 510 1946 sus
539 1890 751 1957 fuerat,
807 1890 926 1961 egit
955 1888 1239 1960 pontifex.
1299 1887 1403 1941 Ille
1434 1902 1570 1940 vero
1634 1884 1760 1939 hmo
1809 1881 2058 1939 audiens

412 1978 842 2034 tremebundus
873 1978 1148 2032 omnibus
1172 1978 1232 2031 in
1265 1975 1485 2046 templo
1517 1973 1739 2028 relictis
1761 1971 2055 2037 discessit,

412 2083 592 2141 agens
622 2068 840 2139 gratias
866 2067 1004 2132 Deo,
1039 2066 1211 2136 eique
1244 2071 1300 2119 et
1331 2062 1609 2119 omnibus
1641 2078 1771 2133 quae
1816 2061 1878 2116 in
1909 2059 2056 2114 Scrio

409 2161 586 2228 ptura
614 2156 895 2211 dicuntur
930 2154 1109 2209 ﬁdem
1142 2153 1451 2209 adhibens.

482 2244 742 2301 Ezechias
772 2244 1059 2301 successit
1090 2246 1386 2299 Manasses
1418 2242 1598 2306 filius,
1631 2240 1732 2311 qui
1765 2255 1827 2293 se
1880 2237 2059 2309 impie

364 2402 365 2405 η
413 2333 693 2391 adversus
716 2336 898 2389 Deum
929 2334 1129 2406 gessit,
1169 2348 1468 2403 regnoque
1491 2346 1679 2385 annos
1727 2332 1793 2382 55
1822 2328 2062 2382 functus

409 2423 573 2479 obiit.
606 2424 661 2478 Is
694 2423 999 2494 impietate
1034 2438 1242 2477 omnes
1264 2421 1604 2494 superiores
1633 2434 1801 2491 reges
1826 2431 2065 2488 supera-

409 2515 510 2582 vit,
544 2514 1000 2571 simulacrorum
1052 2513 1215 2568 cultu
1261 2517 1320 2567 et
1350 2510 1708 2567 homicidiis.
1741 2510 1796 2563 Is
1847 2513 1907 2563 et
1937 2522 2062 2561 ma-

411 2620 593 2678 gnum
616 2602 766 2659 illud
792 2603 1001 2659 Isaiam
1022 2619 1186 2671 serra
1216 2602 1410 2674 lignea
1445 2599 1749 2663 dissecuit,
1773 2603 1829 2652 et
1857 2596 2064 2651 Hiero-

415 2693 645 2766 solyma
665 2709 873 2748 cruore
903 2693 1125 2764 injuste
1157 2692 1285 2746 fuso
1319 2689 1644 2756 inundavit,
1689 2692 1748 2743 et
1795 2684 2062 2742 colendis

414 2782 751 2838 simulacris
783 2781 931 2836 nihil
971 2780 1333 2835 Amorrhzeis
1364 2778 1678 2834 concessit.
1730 2775 1931 2830 Edem
1958 2774 2061 2829 Dei

414 2872 745 2940 incestavit,
778 2870 1146 2927 constituens
1197 2869 1258 2924 in
1286 2884 1355 2924 ea
1408 2866 1880 2938 quadrifrontem
1911 2863 2064 2918 Jovis

418 2960 781 3033 imaginem;
817 2976 1009 3030 neque
1048 2959 1233 3013 ullam
1281 2957 1623 3027 haruspices
1689 2951 2062 3009 consulendi.

419 3051 706 3106 veneﬁcia
736 3048 1027 3105 tractandi
1059 3065 1127 3104 ac
1157 3047 1413 3103 obscena
1435 3044 1645 3118 agendi
1678 3040 2069 3113 intercapedi-

417 3157 560 3198 nem
616 3139 777 3195 fecit.
819 3140 1022 3210 Itaque
1103 3138 1253 3191 irato
1314 3137 1431 3190 Deo
1483 3134 1750 3188 Ninivem
1805 3130 2068 3202 captivus

422 3229 713 3287 abductus
745 3234 836 3284 est
860 3245 894 3284 a
923 3244 1056 3300 rege
1089 3225 1436 3281 Merodacho
1463 3242 1476 3279 :
1508 3223 1607 3278 ubi
1631 3224 1691 3278 in
1720 3221 1892 3277 aereis
1912 3219 2073 3275 habi-

418 3324 516 3376 tus
538 3318 809 3383 vinculis,
836 3318 1070 3372 sincera
1092 3312 1537 3387 resispiscentia
1566 3316 1866 3367 correctus
1886 3310 2071 3364 Deum

417 3405 623 3460 oravit.
656 3404 843 3475 Cujus
876 3403 1179 3457 voluntate
1231 3418 1329 3456 rex
1363 3398 1745 3455 Merodachus
1773 3397 2072 3468 mitigatus

426 3494 755 3549 Manassem
816 3490 1282 3562 Hierosolymam
1339 3489 1583 3544 remisit.
1646 3487 1750 3543 llic
1805 3501 2074 3542 reversus

424 3580 631 3636 omnia
690 3578 1149 3635 simulacrorum
1228 3578 1531 3634 domicilia
1600 3576 1826 3642 evertit,
1884 3574 2074 3630 aedem

428 3670 582 3728 195
641 3669 745 3725 Dei
793 3670 1070 3742 expiavit,
1145 3669 1291 3743 legis
1340 3670 1512 3742 jussa
1570 3671 1883 3723 exsecutus
1963 3669 2073 3735 est,

427 3760 706 3833 piamque
737 3764 795 3816 et
850 3760 967 3815 Deo
998 3765 1306 3832 acceptam
1363 3758 1540 3814 vitam
1570 3771 1759 3828 usque
1791 3755 1863 3811 ad
1890 3761 2077 3810 extre-

262 3888 267 3895 ο
318 3870 351 3931 ‘_
424 3865 591 3907 mum
622 3849 895 3922 spiritum
925 3849 1218 3922 perduxit.

496 3941 781 3996 Manassae
838 3941 1092 3995 Amosus
1148 3938 1303 3993 filius
1357 3937 1644 3993 successit
1672 3952 1740 3992 ac
1765 3935 2075 3991 biennium

338 4004 341 4007 Ι
426 4029 712 4103 regnavit.
745 4030 825 4085 Eo
858 4034 1123 4103 tempore
1155 4027 1335 4083 Midas
1368 4026 1635 4099 Phrygia:
1665 4042 1770 4081 rex
1800 4025 2073 4093 moritur,

426 4138 605 4195 quem
635 4137 808 4178 aures
839 4122 1106 4178 asininas
1139 4121 1417 4177 habuisse
1450 4118 1815 4193 perhibitum
1846 4124 1957 4176 est.

499 4289 687 4343 Josias
712 4293 843 4358 post
873 4292 1101 4357 patrem
1132 4288 1411 4341 Amosum
1464 4301 1710 4358 regnum
1757 4284 1949 4339 tenuit
1978 4299 2075 4338 an-

431 4392 543 4431 nos
572 4378 659 4443 31,
693 4392 828 4430 cum
861 4374 920 4428 id
978 4380 1109 4429 octo
1159 4391 1350 4429 annos
1382 4378 1554 4429 natus
1604 4373 1968 4445 accepisset:
2016 4371 2077 4426 in

2170 1868 2500 1942 λελάληκεν·
2565 1872 2595 1927 ὁ
2647 1867 2705 1927 δὶ
2760 1870 2994 1932 ἀκούσας
3039 1868 3129 1925 καὶ
3186 1866 3450 1941 ἔντρομος
3507 1866 3819 1943 γενόμενος.

2169 1960 2347 2016 πάντα
2395 1961 2553 2021 ἐάσας
2608 1960 2662 2015 ἐν
2716 1964 2800 2033 τῷ
2854 1964 2967 2032 ναῷ
3034 1957 3274 2031 ἐξῆλθεν,
3334 1956 3673 2032 εὐχαριστῶν
3731 1952 3821 2007 καὶ

2170 2050 2436 2104 πιστεύων
2499 2048 2679 2125 Κυρίῳ
2737 2047 2828 2107 καὶ
2887 2046 3057 2103 πάντα
3108 2048 3174 2101 τὰ
3231 2045 3282 2100 ἐν
3461 2042 3578 2114 θείᾳ
3634 2044 3821 2120 Γραφῇ

2171 2135 2592 2212 διηγορευμένα.
3868 2206 3882 2215 ο

2244 2228 2396 2284 Μετᾶ
2442 2226 2682 2298 Ἐζεκίαν
2741 2221 3058 2282 ἐϐασίλευσε
3114 2230 3405 2294 Μανασσῆς
3462 2223 3578 2283 υίὸς
3636 2222 3825 2291 αὐτοῦ,

2170 2317 2257 2372 καὶ
2318 2314 2545 2387 ἐποίησε
2590 2319 2654 2371 τὸ
2720 2316 2959 2391 πονηρὸν
3017 2313 3247 2370 ἐνώπιον
3305 2313 3528 2389 Κυρίου,
3576 2310 3666 2366 καὶ
3723 2311 3829 2366 ἀπ-

2171 2406 2319 2469 έθανε
2363 2403 2687 2479 βασιλεύσας
2747 2399 2841 2475 ἔτη
2902 2404 2997 2459 vs"
3057 2404 3119 2467 ’ὸς
3174 2401 3638 2477 παρανομώτατος
3692 2398 3822 2473 ὑπὲρ

2170 2491 2375 2555 πάντας
2402 2494 2529 2555 τοὺς
2576 2490 2880 2570 ἔμπροσθεν
2945 2489 3193 2568 βασιλεῖς
3252 2489 3514 2565 ὑπάρχων
3543 2486 3630 2544 ἐπὶ
3662 2485 3832 2543 εἴδω-

2173 2581 2414 2657 λομανίᾳ
2450 2604 2511 2639 τε
2557 2582 2649 2638 καὶ
2703 2582 3129 2657 αἰματεκχυσίᾳ,
3160 2580 3251 2637 καὶ
3278 2582 3371 2635 τὸν
3417 2578 3579 2653 μέγαν
3605 2580 3824 2637 ⁸Ησαῖαν

2172 2671 2367 2747 πρίσας
2399 2671 2601 2745 ξυλίνῳ
2631 2672 2836 2741 πριόνι,
2885 2671 2976 2728 καὶ
3031 2672 3131 2741 τήν
3189 2667 3554 2747 Ἰερουσαλὴμ
3582 2670 3828 2742 αἱμάτων

2172 2760 2375 2816 ἀδίκων
2436 2760 2762 2835 πληρώσας,
2820 2760 2929 2836 οὐχ
2992 2761 3157 2827 ἧττον
3223 2754 3669 2832 εἰδωλολάτρησε
3722 2762 3830 2813 τῶν

2175 2851 2547 2929 ’Δμοῤῥαίων.
2607 2851 2707 2910 Καὶ
2762 2853 2854 2908 τὸν
2931 2855 3081 2908 οἷκον
3170 2850 3373 2927 Κυρίου
3427 2849 3831 2924 καταμολύνας,

2175 2942 2267 2997 καὶ
2309 2943 2767 3017 τετραπρόσωπον
2827 2939 3060 2998 εἶ’δωλον
3120 2945 3217 2997 τοῦ
3275 2940 3399 3004 Διὸς
3432 2940 3483 2997 ἐν
3518 2939 3669 3013 αὐτῷ
3697 2942 3834 3011 στή-

2177 3050 2293 3099 σας,
2326 3029 2389 3085 οὐ
2448 3027 2691 3097 διέλιπεν
2752 3028 3141 3104 οἰωνιζόμενος
3196 3030 3287 3085 καὶ
3344 3028 3708 3107 φαρμακεύων
3739 3028 3830 3083 καὶ

2186 3118 2591 3194 αἰσχρουργῶν.
2626 3119 2720 3175 Διὸ
2769 3119 2858 3174 καὶ
2910 3118 3045 3174 κατὰ
3101 3118 3245 3174 θείαν
3300 3118 3470 3194 ὀργὴν
3500 3115 3723 3191 δέσμιος
3750 3116 3830 3179 εἰς

2100 3177 2142 3243 C
2188 3177 2376 3266 Νινῖύλι
2402 3177 2632 3283 άπτςχθη
2669 3208 2773 3263 ὑπὸ
2803 3204 3066 3286 Μαροδὲχ
3111 3177 3403 3283 eumue);-
3430 3177 3543 3262 ¹ιιιιιὶ
3591 3177 3828 3288 iudicate

2180 3293 2405 3369 δεσμοῖς
2462 3291 2818 3367 ύποϐληθεές,
2865 3294 2934 3352 δι’
2987 3296 3318 3372 εἱλικρινοῦς
3371 3295 3656 3371 μετανοίας
3702 3291 3831 3365 δεη-

2186 3386 2293 3447 Θεῗς
2321 3390 2422 3440 τοῦ
2455 3389 2611 3455 Θεοῦ,
2654 3386 2747 3441 τὸν
2799 3384 3028 3461 βασιλέα
3073 3386 3332 3463 ὴγάθυνε,
3378 3386 3467 3441 καὶ
3519 3384 3596 3446 είς
3628 3385 3829 3458 Ἰερου-

2181 3470 2371 3547 σαλὴμ
2426 3472 2583 3529 αὐτὸν
2641 3472 2957 3548 ἐξέπεμψεν.
3014 3476 3114 3537 Ὃς
3154 3472 3467 3538 ἐπανελθὼν
3526 3477 3699 3528 πᾶσαν
3731 3471 3827 3545 μὶν

2179 3564 2542 3637 κατέστμεψεν
2609 3560 2905 3634 εἰδωλικήν
2980 3566 3207 3635 σκηνὴν,
3280 3565 3344 3620 τὸ
3421 3561 3479 3618 δὲ
3536 3562 3678 3638 ἱερὸν
3732 3558 3830 3617 τοῦ

2180 3656 2314 3709 Θεοῦ
2368 3653 2553 3727 ἣγνισε
2604 3655 2695 3707 καὶ
2752 3652 2844 3709 τὸν
2923 3653 3092 3727 νόμον
3152 3650 3383 3729 ἐφύλαξε
3444 3653 3535 3708 καὶ
3596 3645 3831 3717 εὐσεϐῶς

2181 3735 2403 3797 ἐϐίωσεν
2465 3741 2803 3817 εὐχαριστῶν
2852 3745 2933 3815 τῷ
2982 3746 3098 3815 Θεῷ
3156 3739 3293 3821 ἄχρι
3344 3740 3658 3804 τελευταίας
3702 3740 3833 3796 ἀνα-

2180 3833 2355 3896 πνοῆς
2383 3829 2568 3885 αὐτοῦ.

2249 3919 2397 3975 Μετᾶ
2446 3915 2505 3973 δὲ
2551 3920 2843 3989 Μανασσῆν
2895 3914 3241 3975 ἐϐασίλευσεν
3286 3921 3474 3995 Ἀμὼς
3519 3918 3638 3981 υίὸς
3667 3919 3833 3975 αὐτοῦ

2180 4006 2272 4081 ἔτη
2307 4006 2424 4067 δύο.
2454 4009 2605 4066 Κατὰ
2657 4008 2886 4073 τούτους
2943 4011 3073 4076 τοὺς
3133 4011 3368 4087 χρόνους
3416 4008 3591 4074 Μίδας
3620 4011 3650 4065 ὁ
3683 4017 3836 4086 Φρυ-

2178 4100 2301 4176 γίας
2356 4095 2615 4174 βασιλεὺς
2668 4096 3039 4170 ἐτελεύτησεν,
3095 4102 3183 4173 [Ρ.
3227 4102 3349 4174 iii]
3410 4101 3589 4156 ὅντινα
3648 4092 3837 4174 ἔλεγον

2182 4186 2295 4242 ὦτα
2325 4185 2471 4263 ἔχειν
2504 4181 2653 4243 ὄνου.

2253 4285 2464 4348 Ἰωσίας
2532 4285 2624 4341 τὸν
2687 4285 2891 4358 πατέρα
2957 4287 3143 4361 Ἀμὼς
3221 4284 3600 4361 διαδεξάμενος
3679 4287 3839 4343 ὀκτα-

2183 4375 2309 4445 ετῆς
2388 4369 2845 4449 ἀντιλαμϐάνεται
2903 4382 3004 4446 τῆς
3090 4376 3291 4452 ἀρχῆς,
3353 4374 3680 4453 βασίλεύσας
3741 4372 3836 4447 ἔτη

433 4463 591 4518 bello
623 4463 1009 4527 sagittaictus
1044 4464 1220 4534 periit
1260 4464 1402 4517 Nam
1428 4479 1527 4517 rex
1551 4463 1776 4534 Egypti
1806 4460 2069 4517 Necheuo

2182 4465 2473 4540 τριάκοντα
2527 4459 2606 4521 ἓν.
2668 4464 2772 4521 Καὶ
2830 4462 3150 4536 ἐτελεύτησε
3203 4465 3472 4536 τοξευθεὶς
3498 4465 3550 4521 ἐν
3580 4465 3835 4540 πολέμῳ.

434 4550 692 4623 Assyriis
724 4550 946 4606 bellum
980 4566 1113 4606 cum
1149 4551 1402 4609 fecisset.
1439 4551 1531 4607 his
1563 4552 1749 4607 Josias
1787 4551 2069 4607 auxilium

2184 4554 2246 4612 Ὀ
2303 4552 2406 4629 γὰρ
2493 4551 2720 4611 Νεχευὼ
2811 4549 3138 4629 βασιλεύσας
3196 4554 3477 4629 Αἰγύπτου
3534 4553 3671 4610 κατά
3727 4557 3836 4609 τῶν

432 4643 587 4698 ferre
616 4641 861 4697 studuit.
890 4641 1051 4708 Inde,
1086 4648 1149 4697 ut
1185 4642 1397 4697 Esdras
1428 4649 1738 4709 memorat,
1769 4658 1866 4697 rex
1901 4643 2073 4715 Egy-

434 4733 518 4805 pti
549 4731 767 4787 Josiam
801 4731 882 4787 ita
913 4737 1002 4787 est
1027 4733 1238 4788 affatus
1264 4749 1275 4786 :
1304 4756 1329 4782 ‹‹
1366 4733 1513 4798 Quid
1568 4732 1713 4787 mihi
1749 4738 1940 4789 tecum
1990 4732 2075 4787 rei

435 4828 545 4890 est,
579 4840 612 4879 ο
672 4838 770 4877 rex
799 4821 1059 4877 Judmm?
1105 4824 1227 4878 Non
1286 4829 1492 4878 contra
1524 4829 1579 4877 te
1636 4824 1852 4879 missus
1884 4838 2013 4877 sum
2043 4837 2079 4877 a

433 4915 573 4984 Deo,
607 4911 710 4969 sed
731 4913 1115 4985 Euphratazos
1136 4913 1291 4968 bello
1326 4914 1635 4984 petiturus.
1660 4913 1729 4967 Et
1758 4929 1899 4968 sane
1933 4912 2075 4969 mihi

436 5004 588 5059 Deus
617 5001 823 5060 adest:
885 5009 947 5058 tu
1000 5002 1200 5073 itaque
1258 5002 1496 5065 desiste,
1546 5018 1741 5073 neque
1798 5002 1883 5056 illi
1916 5001 2080 5056 reln-

436 5099 612 5148 ctare.
650 5116 677 5143 »
708 5091 820 5149 Sed
851 5093 1038 5148 Josias
1068 5109 1204 5147 eum
1236 5092 1482 5147 missum
1517 5107 1638 5147 non
1685 5092 1845 5160 fecit,
1875 5106 2077 5146 verum

436 5180 496 5235 in
528 5198 734 5251 campo
766 5182 951 5237 aciem
983 5187 1191 5237 contra
1213 5197 1349 5236 eum
1370 5180 1651 5236 instruxit
1677 5179 1955 5236 adversus
1978 5179 2080 5234 Dei

437 5271 813 5325 sententiam.
847 5273 994 5343 Ergo
1050 5271 1122 5326 ab
1172 5270 1439 5325 hostibus
1498 5270 1709 5342 sagitta
1767 5284 2081 5340 percussus

436 5355 728 5411 ministris
751 5358 933 5427 jussit
961 5363 1027 5413 ut
1064 5375 1126 5413 se
1156 5359 1313 5430 gravi
1346 5358 1546 5413 dolore
1578 5359 1853 5412 affectum
1877 5355 2081 5428 praalio

436 5442 793 5511 educerent;
827 5447 1144 5517 statimque
1173 5447 1580 5517 Hierosolyma
1611 5462 1881 5502 reversus
1924 5462 2080 5501 more

435 5537 552 5587 tem
585 5532 751 5588 obiit.
787 5535 1055 5602 Magnum
1086 5538 1217 5607 ejus
1249 5553 1407 5591 mors
1440 5535 1661 5590 luctum
1687 5552 1793 5606 per
1820 5535 2081 5589 Iudaeam

432 5628 617 5680 totam
652 5623 943 5691 excitavit,
976 5640 1232 5698 eumque
1259 5624 1516 5680 maxime
1545 5625 1833 5680 Jeremias
1864 5624 2085 5680 lamen-

2186 4641 2485 4713 Ἀσσυρίων
2547 4640 2917 4716 ἐστράτευσεν,
2976 4640 3333 4718 ἐπικουρῆσαι
3403 4641 3461 4699 δὶ
3514 4650 3634 4705 τοῖς
3713 4643 3847 4697 ’Δσ-

2182 4731 2392 4807 συρίοις
2468 4730 2627 4793 οὗτος
2704 4728 3050 4802 ἐσπούδαζεν.
3127 4735 3286 4792 ’Όθεν
3363 4732 3525 4811 φησὶν
3581 4729 3840 4805 Ἐσδραςο

2187 4846 2214 4875 ι(
2248 4821 2352 4879 Καὶ
2415 4822 2563 4877 εἶπεν
2625 4821 2653 4875 ὁ
2717 4818 2974 4896 βασιλεὺς
3030 4822 3308 4898 Αἰγύπτου
3346 4823 3483 4896 πρὸς
3513 4822 3740 4879 Ἰωσίαν·
3772 4826 3840 4880 Τί

2184 4910 2309 4984 ἐμοὶ
2340 4910 2429 4966 καὶ
2482 4910 2589 4979 σοὶ,
2629 4907 2855 4985 βασιλεῦ
2913 4918 3015 4981 τῆς
3074 4908 3381 4981 Ἰουδαίας;
3442 4910 3585 4987 Οὐχὶ
3614 4912 3752 4985 πρὸς
3781 4911 3839 4966 σὺ

2186 4997 2588 5072 ἐξαπέσταλμαι
2648 5000 2793 5075 παρᾶ
2851 5001 3058 5076 Κυρίου
3112 5004 3246 5056 Θεοῦ
3302 5001 3530 5070 ποιῆσαι
3571 4999 3842 5074 πόλεμον,

2187 5087 2315 5144 ἀλλ’
2374 5087 2463 5143 ἐπὶ
2512 5091 2610 5143 τοῦ
2665 5088 2967 5168 Εὐφράτου.
3029 5089 3129 5146 Καὶ
3189 5093 3282 5143 νῦν
3324 5087 3526 5164 Κύριος
3558 5090 3675 5162 μετ’
3705 5086 3841 5160 ἐμοῦ

2190 5179 2346 5236 ἐστίν.
2406 5177 2727 5247 ’Λπόστηθι,
2784 5179 2873 5234 καὶ
2933 5181 3009 5253 μὴ
3074 5178 3398 5235 ἐναντιούτω
3446 5182 3523 5250 τῷ
3572 5179 3774 5253 Κυρίῳ.
3809 5201 3839 5230 ιν

2189 5268 2291 5326 Καὶ
2350 5265 2449 5321 οὐκ
2506 5265 2830 5340 ἀπέστρεψεν
2884 5265 2978 5320 ἀπ’
3025 5267 3189 5321 αὐτοῦ
3248 5266 3479 5337 Ἰωσίας,
3529 5265 3677 5323 ἀλλὰ
3723 5287 3846 5321 συν-

2191 5358 2454 5427 εστήσατο
2512 5355 2648 5428 πρὸς
2704 5355 2864 5411 αὐτὸν
2933 5354 3178 5429 πόλεμον
3235 5355 3289 5411 ἐν
3337 5360 3417 5429 τῷ
3470 5353 3642 5428 πεδίῳ
3698 5356 3845 5430 παρᾶ

2191 5445 2417 5523 γνώμην
2466 5447 2619 5499 Θεοῦ.
2701 5443 2805 5499 Καὶ
2870 5444 3137 5517 τοξευθεῖς
3224 5443 3328 5500 ὕπὸ
3397 5448 3503 5499 τῶν
3555 5441 3839 5517 πολεμίων

2192 5537 2312 5590 εἷπε
2340 5539 2455 5597 τοῖς
2507 5532 2691 5588 παισὶν
2744 5530 2926 5587 αὐτοῦ·
2990 5558 3016 5585 ι(
3051 5532 3375 5608 Ἐξαγάγετὲ
3405 5554 3492 5606 με,
3526 5532 3610 5589 δτι
3640 5530 3849 5610 σ’ρὸδρα

2195 5620 2477 5696 ὀδυνῶμαι
2535 5645 2561 5673 ››
2625 5619 2729 5678 Καὶ
2789 5619 2987 5684 εὐθέως
3044 5620 3482 5700 ἀποστρέψαντος
3539 5620 3707 5677 αὐτοῦ
3773 5621 3851 5689 είς
