4186 6190
65 2631 68 2646 l

65 2657 68 2682 Ι

63 2733 70 2782 l

63 2795 68 2842 ἑ

303 456 618 533 ἸερουσαΛή
629 477 670 528 μ
724 453 813 510 καὶ
879 455 973 510 τὸν

305 327 420 384 229
1425 317 1964 384 HISTORIABUM

2077 319 2527 384 )MPENDIUM
2537 367 2550 381 .
3598 329 3718 388 230

305 725 407 780 ἔτει
439 725 611 800 εὗρὼν
645 725 674 778 6
705 724 878 798 ἱερεὺς
920 721 1154 784 Χελκίας
1202 723 1254 777 έν
1314 727 1392 794 τῷ
1433 723 1562 796 ἱερῷ
1621 715 1840 795 βιϐλίον
1883 719 1966 792 (ὃς

309 815 373 883 ἦν
406 815 586 887 πατὴρ
633 812 902 888 Ἰερεμίου
960 816 1058 866 τοῦ
1113 813 1422 889 προφήτου)
1482 809 1837 885 προσκομίζει
1887 812 1966 880 τῷ

314 903 550 978 βασιλεῖ.
601 903 665 959 Ὁ
724 898 803 970 δὲ,
866 895 1103 970 εὐλαϐὴς
1162 897 1236 954 ὢν
1291 900 1380 954 καὶ
1424 896 1762 960 δικαιότατος
1833 897 1964 971 ὑπὲρ

309 992 435 1052 τοὺς
467 985 772 1064 ἔμπροσθεν
806 988 968 1043 αὐτοῦ
1020 985 1286 1062 βασιλεῖς,
1349 985 1448 1042 οὐκ
1516 984 1783 1056 ἠθέλησεν
1835 984 1968 1038 ἀνα-

309 1085 507 1156 γνῶναι
567 1079 718 1134 αὐτό.
775 1080 1009 1154 Ἀνέγνω
1066 1077 1246 1133 τοίνυν
1314 1075 1444 1131 αὐτὸ
1513 1076 1542 1130 6
1614 1073 1813 1148 ἱερεὺς,
1873 1071 1964 1127 καὶ

309 1165 545 1224 ἕκλαυσε
574 1174 680 1232 πᾶς
729 1169 756 1222 6
824 1167 975 1228 λαός.
1036 1169 1098 1225 Ὁ
1155 1163 1211 1220 δὲ
1263 1166 1437 1239 ἱερεὺς
1505 1161 1618 1236 ἅμα
1670 1168 1752 1235 τῷ
1805 1165 1968 1217 τοῦτο

313 1257 620 1332 ἀναγνῶναι
689 1254 1118 1330 διαπεφώνηκεν.
1150 1255 1207 1309 Ὀ
1238 1251 1294 1308 δὲ
1328 1251 1581 1329 βασιλεὺς
1651 1252 1771 1306 Λίαν
1839 1250 1968 1305 ἀθυ-

324 1348 526 1418 μήσας,
588 1342 747 1409 εἰδὼς
802 1343 854 1399 ἓν
907 1343 1191 1405 τοσούτοις
1264 1337 1402 1398 ἔτεσι
1485 1341 1967 1412 καταπατούμενον

315 1434 407 1488 τὸν
441 1433 613 1506 νόμον
653 1435 876 1507 Κυρίου,
936 1433 1000 1488 τὰ
1057 1432 1251 1506 ἱμάτια
1311 1429 1602 1506 διαρρήξας
1639 1430 1728 1484 καὶ
1787 1425 1970 1504 ἔμφο-

314 1519 413 1583 ϐος
443 1521 740 1597 γενόμενος
771 1522 1056 1578 ἀπέστειλε
1103 1521 1241 1597 πρὸς
1299 1517 1496 1577 Ὀλδὰν
1535 1523 1634 1588 τήν
1679 1517 1970 1591 προφῆτιν¹

316 1613 724 1685 πυνθανόμενος
777 1612 830 1668 τί
887 1611 1144 1687 βούλεται
1207 1610 1408 1686 Κύριος
1466 1609 1590 1684 περὶ
1657 1608 1822 1664 αὐτοῦ
1877 1627 1969 1661 και

309 1703 513 1763 παντὸς
541 1705 641 1756 τοῦ
675 1701 831 1760 λαοῦ.
886 1703 950 1758 Ἥ
991 1699 1047 1756 δὲ
1090 1699 1241 1779 φησί’
1298 1725 1325 1752 ι(
1356 1696 1496 1756 Τάδε
1551 1698 1695 1773 λέγει
1741 1697 1964 1772 Κύριο<⁶

1071 451 1189 528 βίον
1250 453 1690 526 μεταλλάξαντος
1759 450 1962 528 ἐγένετο

2079 458 2234 509 tatus
2266 459 2372 511 est.
2415 459 2588 510 Anno
2635 454 2810 511 Josiee
2861 471 3044 526 supra
3100 456 3399 514 decimum
3445 465 3715 516 octavum

302 549 494 610 πένθος
529 545 664 620 μέγα
693 545 828 598 κατᾶ
866 548 1039 599 πᾶσαν
1083 545 1182 613 τήν
1245 540 1537 613 Ἰουδαίαν,
1593 544 1679 598 καὶ
1745 541 1960 616 μᾶλλον

297 637 566 710 ,Ἱερεμίας
599 635 868 709 ὲθρήνησε
898 633 1034 708 ὑπὲρ
1079 632 1314 690 Ἰωσίου.
1372 633 1458 689 Ἐν
1508 636 1588 702 τῷ
1641 632 1712 702 ιη’
1767 629 1963 686 τούτου

2066 543 2298 598 Chlcias
2331 545 2628 620 sacerdos,
2664 545 2764 614 qui
2797 545 2941 600 vatis
2971 547 3240 602 Jeremim
3273 547 3403 614 fuit,
3438 555 3606 620 pater
3651 549 3712 604 in

2068 632 2290 703 templo
2339 633 2558 688 librum
2591 634 2840 702 invenit,
2875 651 3129 706 eumque
3157 637 3230 690 ad
3261 654 3460 709 regem
3490 639 3706 694 attulit.

2068 721 2320 792 Rex.qui
2353 723 2571 794 pietate
2603 728 2661 778 et
2685 723 2918 794 justitia
2954 725 3180 794 priores
3213 742 3378 798 reges
3411 727 3581 798 longe
3616 744 3716 783 au-

2069 811 2383 875 tecederet,
2419 812 2572 867 I96
2595 813 2787 867 noluit
2815 813 2941 884 ipse
2973 814 3481 886 legere.Sacerdos
3511 818 3714 888 itaque

2070 899 2355 966 recitavit,
2389 900 2664 971 ﬂevitque
2715 901 3025 956 universus
3075 904 3348 974 populus.
3401 904 3706 971 Sacerdos,

2069 995 2135 1043 ut
2163 990 2422 1059 primum
2457 990 2690 1061 legendi
2715 991 2850 1045 ﬁnis
2879 991 3069 1046 factus
3101 993 3546 1058 est,clamorem
3580 1011 3710 1048 sus-

2070 1078 2226 1133 tulit.
2262 1080 2383 1133 Rex
2413 1085 2612 1134 autem
2645 1079 2873 1151 ingenti
2927 1079 3132 1135 dolore
3164 1082 3493 1152 perculsus,
3554 1083 3712 1154 quod

2070 1167 2546 1239 deprehenderet
2574 1174 2658 1223 tot
2709 1185 2896 1224 annos
2926 1169 3116 1240 legem
3161 1171 3262 1224 Dei
3293 1172 3708 1226 conculcatam

2071 1256 2275 1319 fuisse,
2311 1262 2499 1312 vestes
2532 1274 2670 1312 suas
2700 1257 3013 1325 laceravit;
3039 1260 3411 1331 graviterque
3440 1267 3711 1315 metuens

2071 1345 2217 1400 nisit
2245 1346 2345 1415 qui
2377 1345 2586 1401 Oldam
2619 1346 2930 1402 mulierem
2962 1347 3262 1402 fatidicam
3311 1349 3712 1416 consulerent,

2075 1432 2365 1505 quidnam
2397 1451 2431 1490 a
2460 1449 2595 1507 rege
2626 1451 2693 1490 ac
2717 1441 2838 1490 toto
2861 1435 3077 1507 populo
3101 1437 3253 1492 Deus
3275 1438 3714 1507 requireret.Ea

2073 1521 2383 1594 respondit
2438 1523 2522 1578 sic
2554 1523 2664 1578 fari
2721 1525 2953 1579 Deum:
3003 1546 3030 1572 «
3084 1525 3574 1596 Quandoquidem
3615 1543 3716 1580 cor

2073 1618 2243 1668 tuum
2275 1613 2609 1668 emollitum
2643 1619 2750 1668 est.
2785 1630 2966 1684 esque
3000 1631 3092 1669 me
3119 1615 3577 1680 reveritus,cum
3609 1631 3712 1671 au-

2075 1701 2227 1758 dires
2257 1719 2351 1758 me
2377 1703 2764 1774 pronuntiare
2795 1703 2953 1758 hunc
2993 1703 3187 1759 locum
3220 1710 3278 1758 et
3306 1705 3435 1776 ejus
3486 1705 3714 1761 incolas

311 1791 458 1853 ’AVB’
490 1792 564 1844 ὧν
599 1787 892 1859 ἡπαλύνθη
947 1811 1044 1843 σου
1073 1791 1109 1858 ἡ
1140 1785 1336 1862 καρδία
1380 1787 1472 1842 καὶ
1517 1786 1808 1861 ἐνετράπης
1860 1784 1966 1840 ἀπὸ

2077 1791 2528 1862 pessumdatum
2559 1797 2737 1864 atque
2767 1793 3158 1848 exsecrationi
3191 1792 3512 1848 obnoxium
3545 1795 3716 1860 iri,ac

311 1879 612 1952 προσώπου
668 1901 798 1950 μου,
857 1878 932 1940 ὡς
991 1879 1230 1947 ἤκουσας
1295 1877 1376 1931 ὅτι
1436 1873 1685 1946 ἐλάλησα
1733 1873 1822 1929 ἐπὶ
1870 1874 1964 1930 τὸν

307 1989 475 2024 τοπον
503 1973 698 2023 τοῦτον
739 1968 828 2022 καὶ
886 1967 1012 2028 τοὺς
1076 1966 1411 2028 ἐνοικοῦντας
1461 1965 1643 2032 αὐτὸν,
1697 1968 1792 2019 τοῦ
1832 1964 1966 2020 εἶναι

311 2055 387 2119 εἲς
440 2056 749 2134 ἀφανισμὸν
810 2057 898 2111 καὶ
957 2057 1031 2117 εἰς
1097 2056 1357 2130 κατάραν,
1418 2055 1506 2108 καὶ
1564 2051 1850 2127 διέῤῥηξας
1901 2055 1969 2107 τὰ

315 2146 512 2218 ἱμάτιά
551 2167 650 2200 σου
680 2147 770 2200 καὶ
801 2139 1064 2206 ἔκλαυσας
1105 2143 1339 2199 ἐνώπιόν
1393 2164 1518 2216 μου,
1572 2139 1690 2198 ἰδοὺ
1741 2144 1968 2217 προστί-

315 2235 454 2307 θημί
488 2255 547 2289 σε
575 2235 712 2310 πρὸς
741 2233 868 2296 τοῦς
910 2231 1142 2308 πατέρας
1201 2253 1298 2286 σου
1356 2231 1406 2286 ἐν
1459 2232 1670 2307 εἰρήνῃ,
1727 2232 1818 2287 καὶ
1871 2230 1970 2286 ούκ

319 2319 441 2396 ὄψει
470 2327 602 2378 πᾶσι
641 2329 760 2385 τοῖς
790 2329 979 2384 κακοῖς
1012 2323 1098 2383 οἷς
1133 2321 1313 2391 ἐπάξω
1352 2319 1436 2375 ἐπὶ
1486 2321 1578 2375 τὸν
1631 2321 1798 2374 τόπον
1839 2323 1972 2375 τοῦ-

315 2433 404 2466 τον
437 2411 687 2473 καὶτοὺς
723 2412 1058 2474 ἐνοικοῦντας
1109 2411 1291 2480 αὐτὸν,
1348 2413 1446 2464 τοῦ
1504 2409 1636 2464 εἶναι
1697 2408 1774 2471 εἷς
1830 2409 1970 2485 ἀφα-

319 2502 532 2576 νισμόν.
571 2523 596 2555 ν
630 2503 790 2558 "Ost
824 2501 982 2573 ζήλῳ
1012 2499 1146 2573 θοίῳ
1202 2499 1526 2573 κινούμενος
1561 2498 1622 2554 οὗ
1688 2499 1858 2572 μόνον
1905 2499 1972 2554 τὰ

314 2594 599 2665 πανταχοῦ
626 2587 834 2644 ε’ἰδωλά
874 2610 932 2644 τε
987 2590 1075 2644 καὶ
1139 2583 1450 2661 σεϐάσματα
1507 2589 1859 2663 κατέστρεψεν
1911 2585 1972 2642 ἐκ

314 2680 557 2754 βάθρων,
602 2679 752 2735 ἀλλά
798 2679 882 2733 κνὶ
929 2679 1056 2741 τοὺς
1098 2676 1506 2753 εἰδωλολάτρας
1556 2677 1683 2739 τοὺς
1735 2678 1833 2752 μὲν
1890 2672 1967 2732 ἔτι

317 2775 520 2838 ζῶντας
556 2767 889 2842 ὡλόθρευσε,
918 2768 1043 2830 τοὺς
1073 2764 1130 2822 δὲ
1155 2765 1263 2838 ἤδη
1291 2768 1614 2838 τεθνηκότας
1648 2768 1700 2821 ὲν
1731 2773 1847 2831 τοῖς
1875 2767 1972 2822 τά-

314 2879 436 2931 φοις
477 2855 792 2914 κατέκαυσε,
837 2858 933 2912 Καὶ
966 2855 1167 2932 ἐπάρας
1214 2857 1341 2917 τοὺς
1381 2855 1696 2934 ὀφςαλβοὺς
1740 2856 1826 2911 ἐπὶ
1876 2856 1968 2911 τὸν

315 2949 482 3023 τάφον
511 2951 613 3002 τοῦ
642 2946 930 3020 ἀνθρώπου
959 2951 1060 3001 τοῦ
1091 2952 1227 3001 Θεοῦ
1259 2947 1398 3001 εἶπε·
1437 2969 1463 2998 ι(
1497 2946 1562 3004 Τί
1591 2947 1654 3002 τὸ
1703 2945 1972 3001 σκόπελον

315 3034 513 3107 έκεῖνύ,
547 3035 577 3091 6'
608 3035 720 3112 ἐγὼ
755 3033 984 3110 βλέπω;
1020 3059 1046 3088 η
1081 3036 1180 3093 Καὶ
1215 3037 1371 3113 φασίν
1401 3038 1451 3090 οἱ
1503 3033 1692 3110 ἄνδρες
1723 3042 1822 3105 τῆς
1861 3035 1972 3090 πό-

317 3123 477 3186 λεως·
518 3148 545 3174 ι(
583 3127 645 3182 Ὀ
677 3125 964 3199 ἄνθρωπος
993 3129 1089 3180 τοῦ
1119 3129 1251 3181 Θεοῦ
1307 3124 1468 3195 ἐστιν,
1515 3126 1543 3179 6
1593 3125 1971 3203 προφητεύσας

311 3215 436 3277 τοὺς
472 3213 680 3288 λόγους
725 3215 954 3277 τούτους
1015 3213 1103 3269 ἐπὶ
1143 3216 1205 3270 τὸ
1272 3217 1656 3288 θυσιαστήριον
1707 3213 1906 3285 Βεθήλ.
1938 3238 1968 3267 ››

315 3305 414 3358 Καὶ
450 3304 620 3359 εἶπεν·
684 3329 710 3356 (ι
747 3306 944 3382 "Aggere
1007 3303 1192 3358 αὐτόν·
1240 3301 1436 3375 μηδεὶς
1477 3305 1671 3378 κινήσῃ
1726 3305 1792 3357 τὰ
1841 3301 1971 3358 όστᾶ

313 3393 500 3449 αὐτοῦ.
535 3417 563 3443 ››
618 3394 717 3450 Καὶ
780 3395 965 3466 μέντοι
1023 3392 1114 3446 καὶ
1170 3391 1298 3454 τοὺς
1353 3391 1823 3468 εγγαστριμύθους
1879 3391 1970 3447 καὶ

309 3481 436 3542 τοὺς
497 3480 954 3560 ψευδοπροφήτας
1022 3483 1110 3537 καὶ
1171 3486 1272 3536 πᾶν
1333 3479 1618 3556 βδέλυγμα
1665 3481 1756 3536 καὶ
1797 3502 1967 3555 προσο

311 3571 557 3644 ὁχθισμα
617 3571 701 3645 [Ρ.
765 3573 889 3643 112]
953 3571 1004 3625 ἐν
1076 3569 1440 3645 Ἰερουσαλὴμ
1497 3571 1673 3645 ἐξῆρε·
1733 3570 1822 3625 καὶ
1875 3569 1968 3625 έπ-

311 3658 329 3689 ι
367 3681 423 3692 --
505 3663 516 3696 '
675 3659 688 3676 ἱ
828 3661 841 3678 Ι
1103 3660 1111 3675 ί
1368 3660 1378 3678 Ι
1444 3681 1456 3692 .
1517 3659 1531 3680 ἱ
1700 3659 1746 3680 1.-
1868 3660 1881 3678 \
1921 3658 1934 3678 9

312 3679 562 3732 saepe-pe
591 3679 727 3735 προς
767 3663 966 3733 Κυριον
1002 3661 1052 3714 ἐν
1082 3658 1186 3734 δλῃ
1221 3657 1414 3734 καρδιᾳ
1447 3681 1532 3714 και
1587 3660 1742 3735 ίσχυι
1796 3681 1884 3715 και
1915 3681 1968 3715 εν

311 3749 416 3820 ὅλη
454 3753 610 3824 ψυχῇ
643 3750 810 3804 αὐτοῦ
837 3750 974 3805 κατὰ
1010 3750 1102 3804 τὸν
1159 3749 1326 3822 νόμον
1393 3748 1685 3812 Μωυσέως.
1749 3751 1841 3804 Διὸ
1899 3748 1966 3819 δὴ

312 3839 402 3892 καὶ
463 3841 526 3892 τὸ
597 3839 790 3913 Πάσχα
843 3843 1092 3894 τοιοῦτον
1150 3837 1402 3910 ἐποίησεν
1464 3840 1577 3893 οἷον
1633 3838 1695 3893 οὐ
1751 3840 1967 3913 γέγονεν

311 3926 420 3980 ἀπὸ
477 3926 696 4001 χρόνων
751 3929 936 3998 Ἰησοῦ
980 3927 1076 3982 τοῦ
1132 3933 1280 3996 Ναυῆ
1342 3926 1432 3982 καὶ
1491 3925 1781 4000 Σαμουήλ·
1843 3927 1969 4001 ἑνῷ

315 4014 450 4087 βόας
487 4017 582 4087 μὲν
611 4013 763 4070 ἔθυσε
805 4013 1067 4090 χιλιάδας
1120 4016 1212 4091 ιβ“,
1251 4010 1500 4090 πρόϐατα
1547 4012 1810 4090 χιλιάδας
1857 4013 1966 4086 λη“.

316 4106 412 4158 Καὶ
469 4108 834 4180 κατωρθώθη,
894 4127 1050 4184 φησι,
1105 4107 1169 4162 τὰ
1246 4102 1378 4183 ἔργα
1461 4105 1674 4163 Ἰωσίου
1731 4104 1966 4161 ἰναντίον

314 4193 545 4268 Κυρίου,
588 4195 639 4249 ἐν
671 4193 868 4269 καρδίᾳ
895 4195 1097 4270 πλήρει
1128 4191 1422 4258 εύσεϐείας’
1481 4196 1569 4250 καὶ
1623 4195 1729 4271 γὰρ
1775 4197 1968 4268 ὅμοιος

317 4283 465 4355 αὐτῷ
499 4283 598 4338 οὖκ
627 4282 884 4358 ἐγεννήθη
920 4283 1221 4359 ἔμπροσθεν
1259 4285 1444 4353 αὐτοῦ,
1495 4285 1584 4340 καὶ
1635 4283 1734 4339 οὐκ
1777 4284 1967 4355 ἀνέστη

313 4367 510 4444 ὅμοιος
569 4371 756 4430 αὑτοῦ.
845 4373 998 4442 Πλήν
1058 4375 1164 4429 οὐκ
1219 4373 1535 4449 ἀπεστράφη
1599 4375 1801 4446 Κύριος
1862 4373 1970 4429 ἀπὸ

2076 1880 2314 1951 quando
2338 1887 2654 1953 propterea
2678 1881 2879 1937 scissis
2910 1881 3168 1936 vestibus
3190 1899 3390 1937 coram
3413 1899 3505 1937 me
3531 1883 3719 1954 lacry-

2080 1986 2204 2025 mas
2235 1971 2459 2035 fudisti,
2482 1970 2616 2026 ideo
2645 1987 2718 2025 en
2751 1987 2854 2042 ego
2887 1976 2943 2025 te
2973 1972 3034 2025 in
3067 1987 3207 2041 pace
3237 1971 3386 2026 mori
3421 1972 3715 2040 sinam,ne

2077 2060 2412 2130 conspicias
2439 2060 2806 2115 calamitates
2837 2077 2983 2130 quas
3015 2075 3117 2131 ego
3167 2062 3303 2116 huic
3335 2061 3464 2116 loco
3498 2067 3554 2116 et
3585 2064 3714 2131 ejus

2079 2147 2512 2203 habitatoribus
2544 2148 2830 2220 inﬂigam,
2862 2150 2948 2203 uti
2981 2165 3080 2204 eos
3106 2149 3398 2205 aboleam.
3431 2149 3479 2183 ⁶⁹
3514 2169 3537 2200 ι)
3571 2148 3713 2204 Inde

2075 2237 2265 2291 Josias
2294 2235 2491 2291 divino
2521 2237 2747 2292 fervore
2778 2238 2962 2292 animi
2996 2238 3316 2294 instinctus
3368 2255 3489 2294 non
3541 2237 3718 2294 modo

2079 2343 2208 2396 quea
2240 2325 2581 2396 ubicunque
2629 2326 2892 2381 locorum
2947 2327 3262 2382 exstabant
3310 2329 3628 2384 simulacra
3662 2334 3719 2383 et

2081 2414 2475 2485 superstitiosi
2508 2415 2703 2470 cultus
2734 2415 3134 2470 instrumenta
3161 2417 3428 2472 funditus
3479 2417 3718 2484 excidit,

2079 2505 2184 2558 sed
2243 2509 2300 2558 et
2331 2503 2590 2559 cultores
2622 2520 2829 2559 eorum
2875 2505 3026 2559 alios
3057 2505 3215 2560 vivos
3253 2506 3532 2576 perdidit,
3567 2507 3717 2560 alios

2080 2598 2346 2648 mortuos
2386 2593 2448 2648 in
2507 2593 2698 2648 bustis
2747 2593 3048 2650 cremavit.
3100 2594 3364 2666 Cumque
3423 2595 3719 2649 tumulum

2080 2682 2491 2753 conspexisset
2547 2681 2654 2736 sub
2682 2699 2798 2752 quo
2850 2683 2938 2736 vir
2985 2683 3088 2738 Dei
3140 2683 3400 2754 jacebat,
3455 2683 3724 2754 quaesivit

2081 2771 2357 2840 quisnam
2381 2775 2539 2825 esset
2561 2770 2662 2825 ille
2686 2770 2982 2841 scopulus.
3008 2771 3329 2842 Oppidanis
3359 2771 3723 2842 responden-

2081 2859 2239 2914 tibus
2283 2859 2521 2931 cippum
2571 2876 2701 2916 esse
2733 2860 2912 2916 divini
2971 2861 3145 2915 istius
3193 2862 3454 2916 hominis
3507 2862 3606 2931 qui
3653 2861 3724 2917 de

2082 2947 2379 3002 Bethelico
2410 2947 2582 3003 altari
2612 2955 2766 3004 esset
2793 2949 3164 3016 vaticinatus,
3211 2949 3470 3022 relinqui
3504 2967 3639 3006 eum
3671 2955 3730 3006 et

2082 3051 2216 3092 ossa
2246 3037 2376 3109 ejus
2407 3054 2527 3092 non
2563 3038 2783 3092 moveri
2807 3038 3010 3108 jussit.
3046 3038 3210 3094 Idem
3259 3040 3502 3105 ariolos,
3550 3041 3731 3095 falsos

2083 3132 2263 3194 vates,
2287 3131 2463 3196 atque
2489 3125 2778 3197 quidquid
2805 3127 3164 3198 ﬂagitiosum
3189 3134 3248 3182 et
3268 3128 3732 3183 abominandum

2083 3221 2212 3270 erat
2243 3215 3042 3287 Hierosolymis,exstirpavit
3076 3233 3088 3270 :
3115 3233 3296 3287 seque
3319 3217 3391 3271 ad
3413 3218 3734 3272 Dominum

2081 3311 2202 3362 toto
2234 3305 2408 3362 corde
2442 3323 2508 3361 ac
2543 3312 2780 3377 pectore
2838 3308 3148 3373 convertit,
3184 3308 3463 3363 omnibus
3510 3309 3732 3363 viribus

2081 3397 2336 3452 annixus
2394 3397 2468 3451 ad
2519 3396 2788 3452 Mosaicaa
2836 3397 2984 3452 197
3041 3396 3188 3469 legis
3235 3397 3727 3453 observationem.

2082 3485 2216 3539 ldeo
2251 3485 2430 3539 etiam
2480 3485 2705 3540 Pascha
2737 3485 2849 3540 tale
2881 3485 3202 3542 celebravit
3251 3486 3425 3556 quale
3455 3492 3590 3558 post
3633 3486 3734 3542 Jo-

2080 3591 2249 3629 suam
2277 3580 2335 3628 et
2366 3573 2702 3628 Samuelum
2765 3580 2962 3630 actum
2996 3576 3230 3630 nullum
3291 3576 3422 3631 fuit.
3466 3576 3735 3631 Mactavit

2081 3663 2241 3718 enim
2273 3661 2454 3717 boum
2491 3662 2682 3716 millia
2710 3666 2805 3728 22,
2863 3665 3058 3719 ovium
3091 3665 3285 3720 millia
3325 3665 3412 3720 38.
3465 3667 3734 3721 Testatur

2081 3751 2386 3821 Scriptura
2417 3751 2664 3821 probata
2693 3750 2878 3808 fuisse
2910 3753 3028 3807 Deo
3059 3753 3231 3808 Josiae
3265 3755 3525 3818 ofﬁcia,a
3553 3755 3729 3810 corde

2081 3841 2315 3912 pietatis
2348 3839 2525 3910 pleno
2573 3839 2838 3910 profecta
2870 3857 2882 3893 :
2935 3857 3073 3894 nam
3107 3842 3319 3896 similis
3368 3843 3498 3913 ejus
3533 3859 3727 3912 neque

2080 3934 2215 3984 ante
2239 3945 2431 3998 neque
2462 3934 2594 3999 post
2625 3929 2820 3999 ipsum
2854 3930 3099 3984 exstitit.
3122 3931 3322 3999 Neque
3345 3937 3545 3986 tamen
3577 3931 3728 3985 iram

2081 4019 2142 4074 in
2171 4018 2403 4073 Judaaos
2430 4023 2778 4089 conceptam
2809 4018 2966 4073 Deus
3005 4015 3301 4088 deposuit,
3336 4035 3566 4073 memor
3593 4019 3728 4088 qui-

2080 4107 2188 4162 bus
2218 4105 2411 4160 modis
2442 4107 2635 4177 ipsum
2669 4108 2967 4162 Manasses
2998 4107 3313 4162 irritasset.
3347 4110 3427 4162 Eo
3457 4111 3728 4178 tempore

2080 4196 2259 4252 etiam
2299 4195 2640 4266 Byzantium
2672 4212 2705 4250 a
2738 4197 2886 4267 Byzo
2935 4197 3199 4252 Thraciae
3231 4213 3368 4269 rege
3420 4197 3730 4253 conditum

2082 4291 2170 4340 est
2205 4302 2217 4338 :
2251 4284 2351 4339 alii
2387 4285 2757 4355 Megarenses
2791 4285 2919 4355 ejus
2951 4285 3114 4340 urbis
3144 4290 3424 4341 auctores
3478 4287 3730 4343 faciunt.

2081 4377 2241 4430 Tunc
2272 4379 2332 4429 et
2363 4372 2582 4443 Sibylla
2612 4373 2921 4429 Samonaea
2950 4374 3234 4430 innotuit.

313 4464 490 4529 θυμοῦ
520 4469 623 4530 τῆς
654 4462 825 4540 ὀργῆς
866 4462 1148 4532 αὐτοῦ,οῦ
1208 4463 1461 4536 ἐθυμώθη
1521 4462 1573 4518 ἐν
1634 4467 1715 4536 τῷ
1775 4460 1973 4535 Ἰούδᾳ,
2033 4461 2118 4517 ἐπὶ
2179 4463 2304 4524 τοὺς
2365 4457 2781 4536 παροργισμοὺς
2842 4460 2934 4515 οὕν
2989 4464 3334 4537 παρώργισεν
3391 4464 3556 4520 αὐτὸν
3611 4471 3729 4521 Μα-

309 4558 529 4619 νασσῆς.
593 4552 709 4628 ’E'p’
775 4552 850 4605 ὧν
907 4552 1121 4630 χρόνων
1180 4552 1270 4606 καὶ
1325 4551 1388 4606 τὸ
1455 4552 1746 4621 Βυζάντιον
1809 4552 1914 4607 ὑπὸ
1973 4551 2150 4620 Βύζου
2215 4547 2489 4618 βασιλέως
2549 4556 2649 4618 τῆς
2712 4548 2927 4624 Θρᾴκης

3019 4549 3258 4622 ἐκτίσθη·
3319 4551 3396 4614 ὡς
3449 4549 3509 4608 δέ
3592 4575 3732 4616 τινες

314 4639 415 4693 ὑπὸ
449 4641 765 4714 Μεγαρέων.
799 4641 914 4717 Ἐφ’
945 4641 1018 4694 ὧν
1047 4641 1137 4695 καὶ
1169 4635 1420 4696 Σίϐυλλα
1447 4642 1482 4710 ἡ
1517 4640 1780 4714 Σαμωνία
1809 4639 2154 4716 ἐγνωρίζετο.

385 4729 538 4784 Μετᾶ
571 4726 628 4783 δὲ
687 4728 896 4785 Ἰωσίαν
947 4723 1293 4785 ἐϐασίλευσεν
1339 4730 1580 4804 Ἰωάχαζ
1628 4730 1743 4792 υἱὸς
1787 4729 1972 4799 αὐτοῦ,

314 4817 373 4877 6';
401 4816 625 4888 ἐποίησε
654 4820 718 4872 τὸ
749 4819 991 4893 πονηρὸν
1050 4817 1278 4874 ἐνώπιον
1331 4818 1560 4894 Κυρίου,
1606 4819 1696 4873 καὶ
1745 4817 1973 4896 ληφθείς

315 4907 421 4961 ὑπὸ
452 4901 693 4979 Νεχαὼϐ
738 4905 1011 4981 βασιλέως
1069 4906 1352 4984 Αἰγύπτου
1391 4908 1622 4985 ἀπήχθη
1679 4907 1754 4970 εἷς
1801 4906 1972 4982 Δί’γυο

313 5012 469 5063 πτον,
522 4994 574 5048 ἐν
718 4995 810 5049 καὶ
869 4995 1120 5065 ἀπέθανε,
1183 4996 1508 5072 βασιλεύσας
1571 5002 1746 5068 μῆνας
1801 5001 1970 5070 τρεῖς.

315 5080 522 5155 Ἐφ’οῦ
573 5082 628 5134 οἱ
682 5081 1043 5156 Ἰσραηλῖται,
1105 5083 1282 5145 καθώς
1339 5104 1502 5160 φησιν
1563 5083 1854 5153 Ἰώσηπος,
1913 5081 1973 5138 ἐκ

309 5168 412 5220 τοῦ
442 5177 710 5238 κηῖατῆσαι
739 5173 840 5240 τὴν
878 5177 975 5226 τοῦ
1039 5171 1217 5229 ’ἰούδα
1267 5172 1444 5249 φυλὴν
1497 5171 1587 5226 καὶ
1643 5178 1966 5241 κατοικῆσαι

356 5254 413 5272 ιλ
517 5259 528 5276 ι
689 5263 700 5283 ,
986 5264 997 5280 ς
1157 5263 1179 5277 ν
1364 5263 1380 5280 κ
1483 5259 1496 5278 9
1834 5263 1845 5283 ν

310 5276 414 5323 τηο
462 5260 624 5314 πολιν
709 5261 1077 5335 Ιερουσαλημ,
1121 5283 1270 5316 ουτοι
1323 5283 1419 5336 μεν
1478 5259 1784 5332 εκλήθησαν
1853 5268 1968 5316 Ιου-

310 5341 482 5416 δαῖοι,
514 5351 548 5418 ἡ
584 5347 638 5405 δὲ
668 5349 836 5412 πόλις
867 5354 902 5420 ἡ
935 5350 1026 5407 καὶ
1094 5353 1242 5407 Σιὼν
1299 5349 1553 5420 Ἰουδαία,
1613 5353 1736 5419 ἣτις
1796 5350 1967 5407 πάλαι

313 5438 410 5507 μὲν
445 5434 646 5504 Ἰεϐοὺς
673 5440 894 5516 ἐλέγετο
953 5441 1045 5497 διὰ
1081 5443 1144 5498 τὸ
1203 5444 1294 5498 τὸν
1355 5438 1719 5499 ³ίεϐουσσαῖον
1777 5462 1966 5498 κατοι·

314 5532 482 5593 κῆσαι
511 5529 603 5583 τὸν
631 5531 800 5585 τόπον
831 5529 1056 5587 ἐκεῖνον.
1091 5527 1258 5586 Δαϐἱδ
1301 5529 1357 5586 δὲ
1386 5529 1756 5608 Ἰερουσαλὴμ
1797 5551 1968 5606 προσ-

312 5616 628 5692 ηγόρευσεν,
683 5618 742 5674 έκ
796 5625 894 5676 τοῦ
951 5617 1369 5695 συμϐεϐηκότος
1425 5621 1841 5700 τεχνησάμενος
1905 5620 1968 5677 τὸ

379 5714 428 5752 ⁶⁴
457 5719 532 5776 III
573 5721 713 5795 Reg.
746 5737 881 5791 qu,
914 5722 980 5778 18
1010 5723 1098 5780 20.

2153 4728 2326 4784 Josiaa
2359 4730 2644 4784 successit
2661 4731 2979 4786 Joachazus
3013 4731 3190 4788 ﬁlius.
3211 4734 3263 4788 Is
3295 4733 3582 4788 voluntati
3619 4733 3722 4786 Dei

2084 4819 2427 4874 adversatus
2459 4824 2567 4887 est,
2603 4824 2926 4890 captusque
2957 4837 2991 4874 a
3020 4837 3154 4890 rege
3183 4822 3410 4892 Egypti
3447 4820 3720 4876 Nechabo

2085 4913 2192 4976 est,
2228 4907 2408 4976 inque
2440 4908 2746 4979 Aigyptum
2779 4909 3041 4978 captivus
3071 4909 3361 4963 abductus
3395 4909 3476 4962 ibi
3509 4909 3710 4979 periit.

2081 4999 2331 5052 Tantum
2356 5000 2476 5050 tres
2511 5013 2743 5051 menses
2769 5013 3016 5069 regnum
3051 4998 3260 5052 tenuit.
3305 4997 3492 5065 Hujus
3525 5002 3718 5059 astate,

2084 5091 2147 5141 ut
2176 5092 2380 5141 narrat
2405 5085 2714 5156 Iosephus,
2743 5084 3004 5139 obtinuit
3033 5092 3098 5138 ut
3125 5085 3438 5140 Israelicus
3470 5085 3724 5155 populus

2081 5193 2114 5231 a
2143 5175 2344 5231 Judaaa
2374 5173 2688 5244 tribu,quae
2710 5174 2938 5229 caeteris
2961 5174 3146 5228 multo
3177 5173 3514 5244 pra-astabat,
3533 5173 3697 5228 Indae

2083 5262 2587 5329 dicerentur,urbs
2613 5268 2810 5317 autem
2834 5263 2970 5316 Sion
2992 5262 3191 5317 Judaaa
3212 5262 3721 5319 denominaretur.

2087 5354 2432 5423 Antiquitas
2463 5369 2532 5406 ea
2560 5351 2734 5406 Jebus
2763 5351 3058 5423 appellata
3086 5351 3219 5420 fuit,
3251 5368 3284 5407 a
3319 5352 3606 5408 Jebusmis
3655 5370 3725 5408 ea

2075 5443 2208 5498 loca
2241 5439 2688 5496 habitantibus:
2740 5441 2991 5496 Davidus
3045 5448 3246 5496 autem
3297 5443 3718 5515 Hierosolyma)

2077 5545 2297 5586 nomen
2329 5529 2380 5581 ei
2414 5529 2698 5601 imposuit
2726 5531 2797 5586 ab
2831 5536 3043 5585 eventu
3077 5547 3090 5585 :
3127 5536 3217 5586 est
3245 5532 3406 5588 enim
3456 5534 3518 5587 in
3564 5532 3700 5587 altis

2079 5620 2230 5676 simo
2253 5621 2454 5673 monte
2473 5624 2800 5690 exstructa,
2834 5637 2950 5692 quo
2986 5620 3047 5675 in
3068 5626 3270 5678 monte
3306 5622 3592 5679 Dominus
3615 5623 3729 5675 Da-
