4188 6196
519 273 632 334 231

1864 271 2205 355 eseam:
2245 246 2594 359 causam

3806 284 3927 344 332

520 415 652 472 vido
683 417 958 489 apparuit
984 415 1060 472 ad
1089 431 1289 474 aream
1315 416 1485 471 Orum
1514 415 1918 485 Jebusae,cum
1952 412 2025 469 ob
2057 414 2163 469 im-

2273 411 2465 487 ὄνομαο
2500 414 2552 469 ἐν
2611 411 2725 490 ὄρει
2781 416 2886 494 γὰρ
2940 417 3083 474 ἐστιν
3142 417 3476 493 ὑψηλοτάτῳ
3531 418 3926 495 κατῳκοδομη-

522 506 850 578 prudenter
906 506 1120 561 factam
1177 505 1380 576 populi
1440 505 1850 561 recensionem
1912 504 2166 576 pOpulus

522 602 689 669 peste
720 598 1102 669 affligeretur.
1136 595 1366 651 Etenim
1398 612 1571 651 mons
1603 595 1850 651 Hebraao
1892 612 2166 651 sermone

524 688 605 741 Ar
646 685 884 749 dicitur,
940 683 1081 737 urbs
1132 689 1332 738 autem
1383 684 1598 740 Salem.
1646 686 1849 755 Itaque
1892 685 2164 752 Davidus,

522 789 655 827 cum
686 788 895 826 novam
923 771 1033 826 sibi
1057 772 1279 845 regiam
1305 773 1693 843 condidisset,
1725 774 1876 830 198
1896 773 2166 829 Arsalem

518 863 901 932 nuncupavit,
964 863 1122 933 quod
1181 863 1531 935 signiﬁcavit
1585 864 1783 920 locum
1843 866 2053 937 pacis:
2104 864 2166 919 in

520 951 786 1006 Graecum
813 956 1014 1008 autem
1046 970 1382 1009 sermonem
1404 970 1472 1010 ea
1503 972 1610 1010 vox
1636 956 1907 1011 traducta
1933 954 2009 1011 ob
2034 955 2165 1010 soni

522 1042 989 1097 concinnitatem
1017 1042 1079 1097 in
1115 1042 1519 1115 Hierosolyma
1548 1044 1808 1101 deﬂexit.

596 1224 737 1278 Post
764 1223 1119 1279 Joachazum
1173 1224 1438 1296 regnavit
1462 1224 1823 1292 Joachimus,
1856 1224 2167 1297 collegam-

528 1328 640 1383 que
670 1311 879 1367 habuit
902 1311 1143 1367 fratrem
1178 1312 1547 1369 Eliacimum.
1585 1314 1640 1368 Is
1670 1329 1906 1384 quoque
1934 1313 2170 1369 Joachi-

526 1418 665 1465 mus
696 1418 765 1457 ea
796 1402 934 1457 fecit
963 1417 1094 1472 quas
1127 1403 1245 1457 Deo
1288 1401 1691 1474 displicerent.
1723 1403 1927 1474 Itaque
1975 1403 2169 1459 Nabu-

522 1489 902 1545 chodonosor
951 1489 1288 1545 Merodachi
1340 1506 1648 1546 successor
1701 1489 1964 1547 Judaaam
2015 1490 2169 1545 bello

521 1578 735 1635 invasit
764 1597 832 1636 ac
863 1580 975 1636 sibi
1006 1581 1382 1636 tributariam
1412 1580 1590 1648 fecit,
1625 1586 1683 1636 et
1711 1598 1847 1637 cum
1878 1580 2167 1636 tributum

520 1665 880 1731 Joachimus,
914 1666 1071 1737 quod
1104 1672 1311 1738 pactus
1345 1672 1491 1733 erat,
1522 1671 1844 1733 recusaret,
1878 1666 2074 1722 denuo
2105 1667 2167 1721 in

518 1754 784 1811 Iudaeam
804 1756 1543 1829 duxit.Hierosolymisque
1565 1756 2167 1827 potitusJoachimum

522 1843 585 1898 in
608 1860 774 1899 suam
797 1850 1151 1915 potestatem
1172 1844 1478 1902 redactum
1501 1846 1560 1900 in
1571 1846 1684 1901 terl
1684 1846 1894 1914 ecit,ac
1907 1845 1979 1901 de
1995 1862 2165 1901 muro

521 1934 855 2004 projectum
878 1934 1054 2003 longo
1080 1940 1344 2005 tempore
1367 1934 1733 2005 insepultum
1748 1936 1950 2006 jacere
1959 1935 2163 2005 jussit,

518 2022 792 2077 functum
840 2039 1016 2094 regno
1047 2039 1237 2077 annos
1290 2027 1375 2078 11.
1427 2024 1507 2078 De
1548 2024 1660 2079 hoc
1704 2023 1787 2078 ita
1830 2023 2163 2081 Jeremias:

524 2132 553 2162 ιι
588 2111 721 2165 Haec
747 2111 1095 2181 pronuntiat
1152 2113 1306 2167 Deus
1333 2111 1404 2166 de
1434 2112 1740 2166 Joachimo
1767 2111 1942 2167 Josias
1992 2111 2118 2167 filio
2150 2128 2164 2166 :

524 2200 617 2254 Vae
639 2199 735 2254 isti
759 2199 901 2253 viro.
928 2201 1054 2255 Non
1082 2217 1216 2255 eum
1242 2199 1594 2272 plangentes
1619 2200 1987 2267 clamabunt,
2004 2201 2167 2257 Eheu

520 2288 707 2344 frater
735 2306 747 2343 :
780 2306 975 2360 neque
1002 2290 1157 2345 inter
1186 2289 1564 2361 plorandum,
1589 2306 1725 2351 eum
1759 2290 2069 2346 dominum
2099 2306 2168 2346 ac

518 2374 762 2431 fratrem
793 2376 1231 2433 inclamabant:
1255 2378 1360 2432 sed
1381 2377 1533 2433 asini
1557 2377 1865 2450 sepultura
1895 2378 1949 2434 ei
1971 2377 2165 2434 obtin-

522 2470 705 2538 get,et
735 2481 870 2520 cum
896 2466 1347 2537 computruerit,
1366 2466 1718 2536 projicietur
1749 2467 1907 2522 ultra
1934 2472 2164 2539 portam

525 2554 1001 2626 Hierosolymum
1032 2556 1097 2611 το.
1123 2577 1152 2606 ››
1180 2557 1342 2610 Tunc
1373 2555 1733 2627 Babylonem
1755 2555 2048 2613 abductus
2078 2562 2169 2612 est

521 2642 727 2699 Daniel
757 2660 825 2699 ac
859 2648 978 2698 tres
1008 2644 1198 2715 pueri,
1233 2649 1292 2698 et
1318 2644 1391 2699 de
1422 2644 1639 2716 populo
1670 2644 2009 2716 plurimi,ac
2029 2662 2167 2717 pars

517 2748 796 2787 vasorum
828 2732 1083 2787 Domini.
1119 2737 1409 2788 Caaterum
1470 2739 1589 2789 tres
1638 2732 1737 2788 isti
1796 2735 1946 2790 sacri
1996 2733 2165 2805 pueri

517 2821 625 2876 filii
659 2827 803 2876 sunt
832 2822 1265 2877 Ezechiaa.Cum
1298 2823 1458 2877 enim
1490 2839 1561 2878 ex
1589 2822 1798 2878 morbo
1829 2825 2168 2881 convaluis-

520 2914 611 2965 set
640 2909 1027 2966 Merodachus
1058 2910 1336 2969 Baldanis
1368 2910 1525 2967 filius
1573 2929 1678 2968 rex
1722 2913 2060 2985 Babylonis,
2092 2914 2168 2969 ad

523 3014 658 3055 eum
690 2999 853 3055 misit
884 2999 1112 3055 litteras
1143 3005 1200 3055 et
1234 3001 1810 3073 munera,gratulans
1840 3002 1999 3072 quod
2030 3018 2167 3057 eum

518 3091 759 3145 sanitati
790 3091 1132 3146 restitutum
1168 3090 1507 3147 audivisset.
1554 3090 1740 3163 Hujus
1788 3092 1998 3165 legatis
2026 3093 2167 3148 Eze-

2276 502 2432 577 μένη,
2464 503 2515 559 ἐν
2547 505 2593 577 ᾧ
2624 503 2825 579 Κύριος
2857 504 3014 583 ὤφθη
3059 510 3137 579 τῷ
3197 502 3364 563 Δαϐὶδ
3424 507 3478 564 ἐν
3536 508 3708 565 ἀλῶνι
3762 511 3924 587 Ὁρνᾶ

2270 597 2368 647 τοῦ
2400 587 2783 665 Ἰεϐουσσαίου,
2823 597 2880 649 ἓν
2927 601 2996 670 τῇ
3056 596 3270 669 θραύσει
3329 602 3427 653 τοῦ
3485 597 3622 655 λαοῦ
3680 596 3770 655 διὰ
3820 603 3923 671 τὴν

2272 677 2476 755 ἄλογον
2508 679 2901 755 ἐπαρίθμησιν.
2937 682 3040 739 Καὶ
3069 681 3131 736 τὸ
3166 682 3260 755 μὲν
3310 679 3437 760 ὅρος
3487 680 3736 761 Ἐϐραίδι
3769 693 3922 765 φωνῇ

2272 765 2487 842 λέγεται
2516 771 2643 843 "Ap,
2677 771 2712 839 ἡ
2746 767 2804 825 δὶ
2861 770 3024 833 πόλις
3081 768 3305 844 Σαλήμ·
3337 774 3400 829 Ὁ
3430 774 3521 828 οὖν
3582 770 3749 830 Δαϐὶδ
3806 778 3923 832 νέον

2270 855 2437 912 τόπον
2497 856 2572 920 εἷς
2633 855 2908 934 βασίλειον
2958 861 3367 930 κατασκευάζων
3425 859 3722 936 ’Δρσαλὴμ
3780 863 3917 920 ὦνό-

2274 966 2461 1018 μασεν,
2504 946 2532 1000 ὃ
2564 944 2700 1014 ἐστι,
2728 947 2912 1010 Τόπος
2972 946 3211 1021 εἰρήνης.
3258 949 3631 1025 Ἰερουσαλήμ
3673 950 3731 1007 δὲ
3760 952 3835 1015 εἰς
3862 955 3926 1009 τὸ

2272 1033 2604 1106 Ἑλληνικὸν
2646 1035 3086 1113 παρενηνεγμὲνη
3134 1034 3398 1109 κέκληται
3444 1036 3534 1095 διὰ
3579 1042 3679 1111 τήν
3722 1040 3927 1099 καλλι-

2271 1125 2502 1198 φωνίαν.

2342 1213 2490 1268 Μετᾶ
2520 1210 2577 1268 δὶ
2608 1213 2847 1289 Ἰωάχαζ
2895 1209 3238 1272 ἐϐασίλευσεν
3291 1216 3551 1293 Ἰωακεῖμ
3600 1219 3688 1274 καὶ
3734 1219 3928 1276 Ἐλια-

2269 1301 2402 1374 κεὶμ
2440 1301 2468 1356 ὁ
2500 1299 2734 1377 ἀδελφὸς
2767 1302 2955 1373 αὐτοῦ,
3015 1303 3107 1360 καὶ
3159 1302 3387 1377 ἐποίησε
3434 1307 3497 1361 τὸ
3562 1309 3801 1384 πονηρὸν
3840 1308 3930 1364 ἐν·

2272 1390 2444 1446 ὡπιον
2478 1391 2703 1466 Κυρίου.
2737 1393 2835 1447 Καὶ
2866 1391 3040 1449 ἐλθὼν
3070 1389 3563 1474 Ναϐουχοδονόσορ
3597 1398 3625 1452 ὁ
3656 1394 3929 1477 διάδοχος

2235 1477 2560 1561 ·Μαρεοδάχ,
2592 1482 2681 1537 καὶ
2732 1481 3109 1557 πολιορκήσας
3157 1485 3256 1554 τὴν
3314 1482 3603 1556 Ἰουδαίαν,
3650 1487 3927 1564 ὑπόγορον

2270 1570 2439 1639 αὐτὴν
2494 1569 2770 1641 ἐποίησεν.
2860 1574 3248 1644 Ἀθετήσαντος
3286 1571 3361 1630 δὲ
3438 1578 3537 1647 τήν
3593 1574 3929 1655 φορολογίαν

2273 1658 2531 1734 Ἰωακεὶμ
2583 1659 2721 1731 ἦλθε
2778 1660 2943 1717 πάλιν
3002 1661 3081 1725 εἰς
3141 1662 3510 1739 Ἰερουσαλὴμ
3562 1660 3930 1745 Ναϐουχοδο-

2271 1746 2454 1824 νόσορ,
2487 1747 2578 1805 καὶ
2609 1750 3241 1826 τοῦτονηχειρωσάμενος
3282 1754 3373 1809 καὶ
3422 1750 3631 1808 ἀνελών
3679 1755 3767 1813 καὶ
3819 1756 3928 1810 ἀπὸ

2273 1840 2370 1892 τοῦ
2398 1837 2617 1913 τείχους
2650 1835 2869 1918 ῥιφῆναι
2907 1836 3165 1904 κελεύσας
3221 1838 3423 1919 ἃταφον
3465 1839 3553 1898 ἐπὶ
3584 1841 3756 1898 πολὺν
3802 1864 3931 1899 κατ-

2276 1923 2434 1981 έλιπε
2489 1927 2715 2001 χρόνον,
2778 1927 3175 2003 βασιλεύσαντα
3230 1927 3320 1999 ἔτη
3380 1924 3587 1987 ἕνδεκα.
3648 1932 3780 2004 Περί
3855 1932 3925 1987 οὗ

2275 2035 2440 2092 φησιν
2471 2016 2762 2091 Ἱερεμίας·
2793 2041 2823 2069 ιι
2856 2014 2998 2074 Τάδε
3055 2015 3201 2094 λέγει
3261 2018 3462 2094 Κύριος
3511 2018 3600 2075 ἐπὶ
3660 2018 3926 2095 Ἰωαλεὶμ

2275 2105 2392 2159 υἱὸν
2428 2104 2661 2162 Ἰωσίουο
2706 2105 2842 2164 Ούαὶ
2900 2105 2989 2162 ἐπὶ
3047 2108 3139 2164 τὸν
3207 2106 3376 2185 ἄνδρα
3429 2112 3639 2166 τοῦτον·
3700 2112 3780 2168 Οὐ
3842 2113 3922 2185 μὴ

2273 2194 2751 2275 κόψονταιῒαύτὸν,
2780 2199 2846 2251 Ὠ
2875 2192 3096 2276 ἀδελφέ,
3140 2194 3265 2253 οὐδὲ
3325 2199 3401 2270 μὴ
3450 2197 3779 2255 κλαύσονται
3824 2198 3925 2255 αύ-

2275 2283 2391 2355 τὸν,
2419 2283 2494 2341 Oi’
2522 2304 2639 2357 μοι,
2670 2283 2844 2360 κύριε,
2875 2286 2967 2341 καὶ
2997 2284 3071 2344 Οἵ
3110 2306 3226 2360 μοι,
3285 2283 3505 2367 ἆδελφὲ’
3557 2286 3703 2343 ἀλλᾶ
3743 2290 3924 2368 ταφὴν

2275 2370 2400 2429 ὄνου
2454 2375 2749 2449 ταφήσεται
2808 2375 2945 2449 (90),
3001 2374 3092 2430 καὶ
3172 2377 3572 2454 συμψηφισθεῖς
3648 2376 3933 2454 ῥιθήσεται

2275 2463 2362 2535 [Ρ.
2399 2464 2522 2536 113]
2583 2462 2829 2518 ἐπέκεινα
2883 2469 2986 2533 τῆς
3042 2464 3225 2535 πύλης
3276 2464 3665 2540 Ἰερουσαλήμ.
3700 2491 3728 2518 ››
3787 2465 3933 2524 Τότε

2273 2551 2362 2607 καὶ
2394 2550 2599 2620 Δανιὴλ
2630 2551 2860 2627 ἀπήχθη
2919 2552 3008 2608 καὶ
3069 2554 3122 2608 οἱ
3172 2559 3318 2628 τρεῖς
3369 2552 3556 2618 παῖδες
3614 2554 3703 2610 καὶ
3761 2553 3928 2611 ἄλλοι

2272 2644 2371 2696 τοῦ
2402 2639 2540 2721 λαοῦ
2569 2639 2821 2697 πλεῖστοι
2851 2642 2939 2697 καὶ
2976 2643 3144 2718 μέρος
3169 2647 3276 2698 τῶν
3336 2647 3539 2700 σκευῶν
3594 2645 3792 2719 Κυρίου
3850 2644 3927 2708 είς

2276 2724 2595 2797 Βαϐυλῶνα.
2625 2730 2693 2784 Οἱ
2744 2727 2802 2786 δὲ
2856 2731 3000 2805 ἃγιοι
3055 2736 3203 2807 τρεῖς
3266 2730 3456 2795 παῖδες
3513 2732 3624 2788 υἱοὶ
3680 2734 3926 2803 Ἐζεκίου

2277 2816 2429 2876 εἰσίν.
2464 2818 2552 2875 Ἐν
2583 2817 2684 2893 γὰρ
2741 2822 2822 2891 τῷ
2876 2818 3168 2890 ἀναστῆναι
3226 2816 3385 2876 αὐτὸν
3437 2821 3543 2877 ἀπὸ
3597 2829 3699 2893 τῆς
3735 2822 3927 2892 νόσου,

2276 2903 2596 2962 ἀποστεῖλαι
2637 2903 2693 2962 δὲ
2751 2908 2889 2983 πρὸς
2944 2909 3107 2964 αὐτὸν
3178 2907 3451 2987 Μαροδὰχ
3508 2911 3625 2974 υἱὸς
3673 2908 3928 2968 Βαλαδᾶν

2280 2994 2537 3070 βασιλεὺς
2593 2990 2926 3060 Βαϐυλῶνος
2982 2996 3281 3069 ἐπιστολὴν
3345 2999 3436 3055 καὶ
3519 2996 3670 3073 δῶρα
3724 3000 3932 3071 ἢκουσε

2274 3082 2376 3157 γὰρ
2436 3083 2522 3139 ὅτι
2579 3081 2924 3160 ἡρῥώστησε,
2977 3086 3068 3141 καὶ
3132 3084 3379 3162 ἀνέστη),
3439 3085 3706 3159 ὑπέδειξεν
3760 3087 3930 3150 αὐτὸς

518 3178 683 3234 chias
715 3196 923 3235 omnes
960 3196 1097 3235 suas
1139 3179 1373 3235 divitias
1398 3187 1574 3250 atque
1607 3180 1916 3237 thesauros
1948 3181 2165 3236 demon

2276 3176 2394 3232 τοῖς
2452 3168 2703 3246 ἀγγέλοις
2763 3168 3035 3253 Μαρεδᾶχ
3081 3172 3255 3230 πάντα
3302 3177 3395 3232 τὸν
3454 3180 3696 3232 πλοῦτον
3758 3175 3930 3232 αὐτοῦ

516 3268 738 3324 stravit.
770 3268 935 3333 Quod
967 3270 1188 3324 factum
1212 3269 1461 3324 moleste
1493 3269 1690 3326 ferens
1722 3270 1927 3336 Isaias,
1962 3271 2044 3325 ita
2076 3275 2169 3326 est

514 3374 712 3430 regem
733 3375 909 3414 suum
928 3359 1278 3415 allocutus“H
1304 3376 1360 3412 :«
1381 3359 1528 3415 Audi
1551 3376 1891 3416 sermonem
1907 3360 2163 3417 Domini.

518 3448 665 3501 Ecce
705 3453 945 3518 appetet
973 3449 1126 3503 196
1158 3448 1306 3515 dies,
1341 3465 1459 3519 qua
1489 3448 1585 3505 die
1639 3448 1841 3505 omnia
1870 3451 1941 3505 de
1988 3450 2165 3505 domo

523 3537 625 3587 tua
654 3532 1022 3598 auferentur,
1064 3549 1439 3605 quaecunque
1483 3536 1743 3607 majores
1774 3535 1858 3591 tui
1906 3535 1969 3589 in
2012 3535 2165 3591 hanc

521 3638 709 3692 usque
726 3621 882 3677 diem
902 3629 1559 3694 congresserunt.atque
1583 3625 1785 3681 omnia
1806 3624 2164 3697 Babylonem

525 3711 1017 3783 deportabantur.
1048 3712 1203 3778 Quin
1234 3718 1292 3769 et
1325 3712 1478 3769 ﬁlios
1511 3719 1642 3771 tuos
1672 3731 1707 3770 a
1735 3720 1792 3771 te
1822 3721 2164 3786 procreatus

521 3800 837 3867 abducent,
872 3806 930 3857 et
958 3803 1262 3858 eunuchos
1289 3804 1350 3858 in
1378 3805 1541 3877 regia
1571 3804 1923 3876 Babylonica
1952 3804 2167 3861 consti-

519 3895 712 3946 tuent.
745 3911 770 3943 ι
811 3893 981 3947 Anno
1012 3893 1177 3964 regni
1219 3892 1816 3950 Nabuchodonosoris
1861 3894 2162 3958 vicesimo,

523 3981 623 4052 qui
654 3979 767 4036 fuit
795 3981 867 4038 ab
900 3983 1143 4038 exordio
1175 3983 1383 4038 mundi
1426 4000 1621 4039 annus
1670 3985 1830 4052 4094,
1880 3984 2164 4039 Danielus

521 4071 675 4143 regis
706 4071 1003 4127 insomnia
1032 4071 1460 4144 interpretatus
1490 4078 1598 4129 est.
1632 4073 1941 4129 Sexdecim
1991 4073 2164 4129 annis

520 4165 656 4233 post
686 4166 805 4217 tres
837 4160 934 4217 isti
958 4162 1145 4218 sancti
1172 4163 1339 4234 pueri
1362 4163 1423 4217 in
1454 4162 1891 4219 inﬂammatum
1923 4162 2163 4219 furnum

521 4255 662 4306 sunt
701 4266 807 4306 con
811 4250 974 4322 jecti.
1004 4250 1446 4321 Balthasar,qui
1472 4258 1529 4307 et
1550 4251 1870 4324 Riniglisar
1888 4251 2164 4306 nomina-

520 4340 706 4407 tur,in
739 4340 1004 4396 convivio
1036 4355 1172 4394 cum
1204 4339 1328 4394 suis
1358 4338 1732 4410 principibus
1761 4356 1829 4394 ac
1850 4338 2163 4410 pellicibus

516 4426 731 4483 bibens
762 4428 834 4482 de
866 4426 1051 4482 sacris
1080 4426 1183 4481 Dei
1227 4427 1400 4495 vasis,
1458 4426 1670 4500 digitos
1701 4427 1963 4483 hominis
2022 4425 2166 4481 vidit

2273 3259 2363 3315 καὶ
2418 3258 2548 3323 τοὺς
2606 3260 2912 3333 Θησαυροὺς
2971 3263 3160 3322 αὐτοῦ.
3250 3265 3392 3338 Πρὸς
3443 3266 3502 3321 ὅν
3576 3264 3928 3341 λυπούμενος

2274 3352 2418 3407 εἶπεν
2449 3351 2675 3415 Ἡσαΐας
2705 3354 2733 3408 ὀ
2764 3356 3055 3431 προφήτης
3084 3382 3111 3409 ιι
3145 3361 3412 3414 Ἄκουσον
3472 3357 3641 3435 λόγον
3696 3358 3925 3433 Κυρίου.

2274 3439 2415 3499 Ἰδοὺ
2457 3442 2662 3516 ἡμέραι
2718 3436 3000 3522 ἔρχονται,
3055 3444 3148 3499 καὶ
3204 3442 3580 3524 ληφθήσονται
3638 3448 3809 3502 πάντα
3858 3449 3931 3503 τὰ

2274 3529 2327 3585 ἒν
2365 3534 2446 3603 τῷ
2496 3529 2634 3604 οἷ’κῳ
2687 3551 2806 3604 σου,
2863 3533 2956 3588 καί
3014 3531 3112 3588 ὅσα
3176 3533 3536 3612 ἐθησαύρισαν
3590 3537 3643 3591 οἱ
3698 3537 3932 3612 πατέρες

2274 3640 2371 3674 σου
2426 3615 2533 3683 ἕως
2586 3627 2688 3689 τῆς
2745 3619 2959 3694 ἡμέρας
3008 3623 3232 3694 ταύτης,
3287 3624 3378 3680 καὶ
3463 3624 3538 3687 εἷς
3623 3620 3931 3684 Βαϐυλῶνα

2272 3710 2758 3786 ἀπενεχθήσονταιο
2789 3710 2965 3769 Ἀλλᾶ
3002 3713 3093 3769 καὶ
3145 3713 3250 3771 ἀπὸ
3296 3718 3403 3770 τῶν
3464 3716 3599 3772 υἱῶν
3662 3737 3759 3772 σου
3814 3720 3929 3773 τῶν

2274 3798 2683 3872 ἐξεληλυθότων
2714 3801 2775 3856 ἐκ
2829 3804 2929 3855 σοῦ
2988 3798 3261 3877 λήψονται
3299 3804 3391 3860 καὶ
3441 3807 3735 3876 ποιήσουσι
3783 3806 3931 3862 σπά-

2274 3887 2466 3954 δοντας
2498 3888 2550 3945 ἐν
2577 3888 2659 3962 τῷ
2702 3888 2839 3962 οἴκῳ
2893 3895 2991 3946 τοῦ
3047 3891 3316 3956 βασιλέως
3366 3889 3713 3957 Βαϐυλῶνος.
3750 3919 3779 3947 ››
3830 3897 3930 3967 Τῷ

2273 3977 2327 4036 δὲ
2394 3979 2624 4052 εἰκοστῷ
2690 3977 2794 4035 ἔτει
2874 3983 2973 4051 τῆς
3063 3980 3344 4056 βασιλείας
3408 3978 3926 4060 Ναϐουχοδονόσορ,

2269 4068 2799 4146 τετρακισχιλιοστῷ
2858 4066 2916 4124 δὲ
2970 4069 3060 4125 καὶ
3117 4069 3450 4145 ἐνενηκοστῷ
3521 4072 3766 4147 τετάρτῳ
3820 4078 3921 4128 τοῦ

2271 4158 2504 4233 κόσμου,
2537 4156 2830 4233 διεσάφησε
2852 4158 2918 4214 τὰ
2957 4158 3170 4216 ἐνύπνια
3226 4161 3393 4217 αὐτοῦ
3449 4162 3477 4216 ὁ
3544 4161 3775 4232 Δανιὴλ.
3831 4165 3929 4235 Τῷ

2273 4245 2327 4303 δὲ
2356 4245 2890 4322 τετρακισχιλιοστῷ
2920 4248 3198 4321 ἑκατοστῷ
3250 4246 3458 4324 δεκάτῳ
3505 4247 3610 4308 ἔτει
3669 4252 3736 4307 τὰ
3787 4250 3925 4307 κατὰ

2270 4338 2372 4406 τήν
2400 4336 2628 4408 κάμινον
2659 4340 2766 4390 τῶν
2827 4336 2997 4414 ἁγίων
3055 4342 3222 4413 τριῶν
3277 4337 3485 4395 παίδων
3540 4339 3923 4417 ἐπράχθησαν.

2273 4428 2387 4483 T06
2432 4426 2531 4499 γᾶρ
2588 4422 2897 4499 Βαλτάσαρ,
2949 4425 3008 4489 ὅς
3065 4427 3158 4482 καὶ
3216 4427 3616 4505 Ῥινιγλίσαρος
3676 4428 3923 4506 ἐλέγετο,

518 4517 582 4572 in
608 4516 895 4587 parietem
942 4512 1291 4582 scribentes,
1352 4532 1530 4585 quam
1572 4517 1927 4587 scripturam
1986 4531 2162 4570 nemo

2273 4514 2520 4578 πίνοντος
2581 4513 2634 4570 ἓν
2691 4519 2810 4577 τοῖς
2855 4515 3027 4587 ἱεροῖς
3082 4516 3318 4574 σκεύεσιν
3377 4516 3532 4575 οἴκου
3592 4522 3799 4597 Κυρίου
3837 4519 3935 4576 σὺν

514 4610 733 4678 praeter
754 4619 941 4657 unum
965 4603 1280 4658 Danielum
1306 4604 1727 4677 interpretatus
1743 4606 1944 4662 est.Ita
1964 4611 2163 4662 autem

588 4729 637 4763 7°
664 4729 780 4784 Jer.
815 4744 953 4797 xxii,
1028 4728 1077 4765 ⁷⁸
1100 4731 1173 4786 IV
1206 4733 1344 4805 Reg.
1378 4749 1471 4801 xx,
1510 4735 1592 4803 l7,
1630 4735 1713 4790 18.

2270 4610 2388 4668 τοῖς
2423 4608 2741 4681 μεγιστᾶσιν
2772 4602 2940 4661 αὐτοῦ
2968 4606 3060 4661 καὶ
3091 4613 3209 4670 ταῖς
3261 4606 3575 4672 παλλακαῖς
3626 4631 3677 4665 εν
3726 4607 3934 4684 δείπνῳ

1717 4855 2085 4911 XYLANDRI
2125 4853 2209 4909 ET
2247 4852 2463 4910 GOARI
2502 4852 2723 4909 ΝΟΤᾹΞ.

587 4995 699 5067 (90)
730 4995 854 5052 Non
880 5013 1010 5052 esse
1032 4997 1119 5052 vel
1143 5014 1279 5053 vera
1305 4998 1395 5053 vel
1421 5000 1478 5054 in
1507 5000 1633 5055 loco
1655 5000 1835 5057 etiam
1859 5017 1964 5056 suo
1982 5000 2162 5057 allata

516 5082 585 5123 ea
616 5084 746 5140 qum
779 5068 1081 5145 deAJudtea
1107 5070 1338 5145 et‘urbe
1372 5073 1913 5145 Hierosolymorum
1948 5073 2158 5145 dispu-

516 5145 737 5224 tantur,
771 5142 954 5224 cuivis
986 5142 1360 5224 perspicuum
1413 5160 1542 5199 esse
1590 5142 1753 5216 puto.
1802 5145 1905 5200 Hic
1960 5142 2159 5224 autem

518 5213 860 5283 Hieronymi
884 5213 1219 5271 versionem
1243 5232 1371 5269 sum
1397 5213 1796 5284 secutus,cum
1822 5232 1989 5271 meus
2011 5216 2162 5272 liber
2214 5265 2221 5271 .

518 5284 1215 5364 haberetenigmata-Oete,
1251 5287 1690 5364 (lomplutensis
1713 5288 1869 5364 apud
1902 5288 2156 5364 Ilierem.

520 5354 1113 5435 ZupfszQsic,;A'rgent.
1147 5354 1518 5435 Συμχῲησὸείς,
1550 5376 1681 5435 qua)
1713 5354 1830 5416 duo
1876 5359 2161 5435 vocabula

518 5427 660 5499 guid
692 5427 1047 5499 signiﬁcent,
1080 5447 1201 5485 non
1231 5427 1427 5485 facile
1461 5427 1757 5499 dixerim;
1807 5436 1864 5488 et
1910 5432 2160 5488 minime

512 5496 667 5574 ferre
691 5496 854 5555 locus
876 5501 1106 5557 videtur
1122 5508 1187 5558 ut
1204 5501 1577 5574 deploratum
1599 5510 1701 5561 aut
1726 5496 2159 5574 complocatum

510 5573 828 5642 vertamus,
856 5589 988 5629 cum
1024 5573 1344 5645 Hesychius
1362 5574 1659 5648 ψιζομένην
1691 5573 1996 5632 annotarit
2025 5591 2156 5632 esse

2268 4996 2592 5083 κλαίουσαν,
2624 5004 2683 5084 e‘t
2737 4996 2927 5084 ψιοζδες
2973 5001 3131 5073 apud
3165 5002 3730 5084 .Homerpmhstillae
3787 5005 3931 5084 sint,

2271 5073 2610 5145 sanguinea:
2640 5069 2795 5145 Jovis
2827 5069 3125 5145 lacrymaa.
3156 5074 3322 5131 Iliad.
3365 5075 3437 5131 ll.
3486 5077 3615 5133 459.
3671 5069 3932 5134 Verbum

2269 5143 2687 5217 qvéi‘significat
2718 5143 2989 5217 λεπτύνω,
3017 5151 3085 5201 ut
3135 5146 3317 5202 Graaci
3352 5145 3613 5217 tradunt,
3660 5155 3929 5204 attenuo.

2271 5216 3003 5293 Ilehraicumnﬁnpindicat
3023 5218 3145 5273 fore
3159 5224 3224 5273 ut
3237 5224 3487 5293 tractum
3506 5216 3613 5293 seu
3632 5226 3932 5293 raptatum

2270 5287 2644 5364 projiciatur,
2663 5288 2827 5343 nulla
2854 5305 3097 5364 prorsus
3117 5290 3447 5364 putredinis
3470 5287 3932 5364 significatione,

2269 5364 2335 5434 ut
2356 5360 2654 5434 conjicere
2675 5375 2970 5434 nequeam
2996 5360 3086 5416 vel
3108 5361 3249 5431 quid
3278 5360 3668 5434 Hieronymus
3691 5370 3934 5419 secutus

2270 5431 2366 5518 sit,
2399 5431 2490 5485 vel
2521 5431 2820 5518 q‘uom‘odo
2852 5432 2913 5515 in_
2945 5432 3148 5500 Graeca
3174 5434 3445 5518 versione
3476 5431 3793 5518 [egent-lum
3826 5436 3930 5518 sit.

2268 5504 2413 5630 fiam
2442 5502 2630 5629 ngztri
2664 5501 2916 5560 Cedreni
2948 5520 3057 5561 vox
3078 5521 3322 5577 prorsus
3352 5510 3463 5561 est.
3490 5501 3759 5567 Viderint
3774 5507 3933 5581 peri-

2294 5591 2469 5630 iores.
2559 5589 2645 5630 γι..

2294 5591 2469 5631 IOI‘BS.
2506 5589 2645 5630 AYL.
