4186 6190
331 287 447 346 233
1515 284 1878 346 HISTORIA
1891 285 2054 346 RUM
2103 287 2621 352 COMPENDIUM
2633 333 2650 350 .
3621 306 3738 365 234

329 413 468 472 εἶδεν
497 413 791 488 ἀνθρώπου
823 410 1128 475 δακτύλους
1169 414 1478 490 γράφοντας
1534 413 1586 468 ἐν
1643 417 1722 486 τῷ
1778 430 1979 492 τοιχῳ·

2098 418 2296 474 habet.
2329 421 2482 476 Mani
2516 437 2529 474 :
2563 421 2674 477 hoc
2713 427 2802 478 est
2849 425 3025 492 Deus,
3076 427 3384 486 dimensus
3438 438 3528 487 est
3574 440 3741 492 tuum

333 507 404 563 ὦν
459 509 561 576 τήν
654 507 871 583 γραφὴν
934 505 1100 578 μόνος
1160 504 1366 574 Δανιὴλ
1408 507 1771 579 ἡρμήνευσεν.
1833 507 1991 580 Ἔχει

332 595 388 651 ὃὶ
420 595 620 660 οὕτως·
663 595 820 650 Μανί·
853 593 883 648 ὅ
913 595 1080 664 ἐστιν,
1145 595 1474 668 Ἐμὲτρησεν
1506 595 1534 647 ὁ
1566 595 1697 654 Θεὸς
1725 593 1826 661 τὴν
1889 595 1991 667 βα-

334 684 540 741 σιλείαν
585 705 682 740 σου
712 684 803 739 καὶ
833 681 1154 760 ἐπλήρωσεν
1185 682 1375 753 αὐτήν.
1431 681 1618 738 Θεκέλ·
1675 683 1781 739 Καὶ
1837 681 1992 736 ἐστά-

331 773 618 848 θμησενέν
665 777 812 849 ζυγῷ
869 773 960 828 καὶ
1009 771 1199 846 εὑρέθη
1265 773 1576 847 ὑστεροῦσα.
1639 772 1834 846 Φαρίς·
1898 779 1989 825 Διο

331 866 540 938 ᾕρηται
567 867 602 934 ἡ
640 863 894 940 βασιλεία
925 884 1021 918 σου
1050 863 1142 918 καὶ
1172 861 1335 933 ἐδόθη
1370 860 1583 933 Μήδοις
1611 863 1701 918 καὶ
1735 863 1984 938 Πέρσαις.

402 953 958 1027 Αίχμαλωτισθείσης
1039 959 1140 1022 τῆς
1221 952 1588 1026 Ἰερουσαλὴμ
1667 951 1933 1028 Ἰερεμίας
1969 995 1984 1020 ,

325 1043 502 1098 καίτοι
560 1040 748 1098 πολλὰ
830 1042 975 1116 παρᾶ
1061 1046 1171 1096 τῶν
1258 1039 1550 1099 Χαλδαίων
1617 1041 1982 1115 ἀναγκασθεὶς,

329 1129 618 1205 ᾑρετίσατο
653 1129 868 1204 μᾶλλον
906 1131 1041 1203 μετὰ
1083 1135 1192 1185 τῶν
1239 1128 1708 1194 καταλειφθέντιῖη
1740 1131 1982 1200 πενήτων

325 1223 705 1293 ἓναπομεῖναι.
739 1221 838 1277 Καὶ
894 1219 970 1281 ὡς
1028 1220 1188 1275 αὐτὸν
1249 1220 1326 1282 εἰς
1394 1220 1487 1274 τὸν
1544 1214 1812 1292 βόρϐορον
1871 1221 1982 1291 (91)

321 1305 586 1378 ἔϐαλλον,
642 1307 985 1384 πολόστιχον
1052 1304 1270 1382 βιϐλίον
1331 1309 1597 1380 συνέταξε.
1653 1310 1803 1363 Κατά
1857 1309 1983 1367 τοὺς

320 1401 548 1474 καιροὺς
611 1397 852 1461 ἐκείνους
927 1399 1018 1453 καὶ
1079 1399 1342 1468 Ἰεζεκιήλ
1401 1398 1428 1452 ὀ
1492 1397 1763 1457 Θειότατος
1820 1397 1986 1472 αἰχμ-

327 1488 544 1549 άλωτος
574 1488 855 1564 ἀναχθεὶς,
888 1488 979 1542 ὲπὶ
1007 1492 1106 1542 τοῦ
1131 1491 1384 1560 ποταμοῦ
1413 1487 1604 1562 λαχὼν
1649 1490 1744 1542 τοῦ
1775 1481 1981 1560 Χοϐἁρ,

2102 510 2566 581 regnum,idque
2597 512 2865 571 absolvit.
2890 517 3140 572 Thecel:
3173 519 3235 574 in
3268 523 3490 578 trutina
3519 527 3745 580 exami-

2103 597 2284 659 navit.
2318 615 2386 653 ac
2443 599 2882 671 deprehensum
2914 610 3005 659 est
3059 605 3117 660 id
3150 605 3424 666 deﬁcere.
3475 612 3696 668 Phares
3729 631 3743 669 :

2101 685 2430 742 abscissum
2447 695 2540 743 est
2557 705 2805 762 regnum
2821 699 2989 748 tuum
3005 695 3306 767 Medisque
3323 705 3382 754 et
3401 701 3603 756 Persis
3623 708 3746 758 tra-

2102 773 2312 831 ditum.
2330 778 2519 848 Atque
2534 795 2603 834 ea
2615 779 2744 850 ipsa
2755 787 2928 836 nocte
2941 782 3290 842 interfectus
3306 794 3396 842 est
3411 789 3739 850 Balthasar.

2167 949 2589 1021 Hierosolymis
2637 953 2823 1023 captis
2843 955 3390 1022 Jeremias,tametsi
3415 975 3549 1013 eum
3570 961 3740 1016 vehe-

2099 1044 2326 1093 menter
2355 1046 2633 1111 urgerent
2657 1041 2935 1105 Chaldaei.
2971 1049 3168 1100 tamen
3196 1046 3455 1116 praetulit
3485 1047 3564 1102 ibi
3599 1065 3735 1104 cum

2095 1127 2316 1182 relictis
2341 1129 2543 1199 egenis
2574 1133 3215 1203 permanere.Cumque
3248 1141 3404 1189 esset
3426 1135 3490 1190 in
3519 1138 3739 1208 voragi-

2094 1232 2230 1271 nem
2254 1217 2829 1291 abjectus,magnum
2851 1219 3069 1275 librum
3092 1224 3444 1292 composuit.
3471 1225 3550 1279 Eo
3583 1231 3737 1280 tem-

2095 1322 2235 1376 pore
2268 1306 2447 1361 etiam
2479 1306 2888 1362 divinissimus
2937 1305 3275 1365 Ezechielus
3324 1311 3588 1383 captivus
3636 1313 3740 1368 ab-

2094 1394 2330 1462 ductus,
2363 1411 2498 1450 cum
2529 1395 2604 1452 ad
2643 1396 2888 1452 ﬂuvium
2916 1397 3246 1454 Chobarem
3282 1399 3543 1472 degeret,
3575 1401 3737 1457 oculis

2093 1485 2205 1555 ipsi
2231 1486 2452 1557 apertis
2485 1486 2859 1557 majestatem
2891 1488 2992 1544 Dei
3025 1489 3188 1555 vidit,
3220 1497 3458 1546 ventum
3489 1508 3525 1546 a
3554 1492 3737 1548 Borca

323 1575 703 1653 διανοιγέντων
735 1576 886 1649 αὐτῷ
939 1582 1048 1632 τῶν
1107 1575 1374 1648 οὐρανῶν,
1437 1573 1550 1631 εἶδε
1608 1573 1763 1645 δόξαν
1825 1579 1979 1645 Θεοῦ,

2094 1575 2248 1630 αοο
2278 1576 2978 1649 venientem,nubemque
3001 1579 3062 1634 in
3094 1597 3163 1635 eo
3186 1585 3244 1636 et
3266 1581 3644 1652 splendorem
3671 1583 3734 1637 in

325 1669 534 1737 πνεῦμα
573 1665 877 1740 ἐρχόμενον
905 1663 1011 1718 ἀπὸ
1069 1663 1260 1740 βορρᾶ,
1309 1664 1400 1718 καὶ
1464 1662 1696 1742 νεφέλην
1725 1661 1779 1717 ἂν
1809 1662 1979 1734 αὐτῷ,

319 1755 408 1810 καὶ
470 1754 672 1832 φέγγος
757 1751 1042 1821 κυκλόθεν,
1125 1754 1225 1822 τὴν
1285 1749 1493 1827 Τριάδα
1546 1751 1978 1830 φανταζόμενος.

323 1843 472 1899 Ἐκεῖ
501 1843 592 1896 καὶ
622 1846 732 1897 τῶν
767 1837 1043 1918 χερουϐἰμ
1074 1838 1210 1896 εἶδεν
1274 1841 1645 1909 ὑποτύπωσιν,
1697 1841 1753 1893 ἓν
1813 1859 1978 1914 προσο

324 1933 460 2003 ώπῳ
491 1931 783 2004 ἀνθρώπου
821 1931 910 1985 καὶ
978 1929 1195 2005 μόσχου
1253 1929 1342 1983 καὶ
1402 1926 1620 1991 λάοντος
1673 1927 1765 1982 καὶ
1823 1929 1980 1983 ἀετοῦ

325 2018 808 2092 ύποτυπουμὲνην.
871 2017 1140 2094 Ὑπεράνω
1189 2015 1248 2072 δὲ
1305 2017 1535 2087 τούτων,
1591 2017 1666 2078 ὡς
1715 2014 1854 2079 εἶδος
1886 2016 1979 2071 ἆν-

321 2109 573 2184 Θρώπου,
604 2109 699 2164 τὸν
730 2108 861 2163 Θεὸν
893 2108 1174 2183 ἄνθρωπον
1209 2107 1350 2182 ὁρῶν
1383 2105 1452 2160 δι’
1491 2107 1658 2160 αὐτοῦ
1689 2108 1981 2182 προφήτης

387 2197 541 2252 Μετὰ
601 2194 661 2252 δὲ
755 2197 1011 2268 Ἰωακεὶμ
1087 2190 1436 2251 ὶϐασίλευσεν
1526 2194 1788 2269 Ἰεχονίας
1861 2195 1976 2257 υἱὸς

317 2287 507 2354 αύτοῦ,
541 2289 570 2342 ὁ
622 2287 710 2342 καὶ
763 2288 1036 2358 Ἰωακεὶμ,
1089 2283 1178 2340 διὰ
1217 2289 1638 2361 προστάγματος
1694 2279 1978 2359 Ναϐουχο-

318 2373 570 2449 δονόσορ.
620 2375 727 2432 Καὶ
769 2373 990 2445 ἐποίησε
1043 2374 1107 2430 τὸ
1164 2375 1400 2448 πονηρὸν
1457 2374 1688 2428 ἐνώπιον
1748 2373 1974 2448 Κυρίου.

318 2467 416 2521 Καὶ
451 2467 576 2542 περὶ
605 2465 736 2529 τοὺς
792 2465 991 2542 φόρους
1048 2465 1535 2538 ἀγνωμονήσαντος
1593 2463 1758 2518 αὐτοῦ
1813 2460 1979 2536 ἦλθεν

317 2553 472 2616 αὖθις
533 2551 1028 2630 Ναϐουχοδονόσορ
1086 2555 1162 2617 εἰς
1210 2557 1308 2623 τήν
1368 2550 1531 2608 πόλιν
1588 2551 1975 2625 Ἰερουσαλήμ,

313 2645 404 2698 καὶ
436 2646 526 2716 [Ρ.
591 2647 714 2716 114]
782 2642 1097 2718 ἐπολιόρκει
1154 2641 1341 2714 αὐτήν.
1401 2642 1543 2716 Πρὸς
1604 2641 1661 2695 ὃν
1714 2639 1976 2715 Ἰεχονίας

316 2732 513 2803 ἱξήλυε
544 2733 638 2787 σὺν
671 2733 840 2808 μητρῖ
879 2732 970 2788 καὶ
1021 2733 1237 2794 τὲκνοις
1285 2733 1372 2787 καὶ
1435 2736 1553 2792 τοῖς
1585 2726 1847 2805 ἄρχουσιν
1880 2729 1974 2784 αύ-

312 2827 433 2878 τοῦ.
491 2821 594 2878 Καὶ
681 2822 938 2891 εἰσῆλθον
997 2824 1048 2876 οἱ
1111 2827 1424 2896 μεγιστᾶνες
1489 2814 1974 2896 Ναϐουχοδονόσορ

315 2913 392 2973 εἰς
419 2912 523 2980 τὴν
553 2911 738 2978 πόλιν⁹
780 2911 873 2966 καὶ
930 2911 1220 2987 ἐξήνεγκαν
1272 2911 1400 2973 τοὺς
1432 2909 1740 2984 θησαυροὺς
1777 2909 1976 2985 Κυρίου

318 3003 408 3057 καὶ
453 3006 552 3057 τοῦ
610 2999 880 3076 βασιλέως
944 3001 1032 3056 καὶ
1083 3003 1150 3056 τὰ
1207 3006 1386 3076 χρυσᾶ
1443 2999 1606 3071 σκεύη
1667 2999 1700 3054 ἃ
1752 2999 1979 3069 εποίησε

318 3093 595 3165 Σολομὼν
653 3090 704 3146 ἐν
762 3092 876 3164 ναῷ
935 3092 1130 3166 Κυρίου
1170 3133 1183 3147 .
1253 3091 1362 3148 Τὸν
1431 3088 1489 3146 δέ
1547 3087 1797 3145 Σεδεκίαν
1858 3088 1977 3144 ἀντὶ

310 3182 594 3258 Ἰεχονίου
651 3183 990 3252 καταστήσας
1075 3181 1350 3254 ἀπῴκισεν
1421 3179 1682 3255 Ἰεχονίας
1751 3179 1825 3242 εἷς
1876 3186 1980 3234 Βα-

323 3265 552 3326 ϐυλῶνα
586 3272 675 3326 καὶ
733 3273 832 3340 τὴν
895 3273 1102 3345 μητερα
1130 3269 1218 3325 καὶ
1273 3271 1400 3331 τοὺς
1459 3267 1730 3348 ἄρχοντας
1788 3269 1977 3340 αὐτοῦ,

323 3360 724 3434 βασιλεύσαντα
757 3367 933 3433 μῆνας
969 3366 1137 3436 τρεῖς.
1199 3359 1331 3433 Περὶ
1382 3359 1444 3414 οὗ
1493 3359 1653 3414 πολιν
1711 3358 1978 3432 Ἱερεμίας

320 3444 528 3525 ἔλεγεν·
562 3475 590 3501 «
623 3449 904 3522 Ἣτιμώθη
955 3449 1216 3524 ’[εχονίας
1249 3448 1323 3510 ὡς
1374 3452 1560 3508 σκεῦος
1591 3447 1653 3502 οὗ
1711 3445 1809 3502 οὐκ
1831 3450 1974 3502 ἔστιν

323 3540 510 3612 χρεία,
543 3537 922 3617 δτιάπερῥίφη
976 3537 1068 3592 καὶ
1122 3532 1389 3608 ἐξεϐλήθη
1450 3537 1525 3597 εἰς
1581 3542 1708 3610 γῆν,
1764 3536 1829 3604 ἢν
1881 3535 1980 3591 οὐκ

320 3625 469 3700 ᾔδει,
498 3627 646 3704 λέγει
695 3629 917 3694 Κύριος.
964 3628 1062 3696 Γή,
1113 3634 1210 3702 γῆ,
1268 3624 1497 3682 ἄκουσον
1547 3624 1710 3701 λόγον
1755 3624 1976 3699 Κυρίουο

325 3719 538 3792 γράψον
568 3718 660 3772 τὸν
686 3714 856 3791 ἄνδρα
903 3721 1098 3772 τοῦτον
1160 3715 1494 3790 ἐκκήρυκτον
1553 3713 1858 3789 ἄνθρωπον,
1894 3714 1976 3770 ὅτι

329 3806 390 3860 οὐ
421 3809 500 3878 μή
539 3805 747 3880 αὐξηθῇ
808 3805 869 3862 ἐκ
920 3810 1017 3860 τοῦ
1077 3805 1385 3882 σπέρματος
1441 3805 1607 3858 αὐτοῦ
1662 3803 1798 3877 ἀνὴρ
1852 3806 1978 3859 καθο

325 3898 530 3968 ήμενος
563 3894 651 3948 ἐπὶ
682 3894 873 3969 θρόνου
905 3889 1094 3963 Δαϐὶδ,
1153 3891 1341 3968 ἄρχων
1397 3888 1476 3948 ἔτι
1525 3891 1578 3947 ἰν
1608 3896 1688 3964 τῷ
1718 3889 1910 3963 Ἰούδᾳ.
1953 3917 1974 3943 ι

325 3985 478 4041 Μετὰ
508 3981 567 4038 δὲ
593 3983 855 4059 Ἰεχονίαν
895 3979 1237 4038 ἐϐασίλευσεν
1293 3979 1545 4044 Σεδεκίας
1603 3978 1981 4058 πατράδελφος

325 4072 513 4140 αὐτοῦ,
598 4074 688 4127 καὶ
745 4072 975 4142 εποίησε
1028 4071 1091 4126 τὸ
1148 4071 1390 4145 πονηρὸν
1447 4068 1678 4125 ἐνώπιον
1757 4070 1977 4143 Κυρίου.

324 4163 422 4216 Καὶ
481 4161 606 4237 περὶ
634 4163 737 4230 τὴν
778 4161 1117 4239 φορολογίαν
1177 4160 1440 4224 ὡσαύτως
1497 4156 1982 4234 παρασπονδήσαν-

325 4271 419 4311 τος
450 4250 618 4307 αύτοῦ
675 4249 814 4320 ἦλθε
868 4249 1034 4306 πάλιν
1095 4246 1591 4328 Ναϐουχοδονόσορ
1647 4248 1723 4313 εἷς
1777 4253 1978 4323 Ἰερου-

329 4338 540 4412 σαλήμ,
574 4339 664 4394 καὶ
699 4337 1013 4416 ἐπολιόρκει
1055 4337 1221 4406 αὐτὴν
1264 4334 1358 4408 ἔτη
1421 4334 1536 4394 δύο.
1597 4337 1702 4392 Καὶ
1759 4357 1981 4411 προφη-

325 4429 514 4493 τεύσας
569 4429 832 4503 Ἱερεμίας
905 4431 1005 4499 τήν
1079 4426 1287 4483 ἅλωσιν
1344 4433 1444 4496 τῆς
1499 4425 1716 4488 πόλεως
1776 4425 1976 4500 δέσμος

324 4515 537 4590 ἐϐλήθη
583 4520 688 4574 ὑπὸ
721 4517 975 4574 Σεδεκίου
1015 4518 1068 4574 ἐν
1097 4518 1304 4591 λάκκῳ.
1337 4517 1484 4573 Μετᾶ
1515 4514 1572 4572 δὲ
1625 4517 1687 4572 τὸ
1745 4514 1975 4587 λυθῆναι

329 4609 484 4664 αὑτὸν
512 4613 613 4664 τοῦ
664 4607 889 4682 δεσμοῦ,
950 4603 1134 4664 λαϐὼν
1189 4611 1288 4678 τήν
1325 4602 1560 4662 κιϐωτὸν
1619 4605 1708 4661 καὶ
1764 4607 1827 4662 τὸ
1884 4619 1976 4671 θυ-

330 4700 646 4774 σιαστήριον
695 4700 783 4754 καὶ
814 4699 913 4768 τήν
940 4699 1206 4773 τράπεζαν
1239 4697 1329 4752 καὶ
1361 4697 1458 4765 τὴν
1530 4694 1761 4774 Λυχνίαν
1795 4695 1855 4750 ὲκ
1881 4698 1978 4750 τοῦ

330 4792 456 4842 ναοῦ
483 4787 538 4843 ἐν
571 4787 729 4865 λόγῳ
779 4788 1000 4862 Κυρίου,
1037 4787 1342 4860 μέλλουσαν
1373 4787 1474 4854 τὴν
1525 4783 1688 4839 πόλιν
1714 4781 1822 4855 ἤδη
1875 4805 1976 4838 πα-

328 4871 790 4950 ραλαμϐάνεσθαι,
846 4877 1175 4950 κατέκρυψεν
1258 4874 1312 4931 ὲν
1376 4871 1570 4947 ἀδήλῳ
1651 4872 1826 4945 τόπῳ’
1887 4872 1977 4927 καὶ

333 4966 436 5045 οὐχ
492 4965 788 5041 εύρέθησαν
843 4964 942 5036 ἔτι,
1010 4966 1086 5030 ὡς
1136 4968 1171 5034 ἡ
1227 4969 1336 5020 τῶν
1393 4959 1724 5022 Μακαϐαίων
1782 4957 1976 5036 βίϐλος

334 5051 504 5132 λέγει,
559 5056 621 5114 Ὁ
691 5053 748 5111 δέ
803 5077 868 5131 γε
923 5051 1418 5130 Ναϐουχοδονόσορ
1485 5046 1818 5127 παραλαϐὼν
1876 5052 1977 5121 τὴν

331 5143 490 5199 πόλιν
547 5144 806 5220 ἐνέπρησε
862 5145 1056 5201 πᾶσαν.
1132 5145 1237 5200 Τὸν
1297 5140 1355 5198 δὲ
1391 5140 1646 5198 Σεδεκίαν
1702 5140 1978 5219 χειρωσά-

337 5254 517 5306 μενος,
564 5237 666 5304 τήν
723 5237 819 5310 μὶν
874 5241 1102 5311 γυναῖκα
1156 5236 1246 5291 καὶ
1300 5235 1368 5290 τὰ
1421 5232 1581 5289 τὲκνα
1637 5231 1802 5288 αὐτοῦ
1858 5233 1986 5288 κατ’

404 5361 448 5394 ⁷³
475 5362 593 5417 Jer.
622 5379 762 5430 χιιι,
797 5363 885 5417 18.

2087 1663 2293 1719 orbem
2325 1665 2900 1730 circumfusum.Quo
2933 1668 3056 1723 viso
3087 1670 3434 1726 Trinitatem
3475 1677 3564 1726 est
3594 1672 3735 1727 ima-

2086 1753 2432 1824 ginatus.lbi
2447 1761 2506 1810 et
2517 1756 2979 1814 Cherubinorum
2990 1759 3134 1814 vidit
3145 1763 3736 1831 repraasentationem

2087 1840 2148 1895 in
2169 1841 2360 1898 forma
2377 1843 2654 1914 hominis,
2686 1846 2874 1915 vituli,
2907 1847 3098 1903 leonis
3117 1854 3176 1904 et
3193 1849 3430 1920 aquilae,
3454 1867 3522 1905 ac
3553 1867 3734 1922 supra

2087 1931 2195 1986 hos
2209 1932 2518 2002 quemdam
2533 1934 2792 1990 humana
2805 1936 3306 2007 specie,nimirum
3319 1939 3506 1994 Deum
3520 1939 3620 2009 qui
3635 1939 3735 1994 hu-

2088 2035 2326 2075 manam
2350 2025 2624 2077 naturam
2643 2022 3138 2094 induit,cernens,
3153 2025 3253 2097 qui
3279 2042 3414 2081 eum
3436 2026 3733 2082 Israelicis

2085 2113 2275 2162 vatem
2288 2110 2596 2164 constituit
2617 2111 3070 2184 futurorumque
3102 2115 3428 2186 cognitioni
3452 2115 3728 2172 initiavit.

2160 2195 2294 2251 Post
2330 2199 2659 2254 Joacimum
2686 2200 2998 2257 Jechonias
3030 2202 3187 2258 illius
3216 2203 3367 2274 ejus,
3391 2204 3486 2259 cui
3517 2211 3575 2260 et
3603 2205 3730 2260 Joa-

2087 2285 2281 2340 chimo
2305 2302 2522 2342 nomen
2546 2288 2674 2355 fuit,
2676 2288 2848 2358 jussu
2867 2289 3470 2348 Nabuchodonosoris
3483 2309 3732 2366 regnum

2086 2373 2332 2442 accepit.
2370 2374 2523 2428 Vixit
2553 2380 2612 2430 et
2651 2375 2776 2446 ipse
2808 2376 3075 2447 impie,et
3105 2378 3392 2434 tributum
3430 2380 3590 2435 mala
3614 2380 3729 2434 fide

2085 2461 2386 2532 persolvit.
2425 2463 2750 2534 Eapropter
2801 2465 2874 2520 ad
2917 2466 3324 2537 Hierosolyma
3355 2484 3560 2522 rursus
3589 2485 3725 2523 cum

2087 2549 2347 2604 exercitu
2371 2549 2911 2606 Nabuchodonosor
2933 2553 3183 2609 accessit
3201 2554 3530 2626 urbemque
3561 2555 3727 2610 obse-

2085 2636 2190 2692 dit.
2222 2638 2376 2693 Exiit
2404 2637 2478 2694 ad
2507 2656 2645 2696 cum
2672 2641 2986 2698 Jechonias
3017 2659 3152 2698 cum
3185 2648 3392 2708 matre,
3426 2643 3632 2700 liberis
3660 2650 3722 2700 et

2085 2727 2545 2798 primoribus.Et
2561 2730 2662 2800 qui
2687 2736 2858 2785 erant
2878 2731 3034 2802 apud
3059 2731 3723 2801 Nabuchodonosorem,

2085 2816 2262 2886 primi
2279 2816 2337 2870 in
2361 2815 2835 2889 urbemingressi
2853 2819 3167 2875 thesauros
3189 2825 3309 2876 tam
3328 2837 3526 2876 sacros
3547 2838 3727 2892 quam

2084 2905 2278 2976 regios
2327 2907 2646 2978 omniaque
2676 2923 2857 2963 aurea
2905 2907 3112 2980 templi
3155 2910 3257 2965 Dei
3303 2910 3724 2980 instrumenta,

2085 3010 2214 3064 qua)
2246 2993 2522 3051 Salomon
2550 2995 2789 3066 fecerat,
2826 3004 3230 3069 exportarunt.
3263 2998 3613 3056 Sedechiam
3645 3017 3732 3058 re-

2083 3103 2197 3159 gno
2230 3087 2521 3144 Barbarus
2568 3088 2856 3160 praefecit,
2884 3091 3185 3158 Jechonia,
3233 3107 3368 3147 cum
3402 3092 3450 3146 is
3489 3107 3728 3149 menses

2085 3183 2204 3232 tres
2233 3194 2482 3250 regnum
2539 3180 2836 3252 gessisset,
2873 3198 2994 3236 una
3048 3198 3183 3238 cum
3217 3188 3405 3238 matre
3461 3187 3521 3237 et
3548 3183 3721 3253 prin-

2084 3267 2314 3339 cipibus
2340 3269 2699 3340 Babylonem
2726 3270 3054 3342 deportato.
3078 3272 3159 3326 De
3185 3271 3297 3327 hoc
3324 3271 3608 3327 Jechonia
3637 3272 3722 3327 sic

2081 3356 2364 3411 Jeremias
2381 3359 2779 3428 pronuntiavit
2795 3360 2842 3394 ⁷³
2867 3375 2926 3414 ;‹‹
2958 3359 3190 3416 Nullius
3211 3360 3385 3431 pretii
3406 3366 3497 3416 est
3512 3359 3724 3416 Jecbo-

2083 3445 2488 3516 nias.perinde
2519 3453 2696 3518 atque
2726 3465 2825 3503 vas
2854 3448 3039 3504 nullis
3069 3448 3274 3512 usibus
3306 3449 3723 3506 idoneum.Est

2083 3533 2242 3588 enim
2275 3533 2559 3600 ab'ectus,
2592 3541 2652 3590 et
2681 3536 2905 3607 ejectus
2935 3537 2997 3592 in
3028 3544 3248 3594 terram
3294 3538 3407 3594 sibi
3439 3538 3723 3611 ignotam,

2084 3623 2157 3677 ad
2183 3623 2489 3677 Dominus.
2524 3625 2567 3678 Ο
2600 3630 2777 3690 terra,
2827 3632 3005 3690 terra.
3037 3627 3174 3682 audi
3223 3645 3562 3683 sermonem
3591 3628 3722 3682 Dei.

2083 3712 2282 3768 Scribe
2330 3712 2488 3768 hunc
2547 3714 2873 3776 hominem,
2929 3716 3119 3772 virum
3171 3717 3558 3773 abdicatum:
3605 3735 3725 3773 non

2085 3801 2243 3856 enim
2264 3818 2529 3873 unquam
2553 3819 2623 3858 ex
2647 3804 2875 3859 semine
2898 3805 3028 3875 ejus
3049 3805 3350 3861 adolescet
3388 3806 3494 3872 vir,
3528 3806 3629 3875 qui
3661 3807 3724 3860 in

2084 3890 2231 3946 solio
2265 3890 2538 3946 Davidico
2571 3891 2774 3948 sedeat
2813 3899 2917 3949 aut
2945 3910 3118 3964 porro
3168 3894 3229 3948 in
3257 3894 3407 3950 Juda
3449 3893 3728 3964 princeps

2084 3983 2161 4038 sit
2200 4004 2228 4032 »
2261 3984 2408 4055 Ergo
2439 3988 2574 4055 post
2599 3983 2942 4038 Jechoniam
2974 3991 3220 4056 patruus
3247 3985 3376 4054 ejus
3408 3984 3726 4040 Sedechias

2082 4072 2370 4144 regnavit,
2397 4071 2498 4141 qui
2548 4078 2606 4127 et
2644 4073 2770 4142 ipse
2825 4074 3006 4128 Deum
3057 4090 3163 4128 sua
3211 4073 3327 4128 vita
3370 4073 3622 4130 offendit
3668 4081 3728 4130 et

2083 4161 2240 4235 pacti
2259 4162 2460 4217 tributi
2480 4162 2657 4218 ﬁdem
2676 4163 2824 4219 201
2850 4162 3082 4218 fefellit.
3115 4165 3367 4218 Rursum
3387 4164 3586 4234 itaque
3617 4163 3726 4219 Na-

2085 4252 2542 4308 buchodonosor
2565 4251 2638 4307 ad
2670 4252 3072 4324 Hierosolyma
3103 4254 3371 4316 accessit,
3396 4253 3726 4326 urbemque

2087 4343 2398 4398 biennium
2419 4342 3013 4411 obsedit.Jeremiam,
3043 4343 3169 4398 fore
3198 4349 3267 4398 ut
3294 4343 3434 4399 urbs
3459 4345 3730 4415 capiatur

2087 4433 2850 4501 vaticinantem,Sedechias
2868 4433 3126 4488 vinctum
3153 4434 3212 4488 in
3241 4434 3468 4490 foveam
3491 4434 3728 4504 abjecit.

2087 4525 2140 4577 Is
2171 4530 2488 4594 postquam
2533 4523 2762 4578 solutus
2794 4528 2904 4585 est.
2941 4523 3193 4594 jamjam
3225 4522 3516 4596 capienda
3559 4527 3728 4592 urbe,

2079 4611 2252 4683 jussu
2285 4611 2387 4668 Dei
2413 4627 2805 4674 arcam.aram
2837 4617 2896 4666 et
2924 4628 3192 4667 mensam
3226 4618 3284 4666 et
3315 4611 3623 4667 lucernam
3654 4611 3726 4665 de

2088 4700 2306 4770 templo
2345 4699 2611 4766 abstulit,
2645 4705 2702 4753 et
2731 4699 2863 4754 loco
2913 4700 3110 4772 ignoto
3151 4701 3503 4765 occultavit;
3535 4713 3730 4769 neque

2087 4788 2299 4844 deinde
2335 4804 2405 4843 ea
2433 4789 2670 4844 inventa
2701 4794 2858 4856 sunt,
2900 4789 2986 4844 uti
3032 4789 3274 4860 quidem
3307 4788 3458 4842 liber
3507 4785 3731 4841 Macha-

2086 4877 2350 4933 bzeorum
2382 4877 2739 4935 tradit.Urbe
2771 4879 2994 4949 potitus
3026 4877 3568 4934 Nabuchodonosor
3598 4889 3727 4929 eam

2088 4973 2268 5024 totam
2319 4967 2598 5024 incendio
2637 4968 2902 5024 vastavit.
2949 4967 3296 5024 Sedechiam
3336 4982 3470 5022 vero
3519 4968 3729 5020 nactus

2087 5074 2331 5114 uxorem
2374 5057 2504 5129 ejus
2554 5063 2614 5113 et
2641 5057 2859 5113 liberos
2908 5057 3036 5129 ipso
3084 5057 3310 5112 vivente
3368 5053 3732 5110 trucidavit:

2088 5151 2213 5202 tum
2245 5146 2358 5220 ipsi
2378 5147 2582 5203 oculos
2604 5147 2780 5214 eruit,
2816 5152 2992 5218 atque
3017 5146 3077 5202 in
3099 5145 3349 5201 vinculis
3372 5143 3733 5218 Babylonem

2089 5236 2355 5304 abduxit,
2387 5254 2522 5294 cum
2554 5237 2606 5293 is
2637 5236 2962 5293 triennium
3021 5237 3395 5308 imperasset.
3441 5232 3734 5306 Populum

1532 5449 1898 5504 XYLANDRI
1940 5450 2027 5504 ΕΤ
2063 5449 2273 5504 GNARI
2314 5451 2532 5505 ΝΟΤᾸΞ.

405 5535 827 5615 (91)Βόρϐορυς
867 5555 1110 5615 caenum
1143 5537 1630 5614 signiﬁcat,-fuit
1659 5542 1856 5594 autem
1917 5537 1976 5592 in
2019 5538 2250 5594 foveam
2308 5540 2638 5611 conjectus,
2695 5557 2816 5596 non
2875 5556 3030 5612 aqua
3079 5540 3180 5596 sed
3239 5557 3404 5596 caeno
3464 5538 3741 5604 obsitam,

325 5610 540 5669 Jerem.
573 5610 804 5670 xixviu.
837 5614 971 5670 Χη.

645 5725 913 5787 Panos.
960 5726 1076 5785 Gn.
1123 5723 1328 5784 CXXI.
