4186 6190
445 319 562 379 235

1806 305 2124 367 GEORGII
2170 302 2506 363 CEDRENI

3729 293 3844 358 236

443 467 679 524 quoque
711 452 1009 523 captivum
1040 445 1414 516 abduxit,qui
1445 446 1506 500 in
1541 442 1761 498 exsilio
1792 457 1980 497 annos
2015 441 2084 494 70

2203 437 2512 510 ὑσθαλμοὺς
2539 437 2772 524 ἀνεῖλεν,
2805 437 2968 494 αὐτὸν
3011 433 3070 491 δὶ
3097 429 3450 524 ἐπι-τυφλώσας
3481 431 3571 524 καὶ
3622 427 3844 524 δεσμοῖς

445 538 683 596 mansit.
703 537 848 593 Huic
879 534 1180 590 Sedechias
1213 531 1454 602 quidam
1483 535 1649 585 vates
1682 534 1817 585 ante
1849 535 2083 600 captam

446 627 656 683 urbem
682 623 1039 695 prmdixerat
1070 636 1204 676 eum
1239 618 1597 690 Babylonem
1624 617 1946 673 adductum
1975 617 2046 672 iri
2078 637 2092 682 ;

447 715 746 781 alius,non
768 728 896 766 esse
919 710 1032 782 ipsi
1057 708 1447 764 metuendum
1463 723 1538 762 ne
1562 706 1922 778 Babylonem
1939 710 2096 760 esset

447 803 920 858 visurus.Verum
937 805 1190 870 uterque
1203 797 1454 853 dixerat:
1471 796 1827 868 Babylonem
1852 797 2091 867 quippe,

445 892 506 945 in
539 907 716 960 quam
757 889 1086 943 luminibus
1115 889 1376 960 privatus
1401 888 1583 956 venit,
1607 903 1727 940 non
1761 885 2090 956 conspexit.

443 981 524 1036 De
546 978 833 1034 Sedechia
853 980 938 1033 sic
959 979 1247 1034 Jeremias
1268 977 1316 1012 ⁷³
1336 999 1364 1027 ‹‹
1390 975 1516 1034 hinc
1543 979 1692 1033 Deus
1714 976 1786 1033 de
1808 975 2095 1031 Sedechia

441 1067 604 1123 dicit.
638 1066 784 1122 Ecce
809 1067 976 1122 trado
999 1083 1134 1122 eum
1155 1067 1216 1122 in
1241 1081 1454 1122 manus
1481 1067 1636 1137 regis
1668 1064 2004 1137 Babylonis.
2043 1064 2093 1118 ls

440 1156 616 1212 feriet
643 1172 804 1224 eum,
832 1162 1218 1225 sumeturque
1245 1156 1316 1210 de
1350 1170 1419 1210 eo
1449 1155 1710 1211 formula
1739 1153 2092 1210 exsecrandi

443 1246 610 1306 hc;
633 1251 767 1316 agat
788 1250 982 1300 tecum
1009 1245 1161 1298 Deus
1192 1249 1258 1298 ut
1286 1258 1421 1298 cum
1445 1243 1730 1300 Sedechia
1751 1248 1808 1298 et
1830 1242 2091 1298 Achiabo

443 1350 592 1405 quos
622 1348 726 1388 rex
775 1334 1144 1405 Babylonius
1164 1334 1296 1405 igne
1346 1333 1526 1397 frixit,
1588 1337 1829 1404 prepter
1872 1332 2094 1404 flagitia

441 1438 574 1494 qua
593 1423 974 1480 Jerusalemm
998 1428 1488 1494 parpetraverunt
1510 1421 1851 1492 strupandis
1877 1421 2093 1476 civium

441 1511 749 1578 uxoribus,
790 1517 850 1568 et
895 1517 1190 1584 prmteutu
1243 1512 1507 1567 nominis
1549 1511 1666 1568 mei
1715 1510 2094 1567 vaticinando

442 1618 574 1672 qu
599 1601 746 1672 ipsis
772 1617 894 1657 non
927 1602 1225 1669 mandavi,
1261 1601 1458 1671 inquit
1491 1601 1795 1658 Dominus.
1832 1621 1860 1650 ››

2191 531 2467 602 κρατήσας
2527 527 2602 589 εἰς
2662 523 2964 584 Βαϐυλῶνα
3015 522 3375 600 αἰχμάλωτον
3426 521 3686 595 ἀνήγαγε,
3747 520 3846 594 βα-

2206 615 2523 672 σιλεύσαντα
2579 610 2674 687 ἔτη
2762 617 2907 694 τρία,
2986 615 3074 670 καὶ
3158 614 3220 667 τὸ
3286 610 3501 680 πλῆθος
3561 609 3842 683 ἀπήγαγεν

2205 705 2568 781 αἰχμάλωτον
2600 703 2687 762 ἐπὶ
2722 701 2814 777 ἔτη
2850 708 2912 762 ο’.
2945 705 3134 776 Τούτῳ
3177 708 3256 775 τῷ
3316 698 3540 770 Σεδεκίᾳ
3590 698 3711 753 εἶτ-ἐ
3762 718 3844 760 τις

2201 798 2491 872 προφήτης
2521 796 2628 870 πρὸ
2679 803 2779 865 τῆς
2837 792 3228 869 αἰχμαλωσίας
3279 790 3598 865 ἀπαχθῆναι
3629 788 3705 850 είς
3755 794 3847 842 Βα-

2201 880 2443 940 ϐυλῶνα.
2470 884 2570 941 Καὶ
2604 883 2776 948 ἄλλος
2805 884 2946 939 εἶπεν
2993 881 3162 953 αὐτῷ·
3219 880 3306 948 Μὴ
3367 873 3562 958 φοὸοὖο
3626 877 3691 932 οὐ
3746 877 3844 950 γὰρ

2203 971 2327 1047 ἴδῃς
2362 969 2683 1031 Βαϐυλῶνα.
2727 974 2832 1030 Καὶ
2884 971 3185 1048 ἀμφότεροι
3244 969 3573 1039 ἠλήθευσαν·
3609 965 3847 1035 κατῆλθε

2203 1061 2329 1139 γὰρ.
2363 1063 2428 1117 οὐ
2466 1063 2570 1136 μὴν
2599 1062 2850 1117 ἐθεάσατο
2897 1061 3086 1131 αὐτήν
3141 1057 3348 1137 τυφλὸτ
3407 1057 3507 1133 γὰρ
3564 1057 3654 1125 ἦν.
3717 1055 3848 1128 Περὶ

2202 1152 2550 1226 οὗἸερεμιας
2610 1151 2763 1215 αὖθις
2819 1147 2946 1228 ἔφη·
3009 1175 3036 1202 α
3070 1148 3257 1210 Οὕτως
3313 1150 3436 1202 εἷπε
3504 1145 3702 1219 Κύριος
3759 1143 3845 1200 ἐπὶ

2203 1239 2483 1300 Σεδεκίαν·
2520 1240 2661 1300 Ἰδοὺ
2694 1243 2799 1316 εγὼ
2851 1239 3055 1314 δίδωμι
3115 1239 3272 1295 αὐτον
3336 1238 3414 1302 είς
3471 1242 3659 1312 χεῖρας
3694 1237 3850 1310 βασι-

2209 1329 2350 1395 λέως
2381 1327 2729 1400 Βαϐυλῶνος,
2786 1331 2876 1385 καὶ
2933 1331 3153 1400 πατάξει
3214 1327 3392 1382 αὐτόν·
3437 1328 3527 1381 καὶ
3577 1326 3850 1398 λήψονται

2213 1419 2296 1476 ἄπ’
2330 1420 2494 1476 αὐτὸν
2526 1421 2761 1496 κατάραν
2791 1419 3062 1495 λέγοντες·
3098 1420 3334 1488 Ιῐοιήσαι
3393 1436 3450 1470 σε
3524 1413 3724 1488 Κύριος
3777 1415 3852 1475 ὡς

2207 1506 2459 1566 Σεδεκίαν
2489 1511 2578 1566 καὶ
2611 1511 2686 1575 ὡς
2746 1505 2967 1585 Ἀχιὰε,
3027 1509 3122 1572 οὓς
3185 1507 3540 1581 ἀπετηγάνισι
3595 1504 3849 1579 βασιλεὺς

2207 1596 2541 1662 Βαϐυλῶνος
2591 1599 2646 1656 ἐν
2709 1599 2862 1675 πυρὶ,
2945 1597 3015 1654 δι’
3071 1598 3136 1666 ἢν
3192 1596 3450 1666 ἐποίησαν
3512 1593 3738 1667 ἀνομίαν
3795 1591 3846 1646 ἐν

444 1686 829 1762 Ἰερουσαλὴμ,
856 1688 948 1744 καὶ
978 1686 1292 1763 εμοιχῶντο
1318 1689 1412 1750 τὰς
1451 1691 1714 1762 γυναῖκας
1744 1689 1854 1741 τῶν
1883 1692 2133 1742 πολιτῶν
2167 1687 2366 1763 αὐτῶν,
2398 1691 2487 1745 καὶ
2529 1688 2695 1766 λόγον
2738 1686 3114 1764 ἐχρημάτισαν
3168 1684 3258 1742 ἰπὶ
3313 1690 3396 1758 τῷ
3453 1683 3681 1758 ὀνόματί
3743 1703 3848 1756 μου

442 1776 503 1832 ’ὀν
535 1776 596 1832 οὗ
625 1777 925 1851 προσίταξα
953 1776 1161 1845 αὐτοῖς,
1221 1777 1370 1852 Λέγει
1424 1777 1646 1850 Κύριος,
1685 1797 1714 1828 κ

517 1869 668 1925 202
699 1871 871 1924 Anno
903 1885 938 1925 a
966 1873 1137 1940 capta
1164 1869 1311 1923 urbe
1343 1868 1516 1923 tertio
1549 1865 2092 1922 Nabuchodonosor
2124 1888 2169 1950 Β

444 1958 923 2014 Nabuzardanem
954 1959 1286 2029 principem
1319 1956 1574 2012 militum
1609 1957 1768 2010 misit
1817 1957 2091 2011 Hieroso-

445 2047 629 2118 lyma.
648 2048 698 2102 ls
730 2047 918 2102 eadem
937 2047 1313 2112 Dei,domum
1347 2045 1504 2116 regis
1525 2051 1584 2099 et
1603 2045 1867 2114 reliquas
1888 2045 2095 2098 domos

448 2152 657 2193 omnes
689 2135 1351 2206 combussit.Templum
1383 2135 1485 2189 Dei
1508 2148 1698 2189 annos
1731 2151 1765 2188 a
1793 2149 1910 2204 quo
1945 2139 2094 2187 tem-

455 2242 596 2299 pore
617 2225 876 2297 primum
897 2225 1252 2282 aedificatum
1275 2228 1385 2292 est,
1401 2223 1634 2278 duravit
1656 2225 1779 2279 442.
1805 2224 2093 2277 Caeterum

454 2315 604 2371 duas
635 2328 881 2386 magnas
903 2327 1086 2369 areas
1107 2313 1260 2384 pilas
1290 2318 1349 2367 et
1369 2326 1530 2368 mare
1552 2327 1773 2367 (ereum
1798 2317 1854 2366 et
1876 2311 2097 2366 duode-

450 2403 567 2459 cim
624 2403 677 2457 ei
753 2401 1091 2474 suppositos
1145 2401 1361 2458 vitulos
1436 2417 1504 2458 ac
1563 2401 1754 2470 bases,
1836 2401 2094 2470 denique

447 2491 735 2564 quidquid
767 2492 904 2547 saris
953 2492 1014 2549 in
1063 2489 1288 2562 templo
1335 2491 1468 2559 fuit,
1524 2490 1843 2547 contritum
1893 2505 2095 2546 secum

440 2581 800 2654 Babylonem
857 2581 1123 2636 abduxit.
1207 2581 1359 2646 Quin
1435 2586 1494 2634 et
1551 2587 1787 2651 pateras
1861 2597 2093 2647 aureas,

439 2675 1087 2743 argenteasmreasqus
1118 2685 1330 2726 secum
1364 2669 1613 2724 abstulit
1643 2674 1658 2723 ξ
1691 2669 1926 2740 pondus
1960 2668 2094 2722 neris

437 2775 709 2815 vasorum
740 2773 871 2829 qua;
902 2759 1121 2825 avexit,
1157 2765 1248 2813 est
1279 2759 1662 2814 immensum.
1709 2758 2095 2828 Reliquorum

444 2847 643 2907 adhuc
662 2847 1000 2902 Judmorum
1014 2847 1347 2918 praecipuos
1365 2847 1437 2902 ad
1453 2846 2094 2902 Nabuchodonosorem

445 2936 908 3007 abductos,parti
919 2951 975 2990 m
989 2935 1283 3003 cecidit,al
1295 2935 1381 2990 ios
1395 2936 1455 2990 in
1470 2936 1812 2992 servitutem
1827 2935 2092 2992 tradidit.

445 3026 510 3079 In
523 3023 967 3080 Sedeciamlata
979 3029 1069 3079 est
1085 3023 1493 3092 sententia,uti
1509 3025 1569 3078 in
1595 3024 1854 3079 tenebris
1878 3025 2093 3079 sedens

448 3114 766 3185 pistrinum
779 3112 1169 3184 agitaret.Sub
1183 3113 1294 3168 hoc
1305 3113 1550 3168 Sedecia
1563 3128 1804 3184 prorsus
1818 3129 1884 3168 ac
1902 3114 2094 3184 primo

449 3204 856 3277 Hierosolyma
871 3210 1063 3276 capta,
1077 3220 1198 3259 non
1221 3204 1438 3260 Judmis
1457 3204 1771 3275 postmodo
1789 3204 1893 3260 sed
1920 3205 2090 3259 Chal-

448 3297 592 3352 daeis
606 3295 841 3368 regibus
854 3295 1090 3351 subdita
1103 3296 1350 3350 fuit.'l‘er
1362 3296 1606 3350 omnino
1620 3295 2086 3367 Hierosolymam

447 3383 990 3440 Nabuchodonosor
1086 3384 1462 3456 oppugnavit.
1563 3385 1850 3446 Primum,
1952 3400 2087 3440 cum

445 3479 730 3545 regnante
765 3473 1008 3528 tertium
1042 3489 1264 3528 annum
1297 3473 1623 3529 Eliachimo
1655 3475 1941 3539 ascendit,
1986 3491 2087 3529 se-

445 3577 697 3632 cumque
730 3561 888 3616 inter
917 3561 1064 3617 alios
1095 3561 1272 3617 etiam
1329 3562 1636 3619 Danielum
1690 3579 1756 3618 ac
1788 3569 1906 3618 tres
1947 3564 2089 3618 istos

445 3657 686 3708 sanctos
711 3669 928 3724 pueros
958 3652 1222 3720 abduxit,
1243 3653 1434 3724 primo
1467 3653 1556 3707 sui
1585 3653 1749 3720 regni
1777 3668 1952 3707 anno.
1987 3654 2090 3707 Se-

444 3740 727 3806 cundum,
763 3741 1002 3812 quando
1035 3741 1208 3796 tertio
1233 3757 1437 3796 mense
1467 3741 1628 3813 regni
1660 3741 2086 3812 Jechonim,qui

445 3835 505 3885 et
532 3831 828 3888 Joacimus
882 3830 1122 3899 dicitur,
1157 3847 1314 3887 anno
1346 3831 1437 3886 sui
1492 3832 1655 3900 regni
1707 3835 1929 3895 octavo,
1979 3832 2086 3886 Je-

445 3921 722 3976 choniam
745 3936 877 3976 cum
912 3926 1099 3976 matre
1122 3925 1182 3975 et
1209 3920 1579 3977 Ezechielum
1599 3925 1790 3975 vatem
1816 3919 2083 3975 abduxit.

443 4010 726 4075 Tertium,
768 4025 904 4066 cum
962 4010 1280 4066 undecimo
1320 4025 1476 4065 anno
1536 4010 1702 4081 regni
1763 4009 2085 4075 Sedechise,

446 4100 536 4153 sui
585 4099 1027 4170 undevigesimo
1081 4099 1369 4170 templum
1423 4099 1724 4166 cremavit,
1786 4098 2087 4153 Sedechim

446 4187 600 4243 208
622 4187 826 4243 oculos
856 4188 1031 4251 eruit,
1057 4187 1212 4241 ﬁlios
1243 4188 1376 4257 ejus
1405 4187 1655 4252 necavit,
1682 4185 2091 4257 populumque

443 4276 738 4346 captivum
769 4275 1228 4343 abduxit,annos
1249 4279 1318 4328 ‘70
1335 4290 1404 4330 ea
1429 4274 1772 4330 conditione
1789 4279 2084 4330 acturum.

2268 1868 2358 1925 'Ev
2389 1865 2444 1922 δὲ
2471 1873 2550 1940 τῷ
2588 1867 2758 1942 τρίτῳ
2811 1861 2913 1921 ἔτει
2963 1871 3062 1936 τῆς
3124 1863 3511 1937 αἰχμαλωσίας
3566 1859 3849 1917 ἀπίστειλε

2209 1951 2712 2035 Ναϐουχοδονόσορ
2785 1957 2877 2010 τὸν
2982 1949 3364 2028 Ναϐουζαρδὰν
3452 1953 3848 2028 ἀρχιμάγειρον

2202 2045 2372 2100 αὐτοῦ
2405 2045 2479 2107 εἷς
2513 2045 2900 2121 Ἰερουσαλὴμ,
2951 2045 3040 2099 καί
3101 2047 3186 2115 lP.
3228 2048 3345 2119 115]
3393 2042 3486 2097 τὸν
3549 2043 3643 2114 μὶν
3701 2041 3852 2096 οἶκον

2203 2135 2401 2208 Κυρίου
2430 2134 2641 2191 καὶτὸν
2685 2135 2833 2189 οἷκον
2896 2137 2993 2188 τοῦ
3046 2131 3313 2210 βασιλέως
3361 2131 3451 2186 καὶ
3510 2131 3638 2192 τοὺς
3696 2149 3849 2200 περι·

2202 2223 2516 2302 λειφθέντας
2573 2223 2773 2286 πάντας
2861 2221 3044 2284 οἷ’κους
3140 2219 3424 2296 ἐνέπρησε,
3498 2217 3851 2292 διαρκὲσαντα

2199 2314 2289 2368 τὸν
2321 2316 2461 2368 Θεῖον
2492 2313 2642 2368 οἶκον
2676 2313 2782 2369 ἀπὸ
2812 2319 2909 2382 τῆς
2940 2313 3164 2387 πρώτης
3216 2307 3486 2382 οἰκοδομῆ
3521 2305 3660 2363 ἔτεσι
3691 2309 3848 2382 υμβ’,

2201 2402 2327 2464 τοὺς
2385 2399 2442 2458 δὶ
2497 2405 2742 2480 χαλκοῦς
2820 2399 2916 2456 δύο
2979 2400 3254 2477 μεγάλους
3312 2397 3546 2459 στύλους
3603 2399 3688 2454 καὶ
3750 2399 3852 2466 τήν

2201 2491 2418 2567 χαλκῆν
2453 2489 2724 2556 θάλασσαν
2784 2491 2875 2547 καὶ
2930 2490 3058 2552 τοὺς
3116 2490 3372 2545 ὑποκάτω
3421 2487 3590 2557 αὐτῆς
3639 2483 3852 2542 δώδεκα

2205 2583 2448 2655 μόσχους
2497 2579 2585 2634 καὶ
2641 2581 2707 2636 τὰ
2765 2579 3219 2654 ὑποστηρίγματα
3279 2576 3366 2632 καὶ
3415 2577 3586 2634 πάντα
3645 2576 3736 2630 τὸν
3797 2573 3850 2630 ἓν

2201 2677 2312 2744 ναῷ
2345 2673 2549 2749 Κυρίου
2580 2670 2790 2748 χαλκὸν
2853 2674 3143 2745 συντρίψας
3200 2669 3476 2744 ἀπήγαγεν
3533 2667 3606 2728 εἰς
3668 2661 3854 2721 Βαϐυ-

2201 2759 2372 2831 λῶνα,
2419 2763 2513 2817 καὶ
2554 2762 2738 2834 μέντοι
2797 2761 2888 2815 καὶ
2943 2762 3036 2822 τὰς
3095 2765 3300 2834 χρυσᾶς
3355 2757 3554 2836 φιάλας
3611 2755 3701 2811 καί
3758 2757 3854 2816 τὰς

2199 2853 2432 2927 ἀργυρᾶς
2463 2854 2552 2908 καί
2609 2853 2705 2914 τὰς
2738 2851 2971 2927 χαλκᾶς.
3034 2852 3126 2907 Καὶ
3182 2850 3281 2904 οὐκ
3330 2850 3400 2918 ἦν
3459 2848 3694 2920 σταθμὸς
3752 2852 3851 2900 τοῦ

2198 2939 2414 3016 ’χαλκοῦ
2462 2946 2568 2994 τῶν
2623 2945 2830 2996 σκευῶν
2859 2941 3075 2994 πάντων
3138 2937 3210 2994 ὧν
3293 2931 3459 2993 ἔλαϐε
3517 2937 3544 2991 ὁ
3599 2935 3849 3010 ἀρχιμά-

2199 3050 2401 3105 γειρος.
2434 3034 2549 3084 Τῶν
2583 3027 2638 3085 δὲ
2670 3028 2972 3085 ἐπιλοίπων
3011 3026 3292 3084 Ἰουδαίων
3349 3027 3478 3089 τοὺς
3539 3023 3851 3096 ἐπισήμους

2200 3119 2486 3194 ἀπαγαγὼν
2544 3119 2680 3193 πρὸς
2754 3113 3272 3193 Ναϐουχοδονόσορ,
3331 3111 3457 3177 τοὺς
3523 3115 3617 3187 μὲν
3662 3115 3856 3168 Ἐθανάο

2202 3227 2364 3275 τωσε,
2395 3207 2522 3268 τοὺς
2553 3203 2610 3261 δὲ
2641 3204 2872 3268 δούλους
2902 3205 3205 3282 παρέδωκε.
3246 3207 3350 3263 Τὸν
3383 3202 3443 3259 δὲ
3475 3200 3725 3258 Σεδεκίαν
3762 3201 3853 3258 ἐπὶ

2205 3297 2384 3352 σκότει
2443 3299 2668 3361 καθίσας
2727 3296 3036 3370 μυλωορεῖν
3094 3293 3462 3352 κατεδίκασεν.
3519 3294 3638 3368 Ἐφ’
3695 3291 3761 3346 οὗ
3816 3292 3849 3358 ἡ

2201 3384 2470 3453 παντελὴς
2506 3386 2592 3440 καὶ
2642 3387 2832 3460 πρώτη
2896 3384 3102 3446 ἅλωσις
3171 3392 3274 3454 τῆς
3332 3381 3695 3459 Ἰερουσαλὴμ
3757 3378 3852 3455 γὲ.-

2200 3494 2374 3546 γονεν,
2435 3474 2616 3530 οὐκέτι
2705 3473 3111 3548 βασιλευθείσης
3201 3473 3303 3529 ὑπὸ
3353 3470 3656 3537 Ἰουδαίων,
3714 3469 3852 3526 ἀλλ’

2202 3563 2306 3617 ὑπὸ
2345 3569 2452 3617 τῶν
2513 3562 2802 3620 Χαλδαίων
2857 3564 3241 3635 κρατηθείσης.
3303 3565 3606 3636 Τοιγαροῦν
3661 3561 3850 3634 τρίτον

2201 3648 2691 3731 Ναϐουχοδονόσορ
2724 3652 2988 3725 ἐπόρθησε
3025 3655 3124 3721 τήν
3184 3649 3570 3723 Ἰερουσαλήμ·
3628 3654 3852 3722 πρῶτον

2206 3741 2442 3812 μὲν,ὅτε
2501 3741 2555 3796 ἐν
2613 3747 2689 3813 τῷ
2746 3742 2913 3815 τρίτῳ
2969 3735 3074 3796 ἔτει
3134 3741 3426 3813 Ἐλιακείμ
3484 3738 3690 3808 ἀνῆλθε
3759 3738 3852 3793 καὶ

2199 3826 2361 3886 ἔλαϐε
2391 3830 2483 3886 σὺν
2515 3836 2631 3891 τοῖς
2663 3830 2863 3892 ἄλλοις
2894 3831 2981 3885 καὶ
3034 3829 3169 3892 τοὺς
3202 3829 3392 3903 ἁγίους
3449 3833 3595 3902 τρεῖς
3649 3825 3853 3889 παῖδας

2197 3921 2286 3973 καὶ
2321 3919 2547 3989 Δανιὴλ,
2581 3917 2698 3982 ἔτος
2730 3919 2874 3995 ἄγων
2907 3927 3006 3988 τῆς
3055 3918 3336 3994 βασιλείας
3393 3922 3628 3992 πρῶτον·
3663 3914 3851 3971 δεύτε-

2200 4029 2292 4083 ρον
2334 4007 2410 4077 δὲ,
2469 4009 2557 4064 ὅτε
2615 4008 2667 4064 ἐν
2722 4013 2800 4080 τῷ
2854 4009 3024 4084 τρίτῳ
3083 4009 3212 4080 μηνὶ
3273 4009 3538 4082 Ἰεχονίου
3597 4007 3694 4060 τοῦ
3760 4005 3854 4060 καὶ

2200 4099 2476 4172 Ἰιυακεὶμ,
2510 4099 2598 4154 ὅτε
2629 4093 2818 4153 ἔλαϐεν
2852 4098 3011 4153 αὐτον
3041 4119 3099 4152 τε
3149 4099 3239 4152 τὸν
3299 4096 3564 4172 Ἰεχονίαν
3625 4095 3714 4150 καί
3746 4097 3851 4164 τήν

2202 4187 2409 4263 μητέρα
2465 4188 2631 4242 αὖτοιό
2696 4189 2784 4242 καί
2855 4186 3120 4257 Ἰεζεκιήλ
3196 4186 3290 4241 τὸν
3351 4189 3660 4265 προφήτην,
3724 4181 3852 4246 ἓτος

2198 4277 2346 4350 ἄγων
2376 4275 2538 4337 αὐτὸς
2577 4283 2678 4344 τῆς
2715 4275 2993 4351 βασιλείας
3041 4271 3259 4351 ὄγδοον·
3295 4274 3385 4329 καὶ
3437 4272 3643 4346 τρίτον,
3675 4273 3768 4326 ὅτε
3799 4271 3856 4326 ἰν

437 4367 516 4432 τῷ
545 4358 810 4433 ἑνδεκάτῳ
849 4357 956 4416 ἔτει
984 4366 1080 4416 τοῦ
1110 4359 1358 4417 Σεδεκίου
1394 4363 1486 4417 τὸν
1518 4361 1644 4417 ναὸν
1677 4361 1939 4437 ἆνὰπρῆσε
1965 4361 2054 4417 καί
2085 4361 2179 4418 τὸν
2210 4362 2462 4421 Σεδεκίαν
2502 4365 2613 4438 ἐξετ
2628 4363 2858 4444 ὗφλωσε,
2882 4365 2970 4419 καί
3002 4364 3129 4426 τοὺς
3165 4363 3313 4425 υἱοὺς
3341 4367 3506 4420 αὑτοῦ
3533 4360 3852 4438 κατέσφαξε,

439 4451 528 4504 καὶ
557 4448 836 4518 τὸπλῆθος
867 4451 1115 4526 ἀπήγαγε
1145 4449 1506 4527 αἰχμάλωτον
1538 4451 1627 4506 ἰπὶ
1656 4448 1751 4520 ἔτη
1784 4447 2182 4524 ἒϐδεμήκοντα,
2213 4451 2337 4517 ἔτος
2367 4451 2516 4529 ἄγων
2538 4457 2636 4523 τῆς
2673 4453 2955 4528 βασιλείας
3003 4451 3494 4508 ἐννεακαιδέκατον.

509 4550 647 4604 Post
673 4551 1054 4622 Assyriorum
1085 4565 1435 4624 regesquos
1461 4551 1800 4620 retulimus,
1827 4565 2091 4622 regnum,

2280 4552 2432 4608 Μετὰ
2489 4549 2546 4607 δὶ
2627 4554 2753 4614 τοὺς
2836 4550 3268 4627 προειρημένους
3351 4557 3460 4607 τῶν
3544 4549 3852 4623 Ἀσσυρίων

439 4639 620 4694 sicuti
654 4638 938 4710 diximus,
971 4640 1045 4695 ad
1078 4641 1719 4697 Nabuchodonosorem
1742 4645 1834 4694 est
1862 4639 2096 4694 devolu-

442 4735 588 4795 tum,
621 4727 720 4799 qui
745 4727 802 4782 id
825 4729 893 4782 24
910 4744 1099 4784 annos
1127 4729 1336 4785 tenuit.
1363 4729 1522 4784 Idem
1557 4728 1962 4798 Hierosolyma
1984 4743 2091 4782 an-

439 4833 548 4872 nos
571 4821 602 4870 7
621 4816 680 4872 in
701 4832 805 4872 sua
826 4823 1117 4888 potestate
1133 4818 1342 4874 habuit
1367 4834 1380 4882 ;
1405 4824 1464 4873 et
1486 4817 1848 4889 Babylonem
1878 4816 2088 4871 urbem

441 4906 758 4962 maximam
806 4907 1100 4961 exstruxit
1130 4924 1202 4962 ex
1253 4907 1437 4962 latere
1470 4911 1636 4962 cocto
1686 4912 1743 4961 et
1793 4905 2093 4976 lapidibus

440 4995 936 5068 dolatis,quorum
968 4997 1186 5070 singuli
1219 5001 1338 5052 tres
1370 4996 1602 5051 cubitos
1636 4995 1763 5064 lati,
1796 5012 1897 5050 sex
1930 4994 2090 5049 cubi-

442 5087 532 5136 tos
557 5084 737 5156 longi.
770 5085 1040 5140 Ambitus
1060 5085 1227 5139 urbis
1249 5083 1359 5139 fuit
1384 5084 1575 5139 stadia
1595 5086 1684 5146 40,
1707 5099 1837 5154 qua;
1860 5083 2087 5138 faciunt

438 5170 721 5227 milliaria
749 5175 802 5239 6,
826 5190 871 5227 s.
897 5172 1052 5228 muri
1086 5173 1336 5228 altitudo
1369 5171 1552 5228 cubiti
1585 5175 1674 5238 80,
1711 5171 1962 5228 latitudo
1991 5174 2079 5234 30,

437 5256 687 5314 altitudo
721 5262 972 5317 turrium
1003 5262 1188 5322 cubtti
1223 5263 1347 5328 100,
1374 5261 1624 5316 latitudo
1657 5264 1746 5325 60,
1776 5266 2080 5333 portarum

435 5342 632 5414 [erant
671 5354 869 5404 autem
920 5351 1114 5422 terere)
1154 5350 1406 5406 altitudo
1456 5350 1640 5405 cubiti
1689 5352 1778 5414 50,
1830 5350 2081 5406 latitudo

434 5434 802 5490 20.Proxime
835 5439 1043 5494 urbem
1067 5441 1386 5495 cisternam
1421 5440 1588 5504 fodit,
1615 5456 1901 5512 muroque
1929 5458 2078 5516 prea-

435 5523 592 5612 clare
616 5542 746 5583 eam
770 5527 1540 5604 circumvenit,profuudam
1560 5530 1732 5590 uiuas
1755 5533 2076 5601 40,ambitu

507 5625 554 5661 ⁷³
584 5626 697 5680 Jer.
733 5643 889 5692 χχιχ,
922 5631 1106 5684 21-23.

2212 4640 2458 4710 βασιλεῖς
2517 4636 2885 4707 ἐϐασίλευσεν,
2944 4641 3018 4703 ὡς
3077 4639 3307 4714 εἴρηται,
3354 4635 3855 4717 Ναϐουχοδονόσορ

2205 4725 2296 4800 ἔτη
2355 4727 2457 4800 κδ’,
2544 4731 2603 4791 ’ὀς
2689 4729 2775 4784 καί
2849 4736 2948 4798 τῆς
3019 4727 3352 4804 Ἰεροσαλήμ
3406 4729 3699 4802 ἐκράτησεν
3750 4725 3852 4798 ἔτη

2202 4816 2357 4888 ἑπτὰ,
2389 4819 2476 4873 καί
2509 4815 2672 4873 πολιν
2727 4817 2981 4892 μεγίστην
3043 4817 3120 4880 εἷς
3179 4813 3482 4874 Βαϐυλῶνα
3537 4811 3766 4883 ἔκτισεν,
3802 4815 3855 4887 ἐξ

2205 4908 2376 4977 ὁπτῆς
2404 4907 2632 4963 πλίνθου
2657 4907 2747 4961 καί
2780 4905 2946 4961 λίθων
2983 4905 3414 4979 λελαξευμένων,
3459 4905 3700 4981 ἑχόντων
3750 4904 3858 4958 ἀνὰ

2203 5001 2351 5070 τρεῖς
2377 4998 2584 5071 πήχεις
2605 4995 2669 5050 τὸ
2698 4993 2927 5064 πλάτος,
2960 4997 3047 5049 καί
3111 4999 3285 5068 μῆκος
3345 4993 3442 5050 ἇνᾶ
3501 4997 3705 5069 πήχεις
3774 4989 3854 5064 ἕξ.

2206 5086 2279 5141 Τὸ
2311 5083 2368 5140 δὲ
2397 5085 2722 5160 περίμετρον
2759 5087 2924 5154 αὐτῆς
2958 5083 3144 5154 lui-rp:
3199 5081 3390 5138 στάδια
3451 5085 3524 5158 μ’,
3585 5084 3856 5158 γινόμενα

2211 5175 2368 5249 μίλια
2400 5178 2499 5246 ςυ’,
2533 5177 2594 5231 τὸ
2626 5173 2684 5230 δὲ
2713 5177 2848 5249 ὕψος
2876 5180 2972 5229 τοῦ
3019 5175 3238 5249 τείχους
3286 5177 3492 5250 πήχεις
3554 5175 3627 5245 π’,
3662 5175 3748 5228 καὶ
3788 5174 3856 5227 τὸ

2203 5263 2412 5326 πλάτος
2445 5268 2650 5339 πήχεις
2680 5261 2727 5318 λ’
2767 5265 2828 5317 τὸ
2858 5261 2916 5318 δὲ
2945 5263 3080 5337 ὕψος
3107 5269 3216 5319 τῶν
3247 5266 3471 5339 πύργων
3521 5265 3750 5336 πηχέων
3787 5270 3854 5335 ρ’,

2196 5354 2378 5408 καὶτὸ
2408 5352 2619 5414 πλάτος
2771 5357 2875 5407 τιῖν
2938 5351 2994 5407 δὲ
3049 5353 3239 5408 πυλῶν
3299 5353 3524 5429 χαλκῶν
3583 5351 3756 5408 οὐσῶν
3789 5352 3856 5405 τὸ

2193 5442 2334 5516 ὕψος
2367 5443 2433 5512 ἦν
2467 5440 2722 5520 πηχέων,
2753 5446 2816 5510 ν’,
2844 5440 2906 5495 τὸ
2962 5438 3018 5495 δὲ
3081 5440 3300 5503 πλάτος
3364 5441 3594 5516 πηχέων
3625 5448 3688 5496 κ’.
3721 5440 3857 5515 Ἐγ-

2205 5551 2365 5606 γιστα
2398 5528 2456 5588 δὲ
2499 5537 2599 5602 τῆς
2655 5527 2874 5593 πόλεως
2931 5527 3104 5605 ὤρυξε
3159 5529 3487 5605 κινστὲρναν,
3551 5530 3638 5586 καί
3690 5547 3852 5603 περι-
