4188 6196
321 345 442 406 23⁸1

1477 345 2017 412 ΕΙΞΤΟΙὶῙΑΡιυΜ
2068 345 2611 409 COMPENDIUM.

3615 351 3738 410 238

318 475 585 551 ετείχισεν
617 475 944 550 ἆξιολόγῶς·
979 477 1042 532 τὸ
1080 474 1243 552 βάθος
1302 476 1476 546 αὐτῆς
1530 478 1742 554 ὀργυιαὶ
1794 479 1866 545 κ’,
1917 477 1966 532 τε

2098 479 2427 538 stadiorum
2459 478 2744 548 60.Supra
2773 477 2932 536 hunc
2949 477 3232 548 plantavit
3261 481 3457 537 omnis
3503 483 3737 553 generis

319 563 378 621 δὶ
407 585 737 641 περιμετρον
772 565 939 634 αὐτῆς
991 563 1183 621 στάδια
1243 571 1315 637 μ’.
1374 567 1628 640 ’Ὑπερθεν
1687 564 1746 622 δὶ
1801 565 1970 635 αὐτῆς

315 655 673 732 κατεφύτευσε
730 651 919 730 δένδρα
982 652 1325 727 παντοδαπὰ,
1390 656 1466 717 ὡς
1533 659 1970 728 παρομοιοῦσθαι

317 742 637 806 δασυτάτοις
696 740 895 819 ὄρεσιν’
962 742 992 798 ὅ
1077 745 1168 798 καὶ
1250 746 1560 821 κρεμαστὸν
1647 741 1971 820 παράδεισον

320 832 623 904 ὠνόμασεν⁸
658 831 710 887 ἐν
767 832 918 904 αὐτῷ
974 832 1109 903 μετά
1159 836 1268 888 τῶν
1330 837 1602 907 γυναικῶν
1656 833 1824 888 αὐτοῦ
1881 852 1972 886 πε-

318 921 596 997 ριπολῶν,
627 921 880 983 καὶτοὺς
934 921 1082 976 κάτω
1139 927 1386 995 καθορῶν
1443 920 1494 992 ἐξ
1550 921 1822 991 ἀπόπτου,
1880 918 1968 976 ὕπ’

318 1008 544 1074 οὐδενὸς
583 1016 691 1066 τῶν
747 1011 987 1066 κάτωθεν
1045 1011 1245 1084 ὡρᾶτο.
1301 1013 1508 1068 Ἐκεῖσε
1573 1009 1970 1086 διαπορευόμεο

310 1122 402 1163 νος
434 1103 522 1174 [Ρ.
561 1103 684 1174 116]
717 1100 948 1173 στόματι
1011 1100 1344 1176 ὑπερηφάνῳ
1393 1100 1556 1157 εἶπεν·
1602 1125 1631 1154 ιι
1663 1100 1787 1174 Οὐχ
1829 1098 1964 1170 αὕτη

314 1189 458 1245 ἐστὶν
491 1193 528 1258 ἡ
567 1185 826 1246 Βαϐυλὼν
853 1193 889 1260 ἡ
926 1188 1162 1266 μεγάλη,
1203 1190 1270 1258 ἢν
1327 1189 1433 1266 ἑγὼ
1483 1190 1559 1252 είς
1609 1189 1760 1248 οἶκον
1815 1190 1968 1264 βασιο

312 1277 464 1341 λείας
497 1279 551 1335 ἰν
580 1285 659 1353 τῷ
691 1281 874 1353 κράτει
917 1288 1020 1350 τῆς
1065 1280 1260 1356 ἷσχόος
1318 1301 1446 1353 μου,
1497 1279 1574 1342 εἷς
1629 1280 1802 1353 τιμὴν
1867 1287 1968 1348 τῆς

312 1366 477 1438 δόξης
509 1390 614 1442 μου
646 1369 1023 1443 ᾠκοδόμησας
1057 1395 1085 1423 ››
1123 1370 1224 1426 Καὶ
1274 1364 1355 1425 ἔτι
1403 1373 1500 1425 τοῦ
1555 1367 1727 1443 λόγου
1785 1368 1838 1425 ἂν
1889 1374 1967 1441 τῷ

307 1460 543 1532 στόματι
574 1460 744 1516 αὐτοῦ
793 1459 946 1522 ὄντος
1006 1460 1158 1537 (ρωνή
1217 1457 1276 1512 ἐκ
1329 1463 1427 1514 τοῦ
1480 1459 1713 1532 οὐρανοῦ
1758 1457 1963 1533 γέγονε·

308 1573 336 1603 ιι
365 1549 467 1604 Σοὶ
501 1546 716 1625 λέγεται
746 1543 1269 1623 Νιιιόουχοδονόσορ⁸
1314 1549 1375 1604 Ἣ
1411 1545 1662 1622 βασιλεία
1691 1567 1787 1606 σου
1825 1567 1967 1622 παρ-

310 1637 480 1706 ῆλθεν
509 1638 617 1692 ἀπὸ
675 1641 794 1707 σοῦ,
852 1637 942 1692 καὶ
1001 1637 1108 1692 ἀπὸ
1161 1638 1457 1711 ανθρώπων
1514 1633 1829 1706 ἐκδιώξουσι
1884 1657 1961 1706 σε,

303 1726 396 1781 καὶ
434 1728 572 1798 μετά
625 1727 1247 1800 θηρίωνήκατοίκησίς
1303 1747 1419 1794 σου,
1475 1724 1562 1780 καὶ
1621 1725 1822 1799 χόρτον
1887 1726 1962 1788 ὡς

308 1815 440 1913 βοῦν
501 1816 781 1913 ψιυμιοῦσί
841 1837 918 1887 σε,
957 1815 1068 1913 ,καὶ
1130 1815 1265 1913 ἑπτιά
1318 1815 1499 1887 καιροὶ
1557 1811 1962 1913 ἀλλαγήςονται
1994 1849 2042 1913 Β

303 1903 396 1960 ἐπὶ
428 1904 510 1976 ei,
541 1903 646 1966 ἓως
677 1905 740 1960 οὗ
768 1909 908 1979 γνῷς
940 1901 1022 1959 ὅτι
1052 1903 1291 1979 κυριεύει
1328 1904 1356 1958 ὁ
1403 1906 1660 1978 Ὕψιστος
1705 1910 1806 1971 τῆς
1865 1903 1960 1978 βα-

307 1992 524 2056 σιλείας
555 1999 665 2050 τῶν
725 1995 1053 2069 ἀνθρώπων,
1103 1994 1194 2050 καὶ
1233 1996 1279 2067 ᾧ
1328 1993 1389 2050 ἄν
1449 1993 1576 2069 δόξῃ
1633 1991 1796 2048 δώσει
1851 1995 1959 2049 αὐ·-

303 2085 430 2153 τήν.
467 2107 497 2135 ιι
528 2084 628 2139 Καὶ
685 2083 822 2148 αὐτῆ
877 2087 946 2156 τῇ
1001 2083 1177 2158 ὥρᾳὸ
1209 2083 1376 2158 λόγος
1435 2082 1811 2151 συνετελέσθη,
1869 2082 1959 2137 καὶ

304 2171 414 2226 ἀπὸ
487 2176 596 2226 τῶν
675 2169 979 2246 ἀνθρώπων
1064 2168 1347 2241 ἐξεδιώθη,
1422 2171 1514 2226 καὶ
1593 2169 1644 2225 ἂν
1729 2169 1961 2245 ἐρήμοις

300 2257 546 2330 ηὐλίσθη
578 2261 664 2316 καὶ
699 2259 868 2333 ὄρεσιο
910 2259 1100 2336 γέγονε
1150 2261 1252 2336 γὰρ
1307 2260 1375 2317 τὰ
1431 2255 1732 2335 ἔμπροσθεν
1790 2259 1959 2316 αὐτοῦ

304 2351 401 2408 σῦν
435 2353 505 2422 τῇ
530 2349 743 2426 κεφαλῇ
776 2351 851 2410 ὡς
896 2350 1047 2424 βοῦς,
1096 2350 1188 2404 καὶ
1221 2350 1273 2403 οἰ
1316 2346 1478 2410 πόδες
1517 2349 1610 2406 σὺν
1658 2353 1776 2409 τοῖς
1835 2347 1958 2406 ὀπιη

305 2437 485 2501 σθίοις
516 2438 591 2499 ὡς
652 2436 813 2496 λέων.
876 2437 1256 2517 Ἀπεκαλόφθη
1317 2435 1372 2492 δὲ
1427 2442 1506 2508 τῷ
1563 2437 1706 2513 ἁγίῳ
1755 2434 1957 2504 Δανιὴλ

308 2531 437 2602 περί
469 2527 688 2594 τούτου,
721 2526 806 2581 ὅτι
864 2524 956 2585 διὰ
1010 2529 1108 2594 τήν
1171 2526 1370 2603 ἄλογον
1411 2527 1578 2583 αὐτοῦ
1631 2523 1994 2599 φιληδονίαν,

299 2618 392 2672 καὶ
427 2614 866 2692 σκληροκαρδίαν
922 2617 1026 2673 ὑπὸ
1085 2616 1247 2692 ζυγὸν
1294 2617 1368 2678 ὡς
1429 2617 1562 2690 βοῦς
1621 2615 1826 2690 ἐγίνετο
1883 2619 1962 2685 τῷ

301 2703 531 2780 Βελίαρ·
568 2704 708 2760 λὲων
741 2703 820 2774 δὲ,
854 2703 941 2761 διὰ
988 2706 1080 2761 τὸν
1127 2705 1443 2779 τυραννικὸν
1491 2705 1578 2762 καὶ
1627 2704 1956 2780 ἁρπακτικὸν

300 2796 394 2850 καὶ
451 2793 883 2870 θηριωδέστατον
942 2796 1110 2851 αὐτοῦ
1165 2795 1386 2870 τρόπον’
1447 2796 1499 2851 οἱ
1553 2795 1652 2869 γάρ
1709 2792 1958 2851 δυνάσται

298 2885 506 2952 ταύτην
551 2883 742 2958 ἔχουσι
794 2887 894 2953 τήν
945 2884 1152 2959 ἀρχὴν,
1203 2883 1291 2939 ἐπὶ
1344 2882 1492 2940 τέλει
1550 2880 1608 2938 δὶ
1663 2882 1738 2944 ὡς
1797 2889 1958 2957 θῆρες

301 2973 644 3045 ἁρπάζουσιν
697 2972 1080 3049 ὂλοθρεύοντες
1137 2973 1228 3030 καὶ
1307 2973 1675 3048 ἀναιροῦντες.
1729 2972 1826 3028 Καὶ
1884 2972 1959 3034 ὡς

301 3063 434 3136 βοῦς
465 3059 624 3130 ἤσθιε
655 3065 879 3138 χόρτον,
909 3062 1002 3120 καὶ
1046 3064 1100 3118 αἱ
1157 3064 1350 3137 τρίχες
1409 3061 1573 3119 σύτοῦ
1621 3060 1957 3132 ηὐξήθησαν,

291 3151 384 3207 καὶ
430 3152 484 3206 οἱ
536 3147 738 3227 ξίνυχες
805 3152 1059 3227 ἐγὲνοντο
1123 3152 1200 3214 ὡς
1259 3151 1476 3226 ὀρνέου,
1535 3151 1690 3220 καὶὴ
1723 3151 1850 3226 σὰρξ
1908 3150 1960 3207 ὲν

2089 568 2354 634 arbores,
2420 568 2502 626 ita
2549 572 2613 624 ut
2652 567 2843 625 monti
2903 566 3104 623 densis
3160 568 3473 626 arboribus
3543 570 3735 629 obsito

2088 659 2295 716 hortus
2329 655 2542 716 similis
2583 655 2881 713 videretur
2915 671 2927 709 :
2961 655 3279 726 appellavit
3326 657 3453 729 ipse
3496 658 3735 719 hortum

2087 746 2400 818 pensilem.
2439 747 2500 804 In
2531 761 2600 803 eo
2631 761 2766 801 cum
2789 743 3142 801 mulieribus
3173 745 3295 800 suis
3327 745 3596 818 degebat,
3630 748 3735 806 de-

2085 852 2265 906 super
2295 835 2496 893 omnia
2553 850 2824 901 cernens,
2881 834 3008 904 ipse
3069 835 3337 890 omnium
3390 839 3732 908 conspectui

2085 929 2412 996 exemptus.
2438 923 2522 980 Ibi
2542 922 2935 980 obambulans
2983 929 3332 995 arroganter
3357 923 3442 982 ita
3462 929 3550 980 est
3580 925 3732 981 fatus

2085 1036 2110 1063 ‹‹
2144 1015 2350 1072 Nonne
2380 1014 2506 1071 hinc
2541 1017 2632 1068 est
2654 1028 2866 1083 magna
2888 1010 3029 1066 urbs
3051 1011 3332 1082 Babylon,
3375 1029 3552 1086 quam
3585 1015 3732 1069 meis

2084 1122 2188 1176 ego
2220 1104 2446 1164 viribus
2476 1103 2622 1161 mihi
2657 1103 2879 1175 regiam
2911 1103 3196 1169 exstruxi,
3229 1103 3432 1174 gloria:
3456 1105 3600 1160 mihi
3634 1106 3736 1162 lio-

2081 1195 2335 1265 norique
2366 1194 2626 1252 futuram
2649 1192 2676 1248 ?
2699 1215 2728 1243 »
2750 1209 2884 1248 cum
2914 1191 3108 1250 adhuc
3130 1192 3190 1247 in
3211 1209 3313 1247 ore
3333 1193 3386 1249 ei
3409 1193 3535 1250 huic
3559 1195 3736 1250 verba

2081 1283 2397 1347 haererent,
2421 1299 2528 1339 vox
2553 1281 2626 1340 de
2659 1281 2806 1337 εωιο
2837 1280 2996 1337 edita
3027 1287 3116 1335 est
3166 1281 3319 1339 talis.
3353 1305 3379 1332 α
3441 1282 3567 1338 Tibi
3622 1284 3733 1340 hoc

2080 1389 2113 1426 ο
2143 1370 2709 1437 Nabuchodonosor,
2752 1369 2971 1428 dicitur
3002 1386 3015 1426 :
3047 1371 3316 1441 Regnum
3365 1374 3532 1427 tuum
3585 1388 3619 1426 a
3676 1378 3731 1427 te

2078 1461 2344 1518 ablatum
2377 1465 2552 1522 est.et
2573 1459 2644 1516 ab
2668 1459 3014 1518 hominibus
3048 1458 3390 1529 expellaris,
3437 1458 3731 1532 degesque

2078 1549 2237 1606 inter
2263 1549 2440 1620 feras,
2474 1550 2627 1607 204
2651 1549 3029 1618 pascerisque
3063 1547 3468 1618 tanquamhos
3505 1549 3728 1618 herbis,

2077 1644 2424 1710 septemque
2447 1655 2635 1697 annos
2659 1639 2786 1696 hinc
2808 1637 3057 1697 mutatio
3084 1637 3343 1704 durabit,
3366 1637 3508 1694 dum
3533 1638 3727 1695 discas

2074 1728 2448 1786 Altissimum
2470 1728 2530 1786 in
2558 1744 2740 1798 regna
2756 1727 3066 1785 hominum
3086 1732 3440 1798 potestatem
3474 1727 3726 1786 habere:

2075 1816 2176 1886 qui
2204 1832 2474 1888 regnum,
2497 1815 2589 1872 cui
2616 1815 2776 1881 velit,
2808 1816 2935 1886 ipse
2983 1814 3288 1873 concedat.
3325 1837 3354 1864 ››
3385 1817 3454 1871 Et
3499 1833 3569 1872 ea
3598 1816 3729 1888 ipsa

2074 1905 2220 1964 hora
2248 1905 2527 1975 impletus
2569 1910 2657 1962 est
2688 1903 2783 1963 hic
2815 1920 3032 1971 sermo,
3084 1909 3444 1975 exactusque
3489 1906 3561 1962 ab
3618 1905 3725 1962 hoc

2075 1993 2359 2062 minibus,
2405 1994 2466 2050 in
2529 1992 2953 2051 solitudinibus
3007 1998 3064 2047 et
3111 1993 3416 2050 montibus
3465 1993 3723 2052 delituit.

2072 2083 2219 2138 Nam
2250 2083 2415 2153 prior
2461 2083 2729 2153 corporis
2786 2098 2924 2153 pars
2971 2098 3107 2140 cum
3167 2083 3358 2154 capite
3413 2083 3474 2139 in
3533 2083 3724 2153 bovis,

2073 2171 2372 2242 posterior
2429 2188 2564 2227 cum
2625 2170 2878 2242 pedibus
2908 2171 2967 2227 in
3026 2171 3217 2228 leonis
3263 2172 3515 2228 formam
3555 2172 3720 2229 abie-

2072 2266 2235 2317 runt.
2281 2261 2648 2320 Patefactum
2679 2266 2880 2320 autem
2927 2265 3018 2318 est
3064 2260 3238 2318 beato
3291 2261 3529 2318 Danielo
3585 2279 3722 2319 eum

2073 2354 2315 2421 propter
2345 2350 2582 2407 brutam
2609 2349 2977 2421 voluptatum
2999 2350 3387 2422 cupiditatem
3405 2352 3722 2422 cordisque

2075 2439 2536 2497 obstinationem
2569 2439 2782 2497 Beliari
2814 2440 2924 2496 sub
2948 2440 3161 2512 jugum
3195 2440 3385 2498 instar
3407 2440 3566 2498 bovis
3601 2448 3722 2498 tra-

2075 2528 2296 2585 ditum:
2332 2528 2526 2585 leonis
2569 2527 2826 2586 formam
2881 2528 3230 2598 tyrannicis,
3288 2529 3600 2599 rapacibus
3655 2546 3725 2584 ac

2073 2616 2390 2676 ferissimis
2418 2615 2687 2674 moribus
2732 2616 3043 2676 meruisse.
3077 2617 3301 2688 Quippe
3333 2622 3728 2688 praepotentes

2074 2707 2189 2766 tale
2221 2706 2442 2763 habent
2472 2706 2805 2773 exordium,
2852 2711 2911 2761 et
2950 2706 3010 2760 in
3070 2706 3187 2762 ﬁne
3221 2708 3482 2764 ferarum
3541 2708 3730 2764 instar

2073 2797 2316 2868 rapiunt
2344 2796 2660 2868 perdentes
2691 2811 2760 2853 ac
2790 2797 3158 2855 necantes.ls
3181 2812 3317 2867 ergo
3346 2797 3510 2854 bovis
3542 2797 3731 2853 instar

2075 2887 2260 2945 herba
2290 2904 2353 2942 se
2373 2887 2552 2958 pavit,
2570 2892 3003 2956 creveruntque
3026 2886 3221 2944 crines
3253 2887 3468 2958 ejus,et
3497 2903 3725 2960 ungues

2075 2979 2272 3036 avium
2301 2979 2598 3051 unguibus
2629 2978 2859 3033 similes
2883 2978 3020 3033 facti
3070 2984 3230 3044 sunt,
3290 2981 3722 3051 septennioque

2076 3086 2210 3125 caro
2243 3069 2372 3140 ejus
2395 3069 2724 3124 incrassata
2744 3068 3166 3138 est,victusque
3198 3085 3335 3126 eum
3366 3074 3489 3127 tam
3529 3068 3718 3126 fmdus

2076 3157 2406 3230 denigravit
2437 3175 2451 3214 :
2483 3158 2798 3228 ademptus
2829 3163 2919 3213 est
2965 3163 3024 3212 et
3087 3161 3383 3216 sermonis
3439 3177 3606 3224 usus,
3657 3165 3718 3215 et

295 3240 437 3296 ἑπτὰ
465 3217 682 3314 καιροίξ
717 3217 993 3319 in”:on
1053 3240 1142 3295 καὶ
1205 3217 1533 3312 ἐμελανώθη
1594 3243 1661 3313 τῇ
1712 3217 1956 3298 κακοπα-

2078 3217 2272 3303 secum
2303 3247 2569 3319 cogitans
2595 3217 2961 3317 lacrymabat
3012 3247 3331 3318 ﬂendoque
3391 3248 3542 3306 oculi
3588 3217 3719 3320 ejus

297 3327 441 3398 θείᾳ,
475 3328 565 3384 καὶ
596 3331 630 3396 ἡ
658 3327 882 3402 γλῶσσα
915 3330 1080 3386 αὐτοῦ
1125 3329 1272 3403 ἤρθη
1315 3328 1413 3385 τοῦ
1462 3330 1538 3402 μή
1595 3327 1806 3386 λαλεῖν.
1858 3329 1957 3386 Καὶ

291 3423 441 3472 νοῶν
470 3417 628 3483 εὐθὺς
657 3415 904 3492 ἐδάκρυε,
936 3420 1026 3474 καὶ
1082 3418 1190 3474 ἀπὸ
1236 3423 1340 3476 τοῦ
1387 3417 1598 3476 κλαίειν
1646 3419 1699 3476 οἱ
1754 3419 1961 3495 ὀφθαλ-

297 3507 396 3580 μοὶ
431 3505 596 3561 αὐτοῦ
633 3505 882 3580 ἐγένοντο
941 3508 1016 3571 ὡς
1070 3508 1252 3582 κρέας.
1313 3508 1411 3565 Καὶ
1469 3507 1676 3565 πολλοὶ
1733 3506 1958 3581 ἐξιόντες

292 3597 408 3676 οὐχ
457 3597 644 3669 ἑώρων
701 3598 865 3655 αὐτὸν
924 3597 1071 3666 πλὴν
1131 3602 1229 3653 τοῦ
1287 3597 1441 3654 ὁσίου
1501 3597 1735 3669 Δανιήλο
1801 3599 1959 3661 οὗτος

306 3687 417 3760 γὰρ
473 3687 650 3743 πάντα
716 3686 810 3741 τὸν
869 3688 1068 3762 χρόνον
1127 3695 1228 3756 τῆς
1285 3685 1640 3750 ἀλλοιώσεως
1698 3688 1861 3744 αὐτοῦ
1907 3688 1958 3744 ἰν

298 3782 647 3854 προσευχαῖς
683 3777 752 3845 ἦν
783 3776 914 3849 περέ
955 3776 1138 3834 αὐτοῦ.
1192 3778 1293 3834 Καὶ
1347 3779 1481 3850 μετά
1533 3779 1596 3833 τὸ
1653 3778 1962 3856 ἀλλαγῆναι

309 3869 442 3929 τοὺς
506 3867 641 3921 ἑπτὰ
697 3867 920 3941 καιροὺς
1001 3865 1341 3937 ἀποκατέστη
1429 3867 1506 3930 εἰς
1599 3868 1805 3935 δαυτὸν,
1873 3868 1963 3924 καὶ

308 3955 536 4027 ἐποίησε
565 3951 619 4025 ἔξ
655 3952 833 4026 ἥμισυ
889 3955 1120 4030 χρόνους
1180 3955 1497 4013 ὑποπίπτων
1554 3958 1641 4012 καὶ
1701 3956 1965 4029 ἐξομολοο

307 4049 584 4122 γοόμενος
614 4050 693 4117 τῷ
723 4045 930 4121 Κυρίῳ,
971 4049 1112 4118 μήτε
1159 4045 1318 4122 ἄρτον
1369 4049 1575 4126 φαγὼν,
1632 4051 1770 4119 μήτε
1814 4051 1964 4104 οἶνον

310 4137 478 4204 πιὼν,
515 4134 638 4190 ἀλλ’
669 4134 720 4191 ἐν
758 4135 1006 4206 ὀσπρίοις
1039 4138 1289 4211 βρεκτοῐς
1319 4136 1409 4191 καὶ
1451 4133 1714 4210 λαχάνοις
1767 4135 1966 4206 διαζῶν

313 4225 452 4281 κατὰ
481 4227 582 4295 τήν
608 4229 706 4280 τοῦ
740 4224 986 4300 μεγάλου
1027 4224 1230 4292 Δανιὴλ
1278 4223 1680 4301 προσλάλησιν,
1729 4227 1819 4282 καὶ
1871 4227 1964 4282 τὸν

316 4315 522 4389 Κύριον
576 4313 957 4387 ἂξιλεοόμενος
1013 4314 1190 4370 πάντα
1245 4315 1340 4370 τὸν
1402 4315 1600 4389 χρόνον
1653 4323 1754 4385 τῆς
1821 4322 1970 4386 ζωῆς

319 4403 508 4459 αὐτοῦ.
570 4404 714 4460 Μετά
771 4401 830 4457 δὲ
887 4407 1058 4460 ταῦτα
1112 4403 1278 4459 πάλιν
1328 4404 1492 4477 φησὶν
1547 4405 1576 4460 ὁ
1631 4404 1789 4467 αὐτὸς
1845 4407 1969 4481 περὶ

321 4501 423 4562 τῆς
452 4493 648 4549 δαυτοῦ
677 4492 1185 4553 ἀποκαταστάσεως·
1225 4517 1253 4545 ‹‹
1284 4494 1374 4552 Ἐν
1433 4497 1512 4564 τῷ
1551 4498 1726 4569 καιρῷ
1778 4493 1967 4566 ὶκείνῳ

311 4583 364 4636 αἱ
398 4582 586 4659 φρένες
624 4601 730 4654 μου
765 4581 1173 4661 ἐπεστράφησαν
1215 4581 1297 4636 ἐπ’
1353 4581 1472 4654 ἐμὲ,
1520 4582 1611 4638 καὶ
1668 4583 1745 4644 εἷς
1791 4585 1962 4658 τιμὴν

315 4671 416 4737 τῆς
452 4669 735 4746 βασιλείας
792 4692 897 4743 μου
955 4669 1147 4742 ἦλθον,
1213 4672 1303 4726 καὶ
1357 4674 1392 4741 ἡ
1457 4673 1639 4749 μορφή
1705 4694 1809 4745 μου
1875 4674 1971 4729 ἰπ-

315 4759 567 4833 ἐστρεψει
607 4759 688 4813 in’
743 4759 862 4831 ἐμὲ,
897 4759 985 4814 καὶ
1046 4761 1099 4814 οἱ
1155 4760 1410 4835 τύραννοί
1472 4781 1579 4833 μου
1631 4762 1719 4815 καὶ
1777 4765 1830 4818 οἱ
1883 4785 1972 4835 με·

315 4848 564 4923 γιστᾶνές
605 4867 712 4921 μου
771 4845 996 4917 ἐζήτουν
1055 4868 1143 4919 με,
1201 4848 1295 4903 καὶ
1351 4849 1475 4923 περὶ
1531 4851 1629 4919 τήν
1690 4849 1970 4925 βασιλείαν

323 4959 430 5008 μου
513 4936 906 5011 ἰκραταιώθην,
989 4936 1080 4992 καὶ
1172 4935 1536 5014 μεγαλωσύνη
1619 4939 1972 5015 περισσοτέρα

317 5025 472 5096 ἐτέθη
505 5047 621 5099 μοι.
668 5030 774 5081 Νῦν
830 5024 920 5084 οὖν
975 5024 1082 5100 ἐγὼ
1141 5021 1634 5102 Ναϐουχοδονόσορ
1687 5027 1823 5084 αἶ’νῶ
1878 5031 1969 5084 καὶ

317 5115 578 5189 ὁκερυψῶ
598 5115 689 5170 καὶ
727 5112 938 5187 δοξάζω
992 5115 1086 5172 τὸν
1143 5115 1375 5190 βασιλέα
1419 5120 1516 5171 τοῦ
1575 5116 1829 5192 οὐρανοῦ,
1886 5119 1969 5174 ὅτι

317 5205 494 5261 πάντα
523 5205 590 5259 τὰ
621 5202 750 5278 ἔργα
778 5201 945 5258 αὐτοῦ
999 5200 1259 5273 ἀληθινὰ,
1317 5203 1406 5259 καὶ
1463 5205 1521 5259 αἱ
1565 5201 1747 5280 τρίϐοι
1807 5206 1972 5263 αὐτοῦ

313 5294 541 5366 κρίσεις,
605 5293 696 5348 καὶ
753 5292 958 5354 πάντας
1016 5291 1144 5353 τοὺς
1199 5291 1604 5367 πορευομὲνους
1659 5293 1710 5352 ὗν
1771 5295 1969 5368 ὑπερη-

317 5381 479 5455 φανίᾳ
537 5381 757 5437 δύναται
819 5382 1168 5438 ταπεινῶσαι.
1205 5405 1232 5433 ››
1293 5385 1410 5451 Τήν
1463 5382 1648 5439 τοίνυν
1705 5382 1765 5440 in
1833 5389 1969 5440 Θεοῦ

318 5469 564 5534 δοθεῖσαν
622 5466 966 5527 πολυολὸίαν
1023 5471 1220 5545 ῥώμην
1275 5492 1336 5526 τε
1389 5471 1479 5526 καὶ
1553 5473 1897 5552 περιφάνειαν
1939 5474 1967 5527 ὁ

317 5566 466 5624 θεῖος
546 5559 715 5637 λόγος
801 5559 1156 5638 ὑπεμιραίνων
1243 5557 1332 5617 διὰ
1414 5561 1682 5635 Ἰερεμίου
1754 5563 1966 5636 φάσκει·

313 5675 340 5704 ι(
375 5647 518 5708 Τάδε
551 5648 696 5727 λέγει
741 5649 963 5725 Κύριος*
1020 5647 1161 5708 Ἰδοὺ
1210 5646 1420 5708 δέδωκα
1472 5653 1554 5724 [Ρ.
1609 5653 1736 5724 117]
1793 5656 1964 5706 πᾶσαν

388 5769 434 5804 ⁷⁴
476 5769 620 5828 Dan.
655 5785 729 5837 iv,
755 5770 938 5823 31-34.
1016 5767 1064 5802 7⁵
1092 5771 1206 5824 Jer.
1237 5786 1431 5833 xxvm,
1476 5769 1558 5824 14.

1638 5770 1681 5803 ⁷³
1709 5771 1822 5824 Jer.
1858 5787 1930 5840 γι,
1974 5772 2059 5825 23.

2067 3336 2257 3391 instar
2277 3337 2473 3391 carnis
2506 3336 2725 3390 redacti
2751 3335 3074 3392 snnt.Multi
3089 3342 3287 3393 autem
3307 3353 3444 3395 cum
3459 3337 3710 3405 exirent,

2072 3442 2207 3481 eum
2237 3443 2356 3480 non
2389 3425 2683 3490 viderunt,
2717 3424 2844 3479 solo
2891 3425 3132 3479 Danielo
3174 3431 3440 3497 excepto.
3473 3427 3527 3482 Is
3559 3427 3722 3484 enim

2073 3520 2196 3571 toto
2227 3515 2359 3585 ejus
2389 3514 2738 3570 mutationis
2772 3519 3037 3584 tempore
3069 3531 3174 3585 pro
3208 3515 3335 3586 ipso
3368 3515 3722 3586 deprecatus

2073 3603 2310 3660 assidue
2338 3603 2692 3658 fuit.Exacto
2727 3603 3040 3674 septennio
3085 3603 3631 3662 Nabuchodonosor
3660 3605 3732 3662 ad

2075 3713 2137 3750 se
2167 3695 2371 3754 rediit.
2411 3711 2634 3765 sexque
2666 3695 2947 3766 deinceps
2995 3712 3185 3750 annos
3253 3703 3308 3751 et
3358 3698 3498 3752 anni
3531 3698 3733 3753 semis-

2075 3801 2199 3839 sem
2235 3784 2447 3854 exegit,
2483 3785 2599 3837 Deo
2633 3799 2762 3838 sese
2809 3784 3211 3840 submittendo
3244 3791 3303 3839 et
3348 3785 3567 3841 delicta
3619 3803 3728 3842 sua

2077 3871 2456 3937 conﬁtendo;
2498 3888 2692 3941 neque
2723 3872 2813 3926 vel
2845 3888 3057 3942 panem
3092 3873 3215 3926 edit
3270 3889 3463 3943 neque
3521 3874 3723 3931 vinum

2078 3962 2244 4029 bibit,
2269 3961 2447 4016 vitam
2466 3960 2815 4015 madefactis
2838 3961 3247 4030 leguminibus
3269 3967 3329 4016 et
3348 3961 3611 4018 oleribus
3635 3969 3726 4018 to-

2076 4053 2296 4118 lerans,
2325 4050 2523 4121 magni
2556 4050 3064 4112 Danielihortatu,
3101 4050 3404 4121 Deumque
3439 4056 3560 4107 toto
3593 4051 3724 4108 vita)

2077 4158 2196 4196 suae
2223 4146 2489 4210 tempore
2551 4155 2794 4210 pacans.
2843 4139 2996 4195 205
3039 4140 3373 4196 Secundum
3428 4140 3554 4197 haec
3599 4140 3723 4211 ipse

2080 4232 2160 4285 ita
2185 4230 2258 4287 de
2291 4246 2399 4284 sua
2418 4229 2793 4284 restitutione
2817 4228 3084 4299 loquitur
3101 4228 3166 4283 7‘.
3192 4254 3217 4278 α
3255 4230 3334 4286 Eo
3361 4235 3626 4300 tempore
3652 4229 3725 4286 ad

2081 4320 2348 4376 animum
2379 4318 2552 4386 redii,
2584 4317 2925 4388 regiamque
2976 4317 3323 4390 dignitatem
3383 4319 3600 4390 recepi,
3660 4335 3728 4377 ac

2080 4411 2287 4465 format-
2319 4425 2466 4464 mem
2497 4408 2808 4463 restitutus
2856 4424 3010 4475 sum,
3042 4409 3463 4480 principesque
3494 4415 3553 4464 et
3580 4426 3729 4481 prae-

2079 4498 2217 4554 fecti
2249 4498 2368 4553 mei
2406 4513 2503 4551 me
2541 4496 3002 4566 requisiverunt,
3024 4514 3093 4554 ac
3118 4498 3177 4554 in
3210 4515 3393 4571 regno
3427 4515 3558 4557 meo
3589 4515 3729 4556 con-

2084 4588 2374 4653 ﬁrmatus,
2408 4591 2618 4640 auctus
2640 4586 2816 4640 etiam
2861 4603 2989 4641 sum
3050 4587 3338 4659 ampliore
3399 4589 3730 4658 majestate.

2083 4678 2248 4733 Nunc
2278 4677 2476 4747 itaque
2511 4691 2615 4746 ego
2648 4675 3190 4734 Nabuchodonosor
3213 4677 3642 4743 laudo,extollo
3674 4680 3732 4730 et

2080 4765 2339 4836 prmdico
2371 4765 2619 4835 gloriam
2681 4765 2935 4820 cmlestis
2979 4767 3156 4838 regis,
3190 4767 3472 4836 quoniam
3529 4764 3730 4820 omnia

2083 4853 2210 4923 ejus
2257 4853 2415 4908 facta
2468 4857 2631 4907 recta
2659 4859 2818 4919 sunt,
2851 4869 2919 4908 ac
2943 4853 3173 4924 justum
3204 4853 3267 4911 in
3305 4852 3569 4911 moribus
3599 4853 3726 4924 ejus

2074 4939 2392 5011 judicium.
2428 4942 2598 5010 Isque
2629 4957 2836 4997 omnes
2868 4940 3021 4996 elate
3051 4957 3180 4998 sese
3228 4945 3499 5011 gerentes
3529 4939 3729 5010 depri-

2081 5046 2246 5086 mere
2273 5031 2459 5094 novit,
2477 5051 2504 5080 ››
2538 5031 2688 5086 Sane
2719 5046 2861 5100 opes
2891 5030 3216 5100 potentiam
3257 5034 3434 5099 atque
3478 5029 3726 5100 gloriam

2080 5120 2167 5176 illi
2201 5136 2238 5176 a
2265 5121 2385 5177 Deo
2407 5135 2710 5184 concessa,
2743 5135 2910 5175 sacra
2931 5118 3230 5189 Scriptura
3258 5116 3726 5177 verbisJeremiaa

2081 5210 2166 5265 sic
2198 5208 2423 5264 indicat
2442 5206 2513 5263 ⁸³⁸.
2552 5229 2579 5257 «
2617 5209 2750 5264 Haec
2781 5207 3224 5266 dicitDominus
3255 5222 3269 5262 :
3301 5208 3446 5265 Ecce
3487 5224 3726 5268 omnem

2082 5299 2235 5353 hanc
2269 5304 2486 5354 terram
2522 5295 3086 5353 Nebuchodonosori
3125 5296 3248 5368 regi
3306 5296 3619 5370 Babylonis
3666 5299 3730 5358 in

2080 5387 2424 5443 servitutem
2456 5384 2759 5450 tradidi,et
2790 5384 3012 5441 bestias
3066 5385 3384 5451 silvestres,
3413 5393 3480 5446 ut
3508 5389 3561 5445 ei
3594 5405 3735 5462 Ope.

2082 5479 2309 5529 rentur.
2341 5475 2492 5530 Gens
2522 5479 2719 5529 autem
2753 5479 2810 5528 et
2840 5489 3085 5544 regnum
3118 5474 3276 5544 quod
3299 5477 3428 5548 ejus
3450 5477 3586 5548 iugo
3621 5477 3736 5534 col-

2081 5561 2206 5620 lum
2256 5578 2378 5618 non
2399 5561 2751 5627 subdiderit,
2778 5562 2934 5619 ferro
2965 5567 3024 5620 et
3051 5563 3207 5621 fame
3229 5581 3264 5620 a
3286 5582 3381 5624 me
3427 5567 3728 5638 punietur,

2082 5652 2372 5722 tantisper
2401 5650 2544 5706 dum
2570 5666 2750 5708 manu
2774 5651 2903 5723 ejus
2925 5652 3483 5716 conficiatur.»ltem
3504 5655 3578 5711 7‘:
3599 5654 3733 5710 «Est
