4186 6190
410 349 525 409 239
969 357 974 362 ·
1763 337 2085 399 GEORGII
2129 337 2474 398 CEDRENI
3694 341 3816 401 2ιο

408 485 593 552 ferox,
626 488 683 538 et
733 499 850 539 non
909 477 1303 536 miserebitur.
1363 477 1482 530 Vox
1539 473 1668 544 ejus
1726 479 1816 528 est
1863 473 2053 528 instar

2163 470 2262 537 τήν
2319 475 2423 544 γῆν
2480 473 2559 540 τῷ
2626 463 3118 543 Ναϐουχοδονόσορ
3202 470 3421 544 βασιλεῖ
3487 466 3815 533 Βαϐυλῶνος

410 574 640 629 sonitus
671 571 854 626 maris
869 565 1418 636 ﬂuctuantis.Equis
1432 562 1826 632 curribusque
1851 561 2059 617 multis

2169 555 2444 613 δουλεύειν
2475 555 2642 630 αὐτῷ,
2673 557 2860 612 καὶτὰ
2907 557 3070 632 θηρία
3125 563 3221 613 τοῦ
3279 559 3446 634 ἀγροῦ
3497 558 3817 636 ἐργάζεσθαι

411 660 913 732 instructus,ignis
929 659 988 711 in
1003 671 1230 710 morem
1244 659 1298 708 te
1313 655 1509 726 cinget
1531 653 1864 717 obsidione,
1878 670 1912 707 o
1937 652 2059 706 filia

2165 645 2333 718 αὐτῷ.
2373 645 2470 702 Καὶ
2521 646 2582 701 τὸ
2644 639 2791 706 ἔθνος
2849 647 2938 701 καὶ
2998 650 3032 717 ἡ
3097 646 3364 722 βασιλεία,
3422 646 3540 703 ὅσοι
3607 648 3668 703 ἄν
3737 653 3812 722 μὴ

411 753 625 807 Sionis.
661 771 688 798 »
719 729 864 803 Item
896 745 941 780 ⁷⁷
966 763 977 800 :
1007 768 1032 794 ‹‹
1061 745 1144 800 Ob
1167 761 1368 799 vocem
1387 743 1644 814 impetus
1667 742 1795 814 ejus
1824 746 2059 796 etarma

2165 729 2451 808 ἐμϐάλωσι
2495 736 2584 789 τὸν
2633 733 2920 810 τράχηλον
2981 736 3159 790 αὐτῶν
3218 737 3321 790 ὑπὸ
3375 737 3438 792 τὸ
3496 739 3655 811 ζυγὸν
3716 741 3814 794 αύ-

409 840 622 911 pedum
661 837 866 908 ipsius,
902 841 959 890 et
985 839 1224 906 propter
1254 849 1534 888 curruum
1568 831 1697 902 ejus
1721 831 2056 901 quassatio-

2162 829 2282 892 τοῦ,
2315 824 2378 878 ἐν·
2403 824 2651 903 μαχαίρᾳ
2691 824 2781 879 καὶ
2843 825 2896 879 ἐν
2946 823 3099 897 λιμῷ
3149 825 3414 899 σκέψομαι
3466 827 3662 890 αὐτοὺς
3709 825 3815 892 ἕως

409 945 547 983 nem
579 943 646 982 ac
673 925 934 981 sonitum
966 929 1252 982 rotarum.
1285 939 1403 976 non
1418 926 1838 976 convertentur
1858 927 2056 990 patres

2166 913 2226 968 άν
2260 912 2583 968 ἐκλείπωσιν
2608 914 2659 968 ἐν
2690 915 2839 993 χειρὶ
2875 915 3056 971 αὐτοῦ.
3108 941 3136 967 ι(
3173 917 3291 985 Καὶ,
3328 940 3355 966 ››
3415 918 3628 990 Ἰταμὸν
3680 917 3811 986 ἐστι,

409 1017 480 1072 ad
506 1016 654 1071 ﬁlios
686 1032 844 1081 suos,
878 1032 998 1086 przn
1031 1012 1386 1068 lassitudine
1412 1027 1700 1067 manuum
1733 1026 1995 1066 suarum.
2025 1032 2053 1058 κ

2163 1003 2252 1057 καὶ
2285 1002 2384 1058 οὐκ
2416 1001 2655 1074 ἐλεήσει.
2690 1006 2855 1073 ψωνή
2888 1003 3054 1059 αὐτοῦ
3099 1005 3173 1066 ὡς
3229 1003 3471 1067 θάλασσα
3523 1006 3815 1068 κυμαίνου-

409 1112 551 1160 ltem
573 1104 652 1158 73:
677 1128 704 1154 α
729 1107 810 1158 Ex
834 1105 993 1158 Dane
1017 1103 1293 1158 audietur
1320 1101 1592 1156 fremitus
1615 1116 1902 1170 equorum
1923 1099 2052 1170 ejus

2164 1113 2248 1147 σα.
2312 1094 2428 1168 Ἐφ’
2480 1093 2675 1154 ’ίπποις
2730 1091 2968 1155 πολλοῖς
3023 1095 3112 1148 καὶ
3188 1095 3394 1168 ἆρμασι
3451 1097 3811 1166 παρατάξεται

405 1195 886 1252 accelerantium.
907 1216 932 1241 ››
949 1191 1057 1247 Sed
1074 1198 1128 1246 et
1143 1189 1484 1245 Ezechielus
1498 1190 1578 1244 ita
1591 1190 1941 1244 vaticinatur
1961 1187 2008 1221 7°
2033 1205 2052 1244 :

2161 1181 2236 1242 ὠς
2267 1187 2398 1254 πῦρ,
2431 1182 2508 1244 εἷς
2561 1181 2808 1254 πόλεμον
2839 1182 2925 1238 ἐπὶ
2983 1183 3040 1237 σε
3120 1184 3344 1258 θύγατερ
3397 1185 3562 1239 Σιών.
3603 1209 3629 1236 ι)
3681 1186 3809 1256 Καὶ,

405 1309 433 1335 ‹‹
456 1287 602 1341 Ecce
627 1300 730 1354 ego
759 1287 965 1337 contra
987 1282 1233 1350 te,Tyre,
1261 1279 1489 1333 adduco
1505 1278 2050 1334 Nabuchodonoso-

2164 1295 2190 1322 ι(
2222 1272 2356 1327 Ἀπὸ
2386 1274 2567 1342 φωνῆς
2599 1273 2778 1346 ὁρμῆς
2808 1273 2972 1328 αὑτοῦ
3020 1275 3112 1327 καὶ
3159 1273 3265 1328 ἀπὸ
3312 1278 3418 1326 τῶν
3464 1272 3654 1330 ὅπλων
3701 1280 3808 1330 τῶν

403 1389 528 1428 rem
560 1371 713 1427 206
745 1385 944 1440 regem
976 1366 1312 1438 Babylonis,
1346 1382 1544 1437 regem
1577 1381 1804 1437 regum,
1826 1365 2050 1420 instru-

2159 1359 2340 1417 ποδῶν
2402 1362 2590 1436 αὐτοῦ.
2626 1363 2714 1417 καὶ
2765 1362 2871 1417 ἀπὸ
2929 1369 3154 1435 σεισμοῦ
3213 1364 3320 1418 τῶν
3390 1365 3647 1438 ἁρμάτων
3715 1365 3807 1418 καὶ

402 1467 563 1516 ctum
595 1459 784 1530 equis,
819 1457 1088 1512 curribus
1129 1461 1187 1510 et
1216 1453 1526 1509 conductis
1559 1453 1878 1508 multarum
1914 1470 2050 1524 gen-

2160 1454 2308 1526 ἢχου
2363 1456 2583 1526 τροχῶν
2642 1451 2804 1506 αὐτοῦ
2880 1451 2979 1506 οὐκ
3029 1451 3520 1529 ἐπιστρατηίςονται
3577 1457 3805 1526 πατέρες

403 1552 551 1605 tium
576 1547 913 1620 ingentibus
935 1545 1141 1616 copiis.
1169 1547 1220 1599 ls
1248 1549 1301 1598 te
1323 1543 1474 1598 vallo
1497 1543 1774 1612 fossaque
1797 1543 2048 1597 circum-

2157 1539 2245 1595 ἐπὶ
2279 1541 2429 1604 υἱοὺς
2458 1539 2656 1610 αὐτῶν,
2690 1541 2794 1595 ἀπὸ
2819 1538 3092 1604 ἐκλύσεως
3129 1545 3330 1615 χειρῶν
3372 1542 3568 1598 αὐτῶν⁹
3601 1568 3628 1594 ››
3675 1544 3803 1611 Καὶ,

400 1640 595 1695 veniet
625 1642 682 1693 et
711 1635 941 1692 infestis
971 1633 1172 1688 armis.
1197 1635 1390 1687 Muros
1418 1639 1475 1686 et
1496 1637 1690 1686 turres
1711 1637 1843 1686 tuas
1867 1632 2048 1686 armis

2158 1653 2186 1679 «
2217 1632 2315 1685 Ἐκ
2335 1629 2460 1684 Διὰν
2490 1627 2880 1700 ἀκουσθήσεται
2907 1630 3057 1706 φωνή
3092 1629 3349 1702 ὀξύτητος
3363 1627 3549 1684 ἳππων
3572 1631 3756 1687 αὐτοῦ.
3774 1654 3802 1682 n

401 1728 675 1799 dejiciet;
707 1724 1016 1796 pulvisque
1057 1739 1090 1777 a
1139 1720 1526 1776 multitudine
1576 1736 1866 1791 equorum
1917 1720 2047 1792 ejus

2157 1718 2253 1772 Καὶ
2287 1715 2672 1787 διὰἸεζεκιῆλ
2733 1718 2907 1782 οὕτως
2966 1719 3135 1796 λέγει·
3176 1744 3195 1769 ι
3260 1717 3398 1774 Ἰδοὺ
3458 1719 3562 1791 ἐγὼ
3621 1719 3803 1796 ἐπάγω

403 1818 692 1873 excitatus
720 1821 774 1869 te
807 1813 1058 1884 obteget.
1095 1833 1123 1860 ››
1169 1814 1250 1864 Ac
1280 1827 1516 1864 rursum
1546 1808 1629 1864 δοε
1664 1833 1690 1858 ‹‹
1730 1811 1846 1864 Ηοο
1893 1809 2048 1862 fatur

2155 1800 2238 1860 ἔπὶ
2303 1808 2410 1880 Σὸρ
2473 1803 2962 1882 Ναϐουχοδονόσορ
3052 1807 3279 1882 βασιλέα
3336 1803 3685 1875 Βαϐυλῶνος,
3741 1809 3803 1871 ὅς

401 1908 689 1964 Dominus
721 1907 892 1960 Deus.
926 1905 1071 1958 Ecce
1101 1918 1206 1972 ego
1236 1903 1542 1972 .Egyptum
1576 1899 2045 1956 Nabuchodono-

2155 1893 2266 1948 ἐστι
2317 1894 2573 1969 βασιλεὺς
2633 1894 2922 1969 βασςλέων,
2991 1898 3107 1968 μεθ’
3163 1896 3346 1952 ἳππων
3410 1899 3496 1952 καὶ
3540 1899 3799 1971 άομάτων

404 1998 522 2052 sori
559 1995 743 2049 trado.
779 1995 832 2047 Is
863 1991 1048 2062 copiis
1079 1990 1210 2060 ejus
1241 1990 1500 2060 potietur
1549 2006 1615 2044 ac
1665 1989 1856 2060 spolia
1891 1988 2046 2060 leget

2151 1985 2238 2037 καὶ
2268 1991 2586 2061 συναγωγῆς
2619 1983 2782 2039 ἐθνῶν
2812 1983 3038 2040 πολλῶν
3089 1983 3319 2059 σφόδρα,
3377 1985 3466 2040 καὶ
3513 1983 3804 2059 περιϐαλεῖ

402 2092 460 2140 et
483 2083 743 2157 praedam
777 2086 1016 2136 avertet.
1045 2081 1352 2150 Egyptum
1385 2078 1438 2132 ei
1466 2078 1757 2133 mercedis
1787 2077 1914 2132 loco
1947 2076 2042 2144 do,

2154 2093 2238 2127 σοι
2267 2074 2489 2150 τάφρον,
2536 2074 2625 2128 καὶ
2676 2071 3034 2146 οἶκοδομήσει
3092 2095 3150 2130 σε
3205 2074 3394 2147 κύκλῳ
3436 2077 3650 2150 χάρακα
3706 2077 3797 2130 καὶ

402 2175 475 2230 ob
507 2177 780 2227 navatam
843 2168 987 2222 mihi
1047 2166 1330 2222 adversus
1377 2168 1590 2237 Tyrum
1647 2183 1930 2237 operam;
1976 2181 2043 2220 ac

2151 2162 2458 2238 περίστασιν
2507 2161 2718 2231 ὅπλων,
2777 2164 2865 2218 καὶ
2921 2164 3016 2226 τὰς
3075 2162 3288 2240 λόγχας
3329 2165 3493 2219 αὐτοῦ
3548 2165 3581 2219 ά
3626 2165 3796 2220 ἐναντί

397 2280 504 2335 per
533 2263 726 2333 ipsum
760 2257 1003 2330 perdam
1063 2255 1508 2310 multitudinem
1558 2257 1976 2326 .Egyptiorum.
2015 2278 2042 2304 ››

2152 2274 2247 2307 σου
2307 2250 2489 2308 δώκει.
2549 2254 2628 2310 Τὰ
2684 2253 2845 2328 τείχη
2907 2275 3004 2309 σου
3050 2254 3142 2308 καὶ
3217 2256 3344 2316 τοὺς
3410 2253 3653 2330 πύργους
3700 2277 3797 2310 σου

397 2354 602 2423 Itaque
633 2352 1100 2405 consentaneum
1119 2351 1212 2402 est
1240 2345 1396 2415 quod
1422 2345 1474 2400 ei
1500 2345 1780 2400 Danielus
1799 2344 2039 2400 dixit“:

2151 2340 2372 2396 καθελεῖ
2401 2342 2452 2395 ἐν
2484 2347 2599 2402 τοῖς
2630 2339 2827 2406 ὅπλοις
2883 2342 3068 2397 αὐτοῦ·
3131 2343 3237 2398 ἀπὸ
3295 2341 3353 2399 δὲ
3405 2348 3502 2398 τοῦ
3553 2343 3803 2414 πλήθους

398 2465 426 2492 ‹‹
461 2443 545 2497 Tu
575 2457 678 2495 rex
735 2453 937 2510 regum
997 2452 1081 2504 es,
1143 2435 1236 2489 cui
1270 2434 1524 2489 caelestis
1583 2435 1739 2488 Deus
1797 2450 2042 2506 regnum

2151 2435 2256 2484 τῶν
2301 2429 2488 2484 ’ἰππων
2547 2431 2710 2485 αὐτοῦ
2768 2431 3001 2506 καλύψει
3060 2453 3117 2486 σε
3173 2435 3457 2507 κονιορτὸς
3518 2432 3712 2489 αὐτῶν.
3775 2458 3804 2485 n

397 2530 561 2586 dedit
580 2528 839 2584 validum
872 2542 938 2580 ac
967 2530 1179 2596 potens
1211 2528 1268 2577 et
1290 2523 1629 2593 ubicunque
1658 2523 1930 2578 homines
1952 2524 2044 2577 in-

2155 2521 2251 2574 Καὶ
2281 2520 2469 2576 πάλιν*
2510 2546 2530 2570 ι
2563 2518 2698 2575 Τάδε
2743 2519 2893 2596 λέγει
2945 2519 3177 2577 Ἀδωναιί
3226 2523 3450 2596 Κύριος·
3501 2519 3643 2578 ’ἰδοὺ
3699 2523 3808 2597 ἐγὼ

347 2645 352 2650 ·
397 2621 602 2676 colunt
649 2617 846 2689 magni
904 2615 1283 2669 aestimatum.
1343 2614 1410 2666 In
1463 2617 1623 2667 tuam
1691 2619 2000 2684 potestate]

2157 2607 2469 2682 δίδωμιτῷ
2500 2605 2991 2688 Ναϐουχοδονόσορ
3043 2613 3145 2679 τῆς
3200 2619 3304 2685 γῆν
3359 2611 3662 2684 Αἰγύπτου,
3719 2611 3810 2666 καὶ

400 2709 644 2765 tradidit
672 2709 826 2761 feras
857 2709 1119 2776 agrestes
1168 2708 1225 2757 et
1271 2718 1476 2756 aereas
1525 2702 1810 2766 volucres,
1872 2708 2044 2773 teque

2158 2698 2387 2772 λήψεται
2417 2701 2479 2755 τὸ
2510 2697 2724 2769 πλῆθος
2780 2701 2972 2768 αὐτῆς,
3041 2702 3131 2755 καὶ
3179 2699 3464 2756 σκυλεύσει
3518 2702 3588 2755 τὰ
3635 2701 3811 2757 σκῦλα

401 2798 669 2853 omnium
702 2793 1011 2848 dominum
1044 2790 1368 2844 constituit.
1402 2792 1484 2844 Tu
1514 2807 1576 2844 es
1599 2782 1846 2844 aureum
1895 2792 2044 2846 illud

2159 2787 2340 2857 αὐτῆς,
2380 2788 2470 2842 καὶ
2501 2789 2862 2863 προνομεύσει
2914 2790 3015 2858 τήν
3071 2791 3358 2863 προνομὴν
3404 2791 3596 2860 αὐτῆς.
3652 2791 3812 2849 ’Δντὶ

400 2891 606 2940 statuae
639 2887 834 2952 caput,
869 2884 926 2933 et
956 2877 1132 2932 arbor
1160 2893 1291 2947 qua)
1315 2877 1375 2930 in
1409 2878 1879 2948 magnitudinem
1910 2897 2045 2934 suc-

2155 2885 2253 2946 τῆς
2308 2877 2651 2952 λειτουργίας
2707 2877 2778 2946 ἧς
2831 2875 3148 2933 ἐδούλευσεν
3204 2879 3292 2934 ἐπὶ
3349 2880 3526 2953 Τύρον
3587 2877 3808 2935 δέδωκα

399 2974 598 3036 crevit,
631 2972 714 3024 ita
743 2974 808 3024 ut
854 2966 1067 3022 caelum
1130 2964 1437 3020 cacumine
1484 2965 1754 3037 attingat,
1809 2973 1866 3022 et
1915 2985 2044 3022 am.

2157 2966 2299 3038 αύτῷ
2355 2969 2454 3036 τήν
2515 2974 2617 3043 γῆν
2679 2967 2979 3042 Αἰγύπτου,
3040 2969 3130 3023 καὶ
3215 2968 3409 3024 ἀπολῶ
3467 2970 3531 3024 τὸ
3588 2969 3810 3039 πλῆθος

396 3061 628 3134 plitudo
662 3059 723 3113 in
753 3057 1093 3113 universam
1129 3059 1344 3109 terram
1378 3054 1714 3126 porrigatur
1771 3055 1878 3109 sub
1928 3073 2046 3127 qua

2158 3055 2463 3130 Αἰγυπτίων
2520 3053 2586 3110 δι’
2641 3057 2828 3112 αὑτοῦ.
2893 3079 2916 3108 υ
2977 3055 3218 3120 Εἷκότως
3303 3059 3396 3113 οὗν
3457 3056 3613 3133 ἔλεγε
3670 3059 3811 3134 πρὸς

394 3156 534 3210 fera:
565 3153 799 3224 degant.
833 3151 975 3203 Nam
1002 3146 1328 3218 potentiam
1354 3151 1411 3200 et
1433 3145 1806 3216 majestatem
1835 3154 2044 3202 nactus

2156 3144 2311 3201 αὐτὸν
2344 3146 2570 3215 Δανιήλο
2633 3171 2658 3197 ((
2692 3147 2768 3200 Σὺ
2819 3145 3076 3220 βασιλεὺς
3131 3144 3424 3222 βασιλέων,
3458 3147 3504 3221 ᾦ
3533 3149 3664 3212 Θεὸς
3710 3153 3809 3203 τοῦ

397 3261 460 3300 es
487 3201 830 3306 maxiTnam,
879 3237 1280 3307 majestasque
1308 3240 1408 3288 tua
1438 3234 1483 3288 it
1507 3234 1675 3302 coelo,
1701 3239 1759 3290 et
1777 3237 2046 3306 potentia

2497 3201 2506 3215 .
2819 3201 2828 3220 .
3057 3201 3072 3210 τ
3131 3201 3156 3222 .-
3475 3201 3492 3221 ,ν

2153 3235 2385 3310 ούρανοῦ
2419 3233 2696 3310 βασιλείαν
2751 3235 2976 3310 ἰσχυράν
3025 3256 3081 3290 τε
3129 3235 3219 3290 καὶ
3267 3237 3529 3310 κραταιὰν
3576 3235 3801 3304 ἔδωκεν,

393 3333 468 3390 ad
491 3333 640 3387 ﬁnes
672 3337 843 3385 terrae
874 3323 1274 3397 protenditur.
1319 3346 1338 3368 ι
1829 3319 1832 3324 ’
2152 3321 2371 3396 ἔντιμον
2404 3321 2454 3377 ἐν
2499 3324 2660 3378 παντὶ
2713 3323 2870 3395 τόπῳ
2909 3323 3048 3378 ὃπου
3104 3329 3453 3380 κατοικοῦσιν
3523 3325 3636 3380 υἱοὶ
3693 3330 3806 3380 τῶν

392 3421 712 3494 ἀνθρώπων·
773 3412 946 3487 Θηρία
1001 3433 1058 3466 τε
1112 3415 1208 3466 τοῦ
1266 3411 1437 3486 ἀγροῦ
1490 3411 1576 3465 καὶ
1637 3413 1850 3466 πετεινᾶ
1906 3416 2001 3467 τοῦ
2070 3413 2298 3487 ούρανοῦ
2356 3409 2550 3468 ἔδωκεν
2610 3413 2662 3467 ἐν
2720 3417 2788 3485 τῇ
2847 3411 2996 3488 χειρί
3056 3435 3172 3484 σου,
3232 3415 3320 3468 καὶ
3377 3415 3676 3485 κατέστησέ
3745 3434 3816 3469 σε’

393 3507 583 3581 κύριον
633 3504 866 3560 πάντων.
937 3500 1034 3554 Καὶ
1095 3508 1158 3553 σύ
1215 3500 1266 3554 εἶ
1319 3502 1354 3569 ἡ
1409 3507 1587 3574 χρυσῆ
1643 3499 1856 3578 κεφαλή
1911 3504 2014 3565 τῆς
2071 3501 2304 3569 εικόνος,
2362 3502 2453 3557 καὶ
2508 3504 2571 3557 τὸ
2639 3499 2854 3576 δένδρον
2915 3503 2944 3556 ὅ
3004 3500 3141 3565 εἶδες
3193 3504 3258 3558 τὸ
3319 3505 3676 3579 μεγαλυνθὲν,
3737 3505 3805 3558 οὗ

397 3598 624 3667 τὸῦψος
655 3591 876 3672 ἔφθασεν
909 3589 986 3650 εἷς
1016 3590 1108 3644 τὸν
1164 3588 1386 3663 οὐρανὸν
1445 3589 1535 3643 καὶ
1595 3590 1658 3644 τὸ
1712 3590 1874 3652 κύτος
1915 3591 2080 3646 αὐτοῦ
2136 3591 2213 3653 εἳς
2270 3596 2440 3646 πᾶσαν
2499 3594 2598 3661 τὴν
2648 3599 2770 3664 γῆν,
2828 3591 2916 3646 καὶ
2982 3593 3240 3648 ὑποκάτω
3302 3594 3470 3648 αὐτοῦ
3524 3595 3810 3666 κατῴκουν

397 3685 464 3740 τὰ
517 3683 698 3758 θηρία·
756 3682 838 3735 ὅτι
896 3677 1269 3752 ὶμεγαλύνθης
1321 3677 1410 3732 καὶ
1479 3678 1864 3754 ὑπερίσχυσας,
1927 3680 2018 3734 καὶ
2075 3683 2110 3749 ἡ
2173 3678 2529 3756 μεγαλωσύνη
2591 3702 2685 3735 σου
2744 3677 2967 3745 ἔφθασεν
3027 3681 3101 3743 εἷς
3158 3682 3250 3737 τὸν
3321 3682 3550 3756 οὐρανὸν
3617 3684 3706 3737 καὶ
3769 3685 3804 3752 ἡ

403 3773 587 3849 κυρεία
618 3793 714 3827 σου
745 3770 819 3832 εἷς
858 3769 924 3824 τὰ
954 3767 1158 3842 πέρατα
1186 3773 1286 3836 τῆς
1318 3773 1442 3842 γῆς.
1478 3792 1506 3818 ››

477 3859 1037 3920 Nabuchodonosori
1067 3857 1351 3913 successit
1374 3857 1876 3914 Ulemarodacbus
1891 3859 2048 3914 ﬁlius

2155 3859 2305 3916 Μετᾶ
2364 3857 2419 3914 δὲ
2480 3855 2969 3937 Ναϐουχοδονόσορ
3057 3855 3398 3914 ἐϐασίλευσεν
3478 3859 3805 3935 Οὐλεμαρο-

406 3962 461 4011 et
487 3951 964 4025 quinquennium
997 3947 1277 4020 regnavit.
1311 3947 1364 4001 Is
1393 3947 1737 4002 Jechoniam
1795 3948 2046 4004 vinculis

2155 3943 2264 4022 δᾶχ
2293 3948 2410 4011 υἱὸς
2437 3949 2603 4002 αὐτοῦ
2633 3945 2726 4018 ἔτη
2780 3955 2836 4018 ε’,
2887 3948 2945 4010 ὅς
3001 3949 3093 4004 τὸν
3145 3949 3408 4024 Ἰεχονίαν
3466 3947 3634 4012 λύσας
3689 3954 3801 4004 τῶν

401 4047 660 4102 solutum
691 4043 952 4099 convivio
974 4039 1262 4096 adhibuit.
1302 4039 1380 4092 De
1403 4054 1518 4108 quo
1538 4045 1594 4092 et
1627 4039 1684 4092 in
1710 4039 2042 4111 Regnorum

2153 4033 2362 4109 δεσμῶν
2392 4035 2618 4107 ἐποίησε
2659 4038 3043 4111 συνεστιάτορα
3090 4037 3274 4094 αὐτοῦ.
3333 4037 3462 4112 Περὶ
3523 4038 3585 4093 οὗ
3643 4060 3730 4092 και
3764 4041 3798 4107 ἡ

398 4135 646 4191 historia
667 4133 954 4203 scriptum
977 4134 1149 4195 est,et
1163 4127 1448 4182 Jeremias
1480 4127 1563 4181 sic
1589 4129 1671 4180 ait
1699 4127 1746 4162 ⁸³
1769 4144 1781 4181 :
1811 4149 1838 4177 α
1872 4131 2042 4182 Anno

2148 4130 2256 4180 τῶν
2290 4125 2589 4182 Βασιλειῶν
2656 4125 2864 4202 ἱστορία
2921 4129 3006 4181 καὶ
3071 4128 3098 4181 ὁ
3147 4132 3290 4190 θεῖος
3349 4126 3616 4202 Ἱερεμίας
3671 4125 3799 4206 ἔιρη·

393 4230 528 4296 post
556 4224 702 4279 207
741 4220 1060 4275 abductum
1083 4218 1143 4271 in
1175 4215 1425 4270 vinculis
1444 4216 1812 4271 Joachimum
1845 4233 2041 4289 regem

2148 4239 2174 4266 ι(
2211 4214 2313 4270 Καὶ
2345 4213 2558 4291 ἐγένετο
2589 4214 2642 4269 ἐν
2671 4220 2751 4286 τῷ
2797 4221 3107 4290 τριακοστῷ
3157 4211 3378 4288 ἑϐδόμῳ
3423 4213 3528 4270 ἔτει
3580 4217 3801 4270 ἀποικι-

391 4314 553 4369 Iudae
583 4311 884 4366 tricesimo
915 4308 1188 4378 septimo,
1221 4306 1500 4361 vicesima
1521 4313 1731 4377 quarta
1749 4307 1844 4362 die
1868 4324 2039 4362 men-

2148 4303 2360 4364 σθέντος
2389 4308 2486 4359 τοῦ
2519 4304 2777 4378 Ἰωακεὶμ
2810 4304 3081 4379 βασιλέως
3113 4302 3314 4374 Ἰούδα,
3363 4304 3414 4360 ἐν
3458 4309 3538 4377 τῷ
3591 4303 3801 4378 δεκάτῳ

394 4402 473 4455 sis
504 4399 741 4463 decimi,
775 4395 1292 4451 Evilmerodachus
1321 4411 1387 4449 eo
1419 4411 1576 4449 anno
1614 4395 2036 4465 Babylonicum

2149 4393 2302 4464 μηνὶ,
2335 4393 2386 4448 ἐν
2412 4398 2480 4466 τῇ
2529 4395 2762 4468 τετάρτῃ
2801 4394 2909 4460 ,καὶ
2967 4392 3140 4448 εἰκάδι
3189 4398 3291 4449 τοῦ
3351 4395 3548 4466 μηνὸς,
3609 4391 3802 4449 ἔλαϐεν

392 4505 645 4560 regnum
676 4486 922 4557 adeptus
952 4490 1285 4554 respectum
1320 4483 1527 4538 habuit
1554 4484 1840 4538 Joachimi
1884 4484 2038 4555 regis

2150 4479 2358 4536 Εὐελὰδ
2415 4480 2822 4557 Ούλεμαροδὰχ
2881 4483 3139 4557 βασιλεὺς
3201 4479 3552 4549 Βαϐυλῶνος,
3611 4482 3661 4538 ἐν
3720 4489 3803 4556 τῷ

392 4578 574 4644 ιῐιιὰω,
609 4591 862 4646 eumque
896 4591 966 4628 ex
999 4572 1267 4628 custodia
1297 4573 1357 4626 in
1398 4589 1574 4643 quam
1619 4572 1792 4626 datus
1849 4571 2042 4626 fuerat

2150 4569 2376 4643 ἐνιαυτῷ
2402 4570 2446 4642 ᾦ
2477 4567 2818 4641 ἐϐασίλουσε,
2847 4573 2945 4640 τήν
3004 4571 3246 4651 κεφαλὴν
3302 4572 3570 4648 βασιλέως
3619 4571 3801 4629 Ἰούδα

395 4668 616 4732 eduxit,
641 4665 1014 4736 benigneque
1027 4662 1337 4722 allocutus,
1355 4661 1570 4716 solium
1585 4660 1636 4714 ei
1657 4659 1821 4714 soliis
1835 4676 2038 4732 regum

2151 4660 2425 4732 Ἰωακεὶμ,
2459 4660 2546 4714 καὶ
2589 4660 2847 4737 ἐξήγαγεν
2908 4661 3068 4716 αύτὸν
3126 4661 3176 4731 ἐξ
3244 4659 3400 4716 οἴκου
3440 4663 3506 4714 οὗ
3566 4659 3793 4740 ἐφυλάτ.

395 4775 543 4830 quos
584 4771 785 4811 secum
841 4752 1099 4808 habebat
1155 4750 1450 4821 Babylone
1506 4750 1671 4821 prius
1719 4749 2036 4814 attribuit;

2147 4768 2289 4816 τετο,
2319 4748 2408 4802 καὶ
2451 4747 2718 4819 ἐλάλησεν
2769 4749 2916 4819 αὐτῷ
2968 4750 3206 4827 χρηστὰ,
3265 4749 3354 4803 καὶ
3396 4745 3593 4803 ἔδωκεν
3649 4749 3800 4820 αὐτῷ

393 4854 669 4918 vesteque
695 4861 812 4914 qua
842 4843 904 4897 in
935 4841 1203 4897 custodia
1237 4856 1378 4894 usus
1430 4845 1573 4902 erat,
1636 4843 1876 4892 exutum
1921 4838 2037 4892 alia

2143 4838 2235 4892 τὸν
2276 4835 2465 4915 δίφρον
2523 4837 2700 4894 ἐπάνω
2750 4845 2857 4894 τῶν
2919 4841 3124 4914 θρόνων
3189 4843 3296 4894 τῶν
3357 4838 3626 4913 βασιλέων
3683 4843 3794 4893 τῶν

391 4938 619 5002 induit;
650 4935 818 5005 isque
847 4931 1144 5001 reliquum
1178 4930 1310 4982 vitae
1343 4933 1575 4999 tempus
1607 4927 1804 4981 cibum
1836 4944 2036 4982 coram

2150 4933 2265 4998 μετ’
2296 4927 2459 4982 αύτοῦ
2492 4927 2544 4982 ἐν
2580 4923 2894 4996 Βαϐυλῶνι,
2949 4928 3038 4982 καὶ
3097 4931 3184 4998 [Ρ.
3240 4930 3366 4999 118]
3429 4927 3636 4999 ἢλλαξε
3692 4931 3794 4996 τὴν

393 5044 528 5099 rege
560 5024 832 5097 sumpsit.
869 5045 897 5071 »
929 5022 983 5075 Is
1007 5018 1352 5075 Joachimus
1371 5022 1478 5078 est.
1502 5017 1601 5086 qui
1622 5023 1681 5070 et
1699 5016 2032 5073 Jechonias.

2145 5015 2346 5085 στολήν
2377 5023 2476 5085 τῆς
2535 5016 2782 5094 φυλακῆς
2839 5018 3026 5085 αὐτοῦ,
3084 5018 3172 5071 καὶ
3235 5015 3394 5084 ἤσθιε
3447 5014 3537 5071 διὰ
3592 5017 3790 5078 παντὸς

392 5119 626 5172 Patrem
655 5115 812 5169 enim
846 5113 974 5184 ejus
1003 5109 1394 5166 Joachimum,
1422 5105 1530 5160 sub
1564 5122 1680 5177 quo
1705 5106 1764 5160 in
1789 5106 2032 5177 captivi-

2142 5101 2303 5176 ἅρτον
2330 5104 2464 5158 κατὰ
2511 5103 2804 5178 πρόσωπον
2853 5104 3042 5170 αὐτοῦ,
3089 5103 3264 5167 πάσας
3309 5105 3404 5165 τὰς
3463 5103 3674 5177 ἡμέρας
3722 5105 3784 5164 ἃς

387 5209 569 5259 tatem
597 5203 886 5258 abductus
917 5205 1006 5255 est
1035 5197 1335 5264 Danielus,
1359 5193 1900 5249 Nabuchodonosor
1927 5213 2033 5251 ne-

2142 5187 2350 5263 ἕζησεν·
2411 5218 2438 5244 ››
2497 5193 2754 5264 ἰωακεὶμ
2809 5191 2866 5248 δὲ
2930 5194 3087 5255 οὗτός
3146 5192 3258 5249 ἐστι
3342 5193 3432 5248 καὶ
3503 5194 3791 5268 Ἰεχονίας·

383 5298 580 5345 catum
613 5289 1036 5360 Hierosolymis
1065 5293 1230 5343 extra
1259 5283 1476 5340 manlia
1505 5283 1824 5354 abjecerat.

2143 5283 2400 5355 Ἰωακεῖμ
2427 5283 2530 5357 γὰρ
2564 5283 2656 5336 τὸν
2687 5283 2880 5338 τούτου
2922 5282 3147 5358 πατέρα,
3197 5283 3277 5358 ἐφ’
3338 5283 3399 5337 οὗ
3444 5283 3535 5337 καὶ
3586 5280 3793 5352 Δανιὴλ

380 5375 815 5456 ᾐχμαλωτίσθη,
847 5371 1336 5450 Ναϐουχοδονόσορ
1366 5369 1566 5426 άνιλὼν
1600 5369 1651 5425 ἐν
1684 5371 2048 5446 Ἰερουσαλὴμ
2076 5367 2290 5448 ἕρῥιψεν
2323 5367 2426 5441 ἔξω
2457 5375 2554 5426 τοῦ
2585 5372 2831 5450 τείχους.

452 5466 933 5522 Evilmerodacho
964 5467 1145 5522 frater
1166 5463 1472 5520 Balthasar
1493 5462 1796 5531 successit,
1820 5479 2031 5534 regna-

2211 5461 2357 5515 Μετᾶ
2414 5456 2470 5512 δὲ
2527 5457 2932 5539 Ούλεμαροδάχ
3016 5456 3330 5516 ἐϐασίλευσε
3420 5459 3708 5536 Βαλτάσαρ
3766 5463 3794 5514 ὁ

379 5557 574 5628 vitque
607 5573 792 5612 annos
821 5559 874 5611 3.
909 5557 1011 5610 llic
1063 5572 1194 5611 cum
1236 5555 1298 5609 in
1345 5552 1604 5608 convivio
1658 5553 2032 5622 profanasset

2146 5545 2373 5626 ἀδελφὸς
2433 5547 2598 5603 αὐτοῦ
2683 5548 2774 5620 ἔτη
2832 5553 2978 5624 τρία·
3041 5552 3099 5611 ὃς
3166 5550 3360 5622 μιάνας
3434 5551 3501 5605 τὰ
3554 5549 3799 5625 ἱερατικὰ

445 5648 487 5682 ⁷⁷
515 5649 630 5704 Jer.
665 5664 834 5716 xcvu,
874 5648 923 5699 3.
1027 5647 1069 5679 τε
1099 5647 1212 5700 Jcr.
1245 5660 1357 5709 vm,
1390 5645 1474 5696 16.
1579 5640 1624 5676 ⁷⁸
1655 5642 1854 5696 Ezech.
1896 5659 2028 5696 xxvi

377 5721 423 5757 ⁸²
453 5723 568 5777 Jer.
604 5736 697 5777 LII.
732 5719 819 5773 31.

2147 5681 2158 5693 .
2261 5638 2309 5673 ⁸ο
2367 5639 2573 5694 Ezech.
2626 5658 2774 5698 nix.
2835 5645 2917 5711 19,
2975 5645 3064 5695 20.
3167 5641 3213 5678 ⁸³
3269 5642 3419 5699 Dan.
3487 5659 3546 5709 ιι,
3609 5642 3799 5699 37⁶39σ’

487 5738 568 5777 er.
604 5736 697 5786 LII,
732 5736 819 5773 σι.
