4186 6190
295 380 401 439 241

1458 377 2002 440 HISTORIARUM
2049 378 2594 444 COMPENDIUM.

3600 375 3716 438 με

304 509 467 577 σκεύη
512 513 610 565 τοῦ
668 513 804 566 Θεοῦ
860 509 912 563 ἰν
969 513 1048 582 τῷ
1105 508 1412 583 συμποσίῳ.
1475 511 1607 586 ἅπερ
1672 511 1872 585 ἢγαγεν
1932 511 1960 564 6

2073 530 2240 571 sacra
2268 532 2407 572 vasa
2439 533 2568 588 quas
2588 522 2756 589 pater
2791 515 2982 590 ipsius
3011 511 3552 571 Nabuchodonosor
3582 511 3717 567 Hie-

302 602 486 673 πατὴρ
517 598 682 654 αὐτοῦ
736 593 1228 674 Ναϐουχοδονόσορ
1286 598 1336 669 ἐξ
1395 600 1778 674 Ἰερουσαλὴμ,
1832 601 1956 675 ἀνῃ-

311 692 438 765 ρέθη
473 690 611 743 κατά
639 687 784 751 θείαν
825 688 1013 763 ὀργήν.
1076 688 1220 758 Φησὶ
1280 688 1384 763 γὰρ
1439 689 1575 762 πρὸς
1635 687 1796 743 αὐτὸν
1856 710 1958 760 τη-

305 783 533 834 νικαῦτα
563 776 771 846 Δανιὴλ
803 801 832 828 ‹‹
875 777 934 834 Ὁ
965 777 1093 831 Θεὸς
1153 778 1180 831 6
1239 775 1461 851 ὕψιστος
1518 779 1616 847 τὴν
1679 777 1956 852 βασιλείαν

304 867 397 922 καὶ
458 867 556 936 τὴν
622 865 1014 941 μεγαλωσύνην
1077 861 1246 920 ἔδωκε
1329 860 1824 942 Ναϐουχοδονόσορ
1877 872 1958 940 τῷ

307 955 477 1031 πατρί
511 977 630 1026 σου,
660 955 752 1010 καὶ
785 955 890 1009 ἀπὸ
940 962 1038 1024 τῆς
1101 953 1495 1031 μεγαλωσύνης
1546 955 1709 1010 αὐτοῦ
1760 957 1957 1019 πάντες

307 1048 360 1101 οἱ
393 1046 540 1115 λαοὶ,
575 1042 765 1120 φυλαὶ,
798 1045 1046 1118 γλῶσσαι
1080 1044 1214 1114 ἦσαν
1248 1043 1558 1120 τρέμοντες,
1608 1045 1698 1100 καὶ
1761 1041 1960 1125 φοϐού-

311 1155 465 1208 μενοι
493 1134 600 1188 ἀπὸ
630 1138 929 1207 προσώπου
964 1132 1149 1190 αὐτοῦ.
1185 1133 1282 1188 Καὶ
1313 1134 1408 1198 οὕς
1452 1129 1710 1191 ἐϐούλετο
1744 1134 1954 1210 ἀνῄρει,

299 1226 390 1278 καὶ
452 1223 545 1286 οῦς
605 1221 802 1292 ἢθελεν
862 1217 1048 1292 ἔσωζε.
1109 1223 1212 1280 Καὶ
1273 1222 1361 1278 ὅτε
1426 1225 1615 1296 ὑψώθη
1675 1229 1710 1295 ἠ
1765 1223 1959 1302 καρδία

296 1313 466 1370 αὐτοῦ
499 1311 590 1367 καὶ
626 1313 688 1367 τὸ
715 1316 942 1384 Πνεῦμα
987 1313 1152 1367 αὐτοῦ
1203 1312 1538 1388 ἐκραταιώθη
1595 1319 1690 1369 τοῦ
1750 1315 1954 1390 ὑπερηο

293 1402 635 1480 φανεύεσθαι,
670 1402 1034 1476 κατῃσχύνθη
1069 1403 1176 1456 άπὸ
1229 1406 1326 1458 τοῦ
1394 1402 1583 1478 θρόνου
1640 1411 1740 1474 τῆς
1801 1405 1953 1480 βασι-

304 1491 458 1555 λείας
489 1491 681 1562 αὐτοῦ,
713 1492 802 1545 καὶ
833 1494 867 1560 ἡ
899 1493 1037 1564 τιμὴ
1093 1491 1258 1546 αὐτοῦ
1315 1492 1560 1567 ἀφῃρέθη
1621 1495 1710 1548 ἀπ’
1766 1496 1956 1565 αὐτοῦ,

297 1583 391 1637 καὶ
428 1582 535 1636 ἀπὸ
583 1586 692 1635 τῶν
761 1581 1058 1654 ἀνθρώπων
1109 1579 1434 1657 ἐξεδιώχθη,
1503 1584 1593 1637 καὶ
1655 1583 1791 1656 μετὰ
1848 1590 1955 1639 τῶν

304 1671 516 1745 θηρίων
547 1667 735 1740 ἐδόθη,
766 1669 854 1724 καὶ
906 1670 1041 1743 μετὰ
1092 1676 1204 1725 τῶν
1258 1671 1497 1746 ὀνάγρων
1554 1674 1588 1741 ἡ
1641 1674 1960 1744 κατοίκησις

303 1760 498 1826 αὐτοῦ,
558 1758 647 1813 καὶ
704 1759 908 1835 χόρτον
965 1759 1038 1820 ὡς
1088 1760 1217 1834 βοῦν
1277 1760 1555 1834 ὲψώμιζον
1633 1762 1814 1830 αὐτὸν,
1868 1762 1958 1817 καὶ

2064 608 2377 677 rosolymis
2407 615 2702 678 avexerat,
2731 607 2863 664 irati
2897 606 3000 662 Dei
3025 606 3198 678 jussu
3226 603 3574 658 interfectus
3603 608 3712 671 est,

2065 698 2223 752 Tunc
2243 698 2397 752 enim
2415 699 2495 752 ita
2511 715 2646 753 eum
2667 697 2944 754 Danielus
2975 701 3065 751 est
3083 691 3464 750 allocutus“:
3499 715 3526 742 «
3560 694 3714 748 Deus

2065 785 2388 841 altissimus
2415 804 2662 859 regnum
2695 793 2754 842 et
2782 787 3154 858 majestatem
3187 783 3340 854 patri
3383 789 3482 836 tuo
3521 781 3714 837 Nabu-

2065 875 2458 932 chodonosori
2491 876 2674 943 dedit,
2709 877 2791 931 ita
2820 874 3062 947 quidem
3083 879 3150 929 ut
3169 872 3446 928 omnibus
3477 871 3712 943 populis

2063 965 2339 1036 gentibus
2355 981 2422 1021 ac
2441 965 2646 1036 quavis
2667 965 2968 1021 utentibus
2999 964 3201 1035 lingua
3226 961 3568 1017 nationibus
3589 961 3709 1016 for-

2063 1055 2356 1110 midolosa
2385 1055 2563 1110 fuerit
2624 1056 2812 1126 ipsius
2853 1053 3137 1126 potentia,
3195 1057 3370 1122 atque
3402 1052 3529 1123 ipse
3561 1067 3712 1120 quos

2063 1145 2262 1214 vellet,
2290 1151 2392 1201 aut
2421 1150 2662 1201 necaret
2682 1149 2785 1200 aut
2803 1144 2992 1198 vivere
3026 1143 3267 1198 sineret.
3303 1140 3477 1211 Atqui
3510 1156 3645 1194 cum
3665 1140 3714 1194 is

2064 1235 2263 1290 animo
2295 1235 2682 1292 extolleretur
2713 1235 3075 1307 spiritusque
3107 1231 3394 1304 superbos
3431 1235 3712 1292 sumeret,

2063 1341 2170 1396 per
2199 1325 2588 1397 ignominiam
2603 1330 2693 1380 est
2721 1325 2872 1379 solio
2887 1322 3052 1394 regni
3076 1310 3165 1376 sui
3189 1321 3467 1376 detrusus
3489 1333 3713 1388 suoque

2063 1413 2286 1468 honore
2320 1414 2628 1486 spoliatus,
2663 1421 2721 1468 et
2749 1414 2822 1469 ab
2852 1411 3196 1467 hominibus
3227 1409 3593 1480 proﬂigatus,
3623 1407 3716 1461 in-

2065 1509 2156 1557 ter
2185 1503 2336 1559 208
2368 1504 2523 1558 feras
2551 1504 2714 1569 vixit,
2747 1520 2814 1558 ac
2845 1500 3002 1574 apud
3036 1499 3236 1555 asinos
3265 1498 3564 1553 silvestres
3603 1497 3709 1550 ha-

2063 1593 2290 1658 bitavit,
2323 1593 2624 1665 herbaque
2657 1611 2740 1658 se,
2773 1593 2938 1648 bovis
2968 1591 3177 1660 instar,
3199 1589 3377 1661 pavit,
3403 1593 3462 1643 et
3490 1587 3714 1643 caelesti

2063 1699 2196 1738 rore
2220 1699 2433 1753 corpus
2451 1683 2581 1753 ejus
2604 1683 2854 1749 maduit,
2877 1698 2946 1737 eo
2969 1697 3158 1752 usque
3179 1679 3321 1734 dum
3339 1678 3714 1734 Altissimum

2062 1788 2245 1843 regna
2275 1772 2584 1826 hominum
2617 1772 2946 1844 gubernare
2977 1785 3165 1840 eaque
3191 1767 3559 1823 suoarbitrio
3583 1783 3718 1820 con-

305 1848 416 1902 άπὸ
445 1855 548 1916 τῆς
583 1845 779 1921 δρόσου
825 1851 923 1901 τοῦ
983 1846 1214 1922 ούρανοῦ
1241 1847 1304 1902 τὸ
1335 1852 1496 1922 σῶμα
1546 1848 1709 1904 αὐτοῦ
1759 1845 1955 1921 ἐϐάφη,

2074 1861 2283 1916 cedere
2315 1861 2529 1932 quibus
2563 1861 2681 1916 vult
2712 1859 3023 1915 intellexit.
3053 1859 3136 1912 Tu
3175 1874 3334 1924 vero,
3374 1857 3532 1912 ﬁlius
3563 1855 3716 1926 ejus,

300 1939 410 2000 ἓως
441 1941 504 1994 ού
535 1938 678 2015 ἓγνω
709 1938 792 1994 ὅτι
831 1937 1066 2013 κυριεύει
1125 1940 1152 1994 ὁ
1209 1941 1462 2012 Ὕψιστος
1516 1947 1616 2009 τῆς
1678 1940 1956 2016 βασιλείας

295 2033 406 2083 τῶν
437 2027 758 2102 ἀνθρώπων,
785 2027 874 2082 καὶ
905 2026 950 2100 ᾧ
983 2025 1041 2082 ἂν
1065 2026 1212 2101 δόξῃ,
1237 2025 1398 2083 δώσει
1421 2029 1609 2100 αὐτην.
1646 2030 1741 2085 Καὶ
1774 2030 1836 2085 σὺ
1869 2033 1958 2086 οὗν

297 2119 322 2172 6
357 2118 477 2179 υἱὸς
513 2115 680 2172 αὐτοῦ
712 2114 999 2191 Βαλτάσαρ
1033 2115 1133 2171 ούκ
1189 2117 1546 2180 ἑταπείνωσας
1588 2119 1687 2188 τήν
1731 2117 1955 2196 καρδίαν

297 2228 417 2275 σου,
447 2207 540 2260 καὶ
572 2207 624 2260 οἱ
659 2209 975 2280 μεγιστᾶνες
1005 2206 1094 2260 καὶ
1135 2207 1188 2260 οἱ
1234 2205 1556 2282 παράκοιτοι
1605 2209 1694 2262 καί
1727 2211 1782 2264 αἱ
1815 2209 1954 2265 παλ-

297 2295 466 2350 λακαί
497 2316 618 2363 σου,
652 2298 799 2350 οἶνον
833 2293 1038 2350 ἐπίνετε
1067 2293 1118 2349 ἐν
1151 2300 1266 2357 τοῖς
1306 2297 1484 2370 ἁγίοις
1530 2297 1763 2356 σκεύεσι.
1799 2323 1826 2348 ››
1860 2301 1956 2354 Διὰ

2071 1949 2272 2005 animo
2293 1966 2672 2020 nequaquam
2699 1947 3016 2014 submisso,
3041 1963 3175 2001 cum
3193 1944 3560 2018 principibus
3577 1959 3716 1998 con-

2068 2039 2304 2095 cubinis
2337 2044 2394 2094 et
2425 2039 2739 2110 pellicibus
2771 2038 2890 2092 tuis
2919 2036 3119 2091 vinum
3150 2035 3222 2090 de
3255 2034 3438 2090 sacris
3461 2032 3613 2088 vasis
3635 2032 3714 2086 bi'

2069 2126 2225 2182 bisti.
2263 2147 2290 2176 »
2322 2128 2464 2182 Eam
2490 2126 2563 2181 ob
2590 2143 2717 2181 rem
2741 2140 2975 2180 summa
3003 2123 3279 2195 apparuit
3299 2122 3352 2176 ei
3377 2138 3448 2176 ex
3469 2119 3715 2176 adverso

2068 2233 2301 2283 manus,
2317 2218 2487 2289 cujus
2506 2217 2814 2287 scripturae
2837 2215 3196 2270 sententiam
3215 2209 3559 2282 exquisivit;
3587 2225 3717 2278 quae

2067 2322 2101 2360 a
2131 2307 2301 2361 nobis
2331 2323 2510 2378 supra
2536 2311 2626 2360 est
2653 2305 2892 2376 scripta.

291 2391 458 2441 τοῦτο
488 2384 770 2456 ἀπεστάλη
803 2384 1146 2462 ἀστράγαλος
1176 2404 1362 2460 χειρος
1393 2385 1452 2440 ἐκ
1484 2388 1780 2460 προσώπου
1810 2389 1996 2458 αὐτοῦ,
2029 2392 2120 2446 καὶ
2149 2395 2248 2460 τήν
2283 2395 2499 2470 Γραφὴν
2531 2391 2695 2447 αὐτοῦ
2726 2391 2984 2460 ἒνὲταξεν,
3016 2391 3090 2450 ὡς
3119 2387 3460 2463 προεγράφη.

371 2474 474 2529 Καὶ
509 2475 646 2548 μετὰ
673 2475 737 2530 τὸ
795 2475 1140 2549 ἀναιρεθῆναι
1196 2471 1478 2550 Βαλτάσαρ
1537 2481 1760 2552 Δαρεῖος
1816 2499 1952 2552 παρ-

301 2559 468 2619 ἔλαϐε
532 2565 634 2633 τὴν
695 2560 970 2638 βασιλείαν
1033 2564 1061 2617 ὁ
1099 2560 1311 2633 Μῆδος,
1375 2566 1402 2618 6
1441 2566 1528 2620 καὶ
1595 2565 1952 2641 ’Δρταζέρξης

298 2655 388 2711 καὶ
452 2654 783 2730 Ἀστυάγης,
861 2651 954 2724 ἔτη
1047 2656 1126 2724 ιζ’.
1214 2656 1304 2718 ’ος
1354 2655 1488 2731 ’ὲσχε
1567 2664 1789 2733 γυναῖκα
1857 2661 1955 2728 τήν

299 2752 401 2802 τοῦ
461 2744 686 2825 Μαρδιχ
744 2747 967 2822 Ἐσθήρ,
1030 2745 1406 2822 ἒπιλεχθεῖσαν
1466 2745 1558 2804 διὰ
1629 2749 1837 2813 κάλλος
1895 2749 1954 2807 ἐκ

297 2837 410 2893 τῶν
444 2832 748 2910 Ἐϐραῖκῶν
809 2833 1084 2892 νεανίδων’
1137 2834 1259 2906 ἤτις
1315 2838 1406 2892 καὶ
1461 2841 1552 2894 τὸν
1614 2838 1758 2895 ἲδιον
1821 2840 1950 2896 λαὸν

297 2929 391 2982 τὸν
444 2924 741 2982 Ἰουδαϊκὸν
807 2925 1143 3002 ἀναιρεῖσθαι
1204 2926 1475 2998 μέλλοντα
1533 2928 1584 2997 ἒξ
1647 2925 1952 2999 ἐπιϐουλῆς

2135 2484 2252 2538 Hoc
2283 2483 2623 2538 Balthasare
2653 2482 2985 2544 interfecto,
3018 2479 3227 2534 Darius
3259 2491 3505 2548 regnum
3555 2474 3714 2528 obti-

2061 2574 2190 2628 nuit
2237 2591 2426 2628 annos
2473 2577 2557 2640 17,
2608 2573 2808 2626 Medus
2865 2571 3126 2639 natione,
3185 2566 3287 2638 qui
3347 2571 3702 2620 Artaxerxes

2061 2665 2240 2720 etiam
2271 2665 2614 2718 nominatur
2656 2668 2715 2718 et
2765 2663 3067 2732 Astyages.
3109 2660 3164 2713 Is
3207 2673 3455 2712 uxorem
3495 2653 3703 2708 habuit

2060 2755 2389 2820 Estheram,
2423 2753 2497 2807 ob
2532 2749 3038 2824 pulchritudinem
3089 2765 3161 2804 ex
3189 2745 3448 2802 Judaicis
3492 2743 3704 2814 puellis

2059 2842 2660 2909 lectam,Mardochaei
2684 2845 2990 2912 cognatam
3015 2858 3029 2908 ;
3054 2838 3185 2893 dum
3207 2835 3494 2908 populum
3515 2832 3708 2888 Judai—

2062 2949 2220 2996 cum,
2252 2931 2346 2986 cui
2370 2939 2558 2986 Aman
2577 2929 2879 3001 capiarum
2902 2927 3198 2999 regiarum
3215 2924 3530 2996 praefectus
3551 2937 3706 2977 sum-

295 3017 476 3087 Ἀμὰν
524 3018 624 3070 τοῦ
681 3014 1129 3090 ἀρχιστρατήγου
1189 3013 1604 3090 λυτρωσαμένη,
1655 3019 1948 3092 παρεσκεύ-

2073 3041 2193 3080 mus
2225 3023 2696 3079 internecionem
2729 3026 2857 3076 erat
2883 3018 3277 3082 machinatus,
3312 3015 3550 3086 eripuit,
3574 3014 3709 3069 effe—

299 3127 426 3161 ασεν
454 3103 660 3160 ἐκεῖνον
718 3102 1250 3174 ἀνασκολοπισθῆναι
1282 3105 1360 3167 εἷς
1409 3106 1542 3178 ὅπερ
1593 3105 1754 3176 ξύλον
1792 3103 1952 3162 ἐϐου-

300 3195 535 3250 λεύσατο
621 3191 980 3272 Μαρδοχαῖον
1055 3195 1147 3249 τὸν
1241 3195 1441 3264 εαυτῆς
1523 3194 1953 3251 ἀνασκολοπίσαι

299 3288 470 3351 θεῖον,
521 3285 598 3357 μὴ
655 3288 902 3356 τιμῶντα
969 3281 1128 3338 αὐτὸν
1176 3283 1265 3338 καὶ
1324 3289 1748 3359 προσκυνοῦντα.
1808 3286 1955 3357 Φησὶ

299 3376 403 3452 γάρ
432 3395 516 3435 τις
549 3379 657 3428 τῶν
689 3374 1046 3448 μεγιστάνωνο
1099 3369 1240 3429 Ἰδοὺ
1289 3370 1448 3442 ξύλον
1498 3376 1720 3444 ἓστησεν
1780 3375 1954 3447 Ἀμᾶιν

302 3472 386 3538 τῷ
452 3460 794 3538 Μαρδοχαίῳ
852 3466 1052 3536 πηχῶν
1113 3463 1172 3520 ν’.
1233 3463 1328 3517 Καὶ
1392 3463 1538 3518 εἶπεν
1597 3465 1626 3518 6
1679 3463 1955 3538 βασιλεύς·

308 3556 699 3630 Σταυρωθήτω
759 3554 929 3626 Ἀμάν
989 3551 1118 3610 ἐκεῖ.
1175 3554 1272 3610 Καὶ
1329 3552 1539 3630 ἐγένετο
1597 3555 1770 3618 οὕτως
1826 3557 1960 3610 κατά

305 3649 408 3714 τὴν
459 3645 708 3701 κὲλευσιν
765 3648 865 3698 τοῦ
927 3641 1194 3718 βασιλέως
1255 3644 1628 3718 Ἀρταξέρξου.
1721 3647 1959 3708 Εἰκότως

311 3739 408 3793 οὖν
459 3733 820 3808 πεπλήρωται
879 3734 914 3801 ἡ
969 3734 1157 3807 Γραφή
1215 3736 1249 3802 ἡ
1306 3732 1556 3810 λέγουσαο
1613 3760 1640 3786 ‹‹
1681 3740 1738 3793 Ὀ
1792 3740 1963 3791 ποιῶν

311 3825 532 3894 πονηρά
587 3823 664 3886 είς
732 3821 867 3877 αὐτᾶ
951 3820 1423 3897 ἐγκυλισθησεται,
1505 3824 1596 3878 καὶ
1669 3824 1741 3885 “δς
1799 3821 1846 3878 δ’
1902 3822 1963 3879 ἄν

313 3915 554 3986 ἐκκαύσῃ
639 3911 850 3979 κακίαν,
936 3911 1221 3967 ἀπολεῖται
1307 3912 1396 3966 ὕπ’
1485 3911 1668 3983 αὐτῆς.
1759 3913 1859 3970 Καὶ
1905 3915 1963 3976 ὃς

310 4001 772 4079 παρασκευάζεται
808 3998 1022 4056 δίκτυον
1082 3999 1166 4056 ἐπῖ
1223 4001 1517 4074 πρόσωπον
1564 4007 1660 4057 τοῦ
1706 4001 1963 4075 πλησίον,

309 4088 603 4167 πιριϐαλεῖ
632 4089 764 4146 αὐτὸ
790 4095 911 4151 τοῖς
950 4091 1142 4144 ἑαυτοῦ
1194 4089 1344 4145 ποσί.
1391 4090 1486 4145 Καὶ
1521 4093 1548 4146 ὁ
1581 4092 1822 4165 ὀρύσσων
1876 4092 1968 4168 βό-

314 4194 441 4256 θρον
469 4185 550 4252 τῷ
579 4179 818 4249 πλησίον
871 4178 949 4241 εἷς
1011 4177 1170 4233 αὐτὸν
1225 4179 1559 4252 ἐμπεσεῖται.
1593 4202 1621 4232 »
1656 4181 1774 4252 Καὶ,
1827 4206 1854 4233 ‹‹
1890 4183 1968 4236 Δι’

317 4273 390 4326 ὧν
416 4293 503 4332 τις
546 4269 862 4344 ἁμαρτάνει,
897 4265 967 4322 δι’
998 4269 1170 4322 αὐτῶν
1200 4267 1287 4322 καὶ
1338 4272 1424 4339 [Ρ.
1485 4271 1607 4341 119]
1655 4269 1963 4339 κολάζεται.

2061 3115 2258 3184 citque
2313 3119 2379 3166 ut
2409 3112 2462 3166 is
2516 3114 2703 3166 Aman
2761 3110 2824 3163 in
2856 3123 3093 3162 crucem
3145 3106 3318 3160 istam
3378 3103 3710 3165 tolleretur,

2063 3219 2240 3273 quam
2301 3203 2359 3256 in
2411 3215 2645 3256 crucem
2701 3201 2987 3252 statuerat
3041 3195 3302 3250 Estheraa
3359 3189 3712 3247 avunculum

2063 3292 2492 3347 Mardochmum
2523 3305 2718 3362 agere,
2753 3285 2910 3358 quod
2941 3285 3013 3340 ab
3043 3301 3112 3340 eo
3131 3285 3355 3339 honore
3377 3282 3623 3337 affectus
3655 3283 3714 3333 et

2065 3381 2342 3436 adoratus
2365 3395 2484 3433 non
2506 3378 2734 3433 fuisset.
2763 3376 2916 3431 Dixit
2937 3375 3095 3430 enim
3119 3371 3362 3444 quidam
3375 3370 3711 3442 principum

2067 3474 2211 3526 Ecce
2246 3477 2432 3525 Aman
2455 3485 2690 3524 crucem
2709 3467 3074 3523 Mardochmo
3099 3464 3423 3532 constituit,
3449 3465 3518 3516 50
3548 3459 3712 3516 cubi-

2066 3566 2158 3614 tos
2187 3559 2390 3622 altam,
2425 3564 2482 3612 et
2503 3573 2605 3611 rex
2629 3556 2813 3628 jussit
2835 3555 2896 3609 in
2920 3571 3048 3610 eam
3074 3569 3308 3608 crucem
3331 3550 3524 3622 sufﬁgi
3547 3552 3716 3604 Ama~

2069 3670 2207 3708 nem
2237 3653 2458 3722 itaque,
2489 3651 2576 3705 uti
2608 3652 3022 3721 imperaverat,
3061 3649 3283 3704 factum
3315 3651 3423 3702 est.
3457 3647 3539 3699 Ac
3570 3660 3715 3699 sane

2071 3747 2196 3796 tum
2228 3740 2540 3810 impletum
2563 3745 2652 3793 est
2674 3738 2822 3792 illud
2848 3737 3162 3808 Scriptura
3187 3753 3199 3789 :
3239 3759 3259 3783 ι
3285 3733 3395 3798 Qui
3419 3733 3577 3788 mala
3594 3748 3715 3787 mo-

2070 3831 2233 3896 litur,
2265 3831 2339 3883 iis
2371 3829 2735 3893 involvetur;
2770 3832 2830 3882 et
2871 3827 2972 3896 qui
3006 3831 3211 3880 auctor
3261 3823 3542 3878 facinoris
3573 3822 3716 3876 mali

2073 3921 2336 3988 exsistet,
2357 3936 2426 3974 eo
2448 3919 2745 3990 perdetur.
2781 3917 2888 3981 Qui
2912 3921 3036 3970 rete
3061 3914 3232 3970 alteri
3281 3913 3471 3984 ponit,
3504 3911 3628 3966 suis
3658 3910 3718 3964 id

2074 4009 2324 4082 pedibus
2355 4009 2507 4064 209
2540 4006 2783 4073 induet;
2817 4022 2884 4060 ac
2923 4005 3028 4075 qui
3074 4004 3302 4058 foveam
3345 4000 3518 4056 altari
3549 3998 3718 4066 fodit,

2075 4100 2137 4152 in
2165 4114 2295 4152 eam
2326 4097 2570 4152 incidet.
2605 4122 2632 4146 ν
2667 4096 2852 4148 Item:
2887 4115 2914 4143 «
2948 4094 3060 4147 Per
3089 4109 3220 4162 quas
3263 4089 3482 4160 aliquis
3530 4087 3720 4142 delin-

2077 4186 2224 4258 quit,
2257 4185 2470 4240 iisdem
2502 4186 2680 4240 etiam
2730 4182 2994 4255 punitur.
3029 4204 3058 4232 »
3093 4179 3209 4236 Sub
3264 4179 3375 4234 hoc
3403 4178 3522 4231 sive
3552 4179 3720 4231 Arta-

2076 4292 2250 4331 xerxe
2282 4276 2402 4330 sive
2445 4277 2710 4346 Astyage,
2762 4271 3004 4328 Danielo
3053 4269 3396 4342 angelorum
3446 4267 3724 4339 princeps

317 4363 434 4438 Ἐφ’
505 4359 570 4414 0-3
627 4357 1006 4432 Ἀρταξέρξου,
1065 4361 1161 4412 τοῦ
1217 4359 1306 4412 καὶ
1366 4360 1694 4432 Ἀστυάγου,
1747 4360 1835 4414 καὶ
1889 4365 1961 4432 τῷ

2078 4366 2275 4421 divina
2303 4364 2641 4436 spectacula
2700 4362 2986 4428 exhibuit,
3045 4366 3396 4431 tempusque
3437 4357 3725 4412 adventus

317 4449 523 4516 Δανιή).
559 4447 850 4520 ὡράθησαν
883 4447 936 4500 αἱ
988 4442 1075 4500 διὰ
1129 4449 1226 4500 106
1284 4445 1632 4523 ἂρχαγγέλου
1690 4446 1964 4518 ὀπτασίαι,

318 4539 406 4594 καὶ
439 4539 467 4592 6
500 4537 703 4612 χρόνος
735 4534 993 4606 ἐδηλώθη
1025 4543 1124 4606 τῆς
1181 4539 1417 4610 Χριστοῦ
1465 4537 1783 4610 παρουσίας.
1833 4539 1966 4595 ’Ὁσ-

316 4648 398 4688 τις
431 4630 523 4682 καὶ
566 4625 858 4702 φθονηθεὶς
914 4624 1016 4678 ὑπὸ
1066 4629 1176 4680 τῶν
1240 4627 1572 4699 μεγιστάνων
1625 4623 1712 4680 διὰ
1753 4627 1816 4680 16
1875 4647 1966 4699 με·

315 4715 498 4790 γέλως
542 4715 804 4788 τιμᾶσθαι
868 4714 971 4768 ὑπὸ
1027 4717 1125 4768 τοῦ
1187 4713 1455 4788 βασιλέως
1515 4709 1726 4785 ἐϐλήθη
1781 4713 1834 4768 ἐν
1887 4719 1967 4787 τῷ

2077 4454 2289 4509 Christi
2322 4454 2376 4508 ei
2407 4459 2498 4508 est
2552 4452 2900 4507 indicatum.
2959 4449 3120 4505 Idem
3166 4446 3448 4502 Danielus
3507 4444 3726 4500 invidia

2076 4543 2412 4615 principum
2445 4541 2600 4613 quod
2635 4542 2696 4595 in
2745 4556 2960 4613 magno
2991 4544 3149 4593 esset
3199 4536 3356 4608 apud
3386 4552 3584 4608 regem
3616 4535 3725 4589 ho-

2078 4647 2242 4697 nore,
2277 4631 2337 4684 in
2359 4629 2600 4685 leonum
2631 4629 2858 4684 foveam
2879 4627 3200 4698 projectus,
3235 4624 3338 4679 Dei
3363 4623 3724 4696 benignitate

2078 4718 2159 4773 ibi
2191 4717 2510 4772 incolumis
2539 4722 2627 4772 est
2659 4721 2941 4771 servatus.

321 4800 508 4873 λάκκῳ
536 4806 647 4857 τῶν
681 4799 936 4856 λεόντωψ
972 4801 1030 4862 ὃς
1059 4800 1147 4854 καὶ
1173 4796 1426 4870 ἀϐλαϐὴς
1456 4797 1754 4875 διετηρήθη
1787 4803 1856 4874 τῇ
1888 4800 2075 4877 χάριτι
2104 4807 2199 4857 νοῦ
2227 4805 2380 4858 Θεοῦ.

393 4891 540 4946 Μετὰ
605 4887 664 4944 δὲ
722 4895 942 4964 Δαρεῖον
1027 4885 1340 4946 ἐϐασίλευσε
1433 4891 1608 4966 Κῦρος
1666 4890 1694 4944 6
1770 4889 1980 4965 Πέρσης

327 4976 420 5048 ἔτη
453 4978 565 5055 λβ’,
600 4980 661 5040 ’ὸς
691 4979 899 5034 ἀνελὼν
931 4984 1156 5054 Δαρεῖον
1188 4981 1367 5049 πάσης
1395 4985 1496 5053 γῆς
1537 4978 1844 5052 ἐκράτησεν·

402 5071 489 5124 Ἐν
522 5073 642 5129 τοῖς
675 5069 903 5146 χρόνοις
932 5072 1041 5122 τῶν
1099 5071 1312 5141 Κριτῶν
1367 5068 1457 5122 καὶ
1517 5069 1566 5122 οἱ
1628 5069 1980 5142 Ἀργοναῦται

331 5161 382 5212 οἱ
430 5158 552 5233 περὶ
612 5160 819 5213 Ἰάσονα
876 5156 968 5212 τὸν
1035 5155 1427 5210 Θεσσαλονικέα
1477 5157 1567 5210 καὶ
1626 5155 1980 5228 Πολυδεύκην

325 5247 418 5300 καὶ
477 5245 640 5300 Ὓλαν
700 5246 792 5300 καὶ
847 5243 1156 5317 Τελαμῶνα
1221 5245 1312 5299 καὶ
1367 5253 1493 5306 τοὺς
1554 5245 1785 5306 λοιποὺς
1845 5247 1980 5321 πρὸς

333 5335 430 5402 τήν
464 5332 720 5409 Κολχίδα
750 5333 1090 5402 ἐκπλέοντες,
1124 5334 1212 5387 καὶ
1281 5330 1370 5386 διὰ
1395 5338 1492 5387 τοῦ
1551 5332 1797 5388 άνάπλου
1845 5335 1982 5410 πρὸς

329 5426 430 5492 την
498 5425 772 5491 Ποντικὴν
834 5425 1102 5488 θάλασσαν
1167 5417 1418 5490 διαϐῆναι
1503 5420 1766 5490 θέλοντες,
1829 5425 1980 5479 ἀντι-

339 5515 559 5574 στάντος
606 5513 797 5573 αύτοῖς
855 5512 1088 5581 Κυζίκου
1145 5515 1244 5567 τοῦ
1292 5509 1346 5566 ἐν
1406 5509 1803 5584 Ἑλλησπόντῳ
1848 5534 1982 5567 τοπ-

335 5601 638 5678 αρχοῦντος
693 5602 749 5656 ἐν
812 5602 1111 5677 ναυμαχίᾳ,
1198 5601 1292 5656 τὸν
1373 5602 1465 5674 μὲν
1523 5599 1830 5680 ἐφόνευσαν,
1882 5604 1984 5673 τήν

408 5691 456 5726 ⁸³
481 5693 626 5748 Dan.
663 5709 710 5760 ν,
747 5692 926 5748 18-23.

2161 4893 2400 4948 Darium
2413 4892 2713 4947 interfecit
2731 4893 2914 4962 Cyrus
2931 4893 3129 4957 Persa,
3152 4903 3520 4961 regnumque
3542 4901 3729 4940 annos

2091 4984 2160 5036 32
2188 4983 2464 5050 obtinuit,
2498 4983 2742 5038 subacta
2771 4982 2932 5036 omni
2962 4981 3220 5053 regione.

2161 5073 2284 5137 Quo
2307 5078 2573 5143 tempore
2578 5071 2814 5143 judices
2827 5070 3102 5126 Israelico
3115 5068 3334 5140 populo
3349 5067 3733 5139 prmfuerunt,

2093 5164 2442 5234 Argonautas
2469 5178 2604 5216 cum
2647 5162 2860 5215 Jasoue
2891 5157 3193 5225 Thessalo,
3243 5156 3507 5223 Polluce,
3568 5156 3736 5227 Hyla,

2090 5251 2403 5306 Telamone
2435 5268 2504 5306 ac
2533 5251 2781 5320 reliquis
2813 5249 2872 5304 in
2905 5247 3248 5303 Colchidem
3297 5246 3739 5320 navigavevunt.

2092 5341 2196 5404 Qui
2229 5357 2364 5395 cum
2391 5356 2498 5410 per
2558 5356 2753 5395 .auces
2812 5339 2871 5392 in
2904 5337 3215 5392 Ponticum
3274 5352 3434 5390 mare
3484 5337 3741 5393 transire

2091 5427 2333 5494 vellent,
2357 5427 2629 5498 Cyzicum
2645 5425 3008 5497 Hellesponti
3043 5424 3352 5479 dominum
3373 5426 3566 5482 navali
3587 5443 3742 5498 prm-

2093 5515 2173 5570 lio
2199 5515 2359 5586 ipsos
2382 5515 2696 5586 prohibere
2716 5521 3029 5569 conantem
3065 5513 3510 5584 interfecerunt,
3536 5531 3601 5571 ac
3633 5516 3742 5588 Cy-

2092 5605 2278 5660 zicum
2294 5604 2502 5659 urbem
2517 5604 2885 5676 Hellesponti
2909 5602 3254 5676 primariam
3276 5609 3581 5677 ceperunt.
3617 5605 3743 5658 Mox
