4186 6190
392 371 519 443 243

1752 377 2078 442 GEORGII
2121 377 2458 442 GEDBENI

3684 375 3806 436 244

389 515 630 589 cognito
661 515 930 586 Cyzicum
984 510 1094 567 sibi
1140 524 1354 584 genere
1403 513 2042 585 propinquam-fuisse,

2158 509 2214 568 δὲ
2245 514 2475 583 Κύζικον
2516 506 2733 583 ἔλαϐον,
2768 511 3114 588 μητρόπολιν
3148 511 3304 566 οὖσαν
3368 504 3817 579 Ἑλλησπόντου·

391 605 567 660 venia
578 603 876 675 postulata
890 602 1176 673 templum
1200 601 1520 657 condidere
1541 602 1861 657 admodum
1875 603 2047 659 mira-

395 695 512 749 bile
541 710 554 760 ;
588 698 766 762 atque
815 690 890 746 ad
943 691 1274 755 oraculum,
1329 691 1485 761 quod
1517 697 1607 746 est
1636 698 1771 747 ante
1805 693 2044 763 Pythias

397 784 680 848 thermas,
723 777 972 849 profecti
1000 779 1285 834 Phwbum
1311 780 1652 851 Apollinem
1695 785 2049 853 rogaverunt

395 877 461 926 ut
491 870 606 924 sibi
655 867 919 924 ediceret
951 869 1044 923 cui
1104 883 1172 923 ea
1203 868 1361 924 aedes
1419 871 1820 925 consecranda
1870 875 2044 926 esset.

397 963 764 1031 Responsum
796 955 868 1012 iis
900 959 960 1012 in
991 959 1146 1014 hanc
1178 963 1268 1014 est
1298 961 1656 1016 sententiam
1682 977 1695 1016 :

394 1049 633 1104 Assidue
659 1048 888 1103 sublime
916 1048 1078 1104 decus
1105 1048 1315 1104 virtute
1326 1055 1549 1120 parate,

394 1141 580 1207 Atque
607 1151 777 1191 unum
807 1133 907 1207 (sic
937 1137 1158 1204 mando)
1211 1139 1400 1206 Deum,
1429 1140 1527 1207 qut
1557 1144 1750 1193 cuncta
1779 1139 2052 1208 gubernat

397 1227 619 1283 ϐαδίσετί
645 1226 892 1280 residens
920 1225 1079 1292 solio,
1110 1226 1276 1281 colite
1305 1232 1469 1296 atque
1495 1229 1700 1282 timete.

395 1318 553 1372 Illius
581 1323 846 1370 aeternum
872 1321 1067 1370 natum
1096 1322 1329 1386 anteque
1358 1318 1565 1373 saecula
1603 1314 1835 1372 Verbum

395 1409 588 1463 Nescia
623 1405 794 1475 Virgo
820 1407 929 1460 viri
955 1407 1234 1476 quondam
1259 1415 1434 1477 partu
1463 1414 1650 1462 tenera
1675 1409 1826 1475 edet;

397 1497 552 1553 210
583 1497 687 1562 Qui
720 1494 867 1550 velut
897 1495 1154 1565 igniferis
1181 1497 1423 1566 impulsa
1454 1499 1638 1566 sagita
1660 1495 1943 1567 procellis,

397 1585 718 1640 Edomitum
747 1585 938 1639 reddet
969 1586 1131 1639 Patri
1155 1597 1263 1654 pro
1293 1599 1521 1639 munere
1548 1586 1834 1640 mundum.

399 1675 598 1745 Hujus,
631 1689 799 1744 quam
830 1672 1023 1728 Mariae
1065 1685 1259 1728 nomen
1311 1682 1521 1741 manet,
1581 1675 1731 1730 alma
1776 1673 2053 1745 Genitriz,

398 1767 669 1833 Agnoscat
701 1765 966 1833 templum
991 1765 1312 1834 proprium,
1343 1763 1447 1818 sibi
1476 1766 1586 1818 rite
1605 1763 1876 1820 dicatum.

2147 601 2246 656 Καὶ
2317 602 2576 675 μαθόντες
2631 601 2714 658 ὅτι
2775 602 3003 671 Κύζικος
3064 601 3092 655 ὁ
3163 598 3391 674 σφαγεὶς
3446 598 3575 672 παρ’
3631 596 3810 653 αὐτῶν

2149 694 2416 770 συγγενής
2445 692 2512 761 ἦν
2563 691 2767 763 αὐτοῖς,
2827 690 3160 768 συγγνώμην
3222 691 3477 766 ᾐτοῦντο,
3535 688 3626 742 καὶ
3687 688 3813 742 κτί-

2151 787 2331 850 ζουσιν
2361 783 2505 855 ἱερὸν
2547 782 2849 854 Θαυμάσιον
2907 779 3044 834 οἶον.
3107 779 3248 852 Πρὸς
3300 775 3357 832 δὶ
3412 777 3474 832 τὸ
3529 781 3639 830 τῶν
3695 777 3817 850 θερ-

2155 874 2271 944 μῶν
2337 875 2590 944 μαντεῖον
2645 869 2932 947 γενόμενοι
2988 869 3078 924 καὶ
3139 869 3435 940 θυσάμενοι
3519 865 3810 929 ἐπύθοντο·

2155 982 2184 1012 κ
2217 962 2603 1038 Προφήτευσον
2632 961 2790 1032 ἡμῖν,
2818 953 2986 1026 Φοῖϐ,
3040 956 3352 1025 Ἄπολλον,
3411 955 3558 1016 τίνος
3612 957 3674 1009 ἃν
3724 952 3809 1024 εἴη
3859 1021 3868 1026 _

2155 1045 2325 1123 δόμος
2392 1050 2656 1117 οὗτος;»
2717 1049 2806 1104 καὶ
2867 1047 3178 1103 ἀκούουσιν
3224 1069 3252 1099 ‹‹
3310 1050 3451 1104 "Om
3515 1046 3609 1117 μὶν
3669 1043 3809 1115 πρὸς

2153 1139 2350 1214 ἀρετὴν
2406 1139 2497 1194 καὶ
2553 1138 2762 1211 κόσμον
2817 1135 3012 1213 ὄρωρε,
3070 1140 3301 1192 ποιεῖτε.
3365 1135 3512 1212 Ἐγὼ
3571 1131 3628 1189 δὶ
3685 1132 3811 1209 ἑφε-

2152 1228 2304 1302 τμέω
2331 1232 2481 1303 τρεῖΑ
2509 1225 2600 1283 ῑνα
2644 1231 2844 1300 μοῦνον
2907 1223 3238 1300 ὑψιμέδοντα
3295 1224 3450 1292 Θεὸν,
3511 1223 3574 1278 οὗ
3631 1222 3815 1298 Λόγος

2154 1317 2380 1394 ἄφθιτος
2410 1317 2461 1372 ἐν
2494 1314 2646 1372 ἀδαεῖ
2695 1317 2866 1387 κούρη
2918 1310 3106 1390 ἔγκυος
3163 1309 3329 1372 ἔσται.
3387 1314 3565 1376 Οὗτος
3621 1311 3814 1389 ὥσπερ

2153 1406 2308 1477 τόξον
2340 1406 2640 1484 πυριφόρον
2705 1407 2863 1480 μέσον
2925 1401 3243 1478 διαδραμὼν
3300 1404 3508 1458 ἅπαντα
3564 1403 3811 1474 κόσμον,

2159 1497 2450 1571 ζωγρήσας
2520 1495 2689 1570 Πατρὶ
2773 1494 3031 1567 προσάξει
3119 1490 3312 1566 δῶρον.
3393 1491 3578 1560 Αὐτῆς
3659 1486 3811 1546 ἔσται

2158 1584 2330 1660 δόμος
2386 1587 2566 1650 οὗτος·
2628 1585 2809 1661 Μαρία
2866 1583 2922 1640 δὶ
2978 1582 3224 1658 τοῦνομα
3276 1581 3466 1652 αὒτῆς.
3527 1607 3550 1633 υ
3606 1587 3814 1638 Τοῦτον

2158 1677 2251 1732 τὸν
2283 1677 2539 1752 χρησμὸν
2573 1675 2624 1731 ἐν
2657 1675 2796 1749 λίθῳ
2832 1675 3158 1751 μαρμαρίνῳ
3211 1671 3476 1753 χαλκέοις
3522 1674 3813 1750 γράμμασι

2157 1766 2456 1840 γράψαντες
2489 1765 2563 1825 εἰς
2590 1761 2653 1819 τὸ
2681 1766 2778 1818 τοῦ
2827 1766 2957 1817 ναοῦ
3007 1761 3304 1836 ὑπέρθυρον
3359 1759 3638 1826 ἀννθεσαν,
3687 1761 3813 1814 τότε

401 1855 520 1910 Ηοο
549 1853 856 1909 oraculum
888 1855 1060 1909 cereis
1090 1853 1306 1909 litteris
1335 1854 1398 1909 in
1429 1867 1726 1910 marmore
1750 1855 2047 1926 impressis

2164 1855 2257 1927 μὶν
2320 1853 2642 1917 καλέσαντες
2726 1853 2816 1909 τὸν
2895 1873 3043 1908 οικον
3125 1852 3276 1913 Ῥέας
3364 1851 3571 1926 μητρὸς
3652 1854 3808 1919 θεῶν,

399 1943 801 2014 conscriptum
820 1943 908 1997 illi
933 1943 994 1998 in
1015 1955 1228 2014 supero
1256 1949 1439 2014 portas
1459 1943 1666 1998 limine
1693 1949 2039 2014 posuerunt.

394 2035 584 2103 Atque
613 2032 724 2103 ipsi
740 2032 980 2102 quidem
995 2037 1135 2086 tunc
1157 2031 1346 2087 aedem
1367 2033 1544 2087 Rheae
1567 2033 1774 2088 matris
1796 2033 2043 2088 deorum

393 2119 805 2189 dixerunt,sed
820 2135 889 2175 ea
908 2122 1372 2190 postea,Zenone
1387 2121 1738 2192 imperante,
1757 2120 2044 2192 templum

391 2215 612 2264 sanctae
645 2209 746 2264 Dei
781 2208 1092 2264 Genitricis
1121 2209 1504 2266 denominata
1535 2209 1666 2266 fuit.
1702 2211 1782 2265 Ex
1815 2226 1882 2265 eo
1915 2210 2045 2266 loco

391 2304 695 2354 moventes
714 2301 1227 2370 Argonautas,cum
1245 2298 1466 2354 vellent
1491 2315 1598 2371 per
1619 2299 2042 2371 Propontidem

388 2388 686 2460 navigare,
736 2387 809 2442 ad
835 2391 1053 2458 Amyco
1103 2385 1385 2460 prohibiti
1417 2393 1577 2455 sunt,
1630 2388 1772 2460 ipsis
1813 2389 2044 2443 obviam

389 2493 524 2532 cum
555 2477 740 2548 copiis
789 2477 1074 2548 profecto.
1136 2477 1316 2548 Cujus
1346 2482 1511 2532 metu
1542 2491 1674 2532 cum
1725 2478 1788 2533 in
1845 2477 2042 2533 sinum

392 2565 709 2638 quemdam
725 2565 1023 2621 desertum
1039 2572 1216 2638 atque
1232 2563 1575 2621 nemoribus
1589 2565 1850 2622 obsitum
1867 2581 2046 2622 naves

393 2654 841 2722 subduxissent,
874 2656 1198 2726 conspicati
1231 2661 1370 2711 sunt
1400 2657 1636 2712 cmlitus
1668 2656 1814 2728 ipsis
1871 2671 2045 2729 appa.

388 2751 622 2799 rentem
651 2744 759 2797 viri
781 2745 1034 2798 formam
1054 2743 1755 2816 lerribilisaquilinisque
1771 2746 2044 2801 instructi

391 2833 643 2903 pennis;
677 2847 793 2902 quo
825 2832 946 2887 viso
987 2833 1320 2887 conﬁrmati
1353 2848 1610 2905 pugnam
1659 2849 1793 2889 cum
1824 2837 2046 2905 Amyco

398 2925 850 2984 conseruerunt,
884 2935 1072 2991 eoque
1105 2921 1435 2990 interfecto,
1469 2937 1585 2992 quo
1618 2922 1747 2978 loco
1777 2922 1834 2978 id
1857 2923 2045 2978 visum

397 3008 540 3083 ipsis
564 3009 829 3066 oblatum
847 3010 1058 3079 fuerat,
1082 3010 1373 3081 templum
1396 3011 1792 3067 candiderunt
1816 3025 2048 3067 :exem-

396 3101 669 3174 plerique
701 3101 830 3172 ejus
861 3101 1018 3173 quod
1049 3108 1405 3173 apparuerat
1432 3103 1622 3158 visum
1644 3103 1704 3157 in
1729 3109 1921 3158 statua
1944 3115 2043 3158 ex-

395 3209 625 3264 presso,
657 3192 968 3264 templum,
1001 3208 1033 3247 a
1083 3192 1274 3248 salute
1305 3190 1387 3246 ibi
1420 3199 1608 3264 parta,
1664 3195 2045 3251 Sosthenium

397 3247 878 3335 nominaverunt.
913 3247 1031 3334 Hoc
1071 3285 1280 3349 postea
1311 3247 2045 3354 Constantinus—igni");
2076 3247 2120 3313 θ

396 3370 636 3424 oraculo
668 3385 772 3440 per
803 3369 1064 3440 quietem
1098 3367 1458 3437 admonitus,
1513 3372 1780 3436 mutavit,
1825 3385 2047 3443 araque

398 3457 472 3513 ad
503 3463 700 3512 ortum
732 3456 874 3512 solis
905 3471 1213 3521 conversa,
1245 3459 1535 3530 templum
1561 3461 1831 3516 Michaeli
1865 3476 2046 3534 ange-

395 3547 592 3602 lorum
624 3543 880 3617 principi
907 3547 1293 3612 consecravit,
1326 3550 1624 3618 expressis
1654 3549 1716 3604 in
1756 3565 1824 3604 eo
1855 3552 2046 3605 omni.

398 3636 512 3690 bus
539 3635 849 3707 elegantia;
875 3641 934 3690 et
954 3636 1333 3691 abundantia;
1361 3637 1658 3709 operibus.
1691 3640 1854 3694 Victo
1877 3643 2050 3711 Amy-

400 3741 469 3781 co
528 3729 879 3797 Argonautss
938 3739 1073 3779 cum
1119 3724 1362 3781 Heracle
1423 3725 1485 3782 in
1517 3741 1678 3783 mare
1735 3727 2047 3784 Ponticum

400 3811 625 3868 advecti
649 3819 807 3872 sunt.
834 3813 1162 3885 urbemque
1185 3816 1449 3870 Herculis
1471 3817 1887 3889 cognominem
1913 3834 2049 3874 con-

401 3902 698 3959 diderunt.
729 3902 872 3957 Inde
920 3904 1085 3958 aurei
1118 3902 1350 3960 vellecis
1399 3921 1576 3960 causa
1606 3907 1666 3962 in
1705 3907 2047 3963 Colchidem

401 4007 640 4047 cursum
698 3996 1058 4058 tenuerunt;
1109 3993 1254 4048 211
1315 4000 1374 4048 et
1419 4009 1553 4049 cum
1602 4009 1783 4051 aureo
1827 3997 2048 4052 vellere

399 4081 600 4136 Medea
631 4081 832 4147 etiam,
863 4081 1019 4152 regis
1043 4081 1165 4136 illia
1189 4082 1469 4145 Colchici.
1493 4100 1625 4154 quas
1645 4100 1847 4140 amore
1880 4087 2047 4142 laso-

397 4172 488 4226 nis
510 4175 782 4240 correpta
803 4169 1016 4236 fuerat,
1055 4169 1326 4234 abducta,
1359 4173 1581 4227 reversi
1605 4179 1763 4229 sunt.
1788 4175 1866 4230 Eo
1897 4180 2048 4231 tem-

397 4275 541 4330 pore
571 4259 713 4313 Tros
749 4257 814 4312 lli
847 4263 905 4312 et
933 4257 1290 4329 Ganymedis
1347 4267 1515 4330 pater
1571 4263 1836 4336 Phrygias
1869 4265 2046 4336 impe-

395 4348 562 4402 rarit.
622 4349 676 4401 Is
733 4347 880 4402 duas
937 4347 1116 4401 urbes
1175 4349 1481 4418 exstruxit,
1544 4365 1760 4423 nempe
1813 4354 2046 4426 Trojam

397 4440 575 4505 atque
606 4435 816 4502 Ilium;
851 4434 924 4489 ad
956 4450 1208 4505 quarum
1228 4436 1644 4495 delicationem
1669 4456 1802 4496 cum
1824 4442 2048 4498 vicinos

401 4527 800 4588 convocasset,
824 4524 1051 4579 Tantali
1082 4527 1456 4596 Mycenarum
1488 4530 1642 4602 regis
1664 4531 1883 4586 oblitus
1912 4532 2042 4600 nm,

2159 1942 2380 2018 ὕστερον
2442 1941 2498 1998 δὲ
2554 1942 2640 1998 ἐπὶ
2702 1945 2949 2014 Ζήνωνος
3009 1945 3105 1997 τοῦ
3177 1937 3448 2017 βασιλέως
3530 1940 3654 2000 ναὸς
3709 1945 3810 2008 τῆς

2155 2032 2311 2107 ἁγίας
2369 2033 2636 2088 Θεοτόκου
2693 2031 3126 2106 μετωνόμασται.
3220 2031 3456 2084 Ἐκεῖθεν
3512 2027 3697 2083 τοίνυν
3756 2018 3812 2081 οἳ

2153 2125 2514 2198 Ἀργοναῦται
2573 2121 2993 2196 ἒεορμήσαντες,
3078 2119 3170 2174 καὶ
3255 2115 3344 2173 διὰ
3398 2121 3496 2172 τοῦ
3561 2115 3807 2172 ἀναπλου

2157 2209 2486 2286 βουλόμενοι
2519 2210 2835 2285 παρελθεῖν,
2868 2207 3173 2264 ἐκωλύοντο
3205 2208 3310 2262 ὐπὸ
3360 2205 3610 2279 Ἀμύκου
3641 2225 3813 2278 στρα-

2153 2301 2451 2372 τευομένου
2504 2301 2623 2353 κατ’
2683 2298 2882 2354 αὐτῶν.
2945 2295 3189 2359 Δεδιότες
3253 2295 3346 2351 οὖν
3426 2294 3620 2368 κόλπῳ
3695 2294 3806 2349 τινί

2153 2387 2326 2464 ἀγρίῳ
2383 2387 2473 2443 καί
2533 2385 2773 2442 ἀλσώδει
2828 2388 3214 2462 προσίσχουσι.
3305 2384 3474 2442 Κάκεῖ
3543 2382 3800 2438 ὀπτασίαν

2155 2478 2299 2532 θείαν
2356 2476 2406 2548 ἐξ
2465 2478 2701 2552 οὐρανοῦ
2773 2475 2959 2537 αὐτοῖς
3044 2475 3393 2554 ἐπιφανεῖσαν
3475 2473 3526 2528 ὲν
3607 2469 3799 2546 ἀνδρὸς

2154 2557 2389 2644 φοϐεροῦ
2447 2562 2599 2633 εἴδει,
2659 2565 2935 2640 πτέρυγας
2993 2563 3068 2624 ὡς
3151 2562 3312 2617 ἀετοῦ
3395 2559 3810 2634 περιγειμένου,

2155 2655 2473 2727 θασάμενοι,
2541 2653 2721 2725 τούτῳ
2801 2649 3307 2728 καταθαῤῥήσαντες
3401 2649 3480 2712 είς
3558 2647 3806 2721 πόλεμον

2151 2749 2230 2817 τῷ
2253 2745 2480 2818 Ἀμύκῳ
2545 2739 2946 2818 συμϐάλλουσι.
3007 2743 3108 2799 Καὶ
3168 2741 3574 2801 ἀποκτείναντες
3631 2736 3812 2792 αυτὸν»

2152 2831 2367 2890 ἓκτισαν
2411 2833 2463 2889 ἐν
2521 2839 2602 2906 τῷ
2660 2841 2759 2903 τῆς
2818 2831 3077 2894 ὀπτασίας
3148 2832 3302 2903 τόπῳ
3354 2830 3517 2904 ἱερόν.
3577 2825 3678 2884 Καὶ
3738 2823 3794 2881 δι

2156 2923 2361 2986 εἲκόνος
2393 2930 2492 2992 τῆς
2525 2923 2711 2984 αὐτοῖς
2765 2922 3054 2995 ὁραθείσης
3111 2927 3327 2999 μορφῆς
3381 2917 3445 2974 τὸ
3507 2917 3808 2989 ἐκτύπωμα

2153 3013 2637 3084 ἀναστηλώσαντες
2691 3011 2987 3067 Σωσθὲνιον
3047 3010 3109 3066 τὸ
3164 3004 3310 3084 hipr
3367 3008 3656 3080 ὠνόμασαν
3716 3003 3804 3061 διὰ

2154 3103 2240 3179 [Ρ.
2279 3103 2401 3177 120]
2425 3103 2488 3158 τὸ
2519 3103 2574 3159 ἐν
2604 3103 2783 3174 τούτῳ
2812 3099 3010 3164 αὐτοὺς
3038 3101 3298 3168 σωθῆναι.
3334 3098 3504 3154 Τοῦὶο
3551 3097 3614 3151 τὸ
3653 3095 3804 3169 ἱερὸν

2156 3193 2376 3267 ὕστερον
2431 3194 2460 3247 ὸ
2522 3190 2690 3267 μέγας
2747 3191 2800 3246 ιν
2862 3187 3146 3264 βασιλεῦσι
3223 3191 3628 3246 Κωνσταντῖνος
3682 3183 3806 3238 κατ’

2158 3279 2287 3356 ὄναρ
2319 3281 2716 3362 χρηματισθεὶς
2780 3278 3128 3355 μετεποίησα,
3188 3278 3278 3331 καὶ
3333 3277 3395 3332 τὸ
3459 3276 3584 3362 μὶνΔ
3615 3287 3804 3362 θυσια-

2156 3360 2379 3448 στήριον
2410 3372 2548 3448 πρὸς
2597 3369 2866 3432 ἀνατολὰς
2905 3369 3033 3444 όρᾷν
3093 3368 3359 3433 ὲτύπωσε,
3417 3364 3510 3419 τὸν
3569 3360 3625 3418 δὲ
3676 3361 3804 3417 ναὸν

2159 3467 2254 3520 τοῦ
2285 3459 2640 3538 ἀρχαγγέλου
2673 3455 2902 3535 Μιχαὴλ
2938 3455 3177 3526 Ξκᾶλεσε,
3228 3459 3399 3510 πᾶσαν
3444 3451 3802 3528 καλλιεργίαν

2156 3554 2246 3608 καὶ
2303 3549 2676 3628 καρποφορίαν
2736 3549 2790 3606 ἰν
2842 3549 2993 3620 αύτῷ
3046 3547 3324 3607 τυπώσας.
3385 3543 3532 3600 Μετὰ
3588 3543 3646 3596 ὁὶ
3699 3541 3802 3610 τὴν

2157 3646 2312 3713 νίκην
2369 3640 2613 3714 Ἀμύκου
2671 3639 2723 3694 οἳ
2801 3639 3167 3714 Ἀργοναῦται
3257 3634 3372 3707 μεθ’
3456 3629 3796 3708 Ἡρακλέους

2157 3732 2241 3787 ἐπὶ
2308 3733 2409 3800 τήν
2494 3729 2764 3797 Ποντικὴν
2836 3725 3106 3781 θάλασσαν
3188 3721 3577 3782 ἐκπλεύσαντες
3639 3719 3804 3774 πόλιν

2157 3818 2437 3894 ἔδείμαντο
2490 3816 2578 3874 ἐπὶ
2634 3821 2714 3888 τῷ
2785 3819 2881 3870 τοῦ
2931 3811 3264 3890 Ἡρακλέους
3338 3811 3588 3884 ὀνόματι.
3669 3809 3805 3864 Εἶτα

2158 3908 2247 3966 διὰ
2277 3909 2338 3964 τὸ
2369 3911 2605 3984 χρυσοῦν
2636 3903 2792 3979 δέρας
2823 3903 2911 3958 ἐπὶ
2942 3902 3042 3972 τὴν
3101 3898 3354 3979 Κολχίδα
3385 3896 3805 3984 διαπεράσαντες

2156 3999 2286 4055 αύτό
2325 3982 2382 4053 τε
2416 3982 2525 4051 -καὶ
2577 3992 2826 4065 Μήδειαν
2877 3995 2977 4062 τὴν
3033 3995 3131 4046 τοῦ
3192 3987 3464 4065 βασιλεως
3525 3982 3802 4061 Κολχίδος

2155 4087 2443 4162 θυγατέρα,
2515 4086 2751 4144 Ἰάσονος
2859 4080 3186 4157 ἐρασθεῖσαν,
3297 4076 3614 4150 ἀνελόμενοι
3701 4075 3802 4130 ὑπ-

2159 4177 2436 4250 έστρεψαν.
2469 4175 2605 4230 Τότε
2642 4173 2730 4227 καὶ
2764 4173 2921 4246 Τρὼς
2965 4177 3066 4238 τῆς
3114 4172 3345 4243 Φρυγῶν
3393 4167 3580 4241 χώρας
3631 4165 3806 4238 ἦρχεν

2159 4263 2369 4320 ὁἸλου
2399 4263 2490 4318 καὶ
2553 4259 2907 4334 Γανυμήδους
2959 4261 3160 4330 πατήρ.
3222 4256 3396 4317 Οὗτος
3455 4252 3552 4309 δύο
3608 4253 3802 4312 πόλεις

2157 4352 2357 4428 Τροίαν
2396 4353 2486 4408 καὶ
2517 4350 2685 4408 Ἰλιον
2711 4345 3060 4421 ᾠκοδόμησε,
3100 4347 3189 4401 καὶ
3247 4345 3374 4405 τοὺς
3424 4343 3803 4417 ἀστυγείτονας

2158 4443 2233 4506 εἷς
2288 4444 2379 4499 τὸν
2444 4440 2787 4516 ἐγκαινισμὸν
2856 4442 2963 4494 τῶν
3020 4435 3236 4492 πόλεων
3294 4432 3805 4510 προσκαλεσάμενος

2157 4537 2253 4590 τοῦ
2311 4530 2643 4601 Μυκηναίων
2730 4529 3048 4589 ἀνάσσοντος
3112 4524 3392 4583 Ταντάλου
3487 4520 3802 4586 inclitos-rw

401 4619 580 4685 atque
609 4614 768 4668 hunc
800 4618 1114 4684 propterea
1144 4614 1254 4670 sibi
1286 4616 1584 4672 infensum
1609 4619 1831 4675 habuit.
1870 4623 2047 4677 Vove-

2157 4623 2216 4684 ὅς
2273 4622 2362 4677 καὶ
2425 4621 2501 4682 είς
2559 4617 2756 4694 ἔχθραν
2813 4615 2964 4690 αὑτῷ
3021 4613 3110 4671 8ιᾶ
3179 4617 3341 4670 τοῦτο
3427 4611 3806 4680 ἀντεκατέστη.

399 4710 492 4760 rat
522 4709 658 4758 ante
689 4702 1008 4758 sediﬂcatas
1035 4703 1212 4759 urbes
1230 4707 1370 4760 Tros
1385 4706 1504 4761 Jovi
1523 4705 1788 4765 victimas
1809 4724 1870 4764 se
1902 4710 1952 4765 ei
1987 4717 2045 4766 et

400 4791 557 4848 dona
586 4791 647 4845 in
677 4792 972 4862 Europam
1003 4791 1349 4848 missurum.
1383 4794 1606 4850 Idcirco
1645 4794 1894 4853 urbibus
1915 4797 2043 4870 jam

398 4880 688 4937 absolutis
718 4880 1116 4951 Ganymedem
1159 4895 1291 4936 cum
1323 4883 1392 4937 50
1421 4882 1562 4938 viris
1592 4883 1750 4940 dona
1779 4891 1839 4940 et
1870 4887 2042 4942 victi-

395 4988 522 5026 mas
554 4971 627 5026 ad
689 4969 977 5041 templum
1031 4968 1185 5024 Jovis
1235 4970 1482 5025 allatum
1513 4973 1714 5028 mittit.
1770 4975 2047 5031 Tantalus

397 5074 534 5115 vero
565 5058 769 5114 dolum
827 5056 1072 5113 subesse
1129 5057 1485 5129 suspicatus,
1541 5061 1722 5117 misso
1761 5064 2044 5132 exercitu,

397 5147 801 5220 Ganymedem
837 5162 970 5202 cum
993 5147 1276 5200 comitatu
1298 5147 1515 5218 rapuit,
1543 5149 1808 5206 dicentes
1839 5167 1900 5206 se
1931 5154 2046 5209 Eu—

394 5255 591 5310 ropmo
620 5241 739 5295 Jovi
756 5239 1023 5294 victimas
1037 5239 1270 5294 afferre.
1292 5241 1658 5312 Ganymedes
1681 5245 2045 5315 turpitudine

394 5330 478 5385 rei
510 5336 570 5383 et
597 5336 760 5387 metu
783 5337 1198 5386 consternatus
1223 5331 1282 5386 in
1310 5334 1580 5389 morbum
1607 5335 1834 5405 incidit,
1860 5338 2044 5410 impe-

395 5423 664 5486 trataque
698 5419 998 5474 venianon
1017 5420 1205 5475 multo
1229 5427 1361 5492 post
1380 5423 1496 5478 vita
1518 5424 1768 5482 excedit.
1791 5428 2045 5483 Proinde

398 5519 649 5559 munera
677 5508 904 5562 Tantali
948 5508 1134 5578 jussu
1163 5508 1299 5564 fano
1327 5513 1482 5566 Jovis
1538 5513 1770 5570 reddita
1799 5521 1956 5586 sunt,
1991 5523 2049 5572 et

398 5592 668 5665 reliquiae
684 5593 1038 5666 Ganymedis
1058 5598 1115 5651 in
1129 5599 1351 5669 templo
1365 5601 1524 5656 intus
1541 5604 1885 5659 reconditis.
1902 5606 2046 5661 Hinc

396 5684 600 5741 fabula
629 5684 881 5740 conﬁcta
901 5691 1012 5754 est,
1043 5687 1440 5757 Ganymedem
1472 5708 1506 5746 a
1534 5693 1668 5748 Jove
1696 5693 1756 5748 in
1783 5695 2046 5764 aquilam

2155 4716 2254 4770 Ἦν
2323 4709 2379 4767 δὲ
2444 4712 2472 4766 ὁ
2529 4711 2688 4784 Τρὼς
2745 4709 2851 4783 πρὸ
2905 4710 3006 4776 τῆς
3061 4711 3170 4760 τῶν
3223 4703 3439 4760 πόλεων
3501 4698 3805 4772 οἰκοδομῆς

2155 4802 2438 4877 εὐξάμενος
2460 4801 2629 4874 εύχὴν
2681 4804 2759 4872 τῷ
2816 4799 2923 4870 Διί,
2978 4795 3163 4856 θυσίας
3219 4795 3309 4850 καὶ
3368 4790 3517 4866 δῶρα
3573 4789 3804 4863 πᾶμπων

2156 4892 2231 4954 είς
2262 4892 2558 4966 Εὐρώπην.
2593 4889 2696 4947 Καὶ
2745 4887 2859 4944 ἐπεὶ
2919 4888 2973 4940 αῖ
3027 4884 3216 4945 πόλεις
3275 4881 3651 4951 ἐτελέσθησαν,
3709 4879 3800 4934 τὸν

2157 4979 2482 5055 Γανυμήδην
2542 4977 2635 5033 σὺν
2723 4973 2942 5053 ἀνδράσι
2997 4974 3334 5043 πεντήκοντα
3403 4966 3552 5043 δῶρά
3607 4989 3664 5024 τε
3711 4967 3804 5023 καὶ

2157 5073 2340 5134 θυσίας
2369 5069 2505 5145 πρὸς
2531 5069 2593 5124 τὸ
2637 5073 2732 5123 τοῦ
2790 5066 2911 5128 Διὸς
2969 5065 3114 5139 ἱερὸν
3172 5062 3460 5133 ὲκπὲμπει.
3519 5055 3806 5118 Τάνταλος

2157 5159 2213 5216 δὲ
2267 5159 2432 5217 δόλον
2491 5158 2716 5228 εῗηθεὶς,
2778 5153 3007 5228 δύναμιν
3062 5149 3392 5211 ἀποστείλας
3448 5148 3657 5220 ἥρπασε
3710 5153 3809 5202 Γα-

2157 5247 2408 5323 νυμήδην
2436 5247 2678 5307 καὶτοὺς
2713 5246 2826 5318 μετ’
2858 5244 3044 5312 αὐτοῦ,
3107 5240 3161 5296 ο’ί
3219 5240 3310 5294 καὶ
3369 5237 3566 5323 ἔλεγον
3623 5235 3809 5323 θυσίας

2155 5321 2402 5412 κομίζειν
2450 5341 2528 5407 τῷ
2585 5334 2891 5408 Εὐρωπαίῳ
2949 5331 3051 5387 Διί.
3097 5332 3160 5388 Ὁ
3218 5327 3275 5384 δὲ
3328 5321 3654 5399 Γανυμήδης
3717 5321 3809 5378 διὰ

2155 5430 2252 5498 τὴν
2312 5427 2577 5502 αἰσχύνην
2637 5425 2751 5492 ’ἁμα
2817 5423 2906 5476 καὶ
2958 5423 3049 5476 τὸν
3107 5415 3273 5498 φόϐον
3353 5415 3641 5491 ἀβρωστεῖ,
3709 5414 3803 5469 καὶ

2155 5517 2482 5594 συγγνώμης
2537 5513 2816 5588 τυγχάνει,
2899 5511 3044 5567 ἀλλὰ
3132 5511 3245 5582 μετ’
3304 5506 3498 5582 ὀλίγον
3554 5502 3802 5574 τελευτᾷ.

2158 5608 2257 5664 Καὶ
2315 5603 2382 5659 τὰ
2443 5604 2538 5677 μὲν
2597 5600 2744 5674 δῶρα
2802 5605 2898 5656 τοῦ
2955 5598 3235 5656 Ταντάλου
3313 5595 3667 5655 κελεύσαντος
3723 5597 3806 5662 τῷ

2157 5699 2290 5773 ἰερῶ
2319 5699 2414 5750 τοῦ
2447 5694 2568 5756 Διὸς
2599 5688 2862 5761 ἀπεδόθη,
2893 5690 2955 5746 τὸ
3006 5687 3063 5744 δὲ
3112 5688 3365 5764 λείψανον
3413 5683 3578 5740 αὐτοῦ
3624 5681 3679 5736 ἂν
3721 5685 3804 5753 τῷ
