4186 6190
311 380 430 442 Ξιὸ

1461 379 2006 447 HISTORIARUM
2049 383 2599 453 GOMPINDIUM.

3601 397 3722 460 246

310 518 427 586 ναῷ
492 508 644 570 ἔνδον
729 513 986 586 ima-£07,.
1074 517 1346 582 Ἐντεῦθεν
1427 517 1792 591 ἰμυθεύσαντο
1863 517 1945 575 edi

2071 538 2350 582 converso
2380 525 2720 600 (nempe‘ob
2748 525 3113 588 celeritatem
3146 536 3373 609 raptus)
3404 535 3715 610 abreptum

313 603 410 658 Δία
471 602 764 678 γενόμενον
833 605 1008 674 ἀετὸν,
1077 603 1168 662 διὰ
1230 607 1294 661 τὸ
1357 613 1460 677 τῆς
1531 607 1781 683 ἁρπαγῆς
1849 607 1963 682 ὀξὺ,

308 694 400 748 τὸν
433 690 762 765 Γανυμήδην
795 689 1086 749 ἀναλαϐεῖν
1117 696 1192 758 εἷς
1220 696 1284 751 τὸ
1314 697 1586 774 οἰνοχοεῖν
1615 699 1784 770 αὐτῷ.

381 783 468 838 Ἐν
526 787 642 842 τοῖς
704 783 890 843 αὐτοῖς
949 783 1174 858 χρόνοις
1228 790 1336 839 τῶν
1397 789 1608 858 Κριτῶν
1651 783 1964 842 ἐϐασίλευσε

303 877 406 941 τῆς
438 869 710 945 Εὐρώπης
761 872 789 926 ὁ
847 872 1122 939 Λάπαθος,
1172 870 1302 952 ἔσχε
1337 870 1396 930 δὲ
1427 872 1524 929 δύο
1553 875 1705 938 υἱοὺς
1736 876 1962 952 Ἀχαιὸν

305 961 392 1014 καὶ
453 961 708 1017 Λάκωνα.
765 959 1201 1031 Τελευτήσαντος
1261 960 1319 1017 δὲ
1374 968 1470 1018 τοῦ
1519 967 1724 1039 πατρὸς
1758 966 1834 1028 εἰς
1866 964 1961 1021 δύο

302 1050 670 1123 κατεμερισθη
705 1052 738 1118 ἡ
773 1050 942 1124 ἀρχή.
1004 1051 1065 1108 Ὁ
1102 1049 1280 1106 τοίνυν
1336 1053 1524 1108 Λάκων
1573 1055 1670 1123 τήν
1708 1055 1962 1127 ἡμίσειαν

306 1140 495 1214 χώραν
556 1137 748 1214 λαχὼν
813 1141 1135 1208 Λακωνικὴν
1213 1139 1484 1197 ἐκάλεσενσ
1551 1146 1617 1212 ἧς
1668 1145 1962 1218 τριάκοντα

300 1233 452 1302 τρεῖς
513 1227 747 1306 χρόνους
810 1226 1138 1304 βασιλεύσας
1195 1227 1369 1285 ἔκτισε
1442 1229 1604 1286 πόλιν
1690 1231 1958 1304 παράλιον

301 1317 403 1384 τήν
461 1318 743 1372 Γαϐυνίαν.
805 1317 904 1371 Καὶ
967 1321 1083 1390 μετ’
1154 1317 1312 1374 αὐτὸν
1370 1317 1534 1374 ἄλλοι
1589 1320 1732 1382 τινὲς
1792 1320 1957 1394 ἦρξαν

298 1401 406 1465 ἕως
439 1403 686 1473 Θεστίου,
746 1403 805 1466 ὅς
861 1406 1008 1480 παρὰ
1062 1405 1154 1460 τὸν
1206 1406 1461 1480 Εὐρώταν
1503 1409 1747 1480 ποταμὸν
1795 1408 1958 1463 πόλιν

296 1490 588 1565 οἰκοδομεῖ
615 1495 715 1560 τήν
746 1493 989 1549 Θεστίαν.
1024 1495 1198 1557 Οῐτος
1231 1497 1259 1549 ὁ
1293 1496 1512 1558 Θέστιος
1541 1501 1649 1550 τῶν
1686 1497 1956 1551 Λακώνων

301 1582 632 1657 βασιλεύσας
685 1584 858 1638 τίκτει
917 1586 1211 1658 θυγατέρας
1285 1590 1425 1658 τρεῖς
1497 1585 1574 1648 εἷς
1641 1581 1958 1660 ὓπερὸολὴν

296 1671 608 1745 εὐπρεπεῖς,
677 1670 864 1742 Λήδαν
930 1673 1020 1728 καὶ
1083 1673 1314 1729 Κλυτίαν
1382 1674 1472 1728 καὶ
1541 1673 1863 1748 Μελίππην,
1896 1675 1953 1731 αἳ

296 1763 385 1816 καί
422 1759 729 1823 Λακωνῖδες
761 1759 1074 1818 ἐκαλοῦντο.
1119 1765 1233 1833 Τὴν
1289 1762 1468 1836 μέντοι
1520 1763 1703 1834 Λήδαν
1746 1764 1954 1824 Τυνδά-

2070 629 2137 669 ac
2169 615 2297 687 ejus
2328 616 2677 688 pincernam
2706 618 2948 677 factum.

2139 797 2355 855 Eadem
2404 800 2678 857 Iudicum
2730 807 2900 859 mtate
2927 819 3174 878 regnum
3222 806 3470 880 Europae
3524 811 3714 866 tenuit

2069 888 2381 961 Lapathus.
2412 889 2566 944 Duos
2590 889 2686 946 hic
2713 891 2868 947 ﬁlios
2899 891 3122 960 habuit,
3151 893 3433 952 Achaaum
3456 901 3515 952 et
3535 898 3711 955 Laco-

2067 993 2226 1034 nem.
2285 981 2491 1050 Itaque
2521 979 2648 1052 ipso
2681 987 2915 1037 mortuo
2961 998 3209 1054 regnum
3241 983 3300 1040 in
3336 985 3483 1042 duas
3515 992 3711 1058 partes

2067 1074 2157 1122 est
2187 1068 2502 1124 divulsum.
2535 1068 2683 1126 Laco
2716 1069 2976 1127 dimidiae
3009 1074 3170 1146 regni
3205 1074 3380 1146 parti,
3421 1091 3552 1150 quae
3602 1077 3711 1134 sibi

2066 1154 2376 1226 obtigerat,
2407 1174 2626 1213 nomen
2685 1157 2983 1216 Laconicae
3035 1161 3273 1229 indidit,
3307 1169 3366 1220 et
3404 1165 3465 1220 in
3507 1181 3576 1222 ea
3603 1168 3714 1221 tri-

2064 1244 2225 1318 ginta
2254 1249 2375 1302 tres
2399 1263 2588 1303 annos
2637 1251 2916 1321 regnavit,
2973 1251 3302 1323 urbemque
3351 1254 3710 1311 maritimam

2065 1333 2414 1407 Gathyniam
2446 1333 2775 1392 aediﬁcavit.
2798 1339 2937 1394 Post
2965 1339 3124 1396 hunc
3152 1339 3254 1396 alii
3274 1339 3514 1412 quidam
3545 1359 3711 1416 reges

2062 1423 2303 1480 fuerunt
2332 1424 2485 1483 212
2518 1442 2704 1498 usque
2735 1425 2809 1483 ad
2838 1427 3164 1498 Thestium,
3198 1430 3297 1504 qui
3331 1429 3403 1487 ad
3434 1431 3710 1488 Eurotam

2063 1511 2306 1569 fluvium
2361 1513 2570 1570 urbem
2619 1516 2918 1571 Thestiam
2979 1516 3262 1574 fundavit.
3335 1520 3388 1576 Is
3443 1520 3711 1577 Thestius

2066 1603 2358 1657 Laconum
2387 1620 2488 1657 rex
2521 1609 2638 1658 tres
2667 1603 2836 1676 longe
2869 1603 3301 1677 pulcherrimas
3331 1607 3484 1664 ﬁlias
3506 1623 3710 1682 proge-

2061 1689 2305 1758 neravit,
2332 1689 2569 1754 Ledam,
2585 1689 3211 1765 Clytiam,Melippam,
3228 1697 3493 1765 nomine,
3511 1704 3712 1770 quaeet

2062 1779 2384 1836 Laconides
2397 1779 3094 1852 appellabantur.Ledam
3107 1785 3446 1858 Tyndareus
3463 1802 3707 1842 uxorem

297 1871 440 1924 ρεως
470 1846 655 1906 λαϐὼν
713 1852 790 1914 εἷς
847 1859 1096 1926 γυναῖκα,
1151 1852 1211 1915 ὅς
1268 1855 1356 1908 καὶ
1421 1855 1555 1927 μετὰ
1603 1857 1820 1912 Θέστιον
1849 1863 1945 1926 τῆς

2061 1866 2247 1938 duxit,
2282 1869 2384 1941 qui
2416 1846 2546 1942 post
2573 1869 2878 1926 Thestium
2925 1846 3226 1928 Laconica,
3276 1890 3454 1946 regno
3485 1877 3706 1946 potitus

295 1945 404 1996 τῶν
452 1941 726 1996 Λακώνων
789 1943 977 2016 γώρας
1034 1941 1419 2015 ἐπεκράτησεν,
1478 1938 1635 2023 ἔσχεν
1683 1944 1734 2016 ἑξ
1785 1945 1949 2015 αὐτῆς

293 2032 394 2097 τήν
465 2029 988 2108 Κλυταιμνήστραν,
1052 2032 1118 2101 ἢν
1185 2034 1320 2106 μετα
1381 2037 1548 2088 ταῦτα
1585 2034 1945 2110 ’Δγαμὲμνων

292 2121 534 2196 ἠγάγετο
599 2126 849 2197 γυναῖκα,
913 2126 1021 2176 τῶν
1083 2121 1412 2192 Μυκηναίων
1463 2123 1490 2178 ὁ
1538 2123 1817 2198 βασιλευς.
1883 2130 1946 2182 Ἦ

290 2209 475 2282 μέντοι
543 2208 702 2280 Λήδα
799 2210 850 2266 ἰν
954 2212 1227 2285 προστείῳ
1293 2213 1441 2288 παρᾶ
1498 2213 1588 2268 τὸν
1691 2214 1947 2289 Εὐρώταν

283 2299 656 2372 ὠραϊζομένη,
689 2298 807 2356 ἐπεὶ
860 2297 1179 2373 Τυνδάρεως
1231 2301 1308 2373 μὴ
1360 2303 1547 2376 παρὼν
1600 2305 1684 2376 [Ρ.
1724 2305 1845 2377 121]
1876 2305 1942 2374 ἦν

291 2389 650 2463 μοιχευθεῖσα
682 2389 786 2444 ὑπὸ
822 2389 1092 2462 νεωτέρου
1137 2389 1287 2451 τινὸς
1339 2389 1548 2446 Κύκνου
1577 2389 1944 2464 καλουμὲνου,

287 2478 406 2531 υἱοῦ
473 2475 796 2552 Ἐδερίωνος
865 2475 1138 2552 βασιλέως
1206 2479 1456 2554 Ἀχαῗας,
1524 2478 1693 2535 τίκτει
1766 2482 1940 2559 βρέφη

283 2567 408 2640 τρία
448 2567 502 2620 ἐν
550 2566 630 2620 ἒνὶ
675 2571 903 2638 τοκετῷ,
949 2567 1224 2640 Κάστορα,
1273 2564 1621 2637 Πολυδεύκην
1665 2570 1753 2624 καὶ
1787 2566 1945 2625 Έλέι

283 2677 393 2724 νην.
449 2657 549 2711 Ἦν
600 2652 658 2709 δὲ
723 2658 758 2723 ἡ
825 2653 1011 2727 Ἑλένη
1083 2655 1415 2730 ὡραιοτάτη,
1457 2654 1580 2726 ἤνὸ
1623 2654 1944 2734 Τυνδάρεως

283 2743 550 2816 Μενελάῳ
578 2742 806 2820 ἀδελφῳ
837 2745 1255 2819 Ἀγαμέμνονος,
1292 2744 1635 2820 βασιλεύοντι
1684 2746 1807 2801 τότε
1833 2753 1942 2802 τῶν

285 2834 577 2907 Ἀργείων,
647 2833 725 2894 εἷς
789 2840 1015 2910 γυναῖκα
1084 2832 1315 2904 ἐξέδοτο.
1381 2831 1519 2909 Εἶκῇ
1579 2835 1670 2890 οὗν
1713 2835 1804 2890 τὸν
1851 2837 1946 2892 Δία

286 2923 482 2981 κύκνον
531 2926 776 3000 γενέσθαι
827 2925 918 2979 καὶ
987 2929 1056 2998 τῇ
1105 2921 1260 2996 Λήδᾳ
1307 2924 1578 2990 συνελθεῖν
1630 2927 1944 3001 μεμυθολο-

285 3017 520 3089 γήκασιν
552 3015 604 3068 οἱ
637 3016 883 3084 ποιηταί.

350 3108 444 3162 Ἑν
504 3109 626 3167 τοῖς
677 3105 908 3180 χρόνοις
964 3107 1061 3160 τοῦ
1117 3108 1309 3179 κριτοῦ
1368 3102 1613 3179 Σαμψὼν
1674 3105 1942 3182 Δάρδανος

288 3197 376 3268 μὲν
445 3197 564 3258 uio:
603 3195 757 3252 Ἴλου
811 3201 918 3252 τῶν
972 3199 1229 3273 Φρυγῶν,
1268 3195 1554 3268 Ἐλλήνων
1596 3196 1653 3253 δὲ
1718 3197 1940 3268 καὶτῆς

283 3283 556 3348 Ἑλλάδος
599 3281 868 3347 ’Ἄϐαντος
933 3282 1026 3356 ἔτη
1086 3292 1164 3360 κγ’
1222 3281 1557 3344 ἐϐασίλευσε.
1619 3293 1850 3360 Προῖτος
1883 3285 1940 3343 δὲ

286 3378 404 3447 μετ’
465 3376 630 3430 αὐτὸν
694 3374 788 3446 ἔτη
851 3376 932 3445 ιζ’.
994 3374 1204 3433 Τούτου
1261 3377 1296 3445 ἠ
1352 3378 1483 3450 γυνὴ
1559 3373 1849 3432 Σθενέϐοια
1902 3380 1937 3447 ἡ

282 3467 367 3519 καὶ
409 3467 630 3522 Ἄντεια
684 3463 1122 3543 Βελλεροφόντοῦ
1181 3464 1382 3538 ἐρῶσα,
1441 3465 1499 3520 ὅν
1560 3470 1793 3540 Προῖτος
1852 3467 1941 3521 εὗ-

284 3554 387 3627 ρὼν
428 3559 747 3629 χαμαιριφῆ
807 3551 899 3607 καὶ
955 3552 1390 3628 ἀναθρεψάμενος
1446 3555 1538 3608 καὶ
1567 3561 1738 3627 τιμῆς
1769 3555 1939 3629 ᾐξιωο

281 3644 390 3704 κὼς
474 3640 791 3716 ὁμοδίαιτον
862 3643 1005 3716 εἶχε,
1080 3642 1277 3696 τούτου
1356 3647 1598 3714 μανικῶς
1665 3641 1839 3718 ἐρῶσα
1905 3647 1939 3714 ἡ

283 3737 525 3803 Ἄντεια,
586 3731 859 3794 πολλάκις
923 3753 981 3786 τε
1044 3733 1411 3808 προαγωγοὺς
1468 3739 1809 3810 πεπομφυῖα,
1850 3735 1938 3790 καῖ

285 3823 721 3897 ἀποκρουσθεῖσα
777 3819 847 3876 δι’
905 3820 1099 3896 ἀρετὴν
1155 3825 1252 3875 τοῦ
1307 3819 1428 3876 νέου
1483 3820 1571 3876 καὶ
1634 3823 1814 3879 πίστιν
1844 3826 1943 3893 τήν

287 3914 423 3985 πρὸς
472 3913 566 3966 τὸν
633 3909 937 3985 εὐεργέτην,
986 3910 1123 3986 πρὸς
1169 3915 1262 3965 τον
1318 3907 1486 3986 ἄνδρα
1535 3915 1767 3985 Προῖτον
1826 3909 1940 3967 δια.

286 3996 504 4057 ϐαλλει.
555 4000 620 4055 Ὀ
665 3997 721 4054 δὲ
782 4002 857 4072 μή
917 4000 1055 4053 εἶναι
1107 3999 1274 4071 νόμον
1325 3993 1426 4074 ἔφη
1458 4003 1538 4070 τῷ
1569 3999 1718 4056 ἀλῶν
1749 4006 1942 4055 κοινῶν

287 4091 620 4164 μετασχόντι
671 4088 746 4151 εἲς
800 4091 988 4164 ψυχὴν
1053 4083 1463 4146 ἐπιϐουλεῦσαι.
1518 4089 1696 4146 Ἀλλὰ
1743 4096 1822 4163 τῷ
1866 4095 1944 4162 σῷ

283 4181 447 4256 πατρὶ
523 4175 736 4254 Ἰοδατῃ
805 4181 1016 4257 γράψας
1084 4180 1244 4236 αύτον
1310 4179 1623 4253 ἀποστελῶ,
1695 4185 1811 4256 μεθ’
1879 4185 1942 4238 οὗ

287 4269 548 4325 οὐδέποτε
579 4266 766 4345 ἔφαγεν
801 4268 985 4342 ἄρτον,
1035 4269 1126 4324 καί
1184 4269 1347 4331 αὐτὸς
1403 4275 1594 4325 τοῦτον
1641 4271 1940 4348 ἀναιρήσει.

285 4362 502 4434 Γρᾶψας
563 4357 656 4412 οὗν
714 4358 803 4413 καὶ
873 4355 1124 4435 σφραγῖδι
1203 4359 1501 4438 σφραγίσας
1562 4360 1823 4435 βασιλικῇ
1877 4364 1941 4418 τὸ

282 4451 514 4524 γράμμα
547 4445 896 4503 ἀποστέλλει.
952 4448 1144 4520 Ἀπῄει
1205 4444 1261 4502 δὲ
1320 4448 1475 4508 οὗτος
1522 4446 1692 4520 μηδὲν
1727 4451 1945 4530 ὑφορώ-

290 4559 442 4608 μενος
501 4537 693 4594 κακόν.
753 4535 1006 4610 Εὑρίσκει
1066 4536 1164 4590 οὗν
1247 4536 1408 4591 αὐτὸν
1468 4535 1520 4590 ἐν
1577 4537 1656 4610 τῷ
1713 4538 1938 4613 ἀρίστῳ,

2058 1965 2168 2027 est,
2201 1965 2259 2013 et
2289 1977 2356 2014 ex
2387 1977 2457 2014 ea
2487 1961 2727 2015 sustulit
2758 1959 3287 2032 Clytaemnestram,
3322 1979 3500 2034 quam
3541 1970 3706 2036 post-

2055 2066 2124 2104 ea
2155 2049 2440 2120 temporis
2469 2051 2834 2121 Agamemno
2866 2053 3245 2121 Mycenarum
3296 2069 3396 2106 rex
3427 2055 3702 2126 conjugio

2054 2136 2163 2192 sibi
2197 2136 2511 2209 copulavit.
2538 2138 2754 2194 Verum
2774 2137 2928 2194 Leda
2949 2139 3010 2194 in
3029 2139 3312 2195 suburbio
3331 2139 3404 2196 ad
3424 2141 3701 2198 Eurotam

2053 2241 2187 2281 cum
2211 2241 2295 2292 se,
2329 2225 2573 2282 absente
2603 2226 2930 2298 Tyndareo,
2954 2228 3281 2285 oblectaret
3308 2247 3442 2286 cum
3485 2231 3705 2303 juvene

2053 2313 2309 2384 quodam
2341 2315 2435 2370 cui
2493 2318 2722 2388 Cygnus
2752 2332 2993 2382 nomen,
3053 2318 3306 2374 Ederion
3352 2319 3703 2376 Achaaorum

2052 2422 2152 2460 rex
2183 2411 2352 2478 pater
2379 2405 2512 2477 fuit,
2546 2405 2908 2464 adulterium
2940 2409 3276 2476 commisit;
3310 2417 3485 2482 atque
3517 2429 3586 2467 ex
3638 2427 3706 2468 eo

2053 2505 2172 2553 tres
2204 2514 2323 2554 uno
2354 2506 2524 2571 partu
2547 2497 2805 2555 infantes
2827 2499 3031 2568 edidit,
3067 2502 3364 2558 Castorem
3399 2503 3705 2573 nimirum,

2052 2586 2355 2643 Pollucem
2417 2593 2593 2660 atque
2680 2588 2985 2646 Helenam.
3062 2591 3517 2647 Formosissima
3594 2591 3707 2650 fuit

2051 2675 2275 2732 Helena
2303 2693 2318 2746 ;
2343 2693 2522 2748 quam
2548 2673 2884 2748 Tyndareas
2905 2677 3169 2734 Menelao
3201 2680 3321 2752 regi
3345 2695 3412 2736 eo
3437 2685 3701 2754 tempore

2049 2765 2420 2838 Argivorum,
2447 2767 2616 2824 fratri
2649 2767 3135 2840 Agamemnonis,
3159 2775 3412 2841 nuptum
3436 2771 3698 2827 tradidit.

2052 2857 2220 2915 Falso
2251 2860 2450 2931 itaque
2491 2865 2682 2934 poeta:
2715 2861 3034 2916 commenti
3070 2869 3207 2917 sunt
3235 2863 3434 2918 Jovem
3483 2863 3543 2918 in
3579 2864 3702 2918 olo-

2051 2965 2176 3005 rem
2200 2965 2547 3006 conversum
2580 2965 2716 3005 cum
2747 2948 2902 3006 Leda
2931 2965 3058 3006 rem
3084 2951 3383 3009 habuisse.

2123 3110 2406 3166 Samsone
2426 3110 2658 3166 Judmos
2677 3111 3067 3183 gubernante,
3092 3109 3402 3168 Dardanus
3425 3113 3494 3168 lli
3519 3113 3696 3180 illius,

2055 3199 2332 3271 Phryges,
2365 3200 2594 3255 Graecos
2624 3199 2779 3256 Abas
2809 3213 2998 3255 annos
3029 3201 3096 3254 23
3127 3200 3297 3255 rexit.
3327 3203 3464 3256 Post
3501 3201 3694 3257 Aban-

2054 3293 2170 3344 tem
2229 3289 2455 3343 Praetus
2504 3303 2693 3344 annos
2738 3292 2824 3343 17.
2877 3286 3063 3360 Hujus
3119 3305 3271 3344 uxor
3325 3289 3697 3359 Stheneboea,

2051 3395 2182 3450 quae
2205 3380 2383 3434 etiam
2405 3380 2612 3434 Anteia
2629 3379 2983 3452 appellatur,
3009 3377 3483 3452 Bellerophontis
3496 3397 3698 3438 amore

2050 3473 2220 3540 capta
2249 3469 2409 3539 (eum
2441 3470 2772 3540 expositum
2800 3471 3030 3524 Proetus
3060 3470 3388 3536 invenerat,
3419 3470 3699 3528 educave-

2049 3562 2160 3622 rat,
2223 3557 2530 3628 multoque
2589 3557 2812 3613 honore
2871 3558 3147 3631 dignatus
3213 3560 3703 3617 contubernalem

2051 3646 2366 3718 habebat);
2403 3648 2560 3702 hunc
2611 3664 2747 3718 ergo
2805 3664 2939 3703 cum
2979 3647 3280 3720 deperiret
3333 3650 3570 3719 Anteia,
3631 3665 3700 3706 ac

2050 3752 2458 3807 saepenumero
2534 3737 2733 3793 missis
2800 3737 3185 3793 internuntiis
3260 3739 3562 3811 repulsam
3625 3742 3698 3797 ab

2043 3825 2260 3895 juvene
2283 3825 2496 3880 virtute
2537 3825 2784 3895 praedito
2825 3831 2883 3879 et
2914 3826 3275 3882 benefactori
3309 3844 3414 3883 suo
3445 3827 3702 3883 ﬁdeliter

2048 3918 2212 3985 grato
2242 3929 2416 3984 passa
2448 3918 2624 3977 esset,
2659 3914 2814 3969 hune
2842 3915 2998 3986 apud
3025 3915 3308 3972 maritum
3338 3917 3487 3972 falso
3518 3933 3697 3972 accu-

2051 4009 2139 4058 sat
2169 4001 2439 4058 crimine.
2494 4001 2718 4058 Prtetus
2755 4002 2866 4058 sibi
2917 4004 3046 4075 ejus
3074 4003 3225 4070 vitaz,
3261 4005 3500 4076 quicum
3533 4021 3699 4062 com-

2051 4105 2294 4148 munem
2324 4091 2510 4147 salem
2533 4093 2686 4146 vesci
2718 4093 3136 4162 consuevisset,
3172 4093 3323 4151 213
3367 4094 3697 4166 periculum

2051 4196 2250 4236 creare
2275 4180 2444 4236 nefas
2471 4195 2600 4236 esse
2649 4186 2944 4248 causatus,
2997 4183 3320 4238 missurum
3353 4199 3413 4238 se
3460 4198 3593 4238 eum
3629 4183 3698 4240 ad

2049 4269 2272 4326 Anteia)
2295 4275 2522 4341 patrem
2546 4267 2813 4325 Jobatem
2838 4269 3005 4337 dixit,
3038 4287 3158 4325 una
3189 4286 3321 4326 cum
3345 4271 3594 4328 litteris:
3629 4273 3701 4330 ab

2049 4360 2162 4415 hoc
2190 4359 2383 4425 illum,
2434 4359 2589 4430 quod
2641 4359 2946 4414 communi
3004 4375 3214 4415 mensa
3270 4359 3358 4414 usi
3391 4375 3699 4433 nunquam

2052 4448 2192 4513 sint,
2250 4448 2632 4504 interfectum
2689 4449 2782 4504 iri.
2847 4449 2930 4504 Ita
2987 4448 3506 4521 Bellerophontem
3565 4467 3698 4508 cum

2053 4539 2268 4594 litteris
2295 4538 2452 4610 regio
2479 4538 2674 4609 sigillo
2706 4554 2812 4593 suo
2843 4537 3186 4610 obsignatus
3215 4538 3290 4594 ad
3320 4555 3456 4596 eum
3497 4542 3699 4610 mittit,

287 4627 373 4680 καὶ
403 4627 480 4688 ὡς
526 4625 632 4680 ὑπὸ
678 4629 774 4680 τοῦ
812 4619 1064 4699 γαμϐροῦ
1108 4622 1514 4696 ἀπεσταλμένον
1563 4627 1942 4702 ὁμοτράπεζον

2059 4627 2206 4681 nihil
2235 4597 2391 4682 mali
2409 4597 2831 4698 suspicantem.
2854 4597 3125 4684 Pervenit
3146 4644 3284 4702 ergo
3313 4629 3388 4685 ad
3409 4597 3700 4702 Iobatem,

287 4714 536 4785 ἐποίησε.
599 4712 751 4770 Μετᾶ
808 4709 866 4767 δὲ
919 4716 1086 4768 ταῦτα
1144 4711 1401 4788 ἀναγνοὺς
1446 4714 1510 4768 τὸ
1561 4715 1791 4790 γράμμα
1822 4716 1942 4770 οὕτε

292 4805 535 4880 ῳονεύειν
595 4801 688 4857 δία
737 4803 830 4858 τὸν
885 4809 985 4872 τῆς
1045 4803 1432 4864 συνεστιάσεως
1485 4804 1659 4877 νόμον
1695 4805 1941 4879 εὐχερῶς

293 4894 458 4968 εἶχεν,
491 4891 640 4947 ἀλλὰ
694 4892 784 4946 καὶ
835 4892 1194 4970 συκοφαντίαν
1251 4893 1312 4947 τὸ
1369 4896 1596 4968 πρᾶγμα
1644 4889 1704 4948 ἐκ
1733 4913 1937 4966 τεκμη-

293 4985 419 5057 ρίων
484 4981 756 5038 πλειόνων
816 4981 1141 5055 καταμαθὼν
1201 4980 1445 5055 ἐφείσατο
1520 4984 1704 5040 αὐτοῦ.
1747 4984 1937 5047 Οὕτως

291 5073 431 5129 οἶδεν
461 5075 658 5147 ἀρετήν
713 5074 808 5128 τὸν
864 5072 1195 5144 κεκτημένον
1255 5069 1691 5148 ἆπολυτροῢσθαι
1728 5080 1932 5134 κακῶν.

290 5166 442 5221 Meti
489 5164 546 5219 δὲ
603 5169 836 5237 Προῖτον
894 5164 922 5217 ὁ
983 5161 1232 5238 δεύτερος
1288 5162 1560 5234 Ἀκρίσιος
1593 5158 1932 5223 ἐϐασίλευσεν

296 5252 386 5325 ἔτη
448 5255 550 5310 λα’.
615 5255 746 5311 Μεθ’
801 5253 858 5307 ὅν
923 5251 1107 5325 Πέλοψ
1183 5249 1275 5322 ἔτη
1336 5250 1446 5327 λβ“,
1507 5253 1564 5314 δς
1623 5255 1712 5308 καὶ
1770 5255 1935 5310 πόλιν

297 5347 478 5404 κτίσας
531 5341 948 5412 Πελοπόννησον
1003 5339 1206 5410 ταύτην
1263 5339 1559 5414 ὠνόμασεν*
1622 5338 1674 5412 ἐξ
1732 5343 1795 5397 οὗ
1849 5345 1938 5399 καὶ

293 5432 726 5502 Πελοποννήσιοι
758 5432 809 5484 οἱ
840 5426 1162 5488 Ἐλλαδικοὶ
1195 5427 1462 5504 λέγονται.

364 5688 498 5744 Τότε
549 5691 641 5745 καὶ
703 5691 1046 5766 Δημόκριτος
1106 5689 1426 5770 ἐγνωρίζετο
1497 5691 1821 5774 φιλόσοφος,
1877 5695 1937 5758 ὅς

2054 4717 2206 4772 forte
2241 4722 2360 4773 tum
2392 4717 2821 4790 prandentem;
2856 4719 2957 4790 qui
2989 4720 3530 4792 Bellerophontem,
3572 4729 3638 4776 ut
3667 4738 3702 4776 a

2055 4825 2273 4880 genero
2292 4810 2565 4876 missum,
2587 4809 2786 4864 statim
2808 4825 3029 4866 mensae
3053 4809 3340 4868 adhibuit.
3369 4811 3510 4866 Inde
3533 4810 3702 4865 lectis

2057 4899 2273 4954 litteris
2303 4913 2497 4969 neque
2511 4899 2636 4969 jam
2659 4915 2873 4954 necare
2900 4899 3201 4956 hominem
3219 4900 3346 4972 lege
3370 4897 3703 4954 communi-

2057 4995 2201 5045 cates
2233 5004 2452 5045 menses
2480 4989 2954 5062 permittebatur.
2989 4996 3048 5044 et
3077 4989 3374 5044 calumnia
3413 5005 3547 5044 eum
3582 4988 3696 5043 cir-

2056 5085 2432 5137 cumventum
2472 5093 2542 5132 ex
2601 5077 2806 5132 multis
2833 5078 3202 5133 evidentibus
3246 5077 3429 5150 signis
3489 5077 3700 5149 d.pre-

2053 5168 2324 5226 hendens
2356 5167 2637 5239 pepercit.
2674 5168 2757 5221 lta
2789 5167 2968 5220 virtus
3000 5183 3134 5220 eum
3167 5167 3265 5237 qui
3317 5183 3385 5221 ea
3415 5167 3700 5238 praeditus

2053 5263 2141 5314 est
2173 5257 2346 5312 malis
2386 5256 2638 5313 liberare
2673 5255 2842 5310 valet.
2905 5257 3095 5310 Proeto
3126 5255 3413 5312 successit
3439 5258 3704 5314 Acrisius

2053 5346 2366 5417 posterior,
2399 5350 2457 5398 et
2486 5345 2748 5416 regnavit
2777 5361 2968 5400 annos
3013 5345 3101 5402 31.
3152 5346 3291 5401 Post
3322 5361 3458 5402 eum
3490 5347 3703 5418 Pelops

2050 5450 2240 5490 annos
2271 5435 2358 5488 32·
2391 5434 2498 5497 Qui
2531 5434 2740 5488 urbem
2773 5433 3016 5488 nomine
3047 5433 3524 5505 Peloponnesum
3557 5451 3698 5492 con-

2050 5521 2220 5589 didit,
2254 5521 2412 5576 unde
2434 5521 2609 5576 etiam
2641 5522 2825 5578 Grzeci
2869 5522 3439 5594 Peloponnesiorum
3481 5541 3699 5582 nomen

2049 5615 2375 5668 traxerunt.

2119 5702 2200 5755 Ea
2229 5703 2400 5755 aetate
2431 5699 2800 5756 Democritus
2831 5701 3096 5758 innotuit
3135 5701 3561 5775 philosophus;
3598 5703 3698 5771 qui
