4186 6190
339 373 454 436 247

1699 358 2024 420 GEORGII
2054 357 2392 421 CEDRENI

3636 367 3753 425 248

348 511 568 580 prater
596 502 714 558 alia
769 496 970 555 docuit
1020 510 1153 550 eum
1209 492 1311 564 qui
1367 491 1508 546 velit
1565 488 1995 562 philosophari,

2142 485 2355 580 δίδασκε
2407 492 2543 567 πρὸς
2594 497 2712 556 τοῖς
2778 491 2973 557 ἄλλοις
3027 494 3112 550 ὅτι
3171 493 3255 550 δεῖ
3305 495 3398 550 τὸν
3437 491 3757 572 φιλοσοφεῖν

355 596 571 651 debere
602 589 878 646 omnibus
907 583 1207 662 abstinere
1238 581 1412 648 vitiis,
1443 581 1847 652 temperantia
1878 584 1999 634 stu-

356 685 518 752 dere,
552 679 752 736 omnia
779 680 938 731 recte
969 688 1139 744 agere
1171 676 1348 741 atque
1375 669 1567 726 facere
1593 687 1606 726 :
1640 670 1721 724 ita
1760 669 2000 724 demum

357 774 536 828 licere
568 766 905 838 cognitione
929 778 1134 817 eorum
1167 777 1297 832 qua:
1324 776 1535 815 novem
1566 759 1780 814 litteris
1801 762 2004 814 notata

359 865 498 915 sunt
528 853 703 928 potiri
731 870 743 907 :
779 852 884 916 sic,
940 851 1156 921 inquit,
1211 848 1434 904 videbis
1465 849 1678 903 Filium
1709 848 1812 902 Dei
1863 848 2003 902 Ver-

358 951 498 1004 bum
529 943 727 999 omnis
751 940 1153 1014 perpessionis
1184 955 1415 1010 expers,
1449 938 1608 1009 quod
1653 938 1847 1009 ipsum
1897 935 2000 992 de-

357 1052 476 1090 nuo
508 1030 1036 1106 perpessionnibus
1068 1028 1390 1083 obnoxium
1421 1027 1715 1098 apparuit.

426 1123 654 1180 Floruit
682 1129 824 1177 tunc
877 1120 1055 1176 etiam
1089 1120 1469 1190 Hippocrates
1520 1116 1908 1188 philosOphus
1947 1121 2007 1170 et

357 1212 884 1288 praestantissimus
913 1209 1200 1266 medicus.
1233 1209 1436 1262 Frater
1467 1207 1603 1261 huic
1651 1205 1765 1260 fuit
1793 1205 2007 1260 Sosan-

359 1307 467 1360 der
496 1303 580 1375 (id
610 1318 829 1356 nomen
851 1301 1006 1354 viros
1028 1303 1358 1353 servantem
1386 1296 1700 1366 designat),
1731 1295 1886 1351 214
1904 1295 2004 1365 qui

361 1400 419 1449 et
448 1390 920 1464 Hippocraticam
953 1393 1012 1442 et
1038 1385 1452 1442 veterinariam
1480 1391 1666 1440 artem
1696 1383 2005 1439 tractabat.

364 1481 509 1538 Huic
566 1481 764 1535 ferunt
821 1477 1237 1549 Hippocratem
1295 1473 1533 1541 dixisse,
1569 1495 1597 1522 «
1633 1473 1732 1528 Vel
1788 1488 2009 1527 nomen

365 1577 532 1628 muta
558 1569 648 1624 vel
679 1575 866 1623 artem
894 1566 1150 1621 dedisce.
1184 1586 1212 1616 »

2107 575 2364 634 ἐθέλοντα
2463 582 2680 637 πάντων
2746 583 3039 660 ἀπέχεσθαι
3105 589 3314 653 κακῶν,

3401 583 3756 663 σωφροσύνην

2110 667 2310 738 ἀσκεῖν,
2369 669 2459 724 καὶ
2514 671 2690 727 πάντα
2742 673 2920 748 ὀρθῶς
2985 679 3128 730 νοεῖν
3186 675 3276 730 καὶ
3331 675 3606 750 πράττειν,
3666 672 3756 728 καὶ

2111 756 2283 820 οὕτως
2340 755 2450 814 ἔστι
2509 760 2572 814 τὸ
2629 759 3108 838 ἐννεαγράμματον
3171 767 3380 838 μαθεῖν.
3415 763 3517 821 Καὶ
3561 761 3755 831 οὕτως,

2111 848 2297 924 φησὶν,
2331 849 2452 922 ὄψει
2508 849 2600 905 τὸν
2657 852 2780 906 Υίὸν
2827 858 2925 908 τοῦ
2982 858 3116 909 Θεοῦ
3171 854 3366 929 Λόγον,
3422 854 3515 909 τὸν
3555 854 3756 923 ἀπαθῆ,

2109 937 2352 1008 παθητὸν
2380 946 2636 1016 νεοφανῆ.

2183 1119 2378 1193 Τούτῳ
2408 1123 2721 1195 συνήκμαζε
2777 1123 2866 1178 καὶ
2923 1123 3289 1199 Ἱπποκράτης
3320 1123 3638 1202 φιλοσοφῶν
3669 1123 3760 1178 καὶ

2114 1207 2359 1282 ἰατρικὴν
2417 1209 2492 1271 ὡς
2550 1208 2742 1286 ἄριστα
2797 1213 3252 1285 κατορθούμενος.
3312 1217 3378 1290 ᾯ
3434 1215 3497 1282 ἦν
3527 1211 3762 1289 ἀδελφὸς

2113 1293 2428 1372 Σώσανδρος
2471 1299 2881 1373 ὀνομαζόμενος
2936 1300 3024 1356 καὶ
3083 1302 3184 1370 τήν
3243 1303 3617 1375 ἱππιατρικήν,
3649 1301 3765 1374 ’ἅμα

2115 1383 2172 1440 δὲ
2223 1387 2312 1440 καὶ
2365 1387 2580 1442 ¹πάντων
2629 1393 2737 1444 τῶν
2808 1395 3020 1460 κτηνῶν
3071 1389 3275 1466 τέχνην
3338 1390 3761 1466 μετερχόμενος·

2114 1475 2248 1550 πρὸς
2306 1475 2366 1530 ὃν
2419 1497 2576 1554 φασιν
2618 1477 2890 1552 εἰρηκέναι
2945 1479 3038 1533 τὸν
3098 1481 3483 1553 Ἱπποκράτην·
3543 1503 3572 1532 ‹‹
3603 1481 3670 1536 Ἦ
3702 1478 3764 1534 τὸ

2116 1561 2287 1637 ὄνομα
2323 1562 2616 1638 μετάϐαλε,
2647 1567 2681 1636 ἤ
2711 1569 2810 1637 τὴν
2842 1569 3046 1643 τέχνην
3077 1568 3372 1642 μετάμαοε.

440 1663 579 1716 Post
606 1659 884 1728 Pelopem
931 1672 1178 1728 regnum
1205 1654 1396 1709 tenuit
1435 1657 1648 1708 Atreus
1703 1668 1891 1708 annos
1919 1654 2009 1718 20,

2190 1654 2343 1710 Μετὰ
2375 1656 2464 1726 [Ρ.
2500 1657 2624 1729 122]
2658 1654 2880 1711 Πέλοπα
2938 1652 3281 1712 ἐϐασίλευσεν
3317 1657 3539 1734 Ἀτρεὺς
3569 1654 3662 1728 ἔτη
3694 1660 3762 1728 κ’,

370 1749 509 1806 inde
539 1751 817 1819 Thyestes
842 1748 930 1814 22,
976 1751 1101 1799 tum
1131 1746 1535 1817 Agamemnon
1569 1743 1654 1810 18,
1689 1747 1824 1813 post
1860 1740 2014 1813 Egi-

2145 1746 2233 1799 ἴτα
2263 1744 2498 1812 Θυέστης
2557 1743 2649 1817 ἔτη
2709 1747 2796 1822 ιβ’,
2856 1748 2970 1820 μεθ’
3027 1749 3084 1802 ὅν
3142 1747 3506 1822 Ἀγαμέμνων
3548 1742 3640 1818 ἔτη
3671 1750 3765 1818 ιη’,

372 1841 538 1895 sthus
587 1843 639 1892 7.
700 1836 938 1891 Duravit
993 1849 1128 1906 ergo
1208 1848 1455 1903 regnum
1505 1831 1839 1885 Graecorum
1895 1829 2011 1884 sive

2142 1835 2236 1888 Ita
2287 1831 2543 1909 Αἴγισθος
2602 1834 2695 1906 ἔτη
2779 1842 2838 1905 ζ’.
2925 1835 3192 1912 Κατέσχεν
3270 1838 3364 1891 οὖν
3422 1840 3456 1906 ἡ
3517 1835 3771 1912 βασιλεία

368 1926 938 1999 Peloponnesiorum
968 1939 1156 1979 annos
1189 1923 1309 1978 164.

2142 1919 2406 1993 Ελλήνων
2448 1924 2573 1992 ἢτοι
2632 1923 3086 1997 Πελοποννησίων
3142 1923 3234 1995 ἔτη
3297 1927 3484 1981 ἑκατὸν
3513 1927 3772 1997 ἐξήκοντα

2116 2014 2367 2086 τέσσαρα.

440 2107 856 2180 Superioribus
886 2106 1192 2177 aliquanto
1238 2104 1606 2175 temporibus
1645 2103 1833 2158 Minos
1860 2102 2016 2157 lovis

2191 2103 2278 2158 Ἐν
2307 2105 2423 2164 τοῖς
2455 2103 2711 2178 ἀνωτέρω
2767 2109 2876 2159 τῶν
2935 2106 3238 2180 εἰρημένων
3299 2105 3529 2185 χρόνοις
3582 2107 3772 2168 Μίνως

375 2205 432 2254 et
462 2200 707 2268 Europae
732 2197 791 2250 F.
825 2196 1009 2251 Cretae
1031 2211 1277 2268 regnum
1300 2193 1494 2249 tenuit
1517 2213 1532 2261 ς
1554 2209 1806 2264 cumque
1829 2191 2016 2247 classe

2142 2197 2220 2259 τῆς
2262 2193 2506 2264 Κρήτης,
2539 2193 2568 2247 6
2626 2193 2885 2267 016:;(92)
2943 2201 3044 2264 τῆς
3102 2195 3398 2270 Εὐρώπης,
3433 2190 3768 2265 ἐϐασίλευσε,

372 2287 698 2361 plurimum
727 2285 968 2351 valeret,
1026 2282 1490 2338 Atheniensibus
1537 2281 1762 2337 bellum
1793 2281 1934 2336 fecit
1961 2285 2021 2333 et

2142 2280 2213 2334 ιαῖ
2244 2279 2701 2356 θαλασσοκρατῶν
2756 2283 3079 2353 Ἀθηναίους
3134 2281 3392 2357 ἐπολέμει
3440 2284 3531 2338 καὶ
3561 2283 3769 2357 νόμους

374 2377 532 2450 leges
561 2375 779 2447 posuit.
813 2375 972 2429 Tunc
1003 2379 1061 2428 et
1110 2371 1330 2428 Dmdali
1371 2372 1518 2428 Icari
1549 2388 1617 2427 ac
1644 2371 1816 2426 Tauri
1848 2368 2019 2425 nobi-

2142 2368 2367 2442 ιξετίθει.
2425 2370 2563 2427 Τότε
2617 2372 2707 2426 καὶ
2767 2369 3037 2435 Δαίδαλος
3091 2373 3178 2426 καὶ
3249 2373 3277 2426 6
3328 2375 3542 2447 Ἴκαρος
3589 2374 3676 2427 καὶ
3739 2375 3768 2427 6

375 2467 531 2521 libus
568 2464 784 2520 fabulis
839 2463 1126 2535 Pasiphae
1181 2463 1390 2517 Minois
1445 2478 1595 2517 uxor
1651 2459 2021 2516 occasionem

2142 2463 2334 2534 Γαῦρος
2399 2457 2572 2514 ἕνεκεν
2636 2464 2736 2526 τῆς
2827 2463 3108 2537 Πασιφάης
3167 2466 3268 2527 τῆς
3333 2462 3548 2522 Μίνωος
3617 2460 3771 2535 ἐθρυ-

378 2554 653 2627 praabuit.
685 2555 766 2608 Ea
794 2568 928 2608 cum
957 2553 1146 2607 Tauro
1181 2551 1374 2607 scriba
1405 2567 1510 2606 suo
1543 2550 1836 2605 adulterio
1866 2564 2023 2604 com-

2142 2553 2326 2604 \oBvro
2380 2551 2656 2624 γυναικός.
2717 2553 2812 2607 Ἐκ
2865 2555 2962 2606 τοῦ
3019 2552 3232 2625 Ταύρου
3307 2552 3402 2625 μὲν
3462 2551 3554 2606 οὖν
3613 2572 3780 2606 νοτα-

378 2643 775 2711 misso,ﬁlium
789 2641 1022 2713 peperit
1037 2641 1136 2712 qui
1156 2641 1518 2696 Minotaurus
1540 2640 1649 2695 fuit
1668 2639 2020 2711 appellatus.

2142 2638 2251 2692 >ίου
2318 2641 2428 2711 (93)
2496 2638 2660 2708 αὐτῆς
2729 2638 2880 2700 ὃντος
2969 2641 3323 2714 μοιχευθεῖσα
3385 2634 3558 2695 ἔτεκεν
3638 2641 3780 2707 υἱὸν,

378 2735 509 2804 Ipsa
538 2738 736 2786 autem
768 2747 887 2784 una
916 2746 1050 2784 cum
1082 2729 1309 2784 duabus
1347 2729 1582 2784 ancillis
1633 2729 1694 2782 in
1726 2743 2024 2784 carcerem

2142 2727 2189 2787 ες
2231 2727 2585 2803 Μινώταυρος
2615 2727 2845 2799 ἐκλήθη.
2903 2731 2965 2785 'll
3002 2728 3059 2783 δὲ
3119 2730 3371 2805 Πασιφάη
3428 2728 3530 2784 ὑπὸ
3564 2727 3782 2788 Μίνωος

379 2822 612 2876 inclusa
642 2837 711 2874 ex
742 2818 948 2872 morbo
1007 2818 1201 2888 periit.
1237 2819 1436 2873 Icarus
1483 2833 1618 2871 cum
1679 2833 1748 2870 ex
1789 2831 2024 2870 carcere

2142 2816 2268 2888 μετὰ
2326 2813 2422 2871 δύο
2482 2813 2752 2872 δουλίδων
2810 2816 3122 2882 κλεισθεῖσα
3197 2819 3249 2873 ἐν
3311 2818 3576 2891 οἰκήματι
3633 2819 3782 2890 νόσῳ

379 2910 666 2982 profugus
697 2908 1018 2980 navigaret,
1051 2908 1111 2961 in
1145 2907 1292 2961 mari
1328 2907 1524 2978 periit.
1559 2906 1833 2961 Daadalus
1856 2905 2029 2976 jugu-

379 3000 534 3054 latus
565 3003 674 3052 est.

451 3088 734 3146 Hercules
771 3091 992 3155 autem,
1045 3087 1094 3142 is
1124 3086 1296 3158 cujus
1352 3084 1587 3141 labores
1644 3086 1706 3140 in
1760 3085 2030 3140 omnium

381 3186 520 3237 sunt
547 3196 670 3248 ore,
724 3194 795 3233 ex
823 3177 1101 3234 Colchide
1142 3194 1276 3234 cum
1336 3177 1689 3250 Argonautis
1731 3192 2023 3241 reversus,

2129 2903 2374 2976 τελευτᾷ.
2409 2909 2628 2980 Ἴκαρος
2660 2904 2716 2962 δὲ
2755 2909 2856 2975 τῆς
2903 2907 3123 2981 εἱρκτῆς
3176 2907 3469 2980 ὑπαλύξας,
3503 2908 3579 2970 ὡς
3607 2905 3788 2974 ἔπλει,

2133 2991 2446 3064 ἐποντίσθη.
2481 2993 2748 3058 Δαίδαλος
2781 2993 2838 3050 δὲ
2866 2995 3097 3076 ἐσφάγη.

2203 3080 2482 3156 Ἡρακλῆς
2529 3081 2587 3139 δὲ
2637 3086 2725 3140 καὶ
2783 3084 2966 3153 αὐτὸς,
3025 3087 3053 3140 6
3103 3091 3223 3147 τοῖς
3282 3085 3472 3148 ἄθλοις
3501 3085 3784 3160 πολυθρύ-

2139 3169 2332 3240 λητος,
2395 3173 2529 3244 μετά
2582 3175 2682 3242 τήν
2736 3173 2843 3228 άπὸ
2905 3171 3190 3253 Κολχίδος
3254 3176 3386 3248 μετὰ
3442 3180 3548 3230 τῶν
3593 3176 3793 3249 Ἀργο-

378 3271 440 3326 in
472 3239 730 3324 Africam
761 3268 956 3322 venit:
990 3267 1069 3321 ibi
1095 3269 1391 3332 Antaeum,
1416 3239 1786 3337 portentosis
1816 3239 2024 3320 daemo;

2142 3239 2349 3315 ναυτῶν
2385 3239 2732 3339 ύποστροφήν
2784 3263 2837 3318 ἐν
2888 3239 3067 3339 Λιϐύη
3113 3239 3408 3338 γενόμενος
3463 3263 3555 3318 καὶ
3587 3239 3793 3336 Λντάίῳ

384 3375 528 3414 num
561 3364 620 3413 et
647 3357 1060 3412 abominandis
1085 3362 1351 3411 utentem
1382 3355 1716 3428 praestigiis,
1756 3371 2028 3426 congres-

387 3465 486 3503 sus
517 3463 652 3502 cum
679 3451 1037 3517 superasset,
1069 3445 1131 3500 in
1161 3446 1434 3501 morbum
1467 3445 1842 3516 pestilentem
1881 3445 2034 3499 inci-

386 3536 494 3601 dit,
527 3550 844 3605 versusque
875 3535 936 3588 in
966 3534 1228 3589 furorem
1260 3551 1320 3590 se
1349 3535 1540 3606 ipsum
1573 3533 1633 3589 in
1664 3533 1859 3606 ignem
1891 3549 2033 3588 con-

379 3626 550 3696 jecit,
574 3625 775 3694 itaque
807 3624 1002 3695 periit.

458 3713 598 3766 Post
652 3713 906 3766 Minoem
978 3712 1342 3767 Minotaurus
1397 3711 1689 3783 Pasiphae
1746 3717 1804 3766 et
1858 3712 2031 3766 Tauri

389 3800 550 3856 filius
580 3817 828 3874 regnum
859 3800 1046 3855 inivit.
1079 3803 1152 3854 At
1183 3807 1488 3856 senatores
1533 3801 1750 3873 probro
1781 3801 1890 3856 sibi
1922 3801 2034 3856 du-

383 3895 606 3956 centes,
639 3907 686 3944 ει
733 3907 803 3945 ex
854 3889 1147 3945 adulterio
1203 3896 1407 3945 natum
1465 3907 1662 3962 regem
1721 3890 2031 3958 haberent,

381 3979 530 4036 215
593 3979 885 4034 Theseum
942 3980 1098 4051 Egei
1156 3979 1310 4051 regis
1361 3979 1671 4035 Thessaliae
1711 3979 1901 4034 ﬁlium
1959 3978 2032 4033 ad

382 4069 793 4140 impetendum
825 4068 982 4124 bello
1013 4070 1408 4124 Minotaurum
1441 4070 1848 4136 exhortantur,
1898 4085 2031 4138 pro.

383 4158 689 4214 mittentes
721 4159 832 4230 ipsi
895 4175 956 4213 se
1015 4163 1073 4212 et
1120 4158 1513 4212 Minotaurum
1571 4157 1930 4228 prodituros,
1977 4162 2037 4211 et

383 4246 705 4303 Ariadnam
737 4247 948 4301 Minois
979 4246 1164 4300 ﬁliam
1197 4250 1498 4314 totamque
1527 4245 1759 4299 Cretam
1785 4243 2037 4299 traditu-

387 4354 506 4392 ros.
549 4337 756 4390 Statim
788 4336 986 4404 itaque
1016 4334 1272 4388 Theseus
1303 4333 1366 4387 in
1394 4334 1626 4387 Cretam
1677 4335 1915 4406 trajicit.
1948 4326 2036 4392 lbi

387 4425 502 4480 dux
536 4423 829 4478 exercitus
857 4423 1192 4492 reliquique
1222 4438 1430 4476 omnes
1465 4423 1744 4480 simulata
1781 4425 1916 4498 fuga
1945 4428 2036 4480 Mi-

384 4517 700 4567 notaurum
737 4511 1008 4580 Gortyna;
1038 4509 1314 4565 relictum
1345 4511 1666 4580 deserunt;
1698 4515 1800 4584 qui
1841 4515 2033 4586 prodi-

2143 3347 2440 3422 συμϐαλὼν
2501 3348 2842 3423 δαιμονιώδη
2901 3352 3022 3407 τινὰ
3095 3351 3186 3407 καὶ
3272 3353 3483 3428 μυσαρὰ
3538 3355 3792 3427 φάσματα

2139 3435 2413 3506 τελοῦντι,
2466 3439 2556 3494 καὶ
2615 3442 2842 3510 νικήσας
2901 3440 3084 3509 αὐτὸν,
3151 3441 3292 3515 νόσῳ
3360 3438 3632 3514 λοιμώδει
3691 3461 3790 3496 πεο

2146 3527 2409 3601 ριπίπτει,
2439 3528 2529 3582 καὶ
2583 3529 2762 3602 μανεὶς
2811 3527 2886 3591 εἷς
2936 3533 3043 3604 πῦρ
3095 3531 3285 3586 ἑαυτὸν
3329 3530 3490 3605 ῥίψας
3539 3528 3790 3601 τελευτᾷ.

2214 3709 2362 3764 Μετὰ
2392 3707 2580 3765 Μίνωα
2638 3710 2992 3782 Μινώταυρος
3047 3711 3074 3764 6
3135 3711 3415 3788 Πασιφάης
3453 3710 3543 3766 καὶ
3581 3710 3791 3784 Ταύρου

2147 3798 2447 3873 βασιλεύει.
2507 3792 2694 3869 Ὕϐριν
2754 3795 2812 3852 δὲ
2870 3800 2919 3853 οἱ
2981 3797 3338 3874 συγκλητικοὶ
3393 3800 3454 3854 τὸ
3515 3800 3618 3855 ὑπὸ
3661 3819 3793 3872 μοι-

2143 3889 2482 3963 χογεννήτου
2533 3885 2911 3962 βασιλεύεσθαι
2966 3888 3293 3961 ἡγούμενοι,
3351 3890 3528 3960 Θησέα
3557 3890 3795 3963 προτρέ-

2142 3997 2330 4031 πονται
2401 3975 2492 4030 τὸν
2552 3977 2666 4030 υἱὸν
2734 3975 2942 4050 Αἰγέως
3012 3973 3283 4050 βασιλέως
3348 3975 3648 4036 Θεσσαλίας
3716 3977 3796 4037 εἷς

2143 4063 2390 4138 πόλεμον
2456 4066 2576 4121 κατ’
2648 4064 2812 4120 αὐτοῦ
2889 4063 3168 4138 διαπερᾷν.
3245 4066 3662 4140 Ὑπισχνοῦνται
3736 4063 3798 4120 δὲ

2143 4155 2290 4227 αὐτῷ
2323 4153 2482 4209 αὐτόν
2534 4175 2591 4209 τε
2635 4152 2932 4230 προδοῦναι
2988 4155 3346 4230 Μινώταυρον
3374 4156 3463 4210 καὶ
3493 4152 3795 4229 Ἀριάδνην

2143 4243 2242 4312 τὴν
2327 4242 2538 4304 Νίνωος
2618 4245 2719 4320 ’καὶ
2790 4243 3074 4321 Πασιφάης
3153 4243 3243 4298 καὶ
3311 4249 3482 4298 πᾶσαν
3545 4247 3796 4320 Κρήτην,

2145 4337 2380 4407 Διαπερᾷ
2433 4338 2562 4407 γοῦν
2619 4331 2694 4392 εἷς
2751 4333 2850 4401 τήν
2892 4335 3109 4407 Κρήτην
3167 4331 3417 4410 ἐξαίφνης
3475 4335 3503 4388 6
3557 4332 3796 4402 Θησεύς,

2139 4422 2204 4480 Ὀ
2259 4425 2386 4495 γοῦν
2463 4423 2766 4498 στρατηγὸς
2849 4421 2937 4476 καὶ
3023 4423 3212 4483 πάντες
3275 4423 3370 4477 τὸν
3431 4421 3796 4497 Μινώταυρον

2143 4511 2195 4567 ἐν
2301 4512 2539 4584 Γορτύνῃ
2611 4510 2830 4588 ἀφέντες
2904 4517 3099 4585 σχῆμα
3173 4518 3352 4588 φυγῆς
3442 4512 3794 4581 ἐποιήσαντο.

383 4600 609 4654 tionem
640 4598 904 4654 sentiens
945 4599 1006 4653 in
1036 4598 1232 4654 locum
1269 4600 1363 4655 cui
1425 4601 1780 4674 Labyrintho
1812 4620 2024 4660 nomen

2146 4603 2310 4664 Γνοὺς
2369 4598 2426 4655 δὲ
2484 4600 2642 4661 αὐτὸς
2694 4600 2793 4668 τήν
2842 4597 3135 4674 προδοσίαν
3189 4601 3367 4678 φεύγει
3437 4599 3514 4663 εἲς
3545 4602 3642 4670 τὴν
3678 4609 3789 4656 Λα-

386 4692 475 4744 est
505 4686 789 4759 confugit,
851 4687 1050 4758 ibique
1084 4688 1145 4743 in
1205 4689 1490 4760 spelunca
1542 4689 1777 4747 abditus
1834 4691 2026 4761 latuit,

383 4775 573 4832 donec
603 4776 913 4849 cujusdam
945 4777 1166 4833 indicio
1188 4778 1446 4834 Theseus
1469 4796 1603 4834 eum
1620 4779 1700 4834 ibi
1728 4786 2029 4852 repertum

376 4867 689 4940 jugulavit.
723 4867 985 4922 Theseus
1040 4867 1409 4939 triumphum
1469 4869 1787 4939 Gortynem
1840 4869 2028 4924 intro-

384 4955 570 5014 duxit.
597 4959 806 5030 IEgeus
853 4963 1052 5012 autem
1098 4962 1265 5028 pater
1294 4957 1444 5028 ejus,
1492 4957 1629 5029 fuga
1653 4958 1890 5013 Cretum
1921 4975 2028 5013 au-

384 5045 528 5113 dita,
559 5046 892 5118 suspicatus
922 5046 1212 5101 Theseum
1243 5043 1378 5100 dolo
1418 5045 1819 5114 interfectum,
1867 5046 2029 5102 luctu

2140 4686 2408 4764 6υρίνθων
2466 4692 2674 4765 χώραν,
2725 4690 2815 4743 καὶ
2865 4688 2917 4744 ἐν
2977 4687 3234 4762 σπηλαίῳ
3265 4689 3510 4754 λανθάνει
3541 4687 3782 4765 κρυὸεἰς,

2136 4779 2242 4840 ἓως
2305 4778 2408 4832 ὑπὸ
2458 4797 2607 4840 τινος
2663 4783 2742 4850 τῷ
2799 4783 2965 4848 Θησεῖ
3025 4779 3280 4851 μηνυθεὶς
3341 4779 3567 4855 ἐσφάγη.
3618 4780 3680 4836 Ὀ
3731 4777 3799 4835 δὲ

2138 4866 2346 4938 Θησεὺς
2403 4865 2478 4927 εἷς
2533 4867 2805 4938 Γορτύνην
2885 4865 3142 4921 εἰσελθὼν
3225 4863 3632 4941 ἐθριάμϐευσεν.
3686 4869 3784 4925 Αἰ-

2136 4957 2258 5030 γεὺς
2301 4953 2357 5010 δὲ
2425 4956 2453 5010 6
2514 4953 2710 5010 τούτου
2771 4956 2952 5028 πατὴρ
3018 4955 3118 5023 τήν
3181 4957 3356 5031 φυγήν
3407 4955 3640 5018 ἀκούσας
3675 4960 3787 5011 τῶν

2140 5048 2398 5118 Κρητῶν,
2431 5042 2522 5097 καὶ
2578 5042 2654 5104 ὡς
2704 5039 2853 5114 δόλῳ
2913 5043 3222 5112 ὑπονοήσας
3271 5043 3528 5101 ἀπώλετο
3568 5045 3800 5115 Θησεὺς.

1585 5161 1947 5216 XYLANDRI
1985 5164 2072 5216 ET
2109 5163 2325 5220 GOARI
2365 5162 2590 5216 NOTAE.

455 5277 547 5345 (92
577 5278 642 5330 In
673 5279 940 5350 margine
996 5283 1095 5350 τῆς
1129 5274 1401 5350 Εὺρώπης
1455 5277 1751 5348 signatum
1777 5281 1923 5350 erat,
1957 5277 2040 5350 ita

385 5352 452 5399 ut
477 5352 612 5415 post
637 5347 755 5408 υἱός
785 5347 1168 5404 inserendum
1196 5347 1628 5404 ostenderetur.
1661 5347 1849 5404 Credo
1891 5349 2039 5402 scri—

384 5423 551 5490 ptum
576 5417 755 5472 fuisse
776 5419 804 5470 ὁ
827 5420 972 5486 Διός,
994 5437 1113 5474 non
1133 5419 1272 5479 υἱός.
1291 5419 1581 5476 Fortassis
1601 5419 1781 5474 etiam
1803 5420 2036 5490 Europa

388 5487 607 5542 addita.
643 5490 755 5543 Hes
788 5497 875 5545 est
904 5497 1058 5545 nota.
1125 5492 1258 5546 Χγι..
1293 5523 1361 5530 -
1393 5491 1677 5546 Dictionis
1733 5487 2032 5545 inversum

385 5559 681 5633 ordinem,
715 5561 950 5633 omissis
975 5562 1254 5632 Xylandri
1279 5563 1667 5633 conjecturis,
1715 5562 1826 5617 hoc
1861 5569 2029 5633 pacto

388 5631 562 5687 facile
591 5631 900 5686 restitues:
932 5631 960 5684 6
991 5631 1104 5691 υἱὸς
1141 5631 1410 5703 Εύρώπης
1446 5632 1647 5700 Μίνως,
1677 5639 1778 5700 τῆς
1803 5631 2026 5706 Κρήτης

2145 5269 2474 5329 ἐϐασίλευεν.
2507 5276 2682 5330 GOAR.

2215 5349 2327 5417 (63)
2360 5346 2622 5401 Scribam
2655 5345 2813 5419 quod
2845 5347 3013 5419 verti,
3061 5347 3121 5400 in
3177 5349 3374 5402 Graeco
3406 5354 3495 5403 est
3523 5347 3796 5419 vdrjptoc,

2142 5414 2429 5473 notarius.
2454 5419 2524 5471 Et
2545 5414 2899 5489 ροειίλῶρον,
2921 5417 3137 5484 lorum,
3163 5419 3314 5473 sicut
3335 5420 3476 5474 alibi
3500 5414 3796 5473 κουϐίκλον

2141 5489 2500 5564 cubiculum,
2539 5485 2796 5564 δουλίδας
2850 5488 3018 5556 dixit,
3079 5491 3343 5545 imitatus
3396 5490 3792 5564 ospmwzaac.

2138 5561 2320 5635 Paule
2378 5561 2626 5635 inferius
2700 5561 3792 5635 εο-ιεῃιῃειη--Ῑεείίυἱιαεετη⁷κοσμικήν,

2139 5631 2296 5703 quod
2321 5648 2442 5687 non
2475 5634 2595 5688 scio
2627 5632 2770 5704 quid
2799 5631 2912 5687 sibi
2942 5631 3099 5686 velit.
3133 5634 3268 5688 XYL.
