4186 6190
311 360 432 420 249

1509 355 2051 420 ΗιεΤοιιΙΑιιυΜ
2098 352 2641 416 COMPENDIUM.

3589 359 3710 420 250

315 490 464 565 λύπῃ
505 489 834 553 καταποθεὶς
891 486 1101 565 ἔῤῥιψεν
1157 489 1347 544 ἒαυτὸν
1403 489 1479 550 εἰς
1534 491 1633 558 τὴν
1693 487 1954 552 θάλασσαν

2075 488 2387 555 absorpius
2409 488 2472 542 in
2499 503 2661 543 mare
2692 503 2754 542 se
2785 487 2980 560 ipsum
3012 490 3260 560 projecit
3290 505 3356 546 ac
3387 492 3708 548 suffocatus

314 579 404 635 καὶ
443 578 734 654 ἀπεπνίγη·
790 579 908 642 ’ὀθεν
967 578 1058 632 καὶ
1115 578 1340 654 Αἰγαῖον
1393 579 1456 634 τὸ
1513 577 1752 655 πέλαγος
1815 576 1952 632 ὦνό-

315 690 532 744 μασται.
592 670 655 726 Ὀ
712 665 769 724 δὲ
821 667 1026 739 Θησεύς
1083 670 1180 736 τὴν
1269 671 1485 744 Κρήτην
1547 671 1726 740 ἐάσας,
1792 688 1953 722 κατα-

313 761 583 834 φρονήσας
628 755 686 813 δὶ
741 759 833 812 καὶ
888 755 1207 832 ’Δριάδνης,
1256 760 1380 829 ἣτις
1434 760 1487 816 ἐν
1542 765 1621 832 τῷ
1677 760 1810 832 ἱερῴ
1858 760 1954 811 τοῦ

316 848 438 909 Διὸς
523 843 929 920 παρεδρεύουσα
1009 847 1296 922 παρθᾶνος,
1369 847 1442 912 ὥς
1503 869 1650 928 φασι,
1706 845 1953 915 τελευτᾷ,

309 943 407 1005 τῆς
440 934 736 997 Θεσσαλίας
770 934 1092 1010 βασιλεύσας
1122 938 1357 1014 ἠγάγετο
1407 944 1636 1016 γυναῖκα
1689 932 1953 1011 Φαίδραν.

308 1028 378 1082 Ἦ
410 1025 501 1080 καί
561 1026 966 1104 ὶσυκοφαντήθη
1000 1026 1074 1087 ὡς
1131 1025 1466 1101 Ἱππολύτῳ,
1526 1029 1630 1100 υἱῷ
1692 1027 1786 1100 μὲν
1845 1031 1956 1094 Θη-

313 1115 444 1176 σὲως
498 1113 559 1170 ἐκ
614 1111 906 1182 παλλακῆς
987 1112 1156 1183 αὐτῆς
1209 1111 1265 1170 δὲ
1321 1120 1600 1192 προγονῷ,
1679 1117 1957 1190 πορνικῶς

315 1209 554 1279 μιγεῖσα.
623 1209 682 1261 '0
741 1205 836 1276 μὲν
889 1203 984 1258 οὗν
1047 1202 1380 1268 Ἱππόλυτος
1433 1203 1668 1284 ἔφιππος
1725 1203 1956 1279 σύαγρον

315 1291 530 1348 διώκων
560 1298 658 1348 τοῦ
717 1294 898 1348 ὺππου
959 1295 1302 1369 ὲξετινάχθη,
1361 1299 1457 1350 τοῦ
1516 1293 1571 1349 δὲ
1629 1292 1815 1368 λώρου
1861 1295 1956 1348 τοῦ

311 1382 548 1460 χαλινοῦ
580 1379 1020 1456 περιελιχθέντος
1048 1387 1164 1444 τοῖς
1222 1380 1515 1444 δακτύλοις
1565 1381 1729 1436 αὐτοῦ
1791 1381 1954 1451 ὲσύρη

311 1471 413 1525 ὑπὸ
444 1475 544 1525 τοῦ
570 1467 771 1539 ἵππου,
802 1471 888 1525 καὶ
919 1476 988 1545 τῇ
1021 1469 1148 1546 ἕκτῃ
1181 1473 1364 1547 ἡμέρᾳ
1403 1471 1650 1541 τελευτᾷ.
1701 1470 1824 1527 Ἑῶ’
1854 1469 1898 1541 ᾧ
1929 1469 1956 1523 ὁ

309 1561 515 1630 Θησεὺς
566 1557 814 1636 σφοδρῶς
875 1559 1132 1628 ἀνιαθεὶς,
1190 1558 1336 1615 ἀλλὰ
1394 1564 1474 1634 [Ρ.
1543 1562 1665 1633 123]
1721 1558 1811 1614 καὶ
1855 1561 1955 1627 τήν

311 1650 551 1726 Φαίδραν
582 1651 764 1707 καίτοι
806 1651 993 1708 πολλᾶ
1048 1652 1414 1728 ἐξομνυμένην
1472 1651 1806 1727 λοιδορήσας
1843 1650 1956 1718 ,ἀπὸ

308 1740 483 1815 ὄψιως
514 1740 790 1807 ἐποίησεν.
821 1741 974 1810 Αὐτὴ
1009 1739 1066 1797 δὲ
1105 1745 1172 1815 τῇ
1225 1738 1506 1817 ὑπερϐολῇ
1563 1749 1662 1811 τῆς
1715 1740 1954 1813 θλίψεως

311 1827 747 1900 δεινοπαθήσασα
786 1827 1074 1901 ἐτεθνήκει.
1133 1832 1269 1888 Τότε
1316 1831 1404 1886 καὶ
1454 1831 1758 1904 Εὐρυσθεὺς
1805 1827 1956 1901 ἐκρά-
1986 1856 2034 1920 Β

307 1939 386 1973 τει
413 1923 528 1974 τῶν
561 1915 1006 1991 Λακεδαιμονίων
1039 1913 1132 1990 ἔτη
1196 1921 1288 1996 μβ¹
1343 1919 1433 1974 καὶ
1481 1919 1645 1975 ἄλλοι
1700 1924 1813 1992 μετ’
1867 1916 1958 1971 αύ-

306 2009 394 2062 τὸν
424 2009 504 2077 η’.
535 2009 616 2064 Τὰ
647 2004 704 2062 δὲ
733 2007 905 2063 πάντα
933 2006 1026 2078 ἔτη
1055 2009 1316 2087 κατέσχεν
1349 2011 1382 2078 ἡ
1419 2010 1597 2064 αὐτῶν
1628 2008 1774 2085 ἀρχὴ
1806 2011 1954 2079 ξτκεκ

371 2098 498 2154 ’Ὁτι
537 2095 589 2151 ἐν
616 2103 733 2159 τοῖς
763 2097 985 2172 χρόνοις
1015 2097 1202 2152 Σαοὺλ
1261 2104 1476 2173 πρῶτον
1523 2099 1703 2174 ἀγῶνα
1755 2101 1806 2153 οἱ
1859 2105 1956 2152 Πι-

307 2192 449 2241 σαῖοι
515 2185 569 2240 ἐν
626 2186 909 2260 Ὀλυμπίᾳ
962 2182 1332 2242 κατεϐάλοντο
1378 2188 1468 2242 καὶ
1527 2187 1610 2242 Διὶ
1667 2186 1957 2260 Ὀλυμπίῳ

305 2279 581 2348 κοσμικὴν
665 2278 891 2352 πρώτην
970 2275 1287 2332 ἐπετέλεσαν
1383 2278 1596 2351 ἑορτήν.
1684 2280 1957 2342 Ἐντεῦθεν

304 2365 437 2420 κατᾶ
467 2366 703 2438 τέσσαρα
751 2361 844 2436 ἔτη
902 2365 993 2420 τὸν
1041 2368 1218 2442 ἀγῶνα
1263 2366 1354 2421 καὶ
1392 2368 1490 2435 τήν
1535 2368 1728 2440 ὲορτὴν
1779 2367 1958 2422 ἐπιτε-

311 2453 562 2522 λοῦντες,
623 2452 1001 2528 Ὀλυμπιάδας
1057 2455 1154 2516 τὰς
1238 2452 1652 2530 τετραετηρίδας
1733 2455 1961 2527 καθεξῆς

312 2543 608 2617 ἠρίθμουν.
644 2545 735 2600 Ἐν
768 2546 851 2606 οἷς
906 2545 1132 2622 χρόνοις
1173 2544 1262 2599 καὶ
1316 2544 1606 2619 Κορίνθιοι
1657 2545 1790 2616 μετὰ
1835 2544 1962 2609 τοὺς

309 2629 774 2704 Λακεδαιμονίους
829 2636 1238 2710 τοπαρχοῦντες
1271 2631 1553 2703 Ἐλλήνων
1607 2628 1960 2688 ἐϐασίλευσαν

306 2720 368 2774 τά
397 2721 578 2774 πάντα
609 2715 701 2790 ἔτη
756 2722 884 2790 τιη“.
947 2722 1049 2776 Καὶ
1113 2721 1247 2794 μετὰ
1305 2718 1602 2795 Δάρδανον,
1659 2721 1752 2775 τὸν
1808 2721 1960 2777 ’Ἰλου

307 2811 440 2879 υἱὸν,
475 2809 569 2864 καὶ
599 2811 692 2864 τὸν
724 2807 994 2884 Δαρδάνου
1025 2811 1140 2865 υἱὸν
1201 2806 1580 2884 Λαομέδοντα,
1636 2809 1904 2885 Πρίαμος,
1934 2813 1962 2867 ὁ

307 2896 712 2973 Λαομέδοντος,
745 2906 843 2968 τῆς
876 2904 1104 2976 Φρυγῶν
1155 2901 1342 2975 χώρας
1392 2899 1758 2975 ἂνηγορεύετο
1811 2902 1961 2976 βασιο

307 2985 450 3049 λιύς.
489 2988 624 3044 Τότε
652 2987 742 3044 καί
770 2989 833 3044 τὸ
860 2987 1130 3066 Δάρδανον
1150 2991 1241 3044 καὶ
1286 2989 1351 3045 τὸ
1401 2989 1568 3045 Ἴλιον
1609 2993 1699 3044 καὶ
1732 2993 1765 3059 ἡ
1799 2991 1964 3064 Γροία

303 3077 387 3130 καὶ
417 3081 455 3146 ἦ
490 3080 640 3131 πᾶσα
691 3079 849 3152 χώρα
898 3079 1178 3153 Φρυγγίας
1220 3077 1307 3132 ἐπὶ
1356 3083 1464 3133 τῶν
1523 3081 1748 3153 ἡμερῶν
1809 3079 1962 3134 ἐκπε-

303 3165 675 3242 πολιόρκηται
709 3170 981 3242 Πριάμουο
1014 3170 1076 3226 Ἠ
1110 3168 1167 3224 δὲ
1221 3169 1371 3223 αἶτία
1420 3173 1520 3234 τῆς
1559 3167 1957 3244 καταδῃώσεως

304 3253 660 3331 Ἀλέξανδρος
707 3257 734 3311 ὁ
781 3259 868 3312 καὶ
932 3259 1120 3332 Πάρις.
1181 3258 1389 3316 Τούτου
1448 3258 1550 3334 γὰρ
1609 3258 1953 3333 γεννηθέντος

305 3344 404 3399 ὑπὸ
468 3343 722 3418 Ηριάμου
775 3347 1033 3424 χρησμὸς
1090 3347 1239 3419 αύτῷ
1293 3344 1612 3402 ἀναδέδοται
1684 3352 1949 3410 τοιοῦτος·

307 3457 333 3482 ‹‹
365 3432 607 3508 Ἐτὲχθη
658 3455 741 3488 σοι
795 3435 963 3509 Πάρις
1024 3431 1309 3510 δύσπαριςο
1370 3435 1789 3512 τριακοντούνης
1847 3438 1952 3512 γάρ

303 3525 598 3597 γενόμενος
656 3523 834 3580 όλὲσει
899 3523 1177 3600 βασιλείαν
1231 3532 1477 3602 Φρυγῶν.
1513 3552 1540 3580 ››
1600 3527 1772 3592 Εὐθὺς
1805 3526 1953 3584 οὗνὸ

310 3614 560 3685 Πρίαμος
649 3611 1000 3690 Ἀλέξανδρον
1093 3615 1461 3689 μετονομάσας
1554 3614 1789 3690 ἔπεμψεν
1875 3617 1953 3680 εἷς

304 3700 492 3776 ἀγρὸν,
563 3699 798 3778 Μανδρῶ
855 3701 1170 3779 λεγόμενον,
1227 3703 1818 3783 γαλακτοτροφηθῆναι
1863 3706 1952 3760 καὶ

306 3791 609 3862 αὐξηθῆναι
638 3793 783 3865 παρά
813 3792 1039 3866 γηπόνῳ
1067 3794 1194 3862 τινὶ,
1221 3793 1386 3872 ἄχρις
1441 3795 1503 3849 οὗ
1549 3795 1616 3850 τά
1664 3797 1955 3870 τριάκοντα

307 3875 389 3948 ἔτη
427 3884 531 3935 τοῦ
567 3885 825 3954 χρησμοῦ
883 3879 1155 3956 παρέλθῃ.
1216 3881 1475 3951 Ἐποίησε
1529 3879 1711 3938 δὲκαὶ
1768 3890 1956 3959 τεῖχος

310 3969 440 4042 μέγα
479 3967 534 4022 ἐν
588 3973 668 4041 τῷ
727 3970 897 4044 ἀγρῷ,
932 3969 1080 4024 ὅκαὶ
1141 3971 1342 4045 Πάριον
1397 3971 1692 4044 ὠνόμασεν.
1750 3973 1953 4029 Ἐκεῖὸ

305 4057 474 4132 Πάρις
510 4054 732 4132 διάγων,
775 4058 1018 4131 εὐμαθής
1083 4080 1141 4114 τε
1197 4061 1321 4132 περί
1380 4061 1742 4136 τάγράμματα
1801 4061 1955 4137 γενό-

311 4165 468 4215 μενος
524 4145 614 4200 καὶ
669 4143 915 4208 παιδείας
976 4148 1040 4202 ού
1096 4155 1196 4217 τῆς
1258 4149 1537 4224 τυχούσης
1639 4152 1953 4230 μετασχὼν,

309 4232 739 4309 ἐγκωμιαστικὸν
769 4233 933 4312 λόγον
976 4236 1066 4290 καὶ
1126 4237 1290 4310 ὕμνον
1339 4238 1416 4301 εἰς
1471 4239 1570 4307 τήν
1626 4239 1950 4316 Ἀφροδίτην

308 4319 606 4396 διετάξατο,
636 4326 734 4392 τήν
764 4325 1051 4399 ἐπιθυμίαν
1105 4325 1269 4394 αύτήν
1327 4326 1504 4403 λέγων
1567 4328 1722 4398 εἶναι,
1781 4328 1833 4399 ἐξ
1888 4332 1954 4398 ἧς

307 4414 388 4465 καί
446 4414 608 4467 τέκνα
664 4413 752 4467 καὶ
810 4414 1002 4490 σοφίαν
1057 4414 1148 4469 γαὶ
1199 4415 1392 4490 τέχνας
1453 4415 1506 4470 ἐν
1561 4415 1807 4493 λογικοῖς
1863 4419 1952 4473 καὶ

308 4498 534 4576 ἀλόγαις
586 4500 992 4568 άποτίκτεσθαι,
1055 4502 1145 4556 καὶ
1186 4502 1355 4572 αὐτὴν
1415 4503 1466 4558 ἐν
1528 4505 1803 4579 συγκρίσει
1854 4508 1953 4575 τήν

309 4586 638 4663 Ἀφροδίτην
675 4587 962 4650 Παλλάδος
1007 4592 1294 4666 προέκρινε
1336 4593 1426 4646 καὶ
1471 4595 1666 4668 ”Ηρας.
1719 4595 1812 4649 Διὸ
1858 4594 1947 4648 καὶ

311 4675 668 4750 ἐμυθεύσαντο
697 4683 887 4733 τοῦτον
933 4682 1125 4753 κριτὴν
1180 4685 1287 4735 τῶν
1329 4686 1496 4755 τριῶν
1545 4682 1835 4758 γενόμενον
1880 4687 1949 4757 τῇ

309 4766 602 4844 Ἀφροδίτῃ
631 4768 692 4822 τὸ
725 4767 904 4838 μῆλον
933 4766 1106 4845 ἤγουν
1138 4771 1236 4838 τήν
1273 4769 1426 4841 νίκην
1479 4771 1554 4834 ὡς
1599 4777 1705 4827 τῶν
1760 4770 1948 4827 ἄλλων

307 4857 567 4930 κρείττονι
603 4852 917 4932 βραϐεὖσαι.
950 4860 1101 4916 Μετὰ
1133 4856 1190 4913 δὲ
1219 4861 1350 4921 τοὺς
1387 4860 1674 4934 τριάκοντα
1715 4863 1948 4936 χρόνους

307 4944 661 5022 λογισάμενος
714 4948 742 5002 ὁ
801 4947 1046 5021 Πρίαμος
1106 4949 1199 5003 τὸν
1282 4951 1403 5025 περὶ
1465 4951 1632 5006 αὐτοῦ
1692 4955 1946 5027 χρησμὸν

307 5037 619 5109 παρελθεῖν,
659 5039 1072 5113 καταφρονήσας
1099 5039 1473 5115 προσηγάγετο
1522 5041 1705 5098 αύσόν.
1756 5043 1947 5116 Γράμ-

309 5129 445 5195 ματά
495 5147 554 5180 τε
612 5125 701 5180 καὶ
761 5121 909 5200 δῶρα
966 5126 1055 5180 καὶ
1118 5127 1300 5190 θυσίας
1359 5126 1580 5191 ἐπιδοὺς
1668 5130 1801 5202 μετᾶ
1856 5131 1945 5185 καὶ

300 5213 482 5269 ἑκατὸν
524 5214 816 5269 νεανίσκων
861 5219 1094 5290 Φρυγῶν
1148 5217 1286 5290 πρὸς
1331 5218 1458 5278 τοὺς
1504 5219 1788 5294 τοπάρχας
1843 5220 1944 5276 Εὐ-

313 5302 495 5374 ρώπης
527 5298 782 5372 διαϐῆναι
813 5302 1025 5357 κελεύει
1056 5305 1141 5358 καὶ
1185 5310 1264 5377 τῷ
1321 5305 1573 5383 Δαφναίῳ
1625 5307 1943 5364 Ἀπόλλωνι

310 5393 480 5461 θῦσαι,
512 5391 602 5447 καὶ
633 5396 849 5464 πρῶτον
885 5391 935 5446 ὲν
967 5396 1035 5465 τῇ
1067 5394 1290 5468 Σπάρτῃ
1323 5393 1483 5451 πόλει
1534 5404 1634 5466 τῆς
1677 5395 1944 5459 Ἑλλάδος

309 5478 498 5549 ἰλθεῖν,
537 5480 640 5536 ὖπδ
673 5479 932 5553 Μενελάῳ
962 5482 1085 5536 τότε
1127 5483 1553 5560 βασιλευομένῃ,
1593 5485 1650 5548 ὅς
1701 5487 1814 5547 υἱὸς
1850 5488 1944 5559 μὶν

313 5567 664 5631 Πλεισθένους
722 5571 788 5639 ἦν
847 5569 1091 5639 ἀληθῶς,
1157 5573 1258 5627 ὑπὸ
1322 5576 1505 5648 ’Δτρεῖ
1565 5575 1778 5649 βασιλεῖ
1836 5581 1945 5630 τῶν

321 5657 580 5733 Δργείων,
614 5660 725 5729 ἅμα
756 5662 833 5729 τῷ
860 5659 962 5729 υἱῷ
991 5659 1180 5714 αὐτοῦ.
1218 5662 1588 5739 Ἀγαμέμνονι
1619 5664 1945 5740 ἀνατραφεὶς

2067 586 2190 647 est;
2227 579 2384 634 unde
2416 583 2475 634 et
2493 580 2732 650 Egeum
2763 580 2910 633 mari
2939 596 3157 634 nomen
3180 581 3705 654 obtigit.Ca2toruin

2065 671 2345 725 Theseus.
2414 671 2586 724 Creta
2643 669 2880 736 omissa,
2937 677 3134 741 spreta
3193 672 3370 726 etiam
3425 673 3705 742 Ariadna,

2065 775 2242 830 quam
2275 759 2476 813 ferunt
2505 758 2566 812 in
2598 758 2720 812 aede
2751 759 2904 812 Jovis
2934 759 3218 830 virginem
3249 759 3550 816 desedisse
3601 763 3707 817 ibi-

2065 864 2180 918 que
2213 853 2531 913 mortuam,
2551 847 2868 901 Thessaliae
2899 863 3145 918 regnum
3177 849 3404 920 accepit
3427 867 3707 906 uxorem-

2067 953 2182 1008 que
2213 936 2377 990 duxit
2402 935 2730 992 Phaadram.
2757 937 2889 990 Haec
2915 936 3072 1007 apud
3105 938 3298 1008 ipsum
3331 939 3478 994 falso
3509 939 3708 996 delata

2065 1026 2176 1081 fuit
2214 1043 2348 1081 cum
2403 1027 2715 1098 Hippolyto
2765 1028 3030 1099 privigno
3064 1045 3192 1094 suo,
3228 1030 3326 1099 qui
3378 1031 3604 1085 Theseo
3638 1048 3708 1086 ex

2065 1115 2276 1186 pellice
2307 1122 2480 1171 natus
2511 1116 2724 1182 fuerat,
2756 1134 2972 1188 corpus
3001 1135 3108 1188 per
3155 1119 3512 1174 adulterium
3559 1121 3704 1174 mis-

2067 1205 2280 1260 cuisse.
2315 1208 2394 1260 Ac
2443 1205 2789 1276 Hyppolitus
2820 1207 3058 1277 quidem
3105 1224 3240 1262 cum
3272 1224 3454 1278 eques
3497 1225 3706 1280 aprum

2068 1293 2662 1364 insequeretur,equo
2680 1313 2982 1364 excussus,
3003 1296 3251 1351 habenis
3269 1312 3480 1351 manus
3512 1297 3707 1369 digitis

2069 1383 2408 1454 implicatis,
2442 1383 2513 1438 ab
2543 1401 2694 1455 equo
2722 1390 2986 1457 raptatus
3040 1392 3204 1440 sexto
3235 1392 3370 1456 post
3409 1385 3502 1440 die
3535 1387 3710 1441 vitam

2067 1471 2295 1526 clausit.
2322 1473 2446 1536 Qua
2467 1489 2528 1527 re
2555 1489 2689 1528 cum
2713 1474 2774 1528 in
2810 1474 3136 1528 maximum
3159 1474 3415 1529 venisset
3445 1473 3712 1529 dolorem

2067 1561 2984 1634 Theseus,Phaadraa,quanquam
3017 1563 3332 1634 dejeranti,
3350 1563 3709 1618 adulterium

2068 1650 2718 1722 exprobravit,eamque
2753 1669 2783 1707 e
2815 1659 3134 1724 conspectu
3169 1669 3274 1708 suo
3299 1653 3564 1707 removit.
3609 1655 3706 1723 Ea,

2067 1739 2401 1794 calamitate
2428 1740 2748 1794 immodica
2765 1740 3263 1808 afﬁicta,mmrore
3286 1742 3579 1796 exstincta
3597 1746 3708 1796 est.

2067 1831 2225 1882 Tunc
2273 1829 2450 1883 etiam
2483 1829 2843 1899 Eurystheus
2875 1846 3119 1901 regnum
3162 1831 3316 1884 216
3349 1830 3410 1884 in
3445 1830 3711 1884 Lacedaa-

2067 1916 2300 1972 monios
2324 1918 2524 1989 gessit,
2564 1935 2752 1973 annos
2781 1922 2873 1984 42,
2898 1925 2954 1973 et
2976 1924 3108 1990 post
3140 1919 3307 1973 illum
3338 1919 3579 1974 fuerunt
3608 1918 3708 1973 alii

2066 2012 2196 2060 octo
2227 2023 2414 2078 reges.
2449 2007 2689 2062 Duravit
2713 2008 2772 2062 id
2803 2024 3048 2079 regnum
3080 2024 3268 2064 annos
3295 2011 3418 2062 325.

2139 2096 2298 2150 Sauli
2330 2102 2596 2167 tempore
2621 2098 2878 2168 primum
2899 2103 3200 2154 certamen
3227 2099 3398 2153 Pisaei
3415 2099 3488 2153 ad
3511 2099 3708 2168 Olym~

2066 2185 2222 2256 piam
2241 2186 2646 2250 instituerunt,
2665 2187 2908 2258 Jovique
2926 2187 3198 2259 Olympio
3213 2189 3466 2259 primum
3487 2187 3703 2242 solem-

2067 2291 2204 2328 nem
2237 2275 2612 2330 festivitatem
2646 2276 3111 2332 celebraverunt.
3140 2277 3280 2332 lnde
3314 2277 3707 2347 quadriennio

2068 2363 2316 2434 singulis
2349 2364 2406 2418 id
2439 2365 2797 2419 sacriﬁcium
2831 2366 3115 2419 iterantes
3173 2371 3359 2420 lustra
3406 2366 3706 2436 Olympia-

2067 2451 2208 2505 dum
2233 2453 2476 2506 nomine
2508 2453 2584 2507 ah
2615 2469 2684 2507 eo
2713 2453 2877 2508 initio
2909 2455 3521 2518 numeraverunt.Quo
3555 2461 3710 2508 tem-

2069 2557 2210 2611 pore
2247 2540 2426 2596 etiam
2457 2542 2743 2596 Corinthii
2774 2547 2908 2613 post
2939 2542 3434 2607 Lacedaemonios,
3469 2543 3709 2611 regione

2067 2631 2131 2684 in
2165 2647 2332 2685 suam
2355 2637 2706 2701 potestatem
2730 2632 3228 2696 redacta,Gra~.ciaa
3252 2647 3496 2702 regnum
3521 2647 3709 2685 annos

2070 2721 2313 2774 omnino
2364 2721 2467 2774 318
2524 2720 2933 2775 obtinuerunt.
2983 2723 3050 2775 Et
3103 2726 3234 2791 post
3274 2721 3608 2776 Dardanum
3643 2721 3710 2774 Ili

2070 2808 2281 2874 ﬁlium,
2315 2825 2382 2863 ac
2413 2809 2870 2863 Laomedontem
2904 2809 3159 2864 Dardani
3201 2809 3412 2869 ﬁlium.
3447 2811 3711 2864 Priames

2073 2898 2487 2954 Laomedontis
2533 2899 2690 2954 ﬁlius
2739 2899 3004 2970 Phrygiaa
3066 2915 3168 2953 rex
3209 2898 3541 2954 declaratus
3600 2906 3708 2953 est.

2071 2987 2188 3041 Sub
2221 3005 2336 3058 quo
2371 2988 2707 3043 Dardanum
2745 2988 2938 3052 Ilium,
2972 2990 3148 3060 Troja
3176 3005 3243 3042 ac
3280 2994 3402 3043 tota
3459 2988 3712 3059 Phrygia

2072 3076 2271 3130 excisa
2285 3078 2693 3132 sunt.Causam
2709 3076 2762 3131 ei
2780 3076 3168 3132 devastationi
3191 3076 3445 3147 praabuit
3466 3077 3712 3132 Alexan-

2072 3165 2198 3233 der,
2267 3165 2385 3220 alio
2445 3167 2684 3220 nomine
2744 3166 2908 3221 Paris
2962 3165 3175 3220 dictus.
3233 3167 3287 3220 Is
3345 3182 3481 3220 cum
3537 3172 3711 3220 natus

2071 3255 2302 3309 Priamo
2353 3260 2529 3322 esset,
2580 3256 2692 3310 tale
2739 3254 3041 3310 oraculum
3076 3254 3228 3326 patri
3279 3260 3369 3308 est
3410 3253 3707 3309 allatum:

2069 3365 2097 3392 «
2130 3344 2296 3398 Paris
2323 3336 2530 3400 infelix
2555 3345 2658 3399 tibi
2690 3350 2863 3399 natus
2893 3350 3002 3410 est,
3036 3344 3137 3414 qui
3177 3359 3334 3398 anno
3365 3344 3554 3398 astatis
3587 3359 3708 3397 sum

2069 3434 2370 3488 tricesimo
2401 3435 2667 3505 Phrygia)
2699 3450 2944 3506 regnum
2977 3432 3242 3504 perdet.»
3270 3433 3477 3487 Statim
3510 3432 3708 3502 itaque

2067 3523 2338 3578 Priamus
2395 3540 2530 3579 eum
2587 3523 2828 3578 nomine
2889 3521 3207 3577 Alexandri
3287 3521 3586 3586 allectum,
3645 3521 3706 3575 in

2067 3612 2357 3682 praedium
2419 3613 2512 3667 cui
2564 3612 2805 3667 Mandro
2865 3627 3104 3678 nomen,
3151 3610 3422 3681 agricolaa
3471 3610 3706 3666 cuidam

2065 3701 2217 3755 lacte
2265 3701 2547 3756 alendum
2608 3707 2666 3756 et
2723 3700 3095 3756 educandum
3144 3699 3460 3766 mandavit,
3521 3699 3710 3754 donec

2064 3790 2134 3843 3O
2193 3790 2334 3844 anni
2394 3789 2634 3845 oraculo
2695 3789 2985 3859 designati
3043 3788 3434 3858 prmterirent.
3497 3789 3706 3841 Arcem

2066 3895 2302 3952 quoque
2337 3879 2396 3933 in
2429 3895 2568 3950 agro
2600 3892 2878 3949 magnam
2918 3876 3231 3940 exstruxit,
3273 3875 3431 3945 quod
3470 3876 3709 3929 Parium

2065 3971 2404 4046 appellavit.
2445 3969 2526 4024 lbi
2559 3968 2780 4040 degens
2809 3967 2997 4034 Paris,
3031 3982 3165 4020 cum
3200 3972 3256 4020 et
3286 3965 3522 4037 ingenio
3554 3971 3712 4019 esset

2063 4063 2223 4120 felici
2255 4069 2312 4118 et
2343 4060 2716 4115 institutione
2742 4075 2861 4114 non
2892 4057 3115 4129 vulgari
3146 4056 3522 4123 formaretur,
3573 4071 3708 4110 ora-

2063 4156 2286 4209 tionem
2319 4149 2711 4206 laudatoriam
2735 4154 2790 4202 et
2821 4148 3111 4218 hymnum
3143 4147 3201 4200 in
3237 4146 3521 4199 Venerem
3551 4161 3708 4198 com-

2064 4244 2284 4317 posuit,
2325 4241 2530 4296 diceus
2560 4255 2689 4293 eam
2723 4254 2848 4292 esse
2880 4235 3286 4307 cupiditatem,
3323 4251 3454 4305 quae
3486 4234 3705 4288 liberos

2065 4333 2420 4406 sapientiam
2454 4336 2513 4386 et
2541 4335 2698 4384 artes
2749 4326 2904 4398 apud
2961 4325 3235 4380 homines
3267 4331 3326 4379 et
3353 4325 3526 4379 bruta
3579 4341 3707 4395 pro-

2065 4429 2262 4490 creet;
2297 4422 2444 4477 217
2486 4434 2735 4489 eamque
2767 4419 2828 4472 in
2861 4414 3306 4486 comparatione
3340 4415 3608 4470 Minerva:
3641 4430 3707 4468 ac

2061 4512 2278 4568 Junoni
2311 4508 2592 4581 praetulit.
2625 4506 2768 4560 Inde
2799 4512 2928 4561 orta
2955 4511 3044 4558 est
3095 4503 3316 4568 fabula,
3351 4521 3489 4559 eum
3545 4503 3704 4559 arbi-

1977 4588 2024 4652 D
2057 4609 2213 4658 trum
2236 4601 2532 4655 delectum
2557 4599 2711 4652 inter
2732 4597 2871 4651 deas
2895 4595 3106 4650 Veneri
3130 4594 3215 4648 uti
3240 4595 3453 4664 potiori
3480 4594 3702 4649 malum

2063 4692 2319 4747 victorias
2381 4689 2610 4760 signum
2670 4685 3064 4756 adjudicasse.
3153 4685 3384 4740 Exactis
3463 4685 3703 4755 triginta

2061 4781 2256 4850 annis,
2285 4779 2556 4833 Priamus
2573 4775 2796 4830 oraculi
2821 4773 3196 4845 tempusjam
3230 4773 3478 4827 exivisse
3515 4778 3698 4835 ratus,

2063 4887 2308 4924 securus
2339 4866 2525 4921 animi
2557 4864 2829 4919 Paridem
2863 4863 3163 4935 produxit,
3198 4877 3451 4930 eumque
3485 4858 3699 4912 additis

2069 4961 2164 5012 100
2198 4955 2522 5026 Phrygibus
2553 4951 3051 5018 adolescentibus,
3084 4966 3217 5005 cum
3249 4949 3701 5014 litteris,mune-

2063 5047 2225 5101 ribus
2274 5052 2332 5100 et
2387 5043 2639 5098 victimis
2697 5041 2769 5095 ad
2823 5040 3056 5111 regulos
3121 5039 3367 5107 Europae
3427 5036 3698 5107 trajicere

2056 5135 2238 5209 jussit
2294 5139 2352 5186 et
2409 5131 2708 5202 Daphan
2766 5129 3023 5200 Apollini
3085 5125 3439 5181 sacriﬁcare.
3497 5125 3697 5178 Primo

2063 5224 2331 5279 omnium
2367 5219 2529 5274 Paris
2581 5218 2740 5272 venit
2768 5219 3033 5287 Spartam
3064 5214 3302 5269 Grazciaa
3333 5212 3540 5267 urbem
3597 5213 3696 5267 ubi

2061 5311 2342 5378 regnabat
2375 5306 2750 5362 Manelans.ls
2783 5304 3098 5359 Plisthenis
3122 5302 3279 5356 ﬁlius
3309 5319 3538 5378 revera
3566 5302 3697 5368 fuit,

2061 5377 2162 5455 sed
2190 5399 2261 5454 ab
2296 5401 2470 5452 Atreo
2506 5397 2845 5468 Argivorum
2897 5409 3030 5465 rege
3070 5409 3189 5446 una
3233 5377 3383 5446 cum.
3413 5394 3540 5464 ejus
3573 5393 3694 5447 ﬁlio

2059 5495 2500 5562 Agamemnone
2557 5488 2841 5543 educatus
2895 5483 3126 5539 Atrides
3176 5483 3584 5555 appellabatur
3630 5501 3696 5539 ac

2057 5580 2239 5634 frater
2271 5573 3045 5649 Agamennonis.Menelaus
3071 5573 3344 5627 Paridem
3377 5575 3698 5643 perhuma-

2059 5668 2215 5722 niter
2246 5665 2495 5734 excepit,
2530 5666 2708 5734 inque
2743 5681 2848 5719 suo
2872 5663 3088 5734 palatio
3131 5662 3290 5716 omni
3353 5661 3545 5715 ofﬁcio
3577 5664 3692 5712 sta-
