4188 6196
443 376 559 437 231

439 602 629 657 visum
659 601 869 656 fuisset
900 598 1013 672 ipsi
1067 598 1308 671 jubens,
1341 606 1519 673 atque
1578 599 1662 657 ita
1713 600 1952 657 demum
2010 595 2084 654 ad

442 689 893 748 sacrificandum
951 688 1269 761 proficisci.
1322 690 1452 762 Ipse
1514 706 1647 746 cum
1700 687 1964 762 cognatis
2020 685 2082 742 in

442 780 673 835 Cretam
730 777 1014 832 continuo
1094 778 1406 849 navigavit,
1492 784 1559 835 ut
1623 780 1892 852 Gortynze
1957 793 2084 831 rem

442 870 668 924 Sacram
694 865 816 920 Jovi
850 864 1080 921 Asterie
1112 866 1622 934 faceret.Quadam
1646 867 1741 923 die
1764 865 1927 923 Paris
1949 881 2084 921 cum

441 956 503 1012 in
536 954 775 1011 Helena)
804 956 1045 1011 hortum
1077 956 1467 1030 despexisset,
1520 957 1663 1014 vidit
1694 975 1823 1014 eam
1856 956 2084 1013 incom-

440 1043 693 1118 parabili
745 1061 875 1100 esse
920 1045 1370 1119 pulchritudine
1409 1065 1421 1102 :
1474 1052 1600 1103 erat
1629 1047 1789 1103 enim
1829 1045 2087 1120 gracilis,

442 1133 682 1207 papillis
712 1132 1010 1204 formosis,
1055 1136 1206 1190 nivis
1244 1135 1434 1193 instar
1489 1136 1643 1204 alba,
1677 1135 1942 1209 specioso
1992 1150 2088 1190 su.

438 1222 709 1296 percilio,
744 1221 999 1295 eleganti
1031 1240 1200 1293 naso,
1238 1226 1402 1280 crine
1452 1226 1648 1299 crispo
1687 1242 1754 1281 ac
1804 1221 2087 1288 subﬂavo,

440 1313 629 1368 oculis
669 1312 1013 1385 grandibus.
1075 1313 1334 1370 Proinde
1395 1315 1522 1388 ejus
1577 1330 1779 1370 amore
1826 1313 2087 1378 sancius,

443 1422 622 1479 opera
650 1406 866 1461 λειω-αι
890 1421 1021 1476 quae
1056 1407 1319 1463 Menelao
1350 1414 1602 1481 cognota
1633 1414 1779 1474 erat,
1800 1423 1930 1463 eam
1963 1421 2088 1460 cor-

443 1494 604 1567 rupit
634 1511 702 1551 ac
750 1511 883 1550 cum
932 1495 1135 1551 multis
1186 1496 1399 1568 opibus
1450 1503 1783 1569 ornatuque
1832 1501 1890 1550 et
1933 1493 2087 1551 218

448 1587 710 1658 quinque
772 1586 1007 1642 ancillis
1066 1589 1305 1660 rapuit;
1364 1594 1422 1643 et
1486 1588 1795 1644 sacrificiis
1836 1602 2088 1658 quorum

446 1692 625 1731 causa
654 1682 896 1732 venerat
927 1676 1186 1745 omissis,
1215 1677 1493 1734 Sidonem
1527 1677 1598 1733 ad
1633 1677 1857 1751 .Egypti
1890 1690 2089 1737 regem

438 1766 720 1820 Proteum
752 1765 1005 1837 trajecit.
1064 1766 1173 1831 Qui
1230 1767 1511 1823 custodiae
1570 1768 1783 1823 domus
1841 1765 2089 1821 Menelai

1810 355 2129 438 eaeaen
2174 369 2517 437 cubum

440 510 809 568 diossissime
863 510 1149 574 tractavit.
1209 510 1586 582 requiescere
1643 511 1724 567 ibi
1791 507 2075 583 quamdiu

2205 500 2475 579 Ατρείδης
2551 504 2773 583 ἓλέγετο
2866 508 2955 563 καὶ
3056 509 3317 586 σύγγονος

3737 380 3863 445 252

3419 510 3854 587 Ἀγαμέμνονος.

2194 593 2370 656 Οὗτος
2426 592 2778 673 φιλοφρόνως
2835 597 2963 672 ἄγαν
3018 603 3112 654 τὸν
3171 599 3341 674 Πάριν
3413 599 3852 677 προσδεξάμενος

2197 682 2521 758 παντοδαπῇ
2554 684 2811 757 θεραπείᾳ
2863 690 3057 743 τοῦτον
3112 686 3164 743 έν
3221 693 3304 762 τῷ
3360 687 3615 763 παλατίῳ
3677 692 3849 750 αὐτοῦ

2196 771 2565 848 ἐθεράπευσεν,
2646 776 2729 847 [Ρ.
2810 778 2933 849 124]
3030 777 3397 848 ἀναπαυθῆναι
3465 777 3849 855 ἐντειλάμενος

2194 862 2320 917 ὅσον
2358 862 2448 917 καὶ
2483 862 2766 937 βούλοινο,
2798 864 2887 919 καὶ
2930 862 3102 928 οὕτως
3162 864 3248 922 ἐπὶ
3303 868 3404 939 τὴν
3453 867 3638 933 θυσίαν
3680 869 3849 927 ἀπελ-

2196 955 2328 1015 θεῖν.
2383 950 2559 1015 Αὖτὸς
2617 950 2675 1008 δὶ
2741 954 2769 1007 6
2826 952 3101 1017 Μενέλαος
3156 956 3269 1029 ἅμα
3349 960 3469 1018 τοῖς
3532 961 3850 1037 συγγενέσιν

2195 1046 2352 1111 εὐθὺς
2412 1045 2498 1104 ἐπὶ
2560 1051 2775 1124 Κρήτην
2860 1047 3089 1106 ἀπέπλει
3179 1051 3253 1115 ὡς
3323 1052 3588 1129 Ἀστερῖῳ
3645 1056 3733 1112 Δεὶ
3790 1054 3847 1113 έν

2194 1139 2434 1213 Γορτΰνῃ
2468 1136 2630 1194 πόλει
2662 1139 2976 1202 θυσιάσωνι.
3010 1140 3098 1197 Ἑν
3149 1145 3247 1213 μιᾷ
3292 1141 3474 1197 τοίνυν
3510 1142 3539 1199 6
3572 1143 3744 1220 Πάρις
3772 1144 3851 1210 εἷς

2195 1224 2287 1280 τὸν
2318 1231 2419 1295 τῆς
2450 1224 2678 1297 Ἑλένης
2733 1224 3056 1302 παράδεισον
3105 1227 3341 1308 ἐγκύψας
3388 1230 3490 1306 δρᾷ
3541 1232 3711 1302 αὐτὴν
3770 1232 3855 1307 τῷ

2198 1313 2397 1371 κάλλει
2426 1313 2719 1395 ἀμήχανον
2756 1314 2936 1371 οὖσαν·
2968 1317 3035 1387 ἧν
3068 1317 3173 1395 γὰρ
3206 1316 3464 1385 εὕστολος
3512 1323 3649 1397 (94),
3680 1319 3858 1398 εὔμα-

2198 1424 2344 1474 στος,
2377 1403 2544 1477 λευκὴ
2578 1405 2705 1461 ὡτεῖ
2764 1405 2931 1486 χιὼν,
2983 1403 3234 1485 εὔοφρυς,
3287 1407 3522 1482 εὕρινος,
3574 1408 3855 1488 οὖλόθριε,

2202 1488 2520 1565 ὑπόξανθος,
2560 1492 2881 1571 ὀφθαλμοὺς
2910 1490 3113 1571 ἔχουσα
3148 1493 3447 1574 μεγάλους.
3489 1499 3591 1556 Καὶ
3620 1500 3855 1575 τρωθεὶς

2197 1586 2277 1654 τῷ
2306 1581 2508 1653 ταύτης
2538 1583 2703 1658 ’ἐρωτι
2737 1580 2826 1638 διὰ
2853 1591 2954 1654 τῆς
3012 1583 3239 1661 Αἴθρας,
3295 1587 3419 1656 ἣτις
3469 1584 3535 1657 ἦν
3585 1589 3852 1667 συγγενής

2195 1668 2497 1740 Μενελάου,
2542 1672 2569 1726 6
2603 1671 2890 1736 ονοθεύσας
2946 1674 3046 1743 τήν
3106 1673 3328 1747 Ἑλένην
3381 1674 3621 1748 ἥρπασεν
3680 1676 3848 1749 αὐτὴν

2198 1758 2331 1829 μετὰ
2387 1758 2478 1813 καὶ
2537 1757 2782 1815 πλούτου
2837 1758 3054 1816 πολλοῦ
3110 1762 3201 1816 καὶ
3283 1764 3493 1837 κόσμοο
3547 1764 3639 1820 καὶ
3695 1765 3852 1821 πέντε

445 1860 614 1910 erant
645 1854 917 1926 profecti,
950 1855 1359 1912 animadverso
1393 1856 1629 1912 Helena)
1660 1861 1854 1928 raptu,
1890 1855 2084 1910 statim

2200 1845 2471 1903 δουλίδων
2501 1848 2793 1924 κορασίων.
2827 1850 2927 1904 Καὶ
2955 1855 3063 1905 τῶν
3096 1853 3319 1918 θυσιῶν,
3351 1848 3421 1907 δι’
3453 1853 3515 1916 ἅς
3562 1853 3652 1909 καὶ
3704 1876 3849 1929 παρ-

443 1944 494 1999 ei
519 1944 580 1999 in
603 1945 874 1999 Creatum
894 1961 1019 1999 rem
1042 1944 1454 2013 nuntiant.Qui
1479 1945 1702 2020 ingenti
1720 1943 1922 2001 dolore
1938 1944 2087 1999 ictus

441 2034 599 2089 illico
632 2034 901 2105 Spartam
933 2034 1129 2100 rediit,
1158 2040 1219 2090 et
1254 2035 1315 2089 in
1347 2052 1555 2090 omnes
1586 2041 1782 2107 partes
1840 2033 2090 2089 dimittit

443 2122 544 2194 qui
575 2122 861 2177 Helenam
902 2123 1233 2193 requirant.
1266 2123 1587 2196 Aliquanto
1633 2130 1765 2196 post
1820 2129 2087 2195 tempore

440 2210 607 2265 Paris
639 2226 708 2265 ex
738 2212 980 2283 .Egypto
1012 2210 1255 2266 domum
1297 2212 1491 2268 salvus
1524 2211 1873 2279 revertitur;
1908 2228 2085 2282 quem

440 2297 712 2353 Priamus
745 2304 804 2353 et
833 2298 1069 2353 Hecuba
1099 2298 1456 2371 recipientes
1488 2299 1612 2355 visa
1639 2299 1861 2354 Helena
1891 2300 2090 2353 obstu-

441 2391 718 2459 puerunt,
774 2392 833 2442 et
879 2403 1154 2458 quaenam
1206 2402 1275 2443 ea
1326 2386 1558 2457 mulier,
1604 2389 1879 2459 undeque
1931 2393 2088 2443 esset

440 2476 723 2532 sciscitati
782 2481 941 2531 sunt.
1034 2477 1165 2548 Ipsa
1224 2493 1284 2532 se
1373 2476 1687 2532 Alexandri
1753 2481 2082 2550 cognatam,

438 2564 746 2637 magisque
774 2580 836 2619 se
866 2561 938 2619 ad
996 2564 1300 2620 Priamum
1330 2571 1387 2620 et
1442 2564 1741 2620 Hecubam
1800 2581 1978 2637 quam
2010 2564 2085 2620 ad

436 2653 757 2709 Plisthenis
784 2653 975 2708 lilium
1007 2654 1040 2707 BI
1062 2652 1341 2709 enelaum
1371 2655 1672 2725 pertinere
1726 2653 2037 2726 respondit
2066 2670 2080 2708 :

440 2743 658 2814 quippe
684 2741 1022 2797 Dardanum
1054 2745 1262 2798 Troem
1295 2758 1362 2797 ac
1393 2743 1657 2813 reliquos
1687 2742 1760 2797 ab
1790 2744 1901 2798 hoc
1947 2759 2081 2814 pro-

440 2834 669 2886 creatos
700 2845 867 2901 reges
899 2830 1187 2901 originem
1219 2831 1436 2885 ducere
1469 2846 1501 2885 a
1567 2830 1749 2885 Danai
1780 2830 1901 2886 illia
1959 2830 2085 2886 Ple—

441 2917 627 2973 siona.
690 2915 936 2988 Dymam
995 2934 1171 2988 porro
1229 2934 1456 2991 regem,
1515 2918 1784 2973 Herculze
1827 2922 2079 2990 patrem,

433 3022 621 3078 genus
659 3011 926 3078 repetere
986 3006 1058 3061 ab
1084 3006 1352 3080 Agenore
1410 3006 1595 3062 Danai
1638 3012 1892 3078 patruo:
1947 3023 2079 3063 cum

434 3098 680 3170 Dymam
725 3098 1234 3171 consanguineum
1284 3114 1416 3154 esce
1448 3098 1638 3166 Ledae,
1671 3114 1792 3154 sum
1848 3099 2077 3155 matris.

431 3188 565 3244 Haec
595 3187 792 3243 locuta
826 3187 1134 3258 Helena,et
1155 3188 1500 3261 juramento
1531 3188 1894 3245 confirmans
1924 3189 2077 3245 nihil

435 3294 497 3334 se
530 3277 602 3333 de
636 3278 809 3333 bonis
856 3278 1105 3335 Menelai
1158 3294 1361 3334 secum
1409 3277 1638 3344 tulisse,
1688 3294 1822 3334 cum
1846 3278 2081 3352 jureju-

433 3367 623 3422 rando
682 3366 797 3422 sibi
855 3367 1196 3422 confirmari
1255 3367 1515 3423 vicissim
1584 3367 1961 3441 impetrasset
2019 3385 2081 3424 se

436 3454 704 3511 deditum
739 3472 859 3509 non
895 3454 990 3522 iri,
1013 3456 1169 3528 apud
1202 3456 1365 3528 ipsos
1396 3456 1575 3513 chara
1604 3462 1964 3528 acceptaque
1986 3472 2081 3512 re-

442 3545 664 3600 mansit
688 3547 1049 3616 Agamemno
1077 3563 1138 3601 re
1171 3546 1406 3621 cognita
1429 3551 1568 3602 ante
1589 3546 1812 3602 bellum
1842 3548 2084 3603 nuntios

440 3634 599 3709 legat
628 3635 957 3692 Menelaum
990 3642 1048 3691 et
1076 3636 1364 3710 Ulyssem,
1399 3653 1532 3692 cum
1566 3638 1779 3693 litteris
1808 3637 2086 3710 Clytaem-

442 3730 679 3793 nestra),
721 3742 853 3796 quaa
904 3742 1072 3781 soror
1121 3725 1378 3795 Helenae,
1429 3743 1580 3783 uxor
1622 3727 2086 3800 Agamemnonis

442 3813 860 3880 erat,Menelao
883 3815 1052 3872 reddi
1075 3817 1391 3891 conjugem
1411 3833 1577 3872 suam
1602 3816 1935 3889 postulans.
1971 3816 2083 3873 Sed

437 3903 480 3959 ii
512 3920 575 3959 re
605 3904 825 3963 infecta
852 3910 994 3960 sunt
1021 3905 1487 3977 dimissi.ltaque
1510 3908 1872 3978 Agamemno
1899 3910 1957 3961 et
1977 3907 2086 3961 Me-

435 3992 647 4051 nelaus
669 3995 945 4051 omnibus
962 3996 1210 4067 Europa;
1232 3995 1449 4069 regul.s
1466 3993 1539 4052 ad
1557 3994 1699 4050 belli
1741 3995 2083 4051 societatem

440 4083 771 4153 conductis,
796 4086 973 4140 etiam
1002 4085 1125 4140 ﬁlio
1147 4085 1409 4141 Thetidis
1433 4090 1491 4139 et
1519 4083 1673 4140 Pelci
1695 4083 1925 4140 Achille
1948 4101 2083 4140 cum

439 4175 592 4233 219
627 4175 1063 4247 Myrmidonum
1102 4174 1211 4245 ipsi
1248 4174 1485 4229 subdita
1542 4174 1803 4228 cohorte.
1838 4174 2081 4228 Nestore

435 4273 726 4341 praeterea
749 4264 911 4325 Eleo,
937 4262 1145 4334 Ulysse
1173 4262 1491 4328 lthacensi,
1517 4261 1748 4316 duobus
1780 4262 2080 4333 Ajacibus,

436 4353 741 4419 Diomede,
773 4351 1090 4405 Idomeneo
1123 4349 1377 4420 aliisque
1412 4348 1613 4403 multis
1647 4355 1704 4402 et
1752 4349 2079 4423 generosis,

434 4459 569 4497 cum
600 4441 791 4496 classe
824 4438 1059 4493 navium
1087 4442 1503 4492 sexcentarum
1524 4437 1822 4510 octoginta
1854 4443 1985 4492 octo
2009 4438 2081 4492 ad

434 4529 663 4585 bellum
691 4526 797 4582 Ilio
829 4525 1205 4580 inferendum
1236 4524 1727 4596 proﬁciscuntur;
1763 4531 1939 4597 atque
1961 4527 2081 4582 Au-

2202 1942 2291 2006 ἧν,
2325 1936 2628 2011 ἠμεληκὼς
2671 1937 2747 2000 εἷς
2807 1937 3024 1995 Σιδῶνα
3061 1940 3198 2015 πρὸς
3256 1940 3478 2013 Πρωτέα
3529 1944 3621 1999 τὸν
3680 1943 3853 2021 Δίγῦο

2198 2047 2337 2081 πτου
2371 2023 2600 2100 βασιλέα
2631 2023 2968 2102 διεπέρασεν.
3016 2030 3082 2086 Οἱ
3124 2027 3182 2084 δὲ
3229 2029 3320 2085 τὸν
3372 2031 3523 2087 οἶκον
3573 2030 3857 2089 Μενελάου

2200 2109 2500 2187 φυλάσσειύ
2580 2114 2926 2191 τεταγμένοι,
3005 2119 3105 2188 τὴν
3160 2119 3413 2195 ἁρπαγὴν
3470 2125 3571 2192 τῆς
3628 2120 3852 2193 Ἑλένης

2199 2199 2428 2270 ἰδόντες,
2462 2202 2616 2265 εὐθὺς
2646 2203 2854 2260 ἅπαντα
2884 2204 2936 2260 έν
2980 2208 3049 2270 τῆ
3100 2208 3292 2281 Κρήτῃ
3344 2207 3493 2281 αὐτῷ
3554 2208 3846 2282 μηνύουσι.

2196 2291 2316 2369 Ἐφ’
2337 2292 2425 2352 οῖς
2462 2292 2490 2345 6
2535 2290 2805 2355 Μενέλαος
2862 2290 3197 2358 δεινοπαθῶν
3266 2295 3558 2352 καταπλέει
3622 2297 3716 2372 μὶν
3773 2297 3851 2361 εἷς

2193 2382 2292 2449 τήν
2327 2382 2584 2456 Σπάρτην
2618 2382 2793 2453 εὐθὺς,
2847 2386 3050 2456 πέμπει
3112 2384 3170 2440 δὲ
3222 2385 3299 2447 εἲς
3358 2386 3687 2459 ἀναζήτησιν
3746 2393 3847 2458 τῆς

2192 2466 2422 2541 Ἑλένης
2472 2475 2776 2549 πανταχοῦ.
2838 2474 2991 2531 Μετὰ
3044 2472 3102 2528 δὲ
3150 2475 3354 2552 χρόνον
3411 2477 3539 2544 ἧκεν
3609 2477 3637 2531 6
3680 2477 3848 2551 Πάρις

2193 2558 2301 2614 ἀπὸ
2329 2566 2429 2630 τῆς
2463 2560 2747 2635 Αἶγύπτου
2777 2562 2989 2626 σωθείς,
3036 2563 3138 2619 Ὃν
3195 2563 3442 2640 Πρίαμος
3500 2565 3588 2619 καὶ
3645 2560 3839 2635 Ἐκέόη

2193 2644 2637 2726 ἀποδεδεγμένοι,
2671 2645 2878 2713 ἰδόντες
2934 2652 3037 2720 τὴν
3088 2652 3335 2725 Ἑλένην,
3398 2653 3705 2726 ἐξέστησαν,
3752 2656 3842 2711 καὶ

2191 2735 2275 2821 τίς
2306 2740 2365 2792 ἂν
2389 2735 2474 2807 εἴη
2507 2738 2597 2794 καῖ
2629 2741 2790 2805 πόθεν
2820 2740 3199 2805 ἐπυνθάνοντο.
3254 2744 3315 2799 Ἠ
3375 2740 3431 2798 δὲ
3483 2741 3843 2821 Ἀλεξάνδρου

2192 2820 2295 2903 ἔφη
2329 2827 2469 2881 εἶναι
2521 2830 2808 2905 συγγενὴς,
2863 2828 2955 2885 καὶ
2995 2828 3144 2903 αὗτῷ
3204 2828 3418 2903 μᾶλλον
3473 2833 3707 2908 Πριάμῳ
3750 2820 3842 2889 καὶ

2190 2918 2261 2989 τῇ
2310 2911 2520 2990 Ἑκάϐῃ
2572 2918 2662 2971 καί
2725 2917 2787 2972 οὐ
2837 2922 2919 2990 τῷ
2974 2919 3333 2983 Πλεισθένους
3385 2922 3490 2994 υἱῷ
3544 2923 3845 2997 προσήκειν

2191 3001 2472 3077 Μενελάῳ.
2504 3006 2601 3061 Ἐκ
2637 3012 2739 3075 τῆς
2797 3010 3000 3065 Δαναοῦ
3053 3008 3156 3084 γὰρ
3215 3010 3477 3084 θυγατρὸς
3533 3008 3842 3082 Πλησιόνης

2192 3090 2464 3169 Δάρδανον
2496 3093 2587 3150 καὶ
2635 3099 2797 3170 Τρῶα
2850 3098 3170 3177 κατάγεσθαι
3226 3100 3317 3155 καὶ
3374 3100 3503 3161 τοὺς
3560 3100 3614 3171 ἐξ
3675 3100 3844 3158 αὐτοῦ

2196 3182 2463 3258 βασιλεῖς·
2522 3185 2825 3260 Ἀγήνορος
2890 3182 2948 3241 δὲ
3001 3190 3099 3242 τοῦ
3180 3187 3564 3263 πατραδέλφου
3639 3193 3843 3245 Δαναοῦ

2194 3272 2461 3349 ἀπόγονος
2530 3273 2712 3347 Δύμας
2782 3271 3039 3349 βασιλεὺς
3101 3277 3128 3331 6
3187 3273 3424 3349 Ἑκάϐης
3500 3281 3701 3357 πατήρ·
3780 3277 3841 3335 έκ

2192 3362 2381 3437 γένους
2423 3358 2481 3417 δὲ
2508 3366 2607 3418 τοῦ
2667 3363 2820 3437 Δύμα
2876 3365 2964 3419 καὶ
3037 3363 3186 3437 Λήδα
3244 3365 3355 3423 έστ³
3420 3368 3834 3444 μήτηρὴέμή.

2189 3451 2370 3509 Ταῦτα
2411 3450 2602 3524 Ἑλένη
2659 3452 2908 3524 εἰποῦσα,
2965 3454 3057 3510 καὶ
3112 3458 3224 3529 ἅμα
3282 3455 3619 3531 διομνυμένη
3664 3456 3833 3532 μηδὲν

2191 3543 2299 3594 τῶν
2340 3537 2619 3594 Μενελάου
2659 3536 2847 3596 Λαϐεῖν
2903 3545 2992 3597 καὶ
3051 3543 3211 3618 ὅρκον
3250 3541 3306 3600 δὶ
3363 3544 3705 3617 ἇπαιτήσασα
3756 3549 3833 3620 μη

2191 3626 2547 3701 προδοθῆναι,
2574 3623 2784 3703 ἔμεινεν
2839 3632 3177 3709 ἀγαπωμένη
3227 3633 3364 3710 πρὸς
3413 3634 3613 3691 αὐτῶν.
3665 3639 3837 3693 Τοῦτο

2196 3717 2455 3790 μαθόντες
2510 3718 2562 3773 0i.
2621 3718 2744 3792 περὶ
2799 3721 3187 3798 ’Λγαμέμνονα
3250 3723 3526 3796 πέμπουσι
3588 3720 3839 3799 πρέσϐεις

2190 3807 2297 3881 πρὸ
2326 3804 2427 3861 τοῦ
2458 3805 2731 3881 πολέμου,
2763 3808 2925 3865 αὐτόε
2968 3829 3027 3864 τε
3083 3810 3365 3867 Μενέλαον
3422 3814 3509 3868 καὶ
3562 3809 3841 3883 Ὀδυσσέα,

2189 3897 2281 3951 καὶ
2340 3897 2641 3970 γράμματα
2699 3896 3190 3975 Κλυταιμνήστρας
3282 3902 3535 3978 γυναικὸς
3596 3902 3837 3976 Ἀγαμέ-

2196 4005 2407 4058 μνονος,
2440 3982 2682 4066 ἀδελφῆς
2716 3985 2956 4058 Ἑλένης,
3019 3989 3285 4061 ἀξιοῦντες
3344 3989 3675 4059 ἀποδοθῆναι
3725 3994 3839 4049 Με-

2191 4076 2373 4148 νελάῳ
2402 4078 2501 4147 τὴν
2530 4081 2777 4151 γυναῖκα.
2830 4075 2896 4136 Ο⁹ί
2949 4079 3039 4133 καῖ
3087 4079 3502 4153 ἆποπέμπονται
3551 4080 3839 4159 ἄπρακτοι.

2193 4165 2285 4220 Διὸ
2314 4164 2404 4220 καὶ
2442 4166 2569 4227 τοὺς
2623 4171 3041 4246 τοπαρχτῦντας
3098 4174 3197 4236 τῆς
3258 4169 3526 4244 Εὐρώπης
3583 4172 3836 4237 ἅπαντας,

2190 4254 2281 4308 καὶ
2311 4254 2403 4309 τὸν
2434 4251 2655 4317 Θέτιδος
2685 4256 2773 4309 καὶ
2830 4256 3062 4328 Πηλέως
3113 4257 3381 4332 Ἀχιλλέα
3433 4259 3565 4334 μετὰ
3608 4260 3673 4315 τὸ
3703 4261 3836 4317 ὑπο.

2188 4342 2431 4414 κείμενον
2466 4341 2613 4414 αὐτῷ
2640 4347 2748 4397 τῶν
2779 4342 3147 4419 Μυρμιδόνων
3200 4350 3409 4423 στῖφος,
3458 4347 3549 4403 καὶ
3601 4350 3837 4425 Νέστορα

2187 4431 2280 4485 τὸν
2323 4429 2540 4487 Ἠλεῖον
2595 4431 2686 4487 καὶ
2735 4434 2828 4487 τὸν
2883 4434 3188 4505 Ἰθακήσιον
3243 4433 3501 4492 Ὀδυσσέα
3555 4442 3643 4493 καὶ
3710 4439 3839 4503 τοὺς

2191 4517 2288 4574 δύο
2320 4519 2547 4585 Δῖαντας
2577 4519 2859 4595 Διομήδην
2907 4544 2965 4578 τε
3011 4524 3099 4579 καὶ
3155 4522 3429 4600 Ἰδομενέα
3480 4529 3571 4583 καὶ
3630 4525 3837 4591 ἄλλους

434 4617 555 4674 lide
584 4616 845 4689 primum
876 4614 939 4669 in
971 4614 1239 4669 hibernis
1268 4613 1619 4670 subsistunt.
1644 4614 1730 4670 Ibi
1764 4631 1897 4670 cum
1929 4620 2073 4671 tem-

2193 4609 2441 4673 πολλοὺς
2497 4612 2589 4667 καὶ
2671 4612 2945 4689 γενναίους
3024 4611 3120 4669 σὺν
3173 4615 3325 4670 ναυσὶ
3378 4614 3593 4692 χιλίαις
3650 4618 3838 4674 ἑκατὸν

435 4712 659 4780 pestate
692 4704 915 4760 diutius
943 4702 1374 4774 detinerentur,
1408 4704 1650 4760 Calchas
1680 4710 1841 4760 vates
1900 4705 2082 4762 edixit

2193 4699 2515 4772 Ξνενήκοντα
2571 4700 2718 4757 ὀκτὼ
2783 4701 3261 4777 ἓκστρατεύσαντες
3318 4702 3679 4767 ἄποπλέουσι.
3736 4707 3838 4765 Καὶ

436 4796 650 4852 debere
684 4797 1189 4869 Agamemnonem
1224 4792 1408 4848 tiliam
1441 4809 1607 4849 suam
1665 4792 1886 4863 Dianae,
1945 4810 2076 4866 quas

2193 4790 2331 4865 παρὰ
2365 4787 2558 4859 Αὐλίδι
2590 4790 2736 4846 οὕτω
2764 4790 3095 4866 καλουμένῳ
3153 4792 3347 4868 χωρίῳ
3390 4797 3838 4871 παραχειμάσαν⁸

431 4888 542 4944 dea
572 4887 701 4961 ejus
733 4884 846 4940 loci
898 4888 1073 4949 esset,
1125 4882 1453 4939 immolare.
1482 4885 1698 4940 Verum
1757 4884 1869 4940 hoc
1928 4886 2072 4958 Aga-

2193 4900 2272 4942 τες
2304 4881 2438 4934 κατὰ
2470 4877 2638 4936 Ἰλίου
2697 4878 3232 4955 ἐστρατοπεδεύοντο.
3282 4884 3395 4940 Τοῦ
3452 4888 3732 4959 χειμῶνος
3781 4883 3840 4943 δὶ

430 4994 670 5034 memno
734 4973 953 5030 renuit.
1006 4971 1118 5027 Sed
1171 4978 1228 5027 et
1273 4971 1491 5027 mulier
1546 4971 1885 5028 Calchantis
1942 4989 2075 5029 ora-

2193 4968 2563 5042 ίντικειμένου
2593 4969 2779 5032 αὐτοῖς
2812 4968 2900 5026 έπι
2931 4968 3076 5025 πολὺ
3108 4970 3331 5047 Κάλχας
3360 4973 3388 5028 6
3430 4972 3623 5046 μάντις
3656 4974 3837 5039 θυσίαν

430 5068 563 5124 culo
594 5069 999 5123 consentanea
1044 5060 1501 5130 vaticinabatur,
1535 5062 1909 5134 tempestatis
1956 5078 2077 5117 non

2193 5058 2426 5136 ὀφείλειν
2453 5058 2546 5113 τὸν
2585 5059 2969 5135 Ἀγαμέμνονα
3027 5060 3146 5115 εἶπε
3198 5062 3298 5131 τήν
3359 5061 3527 5118 αὐτοῦ
3574 5064 3837 5140 θυγατέρα

428 5165 565 5216 ante
598 5159 780 5214 linem
813 5156 937 5212 fore
972 5169 1156 5227 quam
1188 5153 1381 5225 prima
1438 5153 1898 5228 Agamemnonis
1958 5152 2080 5208 filia

2193 5153 2256 5225 τῇ
2289 5146 2573 5225 Ἀρτέμιδι
2605 5154 2929 5226 παρασχεῖν,
2972 5155 3065 5223 θεᾷ
3110 5157 3209 5222 τῆς
3263 5152 3453 5231 χώρας
3505 5151 3663 5230 οὔσῃ·
3698 5156 3726 5211 6
3778 5153 3837 5212 δί

1622 5306 1990 5362 XYLANDRI
2026 5307 2113 5360 ET
2152 5304 2369 5360 GOAHI
2410 5306 2637 5361 NOTIE.

497 5452 608 5520 (94)
644 5446 913 5506 Εὕστολον
945 5450 1230 5520 gracilem
1261 5448 1570 5517 verti,cum
1600 5447 1763 5503 aliud
1795 5465 1914 5504 non
1949 5465 2076 5503 sue-
2183 5464 2318 5520 cum
2343 5448 2683 5520 antiquitus
2720 5447 2964 5503 laudata
2992 5447 3313 5506 mulierum
3358 5452 3683 5519 gracilitate
3725 5471 3836 5512 vox

429 5513 914 5596 curreret,neque
947 5513 1017 5596 de
1050 5522 1265 5596 vestitu
1302 5513 1811 5596 hic'agaturﬁam
1838 5521 2074 5596 gracili-
2182 5513 2445 5596 εὕστολοε
2482 5513 2680 5587 habet,
2710 5536 2843 5590 quas
2871 5527 3141 5591 comptam
3173 5537 3241 5575 ac
3270 5513 3504 5579 vestibus
3533 5525 3835 5596 elegantem

430 5578 612 5650 tatem
645 5578 712 5648 in}
738 5578 1089 5649 mulieribus
1119 5591 1421 5648 laudatam
1452 5578 1633 5646 fuisse
1656 5592 1814 5662 apud
1839 5578 2075 5662 priscos
2179 5590 2383 5646 refert.
2408 5578 2583 5645 Goaa.

428 5671 638 5722 notum
670 5671 761 5723 est
788 5664 880 5719 vel
910 5680 978 5720 ex
1008 5664 1443 5720 TerentiOXVL.
1469 5693 1537 5704 -
1571 5662 1726 5718 Nihil
1756 5679 2071 5719 commune
2192 5684 2197 5692 ·
