4186 6190
1774 330 2098 394 GEORGII
2141 328 2488 394 CEDRENI
3709 333 3833 397 256

419 477 683 552 palidem
715 474 1104 545 scripserunt,
1136 468 1440 540 multaque
1471 468 1715 524 omnino
1748 468 1860 523 alia
1900 483 2070 523 voca-

2193 465 2244 521 εά
2272 465 2408 522 έπτᾶ
2437 465 2605 541 ἃστρα
2636 470 2742 523 τῶν
2771 464 3093 538 πλανήτων,
3118 462 3212 521 τόν
3268 462 3326 521 δὶ
3375 465 3580 541 πύργον
3606 466 3670 521 τὸ
3699 464 3835 540 ὕψος

419 567 564 626 bula
621 581 795 621 secus
867 559 1405 634 pronuntiaverunt
1462 574 1642 629 quam
1713 556 2068 614 scriberunt.

2193 559 2281 611 τοῦ
2311 554 2629 629 ούρανοῦ,έξ
2662 556 2724 611 οὗ
2745 553 3170 611 ἁνταποδίδοται
3202 560 3332 610 πᾶσι
3363 553 3507 609 καλᾶ
3535 553 3571 623 ἤ
3592 556 3748 611 κακά.
3774 556 3831 610 '0

419 656 657 729 Adjecit
688 654 780 707 his
809 652 957 706 duas
988 646 1323 703 Simonides
1352 647 1525 716 Ceus,
1544 667 1655 716 ηω,
1681 646 2071 719 Epicharmus

2193 643 2339 707 ιύτὸς
2368 646 2487 720 εὗρε
2514 644 2605 700 καὶ
2634 645 2701 699 τὰ
2733 651 2796 710 ις’
2823 645 3120 722 γράμματα
3151 646 3267 719 (99)
3329 648 3426 700 τοῦ
3475 638 3827 724 άλφαϐήτου,

420 748 825 819 Syracusanus
857 744 978 793 tres
1009 737 1130 808 ζξψ,
1166 736 1343 807 alque
1394 738 1480 792 sic
1504 732 1507 735 ’
1532 736 1767 809 virginti
1815 741 2071 807 quatuor

2193 756 2233 806 ι,
2261 737 2319 811 β,
2350 758 2407 813 γ,
2439 733 2490 808 δ,
2532 756 2576 804 ε,
2615 736 3262 812 ι,κ,λ,μ,ν,ο,π,ρ,σ,τ,υ.
3298 734 3608 811 Προσέθτ,κε
3638 731 3696 789 δὲ
3722 734 3827 789 αὐ-

418 835 755 892 litterarum
784 844 1021 885 summa
1048 826 1297 899 impleta
1326 834 1434 884 est.

2193 829 2296 888 τοῖς
2325 822 2549 899 Κάδμος
2580 826 2609 880 6
2637 824 2914 897 Μιλήσιος
2939 823 3098 901 ἕτερα
3119 825 3421 900 γράμματα
3437 824 3584 901 τρία,
3606 825 3660 895 θ,
3679 846 3738 903 φ,
3768 844 3828 900 χ.

417 932 513 988 Διὸ
541 930 632 986 καὶ
660 924 863 998 πολλῷ
892 930 972 998 τῷ
1002 927 1190 1004 χρόνῳ
1220 930 1339 987 τοῖς
1375 926 1442 980 ιθ’
1471 924 1734 1003 ἐχρῶντο·
1766 922 1946 988 ὅθενοὶ
1976 923 2204 1000 ἀρχαῖοι
2239 924 2318 996 μὴ
2350 917 2572 1000 ἔχοντες
2630 924 2695 979 τὸ
2752 927 2791 998 ψ
2838 946 2938 994 την
2968 922 3137 999 ψαλίδ
3167 921 3378 980 παλίδα
3430 922 3676 1000 αξλεγον,
3735 921 3828 978 καὶ

420 1029 569 1089 ἄλλα
598 1029 789 1087 πολλὰ
814 1028 883 1108 ρή
893 1050 1039 1101 ματα
1066 1020 1260 1088 άλλως
1290 1026 1586 1102 ἐξεφώνουν
1617 1022 1707 1079 καὶ
1736 1018 1967 1101 ἔγραφον
1994 1023 2085 1079 καὶ
2116 1020 2373 1100 ἔγραφον.
2435 1024 2579 1097 Πρὸς
2633 1028 2803 1079 ταῦτα
2832 1021 3147 1098 Σιμωνίδης
3173 1025 3202 1080 6
3253 1025 3386 1088 Χῖος
3410 1025 3491 1097 (1)
3520 1020 3823 1097 προσέθηκε

416 342 537 405 255

426 1130 548 1201 δύο,
582 1151 616 1201 η
648 1128 743 1185 καὶ
773 1151 840 1198 ω,
874 1128 1223 1203 Ἐπίχαρμος
1258 1123 1315 1180 δὲ
1346 1126 1375 1180 6
1406 1122 1785 1200 Συρακούσιος
1813 1123 1959 1198 τρία,
1993 1127 2040 1192 ζ,
2076 1122 2122 1193 ξ,
2163 1123 2225 1196 ψ,
2263 1120 2357 1176 καὶ
2389 1120 2565 1184 οὕτως
2592 1119 2993 1198 ἐπληρώθησαν
3023 1122 3089 1178 τὰ
3135 1120 3216 1178 κδ’
3245 1127 3513 1200 στοιχεῖα.

492 1221 875 1295 Appellentes
900 1219 975 1276 ad
998 1219 1168 1275 littus
1188 1217 1376 1287 Trojaa
1398 1215 1652 1271 classem
1683 1216 1913 1270 Graacos
1931 1215 2075 1270 Tro-

409 1312 541 1385 jani
568 1310 767 1367 conati
792 1314 932 1365 sunt
951 1308 1150 1363 littore
1172 1305 1490 1378 prohibere
1513 1319 1528 1371 ;
1549 1319 1745 1377 pugna
1764 1303 1885 1360 acri
1910 1318 2074 1359 com-

418 1402 602 1457 missa
630 1400 802 1455 multi
862 1398 1143 1468 utrinque
1198 1394 1565 1462 ceciderunt,
1600 1394 1744 1450 221
1795 1393 2068 1462 interque

417 1491 529 1547 hos
559 1489 946 1553 Protesilaus,
980 1488 1319 1543 Graecorum
1371 1483 1836 1549 antesignamus.
1890 1482 2069 1536 Nocte

2256 1205 2725 1286 Παρεμόαλόντων
2776 1207 2834 1268 δὶ
2881 1216 2990 1268 τῶν
3047 1209 3340 1284 Ἑλλήνων
3396 1211 3491 1268 σὺν
3529 1217 3648 1276 ταῖς
3678 1213 3832 1269 ναυσὶ

2182 1300 2319 1355 κατᾶ
2345 1306 2444 1369 τῆς
2475 1300 2679 1377 Τροίας
2711 1301 2774 1357 οὖ
2806 1303 3150 1377 συνεχώρουν
3212 1302 3264 1357 οἱ
3316 1304 3502 1377 Τρῶες
3529 1303 3834 1378 προσορμίο

2183 1410 2292 1446 σαι.
2326 1387 2582 1462 Πολέμου
2627 1387 2685 1444 δὲ
2742 1388 3104 1466 συρραγέντος
3160 1389 3413 1467 ίσχυροῦ,
3460 1391 3551 1447 καὶ
3599 1389 3830 1448 πολλῶν

2180 1477 2230 1549 έε
2264 1479 2531 1555 ἑκατέρων
2574 1479 2929 1555 ἀνῃρημένων
2983 1479 3076 1535 σὺν
3134 1482 3219 1554 [Ρ.
3282 1482 3409 1554 126]
3468 1478 3836 1556 Πρωτεσιλάῳ

416 1581 574 1638 facta
591 1578 822 1650 Trsjani
855 1577 1066 1632 urbem
1088 1574 1774 1646 repetiverunt,eamque
1796 1575 2068 1626 accurate

2193 1570 2464 1647 προμάχῳ
2506 1574 2743 1641 Δαναῶν,
2802 1570 2994 1632 νυκτὸς
3042 1567 3437 1644 έπιγενομένης
3492 1571 3678 1643 Τρῶες
3735 1572 3831 1645 μὶν

428 1669 794 1735 clauserunt,
826 1665 1008 1721 Graeci
1063 1679 1199 1719 vero
1241 1661 1546 1717 subductis
1576 1661 1639 1715 in
1670 1659 1837 1715 littus
1886 1658 2075 1731 Trojaa

2193 1642 2261 1720 si:
2313 1642 2414 1727 τήᾴ
2473 1658 2637 1713 πόλιν
2685 1657 2944 1721 εἰσιόντες
3010 1642 3274 1736 ἀσφαλῶς
3353 1642 3829 1731 συνεκλείσθησαν,

421 1756 672 1813 navibus
705 1762 883 1826 atque
914 1751 1192 1809 stabilitis
1222 1766 1502 1807 auroram
1548 1748 1873 1821 prmstolati
1907 1752 2062 1803 sunt.

422 1845 612 1901 Media
642 1849 816 1900 nocte
847 1844 1081 1916 Cygnus
1117 1841 1384 1912 quidam,
1435 1844 1721 1911 cognatus
1752 1835 1973 1892 Priami
2001 1852 2069 1892 ac

421 1934 589 1991 urbis
621 1933 878 1989 Neandri
902 1931 1201 1998 dominus,
1216 1946 1351 1984 cum
1370 1945 1586 2001 magna
1609 1927 1867 1982 militum
1890 1942 2073 1982 manu

418 2024 642 2082 adoriri
693 2024 925 2078 Graecos
975 2036 1176 2087 ausus,
1209 2018 1529 2073 commissa
1584 2031 1785 2088 pugna
1827 2015 1953 2086 ipse
1999 2014 2073 2069 ab

425 2113 648 2170 Achille
679 2112 911 2167 occisus
944 2115 1054 2172 est,
1080 2125 1147 2164 ac
1174 2107 1444 2179 plerique
1462 2106 1563 2176 qui
1585 2122 1719 2161 cum
1751 2105 1882 2177 ipso
1905 2109 2077 2159 erant

426 2200 723 2263 interfecti
757 2205 913 2254 sunt.
967 2199 1071 2253 Die
1122 2203 1273 2264 orta,
1307 2196 1590 2252 consil....
1631 2195 1818 2267 Trojaa
1868 2200 1928 2250 et
1972 2193 2075 2249 Ilio

428 2291 490 2348 in
549 2290 755 2344 orbem
816 2287 1311 2359 circumjacentes
1367 2283 1569 2352 urbes,
1625 2282 1786 2356 quod
1843 2282 2076 2338 Priamo

427 2378 885 2452 opitularentur,
921 2375 1300 2448 subegerunt.
1338 2372 1675 2439 Diomedes,
1696 2372 1873 2443 Tydei
1897 2370 2076 2438 filius,

424 2466 793 2531 Neandrnm,
824 2465 1008 2537 Cygni
1037 2463 1269 2531 urbem,
1302 2463 1459 2518 filios
1491 2462 1619 2532 ejus
1651 2466 1710 2516 et
1738 2462 2077 2516 universam

432 2557 723 2613 ditionem
801 2552 1219 2626 depopulatus,
1290 2551 1553 2625 praadam
1612 2551 1673 2605 in
1754 2550 1966 2606 castris
2018 2550 2081 2605 in

432 2646 698 2704 medium
729 2645 1003 2701 contulit.
1042 2643 1300 2699 Achilles
1330 2660 1467 2698 cum
1514 2640 1982 2714 Myrmidonibus
2020 2640 2082 2694 in

431 2735 685 2791 Lesbum
735 2739 795 2789 et
822 2733 1080 2787 vicinam
1130 2732 1436 2804 regionem
1480 2730 1857 2801 expeditione
1905 2728 2082 2794 facta,

431 2823 834 2878 Phorbantem
887 2836 1094 2876 eorum
1154 2821 1421 2875 locorum
1480 2818 1814 2883 dominum,
1865 2816 2085 2872 Priami

443 2909 979 2982 consanguineum,
1004 2908 1334 2971 interfecit;
1360 2907 1542 2962 ﬁliam
1565 2906 1694 2977 ejus
1720 2904 2086 2974 Diomedam,

2175 1747 2229 1801 οἱ
2290 1743 2348 1802 δὲ
2375 1747 2442 1802 τὰ
2486 1745 2658 1802 πλοῖα
2687 1749 2757 1822 τῇ
2811 1746 3071 1823 παραλίῳ
3125 1754 3226 1817 τῆς
3274 1747 3471 1824 Τροίας
3502 1748 3640 1824 ἀκτῇ
3697 1770 3832 1805 κατ-

2176 1834 2622 1914 ασφαλισάμενοι
2660 1834 2852 1911 ἔμενον
2880 1839 2982 1908 τήν
3007 1834 3102 1894 ἕω.
3138 1839 3269 1913 Περὶ
3311 1838 3475 1912 μέσας
3534 1836 3591 1894 δέ
3630 1837 3832 1901 νύκτας

2178 1924 2388 1987 Κύκνος
2417 1945 2500 1986 τις
2541 1921 2736 1998 ὄνομα,
2798 1927 3063 2002 συγγενὴς
3118 1922 3192 1981 ὤν
3248 1926 3500 2004 Πριάμου
3529 1928 3720 2006 ἄρχων
3779 1917 3839 1982 δὲ

2176 2012 2395 2077 πόλεως
2444 2011 2750 2090 Νεάνδρου,
2810 2015 2947 2089 μετὰ
2984 2014 3207 2071 πολλοῦ
3235 2013 3489 2087 πλήθους
3530 2014 3840 2090 πολεμικοῦ

2177 2104 2468 2176 τολμήσας
2500 2102 2720 2167 ἐπέθετο
2757 2105 2878 2160 κατ’
2908 2103 3107 2159 αὐτῶνο
3160 2100 3448 2178 συμϐολῆς
3515 2102 3572 2160 δι
3609 2104 3841 2182 γενομέα

2178 2213 2299 2264 νης,
2330 2191 2494 2254 αύτός
2521 2213 2582 2248 τε
2614 2190 2818 2255 Κύκνος
2879 2193 2984 2248 ὑπὸ
3040 2189 3351 2268 Ἀχιλλέως
3381 2194 3472 2248 καὶ
3530 2194 3582 2249 οἱ
3611 2192 3842 2255 πλείους

2180 2286 2288 2336 τῶν
2353 2284 2470 2355 μετ’
2525 2281 2692 2336 αὐτοῦ
2741 2282 3096 2357 ἀνῃρέθησαν.
3129 2281 3365 2358 Ἡμέρας
3430 2280 3489 2338 δὲ
3539 2282 3840 2357 γενομένης

2187 2367 2458 2446 βουλευ...
2494 2370 2589 2431 τὰς
2633 2369 2829 2443 κύκλῳ
2886 2369 3079 2433 πόλεις
3141 2369 3311 2428 Ἰλίου
3376 2371 3465 2426 καὶ
3521 2371 3712 2447 Τροίας
3760 2376 3845 2445 τῷ

2188 2459 2423 2533 Πριάμῳ
2467 2458 2874 2533 συμμαχούσας
2911 2460 3343 2533 παρεστήσαντο.
3399 2460 3499 2515 Καὶ
3530 2460 3559 2514 6
3593 2459 3688 2535 μὶν
3741 2464 3843 2515 τοῦ

2185 2544 2406 2609 Τυδέως
2465 2547 2581 2609 υίὸς
2644 2544 2935 2620 Διομήδης
2991 2549 3093 2618 τήν
3144 2553 3242 2604 τοῦ
3300 2548 3593 2625 εἰρημένου
3634 2549 3842 2604 Κύκνου

2188 2634 2359 2692 πόλιν
2387 2632 2660 2712 Νέανδρον
2690 2636 2784 2691 καὶ
2813 2637 2943 2698 τοὺς
2971 2635 3124 2701 υἱοὺς
3151 2638 3242 2693 καὶ
3287 2639 3388 2707 τήν
3437 2638 3625 2714 Χώραν
3674 2638 3845 2694 αὐτοῦ

2190 2729 2362 2781 πᾶσαν
2422 2726 2800 2799 προνομεύσας
2870 2727 2960 2782 καὶ
3015 2725 3374 2803 καταδῃώσας
3430 2728 3509 2790 εἰς
3557 2728 3621 2783 τὸ
3681 2727 3847 2802 μέσον

2193 2814 2366 2891 ἤγαγε
2394 2814 2492 2872 τοῦ
2524 2819 2780 2892 στρατοῦ,
2828 2813 3130 2892 ’Δχιλλεῦς
3179 2814 3236 2872 δὲ
3286 2816 3421 2871 κατὰ
3480 2811 3687 2872 Λέσϐου
3751 2816 3847 2871 καὶ

2190 2913 2294 2976 τῆς
2329 2906 2416 2960 ὑπ’
2449 2904 2616 2976 αὐτὴν
2649 2906 2842 2982 χώρας
2900 2906 3036 2978 μετὰ
3087 2909 3193 2961 τῶν
3225 2903 3588 2982 Μυρμιδόνων
3619 2905 3849 2982 ἐκστραο

444 3016 579 3056 cum
611 2997 810 3071 praada
839 3013 1018 3069 quam
1049 3014 1122 3052 ex
1164 3003 1286 3052 tota
1330 2997 1442 3050 ista
1490 2996 1728 3067 regione
1775 3000 1993 3068 egerat,
2025 2995 2083 3050 in

2195 2993 2362 3064 τεύει,
2390 2994 2480 3048 καὶ
2516 2988 2810 3066 Φόρϐαντα
2871 2994 2965 3067 μὲν
3010 2993 3105 3049 τὸν
3151 2993 3439 3071 τοπάρχην
3494 2993 3668 3050 αὐτῶν
3722 3014 3850 3071 συγ-

447 3093 641 3145 castra
668 3086 938 3143 adduxit.
968 3085 1109 3141 lnde
1133 3085 1206 3141 ad
1240 3085 1562 3156 Lyrnesum
1593 3083 1780 3153 duxit,
1833 3100 2084 3155 eamque

443 3176 655 3234 urbem
687 3177 864 3249 cepit,
890 3180 949 3232 et
976 3176 1281 3230 Eetionem
1313 3175 1441 3246 ejus
1472 3174 1803 3246 principem
1832 3173 2080 3228 occidit:

443 3283 689 3324 uxorem
711 3267 841 3339 ejus
870 3269 1279 3336 Astynomam,
1306 3280 1437 3334 quas
1465 3268 1524 3318 et
1542 3262 1817 3334 Chryseis
1846 3261 2086 3331 dicitur,

446 3357 632 3413 filiam
662 3357 936 3428 Chryseaa
960 3354 1285 3410 sacerdotis
1307 3352 1615 3424 Apollinis,
1640 3368 1775 3408 cum
1806 3352 2086 3408 omnibus

445 3446 657 3519 opibus
673 3447 804 3518 ejus
824 3444 1063 3500 urbisin
1077 3450 1268 3500 castra
1282 3443 1526 3499 abduxit
1546 3449 1723 3515 atque
1736 3444 1799 3499 in
1821 3443 2087 3500 medium

444 3534 713 3593 contilut.
748 3536 959 3589 Postea
987 3533 1062 3588 ad
1093 3532 1431 3606 Legopolim
1480 3531 1791 3589 contendit
1815 3533 2083 3605 pueris...

444 3624 592 3680 Brisi
624 3623 811 3678 filiam
843 3621 1315 3695 Hippodameim,
1350 3638 1596 3677 uxorem
1643 3624 1937 3694 Amyntas,
1985 3622 2084 3694 qui

442 3729 693 3787 regnum
722 3713 785 3768 in
816 3728 887 3768 ea
914 3711 1060 3767 urbe
1088 3711 1349 3769 tenebat.
1375 3711 1428 3766 Is
1451 3717 1593 3767 tunc
1608 3710 1832 3767 aberat.
1856 3717 1935 3767 Ac
1956 3716 2090 3783 post

444 3803 645 3860 ascitis
674 3802 957 3858 adversus
988 3802 1219 3857 Graecos
1245 3800 1556 3872 Lyciorum
1586 3801 1741 3857 222
1771 3805 1830 3855 et
1869 3802 2089 3873 Lycao-

442 3909 588 3949 num
618 3891 872 3959 auxiliis,
922 3906 1137 3964 magna
1165 3906 1301 3946 cum
1341 3889 1653 3945 hominum
1698 3889 1873 3945 turba
1927 3890 2085 3961 gravi

443 3984 533 4039 ira
576 3983 834 4054 percitus
876 3979 1072 4036 rediit.
1122 3979 1209 4034 lbi
1258 3996 1395 4035 cum
1440 3979 1667 4034 Achille
1713 3995 2084 4052 congressus,

444 4086 639 4141 neque
671 4069 808 4124 ﬁliai
831 4068 1086 4140 filiisque
1109 4067 1315 4123 eturbi
1348 4083 1470 4122 suas
1492 4066 1813 4137 quicquam
1844 4067 2085 4138 profuit,

446 4165 506 4214 et
534 4159 659 4230 ipse
703 4174 838 4213 cum
880 4157 1146 4213 exercitu
1193 4173 1299 4210 suo
1348 4155 1697 4210 interfectus
1748 4159 1858 4209 est.
1894 4155 2089 4210 Divisa

444 4246 603 4299 inter
618 4244 839 4299 milites
860 4243 1078 4315 praada.
1094 4241 1474 4312 Chryseidem
1499 4244 1929 4313 Agamemnon.
1946 4242 2085 4313 Hip—

447 4332 785 4405 podamiam
833 4330 1094 4385 Achilles
1144 4329 1373 4400 pellicis
1422 4329 1551 4384 loco
1600 4328 1875 4383 obtinuit.
1917 4331 2087 4384 Peste

448 4426 647 4475 autem
695 4418 1020 4473 exercitum
1074 4418 1414 4481 infestante,
1445 4417 1784 4472 Calchantis
1814 4418 2090 4474 vaticinio

449 4507 722 4579 Chryseis
734 4506 889 4579 patri
917 4507 1205 4565 redditur.
1227 4506 1551 4561 Briseidem
1564 4506 1775 4560 Achilli
1790 4510 2092 4579 Agamem-

449 4612 567 4652 non
590 4594 802 4662 ant‘ert,
826 4601 884 4649 et
898 4594 1245 4666 aliquandiu
1266 4610 1464 4650 secum
1490 4599 1671 4648 tenet.
1696 4594 2092 4660 Quamobrem

446 4684 711 4740 Achilles
740 4684 926 4739 iratus
958 4700 1019 4740 se
1047 4690 1107 4740 et
1125 4683 1521 4755 Myrmidonas
1540 4699 1574 4738 a
1598 4700 1796 4755 pugna
1823 4684 2092 4740 abstituit

446 4778 763 4850 tantisper,
824 4776 1012 4832 donec
1065 4780 1471 4849 Agamemnon
1512 4776 1784 4848 gravibus
1822 4777 2092 4834 cladibus

447 4867 687 4924 attritus
720 4865 923 4923 multis
955 4881 1091 4921 eum
1124 4864 1296 4920 donis
1324 4880 1392 4920 ac
1423 4863 1941 4935 deprecationibus
1960 4883 2091 4938 per-

446 4957 632 5015 movit
659 4961 726 5013 ut
755 4971 993 5011 rursum
1014 4970 1155 5010 cum
1185 4953 1400 5009 Graecis
1425 4953 1487 5007 in
1516 4954 1705 5009 aciem
1737 4955 2094 5026 exiret.Ajax

448 5054 649 5104 autem
687 5045 1066 5103 Telamonius
1085 5045 1339 5100 Thraces
1361 5043 1688 5110 obsidebat,
1714 5045 1892 5115 quiin
1913 5045 2090 5101 Cher-

444 5153 663 5193 roneso
694 5135 985 5191 habitant.
1020 5135 1167 5188 Eum
1198 5133 1419 5187 timens
1440 5148 1539 5187 rex
1572 5133 1786 5188 horum
1818 5133 2091 5204 Polyme-

2194 3088 2324 3158 γενῆ
2358 3082 2611 3157 Πριάμου
2670 3077 2796 3139 ὄντα
2850 3082 3079 3157 ἀναιρεῖ,
3139 3083 3239 3152 τήν
3289 3084 3456 3139 αὐτοῦ
3495 3080 3552 3140 δὲ
3580 3083 3848 3160 θυγατέρα

2194 3167 2481 3244 Διομήδην
2564 3171 2657 3225 καὶ
2715 3174 2892 3226 πᾶσαν
2946 3172 3046 3241 τήν
3119 3170 3307 3247 χώραν
3361 3171 3846 3250 λαφυραγωγήσας

2193 3260 2417 3334 ἤνεγκεν
2451 3258 2528 3321 είς
2555 3260 2648 3314 τὸν
2680 3258 2930 3335 στρατόν.
2968 3258 3133 3322 Αὖθις
3182 3257 3240 3316 δὲ
3297 3261 3435 3337 πρὸς
3486 3262 3586 3331 τήν
3619 3268 3846 3338 Λυρνη-

2196 3349 2288 3404 σὸν
2321 3349 2570 3425 ὁρμήσας
2601 3348 2692 3403 καὶ
2721 3350 2822 3418 τὴν
2873 3346 3038 3404 πόλιν
3096 3347 3259 3413 ἑλὼν,
3291 3351 3383 3405 καὶ
3439 3351 3705 3408 Ἠετίωνα
3748 3351 3847 3407 τὸν

2194 3438 2367 3507 αὐτῆς
2427 3435 2741 3512 πολιοῦχον
2786 3435 3019 3505 ἀνελὼν,
3078 3437 3166 3493 καὶ
3230 3439 3331 3508 τήν
3384 3445 3613 3515 γυναῖκα
3678 3439 3848 3495 αὐτοῦ

2196 3527 2538 3600 ’Δστυνόμην
2587 3528 2688 3596 τήν
2764 3525 2855 3582 καί
2914 3524 3220 3602 Χρυσηΐδα,
3306 3528 3574 3603 θυγατέρα
3628 3528 3847 3605 Χρύσου

2194 3616 2384 3691 ἱερέως
2414 3612 2795 3687 Ἀπόλλωνος,
2845 3614 3010 3687 έλὼν,
3067 3616 3156 3671 καὶ
3216 3616 3387 3672 πάντα
3450 3617 3542 3673 τὸν
3596 3616 3845 3675 πλοῦτον

2195 3706 2425 3783 ἐνεγκὼν
2470 3706 2547 3770 εἰς
2602 3708 2666 3762 τὸ
2709 3707 2875 3781 μέσον
2929 3708 3134 3764 τέθεικε
3183 3712 3283 3764 τοῦ
3334 3714 3585 3784 στρατοῦ.
3636 3712 3850 3768 Ἐντεῦ-

2194 3797 2278 3852 θεν
2365 3795 2682 3875 ἐφορμήσας
2740 3798 2875 3852 κατᾶ
2928 3799 3031 3867 τῆς
3120 3795 3427 3877 λεγομένης
3483 3799 3850 3877 Λεγοπόλεως

2193 3890 2310 3948 τοῖς
2370 3883 2620 3942 παισὶ....
2682 3884 2881 3961 Βρίσου
2940 3884 3209 3963 θυγατέρα
3275 3884 3684 3961 Ἱπποδάμειαν,
3744 3906 3849 3964 γυ-

2194 3979 2349 4029 ναῖκα
2380 3974 2542 4029 οὖσαν
2575 3973 2850 4046 ’Δμύντου
2883 3973 3155 4049 βασιλέως
3184 3973 3398 4046 ἐκείνης
3451 3983 3554 4047 τῆς
3601 3975 3845 4047 πόλεως,

2196 4064 2256 4127 ὅς
2283 4061 2350 4117 ού
2382 4069 2559 4137 παρῆν
2590 4064 2735 4121 τότε.
2769 4063 2916 4119 Μετᾶ
2939 4068 3112 4120 ταῦτα
3170 4061 3228 4119 δὶ
3284 4063 3522 4128 Λυκίους
3576 4066 3666 4121 καὶ
3726 4071 3847 4123 Λυ-

2193 4151 2394 4213 κάονας
2422 4150 2559 4207 κατὰ
2585 4155 2695 4206 τῶν
2741 4150 3030 4223 Ἑλλήνων
3088 4152 3165 4216 εἷς
3230 4156 3554 4230 συμμαχίαν
3587 4152 3847 4211 ἐπικαλε-

2197 4243 2449 4316 σάμενος,
2508 4239 2698 4310 ἐπειδή
2756 4242 2857 4312 ἧκε
2913 4242 3006 4297 σὺν
3062 4240 3225 4319 ὄχλῳ
3285 4243 3484 4318 πολλῷ
3540 4245 3629 4301 καὶ
3684 4249 3849 4319 θυμῷ

2200 4333 2378 4407 βαρεῖ,
2408 4335 2488 4402 τῷ
2521 4329 2785 4409 Ἀχιλλεῖ
2812 4327 3113 4405 συμϐαλὼν
3141 4333 3206 4388 οὐ
3242 4333 3408 4406 μόνον
3451 4336 3551 4404 τὴν
3585 4334 3851 4412 θυγατέρα

2200 4422 2289 4476 καὶ
2317 4420 2448 4483 τοὺς
2478 4418 2747 4499 ἀδελφοὺς
2806 4420 2974 4491 αὐτῆς
3000 4421 3091 4477 καὶ
3140 4424 3239 4493 τὴν
3272 4423 3442 4478 αὐτοῦ
3472 4423 3633 4479 πόλιν
3692 4422 3850 4479 οὐδὲν

2204 4511 2432 4581 ὤνησεν,
2483 4507 2631 4565 ἀλλὰ
2677 4508 2770 4564 καὶ
2827 4508 2988 4574 αὐτὸς
3042 4511 3134 4564 καὶ
3192 4513 3247 4565 οἱ
3308 4510 3400 4566 σὺν
3456 4510 3603 4584 αὖτῷ
3656 4516 3856 4575 πάντες

2204 4596 2361 4675 ἔργον
2416 4599 2667 4672 πολέμου
2720 4599 2988 4677 γεγόνασι.
3050 4601 3154 4657 Καὶ
3212 4602 3283 4657 τά
3342 4601 3439 4675 μὶν
3480 4599 3627 4658 ἃλλα
3677 4603 3856 4658 πάντα

2198 4694 2280 4762 τῷ
2309 4691 2524 4762 στρατῷ
2562 4685 2848 4762 ἐμερίσθη,
2907 4690 3008 4758 τὴν
3067 4685 3125 4744 δί
3180 4687 3462 4763 Χρυσηΐδα
3527 4695 3556 4746 6
3618 4691 3857 4769 Ἀγαμέ-

2206 4800 2378 4852 μνων,
2406 4773 2794 4851 Ἱπποδάμειαν
2831 4774 2890 4832 δέ
2938 4779 3039 4847 τὴν
3076 4779 3165 4833 καὶ
3199 4777 3467 4850 Βρισηΐδα
3496 4781 3526 4836 6
3556 4778 3854 4846 Ἀχιλλεὺς

2202 4864 2354 4943 λόγῳ
2412 4864 2710 4941 ἐκράτησαν
2796 4863 3116 4923 παλλακῶν.
3177 4866 3505 4941 Λοιμώδους
3569 4868 3625 4925 δὲ
3688 4871 3854 4927 νόσου

2200 4956 2542 5031 ἔνσκηψάσης
2588 4961 2669 5030 τῷ
2699 4960 2933 5033 στρατῷ,
2984 4960 3053 5029 τῇ
3110 4961 3207 5013 τοῦ
3264 4957 3587 5034 Κάλχαντος
3626 4963 3856 5035 μαντεία

2202 5045 2450 5122 Χρυσηῒς
2502 5051 2584 5119 τῷ
2640 5046 2804 5121 πατρὶ
2834 5042 3176 5117 ἀποδίδοται,
3227 5047 3491 5123 Βρισηΐδα
3520 5046 3579 5104 δέ
3608 5051 3707 5119 τήν
3752 5055 3855 5105 τοῦ

2198 5133 2514 5210 Ἀχιλλέως
2587 5134 2894 5212 ἀφαιρεῖται
2964 5134 3330 5209 Ἀγαμέμνων
3415 5135 3547 5212 ἄχρι
3631 5142 3852 5211 καιροῦ.

1652 5255 2015 5312 XYLANDRI
2054 5259 2140 5314 ET
2178 5258 2395 5314 GOABI
2432 5258 2656 5315 ΝΟΤΑΞ.

517 5374 634 5444 (99)
666 5370 1004 5454 De.litte’ris
1040 5373 1393 5454 Graacishest
1429 5370 1594 5454 alius
1653 5374 2096 5454 commentandi
2207 5373 2555 5454 oriundum_
2585 5380 2819 5454 constat
2866 5391 2935 5430 ex
2991 5375 3258 5454 probatis
3312 5376 3690 5454 auctoribus;
3722 5395 3860 5454 qua;

448 5442 620 5518 locus
648 5443 859 5518 aptior.
893 5444 1183 5518 Caeterum
1223 5442 1447 5518 aliquot
1477 5442 1758 5518 deinceps
1777 5444 1919 5518 loca
1958 5452 2099 5501 sunt
2205 5445 2404 5500 insula
2430 5451 2564 5517 post
2615 5445 2894 5501 Helenam
2949 5442 3143 5518 prima
3184 5454 3273 5503 est
3330 5448 3403 5503 ab
3436 5449 3628 5505 Attica
3656 5442 3860 5506 Asiam

453 5514 686 5574 mutila.
719 5514 934 5583 quibus
955 5515 1274 5570 astericum
1298 5513 1518 5567 idcirco
1548 5513 1743 5569 allevi.
1776 5515 1916 5573 Χγι..

524 5586 603 5659 (1)
650 5584 781 5642 Χῖος
833 5584 1055 5659 vitiose
1098 5584 1474 5659 legitur_pro
1519 5587 1699 5659 Κεῖος·
1730 5592 1837 5659 aut
1884 5588 2094 5659 saltem

447 5653 659 5715 auctor
717 5653 968 5709 erravit:
1018 5655 1132 5709 Ceo
1160 5653 1406 5721 'insula,
1452 5653 1600 5709 urbe
1653 5656 1845 5712 Julide
1910 5658 2093 5715 fuisse

2204 5533 2441 5598 versus;
2464 5518 2891 5598 Erroremrgn
2923 5526 3337 5598 annotassem;
3384 5519 3499 5575 nisi
3548 5522 3862 5595 pervulga-

2204 5594 2332 5643 tum
2363 5587 2542 5643 etiam
2571 5588 2632 5643 in
2662 5587 2795 5644 aliis
2826 5588 2996 5645 libris
3026 5590 3263 5646 scirem.
3296 5590 3431 5645 XYL.
