4186 6190
38 1682 41 1765 Ι

38 1970 39 2061 ι

38 2142 41 2186 r

294 306 415 367 357

1449 301 1995 364 HISTORIARUM
2041 301 2596 375 COMPENDIUM.

3588 318 3706 380 258

292 442 569 504 Ἐντεῦθεν
616 437 895 501 χολωθεὶς
968 435 1268 517 Ἀχιλλεὺς
1321 437 1595 524 ἀπεσχετο
1657 435 1792 510 μετᾶ
1838 440 1946 489 τῶν

2071 450 2189 500 stor
2232 446 2361 501 auri
2412 448 2664 505 multum
2686 448 2799 522 ipsi
2822 449 3006 512 dedit,
3032 455 3382 524 tantumque
3423 450 3707 507 frumenti

296 526 659 605 ὶιυρμιδόνων
699 532 797 583 τοῦ
825 529 947 590 τοῖς
976 527 1159 601 Τρωσὶ
1201 526 1486 602 πολεμεῖν,
1543 521 1647 589 ἕως
1699 526 1957 601 ἰσχυροῖς

295 628 567 701 πολέμοις
609 627 833 703 ὕστερον
890 628 1107 698 οἱπερὶ
1156 628 1248 682 τὸν
1306 627 1683 703 Ἀγαμέμνονα
1737 645 1956 681 κατανιη

297 719 539 791 κώμενοι
565 714 769 790 δώροις
809 714 1043 779 πολλοῖς
1075 716 1163 771 καὶ
1220 714 1610 791 παρακλὼεσιν
1669 711 1955 783 ἐδυτώπη-

301 828 394 862 σαν
453 805 617 861 αὐτον
668 802 906 875 ἒξελθεῖν
963 806 1082 876 μετ’
1130 804 1329 860 αὐτῶν.
1360 802 1495 866 Αἴας
1535 801 1592 859 δὲ
1622 800 1954 878 ὁΤελαμώ-

296 915 410 956 νιος
448 895 587 969 πρὸς
618 891 746 955 τοὺς
776 891 832 948 ἐν
890 892 1231 969 Χεῤῥονήσῳ
1263 896 1473 968 Θρᾷκας
1505 892 1794 970 γενόμενος
1822 893 1956 947 ἐπο-

304 983 536 1060 λιόρυει’
570 978 629 1038 ὅν
692 982 1075 1058 Πολυμήστωρ
1107 983 1136 1038 ὁ
1163 982 1371 1038 τούτων
1403 980 1662 1058 βασιλεὺς
1692 976 1956 1059 φοϐηθεῖς

302 1073 508 1149 χρυσὸν
554 1069 739 1127 ἐδίδου
798 1070 989 1143 πολὺν,
1042 1070 1134 1126 καὶ
1198 1076 1345 1127 σῖτον
1391 1074 1649 1126 τοσοῦτον
1697 1070 1821 1126 ὅσον
1878 1073 1958 1141 τῷ

302 1172 553 1248 Ἀχαϊκῷ
611 1175 825 1246 στρατῷ
873 1169 950 1235 εἰς
1017 1171 1258 1226 ἐνιαυτὸν
1327 1171 1627 1246 ἐξαρκέσαι.
1698 1171 1842 1249 Εἶχε
1899 1165 1957 1224 δὶ

302 1262 413 1319 ἰκεῖ
442 1258 778 1338 Πολύδωρον
833 1263 927 1317 τὸν
964 1262 1180 1317 πάντων
1235 1266 1344 1317 τῶν
1403 1262 1651 1334 Πριάμου
1698 1260 1957 1338 υίῶνᾼμι·

301 1353 586 1428 κρότερον,
646 1336 707 1406 ’ὀν
750 1350 1011 1407 παρέθετο
1066 1348 1470 1426 ΙΙαλυμήστορι
1528 1351 1776 1427 Πρίαμος
1827 1336 1961 1405 δίνα-

301 1447 593 1517 τραφῆναι·
654 1441 738 1514 [Ρ.
801 1442 925 1515 127]
980 1437 1111 1496 ἀλλ’
1158 1440 1323 1503 αὐτὸς
1394 1438 1552 1495 αὐτόν
1602 1436 1822 1495 ἔκδοτον
1877 1442 1959 1512 τῷ

310 1528 501 1588 Αἴαντι
533 1525 809 1600 δεδωκὼς,
850 1529 939 1584 καὶ
997 1527 1268 1606 ἐγγράφου
1316 1531 1586 1600 συνθήκας
1639 1528 1960 1598 πεποιηκὼς

309 1617 585 1694 μηδέποτε
610 1618 1022 1693 ὑπερμαχήσειν
1085 1618 1358 1694 Πριάμου,
1416 1617 1731 1676 άπιστεελεν
1777 1618 1958 1674 αὐτὸν.

300 1708 366 1766 Ὀ
397 1706 537 1768 Αἴας
597 1704 657 1761 δὲ
708 1706 906 1763 ἐκεῖθεν
965 1708 1218 1780 ὁρμήσας
1268 1708 1406 1782 πρὸς
1464 1707 1771 1782 Τεύθραντα
1821 1705 1961 1776 ἦλθε

300 1796 613 1870 τοπάρχην·
674 1795 734 1851 ’ὸν
784 1793 993 1851 ἀνελὼν
1046 1795 1137 1851 καὶ
1210 1796 1312 1864 τήν
1370 1795 1537 1852 αὐτοῦ
1584 1794 1749 1851 πόλιν
1799 1795 1957 1851 ὲκπο·

318 1884 617 1961 λιορκήσας
664 1883 754 1940 καὶ
800 1885 900 1953 τήν
952 1884 1232 1960 θυγατέρα,
1291 1886 1608 1958 Τέκμησσαν
1666 1884 1968 1965 αἰχμαλω-

315 1976 469 2037 τίσας
521 1973 697 2052 ἤγαγε
752 1994 927 2028 παντα
979 1975 1072 2030 τὸν
1144 1973 1383 2031 πλοῦτον
1437 1974 1629 2038 νυκτὸς
1711 1972 1799 2029 ἐπὶ
1876 1973 1968 2030 τὸν

311 2063 563 2136 στρατόν.
593 2066 674 2136 Τῇ
703 2067 831 2138 γοῦν
864 2063 988 2133 ἑξῆς
1017 2064 1207 2118 ἱστῶσι
1258 2063 1540 2119 κατέναντι
1595 2068 1697 2119 τοῦ
1750 2063 1968 2138 τείχους

312 2154 405 2208 τὸν
461 2150 796 2228 Πολύδωρον
832 2196 845 2220 ,
897 2152 987 2207 καὶ
1043 2157 1123 2225 τῷ
1180 2153 1411 2228 Πριάμῳ
1467 2149 1698 2225 δηλοῦσι
1756 2152 1968 2227 πέμψαι

317 2241 417 2310 τήν
449 2239 676 2310 Ἐλένην
728 2241 821 2296 καὶ
879 2235 1070 2297 λαϐεῖν
1129 2239 1314 2296 αὐτόν’
1373 2239 1464 2296 καὶ
1523 2239 1748 2317 εἷρήνης
1795 2261 1969 2315 κυρω-

310 2330 495 2400 θείσης
550 2329 857 2403 ἆπαίρομεν
919 2329 1177 2393 ἐντεῦθεν.
1237 2329 1446 2386 Τοότου
1496 2328 1553 2386 δὲ
1605 2332 1681 2404 μή
1743 2331 1968 2406 γινομε-

304 2440 421 2488 νου,
464 2417 785 2494 βλεπόντων
837 2416 899 2473 ἐκ
950 2423 1050 2474 τοῦ
1093 2418 1314 2494 τείχους
1380 2417 1616 2486 πάντων,
1663 2418 1756 2474 τὸν
1786 2418 1968 2475 Πολύ-

316 2513 490 2591 δωρον
520 2522 738 2572 ανεῖλον
760 2514 1106 2594 ὑπογραφεὺς
1118 2518 1185 2586 ἦν
1209 2517 1239 2571 ὁ
1269 2516 1460 2579 Δίκτυς
1485 2518 1580 2591 (2),
1603 2514 1744 2590 ἀνὴρ
1760 2513 1970 2588 ἀειόΑο-

316 2605 542 2681 τος-γκαῖ
574 2606 792 2669 συνετὸς
819 2605 878 2667 ’ὀς
910 2604 1018 2659 ἀπὸ
1046 2611 1147 2673 τῆς
1195 2607 1422 2680 Κρήτης
1477 2610 1595 2667 τοῖς
1653 2602 1742 2658 ἐπὶ
1797 2603 1968 2661 Ἴλιον

306 2694 505 2763 ἥκουσι
538 2695 1004 2768 συνεστρατεύετο.
1047 2692 1223 2758 Οὗτος
1250 2695 1342 2748 τὸν
1389 2698 1491 2749 τοῦ
1548 2693 1799 2767 πολέμου
1828 2694 1970 2769 χρό-

314 2804 406 2839 νον
436 2781 609 2839 πᾶντα
640 2784 814 2839 συνὼν
841 2788 922 2856 τῷ
969 2780 1235 2858 Ἰδομενεῖ
1287 2783 1356 2839 τά
1408 2781 1971 2859 παρακολουθήσαντα

318 2874 495 2928 πάντα
523 2871 622 2928 ἀπ’
666 2874 849 2952 ἀρχῆς
907 2870 1040 2949 ἄχρι
1086 2873 1282 2936 τὲλους
1341 2873 1480 2947 μετὰ
1532 2872 1794 2944 ἀληθείας
1847 2893 1971 2928 συν-

312 2965 537 3039 ἀγραψε,
585 2961 679 3017 καὶ
732 2961 859 3024 τοὺς
920 2970 1275 3039 χαρακτῆρας
1332 2967 1441 3019 τῶν
1496 2964 1831 3044 προμάχων,
1893 2962 1969 3025 ὡς

308 3063 516 3127 πάντας
547 3062 827 3131 ἑωρακὼς,
863 3062 1141 3138 ὑπέγραψε
1192 3061 1284 3117 καὶ
1342 3057 1583 3138 ἀκριϐῶς
1641 3061 1969 3137 ὑπεμνημά-

303 3170 442 3207 τισε.
472 3148 612 3212 Τοὺς
643 3145 701 3203 δί
742 3149 975 3224 χρόνους
1032 3148 1122 3204 καὶ
1152 3150 1380 3242 ᾳτόπους
1436 3150 1526 3205 καὶ
1585 3150 1847 3242 τρόπουςΔ
1873 3149 1963 3204 καὶ
2004 3175 2048 3242 C

306 3239 377 3294 τά
414 3238 629 3295 ἑκείνου
685 3242 785 3294 τοῦ
839 3238 1094 3312 πολέμου
1148 3237 1447 3320 διασαφῶν,
1500 3241 1635 3314 μετά
1688 3235 1965 3316 ἀκριϐείας

306 3329 772 3406 ἱστοριόγραφῶν,
828 3329 919 3385 καὶ
995 3330 1113 3384 καθ’
1190 3326 1283 3385 ἕνα
1335 3335 1445 3385 τῶν
1504 3329 1787 3405 ἀρχόντων
1845 3330 1963 3403 μεθ’

308 3417 453 3472 ὅσων
481 3422 634 3489 νηῶν
665 3438 986 3494 παρεγενετο
1020 3418 1282 3488 συνέταξε.
1327 3420 1501 3476 Τοῦτο
1533 3416 1590 3475 δὶ
1635 3418 1723 3474 καὶ
1782 3417 1834 3474 ἐν
1892 3423 1962 3495 τῇ

320 3512 547 3591 δευτέρα
570 3519 670 3586 τῆς
702 3514 934 3579 Ἰλιάδος
982 3513 1233 3592 ῥαψῳδίᾳ
1287 3518 1413 3592 παρ’
1469 3518 1702 3592 Ὁμήρῳ
1754 3516 1966 3590 δηλοῦ-

300 3625 416 3663 ται.
450 3607 568 3664 Τοῦ
600 3603 658 3662 δὲ
687 3607 952 3680 Ἕκτορος
998 3606 1069 3661 τά
1118 3610 1226 3661 τῶν
1285 3603 1572 3678 Ἑλλήνων
1630 3606 1965 3683 στρατόπεδα

312 3694 736 3761 συνελαύνοντος
807 3694 899 3752 καί
970 3693 1218 3758 πολλοὺς
1266 3694 1620 3771 ἀναιροῦντος
1653 3699 1962 3774 ἠναγκάση-

306 3804 400 3838 σαν
458 3785 599 3859 πρὸς
658 3782 929 3864 Ἀχιλλέα
1003 3781 1526 3860 διακηρυκεῦσασθαι
1561 3829 1575 3843 .
1635 3783 1812 3849 Μόλις
1870 3784 1964 3841 οὗν

311 3872 454 3945 εἴξας
486 3872 814 3949 Πάτροκλον
882 3871 1069 3937 αὐτοῖς
1114 3871 1206 3928 τὸν
1268 3871 1528 3951 φίλαττον
1575 3873 1785 3949 ἑταῖρον
1831 3875 1968 3949 μετὰ

306 3967 417 4017 τῶν
454 3960 851 4037 Μυρμιδόνωνν
871 3959 1218 4019 ἁποστὲλλεισ
1251 3962 1342 4017 καί
1364 3964 1424 4026 ’ὀς
1456 3961 1684 4035 ἐξελθὼν
1716 3964 1965 4028 πολλοὺς

309 4060 406 4132 μὶν
469 4060 683 4134 ἀναιρεῖ
728 4063 839 4114 τῶν
907 4054 1219 4136 βαρϐάρων,
1266 4058 1393 4122 τοὺς
1448 4057 1507 4115 δὲ
1563 4058 1773 4133 διώκει,
1830 4064 1966 4139 πρὸς

307 4148 497 4209 αὐτοῖς
529 4144 589 4203 δὶ
616 4145 818 4210 πύλαις
844 4155 944 4218 τῆς
978 4147 1195 4211 πόλεως
1227 4148 1331 4203 ὕπὸ
1386 4154 1649 4224 ’Έκτορος
1703 4151 1965 4209 κτείνεται

310 4237 657 4312 μαχόμενος.
690 4236 895 4293 Ττοῦτο
942 4237 1127 4310 μαθὼν
1184 4236 1509 4316 Ἀχιλλεὺς,
1540 4239 1631 4294 κσὶ
1689 4241 1853 4317 γνοὺς
1882 4238 1967 4299 ὅτι

313 4323 493 4401 βουλή
524 4324 641 4382 ἐστι
671 4330 753 4398 τῷ
781 4328 1006 4401 Ἕκτορι
1046 4326 1236 4387 νυκτὸς
1292 4330 1360 4400 τῇ
1421 4325 1666 4402 βασιλίδι
1715 4335 1970 4396 Πενθεσι-

307 4423 427 4496 λείᾳ
483 4425 818 4493 ἀπαντῆσαι,
892 4422 1067 4501 λάθρα
1142 4423 1456 4502 προφθάσας
1540 4427 1656 4498 ἅμα
1710 4432 1788 4500 τῷ
1840 4427 1968 4505 ἱδέῳ

312 4517 526 4590 στρατῶ
554 4513 649 4568 καί
680 4512 999 4588 ἀποκρύψας
1032 4513 1222 4568 ὲαυτον
1280 4513 1374 4568 τὸν
1432 4516 1680 4587 ποταμὸν
1728 4522 1986 4594 περῶντα

308 4614 547 4688 Ἐκτορα
592 4611 812 4680 κτείνει,
862 4611 926 4668 οὐ
981 4611 1142 4684 μόνον
1188 4611 1373 4679 αὐτὸν,
1422 4610 1571 4668 ἀλλᾶ
1615 4614 1705 4669 καὶ
1766 4618 1972 4685 πάντας

309 4703 436 4764 τοὺς
492 4701 799 4776 ἑπομένους
855 4701 1024 4774 αὐτῷ,
1073 4701 1224 4771 πλὴν
1278 4700 1394 4764 ἐνὸς
1447 4702 1506 4756 ’ὀν
1561 4710 1970 4779 χειροκοπήσας

314 4791 549 4866 ἄγγελον
597 4789 811 4865 ἔπεμψε
876 4791 1127 4867 Πριάμῳ
1212 4789 1373 4855 αὐτὸς
1432 4787 1489 4847 δὲ
1542 4792 1606 4847 τὸ
1666 4798 1825 4868 σῶμα
1872 4802 1971 4853 τοῦ

315 4883 582 4956 ’Έκτορος
612 4878 808 4960 δίφρου
854 4879 1166 4955 ἐξηρτηκὼς
1226 4876 1460 4954 μηδενὸς
1512 4886 1623 4937 τῶν
1683 4883 1968 4957 Ἐλλήνων

318 4977 538 5049 γνόντος
624 4977 699 5040 εἰς
770 4977 871 5045 τήν
922 4975 1089 5032 αὐτοῦ
1159 4976 1363 5046 σκηνὴν
1432 4974 1546 5049 ἄγει
1593 4979 1702 5054 πρὸ
1757 4981 1969 5057 ἠμέρας

322 5064 678 5122 καταικισθέν.
711 5066 769 5120 '0
813 5062 872 5120 δὲ
899 5063 1148 5141 Πρίαμος
1178 5067 1247 5138 τῇ
1292 5065 1412 5135 ἑξῆς
1458 5072 1654 5141 σχῆμα
1706 5067 1971 5146 πένθιμον

320 5153 695 5227 περιθέμενος,
754 5152 958 5228 χρυσόν
1046 5173 1107 5209 τε
1190 5152 1281 5208 καὶ
1337 5150 1568 5229 ἄργυρον
1621 5156 1709 5211 καὶ
1768 5156 1972 5231 ἐσθῆτα

2065 540 2354 605 quantum
2385 538 2640 593 Achaico
2701 539 2983 594 exercitui
3042 538 3102 594 in
3132 556 3356 595 annum
3387 541 3709 596 sufﬁceret.

2067 624 2331 681 Habebat
2357 642 2558 683 secum
2590 627 2962 700 Polymestor
2992 629 3209 684 Priami
3244 629 3503 684 filiorum
3538 636 3712 686 aetate

2066 713 2382 770 minimum
2425 715 2805 788 Polydorum.
2865 717 2975 772 sibi
3029 734 3065 773 a
3116 723 3281 789 patre
3336 718 3711 774 educandum

2068 802 2370 859 traditum.
2403 805 2569 861 Hunc
2627 822 2864 877 quoque
2910 807 3073 879 Ajaci
3108 807 3370 875 tradidit,
3402 807 3710 878 fcedusque

2065 892 2351 964 scriptum
2383 896 2621 967 pepigit.
2647 912 2952 966 nanquam
2985 913 3047 951 se
3073 896 3307 951 Priamo
3351 913 3526 968 opem
3557 897 3715 953 latu-

2066 998 2233 1037 rum:
2265 983 2466 1053 itaque
2515 984 2755 1055 Ajacem
2786 990 3059 1055 pacatum
3099 984 3343 1041 dimisit.
3380 985 3528 1056 Ajax
3574 985 3713 1040 inde

2066 1069 2141 1126 ad
2184 1071 2606 1128 Teuthrantem
2649 1073 2920 1145 regulum
2981 1088 3042 1127 se
3096 1074 3369 1141 contulit,
3429 1090 3609 1145 quem
3658 1080 3718 1130 et

2067 1160 2316 1227 necavit,
2343 1161 2554 1217 urbem
2576 1161 2705 1231 ejus
2728 1162 3100 1234 sxpugnavit,
3126 1161 3431 1232 ﬁliamque
3454 1163 3721 1219 Tecmes-

2068 1264 2195 1304 sam
2226 1250 2515 1321 captivam
2564 1250 2831 1317 abduxit,
2884 1268 2951 1306 ac
3009 1256 3191 1306 noctu
3249 1267 3458 1305 omnes
3489 1266 3633 1322 opes
3656 1250 3719 1306 in

2067 1344 2261 1395 castra
2299 1339 2633 1396 Graecorum
2689 1341 2940 1396 advexit.
2992 1340 3282 1396 Postridie
3338 1339 3492 1395 223
3535 1338 3717 1394 Graeci

2066 1426 2420 1499 polydorum
2450 1430 2736 1502 eregione
2769 1430 2921 1485 muri
2944 1428 3332 1494 constituuni,
3358 1428 3712 1499 Priamoque

2067 1516 2487 1589 signiﬁcantut
2514 1519 2799 1574 Helenam
2830 1517 3040 1574 reddat
3092 1519 3400 1590 filiumque
3431 1517 3714 1589 recipiat:

2069 1620 2138 1659 eo
2167 1606 2320 1661 facto
2348 1621 2411 1660 se
2428 1623 2572 1677 pace
2597 1607 2948 1662 confirmata
2964 1606 3206 1662 domum
3230 1606 3526 1662 redituros
3571 1606 3721 1662 Cum

2069 1692 2131 1747 id
2160 1710 2281 1749 non
2311 1693 2833 1765 conseque'aentur,
2864 1696 3140 1751 omnibus
3170 1695 3243 1751 de
3276 1712 3445 1751 muro
3478 1696 3721 1768 conspic

2000 1805 2044 1870 Β
2073 1781 2371 1838 cientibus
2398 1784 2755 1855 Polydorum
2785 1784 2979 1855 gladio
3012 1784 3355 1840 trucidiant.
3396 1785 3722 1853 Idomenei,

2075 1872 2176 1942 qui
2208 1888 2365 1927 unus
2404 1873 2478 1929 de
2526 1872 2775 1928 ducibus
2833 1874 3169 1929 Graecorum
3227 1874 3358 1939 fuit,
3390 1873 3585 1929 scriba
3614 1874 3727 1928 fuit

2076 1960 2295 2033 Dictys,
2327 1962 2415 2017 vir
2442 1961 2760 2033 praeclarus
2791 1967 2849 2016 et
2878 1961 3163 2034 prudens.
3199 1962 3355 2017 inter
3382 1978 3486 2017 eos
3516 1962 3617 2033 qui
3650 1979 3724 2018 ex

2074 2050 2248 2106 Creta
2275 2050 2350 2107 ad
2378 2051 2555 2107 Ilium
2585 2051 2728 2107 belli
2760 2068 2940 2107 causa
2994 2051 3242 2122 profecti
3299 2057 3457 2107 sunt.
3490 2053 3545 2106 Is
3602 2057 3725 2107 toto

2073 2138 2215 2195 belli
2248 2147 2515 2213 tempore
2545 2157 2682 2196 cum
2708 2140 3025 2196 Idomeneo
3047 2140 3178 2205 fuit,
3199 2146 3257 2196 et
3276 2141 3547 2196 omnium
3568 2157 3727 2211 quaa-

2076 2245 2309 2300 cunque
2328 2228 2399 2284 ab
2422 2229 2592 2284 initio
2616 2229 2690 2285 ad
2722 2229 2903 2284 ﬁnem
2934 2245 3121 2301 usque
3152 2234 3315 2302 gesta
3345 2235 3505 2294 sunt,
3527 2246 3726 2285 veram

2076 2317 2383 2373 historiam
2415 2317 2785 2389 conscripsit.
2823 2319 3108 2373 Ductores
3138 2317 3317 2372 etiam
3367 2317 3726 2383 Graecorum,

2076 2422 2226 2477 quos
2256 2421 2465 2460 omnes
2494 2406 2742 2473 viderat,
2764 2406 2887 2460 suis
2915 2420 3212 2477 quemque
3241 2405 3400 2460 notis
3436 2406 3729 2476 expressif

2075 2500 2468 2565 accurateque
2508 2493 2779 2565 depinxit
2809 2510 2826 2560 ;
2860 2499 3129 2565 tempora
3158 2509 3417 2564 quoque,
3450 2492 3582 2548 loca
3610 2493 3727 2547 cir-

2076 2585 2582 2656 cumstantiasque
2604 2601 2814 2640 omnes
2835 2584 3106 2639 omnium
3129 2600 3262 2655 qum
3287 2582 3392 2638 illo
3414 2582 3572 2639 bello
3595 2598 3727 2637 eve-

2075 2680 2312 2742 nerunt,
2337 2675 2649 2747 perspicue
2670 2674 2993 2740 annotavit,
3028 2680 3087 2728 et
3116 2678 3259 2744 quot
3282 2673 3535 2744 quisque
3562 2671 3727 2743 prin-

2077 2763 2275 2835 cipum
2297 2779 2474 2819 naves
2498 2779 2699 2820 secum
2728 2763 3078 2828 adduxerit;
3112 2761 3271 2832 quod
3298 2762 3493 2832 ipsum
3540 2761 3721 2816 etiam

2077 2851 2151 2908 ab
2175 2853 2428 2907 Homero
2454 2858 2543 2907 est
2573 2853 2636 2908 in
2670 2853 2819 2907 libro
2850 2850 3114 2908 secundo
3136 2850 3339 2906 Iliadis
3369 2850 3724 2922 expositum.

2076 2941 2386 2997 Enimvero
2417 2957 2550 2996 cum
2586 2942 2800 2997 Hector
2856 2941 3193 2996 Graecorum
3243 2939 3443 3011 copias
3490 2944 3730 3012 urgeret

2076 3029 2416 3101 multosque
2446 3029 2830 3095 interficeret,
2862 3029 3051 3085 coacti
3095 3034 3235 3084 sunt
3265 3029 3444 3084 (ἕτωοὶ
3478 3027 3730 3083 Achillis

2078 3136 2251 3192 opem
2265 3119 2464 3175 missis
2476 3119 2685 3192 legatis
2696 3118 3015 3192 implorare
3038 3118 3207 3189 isque
3223 3134 3375 3190 (egre
3389 3117 3725 3172 concedens

2076 3208 2415 3264 Patroclum
2438 3225 2612 3264 suum
2632 3208 3049 3264 cbarissimum
3073 3207 3301 3263 socium
3325 3222 3460 3261 cum
3482 3205 3721 3277 Myrmi-

2070 3296 2326 3354 donibus
2356 3297 2555 3353 mittit.
2579 3297 2887 3354 Patroclus
2908 3296 3112 3352 multis
3141 3294 3534 3351 Barbarorum
3556 3292 3723 3365 deje-

2070 3386 2202 3453 ctis,
2226 3386 2374 3441 alios
2394 3386 2690 3459 fugientes
2712 3401 3101 3458 persequens,
3124 3383 3200 3440 ad
3216 3384 3375 3454 ipsas
3397 3382 3563 3438 urbis
3585 3400 3723 3454 por-

2073 3480 2160 3531 tas
2193 3492 2458 3548 pugnans
2487 3475 2559 3531 ab
2592 3477 2838 3531 Hectore
2866 3474 3250 3530 interimitur.
3272 3471 3338 3527 Id
3351 3472 3451 3528 ubi
3482 3471 3720 3527 Achiles

2072 3565 2380 3636 comperit,
2415 3581 2483 3620 ac
2532 3571 2821 3636 praeterea
2869 3563 3150 3619 statuisse
3199 3563 3511 3617 Hectorem
3542 3566 3721 3616 noctu

2070 3652 2290 3724 reginas
2322 3652 2711 3707 Penthesileaa
2762 3651 2995 3707 obviam
3053 3651 3160 3717 ire,
3218 3650 3373 3705 clam
3413 3654 3723 3720 amecapta

2072 3740 2512 3811 opportunitate
2533 3756 2669 3796 cum
2691 3757 2797 3795 suo
2814 3740 3079 3795 exercitu
3101 3739 3163 3792 in
3186 3738 3419 3793 insidiis
3443 3754 3505 3792 se
3537 3736 3722 3811 abdit,

2076 3832 2503 3902 Hectoremque
2524 3829 2769 3884 fluvium
2788 3833 3192 3884 transcuntem
3209 3826 3490 3882 interﬁcit
3505 3841 3725 3896 :neque

2071 3921 2274 3993 ipsum
2301 3921 2457 3977 που
2484 3920 2685 3986 modo,
2717 3918 2821 3974 sed
2850 3923 2909 3974 et
2952 3934 3160 3974 omnes
3220 3916 3319 3986 qui
3344 3916 3397 3972 ei
3454 3915 3723 3985 aderant,

2073 4027 2192 4065 uno
2223 4009 2484 4081 dempto,
2507 4025 2686 4079 quem
2703 4008 2969 4081 prmcisis
2992 4005 3267 4062 manibus
3290 4004 3523 4060 Priamo
3538 4004 3725 4059 cladis

2073 4098 2354 4154 nuntium
2376 4098 2578 4152 mittit.
2603 4100 2733 4170 Ipse
2754 4113 2969 4168 corpus
3000 4093 3266 4151 Hectoris
3282 4092 3481 4149 currui
3502 4107 3725 4164 appen-

2074 4204 2206 4243 sum
2226 4192 2644 4259 raptatumque
2673 4190 2810 4242 ante
2860 4184 3055 4241 lucem
3076 4184 3137 4238 in
3168 4199 3343 4238 suum
3372 4180 3722 4249 tentorium,

2074 4275 2314 4331 nemine
2335 4277 2673 4332 Graecorum
2694 4275 2939 4335 sciente.
2973 4272 3219 4345 perfert.
3250 4270 3540 4327 Postridie
3563 4270 3726 4327 Pria-

2076 4382 2210 4420 mus
2241 4364 2447 4420 habitu
2476 4364 2705 4438 lcgubri
2734 4368 2989 4434 sumpte,
3040 4377 3244 4417 secum
3276 4361 3473 4416 ferens
3505 4375 3719 4415 aurum

2075 4459 2383 4527 argentum
2413 4471 2481 4510 ac
2510 4455 2799 4526 pretiosas
2828 4456 3039 4518 vestes,
3072 4450 3299 4507 ducens
3316 4449 3495 4505 etiam
3521 4464 3725 4504 secum

2077 4546 2263 4601 ﬁliam
2296 4546 2680 4617 Polyxenam,
2710 4544 3036 4600 formosam
3067 4543 3380 4615 virginem,
3414 4545 3473 4596 et
3500 4539 3729 4595 Andro-

2078 4633 2350 4689 macham
2422 4634 2685 4690 Hectoris
2767 4649 3038 4701 uxorem,
3120 4631 3515 4703 parvulosque
3601 4627 3729 4698 ejus

2080 4720 2298 4776 ﬁliolas
2326 4724 2743 4793 Astyanactem
2774 4728 2831 4776 et
2873 4718 3355 4782 Laomedontem,
3409 4732 3590 4772 ausus
3641 4718 3734 4769 est

2080 4809 2238 4866 inter
2292 4811 2521 4867 medios
2571 4813 2906 4867 Graecorum
2964 4810 3266 4882 principes
3325 4823 3388 4862 se
3435 4806 3727 4876 ingerere,

2079 4915 2301 4971 eosque
2333 4900 2583 4972 supplex
2612 4916 2781 4956 orare
2810 4899 2897 4954 uti
2941 4916 3048 4970 pro
3106 4915 3170 4954 se
3217 4895 3374 4967 apud
3432 4891 3724 4949 Achillem

2079 4988 2494 5060 deprecatores
2512 4990 2821 5055 ﬁerent,ut
2840 4989 2891 5044 is
2914 4986 3180 5043 Hectoris
3202 5001 3417 5056 corpus
3436 4981 3733 5037 redimen-

2079 5077 2223 5134 dum
2255 5078 2442 5135 daret.
2474 5078 2694 5135 Miserti
2727 5082 2867 5134 sunt
2888 5076 3066 5141 senis,
3092 5090 3229 5130 cum
3261 5078 3500 5143 stupore
3541 5068 3730 5125 admi-

2080 5168 2193 5223 rati
2222 5168 2552 5236 audaciam,
2585 5169 2792 5223 Nestor
2839 5170 2899 5221 et
2931 5164 3322 5228 Idomeneus;
3382 5176 3450 5216 ac
3504 5160 3731 5231 priores

1490 5272 1850 5331 XYLANDRI
1906 5279 1993 5334 ET
2046 5282 2267 5337 GOARI
2310 5284 2534 5339 NOTAE.

390 5393 463 5483 ξε)
493 5395 559 5479 ξι)
592 5395 895 5483 auratus;
948 5390 1249 5483 Δίκῑυςιέε
1303 5393 1365 5447 οδ
1399 5395 1676 5483 ,Ὄθωνος
1717 5396 1970 5483 inter

390 5416 463 5463 μ)
493 5416 559 5449 ιιι
592 5416 894 5483 margine:
948 5416 1163 5455 οικτυς,
1197 5416 1249 5462 ες
1303 5416 1365 5447 ου
1447 5416 1491 5451 υ
1540 5416 1676 5479 ηρος
1717 5416 1820 5473 αφο
1906 5416 1970 5468 ην

324 5460 565 5538 εἰληφὼς
590 5466 691 5539 τὴν
740 5461 931 5539 έλιάδα
954 5463 1254 5535 συνέταξεν,
1288 5463 1422 5539 μετὰ
1452 5416 1539 5539 ρθέ
1554 5463 1647 5534 ἐτη
1686 5472 1786 5536 τῆς
1816 5416 1971 5526 Bith-

328 5535 707 5611 σεωςτροίας.
737 5537 853 5611 Ego
881 5543 947 5591 ut
974 5535 1331 5611 nonnegem
1352 5535 1562 5611 Dic'tyn
1593 5535 1771 5609 atque
1791 5544 1968 5600 etiam

330 5607 595 5665 Daretem
630 5607 940 5664 historiam
971 5608 1113 5665 belli
1143 5607 1380 5682 Trojani
1420 5607 1851 5684 composuisse,
1889 5616 1972 5673 ita

2080 5407 2425 5479 persuaderi
2459 5410 2604 5464 mihi
2636 5424 2941 5479 nunquam
2964 5407 3156 5479 patiar
3185 5410 3252 5460 ut
3280 5403 3381 5479 qui
3396 5400 3582 5479 hodie
3605 5398 3733 5479 istis

2077 5468 2274 5550 titulis
2296 5468 2800 5536 circumferuntur
2828 5468 3015 5550 libelli
3040 5493 3150 5550 pro
3158 5468 3445 5550 genuinis
3475 5476 3579 5529 aut
3618 5468 3733 5526 fide

2080 5548 2168 5605 vel
2200 5548 2382 5605 etiam
2416 5551 2569 5607 lectu
2600 5551 2798 5625 dignis
2828 5548 3102 5606 habeam.
3130 5548 3268 5605 X'YL.
