  <div class='ocr_page' id='page_1' title='image "/cluster/home/n/w/nwhite01/storage/ocr_20150623/121/hvd.32044073502478/135.png"; bbox 0 0 4188 6196; ppageno 0'>
   <div class='ocr_carea' id='block_1_1' title="bbox 462 346 582 406">
    <p class='ocr_par' dir='ltr' id='par_1_1' title="bbox 462 346 582 406">
     <span class='ocr_line' id='line_1_1' title="bbox 462 346 582 406; baseline 0 0"><span class='ocrx_word' id='word_1_1' title='bbox 462 346 582 406; x_wconf 73' lang='lat'>289</span> 
     </span>
    </p>
   </div>
   <div class='ocr_carea' id='block_1_2' title="bbox 1822 335 2526 397">
    <p class='ocr_par' dir='ltr' id='par_1_2' title="bbox 1822 335 2526 397">
     <span class='ocr_line' id='line_1_2' title="bbox 1822 335 2526 397; baseline -0.001 0"><span class='ocrx_word' id='word_1_2' title='bbox 1822 335 2136 397; x_wconf 79' lang='lat' dir='ltr'>GEORGII</span> <span class='ocrx_word' id='word_1_3' title='bbox 2183 335 2526 397; x_wconf 79' lang='lat' dir='ltr'>CEDRENI</span> 
     </span>
    </p>
   </div>
   <div class='ocr_carea' id='block_1_3' title="bbox 3765 342 3887 404">
    <p class='ocr_par' dir='ltr' id='par_1_3' title="bbox 3765 342 3887 404">
     <span class='ocr_line' id='line_1_3' title="bbox 3765 342 3887 404; baseline 0.008 -1"><span class='ocrx_word' id='word_1_4' title='bbox 3765 342 3887 404; x_wconf 71' lang='lat'>260</span> 
     </span>
    </p>
   </div>
   <div class='ocr_carea' id='block_1_4' title="bbox 467 463 2104 551">
    <p class='ocr_par' dir='ltr' id='par_1_4' title="bbox 467 471 2104 549">
     <span class='ocr_line' id='line_1_4' title="bbox 467 471 2104 549; baseline -0.006 -15"><span class='ocrx_word' id='word_1_5' title='bbox 467 478 581 549; x_wconf 91' lang='lat' dir='ltr'>ipsi</span> <span class='ocrx_word' id='word_1_6' title='bbox 613 477 675 535; x_wconf 92' lang='lat' dir='ltr'>in</span> <span class='ocrx_word' id='word_1_7' title='bbox 709 478 951 537; x_wconf 85' lang='lat' dir='ltr'>Achillis</span> <span class='ocrx_word' id='word_1_8' title='bbox 980 475 1228 548; x_wconf 88' lang='lat' dir='ltr'>ingressi</span> <span class='ocrx_word' id='word_1_9' title='bbox 1278 475 1601 531; x_wconf 81' lang='lat' dir='ltr'>tentorium</span> <span class='ocrx_word' id='word_1_10' title='bbox 1657 471 2001 529; x_wconf 88' lang='lat' dir='ltr'>obtinerunt</span> <span class='ocrx_word' id='word_1_11' title='bbox 2041 474 2104 525; x_wconf 90' lang='lat' dir='ltr'>ut</span> 
     </span>
    </p>
   </div>
   <div class='ocr_carea' id='block_1_5' title="bbox 2207 463 3891 551">
    <p class='ocr_par' dir='ltr' id='par_1_5' title="bbox 2222 463 3891 548">
     <span class='ocr_line' id='line_1_5' title="bbox 2222 463 3891 548; baseline 0 -20"><span class='ocrx_word' id='word_1_12' title='bbox 2222 469 2503 545; x_wconf 83' lang='grc' dir='ltr'>πολυτελῇ</span> <span class='ocrx_word' id='word_1_13' title='bbox 2592 463 2777 525; x_wconf 71' lang='grc' dir='ltr'>λαόὼν</span> <span class='ocrx_word' id='word_1_14' title='bbox 2862 465 2920 524; x_wconf 73' lang='grc' dir='ltr'>δὶ</span> <span class='ocrx_word' id='word_1_15' title='bbox 2991 470 3079 525; x_wconf 78' lang='grc' dir='ltr'>καὶ</span> <span class='ocrx_word' id='word_1_16' title='bbox 3185 472 3284 541; x_wconf 78' lang='grc' dir='ltr'>τήν</span> <span class='ocrx_word' id='word_1_17' title='bbox 3367 471 3631 548; x_wconf 54' lang='grc' dir='ltr'>θυῃτιρα</span> <span class='ocrx_word' id='word_1_18' title='bbox 3707 472 3891 530; x_wconf 78' lang='grc' dir='ltr'>Πολυο</span> 
     </span>
    </p>
   </div>
   <div class='ocr_carea' id='block_1_6' title="bbox 470 560 2116 635">
    <p class='ocr_par' dir='ltr' id='par_1_6' title="bbox 470 560 2116 635">
     <span class='ocr_line' id='line_1_6' title="bbox 470 560 2116 635; baseline -0.005 -14"><span class='ocrx_word' id='word_1_19' title='bbox 470 568 774 625; x_wconf 87' lang='lat' dir='ltr'>Priamum</span> <span class='ocrx_word' id='word_1_20' title='bbox 804 567 1162 622; x_wconf 81' lang='lat' dir='ltr'>admitteret.</span> <span class='ocrx_word' id='word_1_21' title='bbox 1190 563 1463 620; x_wconf 78' lang='lat' dir='ltr'>Priamus</span> <span class='ocrx_word' id='word_1_22' title='bbox 1491 563 1682 635; x_wconf 90' lang='lat' dir='ltr'>capite</span> <span class='ocrx_word' id='word_1_23' title='bbox 1714 560 1951 632; x_wconf 80' lang='lat' dir='ltr'>pulvere</span> <span class='ocrx_word' id='word_1_24' title='bbox 1974 574 2116 614; x_wconf 72' lang='lat' dir='ltr'>con-</span> 
     </span>
    </p>
   </div>
   <div class='ocr_carea' id='block_1_7' title="bbox 464 648 2117 728">
    <p class='ocr_par' dir='ltr' id='par_1_7' title="bbox 464 648 2117 728">
     <span class='ocr_line' id='line_1_7' title="bbox 464 648 2117 728; baseline -0.006 -16"><span class='ocrx_word' id='word_1_25' title='bbox 464 673 691 728; x_wconf 85' lang='lat' dir='ltr'>sperso,</span> <span class='ocrx_word' id='word_1_26' title='bbox 726 672 967 726; x_wconf 89' lang='lat' dir='ltr'>unaque</span> <span class='ocrx_word' id='word_1_27' title='bbox 998 653 1420 709; x_wconf 80' lang='lat' dir='ltr'>Andromacha</span> <span class='ocrx_word' id='word_1_28' title='bbox 1449 670 1583 712; x_wconf 91' lang='lat' dir='ltr'>cum</span> <span class='ocrx_word' id='word_1_29' title='bbox 1603 651 1829 719; x_wconf 86' lang='lat' dir='ltr'>liberis,</span> <span class='ocrx_word' id='word_1_30' title='bbox 1853 648 2023 720; x_wconf 82' lang='lat' dir='ltr'><strong>proni</strong></span> <span class='ocrx_word' id='word_1_31' title='bbox 2055 649 2117 702; x_wconf 92' lang='lat' dir='ltr'>in</span> 
     </span>
    </p>
   </div>
   <div class='ocr_carea' id='block_1_8' title="bbox 2222 557 3885 639">
    <p class='ocr_par' dir='ltr' id='par_1_8' title="bbox 2222 557 3885 639">
     <span class='ocr_line' id='line_1_8' title="bbox 2222 557 3885 639; baseline -0.001 -20"><span class='ocrx_word' id='word_1_32' title='bbox 2222 566 2374 639; x_wconf 67' lang='grc' dir='ltr'>ξένην</span> <span class='ocrx_word' id='word_1_33' title='bbox 2451 558 2631 629; x_wconf 79' lang='grc' dir='ltr'>εὐειδῆ</span> <span class='ocrx_word' id='word_1_34' title='bbox 2705 558 2969 634; x_wconf 72' lang='grc' dir='ltr'>παρθένον</span> <span class='ocrx_word' id='word_1_35' title='bbox 3049 558 3140 614; x_wconf 83' lang='grc' dir='ltr'>καὶ</span> <span class='ocrx_word' id='word_1_36' title='bbox 3216 557 3611 637; x_wconf 76' lang='grc' dir='ltr'>’Δνδρομάχην</span> <span class='ocrx_word' id='word_1_37' title='bbox 3654 568 3885 636; x_wconf 73' lang='grc' dir='ltr'>γυναῖκα</span> 
     </span>
    </p>
   </div>
   <div class='ocr_carea' id='block_1_9' title="bbox 2218 646 3884 721">
    <p class='ocr_par' dir='ltr' id='par_1_9' title="bbox 2218 646 3884 721">
     <span class='ocr_line' id='line_1_9' title="bbox 2218 646 3884 721; baseline -0.001 -10"><span class='ocrx_word' id='word_1_38' title='bbox 2218 652 2591 715; x_wconf 77' lang='grc' dir='ltr'>Ἀστυάνακτά</span> <span class='ocrx_word' id='word_1_39' title='bbox 2647 671 2707 706; x_wconf 85' lang='grc' dir='ltr'>τι</span> <span class='ocrx_word' id='word_1_40' title='bbox 2791 648 2882 704; x_wconf 81' lang='grc' dir='ltr'>καὶ</span> <span class='ocrx_word' id='word_1_41' title='bbox 2952 646 3302 721; x_wconf 71' lang='grc' dir='ltr'>Λαομέδοντα</span> <span class='ocrx_word' id='word_1_42' title='bbox 3390 651 3624 721; x_wconf 75' lang='grc' dir='ltr'>νηπίους</span> <span class='ocrx_word' id='word_1_43' title='bbox 3710 652 3884 720; x_wconf 73' lang='grc' dir='ltr'>αὐτῆς</span> 
     </span>
    </p>
   </div>
   <div class='ocr_carea' id='block_1_10' title="bbox 464 737 2104 816">
    <p class='ocr_par' dir='ltr' id='par_1_10' title="bbox 464 741 2104 814">
     <span class='ocr_line' id='line_1_10' title="bbox 464 741 2104 814; baseline -0.004 -15"><span class='ocrx_word' id='word_1_44' title='bbox 464 749 687 800; x_wconf 88' lang='lat' dir='ltr'>terram</span> <span class='ocrx_word' id='word_1_45' title='bbox 738 743 1189 814; x_wconf 89' lang='lat' dir='ltr'>procubuerunt</span> <span class='ocrx_word' id='word_1_46' title='bbox 1242 741 1841 810; x_wconf 84' lang='lat' dir='ltr'>misericordiamque</span> <span class='ocrx_word' id='word_1_47' title='bbox 1905 752 2104 809; x_wconf 76' lang='lat' dir='ltr'>magna</span> 
     </span>
    </p>
   </div>
   <div class='ocr_carea' id='block_1_11' title="bbox 2207 737 3880 816">
    <p class='ocr_par' dir='ltr' id='par_1_11' title="bbox 2221 737 3880 816">
     <span class='ocr_line' id='line_1_11' title="bbox 2221 737 3880 816; baseline -0.005 -13"><span class='ocrx_word' id='word_1_48' title='bbox 2221 743 2436 813; x_wconf 79' lang='grc' dir='ltr'>παῖδας,</span> <span class='ocrx_word' id='word_1_49' title='bbox 2468 746 2569 812; x_wconf 76' lang='grc' dir='ltr'>ἧκε</span> <span class='ocrx_word' id='word_1_50' title='bbox 2596 738 2884 813; x_wconf 73' lang='grc' dir='ltr'>τολμήσας</span> <span class='ocrx_word' id='word_1_51' title='bbox 2926 737 3004 800; x_wconf 74' lang='grc' dir='ltr'>εἷς</span> <span class='ocrx_word' id='word_1_52' title='bbox 3066 739 3228 811; x_wconf 69' lang='grc' dir='ltr'>μέσον</span> <span class='ocrx_word' id='word_1_53' title='bbox 3281 743 3390 795; x_wconf 74' lang='grc' dir='ltr'>τῶν</span> <span class='ocrx_word' id='word_1_54' title='bbox 3445 739 3735 816; x_wconf 71' lang='grc' dir='ltr'>ἡγεμόνων</span> <span class='ocrx_word' id='word_1_55' title='bbox 3771 745 3880 798; x_wconf 81' lang='grc' dir='ltr'>τῶν</span> 
     </span>
    </p>
   </div>
   <div class='ocr_carea' id='block_1_12' title="bbox 466 825 2118 902">
    <p class='ocr_par' dir='ltr' id='par_1_12' title="bbox 466 825 2118 902">
     <span class='ocr_line' id='line_1_12' title="bbox 466 825 2118 902; baseline -0.004 -17"><span class='ocrx_word' id='word_1_56' title='bbox 466 831 883 887; x_wconf 78' lang='lat' dir='ltr'>vociferatione</span> <span class='ocrx_word' id='word_1_57' title='bbox 941 830 1358 902; x_wconf 84' lang='lat' dir='ltr'>ﬂagitaverunt</span> <span class='ocrx_word' id='word_1_58' title='bbox 1386 833 1462 887; x_wconf 82' lang='lat' dir='ltr'><strong>At</strong></span> <span class='ocrx_word' id='word_1_59' title='bbox 1513 830 1837 901; x_wconf 78' lang='lat' dir='ltr'>Polyxena,</span> <span class='ocrx_word' id='word_1_60' title='bbox 1874 825 2118 883; x_wconf 75' lang='lat' dir='ltr'>Achillis</span> 
     </span>
    </p>
   </div>
   <div class='ocr_carea' id='block_1_13' title="bbox 462 916 2116 991">
    <p class='ocr_par' dir='ltr' id='par_1_13' title="bbox 462 916 2116 991">
     <span class='ocr_line' id='line_1_13' title="bbox 462 916 2116 991; baseline -0.002 -15"><span class='ocrx_word' id='word_1_61' title='bbox 462 920 643 991; x_wconf 70' lang='lat' dir='ltr'>pedes</span> <span class='ocrx_word' id='word_1_62' title='bbox 673 920 949 991; x_wconf 85' lang='lat' dir='ltr'>amplexa</span> <span class='ocrx_word' id='word_1_63' title='bbox 980 937 1090 991; x_wconf 89' lang='lat' dir='ltr'>pro</span> <span class='ocrx_word' id='word_1_64' title='bbox 1121 920 1302 976; x_wconf 80' lang='lat' dir='ltr'>fratre</span> <span class='ocrx_word' id='word_1_65' title='bbox 1355 937 1464 978; x_wconf 87' lang='lat' dir='ltr'>suo</span> <span class='ocrx_word' id='word_1_66' title='bbox 1520 920 1770 979; x_wconf 84' lang='lat' dir='ltr'>Hectore</span> <span class='ocrx_word' id='word_1_67' title='bbox 1826 916 1948 974; x_wconf 87' lang='lat' dir='ltr'>alta</span> <span class='ocrx_word' id='word_1_68' title='bbox 1978 931 2116 973; x_wconf 86' lang='lat' dir='ltr'>voce</span> 
     </span>
    </p>
   </div>
   <div class='ocr_carea' id='block_1_14' title="bbox 460 1004 2115 1081">
    <p class='ocr_par' dir='ltr' id='par_1_14' title="bbox 460 1004 2115 1081">
     <span class='ocr_line' id='line_1_14' title="bbox 460 1004 2115 1081; baseline -0.002 -17"><span class='ocrx_word' id='word_1_69' title='bbox 460 1007 687 1079; x_wconf 85' lang='lat' dir='ltr'>prolixe</span> <span class='ocrx_word' id='word_1_70' title='bbox 726 1010 1043 1079; x_wconf 50' lang='lat' dir='ltr'>deprecata</span> <span class='ocrx_word' id='word_1_71' title='bbox 1074 1015 1166 1065; x_wconf 90' lang='lat' dir='ltr'>est</span> <span class='ocrx_word' id='word_1_72' title='bbox 1194 1010 1482 1081; x_wconf 86' lang='lat' dir='ltr'>pollicens</span> <span class='ocrx_word' id='word_1_73' title='bbox 1538 1025 1600 1064; x_wconf 87' lang='lat' dir='ltr'>se</span> <span class='ocrx_word' id='word_1_74' title='bbox 1653 1006 1923 1073; x_wconf 77' lang='lat' dir='ltr'>Achillis,</span> <span class='ocrx_word' id='word_1_75' title='bbox 1986 1005 2035 1061; x_wconf 89' lang='lat' dir='ltr'>si</span> <span class='ocrx_word' id='word_1_76' title='bbox 2065 1004 2115 1061; x_wconf 90' lang='lat' dir='ltr'>is</span> 
     </span>
    </p>
   </div>
   <div class='ocr_carea' id='block_1_15' title="bbox 458 1094 2115 1164">
    <p class='ocr_par' dir='ltr' id='par_1_15' title="bbox 458 1094 2115 1164">
     <span class='ocr_line' id='line_1_15' title="bbox 458 1094 2115 1164; baseline -0.002 -12"><span class='ocrx_word' id='word_1_77' title='bbox 458 1097 714 1153; x_wconf 81' lang='lat' dir='ltr'>cadaver</span> <span class='ocrx_word' id='word_1_78' title='bbox 735 1098 1003 1155; x_wconf 85' lang='lat' dir='ltr'>Hectoris</span> <span class='ocrx_word' id='word_1_79' title='bbox 1030 1098 1329 1164; x_wconf 80' lang='lat' dir='ltr'>redderet,</span> <span class='ocrx_word' id='word_1_80' title='bbox 1359 1114 1588 1154; x_wconf 88' lang='lat' dir='ltr'>servam</span> <span class='ocrx_word' id='word_1_81' title='bbox 1618 1110 2029 1153; x_wconf 87' lang='lat' dir='ltr'>remansuram</span> <span class='ocrx_word' id='word_1_82' title='bbox 2052 1094 2115 1150; x_wconf 89' lang='lat' dir='ltr'>in</span> 
     </span>
    </p>
   </div>
   <div class='ocr_carea' id='block_1_16' title="bbox 452 1183 2115 1247">
    <p class='ocr_par' dir='ltr' id='par_1_16' title="bbox 452 1183 2115 1247">
     <span class='ocr_line' id='line_1_16' title="bbox 452 1183 2115 1247; baseline -0.001 -6"><span class='ocrx_word' id='word_1_83' title='bbox 452 1187 901 1242; x_wconf 83' lang='lat' dir='ltr'>castris.Nestor</span> <span class='ocrx_word' id='word_1_84' title='bbox 916 1204 969 1242; x_wconf 91' lang='lat' dir='ltr'>m</span> <span class='ocrx_word' id='word_1_85' title='bbox 987 1187 1191 1242; x_wconf 90' lang='lat' dir='ltr'>isereri</span> <span class='ocrx_word' id='word_1_86' title='bbox 1212 1188 1535 1247; x_wconf 89' lang='lat' dir='ltr'>senectutis</span> <span class='ocrx_word' id='word_1_87' title='bbox 1548 1183 2115 1246; x_wconf 81' lang='lat' dir='ltr'>hertabatur.Multis</span> 
     </span>
    </p>
   </div>
   <div class='ocr_carea' id='block_1_17' title="bbox 452 1272 2113 1348">
    <p class='ocr_par' dir='ltr' id='par_1_17' title="bbox 452 1272 2113 1348">
     <span class='ocr_line' id='line_1_17' title="bbox 452 1272 2113 1348; baseline -0.001 -17"><span class='ocrx_word' id='word_1_88' title='bbox 452 1275 613 1331; x_wconf 87' lang='lat' dir='ltr'>ultro</span> <span class='ocrx_word' id='word_1_89' title='bbox 653 1276 925 1348; x_wconf 89' lang='lat' dir='ltr'>citroque</span> <span class='ocrx_word' id='word_1_90' title='bbox 957 1278 1346 1332; x_wconf 78' lang='lat' dir='ltr'>commutatis</span> <span class='ocrx_word' id='word_1_91' title='bbox 1375 1276 1589 1342; x_wconf 87' lang='lat' dir='ltr'>verbis,</span> <span class='ocrx_word' id='word_1_92' title='bbox 1624 1275 1865 1331; x_wconf 83' lang='lat' dir='ltr'>tandem</span> <span class='ocrx_word' id='word_1_93' title='bbox 1906 1272 2113 1329; x_wconf 81' lang='lat' dir='ltr'>Achil-</span> 
     </span>
    </p>
   </div>
   <div class='ocr_carea' id='block_1_18' title="bbox 456 1362 2114 1438">
    <p class='ocr_par' dir='ltr' id='par_1_18' title="bbox 456 1362 2114 1438">
     <span class='ocr_line' id='line_1_18' title="bbox 456 1362 2114 1438; baseline -0.001 -19"><span class='ocrx_word' id='word_1_94' title='bbox 456 1365 564 1431; x_wconf 87' lang='lat' dir='ltr'>les,</span> <span class='ocrx_word' id='word_1_95' title='bbox 597 1365 789 1435; x_wconf 87' lang='lat' dir='ltr'>pretio</span> <span class='ocrx_word' id='word_1_96' title='bbox 833 1366 1265 1438; x_wconf 87' lang='lat' dir='ltr'>redemptionis</span> <span class='ocrx_word' id='word_1_97' title='bbox 1313 1372 1577 1437; x_wconf 90' lang='lat' dir='ltr'>accepto,</span> <span class='ocrx_word' id='word_1_98' title='bbox 1608 1382 1669 1421; x_wconf 86' lang='lat' dir='ltr'>se</span> <span class='ocrx_word' id='word_1_99' title='bbox 1700 1364 1948 1420; x_wconf 84' lang='lat' dir='ltr'>cadaver</span> <span class='ocrx_word' id='word_1_100' title='bbox 1991 1362 2114 1418; x_wconf 87' lang='lat' dir='ltr'>suis</span> 
     </span>
    </p>
   </div>
   <div class='ocr_carea' id='block_1_19' title="bbox 456 1453 2111 1527">
    <p class='ocr_par' dir='ltr' id='par_1_19' title="bbox 456 1453 2111 1527">
     <span class='ocr_line' id='line_1_19' title="bbox 456 1453 2111 1527; baseline -0.001 -19"><span class='ocrx_word' id='word_1_101' title='bbox 456 1453 826 1510; x_wconf 88' lang='lat' dir='ltr'>redditurum</span> <span class='ocrx_word' id='word_1_102' title='bbox 863 1456 1095 1512; x_wconf 84' lang='lat' dir='ltr'>annuit.</span> <span class='ocrx_word' id='word_1_103' title='bbox 1158 1457 1402 1527; x_wconf 76' lang='lat' dir='ltr'>Accepit</span> <span class='ocrx_word' id='word_1_104' title='bbox 1456 1461 1654 1513; x_wconf 87' lang='lat' dir='ltr'>autem</span> <span class='ocrx_word' id='word_1_105' title='bbox 1721 1470 1956 1521; x_wconf 88' lang='lat' dir='ltr'>aurum,</span> <span class='ocrx_word' id='word_1_106' title='bbox 2019 1468 2111 1507; x_wconf 80' lang='lat' dir='ltr'>ar-</span> 
     </span>
    </p>
   </div>
   <div class='ocr_carea' id='block_1_20' title="bbox 457 1542 2113 1616">
    <p class='ocr_par' dir='ltr' id='par_1_20' title="bbox 457 1542 2113 1616">
     <span class='ocr_line' id='line_1_20' title="bbox 457 1542 2113 1616; baseline -0.001 -19"><span class='ocrx_word' id='word_1_107' title='bbox 457 1550 700 1614; x_wconf 85' lang='lat' dir='ltr'>gentum</span> <span class='ocrx_word' id='word_1_108' title='bbox 755 1548 815 1600; x_wconf 90' lang='lat' dir='ltr'>et</span> <span class='ocrx_word' id='word_1_109' title='bbox 866 1545 1121 1600; x_wconf 88' lang='lat' dir='ltr'>vestium</span> <span class='ocrx_word' id='word_1_110' title='bbox 1198 1550 1462 1616; x_wconf 88' lang='lat' dir='ltr'>partem:</span> <span class='ocrx_word' id='word_1_111' title='bbox 1521 1544 1754 1615; x_wconf 89' lang='lat' dir='ltr'>reliqua</span> <span class='ocrx_word' id='word_1_112' title='bbox 1801 1542 2113 1613; x_wconf 69' lang='lat' dir='ltr'>Polyxenia</span> 
     </span>
    </p>
   </div>
   <div class='ocr_carea' id='block_1_21' title="bbox 456 1631 2113 1707">
    <p class='ocr_par' dir='ltr' id='par_1_21' title="bbox 456 1631 2113 1707">
     <span class='ocr_line' id='line_1_21' title="bbox 456 1631 2113 1707; baseline 0.001 -21"><span class='ocrx_word' id='word_1_113' title='bbox 456 1631 716 1687; x_wconf 90' lang='lat' dir='ltr'>donavit.</span> <span class='ocrx_word' id='word_1_114' title='bbox 752 1633 986 1689; x_wconf 86' lang='lat' dir='ltr'>Priamo</span> <span class='ocrx_word' id='word_1_115' title='bbox 1032 1641 1280 1707; x_wconf 78' lang='lat' dir='ltr'>urgente</span> <span class='ocrx_word' id='word_1_116' title='bbox 1310 1633 1673 1689; x_wconf 82' lang='lat' dir='ltr'>utAchilles</span> <span class='ocrx_word' id='word_1_117' title='bbox 1703 1633 1858 1691; x_wconf 89' lang='lat' dir='ltr'>hanc</span> <span class='ocrx_word' id='word_1_118' title='bbox 1909 1646 2113 1687; x_wconf 87' lang='lat' dir='ltr'>secum</span> 
     </span>
    </p>
   </div>
   <div class='ocr_carea' id='block_1_22' title="bbox 454 1720 2115 1795">
    <p class='ocr_par' dir='ltr' id='par_1_22' title="bbox 454 1720 2115 1795">
     <span class='ocr_line' id='line_1_22' title="bbox 454 1720 2115 1795; baseline -0.001 -19"><span class='ocrx_word' id='word_1_119' title='bbox 454 1738 696 1778; x_wconf 89' lang='lat' dir='ltr'>manere</span> <span class='ocrx_word' id='word_1_120' title='bbox 749 1727 1071 1793; x_wconf 87' lang='lat' dir='ltr'>pateretur,</span> <span class='ocrx_word' id='word_1_121' title='bbox 1129 1723 1384 1779; x_wconf 82' lang='lat' dir='ltr'>Achilles</span> <span class='ocrx_word' id='word_1_122' title='bbox 1415 1724 1475 1778; x_wconf 89' lang='lat' dir='ltr'>in</span> <span class='ocrx_word' id='word_1_123' title='bbox 1504 1739 1770 1795; x_wconf 64' lang='lat' dir='ltr'>praesens</span> <span class='ocrx_word' id='word_1_124' title='bbox 1800 1738 1932 1776; x_wconf 89' lang='lat' dir='ltr'>eam</span> <span class='ocrx_word' id='word_1_125' title='bbox 1962 1720 2115 1775; x_wconf 80' lang='lat' dir='ltr'>reti—</span> 
     </span>
    </p>
   </div>
   <div class='ocr_carea' id='block_1_23' title="bbox 453 1810 2186 1921">
    <p class='ocr_par' dir='ltr' id='par_1_23' title="bbox 453 1810 2186 1921">
     <span class='ocr_line' id='line_1_23' title="bbox 453 1810 2186 1921; baseline 0.001 -55"><span class='ocrx_word' id='word_1_126' title='bbox 453 1828 596 1867; x_wconf 87' lang='lat' dir='ltr'>nere</span> <span class='ocrx_word' id='word_1_127' title='bbox 627 1812 837 1880; x_wconf 87' lang='lat' dir='ltr'>noluit,</span> <span class='ocrx_word' id='word_1_128' title='bbox 867 1813 986 1868; x_wconf 91' lang='lat' dir='ltr'>alio</span> <span class='ocrx_word' id='word_1_129' title='bbox 1009 1829 1072 1869; x_wconf 84' lang='lat' dir='ltr'>se</span> <span class='ocrx_word' id='word_1_130' title='bbox 1094 1818 1474 1885; x_wconf 86' lang='lat' dir='ltr'>recepturum</span> <span class='ocrx_word' id='word_1_131' title='bbox 1506 1830 1636 1869; x_wconf 85' lang='lat' dir='ltr'>eam</span> <span class='ocrx_word' id='word_1_132' title='bbox 1658 1819 1922 1884; x_wconf 88' lang='lat' dir='ltr'>tempore</span> <span class='ocrx_word' id='word_1_133' title='bbox 1956 1810 2107 1867; x_wconf 62' lang='lat'>225</span> <span class='ocrx_word' id='word_1_134' title='bbox 2140 1854 2186 1921; x_wconf 74' lang='grc' dir='ltr'><strong><em>Β</em></strong></span> 
     </span>
     <span class='ocr_line' id='line_1_24' title="bbox 453 1900 2103 1921; baseline 0.001 -3"><span class='ocrx_word' id='word_1_135' title='bbox 453 1902 800 1921; x_wconf 33' lang='grc' dir='ltr'>*μμεηᾼν</span> <span class='ocrx_word' id='word_1_136' title='bbox 874 1902 951 1921; x_wconf 66' lang='grc' dir='ltr'>η,</span> <span class='ocrx_word' id='word_1_137' title='bbox 1009 1902 1132 1921; x_wconf 65' lang='grc' dir='ltr'>πρ,</span> <span class='ocrx_word' id='word_1_138' title='bbox 1542 1919 1587 1921; x_wconf 28' lang='grc' dir='ltr'>κ,</span> <span class='ocrx_word' id='word_1_139' title='bbox 1614 1901 1801 1921; x_wconf 41' lang='grc' dir='ltr'>.-μμ</span> <span class='ocrx_word' id='word_1_140' title='bbox 1876 1906 1922 1921; x_wconf 65' lang='grc'>,.</span> <span class='ocrx_word' id='word_1_141' title='bbox 1988 1900 2103 1921; x_wconf 72' lang='grc'><em>,,,,,</em></span> 
     </span>
    </p>
   </div>
   <div class='ocr_carea' id='block_1_24' title="bbox 452 1900 2107 1971">
    <p class='ocr_par' dir='ltr' id='par_1_24' title="bbox 452 1900 2107 1971">
     <span class='ocr_line' id='line_1_25' title="bbox 452 1900 2107 1971; baseline -0.001 -16"><span class='ocrx_word' id='word_1_142' title='bbox 452 1902 825 1971; x_wconf 88' lang='lat' dir='ltr'>promittens.</span> <span class='ocrx_word' id='word_1_143' title='bbox 874 1902 962 1956; x_wconf 90' lang='lat' dir='ltr'>Ita</span> <span class='ocrx_word' id='word_1_144' title='bbox 1009 1902 1279 1958; x_wconf 83' lang='lat' dir='ltr'>Priamus</span> <span class='ocrx_word' id='word_1_145' title='bbox 1338 1920 1471 1958; x_wconf 90' lang='lat' dir='ltr'>cum</span> <span class='ocrx_word' id='word_1_146' title='bbox 1530 1901 1811 1959; x_wconf 88' lang='lat' dir='ltr'>cadavere</span> <span class='ocrx_word' id='word_1_147' title='bbox 1871 1906 1929 1956; x_wconf 90' lang='lat' dir='ltr'>et</span> <span class='ocrx_word' id='word_1_148' title='bbox 1984 1900 2107 1955; x_wconf 88' lang='lat' dir='ltr'>suis</span> 
     </span>
    </p>
   </div>
   <div class='ocr_carea' id='block_1_25' title="bbox 453 1989 2109 2063">
    <p class='ocr_par' dir='ltr' id='par_1_25' title="bbox 453 1989 2109 2063">
     <span class='ocr_line' id='line_1_26' title="bbox 453 1989 2109 2063; baseline 0 -19"><span class='ocrx_word' id='word_1_149' title='bbox 453 1990 733 2045; x_wconf 86' lang='lat' dir='ltr'>omnibus</span> <span class='ocrx_word' id='word_1_150' title='bbox 754 1990 933 2045; x_wconf 90' lang='lat' dir='ltr'>rediit</span> <span class='ocrx_word' id='word_1_151' title='bbox 960 1991 1201 2047; x_wconf 90' lang='lat' dir='ltr'>domum</span> <span class='ocrx_word' id='word_1_152' title='bbox 1229 2009 1242 2059; x_wconf 91' lang='lat'><strong>;</strong></span> <span class='ocrx_word' id='word_1_153' title='bbox 1268 1993 1598 2063; x_wconf 87' lang='lat' dir='ltr'>Hectorque</span> <span class='ocrx_word' id='word_1_154' title='bbox 1628 1991 1896 2063; x_wconf 88' lang='lat' dir='ltr'>ploratus</span> <span class='ocrx_word' id='word_1_155' title='bbox 1925 1989 2109 2047; x_wconf 80' lang='lat' dir='ltr'>abun-</span> 
     </span>
    </p>
   </div>
   <div class='ocr_carea' id='block_1_26' title="bbox 450 2076 2103 2151">
    <p class='ocr_par' dir='ltr' id='par_1_26' title="bbox 450 2076 2103 2151">
     <span class='ocr_line' id='line_1_27' title="bbox 450 2076 2103 2151; baseline 0.001 -20"><span class='ocrx_word' id='word_1_156' title='bbox 450 2076 545 2145; x_wconf 89' lang='lat' dir='ltr'>de,</span> <span class='ocrx_word' id='word_1_157' title='bbox 577 2084 637 2133; x_wconf 89' lang='lat' dir='ltr'>et</span> <span class='ocrx_word' id='word_1_158' title='bbox 663 2080 749 2133; x_wconf 90' lang='lat' dir='ltr'>uti</span> <span class='ocrx_word' id='word_1_159' title='bbox 781 2079 1004 2135; x_wconf 79' lang='lat' dir='ltr'>assolet</span> <span class='ocrx_word' id='word_1_160' title='bbox 1051 2087 1369 2151; x_wconf 87' lang='lat' dir='ltr'>crematus,</span> <span class='ocrx_word' id='word_1_161' title='bbox 1411 2086 1577 2136; x_wconf 82' lang='lat' dir='ltr'>extra</span> <span class='ocrx_word' id='word_1_162' title='bbox 1623 2080 1831 2135; x_wconf 87' lang='lat' dir='ltr'>urbem</span> <span class='ocrx_word' id='word_1_163' title='bbox 1890 2085 1981 2134; x_wconf 87' lang='lat' dir='ltr'>est</span> <span class='ocrx_word' id='word_1_164' title='bbox 2011 2095 2103 2134; x_wconf 77' lang='lat' dir='ltr'>se.</span> 
     </span>
    </p>
   </div>
   <div class='ocr_carea' id='block_1_27' title="bbox 448 2167 2105 2238">
    <p class='ocr_par' dir='ltr' id='par_1_27' title="bbox 448 2167 2105 2238">
     <span class='ocr_line' id='line_1_28' title="bbox 448 2167 2105 2238; baseline 0.001 -17"><span class='ocrx_word' id='word_1_165' title='bbox 448 2167 671 2238; x_wconf 91' lang='lat' dir='ltr'>pultus.</span> <span class='ocrx_word' id='word_1_166' title='bbox 706 2169 855 2223; x_wconf 86' lang='lat' dir='ltr'>Dum</span> <span class='ocrx_word' id='word_1_167' title='bbox 889 2168 1016 2225; x_wconf 67' lang='lat' dir='ltr'>hinc</span> <span class='ocrx_word' id='word_1_168' title='bbox 1046 2169 1118 2224; x_wconf 91' lang='lat' dir='ltr'>de</span> <span class='ocrx_word' id='word_1_169' title='bbox 1159 2171 1406 2225; x_wconf 84' lang='lat' dir='ltr'>Hectore</span> <span class='ocrx_word' id='word_1_170' title='bbox 1446 2170 1618 2237; x_wconf 79' lang='lat' dir='ltr'>ﬁunt,</span> <span class='ocrx_word' id='word_1_171' title='bbox 1654 2169 1895 2225; x_wconf 89' lang='lat' dir='ltr'>interim</span> <span class='ocrx_word' id='word_1_172' title='bbox 1929 2175 2105 2223; x_wconf 82' lang='lat' dir='ltr'>Ama-</span> 
     </span>
    </p>
   </div>
   <div class='ocr_carea' id='block_1_28' title="bbox 446 2256 2108 2330">
    <p class='ocr_par' dir='ltr' id='par_1_28' title="bbox 446 2256 2108 2330">
     <span class='ocr_line' id='line_1_29' title="bbox 446 2256 2108 2330; baseline 0.001 -20"><span class='ocrx_word' id='word_1_173' title='bbox 446 2272 553 2311; x_wconf 82' lang='lat' dir='ltr'>zon</span> <span class='ocrx_word' id='word_1_174' title='bbox 586 2256 964 2312; x_wconf 84' lang='lat' dir='ltr'>Penthesilea</span> <span class='ocrx_word' id='word_1_175' title='bbox 995 2274 1064 2313; x_wconf 87' lang='lat' dir='ltr'>ex</span> <span class='ocrx_word' id='word_1_176' title='bbox 1098 2259 1370 2330; x_wconf 91' lang='lat' dir='ltr'>opposita</span> <span class='ocrx_word' id='word_1_177' title='bbox 1390 2258 1757 2314; x_wconf 88' lang='lat' dir='ltr'>Cherroneso</span> <span class='ocrx_word' id='word_1_178' title='bbox 1791 2257 1990 2329; x_wconf 89' lang='lat' dir='ltr'>copias</span> <span class='ocrx_word' id='word_1_179' title='bbox 2022 2258 2108 2311; x_wconf 80' lang='lat' dir='ltr'>vi—</span> 
     </span>
    </p>
   </div>
   <div class='ocr_carea' id='block_1_29' title="bbox 448 2344 2106 2409">
    <p class='ocr_par' dir='ltr' id='par_1_29' title="bbox 448 2344 2106 2409">
     <span class='ocr_line' id='line_1_30' title="bbox 448 2344 2106 2409; baseline -0.001 -10"><span class='ocrx_word' id='word_1_180' title='bbox 448 2359 656 2399; x_wconf 88' lang='lat' dir='ltr'>rorum</span> <span class='ocrx_word' id='word_1_181' title='bbox 692 2359 760 2398; x_wconf 87' lang='lat' dir='ltr'>ac</span> <span class='ocrx_word' id='word_1_182' title='bbox 793 2344 1220 2399; x_wconf 81' lang='lat' dir='ltr'>Amazonidum</span> <span class='ocrx_word' id='word_1_183' title='bbox 1253 2344 1479 2400; x_wconf 89' lang='lat' dir='ltr'>ducens</span> <span class='ocrx_word' id='word_1_184' title='bbox 1510 2344 1748 2401; x_wconf 87' lang='lat' dir='ltr'>advenit</span> <span class='ocrx_word' id='word_1_185' title='bbox 1799 2345 1983 2409; x_wconf 85' lang='lat' dir='ltr'>Quam</span> <span class='ocrx_word' id='word_1_186' title='bbox 2014 2361 2106 2398; x_wconf 50' lang='lat' dir='ltr'>cor</span> 
     </span>
    </p>
   </div>
   <div class='ocr_carea' id='block_1_30' title="bbox 451 2432 2105 2503">
    <p class='ocr_par' dir='ltr' id='par_1_30' title="bbox 451 2432 2105 2503">
     <span class='ocr_line' id='line_1_31' title="bbox 451 2432 2105 2503; baseline 0.001 -17"><span class='ocrx_word' id='word_1_187' title='bbox 451 2432 616 2503; x_wconf 82' lang='lat' dir='ltr'>gnita</span> <span class='ocrx_word' id='word_1_188' title='bbox 641 2434 908 2488; x_wconf 85' lang='lat' dir='ltr'>Hectoris</span> <span class='ocrx_word' id='word_1_189' title='bbox 940 2440 1128 2493; x_wconf 84' lang='lat' dir='ltr'>morte</span> <span class='ocrx_word' id='word_1_190' title='bbox 1179 2435 1553 2493; x_wconf 83' lang='lat' dir='ltr'>retrocedere</span> <span class='ocrx_word' id='word_1_191' title='bbox 1603 2440 1918 2490; x_wconf 88' lang='lat' dir='ltr'>conantem</span> <span class='ocrx_word' id='word_1_192' title='bbox 1942 2433 2105 2489; x_wconf 83' lang='lat' dir='ltr'>Paris</span> 
     </span>
    </p>
   </div>
   <div class='ocr_carea' id='block_1_31' title="bbox 453 2521 2104 2596">
    <p class='ocr_par' dir='ltr' id='par_1_31' title="bbox 453 2521 2104 2596">
     <span class='ocr_line' id='line_1_32' title="bbox 453 2521 2104 2596; baseline 0.001 -21"><span class='ocrx_word' id='word_1_193' title='bbox 453 2537 664 2594; x_wconf 87' lang='lat' dir='ltr'>magna</span> <span class='ocrx_word' id='word_1_194' title='bbox 688 2521 742 2576; x_wconf 91' lang='lat' dir='ltr'>vi</span> <span class='ocrx_word' id='word_1_195' title='bbox 774 2522 902 2579; x_wconf 86' lang='lat' dir='ltr'>auri</span> <span class='ocrx_word' id='word_1_196' title='bbox 934 2523 1213 2581; x_wconf 86' lang='lat' dir='ltr'>donatam</span> <span class='ocrx_word' id='word_1_197' title='bbox 1244 2524 1519 2580; x_wconf 89' lang='lat' dir='ltr'>detinuit.</span> <span class='ocrx_word' id='word_1_198' title='bbox 1572 2526 1653 2581; x_wconf 91' lang='lat' dir='ltr'>Ea</span> <span class='ocrx_word' id='word_1_199' title='bbox 1696 2529 1831 2596; x_wconf 88' lang='lat' dir='ltr'>post</span> <span class='ocrx_word' id='word_1_200' title='bbox 1884 2539 2104 2595; x_wconf 89' lang='lat' dir='ltr'>paucos</span> 
     </span>
    </p>
   </div>
   <div class='ocr_carea' id='block_1_32' title="bbox 449 2611 2101 2685">
    <p class='ocr_par' dir='ltr' id='par_1_32' title="bbox 449 2611 2101 2685">
     <span class='ocr_line' id='line_1_33' title="bbox 449 2611 2101 2685; baseline 0.001 -20"><span class='ocrx_word' id='word_1_201' title='bbox 449 2611 575 2666; x_wconf 88' lang='lat' dir='ltr'>dies</span> <span class='ocrx_word' id='word_1_202' title='bbox 594 2612 656 2665; x_wconf 91' lang='lat' dir='ltr'>in</span> <span class='ocrx_word' id='word_1_203' title='bbox 687 2628 959 2683; x_wconf 88' lang='lat' dir='ltr'>campum</span> <span class='ocrx_word' id='word_1_204' title='bbox 978 2614 1200 2683; x_wconf 72' lang='lat' dir='ltr'>prmliis</span> <span class='ocrx_word' id='word_1_205' title='bbox 1226 2613 1585 2669; x_wconf 82' lang='lat' dir='ltr'>destinatum</span> <span class='ocrx_word' id='word_1_206' title='bbox 1618 2614 1817 2685; x_wconf 88' lang='lat' dir='ltr'>copias</span> <span class='ocrx_word' id='word_1_207' title='bbox 1837 2613 2101 2682; x_wconf 88' lang='lat' dir='ltr'>deduxit,</span> 
     </span>
    </p>
   </div>
   <div class='ocr_carea' id='block_1_33' title="bbox 441 2703 2104 2776">
    <p class='ocr_par' dir='ltr' id='par_1_33' title="bbox 441 2703 2104 2776">
     <span class='ocr_line' id='line_1_34' title="bbox 441 2703 2104 2776; baseline 0.001 -20"><span class='ocrx_word' id='word_1_208' title='bbox 441 2703 633 2773; x_wconf 88' lang='lat' dir='ltr'>iisque</span> <span class='ocrx_word' id='word_1_209' title='bbox 664 2703 725 2758; x_wconf 91' lang='lat' dir='ltr'>in</span> <span class='ocrx_word' id='word_1_210' title='bbox 750 2704 896 2760; x_wconf 89' lang='lat' dir='ltr'>duas</span> <span class='ocrx_word' id='word_1_211' title='bbox 916 2711 1113 2775; x_wconf 88' lang='lat' dir='ltr'>partes</span> <span class='ocrx_word' id='word_1_212' title='bbox 1143 2706 1346 2760; x_wconf 86' lang='lat' dir='ltr'>divisis</span> <span class='ocrx_word' id='word_1_213' title='bbox 1364 2722 1397 2761; x_wconf 91' lang='lat' dir='ltr'>a</span> <span class='ocrx_word' id='word_1_214' title='bbox 1418 2705 1625 2760; x_wconf 86' lang='lat' dir='ltr'>dextro</span> <span class='ocrx_word' id='word_1_215' title='bbox 1654 2705 1841 2763; x_wconf 88' lang='lat' dir='ltr'>latere</span> <span class='ocrx_word' id='word_1_216' title='bbox 1872 2705 2104 2776; x_wconf 83' lang='lat' dir='ltr'>sagitta-</span> 
     </span>
    </p>
   </div>
   <div class='ocr_carea' id='block_1_34' title="bbox 436 2791 2100 2864">
    <p class='ocr_par' dir='ltr' id='par_1_34' title="bbox 436 2791 2100 2864">
     <span class='ocr_line' id='line_1_35' title="bbox 436 2791 2100 2864; baseline 0.001 -19"><span class='ocrx_word' id='word_1_217' title='bbox 436 2791 557 2846; x_wconf 89' lang='lat' dir='ltr'>rios</span> <span class='ocrx_word' id='word_1_218' title='bbox 588 2793 921 2858; x_wconf 89' lang='lat' dir='ltr'>constituit,</span> <span class='ocrx_word' id='word_1_219' title='bbox 956 2794 1017 2847; x_wconf 90' lang='lat' dir='ltr'>in</span> <span class='ocrx_word' id='word_1_220' title='bbox 1048 2793 1197 2847; x_wconf 68' lang='lat' dir='ltr'>lasvo</span> <span class='ocrx_word' id='word_1_221' title='bbox 1231 2794 1423 2864; x_wconf 79' lang='lat' dir='ltr'>gravis</span> <span class='ocrx_word' id='word_1_222' title='bbox 1481 2799 1800 2849; x_wconf 68' lang='lat' dir='ltr'>armaturas</span> <span class='ocrx_word' id='word_1_223' title='bbox 1858 2793 2100 2857; x_wconf 85' lang='lat' dir='ltr'>milites,</span> 
     </span>
    </p>
   </div>
   <div class='ocr_carea' id='block_1_35' title="bbox 443 2879 2102 2953">
    <p class='ocr_par' dir='ltr' id='par_1_35' title="bbox 443 2879 2102 2953">
     <span class='ocr_line' id='line_1_36' title="bbox 443 2879 2102 2953; baseline 0.001 -21"><span class='ocrx_word' id='word_1_224' title='bbox 443 2879 647 2950; x_wconf 85' lang='lat' dir='ltr'>plures</span> <span class='ocrx_word' id='word_1_225' title='bbox 676 2879 909 2949; x_wconf 90' lang='lat' dir='ltr'>pedites</span> <span class='ocrx_word' id='word_1_226' title='bbox 930 2897 1109 2950; x_wconf 89' lang='lat' dir='ltr'>quam</span> <span class='ocrx_word' id='word_1_227' title='bbox 1157 2882 1422 2952; x_wconf 87' lang='lat' dir='ltr'>equites:</span> <span class='ocrx_word' id='word_1_228' title='bbox 1483 2882 1613 2952; x_wconf 90' lang='lat' dir='ltr'>ipsa</span> <span class='ocrx_word' id='word_1_229' title='bbox 1669 2881 1742 2936; x_wconf 88' lang='lat' dir='ltr'>ad</span> <span class='ocrx_word' id='word_1_230' title='bbox 1774 2881 2006 2953; x_wconf 88' lang='lat' dir='ltr'>signum</span> <span class='ocrx_word' id='word_1_231' title='bbox 2040 2881 2102 2934; x_wconf 91' lang='lat' dir='ltr'>in</span> 
     </span>
    </p>
   </div>
   <div class='ocr_carea' id='block_1_36' title="bbox 442 2968 2100 3044">
    <p class='ocr_par' dir='ltr' id='par_1_36' title="bbox 442 2968 2100 3044">
     <span class='ocr_line' id='line_1_37' title="bbox 442 2968 2100 3044; baseline 0.002 -22"><span class='ocrx_word' id='word_1_232' title='bbox 442 2968 638 3023; x_wconf 91' lang='lat' dir='ltr'>medio</span> <span class='ocrx_word' id='word_1_233' title='bbox 670 2970 939 3039; x_wconf 88' lang='lat' dir='ltr'>equitum</span> <span class='ocrx_word' id='word_1_234' title='bbox 964 2972 1249 3028; x_wconf 89' lang='lat' dir='ltr'>constitit.</span> <span class='ocrx_word' id='word_1_235' title='bbox 1270 2971 1599 3026; x_wconf 86' lang='lat' dir='ltr'>Commissa</span> <span class='ocrx_word' id='word_1_236' title='bbox 1621 2988 1819 3044; x_wconf 84' lang='lat' dir='ltr'>pugna</span> <span class='ocrx_word' id='word_1_237' title='bbox 1846 2970 2100 3041; x_wconf 89' lang='lat' dir='ltr'>aliisque</span> 
     </span>
    </p>
   </div>
   <div class='ocr_carea' id='block_1_37' title="bbox 443 3056 2101 3125">
    <p class='ocr_par' dir='ltr' id='par_1_37' title="bbox 443 3056 2101 3125">
     <span class='ocr_line' id='line_1_38' title="bbox 443 3056 2101 3125; baseline 0 -12"><span class='ocrx_word' id='word_1_238' title='bbox 443 3056 594 3113; x_wconf 87' lang='lat' dir='ltr'>alios</span> <span class='ocrx_word' id='word_1_239' title='bbox 626 3057 1012 3125; x_wconf 64' lang='lat' dir='ltr'>caedentibus,</span> <span class='ocrx_word' id='word_1_240' title='bbox 1072 3060 1334 3115; x_wconf 86' lang='lat' dir='ltr'>Achilles</span> <span class='ocrx_word' id='word_1_241' title='bbox 1391 3060 1835 3116; x_wconf 86' lang='lat' dir='ltr'>Penthesileam</span> <span class='ocrx_word' id='word_1_242' title='bbox 1885 3061 2101 3115; x_wconf 87' lang='lat' dir='ltr'>acriter</span> 
     </span>
    </p>
   </div>
   <div class='ocr_carea' id='block_1_38' title="bbox 440 3146 2097 3220">
    <p class='ocr_par' dir='ltr' id='par_1_38' title="bbox 440 3146 2097 3220">
     <span class='ocr_line' id='line_1_39' title="bbox 440 3146 2097 3220; baseline 0.001 -19"><span class='ocrx_word' id='word_1_243' title='bbox 440 3146 813 3219; x_wconf 66' lang='lat' dir='ltr'>praeliantem</span> <span class='ocrx_word' id='word_1_244' title='bbox 862 3148 1031 3205; x_wconf 86' lang='lat' dir='ltr'>hasta</span> <span class='ocrx_word' id='word_1_245' title='bbox 1074 3165 1226 3220; x_wconf 89' lang='lat' dir='ltr'>equo</span> <span class='ocrx_word' id='word_1_246' title='bbox 1249 3149 1530 3215; x_wconf 88' lang='lat' dir='ltr'>detrusit;</span> <span class='ocrx_word' id='word_1_247' title='bbox 1556 3166 1734 3220; x_wconf 89' lang='lat' dir='ltr'>quam</span> <span class='ocrx_word' id='word_1_248' title='bbox 1759 3148 2097 3205; x_wconf 88' lang='lat' dir='ltr'>crinibusin</span> 
     </span>
    </p>
   </div>
   <div class='ocr_carea' id='block_1_39' title="bbox 440 3224 2164 3309">
    <p class='ocr_par' dir='ltr' id='par_1_39' title="bbox 440 3224 2164 3309">
     <span class='ocr_line' id='line_1_40' title="bbox 440 3224 2164 3309; baseline -0.002 -17"><span class='ocrx_word' id='word_1_249' title='bbox 440 3237 862 3294; x_wconf 88' lang='lat' dir='ltr'>Scamandrum</span> <span class='ocrx_word' id='word_1_250' title='bbox 886 3244 1245 3309; x_wconf 88' lang='lat' dir='ltr'>protractam</span> <span class='ocrx_word' id='word_1_251' title='bbox 1271 3239 1723 3293; x_wconf 72' lang='lat' dir='ltr'>sulfocaverunt.</span> <span class='ocrx_word' id='word_1_252' title='bbox 1748 3236 2090 3309; x_wconf 84' lang='lat' dir='ltr'>Oppidanos</span> <span class='ocrx_word' id='word_1_253' title='bbox 2121 3224 2164 3289; x_wconf 73' lang='grc' dir='ltr'>Ο</span> 
     </span>
    </p>
   </div>
   <div class='ocr_carea' id='block_1_40' title="bbox 437 3326 2103 3398">
    <p class='ocr_par' dir='ltr' id='par_1_40' title="bbox 437 3326 2103 3398">
     <span class='ocr_line' id='line_1_41' title="bbox 437 3326 2103 3398; baseline 0.001 -18"><span class='ocrx_word' id='word_1_254' title='bbox 437 3327 650 3398; x_wconf 79' lang='lat' dir='ltr'>Ajaces</span> <span class='ocrx_word' id='word_1_255' title='bbox 679 3326 809 3381; x_wconf 92' lang='lat' dir='ltr'>loco</span> <span class='ocrx_word' id='word_1_256' title='bbox 827 3327 1186 3398; x_wconf 83' lang='lat' dir='ltr'>pepulerunt</span> <span class='ocrx_word' id='word_1_257' title='bbox 1210 3344 1222 3391; x_wconf 86' lang='lat'>;</span> <span class='ocrx_word' id='word_1_258' title='bbox 1250 3328 1329 3381; x_wconf 88' lang='lat' dir='ltr'>ita</span> <span class='ocrx_word' id='word_1_259' title='bbox 1357 3333 1427 3382; x_wconf 93' lang='lat' dir='ltr'>ut</span> <span class='ocrx_word' id='word_1_260' title='bbox 1456 3327 1516 3381; x_wconf 91' lang='lat' dir='ltr'>in</span> <span class='ocrx_word' id='word_1_261' title='bbox 1548 3327 1759 3381; x_wconf 83' lang='lat' dir='ltr'>urbem</span> <span class='ocrx_word' id='word_1_262' title='bbox 1790 3327 1927 3398; x_wconf 84' lang='lat' dir='ltr'>fuga</span> <span class='ocrx_word' id='word_1_263' title='bbox 1945 3327 2103 3382; x_wconf 83' lang='lat' dir='ltr'>facta</span> 
     </span>
    </p>
   </div>
   <div class='ocr_carea' id='block_1_41' title="bbox 439 3416 2101 3488">
    <p class='ocr_par' dir='ltr' id='par_1_41' title="bbox 439 3416 2101 3488">
     <span class='ocr_line' id='line_1_42' title="bbox 439 3416 2101 3488; baseline 0.001 -19"><span class='ocrx_word' id='word_1_264' title='bbox 439 3421 642 3485; x_wconf 91' lang='lat' dir='ltr'>portas</span> <span class='ocrx_word' id='word_1_265' title='bbox 704 3416 1055 3485; x_wconf 83' lang='lat' dir='ltr'>objecerint.</span> <span class='ocrx_word' id='word_1_266' title='bbox 1107 3416 1390 3486; x_wconf 82' lang='lat' dir='ltr'>Reliquos</span> <span class='ocrx_word' id='word_1_267' title='bbox 1446 3416 1629 3471; x_wconf 71' lang='lat' dir='ltr'>Graaci</span> <span class='ocrx_word' id='word_1_268' title='bbox 1685 3416 1850 3488; x_wconf 80' lang='lat' dir='ltr'>juxta</span> <span class='ocrx_word' id='word_1_269' title='bbox 1899 3432 2101 3470; x_wconf 90' lang='lat' dir='ltr'>muros</span> 
     </span>
    </p>
   </div>
   <div class='ocr_carea' id='block_1_42' title="bbox 441 3502 2099 3571">
    <p class='ocr_par' dir='ltr' id='par_1_42' title="bbox 441 3502 2099 3571">
     <span class='ocr_line' id='line_1_43' title="bbox 441 3502 2099 3571; baseline 0.001 -16"><span class='ocrx_word' id='word_1_270' title='bbox 441 3502 737 3571; x_wconf 89' lang='lat' dir='ltr'>persecuti</span> <span class='ocrx_word' id='word_1_271' title='bbox 770 3502 1217 3557; x_wconf 84' lang='lat' dir='ltr'>interfecerunt.</span> <span class='ocrx_word' id='word_1_272' title='bbox 1255 3503 1644 3558; x_wconf 82' lang='lat' dir='ltr'>Amazonibus</span> <span class='ocrx_word' id='word_1_273' title='bbox 1677 3509 1876 3558; x_wconf 90' lang='lat' dir='ltr'>autem</span> <span class='ocrx_word' id='word_1_274' title='bbox 1907 3502 2099 3558; x_wconf 86' lang='lat' dir='ltr'>absti-</span> 
     </span>
    </p>
   </div>
   <div class='ocr_carea' id='block_1_43' title="bbox 440 3590 2101 3663">
    <p class='ocr_par' dir='ltr' id='par_1_43' title="bbox 440 3590 2101 3663">
     <span class='ocr_line' id='line_1_44' title="bbox 440 3590 2101 3663; baseline 0.002 -20"><span class='ocrx_word' id='word_1_275' title='bbox 440 3597 652 3644; x_wconf 89' lang='lat' dir='ltr'>nentes</span> <span class='ocrx_word' id='word_1_276' title='bbox 675 3590 1000 3646; x_wconf 89' lang='lat' dir='ltr'>secundum</span> <span class='ocrx_word' id='word_1_277' title='bbox 1022 3608 1276 3663; x_wconf 79' lang='lat' dir='ltr'>pugnam</span> <span class='ocrx_word' id='word_1_278' title='bbox 1299 3609 1397 3646; x_wconf 89' lang='lat' dir='ltr'>eas</span> <span class='ocrx_word' id='word_1_279' title='bbox 1428 3592 1678 3648; x_wconf 78' lang='lat' dir='ltr'>vinculis</span> <span class='ocrx_word' id='word_1_280' title='bbox 1700 3593 1934 3663; x_wconf 90' lang='lat' dir='ltr'>injectis</span> <span class='ocrx_word' id='word_1_281' title='bbox 1959 3592 2101 3646; x_wconf 90' lang='lat' dir='ltr'>divi-</span> 
     </span>
    </p>
   </div>
   <div class='ocr_carea' id='block_1_44' title="bbox 440 3680 2099 3753">
    <p class='ocr_par' dir='ltr' id='par_1_44' title="bbox 440 3680 2099 3753">
     <span class='ocr_line' id='line_1_45' title="bbox 440 3680 2099 3753; baseline 0.002 -21"><span class='ocrx_word' id='word_1_282' title='bbox 440 3685 666 3733; x_wconf 90' lang='lat' dir='ltr'>serunt.</span> <span class='ocrx_word' id='word_1_283' title='bbox 704 3680 803 3734; x_wconf 84' lang='lat' dir='ltr'>llis</span> <span class='ocrx_word' id='word_1_284' title='bbox 834 3681 981 3734; x_wconf 87' lang='lat' dir='ltr'>actis</span> <span class='ocrx_word' id='word_1_285' title='bbox 1005 3681 1179 3735; x_wconf 91' lang='lat' dir='ltr'>multi</span> <span class='ocrx_word' id='word_1_286' title='bbox 1216 3682 1363 3743; x_wconf 88' lang='lat' dir='ltr'>lndi,</span> <span class='ocrx_word' id='word_1_287' title='bbox 1398 3682 1628 3752; x_wconf 89' lang='lat' dir='ltr'>equites</span> <span class='ocrx_word' id='word_1_288' title='bbox 1659 3698 1727 3737; x_wconf 89' lang='lat' dir='ltr'>ac</span> <span class='ocrx_word' id='word_1_289' title='bbox 1756 3681 2008 3753; x_wconf 85' lang='lat' dir='ltr'>pedites,</span> <span class='ocrx_word' id='word_1_290' title='bbox 2042 3688 2099 3736; x_wconf 90' lang='lat' dir='ltr'>et</span> 
     </span>
    </p>
   </div>
   <div class='ocr_carea' id='block_1_45' title="bbox 435 3768 2098 3844">
    <p class='ocr_par' dir='ltr' id='par_1_45' title="bbox 435 3768 2098 3844">
     <span class='ocr_line' id='line_1_46' title="bbox 435 3768 2098 3844; baseline 0.002 -21"><span class='ocrx_word' id='word_1_291' title='bbox 435 3768 744 3824; x_wconf 53' lang='lat' dir='ltr'>Phu‘nices</span> <span class='ocrx_word' id='word_1_292' title='bbox 776 3768 1237 3835; x_wconf 86' lang='lat' dir='ltr'>bellicosissimi,</span> <span class='ocrx_word' id='word_1_293' title='bbox 1270 3788 1405 3825; x_wconf 92' lang='lat' dir='ltr'>cum</span> <span class='ocrx_word' id='word_1_294' title='bbox 1438 3771 1674 3844; x_wconf 79' lang='lat' dir='ltr'>regibus</span> <span class='ocrx_word' id='word_1_295' title='bbox 1726 3771 1848 3826; x_wconf 89' lang='lat' dir='ltr'>suis</span> <span class='ocrx_word' id='word_1_296' title='bbox 1907 3771 2098 3827; x_wconf 81' lang='lat' dir='ltr'>classe</span> 
     </span>
    </p>
   </div>
   <div class='ocr_carea' id='block_1_46' title="bbox 434 3858 2092 3931">
    <p class='ocr_par' dir='ltr' id='par_1_46' title="bbox 434 3858 2092 3931">
     <span class='ocr_line' id='line_1_47' title="bbox 434 3858 2092 3931; baseline 0 -18"><span class='ocrx_word' id='word_1_297' title='bbox 434 3858 811 3929; x_wconf 89' lang='lat' dir='ltr'>appulerunt,</span> <span class='ocrx_word' id='word_1_298' title='bbox 846 3874 880 3913; x_wconf 92' lang='lat' dir='ltr'>a</span> <span class='ocrx_word' id='word_1_299' title='bbox 910 3859 1139 3930; x_wconf 90' lang='lat' dir='ltr'>priamo</span> <span class='ocrx_word' id='word_1_300' title='bbox 1158 3860 1230 3914; x_wconf 90' lang='lat' dir='ltr'>ad</span> <span class='ocrx_word' id='word_1_301' title='bbox 1264 3860 1541 3915; x_wconf 82' lang='lat' dir='ltr'>ferendas</span> <span class='ocrx_word' id='word_1_302' title='bbox 1564 3860 1867 3931; x_wconf 81' lang='lat' dir='ltr'>suppetias</span> <span class='ocrx_word' id='word_1_303' title='bbox 1897 3860 2092 3927; x_wconf 80' lang='lat' dir='ltr'>exciti.</span> 
     </span>
    </p>
   </div>
   <div class='ocr_carea' id='block_1_47' title="bbox 438 3952 2095 4022">
    <p class='ocr_par' dir='ltr' id='par_1_47' title="bbox 438 3952 2095 4022">
     <span class='ocr_line' id='line_1_48' title="bbox 438 3952 2095 4022; baseline 0.001 -17"><span class='ocrx_word' id='word_1_304' title='bbox 438 3952 623 4005; x_wconf 87' lang='lat' dir='ltr'>Tanta</span> <span class='ocrx_word' id='word_1_305' title='bbox 652 3958 849 4005; x_wconf 90' lang='lat' dir='ltr'>autem</span> <span class='ocrx_word' id='word_1_306' title='bbox 901 3958 1029 4007; x_wconf 88' lang='lat' dir='ltr'>erat</span> <span class='ocrx_word' id='word_1_307' title='bbox 1059 3952 1400 4017; x_wconf 87' lang='lat' dir='ltr'>multitudo,</span> <span class='ocrx_word' id='word_1_308' title='bbox 1434 3958 1499 4007; x_wconf 93' lang='lat' dir='ltr'>ut</span> <span class='ocrx_word' id='word_1_309' title='bbox 1544 3970 1644 4007; x_wconf 85' lang='lat' dir='ltr'>eos</span> <span class='ocrx_word' id='word_1_310' title='bbox 1674 3952 2095 4022; x_wconf 64' lang='lat' dir='ltr'>neque,llium</span> 
     </span>
    </p>
   </div>
   <div class='ocr_carea' id='block_1_48' title="bbox 432 4040 2094 4112">
    <p class='ocr_par' dir='ltr' id='par_1_48' title="bbox 432 4040 2094 4112">
     <span class='ocr_line' id='line_1_49' title="bbox 432 4040 2094 4112; baseline -0.001 -17"><span class='ocrx_word' id='word_1_311' title='bbox 432 4056 628 4111; x_wconf 87' lang='lat' dir='ltr'>neque</span> <span class='ocrx_word' id='word_1_312' title='bbox 660 4040 905 4095; x_wconf 89' lang='lat' dir='ltr'>omnino</span> <span class='ocrx_word' id='word_1_313' title='bbox 937 4057 1183 4112; x_wconf 88' lang='lat' dir='ltr'>campus</span> <span class='ocrx_word' id='word_1_314' title='bbox 1200 4041 1506 4096; x_wconf 86' lang='lat' dir='ltr'>universos</span> <span class='ocrx_word' id='word_1_315' title='bbox 1537 4045 1793 4112; x_wconf 83' lang='lat' dir='ltr'>caperet.</span> <span class='ocrx_word' id='word_1_316' title='bbox 1832 4042 1893 4095; x_wconf 90' lang='lat' dir='ltr'>In</span> <span class='ocrx_word' id='word_1_317' title='bbox 1917 4056 2094 4111; x_wconf 89' lang='lat' dir='ltr'>quem</span> 
     </span>
    </p>
   </div>
   <div class='ocr_carea' id='block_1_49' title="bbox 437 4127 2094 4200">
    <p class='ocr_par' dir='ltr' id='par_1_49' title="bbox 437 4127 2094 4200">
     <span class='ocr_line' id='line_1_50' title="bbox 437 4127 2094 4200; baseline -0.001 -17"><span class='ocrx_word' id='word_1_318' title='bbox 437 4128 699 4183; x_wconf 90' lang='lat' dir='ltr'>universi</span> <span class='ocrx_word' id='word_1_319' title='bbox 733 4145 854 4184; x_wconf 91' lang='lat' dir='ltr'>una</span> <span class='ocrx_word' id='word_1_320' title='bbox 893 4145 1028 4183; x_wconf 75' lang='lat' dir='ltr'>cum</span> <span class='ocrx_word' id='word_1_321' title='bbox 1087 4128 1381 4200; x_wconf 83' lang='lat' dir='ltr'>Trojanis,</span> <span class='ocrx_word' id='word_1_322' title='bbox 1443 4129 1754 4184; x_wconf 84' lang='lat' dir='ltr'>Memnone</span> <span class='ocrx_word' id='word_1_323' title='bbox 1812 4127 2094 4182; x_wconf 87' lang='lat' dir='ltr'>Indorum</span> 
     </span>
    </p>
   </div>
   <div class='ocr_carea' id='block_1_50' title="bbox 436 4218 2092 4291">
    <p class='ocr_par' dir='ltr' id='par_1_50' title="bbox 436 4218 2092 4291">
     <span class='ocr_line' id='line_1_51' title="bbox 436 4218 2092 4291; baseline -0.002 -17"><span class='ocrx_word' id='word_1_324' title='bbox 436 4236 594 4291; x_wconf 78' lang='lat' dir='ltr'>rege,</span> <span class='ocrx_word' id='word_1_325' title='bbox 623 4220 780 4289; x_wconf 90' lang='lat' dir='ltr'>quod</span> <span class='ocrx_word' id='word_1_326' title='bbox 806 4219 856 4273; x_wconf 87' lang='lat' dir='ltr'>is</span> <span class='ocrx_word' id='word_1_327' title='bbox 876 4219 1330 4289; x_wconf 83' lang='lat' dir='ltr'>potentissimus</span> <span class='ocrx_word' id='word_1_328' title='bbox 1362 4225 1489 4272; x_wconf 90' lang='lat' dir='ltr'>erat</span> <span class='ocrx_word' id='word_1_329' title='bbox 1505 4224 1682 4288; x_wconf 84' lang='lat' dir='ltr'>atque</span> <span class='ocrx_word' id='word_1_330' title='bbox 1711 4218 2092 4276; x_wconf 85' lang='lat' dir='ltr'>bellicosissi-</span> 
     </span>
    </p>
   </div>
   <div class='ocr_carea' id='block_1_51' title="bbox 437 4306 2093 4378">
    <p class='ocr_par' dir='ltr' id='par_1_51' title="bbox 437 4306 2093 4378">
     <span class='ocr_line' id='line_1_52' title="bbox 437 4306 2093 4378; baseline -0.001 -16"><span class='ocrx_word' id='word_1_331' title='bbox 437 4324 591 4373; x_wconf 89' lang='lat' dir='ltr'>mus,</span> <span class='ocrx_word' id='word_1_332' title='bbox 628 4306 880 4362; x_wconf 87' lang='lat' dir='ltr'>ducente</span> <span class='ocrx_word' id='word_1_333' title='bbox 912 4306 1204 4374; x_wconf 85' lang='lat' dir='ltr'>exierunt,</span> <span class='ocrx_word' id='word_1_334' title='bbox 1241 4307 1394 4361; x_wconf 66' lang='grc' dir='ltr'>ααθ</span> <span class='ocrx_word' id='word_1_335' title='bbox 1429 4309 1556 4376; x_wconf 87' lang='lat' dir='ltr'>ipse</span> <span class='ocrx_word' id='word_1_336' title='bbox 1588 4308 1859 4360; x_wconf 85' lang='lat' dir='ltr'>Memnon</span> <span class='ocrx_word' id='word_1_337' title='bbox 1894 4307 2093 4378; x_wconf 89' lang='lat' dir='ltr'>splen-</span> 
     </span>
    </p>
   </div>
   <div class='ocr_carea' id='block_1_52' title="bbox 435 4394 2092 4465">
    <p class='ocr_par' dir='ltr' id='par_1_52' title="bbox 435 4394 2092 4465">
     <span class='ocr_line' id='line_1_53' title="bbox 435 4394 2092 4465; baseline 0.001 -17"><span class='ocrx_word' id='word_1_338' title='bbox 435 4395 571 4448; x_wconf 89' lang='lat' dir='ltr'>dide</span> <span class='ocrx_word' id='word_1_339' title='bbox 602 4411 779 4448; x_wconf 89' lang='lat' dir='ltr'>curru</span> <span class='ocrx_word' id='word_1_340' title='bbox 810 4394 1215 4450; x_wconf 86' lang='lat' dir='ltr'>invehebatur.</span> <span class='ocrx_word' id='word_1_341' title='bbox 1260 4394 1703 4465; x_wconf 89' lang='lat' dir='ltr'>Ohstupuerunt</span> <span class='ocrx_word' id='word_1_342' title='bbox 1734 4396 1938 4454; x_wconf 74' lang='lat' dir='ltr'>Grmci.</span> <span class='ocrx_word' id='word_1_343' title='bbox 1971 4394 2092 4465; x_wconf 81' lang='lat' dir='ltr'>gla-</span> 
     </span>
    </p>
   </div>
   <div class='ocr_carea' id='block_1_53' title="bbox 430 4480 2096 4552">
    <p class='ocr_par' dir='ltr' id='par_1_53' title="bbox 430 4480 2096 4552">
     <span class='ocr_line' id='line_1_54' title="bbox 430 4480 2096 4552; baseline 0.001 -17"><span class='ocrx_word' id='word_1_344' title='bbox 430 4482 560 4536; x_wconf 90' lang='lat' dir='ltr'>dios</span> <span class='ocrx_word' id='word_1_345' title='bbox 592 4498 877 4551; x_wconf 89' lang='lat' dir='ltr'>armaque</span> <span class='ocrx_word' id='word_1_346' title='bbox 930 4487 1243 4536; x_wconf 87' lang='lat' dir='ltr'>cernentes</span> <span class='ocrx_word' id='word_1_347' title='bbox 1302 4480 1616 4548; x_wconf 86' lang='lat' dir='ltr'>terribilia,</span> <span class='ocrx_word' id='word_1_348' title='bbox 1672 4482 2004 4552; x_wconf 82' lang='lat' dir='ltr'>fundasque</span> <span class='ocrx_word' id='word_1_349' title='bbox 2037 4487 2096 4537; x_wconf 90' lang='lat' dir='ltr'>et</span> 
     </span>
    </p>
   </div>
   <div class='ocr_carea' id='block_1_54' title="bbox 432 4566 2169 4643">
    <p class='ocr_par' dir='ltr' id='par_1_54' title="bbox 432 4566 2169 4643">
     <span class='ocr_line' id='line_1_55' title="bbox 432 4566 2169 4643; baseline 0.001 -17"><span class='ocrx_word' id='word_1_350' title='bbox 432 4570 722 4642; x_wconf 85' lang='lat' dir='ltr'>quadrata</span> <span class='ocrx_word' id='word_1_351' title='bbox 777 4577 962 4638; x_wconf 89' lang='lat' dir='ltr'>scuta,</span> <span class='ocrx_word' id='word_1_352' title='bbox 1014 4572 1354 4641; x_wconf 89' lang='lat' dir='ltr'>multosque</span> <span class='ocrx_word' id='word_1_353' title='bbox 1410 4571 1711 4643; x_wconf 71' lang='lat' dir='ltr'>Ethiopes</span> <span class='ocrx_word' id='word_1_354' title='bbox 1765 4566 2169 4634; x_wconf 86' lang='lat' dir='ltr'>horrendosD</span> 
     </span>
    </p>
   </div>
   <div class='ocr_carea' id='block_1_55' title="bbox 438 4658 2089 4731">
    <p class='ocr_par' dir='ltr' id='par_1_55' title="bbox 438 4658 2089 4731">
     <span class='ocr_line' id='line_1_56' title="bbox 438 4658 2089 4731; baseline 0.002 -20"><span class='ocrx_word' id='word_1_355' title='bbox 438 4658 708 4714; x_wconf 84' lang='lat' dir='ltr'>homines</span> <span class='ocrx_word' id='word_1_356' title='bbox 751 4658 1067 4715; x_wconf 86' lang='lat' dir='ltr'>irruentes.</span> <span class='ocrx_word' id='word_1_357' title='bbox 1129 4658 1240 4714; x_wconf 90' lang='lat' dir='ltr'>Sed</span> <span class='ocrx_word' id='word_1_358' title='bbox 1285 4664 1346 4713; x_wconf 89' lang='lat' dir='ltr'>et</span> <span class='ocrx_word' id='word_1_359' title='bbox 1390 4659 1625 4729; x_wconf 88' lang='lat' dir='ltr'>Trojani</span> <span class='ocrx_word' id='word_1_360' title='bbox 1682 4675 1895 4731; x_wconf 86' lang='lat' dir='ltr'>magno</span> <span class='ocrx_word' id='word_1_361' title='bbox 1952 4676 2089 4716; x_wconf 91' lang='lat' dir='ltr'>cum</span> 
     </span>
    </p>
   </div>
   <div class='ocr_carea' id='block_1_56' title="bbox 434 4747 2089 4819">
    <p class='ocr_par' dir='ltr' id='par_1_56' title="bbox 434 4747 2089 4819">
     <span class='ocr_line' id='line_1_57' title="bbox 434 4747 2089 4819; baseline 0.001 -16"><span class='ocrx_word' id='word_1_362' title='bbox 434 4748 696 4803; x_wconf 88' lang='lat' dir='ltr'>clamore</span> <span class='ocrx_word' id='word_1_363' title='bbox 754 4752 811 4800; x_wconf 89' lang='lat' dir='ltr'>et</span> <span class='ocrx_word' id='word_1_364' title='bbox 873 4747 1028 4803; x_wconf 90' lang='lat' dir='ltr'>saltu</span> <span class='ocrx_word' id='word_1_365' title='bbox 1082 4748 1371 4818; x_wconf 88' lang='lat' dir='ltr'>impetum</span> <span class='ocrx_word' id='word_1_366' title='bbox 1425 4747 1638 4804; x_wconf 88' lang='lat' dir='ltr'>dantes</span> <span class='ocrx_word' id='word_1_367' title='bbox 1692 4748 1985 4819; x_wconf 86' lang='lat' dir='ltr'>plurimos</span> <span class='ocrx_word' id='word_1_368' title='bbox 2017 4749 2089 4805; x_wconf 87' lang='lat' dir='ltr'>de</span> 
     </span>
    </p>
   </div>
   <div class='ocr_carea' id='block_1_57' title="bbox 435 4837 2087 4909">
    <p class='ocr_par' dir='ltr' id='par_1_57' title="bbox 435 4837 2087 4909">
     <span class='ocr_line' id='line_1_58' title="bbox 435 4837 2087 4909; baseline -0.001 -13"><span class='ocrx_word' id='word_1_369' title='bbox 435 4838 652 4896; x_wconf 70' lang='lat' dir='ltr'>Graacis</span> <span class='ocrx_word' id='word_1_370' title='bbox 674 4837 1127 4893; x_wconf 82' lang='lat' dir='ltr'>interﬁciebant.</span> <span class='ocrx_word' id='word_1_371' title='bbox 1161 4838 1362 4909; x_wconf 88' lang='lat' dir='ltr'>itaque</span> <span class='ocrx_word' id='word_1_372' title='bbox 1385 4839 1596 4893; x_wconf 89' lang='lat' dir='ltr'>borum</span> <span class='ocrx_word' id='word_1_373' title='bbox 1620 4839 1802 4894; x_wconf 89' lang='lat' dir='ltr'>duces</span> <span class='ocrx_word' id='word_1_374' title='bbox 1817 4838 2087 4895; x_wconf 75' lang='lat' dir='ltr'>multitu-</span> 
     </span>
    </p>
   </div>
   <div class='ocr_carea' id='block_1_58' title="bbox 431 4927 2091 4993">
    <p class='ocr_par' dir='ltr' id='par_1_58' title="bbox 431 4927 2091 4993">
     <span class='ocr_line' id='line_1_59' title="bbox 431 4927 2091 4993; baseline 0.001 -10"><span class='ocrx_word' id='word_1_375' title='bbox 431 4928 590 4983; x_wconf 87' lang='lat' dir='ltr'>diuis</span> <span class='ocrx_word' id='word_1_376' title='bbox 609 4927 955 4984; x_wconf 87' lang='lat' dir='ltr'>violentiam</span> <span class='ocrx_word' id='word_1_377' title='bbox 973 4943 1092 4982; x_wconf 92' lang='lat' dir='ltr'>non</span> <span class='ocrx_word' id='word_1_378' title='bbox 1118 4928 1501 4993; x_wconf 77' lang='lat' dir='ltr'>sustinentes,</span> <span class='ocrx_word' id='word_1_379' title='bbox 1527 4927 1602 4983; x_wconf 87' lang='lat' dir='ltr'>ad</span> <span class='ocrx_word' id='word_1_380' title='bbox 1624 4944 1803 4987; x_wconf 81' lang='lat' dir='ltr'>naves</span> <span class='ocrx_word' id='word_1_381' title='bbox 1833 4945 2091 4985; x_wconf 77' lang='lat' dir='ltr'>recesse-</span> 
     </span>
    </p>
   </div>
   <div class='ocr_carea' id='block_1_59' title="bbox 431 5016 2087 5089">
    <p class='ocr_par' dir='ltr' id='par_1_59' title="bbox 431 5016 2087 5089">
     <span class='ocr_line' id='line_1_60' title="bbox 431 5016 2087 5089; baseline 0 -15"><span class='ocrx_word' id='word_1_382' title='bbox 431 5023 572 5074; x_wconf 89' lang='lat' dir='ltr'>runt</span> <span class='ocrx_word' id='word_1_383' title='bbox 600 5038 614 5086; x_wconf 91' lang='lat'><strong>;</strong></span> <span class='ocrx_word' id='word_1_384' title='bbox 650 5034 783 5089; x_wconf 67' lang='lat' dir='ltr'>quas</span> <span class='ocrx_word' id='word_1_385' title='bbox 807 5023 866 5073; x_wconf 91' lang='lat' dir='ltr'>et</span> <span class='ocrx_word' id='word_1_386' title='bbox 898 5017 1026 5089; x_wconf 86' lang='lat' dir='ltr'>ipse</span> <span class='ocrx_word' id='word_1_387' title='bbox 1060 5022 1185 5072; x_wconf 90' lang='lat' dir='ltr'>tum</span> <span class='ocrx_word' id='word_1_388' title='bbox 1217 5016 1473 5075; x_wconf 80' lang='lat' dir='ltr'>fuissent</span> <span class='ocrx_word' id='word_1_389' title='bbox 1499 5033 1534 5073; x_wconf 91' lang='lat' dir='ltr'>a</span> <span class='ocrx_word' id='word_1_390' title='bbox 1558 5017 1828 5073; x_wconf 88' lang='lat' dir='ltr'>barbaris</span> <span class='ocrx_word' id='word_1_391' title='bbox 1856 5035 2087 5077; x_wconf 85' lang='lat' dir='ltr'>crema-</span> 
     </span>
    </p>
   </div>
   <div class='ocr_carea' id='block_1_60' title="bbox 428 5106 2084 5177">
    <p class='ocr_par' dir='ltr' id='par_1_60' title="bbox 428 5106 2084 5177">
     <span class='ocr_line' id='line_1_61' title="bbox 428 5106 2084 5177; baseline 0 -14"><span class='ocrx_word' id='word_1_392' title='bbox 428 5113 522 5175; x_wconf 83' lang='grc' dir='ltr'>ιω,</span> <span class='ocrx_word' id='word_1_393' title='bbox 547 5108 663 5163; x_wconf 89' lang='lat' dir='ltr'>nisi</span> <span class='ocrx_word' id='word_1_394' title='bbox 688 5123 805 5163; x_wconf 87' lang='lat' dir='ltr'>nox</span> <span class='ocrx_word' id='word_1_395' title='bbox 823 5106 1248 5177; x_wconf 86' lang='lat' dir='ltr'>superveniens</span> <span class='ocrx_word' id='word_1_396' title='bbox 1268 5123 1473 5161; x_wconf 91' lang='lat' dir='ltr'>eorum</span> <span class='ocrx_word' id='word_1_397' title='bbox 1493 5112 1770 5162; x_wconf 89' lang='lat' dir='ltr'>conatum</span> <span class='ocrx_word' id='word_1_398' title='bbox 1793 5108 2084 5163; x_wconf 83' lang='lat' dir='ltr'>inhibuis-</span> 
     </span>
    </p>
   </div>
   <div class='ocr_carea' id='block_1_61' title="bbox 432 5196 2087 5268">
    <p class='ocr_par' dir='ltr' id='par_1_61' title="bbox 432 5196 2087 5268">
     <span class='ocr_line' id='line_1_62' title="bbox 432 5196 2087 5268; baseline 0.002 -16"><span class='ocrx_word' id='word_1_399' title='bbox 432 5203 541 5252; x_wconf 74' lang='lat' dir='ltr'>set.</span> <span class='ocrx_word' id='word_1_400' title='bbox 575 5198 716 5253; x_wconf 87' lang='lat' dir='ltr'>Orta</span> <span class='ocrx_word' id='word_1_401' title='bbox 756 5203 931 5253; x_wconf 88' lang='lat' dir='ltr'>nocte</span> <span class='ocrx_word' id='word_1_402' title='bbox 989 5196 1172 5252; x_wconf 69' lang='lat' dir='ltr'>Graeci</span> <span class='ocrx_word' id='word_1_403' title='bbox 1230 5197 1515 5253; x_wconf 87' lang='lat' dir='ltr'>cadavera</span> <span class='ocrx_word' id='word_1_404' title='bbox 1565 5213 1810 5253; x_wconf 89' lang='lat' dir='ltr'>suorum</span> <span class='ocrx_word' id='word_1_405' title='bbox 1867 5198 1966 5268; x_wconf 85' lang='lat' dir='ltr'>qui</span> <span class='ocrx_word' id='word_1_406' title='bbox 2026 5198 2087 5255; x_wconf 87' lang='lat' dir='ltr'>in</span> 
     </span>
    </p>
   </div>
   <div class='ocr_carea' id='block_1_62' title="bbox 429 5286 2084 5364">
    <p class='ocr_par' dir='ltr' id='par_1_62' title="bbox 429 5286 2084 5364">
     <span class='ocr_line' id='line_1_63' title="bbox 429 5286 2084 5364; baseline 0.005 -24"><span class='ocrx_word' id='word_1_407' title='bbox 429 5286 637 5357; x_wconf 69' lang='lat' dir='ltr'>praelio</span> <span class='ocrx_word' id='word_1_408' title='bbox 658 5287 1018 5356; x_wconf 87' lang='lat' dir='ltr'>ceciderant,</span> <span class='ocrx_word' id='word_1_409' title='bbox 1050 5287 1531 5344; x_wconf 87' lang='lat' dir='ltr'>combusserunt.</span> <span class='ocrx_word' id='word_1_410' title='bbox 1565 5288 1915 5364; x_wconf 76' lang='lat' dir='ltr'>sauciosque</span> <span class='ocrx_word' id='word_1_411' title='bbox 1946 5288 2084 5349; x_wconf 80' lang='lat' dir='ltr'>dili-</span> 
     </span>
    </p>
   </div>
   <div class='ocr_carea' id='block_1_63' title="bbox 430 5377 2083 5449">
    <p class='ocr_par' dir='ltr' id='par_1_63' title="bbox 430 5377 2083 5449">
     <span class='ocr_line' id='line_1_64' title="bbox 430 5377 2083 5449; baseline 0.003 -18"><span class='ocrx_word' id='word_1_412' title='bbox 430 5380 641 5448; x_wconf 77' lang='lat' dir='ltr'>genter</span> <span class='ocrx_word' id='word_1_413' title='bbox 667 5383 1039 5434; x_wconf 88' lang='lat' dir='ltr'>curaverunt.</span> <span class='ocrx_word' id='word_1_414' title='bbox 1100 5377 1184 5431; x_wconf 89' lang='lat' dir='ltr'>lbi</span> <span class='ocrx_word' id='word_1_415' title='bbox 1218 5394 1354 5432; x_wconf 89' lang='lat' dir='ltr'>cum</span> <span class='ocrx_word' id='word_1_416' title='bbox 1400 5378 1691 5449; x_wconf 85' lang='lat' dir='ltr'>primores</span> <span class='ocrx_word' id='word_1_417' title='bbox 1749 5380 2083 5436; x_wconf 73' lang='lat' dir='ltr'>Grmcorum</span> 
     </span>
    </p>
   </div>
   <div class='ocr_carea' id='block_1_64' title="bbox 432 5465 2084 5546">
    <p class='ocr_par' dir='ltr' id='par_1_64' title="bbox 432 5465 2084 5546">
     <span class='ocr_line' id='line_1_65' title="bbox 432 5465 2084 5546; baseline 0.004 -25"><span class='ocrx_word' id='word_1_418' title='bbox 432 5465 843 5523; x_wconf 87' lang='lat' dir='ltr'>consultarent</span> <span class='ocrx_word' id='word_1_419' title='bbox 872 5467 1149 5539; x_wconf 87' lang='lat' dir='ltr'>quisnam</span> <span class='ocrx_word' id='word_1_420' title='bbox 1196 5466 1332 5523; x_wconf 89' lang='lat' dir='ltr'>aliis</span> <span class='ocrx_word' id='word_1_421' title='bbox 1353 5468 1511 5524; x_wconf 90' lang='lat' dir='ltr'>circa</span> <span class='ocrx_word' id='word_1_422' title='bbox 1560 5466 1711 5523; x_wconf 90' lang='lat' dir='ltr'>alios</span> <span class='ocrx_word' id='word_1_423' title='bbox 1760 5471 2084 5546; x_wconf 90' lang='lat' dir='ltr'>occupatis,</span> 
     </span>
    </p>
   </div>
   <div class='ocr_carea' id='block_1_65' title="bbox 428 5553 2084 5629">
    <p class='ocr_par' dir='ltr' id='par_1_65' title="bbox 428 5553 2084 5629">
     <span class='ocr_line' id='line_1_66' title="bbox 428 5553 2084 5629; baseline 0.004 -19"><span class='ocrx_word' id='word_1_424' title='bbox 428 5570 564 5610; x_wconf 89' lang='lat' dir='ltr'>cum</span> <span class='ocrx_word' id='word_1_425' title='bbox 599 5553 914 5611; x_wconf 89' lang='lat' dir='ltr'>Memnone</span> <span class='ocrx_word' id='word_1_426' title='bbox 945 5572 1189 5613; x_wconf 86' lang='lat' dir='ltr'>manum</span> <span class='ocrx_word' id='word_1_427' title='bbox 1222 5572 1533 5615; x_wconf 83' lang='lat' dir='ltr'>conserere</span> <span class='ocrx_word' id='word_1_428' title='bbox 1565 5557 1830 5629; x_wconf 80' lang='lat' dir='ltr'>auderet,</span> <span class='ocrx_word' id='word_1_429' title='bbox 1864 5558 1921 5615; x_wconf 89' lang='lat' dir='ltr'>id</span> <span class='ocrx_word' id='word_1_430' title='bbox 1951 5578 2084 5616; x_wconf 82' lang='lat' dir='ltr'>mu-</span> 
     </span>
    </p>
   </div>
   <div class='ocr_carea' id='block_1_66' title="bbox 426 5642 2082 5718">
    <p class='ocr_par' dir='ltr' id='par_1_66' title="bbox 426 5642 2082 5718">
     <span class='ocr_line' id='line_1_67' title="bbox 426 5642 2082 5718; baseline 0.004 -18"><span class='ocrx_word' id='word_1_431' title='bbox 426 5642 779 5715; x_wconf 82' lang='lat' dir='ltr'>nerisAjaci</span> <span class='ocrx_word' id='word_1_432' title='bbox 832 5644 1169 5699; x_wconf 85' lang='lat' dir='ltr'>Telamonis</span> <span class='ocrx_word' id='word_1_433' title='bbox 1229 5646 1351 5700; x_wconf 82' lang='lat' dir='ltr'>filio</span> <span class='ocrx_word' id='word_1_434' title='bbox 1418 5652 1575 5701; x_wconf 86' lang='lat' dir='ltr'>sorte</span> <span class='ocrx_word' id='word_1_435' title='bbox 1643 5646 1869 5718; x_wconf 86' lang='lat' dir='ltr'>obtigit.</span> <span class='ocrx_word' id='word_1_436' title='bbox 1932 5652 2082 5706; x_wconf 80' lang='lat' dir='ltr'>Ante</span> 
     </span>
    </p>
   </div>
   <div class='ocr_carea' id='block_1_67' title="bbox 2223 826 3881 905">
    <p class='ocr_par' dir='ltr' id='par_1_67' title="bbox 2223 826 3881 905">
     <span class='ocr_line' id='line_1_68' title="bbox 2223 826 3881 905; baseline -0.003 -14"><span class='ocrx_word' id='word_1_437' title='bbox 2223 834 2535 905; x_wconf 76' lang='grc' dir='ltr'>Ἑλλήνων,</span> <span class='ocrx_word' id='word_1_438' title='bbox 2619 829 2712 886; x_wconf 83' lang='grc' dir='ltr'>καὶ</span> <span class='ocrx_word' id='word_1_439' title='bbox 2782 828 2987 889; x_wconf 77' lang='grc' dir='ltr'>πάντας</span> <span class='ocrx_word' id='word_1_440' title='bbox 3069 827 3272 884; x_wconf 64' lang='grc' dir='ltr'>ἱκέτευε</span> <span class='ocrx_word' id='word_1_441' title='bbox 3338 826 3881 903; x_wconf 84' lang='grc' dir='ltr'>προκυλινδούμενος</span> 
     </span>
    </p>
   </div>
   <div class='ocr_carea' id='block_1_68' title="bbox 2223 913 3881 993">
    <p class='ocr_par' dir='ltr' id='par_1_68' title="bbox 2223 913 3881 993">
     <span class='ocr_line' id='line_1_69' title="bbox 2223 913 3881 993; baseline -0.002 -15"><span class='ocrx_word' id='word_1_442' title='bbox 2223 924 2400 984; x_wconf 62' lang='lat' dir='ltr'>intra;</span> <span class='ocrx_word' id='word_1_443' title='bbox 2438 920 2533 976; x_wconf 79' lang='grc' dir='ltr'>σὺν</span> <span class='ocrx_word' id='word_1_444' title='bbox 2594 918 2743 989; x_wconf 79' lang='grc' dir='ltr'>αὐτῷ</span> <span class='ocrx_word' id='word_1_445' title='bbox 2790 916 2927 990; x_wconf 82' lang='grc' dir='ltr'>πρὸς</span> <span class='ocrx_word' id='word_1_446' title='bbox 2987 913 3257 989; x_wconf 73' lang='grc' dir='ltr'>Ἀχιλλέα</span> <span class='ocrx_word' id='word_1_447' title='bbox 3313 914 3555 993; x_wconf 75' lang='grc' dir='ltr'>γενέσθαι</span> <span class='ocrx_word' id='word_1_448' title='bbox 3593 921 3691 973; x_wconf 75' lang='grc' dir='ltr'>τοῦ</span> <span class='ocrx_word' id='word_1_449' title='bbox 3747 916 3881 975; x_wconf 81' lang='grc' dir='ltr'>ἀπο·</span> 
     </span>
    </p>
   </div>
   <div class='ocr_carea' id='block_1_69' title="bbox 2221 1005 3879 1086">
    <p class='ocr_par' dir='ltr' id='par_1_69' title="bbox 2221 1005 3879 1086">
     <span class='ocr_line' id='line_1_70' title="bbox 2221 1005 3879 1086; baseline -0.008 -18"><span class='ocrx_word' id='word_1_450' title='bbox 2221 1011 2601 1086; x_wconf 77' lang='grc' dir='ltr'>λυτρώσασθαι</span> <span class='ocrx_word' id='word_1_451' title='bbox 2629 1007 2694 1063; x_wconf 81' lang='grc' dir='ltr'>τὸ</span> <span class='ocrx_word' id='word_1_452' title='bbox 2726 1009 2887 1079; x_wconf 79' lang='grc' dir='ltr'>σῶμα</span> <span class='ocrx_word' id='word_1_453' title='bbox 2912 1010 3011 1061; x_wconf 82' lang='grc' dir='ltr'>τυῦ</span> <span class='ocrx_word' id='word_1_454' title='bbox 3067 1006 3350 1080; x_wconf 75' lang='grc' dir='ltr'>Ἕκτορος.</span> <span class='ocrx_word' id='word_1_455' title='bbox 3407 1005 3504 1061; x_wconf 78' lang='grc' dir='ltr'>Καὶ</span> <span class='ocrx_word' id='word_1_456' title='bbox 3561 1026 3623 1081; x_wconf 79' lang='grc' dir='ltr'>γε</span> <span class='ocrx_word' id='word_1_457' title='bbox 3679 1005 3879 1077; x_wconf 79' lang='grc' dir='ltr'>ᾦκτεί.</span> 
     </span>
    </p>
   </div>
   <div class='ocr_carea' id='block_1_70' title="bbox 2224 1092 3884 1178">
    <p class='ocr_par' dir='ltr' id='par_1_70' title="bbox 2224 1092 3884 1178">
     <span class='ocr_line' id='line_1_71' title="bbox 2224 1092 3884 1178; baseline -0.005 -21"><span class='ocrx_word' id='word_1_458' title='bbox 2224 1123 2391 1178; x_wconf 84' lang='grc' dir='ltr'>ρησαν</span> <span class='ocrx_word' id='word_1_459' title='bbox 2427 1097 2782 1171; x_wconf 66' lang='grc' dir='ltr'>ἔκπλαγὲντες</span> <span class='ocrx_word' id='word_1_460' title='bbox 2814 1097 2899 1168; x_wconf 85' lang='grc' dir='ltr'>[Ρ.</span> <span class='ocrx_word' id='word_1_461' title='bbox 2934 1096 3059 1166; x_wconf 74' lang='grc'>428]</span> <span class='ocrx_word' id='word_1_462' title='bbox 3114 1095 3215 1163; x_wconf 74' lang='grc' dir='ltr'>τήν</span> <span class='ocrx_word' id='word_1_463' title='bbox 3270 1092 3482 1167; x_wconf 85' lang='grc' dir='ltr'>τόλμαν</span> <span class='ocrx_word' id='word_1_464' title='bbox 3534 1098 3632 1152; x_wconf 79' lang='grc' dir='ltr'>τοῦ</span> <span class='ocrx_word' id='word_1_465' title='bbox 3685 1094 3884 1169; x_wconf 74' lang='grc' dir='ltr'>γίρυν-</span> 
     </span>
    </p>
   </div>
   <div class='ocr_carea' id='block_1_71' title="bbox 2218 1179 3879 1263">
    <p class='ocr_par' dir='ltr' id='par_1_71' title="bbox 2218 1179 3879 1263">
     <span class='ocr_line' id='line_1_72' title="bbox 2218 1179 3879 1263; baseline -0.005 -15"><span class='ocrx_word' id='word_1_466' title='bbox 2218 1212 2313 1255; x_wconf 91' lang='grc' dir='ltr'>τος</span> <span class='ocrx_word' id='word_1_467' title='bbox 2362 1191 2591 1263; x_wconf 70' lang='grc' dir='ltr'>Νέστωρ</span> <span class='ocrx_word' id='word_1_468' title='bbox 2669 1186 2760 1245; x_wconf 80' lang='grc' dir='ltr'>καὶ</span> <span class='ocrx_word' id='word_1_469' title='bbox 2847 1181 3163 1249; x_wconf 80' lang='grc' dir='ltr'>Ἰδομενεύς’</span> <span class='ocrx_word' id='word_1_470' title='bbox 3226 1179 3286 1239; x_wconf 72' lang='grc' dir='ltr'>οἵ</span> <span class='ocrx_word' id='word_1_471' title='bbox 3327 1184 3424 1241; x_wconf 80' lang='grc' dir='ltr'>’καὶ</span> <span class='ocrx_word' id='word_1_472' title='bbox 3479 1183 3879 1258; x_wconf 80' lang='grc' dir='ltr'>προσελθόντες</span> 
     </span>
    </p>
   </div>
   <div class='ocr_carea' id='block_1_72' title="bbox 2224 1270 3881 1354">
    <p class='ocr_par' dir='ltr' id='par_1_72' title="bbox 2224 1270 3881 1354">
     <span class='ocr_line' id='line_1_73' title="bbox 2224 1270 3881 1354; baseline -0.006 -17"><span class='ocrx_word' id='word_1_473' title='bbox 2224 1279 2476 1354; x_wconf 76' lang='grc' dir='ltr'>Πριάμου</span> <span class='ocrx_word' id='word_1_474' title='bbox 2514 1276 2590 1339; x_wconf 77' lang='grc' dir='ltr'>εἰς</span> <span class='ocrx_word' id='word_1_475' title='bbox 2643 1276 2747 1345; x_wconf 78' lang='grc' dir='ltr'>τὴν</span> <span class='ocrx_word' id='word_1_476' title='bbox 2806 1274 3011 1345; x_wconf 75' lang='grc' dir='ltr'>σκηνὴν</span> <span class='ocrx_word' id='word_1_477' title='bbox 3067 1270 3424 1344; x_wconf 74' lang='grc' dir='ltr'>ὶδυσὼπησαν</span> <span class='ocrx_word' id='word_1_478' title='bbox 3483 1272 3575 1330; x_wconf 81' lang='grc' dir='ltr'>καὶ</span> <span class='ocrx_word' id='word_1_479' title='bbox 3632 1272 3881 1347; x_wconf 74' lang='grc' dir='ltr'>Πρίαμον</span> 
     </span>
    </p>
   </div>
   <div class='ocr_carea' id='block_1_73' title="bbox 2222 1358 3881 1436">
    <p class='ocr_par' dir='ltr' id='par_1_73' title="bbox 2222 1358 3881 1436">
     <span class='ocr_line' id='line_1_74' title="bbox 2222 1358 3881 1436; baseline -0.004 -13"><span class='ocrx_word' id='word_1_480' title='bbox 2222 1368 2505 1428; x_wconf 79' lang='grc' dir='ltr'>εἰσελθεῖν.</span> <span class='ocrx_word' id='word_1_481' title='bbox 2548 1368 2649 1431; x_wconf 86' lang='grc' dir='ltr'>Ὃς</span> <span class='ocrx_word' id='word_1_482' title='bbox 2702 1365 2853 1423; x_wconf 89' lang='grc' dir='ltr'>κόνιν</span> <span class='ocrx_word' id='word_1_483' title='bbox 2901 1363 3041 1421; x_wconf 77' lang='grc' dir='ltr'>κατὰ</span> <span class='ocrx_word' id='word_1_484' title='bbox 3092 1360 3335 1436; x_wconf 75' lang='grc' dir='ltr'>κεφαλῆς</span> <span class='ocrx_word' id='word_1_485' title='bbox 3396 1358 3541 1436; x_wconf 77' lang='grc' dir='ltr'>ἔχων</span> <span class='ocrx_word' id='word_1_486' title='bbox 3600 1358 3714 1435; x_wconf 76' lang='grc' dir='ltr'>ἅμα</span> <span class='ocrx_word' id='word_1_487' title='bbox 3764 1362 3881 1419; x_wconf 74' lang='grc' dir='ltr'>Ἀνο</span> 
     </span>
    </p>
   </div>
   <div class='ocr_carea' id='block_1_74' title="bbox 2221 1449 3874 1536">
    <p class='ocr_par' dir='ltr' id='par_1_74' title="bbox 2221 1449 3874 1536">
     <span class='ocr_line' id='line_1_75' title="bbox 2221 1449 3874 1536; baseline -0.007 -19"><span class='ocrx_word' id='word_1_488' title='bbox 2221 1456 2481 1536; x_wconf 73' lang='grc' dir='ltr'>δρομὰχῃ</span> <span class='ocrx_word' id='word_1_489' title='bbox 2561 1455 2652 1515; x_wconf 78' lang='grc' dir='ltr'>καὶ</span> <span class='ocrx_word' id='word_1_490' title='bbox 2720 1459 2837 1516; x_wconf 86' lang='grc' dir='ltr'>τοῖς</span> <span class='ocrx_word' id='word_1_491' title='bbox 2889 1452 3072 1511; x_wconf 81' lang='grc' dir='ltr'>παισὶν</span> <span class='ocrx_word' id='word_1_492' title='bbox 3125 1451 3212 1509; x_wconf 71' lang='grc' dir='ltr'>ἐπὶ</span> <span class='ocrx_word' id='word_1_493' title='bbox 3265 1452 3563 1526; x_wconf 85' lang='grc' dir='ltr'>πρόσωπον</span> <span class='ocrx_word' id='word_1_494' title='bbox 3617 1449 3874 1514; x_wconf 70' lang='grc' dir='ltr'>πέσοντες</span> 
     </span>
    </p>
   </div>
   <div class='ocr_carea' id='block_1_75' title="bbox 2218 1535 3878 1623">
    <p class='ocr_par' dir='ltr' id='par_1_75' title="bbox 2218 1535 3878 1623">
     <span class='ocr_line' id='line_1_76' title="bbox 2218 1535 3878 1623; baseline -0.007 -16"><span class='ocrx_word' id='word_1_495' title='bbox 2218 1546 2298 1611; x_wconf 70' lang='grc' dir='ltr'>εἲς</span> <span class='ocrx_word' id='word_1_496' title='bbox 2325 1535 2622 1623; x_wconf 73' lang='grc' dir='ltr'>τοῦδαφος,</span> <span class='ocrx_word' id='word_1_497' title='bbox 2660 1540 2921 1620; x_wconf 70' lang='grc' dir='ltr'>μεγάλαις</span> <span class='ocrx_word' id='word_1_498' title='bbox 2959 1535 3231 1599; x_wconf 78' lang='grc' dir='ltr'>κατεϐόων</span> <span class='ocrx_word' id='word_1_499' title='bbox 3293 1538 3707 1614; x_wconf 70' lang='grc' dir='ltr'>οἷκτειρηθῆναι</span> <span class='ocrx_word' id='word_1_500' title='bbox 3762 1560 3878 1615; x_wconf 89' lang='grc' dir='ltr'>φω-</span> 
     </span>
    </p>
   </div>
   <div class='ocr_carea' id='block_1_76' title="bbox 2218 1627 3880 1708">
    <p class='ocr_par' dir='ltr' id='par_1_76' title="bbox 2218 1627 3880 1708">
     <span class='ocr_line' id='line_1_77' title="bbox 2218 1627 3880 1708; baseline -0.006 -15"><span class='ocrx_word' id='word_1_501' title='bbox 2218 1644 2359 1700; x_wconf 79' lang='grc' dir='ltr'>ναῖς.</span> <span class='ocrx_word' id='word_1_502' title='bbox 2441 1634 2718 1708; x_wconf 66' lang='grc' dir='ltr'>Πολυξένη</span> <span class='ocrx_word' id='word_1_503' title='bbox 2815 1631 2872 1689; x_wconf 80' lang='grc' dir='ltr'>δὶ</span> <span class='ocrx_word' id='word_1_504' title='bbox 2940 1632 3062 1697; x_wconf 74' lang='grc' dir='ltr'>τοῖς</span> <span class='ocrx_word' id='word_1_505' title='bbox 3115 1629 3428 1706; x_wconf 70' lang='grc' dir='ltr'>Ἀχιλλέως</span> <span class='ocrx_word' id='word_1_506' title='bbox 3482 1627 3880 1701; x_wconf 77' lang='grc' dir='ltr'>περιπλακεῖσα</span> 
     </span>
    </p>
   </div>
   <div class='ocr_carea' id='block_1_77' title="bbox 2218 1716 3880 1799">
    <p class='ocr_par' dir='ltr' id='par_1_77' title="bbox 2218 1716 3880 1799">
     <span class='ocr_line' id='line_1_78' title="bbox 2218 1716 3880 1799; baseline -0.009 -14"><span class='ocrx_word' id='word_1_507' title='bbox 2218 1728 2346 1785; x_wconf 83' lang='grc' dir='ltr'>ποσῖ</span> <span class='ocrx_word' id='word_1_508' title='bbox 2397 1725 2521 1799; x_wconf 78' lang='grc' dir='ltr'>περὶ</span> <span class='ocrx_word' id='word_1_509' title='bbox 2594 1728 2695 1783; x_wconf 76' lang='grc' dir='ltr'>τοῦ</span> <span class='ocrx_word' id='word_1_510' title='bbox 2754 1720 2993 1799; x_wconf 80' lang='grc' dir='ltr'>ἂδελφοῦ</span> <span class='ocrx_word' id='word_1_511' title='bbox 3049 1719 3218 1791; x_wconf 77' lang='grc' dir='ltr'>αὐτῆς</span> <span class='ocrx_word' id='word_1_512' title='bbox 3263 1721 3528 1794; x_wconf 76' lang='grc' dir='ltr'>Ἕκτορος</span> <span class='ocrx_word' id='word_1_513' title='bbox 3578 1716 3880 1793; x_wconf 77' lang='grc' dir='ltr'>διωλύγιον</span> 
     </span>
    </p>
   </div>
   <div class='ocr_carea' id='block_1_78' title="bbox 2219 1805 3875 1890">
    <p class='ocr_par' dir='ltr' id='par_1_78' title="bbox 2219 1805 3875 1890">
     <span class='ocr_line' id='line_1_79' title="bbox 2219 1805 3875 1890; baseline -0.005 -19"><span class='ocrx_word' id='word_1_514' title='bbox 2219 1816 2421 1875; x_wconf 67' lang='grc' dir='ltr'>ἱκετευε</span> <span class='ocrx_word' id='word_1_515' title='bbox 2449 1818 2766 1890; x_wconf 76' lang='grc' dir='ltr'>κεκραγυῖα,</span> <span class='ocrx_word' id='word_1_516' title='bbox 2800 1810 2981 1886; x_wconf 79' lang='grc' dir='ltr'>μὲνειν</span> <span class='ocrx_word' id='word_1_517' title='bbox 3010 1829 3069 1866; x_wconf 88' lang='grc' dir='ltr'>τε</span> <span class='ocrx_word' id='word_1_518' title='bbox 3107 1810 3200 1869; x_wconf 79' lang='grc' dir='ltr'>σὺν</span> <span class='ocrx_word' id='word_1_519' title='bbox 3233 1809 3385 1882; x_wconf 77' lang='grc' dir='ltr'>αὓτῷ</span> <span class='ocrx_word' id='word_1_520' title='bbox 3438 1808 3527 1865; x_wconf 78' lang='grc' dir='ltr'>καὶ</span> <span class='ocrx_word' id='word_1_521' title='bbox 3597 1805 3875 1865; x_wconf 72' lang='grc' dir='ltr'>δουλεύειν</span> 
     </span>
    </p>
   </div>
   <div class='ocr_carea' id='block_1_79' title="bbox 2216 1892 3876 1981">
    <p class='ocr_par' dir='ltr' id='par_1_79' title="bbox 2216 1892 3876 1981">
     <span class='ocr_line' id='line_1_80' title="bbox 2216 1892 3876 1981; baseline -0.007 -20"><span class='ocrx_word' id='word_1_522' title='bbox 2216 1902 2698 1981; x_wconf 64' lang='grc' dir='ltr'>ἃπαγγελλομινη,</span> <span class='ocrx_word' id='word_1_523' title='bbox 2758 1899 2804 1959; x_wconf 79' lang='grc' dir='ltr'>εἰ</span> <span class='ocrx_word' id='word_1_524' title='bbox 2854 1894 3044 1975; x_wconf 76' lang='grc' dir='ltr'>ἀποδῷ</span> <span class='ocrx_word' id='word_1_525' title='bbox 3097 1898 3190 1959; x_wconf 86' lang='grc' dir='ltr'>τὸν</span> <span class='ocrx_word' id='word_1_526' title='bbox 3248 1897 3455 1973; x_wconf 86' lang='grc' dir='ltr'>νεκρόν.</span> <span class='ocrx_word' id='word_1_527' title='bbox 3502 1896 3571 1953; x_wconf 78' lang='lat' dir='ltr'>Oi</span> <span class='ocrx_word' id='word_1_528' title='bbox 3624 1892 3683 1953; x_wconf 78' lang='grc' dir='ltr'>δὶ</span> <span class='ocrx_word' id='word_1_529' title='bbox 3745 1895 3876 1970; x_wconf 83' lang='grc' dir='ltr'>περὶ</span> 
     </span>
    </p>
   </div>
   <div class='ocr_carea' id='block_1_80' title="bbox 2213 1983 3875 2066">
    <p class='ocr_par' dir='ltr' id='par_1_80' title="bbox 2213 1983 3875 2066">
     <span class='ocr_line' id='line_1_81' title="bbox 2213 1983 3875 2066; baseline -0.007 -16"><span class='ocrx_word' id='word_1_530' title='bbox 2213 1994 2306 2050; x_wconf 82' lang='grc' dir='ltr'>τὸν</span> <span class='ocrx_word' id='word_1_531' title='bbox 2352 1992 2615 2066; x_wconf 70' lang='grc' dir='ltr'>Νέστορα,</span> <span class='ocrx_word' id='word_1_532' title='bbox 2664 1990 2927 2063; x_wconf 72' lang='grc' dir='ltr'>οἰκτεῖραι</span> <span class='ocrx_word' id='word_1_533' title='bbox 2982 1987 3044 2045; x_wconf 81' lang='grc' dir='ltr'>τὸ</span> <span class='ocrx_word' id='word_1_534' title='bbox 3094 1993 3266 2063; x_wconf 78' lang='grc' dir='ltr'>γῆρας</span> <span class='ocrx_word' id='word_1_535' title='bbox 3324 1986 3473 2057; x_wconf 69' lang='grc' dir='ltr'>ἡξίον</span> <span class='ocrx_word' id='word_1_536' title='bbox 3531 1986 3622 2046; x_wconf 88' lang='grc' dir='ltr'>καὶ</span> <span class='ocrx_word' id='word_1_537' title='bbox 3680 1983 3875 2055; x_wconf 78' lang='grc' dir='ltr'>ἐλεεῖν,</span> 
     </span>
    </p>
   </div>
   <div class='ocr_carea' id='block_1_81' title="bbox 2216 2073 3872 2155">
    <p class='ocr_par' dir='ltr' id='par_1_81' title="bbox 2216 2073 3872 2155">
     <span class='ocr_line' id='line_1_82' title="bbox 2216 2073 3872 2155; baseline -0.01 -12"><span class='ocrx_word' id='word_1_538' title='bbox 2216 2083 2312 2143; x_wconf 83' lang='grc' dir='ltr'>Καὶ</span> <span class='ocrx_word' id='word_1_539' title='bbox 2345 2080 2573 2141; x_wconf 79' lang='grc' dir='ltr'>πολλῶν</span> <span class='ocrx_word' id='word_1_540' title='bbox 2623 2079 2677 2151; x_wconf 64' lang='grc' dir='ltr'>ἐξ</span> <span class='ocrx_word' id='word_1_541' title='bbox 2741 2079 3064 2155; x_wconf 72' lang='grc' dir='ltr'>ἀμφοτέρων</span> <span class='ocrx_word' id='word_1_542' title='bbox 3115 2074 3441 2145; x_wconf 66' lang='grc' dir='ltr'>κινηθέντων</span> <span class='ocrx_word' id='word_1_543' title='bbox 3498 2073 3682 2150; x_wconf 81' lang='grc' dir='ltr'>λόγων</span> <span class='ocrx_word' id='word_1_544' title='bbox 3716 2074 3872 2145; x_wconf 83' lang='grc' dir='ltr'>’ὀμως</span> 
     </span>
    </p>
   </div>
   <div class='ocr_carea' id='block_1_82' title="bbox 2214 2160 3873 2244">
    <p class='ocr_par' dir='ltr' id='par_1_82' title="bbox 2214 2160 3873 2244">
     <span class='ocr_line' id='line_1_83' title="bbox 2214 2160 3873 2244; baseline -0.008 -13"><span class='ocrx_word' id='word_1_545' title='bbox 2214 2174 2462 2232; x_wconf 62' lang='lat' dir='ltr'>inivssus</span> <span class='ocrx_word' id='word_1_546' title='bbox 2529 2170 2700 2244; x_wconf 80' lang='grc' dir='ltr'>λύτρα</span> <span class='ocrx_word' id='word_1_547' title='bbox 2756 2163 2952 2229; x_wconf 76' lang='grc' dir='ltr'>λαϐεῖν</span> <span class='ocrx_word' id='word_1_548' title='bbox 3004 2167 3095 2223; x_wconf 79' lang='grc' dir='ltr'>καὶ</span> <span class='ocrx_word' id='word_1_549' title='bbox 3151 2166 3244 2222; x_wconf 81' lang='grc' dir='ltr'>τὸν</span> <span class='ocrx_word' id='word_1_550' title='bbox 3300 2166 3487 2240; x_wconf 79' lang='grc' dir='ltr'>νεκρὸν</span> <span class='ocrx_word' id='word_1_551' title='bbox 3535 2169 3655 2232; x_wconf 79' lang='grc' dir='ltr'>τοῖς</span> <span class='ocrx_word' id='word_1_552' title='bbox 3712 2160 3873 2225; x_wconf 72' lang='grc' dir='ltr'>ἰδίοις</span> 
     </span>
    </p>
   </div>
   <div class='ocr_carea' id='block_1_83' title="bbox 2213 2251 3874 2338">
    <p class='ocr_par' dir='ltr' id='par_1_83' title="bbox 2213 2251 3874 2338">
     <span class='ocr_line' id='line_1_84' title="bbox 2213 2251 3874 2338; baseline -0.007 -19"><span class='ocrx_word' id='word_1_553' title='bbox 2213 2266 2588 2338; x_wconf 80' lang='grc' dir='ltr'>παραχωρεῖν.</span> <span class='ocrx_word' id='word_1_554' title='bbox 2619 2260 2727 2320; x_wconf 85' lang='grc' dir='ltr'>Τὸν</span> <span class='ocrx_word' id='word_1_555' title='bbox 2760 2257 2968 2334; x_wconf 71' lang='grc' dir='ltr'>χρυσὸν</span> <span class='ocrx_word' id='word_1_556' title='bbox 3003 2254 3095 2313; x_wconf 76' lang='grc' dir='ltr'>οὖν</span> <span class='ocrx_word' id='word_1_557' title='bbox 3146 2255 3239 2317; x_wconf 81' lang='grc' dir='ltr'>καὶ</span> <span class='ocrx_word' id='word_1_558' title='bbox 3265 2255 3356 2316; x_wconf 83' lang='grc' dir='ltr'>τὸν</span> <span class='ocrx_word' id='word_1_559' title='bbox 3389 2251 3621 2331; x_wconf 75' lang='grc' dir='ltr'>ἄργυρον</span> <span class='ocrx_word' id='word_1_560' title='bbox 3653 2253 3743 2311; x_wconf 87' lang='grc' dir='ltr'>καὶ</span> <span class='ocrx_word' id='word_1_561' title='bbox 3774 2257 3874 2310; x_wconf 80' lang='grc' dir='ltr'>τοῦ</span> 
     </span>
    </p>
   </div>
   <div class='ocr_carea' id='block_1_84' title="bbox 2212 2340 3863 2429">
    <p class='ocr_par' dir='ltr' id='par_1_84' title="bbox 2212 2340 3863 2429">
     <span class='ocr_line' id='line_1_85' title="bbox 2212 2340 3863 2429; baseline -0.004 -21"><span class='ocrx_word' id='word_1_562' title='bbox 2212 2352 2514 2429; x_wconf 74' lang='grc' dir='ltr'>ἱματισμοῦ</span> <span class='ocrx_word' id='word_1_563' title='bbox 2549 2347 2712 2425; x_wconf 76' lang='grc' dir='ltr'>μέρος</span> <span class='ocrx_word' id='word_1_564' title='bbox 2739 2343 2923 2407; x_wconf 76' lang='grc' dir='ltr'>λαϐὼν</span> <span class='ocrx_word' id='word_1_565' title='bbox 2950 2343 3134 2405; x_wconf 80' lang='grc' dir='ltr'>τᾶλλα</span> <span class='ocrx_word' id='word_1_566' title='bbox 3163 2344 3448 2420; x_wconf 82' lang='grc' dir='ltr'>χαρίζεται</span> <span class='ocrx_word' id='word_1_567' title='bbox 3476 2346 3545 2417; x_wconf 77' lang='grc' dir='ltr'>τῇ</span> <span class='ocrx_word' id='word_1_568' title='bbox 3568 2340 3863 2413; x_wconf 66' lang='grc' dir='ltr'>Πολυξένη.</span> 
     </span>
    </p>
   </div>
   <div class='ocr_carea' id='block_1_85' title="bbox 2212 2430 3861 2516">
    <p class='ocr_par' dir='ltr' id='par_1_85' title="bbox 2212 2430 3861 2516">
     <span class='ocr_line' id='line_1_86' title="bbox 2212 2430 3861 2516; baseline -0.008 -16"><span class='ocrx_word' id='word_1_569' title='bbox 2212 2442 2460 2516; x_wconf 73' lang='grc' dir='ltr'>Πρίαμος</span> <span class='ocrx_word' id='word_1_570' title='bbox 2486 2437 2543 2495; x_wconf 73' lang='grc' dir='ltr'>δὲ</span> <span class='ocrx_word' id='word_1_571' title='bbox 2570 2438 2658 2496; x_wconf 82' lang='grc' dir='ltr'>καὶ</span> <span class='ocrx_word' id='word_1_572' title='bbox 2692 2436 2858 2505; x_wconf 73' lang='grc' dir='ltr'>αὐτὴν</span> <span class='ocrx_word' id='word_1_573' title='bbox 2886 2436 3013 2513; x_wconf 82' lang='grc' dir='ltr'>παρ’</span> <span class='ocrx_word' id='word_1_574' title='bbox 3045 2433 3193 2506; x_wconf 78' lang='grc' dir='ltr'>αὐτῷ</span> <span class='ocrx_word' id='word_1_575' title='bbox 3247 2430 3600 2506; x_wconf 74' lang='grc' dir='ltr'>κατελιπάρει</span> <span class='ocrx_word' id='word_1_576' title='bbox 3658 2431 3861 2488; x_wconf 73' lang='grc' dir='ltr'>λιπεῖνο</span> 
     </span>
    </p>
   </div>
   <div class='ocr_carea' id='block_1_86' title="bbox 2211 2517 3869 2598">
    <p class='ocr_par' dir='ltr' id='par_1_86' title="bbox 2211 2517 3869 2598">
     <span class='ocr_line' id='line_1_87' title="bbox 2211 2517 3869 2598; baseline -0.009 -8"><span class='ocrx_word' id='word_1_577' title='bbox 2211 2534 2273 2590; x_wconf 90' lang='grc' dir='ltr'>Ὁ</span> <span class='ocrx_word' id='word_1_578' title='bbox 2305 2530 2363 2589; x_wconf 66' lang='grc' dir='ltr'>δὲ</span> <span class='ocrx_word' id='word_1_579' title='bbox 2392 2529 2469 2596; x_wconf 78' lang='grc' dir='ltr'>εἷς</span> <span class='ocrx_word' id='word_1_580' title='bbox 2496 2526 2668 2589; x_wconf 79' lang='grc' dir='ltr'>ἄλλον</span> <span class='ocrx_word' id='word_1_581' title='bbox 2701 2530 2864 2587; x_wconf 82' lang='grc' dir='ltr'>τοῦτο</span> <span class='ocrx_word' id='word_1_582' title='bbox 2924 2522 3052 2597; x_wconf 79' lang='grc' dir='ltr'>δρᾷν</span> <span class='ocrx_word' id='word_1_583' title='bbox 3108 2521 3377 2598; x_wconf 70' lang='grc' dir='ltr'>ὑπέσχετο</span> <span class='ocrx_word' id='word_1_584' title='bbox 3427 2520 3634 2596; x_wconf 80' lang='grc' dir='ltr'>καιρόν.</span> <span class='ocrx_word' id='word_1_585' title='bbox 3693 2520 3753 2574; x_wconf 83' lang='lat'>&#39;0</span> <span class='ocrx_word' id='word_1_586' title='bbox 3810 2517 3869 2577; x_wconf 73' lang='grc' dir='ltr'>δὶ</span> 
     </span>
    </p>
   </div>
   <div class='ocr_carea' id='block_1_87' title="bbox 2209 2607 3868 2695">
    <p class='ocr_par' dir='ltr' id='par_1_87' title="bbox 2209 2607 3868 2695">
     <span class='ocr_line' id='line_1_88' title="bbox 2209 2607 3868 2695; baseline -0.01 -17"><span class='ocrx_word' id='word_1_587' title='bbox 2209 2642 2270 2695; x_wconf 88' lang='grc' dir='ltr'>γε</span> <span class='ocrx_word' id='word_1_588' title='bbox 2300 2620 2550 2693; x_wconf 80' lang='grc' dir='ltr'>Πρίαμος</span> <span class='ocrx_word' id='word_1_589' title='bbox 2580 2616 2672 2675; x_wconf 83' lang='grc' dir='ltr'>καὶ</span> <span class='ocrx_word' id='word_1_590' title='bbox 2702 2616 2794 2672; x_wconf 86' lang='grc' dir='ltr'>τὸν</span> <span class='ocrx_word' id='word_1_591' title='bbox 2827 2613 3016 2689; x_wconf 84' lang='grc' dir='ltr'>νεκρὸν</span> <span class='ocrx_word' id='word_1_592' title='bbox 3046 2611 3137 2670; x_wconf 82' lang='grc' dir='ltr'>καὶ</span> <span class='ocrx_word' id='word_1_593' title='bbox 3166 2611 3294 2673; x_wconf 73' lang='grc' dir='ltr'>τοὺς</span> <span class='ocrx_word' id='word_1_594' title='bbox 3318 2612 3410 2669; x_wconf 80' lang='grc' dir='ltr'>σὺν</span> <span class='ocrx_word' id='word_1_595' title='bbox 3460 2610 3612 2685; x_wconf 79' lang='grc' dir='ltr'>αὐτῷ</span> <span class='ocrx_word' id='word_1_596' title='bbox 3663 2607 3868 2668; x_wconf 68' lang='grc' dir='ltr'>πάντας</span> 
     </span>
    </p>
   </div>
   <div class='ocr_carea' id='block_1_88' title="bbox 2211 2696 3872 2783">
    <p class='ocr_par' dir='ltr' id='par_1_88' title="bbox 2211 2696 3872 2783">
     <span class='ocr_line' id='line_1_89' title="bbox 2211 2696 3872 2783; baseline -0.009 -16"><span class='ocrx_word' id='word_1_597' title='bbox 2211 2709 2431 2783; x_wconf 69' lang='grc' dir='ltr'>ἐπανῄει</span> <span class='ocrx_word' id='word_1_598' title='bbox 2466 2707 2674 2783; x_wconf 81' lang='grc' dir='ltr'>λαχὼν,</span> <span class='ocrx_word' id='word_1_599' title='bbox 2735 2703 2793 2762; x_wconf 77' lang='grc' dir='ltr'>ὅν</span> <span class='ocrx_word' id='word_1_600' title='bbox 2853 2703 3209 2778; x_wconf 82' lang='grc' dir='ltr'>ἀποχρώντος</span> <span class='ocrx_word' id='word_1_601' title='bbox 3259 2700 3617 2770; x_wconf 77' lang='grc' dir='ltr'>πενθήσαντες</span> <span class='ocrx_word' id='word_1_602' title='bbox 3673 2698 3764 2755; x_wconf 78' lang='grc' dir='ltr'>καὶ</span> <span class='ocrx_word' id='word_1_603' title='bbox 3795 2696 3872 2758; x_wconf 88' lang='grc' dir='ltr'>ὡς</span> 
     </span>
    </p>
   </div>
   <div class='ocr_carea' id='block_1_89' title="bbox 2209 2788 3869 2873">
    <p class='ocr_par' dir='ltr' id='par_1_89' title="bbox 2209 2788 3869 2873">
     <span class='ocr_line' id='line_1_90' title="bbox 2209 2788 3869 2873; baseline -0.007 -18"><span class='ocrx_word' id='word_1_604' title='bbox 2209 2797 2365 2871; x_wconf 70' lang='grc' dir='ltr'>θὲμις</span> <span class='ocrx_word' id='word_1_605' title='bbox 2404 2798 2780 2873; x_wconf 82' lang='grc' dir='ltr'>τεφρώσαντες</span> <span class='ocrx_word' id='word_1_606' title='bbox 2839 2788 2942 2864; x_wconf 72' lang='grc' dir='ltr'>ἔξω</span> <span class='ocrx_word' id='word_1_607' title='bbox 2978 2796 3076 2851; x_wconf 78' lang='grc' dir='ltr'>τοῦ</span> <span class='ocrx_word' id='word_1_608' title='bbox 3126 2791 3351 2866; x_wconf 74' lang='grc' dir='ltr'>τείχους</span> <span class='ocrx_word' id='word_1_609' title='bbox 3406 2788 3869 2853; x_wconf 73' lang='grc' dir='ltr'>καταθάπτουσιν.</span> 
     </span>
    </p>
   </div>
   <div class='ocr_carea' id='block_1_90' title="bbox 2209 2875 3867 2958">
    <p class='ocr_par' dir='ltr' id='par_1_90' title="bbox 2209 2875 3867 2958">
     <span class='ocr_line' id='line_1_91' title="bbox 2209 2875 3867 2958; baseline -0.005 -18"><span class='ocrx_word' id='word_1_610' title='bbox 2209 2888 2297 2947; x_wconf 85' lang='grc' dir='ltr'>Ἐν</span> <span class='ocrx_word' id='word_1_611' title='bbox 2329 2886 2443 2958; x_wconf 76' lang='grc' dir='ltr'>ὅσῳ</span> <span class='ocrx_word' id='word_1_612' title='bbox 2496 2883 2555 2943; x_wconf 74' lang='grc' dir='ltr'>δὶ</span> <span class='ocrx_word' id='word_1_613' title='bbox 2599 2889 2768 2944; x_wconf 80' lang='grc' dir='ltr'>ταῦτα</span> <span class='ocrx_word' id='word_1_614' title='bbox 2818 2882 2945 2958; x_wconf 84' lang='grc' dir='ltr'>περὶ</span> <span class='ocrx_word' id='word_1_615' title='bbox 2990 2882 3084 2941; x_wconf 83' lang='grc' dir='ltr'>τὸν</span> <span class='ocrx_word' id='word_1_616' title='bbox 3132 2882 3374 2953; x_wconf 57' lang='lat' dir='ltr'>&quot;Europa</span> <span class='ocrx_word' id='word_1_617' title='bbox 3431 2875 3867 2951; x_wconf 81' lang='grc' dir='ltr'>διῳκονόμηται,</span> 
     </span>
    </p>
   </div>
   <div class='ocr_carea' id='block_1_91' title="bbox 2208 2965 3864 3046">
    <p class='ocr_par' dir='ltr' id='par_1_91' title="bbox 2208 2965 3864 3046">
     <span class='ocr_line' id='line_1_92' title="bbox 2208 2965 3864 3046; baseline 0.001 -18"><span class='ocrx_word' id='word_1_618' title='bbox 2208 2975 2297 3030; x_wconf 77' lang='grc' dir='ltr'>καὶ</span> <span class='ocrx_word' id='word_1_619' title='bbox 2330 2972 2508 3043; x_wconf 82' lang='grc' dir='ltr'>ἰδοὺὴ</span> <span class='ocrx_word' id='word_1_620' title='bbox 2553 2970 2802 3046; x_wconf 82' lang='grc' dir='ltr'>Ἀμαζὼν</span> <span class='ocrx_word' id='word_1_621' title='bbox 2863 2969 3211 3031; x_wconf 81' lang='grc' dir='ltr'>Πενθεσίλεια</span> <span class='ocrx_word' id='word_1_622' title='bbox 3257 2966 3318 3022; x_wconf 79' lang='grc' dir='ltr'>ἐκ</span> <span class='ocrx_word' id='word_1_623' title='bbox 3371 2965 3719 3043; x_wconf 72' lang='grc' dir='ltr'>Χερῥονήσου</span> <span class='ocrx_word' id='word_1_624' title='bbox 3762 2972 3864 3035; x_wconf 78' lang='grc' dir='ltr'>τῆς</span> 
     </span>
    </p>
   </div>
   <div class='ocr_carea' id='block_1_92' title="bbox 2208 3052 3859 3140">
    <p class='ocr_par' dir='ltr' id='par_1_92' title="bbox 2208 3052 3859 3140">
     <span class='ocr_line' id='line_1_93' title="bbox 2208 3052 3859 3140; baseline -0.007 -20"><span class='ocrx_word' id='word_1_625' title='bbox 2208 3058 2493 3138; x_wconf 78' lang='grc' dir='ltr'>ἀντιπέρας</span> <span class='ocrx_word' id='word_1_626' title='bbox 2516 3061 2706 3137; x_wconf 78' lang='grc' dir='ltr'>πλήθη</span> <span class='ocrx_word' id='word_1_627' title='bbox 2762 3060 3023 3140; x_wconf 76' lang='grc' dir='ltr'>γενναίων</span> <span class='ocrx_word' id='word_1_628' title='bbox 3085 3056 3299 3137; x_wconf 80' lang='grc' dir='ltr'>ἀνδρῶν</span> <span class='ocrx_word' id='word_1_629' title='bbox 3340 3056 3430 3113; x_wconf 84' lang='grc' dir='ltr'>καὶ</span> <span class='ocrx_word' id='word_1_630' title='bbox 3488 3052 3859 3130; x_wconf 81' lang='grc' dir='ltr'>Ἀμαζονίδων</span> 
     </span>
    </p>
   </div>
   <div class='ocr_carea' id='block_1_93' title="bbox 2207 3146 3858 3230">
    <p class='ocr_par' dir='ltr' id='par_1_93' title="bbox 2207 3146 3858 3230">
     <span class='ocr_line' id='line_1_94' title="bbox 2207 3146 3858 3230; baseline -0.005 -20"><span class='ocrx_word' id='word_1_631' title='bbox 2207 3155 2335 3226; x_wconf 71' lang='grc' dir='ltr'>ἧκεν</span> <span class='ocrx_word' id='word_1_632' title='bbox 2383 3151 2690 3230; x_wconf 77' lang='grc' dir='ltr'>ἐπαγομένη</span> <span class='ocrx_word' id='word_1_633' title='bbox 2727 3194 2741 3209; x_wconf 96' lang='grc'>.</span> <span class='ocrx_word' id='word_1_634' title='bbox 2803 3154 3005 3208; x_wconf 83' lang='grc' dir='ltr'>Γνοῠσα</span> <span class='ocrx_word' id='word_1_635' title='bbox 3062 3147 3120 3209; x_wconf 73' lang='grc' dir='ltr'>δὲ</span> <span class='ocrx_word' id='word_1_636' title='bbox 3165 3149 3232 3207; x_wconf 81' lang='grc' dir='ltr'>τὰ</span> <span class='ocrx_word' id='word_1_637' title='bbox 3289 3146 3428 3207; x_wconf 74' lang='grc' dir='ltr'>κατὰ</span> <span class='ocrx_word' id='word_1_638' title='bbox 3481 3147 3570 3203; x_wconf 86' lang='grc' dir='ltr'>τὸν</span> <span class='ocrx_word' id='word_1_639' title='bbox 3619 3147 3858 3221; x_wconf 79' lang='grc' dir='ltr'>Ἕκτορα</span> 
     </span>
    </p>
   </div>
   <div class='ocr_carea' id='block_1_94' title="bbox 2205 3232 3860 3318">
    <p class='ocr_par' dir='ltr' id='par_1_94' title="bbox 2205 3232 3860 3318">
     <span class='ocr_line' id='line_1_95' title="bbox 2205 3232 3860 3318; baseline -0.007 -21"><span class='ocrx_word' id='word_1_640' title='bbox 2205 3240 2554 3318; x_wconf 69' lang='grc' dir='ltr'>ὑποστρέφειν</span> <span class='ocrx_word' id='word_1_641' title='bbox 2587 3239 2858 3313; x_wconf 78' lang='grc' dir='ltr'>ἐπειρᾶτο.</span> <span class='ocrx_word' id='word_1_642' title='bbox 2893 3239 3066 3313; x_wconf 68' lang='grc' dir='ltr'>Πάρις</span> <span class='ocrx_word' id='word_1_643' title='bbox 3099 3233 3156 3292; x_wconf 70' lang='grc' dir='ltr'>δὲ</span> <span class='ocrx_word' id='word_1_644' title='bbox 3185 3235 3387 3303; x_wconf 78' lang='grc' dir='ltr'>ταύτην</span> <span class='ocrx_word' id='word_1_645' title='bbox 3417 3232 3619 3304; x_wconf 78' lang='grc' dir='ltr'>πολλῷ</span> <span class='ocrx_word' id='word_1_646' title='bbox 3667 3236 3860 3315; x_wconf 82' lang='grc' dir='ltr'>χρυσῷ</span> 
     </span>
    </p>
   </div>
   <div class='ocr_carea' id='block_1_95' title="bbox 2209 3319 3857 3404">
    <p class='ocr_par' dir='ltr' id='par_1_95' title="bbox 2209 3319 3857 3404">
     <span class='ocr_line' id='line_1_96' title="bbox 2209 3319 3857 3404; baseline -0.008 -16"><span class='ocrx_word' id='word_1_647' title='bbox 2209 3339 2387 3404; x_wconf 83' lang='grc' dir='ltr'>μεῖναι</span> <span class='ocrx_word' id='word_1_648' title='bbox 2431 3327 2628 3389; x_wconf 79' lang='grc' dir='ltr'>πείθει.</span> <span class='ocrx_word' id='word_1_649' title='bbox 2692 3330 2765 3389; x_wconf 72' lang='grc' dir='ltr'>⁴Ὴ</span> <span class='ocrx_word' id='word_1_650' title='bbox 2824 3327 2941 3402; x_wconf 81' lang='grc' dir='ltr'>μετ’</span> <span class='ocrx_word' id='word_1_651' title='bbox 2990 3324 3182 3404; x_wconf 75' lang='grc' dir='ltr'>ὀλίγας</span> <span class='ocrx_word' id='word_1_652' title='bbox 3216 3320 3454 3401; x_wconf 51' lang='grc' dir='ltr'>ἡμέρας</span> <span class='ocrx_word' id='word_1_653' title='bbox 3508 3319 3857 3395; x_wconf 82' lang='grc' dir='ltr'>ὀπλισαμένη</span> 
     </span>
    </p>
   </div>
   <div class='ocr_carea' id='block_1_96' title="bbox 2204 3408 3861 3496">
    <p class='ocr_par' dir='ltr' id='par_1_96' title="bbox 2204 3408 3861 3496">
     <span class='ocr_line' id='line_1_97' title="bbox 2204 3408 3861 3496; baseline -0.007 -21"><span class='ocrx_word' id='word_1_654' title='bbox 2204 3420 2291 3477; x_wconf 77' lang='grc' dir='ltr'>ἐπὶ</span> <span class='ocrx_word' id='word_1_655' title='bbox 2321 3420 2383 3476; x_wconf 87' lang='grc' dir='ltr'>τὸ</span> <span class='ocrx_word' id='word_1_656' title='bbox 2409 3416 2712 3492; x_wconf 83' lang='grc' dir='ltr'>πολεμικὸν</span> <span class='ocrx_word' id='word_1_657' title='bbox 2781 3412 3011 3477; x_wconf 80' lang='grc' dir='ltr'>δάπεδον</span> <span class='ocrx_word' id='word_1_658' title='bbox 3067 3413 3260 3489; x_wconf 67' lang='grc' dir='ltr'>εἰσῄει.</span> <span class='ocrx_word' id='word_1_659' title='bbox 3313 3418 3457 3496; x_wconf 80' lang='grc' dir='ltr'>Διχῆ</span> <span class='ocrx_word' id='word_1_660' title='bbox 3510 3408 3569 3467; x_wconf 76' lang='grc' dir='ltr'>δὲ</span> <span class='ocrx_word' id='word_1_661' title='bbox 3597 3411 3689 3466; x_wconf 88' lang='grc' dir='ltr'>τὸν</span> <span class='ocrx_word' id='word_1_662' title='bbox 3756 3409 3861 3465; x_wconf 79' lang='grc' dir='ltr'>αύ-</span> 
     </span>
    </p>
   </div>
   <div class='ocr_carea' id='block_1_97' title="bbox 2203 3500 3856 3582">
    <p class='ocr_par' dir='ltr' id='par_1_97' title="bbox 2203 3500 3856 3582">
     <span class='ocr_line' id='line_1_98' title="bbox 2203 3500 3856 3582; baseline -0.006 -19"><span class='ocrx_word' id='word_1_663' title='bbox 2203 3516 2301 3579; x_wconf 77' lang='grc' dir='ltr'>τῆς</span> <span class='ocrx_word' id='word_1_664' title='bbox 2336 3506 2593 3566; x_wconf 80' lang='grc' dir='ltr'>διελοῦσα</span> <span class='ocrx_word' id='word_1_665' title='bbox 2619 3506 2866 3582; x_wconf 86' lang='grc' dir='ltr'>στρατὸν,</span> <span class='ocrx_word' id='word_1_666' title='bbox 2898 3504 2991 3560; x_wconf 79' lang='grc' dir='ltr'>καὶ</span> <span class='ocrx_word' id='word_1_667' title='bbox 3038 3502 3091 3557; x_wconf 79' lang='grc' dir='ltr'>ἐν</span> <span class='ocrx_word' id='word_1_668' title='bbox 3144 3500 3289 3575; x_wconf 80' lang='grc' dir='ltr'>δεξίᾷ</span> <span class='ocrx_word' id='word_1_669' title='bbox 3350 3502 3445 3577; x_wconf 77' lang='grc' dir='ltr'>μὲν</span> <span class='ocrx_word' id='word_1_670' title='bbox 3503 3500 3671 3571; x_wconf 73' lang='grc' dir='ltr'>αὐτῆς</span> <span class='ocrx_word' id='word_1_671' title='bbox 3728 3500 3856 3561; x_wconf 68' lang='grc' dir='ltr'>τοὺς</span> 
     </span>
    </p>
   </div>
   <div class='ocr_carea' id='block_1_98' title="bbox 2201 3587 3857 3671">
    <p class='ocr_par' dir='ltr' id='par_1_98' title="bbox 2201 3587 3857 3671">
     <span class='ocr_line' id='line_1_99' title="bbox 2201 3587 3857 3671; baseline -0.007 -18"><span class='ocrx_word' id='word_1_672' title='bbox 2201 3597 2444 3670; x_wconf 81' lang='grc' dir='ltr'>τοξότας,</span> <span class='ocrx_word' id='word_1_673' title='bbox 2493 3602 2574 3670; x_wconf 76' lang='grc' dir='ltr'>τῷ</span> <span class='ocrx_word' id='word_1_674' title='bbox 2636 3595 2780 3668; x_wconf 72' lang='grc' dir='ltr'>λαιῷ</span> <span class='ocrx_word' id='word_1_675' title='bbox 2835 3592 2892 3650; x_wconf 67' lang='grc' dir='ltr'>δὲ</span> <span class='ocrx_word' id='word_1_676' title='bbox 2951 3587 3100 3671; x_wconf 80' lang='grc' dir='ltr'>μέρει</span> <span class='ocrx_word' id='word_1_677' title='bbox 3159 3591 3289 3652; x_wconf 70' lang='grc' dir='ltr'>τοὺς</span> <span class='ocrx_word' id='word_1_678' title='bbox 3348 3589 3577 3653; x_wconf 79' lang='grc' dir='ltr'>ὁπλίτας</span> <span class='ocrx_word' id='word_1_679' title='bbox 3634 3588 3857 3662; x_wconf 69' lang='grc' dir='ltr'>πεζοὺς,</span> 
     </span>
    </p>
   </div>
   <div class='ocr_carea' id='block_1_99' title="bbox 2202 3676 3858 3762">
    <p class='ocr_par' dir='ltr' id='par_1_99' title="bbox 2202 3676 3858 3762">
     <span class='ocr_line' id='line_1_100' title="bbox 2202 3676 3858 3762; baseline -0.007 -19"><span class='ocrx_word' id='word_1_680' title='bbox 2202 3686 2425 3751; x_wconf 84' lang='grc' dir='ltr'>πλείους</span> <span class='ocrx_word' id='word_1_681' title='bbox 2456 3691 2564 3741; x_wconf 83' lang='grc' dir='ltr'>τῶν</span> <span class='ocrx_word' id='word_1_682' title='bbox 2596 3686 2807 3740; x_wconf 70' lang='grc' dir='ltr'>ἱππέων</span> <span class='ocrx_word' id='word_1_683' title='bbox 2861 3682 3034 3747; x_wconf 71' lang='grc' dir='ltr'>ὄντας,</span> <span class='ocrx_word' id='word_1_684' title='bbox 3094 3680 3356 3751; x_wconf 75' lang='grc' dir='ltr'>ἐκσαξασα</span> <span class='ocrx_word' id='word_1_685' title='bbox 3414 3682 3448 3751; x_wconf 84' lang='grc' dir='ltr'>ἡ</span> <span class='ocrx_word' id='word_1_686' title='bbox 3512 3676 3858 3762; x_wconf 55' lang='grc' dir='ltr'>Πενθεσίλεια</span> 
     </span>
    </p>
   </div>
   <div class='ocr_carea' id='block_1_100' title="bbox 2206 3766 3855 3852">
    <p class='ocr_par' dir='ltr' id='par_1_100' title="bbox 2206 3766 3855 3852">
     <span class='ocr_line' id='line_1_101' title="bbox 2206 3766 3855 3852; baseline -0.008 -19"><span class='ocrx_word' id='word_1_687' title='bbox 2206 3774 2365 3852; x_wconf 78' lang='grc' dir='ltr'>μέσον</span> <span class='ocrx_word' id='word_1_688' title='bbox 2422 3780 2530 3831; x_wconf 81' lang='grc' dir='ltr'>τῶν</span> <span class='ocrx_word' id='word_1_689' title='bbox 2589 3773 2794 3830; x_wconf 78' lang='grc' dir='ltr'>ἰππὲων</span> <span class='ocrx_word' id='word_1_690' title='bbox 2852 3773 2919 3842; x_wconf 75' lang='grc' dir='ltr'>ἦν</span> <span class='ocrx_word' id='word_1_691' title='bbox 2977 3770 3028 3826; x_wconf 83' lang='grc' dir='ltr'>ἐν</span> <span class='ocrx_word' id='word_1_692' title='bbox 3075 3775 3155 3845; x_wconf 79' lang='grc' dir='ltr'>τῷ</span> <span class='ocrx_word' id='word_1_693' title='bbox 3209 3770 3397 3844; x_wconf 77' lang='grc' dir='ltr'>σίγνῳ’</span> <span class='ocrx_word' id='word_1_694' title='bbox 3458 3770 3548 3825; x_wconf 76' lang='grc' dir='ltr'>καὶ</span> <span class='ocrx_word' id='word_1_695' title='bbox 3605 3766 3855 3840; x_wconf 81' lang='grc' dir='ltr'>πολέμου</span> 
     </span>
    </p>
   </div>
   <div class='ocr_carea' id='block_1_101' title="bbox 2203 3856 3853 3937">
    <p class='ocr_par' dir='ltr' id='par_1_101' title="bbox 2203 3856 3853 3937">
     <span class='ocr_line' id='line_1_102' title="bbox 2203 3856 3853 3937; baseline -0.005 -15"><span class='ocrx_word' id='word_1_696' title='bbox 2203 3866 2397 3922; x_wconf 81' lang='grc' dir='ltr'>Λοιπὸν</span> <span class='ocrx_word' id='word_1_697' title='bbox 2436 3863 2791 3937; x_wconf 73' lang='grc' dir='ltr'>κροτηθὲντος</span> <span class='ocrx_word' id='word_1_698' title='bbox 2849 3857 3015 3917; x_wconf 83' lang='grc' dir='ltr'>ἄλλοι</span> <span class='ocrx_word' id='word_1_699' title='bbox 3075 3859 3173 3933; x_wconf 69' lang='grc' dir='ltr'>μὲν</span> <span class='ocrx_word' id='word_1_700' title='bbox 3222 3856 3429 3920; x_wconf 71' lang='grc' dir='ltr'>ἄλλους</span> <span class='ocrx_word' id='word_1_701' title='bbox 3486 3856 3853 3914; x_wconf 76' lang='grc' dir='ltr'>ἀπεκτίννυον.</span> 
     </span>
    </p>
   </div>
   <div class='ocr_carea' id='block_1_102' title="bbox 2198 3946 3854 4033">
    <p class='ocr_par' dir='ltr' id='par_1_102' title="bbox 2198 3946 3854 4033">
     <span class='ocr_line' id='line_1_103' title="bbox 2198 3946 3854 4033; baseline -0.011 -16"><span class='ocrx_word' id='word_1_702' title='bbox 2198 3953 2503 4033; x_wconf 74' lang='grc' dir='ltr'>Ἀχιλλεὺς</span> <span class='ocrx_word' id='word_1_703' title='bbox 2537 3950 2592 4010; x_wconf 66' lang='grc' dir='ltr'>δὲ</span> <span class='ocrx_word' id='word_1_704' title='bbox 2624 3952 2723 4025; x_wconf 73' lang='grc' dir='ltr'>τὴν</span> <span class='ocrx_word' id='word_1_705' title='bbox 2776 3946 3123 4006; x_wconf 73' lang='grc' dir='ltr'>Πενθεσίλεαν</span> <span class='ocrx_word' id='word_1_706' title='bbox 3177 3946 3364 4026; x_wconf 83' lang='grc' dir='ltr'>δόρατι</span> <span class='ocrx_word' id='word_1_707' title='bbox 3413 3949 3625 4023; x_wconf 77' lang='grc' dir='ltr'>πικρῶς</span> <span class='ocrx_word' id='word_1_708' title='bbox 3675 3965 3854 4023; x_wconf 81' lang='grc' dir='ltr'>μαχο-</span> 
     </span>
    </p>
   </div>
   <div class='ocr_carea' id='block_1_103' title="bbox 2204 4033 3852 4119">
    <p class='ocr_par' dir='ltr' id='par_1_103' title="bbox 2204 4033 3852 4119">
     <span class='ocr_line' id='line_1_104' title="bbox 2204 4033 3852 4119; baseline -0.007 -20"><span class='ocrx_word' id='word_1_709' title='bbox 2204 4044 2367 4119; x_wconf 71' lang='grc' dir='ltr'>μένην</span> <span class='ocrx_word' id='word_1_710' title='bbox 2399 4042 2631 4119; x_wconf 82' lang='grc' dir='ltr'>κρούσας</span> <span class='ocrx_word' id='word_1_711' title='bbox 2662 4045 2759 4097; x_wconf 75' lang='grc' dir='ltr'>τοῦ</span> <span class='ocrx_word' id='word_1_712' title='bbox 2786 4039 2964 4095; x_wconf 82' lang='grc' dir='ltr'>ἳππου</span> <span class='ocrx_word' id='word_1_713' title='bbox 2996 4033 3353 4095; x_wconf 72' lang='grc' dir='ltr'>καταϐάλλει⁸</span> <span class='ocrx_word' id='word_1_714' title='bbox 3396 4037 3461 4107; x_wconf 73' lang='grc' dir='ltr'>ἢν</span> <span class='ocrx_word' id='word_1_715' title='bbox 3516 4041 3618 4104; x_wconf 80' lang='grc' dir='ltr'>τῆς</span> <span class='ocrx_word' id='word_1_716' title='bbox 3670 4035 3852 4108; x_wconf 79' lang='grc' dir='ltr'>κόμης</span> 
     </span>
    </p>
   </div>
   <div class='ocr_carea' id='block_1_104' title="bbox 2201 4125 3850 4204">
    <p class='ocr_par' dir='ltr' id='par_1_104' title="bbox 2201 4125 3850 4204">
     <span class='ocr_line' id='line_1_105' title="bbox 2201 4125 3850 4204; baseline -0.007 -15"><span class='ocrx_word' id='word_1_717' title='bbox 2201 4132 2526 4193; x_wconf 76' lang='grc' dir='ltr'>ἑλκύσαντες</span> <span class='ocrx_word' id='word_1_718' title='bbox 2582 4135 2660 4203; x_wconf 83' lang='grc' dir='ltr'>τῷ</span> <span class='ocrx_word' id='word_1_719' title='bbox 2728 4125 3074 4204; x_wconf 81' lang='grc' dir='ltr'>Σκαμάνδρῳ</span> <span class='ocrx_word' id='word_1_720' title='bbox 3158 4126 3513 4202; x_wconf 80' lang='grc' dir='ltr'>ἐναπεπνιξμν</span> <span class='ocrx_word' id='word_1_721' title='bbox 3594 4128 3850 4197; x_wconf 82' lang='grc' dir='ltr'>ποταμῷ.</span> 
     </span>
    </p>
   </div>
   <div class='ocr_carea' id='block_1_105' title="bbox 2198 4212 3854 4294">
    <p class='ocr_par' dir='ltr' id='par_1_105' title="bbox 2198 4212 3854 4294">
     <span class='ocr_line' id='line_1_106' title="bbox 2198 4212 3854 4294; baseline -0.007 -15"><span class='ocrx_word' id='word_1_722' title='bbox 2198 4224 2335 4284; x_wconf 76' lang='grc' dir='ltr'>Τοὺς</span> <span class='ocrx_word' id='word_1_723' title='bbox 2367 4222 2595 4281; x_wconf 74' lang='grc' dir='ltr'>πολίτας</span> <span class='ocrx_word' id='word_1_724' title='bbox 2638 4216 2686 4274; x_wconf 90' lang='grc' dir='ltr'>δ’</span> <span class='ocrx_word' id='word_1_725' title='bbox 2716 4220 2782 4274; x_wconf 83' lang='grc' dir='ltr'>αὐ</span> <span class='ocrx_word' id='word_1_726' title='bbox 2834 4217 3060 4294; x_wconf 70' lang='grc' dir='ltr'>ἔτρεψαν</span> <span class='ocrx_word' id='word_1_727' title='bbox 3120 4217 3171 4273; x_wconf 73' lang='grc' dir='ltr'>οἱ</span> <span class='ocrx_word' id='word_1_728' title='bbox 3230 4213 3477 4280; x_wconf 63' lang='grc' dir='ltr'>Αἴαντεςσ</span> <span class='ocrx_word' id='word_1_729' title='bbox 3535 4213 3623 4269; x_wconf 76' lang='grc' dir='ltr'>καὶ</span> <span class='ocrx_word' id='word_1_730' title='bbox 3674 4212 3854 4269; x_wconf 69' lang='grc' dir='ltr'>εῗσελ-</span> 
     </span>
    </p>
   </div>
   <div class='ocr_carea' id='block_1_106' title="bbox 2200 4300 3854 4373">
    <p class='ocr_par' dir='ltr' id='par_1_106' title="bbox 2200 4300 3854 4373">
     <span class='ocr_line' id='line_1_107' title="bbox 2200 4300 3854 4373; baseline -0.004 -8"><span class='ocrx_word' id='word_1_731' title='bbox 2200 4313 2383 4373; x_wconf 81' lang='grc' dir='ltr'>οόντες</span> <span class='ocrx_word' id='word_1_732' title='bbox 2411 4307 2656 4368; x_wconf 81' lang='grc' dir='ltr'>ἔκλεισαν</span> <span class='ocrx_word' id='word_1_733' title='bbox 2688 4309 2782 4371; x_wconf 72' lang='grc' dir='ltr'>τὰς</span> <span class='ocrx_word' id='word_1_734' title='bbox 2813 4308 3014 4371; x_wconf 76' lang='grc' dir='ltr'>πύλας.</span> <span class='ocrx_word' id='word_1_735' title='bbox 3074 4306 3141 4363; x_wconf 74' lang='grc' dir='ltr'>Οἱ</span> <span class='ocrx_word' id='word_1_736' title='bbox 3174 4304 3362 4362; x_wconf 80' lang='grc' dir='ltr'>λοιποὶ</span> <span class='ocrx_word' id='word_1_737' title='bbox 3396 4301 3453 4363; x_wconf 71' lang='grc' dir='ltr'>δὲ</span> <span class='ocrx_word' id='word_1_738' title='bbox 3482 4308 3589 4359; x_wconf 73' lang='grc' dir='ltr'>τῶν</span> <span class='ocrx_word' id='word_1_739' title='bbox 3643 4300 3854 4372; x_wconf 75' lang='grc' dir='ltr'>Ἑλλῆ-</span> 
     </span>
    </p>
   </div>
   <div class='ocr_carea' id='block_1_107' title="bbox 2196 4390 3854 4477">
    <p class='ocr_par' dir='ltr' id='par_1_107' title="bbox 2196 4390 3854 4477">
     <span class='ocr_line' id='line_1_108' title="bbox 2196 4390 3854 4477; baseline -0.007 -22"><span class='ocrx_word' id='word_1_740' title='bbox 2196 4422 2302 4455; x_wconf 92' lang='grc' dir='ltr'>νων</span> <span class='ocrx_word' id='word_1_741' title='bbox 2353 4397 2481 4461; x_wconf 71' lang='grc' dir='ltr'>τοὺς</span> <span class='ocrx_word' id='word_1_742' title='bbox 2536 4395 2981 4477; x_wconf 67' lang='grc' dir='ltr'>περιλειφθέντας</span> <span class='ocrx_word' id='word_1_743' title='bbox 3047 4393 3169 4469; x_wconf 77' lang='grc' dir='ltr'>περὶ</span> <span class='ocrx_word' id='word_1_744' title='bbox 3224 4394 3288 4448; x_wconf 85' lang='grc' dir='ltr'>τὸ</span> <span class='ocrx_word' id='word_1_745' title='bbox 3345 4398 3533 4468; x_wconf 86' lang='grc' dir='ltr'>τεῖχος</span> <span class='ocrx_word' id='word_1_746' title='bbox 3592 4390 3854 4446; x_wconf 71' lang='grc' dir='ltr'>ἀπεκτίν-</span> 
     </span>
    </p>
   </div>
   <div class='ocr_carea' id='block_1_108' title="bbox 2196 4478 3855 4558">
    <p class='ocr_par' dir='ltr' id='par_1_108' title="bbox 2196 4478 3855 4558">
     <span class='ocr_line' id='line_1_109' title="bbox 2196 4478 3855 4558; baseline -0.007 -13"><span class='ocrx_word' id='word_1_747' title='bbox 2196 4510 2353 4545; x_wconf 85' lang='grc' dir='ltr'>νυσαν</span> <span class='ocrx_word' id='word_1_748' title='bbox 2414 4483 2821 4550; x_wconf 75' lang='grc' dir='ltr'>ἐπιδιώκοντες·</span> <span class='ocrx_word' id='word_1_749' title='bbox 2889 4490 2999 4541; x_wconf 76' lang='grc' dir='ltr'>τῶν</span> <span class='ocrx_word' id='word_1_750' title='bbox 3051 4483 3362 4558; x_wconf 81' lang='grc' dir='ltr'>Ἀμαζόνων</span> <span class='ocrx_word' id='word_1_751' title='bbox 3419 4478 3476 4536; x_wconf 71' lang='grc' dir='ltr'>δὶ</span> <span class='ocrx_word' id='word_1_752' title='bbox 3533 4480 3855 4556; x_wconf 78' lang='grc' dir='ltr'>ἀποσχόμε-</span> 
     </span>
    </p>
   </div>
   <div class='ocr_carea' id='block_1_109' title="bbox 2198 4567 3853 4651">
    <p class='ocr_par' dir='ltr' id='par_1_109' title="bbox 2198 4567 3853 4651">
     <span class='ocr_line' id='line_1_110' title="bbox 2198 4567 3853 4651; baseline -0.007 -18"><span class='ocrx_word' id='word_1_753' title='bbox 2198 4599 2302 4649; x_wconf 87' lang='grc' dir='ltr'>νοι,</span> <span class='ocrx_word' id='word_1_754' title='bbox 2347 4578 2481 4651; x_wconf 74' lang='grc' dir='ltr'>μετὰ</span> <span class='ocrx_word' id='word_1_755' title='bbox 2510 4577 2601 4632; x_wconf 83' lang='grc' dir='ltr'>τὸν</span> <span class='ocrx_word' id='word_1_756' title='bbox 2647 4572 2895 4649; x_wconf 82' lang='grc' dir='ltr'>πόλεμον</span> <span class='ocrx_word' id='word_1_757' title='bbox 2948 4575 2976 4630; x_wconf 83' lang='grc' dir='ltr'>ὁ</span> <span class='ocrx_word' id='word_1_758' title='bbox 3035 4572 3261 4648; x_wconf 72' lang='grc' dir='ltr'>στρατὸς</span> <span class='ocrx_word' id='word_1_759' title='bbox 3311 4569 3507 4632; x_wconf 86' lang='grc' dir='ltr'>ταύτας</span> <span class='ocrx_word' id='word_1_760' title='bbox 3555 4567 3853 4643; x_wconf 84' lang='grc' dir='ltr'>δεσμεύσας</span> 
     </span>
    </p>
   </div>
   <div class='ocr_carea' id='block_1_110' title="bbox 2198 4655 3853 4744">
    <p class='ocr_par' dir='ltr' id='par_1_110' title="bbox 2198 4655 3853 4744">
     <span class='ocr_line' id='line_1_111' title="bbox 2198 4655 3853 4744; baseline -0.006 -21"><span class='ocrx_word' id='word_1_761' title='bbox 2198 4666 2508 4744; x_wconf 70' lang='grc' dir='ltr'>ἐμερίσατο.</span> <span class='ocrx_word' id='word_1_762' title='bbox 2571 4664 2718 4720; x_wconf 74' lang='grc' dir='ltr'>Μετὰ</span> <span class='ocrx_word' id='word_1_763' title='bbox 2771 4667 2941 4719; x_wconf 76' lang='grc' dir='ltr'>ταῦτα</span> <span class='ocrx_word' id='word_1_764' title='bbox 2997 4659 3159 4720; x_wconf 80' lang='grc' dir='ltr'>Ἰνδοὶ</span> <span class='ocrx_word' id='word_1_765' title='bbox 3212 4657 3422 4715; x_wconf 81' lang='grc' dir='ltr'>πολλοὶ</span> <span class='ocrx_word' id='word_1_766' title='bbox 3478 4655 3707 4737; x_wconf 70' lang='grc' dir='ltr'>ἔφιπποι</span> <span class='ocrx_word' id='word_1_767' title='bbox 3761 4658 3853 4713; x_wconf 78' lang='grc' dir='ltr'>καὶ</span> 
     </span>
    </p>
   </div>
   <div class='ocr_carea' id='block_1_111' title="bbox 2196 4744 3852 4827">
    <p class='ocr_par' dir='ltr' id='par_1_111' title="bbox 2196 4744 3852 4827">
     <span class='ocr_line' id='line_1_112' title="bbox 2196 4744 3852 4827; baseline -0.008 -15"><span class='ocrx_word' id='word_1_768' title='bbox 2196 4756 2351 4826; x_wconf 81' lang='grc' dir='ltr'>πεζοὶ</span> <span class='ocrx_word' id='word_1_769' title='bbox 2371 4757 2462 4811; x_wconf 74' lang='grc' dir='ltr'>καὶ</span> <span class='ocrx_word' id='word_1_770' title='bbox 2491 4753 2743 4811; x_wconf 78' lang='grc' dir='ltr'>Φοίτικες</span> <span class='ocrx_word' id='word_1_771' title='bbox 2779 4750 3173 4827; x_wconf 86' lang='grc' dir='ltr'>μαχιμώτατοι</span> <span class='ocrx_word' id='word_1_772' title='bbox 3231 4750 3364 4822; x_wconf 83' lang='grc' dir='ltr'>μετά</span> <span class='ocrx_word' id='word_1_773' title='bbox 3410 4752 3520 4802; x_wconf 83' lang='grc' dir='ltr'>τῶν</span> <span class='ocrx_word' id='word_1_774' title='bbox 3577 4744 3852 4822; x_wconf 70' lang='grc' dir='ltr'>βασιλιων</span> 
     </span>
    </p>
   </div>
   <div class='ocr_carea' id='block_1_112' title="bbox 2198 4834 3851 4915">
    <p class='ocr_par' dir='ltr' id='par_1_112' title="bbox 2198 4834 3851 4915">
     <span class='ocr_line' id='line_1_113' title="bbox 2198 4834 3851 4915; baseline -0.008 -14"><span class='ocrx_word' id='word_1_775' title='bbox 2198 4845 2371 4901; x_wconf 79' lang='grc' dir='ltr'>αύτῶν</span> <span class='ocrx_word' id='word_1_776' title='bbox 2400 4846 2458 4899; x_wconf 57' lang='grc' dir='ltr'>ἓν</span> <span class='ocrx_word' id='word_1_777' title='bbox 2487 4847 2720 4915; x_wconf 77' lang='grc' dir='ltr'>ναυτικῷ</span> <span class='ocrx_word' id='word_1_778' title='bbox 2774 4842 2957 4913; x_wconf 75' lang='grc' dir='ltr'>στόλῳ</span> <span class='ocrx_word' id='word_1_779' title='bbox 3013 4837 3389 4915; x_wconf 68' lang='grc' dir='ltr'>παρεγένοντο,</span> <span class='ocrx_word' id='word_1_780' title='bbox 3438 4836 3542 4891; x_wconf 78' lang='grc' dir='ltr'>ὑπὸ</span> <span class='ocrx_word' id='word_1_781' title='bbox 3600 4834 3851 4910; x_wconf 74' lang='grc' dir='ltr'>Πριάμου</span> 
     </span>
    </p>
   </div>
   <div class='ocr_carea' id='block_1_113' title="bbox 2197 4922 3853 5009">
    <p class='ocr_par' dir='ltr' id='par_1_113' title="bbox 2197 4922 3853 5009">
     <span class='ocr_line' id='line_1_114' title="bbox 2197 4922 3853 5009; baseline -0.007 -20"><span class='ocrx_word' id='word_1_782' title='bbox 2197 4931 2631 5009; x_wconf 81' lang='grc' dir='ltr'>προσκληθέντες</span> <span class='ocrx_word' id='word_1_783' title='bbox 2704 4930 2780 4992; x_wconf 74' lang='grc' dir='ltr'>εἷς</span> <span class='ocrx_word' id='word_1_784' title='bbox 2854 4926 3198 5004; x_wconf 74' lang='grc' dir='ltr'>συμμαχίαν.</span> <span class='ocrx_word' id='word_1_785' title='bbox 3276 4924 3381 4982; x_wconf 77' lang='grc' dir='ltr'>Καὶ</span> <span class='ocrx_word' id='word_1_786' title='bbox 3450 4928 3703 4981; x_wconf 78' lang='grc' dir='ltr'>τοσοῦτοι</span> <span class='ocrx_word' id='word_1_787' title='bbox 3781 4922 3853 4978; x_wconf 76' lang='grc' dir='ltr'>τὰ</span> 
     </span>
    </p>
   </div>
   <div class='ocr_carea' id='block_1_114' title="bbox 2198 5009 3850 5094">
    <p class='ocr_par' dir='ltr' id='par_1_114' title="bbox 2198 5009 3850 5094">
     <span class='ocr_line' id='line_1_115' title="bbox 2198 5009 3850 5094; baseline -0.008 -15"><span class='ocrx_word' id='word_1_788' title='bbox 2198 5022 2386 5094; x_wconf 64' lang='grc' dir='ltr'>πλήθη</span> <span class='ocrx_word' id='word_1_789' title='bbox 2415 5022 2551 5092; x_wconf 76' lang='grc' dir='ltr'>ἦσαν</span> <span class='ocrx_word' id='word_1_790' title='bbox 2584 5022 2661 5083; x_wconf 85' lang='grc' dir='ltr'>ὡς</span> <span class='ocrx_word' id='word_1_791' title='bbox 2706 5021 2847 5093; x_wconf 79' lang='grc' dir='ltr'>μήτε</span> <span class='ocrx_word' id='word_1_792' title='bbox 2872 5019 2937 5074; x_wconf 80' lang='grc' dir='ltr'>τὸ</span> <span class='ocrx_word' id='word_1_793' title='bbox 2966 5016 3145 5074; x_wconf 83' lang='grc' dir='ltr'>Ἴλιον</span> <span class='ocrx_word' id='word_1_794' title='bbox 3208 5016 3339 5088; x_wconf 76' lang='grc' dir='ltr'>μήθ’</span> <span class='ocrx_word' id='word_1_795' title='bbox 3368 5012 3499 5069; x_wconf 72' lang='grc' dir='ltr'>ὅλον</span> <span class='ocrx_word' id='word_1_796' title='bbox 3528 5013 3591 5069; x_wconf 84' lang='grc' dir='ltr'>τὸ</span> <span class='ocrx_word' id='word_1_797' title='bbox 3621 5009 3850 5069; x_wconf 76' lang='grc' dir='ltr'>δάπεδον</span> 
     </span>
    </p>
   </div>
   <div class='ocr_carea' id='block_1_115' title="bbox 2199 5104 3850 5191">
    <p class='ocr_par' dir='ltr' id='par_1_115' title="bbox 2199 5104 3850 5191">
     <span class='ocr_line' id='line_1_116' title="bbox 2199 5104 3850 5191; baseline -0.009 -21"><span class='ocrx_word' id='word_1_798' title='bbox 2199 5112 2397 5174; x_wconf 78' lang='grc' dir='ltr'>αὐτοὺς</span> <span class='ocrx_word' id='word_1_799' title='bbox 2455 5115 2662 5191; x_wconf 77' lang='grc' dir='ltr'>χωρεῖν</span> <span class='ocrx_word' id='word_1_800' title='bbox 2722 5110 2921 5171; x_wconf 79' lang='grc' dir='ltr'>Πάντες</span> <span class='ocrx_word' id='word_1_801' title='bbox 2970 5104 3028 5162; x_wconf 67' lang='grc' dir='ltr'>δὲ</span> <span class='ocrx_word' id='word_1_802' title='bbox 3086 5107 3189 5161; x_wconf 75' lang='grc' dir='ltr'>ὑπὸ</span> <span class='ocrx_word' id='word_1_803' title='bbox 3254 5105 3543 5191; x_wconf 72' lang='grc' dir='ltr'>Μὶμνονος</span> <span class='ocrx_word' id='word_1_804' title='bbox 3592 5106 3692 5157; x_wconf 74' lang='grc' dir='ltr'>τοῦ</span> <span class='ocrx_word' id='word_1_805' title='bbox 3740 5104 3850 5191; x_wconf 71' lang='grc' dir='ltr'>τῶν</span> 
     </span>
    </p>
   </div>
   <div class='ocr_carea' id='block_1_116' title="bbox 2199 5190 3849 5275">
    <p class='ocr_par' dir='ltr' id='par_1_116' title="bbox 2199 5190 3849 5275">
     <span class='ocr_line' id='line_1_117' title="bbox 2199 5190 3849 5275; baseline -0.009 -15"><span class='ocrx_word' id='word_1_806' title='bbox 2199 5199 2381 5260; x_wconf 80' lang='grc' dir='ltr'>Ἰνδῶν</span> <span class='ocrx_word' id='word_1_807' title='bbox 2415 5190 2705 5275; x_wconf 72' lang='grc' dir='ltr'>βασιλέως,</span> <span class='ocrx_word' id='word_1_808' title='bbox 2760 5199 2836 5260; x_wconf 77' lang='grc' dir='ltr'>ὡς</span> <span class='ocrx_word' id='word_1_809' title='bbox 2894 5194 3271 5252; x_wconf 84' lang='grc' dir='ltr'>δυνατωτάτου</span> <span class='ocrx_word' id='word_1_810' title='bbox 3309 5194 3399 5251; x_wconf 76' lang='grc' dir='ltr'>καὶ</span> <span class='ocrx_word' id='word_1_811' title='bbox 3458 5190 3849 5263; x_wconf 75' lang='grc' dir='ltr'>πολεμικωτά-</span> 
     </span>
    </p>
   </div>
   <div class='ocr_carea' id='block_1_117' title="bbox 2194 5278 3847 5364">
    <p class='ocr_par' dir='ltr' id='par_1_117' title="bbox 2194 5278 3847 5364">
     <span class='ocr_line' id='line_1_118' title="bbox 2194 5278 3847 5364; baseline -0.008 -18"><span class='ocrx_word' id='word_1_812' title='bbox 2194 5312 2314 5360; x_wconf 86' lang='grc' dir='ltr'>του,</span> <span class='ocrx_word' id='word_1_813' title='bbox 2342 5287 2395 5350; x_wconf 72' lang='grc' dir='ltr'>οἹ</span> <span class='ocrx_word' id='word_1_814' title='bbox 2445 5309 2501 5349; x_wconf 78' lang='grc' dir='ltr'>τε</span> <span class='ocrx_word' id='word_1_815' title='bbox 2528 5285 2828 5364; x_wconf 76' lang='grc' dir='ltr'>Πριαμίδαι</span> <span class='ocrx_word' id='word_1_816' title='bbox 2854 5287 2945 5341; x_wconf 76' lang='grc' dir='ltr'>καὶ</span> <span class='ocrx_word' id='word_1_817' title='bbox 2978 5288 3182 5359; x_wconf 80' lang='grc' dir='ltr'>Τρῶες,</span> <span class='ocrx_word' id='word_1_818' title='bbox 3237 5283 3328 5338; x_wconf 85' lang='grc' dir='ltr'>καὶ</span> <span class='ocrx_word' id='word_1_819' title='bbox 3387 5285 3491 5342; x_wconf 85' lang='grc' dir='ltr'>πᾶς</span> <span class='ocrx_word' id='word_1_820' title='bbox 3549 5281 3578 5334; x_wconf 87' lang='grc' dir='ltr'><strong>ὁ</strong></span> <span class='ocrx_word' id='word_1_821' title='bbox 3622 5278 3847 5354; x_wconf 83' lang='grc' dir='ltr'>στρατὸς</span> 
     </span>
    </p>
   </div>
   <div class='ocr_carea' id='block_1_118' title="bbox 2200 5368 3849 5451">
    <p class='ocr_par' dir='ltr' id='par_1_118' title="bbox 2200 5368 3849 5451">
     <span class='ocr_line' id='line_1_119' title="bbox 2200 5368 3849 5451; baseline -0.008 -17"><span class='ocrx_word' id='word_1_822' title='bbox 2200 5381 2289 5438; x_wconf 85' lang='grc' dir='ltr'>ὑπ’</span> <span class='ocrx_word' id='word_1_823' title='bbox 2310 5379 2475 5434; x_wconf 75' lang='grc' dir='ltr'>αὐτοῦ</span> <span class='ocrx_word' id='word_1_824' title='bbox 2507 5376 2925 5448; x_wconf 76' lang='grc' dir='ltr'>διαταττόμενος</span> <span class='ocrx_word' id='word_1_825' title='bbox 2955 5373 3035 5451; x_wconf 78' lang='grc' dir='ltr'>ἐφ’</span> <span class='ocrx_word' id='word_1_826' title='bbox 3081 5369 3325 5450; x_wconf 78' lang='grc' dir='ltr'>ἅρματος</span> <span class='ocrx_word' id='word_1_827' title='bbox 3382 5371 3652 5444; x_wconf 81' lang='grc' dir='ltr'>λαμπρῶς</span> <span class='ocrx_word' id='word_1_828' title='bbox 3679 5368 3849 5445; x_wconf 82' lang='grc' dir='ltr'>ὀχου-</span> 
     </span>
    </p>
   </div>
   <div class='ocr_carea' id='block_1_119' title="bbox 2200 5454 3851 5544">
    <p class='ocr_par' dir='ltr' id='par_1_119' title="bbox 2200 5454 3851 5544">
     <span class='ocr_line' id='line_1_120' title="bbox 2200 5454 3851 5544; baseline -0.008 -19"><span class='ocrx_word' id='word_1_829' title='bbox 2200 5468 2391 5544; x_wconf 74' lang='grc' dir='ltr'>μένους</span> <span class='ocrx_word' id='word_1_830' title='bbox 2421 5467 2496 5530; x_wconf 82' lang='grc' dir='ltr'>εἰς</span> <span class='ocrx_word' id='word_1_831' title='bbox 2526 5467 2587 5527; x_wconf 85' lang='grc' dir='ltr'>τὸ</span> <span class='ocrx_word' id='word_1_832' title='bbox 2619 5462 2852 5524; x_wconf 78' lang='grc' dir='ltr'>δάπεδον</span> <span class='ocrx_word' id='word_1_833' title='bbox 2878 5464 3116 5539; x_wconf 70' lang='grc' dir='ltr'>ἐξῄεσαν.</span> <span class='ocrx_word' id='word_1_834' title='bbox 3168 5460 3486 5534; x_wconf 72' lang='grc' dir='ltr'>Ἐξὲστησαν</span> <span class='ocrx_word' id='word_1_835' title='bbox 3533 5456 3591 5515; x_wconf 77' lang='grc' dir='ltr'>δὶ</span> <span class='ocrx_word' id='word_1_836' title='bbox 3639 5454 3851 5544; x_wconf 65' lang='grc' dir='ltr'>Ἐλλη-</span> 
     </span>
    </p>
   </div>
   <div class='ocr_carea' id='block_1_120' title="bbox 2193 5543 3850 5637">
    <p class='ocr_par' dir='ltr' id='par_1_120' title="bbox 2193 5543 3850 5637">
     <span class='ocr_line' id='line_1_121' title="bbox 2193 5543 3850 5637; baseline -0.008 -22"><span class='ocrx_word' id='word_1_837' title='bbox 2193 5543 2301 5628; x_wconf 79' lang='grc' dir='ltr'>νες,</span> <span class='ocrx_word' id='word_1_838' title='bbox 2333 5557 2456 5637; x_wconf 75' lang='grc' dir='ltr'>ξίφη</span> <span class='ocrx_word' id='word_1_839' title='bbox 2488 5555 2580 5614; x_wconf 81' lang='grc' dir='ltr'>καὶ</span> <span class='ocrx_word' id='word_1_840' title='bbox 2648 5552 2795 5612; x_wconf 81' lang='grc' dir='ltr'>ὅπλα</span> <span class='ocrx_word' id='word_1_841' title='bbox 2846 5548 3052 5632; x_wconf 79' lang='grc' dir='ltr'>φοϐερᾶ</span> <span class='ocrx_word' id='word_1_842' title='bbox 3106 5555 3195 5611; x_wconf 74' lang='grc' dir='ltr'>καὶ</span> <span class='ocrx_word' id='word_1_843' title='bbox 3228 5548 3487 5630; x_wconf 80' lang='grc' dir='ltr'>σφεδόνας</span> <span class='ocrx_word' id='word_1_844' title='bbox 3540 5546 3632 5605; x_wconf 84' lang='grc' dir='ltr'>καὶ</span> <span class='ocrx_word' id='word_1_845' title='bbox 3687 5543 3850 5637; x_wconf 57' lang='lat' dir='ltr'>demi-</span> 
     </span>
    </p>
   </div>
   <div class='ocr_carea' id='block_1_121' title="bbox 2196 5633 3849 5721">
    <p class='ocr_par' dir='ltr' id='par_1_121' title="bbox 2196 5633 3849 5721">
     <span class='ocr_line' id='line_1_122' title="bbox 2196 5633 3849 5721; baseline -0.008 -18"><span class='ocrx_word' id='word_1_846' title='bbox 2196 5646 2289 5708; x_wconf 86' lang='grc' dir='ltr'>δας</span> <span class='ocrx_word' id='word_1_847' title='bbox 2319 5633 2692 5721; x_wconf 83' lang='grc' dir='ltr'>τετραγῶνους</span> <span class='ocrx_word' id='word_1_848' title='bbox 2749 5645 2843 5700; x_wconf 76' lang='grc' dir='ltr'>καὶ</span> <span class='ocrx_word' id='word_1_849' title='bbox 2887 5642 3156 5708; x_wconf 74' lang='grc' dir='ltr'>Αἰθίοπας</span> <span class='ocrx_word' id='word_1_850' title='bbox 3203 5639 3450 5702; x_wconf 74' lang='grc' dir='ltr'>πολλοὺς</span> <span class='ocrx_word' id='word_1_851' title='bbox 3498 5638 3615 5694; x_wconf 76' lang='grc' dir='ltr'>κατ’</span> <span class='ocrx_word' id='word_1_852' title='bbox 3671 5633 3849 5691; x_wconf 72' lang='grc' dir='ltr'>αὐτῶιι</span> 
     </span>
    </p>
   </div>
  </div>
