4186 6190
288 315 400 378 261

1433 307 1978 376 HISTORIABUM
2022 303 2532 370 CONPENDIUM
2545 353 2558 367 .

3581 311 3700 373 262

288 449 522 525 ὁρῶντες
554 437 843 519 ὀρμῶεῖτας
882 440 1147 526 φοϐεροὺς
1206 447 1292 522 [Ρ.
1326 447 1449 523 129]
1501 444 1592 503 καὶ
1650 439 1927 525 φρικτούς.

2044 439 2186 505 solis
2218 445 2415 496 ortum
2459 439 2671 495 armati
2718 439 2791 495 ad
2841 456 3101 517 pugnam
3150 443 3467 499 exiverunt
3510 444 3700 500 Graeci

299 538 398 597 Καὶ
431 536 482 592 οἱ
514 538 704 611 Τρῶες
737 531 797 591 δὲ
838 535 931 593 σὺν
990 534 1095 611 βοῇ
1153 533 1343 611 πολλῇ
1385 534 1475 593 καὶ
1508 531 1744 609 ἃλμασιν
1775 529 1952 587 ἐπιτι-

290 628 502 700 θὲμενοι
552 624 846 687 πλείστους
893 622 1131 699 ἀνῄρουν
1173 625 1264 681 καὶ
1314 622 1467 681 αὐτοὶ
1516 628 1624 681 τῶν
1678 623 1946 695 Ἀχαιῶν.

288 717 355 774 Οἱ
386 713 652 791 ἡγεμόνες
712 712 772 769 δὲ
825 715 926 785 τήν
990 714 1111 791 βίαν
1166 718 1265 770 τοῦ
1317 714 1565 787 πλήθους
1599 712 1661 767 οὐ
1693 708 1947 791 φέροντες

290 790 614 882 ὑπεχώρουν
646 802 785 879 πρὸς
820 803 922 866 τὰς
977 790 1128 875 ναῦς,
1162 801 1223 866 ἃς
1278 802 1370 861 καὶ
1402 802 1564 864 αὐτὰς
1596 801 1649 856 οἱ
1683 790 1948 875 βάρϐαροι

286 896 618 949 κατέκαυσαν
673 886 760 959 ἄν,
811 890 856 948 εἰ
910 893 987 967 μή
1032 892 1121 964 νὺξ
1171 891 1398 949 ἐπιοῦσα
1444 892 1548 961 τὴν
1592 888 1766 949 αὐτῶν
1816 906 1946 942 κατ-

292 984 443 1061 έσχεν
495 983 697 1056 ὁρμήν.
753 981 1177 1059 Ἐπιγενομένης
1244 982 1334 1036 οὖν
1387 987 1487 1050 τῆς
1527 978 1716 1041 νυκτὸς
1743 976 1811 1032 τὰ
1840 979 1948 1031 τῶν

290 1070 645 1148 ἀνῃρημένων
698 1070 1073 1150 τεφρώσαντες
1138 1071 1365 1143 σώματα
1449 1066 1539 1125 καὶ
1617 1068 1726 1123 τῶν
1781 1083 1947 1142 τραυ-

293 1165 501 1236 ματιῶν
547 1158 1041 1235 ἰπιμελησάμενοι,
1101 1159 1176 1224 ὡς
1229 1157 1397 1228 εἰκὸς,
1458 1157 1511 1212 οἱ
1568 1152 1780 1232 ἄριστοι
1834 1152 1942 1208 τῶν

294 1238 537 1325 Ἀχαιῶν
588 1243 981 1305 ἆϐουλεύσαντο
1037 1248 1122 1311 τίς
1185 1244 1246 1303 ἃν
1309 1244 1570 1323 τολμήσῃ
1656 1242 1790 1300 κατᾶ
1847 1244 1945 1297 τοῦ

288 1338 571 1415 Μέμνονος
603 1335 819 1415 βαλεῖν,
846 1340 957 1391 τῶν
1015 1332 1202 1393 ἄλλων
1243 1333 1366 1410 περὶ
1423 1330 1630 1397 ἄλλους
1662 1330 1941 1409 ἀσχολου-

297 1426 498 1502 μένων.
558 1425 875 1503 Κληροῦται
930 1424 1110 1481 τοίνυν
1167 1423 1295 1488 Αἴας
1327 1425 1356 1479 6
1401 1419 1782 1496 Τελαμώνιος.
1844 1420 1942 1475 Καὶ

298 1526 424 1591 πρίν
456 1515 617 1584 ἣλιον
675 1512 921 1576 ἀνελθεῖς
979 1511 1343 1591 ὁπλισάμενοι
1382 1510 1623 1588 ἐξῄεσαν,
1670 1507 1944 1585 ’Έλληνες

293 1609 388 1682 μὶν
420 1609 659 1682 πρῶτοι⁹
690 1603 846 1667 εόθὺς
904 1601 962 1660 δὲ
998 1602 1087 1659 καὶ
1128 1605 1156 1659 6
1223 1602 1460 1678 Μέμνων
1516 1602 1605 1658 καὶ
1663 1601 1858 1665 πάντες
1888 1600 1939 1657 οἱ

287 1695 373 1749 ὑπ’
422 1693 588 1749 αὐτὸν
634 1697 978 1771 στρατιῶται.
1012 1688 1212 1750 Ἀλλοι
1266 1692 1359 1766 μὶν
1405 1689 1498 1746 οὖν
1540 1691 1676 1767 πρὸς
1710 1686 1937 1761 ἄλλους,

2054 528 2337 603 primum,
2370 545 2504 585 mox
2536 528 2715 584 etiam
2746 531 3020 586 Memnon
3053 547 3188 587 cum
3219 532 3490 588 universo
3523 548 3696 589 exer-

2052 617 2172 673 citu
2200 618 2283 673 Ibi
2317 635 2451 674 cum
2472 618 2574 677 alii
2601 617 2750 675 alios
2771 619 3250 695 aggrederentur.
3286 622 3433 693 Ajax
3464 622 3691 678 Achille

2050 724 2086 763 a
2116 712 2277 781 tergo
2309 709 2503 781 ipsum
2532 709 2925 767 conﬂrmante
2974 713 3343 767 Memnomen
3403 712 3691 769 adoritur.

2048 798 2325 854 Memnon
2355 814 2530 854 curru
2586 798 2897 872 degressus
2928 799 3096 856 hasta
3148 802 3387 875 Ajacem
3420 803 3689 857 tentavit.

2048 884 2160 941 Sed
2190 885 2334 959 Ajax
2356 886 2584 958 primus
2605 903 2762 953 eum,
2796 893 2966 942 sento
2990 887 3177 960 ipsius
3197 887 3530 956 deturbato,
3553 906 3690 963 gra«

2046 973 2196 1030 viter
2223 975 2406 1042 ursit;
2438 993 2693 1049 cumque
2725 994 2933 1033 omnes
2966 977 3094 1032 Indi
3128 978 3189 1033 in
3222 979 3460 1051 Ajacem
3487 984 3689 1035 essent

2047 1063 2282 1134 intenti,
2344 1065 2606 1122 Achilles
2663 1066 2949 1121 cervicem
3016 1068 3344 1122 Memnonis
3400 1068 3685 1127 nudatam

2045 1154 2214 1212 basta
2225 1157 2742 1232 trajecit,eumque
2754 1165 2971 1234 praeter
2983 1162 3251 1217 omnium
3269 1179 3433 1235 spem
3446 1162 3686 1219 occidtt.

2045 1245 2188 1302 Inde
2210 1248 2399 1305 effusa
2418 1247 2807 1308 barbarorum
2831 1250 2979 1325 fuga,
2994 1249 3182 1307 caedes
3199 1257 3376 1325 atque
3409 1252 3457 1325 ej
3468 1250 3685 1320 alatus,

2045 1335 2382 1394 Graecorum
2414 1344 2621 1397 contra
2651 1339 2964 1397 exsultatio
3004 1346 3283 1414 certaque
3334 1345 3392 1395 et
3437 1340 3688 1397 illustris

2045 1424 2309 1483 victoria.
2342 1428 2500 1484 Tunc
2534 1430 2710 1485 etiam
2744 1429 3097 1503 Polydamas
3125 1429 3483 1487 fortissimus
3537 1431 3688 1487 227

2045 1514 2391 1573 thnicum
2419 1534 2525 1573 rex
2556 1516 2766 1591 ingens
2790 1518 2959 1575 hasta
2988 1519 3188 1591 Ajacis
3214 1519 3525 1579 confossus
3542 1520 3691 1576 ceci-

2046 1602 2151 1658 dit.
2206 1604 2546 1675 Aithioqum
2602 1623 2737 1662 vero
2801 1612 2860 1662 et
2912 1607 3307 1665 barbarorum
3368 1608 3687 1665 ineﬂ‘abilis

2046 1692 2223 1769 periit
2248 1692 2681 1761 multitudo,ita
2711 1702 2776 1751 ut
2799 1713 3075 1769 campum
3105 1696 3389 1755 cadavera
3418 1699 3691 1774 oppleve-

285 1785 313 1839 6
345 1780 482 1846 Αἶας
515 1778 574 1837 δὲ
604 1779 921 1857 ’Δχιλλέως
957 1781 1122 1837 αὑτοῦ
1181 1779 1239 1836 ἐκ
1287 1784 1395 1837 τῶν
1448 1776 1666 1843 ὄπισθεν
1726 1798 1936 1865 συνεπι-

2045 1781 2186 1850 rint,
2217 1798 2350 1839 cum
2382 1782 2612 1857 pedites
2641 1784 2713 1840 ab
2745 1785 3042 1859 equitibus
3074 1788 3291 1843 mirum
3324 1788 3386 1843 in
3441 1788 3685 1845 modum

288 1873 561 1953 σχύοντος
614 1870 751 1926 κατὰ
786 1875 884 1926 τοῦ
939 1870 1225 1943 Μέμνονος
1280 1868 1445 1943 ὁρμᾷ.
1495 1868 1723 1941 Νέμνων
1755 1863 1810 1924 δὲ
1835 1870 1934 1922 τοῦ

282 1962 526 2037 ἅρματος
554 1953 795 2023 καταϐὰς
851 1964 929 2033 τῷ
966 1957 1152 2035 δόρατι
1211 1956 1485 2034 ἐπείραζεν
1546 1953 1763 2015 Αἴαντα.
1797 1954 1933 2018 Αἷάς

276 2044 333 2104 δὲ
388 2052 615 2124 πρῶτος
663 2050 764 2117 τήν
821 2045 990 2104 αὐτοῦ
1059 2048 1387 2123 ἀναστρέψας
1455 2042 1655 2102 ἀσπίδα
1715 2042 1934 2110 ἐπέθετο

276 2140 497 2217 βαρέως
530 2138 697 2214 αὐτῷ·
728 2138 945 2194 πάντων
995 2134 1052 2194 δὲ
1097 2139 1204 2192 τῶν
1243 2136 1334 2192 σὺν
1367 2135 1514 2211 αὖτῷ
1546 2132 1728 2192 Ἰνδῶν
1760 2153 1936 2210 ’προσ-

274 2229 524 2305 εχόντων
550 2233 632 2302 τῷ
665 2225 879 2295 Αἴαντι,
927 2228 990 2282 τὸ
1033 2222 1164 2302 δόρυ
1197 2223 1386 2305 βαλὼν
1419 2225 1496 2291 εἰς
1522 2226 1616 2280 τὸν
1651 2225 1937 2297 Μέμνονος

276 2314 569 2395 τράχηλον
624 2318 977 2393 γυμνωθέντα
1031 2314 1228 2372 κτείνει
1292 2319 1487 2371 τοῦτον
1548 2314 1683 2391 ὑπὲρ
1739 2311 1937 2369 ἐλπίδα

278 2412 450 2462 πᾶσαν
514 2407 544 2462 6
595 2402 917 2483 ’Δχιλλεῦς.
979 2404 1272 2461 Κάντεῦθεν
1336 2398 1623 2481 βαρϐάρων
1674 2404 1768 2480 μἐν
1800 2404 1935 2460 κατὰ

271 2497 475 2571 κράτος
531 2496 681 2575 φυγῆ
719 2495 811 2551 καὶ
869 2495 1034 2572 φόνος
1084 2494 1176 2550 καὶ
1238 2493 1486 2570 οἰμωγὴ,
1544 2491 1830 2564 Ἑλλήνων
1877 2490 1935 2549 δί

271 2585 611 2663 ἀλαλαγμὸς
641 2585 730 2640 καὶ
760 2583 884 2656 νίκη
943 2583 1354 2662 ἀναμφήριστος
1412 2583 1502 2638 καὶ
1561 2580 1812 2658 λαμπρά,
1843 2582 1934 2638 ’ὀτε

274 2675 361 2729 οιαὶ
392 2668 734 2749 Πολυδάμας
767 2673 795 2728 6
826 2676 932 2729 τῶν
967 2672 1234 2730 Φοινίκων
1256 2669 1643 2745 ἀλκιμώτατος
1675 2668 1932 2747 βασιλεὺς

272 2766 352 2837 τῷ
409 2761 652 2825 Αἴαντος
704 2758 891 2839 δόρατι
950 2761 1041 2818 τὸν
1096 2754 1350 2837 βαυϐῶνα
1400 2759 1674 2830 κεπηθεῖς
1719 2758 1931 2817 πίπτει.

270 2853 558 2911 iith
615 2873 674 2908 τε
728 2851 820 2908 καὶ
898 2845 1185 2931 βαρϐάρων
1264 2850 1545 2925 ἀμύθητος
1603 2848 1767 2924 ἑσμὸς
1821 2847 1933 2904 ἐκεῖ

273 2943 521 3014 θνήσκει,
549 2941 627 3007 ὡς
654 2940 963 3013 πλησθῆναι
1019 2941 1084 2997 τὸ
1143 2936 1375 2999 δάπεδον
1426 2941 1652 3013 νεκρῶν,
1688 2938 1791 2994 ὑπὸ
1822 2942 1928 2993 τῶν

269 3029 481 3088 ἱππέων
520 3027 711 3093 δεινῶς
755 3033 865 3085 τῶν
915 3034 1092 3100 πεζῶν
1143 3026 1613 3104 συμπατουμένων
1659 3029 1750 3084 καὶ
1780 3027 1929 3083 άναιο

2043 1868 2461 1927 obtererentur
2501 1878 2679 1944 atque
2736 1881 3109 1932 necarentur.
3169 1875 3508 1932 Secundum
3558 1876 3688 1932 haec

2038 1961 2296 2034 Trojani,
2327 1962 2559 2018 Achille
2591 1980 2693 2019 eos
2723 1963 2796 2019 ad
2831 1981 3088 2038 pugnam
3119 1972 3497 2040 provocante,
3547 1982 3684 2023 om-

2039 2066 2185 2106 num
2212 2052 2539 2108 exercitum
2558 2051 2618 2108 in
2642 2053 2829 2109 aciem
2848 2052 3179 2110 eduxerunt
3198 2054 3449 2113 ducibus
3474 2055 3681 2113 Paride

2038 2156 2105 2196 ac
2131 2139 2435 2213 Deiphobo
2467 2147 2527 2198 et
2582 2159 2785 2198 eorum
2816 2142 3098 2201 fratribus
3126 2144 3316 2201 Troilo
3373 2151 3549 2217 atque
3578 2145 3683 2217 Ly-

2037 2245 2242 2286 caone.
2300 2231 2455 2298 Quos
2503 2231 2764 2288 Achilles
2801 2249 2939 2289 cum
2997 2233 3269 2291 auxiliari
3328 2234 3681 2291 Achaeorum

2037 2334 2220 2375 manu
2250 2325 2597 2391 persecutus
2626 2322 2843 2393 partim
2870 2323 3029 2378 vivos
3059 2325 3237 2399 cepit,
3267 2324 3419 2382 alios
3451 2325 3511 2381 in
3543 2326 3678 2383 Sca-

2037 2406 2353 2464 mandrum
2376 2408 2624 2465 fluvium
2647 2410 2986 2481 compulsos
3007 2411 3685 2481 submersit,interfectis

2034 2497 2230 2553 Troilo
2257 2504 2317 2553 et
2350 2498 2379 2551 L
2396 2515 2642 2571 ycaone.
2670 2500 2768 2555 llis
2787 2501 2966 2573 gestis
2987 2500 3371 2558 donariorum
3395 2503 3558 2558 feriae
3580 2521 3685 2577 ap-

2035 2587 2335 2659 petierunt
2365 2587 2754 2662 induciasque
2785 2588 3128 2646 attulerunt.
3160 2591 3267 2646 Ubi
3319 2608 3478 2660 cum,
3518 2596 3586 2647 ut
3615 2594 3678 2648 in

2036 2674 2465 2749 pace.uuiversi
2498 2682 2555 2732 et
2584 2676 2767 2733 Danai
2801 2682 2859 2734 et
2883 2678 3062 2735 Troes
3091 2677 3344 2752 Apollini
3372 2680 3680 2754 Tymbran

2035 2781 2163 2820 rem
2194 2780 2424 2821 sacram
2455 2765 2795 2822 facerentin
2823 2766 2954 2823 luco
2977 2768 3077 2841 qui
3110 2767 3254 2824 urbe
3286 2769 3444 2825 haud
3471 2769 3679 2843 procul

2035 2853 2259 2919 aberat,
2278 2854 2540 2910 Achilles
2569 2855 2928 2931 Polyxenam
2959 2873 3095 2913 cum
3125 2861 3314 2913 matre
3346 2859 3582 2916 Hecuba
3612 2860 3674 2915 in

2035 2942 2326 3018 templum
2347 2943 2675 3017 ingressam
2704 2945 3310 3019 conspicatus,forma3
3338 2949 3470 3020 ejus
3490 2947 3678 3003 admi-

2035 3034 2266 3091 ratione
2324 3038 2413 3090 est
2459 3033 2718 3107 percitus
2756 3034 3026 3091 Priamus
3083 3034 3313 3093 Achille
3370 3036 3677 3093 observato

268 3120 578 3197 ρουμένων.
646 3118 799 3178 Μετὰ
853 3122 1021 3175 ταῦτα
1074 3118 1201 3183 τοὺς
1254 3120 1458 3212 Τρῶας
1507 3115 1824 3212 ’Δχιλλέως
1852 3115 1931 3179 εἰς

2042 3122 2262 3179 Idaeum
2312 3121 2514 3196 mittit,
2548 3123 2646 3197 qui
2681 3123 2740 3177 in
2770 3122 2905 3180 luco
2965 3141 3100 3179 cum
3131 3141 3200 3180 eo
3246 3124 3318 3181 de
3374 3125 3676 3198 Polyxena

268 3209 525 3284 πόλεμον
554 3206 1064 3283 προσκαλουμένου,
1124 3207 1386 3285 ἄρχοντες
1440 3204 1669 3277 ὶξῆλθον
1702 3207 1731 3262 6
1763 3208 1930 3282 Πάρις

272 3297 358 3353 καὶ
390 3293 676 3378 Δηΐφοϐος
727 3294 837 3353 υἱοὶ
898 3296 1169 3375 Πριάμου,
1223 3296 1315 3352 καὶ
1372 3296 1425 3351 οἱ
1478 3293 1703 3377 ἀδελφοὶ
1736 3294 1931 3352 τούτου

278 3388 538 3463 τρωΐλος
591 3387 682 3444 καὶ
742 3389 990 3457 Λυκάων,
1069 3387 1166 3443 σὺν
1221 3392 1302 3463 τῷ
1357 3386 1542 3460 λοιπῷ
1606 3385 1766 3443 πάντῖ
1821 3390 1929 3443 τῶν

273 3486 483 3561 Τρώων
548 3490 781 3561 στρατῷ·
854 3487 947 3549 cii;
1004 3482 1306 3563 Ἀχιλλεὺς
1367 3485 1503 3561 μετά
1537 3489 1645 3541 τῶν
1676 3505 1931 3540 συνασπι-

271 3573 520 3647 ζομένων
572 3574 728 3647 αὖτῷ
784 3576 1022 3652 Ἀχαιῶν
1080 3574 1415 3651 κειταδιώξας
1444 3574 1571 3638 τοὺς
1606 3574 1700 3650 μὶν
1731 3579 1932 3646 ζῶντας

272 3662 404 3733 εἷλε,
450 3662 587 3726 τοὺς
641 3660 699 3720 δὶ
752 3664 827 3727 εἷς
880 3667 969 3721 τὸν
1027 3664 1380 3744 Σκάμανδρον
1441 3666 1688 3741 ποταμὸν
1749 3665 1933 3722 ὲναπὲ-

271 3753 441 3825 πνιξε,
478 3752 737 3825 Τρωὶλον
795 3750 853 3809 δὲ
904 3754 995 3808 καὶ
1056 3757 1304 3812 Λυκάονα
1353 3754 1555 3814 ἀνεῖλε.
1591 3754 1741 3812 Μετᾶ
1767 3760 1935 3811 ταῦτα

268 3842 461 3915 ἆνεστη
526 3844 562 3913 ἡ
624 3846 733 3897 τῶν
786 3842 1148 3916 ἀναθημάτων
1207 3842 1395 3920 ἑορτὴ,
1445 3844 1653 3921 άνοχὴν
1701 3842 1935 3924 ιρὲρουσα

269 3930 553 4005 πολέμου,
586 3928 679 3985 ὅτε
709 3927 776 4003 δὴ
809 3932 1024 3988 πάντων
1075 3930 1126 3986 ἐν
1180 3932 1370 4010 εἰρήνῃ
1405 3934 1642 3990 θυόντων
1674 3938 1751 4005 τῷ
1782 3941 1932 4009 Θυμο

266 4014 443 4096 ϐραίῳ
472 4018 829 4093 Ἀπόλλωνι,
886 4028 1103 4078 Δαναῶν
1152 4025 1243 4079 καὶ
1300 4024 1522 4104 Τρώων,
1584 4024 1637 4079 ἐν
1694 4029 1774 4098 τῷ
1828 4023 1933 4081 άπὸ

268 4114 469 4185 μικροῦ
530 4116 630 4182 τῆς
688 4108 910 4176 πολεως
980 4110 1156 4183 ἃλσει,
1240 4110 1565 4185 ἐξελθούσης
1624 4115 1937 4190 Πολυξένης

267 4198 402 4270 μετᾶ
428 4202 538 4267 τῆς
562 4204 672 4270 μῆς
701 4201 913 4277 μητρὸς
937 4196 1176 4275 Ἑκάϐης
1208 4201 1286 4265 εἷς
1315 4202 1379 4258 τὸ
1409 4203 1553 4276 ἱερὸν
1583 4204 1611 4259 6
1639 4203 1933 4282 Ἀχιλλεὺς

264 4286 471 4360 ταῦτην
505 4285 809 4362 ἐθαύμασεν
866 4286 1019 4347 ἰδών.
1082 4292 1373 4367 Ἐωρακὼς
1429 4289 1486 4347 δὲ
1513 4292 1540 4347 6
1573 4291 1817 4369 Πρίαμος
1844 4294 1936 4350 τὸν

274 4373 578 4452 Ἀχιλλέα,
630 4379 838 4453 πέμπει
892 4379 985 4434 τὸν
1046 4376 1242 4435 Ἰδαῖον
1301 4382 1438 4459 πρὸς
1493 4379 1653 4437 αὐτὸν
1700 4380 1751 4437 ἐν
1781 4380 1934 4439 ἄλσει

281 4464 510 4543 φέροντα
541 4462 745 4545 λόγους
802 4466 925 4541 περὶ
981 4465 1310 4541 Πολυξένης.
1368 4472 1574 4528 Τοῦτον
1620 4468 1936 4543 ἰδιαζόντως

272 4552 583 4627 ὁμιλοῦντα
638 4561 719 4629 τῷ
780 4556 1044 4637 Ἀχιλλεῖ
1098 4554 1205 4614 τῶ)
1269 4557 1553 4631 Ἑλλήνων
1619 4560 1672 4615 οἱ
1728 4562 1941 4636 ἄριστοι

270 4639 504 4715 ἰδόντες,
537 4641 630 4698 καὶ
674 4640 1084 4721 θορυϐηθέντες,
1125 4644 1329 4704 Αἴαντα
1383 4648 1474 4704 καὶ
1531 4644 1786 4723 Διομήδη
1840 4650 1928 4705 καὶ

270 4728 535 4817 Ὀδυσσέα
559 4733 861 4809 πέμπουσι,
909 4738 986 4809 μή
1037 4732 1340 4793 ὶπιδιδόναι
1373 4743 1781 4817 παρεγγυῶντες
1817 4745 1934 4805 τοῖς

274 4814 608 4896 βαρϐάροις,
644 4818 785 4897 μηδὲ
813 4823 1083 4881 πιστεύειν
1139 4825 1328 4882 ἑαυτὸν
1386 4832 1503 4890 τοῖς
1530 4814 1796 4905 νὲχθροῖς.
1832 4828 1933 4886 Καὶ

270 4906 432 4963 αὐτοὶ
463 4904 657 4985 ἔμενον
685 4908 787 4987 ἔξω
817 4914 914 4968 τοῦ
952 4912 1173 4985 ἄλσους,
1224 4912 1578 4994 ἐκδεχομενοι
1606 4904 1700 4971 τὸν
1734 4913 1935 4991 Ἀχιλ-

269 4991 390 5079 λέα,
454 4996 539 5072 [Ρ.
590 4999 716 5074 130]
771 4998 911 5056 ὣστε
963 5001 1080 5058 κατ’
1137 4998 1277 5057 ίδίαν
1332 4991 1702 5079 παραγγεῖλαι
1761 5004 1930 5079 αὐτῷ.

267 5069 329 5140 Ὀ
390 5069 568 5157 δ”ἦν
630 5069 1016 5164 ὑποσχόμενος
1067 5094 1148 5166 τῷ
1201 5069 1565 5166 Ἰδαίῳ-πρὸς
1619 5091 1795 5168 γάμον
1833 5069 1931 5164 τήν

268 5169 585 5249 Πολυξένην
648 5172 857 5234 λαϐεῖν’
918 5176 1005 5234 διὸ
1061 5178 1152 5236 καὶ
1206 5180 1536 5256 προσέμενεν
1588 5178 1641 5235 ἐν
1670 5186 1750 5253 τῷ
1782 5178 1933 5239 ἄλσει

275 5257 586 5322 ἄνα-πατῶν.
638 5264 784 5322 Μετὰ
845 5266 1029 5347 βραχὺ
1086 5264 1144 5322 δὲ
1195 5269 1223 5322 6
1279 5269 1445 5345 Πάρις
1475 5269 1565 5327 καὶ
1597 5271 1625 5325 6
1659 5266 1932 5344 Δηΐφοϐος

275 5349 433 5421 ἧκον,
484 5354 936 5429 παρακαλοῦντες
986 5356 1153 5413 αὐτὸν
1207 5355 1373 5429 δῆθεν
1394 5358 1527 5434 περῖ
1580 5363 1680 5415 τοῦ
1728 5360 1933 5436 γάμου.

275 5440 317 5520 Ο
356 5433 417 5493 δὶ
447 5440 661 5497 φαῦλον
689 5441 865 5517 μηδὲν
897 5445 1165 5509 ὑπονοῶν,
1219 5444 1272 5503 ἐν
1330 5452 1410 5520 τῷ
1439 5433 1537 5503 τοῖ
1569 5433 1933 5513 Ἀπόλλωνος

270 5519 445 5595 ὶστὼς
502 5530 641 5607 ἱερῷ
695 5532 1018 5607 κατεδέξατο
1070 5535 1290 5601 αὐτοὺς.
1352 5519 1451 5593 Καὶ
1510 5538 1539 5594 6
1599 5538 1695 5613 μὲν
1758 5539 1934 5615 Πάρις

272 5615 430 5692 ὅρκῳ
456 5618 523 5673 τά
576 5621 775 5696 μεταξῦ
828 5622 1152 5707 ἀμφοτέρων
1203 5625 1474 5703 λεγόμενα
1518 5621 1755 5703 βεϐαιῶν
1788 5629 1938 5706 παρὰ

2041 3212 2582 3289 colloqueretur.At
2609 3212 2940 3268 Graecorum
2975 3213 3273 3289 principes
3304 3214 3460 3271 hunc
3491 3214 3684 3270 solum

2038 3319 2177 3361 cum
2214 3302 2447 3359 Achille
2476 3301 2652 3359 verba
2681 3309 3047 3361 commutare
3078 3310 3387 3361 cernentes
3410 3311 3683 3362 contur»

2036 3389 2206 3458 bari;
2237 3390 2552 3465 missisque
2584 3390 2782 3464 Ajace,
2814 3390 3095 3448 Diomede
3127 3397 3185 3448 et
3214 3392 3669 3466 Ulysse,hortari

2039 3498 2113 3535 ne
2145 3479 2286 3554 quid
2320 3480 2592 3537 Barbaris
2649 3481 3005 3536 concederet
3034 3498 3180 3536 neve
3238 3482 3504 3538 hostibus
3544 3500 3675 3539 sese

2040 3570 2310 3627 crederet
2333 3585 2347 3635 ;
2370 3570 2482 3643 ipsi
2505 3576 2669 3626 extra
2702 3571 2901 3628 lucum
2924 3571 3348 3642 prmstolarimt
3371 3590 3673 3646 egressum

2041 3658 2288 3715 seorsim
2319 3666 2657 3715 monerent.
2694 3664 2763 3715 At
2793 3676 2928 3714 vero
2960 3661 3223 3717 Achilles
3254 3661 3573 3719 ducturum
3608 3679 3672 3717 se

2038 3749 2401 3821 Polyxenam
2434 3764 2675 3803 uxorem
2708 3749 3064 3821 promiserat
3094 3749 3268 3821 Idaeo,
3301 3752 3549 3823 ejusque
3594 3751 3680 3806 rei

2039 3856 2216 3895 causa
2239 3838 2301 3893 in
2332 3838 2467 3895 luco
2498 3838 2886 3895 obambulans
2918 3839 3317 3911 exspectabat.
3334 3841 3514 3895 Paulo
3544 3847 3681 3913 post

2038 3930 2203 3987 Paris
2231 3946 2298 3985 ac
2354 3928 2692 4005 Deiphobus
2724 3929 3061 4000 adfuerunt,
3094 3931 3195 4000 qui
3228 3947 3367 3985 eum
3416 3931 3547 4003 jam
3600 3930 3675 3986 ad

2039 4019 2517 4075 conﬁrmandum
2548 4018 2888 4093 conjugium
2916 4024 3208 4075 vocarent.
3236 4017 3493 4074 Achilles
3522 4019 3676 4075 228

2038 4110 2193 4165 nihil
2226 4107 2453 4165 sinistri
2477 4108 2805 4183 suspicans,
2839 4107 2901 4163 in
2926 4108 3145 4185 templo
3166 4108 3460 4182 Apollinis
3493 4115 3680 4178 stans,

2039 4216 2140 4254 eos
2173 4197 2433 4255 admisit.
2467 4195 2551 4251 lbi
2584 4195 2747 4251 Paris
2776 4195 2947 4251 altari
2981 4196 3676 4271 assistensjurejurando

2041 4306 2111 4344 ea
2132 4306 2264 4362 qum
2280 4292 2451 4343 erant
2470 4285 2709 4357 utrique
2731 4285 2889 4343 dicta
2910 4286 3123 4342 sanxit.
3152 4286 3452 4361 Deiphobo
3474 4294 3674 4344 autem

2039 4377 2333 4435 Achillem
2383 4375 2656 4448 amplexo
2711 4380 2767 4429 et
2796 4374 3201 4437 deosculante,
3244 4393 3446 4434 ensem
3506 4394 3684 4449 quem

2044 4467 2310 4543 gestabat
2342 4466 2401 4521 in
2432 4464 2679 4522 Achillis
2710 4464 2994 4523 intestina
3044 4465 3250 4522 defixit
3280 4484 3293 4534 ;
3342 4467 3684 4541 statimque,

2048 4556 2245 4613 adhuc
2270 4573 2404 4612 eum
2426 4554 2729 4629 Deiphobo
2756 4557 3186 4625 tenente,Paris
3216 4555 3469 4612 alterum
3503 4557 3686 4614 ictum

2041 4644 2260 4699 intulit.
2292 4642 2552 4700 Achilles
2578 4642 2801 4700 viribus
2832 4643 3246 4701 deﬁcientibus
3277 4646 3556 4704 concidit.
3592 4646 3685 4700 Illi

2044 4733 2193 4789 citra
2220 4732 2621 4807 suspicionem
2652 4733 2737 4789 rei
2764 4732 2881 4789 alia
2912 4734 3002 4789 via
3033 4750 3102 4789 ex
3132 4734 3268 4792 lnco
3300 4734 3684 4811 egressi,cum

2043 4823 2351 4897 paululum
2373 4822 2510 4879 inde
2525 4824 3164 4897 processissent,citato
3190 4842 3370 4883 cursu
3390 4825 3453 4879 in
3476 4823 3683 4879 urbem

2042 4933 2107 4972 se
2136 4914 2578 4990 proripuerunt.
2614 4912 2850 4989 Ulysses
2893 4932 3028 4973 cum
3083 4916 3258 4971 sociis
3284 4929 3522 4971 currere
3581 4929 3682 4969 eos

2044 5003 2443 5074 cernentes,in
2467 5002 2750 5077 templum
2775 5004 3323 5079 accurrunt,ibique
3348 5020 3499 5077 pone
3522 5018 3688 5059 aram

2036 5097 2334 5169 jacentem
2366 5090 2655 5149 Achillem
2687 5111 2897 5153 cruore
2928 5094 3213 5155 fmdatum
3244 5095 3568 5170 reperiunt.
3583 5094 3685 5151 Cui

2046 5187 2188 5259 Ajax
2217 5200 2231 5238 :
2257 5204 2285 5233 «
2309 5181 2575 5237 Profecto
2600 5198 2773 5238 nemo
2794 5183 3103 5241 hominum
3130 5192 3183 5239 te
3205 5190 3435 5258 poterat
3454 5184 3686 5243 interﬂ-

2044 5271 2311 5331 cere.sed
2341 5276 2443 5327 tua
2476 5272 2779 5329 temeritas
2811 5277 2865 5328 te
2893 5274 3018 5333 solo
3052 5273 3330 5348 perdidit.
3365 5296 3384 5321 ιι
3422 5276 3686 5349 Respon-

2043 5360 2133 5417 dit
2161 5359 2417 5418 Achilles
2447 5358 2934 5419 hmcextremum
2966 5363 3243 5437 spiritum
3277 5363 3405 5437 jam
3436 5363 3685 5431 ducens.

2043 5471 2071 5495 υ
2108 5448 2249 5505 Dolo
2282 5465 2374 5505 me
2431 5449 2600 5505 Paris
2632 5456 2687 5505 et
2748 5451 3089 5525 Deiphobus
3134 5454 3450 5527 Polyxena:
3507 5469 3689 5513 causa

2044 5542 2459 5595 necaverunt.»
2493 5539 2748 5597 Proinde
2780 5558 2994 5617 corpus
3026 5541 3275 5599 Achillis
3304 5542 3346 5599 ii
3375 5542 3689 5605 celerrime

2045 5629 2391 5703 rapuerunt,
2428 5629 2485 5682 et
2535 5628 2799 5686 humeris
2831 5631 2955 5688 suis
3004 5630 3349 5707 impositum
3392 5632 3455 5691 in
3498 5636 3690 5693 castra
