4186 6190
443 343 560 401 263

1799 325 2116 390 GEORGII
2160 322 2502 396 CEDRENI

3730 319 3848 380 264

439 475 1283 548 pertuleruat,crematumque
1306 468 1647 522 humarunt.
1676 465 2080 518 Postmortem

2199 453 2283 510 τὸν
2317 453 2504 529 βωμὸν
2545 453 2756 521 ἳστατο,
2807 451 3277 526 περιπλεκομένου
3329 447 3385 506 δὲ
3435 446 3718 524 Δηϊφόϐου
3755 452 3850 506 τὸν

438 565 686 621 Achillis
705 579 899 634 pugna
915 564 1186 615 conserta
1205 556 1526 626 multisque
1543 554 1821 622 utrinque
1836 549 2084 620 dejectis

439 653 723 725 singulari
757 648 1088 705 certamine
1119 645 1476 700 Philoctetes
1507 649 1565 698 et
1621 642 1785 696 Paris
1839 655 2084 711 congre-

443 743 708 796 diuntur.
767 739 933 792 Prior
978 741 1134 790 sorte
1199 735 1362 789 Paris
1430 733 1814 790 Philoctetem
1875 728 2086 800 sagitta

438 836 644 902 petens
666 828 901 882 aberrat
920 841 953 879 a
970 823 1504 895 scopo.Philocteta
1519 821 1777 875 vicissim
1801 818 2081 888 primum.

439 919 645 973 lasvam
693 915 923 970 Paridis
973 929 1214 968 manum
1265 912 1475 983 sagitta
1533 910 1772 982 trajicit,
1824 905 2082 962 secundo

441 1007 713 1062 dextrum
747 1006 875 1075 ejus
905 1001 1143 1057 oculum
1199 1002 1371 1069 eruit,
1409 1002 1580 1058 tertio
1612 999 1763 1054 talos
1804 1002 1862 1051 et
1904 995 2086 1067 pedes

439 1097 735 1167 impetens
764 1112 896 1150 eum
930 1096 1054 1150 solo
1095 1093 1440 1166 prosternit.
1473 1090 1578 1156 Qui
1631 1089 2003 1145 semianimis
2053 1105 2086 1142 a

440 1186 562 1240 suis
593 1185 877 1255 abreptus
909 1190 966 1238 et
997 1184 1167 1238 Ilium
1193 1182 1455 1254 perlatus
1487 1186 1612 1244 est;
1645 1177 1746 1234 ubi
1780 1184 1917 1242 tres,
1936 1194 2085 1248 quos

441 1275 492 1329 ei
525 1274 749 1328 Helena
770 1279 1100 1344 pepererat,
1138 1272 1677 1341 ﬁlios,Bunymum,
1711 1268 2084 1338 Corythaaum

443 1369 500 1420 et
530 1363 772 1428 Idaeum,
830 1361 1110 1432 parvulos
1143 1360 1492 1422 etiamnum,
1544 1358 1696 1412 229
1731 1356 1840 1411 sibi
1892 1361 2085 1410 astare

440 1451 669 1514 videns,
695 1450 1020 1505 interclusa
1050 1447 1325 1516 voce,sub
1350 1447 1607 1502 mediam
1631 1451 1865 1500 noctem
1889 1444 2085 1515 exspi-

439 1540 608 1595 ravit.
644 1539 794 1593 Tum
826 1539 1086 1602 ()Enone,
1120 1554 1250 1609 quaa
1284 1537 1446 1607 prius
1501 1552 1649 1590 uxor
1679 1531 1909 1588 Paridis
1958 1531 2083 1587 fue-

441 1634 551 1694 rat,
587 1628 842 1699 seipsam
893 1626 1298 1698 strangulavit.
1350 1623 1686 1695 Deiphobus
1718 1620 1916 1675 statim
1971 1622 2084 1675 He-

441 1717 636 1773 lenam
667 1733 910 1771 uxorem
942 1715 1108 1771 duxit
1142 1733 1155 1782 ;
1197 1731 1374 1785 quem
1425 1711 1733 1784 postmodo
1788 1710 2085 1766 Menelaus

2197 541 2468 618 Ἀχιλλέα
2515 541 2604 596 καὶ
2662 540 3090 620 καταφιλοῦντος
3139 535 3423 595 ἐϐάπτισεν
3484 535 3512 593 ὅ
3562 539 3848 618 ἐπεφέρετο

2193 633 2342 709 ξίφος
2399 633 2536 687 κατά
2587 636 2695 686 τῶν
2756 630 2923 686 αὐτοῦ
2981 628 3302 708 σπλάγχων·
3335 629 3424 684 καὶ
3474 627 3552 684 ἔτι
3583 633 3850 703 κρατοῦν-

2191 741 2282 782 τος
2317 719 2485 774 αὐτοῦ
2539 717 2786 794 δευτέραν
2820 719 2979 780 εὐθὺς
3029 721 3056 773 ὁ
3107 719 3279 793 Πάρις
3311 717 3498 791 ἐπάγει
3529 720 3649 772 κατ’
3683 717 3846 772 αὐτοῦ

2191 809 2435 885 πληγήν.
2499 808 2596 863 Καὶ
2665 808 2724 871 ὃς
2783 805 3012 870 ἔκλυτος
3050 808 3295 883 γεγονὼς
3350 807 3553 864 πίπτει.
3620 809 3848 862 Ἐκεῖνει

2192 896 2247 953 δὲ
2278 899 2603 960 ἀνυπόπτως
2663 895 2732 952 δι’
2791 895 2973 968 ἄλλης
3025 901 3123 952 τοῦ
3181 895 3384 958 ἄλσους
3417 895 3736 966 ἐξελθόντες,
3772 895 3847 956 ὡς

2195 997 2386 1072 μικρὸν
2419 995 2671 1073 ἀπεῖχον,
2721 992 2914 1070 δρόμῳ
2957 995 3155 1066 πολλῷ
3211 994 3554 1069 χρησάμενοι
3597 991 3847 1062 εἰσῆλθον

2195 1085 2267 1147 εἰς
2296 1087 2396 1154 τήν
2427 1083 2609 1144 πόλιν.
2643 1086 2708 1142 Οἱ
2748 1085 2872 1160 περὶ
2919 1083 3011 1138 τὸν
3039 1080 3296 1140 Ὀδυσσέα
3327 1081 3384 1138 δὲ
3411 1080 3618 1144 ἰδόντες
3644 1081 3845 1141 αὐτοὺς

2190 1173 2508 1248 τρέχοντας,
2589 1170 2968 1248 εἰσδραμόντες
3053 1171 3360 1244 εὑρίσκουσι
3425 1173 3517 1226 τὸν
3575 1168 3850 1246 ’Δχιλλέα

2192 1261 2508 1336 ᾑμαγμένον
2565 1260 2816 1332 κείμενον
2874 1260 3020 1332 παρά
3075 1257 3167 1314 τὸν
3233 1259 3444 1332 βωμόν.
3507 1258 3647 1333 Πρὸς
3702 1259 3758 1311 ὃν
3819 1257 3848 1310 6

2193 1347 2348 1410 Α’ίας·
2390 1371 2412 1399 ι
2444 1351 2570 1422 ⁷Λρ³
2597 1351 2661 1416 ἦν
2694 1350 2976 1422 ἄνθρωπος
3023 1346 3322 1420 δυνάμενος
3353 1347 3559 1402 κτεῖναί
3591 1367 3647 1400 σε
3675 1365 3688 1414 ;
3719 1343 3850 1401 ἀλλ’

2192 1439 2226 1506 ἡ
2289 1439 2355 1506 σή
2415 1436 2712 1513 προπέτεια
2771 1438 2911 1509 μόνη
2965 1457 3021 1492 σε
3079 1436 3348 1495 ἀπώλεσε.
3413 1461 3440 1488 ››
3513 1438 3654 1510 Πρὸς
3711 1437 3769 1490 ὃν
3819 1435 3849 1489 6

2195 1524 2495 1601 ’Λχιλλεὺς
2526 1523 2733 1601 ἔςχατα
2767 1527 2960 1594 πνέων,
2983 1551 3010 1578 ιι
3036 1525 3195 1597 Δόλῳ
3228 1525 3546 1601 εἰργάσαντό
3583 1547 3668 1598 με,
3693 1523 3851 1604 φησί,

2195 1615 2363 1691 Πάρις
2396 1615 2488 1670 καὶ
2544 1611 2822 1688 Δηίφοϐος
2883 1612 2972 1670 διὰ
3030 1614 3364 1687 Πολυξένην.
3400 1642 3420 1668 ι
3458 1614 3718 1684 Ὀξύτατα
3751 1611 3847 1668 οῦν

2194 1711 2274 1766 ἐπ’
2310 1710 2477 1784 ὤμων
2507 1712 2840 1786 ἁρπάσαντες
2897 1711 2960 1766 τὸ
3020 1716 3178 1785 σῶμα
3235 1711 3326 1766 καὶ
3385 1711 3472 1766 ἐπὶ
3522 1712 3616 1773 τάς
3648 1711 3848 1779 σκηνάς

441 1811 754 1877 propterea
811 1805 1052 1860 auribus
1102 1809 1159 1858 et
1207 1821 1350 1858 naso
1402 1801 1795 1871 manibusque
1847 1809 2084 1857 trunca-

2199 1797 2489 1878 ἀγαγόντες
2545 1800 2636 1856 καὶ
2697 1803 3069 1879 τεφρώσαντες
3129 1802 3392 1856 θάπτουσι
3426 1806 3518 1876 γῇ.
3578 1801 3726 1857 Μετά
3757 1800 3852 1854 τὸν

442 1896 539 1950 vit.
2117 1887 2161 1896 ν
2194 1892 2420 1944 θάνατον
2467 1889 2780 1965 Ἀχιλλέως
2838 1889 3088 1964 πολέμου
3145 1890 3466 1964 γενομένου,
3499 1889 3587 1944 καὶ
3619 1887 3848 1944 πολλῶν

440 1983 491 2051 ἐξ
523 1983 787 2056 ἑκατέρων
844 1982 1143 2050 πεσόντων,
1202 1979 1277 2041 είς
1337 1977 1679 2053 μονομαχίαν
1741 1980 1768 2032 6
1828 1977 2180 2049 Φιλοκτήτης
2239 1981 2326 2034 καὶ
2385 1980 2413 2034 ὁ
2475 1980 2644 2055 Πάρις
2701 1975 2976 2055 ἔρχονται.
3011 1980 3114 2036 Καὶ
3147 1984 3362 2054 πρῶτος
3396 1977 3644 2054 λαχὼνὸ
3677 1979 3850 2051 Πάρις

448 2069 642 2144 βάλλει
701 2069 834 2123 κατά
893 2070 1264 2138 Φιλοκτήτου,
1321 2067 1552 2144 ἀστοχεῖ
1608 2064 1685 2124 δέ.
1745 2067 1805 2123 Ὀ
1864 2064 1919 2122 δὲ
1977 2068 2342 2138 ἀντιτοξεύσας
2398 2071 2498 2138 τήν
2559 2068 2841 2144 ἀριστεράν
2899 2074 3062 2145 χεῖρα
3111 2067 3345 2142 Πάριδος
3412 2066 3698 2141 διαπείρει,
3757 2067 3852 2121 καὶ

444 2155 777 2233 δευτερώσσς
842 2159 932 2212 τὸν
997 2155 1166 2226 δεξιὸν
1232 2157 1400 2212 αὑτοῦ
1468 2157 1749 2230 ἐπήρωσεν
1818 2155 2124 2231 ὀφθαλμὸν,
2191 2158 2280 2213 καὶ
2347 2157 2529 2232 τρίτον
2601 2156 2786 2232 βαλὼν
2847 2158 2934 2214 ἐπὶ
2998 2159 3128 2221 τοὺς
3194 2156 3362 2220 πόδας
3420 2158 3511 2214 καὶ
3564 2158 3630 2213 τὰ
3679 2159 3857 2236 σφυρᾶ

445 2245 620 2321 ῥίπτει
683 2247 848 2321 Πάριν
912 2245 986 2308 εἷς
1043 2253 1168 2322 γῆν.
1227 2249 1326 2303 "Ov
1387 2244 1717 2319 ἁρπάσαντες
1775 2248 2019 2317 ἡμιθανῆ
2080 2246 2156 2308 εἰς
2212 2248 2313 2314 τήν
2374 2245 2551 2303 Ἴλιον
2610 2247 2884 2312 εἰσῆλθον.
2920 2249 3022 2305 Καὶ
3070 2247 3230 2309 αὐτὸς
3259 2247 3384 2310 τοὺς
3416 2247 3475 2302 ἐκ
3498 2245 3855 2316 τῆςἙλένης

442 2334 594 2396 υἱοὺς
623 2341 788 2408 τρεῖς,
820 2334 1127 2406 Βούνυμον,
1161 2340 1460 2409 Κορυθαῖον
1493 2333 1582 2388 καὶ
1616 2331 1830 2402 Ἰδαῖον,
1897 2333 2127 2408 μικροὺς
2182 2335 2330 2408 αὐτῷ
2386 2337 2758 2411 παραστάντας
2793 2335 2923 2391 ἰδὼν
2975 2336 3185 2415 ἄφωνος
3215 2333 3412 2410 ἔμεινε,
3445 2337 3536 2391 καὶ
3567 2332 3654 2390 διὰ
3682 2337 3853 2407 μέσης

439 2425 639 2496 ἐξέπνει
670 2427 879 2487 νυκτός.
908 2427 972 2482 Ἠ
1006 2423 1064 2480 δῖε
1092 2427 1327 2500 προτέρα
1359 2425 1525 2481 αὐτοῦ
1555 2427 1690 2500 γυνὴ
1724 2424 1934 2496 Οἰνώνη
1978 2427 2142 2499 ἑαυτῇ
2199 2427 2555 2502 ἀπεχρήσατο
2613 2427 2847 2504 ἀγχόνῇ.
2903 2426 3127 2498 Ἑλένην
3184 2426 3241 2484 δὲ
3299 2433 3527 2504 γυναῖκα
3579 2420 3853 2502 Δηίςροϐος

437 2513 674 2592 ἠγάγετο
706 2515 981 2591 παραυτά,
1012 2514 1070 2570 ὅν
1099 2516 1126 2570 6
1159 2512 1436 2575 Μενέλαος
1469 2515 1690 2587 ὕστερον
1723 2513 2109 2590 ἦκρωτηρίασε
2137 2511 2206 2568 δι’
2237 2515 2429 2586 αὐτήν,

514 2615 845 2671 Palladium
877 2615 1073 2688 lignea
1105 2614 1218 2670 fuit
1247 2615 1680 2684 Minervaquai
1712 2614 1918 2669 eadem
1954 2614 2086 2668 Pal-

445 2705 534 2759 los
565 2705 808 2772 dicitur,
841 2706 1056 2776 imago.
1088 2705 1271 2758 Aiunt
1301 2704 1362 2757 id
1411 2704 1684 2758 nefandis
1734 2704 2090 2773 quibusdam

450 2793 790 2847 daemonum
851 2791 1401 2847 consecrationibus
1458 2791 1809 2861 arcanisque
1879 2792 2091 2848 ritibus

450 2879 789 2934 dedicatum
835 2896 905 2935 ea
957 2880 1010 2933 vi
1059 2879 1262 2946 fuisae,
1308 2885 1373 2934 ut
1419 2879 1627 2934 urbem
1674 2881 1736 2934 in
1781 2898 1899 2951 qua
1937 2886 2095 2936 esset

451 2967 974 3038 inexpugnabilem
1005 2975 1400 3024 conservaret.
1433 2968 1497 3023 Id
1529 2969 1764 3041 signum
1812 2970 2090 3041 Trojano~

449 3074 581 3112 rum
612 3057 734 3129 regi
768 3057 942 3112 Ilium
975 3057 1288 3112 condituro
1321 3057 1710 3128 philosophus
1741 3058 1984 3128 quidam
2035 3064 2094 3114 et

448 3144 958 3201 innominatarum
991 3147 1424 3218 praestigiarum
1457 3146 1752 3202 sacerdos.
1787 3148 1961 3202 Asius
1992 3164 2094 3203 n0-

447 3235 630 3298 mine,
655 3235 812 3291 dono
839 3235 1038 3290 attulit
1065 3254 1077 3303 ;
1113 3236 1172 3290 in
1205 3237 1374 3306 cujus
1403 3237 1652 3307 gratiam
1684 3238 1824 3291 Tros
1854 3236 2094 3292 univer-

447 3339 570 3378 sam
596 3341 762 3379 suam
786 3325 1091 3396 regionem
1114 3325 1400 3380 hactenus
1432 3325 1802 3396 Epirrhopon
1835 3325 2094 3397 appella-

447 3417 565 3466 tam
599 3413 668 3467 ab
703 3414 829 3484 ipso
861 3415 1056 3470 Asiam
1091 3415 1511 3470 denominavit.
1545 3415 1728 3470 Craeci
1751 3432 1885 3470 cum
1916 3416 2089 3470 Ilium

449 3503 578 3576 capi
615 3521 734 3558 non
765 3521 958 3575 posse,
1011 3505 1277 3575 quandiu
1309 3505 1696 3560 simulacrum
1729 3506 1786 3561 id
1835 3522 1904 3559 ea
1936 3513 2092 3561 esset

447 3592 508 3646 in
532 3593 1153 3659 urbe,ii'1audivissent,
1181 3595 1336 3648 furto
1369 3594 1427 3648 id
1444 3594 1837 3661 abstulerunt,
1868 3595 2090 3667 Ulyssis

443 3689 500 3736 et
527 3683 826 3737 Diomedis
854 3699 1054 3753 Opera.
1089 3683 1157 3737 Hi
1188 3684 1340 3738 clam
1371 3684 1620 3755 ingressi
1654 3684 1882 3752 urbem,
1921 3691 1976 3739 et
2026 3687 2089 3740 in

439 3769 577 3826 fano
609 3771 879 3826 Minerva)
911 3789 1017 3843 per
1045 3773 1223 3828 ferias
1253 3775 1881 3840 commorati,consilio
1915 3778 2092 3829 Ante-

444 3860 605 3915 noris
629 3861 1016 3931 Trojanarum
1037 3863 1347 3934 principis,
1367 3863 1683 3933 adjuvante
1709 3865 1885 3935 hujus
1907 3881 2087 3920 uxore

442 3951 778 4015 Theanone,
833 3969 964 4022 qua
1023 3953 1298 4008 sacerdos
1356 3958 1483 4007 erat
1548 3953 1842 4022 Minervw,
1909 3961 2090 4010 noctu

446 4038 746 4094 sublatum
770 4040 1157 4096 simulacrum
1191 4058 1393 4096 secum
1421 4041 1482 4095 in
1513 4049 1706 4097 castra
1737 4042 2086 4098 attulerunt.

443 4131 523 4183 Ea
553 4134 725 4183 nocte
756 4129 1026 4199 Trojanis
1057 4130 1426 4185 miserabilia
1456 4137 1730 4201 portenta
1762 4138 1821 4186 et
1858 4132 2090 4188 abumi—

444 4216 641 4270 nanda
671 4223 1235 4288 apparuerunt,quae
1267 4234 1443 4272 mane
1476 4219 1694 4288 egressi
1720 4220 1934 4273 Graecis
1959 4236 2090 4274 nar-

445 4309 740 4357 raverunt.
775 4305 995 4358 Ferunt
1026 4306 1348 4371 enim,cum
1381 4306 1616 4376 Trojani
1649 4323 1774 4361 rem
1828 4307 2090 4378 Apollini

447 4409 676 4446 sacram
709 4394 903 4449 facere
937 4395 1334 4450 instituissent
1365 4397 1612 4467 ejusque
1644 4397 1814 4451 altari
1845 4399 2004 4470 ligna
2035 4405 2091 4454 et

447 4497 656 4536 carnes
702 4482 814 4535 rite
862 4483 1307 4553 imposuissent,
1359 4485 1514 4540 280
1545 4486 1739 4556 ignem
1785 4487 1960 4558 lignis
2007 4489 2092 4542 in-

441 4569 668 4641 jectum
693 4587 811 4625 non
834 4572 1048 4627 arsisse
1072 4573 1176 4628 sed
1197 4574 1554 4628 exstinctum
1579 4575 1854 4644 fuisse,ac
1878 4577 2092 4648 saepius

449 4660 767 4729 repetitum
792 4661 989 4733 ignem
1021 4679 1139 4716 non
1163 4662 1378 4717 arsisse
1404 4683 1416 4729 ;
1443 4670 1502 4717 et
1531 4663 1820 4734 quidquid
1838 4682 1954 4719 arae
1983 4667 2094 4720 im-

2269 2615 2392 2670 Ὃτι
2421 2615 2484 2668 τὸ
2519 2611 2830 2670 Παλλάδιον
2890 2615 3188 2689 λεγομενον
3242 2614 3453 2685 ξύλινον
3498 2615 3745 2692 ὑπῆρχεν
3777 2613 3853 2668 ε’ἰ-

2202 2698 2380 2757 δωλον
2414 2710 2513 2772 τῆς
2547 2701 2858 2766 Παλλάδος.
2880 2707 3060 2760 Τοῦτο
3090 2700 3276 2778 ἔλεγον
3306 2701 3682 2776 τετελεσμένον
3715 2703 3855 2757 εἶναι

2200 2791 2461 2867 ἀρρήτοις
2518 2792 2628 2847 τισὶ
2686 2793 2776 2847 καὶ
2832 2791 3216 2866 δαιμονιώδεσι
3275 2793 3672 2865 τελεστηρίοις,
3726 2788 3856 2860 ἤτοι

2207 2886 2469 2954 μυσαροῖς
2541 2883 2866 2956 μυστηρίοις
2923 2880 3399 2958 ἐποιχειωμένον,
3457 2882 3779 2959 νικηςρόρον,
3823 2879 3856 2935 8

2202 2991 2350 3050 τρασι,
2383 2971 2473 3025 καὶ
2530 2969 2811 3027 ἀνάλωτον
2870 2968 3146 3046 διατηρεῖν
3208 2974 3306 3040 τήν
3364 2971 3526 3027 πόλιν
3561 2970 3610 3025 ἐν
3720 2969 3860 3024 ἀπό-

2202 3081 2394 3116 κειται.
2424 3065 2593 3115 Τοῦτο
2650 3061 2712 3115 τὸ
2772 3058 2970 3130 ζώδιον
3024 3063 3124 3130 τὴν
3179 3061 3343 3118 πόλιν
3377 3059 3555 3118 Ἴλιον
3591 3059 3860 3133 μέλλοντι

2202 3148 2402 3219 κτίζειν
2433 3150 2582 3222 Τρωλι
2624 3154 2704 3222 τῷ
2761 3155 2868 3205 τῶν
2927 3153 3134 3223 Τρώων
3193 3149 3416 3226 βασιλεῖ
3445 3149 3744 3230 φιλόσοφός
3774 3169 3863 3211 τις

2204 3239 2293 3293 καὶ
2334 3236 2584 3314 άρῤήτων
2646 3245 2917 3316 γοητειῶν
2976 3239 3258 3310 τελεστὴς,
3307 3241 3495 3301 Ἀσιος
3540 3241 3730 3312 ὄνομα,
3765 3237 3866 3314 ψέ-

2209 3349 2316 3403 ρων
2374 3327 2687 3403 έχαρίσατοσ
2767 3331 2813 3401 ᾧ
2897 3330 3386 3405 ἀντιχαριζόμενος
3445 3331 3472 3385 ὁ
3533 3329 3692 3404 Τρὼς
3756 3330 3860 3398 τὴν

2205 3419 2290 3472 ὑπ’
2325 3417 2482 3472 αὐτὸν
2518 3419 2704 3494 χώραν
2765 3424 2960 3486 πᾶσαν,
3025 3417 3356 3493 Ἐπίρῥοπον
3397 3423 3610 3493 πρῶτον
3656 3415 3866 3472 καλου-

2198 3507 2383 3579 μένην,
2421 3507 2494 3570 εἰς
2525 3506 2587 3562 τὰ
2619 3506 2830 3562 ἐκείνου
2864 3505 3038 3582 ὄνομα
3085 3507 3270 3563 Ἀσίαν
3309 3507 3645 3581 ἐπωνόμασε.
3678 3509 3860 3562 Τοῦτο

2197 3596 2286 3650 οὗν
2346 3597 2408 3651 τὸ
2467 3597 2682 3672 βρέτας,
2743 3595 3066 3660 ἀκούσαντες
3125 3599 3179 3652 οἰ
3235 3595 3509 3666 Ἕλληνες
3555 3597 3629 3657 ὡς
3658 3596 3759 3650 οὐκ
3788 3591 3863 3649 ἂν

2197 3682 2447 3740 δύναιντο
2477 3687 2578 3754 τὴν
2617 3685 2781 3740 πόλιν
2839 3685 2980 3740 ἑλεῖν
3044 3689 3126 3759 [Ρ.
3165 3688 3284 3759 131]
3335 3683 3442 3749 ἕως
3497 3685 3557 3738 ἂν
3613 3684 3667 3740 ἐν
3714 3683 3856 3758 αὐτῇ

2193 3772 2556 3847 ἀποκείμενον
2614 3772 2670 3847 ᾖ,
2731 3773 2929 3848 κλέψαι
2989 3773 3238 3850 ἴσχυσαν,
3274 3771 3578 3836 Ὀδυσσέως
3607 3771 3695 3828 καὶ
3726 3781 3861 3827 Διο-

2200 3860 2410 3935 μήδους
2441 3870 2616 3940 κρυφῇ
2654 3863 3008 3918 εἰσελθόντων
3054 3864 3144 3918 καὶ
3194 3864 3245 3917 ἐν
3294 3868 3374 3936 τῷ
3404 3864 3535 3937 ἱερῷ
3571 3869 3672 3931 τῆς
3701 3860 3860 3918 Ηαλ-

2196 3949 2362 4014 λάδος
2422 3950 2474 4006 ἐν
2535 3953 2769 4026 ἡμέραις
2819 3957 2928 4007 τῶν
2989 3954 3192 4027 ἑορτῶν
3267 3952 3706 4027 παραμενόντων,
3765 3949 3861 4005 καὶ

2193 4041 2388 4116 γνώμῃ
2421 4044 2518 4095 τοῦ
2576 4043 2904 4115 ’Λντήνορος
2960 4041 3192 4116 ἐξάρχου
3247 4046 3359 4096 τῶν
3417 4041 3622 4115 Τρώων
3665 4036 3854 4106 ὄντος,

2196 4129 2285 4183 διά
2315 4135 2412 4198 τῆς
2444 4130 2701 4203 γυναικὸς
2755 4131 2920 4185 αὐτοῦ
2975 4135 3203 4192 Θεανοῦς
3259 4129 3455 4200 ἱερείας
3488 4136 3590 4197 τῆς
3623 4129 3858 4189 Ἀθηνᾶς

2197 4214 2386 4286 οὔσης,
2446 4222 2609 4273 τοῦτο
2665 4219 2856 4280 νυκτὸς
2913 4218 3244 4296 ἀφελόμενοι
3307 4217 3558 4291 ἐξῆλτον,
3617 4217 3706 4272 ὅτε
3758 4235 3864 4286 καὶ

2193 4306 2260 4360 τά
2325 4302 2606 4380 συμϐάντα
2669 4313 2784 4369 τοῖς
2845 4309 3027 4383 Τρωσὶ
3085 4310 3201 4362 κατ’
3261 4307 3470 4377 ἐκείνην
3529 4308 3632 4376 τὴν
3688 4305 3865 4360 νύκτα

2199 4395 2407 4450 έλεεινά
2449 4391 2703 4469 σύμϐολα
2757 4397 2847 4451 καὶ
2907 4396 3132 4451 ἀπαίσια
3187 4401 3517 4461 κατεθεῶντο
3554 4395 3646 4450 καὶ
3707 4383 3866 4469 πρωϊ

2197 4481 2502 4552 ἐξελθόντες
2531 4491 2648 4546 τοῖς
2704 4485 2971 4555 Ἕλλησιν
3031 4485 3406 4561 ἀπήγγελλον.
3467 4487 3609 4540 Φασὶ
3636 4486 3740 4561 γὰρ
3772 4484 3866 4539 ὅτι

2199 4576 2308 4626 τῶν
2338 4575 2537 4647 Τρώων
2570 4573 2658 4628 ἐπὶ
2686 4575 2777 4629 τὸν
2829 4576 3018 4650 βωμὸν
3066 4579 3162 4630 τοῦ
3194 4573 3550 4636 Ἀπόλλωνος
3581 4573 3860 4644 θυσιάζειν

2199 4662 2614 4736 ἀγωνιζομένων
2655 4664 2722 4718 τά
2766 4662 2900 4735 ξύλα
2961 4665 3054 4738 μὲν
3110 4665 3199 4718 καὶ
3230 4665 3296 4718 τὰ
3328 4664 3478 4734 κρέα,
3509 4664 3640 4718 κατὸ
3671 4662 3863 4735 θέμις,

446 4750 705 4820 positum
738 4750 950 4815 fuerat,
984 4752 1045 4805 in
1095 4759 1315 4807 terram
1365 4753 1678 4809 decidisse.
1732 4756 1908 4809 Troes
1957 4773 2089 4810 cum

2246 4716 2282 4736 .7
2378 4716 2401 4731 τ
2441 4716 2502 4736 ,η
2571 4716 2604 4718 77
2766 4716 2882 4735 ,γη
2961 4716 3023 4738 .---
3353 4716 3478 4734 7.
3682 4716 3690 4717 7
3735 4716 3772 4735 .7
3814 4716 3863 4732 -ν

2199 4751 2487 4820 ἐπετίθετο,
2549 4758 2654 4828 πῦρ
2713 4751 2768 4809 δέ
2835 4756 2957 4817 τοῖς
3016 4753 3200 4825 ξύλοις
3258 4750 3698 4826 ἐπιϐαλλόμενον
3741 4752 3870 4831 οὐχ

445 4839 757 4894 adversum
790 4839 898 4895 sibi
925 4840 1154 4911 aliquid
1183 4841 1295 4897 hoc
1314 4848 1546 4897 ostento
1578 4842 1914 4898 denuntiari
1934 4845 2095 4915 judi-

445 4936 669 4994 carent,
702 4931 976 4986 Priamus
1005 4948 1073 4987 ac
1103 4932 1316 5003 reliqui
1349 4935 1712 4988 Antenorem
1743 4935 1936 5007 legatu
1959 4935 2096 4990 mad

446 5023 676 5076 Graecos
711 5021 1266 5093 mittunt,rogatum
1301 5029 1365 5078 ut
1395 5023 1434 5076 ii
1469 5041 1673 5094 pacem
1705 5024 1869 5095 ipsis,
1905 5025 2094 5096 pretio

445 5127 551 5164 suo
583 5110 831 5164 arbitrio
859 5111 1205 5180 constituto,
1269 5112 1680 5168 redimendam
1711 5113 1935 5169 darent.
1984 5117 2096 5169 An-

449 5203 623 5253 tonor
672 5199 901 5272 legatus
959 5198 1034 5254 ad
1093 5201 1324 5256 Graecos
1369 5201 1711 5271 hujusmodi
1762 5203 2093 5259 orationem

447 5284 658 5340 habuit
689 5310 734 5340 ,ι
772 5287 1070 5358 Quidquid
1106 5305 1414 5358 pinnarum
1448 5289 1589 5344 dare
1619 5306 1728 5344 nos
1760 5290 1833 5344 ob
1892 5297 2096 5344 nostra

447 5373 675 5444 flagitia
713 5377 1048 5442 debuimus,
1084 5377 1378 5433 dedimus.
1413 5379 1600 5444 Paris,
1635 5379 1792 5449 quod
1824 5379 1896 5432 ob
1931 5379 2090 5451 inju-

448 5462 598 5516 riam
619 5465 879 5520 Menelao
904 5466 1117 5521 factam
1143 5467 1425 5522 luendum
1457 5468 2089 5539 fuit,pependit.Etiam

445 5550 615 5605 llium
643 5567 655 5605 :
680 5553 810 5624 ejus
839 5554 925 5608 rei
955 5555 1308 5611 documento
1333 5563 1471 5611 sunt
1495 5556 2090 5628 sepulcracaesorum.

444 5643 565 5697 Mos
592 5641 791 5713 itaque
822 5643 1037 5713 reliqui
1087 5645 1343 5714 pretium
1391 5646 1551 5700 vobis
1599 5647 1922 5717 alTerimus,
1974 5665 2090 5719 quo

2205 4845 2390 4910 ἦπτεν,
2425 4837 2701 4898 ἐσϐέννυτο
2733 4840 2810 4899 δέ.
2845 4841 3127 4905 Πολλάκις
3181 4840 3238 4898 δὲ
3281 4845 3378 4898 τοῦ
3408 4842 3578 4917 πυρὸς
3612 4841 3870 4916 ἐνεχθέν-

2203 4950 2296 4990 τος
2325 4931 2416 4984 καὶ
2449 4932 2525 5003 μὴ
2559 4931 2871 5004 καιομένου,
2904 4931 3089 4986 πίπτει
3133 4931 3198 4986 τὰ
3249 4930 3301 4985 ἐν
3349 4935 3429 5002 τῷ
3481 4932 3656 5006 βωμῷ
3688 4930 3867 4985 πάντα

2205 5019 2279 5080 εἰς
2307 5017 2594 5099 τοῦδαφος.
2629 5022 2693 5075 Ol
2726 5024 2908 5094 Τρῶες
2969 5015 3026 5074 δὲ
3083 5021 3184 5075 οὐκ
3250 5021 3448 5096 ἀγαθὸν
3499 5020 3685 5081 αὐτοῖς
3715 5021 3862 5075 εἶναι

2205 5109 2394 5164 οἰωνὸν
2447 5113 2614 5164 ταῦτα
2669 5111 3098 5186 τεκμηράμενοι,
3155 5110 3186 5165 6'
3238 5131 3295 5165 τε
3359 5110 3608 5184 Πρίαμος
3665 5109 3752 5164 καὶ
3802 5110 3862 5164 οἱ

2204 5197 2392 5253 λοιποὶ
2421 5201 2514 5253 τὸν
2540 5199 2838 5274 Ἀντήνορα
2871 5195 3199 5274 πρεσϐεῦσαι
3257 5200 3395 5272 πρὸς
3447 5200 3686 5259 Δαναοὺς
3716 5197 3859 5252 ἀποο
3915 5211 3928 5218 “

2204 5285 2548 5359 στέλλουσιν,
2607 5287 2745 5342 ὥστε
2808 5285 2982 5364 λύτρα
3041 5284 3311 5351 λαϐόντας
3369 5287 3468 5342 ὅσα
3526 5287 3587 5342 ἃν
3626 5285 3860 5342 ἐθέλωσι

2203 5373 2360 5428 λῦσαι
2387 5376 2478 5429 τὸν
2512 5373 2782 5449 πόλεμον.
2843 5378 2941 5431 Καὶ
3000 5379 3028 5431 ὁ
3087 5379 3368 5452 ’Δντήνωρ
3409 5371 3721 5452 πρεσϐεύων
3749 5372 3858 5451 ἔφη

2201 5463 2337 5538 πρὸς
2370 5464 2648 5538 Ἀχαιούς·
2681 5490 2707 5516 ι(
2743 5466 2916 5521 Πάντα
2977 5465 3244 5541 ἐπάθομεν
3295 5466 3393 5522 ὅσα
3443 5467 3570 5528 τοὺς
3601 5469 3862 5542 ἡμαρτη-

2201 5554 2360 5614 κότας
2417 5555 2604 5608 παθεῖν
2666 5552 2859 5630 ἐχρῆν.
2924 5557 3064 5620 Ἀνθ’
3126 5557 3200 5610 ὧν
3259 5553 3542 5613 Μενέλαον
3603 5558 3630 5611 ὁ
3681 5555 3857 5630 Πάρις

2201 5639 2451 5713 ἠδίκησε,
2511 5639 2664 5705 δίκας
2719 5638 2938 5700 ἔδωγεν·
3003 5647 3116 5710 ἀνθ’
3171 5646 3246 5700 ὧν
3303 5647 3365 5701 τὸ
3417 5644 3609 5716 Ἱλιον,
3653 5663 3865 5720 μαρτυ-
