4188 6196
332 410 407 470 65
1438 413 1989 479 HISTORIARUM
2035 417 2588 484 COMPENDIUM.

3596 427 3716 486 266

311 546 499 615 ροῦσιν
530 543 582 597 οἱ
626 542 787 618 τάφοι
844 546 951 597 τῶν
997 540 1375 617 ἀνῃρημένων.
1428 545 1543 602 Νὖν
1576 545 1668 602 οὖν
1716 548 1769 603 οῖ
1800 569 1955 624 περι-

2073 566 2179 606 nos
2210 552 2595 610 redimamus.
2651 557 2763 610 Vos
2808 572 2916 627 per
2946 555 3113 621 deos.
3144 575 3249 630 per
3297 560 3576 630 patriam,
3621 576 3729 630 per

313 629 620 710 λειφθέντες
680 632 845 703 ἡμεῖς
903 630 1074 705 Λύτρα
1129 632 1362 711 φέρομεν
1420 632 1571 708 ὑμῖν.
1617 635 1774 711 Ὑπὲρ
1806 638 1962 705 θεῶν,

316 722 449 797 ὑπὶρ
480 717 770 795 πατρίδος,
829 720 960 795 ὑπὲρ
1018 720 1237 778 τὲκνων.
1296 721 1574 795 Ἕλληνες
1633 721 1964 796 ὅντες,τοὲ›ς

315 811 443 886 πρὶν
503 810 766 877 ἀπειθεῖς,
822 814 914 865 νῦν
973 810 1154 874 ἱκέτας
1211 813 1439 884 σώσατε,
1493 839 1515 865 ι
1573 816 1696 871 Ἐπὶ
1745 816 1963 880 τούτοις

311 899 617 962 πεισθέντες
648 901 701 955 οἱ
750 896 1022 969 Ἓλληνες
1070 898 1331 958 Ὀδυσσέα
1374 902 1465 958 καὶ
1515 902 1799 978 Διομήδην
1829 905 1967 961 ἀπο-

313 985 610 1043 στέλλουσι
664 988 765 1056 τήν
824 990 937 1042 τῶν
991 986 1296 1062 χρημάτων
1360 991 1642 1062 ποσότητα
1697 996 1965 1051 τυπῶσαι.

313 1076 417 1132 Καὶ
450 1098 513 1154 γε
543 1074 822 1131 ἑτύπωσαν
855 1077 1086 1152 χρυσίου
1113 1077 1355 1135 τάλαντα
1399 1076 1654 1160 δισχίλια
1680 1082 1770 1137 καὶ
1803 1081 1970 1158 ἀργύ-

322 1187 421 1242 ρου
449 1164 691 1221 τάλαντα
722 1162 988 1237 δισχίλια,
1019 1166 1110 1222 καὶ
1154 1167 1221 1223 τά
1277 1165 1505 1239 δόξαντα
1537 1171 1707 1225 πάντα
1734 1171 1971 1244 κομισά-

322 1278 486 1330 μενοι
516 1256 605 1311 καὶ
654 1256 1061 1336 ἀφορμηθέντες
1116 1265 1217 1329 τῆς
1274 1257 1491 1322 πόλεως
1524 1260 1856 1336 ὑπέστρεψαν
1894 1258 1974 1324 εἷς

314 1346 414 1401 τὸν
446 1346 694 1421 στρατόν.
727 1345 879 1403 Μετά
931 1350 1097 1401 ταῦτα
1156 1346 1516 1417 θυσιαζόντων
1546 1352 1654 1403 τῶν
1683 1346 1973 1419 Ἑλλήνων

307 1436 402 1490 καὶ
438 1435 779 1490 ἀποπλεῦσαι
808 1433 1186 1509 βουλομένων,
1208 1437 1410 1501 πάντας
1436 1435 1748 1512 ἐνώρκωσεν
1775 1433 1969 1494 Ὀδυσο

316 1525 445 1586 σεὺς
478 1523 528 1580 ἐν
556 1529 679 1586 ταῖς
711 1523 923 1587 θυσίαις
958 1525 1035 1598 μή
1069 1523 1405 1589 άποπλεΰςαι
1440 1533 1541 1596 τῆς
1574 1524 1744 1583 Ἰλίου
1775 1525 1901 1601 πρὶν
1934 1525 1969 1596 ἢ

313 1612 411 1669 τδν
443 1611 689 1687 δούρειον
742 1610 914 1668 ’ἰππον
973 1616 1493 1680 κατασκευασθῆναι.
1553 1615 1737 1679 Ἔνθεν
1765 1634 1851 1670 τοι
1881 1612 1972 1668 καὶ

315 1702 510 1773 ξύλοις
562 1708 681 1764 τοῖς
734 1699 1175 1778 ἁρμοδιωτάτοις
1233 1705 1610 1777 συμπήξαντες
1638 1708 1729 1759 καί
1762 1703 1972 1781 εύφυῶς

315 1793 852 1864 κατακοσμήσαντες,
883 1792 970 1847 καὶ
1015 1796 1138 1857 ταῖς
1184 1793 1403 1850 Ἐπειοῦ
1431 1793 1815 1869 τεχνουργίαις
1844 1795 1974 1847 θαυ-

317 1880 526 1954 μαστὸν
585 1881 747 1936 αὐτὸν
832 1881 1118 1961 ὑπερφυῶς
1197 1883 1727 1957 κατασκευασάμενοι
1777 1882 1972 1943 πάσαις

316 1968 831 2047 μηχανορραφίαις,
889 1970 1028 2027 ὥστε
1088 1971 1181 2027 καὶ
1242 1972 1470 2047 στρατὸν
1527 1971 1973 2045 εἰκοσιτεσσάρων

307 2057 563 2115 ὁπλιτῶν
589 2053 741 2115 ἔνδον
770 2059 1077 2133 κρύπτοντα
1106 2055 1336 2116 ἀϐίαστα
1366 2058 1454 2116 διὰ
1483 2059 1853 2137 τροχιλίσκων
1879 2058 1973 2115 ἐλ-

310 2148 553 2222 κόμενον
582 2146 681 2213 τῆς
739 2143 998 2227 φορϐειᾶς
1054 2148 1399 2219 ἀκολουθεῖν,
1456 2150 1545 2205 καὶ
1602 2154 1794 2205 τοῦτον
1827 2149 1971 2204 οὕτω

307 2236 727 2312 τεκτηνάμενοι,
763 2238 858 2301 τάς
889 2240 1091 2309 σκηνάς
1136 2260 1196 2295 τε
1241 2240 1671 2303 κατακαύσαντες
1711 2239 1802 2294 καὶ
1832 2238 1971 2292 ἀπο-

307 2326 644 2389 πλεύσαντες
672 2326 761 2382 καὶ
793 2327 867 2390 εἰς
897 2325 1120 2385 Τένεδον
1169 2329 1471 2400 ὑποθήκαις
1501 2326 1801 2389 Ὀδυσσέως
1833 2328 1973 2382 ἀπο-

299 2411 598 2491 κρυόἐντες
656 2417 756 2486 τὴν
812 2424 997 2487 νῆσον,
1048 2414 1140 2472 ἕνα
1193 2419 1316 2473 τινά
1364 2422 1600 2495 γενναῖον
1643 2413 1808 2493 ἄνδρα
1842 2438 1968 2474 κατ-

302 2504 682 2578 αικισάμενοι,
743 2506 831 2561 καὶ
923 2504 1158 2581 μετρίως
1243 2506 1402 2563 αὐτὸν
1464 2508 1969 2584 ἀκρωτηριάσαντες

297 2594 567 2650 ἐθέλοντα
618 2593 710 2649 καὶ
771 2595 1038 2670 χαίροντα
1098 2600 1179 2668 τῷ
1235 2595 1437 2670 ἐπαίνῳ
1493 2596 1582 2652 καὶ
1632 2600 1715 2669 τῷ
1766 2600 1964 2670 μισθῷ,

292 2680 593 2758 προδότην
649 2683 871 2764 ἀφιᾶσιν
927 2684 1108 2739 αὐτόν·
1168 2686 1229 2747 ὅς
1284 2682 1802 2760 διαπυνθανομένοις
1849 2690 1965 2749 τοῖς

301 2769 610 2850 βαρϐάροις
638 2774 690 2829 τί
742 2772 804 2829 ἃν
856 2771 942 2845 εἴη
996 2775 1057 2830 τὸ
1114 2774 1467 2850 προκείμενον
1499 2772 1662 2853 ἔργον
1691 2777 1840 2831 τουτὶ
1875 2776 1960 2831 καὶ

294 2863 443 2939 πρὸς
499 2863 552 2919 τί
611 2862 856 2943 φέροιτο,
915 2865 1238 2942 ἀπεκρίνατο
1296 2864 1503 2942 λέγων*
1568 2868 1661 2939 Τῷ
1700 2867 1835 2942 ἱερῷ
1861 2870 1962 2933 τῆς

300 2954 546 3026 Ἀθηνᾶς
586 2954 889 3019 ἀνατιθέασι
949 2958 1142 3010 Δαναοὶ
1197 2960 1383 3027 τοῦτο,
1445 2957 1585 3031 ὁμοῦ
1633 2957 1727 3030 μὶν
1756 2955 1962 3012 ἀπολο-

294 3043 427 3120 γίαν
481 3043 614 3118 ὑπὲρ
661 3045 737 3098 ὧν
784 3042 858 3107 εἷς
909 3046 1012 3115 τήν
1065 3042 1228 3101 πόλιν
1276 3044 1443 3116 αὐτῆς
1493 3049 1573 3121 [Ρ.
1606 3048 1728 3119 132]
1760 3042 1962 3116 ήδίκη·

304 3155 427 3205 σαν,
460 3134 604 3206 ὁμοῦ
634 3130 693 3188 δὲ
721 3134 809 3188 καὶ
843 3131 1018 3210 δῶρον
1068 3138 1230 3190 τοῦτο
1285 3135 1417 3209 ὑπὲρ
1463 3142 1563 3205 τῆς
1603 3134 1679 3191 εἴς
1709 3135 1805 3198 τάς
1837 3136 1960 3190 ’51:)-

300 3227 417 3280 τῶν
485 3220 748 3298 πατρῖδας
809 3224 1084 3298 σωτηρίας
1162 3224 1253 3279 καὶ
1339 3224 1417 3287 εἰς
1486 3226 1708 3298 μνήμην
1779 3225 1957 3280 άύτῶν

302 3314 566 3391 ἆφιεροῦν
631 3312 909 3387 κεκρίκασι
967 3310 1096 3372 δεῖν.
1150 3314 1220 3372 Οἱ
1287 3311 1468 3369 τοίνυν
1523 3315 1706 3385 Τρῶες
1766 3316 1956 3384 πειθή-

301 3423 417 3456 νιοι
472 3401 692 3466 τούτοις
747 3402 1048 3478 γενόμενοι,
1104 3398 1364 3465 λαϐόντες
1441 3402 1533 3458 σὺν
1586 3402 1816 3475 εὐθυμία
1868 3404 1958 3459 καὶ

305 3496 574 3571 χαρμονῇ
632 3491 725 3547 τὸν
784 3488 1030 3567 δούρειον
1080 3489 1275 3562 ἵππον,
1327 3490 1544 3566 μᾶλλον
1601 3489 1658 3547 δὲ
1693 3493 1783 3548 τὸν
1812 3490 1954 3548 ἴδιον

304 3579 568 3659 ὄλεθρον,
595 3581 688 3636 καὶ
718 3579 1014 3644 καλωδίοις
1053 3579 1368 3645 ἀνέλκοντες
1424 3582 1514 3637 καὶ
1569 3580 1865 3652 εὖάζοντες,
1894 3584 1957 3639 τὸ

300 3676 407 3741 τῆς
440 3668 626 3742 πύλης
658 3669 956 3745 ὑπέρθυρον
1014 3669 1237 3747 ἅραιτες
1292 3677 1410 3736 τοῖς
1462 3676 1560 3726 τοῦ
1617 3674 1740 3728 θεοῦ
1778 3671 1953 3728 αὐτῶν

301 3756 526 3821 ἀδύτοις
564 3760 700 3835 μετὰ
754 3764 862 3817 τῶν
923 3758 1136 3839 ἐχθρῶν
1195 3760 1507 3839 εἰσήγαγον.
1539 3762 1631 3818 Ἐν
1664 3758 1721 3816 δὲ
1748 3765 1827 3834 τῷ
1859 3783 1955 3836 με·

303 3850 581 3921 σονυκτίῳ
613 3849 670 3905 οἶ
698 3847 749 3904 ἐν
797 3851 877 3922 τῷ
926 3849 1081 3923 ἳππῳ
1135 3848 1415 3930 λοχῶντες
1444 3849 1531 3906 ἐπὶ
1565 3849 1778 3926 σχολῆς
1808 3850 1958 3906 ἐκπε-

303 3934 648 4008 πηδηκότες,
679 3939 842 3993 αὐτόν
898 3959 958 3994 τε
1010 3940 1102 3994 τὸν
1163 3938 1408 4014 Πρίαμον
1464 3938 1554 3994 καὶ
1603 3938 1732 4001 τοὺς
1760 3936 1958 4002 παῖδας

298 4024 468 4080 αὐτοῦ
500 4024 801 4095 ἀνελόντες,
856 4025 949 4081 τόν
1008 4048 1066 4082 τε
1126 4023 1397 4104 Δηΐφοϐον
1428 4028 1957 4104 ἀκρωτηριάσαντες,

298 4115 366 4169 τὸ
396 4112 614 4179 πλῆθος
646 4112 703 4170 δὶ
722 4120 831 4170 τῶν
864 4112 1074 4191 ἀνδρῶν
1103 4115 1777 4193 ἀποκτείναντες,πυρσοῖς
1810 4115 1960 4191 μάλα

307 4202 593 4279 λαμπροῖς
622 4203 709 4258 καὶ
746 4211 970 4280 συχνοῖς
997 4210 1114 4267 τοῖς
1136 4203 1195 4261 ἐκ
1222 4210 1321 4261 τοῦ
1348 4207 1567 4283 τείχους
1593 4208 1686 4262 τὸν
1717 4210 1824 4262 τῶν
1854 4215 1960 4262 Δα-

303 4296 453 4345 ναῶν
485 4290 682 4347 στόλον
711 4294 849 4368 πρὸς
880 4293 1099 4357 ἑαυτούς
1125 4294 1476 4371 ἐπέστρεψαν.
1498 4296 1736 4371 Ἡμέρας
1767 4292 1824 4351 δε
1847 4292 1957 4366 ἤδη

307 4375 651 4455 διαγελώσης
697 4381 787 4437 καὶ
835 4382 993 4438 αύτοὶ
1045 4383 1410 4458 παραστάντες
1449 4383 1575 4446 τοὺς
1605 4383 1961 4464 ὑπολειφθέν-

298 4487 401 4529 τας
432 4468 641 4532 πάντας
698 4468 1030 4526 ἆπέκτειναν·
1087 4473 1185 4535 τὰς
1245 4469 1303 4528 δὲ
1348 4478 1601 4547 γυναῖκας
1657 4473 1959 4549 αἰχμαλώ-

2066 641 2287 696 liberos
2335 643 2723 713 obtestamur,
2788 646 2971 700 Graeci
3030 664 3163 703 cum
3225 649 3375 717 sitis,
3426 648 3735 720 supplices

2066 748 2225 786 nunc
2250 735 2805 804 vestros,quondam
2837 738 3650 802 contumaces,miseremini.
3684 759 3713 787 ι»

2066 819 2169 874 His
2193 821 2337 875 moti
2368 822 2552 878 δι’ωοί
2585 822 2854 895 Ulyssem
2884 830 2941 879 et
2963 825 3308 882 Diomedem
3328 826 3592 890 mittunt,
3612 826 3713 896 qui

2067 910 2293 980 argenti
2319 910 2552 981 pondus
2573 910 3409 985 signarent.Signaveruntque
3432 914 3472 968 ii
3496 913 3718 969 talenta

2069 998 2197 1053 auri
2228 998 2320 1053 bis
2348 998 2512 1054 mille
2545 1000 2914 1073 totidemque
2945 1004 3191 1073 argenti.
3222 1005 3485 1075 Cumque
3518 1004 3719 1059 omnia

2070 1104 2178 1158 pro
2218 1104 2323 1142 suo
2364 1088 2608 1145 arbitrio
2660 1089 3071 1160 abstulissent,
3122 1108 3191 1147 ex
3221 1092 3370 1147 urbe
3419 1093 3479 1146 in
3527 1099 3720 1148 castra

2073 1177 2292 1231 reversi
2321 1182 2479 1232 sunt.
2524 1178 2666 1233 Post
2694 1178 2821 1233 hmc
2876 1180 3347 1235 sacriﬁcantibus
3397 1182 3610 1236 Graecis
3665 1186 3724 1235 et

2074 1265 2399 1320 discessum
2417 1267 3028 1341 parantibus,Ulysses
3050 1270 3355 1325 universos
3380 1270 3536 1325 inter
3558 1287 3727 1326 sacra

2069 1353 2464 1426 jurejurando
2495 1357 2773 1412 astrinxit
2801 1374 2920 1413 non
2949 1364 3085 1414 ante
3116 1358 3482 1414 discessuros
3513 1358 3585 1413 ab
3617 1359 3724 1414 Ilio

2080 1460 2256 1513 quam
2292 1460 2477 1514 equus
2509 1444 2759 1517 ligneus,
2779 1447 2879 1517 qui
2914 1446 2986 1501 ob
3020 1447 3080 1501 id
3113 1452 3170 1501 et
3190 1448 3443 1503 Dureius
3465 1453 3723 1516 vocatur,

2079 1532 2388 1589 absolutus
2420 1539 2595 1592 esset.
2638 1536 2802 1592 Hunc
2835 1536 3041 1606 Graeci,
3067 1537 3209 1608 Epei
3241 1536 3514 1603 artiﬁcio,
3548 1536 3725 1607 lignis

2080 1621 2543 1679 concinnissime
2575 1624 3143 1697 compactis,insigni
3174 1630 3387 1680 ornatu
3408 1624 3726 1680 admirabi-

2079 1708 2240 1781 lique
2273 1727 2450 1784 opere
2483 1714 3052 1781 construxerunt,ita
3072 1720 3139 1768 ut
3160 1714 3321 1769 intus
3345 1717 3413 1768 24
3435 1714 3727 1770 militibus

2079 1799 2270 1872 gravis
2318 1807 2634 1858 armaturm
2689 1802 2928 1872 abditis,
2978 1802 3194 1859 rotulis
3240 1803 3557 1875 impositus
3606 1809 3726 1859 tra-

2004 1911 2051 1976 Β
2080 1887 2289 1945 bentes
2318 1889 2467 1947 581
2500 1892 2824 1963 capistrum
2857 1891 3029 1948 facile
3061 1895 3526 1963 sequeretur.Eo
3553 1891 3726 1948 abso-

2082 1977 2206 2032 luto
2240 1977 2624 2035 tabernacula
2646 1997 2749 2036 sua
2772 1981 3317 2049 combusserunt,et
3338 1981 3399 2035 in
3422 1980 3723 2036 Tenedum

2081 2065 2338 2122 insulam
2370 2068 2713 2141 navigantes
2746 2069 2826 2124 ibi
2862 2086 2989 2125 sese
3022 2070 3470 2125 occultaverunt
3498 2070 3725 2141 Ulyssis

2082 2155 2346 2226 consilio,
2398 2156 2807 2213 tantummodo
2854 2158 3058 2214 relicto
3111 2159 3439 2231 proditore,
3480 2158 3723 2214 homine

2080 2244 2352 2316 generosi
2382 2246 2696 2318 animi;qui
2728 2246 2904 2303 laude
2932 2252 2991 2302 et
3044 2248 3291 2320 prmmio
3324 2247 3601 2303 inductus
3650 2248 3725 2303 ad

2081 2331 2191 2387 hoc
2218 2349 2346 2387 sese
2382 2334 2725 2389 vulneribus
2756 2335 3098 2390 fmdandum
3131 2341 3190 2391 et
3219 2337 3500 2391 extremis
3541 2336 3724 2407 parti-

2078 2419 2189 2476 bus
2214 2420 2423 2477 leviter
2450 2422 2847 2478 mutilandum
2878 2423 3035 2478 ultro
3062 2424 3477 2495 prmbueratls
3509 2425 3726 2481 Barba-

2078 2510 2160 2564 ris
2182 2508 2687 2582 interiogantibus
2706 2510 2991 2582 quidnam
3013 2512 3122 2567 sibi
3150 2512 3262 2567 ista
3285 2513 3420 2583 equi
3449 2513 3723 2568 machina

2075 2599 2270 2667 vellet,
2329 2599 2639 2671 respondit
2704 2602 2936 2656 Graecos
2995 2617 3125 2656 eam
3186 2601 3408 2674 templo
3454 2602 3721 2657 Minerva)

2076 2704 2425 2744 consecrare
2448 2694 2624 2760 atque
2657 2687 3099 2755 dedicare,cum
3130 2689 3206 2745 ad
3227 2690 3552 2761 expiandas
3575 2706 3722 2762 quas

2075 2777 2204 2848 ejus
2234 2777 2363 2833 urbi
2398 2778 2743 2833 intulissent
2771 2777 3176 2850 injurias,tum
3208 2784 3275 2833 ut
3312 2784 3468 2834 esset
3496 2779 3720 2836 donum

2072 2881 2180 2937 pro
2207 2865 2403 2921 reditu
2433 2867 2696 2938 ipsorum
2727 2865 2786 2920 in
2819 2865 3074 2938 patriam
3115 2866 3500 2938 ipsorumque
3527 2868 3719 2924 moni-

2072 2958 2364 3011 mentum.
2424 2957 2603 3011 Troes
2654 2971 2791 3027 ergo
2841 2954 2934 3010 his
2997 2954 3178 3010 ﬁdem
3237 2955 3526 3012 habentes
3583 2975 3718 3014 cum

2072 3044 2283 3119 gaudio
2311 3051 2369 3101 et
2386 3044 2593 3101 laetitia
2616 3044 2897 3101 Dureium
2920 3062 3138 3117 equum
3163 3045 3305 3117 (imo
3328 3049 3525 3102 autem
3548 3061 3717 3100 suam

2072 3134 2341 3206 ipsorum
2371 3134 2723 3208 perniciem)
2757 3134 2998 3190 funibus
3056 3134 3363 3208 alligatum
3389 3135 3451 3190 in
3504 3134 3715 3190 urbem

2075 3228 2403 3292 traxerunt,
2438 3241 2705 3296 pmanem
2754 3224 3096 3281 accinentes
3129 3267 3144 3293 ,
3185 3229 3490 3296 portaeque
3541 3240 3713 3296 supe-

2070 3315 2225 3370 riore
2256 3314 2460 3369 limine
2491 3320 2851 3381 amoto,eum
2884 3320 2948 3369 ut
2978 3319 3103 3369 erat
3134 3313 3402 3369 hostibus
3437 3313 3711 3381 refertus,

2069 3404 2132 3459 in
2161 3403 2463 3476 penetrale
2493 3404 2617 3459 dem
2647 3403 3319 3458 introduxerunt.Media
3348 3407 3519 3458 nocte
3551 3402 3587 3456 ii
3610 3402 3711 3473 qui

2066 3494 2130 3548 in
2158 3509 2310 3563 equo
2336 3510 2441 3565 per
2463 3493 2713 3548 insidias
2743 3492 2932 3547 abditi
2962 3492 3425 3564 latebant,capto
3448 3498 3712 3563 tempore

2066 3584 2741 3651 desilientes,Priamum
2778 3584 3025 3656 ejusque
3060 3584 3215 3640 filios
3246 3583 3543 3651 occidunt,
3577 3583 3714 3639 Dei-

2066 3672 2330 3745 phobum
2361 3672 2642 3727 extremis
2674 3672 2941 3742 corporis
2972 3673 3241 3743 partibus
3272 3676 3552 3728 truncant
3584 3689 3597 3740 ;
3643 3688 3713 3727 ac

2066 3760 2449 3818 multitudine
2477 3760 2738 3815 hostium
2762 3760 3329 3827 trucidata,celebris
3355 3777 3421 3816 ac
3442 3760 3715 3832 fulgenti-

2064 3851 2175 3907 bus
2207 3850 2442 3921 ignibus
2472 3849 2543 3905 de
2572 3866 2740 3904 muro
2773 3848 2968 3915 editis,
3004 3849 3178 3903 classi
3210 3850 3423 3903 Grmcm
3454 3848 3528 3902 ad
3550 3849 3712 3918 ipsos

2066 3938 2400 3996 revertendi
2433 3938 2669 4011 signum
2718 3937 3019 3993 exhibent.
3072 3937 3144 3992 Ut
3182 3936 3446 4007 primum
3494 3936 3709 4002 illuxit,

2066 4027 2266 4084 caeteri
2314 4028 2493 4082 etiam
2547 4024 2886 4081 adfuerunt.
2933 4024 3019 4078 lbi
3078 4022 3366 4095 Trojanis,
3423 4027 3714 4095 quotquot

2068 4121 2439 4189 supererant,
2502 4113 2778 4169 omnibus
2836 4112 3185 4180 interfectis,
3244 4128 3458 4167 uxores
3507 4128 3713 4168 eorum

2068 4211 2245 4277 atque
2275 4205 2466 4276 ipsam
2500 4219 2739 4274 quoque
2770 4200 3070 4257 Hecubam
3117 4202 3405 4274 captivam
3454 4200 3715 4258 abduxe-

2066 4297 2343 4361 runt,nec
2372 4308 2494 4347 non
2534 4296 2593 4347 et
2622 4307 2801 4363 pecus
2833 4291 3193 4361 omne,282
3217 4290 3715 4364 suppellectilem-

2069 4401 2182 4456 que
2214 4384 2372 4438 inter
2401 4399 2463 4437 se
2494 4380 2696 4454 partiti
2721 4385 2898 4449 sunt;
2933 4380 3283 4453 redditaque
3317 4380 3581 4438 Menelao
3604 4382 3715 4437 lle-

2067 4474 2290 4542 lena,et
2309 4470 2456 4528 urbe
2481 4470 2745 4542 undique
2769 4470 3013 4526 incensa
3040 4476 3220 4543 atque
3246 4470 3717 4541 diruta,domum

299 4577 435 4621 τους
464 4557 561 4612 καὶ
587 4560 689 4629 τήν
715 4554 951 4631 Ἑκάϐην
1007 4560 1096 4616 καὶ
1159 4560 1226 4617 τὰ
1283 4564 1457 4633 κτήνη
1490 4558 1770 4632 λαϐόντες,
1804 4562 1868 4617 τὰ
1896 4582 1953 4618 τε

2073 4562 2259 4619 redire
2284 4558 2691 4616 intenderunt.

306 4647 473 4719 σκεύη
505 4648 594 4703 καὶ
628 4646 747 4721 εἷ’δη
778 4648 1297 4726 καταμερισάμενοι,
1330 4652 1430 4722 τήν
1462 4671 1521 4707 τε
1547 4651 1775 4723 Ἑλένην
1824 4656 1904 4725 τῷ
1951 4647 2219 4722 Μενελάῳ
2251 4646 2544 4713 ἂποδόντες
2574 4648 2665 4704 καὶ
2692 4647 2791 4717 τὴν
2821 4646 2985 4704 πόλιν
3017 4652 3189 4703 πᾶσαν
3220 4644 3598 4725 ἔμπρήσαντες
3626 4645 3715 4702 οιαὶ

308 4738 810 4812 καταστρεψάμενοι
842 4736 1245 4798 ὲπαλινόστουν.

376 4824 529 4880 Meti
556 4825 620 4881 τὸ
660 4826 866 4881 ἁλῶναι
912 4826 976 4882 τό
1023 4826 1198 4885 Ἴλιον
1254 4826 1388 4893 Αἴας
1417 4830 1445 4884 ὁ
1477 4828 1836 4903 Τελαμώνιος
1866 4833 1957 4888 καὶ

309 4911 602 4978 Ὀδυσσεὺς
658 4920 756 4970 τοῦ
814 4914 1016 4986 ζωδίου
1072 4915 1359 4982 Παλλάδος
1415 4918 1664 4994 ἑκάτερος
1711 4918 1957 4976 ἀντεποι-

310 5006 495 5073 οὖντο,
526 5003 603 5066 ὡς
636 5002 781 5077 αύτῷ
811 5000 1157 5084 διαφέροντος
1211 5005 1301 5060 καὶ
1355 5009 1425 5081 τῇ
1485 5003 1597 5077 ἰδίᾳ
1634 5004 1799 5063 πόλει
1825 5003 1960 5077 ἕξειν

314 5092 447 5149 αὐτὸ
486 5091 885 5173 φυλακτήριον,
942 5095 1018 5160 ὡς
1073 5094 1288 5151 πάντων
1335 5095 1659 5171 ὶπίπροσθεν
1702 5096 1964 5173 ἀγωνιζό-

317 5204 504 5257 μενον.
576 5182 773 5241 Πολλά
830 5181 888 5240 δὲ
943 5186 1374 5261 στρατηγήματα
1427 5185 1477 5260 ἒξ
1508 5187 1831 5265 ἀμφοτέρων
1863 5186 1962 5264 ῥη-

311 5273 488 5337 θέντα.
522 5271 677 5345 ὅμως
709 5272 762 5328 ἐν
810 5276 1102 5349 παραθήκῃ
1152 5272 1358 5330 δίδοται
1403 5276 1467 5330 τὸ
1517 5273 1828 5333 Παλλάδιον
1858 5275 1965 5340 ’ὲως

311 5365 460 5437 πρωϊ
487 5368 568 5436 τῷ
602 5360 896 5436 Διομήδει.
939 5364 1036 5419 Διὰ
1096 5365 1277 5437 μέντοι
1332 5365 1520 5429 νυκτὸς
1575 5364 1801 5436 ἀδήλως
1833 5366 1968 5444 σφά-

311 5456 459 5521 ζεται
490 5448 648 5514 Αἴας.
712 5452 933 5527 ΙΙρωΐας
992 5449 1050 5508 δὲ
1098 5454 1396 5530 γενομένης
1425 5454 1502 5517 ὡς
1531 5451 1722 5531 ιῦρίοη
1754 5458 1968 5530 νεκρὸς,

308 5540 532 5611 πολλῆς
590 5540 830 5604 στάσεως
884 5543 1184 5620 γενομένης
1245 5543 1321 5606 εἷς
1377 5542 1661 5619 ὒπόληψιν
1701 5545 1839 5615 ἦλθε
1865 5553 1967 5615 τῆς

310 5630 559 5705 πρᾶεως
586 5626 899 5693 Ὀδυσσεύςδ
961 5633 1080 5697 ὅθεν
1137 5634 1225 5688 καὶ
1287 5631 1363 5696 είς
1418 5631 1691 5710 ἐμφύλιον
1733 5636 1971 5690 ἀναπτο-

311 5718 478 5794 μὲνου
534 5722 632 5777 τοῦ
690 5720 1015 5799 πράγματος
1071 5720 1361 5796 πόλεμον,
1399 5727 1615 5798 πρῶτος
1680 5720 1971 5785 Ὀδυσσεὺς

548 5839 814 5905 Panos.
859 5841 973 5904 Gn.
1019 5840 1226 5903 CXXI.

2139 4829 2246 4884 Ilio
2279 4832 2472 4900 capto,
2505 4827 2653 4899 Ajax
2688 4825 3072 4881 Telamonius
3101 4831 3160 4880 et
3189 4825 3423 4897 Ulysses
3465 4829 3716 4892 uterque

2072 4919 2185 4976 sibi
2212 4917 2545 4973 Palladium
2569 4916 3048 4983 vindicavit,cum
3071 4920 3321 4985 uterque
3343 4912 3416 4968 ob
3438 4910 3717 4967 toleratos

2072 5026 2177 5082 pro
2212 5012 2334 5063 toto
2357 5006 2620 5062 exercitu
2649 5005 2883 5060 labores
2905 5003 3019 5058 sibi
3043 5002 3101 5057 id
3134 5002 3207 5057 ad
3234 5019 3354 5056 sum
3383 5000 3548 5055 urbis
3571 5003 3718 5053 tute-

2074 5098 2194 5154 lam
2226 5095 2430 5153 doberi
2462 5093 2869 5151 contenderet.
2893 5095 3037 5148 Cum
3068 5095 3318 5161 uterque
3350 5088 3539 5144 multa
3566 5104 3720 5161 prm-

2077 5187 2236 5244 clara
2251 5203 2358 5242 sua
2380 5185 2507 5257 ejus
2530 5183 2673 5239 belli
2696 5182 2962 5238 facinora
2984 5176 3721 5246 commemorasset,Palla-

2077 5278 2241 5332 dium
2260 5281 2459 5331 tamen
2482 5288 2674 5343 usque
2694 5273 2752 5325 in
2778 5268 3103 5325 crastinum
3128 5267 3281 5322 diem
3307 5266 3463 5339 apud
3488 5266 3722 5322 Diome-

2077 5365 2213 5421 dem
2245 5362 2578 5435 depositum
2610 5357 2860 5415 fuit.Sed
2895 5374 2963 5412 ea
2992 5362 3165 5411 nocte
3199 5355 3665 5427 Ajax,incertum
3689 5370 3724 5409 a

2079 5471 2217 5527 quo,
2278 5451 2588 5507 occiditur.
2649 5449 2789 5514 Quae
2842 5463 2935 5501 res
2985 5462 3119 5501 cum
3172 5461 3447 5517 magnam
3486 5444 3723 5499 turbam

2080 5538 2662 5610 excitasset,Ulysses
2691 5538 2750 5591 in
2783 5535 3188 5607 suspicionem
3221 5535 3353 5606 ejus
3382 5533 3521 5590 facti
3552 5533 3725 5590 deve-

2081 5635 2171 5689 nit
2194 5649 2207 5699 ;
2241 5643 2494 5699 cumque
2514 5626 2589 5682 ad
2619 5625 2971 5681 intestinum
2990 5625 3118 5697 jam
3140 5641 3237 5680 res
3258 5623 3483 5680 bellum
3503 5629 3724 5694 specta-

2080 5721 2428 5795 ret,primus
2460 5717 2692 5789 Ulysses
2723 5715 2993 5772 deductis
3043 5715 3166 5771 suis
3217 5714 3465 5771 navibus
3495 5729 3527 5768 e
3554 5709 3727 5780 Troja

3438 5826 3484 5885 '9
