4186 6190
399 365 511 428 271
1736 364 2057 427 GEORGII
2100 364 2447 429 CEDRENI
3683 369 3798 428 272

398 501 753 558 traditurum
786 506 845 555 et
871 501 1029 556 hunc
1060 498 1131 554 ad
1160 500 1347 571 ipsam
1379 497 2004 571 adducturum.Accep

2144 497 2404 572 Ὀρέστης
2436 498 2752 576 ἐφρουρεῖτο
2783 496 3029 574 ᾐτήσατο
3084 498 3214 564 τοὺς
3260 499 3532 578 φρουροὺς
3566 501 3801 569 Σκύθας,

392 591 590 663 tisque
621 589 833 646 litteris
863 589 999 643 fano
1039 603 1307 659 egressus
1356 603 1424 641 eo
1456 587 1613 643 venit
1642 586 1743 642 ubi
1798 589 2034 643 Orestes

394 678 865 735 custodiebatur:
892 677 1325 748 impetratoque
1352 693 1386 732 a
1407 676 1638 748 Scythis
1660 676 1844 744 aditu,
1863 676 2032 733 tabu-

394 769 512 823 lam
544 767 731 823 Oresti
764 765 1027 833 tradidit,
1054 766 1146 821 his
1176 765 1411 822 verbis:
1444 790 1470 815 «
1509 768 1531 821 I
1561 783 1738 838 quam
1774 767 2032 838 primum

390 856 464 912 ad
496 855 882 928 Iphigeniam,
917 871 1181 911 sororem
1204 860 1389 911 tuam.
1418 878 1444 906 »
1466 855 1910 929 Obstupuerunt
1930 873 2032 912 au-

386 946 509 1001 dito
539 946 650 1001 hoc
680 962 818 1001 casu
859 944 1108 1018 Scythae.
1144 946 1233 1002 Illi
1267 946 1441 1002 ambo
1474 953 1636 1002 recta
1665 947 1738 1003 ad
1798 947 2030 1018 Iphige-

382 1036 544 1090 niam
585 1051 647 1091 se
669 1035 1161 1092 contulerunt.Ac
1192 1034 1460 1108 Pylades,
1489 1036 1912 1107 «Ecceinquit,
1938 1036 2031 1090 hic

383 1126 619 1181 Orestes
654 1126 839 1180 frater
869 1130 1023 1181 tuus.
1069 1147 1097 1175 »
1132 1126 1259 1180 Non
1312 1130 1508 1181 tamen
1545 1142 1679 1181 eum
1726 1125 2034 1198 Iphigenia

380 1213 621 1287 agnovit
649 1219 786 1270 ante
816 1229 996 1285 quam
1040 1215 1271 1288 signum
1303 1213 1543 1287 Pelopei
1575 1215 1811 1286 generis
1836 1213 2029 1269 oleam

383 1303 447 1359 in
477 1302 682 1359 dextro
715 1303 965 1358 humero
996 1302 1162 1359 vidit.
1196 1304 1346 1360 Tum
1381 1320 1517 1359 eum
1551 1303 1826 1376 amplexa
1854 1318 2034 1359 naves

383 1391 631 1448 subduci
673 1393 735 1447 in
775 1391 983 1448 navale
1019 1391 1222 1464 jussit,
1269 1390 1518 1465 ipsoque
1571 1409 1776 1448 secum
1843 1399 2031 1450 totam

382 1499 513 1538 eam
543 1483 801 1539 hiemem
836 1481 1113 1538 detinuit.
1145 1484 1365 1537 )Estate
1392 1483 1549 1538 facta
1571 1486 1808 1539 Orestes
1843 1488 1901 1539 et
1927 1487 2030 1554 Py-

381 1574 544 1631 lades
575 1574 729 1631 clam
772 1573 1091 1639 simulacro
1118 1573 1338 1644 Dianai,
1373 1574 1533 1647 quod
1582 1592 1651 1631 ex
1683 1575 1873 1632 solido
1905 1582 2032 1632 erat

380 1680 548 1731 auro,
582 1664 829 1736 ipsaque
860 1669 1168 1735 assumpta
1197 1663 1522 1736 Iphigenia,
1555 1663 1771 1735 quibus
1802 1664 2025 1720 advecti

378 1753 615 1809 fuerant
635 1752 882 1808 navibus
903 1752 1648 1825 aufugerunt;trajectaque
1680 1753 1939 1810 Diabena
1955 1753 2028 1809 ad

2141 586 2230 642 καὶ
2288 586 2544 653 εἰσελθὼν
2605 585 2857 644 ἐπεδίδου
2913 591 3014 659 τήν
3082 592 3292 660 πυκτὴν
3349 591 3528 654 οὕτως
3603 589 3795 645 εἰπών·

2151 697 2171 723 ι
2204 678 2308 741 Ἴθι
2335 677 2397 732 τὸ
2428 675 2597 753 τάχος
2632 678 2771 751 πρὸς
2824 676 3141 756 Ἰφιγένειαν
3194 680 3297 748 τήν
3347 680 3446 749 σὴν
3475 676 3737 757 ἀδελφήν.
3765 701 3794 730 η

2141 770 2378 838 ’Ἐμενον
2410 764 2504 821 οὖν
2535 764 2703 821 ἐννεοὶ
2753 767 2805 821 οἱ
2857 766 3059 831 Σκύθαι
3115 767 3256 844 πρὸς
3298 768 3362 823 τὸ
3422 763 3653 840 συμϐάν.
3688 768 3793 824 Καὶ

2143 851 2209 923 δὴ
2263 852 2454 909 αὐτίκα
2538 854 2676 927 πρὸς
2754 854 3067 931 Ἰφίγένειαν
3147 853 3402 927 εἰσῆλθον
3462 855 3788 930 ἀμφότεροι,

2139 943 2229 998 καὶ
2263 942 2291 997 ὁ
2322 941 2601 1014 Πυλάδης,
2634 968 2661 994 ‹‹
2693 939 2822 1011 Ἴδε,
2868 940 2994 1017 ἔφη,
3052 942 3311 1020 Ὀρέστης
3342 946 3372 1001 ὁ
3402 944 3495 1007 σὸς
3533 942 3789 1022 ἀδελφός.

2138 1032 2203 1089 Ἠ
2235 1028 2293 1087 δὲ
2322 1032 2424 1087 οὐκ
2477 1030 2764 1107 ἐγνώρισεν
2821 1034 2906 1105 [Ρ.
2944 1035 3069 1107 135]
3126 1032 3309 1101 αὐτὸν,
3363 1032 3469 1095 ἓως
3522 1034 3585 1088 τὸ
3616 1031 3792 1089 Πελό-

2140 1140 2290 1175 πειον
2316 1125 2414 1175 τοῦ
2441 1121 2629 1195 γένους
2676 1122 2987 1196 σήμαντρον
3038 1122 3138 1191 τήν
3198 1119 3384 1177 ἐλαίαν
3418 1118 3559 1177 εἶδεν
3590 1117 3789 1196 ἔχοντα

2139 1206 2191 1262 ἐν
2239 1212 2320 1280 τῷ
2376 1206 2515 1284 ὣμῳ
2571 1205 2749 1283 δεξιᾷν
2802 1209 3249 1286 Περιπτυξαμένη
3297 1231 3357 1266 τε
3386 1209 3543 1267 αὐτὸν
3572 1208 3785 1265 ἰκέλευο

2139 1318 2225 1354 σεν
2255 1297 2583 1369 ἑλκυσθῆναι
2633 1300 2700 1356 τὰ
2752 1298 2925 1357 πλοῖα
2979 1301 3158 1357 αὐτῶν
3212 1301 3318 1357 ἀπὸ
3355 1307 3456 1371 τῆς
3487 1299 3789 1371 θαλάσσης,

2137 1387 2229 1443 καὶ
2260 1387 2389 1443 ὅλον
2431 1388 2626 1451 αὐτοὺς
2684 1395 2862 1463 μεῖναι
2918 1389 3008 1444 τὸν
3066 1394 3316 1465 χειμῶνα
3345 1390 3472 1465 παρ’
3500 1389 3661 1463 αὐτῇ,
3690 1389 3788 1445 Θέ-

2142 1495 2266 1551 ρους
2298 1473 2356 1532 δὲ
2411 1479 2708 1555 γενομένου
2749 1476 2922 1553 λάθρα
2977 1477 3238 1553 Ὀρέστης
3292 1477 3382 1534 καὶ
3446 1475 3702 1550 Πυλάδης
3725 1478 3788 1534 τὸ

2139 1566 2449 1647 ὁλόχρυσον
2481 1565 2703 1646 ἄγαλμα
2750 1566 3071 1644 Ἀρτέμιδος
3121 1568 3212 1624 καὶ
3259 1568 3431 1637 αὖτὴν
3465 1566 3785 1642 ἀνελόμενοι

2136 1658 2236 1726 τὴν
2265 1657 2575 1737 Ἰφιγένειαν
2629 1655 2932 1734 ἀπέδρασαν
2990 1658 3108 1733 μεθ’
3138 1658 3214 1713 ὧν
3268 1657 3518 1727 ἀπῆλθον
3550 1656 3783 1714 πλοίων.

2137 1746 2240 1804 Καὶ
2287 1748 2390 1816 τήν
2439 1743 2713 1819 Διαϐηνήν
2764 1750 2840 1823 (4)
2897 1749 3229 1824 περάσαντες
3285 1745 3459 1818 ἦλθον
3493 1747 3630 1822 πρὸς
3659 1747 3788 1803 ἀναν

380 1847 576 1897 ortum
594 1841 737 1897 solis
751 1839 825 1897 ad
836 1843 1007 1896 Emet
1028 1841 1439 1897 Saracenicum
1456 1842 1831 1914 appulerunt,
1849 1841 2013 1897 inde-

2137 1834 2308 1906 τολήν
2386 1835 2474 1892 ἐπὶ
2545 1836 2610 1893 τό
2683 1838 3058 1913 Σαρακηνικὸν
3132 1838 3320 1910 "Eget,
3387 1836 3631 1901 κάκεῖθεν
3696 1834 3787 1891 ἐπὶ

2134 1925 2231 1943 ...ι
2502 1925 2713 1943 -..ς
2860 1926 2874 1943 ρ
3056 1925 3480 1943 ηιμω.

381 1946 497 2003 que
526 1930 675 1987 281
711 1929 786 1986 ad
823 1930 1123 1986 Tricomin
1154 1930 1490 1986 Palestinaa.
1516 1930 1596 1986 lbi
1622 1947 1756 1987 cum
1790 1932 2013 1988 Oreste:

2134 1925 2415 2002 Τρίκωμιν
2463 1933 2565 1996 τῆς
2607 1925 2993 1999 Παλαιστίνης.
3056 1926 3159 1984 Καὶ
3216 1925 3284 1997 δὴ
3361 1926 3617 2001 Ὀρέστου
3680 1946 3785 1999 μαι

375 2020 618 2087 fureret,
652 2018 986 2075 Tricomitm
1020 2035 1301 2092 magnum
1332 2019 1533 2075 Dianas
1582 2018 1787 2075 fanum
1818 2019 2026 2075 condi-

375 2107 590 2165 derunt
622 2126 637 2175 ;
668 2108 1177 2181 Iphigeniamque,
1209 2108 1369 2180 quod
1401 2125 1533 2164 eam
1563 2114 1632 2164 ut
1654 2108 2021 2165 sacerdotem

374 2196 758 2263 honorarent,
787 2202 1140 2268 rogaverunt
1180 2197 1266 2250 uti
1296 2196 1420 2251 dem
1450 2196 1735 2270 virginem
1766 2196 2020 2269 puellam

374 2285 731 2341 immolaret.
766 2284 1273 2357 Adduxeruntque
1304 2284 1562 2358 puellam
1593 2286 1835 2341 nomine
1875 2288 2020 2357 Nys-

378 2392 527 2441 sam,
561 2390 739 2446 quam
782 2374 1090 2447 Iphigenia
1123 2374 1379 2431 hostiam
1426 2375 1720 2432 mactavit.
1754 2374 1836 2430 Ibi
1867 2391 2020 2431 aerea

359 2466 643 2523 columna
690 2466 885 2538 posita
943 2465 1073 2522 loco
1123 2467 1321 2537 Nyssze
1383 2483 1602 2522 nomen
1650 2464 2012 2522 indiderunt.

361 2556 568 2612 Oresta
590 2562 724 2612 tum
757 2555 998 2611 sanitati
1030 2555 1250 2611 mentis
1271 2555 1565 2626 restituto,
1584 2555 1893 2628 Iphigenia
1913 2572 2020 2628 per

360 2644 729 2701 insomnium
765 2651 855 2699 est
884 2660 920 2700 a
956 2661 1126 2701 cerva
1155 2643 1466 2701 admonita
1495 2650 1562 2699 ut
1610 2644 1763 2700 hanc
1795 2650 2013 2700 terram

358 2734 606 2805 fugeret.
639 2733 967 2803 Statimque
1011 2732 1310 2805 fugientes
1349 2733 1711 2788 maritimam
1752 2732 2016 2788 Palaesti-

360 2838 498 2876 nam
532 2827 873 2887 tenuerunt.
898 2820 1117 2877 Indein
1151 2821 1379 2893 Syriam
1412 2826 1469 2876 et
1499 2820 1574 2876 ad
1606 2828 1867 2877 montem
1892 2824 2010 2877 Me-

362 2909 615 2965 lantium
647 2908 823 2965 delati
854 2915 1014 2977 sunt,
1046 2908 1148 2965 ubi
1172 2910 1409 2966 Orestes
1436 2926 1505 2965 ex
1534 2910 1774 2966 oraculo
1805 2910 2007 2965 fanum

363 3000 551 3054 Vestae
583 3000 824 3071 reperit,
848 3015 915 3055 ac
947 2998 1131 3054 sacris
1153 3004 1432 3071 operatus
1471 2998 1701 3054 difﬁcili
1736 3004 1826 3054 est
1852 2998 2005 3054 libe-

362 3092 526 3144 ratus
556 3086 807 3144 insania.
848 3087 990 3144 Inde
1019 3089 1237 3144 Oronte
1280 3088 1456 3143 ﬂuvio
1504 3090 1752 3160 trajecto
1792 3088 1866 3144 ad
1897 3088 2005 3143 Sil-

362 3178 526 3250 pium
550 3183 813 3234 montem
843 3178 1154 3249 pervenit;
1185 3177 1575 3250 salutatisquo
1599 3177 1808 3234 Jonilis
1838 3178 2000 3249 Argi-

2134 2015 2313 2073 νέντος
2342 2013 2395 2070 oi
2441 2017 2785 2090 Τρικωμῖται
2837 2016 2978 2090 ἰιρὸν
3039 2015 3180 2091 μέγα
3229 2019 3298 2090 τῇ
3354 2012 3636 2090 Ἀρτέμιδι
3666 2014 3787 2070 κτί-

2134 2121 2319 2166 σαντες
2376 2102 2561 2174 ἠξίουν
2615 2104 2714 2174 τήν
2772 2103 3107 2183 Ἰφιγένειαν,
3164 2104 3241 2168 ὡς
3287 2103 3484 2179 ἱέρειαν
3514 2108 3783 2177 τιμῶντες

2131 2190 2321 2262 αὐτὴν,
2381 2193 2629 2248 θυσιάσαι
2691 2192 2861 2268 κόρην
2916 2191 3180 2269 παρθένον
3236 2197 3306 2268 τῇ
3349 2197 3471 2265 θεῷ.
3543 2192 3647 2249 Καὶ
3708 2189 3777 2262 δή

2129 2278 2318 2354 ἄγουσι
2354 2278 2502 2352 νέαν,
2558 2281 2768 2339 Νόσσαν
2827 2282 3077 2356 ὀνόματι,
3107 2281 3173 2351 ἦν
3219 2282 3310 2337 καὶ
3340 2281 3613 2337 έθυσίασεν
3644 2284 3781 2358 Ἰφι-

2127 2365 2327 2444 γένεια.
2388 2370 2487 2425 Καὶ
2542 2369 2750 2442 στήλην
2806 2368 3025 2450 χαλκῆν
3086 2372 3400 2441 στήσαντες,
3449 2370 3656 2426 Νόσσαν
3684 2372 3778 2425 τὸν

2123 2459 2294 2514 τόπον
2355 2458 2664 2534 ὠνόμασαν.
2740 2462 2848 2518 Τοῦ
2923 2464 3051 2537 γοῦν
3116 2459 3371 2535 Ὀρέστου
3426 2460 3523 2520 τὰς
3579 2461 3776 2539 φρένας

2126 2542 2485 2611 ἀναλαϐόντος
2530 2550 2567 2619 ἡ
2626 2548 2909 2627 Ἰφιγένεια
2962 2546 3090 2623 ὄναρ
3141 2545 3299 2617 εἶδεν,
3335 2546 3534 2627 ἕλαιρον
3588 2546 3782 2625 λέγου-

2124 2656 2218 2690 σαν
2252 2634 2410 2711 αὖτῇ·
2445 2636 2594 2714 Φῦγε
2638 2637 2746 2693 ἀπὸ
2798 2643 2900 2708 τῆς
2953 2640 3145 2717 χώρας
3194 2637 3421 2708 ταύτης.
3473 2636 3652 2702 Εὐθὺς
3682 2635 3775 2691 οὖν

2122 2727 2381 2802 φυγόντες
2434 2728 2533 2797 τὴν
2583 2726 2877 2803 παράλιον,
2933 2721 3419 2800 καταλαμϐάνουσι
3476 2724 3776 2783 ΙΙαλαιστίο

2120 2838 2242 2887 νην,
2292 2817 2537 2882 κάκεῖθεν
2592 2817 2668 2881 εἰς
2724 2816 2927 2893 Συρίαν
2999 2817 3090 2873 καὶ
3138 2817 3202 2874 τὸ
3256 2816 3560 2876 Μελάντιον
3617 2816 3768 2891 ὄρος.

2120 2906 2222 2963 Καὶ
2254 2907 2316 2961 τὸ
2344 2906 2488 2981 ἱερὸν
2515 2913 2614 2977 τῆς
2671 2905 2884 2970 Ἑστίας
2940 2908 3078 2963 κατᾶ
3106 2906 3196 2962 τὸν
3229 2908 3488 2985 χρησμὸν
3522 2906 3766 2979 εὓρηκὼς

2119 2995 2373 3071 Ὀρέστης
2427 2997 2516 3051 καὶ
2569 2996 2846 3066 θυσιάσας,
2919 3003 3023 3067 τῆς
3105 2995 3355 3073 χαλεπῆς
3413 2994 3765 3068 ἀπήλλακτοι

2119 3084 2333 3157 μανίας.
2384 3087 2516 3142 Εἶτα
2568 3088 2659 3142 τὸν
2719 3087 2977 3163 Ὀρόντην
3035 3085 3294 3162 περάσας,
3326 3084 3415 3141 ἐπὶ
3443 3087 3506 3142 τὸ
3538 3084 3770 3142 Σίλπιον

2113 3173 2240 3245 ὅρος
2295 3173 2455 3245 ἦλθε,
2512 3176 2604 3230 καὶ
2668 3175 2797 3239 τοὺς
2873 3175 3159 3252 Ἀργείους
3212 3174 3448 3236 Ἰωνίτας
3508 3174 3583 3238 ὡς
3638 3194 3771 3250 συγ-

363 3249 452 3323 vis
498 3268 699 3341 ulpote
756 3267 1108 3340 prapinquis
1167 3267 1309 3331 suis,
1363 3266 1435 3322 ab
1481 3249 1576 3323 iis
1641 3266 1714 3322 ad
1773 3273 2008 3338 portum

2125 3261 2296 3341 γένεῖς
2341 3263 2718 3338 ἀσπασάμενος
2776 3261 2847 3320 δι’
2904 3266 3083 3320 αὐτῶν
3142 3263 3220 3325 εἷς
3275 3263 3339 3319 τὸ
3367 3262 3637 3338 παράλιον
3665 3270 3771 3333 τῆς

368 3356 828 3428 δειρυοίω,(ιιιὶω
841 3356 1171 3428 antiquitus
1186 3355 1536 3428 Palmopolis
1552 3355 1665 3410 fuit
1682 3356 2007 3419 nominata,

367 3442 655 3499 deductus
702 3460 1031 3514 navemque
1061 3444 1143 3499 ibi
1175 3450 1383 3500 nactus
1414 3444 1476 3499 in
1507 3444 1788 3500 Graeciam
1823 3449 2009 3499 trans-

366 3530 549 3587 misit.
584 3530 685 3586 Hic
719 3531 935 3587 tradita
958 3531 1021 3587 in
1055 3532 1501 3587 matrimonium
1521 3532 1770 3599 Electra,
1797 3548 1902 3587 sua
1923 3549 2009 3587 so-

362 3636 519 3687 rore,
552 3618 775 3690 Pyladi,
807 3621 1234 3691 Mycenaaorum
1281 3636 1722 3693 regnumusque
1766 3620 1841 3676 ad
1878 3620 2008 3675 vita:

366 3708 545 3764 finem
575 3709 972 3781 gessit.Thoas
1002 3716 1201 3765 autem
1225 3709 1476 3783 Scythia:
1497 3710 1738 3783 regulus
1767 3716 2011 3783 propter

366 3797 751 3855 simulacrum
784 3799 1118 3872 permultos
1151 3799 1395 3870 Scythas
1436 3798 1619 3869 misit,
1652 3799 1753 3871 qui
1783 3800 2008 3871 Iphige-

362 3886 522 3943 niam
545 3894 1067 3960 persequerentur.
1100 3888 1169 3942 Hi
1200 3905 1336 3944 cum
1372 3889 1666 3944 Tricomin
1697 3888 2006 3960 pervenis-

363 3980 516 4045 sent,
566 3977 824 4050 indeque
893 3994 995 4033 eos
1057 3994 1207 4049 quos
1277 3977 1748 4048 insequebantur
1790 3978 2007 4033 abiisse

359 4065 820 4135 intellexissent,
837 4066 919 4121 ibi
934 4066 2009 4138 remanserunt,urbeque,cuiScytho-

359 4154 514 4226 polis
534 4160 623 4210 est
641 4171 888 4226 nomen,
912 4154 1171 4223 condita,
1195 4155 1439 4211 domum
1461 4154 1679 4211 reversi
1705 4171 1826 4210 non
1846 4161 2003 4212 sunt.

432 4245 642 4300 Encas
672 4244 734 4299 in
763 4243 1032 4299 Calabria
1060 4256 1206 4299 usus
1232 4243 1534 4299 Diomedis
1564 4243 1843 4315 hospitio,
1877 4244 2005 4315 jam

358 4330 755 4399 discessurus,
779 4332 851 4387 ab
883 4348 951 4388 eo
971 4331 1302 4388 Palladium
1321 4332 1510 4403 petiit.
1539 4331 2007 4404 ResponditDio-

362 4414 569 4476 medes
591 4438 659 4477 ex
678 4438 747 4478 eo
770 4427 1180 4494 tempore,quo
1200 4422 1459 4494 primum
1479 4439 1613 4478 cum
1629 4423 1782 4480 288
1796 4423 2002 4497 Ulysse

356 4508 689 4566 Palladium
706 4511 814 4566 Illo
828 4510 1193 4579 abstulisset,
1209 4528 1270 4567 se
1285 4517 1460 4583 atque
1479 4513 1801 4569 exercitum
1827 4530 2002 4569 suum

2120 3350 2551 3415 Παλαιοπόλεως
2581 3354 2773 3429 πρώην
2808 3351 3137 3430 λεγομένης,
3179 3356 3272 3407 νῦν
3298 3388 3301 3391 »
3323 3349 3381 3408 δὲ
3428 3351 3770 3423 Σελευκείας,

2117 3442 2502 3517 παρεπέμφθη.
2562 3444 2811 3500 Κάκεῖθεν
2859 3446 2988 3498 ναῦν
3043 3442 3292 3515 εὑρηκὼς
3347 3437 3455 3505 ἕως
3489 3439 3759 3505 Ἑλλάδος

2118 3526 2294 3602 διέϐη.
2354 3531 2460 3588 Καὶ
2515 3531 2615 3601 τὴν
2668 3529 2909 3600 ἀδελφὴν
2968 3529 3266 3607 Ἠλέκτραν
3329 3529 3405 3593 είς
3461 3530 3637 3605 γάμον
3684 3534 3769 3602 τῷ

2118 3618 2344 3695 Πυλάδῃ
2400 3620 2603 3691 ζεοῖιξας,
2687 3617 2791 3682 ἓως
2874 3619 3105 3675 θανάτου
3160 3624 3263 3687 τῆς
3317 3621 3425 3673 τῶν
3485 3620 3760 3689 Μυκηνῶν

2120 3707 2395 3785 βασιλεύει
2454 3710 2662 3785 χώρας.
2722 3709 2862 3770 θόας
2920 3705 2978 3764 δὲ
3029 3707 3154 3764 τότε
3195 3705 3486 3783 τοπάρχης
3514 3704 3589 3762 ὥν
3624 3713 3769 3762 Σκυο

2116 3798 2232 3861 θίας
2263 3798 2338 3860 εἷς
2396 3795 2718 3869 καταδίωξιν
2771 3797 3085 3877 Ἰφιγενείας
3142 3795 3231 3854 διὰ
3259 3799 3321 3858 τὸ
3369 3794 3592 3871 ἄγαλμα
3621 3796 3766 3853 Σκυ-

2116 3901 2211 3954 θας
2263 3887 2556 3953 πλείστους
2610 3886 2945 3944 ἀπέστειλεν*
3005 3885 3119 3944 ἐπεὶ
3202 3887 3260 3946 δὲ
3337 3886 3414 3951 είς
3472 3885 3761 3961 Τρὶκωμιν

2115 3975 2358 4040 ἐλθόντες
2390 3971 2590 4051 ἔμαθον
2643 3975 2981 4033 ἀποπλεῦσαι
3038 3976 3165 4040 τοὺς
3223 3975 3615 4050 διωκομένους,
3647 3973 3765 4030 ἐκεῖ

2112 4059 2346 4138 ἔμειναν,
2378 4066 2464 4121 καὶ
2506 4062 2671 4121 πόλιν
2700 4068 2803 4137 τήν
2835 4064 3138 4141 λεγομένην
3166 4063 3512 4131 Σκυθόπολιν
3548 4059 3773 4120 οἱκοδο-

2116 4157 2403 4231 μήσαντες,
2434 4155 2615 4211 οὐκέτι
2652 4156 3010 4232 ὑπέστρεψαν.

2183 4243 2423 4315 Αἰνείας,
2482 4244 2628 4318 παρᾶ
2667 4241 2976 4317 Διομήδους
3027 4242 3083 4300 έν
3151 4240 3444 4322 Καλαϐρίᾳ
3498 4242 3772 4316 ξενωθεὶς,

2112 4334 2229 4391 ἐπεὶ
2286 4333 2586 4412 ἀποφοιτᾷν
2637 4328 2893 4406 ἔμελλεν,
2950 4332 3137 4408 ᾐτεῖτο
3187 4329 3375 4390 λαϐεῖν
3421 4334 3484 4390 τὸ
3536 4329 3770 4391 ΙΙαλλάο

2113 4421 2226 4479 διον
2256 4424 2384 4499 παρ’
2423 4424 2610 4481 αὐτοῦ.
2669 4423 2809 4498 Πρὸς
2863 4423 2923 4478 ὅν
2976 4423 3201 4489 ἐκεῖνος,
3236 4424 3320 4494 Ἐξ
3356 4424 3441 4490 οὗ,
3474 4423 3632 4502 φησὶ,
3660 4422 3771 4492 τήν

2111 4512 2290 4587 ἀρχὴν
2321 4515 2483 4567 τοῦτο
2539 4510 2673 4585 μετᾶ
2730 4508 3033 4574 Ὀδυσσέως
3086 4518 3192 4581 τῆς
3232 4510 3398 4567 Ἰλίου
3426 4508 3770 4591 ἀφειλόμην,

354 4599 797 4656 continentibus
811 4600 985 4657 malis
1000 4606 1176 4671 atque
1192 4600 1628 4658 calamitatibus
1641 4601 1821 4659 fuisse
1836 4620 2004 4659 vexa—

2125 4597 2238 4656 οὕτε
2275 4598 2401 4675 ἐμοὶ
2459 4596 2583 4656 οὕτε
2637 4603 2716 4672 τῷ
2770 4598 2862 4655 ὑπ’
2913 4599 3011 4674 ἐμὲ
3066 4604 3279 4676 στρατῷ
3325 4599 3543 4673 θλίψεις
3581 4592 3773 4653 ἐπέλι-

351 4692 518 4756 tum;
551 4694 761 4745 etcum
793 4690 924 4761 ejus
948 4689 1034 4745 rei
1066 4705 1244 4745 causa
1276 4689 1546 4762 Pythiam
1576 4692 1996 4762 consuluisset,

342 4781 583 4852 jussum
612 4779 796 4836 fuisse
838 4780 1108 4854 Trojanis
1138 4779 1199 4836 id
1230 4779 1499 4837 reddere.
1533 4781 1632 4836 llis
1664 4781 1839 4837 dictis
1887 4782 1996 4838 deo

2106 4712 2209 4746 πον
2263 4687 2370 4754 ἓως
2424 4687 2547 4764 ἄρτι
2597 4689 2688 4744 καὶ
2744 4687 3042 4767 συμφοραί.
3094 4686 3189 4744 Διὸ
3217 4688 3309 4744 καὶ
3344 4687 3627 4761 ἐπυθόμην
3658 4693 3765 4755 τῆς

2109 4779 2310 4843 Πυθίας
2363 4778 2486 4853 περὶ
2544 4778 2733 4846 αὐτοῦ,
2792 4778 2827 4848 ἢ
2884 4777 2973 4833 καὶ
3033 4778 3242 4835 ἀνεῖλεν
3296 4774 3595 4833 ἀποδοῦναι
3625 4775 3766 4831 οὗτό

349 4886 478 4925 rem
511 4885 741 4926 sacram
766 4869 925 4937 fecit,
956 4871 1317 4942 Encamque
1347 4868 1700 4943 deprompta
1729 4870 1995 4927 Palladio

2125 4873 2220 4929 εοῖς
2269 4865 2472 4942 Τρωσί.
2522 4868 2702 4924 Ταῦτα
2749 4863 3034 4939 Διομήδης
3079 4865 3270 4937 είπὼν,
3320 4866 3411 4922 καὶ
3459 4865 3766 4937 θυσάμενος

348 4957 607 5015 donavit.
637 4960 847 5016 Encas
877 4974 1013 5014 cum
1045 4957 1310 5014 Palladio
1341 4957 1417 5014 ad
1467 4958 1653 5014 Italia:
1684 4959 1996 5015 dominum

2125 4962 2185 5031 τῷ
2242 4958 2369 5029 θεῷ,
2437 4950 2690 5011 ἐκϐαλὼν
2742 4954 2899 5020 εὐθὺς
2947 4957 3011 5011 τὸ
3070 4952 3386 5012 Παλλάδιον
3440 4960 3523 5027 τῷ
3581 4952 3767 5024 Αἰνείᾳ

348 5046 620 5103 Latinum
645 5047 945 5119 profectus
962 5063 1099 5103 cum
1120 5064 1188 5103 eo
1219 5047 1531 5103 adversum
1553 5047 1802 5104 Rutulos
1818 5065 1997 5121 expe-

2107 5043 2382 5122 δωρεῖται.
2441 5047 2612 5099 Τοῦτο
2672 5038 2857 5099 λαϐὼν
2912 5041 3135 5107 Αἲνείας
3190 5045 3330 5121 πρὸς
3356 5044 3449 5099 τὸν
3480 5042 3606 5099 τότε
3627 5060 3767 5097 τοπο

1544 5163 1911 5220 XYLANDRI
1950 5165 2037 5220 ET
2075 5164 2294 5220 GOARI
2332 5163 2557 5219 NOTAE.

419 5284 504 5367 μ)
533 5287 899 5367 Adiabenam
931 5288 1052 5367 scio
1077 5289 1380 5367 regionem
1400 5304 1543 5367 esse
1573 5305 1705 5360 qum
1736 5289 1998 5367 inter_Ti-

347 5360 498 5432 grim
538 5364 597 5413 et
619 5361 977 5432 Euphratem
1017 5360 1224 5415 ﬂuvios
1254 5361 1436 5432 jacet.
1470 5361 1563 5415 Sic
1594 5375 1722 5417 eam
1765 5366 1832 5432 et
1872 5363 1994 5418 Ste-

2107 5283 2405 5357 Ἀδιϐηνήν
2432 5287 2629 5343 habet.
2662 5288 2775 5344 Sed
2807 5288 2932 5360 haec
2955 5288 3125 5344 alias.
3148 5288 3230 5345 De
3261 5285 3601 5360 Scythopoli
3628 5285 3765 5342 vide

2106 5378 2284 5443 supra
2314 5365 2625 5443 annotata:
2669 5359 2748 5413 De
2799 5359 2887 5443 iis.
2920 5377 3091 5443 qua)“
3112 5365 3443 5443 sequuntur
3472 5362 3762 5443 an‘notare

348 5426 883 5504 phanusappellat
911 5437 983 5504 _et
1031 5426 1376 5504 Eustathius
1415 5431 1477 5486 in
1538 5431 1883 5504 Dionysium
1933 5437 1992 5487 et
2102 5426 2432 5504 quidquam,
2462 5429 2651 5495 nolui,
2683 5446 2818 5485 cum
2871 5426 2960 5500 (ut
3016 5430 3165 5504 alios
3196 5426 3515 5504 plurimos
3544 5428 3757 5484 harum

346 5496 493 5553 alibi
519 5517 546 5572 :7
567 5496 807 5572 de'_qua
838 5501 1123 5572 videndus
1150 5503 1504 5559 Ammianus
1538 5496 1914 5572 Marcellinus
1942 5506 1986 5558 Ι.

342 5585 500 5656 αιιιι.
522 5568 1071 5656 Apud—strabonem
1090 5577 1131 5628 l.
1154 5590 1212 5629 αι
1236 5580 1498 5656 extremo
1531 5592 1712 5656 prope
1743 5568 1984 5656 Διαϐηνή

2098 5500 2299 5559 rerum
2324 5502 2641 5574 scriptores
2663 5500 3369 5574 prastereammionysius
3390 5500 3760 5574 Halicarnas-

2098 5575 2289 5629 sensis
2348 5570 2496 5645 libro
2554 5570 3029 5644 Antiquitatum'
3075 5570 3474 5645 Romanarum
3558 5570 3754 5645 primo

343 5641 588 5716 legitur,
601 5641 705 5698 sed
728 5641 934 5697 vitiose
952 5650 1114 5715 puto,
1131 5646 1369 5716 quando
1387 5641 1566 5702 etiam
1585 5641 1713 5717 ejus
1729 5641 1987 5718 epitonia
2097 5644 2508 5719 copiosissime
2538 5641 2733 5701 Eueni
2762 5661 2858 5701 res
2889 5646 2967 5702 sit
2996 5649 3363 5718 persecutus.
3388 5644 3527 5699 XYL.
