4188 6196
391 326 511 392 2¹ΙΊ

1518 336 2067 401 HISTORIARUM
2112 336 2652 405 COMPENDIUM.

3682 340 3801 408 278

390 462 587 537 ἂνοίξω
618 479 727 534 σοι,
781 462 871 520 ἶνα
919 465 1066 541 γνῷς
1118 464 1202 523 ὅτι
1259 466 1369 543 ἐγὼ
1426 466 1629 541 Κύριος
1685 472 1772 545 [Ρ.
1835 472 1959 545 138]
2014 472 2034 526 δ

2155 476 2256 530 aut
2299 472 2595 545 mercede,
2625 475 3011 533 aitnominus
3064 479 3450 537 exercituum.
3486 501 3514 532 ››
3561 483 3667 539 Eis
3699 492 3804 540 au-

389 551 544 613 θεός⁶
600 553 743 627 Ἐγὼ
800 551 975 630 ἔγερῶ
1027 553 1189 611 αὐτὸν
1249 556 1385 629 μετὰ
1452 554 1823 629 δικαιοσύνης·
1884 566 2050 615 πᾶσαι

397 641 455 696 αἱ
485 637 605 696 ὁδοὶ
637 640 804 697 αὗτοῢ
844 641 1065 699 εὐθεῖαι.
1106 643 1284 708 Οὗτος
1337 643 1693 721 οἲκοδομήσει
1735 648 1834 717 τήν
1888 647 2051 704 πόλιν

395 750 525 804 μου,
554 732 647 785 καὶ
677 731 779 801 τὴν
809 730 1202 807 αἱχμαλωσίαν
1234 736 1330 790 τοῖ’)
1361 733 1500 791 λαοῦ
1536 724 1640 812 μου
1698 736 2047 811 ἀποστρέψει,

390 818 455 874 ού
512 820 648 892 μετᾶ
703 818 944 896 λύτρων,
1029 822 1093 878 ού
1183 821 1319 898 μετᾶ
1375 821 1590 900 δώρων,
1668 827 1787 881 εἷπε
1852 826 2048 900 Κύριος

388 905 645 967 Σαϐαὼθ.
689 935 719 963 ››
775 911 838 969 Ὀ
894 908 951 967 δὲ
1012 912 1272 988 βασιλεὺς
1330 913 1510 989 Κῦρος
1576 913 1812 977 ἀκούσας
1864 913 2046 972 ἔπεσεν

393 995 474 1062 είς
502 998 631 1062 τοὺς
660 999 834 1065 πόδας
856 1006 955 1058 τοῦ
987 1000 1217 1075 Δανιὴλ,
1250 1002 1452 1081 λέγων’
1491 1024 1518 1058 α
1541 1005 1620 1079 Ζῇ
1648 1004 1849 1078 Κύριος
1872 1004 1900 1060 ὁ
1922 1004 2050 1068 Θεύς

388 1110 516 1159 σου,
554 1089 666 1164 ἐγὼ
695 1090 959 1147 ἀπολύσω
988 1089 1050 1147 ἐκ
1074 1099 1178 1163 τῆς
1205 1100 1312 1168 γῆς
1338 1113 1442 1167 μου
1462 1092 1555 1148 τὸν
1577 1091 1820 1168 Ἰσραὴλ,
1839 1090 1928 1149 ’ἱνα
1950 1091 2050 1149 λα-

382 1176 656 1253 τρεύσωσι
715 1181 797 1252 τῷ
849 1184 967 1254 Θεῷ
1020 1178 1199 1238 αὐτῶν
1256 1179 1309 1237 ἐν
1366 1180 1796 1257 Ἰεροσολύμοις.
1852 1205 1880 1234 »
1941 1183 2044 1241 Καὶ

391 1265 769 1342 ὁπλισάμενος
794 1270 1127 1345 παρετάξατο
1158 1272 1237 1343 τῷ
1269 1269 1513 1346 Κροίσῳ.
1571 1271 1634 1329 Ὀ
1682 1269 1738 1327 δὲ
1794 1276 2044 1347 Κροῖσος,

385 1354 626 1422 ἀκούσας
682 1361 784 1428 τὴν
823 1358 921 1416 τοῧ
975 1362 1235 1437 χρησμοῦ
1291 1359 1603 1437 ἀπόκρισιν,
1663 1358 1858 1436 ἐξῆλθε
1908 1364 2048 1420 κατᾶ

376 1448 565 1525 Κύρου
625 1450 760 1525 μετὰ
809 1446 1091 1526 δυναμεως
1151 1448 1395 1523 πολλῆς,
1460 1451 1552 1509 καὶ
1608 1448 1898 1528 παρελθὼν
1953 1452 2045 1510 τὸν

377 1536 559 1596 ’Λλυν
639 1541 889 1613 ποταμὸν
974 1546 1074 1611 τῆς
1147 1538 1537 1605 Καππαδοκίας
1592 1542 1909 1619 συνέκρουσε
1962 1546 2043 1616 τῷ

382 1628 569 1702 Κύρῳ,
624 1632 907 1704 χειμῶνος
944 1626 1099 1693 ὄντος
1150 1624 1389 1691 πολλοῦ.
1448 1631 1547 1687 Καὶ
1604 1630 1863 1703 ἡττηθεὶς
1916 1627 2044 1704 ἠθέ-

378 1715 523 1787 λησε
546 1722 758 1797 φυγεῖν,
806 1717 1321 1795 πλημμυρήσαντος
1374 1718 1433 1775 δὲ
1476 1725 1573 1776 τοῦ
1610 1726 1884 1795 ποταμοῦ,
1945 1719 2043 1777 ούκ

382 1799 779 1878 tamam“:
818 1806 1032 1889 ἐλήφθη
1091 1805 1471 1885 αἰχμάλωτος.
1531 1810 1631 1865 Καὶ
1686 1804 1938 1868 ἀπώλετο
1975 1811 2044 1867 τὰ

381 1892 574 1967 πλήθη
610 1894 797 1967 αὑτοῦ,
859 1892 1111 1973 χιλιάδες
1165 1898 1530 1975 τετρακόσιαι.
1591 1892 1728 1955 Τοὺς
1790 1896 1847 1955 δὲ
1904 1896 2036 1955 ὓπο-

374 1982 697 2061 λειφθέντας
742 1986 859 2060 ἅμα
908 1992 989 2060 τῷ
1046 1988 1267 2061 Κροίσῳ
1323 1980 1518 2043 ἔλαϐεν
1575 1985 1974 2066 αἶ’χμαλώτους
2006 1990 2034 2044 ὁ

372 2074 579 2149 Κῦρος.
642 2072 747 2132 Καὶ
796 2074 999 2147 στήσας
1066 2072 1227 2132 αὐτὸν
1288 2070 1340 2132 ἓν
1400 2072 1605 2150 ξυλίνῳ
1687 2070 1933 2150 τρίποδι,
1985 2071 2037 2133 ὲν

369 2161 499 2238 ὕψει
560 2161 866 2240 δεδεμένον,
927 2159 1312 2240 ἐθριάμϐενσεν
1390 2162 1550 2222 αὐτὸν
1632 2164 1721 2223 καὶ
1799 2166 2038 2243 κατήγα-

369 2270 467 2331 γεν
499 2253 553 2309 ἰν
586 2247 831 2328 Ηερσίδι.
862 2255 922 2313 Ὀ
955 2251 1116 2319 αὐτὸς
1160 2259 1333 2330 Κῦρος
1384 2253 1443 2311 ἔκ
1490 2260 1590 2326 τῆς
1644 2250 2035 2332 αῗχμαλωσίας

2156 562 2295 619 ditis
2326 566 2511 636 Cyrus
2556 564 2629 621 ad
2661 564 2841 638 pedes
2888 565 3120 621 Danieli
3152 569 3428 637 concidit,
3463 571 3804 645 juravitque

2155 670 2261 725 per
2285 654 2462 709 vitam
2486 653 2585 709 Dei
2618 671 2679 711 se
2704 654 2989 727 populum
3003 654 3345 712 israeiicum
3365 674 3435 714 ex
3455 674 3563 716 sua
3578 660 3804 717 ditione

2155 742 2563 811 dimissurum,
2595 744 2661 799 ut
2713 744 2763 799 is
2794 743 3223 817 Hiorosolymis
3266 749 3381 801 Deo
3415 761 3521 804 suo
3576 749 3803 806 cultum

2156 832 2448 890 exhibeat.
2472 831 2673 895 Simul,
2699 831 2959 889 exercitu
2977 838 3225 904 armato,
3243 833 3522 893 adversus
3539 840 3802 895 Crmsum

2154 920 2340 979 duxit.
2375 921 2486 977 Sed
2517 922 2749 978 Croesus
2779 923 3001 979 oraculi
3034 938 3320 996 responso
3369 933 3610 1000 accepto
3659 943 3797 982 cum

2153 1010 2383 1086 magnis
2414 1013 2601 1084 copiis
2630 1017 2839 1068 contra
2856 1014 3071 1085 Cyrum
3091 1018 3511 1087 estprofectus,
3535 1035 3801 1078 amnem-

2153 1114 2268 1173 que
2299 1100 2682 1173 Cappadociae
2704 1098 2893 1172 Halyn
2917 1102 3171 1173 trajecit,
3206 1102 3392 1162 multa
3421 1112 3546 1164 tum
3574 1106 3791 1167 hieme.

2153 1189 2442 1246 Caeterum
2503 1187 2821 1245 commisso
2874 1188 3081 1262 praelio
3130 1192 3357 1249 Crassus
3405 1195 3611 1266 victus,
3662 1217 3796 1257 cum

2152 1274 2351 1351 fugam
2365 1280 2639 1346 tentaret,
2656 1272 2976 1350 impeditus
2994 1280 3185 1335 amnis
3202 1276 3619 1351 exundatione,
3641 1285 3801 1345 vivus

2152 1364 2213 1422 in
2242 1362 2504 1422 hostium
2538 1366 2891 1438 potestatem
2920 1367 3100 1424 venit.
3134 1366 3575 1442 Quadringenta
3614 1374 3804 1432 millia

2151 1454 2223 1510 de
2255 1452 2435 1511 Crmsi
2466 1454 2726 1511 exercitu
2758 1461 3080 1526 cmsasunt,
3114 1455 3330 1528 reliqui
3358 1474 3490 1515 cum
3525 1474 3592 1516 eo
3624 1462 3814 1534 capti.

2149 1542 2296 1600 Eum
2328 1542 2391 1600 in
2419 1544 2615 1617 ligneo
2646 1542 2877 1617 tripode
2909 1544 3268 1602 collocatum
3287 1546 3472 1621 Cyrus
3504 1548 3567 1607 in
3597 1552 3806 1608 trium-

2148 1634 2264 1706 pho
2324 1630 2386 1689 in
2443 1628 2749 1689 Persidem
2807 1631 3068 1692 abduxit.
3135 1634 3298 1692 Idem
3358 1638 3541 1712 Cyrus
3593 1654 3802 1698 omnes

2147 1718 2451 1780 Israelicos
2508 1718 2765 1796 captivos
2803 1718 3057 1792 dimisit,
3104 1731 3171 1781 ut
3228 1722 3378 1783 duce
3438 1724 3796 1787 Zorobabelo

2144 1808 2571 1869 Jerusalemam
2614 1816 2972 1885 repeterent,
3028 1810 3182 1871 sicut
3235 1832 3340 1871 suo
3385 1810 3514 1873 loco
3560 1818 3796 1875 dicitur.

2144 1898 2476 1958 Noluerunt
2505 1907 2703 1958 autem
2734 1898 2991 1958 universi
3034 1903 3217 1959 Judmi
3264 1919 3398 1961 cum
3439 1904 3797 1965 Zorobabelo

2144 1986 2207 2046 in
2238 1988 2493 2063 patriam
2525 1988 2741 2059 redire,
2776 1986 2879 2046 sed
2919 2002 3057 2047 eum
3088 1997 3319 2048 tantum
3353 1991 3483 2049 dum
3508 1992 3696 2050 tribus
3729 2008 3796 2051 ac

2140 2078 2391 2137 dimidia
2421 2082 2638 2137 secutaa
2669 2082 2825 2139 sunt.
2861 2080 3125 2154 Reliquae
3162 2086 3193 2139 9
3226 2100 3273 2139 s.
3322 2082 3513 2141 tribus
3544 2081 3699 2141 ultro
3731 2080 3794 2142 in

2137 2167 2339 2227 Persia
2351 2172 2723 2235 manserunt,
2743 2174 2909 2227 metu
2929 2173 3193 2245 gentium
3215 2168 3434 2229 Judmte
3450 2171 3795 2248 circumjec-

2138 2263 2346 2316 tarum.
2366 2258 2602 2316 Dimisit
2618 2264 2817 2316 autem
2833 2255 3065 2317 Judmos
3086 2260 3268 2334 Cyrus
3293 2258 3521 2319 Danieli
3560 2270 3787 2338 rogatu.

362 2344 478 2401 τῶν
510 2345 645 2400 υἱῶν
671 2341 899 2419 Ἰσραὴλ
951 2339 1188 2401 ἀπέλυσε
1242 2342 1444 2407 πάντας
1503 2341 1591 2400 ἰπὶ
1636 2346 1703 2400 τὰ
1754 2340 2112 2422 Ἰεροσόλυμα
2171 2346 2308 2420 μετᾶ
2364 2342 2696 2422 Ζοροϐάϐελ,
2755 2348 2936 2411 καθὼς
2988 2344 3193 2422 προϊὼν
3228 2351 3254 2403 ὁ
3289 2344 3460 2424 λόγος
3512 2348 3780 2422 δηλώσει·

359 2433 481 2493 Ούκ
508 2431 785 2506 ἠθέλησαν
817 2431 877 2491 δὶ
932 2432 1164 2506 ἐξελθεῖν
1221 2432 1273 2488 οἱ
1331 2429 1588 2492 Ἰουδαῖοι
1642 2434 1835 2498 πάννες
1894 2432 2029 2508 μετᾶ
2066 2430 2401 2506 Ζοροϐάϐελ,
2462 2434 2505 2491 εί
2568 2440 2643 2510 μὴ
2706 2438 2956 2512 σκῆπτρα
3014 2433 3109 2491 δύο
3164 2438 3337 2511 ἤμεε)
3400 2439 3587 2510 μόνον,
3649 2434 3780 2494 ὡσεὶ

372 2519 632 2603 χιλιάδες
689 2523 1045 2594 πεντήκονταδ
1096 2518 1352 2596 Ἔμειναν
1421 2518 1479 2580 δὶ
1538 2523 1614 2586 είς
1669 2524 1737 2579 τὰ
1788 2521 2023 2599 Περσικὰ
2091 2520 2202 2596 ἰδίᾳ
2259 2523 2568 2601 προαιρέσει
2646 2526 2898 2599 σκῆπτρα
2980 2521 3130 2580 ἐννέα
3187 2523 3383 2598 ἣμισυ,
3451 2523 3780 2605 φοϐηθέντες

361 2615 431 2669 τα
458 2609 584 2685 ἔθνη
614 2613 681 2667 τὰ
709 2606 865 2688 πέριξ
897 2614 1000 2681 τῆς
1029 2608 1335 2682 Ἰουδαϊκῆς
1364 2608 1574 2689 χώρας
1605 2609 1871 2671 ’Δπὲλυσε
1903 2610 1961 2667 δί
1991 2613 2212 2684 αύτούς,
2250 2618 2349 2668 τοῖ’)
2379 2611 2582 2683 Δανιὴλ
2614 2611 3004 2686 αἰτησαμένου.

432 2702 584 2760 Μετᾶ
613 2700 670 2758 δὲ
696 2702 760 2758 τὸ
789 2699 1086 2758 ἀπολέσθαι
1114 2703 1213 2771 τήν
1245 2698 1527 2778 βασιλείαν
1560 2697 1753 2757 Λυδῶν
1816 2700 1869 2756 οί
1914 2700 2022 2757 Σά-

373 2814 494 2867 μιοι
581 2790 1147 2867 θαλασσοκρατοῦντες
1233 2782 1587 2863 ἐϐασίλευσαν
1671 2790 1781 2846 τῶν
1844 2796 2021 2865 μερῶν

372 2882 613 2938 ἐκείνων.
673 2880 779 2938 Καὶ
838 2879 1070 2943 ἀκούσας
1159 2882 1293 2954 μετὰ
1349 2881 1548 2956 χρόνον
1609 2877 1638 2935 ὁ
1692 2881 1875 2954 Κῦρος
1932 2877 2024 2935 ἐπ-

368 2970 689 3048 εστράτευσε
726 2968 844 3027 κατ’
904 2967 1104 3026 αὐτῶν.
1166 2967 1270 3028 Καὶ
1328 2962 1629 3045 συμϐαλὼν
1668 2967 1851 3032 αὐτοῖς
1899 2990 2025 3024 ναυ-

381 3058 561 3137 μαχίᾳ
589 3058 798 3132 ἡττήθη
832 3060 921 3115 καὶ
947 3058 1131 3139 ἔφυγε,
1171 3058 1261 3114 καὶ
1321 3052 1492 3123 ἐλθὼν
1544 3054 1619 3121 είς
1674 3059 1774 3127 τήν
1834 3056 2021 3133 χώραν

376 3148 544 3206 αὐτοῦ
575 3147 801 3228 ἐσφάγη.
832 3147 959 3223 Περὶ
1001 3143 1063 3203 οὗ
1118 3140 1371 3221 πολεμου
1428 3146 1604 3222 Κύρου
1654 3144 1745 3202 καὶ
1801 3146 2020 3219 Σαμίων

2207 2708 2402 2778 ilegno
2427 2704 2722 2777 Lydorum
2755 2721 2977 2771 everso,
3005 2705 3184 2760 Samii
3209 2706 3389 2761 maris
3416 2707 3665 2778 imperio
3697 2725 3797 2780 po-

2137 2795 2226 2849 titi
2259 2792 2388 2849 istis
2418 2790 2760 2867 regionibus
2786 2792 2941 2850 248
2965 2792 3427 2866 imperaverunt.
3459 2796 3625 2862 Quod
3648 2814 3785 2852 cum

2134 2889 2342 2956 postea
2367 2884 2651 2956 temporis
2680 2882 2864 2954 Cyrus
2891 2882 3280 2957 cognovisset,
3336 2880 3776 2957 expeditionem

2134 2972 2413 3032 adversus
2444 2974 2671 3031 Samios
2699 2972 2878 3041 fecit;
2911 2975 2983 3030 ab
3024 2974 3216 3047 iisque
3249 2974 3439 3032 navali
3472 2990 3666 3050 pugna
3691 2979 3776 3032 vi-

2134 3070 2285 3135 ctus,
2318 3078 2454 3121 cum
2495 3066 2557 3120 in
2608 3078 2781 3119 suum
2811 3079 3062 3138 regnum
3090 3065 3227 3138 fuga
3271 3064 3655 3137 pervenisset,
3696 3062 3777 3122 ibi

2134 3152 2481 3210 interiectus
2505 3158 2611 3210 est.
2644 3152 2832 3227 Hujus
2853 3154 3013 3209 inter
3041 3155 3255 3228 Cyrum
3278 3173 3344 3211 ac
3376 3157 3605 3211 Samios
3636 3152 3778 3211 belli

376 3238 696 3318 Πυθαγόρας
754 3239 783 3295 δ
844 3232 1054 3313 Σάμιος
1137 3234 1523 3314 ωνεγρᾶψατο·
1580 3233 1641 3299 ὅς
1710 3235 1802 3291 καί
1882 3235 2023 3293 εἶπεν

2144 3238 2449 3299 historiam
2488 3243 2841 3315 conscripsit
2884 3242 3248 3317 Pythagoras
3286 3244 3556 3310 Samius;
3590 3246 3690 3315 qui
3723 3250 3782 3300 et

374 3332 537 3388 αὐτὸν
570 3331 681 3387 ἐκεῖ
708 3328 953 3394 τεθνάναι
982 3327 1062 3392 εἲς
1092 3329 1183 3384 τὸν
1211 3326 1481 3401 πόλεμον.

452 3417 603 3478 Μετᾶ
631 3419 688 3476 δὲ
718 3422 817 3489 τήν
852 3412 1135 3497 βασιλείαν
1171 3412 1344 3493 Κύρου
1386 3412 1420 3472 ὁ
1448 3411 1566 3479 υίὸς
1599 3413 1762 3473 αὐτοῦ
1809 3421 2030 3492 Δαρεῖος

375 3510 528 3566 ὁκαὶ
569 3501 873 3582 Καμϐύσης
931 3503 1022 3562 καὶ
1077 3503 1130 3561 οἳ
1190 3502 1372 3562 λοιπεὶ
1430 3499 1777 3560 ἐϐασίλευσαν
1832 3502 2021 3562 Ἀσσυ-

375 3600 535 3675 ρίων.
569 3597 688 3656 Ἐπὶ
719 3603 827 3654 τῶν
860 3596 1077 3673 χρόνων
1116 3594 1210 3651 οὖν
1243 3594 1342 3665 τῆς
1375 3589 1658 3670 βασιλείας
1702 3592 1801 3650 τοῦ
1846 3592 2030 3651 τοιού-

369 3710 471 3745 του
530 3688 756 3761 Δαρείου
814 3680 1130 3766 ἐφιλοσόφει
1187 3684 1317 3760 παρ’
1380 3680 1651 3755 Ἕλλησιν
1706 3680 2029 3757 Ἀναξίμαν-

375 3774 534 3853 δρος,
567 3774 741 3840 ὅςκαὶ
772 3768 868 3835 τὰς
909 3766 1200 3848 ίσημερίας
1250 3770 1340 3828 καὶ
1395 3768 1493 3836 τὰς
1544 3769 1749 3847 τροπὰς
1798 3770 2027 3842 ὶξὲθετο.

372 3866 555 3926 Ἀλλὰ
611 3868 699 3922 καὶ
770 3863 1088 3941 Πυθαγόρας
1140 3865 1241 3934 τὴν
1320 3858 1696 3940 ἀριθμητικὴν
1767 3860 2029 3938 συνεγρά-

380 3960 547 4033 dum,
574 3955 666 4012 καὶ
707 3954 890 4032 δόγμα
943 3955 1343 4030 παρεισήγαγεν
1394 3948 1664 4022 Ἕλλησιν
1709 3949 2031 4027 ἀσωμάτους

377 4047 519 4102 εἶναι
559 4044 752 4122 ἀρχάς.
786 4047 877 4103 Ἐν
910 4038 969 4099 δὶ
997 4044 1065 4117 τῇ
1101 4038 1351 4119 βασιλείᾳ
1407 4036 1631 4116 Δαρείου
1678 4040 1799 4095 υἱοῦ
1849 4038 2030 4115 Κύρου

379 4134 631 4206 πόλεμος
661 4132 884 4202 ἐκινήθη
918 4124 1025 4185 ἀπὸ
1054 4124 1164 4185 τῶν
1212 4126 1490 4186 Λῖθιόπων
1543 4126 1662 4183 κατ’
1714 4126 1900 4195 αύτοῦ,
1954 4126 2033 4181 οῗ-

378 4243 521 4284 τινις
549 4223 732 4284 γακῶς
761 4217 922 4275 αύτὸν
980 4213 1192 4297 ἔφερον.
1247 4214 1419 4295 Ὅπερ
1471 4218 1690 4294 γνόντες
1746 4217 1798 4271 οἱ
1854 4214 1907 4271 ἐν
1959 4216 2029 4289 τῇ

376 4310 633 4386 Μηδιανῇ
668 4310 829 4386 χώρᾳ
885 4312 1262 4371 κατοικούντες
1316 4304 1573 4363 Ἰουδαῖοι
1628 4304 1847 4381 ἀφέντες
1901 4324 2032 4360 κατ-

374 4398 576 4461 ἔλαϐον
622 4404 721 4471 τὴν
782 4393 1169 4475 Ἰερουσαλήμ·
1228 4395 1294 4467 ἦν
1341 4394 1399 4453 δὲ
1453 4396 1671 4467 πλῆθος
1720 4395 1866 4452 πολὺ
1919 4402 2028 4452 τῶν

370 4487 677 4550 Ἰουδαίων.
710 4489 811 4545 Καὶ
877 4488 1060 4563 μαθὼν
1118 4489 1283 4543 τυῦτο
1338 4489 1563 4562 Δαρεῖος
1622 4484 1650 4542 ὁ
1706 4484 1887 4559 Κύρου
1926 4483 2031 4541 ἀπ-

376 4578 590 4638 ἔστειλε
665 4599 969 4655 στρατηγον
1062 4571 1249 4647 αύτοῦ,
1344 4575 1573 4648 ὀνόματι
1670 4573 2025 4652 Ὀλοφέρ-ιην,

375 4673 463 4744 [Ρ.
502 4673 625 4743 139]
662 4668 797 4745 μετὰ
827 4664 1105 4743 δυνάμεως
1154 4659 1376 4735 πολλῆς
1435 4662 1509 4727 είς
1554 4662 1621 4720 τὰ
1674 4662 2029 4740 Ἱεροσόλυμα

374 4759 517 4815 κατὰ
571 4755 875 4816 Ἰουδαίωνο
962 4749 1052 4811 καί
1110 4748 1425 4828 ἐπολιόρκει
1476 4755 1579 4824 τὴν
1636 4749 2022 4827 Ἰερουσαλήμ.

378 4847 485 4905 Καὶ
520 4843 717 4918 συνέϐη
774 4868 828 4902 τι
885 4840 1115 4923 φοϐερὸν
1171 4838 1296 4900 τότε
1343 4842 1606 4918 γενέσθαι.
1667 4838 1865 4900 ’Ῑουδὶθ
1922 4842 2025 4921 γὰρ

374 4934 605 5015 Ἐϐραία
648 4936 1047 5012 ἐμηχανήσατο
1098 4933 1235 4989 κατὰ
1287 4938 1385 4989 τοῦ
1433 4932 1643 5008 Πέρσου
1695 4930 2027 5009 Ὀλοφιρνου

377 5030 773 5103 προσποιητῶς
828 5025 905 5087 ὡς
959 5026 1025 5080 τὸ
1084 5018 1236 5089 ἔθνος
1289 5026 1397 5078 τῶν
1457 5019 1738 5080 Ἰουδαίων
1798 5020 2031 5080 θέλουσα

376 5114 704 5193 προδοῦναι·
760 5114 887 5184 ἥτις
943 5112 1034 5168 καὶ
1090 5110 1413 5189 παρεγένετο
1485 5112 1835 5187 κρυπτομένη
1895 5112 2029 5186 πρὸς

378 5204 739 5286 ὐλοφέρνην,
782 5204 844 5267 ’ὀς
910 5202 1166 5280 ἑωρακὼς
1216 5203 1317 5274 τήν
1374 5201 1672 5280 εὐμορφίαν
1730 5201 1899 5272 αὐτῆς
1954 5201 2030 5264 είς

385 5290 560 5372 ἔρωτα
590 5289 776 5351 ἔπεσεν
808 5294 998 5362 αὐτῆς.
1023 5296 1087 5351 Ἠ
1128 5289 1183 5348 δὶ
1215 5292 1362 5367 Λέγει
1392 5292 1562 5364 αὐτῷ.
1606 5315 1635 5343 ‹‹
1675 5288 1895 5362 Μηδένα
1942 5286 2031 5346 ἑά-

384 5404 482 5458 σῃς
517 5381 744 5438 ἐνταῦθα
771 5379 999 5455 ἔγγιστά
1056 5400 1154 5435 σου
1192 5379 1327 5435 εἶναι
1376 5374 1445 5434 δι’
1492 5376 1614 5453 ἐμὲ.
1674 5376 2033 5455 Ἐπέρχονται

379 5477 487 5548 γάρ
517 5490 635 5546 μοι,
683 5468 976 5544 πορνεῦσαι
1040 5488 1106 5542 με
1160 5464 1518 5543 βουλόμενοι.
1551 5491 1580 5520 »
1635 5468 1737 5524 Καὶ
1793 5467 2032 5532 πεισθεῖς

388 5562 554 5636 μόνος
588 5558 747 5636 διῆγε
806 5561 922 5633 μετ’
972 5557 1162 5627 αὐτῆς.
1209 5560 1369 5634 Τρεῖς
1413 5551 1462 5612 δ’
1513 5556 1627 5613 ἐκεῖ
1678 5558 1815 5628 αὕτη
1863 5573 2035 5633 προσ-

396 5654 777 5727 καρτερήσασα
829 5647 1061 5725 ἡμέρας,
1143 5648 1218 5710 ὡς
1294 5645 1561 5721 καθεύδει,
1620 5647 1888 5723 ἰσχύσασα
1941 5650 2040 5720 τήν

2134 3329 2244 3390 hoc
2276 3329 2473 3399 habet,
2507 3334 2568 3388 in
2599 3329 2729 3405 ipso
2760 3332 2919 3389 bello
2949 3336 3163 3405 Cyrum
3195 3330 3563 3390 occubuisse.

2207 3422 2354 3494 Cyro
2404 3420 2690 3478 successit
2736 3418 2947 3477 Darius
3001 3421 3182 3491 illius,
3233 3423 3423 3495 quiet
3464 3420 3782 3495 Cambyses

2134 3506 2623 3585 cognominatur;
2648 3526 2716 3566 ac
2740 3508 2955 3581 reliqui
2980 3511 3211 3580 ordine,
3239 3511 3391 3568 alius
3414 3513 3514 3568 alii
3529 3512 3779 3579 suffecti,

2133 3614 2383 3674 regnum
2406 3594 2467 3656 in
2491 3599 2764 3673 Assyrios
2795 3605 3135 3657 tenuerunt.
3164 3600 3280 3656 Hoc
3306 3601 3478 3657 Dario
3497 3606 3779 3674 regnante

2134 3688 2291 3761 apud
2322 3690 2552 3744 Grmcos
2582 3687 3027 3744 Anaximander
3058 3689 3508 3762 philosophatus
3540 3697 3647 3759 est,
3680 3692 3779 3763 qui

2134 3776 2491 3850 mquinoctia
2511 3792 2578 3833 ac
2592 3772 2847 3832 solstitia
2878 3779 3168 3849 exposuit.
3192 3780 3342 3844 Quin
3365 3781 3543 3835 etiam
3566 3781 3781 3852 Pytha-

2134 3882 2307 3941 goras
2340 3865 2782 3923 arithmeticam
2807 3868 3181 3939 conscripsit,
3214 3872 3535 3938 auctorque
3567 3871 3781 3924 Grzccis

2134 3954 2248 4012 fuit
2277 3952 2578 4027 opinionis
2623 3954 2693 4009 de
2723 3954 3036 4027 principiis
3066 3956 3450 4027 incorporeis.
3484 3954 3646 4011 Idem
3678 3970 3781 4011 rex

2134 4044 2207 4102 ab
2229 4038 2596 4117 Ethiopibus
2627 4039 2788 4100 bello
2812 4043 3116 4117 impetitus
3137 4044 3507 4116 graviterque
3538 4050 3780 4102 vexatus

2136 4140 2244 4190 est.
2266 4133 2430 4199 Quod
2454 4145 2590 4188 cum
2614 4126 3369 4189 animadvertissentludmi
3397 4134 3495 4205 qui
3516 4135 3576 4189 in
3593 4132 3781 4191 Media

2135 4219 2483 4279 habitabant
2508 4216 2741 4293 captivi,
2768 4236 3022 4293 quorum
3054 4223 3261 4294 ingens
3281 4228 3407 4279 erat
3436 4218 3778 4292 multitudo,

2136 4328 2203 4368 eo
2226 4311 2458 4367 deserto
2482 4306 2888 4383 Hierosolyma
2918 4318 3373 4384 occupaverunt.
3397 4308 3607 4368 Darius
3650 4307 3780 4385 Cyri

2134 4398 2236 4456 ubi
2269 4417 2339 4456 ea
2368 4396 2440 4455 de
2470 4412 2534 4455 re
2565 4399 2781 4456 certior
2814 4396 3007 4455 factus
3059 4402 3166 4471 est,
3218 4402 3615 4474 Olophernem
3647 4416 3782 4458 cum

2136 4490 2357 4547 mahno
2389 4486 2901 4545 exercitucontra
2949 4487 3419 4562 Hierosolymam
3468 4497 3526 4547 et
3552 4492 3784 4547 Judmos

2137 4579 2320 4647 misit,
2349 4584 2525 4650 atque
2558 4578 2608 4635 is
2639 4576 3107 4650 Hierosolymam
3130 4576 3379 4636 obsedit.
3405 4582 3484 4637 Eo
3517 4586 3780 4653 tempore

2138 4666 2402 4725 terribile
2420 4669 2652 4725 facinus
2674 4670 2763 4723 est
2782 4667 3023 4725 factum.
3056 4668 3292 4726 Juditha
3315 4672 3472 4725 enim
3496 4670 3782 4726 Hebraica

2134 4757 2373 4829 mulier,
2397 4752 2647 4813 insidias
2665 4752 2988 4830 Olopherni
3012 4754 3261 4814 tendens
3281 4758 3494 4827 Persw,
3530 4756 3681 4812 clam
3706 4752 3779 4811 ad

2135 4864 2271 4906 eum
2302 4864 2365 4904 se
2387 4844 2661 4914 contulit,
2686 4846 2974 4903 simulans
3007 4862 3069 4904 se
3088 4846 3595 4919 gentemJudmam
3628 4844 3775 4900 velle

2136 4938 2410 5012 prodere.
2468 4936 2762 4993 Barbarus
2837 4936 3282 5008 pulchritudine
3359 4936 3485 5005 ejus
3547 4940 3773 5006 captus,

2138 5044 2339 5085 amore
2372 5027 2570 5082 statim
2601 5031 2910 5097 correptus
2940 5031 3048 5080 est.
3082 5027 3155 5080 At
3192 5041 3328 5079 vero
3372 5023 3612 5079 Juditha
3641 5039 3776 5078 eum

2139 5132 2383 5174 monere
2413 5128 2488 5171 ne
2518 5130 2697 5187 quem
2728 5130 2970 5169 suorum
3002 5115 3156 5170 244
3200 5113 3357 5167 circa
3392 5128 3455 5167 se
3500 5112 3775 5168 haberet:

2141 5222 2204 5263 se
2236 5207 2395 5262 enim
2446 5205 2517 5260 ab
2550 5205 2623 5259 iis
2672 5203 2743 5258 de
2791 5206 2995 5275 stupro
3053 5196 3361 5274 appellari.
3414 5200 3779 5273 010phernes

2143 5292 2321 5353 fidem
2353 5293 2584 5351 mulieri
2626 5292 2917 5349 adhibens
2958 5290 3119 5347 solus
3177 5307 3312 5346 cum
3345 5307 3413 5347 ea
3443 5292 3602 5347 vixit.
3650 5293 3783 5363 Ipsa

2143 5384 2338 5441 triduo
2361 5383 2443 5439 ita
2465 5382 2734 5445 tolerata,
2754 5386 2933 5436 noctu
2956 5386 3127 5452 capta
3146 5381 3457 5437 occasione
3489 5381 3784 5437 dormien—

2142 5475 2221 5529 tis
2250 5476 2427 5543 caput
2462 5469 2829 5542 amputavit;
2862 5485 2931 5524 ac
2979 5485 3142 5523 more
3201 5485 3306 5524 suo
3354 5486 3461 5541 per
3489 5471 3783 5543 portulam

2146 5574 2380 5636 egressa
2418 5573 2535 5632 qua
2581 5557 2657 5614 ad
2686 5558 2882 5631 ipsum
2914 5558 3318 5627 ventitaverat,
3376 5560 3785 5632 Hierosolyma

2146 5655 2324 5724 caput
2345 5650 2474 5722 ejus
2505 5647 2784 5722 portulit:
2818 5664 2956 5704 nam
2987 5647 3285 5720 portulam
3313 5644 3566 5706 Judithaa
3608 5662 3783 5704 causa

3890 6132 4031 6154 _.__
