4188 6196
408 284 529 346 279
1784 274 2097 336 GEORGII
2140 273 2487 338 CEDRENI
3699 273 3820 333 280

410 418 544 474 urbi
570 418 824 474 vicinam
861 416 1150 473 Barbarus
1197 414 1437 470 fecerat.
1486 412 1672 468 Judaei
1704 411 2042 484 Olophernis

2168 405 2413 487 κεφαλὴν
2441 407 2608 466 αὑτοῦ
2636 407 2911 486 ἀφείλετο,
2940 408 3032 464 καὶ
3067 406 3259 470 νυκτὸς
3304 408 3443 465 κατά
3488 407 3551 463 τὸ
3603 405 3817 476 εἶωθὸς,

404 513 584 581 caput
612 513 786 563 conto
817 506 1137 577 impactum
1170 504 1242 558 de
1263 520 1430 558 muro
1451 501 1811 569 extulerunt,
1836 500 1896 556 id
1926 518 2042 557 exe-

2167 492 2238 551 δι’
2272 495 2335 552 οὗ
2365 498 2649 574 ἀπήρχετο
2679 498 2817 573 πρὸς
2865 497 3026 553 αὑτὸν
3076 494 3429 574 παραπυλίου
3478 499 3580 570 (6);
3628 495 3704 559 είς
3751 497 3819 552 τὰ

405 598 548 652 citui
578 596 778 651 hostili
813 593 1216 649 ostendentes.
1256 593 1372 647 Sub
1403 608 1680 649 auroram
1709 593 1902 646 Persa;
1932 591 2042 645 visc

2164 585 2523 662 Ἰεροσόλυμα
2604 586 2921 643 εἰσελθοῦσα
3010 588 3111 656 τήν
3172 584 3415 666 κεφαλήν
3490 585 3659 641 αὑτοῦ
3713 585 3821 641 άπ-

405 685 574 740 ducis
600 684 791 754 capite
824 682 885 736 in
917 686 1093 735 conto
1116 680 1406 735 existante
1438 679 1634 750 fugam
1664 679 1954 745 fecerunt,
1987 694 2042 733 ac

2163 678 2360 752 ἤγαγε·
2393 675 2630 747 πλησίον
2657 677 2761 752 γὰρ
2814 679 2913 731 τοῦ
2962 676 3185 754 τείχους
3241 672 3312 732 δι’
3367 675 3534 744 αότὴν
3580 676 3671 730 τὸν
3723 696 3822 731 πα-

406 773 601 827 soluta
630 769 937 826 obsidione
960 768 1205 824 victoria
1233 785 1419 841 penes
1440 768 1676 823 Iudaeos
1706 767 1837 823 fuit.

2163 763 2418 821 πυλεῶνα
2474 764 2641 820 αὑτοῦ
2698 762 2912 835 ἔστησε.
2973 761 3243 827 Λαϐόντες
3298 765 3387 819 οὖν
3442 764 3495 820 οἱ
3551 762 3812 821 Ἰουδαῖοι

400 860 527 934 παρ’
584 855 755 925 αὐτῆς
816 856 915 924 τὴν
968 855 1212 931 κεφαλὴν
1270 859 1367 911 τοῦ
1409 853 1743 933 Ὀλοφὲρνου
1802 853 1879 917 εἷς
1935 854 2122 909 κοντὸν
2178 852 2288 909 ἄνω
2344 858 2442 910 τοῦ
2494 852 2716 933 τείχους
2775 850 3002 927 ἔπηξαν,
3061 850 3452 915 ἐπιδιικνόντες
3514 853 3685 921 αὑτὴν
3738 857 3819 925 τῷ

400 949 611 1021 στρατῷ
671 943 857 1003 αὑτοῦ.
917 942 1133 1019 Πρωίας
1190 942 1247 999 δὲ
1301 944 1601 1019 γενομένης
1653 944 1954 1019 ἑωρακότες
2006 945 2104 1013 τὴν
2165 940 2409 1021 κεφαλήν
2464 942 2796 1019 Ὀλοφέρνου
2854 947 3227 1007 κοντευθεῖσαν
3307 936 3506 1020 ἔφυγον
3560 938 3814 1005 ἅπαντες³

397 1036 491 1091 καὶ
522 1032 750 1105 διελύθη
786 1034 814 1089 ὁ
844 1032 1116 1107 πόλεμος,
1147 1032 1237 1088 καὶ
1265 1027 1464 1089 ἔλαϐον
1495 1033 1594 1101 τὴν
1626 1032 1780 1103 νίκην
1815 1032 1867 1087 οἱ
1892 1028 2150 1090 Ἰουδαῖοι
2190 1032 2328 1088 κατὰ
2357 1037 2463 1088 τῶν
2497 1037 2739 1110 Περσῶν.

475 1127 618 1180 Post
664 1125 906 1179 Darium
963 1127 1316 1179 Artaxerxes
1375 1139 1623 1195 regnum
1677 1122 1739 1177 in
1784 1122 2042 1194 Assyrios

2241 1121 2392 1178 Μετὰ
2451 1118 2508 1176 δὲ
2558 1126 2781 1195 Δαρεῖον
2835 1114 3181 1176 ἐϐασίλευσεν
3248 1118 3549 1195 Ἀσσυρίων
3626 1120 3816 1195 Ἀρτα-

404 1215 616 1270 tenuit.
661 1213 900 1268 Exstitit
929 1219 1069 1268 tunc
1126 1212 1397 1268 Neemias
1452 1211 1711 1276 Judmus,
1767 1227 1803 1267 a
1839 1209 2042 1267 Davidc

2167 1208 2376 1284 ξέρξης.
2436 1210 2538 1266 Καὶ
2592 1210 2829 1283 Νεεμίας
2906 1204 3138 1271 Ἰουδαῖς
3217 1207 3277 1264 έκ
3353 1212 3451 1264 τοὺ
3507 1208 3815 1284 σπέρματος

402 1321 587 1377 genus
620 1313 869 1358 ducens.
902 1302 1006 1357 Hic
1056 1318 1277 1374 regem,
1330 1318 1507 1372 quem
1539 1301 1651 1371 ipsi
1683 1299 1866 1356 libere
1896 1318 2042 1357 com-

2168 1292 2359 1368 Δαϐἶδ,
2392 1298 2451 1360 ες
2491 1297 2796 1375 παρῥησίαν
2854 1293 3001 1372 ἔχων
3056 1298 3192 1372 πρὸς
3252 1294 3413 1351 αὑτὸν
3460 1296 3673 1372 (ἠγάπα
3710 1296 3815 1372 γὰρ

404 1392 628 1465 pellare
678 1391 918 1461 licebat,
978 1407 1114 1445 cum
1170 1389 1411 1462 quidem
1470 1389 1542 1444 ab
1602 1406 1670 1445 eo
1709 1389 2042 1461 diligeretui

2165 1387 2348 1458 αὑτὸν,
2376 1388 2460 1443 ὅτι
2489 1388 2579 1442 καὶ
2612 1388 2790 1464 ἀρχὴν
2819 1386 3099 1462 εὐνούχων
3130 1386 3289 1440 οὗτος
3324 1384 3622 1458 ἐποίησεν),
3655 1382 3820 1440 ἐδυσ-

402 1486 580 1552 atque
625 1480 804 1535 etiam
850 1478 1142 1534 eunuehis
1175 1483 1330 1535 esset
1376 1480 1713 1551 prmfectus,
1770 1478 2042 1551 permovi‘

2167 1477 2387 1547 ώπησεν
2432 1476 2611 1533 αὑτόν·
2670 1476 2760 1532 καὶ
2811 1472 3001 1531 λαϐὼν
3054 1477 3318 1553 χρήματα
3374 1472 3560 1530 πολλὰ
3610 1470 3816 1529 ἔπεισεν

402 1588 471 1627 eo
503 1576 569 1625 ut
599 1585 874 1640 magnam
914 1568 1231 1640 pecuniam
1261 1567 1336 1623 ad
1386 1567 1930 1638 Hierosolymorum
1962 1567 2042 1623 in-

2164 1564 2326 1621 αὑτὸν
2357 1563 2610 1630 ἀπελθεῖν
2647 1565 2737 1621 καὶ
2795 1564 2972 1620 κτίσαι
3028 1566 3127 1635 τὴν
3189 1560 3556 1638 Ἰερουσαλὴμ
3610 1564 3820 1640 πορθη-

406 1658 838 1714 staurationem
895 1657 1233 1729 largiretur,
1266 1657 1582 1729 ipsumque
1629 1657 1705 1712 ad
1762 1672 1888 1711 eam
1915 1674 2055 1726 .rem

402 1744 832 1802 conficiendam
860 1745 1208 1801 dimitteret.
1240 1746 1437 1801 Primo
1488 1750 1620 1801 tum
1652 1746 1891 1801 fuerant
1922 1746 2056 1800 Hie-

2167 1659 2364 1718 θεῖσαν*
2414 1655 2607 1729 πρώτη
2664 1653 2768 1731 γάρ
2829 1654 2963 1725 αὕτη
3023 1659 3123 1723 τῆς
3178 1651 3547 1727 Ἰερουσαλὴμ
3601 1647 3815 1715 ἅλωσις

2162 1744 2230 1813 ἦν
2262 1742 2477 1798 καὶτοῦ
2506 1744 2655 1818 ἱεροῦ
2712 1743 3081 1821 καταστροφή.
3138 1742 3201 1798 Ὀ
3264 1736 3322 1796 δὲ
3375 1740 3612 1815 Νεεμίας
3669 1741 3815 1796 ἁπο-

404 1835 704 1909 rosolyma
750 1835 947 1890 diruta
987 1834 1397 1906 templumque
1446 1851 1737 1890 eversum.
1788 1837 1869 1889 Ac
1912 1835 2042 1890 urb:

2164 1830 2349 1895 λυθείς
2377 1831 2543 1901 ἦλθεν
2575 1830 2650 1895 εἷς
2709 1829 3072 1907 Ἰερουσαλὴμ
3126 1829 3216 1885 καὶ
3275 1829 3557 1905 ἆνὴγειρεν
3622 1829 3813 1901 αὑτῆνο

408 1926 679 1983 desolata
701 1926 977 1998 jacuerat
1018 1942 1211 1980 annos
1234 1926 1363 1998 jam
1408 1929 1496 1981 70.
1529 1926 1799 1983 Neemias
1855 1931 2053 1982 autem

409 2014 691 2069 dtmissus
719 2030 850 2069 eam
881 2014 1248 2069 instauravit.
1284 2014 1448 2069 Idem
1476 2016 1849 2080 Artaxerxes,
1882 2015 2056 2070 insti-

404 2102 679 2175 gantibus
729 2101 1087 2173 quibusdam
1144 2102 1521 2171 consiliariis,
1569 2103 1832 2175 reliquos
1875 2104 2053 2159 etiam

398 2191 631 2246 Iudaeos
680 2190 949 2257 dimisit;
1003 2207 1071 2247 ac
1102 2192 1203 2262 qui
1236 2192 1568 2259 voluerunt,
1601 2192 1643 2247 ii
1691 2193 1839 2248 duce
1871 2192 2053 2249 Esdra

405 2283 535 2334 vate
561 2279 623 2334 in
653 2280 907 2352 patriam
942 2279 1272 2336 redierunt.
1304 2281 1510 2335 Eidem
1540 2297 1644 2337 rex
1674 2282 1853 2337 etiam
1884 2298 2055 2338 sacra

402 2385 541 2424 vasa
588 2375 648 2424 et
684 2369 869 2424 libros
909 2370 1306 2426 sacerdotales
1358 2372 1507 2429 245
1572 2371 1834 2429 tradidit.
1889 2370 2052 2428 Idem

404 2459 620 2515 Esdras
667 2476 873 2516 eorum
927 2459 1216 2516 librorum
1286 2460 1387 2532 qui
1438 2478 1559 2516 non
1616 2461 1929 2517 exstabant
1982 2478 2053 2518 ex

410 2549 702 2604 memoria
732 2565 840 2605 sua
868 2549 1240 2606 describendi
1272 2550 1503 2622 copiam
1536 2551 1694 2607 fecit.

392 2792 397 2799 ,
481 2732 559 2785 Eo
580 2736 845 2800 tempore
868 2729 929 2785 in
949 2730 1288 2786 Macedonia
1316 2746 1566 2802 regnum
1590 2731 1719 2786 fuit.
1737 2732 1801 2786 Id
1824 2732 2050 2803 primus

412 2819 674 2873 Cranaus
697 2833 887 2872 annos
915 2819 984 2870 '28
1014 2818 1225 2873 tenuit.
1256 2818 1401 2872 Inde
1433 2818 1535 2875 alii
1566 2822 1633 2873 25
1665 2835 1832 2891 reges
1862 2837 2050 2891 usque

405 2905 481 2961 ad
511 2904 850 2976 Philippum
881 2905 1200 2960 Alexandri
1232 2910 1482 2976 patrem.
1516 2908 1698 2962 Erant
1724 2914 1862 2963 tunc
1892 2910 2050 2963 Grai-

403 3010 608 3050 corum
627 2994 898 3050 doctores
920 3000 1095 3065 atque
1120 3000 1310 3066 poetze
1329 2995 1670 3066 Sophocles,
1696 2997 2046 3066 Heraclitus,

402 3084 735 3155 Euripides,
795 3082 1143 3139 Herodotus.
1197 3085 1466 3140 Socrates
1525 3091 1583 3139 et
1637 3102 1888 3158 magnus
1937 3086 2047 3143 iste

402 3172 782 3245 Pythagoras.
807 3174 881 3227 Et
897 3178 1025 3229 erat
1046 3171 1347 3239 Ilercules,
1368 3190 1547 3244 supra
1567 3177 2047 3232 commomoratis

2165 1915 2340 1976 ἔκειτο
2370 1922 2474 1997 γὰρ
2506 1915 2714 1995 ἔρημδς
2755 1914 2848 1991 ἔτη
2899 1920 2963 1979 ο“.
3009 1920 3073 1977 Ὀ
3120 1915 3178 1973 δὲ
3242 1916 3403 1982 αὐτὸς
3458 1918 3815 1996 Ἀρταξέρξης

2164 2008 2535 2083 παρακληθεὶς
2588 2010 2691 2065 ὑπό
2746 2029 2908 2066 τινων
2961 2011 3068 2063 τῶν
3123 2009 3225 2078 τῆς
3282 2004 3597 2083 σῦγκλήτου
3648 2006 3814 2063 αὑτοῦ

2161 2098 2408 2162 καὶτοὺς
2452 2098 2791 2160 ὑπολοίπους
2842 2094 3139 2159 Ἰουδαίους
3190 2095 3445 2156 ἀπέλυσε.
3495 2096 3600 2154 Καὶ
3644 2096 3702 2160 ὅς
3752 2098 3811 2152 ἅν

2164 2184 2441 2259 ἐϐουλήθη
2472 2189 2597 2245 τότε
2626 2187 2863 2244 ἀνελθεῖν
2892 2186 2969 2250 είς
3024 2187 3126 2257 τὴν
3184 2185 3567 2263 Ἰερουσαλήμ,
3610 2184 3816 2257 ἀνῆλθε

2166 2278 2302 2352 μετᾶ
2352 2275 2559 2355 Ἕσδρα
2613 2282 2711 2335 τοῦ
2764 2280 3053 2355 προφήτου
3111 2276 3201 2332 καὶ
3267 2276 3607 2350 ἡγουμένου,
3661 2278 3812 2349 ᾧτινι

2161 2368 2253 2424 καὶ
2283 2368 2349 2423 τὰ
2379 2368 2622 2444 ἱερατικά
2668 2368 2832 2439 σκεύη
2893 2367 3108 2422 ἀνέθετο
3165 2365 3256 2420 καὶ
3309 2365 3406 2428 τὰς
3462 2360 3692 2441 βίϐλους
3719 2369 3817 2429 τὰς

2161 2458 2436 2534 ἱερατικὰς
2466 2460 2562 2520 τὰς
2605 2456 2932 2532 εὑρεθείσας.
2990 2457 3047 2512 Ὀ
3094 2452 3153 2512 Si
3208 2454 3368 2517 αὐτὸς
3422 2451 3656 2530 Ἔσδρας
3711 2460 3822 2510 τῶν

2167 2547 2245 2620 μή
2277 2547 2599 2625 εὑρεθέντων
2657 2542 2892 2623 βιϐλίων
2951 2544 3004 2617 ἐξ
3056 2545 3415 2618 ὑπομνήσεως
3458 2542 3628 2599 αὐτοῦ
3676 2545 3815 2623 γρά-

2160 2648 2347 2715 φεσθαι
2380 2636 2606 2708 ἐποίησε
2634 2637 2736 2706 τὴν
2765 2635 3018 2708 δύναμιντ

2227 2727 2320 2783 Ἐν
2354 2723 2411 2782 δὶ
2438 2732 2554 2789 τοῖς
2585 2726 2811 2802 χρόνοις
2840 2724 3055 2786 τούτοις
3087 2718 3427 2780 ἐϐασίλευσεν
3473 2724 3508 2794 ἡ
3561 2719 3812 2779 Μακεδο-

2158 2813 2244 2868 νία
2276 2817 2455 2892 χώρα,
2498 2814 2553 2870 ἐν
2582 2814 2618 2890 ᾖ
2648 2819 2864 2890 πρῶτος
2905 2808 3220 2868 ἐϐασίλευσε
3268 2811 3515 2889 Κραναὸς
3559 2809 3653 2883 ἔτη
3697 2812 3807 2883 κη’,

2154 2906 2245 2959 καὶ
2278 2904 2467 2960 λοιποὶ
2496 2903 2658 2960 ἄλλοι
2692 2903 2938 2980 βασιλεῖς
2968 2906 3050 2969 κς⁸
3077 2901 3183 2969 ’ἑως
3214 2900 3500 2959 Φιλίππου
3550 2906 3649 2957 τοῦ
3701 2923 3808 2957 πα-

2150 2995 2279 3068 τρὸς
2310 2990 2683 3069 Ἀλεξάνδροὺ.
2708 2995 2880 3051 Ἦσαν
2919 2990 2978 3048 δὲ
3032 2992 3153 3048 τότε
3200 2989 3486 3062 Ἐλλήνων
3542 2986 3807 3046 διδάσκα-

2159 3080 2251 3139 λοι
2280 3084 2369 3138 καὶ
2408 3083 2634 3154 ποιηταὶ
2685 3081 3000 3158 Σοφοκλῆς,
3047 3080 3426 3158 ⁹Ηράκλειτος,
3477 3077 3804 3156 Εὐριπίδης,

2153 3170 2467 3246 Ἡρόδοτος,
2514 3173 2834 3247 Σωκράτης,
2882 3173 2973 3228 καὶ
3018 3173 3045 3228 ὁ
3095 3172 3262 3247 μέγας
3309 3170 3647 3245 Πυθαγόρας.
3705 3172 3802 3226 Ἦν

404 3263 777 3335 temporibus
808 3268 982 3318 natus
1041 3262 1102 3317 in
1138 3263 1275 3317 Lato
1324 3262 1677 3329 Thebarum,
1727 3270 2042 3337 prognatus

2164 3259 2221 3317 δὲ
2251 3263 2280 3317 ὁ
2308 3260 2589 3335 Ἡρακλῆς
2618 3263 2899 3334 γεννηθεὶς
2955 3260 3007 3317 έν
3056 3266 3174 3324 τοῖς
3214 3258 3467 3337 ἀνωτέρω
3544 3279 3810 3334 προειρη-

406 3351 692 3407 Alcmena
730 3357 788 3405 et
820 3351 957 3405 Pico
1014 3351 1169 3405 Jove.
1204 3352 1258 3406 Is
1310 3350 1593 3407 Hercules
1654 3352 1716 3406 in
1767 3352 2051 3425 Hispania

406 3439 713 3504 educatus,
740 3454 875 3493 cum
905 3438 1095 3492 virilis
1127 3444 1302 3507 esset,
1336 3456 1405 3495 ex
1437 3440 1719 3513 Hispania
1744 3442 2049 3515 profugus,

403 3532 546 3582 tunc
588 3527 650 3581 in
697 3526 927 3581 Italiam
976 3526 1155 3596 venit,
1214 3527 1275 3582 in
1316 3544 1503 3600 eaque
1555 3544 1802 3602 regnum
1860 3547 2050 3587 annos

405 3617 473 3670 38
506 3616 714 3671 tenuit.
745 3616 799 3670 Is
828 3616 1055 3687 accepit
1103 3632 1309 3671 uxrem
1359 3617 1626 3688 Lytham,
1657 3617 1840 3673 Aletai
1894 3620 2049 3693 regis

408 3704 614 3760 tiliam.
648 3706 849 3776 Itaque
881 3705 934 3760 ei
964 3704 1096 3759 Itali
1145 3721 1314 3778 reges
1361 3706 1433 3761 ab
1466 3706 1593 3778 ipso
1624 3709 1915 3779 procreati
1947 3726 2049 3765 co-

400 3794 642 3850 lumnas
674 3810 745 3850 ex
766 3810 910 3850 auro
941 3793 1148 3849 ductas
1176 3800 1529 3865 posuerunt,
1558 3812 1689 3867 quas
1721 3797 2045 3854 etiamnum

399 3889 580 3941 stant.
624 3885 766 3939 Post
794 3884 989 3956 ipsum
1031 3882 1210 3939 Italiae
1240 3900 1490 3956 regnum
1538 3886 1726 3941 tenuit
1756 3887 1942 3959 ipsius
1975 3904 2045 3942 ex

392 3976 559 4046 Auga
597 3973 759 4029 Illius
790 3972 1124 4044 Telephus;
1157 3973 1210 4027 ei
1237 3978 1371 4045 post
1419 3973 1578 4029 hune
1614 3975 1855 4031 Latinus
1887 3976 2043 4032 ﬁlius

393 4079 583 4119 annos
615 4064 704 4129 18,
736 4063 837 4133 qui
867 4061 1102 4117 Ctetzeis
1138 4078 1359 4117 nomen
1397 4062 1739 4119 Latinorum
1769 4064 1929 4121 fecit.

2163 3355 2343 3425 μένοις
2376 3350 2624 3430 χρόνοις,
2666 3350 2718 3407 ἐν
2744 3353 2815 3425 τῇ
2864 3351 3026 3424 Λάτῳ
3062 3352 3164 3415 τῆς
3213 3343 3424 3420 Θήϐης,
3468 3346 3528 3403 έκ
3571 3351 3670 3402 τοῦ
3710 3347 3805 3423 γέ-

2158 3461 2283 3503 νους
2309 3447 2412 3510 τῆς
2449 3436 2774 3513 ’Δλκμῆνης
2836 3440 3098 3516 ὑπάρχων
3144 3437 3236 3493 καὶ
3286 3440 3386 3493 τοῦ
3428 3436 3602 3493 Ιιίκου
3656 3434 3802 3499 Διός·

2157 3529 2217 3593 ’ὸς
2259 3529 2525 3606 ἀνετράφη
2559 3528 2611 3584 ἐν
2635 3532 2705 3603 τῇ
2732 3528 2972 3600 Ἰσπανίᾳ
3016 3528 3198 3605 χώρᾳ,
3250 3526 3343 3581 καὶ
3408 3522 3658 3599 ἀνδρεῖος
3712 3546 3804 3599 γε·

2156 3618 2382 3693 νόμενος
2406 3621 2470 3690 ἧν
2500 3620 2625 3677 τότε
2676 3619 2784 3675 άπὸ
2821 3624 2929 3674 τῶν
2977 3619 3235 3676 ἰσπανῶν
3286 3614 3376 3672 ἐπὶ
3419 3618 3519 3686 τήν
3565 3614 3801 3672 Ἰταλίαν

2156 3708 2363 3788 φυγὼν,
2393 3709 2484 3765 καὶ
2517 3703 2866 3788 ἐϐαφίλευσεν
2921 3709 3008 3782 [Ρ.
3060 3708 3183 3781 140]
3236 3705 3289 3762 έν
3340 3705 3477 3780 αὑτῇ
3534 3703 3626 3775 ἔτη
3688 3703 3799 3776 λη’.

2155 3802 2341 3860 Ὅστις
2371 3793 2531 3855 ἔλαϐε
2562 3803 2794 3873 γυναῖκα
2822 3798 2924 3866 τήν
2966 3791 3184 3867 Λὺτϐην
3231 3796 3331 3865 τήν
3388 3793 3648 3853 Ἀτλέτου
3699 3794 3799 3870 βαρ

2155 3886 2351 3950 σιλέως
2382 3886 2661 3963 θυγατέρα·
2696 3886 2816 3951 ὅθεν
2876 3885 2965 3941 καὶ
3026 3885 3233 3956 στήλας
3290 3883 3438 3957 αὖτῷ
3494 3902 3802 3962 χρυσοσνυ·

2153 3979 2353 4051 primo:
2394 3977 2687 4048 ἀνέστησαν
2721 3976 2773 4031 οἱ
2805 3974 3006 4033 Ἰταλοὶ
3068 3972 3312 4049 βασιλεῖς
3352 3971 3449 4029 εἴτ’
3497 3973 3592 4028 οὐν
3639 3973 3802 4047 ῥῆγες

2152 4065 2211 4122 έκ
2237 4071 2336 4122 τοὺ
2365 4066 2553 4143 γένους
2581 4065 2771 4135 αὑτοῦ,
2804 4066 3004 4125 αἳτινες
3038 4061 3236 4134 στῆλαι
3293 4063 3462 4139 μέχρι
3508 4065 3605 4117 τοῦ
3656 4081 3797 4135 παρ-

391 4151 545 4212 όντος
573 4150 838 4204 ἳστανται.
873 4151 991 4218 Τῆς
1024 4146 1081 4203 δὶ
1114 4147 1345 4213 Ἰταλίας
1374 4144 1717 4205 ἐϐασίλευσεν
1777 4153 1805 4207 ὁ
1844 4154 1961 4216 υἱὸς
2016 4154 2188 4209 αὐτοῦ
2248 4155 2356 4210 ἀπὸ
2406 4162 2508 4224 τῆς
2559 4152 2770 4228 Δύγῆς,
2826 4151 3090 4237 Τελέφος,
3145 4153 3233 4207 καὶ
3298 4152 3413 4225 μετ’
3460 4150 3618 4206 αὑτὸν
3678 4150 3797 4211 υἱὸς

386 4240 553 4295 αὑτοῦ
581 4243 808 4298 Λατῖνος
836 4239 932 4307 ἓτη
971 4238 1061 4307 ιη’,
1086 4238 1143 4299 ὅς
1170 4237 1301 4300 τοὺς
1335 4238 1635 4313 Κτῃταίους
1666 4243 1743 4314 (7)
1777 4241 2099 4316 ἐπωνόμασε
2126 4243 2409 4307 Λατίνους.

458 4331 538 4384 Eo
570 4332 877 4401 regnante,
937 4330 1148 4382 Aiueas
1195 4328 1471 4384 Anchism
1530 4330 1690 4387 ﬁlius
1722 4333 1918 4406 Phryx
1962 4334 2035 4390 ab

2215 4334 2350 4390 Τότε
2404 4334 2627 4396 Δῖνείας
2665 4334 2821 4390 ὁτοῦ
2873 4331 3163 4410 Ἀγχίσου,
3208 4332 3236 4386 ὁ
3285 4332 3453 4406 Φρὺξ,
3503 4349 3683 4408 φεγων
3736 4327 3797 4384 ἐκ

388 4416 616 4473 excidio
646 4415 834 4487 Trojaa
862 4416 1094 4488 fugiens
1126 4417 1186 4471 in
1210 4416 1408 4473 Africa
1438 4420 1706 4489 pervenit
1735 4421 1809 4477 ad
1850 4422 2033 4479 Dido-

387 4523 528 4563 nem
560 4505 926 4561 thnissam
957 4504 1296 4573 mulierem,
1330 4524 1461 4579 qua)
1494 4513 1554 4563 et
1595 4509 1750 4566 Elisa
1772 4512 2029 4580 dicitur;

389 4595 593 4667 ibique
610 4611 746 4650 cum
775 4593 1127 4666 aliquandiu
1145 4601 1734 4669 essetcommoratus,
1757 4601 1830 4658 ab
1859 4602 2034 4658 Iarba

384 4702 522 4758 rege
558 4684 772 4740 Africm
824 4683 937 4739 sibi
993 4689 1290 4753 metuens,
1341 4686 1495 4743 clam
1553 4688 1760 4746 relicta
1805 4690 2032 4748 Didone

380 4773 629 4848 aufugit.
665 4773 798 4830 Erat
844 4772 988 4828 Dido
1040 4772 1293 4830 oriunda
1340 4776 1674 4844 Charticha,
1718 4780 1930 4853 exigua
1976 4786 2035 4837 et

2140 4429 2241 4490 τῆς
2272 4424 2593 4497 πορθήσεως
2623 4428 2723 4492 τῆς
2754 4420 2926 4478 Ἰλίου
2952 4418 3189 4491 ἀνῆλθεν
3231 4419 3282 4474 ἔν
3312 4422 3381 4493 τῇ
3431 4414 3609 4494 Λιϐύῃ
3658 4418 3797 4493 πρὸς

2141 4513 2241 4581 τήν
2271 4510 2560 4566 Φοίνισσαν
2609 4508 2774 4581 Διδὼ,
2830 4511 2929 4581 τήν
2975 4508 3064 4566 καὶ
3122 4508 3401 4565 Ἐλισσαν.
3466 4506 3570 4565 Καὶ
3618 4503 3792 4562 ἓνδια-

2138 4602 2335 4675 τρίψας
2363 4598 2494 4670 ἐκεῖ,
2546 4597 2723 4678 λάθρα
2765 4598 2925 4665 ἐάσας
2970 4597 3162 4669 αὐτὴν,
3207 4592 3470 4677 φοϐηθείς
3514 4596 3606 4652 τὸν
3649 4596 3792 4669 Ἰάρ-

2142 4685 2239 4745 ϐαν
2277 4688 2505 4766 βασιλέα
2532 4696 2632 4760 τῆς
2690 4690 2957 4769 ’Λφρικῆς
3012 4683 3227 4767 ἔφυγεν.
3287 4688 3390 4742 Ἧν
3447 4683 3504 4741 δί
3558 4688 3594 4756 ἡ
3647 4682 3790 4741 Διδὼ

2142 4778 2202 4835 ἐκ
2232 4785 2428 4856 μικρᾶς
2459 4777 2678 4842 πόλεως
2709 4779 3011 4853 Χατρικῆς,
3054 4782 3155 4846 τῆς
3196 4775 3462 4846 Φοινίκης
3515 4772 3788 4849 παραλίας

1586 4903 1950 4961 XYLANDRI
1986 4907 2073 4961 ET
2111 4906 2325 4963 GOABI
2355 4906 2577 4962 NOTAS.

586 4997 1013 5076 ΙΙμραπιρλεῶνᾳ.
1071 4998 1238 5076 Quod
1294 5006 1460 5076 an_t_e_
1495 5001 1861 5076 παραπὺλιον.
1922 5005 2027 5059 Po-

385 5068 581 5143 lybius
615 5068 917 5143 ῥινοπύλην
941 5070 1021 5143 γὰο
1040 5071 1223 5143 simili
1249 5087 1314 5125 re
1343 5068 1835 5143 dixisse'videtur.
1867 5076 2028 5131 Nihil

386 5141 816 5217 v’oluimutare
874 5142 1097 5217 alioqui
1144 5141 1239 5217 τὸν
1298 5141 1698 5217 παραπολεῶνα
1741 5144 1906 5201 αὐτοῦ
1936 5147 2029 5203 vel

384 5213 747 5284 papilionem
788 5214 1115 5268 vertissem.
1171 5214 1345 5268 Miror
1379 5213 1590 5272 autem
1644 5217 1716 5273 ab
1754 5218 2027 5284 ,Judithw

380 5291 630 5365 recepta
651 5284 898 5365 historia
925 5284 1148 5365 variare
1196 5292 1469 5365 nostrum
1499 5289 1633 5343 XYL.
1669 5321 1740 5365 —_
1770 5292 2025 5365 Παραπο-

383 5349 541 5434 λίουξ
593 5356 868 5434 Posticum
934 5363 993 5410 et
1032 5357 1377 5434 secretiorem
1434 5366 1657 5429 portam
1727 5349 2027 5418 hac'voce

382 5425 827 5506 percipiendam
859 5433 1168 5506 contextus
1189 5430 1314 5500 ipse
1346 5425 1703 5489 commonet.
1727 5435 2025 5489 Narratio-

384 5497 774 5572 nisiseriem‘a
801 5504 1004 5572 nostra
1035 5497 1326 5555 diversam
1357 5508 1665 5572 prmtereo.
1709 5507 1884 5561 Goxa.

457 5568 534 5641 (7)
566 5567 776 5623 Omnia
806 5568 930 5624 haac
969 5570 1053 5624 ita
1084 5577 1223 5626 sunt
1250 5567 1478 5644 vitiosa,
1526 5582 1589 5631 ut
1618 5577 1678 5631 in
1728 5578 1799 5633 iis
1831 5593 2029 5633 emen-

2150 5005 2363 5061 dandis
2402 5003 2792 5061 metuendum
2824 5004 2901 5059 sit
2926 5020 3000 5059 ne
3023 5002 3221 5058 oleum
3247 4999 3796 5073 operamque,quod

2147 5078 2338 5147 aiunt,
2366 5077 2680 5142 ludamus;
2714 5082 2771 5132 et
2800 5082 3047 5147 possunt
3078 5075 3203 5129 haec
3232 5072 3473 5147 aliunde
3494 5072 3788 5147 conquiri.

2135 5142 2463 5221 Certe'hoc
2511 5148 2740 5221 videtur
2787 5142 3140 5221 significare.
3197 5146 3388 5221 Mysos
3431 5142 3787 5221 in__lt_aliam

2137 5220 2501 5277 transivisse.
2534 5219 2824 5291 Telephus
2845 5216 3037 5274 venim
3071 5216 3552 5291 Mysu‘sjfuitL‘Et
3599 5216 3788 5287 Mysos

3036 5286 3180 5344 ellat
3226 5286 3396 5375 libro‘
3414 5286 3676 5375 ‘Ulysseaf
3706 5301 3783 5375 ιι,

2137 5291 2262 5363 ipse
2297 5293 2583 5374 Homerus
2614 5289 2873 5373 Iiﬁ'tzlou:
2918 5289 3180 5362 appellat
3226 5289 3377 5342 libro
3420 5289 3676 5375 Ulyssem
3706 5301 3759 5339 xl

2138 5364 2209 5434 de
2232 5362 2353 5434 filio
2392 5361 2628 5434 Telephi
2660 5361 3256 5434 Eurypyloloquens.
3298 5354 3511 5434 «opici
3559 5353 3767 5434 8’_apcp

2138 5432 2297 5488 αὑτὸν
2330 5427 2562 5506 έταῖροιί
2595 5427 2839 5502 Κήτειοῖ
2863 5427 3158 5498 κτείνοντο,
3207 5447 3329 5487 non
3372 5427 3786 5487 dissimulante

2138 5507 2315 5562 etiam
2346 5505 2671 5562 EuStathio.
2707 5506 2847 5562 XYL.
