4186 6190
296 361 412 422 281
1429 355 1937 422 HISTORIARUI

2049 350 2570 414 ZOMPENDIUM.
3575 355 3694 415 282

277 493 470 562 οῧσης,
530 490 724 564 μεταξὺ
771 494 879 547 τῶν
939 491 1103 565 ὁρίων
1157 491 1336 566 Τύρου
1382 491 1473 547 καὶ
1506 488 1772 552 Σιδῶνος·
1805 487 1927 558 ἥτις

2049 486 2345 542 maritima
2374 485 2690 540 Phoenicim
2719 485 2889 554 urbe,
2923 501 3054 556 qum
3087 485 3236 541 ﬁnes
3265 486 3396 558 Tyri
3425 502 3493 542 ac
3524 487 3695 544 Sido-

283 579 430 638 Διδὼ
481 581 552 650 ἦν
611 579 1026 651 πλουσιωτάτη,
1085 575 1289 656 ἔχουσα
1341 577 1511 655 ἂνδρα
1569 582 1825 654 Σιχαῖον,
1876 575 1934 630 ὅν

276 671 560 748 ἐφόνευσεν
607 669 658 724 ἒν
713 669 1018 744 κυνηγεσίῳ
1076 671 1105 725 6
1181 667 1416 747 ἀδελφὸς
1497 677 1598 738 τῆς
1657 664 1850 728 Διδοῦς
1907 665 1935 719 6

290 757 649 836 Πυγμαλίων,
722 756 1181 836 διαφθονούμενος
1233 759 1382 832 αὐτῷ
1440 759 1516 820 ὡς
1572 753 1938 828 πολυευπόρῳ

279 852 374 905 καὶ
431 846 688 923 δυνάστῃ.
749 845 1194 910 Καταδιώκοντες
1249 848 1353 924 γὰρ
1397 848 1634 922 σύαγρον
1687 840 1935 922 ἔφιπποι,

276 938 480 1008 ἤλασεν
507 934 569 992 ὲκ
609 941 716 992 τῶν
747 931 984 992 ὄπισθεν.
1023 937 1143 991 κατ’
1173 935 1338 991 αὐτοῦ
1395 936 1455 991 τὸ
1506 932 1635 1008 δόρυ
1686 933 1777 988 καὶ
1835 931 1937 986 ἀπ-

276 1025 498 1098 έκτεινε,
531 1025 621 1082 καὶ
654 1021 839 1082 λαϐὼν
892 1026 958 1080 τὸ
1015 1030 1176 1098 σῶμα
1232 1024 1397 1080 αὐτοῦ
1427 1019 1615 1098 ἔρῥιψε
1644 1022 1779 1077 κατὰ
1836 1025 1937 1076 τοῦ

273 1119 550 1188 κρημνοῦ.
621 1115 722 1172 Καὶ
802 1114 1142 1188 ὑποστρέψας
1227 1115 1347 1168 εἶπε
1416 1118 1536 1174 τοῖς
1595 1109 1939 1185 διαφέρουσιν

275 1203 426 1277 αὗτῷ
454 1204 541 1260 ’ὁτι
571 1201 702 1277 ἐκρη
714 1204 914 1276 μνίσθη
943 1200 1158 1258 διώκων
1216 1203 1309 1258 τὸν
1371 1202 1620 1277 σύαγρον.
1640 1195 1938 1256 Ἐϐούλετο

274 1291 386 1348 δὶὸ
446 1291 606 1354 αύτὸς
656 1291 991 1369 Πυγμαλίων
1046 1290 1139 1346 καὶ
1194 1293 1294 1360 τήν
1353 1287 1491 1345 ἰδίαν
1543 1287 1784 1366 ἀδελφὴν
1826 1285 1938 1342 δια⁹

273 1382 629 1462 χειρίσσσθαι
703 1381 793 1436 καὶ
847 1375 1035 1436 λαϐεῖν
1089 1380 1156 1436 τὰ
1213 1383 1482 1456 χρήματα
1544 1379 1736 1448 αὐτῆςο
1793 1376 1938 1459 ᾖτινξ

272 1469 435 1526 Διδοῖ
463 1469 632 1549 ἐφάνη
668 1471 698 1524 6
727 1470 865 1545 ἀνὴρ
899 1469 1070 1539 αὐτῆς
1132 1474 1368 1547 Σιχαῖος
1425 1467 1476 1523 ἐν
1539 1469 1796 1542 ὁράματι,
1847 1463 1937 1519 καιι

280 1561 434 1615 εἶπεν
465 1559 576 1621 ὅτι,
615 1583 640 1614 α
666 1559 723 1613 Ὀ
755 1553 988 1635 ἀδελφός
1021 1579 1121 1614 σου
1152 1556 1404 1634 ἐφόνευσέ
1433 1579 1519 1631 με,
1553 1580 1583 1608 ››
1615 1553 1786 1625 δείξας
1802 1553 1937 1627 αὐτῇ

269 1648 485 1704 καὶτὸν
525 1646 696 1703 τόπον
724 1648 826 1716 τῆς
853 1645 1110 1720 πληγῆς.
1147 1648 1246 1702 Καὶ
1307 1647 1453 1702 εἶπεν
1511 1644 1672 1719 αὐτῇ,
1709 1667 1734 1697 ιι
1765 1642 1934 1720 Φύγε,

278 1739 360 1812 μὴ
393 1736 484 1792 καὶ
520 1738 578 1792 σὲ
616 1735 882 1816 φονεύσῃ.
917 1761 946 1788 ››
996 1736 1095 1790 Καὶ
1153 1734 1350 1791 λοιπὸν
1410 1738 1446 1804 ἡ
1501 1733 1635 1803 αύτὴ
1666 1730 1810 1788 Διδὼ
1836 1731 1936 1788 λα-

274 1829 450 1882 θοῦσα
479 1827 570 1882 τὸν
629 1823 772 1880 ἴδιον
825 1822 1056 1902 ἀδελφὸν
1114 1819 1410 1880 ἀνελάϐετο
1462 1824 1633 1878 πάντα
1675 1824 1936 1896 χρήματα
1968 1859 2016 1924 Β

279 1916 474 1983 αὑτῆς,
533 1913 622 1968 καὶ
685 1908 899 1986 ἐμϐᾶσα
954 1913 1032 1974 εἷς
1084 1913 1284 1969 πλαῖον
1343 1912 1677 1968 ἀπέπλευσεν
1722 1909 1782 1965 ἐκ
1836 1916 1934 1978 τῆς

274 2004 574 2075 ⁴ινοινίκης,
604 2004 693 2058 καὶ
726 2002 893 2070 ἦλθεν
921 2003 997 2065 εἷς
1028 2004 1126 2072 τήν
1175 1998 1405 2073 Λιϐύην,
1463 2003 1550 2056 καὶ
1609 2001 1781 2070 κτίζει
1836 2001 1935 2068 τήν

277 2092 686 2168 Ῑαρτάγαιναν,
716 2091 840 2161 ἥτις
888 2091 1001 2148 ἐστι
1043 2091 1338 2154 Νεάπολιςο
1371 2093 1458 2146 καὶ
1515 2085 1855 2144 ἐϐασίλευσεν
1883 2086 1937 2141 ἐν

275 2186 444 2260 αὐτῇ,
477 2186 570 2240 καὶ
599 2183 828 2256 τελευτᾷ
859 2184 1157 2261 σωφρόνως
1191 2186 1418 2255 ζήσασα.

343 2280 403 2330 Ὁ
435 2272 496 2330 δὲ
525 2272 810 2348 Διομήδης
864 2275 1114 2350 ὑπῆρχεν
1169 2273 1222 2344 ἐξ
1280 2271 1581 2340 Αἰτωλίας,
1643 2270 1817 2348 φέρων
1873 2269 1938 2324 τὸ

280 2365 442 2440 γένος
503 2362 565 2418 ἐκ
617 2367 717 2417 τοῦ
775 2361 1002 2430 Οἰνέως,
1058 2362 1209 2424 ’ὅστις
1261 2362 1444 2422 Οἰνεὺς
1501 2360 1634 2434 μετὰ
1676 2358 1936 2428 τελευτὴν

279 2447 568 2526 Ἐριϐοίας
621 2451 863 2528 ἠγάγετο
921 2452 1024 2520 τὴν
1079 2449 1352 2520 Ἀλθαίαν,
1419 2448 1470 2520 ἐξ
1525 2450 1592 2518 ἧς
1658 2443 1788 2522 ἔσχε
1843 2450 1934 2502 τὸν

273 2541 595 2616 Μελέαγρον
651 2541 743 2595 καὶ
799 2542 902 2609 τήν
957 2541 1302 2614 Δηΐάνειραν,
1378 2538 1572 2609 ἥντινα
1653 2535 1937 2612 ἡρμόσατο

270 2631 567 2708 Ἀχελῷος
597 2633 626 2686 6
658 2633 777 2694 υίὸς
819 2629 1186 2687 Ποσειδωνίου
1247 2629 1636 2705 συγκλητικοῦ.
1691 2630 1754 2685 Ὀ
1809 2630 1938 2703 γοῦν

271 2723 577 2800 Ἀχελῷος
632 2724 741 2798 πρὸ
797 2726 896 2778 τοῦ
951 2723 1132 2798 γάμου
1190 2719 1398 2801 ἔφθειρε
1461 2721 1560 2789 τήν
1618 2719 1935 2792 Δηϊάνειραν

285 2813 490 2888 λάθρα,
513 2813 602 2868 καὶ
639 2813 773 2884 μετὰ
803 2815 970 2866 ταῦτα
1001 2811 1146 2886 λέγει
1170 2815 1251 2883 τῷ
1291 2811 1442 2868 Οἰνεῖ
1490 2807 1727 2884 βασιλεῖ·
1760 2833 1787 2861 ιι
1825 2809 1940 2866 Οὐκ

283 2899 482 2966 ἄλλως
537 2896 958 2977 παραλαμϐάνω
989 2901 1213 2967 ταύτην,
1268 2901 1317 2955 εἷ
1378 2901 1454 2972 μὴ
1510 2900 1938 2974 παραχωρήσας

284 3016 380 3067 μοι
419 2991 646 3048 διοικεῖν
677 2993 777 3060 τήν
837 2988 1117 3066 βασιλείαν
1149 3011 1265 3046 σου.
1299 3013 1327 3042 »
1363 2990 1418 3044 ’0
1476 2987 1534 3044 δὲ
1564 2988 1664 3044 οὐκ
1692 2988 1932 3058 ἐπείσθη.

269 3085 374 3140 Καὶ
413 3081 612 3137 λοιπὸν
645 3080 736 3134 σὺν
766 3084 847 3152 τῷ
880 3077 1004 3152 ῗδίῳ
1047 3079 1212 3154 πατρὶ
1265 3079 1493 3153 ἀντῆρεν
1523 3079 1552 3132 6
1585 3077 1876 3152 Ἀχελῷος
1907 3079 1934 3132 6

266 3173 383 3233 υἱὸς
429 3167 800 3226 Ποσειδωνίου
854 3173 935 3240 τῷ
991 3167 1148 3226 Οἲνεῖ
1200 3167 1289 3222 καὶ
1355 3165 1696 3241 ἐπολέμησεν
1756 3169 1925 3239 αὐτῷ.

267 3263 368 3316 Καὶ
407 3257 760 3334 ἀναγκασθεὶς
793 3258 820 3312 6
851 3256 1042 3319 Οἰνεὺς
1096 3257 1466 3332 προετρέψατο
1524 3256 1583 3312 ἐκ
1623 3264 1724 3327 τῆς
1757 3256 1928 3318 Φθίας

269 3352 470 3430 χώρας
501 3347 804 3424 στρατηγὸν
849 3353 1091 3424 γενναῖον
1149 3346 1424 3424 Ἡρακλέα
1476 3349 1569 3403 τὸν
1631 3347 1930 3422 λεγόμενον

267 3439 650 3516 Πολύφημον,
685 3438 1075 3511 συνταξάμενος
1107 3434 1296 3492 δοῦναι
1347 3437 1498 3508 αὐτῷ
1525 3437 1625 3506 τήν
1668 3437 1934 3510 θυγατέρα

269 3526 447 3584 αύτοῦ
489 3526 828 3603 Δηϊάνειραν·
881 3527 940 3588 ’ὸς
997 3525 1170 3582 ἐλθὼν
1201 3527 1336 3598 μετά
1390 3531 1490 3594 τῆς
1548 3527 1714 3580 αὑτοῦ
1765 3544 1932 3600 στρα-

273 3625 402 3681 τιᾶς
454 3612 721 3672 συνέϐαλε
772 3615 1018 3689 πόλεμον
1095 3615 1229 3688 μετὰ
1276 3612 1639 3669 Ποσειδωνίου
1697 3615 1785 3668 καὶ
1840 3617 1938 3670 τοῦ

272 3710 400 3763 υἱοῦ
431 3708 604 3762 αὐτοῦ
633 3704 948 3783 Ἀχελῴου,
990 3704 1080 3759 καὶ
1139 3703 1216 3766 εἷς
1253 3703 1352 3772 τήν
1414 3699 1702 3776 συμϐολὴν
1757 3701 1938 3758 ἀνεῖλε

273 3800 420 3876 ξίφει
455 3799 485 3852 6
515 3795 862 3872 Πολύφημος
894 3791 1257 3849 Ποσειδώνιον
1313 3796 1398 3866 [Ρ.
1465 3796 1588 3867 Ml]
1643 3794 1734 3848 τὸν
1775 3795 1939 3868 ’Δχεο

278 3886 435 3958 λῴου
468 3885 696 3958 πατέρα.
735 3884 832 3937 Διὰ
861 3887 1024 3939 τοῦτο
1065 3883 1302 3956 ἐξέθεντο
1360 3885 1416 3938 οἱ
1467 3882 1696 3954 ποιηταὶ
1737 3881 1822 3938 ὅτι
1876 3885 1939 3938 τὸ

279 3976 446 4048 κέρας
501 3977 599 4028 τοῦ
659 3971 950 4050 ’Δχελῴου
1008 3971 1312 4028 ἀπέσπασεν
1363 3973 1391 4026 6
1447 3971 1746 4046 Ἡρακλῆς,
1805 3971 1937 4047 ὅπερ

279 4064 393 4119 ἐστῖ
455 4063 562 4130 τήν
620 4063 889 4135 πατρικὴν
945 4061 1112 4117 αὐτοῦ
1171 4059 1420 4136 δύναμιν.
1498 4063 1788 4136 Ἑωρακὼς
1847 4060 1941 4116 οῦν

279 4154 384 4220 τὴν
420 4155 631 4205 πτῶσιν
656 4153 754 4204 τοῦ
788 4147 928 4204 ἰδίου
958 4151 1162 4225 πατρὸς
1193 4151 1222 4204 ὁ
1266 4147 1549 4223 Ἀχελῷος
1607 4148 1788 4228 φεύγει
1847 4145 1942 4228 ἔφ-

283 4260 476 4302 ιππος·
551 4236 637 4293 διδ
717 4237 808 4293 καί
890 4238 1186 4316 γράφουσιν
1270 4237 1428 4293 αὐτὸν
1488 4237 1942 4313 ἱπποκένταυρον.

279 4327 386 4384 Καί
422 4327 479 4383 ἐν
509 4332 592 4400 τῷ
620 4324 978 4382 καταδιώκειν
1035 4327 1199 4382 αὐτὸν
1254 4327 1346 4382 τὸν
1401 4325 1746 4404 Πολύφημον
1778 4329 1944 4403 Ἠρα-

2043 576 2137 632 nis
2170 576 2323 632 246
2355 575 2689 644 interjace‘t.
2747 575 3146 647 Amplissimis
3207 581 3404 632 autem
3449 576 3698 649 praedita

2044 665 2258 736 opibus
2289 665 2569 720 maritum
2604 664 2861 719 habebat
2891 665 3219 732 Sichaeum;
3255 667 3428 738 cujus
3478 667 3695 724 divitiis

2043 760 2218 825 atque
2252 753 2530 825 potentim
2563 753 2830 808 invidens
2861 754 3210 826 Pygmalion
3242 756 3484 810 Didonis
3511 757 3696 812 frater

2047 859 2182 898 eum
2215 843 2276 898 in
2306 843 2637 909 venatione,
2669 859 2805 898 cum
2833 843 3061 914 equites
3087 860 3218 898 una
3250 861 3458 916 aprum
3489 862 3695 916 perse-

2047 939 2393 1004 querentur,
2439 935 2608 989 hasta
2661 933 2722 988 in
2755 939 2984 1006 tergum
3045 935 3317 1005 conjecta
3373 935 3691 1004 interfecit,

2045 1039 2375 1094 corpusque
2407 1023 2479 1077 de
2509 1021 2836 1094 praacipitio
2862 1022 3206 1088 deturbans,
3225 1024 3468 1098 domum
3500 1041 3692 1080 rever-

2046 1129 2145 1166 sus
2175 1112 2525 1167 necessariis
2583 1112 2712 1183 ejus
2742 1112 2946 1166 retulit
2976 1128 3132 1178 eum,
3189 1113 3329 1168 dum
3361 1131 3568 1185 aprum
3601 1115 3692 1169 in-

2047 1202 2333 1271 sequitur,
2367 1201 2734 1272 prascipitem
2759 1206 2954 1256 actum
2987 1201 3258 1272 periisse.
3291 1203 3445 1266 Quin
3497 1209 3556 1259 et
3594 1221 3692 1258 so-

2045 1289 2194 1343 roris
2227 1306 2346 1343 sum
2378 1289 2508 1343 vita)
2555 1289 2902 1360 Pygmalion
2961 1288 3338 1360 fortunisque
3369 1290 3692 1346 insidiaba-

2045 1383 2161 1436 tur.
2193 1377 2305 1432 Sed
2357 1378 2615 1434 Sichaaus
2641 1378 2810 1433 uxori
2870 1394 2978 1449 per
3007 1379 3372 1434 insomnium
3426 1380 3582 1434 visus
3621 1380 3692 1434 ab
3791 1396 3794 1402 '

2045 1467 2232 1538 ipsius
2287 1467 2468 1522 fratre
2528 1484 2591 1523 se
2647 1472 2924 1523 necatum
2993 1467 3292 1536 indicavit,
3363 1473 3692 1524 monstrato

2045 1558 2225 1612 etiam
2257 1557 2517 1613 vulneris
2548 1564 2699 1625 toco,
2723 1559 3034 1629 ipsamque
3063 1558 3199 1632 fuga
3220 1559 3332 1614 sibi
3356 1560 3688 1628 consulere,

2045 1665 2118 1702 ne
2159 1647 2314 1702 idem
2367 1649 2648 1714 eveniret,
2705 1648 2954 1702 monuit.
3017 1648 3276 1704 Proinde
3334 1649 3480 1705 Dido
3541 1649 3690 1705 clam

2043 1738 2224 1793 fratre
2257 1736 2452 1791 navim
2482 1737 2748 1807 ingressa
2795 1737 3189 1807 omnibusque
3247 1737 3368 1792 suis
3398 1738 3691 1810 impositis

2045 1825 2262 1881 divitiis
2293 1842 2327 1881 a
2357 1826 2656 1881 Phaanicia
2712 1825 2904 1892 solvit,
2955 1826 3135 1896 inque
3185 1826 3443 1882 Africam
3496 1827 3692 1884 delata

2044 1915 2479 1988 Carthaginem,
2514 1932 2644 1987 quae
2677 1922 2766 1969 est
2810 1915 3104 1986 Neapolis,
3159 1915 3442 1983 condidit,
3476 1931 3688 1988 regno-

2045 2021 2158 2076 que
2198 2005 2281 2060 ibi
2312 2005 2515 2060 functa
2545 2009 2602 2061 et
2630 2006 2748 2060 vita
2774 2004 2986 2076 pudice
3018 2011 3220 2060 exacta
3251 2005 3525 2062 decessit.

2116 2277 2428 2333 Diomedes
2479 2294 2654 2350 porro
2706 2277 2925 2332 Asitolus
2982 2277 3113 2345 fuit,
3147 2293 3331 2349 genus
3380 2275 3452 2332 ab
3491 2278 3688 2333 (Eneo

2041 2367 2282 2421 ducens.
2316 2366 2368 2421 ls
2397 2367 2628 2422 (Eneus
2677 2373 2912 2420 mortua
2967 2366 3197 2421 Eribuaa
3223 2366 3514 2421 Althaeam
3573 2366 3686 2422 sibi

2042 2457 2422 2512 matrimonio
2436 2456 2748 2527 copulavit,
2770 2456 3126 2526 sustulitque
3149 2472 3218 2510 ex
3241 2472 3311 2511 ea
3331 2456 3684 2528 Meleagrum

2041 2551 2100 2600 et
2129 2544 2488 2615 Dejaniram.
2526 2547 2684 2600 Hanc
2715 2561 2848 2599 cum
2871 2544 3166 2600 Achelous
3195 2545 3498 2600 Posidonii
3523 2560 3687 2600 sena-

2041 2633 2188 2688 torls
2248 2633 2402 2688 ﬁlius
2459 2631 2892 2704 despondisset,
2953 2638 3089 2686 ante
3157 2633 3396 2703 nuptias
3454 2633 3684 2688 occulte

2039 2722 2282 2786 vitiavit,
2313 2738 2381 2776 ac
2433 2721 2648 2776 deinde
2679 2722 2801 2792 regi
2844 2723 3036 2776 OEneo
3069 2721 3220 2775 dixit
3258 2739 3319 2776 se
3378 2737 3510 2777 eam
3567 2739 3689 2778 non

2042 2811 2159 2866 alia
2184 2811 2524 2866 conditione
2579 2811 2893 2866 ducturum
2935 2827 3113 2880 quam
3144 2809 3256 2865 sibi
3291 2817 3353 2866 ut
3401 2813 3564 2884 regni
3590 2811 3692 2867 ad-

2043 2900 2553 2955 ministrationem
2584 2901 2732 2955 241
2766 2916 2934 2954 socer
2963 2900 3286 2966 concedat;
3333 2917 3400 2956 ac
3444 2902 3687 2958 tandem

2042 3005 2177 3045 cum
2208 2995 2374 3060 patre
2401 3005 2506 3043 suo
2538 2989 2660 3061 regi
2691 2990 2888 3044 OEneo
2935 2989 3220 3046 abnuenti
3277 2990 3500 3048 bellum
3527 2991 3686 3047 fecit.

2041 3078 2404 3134 Necessitate
2456 3077 2698 3133 adactus
2755 3080 2988 3134 ()Eneus
3045 3095 3116 3134 ex
3182 3080 3397 3135 Phthia
3447 3081 3689 3152 regione

2044 3169 2354 3224 Herculem
2385 3173 2777 3240 cognomento
2807 3167 3259 3239 Polyphemum,
3293 3168 3504 3224 ducem
3535 3187 3690 3240 prm-

2042 3259 2289 3322 clarum,
2327 3257 2602 3321 evocavit,
2635 3256 2936 3328 pollicitus
2983 3257 3033 3311 ei
3071 3257 3207 3311 filias
3241 3273 3361 3311 sum
3393 3258 3687 3328 Dejaniraa

2046 3347 2407 3418 conjugium.
2437 3347 2494 3400 Is
2546 3363 2680 3400 cum
2709 3347 2969 3401 exercitu
3027 3363 3132 3400 suo
3165 3348 3408 3403 veniens
3463 3347 3690 3403 bellum

2045 3435 2360 3491 Posidonio
2393 3436 2639 3507 ejusque
2673 3435 2796 3490 filio
2850 3435 3108 3490 Acheloo
3168 3435 3388 3502 intulit,
3449 3436 3692 3492 Posido-

2046 3527 2332 3597 niumque
2361 3526 2423 3580 in
2455 3542 2652 3598 pugna
2679 3525 2874 3599 gladio
2905 3525 3296 3584 obtruncavit.
3330 3529 3471 3584 Inde
3503 3534 3692 3600 poetae

2047 3617 2368 3672 commenti
2391 3622 2532 3671 sunt
2551 3616 2864 3672 Herculem
2894 3617 3134 3672 Acheloi
3153 3635 3376 3673 cornua
3401 3618 3692 3686 avellisse,

2047 3705 2330 3759 nimirum
2353 3705 2606 3775 patriam
2638 3706 2986 3774 potentiam.
3011 3706 3308 3760 Achelous
3330 3708 3515 3778 patris
3547 3723 3691 3762 nece

2049 3799 2366 3865 conspecta
2395 3809 2578 3862 eques
2599 3794 2795 3865 fugam
2842 3794 2982 3848 facit
3011 3794 3167 3864 (ideo
3199 3811 3332 3849 eum
3363 3796 3694 3866 Hippocen-

2052 3891 2286 3941 taurum
2317 3885 2500 3939 fuisse
2534 3885 2845 3954 scribunt),
2879 3885 3305 3956 Herculemque
3338 3886 3446 3940 sibi
3473 3887 3699 3941 instan-

2052 3979 2171 4030 tem
2223 3990 2542 4030 conversus
2596 3975 2808 4045 sagitta
2840 3974 2915 4028 ad
2971 3974 3300 4029 mamillam
3332 3975 3595 4032 sauciat:
3631 3991 3700 4030 ac

2051 4065 2363 4121 confestim
2395 4063 2469 4118 ab
2503 4063 2752 4118 Hercule
2779 4063 3040 4118 vicissim
3089 4064 3300 4136 sagitta
3328 4063 3572 4135 petitus,
3626 4064 3698 4120 ab

2054 4171 2204 4225 equo
2261 4170 2323 4208 se
2355 4155 2417 4208 in
2459 4153 2636 4206 Eveni
2694 4154 2887 4207 amnis
2943 4153 3134 4208 undas
3183 4154 3440 4208 demittit
3495 4153 3697 4226 ibique

2053 4245 2247 4316 perit:
2281 4243 2354 4298 ab
2386 4259 2455 4297 eo
2515 4241 2749 4308 fluvius,
2800 4247 3026 4297 mutato
3075 4244 3340 4308 nomine,
3402 4243 3694 4298 Achelous

2053 4333 2338 4404 appellari
2373 4332 2547 4403 cepit.
2575 4333 2863 4386 Craterum
2895 4332 3174 4386 Hercules
3199 4332 3596 4404 Polyphemus
3628 4349 3699 4387 ex

277 4419 418 4475 κλέα
477 4418 829 4496 ἐπιστραφείς
886 4418 1092 4490 τοξεύει
1148 4416 1311 4472 αὐτὸν
1379 4417 1406 4472 6
1462 4415 1748 4491 Ἀχελῷος
1805 4421 1937 4475 κατᾶ

2049 4423 2290 4478 vulnere
2320 4437 2598 4476 mammas
2629 4421 2832 4492 paucis
2863 4426 2993 4492 post
3023 4420 3232 4476 diebus
3261 4422 3505 4476 interiit.

281 4513 382 4564 τοῦ
419 4512 654 4581 μαστοῦ.
713 4505 818 4562 Καὶ
877 4505 1072 4568 εὐθέως
1129 4506 1205 4568 ὡς
1265 4506 1416 4580 εἶχεν
1476 4505 1504 4560 6
1563 4505 1863 4578 Ἡρακλῆς,
1923 4506 2263 4580 ἀντετόξευσε
2317 4509 2409 4564 τὸν
2468 4507 2748 4582 Ἀχελῷον
2781 4507 3018 4578 πλησίον
3049 4511 3146 4562 τοῦ
3175 4513 3428 4582 ποταμοῦ
3460 4508 3694 4582 Εὒήνου.

281 4600 344 4655 Ὀ
376 4597 434 4653 δὲ
464 4594 760 4674 ’Δχελῴος
792 4593 976 4664 ἐνῆκεν
1025 4595 1216 4650 ἑαυτὸν
1267 4594 1373 4650 ἀπὸ
1427 4599 1524 4649 τοῦ
1579 4596 1753 4650 ἵππου
1813 4597 1888 4662 εἰς
1941 4601 2008 4655 τὰ
2075 4598 2257 4674 ῥεῖθρα
2315 4602 2412 4653 τοῦ
2468 4601 2720 4669 ποταμοῦ
2767 4596 2856 4652 καὶ
2909 4594 3186 4653 ἀπώλετο·
3245 4599 3334 4653 καὶ
3393 4597 3442 4671 ἐξ
3495 4597 3702 4654 ἐκείνου

288 4687 608 4755 μετεκληθη
641 4685 669 4738 6
700 4683 953 4756 ποταμὸς
987 4681 1290 4759 Ἀχελῷος.
1323 4683 1384 4739 Ὀ
1416 4679 1474 4738 δὲ
1501 4681 1844 4761 Πολύφημος
1871 4685 2150 4762 Ἡρακλῆς
2184 4686 2242 4742 ἐκ
2265 4687 2370 4752 ’τῆς
2399 4685 2623 4761 πληγῆς
2679 4688 2774 4738 τοῦ
2835 4689 3042 4758 μαστοῦ
3109 4686 3276 4740 αὐτοῦ
3338 4688 3452 4758 μετ’
3505 4685 3694 4761 ὀλίγας

287 4775 502 4846 ἡμέρας
535 4770 780 4843 τελευτᾷ.

350 4863 671 4936 Μελέαγρος
704 4858 761 4915 δὲ
794 4861 822 4915 6
854 4860 968 4922 υἱὸς
1013 4859 1238 4928 Οἰνέως,
1294 4857 1531 4935 ἀδελφὸς
1585 4865 1686 4916 τοῦ
1718 4861 1937 4926 Τυδέως

275 4954 366 5006 καὶ
422 4949 764 5024 Δηῖανείρας,
848 4948 1102 5019 ἐποίησεν
1162 4947 1331 5004 ἆθλον
1403 4947 1596 5025 μέγαν,
1681 4951 1939 5026 φονεύσας

277 5039 488 5112 κάπρον
518 5039 578 5100 ’ὸς
599 5036 924 5112 ἐλυμαίνετο
953 5039 1052 5108 τήν
1111 5036 1299 5112 χώραν
1349 5036 1559 5110 ἐκείνην
1619 5045 1815 5114 πᾶσαν,
1842 5048 1942 5111 τῆς

279 5123 638 5201 κυνηγέτιδος
697 5124 1027 5194 Ἀταλάντης
1077 5121 1470 5201 προϐαλούσης
1523 5129 1664 5201 τόξῳ
1699 5129 1792 5185 τὸν
1856 5131 1944 5184 σύ-

279 5238 470 5292 αγρον.
505 5218 604 5273 Καὶ
639 5217 775 5290 μετὰ
801 5217 902 5285 τήν
953 5215 1224 5291 ἀναίρεσιν
1273 5222 1372 5272 τοῦ
1431 5218 1600 5293 θηρὸς
1652 5219 1715 5274 τὸ
1770 5217 1944 5296 δέρμα

277 5306 451 5360 αὐτοῦ
533 5309 602 5378 τῇ
660 5303 976 5379 Ἀταλάντῃ
1071 5304 1392 5382 Μελέαγρος
1471 5306 1789 5383 ἐχαρίσατο,
1868 5310 1944 5372 εἰς

275 5393 456 5467 ἔρωτα
501 5394 702 5462 ταύτης
762 5393 1014 5468 βληθείς.
1077 5395 1362 5460 Ἀπελθὼν
1424 5395 1480 5452 δὲ
1537 5397 1566 5452 6
1627 5397 1941 5474 Μελέαγρος

275 5485 358 5546 εἷς
391 5484 483 5538 τὸν
538 5484 733 5539 ἑαυτοῦ
789 5484 997 5558 πατέρα
1054 5483 1218 5542 Οῗνέα
1275 5486 1537 5560 ἀπῃτεῖτο
1594 5489 1722 5562 παρ’
1777 5488 1942 5544 αὐτοῦ

275 5573 347 5626 τα
369 5575 666 5648 νικητήρια
692 5577 790 5627 τοῦ
820 5572 1012 5646 θηρός.
1046 5575 1149 5630 Καὶ
1193 5575 1378 5647 μαθὼν
1411 5573 1493 5629 ὅτι
1523 5578 1592 5648 τῇ
1642 5574 1942 5653 ’Λταλάντῃ

270 5663 339 5717 τὸ
373 5660 546 5736 δέρμα
583 5661 898 5738 ἐχαρίσατο,
933 5661 1202 5738 ὀργισθεὶς
1257 5667 1378 5719 κατ’
1430 5663 1602 5719 αὐτοῦ
1657 5660 1852 5722 ἐλαϐεν
1881 5669 1938 5721 ὅν

2121 4866 2410 4939 Meleager
2437 4871 2636 4921 autem
2688 4853 2889 4920 (Επεὶ
2912 4866 3069 4920 illius
3099 4865 3277 4938 Tydei
3319 4871 3376 4920 et
3405 4865 3694 4934 Dejaniraa

2050 4957 2234 5012 frater
2263 4970 2544 5028 magnum
2601 4959 2905 5010 certamen
2933 4955 3116 5009 obivit
3169 4971 3310 5026 apro
3359 4954 3692 5021 interfecto,

2052 5047 2152 5116 qui
2185 5051 2370 5101 totam
2400 5061 2533 5100 eam
2577 5044 2882 5116 regionem
2940 5044 3227 5111 vastabat,
3288 5059 3420 5098 cum
3458 5043 3697 5114 quidem

2050 5135 2321 5190 venatrix
2350 5134 2626 5190 Atalanta
2645 5149 2781 5188 eum
2814 5149 3025 5205 aprum
3055 5134 3270 5206 sagitta
3301 5132 3477 5188 ferire
3527 5149 3697 5187 occu-

2053 5231 2272 5296 passet.
2304 5225 2505 5294 Itaque
2565 5221 2855 5293 Meleager
2905 5222 3216 5289 Atalantes,
3273 5223 3444 5294 cujus
3499 5237 3699 5277 amore

2047 5314 2173 5384 jam
2193 5319 2320 5368 erat
2333 5311 2862 5384 captus,interfecti
2883 5311 3008 5382 apri
3033 5311 3302 5366 exuvium
3329 5311 3483 5366 dono
3517 5309 3699 5366 dedit.

2052 5406 2340 5458 Reversus
2362 5403 2436 5458 ad
2458 5405 2692 5458 Patrem
2730 5417 2902 5455 suum
2927 5402 3188 5456 ()Eneum
3213 5401 3501 5474 Meleager
3528 5401 3600 5455 ab
3633 5418 3701 5456 eo

2052 5491 2126 5546 ob
2157 5492 2369 5546 victam
2399 5491 2584 5546 feram
2615 5489 2930 5561 prmmium
2964 5490 3175 5560 poscit.
3207 5490 3351 5546 Cum
3373 5507 3511 5545 vero
3536 5497 3703 5562 pater

2052 5579 2411 5652 intelligeret
2423 5578 2778 5650 Meleagrum
2792 5578 2946 5634 248
2959 5577 3164 5634 bestim
3183 5579 3400 5650 pellem
3416 5579 3700 5634 Atalanta)

2052 5668 2208 5724 dono
2238 5666 2491 5735 dedisse,
2517 5667 2662 5722 oleas
2695 5667 2966 5723 frondem
2987 5684 3165 5739 quam
3188 5670 3414 5726 Althaea
3443 5683 3700 5724 asserva-
