4188 6196
465 301 583 363 283

1752 297 2077 360 GEORGII
2118 297 2475 361 CEDRENI

3760 299 3886 363 se;

472 433 577 489 hat
602 432 755 504 (cum
782 431 966 487 ferret
995 432 1229 485 uterum
1260 427 1508 493 Althaea,
1531 427 1852 501 cupiditate
1869 428 2122 486 adducta

2240 425 2500 502 ιφῦλαττε
2527 423 2730 492 θαλλὸν
2757 432 2859 495 τῆς
2889 423 3073 488 ἰλαίας
3102 428 3137 495 ἡ
3170 424 3423 497 ’Δλθαία,
3456 421 3639 484 ὅντινα
3670 425 3883 485 Θαλλὸν

473 520 747 580 frondem
780 520 926 576 oleas
956 519 1356 585 devoraverat,
1381 533 1630 591 eamque
1654 524 1829 591 partu
1850 532 1972 576 una
1991 536 2125 577 cum

480 611 768 682 Meleagro
811 608 1107 666 ediderat:
1167 608 1361 663 (Eneo
1393 613 1592 665 autem
1637 608 1944 665 oraculum
2003 613 2129 665 erat

483 700 685 756 datum
747 698 970 754 tamdiu
1034 697 1325 753 victurum
1399 697 1777 772 Meleagrum,
1845 699 2128 771 quamdiu

484 793 653 847 frons
684 790 829 846 oleas
860 789 1069 846 eodem
1093 795 1265 861 partu
1297 791 1455 846 edita
1499 792 1941 862 asservaretur),
1974 792 2127 847 hanc

478 880 658 951 igitur
686 878 954 935 frondem
989 880 1221 935 (Eneus
1250 880 1435 935 iratus
1459 881 1763 946 cremavit,
1807 881 2125 952 statimque

474 974 744 1026 mortuus
774 975 864 1025 est
888 968 1193 1042 Meleager.
1229 969 1429 1025 Edidit
1453 969 1527 1026 de
1570 971 1859 1043 Meleagro
1915 976 2125 1041 ἰταμω-

473 1059 633 1116 diam
665 1058 997 1130 Euripides.

548 1326 772 1382 Etolim
804 1326 997 1380 ()Eneo
1032 1324 1090 1379 in
1148 1341 1396 1398 regnum
1428 1325 1713 1381 successit
1758 1324 1910 1380 alter
1968 1325 2126 1380 ﬁlius

475 1416 727 1487 Tydeus,
759 1419 927 1486 pater
956 1414 1277 1470 Diomedis.
1329 1414 1644 1470 Diomedes
1676 1419 1909 1469 mortuo
1958 1420 2123 1487 patre

475 1507 539 1561 in
570 1504 810 1575 Argivos
857 1517 1102 1576 regnum
1131 1504 1342 1571 tenuit,
1396 1504 1606 1576 Argiva
1662 1519 1844 1560 uxore
1872 1503 2128 1576 Aigialea

479 1595 696 1660 ducta;
726 1593 1074 1664 insaniaque
1129 1593 1396 1648 concitus
1454 1593 1725 1649 Aitoliam
1771 1600 1827 1649 et
1879 1610 2125 1666 regnum

481 1696 655 1739 suum
688 1683 872 1738 armis
885 1682 1091 1754 Argivo
1117 1698 1295 1754 regno
1318 1681 1601 1737 subdidit.
1621 1682 1765 1739 lnde
1777 1685 1975 1739 statim
1989 1698 2126 1739 cum

472 1772 705 1830 Achzeis
750 1777 841 1827 est
869 1772 943 1827 ad
974 1772 1147 1827 Ilium
1180 1771 1497 1843 profectas.
1532 1774 1818 1828 Reversus
1865 1777 2064 1829 autem
2094 1789 2127 1829 a

473 1862 646 1935 Troja
678 1862 741 1917 in
796 1877 1046 1933 regnum
1078 1876 1251 1916 suum
1281 1874 1403 1916 non
1454 1866 1543 1916 est
1572 1867 1844 1934 receptus
1884 1879 1919 1918 a
1976 1863 2122 1918 suis-

475 1951 741 2023 Cumque
793 1952 1042 2006 sentiret
1096 1949 1299 2005 dolum
1354 1949 1465 2005 sibi
1522 1950 1594 2005 ab
1636 1964 1818 2006 uxore
1871 1952 2128 2023 Egialea

475 2041 631 2095 necti
666 2040 758 2112 (ea
790 2040 947 2094 enim
987 2043 1252 2110 stuprata
1282 2043 1409 2093 erat
1439 2054 1472 2093 a
1499 2040 1758 2109 Comete,
1793 2058 1897 2095 suo
1928 2042 2127 2097 consi-

474 2129 682 2193 liario;
744 2134 921 2199 atque
954 2127 1003 2182 is
1062 2131 1267 2182 Comes
1299 2143 1539 2199 unaque
1598 2128 1867 2200 ejusdem
1922 2130 2127 2203 ilagitii

472 2218 825 2275 manifestus
855 2217 1005 2288 Ajax
1065 2216 1296 2288 Nauplii
1347 2215 1505 2272 ﬁlius
1564 2222 1811 2288 propter
1855 2219 2127 2291 lEgiaieas

475 2322 741 2363 amorem
777 2320 1010 2361 summa
1031 2320 1141 2377 ope
1174 2304 1443 2360 Diomedi
1468 2305 1894 2378 repugnabant)
1917 2312 2128 2364 etcum

474 2397 586 2453 hos
617 2412 766 2466 quos
825 2394 968 2462 dixi,
1029 2408 1355 2465 omnesque
1413 2395 1653 2466 ArgiVOs
1685 2395 1797 2452 sibi
1851 2396 2129 2452 resistere

478 2489 770 2553 cerneret,
796 2500 990 2555 neque
1022 2484 1083 2539 in
1114 2483 1387 2539 Etoliam
1410 2501 1584 2555 porro
1617 2485 1728 2541 sibi
1751 2484 1945 2541 redire
1973 2480 2132 2541 esset

473 2575 795 2646 integrum,
838 2575 902 2629 in
957 2573 1109 2630 240
1170 2572 1503 2628 Calabriam
1555 2574 1868 2645 navigavit,
1928 2574 2129 2645 ibique

477 2663 842 2721 maritimam
873 2660 1083 2718 urbem
1140 2662 1530 2733 Argyrippam
1588 2678 1623 2717 a
1653 2674 1715 2717 se
1761 2662 2129 2718 nominatam

480 2754 768 2820 condidit,
801 2768 931 2823 qum
964 2770 1125 2808 nunc
1158 2754 1556 2809 Beneventum
1579 2752 1816 2809 dicitur.

2228 524 2331 588 τῆς
2386 515 2573 581 ἰλαίας
2624 513 2815 593 ἔγκυος
2877 515 3014 570 οὖσα
3068 518 3103 585 ἡ
3189 513 3421 580 Ἀλθαία
3498 516 3885 591 ἰπιθυμήσασα

2230 602 2887 684 ἕφαγε,γαὶκαταπιοῦσα
2917 605 2980 661 τὸ
3011 603 3223 678 φύλλον
3279 613 3379 675 τῆς
3437 604 3626 670 ἐλαίας
3679 608 3882 673 εὐθέως

2231 698 2477 753 συνετεκε
2503 696 2567 752 τὸ
2595 702 2695 763 τῆς
2722 693 2910 757 ἐλαίας
2964 693 3175 774 φύλλον
3227 699 3307 767 τῷ
3364 695 3685 772 Μελεάγρῳο
3730 698 3881 774 ’περὶ

2232 786 2295 842 οὗ
2322 786 2580 866 χρησμὸς
2611 782 2771 855 ἰδόθη
2803 787 2883 854 τῷ
2948 783 3115 855 πατρὶ
3169 783 3336 840 αὐτοῦ
3388 784 3560 853 Οένεῑ,
3615 791 3880 842 τοσοῦτον

2231 876 2435 955 χρόνον
2457 880 2614 945 ζῆσαι
2656 872 2749 929 τὸν
2780 871 3095 947 Μελέαγρον
3128 872 3253 928 ὅσον
3291 872 3493 953 χρόνον
3553 872 3884 951 φυλάττεται

2227 966 2292 1021 τὸ
2321 962 2532 1044 φύλλον
2587 967 2692 1032 τῆς
2746 958 2931 1025 ἰλαίας
2970 962 3032 1017 τὸ
3094 964 3410 1039 συγγενηθὶν
3469 963 3637 1038 αὐτῷ.
3704 967 3883 1040 Ὅπερ

2230 1051 2444 1132 φύλλον
2475 1047 2693 1108 ἔκαυσεν
2720 1052 2751 1106 6
2782 1049 2973 1113 Οἰνεὺς
3005 1050 3377 1126 ἀγανακτήσας
3407 1051 3543 1107 κατὰ
3592 1057 3689 1107 τοῦ
3736 1051 3885 1109 ἰδίου

2231 1144 2376 1212 υἱοῦ,
2408 1142 2500 1197 καί
2530 1142 2876 1216 παραχρῆμα
2906 1138 3176 1196 ἆτελεύτα.
3211 1140 3313 1198 Καὶ
3370 1141 3399 1196 6
3458 1138 3765 1214 Εὐριπίδης
3822 1140 3885 1198 δι

2235 1229 2414 1308 δρᾶμα
2441 1230 2566 1305 περὶ
2594 1228 2910 1305 Μελεάγρου
2937 1227 3166 1298 ίξὲθετο.

2303 1320 2456 1379 Μετᾶ
2484 1316 2541 1375 δὶ
2578 1320 2676 1389 τὴν
2709 1316 2988 1394 βασιλείαν
3019 1322 3122 1373 τοῦ
3152 1315 3356 1381 Οίνᾶως
3413 1313 3727 1375 ιϐασίλευσε
3778 1327 3884 1392 τῆς

2232 1408 2512 1475 Αἰτωλίας
2554 1409 2743 1485 χώρας
2776 1409 2806 1464 6
2855 1405 3038 1484 ἔτερος
3092 1408 3209 1470 υίὸς
3267 1408 3434 1464 αὖτοῦ
3487 1409 3517 1464 6
3572 1407 3794 1479 Τυδεῦς,
3854 1411 3885 1465 6

2232 1502 2412 1574 πατὴρ
2444 1496 2780 1572 Διομήδους,
2813 1498 2872 1559 ὅς
2917 1497 3055 1572 μετὰ
3078 1495 3338 1567 τελευτὴν
3393 1498 3490 1554 τοῦ
3546 1499 3751 1567 πατρὸς
3780 1498 3885 1555 αὖ·

2231 1592 2329 1646 τοῦ
2360 1584 2675 1645 ιϐασίλευσε
2701 1595 2802 1658 τῆς
2828 1591 2937 1642 τῶν
2966 1586 3226 1664 Ἀργείων
3284 1587 3495 1665 χώρας,
3544 1586 3886 1665 ἀγαγόμενος

2232 1680 2293 1737 tu.
2345 1684 2443 1737 τοῦ
2499 1686 2745 1755 ’Ἄργους
2804 1683 3031 1755 γυναῖκα
3098 1678 3326 1752 ὀνόματι
3381 1678 3717 1756 Αΐγιάλειαν.
3775 1682 3886 1737 Καὶ

2160 1804 2208 1871 Β
2236 1769 2559 1840 ἀπονοηθεὶς
2590 1767 2853 1824 κατέλυσε
2879 1767 3115 1842 πολέμῳ
3141 1769 3241 1838 τήν
3274 1763 3421 1823 ἰδίαν
3476 1769 3643 1825 αὐτοῦ
3691 1771 3885 1846 χώραν

2238 1858 2328 1915 καὶ
2352 1856 2652 1935 βασιλείαν,
2682 1858 2923 1927 ποιήσας
2942 1856 3111 1926 αὐτὴν
3145 1855 3247 1913 ὑπὸ
3303 1857 3403 1927 τήν
3459 1863 3571 1913 τῶν
3624 1859 3888 1935 Ἀργείων

2241 1946 2544 2023 βασιλείαν⁹
2576 1946 2667 2001 καὶ
2711 1946 2907 2008 εὐθεως
2964 1944 3249 2021 ἐξώρμησε
3309 1944 3443 2021 μετὰ
3494 1953 3605 2003 τῶν
3637 1950 3890 2023 ’Δχοτῶν

2234 2036 2323 2093 hri
2354 2036 2415 2092 τὸ
2453 2036 2651 2091 Ἴλιον.
2713 2034 2807 2089 Καὶ
2869 2032 3180 2099 ὶπανελθὼν
3221 2035 3328 2091 ἀπὸ
3384 2035 3484 2106 τῆς
3536 2036 3730 2116 Τροίας
3796 2035 3887 2093 ἐπὶ

2232 2126 2295 2181 τὸ
2332 2122 2464 2180 ἴδιον
2499 2122 2774 2200 βασίλειον
2802 2124 2903 2179 οὐκ
2931 2121 3132 2199 ὲδίχθη
3191 2125 3296 2181 ὑπὸ
3350 2128 3460 2181 τῶν
3518 2126 3708 2185 αὐτοῦ.
3763 2126 3890 2184 Μα-

2236 2215 2342 2269 Θῶν
2397 2211 2456 2270 δὶ
2506 2213 2590 2270 ὅτι
2631 2215 2666 2282 ἡ
2724 2214 2859 2289 γυνή
2929 2211 3093 2268 αὐτοῦ
3146 2213 3437 2289 Αἰγιάλεια
3501 2214 3891 2285 κατασκευάζει

2235 2304 2382 2377 αὐτῷ
2414 2299 2578 2359 δόλον
2609 2302 2686 2366 ὡς
2742 2307 3097 2378 πορνευθεῖσα
3155 2302 3258 2359 ὑπὸ
3312 2308 3410 2359 τοῦ
3466 2303 3727 2377 Κόμητος
3787 2309 3889 2360 τοῦ

2237 2394 2607 2471 συγκλητικοῦ
2638 2395 2832 2467 αὐτῆς,
2872 2395 3021 2456 ὅστις
3079 2395 3169 2450 καὶ
3208 2395 3491 2460 ἀνθίστατο
3549 2397 3696 2469 αὐτῷ
3750 2414 3892 2472 κραο

2233 2490 2405 2547 ταιῶς
2457 2485 2569 2558 ἅμα
2621 2489 2702 2557 τῷ
2750 2486 2852 2558 υἱῷ
2911 2482 3195 2540 Ναυπλίου
3248 2484 3329 2557 τῷ
3384 2483 3543 2543 Α’ίακι
3594 2486 3662 2542 τὰ
3716 2482 3889 2560 ὅμοια

2237 2573 2562 2653 φωραθίντι,
2621 2573 2681 2628 οἲ
2734 2571 2824 2629 διὰ
2873 2574 2964 2630 τὸν
3019 2573 3157 2648 πρὸς
3207 2574 3376 2643 αὐτὴν
3431 2571 3609 2644 ἔρωτα
3683 2574 3888 2648 πολλῷ

2240 2664 2410 2728 σθίνει
2438 2662 2780 2737 ἀντεμάχουν
2826 2662 2994 2735 αὐτῷ,
3026 2661 3159 2718 ῒδὼν
3220 2660 3278 2718 δὲ
3333 2663 3561 2727 τούτους
3589 2661 3682 2720 καὶ
3711 2670 3888 2720 πᾶσαν

2235 2752 2337 2822 τὴν
2394 2752 2641 2827 Ἀργείαν
2691 2753 2879 2847 χώραν
2929 2750 3360 2847 ἀνθισταμίνην-
3382 2752 3550 2825 αὐτῷ,
3590 2752 3682 2808 καὶ
3745 2751 3891 2847 μηδὲ

485 2842 562 2904 εἰς
591 2842 692 2909 τήν
724 2836 863 2894 ἰδίαν
898 2840 1086 2915 χώραν
1117 2840 1216 2908 τὴν
1249 2839 1526 2897 Αἰτωλίαν
1555 2836 1854 2913 δυνάμενος
1885 2839 2145 2912 ἀνελθεῖν,
2175 2840 2524 2917 ἀνεχώρησεν
2553 2838 2902 2904 ἀποπλεύσας
2933 2839 3021 2897 ἐπὶ
3043 2841 3142 2911 τήν
3174 2835 3486 2917 Καλαϐρίαν
3523 2844 3734 2918 χώραν,
3783 2835 3891 2898 διαἱ

484 2929 657 2999 κτίζει
688 2927 852 2984 πόλιν
887 2932 996 2984 ἐκεῖ
1027 2927 1322 3003 παράλιον,
1354 2931 1422 2999 ἢν
1453 2929 1735 3003 ὠνόμασαν
1771 2930 2167 3007 Ἀργυρίππην,
2196 2931 2299 3001 τὴν
2327 2930 2442 2985 νυνῖ
2468 2924 2809 2986 Βενεϐεντόν.

551 3020 762 3076 Darius
793 3019 993 3075 Medus
1037 3019 1215 3074 etiam
1269 3022 1619 3076 Artaxerxes
1649 3020 1980 3093 appellatus
2040 3026 2129 3077 est

2311 3022 2397 3093 [P.
2433 3021 2557 3092 M2]
2598 3020 2721 3077 Ὅτι
2773 3020 2801 3074 6
2861 3015 3048 3088 Μῆδος
3109 3022 3330 3093 Δαρεῖος
3383 3020 3475 3075 καὶ
3527 3019 3893 3095 Ἀρταξέρξης

481 3115 541 3166 et
568 3111 850 3183 Astyages
881 3115 940 3165 et
975 3108 1369 3183 Nabogiadus.
1402 3111 1610 3165 Fertur
1656 3111 1923 3166 asininas
1952 3122 2126 3166 aures

480 3200 797 3265 habuisse;
829 3216 971 3257 avus
1015 3199 1129 3255 fuit
1175 3199 1325 3271 Cyri.
1357 3199 1518 3255 Idem
1576 3200 1883 3255 Estheram
1920 3199 2126 3256 formm

479 3291 671 3363 gratia
699 3289 870 3345 duxit
898 3305 1163 3355 uxorem,
1197 3304 1264 3344 ac
1295 3289 1609 3346 Danielum
1649 3290 1806 3345 inter
1854 3306 2127 3361 proceres

479 3379 645 3451 regni
678 3379 1007 3446 constituit,
1033 3376 1427 3448 eumdemque
1458 3393 1773 3449 procerum
1821 3379 2129 3450 conspira-

480 3468 643 3524 tione
674 3468 1142 3523 circumventum
1186 3467 1248 3522 in
1304 3480 1541 3523 caveam
1573 3467 1815 3524 leonum
1871 3467 2127 3539 abjecit;

482 3561 832 3627 servatoque
862 3556 1011 3627 ipso,
1046 3555 1368 3612 adversarii
1402 3557 1611 3612 eodem
1642 3557 1858 3628 dejecti
1887 3574 1921 3612 a
1946 3556 2131 3613 leoni-

482 3645 596 3703 bus
623 3647 806 3702 vorati
864 3650 1021 3701 sunt.
1056 3646 1220 3701 Hunc
1275 3646 1515 3702 Darium
1570 3659 1707 3702 cum
1738 3644 2135 3703 interfecisset

487 3736 672 3807 Cyrus
701 3738 901 3799 Persa,
962 3734 1320 3807 Babylonem
1373 3750 1563 3793 annos
1616 3738 1683 3791 32
1740 3737 1950 3792 tenuit.
1987 3737 2133 3792 lluic

486 3826 717 3882 Crassus
778 3826 989 3898 Lydus,
1047 3825 1175 3881 auri
1207 3830 1267 3881 et
1317 3825 1697 3882 victoriarum
1750 3825 2134 3883 multitudine

486 3917 699 3985 elatus,
733 3914 1033 3972 mandavit
1061 3921 1129 3971 ut
1147 3915 1237 3969 vel
1260 3931 1442 3988 regno
1477 3915 1585 3970 sibi
1609 3915 1956 3971 cederetvel
1977 3915 2134 3971 bello

487 4005 970 4077 congrederetur.
1050 4004 1333 4060 Danielum
1387 4008 1584 4060 autem
1654 4009 1929 4060 evocatus
1987 4007 2136 4077 Cyro

488 4094 767 4167 promisit
795 4109 931 4149 eum
963 4092 1035 4148 de
1093 4093 1288 4149 Crmso
1329 4092 1640 4148 victoriam
1696 4098 2137 4165 reportaturum

489 4202 559 4241 ac
590 4184 932 4242 Israelicum
964 4183 1248 4254 populum
1280 4182 1687 4253 Hierosolyma
1725 4184 2136 4240 remissurum.

2235 3110 2324 3164 καὶ
2382 3105 2691 3185 Ἀστυάγης
2764 3108 2856 3164 καὶ
2912 3103 3257 3185 Ναϐογίσδος
3333 3107 3573 3185 ἐλίγετο.
3627 3111 3767 3166 Φασὶ
3830 3109 3891 3169 δι

2236 3196 2394 3254 αὐτὸν
2428 3192 2553 3253 ὄνου
2610 3195 2760 3272 ἔχειν
2816 3198 2950 3252 ὦτα·
3008 3197 3230 3262 πάππος
3291 3195 3350 3254 δὶ
3377 3200 3444 3269 ἧν
3478 3201 3682 3275 Κύρου.
3714 3200 3893 3267 Οὗτος

2238 3289 2467 3366 ἰζεύχθη
2496 3291 2565 3363 τῇ
2598 3289 2799 3363 Ἐσοήρ
2854 3286 2945 3345 διὸ,
2998 3287 3231 3362 κάλλος,
3289 3291 3382 3347 καὶ
3432 3292 3525 3347 τὸν
3561 3290 3767 3361 Δανιὴλ
3835 3293 3892 3349 ιν

2242 3383 2526 3455 μεγιστᾶσι
2591 3378 2908 3445 κατίστησε.
2969 3382 3247 3449 Συσκευῆς
3301 3374 3363 3434 δὶ
3411 3380 3513 3435 ὑπὸ
3568 3385 3676 3437 τῶν
3734 3396 3892 3456 μεγιι

2240 3468 2446 3523 στάνων
2475 3467 2612 3523 κατᾶ
2642 3466 2843 3536 Δανιὴλ
2873 3464 3174 3542 γενομᾶνης
3231 3468 3284 3523 ἄν
3349 3473 3429 3537 τῷ
3486 3467 3673 3543 λάκκῳ
3726 3469 3889 3526 αὐτὸν

2237 3560 2347 3613 τῶν
2378 3554 2611 3612 λεόντων
2638 3550 2908 3612 ἰνὶϐαλεν·
2941 3555 3005 3611 οὗ
3063 3553 3422 3621 διασωθέντος
3477 3556 3672 3613 ἰκτῖνοι
3709 3562 3889 3639 τροφή

2238 3651 2356 3707 τοῖς
2386 3642 2603 3701 λέουσιν
2630 3639 3000 3718 ἇμϐληθίντες
3058 3643 3339 3722 γεγόνασι.
3394 3649 3595 3703 Τοῦτον
3648 3648 3739 3703 τὸν
3797 3656 3896 3703 Δα-

2246 3739 2389 3811 ρεῖον
2439 3738 2618 3808 Κῦρος
2677 3734 2705 3790 6
2764 3733 2977 3810 Πέρσης
3027 3732 3236 3790 ἀνελὼν
3286 3736 3577 3809 τριάκοντα
3641 3734 3738 3792 δύο
3796 3735 3892 3809 ἔτη

2246 3818 2577 3886 Βαϐυλῶνος
2606 3822 2920 3897 ἐκράτησεν.
2953 3824 3075 3901 Ἐφ’
3131 3822 3195 3879 οὗ
3253 3826 3486 3900 Κροῖσος
3519 3827 3548 3881 6
3590 3824 3762 3889 Λυδὸς
3815 3829 3897 3897 τῷ

2245 3936 2305 3971 τε
2333 3911 2533 3985 πολλῷ
2561 3911 2775 3987 χρυσίῳ
2798 3913 2893 3967 καὶ
2920 3917 3044 3977 ταῖς
3080 3913 3258 3976 νίκαις
3288 3913 3538 3990 ἰπαροεῖς
3597 3912 3767 3987 δηλοῖ
3817 3920 3900 3989 τῷ

2249 4004 2408 4079 Κύρῳ
2439 4003 2473 4071 ἢ
2506 4008 2914 4078 παραχωρῆσαι
2940 4001 3123 4075 τούτῳ
3175 4010 3276 4073 τῆς
3338 4004 3618 4079 βασιλείας
3658 4009 3898 4081 Περσῶν,

2249 4089 2708 4167 ἢπροσδίχεσθαι
2763 4093 2954 4147 τοῦτον
3001 4092 3079 4156 εἷς
3132 4090 3403 4167 πόλεμον.
3461 4096 3638 4170 Κῦρος
3695 4091 3753 4149 δὲ
3806 4095 3901 4150 τὸν

2253 4179 2456 4252 Δανιὴλ
2514 4179 2969 4256 εἰσκαλεσάμενος
3028 4181 3231 4250 ἢκουσε
3294 4188 3719 4260 παρεγγυῶντος
3767 4185 3900 4258 θαρ-

489 4277 650 4331 Tunc
666 4290 763 4331 res
794 4273 1141 4330 Mardochaai
1164 4279 1222 4329 et
1250 4274 1459 4330 Amani
1484 4279 1648 4344 gesta
1669 4278 1779 4339 est,
1803 4280 1861 4328 et
1883 4274 2131 4329 Hebraeis

2256 4271 2390 4347 ῥεῖν,
2422 4270 2529 4339 ὅτι,
2561 4271 2667 4327 Καὶ
2699 4271 2932 4345 Κροῖσον
2963 4270 3100 4325 κατᾶ
3145 4273 3345 4345 κράτος
3400 4274 3662 4345 νικήσεις,
3700 4274 3787 4329 καὶ
3823 4273 3902 4335 εἷς

492 4364 563 4420 ab
605 4364 852 4419 Esthera
904 4370 1074 4434 parta
1129 4363 1309 4420 salus.
1343 4364 1502 4419 Tunc
1537 4363 1778 4419 Danielo
1835 4363 2131 4419 Gabrielus

2243 4358 2609 4434 ιιερουσαλήμ
2659 4360 2753 4416 τὸν

492 4454 621 4508 visa
645 4452 923 4523 ostendit,
957 4452 1126 4524 isque
1176 4457 1410 4524 tempus
1457 4453 1748 4508 adventus
1786 4453 2021 4509 Domini
2053 4453 2141 4508 di-

495 4543 656 4598 dicit.
688 4543 849 4597 Tunc
880 4546 938 4597 et
967 4542 1030 4598 in
1060 4544 1234 4599 Samo
1268 4542 1490 4614 Sibylla
1519 4542 1799 4599 innotuit.

2838 4356 2969 4415 λαὸν
3042 4358 3263 4436 Ἰσραήλ
3314 4360 3695 4436 ἀποστρέψεις.
3771 4361 3902 4421 Ἐπὶ

2250 4451 2416 4508 αὐτοῦ
2443 4450 2510 4505 τὰ
2548 4450 2686 4504 κατᾶ
2712 4450 2807 4505 τὸν
2834 4446 3221 4525 -Μαρδοχαῖον
3278 4449 3369 4506 καὶ
3403 4452 3577 4526 Ἀμὰν
3605 4450 3696 4507 καὶ
3727 4454 3762 4521 ἡ
3815 4448 3906 4507 διὰ

2245 4547 2345 4610 τῆς
2377 4539 2580 4613 Ἐσθὴρ
2610 4537 2996 4610 ἀπολύτρωσις
3047 4542 3157 4594 τῶν
3201 4533 3492 4615 Ἐϐραίων.
3547 4538 3673 4597 Ἐπὶ
3738 4537 3905 4595 αὐτοῦ

505 4627 709 4701 Δανιὴλ
740 4628 836 4695 τὰς
866 4626 958 4685 διὰ
979 4635 1075 4686 τοῦ
1106 4625 1354 4706 Γαϐριὴλ
1378 4629 1638 4696 ὀπτασίας
1667 4628 1795 4701 εἶδε,
1829 4632 1917 4687 καὶ
1943 4631 2036 4686 τὸν
2069 4632 2266 4707 χρόνον
2303 4632 2405 4697 τῆς
2434 4627 2733 4704 παρουσίας
2752 4628 2850 4683 τοῦ
2883 4626 3082 4703 Κυρίου
3118 4623 3303 4701 ἔμαθε.
3337 4629 3481 4685 Κατᾶ
3510 4630 3737 4693 τούτους
3760 4628 3890 4692 τοὺς

490 4724 732 4799 χρόνους
762 4721 853 4777 καὶ
886 4716 1133 4778 Σίϐυλλα
1162 4721 1214 4776 ἐν
1250 4721 1419 4795 Σάμῳ
1450 4720 1794 4797 ἐγνωρίζετο.

562 4813 799 4870 Primus
830 4826 1024 4869 annus
1057 4813 1190 4883 Cyri
1214 4828 1406 4868 annus
1437 4813 1646 4868 mundi
1675 4813 1791 4869 fuit
1838 4815 1997 4869 4952.
2040 4813 2144 4868 Hic

489 4904 673 4974 Cyrus
706 4915 842 4959 cum
872 4903 1097 4958 multos
1154 4902 1401 4957 haberet
1453 4914 1622 4974 reges
1674 4902 1932 4974 captivos
1989 4908 2049 4957 et
2078 4902 2138 4957 in

492 4993 765 5049 custodia
794 4992 1109 5061 detineret,
1136 4990 1389 5047 solemni
1420 4990 1679 5061 quadam
1705 4991 2016 5047 festivitate
2039 5008 2140 5048 eos

494 5081 811 5153 quadrigas
833 5079 1049 5151 quibus
1072 5078 1462 5135 invehebatur
1476 5078 1743 5136 humeris
1775 5079 1898 5135 suis
1919 5080 2139 5153 agitare

480 5170 682 5241 jussit.
741 5174 957 5226 Eorum
1016 5168 1260 5241 quidam
1314 5168 1524 5225 crebro
1594 5169 1921 5241 respiciens
1980 5174 2139 5224 rotas

490 5258 775 5329 spectavit
795 5274 1030 5315 sursum
1081 5258 1478 5329 deorsumque
1509 5275 1573 5314 se
1604 5259 1760 5316 250
1789 5259 2140 5314 circumver-

490 5350 702 5402 tentes.
727 5346 892 5411 Quod
914 5363 1049 5403 cum
1082 5346 1599 5403 animadvertisset
1636 5349 1839 5419 Cyrus,
1865 5347 2136 5421 indigna-

491 5432 730 5489 bundus
786 5435 1169 5508 interrogavit
1203 5435 1347 5507 quid
1379 5436 1463 5492 ita
1518 5435 1768 5493 subinde
1802 5453 1863 5492 se
1894 5452 2136 5492 conver-

493 5528 624 5579 tens
654 5527 883 5578 rectum
931 5512 1353 5597 quadrigarum
1397 5525 1697 5582 incessum
1740 5530 2049 5581 averteret.
2082 5527 2137 5580 Is

483 5610 693 5671 timide
722 5612 1031 5683 respondit
1051 5630 1278 5682 se,cum
1295 5619 1458 5671 rotas
1484 5631 1717 5672 sursum
1734 5614 2133 5687 deorsumque

2323 4809 2500 4885 Κύρου
2534 4809 2598 4863 τὸ
2622 4812 2838 4883 πρῶτον
2869 4805 2988 4870 ἔτος
3042 4804 3254 4881 κόσμου
3311 4810 3378 4877 ἦν
3410 4802 3639 4885 ,δῡδνβκ
3669 4811 3843 4875 Οὗτος
3874 4813 3902 4868 6

2253 4902 2425 4972 Κῦρος
2482 4895 2944 4972 αἰχμαλωτεῦσας
3000 4894 3252 4960 πολλοὺς
3314 4896 3563 4974 βασιλεῖς
3615 4901 3705 4955 καί
3752 4896 3901 4980 ἔχων

2248 4987 2443 5049 αὐτοὺς
2529 4986 2581 5041 εν
2665 4985 2882 5064 φυλακῇ
2963 4984 3259 5061 προσὲταξε
3313 4987 3454 5042 κατὰ
3536 4988 3730 5064 ἑορτὴν
3785 4995 3904 5053 τοῖς

2248 5074 2426 5147 ὤμοις
2454 5074 2632 5132 αὐτῶν
2665 5076 2843 5150 σύρειν
2899 5070 2963 5129 rd
3000 5074 3336 5147 τετράῖππον
3388 5077 3560 5151 ἃρμα,
3619 5076 3673 5132 ἐν
3728 5078 3774 5152 ᾦ
3805 5079 3902 5134 αὖ-

2244 5166 2340 5228 τὸς
2370 5163 2665 5241 ιπωχεῖτο.
2699 5166 2799 5225 Εἷς
2859 5162 2917 5219 δὲ
2973 5162 3034 5219 ἐκ
3086 5168 3193 5219 τῶν
3256 5165 3530 5240 βασιλέων
3576 5160 3900 5245 ἐπιστρεφό-

2252 5276 2410 5331 μενος
2436 5257 2650 5330 συχνῶς
2707 5254 2851 5328 ἑώρα
2903 5251 3032 5315 τοὺς
3082 5254 3325 5329 τροχοὺς
3378 5248 3773 5319 ἁναϐαίνοντας.
3806 5259 3904 5316 Ὀν

2245 5345 2570 5417 θεασάμενος
2630 5343 2658 5397 6
2721 5339 2980 5417 βασιλεὺς
3050 5340 3140 5397 καὶ
3210 5340 3479 5415 θυμωθεὶς
3540 5343 3704 5419 ἤρετο
3760 5345 3906 5411 τίνος

2246 5435 2409 5511 χάριν
2440 5438 2656 5495 πυκνῶς
2686 5432 3050 5512 στρεφόμενος
3080 5432 3179 5488 οὐκ
3209 5431 3271 5505 ἰᾷ
3306 5433 3371 5488 τὸ
3439 5431 3589 5509 ἅρμα
3633 5437 3754 5493 κατ’
3814 5434 3899 5493 οὗ.

2245 5529 2388 5581 θεῖαν
2417 5522 2657 5602 τρίχειν.
2687 5524 2892 5601 Ὃσπερ
2926 5519 3061 5599 μετᾶ
3091 5518 3265 5604 φόϐου
3295 5520 3741 5603 ἀπελογήσατοοε
3764 5529 3905 5591 Τοὺς

2242 5612 2485 5690 τροχοὺς
2541 5614 2682 5691 ὁρῶν
2741 5608 3125 5675 ἀναϐαίνοντας
3176 5613 3267 5668 καὶ
3332 5609 3749 5681 καταϐαίνοντας
3808 5615 3905 5692 ἐγ·
