4188 6196
349 313 474 376 285

1481 309 2029 375 HISTORIARUM
2071 312 2632 383 GOMPENDIUM.

3649 316 3770 378 286

344 451 457 505 νοῶ
488 446 552 503 τὸ
581 448 809 503 ἄστατον
836 450 933 503 τοῦ
964 447 1112 523 βίου,
1138 451 1255 510 πῶς
1290 445 1360 504 τὰ
1384 443 1543 503 ’κάτω
1600 444 1712 501 ἅνω
1759 444 1976 522 γίνοντα

2110 449 2255 506 volvi
2313 459 2538 521 cernat,
2572 456 2702 512 vitas
2752 454 3203 512 instabilitatem
3248 451 3651 521 considerare,
3703 453 3768 509 in

348 539 445 595 καὶ
475 537 543 594 τᾶ
589 534 702 592 ἄνω
729 535 898 594 κάτω.
933 561 963 589 ι)

1017 537 1191 607 Ὅπερ
1249 535 1482 598 ἀκούσας
1512 537 1541 592 6
1571 539 1748 611 Κῦρος
1806 537 1895 592 καὶ
1928 533 2012 591 αἱ·

2120 555 2238 610 qua
2266 556 2502 600 summa
2529 545 2605 600 ad
2634 546 2823 602 imum
2878 544 3286 610 devolvuntur,
3346 543 3467 598 ima
3495 542 3571 598 ad
3615 558 3773 599 sum-

354 628 621 702 σθόμενος
669 624 858 681 ἔλυσεν
939 625 1122 697 αὐτὰν,
1206 627 1298 682 καὶ
1371 628 1613 700 τιμήσας
1659 619 1976 705 φιλοφρόνω

2119 647 2286 686 mum
2318 635 2671 689 evehuntur.
2703 636 2822 690 Hoc
2851 633 3100 691 audiens
3131 633 3315 705 Cyrus
3345 637 3525 702 atque
3568 632 3768 688 animo

352 712 674 772 ἀνεϐίϐασεν
734 713 786 769 ἐν
854 720 934 789 τῷ
987 711 1211 794 ἅρματι,
1268 717 1357 771 καὶ
1417 714 1724 789 δλευθερίας
1778 712 2008 785 ἠξίωσεν

356 806 421 865 οὗ
458 808 624 881 μόνον
676 804 861 879 αὐτὸν,
890 802 1039 863 ἀλλὰ
1066 805 1155 861 καὶ
1196 807 1324 868 τοὺς
1355 806 1605 869 λοιποὺς.
1638 807 1807 869 Οὗτος
1839 807 1868 860 6
1900 808 2011 861 Κῠ-

352 918 452 972 ρος
484 898 703 972 Περσῶν
745 896 836 951 καὶ
874 892 1081 966 Μήδων
1114 892 1405 953 Χαλδαίων
1434 914 1493 953 τε
1536 895 1628 951 καὶ
1682 895 2007 971 Ἀσσυρίων,

352 984 557 1063 Συρίας
587 984 677 1042 καὶ
708 981 902 1041 Λυδῶν
941 983 1255 1064 ἐκράτησενο

419 1161 592 1229 Οὗτος
656 1164 748 1223 τὸν
815 1168 1045 1239 Κροῖσον
1113 1162 1540 1241 αἱχμαλωτίζει.
1596 1162 1702 1220 Καὶ
1769 1161 2006 1234 θελήσας

344 1254 510 1312 αὖτὸν
536 1251 669 1332 πυρὶ
698 1256 1033 1311 κατακαῦσαι
1092 1250 1181 1309 διὰ
1239 1250 1466 1309 Σόλωνα
1528 1251 1777 1330 ὶφείσασο
1813 1251 2004 1329 τρόπῳ

338 1336 562 1417 τοιῷδε.
621 1340 1039 1418 Ἀπερχόμενος
1078 1340 1107 1397 6
1157 1341 1389 1418 Κροῖσος
1445 1348 1643 1411 καῆναι
1696 1338 2001 1415 ἆνὲκραξιν,

337 1430 411 1488 Ὦ
442 1432 658 1505 Σόλων,
691 1428 737 1487 ὧ
768 1429 981 1488 Σόλων.
1025 1430 1211 1489 Τοῦτο
1242 1430 1476 1492 ἀκούσας
1504 1431 1532 1485 6
1564 1431 1740 1504 Κῦρος
1777 1428 2001 1484 ἰπύθετο

343 1516 494 1584 τίνος
531 1520 695 1597 χάριν
738 1517 993 1595 ὀνομάζει
1045 1519 1138 1576 τὸν
1197 1517 1443 1587 Σόλωνα,
1499 1519 1590 1574 καὶ
1659 1518 1784 1592 παρ’
1836 1515 2001 1573 αὐτοῦ

353 1607 543 1667 ἀκούει
567 1608 651 1666 δτι
691 1635 720 1663 ι‹
747 1607 881 1667 Ὅτε
905 1607 1363 1685 αἰχμαλωτεόσας
1391 1608 1484 1664 τὸν
1517 1602 1747 1663 Σόλωνα
1801 1605 2001 1684 ἤνεγκα

344 1697 537 1772 αὗτὸν,
567 1698 930 1782 καυχώμενος
951 1698 1007 1756 ἐν
1041 1701 1111 1775 τῇ
1144 1697 1272 1775 δόξῃ
1310 1718 1416 1774 μου
1444 1697 1537 1754 καὶ
1585 1696 1638 1753 ιν
1664 1699 1744 1769 τῷ
1772 1696 2000 1771 πλούτῳ

2118 725 2425 792 reputans,
2458 738 2593 778 eum
2624 723 2818 791 solvit,
2851 739 2918 779 ac
2948 722 3198 779 comiter
3229 722 3452 776 honore
3487 722 3765 778 affectum

2116 807 2179 863 in
2210 810 2524 883 quadrigas
2555 811 2814 878 sustulit,
2848 810 3241 882 libertateque
3271 815 3332 864 et
3360 808 3559 880 ipsum
3589 814 3649 864 et
3675 825 3766 864 re—

2114 895 2311 968 liquos
2342 895 2602 956 donavit.
2638 900 2743 955 Hic
2771 901 2954 971 Cyrus
3006 914 3255 970 regnum
3285 898 3347 953 in
3373 900 3605 967 Persas,
3647 898 3764 952 Me-

2115 984 2243 1054 dos,
2276 987 2601 1058 Chaldzeos,
2640 988 2937 1059 Assyrios,
2994 987 3191 1057 Syrios
3221 991 3281 1042 et
3331 985 3519 1058 Lydos
3549 985 3762 1042 tenuit.

2189 1074 2349 1131 idem
2380 1076 2563 1148 Cyrus
2615 1077 2833 1143 Crceso,
2890 1093 3070 1149 quem
3118 1082 3359 1149 captum
3410 1077 3761 1135 comburere

2113 1169 2420 1236 statuerat,
2478 1171 2722 1239 propter
2750 1167 3027 1223 Solonem
3084 1168 3369 1239 pepercit.
3427 1169 3542 1223 Res
3586 1184 3655 1224 ea
3683 1169 3766 1226 ita

2109 1258 2275 1326 gesta
2304 1260 2414 1309 est.
2448 1253 2679 1311 Croesus
2707 1270 2843 1312 cum
2870 1256 2999 1327 jam
3030 1256 3104 1312 ad
3125 1256 3396 1311 ﬂammas
3422 1256 3763 1324 duceretur,

2111 1342 2477 1415 exclamavit,
2506 1367 2534 1396 «
2558 1346 2600 1401 0
2622 1346 2819 1411 Solon,
2845 1362 2879 1401 ο
2901 1345 3076 1401 Solon
3105 1344 3117 1398 Ι
3153 1366 3180 1393 ››
3199 1344 3262 1400 1d
3282 1345 3464 1415 Cyrus
3488 1344 3761 1413 audiens,

2109 1446 2349 1490 causam
2374 1447 2479 1491 cur
2495 1435 2773 1491 Solonem
2789 1435 3127 1492 nominaret
3144 1433 3467 1504 requisivit.
3493 1436 3762 1507 Respon-

2107 1517 2196 1579 dit
2215 1525 2447 1581 Crassus
2478 1541 2542 1581 se
2562 1525 2884 1598 aliquando
2910 1525 3131 1594 Soloni,
3153 1538 3289 1580 cum
3314 1540 3451 1580 eum
3483 1526 3759 1597 cepisset,

2109 1611 2359 1687 gloriam
2390 1620 2451 1670 et
2467 1615 2702 1672 divitias
2725 1616 2891 1688 regni
2923 1616 3014 1670 sui
3036 1619 3387 1683 ostentasse,
3420 1630 3489 1670 ao
3510 1615 3761 1672 interro-

2105 1719 2275 1776 gasse
2306 1718 2459 1760 anno
2515 1706 2643 1777 ipso
2700 1705 2960 1775 aliquem
2989 1704 3316 1760 beatiorem
3373 1720 3436 1759 se
3489 1704 3758 1761 invenire

341 1795 448 1860 τῆς
506 1788 788 1868 βασιλείας
844 1808 949 1887 μρυ
998 1789 1152 1845 εἷπον
1210 1789 1381 1862 αὐτῷ’
1435 1790 1665 1845 Δύνασαι
1723 1786 1976 1864 εὖρεῑν,ιῖ

2105 1806 2278 1865 posse
2318 1798 2590 1865 putaret;
2651 1793 2925 1849 Solonem
2957 1811 3097 1850 vero
3155 1793 3377 1850 dixisse
3432 1793 3756 1866 Diogenem

333 1882 555 1955 Σόλων,
607 1875 1090 1955 εὐδαιμονέστερόν
1164 1897 1318 1954 μους
1374 1879 1478 1936 Καὶ
1537 1877 1722 1953 εἴρηκὲ
1782 1896 1875 1952 μοι
1906 1877 1990 1934 ὅτι

332 1972 592 2050 Διογένης
651 1972 681 2028 6
731 1968 964 2034 Κυνικὸς
1016 1968 1496 2046 εὖδαιμονὲστερός
1554 1968 1650 2024 σοό
1722 1969 1834 2025 km
1894 1969 1988 2025 καὶ

333 2059 503 2118 ἄλλοι
533 2055 762 2120 πολλοί.
792 2058 892 2119 Ὅν
925 2056 1389 2134 ἀποπεμψάμενος
1421 2058 1495 2121 ὡς
1533 2053 1755 2133 ἔεηχον,
1787 2057 1989 2133 ἀρτίως

333 2150 593 2227 ᾐσθόμην
614 2149 699 2206 ὅτι
730 2153 816 2225 [Ρ.
852 2152 975 2224 143]
1006 2148 1179 2205 πάντα
1222 2145 1321 2204 τοῦ
1375 2147 1587 2221 κόσμου
1644 2145 1800 2203 οὐδὲν
1834 2146 1983 2203 εἶσιν.

332 2234 447 2298 Ἴδε
485 2239 590 2318 γὰρ
649 2237 735 2296 ὅτι
790 2234 946 2295 οὐδὲν
1004 2234 1298 2317 ὠφελήθην
1361 2234 1420 2293 lx
1449 2235 1546 2293 τοῦ
1602 2235 1848 2292 πλούτου
1886 2243 1988 2307 τῆς

336 2325 624 2407 βασιλείας
684 2350 812 2404 μου.
847 2351 876 2380 ››
935 2325 1249 2400 Τηνικαῦτα
1312 2324 1636 2400 ατσοόμενος
1664 2326 1694 2381 6
1716 2329 1894 2400 Κῦρος
1923 2324 1985 2380 οὐ

338 2416 505 2494 μόνον
536 2416 696 2474 αὐτὸν
742 2417 1095 2493 ἀτιμώρητον
1146 2413 1344 2485 εἴασεν,
1400 2412 1547 2471 ἀλλὰ
1598 2414 1690 2469 καὶ
1743 2416 1984 2488 τιμήσας

338 2501 656 2581 σῦμϐουλον
714 2508 1029 2581 προσήκατο
1093 2502 1185 2561 καὶ
1237 2501 1580 2581 παιδαγωγὸν
1635 2507 1734 2558 τοῦ
1789 2499 1983 2565 παιδὸς

335 2587 660 2672 Καμϐύσου.
721 2596 894 2659 Οὗτος
928 2594 1221 2670 ὁΚροϊσος
1283 2590 1625 2670 βουλόμενος
1689 2596 1770 2665 τῷ
1826 2593 1984 2667 Κύρῳ

337 2682 677 2762 μαχέσασθαι
717 2682 887 2762 ᾔτησε
935 2680 1214 2765 χρησμὸν,
1242 2682 1336 2739 καὶ
1393 2671 1662 2756 λαμϐάνει
1712 2684 1978 2737 τοιοῦτον·

667 2861 841 2922 “Ales
920 2855 1130 2934 διαϐὰς,
1210 2859 1457 2940 μεγάλην
1531 2861 1711 2938 ἀργὴν
1810 2876 1979 2917 κατα-

1710 2950 1906 3025 [λύσει.

400 3046 497 3102 ’ον
562 3042 639 3118 μή
692 3041 908 3115 νοηθεὶς
961 3040 1060 3110 τήν
1126 3038 1405 3116 βασιλείαν
1482 3039 1647 3096 αὐτοῦ
1703 3032 1975 3097 ἀπώλεσε.

326 3138 508 3212 Κῦρος
555 3136 734 3191 τοίνυν
800 3134 891 3191 τὸν
967 3136 1199 3211 Κροῖσον
1267 3130 1555 3203 ὑποτάξας,
1615 3132 1708 3189 τὸν
1767 3128 1973 3202 Δανιὴλ

325 3218 646 3298 συμϐιωτήν
688 3222 777 3279 διὰ
826 3225 926 3293 τὴν
983 3218 1311 3303 προφητείαν
1335 3220 1456 3298 εἶχε
1507 3221 1597 3277 καὶ
1661 3221 1972 3296 ὁμοὲστιον.

326 3313 426 3371 Καί
476 3318 557 3387 τῷ
613 3310 735 3387 λαῷ
792 3309 849 3368 δὲ
894 3314 995 3382 τήν
1049 3306 1310 3368 ἒπάνοδον
1373 3312 1506 3386 μετὰ
1563 3309 1821 3387 λαμπροῦ
1875 3314 1972 3366 τοῦ

321 3402 673 3477 κηρύγματος
723 3396 984 3457 ἐθέσπισε.
1042 3398 1175 3455 Τότε
1227 3396 1319 3455 καὶ
1374 3397 1403 3454 6
1460 3397 1581 3472 Βὴλ
1636 3400 1760 3461 ταῖς
1809 3393 1973 3454 αὐτοῦ

323 3486 689 3564 συμϐουλίαις
748 3486 1110 3570 κατεστράφη,
1141 3486 1233 3544 καὶ
1264 3489 1293 3543 ὁ
1324 3484 1536 3564 δράκων
1589 3493 1658 3563 τῇ
1723 3491 1820 3543 τοῦ
1868 3496 1972 3544 Δα-

316 3578 447 3649 νιὴλ
480 3576 844 3655 ἆντανῂρηται
876 3598 1101 3651 συνεσει,
1154 3579 1245 3634 καὶ
1294 3577 1345 3633 o't
1403 3577 1598 3634 τούτου
1652 3577 1969 3652 θεραπευταὶ

318 3665 745 3737 ἆπώλοντο,καὶ
802 3668 962 3731 αὐτὸς
1005 3668 1069 3723 τὸ
1127 3662 1374 3743 δεύτερον
1420 3672 1524 3736 τῆς
1573 3669 1682 3721 τῶν
1735 3663 1967 3721 λεόντων

320 3755 614 3830 ὠμότητος
669 3756 927 3834 ὲρῥυσθη,
982 3754 1075 3813 καὶ
1131 3759 1183 3813 οἱ
1239 3761 1430 3813 τοῦτον
1492 3751 1862 3825 διαϐαλόντες,
1913 3752 1966 3811 ἄν

317 3845 506 3909 αὐτοῖς
547 3846 961 3923 ἆντανῃροῦντο.
1026 3846 1200 3910 Οὗτος
1257 3848 1437 3921 Κῦρος
1498 3845 1591 3921 μὶν
1648 3837 1967 3914 Ἑλληνιστὶ

317 3937 591 4008 ἐκαλεῖτο,
622 3938 975 4016 Ἀρταξέρξης
1008 3934 1065 3994 δὲ
1115 3937 1205 3994 καὶ
1265 3936 1631 4013 Ἀρθασασθὰς
1688 3935 1962 4012 Ηερσιστί.

313 4031 524 4086 Τοῦτον
555 4029 645 4083 τὸν
714 4028 891 4103 Κῦρον
940 4027 1134 4083 κτείνει
1191 4029 1226 4097 ἡ
1296 4025 1513 4102 βασιλὶς
1569 4027 1963 4104 Μασσαγετῶν*

314 4117 810 4192 προσ-ποιησαμένη
866 4116 969 4194 γὰρ
1043 4112 1135 4171 διὰ
1203 4114 1537 4190 μηνυμάτων
1604 4116 1738 4171 εἶναι
1795 4116 1963 4172 αὐτοῦ

312 4204 519 4277 δούλη,
553 4199 787 4280 ἔπεμψεν
814 4205 962 4279 αὖτῷ
1021 4203 1172 4281 δῶρα
1225 4205 1315 4260 καὶ
1375 4200 1624 4282 πρόϐατα
1667 4205 1761 4261 καὶ
1817 4206 1963 4262 οἶνον

310 4293 490 4350 πολὺν
554 4296 685 4368 μετᾶ
730 4295 933 4367 ἀσκῶν,
985 4296 1070 4351 καὶ
1136 4296 1478 4369 μεθυσάντων
1524 4298 1633 4350 τῶν
1690 4295 1814 4371 περῖ
1870 4297 1963 4352 τὸν

328 2867 567 2941 Κροῖσος

2104 1880 2386 1954 Cynicum
2417 1883 2758 1955 multosque
2779 1884 2930 1939 alios
2978 1884 3107 1955 ipso
3139 1900 3267 1939 esse
3313 1882 3652 1950 feliciores;
3684 1900 3754 1943 ac

2100 1977 2241 2027 tunc
2273 1973 2515 2043 quidem
2546 1991 2580 2027 ιι
2610 1990 2672 2029 se
2722 1973 3000 2029 Solonem
3033 1974 3135 2038 ita,
3163 1977 3229 2027 ut
3259 1973 3363 2044 qui
3412 1978 3611 2029 mente
3644 1990 3750 2030 ca-

2097 2067 2234 2134 ptus
2276 2062 2595 2130 videretur,
2626 2062 2810 2119 fuisse
2869 2063 3183 2118 dimissum
3210 2079 3224 2116 :
3256 2078 3415 2117 nunc
3462 2068 3661 2118 autem
3687 2080 3749 2120 se

2097 2152 2373 2222 experiri,
2406 2151 2693 2224 quidquid
2748 2152 2808 2207 in
2866 2152 3088 2207 mundo
3143 2156 3256 2219 est,
3301 2151 3361 2207 id
3393 2151 3545 2207 nihil
3574 2167 3747 2209 esse:

2094 2256 2234 2298 nam
2266 2241 2375 2298 sibi
2408 2242 2650 2314 quidem
2683 2242 2917 2298 divitias
2937 2241 3101 2315 regni
3133 2243 3224 2298 sui
3249 2242 3403 2298 nihil
3428 2241 3743 2314 profuisse.

2093 2330 2180 2386 Ibi
2210 2333 2413 2404 Cyrus,
2462 2348 2528 2388 re
2558 2331 2951 2401 considerata,
3001 2346 3120 2388 non
3162 2332 3452 2404 supplicio
3509 2337 3742 2389 tantum

2092 2421 2353 2477 Croesum
2385 2421 2694 2489 subtraxit,
2731 2422 2833 2476 sed
2856 2422 3082 2477 honore
3114 2422 3293 2477 etiam
3325 2421 3547 2486 affecit,
3595 2438 3738 2477 con-

2092 2509 2384 2566 siliarium
2415 2508 2525 2565 sibi
2555 2526 2690 2566 eum
2721 2516 2781 2566 et
2811 2510 2917 2564 lilii
2950 2509 3041 2565 sui
3062 2509 3367 2579 Cambysis
3387 2509 3737 2580 magistrum

2088 2592 2334 2655 faciens.
2370 2600 2514 2655 liuie
2548 2600 2694 2656 251
2733 2602 2947 2664 Croeso,
2996 2611 3132 2652 eum
3177 2599 3325 2669 Cyro
3354 2596 3581 2652 bellum
3610 2595 3737 2653 illa-

2091 2690 2258 2743 turus
2279 2688 2586 2744 oraculum
2606 2688 2994 2760 poposcisset,
3018 2685 3104 2743 sic
3128 2687 3321 2742 fuerat
3342 2698 3694 2758 responsum
3716 2698 3735 2743 :

2089 2870 2297 2928 Crassus
2333 2869 2519 2940 Halyn
2565 2875 2870 2940 penetrem
2922 2882 3181 2937 magnam
3237 2872 3515 2937 pervertet
3571 2879 3736 2937 opum

3544 2954 3698 3030 [υἰηι.

2085 3048 2251 3115 Quod
2280 3046 2382 3103 ille
2412 3061 2533 3103 non
2565 3048 2928 3121 intelligens,
2961 3062 3135 3102 suum
3173 3060 3422 3118 regnum
3449 3044 3733 3116 perdidit.

2085 3138 2269 3212 Cyrus
2323 3140 2519 3197 Crasso
2591 3141 2837 3196 subacto
2894 3138 3204 3195 Danielum
3262 3136 3518 3192 vaticinii
3554 3153 3735 3192 causa

2086 3228 2296 3286 domus
2326 3244 2666 3301 mensaeque
2699 3244 2821 3285 suae
2852 3226 3126 3301 dignatus
3158 3231 3247 3281 est
3276 3224 3730 3294 communitate,

2082 3317 2409 3390 populique
2434 3317 2694 3374 reditum
2723 3316 2941 3389 insigni
2965 3315 3157 3371 edicto
3187 3313 3529 3386 publicavit.
3569 3315 3730 3368 Tunc

2083 3413 2143 3463 et
2163 3408 2335 3464 Belus
2365 3408 2614 3464 consilio
2665 3406 2894 3463 Danieli
2944 3420 3183 3462 eversus
3213 3410 3320 3470 est,
3372 3409 3432 3460 et
3458 3404 3727 3477 ejusdem

2081 3498 2406 3554 calliditate
2437 3498 2613 3554 draco
2669 3497 3037 3563 interfectus,
3071 3495 3373 3566 occisique
3429 3494 3637 3550 famuli
3670 3500 3729 3549 et

2079 3584 2360 3643 Danielus
2384 3587 2578 3643 denuo
2601 3590 2840 3658 ereptus
2856 3586 3098 3642 leonum
3122 3585 3378 3652 smvitias,
3402 3583 3728 3640 calumnia-

2081 3680 2239 3731 tores
2270 3675 2399 3746 ejus
2428 3676 2501 3731 ab
2557 3676 2631 3731 iis
2688 3676 2882 3731 necati
2935 3680 3092 3731 sunt.
3122 3674 3225 3728 Hic
3283 3677 3466 3745 Cyrus
3504 3674 3722 3741 Greece,

2079 3762 2312 3819 Persice
2348 3768 2699 3820 Artaxerxes
2730 3771 2787 3819 et
2812 3763 3227 3819 Arthasasthas
3257 3761 3493 3817 dicitur.
3527 3761 3724 3816 Inter-

2075 3851 2266 3909 fectus
2297 3857 2387 3908 est
2414 3868 2449 3909 a
2472 3852 2677 3926 regina
2707 3854 3188 3924 Massagetarum.
3240 3850 3373 3905 Hmc
3426 3866 3535 3921 per
3574 3865 3724 3904 nun-

2076 3943 2209 4007 tios,
2270 3942 2559 3998 simulans
2608 3959 2669 3996 se
2729 3941 2781 3997 ei
2824 3941 2885 3995 in
2942 3940 3286 3995 servitutem
3343 3937 3506 4004 dare,
3566 3937 3723 3993 dona

2074 4030 2257 4100 misit,
2289 4036 2349 4085 et
2376 4042 2512 4086 oves
2541 4036 2601 4086 et
2626 4030 2746 4087 vini
2770 4030 3022 4086 multum
3052 4028 3114 4083 in
3135 4027 3386 4083 utribus.
3424 4025 3719 4082 lnebriato

2073 4124 2273 4175 autem
2302 4136 2439 4175 cum
2469 4119 2593 4176 suis
2623 4121 2792 4191 Cyro,
2826 4133 2929 4175 eos
2966 4117 3172 4174 adorta
3200 4116 3504 4172 universos
3535 4131 3719 4187 prope

2074 4210 2325 4277 occidit;
2359 4210 2612 4282 Cyrique
2641 4216 2819 4283 caput
2848 4211 2911 4267 in
2961 4214 3154 4264 utrem
3180 4207 3435 4279 conjecit
3463 4206 3668 4262 dicens
3700 4221 3717 4262 :

2075 4320 2104 4350 ‹‹
2139 4298 2438 4368 Saturare,
2469 4300 2825 4357 insatiabilis
2855 4302 3023 4372 Cyre.
3054 4318 3082 4348 »

311 4387 487 4459 Κῦρον
529 4382 818 4458 ὶεελθοῦσα
847 4383 1041 4461 σχεδὸν
1080 4386 1286 4450 πάντας
1313 4383 1611 4460 ἀπέκτεινε,
1639 4386 1728 4442 καὶ
1790 4380 2072 4461 λαϐομένη
2129 4392 2228 4444 τοῦ
2286 4388 2467 4465 Κύρου
2523 4383 2688 4445 ἔϐαλε
2742 4389 2842 4459 τήν
2889 4387 3128 4467 κεφαλὴν
3181 4383 3346 4442 αἱ)τοῦ
3399 4384 3479 4449 εἷς
3540 4383 3734 4458 ασκὸν,

312 4472 574 4551 λὲγουσα·
616 4497 644 4531 ε
673 4476 987 4550 Κορὲσθητι,
1019 4475 1275 4550 ἀκόρεστε
1303 4479 1459 4550 Κῦρε.
1493 4494 1523 4527 »

387 4525 555 4621 iis};
590 4525 1209 4640 3‘.;.';;;,;";a."';.3:
1231 4525 1743 4641 isseisse“...
1802 4565 1963 4641 ικρά-

2140 4570 2279 4624 Post
2290 4569 2653 4626 Baltazarem
2668 4567 3261 4626 Nabuchodonosoris
3274 4525 3465 4623 filium
3479 4583 3725 4639 regnum

308 4670 449 4723 τησε
476 4656 579 4720 τῆς
603 4653 785 4729 ἆρχης
835 4659 1057 4729 Δαρεῖος
1090 4656 1118 4711 ὁ
1149 4654 1456 4735 Ἀστυάγης
1502 4648 1599 4726 ἔτη
1656 4654 1719 4724 ιζ’
1726 4674 1739 4688 ·
1789 4652 1870 4732 ιγ’
1900 4654 1963 4710 οὗ

312 4740 523 4812 Δανιὴλ
546 4742 643 4797 τὸν
693 4737 1162 4815 ἰϐδομηκονταετῆ
1220 4749 1321 4814 τῆς
1372 4739 1705 4815 μετοικεσίας
1759 4744 1960 4819 χρόνον

310 4827 679 4907 διαγινώσκει,
709 4831 939 4887 καὶτῶν
985 4832 1117 4888 ἔπτὰ
1170 4826 1492 4907 ἓϐδομάδων
1550 4833 1702 4907 αὐτῷ
1753 4833 1815 4888 τὸ
1858 4854 1961 4907 μυ-

312 4920 537 4993 στήριον
569 4919 1032 4979 ἆποκαλόπτέται.
1074 4920 1261 4979 Καῖεῑ
1283 4940 1367 4984 τις
1429 4918 1671 4999 ἀκριϐῶς
1720 4921 1959 4993 ἆξετάσαι

317 5006 570 5085 βουληθῇ
599 5010 692 5065 τὸν
722 5009 887 5087 λόγον
915 5011 1004 5066 καὶ
1037 5008 1495 5087 διαριθμήσασθαι
1532 5010 1662 5074 τοὺς
1697 5012 1959 5086 χρόνους,

311 5096 612 5172 ἀρξάμενος
662 5098 769 5154 ἀπὸ
848 5097 1033 5170 ἐξόδου
1091 5098 1275 5174 λόγων
1328 5100 1464 5156 κατὰ
1518 5101 1612 5155 τὸν
1664 5102 1957 5179 προφήτην

307 5190 407 5241 τοῦ
487 5185 925 5262 οίκοδομηθῆναι
1005 5187 1392 5264 Ἰερουσαλὴμ,
1484 5187 1763 5245 τουτέστιν
1848 5188 1956 5245 ἀπὸ

306 5270 548 5349 Νεεμίου
604 5278 726 5332 υἱοῦ
782 5277 996 5354 Ἀχελῆ
1060 5280 1160 5334 τοῦ
1214 5278 1612 5354 ἀρχιοινοχόου
1672 5276 1954 5353 Ἀρταεᾶρο

299 5365 419 5436 εον,
471 5364 532 5426 δς
577 5364 827 5436 ἀξιωθεὶς
872 5366 963 5421 καὶ
1020 5364 1336 5442 ἰπιτραπεὶς
1395 5367 1590 5422 ἄνεισιν
1650 5362 1954 5440 οἰκοδομῆ-

304 5471 395 5508 σαι
434 5451 503 5508 τὰ
546 5453 926 5529 Ἰεροσόλυμα,
983 5456 1204 5531 εὑρήσει
1261 5455 1358 5520 τὰς
1412 5456 1455 5511 o'
1514 5458 1953 5533 συμπεραινομίο

301 5558 400 5603 νας
432 5536 761 5616 ἑϐδομάδας,
780 5538 873 5615 ἔτη
907 5543 989 5622 ul,‘
1035 5542 1124 5600 ἐπὶ
1151 5545 1243 5600 τὸν
1269 5545 1457 5620 καιρὸν
1486 5544 1689 5602 ικεῖνον
1731 5545 1821 5601 ὅτε
1848 5562 1952 5602 πα-

306 5628 562 5689 λαιοῦται
606 5632 672 5687 τὸ
725 5632 1079 5710 παράπτωμα
1126 5634 1219 5690 καὶ
1276 5627 1607 5691 συντελεῖται
1648 5632 1955 5710 ηὰμαρτία

2072 4672 2181 4729 per
2203 4673 2395 4715 annos
2428 4664 2494 4714 l7
2523 4659 2734 4716 Darius
2762 4660 3045 4731 Astyages
3092 4658 3303 4714 tenuit.
3339 4656 3454 4712 Sub
3500 4672 3569 4711 eo
3602 4658 3722 4712 Da-

2072 4749 2270 4805 nielus
2300 4755 2535 4821 tempus
2563 4751 2634 4804 70
2659 4761 2953 4805 annorum
2988 4747 3181 4803 exsilii
3228 4746 3510 4817 dignovit,
3545 4744 3718 4816 siquo

2073 4840 2424 4908 mysterium
2455 4843 2684 4910 septem
2715 4837 3184 4909 septimanarum
3217 4840 3307 4889 est
3336 4834 3714 4905 patefactum.

2068 4928 2152 4982 Ac
2182 4928 2231 4982 si
2290 4929 2423 4999 quis
2453 4928 2700 5000 praseise
2751 4926 3092 4982 examinare
3123 4938 3256 4979 eam
3313 4938 3439 4977 rem
3465 4919 3622 4976 volet
3649 4933 3717 4974 ac

2068 5021 2338 5089 tempora
2388 5017 2795 5085 dinumerare,
2852 5016 2903 5072 is
2962 5015 3115 5070 facto
3162 5010 3456 5082 principio
3513 5009 3586 5064 ab
3644 5023 3714 5064 eo

2068 5112 2332 5178 tempore
2364 5122 2481 5179 quo
2521 5107 2832 5179 impletum
2880 5110 2968 5159 est
2997 5101 3337 5158 vaticinium
3367 5098 3441 5156 de
3488 5098 3713 5154 instau-

2064 5196 2267 5252 randis
2300 5196 2745 5267 Hierosolymis,
2773 5194 3056 5250 nimirum
3086 5208 3120 5247 ιι
3148 5189 3435 5247 Nehemia
3476 5185 3711 5245 Achelos

2065 5284 2244 5351 filius,
2305 5286 2406 5354 qui
2464 5285 2742 5356 princeps
2772 5283 2886 5338 fuit
2939 5282 3360 5354 pincernarum
3412 5278 3565 5336 252
3602 5280 3710 5334 Ar-

2064 5372 2340 5438 taxerxis,
2374 5372 2474 5441 qui
2505 5370 2842 5443 impetravit
2858 5368 3207 5425 missionem
3228 5366 3301 5422 ad
3322 5366 3711 5423 instauranda

2064 5459 2472 5530 Hierosolyma
2495 5460 2670 5530 eique
2708 5458 3019 5529 prmfectus
3046 5455 3179 5525 fuit,
3202 5455 3613 5528 deprehendet
3641 5459 3709 5513 ‘0

2063 5548 2446 5621 septimanas,
2468 5548 2529 5604 id
2551 5552 2642 5603 est
2661 5560 2851 5603 annos
2870 5548 2996 5615 490,
3019 5546 3265 5602 exivisse
3287 5546 3362 5603 ad
3386 5546 3447 5601 id
3468 5552 3701 5620 tempus

2062 5652 2179 5712 quo
2208 5638 2581 5715 antiquatum
2601 5643 2693 5695 est
2717 5635 3022 5706 delictum,
3052 5641 3113 5693 et
3142 5636 3279 5693 linis
3304 5645 3547 5711 peccato
3594 5638 3701 5695 im-
