4186 6190
460 323 578 386 287

1812 317 2134 381 GEORGII
2177 316 2519 381 CEDREN’I

3742 313 3862 375 288

460 457 712 531 positus,
745 473 813 512 ac
840 456 987 511 visio
1027 455 1356 528 obsignata,
1411 452 1880 522 vaticinatusque
1929 454 2019 506 est
2049 455 2093 505 et

2214 446 2307 503 καὶ
2338 446 2682 527 σφραγίζεται
2730 444 2913 521 ὅραμα
2963 443 3053 500 καῖ
3118 441 3446 521 πρόφτ,τεύει
3506 443 3591 499 καὶ
3647 443 3862 519 χρίεται

424 552 677 603 'unctus
739 546 989 602 Sanctus
1038 549 1405 612 sanctorum,
1462 542 1576 598 hoc
1633 546 1742 609 est,
1798 556 1988 612 usque
2036 539 2112 596 ad

461 635 677 691 Christi
709 634 1025 691 adventum
1057 638 1115 688 et
1143 649 1237 688 res
1258 637 1475 704 gestas.

534 725 718 795 Cyrus
748 725 948 789 Persa,
1008 737 1210 777 everso
1268 720 1569 776 Medorum
1626 724 1688 775 et
1732 718 2107 789 Assyriorum

460 811 733 883 imperio,
762 811 1159 881 universaque
1191 810 1331 865 Asia
1351 808 1614 875 subacta,
1635 807 1901 880 regnavit
1919 822 2110 862 annos

459 902 546 955 31.
579 900 780 954 Primo
813 899 947 971 ejus
977 915 1134 954 anno
1163 899 1232 953 78
1256 898 1448 953 exsilii
1471 898 1613 953 anni
1639 896 1918 968 cempleti
1949 900 2104 953 sunt.

457 988 803 1059 Insequenti
832 1002 989 1043 anno
1012 988 1294 1054 Hebraeis,
1318 987 1419 1058 qui
1457 987 1696 1053 vellent,
1728 984 2024 1041 concessit
2044 989 2112 1039 ut

460 1077 871 1147 Hierosolyma
909 1075 1173 1131 redirent
1220 1076 1423 1147 ibique
1471 1074 1825 1142 habitareni,
1879 1078 1938 1128 et
1965 1078 2111 1128 tem-

459 1164 627 1236 plum
653 1164 933 1220 aediticari
951 1164 1153 1235 jussit,
1186 1166 1373 1219 Duces
1409 1163 1635 1218 reditus
1671 1161 1912 1216 fuerunt
1939 1163 2108 1217 Jesus

454 1254 722 1309 Josedeci
754 1254 1059 1326 pontificis
1117 1252 1361 1309 maximi
1411 1252 1571 1308 filius
1600 1255 1661 1307 et
1713 1248 2107 1306 Zorobabelus

455 1343 761 1399 Salathieli
796 1343 975 1409 illius,
1034 1359 1103 1399 ac
1155 1349 1315 1398 vates
1367 1345 1635 1415 Aggmus,
1696 1347 1754 1398 et
1796 1340 2106 1396 Zacharias

454 1432 702 1490 lddonis
733 1433 916 1489 illius.
946 1434 1014 1488 Hi
1046 1450 1181 1489 eum
1213 1433 1602 1489 fundamenta
1624 1431 1831 1503 templi
1871 1431 2108 1503 posuis-

457 1527 612 1590 sent,
643 1522 716 1578 ab
746 1522 1106 1579 absolvendo
1138 1538 1314 1595 Opere
1338 1526 1493 1577 totos
1521 1523 1592 1575 42
1620 1537 1810 1575 annos
1835 1519 2103 1591 impediti

459 1616 619 1677 sunt,
644 1610 834 1667 donec
892 1612 1103 1668 Darius
1134 1611 1437 1683 HystaSpis
1484 1609 1666 1679 filius,
1721 1607 1983 1665 secundo
2013 1608 2104 1663 sui

454 1701 624 1774 regni
653 1718 834 1769 anno,
861 1701 1152 1774 repressis
1181 1701 1283 1772 qui
1313 1700 1648 1757 obstabant.
1681 1699 1919 1754 mdificii
1959 1704 2105 1754 tem-

454 1790 539 1864 pli
571 1790 1015 1848 absolutionem
1064 1790 1380 1863 expedivit,
1429 1790 1492 1846 in
1521 1805 1700 1862 quam
1756 1788 1857 1845 alii
1887 1790 1921 1842 4
1959 1789 2101 1844 anni

453 1879 767 1952 insumpti.
799 1883 1004 1952 Itaque
1052 1879 1341 1951 templum
1372 1879 1547 1934 annis
1583 1877 1827 1934 omnino
1875 1879 1943 1932 46
1974 1893 2101 1948 per-

449 1967 679 2025 fectum
714 1968 848 2025 fuit.

2213 537 2403 612 Ἄγιος
2437 535 2630 610 ἁγίων,
2661 535 2937 591 τουτέστιν
2965 532 3057 588 ἐπὶ
3103 535 3203 603 τήν
3262 534 3505 609 Χριστοῦ
3562 532 3859 609 παρουσίαν

2211 626 2303 681 καὶ
2320 626 2421 694 τήν
2453 623 2657 695 λοιπὴν
2680 643 3077 699 πραγματειαν.

2284 717 2461 791 Κῦρος
2494 714 2523 770 6
2554 713 2784 789 Ιιέρσης,
2823 712 3128 775 καταλύσας
3157 711 3256 780 τήν
3285 706 3510 782 Μήδων,
3542 711 3632 767 καὶ
3666 712 3862 767 Ἀσσυ-

2215 802 2348 879 ρίων
2413 799 2748 874 δυναστείαν,
2805 803 3081 877 κρατήσας
3139 797 3195 855 δὲ
3230 805 3331 869 τῆς
3388 799 3570 862 Ἀσίας
3625 799 3860 872 ἀπάσης,

2210 887 2553 948 ἐϐασίλευσεν
2637 885 2731 963 ἔτη
2793 889 2901 949 λα’.
2976 892 3189 948 Τούτου
3242 894 3323 963 τῷ
3375 889 3581 964 πρώτῳ
3636 889 3865 963 ἐνιαυτῷ

2210 977 2718 1056 ἐϐδομηκονταετὴς
2782 981 2987 1060 χρόνος
3041 986 3143 1049 τῆς
3202 976 3541 1052 μετοικεσίας
3601 977 3864 1053 συμπλη-

2211 1075 2422 1148 ροῦται.
2481 1072 2568 1129 Ἐν
2643 1067 2702 1127 δὲ
2782 1073 2865 1143 τῷ
2914 1068 3168 1142 ἑπομένῳ
3232 1064 3348 1122 ἔτει,
3401 1069 3679 1143 συγχωρεῖ
3731 1066 3861 1132 τοῦς

2211 1158 2540 1235 δυναμένους
2602 1163 2712 1216 τῶν
2800 1154 3072 1233 Ἐϐραίων
3129 1154 3351 1226 οἰκίζειν
3408 1155 3734 1221 ἀνελθόντας
3783 1157 3863 1219 είς

2208 1237 2584 1326 Ἱεροσόλυμα,
2660 1248 2752 1305 καὶ
2832 1249 2927 1303 τὸν
3009 1248 3135 1303 ναὸν
3205 1242 3638 1319 οἰκοδομηθῆναι
3692 1266 3861 1322 προσ-

2209 1337 2377 1409 ἐταξε.
2406 1341 2524 1408 Τῆς
2555 1339 2610 1394 δὲ
2664 1334 2933 1394 ἒπανόδου
2990 1339 3227 1413 ἡγοῦντο
3288 1336 3498 1405 Ἰησοῦς
3531 1334 3560 1390 6
3597 1338 3693 1390 τοῦ
3742 1336 3860 1394 Ἰω-

2209 1423 2365 1483 σεδὲκ
2394 1426 2635 1504 μεγάλου
2677 1427 2865 1501 ἱερὲως
2924 1426 3022 1482 καὶ
3079 1417 3389 1499 Ζοροϐάϐελ
3447 1425 3475 1478 ὁ
3529 1427 3627 1479 τοῦ
3680 1423 3861 1480 Σαλα-

2208 1514 2364 1586 θιὴλ,
2398 1516 2490 1572 καί
2521 1517 2809 1594 προφήτης
2872 1518 2959 1588 [Ρ.
3022 1516 3146 1587 144]
3201 1513 3478 1588 Ἀγγαῖος,
3537 1512 3631 1569 καὶ
3679 1518 3862 1589 Ζαχα-

2210 1606 2325 1684 ρίας
2358 1608 2387 1662 6
2416 1611 2514 1663 τοῦ
2562 1603 2770 1665 Ἀδδώ.
2830 1603 3198 1679 Καταθὲμενοι
3256 1601 3315 1660 δὲ
3371 1604 3421 1659 οἱ
3478 1604 3603 1680 περὶ
3648 1606 3858 1675 Ἰησοῦν

2203 1701 2302 1754 τοῦ
2331 1701 2463 1753 ναοῦ
2490 1698 2590 1767 τήν
2620 1691 2778 1772 ἕδραν
2823 1695 2907 1770 ἐφ’
2956 1694 3115 1758 ὅλοις
3178 1695 3577 1767 τεσσαράκοντα
3641 1696 3731 1749 καὶ
3763 1692 3860 1752 δύο

2206 1782 2345 1844 ἔτεσι
2373 1787 2438 1842 τὸ
2483 1784 2641 1861 ἔργον
2700 1784 3011 1842 ἐκωλύοντο
3070 1789 3506 1861 συμπεραιῶσαι,
3567 1781 3766 1863 μέχρις
3797 1783 3861 1839 οῦ

2212 1881 2435 1949 Δαρεῖος
2467 1877 2496 1931 6
2537 1875 2860 1945 Ὑστάσπου,
2918 1870 3152 1951 δευτέρῳ
3204 1871 3311 1931 ἔτει
3372 1873 3474 1943 τῆς
3540 1872 3707 1928 αὐτοῦ
3761 1873 3865 1947 βα-

2216 1963 2443 2035 σιλείας,
2484 1965 2613 2027 τοὺς
2672 1960 3063 2037 ἐμποδίζοντας
3110 1958 3429 2027 ἀναστείλας
3480 1957 3693 2016 τελείαν
3744 1959 3864 2017 ἐπι-

455 2056 642 2128 τρέπει
676 2057 773 2108 τοῦ
800 2058 934 2110 ναοῦ
961 2074 1063 2124 την
1094 2054 1416 2125 κατασκεήν.
1453 2053 1552 2110 Καὶ
1611 2050 2032 2127 συμπληροῦται
2091 2050 2142 2106 ἐν
2198 2048 2395 2115 ἄλλοις
2447 2047 2695 2127 τέτρασιν
2745 2047 2938 2120 ἔτεσιν,
2994 2047 3135 2105 ὥστε
3186 2045 3565 2115 συντελεθῆναι
3623 2049 3780 2104 αὐτὸν
3808 2047 3866 2104 ἰν

432 2138 609 2203 δλοις
640 2137 780 2197 ἔτεσι
812 2143 923 2216 μς’.

521 2231 863 2303 Cambyses,
894 2233 996 2304 qui
1030 2231 1192 2289 idem
1240 2236 1598 2289 Artaxerxes
1618 2234 1960 2304 usurpatur,
1992 2247 2101 2287 an-

448 2335 561 2376 nos
589 2321 854 2393 regnavit
878 2322 937 2379 8.
994 2321 1381 2393 Sphendanes
1408 2326 1469 2377 et
1504 2319 1855 2387 Cimerdius,
1887 2318 2100 2375 fratres

448 2412 627 2484 magi,
658 2427 896 2467 menses
952 2414 1003 2466 '7.
1035 2413 1152 2468 Hos
1182 2412 1426 2468 adortus
1474 2418 1534 2469 et
1586 2411 1830 2469 victoria
1878 2409 2100 2482 potitus

446 2498 659 2556 Darius
692 2515 764 2555 ex
792 2500 1142 2572 posteritate
1167 2499 1323 2572 Cyri,
1358 2500 1663 2573 Hystaspis
1684 2499 1866 2567 filius,
1897 2514 2103 2571 regna-

442 2589 526 2644 vit
554 2604 744 2661 usque
792 2589 946 2646 258
1008 2589 1083 2645 ad
1113 2588 1279 2645 urbis
1328 2588 1768 2645 absolutionem
1824 2604 2013 2643 annos
2043 2588 2097 2654 6,

432 2686 514 2735 lac
544 2678 694 2735 alios
724 2678 941 2735 deinde
974 2682 1062 2735 30.
1097 2679 1215 2735 Sub
1246 2678 1357 2735 hoc
1401 2678 1784 2753 Hippocrates
1829 2676 2100 2733 medicus

448 2768 731 2825 innotuit.

519 2859 744 2913 Xerxes
773 2857 927 2913 Earii
960 2857 1121 2912 filius
1152 2873 1401 2929 regnum
1432 2856 1613 2929 gessit
1642 2872 1831 2912 annos
1860 2859 1951 2927 20,
1991 2858 2097 2911 Ar-

446 2945 698 3003 tabanus
727 2963 964 3002 menses
994 2950 1048 3015 7,
1080 2948 1436 3002 Artaxerxes
1475 2946 1872 3018 Longimanus
1910 2960 2098 3001 annos

432 3038 533 3092 40.
559 3037 676 3092 Sub
700 3037 812 3093 hoc
831 3037 1114 3103 Estheraa,
1139 3035 1488 3091 Mardochaai
1506 3041 1566 3092 et
1584 3034 1828 3091 Amanis
1850 3034 2100 3091 historia

444 3125 660 3183 evenit.
690 3128 883 3196 Atque
911 3125 1025 3181 hoc
1058 3124 1242 3180 armis
1263 3124 1628 3180 aedificantes
1658 3121 1931 3195 cingente
1954 3123 2097 3181 Hie-

440 3213 747 3284 rosolyma
792 3213 1123 3269 instaurata
1155 3217 1311 3268 sunt.
1364 3211 1451 3267 Ab
1495 3211 1674 3283 hujus
1704 3215 1906 3267 octavo
1939 3227 2095 3267 anno

2282 2223 2582 2303 Καμϐύσης
2636 2229 2666 2284 6
2721 2227 2812 2283 καὶ
2870 2225 3231 2303 Ἀρταξέρξης
3285 2220 3629 2283 ἐϐασίλευσεν
3684 2224 3777 2299 ἔτη
3810 2234 3866 2296 η’

2210 2315 2512 2396 Σφενδάνης
2568 2318 2658 2375 καὶ
2708 2314 2997 2393 Κιμέρδιος
3055 2312 3281 2395 ἀδελφοὶ
3359 2317 3522 2393 μάγοι
3583 2324 3755 2390 μῆνας
3797 2318 3865 2387 ζ’,

2209 2410 2484 2486 Δαρεῖοςὸ
2516 2410 2692 2482 Κύρου
2749 2407 3043 2483 ἀπόγονος,
3073 2404 3372 2463 Ὑστάσπου
3433 2402 3491 2461 δὲ
3546 2405 3684 2476 υίὸς,
3741 2411 3865 2469 τοῖς

2213 2497 2417 2574 μάγοις
2473 2495 2788 2571 ἐπιθέμενος
2840 2495 2931 2551 καὶ
2983 2497 3259 2572 κρατήσας
3314 2488 3630 2551 ἐϐασίλευσε
3690 2494 3863 2570 μέχρι

2209 2585 2666 2663 συμπληρώσεως
2699 2583 3067 2659 Ἰερουσαλὴμ
3093 2582 3189 2656 ἔτη
3248 2581 3323 2655 ἕξ,
3381 2583 3472 2640 καὶ
3536 2584 3672 2660 πρὸς
3729 2584 3864 2639 τού-

2206 2696 2325 2733 τοις
2375 2672 2533 2752 ’ἕτερα
2589 2672 2659 2734 λ’.
2721 2674 2847 2733 Ἐπὶ
2900 2672 3097 2730 τούτου
3175 2673 3539 2748 Ἱπποκράτης
3599 2675 3627 2729 6
3680 2673 3867 2748 ἰατρὸς

2209 2763 2558 2843 ἑγνωρίζετο.

2277 2853 2488 2930 Ξέρξης
2519 2855 2549 2910 6
2581 2854 2807 2928 Δαρείου
2836 2853 2962 2925 ήὶὸς
2993 2847 3335 2909 ἐϐασίλευσεν
3393 2850 3487 2924 ἔτη
3544 2852 3612 2922 κ’,
3663 2853 3865 2926 Ἀρτά-

2208 2938 2378 2999 ϐανος
2438 2949 2613 3017 μῆνας
2674 2943 2737 3012 ζ’,
2789 2940 3145 3018 Ἀρταξέρξης
3201 2942 3231 2995 6
3288 2940 3601 3016 Μακρόχειρ
3653 2933 3745 3010 ἔτη
3781 2942 3859 3013 μ’.

2205 3031 2333 3090 Ἐπὶ
2389 3033 2586 3089 τούτου
2640 3030 2709 3087 τὰ
2762 3031 2900 3086 κατὰ
2958 3031 3157 3105 Ἐσθήρ
3212 3032 3301 3086 καὶ
3359 3027 3716 3105 Μαρδοχαῖον
3764 3030 3863 3084 καὶ

2206 3124 2383 3195 Ἀμᾶν
2432 3119 2705 3197 ἐπράχθη.
2766 3120 2888 3177 Ἐπὶ
2942 3117 3141 3176 τούτου
3198 3116 3535 3193 ᾠκοδομήθη
3584 3118 3864 3196 Ἰερουσα-

2206 3208 2350 3284 λήμ,
2434 3207 2631 3273 ’ὀπλοις
2712 3209 2840 3272 τοὺς
2912 3208 3260 3286 ἐνεργοῦντας
3365 3207 3860 3284 περιτειχίσαντος,

443 3304 513 3355 70
542 3301 891 3371 septimanae
941 3300 1329 3357 numeranda;
1377 3304 1538 3368 sunt,
1583 3298 1831 3356 Danielo
1876 3316 1984 3371 per
2022 3299 2093 3355 vi-

2210 3299 2347 3357 ’Δπὸ
2375 3302 2473 3355 τοῦ
2530 3295 2732 3376 ὀγδόου
2760 3296 2933 3368 ξέτους
2980 3300 3177 3353 τούτου
3236 3293 3580 3371 ἀριθμεῖσθαι
3626 3293 3707 3351 δεῖ
3760 3297 3860 3360 τὰς

448 3405 580 3444 sum
612 3389 942 3461 patefacta),
974 3406 1163 3460 usque
1193 3389 1268 3446 ad
1295 3388 1508 3445 Christi
1539 3388 1881 3445 adventum.

515 3571 668 3622 Ante
723 3566 850 3622 haec
901 3565 1263 3624 collocandae
1319 3571 1491 3624 erant
1540 3584 1636 3625 res
1692 3569 2093 3624 Romanorum

437 3659 645 3727 utpote
674 3656 1065 3712 vetustiores:
1106 3672 1311 3713 verum
1342 3656 1416 3712 ob
1449 3656 1917 3712 continuationis
1965 3673 2095 3728 per-

439 3744 789 3817 petuitatem
832 3746 894 3801 in
932 3746 1111 3803 alium
1158 3745 1356 3803 locum
1387 3745 1584 3802 dilatae
1632 3750 1791 3813 sunt,
1839 3762 2093 3802 comme-

442 3834 746 3892 moranda)
774 3835 879 3891 ubi
921 3835 1298 3908 Assyriorum
1335 3835 1503 3909 regni
1551 3841 1609 3890 et
1635 3834 1863 3891 Judaici
1896 3835 2089 3891 exsilii

445 3926 628 3982 finem
658 3926 1053 3999 attigerimus.

511 4032 738 4089 Xerxes
769 4033 1108 4088 Artaxerxis
1134 4032 1294 4088 filius
1314 4036 1704 4105 cognomento
1728 4031 1975 4103 Spurius
2002 4032 2087 4104 (id

442 4121 605 4177 enim
638 4122 860 4176 Nothus
891 4122 1207 4194 significat)
1236 4121 1546 4177 interfecto
1578 4120 1866 4194 Sagdiano
1896 4136 2085 4177 annos

436 4212 509 4265 49
536 4210 818 4279 regnavit,
842 4211 1052 4265 Darius
1074 4211 1378 4281 Hystaspis
1406 4215 1467 4265 et
1492 4209 1857 4280 Parysatidis
1894 4226 2084 4265 annos

440 4299 528 4362 36,
559 4314 718 4353 anno
744 4299 949 4353 mundi
980 4302 1142 4353 4992.
1175 4299 1231 4353 Is
1255 4314 1391 4353 cum
1411 4298 1605 4353 adhuc
1634 4298 1907 4369 privatim
1939 4298 2083 4353 vive-

416 4390 547 4452 .ret,
578 4391 775 4440 votum
809 4387 927 4441 Deo
955 4386 1199 4454 fecerat,
1230 4386 1276 4441 si
1310 4385 1552 4457 quidem
1583 4402 1832 4456 regnum
1860 4386 1923 4441 in
1945 4388 2081 4443 Per-

439 4489 534 4528 sas
564 4479 1046 4545 consequeretur,
1078 4474 1369 4545 templum
1417 4474 1837 4544 Hierosolymis
1863 4491 1926 4529 se
1957 4475 2077 4531 ins-

434 4565 809 4617 tauraturum
857 4563 1178 4634 omniaque
1207 4562 1543 4619 Judinorum
1590 4578 1759 4619 sacra
1804 4568 1861 4618 et
1891 4564 2079 4636 capti-

436 4667 540 4718 vos
567 4651 961 4719 redditurum,
994 4668 1063 4707 ac
1091 4652 1355 4707 moribus
1385 4668 1487 4708 eos
1516 4650 1810 4722 majorum
1846 4654 2082 4710 restitu—
2115 4663 2159 4729 ι)
2189 4650 2362 4711 ϐἀϐελ
2438 4655 2467 4710 6

434 4747 657 4797 turum.
719 4740 859 4811 Ejus
904 4741 1021 4796 voti
1087 4741 1325 4797 auditor
1381 4747 1560 4815 atque
1616 4758 1824 4799 suasor
1887 4743 2082 4801 fuerat

432 4830 830 4888 Zorobabelus
860 4830 1159 4887 Salathieli
1192 4830 1374 4899 (ilius,
1401 4847 1470 4887 ac
1500 4831 1813 4903 postmodo
1855 4849 2078 4906 regem,

431 4926 525 4982 cui
575 4931 702 4981 erat
745 4924 1079 4991 familiaris,
1130 4924 1262 4995 ejus
1318 4924 1645 4980 admonuit.
1694 4925 1917 4997 Quippe
1950 4927 2079 4999 jam

429 5021 565 5072 ante
597 5016 777 5072 etiam
804 5014 1060 5087 populus
1091 5013 1374 5069 dimissus
1394 5014 1589 5071 fuerat
1614 5019 1675 5069 et
1693 5013 2080 5073 fundamenta

428 5107 655 5180 templo
685 5112 999 5180 posuerat:
1032 5122 1235 5162 verum
1268 5106 1596 5162 vicinorum
1639 5107 1792 5164 254
1822 5108 2076 5163 Samari-

432 5200 630 5252 tarum
662 5196 964 5253 calumnia
995 5198 1270 5253 effectum
1289 5196 1403 5252 fuit
1428 5201 1497 5251 ut
1514 5197 1828 5253 aedificatio
1849 5198 2080 5254 omitte—

430 5290 597 5339 retur
626 5302 813 5342 annos
841 5289 904 5340 41
960 5291 1116 5341 totos
1156 5302 1346 5356 usque
1393 5284 1467 5341 ad
1494 5287 1820 5343 secundum
1852 5303 2077 5343 annum

432 5372 611 5427 Darii.
646 5374 787 5429 Inde
817 5376 1098 5430 sexennio
1133 5374 1417 5446 templum
1442 5381 1531 5431 est
1550 5375 1890 5433 absolutum
1909 5378 2076 5432 Zoro-

430 5460 627 5517 babeli
681 5478 748 5518 ac
775 5464 911 5519 Iesu
962 5463 1227 5520 Josedeci
1281 5464 1389 5519 ﬁlii
1443 5464 1852 5522 admonitione
1897 5472 2074 5538 atque

428 5567 629 5625 opera.
662 5551 833 5606 annis
863 5553 1143 5608 nimirum
1168 5556 1237 5607 47
1271 5554 1408 5609 totis
1438 5570 1473 5610 a
1500 5556 1694 5626 primo
1733 5555 1865 5627 Cyri
1894 5571 2070 5611 anno.

428 5640 572 5698 Inde
593 5656 627 5697 a
648 5639 865 5695 Judaais
886 5640 959 5695 ad
982 5641 1294 5697 Dominum
1317 5646 1408 5697 est
1427 5642 1650 5698 dictum
1677 5660 1690 5697 :
1715 5665 1745 5693 ‹‹
1764 5643 2070 5714 Templum

2206 3384 2594 3463 ἑϐδομήκοντα
2648 3384 2962 3464 ἱβδομάδας
3014 3393 3113 3457 τῆς
3178 3390 3276 3442 τοῦ
3334 3385 3542 3457 Δανιὴλ
3600 3385 3863 3449 ὀπτασίας

2208 3498 2374 3555 μεχρι
2406 3484 2506 3548 τῆς
2532 3475 2630 3534 τοῦ
2670 3477 2871 3553 Κυρίου
2910 3475 3231 3551 παρουσίας.

2202 3565 2357 3626 Ἔδει
2389 3565 2447 3624 δὲ
2473 3568 2543 3624 τά
2596 3569 2735 3623 κατά
2787 3568 2886 3637 τήν
2940 3565 3166 3640 Ῥώμην
3224 3566 3599 3640 προταχθηναι
3646 3563 3860 3621 τούτων

2201 3658 2277 3719 ὡς
2310 3656 2662 3735 ἀρχαιότερα,
2695 3655 2843 3713 ἀλλᾶ
2872 3652 2961 3712 διὰ
2996 3656 3094 3724 τήν
3144 3654 3429 3729 συνέχειαν
3460 3662 3561 3724 τῆς
3619 3653 3858 3710 ἀκολου-

2199 3747 2316 3812 θίας
2374 3747 2767 3822 ὑπερετὲθησαν
2801 3792 2818 3818 ,
2874 3744 2969 3801 καὶ
3051 3746 3370 3814 τεθησονται
3432 3745 3660 3815 καθεξῆς
3718 3745 3860 3818 μετᾶ

2195 3839 2296 3908 τὴν
2325 3835 2727 3911 συμπλήρωσιν
2780 3841 2880 3904 τῆς
2928 3838 3037 3891 τῶν
3067 3833 3367 3911 ’Δσσδρίων
3406 3831 3705 3911 βασιλείας.
3758 3834 3855 3889 καὶ

2194 3930 2294 3998 τῆς
2322 3934 2430 3984 τῶν
2464 3922 2700 4002 Ἐϐραίω
2731 3922 3174 4003 ναίχμαλωσίας.

2265 4036 2477 4111 Ξὲρξης
2507 4036 2537 4090 6
2576 4032 2949 4107 Ἀρταξέρξου,
3010 4029 3332 4103 ἐπικληθεὶς
3383 4032 3584 4103 Νόθος,
3642 4030 3853 4088 ἀνελὼν

2197 4123 2463 4203 Σογδανὸν
2523 4118 2866 4179 ἰϐασίλευσεν
2916 4119 3012 4192 ἔτη
3067 4122 3153 4180 ιϐ’.
3194 4126 3424 4196 Δαρεῖοσ
3474 4122 3504 4177 6
3548 4121 3853 4178 Ὑστάσπου

2190 4216 2283 4271 καὶ
2317 4208 2685 4288 Παρυσάτιδος
2717 4206 2812 4282 ἔτη
2845 4208 2949 4283 λς’,
2979 4208 3192 4282 κόσμου
3239 4204 3334 4280 ἔτη
3672 4209 3853 4275 Οὗτος

2188 4300 2269 4360 ἔτι
2301 4300 2601 4356 ἰδιωτεύων
2622 4297 2822 4370 ηὔξατο
2850 4302 2932 4371 τῷ
2960 4296 3103 4371 Θεῷ,
3134 4297 3181 4353 εί
3233 4295 3541 4373 βασιλεύσει
3600 4303 3849 4374 Περσῶν,

2189 4392 2492 4465 ἀνεωεῖραι
2550 4387 2643 4444 τὸν
2684 4386 2737 4444 ἐν
2799 4384 3208 4463 Ἰεροσολύμοις
3240 4388 3365 4442 ναὸν
3419 4388 3510 4443 καὶ
3560 4388 3728 4445 πάντα
3778 4391 3855 4446 τὰ

2190 4476 2466 4538 Ἰοκδαίων
2527 4472 2826 4532 ἀποδοῦναι
2910 4474 3032 4549 ἱερά
3104 4473 3197 4529 σὺν
3276 4480 3397 4538 τοῖς
3453 4474 3845 4552 αἰχμαλώτοις

2183 4568 2275 4623 καὶ
2309 4568 2585 4642 πατρῴοις
2629 4562 2796 4629 ἔθεσι.
2850 4562 3066 4619 Τούτων
3121 4566 3226 4618 τῶν
3286 4563 3470 4639 εὐχῶν
3524 4565 3617 4619 καὶ
3677 4572 3851 4642 Ζορο-

2548 4657 2648 4709 τοῦ
2698 4650 2987 4721 Σαλαθιήλ
3044 4651 3316 4723 ἀκουστὴς
3378 4651 3469 4708 καὶ
3527 4648 3849 4727 σύμϐουλος

2190 4742 2433 4823 γεγονὼς
2488 4741 2709 4816 ὕστερον
2758 4738 3046 4816 ἀνέμνησε,
3123 4742 3360 4811 συνήθης
3418 4740 3515 4799 ὥν.
3574 4742 3675 4798 Χαὶ
3731 4744 3840 4819 γὰρ

2188 4833 2466 4905 ἀπεστάλη
2511 4832 2604 4905 μὶν
2629 4832 2724 4888 καὶ
2751 4835 2971 4906 πρῶτον
3002 4831 3032 4884 6
3064 4828 3219 4900 λαὸς,
3248 4831 3338 4884 καὶ
3398 4834 3505 4886 τῶν
3566 4830 3838 4906 θεμελίων

2185 4929 2284 4981 τοῦ
2312 4927 2441 4979 ναοῦ
2472 4915 2898 4992 ὗποϐληθέντων
2946 4916 3155 4989 ἐπαύθη
3186 4920 3222 4989 ἡ
3284 4916 3555 4993 οἷκοδομὴ
3606 4919 3667 4977 ἐκ
3717 4920 3841 4980 δια-

2187 5010 2366 5085 ϐολῆς
2399 5016 2508 5071 τῶν
2535 5010 2844 5085 προσοίκων
2877 5015 3237 5083 Σαμαρειγον.
3292 5008 3399 5065 Καὶ
3456 5008 3593 5079 ἦσαν
3647 5009 3701 5067 ἐν
3754 5016 3842 5085 τῷ

2184 5102 2334 5175 αύτῷ
2364 5104 2612 5178 σχήματι
2645 5100 2880 5175 χρόνους
2915 5105 3002 5172 μα’
3057 5094 3163 5161 ἕως
3216 5101 3313 5153 τοῦ
3369 5094 3631 5179 δευτάρου
3678 5099 3839 5164 ’ἔτους

2187 5193 2433 5268 Δαρείου.
2468 5192 2606 5249 Εἶτα
2654 5187 2963 5263 πληροῦται
3016 5188 3045 5242 6
3084 5186 3212 5249 ναὸς
3240 5184 3329 5243 ἐπὶ
3377 5184 3434 5259 ἕξ
3490 5189 3711 5264 χρόνοις
3760 5187 3835 5245 δι’

2190 5283 2547 5355 ὑπομνήσεως
2585 5278 2675 5334 καὶ
2732 5280 2934 5354 χειρῶν
2982 5270 3296 5351 Ζοροϐὰϐελ
3344 5277 3436 5331 καὶ
3494 5278 3674 5347 Ἰησοῦ
3726 5284 3839 5336 τοῦ

2183 5367 2471 5438 Ἰωσεδὲκ,
2527 5367 2698 5443 ἤγουν
2785 5364 2838 5421 ἐν
2890 5365 2979 5439 μς¹
3035 5363 3190 5427 ὅλοις
3242 5363 3509 5428 ἐνιαυτοῖς
3568 5367 3674 5422 ἀπὸ
3729 5375 3838 5425 τοῦ

2182 5459 2404 5533 πρώτου
2456 5452 2611 5519 ἔτους
2659 5455 2842 5530 Κύρου
2872 5497 2885 5510 .
2956 5453 3051 5511 Διὸ
3096 5454 3187 5509 καὶ
3236 5452 3452 5530 εἴρηται
3507 5455 3655 5532 παρᾶ
3715 5458 3832 5514 τὼν

2181 5544 2456 5607 Ἰουδαίων
2500 5546 2636 5621 πρὸς
2688 5543 2782 5600 τὸν
2830 5543 3051 5618 Κύριον’
3111 5543 3251 5601 «Ἐν
3284 5545 3370 5616 με’
3425 5542 3765 5618 ᾠκοδομήθη
3800 5550 3833 5605 ὅ

2180 5637 2305 5692 vati:
2336 5634 2493 5698 οὗτος
2523 5636 2613 5691 καί
2647 5632 2712 5690 σὺ
2743 5654 2795 5689 εν
2824 5632 2999 5707 τρισὶν
3031 5631 3266 5705 ἡμέραις
3312 5631 3521 5708 ἐγερεῖς
3551 5633 3709 5690 αὐτόν
3740 5654 3757 5703 ;
3794 5660 3826 5690 »ι
