4186 6190
301 374 418 435 289

1427 360 1968 439 HISTORIARUM
2012 376 2568 441 COMPENDIUM.

3592 377 3711 439 390

365 510 429 566 Ὁ
457 509 562 585 γὰρ
594 509 678 582 [Ρ.
716 510 839 582 Hii]
873 515 1147 583 Σολομῶν
1178 509 1229 565 ἐν
1263 509 1398 566 ἒπτᾶ
1428 509 1565 565 ἔτεσι
1624 510 1950 567 κατεσκεύα-

2068 514 2176 569 hoc
2208 515 2382 569 annis
2413 514 2477 568 40
2509 514 2866 570 aedificatum
2913 519 3023 579 est,
3072 520 3132 570 et
3180 520 3240 570 tu
3298 513 3359 569 id
3407 514 3603 571 triduo
3654 520 3709 572 te

293 620 380 655 σεν
434 597 615 656 αὐτόν.
703 598 875 655 Ἦσαν
960 596 1017 655 δὲ
1087 602 1138 654 οἱ
1202 595 1636 675 ὑποστρέψαντες
1687 601 1793 656 ἀπὸ
1855 608 1958 671 τῆς

291 687 686 764 αἶχμαλωσίας
716 686 1045 762 Βαβυλῶνος
1089 688 1347 765 χιλιάδες
1385 687 1465 745 κδ’
1494 690 1584 746 καὶ
1614 692 1706 760 τξ¹,
1767 688 1958 745 δοῦλοι

292 775 353 832 δὶ
381 775 788 851 ἑπτακισχίλιοι
826 775 929 846 λζ’.

365 957 426 1012 ἹΙ
494 953 554 1010 δὲ
602 960 700 1011 τοῦ
767 950 1081 1031 Ζοροϐάϐελ
1167 959 1479 1033 ὑπόμνησις
1568 957 1798 1030 τοιαύτη
1864 960 1953 1028 ἦν·

293 1046 459 1118 Τρεῖς
509 1044 976 1122 σωματοφύλακες
1053 1050 1150 1101 τοῖ’)
1236 1047 1510 1123 βασιλέως
1596 1049 1673 1111 εἷς
1732 1046 1955 1113 εαυτοὺς

292 1132 679 1212 διαλεχθὲντες
721 1134 897 1187 εἶπον·
959 1133 1303 1209 Λαλήσωμεν
1357 1140 1438 1208 τῷ
1506 1135 1728 1211 βασιλεῖ
1784 1140 1959 1209 ζητή-

293 1243 461 1295 ματα,
490 1220 718 1285 ἕκαστος
755 1222 880 1297 περῖ
910 1227 1008 1277 τοῦ
1057 1223 1108 1279 τί
1170 1223 1313 1280 ἐστιν
1378 1224 1730 1302 ἰσχυρότερον
1798 1225 1849 1282 ἐν
1875 1225 1956 1301 τῷ

286 1311 511 1385 κόσμῳ.
553 1312 582 1366 ’ὀ
613 1315 738 1383 νικᾷ
793 1311 987 1367 πάνταο
1044 1311 1136 1368 καὶ
1199 1314 1287 1377 οἷς
1334 1314 1400 1369 ’ἀν
1457 1315 1647 1390 εὑρεθῇ
1704 1317 1952 1387 νικήσας,

287 1401 657 1474 τιμηθήσεται
688 1400 838 1476 παρὰ
864 1405 962 1456 τοῖ’)
1017 1402 1306 1479 βασιλέως.
1378 1407 1440 1462 Ὁ
1496 1408 1716 1480 πρῶτος
1785 1407 1951 1461 εἶπεν

288 1490 672 1570 ’ἰσχυρότερος
711 1492 740 1548 ὁ
772 1493 950 1560 οἶνος,
1011 1493 1098 1549 καὶ
1162 1496 1287 1566 νικᾷ
1342 1495 1534 1553 πάντα.
1588 1496 1650 1554 Ὀ
1705 1493 1953 1570 δεύτερος

287 1579 431 1636 εἶπε·
468 1584 608 1652 Νικᾷ
637 1582 666 1636 ὁ
702 1578 987 1656 βασιλεὺς,
1039 1583 1101 1638 τὸ
1152 1581 1449 1658 βούλεσθαι
1485 1579 1631 1661 ἔχων
1689 1590 1759 1661 τῇ
1793 1582 1953 1640 δυνά-

292 1690 386 1741 μει
444 1666 770 1746 σύνδρομον.
838 1670 903 1727 Ὀ
958 1669 1143 1746 τρίτος
1202 1672 1230 1726 ὁ
1286 1673 1376 1728 καὶ
1442 1668 1757 1748 Ζοροϐαϐελ
1814 1673 1950 1732 εἶπε.

286 1756 499 1829 Νικᾷῆ
538 1758 701 1835 γυνή,
760 1759 853 1814 καὶ
912 1758 1047 1835 ὑπὲρ
1102 1759 1274 1817 πάντα
1329 1763 1365 1831 ἠ
1438 1760 1690 1834 ἀλήθεια.
1722 1765 1823 1824 "Oc
1851 1762 1950 1819 ἐπ·

288 1858 488 1959 Βνεθη,
516 1847 609 1902 καὶ
641 1845 804 1919 ἐδόθη
838 1846 987 1921 αὐτῷ
1035 1848 1274 1921 αἴτησις.
1315 1852 1371 1906 '0
1412 1849 1469 1908 δὶ
1520 1851 1802 1927 ὗπὲμνησε
1858 1854 1949 1908 τὸν
1978 1895 2026 1959 Β

289 1929 523 2013 βασιλέα
550 1944 655 2008 τῆς
704 1936 897 2014 εὐχῆς,
957 1939 1045 1994 καὶ
1112 1938 1352 1997 ἆπὲλυσε
1405 1943 1498 1998 τὸν
1562 1941 1693 1998 λαὸν
1749 1943 1941 2013 πάντα,

280 2026 378 2081 καὶ
406 2028 507 2097 τήν
537 2025 703 2082 πόλιν
732 2026 824 2082 καὶ
851 2026 946 2082 τὸν
974 2028 1102 2084 ναὸν
1131 2026 1510 2103 ᾠκοδόμησεν.

357 2118 445 2173 Ἐν
475 2119 544 2183 τῆ
577 2112 799 2190 δευτέρᾳ
855 2121 962 2173 τῶν
1014 2114 1417 2175 Μακκαϐαϊκῶν
1465 2120 1770 2177 ἐπιστολῶν
1823 2126 1942 2183 τοῖς

280 2206 403 2263 κατ’
451 2203 726 2280 Αἴγυπτον
803 2205 1092 2270 Ἰουδαίοις
1147 2206 1450 2285 γέγραπται
1510 2210 1633 2286 περὶ
1683 2209 1941 2284 Νεεμίου,

285 2294 375 2352 ὅτι
429 2291 873 2368 ἀνοικοδομήσας
948 2294 1011 2351 τὸ
1082 2297 1228 2373 ἱερὸν
1285 2299 1373 2353 καὶ
1432 2298 1495 2354 τὸ
1561 2302 1940 2375 θυσιαστήριον

286 2384 381 2440 καὶ
418 2380 641 2458 μέλλων
671 2382 855 2440 θυσίαν
903 2382 1182 2465 ἀναφέρειν
1243 2382 1452 2461 ἔπεμψε
1496 2386 1628 2451 τοὺς
1687 2388 1945 2466 ἐγγόνους

286 2480 401 2531 τῶν
428 2473 618 2549 ἱερέων
651 2472 739 2529 ἐπὶ
784 2474 847 2530 τὸ
876 2475 1067 2554 φρέαρ,
1124 2473 1178 2531 ἐν
1227 2476 1273 2550 ᾧ
1325 2477 1695 2553 κατέκρουψαν
1751 2478 1804 2532 οἶ
1843 2498 1946 2533 παο

291 2561 445 2639 τέρες
476 2563 657 2619 αὐτῶν
689 2563 745 2618 ἓν
774 2568 853 2635 τῷ
889 2569 1065 2639 καιρῷ
1091 2572 1194 2635 τῆς
1232 2564 1625 2641 αἲχμαλωσίας
1684 2561 1946 2629 λαϐόντες

293 2652 357 2709 ἐκ
387 2656 488 2709 τοῦ
517 2653 691 2727 πυρὸς
717 2656 817 2708 τοῦ
867 2653 1278 2730 θυσιαστηρίου,
1346 2656 1421 2718 ὡς
1474 2656 1736 2733 Ἱερεμίας
1789 2655 1945 2735 φησὶ,

285 2745 389 2797 τοῦ
417 2740 642 2816 ἀγαγεῖν
681 2745 788 2817 πῦρ
818 2739 868 2814 ἐξ
900 2739 1084 2802 αὐτοῦ.
1118 2743 1184 2799 Οἱ
1234 2740 1293 2797 δὲ
1351 2742 1672 2807 ἀπελθόντες
1732 2743 1840 2819 οὐχ
1860 2743 1948 2799 εὗ-

292 2848 386 2906 ρον
448 2833 582 2902 πῦρ,
641 2826 771 2885 ἀλλ’
824 2827 971 2906 ὕδωρ
1019 2829 1195 2909 παχύ.
1256 2830 1537 2888 Ἐκὲλευσε
1596 2829 1654 2888 δὲ
1709 2832 1948 2907 Νεεμῖας

288 2918 516 2994 ἀγαγεῖν
546 2916 608 2972 ἐκ
661 2915 882 2991 τοῦτοῦ,
941 2918 1035 2974 καὶ
1094 2917 1379 2996 ἐπιῤῥᾶναι
1443 2926 1561 2985 τοῖς
1593 2919 1778 2993 ξύλοις
1829 2927 1948 2985 τοῖς

289 3001 676 3079 ὖποκειμένοις
731 3010 800 3081 τῇ
887 3006 1063 3080 θυσίᾳ.
1148 3011 1261 3066 Τοῦ
1349 3008 1405 3065 δὲ
1478 3010 1648 3079 ἡλίου
1706 3011 1810 3066 ἀπὸ
1862 3010 1949 3066 vt-

287 3117 423 3174 ᾳους
483 3094 808 3171 λάμψαντος
884 3097 1100 3176 ἀνήρθη
1169 3098 1314 3175 πυρὰ
1373 3099 1587 3175 μεγάλη
1645 3100 1781 3155 κατὰ
1837 3104 1947 3156 τῶν

290 3188 491 3241 θυσιῶν
518 3184 611 3240 καὶ
650 3182 981 3258 ἐδαπάνησεν
1037 3187 1226 3258 αὐτὰς,
1287 3185 1426 3244 ὥστε
1482 3188 1751 3262 θαυμάσαι
1808 3189 1948 3245 πάν·

293 3294 388 3337 τας
415 3274 511 3330 καὶ
543 3271 763 3345 δοξάσαι
793 3277 884 3331 τὸν
913 3277 1044 3331 Θεὸν
1077 3277 1191 3351 μετ’
1222 3277 1417 3353 εὐχῆς.

360 3365 487 3421 Ὀτι
517 3364 547 3420 ὃ
580 3365 793 3436 Ξέρξης
829 3362 987 3428 οὗτος
1021 3364 1301 3441 Α’ίγυπτον
1329 3362 1664 3443 παραλαϐὣν
1720 3367 1812 3423 καὶ
1870 3366 1946 3432 είς

293 3453 528 3524 Ἀθήνας
563 3450 759 3522 ἐλθών,
793 3454 978 3527 ζεύξας
1032 3454 1124 3509 τὸν
1163 3454 1596 3526 Ἑλλήσποντον,
1657 3456 1947 3532 ἐνέπρησεν

291 3541 477 3617 αὐτῇς.
540 3544 627 3597 Ἐν
704 3538 762 3596 δὲ
837 3542 1026 3617 Ῥώμῃ
1106 3542 1351 3618 ῙΙορτίλα
1404 3565 1489 3606 τις
1544 3546 1803 3622 παρθένος
1861 3545 1947 3613 ἐπὶ

293 3626 564 3706 διαφθορᾷ
616 3635 1057 3706 καταγνωσθεῖσα
1112 3637 1258 3701 ζωσα
1324 3632 1639 3709 ωτωρῦγη.
1703 3634 1799 3690 Καὶ
1857 3635 1949 3690 νό-

293 3738 385 3792 μοι
430 3717 486 3772 ἐν
543 3718 737 3793 Ῥώμῃ
792 3718 900 3774 ἀπὸ
969 3717 1241 3785 Ἐλλαδος
1297 3719 1387 3782 διὰ
1445 3719 1655 3778 δώδεκα
1713 3719 1947 3799 βιϐλίων

286 3804 641 3887 ἐπέμφθησαν
671 3848 688 3862 .
740 3808 829 3863 Ἐν
881 3806 1096 3871 τούτοις
1188 3814 1305 3873 τοῖς
1352 3811 1578 3886 χρόνοις
1636 3809 1839 3888 ἐρῥάγη
1897 3812 1952 3868 ἐν

282 3897 511 3969 Σικελίᾳ
539 3896 607 3952 τὸ
637 3894 895 3954 Αἰτναῖον
924 3895 1052 3973 ὅρος
1105 3898 1196 3954 καὶ
1252 3899 1447 3973 ἐξῆλθε
1501 3904 1629 3977 πῦρ.
1674 3903 1776 3959 Καὶ
1837 3922 1955 3958 σει-

289 3990 442 4059 σμῶν
483 3985 795 4062 γενομένων
860 3988 896 4058 ἡ
948 3988 1087 4063 πρὸς
1146 3990 1381 4065 Λόκροις
1438 3990 1746 4063 ’Δταλάντη
1828 4010 1952 4068 σχι-

291 4081 479 4141 σθεῖσα
523 4082 686 4147 νῆσοι
742 4072 971 4152 ἐγένετο.
1042 4078 1194 4135 Κατᾶ
1243 4077 1477 4142 τούτους
1535 4080 1663 4143 τοὺς
1721 4080 1954 4157 χρόνους

289 4164 381 4220 καὶ
440 4164 497 4219 οἱ
554 4166 842 4236 Ἀθηναῖοι
903 4171 1022 4230 τοῖς
1095 4163 1180 4222 κδ’
1227 4166 1585 4239 Ἑλληνικοῖς
1637 4169 1952 4246 γράμμασιν

294 4252 632 4329 ἐχρήσαντο,
667 4254 808 4327 μόνα
856 4255 919 4319 ις’
976 4251 1107 4311 ὄντα
1156 4256 1442 4331 πρότερον.
1505 4256 1604 4312 Καὶ
1654 4259 1956 4333 Σωκράτης

297 4340 347 4412 ἒξ
375 4341 565 4404 ἀνοίας
610 4346 721 4398 τῶν
785 4343 1084 4415 ’Δθηναίων
1114 4343 1178 4400 τὸ
1206 4346 1431 4402 κώνειον
1491 4347 1631 4402 πιὼν
1684 4346 1954 4406 ἐτελεῦτα.

296 4430 528 4503 ἐλκίκη
560 4430 652 4487 καὶ
682 4434 719 4502 ἡ
750 4436 953 4509 Βοῦρα,
982 4431 1176 4496 πόλεις
1214 4436 1468 4511 Ἀχαῖας,
1529 4435 1788 4512 μεγάλοις
1846 4459 1957 4493 σει-

295 4526 457 4594 σμοῖς
534 4521 974 4593 κατεπτώθησαν·
1072 4521 1148 4579 ὧν
1234 4519 1311 4579 ἔτι
1370 4522 1506 4581 κατὰ
1565 4524 1835 4590 θάλασσαν
1890 4528 1959 4584 τά

294 4609 427 4687 ἴχνη
461 4612 735 4691 φαίνονται
782 4616 900 4676 τοῖς
958 4609 1218 4670 πλέουσιν
1276 4615 1382 4671 ἀπὸ
1452 4620 1679 4692 Πατρῶν
1738 4617 1823 4673 ἐπὶ
1859 4617 2031 4690 ras-9

293 4702 472 4774 ρινθον
507 4696 676 4771 δεξιᾷ.

362 4789 483 4843 Ὀτι
549 4785 810 4859 Σκηπίων
897 4789 1223 4869 Ἀφρικανὸς
1292 4793 1571 4867 Ῥωμαῖος
1651 4791 1946 4872 δικτάτωρ,

294 4878 577 4951 πορθήσας
635 4874 983 4953 Καρχηδόνα,
1069 4879 1336 4959 Ἀφρικὴν
1413 4882 1513 4952 τήν
1573 4883 1762 4960 χώραν
1820 4906 1950 4961 μετ-

296 4986 371 5019 ων
379 4963 408 5019 ό
416 4985 582 5038 μασεν
591 5007 605 5021 .

366 5054 494 5111 Ὀτι
521 5052 761 5111 Γαλάται
815 5054 909 5112 καὶ
969 5055 1166 5115 Κελτοὶ
1196 5058 1425 5135 Ῥώμης
1482 5058 1740 5138 ἐκράτουν
1799 5061 1949 5135 πλὴν

300 5147 399 5199 τοῦ
428 5142 808 5203 Καπιτωλίου.

375 5233 761 5308 Ἀριστοτελης
803 5240 885 5310 τῷ
916 5236 1171 5294 Πλάτωνι
1205 5241 1495 5313 μαθητεύει
1527 5240 1633 5298 ἀπὸ
1688 5239 1953 5301 δεκαεπτὰ

302 5320 527 5400 χρόνων
553 5330 656 5393 τῆς
685 5323 911 5395 ἡλικίας
942 5325 1131 5385 αὐτοῦ.

372 5411 458 5485 [Ρ.
521 5414 647 5485 146]
720 5414 840 5470 Ἐπ’
921 5416 1092 5471 αὐτοῦ
1169 5416 1448 5481 Διονύσιος
1503 5419 1775 5496 ἐτυράννει
1840 5427 1950 5478 τῶν

296 5497 570 5587 Σικελῶν,
623 5502 743 5587 καθ’
799 5501 858 5557 ὅν
917 5505 945 5560 ὁ
1004 5505 1234 5561 Πλάτων
1292 5505 1656 5582 ἀποδημήσας
1706 5512 1951 5587 ἱστορίας

290 5585 449 5645 ἕνεκα
488 5594 598 5645 τῶν
658 5586 971 5666 λεγομὲνων
1034 5594 1303 5653 Αἰτναίων
1361 5599 1637 5675 κρατὲρων
1685 5603 1784 5656 τοῦ
1834 5585 1948 5657 *πυ-

358 5689 411 5724 ⁸⁵
439 5690 640 5747 Matth.
675 5709 845 5759 xxv”,
876 5695 965 5750 40.

2064 609 2497 659 exstructurum
2532 603 2618 658 ais
2639 603 2667 657 ?
2692 602 2740 637 ⁸⁵
2772 626 2799 653 ››
2832 604 3111 659 Solomon
3140 608 3170 657 7
3199 620 3389 660 annos
3421 605 3509 660 sui
3556 610 3708 661 tem-

2064 692 2143 764 pli
2175 693 2426 747 aedificio
2459 692 2852 765 impenderat.
2903 693 3192 749 Numerus
3245 694 3584 751 Judaorum
3636 696 3709 751 ab

2064 782 2277 838 exsilio
2309 782 2666 855 Babylonico
2698 784 3114 838 revertentium
3139 783 3253 838 fuit
3281 787 3350 838 24
3380 785 3593 853 millia,
3652 791 3712 840 et

2063 873 2256 943 capita
2288 873 2412 938 360,
2444 888 2748 927 servorum
2779 875 2941 928 7037.

2132 961 2421 1013 Caeterum
2466 958 2625 1029 quod
2676 959 2747 1014 de
2796 960 3203 1016 admonitione
3262 977 3296 1016 a
3346 962 3709 1018 Zorobabelo

2059 1046 2216 1103 facta
2248 1047 2577 1102 indicatum
2610 1052 2719 1112 est,
2779 1047 2837 1102 id
2890 1049 2976 1104 sic
3028 1049 3251 1105 habet:
3303 1051 3440 1105 Tres
3491 1050 3709 1122 quibus

2063 1135 2334 1191 custodia
2362 1136 2631 1208 corporis
2689 1136 2835 1209 regii
2882 1138 3203 1193 commissa
3250 1144 3394 1206 erat,
3446 1139 3602 1195 inter
3644 1156 3706 1195 se

2061 1223 2363 1293 collocuti,
2396 1229 2735 1280 statuerunt
2781 1224 2999 1296 singuli
3061 1223 3454 1296 quaestionem
3504 1225 3576 1280 de
3636 1242 3704 1281 eo

2061 1312 2220 1384 quod
2241 1312 2629 1368 fortissimum
2646 1313 2707 1366 in
2725 1312 2949 1368 mundo
2967 1312 3045 1367 sit
3063 1317 3241 1384 atque
3258 1312 3461 1368 omnia
3489 1313 3708 1383 vincat,

2059 1401 2180 1474 regi
2213 1417 2546 1473 exponere:
2582 1401 2785 1457 victori
2806 1417 3021 1473 nempe
3052 1417 3087 1457 a
3116 1417 3249 1474 rege
3282 1402 3569 1457 honorem
3597 1402 3708 1457 ha-

2056 1493 2247 1548 bitum
2276 1492 2370 1547 iri.
2402 1492 2638 1547 Primus
2666 1492 2814 1547 dixit
2844 1493 3044 1548 vinum
3069 1508 3231 1548 essse
3287 1492 3729 1560 fortissimum,.

2058 1587 2118 1637 et
2136 1580 2339 1637 omnia
2358 1580 2612 1639 vincere.
2631 1581 2939 1637 Secundus
2961 1581 3146 1637 dixit:
3166 1582 3361 1637 Vincit
3397 1598 3522 1647 rex,
3569 1581 3711 1653 quia

2057 1670 2344 1726 voluntati
2364 1670 2708 1727 facultatem
2731 1670 2824 1743 adj
2833 1675 3072 1727 unctam
3090 1670 3523 1727 habet.Tertius
3533 1671 3710 1726 Zoro-

2056 1759 2302 1815 babelus
2326 1759 2638 1815 mulierem
2655 1759 3105 1831 pravalere,sed
3122 1760 3401 1817 omnibus
3418 1759 3709 1832 potentio-

2056 1864 2324 1904 remesse
2338 1850 2642 1905 veritatem
2662 1848 2940 1904 dixit.Hic
2954 1849 3172 1904 meruit
3190 1849 3450 1916 laudem,
3466 1854 3525 1904 et
3554 1847 3707 1903 libe-

2055 1953 2183 1995 ram
2201 1938 2503 2009 optionem
2525 1942 2735 1994 nactus
2754 1952 2956 2010 regem
2976 1938 3096 1994 voti
3118 1936 3430 1994 admonuit
3453 1955 3467 2006 ;
3502 1943 3559 1992 et
3600 1952 3706 1992 rex

2055 2026 2342 2098 populum
2355 2026 2414 2082 di
2433 2026 2595 2082 misit
2608 2042 2677 2082 ac
2692 2025 2902 2082 urbem
2917 2025 3415 2097 adiﬁcavitatque
3430 2024 3710 2097 templum

2133 2118 2198 2170 ln
2219 2114 2483 2171 secunda
2501 2114 2752 2186 epistola
2774 2114 3245 2171 Machabaorum
3268 2114 3343 2171 ad
3372 2113 3604 2170 Judaos
3643 2114 3708 2169 in

2058 2206 2299 2277 Egypto
2357 2204 2641 2276 degentes
2697 2203 2982 2276 scriptum
3035 2210 3148 2272 est,
3220 2202 3384 2275 quod
3432 2203 3711 2259 refecerit

2060 2293 2349 2366 templum
2381 2299 2437 2349 et
2468 2293 2655 2349 altare
2680 2294 2973 2363 Neemias,
3005 2310 3094 2362 ac,
3129 2292 3591 2361 sacriﬁcaturus,
3615 2308 3713 2348 sa-

2059 2382 2368 2438 cerdotum
2400 2388 2671 2453 posteros
2697 2381 2772 2437 ad
2811 2381 3042 2439 foveam
3092 2381 3346 2451 miserit,
3406 2381 3468 2436 in
3528 2397 3706 2452 quam

2059 2478 2326 2543 tempore
2347 2471 2730 2528 excidii255
2764 2471 3024 2542 majores
3048 2471 3315 2542 ipsorum
3356 2468 3713 2525 abdiderant

2060 2562 2259 2634 ignem
2277 2560 2349 2616 de
2372 2560 2543 2616 altari
2567 2564 2893 2632 sumptum,
2910 2564 2977 2614 ut
2993 2559 3281 2615 Jercmias
3301 2558 3402 2627 ait,
3425 2563 3493 2613 ut
3532 2558 3605 2613 de
3639 2574 3708 2614 eo

2061 2650 2259 2723 ignem
2287 2651 2605 2715 afferrent;
2638 2649 2877 2718 missos,
2932 2665 3003 2705 eo
3050 2664 3186 2705 cum
3214 2647 3535 2715 venissent,
3584 2663 3710 2703 non

2061 2739 2359 2795 invenisse
2390 2739 2609 2812 ignem,
2638 2737 2743 2794 sed
2763 2753 2980 2808 aquam
3003 2753 3299 2804 crassam;
3322 2752 3396 2791 ex
3418 2752 3489 2792 ea
3509 2733 3711 2791 aﬂ‘erri

2055 2828 2310 2903 jussisse
2335 2828 2659 2898 Neemiam,
2698 2842 2949 2898 eamque
2980 2825 3335 2898 inspersisse
3364 2825 3541 2897 lignis
3574 2824 3711 2896 qui-

2063 2919 2174 2975 bus
2202 2918 2440 2974 victima
2462 2922 2589 2972 erat
2616 2916 2896 2989 imposita
2921 2936 2937 2984 ;
2959 2930 3095 2971 cum
3121 2921 3321 2971 autem
3345 2915 3434 2970 sol
3463 2930 3533 2969 ex
3554 2912 3710 2969 nube

2063 3008 2404 3076 etfulsisset,
2448 3023 2695 3080 magnos
2749 3007 2917 3079 ignes
2965 3005 3255 3062 exarsisse
3313 3021 3381 3061 ac
3440 3004 3709 3060 victimas

2064 3097 2505 3170 absumpsisse;
2576 3096 2965 3169 quamobrem
3039 3110 3247 3151 omnes
3309 3093 3705 3150 admiratione

2063 3192 2267 3259 captos
2297 3188 2484 3243 Deum
2514 3187 2685 3242 factis
2712 3187 2860 3243 votis
2889 3184 3262 3258 pradicasse.

2122 3370 2177 3424 Is
2204 3369 2423 3425 Xerxes
2453 3371 2693 3442 .‘Egypto
2725 3369 2785 3424 in
2816 3373 3170 3441 potestatem
3212 3382 3383 3423 suam
3446 3365 3710 3433 redacta,

2052 3458 2314 3514 Athenas
2363 3458 2577 3530 juncto
2633 3463 2813 3530 ponte
2880 3457 3259 3529 Hellesponto
3322 3455 3708 3528 perveniens,

2054 3547 2263 3603 urbem
2278 3548 2561 3604 incendit.
2580 3549 2777 3602 Romae
2791 3546 3016 3602 Portila
3029 3546 3301 3618 quadam
3311 3546 3473 3617 virgo
3491 3543 3707 3601 incesti

2055 3636 2337 3693 damnata
2364 3639 2492 3694 viva
2532 3638 2769 3693 defossa
2804 3636 2936 3691 fuit.
2973 3636 3151 3708 Leges
3182 3635 3499 3692 duodecim
3530 3634 3707 3691 tabu-

2052 3726 2246 3781 larum
2277 3743 2349 3781 ex
2396 3728 2619 3801 Gracia
2665 3728 2914 3781 Romam
2963 3724 3153 3780 allata
3197 3730 3355 3781 sunt.
3404 3727 3487 3779 Ea
3526 3727 3701 3779 atate

2053 3815 2223 3869 Aitna
2251 3830 2426 3869 mons
2454 3814 2517 3869 in
2543 3813 2745 3870 Sicilia
2779 3818 2993 3885 ruptus
3020 3817 3111 3867 est
3140 3811 3461 3884 ignemque
3495 3811 3703 3867 edidit.

2056 3904 2127 3958 Et
2156 3909 2328 3959 terra
2361 3902 2620 3959 motibus
2644 3902 2921 3958 Atalanta
2948 3918 2984 3957 a
3012 3901 3209 3957 Locris
3239 3899 3708 3972 abruptainsula

2054 3993 2212 4048 facta
2246 3998 2356 4050 est.
2390 3991 2611 4047 Eodem
2640 3996 2910 4062 tempore
2964 3990 3360 4046 Athenienses
3390 3987 3607 4044 Gracis
3635 3989 3706 4041 24

2056 4081 2274 4137 litteris
2305 4085 2463 4151 sunt,
2503 4097 2640 4137 cum
2670 4086 2809 4135 ante
2840 4078 3053 4136 littera
3076 4083 3307 4134 tantum
3332 4080 3394 4133 16
3425 4076 3699 4132 fuissent.

2056 4173 2128 4227 Et
2156 4171 2425 4227 Socrates
2480 4171 2695 4226 hausto
2734 4186 2842 4242 per
2889 4169 3189 4225 vesaniam
3240 4165 3701 4223 Atheniensium

2057 4261 2264 4316 cicuta
2296 4276 2525 4317 veneno
2575 4259 2849 4316 moritur.
2901 4258 3094 4315 Helice
3152 4262 3212 4312 et
3254 4256 3407 4313 Bura
3458 4255 3699 4312 Achaia

2056 4349 2236 4405 urbes
2266 4350 2495 4423 magnis
2550 4355 2724 4406 terra
2784 4347 3043 4405 motibus
3080 4347 3374 4419 absorpta:
3433 4351 3614 4413 sunt;
3647 4350 3707 4401 et

2059 4439 2253 4496 adhuc
2270 4456 2474 4496 earum
2490 4441 2735 4514 vestigia
2754 4440 2816 4495 in
2837 4441 2987 4494 mari
3008 4439 3283 4495 visuntur
3300 4436 3376 4493 ad
3399 4435 3700 4504 dextram,

2061 4546 2197 4586 cum
2227 4546 2262 4585 a
2291 4530 2483 4587 Patris
2508 4528 2856 4586 Corinthum
2889 4527 3218 4598 navigatur.

2130 4800 2323 4873 Scipio
2358 4800 2668 4857 Africanus
2719 4801 3119 4857 Romanorum
3158 4798 3413 4855 dictator
3457 4797 3706 4852 Cartha-

2059 4891 2194 4965 gine
2225 4890 2421 4947 deleta
2448 4890 2674 4964 regioni
2704 4906 2926 4947 nomen
2948 4889 3157 4946 Africa
3178 4887 3416 4944 indidit.

2130 5071 2287 5129 256
2319 5071 2534 5128 Galata
2565 5074 2625 5126 et
2651 5070 2829 5127 Celta
2850 5072 3101 5127 Romam
3131 5070 3376 5138 excepto
3392 5063 3703 5135 Capitolio,

2060 5166 2366 5233 ceperunt.

2130 5250 2480 5307 Aristoteles
2510 5267 2545 5307 a
2580 5254 2640 5306 l7
2671 5267 2792 5307 sua
2830 5248 3022 5305 atatis
3068 5263 3223 5302 anno
3270 5243 3539 5302 Platonis
3578 5243 3705 5300 dis-

2061 5340 2291 5411 cipulus
2322 5341 2453 5396 fuit.

2131 5429 2210 5482 Eo
2243 5434 2507 5500 tempore
2539 5430 2852 5502 Dionysius
2884 5427 3214 5486 Siculorum
3245 5426 3359 5482 fuit
3390 5430 3703 5497 tyrannus.

2058 5515 2145 5571 Ad
2175 5532 2311 5571 eum
2360 5518 2524 5574 Plato
2570 5520 2870 5591 profectus
2919 5524 3029 5584 est,
3079 5520 3261 5574 .‘Etna
3313 5515 3503 5571 dictos
3553 5513 3709 5586 ignis

2059 5611 2318 5661 crateras
2340 5608 2767 5680 contemplandi
2788 5607 3080 5677 studio,ac
3097 5606 3333 5680 tyranni
3352 5606 3415 5662 in
3437 5604 3708 5660 notitiam
