4186 6190
435 336 556 396 295

1753 329 2066 396 GEORGII
2113 331 2466 394 CEDRENI

3726 346 3845 408 296

510 469 650 522 Post
678 466 994 523 Romulum
1024 485 1128 523 rex
1157 467 1348 524 factus
1395 470 1585 525 Numa
1631 465 1958 538 Pompilius
1985 464 2084 519 Sa-

2206 547 2211 549 ν
2270 466 2498 549 Νουμᾶς
2531 465 2616 536 [Ρ.
2653 466 2777 539 148]
2812 465 3129 539 Πομπίλιος
3158 464 3390 533 Σαϐῖνος
3448 473 3584 544 μετά
3633 474 3849 549 Ῥωμύο

442 558 619 614 binus
650 560 882 615 nullum
912 560 1089 632 plane
1119 560 1341 617 bellum
1365 561 1569 633 gessit,
1584 559 1688 616 sed
1712 577 1807 615 res
1836 557 2095 614 urbanas

440 648 761 704 utilissime
793 648 1118 704 constituit.
1150 650 1384 705 Etenim
1426 650 1586 722 leges
1634 648 1836 721 posuit
1894 646 2096 703 civiles

441 742 619 808 atquc
648 742 907 809 pacatas,
932 738 1148 808 quibus
1178 737 1253 794 ad
1294 739 1727 795 humanitatem
1758 742 1818 793 et
1846 736 2097 792 civilita.

438 832 558 882 tem
604 825 764 881 cives
817 825 1090 882 adduxit.
1149 827 1302 883 Anni
1348 828 1576 899 primus
1624 827 1737 883 fuit
1786 826 2094 888 inventor:

437 914 699 987 plurima
729 913 868 970 fana
900 914 1185 987 lucosque
1217 917 1465 972 deorum
1495 916 1805 973 dedicavit.
1843 912 2102 971 Instituit

438 1004 620 1060 etiam
662 1005 927 1060 Vestales
976 1004 1256 1079 virgines,
1305 1023 1437 1077 quas
1496 1006 1649 1080 ignis
1703 1010 1881 1076 atque
1930 1018 2100 1073 aqum

443 1110 648 1150 curam
680 1100 977 1166 gererent,
1002 1096 1519 1169 virginitatemque
1538 1102 1658 1151 toto
1688 1095 1820 1150 vita:
1849 1093 2102 1150 decursu

445 1188 907 1240 conservarent:
942 1201 1076 1255 qua)
1107 1201 1236 1241 eam
1270 1185 1653 1257 prodidisset,
1686 1200 1757 1240 ea
1802 1180 2102 1255 lapidibus

445 1270 819 1327 obrueretur.
852 1272 1206 1344 Capitolium
1238 1274 1323 1344 (id
1352 1273 1703 1331 vocabulum
1734 1275 1912 1344 caput
1936 1269 2104 1325 urbis

443 1362 631 1432 notat)
653 1377 723 1417 ex
740 1360 1149 1418 fundamentis
1172 1363 1482 1419 exstruxit.
1500 1365 1691 1431 Anno,
1716 1360 1817 1432 qui
1840 1374 2102 1430 eousque

443 1452 640 1509 fuerat
667 1452 877 1509 decem
910 1454 1210 1511 mensium
1241 1459 1581 1526 usurpatas,
1617 1451 1768 1508 duos
1825 1449 2106 1522 apposuit

440 1559 704 1613 menses,
731 1545 1078 1600 Ianuarium
1104 1551 1165 1601 et
1184 1545 1490 1602 Sextilem.
1532 1544 1620 1601 Ab
1670 1543 1833 1601 260
1882 1539 2104 1596 lsauris

443 1631 615 1688 linum
636 1633 1029 1706 gestationem
1052 1635 1326 1707 sumpsit.
1360 1635 1594 1690 Primus
1624 1630 1908 1689 Romanis
1938 1645 2107 1686 asses

447 1737 517 1776 ex
538 1726 781 1793 argento
806 1728 867 1778 et
895 1739 1011 1779 aare
1042 1741 1218 1780 cusos
1247 1724 1495 1797 largitus
1516 1728 1625 1793 est,
1658 1737 1795 1778 cum
1822 1720 1864 1775 ii
1894 1732 2106 1775 neces-

2201 547 2298 604 λον
2328 545 2664 637 ἐϐασίλευσε.
2696 552 2949 628 Πόλεμον
2984 556 3079 630 μὶν
3108 555 3301 614 οὐδένα
3351 561 3576 619 πώποτε
3635 545 3847 637 διῳκή-

2201 657 2353 705 σατο,
2382 639 2451 695 τά
2478 635 2536 695 δί
2563 640 2701 696 κατὰ
2733 642 2899 698 πόλιν
2946 642 3026 706 εἰς
3071 646 3135 701 τὸ
3192 645 3621 725 ὠφελιμώτερον
3669 635 3850 708 διεκόο

2202 745 2351 798 σμει,
2392 725 2599 813 νόμους
2654 728 2745 785 ὅτε
2798 730 2848 768 ⁸⁸
2882 733 3142 798 καθιστάς
3177 734 3503 800 πολιτικοὺς
3556 739 3649 793 καὶ
3705 740 3849 813 ἡμέο

2202 833 2354 889 ρους,
2385 811 2458 870 δι’
2484 817 2559 871 ὧν
2583 816 2835 883 ἄστείους
2864 839 2926 876 τε
2950 821 3044 877 καὶ
3090 820 3514 900 φιλανθρώπους
3559 827 3691 891 τοὺς
3744 811 3850 885 πο-

2202 900 2359 991 λίτας
2411 903 2792 981 ἀπειργάζετο.
2879 909 3153 966 Ἐνιαυτόν
3230 931 3293 967 τε
3347 918 3566 987 πρῶτος
3633 914 3848 991 εὕρατο,

2203 990 2323 1066 ίερά
2348 1013 2408 1048 τε
2435 992 2667 1050 πλεῖστα
2692 995 2784 1051 καὶ
2822 997 3021 1070 τεμένη
3083 1003 3217 1064 θεῶν
3276 998 3556 1077 ἱδρύσατο·
3614 990 3706 1060 καὶ
3751 1006 3849 1070 τὰς

2204 1083 2487 1149 Ἑστιάδας
2516 1086 2812 1163 παρθένους
2861 1094 2959 1146 τοῦ
2994 1092 3167 1169 πυρὸς
3223 1094 3313 1148 καὶ
3363 1092 3557 1159 ὕδατος
3600 1097 3699 1166 τὴν
3739 1096 3853 1153 ἔπι-

2209 1173 2428 1248 μέ).ειαν
2457 1171 2604 1254 ἔχειν
2656 1176 2969 1255 ἐπέτρεψεν,
3001 1181 3057 1236 αἳ
3096 1178 3188 1236 διὰ
3238 1186 3338 1239 τοῦ
3392 1184 3516 1260 βίου
3560 1187 3660 1256 τήν
3719 1208 3855 1263 παρ-

2206 1265 2382 1321 θενίαν
2403 1263 2726 1346 ἐφύλαττον
2759 1268 2806 1324 εί
2837 1266 2896 1325 δὶ
2928 1271 3030 1345 μή,
3058 1269 3240 1336 λίθοις
3288 1275 3717 1350 κατεχώννυντο.
3746 1278 3851 1335 Καὶ

2204 1355 2269 1412 τὸ
2307 1354 2677 1428 Καπιτώλιον,
2710 1356 2846 1434 ὅπερ
2898 1358 3144 1440 κεφαλὴν
3198 1360 3418 1426 πόλεως
3467 1366 3740 1439 σημαίνει,
3790 1365 3854 1423 ἐκ

2207 1443 2479 1519 θεμελίων
2529 1443 2884 1523 ᾠκοδόμησε.
2948 1449 3054 1507 Καὶ
3105 1454 3187 1523 τῷ
3231 1450 3458 1527 ἐνιαυτῷ
3508 1451 3606 1510 δύο
3674 1462 3853 1530 μῆνας

2207 1535 2532 1610 προσέθηκε.
2557 1537 2650 1594 τὸν
2679 1540 3009 1615 Ἰανουάριον
3048 1541 3138 1597 καὶ
3194 1542 3290 1598 τὸν
3346 1543 3646 1616 Σεξτίλιον,
3694 1543 3857 1601 δεκα-

2211 1625 2465 1700 μηνιαίου
2510 1629 2609 1682 τοῦ
2664 1626 2914 1684 ἐιιαυτοῦ
2972 1630 3080 1703 πρὸ
3130 1630 3328 1687 τούτου
3382 1634 3851 1708 χρηματίζοντος.

2205 1716 2385 1780 Οὗτος
2415 1714 2474 1772 ἐκ
2502 1720 2608 1772 τῶν
2639 1717 2895 1793 Ἰσαύρων
2922 1720 3023 1789 τήν
3054 1725 3157 1790 τῆς
3187 1719 3480 1799 χλαμύθος
3520 1722 3723 1795 στολὴν
3755 1746 3857 1803 φο-

453 1810 728 1867 sitatibus
749 1812 871 1868 suis
901 1812 1153 1869 antehac
1173 1814 1458 1870 coriaceis
1477 1812 1689 1885 ligneis
1706 1808 2093 1879 testaceisque

2209 1810 2320 1902 ρεῖν
2348 1803 2631 1881 ἒφεύρατο.
2664 1806 2769 1863 Καὶ
2800 1807 3029 1884 ἀσσάρια
3058 1805 3119 1864 δὶ
3155 1809 3263 1865 ἀπὸ
3318 1809 3422 1882 άστς
3432 1833 3538 1885 μου
3596 1816 3707 1886 (16l
3766 1813 3857 1868 καὶ

440 1900 714 1971 pecuniis
744 1901 834 1957 usi
857 1907 1060 1957 essent
1088 1919 1102 1969 ;
1128 1918 1411 1975 assesque
1433 1918 1468 1957 a
1488 1917 1596 1957 suo
1612 1898 1856 1956 nomine
1876 1913 2093 1953 numos

444 1990 827 2061 nuncupavit.
859 1991 947 2046 Ita
974 1991 1185 2046 borum
1217 1990 1471 2047 duorum
1519 2004 1769 2061 regnum
1799 1985 2093 2043 industria

441 2077 585 2132 urbs
617 2077 892 2134 celeriter
920 2085 980 2135 et
1008 2078 1191 2134 robur
1219 2084 1278 2134 et
1304 2083 1582 2133 ornatum
1610 2082 1699 2133 est
1714 2076 2091 2148 adepta,cum

444 2166 609 2238 prior
635 2166 882 2224 bellicas
911 2185 1028 2237 res,
1057 2167 1351 2240 posterior
1380 2167 1581 2224 civiles
1640 2171 1701 2223 et
1747 2165 1879 2238 paci
1923 2170 2091 2236 aptas

448 2254 825 2313 instituisset.
870 2258 1131 2313 Mortuus
1189 2262 1281 2314 est
1320 2259 1512 2314 Numa
1555 2273 1626 2313 ex
1681 2255 1911 2325 morbo,
1954 2269 2090 2309 cum

449 2359 634 2416 regno
664 2343 930 2402 Romano
980 2362 1173 2402 annos
1218 2346 1612 2418 quadraginta
1664 2350 1892 2419 septem
1936 2360 2092 2416 prse-

442 2431 676 2489 fuisset.

508 2615 651 2671 Post
678 2615 835 2671 hunc
865 2615 1070 2672 Tullus
1094 2616 1385 2673 Hostilius
1414 2632 1607 2673 annos
1637 2616 1878 2689 triginta
1914 2614 2086 2671 duos.

439 2706 496 2759 Is
542 2705 752 2761 urbem
811 2708 1059 2762 Romam
1106 2706 1458 2778 ampliorem
1506 2707 1644 2762 fecit
1690 2711 1983 2778 portuque
2029 2708 2091 2760 et

441 2798 625 2864 ponte
653 2793 834 2850 auxit.
868 2796 1009 2850 Post
1033 2794 1276 2850 fvlmine
1320 2796 1472 2851 ictus
1500 2811 1636 2851 cum
1673 2795 1835 2868 regia
1862 2793 2087 2850 conﬂa-

440 2881 645 2953 gravit.

513 2968 658 3025 Inde
689 2968 889 3026 Romm
910 2970 1175 3044 regnavit
1193 2987 1384 3028 annos
1404 2971 1607 3045 viginti
1626 2976 1880 3043 quatuor
1895 2970 2087 3026 Ancus

440 3059 710 3125 Marcius,
752 3060 955 3115 Numaa
986 3060 1261 3133 Pompilii
1298 3077 1501 3118 sorore
1540 3066 1732 3117 natus.
1777 3062 1830 3116 Is
1861 3076 2088 3132 pomm-

437 3148 592 3204 rium
622 3148 786 3204 urbis
820 3149 1016 3207 Romae
1046 3156 1182 3223 post
1215 3151 1554 3223 superiores
1584 3149 1851 3221 protulit,
1906 3155 1965 3204 et
2009 3147 2081 3204 ad

438 3238 830 3295 ostiaTiberis
850 3239 1011 3295 ﬂuvii
1043 3239 1252 3295 urbem
1301 3239 1610 3306 exstruxit,
1669 3239 1844 3295 OSlitB
1890 3237 2083 3309 (quasi

439 3327 489 3382 si
514 3327 761 3399 januam
781 3328 963 3400 dicas)
985 3329 1248 3384 nomine.
1273 3328 1453 3386 Abest
1472 3328 1545 3385 ab
1566 3328 1711 3384 urbe
1726 3327 2089 3383 sedecimum

438 3417 676 3472 circiter
702 3416 983 3488 lapidem.
1020 3418 1186 3473 Hunc
1215 3433 1414 3491 regem
1445 3417 1690 3473 morbus
1721 3416 1979 3473 sustulit.

509 3687 811 3744 Successit
844 3687 897 3743 ei
930 3688 992 3744 in
1021 3704 1273 3762 regnum
1302 3686 1657 3759 Tarquinius
1682 3687 1943 3744 Priscus.
1986 3687 2090 3744 Hic

434 3779 689 3833 Romam
720 3794 934 3851 magno
964 3794 1135 3834 muro
1166 3777 1406 3841 muniit,
1436 3777 1651 3850 prioris
1682 3779 1837 3832 muri
1861 3782 2091 3833 tantum

439 3865 842 3923 delineatione
873 3868 1131 3940 quadam
1152 3883 1453 3941 expressa.
1477 3872 1667 3938 Atque
1692 3866 1843 3921 idem
1869 3867 2097 3921 subter-

438 3973 654 4014 raneos
684 3958 991 4015 cuniculos
1019 3959 1180 4025 fecit,
1216 3975 1324 4031 per
1351 3974 1501 4030 quos
1531 3973 1686 4027 aqua
1725 3973 1797 4012 ex
1836 3957 1976 4013 vicis
2027 3956 2091 4010 in

439 4046 697 4103 Tiberim
728 4047 1138 4115 deveheretur,
1170 4063 1318 4119 Opus
1349 4045 1615 4118 apprime
1645 4044 1777 4100 urbi
1809 4045 2095 4101 conduci-

437 4133 579 4192 bile.
613 4137 758 4192 Cum
787 4153 1036 4210 regnum
1068 4152 1174 4207 per
1203 4151 1393 4191 annos
1425 4135 1573 4191 201
1610 4132 1850 4207 triginta
1881 4150 2092 4190 novem

436 4225 748 4295 tenuisset,
779 4242 815 4281 a
843 4226 1065 4293 Marcii,
1098 4224 1191 4280 cui
1223 4227 1612 4292 successerat,
1645 4222 1785 4278 ﬂliis
1816 4221 2094 4279 interem-

432 4318 572 4385 ptus
602 4319 714 4368 est.

502 4400 646 4471 Ejus
686 4406 879 4457 morte
937 4417 1186 4474 regnum
1246 4398 1320 4456 ad
1378 4398 1645 4455 Servium
1694 4399 1952 4456 Tullium
2003 4406 2096 4457 est

445 4486 810 4544 devolutum.
862 4490 1045 4545 Mater
1089 4489 1219 4560 ejus
1257 4486 1477 4543 nobilis
1515 4487 1758 4559 quidem
1804 4487 1938 4557 fuit,
1989 4490 2092 4546 sed

444 4576 674 4645 captiva
703 4581 762 4630 et
789 4592 957 4632 serva
995 4576 1070 4632 ob
1109 4576 1511 4633 calamitatem
1557 4576 1780 4632 habita.
1828 4579 1909 4633 Ea
1955 4595 2091 4635 cum

444 4666 691 4720 Romam
734 4681 1049 4739 prmgnans
1106 4671 1260 4721 esset
1301 4664 1556 4721 adducta
1609 4681 1677 4721 ac
1723 4667 1902 4738 paulo
1962 4675 2096 4740 post

441 4758 702 4825 pareret,
736 4753 927 4811 ﬁlium
960 4754 1225 4810 Servium
1251 4753 1632 4810 nominavita
1654 4755 1848 4811 servili
1883 4758 2087 4813 condi-

442 4842 686 4900 tione.Is
719 4860 956 4917 quoque
978 4843 1143 4901 urbis
1174 4842 1647 4917 magnitudinem
1679 4843 1939 4916 adauxit,
1969 4847 2086 4904 fos-

2210 1894 2428 1981 χαλκοῦ
2479 1895 2828 1970 πεποιημένα
2882 1901 3102 1972 πρῶτος
3178 1898 3483 1972 Ῥωμαίοις
3540 1901 3857 1981 ἰχαρίσατο,

2203 1982 2330 2059 πρὶν
2361 1980 2451 2038 διὰ
2480 1985 2746 2040 σκυτίνων
2782 1984 2873 2041 καί
2929 1985 3162 2056 ξυλίνων
3225 1988 3313 2044 καὶ
3376 1980 3701 2065 ὀστρακίνων
3753 1992 3857 2061 τήν

2203 2072 2394 2150 χρείαν
2456 2072 2836 2149 πληρούντωνσ
2897 2075 3031 2151 ἅπερ
3090 2074 3152 2133 ix
3203 2081 3302 2133 τοῦ
3387 2076 3530 2135 ίδίου
3588 2079 3857 2155 ὀνόματος

2202 2165 2405 2239 νουμία
2433 2165 2710 2226 ὶκάλπσεν.
2740 2164 2930 2228 Οὕτως
2980 2167 3075 2240 μὶν
3133 2170 3232 2245 γῦν
3282 2167 3337 2240 ἐξ
3386 2168 3712 2247 ἀμφοτέρων
3763 2169 3858 2227 καὶ

2204 2257 2410 2333 ὶσχυρά
2437 2259 2655 2340 ταχὲως
2684 2257 2776 2314 καὶ
2817 2254 3088 2331 εὕκοσμος
3141 2262 3177 2331 ἡ
3234 2258 3402 2322 πόλις
3466 2256 3704 2330 ἰηένετο,
3760 2262 3862 2314 τοῦ

2207 2346 2304 2419 μὶν
2336 2348 2403 2403 τά
2431 2347 2694 2405 πολιτικᾶ
2730 2350 2821 2405 καὶ
2867 2346 3112 2424 εἰρηνικὰ
3157 2347 3592 2419 ὶκτυπώσαντος,
3646 2352 3743 2404 τοῦ
3792 2344 3854 2403 δὶ

2201 2435 2492 2511 οΡώμύλου
2521 2439 2589 2495 τὰ
2610 2439 2915 2514 πολεμικά·
2962 2438 3326 2501 Δυναστεύσας
3372 2434 3431 2494 δὶ
3478 2439 3705 2512 Νουμᾶς
3748 2442 3851 2506 τῆς

2201 2526 2426 2602 Ῥώμης
2465 2522 2557 2599 ἔτη
2595 2533 2680 2602 μζ⁸
2706 2528 2853 2601 νόσῳ
2881 2525 3130 2600 τελευτᾷ.

2272 2615 2527 2681 Τοῦλλος
2556 2616 2831 2680 Ὁστίλιος
2860 2611 2955 2688 ἔτη
2989 2615 3099 2693 λβ’.
3150 2617 3331 2679 Οὗτος
3378 2617 3443 2673 τὸ
3484 2618 3585 2682 τῆς
3632 2616 3859 2688 Ῥώμης

2199 2704 2455 2780 πόλεσμα
2485 2706 2773 2782 εὐρύτερον
2802 2707 3210 2776 κατασκευάζει,
3270 2701 3470 2779 λιμένα
3519 2725 3579 2761 τε
3626 2704 3716 2760 καὶ
3761 2701 3860 2779 γὲ-

2201 2816 2371 2872 (ξυραν
2412 2798 2672 2868 ποιήσας.
2731 2800 2990 2874 Κεραυνῷ
3051 2794 3279 2870 βληθεὶς
3334 2793 3518 2858 αὐτοῖς
3576 2791 3688 2868 ἃμα
3737 2797 3862 2856 τοῖς

2204 2883 2507 2961 βασιλείοις
2535 2883 3006 2942 καταναλίσκεται.

2271 2980 2476 3050 ’Ἄγκος
2508 2975 2764 3052 Μαρκίων
2793 2969 2887 3047 ἔτη
2917 2972 3001 3031 κδ’
3048 2973 3326 3051 βάσιλεύει
3371 2974 3622 3048 Ῥώμης,
3673 2970 3733 3036 ὅς
3786 2970 3854 3028 ζει

2200 3065 2469 3143 θυγατρὸς
2499 3069 2699 3138 Νοῦμα
2729 3062 3055 3138 Πομπιλίου
3109 3061 3350 3143 γέγονεν.
3407 3061 3582 3125 Οὗτος
3629 3061 3692 3117 τὸ
3744 3062 3851 3130 τῆς

2196 3157 2420 3228 Ῥώμης
2472 3155 2740 3229 τείχισμα
2793 3155 2930 3230 πρὸς
2986 3159 3109 3217 τοῖς
3183 3152 3497 3230 εἰρημένοις
3551 3150 3853 3219 πλατύνας,

2196 3242 2288 3298 καὶ
2317 3243 2408 3298 τὸν
2438 3242 2687 3316 ποταμὸν
2714 3237 2952 3318 Τίϐεριν
2996 3241 3136 3317 πρὸς
3192 3248 3312 3307 ταῖς
3359 3237 3616 3303 ἐκϐολαῖς
3666 3238 3858 3317 τειχί-

2198 3352 2316 3404 σας,
2347 3330 2430 3388 ἒπ⁹
2460 3331 2630 3402 αὐτῆς
2673 3338 2774 3403 τῆς
2834 3330 3033 3411 ῥαχίας
3084 3331 3332 3404 ἀνίστησι
3382 3330 3569 3401 πόλιν,
3629 3330 3695 3401 ἣν
3754 3330 3853 3387 Ὀ-

2197 3421 2347 3479 στίαν
2400 3423 2507 3479 ἀπὸ
2562 3429 2664 3492 τῆς
2721 3420 2920 3483 θίσεως
2990 3422 3454 3499 προσηγόρευσεν,
3514 3420 3546 3476 ὅ
3584 3417 3848 3492 σημαίνει

2199 3513 2388 3587 θύραν,
2418 3508 2702 3568 ὶκκαίδεκά
2758 3531 2866 3568 που
2921 3512 3177 3585 σημείοις
3233 3510 3545 3587 ἀπέχουσαν
3602 3508 3850 3582 Ῥώμης.

2198 3600 2372 3664 Οὗτος
2402 3600 2547 3674 νόσῳ
2575 3602 2823 3672 τελευτᾷ.

2273 3691 2506 3766 Πρίσκος
2542 3689 2845 3764 Ταρκύνιος
2900 3688 3120 3762 Ῥώλης
3174 3683 3485 3747 ἐϐασίλευσε
3545 3688 3677 3764 μενὰ
3729 3690 3858 3743 τοῦ-

2197 3800 2314 3849 τον,
2342 3778 2402 3842 ὅς
2431 3780 2531 3848 τήν
2560 3779 2783 3851 Ῥώμην
2832 3779 3009 3858 τείχει
3070 3776 3299 3856 μεγάλῳ
3351 3777 3642 3853 ὠχύρωσε,
3690 3797 3854 3852 περι-

2197 3870 2414 3945 γραφήν
2452 3888 2570 3923 τινα
2626 3868 2798 3941 μόνην
2862 3871 2960 3923 τοῦ
3014 3867 3284 3943 προτέρου
3340 3865 3704 3940 ἱπισημήνας.
3746 3865 3851 3920 Καὶ

2199 3958 2295 4021 τὰς
2321 3955 2632 4030 ὑπονόμους
2658 3956 2897 4032 τάφρους
2928 3952 3001 4012 δι’
3029 3956 3104 4010 ὧν
3136 3953 3225 4011 ἰπὶ
3264 3957 3358 4012 τὸν
3407 3951 3623 4030 Τίϐεριν
3676 3956 3740 4012 τὸ
3785 3953 3854 4012 ἐκ

2196 4047 2305 4102 τῶν
2338 4051 2628 4102 στενωπῶν
2656 4041 2805 4121 ὕδωρ
2834 4044 3167 4122 ὀχετεύεται,
3198 4040 3358 4122 ἔργον
3391 4043 3446 4109 ις
3491 4047 3559 4101 τὶ
3607 4044 3853 4117 μάλιστα

2196 4140 2266 4211 τῇ
2297 4133 2460 4191 πόλει
2492 4136 2791 4211 χρήσιμον,
2824 4132 3228 4190 κατεσκεύασεν.
3261 4133 3431 4196 Οὗτος
3471 4133 3553 4199 λο¹
3600 4133 3693 4205 ἔτη
3740 4140 3853 4203 τῆς

2198 4227 2377 4301 ἀρχῆς
2407 4225 2681 4301 κρατήσας
2713 4224 2816 4280 ὑπὸ
2844 4228 2952 4280 τῶν
2984 4222 3228 4301 Μαρκίου
3282 4220 3510 4291 παίδων,
3562 4226 3659 4278 τοῦ
3706 4223 3849 4299 πρό-

2196 4334 2349 4390 τερον
2383 4310 2805 4375 δυναστεύοντος
2827 4319 2928 4383 τῆς
2950 4312 3199 4386 Ῥώμης,
3226 4310 3546 4388 ἀναιρεῖται.

2272 4397 2500 4477 Σέρϐιος
2554 4398 2826 4464 Τούλλιος
2879 4402 2981 4472 τήν
3047 4399 3347 4476 ἠγεμονίαν
3400 4396 3701 4476 εκδὲχεται,
3755 4419 3854 4454 τε-

2198 4491 2354 4566 χθεὶς
2385 4490 2445 4545 ὲκ
2472 4489 2728 4568 γυναικὸς
2776 4487 3026 4566 εὖγενοῦς
3057 4488 3175 4563 μὶν,
3235 4487 3601 4565 αἰχμαλώτου
3651 4485 3706 4544 δὲ
3752 4488 3853 4543 καὶ

2204 4578 2410 4652 δούλης
2438 4579 2576 4635 κατᾶ
2627 4580 2727 4650 τήν
2781 4576 3065 4657 συμφορὰν
3121 4573 3541 4651 νενομισμένης,
3587 4577 3709 4648 ἣτις
3766 4575 3853 4640 εἰς

2201 4670 2423 4743 Ῥώμην
2483 4669 2716 4743 ἂχθεῖσα
2767 4661 2983 4747 ἔγκυος,
3045 4668 3236 4743 μικρὸν
3297 4668 3518 4743 ὓστερον
3595 4665 3855 4734 τεκοῦσα,

2201 4752 2429 4832 Σέρϐιον
2460 4755 2523 4811 τὸ
2568 4754 2762 4830 τεχθὶν
2816 4752 3182 4827 ἰπωνόμασεν,
3238 4753 3314 4816 ὡς
3371 4751 3431 4808 ἄν
3492 4751 3538 4808 εί
3598 4748 3860 4825 εἴποιμεν

2197 4844 2470 4903 δούλειον.
2502 4841 2677 4907 Οὗτος
2716 4837 2794 4898 ἔτι
2842 4843 3149 4918 προσέθηκε
3199 4846 3279 4913 τῷ
3332 4838 3541 4919 μεγέθει
3589 4848 3689 4911 τῆς
3736 4840 3855 4894 πόα

437 4948 683 5005 samque
696 4934 1018 4990 maximam
1033 4931 2091 5010 mmnibuscircumdedit.Prin.usque

2206 4937 2357 5004 λεως,
2388 4934 2479 4990 καὶ
2507 4934 2711 5013 τάφρον
2740 4931 2827 4988 ὅτι
2861 4934 2944 5005 [Ρ.
2980 4933 3103 5006 149]
3137 4928 3395 5008 μεγίστην
3434 4932 3560 5007 περὶ
3610 4931 3673 4987 τὸ
3718 4934 3852 4985 τεῖ-

438 5022 710 5080 omnium
742 5039 989 5080 censum
1018 5020 1423 5079 multitudinis
1450 5021 1730 5078 Romanae
1758 5024 2093 5097 egit.Censa

2206 5045 2294 5101 [ος
2324 5022 2518 5095 ἤλασε.
2551 5021 2652 5079 Καὶ
2706 5025 2925 5098 πρῶτος
2982 5020 3234 5076 ἁπάντων
3289 5021 3352 5077 τὸ
3396 5025 3504 5077 τῶν
3553 5020 3854 5093 Ῥωμαίων

1646 5119 2007 5180 XYLANDRI
2046 5127 2132 5181 ET
2168 5124 2381 5182 GOARI
2408 5124 2631 5181 ΝΟΤᾸΞ.

540 5248 628 5330 to)
679 5246 1133 5330 ἈπὸβΛσῄμρμ
1210 5244 1448 5330 conjeci
1536 5242 2085 5330 scriptummfuisse

441 5314 639 5399 duoﬁ.
674 5314 1133 5399 signatamjacile
1158 5314 1515 5399 mutaturus,
1545 5316 1597 5398 si
1628 5314 1763 5387 quis
1787 5316 1963 5399 aliter
1986 5338 2085 5377 ex-

441 5388 640 5459 pediat
684 5388 896 5447 locum.
930 5390 1059 5447 Scio
1099 5389 1259 5445 enim
1316 5388 1561 5459 Varroni
1610 5402 1801 5443 assem
1848 5391 1922 5446 ab
1970 5410 2086 5449 aare

611 5460 751 5542 Xvn.
781 5491 854 5503 —
884 5460 965 5515 Ad
993 5459 1280 5532 Xylandri
1312 5466 1509 5542 votum
1550 5458 1714 5542 locus
1744 5460 1860 5542 nbic
1904 5480 2086 5542 expe-

438 5528 654 5597 dietur,
687 5531 734 5585 si
768 5528 1069 5602 nusquam
1094 5538 1511 5601 corrumpatur
1560 5535 1615 5584 et
1647 5530 1882 5588 facilem
1931 5528 2090 5590 acci-

438 5600 562 5656 niat
599 5601 1173 5656 interpretationem.
1208 5604 1367 5656 Asses
1397 5606 1681 5656 argenteos
1711 5608 1763 5656 et
1790 5620 1955 5656 aereos
1986 5608 2090 5656 Ro-

436 5606 562 5675 piat
599 5606 1173 5674 interpretationem.
1208 5606 1367 5657 Asses
1397 5606 1681 5669 argenteos
1711 5608 1763 5656 et
1790 5620 1955 5662 areas
1986 5608 2091 5662 Ro-

440 5671 623 5731 manis
653 5672 886 5744 largitus
915 5679 994 5728 est
1029 5688 1267 5744 primus.
1319 5670 1535 5742 ἄσημον
1588 5671 1750 5727 enim
1799 5684 2090 5745 argentum

2196 5255 2305 5319 est,
2337 5265 2404 5305 ac
2443 5249 2568 5315 aeri,
2595 5251 2775 5319 prout
2802 5246 2863 5319 in
2891 5246 3191 5319 prasenti.
3224 5245 3573 5318 adjunctum
3593 5249 3857 5302 moneta

2196 5315 2507 5377 materiam
2538 5315 2783 5374 indicat.
2816 5315 3123 5389 Ἐπίσημον
3162 5315 3379 5374 iterum
3418 5324 3587 5375 vocat
3638 5322 3863 5373 auctor

2198 5392 2446 5447 inferius
2484 5407 2542 5462 p.
2592 5391 2729 5462 7178.
2786 5391 2863 5444 At
2906 5389 3020 5444 hoc
3073 5395 3405 5462 cusumgest
3459 5397 3519 5445 et
3571 5394 3856 5462 notatum,

2200 5462 2349 5517 illud
2408 5460 2643 5533 proprie
2698 5463 2999 5533 infectum;
3058 5460 3331 5532 quamvis
3390 5462 3452 5516 in
3508 5461 3859 5533 promiscuo

2199 5549 2380 5661 Eensu
2402 5531 2712 5605 utriusque
2738 5531 2897 5588 vocis
2915 5547 3351 5606 nonnunquam
3381 5531 3653 5590 occurrat
3677 5547 3860 5591 usus.

2246 5621 2373 5661 OAR.

2246 5621 2373 5661 OAR.
