4186 6190
296 324 411 385 297

1435 319 1981 383 HISTORIARUM
2026 321 2573 388 COMPENDIUM.

3589 328 3706 389 298

293 451 513 523 πλῆθος
568 450 896 527 ἀριθμηθεὶς
956 452 1102 528 εὗρεν
1172 452 1317 507 ὀκτὼ
1385 450 1649 527 μυριάδας
1706 450 1953 508 πολιτῶν

2097 462 2211 512 ιιηι
2239 458 2453 515 civium
2487 459 2783 534 octoginta
2812 460 2923 515 tria
2954 459 3165 527 millia,
3198 464 3412 532 praeter
3451 475 3551 516 eos
3605 459 3706 532 qui

291 539 452 603 οὔσας
510 540 603 596 σὺν
655 540 997 619 τρισχιλίοις
1048 537 1293 616 ἀνδράσι,
1350 541 1486 615 πρὸς
1539 545 1659 603 τοῖς
1724 538 1947 598 ἐπὶτῶν

291 634 471 710 ἀγρῶν
531 629 942 704 διαιτωμένοις.
1002 630 1107 690 Οὕς
1185 629 1260 693 εἷς
1322 627 1529 707 λόχους
1596 629 1947 704 κατανείμας,

2064 564 2202 605 rure
2232 549 2673 606 vivebant.Eam
2705 549 3151 606 multitudinem
3184 551 3246 605 in
3267 550 3487 607 classes
3509 550 3706 607 distri-

2064 635 2211 702 buit,
2254 637 2622 710 singulisque
2681 655 2862 694 censu
2892 655 2998 710 pro
3030 639 3299 711 ipsorum
3354 639 3561 695 habitu
3619 639 3705 694 in-

299 721 388 775 καῖ
411 725 534 782 ταῖς
565 718 777 781 ούσίαις
832 720 1058 774 ἑκάστου
1113 720 1404 794 τιμήματα
1467 719 1605 793 πρὸς
1654 717 1822 785 λόγον
1854 725 1953 787 τῆς

2097 724 2638 798 uncto,justissimae
2653 727 2825 798 juxta
2848 727 3139 799 longeque
3160 728 3460 784 utilisimm
3488 729 3709 784 consti-

301 807 584 883 δυνάμεως
639 807 867 878 ἐπιθεὶς,
925 806 1268 865 δικαιότατον
1332 809 1582 864 ἁπάντων
1640 807 1951 882 πολίτευμα

301 901 387 955 καὶ
420 897 951 975 πολυωφελέστατον
1000 897 1343 973 εἰσηγάγετο.
1390 898 1571 973 Ταύτῃ
1602 898 1704 974 γὰρ
1733 902 1804 972 τῇ
1836 895 1957 951 διαο

299 989 570 1060 κοσμήσει
623 987 721 1050 τὰς
775 1006 836 1040 τε
886 989 996 1041 τῶν
1055 990 1402 1061 στρατιωτῶν
1459 987 1800 1063 καταγραφὰς
1864 984 1955 1039 καὶ

300 1078 396 1143 τὰς
422 1082 532 1133 τῶν
591 1076 859 1153 εἰσφορῶν
918 1075 1186 1149 συντάξεις
1239 1075 1331 1130 καὶ
1384 1075 1453 1131 τὰ
1516 1077 1805 1149 τιμήματα
1845 1078 1954 1129 τῶν

306 1167 444 1243 βίων
492 1167 752 1223 ἐποιεῖτο·
812 1164 1046 1241 τέσσαρα
1097 1167 1200 1242 γὰρ
1257 1165 1416 1228 οὗτος
1446 1167 1513 1221 τὰ
1538 1165 1954 1240 τιμωρημάτων

303 1255 525 1335 ἐφεδρεν
584 1253 805 1333 ὄργανα.
867 1256 973 1312 Καὶ
1028 1254 1425 1331 τεσσαράκοντα
1479 1249 1573 1326 ἔτη
1626 1261 1726 1325 τῆς
1779 1254 1957 1331 ἀρχῆς

302 1350 576 1423 κρατήσας
606 1344 993 1427 διαφθείρεται,
1054 1343 1445 1423 δολοφονηθεὶς
1505 1347 1610 1403 ὑπὸ
1661 1345 1959 1422 Ταρκυνίου

316 1431 657 1513 Σουπέρϐου.

373 1527 679 1604 Ταρκύνιος
712 1520 1065 1602 Σούπερϐος.
1104 1526 1275 1588 Οὗτος
1306 1525 1460 1589 εὐθὺς
1492 1525 1691 1589 πάντας
1720 1525 1958 1596 ἐκίνησεν

306 1615 395 1673 ἰπὶ
429 1617 495 1671 τὸ
541 1614 957 1690 αὐθαδέστερον,
1012 1616 1103 1670 καὶ
1162 1613 1465 1692 βαρυτέραν
1520 1617 1619 1687 τήν
1676 1612 1958 1671 πολιτείαν

311 1706 576 1782 ἀπέφηνε,
630 1702 763 1768 τοὺς
815 1723 877 1757 τε
957 1722 1164 1776 νομους
1234 1702 1478 1776 μεταθεὶς
1543 1703 1634 1758 καὶ
1692 1703 1963 1779 ἄρχοντας

2066 812 2311 867 tutionis
2368 820 2575 870 auctor
2605 815 2736 881 fuit,
2796 832 2914 887 qua
2943 822 3001 871 et
3058 816 3355 872 scribendi
3416 817 3709 873 exercitus

2063 902 2357 957 rationem
2412 908 2469 958 et
2531 903 2735 959 tributi
2804 904 3183 961 collationem
3242 912 3300 961 et
3363 906 3709 962 facultatum

2066 990 2355 1062 cujusque
2386 993 2843 1048 aestimationem
2874 994 3188 1065 expedivit.
3231 995 3493 1060 Quatuor
3549 995 3707 1049 enim

2066 1077 2163 1134 hic
2195 1079 2418 1135 invenit
2449 1098 2663 1138 census
2692 1082 3089 1137 instrumenta
3141 1083 3287 1138 Cum
3319 1100 3505 1140 annos
3563 1099 3712 1154 qua-

2067 1166 2340 1239 draginta
2377 1176 2699 1242 regnasset,
2752 1187 2859 1242 per
2909 1170 3113 1226 dolum
3163 1177 3254 1227 est
3301 1189 3336 1228 a
3393 1170 3710 1243 Tarquinio

2069 1256 2332 1329 Superbo
2363 1266 2629 1318 necatus.

2143 1528 2497 1599 Tarquinius
2527 1529 2828 1601 Superbus
2860 1547 3039 1603 regno
3090 1532 3312 1603 potitus
3357 1534 3561 1587 omnia
3607 1548 3713 1604 pro

2072 1633 2180 1673 sua
2207 1617 2507 1674 voluntate
2540 1634 2713 1692 agere
2745 1619 2940 1691 coepit,
2992 1620 3452 1692 reipublicaeque
3500 1622 3716 1695 guber-

2071 1706 2379 1762 nationem
2409 1707 2631 1763 civibus
2685 1708 3091 1764 molestiorem
3139 1709 3420 1776 reddidit,
3474 1727 3611 1766 cum
3660 1716 3720 1767 et

308 1788 792 1867 προϐαλλόμενος,
814 1791 905 1847 καὶ
933 1788 1004 1847 δι’
1032 1790 1209 1847 αὐτῶν
1240 1792 1333 1847 τὸν
1367 1789 1552 1866 δῆμου
1582 1789 1804 1866 δεσμοῖς
1827 1813 1963 1847 παν-

2097 1812 2230 1869 eges
2243 1796 2642 1868 refingeret,et
2654 1797 3033 1870 magistratus
3045 1799 3454 1868 constitueret,
3464 1816 3719 1870 quorum

307 1883 485 1945 τοίοις
513 1882 605 1937 καὶ
641 1878 907 1958 μεγάλοις
937 1882 1027 1936 καὶ
1055 1879 1315 1936 κολάσεσι
1355 1880 1445 1935 καὶ
1493 1878 1724 1957 ἐξορίαις
1752 1880 1963 1949 αἰκιζόι

315 1990 498 2045 μενος·
530 1970 697 2033 αὐτὸς
717 1970 821 2045 γὰρ
862 1968 1039 2043 ἐξεῦρε
1095 1967 1287 2042 δεσμὰ,
1350 1967 1634 2046 μάστιγας,
1667 1968 1822 2039 ξύλα,
1856 1968 1966 2045 εἶρ-

308 2061 464 2130 κτάς,
496 2057 769 2137 φυλακὰς,
800 2056 1056 2127 κλοιοὺς,
1113 2055 1298 2129 πέδας,
1331 2055 1571 2126 ἁλύσεις,
1602 2058 1834 2134 ὲξορίας,
1870 2058 1967 2132 μὲ-

307 2148 511 2215 ταλλα,
531 2148 624 2203 καὶ
650 2144 704 2203 εἷ’
717 2168 770 2202 τι
800 2144 942 2203 ἄλλο
962 2147 1151 2204 κακόν.
1180 2144 1577 2221 Φιλοπόλεμός
1594 2168 1672 2218 τε,
1696 2148 1744 2204 εί
1768 2146 1859 2203 καὶ
1883 2168 1969 2209 τις

310 2236 381 2293 ἄλ
391 2238 487 2299 λος
516 2237 740 2293 πώποτε
760 2238 996 2313 γὲγονεν,
1025 2234 1336 2312 ὑπερόπτης
1355 2257 1413 2291 τε
1437 2235 1528 2291 καὶ
1559 2234 1794 2306 ἀλαζών.
1814 2237 1966 2292 Ὅθεν

309 2326 404 2383 καὶ
430 2328 535 2396 τήν
593 2324 908 2400 ἱπωνυμίαν
964 2324 1166 2397 ταύτην
1227 2324 1591 2401 ἀπηνέγκατο’
1631 2320 1970 2401 σουπέρϐους

310 2418 416 2494 γὰρ
471 2414 604 2480 τοὺς
664 2416 1047 2496 ὑπερηφάνους
1102 2416 1370 2489 Ῥωμαῖοι
1427 2414 1809 2490 ὀνομάζουσιν.
1866 2415 1972 2473 Οὗ-

320 2530 418 2572 τος
450 2509 601 2583 παρᾶ
626 2508 933 2582 Ῥωμαίοις
993 2508 1242 2583 μισηθεὶς
1302 2504 1392 2563 διά
1443 2529 1505 2563 τε
1556 2506 1738 2563 τᾶλλα
1763 2507 1854 2563 καὶ
1885 2502 1975 2561 διὰ

315 2599 409 2655 τὸν
470 2596 774 2674 ὁμώνυμον
830 2596 980 2671 αύτῷ
1034 2597 1364 2672 Ταρκύνιον,
1394 2597 1453 2660 ὅς
1484 2597 1575 2652 καὶ
1604 2601 1836 2673 γυναῖκα
1866 2603 1975 2652 Λα-

317 2686 469 2744 τίνου
501 2686 843 2763 Λουκρητίαν
901 2682 1202 2763 λεγομένην
1262 2687 1452 2764 εὐγενῆ
1505 2684 1652 2762 παρᾶ
1679 2683 1978 2760 Ῥωμαίοις

316 2779 517 2842 νυκτὸς
573 2779 681 2834 ἀπὸ
730 2782 829 2835 τοῦ
883 2775 1253 2854 στρατοπέδου
1326 2778 1611 2852 πορευθεὶς
1668 2775 1805 2852 πρὸς
1861 2775 1979 2852 βίαν

322 2869 588 2944 ᾔσχυνεν.
620 2868 683 2924 Ἡ
736 2864 795 2922 δὲ
829 2867 893 2921 τὸ
950 2866 1074 2942 περὶ
1133 2864 1299 2935 αὐτὴν
1361 2862 1609 2939 ἀδίκημα
1634 2870 1713 2939 τῷ
1735 2886 1795 2921 τε
1823 2861 1979 2940 ἀνδρὶ

329 2956 527 3031 μικρὸν
584 2954 803 3030 ὕστερον
868 2952 1220 3010 ἐπανελθόντι
1270 2952 1362 3010 καὶ
1416 2958 1498 3027 τῷ
1552 2955 1715 3029 πατρί
1773 2953 1863 3009 καὶ
1910 2955 1980 3029 τῇ

322 3045 498 3119 λοιπῇ
529 3044 872 3118 κατεμήνυσε
910 3043 1207 3120 συγγενείᾳ,
1246 3044 1334 3099 καὶ
1385 3041 1762 3119 ἐπαρασαμένη
1794 3040 1983 3098 πολλὰ

320 3142 438 3197 τοῖς
468 3135 562 3212 ἀφ’
589 3132 848 3208 α’ίματος,
880 3134 927 3189 εἰ
953 3135 1056 3204 τὴν
1125 3134 1407 3215 συμφορὰν
1434 3132 1603 3202 αὐτῆς
1629 3131 1980 3188 καταλίποιεν

322 3225 699 3300 ἀτιμώρητον,
729 3223 885 3300 ξίφος
917 3224 1234 3299 σπασαμένη
1285 3224 1417 3300 ὅπερ
1469 3223 1574 3279 ὑπὸ
1602 3227 1719 3285 τοῖς
1743 3222 1978 3285 κόλποις

322 3315 544 3390 ἀφανῶς
597 3311 806 3391 ἓφερεν,
865 3314 1061 3384 ἑαυτήν
1118 3311 1170 3367 ἐν
1230 3310 1351 3387 ὄψει
1402 3316 1512 3368 τῶν
1543 3314 1824 3388 παρόντων
1855 3332 1985 3367 κατ-

326 3408 637 3480 ειργάσατο.
670 3405 848 3461 Τοῦτο
875 3407 1047 3458 πᾶσαν
1092 3404 1192 3473 τὴν
1257 3400 1418 3459 πόλιν
1451 3402 1529 3467 εἰς
1559 3402 1732 3479 ὀργῆν
1763 3402 1985 3477 ἀνῆψεν,

328 3492 477 3549 ἀλλὰ
505 3492 599 3548 καὶ
630 3495 868 3569 Βροῦτον
895 3494 1245 3568 προσήκοντα
1292 3492 1386 3566 μὶν
1436 3493 1572 3547 κατὰ
1600 3490 1754 3569 γένος
1783 3492 1991 3566 ἐκείνῃ,

334 3579 504 3658 ἄνδρα
535 3579 595 3637 δὶ
626 3578 931 3655 δημοτικόν
968 3601 1028 3637 τε
1070 3581 1163 3636 καὶ
1216 3579 1628 3657 μισοτύραννον,
1658 3582 1719 3644 ’ὀς
1753 3579 1993 3655 μάλιστα

335 3673 399 3729 τὸ
424 3670 643 3741 πλῆθος
670 3669 747 3733 εἷς
785 3672 888 3741 τὴν
917 3674 1016 3726 τοῦ
1076 3668 1347 3746 βασιλέως
1382 3671 1596 3746 ἤγειρεν
1642 3670 1991 3727 ἀποστασίαν.

337 3758 631 3838 Ἀφείλετό
661 3760 709 3795 ³⁴
753 3780 813 3814 τε
862 3766 965 3829 τῆς
1020 3757 1261 3829 ἐξουσίας
1315 3759 1495 3829 πάσης
1526 3757 1848 3832 Ταρκύνιος·
1884 3757 1997 3832 ἃμα

344 3849 452 3922 γὰρ
504 3851 578 3922 τῇ
628 3848 763 3903 κατά
814 3847 915 3916 τήν
969 3845 1132 3903 πόλιν
1202 3845 1574 3915 ἐπαναστάσει,
1631 3847 1722 3901 καὶ
1775 3849 1810 3916 ἡ
1862 3845 2001 3921 πρὸς

344 3933 576 4013 Ἀρδὲαν
633 3934 763 3991 οὖσα
848 3937 1071 4012 στρατιά
1151 3935 1439 4010 Ῥωμαίων
1503 3933 1851 3991 ἀπολιποῦσα
1907 3933 2000 3990 τὸν

340 4044 607 4101 τυραννον
663 4024 868 4099 ᾤχετο,
922 4021 1075 4080 ούδὶν
1133 4021 1258 4080 οὔτε
1310 4022 1711 4088 ἀνακαλοῦντος
1752 4020 1878 4078 οὐδὲ
1909 4021 2001 4095 μὲ-

342 4135 455 4170 νειν
492 4111 754 4188 δεομένου
783 4118 1196 4191 πεφροντικυῖα.
1248 4113 1546 4188 Ταρκύνιος
1596 4109 1654 4167 δὲ
1699 4117 1814 4174 τοῖς
1861 4133 2002 4188 παρ-

348 4207 499 4258 οῦσιν
529 4202 836 4278 ἀμηχανῶν
891 4201 1121 4273 ἤλαυνεν
1180 4200 1268 4257 ἐπὶ
1307 4204 1406 4272 τήν
1466 4202 1686 4275 Ῥώμην
1739 4202 1813 4262 ὡς
1866 4201 2004 4256 παύ-

348 4315 459 4349 σων
518 4297 587 4368 τῇ
646 4290 874 4369 παρόδῳ
928 4295 1028 4363 τὴν
1085 4294 1335 4369 ταραχὴν
1392 4293 1484 4348 καὶ
1534 4293 1633 4361 τὴν
1699 4289 2009 4347 δυναστείαν

354 4383 494 4455 μετὰ
546 4386 771 4448 πειθοῦς
826 4380 1265 4457 ἀναληψόμενοςο
1324 4381 1624 4443 ἀπεωσθεὶς
1655 4376 1712 4435 δὲ
1769 4380 1873 4435 ὑπὸ
1900 4383 2008 4435 τῶν

2074 1901 2255 1957 opera
2282 1884 2601 1958 populares
2625 1887 2802 1942 variis
2832 1885 3199 1943 vinculorum
3229 1888 3569 1960 generibus,
3592 1905 3717 1944 me-

2074 1975 2327 2031 tallariis
2358 1976 2576 2048 operis,
2607 1976 2809 2032 multis
2838 1982 3015 2048 atque
3048 1976 3277 2033 exsiliis
3340 1978 3493 2035 που
3547 1978 3716 2051 inju-

2076 2064 2232 2119 riose
2289 2064 2546 2136 puniret.
2607 2064 2842 2120 Etenim
2910 2065 3164 2133 vincula,
3224 2065 3476 2139 ﬂagella,
3533 2065 3717 2137 ligna,

2078 2168 2367 2217 carceres,
2400 2153 2709 2221 custodiat,
2742 2153 3044 2219 numellas,
3075 2153 3417 2225 compedes,
3472 2159 3719 2225 catena,

2079 2242 2310 2307 exsilia,
2341 2242 2582 2298 metalla
2623 2248 2681 2299 et
2710 2243 2759 2298 si
2814 2260 2932 2314 qua
2960 2243 3079 2299 alia
3134 2250 3275 2300 sunt
3304 2244 3482 2309 mala,
3542 2245 3723 2317 hujus

2081 2336 2221 2385 sunt
2266 2331 2526 2387 inventa.
2561 2333 2701 2386 Erat
2742 2336 2963 2399 autem,
3013 2337 3082 2387 ut
3137 2334 3411 2404 quisquis
3460 2350 3727 2405 unquam

2081 2418 2256 2487 alius,
2314 2418 2454 2474 belli
2511 2418 2838 2487 studiosus,
2884 2424 3257 2491 contemptor
3303 2421 3616 2477 hominum
3670 2427 3729 2476 et

2082 2524 2393 2581 arrogans:
2420 2507 2578 2564 unde
2593 2514 2652 2564 et
2671 2508 2919 2580 Superbi
2932 2515 3392 2583 cognomentum
3404 2511 3459 2567 ei
3476 2511 3725 2567 Romani

2082 2598 2519 2653 fecerunt.Cum
2550 2597 2613 2652 in
2635 2597 2772 2654 odio
2795 2602 2951 2654 esset
2974 2599 3467 2666 Romanorum,id
3489 2616 3726 2672 quoque

2084 2686 2158 2743 ad
2192 2702 2263 2742 ea
2290 2686 2540 2742 accessit
2568 2685 2727 2757 quod
2756 2686 3126 2759 cognominis
3174 2687 3305 2759 ejus
3349 2688 3724 2760 Tarquinius,

2085 2780 2268 2832 noctu
2297 2775 2370 2831 ab
2427 2775 2691 2831 exercitu
2719 2792 3011 2845 reversus,
3070 2774 3400 2833 Lucretiam
3451 2778 3730 2834 Collatini

2086 2880 2355 2932 uxorem,
2386 2863 2650 2921 nobilem
2678 2869 3034 2931 matronam,
3068 2881 3176 2936 per
3201 2865 3320 2922 vim
3360 2883 3733 2939 compresse-

2090 2960 2205 3011 rat.
2227 2953 2392 3021 Quod
2423 2953 2525 3009 illa
2556 2952 2845 3026 ﬂagitium
2879 2954 3090 3010 marito
3120 2954 3298 3027 paulo
3330 2960 3467 3028 post
3493 2972 3730 3013 reverso

2090 3044 2363 3117 patrique
2415 3049 2476 3099 et
2505 3043 2781 3099 omnibus
2813 3044 3075 3117 cognatis
3105 3045 3376 3115 aperuit;
3430 3046 3733 3118 multaque

2090 3132 2221 3187 dira
2259 3131 2612 3203 propinquis
2663 3131 2787 3186 suis
2845 3131 3192 3202 imprecata,
3239 3131 3535 3202 siquidem
3580 3133 3734 3189 hanc

2092 3238 2261 3279 suam
2307 3220 2711 3277 calamitatem
2754 3220 3005 3277 inultam
3063 3220 3455 3289 dimitterent,
3514 3222 3733 3295 gladio,

2091 3330 2270 3388 quem
2297 3313 2526 3369 occulte
2557 3312 2620 3368 in
2649 3312 2784 3369 sinu
2815 3312 3102 3386 gestabat,
3135 3313 3347 3370 educto
3386 3330 3449 3370 se
3482 3315 3544 3370 in
3602 3333 3738 3371 cou-

2094 3408 2300 3476 spectu
2330 3401 2595 3473 ipsorum
2627 3401 2877 3457 necavit.
2901 3401 2966 3456 Id
2987 3402 3209 3458 factum
3232 3408 3417 3459 totam
3438 3403 3738 3459 civitatem

2095 3491 2231 3547 odio
2279 3489 2582 3562 Tarquinii
2631 3489 3060 3557 inﬂammavit;
3103 3496 3163 3546 et
3192 3492 3406 3547 Brutus
3456 3493 3738 3549 Lucretiae

2097 3580 2488 3652 propinquus,
2519 3579 2609 3632 vir
2655 3577 2962 3650 popularis
3009 3595 3077 3634 ac
3120 3580 3393 3650 tyrannis
3445 3581 3739 3648 infensus,

2100 3667 2387 3739 majorem
2419 3666 2479 3721 in
2511 3666 2754 3722 modum
2785 3666 2940 3721 cives
2970 3666 3043 3721 ad
3074 3665 3470 3723 defectionem
3514 3685 3548 3725 a
3603 3686 3741 3742 rege

2100 3754 2433 3812 faciendam
2460 3754 2793 3809 commovit.
2825 3755 2913 3810 Ita
2942 3753 3106 3809 omni
3135 3760 3425 3825 potestate
3457 3772 3565 3811 sua
3602 3758 3739 3811 Tar-

2103 3843 2343 3916 quinius
2365 3846 2456 3898 est
2475 3846 2706 3897 exutus.
2723 3841 2910 3896 Simul
2929 3842 3089 3898 enim
3111 3847 3287 3913 atque
3304 3844 3503 3898 Romaa
3535 3849 3741 3899 contra

2107 3950 2241 3991 eum
2265 3933 2419 3988 cives
2445 3931 2915 4001 insurrexerunt,
2943 3932 3238 3987 exercitus
3268 3949 3503 4004 quoque
3534 3936 3746 3990 Roma-

2107 4041 2221 4080 nus
2243 4023 2345 4095 qui
2363 4027 2489 4077 tum
2509 4021 2665 4094 apud
2687 4020 2941 4077 Ardeam
2965 4027 3092 4077 erat
3111 4026 3432 4093 tyrannum
3465 4022 3747 4089 deseruit,

2111 4130 2303 4185 neque
2331 4117 2705 4169 revocantem
2738 4128 2930 4183 neque
2963 4116 3027 4167 ut
3068 4118 3379 4168 manerent
3409 4113 3750 4170 hortantem

2113 4201 2437 4274 quidquam
2470 4206 2755 4255 moratus.
2785 4200 3406 4271 Tarquinius,consilii
3440 4219 3508 4258 eo
3540 4207 3754 4258 eventu

2116 4291 2450 4360 ineps,cum
2498 4290 2745 4343 Romam
2775 4287 3161 4343 contenderet
3211 4305 3314 4360 spe
3341 4288 3596 4345 adventu
3648 4307 3755 4345 suo

2117 4378 2408 4435 tumultus
2439 4376 2688 4433 sedandi
2720 4380 2779 4431 et
2808 4392 3058 4449 regnum
3090 4379 3509 4449 recuperandi,
3541 4396 3576 4434 a
3605 4379 3758 4436 263

347 4471 600 4528 πολιτῶν
632 4470 912 4547 ἀπεχώρει
957 4468 1050 4526 σὺν
1104 4474 1223 4532 τοῖς
1278 4469 1524 4539 οἰκείοις,
1559 4466 1884 4545 βασιλεύσας
1916 4463 1983 4523 ἔττ

2119 4467 2343 4523 civibus
2359 4465 2635 4538 repulsus
2655 4481 2791 4521 cum
2814 4465 3040 4521 familia
3060 4464 3357 4535 discessit,
3376 4485 3555 4542 regno
3574 4484 3761 4524 annos

347 4557 449 4616 κδ’.
483 4561 619 4625 Καθ’
647 4559 709 4614 ’ὀν
742 4545 811 4629 δὴ
837 4545 1042 4635 χρόνον
1090 4560 1125 4627 ἡ
1184 4557 1350 4622 πόλις
1400 4556 1648 4628 ἀπελύθη
1680 4562 1782 4626 τῆς
1811 4576 1983 4633 τυραν

2119 4556 2325 4630 viginti
2355 4559 2610 4627 quatuor
2628 4555 2898 4626 gesto.Eo
2924 4558 3191 4626 tempore
3222 4557 3558 4628 tyrannidis
3579 4559 3764 4614 Roma

346 4646 518 4714 νίὸος.

419 4742 508 4813 [Ρ.
544 4741 670 4813 150]
729 4737 1083 4816 Δημοκρατία
1120 4735 1179 4793 δὶ
1232 4738 1333 4807 τὴν
1391 4736 1614 4810 Ῥώμην
1643 4734 1731 4791 ἐπὶ
1761 4736 2008 4811 χρόνους

343 4831 752 4905 τεσσαράκοντα
826 4833 974 4904 τρεῖς
1061 4823 1180 4883 δυσὶ
1266 4830 1597 4902 στρατηγοῖς
1680 4823 2009 4880 ἒνιαυσιαίαν

346 4915 546 4993 ἔχουσι
573 4919 674 4987 τήν
703 4917 882 4994 ἀρχὴν
931 4914 1248 4996 ἐφύλαττεν,
1304 4914 1395 4977 οὕς
1444 4911 1776 4977 κονσούλους
1822 4914 1914 4969 οἷα
1943 4910 2010 4983 δὴ

347 5006 694 5083 στρατηγοὺς
724 5006 815 5062 καὶ
844 5000 1195 5079 προϐούλους
1252 5004 1352 5085 χαὶ
1406 5003 1758 5081 προηγόρους
1788 5001 2012 5076 ὠνόμα-

348 5103 467 5167 ζονο
500 5097 741 5159 ὒπάτους
776 5092 834 5152 δὲ
861 5096 1089 5157 τούτους
1142 5095 1195 5150 οἱ
1250 5092 1525 5165 ἝλΛηνες
1576 5090 1857 5168 λέγουσιν.
1888 5090 2008 5148 Ἐπὶ

344 5185 555 5257 ταύτης
609 5191 712 5257 τῆς
765 5181 1139 5260 δημοκρατίας
1196 5184 1248 5239 oi
1325 5181 1532 5239 Γάλλοι
1587 5181 2014 5256 τυραννήσαντες

347 5276 491 5329 κατά
532 5272 825 5349 Ῥωμαίων
875 5268 1152 5350 ἔρχονται.
1198 5273 1303 5330 Καὶ
1356 5271 1569 5328 Μάλιον
1620 5270 1918 5347 στρατηγὸν
1952 5270 2009 5323 οἱ

345 5365 647 5439 Ῥωμαίων
686 5368 807 5419 κατ’
862 5362 1041 5419 αὐτῶν
1098 5359 1442 5433 στέλλουσιν,
1502 5360 1563 5425 ὅς
1608 5360 1700 5415 καὶ
1729 5358 2014 5435 τροπωσά-

352 5472 521 5529 μενος
551 5451 748 5516 αύτοῦς
778 5450 1130 5529 ὑπέστρεψεν.
1161 5453 1260 5508 Ἠν
1324 5447 1382 5506 δέ
1436 5471 1521 5515 τις
1574 5446 1635 5505 ἐκ
1686 5451 1786 5504 τοῦ
1819 5445 2016 5522 μέρους

345 5546 462 5599 τῶν
505 5541 734 5600 Γάλλων
784 5541 1156 5619 καταγόμενος
1206 5537 1601 5619 συγκλητικὸς,
1642 5532 2014 5614 Φεϐρουάριος

348 5631 790 5705 ὀνομαζόμενος.
848 5631 1017 5693 Οὗτος
1078 5626 1294 5688 Μαλίου
1349 5633 1446 5684 τοῦ
1494 5629 1583 5683 καὶ
1632 5623 2017 5685 Καπιτωλίνου

640 5752 905 5814 Panos.
950 5752 1067 5811 Gn.
1110 5748 1318 5811 CXXI.

2111 4645 2323 4719 jugum
2347 4643 2619 4699 excussit.

2191 4733 2332 4790 Inde
2364 4731 2568 4805 populi
2599 4732 2662 4786 in
2690 4730 3001 4803 republica
3028 4736 3235 4804 postea
3278 4735 3523 4790 Romam
3575 4750 3761 4788 annos

2124 4822 2518 4895 quadraginta
2565 4826 2685 4875 tres
2743 4821 3128 4890 conservavit,
3162 4820 3395 4877 duobus
3443 4823 3762 4893 quotannis

2124 4911 2442 4984 imperium
2473 4908 2995 4983 gerentibus,quos
3024 4914 3090 4964 ut
3119 4908 3395 4978 duces,ac
3425 4911 3525 4982 qui
3557 4911 3762 4966 consi-

2124 5002 2204 5057 lio
2235 4997 2819 5073 prmirent,consules
2840 4986 3259 5071 appellabant:
3285 5000 3467 5055 Graaci
3489 5000 3763 5071 hypatus,

2126 5089 2294 5163 quasi
2354 5088 2516 5144 dicas
2567 5103 2858 5155 summos,
2917 5087 3250 5143 nominant.
3296 5089 3375 5143 Eo
3419 5088 3765 5160 reipublicae

2126 5184 2282 5236 statu
2315 5177 2461 5235 Gaili
2492 5182 2831 5249 grassantes
2862 5178 3194 5233 Romanum
3224 5177 3545 5250 imperium
3573 5179 3766 5236 adorti

2126 5273 2285 5325 sunt.
2308 5268 2525 5323 Contra
2553 5282 2702 5337 quos
2731 5265 2952 5321 missus
2983 5282 3117 5321 cum
3146 5267 3411 5323 exercitu
3431 5285 3467 5324 a
3485 5268 3769 5325 Romanis

2124 5354 2375 5412 Manlius
2396 5354 2469 5409 iis
2490 5354 2679 5426 pulsis
2704 5352 3044 5412 rediit.Erat
3068 5354 3308 5425 quidam
3328 5361 3457 5412 tum
3480 5357 3541 5412 in
3557 5364 3769 5415 senatu

2124 5441 2482 5502 Februarius
2511 5441 2872 5499 Gallicarum
2904 5443 3187 5516 partium.
3221 5446 3298 5515 Is,
3330 5463 3466 5503 cum
3496 5447 3559 5502 in
3584 5448 3771 5504 comi-

2126 5535 2279 5591 tium
2308 5532 2570 5588 venisset
2598 5531 2853 5589 Manlius
2883 5533 2978 5589 cui
3026 5540 3487 5606 cognomentum
3531 5541 3623 5593 est
3666 5537 3776 5593 Ca-

2130 5621 2385 5697 pitolini,
2416 5619 2705 5692 utilisque
2732 5621 3042 5678 sententiae
3071 5629 3277 5679 auctor
3322 5624 3553 5692 fuisset,
3611 5638 3778 5695 pera-

3420 5740 3502 5804 1ο
