  <div class='ocr_page' id='page_1' title='image "/cluster/home/n/w/nwhite01/storage/ocr_20150623/121/hvd.32044073502478/157.png"; bbox 0 0 4188 6196; ppageno 0'>
   <div class='ocr_carea' id='block_1_1' title="bbox 462 383 583 443">
    <p class='ocr_par' dir='ltr' id='par_1_1' title="bbox 462 383 583 443">
     <span class='ocr_line' id='line_1_1' title="bbox 462 383 583 443; baseline 0.008 -1"><span class='ocrx_word' id='word_1_1' title='bbox 462 383 583 443; x_wconf 88' lang='grc'>303</span> 
     </span>
    </p>
   </div>
   <div class='ocr_carea' id='block_1_2' title="bbox 1818 381 2525 443">
    <p class='ocr_par' dir='ltr' id='par_1_2' title="bbox 1818 381 2525 443">
     <span class='ocr_line' id='line_1_2' title="bbox 1818 381 2525 443; baseline -0.003 0"><span class='ocrx_word' id='word_1_2' title='bbox 1818 382 2140 443; x_wconf 81' lang='lat' dir='ltr'>GEORGII</span> <span class='ocrx_word' id='word_1_3' title='bbox 2186 381 2525 441; x_wconf 75' lang='lat' dir='ltr'>CEDRENI</span> 
     </span>
    </p>
   </div>
   <div class='ocr_carea' id='block_1_3' title="bbox 3754 388 3874 447">
    <p class='ocr_par' dir='ltr' id='par_1_3' title="bbox 3754 388 3874 447">
     <span class='ocr_line' id='line_1_3' title="bbox 3754 388 3874 447; baseline 0.008 -1"><span class='ocrx_word' id='word_1_4' title='bbox 3754 388 3874 447; x_wconf 74' lang='grc'>304</span> 
     </span>
    </p>
   </div>
   <div class='ocr_carea' id='block_1_4' title="bbox 458 515 2097 594">
    <p class='ocr_par' dir='ltr' id='par_1_4' title="bbox 458 519 2097 592">
     <span class='ocr_line' id='line_1_4' title="bbox 458 519 2097 592; baseline -0.001 -17"><span class='ocrx_word' id='word_1_5' title='bbox 458 521 817 592; x_wconf 67' lang='lat' dir='ltr'>Ephtestioni</span> <span class='ocrx_word' id='word_1_6' title='bbox 844 520 1350 590; x_wconf 88' lang='lat' dir='ltr'>mandata.Itaque</span> <span class='ocrx_word' id='word_1_7' title='bbox 1381 520 1455 574; x_wconf 92' lang='lat' dir='ltr'>ad</span> <span class='ocrx_word' id='word_1_8' title='bbox 1486 522 1775 575; x_wconf 89' lang='lat' dir='ltr'>Oceanam</span> <span class='ocrx_word' id='word_1_9' title='bbox 1810 519 2097 591; x_wconf 82' lang='lat' dir='ltr'>pervenit.</span> 
     </span>
    </p>
   </div>
   <div class='ocr_carea' id='block_1_5' title="bbox 2209 515 3865 594">
    <p class='ocr_par' dir='ltr' id='par_1_5' title="bbox 2220 515 3865 594">
     <span class='ocr_line' id='line_1_5' title="bbox 2220 515 3865 594; baseline 0.002 -24"><span class='ocrx_word' id='word_1_10' title='bbox 2220 516 2489 587; x_wconf 74' lang='grc' dir='ltr'>ἐποίησεν,</span> <span class='ocrx_word' id='word_1_11' title='bbox 2529 516 2621 571; x_wconf 71' lang='grc' dir='ltr'>καὶ</span> <span class='ocrx_word' id='word_1_12' title='bbox 2677 517 2775 584; x_wconf 86' lang='grc' dir='ltr'>τήν</span> <span class='ocrx_word' id='word_1_13' title='bbox 2838 515 3114 590; x_wconf 84' lang='grc' dir='ltr'>βασιλείαν</span> <span class='ocrx_word' id='word_1_14' title='bbox 3174 515 3343 586; x_wconf 65' lang='grc' dir='ltr'>αὐτῆς</span> <span class='ocrx_word' id='word_1_15' title='bbox 3401 518 3487 571; x_wconf 72' lang='grc' dir='ltr'>καὶ</span> <span class='ocrx_word' id='word_1_16' title='bbox 3545 519 3646 586; x_wconf 78' lang='grc' dir='ltr'>τὴν</span> <span class='ocrx_word' id='word_1_17' title='bbox 3678 518 3865 594; x_wconf 77' lang='grc' dir='ltr'>χώραν</span> 
     </span>
    </p>
   </div>
   <div class='ocr_carea' id='block_1_6' title="bbox 464 607 2111 680">
    <p class='ocr_par' dir='ltr' id='par_1_6' title="bbox 464 607 2111 680">
     <span class='ocr_line' id='line_1_6' title="bbox 464 607 2111 680; baseline 0.001 -18"><span class='ocrx_word' id='word_1_18' title='bbox 464 608 788 676; x_wconf 88' lang='lat' dir='ltr'>Post,bello</span> <span class='ocrx_word' id='word_1_19' title='bbox 814 625 947 662; x_wconf 91' lang='lat' dir='ltr'>cum</span> <span class='ocrx_word' id='word_1_20' title='bbox 970 607 1272 663; x_wconf 84' lang='lat' dir='ltr'>Xandame</span> <span class='ocrx_word' id='word_1_21' title='bbox 1295 625 1429 680; x_wconf 88' lang='lat' dir='ltr'>rcge</span> <span class='ocrx_word' id='word_1_22' title='bbox 1451 609 1822 680; x_wconf 86' lang='lat' dir='ltr'>facto,eoque</span> <span class='ocrx_word' id='word_1_23' title='bbox 1846 609 2015 680; x_wconf 90' lang='lat' dir='ltr'>pulso</span> <span class='ocrx_word' id='word_1_24' title='bbox 2038 607 2111 663; x_wconf 90' lang='lat' dir='ltr'>ad</span> 
     </span>
    </p>
   </div>
   <div class='ocr_carea' id='block_1_7' title="bbox 465 696 2114 766">
    <p class='ocr_par' dir='ltr' id='par_1_7' title="bbox 465 696 2114 766">
     <span class='ocr_line' id='line_1_7' title="bbox 465 696 2114 766; baseline 0.001 -16"><span class='ocrx_word' id='word_1_25' title='bbox 465 697 859 751; x_wconf 87' lang='lat' dir='ltr'>Brachmanes</span> <span class='ocrx_word' id='word_1_26' title='bbox 873 696 1388 766; x_wconf 86' lang='lat' dir='ltr'>pervenit.Horum</span> <span class='ocrx_word' id='word_1_27' title='bbox 1403 697 1814 753; x_wconf 80' lang='lat' dir='ltr'>admirabilem</span> <span class='ocrx_word' id='word_1_28' title='bbox 1829 714 1895 753; x_wconf 89' lang='lat' dir='ltr'>ac</span> <span class='ocrx_word' id='word_1_29' title='bbox 1912 698 2114 752; x_wconf 85' lang='lat' dir='ltr'>huma-</span> 
     </span>
    </p>
   </div>
   <div class='ocr_carea' id='block_1_8' title="bbox 463 784 2109 857">
    <p class='ocr_par' dir='ltr' id='par_1_8' title="bbox 463 784 2109 857">
     <span class='ocr_line' id='line_1_8' title="bbox 463 784 2109 857; baseline 0.001 -19"><span class='ocrx_word' id='word_1_30' title='bbox 463 801 541 838; x_wconf 90' lang='lat' dir='ltr'>na</span> <span class='ocrx_word' id='word_1_31' title='bbox 569 785 864 854; x_wconf 85' lang='lat' dir='ltr'>potiorem</span> <span class='ocrx_word' id='word_1_32' title='bbox 897 784 1095 853; x_wconf 89' lang='lat' dir='ltr'>vitam,</span> <span class='ocrx_word' id='word_1_33' title='bbox 1154 786 1435 855; x_wconf 80' lang='lat' dir='ltr'>pietatem</span> <span class='ocrx_word' id='word_1_34' title='bbox 1467 791 1525 841; x_wconf 93' lang='lat' dir='ltr'>et</span> <span class='ocrx_word' id='word_1_35' title='bbox 1565 787 1789 841; x_wconf 91' lang='lat' dir='ltr'>cultum</span> <span class='ocrx_word' id='word_1_36' title='bbox 1846 788 1970 855; x_wconf 84' lang='lat' dir='ltr'>Dei,</span> <span class='ocrx_word' id='word_1_37' title='bbox 2009 785 2109 857; x_wconf 87' lang='lat' dir='ltr'>qui</span> 
     </span>
    </p>
   </div>
   <div class='ocr_carea' id='block_1_9' title="bbox 462 871 2112 946">
    <p class='ocr_par' dir='ltr' id='par_1_9' title="bbox 462 871 2112 946">
     <span class='ocr_line' id='line_1_9' title="bbox 462 871 2112 946; baseline 0.001 -21"><span class='ocrx_word' id='word_1_38' title='bbox 462 871 719 926; x_wconf 85' lang='lat' dir='ltr'>universi</span> <span class='ocrx_word' id='word_1_39' title='bbox 741 876 831 926; x_wconf 89' lang='lat' dir='ltr'>est</span> <span class='ocrx_word' id='word_1_40' title='bbox 847 873 1847 946; x_wconf 86' lang='lat' dir='ltr'>Dominus.expertus,summopere</span> <span class='ocrx_word' id='word_1_41' title='bbox 1864 876 2112 929; x_wconf 89' lang='lat' dir='ltr'>istorum</span> 
     </span>
    </p>
   </div>
   <div class='ocr_carea' id='block_1_10' title="bbox 459 960 2117 1035">
    <p class='ocr_par' dir='ltr' id='par_1_10' title="bbox 459 960 2117 1035">
     <span class='ocr_line' id='line_1_10' title="bbox 459 960 2117 1035; baseline 0.004 -21"><span class='ocrx_word' id='word_1_42' title='bbox 459 960 757 1016; x_wconf 86' lang='lat' dir='ltr'>hominum</span> <span class='ocrx_word' id='word_1_43' title='bbox 772 962 1192 1018; x_wconf 87' lang='lat' dir='ltr'>estadmiratus</span> <span class='ocrx_word' id='word_1_44' title='bbox 1207 964 1635 1035; x_wconf 84' lang='lat' dir='ltr'>philosophiam</span> <span class='ocrx_word' id='word_1_45' title='bbox 1649 963 1934 1029; x_wconf 90' lang='lat' dir='ltr'>.Quoloco</span> <span class='ocrx_word' id='word_1_46' title='bbox 1949 964 2117 1021; x_wconf 87' lang='lat' dir='ltr'>etiam</span> 
     </span>
    </p>
   </div>
   <div class='ocr_carea' id='block_1_11' title="bbox 460 1050 2111 1126">
    <p class='ocr_par' dir='ltr' id='par_1_11' title="bbox 460 1050 2111 1126">
     <span class='ocr_line' id='line_1_11' title="bbox 460 1050 2111 1126; baseline 0.001 -22"><span class='ocrx_word' id='word_1_47' title='bbox 460 1050 739 1105; x_wconf 86' lang='lat' dir='ltr'>columna</span> <span class='ocrx_word' id='word_1_48' title='bbox 752 1052 943 1122; x_wconf 88' lang='lat' dir='ltr'>posita</span> <span class='ocrx_word' id='word_1_49' title='bbox 958 1052 1278 1123; x_wconf 79' lang='lat' dir='ltr'>inscripsit:</span> <span class='ocrx_word' id='word_1_50' title='bbox 1290 1054 1601 1123; x_wconf 89' lang='lat' dir='ltr'>Hucusque</span> <span class='ocrx_word' id='word_1_51' title='bbox 1618 1069 1722 1126; x_wconf 94' lang='lat' dir='ltr'>ego</span> <span class='ocrx_word' id='word_1_52' title='bbox 1746 1070 1846 1108; x_wconf 80' lang='lat' dir='ltr'>rex</span> <span class='ocrx_word' id='word_1_53' title='bbox 1859 1053 2111 1108; x_wconf 81' lang='lat' dir='ltr'>Alexan-</span> 
     </span>
    </p>
   </div>
   <div class='ocr_carea' id='block_1_12' title="bbox 463 1140 2106 1211">
    <p class='ocr_par' dir='ltr' id='par_1_12' title="bbox 463 1140 2106 1211">
     <span class='ocr_line' id='line_1_12' title="bbox 463 1140 2106 1211; baseline 0.001 -17"><span class='ocrx_word' id='word_1_54' title='bbox 463 1140 569 1194; x_wconf 90' lang='lat' dir='ltr'>der</span> <span class='ocrx_word' id='word_1_55' title='bbox 598 1156 849 1211; x_wconf 86' lang='lat' dir='ltr'>magnus</span> <span class='ocrx_word' id='word_1_56' title='bbox 896 1141 1152 1211; x_wconf 79' lang='lat' dir='ltr'>perrexi.</span> <span class='ocrx_word' id='word_1_57' title='bbox 1204 1142 1435 1197; x_wconf 84' lang='lat' dir='ltr'>Etenim</span> <span class='ocrx_word' id='word_1_58' title='bbox 1468 1144 1528 1197; x_wconf 90' lang='lat' dir='ltr'>in</span> <span class='ocrx_word' id='word_1_59' title='bbox 1580 1159 1650 1197; x_wconf 90' lang='lat' dir='ltr'>ea</span> <span class='ocrx_word' id='word_1_60' title='bbox 1698 1142 1894 1197; x_wconf 85' lang='lat' dir='ltr'>insula</span> <span class='ocrx_word' id='word_1_61' title='bbox 1942 1142 2106 1197; x_wconf 83' lang='lat' dir='ltr'>habi-</span> 
     </span>
    </p>
   </div>
   <div class='ocr_carea' id='block_1_13' title="bbox 478 1230 2115 1301">
    <p class='ocr_par' dir='ltr' id='par_1_13' title="bbox 478 1230 2115 1301">
     <span class='ocr_line' id='line_1_13' title="bbox 478 1230 2115 1301; baseline 0.002 -19"><span class='ocrx_word' id='word_1_62' title='bbox 478 1234 606 1285; x_wconf 87' lang='lat' dir='ltr'>tant</span> <span class='ocrx_word' id='word_1_63' title='bbox 662 1230 759 1300; x_wconf 90' lang='lat' dir='ltr'>qui</span> <span class='ocrx_word' id='word_1_64' title='bbox 822 1248 854 1283; x_wconf 89' lang='lat' dir='ltr'>a</span> <span class='ocrx_word' id='word_1_65' title='bbox 911 1230 1216 1286; x_wconf 78' lang='lat' dir='ltr'>vivacitate</span> <span class='ocrx_word' id='word_1_66' title='bbox 1273 1232 1547 1287; x_wconf 86' lang='lat' dir='ltr'>Macrobii</span> <span class='ocrx_word' id='word_1_67' title='bbox 1609 1232 1906 1299; x_wconf 88' lang='lat' dir='ltr'>dicuntur,</span> <span class='ocrx_word' id='word_1_68' title='bbox 1975 1232 2115 1301; x_wconf 89' lang='lat' dir='ltr'>quia</span> 
     </span>
    </p>
   </div>
   <div class='ocr_carea' id='block_1_14' title="bbox 473 1318 2115 1390">
    <p class='ocr_par' dir='ltr' id='par_1_14' title="bbox 473 1318 2115 1390">
     <span class='ocr_line' id='line_1_14' title="bbox 473 1318 2115 1390; baseline 0.001 -18"><span class='ocrx_word' id='word_1_69' title='bbox 473 1318 743 1390; x_wconf 85' lang='lat' dir='ltr'>plerique</span> <span class='ocrx_word' id='word_1_70' title='bbox 794 1319 1059 1390; x_wconf 90' lang='lat' dir='ltr'>ipsorum</span> <span class='ocrx_word' id='word_1_71' title='bbox 1109 1337 1297 1375; x_wconf 87' lang='lat' dir='ltr'>annos</span> <span class='ocrx_word' id='word_1_72' title='bbox 1346 1321 1583 1375; x_wconf 75' lang='lat' dir='ltr'>circiter</span> <span class='ocrx_word' id='word_1_73' title='bbox 1615 1324 1715 1374; x_wconf 76' lang='lat'>130</span> <span class='ocrx_word' id='word_1_74' title='bbox 1764 1321 1984 1375; x_wconf 89' lang='lat' dir='ltr'>vivunt.</span> <span class='ocrx_word' id='word_1_75' title='bbox 2026 1321 2115 1374; x_wconf 88' lang='lat' dir='ltr'>Fit</span> 
     </span>
    </p>
   </div>
   <div class='ocr_carea' id='block_1_15' title="bbox 466 1406 2115 1480">
    <p class='ocr_par' dir='ltr' id='par_1_15' title="bbox 466 1406 2115 1480">
     <span class='ocr_line' id='line_1_15' title="bbox 466 1406 2115 1480; baseline 0.001 -19"><span class='ocrx_word' id='word_1_76' title='bbox 466 1407 580 1462; x_wconf 93' lang='lat' dir='ltr'>hoc</span> <span class='ocrx_word' id='word_1_77' title='bbox 608 1406 681 1461; x_wconf 90' lang='lat' dir='ltr'>ob</span> <span class='ocrx_word' id='word_1_78' title='bbox 716 1407 962 1462; x_wconf 90' lang='lat' dir='ltr'>multam</span> <span class='ocrx_word' id='word_1_79' title='bbox 999 1409 1153 1463; x_wconf 88' lang='lat' dir='ltr'>aeris</span> <span class='ocrx_word' id='word_1_80' title='bbox 1184 1409 1501 1480; x_wconf 86' lang='lat' dir='ltr'>puritatem</span> <span class='ocrx_word' id='word_1_81' title='bbox 1533 1426 1600 1465; x_wconf 88' lang='lat' dir='ltr'>ac</span> <span class='ocrx_word' id='word_1_82' title='bbox 1630 1410 1917 1480; x_wconf 88' lang='lat' dir='ltr'>optimam</span> <span class='ocrx_word' id='word_1_83' title='bbox 1963 1414 2115 1463; x_wconf 89' lang='lat' dir='ltr'>tem-</span> 
     </span>
    </p>
   </div>
   <div class='ocr_carea' id='block_1_16' title="bbox 468 1496 2113 1569">
    <p class='ocr_par' dir='ltr' id='par_1_16' title="bbox 468 1496 2113 1569">
     <span class='ocr_line' id='line_1_16' title="bbox 468 1496 2113 1569; baseline 0.002 -20"><span class='ocrx_word' id='word_1_84' title='bbox 468 1496 719 1568; x_wconf 90' lang='lat' dir='ltr'>periem.</span> <span class='ocrx_word' id='word_1_85' title='bbox 776 1497 978 1567; x_wconf 87' lang='lat' dir='ltr'>Neque</span> <span class='ocrx_word' id='word_1_86' title='bbox 1036 1497 1159 1552; x_wconf 92' lang='lat' dir='ltr'>ullo</span> <span class='ocrx_word' id='word_1_87' title='bbox 1217 1504 1483 1569; x_wconf 88' lang='lat' dir='ltr'>tempore</span> <span class='ocrx_word' id='word_1_88' title='bbox 1540 1498 1699 1553; x_wconf 90' lang='lat' dir='ltr'>ullus</span> <span class='ocrx_word' id='word_1_89' title='bbox 1748 1498 1825 1552; x_wconf 91' lang='lat' dir='ltr'>ibi</span> <span class='ocrx_word' id='word_1_90' title='bbox 1886 1498 2113 1553; x_wconf 86' lang='lat' dir='ltr'>fructus</span> 
     </span>
    </p>
   </div>
   <div class='ocr_carea' id='block_1_17' title="bbox 464 1584 2110 1659">
    <p class='ocr_par' dir='ltr' id='par_1_17' title="bbox 464 1584 2110 1659">
     <span class='ocr_line' id='line_1_17' title="bbox 464 1584 2110 1659; baseline 0.002 -21"><span class='ocrx_word' id='word_1_91' title='bbox 464 1584 654 1655; x_wconf 87' lang='lat' dir='ltr'>deest,</span> <span class='ocrx_word' id='word_1_92' title='bbox 715 1584 817 1639; x_wconf 91' lang='lat' dir='ltr'>sed</span> <span class='ocrx_word' id='word_1_93' title='bbox 875 1586 992 1640; x_wconf 90' lang='lat' dir='ltr'>alio</span> <span class='ocrx_word' id='word_1_94' title='bbox 1054 1587 1302 1642; x_wconf 74' lang='lat' dir='ltr'>florente</span> <span class='ocrx_word' id='word_1_95' title='bbox 1360 1588 1512 1643; x_wconf 91' lang='lat' dir='ltr'>alius</span> <span class='ocrx_word' id='word_1_96' title='bbox 1553 1588 1681 1659; x_wconf 88' lang='lat' dir='ltr'>jam</span> <span class='ocrx_word' id='word_1_97' title='bbox 1743 1588 2110 1653; x_wconf 88' lang='lat' dir='ltr'>maturescit,</span> 
     </span>
    </p>
   </div>
   <div class='ocr_carea' id='block_1_18' title="bbox 459 1674 2108 1747">
    <p class='ocr_par' dir='ltr' id='par_1_18' title="bbox 459 1674 2108 1747">
     <span class='ocr_line' id='line_1_18' title="bbox 459 1674 2108 1747; baseline 0.003 -20"><span class='ocrx_word' id='word_1_98' title='bbox 459 1674 613 1729; x_wconf 87' lang='lat' dir='ltr'>alius</span> <span class='ocrx_word' id='word_1_99' title='bbox 642 1676 997 1747; x_wconf 89' lang='lat' dir='ltr'>decerpitur.</span> <span class='ocrx_word' id='word_1_100' title='bbox 1033 1678 1117 1732; x_wconf 91' lang='lat' dir='ltr'>Ibi</span> <span class='ocrx_word' id='word_1_101' title='bbox 1147 1679 1323 1733; x_wconf 90' lang='lat' dir='ltr'>etiam</span> <span class='ocrx_word' id='word_1_102' title='bbox 1356 1679 1628 1734; x_wconf 66' lang='lat' dir='ltr'>maximae</span> <span class='ocrx_word' id='word_1_103' title='bbox 1658 1679 1873 1733; x_wconf 66' lang='lat' dir='ltr'>Indica:</span> <span class='ocrx_word' id='word_1_104' title='bbox 1924 1695 2108 1733; x_wconf 85' lang='lat' dir='ltr'>nuces</span> 
     </span>
    </p>
   </div>
   <div class='ocr_carea' id='block_1_19' title="bbox 462 1765 2109 1840">
    <p class='ocr_par' dir='ltr' id='par_1_19' title="bbox 462 1765 2109 1840">
     <span class='ocr_line' id='line_1_19' title="bbox 462 1765 2109 1840; baseline 0.002 -23"><span class='ocrx_word' id='word_1_105' title='bbox 462 1765 911 1834; x_wconf 80' lang='lat' dir='ltr'>proveniunt,et</span> <span class='ocrx_word' id='word_1_106' title='bbox 935 1783 1065 1837; x_wconf 72' lang='lat' dir='ltr'>quae</span> <span class='ocrx_word' id='word_1_107' title='bbox 1088 1767 1160 1822; x_wconf 91' lang='lat' dir='ltr'>ad</span> <span class='ocrx_word' id='word_1_108' title='bbox 1186 1785 1295 1823; x_wconf 91' lang='lat' dir='ltr'>nos</span> <span class='ocrx_word' id='word_1_109' title='bbox 1323 1768 1644 1823; x_wconf 80' lang='lat' dir='ltr'>difﬁculter</span> <span class='ocrx_word' id='word_1_110' title='bbox 1664 1768 2018 1840; x_wconf 90' lang='lat' dir='ltr'>perveniunt</span> <span class='ocrx_word' id='word_1_111' title='bbox 2041 1784 2109 1822; x_wconf 90' lang='lat' dir='ltr'>ac</span> 
     </span>
    </p>
   </div>
   <div class='ocr_carea' id='block_1_20' title="bbox 2222 601 3875 684">
    <p class='ocr_par' dir='ltr' id='par_1_20' title="bbox 2222 601 3875 684">
     <span class='ocr_line' id='line_1_20' title="bbox 2222 601 3875 684; baseline 0.001 -24"><span class='ocrx_word' id='word_1_112' title='bbox 2222 601 2441 674; x_wconf 78' lang='grc' dir='ltr'>ἀϐλαϐῆ</span> <span class='ocrx_word' id='word_1_113' title='bbox 2501 603 2833 684; x_wconf 62' lang='grc' dir='ltr'>διεφύλαξεν.</span> <span class='ocrx_word' id='word_1_114' title='bbox 2896 606 3130 669; x_wconf 81' lang='grc' dir='ltr'>Ἐκεῖθεν</span> <span class='ocrx_word' id='word_1_115' title='bbox 3190 602 3246 659; x_wconf 64' lang='grc' dir='ltr'>δὲ</span> <span class='ocrx_word' id='word_1_116' title='bbox 3296 606 3436 678; x_wconf 83' lang='grc' dir='ltr'>πρὸς</span> <span class='ocrx_word' id='word_1_117' title='bbox 3494 608 3724 684; x_wconf 76' lang='grc' dir='ltr'>Ἀφασιν</span> <span class='ocrx_word' id='word_1_118' title='bbox 3779 610 3875 663; x_wconf 78' lang='grc' dir='ltr'>καὶ</span> 
     </span>
    </p>
   </div>
   <div class='ocr_carea' id='block_1_21' title="bbox 2224 692 3873 775">
    <p class='ocr_par' dir='ltr' id='par_1_21' title="bbox 2224 692 3873 775">
     <span class='ocr_line' id='line_1_21' title="bbox 2224 692 3873 775; baseline 0.002 -27"><span class='ocrx_word' id='word_1_119' title='bbox 2224 692 2449 769; x_wconf 82' lang='grc' dir='ltr'>Γάδειρα</span> <span class='ocrx_word' id='word_1_120' title='bbox 2498 695 2588 749; x_wconf 80' lang='grc' dir='ltr'>καὶ</span> <span class='ocrx_word' id='word_1_121' title='bbox 2635 695 2702 749; x_wconf 75' lang='grc' dir='ltr'>τὰ</span> <span class='ocrx_word' id='word_1_122' title='bbox 2750 696 3114 769; x_wconf 84' lang='grc' dir='ltr'>Βρεττανήσια</span> <span class='ocrx_word' id='word_1_123' title='bbox 3159 693 3283 764; x_wconf 83' lang='grc' dir='ltr'>ἔθνη</span> <span class='ocrx_word' id='word_1_124' title='bbox 3333 696 3644 768; x_wconf 78' lang='grc' dir='ltr'>γενόμενος,</span> <span class='ocrx_word' id='word_1_125' title='bbox 3684 696 3873 775; x_wconf 81' lang='grc' dir='ltr'>χιλίας</span> 
     </span>
    </p>
   </div>
   <div class='ocr_carea' id='block_1_22' title="bbox 2218 780 3877 859">
    <p class='ocr_par' dir='ltr' id='par_1_22' title="bbox 2218 780 3877 859">
     <span class='ocr_line' id='line_1_22' title="bbox 2218 780 3877 859; baseline 0.001 -22"><span class='ocrx_word' id='word_1_126' title='bbox 2218 803 2276 838; x_wconf 89' lang='grc' dir='ltr'>τε</span> <span class='ocrx_word' id='word_1_127' title='bbox 2320 780 2556 845; x_wconf 80' lang='grc' dir='ltr'>ὁλκάδας</span> <span class='ocrx_word' id='word_1_128' title='bbox 2605 783 3162 855; x_wconf 77' lang='grc' dir='ltr'>κατασκευασάμενος,</span> <span class='ocrx_word' id='word_1_129' title='bbox 3221 783 3380 844; x_wconf 86' lang='grc' dir='ltr'>αὐτὸς</span> <span class='ocrx_word' id='word_1_130' title='bbox 3440 784 3534 856; x_wconf 80' lang='grc' dir='ltr'>μὲν</span> <span class='ocrx_word' id='word_1_131' title='bbox 3587 785 3651 838; x_wconf 89' lang='grc' dir='ltr'>τὸ</span> <span class='ocrx_word' id='word_1_132' title='bbox 3703 783 3877 859; x_wconf 82' lang='grc' dir='ltr'>δεξιὸν</span> 
     </span>
    </p>
   </div>
   <div class='ocr_carea' id='block_1_23' title="bbox 2220 868 3878 949">
    <p class='ocr_par' dir='ltr' id='par_1_23' title="bbox 2220 868 3878 949">
     <span class='ocr_line' id='line_1_23' title="bbox 2220 868 3878 949; baseline 0.002 -24"><span class='ocrx_word' id='word_1_133' title='bbox 2220 870 2316 926; x_wconf 77' lang='grc' dir='ltr'>τοῦ</span> <span class='ocrx_word' id='word_1_134' title='bbox 2350 868 2576 928; x_wconf 78' lang='grc' dir='ltr'>Ἰνδικοῦ</span> <span class='ocrx_word' id='word_1_135' title='bbox 2628 874 2881 944; x_wconf 78' lang='grc' dir='ltr'>ποταμοῦ</span> <span class='ocrx_word' id='word_1_136' title='bbox 2931 868 3140 926; x_wconf 83' lang='grc' dir='ltr'>διέπλει</span> <span class='ocrx_word' id='word_1_137' title='bbox 3203 870 3387 945; x_wconf 85' lang='grc' dir='ltr'>μέρος,</span> <span class='ocrx_word' id='word_1_138' title='bbox 3428 872 3784 949; x_wconf 58' lang='grc' dir='ltr'>Ἡφαιστίωνι</span> <span class='ocrx_word' id='word_1_139' title='bbox 3818 870 3878 929; x_wconf 76' lang='grc' dir='ltr'>δὲ</span> 
     </span>
    </p>
   </div>
   <div class='ocr_carea' id='block_1_24' title="bbox 2222 957 3875 1036">
    <p class='ocr_par' dir='ltr' id='par_1_24' title="bbox 2222 957 3875 1036">
     <span class='ocr_line' id='line_1_24' title="bbox 2222 957 3875 1036; baseline 0.002 -22"><span class='ocrx_word' id='word_1_140' title='bbox 2222 961 2282 1015; x_wconf 88' lang='grc' dir='ltr'>τὸ</span> <span class='ocrx_word' id='word_1_141' title='bbox 2311 957 2490 1034; x_wconf 73' lang='grc' dir='ltr'>ἕτερον</span> <span class='ocrx_word' id='word_1_142' title='bbox 2550 960 2858 1036; x_wconf 80' lang='grc' dir='ltr'>ἐγχειρίσας</span> <span class='ocrx_word' id='word_1_143' title='bbox 2911 959 2997 1015; x_wconf 77' lang='grc' dir='ltr'>ἐπὶ</span> <span class='ocrx_word' id='word_1_144' title='bbox 3055 961 3145 1015; x_wconf 87' lang='grc' dir='ltr'>τὸν</span> <span class='ocrx_word' id='word_1_145' title='bbox 3203 960 3455 1014; x_wconf 83' lang='grc' dir='ltr'>Ὠκεανὸν</span> <span class='ocrx_word' id='word_1_146' title='bbox 3510 960 3736 1031; x_wconf 81' lang='grc' dir='ltr'>ἀνῆλθε.</span> <span class='ocrx_word' id='word_1_147' title='bbox 3784 964 3875 1033; x_wconf 81' lang='grc' dir='ltr'>Γῷ</span> 
     </span>
    </p>
   </div>
   <div class='ocr_carea' id='block_1_25' title="bbox 2224 1047 3875 1124">
    <p class='ocr_par' dir='ltr' id='par_1_25' title="bbox 2224 1047 3875 1124">
     <span class='ocr_line' id='line_1_25' title="bbox 2224 1047 3875 1124; baseline 0.001 -20"><span class='ocrx_word' id='word_1_148' title='bbox 2224 1047 2281 1104; x_wconf 61' lang='grc' dir='ltr'>δέ</span> <span class='ocrx_word' id='word_1_149' title='bbox 2313 1049 2532 1124; x_wconf 85' lang='grc' dir='ltr'>βασιλεῖ</span> <span class='ocrx_word' id='word_1_150' title='bbox 2559 1047 2823 1123; x_wconf 74' lang='grc' dir='ltr'>Ξανδᾶμῃ</span> <span class='ocrx_word' id='word_1_151' title='bbox 2870 1048 3190 1121; x_wconf 72' lang='grc' dir='ltr'>πολεμήσας</span> <span class='ocrx_word' id='word_1_152' title='bbox 3239 1050 3326 1103; x_wconf 78' lang='grc' dir='ltr'>καὶ</span> <span class='ocrx_word' id='word_1_153' title='bbox 3358 1047 3550 1105; x_wconf 77' lang='grc' dir='ltr'>τοῦτον</span> <span class='ocrx_word' id='word_1_154' title='bbox 3581 1050 3875 1124; x_wconf 66' lang='grc' dir='ltr'>τροπωσαὶο</span> 
     </span>
    </p>
   </div>
   <div class='ocr_carea' id='block_1_26' title="bbox 2227 1138 3869 1218">
    <p class='ocr_par' dir='ltr' id='par_1_26' title="bbox 2227 1138 3869 1218">
     <span class='ocr_line' id='line_1_26' title="bbox 2227 1138 3869 1218; baseline 0.001 -25"><span class='ocrx_word' id='word_1_155' title='bbox 2227 1160 2381 1210; x_wconf 88' lang='grc' dir='ltr'>μενος</span> <span class='ocrx_word' id='word_1_156' title='bbox 2429 1139 2565 1215; x_wconf 87' lang='grc' dir='ltr'>πρὸς</span> <span class='ocrx_word' id='word_1_157' title='bbox 2625 1140 2754 1200; x_wconf 74' lang='grc' dir='ltr'>τοὺς</span> <span class='ocrx_word' id='word_1_158' title='bbox 2809 1142 3136 1214; x_wconf 74' lang='grc' dir='ltr'>Βραχμᾶνας</span> <span class='ocrx_word' id='word_1_159' title='bbox 3195 1138 3437 1218; x_wconf 76' lang='grc' dir='ltr'>ἀφίκετο,</span> <span class='ocrx_word' id='word_1_160' title='bbox 3496 1141 3568 1193; x_wconf 80' lang='grc' dir='ltr'>ὧν</span> <span class='ocrx_word' id='word_1_161' title='bbox 3628 1140 3719 1194; x_wconf 86' lang='grc' dir='ltr'>καὶ</span> <span class='ocrx_word' id='word_1_162' title='bbox 3774 1140 3869 1195; x_wconf 85' lang='grc' dir='ltr'>τὸν</span> 
     </span>
    </p>
   </div>
   <div class='ocr_carea' id='block_1_27' title="bbox 2222 1227 3875 1304">
    <p class='ocr_par' dir='ltr' id='par_1_27' title="bbox 2222 1227 3875 1304">
     <span class='ocr_line' id='line_1_27' title="bbox 2222 1227 3875 1304; baseline 0.001 -22"><span class='ocrx_word' id='word_1_163' title='bbox 2222 1228 2518 1301; x_wconf 74' lang='grc' dir='ltr'>Θαυμάσιον</span> <span class='ocrx_word' id='word_1_164' title='bbox 2576 1227 2663 1282; x_wconf 82' lang='grc' dir='ltr'>καὶ</span> <span class='ocrx_word' id='word_1_165' title='bbox 2727 1228 2859 1302; x_wconf 74' lang='grc' dir='ltr'>ὑπὲρ</span> <span class='ocrx_word' id='word_1_166' title='bbox 2917 1227 3203 1304; x_wconf 81' lang='grc' dir='ltr'>ἂνθρωπον</span> <span class='ocrx_word' id='word_1_167' title='bbox 3239 1227 3357 1302; x_wconf 87' lang='grc' dir='ltr'>βίον</span> <span class='ocrx_word' id='word_1_168' title='bbox 3397 1229 3486 1282; x_wconf 77' lang='grc' dir='ltr'>καὶ</span> <span class='ocrx_word' id='word_1_169' title='bbox 3541 1231 3644 1297; x_wconf 79' lang='grc' dir='ltr'>τήν</span> <span class='ocrx_word' id='word_1_170' title='bbox 3677 1228 3752 1292; x_wconf 80' lang='grc' dir='ltr'>εἷς</span> <span class='ocrx_word' id='word_1_171' title='bbox 3781 1228 3875 1283; x_wconf 81' lang='grc' dir='ltr'>τὸν</span> 
     </span>
    </p>
   </div>
   <div class='ocr_carea' id='block_1_28' title="bbox 2222 1312 3873 1391">
    <p class='ocr_par' dir='ltr' id='par_1_28' title="bbox 2222 1312 3873 1391">
     <span class='ocr_line' id='line_1_28' title="bbox 2222 1312 3873 1391; baseline 0.002 -21"><span class='ocrx_word' id='word_1_172' title='bbox 2222 1316 2431 1371; x_wconf 82' lang='grc' dir='ltr'>πάντων</span> <span class='ocrx_word' id='word_1_173' title='bbox 2483 1318 2608 1371; x_wconf 90' lang='grc' dir='ltr'>Θεὸν</span> <span class='ocrx_word' id='word_1_174' title='bbox 2666 1312 2935 1372; x_wconf 81' lang='grc' dir='ltr'>εὐσέϐειάν</span> <span class='ocrx_word' id='word_1_175' title='bbox 2990 1338 3047 1371; x_wconf 86' lang='grc' dir='ltr'>τε</span> <span class='ocrx_word' id='word_1_176' title='bbox 3104 1317 3191 1371; x_wconf 82' lang='grc' dir='ltr'>καὶ</span> <span class='ocrx_word' id='word_1_177' title='bbox 3250 1315 3499 1391; x_wconf 77' lang='grc' dir='ltr'>λατρείαν</span> <span class='ocrx_word' id='word_1_178' title='bbox 3542 1318 3873 1389; x_wconf 76' lang='grc' dir='ltr'>μεπαθηκὼς</span> 
     </span>
    </p>
   </div>
   <div class='ocr_carea' id='block_1_29' title="bbox 2221 1403 3882 1481">
    <p class='ocr_par' dir='ltr' id='par_1_29' title="bbox 2221 1403 3882 1481">
     <span class='ocr_line' id='line_1_29' title="bbox 2221 1403 3882 1481; baseline 0.001 -21"><span class='ocrx_word' id='word_1_179' title='bbox 2221 1404 2538 1481; x_wconf 75' lang='grc' dir='ltr'>κατεπλάγη</span> <span class='ocrx_word' id='word_1_180' title='bbox 2589 1407 2746 1477; x_wconf 76' lang='grc' dir='ltr'>πάνυ,</span> <span class='ocrx_word' id='word_1_181' title='bbox 2796 1406 2887 1460; x_wconf 80' lang='grc' dir='ltr'>καὶ</span> <span class='ocrx_word' id='word_1_182' title='bbox 2942 1406 3155 1479; x_wconf 81' lang='grc' dir='ltr'>ἠράσθη</span> <span class='ocrx_word' id='word_1_183' title='bbox 3200 1405 3299 1472; x_wconf 72' lang='grc' dir='ltr'>τήν</span> <span class='ocrx_word' id='word_1_184' title='bbox 3349 1409 3457 1460; x_wconf 83' lang='grc' dir='ltr'>τῶν</span> <span class='ocrx_word' id='word_1_185' title='bbox 3491 1403 3699 1479; x_wconf 81' lang='grc' dir='ltr'>ἀνδρῶν</span> <span class='ocrx_word' id='word_1_186' title='bbox 3733 1406 3882 1462; x_wconf 86' lang='grc' dir='ltr'>ἐκεί-</span> 
     </span>
    </p>
   </div>
   <div class='ocr_carea' id='block_1_30' title="bbox 2218 1493 3872 1573">
    <p class='ocr_par' dir='ltr' id='par_1_30' title="bbox 2218 1493 3872 1573">
     <span class='ocr_line' id='line_1_30' title="bbox 2218 1493 3872 1573; baseline 0 -24"><span class='ocrx_word' id='word_1_187' title='bbox 2218 1516 2322 1549; x_wconf 89' lang='grc' dir='ltr'>νων</span> <span class='ocrx_word' id='word_1_188' title='bbox 2356 1494 2699 1573; x_wconf 73' lang='grc' dir='ltr'>φιλοσοφίαν.</span> <span class='ocrx_word' id='word_1_189' title='bbox 2732 1496 2818 1551; x_wconf 76' lang='grc' dir='ltr'>Ἐν</span> <span class='ocrx_word' id='word_1_190' title='bbox 2850 1496 2896 1566; x_wconf 84' lang='grc' dir='ltr'>ᾦ</span> <span class='ocrx_word' id='word_1_191' title='bbox 2925 1496 3078 1566; x_wconf 84' lang='grc' dir='ltr'>τόπῳ</span> <span class='ocrx_word' id='word_1_192' title='bbox 3134 1494 3223 1548; x_wconf 85' lang='grc' dir='ltr'>καὶ</span> <span class='ocrx_word' id='word_1_193' title='bbox 3284 1496 3494 1565; x_wconf 76' lang='grc' dir='ltr'>στήλην</span> <span class='ocrx_word' id='word_1_194' title='bbox 3538 1496 3742 1564; x_wconf 88' lang='grc' dir='ltr'>στήσας</span> <span class='ocrx_word' id='word_1_195' title='bbox 3772 1493 3872 1550; x_wconf 86' lang='grc' dir='ltr'>έπ-</span> 
     </span>
    </p>
   </div>
   <div class='ocr_carea' id='block_1_31' title="bbox 2220 1580 3875 1662">
    <p class='ocr_par' dir='ltr' id='par_1_31' title="bbox 2220 1580 3875 1662">
     <span class='ocr_line' id='line_1_31' title="bbox 2220 1580 3875 1662; baseline 0 -23"><span class='ocrx_word' id='word_1_196' title='bbox 2220 1587 2467 1659; x_wconf 73' lang='grc' dir='ltr'>ὲγραψεψ</span> <span class='ocrx_word' id='word_1_197' title='bbox 2512 1584 2657 1659; x_wconf 86' lang='grc' dir='ltr'>Ἐγὼ</span> <span class='ocrx_word' id='word_1_198' title='bbox 2716 1585 2881 1660; x_wconf 84' lang='grc' dir='ltr'>μέγας</span> <span class='ocrx_word' id='word_1_199' title='bbox 2941 1580 3293 1658; x_wconf 80' lang='grc' dir='ltr'>Ἀλέξανδρος</span> <span class='ocrx_word' id='word_1_200' title='bbox 3353 1582 3608 1659; x_wconf 70' lang='grc' dir='ltr'>βασιλεὺς</span> <span class='ocrx_word' id='word_1_201' title='bbox 3664 1581 3875 1662; x_wconf 68' lang='grc' dir='ltr'>ἔφθασα</span> 
     </span>
    </p>
   </div>
   <div class='ocr_carea' id='block_1_32' title="bbox 2223 1672 3872 1748">
    <p class='ocr_par' dir='ltr' id='par_1_32' title="bbox 2223 1672 3872 1748">
     <span class='ocr_line' id='line_1_32' title="bbox 2223 1672 3872 1748; baseline -0.001 -20"><span class='ocrx_word' id='word_1_202' title='bbox 2223 1675 2390 1748; x_wconf 81' lang='grc' dir='ltr'>μέχρι</span> <span class='ocrx_word' id='word_1_203' title='bbox 2420 1673 2640 1731; x_wconf 83' lang='grc' dir='ltr'>τούτου.</span> <span class='ocrx_word' id='word_1_204' title='bbox 2682 1674 2767 1728; x_wconf 91' lang='grc' dir='ltr'>Ἐν</span> <span class='ocrx_word' id='word_1_205' title='bbox 2799 1672 2975 1747; x_wconf 80' lang='grc' dir='ltr'>ἐκείνῃ</span> <span class='ocrx_word' id='word_1_206' title='bbox 3035 1672 3137 1748; x_wconf 73' lang='grc' dir='ltr'>γὰρ</span> <span class='ocrx_word' id='word_1_207' title='bbox 3325 1675 3475 1745; x_wconf 87' lang='grc' dir='ltr'>νήσῳ</span> <span class='ocrx_word' id='word_1_208' title='bbox 3522 1678 3872 1727; x_wconf 75' lang='grc' dir='ltr'>κατοικοῦσιν</span> 
     </span>
    </p>
   </div>
   <div class='ocr_carea' id='block_1_33' title="bbox 2220 1756 3875 1837">
    <p class='ocr_par' dir='ltr' id='par_1_33' title="bbox 2220 1756 3875 1837">
     <span class='ocr_line' id='line_1_33' title="bbox 2220 1756 3875 1837; baseline -0.001 -21"><span class='ocrx_word' id='word_1_209' title='bbox 2220 1764 2271 1816; x_wconf 76' lang='grc' dir='ltr'>οἱ</span> <span class='ocrx_word' id='word_1_210' title='bbox 2300 1762 2591 1837; x_wconf 83' lang='grc' dir='ltr'>λεγόμενοι</span> <span class='ocrx_word' id='word_1_211' title='bbox 2623 1756 2949 1833; x_wconf 87' lang='grc' dir='ltr'>Μακρόϐιοι·</span> <span class='ocrx_word' id='word_1_212' title='bbox 2988 1766 3117 1831; x_wconf 81' lang='grc' dir='ltr'>ζῶσι</span> <span class='ocrx_word' id='word_1_213' title='bbox 3177 1764 3279 1836; x_wconf 82' lang='grc' dir='ltr'>γάρ</span> <span class='ocrx_word' id='word_1_214' title='bbox 3331 1762 3387 1815; x_wconf 76' lang='grc' dir='ltr'>οἱ</span> <span class='ocrx_word' id='word_1_215' title='bbox 3418 1759 3646 1822; x_wconf 87' lang='grc' dir='ltr'>πλείους</span> <span class='ocrx_word' id='word_1_216' title='bbox 3692 1762 3875 1817; x_wconf 82' lang='grc' dir='ltr'>αὐτῶν</span> 
     </span>
    </p>
   </div>
   <div class='ocr_carea' id='block_1_34' title="bbox 462 1840 2097 1929">
    <p class='ocr_par' dir='ltr' id='par_1_34' title="bbox 462 1853 2097 1929">
     <span class='ocr_line' id='line_1_34' title="bbox 462 1853 2097 1929; baseline 0.001 -22"><span class='ocrx_word' id='word_1_217' title='bbox 462 1853 720 1909; x_wconf 90' lang='lat' dir='ltr'>maximo</span> <span class='ocrx_word' id='word_1_218' title='bbox 734 1854 1103 1910; x_wconf 88' lang='lat' dir='ltr'>habenturin</span> <span class='ocrx_word' id='word_1_219' title='bbox 1118 1857 1307 1927; x_wconf 89' lang='lat' dir='ltr'>pretio</span> <span class='ocrx_word' id='word_1_220' title='bbox 1322 1862 1661 1920; x_wconf 54' lang='grc' dir='ltr'>ποδιαῖα,οι</span> <span class='ocrx_word' id='word_1_221' title='bbox 1674 1873 1915 1929; x_wconf 81' lang='lat' dir='ltr'>magnes</span> <span class='ocrx_word' id='word_1_222' title='bbox 1935 1856 2097 1926; x_wconf 52' lang='lat' dir='ltr'>lapis.</span> 
     </span>
    </p>
   </div>
   <div class='ocr_carea' id='block_1_35' title="bbox 2209 1840 3883 1929">
    <p class='ocr_par' dir='ltr' id='par_1_35' title="bbox 2215 1846 3883 1927">
     <span class='ocr_line' id='line_1_35' title="bbox 2215 1846 3883 1927; baseline 0 -22"><span class='ocrx_word' id='word_1_223' title='bbox 2215 1852 2335 1925; x_wconf 75' lang='grc' dir='ltr'>περὶ</span> <span class='ocrx_word' id='word_1_224' title='bbox 2367 1851 2434 1905; x_wconf 84' lang='grc' dir='ltr'>τὰ</span> <span class='ocrx_word' id='word_1_225' title='bbox 2464 1850 2649 1905; x_wconf 72' lang='grc' dir='ltr'>ἑκατὸν</span> <span class='ocrx_word' id='word_1_226' title='bbox 2692 1852 3029 1921; x_wconf 81' lang='grc' dir='ltr'>πεντήκοντα</span> <span class='ocrx_word' id='word_1_227' title='bbox 3086 1847 3180 1920; x_wconf 76' lang='grc' dir='ltr'>ἔτη</span> <span class='ocrx_word' id='word_1_228' title='bbox 3223 1847 3313 1904; x_wconf 69' lang='grc' dir='ltr'>διὰ</span> <span class='ocrx_word' id='word_1_229' title='bbox 3366 1846 3586 1919; x_wconf 72' lang='grc' dir='ltr'>πολλὴν</span> <span class='ocrx_word' id='word_1_230' title='bbox 3636 1851 3883 1927; x_wconf 86' lang='grc' dir='ltr'>καταρὸ-</span> 
     </span>
    </p>
   </div>
   <div class='ocr_carea' id='block_1_36' title="bbox 460 1938 3875 2019">
    <p class='ocr_par' dir='ltr' id='par_1_36' title="bbox 460 1938 3875 2019">
     <span class='ocr_line' id='line_1_36' title="bbox 460 1938 3875 2019; baseline 0 -26"><span class='ocrx_word' id='word_1_231' title='bbox 460 1961 598 2009; x_wconf 81' lang='grc' dir='ltr'>τητα</span> <span class='ocrx_word' id='word_1_232' title='bbox 627 1941 717 1995; x_wconf 79' lang='grc' dir='ltr'>καὶ</span> <span class='ocrx_word' id='word_1_233' title='bbox 750 1941 1032 2015; x_wconf 72' lang='grc' dir='ltr'>εὐκρασίαν</span> <span class='ocrx_word' id='word_1_234' title='bbox 1065 1948 1162 1997; x_wconf 78' lang='grc' dir='ltr'>τοῦ</span> <span class='ocrx_word' id='word_1_235' title='bbox 1195 1943 1369 2017; x_wconf 88' lang='grc' dir='ltr'>ἀέρος.</span> <span class='ocrx_word' id='word_1_236' title='bbox 1405 1941 1683 2000; x_wconf 80' lang='grc' dir='ltr'>Οὐδέποτε</span> <span class='ocrx_word' id='word_1_237' title='bbox 1714 1944 1817 2019; x_wconf 69' lang='grc' dir='ltr'>γὰρ</span> <span class='ocrx_word' id='word_1_238' title='bbox 1849 1942 1899 1998; x_wconf 85' lang='grc' dir='ltr'>έν</span> <span class='ocrx_word' id='word_1_239' title='bbox 1929 1944 2069 2016; x_wconf 80' lang='grc' dir='ltr'>αὐτῇ</span> <span class='ocrx_word' id='word_1_240' title='bbox 2121 1940 2295 1996; x_wconf 78' lang='grc' dir='ltr'>λείπει</span> <span class='ocrx_word' id='word_1_241' title='bbox 2352 1938 2542 2014; x_wconf 77' lang='grc' dir='ltr'>ὀπώρα</span> <span class='ocrx_word' id='word_1_242' title='bbox 2586 1940 2816 1995; x_wconf 87' lang='grc' dir='ltr'>παντοία</span> <span class='ocrx_word' id='word_1_243' title='bbox 2854 1940 2943 1995; x_wconf 87' lang='grc' dir='ltr'>τὸν</span> <span class='ocrx_word' id='word_1_244' title='bbox 2996 1938 3124 1994; x_wconf 77' lang='grc' dir='ltr'>ὅλον</span> <span class='ocrx_word' id='word_1_245' title='bbox 3163 1939 3382 2014; x_wconf 86' lang='grc' dir='ltr'>χρόνον⁶</span> <span class='ocrx_word' id='word_1_246' title='bbox 3418 1939 3471 1994; x_wconf 82' lang='grc' dir='ltr'>έν</span> <span class='ocrx_word' id='word_1_247' title='bbox 3507 1938 3676 2012; x_wconf 80' lang='grc' dir='ltr'>ταύτῃ</span> <span class='ocrx_word' id='word_1_248' title='bbox 3703 1938 3805 2015; x_wconf 78' lang='grc' dir='ltr'>γὰρ</span> <span class='ocrx_word' id='word_1_249' title='bbox 3837 1942 3875 2009; x_wconf 83' lang='grc' dir='ltr'>ἡ</span> 
     </span>
    </p>
   </div>
   <div class='ocr_carea' id='block_1_37' title="bbox 458 2026 3876 2108">
    <p class='ocr_par' dir='ltr' id='par_1_37' title="bbox 458 2026 3876 2108">
     <span class='ocr_line' id='line_1_37' title="bbox 458 2026 3876 2108; baseline 0 -27"><span class='ocrx_word' id='word_1_250' title='bbox 458 2029 555 2101; x_wconf 74' lang='grc' dir='ltr'>μὲν</span> <span class='ocrx_word' id='word_1_251' title='bbox 585 2028 753 2101; x_wconf 83' lang='grc' dir='ltr'>ἀνθεῖ,</span> <span class='ocrx_word' id='word_1_252' title='bbox 784 2032 818 2099; x_wconf 80' lang='grc' dir='ltr'>ἡ</span> <span class='ocrx_word' id='word_1_253' title='bbox 853 2028 908 2084; x_wconf 71' lang='grc' dir='ltr'>δὲ</span> <span class='ocrx_word' id='word_1_254' title='bbox 940 2030 1253 2104; x_wconf 82' lang='grc' dir='ltr'>ὀμφακίζει,</span> <span class='ocrx_word' id='word_1_255' title='bbox 1285 2034 1320 2100; x_wconf 77' lang='grc' dir='ltr'>ἡ</span> <span class='ocrx_word' id='word_1_256' title='bbox 1356 2028 1411 2085; x_wconf 78' lang='grc' dir='ltr'>δὲ</span> <span class='ocrx_word' id='word_1_257' title='bbox 1440 2037 1723 2108; x_wconf 76' lang='grc' dir='ltr'>τρυγᾶται.</span> <span class='ocrx_word' id='word_1_258' title='bbox 1760 2032 1858 2086; x_wconf 84' lang='grc' dir='ltr'>Καὶ</span> <span class='ocrx_word' id='word_1_259' title='bbox 1887 2052 1946 2107; x_wconf 88' lang='grc' dir='ltr'>γε</span> <span class='ocrx_word' id='word_1_260' title='bbox 1974 2030 2156 2086; x_wconf 77' lang='grc' dir='ltr'>καὶτὰ</span> <span class='ocrx_word' id='word_1_261' title='bbox 2190 2028 2416 2104; x_wconf 84' lang='grc' dir='ltr'>μέγιστα</span> <span class='ocrx_word' id='word_1_262' title='bbox 2449 2026 2647 2085; x_wconf 74' lang='grc' dir='ltr'>Ἰνδικὰ</span> <span class='ocrx_word' id='word_1_263' title='bbox 2674 2031 2919 2104; x_wconf 90' lang='grc' dir='ltr'>γίνονται</span> <span class='ocrx_word' id='word_1_264' title='bbox 2950 2030 3124 2106; x_wconf 75' lang='grc' dir='ltr'>κάρυα</span> <span class='ocrx_word' id='word_1_265' title='bbox 3154 2029 3245 2083; x_wconf 79' lang='grc' dir='ltr'>καὶ</span> <span class='ocrx_word' id='word_1_266' title='bbox 3275 2028 3342 2083; x_wconf 82' lang='grc' dir='ltr'>τά</span> <span class='ocrx_word' id='word_1_267' title='bbox 3373 2026 3703 2103; x_wconf 75' lang='grc' dir='ltr'>δυσπόριστα</span> <span class='ocrx_word' id='word_1_268' title='bbox 3733 2030 3876 2101; x_wconf 77' lang='grc' dir='ltr'>ἡμῖν</span> 
     </span>
    </p>
   </div>
   <div class='ocr_carea' id='block_1_38' title="bbox 457 2116 1948 2194">
    <p class='ocr_par' dir='ltr' id='par_1_38' title="bbox 457 2116 1948 2194">
     <span class='ocr_line' id='line_1_38' title="bbox 457 2116 1948 2194; baseline 0.005 -26"><span class='ocrx_word' id='word_1_269' title='bbox 457 2116 548 2169; x_wconf 86' lang='grc' dir='ltr'>καὶ</span> <span class='ocrx_word' id='word_1_270' title='bbox 578 2117 953 2192; x_wconf 88' lang='grc' dir='ltr'>πανεπέραστα</span> <span class='ocrx_word' id='word_1_271' title='bbox 981 2119 1245 2193; x_wconf 78' lang='grc' dir='ltr'>ἀρώματα</span> <span class='ocrx_word' id='word_1_272' title='bbox 1275 2120 1365 2174; x_wconf 80' lang='grc' dir='ltr'>καὶ</span> <span class='ocrx_word' id='word_1_273' title='bbox 1468 2127 1738 2194; x_wconf 79' lang='grc' dir='ltr'>μαγνῆτις</span> <span class='ocrx_word' id='word_1_274' title='bbox 1774 2118 1948 2183; x_wconf 81' lang='grc' dir='ltr'>λίθος.</span> 
     </span>
    </p>
   </div>
   <div class='ocr_carea' id='block_1_39' title="bbox 535 2206 2105 2283">
    <p class='ocr_par' dir='ltr' id='par_1_39' title="bbox 535 2206 2105 2283">
     <span class='ocr_line' id='line_1_39' title="bbox 535 2206 2105 2283; baseline 0.001 -22"><span class='ocrx_word' id='word_1_275' title='bbox 535 2206 688 2262; x_wconf 72' lang='grc' dir='ltr'>⁶ὶ68</span> <span class='ocrx_word' id='word_1_276' title='bbox 723 2208 1119 2263; x_wconf 89' lang='lat' dir='ltr'>Brachmanes</span> <span class='ocrx_word' id='word_1_277' title='bbox 1149 2226 1325 2280; x_wconf 91' lang='lat' dir='ltr'>porro</span> <span class='ocrx_word' id='word_1_278' title='bbox 1366 2226 1507 2281; x_wconf 86' lang='lat' dir='ltr'>gens</span> <span class='ocrx_word' id='word_1_279' title='bbox 1540 2214 1628 2265; x_wconf 89' lang='lat' dir='ltr'>est</span> <span class='ocrx_word' id='word_1_280' title='bbox 1690 2209 2105 2283; x_wconf 90' lang='lat' dir='ltr'>religiossima.</span> 
     </span>
    </p>
   </div>
   <div class='ocr_carea' id='block_1_40' title="bbox 414 2292 2110 2371">
    <p class='ocr_par' dir='ltr' id='par_1_40' title="bbox 414 2292 2110 2371">
     <span class='ocr_line' id='line_1_40' title="bbox 414 2292 2110 2371; baseline 0.004 -23"><span class='ocrx_word' id='word_1_281' title='bbox 414 2292 417 2295; x_wconf 69' lang='grc'><em>’</em></span> <span class='ocrx_word' id='word_1_282' title='bbox 461 2294 656 2350; x_wconf 90' lang='lat' dir='ltr'>Vitam</span> <span class='ocrx_word' id='word_1_283' title='bbox 688 2313 867 2367; x_wconf 91' lang='lat' dir='ltr'>opum</span> <span class='ocrx_word' id='word_1_284' title='bbox 899 2297 1144 2352; x_wconf 89' lang='lat' dir='ltr'>omnino</span> <span class='ocrx_word' id='word_1_285' title='bbox 1176 2304 1478 2369; x_wconf 81' lang='lat' dir='ltr'>expertem</span> <span class='ocrx_word' id='word_1_286' title='bbox 1506 2299 1979 2371; x_wconf 88' lang='lat' dir='ltr'>agunt,nudique</span> <span class='ocrx_word' id='word_1_287' title='bbox 2011 2296 2110 2354; x_wconf 89' lang='lat' dir='ltr'>de-</span> 
     </span>
    </p>
   </div>
   <div class='ocr_carea' id='block_1_41' title="bbox 459 2385 2107 2459">
    <p class='ocr_par' dir='ltr' id='par_1_41' title="bbox 459 2385 2107 2459">
     <span class='ocr_line' id='line_1_41' title="bbox 459 2385 2107 2459; baseline 0.002 -21"><span class='ocrx_word' id='word_1_288' title='bbox 459 2389 667 2456; x_wconf 78' lang='lat' dir='ltr'>gentes</span> <span class='ocrx_word' id='word_1_289' title='bbox 726 2385 958 2441; x_wconf 89' lang='lat' dir='ltr'>assidue</span> <span class='ocrx_word' id='word_1_290' title='bbox 1017 2389 1201 2441; x_wconf 90' lang='lat' dir='ltr'>Deum</span> <span class='ocrx_word' id='word_1_291' title='bbox 1242 2388 1506 2443; x_wconf 90' lang='lat' dir='ltr'>laudant.</span> <span class='ocrx_word' id='word_1_292' title='bbox 1539 2388 1711 2459; x_wconf 89' lang='lat' dir='ltr'>Apud</span> <span class='ocrx_word' id='word_1_293' title='bbox 1761 2405 1860 2443; x_wconf 92' lang='lat' dir='ltr'>eos</span> <span class='ocrx_word' id='word_1_294' title='bbox 1912 2404 2107 2459; x_wconf 89' lang='lat' dir='ltr'>neque</span> 
     </span>
    </p>
   </div>
   <div class='ocr_carea' id='block_1_42' title="bbox 460 2472 2106 2549">
    <p class='ocr_par' dir='ltr' id='par_1_42' title="bbox 460 2472 2106 2549">
     <span class='ocr_line' id='line_1_42' title="bbox 460 2472 2106 2549; baseline 0.003 -22"><span class='ocrx_word' id='word_1_295' title='bbox 460 2472 876 2546; x_wconf 88' lang='lat' dir='ltr'>quadrupedes</span> <span class='ocrx_word' id='word_1_296' title='bbox 908 2492 1101 2546; x_wconf 91' lang='lat' dir='ltr'>neque</span> <span class='ocrx_word' id='word_1_297' title='bbox 1133 2476 1493 2549; x_wconf 80' lang='lat' dir='ltr'>agricultura</span> <span class='ocrx_word' id='word_1_298' title='bbox 1519 2481 1827 2549; x_wconf 91' lang='lat' dir='ltr'>est,neque</span> <span class='ocrx_word' id='word_1_299' title='bbox 1858 2477 2106 2547; x_wconf 87' lang='lat' dir='ltr'>ferrum,</span> 
     </span>
    </p>
   </div>
   <div class='ocr_carea' id='block_1_43' title="bbox 456 2563 2106 2638">
    <p class='ocr_par' dir='ltr' id='par_1_43' title="bbox 456 2563 2106 2638">
     <span class='ocr_line' id='line_1_43' title="bbox 456 2563 2106 2638; baseline 0.003 -22"><span class='ocrx_word' id='word_1_300' title='bbox 456 2578 654 2633; x_wconf 90' lang='lat' dir='ltr'>neque</span> <span class='ocrx_word' id='word_1_301' title='bbox 689 2563 1232 2636; x_wconf 67' lang='lat' dir='ltr'>aedificiummeque</span> <span class='ocrx_word' id='word_1_302' title='bbox 1265 2566 1639 2638; x_wconf 88' lang='lat' dir='ltr'>ignis,neque</span> <span class='ocrx_word' id='word_1_303' title='bbox 1670 2582 2106 2637; x_wconf 86' lang='lat' dir='ltr'>aurum,neque</span> 
     </span>
    </p>
   </div>
   <div class='ocr_carea' id='block_1_44' title="bbox 456 2655 2099 2727">
    <p class='ocr_par' dir='ltr' id='par_1_44' title="bbox 456 2655 2099 2727">
     <span class='ocr_line' id='line_1_44' title="bbox 456 2655 2099 2727; baseline 0.002 -21"><span class='ocrx_word' id='word_1_304' title='bbox 456 2658 993 2724; x_wconf 88' lang='lat' dir='ltr'>argentum,neque</span> <span class='ocrx_word' id='word_1_305' title='bbox 1024 2655 1419 2726; x_wconf 90' lang='lat' dir='ltr'>panis,neqne</span> <span class='ocrx_word' id='word_1_306' title='bbox 1449 2656 1876 2727; x_wconf 87' lang='lat' dir='ltr'>vinum,neque</span> <span class='ocrx_word' id='word_1_307' title='bbox 1905 2657 2099 2724; x_wconf 80' lang='lat' dir='ltr'>vestis,</span> 
     </span>
    </p>
   </div>
   <div class='ocr_carea' id='block_1_45' title="bbox 458 2743 2103 2816">
    <p class='ocr_par' dir='ltr' id='par_1_45' title="bbox 458 2743 2103 2816">
     <span class='ocr_line' id='line_1_45' title="bbox 458 2743 2103 2816; baseline 0.002 -21"><span class='ocrx_word' id='word_1_308' title='bbox 458 2756 654 2810; x_wconf 87' lang='lat' dir='ltr'>neque</span> <span class='ocrx_word' id='word_1_309' title='bbox 712 2743 908 2796; x_wconf 90' lang='lat' dir='ltr'>carnis</span> <span class='ocrx_word' id='word_1_310' title='bbox 966 2760 1123 2808; x_wconf 89' lang='lat' dir='ltr'>esus,</span> <span class='ocrx_word' id='word_1_311' title='bbox 1181 2760 1375 2814; x_wconf 90' lang='lat' dir='ltr'>neque</span> <span class='ocrx_word' id='word_1_312' title='bbox 1444 2746 1688 2800; x_wconf 90' lang='lat' dir='ltr'>omnino</span> <span class='ocrx_word' id='word_1_313' title='bbox 1775 2745 2103 2816; x_wconf 89' lang='lat' dir='ltr'>quidquam</span> 
     </span>
    </p>
   </div>
   <div class='ocr_carea' id='block_1_46' title="bbox 458 2830 2105 2906">
    <p class='ocr_par' dir='ltr' id='par_1_46' title="bbox 458 2830 2105 2906">
     <span class='ocr_line' id='line_1_46' title="bbox 458 2830 2105 2906; baseline 0.003 -23"><span class='ocrx_word' id='word_1_314' title='bbox 458 2844 667 2885; x_wconf 89' lang='lat' dir='ltr'>eorum</span> <span class='ocrx_word' id='word_1_315' title='bbox 690 2846 822 2900; x_wconf 66' lang='lat' dir='ltr'>quas</span> <span class='ocrx_word' id='word_1_316' title='bbox 848 2830 922 2885; x_wconf 87' lang='lat' dir='ltr'>ad</span> <span class='ocrx_word' id='word_1_317' title='bbox 955 2848 1102 2902; x_wconf 91' lang='lat' dir='ltr'>opus</span> <span class='ocrx_word' id='word_1_318' title='bbox 1132 2831 1468 2888; x_wconf 83' lang='lat' dir='ltr'>faciendum</span> <span class='ocrx_word' id='word_1_319' title='bbox 1495 2839 1596 2890; x_wconf 88' lang='lat' dir='ltr'>aut</span> <span class='ocrx_word' id='word_1_320' title='bbox 1616 2834 1956 2891; x_wconf 82' lang='lat' dir='ltr'>fruitionem</span> <span class='ocrx_word' id='word_1_321' title='bbox 1978 2851 2105 2906; x_wconf 85' lang='lat' dir='ltr'>per-</span> 
     </span>
    </p>
   </div>
   <div class='ocr_carea' id='block_1_47' title="bbox 454 2918 2104 2995">
    <p class='ocr_par' dir='ltr' id='par_1_47' title="bbox 454 2918 2104 2995">
     <span class='ocr_line' id='line_1_47' title="bbox 454 2918 2104 2995; baseline 0.003 -24"><span class='ocrx_word' id='word_1_322' title='bbox 454 2918 683 2973; x_wconf 89' lang='lat' dir='ltr'>tinent:</span> <span class='ocrx_word' id='word_1_323' title='bbox 718 2919 821 2974; x_wconf 91' lang='lat' dir='ltr'>sed</span> <span class='ocrx_word' id='word_1_324' title='bbox 851 2919 1411 2991; x_wconf 89' lang='lat' dir='ltr'>liquidum,dulcem</span> <span class='ocrx_word' id='word_1_325' title='bbox 1442 2923 1781 2994; x_wconf 88' lang='lat' dir='ltr'>optimeque</span> <span class='ocrx_word' id='word_1_326' title='bbox 1816 2927 2104 2995; x_wconf 84' lang='lat' dir='ltr'>tempera-</span> 
     </span>
    </p>
   </div>
   <div class='ocr_carea' id='block_1_48' title="bbox 454 3009 2101 3081">
    <p class='ocr_par' dir='ltr' id='par_1_48' title="bbox 454 3009 2101 3081">
     <span class='ocr_line' id='line_1_48' title="bbox 454 3009 2101 3081; baseline 0.003 -20"><span class='ocrx_word' id='word_1_327' title='bbox 454 3011 580 3062; x_wconf 89' lang='lat' dir='ltr'>tum</span> <span class='ocrx_word' id='word_1_328' title='bbox 606 3014 665 3064; x_wconf 94' lang='lat' dir='ltr'>et</span> <span class='ocrx_word' id='word_1_329' title='bbox 691 3009 1161 3081; x_wconf 88' lang='lat' dir='ltr'>pulcherrimum</span> <span class='ocrx_word' id='word_1_330' title='bbox 1193 3027 1414 3078; x_wconf 89' lang='lat' dir='ltr'>aerem,</span> <span class='ocrx_word' id='word_1_331' title='bbox 1444 3013 1641 3068; x_wconf 89' lang='lat' dir='ltr'>omnis</span> <span class='ocrx_word' id='word_1_332' title='bbox 1672 3012 2101 3068; x_wconf 89' lang='lat' dir='ltr'>imbecillitatis</span> 
     </span>
    </p>
   </div>
   <div class='ocr_carea' id='block_1_49' title="bbox 453 3098 2098 3173">
    <p class='ocr_par' dir='ltr' id='par_1_49' title="bbox 453 3098 2098 3173">
     <span class='ocr_line' id='line_1_49' title="bbox 453 3098 2098 3173; baseline 0.004 -22"><span class='ocrx_word' id='word_1_333' title='bbox 453 3102 553 3151; x_wconf 86' lang='lat' dir='ltr'>aut</span> <span class='ocrx_word' id='word_1_334' title='bbox 584 3098 936 3171; x_wconf 80' lang='lat' dir='ltr'>corruptelae</span> <span class='ocrx_word' id='word_1_335' title='bbox 968 3116 1215 3155; x_wconf 88' lang='lat' dir='ltr'>vacuum</span> <span class='ocrx_word' id='word_1_336' title='bbox 1246 3100 1590 3156; x_wconf 88' lang='lat' dir='ltr'>haurientes</span> <span class='ocrx_word' id='word_1_337' title='bbox 1623 3107 1681 3157; x_wconf 89' lang='lat' dir='ltr'>et</span> <span class='ocrx_word' id='word_1_338' title='bbox 1727 3101 2098 3173; x_wconf 86' lang='lat' dir='ltr'>aliquantulo</span> 
     </span>
    </p>
   </div>
   <div class='ocr_carea' id='block_1_50' title="bbox 452 3186 2097 3262">
    <p class='ocr_par' dir='ltr' id='par_1_50' title="bbox 452 3186 2097 3262">
     <span class='ocr_line' id='line_1_50' title="bbox 452 3186 2097 3262; baseline 0.003 -21"><span class='ocrx_word' id='word_1_339' title='bbox 452 3186 690 3261; x_wconf 84' lang='lat' dir='ltr'>frugum</span> <span class='ocrx_word' id='word_1_340' title='bbox 711 3206 779 3245; x_wconf 92' lang='lat' dir='ltr'>ac</span> <span class='ocrx_word' id='word_1_341' title='bbox 801 3189 1238 3261; x_wconf 67' lang='lat' dir='ltr'>limpidissimaa</span> <span class='ocrx_word' id='word_1_342' title='bbox 1259 3207 1427 3262; x_wconf 64' lang='lat' dir='ltr'>aqua:</span> <span class='ocrx_word' id='word_1_343' title='bbox 1445 3193 1963 3260; x_wconf 90' lang='lat' dir='ltr'>vescentes,Deum</span> <span class='ocrx_word' id='word_1_344' title='bbox 1978 3192 2097 3246; x_wconf 74' lang='lat' dir='ltr'>sin~</span> 
     </span>
    </p>
   </div>
   <div class='ocr_carea' id='block_1_51' title="bbox 2294 2200 3873 2283">
    <p class='ocr_par' dir='ltr' id='par_1_51' title="bbox 2294 2200 3873 2283">
     <span class='ocr_line' id='line_1_51' title="bbox 2294 2200 3873 2283; baseline -0.003 -18"><span class='ocrx_word' id='word_1_345' title='bbox 2294 2208 2360 2265; x_wconf 76' lang='grc' dir='ltr'>Οἱ</span> <span class='ocrx_word' id='word_1_346' title='bbox 2416 2208 2595 2263; x_wconf 84' lang='grc' dir='ltr'>τοίνυν</span> <span class='ocrx_word' id='word_1_347' title='bbox 2657 2213 2980 2283; x_wconf 78' lang='grc' dir='ltr'>Βραχμᾶνες</span> <span class='ocrx_word' id='word_1_348' title='bbox 3051 2200 3201 2268; x_wconf 79' lang='grc' dir='ltr'>ἔθνος</span> <span class='ocrx_word' id='word_1_349' title='bbox 3277 2206 3408 2261; x_wconf 77' lang='grc' dir='ltr'>εἰσὶν</span> <span class='ocrx_word' id='word_1_350' title='bbox 3469 2201 3873 2278; x_wconf 79' lang='grc' dir='ltr'>εὐσεϐέστατον,</span> 
     </span>
    </p>
   </div>
   <div class='ocr_carea' id='block_1_52' title="bbox 2223 2291 3875 2375">
    <p class='ocr_par' dir='ltr' id='par_1_52' title="bbox 2223 2291 3875 2375">
     <span class='ocr_line' id='line_1_52' title="bbox 2223 2291 3875 2375; baseline -0.001 -25"><span class='ocrx_word' id='word_1_351' title='bbox 2223 2295 2339 2370; x_wconf 85' lang='grc' dir='ltr'>βίον</span> <span class='ocrx_word' id='word_1_352' title='bbox 2368 2296 2651 2370; x_wconf 87' lang='grc' dir='ltr'>ἀκτήμονα</span> <span class='ocrx_word' id='word_1_353' title='bbox 2706 2293 2911 2375; x_wconf 72' lang='grc' dir='ltr'>σφόδρα</span> <span class='ocrx_word' id='word_1_354' title='bbox 2968 2294 3317 2368; x_wconf 83' lang='grc' dir='ltr'>κεκτημένοι,</span> <span class='ocrx_word' id='word_1_355' title='bbox 3374 2292 3464 2349; x_wconf 78' lang='grc' dir='ltr'>καὶ</span> <span class='ocrx_word' id='word_1_356' title='bbox 3493 2298 3716 2368; x_wconf 77' lang='grc' dir='ltr'>γυμνιῖις</span> <span class='ocrx_word' id='word_1_357' title='bbox 3750 2291 3875 2348; x_wconf 85' lang='grc' dir='ltr'>δια-</span> 
     </span>
    </p>
   </div>
   <div class='ocr_carea' id='block_1_53' title="bbox 2221 2382 3870 2457">
    <p class='ocr_par' dir='ltr' id='par_1_53' title="bbox 2221 2382 3870 2457">
     <span class='ocr_line' id='line_1_53' title="bbox 2221 2382 3870 2457; baseline -0.002 -17"><span class='ocrx_word' id='word_1_358' title='bbox 2221 2389 2415 2453; x_wconf 84' lang='grc' dir='ltr'>ζῶντες</span> <span class='ocrx_word' id='word_1_359' title='bbox 2447 2385 2528 2440; x_wconf 85' lang='grc' dir='ltr'>ἀεὶ</span> <span class='ocrx_word' id='word_1_360' title='bbox 2558 2386 2651 2441; x_wconf 88' lang='grc' dir='ltr'>τὸν</span> <span class='ocrx_word' id='word_1_361' title='bbox 2683 2385 2810 2440; x_wconf 86' lang='grc' dir='ltr'>Θεὸν</span> <span class='ocrx_word' id='word_1_362' title='bbox 2868 2382 3169 2454; x_wconf 67' lang='grc' dir='ltr'>δοξάζουσι.</span> <span class='ocrx_word' id='word_1_363' title='bbox 3222 2384 3353 2457; x_wconf 86' lang='grc' dir='ltr'>[Ιαρ’</span> <span class='ocrx_word' id='word_1_364' title='bbox 3386 2384 3472 2444; x_wconf 80' lang='grc' dir='ltr'>οἷς</span> <span class='ocrx_word' id='word_1_365' title='bbox 3505 2382 3567 2437; x_wconf 87' lang='grc' dir='ltr'>οὐ</span> <span class='ocrx_word' id='word_1_366' title='bbox 3597 2382 3870 2457; x_wconf 81' lang='grc' dir='ltr'>τετράπο-</span> 
     </span>
    </p>
   </div>
   <div class='ocr_carea' id='block_1_54' title="bbox 2218 2468 3869 2550">
    <p class='ocr_par' dir='ltr' id='par_1_54' title="bbox 2218 2468 3869 2550">
     <span class='ocr_line' id='line_1_54' title="bbox 2218 2468 3869 2550; baseline -0.002 -22"><span class='ocrx_word' id='word_1_367' title='bbox 2218 2472 2309 2529; x_wconf 83' lang='grc' dir='ltr'>δον</span> <span class='ocrx_word' id='word_1_368' title='bbox 2337 2471 2499 2544; x_wconf 73' lang='grc' dir='ltr'>ἔστιν,</span> <span class='ocrx_word' id='word_1_369' title='bbox 2532 2475 2593 2530; x_wconf 90' lang='grc' dir='ltr'>οὐ</span> <span class='ocrx_word' id='word_1_370' title='bbox 2621 2475 2910 2550; x_wconf 82' lang='grc' dir='ltr'>γεώργιον,</span> <span class='ocrx_word' id='word_1_371' title='bbox 2944 2474 3007 2527; x_wconf 89' lang='grc' dir='ltr'>οὐ</span> <span class='ocrx_word' id='word_1_372' title='bbox 3059 2470 3301 2546; x_wconf 74' lang='grc' dir='ltr'>σίδηρος,</span> <span class='ocrx_word' id='word_1_373' title='bbox 3336 2470 3435 2526; x_wconf 89' lang='grc' dir='ltr'>οὐκ</span> <span class='ocrx_word' id='word_1_374' title='bbox 3464 2468 3764 2544; x_wconf 74' lang='grc' dir='ltr'>οἰκοδομὴ,</span> <span class='ocrx_word' id='word_1_375' title='bbox 3799 2472 3869 2526; x_wconf 88' lang='grc' dir='ltr'>οὐ</span> 
     </span>
    </p>
   </div>
   <div class='ocr_carea' id='block_1_55' title="bbox 2216 2558 3872 2639">
    <p class='ocr_par' dir='ltr' id='par_1_55' title="bbox 2216 2558 3872 2639">
     <span class='ocr_line' id='line_1_55' title="bbox 2216 2558 3872 2639; baseline -0.003 -21"><span class='ocrx_word' id='word_1_376' title='bbox 2216 2567 2343 2639; x_wconf 82' lang='grc' dir='ltr'>πῦρ,</span> <span class='ocrx_word' id='word_1_377' title='bbox 2378 2564 2442 2619; x_wconf 91' lang='grc' dir='ltr'>οὐ</span> <span class='ocrx_word' id='word_1_378' title='bbox 2474 2564 2700 2639; x_wconf 87' lang='grc' dir='ltr'>χρυσὸς,</span> <span class='ocrx_word' id='word_1_379' title='bbox 2733 2564 2834 2618; x_wconf 90' lang='grc' dir='ltr'>οὐκ</span> <span class='ocrx_word' id='word_1_380' title='bbox 2880 2561 3135 2637; x_wconf 81' lang='grc' dir='ltr'>ἄργυρος,</span> <span class='ocrx_word' id='word_1_381' title='bbox 3193 2560 3293 2616; x_wconf 90' lang='grc' dir='ltr'>οὐκ</span> <span class='ocrx_word' id='word_1_382' title='bbox 3346 2558 3531 2636; x_wconf 75' lang='grc' dir='ltr'>ἄρτος,</span> <span class='ocrx_word' id='word_1_383' title='bbox 3566 2559 3664 2615; x_wconf 87' lang='grc' dir='ltr'>οὐκ</span> <span class='ocrx_word' id='word_1_384' title='bbox 3692 2560 3872 2628; x_wconf 76' lang='grc' dir='ltr'>οἶνος,</span> 
     </span>
    </p>
   </div>
   <div class='ocr_carea' id='block_1_56' title="bbox 2217 2647 3871 2731">
    <p class='ocr_par' dir='ltr' id='par_1_56' title="bbox 2217 2647 3871 2731">
     <span class='ocr_line' id='line_1_56' title="bbox 2217 2647 3871 2731; baseline -0.004 -23"><span class='ocrx_word' id='word_1_385' title='bbox 2217 2652 2324 2728; x_wconf 88' lang='grc' dir='ltr'>οὐχ</span> <span class='ocrx_word' id='word_1_386' title='bbox 2353 2654 2591 2726; x_wconf 73' lang='grc' dir='ltr'>ἱμάτιον,</span> <span class='ocrx_word' id='word_1_387' title='bbox 2626 2652 2685 2707; x_wconf 89' lang='grc' dir='ltr'>οὐ</span> <span class='ocrx_word' id='word_1_388' title='bbox 2715 2651 3051 2731; x_wconf 77' lang='grc' dir='ltr'>κρεωφαγία,</span> <span class='ocrx_word' id='word_1_389' title='bbox 3101 2650 3203 2705; x_wconf 90' lang='grc' dir='ltr'>οὐκ</span> <span class='ocrx_word' id='word_1_390' title='bbox 3231 2647 3374 2705; x_wconf 74' lang='grc' dir='ltr'>ἄλλο</span> <span class='ocrx_word' id='word_1_391' title='bbox 3404 2670 3456 2704; x_wconf 92' lang='grc' dir='ltr'>τι</span> <span class='ocrx_word' id='word_1_392' title='bbox 3492 2651 3575 2722; x_wconf 82' lang='grc' dir='ltr'>[Ρ.</span> <span class='ocrx_word' id='word_1_393' title='bbox 3610 2652 3732 2722; x_wconf 74' lang='grc'>153]</span> <span class='ocrx_word' id='word_1_394' title='bbox 3758 2653 3871 2703; x_wconf 82' lang='grc' dir='ltr'>τῶν</span> 
     </span>
    </p>
   </div>
   <div class='ocr_carea' id='block_1_57' title="bbox 2215 2735 3872 2817">
    <p class='ocr_par' dir='ltr' id='par_1_57' title="bbox 2215 2735 3872 2817">
     <span class='ocr_line' id='line_1_57' title="bbox 2215 2735 3872 2817; baseline -0.003 -21"><span class='ocrx_word' id='word_1_395' title='bbox 2215 2742 2291 2805; x_wconf 84' lang='grc' dir='ltr'>εἰς</span> <span class='ocrx_word' id='word_1_396' title='bbox 2321 2741 2573 2817; x_wconf 84' lang='grc' dir='ltr'>ἐργασίαν</span> <span class='ocrx_word' id='word_1_397' title='bbox 2606 2740 3005 2796; x_wconf 78' lang='grc' dir='ltr'>συντελούντων</span> <span class='ocrx_word' id='word_1_398' title='bbox 3037 2735 3073 2807; x_wconf 72' lang='grc' dir='ltr'>ἥ</span> <span class='ocrx_word' id='word_1_399' title='bbox 3118 2740 3254 2813; x_wconf 84' lang='grc' dir='ltr'>πρὸς</span> <span class='ocrx_word' id='word_1_400' title='bbox 3304 2736 3605 2793; x_wconf 85' lang='grc' dir='ltr'>ἀπόλαυσιν</span> <span class='ocrx_word' id='word_1_401' title='bbox 3655 2758 3872 2791; x_wconf 83' lang='grc' dir='ltr'>συντει-</span> 
     </span>
    </p>
   </div>
   <div class='ocr_carea' id='block_1_58' title="bbox 2212 2822 3862 2906">
    <p class='ocr_par' dir='ltr' id='par_1_58' title="bbox 2212 2822 3862 2906">
     <span class='ocr_line' id='line_1_58' title="bbox 2212 2822 3862 2906; baseline -0.003 -21"><span class='ocrx_word' id='word_1_402' title='bbox 2212 2830 2428 2885; x_wconf 83' lang='grc' dir='ltr'>νόντων’</span> <span class='ocrx_word' id='word_1_403' title='bbox 2473 2828 2619 2886; x_wconf 85' lang='grc' dir='ltr'>ἀλλά</span> <span class='ocrx_word' id='word_1_404' title='bbox 2671 2831 2761 2885; x_wconf 89' lang='grc' dir='ltr'>τὸν</span> <span class='ocrx_word' id='word_1_405' title='bbox 2825 2830 2987 2906; x_wconf 85' lang='grc' dir='ltr'>ὑγρὸν</span> <span class='ocrx_word' id='word_1_406' title='bbox 3042 2828 3133 2882; x_wconf 85' lang='grc' dir='ltr'>καὶ</span> <span class='ocrx_word' id='word_1_407' title='bbox 3186 2825 3391 2903; x_wconf 86' lang='grc' dir='ltr'>γλυκὺν</span> <span class='ocrx_word' id='word_1_408' title='bbox 3450 2826 3539 2881; x_wconf 83' lang='grc' dir='ltr'>καὶ</span> <span class='ocrx_word' id='word_1_409' title='bbox 3598 2822 3862 2900; x_wconf 69' lang='grc' dir='ltr'>εὔκρατον</span> 
     </span>
    </p>
   </div>
   <div class='ocr_carea' id='block_1_59' title="bbox 2213 2914 3870 2996">
    <p class='ocr_par' dir='ltr' id='par_1_59' title="bbox 2213 2914 3870 2996">
     <span class='ocr_line' id='line_1_59' title="bbox 2213 2914 3870 2996; baseline -0.001 -22"><span class='ocrx_word' id='word_1_410' title='bbox 2213 2920 2341 2996; x_wconf 87' lang='grc' dir='ltr'>ἀγαν</span> <span class='ocrx_word' id='word_1_411' title='bbox 2368 2920 2458 2975; x_wconf 81' lang='grc' dir='ltr'>καὶ</span> <span class='ocrx_word' id='word_1_412' title='bbox 2515 2919 2810 2976; x_wconf 81' lang='grc' dir='ltr'>κάλλιστον</span> <span class='ocrx_word' id='word_1_413' title='bbox 2870 2919 3000 2994; x_wconf 85' lang='grc' dir='ltr'>ἀέρα</span> <span class='ocrx_word' id='word_1_414' title='bbox 3056 2917 3145 2972; x_wconf 85' lang='grc' dir='ltr'>καὶ</span> <span class='ocrx_word' id='word_1_415' title='bbox 3205 2917 3381 2987; x_wconf 81' lang='grc' dir='ltr'>πάσης</span> <span class='ocrx_word' id='word_1_416' title='bbox 3434 2914 3736 2992; x_wconf 71' lang='grc' dir='ltr'>ἀρρωστίας</span> <span class='ocrx_word' id='word_1_417' title='bbox 3768 2921 3870 2973; x_wconf 78' lang='grc' dir='ltr'>καὶ</span> 
     </span>
    </p>
   </div>
   <div class='ocr_carea' id='block_1_60' title="bbox 2212 3004 3872 3085">
    <p class='ocr_par' dir='ltr' id='par_1_60' title="bbox 2212 3004 3872 3085">
     <span class='ocr_line' id='line_1_60' title="bbox 2212 3004 3872 3085; baseline -0.003 -21"><span class='ocrx_word' id='word_1_418' title='bbox 2212 3013 2415 3085; x_wconf 81' lang='grc' dir='ltr'>φθορᾶς</span> <span class='ocrx_word' id='word_1_419' title='bbox 2444 3007 2879 3085; x_wconf 66' lang='grc' dir='ltr'>ἀπηλλαγμένον</span> <span class='ocrx_word' id='word_1_420' title='bbox 2933 3011 3190 3074; x_wconf 76' lang='grc' dir='ltr'>σπῶντες,</span> <span class='ocrx_word' id='word_1_421' title='bbox 3244 3005 3334 3060; x_wconf 83' lang='grc' dir='ltr'>καὶ</span> <span class='ocrx_word' id='word_1_422' title='bbox 3396 3010 3594 3079; x_wconf 80' lang='grc' dir='ltr'>μικρᾶς</span> <span class='ocrx_word' id='word_1_423' title='bbox 3643 3004 3872 3080; x_wconf 83' lang='grc' dir='ltr'>ὀπώρας</span> 
     </span>
    </p>
   </div>
   <div class='ocr_carea' id='block_1_61' title="bbox 2209 3092 3870 3172">
    <p class='ocr_par' dir='ltr' id='par_1_61' title="bbox 2209 3092 3870 3172">
     <span class='ocr_line' id='line_1_61' title="bbox 2209 3092 3870 3172; baseline -0.002 -18"><span class='ocrx_word' id='word_1_424' title='bbox 2209 3100 2298 3155; x_wconf 79' lang='grc' dir='ltr'>καὶ</span> <span class='ocrx_word' id='word_1_425' title='bbox 2327 3098 2689 3156; x_wconf 79' lang='grc' dir='ltr'>διειδεστάτου</span> <span class='ocrx_word' id='word_1_426' title='bbox 2745 3097 2938 3164; x_wconf 75' lang='grc' dir='ltr'>ὕδατος</span> <span class='ocrx_word' id='word_1_427' title='bbox 2992 3096 3383 3169; x_wconf 75' lang='grc' dir='ltr'>ἀπολαύοντες,</span> <span class='ocrx_word' id='word_1_428' title='bbox 3441 3092 3685 3152; x_wconf 86' lang='grc' dir='ltr'>σέϐονται</span> <span class='ocrx_word' id='word_1_429' title='bbox 3717 3118 3870 3172; x_wconf 85' lang='grc' dir='ltr'>γνη-</span> 
     </span>
    </p>
   </div>
   <div class='ocr_carea' id='block_1_62' title="bbox 2210 3186 3867 3263">
    <p class='ocr_par' dir='ltr' id='par_1_62' title="bbox 2210 3186 3867 3263">
     <span class='ocr_line' id='line_1_62' title="bbox 2210 3186 3867 3263; baseline -0.003 -19"><span class='ocrx_word' id='word_1_430' title='bbox 2210 3191 2343 3253; x_wconf 87' lang='grc' dir='ltr'>σίως</span> <span class='ocrx_word' id='word_1_431' title='bbox 2372 3190 2464 3245; x_wconf 88' lang='grc' dir='ltr'>τὸν</span> <span class='ocrx_word' id='word_1_432' title='bbox 2494 3190 2623 3246; x_wconf 84' lang='grc' dir='ltr'>Θεὸν</span> <span class='ocrx_word' id='word_1_433' title='bbox 2671 3189 2760 3245; x_wconf 85' lang='grc' dir='ltr'>καὶ</span> <span class='ocrx_word' id='word_1_434' title='bbox 2811 3187 3174 3250; x_wconf 82' lang='grc' dir='ltr'>ἀδιαλείπτως</span> <span class='ocrx_word' id='word_1_435' title='bbox 3220 3188 3639 3263; x_wconf 85' lang='grc' dir='ltr'>προσεύχονται.</span> <span class='ocrx_word' id='word_1_436' title='bbox 3676 3187 3773 3239; x_wconf 72' lang='grc' dir='ltr'>Καὶ</span> <span class='ocrx_word' id='word_1_437' title='bbox 3807 3186 3867 3240; x_wconf 82' lang='grc' dir='ltr'>οἱ</span> 
     </span>
    </p>
   </div>
   <div class='ocr_carea' id='block_1_63' title="bbox 450 3275 2097 3355">
    <p class='ocr_par' dir='ltr' id='par_1_63' title="bbox 450 3279 2097 3352">
     <span class='ocr_line' id='line_1_63' title="bbox 450 3279 2097 3352; baseline 0.002 -19"><span class='ocrx_word' id='word_1_438' title='bbox 450 3293 584 3333; x_wconf 89' lang='lat' dir='ltr'>cere</span> <span class='ocrx_word' id='word_1_439' title='bbox 614 3279 818 3334; x_wconf 89' lang='lat' dir='ltr'>colunt</span> <span class='ocrx_word' id='word_1_440' title='bbox 849 3296 917 3335; x_wconf 91' lang='lat' dir='ltr'>ac</span> <span class='ocrx_word' id='word_1_441' title='bbox 946 3285 1232 3351; x_wconf 90' lang='lat' dir='ltr'>perpetuo</span> <span class='ocrx_word' id='word_1_442' title='bbox 1260 3280 1727 3351; x_wconf 88' lang='lat' dir='ltr'>precantur.Viri</span> <span class='ocrx_word' id='word_1_443' title='bbox 1759 3280 2001 3352; x_wconf 89' lang='lat' dir='ltr'>quidem</span> <span class='ocrx_word' id='word_1_444' title='bbox 2023 3281 2097 3337; x_wconf 91' lang='lat' dir='ltr'>ad</span> 
     </span>
    </p>
   </div>
   <div class='ocr_carea' id='block_1_64' title="bbox 2209 3275 3866 3355">
    <p class='ocr_par' dir='ltr' id='par_1_64' title="bbox 2209 3275 3866 3355">
     <span class='ocr_line' id='line_1_64' title="bbox 2209 3275 3866 3355; baseline -0.004 -21"><span class='ocrx_word' id='word_1_445' title='bbox 2209 3279 2301 3353; x_wconf 80' lang='grc' dir='ltr'>μὶν</span> <span class='ocrx_word' id='word_1_446' title='bbox 2337 3276 2520 3355; x_wconf 71' lang='grc' dir='ltr'>ἂνδρες</span> <span class='ocrx_word' id='word_1_447' title='bbox 2551 3280 2627 3342; x_wconf 80' lang='grc' dir='ltr'>εἷς</span> <span class='ocrx_word' id='word_1_448' title='bbox 2657 3280 2717 3333; x_wconf 88' lang='grc' dir='ltr'>τὸ</span> <span class='ocrx_word' id='word_1_449' title='bbox 2746 3283 2843 3334; x_wconf 75' lang='grc' dir='ltr'>τοῦ</span> <span class='ocrx_word' id='word_1_450' title='bbox 2876 3281 3128 3334; x_wconf 75' lang='grc' dir='ltr'>Ὠκεανοῦ</span> <span class='ocrx_word' id='word_1_451' title='bbox 3178 3276 3344 3352; x_wconf 83' lang='grc' dir='ltr'>μέρος</span> <span class='ocrx_word' id='word_1_452' title='bbox 3390 3275 3765 3349; x_wconf 73' lang='grc' dir='ltr'>παροικοῦσιν,</span> <span class='ocrx_word' id='word_1_453' title='bbox 3800 3275 3866 3328; x_wconf 72' lang='grc' dir='ltr'>αἱ</span> 
     </span>
    </p>
   </div>
   <div class='ocr_carea' id='block_1_65' title="bbox 451 3364 2097 3435">
    <p class='ocr_par' dir='ltr' id='par_1_65' title="bbox 451 3364 2097 3435">
     <span class='ocr_line' id='line_1_65' title="bbox 451 3364 2097 3435; baseline 0.004 -16"><span class='ocrx_word' id='word_1_454' title='bbox 451 3364 751 3420; x_wconf 85' lang='lat' dir='ltr'>Oceanum</span> <span class='ocrx_word' id='word_1_455' title='bbox 778 3367 1068 3435; x_wconf 87' lang='lat' dir='ltr'>incolunt,</span> <span class='ocrx_word' id='word_1_456' title='bbox 1103 3368 1385 3423; x_wconf 90' lang='lat' dir='ltr'>mulieres</span> <span class='ocrx_word' id='word_1_457' title='bbox 1416 3374 1615 3424; x_wconf 86' lang='lat' dir='ltr'>autem</span> <span class='ocrx_word' id='word_1_458' title='bbox 1647 3369 1787 3425; x_wconf 90' lang='lat' dir='ltr'>inde</span> <span class='ocrx_word' id='word_1_459' title='bbox 1836 3370 1911 3425; x_wconf 91' lang='lat' dir='ltr'>ad</span> <span class='ocrx_word' id='word_1_460' title='bbox 1942 3373 2097 3426; x_wconf 83' lang='lat' dir='ltr'>Gan-</span> 
     </span>
    </p>
   </div>
   <div class='ocr_carea' id='block_1_66' title="bbox 451 3453 2095 3527">
    <p class='ocr_par' dir='ltr' id='par_1_66' title="bbox 451 3453 2095 3527">
     <span class='ocr_line' id='line_1_66' title="bbox 451 3453 2095 3527; baseline 0.003 -20"><span class='ocrx_word' id='word_1_461' title='bbox 451 3469 584 3524; x_wconf 84' lang='lat' dir='ltr'>gem</span> <span class='ocrx_word' id='word_1_462' title='bbox 616 3453 862 3510; x_wconf 86' lang='lat' dir='ltr'>ﬂuvium</span> <span class='ocrx_word' id='word_1_463' title='bbox 910 3455 1113 3523; x_wconf 64' lang='lat' dir='ltr'>Indiga,</span> <span class='ocrx_word' id='word_1_464' title='bbox 1148 3456 1249 3527; x_wconf 90' lang='lat' dir='ltr'>qui</span> <span class='ocrx_word' id='word_1_465' title='bbox 1298 3457 1360 3511; x_wconf 90' lang='lat' dir='ltr'>in</span> <span class='ocrx_word' id='word_1_466' title='bbox 1399 3459 1698 3513; x_wconf 88' lang='lat' dir='ltr'>Oceanum</span> <span class='ocrx_word' id='word_1_467' title='bbox 1748 3457 1956 3512; x_wconf 78' lang='lat' dir='ltr'>effluit.</span> <span class='ocrx_word' id='word_1_468' title='bbox 2009 3456 2095 3512; x_wconf 85' lang='lat' dir='ltr'>Ad</span> 
     </span>
    </p>
   </div>
   <div class='ocr_carea' id='block_1_67' title="bbox 451 3543 2092 3620">
    <p class='ocr_par' dir='ltr' id='par_1_67' title="bbox 451 3543 2092 3620">
     <span class='ocr_line' id='line_1_67' title="bbox 451 3543 2092 3620; baseline 0.001 -21"><span class='ocrx_word' id='word_1_469' title='bbox 451 3543 735 3599; x_wconf 88' lang='lat' dir='ltr'>mulieres</span> <span class='ocrx_word' id='word_1_470' title='bbox 755 3545 1061 3615; x_wconf 86' lang='lat' dir='ltr'>trajiciunt</span> <span class='ocrx_word' id='word_1_471' title='bbox 1090 3546 1199 3599; x_wconf 90' lang='lat' dir='ltr'>viri</span> <span class='ocrx_word' id='word_1_472' title='bbox 1216 3546 1370 3601; x_wconf 84' lang='lat' dir='ltr'>Julio</span> <span class='ocrx_word' id='word_1_473' title='bbox 1394 3552 1451 3602; x_wconf 91' lang='lat' dir='ltr'>et</span> <span class='ocrx_word' id='word_1_474' title='bbox 1475 3549 1736 3620; x_wconf 86' lang='lat' dir='ltr'>Augusto</span> <span class='ocrx_word' id='word_1_475' title='bbox 1761 3546 2092 3611; x_wconf 89' lang='lat' dir='ltr'>mensibus,</span> 
     </span>
    </p>
   </div>
   <div class='ocr_carea' id='block_1_68' title="bbox 449 3632 2097 3708">
    <p class='ocr_par' dir='ltr' id='par_1_68' title="bbox 449 3632 2097 3708">
     <span class='ocr_line' id='line_1_68' title="bbox 449 3632 2097 3708; baseline 0.002 -23"><span class='ocrx_word' id='word_1_476' title='bbox 449 3632 666 3702; x_wconf 85' lang='lat' dir='ltr'>quibus</span> <span class='ocrx_word' id='word_1_477' title='bbox 694 3632 1030 3705; x_wconf 82' lang='lat' dir='ltr'>frigidiores</span> <span class='ocrx_word' id='word_1_478' title='bbox 1062 3639 1220 3704; x_wconf 85' lang='lat' dir='ltr'>sunt,</span> <span class='ocrx_word' id='word_1_479' title='bbox 1251 3635 1374 3690; x_wconf 89' lang='lat' dir='ltr'>sole</span> <span class='ocrx_word' id='word_1_480' title='bbox 1405 3636 1478 3690; x_wconf 89' lang='lat' dir='ltr'>ad</span> <span class='ocrx_word' id='word_1_481' title='bbox 1510 3653 1618 3691; x_wconf 89' lang='lat' dir='ltr'>nos</span> <span class='ocrx_word' id='word_1_482' title='bbox 1651 3640 1708 3690; x_wconf 92' lang='lat' dir='ltr'>et</span> <span class='ocrx_word' id='word_1_483' title='bbox 1737 3636 2097 3708; x_wconf 88' lang='lat' dir='ltr'>septentrio-</span> 
     </span>
    </p>
   </div>
   <div class='ocr_carea' id='block_1_69' title="bbox 448 3723 2094 3797">
    <p class='ocr_par' dir='ltr' id='par_1_69' title="bbox 448 3723 2094 3797">
     <span class='ocr_line' id='line_1_69' title="bbox 448 3723 2094 3797; baseline 0.002 -22"><span class='ocrx_word' id='word_1_484' title='bbox 448 3737 557 3776; x_wconf 90' lang='lat' dir='ltr'>nes</span> <span class='ocrx_word' id='word_1_485' title='bbox 588 3726 807 3777; x_wconf 88' lang='lat' dir='ltr'>evecto.</span> <span class='ocrx_word' id='word_1_486' title='bbox 838 3724 1042 3794; x_wconf 89' lang='lat' dir='ltr'>Itaque</span> <span class='ocrx_word' id='word_1_487' title='bbox 1062 3724 1101 3777; x_wconf 93' lang='lat' dir='ltr'>ii</span> <span class='ocrx_word' id='word_1_488' title='bbox 1135 3740 1374 3780; x_wconf 89' lang='lat' dir='ltr'>menses</span> <span class='ocrx_word' id='word_1_489' title='bbox 1406 3726 1858 3797; x_wconf 88' lang='lat' dir='ltr'>temperatiores</span> <span class='ocrx_word' id='word_1_490' title='bbox 1889 3741 1989 3780; x_wconf 91' lang='lat' dir='ltr'>eos</span> <span class='ocrx_word' id='word_1_491' title='bbox 2020 3723 2094 3779; x_wconf 89' lang='lat' dir='ltr'>ad</span> 
     </span>
    </p>
   </div>
   <div class='ocr_carea' id='block_1_70' title="bbox 449 3811 2093 3886">
    <p class='ocr_par' dir='ltr' id='par_1_70' title="bbox 449 3811 2093 3886">
     <span class='ocr_line' id='line_1_70' title="bbox 449 3811 2093 3886; baseline 0.005 -24"><span class='ocrx_word' id='word_1_492' title='bbox 449 3811 738 3866; x_wconf 86' lang='lat' dir='ltr'>Venerem</span> <span class='ocrx_word' id='word_1_493' title='bbox 782 3811 1064 3868; x_wconf 90' lang='lat' dir='ltr'>dicuntur</span> <span class='ocrx_word' id='word_1_494' title='bbox 1111 3812 1439 3869; x_wconf 86' lang='lat' dir='ltr'>stimulare.</span> <span class='ocrx_word' id='word_1_495' title='bbox 1494 3815 1617 3879; x_wconf 89' lang='lat' dir='ltr'>Quo</span> <span class='ocrx_word' id='word_1_496' title='bbox 1665 3820 1835 3886; x_wconf 89' lang='lat' dir='ltr'>pacto</span> <span class='ocrx_word' id='word_1_497' title='bbox 1898 3815 2093 3870; x_wconf 85' lang='lat' dir='ltr'>Nilum</span> 
     </span>
    </p>
   </div>
   <div class='ocr_carea' id='block_1_71' title="bbox 448 3900 2093 3976">
    <p class='ocr_par' dir='ltr' id='par_1_71' title="bbox 448 3900 2093 3976">
     <span class='ocr_line' id='line_1_71' title="bbox 448 3900 2093 3976; baseline 0.003 -23"><span class='ocrx_word' id='word_1_498' title='bbox 448 3915 685 3971; x_wconf 91' lang='lat' dir='ltr'>quoque</span> <span class='ocrx_word' id='word_1_499' title='bbox 713 3917 833 3956; x_wconf 89' lang='lat' dir='ltr'>non</span> <span class='ocrx_word' id='word_1_500' title='bbox 865 3900 1073 3957; x_wconf 87' lang='lat' dir='ltr'>eodem</span> <span class='ocrx_word' id='word_1_501' title='bbox 1106 3918 1222 3972; x_wconf 89' lang='lat' dir='ltr'>quo</span> <span class='ocrx_word' id='word_1_502' title='bbox 1257 3902 1404 3957; x_wconf 89' lang='lat' dir='ltr'>alios</span> <span class='ocrx_word' id='word_1_503' title='bbox 1436 3920 1644 3959; x_wconf 88' lang='lat' dir='ltr'>amnes</span> <span class='ocrx_word' id='word_1_504' title='bbox 1679 3909 1941 3976; x_wconf 88' lang='lat' dir='ltr'>tempore</span> <span class='ocrx_word' id='word_1_505' title='bbox 1998 3903 2093 3958; x_wconf 87' lang='lat' dir='ltr'>in—</span> 
     </span>
    </p>
   </div>
   <div class='ocr_carea' id='block_1_72' title="bbox 447 3990 2096 4065">
    <p class='ocr_par' dir='ltr' id='par_1_72' title="bbox 447 3990 2096 4065">
     <span class='ocr_line' id='line_1_72' title="bbox 447 3990 2096 4065; baseline 0.002 -23"><span class='ocrx_word' id='word_1_506' title='bbox 447 4006 713 4044; x_wconf 86' lang='lat' dir='ltr'>crescere</span> <span class='ocrx_word' id='word_1_507' title='bbox 745 3990 1082 4061; x_wconf 86' lang='lat' dir='ltr'>dicunt,sed</span> <span class='ocrx_word' id='word_1_508' title='bbox 1113 3991 1311 4046; x_wconf 89' lang='lat' dir='ltr'>media</span> <span class='ocrx_word' id='word_1_509' title='bbox 1340 3996 1543 4047; x_wconf 66' lang='lat' dir='ltr'>testate</span> <span class='ocrx_word' id='word_1_510' title='bbox 1574 3995 1883 4065; x_wconf 69' lang='lat' dir='ltr'>Aigyptum</span> <span class='ocrx_word' id='word_1_511' title='bbox 1917 3993 2096 4047; x_wconf 88' lang='lat' dir='ltr'>inun-</span> 
     </span>
    </p>
   </div>
   <div class='ocr_carea' id='block_1_73' title="bbox 447 4077 2093 4152">
    <p class='ocr_par' dir='ltr' id='par_1_73' title="bbox 447 4077 2093 4152">
     <span class='ocr_line' id='line_1_73' title="bbox 447 4077 2093 4152; baseline 0.002 -20"><span class='ocrx_word' id='word_1_512' title='bbox 447 4077 612 4144; x_wconf 88' lang='lat' dir='ltr'>dare,</span> <span class='ocrx_word' id='word_1_513' title='bbox 664 4080 883 4151; x_wconf 85' lang='lat' dir='ltr'>quippe</span> <span class='ocrx_word' id='word_1_514' title='bbox 933 4080 1057 4134; x_wconf 91' lang='lat' dir='ltr'>sole</span> <span class='ocrx_word' id='word_1_515' title='bbox 1118 4085 1256 4135; x_wconf 92' lang='lat' dir='ltr'>tunc</span> <span class='ocrx_word' id='word_1_516' title='bbox 1307 4082 1697 4152; x_wconf 88' lang='lat' dir='ltr'>septentrioni</span> <span class='ocrx_word' id='word_1_517' title='bbox 1748 4082 2093 4138; x_wconf 89' lang='lat' dir='ltr'>viciniorem</span> 
     </span>
    </p>
   </div>
   <div class='ocr_carea' id='block_1_74' title="bbox 447 4170 2095 4241">
    <p class='ocr_par' dir='ltr' id='par_1_74' title="bbox 447 4170 2095 4241">
     <span class='ocr_line' id='line_1_74' title="bbox 447 4170 2095 4241; baseline 0.004 -19"><span class='ocrx_word' id='word_1_518' title='bbox 447 4175 830 4238; x_wconf 87' lang='lat' dir='ltr'>percurrente</span> <span class='ocrx_word' id='word_1_519' title='bbox 862 4187 1068 4225; x_wconf 87' lang='lat' dir='ltr'>zonam</span> <span class='ocrx_word' id='word_1_520' title='bbox 1099 4170 1362 4241; x_wconf 87' lang='lat' dir='ltr'>aliosque</span> <span class='ocrx_word' id='word_1_521' title='bbox 1387 4171 1595 4226; x_wconf 85' lang='lat' dir='ltr'>fluvios</span> <span class='ocrx_word' id='word_1_522' title='bbox 1623 4178 1867 4228; x_wconf 83' lang='lat' dir='ltr'>vexante</span> <span class='ocrx_word' id='word_1_523' title='bbox 1900 4178 1959 4227; x_wconf 92' lang='lat' dir='ltr'>et</span> <span class='ocrx_word' id='word_1_524' title='bbox 1988 4173 2095 4228; x_wconf 89' lang='lat' dir='ltr'>im-</span> 
     </span>
    </p>
   </div>
   <div class='ocr_carea' id='block_1_75' title="bbox 446 4257 2091 4333">
    <p class='ocr_par' dir='ltr' id='par_1_75' title="bbox 446 4257 2091 4333">
     <span class='ocr_line' id='line_1_75' title="bbox 446 4257 2091 4333; baseline 0.003 -21"><span class='ocrx_word' id='word_1_525' title='bbox 446 4257 819 4326; x_wconf 86' lang='lat' dir='ltr'>minuente,a</span> <span class='ocrx_word' id='word_1_526' title='bbox 848 4259 977 4313; x_wconf 86' lang='lat' dir='ltr'>Nilo</span> <span class='ocrx_word' id='word_1_527' title='bbox 1000 4264 1197 4314; x_wconf 91' lang='lat' dir='ltr'>autem</span> <span class='ocrx_word' id='word_1_528' title='bbox 1234 4265 1356 4314; x_wconf 90' lang='lat' dir='ltr'>tum</span> <span class='ocrx_word' id='word_1_529' title='bbox 1388 4260 1731 4333; x_wconf 78' lang='lat' dir='ltr'>longissime</span> <span class='ocrx_word' id='word_1_530' title='bbox 1752 4260 2091 4317; x_wconf 90' lang='lat' dir='ltr'>recedente.</span> 
     </span>
    </p>
   </div>
   <div class='ocr_carea' id='block_1_76' title="bbox 448 4346 2090 4419">
    <p class='ocr_par' dir='ltr' id='par_1_76' title="bbox 448 4346 2090 4419">
     <span class='ocr_line' id='line_1_76' title="bbox 448 4346 2090 4419; baseline 0.002 -20"><span class='ocrx_word' id='word_1_531' title='bbox 448 4346 844 4401; x_wconf 87' lang='lat' dir='ltr'>Brachmanes</span> <span class='ocrx_word' id='word_1_532' title='bbox 858 4346 1249 4419; x_wconf 78' lang='lat' dir='ltr'>quadraginta</span> <span class='ocrx_word' id='word_1_533' title='bbox 1271 4348 1397 4404; x_wconf 90' lang='lat' dir='ltr'>dies</span> <span class='ocrx_word' id='word_1_534' title='bbox 1424 4365 1561 4404; x_wconf 91' lang='lat' dir='ltr'>cum</span> <span class='ocrx_word' id='word_1_535' title='bbox 1574 4350 1858 4406; x_wconf 84' lang='lat' dir='ltr'>uxoribus</span> <span class='ocrx_word' id='word_1_536' title='bbox 1880 4350 2090 4405; x_wconf 88' lang='lat' dir='ltr'>morati</span> 
     </span>
    </p>
   </div>
   <div class='ocr_carea' id='block_1_77' title="bbox 442 4436 2091 4510">
    <p class='ocr_par' dir='ltr' id='par_1_77' title="bbox 442 4436 2091 4510">
     <span class='ocr_line' id='line_1_77' title="bbox 442 4436 2091 4510; baseline 0.004 -22"><span class='ocrx_word' id='word_1_537' title='bbox 442 4450 683 4489; x_wconf 88' lang='lat' dir='ltr'>rursum</span> <span class='ocrx_word' id='word_1_538' title='bbox 713 4436 787 4491; x_wconf 90' lang='lat' dir='ltr'>ad</span> <span class='ocrx_word' id='word_1_539' title='bbox 819 4452 926 4491; x_wconf 91' lang='lat' dir='ltr'>sua</span> <span class='ocrx_word' id='word_1_540' title='bbox 961 4437 1329 4492; x_wconf 90' lang='lat' dir='ltr'>redeunt.Ad</span> <span class='ocrx_word' id='word_1_541' title='bbox 1360 4438 1674 4493; x_wconf 90' lang='lat' dir='ltr'>mulierem</span> <span class='ocrx_word' id='word_1_542' title='bbox 1719 4443 1851 4510; x_wconf 92' lang='lat' dir='ltr'>post</span> <span class='ocrx_word' id='word_1_543' title='bbox 1880 4456 2091 4495; x_wconf 90' lang='lat' dir='ltr'>secun-</span> 
     </span>
    </p>
   </div>
   <div class='ocr_carea' id='block_1_78' title="bbox 444 4522 2092 4599">
    <p class='ocr_par' dir='ltr' id='par_1_78' title="bbox 444 4522 2092 4599">
     <span class='ocr_line' id='line_1_78' title="bbox 444 4522 2092 4599; baseline 0.004 -22"><span class='ocrx_word' id='word_1_544' title='bbox 444 4522 587 4578; x_wconf 90' lang='lat' dir='ltr'>dum</span> <span class='ocrx_word' id='word_1_545' title='bbox 636 4530 870 4595; x_wconf 88' lang='lat' dir='ltr'>partum</span> <span class='ocrx_word' id='word_1_546' title='bbox 920 4525 1171 4581; x_wconf 90' lang='lat' dir='ltr'>maritus</span> <span class='ocrx_word' id='word_1_547' title='bbox 1220 4543 1398 4598; x_wconf 90' lang='lat' dir='ltr'>porro</span> <span class='ocrx_word' id='word_1_548' title='bbox 1446 4544 1569 4582; x_wconf 85' lang='lat' dir='ltr'>non</span> <span class='ocrx_word' id='word_1_549' title='bbox 1605 4528 1871 4598; x_wconf 83' lang='lat' dir='ltr'>trajicit;</span> <span class='ocrx_word' id='word_1_550' title='bbox 1913 4533 2092 4599; x_wconf 89' lang='lat' dir='ltr'>atque</span> 
     </span>
    </p>
   </div>
   <div class='ocr_carea' id='block_1_79' title="bbox 2203 3366 3865 3444">
    <p class='ocr_par' dir='ltr' id='par_1_79' title="bbox 2203 3366 3865 3444">
     <span class='ocr_line' id='line_1_79' title="bbox 2203 3366 3865 3444; baseline -0.003 -20"><span class='ocrx_word' id='word_1_551' title='bbox 2203 3366 2261 3424; x_wconf 77' lang='grc' dir='ltr'>δὲ</span> <span class='ocrx_word' id='word_1_552' title='bbox 2309 3375 2558 3444; x_wconf 87' lang='grc' dir='ltr'>γυναῖκες</span> <span class='ocrx_word' id='word_1_553' title='bbox 2618 3369 2848 3425; x_wconf 78' lang='grc' dir='ltr'>ἐντεῦθεν</span> <span class='ocrx_word' id='word_1_554' title='bbox 2907 3374 3005 3424; x_wconf 74' lang='grc' dir='ltr'>τοῦ</span> <span class='ocrx_word' id='word_1_555' title='bbox 3061 3371 3313 3439; x_wconf 78' lang='grc' dir='ltr'>ποταμοῦ</span> <span class='ocrx_word' id='word_1_556' title='bbox 3373 3368 3587 3441; x_wconf 81' lang='grc' dir='ltr'>Γάγγου</span> <span class='ocrx_word' id='word_1_557' title='bbox 3624 3369 3721 3421; x_wconf 76' lang='grc' dir='ltr'>τοῦ</span> <span class='ocrx_word' id='word_1_558' title='bbox 3752 3385 3865 3419; x_wconf 87' lang='grc' dir='ltr'>πα-</span> 
     </span>
    </p>
   </div>
   <div class='ocr_carea' id='block_1_80' title="bbox 2204 3450 3870 3532">
    <p class='ocr_par' dir='ltr' id='par_1_80' title="bbox 2204 3450 3870 3532">
     <span class='ocr_line' id='line_1_80' title="bbox 2204 3450 3870 3532; baseline -0.012 -6"><span class='ocrx_word' id='word_1_559' title='bbox 2204 3456 2524 3532; x_wconf 70' lang='grc' dir='ltr'>Ραβρέοντος</span> <span class='ocrx_word' id='word_1_560' title='bbox 2555 3456 2631 3520; x_wconf 67' lang='grc' dir='ltr'>εἷς</span> <span class='ocrx_word' id='word_1_561' title='bbox 2688 3460 2778 3513; x_wconf 89' lang='grc' dir='ltr'>τὸν</span> <span class='ocrx_word' id='word_1_562' title='bbox 2836 3457 3105 3528; x_wconf 87' lang='grc' dir='ltr'>Ὠκεανὸν,</span> <span class='ocrx_word' id='word_1_563' title='bbox 3175 3453 3264 3510; x_wconf 82' lang='grc' dir='ltr'>ἒπὶ</span> <span class='ocrx_word' id='word_1_564' title='bbox 3309 3456 3372 3510; x_wconf 89' lang='grc' dir='ltr'>τὸ</span> <span class='ocrx_word' id='word_1_565' title='bbox 3399 3461 3500 3524; x_wconf 82' lang='grc' dir='ltr'>τῆς</span> <span class='ocrx_word' id='word_1_566' title='bbox 3536 3450 3727 3515; x_wconf 83' lang='grc' dir='ltr'>Ἰνδίας</span> <span class='ocrx_word' id='word_1_567' title='bbox 3763 3452 3870 3526; x_wconf 75' lang='grc' dir='ltr'>μέ·-</span> 
     </span>
    </p>
   </div>
   <div class='ocr_carea' id='block_1_81' title="bbox 2203 3540 3870 3623">
    <p class='ocr_par' dir='ltr' id='par_1_81' title="bbox 2203 3540 3870 3623">
     <span class='ocr_line' id='line_1_81' title="bbox 2203 3540 3870 3623; baseline -0.004 -22"><span class='ocrx_word' id='word_1_568' title='bbox 2203 3567 2318 3622; x_wconf 89' lang='grc' dir='ltr'>ρος.</span> <span class='ocrx_word' id='word_1_569' title='bbox 2351 3549 2416 3606; x_wconf 76' lang='grc' dir='ltr'><strong>Οἱ</strong></span> <span class='ocrx_word' id='word_1_570' title='bbox 2445 3552 2574 3623; x_wconf 75' lang='grc' dir='ltr'>γοῦν</span> <span class='ocrx_word' id='word_1_571' title='bbox 2608 3544 2792 3621; x_wconf 74' lang='grc' dir='ltr'>ἄνδρες</span> <span class='ocrx_word' id='word_1_572' title='bbox 2819 3552 3025 3620; x_wconf 81' lang='grc' dir='ltr'>περῶσι</span> <span class='ocrx_word' id='word_1_573' title='bbox 3058 3545 3193 3620; x_wconf 87' lang='grc' dir='ltr'>πρὸς</span> <span class='ocrx_word' id='word_1_574' title='bbox 3224 3544 3319 3607; x_wconf 73' lang='grc' dir='ltr'>τὶς</span> <span class='ocrx_word' id='word_1_575' title='bbox 3352 3549 3608 3621; x_wconf 87' lang='grc' dir='ltr'>γυναῖκας</span> <span class='ocrx_word' id='word_1_576' title='bbox 3637 3540 3870 3615; x_wconf 83' lang='grc' dir='ltr'>Ἰουλίῳ</span> 
     </span>
    </p>
   </div>
   <div class='ocr_carea' id='block_1_82' title="bbox 2202 3631 3871 3712">
    <p class='ocr_par' dir='ltr' id='par_1_82' title="bbox 2202 3631 3871 3712">
     <span class='ocr_line' id='line_1_82' title="bbox 2202 3631 3871 3712; baseline -0.003 -22"><span class='ocrx_word' id='word_1_577' title='bbox 2202 3637 2292 3690; x_wconf 83' lang='grc' dir='ltr'>καὶ</span> <span class='ocrx_word' id='word_1_578' title='bbox 2323 3636 2617 3712; x_wconf 78' lang='grc' dir='ltr'>Αὐγούστῳ</span> <span class='ocrx_word' id='word_1_579' title='bbox 2661 3636 2812 3710; x_wconf 80' lang='grc' dir='ltr'>μηνὶ,</span> <span class='ocrx_word' id='word_1_580' title='bbox 2844 3636 2971 3712; x_wconf 88' lang='grc' dir='ltr'>παρ’</span> <span class='ocrx_word' id='word_1_581' title='bbox 3030 3637 3112 3697; x_wconf 83' lang='grc' dir='ltr'>οἷς</span> <span class='ocrx_word' id='word_1_582' title='bbox 3164 3632 3470 3709; x_wconf 82' lang='grc' dir='ltr'>ὑπάρχουσι</span> <span class='ocrx_word' id='word_1_583' title='bbox 3502 3631 3871 3707; x_wconf 82' lang='grc' dir='ltr'>ψυχρότεροι.</span> 
     </span>
    </p>
   </div>
   <div class='ocr_carea' id='block_1_83' title="bbox 2200 3717 3867 3801">
    <p class='ocr_par' dir='ltr' id='par_1_83' title="bbox 2200 3717 3867 3801">
     <span class='ocr_line' id='line_1_83' title="bbox 2200 3717 3867 3801; baseline -0.004 -21"><span class='ocrx_word' id='word_1_584' title='bbox 2200 3730 2297 3781; x_wconf 73' lang='grc' dir='ltr'>τοῦ</span> <span class='ocrx_word' id='word_1_585' title='bbox 2330 3725 2494 3796; x_wconf 79' lang='grc' dir='ltr'>ἡλίου</span> <span class='ocrx_word' id='word_1_586' title='bbox 2524 3726 2659 3801; x_wconf 87' lang='grc' dir='ltr'>πρὸς</span> <span class='ocrx_word' id='word_1_587' title='bbox 2712 3727 2860 3798; x_wconf 79' lang='grc' dir='ltr'>ἡμᾶς</span> <span class='ocrx_word' id='word_1_588' title='bbox 2918 3723 3009 3779; x_wconf 85' lang='grc' dir='ltr'>καὶ</span> <span class='ocrx_word' id='word_1_589' title='bbox 3065 3722 3201 3795; x_wconf 88' lang='grc' dir='ltr'>πρὸς</span> <span class='ocrx_word' id='word_1_590' title='bbox 3264 3721 3463 3797; x_wconf 74' lang='grc' dir='ltr'>βοῤῥᾶν</span> <span class='ocrx_word' id='word_1_591' title='bbox 3528 3717 3867 3795; x_wconf 66' lang='grc' dir='ltr'>ὓψωθέντος,</span> 
     </span>
    </p>
   </div>
   <div class='ocr_carea' id='block_1_84' title="bbox 2203 3808 3861 3893">
    <p class='ocr_par' dir='ltr' id='par_1_84' title="bbox 2203 3808 3861 3893">
     <span class='ocr_line' id='line_1_84' title="bbox 2203 3808 3861 3893; baseline -0.005 -23"><span class='ocrx_word' id='word_1_592' title='bbox 2203 3817 2255 3870; x_wconf 87' lang='grc' dir='ltr'>οἳ</span> <span class='ocrx_word' id='word_1_593' title='bbox 2306 3836 2369 3893; x_wconf 87' lang='grc' dir='ltr'>γε</span> <span class='ocrx_word' id='word_1_594' title='bbox 2422 3815 2510 3870; x_wconf 88' lang='grc' dir='ltr'>καὶ</span> <span class='ocrx_word' id='word_1_595' title='bbox 2568 3813 2944 3889; x_wconf 85' lang='grc' dir='ltr'>εὐκρατότεροι</span> <span class='ocrx_word' id='word_1_596' title='bbox 2994 3812 3273 3888; x_wconf 86' lang='grc' dir='ltr'>γινόμενοι</span> <span class='ocrx_word' id='word_1_597' title='bbox 3321 3811 3456 3887; x_wconf 86' lang='grc' dir='ltr'>πρὸς</span> <span class='ocrx_word' id='word_1_598' title='bbox 3503 3810 3720 3883; x_wconf 67' lang='grc' dir='ltr'>οἶστρον</span> <span class='ocrx_word' id='word_1_599' title='bbox 3751 3808 3861 3863; x_wconf 85' lang='grc' dir='ltr'>αὐ-</span> 
     </span>
    </p>
   </div>
   <div class='ocr_carea' id='block_1_85' title="bbox 2201 3896 3862 3979">
    <p class='ocr_par' dir='ltr' id='par_1_85' title="bbox 2201 3896 3862 3979">
     <span class='ocr_line' id='line_1_85' title="bbox 2201 3896 3862 3979; baseline -0.005 -19"><span class='ocrx_word' id='word_1_600' title='bbox 2201 3906 2331 3969; x_wconf 74' lang='grc' dir='ltr'>τοὺς</span> <span class='ocrx_word' id='word_1_601' title='bbox 2358 3909 2520 3959; x_wconf 79' lang='grc' dir='ltr'>κινεῖν</span> <span class='ocrx_word' id='word_1_602' title='bbox 2563 3902 2834 3979; x_wconf 80' lang='grc' dir='ltr'>λέγουσιν,</span> <span class='ocrx_word' id='word_1_603' title='bbox 2870 3902 3051 3976; x_wconf 84' lang='grc' dir='ltr'>ὥσπερ</span> <span class='ocrx_word' id='word_1_604' title='bbox 3101 3898 3167 3970; x_wconf 78' lang='grc' dir='ltr'>δὴ</span> <span class='ocrx_word' id='word_1_605' title='bbox 3219 3900 3310 3954; x_wconf 85' lang='grc' dir='ltr'>καὶ</span> <span class='ocrx_word' id='word_1_606' title='bbox 3339 3899 3430 3954; x_wconf 89' lang='grc' dir='ltr'>τὸν</span> <span class='ocrx_word' id='word_1_607' title='bbox 3465 3896 3661 3954; x_wconf 81' lang='grc' dir='ltr'>Νεῖλόν</span> <span class='ocrx_word' id='word_1_608' title='bbox 3696 3918 3862 3975; x_wconf 78' lang='grc' dir='ltr'>φασιν</span> 
     </span>
    </p>
   </div>
   <div class='ocr_carea' id='block_1_86' title="bbox 2203 3986 3864 4061">
    <p class='ocr_par' dir='ltr' id='par_1_86' title="bbox 2203 3986 3864 4061">
     <span class='ocr_line' id='line_1_86' title="bbox 2203 3986 3864 4061; baseline -0.005 -12"><span class='ocrx_word' id='word_1_609' title='bbox 2203 3993 2265 4049; x_wconf 90' lang='grc' dir='ltr'>οὐ</span> <span class='ocrx_word' id='word_1_610' title='bbox 2296 3995 2430 4049; x_wconf 82' lang='grc' dir='ltr'>κατὰ</span> <span class='ocrx_word' id='word_1_611' title='bbox 2486 3993 2577 4048; x_wconf 86' lang='grc' dir='ltr'>τὸν</span> <span class='ocrx_word' id='word_1_612' title='bbox 2633 3993 2790 4048; x_wconf 81' lang='grc' dir='ltr'>αὐτὸν</span> <span class='ocrx_word' id='word_1_613' title='bbox 2850 3991 2896 4027; x_wconf 78' lang='grc'>³⁵</span> <span class='ocrx_word' id='word_1_614' title='bbox 2952 3996 3071 4051; x_wconf 86' lang='grc' dir='ltr'>τοῖς</span> <span class='ocrx_word' id='word_1_615' title='bbox 3129 3988 3325 4052; x_wconf 76' lang='grc' dir='ltr'>ἄλλοις</span> <span class='ocrx_word' id='word_1_616' title='bbox 3377 3986 3735 4061; x_wconf 82' lang='grc' dir='ltr'>πλημμυρεῖν</span> <span class='ocrx_word' id='word_1_617' title='bbox 3764 3988 3864 4043; x_wconf 80' lang='grc' dir='ltr'>καὶ</span> 
     </span>
    </p>
   </div>
   <div class='ocr_carea' id='block_1_87' title="bbox 2204 4075 3864 4157">
    <p class='ocr_par' dir='ltr' id='par_1_87' title="bbox 2204 4075 3864 4157">
     <span class='ocr_line' id='line_1_87' title="bbox 2204 4075 3864 4157; baseline -0.005 -18"><span class='ocrx_word' id='word_1_618' title='bbox 2204 4085 2313 4157; x_wconf 75' lang='grc' dir='ltr'>ῥεῖν</span> <span class='ocrx_word' id='word_1_619' title='bbox 2340 4088 2635 4156; x_wconf 85' lang='grc' dir='ltr'>ποταμοῖς,</span> <span class='ocrx_word' id='word_1_620' title='bbox 2686 4078 2831 4136; x_wconf 88' lang='grc' dir='ltr'>ἀλλά</span> <span class='ocrx_word' id='word_1_621' title='bbox 2881 4080 2970 4134; x_wconf 83' lang='grc' dir='ltr'>γαὶ</span> <span class='ocrx_word' id='word_1_622' title='bbox 3023 4082 3314 4152; x_wconf 77' lang='grc' dir='ltr'>μεσοῦντος</span> <span class='ocrx_word' id='word_1_623' title='bbox 3368 4077 3465 4131; x_wconf 78' lang='grc' dir='ltr'>τοῦ</span> <span class='ocrx_word' id='word_1_624' title='bbox 3517 4075 3705 4151; x_wconf 87' lang='grc' dir='ltr'>θέρους</span> <span class='ocrx_word' id='word_1_625' title='bbox 3735 4075 3864 4131; x_wconf 59' lang='grc' dir='ltr'>ἐπι-</span> 
     </span>
    </p>
   </div>
   <div class='ocr_carea' id='block_1_88' title="bbox 2201 4165 3857 4245">
    <p class='ocr_par' dir='ltr' id='par_1_88' title="bbox 2201 4165 3857 4245">
     <span class='ocr_line' id='line_1_88' title="bbox 2201 4165 3857 4245; baseline -0.005 -18"><span class='ocrx_word' id='word_1_626' title='bbox 2201 4172 2417 4241; x_wconf 81' lang='grc' dir='ltr'>κλύζειν</span> <span class='ocrx_word' id='word_1_627' title='bbox 2445 4174 2544 4241; x_wconf 67' lang='grc' dir='ltr'>τὴν</span> <span class='ocrx_word' id='word_1_628' title='bbox 2573 4169 2865 4245; x_wconf 65' lang='grc' dir='ltr'>Αἴγυπτον,</span> <span class='ocrx_word' id='word_1_629' title='bbox 2909 4170 2981 4231; x_wconf 84' lang='grc' dir='ltr'>ὡς</span> <span class='ocrx_word' id='word_1_630' title='bbox 3040 4173 3136 4223; x_wconf 73' lang='grc' dir='ltr'>τοῦ</span> <span class='ocrx_word' id='word_1_631' title='bbox 3192 4188 3253 4243; x_wconf 87' lang='grc' dir='ltr'>γε</span> <span class='ocrx_word' id='word_1_632' title='bbox 3309 4165 3523 4228; x_wconf 86' lang='grc' dir='ltr'>πάντως</span> <span class='ocrx_word' id='word_1_633' title='bbox 3555 4165 3723 4235; x_wconf 74' lang='grc' dir='ltr'>ἡλίου</span> <span class='ocrx_word' id='word_1_634' title='bbox 3751 4168 3857 4234; x_wconf 71' lang='grc' dir='ltr'>τὴν</span> 
     </span>
    </p>
   </div>
   <div class='ocr_carea' id='block_1_89' title="bbox 2205 4251 3861 4336">
    <p class='ocr_par' dir='ltr' id='par_1_89' title="bbox 2205 4251 3861 4336">
     <span class='ocr_line' id='line_1_89' title="bbox 2205 4251 3861 4336; baseline -0.005 -21"><span class='ocrx_word' id='word_1_635' title='bbox 2205 4257 2548 4336; x_wconf 82' lang='grc' dir='ltr'>βορειοτέραν</span> <span class='ocrx_word' id='word_1_636' title='bbox 2606 4257 2912 4316; x_wconf 82' lang='grc' dir='ltr'>διαθέοντος</span> <span class='ocrx_word' id='word_1_637' title='bbox 2973 4256 3149 4325; x_wconf 76' lang='grc' dir='ltr'>ζώνην</span> <span class='ocrx_word' id='word_1_638' title='bbox 3193 4255 3282 4309; x_wconf 83' lang='grc' dir='ltr'>καὶ</span> <span class='ocrx_word' id='word_1_639' title='bbox 3329 4258 3449 4315; x_wconf 81' lang='grc' dir='ltr'>τοῖς</span> <span class='ocrx_word' id='word_1_640' title='bbox 3480 4251 3679 4316; x_wconf 72' lang='grc' dir='ltr'>ἄλλοις</span> <span class='ocrx_word' id='word_1_641' title='bbox 3704 4272 3861 4327; x_wconf 89' lang='grc' dir='ltr'>παρ-</span> 
     </span>
    </p>
   </div>
   <div class='ocr_carea' id='block_1_90' title="bbox 2201 4339 3862 4424">
    <p class='ocr_par' dir='ltr' id='par_1_90' title="bbox 2201 4339 3862 4424">
     <span class='ocr_line' id='line_1_90' title="bbox 2201 4339 3862 4424; baseline -0.005 -20"><span class='ocrx_word' id='word_1_642' title='bbox 2201 4346 2560 4424; x_wconf 78' lang='grc' dir='ltr'>ενοχλοῦντος</span> <span class='ocrx_word' id='word_1_643' title='bbox 2614 4351 2886 4420; x_wconf 74' lang='grc' dir='ltr'>ποταμοῖς</span> <span class='ocrx_word' id='word_1_644' title='bbox 2938 4343 3027 4400; x_wconf 71' lang='grc' dir='ltr'>καὶ</span> <span class='ocrx_word' id='word_1_645' title='bbox 3083 4342 3493 4419; x_wconf 89' lang='grc' dir='ltr'>σμικρύνοντος,</span> <span class='ocrx_word' id='word_1_646' title='bbox 3546 4343 3742 4397; x_wconf 83' lang='grc' dir='ltr'>τούτου</span> <span class='ocrx_word' id='word_1_647' title='bbox 3796 4339 3862 4396; x_wconf 72' lang='grc' dir='ltr'>δὲ</span> 
     </span>
    </p>
   </div>
   <div class='ocr_carea' id='block_1_91' title="bbox 2199 4432 3862 4512">
    <p class='ocr_par' dir='ltr' id='par_1_91' title="bbox 2199 4432 3862 4512">
     <span class='ocr_line' id='line_1_91' title="bbox 2199 4432 3862 4512; baseline -0.005 -20"><span class='ocrx_word' id='word_1_648' title='bbox 2199 4436 2458 4493; x_wconf 88' lang='grc' dir='ltr'>πλεῖστον</span> <span class='ocrx_word' id='word_1_649' title='bbox 2509 4432 2833 4512; x_wconf 82' lang='grc' dir='ltr'>ἀπέχοντος.</span> <span class='ocrx_word' id='word_1_650' title='bbox 2890 4435 2987 4490; x_wconf 82' lang='grc' dir='ltr'>Καὶ</span> <span class='ocrx_word' id='word_1_651' title='bbox 3041 4435 3367 4504; x_wconf 82' lang='grc' dir='ltr'>ποιήσαντες</span> <span class='ocrx_word' id='word_1_652' title='bbox 3419 4432 3554 4505; x_wconf 82' lang='grc' dir='ltr'>μετὰ</span> <span class='ocrx_word' id='word_1_653' title='bbox 3601 4434 3707 4486; x_wconf 80' lang='grc' dir='ltr'>τῶν</span> <span class='ocrx_word' id='word_1_654' title='bbox 3757 4452 3862 4507; x_wconf 87' lang='grc' dir='ltr'>γυ-</span> 
     </span>
    </p>
   </div>
   <div class='ocr_carea' id='block_1_92' title="bbox 2198 4517 3861 4599">
    <p class='ocr_par' dir='ltr' id='par_1_92' title="bbox 2198 4517 3861 4599">
     <span class='ocr_line' id='line_1_92' title="bbox 2198 4517 3861 4599; baseline -0.004 -17"><span class='ocrx_word' id='word_1_655' title='bbox 2198 4531 2397 4582; x_wconf 83' lang='grc' dir='ltr'>ναικῶν</span> <span class='ocrx_word' id='word_1_656' title='bbox 2432 4525 2608 4581; x_wconf 80' lang='grc' dir='ltr'>αὐτῶν</span> <span class='ocrx_word' id='word_1_657' title='bbox 2658 4524 2866 4599; x_wconf 75' lang='grc' dir='ltr'>ἡμέρας</span> <span class='ocrx_word' id='word_1_658' title='bbox 2929 4525 2985 4597; x_wconf 83' lang='grc' dir='ltr'>μ’</span> <span class='ocrx_word' id='word_1_659' title='bbox 3042 4520 3206 4578; x_wconf 78' lang='grc' dir='ltr'>πάλιν</span> <span class='ocrx_word' id='word_1_660' title='bbox 3262 4521 3614 4597; x_wconf 80' lang='grc' dir='ltr'>ἀντιπερῶσι.</span> <span class='ocrx_word' id='word_1_661' title='bbox 3649 4522 3767 4588; x_wconf 78' lang='grc' dir='ltr'>Τῆς</span> <span class='ocrx_word' id='word_1_662' title='bbox 3797 4517 3861 4575; x_wconf 68' lang='grc' dir='ltr'>δὲ</span> 
     </span>
    </p>
   </div>
   <div class='ocr_carea' id='block_1_93' title="bbox 442 4608 2097 4720">
    <p class='ocr_par' dir='ltr' id='par_1_93' title="bbox 442 4614 2090 4692">
     <span class='ocr_line' id='line_1_93' title="bbox 442 4614 2090 4692; baseline 0.005 -25"><span class='ocrx_word' id='word_1_663' title='bbox 442 4614 557 4685; x_wconf 90' lang='lat' dir='ltr'>ipsi</span> <span class='ocrx_word' id='word_1_664' title='bbox 589 4631 723 4670; x_wconf 91' lang='lat' dir='ltr'>cum</span> <span class='ocrx_word' id='word_1_665' title='bbox 756 4616 873 4671; x_wconf 90' lang='lat' dir='ltr'>alio</span> <span class='ocrx_word' id='word_1_666' title='bbox 905 4616 1055 4673; x_wconf 74' lang='lat'><strong>269</strong></span> <span class='ocrx_word' id='word_1_667' title='bbox 1089 4617 1301 4673; x_wconf 87' lang='lat' dir='ltr'>exinde</span> <span class='ocrx_word' id='word_1_668' title='bbox 1332 4619 1454 4673; x_wconf 87' lang='lat' dir='ltr'>viro</span> <span class='ocrx_word' id='word_1_669' title='bbox 1485 4635 1608 4673; x_wconf 89' lang='lat' dir='ltr'>rem</span> <span class='ocrx_word' id='word_1_670' title='bbox 1634 4617 1852 4674; x_wconf 86' lang='lat' dir='ltr'>habere</span> <span class='ocrx_word' id='word_1_671' title='bbox 1882 4619 2090 4692; x_wconf 80' lang='lat' dir='ltr'>religio</span> 
     </span>
    </p>
   </div>
   <div class='ocr_carea' id='block_1_94' title="bbox 2209 4608 3863 4720">
    <p class='ocr_par' dir='ltr' id='par_1_94' title="bbox 2209 4608 3863 4720">
     <span class='ocr_line' id='line_1_94' title="bbox 2209 4608 3863 4694; baseline -0.006 -23"><span class='ocrx_word' id='word_1_672' title='bbox 2209 4617 2448 4694; x_wconf 84' lang='grc' dir='ltr'>γυναικὸς</span> <span class='ocrx_word' id='word_1_673' title='bbox 2495 4613 2589 4670; x_wconf 83' lang='grc' dir='ltr'>δύο</span> <span class='ocrx_word' id='word_1_674' title='bbox 2638 4612 2830 4669; x_wconf 81' lang='grc' dir='ltr'>παιδία</span> <span class='ocrx_word' id='word_1_675' title='bbox 2877 4612 3215 4688; x_wconf 80' lang='grc' dir='ltr'>γεννησάσης</span> <span class='ocrx_word' id='word_1_676' title='bbox 3265 4609 3448 4665; x_wconf 83' lang='grc' dir='ltr'>οὐκέτι</span> <span class='ocrx_word' id='word_1_677' title='bbox 3479 4610 3507 4663; x_wconf 88' lang='grc' dir='ltr'>ὁ</span> <span class='ocrx_word' id='word_1_678' title='bbox 3537 4609 3674 4683; x_wconf 86' lang='grc' dir='ltr'>ἀνήρ</span> <span class='ocrx_word' id='word_1_679' title='bbox 3705 4608 3863 4663; x_wconf 87' lang='grc' dir='ltr'>ἀντι-</span> 
     </span>
     <span class='ocr_line' id='line_1_95' title="bbox 2305 4697 3788 4720; baseline 0 0"><span class='ocrx_word' id='word_1_680' title='bbox 2305 4712 2332 4720; x_wconf 65' lang='grc'>..</span> <span class='ocrx_word' id='word_1_681' title='bbox 2475 4705 2487 4720; x_wconf 80' lang='lat'><strong><em>\</em></strong></span> <span class='ocrx_word' id='word_1_682' title='bbox 2622 4705 2635 4720; x_wconf 69' lang='grc' dir='ltr'>ο</span> <span class='ocrx_word' id='word_1_683' title='bbox 2692 4706 2706 4720; x_wconf 81' lang='lat'><strong><em>\</em></strong></span> <span class='ocrx_word' id='word_1_684' title='bbox 2861 4701 2888 4720; x_wconf 73' lang='grc' dir='ltr'>,Ι</span> <span class='ocrx_word' id='word_1_685' title='bbox 3066 4703 3081 4720; x_wconf 80' lang='lat'><strong><em>\</em></strong></span> <span class='ocrx_word' id='word_1_686' title='bbox 3184 4700 3198 4720; x_wconf 73' lang='grc'><strong>9</strong></span> <span class='ocrx_word' id='word_1_687' title='bbox 3250 4700 3261 4719; x_wconf 75' lang='grc' dir='ltr'><strong><em>Ι</em></strong></span> <span class='ocrx_word' id='word_1_688' title='bbox 3410 4701 3427 4720; x_wconf 75' lang='lat'><em>\</em></span> <span class='ocrx_word' id='word_1_689' title='bbox 3557 4698 3597 4720; x_wconf 63' lang='grc' dir='ltr'>θ’</span> <span class='ocrx_word' id='word_1_690' title='bbox 3680 4700 3694 4720; x_wconf 74' lang='grc'><strong>(</strong></span> <span class='ocrx_word' id='word_1_691' title='bbox 3713 4697 3757 4720; x_wconf 50' lang='grc' dir='ltr'>η(</span> <span class='ocrx_word' id='word_1_692' title='bbox 3777 4717 3788 4720; x_wconf 66' lang='grc'>-</span> 
     </span>
    </p>
   </div>
   <div class='ocr_carea' id='block_1_95' title="bbox 439 4705 2090 4780">
    <p class='ocr_par' dir='ltr' id='par_1_95' title="bbox 439 4705 2090 4780">
     <span class='ocr_line' id='line_1_96' title="bbox 439 4705 2090 4780; baseline 0.004 -22"><span class='ocrx_word' id='word_1_693' title='bbox 439 4708 547 4759; x_wconf 88' lang='lat' dir='ltr'>est.</span> <span class='ocrx_word' id='word_1_694' title='bbox 586 4705 803 4770; x_wconf 91' lang='lat' dir='ltr'>Quodsi</span> <span class='ocrx_word' id='word_1_695' title='bbox 836 4722 1014 4777; x_wconf 87' lang='lat' dir='ltr'>quam</span> <span class='ocrx_word' id='word_1_696' title='bbox 1048 4706 1314 4761; x_wconf 91' lang='lat' dir='ltr'>sterilem</span> <span class='ocrx_word' id='word_1_697' title='bbox 1359 4723 1489 4763; x_wconf 91' lang='lat' dir='ltr'>esse</span> <span class='ocrx_word' id='word_1_698' title='bbox 1521 4708 1844 4780; x_wconf 85' lang='lat' dir='ltr'>contingat,</span> <span class='ocrx_word' id='word_1_699' title='bbox 1900 4725 2090 4780; x_wconf 89' lang='lat' dir='ltr'>usque</span> 
     </span>
    </p>
   </div>
   <div class='ocr_carea' id='block_1_96' title="bbox 436 4793 2086 4867">
    <p class='ocr_par' dir='ltr' id='par_1_96' title="bbox 436 4793 2086 4867">
     <span class='ocr_line' id='line_1_97' title="bbox 436 4793 2086 4867; baseline 0.002 -17"><span class='ocrx_word' id='word_1_700' title='bbox 436 4793 513 4850; x_wconf 91' lang='lat' dir='ltr'>ad</span> <span class='ocrx_word' id='word_1_701' title='bbox 545 4795 1023 4867; x_wconf 88' lang='lat' dir='ltr'>quinquennium</span> <span class='ocrx_word' id='word_1_702' title='bbox 1057 4812 1185 4850; x_wconf 88' lang='lat' dir='ltr'>eam</span> <span class='ocrx_word' id='word_1_703' title='bbox 1241 4797 1491 4851; x_wconf 90' lang='lat' dir='ltr'>maritus</span> <span class='ocrx_word' id='word_1_704' title='bbox 1542 4797 1741 4851; x_wconf 86' lang='lat' dir='ltr'>invisit</span> <span class='ocrx_word' id='word_1_705' title='bbox 1774 4814 1787 4864; x_wconf 92' lang='lat'><strong>;</strong></span> <span class='ocrx_word' id='word_1_706' title='bbox 1832 4802 1890 4852; x_wconf 94' lang='lat' dir='ltr'>et</span> <span class='ocrx_word' id='word_1_707' title='bbox 1919 4799 1967 4853; x_wconf 90' lang='lat' dir='ltr'>si</span> <span class='ocrx_word' id='word_1_708' title='bbox 2020 4816 2086 4854; x_wconf 93' lang='lat' dir='ltr'>eo</span> 
     </span>
    </p>
   </div>
   <div class='ocr_carea' id='block_1_97' title="bbox 435 4884 2082 4957">
    <p class='ocr_par' dir='ltr' id='par_1_97' title="bbox 435 4884 2082 4957">
     <span class='ocr_line' id='line_1_98' title="bbox 435 4884 2082 4957; baseline 0.002 -18"><span class='ocrx_word' id='word_1_709' title='bbox 435 4884 793 4940; x_wconf 89' lang='lat' dir='ltr'>circumacto</span> <span class='ocrx_word' id='word_1_710' title='bbox 826 4902 951 4940; x_wconf 89' lang='lat' dir='ltr'>non</span> <span class='ocrx_word' id='word_1_711' title='bbox 1001 4884 1211 4955; x_wconf 87' lang='lat' dir='ltr'>pariat,</span> <span class='ocrx_word' id='word_1_712' title='bbox 1244 4901 1314 4941; x_wconf 90' lang='lat' dir='ltr'>ea</span> <span class='ocrx_word' id='word_1_713' title='bbox 1344 4886 1405 4939; x_wconf 91' lang='lat' dir='ltr'>in</span> <span class='ocrx_word' id='word_1_714' title='bbox 1459 4892 1765 4957; x_wconf 90' lang='lat' dir='ltr'>posterum</span> <span class='ocrx_word' id='word_1_715' title='bbox 1804 4885 2082 4943; x_wconf 86' lang='lat' dir='ltr'>abstinet.</span> 
     </span>
    </p>
   </div>
   <div class='ocr_carea' id='block_1_98' title="bbox 436 4972 2080 5044">
    <p class='ocr_par' dir='ltr' id='par_1_98' title="bbox 436 4972 2080 5044">
     <span class='ocr_line' id='line_1_99' title="bbox 436 4972 2080 5044; baseline 0 -14"><span class='ocrx_word' id='word_1_716' title='bbox 436 4977 523 5031; x_wconf 90' lang='lat' dir='ltr'>Ita</span> <span class='ocrx_word' id='word_1_717' title='bbox 554 4974 622 5029; x_wconf 85' lang='lat' dir='ltr'>ﬁt</span> <span class='ocrx_word' id='word_1_718' title='bbox 652 4979 717 5029; x_wconf 89' lang='lat' dir='ltr'>ut</span> <span class='ocrx_word' id='word_1_719' title='bbox 746 4992 868 5029; x_wconf 89' lang='lat' dir='ltr'>non</span> <span class='ocrx_word' id='word_1_720' title='bbox 893 4975 971 5028; x_wconf 89' lang='lat' dir='ltr'>sit</span> <span class='ocrx_word' id='word_1_721' title='bbox 990 4972 1148 5044; x_wconf 89' lang='lat' dir='ltr'>apud</span> <span class='ocrx_word' id='word_1_722' title='bbox 1172 4973 1331 5044; x_wconf 87' lang='lat' dir='ltr'>ipsos</span> <span class='ocrx_word' id='word_1_723' title='bbox 1362 4974 1673 5029; x_wconf 90' lang='lat' dir='ltr'>hominum</span> <span class='ocrx_word' id='word_1_724' title='bbox 1696 4973 2080 5044; x_wconf 88' lang='lat' dir='ltr'>abundantia,</span> 
     </span>
    </p>
   </div>
   <div class='ocr_carea' id='block_1_99' title="bbox 436 5062 2082 5137">
    <p class='ocr_par' dir='ltr' id='par_1_99' title="bbox 436 5062 2082 5137">
     <span class='ocr_line' id='line_1_100' title="bbox 436 5062 2082 5137; baseline 0.002 -21"><span class='ocrx_word' id='word_1_725' title='bbox 436 5080 572 5117; x_wconf 90' lang='lat' dir='ltr'>cum</span> <span class='ocrx_word' id='word_1_726' title='bbox 630 5069 689 5118; x_wconf 91' lang='lat' dir='ltr'>et</span> <span class='ocrx_word' id='word_1_727' title='bbox 742 5080 935 5137; x_wconf 89' lang='lat' dir='ltr'>pauca</span> <span class='ocrx_word' id='word_1_728' title='bbox 978 5062 1322 5118; x_wconf 89' lang='lat' dir='ltr'>desiderent</span> <span class='ocrx_word' id='word_1_729' title='bbox 1351 5067 1410 5118; x_wconf 92' lang='lat' dir='ltr'>et</span> <span class='ocrx_word' id='word_1_730' title='bbox 1448 5069 1662 5119; x_wconf 86' lang='lat' dir='ltr'>natura</span> <span class='ocrx_word' id='word_1_731' title='bbox 1709 5064 2082 5120; x_wconf 88' lang='lat' dir='ltr'>continentes</span> 
     </span>
    </p>
   </div>
   <div class='ocr_carea' id='block_1_100' title="bbox 438 5152 2084 5225">
    <p class='ocr_par' dir='ltr' id='par_1_100' title="bbox 438 5152 2084 5225">
     <span class='ocr_line' id='line_1_101' title="bbox 438 5152 2084 5225; baseline 0.002 -21"><span class='ocrx_word' id='word_1_732' title='bbox 438 5152 577 5207; x_wconf 90' lang='lat' dir='ltr'>sint.</span> <span class='ocrx_word' id='word_1_733' title='bbox 610 5153 876 5209; x_wconf 91' lang='lat' dir='ltr'>Fluvium</span> <span class='ocrx_word' id='word_1_734' title='bbox 909 5158 1105 5208; x_wconf 85' lang='lat' dir='ltr'>autem</span> <span class='ocrx_word' id='word_1_735' title='bbox 1159 5168 1391 5207; x_wconf 89' lang='lat' dir='ltr'>summo</span> <span class='ocrx_word' id='word_1_736' title='bbox 1422 5169 1559 5208; x_wconf 90' lang='lat' dir='ltr'>cum</span> <span class='ocrx_word' id='word_1_737' title='bbox 1609 5153 1874 5225; x_wconf 89' lang='lat' dir='ltr'>periculo</span> <span class='ocrx_word' id='word_1_738' title='bbox 1914 5154 2084 5208; x_wconf 90' lang='lat' dir='ltr'>aiunt</span> 
     </span>
    </p>
   </div>
   <div class='ocr_carea' id='block_1_101' title="bbox 434 5240 2083 5315">
    <p class='ocr_par' dir='ltr' id='par_1_101' title="bbox 434 5240 2083 5315">
     <span class='ocr_line' id='line_1_102' title="bbox 434 5240 2083 5315; baseline 0.004 -24"><span class='ocrx_word' id='word_1_739' title='bbox 434 5240 627 5308; x_wconf 89' lang='lat' dir='ltr'>trajici</span> <span class='ocrx_word' id='word_1_740' title='bbox 658 5249 901 5314; x_wconf 88' lang='lat' dir='ltr'>propter</span> <span class='ocrx_word' id='word_1_741' title='bbox 929 5242 1474 5313; x_wconf 83' lang='lat' dir='ltr'>odontotyrannum</span> <span class='ocrx_word' id='word_1_742' title='bbox 1508 5242 1701 5315; x_wconf 88' lang='lat' dir='ltr'>(quasi</span> <span class='ocrx_word' id='word_1_743' title='bbox 1724 5242 1771 5296; x_wconf 91' lang='lat' dir='ltr'>si</span> <span class='ocrx_word' id='word_1_744' title='bbox 1797 5242 1958 5297; x_wconf 84' lang='lat' dir='ltr'>dente</span> <span class='ocrx_word' id='word_1_745' title='bbox 1986 5258 2083 5297; x_wconf 66' lang='lat' dir='ltr'>sw-</span> 
     </span>
    </p>
   </div>
   <div class='ocr_carea' id='block_1_102' title="bbox 436 5329 2078 5404">
    <p class='ocr_par' dir='ltr' id='par_1_102' title="bbox 436 5329 2078 5404">
     <span class='ocr_line' id='line_1_103' title="bbox 436 5329 2078 5404; baseline 0.005 -25"><span class='ocrx_word' id='word_1_746' title='bbox 436 5329 669 5384; x_wconf 78' lang='lat' dir='ltr'>vientem</span> <span class='ocrx_word' id='word_1_747' title='bbox 701 5332 883 5404; x_wconf 87' lang='lat' dir='ltr'>dicas)</span> <span class='ocrx_word' id='word_1_748' title='bbox 913 5332 1187 5387; x_wconf 88' lang='lat' dir='ltr'>bestiam.</span> <span class='ocrx_word' id='word_1_749' title='bbox 1222 5332 1324 5387; x_wconf 89' lang='lat' dir='ltr'>Est</span> <span class='ocrx_word' id='word_1_750' title='bbox 1371 5337 1573 5387; x_wconf 91' lang='lat' dir='ltr'>autem</span> <span class='ocrx_word' id='word_1_751' title='bbox 1604 5332 1815 5404; x_wconf 83' lang='lat' dir='ltr'>ingens</span> <span class='ocrx_word' id='word_1_752' title='bbox 1873 5332 2078 5387; x_wconf 90' lang='lat' dir='ltr'>admo-</span> 
     </span>
    </p>
   </div>
   <div class='ocr_carea' id='block_1_103' title="bbox 435 5413 2081 5495">
    <p class='ocr_par' dir='ltr' id='par_1_103' title="bbox 435 5413 2081 5495">
     <span class='ocr_line' id='line_1_104' title="bbox 435 5413 2081 5495; baseline 0.005 -26"><span class='ocrx_word' id='word_1_753' title='bbox 435 5413 598 5483; x_wconf 90' lang='lat' dir='ltr'>dum,</span> <span class='ocrx_word' id='word_1_754' title='bbox 632 5419 778 5475; x_wconf 92' lang='lat' dir='ltr'>adeo</span> <span class='ocrx_word' id='word_1_755' title='bbox 808 5427 875 5477; x_wconf 87' lang='lat' dir='ltr'>ut</span> <span class='ocrx_word' id='word_1_756' title='bbox 904 5422 1203 5492; x_wconf 82' lang='lat' dir='ltr'>integrum</span> <span class='ocrx_word' id='word_1_757' title='bbox 1233 5422 1421 5493; x_wconf 90' lang='lat' dir='ltr'>possit</span> <span class='ocrx_word' id='word_1_758' title='bbox 1460 5421 1841 5494; x_wconf 88' lang='lat' dir='ltr'>elephantum</span> <span class='ocrx_word' id='word_1_759' title='bbox 1873 5421 2081 5495; x_wconf 84' lang='lat' dir='ltr'>deglu-</span> 
     </span>
    </p>
   </div>
   <div class='ocr_carea' id='block_1_104' title="bbox 434 5504 2080 5584">
    <p class='ocr_par' dir='ltr' id='par_1_104' title="bbox 434 5504 2080 5584">
     <span class='ocr_line' id='line_1_105' title="bbox 434 5504 2080 5584; baseline 0.005 -25"><span class='ocrx_word' id='word_1_760' title='bbox 434 5504 743 5579; x_wconf 82' lang='lat' dir='ltr'>tire.Degit</span> <span class='ocrx_word' id='word_1_761' title='bbox 764 5525 832 5565; x_wconf 93' lang='lat' dir='ltr'>eo</span> <span class='ocrx_word' id='word_1_762' title='bbox 852 5510 915 5565; x_wconf 87' lang='lat' dir='ltr'>in</span> <span class='ocrx_word' id='word_1_763' title='bbox 938 5510 1347 5580; x_wconf 85' lang='lat' dir='ltr'>ﬂumine,cum</span> <span class='ocrx_word' id='word_1_764' title='bbox 1372 5511 1614 5584; x_wconf 91' lang='lat' dir='ltr'>quidem</span> <span class='ocrx_word' id='word_1_765' title='bbox 1637 5511 1814 5567; x_wconf 90' lang='lat' dir='ltr'>etiam</span> <span class='ocrx_word' id='word_1_766' title='bbox 1838 5511 1900 5567; x_wconf 90' lang='lat' dir='ltr'>in</span> <span class='ocrx_word' id='word_1_767' title='bbox 1922 5516 2080 5567; x_wconf 84' lang='lat' dir='ltr'>terra</span> 
     </span>
    </p>
   </div>
   <div class='ocr_carea' id='block_1_105' title="bbox 428 5596 2077 5675">
    <p class='ocr_par' dir='ltr' id='par_1_105' title="bbox 428 5596 2077 5675">
     <span class='ocr_line' id='line_1_106' title="bbox 428 5596 2077 5675; baseline 0.004 -26"><span class='ocrx_word' id='word_1_768' title='bbox 428 5596 626 5653; x_wconf 88' lang='lat' dir='ltr'>vivere</span> <span class='ocrx_word' id='word_1_769' title='bbox 658 5596 891 5666; x_wconf 81' lang='lat' dir='ltr'>solent;</span> <span class='ocrx_word' id='word_1_770' title='bbox 923 5598 1081 5669; x_wconf 89' lang='lat' dir='ltr'>quod</span> <span class='ocrx_word' id='word_1_771' title='bbox 1109 5615 1295 5671; x_wconf 88' lang='lat' dir='ltr'>genus</span> <span class='ocrx_word' id='word_1_772' title='bbox 1326 5601 1609 5657; x_wconf 88' lang='lat' dir='ltr'>animalia</span> <span class='ocrx_word' id='word_1_773' title='bbox 1638 5600 1820 5675; x_wconf 76' lang='lat' dir='ltr'>Graeci</span> <span class='ocrx_word' id='word_1_774' title='bbox 1854 5601 2077 5673; x_wconf 85' lang='lat' dir='ltr'>amphi-</span> 
     </span>
    </p>
   </div>
   <div class='ocr_carea' id='block_1_106' title="bbox 431 5684 2077 5761">
    <p class='ocr_par' dir='ltr' id='par_1_106' title="bbox 431 5684 2077 5761">
     <span class='ocr_line' id='line_1_107' title="bbox 431 5684 2077 5761; baseline 0.001 -17"><span class='ocrx_word' id='word_1_775' title='bbox 431 5685 530 5745; x_wconf 86' lang='lat' dir='ltr'>bia</span> <span class='ocrx_word' id='word_1_776' title='bbox 562 5684 788 5742; x_wconf 89' lang='lat' dir='ltr'>dicunt.</span> <span class='ocrx_word' id='word_1_777' title='bbox 822 5686 904 5740; x_wconf 87' lang='lat' dir='ltr'>Ea</span> <span class='ocrx_word' id='word_1_778' title='bbox 932 5685 1124 5741; x_wconf 75' lang='lat' dir='ltr'>bestia</span> <span class='ocrx_word' id='word_1_779' title='bbox 1154 5687 1256 5741; x_wconf 88' lang='lat' dir='ltr'>Dei</span> <span class='ocrx_word' id='word_1_780' title='bbox 1291 5688 1469 5759; x_wconf 79' lang='lat' dir='ltr'>jussu</span> <span class='ocrx_word' id='word_1_781' title='bbox 1500 5688 1894 5761; x_wconf 82' lang='lat' dir='ltr'>quadraginta</span> <span class='ocrx_word' id='word_1_782' title='bbox 1931 5689 2077 5745; x_wconf 86' lang='lat' dir='ltr'>istos</span> 
     </span>
    </p>
   </div>
   <div class='ocr_carea' id='block_1_107' title="bbox 2198 4697 3855 4782">
    <p class='ocr_par' dir='ltr' id='par_1_107' title="bbox 2198 4697 3855 4782">
     <span class='ocr_line' id='line_1_108' title="bbox 2198 4697 3855 4782; baseline -0.007 -20"><span class='ocrx_word' id='word_1_783' title='bbox 2198 4712 2335 4782; x_wconf 85' lang='grc' dir='ltr'>περᾷ</span> <span class='ocrx_word' id='word_1_784' title='bbox 2384 4705 2521 4782; x_wconf 82' lang='grc' dir='ltr'>πρὸς</span> <span class='ocrx_word' id='word_1_785' title='bbox 2578 4705 2765 4774; x_wconf 74' lang='grc' dir='ltr'>αὐτὴν,</span> <span class='ocrx_word' id='word_1_786' title='bbox 2828 4701 2951 4760; x_wconf 68' lang='grc' dir='ltr'>οὔτε</span> <span class='ocrx_word' id='word_1_787' title='bbox 3013 4703 3120 4777; x_wconf 70' lang='grc' dir='ltr'>μὴν</span> <span class='ocrx_word' id='word_1_788' title='bbox 3181 4700 3330 4772; x_wconf 82' lang='grc' dir='ltr'>έκίνη</span> <span class='ocrx_word' id='word_1_789' title='bbox 3361 4698 3649 4769; x_wconf 74' lang='grc' dir='ltr'>πλησιάεει</span> <span class='ocrx_word' id='word_1_790' title='bbox 3679 4697 3855 4772; x_wconf 76' lang='grc' dir='ltr'>ἑτέρῳ</span> 
     </span>
    </p>
   </div>
   <div class='ocr_carea' id='block_1_108' title="bbox 2199 4783 3859 4869">
    <p class='ocr_par' dir='ltr' id='par_1_108' title="bbox 2199 4783 3859 4869">
     <span class='ocr_line' id='line_1_109' title="bbox 2199 4783 3859 4869; baseline -0.006 -19"><span class='ocrx_word' id='word_1_791' title='bbox 2199 4792 2348 4869; x_wconf 83' lang='grc' dir='ltr'>ἀνδρὶ</span> <span class='ocrx_word' id='word_1_792' title='bbox 2380 4794 2469 4850; x_wconf 73' lang='grc' dir='ltr'>διὰ</span> <span class='ocrx_word' id='word_1_793' title='bbox 2498 4792 2719 4863; x_wconf 76' lang='grc' dir='ltr'>πολλὴν</span> <span class='ocrx_word' id='word_1_794' title='bbox 2750 4787 3059 4848; x_wconf 85' lang='grc' dir='ltr'>εὐλάϐειαν.</span> <span class='ocrx_word' id='word_1_795' title='bbox 3092 4790 3158 4846; x_wconf 69' lang='grc' dir='ltr'>Εἴ</span> <span class='ocrx_word' id='word_1_796' title='bbox 3215 4787 3273 4844; x_wconf 74' lang='grc' dir='ltr'>δὲ</span> <span class='ocrx_word' id='word_1_797' title='bbox 3322 4783 3508 4863; x_wconf 81' lang='grc' dir='ltr'>συμϐῇ</span> <span class='ocrx_word' id='word_1_798' title='bbox 3556 4790 3770 4861; x_wconf 87' lang='grc' dir='ltr'>στεῖραν</span> <span class='ocrx_word' id='word_1_799' title='bbox 3796 4783 3859 4841; x_wconf 78' lang='grc' dir='ltr'>ἐν</span> 
     </span>
    </p>
   </div>
   <div class='ocr_carea' id='block_1_109' title="bbox 2196 4874 3853 4959">
    <p class='ocr_par' dir='ltr' id='par_1_109' title="bbox 2196 4874 3853 4959">
     <span class='ocr_line' id='line_1_110' title="bbox 2196 4874 3853 4959; baseline -0.007 -20"><span class='ocrx_word' id='word_1_800' title='bbox 2196 4884 2383 4948; x_wconf 86' lang='grc' dir='ltr'>αὐταῖς</span> <span class='ocrx_word' id='word_1_801' title='bbox 2413 4884 2716 4959; x_wconf 79' lang='grc' dir='ltr'>εὑρεθῆναι,</span> <span class='ocrx_word' id='word_1_802' title='bbox 2763 4880 2926 4958; x_wconf 80' lang='grc' dir='ltr'>μὲγρι</span> <span class='ocrx_word' id='word_1_803' title='bbox 2988 4875 3297 4941; x_wconf 85' lang='grc' dir='ltr'>πενταετίας</span> <span class='ocrx_word' id='word_1_804' title='bbox 3344 4874 3615 4950; x_wconf 78' lang='grc' dir='ltr'>διαπερῶν</span> <span class='ocrx_word' id='word_1_805' title='bbox 3649 4876 3678 4929; x_wconf 82' lang='grc' dir='ltr'>ὁ</span> <span class='ocrx_word' id='word_1_806' title='bbox 3709 4874 3853 4949; x_wconf 72' lang='grc' dir='ltr'>ἀνὴρ</span> 
     </span>
    </p>
   </div>
   <div class='ocr_carea' id='block_1_110' title="bbox 2195 4959 3849 5048">
    <p class='ocr_par' dir='ltr' id='par_1_110' title="bbox 2195 4959 3849 5048">
     <span class='ocr_line' id='line_1_111' title="bbox 2195 4959 3849 5048; baseline -0.007 -19"><span class='ocrx_word' id='word_1_807' title='bbox 2195 4973 2361 5043; x_wconf 80' lang='grc' dir='ltr'>αὐτῆς</span> <span class='ocrx_word' id='word_1_808' title='bbox 2392 4974 2479 5028; x_wconf 86' lang='grc' dir='ltr'>καὶ</span> <span class='ocrx_word' id='word_1_809' title='bbox 2542 4970 2929 5048; x_wconf 86' lang='grc' dir='ltr'>συγγινόμενος</span> <span class='ocrx_word' id='word_1_810' title='bbox 2986 4968 3144 5041; x_wconf 82' lang='grc' dir='ltr'>αὐτῇ,</span> <span class='ocrx_word' id='word_1_811' title='bbox 3204 4965 3292 5021; x_wconf 73' lang='grc' dir='ltr'>ἐὰν</span> <span class='ocrx_word' id='word_1_812' title='bbox 3345 4964 3405 5020; x_wconf 91' lang='grc' dir='ltr'>οὐ</span> <span class='ocrx_word' id='word_1_813' title='bbox 3465 4959 3623 5039; x_wconf 79' lang='grc' dir='ltr'>τέκῃ,</span> <span class='ocrx_word' id='word_1_814' title='bbox 3661 4963 3849 5019; x_wconf 81' lang='grc' dir='ltr'>οὐκέτι</span> 
     </span>
    </p>
   </div>
   <div class='ocr_carea' id='block_1_111' title="bbox 2194 5050 3849 5138">
    <p class='ocr_par' dir='ltr' id='par_1_111' title="bbox 2194 5050 3849 5138">
     <span class='ocr_line' id='line_1_112' title="bbox 2194 5050 3849 5138; baseline -0.007 -22"><span class='ocrx_word' id='word_1_815' title='bbox 2194 5062 2539 5138; x_wconf 83' lang='grc' dir='ltr'>προσεγγίζει</span> <span class='ocrx_word' id='word_1_816' title='bbox 2598 5059 2753 5133; x_wconf 75' lang='grc' dir='ltr'>αὐτῇ.</span> <span class='ocrx_word' id='word_1_817' title='bbox 2824 5059 2918 5114; x_wconf 86' lang='grc' dir='ltr'>Διά</span> <span class='ocrx_word' id='word_1_818' title='bbox 2995 5061 3161 5112; x_wconf 73' lang='grc' dir='ltr'>τοῦτο</span> <span class='ocrx_word' id='word_1_819' title='bbox 3231 5052 3355 5110; x_wconf 69' lang='grc' dir='ltr'>οὐδὲ</span> <span class='ocrx_word' id='word_1_820' title='bbox 3410 5050 3849 5127; x_wconf 56' lang='grc' dir='ltr'>πολυὼθρωπὸς</span> 
     </span>
    </p>
   </div>
   <div class='ocr_carea' id='block_1_112' title="bbox 2193 5139 3846 5224">
    <p class='ocr_par' dir='ltr' id='par_1_112' title="bbox 2193 5139 3846 5224">
     <span class='ocr_line' id='line_1_113' title="bbox 2193 5139 3846 5224; baseline -0.006 -19"><span class='ocrx_word' id='word_1_821' title='bbox 2193 5149 2331 5205; x_wconf 83' lang='grc' dir='ltr'>ἐστιν</span> <span class='ocrx_word' id='word_1_822' title='bbox 2360 5151 2395 5219; x_wconf 79' lang='grc' dir='ltr'>ἠ</span> <span class='ocrx_word' id='word_1_823' title='bbox 2428 5150 2590 5224; x_wconf 89' lang='grc' dir='ltr'>χώρα</span> <span class='ocrx_word' id='word_1_824' title='bbox 2621 5146 2814 5216; x_wconf 75' lang='grc' dir='ltr'>αὐτῶν,</span> <span class='ocrx_word' id='word_1_825' title='bbox 2872 5144 2960 5201; x_wconf 77' lang='grc' dir='ltr'>διά</span> <span class='ocrx_word' id='word_1_826' title='bbox 3013 5166 3072 5201; x_wconf 89' lang='grc' dir='ltr'>τε</span> <span class='ocrx_word' id='word_1_827' title='bbox 3130 5145 3230 5214; x_wconf 80' lang='grc' dir='ltr'>τήν</span> <span class='ocrx_word' id='word_1_828' title='bbox 3280 5139 3590 5219; x_wconf 79' lang='grc' dir='ltr'>ὀλιγοδείαν</span> <span class='ocrx_word' id='word_1_829' title='bbox 3617 5140 3708 5196; x_wconf 85' lang='grc' dir='ltr'>καὶ</span> <span class='ocrx_word' id='word_1_830' title='bbox 3736 5142 3846 5209; x_wconf 79' lang='grc' dir='ltr'>τὴν</span> 
     </span>
    </p>
   </div>
   <div class='ocr_carea' id='block_1_113' title="bbox 2193 5227 3847 5315">
    <p class='ocr_par' dir='ltr' id='par_1_113' title="bbox 2193 5227 3847 5315">
     <span class='ocr_line' id='line_1_114' title="bbox 2193 5227 3847 5315; baseline -0.006 -23"><span class='ocrx_word' id='word_1_831' title='bbox 2193 5238 2422 5315; x_wconf 78' lang='grc' dir='ltr'>φυσικὴν</span> <span class='ocrx_word' id='word_1_832' title='bbox 2451 5235 2783 5313; x_wconf 79' lang='grc' dir='ltr'>ἐγκράτειαν.</span> <span class='ocrx_word' id='word_1_833' title='bbox 2818 5236 2925 5292; x_wconf 87' lang='grc' dir='ltr'>Τὸν</span> <span class='ocrx_word' id='word_1_834' title='bbox 2971 5232 3029 5290; x_wconf 77' lang='grc' dir='ltr'>δὲ</span> <span class='ocrx_word' id='word_1_835' title='bbox 3074 5233 3320 5306; x_wconf 83' lang='grc' dir='ltr'>ποταμὸν</span> <span class='ocrx_word' id='word_1_836' title='bbox 3349 5252 3476 5309; x_wconf 78' lang='grc' dir='ltr'>φασι</span> <span class='ocrx_word' id='word_1_837' title='bbox 3510 5227 3847 5305; x_wconf 82' lang='grc' dir='ltr'>δυσπερατό-</span> 
     </span>
    </p>
   </div>
   <div class='ocr_carea' id='block_1_114' title="bbox 2191 5319 3857 5402">
    <p class='ocr_par' dir='ltr' id='par_1_114' title="bbox 2191 5319 3857 5402">
     <span class='ocr_line' id='line_1_115' title="bbox 2191 5319 3857 5402; baseline -0.005 -19"><span class='ocrx_word' id='word_1_838' title='bbox 2191 5348 2350 5383; x_wconf 83' lang='grc' dir='ltr'>τατον</span> <span class='ocrx_word' id='word_1_839' title='bbox 2380 5327 2512 5381; x_wconf 79' lang='grc' dir='ltr'>εἶναι</span> <span class='ocrx_word' id='word_1_840' title='bbox 2544 5322 2632 5380; x_wconf 78' lang='grc' dir='ltr'>διὰ</span> <span class='ocrx_word' id='word_1_841' title='bbox 2662 5326 2756 5383; x_wconf 87' lang='grc' dir='ltr'>τὸν</span> <span class='ocrx_word' id='word_1_842' title='bbox 2787 5324 3087 5402; x_wconf 89' lang='grc' dir='ltr'>λεγόμενον</span> <span class='ocrx_word' id='word_1_843' title='bbox 3109 5320 3203 5378; x_wconf 85' lang='grc' dir='ltr'>ὀδο</span> <span class='ocrx_word' id='word_1_844' title='bbox 3227 5324 3364 5395; x_wconf 88' lang='grc' dir='ltr'>[ντο]</span> <span class='ocrx_word' id='word_1_845' title='bbox 3392 5319 3672 5396; x_wconf 86' lang='grc' dir='ltr'>τύραννον.</span> <span class='ocrx_word' id='word_1_846' title='bbox 3702 5322 3857 5374; x_wconf 83' lang='grc' dir='ltr'>Ζῶον</span> 
     </span>
    </p>
   </div>
   <div class='ocr_carea' id='block_1_115' title="bbox 2189 5408 3847 5492">
    <p class='ocr_par' dir='ltr' id='par_1_115' title="bbox 2189 5408 3847 5492">
     <span class='ocr_line' id='line_1_116' title="bbox 2189 5408 3847 5492; baseline -0.007 -19"><span class='ocrx_word' id='word_1_847' title='bbox 2189 5418 2289 5491; x_wconf 84' lang='grc' dir='ltr'>γάρ</span> <span class='ocrx_word' id='word_1_848' title='bbox 2321 5414 2458 5471; x_wconf 82' lang='grc' dir='ltr'>ἐστιν</span> <span class='ocrx_word' id='word_1_849' title='bbox 2507 5409 2795 5492; x_wconf 80' lang='grc' dir='ltr'>ἀμφίϐιον,</span> <span class='ocrx_word' id='word_1_850' title='bbox 2858 5412 3112 5489; x_wconf 84' lang='grc' dir='ltr'>μέγιστον</span> <span class='ocrx_word' id='word_1_851' title='bbox 3167 5410 3307 5481; x_wconf 86' lang='grc' dir='ltr'>λίαν,</span> <span class='ocrx_word' id='word_1_852' title='bbox 3363 5408 3418 5465; x_wconf 73' lang='grc' dir='ltr'>ἐν</span> <span class='ocrx_word' id='word_1_853' title='bbox 3472 5413 3554 5482; x_wconf 81' lang='grc' dir='ltr'>τῷ</span> <span class='ocrx_word' id='word_1_854' title='bbox 3605 5412 3847 5479; x_wconf 76' lang='grc' dir='ltr'>ποταμῷ</span> 
     </span>
    </p>
   </div>
   <div class='ocr_carea' id='block_1_116' title="bbox 2190 5494 3855 5581">
    <p class='ocr_par' dir='ltr' id='par_1_116' title="bbox 2190 5494 3855 5581">
     <span class='ocr_line' id='line_1_117' title="bbox 2190 5494 3855 5581; baseline -0.007 -19"><span class='ocrx_word' id='word_1_855' title='bbox 2190 5504 2550 5579; x_wconf 85' lang='grc' dir='ltr'>διαιτώμενον</span> <span class='ocrx_word' id='word_1_856' title='bbox 2582 5505 2670 5560; x_wconf 79' lang='grc' dir='ltr'>καὶ</span> <span class='ocrx_word' id='word_1_857' title='bbox 2729 5501 3024 5577; x_wconf 79' lang='grc' dir='ltr'>δυνάμενον</span> <span class='ocrx_word' id='word_1_858' title='bbox 3082 5501 3345 5581; x_wconf 74' lang='grc' dir='ltr'>ἐλέφαντα</span> <span class='ocrx_word' id='word_1_859' title='bbox 3402 5503 3680 5555; x_wconf 88' lang='grc' dir='ltr'>καταπιεῖν</span> <span class='ocrx_word' id='word_1_860' title='bbox 3712 5494 3855 5551; x_wconf 81' lang='grc' dir='ltr'>ὁλό-</span> 
     </span>
    </p>
   </div>
   <div class='ocr_carea' id='block_1_117' title="bbox 2187 5588 3857 5671">
    <p class='ocr_par' dir='ltr' id='par_1_117' title="bbox 2187 5588 3857 5671">
     <span class='ocr_line' id='line_1_118' title="bbox 2187 5588 3857 5671; baseline -0.007 -19"><span class='ocrx_word' id='word_1_861' title='bbox 2187 5596 2412 5671; x_wconf 79' lang='grc' dir='ltr'>κληρον·</span> <span class='ocrx_word' id='word_1_862' title='bbox 2448 5596 2476 5649; x_wconf 83' lang='grc' dir='ltr'><strong>’ὀ</strong></span> <span class='ocrx_word' id='word_1_863' title='bbox 2522 5594 2575 5650; x_wconf 74' lang='grc' dir='ltr'>ἐν</span> <span class='ocrx_word' id='word_1_864' title='bbox 2606 5599 2726 5657; x_wconf 86' lang='grc' dir='ltr'>ταῖς</span> <span class='ocrx_word' id='word_1_865' title='bbox 2781 5594 2873 5668; x_wconf 76' lang='grc' dir='ltr'>μὶν</span> <span class='ocrx_word' id='word_1_866' title='bbox 2915 5592 3148 5669; x_wconf 72' lang='grc' dir='ltr'>ἡμέραις</span> <span class='ocrx_word' id='word_1_867' title='bbox 3196 5598 3299 5662; x_wconf 85' lang='grc' dir='ltr'>τῆς</span> <span class='ocrx_word' id='word_1_868' title='bbox 3346 5588 3693 5662; x_wconf 78' lang='grc' dir='ltr'>περαιώσεως</span> <span class='ocrx_word' id='word_1_869' title='bbox 3738 5590 3857 5642; x_wconf 82' lang='grc' dir='ltr'>τῶν</span> 
     </span>
    </p>
   </div>
   <div class='ocr_carea' id='block_1_118' title="bbox 2186 5674 3855 5764">
    <p class='ocr_par' dir='ltr' id='par_1_118' title="bbox 2186 5674 3855 5764">
     <span class='ocr_line' id='line_1_119' title="bbox 2186 5674 3855 5764; baseline -0.007 -23"><span class='ocrx_word' id='word_1_870' title='bbox 2186 5681 2397 5763; x_wconf 77' lang='grc' dir='ltr'>ἀνδρῶν</span> <span class='ocrx_word' id='word_1_871' title='bbox 2461 5682 2679 5741; x_wconf 75' lang='grc' dir='ltr'>ἐκείνων</span> <span class='ocrx_word' id='word_1_872' title='bbox 2730 5682 2925 5764; x_wconf 58' lang='grc' dir='ltr'>ἀφανές</span> <span class='ocrx_word' id='word_1_873' title='bbox 2987 5683 3197 5762; x_wconf 76' lang='grc' dir='ltr'>γίνεται</span> <span class='ocrx_word' id='word_1_874' title='bbox 3250 5678 3387 5737; x_wconf 79' lang='grc' dir='ltr'>κατὰ</span> <span class='ocrx_word' id='word_1_875' title='bbox 3443 5674 3585 5733; x_wconf 76' lang='grc' dir='ltr'>θείαν</span> <span class='ocrx_word' id='word_1_876' title='bbox 3610 5675 3855 5751; x_wconf 77' lang='grc' dir='ltr'>πρόστα-</span> 
     </span>
    </p>
   </div>
  </div>
