4186 6190
309 258 433 320 305

1451 254 1812 321 HISTORIA
1828 250 2006 313 RUM
2054 247 2607 312 COMPENDIUM.

3612 256 3734 316 306

314 389 417 460 Ew.
454 388 531 445 Ού
566 389 676 461 μὴν
709 385 767 444 δὲ
796 387 945 445 ἀλλὰ
982 388 1073 445 καὶ
1104 387 1389 464 δράκοντές
1419 389 1550 444 εἰσιν
1590 387 1642 443 ἦν
1687 390 1805 448 τοῖς
1838 384 1956 458 ἐρη-

2087 380 2213 436 dies
2238 382 2455 452 quibus
2488 382 2882 440 Brachmanes
2911 385 2985 440 ad
3013 401 3149 441 suas
3180 402 3395 442 uxores
3428 388 3734 459 trajiciunt

318 480 579 553 μοτὲροις
605 478 799 539 τόποις
828 476 1054 540 έκείνοις
1116 478 1362 556 μέγιστοι
1414 474 1639 557 σφόδρα,
1681 475 1879 545 πηχῶν
1932 494 1975 527 οι

314 575 382 623 τὸ
418 577 646 643 μεγεθος
690 568 780 622 καὶ
819 567 881 622 τὸ
928 568 1109 646 πάχος
1163 567 1308 623 πολὺ
1366 567 1455 623 καὶ
1515 561 1971 642 φρικωδέστατον,

308 657 405 712 καὶ
436 659 538 728 τήν
579 655 769 734 σοφίαν
798 661 895 712 τοῦ
926 661 1282 733 Δημιουργοῦ
1317 657 1407 713 καὶ
1449 654 1605 727 δόξαν
1654 654 1970 732 (ξαινόμενοι

308 751 612 822 προφανῶς
645 743 1048 822 ἐκδιηγοῦνται.
1092 747 1197 804 Καὶ
1246 748 1298 802 οἱ
1360 747 1457 820 μὶν
1505 744 1756 820 σκορπίοι
1801 740 1967 798 πάλιν

312 834 655 911 εὑρίσκονται
686 841 984 911 πηχυαῖοι,
1017 837 1070 892 οἱ
1119 834 1178 892 δὲ
1227 835 1514 912 μύρμηκες
1568 833 1968 890 παλαιστιαῖοι.

310 923 409 977 Διὸ
433 922 524 978 καὶ
558 919 933 977 δυσδιόδευτοί
962 921 1096 978 εἶσιν
1145 923 1200 978 οἱ
1251 923 1510 996 ἑρημικοὶ
1558 922 1719 977 τόποι
1768 919 1970 975 ἐκεῖνοι

306 1013 402 1067 καὶ
432 1011 688 1083 ἀοίκητοι
721 1009 811 1067 διὰ
837 1012 904 1067 τά
934 1007 1289 1092 φοϐερώτατα
1317 1010 1481 1087 θηρία
1512 1033 1570 1067 τε
1598 1012 1689 1066 καὶ
1749 1005 1965 1066 ἰοϐόλα.

310 1100 631 1181 Ἐλέφαντες
665 1097 722 1156 δὲ
750 1106 992 1177 γίνονται
1014 1102 1151 1157 κατά
1177 1102 1274 1163 τὰς
1324 1103 1511 1177 χώρας
1558 1099 1761 1162 ὲκείνας
1809 1098 1969 1155 πλεῖς-

308 1211 453 1260 στοι,
483 1191 560 1252 ὡς
599 1190 690 1244 καὶ
723 1187 999 1265 ἀγεληδὸν
1033 1190 1538 1266 παραπορευόμενοι
1573 1190 1880 1265 βόσκεσθαι.

387 1367 611 1443 Ἀμέλει
642 1368 705 1445 γέ
747 1390 832 1423 τοι
892 1368 981 1423 καὶ
1041 1370 1070 1423 ὁ
1131 1370 1302 1444 μέγας
1362 1369 1679 1439 Καισάριος,
1734 1365 1971 1447 ἀδελφὸς

316 1457 418 1514 τοῦ
449 1456 691 1533 μεγάλου
732 1460 1063 1534 Γρηγορίου,
1121 1456 1394 1537 διαφόρων
1455 1457 1620 1522 ἐθνῶν
1671 1457 1762 1513 καὶ
1819 1459 1969 1528 ἠθῶν

304 1549 401 1603 καὶ
435 1547 640 1622 τρόπον
688 1568 748 1602 τε
811 1546 903 1602 καὶ
961 1545 1133 1620 νόμον
1190 1545 1557 1623 ἐξηγούμενος
1616 1546 1667 1602 ἐν
1731 1547 1969 1621 ἐπιτομῇ

300 1636 498 1693 τοιαδε
528 1638 741 1717 φάσκει.
777 1638 863 1693 Ἐν
896 1637 1001 1712 γὰρ
1042 1637 1241 1711 ἑκάστῇ
1299 1637 1459 1713 χώρᾳ
1504 1638 1594 1691 καὶ
1643 1631 1869 1706 ἔθνεσιν,
1918 1634 1969 1690 ἐν

2082 485 2376 539 nusquam
2409 475 2616 527 exstat.
2650 472 2794 527 Sunt
2825 478 2883 526 et
2911 472 2970 526 in
3005 473 3424 530 solitudinibus
3457 475 3728 534 locorum

2092 558 2340 613 istorum
2368 559 2656 615 dracones
2679 561 2968 633 ingentes,
3000 562 3369 637 longitudine
3402 569 3471 620 7O
3501 566 3729 623 cubito-

2076 663 2229 712 rum,
2264 649 2419 703 mole
2438 664 2507 704 ac
2539 651 2807 705 crassitie
2834 650 3128 719 horribili,
3153 653 3255 724 qui
3277 653 3474 725 palam
3506 672 3569 710 se
3585 674 3728 713 con-

2075 738 2302 808 spectui
2322 740 2640 793 offerentes
2658 739 2884 811 opificis
2898 741 3249 811 sapientiam
3266 759 3333 798 ac
3350 745 3466 815 maj
3476 750 3724 802 estatem

2074 825 2505 882 demonstrant.
2542 827 2933 884 Inveniuntur
2948 830 3124 886 etiam
3160 832 3373 903 scorpii
3406 833 3715 903 cubitales,

2074 914 2339 970 formicm
2358 915 2541 986 palmi
2556 917 2985 987 magnitudine.
3014 921 3216 990 Itaque
3232 920 3357 975 ista:
3373 921 3724 979 solitudines

2075 1005 2328 1059 transitu
2356 1004 2629 1060 difﬁciles
2660 1012 2800 1061 sunt
2828 1012 2887 1061 et
2916 1005 3163 1062 desertas
3210 1014 3454 1081 propter
3498 1010 3723 1068 bestias

2074 1092 2374 1149 terribiles
2404 1094 2725 1151 admodum
2758 1112 2826 1151 ac
2855 1112 3149 1152 venenum
3172 1099 3557 1170 ejaculantes.
3592 1103 3720 1157 Ele-

2074 1183 2279 1253 phanti
2314 1183 2442 1237 istis
2474 1184 2533 1239 in
2564 1184 2712 1239 locis
2745 1190 3074 1241 nascuntur
3103 1187 3366 1259 plurimi,
3393 1189 3475 1244 ita
3522 1196 3586 1245 ut
3625 1207 3719 1246 ar-

2074 1277 2277 1326 menta
2304 1276 2424 1327 tota
2449 1273 2629 1328 simul
2658 1280 2998 1344 pascantur.

2147 1360 2454 1417 Enimvero
2505 1378 2755 1434 magnus
2790 1363 2889 1419 ille
2946 1365 3256 1432 Caesarius,
3290 1367 3545 1437 Gregorii
3603 1370 3724 1423 Ma-

2074 1450 2173 1521 gni
2214 1449 2416 1516 frater,
2472 1450 2837 1507 diversarum
2889 1453 3155 1523 gentium
3210 1471 3406 1510 mores
3458 1462 3516 1510 et
3564 1456 3721 1529 leges

2074 1538 2428 1609 compendio
2460 1556 2769 1606 enarrans,
2812 1542 2898 1596 sic
2928 1542 3042 1596 ait:
3077 1542 3247 1613 Apud
3276 1558 3483 1599 omnes
3513 1552 3720 1617 gentes

2076 1632 2133 1680 et
2162 1625 2383 1698 ubique
2415 1627 2682 1683 locorum
2712 1636 2812 1684 aut
2842 1629 2936 1684 lex
2970 1630 3188 1701 scripta
3217 1637 3307 1685 est
3337 1639 3439 1688 aut
3467 1650 3720 1689 consue-

298 1733 426 1791 τοῖς
487 1713 585 1800 μέν
644 1723 909 1804 ἔγγραφος
975 1725 1146 1799 νόμος
1196 1725 1365 1797 ἐστὶν,
1424 1724 1475 1781 έν
1534 1732 1649 1787 τοῖς
1690 1723 1748 1781 δὲ
1775 1728 1810 1796 ἡ
1842 1748 1956 1782 συν·

2075 1713 2216 1770 tudo
2248 1716 2494 1773 obtinet.
2528 1718 2672 1773 Nam
2712 1734 2747 1772 a
2786 1718 3114 1790 majoribus
3162 1720 3378 1776 tradita
3433 1739 3539 1793 pro
3588 1722 3716 1795 lege

302 1814 494 1885 ἤλεια·
530 1818 613 1890 [Ρ.
646 1819 772 1887 154]
804 1815 973 1889 νόμος
1010 1814 1113 1891 γὰρ
1158 1814 1382 1889 ἀνόμοις
1428 1815 1493 1871 τά
1545 1815 1747 1891 πάτρια
1791 1813 1959 1872 δοκεῖ.

298 1905 395 1958 Ὧν
430 1909 640 1978 πρῶτοι
672 1911 849 1975 Σῆρες
885 1906 1018 1977 (l9),
1044 1904 1107 1959 τὸ
1156 1906 1321 1978 ἀκρον
1363 1911 1466 1973 τῆς
1512 1910 1617 1980 γῆς
1662 1904 1958 1978 οἰκοῦντες,

290 1996 472 2066 νόμον
501 1988 702 2072 ἔχουσι
734 1994 798 2049 τὸ
838 1998 1091 2068 πατρῷον
1124 1989 1267 2057 ἔθος,
1326 1994 1402 2066 μή
1451 1993 1730 2067 πορνεύειν
1761 1994 1795 2063 ἢ
1831 2015 1959 2066 μοι-

284 2083 472 2159 χεύειν
504 2084 540 2151 ἦ
577 2081 828 2138 κλέπτειν
858 2084 892 2153 ἢ
926 2079 1206 2156 λοιδορεῖν
1260 2081 1295 2151 ἢ
1350 2081 1590 2159 φονεύειν
1641 2081 1676 2152 ἢ
1726 2102 1956 2155 κακουρα

296 2176 417 2246 γεῖν
445 2171 510 2226 τὸ
554 2168 800 2229 σύνολον.
852 2171 1042 2244 Νόμος
1103 2168 1160 2226 δὲ
1217 2170 1364 2246 παρά
1420 2176 1774 2245 Βακτριανοῖς
1832 2173 1956 2242 ¹ἤτοι

288 2261 660 2338 Βραχμᾶναις
704 2262 740 2329 ἡ
774 2258 833 2316 ἐκ
863 2260 1151 2333 προγόνων
1181 2256 1399 2315 παιδεία
1450 2259 1539 2315 καὶ
1580 2254 1840 2329 εὐσέϐεια,
1879 2261 1956 2334 μή

290 2354 649 2424 κρεωφαγεῖν
678 2350 713 2418 ἧ
749 2349 1052 2405 οἰνοποτεῖν
1085 2351 1120 2419 ἢ
1164 2347 1443 2426 λαγνεύειν
1475 2350 1511 2417 ἢ
1542 2349 1803 2404 παντοίαν
1860 2370 1957 2404 κα-

299 2440 425 2494 κίαν
456 2436 877 2513 διαπράττεσθαι
908 2436 997 2494 διὰ
1024 2436 1201 2493 πολὺν
1233 2432 1401 2518 φόϐον
1449 2441 1584 2494 Θεοῦ
1610 2438 1701 2493 καὶ
1750 2438 1953 2505 πίστιν,

307 2529 491 2583 καίτοι
523 2549 587 2605 γε
613 2533 723 2583 τῶν
761 2524 1172 2604 παρακειμένων
1232 2526 1414 2589 αὐτοῖς
1471 2524 1655 2584 Ἰνδῶν
1702 2526 1955 2582 τάναντία

298 2615 793 2690 διαπραττομένων
827 2614 1020 2679 ἀδεῶς.
1055 2617 1142 2673 Ἐν
1173 2613 1232 2671 δὲ
1260 2621 1374 2677 νοῖς
1407 2613 1709 2690 ἐνδοτέροις
1769 2615 1952 2690 μέρεσι

290 2706 506 2761 τούτων
565 2700 1122 2781 ἀνθρωποϐοροῦντες
1176 2705 1266 2759 καὶ
1321 2705 1450 2767 τοὺς
1515 2702 1952 2777 ἐπιξενουμένους

294 2795 649 2869 ἀναιροῦντες
690 2794 1081 2866 κατεσθίουσιν,
1140 2792 1214 2856 ὠς
1267 2788 1458 2856 Κάϐες.
1516 2795 1736 2866 Ἕτερος
1782 2792 1952 2867 νόμος

297 2881 605 2944 Χαλδαίοις
643 2883 733 2939 καὶ
767 2879 1152 2946 Βαϐυλωνίοις
1181 2882 1462 2958 ἀσελγείας
1510 2882 1806 2957 ἀνάμεστος
1862 2882 1952 2938 καὶ

300 2972 726 3050 αἰσχρουργίας.
759 2970 970 3035 Ἄλλος
1004 2968 1062 3027 δὲ
1097 2972 1244 3047 παρὰ
1298 2970 1559 3042 Γηλαίοις
1606 2972 1796 3046 νόμος,
1856 2993 1952 3049 γυο

296 3066 482 3122 νεῖκας
510 3066 772 3137 γεωργεῖν
803 3059 892 3117 καὶ
924 3058 1236 3135 οἷ’κοδομεῖν
1287 3060 1378 3115 καὶ
1417 3061 1487 3115 τά
1528 3057 1737 3141 ἀνδρῶν
1782 3063 1955 3135 πράτ-
1979 3080 2022 3149 c

296 3171 431 3219 τειν,
462 3148 731 3206 ἀλλὰκαὶ
775 3149 1054 3223 πορνεύειν
1102 3150 1176 3211 ὡς
1214 3147 1276 3205 ἄν
1330 3149 1663 3223 βούλωνται,
1717 3151 1792 3223 μὴ
1842 3170 1955 3204 κω-

293 3239 571 3314 λυομένοις
602 3238 889 3303 παντελῶς
920 3238 1025 3294 ὑπὸ
1064 3242 1173 3294 τῶι
1228 3235 1434 3314 ἀνδρῶν
1482 3237 1707 3313 αὖτῶν.ξ
1735 3240 1823 3296 Ἐν
1870 3239 1952 3302 αίς

294 3328 611 3405 ὑπάρχουσι
669 3328 761 3384 καὶ
825 3326 1276 3401 πολεμικώταται
1318 3329 1407 3383 καὶ
1456 3329 1701 3404 θηρῶσαι
1747 3329 1813 3383 τά
1873 3332 1949 3403 μὴ

298 3419 423 3474 λίαν
455 3418 795 3494 ἰσχυρότατα
823 3423 931 3474 τῶν
963 3418 1194 3494 θηρίων,
1225 3416 1459 3494 ἄρχουσι
1492 3416 1550 3473 δὲ
1576 3423 1685 3474 τῶν
1736 3419 1950 3475 οἰκείων

292 3506 506 3583 ἀνδρῶν
537 3507 628 3563 καὶ
686 3507 1050 3579 κυριεύουσιν.
1107 3509 1193 3562 Ἐν
1238 3509 1535 3582 Βρεττανίᾳ
1590 3505 1648 3564 δὲ
1706 3509 1953 3565 πλεῖστοι

287 3595 479 3671 ’ἀνδρες
510 3602 621 3668 μιᾷ.
644 3594 1070 3673 συγκαθεύδουσι
1103 3597 1344 3673 γυναικὶ,
1375 3598 1462 3652 καὶ
1497 3595 1707 3653 πολλαὶ
1768 3605 1956 3675 γυναῖ-

291 3704 382 3745 κες
412 3682 493 3737 ἑνὶ
524 3682 880 3757 έταιρίζονται
912 3679 1089 3758 ἀνδρί.
1145 3684 1439 3756 Ἀμαζόνες
1498 3681 1555 3738 δὲ
1601 3681 1799 3758 ἄνδρας
1858 3686 1957 3740 οὐκ

286 3770 537 3847 ἔχουσιν,
572 3768 702 3826 ἀλλ’
731 3771 807 3833 ὡς
838 3771 905 3826 τὰ
936 3769 1109 3844 ἄλογα
1144 3776 1255 3840 ζῶα
1287 3766 1421 3841 ἅπαξ
1482 3777 1580 3827 τοῦ
1626 3770 1782 3836 ἓτους
1831 3794 1954 3851 περὶ

293 3865 396 3933 τήν
426 3861 653 3935 ἐαρινὴν
708 3861 999 3938 ἰσημερίαν
1055 3862 1334 3936 ύπερόριοι
1391 3863 1654 3937 γίνονται,
1711 3868 1801 3921 καὶ
1863 3889 1954 3940 μι-

289 3952 557 4026 γνύμεναι
587 3955 707 4012 τοῖς
736 3955 1044 4027 γειτνιῶσιν
1078 3947 1331 4026 ἀνδράσιν
1387 3951 1463 4016 ὡς
1500 3955 1797 4030 πανήγυρίν
1834 3978 1957 4013 τινα

288 4040 378 4094 καί
416 4039 669 4117 μεγάλην
701 4040 894 4114 ἑορτήν
920 4040 1013 4095 τὸν
1071 4040 1262 4115 καιρὸν
1316 4038 1519 4096 ἐκεῖνον
1567 4044 1854 4118 ἡγοῦνται·
1904 4045 1953 4116 ἐξ

290 4131 363 4183 ὧν
411 4130 506 4183 καὶ
558 4127 697 4184 κατὰ
751 4129 982 4204 γαστρὸς
1044 4123 1421 4183 συλλαϐοῦσαι
1479 4128 1953 4206 παλινδρομοῢσιν

291 4216 477 4273 οἶκαδε
508 4222 699 4275 πᾶσαι.
734 4218 830 4290 Τῷ
862 4213 921 4272 δὲ
947 4222 1127 4290 καιρῷ
1194 4223 1294 4287 τῆς
1336 4217 1693 4289 ἀποκυήσεως
1741 4221 1803 4275 τὸ
1860 4223 1955 4295 μὲν

292 4306 453 4382 ἀρῥεν
511 4306 816 4381 φθείρουσι,
857 4306 919 4361 τὸ
981 4302 1037 4361 δὲ
1077 4303 1219 4375 θῆλυ
1278 4312 1613 4384 ζιυογονοῦσι
1668 4310 1759 4364 καί
1806 4323 1959 4382 τιθη-

288 4399 475 4449 νοῦσιν
509 4392 792 4467 ἐπιμελῶς
822 4395 909 4449 καὶ
943 4394 1306 4473 ἐκτρέφουσιν,

2072 1812 2386 1869 habentur.
2420 1814 2600 1870 Primi
2632 1816 2823 1884 Seres,
2855 1817 2953 1886 qui
2997 1822 3327 1872 extremum
3360 1819 3455 1875 27
3463 1820 3514 1874 0
3544 1824 3717 1876 terra:

2071 1902 2362 1969 habitant,
2387 1920 2492 1974 pro
2514 1905 2636 1976 lege
2664 1904 3388 1962 habentconsuetudinem
3414 1924 3450 1962 a
3477 1909 3718 1980 majori-

2070 1990 2179 2049 bus
2210 1991 2283 2047 ab
2315 2009 2377 2047 se
2417 2000 2822 2066 propagatam,
2852 2000 2917 2048 ut
2939 1995 3101 2049 omni
3143 2002 3367 2066 stupro,
3400 1995 3714 2065 adulterio,

2067 2080 2548 2150 furto,convicio,
2577 2083 2735 2137 caede
2759 2100 2826 2138 ac
2846 2083 3139 2139 maleficio
3166 2085 3527 2142 abstineant.
3546 2087 3715 2159 Apud

2067 2169 2409 2225 Bactrianos
2459 2187 2565 2226 seu
2596 2172 2993 2227 Brachmanas
3038 2173 3129 2227 lex
3162 2178 3272 2239 est,
3305 2174 3602 2230 institutio
3661 2182 3721 2232 et

2067 2259 2257 2329 pietas
2286 2275 2321 2313 a
2359 2259 2687 2331 majoribus
2735 2266 2997 2332 accepta,
3046 2261 3205 2332 quod
3250 2279 3445 2334 neque
3475 2281 3714 2320 carnem

2067 2348 2251 2402 edunt
2280 2365 2472 2420 neque
2516 2350 2717 2404 vinum
2749 2349 2980 2417 bibunt,
3030 2356 3088 2405 et
3119 2351 3277 2421 quod
3310 2352 3384 2407 ob
3443 2353 3624 2408 fidem
3658 2360 3717 2409 et

2067 2442 2291 2491 metum
2324 2438 2427 2492 Dei
2476 2444 2848 2493 constantem
2882 2454 3121 2493 omnem
3174 2439 3477 2496 lasciviam
3534 2448 3712 2513 atque

2065 2525 2711 2595 tlagitiumvitant,cum
2738 2525 2979 2596 quidem
3006 2526 3179 2582 vicini
3214 2528 3343 2582 Indi
3361 2529 3527 2584 nullo
3546 2537 3711 2585 metu

2064 2615 2421 2669 contrariam
2446 2614 2577 2669 vitm
2609 2616 2900 2670 rationem
2930 2620 3194 2684 teneant,
3226 2622 3285 2671 et
3312 2616 3375 2671 in
3406 2618 3710 2674 interiori-

2062 2701 2172 2758 bus
2202 2703 2545 2775 regionibus
2568 2703 2846 2759 carnibus
2873 2704 3149 2759 humanis
3168 2712 3483 2762 vescantur
3511 2707 3707 2780 hospi-

2063 2796 2272 2862 tesque
2288 2792 2592 2864 jugulatos
2622 2792 2927 2861 devorent,
2957 2793 3136 2847 veluti
3158 2793 3366 2849 Cobes.
3408 2794 3714 2852 Chaldaeo-

2062 2894 2197 2935 rum
2231 2885 2289 2935 et
2310 2880 2767 2951 Babyloniorum
2800 2882 2959 2954 leges
2987 2880 3180 2953 plena»
3220 2888 3359 2938 sunt
3396 2884 3712 2956 impudici.

2063 2969 2161 3025 tia;
2192 2975 2369 3040 atque
2398 2969 3070 3043 turpitudinis.Agela:is
3100 2970 3194 3027 lex
3227 2977 3317 3027 est
3337 2977 3403 3027 ut
3431 2973 3716 3031 mulieres

2063 3063 2285 3114 terram
2312 3058 2513 3114 colant
2541 3063 2719 3130 atque
2748 3059 3065 3128 aediﬁcent,
3098 3065 3157 3114 et
3187 3075 3257 3115 ea
3287 3078 3418 3133 quae
3449 3063 3712 3119 virorum

2062 3154 2203 3202 sunt
2232 3151 2458 3217 regant,
2496 3162 2563 3202 ac
2607 3163 2713 3203 sua
2744 3147 2991 3202 libidine
3039 3148 3191 3203 nihil
3248 3149 3711 3221 impedientibus

2055 3236 2286 3291 maritis
2326 3237 2661 3291 scortentu'r
2690 3254 2702 3291 :
2737 3240 2878 3292 sunt
2924 3236 3081 3291 inter
3110 3253 3209 3292 eas
3249 3238 3428 3293 etiam
3462 3238 3706 3297 bellico-

2057 3325 2330 3394 sissimaa,
2354 3330 2412 3380 et
2432 3341 2546 3396 que
2578 3325 2753 3390 feras,
2787 3325 2899 3380 nisi
2923 3343 3055 3397 qua)
3083 3331 3219 3382 sunt
3234 3325 3704 3401 {robustissima},

2056 3421 2383 3470 venentur:
2416 3415 2714 3487 imperant
2756 3421 2956 3471 autem
3002 3417 3124 3471 suis
3173 3418 3420 3474 maritis.
3472 3420 3539 3475 In
3576 3421 3703 3476 Bri-

2056 3507 2265 3563 tannia
2285 3507 2691 3579 compluribus
2713 3508 2852 3564 viris
2864 3525 2985 3565 una
3001 3514 3090 3564 est
3105 3512 3441 3567 communis
3464 3513 3703 3582 mulier,

2057 3596 2379 3667 multasque
2402 3596 2684 3651 mulieres
2707 3598 2810 3651 uni
2835 3596 2957 3651 viro
2980 3597 3351 3668 copulantur.
3376 3603 3704 3657 Amazones

2058 3689 2257 3739 autem
2298 3684 2541 3739 maritos
2588 3684 2786 3740 nullos
2818 3684 3057 3754 habent,
3114 3686 3217 3741 sed
3268 3687 3577 3745 brutorum
3638 3692 3699 3745 in

2058 3797 2285 3837 morem
2318 3782 2503 3837 semel
2533 3783 2854 3852 quotannis
2878 3787 3042 3838 extra
3065 3801 3206 3841 suos
3238 3786 3385 3841 fines
3425 3788 3703 3858 profecta:

2059 3887 2193 3925 cum
2228 3870 2436 3927 vicinis
2466 3870 2732 3926 maribus
2780 3871 3201 3942 concumbunt,
3252 3873 3311 3927 id
3343 3880 3578 3946 tempus
3609 3893 3706 3931 so-

2059 3959 2259 4014 lemne
2293 3976 2359 4015 ao
2390 3958 2666 4015 festivum
2696 3960 2991 4031 agitantes
3020 3976 3032 4014 :
3069 3966 3127 4014 et
3156 3967 3470 4033 postquam
3491 3980 3701 4020 conce-

2060 4054 2512 4122 perunt,omnes
2535 4049 2779 4105 domum
2806 4049 3075 4105 redeunt.
3104 4050 3209 4107 Ubi
3230 4051 3493 4123 pariunt,
3512 4066 3706 4110 mares

2059 4137 2336 4211 perdunt,
2369 4138 2640 4194 femellas
2661 4138 2883 4194 tollunt
2902 4144 3292 4211 accurateque
3312 4141 3483 4196 alunt
3502 4146 3559 4197 et
3571 4143 3707 4197 edu-

2060 4242 2167 4281 can
2178 4232 2217 4282 t.

365 4485 426 4541 '0
462 4454 651 4557 μέντδι
686 4504 748 4559 γε
780 4454 1138 4571 Ἀλέξανδρος
1174 4483 1307 4556 μετά
1359 4486 1459 4554 τὴν
1521 4485 1627 4541 ἀπὸ
1681 4488 1949 4564 Βραχμᾶ-

2133 4494 2423 4549 Cmterum
2453 4492 2813 4559 Alexander,
2856 4509 2890 4548 a
2920 4494 3391 4552 Brachmanibus
3413 4514 3705 4571 reversus,

292 4596 399 4626 νων
433 4572 790 4649 ὑποστροφὴν
821 4566 1148 4627 καταλαϐὼν
1186 4573 1286 4641 τήν
1318 4571 1597 4648 Αἴγυπτον
1649 4577 1819 4645 κτίζει
1849 4579 1947 4647 τὴν

294 4659 549 4735 μεγάλην
580 4657 991 4733 Ἀλεξάνδρειαν
1042 4660 1117 4723 είς
1173 4659 1317 4716 ’ὶδιον
1363 4661 1559 4736 ὄνομα,
1608 4662 1781 4720 πάλαι
1831 4667 1948 4722 Ῥαο

290 4750 495 4822 κᾶστην
526 4749 861 4827 λεγομένην.
899 4750 997 4814 Ἡς
1044 4749 1349 4824 ἐπεθύμησε
1409 4754 1507 4822 τήν
1563 4750 1768 4827 λίμνην
1827 4758 1950 4818 θεά-

290 4850 487 4903 σασθαι
519 4836 609 4892 διά
639 4838 708 4892 τά
735 4836 788 4893 έν
835 4839 977 4913 αὐτῇ
1038 4838 1399 4912 μυθευόμενα.
1455 4839 1647 4897 Πολλὰ
1703 4844 1799 4911 μὶν
1857 4845 1951 4899 οὗν

284 4929 483 5002 τέρατα
507 4927 597 4981 καὶ
626 4926 879 5000 ὀνείρατα
924 4927 1353 5002 παρεκρούσατο,
1402 4936 1501 4998 τῆς
1534 4950 1591 4984 τε
1637 4935 1744 4985 τῶν
1800 4931 1947 4990 Χαλ-

284 5014 451 5071 δαίων
482 5016 741 5091 γνώσεως
770 5015 1160 5090 κατεφρόνησε,
1193 5016 1280 5071 καὶ
1349 5017 1440 5071 σὺν
1493 5016 1710 5095 ὀλίγαις
1765 5022 1949 5075 ναυσὶν

285 5106 374 5161 ἐπὶ
408 5106 509 5175 τήν
536 5105 835 5178 εἰρημένην
871 5102 1077 5178 λίμνην
1107 5100 1297 5169 διαϐὰς
1337 5108 1398 5160 τό
1449 5127 1507 5160 τε
1550 5114 1651 5177 τῆς
1703 5108 1948 5187 κεφαλῆς

2059 4583 2301 4654 Egypto
2334 4587 2638 4652 occupata,
2673 4581 2819 4638 271
2868 4581 3286 4639 Alexandriam
3332 4584 3404 4640 de
3449 4603 3556 4641 suo
3600 4605 3711 4643 no—

2062 4671 2222 4726 mine
2253 4670 2539 4734 condidit,
2558 4669 2887 4741 antiquitus
2918 4673 3223 4727 Racastam
3245 4671 3484 4730 dictam.
3507 4677 3707 4747 'Cujus

2059 4759 2336 4832 paludem
2369 4759 2567 4814 videre
2599 4759 2876 4830 cupiebat
2904 4760 2978 4814 ob
3009 4776 3078 4815 eo
3101 4778 3232 4832 quae
3254 4762 3325 4815 de
3351 4778 3419 4817 ea
3440 4763 3704 4821 fabulose

2051 4848 2452 4920 jactabantur.
2498 4848 2698 4918 Itaque
2733 4848 2938 4903 multis
2991 4849 3239 4904 ostentis
3302 4855 3358 4903 et
3389 4851 3702 4908 insomniis

2059 4938 2433 5009 contemptis.
2470 4944 2667 5009 spreta
2692 4938 2871 4993 etiam
2885 4936 3292 4993 Chaldmorum
3317 4938 3701 5012 divinatione,

2057 5042 2193 5080 cum
2226 5027 2428 5097 paucis
2459 5025 2705 5081 navibus
2737 5025 3018 5097 paludem
3041 5042 3171 5080 eam
3199 5027 3463 5081 accessit.
3490 5027 3572 5083 lbi
3592 5029 3702 5085 im-

2056 5114 2159 5169 bre
2191 5132 2258 5170 ac
2288 5115 2525 5170 turbine
2547 5115 2742 5170 subito
2756 5120 2978 5183 exorto,
2997 5115 3216 5169 amisso
3248 5115 3459 5186 capitis
3503 5116 3707 5173 diade-

1492 5234 1850 5292 XYLANDRI
1892 5240 1977 5292 ΕΤ
2024 5241 2241 5296 GOARI
2281 5243 2500 5297 NOTzE.

364 5366 477 5431 (t9)
511 5363 575 5417 lli
608 5360 707 5414 ubi
744 5359 965 5431 fuerint
997 5364 1055 5413 et
1076 5358 1304 5431 quales,
1337 5359 1946 5431 disputabimusalibi.

284 5439 353 5491 In
390 5428 657 5503 margine
690 5439 817 5487 erat
849 5447 861 5484 :
893 5428 1008 5485 υύκ
1065 5428 1189 5503 οἴδα
1245 5431 1387 5492 τίνες
1434 5428 1569 5503 εἰσί.
1631 5434 1949 5502 Θαυμαστὸν

292 5504 349 5561 δέ
384 5504 429 5558 εῗ
485 5500 628 5565 τῖνές
686 5522 794 5557 που
849 5500 1097 5555 τοιοῦτοί
1149 5501 1304 5556 εἰσιν.
1362 5502 1512 5568 Quid
1569 5500 1767 5560 autem
1830 5507 1951 5560 siut

293 5577 480 5634 Cabes
510 5580 541 5631 9
577 5574 802 5641 nescio,
849 5573 963 5628 nisi
1018 5574 1065 5627 si
1112 5572 1262 5629 forte
1321 5589 1539 5629 nomen
1591 5581 1680 5631 est
1734 5576 1949 5631 Indicae

2059 5366 2251 5489 sentis
2303 5366 2705 5420 lmminivora'.
2766 5366 2967 5489 NecLue
3016 5366 3277 5437 Agelmos
3330 5375 3570 5444 proprio
3624 5381 3708 5435 sic

2105 5436 2218 5489 icto
2258 5440 2500 5489 nomine
2548 5438 2701 5489 novi.
2756 5440 2819 5489 Et
2917 5436 3140 5489 istoria.
3189 5439 3363 5489 docet.
3400 5452 3540 5489 ηηιρ
3582 5450 3706 5489 Imm

2105 5436 2218 5508 icto
2258 5440 2500 5492 nomine
2548 5438 2701 5492 novi.
2756 5440 2819 5490 Et
2874 5436 3140 5500 historia,
3189 5436 3363 5496 docet
3400 5436 3540 5502 ante
3581 5450 3706 5508 haec

2058 5506 2234 5631 ἴθι.ὺο
2404 5512 2528 5575 2η,
2563 5528 2611 5563 γ,
2662 5512 2717 5575 2,
2772 5509 2932 5576 cujus
2988 5508 3247 5575 paludem
3301 5514 3529 5587 aliquid
3571 5506 3703 5576 exi;

2109 5594 2244 5632 isse.
2330 5595 2416 5632 γι.

2109 5594 2244 5633 [558.
2278 5594 2416 5633 ᾹΥΙι.
