4188 6196
474 291 586 358 301

1837 265 2164 343 GEORGII
2207 269 2557 343 CEDRENI

3765 273 3894 342 308

476 441 656 504 mete,
690 441 842 500 aegre
872 428 934 482 in
965 429 1186 482 terram
1219 415 1431 476 enavit.
1481 417 1808 489 Statimque
1835 431 1871 504 a
1892 413 2128 504 Casam-

2246 409 2488 504 διάδημα
2515 409 2810 504 ἀπέϐαλεν,
2842 408 3057 487 ὄμϐρου
3088 411 3179 468 καὶ
3210 409 3484 504 λαίλαπος
3525 407 3898 504 καταρραγέντ

477 525 584 581 dro
615 503 763 579 duce
796 515 1088 573 exercitus
1121 512 1209 566 sui
1249 523 1479 563 veneno
1513 505 1772 562 exhibito
1817 503 2123 560 doloribus

479 609 737 670 laniatus
786 619 894 662 est.
948 603 1032 658 lla
1089 595 1426 655 Alexander
1475 601 1560 652 tot
1609 597 1788 651 rebus
1840 593 2124 667 prmclare

479 701 658 777 gestis
710 701 980 752 martuus
1010 692 1120 753 est,
1153 701 1287 744 cum
1341 685 1650 756 regnasset
1681 697 1870 740 annos
1901 676 2124 738 duode-

479 771 594 847 cim
625 792 682 843 et
713 801 814 840 sex
837 795 1094 846 menses,
1119 777 1376 832 vixisset.
1392 778 1590 832 autem
1624 771 1861 847 triginta
1881 772 2050 828 duos.

554 1041 982 1121 Hierosolymis
1033 1040 1332 1118 quondam
1380 1042 1440 1096 in
1473 1039 1775 1096 Persidem
1828 1038 2126 1112 profectus

485 1145 774 1219 quosdam
822 1138 1054 1195 Judaeos
1099 1133 1160 1190 in
1217 1133 1542 1188 exercitum
1590 1131 1936 1187 adsciverat.
1997 1129 2128 1186 Fuit

480 1217 636 1290 inter
667 1233 774 1287 hos
794 1223 1320 1300 praestantissimus
1347 1219 1778 1286 Mosomachus,
1812 1217 2126 1288 etingenio

483 1325 706 1396 optimo
729 1319 1012 1392 prmditus
1052 1321 1109 1369 et
1141 1313 1352 1386 sagitta
1384 1325 1628 1382 scopum
1663 1307 1940 1382 tangendi
1973 1309 2130 1380 peri-

481 1412 770 1467 tissimus.
831 1409 882 1464 ls
935 1421 1071 1461 cum
1129 1397 1487 1472 Babylonem
1539 1398 1726 1454 iretur
1773 1405 1832 1454 et
1889 1397 2128 1470 quidam

485 1500 706 1556 ariolus
737 1495 1000 1568 auspicio
1023 1511 1127 1549 suo
1161 1491 1482 1546 exercitum
1505 1495 1857 1553 moraretur,
1893 1499 2132 1543 causam

488 1607 594 1646 cur
622 1583 987 1644 substitisset
1015 1577 1272 1656 pOpulus
1303 1581 1572 1646 scitatus,
1603 1595 1738 1634 cum
1779 1593 2000 1648 auspex
2029 1592 2132 1632 ave

488 1679 818 1734 monstrata
885 1668 1154 1738 dixisset,
1213 1671 1262 1726 si
1339 1686 1408 1724 ea
1464 1665 1788 1724 immobilis
1843 1669 2132 1736 maneret,

2236 521 2329 564 τος
2359 501 2595 571 πολλοῦ,
2626 503 2718 560 καί
2754 503 2919 579 μόλις
2969 501 3060 558 έπὶ
3115 502 3216 572 τήν
3273 505 3376 576 γῆν
3433 498 3728 572 διενήξατο.
3790 499 3894 558 Καὶ

2240 599 2584 672 παραχρῆμα
2643 593 2746 650 ί»πό
2807 589 3124 664 Κασάνδρου
3202 595 3300 646 τοῦ
3379 587 3519 646 ἰδίου
3587 595 3896 666 στρατηγοῦ

2240 678 2526 759 φάρμακον
2561 679 2850 755 δεξάμενος
2880 681 3226 758 έσπαράχθη.
3280 679 3386 736 Καὶ
3429 681 3454 734 6
3491 679 3588 752 μὲν
3636 679 3724 736 ἐπὶ
3770 697 3898 735 τοσ-

2242 769 2424 833 ούτοις
2475 773 2863 848 κατορθώμασι
2913 769 3005 827 τόν
3073 771 3192 847 βίον
3257 767 3587 844 μετήλλαξε,
3631 767 3751 824 δυσί
3807 768 3897 824 καὶ

2242 856 2369 914 δέκα
2401 861 2624 936 χρόνοις
2656 861 2791 936 πρὸς
2819 859 2983 935 μησὶν
3037 857 3088 930 ἓξ
3146 867 3248 930 τῆς
3307 858 3490 938 ἀρχῆς
3548 857 3896 929 ἀπολαύσας,

2245 950 2448 1024 βιώσας
2481 949 2538 1006 δὲ
2565 949 2631 1006 τὰ
2660 952 2836 1008 πάντα
2865 945 2958 1020 ἔτη
2996 947 3092 1005 δύο
3118 951 3206 1006 καὶ
3237 949 3560 1025 τριάκοντα.

2315 1039 2721 1116 Ἀνερχόμενος
2757 1036 2814 1095 δέ
2867 1056 3001 1096 ποτε
3056 1039 3164 1094 ἀπὸ
3202 1036 3573 1113 Ἰερουσαλὴμ
3627 1037 3701 1100 είς
3759 1043 3901 1114 Περ-

2244 1125 2367 1183 σίδα
2400 1123 2561 1184 ἔλαϐέ
2591 1147 2742 1191 τινας
2769 1131 2876 1184 τῶν
2937 1125 3213 1186 Ἰουδαίων
3269 1127 3404 1203 πρὸς
3456 1125 3796 1201 συμμαχίαν,
3845 1124 3899 1182 ἐν

2245 1218 2330 1281 οἷς
2371 1219 2436 1287 ἦν
2481 1235 2564 1280 τις
2596 1215 2898 1296 ὑπερέχων,
2932 1217 3158 1291 ὀνόματι
3205 1216 3570 1292 Μοσόμαχος,
3627 1215 3762 1270 κατὰ
3793 1216 3900 1291 ψυ-

2245 1308 2358 1382 χὴν
2389 1307 2483 1380 μὲν
2517 1305 2758 1384 ἄριστος,
2787 1308 3016 1378 τοξότης
3049 1304 3106 1362 δὲ
3164 1310 3248 1380 [Ρ.
3288 1308 3410 1380 155]
3459 1305 3900 1385 εὖστοχώτατος⁶

2247 1395 2305 1457 ὅς
2332 1393 2580 1452 διιόντων
2638 1393 2736 1466 τήν
2799 1391 2888 1452 ἐπὶ
2948 1391 3251 1454 Βαϐυλῶνα
3313 1393 3458 1462 ὁδὸν,
3512 1395 3601 1450 καὶ
3659 1394 3901 1469 μάντεώς

2244 1503 2392 1550 τινος
2421 1487 2833 1563 ὀρνιθευομένου
2873 1485 2964 1544 καί
3023 1489 3228 1552 πάντας
3278 1485 3597 1567 ἐπέχοντος,
3646 1487 3905 1561 ἠρώτησε

2245 1578 2344 1647 τὴν
2376 1575 2550 1633 αἰτίαν
2581 1585 2680 1648 τῆς
2733 1586 3066 1654 παραμονῆς
3121 1578 3220 1634 τοῦ
3282 1574 3438 1635 λαοῦ.
3498 1575 3600 1632 Καὶ
3643 1578 3670 1631 6
3728 1577 3908 1651 όρνεο-

2249 1665 2450 1730 σκόπος
2483 1663 2798 1730 ὑποδεικνὺς
2828 1667 2919 1722 τὸν
2961 1662 3112 1741 ὄρνιν
3170 1663 3296 1745 ἔφη·
3355 1667 3457 1724 "Av
3518 1664 3611 1738 μὲν
3667 1663 3900 1720 ἀσάλευο

487 1769 713 1826 bonum
764 1761 1055 1821 universis
1111 1759 1386 1833 portendi
1436 1764 1501 1814 ut
1550 1755 1629 1813 ibi
1681 1763 1979 1824 maneant,
2040 1756 2129 1810 sin

2246 1775 2336 1820 τος
2366 1755 2525 1831 μένῃ,
2587 1755 2910 1830 προσμένειν
2967 1753 3241 1832 συμφέρον
3299 1756 3482 1821 πᾶσιν,
3543 1753 3604 1808 ἃν
3667 1750 3712 1808 δ’
3773 1753 3900 1808 ἀνα-

488 1874 663 1931 porro
707 1855 949 1916 volaret,
1007 1849 1471 1922 procedendum,
1529 1847 1620 1902 sin
1679 1851 1836 1902 retro
1889 1845 2134 1914 volaret,

489 1943 887 2002 recedendum
912 1935 1055 2014 ipsis
1071 1957 1222 2010 esse,
1255 1937 1349 1993 his
1371 1936 1589 1992 auditis
1613 1937 1764 1992 clam
1787 1936 1962 1992 ducto
1994 1949 2135 1991 arcu

489 2052 652 2092 avem
681 2033 916 2105 dejecit.
950 2029 1117 2096 Quod
1146 2043 1281 2083 cum
1314 2033 1372 2081 et
1420 2021 1642 2081 ariolus
1677 2031 1734 2080 et
1776 2026 1990 2096 reliqui
2023 2025 2136 2079 isto

491 2139 689 2180 errore
721 2121 874 2193 capti
925 2136 1075 2191 aegre
1131 2115 1375 2182 ferrent,
1423 2121 1660 2186 arrepta
1731 2113 2140 2170 Mosomachus

493 2213 646 2270 212
696 2226 821 2275 ave,
871 2203 1021 2274 Quid
1078 2205 1295 2276 inquit,
1349 2200 1640 2268 infelices,
1697 2219 1792 2258 me
1842 2201 2141 2274 culpatis?

491 2305 758 2369 Quonam
793 2297 968 2354 modo
999 2297 1119 2352 avis
1151 2311 1224 2350 ne
1269 2309 1437 2350 suam
1487 2291 1729 2364 quidem
1770 2287 1956 2364 ipsius
1989 2287 2142 2348 salu-

495 2398 613 2447 tem
643 2388 976 2462 prcevidens
1007 2383 1174 2441 vobis
1205 2381 1584 2438 commodum
1618 2385 1878 2437 vestrum
1915 2381 2142 2437 denun-

495 2474 744 2535 tiasset?
775 2493 904 2549 qua:
934 2475 1135 2530 futura
1155 2487 1453 2545 praenosse
1487 2470 1790 2542 quivisset,
1832 2483 2140 2542 nunquam

491 2567 754 2642 profecto
801 2561 916 2622 huc
947 2563 1225 2620 venisset.
1261 2557 1378 2616 Hoc
1409 2555 1564 2616 dicto
1587 2569 1868 2632 magnum
1929 2561 2002 2616 iis
2032 2575 2141 2632 pu-

493 2655 696 2714 dorem
725 2651 996 2712 incussit.

563 2832 782 2888 Verum
807 2827 1146 2888 AleXander
1177 2825 1444 2884 inﬁnitas
1485 2823 1632 2912 alias
1662 2825 1942 2883 victorias
1979 2843 2141 2884 com-

494 2925 829 2979 memorata
859 2915 1136 2974 difﬁciles
1165 2921 1224 2972 et
1252 2916 1457 2987 quavis
1487 2913 1756 2971 oratione
1806 2913 2142 2988 superiores

491 3007 720 3068 retulit.
751 3013 956 3080 Itaque
990 3019 1127 3062 eum
1161 3011 1317 3061 vates
1364 3011 1604 3062 sanctus
1647 2997 1918 3076 praevidit
1947 3007 2140 3077 specie

2243 1843 2368 1906 στὰς
2401 1841 2478 1908 εἷς
2545 1838 2924 1920 τοῦμπροσθεν
2981 1845 3228 1914 πέταται,
3283 1843 3564 1920 προάγειν,
3624 1842 3670 1897 εί
3698 1839 3746 1898 δ’
3776 1839 3904 1897 ὄπι-

2243 1935 2383 2001 σθεν,
2443 1929 2751 2010 ἀναχωρεῖν
2809 1932 2982 1998 αὖθις.
3046 1930 3143 1987 Καὶ
3200 1936 3366 1988 ταῦτα
3438 1931 3671 1994 ἀκούσας
3728 1931 3905 1986 M066-

2249 2043 2428 2098 μαχος
2458 2023 2604 2098 παρὰ
2633 2027 2730 2078 τοῦ
2763 2021 3022 2096 μάντεως,
3089 2023 3180 2078 καί
3230 2019 3404 2098 λάθρα
3447 2021 3602 2093 τόξον
3647 2019 3901 2091 έλκόσας,

2249 2110 2445 2186 βάλλει
2473 2110 2564 2166 τὸν
2595 2110 2761 2187 δρνιν.
2797 2111 2911 2188 Ἐφ’
2951 2111 3036 2173 οἷς
3091 2113 3188 2165 τοῦ
3246 2111 3488 2184 μάντεως
3547 2107 3899 2188 χαλεπήναν-

2245 2219 2338 2263 τος
2368 2199 2460 2255 καὶ
2491 2201 2704 2256 πάντων
2732 2205 2840 2256 τῶν
2869 2201 2940 2272 τῇ
2970 2199 3146 2274 πλάνῃ
3211 2196 3660 2273 δεδουλωμένων,
3717 2192 3907 2254 λαϐὼν

2251 2288 2328 2352 είς
2359 2295 2548 2366 χεῖρας
2591 2291 2681 2346 τὸν
2715 2285 2862 2364 ὄρνιν
2909 2289 3250 2364 Μοσόμαχος
3309 2283 3434 2366 ἔφη’
3487 2287 3552 2345 Τί
3608 2308 3702 2360 μοι
3761 2289 3907 2362 μέμ-

2256 2382 2432 2458 φεσθε,
2463 2372 2902 2453 κακοδαίμονες;
2936 2383 3058 2442 Πῶς
3113 2379 3216 2454 γὰρ
3271 2377 3450 2442 οὗτος,
3505 2377 3580 2452 μή
3629 2377 3728 2446 τὴν
3771 2377 3911 2432 ἒαυ-

2247 2471 2344 2524 τοῦ
2376 2469 2646 2544 σωτηρίαν
2706 2463 3120 2547 προγινώσκων,
3178 2469 3239 2523 τὸ
3297 2465 3565 2542 ἡμέτερον
3626 2465 3900 2544 συμφέρον

2251 2553 2716 2635 προανηγγειλεν;
2751 2555 2946 2633 Είγὰρ
3004 2554 3236 2626 ἠδύνατο
3293 2554 3596 2634 προειδέναι
3652 2553 3715 2610 τὸ
3774 2552 3909 2628 μὲλ-

2251 2641 2372 2718 λον,
2405 2646 2505 2704 οὐκ
2533 2644 2592 2702 ἄν
2623 2645 2700 2710 εἷς
2757 2647 2848 2702 τὸν
2905 2643 3072 2702 τόπον
3117 2649 3310 2701 τοῦτον
3366 2645 3528 2715 ἦλθε.
3581 2643 3686 2701 Καὶ
3733 2647 3905 2700 ταῦτα

2251 2733 2499 2798 εἰπόντος
2530 2735 2694 2792 αὐτοῦ
2723 2733 3181 2812 κατῃσχύνθησαν
3213 2733 3441 2816 σφόδρα.

2321 2821 2512 2880 Πολλὰ
2547 2818 2640 2898 μὲν
2671 2825 2762 2880 οὗν
2792 2823 2882 2880 καὶ
2913 2822 3060 2880 ἄλλα
3093 2822 3258 2898 μυρία
3285 2823 3520 2900 τρόπαια
3571 2821 3658 2878 καὶ
3718 2819 3906 2878 δυσδι-

2250 2911 2434 2990 ηγητα
2463 2909 2552 2968 καί
2611 2909 2779 2991 λόγον
2839 2907 3228 2984 ὑπερϐαίνοντα
3289 2912 3598 2990 εἶργασατο.
3654 2912 3760 2968 Καὶ
3813 2909 3902 2967 διὰ

2249 3005 2412 3057 τοῦτο
2460 3004 2670 3074 πτηνήν
2729 2999 3003 3080 πάρδαλιν
3034 3001 3062 3057 ὁ
3117 3003 3410 3082 προφήτης
3445 2999 3604 3056 αὐτὸν
3659 2995 3904 3076 προελέ-

491 3100 742 3158 volantis
789 3093 1073 3172 pardalis,
1111 3093 1488 3151 celeritatem
1536 3093 1818 3150 nimirum
1865 3110 1933 3150 ac
1984 3093 2129 3150 velut

2254 3105 2364 3162 πει,
2395 3091 2458 3146 τὸ
2485 3090 2629 3170 ταχὺ
2658 3093 2746 3145 καί
2780 3088 3018 3172 σφοδρὸν
3051 3088 3143 3146 καὶ
3186 3087 3432 3166 πορῶδες
3486 3089 3579 3144 καὶ
3638 3090 3702 3144 τὸ
3749 3088 3903 3166 ἄφνω

494 3193 730 3266 igneam
758 3185 1193 3245 vehementiam
1225 3184 1606 3257 praesagiens,
1641 3195 1760 3255 qua
1799 3183 1850 3238 is
1893 3189 2020 3266 erat
2049 3199 2142 3240 su-

491 3265 615 3338 bito
641 3278 921 3336 mundrm
949 3273 1210 3331 victoriis
1237 3279 1295 3328 et
1317 3273 1555 3344 tropaeis
1585 3271 1708 3327 suis
1733 3265 2140 3344 pervolaturtls

493 3367 656 3426 Idem
685 3365 1022 3423 Alexander
1045 3379 1180 3419 cum
1213 3359 1284 3416 de
1305 3360 1559 3432 quodam
1589 3355 1946 3432 philosopho
1979 3355 2140 3417 audi-

492 3458 673 3514 visset
704 3451 955 3511 mundos
979 3469 1108 3508 esse
1135 3445 1426 3516 inﬁnitos,
1465 3444 1581 3505 alte
1605 3443 1780 3506 ducto
1803 3445 2046 3523 gemitu,
2071 3450 2141 3508 Et

491 3563 618 3618 ego,
653 3546 757 3613 ait,
778 3559 853 3600 ne
875 3559 1059 3598 unum
1091 3539 1331 3612 quidem
1361 3539 1553 3595 adhuc
1567 3534 1770 3613 subegi
1797 3537 1808 3594 ί
1840 3539 2001 3596 Adeo
2019 3557 2138 3598 ma-

489 3635 806 3710 gnanimus
838 3637 965 3688 erat
1012 3635 1188 3702 atque
1239 3633 1617 3701 temperans:
1668 3633 1794 3684 erat
1840 3623 2000 3685 enim
2059 3629 2131 3686 ab

486 3721 806 3782 Aristotele
831 3721 994 3778 omni
1027 3716 1296 3775 doctrina
1343 3715 1720 3775 informatus.
1765 3714 1888 3774 Non
1920 3717 2138 3776 desunt

487 3813 587 3887 qui
623 3823 752 3869 eum
783 3811 956 3868 Dario
988 3809 1139 3866 victo
1169 3807 1232 3864 in
1265 3803 1528 3864 deterius
1560 3814 1819 3864 mutasse
1867 3809 2134 3866 animum

483 3919 550 3960 ac
611 3917 674 3959 se
725 3899 1126 3974 voluritatibus
1181 3898 1448 3970 corporis
1505 3895 1738 3952 dedisse
1795 3897 2132 3954 al‘firment:

485 3991 708 4048 etenim
745 3989 846 4063 qui
893 3987 1037 4044 olim
1088 3985 1245 4044 Darii
1304 3981 1458 4044 filias
1508 4003 1584 4042 ne
1642 3985 1840 4043 videre
1892 3986 2133 4058 quidem

483 4081 888 4150 sustinuisset,
941 4077 993 4134 is
1053 4084 1112 4133 et
1169 4075 1406 4132 Persico
1458 4075 1679 4132 amictu
1738 4079 1940 4148 postea
1988 4091 2132 4133 usus

483 4167 692 4227 decem
723 4167 1208 4239 milliajuvenum
1233 4163 1492 4238 praesidii
1513 4161 1640 4220 loco
1657 4165 1812 4222 circa
1833 4181 1894 4220 se
1926 4164 2134 4221 habuit

483 4277 553 4314 ac
580 4263 683 4314 500
707 4256 1022 4330 pellicibus
1044 4272 1186 4311 usus
1209 4260 1315 4320 est,
1341 4254 1896 4326 Macedonicamque
1927 4263 2128 4328 regum

483 4345 978 4403 consuetudinem
1007 4360 1250 4416 prorsus
1281 4345 1341 4398 in
1373 4343 1668 4398 Persicam
1710 4345 1975 4398 mutavit.
2007 4344 2131 4410 Qua

483 4435 556 4492 de
603 4451 782 4490 causa
811 4435 990 4490 etiam
1040 4433 1368 4504 permultos
1423 4433 1778 4490 Macedonici
1838 4434 2129 4490 exercitus

481 4523 764 4580 ductores
795 4519 1116 4578 interfecit.

551 4609 776 4668 Mortuo
807 4609 1162 4678 Alexandro,
1196 4625 1444 4685 regnum
1475 4611 1604 4683 ejus
1634 4611 1696 4666 in
1733 4608 1949 4668 multas
1975 4609 2122 4666 divi-

479 4715 613 4758 sum
651 4705 740 4758 est
767 4703 986 4774 partes.
1022 4697 1316 4756 Perdiccae
1374 4695 1814 4757 Macedonicum
1873 4709 2123 4775 regnum

479 4792 637 4848 sorte
670 4786 900 4864 obtigit,
931 4789 1251 4846 Ptolemaeo
1286 4789 1419 4863 Lagi
1441 4789 1564 4845 ﬁlio
1586 4789 1863 4862 :Egyptus
1893 4783 2046 4847 218
2066 4787 2125 4846 et

482 4880 863 4950 Alexandria,
923 4879 1192 4948 Seleuco,
1242 4879 1340 4950 qui
1375 4881 1432 4934 et
1488 4877 1742 4935 Nicanor
1788 4875 2006 4936 dicitur
2052 4898 2122 4938 eo

476 4971 634 5044 quod
667 4969 740 5027 ad
773 4967 1130 5042 Babylonem
1162 4963 1432 5025 duxisset
1456 4986 1522 5026 ac
1552 4967 1835 5024 barbaros
1859 4985 2125 5041 superas-

475 5067 582 5130 set,
610 5061 779 5133 Syria
807 5065 866 5116 et
895 5059 1178 5133 Babylon,
1205 5057 1494 5130 Antigono
1527 5055 1744 5125 Cilicia,
1779 5075 1909 5130 quae
1939 5065 2028 5114 est
2049 5060 2123 5116 ad

472 5151 750 5216 Taurum,
782 5135 1017 5205 Philoni
1037 5147 1246 5216 Media,
1272 5142 1526 5219 Pythonl
1558 5147 1811 5219 Phrygia
1831 5152 1888 5200 et
1921 5145 2120 5218 Lydia,

472 5237 761 5309 Meleagro
802 5237 1224 5311 Paphlagonia,
1259 5235 1504 5292 Eumeni
1561 5236 1950 5308 Cappodocia,
2005 5238 2120 5294 Ca-

474 5325 688 5378 sandro
721 5327 893 5397 Lycia
943 5327 1017 5383 ad
1048 5327 1517 5398 Hellespontum,
1560 5326 1905 5396 Lysimacho
1939 5327 2119 5384 Thra-

476 5412 587 5476 cia,
615 5412 919 5486 Antipatro
945 5418 1186 5481 Pontus,
1208 5411 1474 5488 Oxyarer
1494 5414 1821 5482 Bactriana,
1847 5416 2120 5488 Philippo

473 5499 778 5574 Dragaana,
839 5507 985 5560 Poro
1035 5505 1222 5574 India,
1282 5505 1713 5576 Phratapherni
1768 5505 2006 5561 Parthia
2063 5512 2122 5562 et

472 5589 783 5662 Hyrcania,
810 5593 1140 5665 Tripolemo
1174 5595 1387 5662 Persis,
1439 5594 1734 5650 Arcesilao
1789 5595 2120 5666 Mesopotad

2255 3176 2545 3246 διαπτῆναι
2575 3181 2672 3250 την
2712 3178 3040 3254 οίκουμένην
3089 3179 3224 3255 μέτᾶ
3279 3179 3554 3256 τροπαίων
3606 3177 3697 3235 καί
3747 3177 3906 3250 νίκηε

2251 3269 2694 3348 προϋποφαίνων.
2764 3273 3002 3325 ’Ἤκουσε
3050 3265 3108 3324 δὲ
3192 3269 3282 3324 καὶ
3365 3289 3514 3334 τινος
3588 3268 3902 3348 φιλοσόιρου

2249 3355 2495 3422 εἷπόντος
2528 3355 2612 3414 ὅτι
2645 3357 2860 3434 ἄπειροι
2890 3355 3088 3431 κόσμοι
3121 3353 3246 3430 είσὶ,
3275 3355 3366 3414 καὶ
3401 3355 3616 3435 μεγάλα
3644 3357 3903 3428 στενάξας

2246 3445 2372 3522 ἔφη’
2408 3449 2525 3506 Εἶτ’
2558 3447 2789 3524 ἀπείρων
2824 3445 2996 3504 ὄντων
3031 3443 3162 3522 μηδ’
3213 3447 3327 3510 ἑνὸς
3385 3444 3491 3523 ἐγὼ
3544 3445 3893 3521 κεκρατηκαί

2245 3535 2434 3601 Οὕτως
2489 3538 2556 3608 ἦν
2615 3537 2982 3614 μεγαΛόφρων
3035 3539 3122 3593 καὶ
3191 3534 3589 3613 μεγαλόψυχος
3638 3535 3728 3592 καί
3787 3535 3892 3590 σώ-

2243 3648 2415 3703 φρων·
2452 3625 2808 3704 Ἀριστοτέλει
2866 3628 2970 3705 γὰρ
3022 3627 3372 3701 μαθητευθεὶς
3429 3633 3601 3682 πᾶσαν
3662 3623 3890 3702 λογικὴν

2244 3717 2552 3792 ἐπιστήμην
2583 3719 2658 3781 εἷς
2708 3719 2868 3793 ἄκρον
2923 3715 3236 3789 ἐπαιδεύθη.
3299 3715 3440 3772 Φασὶ
3498 3714 3554 3771 δέ
3607 3736 3748 3778 τινες
3806 3717 3892 3771 ὃτι

2246 3809 2380 3882 μετὰ
2431 3809 2532 3878 τήν
2569 3805 2720 3876 νίκην
2783 3805 3008 3883 Δαρείου
3065 3804 3380 3884 διαφθαρεὶς
3430 3807 3522 3862 τὸν
3576 3809 3697 3860 νοῦν
3753 3803 3893 3880 πρὸς

2238 3895 2332 3958 τὰς
2379 3897 2475 3953 τοῖ’)
2535 3897 2788 3970 σώματος
2845 3892 3040 3966 ἡδονὰς
3091 3893 3380 3951 διώλισθεν
3413 3893 3440 3950 δ
3475 3890 3606 3968 μηδ’
3652 3892 3894 3968 ἀνασχό-

2244 4006 2404 4061 μενος
2461 3984 2724 4060 πρότερον
2770 3985 2866 4048 τὰς
2921 3979 3149 4060 Δαρείου
3232 3978 3520 4060 θυγατέρας
3577 3983 3891 4053 θεάσασθαι,

2240 4075 2512 4152 Περσικήν
2542 4095 2601 4130 τε
2631 4071 2832 4144 στολὴν
2895 4069 3258 4150 ἐνδυσάμενος
3317 4075 3533 4148 μυρίοις
3586 4067 3725 4134 νέοις
3773 4067 3895 4126 έδο-

2243 4169 2527 4243 ρυφορεῖτο
2559 4159 2650 4218 καὶ
2678 4161 3012 4237 τριακοσίαις
3045 4161 3358 4224 παλλακαῖς
3389 4156 3620 4241 ἐχρῆτο,
3671 4159 3748 4224 ὡς
3793 4159 3896 4228 τὴν

2242 4249 2616 4321 Μακεδονικῆν
2704 4257 2876 4307 πᾶσαν
2957 4256 3066 4307 τῶν
3117 4248 3386 4328 βασιλέων
3476 4251 3761 4320 συνήθειαν
3813 4245 3892 4311 εἰς

2241 4337 2509 4417 Περσικὴν
2572 4335 2870 4414 μετελθεῖν.
2966 4341 3122 4398 ὐθεν
3192 4337 3282 4394 καὶ
3360 4337 3623 4418 ἐξάρχους
3697 4331 3895 4413 ἄνδρας

2239 4437 2346 4489 τῶν
2382 4431 2760 4490 Μακεδονικῶν
2800 4431 3088 4507 ταγμάτων
3120 4421 3413 4494 πλείστους
3444 4423 3646 4486 ἀνεῖλε.

2301 4615 2446 4670 Μετὰ
2504 4603 2560 4668 δῖε
2625 4613 2724 4682 τήν
2783 4609 3132 4686 Ἀλεξάνδρου
3210 4609 3470 4682 τελευτὴν
3537 4610 3614 4674 εἷς
3665 4607 3884 4672 πολλᾶς

2230 4703 2406 4782 ἀρχὰς
2465 4697 2500 4773 ἦ
2571 4697 2822 4778 βασιλεία
2881 4700 3044 4757 αὐτοῦ
3103 4698 3351 4776 διῃρέθη,
3413 4698 3504 4756 καὶ
3561 4695 3883 4775 Ηερδίκκαςυ

2235 4791 2328 4867 μὶν
2361 4794 2462 4862 τὴν
2507 4785 2844 4856 Μακεδονίας
2907 4785 3259 4862 ἐκληρώσατο
3321 4787 3626 4864 βασιλείαν,
3692 4785 3880 4849 ΙΙτολς

2235 4886 2394 4955 μαῖος
2439 4871 2576 4936 δὶδ
2641 4879 2818 4954 Λάγου
2905 4875 3180 4957 Αίγόπτου
3273 4877 3366 4934 καὶ
3452 4873 3886 4953 Ἀλεξανδρείας,

2233 4963 2494 5034 Σέλευκος
2527 4971 2554 5026 6
2585 4970 2672 5026 καὶ
2707 4970 2954 5045 Νικάνωρ
3015 4965 3102 5023 διὰ
3145 4969 3206 5024 τὸ
3266 4959 3529 5038 ἀναϐῆναι
3585 4966 3660 5028 εἶς
3713 4959 3888 5021 Βαϐυ-

2231 5059 2379 5116 λῶνα
2409 5063 2498 5117 καὶ
2528 5061 2792 5132 κρατῆσαι
2824 5064 2930 5116 τῶν
2966 5053 3274 5135 βαρϐαρων,
3311 5059 3509 5134 Συρίας
3561 5054 3652 5112 καί
3706 5053 3888 5113 Βαϐυ-

2232 5150 2468 5218 λῶνκος,
2527 5149 2830 5226 Ἀντίγονος
2883 5155 2984 5219 τῆς
3035 5148 3170 5224 πρὸς
3226 5149 3306 5220 τῷ
3361 5147 3556 5221 Ταύρῳ
3611 5145 3886 5214 Κιλικίας,

2233 5238 2421 5294 Φίλων
2453 5235 2690 5310 Μηδίας,
2723 5240 2912 5294 Πύθων
2961 5237 3200 5315 Φρυγίας
3257 5237 3348 5292 καὶ
3402 5233 3622 5306 Λυδίας,
3673 5234 3886 5290 Μελέα-

2229 5348 2360 5402 γρος
2422 5326 2822 5406 Παφλαγονίας,
2893 5326 3141 5399 Εὐμένης
3201 5322 3616 5394 Καππαδοκίας,
3683 5326 3885 5381 Κάσαν-

2233 5415 2358 5492 δρος
2391 5416 2587 5480 Λυκίας
2627 5415 2717 5471 καὶ
2772 5414 3211 5487 Ἑλλησπόντου,
3271 5415 3588 5490 Λυσίμαχος
3639 5411 3880 5488 Θρᾷκης,

2231 5507 2584 5582 Ἀντίπατρος
2646 5511 2934 5576 Ποντικῆς,
2981 5504 3280 5580 Ὀξυάρτης
3336 5509 3666 5577 Βακτρικῆς,
3735 5499 3878 5556 Φίλ-

2235 5611 2399 5658 ιππος
2486 5594 2808 5671 Δραγαίνης,
2907 5593 3099 5670 Πῶρος
3189 5591 3404 5662 Ἰνδίας,
3486 5592 3877 5671 Φραταφέρνης
