4186 6190
3674 311 3796 373 312

384 444 549 503 Idem
591 445 823 501 animas
855 440 927 497 de
977 438 1324 510 corporibus
1355 437 1415 491 in
1470 452 1720 507 corpora
1778 436 2033 508 migrare

2159 455 2307 506 τιμον
2336 438 2569 509 Σάμιον,
2604 436 2720 509 μεθ’
2765 436 2823 490 ὃν
2881 432 3090 510 Πύρρον
3146 434 3349 507 Δήλιον
3406 438 3497 493 καὶ
3552 457 3793 511 πεματον

382 535 605 592 sensit:
641 532 798 604 quod
830 536 896 585 ut
923 527 1346 594 conformaret,
1379 542 1443 581 se
1463 531 1600 582 ante
1630 525 1857 581 bellum
1887 526 2022 580 Tro-
2132 524 2469 600 Πυθαγόραν.

380 624 597 695 janum
654 621 839 677 fuisse
891 614 1247 671 [Ethalidem
1302 614 1471 683 dixit,
1528 614 1591 671 in
1658 614 1818 670 bello
1875 614 2126 686 Trojano
2185 614 2843 688 Euphorbum,postea
2898 615 3334 673 Hermotimum
3389 618 3673 688 Samium,
3730 634 3798 674 ac

376 312 494 374 311
1725 302 2055 401 GEORGII
2098 302 2436 364 CEDRENI

388 727 600 769 rursus
620 708 913 779 Pyrrhum
942 704 1194 770 Delium,
1226 704 1433 775 quinto
1462 703 1702 759 demum
1733 703 1862 759 loco
1892 702 2303 776 Pythagoram.

461 800 629 855 Prior
653 797 983 869 Pythagora
1012 792 1365 857 fuitThales,
1399 793 1499 863 qui
1530 797 1805 848 naturam
1830 808 2031 847 rerum

388 888 682 961 explicare
714 890 959 940 conatus
989 883 1225 938 initium
1249 889 1308 937 et
1336 882 1518 938 ﬁnem
1536 882 1805 938 omnium
1828 897 2032 937 rerum

384 978 531 1034 dixit
561 991 691 1031 esse
722 988 938 1044 aquam
956 978 1134 1043 atque
1161 972 1395 1044 ignem:
1431 988 1502 1027 ex
1532 971 1624 1026 his
1658 971 1859 1026 omnia
1889 986 2034 1026 con-

383 1071 580 1122 stare:
612 1063 685 1119 ab
732 1063 827 1117 his
883 1062 1063 1117 etiam
1096 1067 1268 1117 terrm
1325 1065 1543 1128 motus,
1574 1064 1885 1116 ventorum
1917 1065 2037 1114 tur-

381 1156 555 1212 bines
589 1158 647 1207 et
675 1152 936 1208 siderum
967 1154 1164 1207 motus
1194 1149 1512 1221 proﬁcisci.

455 1246 689 1300 Primus
720 1242 932 1297 Thales
961 1241 1251 1313 sapientis
1282 1256 1503 1296 nomen
1542 1240 1882 1312 reportavit,
1914 1240 2036 1310 pri-

381 1353 635 1408 musque
666 1336 929 1391 animam
954 1333 1351 1389 immortalem
1374 1332 1546 1399 dixit,
1570 1338 1748 1404 atque
1770 1332 2036 1387 defectus

381 1427 524 1484 solis
557 1432 615 1481 et
644 1425 800 1480 lunas
833 1429 892 1478 et
921 1423 1281 1493 aequinoctia
1327 1421 1740 1493 deprehendit.
1775 1420 2037 1477 Plurima

385 1516 568 1572 etiam
595 1513 844 1569 dicteria
857 1511 1103 1582 reliquit
1127 1527 1140 1575 ;
1166 1526 1421 1581 quorum
1439 1515 1527 1565 est
1543 1511 1722 1565 etiam
1739 1508 2035 1564 famosum

392 1603 534 1661 illud
566 1625 595 1653 «
624 1604 810 1657 Nosce
831 1606 885 1656 te
916 1601 1132 1672 ipsum.
1150 1621 1179 1650 »
1199 1600 1346 1654 Nam
1370 1598 1521 1654 illud
1547 1621 1575 1648 «
1604 1598 1858 1671 Sponde,
1886 1615 2036 1669 pras-

398 1698 488 1747 sto
520 1707 675 1746 noxa
696 1695 786 1746 est
816 1712 845 1739 »
878 1687 1138 1743 Chilonis
1170 1688 1366 1759 potius
1397 1693 1508 1753 est,
1541 1686 1643 1758 qui
1677 1686 1736 1742 id
1778 1686 1891 1741 sibi
1918 1687 2040 1740 vin-

400 1781 656 1848 dicavit;
691 1785 749 1834 et
774 1778 923 1834 illud
954 1801 981 1827 ‹‹
1017 1780 1098 1834 Ne
1129 1777 1273 1849 quid
1302 1778 1503 1835 nimis.
1537 1800 1567 1828 »

2216 793 2331 865 Πρὸ
2377 793 2575 848 τούτου
2672 789 2731 848 δὲ
2797 792 2992 869 γέγονε
3045 792 3250 863 Θαλῆς,
3305 794 3366 857 ὅς
3415 793 3799 873 ἐπικεχείρηκε

2140 878 2467 960 φιλοσοφίαν
2497 883 2752 959 φυσικὴν,
2786 883 2968 958 ἀρχῆν
2998 886 3097 938 τοῦ
3153 884 3357 946 παντὸς
3413 884 3505 939 καὶ
3551 882 3710 948 τέλὸς
3732 885 3797 940 τὸ

2139 973 2249 1045 πῦρ
2279 970 2369 1024 καὶ
2406 969 2469 1025 τὸ
2499 967 2647 1046 ὕδωρ
2676 977 2816 1026 εἶναι
2873 973 3074 1046 φήσας,
3102 971 3193 1027 καὶ
3223 970 3276 1043 ἐξ
3298 973 3481 1028 αὐτῶν
3512 973 3580 1028 τὰ
3626 974 3802 1029 πάντα

2143 1058 2504 1123 συνίστασθαιο
2551 1060 2641 1138 ἀφ’
2685 1061 2759 1115 ὧν
2786 1060 3036 1122 καὶτοὺς
3089 1061 3346 1135 σείσμοὺς
3411 1062 3501 1117 καὶ
3557 1064 3801 1137 πνευμά-

2140 1167 2249 1202 των
2274 1149 2575 1225 συστροφάς
2600 1149 2689 1204 καὶ
2722 1147 2934 1224 ἄστρων
2962 1153 3203 1221 κινήσεις
3232 1149 3494 1226 γίνεσθαι.

2213 1237 2335 1294 Ὀτι
2375 1240 2594 1312 πρῶτος
2629 1239 2659 1293 ὁ
2689 1235 2875 1308 Θαλῆς
2904 1239 2968 1294 τὸ
2998 1242 3095 1293 τοῦ
3155 1243 3325 1317 σοφοῦ
3382 1232 3541 1318 ἔσχεν
3603 1238 3799 1314 ὄνομα,

2143 1324 2235 1379 καὶ
2265 1329 2485 1400 πρῶτος
2515 1328 2615 1397 τήν
2652 1328 2837 1401 ψυχήν
2897 1328 3046 1382 εἶπεν
3094 1327 3385 1396 ἀθάνατον,
3442 1326 3714 1403 ἐκλείψεις
3743 1350 3802 1384 τε

2144 1411 2234 1469 καί
2267 1413 2556 1490 ἰσημερίας
2593 1413 2914 1493 κατείληφε.
2975 1414 3079 1472 Καὶ
3136 1416 3534 1494 ἀποφθέγματα
3572 1417 3800 1474 πλεῖστα

2145 1502 2426 1573 κατέλιπε,
2472 1506 2564 1559 καὶ
2614 1507 2677 1560 τὸ
2742 1503 3135 1579 θρυλούμενον,
3199 1531 3227 1559 ‹‹
3259 1511 3431 1571 Γνῶθι
3490 1512 3732 1567 σεαυτόν.
3771 1531 3799 1558 »

2145 1593 2220 1648 Τὸ
2248 1595 2377 1669 γάρ,
2408 1618 2436 1647 ‹‹
2475 1593 2690 1670 Ἐγγύα,
2739 1594 2885 1668 πάρα
2938 1592 2985 1650 δ’
3036 1592 3162 1667 ἄτη,
3194 1620 3221 1648 n
3266 1594 3521 1659 Χίλωνος
3583 1595 3796 1670 μᾶλλόν

2147 1682 2308 1755 ἔστιν,
2337 1680 2826 1758 ἱδιοποιησαμένου
2855 1683 2987 1741 αὐτὸ
3037 1685 3127 1740 καὶ
3185 1685 3272 1757 τὸ,
3303 1710 3331 1739 ‹‹
3359 1683 3547 1757 Μηδὶν
3576 1685 3735 1763 ἄγαν.
3771 1709 3799 1738 ››

466 1872 701 1928 Tertius
732 1870 1126 1943 philosophus
1155 1869 1567 1941 Empedocles,
1607 1874 1825 1941 praeter
1857 1868 2043 1923 multa

2219 1861 2412 1935 Τρίτος
2443 1860 2746 1938 φιλόσοφος
2802 1859 3210 1936 Ἐμπεδοκλῆς.
3244 1863 3420 1926 Οὗτος
3475 1866 3613 1938 μετᾶ
3658 1864 3801 1921 πολ-

393 1962 510 2017 alia
541 1966 885 2033 portentosa
902 1960 1160 2027 decreta,
1194 1957 1306 2013 hoc
1333 1959 1512 2014 etiam
1545 1959 1749 2025 sensit,
1773 1957 2035 2013 universi

392 2049 686 2122 principia
718 2048 875 2102 esset
898 2047 1221 2102 amicitiam
1245 2051 1423 2117 atque
1445 2044 1825 2111 discordiam,
1849 2046 2039 2101 unita-

394 2148 516 2194 tem
550 2137 855 2192 intellectu
913 2135 1162 2206 percipi,
1195 2135 1390 2206 ignem
1422 2150 1550 2189 esse
1598 2135 1806 2203 Deum,
1839 2134 2042 2189 omnia

396 2246 468 2284 ex
493 2228 627 2300 igne
647 2241 778 2281 esse
797 2230 1127 2295 compacta,
1143 2224 1202 2277 in
1223 2239 1479 2293 eumque
1495 2223 1698 2278 omnia
1718 2221 2040 2278 resolutum

394 2317 490 2372 iri.
537 2314 644 2371 Cui
676 2314 797 2369 fere
841 2312 1018 2367 Stoici
1063 2311 1484 2383 astipulantur,
1516 2312 1671 2367 276
1713 2311 2041 2384 conﬂagra-

395 2406 622 2462 tionem
670 2408 1099 2474 exspectantes.
1167 2400 1330 2455 Idem
1380 2401 1616 2456 censuit
1669 2401 1932 2456 animam
1980 2403 2043 2457 in

401 2517 578 2559 omne
596 2500 904 2556 brutorum
917 2514 1101 2572 genus
1112 2498 1368 2553 transire
1392 2515 1406 2555 :
1428 2498 1510 2554 ita
1526 2498 1685 2554 enim
1701 2498 2046 2570 Pythagoras

406 2590 749 2664 opinionem
783 2594 1022 2645 secutus
1043 2587 1155 2642 ait:

474 2682 706 2750 Jamque
734 2678 931 2733 valete.
966 2678 1105 2750 Deus
1124 2692 1270 2731 nunc
1300 2675 1632 2750 immortalis
1660 2680 1713 2731 et
1747 2691 1942 2750 ϐαρεῖ-ε

470 2744 737 2808 Intem'tus
765 2764 862 2817 ego
885 2763 1027 2802 sum.
1057 2748 1203 2801 Puer
1232 2752 1282 2801 et
1320 2748 1651 2815 quandoque
1672 2744 1873 2815 puella

471 2824 593 2890 Ipse
619 2822 707 2875 sui
729 2836 743 2873 :
784 2819 1044 2890 fruticem
1069 2817 1283 2890 nemini
1306 2820 1620 2887 piscemque
1648 2818 1924 2870 marinum

473 2888 619 2947 Pisw
643 2905 835 2959 meque
860 2888 1032 2957 fuisse
1064 2889 1266 2942 bovem.

475 2982 729 3046 Quartus
750 2977 1077 3035 Heraclitus
1102 2977 1225 3032 fere
1255 2976 1599 3051 Pythagoras
1630 2992 1889 3032 consona
1914 2992 2050 3047 pro-

406 3069 718 3125 nuntiavit.
739 3069 872 3124 Haac
896 3084 1131 3140 quoque
1155 3071 1444 3138 prmterea
1461 3067 1589 3139 ejus
1609 3070 1768 3135 sunt,
1787 3065 2053 3137 corporis

405 3175 587 3231 quam
601 3158 914 3215 minimam
932 3156 1176 3212 omnino
1189 3154 1527 3211 habendam
1540 3156 1856 3223 rationem,
1873 3153 2051 3226 idque

2147 1949 2249 2012 λὰς
2310 1950 2695 2027 τερατολογίας
2769 1948 3096 2026 ἐδογμάτισε
3157 1951 3247 2008 καὶ
3304 1957 3496 2023 ταῦτα,
3553 1953 3652 2022 τὴν
3705 1958 3803 2009 τοῦ

2147 2038 2345 2099 παντὸς
2378 2037 2558 2111 ἀρχὴν
2588 2042 2768 2100 νεῖκος
2814 2036 2905 2093 καί
2957 2038 3145 2114 φιλίαν
3204 2038 3403 2114 λέγων,
3462 2039 3553 2094 καὶ
3608 2041 3805 2110 τὸτῆς

2153 2122 2388 2198 μονάδος
2418 2125 2603 2200 νοερὸν
2637 2131 2744 2202 πῦρ
2800 2127 2892 2182 τὸν
2927 2127 3083 2199 Θεὸν,
3141 2129 3232 2183 καὶ
3281 2128 3365 2184 ὅτι
3423 2128 3483 2185 ἐκ
3538 2129 3708 2204 πυρὸς
3739 2129 3811 2185 τὰ

2147 2213 2319 2270 πάντα
2374 2214 2682 2270 συνίσταται
2740 2215 2829 2270 καὶ
2891 2215 2966 2278 εἰς
3019 2221 3130 2291 πῦρ
3187 2218 3339 2280 αὖθις
3391 2216 3712 2288 ἀναλύεται,
3759 2218 3805 2290 ᾦ

2152 2300 2347 2381 σχεδὸν
2378 2302 2470 2358 καὶ
2501 2303 2553 2358 οἱ
2597 2304 2842 2360 Στωϊκοὶ
2895 2305 3250 2375 συντίθενται,
3281 2304 3584 2382 ἐκπύρωσιν
3630 2328 3802 2381 προσ-

2154 2388 2439 2454 δοκῶντες.
2482 2393 2656 2455 Οὗτος
2716 2392 2791 2455 εἷς
2838 2392 3012 2449 πάντα
3040 2395 3107 2450 τὰ
3141 2395 3253 2464 ζῶα
3288 2396 3388 2464 τήν
3451 2396 3637 2475 ψυχὴν
3676 2416 3807 2468 μετ-

2154 2479 2446 2536 αλλάττειν
2503 2480 2713 2559 ε’ίρηκε,
2769 2487 2849 2555 τῷ
2906 2483 3224 2560 Πυθαγόρου
3283 2481 3518 2561 δόγματι
3576 2505 3806 2540 κατακο-

2155 2567 2387 2627 λουθῶν.
2417 2595 2445 2623 ‹‹
2476 2571 2711 2647 Χαίρετε
2739 2572 2865 2647 γὰρ,
2905 2572 3092 2652 φησὶν,
3142 2571 3253 2647 ἐγὼ
3283 2570 3363 2628 ὅδ’
3390 2573 3506 2647 εἰμὶ
3540 2574 3671 2635 Θεὸς
3699 2572 3810 2649 ἅμ-

2156 2656 2377 2733 6ροτος,
2430 2660 2613 2716 ούκὲτι
2699 2661 2913 2732 θνητός.
2976 2662 3137 2717 Ἤτοι
3207 2663 3301 2737 μὲν
3360 2667 3555 2738 πρῶτα
3610 2666 3809 2738 κοῦρος

2157 2747 2420 2822 ἐγενόμην
2459 2748 2596 2824 κόρη
2626 2750 2803 2805 τεκαὶ
2852 2751 2957 2825 θήρ
3012 2751 3102 2806 καὶ
3162 2751 3363 2825 θάμνος
3416 2752 3510 2807 καὶ
3567 2751 3617 2825 ἐξ
3675 2750 3812 2813 ἁλος

2158 2833 2397 2911 ἔμπνοος
2429 2837 2589 2914 ἰχθὺς
2618 2839 2708 2893 καὶ
2739 2836 2792 2893 ἐν
2820 2838 3101 2913 Ὀλυμπίᾳ
3133 2840 3285 2915 βοῦς,
3320 2864 3349 2891 ››

2226 2979 2493 3056 Τέταρτος
2525 2980 2899 3057 Ἡράκλειτος,
2931 2984 3023 3038 καὶ
3073 2982 3233 3046 αὐτὸς
3293 2980 3488 3059 σχεδὸν
3551 2984 3821 3064 σύμφωνα

2157 3073 2238 3142 τῷ
2269 3070 2555 3146 Πυθαγόρᾳ
2609 3071 2996 3150 φθεγξάμενος.
3043 3074 3188 3149 Ἔφη
3231 3069 3289 3127 δὲ
3343 3073 3430 3127 καὶ
3484 3076 3679 3141 τοῦτο,
3734 3072 3821 3128 ὅτι

2165 3159 2340 3230 πάντη
2374 3162 2470 3215 τοῦ
2527 3160 2782 3234 σώματος
2839 3159 3017 3236 χρεὼν
3074 3159 3369 3237 ὀλιγωρεῖν
3432 3163 3523 3217 καὶ
3574 3161 3818 3239 νομίζειν

404 3249 625 3305 ﬁmetis
677 3246 967 3319 abjectius
1015 3244 1424 3310 consendum;
1479 3260 1547 3300 ac
1597 3243 1864 3315 quandiu
1901 3245 2044 3298 Deus

2167 3221 2623 3323 «ﬁtb'xoztptwv'
2688 3221 3105 3325 ἐκϐληῖτὸτερον,
3183 3221 3283 3306 ¹καιὶ
3341 3249 3402 3304 ἐκ
3462 3255 3561 3305 τοῦ
3612 3221 3818 3327 {Stis-ron

405 3354 653 3409 corpore
688 3342 971 3405 tanquam
1004 3334 1400 3389 instrumento
1448 3333 1535 3388 uti
1566 3332 1893 3404 praecipiat,
1928 3332 2056 3404 ejus

411 3423 864 3481 necessitatibus
880 3439 1055 3492 quam
1081 3422 1327 3477 minimo
1352 3419 1793 3476 inserviendum
1823 3421 2057 3492 impen-

418 3513 537 3570 dio.
558 3512 996 3583 Vixittempore
1026 3510 1185 3568 Darii
1207 3511 1538 3582 Hystaspei.
1558 3511 1818 3565 Fuerunt
1848 3515 1905 3565 et
1934 3508 2054 3576 alii,

411 3603 513 3675 qui
535 3618 674 3657 suas
688 3600 760 3655 de
775 3615 976 3655 rerum
999 3603 1214 3654 natura
1230 3599 1541 3671 opiniones
1553 3598 2053 3671 perscripserunt,

405 3690 558 3748 nihil
600 3707 635 3746 a
677 3689 851 3745 dictis
912 3688 1348 3760 discrepantes;
1400 3705 1549 3758 quas
1588 3703 2054 3743 commemorare

401 3797 523 3836 non
556 3780 838 3836 duximus
870 3779 1298 3834 necessarium.

470 3869 721 3936 Quintus
750 3867 1218 3925 Anaximander.
1252 3869 1305 3922 Is
1353 3884 1459 3939 pro
1510 3883 1708 3923 rerum
1757 3865 2051 3939 principio

398 3958 722 4033 quamdam
756 3958 1051 4013 infinitam
1086 3964 1359 4013 naturam
1388 3956 1642 4029 agnovit,
1666 3955 1827 4011 unde
1847 3962 1905 4010 et
1933 3972 2049 4010 coe-

394 4050 518 4106 lum
551 4055 609 4104 et
639 4064 707 4103 eo
742 4051 1060 4103 contentus
1090 4045 1348 4101 mundus
1379 4052 1509 4101 orta
1548 4045 1685 4100 sint.
1732 4044 1894 4100 Hanc
1919 4059 2050 4099 esse

393 4139 824 4212 sempiternam
873 4143 933 4192 et
982 4137 1305 4192 senectutis
1361 4140 1685 4207 expertem,
1735 4134 1808 4189 ab
1861 4149 2049 4205 eaque

393 4246 600 4285 omnes
632 4227 888 4283 mundos
916 4225 1252 4280 contineri.
1282 4224 1443 4278 Idem
1468 4230 1683 4279 terram
1708 4223 2052 4294 pronuntia-

391 4321 473 4376 vit
506 4318 798 4391 pendere,
827 4316 1070 4371 nemine
1102 4331 1231 4371 eam
1267 4319 1524 4379 tenente,
1559 4319 1618 4367 et
1643 4312 1773 4368 loco
1804 4328 2049 4368 manere

393 4410 527 4463 ideo
565 4404 728 4478 quod
756 4403 1027 4473 undique
1059 4402 1274 4473 aaquali
1298 4401 1612 4457 intervallo
1649 4400 1839 4466 absit;
1873 4400 2047 4456 sitam

395 4512 526 4553 esse
561 4508 692 4548 eam
729 4492 791 4546 in
825 4490 1045 4555 medio,
1077 4490 1265 4561 ﬁgura
1286 4489 1370 4544 rei
1394 4488 1632 4544 mobilis
1654 4505 1723 4544 ac
1756 4489 1958 4544 teretis
1990 4494 2049 4545 et

2164 3334 2415 3412 πληροῦν
2447 3338 2616 3393 αὐτοῦ
2645 3338 2743 3403 τὰς
2797 3339 3106 3414 θεραπείας,
3164 3337 3269 3403 ἕως
3296 3338 3356 3395 ἂν
3393 3340 3421 3395 ὁ
3452 3340 3582 3402 Θεὸς
3630 3338 3817 3418 ὥσπερ

2166 3428 2378 3507 ὀργάνῳ
2407 3450 2486 3501 τῳ
2518 3428 2731 3501 σώματι
2781 3431 3021 3506 χρῆσθαι
3072 3427 3350 3504 ἐπιτάττῃ.
3409 3429 3583 3487 Οὗτος
3612 3430 3678 3499 ἧν
3718 3428 3813 3486 ἐπὶ

2164 3520 2389 3595 Δαρείου
2446 3521 2544 3572 τοῦ
2599 3517 2921 3585 Ὑστάσπου,
3008 3516 3296 3593 Ἐγένοντο
3345 3515 3401 3573 δὲ
3476 3517 3569 3573 καὶ
3623 3514 3813 3594 ἕτεροι

2165 3610 2392 3689 φυσικάς
2451 3603 2608 3677 δόξας
2686 3605 2776 3662 καὶ
2828 3607 2981 3662 αὐτοὶ
3040 3609 3363 3684 γράψαντες,
3423 3603 3592 3680 μηδὲν
3637 3608 3819 3681 ἀπεμ-

2165 3698 2450 3775 φαινεύσας
2536 3700 2642 3750 τῶν
2726 3694 3163 3771 προειρημένων,
3245 3696 3306 3757 ἃς
3378 3696 3477 3751 οὐκ
3529 3695 3821 3772 ἀναγκαῖον

2163 3787 2483 3864 ἡγησάμεθα
2503 3788 2684 3861 γραφῇ
2707 3781 3063 3859 παραδοῦναι.

2233 3875 2492 3950 Πέμπτος
2553 3871 2995 3948 Ἀναξίμανδρος.
3076 3872 3249 3937 Οὗτος
3305 3876 3487 3953 ἀρχὴν
3545 3870 3644 3951 ἔφη
3703 3879 3813 3929 τῶν

2161 3967 2329 4021 ὄντων
2362 3963 2518 4044 ιρὸσιν
2546 3964 2672 4019 τινὰ
2700 3967 2797 4018 τοῦ
2856 3964 3106 4038 ἀπείρου,
3147 3962 3239 4038 ἀφ’
3295 3965 3363 4033 ἧς
3393 3964 3638 4039 γενέσθαι
3684 3968 3814 4027 τοὺς

2160 4053 2418 4130 οὐρανοὺς
2450 4051 2651 4107 καὶτὸν
2687 4050 2740 4109 ἰν
2788 4052 2973 4113 αὐτοῖς
3005 4053 3235 4126 κόσμον·
3266 4052 3467 4122 ταύτην
3536 4050 3579 4107 δ’
3637 4050 3817 4108 ἀΐδιον

2158 4144 2297 4197 εἶναι
2326 4142 2416 4197 καὶ
2447 4140 2662 4217 ἀγήρω,
2694 4141 2782 4195 καὶ
2814 4141 3017 4201 πάντας
3068 4135 3343 4217 περιέχειν
3371 4142 3503 4205 τοὺς
3548 4140 3815 4214 κόσμους.

2158 4230 2330 4294 Οὗτος
2371 4231 2464 4285 καὶ
2493 4230 2591 4299 την
2619 4231 2718 4306 γῆν
2768 4227 2956 4303 ε’ίρηκε
2986 4228 3257 4305 μετέωρον
3320 4230 3477 4301 εἶναι,
3547 4230 3648 4284 ὑπὸ
3700 4239 3815 4303 μη-

2159 4317 2310 4382 δενὸς
2367 4317 2741 4394 κρατουμένην
2774 4362 2788 4388 ,
2824 4317 3086 4391 μένουσαν
3117 4314 3175 4373 δὲ
3205 4316 3293 4372 διὰ
3321 4320 3421 4389 τήν
3454 4317 3647 4392 ὁμοίαν
3675 4317 3813 4374 πάνυ

2156 4430 2265 4464 των
2299 4407 2732 4463 ἀναστασιν.Καὶ
2788 4411 3000 4470 κεῖσθαι
3057 4407 3257 4477 ταύτην
3320 4407 3416 4481 μὲν
3481 4409 3811 4481 μεσαιτάτῳ,

2158 4497 2220 4552 τὸ
2256 4495 2314 4552 δὲ
2376 4502 2572 4575 σχῆμα
2629 4495 2797 4565 αὐτῆς
2858 4495 3046 4571 ὑγρὸν,
3105 4496 3460 4573 στρογγύλον,
3520 4493 3812 4575 χιονῶδες,

393 4586 604 4647 nivem,
635 4578 856 4651 lapidis
886 4579 1099 4634 instar.
1133 4578 1369 4633 Primus
1399 4577 1510 4632 iste
1539 4582 1600 4633 et
1626 4577 2044 4648 aequinoctium

2159 4583 2298 4659 λίθῳ
2323 4573 2728 4659 παραπλήσιον.
2790 4589 3013 4660 Πρῶτος
3069 4588 3153 4656 [ιι.
3207 4588 3332 4659 158]
3389 4582 3447 4641 δι
3503 4573 3667 4650 αύτὸς
3719 4587 3809 4641 καὶ

395 4671 745 4738 observavit,
767 4675 826 4725 et
855 4668 1130 4738 solstitia,
1161 4675 1221 4723 et
1248 4684 1576 4741 gnomones
1602 4668 2043 4741 horologiorum

395 4764 545 4822 217
582 4761 641 4816 in
687 4774 860 4815 usum
913 4757 1211 4829 produxit,
1251 4758 1615 4831 omninoque
1660 4759 2044 4831 geometricas

395 4849 832 4922 descriptiones
882 4845 1161 4902 ostendit.
1229 4845 1443 4902 Stellas
1501 4846 1650 4902 dixit
1700 4863 1829 4902 esse
1872 4848 2044 4903 orbes

392 4943 596 5016 igneos
623 4937 695 4994 ab
718 4952 855 4992 aere
880 4935 1378 5007 comprehensos:
1407 4952 1583 5006 porro
1612 4937 2044 5008 exspirationes

394 5046 523 5087 esse
546 5026 835 5101 quosdam
871 5041 1030 5080 aurae
1061 5029 1424 5096 permeatus,
1455 5024 1529 5079 ob
1564 5042 1711 5096 quos
1743 5025 1930 5080 stellas
1960 5027 2043 5081 vi-

392 5121 666 5185 deantur,
719 5124 779 5172 et
823 5116 1039 5188 quibus
1088 5114 1380 5170 meatibus
1440 5115 1732 5170 obturatis
1781 5116 2045 5172 defectus

394 5208 666 5262 existant.
710 5208 789 5260 Ac
808 5206 981 5276 juxta
1041 5204 1249 5259 horum
1279 5203 1367 5258 vel
1411 5204 1779 5275 apertionem
1828 5204 1916 5260 vel
1947 5205 2045 5261 ob-

395 5296 777 5350 structionem
805 5294 1006 5349 lunam
1068 5292 1241 5348 modo
1285 5292 1525 5364 plenam
1585 5294 1760 5349 modo
1820 5294 2044 5350 lumine

398 5383 755 5437 diminutum
786 5382 994 5437 videri.
1030 5382 1184 5437 Solis
1210 5382 1497 5437 circulum
1529 5381 1601 5437 ad
1650 5382 1808 5439 luna:
1840 5383 2041 5439 orbem

402 5488 531 5527 esse
562 5471 941 5542 proportione
972 5470 1474 5542 vigintiseptupla.
1532 5472 1597 5525 In
1639 5488 1871 5527 summo
1914 5489 2042 5528 esse

406 5563 615 5628 solem,
650 5561 709 5614 in
738 5560 855 5615 imo
887 5559 1061 5614 orbes
1092 5559 1398 5615 stellarum
1429 5560 1704 5618 fixarum.
1748 5562 2041 5619 Animalia

402 5647 895 5722 nascivaporibus
916 5664 950 5703 a
971 5648 1094 5703 sole
1116 5647 1377 5716 elevatis,
1394 5655 1619 5715 ventos,
1650 5667 1783 5706 cum
1815 5652 2041 5707 tenuis-

2153 4674 2444 4750 ίσημερίαν
2476 4672 2595 4749 εὗρε
2624 4674 2714 4729 καὶ
2778 4673 2985 4749 τροπὰς
3037 4674 3128 4729 καὶ
3189 4672 3497 4750 ὡρολογίας
3552 4674 3814 4749 γνώμονά

2151 4786 2209 4822 τε
2260 4764 2541 4840 εἰσήγαγεν
2585 4809 2600 4835 ,
2644 4764 2774 4839 ὅπερ
2860 4764 2969 4819 ἐστὶ
3038 4765 3102 4820 τὸ
3161 4763 3213 4820 ἐν
3271 4770 3390 4827 τοῖς
3446 4762 3808 4838 ἡλιοτρόποις

2152 4854 2522 4931 πηγνύμενον,
2582 4853 2674 4909 καὶ
2785 4851 2931 4915 ὅλως
3035 4853 3373 4929 γεωμετρίας
3460 4853 3819 4910 ὑποτύπωσιν

2153 4938 2337 5017 ἔδειξε.
2397 4944 2477 5000 Τὰ
2535 4939 2591 4997 δὲ
2644 4940 2817 5017 ἄστρα
2860 4941 2992 5021 φησῖ
3046 4940 3288 5016 γενέσθαι
3347 4940 3553 4997 κύκλον
3611 4942 3809 5017 ττυρὸς,

2152 5031 2553 5111 περιληφθέντα
2593 5029 2649 5087 δὲ
2681 5031 2785 5086 ὐπὸ
2842 5031 3023 5107 ἀέρος.
3075 5031 3335 5094 Ἐκπνοᾶς
3390 5028 3447 5087 δὲ
3505 5033 3641 5087 εἶναι
3698 5033 3805 5087 πόα

2155 5142 2282 5196 ρους
2311 5121 2459 5183 τινὰς
2490 5117 2779 5196 αὐρώδεις,
2837 5121 2953 5174 καθ’
3009 5119 3105 5183 οὓς
3164 5124 3446 5197 φαινὸνται
3490 5121 3558 5176 τὰ
3616 5121 3811 5195 ἄστρα-

2154 5205 2239 5264 διό
2291 5231 2422 5289 φησι
2507 5209 2595 5264 καὶ
2673 5206 3155 5282 ἐπιφρασσομὲνων
3232 5212 3343 5264 τῶν
3412 5208 3651 5266 ἐκπνοῶν
3708 5211 3805 5272 τὰς

2153 5296 2423 5372 ἐκλείψεις
2453 5294 2715 5371 γίνέσθαι.
2747 5296 2854 5365 Τήν
2885 5292 2942 5351 δὲ
2993 5295 3229 5369 σελήνην
3288 5299 3421 5353 ποτὶ
3483 5299 3577 5373 μὶν
3629 5300 3807 5378 φαίνε-

2155 5397 2274 5451 σθαι
2334 5387 2746 5460 πληρουμένην,
2814 5385 2946 5441 ποτὶ
2996 5381 3052 5439 δὲ
3115 5387 3443 5459 μειουμένην
3511 5388 3655 5464 παρὰ
3706 5391 3807 5458 τήν

2151 5479 2259 5529 τῶν
2288 5473 2471 5547 πόρων
2502 5472 2779 5550 ἐπίφραξιν
2806 5471 2840 5548 ᾖ
2876 5471 3094 5545 ἄνοιξιν.
3147 5474 3306 5532 Εἶναι
3364 5472 3421 5530 δὶ
3452 5475 3541 5531 τὸν
3601 5474 3806 5531 κύκλον

2148 5566 2246 5618 τοῦ
2283 5561 2447 5631 ἡλίου
2501 5560 3177 5619 ἑπτακαιεικοσιπλασίονα
3230 5569 3332 5633 τῆς
3392 5562 3651 5635 σελήνης,
3708 5564 3801 5619 καὶ

2148 5651 2409 5708 ἀνωτάτω
2470 5651 2564 5725 μὶν
2625 5650 2762 5707 εἶναι
2836 5650 2928 5707 τὸν
2968 5651 3154 5723 ἥλιον,
3204 5652 3503 5708 κατωτάτω
3561 5649 3617 5708 δὶ
3675 5651 3810 5715 τοὺς
