4188 6196
328 317 449 376 313

1461 317 1998 383 HISTORlARUM
2046 314 2588 378 COMPENDIUM.

3640 324 3761 388 314

330 453 438 502 τῶν
495 449 754 504 ἀπλανῶν
800 451 1037 525 ἀστέρων
1098 450 1357 515 κύκλους.
1415 454 1497 511 Τὰ
1565 451 1623 508 δὲ
1664 449 1834 522 {eam
1879 451 1980 523 (20]

2107 449 2240 503 simi
2272 465 2517 521 vapores
2579 468 2645 504 ex
2699 468 2835 505 aere
2893 458 3307 522 secernuntur,
3367 454 3468 525 qui
3528 456 3759 514 collecti

332 539 574 613 γίνεσθαι
640 539 1042 614 ἐξατμιζόμενα
1099 542 1203 597 ὑπὸ
1250 547 1347 597 τοῦ
1398 541 1592 612 ἡλίου,
1653 541 1885 614 ἀνέμους
1947 534 2004 591 δὲ

338 628 588 703 γίνεσθαι
616 634 723 683 τῶν
754 627 1100 686 λεπτοτάτων
1145 634 1331 705 ἀτμῶν
1389 630 1449 687 ἐκ
1501 635 1603 687 τοῦ
1655 631 1811 705 ἀέρος
1865 627 2003 682 ἀπο-

335 718 672 793 κρινομένων
720 720 811 774 καὶ
866 720 990 775 ὅταν
1042 721 1374 797 ἀθροισθῶσι
1425 722 1783 794 κινουμένων,
1817 715 1999 777 ὑετοὺς

334 805 392 862 δὲ
423 807 484 863 ἐκ
509 815 613 878 τῆς
642 807 882 883 ἀτμίδος
910 817 1010 880 τῆς
1044 809 1105 866 ὲκ
1132 816 1239 866 τῶν
1277 813 1364 889 ὑφ’
1423 810 1580 881 ἣλιον
1639 805 1999 879 ἀναδιδουμέ-

2114 545 2613 607 commoveantur,
2667 540 2894 611 pluvias
2925 557 2994 595 ex
3039 542 3514 600 exhalationibus
3560 563 3595 602 a
3635 547 3758 602 sole

2114 644 2348 683 sursum
2381 629 2645 698 elevatis,
2684 630 2939 703 fulgura,
2989 647 3121 686 cum
3178 638 3384 689 ventus
3443 650 3760 708 erumpens

2112 718 2301 772 nubes
2334 719 2565 773 scindit.
2601 720 2908 775 Hominem
2950 721 3023 776 ab
3056 720 3224 775 initio
3272 723 3451 793 piscis
3500 725 3757 781 similem

2110 813 2317 863 natum
2342 809 2545 864 fuisse.

331 919 455 967 νης,
496 897 774 971 ἀστραπὰς
807 897 885 967 δὲ,
919 897 1043 955 ὅταν
1074 898 1273 973 ἄνεμος
1303 900 1575 956 ἐκπίπτων
1607 896 1844 967 διίστησι
1874 894 1968 955 τὰς
1998 892 2245 968 νεφέλας.
2286 896 2389 950 Τὸν
2416 892 2473 951 δὲ
2505 897 2788 973 ἄνθρωπον
2821 899 2940 953 κατ’
2969 898 3144 973 ἀρχὰς
3176 900 3334 974 ἰχθύῐ
3361 902 3749 976 παραπλήσιον

331 984 555 1061 γενέσθα
565 1010 600 1043 ι.

398 1078 595 1137 Ἕκτος
677 1077 1053 1151 Ἀναξιμένης.
1144 1078 1322 1141 Οὗτος
1407 1079 1540 1154 ἀέρα
1605 1076 1828 1150 ἄπειρον
1895 1074 1992 1142 τὴν

332 1165 516 1240 ἀρχὴν
549 1163 651 1243 ἔφη
685 1168 842 1236 εἶναι,
887 1165 936 1237 ἐξ
971 1165 1033 1221 οὗ
1061 1167 1130 1222 τὰ
1157 1166 1419 1243 γινόμενα
1470 1168 1561 1222 καὶ
1620 1167 1687 1222 τὰ
1726 1165 1996 1240 γεγονότα

326 1254 516 1308 καὶτὰ
544 1251 778 1326 ἒσόμενα
807 1255 896 1309 καὶ
929 1254 1084 1319 θεοὺς
1122 1255 1211 1310 καὶ
1276 1258 1394 1310 θεῖα
1443 1254 1706 1332 γίνεσθαι.
1774 1254 1882 1321 Τὴν
1935 1245 1993 1305 δὲ

328 1348 436 1417 γῆν
466 1341 730 1398 πλατεῖαν
761 1343 845 1398 ἐπ’
876 1343 1004 1415 ἀέρα
1028 1344 1365 1424 ὀχουμένην.
1423 1346 1666 1418 Ὁμοίως
1732 1340 1790 1397 δὲ
1828 1339 1992 1410 ἥλιον

327 1432 423 1484 καὶ
485 1430 725 1502 σελήνην
794 1433 885 1487 καὶ
944 1433 1009 1487 τὰ
1066 1432 1211 1489 ἄλλα
1291 1431 1462 1508 ἃστρα
1544 1434 1721 1487 πάντα
1799 1432 1995 1504 πύρινα

329 1516 462 1574 ὄντα
503 1520 820 1596 ἐποχεῖσθαι
861 1526 942 1593 τῷ
997 1521 1114 1596 ἀέρι
1157 1519 1244 1576 διὰ
1284 1524 1347 1577 τὸ
1385 1520 1617 1584 πλάτος.
1687 1518 1881 1596 Γέγονε
1938 1514 1995 1571 δὲ

328 1610 399 1664 τὰ
432 1611 602 1685 ἃστρα
636 1610 695 1665 ἐκ
723 1618 827 1685 γῆς
858 1608 947 1665 διὰ
991 1612 1055 1667 τὸ
1119 1613 1219 1681 τὴν
1279 1609 1484 1684 ἰκμάδα
1540 1611 1599 1665 ἐκ
1654 1610 1855 1679 ταύτης
1905 1606 1994 1661 ἁν-

339 1701 610 1769 ίστασθαι,
648 1701 713 1768 ἧς
736 1699 1103 1774 ἁραιουμένης
1148 1701 1209 1756 τὸ
1262 1704 1369 1775 πῦρ
1427 1700 1687 1776 γίνεσθαιο
1738 1700 1881 1754 εἶναι
1938 1694 1995 1750 δὲ

326 1790 420 1844 καὶ
449 1786 674 1863 γεώδεις
705 1788 890 1867 φύσεις
931 1789 983 1843 ἐν
1038 1795 1118 1862 τῷ
1161 1791 1320 1862 τόπῳ
1375 1794 1485 1845 τῶν
1547 1788 1804 1863 ἀστέρων,
1862 1808 1995 1859 συμ-

324 1876 758 1953 περιφερομένας
827 1877 1080 1939 ἐκείνοις.
1149 1880 1323 1939 Οὗτος
1378 1879 1594 1951 ἤκμασε
1648 1878 1785 1933 κατὰ
1854 1877 1982 1938 τοὺς

2177 1076 2383 1130 Sextus
2405 1076 2949 1133 fuitAnaximenes.
2979 1079 3033 1132 Is
3063 1094 3262 1133 aerem
3304 1080 3606 1137 inﬁnitum
3638 1089 3755 1139 sta-

2106 1165 2219 1217 tuit
2250 1180 2450 1220 rerum
2480 1166 2886 1237 principium;
2922 1183 2993 1220 ex
3025 1184 3092 1222 eo
3125 1184 3257 1238 quas
3291 1175 3449 1239 sunt,
3483 1188 3614 1241 qua
3635 1170 3757 1227 fue-

2103 1259 2264 1321 runt,
2324 1254 2525 1308 omnia
2573 1260 2769 1309 ortum
2843 1254 3081 1310 habere.
3144 1257 3284 1311 Esse
3356 1256 3498 1312 deos
3551 1264 3609 1313 et
3658 1275 3753 1315 res

2106 1341 2352 1397 divinas.
2393 1344 2630 1398 Terram
2680 1342 2992 1399 latitudine
3042 1361 3148 1400 sua
3202 1346 3325 1400 aeri
3383 1346 3748 1405 incumbere.

2106 1431 2389 1486 Similiter
2420 1432 2607 1487 solem
2641 1440 2697 1488 et
2726 1433 2930 1489 lunam
2964 1441 3020 1488 et
3069 1434 3331 1506 reliquas
3359 1434 3584 1505 stellas,
3617 1454 3752 1493 cum

2105 1521 2275 1592 ignea
2316 1522 2436 1577 sint
2490 1523 2713 1591 omnia,
2772 1522 2844 1578 ab
2894 1540 3029 1579 aere
3079 1529 3323 1596 propter
3377 1524 3752 1583 latitudinem

2105 1611 2339 1682 gestari.
2372 1611 2583 1667 Stellas
2605 1628 2675 1667 ex
2702 1619 2861 1668 terra
2888 1619 3046 1668 ortas
3079 1630 3145 1669 eo
3179 1614 3337 1684 quod
3359 1630 3431 1669 ex
3454 1631 3521 1670 ea
3538 1615 3753 1671 humor

2105 1702 2366 1771 eﬂ‘ertur,
2394 1719 2511 1773 quo
2543 1707 2847 1758 attenuate
2878 1704 3030 1775 ignis
3061 1703 3325 1760 exsistat.
3385 1704 3522 1760 Esse
3568 1705 3747 1761 etiam

2105 1795 2369 1845 terrenas
2398 1792 2683 1860 quasdam
2709 1796 2952 1847 naturas
2982 1792 3043 1846 in
3091 1791 3221 1847 loco
3254 1792 3583 1861 stellarum,
3616 1811 3748 1865 quas

2104 1894 2224 1933 una
2266 1896 2400 1934 cum
2459 1881 2551 1935 his
2608 1882 3104 1952 circumagantur.
3160 1882 3263 1937 Hic
3320 1882 3521 1937 ﬂoruit
3574 1889 3746 1939 atate

326 1967 561 2041 χρόνους
593 1964 964 2040 Ἀλεξάνδρου
995 1970 1092 2021 τοῦ
1125 1965 1454 2037 Μακεδόνος,
1516 1968 1723 2028 οὗτινος
1777 1966 1865 2021 καὶ
1898 1963 1980 2021 δι-

2096 1968 2412 2023 Alexandri
2458 1970 2812 2037 Macedonis,
2838 1972 3007 2041 cujus
3038 1970 3217 2025 etiam
3248 1977 3576 2042 praeceptor
3606 1972 3741 2026 fuit-

331 2053 604 2117 δάσκαλος
634 2062 868 2131 γέγονεν·

402 2140 687 2217 Ἕϐδομος
721 2146 1112 2222 Ἀναξαγόρας,
1167 2146 1226 2209 ὅς
1272 2145 1519 2201 ἐκαλεῖτο
1571 2150 1738 2214 Νοῦς,
1798 2141 1985 2211 ἐπειδὴ

335 2232 478 2302 ὕλην
511 2234 602 2288 καὶ
633 2237 758 2287 νοῦν
809 2234 1025 2289 πάντων
1069 2233 1251 2308 ἀρχὴν
1306 2235 1392 2288 καὶ
1450 2234 1684 2309 φρουρὸν
1727 2234 1862 2301 εἶπε,
1896 2234 1986 2287 καὶ

326 2323 424 2376 τὸν
486 2321 583 2395 μέν
636 2328 761 2377 νοῦν
820 2327 1100 2393 ποιοῦντα,
1156 2324 1253 2391 τὴν
1320 2319 1376 2377 δὲ
1442 2320 1579 2392 ὓλην
1666 2320 1984 2397 γινομένην.

330 2414 543 2468 Ὄντων
584 2412 690 2485 γὰρ
757 2412 974 2466 πάντων
1029 2413 1291 2488 ὁμοφυῶν
1352 2412 1379 2465 ὁ
1446 2414 1572 2474 νοῦς
1618 2409 1859 2465 ἐπελθὼν
1912 2406 1985 2462 δι·

332 2504 661 2576 εκόσμησεν.
698 2503 863 2566 Οὗτός
919 2502 1058 2557 ἐστιν
1115 2502 1172 2564 ὅς
1227 2503 1319 2557 τὸν
1379 2502 1540 2572 ἣλιον
1601 2504 1720 2557 εἶπε
1781 2498 1983 2575 μύδρον

333 2588 628 2665 διάπυρον,
697 2591 943 2646 τουτέστι
993 2592 1218 2662 πύρινον
1270 2588 1440 2647 λίθον·
1508 2587 1717 2666 μύδρος
1778 2589 1824 2644 δ’
1874 2588 1983 2644 ἐστὶ

326 2676 559 2755 σίδηρος
587 2679 753 2755 ἀργὸς
778 2678 1294 2754 πεπυρακτωμένος.
1327 2681 1400 2736 Τὸ
1436 2676 1481 2734 δ’
1508 2681 1661 2741 ἓποςο

317 2768 559 2827 Ἠέλιον
656 2769 923 2845 πυρόεντα
1005 2768 1207 2846 μύδρον
1294 2771 1427 2826 ποτὲ
1532 2770 1749 2846 φάσκεν-
1812 2770 1986 2844 ὑπάρ-

1800 2860 1875 2895 ειν

1800 2860 1875 2895 ειν

404 2932 509 2989 Καὶ
559 2929 649 2986 διὰ
721 2936 886 2987 τοῦτο
971 2936 1149 2996 θανεῖν
1215 2929 1416 3005 μέλλεν
1499 2842 1877 3006 Ἀναξαγίεξαςν

341 3020 422 3076 ὅτι
456 3022 547 3075 καὶ
582 3019 752 3094 μείζω
782 3028 882 3089 τῆς
931 3019 1352 3090 Πελοποννήσου
1406 3020 1498 3075 τὸν
1563 3017 1726 3089 ἣλιον
1781 3017 1983 3094 ἔλεγεν.

310 3108 487 3170 Οὗτος
524 3109 895 3182 Κλαζομένιος
937 3109 1011 3164 ὢν
1072 3108 1317 3183 ἀγέλαις
1377 3130 1436 3164 τε
1489 3108 1581 3164 καὶ
1611 3109 1867 3182 καμήλος
1922 3109 1988 3163 τὰ

318 3203 522 3255 ἑαυτοῦ
560 3199 744 3269 ἀνῆκε.
779 3200 907 3275 Περὶ
938 3200 1135 3255 τούτου
1185 3198 1289 3279 ἔφη
1349 3197 1734 3261 Ἀπολλώνιος
1768 3200 1796 3254 ὁ
1834 3201 1985 3257 Τυα-

2163 2057 2315 2113 278
2356 2058 2652 2129 Septimus
2694 2062 3091 2132 Anaxagoras,
3140 2065 3529 2132 cognomento
3560 2063 3743 2127 Meus,

2093 2147 2250 2217 quod
2273 2148 2757 2218 omniumyerum
2770 2149 3130 2221 principium
3146 2164 3212 2203 ac
3228 2150 3742 2206 conservationem

2090 2237 2354 2292 materia)
2385 2254 2453 2292 ac
2487 2238 2669 2292 menti
2702 2239 3042 2308 ascriberet,
3077 2239 3160 2294 ita
3191 2238 3456 2309 quidem,
3503 2245 3567 2294 ut
3616 2241 3741 2295 haec

2094 2326 2376 2393 efficeret,
2411 2342 2481 2380 ex
2513 2326 2616 2381 illa
2664 2343 2757 2381 res
2787 2327 3016 2381 ﬁerent.
3074 2328 3304 2382 Etenim
3360 2344 3494 2382 cum
3544 2330 3746 2384 omnia

2094 2421 2294 2471 essent
2317 2416 2585 2486 ejusdem
2608 2423 2833 2471 natura.
2864 2424 2923 2471 et
2951 2418 3222 2484 confusa,
3254 2423 3518 2472 mentem
3542 2435 3744 2489 super-

2091 2504 2320 2560 venisse
2351 2522 2418 2560 ac
2449 2522 2518 2560 ea
2549 2505 2868 2560 secrevisse
2897 2511 2956 2559 et
2985 2505 3045 2559 in
3082 2505 3353 2560 ordinem
3402 2505 3742 2561 adduxisse.

2091 2595 2146 2648 Is
2176 2599 2267 2649 est
2291 2594 2391 2663 qui
2422 2593 2571 2648 dixit
2600 2594 2785 2647 solem
2833 2610 2962 2649 esse
2993 2609 3251 2649 massam
3281 2592 3420 2647 ferri
3479 2594 3737 2649 candeno

2093 2690 2236 2750 tem,
2270 2682 2329 2737 id
2351 2688 2440 2738 est
2468 2682 2727 2754 lapidem
2758 2682 3018 2755 igneum.
3041 2683 3121 2738 Ea
3150 2682 3222 2737 de
3245 2698 3445 2738 versus
3470 2681 3744 2739 feruntur

2094 2771 2277 2826 tales:

2235 2860 2570 2916 Gaudentem
2599 2860 2741 2929 ferri
2768 2876 3004 2916 massam
3027 2862 3177 2930 quod
3213 2861 3435 2915 dixerat
3458 2876 3566 2916 esse

2235 2931 2435 3000 Solem,
2465 2934 2563 2986 via:
2590 2938 2816 2986 mortem
2844 2934 2995 3001 fugit
3026 2933 3418 3001 Anaxagoras,

2093 3026 2152 3076 et
2208 3021 2366 3091 quod
2414 3020 2600 3076 solem
2659 3020 3068 3093 Peloponneso
3129 3019 3419 3092 majorem
3470 3020 3737 3077 dixisset.

2092 3110 2459 3166 Clazomenis
2507 3110 2793 3165 oriundus
2849 3109 2980 3164 fuit.
3014 3116 3198 3181 Agros
3256 3126 3392 3164 suos
3448 3110 3651 3165 ovibus
3682 3116 3742 3165 et

2094 3198 2337 3255 camelis
2402 3198 2728 3269 pascendos
2797 3198 3059 3269 reliquit.
3131 3199 3336 3268 Itaque
3388 3197 3737 3268 Apollonius

324 3287 453 3349 νεῦς
511 3282 810 3362 προϐάτοις
871 3287 1084 3360 μᾶλλον
1141 3286 1176 3356 ἤ
1245 3289 1552 3360 ἀνθρώποις
1595 3286 1980 3367 φιλοσοφῆσαι.

2096 3290 2357 3360 Tyaneus
2390 3306 2526 3343 eum
2548 3288 2752 3343 ovibus
2784 3288 2969 3359 magis
2997 3304 3174 3358 quam
3216 3286 3555 3342 hominibus
3605 3287 3737 3359 phi-

329 3377 386 3431 Ὀ
421 3373 481 3430 δὲ
510 3371 751 3447 Θηϐαῖος
784 3376 1001 3450 Κράτης
1032 3378 1410 3431 κατεπόντωσε
1438 3377 1535 3445 τήν
1596 3376 1802 3447 οὐσίαν,
1862 3375 1983 3431 οὔτε

329 3460 636 3539 προϐάτοις
668 3468 904 3534 ποιήσας
932 3462 1217 3535 ἐπιτήδεια
1248 3462 1372 3520 οὔτε
1426 3465 1756 3539 ἀνθρώποις.
1811 3466 1983 3529 Οὗτος

322 3554 545 3627 ἤκμασε
574 3554 712 3608 κατὰ
742 3555 805 3609 τὸ
839 3558 1052 3628 πρῶτον
1112 3548 1234 3619 ἔτος
1284 3561 1383 3624 τῆς
1434 3561 1527 3625 πη“
1583 3551 1978 3628 Ὀλυμπιάδος·

315 3645 440 3698 καθ’
469 3641 527 3697 ὃν
558 3643 649 3697 καὶ
688 3641 914 3698 Πλάτων
950 3642 1165 3718 λέγεται
1198 3645 1538 3718 γεγενῆσθαι.

394 3736 483 3807 [Ρ.
519 3736 645 3807 159]
672 3730 905 3808 Ὄγδοος
933 3732 1269 3809 Ἀρχέλαος,
1303 3733 1479 3797 Οὗτος
1513 3730 1614 3813 ἔφη
1672 3735 1772 3803 τήν
1835 3735 1977 3806 μῖξιν

312 3829 421 3892 τῆς
455 3821 594 3889 ὕλης
624 3822 838 3895 ὁμοίως
869 3823 1229 3898 Ἀναξαγόρᾳ,
1259 3824 1349 3878 καὶ
1413 3823 1510 3885 τὰς
1564 3823 1740 3898 ἀρχὰς
1800 3821 1975 3877 ὡσαύ-

304 3932 439 3974 τως.
476 3912 621 3981 Φησῖ
659 3909 716 3965 δὲ
745 3912 834 3965 καὶ
888 3912 1012 3986 περὶ
1071 3917 1181 3967 τῶν
1251 3913 1407 3982 ζώων
1438 3912 1520 3967 ὅτι
1550 3910 1977 3987 θερμαινομένης

310 4007 419 4069 τῆς
472 4006 575 4073 γῆς
632 4002 696 4055 τὸ
756 4004 970 4075 πρῶτον
1038 3999 1089 4055 ἐν
1148 4005 1229 4073 τῷ
1291 4002 1441 4056 κάτω
1502 4001 1675 4076 μέρει,
1734 3998 1872 4056 ὅπου
1911 4001 1974 4054 τὸ

307 4090 512 4164 θερμὸν
544 4091 638 4145 καὶ
686 4091 749 4146 τὸ
777 4090 990 4167 ψυχρὸν
1054 4089 1335 4166 ἐμίσγετο,
1394 4090 1730 4168 ἀναφανῆναι
1790 4092 1857 4145 τά
1918 4111 1976 4145 τε

315 4184 431 4247 ζῶα
459 4179 549 4234 καὶ
580 4179 633 4234 οἷ
669 4177 970 4254 ἂνθρωποι,
1005 4181 1226 4251 ὕστερον
1258 4177 1316 4234 δὲ
1372 4179 1559 4241 αὐτοῖς
1627 4183 1662 4249 ἡ
1713 4178 1763 4254 ἐξ
1797 4178 1974 4252 ἀλλή-

312 4265 431 4322 λων
489 4267 693 4342 γένεσις
727 4266 1193 4339 ἐπηκολούθησεν.
1255 4270 1502 4342 Ἤκμαζε
1559 4266 1616 4323 δὲ
1668 4269 1757 4323 καὶ
1816 4267 1974 4330 αὐτὸς

310 4357 447 4411 κατὰ
505 4356 631 4419 τοὺς
700 4358 938 4434 χρόνους
997 4356 1355 4435 Ἀναξαγόραι,
1445 4358 1691 4428 συνέταξε
1777 4355 1834 4414 δὲ
1884 4358 1975 4413 καὶ

310 4443 690 4521 φυσιολογίαν.

2092 3375 2467 3447 losophatum
2527 3375 2695 3430 dixit.
2729 3379 2802 3431 At
2830 3375 3031 3430 Crates
3087 3375 3400 3430 Thebanus
3457 3375 3518 3429 in
3576 3391 3739 3430 mare

2092 3463 2338 3534 abjectis
2362 3464 2485 3519 suis
2515 3464 2725 3536 Opibus
2754 3480 2947 3535 neque
2979 3464 3171 3519 ovium
3202 3480 3396 3534 neque
3428 3464 3738 3519 hominum

2090 3553 2329 3608 utilitati
2386 3554 2669 3610 inserviit.
2720 3553 2948 3608 Floruit
2995 3555 3151 3609 circa
3195 3554 3456 3625 primum
3513 3570 3736 3608 annum

2091 3641 2455 3712 Olympiadis
2521 3642 2894 3713 octogesima:
2970 3646 3226 3707 octavae;
3299 3658 3415 3712 quo
3472 3647 3735 3712 tempore

2090 3730 2269 3784 etiam
2297 3728 2458 3783 Plato
2491 3729 2785 3784 exstitisse
2818 3729 3056 3784 dicitur.

2161 3820 2407 3873 Octavus
2440 3819 2783 3873 Archelaus.
2834 3819 2934 3873 Hic
2965 3821 3325 3890 Anaxagoras
3376 3820 3731 3873 sententiam

2090 3909 2162 3964 de
2191 3909 2478 3963 mixtione
2511 3907 2775 3963 materiae
2808 3915 2866 3962 et
2892 3907 3200 3979 principiis
3231 3910 3468 3961 secutus
3499 3912 3606 3960 est.
3654 3908 3732 3960 De

2087 3997 2447 4054 animalibus
2479 3997 2643 4061 dixit,
2697 4013 2830 4051 cum
2861 3996 3117 4067 primum
3170 4001 3327 4050 terra
3388 3995 3735 4050 incaluisset

2089 4088 2224 4142 imis
2255 4086 2541 4158 partibus.
2571 4086 2671 4140 ubi
2700 4085 2962 4141 colidum
2987 4090 3045 4139 et
3074 4084 3354 4157 frigidum
3385 4086 3733 4139 commisce-

2085 4176 2322 4244 bantur,
2358 4176 2652 4231 exstitisse
2694 4179 2751 4230 et
2777 4174 3059 4231 animalia
3107 4180 3165 4229 et
3191 4174 3496 4229 homines:
3530 4178 3735 4245 postea

2086 4266 2157 4321 iis
2207 4266 2471 4321 evenisse
2528 4271 2595 4319 ut
2640 4265 2729 4319 sui
2765 4264 2959 4320 simile
3010 4269 3409 4336 procrearent.
3472 4263 3729 4336 .‘Equalis

2085 4354 2196 4409 fuit
2227 4358 2603 4427 Anaxagorae,
2638 4360 2696 4408 et
2727 4354 2945 4409 librum
2977 4353 3047 4409 de
3080 4359 3291 4409 natura
3320 4370 3518 4409 rerum
3568 4370 3730 4408 com-

2086 4446 2305 4516 posuit.

382 4535 642 4597 ’Ἐννατος
679 4532 930 4603 Πλάτων,
990 4536 1236 4607 μαθητὴς
1299 4535 1647 4611 Σωκράτους·
1683 4536 1712 4590 ὁ
1756 4532 1813 4590 δὲ
1854 4540 1972 4589 Σω-

2153 4538 2354 4591 Nonus
2376 4536 2561 4601 Plato,
2588 4535 2916 4607 discipulus
2939 4534 3217 4600 Socratis,
3252 4534 3351 4604 qui
3376 4533 3728 4589 Archelaum

1521 4731 1884 4787 XYLANDRI
1924 4732 2009 4785 ET
2047 4731 2260 4786 GOABI
2301 4731 2521 4786 ΝΟΤίΕ.

377 4928 493 5051 φο)
525 4922 690 4978 Haud
722 4924 845 4978 scio
871 4940 947 4979 an
980 4923 1135 4978 hanc
1165 4940 1364 4979 vocem
1396 4925 1468 4979 de
1512 4925 1743 4980 Zodiaci
1777 4925 1962 4997 signis

407 4998 565 5051 uerit
593 4995 867 5051 intelligi.
904 4996 1195 5050 Casterum
1232 5011 1302 5049 ex
1337 4996 1589 5051 Diogene
1614 4998 1861 5051 Laertio.
1896 5014 1962 5051 ex

305 4995 565 5068 voluerit
593 4995 1195 5068 intelligi._Caaterum
1232 5011 1302 5049 ex
1337 4996 1589 5068 Diogene
1614 4995 1861 5065 Laertio',
1896 5014 1966 5051 ex

308 5067 628 5122 Plutarcho
671 5066 742 5120 de
775 5066 1273 5137 philosophorum
1306 5066 1558 5138 placitis,
1593 5085 1662 5123 ex
1685 5069 1963 5123 Cicerone

302 5147 361 5193 et
390 5139 523 5193 aliis
556 5137 712 5192 malo
743 5144 1016 5209 repetere
1054 5137 1336 5192 lectorem
1370 5156 1439 5193 ea
1488 5155 1624 5209 qua)
1681 5140 1796 5194 huc
1826 5156 1961 5210 per-

303 5212 516 5270 tinent.
551 5224 731 5279 quam
784 5210 912 5279 ipse
988 5210 1039 5262 ei
1104 5211 1218 5263 ista
1275 5210 1619 5264 annotando
1675 5211 1962 5265 molestus

300 5298 453 5337 esse.
491 5283 603 5334 Nec
644 5282 895 5335 mendas
952 5282 1197 5350 quidem
1258 5297 1468 5335 omnes
1518 5283 1837 5336 emendare
1866 5282 1961 5336 hic

302 5352 559 5424 institui.
589 5352 789 5424 qualia
822 5352 1085 5424 suntne
1149 5352 1586 5424 terraeforma,
1641 5353 1704 5405 τὸ
1765 5358 1961 5424 σχῆμα

300 5423 473 5489 αὐτῆς
527 5418 687 5493 υγρὸν
752 5418 1094 5497 στρογγύλον
1156 5419 1426 5497 χι-ονῶὂες
1490 5422 1624 5497 λίθῳ
1671 5418 1961 5495 παραπλά-

299 5514 440 5561 σιον,
503 5510 634 5563 quaz
693 5494 974 5548 asterisco
1032 5494 1248 5548 notavi.
1314 5500 1531 5549 Versus
1592 5495 1663 5550 de
1723 5494 1958 5551 Anaxa-

296 5582 443 5639 gora
484 5571 622 5619 sunt
652 5564 927 5638 Diogenis
956 5564 1221 5619 l.aer-tii.
1263 5566 1374 5620 Sed
1408 5566 1704 5620 distichon
1758 5574 1958 5638 poste—

2072 4926 2195 4979 rius
2226 4925 2515 4980 omissum
2547 4930 2656 4979 est.
2708 4925 2873 4980 Plato
2906 4940 3024 4979 non
3073 4923 3279 4994 procul
3327 4940 3362 4978 a
3406 4924 3522 4978 fine
3559 4924 3723 4978 Phas-

2076 4996 2248 5052 donis
2306 4996 2607 5051 Socratem
2650 4995 2793 5051 facit
2850 4995 2920 5049 de
2979 4994 3079 5049 illo
3138 4999 3508 5064 querentem,
3568 4994 3724 5064 quod

2075 5068 2147 5123 de
2181 5073 2378 5122 mente
2405 5068 2761 5122 sententiam
2794 5083 2913 5121 non
2946 5065 3251 5119 tenuisset.
3297 5065 3409 5119 Sed
3456 5066 3581 5119 haec
3607 5066 3722 5120 alio

2117 5140 2391 5193 ertinent.
2428 5138 2691 5194 Platonis
2724 5139 2891 5192 locus
2941 5153 3117 5206 quem
3140 5135 3624 5203 Cedrenusjjcitat
3656 5152 3722 5190 ex

2117 5156 2391 5193 erunent.
2428 5156 2691 5194 Platonis
2726 5156 2891 5192 locus
2941 5156 3117 5206 quem
3140 5156 3624 5203 ωσι-επιιιδηοιιειι
3656 5156 3722 5190 ex

2074 5156 2342 5279 Regibus,
2377 5216 2466 5263 est
2513 5210 2743 5263 duabus
2773 5226 2807 5263 a
2864 5207 3158 5279 principio
3189 5207 3325 5279 libri
3354 5207 3425 5260 de
3480 5209 3724 5279 Legibus

2074 5277 2265 5351 quarti
2300 5281 2532 5350 paginis
2564 5284 2639 5349 (p.
2676 5283 2775 5332 716
2808 5277 2905 5345 st.)
2933 5279 3013 5331 De
3054 5278 3170 5351 diis
3202 5277 3446 5351 deorum
3497 5277 3720 5335 et'Cceli

2070 5349 2349 5422 progenie
2383 5353 2544 5404 locus
2576 5356 2663 5403 est
2696 5351 2753 5403 in
2785 5352 3017 5405 Mimaeo.
3040 5350 3252 5422 _Locus
3283 5349 3354 5403 de
3384 5351 3519 5405 Jove
3557 5351 3719 5406 volu~

2071 5420 2226 5477 crcm
2262 5438 2499 5476 currum
2535 5429 2745 5491 agente
2779 5428 2865 5473 est
2900 5422 2953 5473 in
2987 5420 3206 5475 Phaedri
3238 5422 3448 5493 pagina
3490 5429 3717 5493 quarta.

2068 5493 2201 5548 XVL.
