4186 6190
411 326 532 387 319

1779 315 2100 378 GEORGII
2142 315 2495 378 CEDRENI

3711 325 3829 385 320

411 465 682 535 possunt.
716 460 901 513 Deum
960 453 1357 510 immortalem
1390 451 1619 507 nullius
1670 449 1916 506 omnino
1976 464 2047 503 re:

2175 444 2252 501 ὤν
2282 450 2385 503 οὐκ
2414 448 2474 504 ἃν
2527 452 2739 524 γένοιτο
2795 452 3012 525 κέντρον
3071 453 3106 522 ἦ
3165 457 3393 524 σημεῖον
3452 452 3633 526 οὐδὲν,
3700 454 3827 512 οὐδὲ

412 566 616 606 curam
627 563 832 621 gerere
854 564 869 612 ς
887 559 1080 615 neque
1095 559 1223 597 esse
1236 546 1338 596 aut
1351 539 1779 612 providentiam
1794 540 1855 594 in
1876 537 2060 595 ullam

410 644 512 695 aut
541 639 728 693 fatum
758 632 1022 704 aliquod,
1054 630 1158 686 sed
1178 630 1381 685 omnia
1400 629 1643 685 fortuito
1664 628 1920 685 evenire.
1947 628 2063 683 Ha-

413 727 763 783 bitationem
796 724 911 777 Deo
935 720 1199 793 assignat
1218 723 1383 774 extra
1414 718 1723 786 mundum,
1746 718 1810 773 in
1832 716 1905 773 iis
1926 732 2059 788 quas

412 816 536 885 ipse
570 817 734 867 vocat
752 808 1212 865 intermundiis:
1247 807 1329 863 ibi
1362 823 1497 863 eum
1529 807 1786 862 otiosum
1825 821 2060 862 summa

412 904 473 958 in
500 902 796 972 voluptate
829 915 1022 972 agere,
1052 913 1246 969 neque
1279 914 1415 953 eum
1445 901 1549 952 aut
1585 896 1820 969 negotia
1840 895 2056 951 habere

414 993 561 1048 velle
596 996 697 1046 aut
727 989 861 1045 aliis
909 988 1221 1044 facessere.
1273 988 1477 1042 Finem
1532 987 1849 1055 bonorum,
1898 1003 1968 1042 ac
1995 986 2058 1041 in

412 1098 587 1153 quem
612 1080 910 1151 sapientes
939 1076 1213 1143 tendant,
1236 1076 1591 1148 voluptatem
1609 1092 1758 1144 esse,
1785 1076 1903 1131 sive
1926 1092 2057 1131 eam

414 1187 544 1243 quas
568 1166 848 1224 mortales
889 1166 1160 1237 sequitur
1187 1163 1561 1236 cupiditates,
1612 1165 1733 1219 sive
1765 1180 1895 1220 eam
1925 1182 2057 1235 quae

412 1257 726 1314 virtutibus
757 1255 1092 1311 comitatur.
1146 1254 1388 1309 Animas
1435 1270 1564 1310 esse
1621 1253 1969 1326 sanguinem
2002 1259 2059 1306 et

410 1364 547 1403 cum
569 1344 916 1417 corporibus
938 1348 1003 1398 ut
1022 1343 1188 1399 nasci
1213 1344 1297 1398 sic
1319 1343 1497 1399 etiam
1519 1344 1785 1399 interire.
1824 1341 2055 1398 Nullum

401 1434 701 1509 judicium
726 1432 1189 1505 exspectandum
1222 1438 1325 1487 aut
1346 1431 1604 1488 tribunal
1647 1430 2054 1498 metuendum,

405 1524 509 1580 sed
547 1523 821 1595 impunes
872 1537 1114 1593 prorsus
1140 1521 1371 1577 futuros
1420 1520 1522 1590 qui
1571 1518 1860 1593 ﬂagitiose
1894 1519 2053 1575 vixe-

408 1619 566 1669 runt.

472 1794 746 1850 Decimus
771 1794 977 1849 tertius
1008 1793 1216 1849 Sextus
1241 1796 1299 1847 et
1338 1791 1584 1864 Pyrrho.
1640 1791 1853 1847 Sextus
1882 1791 2056 1863 quid-
2086 1807 2132 1873 Β

395 1900 586 1956 quam
616 1883 892 1955 cognosci
925 1887 1027 1938 aut
1072 1881 1297 1954 percipi
1342 1897 1513 1952 posse
1548 1880 1798 1952 negavit,
1851 1881 2053 1953 itaque

402 1972 812 2029 suslinendam
826 1971 1323 2037 assensionem,et
1340 1968 1740 2024 resistendum
1764 1970 1815 2024 ei
1838 1988 1852 2036 ;
1875 1970 2060 2025 idem-

400 2078 513 2133 que
537 2066 745 2116 contra
764 2078 972 2116 omnes
994 2065 1149 2115 artes
1173 2064 1348 2128 atque
1386 2057 1666 2113 scientias
1704 2058 2053 2129 disputavit.

401 2151 628 2221 Pyrrho
640 2155 839 2205 autem
861 2147 1248 2220 philosophus
1263 2146 1602 2219 ephecticus
1624 2146 2054 2218 appellabatur,

401 2239 560 2310 quod
587 2238 1001 2294 assensionem
1034 2236 1290 2291 tolleret.
1323 2234 1672 2305 Disputabat
1703 2235 1864 2290 enim
1911 2252 2057 2290 COD-7

405 2334 497 2383 tra
542 2328 729 2384 alium
782 2326 1225 2398 philosophum,
1286 2323 1387 2395 qui
1441 2323 1646 2379 omnia
1682 2323 1954 2395 cognosci
1987 2340 2055 2379 ac

402 2416 827 2489 comprehendi
886 2431 1061 2486 posse
1120 2411 1534 2469 contendebat.
1591 2412 1683 2467 Sic
1726 2412 1815 2467 illi
1862 2411 2054 2467 verbis

410 2507 786 2570 altercantes,
819 2503 970 2559 alter
1015 2502 1260 2558 alterius
1291 2500 1647 2557 refellebant
1684 2501 2048 2572 opinionem.

468 2598 569 2652 Est
599 2612 736 2667 ergo
761 2593 1250 2649 Academicorum
1272 2597 1329 2646 et
1355 2592 1821 2662 Pyrrhoniorum
1845 2598 1905 2647 et
1924 2593 2050 2664 phi-

404 2686 791 2757 losophorum
842 2682 1160 2754 peculiaris
1193 2686 1373 2749 secta,
1406 2685 1466 2735 et
1510 2681 1845 2736 Academici
1876 2699 2049 2737 voca-

399 2773 638 2839 bantur,
670 2770 827 2841 quod
854 2771 917 2824 in
956 2768 1274 2825 Academia
1320 2768 1859 2824 commorabantur.
1893 2770 2048 2825 ⁸184

393 2863 678 2930 Princeps
699 2874 905 2914 eorum
926 2858 1175 2928 Pyrrho,
1201 2873 1236 2911 a
1257 2872 1373 2927 quo
1388 2857 1700 2927 Pyrrhonii
1725 2856 1866 2913 dicti
1885 2863 2044 2927 sunt,

401 2949 553 3004 nihil
590 2947 812 3019 percipi
839 2962 1012 3018 posse
1044 2945 1399 3010 afﬁrmavit;
1424 2945 1724 3016 jussitque
1748 2945 1809 3000 in
1830 2951 2048 3001 utram-

395 3052 511 3107 que
540 3040 768 3108 partem
809 3034 1135 3106 disputare,
1170 3032 1242 3088 de
1293 3038 1504 3088 neutra
1550 3032 1876 3105 quidquam
1908 3051 2045 3105 pro-

392 3125 708 3181 nuntiare:
756 3123 908 3180 nihil
966 3123 1124 3178 enim
1153 3137 1287 3178 vere
1344 3137 1539 3193 neque
1595 3121 1793 3177 animo
1846 3139 2039 3194 neque

394 3232 573 3271 sensu
604 3214 850 3285 percipi,
903 3212 1089 3268 videri
1140 3216 1368 3266 tantum
1413 3211 1754 3266 hominibus
1798 3213 1882 3267 ita
1932 3212 2040 3268 ha-

391 3303 552 3359 bere.

464 3392 533 3445 Hi
564 3407 701 3463 ergo
719 3406 927 3445 omnes
957 3390 1029 3444 de
1059 3388 1318 3444 universi
1340 3393 1554 3444 natura
1575 3394 1633 3442 et
1661 3394 1793 3443 ortu
1819 3405 1887 3444 ea
1905 3405 2041 3446 sen-

388 3485 598 3534 serunt
618 3495 685 3534 ac
706 3478 1078 3534 tradiderunt
1098 3494 1228 3547 quae
1251 3476 1567 3532 retulimus
1591 3493 1605 3545 ;
1630 3477 1903 3548 infraque
1937 3478 2038 3533 Dei

390 3566 788 3638 cognitionem
846 3566 1259 3635 subsistentes,
1303 3566 1363 3620 in
1422 3581 1625 3621 rerum
1682 3565 2039 3622 caducarum

388 3660 603 3712 natura
659 3655 919 3711 studium
978 3660 1412 3727 occupaverunt
1477 3655 1902 3725 cognoscenda,
1964 3654 2038 3711 ad

389 3745 862 3818 magnitudinem
893 3762 1091 3801 rerum
1114 3751 1447 3801 creatarum
1470 3750 1801 3816 stupentes,
1821 3761 2039 3816 easque

391 3854 496 3909 pro
524 3838 768 3892 numine
797 3838 926 3909 ipso
955 3836 1232 3907 amplexi.
1257 3838 1345 3891 Ita
1365 3834 1517 3891 alius
1548 3835 1729 3891 aliam
1753 3842 2038 3892 creaturas

388 3932 619 3999 partem
666 3925 1072 3998 prmferentes,
1102 3926 1287 3981 Deum
1345 3925 1560 3980 horum
1591 3926 1866 3996 Opiﬁcem
1918 3943 2037 3981 non

388 4024 774 4091 agnoverunt.
810 4020 923 4074 Nos
955 4023 1155 4074 antem
1186 4016 1468 4087 deinceps
1500 4024 1820 4088 sequentes
1852 4017 2038 4072 histo-

286 4136 293 4141 -
387 4109 506 4166 rias
538 4109 816 4180 persequi
847 4107 1276 4179 aggrediemur.

462 4198 817 4254 Ptolemaeus
844 4212 979 4268 ergo
1003 4195 1137 4268 Lagi
1160 4195 1318 4250 illius
1339 4196 1563 4267 Egypti
1588 4212 1831 4268 regnum
1848 4213 2039 4254 annos

391 4287 460 4337 40
490 4285 674 4355 gessit
698 4284 850 4355 (ejus
889 4288 1061 4337 astate
1110 4282 1395 4353 Epicurus
1439 4281 1830 4355 philosophus
1863 4285 2035 4339 inno.

394 4374 530 4442 tuit)
548 4379 683 4444 post
699 4373 940 4427 Darium
958 4372 1221 4426 Arsamis
1240 4371 1428 4426 illium
1440 4387 1616 4441 quem
1642 4375 2039 4429 Romanorum

389 4478 595 4533 regum
624 4477 801 4517 causa
834 4460 1282 4515 referendarum
1313 4460 1643 4528 omisimus,
1677 4478 1854 4534 regno
1896 4464 2031 4518 tun-

2175 532 2436 613 διαίρεσις
2468 537 2715 613 οὐδεμία.
2748 541 2854 598 Τὸν
2907 537 2965 595 δὲ
3023 541 3152 596 Θὲον
3185 538 3358 597 αΐδιον
3418 541 3509 598 καὶ
3562 540 3831 621 ἄφθαρτον

2175 626 2300 682 ὄντα
2333 625 2467 702 μηδ’
2496 627 2644 694 ὅλως
2674 630 2820 692 τινὸς
2871 636 3145 705 προνοεῖν.
3208 631 3311 687 Καὶ
3372 629 3522 695 ὅλως
3570 634 3824 707 πρόνοια,

2172 716 2360 795 φησὶν,
2392 716 2491 773 οὐκ
2506 716 2672 787 ἔστιν,
2705 716 2830 774 ούδὶ
2861 718 3191 792 εἲμαρμὲνη,
3247 718 3374 777 ἀλλ’
3429 721 3825 797 αὐτοματισμῷ

2172 804 2342 861 πάντα
2369 804 2628 881 γίνεσθαι.
2679 808 2757 866 Τὸ
2812 805 2869 864 δὲ
2900 809 3220 883 οἰκητήριον
3278 813 3377 865 τοῦ
3434 816 3569 866 Θεοῦ
3600 809 3702 884 ἔξω
3729 816 3826 868 τοῦ

2171 895 2382 969 κόσμου
2414 896 2551 952 εἶναι
2606 895 2858 975 λέγει,ἐν
2889 903 3007 960 τοῖς
3073 899 3467 972 μετακοσμίοις
3526 898 3673 956 οὕτω
3728 922 3829 956 κα-

2173 980 2465 1058 λουμένοις
2494 987 2707 1049 τόποις·
2739 987 3034 1062 ἡσυχάζων
3079 987 3181 1063 γὰρ
3238 984 3430 1057 ⁸ἣδεται
3460 989 3515 1043 ἓν
3554 993 3623 1063 τῇ
3654 989 3828 1066 ἀκρο-

2167 1076 2303 1148 τάτῃ
2339 1076 2666 1155 εὐφροσύνῃ,
2722 1076 2815 1130 καὶ
2875 1076 3001 1131 οὕτε
3045 1075 3208 1137 αὐτὸς
3241 1075 3500 1151 βούλεται
3531 1079 3829 1154 πράγματα

2169 1156 2316 1237 ἔχειν
2349 1160 2474 1220 οὔτε
2502 1163 2663 1237 ἄλλῳ
2692 1163 2975 1241 παρέχειν.
3039 1163 3209 1226 Τέλος
3239 1163 3297 1220 δὲ
3324 1166 3435 1220 τῶν
3491 1166 3705 1244 ἀγαθῶν
3731 1171 3823 1224 καὶ

2172 1256 2351 1332 σοφῶν
2381 1249 2592 1328 ἀνδρῶν
2620 1252 2720 1328 τῂν
2779 1251 2983 1323 ἡδονὴν
3025 1252 3380 1331 εἷναίφησιν,
3412 1254 3520 1311 εἴτε
3555 1259 3656 1327 τήν
3689 1258 3824 1313 κατᾶ

2168 1341 2265 1404 τὰς
2322 1343 2516 1413 θνητὰς
2574 1342 2865 1417 ἐπιθυμίας
2921 1340 3029 1398 ε’ίτε
3084 1344 3183 1412 τήν
3229 1346 3346 1398 κατ’
3403 1345 3619 1420 ἀρετὴν.
3666 1348 3820 1420 Αἷμα

2170 1426 2227 1486 δὲ
2254 1431 2344 1486 γαὶ
2374 1432 2470 1494 τὰς
2501 1433 2682 1511 ψυχὰς
2721 1431 2880 1502 εἶναι,
2937 1432 3026 1487 καὶ
3083 1429 3497 1489 συνδιαλύεσθαι
3548 1440 3666 1497 τοῖς
3713 1436 3827 1489 σώ-

2173 1540 2331 1593 μασιν
2362 1518 2547 1594 ὥσπερ
2575 1519 2664 1576 καὶ
2688 1523 3109 1596 συγγεννῶνται.
3141 1521 3329 1595 Κρίσιν
3363 1523 3493 1598 φησὶ
3551 1523 3628 1596 μὴ
3685 1525 3826 1578 εἶναι

2171 1612 2313 1681 μήτε
2365 1609 2688 1687 δικαστήρια
2771 1609 2900 1666 ἀλλ’
2972 1611 3289 1673 ἀνευθύνους
3347 1613 3484 1668 εἶναι
3541 1612 3826 1678 παντελῶς

2165 1699 2295 1764 τοὺς
2329 1699 2396 1754 τὰ
2424 1698 2630 1773 ἄθεσμα
2659 1696 2980 1774 δράσαντας.

2239 1785 2696 1862 Τρισκαιδὲκατος
2756 1790 2942 1859 Σέξτοι
3005 1789 3098 1844 καὶ
3174 1789 3481 1866 Πύῤῥωνες,
3531 1793 3560 1846 6
3593 1793 3687 1864 μὶν
3744 1795 3824 1867 μή

2174 1876 2308 1932 εἶναι
2339 1878 2514 1949 πάντη
2544 1879 2790 1954 γνωστὸο
2821 1878 2912 1933 καὶ
2940 1876 3295 1949 καταληπτὸν
3319 1880 3347 1933 6
3389 1879 3585 1950 Σέξτος
3615 1877 3827 1957 δογμα-

2170 1964 2358 2035 τίζων,
2446 1964 2643 2042 ἐπέχον
2726 1965 2817 2021 καὶ
2900 1966 3269 2040 ἐνιστάμενος’
3334 1966 3491 2031 οὗτος
3539 1968 3631 2023 καὶ
3689 1970 3829 2045 πρὸς

2168 2059 2343 2108 πᾶσαν
2376 2053 2591 2110 ἀντεῖπε
2627 2054 2832 2129 τὲχνην
2880 2055 2971 2109 καὶ
3029 2055 3220 2125 ἐπιστή
3234 2078 3364 2129 μην.
3396 2056 3457 2114 Ὁ
3491 2052 3545 2111 δὲ
3602 2056 3828 2132 ΙΙύῤῥων

2169 2141 2473 2221 φιλόσοφος
2522 2141 2596 2198 ὢν
2656 2143 2935 2222 ἐφεκτικὸς
2972 2142 3244 2212 ἐκαλεῖτο,
3303 2144 3645 2219 ἐνιστάμενος
3685 2147 3825 2202 κατὰ

2163 2236 2262 2286 τοῦ
2293 2230 2609 2302 ἐξεναντίας,
2652 2231 2957 2311 φιλοσόφου
3011 2233 3103 2287 καὶ
3155 2231 3351 2288 τούτου
3402 2230 3584 2297 ὄντος.
3641 2234 3817 2297 Οὗτος

2165 2321 2336 2376 πάντα
2426 2320 2639 2394 γνωστᾶ
2717 2323 2799 2394 [Ρ.
2887 2324 3012 2395 162]
3085 2321 3176 2377 καὶ
3258 2320 3587 2395 καταληπτὰ
3629 2318 3821 2403 ἔφασεν

2164 2410 2320 2481 εἶναι,
2375 2411 2462 2464 καὶ
2527 2408 2669 2464 οὕτω
2754 2409 2821 2465 τὰ
2904 2408 3171 2481 ἀλλήλων
3227 2408 3675 2487 λοείομαχοῦντες
3723 2413 3821 2468 ἆν-

2164 2499 2333 2573 ῄρουν
2346 2542 2360 2557 .

2234 2585 2636 2661 Ἀκαδημαϊκοὶ
2665 2589 2754 2643 καὶ
2807 2587 3141 2663 Πυρρώνειοι
3169 2587 3314 2660 ἄλλη
3347 2589 3552 2665 α’ίρεσις
3582 2589 3810 2668 φιλοσό-

2161 2698 2299 2754 φων.
2361 2675 2705 2748 Ἐκλήθησαν
2779 2674 2836 2732 δὲ
2894 2674 3296 2751 Ἀκαδημαϊκοὶ
3355 2676 3447 2734 διὰ
3508 2685 3572 2736 τὸ
3628 2679 3682 2735 ὲν
3742 2684 3811 2755 τῇ

2160 2762 2478 2840 Ἀκαδημίᾳ
2552 2768 2650 2830 τὰς
2721 2762 3001 2841 διατριϐὰς
3085 2766 3282 2832 αὐτοὺς
3358 2773 3654 2833 ποιεῖσθαι.
3718 2774 3813 2824 Ὧν

2158 2851 2319 2927 ἄρξας
2372 2854 2401 2908 6
2461 2853 2687 2931 Πύρῥων
2720 2898 2735 2924 ,
2787 2855 2876 2934 ἀφ’
2933 2853 2997 2909 οὗ
3042 2853 3376 2930 Πυῤῥώνειοι
3433 2856 3813 2928 ἑπεκλήθησαν

2158 2941 2478 3021 φιλόσοφοι,
2516 2944 2618 3012 τήν
2684 2943 3065 3019 ἀκαταληψίαν
3120 2944 3374 3000 ἁπάντων
3430 2950 3650 3020 πρῶτος
3698 2946 3810 3002 elc-

2158 3036 2379 3110 ἤγαγεν,
2413 3033 2488 3095 ὡς
2540 3032 2840 3109 ἐπιχειρεῖν
2875 3033 2971 3107 μὲν
3031 3033 3109 3097 εἰς
3163 3035 3408 3110 ἑκάτερα,
3478 3036 3556 3110 μή
3616 3038 3809 3111 μέντοι

2154 3121 2540 3201 ἀποφαίνεσθαι
2628 3119 2820 3196 μηδὲν·
2884 3120 3038 3178 οὐδέν
3109 3125 3214 3198 γὰρ
3266 3124 3403 3180 εἶναι
3454 3123 3638 3201 ἓλεγεν
3690 3123 3815 3181 οὔτε

2149 3212 2345 3283 νοητὸν
2369 3209 2493 3267 οὔτε
2520 3211 2778 3281 αἶσθητὸν
2812 3211 3035 3285 ἀληθὶς,
3093 3211 3240 3268 ἀλλὰ
3294 3210 3471 3270 δοκεῖν
3520 3217 3636 3275 τοῖς
3702 3214 3800 3269 ἀν⁹

2153 3300 2393 3374 θρώποις
2423 3300 2597 3362 οὕτως
2626 3298 2797 3375 ἔχειν.

2219 3390 2388 3447 Οὗτοι
2421 3390 2515 3464 μὲν
2547 3391 2639 3446 οὗν
2672 3390 2867 3452 πάντες
2895 3388 2984 3446 ἐπὶ
3027 3398 3130 3461 τῆς
3184 3396 3282 3448 τοῦ
3348 3392 3547 3456 παντὸς
3601 3394 3815 3472 φύσεώς

2147 3500 2205 3534 τε
2234 3479 2322 3534 καὶ
2358 3478 2616 3553 γενέσεως
2654 3478 2880 3551 ταύτης,
2939 3480 3119 3542 καθὼς
3157 3479 3462 3555 ἐξεθὲμεθα,
3498 3480 3705 3551 ἐξεῖπον
3736 3486 3806 3556 τῇ

2148 3566 2321 3622 αὐτῶν
2355 3566 2681 3644 “Emathio
2723 3566 2781 3623 δὲ
2835 3573 2932 3623 τοῦ
2981 3566 3139 3624 Θείου
3195 3570 3391 3633 πάντες
3445 3572 3805 3645 χωρήσαντες

2145 3660 2399 3734 περὶτῶν
2427 3658 2724 3736 γινομένων
2772 3659 2958 3714 οὐσίαν
2989 3658 3416 3735 ἡσχολήθησαν,
3474 3661 3543 3716 τὰ
3596 3661 3800 3737 μεγέθη

2145 3755 2244 3815 τῆς
2274 3748 2501 3811 κτίσεως
2529 3748 2964 3825 καταπλαγὲντες
3017 3749 3108 3803 καὶ
3148 3749 3284 3804 αὐτὰ
3338 3750 3400 3805 τὸ
3458 3752 3608 3806 Θεῖον
3667 3753 3802 3806 εἶναι

2144 3836 2484 3909 νομίσαντες,
2529 3833 2708 3911 ἕτερος
2766 3833 2945 3911 ἕτερον
3004 3836 3170 3913 μέρος
3220 3844 3320 3907 τῆς
3386 3838 3615 3902 κτίσεως
3668 3859 3807 3915 προσ

2145 3927 2419 4002 κρίναντες
2456 3972 2469 3997 ,
2553 3928 2645 3983 τὸν
2713 3927 2924 3983 τούτων
2978 3928 3105 3983 Θεὸν
3164 3928 3256 3983 καὶ
3310 3925 3645 4005 δημιουργὸν
3704 3928 3805 3984 ούκ

2147 4014 2454 4092 ἐπέγνωσαν
2487 4059 2501 4073 .
2562 4017 2752 4088 Ἡμεῖς
2811 4013 2868 4071 δὲ
2921 4020 3029 4071 τῶν
3085 4015 3276 4095 ἐφεξῆς
3315 4018 3570 4094 ἱστοριῶν
3626 4015 3795 4073 πάλιν

2141 4106 2243 4173 τῆν
2271 4104 2420 4176 τάξιν
2450 4099 2808 4165 ἀναλαϐόντες
2838 4108 2936 4160 τοῦ
2967 4102 3139 4181 λόγου
3170 4104 3456 4183 ἐχώμεθα.

2218 4191 2563 4267 Πτολεμαῖος
2622 4194 2650 4249 6
2729 4193 2910 4269 Λάγου
2967 4187 3313 4249 ἐϐασίλευσεν
3368 4195 3643 4271 Αἰγύπτου
3698 4191 3793 4267 ἔτη

2143 4282 2540 4357 τεσσαράκοντα
2596 4281 2709 4356 (ἐπὶ
2764 4281 2960 4337 τούτου
3016 4281 3341 4357 Ἐπίκουρος
3401 4284 3430 4337 6
3487 4280 3798 4362 φιλόσοφος

2147 4368 2494 4447 ἐγνωρίζετο)
2555 4369 2690 4445 μετᾶ
2773 4375 2993 4445 Δαρεῖον
3054 4370 3356 4446 Ἀρσάμου,
3414 4370 3472 4426 ὅν
3532 4369 3621 4427 διὰ
3673 4374 3807 4437 τοὺς

2145 4463 2256 4515 τῶν
2309 4460 2599 4533 Ῥωμαίων
2649 4458 2895 4533 βασιλεῖς
2952 4458 3348 4534 παρελίπομεν,
3410 4458 3804 4535 βασιλεύσαντα

390 4532 550 4605 ctum
580 4566 769 4605 annos
798 4552 851 4603 6.
884 4550 1007 4615 Quo
1038 4548 1347 4604 interfecto
1377 4547 1712 4605 Alexander
1730 4532 2031 4607 Dersicum

2162 4545 2235 4619 ἶτη
2269 4549 2334 4612 ς”
2381 4548 2440 4603 ὃν
2497 4547 2588 4603 καὶ
2643 4547 2854 4602 ἀνεῖλεν
2910 4544 3284 4619 Ἀλέξανδρος,
3330 4548 3639 4614 καταλύσας
3690 4553 3792 4621 τήν

388 4654 637 4711 regnum
649 4637 924 4705 abolevit,
948 4642 1199 4692 tractum
1223 4653 1532 4708 perannos
1552 4638 1677 4691 240.
1705 4638 2037 4696 Alexander

388 4728 569 4784 totius
596 4743 782 4799 prope
827 4726 988 4783 orbis
1045 4730 1335 4781 terrarum
1394 4725 1710 4796 imperium
1762 4725 2033 4798 adeptus,

387 4817 685 4890 Babylone
719 4822 1009 4882 mortuus,
1033 4830 1282 4887 regnum
1314 4814 1443 4885 ejus
1466 4813 1624 4869 inter
1652 4832 1930 4887 proceres
1947 4817 2034 4873 di-

387 4907 572 4963 visum
604 4910 711 4962 est.
761 4904 1116 4960 Ptolemreus
1168 4904 1300 4975 Lagi
1334 4903 1493 4958 ﬁlius
1532 4904 1757 4976 Egypti
1790 4922 2037 4978 regnum

386 4995 679 5064 obtinuit;
712 5010 780 5049 ac
819 4999 951 5065 post
983 5008 1117 5048 eum
1162 4991 1464 5047 Ptolemaei
1497 4991 1599 5046 alii
1655 4994 1719 5046 13
1745 5010 1934 5064 usque
1965 4996 2037 5051 ad

385 5083 754 5154 CleOpatram
775 5080 1039 5153 Dionysii
1064 5079 1270 5136 ﬁliam.
1294 5078 1494 5134 Asiam
1518 5078 1856 5135 universam
1880 5083 2042 5137 Anti-

385 5187 572 5239 gonus
603 5170 927 5242 occupavit.
959 5168 1225 5239 Assyrias,
1269 5166 1586 5237 Babylonis
1615 5172 1676 5221 et
1706 5168 2037 5225 Palaestina:

387 5274 568 5325 regno
628 5260 850 5329 potitus
897 5264 988 5313 est
1043 5257 1325 5313 Seleucus
1382 5255 1682 5311 Nicanor?
1740 5257 1889 5315 285
1944 5259 2037 5315 cui

388 5352 672 5404 successit
707 5352 1032 5405 Antiochus
1056 5350 1233 5412 filius,
1264 5356 1319 5404 et
1343 5348 1622 5420 deinceps
1644 5348 1743 5405 alii
1763 5354 1826 5405 15
1852 5368 2038 5422 usque

389 5438 463 5492 ad
491 5438 846 5492 Antiochum
906 5438 1295 5510 Epiphanem,
1348 5438 1574 5493 Seleuci
1638 5438 2036 5511 Philopatoris

390 5524 601 5582 lilium.
639 5524 755 5580 Hoc
784 5532 1068 5595 regnante
1100 5526 1507 5581 Hierosoluma
1533 5526 1729 5580 denuo
1761 5537 1931 5600 capta
1981 5538 2037 5584 et

389 5630 485 5671 res
516 5610 976 5669 Maccabaorum
993 5620 1169 5684 gestae
1189 5613 1618 5685 templumque,
1641 5616 1726 5669 uti
1758 5617 2042 5687 praedixe-

2147 4634 2426 4712 βασιλείαν
2484 4640 2700 4710 Περσῶν
2748 4633 3100 4711 διαρκὲσασαν
3131 4633 3224 4706 ἔτι)
3286 4645 3395 4711 cpi.
3449 4636 3621 4701 Αὖτὸς
3679 4637 3738 4694 δὲ
3767 4642 3795 4695 6

2146 4723 2498 4801 Ἀλέξανδρος
2529 4727 2705 4796 πάσης
2761 4731 2869 4802 γῆς
2920 4722 3115 4800 σχεδὸν
3173 4725 3456 4800 κυριεύσας
3515 4727 3566 4782 ἐν
3628 4724 3800 4785 Βαϐυ-

2146 4812 2283 4870 λῶνι
2315 4814 2560 4871 τελευτὰ.
2617 4818 2954 4889 Διαιροῦνται
3010 4810 3068 4868 δὲ
3116 4815 3216 4883 τὴν
3249 4813 3523 4888 βασιλείαν
3556 4817 3610 4870 οἱ
3643 4838 3802 4891 μεγι-

2147 4908 2328 4965 στᾶνες
2389 4902 2592 4974 αὐτοῦ,
2651 4903 2737 4958 καὶ
2803 4901 3151 4977 βασιλεύουσι
3214 4902 3558 4976 Πτολεμαῖος
3622 4906 3720 4978 μὲν
3778 4907 3806 4960 6

2148 4994 2337 5067 Λάγου
2391 4991 2676 5067 Αἰγύπτου
2749 4992 2840 5046 καὶ
2908 4990 3136 5060 κατεξῆς
3198 4990 3532 5065 Πτολεμαῖοι
3595 4999 3662 5067 ιγ’
3698 4990 3805 5059 ἕως

2147 5079 2504 5156 Κλεοπάτρας
2563 5082 2825 5156 θυγατρὸς
2878 5080 3158 5135 Διονυσίου
3185 5127 3198 5148 ,
3230 5087 3331 5150 τῆς
3366 5078 3423 5135 δὲ
3454 5082 3635 5146 Ἀσίας
3694 5085 3799 5138 πά-

2148 5192 2248 5240 σης
2288 5170 2602 5247 Ἀντίγονος
2660 5169 2893 5245 ἐκράτει,
2921 5175 3022 5238 τῆς
3084 5166 3142 5223 δὲ
3196 5171 3478 5245 ’Δσσυρίας
3544 5173 3632 5226 καί
3695 5174 3802 5228 Ba-

2148 5253 2399 5322 ϐυλῶνος
2442 5258 2529 5313 καὶ
2592 5257 2951 5329 Παλαιστίνης
3008 5256 3276 5321 Σέλευκος
3321 5256 3531 5333 ἐκράτει
3564 5260 3591 5314 ὁ
3623 5259 3799 5317 Νικα-

2146 5368 2278 5420 νωρ.
2315 5348 2463 5402 Μετὰ
2509 5345 2567 5401 δὲ
2630 5345 2893 5402 Σέλευκον
2943 5341 3287 5402 ἐϐασίλευσεν
3346 5347 3631 5426 Ἀντιὸχος
3689 5351 3807 5411 υἱὸς

2147 5436 2317 5491 αὐτοϋ
2347 5437 2438 5490 καὶ
2496 5433 2663 5490 ἄλλοι
2732 5436 2808 5491 ιε’.
2863 5437 2994 5493 Εἶτα
3055 5430 3398 5490 ἐϐασίλευσεν
3460 5437 3807 5516 Ἀντίοχοςὸ

2148 5526 2467 5600 Ἐπιφανὴς,
2502 5523 2616 5587 υἱὸς
2674 5522 2942 5579 Σελεύκου
3007 5527 3105 5579 τοῦ
3165 5524 3569 5599 φιληπάτορος.
3624 5527 3708 5603 ὑφ’
3741 5528 3805 5583 οὗ

2150 5614 2360 5689 γὶγονεν
2392 5614 2426 5682 ἡ
2455 5612 2674 5689 οευτὲρα
2721 5610 2963 5674 ἅλλωσις
3003 5612 3389 5687 Ἰερουσαλὴμ,
3420 5615 3509 5669 καὶ
3540 5615 3607 5669 τὰ
3649 5620 3805 5671 Μακ-
