4186 6190
348 346 461 406 321
1506 335 1871 401 HISTORIA
1881 336 2061 399 RUM
2104 338 2666 405 COMPENDIUM.
3000 418 3005 425 ,
3629 348 3666 407 3
3684 347 3763 408 32

346 470 587 530 καϐαίων
619 467 896 546 ἐπράχθη.
951 466 1043 523 καὶ
1101 468 1162 523 τὸ
1208 468 1352 542 ἱερὸν
1410 465 1689 540 ἰμολύνθη
1728 469 1864 523 κατά
1888 469 1991 538 τὴν

2128 476 2197 527 'at
2250 471 2551 543 Danielus,
2600 474 2900 546 pollutum
2932 480 3038 531 est.
3075 476 3153 532 Ea
3205 474 3362 533 enim
3406 480 3757 551 tempestate

345 567 445 619 τοῦ
475 555 682 629 Δανιὴλ
714 556 1040 635 πρόρῥησιν.
1099 556 1223 614 Ἀπὶ
1287 556 1391 632 γὰρ
1448 562 1558 612 τῶν
1616 559 1841 632 ἡμερῶν
1867 559 1998 613 τού..

346 672 454 706 των
511 646 830 718 ἐπληθύνθη
889 646 940 702 ἐν
989 649 1060 721 τῇ
1120 651 1194 723 γῇ
1249 646 1318 701 τὰ
1374 645 1532 715 κατὰ,
1581 647 1775 724 ἀφ’ὧν
1805 645 1999 717 ἐξῆλθε

351 742 473 819 ῥίζα
503 737 838 815 ὁμαρτωλὸς
888 736 1186 812 ’Λντίοχος
1222 737 1251 792 ὁ
1301 737 1625 812 Ἐπιφανὴς,
1658 737 1772 794 υἱὸς
1807 736 2002 793 Σελεύ-

349 852 448 886 κου
494 836 593 886 τοῦ
652 826 1065 901 Φιλοπάτορος,
1125 828 1185 890 ὅς
1234 827 1494 902 ὑπάρχων
1530 824 1704 889 δεινὸς
1735 826 1871 903 ἀνὴρ
1909 826 1997 881 καὶ

348 919 703 990 πλεονέκτης,
770 917 861 972 καὶ
925 913 1145 978 πολλὰς
1240 916 1482 992 ἁρπαγὰς
1544 917 1635 971 καὶ
1702 914 2000 987 λεηλασίας

349 1012 610 1080 ποιήσας,
664 1009 967 1082 συνήγαγεν
1013 1006 1275 1082 ἀργύριον
1329 1006 1416 1060 καὶ
1478 1005 1704 1081 χρυσίον
1737 1007 1999 1075 ποθητὸν,

350 1096 439 1152 καὶ
468 1095 531 1151 ὲκ
566 1092 785 1163 πολλῆς
844 1091 1231 1169 οἶστρηλασίας
1268 1092 1357 1146 καὶ
1411 1090 1708 1153 ἀκολασίας
1767 1091 1843 1153 είς
1873 1091 2001 1153 τοὺς

354 1183 561 1259 μίμους
592 1183 774 1248 καθεὶς
822 1181 1008 1238 ἑαυτὸν
1066 1180 1118 1236 ἐν
1175 1178 1294 1254 ὄψει
1353 1182 1569 1237 πάντων
1616 1178 1852 1242 ἀναιδῶς
1881 1186 2000 1243 ταῖς

351 1273 594 1351 γυναιξὶν
642 1271 985 1345 ἐπεμαίνετ’).
1033 1272 1134 1332 "Oc
1180 1269 1317 1324 κατά
1360 1269 1653 1345 πρόσωπον
1697 1276 1797 1339 τῆς
1847 1269 2005 1344 βασι-

354 1362 507 1424 λείας
564 1360 878 1436 χωρούσης,
935 1354 1222 1429 ήϐουλήθη
1279 1356 1404 1432 μίαν
1461 1358 1738 1432 βασιλείαν
1777 1365 2005 1427 ποιῆσαι

357 1454 457 1522 τήν
492 1472 553 1506 τε
607 1448 947 1526 Ἀντιόχειαν
1005 1448 1096 1503 καὶ
1154 1449 1253 1517 τήν
1313 1445 1613 1523 Αἴγυπτον.
1670 1447 1766 1503 Καὶ
1807 1445 1873 1517 δὴ
1902 1448 2003 1517 τήν

359 1540 635 1614 Αἴγυπτον
664 1533 987 1594 καταλαϐὼν
1046 1535 1101 1592 ὲν
1160 1535 1321 1616 ὄχλῳ
1378 1537 1534 1613 βαρεῖ
1581 1536 1671 1592 καὶ
1720 1535 1772 1591 ἐν
1803 1531 2004 1610 ἅρμασι

356 1630 444 1685 καὶ
496 1627 723 1708 ἐλέφασι
768 1628 859 1683 καὶ
913 1626 1096 1700 στόλῳ
1149 1625 1394 1702 μεγάλῳ,
1445 1626 1699 1682 συνάπτει
1756 1622 2005 1699 πόλεμον

2108 559 2355 632 impleta
2396 569 2488 618 est
2532 568 2688 620 terra
2737 564 3199 637 calamitatibus,
3232 572 3549 640 postquam
3594 566 3762 624 radix

2107 656 2490 720 peccatorum
2508 653 3171 727 AntiuchusEpiphanes
3184 655 3759 729 SeleuciPhilopato-

2108 736 2195 792 ris
2228 738 2264 792 fi
2276 738 2389 794 lius
2402 740 2639 811 prodiit.
2655 742 3037 797 IsAntiochus
3051 759 3186 798 acer
3198 743 3376 799 homo
3409 750 3466 800 et
3485 744 3756 816 cupidus,

2109 826 2315 882 multis
2345 828 2569 900 rapinis
2610 846 2679 885 ac
2727 829 3264 901 depraadationibus
3312 850 3475 902 usus,
3526 834 3755 905 argenti

2111 915 2360 988 aurique
2392 933 2635 990 magnas
2666 935 2809 991 opes
2839 920 3048 992 coegit,
3081 937 3149 976 ac
3189 922 3430 977 vesania
3471 922 3759 995 intempe-

2113 1005 2427 1077 rantiaque
2459 1024 2527 1062 eo
2560 1007 2872 1079 prolapsus
2898 1015 2988 1065 est
3018 1016 3083 1064 ut
3113 1011 3268 1066 inter
3294 1012 3513 1066 mimos
3537 1012 3600 1066 in
3621 1028 3758 1067 con-

2111 1099 2315 1167 spectu
2345 1094 2611 1150 omnium
2642 1096 3023 1167 impudenter
3052 1114 3171 1151 suae
3216 1098 3277 1152 in
3312 1098 3593 1154 mulieres
3631 1099 3761 1154 libi-

2113 1181 2240 1236 dini
2297 1183 2747 1254 obsequeretur.
2795 1184 2959 1240 Idem
3008 1202 3186 1257 regno
3242 1203 3523 1259 prospere
3578 1194 3757 1244 eunte

2114 1272 2321 1327 statuit
2366 1289 2471 1328 suo
2521 1289 2703 1347 regno
2755 1276 3063 1346 :Egyptum
3111 1274 3393 1347 adjicere.
3439 1277 3644 1347 Itaque
3696 1278 3757 1332 in

2114 1363 2422 1434 .‘Egyptum
2441 1379 2577 1418 cum
2610 1380 2824 1436 magno
2852 1364 3134 1429 exercitu,
3160 1365 3451 1433 curribus,
3478 1365 3759 1438 elephan-

2116 1450 2190 1505 tis
2229 1467 2296 1505 ac
2323 1450 2512 1508 classe
2545 1468 2758 1524 magno
2808 1452 3132 1524 profectus,
3170 1452 3398 1511 bellum
3449 1454 3764 1510 Ptolemaeo

2115 1539 2282 1613 regni
2344 1541 2571 1613 Egypti
2626 1541 2848 1609 intulit,
2883 1559 3070 1613 eoque
3122 1542 3291 1615 pulso
3320 1543 3499 1600 urbes
3540 1546 3765 1618 Egypti

2116 1644 2323 1683 omnes
2355 1630 2511 1700 cepit
2540 1646 2608 1685 ac
2634 1629 3011 1702 deprredatus
3043 1638 3150 1687 est.

350 1720 486 1795 πρὸς
546 1715 895 1792 Πτολεμαῖον
954 1714 1191 1792 βασιλέα
1246 1715 1551 1790 Αίγύπτουο
1612 1715 1671 1771 ὃν
1728 1716 1818 1771 καὶ
1875 1713 2077 1791 τρέψας
2153 1713 2520 1789 κατεκράτησε
2603 1717 2699 1781 τάς
2750 1717 2802 1772 ἐν
2860 1717 3126 1794 Αἲγύπτῳ
3180 1720 3395 1787 πόλεις,
3456 1722 3545 1775 καὲ
3602 1721 3774 1780 πάσας

351 1805 667 1867 ἐσκύλευσε,

421 1895 508 1969 [Ρ.
545 1894 667 1969 163]
702 1899 816 1963 Τῆς
866 1890 923 1948 δὲ
974 1891 1133 1967 ἁγίας
1164 1893 1381 1955 πόλεως
1414 1892 1844 1966 κατοικουμένης
1878 1893 2014 1965 μετά

2192 1895 2270 1949 Eo
2312 1900 2575 1966 tempore
2609 1912 2743 1951 cum
2768 1912 2937 1952 sacra
2966 1895 3106 1951 urbs
3139 1897 3545 1969 Hierosolyma
3574 1898 3693 1954 alta
3716 1900 3775 1954 in

354 1983 535 2055 πάσης
585 1983 811 2059 εἰρήνης
862 1978 950 2037 διὰ
988 1983 1088 2052 τήν
1138 1984 1234 2036 τοῦ
1278 1982 1582 2057 ἀρχιερέως
1630 1980 1811 2039 Ὀνίου
1853 2000 2017 2055 μισο-

358 2069 632 2147 πονηρίαν
690 2093 749 2126 τε
804 2071 893 2126 καὶ
952 2065 1249 2142 εὐσέϐειαν,
1309 2065 1507 2141 συνέϐη
1565 2071 1683 2125 καθ’
1732 2069 1869 2141 ὅλην
1916 2070 2017 2138 τήν

358 2162 525 2218 πόλιν
560 2159 758 2241 σχεδὸν
786 2161 865 2238 ἐφ’
914 2160 1147 2235 ἡμέραις
1200 2161 1255 2235 μ’
1311 2160 1584 2238 φαίνεσθαι
1616 2157 1704 2215 διὰ
1732 2164 1830 2215 τοῦ
1860 2158 2017 2235 ἀέρος

359 2252 549 2313 ἱππεῖς
576 2249 873 2331 τρέχοντας
912 2249 1198 2319 ἐνόπλους,
1259 2247 1591 2328 διαχρύσους
1623 2247 1821 2311 στολὰς
1862 2247 2017 2325 ἔχον-

359 2361 481 2412 τας,
537 2341 628 2396 καὶ
686 2335 1001 2416 προσϐολὰς
1050 2338 1315 2413 ἑκατέρων
1368 2338 1662 2415 γινομένας
1708 2339 1797 2395 καὶ
1829 2336 2016 2393 ὅπλων

359 2432 602 2500 κινήσεις
657 2428 748 2484 καὶ
803 2427 1051 2505 χρυσέων
1116 2428 1338 2503 κόσμων
1394 2425 1695 2502 ἐκλάμψεις
1736 2426 2015 2488 παντοίοις

361 2516 557 2573 εἴδεσιν
625 2518 940 2597 ἀμφίάσεων
1022 2515 1546 2594 τεθωρακισμένους.
1643 2518 1736 2572 Διὸ
1821 2516 2016 2578 πάντες

358 2605 545 2679 ἠξίουν
602 2605 688 2662 ἐπ’
746 2608 930 2684 ἀγαθῷ
983 2605 1228 2682 γενέσθαι
1308 2607 1410 2676 την
1467 2605 1801 2671 ἐπιφάνειαν.
1858 2607 2018 2666 "Huc

368 2697 459 2751 καὶ
492 2693 811 2771 προεδήλου
846 2697 947 2764 τήν
998 2695 1241 2770 πονηρὰν
1295 2691 1488 2773 ἔφοδον
1540 2695 1855 2771 Ἀντιόχου’
1890 2693 2017 2749 ἀνα-

368 2785 551 2856 ζεύξας
606 2785 708 2859 γὰρ
768 2785 905 2858 μετά
957 2785 1114 2856 νίκης
1166 2782 1388 2854 πολλῆς
1441 2784 1531 2838 καὶ
1611 2783 2019 2860 τεθηριωμένος

360 2876 460 2944 τὴν
517 2875 705 2953 ψυχὴν
767 2868 1046 2947 παρέλαϐε
1102 2875 1202 2944 τήν
1260 2871 1424 2928 πόλιν
1481 2870 1850 2949 δορυάλωτον,
1905 2872 2020 2928 εἶτα

364 2962 760 3037 προστάξαντος
814 2964 943 3026 τοὺς
1003 2963 1337 3039 στρατιώτας
1374 2959 1609 3041 ἀφειδῶς
1640 2962 1857 3018 κόπτειν
1888 2961 2017 3025 τοὺς

371 3052 892 3129 παρατυγχάνοντας
948 3051 1279 3126 ἀνῃρέθησαν
1339 3049 1593 3127 χιλιάδες
1670 3052 1775 3128 ρπ’.
1841 3053 2020 3109 Κατα-

364 3139 655 3213 τολμήσας
686 3139 779 3196 οὗ)
823 3141 911 3196 καὶ
967 3140 1042 3202 εἷς
1089 3140 1153 3196 τό
1201 3140 1447 3216 ἁγίασμα
1486 3140 1743 3196 εἰσελθὼν
1776 3140 1828 3196 ἒν
1860 3141 2022 3216 ὓπερ-

2125 1999 2267 2054 pace
2299 1983 2662 2040 incoleretur
2690 1984 2851 2040 Oniae
2878 1984 3095 2040 summi
3126 1985 3424 2056 pontificis
3454 1986 3672 2058 pietate
3705 2004 3773 2043 ac

2125 2070 2185 2125 in
2241 2072 2430 2128 malos
2462 2073 2793 2142 severitate,
2834 2090 2941 2145 per
2980 2076 3047 2128 40
3094 2075 3214 2128 fere
3265 2074 3391 2129 dies
3435 2092 3542 2147 per
3582 2081 3772 2131 totam

2123 2162 2331 2217 urbem
2381 2163 2441 2218 in
2481 2179 2617 2219 aere
2647 2163 2753 2219 visi
2787 2169 2927 2219 sunt
2957 2164 3093 2235 equi
3143 2165 3365 2220 auratis
3405 2166 3586 2221 armis
3634 2167 3773 2222 tecti

2125 2251 2402 2322 aciesque
2448 2252 2705 2308 adversae
2737 2254 2895 2308 inter
2941 2270 3001 2308 se
3032 2253 3441 2327 confligentes,
3494 2256 3774 2328 utrinque

2124 2348 2320 2397 motus
2349 2359 2673 2411 armorum,
2697 2344 3011 2415 omnisque
3039 2344 3276 2415 generis
3306 2359 3628 2401 aureorum
3650 2347 3778 2401 tho-

2122 2447 2326 2485 racum
2358 2436 2534 2501 atque
2564 2432 2914 2504 integumen
2934 2437 3131 2486 torum
3155 2432 3541 2504 fulgor.Quod
3573 2440 3779 2489 osten-

2126 2524 2252 2574 tum
2296 2520 2379 2575 uti
2408 2520 2560 2575 bene
2603 2526 2880 2589 verteret,
2933 2537 3142 2575 omnes
3192 2526 3585 2592 optaverunt;
3633 2522 3783 2577 illud

2124 2626 2260 2665 vero
2310 2609 2611 2665 infelicem
2643 2609 2915 2665 Antiochi
2945 2609 3261 2665 adventum
3307 2610 3461 2667 286
3512 2611 3779 2684 designa-

2124 2698 2245 2753 bat.
2278 2700 2600 2754 Revertens
2632 2700 2791 2754 enim
2813 2716 2883 2754 ex
2913 2700 3154 2772 Aigypto
3178 2699 3524 2767 Antiochus,
3555 2701 3777 2774 insigni

2126 2787 2369 2843 victoria
2386 2787 2575 2843 elatus
2594 2788 2956 2859 efferatoque
2977 2787 3177 2843 animo
3193 2788 3589 2860 Hierosolyma
3610 2780 3778 2845 ador-

2128 2882 2240 2947 tus,
2265 2876 2316 2931 vi
2342 2877 2729 2948 expugnavit;
2756 2877 3162 2948 militibusque
3186 2877 3497 2949 imperavit
3524 2879 3777 2953 utjugu-

2127 2966 2320 3024 larent
2349 2967 2411 3022 in
2445 2984 2838 3039 quoscunque
2866 2967 3237 3035 incidissent,
3269 2984 3463 3039 neque
3495 2969 3779 3041 cuiquam

2128 3060 2458 3127 parcerent.
2507 3056 2592 3110 Ita
2652 3057 2752 3109 180
2805 3054 2997 3111 millia
3023 3055 3366 3111 Judazorum
3426 3057 3559 3111 caesi
3621 3063 3779 3112 sunt.

2127 3144 2409 3200 Caeterum
2432 3160 2500 3200 eo
2516 3144 2847 3199 temeritatis
2868 3161 3217 3217 progressus
3239 3145 3593 3202 estAntioch
3612 3163 3702 3211 us,
3723 3152 3790 3202 ut

366 3230 570 3308 ηφανίᾳ
613 3227 830 3304 πολλῇ,
877 3230 967 3285 καὶ
1018 3232 1219 3301 στήσας
1271 3230 1458 3304 βωμὸν
1506 3230 1594 3285 καὶ
1627 3227 1858 3285 εἷ’δωλον
1896 3226 2018 3306 βδε-

2130 3232 2308 3288 etiam
2338 3233 2401 3288 in
2433 3233 2761 3289 sacrarium
2788 3231 3214 3304 superbissime
3240 3233 3569 3299 intraverit,
3591 3250 3786 3291 aram-

365 3318 550 3395 λυγμα
600 3318 957 3393 ἐρημώσεως,
1012 3318 1103 3374 καὶ
1150 3320 1243 3375 τὸν
1297 3319 1427 3374 ναὸν
1464 3318 1657 3392 μιάνας
1686 3316 1758 3373 δι’
1791 3318 2026 3393 ἀκαθάρ-

362 3413 473 3464 τῶν
517 3412 739 3477 θυσιῶν,
797 3408 943 3483 ἱερὸν
1003 3409 1127 3471 Διὸς
1182 3406 1497 3483 Ὀλυμπίου
1551 3406 2025 3484 προσαγορεύσας,

363 3498 453 3553 καὶ
510 3497 597 3576 ἂρ’
658 3495 877 3571 ὑψηλοῦ
929 3496 1101 3553 τόπου
1132 3498 1380 3568 καθίσας,
1435 3495 1687 3553 ἒκὲλευσε
1725 3502 1841 3560 τοῖς
1874 3494 2030 3573 δορυ-

364 3587 561 3665 φόροις
614 3583 709 3641 ἵνα
758 3583 982 3643 ἕκαστον
1040 3582 1292 3663 Ἐϐραῖον
1367 3586 1461 3643 καὶ
1531 3592 1704 3662 κρεῶν
1764 3586 2025 3662 χοιρείων

361 3676 453 3731 καὶ
487 3672 890 3740 εἰδωλοθύτων
939 3675 1298 3751 ἀπογεύεσθαι
1346 3675 1689 3753 ἀναγκάζειν,
1724 3675 1769 3731 εἰ
1800 3673 1859 3730 δέ
1885 3694 2027 3737 τινες

370 3767 444 3840 μή
478 3764 713 3832 θέλοιεν,
771 3764 1000 3827 τούτους
1054 3764 1413 3841 ἀναιρεῖσθαι.
1484 3763 1722 3821 Πολλῶν
1791 3761 1850 3819 δὲ
1907 3785 2025 3819 συν-

366 3856 775 3926 αρπασθὲντων,
832 3854 884 3924 ἐξ
937 3855 1010 3909 ὧν
1064 3854 1329 3930 Ἐλεάζαρ
1382 3875 1466 3917 τις
1497 3857 1605 3910 τῶν
1636 3854 2026 3930 πρωτευόντων

365 3940 757 4019 γραμματίων,
786 3940 896 4012 ἤδη
946 3937 1311 4017 προϐεϐηκὼς
1356 3946 1455 4013 τήν
1506 3933 1749 4017 ἡλικίαν,
1787 3942 2030 4018 ἠναγκά-

369 4036 487 4101 ζετο
521 4037 962 4110 μιαροφαγῆσαισ
995 4032 1024 4086 ὁ
1058 4029 1135 4103 δὲ,
1183 4032 1275 4087 τὸν
1328 4033 1446 4106 μετ’
1499 4030 1750 4093 εὐκλείας
1801 4031 2029 4095 θάνατον

371 4119 586 4193 μᾶλλον
618 4121 655 4191 ἢ
688 4121 782 4176 τὸν
819 4121 953 4194 μετά
987 4122 1193 4195 μύσους
1228 4122 1349 4196 βίον
1400 4118 1816 4194 ἀναδεξάμενος,
1849 4120 2032 4184 αὐθαι-

367 4210 536 4282 ρὲτως
585 4209 675 4265 ἰπὶ
722 4210 788 4265 τὸ
843 4208 1120 4282 τύμπανον
1171 4211 1508 4286 προσήγετο,
1568 4210 1659 4265 καὶ
1718 4210 1864 4265 οὓτω
1897 4208 2032 4283 μετὰ

369 4297 600 4354 πολλῶν
627 4297 893 4374 πρότερον
946 4300 1214 4373 αἰκισμῶν
1262 4299 1351 4354 καὶ
1407 4298 1681 4373 μαστίγων
1716 4296 2029 4371 ὑπαλλάξας

366 4386 459 4441 τὸν
496 4387 617 4463 βίον
652 4387 715 4443 οὗ
748 4387 913 4461 μόνον
941 4392 1059 4450 τοῖς
1106 4386 1247 4450 νέοις
1290 4384 1434 4442 ἀλλά
1489 4384 1579 4442 καὶ
1607 4392 1724 4449 τοῖς
1753 4380 2031 4462 προϐεϐη-

361 4475 480 4530 κόσι
511 4475 605 4531 τὸν
662 4476 855 4532 ἑαυτοῦ
910 4477 1131 4533 θάνατον
1169 4473 1475 4553 ὑπόδειγμα
1522 4475 1904 4552 γενναιότητος
1935 4471 2029 4531 καὶ

362 4564 561 4639 ἀρετῆς
592 4566 871 4622 κατέλιπε.
908 4567 1045 4632 Μεθ’
1086 4566 1144 4622 ὅν
1192 4566 1283 4622 καὶ
1331 4563 1499 4622 ἄλλοι
1527 4567 1673 4629 τινὲς
1704 4564 1840 4621 ἒπτά
1869 4562 2031 4621 ἀδελ-

365 4627 455 4732 φοὶ
491 4627 632 4727 μετά
667 4655 879 4729 μητρὸς
908 4627 1188 4733 διαιρόρως
1217 4654 1625 4730 βασανισθέντες
1655 4627 1747 4709 τὸν
1768 4657 1865 4709 τοῦ
1898 4673 2030 4727 μαρ-
2066 4627 2108 4691 D

363 4743 555 4817 τυρίου
580 4740 841 4822 στέφανον
872 4740 1104 4815 ἐνδόξως
1138 4741 1490 4815 ἀνεδήσαντο.
1524 4743 1637 4821 Ὑφ’
1666 4743 1741 4797 ὧν
1774 4744 1803 4797 ὁ
1830 4742 2028 4819 τύραν-

366 4851 455 4893 νος
488 4832 905 4908 καταισχυνθεὶς
935 4832 1029 4888 καὶ
1066 4830 1279 4906 μᾶλλον
1302 4830 1578 4905 ἐκμανεὶς,
1606 4833 1675 4886 τά
1704 4832 1824 4906 ἱερὰ
1853 4830 2027 4886 πάντα

368 4923 530 4993 σκεύη
566 4916 773 4992 λαϐὼν,
806 4921 1011 4997 χρυσόν
1042 4941 1102 4976 τε
1133 4921 1222 4977 καὶ
1254 4920 1490 4998 ἄργυρον
1522 4919 1766 4996 ἄπειρον,
1802 4919 1894 4975 καὶ
1923 4924 2025 4975 πᾶ-

368 5033 462 5069 σαν
483 5013 588 5083 τὴν
640 5009 806 5067 πόλιν
836 5010 1308 5091 λαφυραγωγήσας
1352 5011 1442 5065 καὶ
1483 5010 1552 5065 τά
1603 5011 1778 5082 κτήνη
1810 5029 2028 5086 κρεουρ-

366 5107 539 5179 γήσας
557 5103 651 5160 καὶ
678 5101 898 5173 πολλὴν
923 5123 1183 5181 φονοκτον
1194 5102 1274 5157 ίαν
1295 5104 1536 5174 ποιήσας
1555 5101 1646 5157 καὶ
1676 5099 2029 5179 μεγαλορῥη-

374 5198 621 5269 μονήσας
650 5195 1002 5270 ἀνεχώρησεν
1030 5194 1106 5257 εἶς
1134 5193 1505 5274 Ἀντιόχειαν.
1528 5192 1630 5251 Καὶ
1656 5195 1791 5268 μετά
1811 5190 1907 5249 δύο
1928 5187 2022 5265 ἔτη

368 5286 504 5340 κατά
558 5286 780 5360 Περσῶν
808 5283 1226 5359 ἐπιστρατεύσας
1282 5281 1598 5340 ἀπέστειλεν
1656 5283 1896 5359 ἄρχοντα
1926 5304 2028 5363 φο-

370 5370 678 5450 ρολογῆσαι
709 5374 812 5443 τήν
841 5371 1008 5429 πόλιν
1036 5373 1426 5449 Ἰερουσαλὴμ,
1476 5374 1537 5438 ὃς
1583 5371 2023 5450 παραγενόμενος

374 5465 507 5536 μετὰ
534 5462 758 5532 πολλῆς
807 5460 1090 5537 δυνάμεως
1137 5464 1229 5519 καὶ
1281 5461 1536 5534 λαλήσας
1582 5463 1887 5536 εἰρηνικοὺς
1917 5461 2024 5519 λό-

367 5573 498 5628 γους
535 5553 673 5627 μετᾶ
703 5550 874 5609 δόλου
904 5552 1042 5627 πρὸς
1087 5553 1191 5623 τήν
1246 5551 1617 5629 Ἰερουσαλὴμ
1643 5551 1736 5613 καὶ
1767 5551 2025 5618 εἰσελθὼν

368 5639 631 5715 ἃπαταζιν
664 5641 838 5710 αὐτὴν
867 5640 1064 5718 πληγῇ
1100 5640 1316 5720 μεγάλῃ
1341 5640 1432 5697 καὶ
1488 5638 1736 5707 καθελὼν
1767 5641 1833 5698 τὰ
1860 5640 2023 5717 τείχη

2136 3338 2251 3393 que
2296 3322 2379 3376 ibi
2426 3326 2486 3377 et
2535 3321 2921 3378 simulacrum
2970 3322 3262 3389 statuerit,
3315 3321 3778 3380 abominandum

2134 3410 2423 3467 vastitatis
2438 3411 2702 3484 signum;
2721 3410 3129 3483 templumque
3143 3410 3394 3483 impuris
3405 3412 3778 3484 profanatum

2138 3501 2445 3557 sacrificiis
2468 3501 2657 3557 eadem
2686 3501 2840 3557 Iovis
2870 3500 3124 3573 Olympii
3160 3500 3649 3559 denominaverit.
3675 3503 3783 3557 Se-

2138 3589 2286 3644 dens
2332 3606 2510 3661 porro
2561 3591 2624 3645 in
2674 3588 2916 3644 sublimi
2988 3589 3116 3644 loco
3168 3589 3451 3646 satellites
3491 3591 3673 3663 jussit
3719 3595 3788 3646 ut

2139 3678 2415 3734 Hebraeos
2444 3679 2785 3752 singulatim
2816 3680 2889 3734 ad
2923 3694 3133 3734 carnes
3164 3679 3371 3735 suillas
3397 3696 3464 3736 ac
3495 3680 3787 3737 sacriﬁcia

2138 3766 2592 3824 simulacrorum
2623 3766 2915 3840 gustanda
2961 3767 3287 3839 adigerent,
3326 3774 3788 3840 recusantesque

2138 3856 2562 3913 interficerent.
2594 3858 2756 3912 Inter
2784 3855 3004 3911 multos
3036 3856 3137 3926 qui
3172 3860 3297 3910 tum
3332 3855 3460 3926 ejus
3490 3857 3574 3910 rei
3607 3874 3786 3913 causa

2139 3944 2931 4018 comprehendebantur,fuit
2943 3943 3120 4000 etiam
3135 3943 3441 3999 Eleazarus
3455 3944 3786 4001 scribarum

2138 4035 2437 4107 princeps,
2471 4039 2743 4107 provecta
2781 4033 2909 4107 jam
2959 4037 3150 4088 aetate.
3191 4034 3246 4086 Is
3295 4048 3429 4087 cum
3477 4032 3553 4089 ad
3585 4033 3784 4090 cibum

2140 4124 2433 4180 nefarium
2446 4129 2776 4198 urgeretur,
2798 4128 3051 4178 mortem
3070 4121 3389 4195 gloriosam
3411 4121 3540 4177 vita:
3561 4122 3784 4195 ﬂagitio

2140 4213 2555 4269 contaminatas
2574 4211 2857 4285 praetulit,
2875 4228 2941 4266 ac
2964 4216 3173 4283 sponte
3191 4226 3295 4266 sua
3308 4210 3369 4264 in
3388 4227 3633 4266 nervum
3658 4229 3787 4267 sese

2139 4299 2351 4355 abduci
2382 4316 2592 4371 passus
2615 4305 2732 4365 est;
2754 4298 2853 4354 ubi
2888 4296 3090 4353 multis
3120 4297 3286 4369 prius
3311 4313 3380 4352 ac
3402 4296 3785 4353 fcedistortus

2141 4388 2520 4453 cruciatibus,
2550 4388 2725 4443 vitam
2758 4386 2928 4455 finiit,
2951 4402 3072 4441 non
3089 4383 3569 4441 adolescentibus
3592 4387 3791 4456 modo,

2141 4477 2244 4533 sed
2265 4481 2325 4532 et
2353 4481 2497 4532 natu
2518 4475 2845 4549 majoribus
2865 4480 3121 4530 mortem
3145 4490 3313 4530 suam
3337 4475 3794 4547 magnanimita-

2143 4566 2219 4621 tis
2249 4582 2318 4621 ac
2346 4564 2716 4621 fortitudinis
2743 4563 3092 4634 relinquens
3115 4562 3476 4636 exemplum.
3497 4566 3637 4620 Post
3658 4581 3795 4620 eum

2138 4654 2238 4710 alii
2268 4659 2494 4727 septem
2517 4653 2730 4709 fratres
2759 4670 2880 4709 una
2911 4669 3048 4709 cum
3079 4658 3267 4707 matre
3297 4653 3457 4708 varie
3485 4654 3795 4709 excarniﬁ-

2138 4743 2252 4800 cati
2281 4744 2549 4815 martyrii
2580 4758 2862 4799 coronam
2893 4742 3151 4816 gloriose
3183 4741 3535 4796 retulerunt.
3578 4741 3665 4795 Ab
3697 4742 3790 4796 his

2136 4839 2423 4905 tyrannus
2438 4834 2593 4905 turpi
2604 4832 2825 4889 tudinis
2838 4833 3142 4890 convictus
3157 4832 3386 4904 majore
3400 4832 3597 4887 furore
3625 4847 3790 4886 exar-

2136 4927 2254 4994 sit;
2286 4925 2593 4996 sacrisque
2625 4924 2911 4980 omnibua
2958 4925 3112 4980 vasis
3152 4922 3415 4994 abreptis
3456 4921 3701 4992 aurique
3733 4926 3794 4978 et

2135 5015 2360 5089 argenti
2383 5014 2435 5069 vi
2468 5014 2786 5083 immensa,
2819 5018 2880 5069 et
2916 5013 3127 5069 urbem
3157 5016 3347 5067 totam
3376 5009 3793 5082 depopulatus,

2135 5104 2409 5161 mactatis
2429 5104 2610 5160 etiam
2631 5101 2960 5174 pecudibus
2986 5107 3043 5157 et
3066 5099 3225 5156 caede
3247 5099 3559 5155 hominum
3579 5115 3795 5173 magna

2135 5191 3105 5267 edita,jactabundusAntiochiam
3119 5188 3318 5245 rediit.
3329 5189 3470 5243 Post
3486 5187 3795 5246 biennium

2135 5284 2278 5341 281
2304 5282 2743 5355 expeditionem
2766 5280 2829 5335 in
2848 5282 3059 5335 Persas
3082 5294 3301 5351 parans
3322 5275 3583 5350 legatum
3607 5278 3791 5346 misit,

2135 5373 2236 5444 qui
2267 5370 2695 5443 Hierosolymis
2747 5369 3033 5426 tributum
3083 5367 3367 5440 exigeret.
3402 5369 3455 5423 Is
3505 5384 3642 5425 cum
3673 5386 3793 5427 ma-

2133 5478 2279 5536 gnas
2309 5461 2652 5518 adduxisset
2680 5458 2902 5533 copias,
2920 5464 3051 5515 astu
3068 5462 3280 5530 pacata
3309 5458 3514 5513 omnia
3538 5457 3791 5531 loquens

2133 5554 2344 5611 urbem
2374 5553 2636 5624 intravit,
2657 5553 2841 5626 inque
2862 5568 2933 5608 ea
2961 5548 3285 5607 crudeliter
3306 5549 3467 5608 cmde
3489 5557 3792 5626 grassatus

2135 5660 2337 5702 muros
2357 5642 2576 5715 dejecit
2588 5642 2921 5715 urbemque
2935 5638 3205 5699 incendit
3224 5657 3238 5707 ;
3256 5640 3792 5715 templumquoque
