4186 6190
397 354 513 416 323

1743 343 2075 408 GEORGII
2118 341 2462 405 GEDRENI

3686 352 3809 412 334

398 488 600 561 impiis
630 484 936 543 sacriﬁciis
978 481 1259 554 opplevit,
1295 486 1352 535 et
1398 478 1633 535 Judmos
1679 478 1781 550 qui
1830 476 2027 533 Graeci:

2160 477 2332 528 πᾶσαν
2389 470 2671 549 ἐνέπρησε,
2723 474 2813 530 καὶ
2869 475 2932 531 τὸ
2992 475 3086 548 μέν
3138 474 3282 550 ἱερὸν
3344 476 3553 553 μιάρῶν
3610 481 3807 535 θυσιῶν

396 576 610 632 ritibus
638 575 724 630 uti
754 576 1116 631 recusarent,
1142 568 1477 641 promiscue
1501 568 1720 623 occidit
1740 585 1761 633 ;
1781 567 2046 637 abiitque

401 663 606 720 relicto
637 662 913 734 praefecto
963 658 1063 729 qui
1111 657 1344 713 Iudaeos
1393 662 1713 731 torqueret.
1755 660 1822 711 At
1851 671 2045 711 sacer-

396 752 501 808 dos
560 750 802 822 quidam
892 747 1136 802 nomine
1196 746 1490 810 Matthiae,
1552 745 1814 817 quinque
1890 744 2045 799 fllios

400 841 646 899 habens.
706 853 959 908 quorum
1019 852 1172 891 unus
1230 835 1343 892 fuit
1403 834 1581 891 Judas
1662 833 2041 901 Maccabaaus,

398 928 749 1001 indignitate
781 926 864 981 rei
893 925 1253 990 stimulatus,
1288 924 1349 980 in
1380 924 1723 996 prtefectum
1754 924 2042 995 impetum

393 1019 556 1081 fecit,
606 1033 795 1087 eoque
851 1015 1144 1071 trucidato
1193 1032 1402 1070 omnes
1464 1032 1601 1071 suos
1649 1013 2040 1085 congregavit,

399 1108 853 1177 Graecorumque
885 1106 1139 1161 incestas
1160 1122 1291 1160 aras
1315 1103 1623 1169 subvertit,
1657 1110 1716 1159 et
1746 1120 1846 1158 eos
1877 1102 1976 1174 qui
2009 1119 2045 1158 a

396 1196 525 1271 lege
555 1196 757 1251 divina
783 1195 1160 1251 desciverant
1202 1193 1522 1249 interemit.
1559 1192 1669 1249 Sed
1716 1191 2041 1248 Antiochus

394 1287 648 1358 turpiter
678 1302 746 1341 ex
782 1284 1020 1340 Perside
1066 1289 1393 1351 revertens,
1426 1288 1669 1355 accepta
1699 1283 1887 1349 clade,
1920 1299 2042 1354 pra;

396 1373 581 1429 nimio
606 1389 855 1429 mmrore
886 1373 945 1427 in
980 1372 1251 1427 morbum
1273 1371 1504 1439 incidit,
1528 1370 2040 1441 familiaribusque

400 1464 526 1518 suis
552 1463 745 1518 fassus
778 1467 867 1517 est
905 1478 966 1516 se
1009 1461 1307 1517 insomnio
1357 1460 1619 1532 torqueri
1652 1476 1719 1515 ac
1758 1458 2040 1514 sollicitu-

392 1552 529 1609 dine
559 1551 773 1607 confici
799 1568 813 1606 :
837 1567 997 1606 nunc
1028 1567 1092 1606 se
1120 1549 1419 1606 recordari
1452 1566 1582 1620 qum
1615 1547 2037 1620 Hierosolymis

388 1642 683 1697 maleﬁcia
713 1640 1089 1709 exercuisset,
1110 1646 1169 1694 et
1196 1641 1418 1695 sentire
1448 1644 1691 1711 propter
1720 1639 1833 1694 ista
1852 1638 1913 1692 in
1933 1638 2036 1692 has

388 1747 448 1785 se
481 1730 850 1785 calamitates
880 1729 1210 1797 devenisse,
1235 1729 1414 1799 inque
1437 1728 1633 1784 alieno
1664 1727 1790 1783 solo
1816 1726 2032 1799 perire.

2158 558 2445 634 ἐνέπλησε,
2471 560 2597 625 τοὺς
2637 560 2695 618 δὶ
2755 564 2831 637 μή
2884 564 3355 640 προαιρουμένους
3387 569 3495 621 τῶν
3526 566 3805 624 Ἰουδαίων

2156 648 2449 723 ὲλληνίσαι
2500 649 2736 727 ἀφειδῶς
2792 649 3117 709 κατέκτεινε.
3180 652 3434 718 Πολλοὺς
3463 655 3556 711 οὖν
3593 656 3802 713 ἀνελὼν

2155 739 2416 809 ἀπῆλθεν,
2450 742 2692 817 ἄρχοντα
2729 741 3045 798 καταλιπὼν
3096 743 3171 805 εἰς
3226 742 3289 798 τὸ
3347 739 3650 815 ϐασανίζειν
3683 748 3810 809 τοὺς

2156 826 2473 894 Ἰουδαίους,
2523 831 2767 895 Ματθίας
2822 829 2878 886 δέ
2927 852 3011 893 τις
3067 832 3241 909 ἱερεὺς
3271 831 3418 913 ἔχων
3450 835 3601 898 υἱοὺς
3625 839 3805 908 πέντε,

2152 919 2243 996 ἀφ’
2300 920 2376 974 ὢν
2432 916 2638 982 Ἰούδας
2708 921 2736 974 ὁ
2802 916 3155 982 Μακκαϐαῖος
3212 924 3296 996 [Ρ.
3334 925 3457 998 164]
3519 924 3802 1000 ἐτύγχανε,

2156 1008 2334 1080 ζήλου
2389 1008 2659 1081 πλησθεὶς
2715 1012 2805 1066 καὶ
2867 1012 3117 1086 ὁρμήσας
3181 1013 3316 1067 κατά
3375 1017 3471 1069 τοὺ
3536 1013 3804 1090 ἄρχοντος

2152 1099 2357 1155 ἀνεῖλεν
2415 1100 2594 1155 αὑτόν.
2655 1100 2760 1156 Καὶ
2819 1100 3124 1176 συναγαγὼν
3185 1103 3424 1164 ἅπαντας
3496 1104 3622 1165 τοὺς
3675 1104 3800 1180 περῖ

2151 1189 2312 1244 αὑτὸν
2368 1186 2663 1264 ἀπέρχεται
2721 1190 2809 1245 καὶ
2866 1190 3229 1247 κατασκάπτει
3284 1191 3415 1254 τοὺς
3467 1192 3801 1272 ἀκαθάρτους

2153 1278 2381 1352 βωμοὺς
2412 1283 2520 1334 τῶν
2550 1277 2860 1350 Ἑλλήνων,
2903 1281 2994 1334 καὶ
3046 1279 3175 1335 τοὺς
3223 1281 3557 1347 ἀποστάντας
3584 1288 3681 1339 τοῦ
3709 1285 3801 1340 v6-

2154 1387 2258 1439 μου
2315 1367 2541 1445 ἀναιρεῖ.
2600 1368 2657 1422 '0
2711 1364 2766 1423 δὲ
2831 1389 2896 1444 γε
2950 1369 3231 1445 Ἀντίοχος
3296 1371 3554 1445 ἀκόσμως
3602 1393 3661 1428 τε
3710 1376 3801 1431 καὶ

2148 1456 2453 1529 ἡττημένος
2486 1455 2545 1512 έκ
2595 1464 2696 1529 τῆς
2754 1454 3013 1532 Περσίδος
3069 1459 3169 1527 τήν
3223 1459 3570 1537 ὑποστροφήν
3602 1460 3800 1517 ποιού-

2152 1566 2336 1619 μενος,
2398 1544 2459 1601 ἐκ
2515 1545 2736 1616 πολλῆς
2807 1546 3039 1621 ἀθυμίας
3097 1547 3451 1625 ἀρρωστήσας
3507 1544 3609 1628 ἔφη
3661 1552 3796 1628 πρὸς

2144 1635 2273 1698 τοὺς
2340 1636 2574 1699 οίκείους
2633 1638 2844 1693 έαυτοῦ’
2902 1639 3225 1714 Ἀφίσταται
3282 1641 3310 1694 ὁ
3358 1639 3526 1707 ὕπνος
3556 1642 3663 1698 ἀπὸ
3691 1648 3798 1697 τῶν

2146 1723 2447 1804 ὀφθαλμῶν
2483 1746 2612 1799 μου,
2643 1726 2734 1782 καὶ
2766 1727 3139 1801 συμπέπτωκα
3191 1729 3297 1783 ἀπὸ
3349 1735 3448 1798 τῆς
3500 1730 3792 1804 μερίμνης.

373 1820 560 1876 Simul
590 1820 810 1893 auriga:
843 1836 948 1874 suo
978 1819 1282 1874 mandavit
1311 1824 1375 1872 ut
1404 1819 1583 1873 citato
1609 1834 1787 1873 cursu
1816 1832 2025 1889 perge-

2145 1818 2252 1871 Νῦν
2321 1816 2413 1869 οὑν
2482 1819 2868 1890 μιμνήσκομαι
2931 1821 3040 1872 τῶν
3106 1823 3285 1872 κακῶν
3351 1819 3424 1873 ὧν
3481 1818 3709 1889 ἐποίησα
3740 1820 3792 1876 έν

370 1915 482 1975 ret,
515 1909 826 1981 perspicue
867 1908 1345 1963 animadverteris
1377 1906 1658 1962 divinitus
1688 1906 2026 1961 immissum

374 1998 754 2071 supplicium.
782 1998 1118 2053 Vexabatur
1140 1996 1461 2052 insanabili
1484 1996 1903 2051 intestinorum
1923 1994 2030 2050 do-

372 2087 523 2141 lore.
557 2087 785 2141 Accidit
813 2093 1011 2142 autem
1044 2091 1109 2139 ut
1155 2085 1227 2141 de
1259 2101 1434 2140 curru
1464 2101 1729 2157 praeceps
1760 2100 1893 2138 cum
1926 2084 2031 2139 im-

379 2181 519 2246 petu
597 2175 1033 2237 deturbaretur,
1104 2191 1292 2245 eoque
1349 2190 1489 2230 casu
1545 2173 1748 2229 afflicti
1829 2172 2030 2228 omnia

377 2263 647 2321 membra
679 2264 946 2336 corporis
978 2264 1485 2328 excruciarentur,
1521 2270 1588 2318 ac
1617 2279 1844 2317 vermes
1872 2261 2025 2318 288

373 2370 608 2431 quoque
668 2360 1074 2426 erumperent,
1157 2352 1639 2427 gravissimisque
1718 2351 2026 2407 doloribus

375 2462 584 2501 carnes
614 2446 795 2501 etiam
845 2443 1207 2500 deciderent.
1240 2445 1328 2499 Ita
1374 2443 1475 2499 ille
1519 2442 1699 2497 vitam
1738 2441 1797 2497 in
1830 2441 2027 2498 aliena

370 2539 531 2589 terra
560 2551 695 2590 cum
722 2532 1067 2607 turpissima
1098 2537 1289 2587 morte
1320 2531 1724 2588 commutavit.

2141 1903 2525 1979 Ἰερουσαλήμ.
2557 1907 2767 1979 Ἕγνων
2799 1906 2882 1960 ’ὁτι
2931 1907 3092 1981 χάριν
3138 1906 3348 1962 τούτων
3383 1907 3533 1980 εὗρον
3562 1910 3630 1964 τὰ
3657 1909 3795 1965 κατά

2137 1995 2323 2061 ταῦτα,
2356 1991 2445 2046 καὶ
2478 1990 2598 2047 ἰδοὺ
2630 1991 2949 2065 ἀπόλλυμαι
3001 1991 3054 2049 ἐν
3098 1997 3170 2069 γῇ
3203 1992 3494 2069 ἀλλοτρίᾳ.
3528 1997 3632 2052 Καὶ
3673 2018 3792 2053 συν-

2139 2081 2285 2151 έταξε
2336 2081 2426 2136 τὸν
2484 2081 2881 2157 ἁρματηλάτην
2935 2083 3099 2138 αὐτοὶ
3166 2083 3410 2139 έλαῦνειν
3472 2083 3795 2158 ἀνενδὸτως,

2139 2168 2597 2246 ἐπαισθανόμενος
2662 2171 2906 2250 ἐναργῶς
2984 2180 3089 2243 τῆς
3132 2171 3344 2246 ,ἄνωθεν
3398 2175 3629 2249 κρίσεως
3693 2177 3793 2247 τὴν

2136 2261 2433 2335 τιμωρίαν.
2492 2261 2734 2337 Συνέσχε
2788 2262 2894 2339 γὰρ
2946 2262 3106 2318 αὑτὸν
3182 2264 3472 2334 ἀνήκεστος
3526 2262 3787 2339 ἀλγηδὼν

2134 2354 2240 2403 τῶν
2299 2347 2649 2430 σπλάγχνων·
2711 2347 2903 2423 συνέϐη
2967 2348 3024 2406 δὲ
3078 2356 3257 2407 πεσεῖν
3323 2352 3482 2408 αὑτὸν
3536 2354 3627 2409 καὶ
3684 2354 3791 2409 ἀπὸ

2134 2442 2233 2494 τοῦ
2262 2440 2505 2514 ἅρματος
2537 2440 2704 2515 ῥοίζῳ
2732 2441 3055 2520 φερόμενον,
3104 2441 3195 2497 καὶ
3246 2438 3502 2517 δυσχερεϊ
3529 2441 3789 2515 π’ὠματι

2133 2533 2465 2603 περιπεσεῖν,
2524 2529 2615 2582 καὶ
2671 2528 2845 2585 πάντα
2900 2534 2997 2586 τοὺ
3060 2531 3316 2601 σώματος
3372 2526 3790 2608 ἀποστρεδλοῦο

374 2625 495 2679 σθαι
526 2625 593 2679 τά
625 2620 794 2696 μέλη,
824 2618 965 2678 ὥστε
993 2621 1084 2676 καὶ
1125 2619 1418 2692 σκώληκας
1448 2615 1706 2695 ίκϐράσαι
1736 2618 1826 2674 καὶ
1867 2617 1926 2673 ἐκ
1956 2613 2168 2680 δδὺναις
2204 2617 2480 2695 μεγίσταις
2508 2619 2863 2675 καταπίπτειν
2893 2620 3063 2674 ante?)
3091 2619 3188 2684 τὰς
3226 2619 3446 2696 σάρκας*
3486 2620 3573 2676 καί
3609 2620 3788 2683 οὑτως

380 2710 648 2787 αἶσχίστῳ
679 2709 835 2783 μόρῳ
856 2709 948 2764 τὸν
984 2710 1103 2783 βίον
1134 2709 1220 2763 ἰπὶ
1249 2706 1401 2777 ξένης
1431 2708 1773 2782 κατέστρεψε.

446 2800 742 2857 Successit
762 2800 921 2854 filius
956 2799 1283 2854 Antiochus
1313 2800 1591 2868 Eupator.
1614 2798 1714 2853 Hic
1738 2798 2023 2853 adversus

366 2890 579 2946 Judam
627 2886 1040 2953 Maccabazum,
1076 2886 1234 2957 quod
1264 2886 1315 2942 is
1341 2885 1503 2958 regia
1533 2885 1812 2956 praesidia
1866 2885 2024 2957 deje-

368 2980 565 3039 cisset,
621 2977 925 3050 ingentem
975 2975 1146 3031 duxit
1195 2975 1540 3039 exercitum,
1574 2974 1782 3047 viginti
1833 2975 2024 3029 millia

372 3066 661 3139 equitum.
703 3065 931 3138 pedites
981 3066 1206 3125 100000,
1241 3080 1453 3120 currus
1498 3064 1625 3126 800,
1672 3063 2022 3135 elephantos

371 3155 443 3213 ab
484 3155 710 3211 bellum
762 3154 1113 3211 exercitatos
1146 3155 1234 3209 58.
1286 3153 1489 3208 Aciem
1522 3153 1605 3207 ita
1648 3152 1931 3208 instruxit
1959 3157 2023 3206 ut

2208 2796 2362 2851 Μετὰ
2391 2792 2450 2851 δὲ
2476 2795 2760 2877 Ἀντίοχον
2809 2792 3148 2853 ἐϐασίλευσεν
3200 2797 3492 2873 Ἀντίοχος
3537 2798 3565 2853 6
3600 2797 3787 2854 Εὐπά-

2133 2906 2269 2960 τωρ,
2303 2887 2420 2948 υἱὸς
2469 2886 2655 2957 αὑτοῦ,
2718 2886 2801 2965 ἐφ’
2858 2886 2919 2942 οὗ
2979 2884 3191 2949 Ἰούδας
3221 2887 3250 2942 ὁ
3285 2881 3638 2949 θίσκκαϐαιος
3669 2886 3788 2942 τοὺ⁸

2133 2976 2487 3055 φρουράργας
2545 2976 2836 3051 Ἀντιόχου
2886 2976 3319 3051 τροπωσάμενος
3370 2975 3617 3040 ἐπελθεῖν
3665 2987 3769 3041 καθ

2132 3064 2297 3120 αὑτοῦ
2331 3065 2615 3142 Ἀντίοχον
2653 3066 3018 3141 παρεσκεύασε
3078 3066 3211 3139 μετά
3265 3064 3540 3143 χιλιάδων
3570 3066 3783 3123 ἱππέων

2131 3154 2307 3210 εἶ’κοσι
2364 3154 2453 3210 καὶ
2506 3158 2683 3227 πεζῶν
2756 3152 3026 3231 χιλιάδων
3110 3156 3297 3211 ἑκατὸν
3379 3155 3469 3210 καί
3530 3156 3788 3231 ἁρμάτων

365 3244 568 3299 divisis
616 3245 680 3299 in
733 3244 1057 3316 phalanges
1089 3241 1423 3314 elephantis
1466 3241 1649 3297 cuivis
1696 3243 1834 3296 4000
1864 3241 2019 3295 viros

2139 3243 2456 3319 τριακοσίων
2513 3245 2601 3299 καὶ
2661 3230 2967 3319 ἐλεφάντων
3023 3251 3094 3301 νε¹
3141 3230 3597 3321 γεγυμνασμένων
3649 3244 3789 3320 πρὸς

364 3334 568 3390 loricis
602 3339 659 3389 et
691 3332 1022 3389 cassidibus
1062 3331 1234 3387 aereis
1262 3334 1522 3386 armatos
1570 3330 1921 3402 adjungeret
1950 3345 2019 3384 ao

366 3423 472 3477 500
503 3421 767 3477 delectos
818 3421 1088 3493 equites:
1134 3419 1403 3492 gestabat
1431 3418 1622 3493 quivis
1663 3417 2018 3493 elephantus

363 3511 578 3567 turrim
605 3509 884 3583 ligneam,
930 3510 1111 3581 inque
1160 3526 1230 3565 ea
1277 3515 1537 3565 armatos
1566 3509 1721 3565 viros
1752 3511 1840 3563 32.
1873 3512 2015 3563 (tum

372 3600 515 3657 solis
545 3599 696 3655 radii
730 3599 790 3654 in
833 3604 1040 3654 aurata
1084 3605 1253 3654 scuta
1283 3603 1343 3654 et
1381 3615 1590 3655 currus
1644 3598 2016 3667 incidissent,

363 3705 578 3745 eorum
603 3689 828 3744 reflexu
860 3695 1095 3744 montes
1128 3686 1584 3760 splenduerunt.
1616 3693 1761 3743 Aere
1805 3691 1929 3742 tum
1962 3691 2022 3742 et

365 3795 649 3853 magnum
703 3784 796 3835 est
859 3778 1249 3835 commissum
1306 3777 1607 3850 praelium.
1656 3777 1824 3843 Quod
1882 3793 2019 3832 cum

366 3870 622 3925 maxime
670 3869 945 3935 ferveret,
975 3869 1284 3924 Eleazarus
1324 3867 1507 3923 frater
1545 3865 1729 3935 Judm,
1768 3881 2019 3922 cernens

362 3959 573 4017 ardare
606 3959 957 4030 elephantos
990 3973 1292 4030 supraque
1315 3973 1417 4012 eos
1448 3956 1805 4024 sagittarios,
1828 3971 2017 4011 unum

366 4065 573 4104 eorum
606 4048 811 4104 videns
842 4047 1092 4119 reliquis
1123 4045 1534 4102 sublimiorem
1577 4062 1645 4100 ac
1674 4042 2017 4099 thoracibus

362 4138 542 4210 regiis
567 4144 882 4199 armatum,
936 4143 993 4191 et
1041 4135 1378 4206 suspicatus
1437 4151 1505 4189 eo
1550 4150 1790 4206 regnem
1848 4132 2019 4211 ferri,

364 4233 529 4282 extra
559 4226 799 4285 ordines
812 4241 940 4280 sese
956 4224 1271 4296 proripuit,
1286 4223 1467 4293 inque
1483 4238 1739 4277 cuneum
1754 4221 2019 4277 hostium

366 4332 494 4371 sese
528 4315 879 4381 immittens,
926 4312 1130 4368 multis
1176 4312 1334 4367 circa
1381 4312 1765 4384 elephantum
1809 4312 2022 4368 occisis

371 4402 631 4461 belluam
665 4403 867 4469 subiit,
919 4408 1307 4473 ventremque
1356 4401 1486 4473 ejus
1530 4402 1728 4470 feriit;
1781 4418 1897 4473 quo
1949 4418 2020 4457 ex

371 4491 615 4547 vulnere
636 4490 839 4547 bellua
856 4489 1137 4558 concidit,
1164 4491 1482 4562 ipsumque
1504 4492 1679 4546 ruina
1700 4492 1998 4563 oppressit

2126 3333 2396 3407 πόλεμον.
2452 3336 2553 3396 Ὅς
2610 3332 2701 3389 καὶ
2768 3330 2963 3390 διελὼν
3020 3334 3148 3396 τοὺς
3205 3332 3501 3412 ἐλέφαντας
3556 3333 3633 3395 είς
3686 3332 3786 3397 τάς

2127 3421 2411 3499 φάλαγγας
2468 3420 2803 3499 παρέστησεν
2864 3422 3073 3496 ἑκάστῳ
3131 3421 3377 3501 ἐλέφαντι
3433 3419 3630 3498 ἄνδρας
3685 3439 3779 3500 χι·-

2126 3508 2278 3573 λίους
2306 3511 2831 3586 τεθεωρακισμένους
2877 3509 2928 3566 ἐν
2979 3507 3390 3577 ἁλυσειδωτοῖς,
3443 3510 3533 3565 καὶ
3561 3530 3778 3587 περικε-

2127 3599 2354 3680 φαλαῖαι
2379 3599 2592 3676 χαλκαῖ
2621 3599 2710 3656 έπὶ
2766 3601 2862 3662 τὰς
2920 3601 3163 3675 κεφαλὰς
3221 3599 3422 3671 αὐτῶν,
3470 3599 3561 3655 καί
3595 3599 3779 3661 ἱππεῖς

2126 3688 2375 3747 ἐκλεκτοὶ
2433 3691 2777 3747 πεντακόσιοι
2836 3688 3245 3767 διατεταγμένοι
3302 3691 3515 3765 ἑκάστῳ
3576 3690 3777 3765 θηρίῳ,

2126 3780 2215 3835 καὶ
2241 3780 2439 3855 πύργοι
2490 3779 2700 3851 ξύλινοι
2758 3779 2838 3858 ἐφ’
2895 3779 3105 3853 έκάστῳ
3135 3779 3313 3857 θηρίῳ
3346 3778 3435 3834 διὰ
3491 3785 3774 3859 μηχανῆς,

2126 3868 2216 3923 καὶ
2249 3866 2329 3948 ἐφ’
2360 3868 2571 3941 ἑκάστῳ
2622 3865 2811 3943 ἄνδρες
2866 3865 3151 3942 δυνάμεως
3208 3864 3428 3925 ἔνοπλοι
3459 3887 3779 3943 τριακοντα-

2130 3954 2248 4014 δύο.
2279 3958 2367 4017 Ὦς
2400 3955 2457 4011 δὶ
2486 3955 2833 4030 κατέλαμπεν
2866 3957 2894 4012 6
2924 3954 3091 4028 ἣλιος
3139 3956 3227 4012 ἐπὶ
3256 3957 3353 4020 τὰς
3385 3962 3591 4033 χρυσᾶς
3622 3955 3789 4011 ἀσπί-

2130 4043 2223 4107 δας
2254 4043 2439 4100 καὲτά
2492 4047 2727 4120 ἅρματα,
2770 4041 2986 4102 ἔστιλϐε
3042 4045 3110 4100 τὰ
3174 4044 3275 4121 ὅρη
3335 4046 3427 4100 ἀπ’
3482 4044 3680 4100 αὐτῶν
3716 4044 3786 4116 ἦν

2125 4132 2227 4207 γάρ
2258 4133 2292 4201 ἡ
2340 4126 2668 4206 παρεμϐολή
2732 4129 2949 4208 μεγάλη
3005 4131 3095 4185 καὶ
3154 4129 3351 4207 ίσχυρά
3402 4129 3543 4190 λίαν.
3578 4130 3675 4185 Καὶ
3707 4129 3787 4192 ὡς

2128 4218 2387 4274 ἐπέτεινεν
2444 4221 2479 4287 ἡ
2546 4217 2725 4294 μάχη,
2775 4218 3102 4292 θεασάμενος
3154 4216 3419 4293 Ἐλεάζαρ
3471 4218 3499 4272 ὁ
3544 4214 3793 4295 ἀδελφὸς

2129 4305 2303 4365 Ἰούδα
2362 4306 2787 4382 πεπυρωμένους
2858 4305 2987 4368 τοὺς
3064 4302 3361 4382 ἐλέφαντας
3416 4305 3509 4361 καὶ
3564 4304 3791 4377 τοξότας

2128 4395 2212 4452 ἐπ’
2242 4394 2408 4451 εὖτῶν
2442 4394 2800 4474 φερομένους,
2858 4392 2952 4450 ἕνα
3010 4393 3057 4449 δ’
3116 4391 3245 4450 ἰδὼν
3308 4391 3647 4469 ὑψηλότερον
3673 4397 3785 4448 τῶν

2128 4485 2315 4543 ἄλλων
2381 4487 2469 4541 καὶ
2540 4485 2852 4563 βασιλικοῖς
2908 4485 3108 4562 θώραξι
3174 4483 3651 4558 καθωπλισμένον,
3694 4484 3785 4539 καὶ

365 4579 553 4637 Judas
584 4596 719 4635 cum
764 4580 877 4635 hoc
907 4580 1132 4635 videret
1179 4584 1238 4634 et
1287 4595 1547 4652 pugnam
1604 4580 1713 4635 sibi
1756 4580 2021 4652 iniquam

2139 4575 2367 4650 νομίσας
2392 4575 2475 4630 ἐπ’
2532 4575 2692 4631 αὑτὸν
2754 4577 3001 4654 φέρεσθαι
3059 4574 3150 4629 τὸν
3213 4571 3442 4650 βασιλέα
3472 4569 3789 4644 ἐκπηδήσας

379 4687 508 4725 esse
541 4669 810 4735 sentiret,
844 4668 1316 4741 Hierosolymam
1357 4668 1509 4724 289
1544 4668 1822 4741 profugit.
1878 4669 2024 4724 Eum

377 4759 685 4815 insecutus
719 4758 1045 4814 Antiochus
1076 4756 1285 4813 urbem
1316 4755 1627 4812 obsidione
1661 4755 1863 4812 cinxit.
1885 4758 2027 4811 Post

376 4865 521 4925 pace
553 4848 884 4921 composita
925 4852 986 4903 at
1013 4846 1150 4902 dato
1195 4844 1591 4918 jurejurando
1636 4844 1931 4901 admissus
1962 4845 2023 4900 in

374 4940 585 4995 urbem
607 4938 681 4995 ab
711 4937 880 5003 Juda,
912 4935 1129 4992 violata
1152 4935 1515 5008 juramento,
1549 4950 1750 4989 muros
1780 4950 2024 5005 prorsus

376 5029 611 5100 dejecit,
673 5044 741 5084 ac
798 5025 1010 5082 incolis
1071 5022 1342 5096 spoliatis
1414 5023 1767 5080 Antiocham
1825 5023 2020 5080 rediit.

372 5119 514 5172 Post
561 5118 687 5173 haec
721 5116 979 5171 triennio
1009 5113 1188 5170 Judas
1226 5112 1440 5168 avitam
1472 5112 1818 5185 religionem
1850 5128 2023 5185 pmne

373 5202 700 5260 obsoletam
748 5201 1122 5268 instauravit,
1175 5199 1333 5256 bella
1391 5215 1604 5273 magna
1655 5200 1857 5274 gessit,
1910 5205 2017 5257 tro-

371 5307 622 5363 paaaque
666 5293 955 5365 prmelara
986 5292 1191 5359 erexit,
1228 5294 1286 5345 et
1314 5290 1515 5346 Iudaea
1543 5291 1821 5346 Antiochi
1855 5290 2022 5347 duci-

375 5378 486 5435 bus
519 5382 799 5438 omnibus
829 5382 1159 5454 proﬂigatis
1195 5379 1538 5453 temploque
1594 5385 1909 5455 repurgato
1940 5385 2027 5437 to.

379 5469 495 5526 tius
526 5472 729 5545 populi
764 5488 1059 5528 consensu
1076 5471 1340 5547 pontifex
1371 5471 1667 5529 maximus
1694 5471 1884 5529 factus
1914 5475 2023 5528 est.

2132 4672 2232 4735 τῆς
2316 4663 2661 4739 παρατάξεως
2737 4662 3069 4738 ἐμπλέκεται
3150 4661 3230 4737 τῷ
3311 4667 3418 4719 τῶν
3494 4660 3782 4735 πολεμίων

2134 4752 2480 4830 ἀθροίσματι,
2511 4753 2602 4808 καὶ
2658 4750 2906 4816 πολλοὺς
2966 4752 3283 4814 ἀποκτείνας
3335 4756 3444 4807 τῶν
3500 4751 3621 4826 περῖ
3695 4750 3788 4805 νὸν

2137 4842 2399 4923 έλέςραντα
2466 4842 2809 4898 ὑποκάτωθεν
2871 4839 3034 4897 αὑτοῧ
3118 4838 3302 4911 ὑπέδυ,
3365 4841 3457 4896 καὶ
3544 4838 3788 4910 πατάξας

2137 4932 2213 4996 είς
2266 4936 2365 5004 τὴν
2417 4932 2648 5008 γαστέρα
2702 4932 2794 4988 τὸν
2855 4928 3117 5011 έλέφαντα
3179 4930 3485 4986 ἐπικαθίσαι
3536 4930 3625 4985 καὶ
3658 4950 3788 4984 συν-

2134 5025 2325 5098 τρῖψαι
2371 5021 2531 5077 αὐτὸν
2556 5021 2651 5078 τὸν
2680 5022 2743 5076 τὸ
2773 5020 2962 5096 θηρίον
3020 5019 3290 5091 ἐποίησεν.
3347 5022 3521 5093 ’Ὀπερ
3579 5016 3790 5080 Ἰούδας

2137 5113 2466 5187 θεασάμενος
2513 5110 2605 5165 καὶ
2653 5110 3036 5186 κραταιότερον
3080 5110 3174 5164 τὸν
3224 5106 3470 5183 πόλεμον
3532 5107 3787 5181 αἰσθόμε-

2135 5222 2227 5263 νος
2260 5199 2338 5261 εἷς
2386 5196 2751 5275 Ἰερουσαλὴμ
2806 5193 2987 5276 ἴφυγε.
3021 5198 3124 5255 Καὶ
3178 5194 3469 5270 ἐπιδιώξας
3498 5199 3789 5273 Ἀντίοχος

2136 5284 2449 5363 ἐπολιόρκει
2495 5286 2721 5358 ταύτην.
2753 5286 2886 5343 Εἶτα
2947 5285 3150 5363 λόγους
3206 5286 3512 5363 εἰρηνικοὺς
3547 5288 3661 5359 μεθ’
3692 5284 3795 5360 ὅρ-

2135 5400 2246 5434 κων
2305 5375 2702 5449 ποιησαμένου,
2761 5372 2978 5452 δέχεται
3038 5375 3198 5433 αὐτὸν
3261 5374 3469 5437 Ἰούδας
3512 5373 3662 5431 ἔνδον
3690 5377 3791 5444 τῆς

2134 5466 2374 5529 πόλεως.
2404 5466 2467 5523 Ὀ
2498 5462 2575 5533 δὶ,
2611 5464 2868 5530 εἶσελθὼν
2919 5465 3012 5521 καὶ
3060 5465 3151 5521 τὸν
3203 5463 3365 5540 ὅρκον
3398 5462 3795 5541 παρασπονδή-

372 5576 472 5622 σας
499 5558 676 5616 καὶτὸ
703 5563 893 5638 τεῖχος
921 5556 1109 5614 τέλεον
1164 5556 1535 5632 καταστρέψας
1592 5558 1684 5615 καὶ
1738 5558 1868 5621 τοὺς
1918 5557 2214 5632 οΐκήτορας
2272 5552 2592 5626 σκυλεύσας,
2650 5553 2730 5619 εἷς
2781 5553 3145 5630 Ἀντιόχειαν,
3195 5556 3277 5631 [Ρ.
3314 5556 3437 5628 108]
3469 5553 3786 5630 ὑπέστρεψε.

368 5646 516 5706 Μετὰ
578 5645 637 5704 εδ
698 5648 867 5702 ταῦτα
927 5644 1142 5711 Ἰούδας
1201 5646 1377 5721 τρισὶν
1440 5643 1583 5702 lum
1647 5647 1748 5716 τὴν
1809 5645 2101 5723 θρησκείαν
2167 5644 2604 5723 ὀλιγωρηθεῖσαν
2664 5643 2765 5713 τὴν
2805 5646 3035 5721 πάτριον
3102 5640 3453 5717 ἂνεκτήσατο,
3493 5643 3585 5700 καὶ
3613 5641 3785 5700 πολέ-
