4186 6190
433 302 549 406 έΞἽ

1793 315 2110 398 Gnoson
2157 333 2494 396 CEDRENI

3718 347 3840 406 398

427 477 767 534 Aristobulo
801 474 1157 532 sacerdotes.
1212 477 1351 530 Erat
1379 478 1576 529 autem
1605 470 1850 543 quidam
1893 466 2070 523 Onias

2189 465 2474 540 παρουσίᾳ.
2510 465 2613 523 Kal
2676 468 2910 542 ’Υρκανῷ
2966 468 3061 542 μὶν
3102 469 3397 550 συνεμάχει
3457 474 3569 545 (21)
3618 473 3679 528 τὸ
3724 471 3835 546 δη-

428 567 677 623 nomine
710 567 867 620 inter
922 562 1279 629 sacerdotes,
1325 563 1460 634 pius
1490 578 1557 619 ac
1605 560 1825 631 justus,
1860 564 1916 614 et
1973 556 2074 627 qui

428 653 747 726 aliquando
770 652 1029 723 pluviam
1051 652 1324 723 precibus
1343 651 1650 707 elicuerat.
1677 650 1844 705 Hunc
1870 662 2079 719 coege-

429 749 567 798 runt
598 741 905 797 victoriam
945 746 1152 812 petere
1187 758 1221 796 a
1255 741 1395 797 Deo.
1430 741 1483 796 Is
1516 756 1652 813 ergo
1685 740 1770 794 sic
1801 743 1890 794 est
1946 753 2077 809 pre-

430 836 595 886 catus
620 846 632 885 :
660 851 687 879 «
715 830 961 885 Domine
984 830 1162 899 Deus,
1196 846 1392 901 neque
1416 829 1634 902 populo
1654 834 1861 885 contra
1883 842 2080 882 sacer-

434 921 603 976 dotes
630 937 825 991 neqne
879 920 973 976 his
1004 924 1212 977 contra
1241 921 1527 993 populum
1577 919 1864 975 auxilium
1904 918 2013 972 fer.
2050 936 2078 963 η

434 1012 580 1065 Eum
625 1010 824 1065 statim
876 1010 1147 1067 crudeles
1199 1011 1286 1065 illi
1337 1016 1515 1082 atque
1564 1009 1730 1081 impii
1782 1006 2078 1079 lapidibus

437 1099 783 1154 obruerunt.
834 1100 1109 1155 Insecuta
1157 1104 1245 1155 est
1292 1100 1491 1155 statim
1548 1098 1803 1153 vindicta
1859 1096 2075 1162 divina,

433 1189 712 1260 venitque
743 1191 1145 1245 Romanorum
1172 1190 1495 1261 imperator
1520 1190 1856 1260 Pompeius,
1891 1190 1950 1239 et
1976 1201 2079 1239 ur-

431 1278 565 1334 bem
616 1277 789 1350 cepit.
840 1280 1265 1351 Ingressusque
1316 1279 1375 1333 in
1428 1277 1752 1334 sacrarium
1798 1275 2077 1330 intimum

427 1367 652 1439 piatate
707 1366 916 1423 ductus
968 1367 1121 1423 nihil
1181 1385 1362 1423 sacra)
1420 1365 1806 1440 supellectilis
1863 1362 2075 1435 attigit,

430 1457 698 1527 quamvis
760 1462 916 1512 esset
972 1456 1269 1528 permulta
1320 1457 1423 1512 ibi.
1475 1456 1628 1522 Quin
1678 1460 1735 1511 et
1774 1450 2078 1524 repurgari

430 1544 636 1601 fanum
667 1551 725 1601 et
755 1546 1050 1602 sacrificia
1072 1547 1275 1620 peragi
1300 1542 1886 1617 jussit.Aristobulus
1903 1544 2078 1597 Pom-

426 1635 560 1705 peio
600 1634 754 1691 dono
787 1635 951 1690 misit
979 1636 1155 1691 vitem
1188 1634 1563 1705 auream,260
1596 1634 1819 1689 talenta
1855 1646 2078 1703 appen-

429 1724 690 1779 dentem.

502 1900 859 1957 Ptolemaeus
889 1904 1200 1975 Evergetes
1233 1904 1531 1959 secundus
1563 1901 1827 1976 regnavit
1883 1914 2075 1955 annos

429 1991 631 2064 viginti
665 1992 1281 2059 novem.Ptolemaeus,
1304 1993 1404 2064 qui
1439 2009 1473 2047 a
1502 1991 1838 2047 tumiditate
1869 2004 2074 2059 corpo-

429 2080 514 2135 ris
541 2080 814 2151 Physcon
845 2086 934 2136 est
954 2081 1392 2149 nominatus,”
1424 2081 1831 2136 s.Ptolemaaus
1861 2080 2075 2137 Alexas

430 2186 619 2226 annos
645 2170 1090 2225 10.Ptolemaeus
1112 2170 1280 2226 Soter
1299 2168 1883 2234 secundus,secundo
1901 2170 2073 2224 Ever-

430 2258 580 2332 getis
610 2258 762 2314 292
797 2258 1174 2327 ﬁlius,annos
1205 2258 1611 2330 29,01eopatra
1640 2259 1694 2326 8,
1720 2257 2076 2314 Ptolemaeus

423 2347 633 2419 junior
658 2347 974 2419 Dionysius
1024 2349 1115 2403 30.
1165 2348 1478 2420 Cleopatra
1525 2348 1700 2419 hujus
1748 2346 1872 2403 ﬁlia
1921 2346 2075 2419 patri

437 2438 969 2511 successii,collega
996 2438 1163 2512 regni
1192 2439 1372 2496 fratre
1403 2438 1745 2506 Ptolemaeo,
1770 2454 1947 2510 quem
1974 2436 2078 2492 illa

435 2526 645 2582 oborto
678 2527 921 2583 dissidio
954 2527 1202 2593 necavit,
1235 2545 1542 2601 annosque
1574 2531 1641 2583 22
1680 2543 1927 2601 regnum
1985 2530 2074 2581 te-

430 2617 581 2672 nuit.
607 2616 719 2672 Sed
750 2616 813 2671 in
847 2622 1177 2690 temporum
1216 2618 1633 2691 supputatione
1664 2622 1919 2689 quatuor
1949 2619 2073 2671 tan-

438 2710 560 2758 tum
593 2705 734 2758 anni
767 2706 934 2777 regni
963 2706 1145 2778 hujus
1174 2706 1501 2778 Cleopatra:
1536 2705 1890 2762 numerandi
1915 2708 2074 2759 sunt.

502 2792 653 2847 Asiae
684 2808 865 2863 regno
911 2794 1141 2864 primus
1188 2794 1518 2866 Antigonus
1560 2794 1782 2865 potitus
1832 2793 2074 2864 Antigo-

438 2880 601 2935 niam
630 2880 840 2934 urbem
871 2880 945 2936 ad
975 2882 1257 2937 Orontem
1288 2880 1531 2936 fluvium
1575 2881 1861 2937 condidit.
1912 2882 2076 2936 Hanc

431 2967 712 3024 Seleucus
734 2969 1007 3025 Antiochi
1036 2974 1207 3041 pater
1226 2970 1433 3026 refecit
1453 2986 1520 3026 ac
1551 2970 1939 3026 Antiocheam
1968 2984 2075 3024 no-

432 3057 837 3114 minavit.Hmc
869 3063 959 3114 est
986 3060 1314 3116 Antiochea
1346 3076 1574 3133 magna.
1604 3059 1763 3116 Idem
1795 3059 2076 3115 Seleucus

436 3147 701 3204 condidit
731 3148 911 3204 etiam
942 3148 1312 3215 Laodiceam,
1342 3147 1691 3214 Seleuciam,
1724 3150 2069 3220 Apameam,

432 3237 1059 3305 Edessam,Berruaam,
1094 3237 1314 3295 Pellam
1344 3244 1403 3294 et
1433 3237 1794 3309 Babylonem
1824 3236 2069 3308 recepit,

433 3327 616 3399 inque
649 3327 814 3383 novis
844 3327 1096 3383 urbibus
1122 3327 1356 3384 Iudaeos
1387 3344 1520 3383 cum
1554 3327 1767 3383 Graecis
1807 3325 2075 3381 habitare

422 3415 632 3487 jussit.

424 3734 431 3743 ,
501 3682 896 3740 Erasistratus
950 3683 1240 3750 medicus,
1298 3682 1651 3758 cognomine
1717 3683 2072 3756 Diaphanes,

429 3770 831 3843 deprehendit
875 3772 1235 3829 Antiochum
1292 3773 1521 3829 Seleuci
1580 3771 1773 3828 ﬁlium
1825 3774 2077 3846 graviter

447 3865 756 3934 aegrotare,
811 3861 969 3933 quod
1022 3878 1334 3918 novercam
1394 3861 1711 3934 deperiret,
1795 3863 2074 3917 Demetrii

370 3960 377 3971 ‘
440 3949 647 4007 filiam.
682 3952 753 4005 Et
781 3949 1057 4007 Seleucus
1090 3951 1197 4007 filii
1227 3951 1501 4008 morbum
1543 3951 1848 4025 aegerrime
1877 3951 2075 4008 ferens

431 4036 485 4091 ei
514 4053 763 4094 uxorem
795 4054 964 4095 suam
1017 4040 1331 4095 concessit.
1378 4041 1432 4095 Is
1463 4036 1789 4095 Antiochus
1845 4039 2074 4095 Seleuci

433 4125 592 4182 ﬁlius
627 4143 700 4182 ex
733 4128 885 4198 patri
918 4128 1009 4184 sui
1040 4128 1292 4200 conjuge
1326 4128 1679 4196 Stratonice,
1709 4127 1832 4184 lilia
1861 4130 2074 4185 Deme.

429 4215 550 4284 trii,
603 4215 793 4271 ﬁlium
842 4215 1047 4287 genuit
1093 4222 1486 4290 cognomento
1536 4217 1743 4285 Deum,
1797 4217 1897 4288 qui
1942 4223 2077 4290 post

430 4302 625 4374 ipsum
650 4305 829 4377 Syrias
858 4309 917 4359 et
945 4305 1098 4360 Asina
1133 4322 1382 4378 regnum
1408 4321 1599 4362 annos
1627 4309 1692 4362 l5
1728 4307 1938 4362 tenuit.

2187 557 2430 629 μοτικὸν,
2466 552 2875 632 Ἀριστοϐούλῳ
2915 556 2973 613 δὲ
3002 559 3055 613 οἱ
3080 561 3263 635 ἱερεῖς.
3297 565 3395 616 Ἢν
3426 558 3485 616 δέ
3523 583 3605 623 τις
3657 565 3834 627 Ὀνίας

2184 644 2411 718 ὀνόματι
2465 641 2690 717 εὐσεϐὴς
2755 648 2844 703 καὶ
2898 644 3133 718 δίκαιος,
3190 649 3278 705 καὶ
3338 648 3399 705 ἐκ
3454 655 3561 706 τῶν
3616 652 3830 728 ἱερέων,

2183 733 2241 796 ὅς
2295 736 2384 789 καὶ
2442 730 2742 812 ἀνομϐρίαν
2808 736 2968 793 ἓλυσέ
3062 758 3193 794 ποτε
3276 738 3586 812 εὐξάμενος
3643 745 3833 797 τοῦτον

2181 823 2480 899 ἠνάγκασεν
2503 820 2751 895 εὔξασθαι
2789 823 2912 900 περὶ
2943 827 3118 896 νίκης.
3154 827 3215 885 Ὀ
3270 823 3328 883 δὲ
3378 825 3577 900 ηὔξατο
3628 829 3828 905 λὲγων.

2182 933 2212 962 ι(
2271 912 2364 966 Θεὶ
2419 913 2581 987 Κύριε
2634 914 2932 986 Δεσπότης,
2977 916 3116 989 μήτε
3175 920 3253 988 τῷ
3309 913 3475 991 δήμῳ
3530 919 3667 973 κατὰ
3720 924 3829 974 τῶν

2183 997 2367 1073 ἶερὲων
2398 1022 2495 1057 σου
2539 1006 2678 1075 μήτε
2705 1008 2821 1065 τοῖς
2849 1004 3049 1081 ἰερεῦσι
3081 1007 3218 1061 κατὰ
3244 1010 3340 1060 τοό
3379 1003 3562 1079 δήμου
3618 1009 3834 1084 βοηθή-

2183 1108 2303 1162 σῃς.
2340 1114 2362 1142 ι
2396 1095 2597 1147 Τοῦτον
2634 1089 2694 1147 δὲ
2719 1092 2918 1154 εὐθέως
2969 1095 3021 1149 οἱ
3069 1091 3213 1149 ὦλοὶ
3250 1094 3342 1150 καὶ
3392 1091 3603 1158 ἀσεϐεῖς
3655 1095 3835 1152 ἑλίθα-

2182 1197 2298 1235 σαν.
2332 1178 2433 1235 Καὶ
2465 1181 2732 1256 παρευθὺς
2769 1188 2871 1252 τῆς
2926 1179 3070 1247 θείας
3130 1179 3288 1254 δίκης
3356 1183 3584 1247 τούτους
3644 1186 3835 1258 μετελ-

2182 1265 2382 1339 θούσης
2411 1266 2548 1337 ἦλθε
2583 1270 2699 1325 κατ’
2739 1270 2918 1325 αὐτῶν
2975 1273 3268 1345 Πομπήϊος
3311 1272 3598 1346 Ῥωμαίων
3638 1293 3835 1349 στρατ-

2183 1355 2315 1432 ηγὸς
2344 1357 2435 1411 καὶ
2463 1358 2565 1426 τήν
2597 1358 2760 1413 πόλιν
2808 1358 3097 1437 ἐπόρθησε.
3168 1360 3267 1416 Καὶ
3317 1359 3577 1417 εἰσελθὼν
3634 1363 3712 1425 εἰς
3769 1362 3837 1418 τὰ

2180 1448 2340 1519 Ἅγια
2369 1450 2477 1501 τῶν
2522 1446 2712 1523 ἁγίων,
2767 1444 2838 1502 δι’
2898 1443 3171 1512 εὐσεϐείας
3225 1447 3447 1512 οὐδενὸς
3506 1454 3613 1505 τῶν
3671 1451 3833 1526 ἰερῶν

2182 1538 2385 1589 σκευῶν
2444 1534 2647 1611 ἥψατο,
2700 1535 2891 1613 καίπερ
2945 1534 3177 1593 πολλῶν
3260 1539 3569 1617 χρημάτων
3642 1560 3838 1611 οντων,

2180 1620 2443 1678 ἀλλὰκαὶ
2489 1624 2820 1701 ἀνακαθᾶραι
2875 1627 2938 1682 τὸ
2981 1626 3122 1701 ἱερὸν
3172 1627 3265 1682 καὶ
3321 1627 3414 1690 τὰς
3474 1628 3655 1691 θυσίας
3712 1628 3836 1685 ἐπι-

2179 1712 2359 1766 τελεῖν
2394 1712 2733 1789 προσέταξεν.
2769 1716 3022 1790 Ἐτιεμψε
3074 1712 3133 1770 δὲ
3181 1711 3605 1791 Ἀριστόϐουλος
3660 1714 3837 1792 δῶρον

2108 1829 2157 1894 Β
2192 1803 2469 1876 Πομπηΐῳ
2499 1801 2754 1878 ἄμπελον
2787 1810 2998 1883 χρυσῆν
3032 1802 3324 1861 διακοσίων
3358 1804 3654 1863 ταλάντων.

2262 1890 2607 1966 Πτολεμαῖος
2637 1893 2665 1948 6
2699 1890 2947 1965 δεύτερος
2976 1890 3298 1970 Εὐεργέτης,
3358 1890 3450 1964 ἔτη
3482 1896 3584 1952 κθ’.
3634 1896 3836 1951 Πτολε-

2190 1986 2352 2053 μαῖος
2393 1983 2421 2037 6
2454 1983 2685 2039 Φύσκων
2721 1980 2794 2037 δι’
2852 1983 3016 2058 ὄγκον
3048 1988 3145 2039 τοῦ
3193 1986 3446 2058 σώματος
3490 1983 3834 2055 ἐπικληθεὶς,

2186 2063 2279 2141 ἔτη
2319 2072 2381 2141 ιζ“
2412 2078 2590 2144 μῆνας
2622 2073 2688 2136 ς’.
2722 2071 3065 2146 Πτολεμαῖος
3122 2072 3364 2148 Ἀλεξᾶς,
3424 2068 3519 2146 ἔτη
3585 2075 3634 2135 ι’.
3694 2081 3839 2132 Πτο-

2186 2158 2419 2234 λεμαῖος
2458 2161 2485 2214 6
2518 2158 2765 2236 δεύτερος
2798 2163 3019 2238 Σωτὴρ,
3052 2163 3080 2217 6
3113 2163 3228 2226 υἱὸς
3258 2168 3355 2219 τοῦ
3386 2161 3638 2237 δευτέρου
3673 2164 3837 2240 Εὐερ-

2187 2251 2368 2324 γέτου,
2399 2246 2492 2321 ἔτη
2524 2253 2621 2305 κθ’.
2660 2250 2997 2327 Κλεοπάτρα,
3030 2249 3123 2323 ἔτη
3157 2254 3229 2323 η’.
3264 2251 3612 2327 Πτολεμαῖος
3642 2255 3671 2309 6
3714 2253 3841 2319 νέος

2187 2339 2441 2402 Διόνυσος
2475 2334 2816 2396 ἐϐασίλευσεν
2880 2334 2973 2411 ἔτη
3038 2338 3106 2397 λ’.
3161 2338 3481 2416 Κλεοπάτρα
3508 2343 3664 2411 ἡτοῦ
3708 2343 3833 2398 νέου

2187 2428 2447 2484 Διονύσου
2494 2429 2743 2506 θυγάτηρ
2795 2426 3198 2501 τελευτήσαντα
3249 2427 3557 2507 διαδέχεται
3605 2430 3835 2507 πατέρα,

2183 2518 2272 2573 καὶ
2306 2514 2696 2592 συμϐασιλεύει
2726 2519 2868 2590 αὐτῇ
2900 2517 3254 2591 Πτολεμαῖος
3287 2520 3314 2574 6
3348 2515 3606 2597 ἀδελφός*
3640 2524 3833 2576 τοῦτον

2188 2602 2526 2682 διενεχθέντα
2556 2607 2692 2681 πρὸς
2725 2607 2896 2678 αὐτήν
2936 2604 3202 2662 ἀνελοῦσα
3261 2608 3397 2681 μόνη
3454 2607 3681 2685 κατέσχε
3731 2610 3833 2678 τήν

2185 2694 2392 2772 ἀρχὴν,
2422 2695 2512 2751 καὶ
2546 2694 2824 2773 βασιλεύει
2856 2692 2950 2767 ἔτη
2982 2697 3090 2772 κβ’.
3120 2698 3249 2754 ’Ότι
3280 2696 3331 2751 ἐν
3363 2700 3444 2768 τῷ
3474 2697 3695 2773 ἀριθμῷ
3724 2702 3837 2755 τῶν

2186 2787 2401 2860 χρόνων
2435 2782 2485 2840 δ’
2517 2784 2656 2858 μόνα
2712 2779 2805 2857 ἔτη
2862 2792 2963 2855 τῆς
3024 2784 3305 2860 βασιλείας
3362 2785 3531 2856 αὐτῆς
3587 2784 3669 2842 δεῖ
3716 2786 3839 2863 ἀρι-

2187 2886 2216 2939 Θ
2223 2880 2365 2948 μεῖν.

2257 2965 2374 3033 Τῆς
2400 2964 2585 3026 Ἀσίας
2615 2969 2835 3039 πρῶτος
2868 2964 3125 3039 βασιλεὺς
3187 2965 3497 3041 Ἀντίγονος
3544 2968 3837 3043 γενόμενος

2186 3052 2514 3129 ’Δντιγονίαν
2564 3047 2740 3110 ἔκτισε
2792 3056 2893 3125 τὴν
2945 3055 3084 3131 πρὸς
3141 3059 3222 3128 τῷ
3279 3056 3508 3130 Ὀρόντη
3577 3061 3834 3130 ποταμῷ.

2185 3141 2404 3213 Ταύτην
2492 3140 2759 3205 Σέλευκος
2844 3142 3126 3207 ἐπικτίσας
3186 3145 3215 3199 6
3274 3146 3566 3221 Ἀντιόχου
3652 3147 3838 3219 πατὴρ

2186 3232 2533 3306 ’Δντιόχειαν
2593 3231 2894 3305 ὠνόμασεν’
2929 3235 2964 3303 ἡ
3007 3230 3066 3289 δέ
3114 3232 3256 3289 ἐστιν
3287 3236 3322 3304 ἡ
3358 3233 3575 3311 μεγάλη
3624 3237 3837 3292 ’Λντιὸ-

2186 3340 2334 3396 χεια.
2402 3320 2634 3385 Οὗτοςὸ
2666 3318 2934 3384 Σέλευκος
2986 3321 3078 3377 καὶ
3134 3321 3454 3378 Λαοόίκειαν
3511 3316 3687 3379 ἔκτισε
3740 3342 3834 3395 καὶ

2188 3408 2527 3480 Σελεύκειαν,
2594 3410 2911 3483 Ἀπάμειαν,
2972 3408 3223 3482 Ἔδεσαν,
3282 3412 3561 3488 Βὲῤῥοιαν.
3618 3412 3834 3469 Πέλλαν

2185 3499 2275 3554 καὶ
2308 3494 2609 3556 Βαϐυλῶνα
2638 3501 3034 3575 παρεστήσατο.
3098 3501 3200 3558 Καὶ
3255 3498 3308 3555 ἐν
3365 3505 3485 3564 ταῖς
3542 3502 3688 3565 νέαις
3726 3504 3834 3557 πό-

2188 3587 2305 3645 λεσι
2332 3585 2632 3651 Ἰουδαίους
2662 3589 2958 3662 συνῴκισεν
2988 3587 3248 3661 ’Ἑλλησμ

2254 3677 2438 3735 ’Ὀτιὸ
2487 3678 2763 3756 Διαφανῆς
2828 3677 3119 3752 λεγύμενος
3179 3677 3589 3755 Ἐρασίστρατος
3650 3679 3834 3753 ἰατρὸς

2187 3764 2380 3841 διέγνω
2408 3766 2694 3845 Ἀντίοχον
2725 3766 2816 3821 τὸν
2852 3764 3122 3822 Σελεύκου
3153 3764 3319 3823 παῖδα
3341 3764 3531 3831 δεινῶς
3572 3772 3835 3827 νοσοῦντα

2186 3852 2276 3911 διὰ
2300 3855 2393 3910 τὸν
2420 3855 2557 3930 πρὸς
2583 3856 2686 3924 τήν
2713 3858 2811 3910 τοῦ
2867 3856 3072 3929 πατρὸς
3126 3858 3371 3933 γαμετὴν
3421 3851 3619 3931 ἔρωτα,
3664 3860 3831 3934 θυγα-

2183 3946 2312 4020 τέρα
2342 3942 2689 4019 Δημητρίου’
2723 3943 2842 4009 ὅθεν
2876 3942 3144 4008 Σέλευκος
3181 3949 3262 4019 τῷ
3313 3947 3469 4002 πάθει
3520 3946 3831 4024 περιαλγή-

2187 4057 2279 4098 σας
2335 4040 2660 4111 παραχωρεῖ
2722 4039 2802 4107 τῷ
2857 4032 3013 4091 παιδί
3071 4036 3346 4113 Ἀντιόχῳ
3417 4043 3515 4108 τῆς
3564 4045 3828 4114 γαμετῖς.

2186 4124 2356 4188 Οὗτος
2387 4122 2667 4199 Ἀντίοχος
2701 4123 2729 4178 6
2760 4122 3056 4200 λεγόμενος
3087 4127 3283 4199 Σωτὴρ
3315 4121 3469 4202 ἔσχεν
3499 4124 3560 4181 ἐκ
3587 4133 3687 4197 τῆς
3732 4137 3830 4191 θυ-

2184 4211 2383 4289 γατρὸς
2421 4210 2763 4287 Δημητρίου,
2823 4215 2910 4287 [Ρ.
2974 4218 3096 4287 167]
3152 4221 3396 4290 γαμετῆς
3453 4212 3511 4269 δὲ
3558 4213 3830 4270 Σελεύκου

2181 4305 2279 4357 τοῦ
2310 4302 2514 4377 πατρὸς
2545 4301 2737 4371 αὐτοῦ,
2773 4301 3161 4377 Στρατονίκης,
3193 4300 3389 4379 ἄρσενα
3418 4304 3537 4359 υἱὸν
3567 4304 3660 4358 τὸν
3710 4302 3837 4360 ἑπι-

2185 4390 2452 4461 κληθὲντα
2484 4390 2633 4461 Θεὸν,
2679 4391 2738 4452 δς
2794 4392 2886 4446 καὶ
2944 4386 3284 4448 ἐϐασίλευσεν
3341 4394 3459 4466 μετ’
3513 4392 3670 4451 αὐτὸν
3729 4398 3834 4449 Συ-

2183 4479 2301 4555 ρίας
2331 4480 2420 4535 καὶ
2450 4479 2637 4542 Ἀσίας
2667 4477 2760 4549 ἔτη
2800 4481 2878 4538 ιε“.

499 4572 669 4625 Anno
702 4571 910 4627 mundi
938 4573 1070 4626 5281
1109 4572 1454 4629 Nicomedes
1503 4575 1792 4648 Bithynia)
1824 4592 1929 4631 rex
1976 4576 2074 4631 Ni-

2255 4570 2345 4627 ’Ev
2376 4573 2457 4642 τῷ
2498 4576 2647 4623 εσπα⁸
2708 4566 2812 4625 ἔτει
2865 4572 2964 4625 τοῦ
3019 4571 3231 4645 κόσμου
3286 4568 3615 4645 Νικομήδης
3677 4574 3834 4649 βασι-

424 4660 759 4717 comediam
779 4660 988 4718 urbem
1010 4660 1083 4718 de
1104 4679 1212 4719 suo
1235 4663 1476 4720 nomine
1490 4664 1909 4737 condiditque:
1931 4669 2069 4720 ante

423 4751 672 4807 Astacus
689 4750 804 4807 fuit
822 4751 998 4807 dicta.
1020 4752 1347 4809 Antiochus
1376 4753 1713 4825 Epiphanes
1738 4771 1838 4810 rex
1861 4754 2062 4826 Syriae.

422 4838 849 4913 Hierosolymis
878 4842 1066 4913 captis
1097 4858 1164 4898 ac
1195 4842 1512 4915 populatis,
1548 4843 1835 4914 templum
1867 4842 2066 4914 profa-

421 4929 792 5001 navit,inque
823 4947 892 4986 eo
923 4930 1324 4988 abominabile
1350 4932 1512 4988 Jovis
1545 4931 1797 5003 Olympii
1830 4936 2068 4987 consta-

418 5020 533 5075 tuit
561 5020 1136 5093 simulacrum,quod
1165 5021 1393 5077 Danieli
1425 5021 1705 5078 vaticinio
1736 5020 2066 5078 desolatio-

422 5107 518 5164 nis
550 5124 655 5165 seu
684 5109 979 5166 vastitatis
1009 5109 1412 5166 abominabile
1439 5110 1672 5182 signum
1703 5110 1940 5166 dicitur.

493 5199 702 5254 Annus
733 5198 1027 5256 aSeleuco
1062 5202 1163 5254 170
1194 5197 1379 5255 Judaei
1405 5201 1807 5255 Romanorum
1829 5199 2071 5257 luerunt

426 5284 748 5342 tributarii.

2180 4658 2306 4723 λεὺς
2355 4659 2593 4716 Βιθυνῶν
2649 4657 2736 4715 ἐπ’
2785 4659 3012 4733 ὀνόματί
3070 4662 3236 4716 αὐτοῦ
3298 4663 3399 4732 τήν
3460 4660 3831 4735 Νικομήδειαν

2176 4746 2370 4817 ἔκτισε,
2436 4749 2632 4823 πρώην
2683 4746 3029 4823 καλουμένην
3088 4750 3373 4808 ’Δστακόν.
3434 4751 3724 4827 Ἀντίοχος
3797 4753 3827 4807 6

2178 4839 2478 4918 Ἐπιφανὴς
2507 4836 2765 4914 βασιλεὺς
2796 4840 3016 4915 Συρίας,
3047 4842 3147 4911 τήν
3194 4840 3561 4916 Ἰερουσαλήμ
3613 4844 3831 4918 πορθή-

2178 4948 2273 4991 σας
2301 4927 2390 4983 καὶ
2418 4927 2510 4983 τὸν
2551 4926 2674 4983 ναὸν
2706 4921 3050 5004 βεϐηλώσας,
3108 4928 3232 4992 Διὸς
3265 4927 3572 5003 Ὀλυμπίου
3627 4927 3832 5005 βδέλυ-

2178 5037 2294 5094 γμα
2323 5016 2375 5071 ἐν
2407 5017 2556 5089 αύτῷ
2585 5015 2926 5088 ἆνεστήλωσε
2950 5017 3087 5074 κατὰ
3122 5019 3223 5088 τήν
3279 5022 3378 5075 τοῦ
3436 5015 3637 5089 Δανιὴλ
3682 5038 3827 5095 προ-

2177 5129 2198 5188 τ3
2218 5106 2425 5179 ητείαν,
2456 5104 2625 5181 ἤγουν
2653 5105 2718 5162 τὸ
2749 5102 3034 5184 βδέλυγμα
3062 5114 3162 5177 τῆς
3190 5105 3544 5182 ἐρημώσεως.

2246 5195 2369 5252 Ὀτι
2395 5195 2474 5268 po’
2503 5190 2598 5264 ἔτη
2630 5192 3019 5273 ἐτελεσφόρουν
3068 5196 3368 5270 Ῥωμαίοις
3416 5192 3675 5255 Ἰουδαῖοι
3719 5195 3828 5252 ἀπὸ

2181 5284 2475 5342 Σελεύκου.

1623 5412 1984 5473 XYLANDRI
2020 5416 2109 5472 ET
2144 5412 2360 5471 GOARI
2389 5412 2620 5470 .NOTxE.

494 5531 610 5607 (21)
642 5534 826 5611 Nemo
859 5554 979 5611 non
1010 5538 1170 5611 videt
1197 5539 1460 5611 pessime
1491 5539 1619 5596 haec
1658 5540 1814 5596 inter
1872 5558 1933 5598 se
1984 5558 2076 5599 co-

426 5602 674 5663 hairere.
708 5610 822 5681 Ego
874 5608 1015 5665 satis
1060 5602 1248 5665 habeo
1297 5610 1581 5671 lectorem
1640 5611 1715 5667 ad
1758 5612 2079 5685 Josephum

2183 5536 2535 5667 ξῖεξῗὶιὲόιὲηὲι
2534 5534 2828 5665 ablegare.
2864 5538 3004 5596 Vide
3032 5537 3251 5596 librum
3291 5540 3562 5612 Antiquit.
3612 5555 3706 5596 xxv
3751 5539 3834 5597 ab
