4186 6190
354 336 476 395 329
1514 331 2051 394 HlSTOltlARUM
2095 333 2639 400 COMPENDIUM.
3006 286 3019 295 ‘
3657 343 3779 406 330

428 460 675 523 Ἰούλιος
706 465 916 536 Καῖσαρ
946 462 1083 517 κατὰ
1106 461 1169 518 τὸ
1235 459 1488 537 τέταρτον
1553 456 1670 526 ἔτος
1699 470 1800 533 τῆς
1862 464 2021 539 βασι-

2204 469 2391 525 Julius
2446 472 2641 527 Caesar
2707 475 2917 543 quarto
2998 488 3156 526 anno
3213 472 3379 545 regni
3452 474 3777 545 Cleopatras

357 550 505 613 λείας
564 548 921 624 Κλεοπάτρας
997 551 1101 606 ὑπὸ
1160 550 1444 624 Ῥωμαίων
1498 551 1819 628 ἀναρρηθεὶς
1880 554 2018 608 ὑπα-

357 660 473 711 τος,
507 640 584 703 εἰς
614 642 717 711 τήν
751 638 1047 709 Ἀνατολὴν
1092 638 1183 694 σὺν
1238 638 1428 715 πολλῇ
1494 641 1733 697 ἀνελθὼν
1794 640 2017 713 δυνάμει

358 730 452 785 καὶ
482 727 736 791 πολλοὺς
766 734 873 785 τῶν
906 729 1096 785 αὐτόθι
1126 729 1555 804 τροπωσάμενος
1588 731 1679 785 καὶ
1713 730 2021 808 ὑποφόρους

361 824 728 894 καταστήσας,
789 818 961 883 ἰδίους
1036 825 1142 877 τῶν
1212 820 1395 877 τόπων
1452 822 1771 892 καθίστησιν
1829 820 2019 892 ἐπιμε-

362 909 557 981 λητάς.
590 911 943 985 Ἀντίπατρον
986 911 1084 984 μὲν
1135 908 1226 966 οὖν
1284 910 1374 965 τὸν
1436 907 1843 981 Ἀσκαλωνίτην
1902 913 2021 964 Παι-

370 997 654 1069 λαιστίνης
709 998 1007 1069 κατέστησε
1071 996 1383 1069 διοικητήν.
1435 999 1558 1061 Υἱὸς
1613 995 1671 1054 δέ
1724 998 1790 1067 ἦν
1845 997 2022 1055 Ἀντί-

361 1106 570 1162 πατρος
615 1083 864 1162 Ἡρώδου
920 1088 1091 1156 τινὸς,
1142 1092 1251 1141 τῶν
1305 1086 1358 1140 ἐν
1413 1088 1703 1160 νεωκόροις
1760 1087 2024 1160 ἀριθμου-

370 1176 547 1248 μένων
602 1177 692 1231 καὶ
720 1177 829 1231 τῶν
870 1175 1060 1231 αὐτόοι
1089 1180 1190 1230 τοῦ
1246 1174 1604 1238 ’Λπόλλωνος
1661 1171 2020 1249 ἱεροδούλων.

362 1263 543 1322 Ιίαῖδα
574 1261 633 1319 δὲ
671 1260 797 1320 ὄντα
826 1266 959 1320 ποτε
985 1265 1078 1320 τὸν
1131 1265 1483 1339 Ἀντιπατρον
1535 1262 1733 1339 λῃσταὶ
1788 1261 2022 1339 ἀναρπά-

364 1375 544 1416 σαντες
603 1351 907 1426 Ἰδουμαῖοι
990 1358 1252 1433 κατεῖχον
1288 1397 1304 1423 ,
1390 1351 1561 1427 λύτρα
1646 1353 1777 1428 ὑπὲρ
1859 1352 2024 1408 αὐτοῦ

360 1449 675 1516 κομιεῖσθαι
753 1441 1149 1522 ὐπειληφότεςο
1242 1446 1340 1498 τοῦ
1434 1441 1493 1498 δὲ
1572 1442 1776 1518 πατρὸς
1856 1444 2023 1498 αὐτοῦ

2130 558 2336 612 consul
2369 564 2603 614 creatus
2634 575 2771 614 cum
2826 576 3042 632 magno
3070 560 3331 615 exercitu
3362 560 3424 614 in
3476 561 3779 618 Orientem

2130 648 2311 713 venit,
2369 650 2695 721 multisque
2752 650 2833 704 ibi
2890 650 3060 706 victis
3119 656 3177 705 et
3231 650 3635 722 stipendiariis
3693 652 3780 708 fa-

2131 736 2407 802 ctis,suos
2440 740 2873 809 provinciarum
2898 740 3206 795 constituit
3235 742 3780 811 procuratores.lta

2130 826 2507 898 Antipatrum
2536 828 2930 884 Ascalonitam
2961 829 3224 901 prasfecit
3254 829 3606 885 Palaestinae.
3638 830 3772 885 Fuit

2132 914 2183 968 is
2215 914 2370 971 filius
2417 916 2728 988 cujusdam
2779 917 3047 985 Herodis,
3102 918 3259 973 inter
3306 919 3557 973 aadituos
3605 918 3771 975 censi

2135 1007 2193 1057 et
2237 1020 2339 1059 eos
2392 1005 2491 1075 qui
2542 1005 2623 1059 ibi
2671 1005 2963 1077 Apollinis
3008 1007 3146 1062 fano
3196 1007 3546 1063 inserviunt.
3580 1009 3773 1078 Atque

2134 1090 2292 1146 hunc
2322 1109 2571 1163 puerum
2603 1095 2904 1164 quondam
2935 1095 3176 1150 Idumaai
3216 1096 3528 1167 praedones
3560 1113 3772 1167 rapue-

2134 1185 2288 1245 rant,
2323 1199 2425 1252 spe
2457 1199 2563 1254 pro
2594 1183 2782 1254 ipsius
2813 1184 3095 1239 missione
3146 1184 3437 1240 mercedis
3491 1185 3780 1256 accipien.

2134 1269 2223 1323 dae
2258 1286 2271 1323 :
2305 1270 2408 1326 sed
2439 1272 2581 1342 quia
2608 1276 2778 1342 pater
2825 1276 2951 1327 erat
2978 1273 3423 1343 pauperrimus,
3471 1274 3783 1344 Antipater

2136 1357 2291 1429 apud
2321 1358 2482 1430 ipsos
2516 1376 2717 1416 servus
2762 1361 3069 1428 remansit,
3104 1361 3484 1432 ipsorumque
3512 1361 3781 1416 moribus

2136 1447 2445 1503 institutus
2478 1456 2587 1505 est.

367 1533 445 1595 εἰς
494 1529 723 1608 ἔσχατον
783 1533 972 1595 πενίας
1032 1531 1396 1603 ἐληλακότας,
1455 1525 1635 1605 ἔμεινε
1690 1531 1837 1606 παρὰ
1892 1536 2014 1594 τοῖς
2073 1533 2368 1607 άρπάξασιν
2423 1534 2697 1592 δουλεύων
2754 1537 2844 1591 καὶ
2893 1542 3011 1600 τοῖς
3078 1538 3294 1594 ἐκείνων
3352 1535 3525 1594 ἔθεστι
3581 1538 3779 1616 τρεφό-

366 1642 542 1696 μενος,

438 1710 841 1786 Ἀναιρεοὲντος
899 1709 957 1766 δὲ
1012 1715 1111 1766 τοῦ
1155 1709 1520 1784 ’Δντιπάτρου
1576 1708 1867 1787 φαρμάκῳ,
1920 1710 2022 1783 βα-

2202 1715 2346 1769 Cum
2379 1714 2653 1772 Balichus
2685 1715 2929 1787 quidam
2970 1717 3207 1772 Judwus
3251 1717 3631 1789 Antipatrum
3683 1735 3777 1775 ve-

367 1800 560 1872 σκανίᾳ
588 1807 688 1869 τῆς
719 1797 938 1869 πολλῆς
992 1795 1365 1872 εὐδαιμονίας,
1426 1798 1529 1853 ὑπὸ
1577 1797 1825 1874 Βαλίχου
1854 1798 2024 1860 τινὸς.

369 1886 657 1958 Ἰουδαίου,
692 1887 1043 1968 διαδέχονται
1100 1890 1153 1943 οἱ
1205 1886 1396 1951 παῖδες
1452 1886 1619 1943 αὐτοῦ
1675 1888 1775 1958 τὴν
1824 1886 2023 1962 ἀρχὴν,

360 1983 373 2001 ,
483 1979 497 1998 ι
517 1976 541 1994 κ
716 1979 732 1999 κ
916 1980 957 1997 ρ-
1204 1977 1218 1996 \
1356 1978 1370 1994 ς
1482 1980 1495 1995 ς
1595 1979 1606 1997 ν
1641 1975 1665 1995 λ
1827 1979 1838 1998 1
2008 1978 2023 1999 ς

382 1984 613 2053 Ηρωοης
642 1999 733 2033 και
782 1976 1079 2040 Φασαιλοςο
1130 1999 1220 2033 και
1252 1977 1280 2032 ὁ
1316 1999 1411 2052 μεν
1438 1999 1536 2048 την
1614 1984 1903 2050 Ιοουμαιαν
1935 1998 2025 2033 και

357 2071 459 2138 τήν
490 2066 889 2143 Ἱεροσολύμων
922 2067 1279 2142 ἐκληρώσατο
1311 2075 1438 2143 γῆν,
1484 2068 1582 2137 τὴν
1642 2065 1700 2123 δὲ
1757 2066 2022 2126 Ἰουδαίαν

362 2156 455 2212 καὶ
509 2156 808 2214 Γαλιλαίαν
839 2154 1170 2231 ὁἨρώδης.
1230 2156 1401 2220 Γνοὺς
1469 2155 1526 2212 δὲ
1585 2157 1659 2220 ὡς
1714 2159 1963 2233 Ὑρκανὸς
1995 2158 2023 2213 ὁ

359 2248 468 2323 πρὸ
527 2247 698 2303 αὐτου
760 2244 1015 2323 βασιλεὺς
1061 2247 1153 2302 τὸν
1230 2251 1328 2302 τοῦ
1360 2240 1528 2301 Δαϐὶδ
1584 2247 1752 2325 τάφον
1810 2248 2022 2317 ἀνοίξας

362 2337 654 2412 τρισχίλια
684 2330 849 2392 ἔλαϐε
892 2334 1151 2406 τάλαντα,
1182 2334 1365 2406 ἤνοιξε
1393 2335 1485 2391 καὶ
1541 2333 1725 2407 αὐτὸς,
1756 2335 1845 2391 καὶ
1872 2336 2026 2415 χρῄ-

371 2446 516 2499 ματα
550 2427 645 2499 μὶν
675 2424 784 2502 οὐχ
815 2425 961 2500 εὗρε,
1004 2425 1215 2497 κόσμου
1265 2421 1323 2478 δὲ
1353 2425 1607 2500 χρύσειον
1637 2426 1727 2480 καὶ
1756 2424 2024 2499 κειμήλια

365 2513 555 2570 πολλὰ
597 2513 864 2570 ἀνείλετο.
918 2512 1269 2589 Πειραθέντος
1302 2510 1361 2568 δὲ
1392 2513 1556 2569 αὐτοῦ
1609 2511 1873 2589 ἐνδοτέρω
1904 2533 2019 2589 χω-

362 2611 501 2680 ρεῖν,
536 2605 599 2658 οὗ
627 2605 694 2658 τά
724 2604 953 2677 σώματα
983 2597 1150 2658 Δάϐὶδ
1181 2603 1273 2658 καὶ
1316 2600 1684 2675 Σολομῶντος
1742 2602 2020 2674 ἐτέθησαν,

371 2698 478 2768 πῦρ
505 2692 723 2764 ἐξελθὸν
753 2689 849 2747 δύο
878 2695 987 2747 τῶν
1021 2689 1336 2770 δορυφόρων
1368 2693 1696 2772 κατέφθειρε.

440 2959 733 3033 Γενόμενος
766 2957 825 3013 δέ
880 2959 955 3020 εἰς
981 2960 1080 3028 τήν
1106 2960 1391 3035 Αἴγυπτον
1423 2958 1655 3021 Ἰούλιος
1709 2966 1810 3028 τῆς
1850 2957 2021 3015 Κλεο-

2134 1819 2291 1858 neno
2326 1803 2682 1875 sustulisset,
2734 1810 2959 1861 tantam
2990 1806 3042 1860 ei
3089 1805 3437 1861 felicitatem
3477 1806 3778 1876 invidens,

2134 1890 2241 1945 filii
2272 1892 2563 1964 Antipatri
2598 1893 2989 1949 hereditatem
3017 1895 3181 1966 regni
3213 1893 3777 1961 adierunt,Herodes

2132 1985 2310 2052 atque
2342 1981 2724 2049 Phaselus,ea
2752 1982 2879 2055 lege
2902 1989 2968 2038 ut
2998 1983 3095 2039 hic
3126 1983 3448 2039 Idumaeam
3482 1989 3539 2039 et
3572 1984 3779 2039 Hiero-

2131 2068 2482 2140 solymicum
2540 2071 2855 2126 sortiretur
2910 2072 3295 2140 territorium,
3356 2071 3455 2128 ille
3513 2072 3779 2127 Judmam

2131 2162 2190 2211 et
2245 2157 2564 2214 Galilaeam.
2639 2162 2710 2215 Et
2786 2160 3046 2215 Herodes
3102 2160 3336 2233 cognito
3414 2162 3772 2231 Hyrcanum,

2129 2246 2231 2317 qui
2282 2252 2419 2303 ante
2475 2249 2673 2320 ipsum
2732 2266 2910 2321 regno
2993 2249 3189 2305 fuerat
3238 2250 3501 2317 functus,
3569 2250 3769 2305 Davidi

2131 2337 2400 2407 sepulcro
2431 2343 2633 2408 aperto
2663 2338 2774 2393 tria
2806 2338 3165 2394 talentorum
3208 2338 3399 2395 millia
3427 2339 3767 2407 abstulisse,

2130 2423 2255 2496 ipse
2313 2441 2548 2496 quoque
2608 2426 2948 2497 sepulcrum
3003 2426 3064 2481 id
3118 2427 3395 2498 aperuit:
3459 2428 3617 2484 294
3666 2427 3772 2483 sed

2127 2512 2276 2567 nihil
2305 2514 2805 2584 pecuniae,verum
2834 2519 3188 2571 ornamenta
3215 2531 3398 2570 aurea
3430 2520 3488 2568 et
3512 2517 3779 2586 reposita

2130 2601 2379 2659 donaria
2408 2603 2597 2660 multa
2626 2604 2848 2674 reperit
2899 2608 3077 2674 atque
3115 2604 3459 2674 asportavit.
3512 2605 3776 2675 Cumque

2129 2696 2377 2747 conatus
2407 2698 2567 2747 esset
2620 2692 2874 2748 interius
2918 2698 3254 2764 penetrare,
3297 2693 3398 2747 ubi
3460 2694 3665 2750 Davidi
3725 2699 3785 2749 et

2130 2781 2463 2837 Solomonis
2503 2798 2753 2854 corpora
2804 2787 2975 2836 erant
3033 2781 3313 2852 reposita,
3374 2782 3530 2854 ignis
3586 2784 3783 2855 erupit

2133 2872 2401 2944 duosque
2429 2871 2752 2928 satellitum
2782 2871 3102 2927 interfecit.

2201 2961 2392 3018 Julius
2431 2978 2568 3017 cum
2598 2961 2660 3016 in
2690 2962 3001 3033 Egyptum
3030 2962 3309 3029 venisset,
3337 2962 3574 3018 insidiis
3606 2964 3786 3019 evita-

372 3051 579 3124 πάτρας
609 3049 857 3125 κρατύνει
885 3051 985 3117 τήν
1045 3047 1246 3122 ἀρχὴν,
1301 3051 1413 3102 τῶν
1466 3047 1855 3120 ἐπιτιθεμένων
1903 3047 2023 3102 ἀνα-

471 3138 504 3148 ..
1920 3134 1989 3148 ,μ

2143 3051 2213 3104 tis
2271 3068 2417 3122 quas
2476 3050 2589 3122 ipsi
2646 3050 2965 3106 adversarii
3011 3049 3411 3119 tetenderant,
3459 3053 3785 3124 Cleopatras

368 3138 586 3200 στείλας
640 3138 732 3199 τὰς
782 3131 1102 3198 ἐπιϐουλάς.
1136 3136 1242 3193 Καὶ
1295 3135 1363 3191 τὰ
1417 3134 1505 3191 ἐπὶ
1560 3143 1660 3205 τῆς
1721 3134 2024 3205 Ἀνατολῆς

378 3229 589 3285 ἅπαντα
645 3224 1070 3299 διοικησάμενος
1137 3224 1436 3295 ἐπανῆλθεν
1520 3225 1595 3287 εἰς
1646 3227 1746 3296 τήν
1805 3225 2027 3298 Ῥώμην

382 3319 641 3393 μοναρχή
649 3336 765 3379 σας.

443 3411 571 3467 ’Ὁτι
600 3410 628 3465 ὁ
686 3408 924 3470 Ἰούλιος
986 3407 1094 3480 μὴν
1148 3404 1437 3467 Κυντίλιος
1497 3404 1733 3481 ἐλέγετο,
1788 3427 2029 3480 μετωνο-

381 3500 561 3572 μάσθη
596 3496 655 3554 δὲ
702 3499 848 3573 παρά
890 3495 1184 3556 ’Δντωνίου
1241 3493 1333 3550 διὰ
1380 3496 1443 3550 τὸ
1499 3504 1827 3571 γεννηθῆναι
1884 3496 2031 3570 αὐτῷ

372 3589 531 3643 Γάϊον
563 3585 823 3646 Ἰούλιον.
852 3592 907 3640 '0
938 3583 998 3641 δὲ
1047 3583 1323 3655 Σεξτίλιος
1381 3585 1488 3640 ἆπὸ
1546 3585 1867 3661 Αὐγούστου
1915 3584 2029 3643 Αὐ-

374 3698 631 3754 γουστος,
664 3674 695 3731 ὅ
723 3675 838 3731 ἐστι
878 3670 1156 3737 σεϐαστός.

447 3770 575 3826 ’Ὁτι
605 3766 843 3841 κάρμινα
888 3765 1037 3840 παρᾶ
1085 3765 1383 3838 Ῥωμαίοις
1431 3762 1647 3840 λέγεται
1676 3764 1743 3820 τὰ
1798 3761 1902 3836 ἔπη
1940 3766 2030 3820 καὶ

373 3879 474 3935 καρ
484 3858 675 3932 μεντία
703 3859 739 3927 ἡ
776 3856 1018 3930 μαντεία.

450 3950 535 4021 [Ρ.
602 3950 723 4019 168]
779 3948 903 4004 ’Ὁτι
951 3947 1051 4014 τὴν
1107 3945 1331 4020 πρώτην
1375 3949 1471 4000 τοῦ
1535 3946 1706 4019 μηνὸς
1761 3946 2031 4018 Ῥωμαῖοι

377 4033 654 4099 καλάνδας
712 4034 961 4090 καλοῦσι·
1039 4035 1225 4095 νόννας
1309 4030 1365 4088 δὲ
1425 4035 1514 4089 καὶ
1576 4030 1752 4098 εἰδοῦς
1807 4033 1893 4089 ἐπὶ
1938 4037 2033 4108 μὲν

371 4124 715 4200 ’Ῑανουαρίου
799 4124 889 4178 καὶ
967 4118 1344 4199 Φεϐρουαρίου
1424 4120 1754 4196 Ἀπριλλίου
1820 4144 1878 4178 τε
1942 4124 2031 4178 καὶ

380 4215 609 4271 Ἰουνίου
639 4212 731 4268 καὶ
770 4212 1083 4289 Αὐγούστου
1138 4211 1229 4266 καὶ
1279 4206 1653 4285 Σεπτεμϐρίου
1706 4211 1795 4267 καὶ
1825 4214 2032 4270 Ὀκτω-

376 4299 535 4377 ϐρίου
578 4302 670 4357 καὶ
729 4297 1043 4375 Νοεμϐρίου
1101 4300 1197 4365 τάς
1251 4301 1348 4375 μὲν
1388 4301 1574 4362 νόννας
1607 4299 1829 4378 λέγουσι
1870 4303 1907 4356 ε’
1936 4306 2033 4357 τοῦ

378 4392 575 4465 μηνὸς,
607 4390 702 4451 τάς
729 4387 788 4445 δὲ
844 4387 1020 4452 εἰδοῦς
1057 4390 1118 4464 ιγ’
1171 4392 1269 4444 τοῦ
1322 4389 1510 4463 μηνὸς,
1542 4387 1629 4443 ἐπὶ
1678 4386 1736 4444 δέ
1790 4389 2032 4466 Μαρτίου

371 4482 464 4535 καὶ
496 4482 676 4537 Μαίου
723 4479 813 4534 καὶ
870 4477 1105 4536 Ἰουλίου
1152 4478 1241 4532 καὶ
1300 4473 1632 4554 Δεκεμϐρίου
1661 4480 1758 4544 τὰς
1790 4479 1881 4554 μὲν
1913 4479 2032 4534 νόν-

374 4592 467 4633 νας
495 4572 599 4641 τήν
630 4570 672 4639 ζ’
689 4572 787 4625 τοῖ’»
820 4567 991 4641 μηνὸς
1026 4569 1159 4641 (32),
1193 4566 1287 4627 τὰς
1349 4565 1407 4622 δὲ
1465 4564 1643 4630 είδοῦς
1699 4570 1798 4640 τὴν
1843 4570 1898 4624 ιε’
1934 4573 2032 4624 τοῦ

372 4660 573 4733 μηνός.
633 4653 917 4717 Καλάνδας
990 4655 1167 4711 τοίνυν
1225 4655 1554 4730 Ἰανουαρίου
1614 4657 1876 4733 εὑρίσκων
1929 4658 2028 4727 τήν

363 4756 411 4802 α’
443 4746 785 4822 Ἰανουαρίου
814 4743 1085 4819 νομίσείς.
1116 4744 1234 4800 Ἔτι
1266 4742 1325 4797 δὲ
1384 4744 1492 4819 πρὸ
1543 4750 1710 4820 τριῶν
1751 4750 1851 4818 τὴν
1910 4747 2027 4823 τρι.

362 4857 464 4906 την
490 4834 595 4892 καῖ’
612 4835 720 4911 πρὸ
752 4839 879 4908 μιᾶς
904 4837 1107 4889 νοννῶν
1161 4830 1507 4907 Ἰανουαρίων
1563 4835 1663 4904 τήν
1722 4832 1791 4905 δ’,
1823 4832 1913 4891 διὰ
1951 4836 2031 4892 τὸ’

361 4926 465 4995 τήν
498 4924 562 4991 ε’,
607 4922 684 4984 ὡς
749 4915 980 5000 ἔφημεν,
1010 4918 1196 4974 νόνναν
1253 4916 1555 4976 καλεῖσθαι.
1588 4920 1740 4977 Μετᾶ
1770 4918 1828 4977 δὲ
1864 4923 1963 4991 τήν
1992 4925 2031 4978 ε’

368 5012 549 5074 εἴποις
580 5010 643 5065 ἃν
700 5010 807 5086 πρὸ
873 5010 924 5080 η’
978 5004 1135 5063 εἱδῶν
1194 5006 1569 5081 Ἰανουαρίων,
1635 5006 1809 5085 ἤγουν
1868 5014 1938 5085 τῇ
1993 5032 2025 5077 ς

359 5101 587 5169 τούτου,
619 5097 712 5154 καὶ
756 5099 866 5174 πρὸ
887 5095 1022 5153 ἑπτά
1049 5092 1212 5149 πάλιν
1240 5095 1312 5168 τῇ
1347 5095 1407 5163 ζ’,
1466 5099 1559 5151 καὶ
1616 5097 1739 5168 ἑξῆς
1796 5098 2030 5172 ὁμοίως,

2141 3156 2391 3211 regnum
2421 3140 2483 3194 in
2514 3156 2684 3196 suam
2712 3139 2939 3212 redegit
2965 3140 3645 3212 potestatem,rebusque
3676 3159 3784 3213 per

2140 3229 2441 3284 Orientem
2472 3227 2809 3283 constitutis
2841 3229 3087 3282 Romam
3118 3226 3314 3298 rediit,
3330 3227 3491 3284 solus
3522 3229 3627 3284 toti
3664 3229 3784 3283 rei—

2140 3317 2395 3391 publicaa
2426 3316 2849 3388 imperaturus.

2211 3406 2399 3464 Julius
2451 3405 2676 3461 mensis
2735 3408 2871 3461 ante
2928 3403 3205 3469 Quintilis
3257 3403 3582 3461 dicebatur.
3640 3405 3781 3462 Julii

2142 3512 2361 3552 nomen
2391 3494 2443 3549 ei
2477 3493 2549 3549 ab
2575 3492 2831 3548 Antonio
2858 3492 3202 3564 impositum
3230 3499 3321 3549 est
3340 3492 3473 3549 ideo
3497 3494 3785 3565 quodisto

2142 3601 2349 3642 mense
2379 3584 2439 3638 C.
2470 3581 2659 3638 Julius
2688 3588 2864 3638 natus
2892 3582 3105 3638 fuerat.
3142 3582 3379 3639 Sextilis
3403 3583 3478 3638 ab
3523 3586 3784 3656 Augusto

2144 3678 2442 3747 Augustus
2472 3677 2562 3727 est
2590 3672 3028 3728 denominatus.

2214 3765 2544 3819 Carmentae
2572 3760 2827 3816 fatidicas
2856 3760 3092 3816 mulieri
3124 3779 3342 3818 nomen
3363 3764 3574 3836 obtigit
3601 3764 3792 3821 avati-

2145 3854 2343 3920 ciniis,
2375 3869 2506 3923 quaa
2537 3851 2805 3907 carmina
2832 3852 3114 3907 Romanis
3148 3850 3448 3909 dicuntur.

2214 3943 2474 3998 Primam
2506 3940 2733 3996 mensis
2763 3940 2921 3996 diem
2954 3940 3205 3996 Romani
3237 3941 3527 3998 Kalendas
3584 3943 3789 4015 appel-

2143 4032 2491 4100 lant,Nonas
2512 4030 2783 4102 quintam
2800 4029 3028 4085 mensis
3048 4029 3227 4097 diem,
3254 4035 3311 4084 et
3334 4030 3471 4086 Idus
3492 4031 3787 4087 decimam

2145 4121 2401 4177 tertiam.
2437 4117 2557 4174 Nisi
2588 4118 2744 4189 quod
2775 4117 3324 4190 Martii,Maii,Julii,
3360 4124 3419 4174 et
3446 4121 3787 4175 Decembris

2147 4215 2339 4268 Nonas
2384 4210 2658 4281 septima,
2700 4208 2835 4264 Idus
2884 4207 3115 4264 decima
3163 4209 3373 4279 quinta
3417 4209 3511 4264 die
3564 4211 3787 4266 consti-

2148 4305 2339 4356 tuunt.
2375 4300 2578 4368 Itaque
2609 4297 2709 4352 ubi
2742 4296 3037 4352 Kalendas
3065 4299 3373 4353 Januarias
3425 4297 3605 4372 leges,
3664 4299 3788 4371 pri-

2149 4406 2306 4446 mam
2336 4386 2600 4444 Januarii
2640 4386 2798 4441 diem
2826 4386 3114 4459 intellige.
3146 4387 3342 4443 Tertia
3370 4393 3611 4445 vocatur
3640 4406 3691 4445 a.
3728 4388 3786 4444 d.

2142 4479 2404 4545 tertium,
2437 4482 2495 4532 et
2526 4480 2738 4547 quarta
2768 4474 2960 4547 pridie
2990 4477 3185 4532 Nonas
3210 4477 3498 4547 Januarii,
3533 4479 3695 4550 quia,
3727 4483 3794 4532 ut

2142 4568 2283 4637 dixi,
2317 4567 2529 4639 quinta
2559 4569 2649 4621 est
2678 4564 2859 4621 Nonis
2888 4565 3423 4623 Januarii.Sextam
3453 4566 3785 4639 appellabis

2138 4674 2191 4714 a.
2251 4656 2307 4713 d.
2341 4657 2373 4709 8
2428 4654 2564 4710 Idus
2610 4653 2897 4709 Januarii.
2954 4653 3103 4711 295
3145 4655 3470 4727 Septimam
3518 4672 3570 4711 a.
3619 4656 3677 4710 d.
3737 4658 3791 4710 7.

2139 4748 2415 4803 Octavam
2447 4760 2499 4800 a.
2555 4742 2615 4798 d.
2646 4745 2699 4808 6,
2734 4746 2794 4797 et
2848 4747 3083 4798 czetera.
3120 4743 3268 4809 Quia
3326 4743 3558 4799 decima
3615 4744 3789 4797 tertia

2140 4834 2269 4890 dies
2324 4832 2464 4887 Idus
2519 4834 2780 4886 vocatur.
2854 4831 3156 4886 Decimam
3214 4837 3488 4902 quartam
3565 4830 3792 4887 scribes

2142 4939 2194 4979 a.
2226 4922 2283 4978 d.
2320 4924 2386 4977 t9
2415 4916 2709 4975 Kalendas
2759 4916 3130 4974 Februarias.
3171 4919 3472 4975 Decimam
3520 4917 3793 4989 quintam

2142 5029 2196 5068 a.
2221 5010 2283 5066 d.
2316 5014 2378 5063 l7
2410 5005 2706 5063 Kalendas
2735 5005 3087 5063 Februarias
3112 5022 3125 5062 :
3164 5007 3363 5079 itaque
3394 5005 3792 5079 progredieris

2142 5114 2335 5171 usque
2367 5097 2443 5153 ad
2482 5095 2741 5169 primam
2772 5093 3074 5150 Februarii
3106 5094 3420 5166 diem,quaa
3450 5095 3796 5151 nominatur

1552 5225 1913 5279 XYLANDRI
1970 5226 2057 5279 ET
2123 5224 2339 5279 GOARI
2395 5220 2617 5276 NOTAS.

443 5340 555 5412 (22)
580 5343 797 5396 Notum
829 5345 920 5396 est
944 5342 1120 5399 hodie
1149 5360 1271 5399 non
1300 5341 1633 5407 Decembri,
1657 5340 1759 5397 sed
1791 5340 2027 5396 Octobri

364 5428 469 5487 sex
490 5413 703 5487 Nonas
708 5412 882 5487 tribui
908 5428 923 5487 ;_
948 5431 1085 5487 quae
1118 5414 1320 5487 Opinio
1350 5414 1506 5487 infra
1553 5413 1732 5487 etiam
1770 5412 2029 5487 perscri-

364 5482 544 5559 bitur.
574 5486 640 5538 Α.
673 5485 738 5559 DA.
775 5482 1117 5559 significant
1146 5482 1283 5559 ante
1308 5486 1485 5559 diem
1506 5483 1631 5559 ΔΙἸρδ
1675 5482 1867 5559 τριῶν,
1893 5501 2031 5559 προ-

367 5558 497 5625 μιᾶς
531 5561 647 5611 etc.
697 5555 891 5611 Etiam
933 5556 1119 5612 Graeci
1160 5558 1273 5613 hoc
1305 5555 1519 5613 imitati
1570 5555 1777 5611 dicunt
1805 5555 1877 5610 de
1916 5555 2032 5626 quo

650 5670 922 5734 ΡΑτιιοι..
970 5672 1082 5735 Gn.
1129 5674 1335 5735 CXXI.

2140 5335 2712 5409 alibi.Etymologias
2750 5350 2985 5409 quoque
3014 5336 3201 5391 nostri
3235 5338 3495 5409 auctoris
3516 5337 3577 5392 in
3606 5339 3806 5395 media

2140 5404 2401 5489 ςθιίφιίξ
2434 5404 2667 5489 quaesi.
2712 5404 3031 5489 voluissem
3066 5408 3353 5489 persequi
3387 5426 3504 5481 qua
3534 5425 3812 5489 compro-

2142 5476 2338 5555 banda
2360 5476 2479 5549 qua
2498 5476 3158 5555 refellendomrolixior
3188 5486 3251 5536 ut
3272 5476 3808 5555 essemOportebat,

2145 5558 2203 5607 et
2232 5548 2557 5622 aliquando
2609 5548 2885 5620 (Edipus.
2914 5548 3050 5604 XvL.

3551 5674 3619 5731 1|
