4186 6190
296 371 412 432 337
1448 370 1987 433 HISTORIARUM
2036 370 2570 438 COMPINDIUM
3598 382 3716 444 338

360 505 489 560 Ὅτι
521 504 557 573 ἡ
593 502 809 579 γαμετή
841 499 1008 557 αὐτοῦ
1038 502 1092 557 ἐν
1120 506 1190 577 τῇ
1234 502 1386 558 νυκτὶ
1451 504 1567 577 μεθ’
1624 501 1690 573 ἤν
1722 502 1956 583 ἐσφάγη,

2145 508 2225 563 Ea
2253 516 2425 565 nocte
2456 528 2588 585 qua)
2619 512 2839 568 caadem
2870 513 3055 584 ipsius
3077 517 3402 587 praacessit,
3432 534 3582 573 uxor
3610 535 3717 590 per

289 590 469 666 ἔδοξεν
528 591 659 666 ὁρᾷν
723 591 825 661 τὴν
890 590 1067 646 οἰκίαν
1132 592 1401 667 Καίσαρος
1468 593 1946 666 συμπεπτωκὲναι,

290 682 382 738 καὶ
414 680 573 736 αὐτὸν
606 679 1083 756 κατατετρωμένον
1134 680 1224 735 καὶ
1283 681 1473 754 αἳματι
1525 679 1946 758 περιρρεόμενον

292 770 548 843 ἐμπεσεῖν
581 774 699 831 τοῖς
737 768 973 831 κόλποις
1030 768 1224 839 αὐτῆς.
1282 771 1477 843 Τούτῳ
1535 769 1797 844 μέλλοντι
1848 769 1948 837 τὴν

292 858 486 916 αὔλιον
515 856 749 932 ἐξελθεῖν
784 859 946 934 θύραν
979 858 1349 934 ἀπερχομένῳ
1402 858 1492 915 ἐπὶ
1549 860 1612 915 τὸ
1648 856 1950 936 βουλευτής

299 969 415 1025 ριον
445 946 608 1003 εῗκὼν
668 945 834 1002 αὐτοῦ
887 950 985 1003 τοῖ’)
1044 947 1311 1024 Καίσαρος
1368 950 1642 1028 ἐφεστῶσα
1677 946 1758 1020 τῷ
1814 966 1953 1022 προ-

300 1037 451 1113 θόρῳ
481 1036 811 1109 αὐτομάτως
840 1032 1119 1093 κατέπεσε.
1152 1036 1257 1094 Καὶ
1307 1038 1443 1114 πρὸς
1495 1038 1712 1099 τούτοις
1740 1037 1952 1112 χάρτην

297 1127 448 1199 αὖτῷ
478 1147 564 1189 τις
596 1122 894 1183 ἐπιδέδωκε
923 1130 1100 1182 πᾶσαν
1149 1128 1250 1197 τὴν
1311 1128 1428 1183 κατ’
1483 1128 1649 1183 αὐτοῦ
1709 1124 1960 1200 μελετω-

303 1221 471 1293 μένην
502 1213 808 1289 ἐπιϐουλὴν
836 1212 1061 1294 ἔχοντα.
1095 1221 1191 1275 Καὶ
1242 1220 1472 1294 νομίσας
1526 1217 1669 1276 ἂλλο
1710 1240 1762 1274 τι
1819 1218 1955 1274 εἶναι

301 1308 402 1364 οὐκ
430 1307 709 1386 ἰνὲτυχεν,
742 1306 890 1363 ἀλλά
914 1304 1171 1371 δεδωκὼς
1202 1308 1371 1386 ἑτέρῳ
1410 1307 1696 1384 φυλάττειν
1747 1307 1955 1386 ἐσφάγη

302 1398 408 1454 ὑπὸ
440 1398 687 1471 Βρούτου
712 1397 805 1453 καί
838 1395 1045 1453 Κασίου
1075 1395 1126 1452 ἐν
1161 1402 1242 1469 τῷ
1301 1396 1704 1474 βουλευτηρίῳ,
1745 1398 1961 1473 χρόνων

303 1485 573 1559 ὑπάρχων
602 1485 701 1547 vc‘.
736 1483 1101 1560 κληρονόμον
1128 1483 1186 1540 δὲ
1212 1485 1302 1541 καὶ
1352 1485 1502 1541 θετὸν
1530 1485 1645 1541 υίὸν
1673 1484 1962 1542 κατέλιπεν

301 1567 597 1631 Ὀκτάϐιον
629 1573 723 1628 τὸν
756 1574 873 1628 υἱὸν
909 1571 1151 1637 Ἰουλίας
1189 1580 1288 1645 τῆς
1334 1572 1470 1637 ἰδίας
1516 1571 1781 1653 ἂδελφῆς,
1840 1571 1962 1636 ἔτος

300 1662 509 1739 ἃγοντα
542 1664 629 1726 ις’.

378 1746 674 1810 Ὀκτάϐιος
700 1747 1020 1826 Αὔγουστος
1052 1754 1279 1827 Καῖσαρ,
1340 1753 1370 1808 ὁ
1425 1750 1645 1828 ἄνεψιὸς
1710 1752 1963 1823 Ἰουλίας,

301 1836 653 1896 ἐϐασίλευσεν
682 1835 776 1911 ἔτη
810 1842 908 1905 νς’.
943 1843 1046 1919 Δφ’
1079 1842 1142 1895 οὗ
1200 1838 1503 1918 Αὕγουστοι
1559 1843 1611 1896 οἱ
1669 1840 1957 1915 Ῥωμαίων

302 1928 553 2004 βασιλεῖς
587 1927 675 1984 καὶ
709 1930 737 1984 ὁ
772 1930 879 2002 μὴν
912 1926 1230 2005 Αὔγουστος
1261 1927 1495 2002 ἐκλήθη,
1538 1929 1570 1985 6'
1625 1932 1735 1986 ἐστι
1794 1925 1957 1985 Σεϐαι

304 2019 459 2088 στὸς,
490 2017 775 2088 Σεξτίλιος
833 2018 961 2093 πρὶν
1020 2019 1451 2093 ὀνομαζόμενος.
1483 2021 1574 2077 Ἐν
1599 2023 1667 2094 τῇ
1699 2020 1844 2074 νυκτί
1902 2019 1960 2075 δὲ

304 2108 343 2178 ᾗ
370 2105 666 2182 ἐγεννήθη,
699 2103 839 2162 εἶδεν
871 2107 1041 2163 αὐτοῦ
1072 2108 1100 2162 ὁ
1129 2110 1310 2183 πατὴρ
1340 2109 1458 2163 καθ’
1487 2107 1682 2171 ὕπνους
1740 2107 1799 2163 ἐκ
1848 2112 1960 2164 τῶν

307 2195 538 2251 κόλπων
597 2201 700 2265 τῆς
761 2195 1017 2270 γυναικὸς
1074 2196 1239 2251 αὐτοῦ
1263 2196 1357 2252 τὸν
1387 2194 1543 2265 ἣλιον
1574 2193 1958 2252 ἀνατέλλοντα·

308 2286 341 2354 ἡ
377 2281 438 2339 δί
475 2286 664 2358 μήτηρ
696 2283 862 2340 αὐτοῦ
892 2282 1025 2339 εἶδεν
1058 2285 1133 2348 ὡς
1161 2285 1228 2341 τὰ
1261 2283 1553 2361 σπλάγχνα
1582 2284 1749 2355 αὐτῆς
1799 2285 1957 2358 ἐξαρ-

305 2372 541 2450 παγέντα
603 2373 683 2436 εἲς
745 2373 837 2428 τὸν
892 2372 1116 2449 οὐρανὸν
1179 2373 1482 2452 ἀνεφέρετο.
1540 2373 1636 2429 Καὶ
1667 2373 1751 2430 ὅτι
1801 2373 1959 2449 Νιγί-

312 2459 428 2525 διος
494 2460 802 2537 βουλευτὴς
862 2461 1193 2537 ἀστρολόγος
1253 2459 1422 2538 βραδὺ
1452 2461 1817 2537 προελθόντος
1863 2466 1960 2518 τοῦ

306 2553 512 2626 πατρὸς
542 2551 710 2606 αύτοῦ
738 2551 993 2625 ἠρώτησε
1042 2553 1144 2621 τήν
1209 2550 1404 2619 αἰτίαν,
1462 2553 1491 2606 6
1558 2549 1616 2607 δὲ
1669 2550 1775 2627 ’ἔφη
1838 2551 1956 2606 υἱὸν

309 2638 457 2712 αὒτῷ
485 2639 764 2715 τετέχθαι,
795 2641 1043 2703 κάκεῖνος
1074 2635 1388 2712 ἀνεϐόησενο
1422 2642 1488 2696 Ὦ
1536 2640 1588 2696 τί
1648 2640 1908 2710 ἐποίησας
1944 2658 1958 2709 ;

307 2727 575 2800 δεσπότην
608 2731 744 2803 ἡμῖν
774 2728 1075 2805 ἐγέννησας.
1133 2734 1253 2788 Ὃτι
1316 2728 1653 2805 τρεφομένου
1712 2727 1875 2786 αἱ)τοῦ
1905 2729 1958 2784 ἐν

309 2820 460 2895 ἆγρῷ
497 2818 779 2882 καταπτὰς
806 2817 961 2880 ἀετὸς
1010 2818 1102 2874 τὸν
1161 2817 1321 2894 ἄρτον
1376 2818 1435 2874 ἐκ
1462 2825 1573 2875 τῶν
1629 2822 1832 2896 χειρῶν
1862 2819 1959 2874 αὖ·

310 2912 405 2962 τοῦ
432 2906 718 2979 ἀφείλετο,
777 2907 869 2963 καὶ
921 2905 1227 2963 ἐπανελθὼν
1279 2906 1445 2964 πάλιν
1506 2907 1580 2973 εἷς
1634 2910 1729 2970 τὰς
1769 2914 1960 2984 χεῖρας

310 2996 475 3052 αὐτοῦ
505 3000 706 3051 τοῦτον
734 2997 1010 3053 κατέθετο.
1040 2997 1160 3054 ⁴Οτι
1200 2995 1254 3051 ἂν
1308 2996 1494 3053 παισὶν
1549 2995 1715 3052 αὐτοῦ
1745 2995 1964 3053 τελοῦν-

308 3105 401 3146 τος
433 3084 683 3160 Κικέρων
716 3085 883 3140 αὐτὸν
940 3086 994 3158 [6
1051 3079 1362 3159 Ὀκτάϐιος]
1410 3084 1461 3141 ἐν
1517 3085 1750 3161 ὀνείροις
1810 3084 1960 3141 ἐθεά-

307 3194 432 3229 σατο
465 3174 651 3248 χρυσῇ
685 3172 873 3229 ἁλύσει
901 3171 1184 3246 δεδεμένον
1233 3174 1322 3229 καὶ
1382 3175 1617 3251 μάστιγα
1652 3175 1953 3249 κρατοῦντα

304 3261 363 3319 ix
408 3268 509 3320 τοῦ
569 3263 801 3337 ούρανοῦ
849 3263 1195 3335 Χαλασθῆναι
1227 3263 1302 3326 εἷς
1329 3265 1392 3320 τὸ
1422 3263 1797 3321 Καπιτώλιον.
1828 3267 1952 3324 ’Ότι

307 3351 358 3408 ἰν
414 3358 498 3426 τῷ
546 3350 694 3409 τέλει
752 3352 918 3409 αὐτοῦ
972 3354 1230 3429 κεραυνὸς
1288 3353 1365 3414 είς
1418 3354 1521 3422 τήν
1560 3353 1735 3409 εἰκόνα
1787 3353 1952 3410 αὐτοῦ

308 3442 561 3515 ἐμπεσὼν
584 3442 648 3499 τὸ
676 3446 892 3517 πρῶτον
922 3441 1152 3519 γράμμα
1177 3447 1275 3500 τοῦ
1310 3443 1576 3516 ὀνόματος
1604 3442 1767 3499 αὐτοῦ
1809 3445 1953 3522 ἠφά-

304 3552 461 3601 νισεν,
494 3530 571 3593 ὡς
602 3531 732 3592 τοὺς
791 3531 1010 3603 μάντεις
1064 3530 1233 3587 εἰπεῖν
1291 3531 1376 3587 ὅτι
1428 3533 1757 3604 τεθνήξεται.
1807 3539 1954 3610 Συγ-

299 3618 534 3681 καλέσας
563 3616 623 3674 δὲ
651 3619 778 3675 τοὺς
808 3619 1109 3695 βουλευτὰς
1140 3621 1288 3675 εἴπεο
1324 3618 1570 3691 Πηλίνην
1621 3618 1955 3696 παραλαϐὼν

301 3711 400 3779 τήν
432 3709 663 3781 Ῥώμην
694 3707 909 3776 λιθίνην
940 3710 1067 3781 ὑμῖν
1096 3709 1265 3779 αὐτὴν
1310 3708 1682 3766 καταλέλοιπα
1739 3708 1829 3765 διὰ
1889 3711 1954 3766 τὸ

302 3798 490 3872 περιὸν
522 3800 626 3866 τῆς
654 3794 959 3871 δυνάμεως.
995 3799 1083 3856 Ἐν
1112 3803 1192 3870 τῷ
1224 3796 1491 3872 Σεξτιλίῳ
1523 3796 1578 3854 δὶ
1626 3799 1758 3872 μηνὶ
1798 3801 1952 3876 γενόο

304 3907 468 3959 μενος
502 3887 710 3947 ὕπατος
758 3886 849 3941 καὶ
914 3885 1129 3948 πολλάς
1182 3887 1335 3949 νίκας
1390 3889 1638 3958 νικήσας,
1674 3885 1725 3942 ἐν
1775 3889 1955 3963 τούτῳ

301 3976 393 4030 καὶ
422 3974 673 4046 τελευτᾷ·
710 3972 796 4030 διὸ
821 3975 913 4030 καὶ
972 3974 1252 4047 Σεξτίλιος
1285 3974 1443 4039 αὐτὸς
1508 3976 1674 4032 πάλιν
1732 3976 1953 4054 ἑλὲγετο

297 4062 385 4120 διά
413 4066 479 4120 τὸ
515 4063 613 4120 τὸν
646 4063 927 4136 Σεξτίλιον
962 4071 1111 4139 μῆνα
1131 4064 1572 4138 ἐπονομασθῆναι
1621 4066 1949 4142 Αὔγουστον.

293 4155 576 4228 Ἠγαπᾶτο
610 4151 669 4208 δὲ
701 4154 794 4208 ὕπ’
825 4152 989 4209 αἶ)τοῦ
1020 4156 1304 4225 Μαικήνας
1334 4153 1472 4230 ἀνὴρ
1505 4155 1692 4233 σοφὸς,
1751 4158 1810 4217 ὅς
1864 4157 1955 4211 καὶ

298 4246 522 4318 πρῶτος
549 4242 618 4298 τὰ
649 4247 852 4316 σημεῖα
884 4240 1121 4320 ἆφεῦρεν.
1187 4244 1280 4305 Ὃς
1331 4263 1463 4298 ποτε
1493 4241 1807 4314 δικάζοντος
1857 4249 1955 4300 τοῦ

301 4331 577 4407 Καίσαρος
662 4332 751 4388 καὶ
810 4330 1041 4388 πολλῶν
1099 4332 1326 4396 θάνατον
1411 4334 1955 4411 καταψηφισαμένου,

299 4422 377 4494 μή
412 4419 719 4497 δυνάμενος
768 4418 859 4477 διὰ
893 4422 957 4477 τὸ
1010 4419 1231 4492 πλῆθος
1282 4425 1380 4477 τοῦ
1429 4420 1583 4478 λαοῦ.
1622 4465 1636 4481 .
1671 4465 1684 4479 .
1722 4465 1735 4479 .
1767 4423 1955 4490 αὐτοῦ,

298 4507 557 4586 ἔγραψεν*
614 4511 872 4581 Ἀνάστα,
912 4507 1100 4584 δήμιε,
1158 4511 1248 4566 καὶ
1307 4511 1693 4585 σημηνάμενος
1744 4510 1958 4588 ἔρριψεν

2055 595 2442 656 insomnium
2471 600 2618 655 vidit
2651 601 2893 657 domum
2942 604 3140 658 mariti
3165 606 3259 660 sui
3294 606 3539 664 Caesaris
3580 625 3714 665 cor-

2053 701 2247 755 ruere,
2278 686 2595 759 ipsumque
2624 690 2828 745 multis
2879 691 3213 747 confectum
3264 693 3613 752 vulneribus
3643 713 3713 753 ac

2059 780 2375 831 cruentum
2410 777 2471 832 in
2501 795 2675 834 suum
2706 778 2921 836 collabi
2960 782 3273 854 gremium.
3324 785 3394 838 Et
3417 801 3553 841 cum
3584 786 3710 858 ipse

2056 865 2121 920 in
2167 865 2396 922 curiam
2456 867 2645 925 iturus
2668 869 2860 942 janua
2905 871 3038 926 atrii
3089 872 3298 941 exiret,
3331 873 3524 947 imago
3580 876 3708 947 ejus

2058 970 2191 1025 qum
2222 956 2284 1010 in
2312 956 2601 1013 vestibulo
2650 958 2845 1015 stabat
2873 965 3084 1032 sponte
3134 977 3241 1017 sua
3280 960 3518 1018 decidit.
3550 966 3708 1018 Pras-

2058 1047 2222 1097 terea
2252 1042 2517 1099 chartam
2549 1044 2603 1100 ei
2644 1045 2889 1116 quidam
2922 1046 3209 1117 exhibuit,
3241 1049 3302 1104 in
3351 1066 3469 1120 qua
3502 1067 3709 1106 omnes

2060 1147 2191 1201 quas
2224 1132 2277 1187 ei
2309 1133 2673 1204 parabantur
2696 1140 2867 1191 erant
2897 1135 3176 1192 iudicatae
3220 1137 3452 1194 insidias
3480 1157 3494 1207 ;
3529 1157 3707 1211 quam

2061 1220 2159 1276 ille
2190 1221 2263 1277 de
2293 1223 2409 1279 alia
2438 1241 2501 1279 re
2551 1225 2900 1282 existimans
2950 1243 3079 1282 esse
3110 1244 3233 1283 nou
3264 1228 3423 1300 legit,
3474 1229 3579 1285 sed
3609 1230 3711 1286 alii

2063 1311 2410 1368 servandam
2467 1313 2649 1369 dedit.
2711 1315 2841 1388 Ipse
2890 1317 2952 1372 in
3009 1317 3175 1373 curia
3233 1324 3385 1374 esta
3436 1320 3614 1374 Bruto
3655 1327 3715 1375 et

2064 1399 2262 1455 Cassio
2294 1402 2546 1467 occisus,
2576 1418 2768 1459 annos
2799 1410 2975 1460 natus
3005 1404 3092 1460 56.
3122 1405 3436 1478 Adoptavit
3460 1412 3520 1462 et
3550 1408 3714 1464 here-

2065 1488 2200 1545 dem
2259 1490 2568 1545 constituit
2622 1493 2949 1560 Octavium,
3013 1493 3200 1550 filium
3266 1494 3434 1551 Iulias
3493 1496 3712 1552 sororis

2065 1595 2208 1645 suae,
2237 1594 2465 1635 annum
2488 1587 2764 1653 agentem
2798 1586 2882 1638 l6.

2139 1740 2411 1796 Octavius
2442 1743 2740 1814 Augustus
2761 1744 2972 1813 Cmsar,
2998 1761 3198 1801 sorore
3218 1745 3373 1803 Julia
3392 1751 3587 1817 natus,
3612 1764 3712 1805 an-

2069 1844 2179 1883 nos
2200 1830 2463 1901 regnavit
2482 1834 2570 1887 56.
2596 1831 2682 1885 Ab
2709 1832 2821 1887 hoc
2859 1833 3257 1889 Romanorum
3279 1835 3424 1892 τοι
3454 1853 3623 1910 reges
3653 1844 3713 1893 et

2069 1918 2295 1972 mensis
2327 1918 2565 1975 Sextilis
2596 1922 2840 1991 Augusti
2864 1938 3083 1978 nomen
3116 1923 3356 1979 habent.
3381 1926 3507 1991 Qua
3536 1932 3710 1982 nocte

2064 2012 2241 2063 natus
2274 2013 2383 2077 est,
2442 2014 2611 2080 pater
2638 2010 2933 2067 insomnis
2991 2013 3268 2085 opinatus
3302 2021 3391 2070 est
3448 2032 3518 2070 ex
3576 2018 3712 2073 sinu

2064 2095 2268 2150 uxoris
2287 2112 2408 2151 sua;
2435 2097 2623 2154 solem
2651 2100 2816 2167 oriri,
2840 2107 3031 2158 mater
3050 2106 3248 2160 autem
3276 2103 3594 2178 imaginata
3624 2111 3716 2161 est

2064 2183 2291 2240 viscera
2320 2202 2428 2242 sua
2458 2187 2567 2243 sibi
2601 2194 2864 2247 extracta
2894 2191 2957 2246 in
3005 2192 3220 2249 malum
3251 2192 3413 2248 ferri.
3447 2194 3712 2268 Nigidius

2065 2280 2304 2329 senator
2354 2277 2685 2350 astrologus
2712 2285 2944 2350 patrem
3002 2282 3132 2354 ejus
3187 2282 3570 2358 interrogavit
3607 2301 3715 2339 cur

2065 2367 2186 2418 tam
2216 2364 2385 2419 tarde
2414 2364 2590 2420 domo
2612 2367 2950 2438 prodiisset,
2977 2387 3232 2442 cumque
3255 2372 3305 2426 is
3326 2372 3715 2444 responderet

2066 2450 2255 2506 tilium
2305 2452 2417 2506 sibi
2450 2458 2655 2509 natum
2714 2472 2866 2525 esse,
2930 2457 3278 2514 exclamavit
3324 2459 3627 2533 Nigidius;
3665 2462 3709 2517 Ο

2063 2539 2203 2610 quid
2235 2541 2785 2611 egisti?dominum
2836 2544 3009 2600 nobis
3055 2546 3334 2618 genuisti.
3385 2549 3531 2603 Cum
3572 2565 3708 2604 rure

2061 2634 2262 2699 ageret
2290 2629 2583 2699 Octavius,
2615 2632 2816 2704 aquila
2844 2633 3125 2690 devolans
3145 2651 3362 2707 panem
3393 2636 3447 2691 ei
3477 2636 3550 2693 de
3580 2654 3712 2694 ma-

2061 2716 2241 2773 nibus
2297 2720 2515 2791 rapuit,
2557 2737 2626 2776 ac
2657 2738 2893 2778 reversa
2939 2739 3075 2778 eum
3135 2740 3340 2781 rursus
3372 2726 3433 2782 in
3494 2744 3708 2785 manus

2060 2805 2355 2878 deposuit.
2406 2809 2549 2864 Cum
2581 2810 2774 2867 adhuc
2826 2828 2977 2884 puer
3004 2818 3181 2879 esset,
3233 2814 3436 2871 Cicero
3474 2833 3582 2889 per
3610 2818 3706 2873 in-

2060 2897 2360 2953 somnium
2416 2899 2562 2955 vidit
2616 2917 2752 2956 eum
2806 2901 3109 2975 ﬂagellum
3156 2908 3460 2962 tenentem
3499 2923 3530 2963 e
3563 2908 3709 2964 coelo

2061 3002 2243 3042 aurea
2290 2992 2499 3045 catena
2525 2989 2587 3044 in
2630 2990 2985 3062 Capitolium
3043 2992 3295 3049 demitti.
3331 2994 3446 3051 Sub
3487 2996 3710 3053 exitum

2064 3077 2195 3148 ejus
2214 3075 2468 3132 fulmine
2488 3083 2643 3135 tacta
2665 3085 2756 3135 est
2789 3080 2977 3153 ipsius
2999 3082 3192 3157 imago
3214 3089 3273 3139 et
3291 3085 3485 3156 prima
3511 3088 3710 3144 nomi-

2064 3164 2158 3219 nis
2188 3163 2388 3222 littera
2415 3165 2671 3223 abolita:
2705 3168 2843 3225 inde
2874 3170 3046 3226 arioli
3076 3174 3541 3243 pronuntiarunt
3588 3191 3710 3231 non

2065 3253 2255 3310 multo
2276 3260 2410 3326 post
2448 3258 2822 3314 moriturum.
2856 3260 3184 3317 Convocato
3226 3267 3436 3317 senatu
3465 3262 3616 3319 dixit
3644 3282 3707 3321 se

2063 3346 2307 3399 Romam
2337 3361 2405 3400 ex
2437 3346 2562 3402 luto
2593 3348 2891 3405 conditam
2922 3352 3242 3424 accepisse,
3274 3358 3551 3409 cmterum
3574 3368 3706 3409 eam

2063 3433 2206 3505 ipsis
2231 3433 2523 3506 lapideam
2544 3436 2904 3510 relinquere,
2928 3440 3210 3512 potentias
3231 3441 3705 3514 magnitudinem

2064 3520 2343 3580 innuens.
2403 3525 2605 3580 Sextili
2654 3543 2863 3582 mense
2915 3528 3123 3585 consul
3153 3536 3403 3600 creatus,
3459 3530 3705 3588 diversis

2062 3611 2238 3665 annis
2293 3612 2501 3669 eodem
2559 3632 2764 3671 mense
2821 3617 3040 3673 multas
3094 3619 3368 3677 victorias
3426 3620 3703 3691 obtinuit,

2063 3699 2393 3771 eodemque
2442 3709 2712 3761 mortuus
2755 3711 2886 3774 est;
2921 3707 3118 3779 itaque
3149 3709 3204 3764 ei
3255 3711 3447 3765 mensi
3479 3717 3568 3766 est
3597 3728 3706 3767 no-

2063 3806 2201 3844 men
2232 3793 2477 3864 Augusti
2506 3793 2872 3866 impositum.
2904 3796 3126 3851 Charus
3156 3798 3209 3852 ei
3240 3797 3354 3852 fuit
3394 3799 3703 3861 Maacenas.

2064 3880 2152 3934 vir
2206 3880 2484 3952 sapiens;
2517 3882 2618 3952 qui
2651 3887 2710 3936 et
2762 3883 2991 3955 primus
3023 3885 3315 3940 rationem
3371 3902 3480 3957 per
3535 3893 3706 3942 notas

2065 3970 2363 4027 scribendi
2394 3972 2631 4043 reperit.
2682 3973 2736 4027 Is
2765 3989 2901 4029 cum
2954 3974 3208 4046 quodam
3254 3974 3351 4030 die
3390 3976 3585 4032 Cassar
3606 3976 3706 4048 jus

2064 4060 2289 4117 diceret
2342 4060 2681 4133 multosque
2723 4062 2915 4134 capite
2963 4063 3296 4131 damnaret,
3348 4081 3542 4137 neque
3580 4066 3708 4137 ipse

2064 4150 2138 4206 ad
2171 4165 2305 4205 eum
2338 4166 2458 4222 prae
2491 4150 2663 4206 turba
2708 4152 3021 4208 hominum
3064 4153 3344 4210 accedere
3396 4161 3615 4227 posset,
3647 4156 3711 4211 in

2066 4237 2285 4294 scheda
2315 4239 2571 4311 scripsit,
2603 4240 2784 4313 Surge
2833 4241 3118 4310 carnifex,
3163 4243 3315 4300 802
3348 4259 3598 4315 eamque
3630 4244 3714 4298 si-

2065 4334 2305 4401 gnatam
2336 4329 2397 4383 in
2428 4329 2719 4400 gremium
2752 4345 2880 4402 ejus
2910 4331 3184 4402 conjecit.
3216 4334 3298 4388 Ea
3326 4332 3479 4389 lecta
3521 4333 3717 4389 Cwsar

2067 4418 2341 4486 surrexit,
2364 4418 2665 4490 jussitque
2692 4419 3128 4477 sententiarum
3158 4421 3416 4480 latarum
3446 4440 3481 4479 a
3511 4440 3572 4479 se
3613 4439 3715 4479 ex-

2074 4507 2440 4562 secutionem
2471 4507 2716 4562 differri.
2771 4509 2911 4564 Erat
2939 4515 3138 4565 autem
3161 4511 3221 4566 in
3266 4513 3491 4569 amicos
3513 4512 3715 4570 admo-

299 4596 350 4654 ἐν
374 4604 458 4673 τῷ
490 4598 689 4674 κόλπῳ
718 4598 906 4655 αὐτοῦ’
942 4600 1075 4676 ὅπερ
1122 4600 1388 4678 ἀναγνοὺς
1420 4601 1449 4656 6
1508 4606 1710 4677 Καῖσαρ
1741 4602 1956 4675 ἀνέστη,

2072 4595 2215 4652 dum
2247 4596 2568 4652 ofﬁciosus.
2627 4597 2770 4653 Cum
2826 4598 3069 4670 quidam
3111 4601 3281 4674 cujus
3332 4602 3562 4658 militias
3593 4609 3721 4659 erat

296 4688 561 4752 κελεύσας
654 4690 887 4765 ἀργῆσαι
942 4690 1011 4746 τά
1090 4689 1342 4764 κριθέντα
1406 4690 1532 4764 παρ’
1591 4690 1780 4750 αὐτοῦ.
1840 4695 1963 4749 Ὅτ¹⁵

310 4777 450 4832 πάνυ
509 4777 578 4847 ἧν
635 4782 745 4833 τῶν
806 4775 983 4853 φίλων
1034 4779 1115 4852 [Ρ.
1168 4779 1295 4851 172]
1352 4780 1756 4853 θεραπευτικός.
1803 4782 1964 4844 Τινὸς

302 4865 405 4941 γὰρ
428 4871 543 4923 τῶν
576 4866 1088 4940 συστρατευομένων
1120 4866 1274 4938 αὖτῷ
1303 4862 1587 4938 δεηθέντος
1638 4875 1741 4938 τῆς
1796 4870 1872 4932 εἷς
1901 4871 1963 4926 τὸ

316 4956 721 5030 βουλευτήριον
799 4957 964 5012 αὐτοῦ
1022 4954 1340 5032 παρουσίας,
1415 4955 1583 5012 είπείν
1647 4957 1805 5015 αὐτὸν
1869 4961 1965 5033 μὶν

310 5044 697 5121 ἀσχολεῖσθαι,
725 5042 1008 5123 ἰπιτρέψαι
1053 5042 1110 5100 δὲ
1158 5066 1267 5101 τινι
1324 5049 1433 5101 τῶν
1490 5044 1666 5125 φίλων
1721 5069 1961 5125 παράγε·

298 5134 481 5200 νέσθαι
512 5135 602 5189 καὶ
634 5136 738 5204 τήν
760 5135 950 5210 χρείαν
980 5133 1296 5208 πληρῶσαι.
1338 5135 1436 5198 *ος
1497 5135 1774 5213 ὀργισθεές
1830 5132 1955 5216 ἔφη’

307 5227 452 5301 Ἐγὼ
483 5225 673 5287 ὁσάκις
701 5230 805 5293 τῆς
838 5222 977 5296 ἐμῆς
1006 5221 1320 5297 ἐπικουρίας
1348 5219 1598 5295 ἑδεήθης,
1631 5222 1730 5280 ουκ
1785 5224 1957 5282 ἄλλον

308 5314 422 5369 ἀντ’
450 5313 591 5387 ἐμοῦ
621 5308 859 5387 ἔπεμψα.
894 5313 998 5370 Καὶ
1029 5311 1348 5389 ἐρυθριάσας
1376 5314 1404 5369 6
1436 5315 1641 5389 Καῖσαρ
1673 5315 1761 5370 καὶ
1794 5337 1957 5372 συναο

299 5404 480 5476 πῆλοε
507 5403 603 5460 καί
632 5403 970 5480 συνέπραξεν.

369 5494 497 5552 Ἐπὶ
531 5490 592 5550 δὲ
621 5500 723 5563 τῆς
757 5491 1040 5569 βασιλείας
1063 5490 1383 5568 Αὐγούστου
1431 5494 1704 5569 Καίσαρος
1734 5494 1956 5567 εἰσῆλθε

300 5581 498 5640 πλοῖον
548 5583 659 5638 ἀπὸ
717 5578 1120 5655 Ἀλεξανδρείας
1179 5579 1257 5643 εἰς
1311 5581 1411 5650 τήν
1471 5582 1673 5655 πόρταν
1708 5585 1953 5661 Ῥώμης,

300 5672 703 5749 ἰπιφερόμενον
735 5671 888 5726 σίτου
918 5667 1123 5744 μοδίων
1158 5667 1421 5746 χιλιάδας
1449 5671 1516 5741 υ“,
1548 5666 1808 5738 ἐπιϐάτας
1848 5679 1955 5753 αϊ,

2074 4687 2270 4744 Caesar
2298 4703 2442 4742 usus
2472 4702 2671 4759 opera,
2705 4687 2779 4743 ab
2809 4704 2877 4744 eo
2910 4694 3142 4760 peteret
3166 4696 3233 4747 ut
3265 4691 3355 4745 sui
3379 4690 3438 4745 in
3459 4692 3715 4762 quadam

2072 4793 2136 4831 re
2159 4776 2405 4848 juvandi
2432 4777 2621 4849 gratia
2645 4777 2706 4831 in
2756 4777 2983 4833 curiam
3012 4781 3259 4849 veniret,
3309 4779 3620 4851 Cmsarque
3653 4797 3716 4835 se

2073 4870 2424 4936 occupatum
2457 4881 2607 4933 esse,
2640 4866 2744 4922 sed
2775 4867 2958 4923 misso
2989 4869 3179 4924 amico
3212 4867 3342 4940 ejus
3370 4867 3711 4924 necessitati

2073 4953 2543 5010 subserviturum
2627 4956 3036 5027 responderet.
3120 4972 3480 5012 succensens
3540 4957 3713 5027 alter,

2071 5046 2208 5115 Ego,
2242 5042 2457 5115 inquit,
2491 5044 2722 5115 quoties
2766 5050 2829 5099 tu
2878 5044 3165 5100 auxilium
3214 5062 3411 5101 meum
3444 5047 3714 5118 require-

2069 5131 2196 5198 bas,
2228 5148 2348 5187 non
2378 5132 2562 5187 alium
2620 5149 2753 5188 meo
2803 5133 2933 5188 loco
2968 5134 3123 5190 rrisi.
3182 5135 3267 5189 Ita
3296 5135 3490 5191 Cassar
3546 5152 3713 5192 vere-

2068 5220 2285 5277 cundia
2315 5226 2510 5277 motus
2530 5237 2649 5278 una
2679 5221 2846 5293 abiit,
2867 5222 3039 5294 eique
3066 5223 3125 5278 in
3153 5238 3331 5279 causa
3360 5240 3467 5280 sua
3486 5226 3715 5299 agenda

2066 5310 2274 5366 adfuit.

2135 5494 2395 5563 Augusto
2420 5492 2749 5564 imperante
2772 5491 2937 5547 navis
2962 5491 3367 5549 Alexandrina
3385 5495 3446 5551 in
3474 5503 3711 5569 portum

2062 5582 2261 5639 Roma;
2275 5578 2798 5652 estadvecta,quad
2807 5579 3075 5653 ringenta
3087 5581 3423 5638 modiorum
3437 5583 3713 5641 frumenti

2063 5670 2255 5726 millia
2279 5670 2558 5739 atl‘erens,
2607 5671 2947 5727 classiarios
2988 5671 3147 5739 1200,
3176 5679 3386 5729 nautas
3426 5678 3550 5742 200,
3582 5682 3707 5730 tum

4106 330 4125 425 .j

4116 428 4127 559 1

4122 578 4127 721 ἒ
