4186 6190
474 388 593 452 339

1796 374 2110 440 GEORGII
2156 374 2508 441 CEDRENI

3756 377 3883 439 840

476 523 665 599 piper,
715 519 922 587 lintea,
973 517 1229 585 chartas,
1260 515 1432 579 vitra,
1475 528 1879 591 magnumque
1909 511 2097 568 obelis

2240 511 2405 567 ναύτα
2473 512 2539 599 σή
2596 513 2814 587 πέπερι,
2878 510 3093 582 ὀθόνας,
3152 512 3389 599 χάρτην,
3440 507 3619 579 ὑέλια,
3651 510 3743 567 καί
3804 512 3900 567 τὸν

475 628 612 668 cum
643 616 700 667 et
729 611 1150 681 imperatorem
1189 604 1546 660 collocatum
1596 602 1659 658 in
1692 618 1904 675 magno
1934 602 2122 669 Circo,

474 701 662 756 altum
687 699 869 772 pedes
897 699 964 752 87
999 713 1045 751 s.

545 878 760 935 Habuit
788 878 965 933 etiam
995 873 1449 931 Athenodorum
1500 871 2001 941 Alexandrinum,
2034 888 2125 928 sa-

470 968 916 1042 pientissimum
972 965 1186 1020 virum.
1221 967 1434 1019 Insano
1492 962 1822 1018 alienarum
1872 978 2123 1018 uxorum

470 1061 657 1116 amori
683 1057 1031 1130 indulgebat
1051 1055 1276 1123 Caesar;
1302 1053 1567 1125 adeoque
1606 1053 1717 1125 ipsi
1741 1052 1963 1123 ﬂagitio
1995 1055 2123 1124 ejus

469 1150 667 1206 mariti
698 1146 1122 1202 inserviebant.
1159 1144 1303 1199 Cum
1340 1144 1498 1198 enim
1529 1142 1747 1214 aliquis
1779 1148 2119 1199 senatorum

467 1238 540 1293 ad
572 1254 706 1292 eum
738 1235 982 1301 veniret,
1017 1233 1109 1289 cui
1143 1249 1292 1288 uxor
1335 1238 1493 1287 esset
1542 1231 1822 1294 formosa.
1856 1231 1926 1286 ad
1960 1233 2121 1287 hunc

464 1329 660 1381 Caesar
715 1323 882 1379 misit
947 1336 1121 1377 suum
1180 1320 1491 1383 annulum,
1563 1319 1999 1392 postulavitque
2054 1325 2121 1374 ut

464 1429 710 1469 uxorem
732 1410 1018 1467 inlectica
1046 1409 1119 1465 ad
1164 1427 1225 1465 se
1248 1409 1511 1464 mitteret
1536 1414 1742 1481 aperta
1780 1407 2115 1481 obsignata-

466 1518 580 1574 que
608 1506 667 1557 et
696 1517 819 1556 una
857 1499 1147 1556 annulum
1177 1498 1547 1564 remitteret;
1579 1498 1782 1568 itaque
1802 1496 2118 1552 mulierem

2236 600 2400 675 μέγαν
2432 596 2722 657 ὀϐελίσκον
2758 602 2897 676 μετά
2925 604 3023 656 τοῦ
3056 598 3349 675 βασιλέως,
3398 599 3559 657 αὐτόν
3589 621 3647 656 τε
3677 601 3889 659 ἑστῶτα

2230 687 2283 744 ἓν
2309 693 2391 763 τῷ
2423 688 2651 769 μεγάλῳ
2697 693 2948 763 Ἰππικῷ,
3005 684 3204 765 ἔχοντα
3260 689 3395 764 ὕψος
3428 685 3601 752 πόδας
3632 691 3718 760 πζ¹
3747 690 3883 763 ἣμι-

2231 799 2344 835 συν.

2300 868 2440 944 Εἶχε
2469 864 2527 925 δὲ
2555 869 2643 925 καὶ
2676 865 3057 945 Ἀθηνόδωρον
3088 868 3182 924 τὸν
3212 865 3573 943 Ἀλεξανδρέα
3628 869 3889 948 σοφώτα-

2227 978 2319 1043 τιον
2376 959 2532 1016 πάνυ.
2586 961 2687 1015 "HV
2747 956 2804 1014 δὲ
2855 961 3063 1034 Καῖσαρ
3125 954 3410 1032 μανιώδης
3466 957 3549 1013 ἀεὶ
3607 958 3731 1033 περὶ
3789 958 3892 1020 τὰς

2226 1050 2335 1102 τῶν
2361 1045 2671 1125 ἀλλοτρίων
2697 1053 2978 1122 γυναῖκας,
3012 1048 3088 1112 ὡς
3137 1047 3229 1103 καὶ
3286 1046 3482 1109 αὐτοὺς
3532 1045 3884 1122 ἐξυπηρετεῖν

2225 1138 2304 1210 τῷ
2347 1138 2634 1211 μιάσματι.
2664 1138 2865 1195 Ἠνίκα
2892 1138 2993 1214 γὰρ
3023 1137 3230 1212 ἦρχετό
3260 1156 3344 1198 τις
3400 1140 3508 1191 τῶν
3568 1135 3884 1212 βουλευτῶν

2227 1227 2362 1300 πρὸς
2402 1225 2562 1282 αὐτὸν
2597 1226 2798 1303 ὡραίαν
2830 1224 2973 1300 ἔχων
3016 1232 3268 1304 γυναῖκα,
3324 1220 3532 1299 ἔπεμπε
3589 1227 3730 1299 πρὸς
3762 1231 3892 1282 τοῦ-

2224 1335 2319 1372 τον
2348 1316 2440 1370 τὸν
2470 1316 2671 1371 οἰκεῖον
2724 1313 3035 1387 δακτύλιον,
3093 1316 3183 1371 καὶ
3239 1316 3396 1387 ἠξίου
3462 1310 3723 1389 έμϐαλεῖν
3778 1318 3881 1387 τὴν

2222 1407 2467 1479 γαμετήν
2496 1404 2549 1461 ἐν
2581 1404 2890 1481 καταστέγῳ
2951 1405 3155 1486 φορείῳ
3208 1405 3301 1461 καὶ
3369 1409 3880 1479 κατασημανασθαι,

2223 1495 2315 1549 καὶ
2353 1496 2509 1560 αὖθις
2564 1496 2653 1550 τὸν
2712 1492 3003 1551 δακτύλιον
3063 1496 3519 1571 ἀντιπέμψασθαιυ
3585 1495 3677 1551 καὶ
3738 1494 3882 1551 οὕτω

464 1592 527 1647 in
558 1590 768 1646 lectica
796 1590 1120 1661 accipiens,
1154 1588 1387 1660 expleta
1408 1584 1651 1641 libidine
1676 1602 1803 1640 eam
1841 1585 2103 1658 obsigna

2225 1580 2523 1663 δεχόμενος
2586 1586 2689 1656 τὴν
2741 1590 2971 1660 γυναῖκα
3028 1583 3081 1641 ἓν
3148 1589 3227 1659 τῷ
3279 1584 3483 1665 φορείῳ
3538 1583 3886 1659 ἀσελγαίνων

461 1686 585 1743 tam
638 1680 853 1743 marito
909 1676 1270 1737 remittebat.
1351 1677 1610 1732 Petierat
1675 1674 1995 1748 aliquando
2057 1674 2103 1729 id

2224 1672 2509 1755 ἐσφράγιζε
2554 1675 2647 1729 καὶ
2732 1674 3180 1755 ἀνταπέστρειρεν.
3240 1678 3415 1752 ’Όπερ
3503 1673 3697 1749 γέγονὲ
3750 1695 3881 1745 τινι,

462 1766 660 1841 ipsum
692 1785 727 1824 a
755 1766 908 1824 303
957 1765 1213 1841 quodam
1245 1767 1438 1821 Cmsar
1466 1783 1479 1833 ;
1513 1764 1615 1837 qui
1664 1781 1797 1821 cum
1839 1781 2103 1820 recusare

2222 1762 2280 1826 ὃς
2316 1764 2391 1837 μὴ
2414 1761 2705 1837 τολμήσας
2736 1764 3004 1820 ἀντειπεῖν
3046 1761 3368 1838 ἀπωδύρετο
3405 1764 3468 1819 τὸ
3526 1760 3878 1838 δυστύχημα.

470 1874 592 1917 non
614 1857 879 1924 auderet,
913 1873 1082 1912 suam
1112 1854 1509 1913 calamitatem
1540 1854 1909 1931 deplorabat.
1936 1855 2103 1910 Athe-

2221 1854 2318 1915 Οἷς
2348 1852 2567 1916 ἐπιστὰς
2618 1850 2991 1929 Ἀθηνόδωρος
3047 1852 3324 1924 κλαίευσι,
3382 1852 3471 1908 καὶ
3526 1853 3626 1922 τὴν
3695 1851 3872 1909 αἰτίαν

458 1946 725 2003 uodorus
746 1964 880 2003 cum
903 1947 961 2000 in
976 1944 1311 2019 plorantem
1328 1942 1840 2013 incidisset,causa
1860 1945 2103 2017 cognita,

2224 1942 2431 2016 μαθὼν,
2464 1942 2652 1999 ἑαυτὸν
2681 1941 2883 2018 ᾔτησεν
2913 1937 3175 2017 ἐμϐαλεῖν
3236 1947 3317 2015 τῷ
3373 1941 3577 2017 φορείῳ
3614 1938 3707 1997 κᾶὶ
3772 1963 3871 1998 κα-

468 2053 530 2091 se
549 2053 682 2091 cum
706 2036 909 2091 stricto
928 2034 1122 2109 gladio
1145 2035 1205 2091 in
1235 2033 1502 2089 lecticam
1529 2032 1686 2101 abdi,
1718 2033 1918 2105 itaque
1951 2032 2103 2087 obsi-

2217 2031 2706 2105 τασημηναμένους
2757 2032 3099 2103 ἀποστεῖλαι,
3157 2031 3361 2108 γυμνὸν
3410 2030 3561 2109 ξίφος
3617 2029 3870 2112 ἐπιφερόο

460 2131 636 2196 gnata
673 2141 743 2181 ea
770 2123 843 2179 ad
873 2124 1165 2179 Caesarem
1200 2123 1351 2177 mitti
1377 2119 1579 2193 jussit.
1613 2121 1807 2179 Cmsar
1850 2139 1983 2177 cum
2016 2138 2103 2177 se-

2219 2142 2394 2193 μενον.
2456 2120 2533 2179 Οὗ
2585 2120 2928 2198 ἀπαχθέντος
2984 2118 3160 2177 ἐδόκει
3221 2126 3423 2197 Καῖσαρ
3472 2121 3571 2190 τὴν
3645 2127 3875 2196 γυναῖκα

458 2212 681 2268 natoris
729 2229 973 2268 uxorem
1014 2210 1126 2266 sibi
1158 2209 1400 2266 allatam
1444 2214 1659 2282 putans
1708 2210 1957 2285 januam
1988 2208 2103 2266 lec-

2217 2210 2349 2264 εῐναι
2386 2213 2483 2265 τοῦ
2538 2208 2934 2288 συγκλητικοῦ,
2992 2211 3085 2266 καὶ
3140 2209 3444 2283 ἀνοίξαντας
3526 2210 3622 2272 τὰς
3702 2210 3869 2285 θύρας

456 2302 591 2357 ιίοω
622 2300 972 2377 aperuisset,
1005 2299 1246 2356 exsiluit
1291 2298 1555 2372 gladium
1587 2299 2103 2357 strictumtenens.

2217 2296 2421 2371 ἐξέθορε
2477 2300 2715 2376 ξιφήρης
2768 2298 3152 2376 Ἀθηνόδωρος
3204 2299 3294 2355 καὶ
3372 2300 3510 2355 πάνυ
3565 2300 3867 2369 κατέπτηξε

454 2390 894 2459 Athenodorus,
930 2389 1244 2462 subitoque
1264 2388 1423 2445 visus
1445 2387 1765 2445 admodum
1786 2390 2103 2467 perterruit

2217 2390 2289 2459 τῷ
2319 2387 2503 2463 ἀθρόῳ
2531 2389 2623 2444 τὸν
2656 2389 2919 2464 Καίσαρα.
2978 2389 3082 2446 Καὶ
3151 2386 3366 2444 δεδιότα
3424 2387 3582 2444 αὐτὸν
3638 2389 3867 2460 ἀνεκτή-

454 2481 768 2550 Caesarem,
800 2482 1288 2551 metuentemque
1310 2477 1419 2534 sibi
1444 2478 1816 2535 confirmavit
1843 2495 2103 2547 rursum,

2217 2496 2361 2547 σατο,
2393 2478 2481 2533 καὶ
2509 2483 2625 2542 τοῖς
2668 2479 2941 2553 μεγίστοις
2989 2475 3281 2550 κατέδησεν
3340 2478 3527 2554 ὅρκοις
3580 2475 3860 2551 μηδέποτε

445 2569 910 2647 juramentoque
941 2567 1139 2641 adegit
1166 2568 1513 2647 promittere
1534 2566 1687 2622 nihil
1719 2583 1781 2622 se
1812 2566 1873 2623 in
1904 2571 2101 2647 poste-

2217 2570 2366 2622 τοῦτο
2396 2570 2618 2643 πρᾶξαι.
2666 2571 2760 2621 Ὅν
2791 2572 3051 2623 τοσοῦτον
3108 2565 3402 2641 ἀπεδέξατο
3452 2568 3527 2633 ὡς
3578 2568 3680 2636 τήν
3729 2565 3861 2641 σύγ-

452 2676 583 2714 rum
618 2659 735 2714 tale
769 2662 1061 2713 acturum.
1095 2657 1161 2712 Id
1192 2655 1341 2712 adeo
1366 2661 1597 2731 gratum
1630 2656 1844 2714 Caesari
1876 2655 2007 2726 fuit,
2038 2662 2103 2711 ut

2217 2653 2409 2727 ιλητον
2439 2657 2752 2732 συναγαγὼν
2786 2656 2972 2712 πολλά
3029 2658 3122 2711 τὸν
3156 2653 3533 2732 Ἀθηνόδωρον
3572 2654 3856 2731 ἐγκωμιά-

452 2750 768 2803 convocato
798 2752 1011 2807 senatu
1040 2745 1487 2800 Athenodorum
1518 2744 1723 2799 multis
1751 2744 1944 2799 verbis
1974 2742 2099 2801 lau-

2217 2762 2314 2815 raz,
2344 2748 2658 2821 προσθεῖναι
2690 2743 2748 2801 δὲ
2776 2746 2867 2801 καὶ
2893 2749 3086 2815 τοῦτο,
3126 2745 3202 2807 ὡς
3231 2745 3397 2801 κακὸν
3434 2745 3550 2820 βίον
3605 2744 3862 2821 ἐσχηκὼς

453 2834 723 2903 daverit;
775 2830 1191 2913 addideritqne
1259 2848 1343 2900 se,
1412 2848 1547 2887 cum
1606 2836 1838 2907 turpem
1900 2838 2102 2906 ageret

2217 2834 2313 2888 5πὸ
2344 2832 2729 2912 Ἀθηνοδώρου
2762 2835 3154 2910 ἐπανωρθώθη.
3188 2838 3439 2911 Γηράσας
3488 2832 3544 2890 δὶ
3602 2835 3631 2889 δ
3686 2837 3861 2906 Ἀθη-

450 2926 653 2994 vitam,
684 2922 755 2980 ab
808 2940 877 2979 eo
906 2923 1089 2983 fuisse
1142 2928 1495 2982 correctum.
1526 2923 1653 2978 Jam
1702 2923 1894 2996 gravis
1926 2928 2097 2980 astate

2217 2918 2440 2996 ιόδωρος
2469 2920 2668 2998 ᾔτησεν
2694 2923 2945 2980 ἀπελθεῖν
2973 2922 3051 2987 είς
3104 2925 3204 2994 τὴν
3259 2921 3513 2999 πατρίδα·
3571 2918 3721 3001 ἔλεγε
3748 2925 3853 3002 γὰρ

447 3012 865 3072 Athenodorus
894 3012 957 3068 in
1014 3010 1267 3091 patriam
1299 3011 1588 3068 redeundi
1641 3011 1872 3071 veniam
1904 3013 2093 3089 petiit,

2217 3010 2277 3074 bc;
2297 3010 2507 3077 τέλειος
2532 3011 2616 3085 εἴη
2650 3014 2678 3068 ὁ
2707 3017 2913 3091 Καῖσαρ
2960 3013 3097 3070 κατᾶ
3154 3018 3325 3070 πᾶσαν
3374 3013 3701 3093 φιλοσοφίαν
3759 3015 3851 3070 καὶ

449 3102 610 3179 quod
632 3103 760 3179 jam
789 3100 1112 3175 perfectam
1142 3118 1343 3163 rerum
1365 3102 1764 3175 cognitionem
1795 3108 1852 3158 et
1882 3103 2094 3177 agendi

2217 3100 2498 3177 τρᾶξιν,²0
2529 3103 2587 3157 δὲ
2629 3100 2796 3176 μόλις
2849 3102 3134 3180 ἐπέτρεψεν
3198 3102 3343 3177 αὖτῷ
3397 3103 3496 3172 τήν
3554 3103 3861 3183 ἀναχώρη-

445 3196 739 3251 rationem
798 3194 992 3250 Caesar
1048 3197 1204 3249 esset
1277 3198 1652 3248 consecutus.
1713 3194 1859 3249 Cum
1941 3210 2090 3269 aegre

446 3285 683 3341 veniam
742 3284 1136 3356 impetrasset,
1186 3282 1396 3339 ultimo
1441 3282 1707 3355 digressu
1756 3282 2092 3339 valedicens

2204 3210 2311 3248 σιν.
2352 3190 2440 3254 Ὠς
2493 3187 2552 3245 δὲ
2612 3189 2831 3266 μέλλων
2889 3191 3137 3268 ἀπαίρειν
3194 3193 3466 3265 ἠσπάζετο
3524 3193 3710 3262 αὐτὸν,
3766 3193 3861 3248 καὶ

2203 3278 2469 3354 ἐπικύψας
2500 3279 2577 3343 εἰς
2615 3281 2678 3335 τὸ
2712 3280 2805 3344 οῦς
2836 3280 3132 3355 παρεκάλει
3157 3278 3232 3335 ἵν’
3261 3282 3447 3345 ὁσάκις
3478 3280 3733 3359 δργισθῇ,
3777 3282 3856 3355 μή

448 3372 661 3431 Caesari
694 3372 757 3427 in
785 3388 990 3427 aurem
1020 3370 1433 3443 insusurravit,
1474 3371 1721 3427 hortans
1751 3378 1814 3426 ut
1862 3372 2094 3451 quoties

2217 3366 2464 3441 πρότερον
2492 3367 2723 3445 κελεύσῃ
2751 3370 2813 3426 τὸ
2852 3371 3143 3445 πρακτέον,
3202 3372 3330 3447 πρὶν
3367 3368 3427 3426 ἃν
3493 3373 3612 3427 καθ’
3666 3372 3858 3428 ἑαυτὸν

447 3462 537 3519 ira
566 3466 1050 3529 commoveretur,
1085 3478 1207 3516 non
1234 3465 1372 3517 ante
1394 3460 1485 3534 agi
1508 3460 1833 3537 quidquam
1856 3460 2095 3518 manda-

448 3557 540 3606 ret
564 3567 742 3627 quam
763 3549 920 3625 apud
942 3566 1070 3606 sese
1094 3552 1163 3605 24
1183 3549 1604 3606 vocabulorum
1641 3549 1934 3606 elementa
1955 3568 2096 3607 enu-

449 3645 737 3696 merasset
763 3658 777 3697 :
809 3642 984 3696 norat
1003 3640 1163 3695 enim
1197 3638 1466 3715 animum
1500 3640 1747 3696 Cassaris
1781 3640 1977 3701 subita
2007 3640 2095 3697 ira

448 3729 852 3801 exardescere,
882 3735 940 3785 et
967 3728 1141 3785 facile
1163 3729 1401 3789 mutari.
1422 3730 1566 3785 Tum
1595 3730 1790 3786 Caesar
1814 3746 1826 3786 :
1863 3753 1890 3781 ‹‹
1915 3731 2094 3800 Bene,

446 3819 661 3895 inquit,
693 3818 873 3875 habet
893 3840 913 3888 ,-
935 3818 1354 3874 commonuisti
1380 3836 1472 3874 me
1500 3818 1659 3891 quod
1692 3819 1958 3876 nondum
1981 3820 2094 3876 sim

445 3907 764 3987 perfectus.
814 3908 1018 3983 Itaque
1062 3907 1329 3963 nondum
1380 3909 1574 3980 patiar
1622 3914 1677 3963 te
1727 3909 1789 3964 in
1839 3910 2094 3983 patriam

446 3996 663 4053 redire.
699 4020 721 4050 ι

523 4088 691 4141 Anno
751 4082 995 4157 Augusti
1044 4084 1077 4137 2
1116 4084 1474 4140 indictiones
1522 4084 1807 4143 institutae
1859 4089 1999 4141 sunt
2041 4091 2097 4140 et

448 4174 735 4241 bisextus,
768 4174 1048 4245 legesque
1095 4170 1167 4229 ab
1198 4190 1265 4228 eo
1297 4173 1498 4229 civiles
1555 4175 1894 4247 proposita,
1935 4176 2096 4231 Tunc

452 4267 632 4322 etiam
661 4266 861 4325 Romae
901 4262 1181 4335 Virgilius
1223 4268 1399 4335 poeta
1448 4262 1724 4319 innotuit.
1777 4263 1892 4320 Sub
1942 4265 2098 4320 804

455 4372 522 4411 eo
552 4354 731 4409 etiam
752 4350 962 4411 Judam
992 4351 1320 4423 Galilaeam,
1352 4352 1524 4424 cujus
1548 4359 1637 4409 est
1662 4354 1723 4409 in
1746 4354 1908 4410 Actis
1940 4370 2100 4409 men-

451 4443 556 4513 tio,
615 4440 815 4496 ferunt
853 4440 1207 4499 seditionem
1264 4441 1537 4511 movisse,
1587 4447 1646 4499 et
1698 4444 2094 4518 Antipatrum,

451 4529 701 4589 Herodis
760 4532 1010 4602 patrem,
1066 4530 1280 4586 Judasm
1344 4548 1542 4605 regem
1594 4550 1627 4588 a
1682 4532 1964 4589 Romanis
2011 4532 2099 4593 fa-

452 4626 633 4677 ctum.

524 4709 813 4766 Antonius
842 4712 1041 4766 autem
1074 4707 1278 4765 consul
1313 4714 1371 4765 et
1400 4710 1724 4782 imperator
1772 4713 2095 4777 Romanus,

450 4800 536 4857 uti
566 4799 671 4855 Dio
697 4796 976 4854 Cocceius
1007 4798 1233 4865 scribit,
1271 4799 1446 4854 Bruto
1487 4804 1546 4853 et
1575 4798 1793 4870 Cassio,
1845 4801 1945 4873 qui
1975 4802 2100 4857 Cre-

451 4905 645 4947 sarem
674 4888 1294 4963 Juliumnecaverant,
1318 4887 1668 4958 interfectis,
1690 4888 1981 4945 exercitus
2011 4906 2098 4945 re-

450 4976 691 5040 creandi
736 4992 915 5032 causa
961 4977 1024 5031 in
1055 4977 1282 5049 Syriam
1341 4976 1521 5031 venit.
1572 4976 1718 5032 Inde
1772 4976 2099 5049 CleOpatrm

450 5084 650 5124 amore
692 5072 898 5140 captus
944 5066 1207 5137 Augusto
1256 5066 1472 5123 Caesari
1530 5082 1592 5121 se
1638 5066 1931 5139 Opposuit,
1985 5068 2103 5123 Ro-

448 5173 730 5228 mamque
769 5155 987 5220 redire,
1022 5170 1097 5209 ne
1128 5170 1368 5210 causam
1402 5151 1599 5209 dicere
1650 5172 1797 5229 opus
1831 5154 2097 5225 haberet,

450 5245 923 5315 posthabuit.llic
939 5243 1229 5299 Antonius
1252 5260 1384 5299 cum
1400 5244 1709 5316 Cleopatra
1728 5243 2100 5301 Alexandria;

453 5336 512 5386 et
538 5331 761 5402 Egypti
805 5333 1013 5404 regina
1054 5332 1198 5388 inito
1232 5333 1504 5401 consilio,
1552 5333 1933 5405 Dexiophane
1979 5351 2101 5389 me-

454 5418 699 5473 chanico
714 5420 764 5473 ei
781 5421 942 5492 operi
960 5420 1494 5494 prmfecto,maguae
1512 5423 1823 5478 hominum
1839 5425 2103 5479 multitu-

453 5504 610 5562 dinis
641 5522 819 5577 opera
868 5508 1172 5580 multoque
1224 5509 1424 5565 labore
1474 5516 1532 5565 et
1585 5511 1888 5583 impendio
1933 5529 2097 5583 usus,

452 5594 637 5653 maris
667 5594 881 5650 fretum
906 5596 1062 5669 quod
1084 5597 1291 5654 urbem
1316 5598 1733 5655 Alexandriam
1758 5605 1814 5655 et
1847 5600 2099 5672 pharum

455 5685 711 5743 insulam
783 5684 1165 5739 interﬂuebat
1241 5692 1498 5756 quatuor
1549 5687 1846 5743 miliarum
1907 5689 2102 5743 latitu-

2198 3456 2482 3534 ἀριθμήσῃ
2516 3459 2583 3514 τὰ
2609 3456 2695 3515 κδ’
2726 3459 2994 3516 στοιχεῗαο
3018 3458 3143 3532 ἤδει
3170 3462 3273 3536 γὰρ
3305 3461 3554 3517 αὐτοῦτὸ
3580 3461 3852 3534 ὀξύθυμον

2197 3545 2289 3601 καὶ
2355 3546 2790 3623 εὐμετάϐλητον.
2848 3550 2911 3607 Ὀ
2969 3546 3026 3606 δὶ
3093 3555 3293 3623 Καῖσαρ
3368 3550 3684 3625 αἰσθόμενος
3713 3552 3846 3627 ἒφηο

2207 3658 2233 3690 α
2266 3633 2422 3716 Εὖγε,
2455 3636 2772 3711 ὓπέμνησάς
2802 3659 2869 3713 με
2899 3639 2973 3701 ὡς
3006 3637 3204 3711 ἀτελής
3234 3639 3347 3713 εἶμι
3378 3639 3468 3695 καὶ
3498 3646 3598 3710 τῆς
3631 3647 3734 3711 σῆς
3764 3638 3846 3695 δι-

2201 3723 2498 3789 δασκαλίας
2530 3724 2811 3802 δεόμενος.
2849 3728 2945 3783 Διά
2974 3733 3137 3785 τοῦτο
3170 3729 3231 3786 ού
3255 3732 3606 3808 συγχωρήσω
3634 3752 3717 3786 σοι
3749 3737 3853 3802 τῆς

2201 3815 2568 3892 ἐνεγκαμένης
2596 3815 2733 3879 τέως
2760 3812 3041 3888 ἐπιϐῆναι.
3076 3841 3104 3871 ιι

2271 4081 2476 4140 Τούτου
2533 4084 2619 4156 [Ρ.
2683 4085 2807 4161 173]
2863 4088 2943 4158 τῷ
3002 4082 3234 4161 δευτέρῳ
3290 4084 3397 4143 ἔτει
3479 4089 3535 4143 αἱ
3612 4086 3855 4147 ’ἱνδικτοι

2200 4169 2566 4243 ἐπενοήθησαν
2603 4174 2694 4227 καὶ
2725 4173 2789 4228 τὸ
2824 4172 3088 4248 βίσεξτον,
3123 4175 3213 4230 καὶ
3267 4177 3473 4249 νόμους
3513 4175 3718 4249 ἐξέθετο
3749 4201 3857 4236 πο-

2203 4258 2470 4323 λιτικούς.
2505 4260 2601 4315 Καὶ
2662 4260 2943 4336 Βιργίλιος
2999 4263 3143 4337 παρὰ
3200 4264 3498 4337 Ῥωμαίοις
3530 4266 3855 4344 ἐγνωρίζετο

2200 4350 2461 4420 ποιητής.
2496 4350 2617 4406 Ἐπὶ
2647 4351 2845 4407 τούτου
2884 4351 2975 4407 καὶ
3016 4349 3221 4409 Ἰούδαν
3254 4353 3346 4409 τὸν
3404 4353 3700 4412 Γαλιλαῖον
3764 4360 3860 4414 τὸν

2203 4437 2256 4493 ἐν
2294 4444 2414 4500 ταῖς
2446 4441 2700 4514 Πράξεσιν
2754 4439 3125 4521 ἐμφερόμενον
3182 4441 3488 4518 ἱστοροῦσιν
3542 4444 3861 4524 ἐγηγέρθαι,

2201 4528 2291 4583 καὶ
2323 4527 2674 4604 Ἀντίπατρον
2722 4529 2815 4585 τὸν
2871 4527 3126 4605 Ἦρώδου
3180 4533 3384 4608 πατέρα
3436 4535 3535 4603 τῆς
3596 4534 3862 4602 Ἰουδαίας

2123 4609 2171 4673 D
2204 4617 2435 4693 βασιλέα
2458 4624 2791 4690 καταστῆναι
2826 4620 2928 4675 ὑπὸ
2957 4621 3275 4695 Ῥωμαίων.

2276 4708 2564 4771 Ἀντώνιος
2596 4706 2653 4764 δὲ
2695 4709 2722 4764 ὁ
2782 4710 3084 4787 στρατηγὸς
3134 4712 3223 4766 καὶ
3285 4710 3488 4777 ὕπατος
3546 4716 3862 4793 Ῥωμαίων,

2207 4796 2280 4859 ὥς
2313 4820 2441 4876 φησι
2476 4796 2612 4853 Δίων
2647 4798 2674 4853 ὁ
2735 4798 3011 4871 Κόκκειος,
3044 4797 3256 4856 ἀνελὼν
3317 4806 3553 4875 Βροῦτον
3593 4807 3683 4861 καὶ
3744 4809 3862 4865 Κά-

2208 4910 2322 4944 σιον
2344 4887 2471 4950 τοὺς
2509 4888 2771 4968 φονευτάς
2831 4888 3068 4945 Ἰουλίου
3128 4892 3421 4967 Καίσαρος,
3479 4895 3571 4951 τὸν
3627 4902 3858 4975 στρατὸν

2207 4973 2493 5034 ἀναλαϐὼν
2523 4977 2688 5047 ἦλθεν
2721 4978 2772 5032 ἐν
2806 4978 2997 5054 Συρίᾳ.
3024 4981 3230 5055 Ἔρωτι
3253 4980 3311 5037 δὲ
3343 4982 3577 5058 βληθεὶς
3600 4973 3861 5053 Κλεοπά-

2206 5089 2335 5144 τρας
2404 5068 2628 5143 ἀντῆρεν
2687 5068 2988 5145 Αὐγούστῳ
3046 5071 3299 5148 Καίσαρι·
3357 5073 3475 5139 ὅθεν
3542 5073 3859 5145 ἐπανελθεῖν

2208 5157 2282 5220 είς
2318 5158 2536 5231 Ῥώμην
2565 5155 2663 5213 οὐκ
2688 5156 2912 5234 ἐγνώκει
2963 5159 3038 5223 ὡς
3095 5158 3261 5238 λόγον
3305 5161 3623 5222 ἀποδώσων.
3683 5169 3860 5234 Οὗτος

2209 5247 2236 5301 ὁ
2295 5247 2584 5309 Ἀντώνιος
2650 5248 2783 5321 μετὰ
2873 5248 3226 5325 Κλεοττᾶτρας
3286 5250 3691 5331 ’Λλεξανδρεῖας
3766 5259 3858 5315 καὶ

2209 5335 2483 5410 Αἰγύπτου
2536 5334 2824 5410 ἀνταρσίαν
2886 5337 3327 5413 βουλευσάμενος
3389 5342 3709 5420 προσέχωσε
3765 5350 3856 5404 τὸν

2209 5421 2617 5498 Ἀλεξανδρείας
2673 5432 2774 5495 τῆς
2846 5425 3063 5490 πόλεως
3138 5430 3229 5485 καὶ
3291 5432 3477 5507 Φάρου
3535 5438 3634 5503 τῆς
3689 5439 3861 5508 νήσου

2212 5511 2404 5585 μεταξὺ
2465 5508 2804 5589 διακείμενον
2871 5514 3164 5580 θαλάσσιον
3220 5522 3489 5596 πορθμὸν,
3550 5524 3680 5580 ὡσεῖ
3737 5528 3861 5583 τέσ-

2208 5621 2342 5676 σαρα
2375 5598 2533 5674 μίλια
2562 5600 2759 5659 ἔχοντα
2788 5602 3081 5680 διάστημα.
3114 5610 3317 5665 Τοῦτον
3351 5610 3442 5665 οῦν
3464 5612 3555 5667 τὸν
3602 5617 3853 5691 πορθμὸν

2209 5689 2357 5769 χειρὶ
2403 5687 2591 5766 πολλῇ
2649 5693 2739 5748 καὶ
2798 5692 3007 5765 σπουδῆ
3066 5696 3153 5752 καὶ
3212 5694 3446 5774 δαπάνῃ,
3496 5687 3853 5782 Δεειοφτάνίους
