4186 6190
407 348 524 412 343

1774 335 2100 399 GEORGII
2143 336 2495 400 CEDRENI

3693 344 3813 405 34ι

410 484 636 538 mensis
668 481 1065 537 incidissetin
1096 482 1447 549 praesentem
1498 489 1719 528 annum
1751 473 1913 533 5536,
1945 470 2063 524 ini-

2176 472 2352 543 ποστῇ
2381 474 2481 524 τοῦ
2509 472 2681 544 μηνὸς
2711 465 2905 550 ἔφθασε
2943 472 3079 528 κατὰ
3106 473 3170 528 τὸ
3210 474 3382 548 παρὸν
3422 472 3585 552 ,εφλζ
3637 474 3818 543 ἒτους,

409 573 560 627 tium
591 576 765 626 nacta
810 587 845 624 ει
873 568 1152 622 vicesima
1174 564 1363 619 Martii
1396 562 1513 629 die,
1566 561 1795 616 decima
1853 563 2064 630 quarta

418 659 547 715 dies
576 659 753 730 primi
780 655 1006 710 mensis
1028 649 1620 719 lunaris,dividemus
1641 650 1780 703 5536
1809 663 1916 719 per
1948 648 2011 700 19
2047 662 2060 701 :

418 751 772 818 supererunt
803 750 853 798 7.
891 744 1077 815 Hujus
1108 740 1515 811 undecuplum
1545 744 1636 793 est
1660 741 1748 791 77.
1806 737 1901 790 Bis
1959 735 2064 789 tri-

425 837 588 908 ginta
614 834 726 888 hoc
757 838 845 887 est
867 833 955 899 60,
990 830 1126 886 inde
1155 830 1353 886 aufer:
1405 827 1716 884 restabunt
1768 830 1850 879 l7.
1898 823 2064 879 Adde

415 925 510 979 his
542 928 819 993 tres,quaa
852 926 988 976 ante
1020 920 1407 975 luminarium
1445 917 1667 972 coitum
1689 919 1832 971 sunt
1861 930 1874 969 :
1926 917 2064 968 ante

413 1014 613 1069 lunam
636 1012 692 1081 7,
725 1017 783 1067 et
812 1011 959 1066 alias
991 1014 1022 1064 7
1054 1009 1126 1065 ab
1156 1008 1437 1065 vicesima
1466 1007 1659 1080 prima
1708 1004 1895 1060 Martii
1944 1003 2060 1058 die.

417 1103 661 1157 Summa
686 1103 775 1166 42,
810 1099 948 1154 hinc
980 1098 1124 1154 tolle
1153 1099 1222 1153 40
1256 1116 1270 1154 :
1334 1100 1657 1169 supersunt
1714 1095 1800 1148 14.
1858 1094 2063 1162 Itaque

415 1190 650 1246 decima
679 1194 894 1261 quarta
920 1188 1098 1260 primi
1130 1187 1356 1243 mensis
1395 1185 1553 1240 luna)
1614 1183 1739 1238 dies
1770 1180 1980 1237 incidit
2004 1180 2064 1234 in

418 1279 763 1334 vicesimum
798 1278 1116 1348 septimum
1150 1275 1337 1330 Martii
1371 1273 1550 1328 diem.
1584 1274 1767 1327 Porro
1797 1268 2064 1325 volentes

422 1382 778 1440 cognoscere
800 1371 981 1436 quota
997 1365 1125 1419 dies
1152 1363 1498 1435 septimana:
1517 1360 1714 1430 fuerit,
1734 1357 1885 1413 adde
1916 1371 2064 1428 qua-

416 1455 692 1511 drantem
715 1455 861 1510 δον
906 1469 1081 1508 suum
1112 1451 1188 1508 ad
1218 1450 1487 1521 5586,qui
1520 1453 1612 1503 est
1639 1449 1794 1502 1884.
1819 1446 2065 1501 Summa

414 1544 527 1598 erit
556 1547 715 1599 6920.
752 1545 895 1597 Eam
937 1541 1132 1596 divide
1193 1555 1300 1611 per
1324 1542 1378 1607 7,
1404 1543 1473 1593 ut
1494 1552 1674 1607 supra
1710 1535 2065 1605 relinquen-

413 1641 512 1690 tur
565 1638 783 1705 quatur
839 1637 1079 1703 epactaa.
1140 1630 1241 1684 His
1297 1628 1448 1684 adde
1479 1627 1660 1683 3dies
1690 1632 2065 1694 antegressos

420 1723 903 1796 conjunctionem
962 1718 1375 1786 luminarium,
1409 1723 1469 1772 et
1504 1720 1535 1769 7
1568 1716 1694 1770 dies
1725 1731 1761 1770 a
1790 1712 2069 1768 vicesima

2170 556 2351 634 ἀρχὴν
2382 558 2645 634 εἰληφυῖα
2676 562 2782 616 ἀπὸ
2827 563 2909 617 κα¹
2954 566 3052 616 τοῦ
3110 561 3357 637 Μαρτίου
3418 564 3610 635 μηνὸς,
3660 567 3695 633 ἡ
3758 561 3820 618 ιδ’

2167 644 2266 702 τοῦ
2296 648 2520 723 πρώτου
2555 651 2727 724 μηνὸς
2752 657 2855 720 τῆς
2888 649 3148 722 σελήνης,
3176 651 3243 706 τὰ
3297 650 3462 729 ,εφλξ
3524 651 3819 729 ὑφείλομεν

2166 734 2392 791 ἐπὶτῶν
2426 739 2511 798 ιϐ’.
2561 738 2765 794 Λοιπαὶ
2823 741 2889 810 ζ’.
2949 740 3164 804 Ταύτας
3216 737 3819 813 ένδεκαπλασιάζοντες,

2168 822 2407 898 γίνονται
2440 830 2534 895 οζ.
2568 821 2809 883 Ἔκϐαλε
2842 825 3141 903 τριακάδας
3201 825 3333 901 δύω,
3393 827 3571 906 λέγων
3631 828 3714 893 δὶς
3774 829 3823 886 λ’

2166 913 2225 981 ε’·
2253 910 2445 968 λοιπαὶ
2481 916 2563 984 ιζ’.
2598 911 2883 991 Πρόσεαλε
2924 916 3146 980 ταύταις
3203 924 3348 992 τρεῖς
3399 920 3495 981 τὰς
3547 921 3653 994 πρὸ
3710 926 3819 975 τῶν

2171 1003 2498 1079 φωστήρων,
2529 1005 2637 1080 πρὸ
2668 1003 2907 1076 σελήνης
2940 1007 3002 1074 ζ’,
3033 1007 3125 1061 καί
3186 1008 3230 1075 ζ’
3267 1007 3363 1069 τὰς
3419 1007 3528 1062 ἀπὸ
3574 1010 3676 1077 κί’,
3730 1009 3819 1064 καὶ

2168 1088 2337 1160 αὐτῆς
2373 1096 2471 1145 τοῦ
2533 1092 2782 1166 Μαρτίου
2847 1095 3044 1166 μηνός.
3106 1095 3281 1168 Ὀμοῦ
3336 1095 3446 1168 μδ’.
3501 1097 3700 1174 Ὕφελε
3749 1097 3818 1153 λ’⁶

2170 1176 2364 1234 λοιπαὶ
2399 1176 2482 1237 ιδ’.
2514 1182 2617 1237 Καὶ
2653 1174 2877 1256 ἔφθασεν
2905 1184 2940 1252 ἡ
2978 1180 3043 1237 ιδ’
3092 1186 3191 1238 τοῦ
3237 1185 3459 1259 πρώτου
3493 1186 3663 1259 μηνὸς
3716 1194 3820 1256 τῆς

2169 1267 2407 1340 σελήνης
2439 1273 2509 1343 τῇ
2575 1272 2656 1340 κζ’
2696 1276 2794 1326 τοῦ
2853 1272 3099 1348 Μαρτίου
3161 1274 3353 1347 μηνός.
3402 1276 3535 1333 Εἶτα
3572 1275 3821 1338 θέλοντες

2167 1362 2370 1433 γνῶναι
2398 1358 2489 1412 καί
2518 1360 2652 1431 ποίᾳ
2680 1359 2862 1434 ἡμέρᾳ
2893 1357 3119 1438 ἔφθασεν
3151 1365 3185 1432 ἡ
3217 1362 3353 1433 αύτὴ
3391 1361 3459 1419 ιδ’
3479 1370 3596 1427 τοῖς
3636 1364 3822 1443 ⁸ειρλιβ,

2169 1446 2530 1519 προστίθεμεν
2564 1448 2627 1502 τὸ
2663 1446 2942 1524 τέταρτον,
2972 1447 3162 1525 ,ατπόλ
3213 1450 3305 1507 καὶ
3361 1452 3601 1529 γίνονται
3631 1455 3821 1528 ,ςῡξνεί⁹

2169 1537 2348 1590 Ταῦτα
2378 1533 2543 1611 ὕφελε
2572 1534 2650 1598 είς
2677 1538 2743 1591 τὰ
2775 1540 2838 1608 ζ’,
2901 1539 3077 1613 Λέγων
3131 1541 3253 1615 ζ79⁸
3309 1542 3414 1615 μετ’,
3448 1543 3532 1612 ζπ¹
3580 1544 3678 1613 (ρξ’.
3714 1543 3821 1611 ζη’.

2169 1624 2489 1684 νς“.Λοιπαὶ
2522 1622 2565 1679 δ’
2596 1622 2847 1684 ἐπακταί.
2903 1629 3135 1691 Ταύταις
3193 1624 3475 1704 πρόσϐαλε
3520 1637 3667 1707 τρεῖς
3725 1633 3823 1694 τὰς

2171 1711 2279 1786 πρὸ
2306 1715 2415 1767 τῶν
2449 1716 2779 1791 φωστηρων,
2810 1716 2901 1770 καὶ
2960 1718 3001 1786 ζ’
3053 1716 3149 1779 τὰς
3201 1717 3309 1773 ἀπὸ
3359 1721 3463 1786 κα’,
3528 1718 3617 1774 καὶ
3652 1722 3824 1789 αὐτῆς

418 1813 612 1884 prima
640 1812 852 1867 Martii.
888 1810 1130 1865 Summa
1158 1809 1262 1878 ι14.
1324 1805 1524 1861 llivide
1548 1821 1654 1877 per
1675 1808 1705 1857 7
1740 1822 1753 1859 :
1787 1802 1939 1858 nihil
1971 1818 2065 1857 su-

2176 1804 2269 1903 τρῦ
2298 1803 2775 1903 Μαρτίουωιὶηνός.
2809 1805 2981 1877 Ὀμοῦ
3017 1802 3102 1862 ιδ’.
3150 1805 3253 1862 Καὶ
3305 1806 3470 1863 ὕιοελε
3527 1811 3586 1878 ζ’⁶
3630 1807 3824 1864 λοιπαὶ

422 1903 662 1975 pererit,
696 1901 805 1956 fuit
837 1916 975 1973 ergo
1013 1897 1351 1954 Sabbatum.

496 1993 731 2048 Decimo
785 2007 945 2046 nono
994 1988 1211 2043 Tiberii
1257 2004 1414 2043 anno
1462 1986 1731 2041 Christus
1776 1982 2066 2056 supplicio

424 2098 552 2137 sese
576 2080 859 2149 subdidit,
893 2095 1047 2134 anno
1078 2077 1286 2133 mundi
1330 2078 1490 2142 5539,
1524 2075 1619 2129 die
1656 2073 1879 2129 mensis
1928 2075 2069 2128 Mar-

426 2173 491 2227 tii
523 2174 611 2240 23,
645 2171 994 2242 septimanae
1026 2174 1211 2224 sexta.
1246 2167 1487 2222 Exstitit
1513 2182 1547 2222 a
1577 2165 1828 2221 mortuis
1870 2167 1937 2218 25
1969 2163 2065 2219 die

423 2262 689 2334 ejusdem
720 2261 931 2331 Martii,
955 2259 1049 2315 die
1081 2275 1116 2315 a
1144 2257 1389 2314 sabbato
1420 2255 1858 2330 proximaJnde
1879 2255 1940 2310 in
1961 2256 2065 2310 Ec-

422 2351 606 2406 clesia
646 2355 949 2422 receptum
980 2354 1069 2405 est
1094 2348 1315 2420 pascha
1372 2346 1734 2402 dominicum
1767 2344 2066 2401 celebrare

422 2441 705 2497 vicesima
731 2439 937 2511 quinta
962 2438 1057 2493 die
1084 2438 1293 2493 Martii.
1320 2438 1443 2503 Quo
1462 2442 1728 2508 tempore
1758 2433 2069 2490 Judaicum

426 2533 649 2605 pascha
680 2529 1088 2604 peragebatur,
1149 2529 1275 2584 dies
1333 2532 1460 2583 erat
1517 2527 1705 2582 Martii
1755 2528 1842 2592 24,
1895 2524 2071 2595 septi-

429 2637 620 2680 manae
653 2620 926 2691 septima,
960 2618 1118 2674 idest
1138 2616 1471 2673 sabbatum.
1506 2615 1773 2670 Circulus
1804 2614 1947 2669 solis
1978 2614 2068 2682 23,

419 2707 576 2763 lunaa
610 2708 697 2774 10,
728 2712 1049 2774 utrumque
1106 2708 1485 2757 numeratum
1517 2718 1552 2756 a
1596 2704 1657 2756 21
1697 2701 1884 2755 Martii
1914 2716 2068 2770 pras-

426 2796 612 2850 sentis
642 2793 1140 2861 anni,indictione
1163 2798 1395 2862 quarta.
1412 2792 1480 2845 Et
1499 2789 1853 2844 undecimus
1878 2804 2071 2844 annus

425 2888 553 2937 erat
590 2882 883 2936 naturalis
935 2879 1403 2934 novendecennii
1452 2878 1629 2943 lunar,
1663 2893 1732 2932 ac
1755 2876 2071 2949 vigesimus

427 2977 627 3026 sextus
657 2986 851 3025 annus
881 2968 1327 3041 vigintoctennii
1359 2967 1523 3022 solis.
1542 2968 1661 3021 Hoc
1690 2971 2072 3037 autemquar-

425 3066 548 3114 tum
577 3060 799 3131 pascha
829 3064 938 3126 est,
970 3074 1086 3130 quo
1105 3075 1211 3129 pro
1242 3056 1411 3113 nobis
1432 3072 1643 3128 passus
1674 3060 1761 3110 est
1782 3054 2073 3121 Christus,

414 3162 587 3201 verus
616 3146 770 3200 Deus
824 3150 1046 3200 noster.
1073 3143 1501 3198 Testimonium
1550 3146 1748 3196 autem
1796 3139 2069 3211 perhibet

420 3235 615 3307 ipsum
676 3251 912 3306 quoque
958 3232 1363 3305 Evangelium,
1414 3231 1505 3285 his
1552 3228 1812 3285 verbis86
1844 3247 1857 3283 :
1886 3251 1912 3278 ιε
1948 3229 2066 3300 Ipsi

415 3339 550 3378 vero
597 3323 657 3377 in
696 3323 1043 3394 prmtorium
1097 3338 1219 3376 non
1296 3319 1620 3386 intrabant,
1692 3335 1765 3373 ne
1842 3317 2072 3389 pollue-

412 3418 642 3478 rentur,
687 3411 792 3466 sed
840 3409 1125 3481 postridie
1174 3410 1393 3480 pascha
1441 3414 1683 3480 possent
1723 3408 1836 3463 rite
1867 3422 2063 3462 come-

415 3501 575 3556 dere.
610 3522 639 3551 »
676 3500 822 3554 Item
851 3497 965 3553 86":
999 3520 1025 3547 ‹‹
1060 3498 1246 3554 Judaei
1277 3515 1477 3570 porro,
1544 3514 1619 3552 ne
1678 3514 1889 3553 eorum
1938 3514 2071 3553 cor-

416 3605 564 3662 pora
595 3589 658 3644 in
690 3604 863 3644 cruce
898 3594 1213 3644 manerent
1242 3587 1491 3644 sabbato
1520 3590 1538 3657 ξ
1546 3592 1673 3642 erat
1727 3588 1887 3643 enim
1946 3590 2071 3660 pri-

423 3678 520 3733 die
553 3677 808 3746 sabbati,
857 3676 1016 3749 quod
1075 3677 1396 3733 admodum
1460 3693 1673 3750 magna
1710 3676 2070 3734 solennitate

421 3767 611 3823 acturi
643 3770 854 3836 erant),
887 3784 922 3823 a
950 3766 1132 3822 Pilato
1162 3766 1543 3838 postularunt
1572 3771 1640 3821 ut
1666 3766 1742 3822 iis
1772 3783 1907 3822 ossa
1937 3784 2072 3822 con-

416 3856 822 3930 fringerentur
841 3862 1019 3927 atque
1041 3856 1501 3927 deponerentur.
1529 3877 1559 3905 ››
1580 3856 1704 3920 Quo
1735 3856 2071 3927 igiturtem-

425 3962 566 4018 pore
596 3946 864 4002 Christus
913 3962 1019 4001 suo
1051 3961 1298 4016 corpore
1341 3961 1448 4016 pro
1496 3943 1669 4000 nobis
1708 3944 2068 4016 supplicium

422 4036 554 4103 luit,
587 4053 656 4092 eo
686 4035 1018 4108 legitimum
1049 4035 1269 4107 pascha
1299 4051 1420 4089 non
1445 4034 1585 4102 edit,
1619 4035 1723 4090 sed
1755 4034 1909 4090 808
1940 4036 2065 4108 ipse

428 4142 534 4197 pro
565 4125 736 4180 nobis
762 4126 1002 4180 victima
1032 4124 1223 4179 factus
1240 4129 1347 4179 est.
1380 4123 1545 4189 Quod
1575 4130 1774 4179 autem
1808 4141 1930 4180 non
1965 4124 2065 4180 de-

412 4215 568 4270 cimo
607 4219 817 4285 quarto
846 4213 943 4269 die
962 4213 1183 4284 pascha
1203 4211 1717 4281 celebraverit,sed
1739 4230 1873 4269 eum
1896 4220 2062 4270 ante-

411 4302 643 4373 ceperit
670 4301 939 4373 mystica-
970 4316 1151 4356 cana)
1193 4300 1590 4367 institutione,
1650 4318 1766 4373 quo
1800 4306 2063 4374 tempore

412 4388 971 4445 infermentatorum
990 4404 1211 4460 panum
1236 4389 1624 4445 sanctificatio
1649 4396 1707 4444 et
1730 4390 2064 4448 festivitatis

411 4481 732 4548 apparatus
762 4483 1036 4549 aguntur,
1068 4484 1418 4550 argumento
1443 4484 1553 4547 est,
1587 4480 1730 4551 quia
1750 4480 2060 4552 discipulis

413 4547 533 4621 non
560 4564 633 4620 de
655 4547 891 4622 victima
906 4572 965 4622 et
979 4547 1234 4638 panibus
1247 4547 1815 4638 infermentatis,sed
1838 4547 2055 4641 panem
2087 4547 2135 4612 D

413 4659 473 4709 et
500 4653 701 4710 vinum
725 4655 989 4711 tradidit.

479 4744 586 4810 Qui
620 4744 922 4801 Christum
956 4744 1226 4802 scribunt
1252 4762 1412 4802 anno
1443 4748 1583 4803 5500
1612 4753 1838 4817 natum,
1899 4764 2058 4803 anno

417 4835 555 4888 5533
589 4833 880 4906 supplicio
913 4834 1211 4903 allectum,
1236 4843 1436 4892 errant
1465 4854 1661 4908 neque
1690 4838 1933 4909 praecise
1950 4854 2058 4893 an-

412 4938 524 4977 nos
556 4927 796 4980 norunt.

482 5012 563 5065 Eo
588 5016 855 5084 tempore
902 5030 1020 5085 quo
1090 5014 1152 5069 in
1210 5014 1384 5070 terris
1414 5014 1594 5071 homo
1622 5014 1889 5070 Christus
1920 5016 2060 5088 egit,

408 5099 521 5154 fuit
551 5100 793 5173 quidam
824 5102 1058 5159 Edessaa
1105 5104 1346 5177 regulus
1376 5105 1620 5160 nomine
1648 5107 1935 5177 Augarus.
1970 5104 2059 5159 Ad

408 5187 567 5243 hunc
598 5206 832 5261 quoque
861 5191 1289 5248 miraculorum
1319 5208 1354 5248 a
1384 5194 1501 5249 Deo
1560 5198 1764 5249 nostro
1822 5192 2055 5249 Christo

487 5311 536 5347 3°
562 5315 728 5371 Joan.
759 5334 917 5385 xvm,
948 5320 1016 5372 28
1091 5317 1162 5353 ’δ’
1189 5319 1355 5375 Joan.
1388 5336 1506 5389 xix,
1530 5322 1620 5377 31.

2099 3185 2147 3249 C

2172 1891 2234 1960 ζ’,
2265 1891 2354 1946 καὶ
2381 1892 2448 1960 ἦν
2479 1887 2782 1950 Σάϐϐατον.

2240 1981 2336 2051 Τῷ
2366 1977 2423 2034 δὲ
2458 1983 2523 2044 io‘
2549 1978 2659 2036 ’ἑτει
2689 1976 2945 2056 Τιϐερίου
2994 1981 3263 2059 Καίσαρος
3294 1984 3324 2038 ὁ
3381 1983 3582 2056 Κύριος
3613 1983 3698 2039 ἐπὶ
3759 1985 3823 2040 τὸ

2169 2067 2343 2133 πάθος
2370 2075 2570 2142 παρῆν.
2612 2071 2777 2132 Ἔτος
2805 2074 2970 2126 τοῦτο
3028 2069 3216 2149 ιεφλθζ
3279 2074 3407 2146 μηνὶ
3456 2073 3676 2148 Μαρτίῳ
3715 2076 3821 2149 κγ’,

2171 2156 2355 2233 ἡμέρᾳ
2382 2165 2441 2219 ς’.
2485 2158 2711 2229 Ἀνέστη
2740 2157 2798 2214 δὲ
2825 2163 2894 2234 τῇ
2947 2162 3022 2214 κε’
3076 2150 3173 2216 τοῦ
3224 2162 3391 2218 αὐτοῦ
3434 2162 3679 2237 Μαρτίου
3715 2185 3823 2237 μη-

2171 2246 2285 2313 νὸς,
2319 2246 2371 2301 ἐν
2401 2248 2446 2319 ᾦ
2478 2245 2667 2323 χρόνῳ
2724 2247 3001 2319 ἐτελέσθη,
3030 2249 3228 2324 ιὴμέρᾳ
3285 2252 3351 2307 α’.
3408 2253 3567 2315 Ὅθεν
3616 2254 3707 2307 καὶ
3761 2252 3824 2307 τὸ

2174 2335 2369 2411 Κύριον
2410 2337 2603 2412 Πάσχα
2650 2337 2923 2413 ἑορτάζειν
2973 2343 3009 2409 ἡ
3062 2339 3363 2411 Ἐκκλησία
3418 2339 3725 2418 παρείληφε
3753 2345 3823 2416 τῇ

2172 2428 2366 2481 κε’τοῦ
2396 2425 2643 2500 Μαρτίου
2702 2427 2899 2500 μηνός.
2962 2430 3046 2485 Ἐν
3102 2429 3148 2501 ᾧ
3200 2430 3389 2505 χρόνῳ
3447 2428 3693 2501 ἐτελέσθη
3761 2432 3824 2486 τὸ

2175 2512 2470 2571 Ἰουδαϊκὸν
2502 2516 2712 2592 πάσχα,
2740 2517 2874 2591 μηνὶ
2931 2519 3162 2593 Μαρτίῳ
3218 2515 3320 2587 κδ’,
3375 2520 3558 2594 ἡμέρᾳ
3616 2522 3676 2589 ζ’.
3711 2520 3825 2577 Κύ-

2172 2601 2308 2668 κλος
2337 2603 2503 2674 ἡλίου
2569 2605 2650 2679 κγ’
2707 2606 2798 2660 καὶ
2849 2606 3083 2678 σελήνης
3121 2609 3170 2675 ι’,
3220 2607 3399 2683 ἀρχὴν
3434 2608 3698 2687 είληιξὸτα
3722 2611 3823 2678 τήν

2173 2701 2254 2748 κα’
2281 2698 2379 2748 τοῦ
2411 2693 2659 2770 Μαρτίου
2705 2696 2901 2769 μηνὸς,
2961 2703 3061 2767 τῆς
3118 2695 3420 2768 ἐνεστώσης
3480 2704 3560 2771 [Ρ.
3625 2702 3746 2772 1⁸75]
3779 2697 3823 2753 δ’

2178 2779 2540 2845 ἲνδικτιῶνος.
2576 2784 2671 2838 Καὶ
2708 2786 2779 2839 ια’
2840 2782 2959 2847 ἔτος
3016 2792 3117 2855 τῆς
3173 2787 3312 2842 κατὰ
3342 2789 3497 2865 φύσιν
3559 2787 3822 2844 ἐννεακαι-

2177 2868 2557 2946 δεκαετηρίδος
2602 2879 2705 2942 τῆς
2735 2872 2990 2945 σελήνης,
3022 2873 3112 2929 καὶ
3182 2877 3260 2938 »ις’
3316 2879 3415 2945 τῆς
3481 2877 3616 2932 κατά
3661 2878 3822 2953 φύσιν

2178 2959 2858 3035 ὀκτωκαιεικοσαετηρίδος
2886 2967 2988 3018 τοῦ
3015 2962 3208 3033 ἡλίου.
3260 2968 3442 3022 Τοῦτο
3510 2963 3568 3021 δὲ
3621 2967 3683 3021 τὸ
3742 2967 3823 3021 τέο

2174 3069 2368 3124 ταρτον
2400 3049 2590 3129 πάσχα
2619 3049 2760 3106 ἐστὶν
2794 3051 2846 3108 ἐν
2887 3053 2932 3125 ᾧ
2962 3050 3221 3108 πέπονθεν
3276 3054 3410 3129 ὑπὲρ
3467 3057 3626 3128 ἡμῶν
3690 3060 3820 3130 Χρι-

2178 3139 2303 3201 στὸς
2335 3140 2364 3193 ὁ
2393 3138 2653 3210 ἀληθινὸς
2684 3141 2815 3204 Θεὸς
2864 3144 3047 3215 ἡμῶν.
3109 3145 3384 3220 Μαρτυρεῖ
3443 3142 3500 3199 δὲ
3550 3146 3639 3200 καὶ
3694 3146 3826 3199 αὐτὸ

2176 3229 2238 3283 τὸ
2270 3227 2628 3305 Εὐαγγέλιον,
2657 3231 2741 3300 τὸ,
2766 3254 2795 3281 ‹‹
2829 3231 2928 3285 Καὶ
2960 3230 3112 3286 αὐτοὶ
3161 3232 3261 3289 οὐκ
3327 3231 3580 3303 εἰσῆλθον
3635 3233 3710 3295 εἷς
3762 3235 3826 3289 τὸ

2178 3317 2530 3393 πραιτώριον,
2560 3319 2648 3374 ’ἱνα
2681 3321 2757 3392 μή
2806 3325 3125 3393 μιανθῶσιν,
3191 3320 3318 3378 ἀλλ’
3381 3320 3474 3378 ’ίνα
3531 3322 3831 3384 ἀκωλύτως

2175 3410 2245 3481 τῇ
2273 3407 2395 3477 ἑξῆς
2426 3407 2607 3482 ἡμέρᾳ
2636 3409 2847 3485 φάγωσι
2871 3409 2934 3465 τὸ
2990 3410 3198 3486 πάσχα.
3252 3436 3279 3462 ιι
3338 3413 3436 3468 Καὶ
3496 3412 3666 3477 αὖθις·
3701 3438 3727 3464 «
3758 3414 3827 3469 Οἱ

2177 3494 2274 3549 οὗν
2304 3493 2584 3567 Ἰουδαῖοι,
2610 3495 2699 3551 ’ίνα
2732 3500 2807 3569 μή
2844 3497 3002 3572 μείνῃ
3037 3497 3123 3554 ἐπὶ
3179 3504 3277 3555 τοῦ
3334 3506 3567 3575 σταυροῦ
3594 3502 3662 3557 τὰ
3726 3503 3829 3557 σώ-

2179 3604 2322 3656 ματα
2351 3583 2403 3639 ἐν
2439 3590 2519 3658 τῷ
2576 3580 2868 3659 Σαϐϐάτῳ,
2927 3588 3040 3643 ἐπεὶ
3095 3591 3406 3665 παρασκευή
3458 3591 3524 3660 ἦν
3580 3592 3667 3662 (ἦν
3720 3592 3828 3667 γὰρ

2179 3675 2389 3751 μεγάλη
2444 3678 2479 3745 ἡ
2542 3675 2723 3750 ἡμέρα
2778 3675 2958 3748 ἐκείνη
3016 3683 3117 3733 τοῦ
3176 3674 3501 3753 Σαϐϐάτου),
3535 3682 3827 3757 ἠρώτησαν

2174 3765 2265 3818 τὸν
2324 3763 2559 3820 ῙΙιλάτον
2612 3762 2708 3819 ’ίνα
2759 3772 3089 3841 κατεαγῶσιν
3146 3768 3320 3823 αὐτῶν
3376 3771 3443 3824 τά
3495 3770 3665 3840 σκέλη
3731 3771 3824 3825 καὶ

2175 3853 2430 3927 ἀρθῶσιν.
2463 3878 2491 3905 ››
2525 3855 2611 3910 Ἐν
2640 3855 2686 3926 ᾧ
2716 3855 2811 3910 οὖν
2837 3860 3015 3931 καιρῷ
3043 3858 3181 3912 κατὰ
3208 3859 3379 3931 σάρκα
3436 3856 3627 3915 ἔπαθεν
3691 3862 3824 3936 ὑπὲρ

2173 3942 2333 4013 ἡμῶν
2371 3943 2400 3996 ὁ
2454 3942 2676 4018 Κύριος,
2735 3944 2799 3999 τὸ
2846 3945 2981 3999 κατά
3028 3946 3198 4018 νόμον
3250 3945 3355 4002 οὐκ
3399 3945 3563 4026 ἔφαγε
3614 3950 3823 4025 πάσχα,

2172 4026 2300 4084 ἀλλ’
2342 4030 2505 4092 αὐτὸς
2536 4030 2667 4100 ὑπὲρ
2698 4034 2861 4105 ἡμῶν
2889 4031 3074 4104 ἐτύθη.
3107 4035 3228 4092 Ὀτι
3261 4033 3319 4091 δὲ
3360 4037 3422 4092 οὐ
3452 4039 3589 4093 κατὰ
3617 4041 3718 4108 τήν
3762 4036 3826 4094 ιδ’

2172 4117 2452 4173 ἐπετέλεσε
2480 4119 2544 4174 τὸ
2583 4119 2794 4195 πάσχα,
2853 4118 3000 4176 ἀλολά
3050 4124 3158 4198 πρὸ
3212 4125 3408 4179 τούτου
3464 4127 3526 4181 τὸ
3568 4128 3826 4198 μυστικὸν

2170 4205 2378 4263 ἐτέλεσε
2408 4205 2646 4277 δεῖπνον,
2671 4208 2759 4265 ὅτε
2784 4210 2872 4266 καὶ
2903 4212 2932 4265 ὁ
2977 4213 3243 4288 ἁγιασμὸς
3299 4218 3409 4270 τῶν
3474 4215 3697 4288 ἀζύμων
3734 4217 3823 4273 καὶ

2169 4299 2203 4366 ἡ
2238 4299 2637 4371 προετοιμασία
2664 4306 2763 4369 τῆς
2820 4300 3015 4376 ἑορτῆς
3066 4300 3293 4378 ἐγίνετο,
3347 4304 3651 4379 εὑρίσκεται
3707 4311 3825 4367 τοῖς

2172 4390 2443 4457 μαθηταῖς
2477 4383 2799 4458 μεταδιδοὺς
2827 4386 2887 4443 ού
2919 4387 3159 4462 θύματος
3215 4388 3340 4447 οἰ)δέ
3397 4393 3646 4467 ἀζύμων,
3695 4392 3823 4449 ἀλλ’

2170 4471 2333 4550 ἄρτου
2362 4474 2451 4529 καὶ
2491 4475 2778 4550 ποτηρίου.

2240 4744 2306 4801 Οἳ
2339 4741 2396 4798 δὲ
2423 4745 2523 4813 τὴν
2553 4741 2800 4818 γέννησιν
2856 4750 2954 4802 τοῦ
3011 4752 3255 4822 Χριστοῦ
3294 4749 3687 4827 ἀναγράφοντες
3745 4752 3822 4815 εἰς

2166 4831 2230 4887 τὸ
2259 4834 2355 4911 ,εφ’
2387 4827 2505 4894 ἔτος
2534 4832 2624 4888 καὶ
2654 4834 2718 4889 τὸ
2757 4837 2928 4898 πάθος
2960 4834 3015 4889 έν
3046 4841 3128 4908 τῷ
3156 4836 3325 4912 ὶεφλγ“
3374 4837 3706 4913 σφάλλουαι,
3742 4843 3819 4913 μή

2168 4923 2266 4990 τὴν
2295 4917 2571 4996 ἀκρίϐειαν
2601 4927 2698 4977 τοῦ
2730 4919 2881 4986 ἔτους
2913 4923 3283 4998 ἐπιστάμενοι.

2242 5013 2386 5065 Κατά
2414 5012 2540 5074 τοὺς
2571 5011 2808 5086 χρόνους
2865 5015 2964 5080 τῆς
3022 5011 3283 5088 ἒνσᾶρκου
3339 5013 3636 5089 ἐπιδημίας
3686 5020 3820 5094 X9:-

2169 5102 2299 5154 στοῦ
2326 5102 2423 5154 τοῦ
2453 5098 2719 5169 ἀληθινοῦ
2777 5104 2913 5155 Θεοῦ
2966 5103 3124 5172 ἡμῶν
3154 5103 3221 5172 ἧν
3252 5125 3334 5166 τις
3379 5104 3666 5180 τοπᾶρχης
3722 5107 3821 5162 τιό-

2166 5187 2307 5250 λεως
2341 5186 2620 5258 Ἐδέσσης,
2703 5190 2931 5263 ὀνόματι
2988 5189 3258 5269 Αὖγαρος.
3327 5191 3673 5266 Διαδοθιίσης
3724 5198 3819 5251 οὖν

1618 5410 1973 5467 XYLANDRI
2013 5411 2100 5465 ET
2139 5407 2355 5462 GOARI
2393 5407 2614 5461 ΝΟΤΑΞ.

423 5487 621 5573 (Cl???)
670 5494 1427 5573 Vocant)‘_eccles_iasticum
1512 5506 1901 5573 excutereret
1951 5499 2066 5573 huc

417 5558 702 5614 adhibere
732 5558 1043 5621 consilium
1082 5567 1311 5639 fuisset,
1345 5572 1550 5642 Itaque
1575 5571 1713 5642 quia
1770 5572 1825 5626 id
1887 5571 2059 5627 nobis

2179 5494 2440 5549 alienum
2474 5494 2782 5551 videbatur
2813 5497 2989 5569 hujus
3024 5497 3159 5566 loci,
3193 5499 3306 5553 vita
3331 5500 3588 5555 auctoris
3610 5500 3819 5557 reddi-

2169 5582 2383 5638 dimus.
2416 5584 2557 5638 XYL.
