4186 6190
298 324 415 385 345
1433 321 1951 388 HISTORIARUN

2063 320 2571 387 OMPENDIUM.
3593 320 3715 389 346

294 461 582 533 πανταχοῦ
619 459 719 527 τῆς
776 462 885 514 τῶν
945 457 1258 532 θαυμασίων
1312 459 1508 535 φήμης
1563 458 1799 532 Χριστοῦ
1854 457 1951 509 τοῦ

2066 455 2357 512 editorum
2390 457 2654 530 undique
2675 475 2877 531 sparsa
2907 460 3169 532 pervenit
3212 460 3369 515 fama
3402 477 3416 525 ;
3448 476 3702 531 quorum

305 551 439 602 Θεοῦ
471 549 660 619 ἡμῶν,
690 546 924 610 ἀκούσας
976 548 1063 603 καὶ
1120 546 1280 609 αὐτὸς
1339 549 1367 603 ὁ
1425 546 1613 623 ῥηθείς
1665 544 1957 618 τοπάρχης

297 636 546 706 ἐξίστατο
579 636 670 690 ἐπὶ
718 636 938 700 τούτοις
993 636 1087 690 καὶ
1136 634 1315 691 ἐπόθει
1367 632 1501 690 ἰδεῖν
1556 635 1649 689 τὸν
1706 631 1956 708 Χριστόν.

296 726 411 781 Ούκ
439 722 679 796 ἠδύνατο
712 722 769 781 δὲ
799 724 889 782 διὰ
913 726 976 781 τὸ
1004 726 1240 789 ἀνιάτως
1291 732 1489 783 νοσεῖν.
1548 725 1748 800 Γράφει
1778 722 1954 777 τοίνυν

300 816 602 887 ἐπιστολὴν
628 818 767 893 πρὸς
800 816 985 886 αὐτὸν,
1026 820 1061 887 ἢ
1096 816 1381 873 ἀπέστειλε
1411 815 1481 872 δι’
1538 815 1788 872 Ἀνανίου
1846 817 1954 869 τῶν

304 905 475 960 αὑτοῦ
504 903 899 980 ταχυδρόμων,
933 907 991 969 ὃς
1052 904 1104 960 ἐν
1167 905 1329 979 πείρᾳ
1384 904 1651 982 ἐτύγχανε
1712 903 1798 957 καὶ
1855 908 1956 971 τῆς

307 1003 669 1076 ζωγραφικῆς
694 996 916 1073 τέχνης.
950 996 1293 1073 Παρήγγειλε
1321 995 1379 1053 δὲ
1408 998 1556 1069 αὐτῷ
1614 997 1642 1051 ὁ
1710 994 1957 1069 Αὕγαρος

298 1081 493 1141 λαϐεῖν
534 1086 587 1141 ἐν
615 1084 789 1141 σανίδι
818 1086 881 1141 τὸ
911 1087 1174 1160 ὁμοίωμα
1201 1090 1302 1152 τῆς
1354 1091 1452 1142 τοῦ
1510 1087 1746 1162 Χριστοῦ
1791 1080 1955 1153 ἰδέας,

289 1180 349 1228 Ἠ
412 1172 476 1229 δὲ
532 1173 800 1244 ἐπιστολή
850 1180 947 1230 τοῦ
1015 1174 1269 1252 Λύγάρου
1326 1176 1463 1231 κατὰ
1518 1177 1678 1250 ἡῆμα
1742 1170 1957 1245 διέξεισι

292 1260 443 1318 τάδε’
483 1288 511 1314 ι(
546 1262 793 1339 Αίὶγαρος
851 1265 1140 1340 τοπάρχης
1195 1265 1412 1327 πόλεως
1470 1261 1727 1334 Ἐδέσσης
1780 1264 1958 1332 Ἰησοῦ

294 1359 522 1427 Σωτῆρι
575 1353 784 1428 ἀγαθῶ,
849 1353 1168 1433 ἁναφανέντι
1209 1354 1261 1409 ἐν
1316 1352 1475 1409 πόλει
1533 1351 1955 1428 Ἰεροσολύμων,

294 1442 531 1520 χαίρειν.
590 1443 888 1500 *Ηκουσταί
951 1464 1044 1515 μοι
1100 1444 1166 1499 τὰ
1220 1443 1343 1518 περὶ
1402 1447 1498 1498 σοῦ
1545 1443 1634 1498 καὶ
1689 1446 1799 1498 τῶν
1847 1445 1954 1495 σῶν

297 1532 549 1604 ἰαμάτων
584 1532 659 1593 ὡς
712 1531 841 1586 ἄνευ
894 1532 1195 1608 φαρμάκων
1230 1532 1332 1588 ὑπό
1362 1554 1459 1587 σου
1503 1529 1826 1608 γινομένωνο
1881 1529 1956 1591 ὡς

294 1621 399 1695 γὰρ
432 1619 628 1695 λόγος,
657 1618 901 1695 τυφλοὺς
932 1617 1260 1677 ἀναϐλέπειν
1291 1627 1489 1689 ποιεῖς,
1548 1618 1773 1697 χωλοὺς
1803 1638 1959 1694 περι-

298 1715 512 1778 πατεῖν,
550 1708 786 1785 λεπροὺς
844 1711 1176 1785 καθαρίζεις,
1234 1712 1321 1765 καὶ
1353 1712 1630 1786 ἂκάθαρτα
1676 1708 1956 1781 πνεύματα

2065 544 2460 603 admiratione
2491 549 2795 620 perculsus
2824 551 3119 605 Christum
3178 549 3373 605 videre
3407 551 3709 607 desidera-

2066 636 2164 690 vit.
2188 637 2352 700 Quod
2381 654 2456 692 ne
2490 638 3002 703 fleret,insanabili
3026 640 3230 694 morbo
3254 640 3710 711 impediebatur.

2067 726 2269 797 Itaque
2300 726 2374 783 ad
2405 744 2539 783 eum
2561 729 2744 784 mittit
2789 729 3098 801 epistolam
3133 746 3240 801 per
3263 745 3447 785 unum
3478 730 3552 785 de
3584 732 3708 786 suis

2065 817 2406 873 cursoribus
2438 818 3348 892 Ananiamnomine,eique(nam
3379 826 3439 875 et
3466 821 3706 893 pingere

2065 907 2261 977 norat)
2290 906 2533 962 mandat
2562 912 2627 962 ut
2663 908 2878 962 Christi
2910 909 3165 964 formam
3186 910 3246 964 in
3268 909 3467 965 tabula
3495 910 3708 981 depin-

2064 995 2527 1067 geret.Epistolw
2550 996 2887 1069 exemplum
2916 998 3070 1053 infra
3101 999 3384 1069 scriptum
3409 1004 3499 1053 est
3523 1016 3534 1054 :
3561 1002 3711 1053 «Au-

2063 1099 2238 1155 garus
2270 1084 2506 1155 regulus
2534 1084 2766 1140 Edessa:
2796 1087 2964 1141 urbis
2991 1088 3127 1142 Jesu
3167 1087 3455 1142 Servatori
3525 1087 3706 1155 bono,

2065 1173 2369 1227 exsistenti
2412 1174 2471 1228 in
2516 1173 2660 1229 urbe
2694 1175 3116 1244 Hierosolyma,
3149 1175 3419 1231 salutem.
3446 1176 3705 1232 Allatum

2065 1262 2139 1319 ad
2165 1280 2259 1318 me
2300 1269 2388 1317 est
2412 1270 2466 1319 te
2497 1264 2624 1318 sine
2647 1264 3099 1319 medicamentis
3124 1265 3361 1320 morbos
3382 1265 3706 1337 depellere:

2066 1356 2253 1409 fertur
2273 1354 2433 1409 enim
2460 1354 2564 1409 abs
2595 1359 2649 1409 te
2682 1356 2855 1409 caecis
2876 1355 3086 1421 visum,
3114 1354 3341 1411 claudis
3373 1356 3706 1428 ingressum

2065 1444 2592 1516 restitui,leprosos
2621 1445 2950 1517 repurgari,
2971 1444 3286 1514 verbisque
3310 1445 3425 1499 tuis
3456 1445 3715 1500 immun-

2064 1534 2171 1590 dos
2203 1534 2446 1606 spiritus
2498 1533 2675 1605 abigi,
2708 1551 2810 1589 eos
2840 1534 2940 1604 qui
2989 1534 3288 1590 diuturnis
3337 1534 3561 1590 morbis
3591 1539 3710 1589 tor-

2065 1629 2322 1694 quentur
2347 1624 2838 1696 sanari,mortuos
2868 1626 2927 1679 in
2958 1625 3140 1681 vitam
3174 1625 3454 1681 revocari.
3488 1625 3709 1690 Quibus

2064 1713 2218 1767 ϐω)
2250 1713 2526 1768 omnibus
2555 1713 2628 1768 de
2660 1719 2716 1767 te
2745 1714 2964 1769 auditis
2996 1714 3055 1769 in
3087 1730 3216 1769 eam
3250 1715 3381 1768 veni
3412 1714 3714 1786 cogitatio-

301 1795 457 1872 λόγῳ
485 1795 832 1867 ἀπελαύνεις,
865 1798 955 1853 καὶ
986 1796 1112 1860 τοὺς
1169 1798 1221 1853 ἐν
1292 1796 1624 1874 μακρονοσίᾳ
1665 1798 1951 1873 βασανιζο-

2064 1808 2288 1865 nem,te
2312 1803 2492 1857 Deum
2526 1817 2654 1857 esse
2686 1803 2951 1874 caeloque
2982 1802 3321 1876 degressum
3354 1803 3463 1858 ista
3494 1804 3709 1875 facere,

304 1888 499 1959 μὲνους
585 1886 902 1961 θεραπεύεις
985 1890 1074 1941 καὶ
1157 1888 1375 1959 νεκροὺς
1456 1885 1721 1962 ἐγείρεις.
1780 1882 1960 1942 Ταῦτα

294 1977 478 2031 πάντα
508 1974 745 2038 ἀκούσας
774 1975 900 2050 περὶ
938 1973 1034 2031 σοῦ
1063 1977 1202 2032 κατὰ
1257 1980 1381 2030 νοῦν
1438 1974 1635 2048 ἰθέμην
1694 1974 1776 2030 ὅτι
1833 1974 1962 2035 Θεὸς

300 2064 349 2118 εἷ
373 2064 464 2118 καί
496 2058 737 2126 καταϐὰς
770 2062 821 2134 ἐξ
865 2064 1096 2139 ούρανοῦ
1151 2067 1320 2118 ταῦτα
1375 2069 1577 2135 ποιεῖς,
1632 2060 1668 2131 ἤ
1732 2063 1857 2125 Υἱὸς
1912 2063 1961 2116 εἴ

303 2157 399 2208 τοῦ
461 2156 621 2219 Θεοῦ,
678 2157 853 2207 ποιῶν
912 2157 1099 2213 ταῦτα,
1154 2154 1251 2209 Διά
1302 2157 1468 2208 ταῦτα
1521 2153 1704 2208 τοίνυν
1747 2151 1957 2226 γράψας

303 2238 536 2311 ἐδεήθην
575 2243 681 2306 τῆς
712 2245 812 2307 σῆς
848 2242 1039 2318 ἰσχύος
1065 2242 1151 2296 καὶ
1186 2243 1523 2320 ἀγαθότητός
1554 2239 1821 2310 σκυλῆναι
1869 2240 1958 2294 καὶ

300 2328 479 2394 ἐλθεῖν
513 2329 652 2405 πρός
690 2351 777 2403 με,
801 2329 891 2386 ’ίνα
919 2333 983 2387 τὸ
1014 2332 1187 2396 πάθος
1216 2332 1245 2386 ὅ
1284 2327 1400 2409 ἔχω
1459 2330 1807 2407 θεραπεύσῃς.
1857 2327 1959 2384 Καὶ

290 2420 401 2493 γὰρ
432 2418 650 2488 ἥκουσα
679 2419 767 2473 ’ὁτι
815 2419 905 2474 καὶ
939 2420 993 2474 οὶ
1025 2417 1281 2477 Ἰουδαῖοι
1338 2420 1809 2497 καταγογγύζουσί
1864 2438 1960 2473 σου

301 2507 391 2560 καί
426 2505 732 2581 βούλονται
765 2508 1008 2563 κακῶσαί
1037 2528 1115 2564 σε.
1150 2507 1321 2571 Πόλις
1353 2504 1411 2563 δέ
1446 2507 1540 2581 μοί
1589 2506 1698 2561 ἐστι
1732 2525 1960 2579 σμικρο-

304 2593 464 2665 τάτη,
529 2597 616 2669 [Ρ.
680 2598 803 2672 176]
885 2599 1010 2668 ἣτις
1064 2596 1330 2673 ἐξαρκέσει
1412 2595 1742 2676 ἀμφοτέροις
1799 2598 1960 2669 ἡμῖν.

2064 1898 2165 1947 aut
2196 1891 2409 1946 Filium
2428 1907 2557 1946 esse
2588 1891 2818 1962 Dei,qui
2847 1891 2959 1946 ista
2989 1896 3252 1963 prarstes.
3276 1893 3480 1961 Itaque
3510 1892 3709 1946 missis

2065 1980 2280 2036 litteris
2328 1979 2483 2036 volui
2538 1981 2649 2035 hoc
2693 1980 2799 2036 abs
2854 1987 2957 2036 tua
3012 1985 3304 2053 potestate
3356 1987 3411 2035 et
3442 1980 3705 2034 bonitale

2065 2069 2444 2137 contendere,
2482 2069 2564 2123 uti
2598 2068 2671 2124 ad
2702 2085 2797 2123 me
2828 2068 3204 2140 proﬁciscare
3234 2084 3301 2123 ac
3349 2085 3443 2123 me
3501 2068 3706 2123 morbo

2065 2175 2197 2213 meo
2230 2159 2465 2213 Iibeies.
2490 2159 2632 2213 Nam
2658 2164 2716 2213 et
2745 2158 2854 2212 hoc
2886 2158 3029 2212 mihi
3087 2158 3427 2213 nuntiatum
3479 2163 3567 2212 est
3611 2159 3710 2212 Ju-

2064 2248 2224 2303 daeos
2256 2247 2362 2303 tibi
2389 2248 2629 2318 obloqui
2660 2248 2992 2303 acinsidias
3016 2248 3358 2303 tendere.At
3390 2247 3535 2301 mihi
3566 2247 3707 2301 urbs

2066 2342 2175 2403 est,
2206 2353 2549 2407 quanquam
2593 2337 2933 2409 perexigua,
2995 2342 3195 2392 tamen
3253 2336 3541 2391 ambobus
3590 2336 3710 2391 suf-

2064 2426 2313 2482 fectura.
2371 2424 2536 2481 Vale.
2592 2447 2619 2475 »
2677 2429 2892 2480 Cursor
2961 2425 3367 2496 Hierosolyma
3406 2424 3706 2496 profectus

2067 2516 2297 2570 Christo
2329 2514 2640 2586 epistolam
2673 2515 2938 2569 exhibuit
2961 2530 2974 2579 ;
2996 2530 3251 2584 eumque
3282 2514 3599 2584 diligenter
3617 2518 3708 2566 at-

2068 2603 2245 2658 tentis
2276 2603 2709 2674 contemplatus
2740 2602 3089 2671 oculis,cum
3108 2618 3143 2657 a
3170 2602 3508 2657 confluente
3536 2600 3703 2656 turba

310 2686 587 2758 Ἕρῥωσο.
650 2687 771 2743 r'O
813 2683 870 2741 δὲ
922 2684 1282 2764 ταχυδρόμος
1338 2686 1589 2742 ἀπελθὼν
1658 2685 1710 2740 ἐν
1763 2687 1951 2761 ’Ῑερου-

2066 2692 2310 2763 propius
2347 2698 2542 2747 astare
2574 2708 2691 2746 non
2731 2692 3049 2756 sineretur,
3084 2692 3142 2746 in
3175 2707 3381 2746 saxum
3408 2689 3707 2762 quoddam

310 2773 524 2845 σολῆμ,
557 2773 651 2829 καὶ
683 2771 811 2839 δοὺς
838 2780 921 2848 τῷ
960 2775 1150 2850 Κυρίῳ
1175 2778 1276 2845 τὴν
1310 2773 1633 2846 ἑπιστολὴν,
1674 2774 1743 2844 ἦν
1774 2772 1951 2847 ἐπιμε-

2067 2780 2372 2852 paululum
2405 2797 2583 2852 supra
2611 2787 2827 2835 terram
2859 2780 3131 2835 eminens
3187 2779 3474 2846 consedit,
3504 2780 3708 2850 ibique

310 2861 418 2924 λῶς
451 2863 711 2932 ἀτενίζων
741 2863 914 2937 αὐτῷ,
947 2867 1022 2938 μή
1057 2863 1356 2939 δυνάμενος
1387 2863 1446 2920 Si
1502 2862 1743 2935 πλησίον
1800 2860 1951 2917 αὺτοῐ

2070 2871 2267 2925 statim
2300 2870 2504 2926 oculos
2533 2870 2787 2938 Christo,
2818 2885 3063 2924 manum
3085 2869 3305 2924 charta)
3334 2868 3612 2935 intendit,
3644 2874 3711 2923 ut

292 2961 487 3023 στῆναι
537 2951 629 3009 διὰ
688 2955 751 3009 τὸ
806 2952 1099 3031 συρρεῦσαν
1154 2962 1393 3026 πλῆθος,
1448 2954 1535 3010 ἐπί
1586 2975 1706 3010 τινα
1764 2954 1951 3028 πέτραι

2070 2959 2412 3030 apparentis
2442 2959 2641 3031 θεοῖ-αι
2698 2958 2953 3031 elﬁgiem
2986 2957 3353 3030 depingeret.
3390 2959 3601 3012 Verum
3658 2958 3706 3011 is

307 3044 503 3118 μικρὸν
533 3050 636 3112 τῆς
685 3050 790 3118 γῆς
847 3044 1201 3114 ἀνεστηκυῖαν
1262 3039 1463 3107 ἀναϐᾶς
1522 3044 1806 3114 ἐκαθέσθη,
1873 3058 1951 3096 κα

2071 3052 2321 3102 conatus
2350 3046 2569 3102 frustra
2600 3045 2732 3114 fuit,
2756 3046 3004 3101 Domino
3032 3044 3283 3101 subinde
3322 3044 3545 3100 vultum
3579 3060 3711 3099 mu-

288 3133 447 3195 εύθῦς
482 3131 671 3205 ἐκείνῳ
705 3133 799 3205 μὲν
831 3131 959 3196 τοῦς
1019 3132 1365 3210 ὀφθαλμοὺς,
1396 3139 1477 3207 τῷ
1546 3131 1603 3189 δὲ
1642 3137 1821 3214 χάρτῃ
1857 3137 1951 3206 τήν

360 3227 381 3237 -
660 3224 672 3238 .
767 3219 792 3238 κ
947 3223 962 3238 .
1068 3224 1081 3238 ς
1246 3228 1269 3238 ..
1522 3218 1545 3238 ,1
1804 3231 1811 3238 .

2071 3135 2371 3192 tante.Sed
2399 3135 2687 3204 Christus,
2705 3135 2797 3190 cui
2830 3135 3073 3190 occultzr
3102 3133 3298 3189 cordis
3326 3133 3711 3206 cogitationes

292 3227 451 3296 χεῖρα
489 3219 840 3297 προσήρειδε,
874 3223 965 3277 καὶ
1021 3224 1122 3293 τήν
1175 3228 1274 3279 τοῦ
1313 3218 1639 3299 φαινομένου
1695 3231 1954 3300 μετέγρα-

292 3330 383 3388 φεν
408 3311 740 3383 ὁμοιότητα.
778 3311 873 3366 Καὶ
902 3309 1165 3386 οὐδαμῶς
1212 3310 1452 3383 ἠδύνατο
1491 3312 1653 3368 αὐτὸν
1710 3312 1954 3370 καταλα-

290 3393 401 3453 ϐεῖν
451 3396 544 3454 διὰ
600 3402 662 3456 τὸ
721 3400 877 3473 ἑτέρᾳ
926 3401 1015 3456 καὶ
1070 3401 1225 3476 ἑτέρᾳ
1276 3396 1396 3476 ὄψει
1428 3403 1729 3479 φαίνεσθαι.
1783 3407 1839 3455 ’0
1896 3400 1954 3458 δὲ

290 3489 514 3562 Κάριος,
554 3488 630 3550 ὡς
672 3490 766 3544 ἅτε
789 3490 1037 3568 κρυφίων
1060 3491 1315 3566 γνὼσεων
1365 3492 1454 3545 καὶ
1509 3488 1747 3564 καρδιῶν
1776 3491 1953 3565 ἕξετα-

292 3578 443 3647 στὴς,
482 3578 649 3651 γνοὺς
690 3580 791 3647 τήν
824 3577 1115 3652 ἐνθύμησιν
1174 3578 1344 3635 αὐτοῦ
1405 3580 1798 3653 μετεκαλέσατο
1856 3581 1953 3636 αύ-

293 3666 409 3731 τὸν,
442 3664 534 3720 καὶ
564 3667 807 3736 ζητήσας
866 3666 1119 3741 νίψασθαι
1179 3666 1407 3740 ἐπεδόθη
1469 3669 1617 3741 αὐτῷ
1647 3668 1810 3745 ῥάκος
1864 3692 1952 3726 τε·

285 3750 594 3828 τριάδι-πλον
638 3754 776 3827 μετᾶ
803 3756 866 3809 τὸ
899 3756 1176 3829 νίψασθαι,
1216 3755 1270 3811 ἐν
1302 3757 1347 3828 ᾧ
1375 3758 1465 3811 καὶ
1496 3756 1807 3830 ἀπεμάξατο
1848 3760 1946 3827 τὴν

294 3837 575 3916 ἄχραντον
604 3841 696 3896 καὶ
728 3842 874 3905 θείαν
905 3843 1077 3898 αὐτοῦ
1108 3839 1254 3917 ὄψιν.
1289 3845 1393 3900 Καὶ
1424 3839 1468 3898 ὤ
1496 3848 1593 3900 τοῦ
1628 3845 1900 3919 θαύματος
1933 3849 1944 3903 l

297 3931 572 4004 παρευθῦς
604 3928 918 4002 ἐνετυπὼθη
975 3939 1076 4002 τῆς
1125 3931 1288 3987 αὐτοῦ
1346 3939 1560 4011 μορφῆς
1613 3933 1676 3988 τὸ
1730 3934 1948 3990 ἀπεικό-

283 4041 457 4092 νισμα
514 4018 573 4073 ἐν
632 4024 700 4094 τῇ
761 4017 984 4091 σινδόνι,
1043 4019 1110 4090 ἦν
1162 4023 1253 4076 καὶ
1300 4021 1547 4077 ἀπέδωκε
1596 4027 1675 4093 τῷ
1733 4024 1948 4098 Ἀνανίᾳ

291 4110 484 4164 εἰπών·
521 4138 547 4159 α
579 4109 835 4181 Ἀπελθε,
868 4110 959 4165 καὶ
990 4109 1193 4173 ἀπόδος
1222 4112 1389 4180 αὐτὴν
1420 4118 1500 4185 τῷ
1564 4112 1946 4170 ἀποστείλαντί

286 4220 361 4255 σε.
402 4225 429 4249 ι»
464 4199 808 4275 Ἀντέγραψε
840 4197 897 4254 δὲ
937 4200 964 4255 ὁ
997 4201 1197 4276 Κύριος
1227 4202 1316 4256 καὶ
1348 4200 1645 4271 ἐπιστολήν
1687 4204 1821 4277 πρὸς
1852 4205 1942 4260 τὸν

287 4289 360 4344 Ar
442 4308 463 4321 .
597 4286 683 4324 ιδ
723 4286 813 4342 λιν
900 4310 922 4323 ρ
962 4287 1003 4321 αα
1259 4291 1288 4325 ιν
1329 4295 1357 4307 ~
1407 4309 1420 4321 .
1681 4292 1692 4309 ο
1898 4295 1924 4313 ν

338 4308 556 4363 λῇτον,
596 4321 683 4342 ε...
766 4309 920 4359 agam.
962 4290 1194 4345 δήουσαν
1227 4311 1399 4353 οπως
1448 4317 1477 4343 ‹‹
1539 4293 1817 4368 Μακάριος
1871 4315 1942 4364 ει,

290 4377 531 4453 Αῦγαρε,
567 4378 855 4441 πιστεύσας
881 4379 932 4435 ἐν
962 4378 1087 4455 ἐμοὶ
1130 4383 1207 4456 μή
1267 4383 1520 4457 ἑωρακώς
1578 4404 1664 4455 με.
1734 4390 1769 4438 Γ
1774 4383 1944 4460 ἐγρα-

288 4488 414 4522 πται
442 4468 549 4544 γὰρ
582 4469 707 4542 περὶ
735 4467 896 4541 ἐμοῦ,
923 4470 1051 4533 τοὺς
1095 4471 1403 4546 ἑωρακότας
1439 4493 1506 4544 με
1567 4473 1641 4545 μή
1675 4473 1941 4529 πιστεύειν

2068 3225 2390 3297 explorata:
2417 3225 2944 3296 essent,proposito
2976 3223 3162 3295 ipsius
3194 3222 3495 3278 intellecto
3527 3222 3713 3277 homi-

2064 3330 2199 3369 nem
2231 3314 2305 3369 ad
2333 3331 2395 3369 se
2454 3314 2721 3380 vocavit;
2773 3330 2841 3369 ac
2891 3313 3086 3368 lavare
3143 3312 3354 3367 faciem
3409 3326 3707 3381 quaerens,

2062 3410 2377 3476 postquam
2408 3403 2784 3469 abluisset,in
2824 3419 3087 3475 pannum
3111 3400 3563 3473 quadruplicem
3590 3398 3704 3455 sibi

2063 3492 2325 3548 oblatum
2350 3492 2561 3547 divinm
2597 3509 2717 3547 sua:
2749 3497 2807 3546 et
2832 3490 3228 3546 immaculata
3250 3490 3420 3545 faciei
3455 3489 3700 3544 simula-

2060 3598 2224 3637 crum
2258 3580 2517 3635 maximo
2542 3580 2830 3635 miraculo
2858 3580 3179 3651 impressit.
3212 3581 3354 3634 Eam
3387 3578 3702 3634 sindonem

2060 3670 2305 3725 Anania)
2337 3670 2597 3735 tradidit,
2632 3668 2920 3723 mandans
2944 3674 3007 3723 ut
3038 3668 3280 3723 domino
3303 3685 3409 3722 suo
3441 3668 3699 3737 afferret,

2058 3779 2126 3817 ac
2149 3777 2267 3815 una
2297 3759 2631 3831 epistolam,
2658 3776 2834 3829 quam
2896 3759 2954 3813 in
2988 3760 3111 3812 hmo
3143 3758 3317 3812 verba
3346 3758 3651 3828 rescripsit
3681 3774 3696 3815 :

2057 3873 2087 3901 «
2114 3852 2330 3905 Beatus
2360 3865 2444 3914 es,
2478 3851 2729 3918 Augare,
2771 3848 2871 3919 qui
2904 3846 3047 3901 mihi
3082 3862 3201 3900 non
3236 3846 3353 3900 viso
3386 3845 3562 3900 tidem
3593 3846 3702 3899 ha-

2058 3939 2258 3994 buisti.
2292 3938 2385 3993 Sic
2417 3936 2575 3992 enim
2607 3936 2678 3991 de
2731 3952 2826 3990 me
2876 3934 3110 3989 Litteris
3142 3933 3421 3988 traditum
3452 3939 3561 3994 est,
3597 3949 3699 3987 eos

2056 4030 2158 4100 qui
2189 4045 2284 4084 me
2306 4027 2562 4092 videant,
2599 4024 2775 4081 tidem
2808 4024 2955 4079 mihi
2986 4040 3105 4079 non
3138 4023 3464 4088 habituros,
3491 4038 3696 4077 verum

2056 4136 2157 4175 eos
2178 4118 2333 4174 8l0
2354 4117 2455 4188 qui
2488 4132 2583 4171 me
2613 4131 2732 4169 non
2768 4114 3072 4181 vidissent,
3135 4112 3309 4168 fidem
3344 4112 3485 4168 mihi
3518 4118 3696 4181 atque

2054 4209 2230 4262 vitam
2262 4205 2587 4262 habituros.
2620 4203 2785 4269 Quod
2815 4204 2967 4276 petis
2995 4209 3059 4258 ut
3083 4203 3155 4259 ad
3177 4209 3235 4257 te
3262 4203 3519 4268 veniam,
3549 4198 3695 4255 mihi

2054 4300 2256 4353 omnia
2285 4297 2643 4352 absolvenda
2692 4301 2829 4351 sunt
2868 4314 2938 4351 ea
2966 4312 3219 4367 quorum
3263 4296 3450 4367 gratia
3476 4296 3694 4349 missus

2055 4406 2206 4455 sum,
2240 4389 2430 4458 iisque
2462 4387 2746 4442 confectis
2778 4385 3144 4441 redeundum
3176 4385 3250 4441 ad
3299 4387 3557 4450 Patrem,
3593 4383 3694 4455 qui

2054 4478 2318 4534 miserat.
2348 4479 2427 4531 Eo
2459 4476 2612 4531 facto
2645 4475 2875 4530 mittam
2906 4475 2978 4529 ad
3013 4481 3066 4530 te
3090 4491 3277 4530 unum
3300 4490 3569 4529 meorum
3612 4473 3702 4529 di-

292 4557 341 4610 ἐν
384 4557 532 4630 ἐμοί·
572 4559 625 4613 οἱ
655 4556 714 4613 δὲ
774 4561 850 4630 μή
908 4559 1207 4635 ἑωρακότες
1276 4582 1341 4633 με
1396 4560 1550 4617 αὐτοὶ
1635 4562 1945 4619 πιστεύουσι

2061 4565 2448 4639 scipulorum,
2481 4564 2723 4620 nomine
2766 4564 3164 4620 Tbaddaaum:
3212 4565 3260 4619 is
3292 4570 3348 4618 et
3404 4564 3612 4619 morbo
3647 4569 3701 4617 te

291 4648 379 4700 καὶ
415 4648 700 4716 ζήσονται.
734 4648 865 4722 Περὶ
905 4645 961 4702 δὶ
1012 4649 1075 4702 οῦ
1130 4644 1363 4722 ἔγραψάς
1423 4671 1519 4722 μοι
1578 4649 1753 4715 ἐλθεῖν
1813 4654 1949 4727 πρός

295 4754 370 4803 σε,
398 4732 521 4788 δέον
553 4732 665 4789 ἐστὶ
708 4734 883 4789 πάντα
946 4733 1241 4810 πληρῶσαί
1294 4757 1359 4806 με
1417 4735 1487 4790 δι’
1525 4734 1561 4791 ἄ
1612 4737 1944 4807 ἄπεστάλην,

292 4823 383 4876 καί
441 4821 581 4896 μετὰ
624 4822 688 4876 τὸ
740 4826 1026 4895 πληρῶςαι
1084 4822 1466 4897 ἁναληφθῆναί
1524 4846 1589 4897 με
1652 4826 1789 4902 πρὸς
1855 4829 1947 4883 τὸν

292 4910 697 4966 ἀποστείλαντά
757 4931 824 4981 με
870 4911 1100 4987 Πατέρα.
1170 4910 1424 4969 Ἐπειδὰν
1483 4911 1540 4969 δὲ
1623 4916 1944 4993 ἀναληφθῶ,

292 4997 616 5054 ἀποστείλω
649 5019 732 5053 σοι
761 4996 854 5054 ἕνα
882 5005 991 5055 τῶι
1027 5002 1285 5074 μαθητῶν
1349 5024 1475 5073 μου,
1513 5002 1740 5077 ὀνόματι
1805 5004 1946 5061 Θαδ-

290 5085 469 5155 δαῖον,
503 5088 654 5149 ’ὀστις
682 5087 773 5142 καὶ
814 5088 877 5143 τὸ
907 5089 1080 5150 πάθος
1136 5111 1231 5145 σου
1289 5093 1601 5166 θεραπεύσει
1652 5094 1743 5148 καὶ
1797 5097 1944 5165 ζωὴν

290 5177 517 5232 αἰώνιον
550 5179 641 5231 καὶ
676 5176 900 5253 εἰρήνην
933 5199 1019 5234 σοι
1048 5180 1334 5255 παράσχῃ,
1373 5182 1463 5236 καὶ
1518 5185 1588 5255 τῇ
1647 5183 1809 5240 πόλει
1849 5204 1944 5241 σου

290 5264 674 5337 γενήσεταιτί)
734 5266 911 5321 ἰκανὸν
963 5267 1098 5340 πρὸς
1164 5268 1226 5323 τὸ
1287 5266 1495 5340 μηδένα
1543 5275 1650 5326 τῶν
1731 5271 1945 5348 ἐχθρῶν

293 5356 625 5431 κατισχῦσαι
656 5351 842 5423 αὐτῆς.
878 5378 908 5407 ››
940 5356 1175 5418 Ἐπιθεὶς
1204 5355 1257 5412 ἐν
1288 5362 1368 5430 τῷ
1422 5357 1570 5414 τὲλει
1627 5361 1717 5415 καὶ
1773 5382 1946 5439 σφρα-

294 5441 422 5520 γῖδα
466 5444 786 5518 γράμμασιν
844 5441 1155 5521 Ἐϐραῖκοῖς
1219 5446 1639 5522 ἐνσημανθεῦαν
1701 5453 1859 5523 ἑπτα,
1916 5451 1950 5509 ὀί

293 5552 415 5587 τινα
463 5534 977 5609 μεθερμηνευόμενα
1034 5542 1201 5592 ταῦτα
1262 5533 1515 5609 δηλοῦσι,
1570 5544 1706 5596 Θεοῦ
1764 5542 1947 5607 θεαθὲν

303 5626 487 5694 θαῦμα
535 5628 705 5685 θεῖον.
764 5625 825 5681 Ὀ
881 5622 939 5679 δὲ
992 5626 1281 5702 τοπάρχης
1359 5629 1597 5704 Ᾱῧγαρος
1661 5626 1949 5705 δεξάμενος

298 5715 621 5785 περιχαρῶς
682 5712 772 5767 τὸν
826 5715 1099 5785 Ἀνανίαν,
1156 5715 1336 5771 πεσὼν
1412 5719 1780 5790 προσεκύνησε
1846 5723 1949 5791 τήν

2059 4655 2248 4711 solvet
2275 4660 2332 4710 et
2388 4655 2566 4709 vitam
2615 4660 2899 4709 aeternam
2952 4669 3277 4725 pacemque
3331 4653 3439 4707 tibi
3497 4660 3554 4707 et
3590 4652 3703 4705 tuis

2056 4743 2628 4816 praebebit,urbsque
2655 4749 2754 4797 tua
2782 4742 2855 4798 ab
2877 4743 3156 4798 omnibus
3188 4742 3455 4797 hostibus
3490 4746 3614 4794 tuta
3642 4744 3702 4794 et

2055 4833 2273 4888 invicta
2303 4833 2424 4888 fiet.
2444 4854 2471 4881 ››
2501 4834 2565 4887 In
2595 4833 2712 4887 ﬁne
2737 4833 2996 4903 sigillum
3014 4832 3439 4904 posuitlitteris
3472 4834 3698 4899 septem

2059 4922 2358 4978 Hebraicis
2379 4928 2647 4977 notatum
2674 4939 2687 4989 ;
2713 4938 2964 4993 quarum
2988 4938 3198 4977 sensus
3215 4926 3305 4975 est
3326 4936 3339 4974 :
3364 4920 3465 4974 Dei
3481 4922 3702 4989 specta.

2058 5019 2184 5068 tum
2207 5013 2469 5067 divinum
2495 5013 2868 5068 miraculum.
2894 5015 3162 5083 Augarus
3192 5016 3429 5081 recepto
3486 5024 3703 5080 magna

2057 5120 2192 5158 cum
2220 5102 2426 5157 laetitia
2454 5102 2762 5157 tabellario
2793 5117 3017 5173 pronus
3037 5099 3702 5169 concidit,divinamque

2058 5191 2324 5248 adoravit
2356 5191 2674 5259 imaginem
2706 5206 2921 5262 magna
2950 5206 3086 5244 cum
3118 5187 3232 5244 {Ide
3265 5193 3324 5243 et
3352 5187 3648 5243 desiderio
3688 5204 3701 5255 ;

2058 5282 2377 5352 statimque
2410 5280 2631 5335 morbis
2662 5280 2784 5334 suis
2806 5279 3091 5334 liberatus
3108 5277 3448 5349 est,exiguis
3478 5278 3539 5333 in
3559 5278 3707 5333 facie

2056 5370 2509 5426 remanentibus
2530 5369 2721 5426 adhuc
2754 5368 3042 5440 reliquiis.
3063 5367 3295 5423 Etenim
3313 5368 3544 5423 duobus
3557 5384 3709 5423 mor-

2058 5457 2150 5513 bis
2178 5458 2373 5514 fuerat
2402 5457 3198 5526 conﬂictatus,articulorum
3222 5457 3451 5513 scilicet
3480 5458 3707 5513 diutur-

2060 5547 2153 5601 nis
2175 5546 2480 5603 doloribus
2509 5565 2577 5605 ac
2623 5549 2789 5621 lepra
2819 5547 3008 5621 nigra,
3043 5564 3174 5619 qum
3207 5564 3422 5621 corpus
3453 5547 3580 5619 ejus
3603 5547 3706 5602 de-

2060 5652 2313 5708 pascens
2363 5638 2511 5694 adeo
2567 5639 2999 5694 deformaverat
3054 5645 3123 5694 ut
3177 5656 3298 5711 pra;
3356 5640 3582 5711 pudore
3612 5640 3705 5692 vix

2061 5742 2327 5797 unquam
2355 5744 2416 5782 se
2448 5728 2813 5784 cernendum
2836 5729 3181 5786 hominibus
3212 5729 3520 5801 praeberet.

4136 5792 4145 6131 J
