4188 6196
376 393 494 456 349

1513 384 2051 448 HISTORIARUM
2097 377 2664 444 COMPENDIUM.

3670 364 3791 424 380

379 522 587 581 διὸκαὶ
617 523 792 599 εὗρον.
853 521 1010 602 ἐγγὺς
1067 521 1169 598 γὰρ
1239 518 1434 596 Κύριος
1487 522 1618 574 πᾶσι
1669 523 1786 579 τοῖς
1843 514 2028 572 ἐπικα-

2146 521 2237 572 set
2266 519 2524 571 acturus.
2556 511 2878 583 Episcopus
2908 506 3202 561 immensa
3255 502 3520 574 repletus
3564 500 3792 568 latitia,

381 612 676 686 λουμένοις
710 611 873 668 αὐτὸν
919 611 970 668 ἐν
1028 610 1279 681 ἀλησείᾷ,
1326 608 1465 665 κατὰ
1512 607 1603 664 τὸν
1649 607 1792 662 θεῖον
1847 601 2033 662 Δαϐίδ.

381 703 636 761 Φαίνεται
705 701 810 776 γὰρ
866 701 1001 756 εἶναι
1068 696 1158 755 διὰ
1212 701 1310 769 τῆς
1359 698 1549 760 νυκτὸς
1631 694 1890 769 Εὖλαλίῳ
1955 699 2036 768 τῷ

381 792 667 864 ἓπισκόπῳ
700 792 838 868 γυνή
889 811 975 854 τις
1031 787 1300 858 εὐσταλής
1354 787 1444 842 καὶ
1498 784 1722 861 κοσμία,
1775 783 2035 860 κρείττων

380 883 417 954 ἢ
459 882 601 938 κατά
632 877 941 958 ἄνθρωπον,
1004 877 1364 950 ὑποτιθεμένη
1423 876 1572 958 αὐτῷ
1635 874 1725 930 καὶ
1783 871 2034 948 λέγουσα,

375 970 461 1028 ὅτι
497 971 714 1026 Ἐπανω
745 975 846 1038 τῆς
878 966 1061 1039 πόλης
1088 974 1186 1048 τῆς
1213 964 1451 1036 πόλεως,
1485 963 1538 1020 ἐν
1569 961 1710 1039 τῷδε
1741 967 1820 1036 τῷ
1857 963 2034 1036 τόπῳ,

376 1058 470 1116 διὰ
495 1054 654 1114 τόνδε
683 1058 774 1112 τὸν
837 1056 1062 1131 τρόπον,
1123 1057 1158 1124 ἡ
1218 1054 1378 1128 τιμία
1433 1052 1594 1110 εἶ’κὼν
1649 1057 1746 1108 τοῦ
1799 1051 2035 1133 Χριστοῦ

373 1145 813 1222 ἀποκέκρυπται,
871 1144 936 1215 ἣν
1001 1145 1354 1214 ἀναζητήσας
1437 1142 1527 1206 καὶ
1614 1135 1799 1206 λαϐὼν
1866 1137 2035 1194 πάντα

375 1241 465 1312 [Ρ.
541 1237 666 1310 178]
727 1235 920 1296 αἰσίως
972 1234 1213 1309 πράξεις,
1272 1233 1332 1288 Ὀ
1393 1229 1438 1286 δ’
1507 1230 1802 1292 ἐπίσκοπος
1861 1233 2036 1304 χαρᾶς

376 1325 589 1408 ἀφέτου
639 1322 906 1395 πλησθεὶς
995 1321 1086 1377 καὶ
1168 1321 1258 1376 τὸν
1334 1319 1501 1376 τόπον
1559 1313 1886 1374 καταλαϐὼν
1943 1317 2034 1371 καὶ

375 1419 572 1470 τοῦτον
606 1409 920 1486 διαρρήξας,
955 1408 999 1465 ὣ
1029 1414 1124 1466 τοῦ
1181 1409 1502 1484 θαύματοςί
1564 1409 1684 1484 εὗρε
1741 1407 1842 1476 τήν
1893 1404 2036 1460 θείαν

378 1503 560 1558 εἰκόνα
626 1494 1010 1570 ἆδιαλώϐητον
1092 1499 1183 1564 καὶ
1267 1498 1691 1574 κεχαραγμένην
1783 1495 1873 1560 καὶ
1937 1495 2036 1563 τὴν

379 1591 687 1669 θρυαλλίδα
719 1589 770 1646 ἐν
803 1591 1270 1666 τοσούτῳιχρόνῳ
1305 1590 1382 1663 μὴ
1414 1583 1858 1654 ἀποσϐεσθεῖσαν,
1890 1584 2038 1641 ἀλλὰ

378 1684 470 1738 καὶ
499 1683 552 1738 ἐν
584 1687 664 1756 τῷ
694 1681 831 1755 πρὸς
865 1678 1114 1762 φυλακήν
1171 1679 1464 1744 ἐπιτεθέντι
1523 1677 1629 1755 πρὸ
1678 1681 1776 1732 τοῦ
1825 1674 2036 1756 λύχνου

374 1773 602 1846 κεράμῳ
655 1769 959 1826 ἐκτυπωθὶν
1015 1764 1198 1843 ἓτερον
1283 1767 1545 1840 ὁμοίωμα
1615 1762 2034 1844 ἀπαράλλακτον

373 1865 474 1916 τοῦ
533 1857 914 1938 πρωτοτύπου.
978 1859 1152 1916 Τοῦτο
1206 1851 1391 1914 λαϐὼν
1450 1857 1478 1911 ὁ
1545 1854 1838 1916 ἐπίσκοπος
1902 1851 2034 1928 μετᾶ

377 1954 558 2028 ’χαρᾶς
617 1949 881 2024 ἀμέτρου,
937 1947 1027 2002 καὶ
1087 1945 1406 2008 λιτανεύσας
1461 1945 1552 2000 καὶ
1611 1943 2034 2022 εὐχαριστήσας,

375 2033 644 2094 κατέλαϐε
671 2039 765 2093 τὸν
822 2035 989 2092 τόπον
1048 2037 1167 2091 καθ’
1227 2035 1286 2090 δν
1342 2035 1394 2090 οἱ
1452 2035 1652 2114 Πέρσαι
1711 2031 2030 2108 διώρυττον*

374 2129 472 2189 Ὡς
503 2125 560 2182 δὲ
589 2125 827 2197 πλησίον
863 2123 1131 2197 αλλήλων
1195 2123 1442 2200 ἐγένοντο
1485 2121 1551 2178 γὲν
1601 2127 1682 2196 τῷ
1738 2119 2029 2198 ὀρύγματι,

377 2216 484 2271 ἀπὸ
512 2223 612 2286 τῆς
645 2214 877 2294 λυχνίας
911 2213 1120 2285 ἐκείνης
1184 2212 1370 2270 ἐλαίου
1427 2211 1795 2283 ἑπιστᾶξαντες
1844 2209 1918 2272 εἰς
1967 2208 2029 2262 τὸ

2144 603 2274 660 loco
2307 604 2542 658 invento
2583 605 2640 656 et
2671 603 2875 672 aperto
2904 595 3126 668 reperit
3163 592 3333 666 (proh
3364 590 3719 647 miraculum
3755 589 3793 662 i)

2146 693 2405 750 divinam
2425 690 2742 764 imaginem
2775 685 3136 742 incolumem
3162 682 3588 751 lucernamque
3625 684 3792 736 tanto

2145 783 2428 850 temporis
2478 781 2731 836 decursu
2761 793 2882 832 non
2913 774 3288 840 exstinctam,
3319 776 3496 841 atque
3538 769 3685 824 adeo
3727 769 3790 823 in

2145 872 2338 946 tegula
2369 887 2498 942 qua:
2519 869 2713 925 fuerat
2741 871 2876 923 ante
2921 865 3229 920 lucernam
3281 859 3565 916 custodite
3615 875 3792 914 causa

2145 961 2396 1035 objecta,
2417 959 2594 1015 aliam
2629 955 2950 1028 exemplari
2977 969 3083 1026 per
3103 951 3302 1007 omnia
3327 947 3649 1004 assimilem
3675 948 3787 1002 im-

2143 1067 2410 1124 pressam
2450 1047 2794 1120 imaginem.
2827 1045 2944 1099 Hac
2994 1042 3094 1096 ille
3139 1039 3366 1113 ingenti
3414 1055 3548 1093 cum
3574 1036 3786 1109 gaudio

2143 1131 2400 1210 arrepta,
2434 1135 2868 1209 supplicatione
2914 1137 2972 1186 et
3000 1131 3321 1204 gratiarum
3369 1127 3600 1182 actione
3657 1141 3794 1196 per-

2144 1229 2312 1295 actis,
2347 1243 2483 1282 eum
2513 1225 2667 1281 8l8
2694 1223 2889 1278 locum
2920 1220 3228 1292 petiitqna
3257 1219 3450 1271 Persa:
3483 1214 3793 1270 cuniculos

2143 1317 2412 1389 agebant.
2445 1316 2708 1384 Cumque
2750 1327 2930 1383 prope
2963 1308 3099 1364 illos
3141 1305 3531 1378 pervenisset,
3587 1319 3658 1356 ex
3709 1303 3796 1357 lu-

2144 1423 2322 1462 cerna
2353 1404 2551 1460 oleum
2582 1399 2892 1456 instillavit
2922 1398 2984 1453 in
3017 1397 3212 1470 ignem
3243 1394 3316 1448 ab
3375 1393 3448 1447 iis
3497 1397 3792 1464 peratum,

2144 1495 2312 1566 isque
2334 1493 2486 1565 ignis
2516 1493 2716 1546 hostes
2774 1489 2846 1544 ad
2903 1503 3092 1542 unum
3142 1499 3350 1539 omnes
3401 1479 3792 1552 consumpsit.

2145 1585 2256 1640 Sed
2283 1589 2342 1640 et
2368 1583 2512 1638 foris
2545 1583 2736 1636 Persae
2768 1578 2840 1634 ad
2872 1575 3176 1632 lmdendos
3208 1571 3538 1644 oppidanos
3585 1585 3792 1642 rogum

2145 1673 2612 1738 succenderant;
2645 1670 2746 1742 qui
2779 1667 2931 1741 ignis
2955 1681 3089 1722 cum
3107 1664 3368 1718 aleretur
3385 1658 3796 1734 cepiosissima

2143 1763 2412 1831 materia,
2463 1761 2565 1817 ubi
2614 1774 2796 1831 prope
2844 1773 2980 1812 cum
3040 1754 3236 1809 divina
3295 1749 3484 1822 efﬁgie
3545 1747 3799 1803 accessit

2147 1855 2478 1926 episcopus,
2513 1849 2706 1905 subito
2731 1852 2972 1903 exortus
3002 1842 3230 1900 validus
3260 1845 3490 1903 ventus,
3541 1853 3676 1891 eum
3733 1835 3794 1890 in

2146 1925 2247 1997 eos
2279 1939 2379 2014 qui
2402 1939 2836 1996 succenderant
2857 1932 3091 1990 distulit
3121 1945 3338 2001 eosque
3365 1942 3546 1982 urens
3576 1925 3792 1997 abegit.

2143 2033 2231 2086 Ita
2260 2013 2453 2086 Persa!
2485 2045 2606 2084 non
2662 2025 2848 2082 semel
2908 2028 3157 2085 tantum,
3215 2017 3317 2073 sed
3377 2015 3591 2088 saepius
3636 2013 3792 2068 male

2144 2119 2393 2192 accepti,
2422 2117 2641 2174 Edessa
2670 2116 2902 2186 integra
2923 2117 2981 2167 et
3009 2127 3074 2166 re
3105 2109 3324 2164 intecta
3371 2105 3627 2161 maximo
3661 2118 3794 2158 cum

2143 2209 2430 2264 dedecore
2461 2207 2880 2263 discesserunt.

383 2305 818 2379 ηὖτρεπισμένον
843 2308 952 2380 πῦρ
982 2303 1185 2365 πάντας
1242 2300 1534 2358 ἀπώλεσαν
1591 2298 1783 2378 ἄρδην.
1845 2297 2024 2355 Ἀλλὰ
2081 2298 2171 2352 καὶ
2225 2297 2323 2366 τήν
2379 2292 2570 2365 ἔξωθεν
2622 2295 2943 2366 ἀναφθεῖσαν
2999 2288 3170 2362 πυρὰν
3234 2285 3337 2341 ὑπὸ
3396 2286 3503 2339 τῶν
3575 2285 3795 2356 Περσῶν

387 2396 524 2450 κατὰ
577 2399 686 2450 τῶν
748 2391 922 2464 ἆνόον,
977 2394 1042 2462 ἣν
1107 2393 1326 2466 ἄπειρος
1385 2389 1492 2462 ὕλη
1555 2391 1864 2468 ὑπέτρειρεν,
1924 2387 1997 2448 ὡς
2054 2384 2294 2456 πλησίον
2354 2381 2522 2454 αὒτῆς
2579 2381 2793 2460 ἐγένετο
2849 2383 2877 2435 6
2933 2379 3230 2438 ἐπίσκοπος
3293 2372 3427 2447 μετᾶ
3495 2371 3590 2426 τοῦ
3651 2369 3794 2424 θείου

385 2482 800 2557 ἒκτυπώματος,
862 2481 1114 2559 ἐξαίφνης
1175 2481 1352 2562 βίαιος
1413 2481 1606 2553 ἂνεμος
1655 2479 1888 2556 ἐγερθεὶς
1945 2475 2081 2530 κατᾶ
2147 2477 2254 2528 τῶν
2341 2459 2754 2547 ἀναφλεγόντων
2839 2466 3040 2536 ταύτην
3122 2461 3491 2534 ἀντέστρεφε-ι,
3553 2459 3648 2520 οὓς
3701 2465 3800 2520 καὶ

2491 2561 2497 2562 ,
2753 2558 2765 2562 _
2885 2556 2909 2562 _.
2992 2557 3001 2562 _
3100 2551 3225 2562 ..μ
3295 2548 3340 2562 κ.
3502 2547 3516 2562 .
3654 2543 3712 2562 η
3744 2544 3756 2562 1

383 2573 756 2650 ἐμπυρίζουσα
786 2569 1106 2646 ἀπέστρεψε.
1141 2543 1325 2628 Ἰζαῦτα
1381 2543 1638 2631 παθόντες
1680 2543 2270 2642 μέλλονῆδρασαντες
2323 2561 2373 2616 οἱ
2431 2543 2652 2636 Πέρσαι,
2712 2558 2821 2633 οὐχ
2875 2556 3034 2628 ἅπαξ,
3091 2551 3236 2609 ἀλλὰ
3293 2548 3372 2610 δὶς
3428 2547 3518 2602 καὶ
3576 2543 3794 2600 πολλά-

384 2685 494 2733 κις,
530 2663 646 2735 μετ’
676 2660 944 2736 αἰσχύνης
975 2659 1202 2736 ἀπείρου
1235 2660 1598 2735 ὑπεχώρησαν
1633 2655 1916 2733 ἄπρακτοι.

455 2753 607 2811 Ἐπεὶ
675 2749 734 2808 δὶ
789 2749 930 2826 πρὸς
1007 2751 1108 2820 τὴν
1201 2748 1590 2828 βασιλεύουσαν
1652 2753 1760 2803 τῶν
1815 2745 2032 2802 πόλεων

386 2841 725 2916 πανταχόθεν
799 2837 1061 2916 συνερρύη
1141 2839 1210 2894 τὰ
1264 2837 1544 2914 ἁγιώτατα
1597 2836 1687 2891 καὶ
1743 2833 2034 2903 κάλλιστα,

394 2933 460 3002 ἦν
491 2928 548 2986 δὶ
579 2929 680 3004 ἄρα
720 2935 862 2994 θεῖον
895 2925 1159 3004 βούλημα
1197 2927 1287 2982 καὶ
1325 2929 1424 2998 τήν
1481 2928 1629 3004 ἱερὰν
1686 2925 1886 2997 ταύτην
1944 2927 2034 2984 καὶ

397 3020 542 3076 θείαν
623 3017 806 3074 είκὸνα
891 3017 1027 3091 μετᾶ
1079 3021 1187 3072 τῶν
1246 3014 1433 3073 ἄλλων
1493 3016 2032 3091 ἀποθησαυρισθῆναι

379 3107 593 3181 καλῶν,
627 3109 655 3164 6
683 3111 792 3163 τῶν
847 3105 1134 3180 Ῥωμαίων
1187 3109 1505 3182 κυριαρχῶν
1553 3104 1832 3180 Ῥωμανὸς
1863 3105 1892 3160 6
1923 3111 2032 3160 Λα·

384 3197 628 3270 καπηνὸς
683 3193 1006 3268 σπούδασμα
1055 3200 1293 3260 ποιεῖται
1347 3199 1778 3270 κατευμοιρῆσαι
1831 3193 2034 3266 ταύτης

2216 2745 2525 2800 Enimvero
2555 2758 2692 2799 cum
2723 2741 2784 2796 in
2813 2738 3024 2794 urbem
3056 2751 3187 2808 qua:
3231 2729 3465 2804 imperii
3495 2732 3673 2800 caput
3703 2731 3790 2780 est

2145 2837 2346 2892 omnia
2374 2833 2642 2904 undique
2670 2829 2992 2887 sacerrima
3019 2833 3195 2906 atque
3227 2819 3626 2899 pulcherrima
3656 2833 3792 2872 con-

2144 2926 2420 2992 ﬂuerent,
2449 2941 2517 2987 ac
2548 2922 2653 2979 Dei
2683 2919 2950 2976 voluntas
2980 2920 3138 2972 esset
3157 2919 3222 2970 ut
3242 2914 3400 2967 inter
3417 2907 3630 2964 aliaibi
3663 2907 3788 2962 hmc

2145 3032 2380 3088 quoque
2412 3012 2835 3070 reconderetur
2854 3007 3054 3064 divina
3075 3002 3593 3074 imago.Bomanus
3615 2997 3791 3053 Laca-

2144 3085 2355 3180 penus,
2389 3105 2714 3176 imperator
2756 3100 3176 3162 Romanorum,
3235 3105 3478 3163 operam
3523 3085 3688 3142 dedit
3731 3089 3793 3138 ut

2144 3175 2212 3252 ea
2241 3175 2531 3268 potiretur
2559 3206 2746 3263 eaque
2777 3179 3346 3256 Constantinopolim
3366 3178 3600 3232 ditaret.
3625 3175 3788 3268 saepe

378 3286 472 3343 καὶ
501 3283 929 3344 καταπλοοτίσαί
979 3285 1079 3354 τήν
1139 3283 1546 3362 βασιλεύουσαν.
1607 3259 1711 3340 Καὶ
1770 3281 1836 3353 δή
1897 3259 2032 3338 κατὰ

2145 3284 2272 3357 ejus
2298 3284 2384 3339 rei
2424 3297 2604 3338 causa
2659 3279 2879 3334 frustra
2927 3276 3149 3347 legatos
3207 3269 3469 3324 miserat.
3529 3259 3788 3317 Tandem

383 3375 680 3458 διαφόρους
737 3375 960 3452 καιροὺς
1012 3371 1362 3446 ἐξαπέστειλε
1435 3375 1572 3449 πρὸς
1629 3373 1728 3443 τὴν
1781 3370 2036 3430 Ἔδεσσαν

389 3463 560 3543 μηδὲν
594 3464 811 3528 ἀνύσας.
863 3465 925 3521 Ὀ
994 3465 1089 3538 μὲν
1152 3462 1253 3538 γὰρ
1311 3459 1558 3518 ἐπέκειτο
1616 3461 1812 3532 αὐτῶν,
1873 3463 1925 3517 οἱ
1981 3459 2038 3518 δὲ

388 3555 612 3614 ἆνὲδυον
663 3555 754 3612 καὶ
808 3555 1228 3632 παρεκρούοντο.
1292 3554 1393 3615 Καὶ
1442 3552 1754 3612 τελευταῖον
1797 3554 2038 3611 πεισθέν-

383 3666 474 3708 τες
547 3643 850 3705 ἐπένευσαν·
911 3643 938 3698 6
997 3643 1100 3720 γὰρ
1184 3637 1311 3714 ἅναξ
1393 3642 1678 3717 Ῥωμαίων
1735 3647 1804 3717 τῇ
1865 3642 2037 3722 ἐιρέσει

382 3739 482 3790 τοῦ
539 3733 793 3789 τοιούτου
850 3731 1022 3788 καλοῦ
1088 3733 1225 3808 πρὸς
1283 3731 1452 3788 πάντα
1505 3732 1718 3802 ὑπείξας
1783 3732 1851 3787 τὰ
1909 3733 2037 3813 παρ’

385 3825 562 3880 αὐτῶν
621 3817 1074 3896 προϐαλλόμενα,
1124 3819 1214 3876 καὶ
1293 3817 1419 3884 δοὺς
1483 3820 1668 3884 αὐτοῖς
1727 3819 2038 3885 διακοσίους

381 3915 735 3990 Σαρακηνοὺς
759 3913 850 3976 καὶ
878 3911 1120 3989 ἀργύρου
1153 3911 1428 3987 ἐπισήμου
1485 3909 1744 3988 χιλιάδας
1801 3909 2034 3982 δώδεκα,

378 4005 470 4059 καὶ
527 4001 968 4081 ἀσφαλισάμενος
1025 3999 1118 4058 διὰ
1176 3998 1478 4080 σφραγῖδος
1530 4007 1741 4077 χρυσῆς
1797 4006 1894 4056 τοῦ
1956 4004 2031 4084 μή

378 4092 669 4166 πολεμίως
706 4090 1030 4168 ἐπέρχεσθαι
1071 4089 1136 4146 τὰ
1167 4089 1274 4145 τῶν
1318 4091 1613 4168 Ῥωμαίων
1661 4089 2035 4164 στρατεύματα

379 4181 520 4238 κατὰ
545 4185 653 4236 τῶν
684 4181 958 4255 τεσσάρων
991 4176 1206 4234 πόλεων
1255 4177 1496 4249 ἐκείνων,
1560 4177 1700 4253 μηδὲ
1752 4177 2034 4252 ληίζεσθαι

381 4270 606 4338 ταύτας,
641 4267 873 4344 ἐπέτυχε
921 4275 1022 4338 τῆς
1076 4268 1364 4338 αἰτήσεως.
1415 4251 1569 4324 Ἐπεί
1622 4269 1724 4344 γὰρ
1791 4251 2035 4348 συνεχω-

390 4367 540 4436 ρεῖτο
570 4358 808 4436 γενέσθαι
859 4358 948 4414 καὶ
996 4357 1388 4434 παρεχώρησεν
1421 4358 1450 4412 6
1479 4357 1719 4433 ἀμηρᾶς,
1773 4353 2034 4422 λαϐόντες

387 4449 440 4504 οἳ
503 4447 814 4514 ἐπίσκοποι,
849 4448 879 4504 ὅ
906 4468 966 4502 τε
1025 4446 1360 4521 Σαμοσάτων
1413 4447 1504 4501 καὶ
1537 4447 1565 4504 6
1593 4453 1694 4516 τῆς
1755 4444 2034 4518 Ἐδέσσης,

383 4539 477 4594 καὶ
509 4535 682 4614 ἕτεροί
715 4557 854 4599 τινες
883 4539 990 4592 τῶν
1038 4531 1285 4594 εὔλαϐὦν
1341 4536 1406 4592 τὸ
1455 4538 1602 4613 ἅγιον
1663 4537 1836 4594 ἐκεῖτο
1885 4538 2034 4594 ἀπει-

2146 3373 2468 3446 cupiditate
2496 3371 2624 3444 ejus
2656 3365 2962 3425 obtinendi
3023 3379 3154 3418 cum
3217 3354 3528 3412 Edessenis
3585 3349 3789 3406 omnia

2145 3440 2408 3540 ipsorum
2437 3440 2738 3536 postulata
2767 3454 3174 3520 concessisset,
3207 3441 3662 3505 obtinuit.Dedit
3680 3440 3786 3492 200

2144 3528 2490 3618 Sbracends,
2523 3552 2588 3604 i2
2617 3547 2799 3606 millia
2824 3543 3050 3618 argenti
3091 3538 3300 3613 signati
3329 3552 3343 3603 ;
3377 3547 3674 3604 aureaque
3709 3528 3785 3583 si-

2141 3642 2282 3714 gillo
2314 3639 2686 3697 confirmavit
2715 3649 3022 3706 nunquam
3054 3629 3316 3702 legiones
3357 3626 3647 3680 Romanas
3679 3619 3783 3673 ho-

2143 3731 2360 3786 stiliter
2385 3734 2640 3802 quatuor
2671 3726 2803 3780 illas
2829 3723 3008 3777 urbes
3038 3732 3378 3774 accessuras
3395 3718 3496 3768 aut
3520 3707 3780 3781 praedam

2141 3827 2395 3879 acturas.
2428 3819 2512 3874 ita
2541 3815 2656 3872 voti
2689 3828 2930 3884 compos
2959 3811 3169 3876 factus,
3203 3807 3359 3861 814
3387 3804 3592 3855 Amera
3640 3813 3783 3852 con-

2139 3911 2408 3978 cedente,
2441 3903 2699 3988 episcopi
2733 3883 3150 3956 Samosatenus
3173 3899 3231 3948 et
3277 3891 3608 3946 Edessenus
3638 3883 3776 3938 alii-

2140 4017 2255 4076 que
2269 3999 2348 4074 pii
2363 3973 2627 4057 sanctam
2640 3973 2804 4048 illam
2819 3987 3073 4060 effigiem
3097 4000 3162 4039 ac
3181 3979 3490 4054 epistolam
3505 3992 3538 4030 a
3551 3973 3780 4030 Christo

2139 4067 2420 4164 scriptam
2445 4085 2667 4142 Edessa
2695 4081 3029 4136 auferentes
3062 4075 3173 4129 iter
3202 4067 3449 4144 ingressi
3474 4067 3783 4120 sunt.Rur-

2141 4197 2242 4237 sus
2259 4157 2397 4235 tum
2427 4174 2662 4230 infinita
2695 4175 2830 4226 sunt
2860 4168 3018 4222 edita
3049 4160 3352 4219 miracula.
3388 4157 3530 4212 Cum
3582 4169 3784 4226 perve-

2139 4270 2369 4325 nissent
2399 4265 2470 4322 ad
2504 4262 2789 4336 templum
2836 4258 2938 4314 Dei
2991 4253 3326 4318 Genitricis,
3379 4247 3536 4320 quod
3585 4251 3675 4300 est
3725 4243 3786 4297 in

2140 4359 2503 4432 Optimatum
2532 4333 2770 4426 regione
2818 4367 2884 4405 ac
2914 4344 3151 4404 Eusebii
3179 4342 3415 4406 dicitur,
3448 4337 3618 4392 multi
3639 4333 3782 4406 {fide

2140 4447 2369 4524 praediti
2401 4423 2752 4502 accedentes
2779 4458 2812 4494 a
2850 4438 3025 4494 variis
3074 4432 3298 4491 morbis
3344 4433 3484 4484 sunt
3528 4423 3788 4482 liberati.

2140 4541 2226 4596 lbi
2249 4540 2424 4596 etiam
2443 4535 2685 4610 quidam
2703 4529 2948 4587 accessit
2971 4527 3126 4600 quia
3149 4523 3419 4579 daemone
3443 4516 3792 4580 vexabatur,

385 4629 621 4702 κόνισμα
688 4629 778 4683 καὶ
837 4628 900 4682 τὸ
939 4625 1344 4708 χριστόγραφον
1401 4624 1768 4684 ἐπιστολίδιον
1816 4628 2034 4704 ε’Ξχοντο

2147 4637 2324 4702 atque
2355 4608 2480 4682 haec
2511 4622 2678 4697 quasi
2709 4620 2906 4675 divino
2960 4616 3248 4671 instinctu
3277 4608 3628 4666 vaticinatus
3666 4608 3796 4656 est:

384 4725 487 4788 τῆς
519 4715 668 4773 δδοῦ’
701 4717 791 4772 καὶ
850 4715 1016 4772 πάλιν
1075 4713 1270 4790 ἄπειρα
1328 4714 1566 4774 ἐτελεῖτο
1623 4718 1888 4790 θαύματα.
1948 4719 2038 4780 Ὠς

389 4804 448 4862 ὃὶ
477 4807 821 4877 κατήντησαν
858 4805 910 4860 ἐν
939 4809 1017 4876 τῷ
1045 4808 1154 4860 τῶν
1189 4805 1540 4878 Ὀπτιμάτων
1593 4807 1808 4883 θέματι,
1865 4805 1918 4861 ἐν
1962 4811 2042 4880 τῷ

389 4903 491 4966 τῆς
521 4895 790 4952 Θεοτόκου
830 4894 944 4966 ναῷ
1001 4898 1080 4966 τῷ
1138 4889 1400 4949 Εὐσεϐίου
1457 4895 1766 4974 λεγομένῳ,
1826 4897 2032 4952 Πολλοὶ

390 4985 786 5062 προσελθόντες
849 4983 983 5058 μετὰ
1047 4983 1278 5047 πίστεως
1333 4984 1438 5040 ἀπὸ
1522 4985 1793 5041 ποικίλων
1863 4985 2037 5040 νόσων

383 5073 637 5146 ἷάθησαν.
695 5073 866 5136 Ἔνθα
923 5070 1014 5126 καί
1067 5092 1149 5133 τις
1208 5071 1516 5146 προσῆλθεν
1601 5075 1706 5128 ὐπὸ
1777 5072 2035 5146 δαίμονος

385 5162 814 5242 ἐνοχλούμενος,
845 5159 936 5215 καὶ
969 5157 1096 5216 τάδε
1135 5159 1302 5216 οἱονεὶ
1333 5156 1708 5238 ἀπεφοίϐασεν.
1740 5157 2034 5232 Ἀπόλαϐε,

383 5247 985 5317 Κωνσταντινούπολις,
1019 5245 1172 5320 δόξαν
1201 5249 1291 5304 καὶ
1319 5251 1514 5326 χαρᾶν,
1545 5251 1633 5306 καὶ
1693 5253 1777 5324 σὺ,
1827 5273 2034 5328 πορφυ-

388 5339 832 5417 ρογὲννητε,τήν
869 5335 1149 5412 βασιλείαν
1189 5358 1306 5397 σου.
1368 5338 1465 5394 Καὶ
1522 5342 1767 5416 παραυτὰ
1835 5339 1956 5411 ἰάθη
2009 5342 2037 5395 6

389 5427 696 5503 ἄνθρωπος.
728 5429 812 5501 Τῇ
834 5424 892 5480 δὲ
937 5427 993 5481 ιε’
1042 5430 1138 5482 τοῦ
1194 5427 1504 5504 Αὐγούστου
1557 5431 1751 5502 μηνὸς,
1802 5430 1939 5486 κατὰ
1973 5431 2036 5486 τὸ

391 5519 556 5592 ’ςυνβ’
586 5513 706 5578 ἔτος
736 5537 837 5585 της
870 5512 967 5570 τοῦ
996 5516 1079 5588 [Ρ.
1133 5517 1256 5589 179]
1314 5517 1526 5590 κόσμου
1572 5516 1856 5594 γενέσεως,
1908 5537 2035 5574 κατ-

391 5601 588 5662 ἰλαϐον
617 5608 680 5662 τὸ
735 5603 788 5660 ἂν
847 5602 1186 5680 Βλαχὲρναις
1233 5605 1356 5660 ναὸν
1412 5613 1512 5676 τῆς
1573 5607 1865 5684 ὑπεραγίας
1918 5614 2041 5662 Θεο-

389 5695 560 5750 τόκου
600 5693 651 5749 οί
700 5694 762 5748 τὸ
819 5692 976 5768 ἆγιον
1027 5690 1500 5768 διακομιζόμενοι,
1532 5695 1562 5750 6'
1599 5695 1688 5750 καὶ
1729 5693 2038 5770 σεϐασμίως

2150 4697 3215 4791 Re—cipe,Constantinopolis,gloriam
3231 4697 3795 4762 etlaatitiamﬁuque,

2150 4788 2732 4882 Porp—hyrogennete,
2767 4805 2930 4860 tuum
2963 4809 3232 4868 regnum.
3267 4788 3592 4854 Statimque
3625 4796 3796 4882 sana‘:

2150 4907 2242 4964 tus
2263 4904 2371 4954 est.
2408 4897 2510 4952 Die
2551 4891 2782 4948 decima
2828 4867 3336 4958 quintaAugusti.
3389 4889 3543 4930 anno
3589 4867 3794 4925 mundi

2146 4991 2302 5058 6452,
2334 4987 2373 5050 ii
2407 4984 2508 5058 qui
2533 4996 2762 5036 sacram
2794 4975 3112 5048 imaginem
3136 4959 3789 5032 ferebant,Blachernas

2145 5079 2219 5136 ad
2259 5050 2446 5132 aedem
2478 5069 2836 5128 beatissima;
2867 5065 2969 5120 Dei
3023 5056 3336 5117 Genitricis
3371 5050 3788 5124 pervenerunt.

2146 5169 2233 5226 lbi
2263 5169 2504 5237 accepta
2537 5165 2625 5216 est
2655 5159 2992 5212 reverenter
3024 5167 3089 5205 ac
3119 5161 3328 5217 magno
3369 5157 3502 5195 cum
3553 5136 3788 5209 gaudio,

2145 5257 2504 5325 adorataque
2538 5267 2566 5305 a
2601 5243 2946 5308 Caesaribus,
2981 5257 3014 5294 a
3045 5234 3390 5310 proceribus
3439 5235 3498 5284 et
3546 5225 3794 5297 reliquis

2147 5315 2771 5403 omnibussPostridie
2824 5334 2958 5402 post
3004 5324 3420 5382 salutationem
3471 5322 3530 5373 et
3575 5315 3796 5371 adora-

2146 5434 2393 5498 tionem,
2425 5424 2692 5482 humeris
2731 5421 2854 5476 suis
2881 5416 3178 5472 sublatam
3213 5409 3532 5483 imaginem
3575 5403 3792 5460 Christi

2146 5493 2413 5578 summus
2463 5513 2727 5588 pontifex
2777 5503 3250 5578 Theophylactus
3309 5505 3366 5554 et
3415 5493 3790 5568 imperatoris

2145 5611 2254 5668 ﬁlii
2287 5585 2492 5681 (senei
2523 5601 2682 5658 enim
2704 5594 3113 5654 imbecillitate
3143 5585 3542 5656 detlnebatur)
3563 5601 3630 5640 ac
3651 5599 3794 5654 pra:-

2148 5708 2309 5756 terea
2340 5700 2643 5754 senatores
2685 5703 2893 5745 omnes
2941 5701 3076 5741 cum
3120 5681 3394 5738 universa
3443 5671 3792 5733 ecclesiasti-
