4186 6190
406 347 520 409 351

1765 336 2080 402 GEORGII
2123 334 2466 396 CEDIIENI

3702 337 3823 430 σεε

406 494 610 535 corum
638 478 828 548 turba,
849 495 964 549 quo
990 478 1161 532 decet
1190 477 1474 532 comitatu
1504 492 1691 546 usque
1724 473 1796 530 ad
1826 476 2058 545 portam

2188 464 2266 520 mi
2298 468 2615 540 περιχαρῶς
2646 461 2921 539 ὑπεδέχθη
2980 463 3070 520 καὶ
3127 467 3506 539 προσεκυνῆθη
3567 465 3711 540 παρᾶ
3762 486 3824 521 τε

411 571 667 622 Auream
699 565 1089 620 deduxerunt.
1122 564 1264 619 Inde
1295 563 1505 618 eodem
1536 564 1675 632 ritu,
1730 560 1976 634 psalmis
2008 565 2066 614 et

412 655 650 725 hymnis
680 653 984 721 adhibitis,
1016 652 1089 707 ad
1122 652 1319 706 nobile
1377 658 1436 707 et
1479 652 1802 708 maximum
1852 649 2064 704 divina)

409 742 713 812 sapientia;
753 741 1038 811 templum
1071 740 1431 796 detulerunt.
1467 743 1676 797 Postea
1704 739 1778 795 ad
1809 740 2062 810 impera-

410 836 597 884 torem
630 828 1049 896 ascenderunt,
1078 834 1135 882 et
1192 829 1253 885 in
1310 831 1522 899 Pharo,
1575 848 1705 901 quas
1757 835 1846 884 est
1906 827 2063 883 aedes

408 918 555 972 diva)
592 917 864 987 Virginis,
898 919 1298 973 venerandam
1329 924 1507 990 atque
1567 934 1797 974 sacram
1847 915 2062 972 Christi

410 1005 732 1078 imaginem
772 1006 922 1063 315
958 1006 1383 1078 deposuerunt,
1408 1023 1689 1080 maguum
1717 1005 2062 1078 przesidium

409 1095 628 1166 regium
664 1095 903 1150 urbium
935 1095 1100 1151 urbis
1147 1102 1205 1150 et
1253 1097 1520 1151 omnium
1567 1095 2060 1151 Christianorum.

409 1186 592 1253 Atque
626 1184 753 1238 haec
785 1184 1025 1254 quidem
1060 1184 1368 1241 hactenus.
1394 1187 1507 1239 Nos
1527 1184 1603 1240 ad
1632 1185 1896 1239 historiae
1926 1199 2063 1237 con-

411 1272 803 1327 tinuationem
836 1278 1220 1328 revertamur.

409 1357 648 1433 ψαλμῶν
709 1359 798 1414 καὶ
858 1360 1045 1433 ὓμνων
1102 1357 1402 1417 κατέλαϐον
1452 1361 1544 1415 τὸν
1618 1361 1963 1435 περιώνυμον

2172 558 2278 609 τῶν
2316 551 2583 629 βασιλέων
2616 555 2704 608 καὶ
2738 558 2845 608 τῶν
2879 552 2930 609 ἐν
2958 552 3103 609 τέλει
3141 554 3233 609 καὶ
3262 559 3369 608 τῶν
3421 553 3634 609 λοιπῶν
3690 554 3825 609 πάνυ

2171 663 2301 700 των.
2333 647 2414 717 Τῇ
2446 640 2504 698 δὲ
2555 642 2813 718 ἐπαύριον
2884 643 3021 716 μετᾶ
3076 643 3167 699 τὸν
3207 641 3491 717 ἀσπαομὸν
3561 647 3671 716 (30)
3736 644 3829 697 καὶ

2172 733 2271 802 τήν
2320 732 2687 808 προσκύνησιν
2746 733 3004 807 ἀράμενοι
3070 734 3168 802 τήν
3208 737 3306 789 τοῦ
3357 734 3594 808 Χριστοῦ
3643 731 3827 788 εἰκόνα

2174 820 2261 877 ἐπὶ
2302 827 2410 878 τῶν
2438 818 2607 896 ὤμων
2655 822 2683 877 ὃ
2745 843 2804 878 τε
2860 821 3148 902 ἀρχιερεὺς
3189 820 3569 902 Θεοφύλακτος
3624 821 3715 877 καὶ
3770 824 3824 877 οἱ

2171 912 2448 982 νεάζοντες
2480 909 2726 987 βασιλεῖς
2781 912 2830 983 (6
2888 914 2992 988 γὰρ
3051 912 3228 987 γέρων
3285 908 3356 966 δι’
3393 910 3665 967 ἀσθένειαν
3725 909 3824 966 ἁπ-

2171 998 2638 1073 ελείπετο),ἇλλᾶ
2671 1000 2763 1055 καὶ
2823 1002 2873 1055 οἱ
2930 1007 3031 1070 τῆς
3080 1000 3365 1076 γερουσίας
3417 1001 3647 1062 ἅπαντες
3696 1000 3833 1073 μετὰ

2170 1088 2369 1150 παντὸς
2410 1093 2509 1144 τοῦ
2566 1096 2668 1158 τῆς
2708 1088 3041 1160 Ἐκκλησίας
3086 1089 3486 1163 πληρώματος,
3537 1094 3606 1164 τῇ
3661 1109 3829 1164 προσ-

2170 1178 2379 1252 ηκούσῃ
2424 1174 2725 1256 δορυφορίᾳ
2780 1177 3139 1253 παρέπεμπον
3184 1179 3350 1257 μέχρι
3408 1177 3829 1254 τῆς.χρυσείας

2169 1267 2401 1342 πόρτης.
2451 1268 2711 1323 Κάκεῖθεν
2743 1265 2911 1323 πάλιν
2956 1262 3363 1341 ἀναλαϐόμενοι
3415 1267 3624 1341 ὁμοίως
3690 1268 3827 1341 μετὰ

2063 1354 2315 1430 μέγιστον
2405 1356 2528 1410 ναὸν
2607 1362 2707 1425 τῆς
2786 1356 2993 1430 Ἀγίας.
3054 1356 3183 1411 Εἶτα
3265 1354 3500 1425 ἀνῆλθον
3581 1356 3654 1417 εἷς
3729 1355 3834 1409 τὸν

430 1445 681 1518 βασιλέα,
739 1448 830 1502 καὶ
887 1447 938 1502 έν
993 1454 1073 1521 τῷ
1132 1449 1447 1525 Θεομητρὸς
1504 1453 1619 1521 ναῷ
1695 1448 1862 1522 Φάρῳ
1932 1443 2215 1507 κατέθεντο
2292 1445 2355 1499 τὸ
2425 1445 2614 1519 τίμιον
2687 1446 2778 1500 καὶ
2856 1444 3006 1521 ἃγιον
3084 1443 3382 1519 ἔκτύπωμα
3450 1449 3546 1499 τοῦ
3627 1438 3829 1518 Κυρίου

411 1538 575 1609 ἡμῶν
627 1536 808 1605 Ἰησοῦ
861 1538 1120 1613 Χριστοῦ,
1176 1538 1252 1600 είς
1305 1536 1681 1615 φυλακτήριον
1746 1535 2000 1613 μέγιστον
2054 1540 2154 1603 τῆς
2215 1531 2497 1610 βασιλίδος
2551 1538 2660 1589 τῶν
2718 1533 2935 1590 πόλεων
2993 1536 3086 1589 καὶ
3142 1535 3359 1589 πάντων
3412 1539 3520 1588 τῶν
3578 1538 3836 1609 Χριστια-

409 1630 540 1681 νῶν.
574 1625 676 1681 Καὶ
700 1630 870 1682 ταῦτα
903 1629 998 1701 μὲν
1028 1626 1227 1698 οὕτως,
1258 1628 1428 1684 πάλιν
1456 1624 1515 1682 δὲ
1542 1633 1641 1697 τῆς
1670 1631 1778 1681 τῶν
1807 1627 2060 1700 ἱστοριῶν
2093 1622 2422 1684 ἀκολουθίας
2453 1621 2699 1697 ἑξόμεθα.

484 1715 626 1770 Nato
657 1716 912 1787 Christo,
953 1720 1153 1773 statim
1209 1721 1506 1790 Augustus
1551 1718 1753 1773 omnia
1792 1718 1852 1771 in
1898 1731 2066 1771 suam

414 1804 643 1878 redegit
702 1812 1076 1877 potestatem,
1130 1825 1199 1864 ac
1241 1808 1753 1864 dominationibus
1801 1805 2065 1878 gentium

413 1894 729 1966 regnisque
762 1897 1214 1967 particularibus
1273 1898 1507 1953 abolitis
1562 1896 1765 1952 omnia
1809 1895 2069 1950 Romano

418 1982 669 2054 imperio
701 1985 974 2056 subjecit.
1028 1987 1114 2041 Ita
1174 1992 1299 2042 tum
1348 2003 1584 2042 summa
1634 2002 1747 2057 pax
1799 1983 2078 2039 obtinuit-

420 2072 646 2144 Quippe
672 2074 792 2128 Deo
816 2091 941 2129 rem
972 2076 1302 2131 Romanam
1332 2076 1650 2147 adiuvante
1684 2075 1886 2128 hostes
1917 2078 2083 2144 terga

421 2164 747 2227 verterunt,
776 2167 836 2217 et
864 2179 1046 2235 regna
1076 2164 1307 2234 pridem
1351 2164 1596 2220 adversa
1644 2169 1770 2219 tum
1824 2161 2081 2216 cervices

421 2248 818 2305 subdiderunt
840 2251 985 2323 jugo
1016 2252 1284 2308 salutari.
1326 2255 1471 2308 Nam
1522 2254 1673 2308 Deus
1720 2251 1963 2305 veritate
2012 2255 2069 2304 et

420 2354 621 2392 rerum
665 2339 929 2409 ipsarum
988 2341 1326 2397 testimonio
1368 2346 1648 2412 tanquam
1696 2356 1834 2395 voce
1872 2344 2070 2409 utens,

420 2445 590 2483 suam
615 2434 753 2485 tunc
776 2431 1151 2502 majestatem
1177 2432 1621 2487 demonstravit.
1641 2429 1897 2486 Proinde
1923 2431 2077 2484 Deus

421 2518 763 2575 Iudaeorum
794 2522 1130 2577 vecordiam
1161 2521 1493 2593 praevidens
1522 2538 1628 2593 per
1656 2527 1847 2577 vatem
1878 2520 1961 2574 ita
1989 2535 2051 2574 es

422 2608 810 2664 vaticinatus:
836 2632 863 2659 «
892 2612 1127 2665 Cessate
1152 2617 1209 2666 et
1230 2610 1565 2683 cognoscite
1593 2627 1686 2664 me
1721 2626 1850 2664 esse
1872 2610 2084 2677 Deum,

423 2696 525 2767 qui
558 2704 614 2752 et
648 2697 812 2752 inter
841 2688 1046 2770 gentes
1078 2705 1137 2753 et
1167 2700 1227 2754 in
1260 2706 1415 2754 terra
1464 2698 1786 2754 exaltabor.
1825 2718 1851 2747 ››
1906 2696 2088 2751 Nobis

434 2791 634 2840 autem
665 2787 1007 2859 signiﬁcans
1040 2787 1311 2857 quisnam
1345 2788 1439 2842 ille
1472 2788 1570 2853 sit,
1603 2804 1669 2841 ac
1693 2786 1862 2857 quasi
1893 2791 2089 2857 gratu-

430 2874 561 2928 lans
593 2874 769 2929 nobis
795 2879 975 2942 vates,
1009 2896 1036 2923 ‹‹
1061 2876 1236 2940 Deus,
1262 2876 1477 2946 inquit,
1505 2875 1869 2929 exercituum
1897 2874 2082 2928 Domi-

428 2979 562 3031 nus,
595 2963 927 3034 apartibus
986 2965 1205 3018 nostris
1264 2970 1391 3019 est:
1448 2964 1843 3036 patrocinium
1899 2963 2086 3017 nostri

427 3052 677 3124 suscipit
700 3054 851 3108 Deus
876 3053 1097 3110 Jacobi.
1123 3075 1151 3104 »
1181 3056 1382 3125 Neque
1407 3070 1541 3110 vero
1565 3055 1755 3109 otiosa
1777 3058 1867 3108 est
1884 3038 2084 3107 .lacobi

434 3142 679 3209 mentio,
711 3142 815 3198 sed
840 3143 973 3197 ideo
1003 3143 1156 3198 facta
1189 3143 1348 3214 quod
1371 3144 1421 3197 is
1442 3144 1668 3214 primus
1692 3142 1763 3198 de
1778 3141 2085 3197 vocatione

2246 1713 2358 1769 Τοῦ
2391 1710 2448 1766 δὲ
2504 1719 2702 1787 Κυριου
2762 1714 2927 1786 ἡμῶν
2970 1713 3157 1784 Ἰησοῦ
3200 1716 3446 1788 Χριστοῦ
3484 1713 3620 1767 κατᾶ
3658 1712 3835 1787 σάρκα

2178 1799 2463 1876 τεχθέντος
2520 1799 2675 1863 εὐθὺς
2732 1800 3045 1877 ⁴Αὔγουστος
3124 1805 3333 1876 Καῖσαρ
3392 1800 3657 1875 ἐκράτησε
3706 1799 3838 1855 πάνυ

2180 1909 2308 1957 των,
2348 1889 2564 1951 καὶτὰς
2594 1888 2885 1965 ἐθναρχίας
2916 1890 3090 1951 πάσας
3136 1890 3223 1944 καὶ
3276 1891 3503 1964 μερικὰς
3553 1886 3837 1964 βασιλείας

2179 1975 2488 2040 καταλύσας
2552 1983 2671 2042 τοῖς
2732 1978 3017 2051 Ῥωμαίων
3090 1975 3227 2048 οἴαξι
3312 1978 3515 2041 πάντας
3585 1977 3833 2047 ὑπέταξε,

2183 2068 2274 2124 καὶ
2309 2068 2498 2143 βαθεῖα
2536 2065 2727 2143 εἷ’ρήνη
2765 2071 3046 2144 πανταχοῦ
3101 2068 3307 2145 γέγονε·
3365 2071 3467 2134 τῆς
3523 2066 3629 2142 γὰρ
3688 2064 3834 2128 θείας

2191 2158 2447 2236 βοηθείας
2487 2158 2839 2236 ἐπιφανείσης
2887 2164 3029 2215 νῶτα
3085 2157 3378 2215 δεδώκασιν
3440 2159 3491 2213 οἱ
3549 2156 3835 2233 πολέμιοι,

2189 2250 2277 2305 καὶ
2308 2251 2362 2304 αἱ
2393 2247 2562 2304 πάλαι
2584 2250 2837 2305 τάναντία
2869 2254 3166 2329 φρονοῦσαι
3219 2247 3491 2324 βασιλεῖαι
3546 2247 3837 2303 ύπέκλιναν

2190 2339 2278 2393 Ιτὸν
2311 2339 2515 2414 αὐχένα
2543 2338 2629 2393 καὶ
2662 2339 2755 2393 τὸν
2824 2341 3090 2414 σωνήριον
3150 2340 3311 2414 ζυγὸν
3364 2334 3704 2408 ὑπεδέξαντο.
3756 2339 3837 2411 Τῇ

2190 2427 2295 2504 γᾶρ
2324 2427 2555 2500 ἀληθείᾳ
2581 2429 2672 2483 καὶ
2697 2432 2767 2503 τῇ
2815 2432 2924 2484 τῶν
2993 2427 3334 2504 πραγμάτων
3394 2427 3659 2503 μαρτυρίᾳ
3716 2426 3832 2481 οἶόν

2189 2540 2297 2575 τινι
2329 2523 2483 2598 φωνῇ
2538 2518 2888 2593 χρησάμενος
2930 2518 2957 2574 6
2998 2518 3128 2579 Θεὸς
3192 2517 3256 2572 τὸ
3307 2517 3506 2572 οἰκεῖον
3549 2515 3685 2590 ὕψος
3731 2516 3834 2571 ὑπ-

2192 2605 2372 2678 έδειξε.
2410 2604 2686 2681 ῙῙροειδὼς
2716 2607 2897 2662 τοίνυν
2927 2606 2956 2661 ὁ
2987 2607 3118 2667 Θεὸς
3144 2608 3244 2675 τὴν
3279 2602 3555 2662 Ἰουδαίων
3577 2604 3837 2660 ἀπόνοιαν

2190 2694 2290 2775 ἔφη
2325 2692 2414 2749 διὰ
2440 2694 2537 2749 τοῦ
2567 2696 2877 2768 προφήτουο
2937 2717 2961 2747 α
2991 2692 3337 2769 Σχολᾶσατε,
3394 2693 3485 2748 καὶ
3535 2696 3709 2767 γνῶτε
3747 2690 3838 2746 ὅτι

2191 2784 2297 2861 ἐγώ
2354 2783 2471 2858 εἰμι
2527 2784 2554 2838 ὁ
2612 2784 2765 2845 Θεός·
2849 2783 3214 2858 ύψωθήσομαι
3298 2782 3351 2837 ἐν
3415 2788 3535 2844 τοῖς
3603 2775 3831 2852 ἔθνεσιν,

2193 2875 2555 2948 ὑψωθήσομαι
2586 2872 2639 2927 έν
2697 2876 2767 2945 τῇ
2962 2894 2990 2924 ››
3048 2873 3208 2945 Ἡμῖν
3245 2868 3303 2926 δὲ
3356 2867 3691 2947 παραδηλῶν
3745 2870 3834 2933 τίς

2191 2963 2349 3023 οῦτές
2408 2960 2544 3031 ἐστι,
2593 2962 2682 3016 καὶ
2734 2959 2919 3038 ὥσπερ
3011 2961 3528 3041 συνευφραινόμενος
3620 2958 3834 3034 ἐπάγει*

2192 3076 2221 3104 ι(
2279 3052 2485 3127 Κύριος
2549 3055 2659 3106 τῶν
2717 3047 2997 3125 δυνάμεων
3060 3052 3177 3123 μεθ’
3244 3052 3424 3121 ἡμῶν,
3482 3046 3836 3124 ἀντιλήπτωρ

2192 3143 2353 3214 ἡμῶν
2386 3141 2414 3195 6
2447 3141 2574 3202 Θεὸς
2609 3135 2825 3197 Ἰακὼϐ.
2876 3164 2904 3191 ››
2945 3143 3053 3198 Τοῦ
3103 3137 3159 3195 δὲ
3216 3132 3413 3195 Ἰακὼὸ
3450 3140 3548 3208 τήν
3607 3139 3837 3211 μνήμην

430 3231 697 3301 gentium
728 3236 819 3286 est
846 3213 1222 3287 vaticinatus.
1253 3213 1459 3288 Verbai
1485 3232 1612 3303 ejus
1665 3236 1803 3287 sunt
1832 3247 1844 3285 :
1893 3252 1919 3279 ‹‹
1952 3230 2075 3284 Non

2189 3229 2298 3306 οὐχ
2331 3227 2521 3292 ἁπλῶς
2575 3228 2895 3301 ἐποιήσατο·
2955 3226 3084 3284 ἀλλ’
3134 3225 3318 3298 ἐπειδὴ
3380 3228 3594 3304 πρῶτος
3633 3226 3838 3289 ἐκεῖνος

428 3320 619 3375 deerit
647 3320 922 3392 princeps
938 3321 1088 3375 Iuda
1113 3320 1422 3387 oriundus,
1457 3320 1645 3375 donec
1677 3319 1727 3373 is
1756 3319 1953 3373 veniat
1981 3318 2073 3373 cui

428 3407 689 3478 reposita
722 3414 810 3461 est
827 3423 1059 3462 summa
1089 3424 1320 3463 rerum:
1346 3408 1395 3462 is
1414 3402 1525 3462 erit
1552 3404 2077 3481 spesgentiumm.»

426 3497 630 3564 Itaque
667 3494 917 3549 Davidus
936 3495 1063 3565 jam
1088 3501 1210 3550 tum
1240 3497 1630 3552 mutationem
1651 3497 1915 3569 gentium
1934 3513 2080 3567 prae-

428 3583 654 3650 dicens,
689 3583 1110 3639 convenienter
1166 3585 1248 3639 ait
1298 3586 1483 3639 Deum
1536 3584 1756 3648 Jacobi,
1811 3585 1909 3655 qui
1969 3585 2082 3639 ista

430 3672 540 3726 fuit
571 3671 944 3739 vaticinatus,
984 3689 1110 3728 rem
1144 3674 1425 3745 praeclare
1456 3674 1730 3746 gessisse.
1792 3676 2081 3728 Caeterum

434 3777 592 3816 anno
615 3761 779 3833 regni
802 3761 1047 3833 Augusti
1078 3763 1168 3828 48,
1204 3778 1361 3816 anno
1390 3763 1592 3817 mundi
1617 3765 1755 3816 5506
1784 3778 2078 3818 annorum

439 3849 929 3905 Antiochensium
962 3851 1116 3906 318
1145 3868 1431 3907 numerus
1461 3852 1653 3923 cmpit.
1703 3854 1963 3923 Cumque
2012 3867 2081 3905 eo

434 3945 701 4011 tempore
730 3940 990 3995 Herodes
1020 3939 1354 4012 alienigena
1381 3940 1718 3995 Iudaeorum
1772 3957 1876 3994 rex
1927 3944 2084 3994 esset

430 4030 766 4085 declaratus
794 4037 933 4085 nato
969 4030 1216 4085 Domino
1248 4036 1452 4085 nostro
1482 4031 1619 4085 Jesu
1648 4030 1877 4084 Christo
1908 4033 2083 4084 llero-

428 4119 650 4190 desque
683 4119 861 4174 vitam
893 4119 1110 4174 misere
1141 4136 1276 4174 cum
1299 4126 1486 4175 morte
1509 4119 2079 4186 commutasset,im~

432 4209 654 4279 pletum
688 4213 778 4261 est
817 4206 965 4262 illud
997 4207 1326 4271 oraculum,
1359 4225 1475 4278 quo
1510 4224 1628 4262 non
1661 4213 1798 4263 ante
1848 4207 2085 4263 defutu-

431 4313 565 4350 rum
591 4296 921 4367 principem
948 4295 1151 4366 populi
1179 4298 1205 4350 J
1214 4297 1328 4351 uda
1360 4304 1728 4367 procreatum
1754 4296 2083 4364 dicebatur,

435 4401 615 4455 quam
646 4384 696 4437 is
727 4385 819 4439 cui
854 4385 1117 4455 reposita
1146 4391 1271 4439 erat
1326 4402 1562 4440 summa
1608 4402 1830 4451 rerum,
1892 4385 1951 4440 id
1999 4391 2088 4441 est

432 4472 720 4539 Christus,
756 4478 1124 4527 nasceretur.
1151 4474 1395 4538 Quando
1423 4475 1579 4529 enim
1598 4474 1855 4530 Herodes
1877 4475 2091 4533 alieni:

2183 3320 2285 3388 τὴν
2320 3322 2427 3373 τῶν
2488 3317 2654 3383 ἐθνῶν
2710 3318 3068 3392 προεθέσπισε
3114 3323 3329 3386 κλῆσιν·
3364 3341 3392 3367 ‹‹
3434 3316 3552 3374 Οὐκ
3597 3314 3841 3389 ἐκλείψει

2186 3409 2316 3485 γὰρ,
2355 3407 2543 3487 φησὶν,
2574 3406 2760 3483 ἅρχων
2792 3406 2843 3477 ἐξ
2874 3403 3068 3475 Ἰούδα,
3099 3405 3204 3469 ἓως
3234 3406 3294 3461 ἄν
3331 3401 3481 3461 ἔλθοι
3536 3406 3564 3459 ὃ
3611 3404 3836 3460 ἀπόκει-

2184 3517 2299 3567 ται,
2336 3504 2427 3551 καὶ
2459 3496 2622 3558 αὐτὸς
2674 3491 2985 3570 προσδοκία
3049 3493 3236 3565 ἐθνῶν,
3290 3518 3317 3545 »ι
3369 3496 3466 3564 τὴν
3525 3489 3839 3566 μεταϐολὴν

2186 3589 2292 3639 τῶν
2352 3585 2518 3649 ἐθνῶν
2587 3585 2857 3640 κάδταῦθα
2913 3583 3251 3658 προσπίζων,
3311 3583 3534 3645 εἰκότως
3589 3583 3683 3637 τὸν
3738 3586 3838 3637 τοῦ

2189 3668 2385 3730 Ἰακὼϐ
2418 3675 2547 3729 Θεὸν
2578 3676 2676 3728 τοῦ
2715 3677 2885 3727 ταῦτα
2936 3671 3330 3746 προειρηκότος
3385 3669 3486 3746 ἔφη
3542 3673 3836 3746 κατωρθω-

2188 3765 2356 3819 κέναι.
2389 3766 2704 3838 Τοιγαροῦν
2734 3760 2786 3816 έν
2809 3766 2889 3834 τῷ
2932 3762 3023 3837 μβ“
3051 3768 3153 3831 τῆς
3186 3760 3498 3837 Αὐγούστου
3553 3759 3835 3841 βασιλείας

2189 3853 2242 3908 ἐν
2274 3858 2353 3925 τῷ
2382 3854 2509 3929 ,εφςζ
2548 3848 2655 3906 ἔτει
2685 3850 2792 3905 ἀπὸ
2830 3850 3059 3912 κτίσεως
3111 3851 3345 3924 κόσμου,
3397 3851 3610 3926 ἢρχθη,
3642 3851 3671 3904 ὁ
3699 3849 3838 3904 κατᾶ

2189 3940 2529 4015 Ἀντιόχειαν
2590 3945 2701 3995 τῶν
2761 3938 2891 3993 ἐτῶν
2956 3939 3213 4014 ἀριθμός,
3275 3938 3378 3995 Καὶ
3434 3936 3688 4014 Ἠρώδης
3742 3938 3836 4011 μὲν

2190 4029 2240 4100 ἐξ
2274 4028 2436 4083 ἐθνῶν
2468 4026 2575 4100 ἤδη
2614 4025 2869 4103 βασιλεὺς
2907 4035 3007 4097 τῆς
3049 4025 3310 4088 Ἰουδαίας
3377 4027 3837 4103 ἀνηγορευμένος,

2188 4120 2414 4176 καὶτοῦ
2474 4117 2678 4193 Κυρίου
2743 4120 2903 4191 ἡμῶν
2960 4119 3138 4187 Ἰησοῦ
3189 4121 3432 4192 Χριστοῦ
3479 4117 3615 4172 κατᾶ
3670 4116 3842 4191 σάρκα

2188 4208 2558 4283 γεννηθέντος,
2585 4206 2676 4260 καὶ
2708 4209 2803 4260 τοῦ
2836 4202 3085 4280 Ἡρώδου
3134 4208 3316 4266 κακῶς
3363 4205 3455 4261 τὸν
3505 4205 3624 4279 βίον
3676 4203 3837 4259 διαλ-

2193 4298 2477 4368 λάξαντος,
2510 4293 2872 4369 πεπλήρωται
2918 4296 3003 4359 τὸ,
3045 4321 3070 4345 ‹‹
3106 4294 3221 4352 Ούκ
3278 4298 3359 4367 [Ρ.
3426 4296 3546 4367 180]
3595 4291 3834 4367 ἐκλείψει

2194 4387 2380 4463 ἃρχων
2423 4384 2475 4455 ἐξ
2517 4381 2695 4440 Ἰούδα
2744 4380 2849 4445 ἕως
2902 4383 2960 4438 ἃν
2999 4377 3128 4457 ἔλθῃ
3160 4382 3190 4437 ὅ
3229 4383 3530 4451 ἀπόκειται,
3584 4382 3644 4444 ὅς
3692 4382 3835 4438 ἐστιν

2194 4479 2222 4533 6
2248 4474 2502 4544 Χριστός.
2539 4498 2567 4525 ››
2624 4471 2848 4542 Ἐπειδὴ
2890 4476 2995 4550 γὰρ
3034 4472 3194 4535 αὐτὸς
3234 4473 3261 4527 6
3298 4469 3543 4547 Ἡρώδης
3587 4467 3839 4550 ἀλλόφυο

400 4576 585 4639 ἐξςοῐιιὶ
616 4561 809 4632 posito
839 4561 1131 4632 praeputio
1164 4578 1411 4633 regnum
1447 4563 1506 4617 in
1535 4562 1770 4618 Judteos
1804 4562 2078 4631 obtinuit,

2196 4567 2293 4627 λος
2323 4563 2399 4618 ὢν
2429 4562 2784 4639 περιτμηθεὶς
2821 4562 2951 4638 ἦρξε
3001 4566 3108 4616 τῶν
3171 4557 3446 4619 Ἰουδαίων
3501 4560 3590 4616 καὶ
3645 4562 3842 4637 ἀρχιε-

435 4658 495 4708 et
522 4649 840 4706 Ananiium
863 4649 1256 4723 alienigenam
1286 4651 1633 4723 pontiﬁcatu
1656 4652 1914 4707 maximo
1940 4653 2085 4707 atl‘e-

433 4741 530 4809 rit,
592 4739 789 4795 statim
837 4738 1149 4794 Judaicum
1200 4740 1539 4812 imperium,
1591 4740 1747 4812 quod
1799 4740 2086 4796 hactenus

432 4829 793 4893 obtinuerat,
849 4828 1085 4883 ﬁnitum
1135 4828 1268 4883 fuit.
1318 4829 1547 4883 Etenim
1614 4828 1950 4884 sacerdotes
2000 4830 2089 4884 rei

432 4918 683 4991 publica:
716 4916 1099 4989 praefuerant,
1126 4917 1316 4972 donec
1342 4918 1658 4988 Pompeius
1682 4920 2088 4974 Romanorum

432 5007 549 5063 dux
582 5007 1002 5078 Hierosolymis
1030 5006 1385 5077 expugnatis
1420 5007 1707 5077 templum
1743 5006 1973 5076 polluit,
2024 5024 2091 5063 ac

434 5099 864 5164 Aristobulum,
898 5099 999 5169 qui
1031 5115 1100 5153 eo
1128 5114 1316 5169 usque
1346 5113 1595 5170 regnum
1615 5096 1784 5167 juxta
1815 5115 1881 5153 ac
1904 5100 2095 5169 ponti‘

442 5188 678 5243 ficatum
700 5206 731 5243 a
766 5187 1092 5259 majoribus
1123 5203 1231 5258 per
1251 5186 1691 5241 successionem
1713 5194 2097 5259 acceptages-

435 5282 609 5342 serat,
645 5278 904 5332 vinctum
938 5277 1187 5331 Romam
1220 5276 1408 5337 misit.
1442 5290 1510 5330 ac
1568 5274 1851 5347 populum
1895 5275 2093 5332 Judai-

502 5372 547 5407 ⁸⁷
580 5374 718 5428 Gen.
756 5392 904 5446 xmx,
938 5377 1023 5429 10.

2195 4655 2290 4731 ρέα
2317 4653 2640 4723 κατέστησεν
2672 4648 2946 4724 ἀλλογενῆ
2980 4651 3070 4705 τὸν
3099 4650 3404 4718 Ἀνάνιλον,
3437 4650 3591 4714 εὐθὺς
3633 4649 3838 4721 ἐπαύθη

2194 4743 2331 4799 κατᾶ
2356 4742 2455 4809 τήν
2490 4740 2635 4804 θείαν
2694 4737 2996 4815 πρόρρησιν
3050 4741 3086 4808 ἡ
3121 4738 3172 4811 ἐξ
3232 4735 3410 4794 Ἰούδα
3461 4738 3607 4813 ἀρχὴ
3670 4739 3841 4812 μέχρι

2195 4834 2317 4887 τότε
2348 4832 2679 4907 κρατήσασα,
2741 4829 2808 4886 Οἱ
2846 4830 2952 4903 γὰρ
3008 4828 3172 4902 ἱερεῖς
3240 4830 3684 4902 προειστήκεισαν
3734 4833 3844 4883 τῶν

2198 4921 2558 4999 πραγμάτων,
2590 4920 2754 4994 ἄχρις
2787 4916 2849 4972 οὗ
2882 4920 3176 4991 Πομπήϊος
3231 4918 3260 4971 6
3311 4915 3599 4989 Ῥωμαίων
3649 4938 3842 4992 στρατ-

2198 5011 2331 5087 ηγὸς
2418 5008 2637 5069 ἐπιστὰς
2714 5008 2813 5077 τὴν
2879 5007 2972 5078 μὲν
3041 5004 3409 5080 Ἰερουσαλὴμ
3465 5005 3601 5060 κατᾶ
3649 5006 3849 5077 κράτος

2201 5098 2511 5173 πολιορκεῖ,
2558 5098 2752 5171 μιαίνει
2783 5093 2840 5151 δέ
2867 5096 2932 5151 τὰ
2960 5093 3105 5171 ἅγια,
3135 5096 3227 5149 τὸν
3282 5092 3340 5148 δὲ
3388 5093 3447 5149 ἐκ
3488 5102 3587 5164 τῆς
3640 5096 3848 5170 προγό-

2204 5210 2307 5245 νων
2342 5183 2610 5262 διαδοχῆς
2653 5184 2848 5261 μέχρις
2886 5181 3090 5239 ἐκείνου
3120 5186 3217 5238 τοῦ
3261 5187 3453 5257 καιροῦ
3498 5180 3849 5261 διαρκέσαντα

2211 5274 2441 5351 βασιλέα
2470 5295 2527 5330 τε
2557 5276 2702 5344 ὁμοῦ
2726 5274 2814 5328 καί
2846 5271 3105 5348 ἀρχιερέα
3144 5266 3569 5346 Ἀριστόϐουλον
3625 5269 3852 5347 δέσμιον

1628 5491 1996 5548 XYLANDRI
2030 5494 2116 5549 ET
2154 5492 2370 5548 GOARI
2409 5486 2635 5545 NOTE.

511 5576 988 5650 (30))Ασπασμός,
1019 5577 1120 5633 ubi
1151 5578 1222 5633 de
1255 5577 1439 5650 sacris
1483 5578 1846 5650 imaginibus
1895 5586 1984 5635 est
2030 5597 2249 5648 sermo,
2307 5578 2576 5635 osculum
2628 5579 2805 5634 etiam
2856 5577 2967 5634 sibi
3026 5577 3413 5650 conjunctum
3458 5578 3701 5649 expetit.
3754 5579 3850 5633 0f-

442 5648 576 5705 ticia
606 5648 943 5705 Grarcorum
977 5650 1273 5704 sexcentis
1303 5650 1364 5704 in
1395 5649 1561 5705 locis.
1595 5648 1769 5704 ϐολῇ.
