  <div class='ocr_page' id='page_1' title='image "/cluster/home/n/w/nwhite01/storage/ocr_20150623/121/hvd.32044073502478/182.png"; bbox 0 0 4186 6190; ppageno 0'>
   <div class='ocr_carea' id='block_1_1' title="bbox 328 330 2007 401">
    <p class='ocr_par' dir='ltr' id='par_1_1' title="bbox 328 330 2007 398">
     <span class='ocr_line' id='line_1_1' title="bbox 328 330 2007 398; baseline -0.001 -2"><span class='ocrx_word' id='word_1_1' title='bbox 328 334 448 398; x_wconf 80' lang='grc'><strong>353</strong></span> <span class='ocrx_word' id='word_1_2' title='bbox 1476 330 2007 394; x_wconf 73' lang='grc' dir='ltr'><strong>ΗΙΞἹῸΙΠΑΗΠΜ</strong></span> 
     </span>
    </p>
   </div>
   <div class='ocr_carea' id='block_1_2' title="bbox 2121 330 3751 401">
    <p class='ocr_par' dir='ltr' id='par_1_2' title="bbox 2121 333 3751 401">
     <span class='ocr_line' id='line_1_2' title="bbox 2121 333 3751 401; baseline 0.002 -7"><span class='ocrx_word' id='word_1_3' title='bbox 2121 333 2589 398; x_wconf 81' lang='lat' dir='ltr'><strong>DMPENDIUM</strong></span> <span class='ocrx_word' id='word_1_4' title='bbox 2603 380 2618 395; x_wconf 93' lang='lat'><strong>.</strong></span> <span class='ocrx_word' id='word_1_5' title='bbox 3634 337 3751 401; x_wconf 74' lang='grc'><strong>354</strong></span> 
     </span>
    </p>
   </div>
   <div class='ocr_carea' id='block_1_3' title="bbox 323 452 1987 543">
    <p class='ocr_par' dir='ltr' id='par_1_3' title="bbox 323 452 1987 543">
     <span class='ocr_line' id='line_1_3' title="bbox 323 452 1987 543; baseline -0.004 -16"><span class='ocrx_word' id='word_1_6' title='bbox 323 470 413 527; x_wconf 72' lang='grc' dir='ltr'><strong>ἐπὶ</strong></span> <span class='ocrx_word' id='word_1_7' title='bbox 443 468 670 543; x_wconf 80' lang='grc' dir='ltr'><strong>Ῥώμην</strong></span> <span class='ocrx_word' id='word_1_8' title='bbox 699 464 980 540; x_wconf 73' lang='grc' dir='ltr'>ἒκπέμψας</span> <span class='ocrx_word' id='word_1_9' title='bbox 1032 465 1095 520; x_wconf 86' lang='grc' dir='ltr'>τὸ</span> <span class='ocrx_word' id='word_1_10' title='bbox 1140 469 1244 521; x_wconf 78' lang='grc' dir='ltr'><strong>πᾶν</strong></span> <span class='ocrx_word' id='word_1_11' title='bbox 1292 452 1585 522; x_wconf 58' lang='grc' dir='ltr'>’Ἰουδαίων</span> <span class='ocrx_word' id='word_1_12' title='bbox 1640 459 1793 527; x_wconf 79' lang='grc' dir='ltr'>ἔθνος</span> <span class='ocrx_word' id='word_1_13' title='bbox 1848 465 1987 522; x_wconf 76' lang='grc' dir='ltr'><strong>Ῥω-</strong></span> 
     </span>
    </p>
   </div>
   <div class='ocr_carea' id='block_1_4' title="bbox 330 553 1990 635">
    <p class='ocr_par' dir='ltr' id='par_1_4' title="bbox 330 553 1990 635">
     <span class='ocr_line' id='line_1_4' title="bbox 330 553 1990 635; baseline -0.003 -22"><span class='ocrx_word' id='word_1_14' title='bbox 330 558 515 635; x_wconf 83' lang='grc' dir='ltr'>μαίοις</span> <span class='ocrx_word' id='word_1_15' title='bbox 552 558 829 635; x_wconf 82' lang='grc' dir='ltr'>ὗπόφορον</span> <span class='ocrx_word' id='word_1_16' title='bbox 861 554 1175 626; x_wconf 66' lang='grc' dir='ltr'>κατέστησε.</span> <span class='ocrx_word' id='word_1_17' title='bbox 1208 555 1312 613; x_wconf 86' lang='grc' dir='ltr'>Καὶ</span> <span class='ocrx_word' id='word_1_18' title='bbox 1371 555 1517 611; x_wconf 71' lang='grc' dir='ltr'>οὕτω</span> <span class='ocrx_word' id='word_1_19' title='bbox 1566 560 1785 631; x_wconf 87' lang='grc' dir='ltr'>πρῶτος</span> <span class='ocrx_word' id='word_1_20' title='bbox 1815 553 1990 609; x_wconf 83' lang='grc' dir='ltr'>ἀλλό-</span> 
     </span>
    </p>
   </div>
   <div class='ocr_carea' id='block_1_5' title="bbox 330 639 1986 726">
    <p class='ocr_par' dir='ltr' id='par_1_5' title="bbox 330 639 1986 726">
     <span class='ocr_line' id='line_1_5' title="bbox 330 639 1986 726; baseline -0.004 -23"><span class='ocrx_word' id='word_1_21' title='bbox 330 647 508 726; x_wconf 89' lang='grc' dir='ltr'>φυλος</span> <span class='ocrx_word' id='word_1_22' title='bbox 535 643 814 721; x_wconf 83' lang='grc' dir='ltr'>Ἡρώδης,</span> <span class='ocrx_word' id='word_1_23' title='bbox 842 644 916 706; x_wconf 80' lang='grc' dir='ltr'><strong>ὡς</strong></span> <span class='ocrx_word' id='word_1_24' title='bbox 965 642 1117 722; x_wconf 78' lang='grc' dir='ltr'>ἔφην,</span> <span class='ocrx_word' id='word_1_25' title='bbox 1170 647 1233 700; x_wconf 72' lang='grc' dir='ltr'><strong>τό</strong></span> <span class='ocrx_word' id='word_1_26' title='bbox 1294 641 1556 700; x_wconf 84' lang='grc' dir='ltr'>Ἰουδαῖον</span> <span class='ocrx_word' id='word_1_27' title='bbox 1611 639 1763 708; x_wconf 79' lang='grc' dir='ltr'>ἔθνος</span> <span class='ocrx_word' id='word_1_28' title='bbox 1801 642 1986 720; x_wconf 83' lang='grc' dir='ltr'>ἐγχει-</span> 
     </span>
    </p>
   </div>
   <div class='ocr_carea' id='block_1_6' title="bbox 333 732 1987 813">
    <p class='ocr_par' dir='ltr' id='par_1_6' title="bbox 333 732 1987 813">
     <span class='ocr_line' id='line_1_6' title="bbox 333 732 1987 813; baseline -0.003 -21"><span class='ocrx_word' id='word_1_29' title='bbox 333 740 566 813; x_wconf 85' lang='grc' dir='ltr'>ρίζεται.</span> <span class='ocrx_word' id='word_1_30' title='bbox 626 736 758 792; x_wconf 86' lang='grc' dir='ltr'>Καθ’</span> <span class='ocrx_word' id='word_1_31' title='bbox 834 735 893 789; x_wconf 85' lang='grc' dir='ltr'><strong>’ὀν</strong></span> <span class='ocrx_word' id='word_1_32' title='bbox 963 736 1151 810; x_wconf 83' lang='grc' dir='ltr'>καιρὸν</span> <span class='ocrx_word' id='word_1_33' title='bbox 1242 733 1484 809; x_wconf 76' lang='grc' dir='ltr'>ἐναργῶς</span> <span class='ocrx_word' id='word_1_34' title='bbox 1564 732 1666 800; x_wconf 75' lang='grc' dir='ltr'><strong>τῆς</strong></span> <span class='ocrx_word' id='word_1_35' title='bbox 1752 734 1987 809; x_wconf 87' lang='grc' dir='ltr'>Χριστοῦ</span> 
     </span>
    </p>
   </div>
   <div class='ocr_carea' id='block_1_7' title="bbox 332 819 1987 903">
    <p class='ocr_par' dir='ltr' id='par_1_7' title="bbox 332 819 1987 903">
     <span class='ocr_line' id='line_1_7' title="bbox 332 819 1987 903; baseline -0.005 -20"><span class='ocrx_word' id='word_1_36' title='bbox 332 825 635 903; x_wconf 71' lang='grc' dir='ltr'><strong>παρουσίας</strong></span> <span class='ocrx_word' id='word_1_37' title='bbox 665 825 925 895; x_wconf 78' lang='grc' dir='ltr'><strong>ἐνστάσης</strong></span> <span class='ocrx_word' id='word_1_38' title='bbox 986 822 1234 894; x_wconf 72' lang='grc' dir='ltr'>ἐξέλιπον</span> <span class='ocrx_word' id='word_1_39' title='bbox 1263 823 1314 878; x_wconf 76' lang='grc' dir='ltr'>οἱ</span> <span class='ocrx_word' id='word_1_40' title='bbox 1345 827 1453 878; x_wconf 88' lang='grc' dir='ltr'><strong>τῶν</strong></span> <span class='ocrx_word' id='word_1_41' title='bbox 1511 819 1786 880; x_wconf 79' lang='grc' dir='ltr'>Ἰουδαίων</span> <span class='ocrx_word' id='word_1_42' title='bbox 1847 821 1987 899; x_wconf 81' lang='grc' dir='ltr'>ἀρχ-</span> 
     </span>
    </p>
   </div>
   <div class='ocr_carea' id='block_1_8' title="bbox 331 915 964 990">
    <p class='ocr_par' dir='ltr' id='par_1_8' title="bbox 331 915 964 990">
     <span class='ocr_line' id='line_1_8' title="bbox 331 915 964 990; baseline -0.003 -20"><span class='ocrx_word' id='word_1_43' title='bbox 331 921 499 990; x_wconf 77' lang='grc' dir='ltr'>ιερεῖς</span> <span class='ocrx_word' id='word_1_44' title='bbox 527 915 619 970; x_wconf 89' lang='grc' dir='ltr'><strong>καὶ</strong></span> <span class='ocrx_word' id='word_1_45' title='bbox 647 916 786 989; x_wconf 72' lang='grc' dir='ltr'>ἡγου</span> <span class='ocrx_word' id='word_1_46' title='bbox 794 934 964 987; x_wconf 86' lang='grc' dir='ltr'>μενοι.</span> 
     </span>
    </p>
   </div>
   <div class='ocr_carea' id='block_1_9' title="bbox 402 997 1990 1076">
    <p class='ocr_par' dir='ltr' id='par_1_9' title="bbox 402 997 1990 1076">
     <span class='ocr_line' id='line_1_9' title="bbox 402 997 1990 1076; baseline -0.006 -16"><span class='ocrx_word' id='word_1_47' title='bbox 402 1004 688 1074; x_wconf 85' lang='grc' dir='ltr'>Γεννηθείς</span> <span class='ocrx_word' id='word_1_48' title='bbox 734 1003 918 1057; x_wconf 77' lang='grc' dir='ltr'>τοίνυν</span> <span class='ocrx_word' id='word_1_49' title='bbox 978 1002 1006 1056; x_wconf 99' lang='lat'><strong>6</strong></span> <span class='ocrx_word' id='word_1_50' title='bbox 1061 1001 1293 1076; x_wconf 80' lang='grc' dir='ltr'>Χριστὸς</span> <span class='ocrx_word' id='word_1_51' title='bbox 1357 998 1470 1055; x_wconf 76' lang='grc' dir='ltr'>οὐδ’</span> <span class='ocrx_word' id='word_1_52' title='bbox 1528 999 1690 1062; x_wconf 78' lang='grc' dir='ltr'>αὐτὸς</span> <span class='ocrx_word' id='word_1_53' title='bbox 1744 997 1832 1054; x_wconf 74' lang='grc' dir='ltr'><strong>ἐπὶ</strong></span> <span class='ocrx_word' id='word_1_54' title='bbox 1888 1001 1990 1053; x_wconf 86' lang='grc' dir='ltr'><strong>τοῦ</strong></span> 
     </span>
    </p>
   </div>
   <div class='ocr_carea' id='block_1_10' title="bbox 330 1085 1989 1166">
    <p class='ocr_par' dir='ltr' id='par_1_10' title="bbox 330 1085 1989 1166">
     <span class='ocr_line' id='line_1_10' title="bbox 330 1085 1989 1166; baseline -0.005 -17"><span class='ocrx_word' id='word_1_55' title='bbox 330 1093 603 1163; x_wconf 79' lang='grc' dir='ltr'>αἰσθητοῦ</span> <span class='ocrx_word' id='word_1_56' title='bbox 632 1091 825 1166; x_wconf 84' lang='grc' dir='ltr'>θρόνου</span> <span class='ocrx_word' id='word_1_57' title='bbox 857 1085 1024 1145; x_wconf 78' lang='grc' dir='ltr'>Δαὸἱδ</span> <span class='ocrx_word' id='word_1_58' title='bbox 1082 1089 1344 1159; x_wconf 80' lang='grc' dir='ltr'><strong>ἐκάθισεν,</strong></span> <span class='ocrx_word' id='word_1_59' title='bbox 1403 1087 1552 1146; x_wconf 84' lang='grc' dir='ltr'><strong>ἀλλὰ</strong></span> <span class='ocrx_word' id='word_1_60' title='bbox 1600 1085 1793 1164; x_wconf 82' lang='grc' dir='ltr'>θρόνον</span> <span class='ocrx_word' id='word_1_61' title='bbox 1844 1086 1989 1163; x_wconf 68' lang='grc' dir='ltr'>λέγει</span> 
     </span>
    </p>
   </div>
   <div class='ocr_carea' id='block_1_11' title="bbox 337 1176 1990 1255">
    <p class='ocr_par' dir='ltr' id='par_1_11' title="bbox 337 1176 1990 1255">
     <span class='ocr_line' id='line_1_11' title="bbox 337 1176 1990 1255; baseline -0.005 -16"><span class='ocrx_word' id='word_1_62' title='bbox 337 1177 508 1239; x_wconf 75' lang='grc' dir='ltr'><strong>Δαόὶδ</strong></span> <span class='ocrx_word' id='word_1_63' title='bbox 535 1182 637 1250; x_wconf 76' lang='grc' dir='ltr'><strong>τήν</strong></span> <span class='ocrx_word' id='word_1_64' title='bbox 690 1179 1041 1255; x_wconf 84' lang='grc' dir='ltr'>ἂκαθαίρετον</span> <span class='ocrx_word' id='word_1_65' title='bbox 1087 1180 1177 1235; x_wconf 76' lang='grc' dir='ltr'><strong>καί</strong></span> <span class='ocrx_word' id='word_1_66' title='bbox 1221 1180 1449 1236; x_wconf 76' lang='grc' dir='ltr'>αἰώνιον</span> <span class='ocrx_word' id='word_1_67' title='bbox 1482 1177 1784 1254; x_wconf 87' lang='grc' dir='ltr'>βασιλείαν.</span> <span class='ocrx_word' id='word_1_68' title='bbox 1814 1176 1990 1239; x_wconf 78' lang='grc' dir='ltr'>Αὐτὸς</span> 
     </span>
    </p>
   </div>
   <div class='ocr_carea' id='block_1_12' title="bbox 334 1266 1990 1347">
    <p class='ocr_par' dir='ltr' id='par_1_12' title="bbox 334 1266 1990 1347">
     <span class='ocr_line' id='line_1_12' title="bbox 334 1266 1990 1347; baseline -0.004 -20"><span class='ocrx_word' id='word_1_69' title='bbox 334 1272 443 1347; x_wconf 81' lang='grc' dir='ltr'><strong>γάρ</strong></span> <span class='ocrx_word' id='word_1_70' title='bbox 501 1271 613 1327; x_wconf 82' lang='grc' dir='ltr'>ἐστι</span> <span class='ocrx_word' id='word_1_71' title='bbox 669 1267 971 1344; x_wconf 80' lang='grc' dir='ltr'>προσδοκία</span> <span class='ocrx_word' id='word_1_72' title='bbox 1027 1268 1216 1339; x_wconf 68' lang='grc' dir='ltr'>ἐθνῶν,</span> <span class='ocrx_word' id='word_1_73' title='bbox 1262 1268 1392 1347; x_wconf 79' lang='grc' dir='ltr'>οὐχὶ</span> <span class='ocrx_word' id='word_1_74' title='bbox 1418 1272 1516 1324; x_wconf 89' lang='grc' dir='ltr'><strong>τοῦ</strong></span> <span class='ocrx_word' id='word_1_75' title='bbox 1563 1266 1860 1343; x_wconf 77' lang='grc' dir='ltr'>ἐλαχίστου</span> <span class='ocrx_word' id='word_1_76' title='bbox 1893 1267 1990 1340; x_wconf 76' lang='grc' dir='ltr'><strong>μὲ-</strong></span> 
     </span>
    </p>
   </div>
   <div class='ocr_carea' id='block_1_13' title="bbox 338 1354 1994 1437">
    <p class='ocr_par' dir='ltr' id='par_1_13' title="bbox 338 1354 1994 1437">
     <span class='ocr_line' id='line_1_13' title="bbox 338 1354 1994 1437; baseline -0.005 -20"><span class='ocrx_word' id='word_1_77' title='bbox 338 1380 473 1435; x_wconf 90' lang='grc' dir='ltr'>ρους</span> <span class='ocrx_word' id='word_1_78' title='bbox 528 1364 631 1425; x_wconf 79' lang='grc' dir='ltr'><strong>τῆς</strong></span> <span class='ocrx_word' id='word_1_79' title='bbox 690 1359 1040 1432; x_wconf 64' lang='grc' dir='ltr'>οἰκουμένης.</span> <span class='ocrx_word' id='word_1_80' title='bbox 1095 1381 1123 1411; x_wconf 72' lang='grc' dir='ltr'><strong><em>κ</em></strong></span> <span class='ocrx_word' id='word_1_81' title='bbox 1164 1363 1353 1415; x_wconf 83' lang='grc' dir='ltr'>Ἔσται</span> <span class='ocrx_word' id='word_1_82' title='bbox 1404 1358 1529 1432; x_wconf 81' lang='grc' dir='ltr'>γὰρ,</span> <span class='ocrx_word' id='word_1_83' title='bbox 1587 1357 1837 1437; x_wconf 71' lang='grc' dir='ltr'>φησὶνιὴ</span> <span class='ocrx_word' id='word_1_84' title='bbox 1871 1354 1994 1430; x_wconf 83' lang='grc' dir='ltr'>ῥίζα</span> 
     </span>
    </p>
   </div>
   <div class='ocr_carea' id='block_1_14' title="bbox 328 1442 1991 1525">
    <p class='ocr_par' dir='ltr' id='par_1_14' title="bbox 328 1442 1991 1525">
     <span class='ocr_line' id='line_1_14' title="bbox 328 1442 1991 1525; baseline -0.004 -19"><span class='ocrx_word' id='word_1_85' title='bbox 328 1454 434 1506; x_wconf 89' lang='grc' dir='ltr'><strong>τοῦ</strong></span> <span class='ocrx_word' id='word_1_86' title='bbox 499 1448 691 1505; x_wconf 84' lang='grc' dir='ltr'>Ἰεσσαὶ</span> <span class='ocrx_word' id='word_1_87' title='bbox 772 1445 863 1503; x_wconf 84' lang='grc' dir='ltr'>καί</span> <span class='ocrx_word' id='word_1_88' title='bbox 919 1449 949 1503; x_wconf 90' lang='grc' dir='ltr'>ὁ</span> <span class='ocrx_word' id='word_1_89' title='bbox 1003 1446 1355 1520; x_wconf 82' lang='grc' dir='ltr'>ἀνιστάμενον</span> <span class='ocrx_word' id='word_1_90' title='bbox 1410 1444 1602 1525; x_wconf 78' lang='grc' dir='ltr'>ἄρχειν</span> <span class='ocrx_word' id='word_1_91' title='bbox 1661 1444 1850 1510; x_wconf 72' lang='grc' dir='ltr'><strong>ἐθνῶν⁵</strong></span> <span class='ocrx_word' id='word_1_92' title='bbox 1908 1442 1991 1499; x_wconf 65' lang='lat' dir='ltr'><strong>in’</strong></span> 
     </span>
    </p>
   </div>
   <div class='ocr_carea' id='block_1_15' title="bbox 334 1532 1991 1612">
    <p class='ocr_par' dir='ltr' id='par_1_15' title="bbox 334 1532 1991 1612">
     <span class='ocr_line' id='line_1_15' title="bbox 334 1532 1991 1612; baseline -0.003 -18"><span class='ocrx_word' id='word_1_93' title='bbox 334 1538 491 1612; x_wconf 82' lang='grc' dir='ltr'><strong>αὐτῷ</strong></span> <span class='ocrx_word' id='word_1_94' title='bbox 509 1536 635 1609; x_wconf 80' lang='grc' dir='ltr'>ἔθνη</span> <span class='ocrx_word' id='word_1_95' title='bbox 684 1536 954 1593; x_wconf 77' lang='grc' dir='ltr'>ἐλπιοῦσι·</span> <span class='ocrx_word' id='word_1_96' title='bbox 990 1559 1019 1589; x_wconf 89' lang='grc'><strong>››</strong></span> <span class='ocrx_word' id='word_1_97' title='bbox 1046 1537 1138 1592; x_wconf 86' lang='grc' dir='ltr'><strong>καὶ</strong></span> <span class='ocrx_word' id='word_1_98' title='bbox 1169 1560 1199 1589; x_wconf 83' lang='grc' dir='ltr'><strong>ιι</strong></span> <span class='ocrx_word' id='word_1_99' title='bbox 1229 1534 1454 1592; x_wconf 68' lang='grc' dir='ltr'>Τέθεικά</span> <span class='ocrx_word' id='word_1_100' title='bbox 1482 1556 1541 1590; x_wconf 91' lang='grc' dir='ltr'><strong>σε</strong></span> <span class='ocrx_word' id='word_1_101' title='bbox 1597 1536 1672 1598; x_wconf 85' lang='grc' dir='ltr'><strong>εἰς</strong></span> <span class='ocrx_word' id='word_1_102' title='bbox 1729 1532 1991 1606; x_wconf 70' lang='grc' dir='ltr'>διαθήκην</span> 
     </span>
    </p>
   </div>
   <div class='ocr_carea' id='block_1_16' title="bbox 340 1623 1998 1704">
    <p class='ocr_par' dir='ltr' id='par_1_16' title="bbox 340 1623 1998 1704">
     <span class='ocr_line' id='line_1_16' title="bbox 340 1623 1998 1704; baseline -0.004 -19"><span class='ocrx_word' id='word_1_103' title='bbox 340 1630 560 1704; x_wconf 77' lang='grc' dir='ltr'>γένους,</span> <span class='ocrx_word' id='word_1_104' title='bbox 594 1629 672 1691; x_wconf 80' lang='grc' dir='ltr'>εἷς</span> <span class='ocrx_word' id='word_1_105' title='bbox 703 1631 822 1701; x_wconf 86' lang='grc' dir='ltr'><strong>φῶς</strong></span> <span class='ocrx_word' id='word_1_106' title='bbox 852 1626 1040 1692; x_wconf 68' lang='grc' dir='ltr'>ἆθνῶν·</span> <span class='ocrx_word' id='word_1_107' title='bbox 1074 1650 1104 1679; x_wconf 80' lang='grc'>››</span> <span class='ocrx_word' id='word_1_108' title='bbox 1136 1628 1226 1682; x_wconf 76' lang='grc' dir='ltr'><strong>καὶ</strong></span> <span class='ocrx_word' id='word_1_109' title='bbox 1261 1650 1290 1679; x_wconf 80' lang='grc' dir='ltr'><strong>ιι</strong></span> <span class='ocrx_word' id='word_1_110' title='bbox 1316 1628 1564 1700; x_wconf 79' lang='grc' dir='ltr'>Θήσομαι</span> <span class='ocrx_word' id='word_1_111' title='bbox 1595 1623 1670 1689; x_wconf 79' lang='grc' dir='ltr'><strong>εἰς</strong></span> <span class='ocrx_word' id='word_1_112' title='bbox 1702 1626 1794 1681; x_wconf 88' lang='grc' dir='ltr'>τὸν</span> <span class='ocrx_word' id='word_1_113' title='bbox 1827 1625 1998 1681; x_wconf 76' lang='grc' dir='ltr'>αἰῶνα</span> 
     </span>
    </p>
   </div>
   <div class='ocr_carea' id='block_1_17' title="bbox 348 1713 1999 1791">
    <p class='ocr_par' dir='ltr' id='par_1_17' title="bbox 348 1713 1999 1791">
     <span class='ocr_line' id='line_1_17' title="bbox 348 1713 1999 1791; baseline -0.002 -19"><span class='ocrx_word' id='word_1_114' title='bbox 348 1721 451 1772; x_wconf 84' lang='grc' dir='ltr'><strong>τοῦ</strong></span> <span class='ocrx_word' id='word_1_115' title='bbox 490 1717 688 1779; x_wconf 78' lang='grc' dir='ltr'>αἰῶνος</span> <span class='ocrx_word' id='word_1_116' title='bbox 716 1715 781 1771; x_wconf 82' lang='grc' dir='ltr'>τὸ</span> <span class='ocrx_word' id='word_1_117' title='bbox 820 1717 1037 1791; x_wconf 73' lang='grc' dir='ltr'>σπέρμα</span> <span class='ocrx_word' id='word_1_118' title='bbox 1065 1715 1254 1784; x_wconf 81' lang='grc' dir='ltr'>αὐτοῦ,</span> <span class='ocrx_word' id='word_1_119' title='bbox 1294 1715 1386 1770; x_wconf 82' lang='grc' dir='ltr'>καὶ</span> <span class='ocrx_word' id='word_1_120' title='bbox 1442 1714 1536 1770; x_wconf 87' lang='grc' dir='ltr'><strong>τὸν</strong></span> <span class='ocrx_word' id='word_1_121' title='bbox 1589 1713 1779 1789; x_wconf 79' lang='grc' dir='ltr'>θρόνον</span> <span class='ocrx_word' id='word_1_122' title='bbox 1832 1713 1999 1769; x_wconf 73' lang='grc' dir='ltr'>αὐτοῦ</span> 
     </span>
    </p>
   </div>
   <div class='ocr_carea' id='block_1_18' title="bbox 342 1800 1999 1881">
    <p class='ocr_par' dir='ltr' id='par_1_18' title="bbox 342 1800 1999 1881">
     <span class='ocr_line' id='line_1_18' title="bbox 342 1800 1999 1881; baseline -0.002 -21"><span class='ocrx_word' id='word_1_123' title='bbox 342 1806 423 1868; x_wconf 80' lang='grc' dir='ltr'><strong>ὡς</strong></span> <span class='ocrx_word' id='word_1_124' title='bbox 452 1805 549 1868; x_wconf 75' lang='grc' dir='ltr'><strong>τάς</strong></span> <span class='ocrx_word' id='word_1_125' title='bbox 575 1804 785 1880; x_wconf 72' lang='grc' dir='ltr'>ἡμέρας</span> <span class='ocrx_word' id='word_1_126' title='bbox 807 1808 907 1861; x_wconf 88' lang='grc' dir='ltr'><strong>τοῦ</strong></span> <span class='ocrx_word' id='word_1_127' title='bbox 937 1803 1185 1881; x_wconf 81' lang='grc' dir='ltr'>ούρανοῦ.</span> <span class='ocrx_word' id='word_1_128' title='bbox 1219 1827 1250 1856; x_wconf 81' lang='grc'><strong>››</strong></span> <span class='ocrx_word' id='word_1_129' title='bbox 1283 1804 1458 1867; x_wconf 82' lang='grc' dir='ltr'>Οὗτος</span> <span class='ocrx_word' id='word_1_130' title='bbox 1486 1803 1577 1858; x_wconf 82' lang='grc' dir='ltr'>οὖν</span> <span class='ocrx_word' id='word_1_131' title='bbox 1617 1804 1705 1858; x_wconf 85' lang='grc' dir='ltr'><strong>καὶ</strong></span> <span class='ocrx_word' id='word_1_132' title='bbox 1744 1800 1999 1879; x_wconf 79' lang='grc' dir='ltr'>βασιλεὺς</span> 
     </span>
    </p>
   </div>
   <div class='ocr_carea' id='block_1_19' title="bbox 338 1891 1995 1973">
    <p class='ocr_par' dir='ltr' id='par_1_19' title="bbox 338 1891 1995 1973">
     <span class='ocr_line' id='line_1_19' title="bbox 338 1891 1995 1973; baseline -0.001 -23"><span class='ocrx_word' id='word_1_133' title='bbox 338 1895 525 1965; x_wconf 83' lang='grc' dir='ltr'>πάσης</span> <span class='ocrx_word' id='word_1_134' title='bbox 553 1901 653 1965; x_wconf 78' lang='grc' dir='ltr'><strong>τῆς</strong></span> <span class='ocrx_word' id='word_1_135' title='bbox 677 1902 782 1973; x_wconf 77' lang='grc' dir='ltr'>γῆς</span> <span class='ocrx_word' id='word_1_136' title='bbox 815 1891 1106 1969; x_wconf 71' lang='grc' dir='ltr'>διέμεινεν,</span> <span class='ocrx_word' id='word_1_137' title='bbox 1137 1893 1188 1949; x_wconf 82' lang='grc' dir='ltr'><strong>εἷ’</strong></span> <span class='ocrx_word' id='word_1_138' title='bbox 1214 1895 1307 1949; x_wconf 82' lang='grc' dir='ltr'><strong>καὶ</strong></span> <span class='ocrx_word' id='word_1_139' title='bbox 1336 1895 1412 1966; x_wconf 82' lang='grc' dir='ltr'>μή</span> <span class='ocrx_word' id='word_1_140' title='bbox 1470 1892 1538 1948; x_wconf 76' lang='grc' dir='ltr'><strong>τὰ</strong></span> <span class='ocrx_word' id='word_1_141' title='bbox 1593 1897 1843 1969; x_wconf 79' lang='grc' dir='ltr'>σκῆπτρα</span> <span class='ocrx_word' id='word_1_142' title='bbox 1894 1899 1995 1963; x_wconf 82' lang='grc' dir='ltr'>τῆς</span> 
     </span>
    </p>
   </div>
   <div class='ocr_carea' id='block_1_20' title="bbox 335 1979 1995 2059">
    <p class='ocr_par' dir='ltr' id='par_1_20' title="bbox 335 1979 1995 2059">
     <span class='ocr_line' id='line_1_20' title="bbox 335 1979 1995 2059; baseline 0.001 -22"><span class='ocrx_word' id='word_1_143' title='bbox 335 1980 611 2045; x_wconf 82' lang='grc' dir='ltr'>Ἰουδαίας</span> <span class='ocrx_word' id='word_1_144' title='bbox 666 1980 943 2058; x_wconf 74' lang='grc' dir='ltr'>παρέλαϐε</span> <span class='ocrx_word' id='word_1_145' title='bbox 972 2026 987 2052; x_wconf 93' lang='grc'><strong>,</strong></span> <span class='ocrx_word' id='word_1_146' title='bbox 1039 1981 1130 2038; x_wconf 83' lang='grc' dir='ltr'><strong>καὶ</strong></span> <span class='ocrx_word' id='word_1_147' title='bbox 1204 1979 1462 2059; x_wconf 78' lang='grc' dir='ltr'>βασίλεὺς</span> <span class='ocrx_word' id='word_1_148' title='bbox 1505 1980 1682 2053; x_wconf 82' lang='grc' dir='ltr'>πάσης</span> <span class='ocrx_word' id='word_1_149' title='bbox 1735 1989 1837 2052; x_wconf 78' lang='grc' dir='ltr'>τῆς</span> <span class='ocrx_word' id='word_1_150' title='bbox 1891 1989 1995 2058; x_wconf 85' lang='grc' dir='ltr'>γῆς</span> 
     </span>
    </p>
   </div>
   <div class='ocr_carea' id='block_1_21' title="bbox 338 2065 1996 2147">
    <p class='ocr_par' dir='ltr' id='par_1_21' title="bbox 338 2065 1996 2147">
     <span class='ocr_line' id='line_1_21' title="bbox 338 2065 1996 2147; baseline -0.002 -19"><span class='ocrx_word' id='word_1_151' title='bbox 338 2071 529 2128; x_wconf 74' lang='grc' dir='ltr'>ἱστινὸ</span> <span class='ocrx_word' id='word_1_152' title='bbox 544 2072 699 2134; x_wconf 73' lang='grc' dir='ltr'>Θεόςο</span> <span class='ocrx_word' id='word_1_153' title='bbox 721 2071 827 2128; x_wconf 79' lang='grc' dir='ltr'>Καὶ</span> <span class='ocrx_word' id='word_1_154' title='bbox 841 2073 877 2136; x_wconf 73' lang='grc' dir='ltr'>ἢ</span> <span class='ocrx_word' id='word_1_155' title='bbox 896 2070 1174 2147; x_wconf 71' lang='grc' dir='ltr'>ἐλευθερία</span> <span class='ocrx_word' id='word_1_156' title='bbox 1202 2075 1299 2126; x_wconf 86' lang='grc' dir='ltr'><strong>τοῦ</strong></span> <span class='ocrx_word' id='word_1_157' title='bbox 1330 2065 1524 2128; x_wconf 74' lang='grc' dir='ltr'>Ἰακὼϐ</span> <span class='ocrx_word' id='word_1_158' title='bbox 1554 2066 1883 2141; x_wconf 73' lang='grc' dir='ltr'>ἐϐεϐαιώθη.</span> <span class='ocrx_word' id='word_1_159' title='bbox 1905 2070 1996 2126; x_wconf 90' lang='grc' dir='ltr'><strong>καὶ</strong></span> 
     </span>
    </p>
   </div>
   <div class='ocr_carea' id='block_1_22' title="bbox 335 2158 1996 2240">
    <p class='ocr_par' dir='ltr' id='par_1_22' title="bbox 335 2158 1996 2240">
     <span class='ocr_line' id='line_1_22' title="bbox 335 2158 1996 2240; baseline -0.001 -24"><span class='ocrx_word' id='word_1_160' title='bbox 335 2159 778 2238; x_wconf 80' lang='grc' dir='ltr'>ἐνευλογήθησαν</span> <span class='ocrx_word' id='word_1_161' title='bbox 811 2160 862 2215; x_wconf 72' lang='grc' dir='ltr'>ἐν</span> <span class='ocrx_word' id='word_1_162' title='bbox 893 2166 973 2233; x_wconf 84' lang='grc' dir='ltr'><strong>τῷ</strong></span> <span class='ocrx_word' id='word_1_163' title='bbox 1031 2159 1301 2235; x_wconf 73' lang='grc' dir='ltr'>σπέρματι</span> <span class='ocrx_word' id='word_1_164' title='bbox 1353 2161 1522 2217; x_wconf 80' lang='grc' dir='ltr'>αὐτοῦ</span> <span class='ocrx_word' id='word_1_165' title='bbox 1548 2165 1713 2216; x_wconf 82' lang='grc' dir='ltr'>πᾶσαι</span> <span class='ocrx_word' id='word_1_166' title='bbox 1742 2161 1799 2215; x_wconf 69' lang='grc' dir='ltr'>αἱ</span> <span class='ocrx_word' id='word_1_167' title='bbox 1828 2158 1996 2240; x_wconf 81' lang='grc' dir='ltr'>φυλαὶ</span> 
     </span>
    </p>
   </div>
   <div class='ocr_carea' id='block_1_23' title="bbox 338 2239 1994 2323">
    <p class='ocr_par' dir='ltr' id='par_1_23' title="bbox 338 2239 1994 2323">
     <span class='ocr_line' id='line_1_23' title="bbox 338 2239 1994 2323; baseline 0.002 -22"><span class='ocrx_word' id='word_1_168' title='bbox 338 2253 445 2317; x_wconf 81' lang='grc' dir='ltr'><strong>τῆς</strong></span> <span class='ocrx_word' id='word_1_169' title='bbox 474 2252 601 2323; x_wconf 82' lang='grc' dir='ltr'>γῆς,</span> <span class='ocrx_word' id='word_1_170' title='bbox 630 2246 720 2301; x_wconf 79' lang='grc' dir='ltr'><strong>καί</strong></span> <span class='ocrx_word' id='word_1_171' title='bbox 751 2245 926 2302; x_wconf 87' lang='grc' dir='ltr'>πάντα</span> <span class='ocrx_word' id='word_1_172' title='bbox 952 2246 1020 2301; x_wconf 78' lang='grc' dir='ltr'><strong>τά</strong></span> <span class='ocrx_word' id='word_1_173' title='bbox 1048 2239 1177 2316; x_wconf 84' lang='grc' dir='ltr'>ἔθνη</span> <span class='ocrx_word' id='word_1_174' title='bbox 1227 2250 1552 2320; x_wconf 86' lang='grc' dir='ltr'>μακαριοῦσι</span> <span class='ocrx_word' id='word_1_175' title='bbox 1607 2246 1699 2302; x_wconf 88' lang='grc' dir='ltr'>τὸν</span> <span class='ocrx_word' id='word_1_176' title='bbox 1733 2239 1994 2321; x_wconf 83' lang='grc' dir='ltr'>Χριστόν.</span> 
     </span>
    </p>
   </div>
   <div class='ocr_carea' id='block_1_24' title="bbox 414 2332 1995 2414">
    <p class='ocr_par' dir='ltr' id='par_1_24' title="bbox 414 2332 1995 2414">
     <span class='ocr_line' id='line_1_24' title="bbox 414 2332 1995 2414; baseline -0.001 -22"><span class='ocrx_word' id='word_1_177' title='bbox 414 2338 530 2392; x_wconf 76' lang='grc' dir='ltr'>Ἵνα</span> <span class='ocrx_word' id='word_1_178' title='bbox 558 2332 619 2391; x_wconf 74' lang='grc' dir='ltr'>δὲ</span> <span class='ocrx_word' id='word_1_179' title='bbox 662 2334 985 2413; x_wconf 74' lang='grc' dir='ltr'>σαφέστερον</span> <span class='ocrx_word' id='word_1_180' title='bbox 1039 2334 1262 2411; x_wconf 73' lang='grc' dir='ltr'>γένηται</span> <span class='ocrx_word' id='word_1_181' title='bbox 1317 2339 1434 2398; x_wconf 88' lang='grc' dir='ltr'><strong>πῶς</strong></span> <span class='ocrx_word' id='word_1_182' title='bbox 1471 2338 1507 2406; x_wconf 76' lang='grc' dir='ltr'><strong>ἡ</strong></span> <span class='ocrx_word' id='word_1_183' title='bbox 1540 2336 1786 2411; x_wconf 77' lang='grc' dir='ltr'>ἱερατικὴ</span> <span class='ocrx_word' id='word_1_184' title='bbox 1846 2333 1995 2414; x_wconf 84' lang='grc' dir='ltr'><strong>φυλή</strong></span> 
     </span>
    </p>
   </div>
   <div class='ocr_carea' id='block_1_25' title="bbox 337 2421 1997 2499">
    <p class='ocr_par' dir='ltr' id='par_1_25' title="bbox 337 2421 1997 2499">
     <span class='ocr_line' id='line_1_25' title="bbox 337 2421 1997 2499; baseline -0.001 -20"><span class='ocrx_word' id='word_1_185' title='bbox 337 2422 509 2498; x_wconf 74' lang='grc' dir='ltr'>ἐμίγη</span> <span class='ocrx_word' id='word_1_186' title='bbox 540 2428 611 2498; x_wconf 78' lang='grc' dir='ltr'><strong>τῇ</strong></span> <span class='ocrx_word' id='word_1_187' title='bbox 664 2423 948 2499; x_wconf 71' lang='grc' dir='ltr'>βασιλικῇ,</span> <span class='ocrx_word' id='word_1_188' title='bbox 997 2422 1226 2497; x_wconf 68' lang='grc' dir='ltr'>λέξομεν</span> <span class='ocrx_word' id='word_1_189' title='bbox 1277 2423 1473 2489; x_wconf 77' lang='grc' dir='ltr'>οὕτως.</span> <span class='ocrx_word' id='word_1_190' title='bbox 1527 2426 1589 2483; x_wconf 72' lang='grc' dir='ltr'>Ὀ</span> <span class='ocrx_word' id='word_1_191' title='bbox 1641 2426 1734 2498; x_wconf 71' lang='grc' dir='ltr'>μὶν</span> <span class='ocrx_word' id='word_1_192' title='bbox 1792 2421 1997 2486; x_wconf 83' lang='grc' dir='ltr'>Ἰούδας</span> 
     </span>
    </p>
   </div>
   <div class='ocr_carea' id='block_1_26' title="bbox 339 2510 1999 2591">
    <p class='ocr_par' dir='ltr' id='par_1_26' title="bbox 339 2510 1999 2591">
     <span class='ocr_line' id='line_1_26' title="bbox 339 2510 1999 2591; baseline 0 -22"><span class='ocrx_word' id='word_1_193' title='bbox 339 2513 601 2588; x_wconf 72' lang='grc' dir='ltr'>ἐγέννησε</span> <span class='ocrx_word' id='word_1_194' title='bbox 641 2514 736 2569; x_wconf 84' lang='grc' dir='ltr'>τὸν</span> <span class='ocrx_word' id='word_1_195' title='bbox 794 2515 968 2589; x_wconf 73' lang='grc' dir='ltr'>Φαρὲς</span> <span class='ocrx_word' id='word_1_196' title='bbox 1024 2515 1054 2569; x_wconf 90' lang='lat'><strong>6</strong></span> <span class='ocrx_word' id='word_1_197' title='bbox 1101 2511 1160 2569; x_wconf 74' lang='grc' dir='ltr'>δὲ</span> <span class='ocrx_word' id='word_1_198' title='bbox 1216 2515 1390 2588; x_wconf 77' lang='grc' dir='ltr'>Φαρὲς</span> <span class='ocrx_word' id='word_1_199' title='bbox 1442 2515 1535 2570; x_wconf 86' lang='grc' dir='ltr'>τὸν</span> <span class='ocrx_word' id='word_1_200' title='bbox 1595 2515 1840 2591; x_wconf 86' lang='grc' dir='ltr'>Ἐσρὼμ,</span> <span class='ocrx_word' id='word_1_201' title='bbox 1880 2515 1908 2569; x_wconf 86' lang='lat'><strong>6</strong></span> <span class='ocrx_word' id='word_1_202' title='bbox 1941 2510 1999 2569; x_wconf 71' lang='grc' dir='ltr'>δὲ</span> 
     </span>
    </p>
   </div>
   <div class='ocr_carea' id='block_1_27' title="bbox 339 2600 1999 2678">
    <p class='ocr_par' dir='ltr' id='par_1_27' title="bbox 339 2600 1999 2678">
     <span class='ocr_line' id='line_1_27' title="bbox 339 2600 1999 2678; baseline -0.001 -19"><span class='ocrx_word' id='word_1_203' title='bbox 339 2604 570 2677; x_wconf 80' lang='grc' dir='ltr'>Ἑσρὼμ</span> <span class='ocrx_word' id='word_1_204' title='bbox 623 2603 716 2658; x_wconf 88' lang='grc' dir='ltr'>τὸν</span> <span class='ocrx_word' id='word_1_205' title='bbox 772 2604 970 2678; x_wconf 84' lang='grc' dir='ltr'>Ἀρὰμ,</span> <span class='ocrx_word' id='word_1_206' title='bbox 1031 2604 1059 2658; x_wconf 89' lang='lat'><strong>6</strong></span> <span class='ocrx_word' id='word_1_207' title='bbox 1118 2601 1176 2658; x_wconf 75' lang='grc' dir='ltr'>δὲ</span> <span class='ocrx_word' id='word_1_208' title='bbox 1225 2604 1405 2678; x_wconf 79' lang='grc' dir='ltr'>Ἀρὰμ</span> <span class='ocrx_word' id='word_1_209' title='bbox 1452 2604 1542 2659; x_wconf 85' lang='grc' dir='ltr'>τὸν</span> <span class='ocrx_word' id='word_1_210' title='bbox 1599 2600 1935 2676; x_wconf 78' lang='grc' dir='ltr'>Ἀμιναδάμ,</span> <span class='ocrx_word' id='word_1_211' title='bbox 1969 2603 1999 2657; x_wconf 87' lang='lat'><strong>6</strong></span> 
     </span>
    </p>
   </div>
   <div class='ocr_carea' id='block_1_28' title="bbox 339 2688 1996 2765">
    <p class='ocr_par' dir='ltr' id='par_1_28' title="bbox 339 2688 1996 2765">
     <span class='ocr_line' id='line_1_28' title="bbox 339 2688 1996 2765; baseline 0.001 -19"><span class='ocrx_word' id='word_1_212' title='bbox 339 2688 403 2747; x_wconf 71' lang='grc' dir='ltr'>δὲ</span> <span class='ocrx_word' id='word_1_213' title='bbox 434 2689 759 2765; x_wconf 75' lang='grc' dir='ltr'>Ἀμιναδὰμ</span> <span class='ocrx_word' id='word_1_214' title='bbox 783 2693 879 2747; x_wconf 88' lang='grc' dir='ltr'><strong>τὸν</strong></span> <span class='ocrx_word' id='word_1_215' title='bbox 927 2693 1179 2765; x_wconf 86' lang='grc' dir='ltr'>Νασσὼν,</span> <span class='ocrx_word' id='word_1_216' title='bbox 1212 2693 1241 2747; x_wconf 87' lang='lat'><strong>6</strong></span> <span class='ocrx_word' id='word_1_217' title='bbox 1272 2689 1329 2748; x_wconf 67' lang='grc' dir='ltr'>δὲ</span> <span class='ocrx_word' id='word_1_218' title='bbox 1381 2693 1645 2754; x_wconf 89' lang='grc' dir='ltr'>Ναασσὼν</span> <span class='ocrx_word' id='word_1_219' title='bbox 1702 2693 1792 2748; x_wconf 79' lang='grc' dir='ltr'><strong>τὸν</strong></span> <span class='ocrx_word' id='word_1_220' title='bbox 1849 2691 1996 2749; x_wconf 86' lang='grc' dir='ltr'>Σαλ-</span> 
     </span>
    </p>
   </div>
   <div class='ocr_carea' id='block_1_29' title="bbox 345 2777 1994 2855">
    <p class='ocr_par' dir='ltr' id='par_1_29' title="bbox 345 2777 1994 2855">
     <span class='ocr_line' id='line_1_29' title="bbox 345 2777 1994 2855; baseline -0.001 -18"><span class='ocrx_word' id='word_1_221' title='bbox 345 2781 489 2855; x_wconf 80' lang='grc' dir='ltr'>μὼν,</span> <span class='ocrx_word' id='word_1_222' title='bbox 528 2782 557 2837; x_wconf 97' lang='lat'><strong>6</strong></span> <span class='ocrx_word' id='word_1_223' title='bbox 598 2779 659 2837; x_wconf 71' lang='grc' dir='ltr'>δὲ</span> <span class='ocrx_word' id='word_1_224' title='bbox 687 2780 926 2855; x_wconf 88' lang='grc' dir='ltr'>Σαλμὼν</span> <span class='ocrx_word' id='word_1_225' title='bbox 980 2783 1074 2837; x_wconf 89' lang='grc' dir='ltr'><strong>τὸν</strong></span> <span class='ocrx_word' id='word_1_226' title='bbox 1131 2782 1292 2852; x_wconf 85' lang='grc' dir='ltr'>Βόοζ,</span> <span class='ocrx_word' id='word_1_227' title='bbox 1352 2781 1488 2852; x_wconf 83' lang='grc' dir='ltr'>Βόοζ</span> <span class='ocrx_word' id='word_1_228' title='bbox 1539 2779 1599 2838; x_wconf 68' lang='grc' dir='ltr'>δὲ</span> <span class='ocrx_word' id='word_1_229' title='bbox 1653 2782 1745 2838; x_wconf 85' lang='grc' dir='ltr'>τὸν</span> <span class='ocrx_word' id='word_1_230' title='bbox 1805 2777 1994 2852; x_wconf 73' lang='grc' dir='ltr'>Ὠϐἠδ,</span> 
     </span>
    </p>
   </div>
   <div class='ocr_carea' id='block_1_30' title="bbox 344 2865 1996 2946">
    <p class='ocr_par' dir='ltr' id='par_1_30' title="bbox 344 2865 1996 2946">
     <span class='ocr_line' id='line_1_30' title="bbox 344 2865 1996 2946; baseline 0 -21"><span class='ocrx_word' id='word_1_231' title='bbox 344 2865 519 2940; x_wconf 75' lang='grc' dir='ltr'><strong>Ὠὄήδ</strong></span> <span class='ocrx_word' id='word_1_232' title='bbox 549 2868 608 2926; x_wconf 75' lang='grc' dir='ltr'>δὲ</span> <span class='ocrx_word' id='word_1_233' title='bbox 643 2871 736 2926; x_wconf 83' lang='grc' dir='ltr'>τὸν</span> <span class='ocrx_word' id='word_1_234' title='bbox 793 2872 1006 2939; x_wconf 84' lang='grc' dir='ltr'>Ἰεσσαὶ,</span> <span class='ocrx_word' id='word_1_235' title='bbox 1038 2872 1067 2926; x_wconf 89' lang='lat'><strong>6</strong></span> <span class='ocrx_word' id='word_1_236' title='bbox 1099 2868 1157 2927; x_wconf 74' lang='grc' dir='ltr'>δὲ</span> <span class='ocrx_word' id='word_1_237' title='bbox 1215 2871 1407 2928; x_wconf 86' lang='grc' dir='ltr'>Ἰεσσαὶ</span> <span class='ocrx_word' id='word_1_238' title='bbox 1466 2866 1631 2927; x_wconf 75' lang='grc' dir='ltr'>Δαϐἱδ</span> <span class='ocrx_word' id='word_1_239' title='bbox 1688 2870 1780 2927; x_wconf 84' lang='grc' dir='ltr'>τὸν</span> <span class='ocrx_word' id='word_1_240' title='bbox 1843 2874 1996 2946; x_wconf 86' lang='grc' dir='ltr'>βασι-</span> 
     </span>
    </p>
   </div>
   <div class='ocr_carea' id='block_1_31' title="bbox 342 2959 1996 3037">
    <p class='ocr_par' dir='ltr' id='par_1_31' title="bbox 342 2959 1996 3037">
     <span class='ocr_line' id='line_1_31' title="bbox 342 2959 1920 3017; baseline -0.003 -32"><span class='ocrx_word' id='word_1_241' title='bbox 342 2959 407 3017; x_wconf 69' lang='grc' dir='ltr'><strong>λὲ</strong></span> <span class='ocrx_word' id='word_1_242' title='bbox 513 2964 526 2985; x_wconf 77' lang='grc' dir='ltr'><strong>ν</strong></span> <span class='ocrx_word' id='word_1_243' title='bbox 652 2962 665 2980; x_wconf 74' lang='grc' dir='ltr'><strong>ι</strong></span> <span class='ocrx_word' id='word_1_244' title='bbox 755 2963 779 2980; x_wconf 71' lang='lat' dir='ltr'><strong>r</strong></span> <span class='ocrx_word' id='word_1_245' title='bbox 1108 2962 1122 2981; x_wconf 61' lang='grc' dir='ltr'><strong>ς</strong></span> <span class='ocrx_word' id='word_1_246' title='bbox 1280 2964 1334 2999; x_wconf 51' lang='grc' dir='ltr'>τ’</span> <span class='ocrx_word' id='word_1_247' title='bbox 1572 2967 1598 2977; x_wconf 66' lang='grc' dir='ltr'><strong><em>ν</em></strong></span> <span class='ocrx_word' id='word_1_248' title='bbox 1657 2964 1670 2989; x_wconf 64' lang='grc' dir='ltr'><strong>ι</strong></span> <span class='ocrx_word' id='word_1_249' title='bbox 1869 2960 1920 2981; x_wconf 61' lang='grc' dir='ltr'><strong>ἐι</strong></span> 
     </span>
     <span class='ocr_line' id='line_1_32' title="bbox 410 2963 1996 3037; baseline -0.001 -19"><span class='ocrx_word' id='word_1_250' title='bbox 410 2983 463 3020; x_wconf 82' lang='grc' dir='ltr'>α.</span> <span class='ocrx_word' id='word_1_251' title='bbox 530 2966 668 3021; x_wconf 86' lang='grc' dir='ltr'>Επει</span> <span class='ocrx_word' id='word_1_252' title='bbox 716 2983 810 3017; x_wconf 88' lang='grc' dir='ltr'><strong>υυν</strong></span> <span class='ocrx_word' id='word_1_253' title='bbox 856 2963 885 3017; x_wconf 91' lang='lat'><strong>6</strong></span> <span class='ocrx_word' id='word_1_254' title='bbox 942 2964 1168 3019; x_wconf 86' lang='grc' dir='ltr'>Ναασων</span> <span class='ocrx_word' id='word_1_255' title='bbox 1216 2963 1333 3027; x_wconf 64' lang='lat' dir='ltr'><strong>uio,</strong></span> <span class='ocrx_word' id='word_1_256' title='bbox 1382 2963 1448 3033; x_wconf 83' lang='grc' dir='ltr'>ἦν</span> <span class='ocrx_word' id='word_1_257' title='bbox 1505 2984 1603 3018; x_wconf 90' lang='grc' dir='ltr'><strong>του</strong></span> <span class='ocrx_word' id='word_1_258' title='bbox 1677 2973 1996 3037; x_wconf 81' lang='grc' dir='ltr'>Αμιναοαμ,</span> 
     </span>
    </p>
   </div>
   <div class='ocr_carea' id='block_1_32' title="bbox 342 3047 1995 3129">
    <p class='ocr_par' dir='ltr' id='par_1_32' title="bbox 342 3047 1995 3129">
     <span class='ocr_line' id='line_1_33' title="bbox 342 3047 1995 3129; baseline 0 -23"><span class='ocrx_word' id='word_1_259' title='bbox 342 3052 545 3107; x_wconf 82' lang='grc' dir='ltr'>τούτου</span> <span class='ocrx_word' id='word_1_260' title='bbox 603 3051 702 3121; x_wconf 81' lang='grc' dir='ltr'>τὴν</span> <span class='ocrx_word' id='word_1_261' title='bbox 754 3047 993 3120; x_wconf 75' lang='grc' dir='ltr'>ἀδελφὴν</span> <span class='ocrx_word' id='word_1_262' title='bbox 1062 3048 1347 3108; x_wconf 80' lang='grc' dir='ltr'>Ἐλισάϐετ</span> <span class='ocrx_word' id='word_1_263' title='bbox 1398 3053 1633 3128; x_wconf 75' lang='grc' dir='ltr'>ἠγάγετο</span> <span class='ocrx_word' id='word_1_264' title='bbox 1694 3057 1923 3129; x_wconf 84' lang='grc' dir='ltr'>γυναῖκα</span> <span class='ocrx_word' id='word_1_265' title='bbox 1967 3053 1995 3106; x_wconf 90' lang='lat'><strong>6</strong></span> 
     </span>
    </p>
   </div>
   <div class='ocr_carea' id='block_1_33' title="bbox 351 3139 2001 3219">
    <p class='ocr_par' dir='ltr' id='par_1_33' title="bbox 351 3139 2001 3219">
     <span class='ocr_line' id='line_1_34' title="bbox 351 3139 2001 3219; baseline 0.001 -23"><span class='ocrx_word' id='word_1_266' title='bbox 351 3139 525 3216; x_wconf 67' lang='grc' dir='ltr'>μέγας</span> <span class='ocrx_word' id='word_1_267' title='bbox 578 3139 868 3215; x_wconf 75' lang='grc' dir='ltr'>ἀρχιερεὺς</span> <span class='ocrx_word' id='word_1_268' title='bbox 925 3141 1141 3216; x_wconf 81' lang='grc' dir='ltr'>’Λαρὼν</span> <span class='ocrx_word' id='word_1_269' title='bbox 1175 3184 1189 3210; x_wconf 96' lang='grc'><strong>,</strong></span> <span class='ocrx_word' id='word_1_270' title='bbox 1276 3139 1511 3219; x_wconf 73' lang='grc' dir='ltr'>ἀδελφὸς</span> <span class='ocrx_word' id='word_1_271' title='bbox 1586 3141 1883 3207; x_wconf 77' lang='grc' dir='ltr'>Μωϋσὲως.</span> <span class='ocrx_word' id='word_1_272' title='bbox 1940 3141 2001 3197; x_wconf 79' lang='grc' dir='ltr'>ἐκ</span> 
     </span>
    </p>
   </div>
   <div class='ocr_carea' id='block_1_34' title="bbox 2018 470 3752 553">
    <p class='ocr_par' dir='ltr' id='par_1_34' title="bbox 2018 470 3752 553">
     <span class='ocr_line' id='line_1_35' title="bbox 2018 470 3752 553; baseline 0.005 -32"><span class='ocrx_word' id='word_1_273' title='bbox 2018 487 2073 553; x_wconf 75' lang='grc' dir='ltr'><strong>Α</strong></span> <span class='ocrx_word' id='word_1_274' title='bbox 2103 482 2237 522; x_wconf 90' lang='lat' dir='ltr'><strong>cum</strong></span> <span class='ocrx_word' id='word_1_275' title='bbox 2259 484 2501 525; x_wconf 88' lang='lat' dir='ltr'><strong>omnem</strong></span> <span class='ocrx_word' id='word_1_276' title='bbox 2524 470 2797 526; x_wconf 88' lang='lat' dir='ltr'><strong>homanis</strong></span> <span class='ocrx_word' id='word_1_277' title='bbox 2813 472 3266 544; x_wconf 88' lang='lat' dir='ltr'><strong>stipendiarium</strong></span> <span class='ocrx_word' id='word_1_278' title='bbox 3287 473 3444 528; x_wconf 86' lang='lat' dir='ltr'><strong>fecit.</strong></span> <span class='ocrx_word' id='word_1_279' title='bbox 3474 475 3552 528; x_wconf 88' lang='lat' dir='ltr'><strong>Eo</strong></span> <span class='ocrx_word' id='word_1_280' title='bbox 3575 473 3752 529; x_wconf 90' lang='lat' dir='ltr'><strong>modo</strong></span> 
     </span>
    </p>
   </div>
   <div class='ocr_carea' id='block_1_35' title="bbox 2098 555 3752 635">
    <p class='ocr_par' dir='ltr' id='par_1_35' title="bbox 2098 555 3752 635">
     <span class='ocr_line' id='line_1_36' title="bbox 2098 555 3752 635; baseline 0.004 -24"><span class='ocrx_word' id='word_1_281' title='bbox 2098 555 2359 627; x_wconf 84' lang='lat' dir='ltr'><strong>primum</strong></span> <span class='ocrx_word' id='word_1_282' title='bbox 2410 560 2623 615; x_wconf 83' lang='lat' dir='ltr'><strong>Herodi</strong></span> <span class='ocrx_word' id='word_1_283' title='bbox 2682 560 3033 635; x_wconf 65' lang='lat' dir='ltr'><strong>alienigenae</strong></span> <span class='ocrx_word' id='word_1_284' title='bbox 3091 562 3153 617; x_wconf 91' lang='lat' dir='ltr'><strong>in</strong></span> <span class='ocrx_word' id='word_1_285' title='bbox 3209 562 3446 618; x_wconf 61' lang='lat' dir='ltr'><strong>Iudaeos</strong></span> <span class='ocrx_word' id='word_1_286' title='bbox 3505 579 3752 635; x_wconf 89' lang='lat' dir='ltr'><strong>reguum</strong></span> 
     </span>
    </p>
   </div>
   <div class='ocr_carea' id='block_1_36' title="bbox 2098 646 3752 722">
    <p class='ocr_par' dir='ltr' id='par_1_36' title="bbox 2098 646 3752 722">
     <span class='ocr_line' id='line_1_37' title="bbox 2098 646 3752 722; baseline 0.003 -22"><span class='ocrx_word' id='word_1_287' title='bbox 2098 646 2484 703; x_wconf 90' lang='lat' dir='ltr'><strong>commissum</strong></span> <span class='ocrx_word' id='word_1_288' title='bbox 2516 648 2664 715; x_wconf 88' lang='lat' dir='ltr'><strong>fuit;</strong></span> <span class='ocrx_word' id='word_1_289' title='bbox 2697 667 2814 721; x_wconf 92' lang='lat' dir='ltr'><strong>quo</strong></span> <span class='ocrx_word' id='word_1_290' title='bbox 2848 656 3116 722; x_wconf 90' lang='lat' dir='ltr'><strong>tempore</strong></span> <span class='ocrx_word' id='word_1_291' title='bbox 3148 652 3457 722; x_wconf 84' lang='lat' dir='ltr'><strong>perspicue</strong></span> <span class='ocrx_word' id='word_1_292' title='bbox 3490 652 3752 707; x_wconf 78' lang='lat' dir='ltr'><strong>instante</strong></span> 
     </span>
    </p>
   </div>
   <div class='ocr_carea' id='block_1_37' title="bbox 2096 735 3754 813">
    <p class='ocr_par' dir='ltr' id='par_1_37' title="bbox 2096 735 3754 813">
     <span class='ocr_line' id='line_1_38' title="bbox 2096 735 3754 813; baseline 0.004 -24"><span class='ocrx_word' id='word_1_293' title='bbox 2096 735 2311 792; x_wconf 80' lang='lat' dir='ltr'><strong>Christi</strong></span> <span class='ocrx_word' id='word_1_294' title='bbox 2342 737 2617 805; x_wconf 89' lang='lat' dir='ltr'><strong>adventu,</strong></span> <span class='ocrx_word' id='word_1_295' title='bbox 2646 738 2986 796; x_wconf 70' lang='lat' dir='ltr'><strong>Judaaorum</strong></span> <span class='ocrx_word' id='word_1_296' title='bbox 3014 744 3073 795; x_wconf 90' lang='lat' dir='ltr'><strong>et</strong></span> <span class='ocrx_word' id='word_1_297' title='bbox 3094 740 3408 811; x_wconf 85' lang='lat' dir='ltr'><strong>pontiﬁces</strong></span> <span class='ocrx_word' id='word_1_298' title='bbox 3438 746 3497 796; x_wconf 91' lang='lat' dir='ltr'><strong>et</strong></span> <span class='ocrx_word' id='word_1_299' title='bbox 3529 740 3754 813; x_wconf 85' lang='lat' dir='ltr'><strong>princi-</strong></span> 
     </span>
    </p>
   </div>
   <div class='ocr_carea' id='block_1_38' title="bbox 2099 824 2559 894">
    <p class='ocr_par' dir='ltr' id='par_1_38' title="bbox 2099 824 2559 894">
     <span class='ocr_line' id='line_1_39' title="bbox 2099 824 2559 894; baseline 0.004 -15"><span class='ocrx_word' id='word_1_300' title='bbox 2099 840 2203 894; x_wconf 88' lang='lat' dir='ltr'><strong>pes</strong></span> <span class='ocrx_word' id='word_1_301' title='bbox 2230 824 2559 883; x_wconf 87' lang='lat' dir='ltr'><strong>desierunt.</strong></span> 
     </span>
    </p>
   </div>
   <div class='ocr_carea' id='block_1_39' title="bbox 2172 1004 3753 1062">
    <p class='ocr_par' dir='ltr' id='par_1_39' title="bbox 2172 1004 3753 1062">
     <span class='ocr_line' id='line_1_40' title="bbox 2172 1004 3753 1062; baseline 0.003 -5"><span class='ocrx_word' id='word_1_302' title='bbox 2172 1004 2353 1059; x_wconf 85' lang='lat' dir='ltr'><strong>Natus</strong></span> <span class='ocrx_word' id='word_1_303' title='bbox 2383 1004 2649 1061; x_wconf 77' lang='lat' dir='ltr'><strong>Christus</strong></span> <span class='ocrx_word' id='word_1_304' title='bbox 2707 1022 2828 1060; x_wconf 90' lang='lat' dir='ltr'><strong>non</strong></span> <span class='ocrx_word' id='word_1_305' title='bbox 2885 1004 3102 1060; x_wconf 89' lang='lat' dir='ltr'><strong>visibili</strong></span> <span class='ocrx_word' id='word_1_306' title='bbox 3135 1006 3405 1062; x_wconf 87' lang='lat' dir='ltr'><strong>Davidico</strong></span> <span class='ocrx_word' id='word_1_307' title='bbox 3456 1006 3604 1062; x_wconf 89' lang='lat' dir='ltr'><strong>solio</strong></span> <span class='ocrx_word' id='word_1_308' title='bbox 3648 1024 3753 1062; x_wconf 89' lang='lat' dir='ltr'><strong>rex</strong></span> 
     </span>
    </p>
   </div>
   <div class='ocr_carea' id='block_1_40' title="bbox 2101 1095 3754 1171">
    <p class='ocr_par' dir='ltr' id='par_1_40' title="bbox 2101 1095 3754 1171">
     <span class='ocr_line' id='line_1_41' title="bbox 2101 1095 3754 1171; baseline 0.003 -23"><span class='ocrx_word' id='word_1_309' title='bbox 2101 1095 2388 1167; x_wconf 79' lang='lat' dir='ltr'><strong>consedit,</strong></span> <span class='ocrx_word' id='word_1_310' title='bbox 2421 1096 2525 1152; x_wconf 86' lang='lat' dir='ltr'><strong>sed</strong></span> <span class='ocrx_word' id='word_1_311' title='bbox 2557 1096 2773 1152; x_wconf 89' lang='lat' dir='ltr'>solium</span> <span class='ocrx_word' id='word_1_312' title='bbox 2803 1096 3144 1152; x_wconf 88' lang='lat' dir='ltr'><strong>Davidicum</strong></span> <span class='ocrx_word' id='word_1_313' title='bbox 3203 1098 3504 1170; x_wconf 81' lang='lat' dir='ltr'><strong>Scriptura</strong></span> <span class='ocrx_word' id='word_1_314' title='bbox 3547 1099 3754 1171; x_wconf 88' lang='lat' dir='ltr'><strong>appel-</strong></span> 
     </span>
    </p>
   </div>
   <div class='ocr_carea' id='block_1_41' title="bbox 2101 1184 3752 1260">
    <p class='ocr_par' dir='ltr' id='par_1_41' title="bbox 2101 1184 3752 1260">
     <span class='ocr_line' id='line_1_42' title="bbox 2101 1184 3752 1260; baseline 0.004 -21"><span class='ocrx_word' id='word_1_315' title='bbox 2101 1184 2185 1240; x_wconf 88' lang='lat' dir='ltr'><strong>lat</strong></span> <span class='ocrx_word' id='word_1_316' title='bbox 2214 1191 2507 1242; x_wconf 70' lang='lat' dir='ltr'><strong>mternum</strong></span> <span class='ocrx_word' id='word_1_317' title='bbox 2538 1193 2595 1242; x_wconf 88' lang='lat' dir='ltr'><strong>et</strong></span> <span class='ocrx_word' id='word_1_318' title='bbox 2630 1187 3069 1243; x_wconf 89' lang='lat' dir='ltr'><strong>indissolubile.</strong></span> <span class='ocrx_word' id='word_1_319' title='bbox 3104 1189 3233 1260; x_wconf 84' lang='lat' dir='ltr'><strong>Ipse</strong></span> <span class='ocrx_word' id='word_1_320' title='bbox 3268 1189 3425 1243; x_wconf 89' lang='lat' dir='ltr'><strong>enim</strong></span> <span class='ocrx_word' id='word_1_321' title='bbox 3457 1194 3545 1244; x_wconf 89' lang='lat' dir='ltr'><strong>est</strong></span> <span class='ocrx_word' id='word_1_322' title='bbox 3575 1206 3752 1259; x_wconf 89' lang='lat' dir='ltr'><strong>quem</strong></span> 
     </span>
    </p>
   </div>
   <div class='ocr_carea' id='block_1_42' title="bbox 2103 1277 3756 1349">
    <p class='ocr_par' dir='ltr' id='par_1_42' title="bbox 2103 1277 3756 1349">
     <span class='ocr_line' id='line_1_43' title="bbox 2103 1277 3756 1349; baseline 0.002 -20"><span class='ocrx_word' id='word_1_323' title='bbox 2103 1280 2453 1347; x_wconf 89' lang='lat' dir='ltr'><strong>exspectant</strong></span> <span class='ocrx_word' id='word_1_324' title='bbox 2471 1281 2696 1349; x_wconf 78' lang='lat' dir='ltr'><strong>gentes,</strong></span> <span class='ocrx_word' id='word_1_325' title='bbox 2716 1293 2848 1348; x_wconf 68' lang='lat' dir='ltr'><strong>quae</strong></span> <span class='ocrx_word' id='word_1_326' title='bbox 2868 1293 2989 1332; x_wconf 92' lang='lat' dir='ltr'><strong>non</strong></span> <span class='ocrx_word' id='word_1_327' title='bbox 3007 1282 3146 1333; x_wconf 90' lang='lat' dir='ltr'><strong>sunt</strong></span> <span class='ocrx_word' id='word_1_328' title='bbox 3166 1278 3418 1333; x_wconf 91' lang='lat' dir='ltr'><strong>minima</strong></span> <span class='ocrx_word' id='word_1_329' title='bbox 3439 1295 3574 1349; x_wconf 88' lang='lat' dir='ltr'><strong>pars</strong></span> <span class='ocrx_word' id='word_1_330' title='bbox 3594 1277 3756 1332; x_wconf 81' lang='lat' dir='ltr'>orbis</span> 
     </span>
    </p>
   </div>
   <div class='ocr_carea' id='block_1_43' title="bbox 2105 1365 3756 1438">
    <p class='ocr_par' dir='ltr' id='par_1_43' title="bbox 2105 1365 3756 1438">
     <span class='ocr_line' id='line_1_44' title="bbox 2105 1365 3756 1438; baseline 0.002 -21"><span class='ocrx_word' id='word_1_331' title='bbox 2105 1368 2419 1421; x_wconf 85' lang='lat' dir='ltr'><strong>terrarum.</strong></span> <span class='ocrx_word' id='word_1_332' title='bbox 2449 1387 2477 1414; x_wconf 83' lang='lat'><strong><em>«</em></strong></span> <span class='ocrx_word' id='word_1_333' title='bbox 2500 1366 2625 1421; x_wconf 85' lang='lat' dir='ltr'><strong>Erit</strong></span> <span class='ocrx_word' id='word_1_334' title='bbox 2654 1366 2837 1437; x_wconf 88' lang='lat' dir='ltr'><strong>enim,</strong></span> <span class='ocrx_word' id='word_1_335' title='bbox 2864 1367 2966 1436; x_wconf 86' lang='lat' dir='ltr'><strong>ait,</strong></span> <span class='ocrx_word' id='word_1_336' title='bbox 2987 1367 3164 1438; x_wconf 86' lang='lat' dir='ltr'><strong>stirps</strong></span> <span class='ocrx_word' id='word_1_337' title='bbox 3182 1367 3382 1434; x_wconf 77' lang='lat' dir='ltr'><strong>Jessae,</strong></span> <span class='ocrx_word' id='word_1_338' title='bbox 3417 1372 3475 1422; x_wconf 89' lang='lat' dir='ltr'><strong>et</strong></span> <span class='ocrx_word' id='word_1_339' title='bbox 3493 1366 3543 1421; x_wconf 88' lang='lat' dir='ltr'><strong>is</strong></span> <span class='ocrx_word' id='word_1_340' title='bbox 3560 1366 3661 1437; x_wconf 89' lang='lat' dir='ltr'><strong>qui</strong></span> <span class='ocrx_word' id='word_1_341' title='bbox 3682 1365 3756 1422; x_wconf 90' lang='lat' dir='ltr'><strong>ad</strong></span> 
     </span>
    </p>
   </div>
   <div class='ocr_carea' id='block_1_44' title="bbox 2106 1452 3757 1527">
    <p class='ocr_par' dir='ltr' id='par_1_44' title="bbox 2106 1452 3757 1527">
     <span class='ocr_line' id='line_1_45' title="bbox 2106 1452 3757 1527; baseline 0.001 -20"><span class='ocrx_word' id='word_1_342' title='bbox 2106 1452 2425 1524; x_wconf 89' lang='lat' dir='ltr'><strong>imperium</strong></span> <span class='ocrx_word' id='word_1_343' title='bbox 2456 1454 2517 1508; x_wconf 90' lang='lat' dir='ltr'><strong>in</strong></span> <span class='ocrx_word' id='word_1_344' title='bbox 2538 1459 2745 1526; x_wconf 80' lang='lat' dir='ltr'><strong>gentes</strong></span> <span class='ocrx_word' id='word_1_345' title='bbox 2795 1455 3122 1527; x_wconf 89' lang='lat' dir='ltr'><strong>gerendum</strong></span> <span class='ocrx_word' id='word_1_346' title='bbox 3192 1455 3533 1522; x_wconf 86' lang='lat' dir='ltr'><strong>exorietur;</strong></span> <span class='ocrx_word' id='word_1_347' title='bbox 3583 1455 3643 1511; x_wconf 86' lang='lat' dir='ltr'><strong>in</strong></span> <span class='ocrx_word' id='word_1_348' title='bbox 3690 1471 3757 1511; x_wconf 92' lang='lat' dir='ltr'><strong>eo</strong></span> 
     </span>
    </p>
   </div>
   <div class='ocr_carea' id='block_1_45' title="bbox 2105 1543 3765 1617">
    <p class='ocr_par' dir='ltr' id='par_1_45' title="bbox 2105 1543 3765 1617">
     <span class='ocr_line' id='line_1_46' title="bbox 2105 1543 3765 1617; baseline 0.001 -20"><span class='ocrx_word' id='word_1_349' title='bbox 2105 1546 2311 1613; x_wconf 81' lang='lat' dir='ltr'><strong>gentes</strong></span> <span class='ocrx_word' id='word_1_350' title='bbox 2337 1558 2503 1613; x_wconf 84' lang='lat' dir='ltr'>spem</span> <span class='ocrx_word' id='word_1_351' title='bbox 2535 1549 2776 1614; x_wconf 90' lang='lat' dir='ltr'><strong>ponent.</strong></span> <span class='ocrx_word' id='word_1_352' title='bbox 2812 1544 2989 1599; x_wconf 91' lang='lat' dir='ltr'><strong>Posui</strong></span> <span class='ocrx_word' id='word_1_353' title='bbox 3024 1549 3077 1599; x_wconf 91' lang='lat' dir='ltr'><strong>te</strong></span> <span class='ocrx_word' id='word_1_354' title='bbox 3109 1543 3171 1598; x_wconf 92' lang='lat' dir='ltr'><strong>in</strong></span> <span class='ocrx_word' id='word_1_355' title='bbox 3200 1543 3390 1599; x_wconf 65' lang='lat' dir='ltr'><strong>foedus</strong></span> <span class='ocrx_word' id='word_1_356' title='bbox 3437 1544 3672 1617; x_wconf 83' lang='lat' dir='ltr'><strong>generis</strong></span> <span class='ocrx_word' id='word_1_357' title='bbox 3704 1548 3765 1599; x_wconf 90' lang='lat' dir='ltr'><strong>et</strong></span> 
     </span>
    </p>
   </div>
   <div class='ocr_carea' id='block_1_46' title="bbox 2108 1630 3759 1707">
    <p class='ocr_par' dir='ltr' id='par_1_46' title="bbox 2108 1630 3759 1707">
     <span class='ocr_line' id='line_1_47' title="bbox 2108 1630 3759 1707; baseline 0.003 -23"><span class='ocrx_word' id='word_1_358' title='bbox 2108 1630 2312 1686; x_wconf 88' lang='lat' dir='ltr'><strong>lumen</strong></span> <span class='ocrx_word' id='word_1_359' title='bbox 2337 1633 2486 1688; x_wconf 71' lang='grc'><strong>317</strong></span> <span class='ocrx_word' id='word_1_360' title='bbox 2517 1633 2803 1704; x_wconf 88' lang='lat' dir='ltr'><strong>gentium.</strong></span> <span class='ocrx_word' id='word_1_361' title='bbox 2838 1635 2903 1688; x_wconf 90' lang='lat' dir='ltr'><strong>In</strong></span> <span class='ocrx_word' id='word_1_362' title='bbox 2935 1633 3136 1688; x_wconf 84' lang='lat' dir='ltr'><strong>omnia</strong></span> <span class='ocrx_word' id='word_1_363' title='bbox 3175 1633 3376 1689; x_wconf 89' lang='lat' dir='ltr'><strong>secula</strong></span> <span class='ocrx_word' id='word_1_364' title='bbox 3426 1633 3759 1707; x_wconf 84' lang='lat' dir='ltr'><strong>propagabo</strong></span> 
     </span>
    </p>
   </div>
   <div class='ocr_carea' id='block_1_47' title="bbox 2110 1717 3763 1795">
    <p class='ocr_par' dir='ltr' id='par_1_47' title="bbox 2110 1717 3763 1795">
     <span class='ocr_line' id='line_1_48' title="bbox 2110 1717 3763 1795; baseline 0.003 -22"><span class='ocrx_word' id='word_1_365' title='bbox 2110 1717 2241 1789; x_wconf 84' lang='lat' dir='ltr'><strong>ejus</strong></span> <span class='ocrx_word' id='word_1_366' title='bbox 2272 1720 2653 1791; x_wconf 78' lang='lat' dir='ltr'><strong>progeniem;</strong></span> <span class='ocrx_word' id='word_1_367' title='bbox 2688 1737 2882 1792; x_wconf 91' lang='lat' dir='ltr'><strong>neque</strong></span> <span class='ocrx_word' id='word_1_368' title='bbox 2913 1726 3050 1776; x_wconf 84' lang='lat' dir='ltr'><strong>ante</strong></span> <span class='ocrx_word' id='word_1_369' title='bbox 3076 1720 3293 1777; x_wconf 89' lang='lat' dir='ltr'><strong>solium</strong></span> <span class='ocrx_word' id='word_1_370' title='bbox 3349 1722 3478 1794; x_wconf 82' lang='lat' dir='ltr'><strong>ejus</strong></span> <span class='ocrx_word' id='word_1_371' title='bbox 3532 1723 3763 1795; x_wconf 90' lang='lat' dir='ltr'><strong>regium</strong></span> 
     </span>
    </p>
   </div>
   <div class='ocr_carea' id='block_1_48' title="bbox 2112 1809 3760 1882">
    <p class='ocr_par' dir='ltr' id='par_1_48' title="bbox 2112 1809 3760 1882">
     <span class='ocr_line' id='line_1_49' title="bbox 2112 1809 3760 1882; baseline 0.001 -19"><span class='ocrx_word' id='word_1_372' title='bbox 2112 1825 2454 1865; x_wconf 89' lang='lat' dir='ltr'><strong>successore</strong></span> <span class='ocrx_word' id='word_1_373' title='bbox 2485 1809 2712 1866; x_wconf 87' lang='lat' dir='ltr'><strong>carebit</strong></span> <span class='ocrx_word' id='word_1_374' title='bbox 2739 1826 2917 1882; x_wconf 87' lang='lat' dir='ltr'><strong>quam</strong></span> <span class='ocrx_word' id='word_1_375' title='bbox 2948 1810 3075 1865; x_wconf 83' lang='lat' dir='ltr'><strong>dies</strong></span> <span class='ocrx_word' id='word_1_376' title='bbox 3105 1810 3253 1866; x_wconf 65' lang='lat' dir='ltr'><strong>caelo</strong></span> <span class='ocrx_word' id='word_1_377' title='bbox 3283 1828 3405 1866; x_wconf 91' lang='lat' dir='ltr'><strong>non</strong></span> <span class='ocrx_word' id='word_1_378' title='bbox 3449 1812 3695 1868; x_wconf 88' lang='lat' dir='ltr'><strong>oriatur.</strong></span> <span class='ocrx_word' id='word_1_379' title='bbox 3732 1834 3760 1860; x_wconf 83' lang='lat'><em>»</em></span> 
     </span>
    </p>
   </div>
   <div class='ocr_carea' id='block_1_49' title="bbox 2105 1898 3762 1972">
    <p class='ocr_par' dir='ltr' id='par_1_49' title="bbox 2105 1898 3762 1972">
     <span class='ocr_line' id='line_1_50' title="bbox 2105 1898 3762 1972; baseline 0.002 -21"><span class='ocrx_word' id='word_1_380' title='bbox 2105 1898 2161 1952; x_wconf 91' lang='lat' dir='ltr'><strong>Is</strong></span> <span class='ocrx_word' id='word_1_381' title='bbox 2192 1914 2336 1971; x_wconf 89' lang='lat' dir='ltr'><strong>ergo</strong></span> <span class='ocrx_word' id='word_1_382' title='bbox 2369 1903 2428 1953; x_wconf 90' lang='lat' dir='ltr'><strong>et</strong></span> <span class='ocrx_word' id='word_1_383' title='bbox 2453 1915 2559 1954; x_wconf 90' lang='lat' dir='ltr'><strong>rex</strong></span> <span class='ocrx_word' id='word_1_384' title='bbox 2605 1899 2894 1955; x_wconf 73' lang='lat' dir='ltr'><strong>universaa</strong></span> <span class='ocrx_word' id='word_1_385' title='bbox 2950 1904 3120 1955; x_wconf 64' lang='lat' dir='ltr'><strong>terra;</strong></span> <span class='ocrx_word' id='word_1_386' title='bbox 3174 1899 3521 1972; x_wconf 87' lang='lat' dir='ltr'><strong>permansit,</strong></span> <span class='ocrx_word' id='word_1_387' title='bbox 3574 1916 3762 1971; x_wconf 82' lang='lat' dir='ltr'><strong>quan-</strong></span> 
     </span>
    </p>
   </div>
   <div class='ocr_carea' id='block_1_50' title="bbox 2107 1988 3763 2060">
    <p class='ocr_par' dir='ltr' id='par_1_50' title="bbox 2107 1988 3763 2060">
     <span class='ocr_line' id='line_1_51' title="bbox 2107 1988 3763 2060; baseline 0.001 -17"><span class='ocrx_word' id='word_1_388' title='bbox 2107 2003 2288 2058; x_wconf 85' lang='lat' dir='ltr'><strong>quam</strong></span> <span class='ocrx_word' id='word_1_389' title='bbox 2309 1993 2541 2060; x_wconf 86' lang='lat' dir='ltr'><strong>sceptra</strong></span> <span class='ocrx_word' id='word_1_390' title='bbox 2556 1988 2802 2044; x_wconf 74' lang='lat' dir='ltr'><strong>Iudaica</strong></span> <span class='ocrx_word' id='word_1_391' title='bbox 2820 2005 2942 2044; x_wconf 90' lang='lat' dir='ltr'><strong>non</strong></span> <span class='ocrx_word' id='word_1_392' title='bbox 2963 1989 3261 2060; x_wconf 89' lang='lat' dir='ltr'><strong>acceperit</strong></span> <span class='ocrx_word' id='word_1_393' title='bbox 3284 2006 3298 2057; x_wconf 90' lang='lat'><strong>;</strong></span> <span class='ocrx_word' id='word_1_394' title='bbox 3324 1993 3383 2044; x_wconf 89' lang='lat' dir='ltr'><strong>et</strong></span> <span class='ocrx_word' id='word_1_395' title='bbox 3404 2005 3506 2044; x_wconf 86' lang='lat' dir='ltr'><strong>rex</strong></span> <span class='ocrx_word' id='word_1_396' title='bbox 3528 1988 3763 2044; x_wconf 90' lang='lat' dir='ltr'><strong>univer-</strong></span> 
     </span>
    </p>
   </div>
   <div class='ocr_carea' id='block_1_51' title="bbox 2107 2076 3759 2140">
    <p class='ocr_par' dir='ltr' id='par_1_51' title="bbox 2107 2076 3759 2140">
     <span class='ocr_line' id='line_1_52' title="bbox 2107 2076 3759 2140; baseline 0.002 -10"><span class='ocrx_word' id='word_1_397' title='bbox 2107 2092 2186 2130; x_wconf 74' lang='lat' dir='ltr'><strong>sua</strong></span> <span class='ocrx_word' id='word_1_398' title='bbox 2216 2081 2390 2132; x_wconf 80' lang='lat' dir='ltr'><strong>terrea</strong></span> <span class='ocrx_word' id='word_1_399' title='bbox 2422 2082 2512 2132; x_wconf 92' lang='lat' dir='ltr'><strong>est</strong></span> <span class='ocrx_word' id='word_1_400' title='bbox 2536 2078 2710 2140; x_wconf 89' lang='lat' dir='ltr'><strong>Deus,</strong></span> <span class='ocrx_word' id='word_1_401' title='bbox 2762 2094 2830 2133; x_wconf 89' lang='lat' dir='ltr'><strong>ac</strong></span> <span class='ocrx_word' id='word_1_402' title='bbox 2854 2077 3101 2133; x_wconf 88' lang='lat' dir='ltr'><strong>libertas</strong></span> <span class='ocrx_word' id='word_1_403' title='bbox 3155 2076 3354 2134; x_wconf 84' lang='lat' dir='ltr'><strong>Jacobi</strong></span> <span class='ocrx_word' id='word_1_404' title='bbox 3403 2077 3759 2133; x_wconf 82' lang='lat' dir='ltr'><strong>conﬁrmata</strong></span> 
     </span>
    </p>
   </div>
   <div class='ocr_carea' id='block_1_52' title="bbox 2109 2164 3772 2237">
    <p class='ocr_par' dir='ltr' id='par_1_52' title="bbox 2109 2164 3772 2237">
     <span class='ocr_line' id='line_1_53' title="bbox 2109 2164 3772 2237; baseline 0.002 -17"><span class='ocrx_word' id='word_1_405' title='bbox 2109 2164 2404 2237; x_wconf 87' lang='lat' dir='ltr'><strong>est,inque</strong></span> <span class='ocrx_word' id='word_1_406' title='bbox 2426 2164 2556 2237; x_wconf 89' lang='lat' dir='ltr'><strong>ejus</strong></span> <span class='ocrx_word' id='word_1_407' title='bbox 2574 2166 2804 2223; x_wconf 88' lang='lat' dir='ltr'><strong>semine</strong></span> <span class='ocrx_word' id='word_1_408' title='bbox 2818 2183 3027 2223; x_wconf 91' lang='lat' dir='ltr'><strong>omnes</strong></span> <span class='ocrx_word' id='word_1_409' title='bbox 3042 2170 3215 2223; x_wconf 81' lang='lat' dir='ltr'><strong>terrae</strong></span> <span class='ocrx_word' id='word_1_410' title='bbox 3236 2166 3428 2222; x_wconf 89' lang='lat' dir='ltr'><strong>tribus</strong></span> <span class='ocrx_word' id='word_1_411' title='bbox 3447 2166 3634 2222; x_wconf 81' lang='lat' dir='ltr'><strong>beatae</strong></span> <span class='ocrx_word' id='word_1_412' title='bbox 3652 2166 3772 2223; x_wconf 52' lang='lat' dir='ltr'><strong>fac.</strong></span> 
     </span>
    </p>
   </div>
   <div class='ocr_carea' id='block_1_53' title="bbox 2110 2259 3761 2331">
    <p class='ocr_par' dir='ltr' id='par_1_53' title="bbox 2110 2259 3761 2331">
     <span class='ocr_line' id='line_1_54' title="bbox 2110 2259 3761 2331; baseline 0.001 -19"><span class='ocrx_word' id='word_1_413' title='bbox 2110 2262 2183 2312; x_wconf 68' lang='lat' dir='ltr'><strong>ta:</strong></span> <span class='ocrx_word' id='word_1_414' title='bbox 2208 2263 2366 2323; x_wconf 85' lang='lat' dir='ltr'><strong>sunt,</strong></span> <span class='ocrx_word' id='word_1_415' title='bbox 2389 2274 2716 2330; x_wconf 87' lang='lat' dir='ltr'><strong>omnesque</strong></span> <span class='ocrx_word' id='word_1_416' title='bbox 2736 2259 2940 2331; x_wconf 90' lang='lat' dir='ltr'><strong>populi</strong></span> <span class='ocrx_word' id='word_1_417' title='bbox 2982 2259 3284 2316; x_wconf 88' lang='lat' dir='ltr'><strong>Christum</strong></span> <span class='ocrx_word' id='word_1_418' title='bbox 3332 2259 3761 2331; x_wconf 74' lang='lat' dir='ltr'><strong>praadicabunt.</strong></span> 
     </span>
    </p>
   </div>
   <div class='ocr_carea' id='block_1_54' title="bbox 2109 2347 3755 2418">
    <p class='ocr_par' dir='ltr' id='par_1_54' title="bbox 2109 2347 3755 2418">
     <span class='ocr_line' id='line_1_55' title="bbox 2109 2347 3755 2418; baseline 0 -16"><span class='ocrx_word' id='word_1_419' title='bbox 2109 2347 2398 2402; x_wconf 89' lang='lat' dir='ltr'><strong>Utautem</strong></span> <span class='ocrx_word' id='word_1_420' title='bbox 2439 2347 2815 2403; x_wconf 84' lang='lat' dir='ltr'><strong>manifestius</strong></span> <span class='ocrx_word' id='word_1_421' title='bbox 2861 2349 2963 2403; x_wconf 79' lang='lat' dir='ltr'><strong>fiat</strong></span> <span class='ocrx_word' id='word_1_422' title='bbox 3008 2349 3310 2418; x_wconf 90' lang='lat' dir='ltr'><strong>quomodo</strong></span> <span class='ocrx_word' id='word_1_423' title='bbox 3371 2348 3755 2405; x_wconf 86' lang='lat' dir='ltr'><strong>sacerdotalis</strong></span> 
     </span>
    </p>
   </div>
   <div class='ocr_carea' id='block_1_55' title="bbox 2110 2434 3765 2507">
    <p class='ocr_par' dir='ltr' id='par_1_55' title="bbox 2110 2434 3765 2507">
     <span class='ocr_line' id='line_1_56' title="bbox 2110 2434 3765 2507; baseline 0 -18"><span class='ocrx_word' id='word_1_424' title='bbox 2110 2434 2299 2489; x_wconf 89' lang='lat' dir='ltr'><strong>tribus</strong></span> <span class='ocrx_word' id='word_1_425' title='bbox 2320 2434 2610 2506; x_wconf 85' lang='lat' dir='ltr'><strong>permixta</strong></span> <span class='ocrx_word' id='word_1_426' title='bbox 2638 2435 2819 2490; x_wconf 88' lang='lat' dir='ltr'><strong>fuerit</strong></span> <span class='ocrx_word' id='word_1_427' title='bbox 2837 2451 2972 2491; x_wconf 89' lang='lat' dir='ltr'><strong>cum</strong></span> <span class='ocrx_word' id='word_1_428' title='bbox 2994 2435 3174 2507; x_wconf 89' lang='lat' dir='ltr'><strong>regia,</strong></span> <span class='ocrx_word' id='word_1_429' title='bbox 3209 2435 3293 2490; x_wconf 90' lang='lat' dir='ltr'><strong>sic</strong></span> <span class='ocrx_word' id='word_1_430' title='bbox 3338 2452 3465 2489; x_wconf 89' lang='lat' dir='ltr'><strong>rem</strong></span> <span class='ocrx_word' id='word_1_431' title='bbox 3512 2451 3765 2506; x_wconf 83' lang='lat' dir='ltr'><strong>expone-</strong></span> 
     </span>
    </p>
   </div>
   <div class='ocr_carea' id='block_1_56' title="bbox 2109 2523 3763 2595">
    <p class='ocr_par' dir='ltr' id='par_1_56' title="bbox 2109 2523 3763 2595">
     <span class='ocr_line' id='line_1_57' title="bbox 2109 2523 3763 2595; baseline 0 -16"><span class='ocrx_word' id='word_1_432' title='bbox 2109 2540 2244 2579; x_wconf 90' lang='lat' dir='ltr'><strong>mus</strong></span> <span class='ocrx_word' id='word_1_433' title='bbox 2268 2523 2479 2590; x_wconf 86' lang='lat' dir='ltr'><strong>;Judas</strong></span> <span class='ocrx_word' id='word_1_434' title='bbox 2509 2524 2829 2580; x_wconf 82' lang='lat' dir='ltr'><strong>Pharezum</strong></span> <span class='ocrx_word' id='word_1_435' title='bbox 2846 2525 3196 2595; x_wconf 84' lang='lat' dir='ltr'><strong>procreavit.</strong></span> <span class='ocrx_word' id='word_1_436' title='bbox 3220 2523 3360 2578; x_wconf 89' lang='lat' dir='ltr'><strong>Inde</strong></span> <span class='ocrx_word' id='word_1_437' title='bbox 3393 2523 3600 2579; x_wconf 88' lang='lat' dir='ltr'><strong>ordine</strong></span> <span class='ocrx_word' id='word_1_438' title='bbox 3621 2540 3763 2594; x_wconf 91' lang='lat' dir='ltr'><strong>pro-</strong></span> 
     </span>
    </p>
   </div>
   <div class='ocr_carea' id='block_1_57' title="bbox 2110 2612 3769 2685">
    <p class='ocr_par' dir='ltr' id='par_1_57' title="bbox 2110 2612 3769 2685">
     <span class='ocr_line' id='line_1_58' title="bbox 2110 2612 3769 2685; baseline 0 -17"><span class='ocrx_word' id='word_1_439' title='bbox 2110 2613 2269 2685; x_wconf 88' lang='lat' dir='ltr'><strong>gnati</strong></span> <span class='ocrx_word' id='word_1_440' title='bbox 2291 2617 2430 2667; x_wconf 90' lang='lat' dir='ltr'><strong>sunt</strong></span> <span class='ocrx_word' id='word_1_441' title='bbox 2446 2612 3482 2682; x_wconf 81' lang='lat' dir='ltr'><strong>Esromus,Aramus,Aminodamus,</strong></span> <span class='ocrx_word' id='word_1_442' title='bbox 3505 2614 3769 2668; x_wconf 83' lang='lat' dir='ltr'><strong>Naasson</strong></span> 
     </span>
    </p>
   </div>
   <div class='ocr_carea' id='block_1_58' title="bbox 2110 2699 3770 2770">
    <p class='ocr_par' dir='ltr' id='par_1_58' title="bbox 2110 2699 3770 2770">
     <span class='ocr_line' id='line_1_59' title="bbox 2110 2699 3770 2770; baseline 0 -15"><span class='ocrx_word' id='word_1_443' title='bbox 2110 2700 2373 2765; x_wconf 90' lang='lat' dir='ltr'><strong>Salmon,</strong></span> <span class='ocrx_word' id='word_1_444' title='bbox 2398 2701 2633 2768; x_wconf 86' lang='lat' dir='ltr'><strong>Boozus,</strong></span> <span class='ocrx_word' id='word_1_445' title='bbox 2661 2699 2918 2768; x_wconf 91' lang='lat' dir='ltr'><strong>Obedus,</strong></span> <span class='ocrx_word' id='word_1_446' title='bbox 2943 2702 3160 2770; x_wconf 74' lang='lat' dir='ltr'><strong>Jessas,</strong></span> <span class='ocrx_word' id='word_1_447' title='bbox 3184 2718 3290 2756; x_wconf 86' lang='lat' dir='ltr'><strong>rex</strong></span> <span class='ocrx_word' id='word_1_448' title='bbox 3311 2700 3583 2757; x_wconf 87' lang='lat' dir='ltr'><strong>Davidus.</strong></span> <span class='ocrx_word' id='word_1_449' title='bbox 3613 2702 3770 2766; x_wconf 88' lang='lat' dir='ltr'><strong>Quo-</strong></span> 
     </span>
    </p>
   </div>
   <div class='ocr_carea' id='block_1_59' title="bbox 2111 2788 3765 2862">
    <p class='ocr_par' dir='ltr' id='par_1_59' title="bbox 2111 2788 3765 2862">
     <span class='ocr_line' id='line_1_60' title="bbox 2111 2788 3765 2862; baseline 0 -17"><span class='ocrx_word' id='word_1_450' title='bbox 2111 2790 2273 2847; x_wconf 89' lang='lat' dir='ltr'><strong>niam</strong></span> <span class='ocrx_word' id='word_1_451' title='bbox 2298 2789 2477 2861; x_wconf 87' lang='lat' dir='ltr'><strong>igitur</strong></span> <span class='ocrx_word' id='word_1_452' title='bbox 2506 2791 2767 2845; x_wconf 81' lang='lat' dir='ltr'><strong>Naasson</strong></span> <span class='ocrx_word' id='word_1_453' title='bbox 2795 2788 2950 2845; x_wconf 82' lang='lat' dir='ltr'><strong>ﬁlius</strong></span> <span class='ocrx_word' id='word_1_454' title='bbox 2993 2795 3121 2846; x_wconf 90' lang='lat' dir='ltr'><strong>erat</strong></span> <span class='ocrx_word' id='word_1_455' title='bbox 3158 2788 3556 2859; x_wconf 80' lang='lat' dir='ltr'><strong>Aminadami,</strong></span> <span class='ocrx_word' id='word_1_456' title='bbox 3586 2789 3765 2862; x_wconf 88' lang='lat' dir='ltr'><strong>hujus</strong></span> 
     </span>
    </p>
   </div>
   <div class='ocr_carea' id='block_1_60' title="bbox 2113 2877 3763 2950">
    <p class='ocr_par' dir='ltr' id='par_1_60' title="bbox 2113 2877 3763 2950">
     <span class='ocr_line' id='line_1_61' title="bbox 2113 2877 3763 2950; baseline -0.001 -16"><span class='ocrx_word' id='word_1_457' title='bbox 2113 2893 2377 2934; x_wconf 90' lang='lat' dir='ltr'><strong>sororem</strong></span> <span class='ocrx_word' id='word_1_458' title='bbox 2461 2877 2814 2934; x_wconf 84' lang='lat' dir='ltr'><strong>Elizabetam</strong></span> <span class='ocrx_word' id='word_1_459' title='bbox 2880 2883 3081 2934; x_wconf 85' lang='lat' dir='ltr'><strong>Aaron</strong></span> <span class='ocrx_word' id='word_1_460' title='bbox 3138 2879 3405 2950; x_wconf 83' lang='lat' dir='ltr'><strong>pontifex</strong></span> <span class='ocrx_word' id='word_1_461' title='bbox 3468 2878 3763 2935; x_wconf 89' lang='lat' dir='ltr'><strong>maximus</strong></span> 
     </span>
    </p>
   </div>
   <div class='ocr_carea' id='block_1_61' title="bbox 2112 2966 3778 3038">
    <p class='ocr_par' dir='ltr' id='par_1_61' title="bbox 2112 2966 3778 3038">
     <span class='ocr_line' id='line_1_62' title="bbox 2112 2966 3778 3038; baseline -0.001 -16"><span class='ocrx_word' id='word_1_462' title='bbox 2112 2983 2356 3023; x_wconf 85' lang='lat' dir='ltr'><strong>uxorem</strong></span> <span class='ocrx_word' id='word_1_463' title='bbox 2388 2966 2574 3035; x_wconf 87' lang='lat' dir='ltr'><strong>duxit,</strong></span> <span class='ocrx_word' id='word_1_464' title='bbox 2606 2968 2790 3023; x_wconf 87' lang='lat' dir='ltr'><strong>frater</strong></span> <span class='ocrx_word' id='word_1_465' title='bbox 2841 2967 3037 3038; x_wconf 83' lang='lat' dir='ltr'><strong>Mosis,</strong></span> <span class='ocrx_word' id='word_1_466' title='bbox 3086 2967 3244 3023; x_wconf 89' lang='lat' dir='ltr'><strong>tribu</strong></span> <span class='ocrx_word' id='word_1_467' title='bbox 3278 2968 3495 3025; x_wconf 84' lang='lat' dir='ltr'><strong>Levita.</strong></span> <span class='ocrx_word' id='word_1_468' title='bbox 3531 2968 3683 3033; x_wconf 87' lang='lat' dir='ltr'><strong>Quin</strong></span> <span class='ocrx_word' id='word_1_469' title='bbox 3716 2971 3778 3022; x_wconf 87' lang='lat' dir='ltr'><strong>et</strong></span> 
     </span>
    </p>
   </div>
   <div class='ocr_carea' id='block_1_62' title="bbox 2114 3056 3769 3129">
    <p class='ocr_par' dir='ltr' id='par_1_62' title="bbox 2114 3056 3769 3129">
     <span class='ocr_line' id='line_1_63' title="bbox 2114 3056 3769 3129; baseline -0.001 -16"><span class='ocrx_word' id='word_1_470' title='bbox 2114 3057 2349 3113; x_wconf 88' lang='lat' dir='ltr'><strong>divinus</strong></span> <span class='ocrx_word' id='word_1_471' title='bbox 2389 3056 2621 3127; x_wconf 85' lang='lat' dir='ltr'><strong>Jodaas,</strong></span> <span class='ocrx_word' id='word_1_472' title='bbox 2679 3057 2946 3129; x_wconf 83' lang='lat' dir='ltr'><strong>pontifex</strong></span> <span class='ocrx_word' id='word_1_473' title='bbox 2991 3062 3050 3113; x_wconf 91' lang='lat' dir='ltr'><strong>et</strong></span> <span class='ocrx_word' id='word_1_474' title='bbox 3078 3058 3205 3129; x_wconf 90' lang='lat' dir='ltr'><strong>ipse</strong></span> <span class='ocrx_word' id='word_1_475' title='bbox 3263 3058 3576 3124; x_wconf 87' lang='lat' dir='ltr'><strong>maximus,</strong></span> <span class='ocrx_word' id='word_1_476' title='bbox 3612 3057 3769 3112; x_wconf 87' lang='lat' dir='ltr'><strong>tribu</strong></span> 
     </span>
    </p>
   </div>
   <div class='ocr_carea' id='block_1_63' title="bbox 2115 3145 3775 3215">
    <p class='ocr_par' dir='ltr' id='par_1_63' title="bbox 2115 3145 3775 3215">
     <span class='ocr_line' id='line_1_64' title="bbox 2115 3145 3775 3215; baseline -0.001 -14"><span class='ocrx_word' id='word_1_477' title='bbox 2115 3146 2332 3212; x_wconf 88' lang='lat' dir='ltr'><strong>Levita,</strong></span> <span class='ocrx_word' id='word_1_478' title='bbox 2378 3145 2442 3201; x_wconf 90' lang='lat' dir='ltr'><strong>in</strong></span> <span class='ocrx_word' id='word_1_479' title='bbox 2473 3146 2853 3202; x_wconf 87' lang='lat' dir='ltr'><strong>matrimonio</strong></span> <span class='ocrx_word' id='word_1_480' title='bbox 2898 3145 3109 3201; x_wconf 90' lang='lat' dir='ltr'><strong>habuit</strong></span> <span class='ocrx_word' id='word_1_481' title='bbox 3162 3162 3427 3202; x_wconf 88' lang='lat' dir='ltr'><strong>sororem</strong></span> <span class='ocrx_word' id='word_1_482' title='bbox 3487 3146 3775 3215; x_wconf 71' lang='lat' dir='ltr'><strong>Ochozim,</strong></span> 
     </span>
    </p>
   </div>
   <div class='ocr_carea' id='block_1_64' title="bbox 349 3219 2007 3309">
    <p class='ocr_par' dir='ltr' id='par_1_64' title="bbox 349 3229 2007 3309">
     <span class='ocr_line' id='line_1_65' title="bbox 349 3229 2007 3309; baseline -0.001 -22"><span class='ocrx_word' id='word_1_483' title='bbox 349 3233 535 3309; x_wconf 81' lang='grc' dir='ltr'>φυλῆς</span> <span class='ocrx_word' id='word_1_484' title='bbox 583 3233 849 3307; x_wconf 78' lang='grc' dir='ltr'>ὑπάρχων</span> <span class='ocrx_word' id='word_1_485' title='bbox 903 3236 1002 3287; x_wconf 88' lang='grc' dir='ltr'><strong>τοῦ</strong></span> <span class='ocrx_word' id='word_1_486' title='bbox 1054 3231 1203 3288; x_wconf 69' lang='lat' dir='ltr'><strong>Aeni.</strong></span> <span class='ocrx_word' id='word_1_487' title='bbox 1262 3231 1366 3289; x_wconf 85' lang='grc' dir='ltr'>Καὶ</span> <span class='ocrx_word' id='word_1_488' title='bbox 1427 3231 1609 3305; x_wconf 81' lang='grc' dir='ltr'>μέντοι</span> <span class='ocrx_word' id='word_1_489' title='bbox 1639 3231 1788 3287; x_wconf 84' lang='grc' dir='ltr'>καὶὸ</span> <span class='ocrx_word' id='word_1_490' title='bbox 1817 3229 2007 3287; x_wconf 84' lang='grc' dir='ltr'>θεσπέ-</span> 
     </span>
    </p>
   </div>
   <div class='ocr_carea' id='block_1_65' title="bbox 2121 3219 3776 3309">
    <p class='ocr_par' dir='ltr' id='par_1_65' title="bbox 2121 3233 3776 3306">
     <span class='ocr_line' id='line_1_66' title="bbox 2121 3233 3776 3306; baseline -0.002 -16"><span class='ocrx_word' id='word_1_491' title='bbox 2121 3234 2389 3291; x_wconf 71' lang='grc' dir='ltr'>Ιιιᾶωειω</span> <span class='ocrx_word' id='word_1_492' title='bbox 2420 3234 2601 3300; x_wconf 83' lang='lat' dir='ltr'><strong>tribu,</strong></span> <span class='ocrx_word' id='word_1_493' title='bbox 2625 3236 2888 3306; x_wconf 89' lang='lat' dir='ltr'><strong>Cumque</strong></span> <span class='ocrx_word' id='word_1_494' title='bbox 2924 3234 3135 3290; x_wconf 89' lang='lat' dir='ltr'><strong>exinde</strong></span> <span class='ocrx_word' id='word_1_495' title='bbox 3168 3234 3355 3289; x_wconf 88' lang='lat' dir='ltr'><strong>tribus</strong></span> <span class='ocrx_word' id='word_1_496' title='bbox 3387 3234 3549 3306; x_wconf 90' lang='lat' dir='ltr'><strong>regia</strong></span> <span class='ocrx_word' id='word_1_497' title='bbox 3592 3233 3776 3289; x_wconf 89' lang='lat' dir='ltr'><strong>fuerit</strong></span> 
     </span>
    </p>
   </div>
   <div class='ocr_carea' id='block_1_66' title="bbox 351 3318 2003 3400">
    <p class='ocr_par' dir='ltr' id='par_1_66' title="bbox 351 3318 2003 3400">
     <span class='ocr_line' id='line_1_67' title="bbox 351 3318 2003 3400; baseline -0.001 -22"><span class='ocrx_word' id='word_1_498' title='bbox 351 3343 471 3385; x_wconf 88' lang='grc' dir='ltr'>σιος</span> <span class='ocrx_word' id='word_1_499' title='bbox 546 3323 817 3398; x_wconf 78' lang='grc' dir='ltr'>ἱεράρχης</span> <span class='ocrx_word' id='word_1_500' title='bbox 880 3318 1067 3379; x_wconf 75' lang='grc' dir='ltr'>Ἰωδαὲ</span> <span class='ocrx_word' id='word_1_501' title='bbox 1101 3364 1116 3391; x_wconf 89' lang='grc'><strong>,</strong></span> <span class='ocrx_word' id='word_1_502' title='bbox 1173 3318 1353 3400; x_wconf 76' lang='grc' dir='ltr'>φυλῆς</span> <span class='ocrx_word' id='word_1_503' title='bbox 1403 3318 1478 3376; x_wconf 79' lang='grc' dir='ltr'>ὢν</span> <span class='ocrx_word' id='word_1_504' title='bbox 1530 3327 1631 3392; x_wconf 78' lang='grc' dir='ltr'><strong>τῆς</strong></span> <span class='ocrx_word' id='word_1_505' title='bbox 1689 3328 2003 3394; x_wconf 79' lang='grc' dir='ltr'>Λευῖτικῆς,</span> 
     </span>
    </p>
   </div>
   <div class='ocr_carea' id='block_1_67' title="bbox 353 3407 2006 3488">
    <p class='ocr_par' dir='ltr' id='par_1_67' title="bbox 353 3407 2006 3488">
     <span class='ocr_line' id='line_1_68' title="bbox 353 3407 2006 3488; baseline -0.002 -21"><span class='ocrx_word' id='word_1_506' title='bbox 353 3410 597 3488; x_wconf 76' lang='grc' dir='ltr'>ἠγάγετο</span> <span class='ocrx_word' id='word_1_507' title='bbox 625 3410 852 3486; x_wconf 73' lang='grc' dir='ltr'>γυναῖκα</span> <span class='ocrx_word' id='word_1_508' title='bbox 878 3411 980 3480; x_wconf 77' lang='grc' dir='ltr'><strong>τήν</strong></span> <span class='ocrx_word' id='word_1_509' title='bbox 1011 3407 1256 3484; x_wconf 76' lang='grc' dir='ltr'>ἀδελφὴν</span> <span class='ocrx_word' id='word_1_510' title='bbox 1305 3408 1583 3485; x_wconf 82' lang='grc' dir='ltr'>Ὀχοζίου,</span> <span class='ocrx_word' id='word_1_511' title='bbox 1611 3407 1792 3488; x_wconf 87' lang='grc' dir='ltr'>φυλῆς</span> <span class='ocrx_word' id='word_1_512' title='bbox 1848 3407 2006 3464; x_wconf 77' lang='grc' dir='ltr'>οὖσαν</span> 
     </span>
    </p>
   </div>
   <div class='ocr_carea' id='block_1_68' title="bbox 351 3496 2010 3575">
    <p class='ocr_par' dir='ltr' id='par_1_68' title="bbox 351 3496 2010 3575">
     <span class='ocr_line' id='line_1_69' title="bbox 351 3496 2010 3575; baseline -0.001 -19"><span class='ocrx_word' id='word_1_513' title='bbox 351 3504 451 3556; x_wconf 81' lang='grc' dir='ltr'><strong>τοῦ</strong></span> <span class='ocrx_word' id='word_1_514' title='bbox 482 3498 680 3558; x_wconf 83' lang='grc' dir='ltr'>Ἰούδα.</span> <span class='ocrx_word' id='word_1_515' title='bbox 723 3500 1017 3564; x_wconf 83' lang='grc' dir='ltr'>Κάντεῦθεν</span> <span class='ocrx_word' id='word_1_516' title='bbox 1055 3496 1251 3555; x_wconf 86' lang='grc' dir='ltr'>λοιπὸν</span> <span class='ocrx_word' id='word_1_517' title='bbox 1307 3506 1410 3568; x_wconf 83' lang='grc' dir='ltr'><strong>τῆς</strong></span> <span class='ocrx_word' id='word_1_518' title='bbox 1476 3497 1770 3573; x_wconf 80' lang='grc' dir='ltr'>βασιλικῆς</span> <span class='ocrx_word' id='word_1_519' title='bbox 1830 3498 2010 3575; x_wconf 82' lang='grc' dir='ltr'>φυλῆς</span> 
     </span>
    </p>
   </div>
   <div class='ocr_carea' id='block_1_69' title="bbox 356 3586 2008 3665">
    <p class='ocr_par' dir='ltr' id='par_1_69' title="bbox 356 3586 2008 3665">
     <span class='ocr_line' id='line_1_70' title="bbox 356 3586 2008 3665; baseline -0.002 -20"><span class='ocrx_word' id='word_1_520' title='bbox 356 3589 731 3665; x_wconf 84' lang='grc' dir='ltr'>συμμιγείσης</span> <span class='ocrx_word' id='word_1_521' title='bbox 770 3593 840 3664; x_wconf 80' lang='grc' dir='ltr'><strong>τῇ</strong></span> <span class='ocrx_word' id='word_1_522' title='bbox 872 3591 1156 3662; x_wconf 79' lang='grc' dir='ltr'>Λευῖτικῇ,</span> <span class='ocrx_word' id='word_1_523' title='bbox 1219 3587 1371 3661; x_wconf 86' lang='grc' dir='ltr'>μάλα</span> <span class='ocrx_word' id='word_1_524' title='bbox 1397 3608 1457 3663; x_wconf 83' lang='grc' dir='ltr'><strong>γε</strong></span> <span class='ocrx_word' id='word_1_525' title='bbox 1494 3586 1722 3650; x_wconf 71' lang='grc' dir='ltr'>εἰκότως</span> <span class='ocrx_word' id='word_1_526' title='bbox 1750 3589 1780 3643; x_wconf 88' lang='grc' dir='ltr'><strong>ὁ</strong></span> <span class='ocrx_word' id='word_1_527' title='bbox 1812 3586 2008 3663; x_wconf 84' lang='grc' dir='ltr'>Κύρίος</span> 
     </span>
    </p>
   </div>
   <div class='ocr_carea' id='block_1_70' title="bbox 352 3677 2013 3758">
    <p class='ocr_par' dir='ltr' id='par_1_70' title="bbox 352 3677 2013 3758">
     <span class='ocr_line' id='line_1_71' title="bbox 352 3677 2013 3758; baseline -0.005 -18"><span class='ocrx_word' id='word_1_528' title='bbox 352 3684 418 3741; x_wconf 72' lang='grc' dir='ltr'>ἐκ</span> <span class='ocrx_word' id='word_1_529' title='bbox 472 3684 688 3758; x_wconf 75' lang='grc' dir='ltr'>Μαρίας</span> <span class='ocrx_word' id='word_1_530' title='bbox 742 3688 843 3752; x_wconf 84' lang='grc' dir='ltr'><strong>τῆς</strong></span> <span class='ocrx_word' id='word_1_531' title='bbox 901 3678 1176 3756; x_wconf 77' lang='grc' dir='ltr'>Παρθένου</span> <span class='ocrx_word' id='word_1_532' title='bbox 1244 3677 1335 3733; x_wconf 86' lang='grc' dir='ltr'><strong>καὶ</strong></span> <span class='ocrx_word' id='word_1_533' title='bbox 1390 3677 1529 3733; x_wconf 74' lang='grc' dir='ltr'>κατὰ</span> <span class='ocrx_word' id='word_1_534' title='bbox 1573 3678 1746 3753; x_wconf 84' lang='grc' dir='ltr'>σάρκα</span> <span class='ocrx_word' id='word_1_535' title='bbox 1804 3679 2013 3752; x_wconf 88' lang='grc' dir='ltr'>μητρὸς</span> 
     </span>
    </p>
   </div>
   <div class='ocr_carea' id='block_1_71' title="bbox 356 3764 2011 3848">
    <p class='ocr_par' dir='ltr' id='par_1_71' title="bbox 356 3764 2011 3848">
     <span class='ocr_line' id='line_1_72' title="bbox 356 3764 2011 3848; baseline -0.004 -20"><span class='ocrx_word' id='word_1_536' title='bbox 356 3774 527 3828; x_wconf 79' lang='grc' dir='ltr'>αὐτοῦ</span> <span class='ocrx_word' id='word_1_537' title='bbox 551 3768 1040 3848; x_wconf 75' lang='grc' dir='ltr'>γενεαλογούμενος</span> <span class='ocrx_word' id='word_1_538' title='bbox 1087 3767 1233 3823; x_wconf 76' lang='grc' dir='ltr'>σῧτω</span> <span class='ocrx_word' id='word_1_539' title='bbox 1265 3764 1521 3841; x_wconf 77' lang='grc' dir='ltr'>βασιλεὺς</span> <span class='ocrx_word' id='word_1_540' title='bbox 1583 3766 1675 3821; x_wconf 82' lang='grc' dir='ltr'><strong>καὶ</strong></span> <span class='ocrx_word' id='word_1_541' title='bbox 1705 3767 1879 3837; x_wconf 76' lang='grc' dir='ltr'>ἱερεὺς</span> <span class='ocrx_word' id='word_1_542' title='bbox 1934 3765 2011 3827; x_wconf 79' lang='grc' dir='ltr'><strong>εἰς</strong></span> 
     </span>
    </p>
   </div>
   <div class='ocr_carea' id='block_1_72' title="bbox 2115 3321 3775 3395">
    <p class='ocr_par' dir='ltr' id='par_1_72' title="bbox 2115 3321 3775 3395">
     <span class='ocr_line' id='line_1_73' title="bbox 2115 3321 3775 3395; baseline -0.002 -17"><span class='ocrx_word' id='word_1_543' title='bbox 2115 3340 2252 3380; x_wconf 90' lang='lat' dir='ltr'><strong>cum</strong></span> <span class='ocrx_word' id='word_1_544' title='bbox 2282 3323 2633 3380; x_wconf 83' lang='lat' dir='ltr'><strong>sacerdotali</strong></span> <span class='ocrx_word' id='word_1_545' title='bbox 2653 3323 2960 3395; x_wconf 88' lang='lat' dir='ltr'><strong>permixta,</strong></span> <span class='ocrx_word' id='word_1_546' title='bbox 2997 3322 3318 3379; x_wconf 87' lang='lat' dir='ltr'><strong>admodum</strong></span> <span class='ocrx_word' id='word_1_547' title='bbox 3350 3321 3775 3378; x_wconf 86' lang='lat' dir='ltr'><strong>convenienter</strong></span> 
     </span>
    </p>
   </div>
   <div class='ocr_carea' id='block_1_73' title="bbox 2116 3412 3772 3486">
    <p class='ocr_par' dir='ltr' id='par_1_73' title="bbox 2116 3412 3772 3486">
     <span class='ocr_line' id='line_1_74' title="bbox 2116 3412 3772 3486; baseline -0.002 -18"><span class='ocrx_word' id='word_1_548' title='bbox 2116 3412 2395 3470; x_wconf 91' lang='lat' dir='ltr'><strong>dominus</strong></span> <span class='ocrx_word' id='word_1_549' title='bbox 2426 3430 2497 3469; x_wconf 82' lang='lat' dir='ltr'><strong>ex</strong></span> <span class='ocrx_word' id='word_1_550' title='bbox 2517 3412 2696 3469; x_wconf 81' lang='lat' dir='ltr'><strong>Maria</strong></span> <span class='ocrx_word' id='word_1_551' title='bbox 2748 3412 2980 3486; x_wconf 85' lang='lat' dir='ltr'><strong>Virgine</strong></span> <span class='ocrx_word' id='word_1_552' title='bbox 3037 3428 3107 3468; x_wconf 89' lang='lat' dir='ltr'><strong>ac</strong></span> <span class='ocrx_word' id='word_1_553' title='bbox 3165 3417 3353 3468; x_wconf 88' lang='lat' dir='ltr'><strong>matre</strong></span> <span class='ocrx_word' id='word_1_554' title='bbox 3391 3412 3590 3467; x_wconf 89' lang='lat' dir='ltr'><strong>carnis</strong></span> <span class='ocrx_word' id='word_1_555' title='bbox 3649 3427 3772 3466; x_wconf 76' lang='lat' dir='ltr'><strong>suae</strong></span> 
     </span>
    </p>
   </div>
   <div class='ocr_carea' id='block_1_74' title="bbox 2116 3501 3776 3576">
    <p class='ocr_par' dir='ltr' id='par_1_74' title="bbox 2116 3501 3776 3576">
     <span class='ocr_line' id='line_1_75' title="bbox 2116 3501 3776 3576; baseline -0.003 -16"><span class='ocrx_word' id='word_1_556' title='bbox 2116 3508 2314 3575; x_wconf 87' lang='lat' dir='ltr'><strong>natus,</strong></span> <span class='ocrx_word' id='word_1_557' title='bbox 2346 3504 2500 3561; x_wconf 87' lang='lat' dir='ltr'><strong>serie</strong></span> <span class='ocrx_word' id='word_1_558' title='bbox 2547 3502 2783 3576; x_wconf 88' lang='lat' dir='ltr'><strong>generis</strong></span> <span class='ocrx_word' id='word_1_559' title='bbox 2830 3504 3098 3576; x_wconf 89' lang='lat' dir='ltr'><strong>exposita</strong></span> <span class='ocrx_word' id='word_1_560' title='bbox 3148 3508 3210 3559; x_wconf 91' lang='lat' dir='ltr'><strong>et</strong></span> <span class='ocrx_word' id='word_1_561' title='bbox 3250 3520 3354 3559; x_wconf 86' lang='lat' dir='ltr'><strong>rex</strong></span> <span class='ocrx_word' id='word_1_562' title='bbox 3386 3508 3445 3558; x_wconf 88' lang='lat' dir='ltr'><strong>et</strong></span> <span class='ocrx_word' id='word_1_563' title='bbox 3501 3501 3776 3558; x_wconf 80' lang='lat' dir='ltr'><strong>sacerdos</strong></span> 
     </span>
    </p>
   </div>
   <div class='ocr_carea' id='block_1_75' title="bbox 2120 3590 3776 3664">
    <p class='ocr_par' dir='ltr' id='par_1_75' title="bbox 2120 3590 3776 3664">
     <span class='ocr_line' id='line_1_76' title="bbox 2120 3590 3776 3664; baseline -0.002 -16"><span class='ocrx_word' id='word_1_564' title='bbox 2120 3592 2247 3658; x_wconf 86' lang='lat' dir='ltr'><strong>Dei,</strong></span> <span class='ocrx_word' id='word_1_565' title='bbox 2279 3598 2345 3647; x_wconf 88' lang='lat' dir='ltr'><strong>ut</strong></span> <span class='ocrx_word' id='word_1_566' title='bbox 2372 3592 2596 3648; x_wconf 89' lang='lat' dir='ltr'><strong>dictum</strong></span> <span class='ocrx_word' id='word_1_567' title='bbox 2629 3597 2737 3660; x_wconf 87' lang='lat' dir='ltr'><strong>est,</strong></span> <span class='ocrx_word' id='word_1_568' title='bbox 2797 3592 3284 3664; x_wconf 88' lang='lat' dir='ltr'><strong>deprehenditur.</strong></span> <span class='ocrx_word' id='word_1_569' title='bbox 3338 3593 3542 3662; x_wconf 87' lang='lat' dir='ltr'><strong>Itaque</strong></span> <span class='ocrx_word' id='word_1_570' title='bbox 3578 3590 3776 3646; x_wconf 85' lang='lat' dir='ltr'><strong>mani-</strong></span> 
     </span>
    </p>
   </div>
   <div class='ocr_carea' id='block_1_76' title="bbox 2118 3680 3782 3752">
    <p class='ocr_par' dir='ltr' id='par_1_76' title="bbox 2118 3680 3782 3752">
     <span class='ocr_line' id='line_1_77' title="bbox 2118 3680 3782 3752; baseline -0.001 -17"><span class='ocrx_word' id='word_1_571' title='bbox 2118 3680 2271 3737; x_wconf 90' lang='lat' dir='ltr'><strong>festo</strong></span> <span class='ocrx_word' id='word_1_572' title='bbox 2303 3698 2423 3752; x_wconf 61' lang='lat' dir='ltr'><strong>prae</strong></span> <span class='ocrx_word' id='word_1_573' title='bbox 2438 3680 2661 3736; x_wconf 84' lang='lat' dir='ltr'><strong>iicatur</strong></span> <span class='ocrx_word' id='word_1_574' title='bbox 2686 3697 2787 3735; x_wconf 86' lang='lat' dir='ltr'><strong>rex</strong></span> <span class='ocrx_word' id='word_1_575' title='bbox 2818 3682 3238 3751; x_wconf 87' lang='lat' dir='ltr'><strong>sempiternus,</strong></span> <span class='ocrx_word' id='word_1_576' title='bbox 3289 3681 3566 3751; x_wconf 89' lang='lat' dir='ltr'><strong>idemque</strong></span> <span class='ocrx_word' id='word_1_577' title='bbox 3599 3686 3782 3735; x_wconf 63' lang='lat' dir='ltr'><strong>aeter-</strong></span> 
     </span>
    </p>
   </div>
   <div class='ocr_carea' id='block_1_77' title="bbox 2122 3768 3671 3841">
    <p class='ocr_par' dir='ltr' id='par_1_77' title="bbox 2122 3768 3671 3841">
     <span class='ocr_line' id='line_1_78' title="bbox 2122 3768 3671 3841; baseline -0.001 -16"><span class='ocrx_word' id='word_1_578' title='bbox 2122 3786 2243 3825; x_wconf 90' lang='lat' dir='ltr'><strong>nus</strong></span> <span class='ocrx_word' id='word_1_579' title='bbox 2272 3768 2537 3841; x_wconf 85' lang='lat' dir='ltr'><strong>pontifex</strong></span> <span class='ocrx_word' id='word_1_580' title='bbox 2568 3769 2899 3824; x_wconf 89' lang='lat' dir='ltr'><strong>secundum</strong></span> <span class='ocrx_word' id='word_1_581' title='bbox 2933 3768 3343 3824; x_wconf 84' lang='lat' dir='ltr'><strong>Melchisedeci</strong></span> <span class='ocrx_word' id='word_1_582' title='bbox 3377 3769 3671 3824; x_wconf 88' lang='lat' dir='ltr'><strong>ordinem.</strong></span> 
     </span>
    </p>
   </div>
   <div class='ocr_carea' id='block_1_78' title="bbox 361 3852 3777 3936">
    <p class='ocr_par' dir='ltr' id='par_1_78' title="bbox 361 3852 3777 3936">
     <span class='ocr_line' id='line_1_79' title="bbox 361 3852 3777 3936; baseline -0.002 -21"><span class='ocrx_word' id='word_1_583' title='bbox 361 3863 435 3915; x_wconf 81' lang='grc' dir='ltr'>τὰ</span> <span class='ocrx_word' id='word_1_584' title='bbox 460 3862 598 3936; x_wconf 85' lang='grc' dir='ltr'>πρὸς</span> <span class='ocrx_word' id='word_1_585' title='bbox 622 3860 775 3927; x_wconf 84' lang='grc' dir='ltr'>Θεὸν,</span> <span class='ocrx_word' id='word_1_586' title='bbox 820 3859 895 3921; x_wconf 83' lang='grc' dir='ltr'><strong>ὡς</strong></span> <span class='ocrx_word' id='word_1_587' title='bbox 926 3852 1085 3936; x_wconf 82' lang='grc' dir='ltr'>ἔφην,</span> <span class='ocrx_word' id='word_1_588' title='bbox 1116 3855 1425 3931; x_wconf 84' lang='grc' dir='ltr'>ἀνθρώποις</span> <span class='ocrx_word' id='word_1_589' title='bbox 1484 3856 1565 3929; x_wconf 83' lang='grc' dir='ltr'><strong>[Ρ.</strong></span> <span class='ocrx_word' id='word_1_590' title='bbox 1629 3857 1751 3930; x_wconf 77' lang='grc'><strong>181]</strong></span> <span class='ocrx_word' id='word_1_591' title='bbox 1809 3852 2198 3925; x_wconf 77' lang='grc' dir='ltr'>άναδὲδεικται,</span> <span class='ocrx_word' id='word_1_592' title='bbox 2257 3855 2348 3912; x_wconf 84' lang='grc' dir='ltr'><strong>καὶ</strong></span> <span class='ocrx_word' id='word_1_593' title='bbox 2396 3854 2693 3931; x_wconf 77' lang='grc' dir='ltr'>προδήλως</span> <span class='ocrx_word' id='word_1_594' title='bbox 2746 3855 3068 3930; x_wconf 86' lang='grc' dir='ltr'>κηρύττεται</span> <span class='ocrx_word' id='word_1_595' title='bbox 3128 3854 3381 3929; x_wconf 79' lang='grc' dir='ltr'>βασιλεὺς</span> <span class='ocrx_word' id='word_1_596' title='bbox 3433 3854 3652 3918; x_wconf 73' lang='grc' dir='ltr'>αἰώνιος</span> <span class='ocrx_word' id='word_1_597' title='bbox 3679 3874 3777 3909; x_wconf 84' lang='grc' dir='ltr'>κα-</span> 
     </span>
    </p>
   </div>
   <div class='ocr_carea' id='block_1_79' title="bbox 353 3942 1835 4024">
    <p class='ocr_par' dir='ltr' id='par_1_79' title="bbox 353 3942 1835 4024">
     <span class='ocr_line' id='line_1_80' title="bbox 353 3942 1835 4024; baseline -0.003 -19"><span class='ocrx_word' id='word_1_598' title='bbox 353 3949 539 4024; x_wconf 62' lang='lat' dir='ltr'><strong>lapsi);</strong></span> <span class='ocrx_word' id='word_1_599' title='bbox 565 3948 644 4011; x_wconf 75' lang='grc' dir='ltr'><strong>εἰς</strong></span> <span class='ocrx_word' id='word_1_600' title='bbox 675 3949 769 4004; x_wconf 81' lang='grc' dir='ltr'>τὸν</span> <span class='ocrx_word' id='word_1_601' title='bbox 798 3946 972 4003; x_wconf 78' lang='grc' dir='ltr'>αἰῶνα</span> <span class='ocrx_word' id='word_1_602' title='bbox 1001 3945 1138 4003; x_wconf 84' lang='grc' dir='ltr'>κατᾶ</span> <span class='ocrx_word' id='word_1_603' title='bbox 1165 3946 1264 4016; x_wconf 81' lang='grc' dir='ltr'><strong>τήν</strong></span> <span class='ocrx_word' id='word_1_604' title='bbox 1295 3944 1444 4015; x_wconf 79' lang='grc' dir='ltr'>τάξιν</span> <span class='ocrx_word' id='word_1_605' title='bbox 1473 3942 1835 4021; x_wconf 76' lang='grc' dir='ltr'>Μελχισεδὲκ.</span> 
     </span>
    </p>
   </div>
   <div class='ocr_carea' id='block_1_80' title="bbox 434 4033 2020 4112">
    <p class='ocr_par' dir='ltr' id='par_1_80' title="bbox 434 4033 2020 4112">
     <span class='ocr_line' id='line_1_81' title="bbox 434 4033 2020 4112; baseline -0.004 -16"><span class='ocrx_word' id='word_1_606' title='bbox 434 4040 705 4096; x_wconf 75' lang='grc' dir='ltr'>Ἐντεῦθεν</span> <span class='ocrx_word' id='word_1_607' title='bbox 754 4039 942 4093; x_wconf 90' lang='grc' dir='ltr'>τοίνυν</span> <span class='ocrx_word' id='word_1_608' title='bbox 998 4034 1227 4112; x_wconf 75' lang='grc' dir='ltr'>ἄρχεται</span> <span class='ocrx_word' id='word_1_609' title='bbox 1276 4034 1571 4109; x_wconf 80' lang='grc' dir='ltr'>ἠτετάρτη</span> <span class='ocrx_word' id='word_1_610' title='bbox 1636 4033 1911 4110; x_wconf 86' lang='grc' dir='ltr'>βασιλεία,</span> <span class='ocrx_word' id='word_1_611' title='bbox 1952 4035 2020 4104; x_wconf 76' lang='grc' dir='ltr'>ἢν</span> 
     </span>
    </p>
   </div>
   <div class='ocr_carea' id='block_1_81' title="bbox 366 4121 2020 4201">
    <p class='ocr_par' dir='ltr' id='par_1_81' title="bbox 366 4121 2020 4201">
     <span class='ocr_line' id='line_1_82' title="bbox 366 4121 2020 4201; baseline -0.003 -18"><span class='ocrx_word' id='word_1_612' title='bbox 366 4129 395 4183; x_wconf 91' lang='lat'><strong>6</strong></span> <span class='ocrx_word' id='word_1_613' title='bbox 420 4124 630 4196; x_wconf 75' lang='grc' dir='ltr'>Δανιὴλ</span> <span class='ocrx_word' id='word_1_614' title='bbox 658 4125 712 4182; x_wconf 68' lang='grc' dir='ltr'>ὲν</span> <span class='ocrx_word' id='word_1_615' title='bbox 742 4130 813 4201; x_wconf 77' lang='grc' dir='ltr'><strong>τῇ</strong></span> <span class='ocrx_word' id='word_1_616' title='bbox 840 4130 949 4182; x_wconf 87' lang='grc' dir='ltr'><strong>τῶν</strong></span> <span class='ocrx_word' id='word_1_617' title='bbox 981 4125 1253 4198; x_wconf 86' lang='grc' dir='ltr'>τεσσάρων</span> <span class='ocrx_word' id='word_1_618' title='bbox 1291 4121 1493 4197; x_wconf 85' lang='grc' dir='ltr'>θηρίων</span> <span class='ocrx_word' id='word_1_619' title='bbox 1545 4123 1779 4195; x_wconf 81' lang='grc' dir='ltr'>ὀπτασίᾳ</span> <span class='ocrx_word' id='word_1_620' title='bbox 1830 4123 2020 4199; x_wconf 69' lang='grc' dir='ltr'>τέταρ-</span> 
     </span>
    </p>
   </div>
   <div class='ocr_carea' id='block_1_82' title="bbox 358 4210 2020 4295">
    <p class='ocr_par' dir='ltr' id='par_1_82' title="bbox 358 4210 2020 4295">
     <span class='ocr_line' id='line_1_83' title="bbox 358 4210 2020 4295; baseline -0.003 -23"><span class='ocrx_word' id='word_1_621' title='bbox 358 4238 456 4273; x_wconf 88' lang='grc' dir='ltr'><strong>τον</strong></span> <span class='ocrx_word' id='word_1_622' title='bbox 485 4217 680 4293; x_wconf 84' lang='grc' dir='ltr'>θηρίον</span> <span class='ocrx_word' id='word_1_623' title='bbox 722 4212 973 4295; x_wconf 74' lang='grc' dir='ltr'>διαφέρον</span> <span class='ocrx_word' id='word_1_624' title='bbox 1003 4218 1113 4269; x_wconf 90' lang='grc' dir='ltr'><strong>τῶν</strong></span> <span class='ocrx_word' id='word_1_625' title='bbox 1170 4210 1359 4269; x_wconf 79' lang='grc' dir='ltr'>ἄλλων</span> <span class='ocrx_word' id='word_1_626' title='bbox 1410 4212 1686 4288; x_wconf 83' lang='grc' dir='ltr'>τροπικῶς</span> <span class='ocrx_word' id='word_1_627' title='bbox 1742 4212 2020 4286; x_wconf 80' lang='grc' dir='ltr'>ὀνομάζει,</span> 
     </span>
    </p>
   </div>
   <div class='ocr_carea' id='block_1_83' title="bbox 363 4299 2020 4385">
    <p class='ocr_par' dir='ltr' id='par_1_83' title="bbox 363 4299 2020 4385">
     <span class='ocr_line' id='line_1_84' title="bbox 363 4299 2020 4385; baseline -0.003 -23"><span class='ocrx_word' id='word_1_628' title='bbox 363 4306 443 4385; x_wconf 83' lang='grc' dir='ltr'><strong>ἐφ’</strong></span> <span class='ocrx_word' id='word_1_629' title='bbox 491 4306 557 4361; x_wconf 80' lang='grc' dir='ltr'><strong>οὗ</strong></span> <span class='ocrx_word' id='word_1_630' title='bbox 605 4305 697 4360; x_wconf 84' lang='grc' dir='ltr'><strong>καὶ</strong></span> <span class='ocrx_word' id='word_1_631' title='bbox 728 4305 757 4360; x_wconf 89' lang='lat'><strong>6</strong></span> <span class='ocrx_word' id='word_1_632' title='bbox 787 4309 895 4359; x_wconf 87' lang='grc' dir='ltr'><strong>τῶν</strong></span> <span class='ocrx_word' id='word_1_633' title='bbox 954 4303 1186 4377; x_wconf 84' lang='grc' dir='ltr'>πρώτων</span> <span class='ocrx_word' id='word_1_634' title='bbox 1240 4301 1516 4376; x_wconf 84' lang='grc' dir='ltr'>τεσσάρων</span> <span class='ocrx_word' id='word_1_635' title='bbox 1573 4300 1862 4376; x_wconf 82' lang='grc' dir='ltr'>στοιχείων</span> <span class='ocrx_word' id='word_1_636' title='bbox 1921 4299 2020 4373; x_wconf 86' lang='grc' dir='ltr'>δη-</span> 
     </span>
    </p>
   </div>
   <div class='ocr_carea' id='block_1_84' title="bbox 372 4386 2020 4470">
    <p class='ocr_par' dir='ltr' id='par_1_84' title="bbox 372 4386 2020 4470">
     <span class='ocr_line' id='line_1_85' title="bbox 372 4386 2020 4470; baseline -0.005 -20"><span class='ocrx_word' id='word_1_637' title='bbox 372 4393 642 4470; x_wconf 83' lang='grc' dir='ltr'>μιουργὸς</span> <span class='ocrx_word' id='word_1_638' title='bbox 667 4393 759 4449; x_wconf 86' lang='grc' dir='ltr'>καὶ</span> <span class='ocrx_word' id='word_1_639' title='bbox 803 4392 897 4448; x_wconf 85' lang='grc' dir='ltr'><strong>τὸν</strong></span> <span class='ocrx_word' id='word_1_640' title='bbox 958 4389 1351 4466; x_wconf 80' lang='grc' dir='ltr'>τετραπέρατον</span> <span class='ocrx_word' id='word_1_641' title='bbox 1408 4388 1615 4463; x_wconf 76' lang='grc' dir='ltr'>κόσμον</span> <span class='ocrx_word' id='word_1_642' title='bbox 1670 4386 1941 4459; x_wconf 76' lang='grc' dir='ltr'>συνδήσας</span> <span class='ocrx_word' id='word_1_643' title='bbox 1968 4388 2020 4444; x_wconf 74' lang='grc' dir='ltr'>ἐν</span> 
     </span>
    </p>
   </div>
   <div class='ocr_carea' id='block_1_85' title="bbox 358 4475 2016 4557">
    <p class='ocr_par' dir='ltr' id='par_1_85' title="bbox 358 4475 2016 4557">
     <span class='ocr_line' id='line_1_86' title="bbox 358 4475 2016 4557; baseline -0.005 -17"><span class='ocrx_word' id='word_1_644' title='bbox 358 4482 579 4544; x_wconf 84' lang='grc' dir='ltr'>τούτοις</span> <span class='ocrx_word' id='word_1_645' title='bbox 608 4483 819 4553; x_wconf 86' lang='grc' dir='ltr'>Ἰησοῦς</span> <span class='ocrx_word' id='word_1_646' title='bbox 856 4485 1098 4557; x_wconf 81' lang='grc' dir='ltr'>Χριστὸς</span> <span class='ocrx_word' id='word_1_647' title='bbox 1156 4478 1440 4555; x_wconf 73' lang='grc' dir='ltr'>ἐσαρκώθη</span> <span class='ocrx_word' id='word_1_648' title='bbox 1474 4475 1564 4532; x_wconf 83' lang='grc' dir='ltr'><strong>διὰ</strong></span> <span class='ocrx_word' id='word_1_649' title='bbox 1591 4479 1692 4548; x_wconf 81' lang='grc' dir='ltr'><strong>τήν</strong></span> <span class='ocrx_word' id='word_1_650' title='bbox 1746 4477 2016 4553; x_wconf 65' lang='grc' dir='ltr'>ἡμετέραν</span> 
     </span>
    </p>
   </div>
   <div class='ocr_carea' id='block_1_86' title="bbox 2204 4032 3786 4106">
    <p class='ocr_par' dir='ltr' id='par_1_86' title="bbox 2204 4032 3786 4106">
     <span class='ocr_line' id='line_1_87' title="bbox 2204 4032 3786 4106; baseline -0.004 -13"><span class='ocrx_word' id='word_1_651' title='bbox 2204 4037 2358 4093; x_wconf 71' lang='grc'><strong>³18</strong></span> <span class='ocrx_word' id='word_1_652' title='bbox 2388 4039 2577 4106; x_wconf 84' lang='lat' dir='ltr'><strong>Atque</strong></span> <span class='ocrx_word' id='word_1_653' title='bbox 2611 4035 2723 4092; x_wconf 90' lang='lat' dir='ltr'><strong>hoc</strong></span> <span class='ocrx_word' id='word_1_654' title='bbox 2753 4042 2843 4092; x_wconf 91' lang='lat' dir='ltr'><strong>est</strong></span> <span class='ocrx_word' id='word_1_655' title='bbox 2870 4036 3109 4091; x_wconf 88' lang='lat' dir='ltr'><strong>initium</strong></span> <span class='ocrx_word' id='word_1_656' title='bbox 3137 4034 3333 4106; x_wconf 86' lang='lat' dir='ltr'><strong>quarti</strong></span> <span class='ocrx_word' id='word_1_657' title='bbox 3382 4034 3567 4106; x_wconf 85' lang='lat' dir='ltr'><strong>regni,</strong></span> <span class='ocrx_word' id='word_1_658' title='bbox 3626 4032 3786 4105; x_wconf 89' lang='lat' dir='ltr'><strong>quod</strong></span> 
     </span>
    </p>
   </div>
   <div class='ocr_carea' id='block_1_87' title="bbox 2134 4122 3787 4196">
    <p class='ocr_par' dir='ltr' id='par_1_87' title="bbox 2134 4122 3787 4196">
     <span class='ocr_line' id='line_1_88' title="bbox 2134 4122 3787 4196; baseline -0.002 -16"><span class='ocrx_word' id='word_1_659' title='bbox 2134 4126 2434 4195; x_wconf 87' lang='lat' dir='ltr'><strong>Danielus,</strong></span> <span class='ocrx_word' id='word_1_660' title='bbox 2458 4140 2593 4179; x_wconf 90' lang='lat' dir='ltr'><strong>cum</strong></span> <span class='ocrx_word' id='word_1_661' title='bbox 2625 4125 2678 4179; x_wconf 89' lang='lat' dir='ltr'><strong>ei</strong></span> <span class='ocrx_word' id='word_1_662' title='bbox 2710 4130 2965 4196; x_wconf 86' lang='lat' dir='ltr'><strong>quatuor</strong></span> <span class='ocrx_word' id='word_1_663' title='bbox 2994 4123 3278 4181; x_wconf 83' lang='lat' dir='ltr'><strong>animalia</strong></span> <span class='ocrx_word' id='word_1_664' title='bbox 3299 4128 3632 4195; x_wconf 89' lang='lat' dir='ltr'><strong>appareret,</strong></span> <span class='ocrx_word' id='word_1_665' title='bbox 3673 4122 3787 4177; x_wconf 89' lang='lat' dir='ltr'><strong>sibi</strong></span> 
     </span>
    </p>
   </div>
   <div class='ocr_carea' id='block_1_88' title="bbox 2131 4213 3791 4285">
    <p class='ocr_par' dir='ltr' id='par_1_88' title="bbox 2131 4213 3791 4285">
     <span class='ocr_line' id='line_1_89' title="bbox 2131 4213 3791 4285; baseline -0.004 -14"><span class='ocrx_word' id='word_1_666' title='bbox 2131 4214 2405 4271; x_wconf 88' lang='lat' dir='ltr'><strong>animalis</strong></span> <span class='ocrx_word' id='word_1_667' title='bbox 2437 4213 2634 4285; x_wconf 88' lang='lat' dir='ltr'><strong>specie</strong></span> <span class='ocrx_word' id='word_1_668' title='bbox 2667 4230 2703 4270; x_wconf 89' lang='lat' dir='ltr'><strong>a</strong></span> <span class='ocrx_word' id='word_1_669' title='bbox 2734 4214 2987 4285; x_wconf 85' lang='lat' dir='ltr'><strong>reliquis</strong></span> <span class='ocrx_word' id='word_1_670' title='bbox 3035 4213 3347 4269; x_wconf 77' lang='lat' dir='ltr'><strong>differente</strong></span> <span class='ocrx_word' id='word_1_671' title='bbox 3405 4217 3791 4283; x_wconf 68' lang='lat' dir='ltr'><strong>repraesenta-</strong></span> 
     </span>
    </p>
   </div>
   <div class='ocr_carea' id='block_1_89' title="bbox 2132 4300 3790 4378">
    <p class='ocr_par' dir='ltr' id='par_1_89' title="bbox 2132 4300 3790 4378">
     <span class='ocr_line' id='line_1_90' title="bbox 2132 4300 3790 4378; baseline -0.001 -20"><span class='ocrx_word' id='word_1_672' title='bbox 2132 4308 2255 4359; x_wconf 90' lang='lat' dir='ltr'><strong>tum</strong></span> <span class='ocrx_word' id='word_1_673' title='bbox 2286 4305 2389 4375; x_wconf 90' lang='lat' dir='ltr'><strong>ait,</strong></span> <span class='ocrx_word' id='word_1_674' title='bbox 2423 4323 2538 4378; x_wconf 89' lang='lat' dir='ltr'><strong>quo</strong></span> <span class='ocrx_word' id='word_1_675' title='bbox 2562 4305 2877 4360; x_wconf 88' lang='lat' dir='ltr'><strong>veheretur</strong></span> <span class='ocrx_word' id='word_1_676' title='bbox 2894 4302 3226 4374; x_wconf 89' lang='lat' dir='ltr'><strong>primorum</strong></span> <span class='ocrx_word' id='word_1_677' title='bbox 3249 4306 3505 4374; x_wconf 82' lang='lat' dir='ltr'><strong>quatuOr</strong></span> <span class='ocrx_word' id='word_1_678' title='bbox 3529 4300 3790 4356; x_wconf 86' lang='lat' dir='ltr'><strong>elemen-</strong></span> 
     </span>
    </p>
   </div>
   <div class='ocr_carea' id='block_1_90' title="bbox 2128 4390 3791 4469">
    <p class='ocr_par' dir='ltr' id='par_1_90' title="bbox 2128 4390 3791 4469">
     <span class='ocr_line' id='line_1_91' title="bbox 2128 4390 3791 4469; baseline -0.002 -19"><span class='ocrx_word' id='word_1_679' title='bbox 2128 4401 2335 4452; x_wconf 90' lang='lat' dir='ltr'><strong>torum</strong></span> <span class='ocrx_word' id='word_1_680' title='bbox 2366 4396 2591 4469; x_wconf 86' lang='lat' dir='ltr'><strong>opifex,</strong></span> <span class='ocrx_word' id='word_1_681' title='bbox 2620 4396 2721 4468; x_wconf 90' lang='lat' dir='ltr'><strong>qui</strong></span> <span class='ocrx_word' id='word_1_682' title='bbox 2751 4393 3256 4466; x_wconf 79' lang='lat' dir='ltr'><strong>quatripatentem</strong></span> <span class='ocrx_word' id='word_1_683' title='bbox 3299 4390 3590 4447; x_wconf 90' lang='lat' dir='ltr'><strong>mundum</strong></span> <span class='ocrx_word' id='word_1_684' title='bbox 3647 4407 3791 4446; x_wconf 85' lang='lat' dir='ltr'><strong>con-</strong></span> 
     </span>
    </p>
   </div>
   <div class='ocr_carea' id='block_1_91' title="bbox 2131 4481 3791 4559">
    <p class='ocr_par' dir='ltr' id='par_1_91' title="bbox 2131 4481 3791 4559">
     <span class='ocr_line' id='line_1_92' title="bbox 2131 4481 3791 4559; baseline -0.001 -21"><span class='ocrx_word' id='word_1_685' title='bbox 2131 4484 2426 4542; x_wconf 89' lang='lat' dir='ltr'><strong>cinnavit:</strong></span> <span class='ocrx_word' id='word_1_686' title='bbox 2457 4503 2574 4559; x_wconf 91' lang='lat' dir='ltr'><strong>quo</strong></span> <span class='ocrx_word' id='word_1_687' title='bbox 2606 4501 2786 4558; x_wconf 91' lang='lat' dir='ltr'><strong>regno</strong></span> <span class='ocrx_word' id='word_1_688' title='bbox 2819 4482 3050 4539; x_wconf 88' lang='lat' dir='ltr'><strong>scilicet</strong></span> <span class='ocrx_word' id='word_1_689' title='bbox 3094 4487 3319 4537; x_wconf 68' lang='lat' dir='ltr'><strong>nostvaa</strong></span> <span class='ocrx_word' id='word_1_690' title='bbox 3352 4481 3562 4538; x_wconf 88' lang='lat' dir='ltr'><strong>salutis</strong></span> <span class='ocrx_word' id='word_1_691' title='bbox 3613 4497 3791 4537; x_wconf 89' lang='lat' dir='ltr'><strong>causa</strong></span> 
     </span>
    </p>
   </div>
   <div class='ocr_carea' id='block_1_92' title="bbox 366 4565 2007 4647">
    <p class='ocr_par' dir='ltr' id='par_1_92' title="bbox 366 4565 1999 4647">
     <span class='ocr_line' id='line_1_93' title="bbox 366 4565 1999 4647; baseline -0.005 -19"><span class='ocrx_word' id='word_1_692' title='bbox 366 4571 670 4647; x_wconf 86' lang='grc' dir='ltr'>σωτηρίαν.</span> <span class='ocrx_word' id='word_1_693' title='bbox 701 4573 861 4635; x_wconf 70' lang='grc' dir='ltr'>’Όθεν</span> <span class='ocrx_word' id='word_1_694' title='bbox 893 4569 1120 4631; x_wconf 76' lang='grc' dir='ltr'>εἰκότως</span> <span class='ocrx_word' id='word_1_695' title='bbox 1174 4566 1341 4643; x_wconf 68' lang='grc' dir='ltr'>μέγας</span> <span class='ocrx_word' id='word_1_696' title='bbox 1400 4565 1656 4642; x_wconf 79' lang='grc' dir='ltr'>βασιλεὺς</span> <span class='ocrx_word' id='word_1_697' title='bbox 1706 4566 1796 4621; x_wconf 83' lang='grc' dir='ltr'><strong>καὶ</strong></span> <span class='ocrx_word' id='word_1_698' title='bbox 1840 4565 1999 4637; x_wconf 71' lang='grc' dir='ltr'>ἔπίτη</span> 
     </span>
    </p>
   </div>
   <div class='ocr_carea' id='block_1_93' title="bbox 2121 4565 3791 4647">
    <p class='ocr_par' dir='ltr' id='par_1_93' title="bbox 2134 4571 3791 4637">
     <span class='ocr_line' id='line_1_94' title="bbox 2134 4571 3791 4637; baseline -0.002 -8"><span class='ocrx_word' id='word_1_699' title='bbox 2134 4575 2304 4630; x_wconf 72' lang='lat' dir='ltr'><strong>Iesus</strong></span> <span class='ocrx_word' id='word_1_700' title='bbox 2334 4575 2604 4633; x_wconf 86' lang='lat' dir='ltr'><strong>Christus</strong></span> <span class='ocrx_word' id='word_1_701' title='bbox 2626 4576 2804 4630; x_wconf 90' lang='lat' dir='ltr'><strong>homo</strong></span> <span class='ocrx_word' id='word_1_702' title='bbox 2842 4576 3018 4628; x_wconf 89' lang='lat' dir='ltr'><strong>natus</strong></span> <span class='ocrx_word' id='word_1_703' title='bbox 3048 4575 3157 4626; x_wconf 90' lang='lat' dir='ltr'><strong>est.</strong></span> <span class='ocrx_word' id='word_1_704' title='bbox 3192 4571 3382 4637; x_wconf 86' lang='lat' dir='ltr'><strong>Quare</strong></span> <span class='ocrx_word' id='word_1_705' title='bbox 3416 4571 3631 4629; x_wconf 91' lang='lat' dir='ltr'><strong>merito</strong></span> <span class='ocrx_word' id='word_1_706' title='bbox 3661 4587 3791 4626; x_wconf 87' lang='lat' dir='ltr'><strong>om-</strong></span> 
     </span>
    </p>
   </div>
   <div class='ocr_carea' id='block_1_94' title="bbox 374 4652 2032 4736">
    <p class='ocr_par' dir='ltr' id='par_1_94' title="bbox 374 4652 2032 4736">
     <span class='ocr_line' id='line_1_95' title="bbox 374 4652 2032 4736; baseline -0.005 -18"><span class='ocrx_word' id='word_1_707' title='bbox 374 4683 473 4735; x_wconf 83' lang='grc' dir='ltr'><strong>μος</strong></span> <span class='ocrx_word' id='word_1_708' title='bbox 509 4662 644 4736; x_wconf 69' lang='grc' dir='ltr'>ὅπερ</span> <span class='ocrx_word' id='word_1_709' title='bbox 674 4660 878 4722; x_wconf 85' lang='grc' dir='ltr'>πάντας</span> <span class='ocrx_word' id='word_1_710' title='bbox 912 4659 941 4714; x_wconf 87' lang='lat'><strong>6</strong></span> <span class='ocrx_word' id='word_1_711' title='bbox 970 4656 1282 4733; x_wconf 74' lang='grc' dir='ltr'>Αὔγουστος</span> <span class='ocrx_word' id='word_1_712' title='bbox 1308 4655 1401 4712; x_wconf 83' lang='grc' dir='ltr'><strong>καὶ</strong></span> <span class='ocrx_word' id='word_1_713' title='bbox 1459 4652 1685 4717; x_wconf 88' lang='grc' dir='ltr'>δυνατὸς</span> <span class='ocrx_word' id='word_1_714' title='bbox 1739 4654 2032 4732; x_wconf 86' lang='grc' dir='ltr'>γενόμενὸς</span> 
     </span>
    </p>
   </div>
   <div class='ocr_carea' id='block_1_95' title="bbox 370 4741 2034 4824">
    <p class='ocr_par' dir='ltr' id='par_1_95' title="bbox 370 4741 2034 4824">
     <span class='ocr_line' id='line_1_96' title="bbox 370 4741 2034 4824; baseline -0.004 -19"><span class='ocrx_word' id='word_1_715' title='bbox 370 4750 600 4821; x_wconf 70' lang='grc' dir='ltr'>ὑπέταξε</span> <span class='ocrx_word' id='word_1_716' title='bbox 664 4750 760 4810; x_wconf 78' lang='grc' dir='ltr'><strong>τὰς</strong></span> <span class='ocrx_word' id='word_1_717' title='bbox 820 4747 1045 4824; x_wconf 80' lang='grc' dir='ltr'>μερικὰς</span> <span class='ocrx_word' id='word_1_718' title='bbox 1107 4743 1388 4823; x_wconf 85' lang='grc' dir='ltr'>βασιλείας</span> <span class='ocrx_word' id='word_1_719' title='bbox 1443 4746 1637 4815; x_wconf 89' lang='grc' dir='ltr'>πάσας,</span> <span class='ocrx_word' id='word_1_720' title='bbox 1697 4741 1789 4799; x_wconf 77' lang='grc' dir='ltr'><strong>διὰ</strong></span> <span class='ocrx_word' id='word_1_721' title='bbox 1833 4745 1925 4801; x_wconf 86' lang='grc' dir='ltr'>τὸν</span> <span class='ocrx_word' id='word_1_722' title='bbox 1980 4742 2034 4800; x_wconf 76' lang='grc' dir='ltr'>ἐν</span> 
     </span>
    </p>
   </div>
   <div class='ocr_carea' id='block_1_96' title="bbox 369 4834 2031 4915">
    <p class='ocr_par' dir='ltr' id='par_1_96' title="bbox 369 4834 2031 4915">
     <span class='ocr_line' id='line_1_97' title="bbox 369 4834 2031 4915; baseline -0.003 -19"><span class='ocrx_word' id='word_1_723' title='bbox 369 4847 489 4903; x_wconf 78' lang='grc' dir='ltr'>ταῖς</span> <span class='ocrx_word' id='word_1_724' title='bbox 519 4837 758 4915; x_wconf 63' lang='grc' dir='ltr'><strong>⁴ἡμέραις</strong></span> <span class='ocrx_word' id='word_1_725' title='bbox 792 4839 961 4894; x_wconf 78' lang='grc' dir='ltr'>αὐτοῦ</span> <span class='ocrx_word' id='word_1_726' title='bbox 1008 4834 1247 4895; x_wconf 75' lang='grc' dir='ltr'>Βασιλέα</span> <span class='ocrx_word' id='word_1_727' title='bbox 1299 4840 1397 4892; x_wconf 87' lang='grc' dir='ltr'><strong>τοῦ</strong></span> <span class='ocrx_word' id='word_1_728' title='bbox 1442 4834 1655 4897; x_wconf 75' lang='grc' dir='ltr'>παντὸς</span> <span class='ocrx_word' id='word_1_729' title='bbox 1709 4834 1799 4890; x_wconf 85' lang='grc' dir='ltr'><strong>καὶ</strong></span> <span class='ocrx_word' id='word_1_730' title='bbox 1831 4835 2031 4911; x_wconf 83' lang='grc' dir='ltr'>Κύριον</span> 
     </span>
    </p>
   </div>
   <div class='ocr_carea' id='block_1_97' title="bbox 370 4921 2031 5003">
    <p class='ocr_par' dir='ltr' id='par_1_97' title="bbox 370 4921 2031 5003">
     <span class='ocr_line' id='line_1_98' title="bbox 370 4921 2031 5003; baseline -0.027 -1"><span class='ocrx_word' id='word_1_731' title='bbox 370 4928 656 5003; x_wconf 63' lang='grc' dir='ltr'>τεχθέντα,</span> <span class='ocrx_word' id='word_1_732' title='bbox 694 4926 831 4982; x_wconf 81' lang='grc' dir='ltr'>κατὰ</span> <span class='ocrx_word' id='word_1_733' title='bbox 882 4926 983 4994; x_wconf 76' lang='grc' dir='ltr'>τήν</span> <span class='ocrx_word' id='word_1_734' title='bbox 1037 4926 1263 4983; x_wconf 73' lang='grc' dir='ltr'>Ἠσαῖου</span> <span class='ocrx_word' id='word_1_735' title='bbox 1321 4921 1678 5001; x_wconf 58' lang='grc' dir='ltr'>προφητείαν</span> <span class='ocrx_word' id='word_1_736' title='bbox 1740 4922 1873 5001; x_wconf 72' lang='grc' dir='ltr'><strong>φησί</strong></span> <span class='ocrx_word' id='word_1_737' title='bbox 1902 4923 2031 4999; x_wconf 70' lang='grc' dir='ltr'>γὰρ.</span> 
     </span>
    </p>
   </div>
   <div class='ocr_carea' id='block_1_98' title="bbox 374 5009 2035 5092">
    <p class='ocr_par' dir='ltr' id='par_1_98' title="bbox 374 5009 2035 5092">
     <span class='ocr_line' id='line_1_99' title="bbox 374 5009 2035 5092; baseline 0 -24"><span class='ocrx_word' id='word_1_738' title='bbox 374 5042 402 5068; x_wconf 75' lang='grc' dir='ltr'><strong>σε</strong></span> <span class='ocrx_word' id='word_1_739' title='bbox 436 5016 539 5073; x_wconf 81' lang='grc' dir='ltr'><strong>Καὶ</strong></span> <span class='ocrx_word' id='word_1_740' title='bbox 571 5013 722 5071; x_wconf 83' lang='grc' dir='ltr'>ἔσται</span> <span class='ocrx_word' id='word_1_741' title='bbox 779 5014 833 5070; x_wconf 78' lang='grc' dir='ltr'>ἐν</span> <span class='ocrx_word' id='word_1_742' title='bbox 892 5019 1013 5075; x_wconf 84' lang='grc' dir='ltr'>ταῖς</span> <span class='ocrx_word' id='word_1_743' title='bbox 1079 5012 1337 5092; x_wconf 81' lang='grc' dir='ltr'>ἐσχάταις</span> <span class='ocrx_word' id='word_1_744' title='bbox 1395 5011 1629 5087; x_wconf 70' lang='grc' dir='ltr'>ἡμέραις</span> <span class='ocrx_word' id='word_1_745' title='bbox 1688 5009 1916 5089; x_wconf 72' lang='grc' dir='ltr'>ἔμφανὲς</span> <span class='ocrx_word' id='word_1_746' title='bbox 1971 5012 2035 5068; x_wconf 82' lang='grc' dir='ltr'>τὸ</span> 
     </span>
    </p>
   </div>
   <div class='ocr_carea' id='block_1_99' title="bbox 378 5097 2033 5181">
    <p class='ocr_par' dir='ltr' id='par_1_99' title="bbox 378 5097 2033 5181">
     <span class='ocr_line' id='line_1_100' title="bbox 378 5097 2033 5181; baseline -0.002 -22"><span class='ocrx_word' id='word_1_747' title='bbox 378 5104 508 5181; x_wconf 79' lang='grc' dir='ltr'>ὅρος</span> <span class='ocrx_word' id='word_1_748' title='bbox 537 5103 764 5180; x_wconf 81' lang='grc' dir='ltr'>Κυρίου,</span> <span class='ocrx_word' id='word_1_749' title='bbox 820 5102 912 5158; x_wconf 85' lang='grc' dir='ltr'><strong>καὶ</strong></span> <span class='ocrx_word' id='word_1_750' title='bbox 945 5103 975 5158; x_wconf 88' lang='lat'><strong>6</strong></span> <span class='ocrx_word' id='word_1_751' title='bbox 1013 5104 1170 5164; x_wconf 78' lang='grc' dir='ltr'>οἶκος</span> <span class='ocrx_word' id='word_1_752' title='bbox 1201 5104 1300 5157; x_wconf 89' lang='grc' dir='ltr'><strong>τοῦ</strong></span> <span class='ocrx_word' id='word_1_753' title='bbox 1358 5104 1492 5155; x_wconf 86' lang='grc' dir='ltr'>Θεοῦ</span> <span class='ocrx_word' id='word_1_754' title='bbox 1548 5098 1633 5155; x_wconf 64' lang='grc' dir='ltr'><strong>ἔπ’</strong></span> <span class='ocrx_word' id='word_1_755' title='bbox 1689 5097 1867 5174; x_wconf 78' lang='grc' dir='ltr'>ἄκρων</span> <span class='ocrx_word' id='word_1_756' title='bbox 1924 5105 2033 5156; x_wconf 86' lang='grc' dir='ltr'><strong>τῶν</strong></span> 
     </span>
    </p>
   </div>
   <div class='ocr_carea' id='block_1_100' title="bbox 378 5186 2036 5266">
    <p class='ocr_par' dir='ltr' id='par_1_100' title="bbox 378 5186 2036 5266">
     <span class='ocr_line' id='line_1_101' title="bbox 378 5186 2036 5266; baseline -0.004 -19"><span class='ocrx_word' id='word_1_757' title='bbox 378 5192 569 5266; x_wconf 74' lang='grc' dir='ltr'>ὀρέων.</span> <span class='ocrx_word' id='word_1_758' title='bbox 629 5190 733 5249; x_wconf 81' lang='grc' dir='ltr'><strong>Καὶ</strong></span> <span class='ocrx_word' id='word_1_759' title='bbox 786 5192 1131 5265; x_wconf 77' lang='grc' dir='ltr'>ὑψωθήσεται</span> <span class='ocrx_word' id='word_1_760' title='bbox 1192 5188 1442 5264; x_wconf 81' lang='grc' dir='ltr'>ὑπεράνω</span> <span class='ocrx_word' id='word_1_761' title='bbox 1495 5186 1605 5242; x_wconf 84' lang='grc' dir='ltr'><strong>τῶν</strong></span> <span class='ocrx_word' id='word_1_762' title='bbox 1666 5187 1896 5261; x_wconf 89' lang='grc' dir='ltr'>βουνῶν,</span> <span class='ocrx_word' id='word_1_763' title='bbox 1943 5188 2036 5243; x_wconf 76' lang='grc' dir='ltr'><strong>καὶ</strong></span> 
     </span>
    </p>
   </div>
   <div class='ocr_carea' id='block_1_101' title="bbox 372 5268 2038 5352">
    <p class='ocr_par' dir='ltr' id='par_1_101' title="bbox 372 5268 2038 5352">
     <span class='ocr_line' id='line_1_102' title="bbox 372 5268 2038 5352; baseline -0.002 -15"><span class='ocrx_word' id='word_1_764' title='bbox 372 5282 596 5352; x_wconf 71' lang='grc' dir='ltr'>ἥξουσιν</span> <span class='ocrx_word' id='word_1_765' title='bbox 640 5280 724 5335; x_wconf 78' lang='grc' dir='ltr'><strong>ἐπ’</strong></span> <span class='ocrx_word' id='word_1_766' title='bbox 753 5278 913 5335; x_wconf 75' lang='grc' dir='ltr'>αὐτὸν</span> <span class='ocrx_word' id='word_1_767' title='bbox 940 5278 1114 5335; x_wconf 85' lang='grc' dir='ltr'>πάντα</span> <span class='ocrx_word' id='word_1_768' title='bbox 1169 5277 1236 5333; x_wconf 76' lang='grc' dir='ltr'><strong>τὰ</strong></span> <span class='ocrx_word' id='word_1_769' title='bbox 1291 5268 1445 5347; x_wconf 79' lang='grc' dir='ltr'>ἔθνη,</span> <span class='ocrx_word' id='word_1_770' title='bbox 1501 5275 1592 5331; x_wconf 83' lang='grc' dir='ltr'>καὶ</span> <span class='ocrx_word' id='word_1_771' title='bbox 1648 5276 2038 5351; x_wconf 80' lang='grc' dir='ltr'>πορεόυσονται</span> 
     </span>
    </p>
   </div>
   <div class='ocr_carea' id='block_1_102' title="bbox 374 5359 2041 5445">
    <p class='ocr_par' dir='ltr' id='par_1_102' title="bbox 374 5359 2041 5445">
     <span class='ocr_line' id='line_1_103' title="bbox 374 5359 2041 5445; baseline -0.001 -19"><span class='ocrx_word' id='word_1_772' title='bbox 374 5370 503 5426; x_wconf 84' lang='grc' dir='ltr'>Ααοί</span> <span class='ocrx_word' id='word_1_773' title='bbox 535 5368 770 5437; x_wconf 80' lang='grc' dir='ltr'>πολλοὶ,</span> <span class='ocrx_word' id='word_1_774' title='bbox 801 5369 892 5424; x_wconf 83' lang='grc' dir='ltr'><strong>καὶ</strong></span> <span class='ocrx_word' id='word_1_775' title='bbox 922 5368 1127 5445; x_wconf 81' lang='grc' dir='ltr'>ἐροῦσι⁶</span> <span class='ocrx_word' id='word_1_776' title='bbox 1157 5371 1339 5423; x_wconf 82' lang='grc' dir='ltr'>Δεῦτε.</span> <span class='ocrx_word' id='word_1_777' title='bbox 1373 5359 1657 5439; x_wconf 74' lang='grc' dir='ltr'>ἀναδῶμεν</span> <span class='ocrx_word' id='word_1_778' title='bbox 1688 5365 1764 5428; x_wconf 82' lang='grc' dir='ltr'><strong>εἰς</strong></span> <span class='ocrx_word' id='word_1_779' title='bbox 1818 5365 1881 5421; x_wconf 86' lang='grc' dir='ltr'>τὸ</span> <span class='ocrx_word' id='word_1_780' title='bbox 1913 5365 2041 5442; x_wconf 81' lang='grc' dir='ltr'>ὅρος</span> 
     </span>
    </p>
   </div>
   <div class='ocr_carea' id='block_1_103' title="bbox 373 5454 2038 5538">
    <p class='ocr_par' dir='ltr' id='par_1_103' title="bbox 373 5454 2038 5538">
     <span class='ocr_line' id='line_1_104' title="bbox 373 5454 2038 5538; baseline -0.002 -19"><span class='ocrx_word' id='word_1_781' title='bbox 373 5464 582 5538; x_wconf 76' lang='grc' dir='ltr'>Κυρίου</span> <span class='ocrx_word' id='word_1_782' title='bbox 638 5466 731 5517; x_wconf 77' lang='grc' dir='ltr'>καὶ</span> <span class='ocrx_word' id='word_1_783' title='bbox 791 5459 869 5526; x_wconf 79' lang='grc' dir='ltr'><strong>εἰς</strong></span> <span class='ocrx_word' id='word_1_784' title='bbox 920 5461 1013 5516; x_wconf 86' lang='grc' dir='ltr'><strong>τὸν</strong></span> <span class='ocrx_word' id='word_1_785' title='bbox 1094 5460 1245 5515; x_wconf 82' lang='grc' dir='ltr'>οἶκον</span> <span class='ocrx_word' id='word_1_786' title='bbox 1303 5464 1402 5516; x_wconf 84' lang='grc' dir='ltr'><strong>τοῦ</strong></span> <span class='ocrx_word' id='word_1_787' title='bbox 1453 5462 1587 5513; x_wconf 88' lang='grc' dir='ltr'>Θεοῦ</span> <span class='ocrx_word' id='word_1_788' title='bbox 1645 5454 1882 5516; x_wconf 79' lang='grc' dir='ltr'>Ἰωκώϐ.</span> <span class='ocrx_word' id='word_1_789' title='bbox 1935 5461 2038 5517; x_wconf 87' lang='grc' dir='ltr'>Καὶ</span> 
     </span>
    </p>
   </div>
   <div class='ocr_carea' id='block_1_104' title="bbox 376 5547 2039 5630">
    <p class='ocr_par' dir='ltr' id='par_1_104' title="bbox 376 5547 2039 5630">
     <span class='ocr_line' id='line_1_105' title="bbox 376 5547 2039 5630; baseline -0.001 -23"><span class='ocrx_word' id='word_1_790' title='bbox 376 5552 673 5630; x_wconf 70' lang='grc' dir='ltr'>ἀναγγελεῖ</span> <span class='ocrx_word' id='word_1_791' title='bbox 724 5552 861 5626; x_wconf 80' lang='grc' dir='ltr'>ἡμῖν</span> <span class='ocrx_word' id='word_1_792' title='bbox 894 5550 996 5619; x_wconf 83' lang='grc' dir='ltr'><strong>τήν</strong></span> <span class='ocrx_word' id='word_1_793' title='bbox 1027 5547 1157 5606; x_wconf 82' lang='grc' dir='ltr'>ὁδὸν</span> <span class='ocrx_word' id='word_1_794' title='bbox 1186 5547 1374 5619; x_wconf 77' lang='grc' dir='ltr'>αὐτοῦ,</span> <span class='ocrx_word' id='word_1_795' title='bbox 1436 5568 1526 5603; x_wconf 79' lang='grc' dir='ltr'><strong>και</strong></span> <span class='ocrx_word' id='word_1_796' title='bbox 1573 5547 1953 5623; x_wconf 86' lang='grc' dir='ltr'>πορευσόμεθα</span> <span class='ocrx_word' id='word_1_797' title='bbox 1986 5548 2039 5604; x_wconf 72' lang='grc' dir='ltr'>ἐν</span> 
     </span>
    </p>
   </div>
   <div class='ocr_carea' id='block_1_105' title="bbox 376 5635 2040 5720">
    <p class='ocr_par' dir='ltr' id='par_1_105' title="bbox 376 5635 2040 5720">
     <span class='ocr_line' id='line_1_106' title="bbox 376 5635 2040 5720; baseline 0.001 -25"><span class='ocrx_word' id='word_1_798' title='bbox 376 5639 537 5717; x_wconf 69' lang='grc' dir='ltr'>αὐτῇ.</span> <span class='ocrx_word' id='word_1_799' title='bbox 595 5641 695 5699; x_wconf 78' lang='grc' dir='ltr'>Ἐκ</span> <span class='ocrx_word' id='word_1_800' title='bbox 742 5640 849 5718; x_wconf 76' lang='grc' dir='ltr'><strong>γὰρ</strong></span> <span class='ocrx_word' id='word_1_801' title='bbox 895 5638 1035 5696; x_wconf 77' lang='grc' dir='ltr'>Σιὼν</span> <span class='ocrx_word' id='word_1_802' title='bbox 1096 5636 1429 5708; x_wconf 64' lang='grc' dir='ltr'>ἐξελεύσεται</span> <span class='ocrx_word' id='word_1_803' title='bbox 1485 5635 1671 5711; x_wconf 86' lang='grc' dir='ltr'>νόμος,</span> <span class='ocrx_word' id='word_1_804' title='bbox 1724 5637 1814 5693; x_wconf 85' lang='grc' dir='ltr'><strong>καὶ</strong></span> <span class='ocrx_word' id='word_1_805' title='bbox 1875 5635 2040 5720; x_wconf 84' lang='grc' dir='ltr'>λόγος</span> 
     </span>
    </p>
   </div>
   <div class='ocr_carea' id='block_1_106' title="bbox 448 5740 891 5810">
    <p class='ocr_par' dir='ltr' id='par_1_106' title="bbox 448 5740 891 5810">
     <span class='ocr_line' id='line_1_107' title="bbox 448 5740 891 5810; baseline -0.005 -13"><span class='ocrx_word' id='word_1_806' title='bbox 448 5740 496 5777; x_wconf 81' lang='grc'><strong>⁸⁸</strong></span> <span class='ocrx_word' id='word_1_807' title='bbox 529 5740 647 5797; x_wconf 83' lang='lat' dir='ltr'><strong>Isa.</strong></span> <span class='ocrx_word' id='word_1_808' title='bbox 681 5757 745 5810; x_wconf 82' lang='grc' dir='ltr'><strong>ιι,</strong></span> <span class='ocrx_word' id='word_1_809' title='bbox 777 5742 891 5796; x_wconf 69' lang='grc'><strong>1-4.</strong></span> 
     </span>
    </p>
   </div>
   <div class='ocr_carea' id='block_1_107' title="bbox 2142 4661 3794 4738">
    <p class='ocr_par' dir='ltr' id='par_1_107' title="bbox 2142 4661 3794 4738">
     <span class='ocr_line' id='line_1_108' title="bbox 2142 4661 3794 4738; baseline -0.003 -19"><span class='ocrx_word' id='word_1_810' title='bbox 2142 4663 2317 4720; x_wconf 88' lang='lat' dir='ltr'><strong>nibus</strong></span> <span class='ocrx_word' id='word_1_811' title='bbox 2352 4665 2589 4738; x_wconf 88' lang='lat' dir='ltr'><strong>regibus</strong></span> <span class='ocrx_word' id='word_1_812' title='bbox 2628 4665 2821 4736; x_wconf 89' lang='lat' dir='ltr'><strong>major</strong></span> <span class='ocrx_word' id='word_1_813' title='bbox 2850 4661 3259 4732; x_wconf 91' lang='lat' dir='ltr'><strong>illustriorque</strong></span> <span class='ocrx_word' id='word_1_814' title='bbox 3312 4661 3426 4715; x_wconf 82' lang='lat' dir='ltr'><strong>fuit</strong></span> <span class='ocrx_word' id='word_1_815' title='bbox 3474 4665 3794 4733; x_wconf 82' lang='lat' dir='ltr'><strong>Augustus,</strong></span> 
     </span>
    </p>
   </div>
   <div class='ocr_carea' id='block_1_108' title="bbox 2143 4748 3795 4827">
    <p class='ocr_par' dir='ltr' id='par_1_108' title="bbox 2143 4748 3795 4827">
     <span class='ocr_line' id='line_1_109' title="bbox 2143 4748 3795 4827; baseline -0.004 -19"><span class='ocrx_word' id='word_1_816' title='bbox 2143 4754 2460 4826; x_wconf 91' lang='lat' dir='ltr'><strong>omniaque</strong></span> <span class='ocrx_word' id='word_1_817' title='bbox 2493 4752 2876 4827; x_wconf 86' lang='lat' dir='ltr'><strong>particularia</strong></span> <span class='ocrx_word' id='word_1_818' title='bbox 2904 4767 3088 4824; x_wconf 86' lang='lat' dir='ltr'><strong>regna</strong></span> <span class='ocrx_word' id='word_1_819' title='bbox 3116 4766 3222 4805; x_wconf 92' lang='lat' dir='ltr'><strong>suo</strong></span> <span class='ocrx_word' id='word_1_820' title='bbox 3247 4749 3496 4821; x_wconf 89' lang='lat' dir='ltr'><strong>imperio</strong></span> <span class='ocrx_word' id='word_1_821' title='bbox 3520 4748 3795 4819; x_wconf 87' lang='lat' dir='ltr'><strong>subjecit,</strong></span> 
     </span>
    </p>
   </div>
   <div class='ocr_carea' id='block_1_109' title="bbox 2144 4836 3798 4915">
    <p class='ocr_par' dir='ltr' id='par_1_109' title="bbox 2144 4836 3798 4915">
     <span class='ocr_line' id='line_1_110' title="bbox 2144 4836 3798 4915; baseline -0.004 -17"><span class='ocrx_word' id='word_1_822' title='bbox 2144 4849 2386 4915; x_wconf 89' lang='lat' dir='ltr'><strong>propter</strong></span> <span class='ocrx_word' id='word_1_823' title='bbox 2414 4861 2549 4900; x_wconf 91' lang='lat' dir='ltr'><strong>eum</strong></span> <span class='ocrx_word' id='word_1_824' title='bbox 2581 4843 2681 4915; x_wconf 90' lang='lat' dir='ltr'><strong>qui</strong></span> <span class='ocrx_word' id='word_1_825' title='bbox 2712 4842 2897 4915; x_wconf 89' lang='lat' dir='ltr'><strong>ipsius</strong></span> <span class='ocrx_word' id='word_1_826' title='bbox 2923 4844 3096 4896; x_wconf 68' lang='lat' dir='ltr'><strong>astate</strong></span> <span class='ocrx_word' id='word_1_827' title='bbox 3145 4838 3307 4894; x_wconf 86' lang='lat' dir='ltr'><strong>nasci</strong></span> <span class='ocrx_word' id='word_1_828' title='bbox 3352 4836 3557 4892; x_wconf 89' lang='lat' dir='ltr'><strong>debuit</strong></span> <span class='ocrx_word' id='word_1_829' title='bbox 3603 4852 3709 4893; x_wconf 87' lang='lat' dir='ltr'><strong>rex</strong></span> <span class='ocrx_word' id='word_1_830' title='bbox 3740 4841 3798 4892; x_wconf 90' lang='lat' dir='ltr'><strong>et</strong></span> 
     </span>
    </p>
   </div>
   <div class='ocr_carea' id='block_1_110' title="bbox 2146 4920 3797 5002">
    <p class='ocr_par' dir='ltr' id='par_1_110' title="bbox 2146 4920 3797 5002">
     <span class='ocr_line' id='line_1_111' title="bbox 2146 4920 3797 5002; baseline -0.004 -14"><span class='ocrx_word' id='word_1_831' title='bbox 2146 4933 2429 4988; x_wconf 89' lang='lat' dir='ltr'><strong>Dominus</strong></span> <span class='ocrx_word' id='word_1_832' title='bbox 2453 4920 2733 5002; x_wconf 83' lang='lat' dir='ltr'><strong>universi,</strong></span> <span class='ocrx_word' id='word_1_833' title='bbox 2766 4947 2898 5002; x_wconf 67' lang='lat' dir='ltr'><strong>qua)</strong></span> <span class='ocrx_word' id='word_1_834' title='bbox 2935 4928 3118 4984; x_wconf 89' lang='lat' dir='ltr'><strong>Isaias</strong></span> <span class='ocrx_word' id='word_1_835' title='bbox 3140 4927 3236 4982; x_wconf 90' lang='lat' dir='ltr'><strong>his</strong></span> <span class='ocrx_word' id='word_1_836' title='bbox 3289 4925 3482 4982; x_wconf 89' lang='lat' dir='ltr'><strong>verbis</strong></span> <span class='ocrx_word' id='word_1_837' title='bbox 3512 4924 3797 4996; x_wconf 70' lang='lat' dir='ltr'><strong>prazdixe-</strong></span> 
     </span>
    </p>
   </div>
   <div class='ocr_carea' id='block_1_111' title="bbox 2146 5017 3794 5094">
    <p class='ocr_par' dir='ltr' id='par_1_111' title="bbox 2146 5017 3794 5094">
     <span class='ocr_line' id='line_1_112' title="bbox 2146 5017 3794 5094; baseline -0.005 -15"><span class='ocrx_word' id='word_1_838' title='bbox 2146 5028 2239 5080; x_wconf 92' lang='lat' dir='ltr'><strong>rat</strong></span> <span class='ocrx_word' id='word_1_839' title='bbox 2266 5022 2356 5080; x_wconf 72' lang='lat'><strong>38:</strong></span> <span class='ocrx_word' id='word_1_840' title='bbox 2391 5047 2417 5073; x_wconf 88' lang='grc'><strong>‹‹</strong></span> <span class='ocrx_word' id='word_1_841' title='bbox 2444 5023 2675 5080; x_wconf 90' lang='lat' dir='ltr'><strong>Ultimis</strong></span> <span class='ocrx_word' id='word_1_842' title='bbox 2706 5038 2882 5094; x_wconf 89' lang='lat' dir='ltr'><strong>porro</strong></span> <span class='ocrx_word' id='word_1_843' title='bbox 2940 5018 3308 5091; x_wconf 88' lang='lat' dir='ltr'><strong>temporibus</strong></span> <span class='ocrx_word' id='word_1_844' title='bbox 3350 5033 3520 5072; x_wconf 90' lang='lat' dir='ltr'><strong>mons</strong></span> <span class='ocrx_word' id='word_1_845' title='bbox 3558 5017 3794 5072; x_wconf 90' lang='lat' dir='ltr'><strong>Domini</strong></span> 
     </span>
    </p>
   </div>
   <div class='ocr_carea' id='block_1_112' title="bbox 2147 5105 3796 5181">
    <p class='ocr_par' dir='ltr' id='par_1_112' title="bbox 2147 5105 3796 5181">
     <span class='ocr_line' id='line_1_113' title="bbox 2147 5105 3796 5181; baseline -0.004 -13"><span class='ocrx_word' id='word_1_846' title='bbox 2147 5112 2261 5168; x_wconf 87' lang='lat' dir='ltr'><strong>erit</strong></span> <span class='ocrx_word' id='word_1_847' title='bbox 2290 5111 2565 5181; x_wconf 85' lang='lat' dir='ltr'><strong>illustris,</strong></span> <span class='ocrx_word' id='word_1_848' title='bbox 2598 5111 2873 5181; x_wconf 60' lang='lat' dir='ltr'><strong>sedesque</strong></span> <span class='ocrx_word' id='word_1_849' title='bbox 2934 5107 3035 5163; x_wconf 87' lang='lat' dir='ltr'><strong>Dei</strong></span> <span class='ocrx_word' id='word_1_850' title='bbox 3080 5107 3143 5161; x_wconf 92' lang='lat' dir='ltr'><strong>in</strong></span> <span class='ocrx_word' id='word_1_851' title='bbox 3188 5121 3419 5162; x_wconf 89' lang='lat' dir='ltr'><strong>summo</strong></span> <span class='ocrx_word' id='word_1_852' title='bbox 3451 5105 3745 5162; x_wconf 87' lang='lat' dir='ltr'><strong>montium</strong></span> <span class='ocrx_word' id='word_1_853' title='bbox 3782 5122 3796 5161; x_wconf 89' lang='lat'><strong>:</strong></span> 
     </span>
    </p>
   </div>
   <div class='ocr_carea' id='block_1_113' title="bbox 2149 5196 3801 5274">
    <p class='ocr_par' dir='ltr' id='par_1_113' title="bbox 2149 5196 3801 5274">
     <span class='ocr_line' id='line_1_114' title="bbox 2149 5196 3801 5274; baseline -0.004 -14"><span class='ocrx_word' id='word_1_854' title='bbox 2149 5202 2504 5260; x_wconf 88' lang='lat' dir='ltr'><strong>exaltabitur</strong></span> <span class='ocrx_word' id='word_1_855' title='bbox 2532 5218 2711 5274; x_wconf 87' lang='lat' dir='ltr'><strong>supra</strong></span> <span class='ocrx_word' id='word_1_856' title='bbox 2733 5200 2940 5268; x_wconf 89' lang='lat' dir='ltr'><strong>colles,</strong></span> <span class='ocrx_word' id='word_1_857' title='bbox 2964 5202 3024 5254; x_wconf 89' lang='lat' dir='ltr'><strong>et</strong></span> <span class='ocrx_word' id='word_1_858' title='bbox 3051 5197 3127 5253; x_wconf 87' lang='lat' dir='ltr'><strong>ad</strong></span> <span class='ocrx_word' id='word_1_859' title='bbox 3169 5213 3298 5252; x_wconf 89' lang='lat' dir='ltr'><strong>eam</strong></span> <span class='ocrx_word' id='word_1_860' title='bbox 3354 5196 3801 5268; x_wconf 82' lang='lat' dir='ltr'><strong>proﬁciscentur</strong></span> 
     </span>
    </p>
   </div>
   <div class='ocr_carea' id='block_1_114' title="bbox 2150 5283 3800 5358">
    <p class='ocr_par' dir='ltr' id='par_1_114' title="bbox 2150 5283 3800 5358">
     <span class='ocr_line' id='line_1_115' title="bbox 2150 5283 3800 5358; baseline -0.004 -12"><span class='ocrx_word' id='word_1_861' title='bbox 2150 5307 2358 5348; x_wconf 89' lang='lat' dir='ltr'><strong>omnes</strong></span> <span class='ocrx_word' id='word_1_862' title='bbox 2390 5290 2678 5346; x_wconf 86' lang='lat' dir='ltr'><strong>nationes.</strong></span> <span class='ocrx_word' id='word_1_863' title='bbox 2712 5288 2997 5358; x_wconf 85' lang='lat' dir='ltr'><strong>Multique</strong></span> <span class='ocrx_word' id='word_1_864' title='bbox 3022 5283 3225 5357; x_wconf 90' lang='lat' dir='ltr'><strong>populi</strong></span> <span class='ocrx_word' id='word_1_865' title='bbox 3250 5284 3447 5354; x_wconf 88' lang='lat' dir='ltr'><strong>ibunt,</strong></span> <span class='ocrx_word' id='word_1_866' title='bbox 3467 5301 3536 5340; x_wconf 91' lang='lat' dir='ltr'><strong>ac</strong></span> <span class='ocrx_word' id='word_1_867' title='bbox 3564 5284 3800 5341; x_wconf 89' lang='lat' dir='ltr'><strong>dicent:</strong></span> 
     </span>
    </p>
   </div>
   <div class='ocr_carea' id='block_1_115' title="bbox 2150 5374 3803 5452">
    <p class='ocr_par' dir='ltr' id='par_1_115' title="bbox 2150 5374 3803 5452">
     <span class='ocr_line' id='line_1_116' title="bbox 2150 5374 3803 5452; baseline -0.003 -18"><span class='ocrx_word' id='word_1_868' title='bbox 2150 5379 2415 5452; x_wconf 82' lang='lat' dir='ltr'><strong>Agedum</strong></span> <span class='ocrx_word' id='word_1_869' title='bbox 2432 5377 2905 5436; x_wconf 87' lang='lat' dir='ltr'><strong>conscendamus</strong></span> <span class='ocrx_word' id='word_1_870' title='bbox 2920 5378 3185 5430; x_wconf 88' lang='lat' dir='ltr'><strong>montem</strong></span> <span class='ocrx_word' id='word_1_871' title='bbox 3198 5374 3436 5429; x_wconf 89' lang='lat' dir='ltr'><strong>Domini</strong></span> <span class='ocrx_word' id='word_1_872' title='bbox 3451 5380 3510 5430; x_wconf 89' lang='lat' dir='ltr'><strong>et</strong></span> <span class='ocrx_word' id='word_1_873' title='bbox 3521 5374 3803 5431; x_wconf 87' lang='lat' dir='ltr'><strong>adeamus</strong></span> 
     </span>
    </p>
   </div>
   <div class='ocr_carea' id='block_1_116' title="bbox 2151 5462 3807 5524">
    <p class='ocr_par' dir='ltr' id='par_1_116' title="bbox 2151 5462 3807 5524">
     <span class='ocr_line' id='line_1_117' title="bbox 2151 5462 3807 5524; baseline -0.002 -1"><span class='ocrx_word' id='word_1_874' title='bbox 2151 5468 2341 5524; x_wconf 76' lang='lat' dir='ltr'><strong>eadem</strong></span> <span class='ocrx_word' id='word_1_875' title='bbox 2372 5468 2474 5524; x_wconf 91' lang='lat' dir='ltr'><strong>Dei</strong></span> <span class='ocrx_word' id='word_1_876' title='bbox 2502 5467 2773 5524; x_wconf 84' lang='lat' dir='ltr'><strong>Jacobei:</strong></span> <span class='ocrx_word' id='word_1_877' title='bbox 2825 5466 2876 5522; x_wconf 91' lang='lat' dir='ltr'><strong>is</strong></span> <span class='ocrx_word' id='word_1_878' title='bbox 2900 5462 3075 5521; x_wconf 88' lang='lat' dir='ltr'><strong>nobis</strong></span> <span class='ocrx_word' id='word_1_879' title='bbox 3105 5462 3257 5519; x_wconf 86' lang='lat' dir='ltr'><strong>viam</strong></span> <span class='ocrx_word' id='word_1_880' title='bbox 3308 5479 3476 5519; x_wconf 89' lang='lat' dir='ltr'><strong>suam</strong></span> <span class='ocrx_word' id='word_1_881' title='bbox 3506 5470 3807 5521; x_wconf 90' lang='lat' dir='ltr'><strong>monstra-</strong></span> 
     </span>
    </p>
   </div>
   <div class='ocr_carea' id='block_1_117' title="bbox 2151 5552 3805 5629">
    <p class='ocr_par' dir='ltr' id='par_1_117' title="bbox 2151 5552 3805 5629">
     <span class='ocr_line' id='line_1_118' title="bbox 2151 5552 3805 5629; baseline -0.002 -17"><span class='ocrx_word' id='word_1_882' title='bbox 2151 5557 2257 5625; x_wconf 89' lang='lat' dir='ltr'><strong>bit,</strong></span> <span class='ocrx_word' id='word_1_883' title='bbox 2290 5558 2473 5629; x_wconf 89' lang='lat' dir='ltr'><strong>inque</strong></span> <span class='ocrx_word' id='word_1_884' title='bbox 2504 5574 2573 5614; x_wconf 85' lang='lat' dir='ltr'><strong>ea</strong></span> <span class='ocrx_word' id='word_1_885' title='bbox 2601 5573 2710 5614; x_wconf 90' lang='lat' dir='ltr'><strong>nos</strong></span> <span class='ocrx_word' id='word_1_886' title='bbox 2741 5552 3203 5612; x_wconf 88' lang='lat' dir='ltr'><strong>ambulabimus.</strong></span> <span class='ocrx_word' id='word_1_887' title='bbox 3236 5554 3381 5609; x_wconf 83' lang='lat' dir='ltr'><strong>Nam</strong></span> <span class='ocrx_word' id='word_1_888' title='bbox 3413 5553 3486 5609; x_wconf 92' lang='lat' dir='ltr'><strong>de</strong></span> <span class='ocrx_word' id='word_1_889' title='bbox 3516 5553 3692 5609; x_wconf 89' lang='lat' dir='ltr'><strong>Sione</strong></span> <span class='ocrx_word' id='word_1_890' title='bbox 3708 5553 3805 5610; x_wconf 86' lang='lat' dir='ltr'><strong>lex</strong></span> 
     </span>
    </p>
   </div>
   <div class='ocr_carea' id='block_1_118' title="bbox 2155 5640 3802 5720">
    <p class='ocr_par' dir='ltr' id='par_1_118' title="bbox 2155 5640 3802 5720">
     <span class='ocr_line' id='line_1_119' title="bbox 2155 5640 3802 5720; baseline -0.007 -17"><span class='ocrx_word' id='word_1_891' title='bbox 2155 5645 2512 5720; x_wconf 83' lang='lat' dir='ltr'><strong>egredietur,</strong></span> <span class='ocrx_word' id='word_1_892' title='bbox 2543 5651 2601 5703; x_wconf 90' lang='lat' dir='ltr'><strong>et</strong></span> <span class='ocrx_word' id='word_1_893' title='bbox 2630 5662 2825 5703; x_wconf 89' lang='lat' dir='ltr'><strong>sermo</strong></span> <span class='ocrx_word' id='word_1_894' title='bbox 2847 5641 3075 5703; x_wconf 86' lang='lat' dir='ltr'><strong>domini</strong></span> <span class='ocrx_word' id='word_1_895' title='bbox 3096 5641 3521 5714; x_wconf 81' lang='lat' dir='ltr'><strong>Hierosolymis</strong></span> <span class='ocrx_word' id='word_1_896' title='bbox 3578 5640 3802 5707; x_wconf 83' lang='lat' dir='ltr'><strong>exibit;</strong></span> 
     </span>
    </p>
   </div>
  </div>
