4186 6190
458 329 579 391 359

1776 307 2093 369 GEORGII
2139 307 2480 376 CEDRENI

3749 321 3872 382 360

531 464 796 518 Christus
826 456 898 513 ab
912 455 1152 526 [Egypto
1182 449 1360 504 rediit
1388 462 1580 502 annos
1612 447 1786 498 natus
1817 442 2083 513 quinque

2286 445 2414 501 ’Ὁτι
2479 448 2772 517 πενταετής
2839 449 2868 502 6
2926 449 3156 523 Χριστὸς
3241 448 3347 505 ἀπὸ
3419 452 3518 520 τῆς
3586 451 3869 528 Αἰγύπτου

526 639 878 697 Archelaum
894 629 1137 689 Herodis
1158 627 1348 682 tilium
1370 628 1665 697 Augustus
1690 625 1905 680 Iudaeae
1934 623 2093 696 genti

450 725 1048 802 prwfecit.Heliquam
1080 718 1385 789 regionem
1408 716 1470 770 in
1494 718 1525 770 4
1548 721 1743 787 partes
1766 714 2094 782 distribuit,

453 817 659 886 eisque
682 813 944 883 reliquos
968 805 1237 863 Archelai
1258 804 1471 859 fratres
1491 802 1837 875 praaposuit,
1882 805 2092 856 tetrar-

452 906 592 959 chas
623 922 657 958 a
688 898 1118 973 quadripartito
1181 894 1429 965 imperio
1461 891 1811 964 appellatos.
1874 891 2094 944 Horum

450 993 695 1048 nomina
725 995 861 1046 sunt
894 986 1152 1043 Herodes
1182 983 1356 1056 patri,
1390 983 1698 1053 Antipater
1725 997 1830 1035 avo
1873 996 2091 1051 cogno-

450 1083 664 1149 mines,
698 1078 976 1151 Lysanias
1003 1082 1061 1131 et
1115 1072 1443 1144 Philippus.
1476 1073 1661 1125 Tanta
1717 1087 1787 1124 eo
1820 1073 2087 1139 tempore

446 1172 560 1227 fuit
588 1174 787 1228 Roma)
820 1166 1070 1240 penuria
1112 1168 1179 1219 ut
1208 1161 1439 1217 modius
1471 1160 1667 1215 aureis
1719 1162 1786 1212 27
1829 1158 1906 1212 sit
1950 1173 2089 1211 ven.

451 1261 636 1315 ditus.

518 1358 688 1407 Anno
713 1337 1532 1409 mundi3519,incarnationis
1548 1341 1747 1393 autem
1772 1334 1987 1389 divinis
2006 1335 2090 1401 l3,

446 1441 658 1497 tertius
688 1435 966 1501 Herodes,
1015 1431 1365 1504 cognomine
1399 1428 1673 1501 Agrippa,
1726 1440 1979 1497 regnum
2028 1423 2091 1477 in

447 1530 680 1585 Judaeos
711 1523 985 1589 obtinuit,
1045 1520 1403 1592 alienigena,
1446 1515 1692 1571 Herodis
1741 1513 1895 1569 328
1936 1511 2094 1567 filios

448 1618 632 1673 frater
662 1609 1248 1683 Archelai.Regnavit
1277 1623 1466 1663 annos
1495 1606 1744 1659 24.Nam
1770 1601 2095 1657 Archelaus

448 1723 584 1762 cum
613 1709 645 1759 9
674 1719 864 1759 annos
897 1702 1220 1773 regnasset,
1263 1714 1297 1752 a
1352 1694 1632 1753 Romanis
1664 1697 1752 1748 est
1806 1691 2092 1745 Viennam

451 1794 650 1851 Galliae
680 1792 891 1848 urbem
922 1790 983 1844 in
1015 1788 1288 1843 exsilium
1321 1783 1669 1840 missus.Hic
1700 1777 2089 1849 Herodes,qui

448 1891 506 1941 et
531 1884 798 1954 Antipas,
830 1896 985 1936 anno
1018 1877 1109 1933 sui
1138 1876 1299 1948 regni
1338 1875 1400 1929 l3
1428 1875 1719 1929 Joannem
1768 1869 2093 1941 Baptistam

450 1973 699 2040 necavit,
751 1969 983 2026 Christo
1032 1968 1102 2021 32
1150 1969 1360 2036 agente
1414 1978 1661 2018 annum.
1718 1958 1834 2014 Sub
1889 1958 2098 2014 eodem

449 2061 716 2115 Christus
732 2060 975 2128 propter
988 2070 1096 2107 nos
1111 2056 1319 2123 sponte
1334 2047 1694 2121 supplicium
1708 2043 1923 2116 pertuli
1936 2042 2099 2100 t.Sub

452 2150 563 2204 hoc
584 2151 849 2203 Panosus
863 2144 1004 2199 urbs
1016 2144 1285 2197 Cassarea
1306 2138 1564 2208 Philippi
1585 2135 1973 2192 denominata
1990 2138 2080 2188 est

452 2240 610 2313 quod
623 2256 753 2295 eam
775 2236 1083 2307 Philippus
1107 2229 1798 2289 tetrarcharei‘ecisseth
1821 2227 1883 2282 in
1907 2228 2094 2282 hono-

455 2345 585 2385 rem
616 2324 834 2382 Tiberii
866 2322 1114 2379 Caesaris
1143 2319 1353 2375 urbem
1384 2315 1750 2372 Tiberiadem
1797 2313 2099 2382 condidit;

457 2424 515 2473 et
530 2415 911 2473 Gabiniorum
927 2409 1311 2477 urbem,olim
1331 2406 1613 2463 Samaria:
1628 2403 1871 2459 nomine
1883 2407 2087 2457 notam

450 2503 819 2571 instauravit,
853 2516 920 2557 ac
952 2500 1278 2566 Sebastem,
1302 2498 1413 2553 hoc
1443 2500 1534 2551 est
1562 2498 1826 2566 Augusta
1845 2509 1929 2562 m,
1962 2508 2090 2546 nun

450 2595 701 2668 cupavit.
734 2592 992 2663 Ejusque
1022 2588 1252 2654 navale,
1285 2586 1497 2641 turrim
1549 2581 1861 2648 Stratonis,
1922 2596 2094 2635 muro

454 2702 588 2741 cum
620 2681 919 2738 cinxisset.
951 2680 1277 2733 Caesaream
1310 2673 1385 2729 ab
1414 2674 1539 2744 ipso
1572 2674 1798 2728 Caesare
1830 2668 2095 2741 appella-

452 2776 551 2829 vit.
588 2774 721 2826 Post
754 2774 811 2825 et
842 2765 1278 2838 Antipatridem
1333 2760 1602 2817 condidit
1634 2775 1648 2826 ;
1694 2766 1753 2814 et
1802 2756 2097 2824 Pancade,

451 2881 582 2934 qua:
596 2877 753 2916 nunc
768 2861 1029 2914 Cassarea
1046 2854 1378 2909 Palaestinas
1392 2848 1884 2921 usurpatur,Pani
1898 2848 2099 2903 fanum

447 2950 690 3007 nomine
716 2949 979 3002 Paneum
1012 2942 1228 3014 posuit,
1251 2956 1318 2996 ac
1344 2938 1636 3010 templum
1670 2935 2099 3006 Hierosolymi—

444 3045 652 3095 tanum
677 3034 924 3106 duplum
942 3028 1494 3087 mdiﬂcavitMissus
1515 3031 1716 3082 autem
1740 3025 1799 3079 in
1819 3023 2096 3079 exsilium

467 3127 813 3201 Lugdunum
846 3122 1047 3179 Galliae
1076 3118 1430 3185 urbem,vita
1457 3133 1591 3172 cum
1622 3114 1894 3170 adultera
1924 3114 2103 3168 Hero-

2214 531 2523 609 ἀνέρχεται.

2274 625 2397 681 ’Ὁτι
2449 621 2759 702 Αὔγουστος
2793 624 3098 701 Ἀρχέλαον
3135 627 3228 699 μὲν
3289 627 3404 682 υἱὸν
3437 627 3690 703 Ἡρώδου
3730 633 3873 688 Ἰου-

2206 709 2372 766 δαίων
2406 712 2671 791 ἐθνάρχην
2704 714 3019 785 κατὲστησε·
3053 716 3179 775 τοὺς
3232 712 3289 770 δὲ
3337 712 3548 778 ἀλλους
3594 713 3871 797 ἀδελφοὺς

2204 801 2367 857 αὐτοῦ
2393 801 2650 877 τέσσαρας
2707 804 2885 875 ὄντας,
2938 802 3196 879 Ἡρώδην
3266 805 3566 880 ὁμώνυμον
3592 811 3672 879 τῷ
3701 807 3867 884 πατρῖ

2204 891 2294 945 καὶ
2327 891 2678 965 Ἀντίπατρον
2736 898 2817 965 τῷ
2874 893 3081 967 πάππῳ
3145 893 3414 949 Λυσανίαν
3442 916 3501 951 τε
3529 895 3621 950 καὶ
3654 894 3869 952 Φίλιπ-

2204 1000 2328 1051 πον,
2360 979 2435 1041 εἷς
2467 978 2697 1056 τέσσαρα
2739 979 2876 1056 μέρη
2941 978 3215 1055 διατεμὼν
3272 983 3373 1052 τήν
3434 983 3621 1059 χώραν
3654 985 3872 1059 ἑκάστῳ

2204 1065 2437 1142 διένειμε
2491 1070 2584 1124 καὶ
2638 1070 2943 1146 τετράρχας
3002 1068 3200 1132 αὖτοὺς
3259 1071 3538 1146 ὠνόμασε.
3600 1074 3737 1129 Τότε
3776 1075 3873 1130 καὶ

2203 1160 2368 1234 λιμὸς
2427 1161 2480 1216 ἐν
2534 1161 2721 1237 Ῥώμῃ
2776 1162 2996 1240 γέγονεν
3054 1163 3128 1225 ὡς
3188 1169 3458 1238 πραθῆναι
3523 1166 3616 1221 τὸν
3671 1163 3866 1238 μόδιον

2205 1249 2477 1324 χρυσίνων
2504 1251 2607 1319 κζ’.

2273 1337 2392 1393 *Οτι
2420 1342 2501 1409 τῷ
2532 1339 2667 1412 εφιθ¹
2692 1341 2790 1392 τοῦ
2833 1339 3065 1411 κόσμου,
3113 1345 3215 1408 τῆς
3266 1336 3325 1394 δὲ
3366 1339 3510 1404 θείας
3542 1343 3868 1417 σαρκώσεως

2202 1420 2307 1483 ἔτει
2354 1432 2416 1501 ιγ’
2466 1424 2746 1485 Ἰουδαίων
2796 1428 2977 1503 τρίτος
3034 1426 3292 1503 Ἡρώδης
3333 1429 3654 1504 ἐκράτησεν,
3687 1432 3867 1496 ὅςκαὶ

2204 1514 2514 1589 Ἀγρίππας
2568 1513 2812 1590 ἐλέγετο,
2872 1514 3192 1596 ἀλλόφυλος
3250 1515 3351 1588 ὢν,
3412 1519 3531 1581 υίὸς
3583 1518 3865 1595 Ἡρώδου,

2209 1601 2443 1683 ἀδελφὸς
2498 1604 2835 1681 Ἀρχελάου,
2892 1600 2988 1676 ἕτή
3050 1604 3158 1663 κδ’.
3188 1609 3217 1662 6
3247 1608 3348 1682 γὰρ
3381 1607 3699 1686 Ἀρχέλαος
3729 1610 3868 1683 μετὰ

2204 1698 2249 1757 θ’
2303 1700 2405 1762 τῆς
2462 1692 2644 1769 ἀρχῆς
2701 1692 2795 1764 ἔτη
2856 1693 2933 1756 είς
2993 1695 3214 1750 Βίενναν
3275 1695 3438 1751 πόλιν
3474 1700 3558 1771 [Ρ.
3599 1700 3720 1771 184]
3766 1705 3873 1768 τῆς

2212 1780 2451 1842 Γαλλίας
2513 1783 2618 1837 ὑπὸ
2674 1782 2958 1856 Ῥωμαίων
3026 1782 3315 1859 ἐξωρίσθη.
3376 1785 3549 1846 Οὗτος
3606 1783 3869 1860 Πρώδης,

2216 1872 2244 1925 ὁ
2300 1872 2389 1926 καὶ
2445 1873 2774 1946 Ἀγρίππας,
2835 1873 3090 1943 Ἰωάννην
3141 1874 3234 1928 τὸν
3309 1876 3616 1944 Βαπτιστήν
3684 1873 3873 1931 ἀνεῖλε

2212 1968 2292 2035 τῷ
2345 1969 2412 2038 ιγ’
2471 1964 2565 2037 μὲν
2621 1962 2723 2018 ἔτει
2776 1971 2875 2034 τῆς
2933 1964 3115 2039 ἀρχῆς
3170 1965 3359 2036 αὐτοῦ,
3395 1964 3485 2040 λβ¹
3540 1965 3597 2021 δὲ
3639 1971 3870 2035 τῆςτοῦ

2215 2054 2419 2128 Κυρίου
2474 2054 2819 2128 σαρκώσεως·
2879 2053 2961 2132 ἐφ’
3042 2056 3105 2110 οὗ
3192 2056 3283 2111 καὶ
3341 2057 3370 2111 6
3446 2056 3646 2132 Κύριος
3700 2059 3867 2130 ἡμῶν

2218 2145 2428 2214 Ἰησοῦς
2486 2145 2716 2219 Χριστὸς
2795 2144 3056 2207 ἑκουσίως
3144 2143 3215 2200 δι’
3274 2148 3424 2221 ἡμᾶς
3474 2147 3539 2202 τὸ
3592 2148 3871 2222 σωτήριον

2216 2230 2417 2304 ὕπέστη
2480 2233 2666 2296 πάθος.
2730 2233 2859 2290 Ὑπὸ
2914 2234 3111 2290 τούτου
3169 2238 3203 2306 ἡ
3264 2237 3509 2300 Πανοσὸς
3574 2238 3875 2311 Καισάρεια

2218 2320 2503 2378 Φιλίππου
2565 2325 2961 2398 μετωνομάσθη
3026 2322 3119 2379 διὰ
3166 2325 3230 2380 τὸ
3289 2324 3671 2395 ἀνακτισθῆναι
3726 2327 3881 2401 παρᾶ

2214 2415 2313 2465 τοῦ
2341 2410 2652 2486 τετπάρχου
2685 2409 2992 2468 Φιλίππου.
3027 2412 3201 2477 Οὗτος
3245 2415 3345 2482 τὴν
3372 2407 3666 2488 Τιϐεριάδα
3695 2412 3868 2468 πόλιν

2218 2497 2307 2555 διὰ
2335 2495 2586 2575 Τιϐέριον
2620 2501 2859 2575 Καίσαρα
2906 2500 3101 2570 ἔκτισε,
3149 2502 3240 2557 καὶ
3286 2502 3387 2571 τὴν
3434 2507 3543 2558 τῶν
3594 2500 3863 2557 Γαϐινίων

2217 2588 2379 2644 πόλιν
2410 2592 2508 2660 τήν
2557 2610 2691 2646 ποτε
2750 2589 3056 2665 Σαμάρειαν
3106 2589 3383 2653 ἐπικτίσας
3440 2586 3715 2662 Σεϐαστὴν
3762 2592 3874 2646 αὐ-

2214 2680 2314 2749 τὴν
2364 2679 2794 2758 προσηγόρευσε,
2854 2682 2919 2736 τὸ
2986 2678 3044 2735 δὲ
3100 2680 3306 2738 ἐπίνεον
3340 2680 3535 2753 αὐτῆς,
3564 2682 3656 2736 τὸν
3689 2681 3869 2756 Στρά-

2216 2791 2387 2833 τωνος
2442 2771 2651 2847 πύργον
2706 2768 2960 2840 πολίσας,
3018 2769 3125 2826 ἀπὸ
3202 2776 3300 2827 τοῦ
3377 2771 3547 2827 αὐτοῦ
3606 2770 3876 2845 Καίσαρος

2219 2860 2541 2934 Καισάρειαν
2592 2857 2864 2915 ἐκάλεσενσ
2935 2858 3155 2933 ὕστερον
3214 2857 3270 2915 δὲ
3324 2862 3413 2916 καὶ
3487 2858 3877 2936 Ἀντιπατρίδα

2214 2948 2407 3017 κτίζει.
2460 2949 2564 3005 Καὶ
2624 2953 2848 3003 Πανεῖον
2905 2944 3189 3004 εἶδωλεῖον
3238 2948 3622 3005 κατεσκεύασεν
3653 2948 3706 3004 ἐν
3758 2954 3879 3003 ηα-

2216 3033 2360 3092 νεδοι
2390 3040 2470 3109 τῷ
2505 3036 2659 3106 Πανὶ,
2693 3037 2747 3091 ἐν
2796 3042 2865 3111 τῇ
2923 3040 3010 3091 νῦν
3064 3036 3337 3115 λεγομένῃ
3401 3037 3696 3111 Καισαρείᾳ
3760 3044 3867 3106 τῆς

2218 3118 2607 3197 Παλαιστίνης·
2668 3126 2759 3180 καὶ
2814 3126 2906 3181 τὸν
2986 3126 3112 3182 ναὸν
3168 3125 3566 3202 Ἱεροσολύμων
3629 3123 3868 3182 διπλοῦν

463 3217 638 3275 diade
671 3231 904 3272 summa
936 3212 998 3267 in
1028 3213 1287 3283 egestate
1308 3211 1532 3275 exacta,
1566 3209 1836 3260 mortuus
1869 3208 1976 3259 est.
2008 3202 2090 3257 Fit

2216 3193 2658 3288 ἀνῳκοδόμησεν.
2711 3216 2886 3278 Οὗτος
2941 3193 3250 3291 ἐξορισθεὶς
3296 3214 3349 3271 ὲν
3404 3193 3717 3291 Λδυγδούνῃ
3757 3222 3870 3286 τῆς

446 3309 754 3377 liam,qum
785 3299 1057 3358 saltando
1089 3299 1437 3369 impetrarat
1456 3300 1520 3349 ut
1540 3291 1898 3349 Prmcursori
1920 3293 2097 3362 caput

441 3415 476 3452 a
488 3397 1049 3468 mputaretur,terra
1066 3389 1253 3443 vivam
1274 3383 1711 3456 absorpsit.Alii
1730 3382 2093 3453 ferunteam,

449 3502 588 3541 cum
617 3484 680 3538 in
710 3481 896 3554 glacie
927 3478 1178 3551 palustri
1210 3475 1470 3543 luderet,
1502 3478 1679 3545 rupta
1707 3472 1894 3546 glacie
1922 3471 2004 3526 ita
2032 3471 2094 3526 in

441 3572 699 3629 fundum
709 3569 899 3627 decidi
911 3585 1003 3624 sse
1020 3572 1086 3622 ut
1098 3570 1274 3637 caput
1299 3564 1632 3619 abscissum
1650 3578 1829 3634 supra
1844 3561 2093 3635 glaciem

443 3667 724 3719 exstaret.

512 3930 762 3989 Herodis
776 3936 1043 4001 tempore
1070 3926 1385 3998 impletum
1406 3919 1737 3978 estDanieli
1760 3917 2088 3975 oraculum.

438 4025 583 4079 Nam
606 4022 681 4077 ad
705 4037 841 4076 eum
863 4034 1049 4087 usque
1075 4015 1379 4081 uncti,hoc
1407 4016 1496 4066 est
1517 4009 1734 4065 summi
1756 4007 2087 4079 pontiﬁces,

439 4112 673 4166 Judaaos
708 4113 1005 4171 rexerant,
1038 4105 1110 4160 ab
1143 4105 1477 4158 instaurato
1509 4100 1666 4155 824
1696 4097 1851 4153 Darii
1909 4113 2090 4168 Opera

438 4198 661 4270 templo
683 4212 873 4267 usque
897 4196 971 4250 ad
992 4195 1329 4264 Hyrcanum
1352 4192 1593 4260 (nomen
1618 4186 1756 4243 huic
1778 4203 1811 4241 a
1829 4185 2087 4241 subactis

440 4287 725 4359 Hyrcanis
754 4285 886 4356 fuit)
919 4300 1025 4354 per
1054 4298 1244 4337 annos
1271 4280 1396 4347 483,
1430 4294 1580 4349 quos
1620 4277 1800 4332 etiam
1858 4274 2085 4330 Danieli

438 4375 747 4432 oraculum
782 4370 1063 4444 exprimit
1096 4387 1109 4425 :
1146 4392 1174 4421 α
1209 4368 1538 4439 Cognosces
1570 4370 1629 4420 et
1664 4363 1966 4436 intelliges
2012 4362 2084 4418 ab

439 4462 603 4520 exitu
633 4458 1115 4531 sermonis,quod
1148 4458 1453 4513 decretum
1484 4455 1667 4510 fietet
1694 4450 2086 4507 mdiﬁcabitur

432 4551 783 4621 Jerusalem,
816 4565 1003 4619 usque
1036 4549 1111 4604 ad
1140 4545 1438 4602 Christum
1472 4542 1706 4608 ducem,
1740 4540 2081 4611 septimanw
2121 4576 2131 4617 λ

436 4645 663 4713 septem
678 4646 735 4695 et
748 4639 1093 4711 septimanae
1110 4634 1416 4709 sexaginta
1427 4632 1557 4687 duae
1569 4629 1670 4685 9".»
1692 4630 1788 4685 Has
1808 4628 2082 4700 septima-

432 4747 526 4787 na)
558 4728 865 4803 sexaginta
894 4744 1107 4783 novem
1138 4742 1328 4782 annos
1358 4720 1691 4778 conﬁciunt
1741 4718 1880 4785 483;
1943 4717 2079 4772 toti-

388 4860 389 4865 η
429 4820 688 4890 demque
719 4834 911 4874 annos
940 4816 1264 4888 imperium
1297 4809 1607 4867 Judaicum
1639 4821 1823 4877 penes
1869 4810 2081 4861 unctos

429 4909 560 4965 fuit.
595 4910 856 4974 Quorum
913 4911 1255 4979 postremus
1316 4902 1620 4973 Hyrcanus
1650 4910 1786 4949 cum
1845 4901 1999 4950 esset
2047 4912 2083 4949 a

428 4998 666 5054 Parthis
697 5002 930 5068 captus,
956 4993 1218 5050 Herodes
1240 4986 1533 5059 Antipatri
1558 4983 1717 5039 ﬁlius
1742 4998 1987 5055 regnum
2018 4984 2079 5039 in

428 5083 938 5154 Judmosmihilad
970 5100 1032 5138 se
1055 5075 1462 5154 pertinens,ab
1493 5076 1754 5146 Augusto
1786 5079 1843 5126 et
1872 5078 2080 5128 senatu

431 5180 698 5233 Romano
730 5173 998 5246 accepit;
1048 5171 1227 5241 idque
1275 5168 1338 5222 in
1386 5164 1517 5236 ejus
1566 5161 1847 5233 deinceps
1895 5162 2078 5234 stirpe

429 5280 621 5335 usque
648 5264 723 5318 ad
753 5262 1053 5319 excidium
1086 5255 1640 5327 Hierosolymorum
1671 5251 2081 5323 permansit.ls

428 5369 566 5424 ergo
592 5352 851 5407 Herodes
871 5348 1173 5422 Antipatri
1196 5343 1553 5403 Ascalonita
1577 5340 1736 5396 illius
1754 5340 2080 5411 fuit,matre

427 5438 680 5511 Cypride
738 5440 1010 5496 Arabica.
1046 5440 1169 5504 Quo
1230 5441 1495 5507 tempore
1522 5428 1824 5487 natalibus
1863 5430 2079 5488 Christi

499 5588 549 5624 9°
583 5589 726 5645 Dan.
758 5606 837 5658 1x,
868 5592 959 5643 25.

2208 3302 2448 3367 Γαλλίας
2475 3302 2528 3359 ἐν
2557 3304 2764 3380 ἐσχάτῄ
2798 3303 2954 3375 πενίᾳ
2985 3303 3077 3359 σὺν
3134 3308 3203 3378 τῇ
3268 3301 3557 3379 μοιχαλίδι
3617 3305 3868 3374 θνήσκει.

2210 3392 2321 3461 Τήν
2366 3390 2425 3448 δὲ
2447 3391 2844 3471 ὀρχησαμένην
2870 3393 3039 3467 κόρην
3069 3391 3158 3448 ἐπὶ
3188 3397 3256 3465 τῇ
3303 3392 3561 3467 ἀποτομῇ
3590 3396 3689 3448 τοῦ
3717 3394 3876 3465 Προ-

2204 3481 2415 3556 δρόμου
2449 3486 2621 3551 ζῶσαν
2677 3478 2928 3537 κατέπιεν
2961 3483 2996 3551 ἡ
3046 3487 3141 3555 γῆ·
3206 3481 3259 3536 οἱ
3319 3479 3378 3536 δέ
3432 3502 3587 3560 φασιν
3645 3481 3729 3535 ὅτι
3787 3480 3875 3543 εἷς

2204 3572 2376 3646 πάγον
2435 3570 2707 3641 παίζουσα
2768 3569 2953 3626 ἰπάνω
3019 3569 3228 3644 λίμνης
3288 3567 3674 3646 διαρραγέντος
3746 3590 3878 3625 κατ-

2203 3659 2341 3728 ῆλθε
2368 3661 2536 3728 κάτω,
2566 3659 2657 3714 καὶ
2692 3662 2792 3729 τῆς
2820 3656 3068 3727 κεφαλῆς
3096 3657 3586 3736 ἀποσφηνωθείσης
3640 3658 3702 3712 τὸ
3765 3658 3868 3730 μὶν

2205 3752 2367 3822 σῶμα
2395 3743 2532 3803 ἅπαν
2583 3747 2660 3811 εἰς
2712 3748 2806 3803 τὸν
2868 3748 3030 3822 βυθὸν
3082 3746 3373 3820 κατῆλθεν,
3435 3750 3471 3816 ἡ
3532 3744 3590 3802 δὲ
3644 3745 3867 3823 κεφαλὴ

2201 3836 2386 3893 ἐπάνω
2412 3841 2514 3893 τοῦ
2543 3838 2717 3915 πάγου
2758 3836 3084 3915 ὑπελείφθη.

2267 3928 2393 3984 ’Ότι
2424 3926 2512 3981 ἐπὶ
2565 3923 2816 4002 Ἡρώδου
2868 3927 3231 4000 πεπλήρωται
3291 3928 3326 3995 ἡ
3386 3923 3691 4003 προφητεία
3737 3933 3866 3978 Δα-

2196 4013 2351 4086 νιήλ.
2385 4013 2563 4090 Μέχρι
2619 4016 2721 4090 γὰρ
2773 4011 3029 4091 Ἡρώδου
3085 4014 3303 4090 χριστοὶ
3360 4014 3654 4089 ἡγούμενοι
3697 4013 3841 4080 ἦσαν

2197 4105 2249 4157 οἱ
2280 4103 2561 4180 ἀρχιερεῖς
2617 4108 2724 4158 τῶν
2784 4100 3077 4175 Ἰουδαίων,
3134 4102 3421 4177 ἀρξάμενοι
3458 4103 3556 4174 μὶν
3585 4102 3688 4156 ἀπὸ
3738 4107 3843 4169 τῆς

2197 4192 2331 4248 κατὰ
2381 4196 2604 4265 Δαρεῖον
2662 4191 3008 4254 ἀνανεώσεως
3067 4196 3163 4247 τοῦ
3220 4193 3400 4267 ἱεροῦ,
3468 4189 3726 4262 λήξαντες
3779 4187 3844 4244 δὲ.

2194 4272 2283 4336 ἐπὶ
2314 4280 2562 4357 Ὑρκανὸν
2600 4281 2693 4336 τὸν
2725 4280 3004 4355 ἀρχιερέα,
3057 4282 3116 4341 ὅς
3172 4278 3262 4336 διὰ
3315 4280 3378 4335 τὸ
3411 4279 3671 4351 ὑποτάξαι
3720 4280 3852 4354 Ὑρ-

2195 4369 2391 4434 κανοὺς
2467 4369 2640 4431 οὕτως
2722 4369 3043 4444 ὠνομάσθη.
3102 4371 3238 4439 Ἔτη
3326 4376 3447 4443 υπγ¹
3521 4369 3588 4424 τὰ
3672 4368 3884 4442 μεταξὺ

2191 4458 2426 4529 τούτων,
2457 4459 2632 4515 ὁπόσα
2660 4459 2751 4514 καὶ
2801 4462 2837 4529 ἡ
2867 4463 2965 4515 τοῦ
3019 4457 3225 4528 Δανιὴλ
3276 4458 3588 4533 προφητεία
3620 4455 3872 4525 θεσπίζει

2190 4546 2442 4622 λέγουσαο
2475 4572 2503 4601 ‹‹
2538 4549 2635 4603 Καὶ
2667 4547 2850 4623 γνώσῃ
2879 4546 2968 4602 καὶ
3001 4548 3248 4618 συνήσεις
3278 4546 3390 4602 ἀπὸ
3431 4543 3616 4617 ἐξόδου
3665 4542 3860 4620 λόγων

2188 4640 2287 4691 τοῦ
2344 4637 2707 4711 ἀποκριθῆναι
2762 4637 2855 4691 καὶ
2908 4639 3009 4691 τοῦ
3066 4632 3435 4709 οἰκοδομῆσαι
3492 4636 3594 4703 τὴν
3658 4635 3881 4707 Ἰερου-

2192 4722 2403 4797 σαλὴμ,
2436 4720 2540 4787 ἕως
2579 4727 2829 4800 Χριστοῦ
2894 4724 3227 4801 ἡγουμένου,
3265 4718 3572 4797 ἑϐδομάδας
3605 4722 3738 4777 ἑπτὰ
3761 4724 3865 4779 καὶ

2186 4808 2499 4885 ἑϐδομάδας
2682 4838 2704 4868 ι
2773 4814 2942 4871 Αὗται
3000 4814 3056 4868 αἱ
3112 4813 3184 4884 ξθ“
3246 4807 3547 4887 ἑϐδομάδες
3589 4808 3871 4884 συμπλη-

2190 4907 2340 4978 ροῦσι
2376 4902 2617 4978 χρόνους
2645 4903 2780 4960 ἐτῶν
2843 4910 2986 4979 υπγ“,
3045 4903 3221 4958 ὁπόσα
3283 4899 3376 4973 ἔτη
3440 4899 3697 4977 τυγχάνει
3752 4905 3869 4970 τῆς

2188 4991 2368 5067 ἀρχῆς
2397 4997 2507 5048 τῶν
2540 4997 2783 5068 χριστῶν
2851 4991 3204 5069 ἡγουμένων,
3266 4991 3341 5046 ὧν
3398 4989 3708 5048 τελευταῖον
3754 4994 3867 5045 τοῦ

2189 5071 2454 5157 ’Υρκανοῦ
2515 5083 2619 5138 ὑπὸ
2680 5083 2908 5158 Πάρθων
3006 5078 3551 5157 αῗχμαλωτισθέντος
3605 5075 3871 5154 Ἡρώδης

2190 5169 2218 5224 6
2246 5169 2597 5247 Ἀντιπάτρου
2653 5172 2753 5240 τὴν
2805 5169 3094 5246 βασιλείαν
3152 5174 3260 5227 τῶν
3320 5166 3623 5237 Ἰουδαίων,
3674 5164 3860 5240 μηδὲν

2189 5260 2571 5334 προσήκουσαν
2607 5260 2780 5331 αὐτῷ,
2815 5260 2919 5315 ὑπὸ
2980 5258 3303 5336 Αὐγούστου
3334 5259 3423 5314 καὶ
3475 5261 3573 5327 τῆς
3610 5255 3869 5331 συγκλή-

2188 5366 2284 5402 του
2362 5346 2653 5421 Ῥωμαίων
2721 5344 3166 5424 παραλαμϐάνει,
3226 5346 3455 5404 κᾶπειτα
3538 5348 3595 5401 οἱ
3646 5345 3859 5405 τούτου

2188 5431 2378 5497 παῖδες
2407 5433 2573 5513 μέχρι
2606 5440 2708 5503 τῆς
2751 5437 2983 5509 ὑπάτης
3038 5436 3434 5514 Ἰεροσολύμων
3494 5433 3860 5512 πολιορκίας.
