4186 6190
501 290 623 353 363

1868 272 2191 337 GEORGII
2220 266 2560 335 CEDRENI

3797 270 3919 332 364

502 420 961 489 subfusca,fulvo
992 412 1390 482 crine,oculis
1410 410 1595 468 fulvis
1623 425 1692 466 ac
1721 405 2149 473 mediocribus,

2268 399 2475 489 θόθριξ,
2505 400 2908 489 ξανθόμματος,
2958 395 3325 489 εὐόφθαλμος,
3388 397 3759 489 μεγαλόφρυς,
3815 421 3927 475 με-

500 529 714 586 magno
774 507 1118 582 supercilio,
1180 520 1325 560 naso
1379 499 1684 569 mediocri,
1743 495 2040 586 manibus
2078 510 2149 551 ac

502 583 703 675 digitis
749 598 965 669 longis,
1004 600 1195 651 vestes
1244 589 1697 665 amplexabatur
1746 586 1913 643 nullo
1952 583 2152 641 colore

504 693 737 747 tinctas.
772 690 944 742 Anno
1004 684 1193 740 astatis
1235 699 1355 737 suas
1411 684 1496 750 t2,
1529 677 1727 735 media
1783 681 1956 733 nocte
2017 689 2154 731 cum

505 772 1164 853 precaretur,divinitus
1196 771 1415 827 editam
1446 768 1521 825 ad
1553 785 1615 825 se
1644 783 1849 824 vocem
1880 764 2103 836 audivit
2137 779 2150 819 :

511 890 537 922 α
568 866 769 922 Parias
794 864 982 919 lilium
1005 878 1262 918 meum.»
1294 860 1496 931 Neque
1519 859 1629 914 hoc
1653 875 1725 914 ex
1747 873 1816 913 ea
1837 856 2154 929 quisquam

504 955 742 1012 rescivit
796 959 932 1009 ante
992 950 1207 1006 Christi
1269 950 1331 1004 in
1388 948 1569 1004 caelos
1616 962 1950 1003 ascensum.
2006 946 2153 1000 Cum

504 1061 729 1102 annum
768 1043 831 1097 14
858 1041 1171 1114 attigisset,
1198 1039 1384 1094 Judzni
1417 1054 1546 1093 eam
1580 1037 1800 1092 usitata
1835 1034 2155 1090 mulierum

466 1114 475 1121 ’
504 1132 907 1190 imbecillitate
921 1130 1324 1186 laboraturam
1345 1127 1461 1209 rati
1477 1128 1538 1182 in
1558 1125 1780 1197 templo
1795 1141 1925 1181 eam
1941 1123 2156 1179 deinde

504 1223 726 1281 morari
751 1239 870 1278 non
899 1226 1037 1277 sunt
1053 1219 1236 1291 passi.
1265 1220 1444 1274 Porro
1468 1216 1806 1274 sacerdotes
1827 1215 1957 1288 ejus
1975 1230 2157 1271 causa

504 1315 688 1369 Deum
718 1311 940 1384 precati
975 1315 1137 1365 sunt.
1168 1307 1255 1363 lbi
1283 1307 1592 1363 Zacharias
1640 1305 1906 1377 pontifex
1966 1303 2154 1359 maxi-

504 1401 954 1472 mus,Baptistaa
986 1396 1496 1470 pater,duodecim
1527 1411 1737 1451 senum
1767 1397 2157 1466 cognatorum

507 1491 708 1548 Mariae
737 1489 960 1545 ferulas
992 1486 1220 1559 accepit
1247 1485 1429 1557 inque
1486 1500 1589 1540 ara
1619 1483 1837 1556 posuit,
1897 1481 2106 1537 dicens
2139 1497 2154 1537 :

509 1604 537 1632 «
571 1575 1231 1649 Ostende,Domine,cui
1256 1576 1412 1647 virgo
1434 1574 1562 1630 haec
1580 1572 1795 1629 debeat
1808 1571 2098 1644 copulari.
2125 1592 2154 1621 »

512 1669 738 1725 Floruit
790 1673 990 1723 autem
1047 1665 1207 1738 virga
1258 1663 1499 1735 Josephi
1557 1662 1730 1729 fabri,
1794 1667 1972 1732 atque
2016 1660 2157 1717 huic

507 1758 884 1831 octogenario
906 1756 970 1811 in
1002 1754 1451 1812 matrimonium
1473 1751 1690 1808 tradita
1718 1750 2004 1822 est,isque
2022 1766 2154 1805 eam
2185 1777 2232 1842 Β

509 1847 752 1903 domum
809 1861 1011 1902 secum
1068 1842 1334 1899 abduxit.
1388 1841 1569 1897 Maria
1617 1840 1679 1895 in
1728 1838 1930 1895 mariti
1978 1839 2154 1895 domo

500 1936 788 2009 jejunans
818 1951 886 1990 ac
916 1948 1234 2006 progressu
1258 1932 1319 1986 in
1349 1929 1659 2003 publicum
1690 1928 1998 1985 abstinens
2020 1944 2156 1984 cum

507 2026 742 2082 duabus
774 2025 919 2081 327
957 2021 1192 2094 Josephi
1226 2020 1462 2076 ﬁliabus
1490 2020 1657 2076 vixit.
1691 2019 1918 2091 Elapsis
1953 2023 2155 2075 autem

508 2132 614 2171 sex
662 2113 966 2169 mensibus
1015 2111 1292 2184 princeps
1344 2108 1688 2182 angelorum
1746 2107 2055 2165 Gabrielus
2100 2106 2156 2161 ei

509 2203 804 2277 apparuit,
860 2202 1183 2271 laetumque
1241 2199 1313 2255 de
1370 2198 1556 2255 salute
1612 2196 1823 2255 mundi
1877 2196 2156 2253 nuntium

507 2293 725 2350 attulit.
758 2291 821 2346 Id
854 2307 942 2356 ea,
979 2290 1170 2349 donec
1199 2288 1548 2362 peperisset,
1591 2287 1891 2345 occultum
1922 2286 2152 2342 habuit.

509 2384 623 2438 Res
655 2386 786 2436 acta
813 2385 903 2435 est
928 2378 1128 2451 primi,
1190 2377 1291 2449 qui
1323 2381 1413 2433 est
1468 2375 1732 2446 Martius,
1792 2374 2017 2431 mensis
2058 2370 2155 2429 die

508 2473 600 2539 25,
635 2469 827 2541 prima
857 2468 913 2523 ei
971 2467 1319 2540 septimana)
1349 2470 1409 2522 et
1461 2464 1618 2520 lunas
1650 2464 1765 2521 die.
1827 2463 1881 2520 Is
1930 2461 2156 2519 mensis

513 2566 713 2615 sextus
734 2558 848 2614 fuit
867 2556 1136 2629 concepti
1157 2554 1609 2611 Joannis.Maria
1628 2554 1893 2627 digresso
1913 2552 2158 2610 archan-

510 2644 640 2718 gelo
674 2645 736 2699 in
786 2649 1156 2709 montanam,
1213 2641 1499 2697 nimirum
1538 2641 1965 2708 Bethleemam,
2020 2654 2158 2711 pro-

508 2733 664 2787 fecta
696 2736 859 2802 (nam
891 2747 962 2786 ea
1008 2730 1152 2786 urbs
1182 2729 1416 2785 editiori
1475 2745 1653 2800 quam
1682 2731 1965 2786 Nazareta
2020 2729 2151 2784 loco

513 2821 627 2875 sita
682 2822 790 2881 est)
823 2818 1185 2876 Elisabetam
1216 2817 1635 2874 consobrinam
1674 2817 1878 2873 invisit
1909 2806 1923 2884 ξ
1983 2817 2157 2887 eique

513 2908 706 2981 angeli
737 2906 1190 2979 apparitionem,
1252 2906 1528 2977 quodque
1562 2906 1893 2962 masculum
1942 2921 2153 2962 conce-

466 2990 471 2995 ’
510 2999 985 3072 pisset,itemque
1018 2997 1091 3054 de
1112 2998 1338 3054 visione
1360 2998 1654 3054 Zachariae
1674 2998 2155 3071 exposuit,quam

2263 488 2472 566 σόρῥιν,
2510 488 2836 568 μακρόχειρ,
2872 485 3347 563 μακροδάκτυλος,
3386 486 3585 561 ἱμάτια
3614 489 3924 567 αὐτόχροια

2264 578 2550 655 ἀγαπῶσα.
2583 579 2775 636 Ἠνίκα
2804 576 2863 634 δὲ
2884 576 3099 655 γέγονεν
3150 577 3287 634 ἐτῶν
3347 573 3581 649 δώδεκα,
3640 577 3698 634 ἐν
3758 600 3923 653 μεσο-

2262 669 2461 743 νυκτίῳ
2485 670 2909 746 προσευχομένη
2939 671 3145 740 ἢκουσε
3202 675 3391 742 φωνῆς
3451 666 3724 746 λεγούσης
3780 669 3921 746 αὐτῇ

2265 759 2467 826 θεόθεν·
2502 785 2532 814 ι(
2563 760 2696 836 Τέξῃ
2727 761 2817 816 τὸν
2842 759 2965 815 Υἱόν
3001 779 3128 834 μου.
3163 783 3193 811 ν
3214 756 3407 817 Οὖδενὶ
3438 757 3495 815 δὲ
3542 763 3708 816 τοῦτο
3734 762 3923 838 ἀπήγ-

2262 849 2464 925 γειλεν,
2494 845 2599 911 ἕως
2632 852 2714 925 [Ρ.
2755 851 2877 924 186]
2895 850 2925 905 ὁ
2953 848 3185 925 Χριστὸς
3212 847 3290 913 εἰς
3317 846 3578 924 οὐρανοὺς
3607 846 3919 928 ἀνελήφθη.

2264 939 2569 1013 Γενομένης
2592 937 2652 995 δὲ
2680 938 2848 1009 αὐτῆς
2883 938 3017 995 ἑτῶν
3053 935 3143 1010 ιδ’,
3174 936 3264 993 καὶ
3296 934 3598 994 δοκούντων
3634 938 3743 993 τῶν
3774 939 3921 996 ἰου-

2264 1024 2428 1084 δαίων
2461 1027 2547 1085 ὅτι
2576 1026 2767 1102 μέλλει
2798 1026 3043 1104 γενέσθαι
3073 1027 3211 1101 αὐτῇ
3242 1028 3277 1096 ἡ
3311 1028 3567 1098 συνήθεια
3596 1034 3698 1098 τῆς
3716 1048 3916 1103 γυναι-

2261 1119 2413 1181 κείας
2446 1117 2740 1187 ἀσθενείας,
2774 1117 2968 1174 λοιπὸν
2999 1118 3067 1173 οὐ
3098 1122 3465 1193 συνεχωρεῖτο
3523 1117 3662 1173 εἶναι
3726 1116 3778 1175 ἐν
3835 1122 3919 1191 τῷ

2264 1213 2400 1281 ναῷ.
2454 1215 2726 1279 Ἕστησαν
2784 1205 2843 1264 δὲ
2902 1209 2956 1264 οἱ
3037 1208 3201 1283 ἱερεῖς
3284 1206 3363 1270 είς
3417 1207 3730 1283 προσευχὰς
3791 1208 3920 1285 περῖ

2265 1296 2455 1367 αὐτῆς·
2481 1299 2574 1354 καὶ
2621 1297 2899 1378 Ζαχαρίας
2965 1298 2996 1353 ὁ
3052 1296 3341 1374 ἀρχιερεὺς
3393 1296 3421 1353 ὀ
3458 1301 3556 1353 toﬁ
3610 1300 3919 1356 Βαπτιστου

2263 1389 2444 1463 πατὴρ
2501 1381 2666 1443 ἔλαϐε
2721 1384 2933 1443 δώδεκα
2989 1382 3224 1462 ῥάϐδους
3297 1388 3567 1464 γερόντων
3646 1392 3918 1463 συγγενῶν

2265 1474 2456 1545 αὐτῆς,
2484 1475 2577 1531 καί
2614 1470 2807 1548 ἔθηκεν
2835 1475 2890 1531 ἐν
2947 1480 3029 1549 τῷ
3070 1474 3442 1551 θυσιαστηρίῳ
3499 1472 3700 1552 λέγων·
3735 1497 3763 1531 ε
3796 1480 3922 1531 Δεῖ-

2266 1565 2376 1636 ξον,
2432 1563 2614 1640 Κύριε,
2669 1564 2820 1631 τίνος
2876 1559 3025 1621 ἔσται
3081 1566 3118 1635 ἡ
3176 1563 3458 1638 παρθένος.
3510 1586 3542 1618 ››
3605 1564 3710 1622 Καὶ
3761 1559 3925 1622 ἐϐλά-

2266 1674 2457 1724 στησεν
2488 1656 2525 1724 ἠ
2547 1658 2645 1709 τοῦ
2677 1656 2881 1735 Ἰωσὴφ
2931 1658 3030 1710 τοῦ
3084 1652 3339 1717 τέκτονος
3368 1648 3592 1728 ῥάϐδος,
3616 1654 3708 1710 καὶ
3736 1653 3923 1729 ἡρμό-

2265 1762 2425 1798 σαντο
2478 1740 2659 1816 τούτῳ
2711 1743 2908 1812 αὐτήν,
2968 1743 3083 1798 ὄντι
3141 1741 3274 1798 ἐτῶν
3335 1743 3409 1799 π’.
3470 1743 3566 1800 Καὶ
3618 1744 3922 1818 κατήγαγεν

2262 1831 2431 1901 αὐτὴν
2461 1830 2538 1893 εἰς
2566 1832 2661 1887 τὸν
2689 1833 2844 1888 οἶκον
2875 1830 3064 1902 αὐτοῦ,
3095 1832 3188 1887 καὶ
3228 1828 3382 1907 διῆγε
3432 1831 3768 1903 νηστεύουσα
3821 1830 3915 1887 καῖ

2260 1922 2521 1990 ἀπρόῖτος
2547 1923 2644 1977 σὺν
2672 1927 2793 1985 ταῖς
2824 1920 2945 1978 δυσὶ
2987 1922 3313 2000 θυγατράσιν
3366 1922 3552 1979 αὑτοῦ.
3613 1921 3714 1981 Καὶ
3776 1923 3913 1997 μετὰ

2265 2017 2443 2085 μῆνας
2473 2006 2527 2082 ἔξ
2558 2007 2715 2088 ὤφθη
2747 2012 2889 2086 αὐτῇ
2929 2012 2959 2068 ὁ
3014 2010 3366 2091 ἀρχάγγελος
3416 2006 3692 2088 Γαϐριὴλ,
3750 2011 3916 2089 εὐαγ-

2260 2098 2620 2177 γελιζόμενος
2662 2102 2762 2171 τήν
2814 2106 2910 2157 τοῦ
2966 2102 3180 2176 κόσμου
3239 2102 3540 2178 σωτηρίαν.
3607 2099 3803 2160 Οὑδενὶ
3862 2101 3923 2158 δὶ

2262 2188 2616 2268 ἀπήγγειλεν,
2676 2187 2782 2255 ἕως
2839 2189 2905 2247 οὗ
2966 2188 3166 2249 ἔτεκεν.
3226 2190 3472 2266 Ἐγένετο
3540 2189 3599 2248 δὲ
3641 2192 3813 2248 ταῦτα
3836 2195 3919 2262 τῷ

2260 2279 2469 2352 πρώτῳ
2501 2279 2636 2352 μηνὶ
2665 2276 2841 2355 ἤγουν
2868 2279 3118 2357 Μαρτίῳ,
3150 2283 3220 2355 τῇ
3249 2282 3346 2347 κε’,
3403 2282 3476 2353 τῇ
3527 2281 3575 2336 α’
3627 2287 3730 2350 τῆς
3754 2276 3921 2336 ἑϐδο-

2265 2365 2436 2441 μάδος
2488 2371 2673 2443 ἡμέρᾳ
2709 2370 2796 2426 καὶ
2855 2371 2902 2425 α’
2957 2376 3058 2440 τῆς
3115 2368 3376 2442 σελήνης·
3432 2368 3593 2431 αὐτὸς
3640 2369 3743 2446 γάρ
3801 2367 3918 2425 ἐστι

2260 2455 2353 2511 καὶ
2381 2453 2540 2520 ἕκτος
2574 2460 2683 2532 μὴν
2714 2465 2815 2529 τῆς
2855 2457 3188 2534 συλλήψεως
3242 2458 3520 2516 Ἰωάννου.
3577 2461 3635 2516 'll
3695 2455 3753 2514 δὲ
3783 2464 3916 2515 Θεο-

2259 2547 2449 2619 τόκος,
2476 2548 2634 2619 ηνίκα
2672 2549 3032 2626 ἀπεχώρησεν
3092 2551 3122 2606 ὁ
3180 2541 3554 2627 ἀρχάγγελος,
3609 2548 3779 2620 ἦλθεν
3836 2548 3918 2613 εἷς

2258 2639 2359 2708 την
2392 2639 2609 2715 ὀρεινὴν
2640 2640 2766 2711 ἢτοι
2793 2642 2895 2711 τήν
2929 2639 3182 2714 Βηθλεὶμ
3242 2638 3605 2716 (ὑψηλότερος
3661 2639 3767 2715 γὰρ
3811 2646 3917 2709 τῆς

2258 2728 2506 2802 Ναζαρὲτ
2549 2725 2709 2790 οὗτος
2767 2728 2796 2783 ὁ
2852 2728 3068 2804 τόπος),
3126 2728 3217 2785 καὶ
3265 2728 3552 2799 ἠσπάσατο
3605 2728 3706 2798 τήν
3761 2725 3917 2785 Ἐλι-

2261 2811 2445 2887 σάϐετ,
2494 2815 2791 2894 έξαδέλφην
2851 2818 3022 2883 αὐτῆς
3081 2815 3271 2887 οὖσαν,
3320 2817 3412 2873 καὶ
3444 2817 3732 2894 ἐγνώρισεν
3774 2816 3915 2892 αὑτῇ

2259 2906 2359 2975 τήν
2392 2905 2651 2961 ὀπτασίαν
2681 2910 2779 2961 τοῦ
2807 2903 3069 2982 ἀγγέλου,
3109 2908 3199 2963 καὶ
3260 2907 3346 2962 ὅτι
3398 2904 3556 2982 ἃῤῥεν
3614 2901 3767 2982 ἔσχε,
3822 2905 3918 2962 καὶ

2262 2994 2346 3049 ὅτι
2405 2994 2680 3070 Ζαχαρίας
2734 2995 2994 3051 ὀπτασίαν
3032 2996 3286 3070 ἑώρακεν·
3346 2996 3411 3051 οὗ
3462 2996 3565 3073 γὰρ
3622 2994 3919 3070 έγίνωσκεν

509 3106 650 3145 voce
671 3088 967 3144 Zacharias
994 3086 1319 3143 interclusa
1350 3103 1419 3143 ea
1447 3086 1761 3160 ignorabat
1792 3104 1806 3142 :
1840 3092 1900 3142 et
1928 3087 2153 3143 exactis

2266 3078 2555 3138 Ἔλισάϐετ
2573 3084 2670 3139 τοῦ
2705 3085 2984 3160 Ζαχαρίου
3018 3087 3369 3163 σιγήσαντος.
3403 3086 3503 3140 Καὶ
3564 3084 3700 3159 μετά
3740 3091 3919 3158 μῆνας

512 3178 698 3234 tribus
726 3176 1034 3233 mensibus
1063 3176 1126 3231 in
1176 3175 1476 3231 Galilaeam
1509 3175 1706 3231 rediit.
1740 3178 1815 3231 At
1866 3177 2153 3249 Jossphus

2269 3177 2416 3249 τρεῖς
2476 3174 2799 3251 ὑπέστρεψεν
2855 3173 2934 3239 εἷς
2988 3177 3089 3246 τήν
3146 3173 3466 3233 Γαλιλαίαν.
3526 3176 3729 3253 Ἰωσήφ
3796 3174 3920 3231 τοί-

512 3284 651 3323 cum
684 3282 930 3338 peregre
979 3266 1223 3321 domum
1280 3281 1553 3320 reversus
1582 3265 1871 3337 virginem
1923 3271 2153 3322 uterum

2269 3283 2360 3316 νυν
2394 3261 2501 3317 ἀπὸ
2531 3266 2632 3329 τῆς
2688 3261 3006 3337 ἀποδημίας
3050 3262 3379 3333 ἐπανελθὼν,
3437 3264 3527 3320 καὶ
3586 3263 3758 3339 εὑρὼν
3813 3265 3919 3333 τὴν

508 3356 662 3411 ferre
687 3354 1199 3427 deprehendisset,
1224 3354 1604 3426 perturbatus
1637 3370 1766 3409 eam
1789 3354 1979 3410 celam
1998 3355 2153 3411 dese-

2271 3351 2537 3427 Παρθένον
2578 3350 2630 3407 ἐν
2688 3352 2877 3427 γαστρὶ
2934 3347 3190 3428 ἔχουσαν,
3239 3353 3331 3409 καὶ
3383 3347 3705 3429 θορυϐηθεὶς
3761 3347 3923 3409 ἐϐου-

508 3460 641 3499 rere
675 3442 897 3498 statuit.
955 3440 1069 3497 Sed
1113 3441 1309 3514 angeli
1358 3440 1727 3513 apparitione
1775 3441 2153 3499 conﬁrmatus

2271 3437 2417 3511 λήθη
2451 3438 2628 3516 λάθρα
2659 3439 2932 3498 ἀπολῦσαι
2970 3443 3165 3514 αὐτήν·
3207 3440 3355 3498 ἀλλά
3408 3445 3480 3517 τῇ
3533 3439 3767 3515 ὀπτασίᾳ
3820 3446 3923 3497 τοῦ

516 3548 646 3589 eam
676 3531 939 3587 retinuit.
962 3529 1185 3586 Deinde
1216 3520 1353 3586 cuni
1384 3530 1622 3586 ﬁnitimi
1650 3529 2153 3588 calumniarentur

2267 3526 2503 3605 ἀγγέλου
2545 3529 2817 3608 θαρῤήσας
2874 3529 3133 3608 κατέσχεν
3192 3532 3381 3603 αὑτήν.
3438 3532 3575 3587 Εἶτα
3621 3525 3925 3587 διαϐαλλο-

515 3619 845 3692 acerbeque
867 3619 1433 3686 obtrectarent,eum
1462 3619 1749 3692 virginem
1771 3635 1892 3675 non
1909 3619 1984 3676 ad
2004 3636 2156 3693 nup-

513 3708 625 3765 tias
655 3708 757 3764 sed
795 3708 1078 3764 custodias
1126 3724 1305 3764 causa
1334 3708 1556 3781 templo
1586 3707 1925 3778 abduxisse,
1956 3709 2156 3781 itaque

509 3815 642 3855 eam
703 3797 1081 3853 matrimonio
1151 3796 1534 3865 subtraxisse,
1608 3802 1859 3869 uterque
1939 3814 2156 3868 aquam

508 3887 903 3960 experimenti
934 3886 1215 3942 biberunt
1243 3892 1301 3942 et
1330 3886 1393 3941 in
1422 3890 1708 3942 montana
1762 3885 1930 3943 missi
1980 3893 2152 3956 sunt;

501 3977 660 4033 unde
714 3992 847 4032 cum
883 3992 984 4032 eos
1038 3975 1371 4031 incolumes
1422 3974 1693 4046 nihilque
1750 3976 1893 4032 mali
1944 3992 2155 4049 passos

501 4071 877 4122 accusatores
926 4063 1169 4131 videret,
1222 4065 1472 4120 crimine
1511 4064 1914 4122 absolverunt.
1966 4068 2151 4122 Porro

504 4171 642 4211 cum
674 4170 889 4210 census
915 4151 1041 4224 jam
1069 4157 1361 4224 ageretur,
1393 4153 1686 4226 Iosephus
1716 4170 1851 4210 cum
1882 4154 2063 4212 Maria
2089 4155 2152 4211 in

502 4244 770 4299 Iudaeam
827 4241 1021 4309 abiit;
1082 4241 1472 4314 angustiaque
1526 4243 1815 4315 temporis
1862 4244 2149 4316 praeventi

506 4333 872 4388 diverterunt
900 4333 961 4387 in
992 4332 1339 4388 suburbium
1376 4332 1754 4402 Bethleemm,
1787 4334 1945 4406 quod
1966 4336 2152 4407 possi-

504 4419 681 4476 debat
729 4419 961 4476 Solome
1016 4420 1323 4489 obstetrix,
1378 4422 1573 4477 Maria:
1629 4422 2009 4480 consobrina.
2060 4423 2147 4480 lbi

506 4526 578 4565 ex
606 4510 785 4565 Maria
813 4514 989 4566 natus
1020 4510 1464 4576 Emmanuelus,
1500 4516 1702 4567 octavo
1733 4510 1830 4567 die
1887 4512 2143 4569 circum-

502 4598 680 4665 cisus,
712 4604 846 4671 post
876 4599 1029 4655 8‘28
1071 4599 1463 4673 quadraginta
1521 4598 1647 4656 dies
1678 4600 2146 4673 Hierosolymam

500 4686 790 4743 adductus
822 4693 931 4757 est,
965 4694 1029 4743 ut
1064 4688 1309 4743 Domino
1339 4688 1670 4744 secundum
1694 4688 1882 4762 legem
1907 4690 2144 4747 sistere-

502 4779 1078 4849 tur;{acceptusque
1137 4782 1225 4833 est
1271 4794 1307 4832 a
1354 4777 1520 4848 justo
1571 4778 1881 4849 Symeone.
1941 4780 1994 4835 Is
2040 4780 2145 4837 Dei

499 4872 775 4938 receptor
804 4868 1058 4939 Symeon
1109 4865 1346 4922 Judaaus
1378 4883 1531 4922 unus
1591 4872 1719 4923 erat
1774 4867 1846 4923 de
1906 4869 1975 4924 70
2024 4870 2146 4926 illis

500 4956 950 5028 interpretibus,
984 4955 1084 5027 qui
1115 4954 1435 5011 Ptolemaeo
1475 4956 1860 5028 Philadelpho
1918 4959 2146 5032 Egypti

498 5043 624 5117 regi
657 5044 1007 5100 Ilebraicum
1054 5044 1231 5098 Vetus
1289 5044 1729 5100 Testamentum
1763 5045 1825 5101 in
1879 5048 2146 5104 Graecum

451 5133 929 5189 'transtulerant
980 5148 1316 5188 sermonem
1366 5139 1503 5188 ante
1553 5133 1767 5189 Christi
1826 5135 2145 5194 adventum

501 5222 655 5276 sicut
679 5221 847 5277 divus
906 5222 1360 5293 Chrysostomus
1416 5221 1478 5276 in
1511 5237 1619 5277 suo
1675 5221 1748 5278 de
1778 5240 1881 5279 sex
1935 5223 2145 5282 diebus

500 5325 679 5381 opere
713 5311 910 5367 tradit.
944 5314 1136 5384 Atque
1160 5310 1258 5367 hic
1290 5311 1546 5384 Symeon
1577 5327 1709 5369 cum
1740 5313 1905 5371 Isaia
1934 5315 2141 5372 vatici-

2271 3617 2447 3691 μένων
2483 3616 2642 3673 αὑτὸν
2693 3618 2782 3674 καὶ
2841 3624 3053 3695 πικρῶς
3109 3616 3555 3695 λοιδορουμένων
3606 3623 3714 3675 τῶν
3774 3617 3921 3692 ὃμο-

2268 3707 2531 3782 ρούντων,
2570 3707 2645 3771 ὡς
2696 3708 2797 3764 οὐκ
2850 3707 2937 3763 ἒπί
2992 3707 3156 3785 γάμῳ
3200 3707 3327 3765 ἀλλ’
3387 3708 3477 3764 ἐπὶ
3542 3705 3762 3787 φυλακῇ
3812 3708 3918 3777 τὴν

2265 3797 2536 3870 Παρθένον
2559 3795 2621 3852 έκ
2644 3801 2740 3853 τοῦ
2778 3799 2927 3874 ίεροῦ
2956 3793 3200 3855 λαϐόντα
3253 3798 3345 3854 καὶ
3398 3795 3919 3875 κλεψιγαμήσαντα,

2261 3887 2325 3942 τὸ
2357 3883 2506 3963 ὕδωρ
2533 3893 2636 3958 τῆς
2668 3885 2926 3963 ἑλέγξεως
2956 3889 3253 3965 ἀμρότεροι
3306 3888 3523 3945 πίνουσι
3579 3889 3671 3944 καὶ
3709 3887 3787 3951 εἷς
3815 3890 3921 3958 τήν

2263 3975 2480 4051 ὀρεινὴν
2552 3978 2881 4051 πέμπονται.
2931 3978 3082 4037 Μετὰ
3143 3981 3312 4034 ταῦτα
3363 3978 3439 4041 ὡς
3514 3975 3663 4033 εἶδον
3716 3976 3916 4040 αὐτοὺς

2265 4065 2697 4142 ὑποστρέψαντας
2727 4067 2818 4124 καὶ
2869 4064 3044 4143 μηδὲν
3082 4065 3352 4133 παθόντας
3408 4068 3671 4143 πονηρὸν,
3712 4064 3920 4122 ἀπέλυ-

2261 4176 2356 4211 σαν
2414 4156 2634 4219 αὐτούς.
2692 4162 2800 4227 Τῆς
2852 4158 3180 4236 ἀπογραφῆς
3235 4154 3294 4214 δὲ
3349 4158 3645 4236 γενομένης
3682 4154 3906 4231 ἀνήχθη

2261 4243 2358 4300 σὺν
2384 4249 2464 4318 τῷ
2494 4246 2696 4326 ’[ωσῆφ
2738 4245 2816 4309 εἰς
2871 4247 2971 4316 τὴν
3030 4243 3311 4304 Ἰουδαίαν·
3365 4247 3442 4320 μή
3495 4246 3790 4323 φθάσαντες
3849 4242 3911 4300 δὶ

2257 4331 2554 4389 κατέλυσαν
2639 4334 2717 4400 εἰς
2799 4335 3121 4410 προάστειον
3203 4341 3307 4405 τῆς
3387 4332 3662 4408 Βηθλεὶμ,
3749 4333 3778 4389 ὃ
3837 4332 3913 4404 ἦν

2256 4428 2446 4496 κτῆμα
2504 4420 2785 4497 Σαλώμης
2842 4431 2943 4494 τῆς
3004 4423 3186 4498 μαίας,
3264 4427 3364 4490 τῆς
3449 4421 3746 4500 έξαδέλφης
3807 4428 3916 4492 τῆς

2258 4510 2544 4569 Θεοτόκου.
2620 4513 2849 4569 Κάκεῖσε
2911 4510 3058 4570 ἔτεκε
3099 4513 3192 4569 τὸν
3244 4510 3637 4587 Ἐμμανουήλ,
3694 4510 3788 4567 καὶ

2258 4597 2424 4677 ὀγδόῃ
2478 4599 2663 4677 ἡμέρᾳ
2716 4601 3002 4678 περιέτεμε
3054 4603 3120 4659 τὸ
3175 4599 3414 4661 παιδίον.
3495 4600 3594 4657 Καὶ
3667 4600 3804 4674 μετά
3858 4615 3918 4673 μ’

2255 4689 2465 4763 ἡμέρας
2521 4687 2791 4766 ἀνήγαγεν
2846 4690 2979 4746 αὑτὸ
3036 4690 3115 4754 εἷς
3171 4689 3527 4766 Ἰεροσόλυμα
3561 4695 3914 4767 παραστῆσαι

2253 4782 2334 4851 τῷ
2361 4779 2545 4854 Κυρίῳ
2574 4778 2711 4835 κατά
2765 4780 2857 4835 τὸν
2913 4780 3109 4854 νόμον,
3166 4780 3259 4836 καὶ
3303 4777 3578 4850 ὑπεδέχθη
3637 4778 3786 4855 παρά
3812 4781 3916 4834 τοῦ

2257 4864 2473 4923 δικαίου
2531 4870 2782 4943 Συμεών.
2860 4870 3030 4933 Οὗτος
3084 4869 3187 4945 γὰρ
3273 4870 3302 4925 ὁ
3354 4867 3620 4945 θεοδόχος
3677 4870 3914 4942 Συμεὼν

2258 4953 2521 5019 Ἰουδαῖος
2561 4953 2636 5012 ὥν
2664 4957 2742 5020 εἷς
2774 4958 2993 5033 ὑπῆρχε
3020 4964 3128 5015 τῶν
3189 4960 3238 5014 o‘
3288 4962 3399 5016 τῶν
3456 4958 3547 5014 καὶ
3606 4952 3918 5034 Ἐϐραῖκῶς

2256 5047 2665 5121 συντεθειμὲνην
2724 5049 2825 5119 τὴν
2886 5046 3127 5105 Παλαιὰν
3176 5049 3321 5113 θείαν
3397 5048 3618 5128 Γραφήν
3675 5045 3756 5110 εἷς
3804 5048 3909 5116 τήν

2256 5130 2500 5189 Ἐλλάδα
2575 5133 2829 5210 γλῶσσαν
2899 5131 3326 5210 μεταϐαλόντων
3381 5135 3472 5192 ἐπὶ
3565 5137 3720 5212 [187]
3767 5140 3914 5190 Πτο-

2255 5221 2489 5297 λεμαίου
2535 5227 2633 5279 τοῦ
2691 5221 3045 5303 Φιλαδέλφου
3104 5224 3379 5299 βασιλέως
3433 5224 3742 5301 Αἰγύπτου,
3798 5223 3913 5299 πρὸ

2254 5313 2461 5390 Χρόνου
2491 5321 2592 5386 τῆς
2619 5317 2856 5392 Χριστοῦ
2886 5317 3188 5392 παρουσίας
3219 5320 3355 5392 (34),
3396 5316 3471 5380 ὡς
3503 5315 3532 5371 ὀ
3592 5317 3735 5379 θεῖος
3765 5315 3919 5392 Χρυ-

1712 5412 2070 5471 XYLANDRI
2111 5415 2198 5470 ET
2234 5415 2454 5472 GOARI
2492 5414 2718 5472 ΝΟΤιΕ.

572 5506 682 5578 (34)
707 5508 1003 5592 Numerus
1033 5526 1331 5592 annorum
1361 5510 1595 5592 videtur
1623 5513 1934 5571 excidisse.
1967 5514 2074 5580 Qui
2122 5513 2322 5572 minor
2368 5531 2546 5588 quam
2580 5518 2687 5573 250
2743 5534 2874 5575 esse
2906 5518 3075 5577 nullo
3108 5518 3295 5576 modo
3341 5518 3562 5592 potuit,
3592 5522 3662 5575 ut
3689 5516 3930 5576 ratione

503 5578 937 5653 chronologicae
967 5581 1401 5639 demonstrant.
1433 5584 1574 5642 XvL.
