4186 6190
216 300 329 362 365

1434 297 1974 362 HlSTOltlARUM
2023 296 2572 360 CUMPENDIUM.

3531 301 3654 361 366

223 432 498 504 σόστομος
531 430 581 486 ἐν
609 430 676 506 τῇ
700 432 860 502 Ἐξαη
874 431 1022 506 μέρῳ
1049 429 1217 506 λὲγει.
1256 432 1355 494 ’Ὀς
1401 429 1645 506 ἐντυχὼν
1676 435 1756 503 τῷ
1785 433 1882 484 τοῦ

2005 430 2164 488 nium
2195 430 2454 503 legisset,
2504 430 2790 503 virginem
2838 430 3141 504 gravidam
3189 431 3314 488 fore
3357 438 3650 504 partuque

231 523 518 598 προφήτου
558 521 781 577 Ἡσαΐου
831 519 983 597 ῥητῷ
1013 525 1091 592 τῷ
1158 520 1388 596 λέγοντι,
1426 546 1453 571 ››
1513 519 1654 578 Ἰδοὺ
1685 522 1720 590 ἡ
1744 540 1886 594 παρ-

231 611 376 673 θένος
408 610 460 665 ἐν
492 609 684 685 γαστρὶ
715 607 818 680 ἕξει
849 610 960 668 καὶ,
995 609 1200 680 τέξεται
1257 611 1394 682 υἱὸν,
1451 609 1540 666 καὶ
1594 607 1887 664 καλὲσουσι

223 703 286 756 τὸ
343 697 520 774 ὄνομα
603 699 768 756 αὐτοῦ
853 698 1236 774 Ἐμμανουήλ,
1309 698 1630 772 διηπίστησε
1684 698 1884 771 τούτῳ,

227 787 492 845 ἀδύνατον
557 791 693 844 εἴναι
755 787 974 865 λέγων,
1023 788 1146 845 ὅσον
1206 788 1290 846 ἐπ’
1338 789 1649 864 ἀνθρωπίνῃ
1710 786 1886 865 φύσει,

225 879 289 935 τὸ
319 878 583 955 παρθένον
643 883 838 936 τεκεῖν.
900 878 1085 943 Οὕτως
1141 879 1234 934 οὗν
1296 875 1440 953 ἔχων
1489 875 1890 951 ἀποκαλύψεως

229 967 396 1046 ἔτυχε
429 967 572 1031 θείας
597 964 701 1030 ἓως
759 967 881 1022 τότε
927 971 1007 1040 τῷ
1066 967 1172 1042 βίῳ
1228 973 1489 1044 περιεῖναι
1543 961 1645 1029 ἕως
1704 963 1764 1021 ἂν
1791 987 1885 1020 τε-

233 1057 403 1130 λεσθῇ
461 1057 525 1112 τὸ
584 1062 728 1120 θεῖον
785 1060 882 1110 τοῦ
948 1059 1232 1135 προφήτου
1316 1057 1498 1130 ῥητόνο
1558 1057 1587 1112 ὃ
1645 1053 1713 1124 δὴ
1796 1055 1887 1110 καὶ

230 1146 293 1201 τὸ
337 1149 480 1210 θεῖον
543 1147 689 1218 ἡμᾶς
751 1141 988 1200 διδάσκει
1041 1149 1222 1224 σαφῶς
1279 1144 1638 1221 Εὐαγγὲλιον,
1699 1143 1884 1219 λέγον·

233 1236 520 1308 «Πνεῦμα
573 1235 727 1308 ἅγιον
781 1234 848 1303 ἦν
903 1233 987 1288 ἐπ’
1069 1232 1236 1307 αὐτῷ,
1267 1276 1278 1282 .
1311 1234 1402 1289 καὶ
1461 1235 1526 1304 ἦν
1595 1233 1741 1306 αότῷ
1797 1253 1888 1288 κε-

225 1323 680 1402 χρηματισμένον
757 1325 860 1380 ὑπὸ
915 1328 1012 1380 τοῦ
1073 1323 1384 1398 ΙΙνεύματος
1438 1328 1540 1380 τοῦ
1594 1324 1748 1400 ἁγίου
1809 1326 1884 1396 μὴ

231 1411 283 1434 9"
315 1420 339 1430 υ
448 1413 460 1434 Ρ
735 1415 750 1431 \
822 1410 880 1432 ΠΝ
1022 1412 1035 1430 \
1302 1413 1315 1432 ἢ
1538 1414 1549 1432 Ι
1733 1415 1746 1436 ν
1825 1415 1839 1432 \

234 1431 368 1469 ιοειν
399 1425 626 1478 θανατον
658 1433 786 1488 πριν
834 1427 920 1488 non
983 1434 1074 1468 τον
1130 1432 1354 1488 χριστον
1413 1415 1634 1488 Κυριου.
1676 1437 1703 1465 ››
1751 1410 1885 1469 Ιδων

229 1503 417 1557 τοίνυν
450 1501 608 1558 αὐτὸν
642 1501 693 1558 ἐν
724 1505 804 1574 τῷ
860 1503 992 1576 ἱερῷ
1052 1501 1250 1578 βρέφος
1293 1502 1891 1576 τεσσαρακονθήμερον,

233 1592 326 1647 καὶ
379 1589 667 1666 δεξάμενος
736 1591 899 1648 αὐτὸν
956 1591 1033 1654 εἷς
1088 1592 1184 1654 τὰς
1243 1589 1486 1668 ἀγκάλας
1552 1591 1742 1659 αὐτοῦ,
1798 1591 1886 1646 καὶ

231 1682 422 1752 εἰπὼν,
466 1706 490 1735 σι
520 1683 628 1738 Νῦν
659 1679 918 1744 ἀπολύεις
949 1681 1040 1736 τὸν
1075 1678 1272 1736 δοόλόν
1303 1702 1420 1750 σου,
1453 1680 1715 1751 Δέσποτα,
1757 1683 1893 1736 κατὰ

2001 519 2185 574 filium
2211 521 2657 576 Emmanuelem
2681 522 2921 576 nomine
2943 521 3258 588 edituram,
3285 521 3461 577 fidem
3493 523 3650 580 dicto

2001 626 2246 681 prorsus
2273 609 2591 681 derogavit,
2639 610 2797 681 quod
2847 611 3110 666 humana
3161 616 3376 667 natura
3406 612 3651 670 omnino

1996 700 2282 770 virginem
2331 715 2539 770 parere
2571 716 2694 754 non
2751 700 3111 755 admitteret.
3145 699 3235 755 Sic
3288 701 3339 755 ei
3390 701 3654 757 animato

1998 787 2279 843 divinitus
2318 789 2679 860 patefactum
2725 795 2815 844 est
2861 789 3152 844 victurum
3184 806 3252 844 eo
3285 806 3472 861 usque
3505 790 3652 848 dum

1998 879 2145 934 vatis
2178 879 2483 935 oraculum
2517 881 2887 952 impleretur.
2920 882 2984 936 Id
3025 899 3131 937 nos
3183 898 3417 938 sacrum
3473 883 3653 938 etiam

1999 967 2171 1024 docet
2220 970 2597 1042 Evangelium
2656 970 2749 1025 his
2803 971 2995 1026 verbis
3025 970 3110 1024 ’3:
3169 990 3191 1019 ε
3247 972 3384 1026 Erat
3441 972 3653 1043 spiritu

2003 1063 2206 1113 sancto
2236 1059 2540 1129 praeditus,
2565 1059 2636 1114 ab
2667 1075 2854 1130 eoque
2888 1059 3192 1114 oraculum
3225 1065 3554 1132 acceperat,
3588 1076 3651 1116 se

2001 1163 2120 1202 non
2147 1153 2284 1203 ante
2312 1148 2664 1204 moriturum
2696 1165 2874 1219 quam
2907 1149 3160 1204 Unctum
3208 1149 3443 1204 Domi-ni
3475 1149 3658 1204 vidis-

2005 1242 2111 1292 set.
2147 1258 2176 1287 »
2207 1238 2354 1293 Eum
2387 1255 2523 1310 ergo
2553 1238 2616 1293 in
2659 1237 2877 1310 templo
2909 1238 3114 1293 videns
3164 1237 3479 1309 puerulum
3511 1255 3658 1310 qua-

2001 1326 2274 1399 draginta
2289 1326 2542 1396 dierum,
2563 1328 2624 1382 in
2642 1327 2815 1384 ulnas
2827 1328 3075 1400 accepit,
3093 1327 3398 1399 fatusque:
3425 1349 3452 1377 «
3468 1329 3657 1398 Nunc,

1999 1417 2270 1486 Domine,
2306 1434 2542 1473 servum
2573 1423 2739 1472 tuum
2773 1417 3004 1473 dimitte
3032 1417 3094 1472 in
3125 1433 3268 1490 pace
3329 1417 3658 1473 secundum

2003 1504 2246 1561 verbum
2303 1512 2492 1574 tuum,
2525 1529 2553 1556 »
2606 1507 2778 1562 laetus
2809 1507 2883 1562 ad
2943 1523 3078 1562 eum
3139 1507 3280 1561 hinc
3331 1506 3658 1580 emigravit.

2005 1597 2227 1654 Deinde
2257 1599 2548 1670 Iosephus
2580 1599 2862 1655 divinitus
2894 1605 2982 1654 est
3014 1599 3074 1655 in
3105 1601 3417 1672 Egyptum
3459 1599 3662 1671 fugere

1997 1703 2227 1758 Jussus.

235 1773 300 1827 τὸ
333 1771 490 1848 ῥῆμά
515 1793 611 1827 σου
638 1771 687 1827 ἐν
713 1771 924 1846 εἰρήνῃ,
969 1795 995 1823 υ
1025 1773 1164 1846 πρὸς
1202 1771 1361 1828 σῦτὸν
1390 1769 1692 1846 ἐξεδήμησε
1724 1771 1956 1847 χαίρων.
1989 1775 2124 1831 Εἶτα
2149 1776 2528 1852 ἐχρηματίσθη
2565 1779 2767 1851 Ἰωσήφ
2800 1783 2982 1856 φυγεῖν
3017 1779 3091 1840 εἰς
3122 1777 3420 1855 Αἴγυπτον.

299 1862 457 1920 Μετὰ
487 1859 544 1916 δὲ
583 1858 678 1916 δίο
709 1855 802 1932 ἔτη
857 1859 1080 1933 ἐποίησε
1129 1862 1225 1930 τὴν
1290 1861 1672 1941 βρεφοκτονίαν
1704 1861 1881 1935 Ἡρώ-

2067 1868 2205 1922 Post
2249 1867 2555 1924 biennium
2607 1855 2865 1924 Herodes
2915 1868 3195 1940 puerulos
3243 1869 3494 1935 necavit,
3545 1871 3654 1925 Za-

231 1949 331 2023 ὂης
367 1955 502 2023 (55),
530 1949 620 2005 καὶ
649 1951 742 2005 τὸν
775 1951 1052 2026 Σαχαρίαν
1110 1946 1308 2005 ἔσωθεν
1356 1954 1453 2006 τοῦ
1508 1950 1894 2026 θυσιαστηρίου

233 2039 417 2096 ἀνεῖλε
446 2040 881 2114 λειτουργοῦντα.
943 2041 1006 2097 Ἡ
1071 2037 1130 2095 δὶ
1185 2034 1473 2095 Ἐλισάϐετ
1532 2033 1775 2095 λαϐοῦσα
1800 2039 1894 2095 τὸν

235 2130 489 2200 Ἰωάννην
544 2128 762 2200 ἐξηλθεν
820 2129 894 2192 είς
945 2131 1046 2200 τήν
1100 2126 1309 2204 ἔρημον
1346 2173 1362 2200 ,
1437 2129 1527 2184 καὶ
1585 2123 1787 2204 ἐκρύϐη
1842 2127 1891 2183 ἐν

235 2219 500 2292 σπηλαίῳ
531 2220 741 2295 ἡμέρας
806 2221 1226 2296 τεσσαράκοντα,
1283 2222 1372 2274 καί
1435 2217 1894 2289 ἐτελεύτησεν.’0

231 2307 288 2364 δὲ
324 2309 580 2381 Ἰωάννης
613 2309 664 2364 ἐν
713 2313 782 2383 τῇ
839 2309 1032 2384 ἐρήμῳ
1084 2307 1376 2384 ὁδηγηθεὶς
1427 2309 1530 2364 ὑπὸ
1579 2313 1676 2364 τοῦ
1735 2309 1895 2384 ἀγγε-

234 2408 335 2453 λου
387 2398 482 2454 καὶ
540 2397 593 2453 ἐν
651 2397 789 2473 αὐτῇ
848 2399 1169 2478 ἀνατραφεὶς
1223 2396 1434 2473 ἔμεινεν
1486 2395 1590 2461 ἕως
1639 2405 1740 2468 τῆς
1795 2403 1894 2454 τοῦ

231 2489 440 2563 Κυρίου
472 2485 810 2559 ἀναδείξεως.

303 2579 462 2636 Μετᾶ
503 2576 560 2634 δὶ
624 2585 885 2648 πενταετῆ
946 2575 1144 2653 χρόνον
1207 2579 1530 2652 ὑπέστρεψεν
1582 2577 1784 2655 Ἰωσὴφ
1817 2575 1892 2639 εἰς

236 2668 492 2742 Ναζαρὲτ
521 2667 574 2738 ἐξ
603 2668 905 2744 Αἰγύπτου,
938 2669 1028 2723 καὶ
1059 2663 1222 2724 ἔλαϐε
1278 2669 1378 2738 την
1435 2665 1702 2744 θυγατέρα
1731 2665 1895 2722 αὐτοῦ

237 2756 449 2832 Μαρίαν
512 2756 758 2819 Κλεόπας
812 2758 839 2812 6
884 2755 1119 2834 ἀδελφὸς
1173 2757 1341 2812 αὐτοῦ
1412 2756 1752 2832 ὁμοπάτριος
1805 2753 1895 2810 καὶ

230 2848 606 2920 ὁμομήτριος,
636 2846 726 2902 καὶ
763 2847 818 2916 ἒξ
877 2847 1044 2916 αὐτῆς
1098 2844 1351 2922 ἐγέννησε
1403 2845 1496 2901 τὸν
1555 2845 1804 2919 Συμεὼν,
1835 2845 1894 2908 ’ὀς

234 2939 372 3011 μετᾶ
429 2932 689 2995 Ἰάκωϐον
751 2938 841 2993 τὸν
908 2933 1140 3016 ἀδελφὸν
1189 2941 1288 2992 τοῦ
1341 2935 1543 3011 Κυρίου
1600 2934 1896 2998 ἐπίσκοπος

236 3029 460 3104 γέγονεν
493 3025 892 3102 Ἰεροσολύμων
939 3027 1028 3082 καὶ
1087 3026 1171 3082 ἐπὶ
1227 3030 1557 3102 Δομετιανοῦ
1617 3027 1898 3101 μαρτυρή-

237 3137 333 3179 σας
363 3116 703 3191 ἒσταυρώοη.
752 3112 957 3178 Ἰούδας
989 3113 1046 3171 δὲ
1076 3117 1104 3170 6
1153 3113 1388 3196 ἀδελφὸς
1428 3115 1590 3171 αὐτοῦ
1648 3115 1897 3191 ἐγέννησε

241 3200 341 3259 δύο
375 3203 561 3275 υἱοὺς,
592 3207 856 3279 Ζωκτῆρα
881 3205 971 3260 καὶ
1005 3199 1281 3262 Ἰάκωϐον.

302 3389 404 3439 Ἦν
437 3381 498 3438 δὲ
528 3385 784 3455 Ἰωάννης
813 3381 897 3440 λα’
926 3384 1156 3460 χρόνου,
1188 3385 1278 3440 ὅτε
1309 3382 1503 3456 ἐξῆλθε
1528 3386 1627 3450 τῆς
1656 3382 1886 3457 ἐρήμου.

233 3475 333 3528 Καὶ
366 3471 696 3548 κηρύσσοντι
726 3471 1110 3545 ἠκολούθησαν
1169 3473 1313 3546 αὐτῷ
1368 3471 1596 3540 πολλοὶ,
1630 3471 1680 3527 ἐν
1714 3474 1797 3534 οἷς
1823 3472 1889 3542 ἦν

235 3565 327 3618 καὶ
387 3559 645 3634 Ἀνδρέας
699 3563 789 3617 καὶ
832 3562 1109 3633 Ἰωάννης.
1160 3561 1259 3617 Καὶ
1309 3565 1416 3616 τῶν
1467 3561 1560 3636 μὶν
1617 3559 1890 3637 λεγόντων

239 3653 326 3708 ὅτι
358 3653 388 3707 ὁ
421 3652 656 3727 Χριστός
688 3651 819 3716 ἐστι,
851 3657 958 3706 τῶν
991 3649 1048 3706 δὲ
1079 3652 1164 3706 ὅτι
1190 3652 1498 3727 προφήτης,
1556 3649 1607 3706 ἐν
1659 3654 1756 3723 μιᾷ
1784 3654 1890 3704 τῶν

231 3742 463 3814 ἡμερῶν
503 3738 675 3810 ἦλθον
743 3739 948 3796 πολλοὶ
988 3739 1150 3811 πέραν
1206 3743 1302 3794 τοῦ
1353 3737 1626 3814 Ἰορδάνου
1660 3737 1710 3793 ἐν
1734 3740 1895 3813 χώρᾳ

233 3826 558 3905 Βηθαϐαρᾳ,
585 3830 676 3886 καὶ
726 3824 1104 3898 ἐϐαπτίζοντο.
1153 3827 1448 3892 Ἐλθόντος
1480 3825 1537 3884 δὲ
1564 3833 1658 3882 τοῦ
1692 3829 1893 3898 Ἰησοῦ,

231 3921 310 3983 ὡς
340 3919 483 3976 εἶδεν
511 3919 668 3975 αὐτὸν
704 3922 732 3975 6
762 3919 1045 3988 Ἰωάννης,
1111 3917 1281 3972 εἶπενο
1316 3943 1342 3970 ‹‹
1383 3915 1493 3975 ’Ἰδε
1523 3918 1550 3972 6
1583 3917 1774 3993 ’Λγνὸς
1799 3921 1896 3972 τοῦ

237 4013 397 4066 Θεοῦ.
433 4035 462 4061 ››
495 4009 598 4066 Καὶ
650 4007 881 4071 ἀκούσας
934 4004 1187 4082 Ἀνδρέας
1218 4007 1306 4062 καὶ
1341 4008 1622 4076 Ἰωανννης
1654 4004 1896 4075 ἠκολού-

239 4110 416 4168 θησαν
443 4102 527 4169 τῷ
556 4101 756 4167 Ἰησοῦ.
812 4097 964 4154 Μετὰ
1022 4093 1080 4151 δὲ
1129 4097 1192 4151 τὸ
1239 4096 1572 4171 ὑποστρὲψαι
1629 4094 1788 4150 αὐτὸν
1821 4095 1897 4157 εἷς

239 4187 498 4262 Ναζαρὲτ
544 4184 891 4256 ἐτελεύτησεν
947 4185 1150 4263 Ἰωσήφ
1194 4185 1324 4240 ἐτῶν
1388 4185 1476 4258 ρι’.
1532 4185 1901 4255 Τελευτήσαν-

232 4294 328 4336 τος
361 4271 422 4328 δὲ
465 4274 554 4328 καὶ
615 4270 902 4329 Ζεϐεδαίου
957 4272 1164 4349 ἤγαγεν
1223 4272 1476 4342 Ἰωάννης
1519 4272 1606 4327 καὶ
1643 4266 1903 4336 Ἰάκωϐος

229 4366 336 4433 τήν
376 4362 588 4439 μητέρα
644 4363 845 4432 αὒτῶν,
893 4363 983 4417 καὶ
1038 4369 1198 4432 συνῆν
1257 4365 1328 4436 τῇ
1362 4361 1631 4435 Θεοτόκῳ·
1686 4363 1784 4432 τήν
1845 4359 1903 4417 δὶ

229 4455 432 4522 κτῆσιν
494 4452 678 4508 αὐτῶν
770 4450 1111 4522 πολήσαντες
1175 4451 1388 4529 Καϊάφᾳ
1471 4452 1744 4527 ἠγόρασαν
1803 4452 1903 4522 την

2003 1956 2386 2030 chariamque
2411 1959 2593 2014 sacris
2627 1966 2973 2031 operantem
2995 1960 3151 2016 intra
3192 1959 3377 2016 altare
3412 1961 3657 2016 interfe-

2003 2046 2100 2104 cit.
2134 2051 2208 2104 At
2239 2049 2554 2113 Elisabeta,
2585 2056 2890 2122 assumpto
2911 2051 3156 2118 Joanne,
3191 2050 3249 2104 in
3271 2050 3657 2106 solitudinem

2001 2138 2163 2206 exiit,
2197 2139 2376 2210 inque
2407 2140 2691 2212 spelunca
2722 2140 2848 2196 dies
2899 2141 3290 2212 quadraginta
3337 2158 3472 2197 cum
3508 2141 3660 2196 deli-

2001 2227 2232 2294 tuisset,
2264 2228 2424 2284 diem
2457 2245 2630 2285 suum
2661 2230 2814 2286 829
2848 2231 3014 2286 obiit.
3047 2232 3304 2286 Joannes
3337 2231 3398 2286 in
3441 2230 3655 2286 solitu—

2002 2316 2139 2372 dine
2199 2318 2272 2373 ab
2351 2319 2561 2388 angelo
2616 2318 2924 2375 institutus
2982 2325 3158 2390 atque
3217 2320 3513 2375 enutritus
3573 2319 3654 2374 ibi

2002 2406 2219 2460 mansit
2247 2405 2437 2462 donec
2466 2407 2729 2462 Christus
2760 2407 2822 2462 in
2847 2407 3153 2479 publicum
3183 2408 3423 2480 prodiit.

2071 2583 2212 2636 Post
2239 2581 2723 2653 quinquennium
2771 2582 3060 2653 Iosephus
3089 2599 3160 2638 ex
3201 2584 3439 2655 Egypto
3472 2584 3654 2638 Naza-

2001 2676 2190 2726 retam
2215 2672 2472 2727 revertit.
2498 2672 2636 2743 Ejus
2660 2671 2844 2728 tiliam
2869 2671 3108 2728 Mariam
3127 2671 3437 2744 Cleophas,
3471 2672 3654 2728 frater

2000 2760 2238 2831 Iosephi
2297 2776 2364 2814 ex
2419 2766 2674 2831 utroque
2721 2765 2986 2832 parente,
3042 2759 3210 2815 duxit
3259 2777 3526 2828 uxorem,
3577 2777 3650 2816 ex

2003 2862 2189 2917 eaque
2249 2846 2601 2918 Symeonem
2678 2845 2936 2914 sustulit,
3013 2847 3114 2918 qui
3172 2852 3304 2918 post
3369 2848 3651 2904 Iacobum

2003 2935 2238 2990 Domini
2271 2936 2512 2990 fratrem
2569 2936 2881 3007 episcopus
2929 2935 3044 2991 fuit
3083 2935 3524 3008 Hierosolymis,
3583 2955 3651 2994 ac

2001 3023 2336 3079 Domitiano
2367 3024 2696 3096 imperante
2727 3025 2787 3078 in
2830 3040 3063 3079 crucem
3114 3029 3278 3079 actus
3308 3025 3524 3081 divinae
3554 3042 3656 3081 ve-

2003 3113 2162 3169 ritati
2194 3131 2300 3169 suo
2333 3114 2624 3186 supplicio
2657 3114 3063 3170 testimonium
3096 3114 3413 3186 perhibuit.
3468 3115 3652 3173 Judas

1922 3218 1964 3286 ρ
2002 3209 2200 3258 autem
2233 3202 2415 3259 frater
2444 3203 2572 3275 ejus
2619 3203 2766 3259 duos
2795 3203 3002 3275 genuit
3031 3203 3207 3270 filios,
3260 3206 3560 3260 Zocterem
3593 3210 3652 3260 et

1999 3292 2302 3348 Iacobum.

2068 3383 2308 3436 Annum
2357 3397 2536 3455 agens
2586 3383 2842 3438 Joannes
2876 3382 2938 3437 31
3001 3381 3317 3439 solitudine
3375 3399 3650 3456 egressus

1998 3477 2108 3537 est,
2171 3487 2426 3542 eumque
2482 3472 2934 3528 concionantem
2993 3472 3165 3527 multi
3229 3473 3415 3528 secuti
3467 3479 3650 3541 sunt;

2000 3576 2254 3630 quorum
2314 3565 2486 3615 erant
2541 3561 2719 3616 etiam
2773 3560 3039 3617 Andreas
3085 3578 3153 3617 ac
3210 3563 3479 3617 Ioannss.
3533 3563 3650 3618 Alii

2000 3654 2196 3704 autem
2257 3665 2393 3704 eum
2423 3649 2742 3714 Christum,
2779 3645 2887 3704 alii
2938 3654 3131 3704 vatem
3182 3651 3490 3721 putabant.
3550 3651 3652 3707 Die

2002 3736 2255 3808 quadam
2289 3736 2461 3792 multi
2508 3737 2916 3804 Bethabaram,
2954 3737 3054 3806 qui
3103 3743 3194 3792 est
3234 3744 3400 3794 trans
3429 3739 3644 3795 Iorda-

2001 3843 2136 3881 nem
2169 3825 2353 3892 locus,
2406 3833 2692 3882 venerunt
2743 3825 3110 3896 acbaptizati
3172 3833 3330 3880 sunt.
3390 3829 3470 3882 Eo
3510 3844 3645 3883 cum

2000 3918 2166 3972 Iesus
2186 3915 2540 3983 advenisset,
2561 3914 2762 3969 videns
2795 3932 2932 3970 eum
2972 3915 3232 3986 Baptista
3277 3915 3463 3970 dixit:
3493 3937 3514 3967 ι
3559 3918 3645 3972 En

2002 4011 2202 4080 Agnus
2215 4007 2318 4062 Dei
2341 4006 2403 4061 9‘.
2423 4028 2450 4056 »
2473 4007 2595 4071 Quo
2617 4005 2817 4060 audito
2831 4005 3096 4060 Andreas
3109 4011 3168 4060 et
3181 4007 3647 4062 JoannesIesum

2004 4095 2189 4151 secuti
2221 4101 2379 4150 sunt.
2405 4096 2482 4148 Eo
2513 4095 2854 4148 Nazaretam
2887 4111 3120 4149 reverso
3144 4094 3437 4167 Iosephus
3471 4095 3655 4150 mori-

2007 4190 2120 4252 tur,
2151 4199 2338 4238 annos
2370 4189 2544 4238 natus
2579 4183 2700 4236 HO.
2734 4184 2878 4238 Cum
2919 4188 3115 4238 autem
3162 4182 3477 4238 Zebedaeus
3507 4200 3659 4254 quo-

2005 4290 2119 4344 que
2151 4278 2419 4328 mortuus
2447 4277 2622 4340 esset,
2647 4271 3021 4328 adduxerunt
3042 4273 3299 4328 Joannes
3327 4277 3385 4326 et
3408 4271 3661 4328 Iacobus

2005 4367 2258 4418 matrem
2290 4378 2478 4430 suam,
2511 4378 2698 4432 eaque
2739 4378 2874 4417 cum
2919 4361 3100 4417 Maria
3127 4359 3434 4418 habitavit.
3486 4361 3662 4416 Bonis

2007 4473 2182 4528 porro
2216 4455 2339 4511 suis
2385 4455 2656 4526 Caiaphaa
2688 4454 2939 4510 venditis
2986 4454 3223 4510 Sionem
3271 4459 3570 4510 emerunt.
3603 4455 3658 4508 Is

235 4543 416 4610 Σιὼν,
465 4538 584 4596 ἔνθα
631 4545 694 4596 τὸ
749 4541 1009 4614 μυστικὸν
1061 4541 1255 4616 Πάσχα
1313 4543 1342 4596 ὸ
1383 4540 1615 4615 Χριστὸς
1679 4539 1895 4610 ἐποίησε

2010 4549 2099 4600 est
2128 4543 2296 4599 locus
2325 4543 2425 4598 ubi
2458 4543 2776 4615 mysticum
2799 4543 3024 4598 Pascha
3045 4543 3312 4600 Christus
3345 4542 3666 4600 celebravit

234 4631 334 4685 ναὶ
360 4633 468 4685 τῶν
508 4633 684 4704 θυρῶν
741 4627 1138 4704 κεκλεισμένων
1193 4627 1438 4699 εἰσῆλθε.
1470 4629 1624 4688 Μετᾶ
1675 4631 1774 4699 τὴν
1805 4633 1902 4684 τοῖ’)

235 4718 454 4794 Κυρίου
497 4716 771 4792 ἀνάληψιν
829 4720 864 4788 ἡ
896 4718 1163 4782 Θεοτόκος
1217 4715 1268 4773 ἐν
1303 4719 1446 4773 Σιὼν
1488 4713 1750 4795 διέτριϐεν
1803 4714 1906 4779 ἕως

237 4814 342 4877 τῆς
372 4807 637 4878 τελευτῆς
666 4809 752 4880 [Ρ.
800 4809 922 4880 188]
953 4806 1142 4873 αὐτῆς.
1168 4807 1280 4883 Πρὸ
1321 4805 1378 4862 δὲ
1416 4809 1637 4883 ἡμερῶν
1675 4810 1732 4864 ιε’
1772 4806 1908 4884 ἔγνω

239 4899 345 4966 τὴν
408 4893 592 4967 ἔξοδον
661 4895 850 4966 αὐτῆς.
885 4896 998 4968 Πρὸ
1030 4893 1089 4952 δὲ
1127 4901 1293 4972 τριῶν
1335 4899 1561 4972 ἡμερῶν
1617 4897 1645 4952 ὁ
1697 4897 1912 4974 ἀρχάγ-

240 4985 413 5061 γελος
436 4984 759 5060 παρεγένετο
807 4986 943 5062 πρὸς
1001 4986 1188 5059 αὐτην,
1239 4987 1302 5041 τὸ
1336 4981 1590 5060 βραϐεῖον
1643 4986 1907 5059 κομίζων·

246 5071 546 5149 Παρέδωκε
576 5073 634 5130 δὲ
662 5077 761 5144 τὴν
794 5075 953 5153 ἁγίαν
1009 5075 1178 5146 αὐτῆς
1237 5077 1424 5150 ψυχήν
1472 5079 1552 5148 τῷ
1607 5074 1792 5150 Κυρίῳ
1822 5081 1910 5136 καὶ

239 5164 358 5235 Υἳῷ
388 5161 472 5236 τῷ
520 5168 635 5236 Θεῷ
691 5164 859 5234 αὐτῆς
914 5163 1049 5219 ἐτῶν
1093 5165 1225 5220 οὖσα
1282 5165 1386 5238 οβ’,
1442 5165 1493 5219 οἳ
1539 5161 1596 5219 δὲ
1652 5185 1778 5244 φασι
1808 5167 1912 5237 νη’,

315 5285 366 5320 9³
409 5285 546 5340 Luc.
581 5300 641 5354 ιι,
673 5287 764 5355 25,
807 5288 896 5341 26.
973 5284 1022 5320 ⁹⁴
1044 5286 1212 5343 Ioan.
1246 5301 1285 5357 ι,
1317 5287 1404 5341 29.

2012 4638 2070 4688 et
2097 4632 2324 4688 foribus
2357 4632 2575 4688 clausis
2599 4631 2901 4705 ingressus
2931 4638 3056 4700 est;
3089 4632 3291 4704 ibique
3333 4633 3565 4688 Christo
3602 4631 3664 4686 in

2017 4720 2228 4777 cmlum
2277 4725 2580 4792 assumpto
2638 4720 2817 4775 Maria
2887 4736 3076 4791 usque
3147 4719 3221 4775 ad
3279 4721 3458 4775 ﬁnem
3533 4719 3663 4774 vitae

2019 4809 2174 4865 330
2197 4809 2332 4881 egit.
2365 4810 2444 4864 Ea
2466 4808 2803 4879 quindecim
2831 4813 2970 4864 ante
3004 4807 3212 4863 diebus
3245 4823 3417 4863 suum
3442 4807 3663 4862 exitum

2019 4898 2310 4972 cognovit.
2370 4897 2702 4968 Triduoque
2760 4902 2896 4953 ante
2951 4897 3338 4969 archangelus
3400 4896 3475 4952 ad
3533 4912 3664 4951 eam

2019 4989 2197 5053 venit,
2231 4987 2541 5058 praemium
2591 4992 2856 5058 portans.
2910 4986 3172 5042 Tradidit
3204 4991 3465 5040 sanctam
3497 5001 3665 5040 suam

2022 5079 2283 5134 animam
2315 5077 2562 5132 Domino
2594 5093 2661 5132 ac
2692 5076 2840 5131 Filio
2881 5081 2940 5130 et
2985 5077 3101 5132 Deo
3134 5092 3262 5143 suo,
3313 5091 3500 5130 annos
3530 5078 3672 5129 nata

2025 5167 2398 5240 septuaginta
2427 5165 2596 5222 duos.
2653 5165 2902 5232 Quidam
2949 5163 3191 5219 tradunt
3241 5163 3674 5236 quinquaginta

1459 5375 1819 5433 XYLANDRI
1857 5375 1944 5430 ET
1983 5374 2196 5429 GOARI
2237 5372 2458 5428 ΝΟΤΑΞ.

317 5489 440 5565 (35)
470 5491 624 5556 Quid
653 5493 700 5547 si
733 5492 894 5565 legas
928 5494 1141 5549 duabus
1169 5494 1237 5548 ab
1267 5495 1384 5564 ejus
1415 5493 1684 5565 discessu
1715 5492 1906 5565 diebus

241 5557 518 5636 ama“,
551 5580 686 5619 cum
733 5557 1090 5636 in'margine
1144 5565 1222 5620 sit
1275 5557 1597 5636 ascriptum
1655 5561 1739 5617 ὅτι
1773 5557 1908 5635 μέτα

244 5629 347 5688 δύο
395 5633 612 5707 ἡμέρας
665 5641 767 5703 τῆς
833 5634 909 5695 εἷς
956 5629 1244 5711 ’Ᾱῖγυπτον
1291 5629 1466 5712 φυγῆς
1514 5637 1612 5690 τοῦ
1667 5629 1905 5710 Χριστοῦ

2012 5484 2351 5564 γέγονε-περὶ
2381 5482 2628 5564 Ἡρώδην
2658 5487 2691 5554 ἠ
2728 5487 3140 5564 βρεφοκοτονία.
3183 5487 3419 5564 Alioqui
3468 5485 3666 5564 bimu-

2014 5558 2106 5617 Ios
2137 5558 2317 5615 fuisse
2343 5558 2571 5614 occisos
2591 5558 2798 5614 notum
2821 5558 2930 5616 est.
2977 5560 3090 5616 Sed
3119 5561 3232 5616 hoc
3276 5560 3530 5615 alterum
3561 5559 3662 5615 ha-

2015 5633 2116 5688 bet
2143 5629 2370 5703 aliquid
2395 5629 2713 5704 peculiare.
2745 5632 2885 5689 XYL.
