4186 6190
554 294 672 355 367
1912 285 2229 350 GEORGII
2275 283 2620 345 CEDRENI
3845 287 3967 349 368

553 432 706 486 octo.
738 428 894 484 Vixit
922 442 1059 499 ergo
1088 424 1290 498 viginti
1314 427 1578 495 quatuor
1599 438 1792 480 annos
1817 427 1954 495 post
1974 418 2193 477 Christi
2222 418 2277 487 Α

555 520 618 574 in
651 517 832 574 ccelos
862 530 1191 571 assensum.

623 606 944 662 Undecimo
1002 620 1157 660 anno
1235 603 1481 659 Herodis
1550 602 1864 660 tetrarchae
1929 615 2202 656 summus

553 695 816 767 pontifex
846 695 1094 748 Ananus
1121 692 1389 749 moritur.
1416 694 1555 748 Post
1574 694 1735 749 hunc
1760 706 1959 748 annua
1989 689 2104 746 fuit
2133 705 2204 745 ea

553 784 829 856 dignitas,
873 782 1031 854 quod
1062 787 1120 837 et
1166 782 1454 854 Josephus
1503 781 1720 849 refert;
1773 786 1833 837 et
1878 796 2016 837 eum
2069 792 2202 835 vere

555 872 751 928 dicere
809 888 978 927 sacra
1018 871 1336 945 Evangelia
1372 876 1685 941 testantur,
1734 872 1814 928 ita
1843 869 1917 927 de
1945 870 2204 942 Caiapha

555 961 897 1033 loquentia:
931 984 959 1012 «
992 961 1056 1017 1d
1084 978 1219 1018 vero
1252 978 1372 1018 non
1398 961 1470 1017 de
1503 978 1608 1017 suo
1638 961 1890 1030 dicebat,
1927 959 2030 1016 sed
2063 959 2203 1031 quia

555 1056 681 1109 erat
723 1050 987 1123 pontifex
1043 1051 1339 1108 maximus
1396 1051 1537 1106 anni
1598 1050 1788 1120 istius,
1838 1047 2204 1105 vaticinaba-

552 1148 651 1198 tur
680 1143 743 1195 ⁸⁸.
783 1164 810 1192 ››

623 1233 767 1286 Cum
793 1229 1163 1286 admirabilis
1191 1230 1253 1285 in
1276 1229 1451 1286 vitam
1483 1229 1712 1286 reditus
1740 1234 1918 1301 atque
1934 1227 1999 1284 in
2020 1226 2199 1284 caelos

550 1319 819 1377 ascensio
843 1319 1165 1375 Servatoris
1194 1320 1381 1375 nostri
1416 1319 1575 1376 fama
1595 1319 1725 1392 jam
1754 1319 1929 1391 longe
1960 1317 2197 1388 lateque

549 1409 962 1474 iucrebuisset,
1012 1408 1233 1465 Pilatus
1262 1408 1449 1464 animi
1508 1408 1742 1478 anxius,
1794 1407 1952 1478 quod
1982 1406 2056 1463 de
2104 1404 2198 1461 his

550 1514 682 1569 quae
713 1501 1032 1553 evenerant
1078 1496 1381 1553 miraculis
1436 1495 1590 1552 nihil
1645 1496 1719 1552 ad
1776 1496 2198 1568 imperatorem

550 1587 871 1655 retulisset,
927 1584 1172 1643 tandem
1230 1586 1585 1642 necessitate
1655 1584 1899 1642 adactus
1962 1583 2195 1640 Tiberio

550 1677 759 1733 Caesari
789 1677 1136 1749 perscripsit
1161 1676 1458 1732 Christum
1491 1679 1792 1731 mortuum
1821 1674 2001 1730 vitam
2030 1688 2198 1729 rece-

552 1767 732 1841 pisse,
766 1771 892 1823 tum
924 1783 1055 1838 quae
1109 1766 1161 1822 is
1209 1765 1498 1823 miracula
1553 1765 1840 1832 ediderat,
1883 1769 2065 1836 utque
2124 1761 2196 1819 de

552 1861 744 1913 morte
773 1856 834 1911 in
862 1856 1042 1911 vitam
1090 1871 1361 1912 reversus
1408 1855 1535 1927 jam
1565 1870 1600 1911 a
1652 1854 1855 1911 multis
1886 1854 2039 1910 Deus
2070 1868 2199 1909 esse

553 1947 848 2005 credatur.
883 1950 963 2003 Ac
992 1946 1260 2002 Tiberius
1304 1946 1546 2018 quidem
1591 1962 1811 2001 nomen
1835 1944 2200 2000 Christiano-

552 2052 686 2093 rum
712 2053 819 2109 per
846 2036 1049 2092 orbem
1075 2035 1202 2108 jam
1234 2040 1619 2109 propagatum
1640 2034 1905 2090 sentiens
1933 2032 2007 2089 de
2036 2049 2108 2088 ea
2134 2048 2199 2089 re

551 2123 624 2179 ad
657 2129 929 2180 senatum
960 2122 1184 2192 retulit,
1210 2138 1405 2194 neque
1437 2122 1686 2178 obscure
1726 2121 1866 2178 tulit
1905 2120 2019 2177 sibi
2049 2120 2198 2176 reli-

548 2213 784 2287 gionem
802 2213 1197 2268 Christianam
1219 2211 1476 2285 probari.
1509 2210 1759 2268 Senatus
1787 2215 2008 2278 autem,
2046 2208 2201 2282 quod

550 2318 679 2358 eam
733 2301 1116 2374 improbaret,
1174 2300 1302 2374 ipse
1359 2315 1595 2372 quoque
1648 2299 2003 2373 repudiavit.
2051 2300 2202 2355 Vera

548 2407 728 2449 causa
750 2391 878 2464 ejus
900 2391 1109 2461 reiest,
1133 2389 1293 2462 quod
1317 2389 1587 2447 divinum
1608 2389 1817 2447 salutis
1834 2389 2199 2462 praeconium

548 2481 869 2536 humanam
893 2479 1381 2552 approbationem
1403 2483 1579 2549 atque
1612 2477 2195 2535 commendationem

547 2586 926 2643 nequaquam
947 2570 1218 2642 requirit.
1245 2571 1378 2625 Haec
1393 2568 1789 2626 Tertullianus
1808 2569 1954 2625 831
1993 2569 2193 2625 refert.

550 2660 714 2716 Idem
744 2659 1011 2715 Tiberius
1042 2664 1295 2715 mortem
1325 2658 1794 2714 Christianorum
1838 2656 2199 2714 accusatori-

549 2749 660 2803 bus
692 2748 953 2803 minatus
985 2752 1094 2813 est,

617 2838 788 2891 Anno
845 2835 1061 2889 Tiberii
1112 2834 1558 2891 undevicesimo
1626 2836 1882 2891 Joannes
1939 2834 2200 2907 Baptista

548 2925 740 2996 capite
790 2928 1104 2978 truncatur
1150 2939 1183 2979 a
1205 2923 1447 2995 juniore
1502 2924 1730 2979 Herode
1788 2929 1847 2979 et
1892 2924 2200 2996 Cleopatra

548 3014 791 3083 propter
847 3008 1259 3075 Herodiadem,
1320 3014 1385 3064 ut
1438 3009 1729 3081 Josephus
1788 3009 1995 3065 scribit
2045 3010 2196 3066 libro

544 3101 959 3171 Antiquitatum
984 3098 1213 3154 decimo
1245 3103 1468 3155 octavo.
1500 3100 1661 3155 Tunc
1691 3115 1927 3170 quoque
1970 3098 2196 3155 bellum

543 3188 865 3262 suscipitur
915 3193 1124 3244 contra
1187 3190 1450 3255 Aretam,
1508 3187 1610 3259 qui
1658 3187 1846 3244 ﬁliam
1907 3204 2073 3244 suam
2101 3188 2195 3262 ζει)

542 3278 771 3333 Herode
801 3276 1232 3333 contumeliose
1280 3275 1545 3332 habitam
1590 3276 1968 3348 querebatur.
2019 3279 2100 3334 Eo
2132 3278 2196 3334 in

542 3367 701 3422 bello
732 3367 817 3422 ait
847 3370 1090 3438 propter
1133 3366 1376 3421 Joannis
1423 3380 1632 3421 necem
1676 3364 1925 3422 Herodis
1975 3367 2196 3424 exerci-

545 3463 669 3512 tum
699 3456 1045 3512 universum
1078 3455 1352 3526 periisse.

617 3548 782 3602 Anno
798 3545 1014 3601 Tiberii
1040 3545 1201 3617 regni
1222 3543 1664 3602 undevicesimo
1689 3545 1975 3603 Dominus
1991 3552 2197 3605 noster

545 3637 714 3692 Jesus
746 3635 1012 3691 Christus
1043 3633 1401 3706 supplicium
1431 3633 1598 3705 adiit,
1630 3635 1805 3690 sicuti
1837 3634 1908 3692 de
1931 3652 2001 3693 eo
2033 3641 2195 3693 vates

548 3723 966 3796 praedixerant.
1012 3723 1136 3788 Quo
1186 3727 1452 3794 tempore
1501 3722 1629 3779 haec
1677 3723 1740 3778 in
1786 3724 2002 3781 Graecis
2040 3741 2196 3782 com-

549 3812 860 3869 mentariis
880 3814 1164 3868 annotata
1191 3811 1337 3883 ipsis
1360 3811 1552 3867 verbis
1588 3811 1952 3870 referemus:
1979 3836 2008 3865 «
2042 3813 2195 3871 Solis

549 3904 775 3960 exstitit
791 3900 1363 3967 defectus,omnibus
1384 3900 1684 3973 prioribus
1704 3903 1929 3975 major;
1956 3920 2193 3976 noxque

545 3992 665 4050 diei
687 3998 852 4049 sexta
868 3992 1015 4048 hora
1044 3990 1251 4047 oborta
1283 3995 1391 4059 est,
1426 3990 1509 4046 ita
1537 3995 1604 4047 ut
1650 3996 1708 4047 et
1737 3992 1922 4049 stellas
1952 3993 2015 4049 in
2045 3993 2192 4050 caelo

539 4087 871 4157 conspectae
902 4081 1042 4136 sint.
1078 4102 1106 4130 ››
1136 4082 1328 4136 Terra:
1380 4085 1575 4136 motus
1605 4096 1842 4153 quoque
1892 4082 2103 4155 ingens
2131 4083 2193 4138 in

536 4172 811 4243 Bithynia
834 4170 967 4239 fuit,
994 4170 1098 4241 qui
1120 4185 1396 4242 magnam
1425 4169 1637 4225 Nicaea:
1676 4176 1906 4242 partem
1930 4178 2192 4243 prostra-

531 4260 630 4315 vit.
656 4261 789 4314 Haec
808 4257 1088 4329 Phlegon.
1115 4257 1427 4314 Africanus
1454 4258 1634 4314 etiam
1683 4264 1911 4327 narrat,
1944 4277 2060 4332 quo
2093 4260 2189 4317 die

529 4348 798 4404 Christus
831 4352 919 4402 est
942 4346 1235 4417 supplicio
1267 4348 1537 4414 affectus,
1563 4347 1840 4404 tenebras
1864 4349 2188 4406 admodum

534 4434 823 4490 terribiles
842 4450 947 4506 per
968 4439 1157 4489 totum
1188 4434 1479 4491 mundum
1520 4434 1776 4502 obertas,
1812 4441 1987 4494 terrm
2019 4444 2189 4497 motu

2308 413 2448 471 ὥστε
2480 415 2615 490 μετά
2641 415 2741 486 τὴν
2766 412 3035 491 ἀνάληψιν
3073 413 3172 471 τοῦ
3228 416 3472 492 Χριστοῦ
3528 415 3974 495 εἰκοσιτέσσαρας

2316 504 2550 580 χρόνους
2578 498 2895 561 ἐπεϐίωσεν.

2383 594 2509 652 Ὅτι
2564 591 2616 649 ἐν
2686 597 2769 666 τῷ
2825 599 2892 649 ια’
2946 590 3052 650 ἔτει
3110 591 3363 669 Ἡρώδου
3418 599 3517 652 τοῦ
3574 598 3878 674 τετράρχου
3936 598 3966 654 ὁ

2310 681 2599 761 ἀρχιερεὺς
2652 684 2879 746 ’Ἄνανος
2945 682 3281 756 ἆτελεύτησε“
3353 685 3473 758 μεθ’
3529 683 3590 741 ὅν
3646 685 3967 743 ἐνιαυσιαῖοι

2310 770 2590 851 ἀρχιερεῖς
2617 772 2990 842 καθίστανται,
3057 772 3134 835 ὡς
3186 773 3450 845 Ἰώσηπος
3505 772 3731 850 ἱσῦορεῖ.
3766 775 3869 833 Καὶ
3898 776 3968 832 τά

2310 867 2426 927 θεῖα
2487 861 2799 941 Εὖαγγὲλια
2854 863 3006 937 αὖτῷ
3060 868 3324 939 μαρτυρεῖ
3385 862 3714 937 άληθεόοντι
3767 864 3822 921 ἐν
3880 869 3965 931 οἷς

2308 949 2433 1025 περί
2458 955 2558 1006 τοῦ
2587 949 2804 1025 Καῖάφα
2848 949 3018 1028 λέγει·
3068 975 3099 1003 ‹‹
3130 955 3303 1008 Τοῦτο
3358 949 3418 1008 δὲ
3472 952 3564 1033 ἀφ’
3616 952 3809 1010 ἑαυτοῦ
3866 954 3967 1013 οὐκ

2310 1039 2482 1111 εἶπεν,
2522 1036 2648 1096 ἀλλ’
2681 1039 2990 1116 ἀρχιερεὺς,
3023 1037 3098 1097 ὢν
3127 1044 3230 1095 τοῦ
3287 1039 3531 1097 ἐνιαυτοῦ
3587 1041 3796 1099 ἐκείνου
3826 1063 3966 1120 προ-

2310 1130 2617 1207 εφήτευσεν.
2650 1153 2680 1182 ››

2378 1220 2499 1278 Ὀτι
2541 1220 2646 1289 τῆς
2700 1217 3012 1295 παραδόξου
3065 1220 3162 1276 τοῦ
3220 1227 3483 1296 Σωτῆρος
3518 1224 3681 1296 ἡμῶν
3737 1224 3965 1282 ἀναστά-

2306 1309 2444 1374 σεώς
2469 1329 2528 1364 τε
2556 1309 2646 1364 καὶ
2676 1309 2753 1372 εἰς
2811 1308 3069 1386 οὐρανοὺς
3128 1308 3451 1386 ἀναλήψεως
3506 1317 3626 1376 τοῖς
3679 1312 3962 1379 πλείστοις

2307 1395 2417 1470 ἤδη
2450 1392 2784 1473 περιϐοήτου
2851 1399 3221 1471 καθεστώσης,
3257 1398 3498 1465 Πιλάτος
3550 1401 3851 1479 ἀγωνιάσας
3888 1403 3967 1468 ὠς

2311 1487 2389 1560 μὴ
2420 1486 2708 1562 ἀνενέγκας
2736 1491 2817 1561 τῷ
2850 1484 3069 1564 βασιλεῖ
3119 1491 3346 1545 τοιαῦτα
3399 1490 3659 1567 γενόμενα
3688 1492 3964 1567 θαύματα,

2303 1573 2464 1638 τέλος
2521 1575 2894 1651 ἀναγκασθεὶς,
2951 1574 3028 1639 ώς
3091 1577 3168 1650 μὴ
3229 1574 3396 1653 λαθῃ,
3453 1577 3846 1636 ἀνεκοινώσατο
3882 1586 3966 1654 τῷ

2309 1662 2526 1741 βασιλεῖ
2562 1659 2805 1740 Τιϐερίῳ
2832 1664 2899 1720 τὰ
2925 1663 3050 1737 περὶ
3091 1670 3193 1735 τῆς
3248 1664 3309 1721 ἐκ
3361 1672 3566 1743 νεκρῶν
3624 1668 3961 1731 ἀναστάσεως

2225 1785 2274 1852 Β
2303 1757 2402 1810 τοῖ’)
2424 1761 2683 1852 Σωτῆρος
2737 1757 2902 1852 ἡμῶν
2959 1756 3464 1852 ἸησοῦΔΧριστοᾷ
3516 1759 3615 1852 τὰς
3668 1779 3730 1816 τε
3784 1759 3961 1825 ἄλλας

2305 1844 2689 1921 τερατουργίας
2740 1842 2906 1900 αὐτοῦ
2940 1888 2956 1916 ,
3006 1844 3098 1900 καὶ
3150 1845 3225 1910 ὡς
3284 1846 3370 1902 ὅτι
3427 1847 3565 1921 μετά
3622 1850 3847 1914 θάνατον
3903 1851 3965 1909 ἐκ

2305 1938 2511 2008 νεκρῶν
2567 1932 2801 1997 ἀναστὰς
2855 1935 2985 1997 Θεὸς
3042 1929 3153 2006 ἤδη
3211 1936 3358 2011 παρὰ
3413 1934 3652 2001 πολλοῖς
3689 1939 3826 1995 εἶναι
3867 1962 3962 1997 πι-

2303 2025 2567 2083 στεύεται.
2608 2020 2863 2101 Τιϐέριος
2911 2027 3025 2098 οὗν,
3084 2025 3168 2106 ἐφ’
3220 2026 3287 2083 οὗ
3344 2029 3409 2084 τὸ
3461 2033 3570 2086 τῶν
3627 2033 3963 2107 Χριστιανῶν

2304 2113 2477 2190 ὄνομα
2519 2115 2596 2178 εἰς
2645 2116 2736 2172 τὸν
2789 2114 2998 2191 κόσμον
3066 2114 3436 2189 εἷσελήλυθεν,
3507 2121 3694 2195 μαθὼν
3723 2128 3793 2198 τῇ
3826 2145 3958 2201 συγ-

2301 2203 2498 2278 κλήτῳ
2526 2203 2942 2276 ἀνεκοινώσατο,
2969 2201 3142 2271 δῆλος
3172 2203 3246 2261 ὢν
3270 2204 3472 2270 ἰκεῖνος
3500 2209 3578 2272 ὡς
3605 2214 3685 2284 τῷ
3715 2207 3955 2287 δόγματι

2303 2293 2608 2368 ἀρέσκοιτο.
2636 2296 2699 2351 Ἥ
2743 2291 2801 2350 δὲ
2857 2291 3189 2369 σύγκλητος,
3247 2293 3362 2351 ἐπεὶ
3420 2295 3521 2353 οὐκ
3574 2298 3709 2371 αὐτή
3742 2296 3958 2356 δεδοκι-

2308 2382 2488 2457 μάκει,
2545 2383 2822 2452 ἀπώσατο,
2861 2386 2932 2457 τῇ
2990 2380 3049 2439 δι
3097 2381 3352 2457 ἀληθείᾳ,
3403 2383 3487 2442 ὅτι
3549 2385 3691 2461 μηδέ
3744 2395 3846 2459 τῆς
3901 2388 3959 2461 ἐξ

2305 2470 2603 2548 ἀνθρώπων
2652 2470 2972 2549 ἐπικρίσεώς
3010 2493 3068 2528 τε
3120 2474 3207 2529 καὶ
3264 2474 3567 2539 συστάσεως
3617 2480 3652 2548 ἦ
3686 2481 3963 2555 σωτήριος

2303 2564 2402 2616 τοῦ
2431 2560 2579 2617 θείου
2607 2560 2962 2636 κηρύγματος
2993 2558 3165 2618 ἐδεῖτο
3205 2559 3546 2648 διδασκαλία.
3608 2568 3792 2624 Ταῦτά
3823 2590 3960 2648 φησι

2301 2649 2667 2725 Τερτυλιανός
2725 2653 2858 2724 (36).
2919 2650 3093 2714 Οὗτος
3140 2646 3452 2729 ὁΤίὁέριος
3506 2652 3731 2719 θάνατον
3785 2646 3951 2728 ἠπεί-

2304 2737 2442 2809 λησε
2465 2745 2585 2805 τοῖς
2615 2743 2953 2814 Χριστιανῶν
2979 2741 3330 2814 κατηγόροις.

2373 2831 2498 2888 Ὅτι
2553 2830 2608 2884 ἐν
2661 2834 2743 2902 τῷ
2786 2830 2850 2894 ιθ¹
2907 2823 3013 2885 ἔτει
3069 2824 3319 2907 Τιϐερίου
3379 2832 3629 2907 Ἰωάννης
3682 2838 3711 2893 ὁ
3752 2841 3958 2895 Βαπτι-

2302 2912 2434 2988 στής
2462 2918 2777 2998 ἀφαιρεῖται
2832 2919 2936 2989 τήν
2964 2916 3209 2992 κεφαλὴν
3242 2919 3346 2977 ὗπὸ
3375 2926 3473 2978 τοῦ
3525 2923 3646 2981 νέου
3703 2925 3957 3003 Ἡρώδου

2300 3006 2392 3063 καὶ
2436 3005 2783 3081 Κλεοπάτρας
2840 3002 2932 3061 διὰ
2976 3003 3311 3083 Ἡρωδιάδα,
3361 3010 3545 3075 καθὼς
3599 3002 3807 3089 ἱστορεὶ
3836 3016 3961 3073 Ἰώ-

2307 3115 2484 3166 σηπος
2507 3093 2558 3151 ἐν
2589 3099 2669 3167 τῷ
2703 3096 2774 3166 ιη’
2818 3101 2919 3165 τῆς
2950 3093 3401 3176 Ἀρχαιολογίας.
3434 3100 3601 3158 Ἔνθα
3642 3103 3734 3158 καὶ
3786 3103 3963 3163 πόλε-

2310 3187 2412 3258 μὸς
2464 3184 2673 3260 αἳρεται
2728 3184 2865 3259 πρὸς
2917 3184 3010 3241 τὸν
3067 3186 3282 3262 Ἀρέταν
3315 3232 3329 3259 ,
3415 3188 3493 3254 ὡς
3561 3190 3960 3267 ἀτιμασθείσης

2301 3273 2450 3348 αὐτῷ
2494 3280 2594 3345 τῆς
2631 3274 2910 3351 θυγατρός·
2946 3273 2999 3331 ἒν
3054 3277 3102 3350 ᾧ
3158 3275 3393 3354 πολέμῳ
3449 3280 3620 3337 πάντα
3675 3282 3808 3358 φησέ
3865 3287 3961 3341 τὸν

2297 3361 2549 3439 Ἡρώδου
2581 3364 2806 3439 στρατὸν
2839 3361 3198 3443 διαφθαρῆναι
3253 3364 3343 3424 διὰ
3396 3370 3489 3426 τὸν
3541 3371 3798 3428 Ἰωάννου
3854 3374 3955 3430 0i-

2297 3473 2455 3509 νατον
2463 3498 2474 3510 .

2370 3547 2495 3602 Ὅτι
2550 3542 2580 3598 ὁ
2631 3543 2834 3621 Κύριος
2890 3546 3052 3619 ἡμῶν
3109 3546 3317 3619 Ἰησοῦς
3390 3550 3628 3625 Χριστὸς
3666 3552 3803 3608 κατὰ
3855 3553 3956 3615 τὰς

2298 3632 2424 3708 περὶ
2452 3629 2619 3688 αὐτοῦ
2649 3634 2987 3709 προφητείας
3014 3633 3100 3690 ἐπὶ
3138 3635 3202 3692 τὸ
3248 3634 3420 3702 πάθος
3475 3639 3671 3714 προῄει
3701 3633 3857 3703 ἔτους
3888 3627 3954 3696 ω’

2298 3730 2400 3794 τῆς
2425 3718 2679 3797 Τιϐερίου
2708 3721 3013 3799 βασιλείας.
3074 3727 3202 3790 Καθ’
3257 3725 3316 3782 ὅν
3375 3728 3566 3804 καιρὸν
3623 3730 3712 3786 καὶ
3765 3729 3823 3786 ἐν
3849 3728 3958 3787 ἄλ-

2300 3809 2421 3875 λοις
2455 3812 2550 3886 μὶν
2575 3809 2930 3882 Ἑλληνικοῖς
2970 3812 3360 3888 ὑπομνήμασιν
3416 3813 3643 3892 εὕρομεν
3703 3816 3959 3894 ἱστοροῦ-

2303 3922 2436 3977 μενα
2462 3905 2629 3958 ταῦτα
2655 3901 2791 3958 κατά
2827 3898 2994 3973 λέξιν·
3043 3902 3284 3979 Ἐγένετο
3332 3902 3578 3983 ἔκλειψις
3627 3906 3798 3978 ἡλίου
3853 3930 3956 3981 με-

2299 3991 2463 4071 γίστη
2510 3995 2619 4047 τῶν
2651 3989 3009 4069 ἰγνωσμένων
3040 3992 3326 4069 πρότερον,
3380 3996 3471 4050 καὶ
3524 3996 3612 4070 νὺξ
3670 3995 3787 4069 ὣρᾳ
3812 3995 3949 4075 in;

2298 4088 2397 4151 τῆς
2423 4081 2636 4158 ἡμέρας
2675 4079 2879 4157 ἐγένετο
2909 4082 2985 4144 ὠς
3036 4081 3129 4137 καὶ
3187 4080 3410 4159 ἀστέρας
3469 4082 3522 4140 ἐν
3576 4085 3789 4162 οὖρανῷ
3844 4107 3949 4167 φα-

2296 4178 2472 4241 νῆναιο
2505 4170 2725 4243 σεισμός
2755 4189 2814 4227 τε
2855 4170 3022 4249 μέγας
3076 4173 3216 4228 κατὰ
3270 4172 3517 4229 Βιθυνίαν
3563 4169 3851 4252 γενόμενος
3879 4176 3952 4232 τὰ

2296 4258 2484 4316 πολλὰ
2536 4266 2640 4329 τῆς
2727 4259 2958 4325 Νικαίας
3010 4260 3427 4337 κατεστρέψατο.
3467 4266 3649 4320 Ταῦτα
3712 4260 3950 4343 Φλέγων

2297 4348 2452 4425 φησι.
2486 4347 2582 4402 Καὶ
2612 4346 2935 4423 Ἀφρικανὸς
2974 4344 3034 4404 δὲ
3094 4349 3304 4422 ἱστορεῖ
3329 4355 3447 4407 κατ’
3477 4350 3648 4423 αὖτήν
3674 4354 3773 4424 τήν
3804 4355 3956 4429 ἠμί-

2298 4456 2391 4514 ραν
2425 4439 2510 4511 [Ρ.
2544 4438 2669 4510 189]
2696 4440 2795 4493 τοῦ
2820 4437 3024 4503 πάθους
3056 4439 3249 4504 σκότος
3283 4442 3404 4496 καθ’
3432 4439 3569 4498 ὅλου
3596 4445 3694 4499 τοῦ
3736 4443 3955 4518 κόσμου

532 4541 672 4581 saxa
697 4524 954 4596 dirupta,
986 4523 1359 4596 multumque
1408 4530 1579 4581 terrm
1619 4531 2007 4598 prostratum.
2067 4530 2176 4585 Eas

2304 4522 2668 4606 ροϐερώτατον
2719 4523 2985 4603 γενέσθαι.
3041 4533 3264 4604 Σεισμῳ
3316 4550 3377 4586 τε
3430 4531 3486 4587 αἱ
3542 4532 3734 4609 πέτραι
3793 4529 3952 4611 διερ-

533 4613 807 4669 tenebras
850 4613 1034 4668 Judzei
1067 4613 1210 4669 solis
1257 4613 1554 4671 defectum
1609 4616 1887 4688 appellat,
1920 4616 2175 4675 absurde

532 4704 593 4760 id
633 4702 874 4775 quidem
931 4719 1064 4758 meo
1104 4702 1333 4774 judicio
1384 4709 1443 4759 et
1488 4710 1855 4778 repugnante
1914 4707 2177 4766 veritate.

532 4796 676 4852 Nam
708 4793 1034 4849 secundum
1062 4791 1219 4849 lunae
1250 4798 1478 4849 motum
1509 4794 1736 4850 Hebraei
1760 4795 1987 4851 Pascha
2016 4796 2182 4853 insti-

532 4892 728 4944 tuunt.
764 4887 955 4942 Pridie
1002 4890 1202 4942 autem
1232 4884 1530 4957 paschatis
1583 4885 1852 4941 Christus
1912 4886 1974 4941 in
2008 4904 2182 4946 cruce

530 4977 890 5050 supplicium
920 4992 1132 5048 passus
1163 4980 1269 5031 est.
1302 4975 1429 5030 Jam
1474 4973 1619 5029 solis
1647 4973 1911 5030 defectus
1961 4992 2082 5032 non
2115 4978 2182 5035 ﬁt

527 5066 644 5121 nisi
676 5082 811 5121 cum
842 5081 979 5120 eum
1010 5063 1151 5120 luna
1180 5063 1336 5119 subit
1362 5080 1375 5129 ;
1412 5078 1607 5133 neque
1638 5062 1792 5119 832
1819 5069 2012 5135 potest
2061 5066 2179 5122 nisi

524 5156 587 5211 in
619 5156 947 5224 novilunio,
978 5171 1111 5211 cum
1135 5152 1457 5210 luminaria
1477 5158 1714 5222 coeunt,
1738 5159 1841 5210 aut
1880 5156 2176 5228 proxime,

596 5253 644 5289 ’5
670 5255 837 5309 Joan.
872 5270 949 5321 x1,
982 5254 1072 5320 49,
1107 5255 1196 5307 51.

2285 4618 2576 4696 ῥήγνυντο,
2607 4616 2697 4672 καὶ
2740 4615 2927 4673 πολλά
2980 4624 3083 4687 τῆς
3140 4625 3245 4694 γῆς
3299 4619 3619 4699 κατεῤῥίφη.
3653 4625 3827 4680 Τοῦτο
3880 4621 3951 4679 τὸ

2289 4707 2481 4768 σκότος
2510 4699 2753 4779 ἔκλειψιν
2782 4703 2954 4777 ἡλίου
2983 4706 3036 4761 οἱ
3064 4703 3323 4764 Ἰουδαῖοι
3365 4707 3646 4781 καλοῦσίν,
3696 4710 3952 4789 ἀλόγως»

2290 4796 2363 4858 ὡς
2392 4793 2516 4868 ἐμοὶ
2545 4793 2636 4849 καὶ
2667 4797 2737 4868 τῇ
2767 4793 3023 4867 ξάληθείᾳ
3061 4791 3233 4851 δοκεῖ*
3289 4791 3536 4873 Ἑϐραῖοι
3591 4800 3698 4876 γὰρ
3752 4801 3953 4878 ἄγουσι

2287 4885 2351 4940 τὸ
2382 4885 2576 4960 Πάσχα
2602 4883 2739 4939 κατά
2769 4881 3024 4955 σελίνην,
3055 4884 3161 4960 πρὸ
3217 4880 3274 4941 δὶ
3302 4892 3404 4957 τῆς
3437 4891 3565 4961 μιᾶς
3601 4893 3700 4944 τοῦ
3749 4890 3955 4965 Πάσχα

2287 4974 2352 5030 τά
2390 4975 2513 5047 περὶ
2541 4973 2637 5029 τὸν
2671 4974 2902 5047 Σωτῆρα
2932 4967 3154 5045 συνέϐη,
3205 4967 3451 5050 ἔκλειψις
3506 4975 3564 5033 δὲ
3620 4975 3789 5049 ἡλίου
3844 4986 3953 5049 τῆς

2289 5062 2527 5135 σελήνης
2586 5061 2748 5118 αὐτὸν
2817 5061 3161 5132 ὑπελθούσης
3216 5061 3444 5138 γίνεται,
3502 5063 3760 5124 ἀδύνατον
3803 5065 3862 5124 δὲ
3893 5067 3953 5124 ἒν

2286 5152 2448 5226 ἄλλῳ
2477 5151 2667 5228 χρόνῳ
2692 5148 2838 5221 πλὴν
2885 5149 2937 5206 ἐν
2969 5155 3048 5224 τῷ
3079 5151 3277 5226 μεταξὺ
3333 5154 3634 5230 νουμηνίας
3688 5156 3782 5213 καὶ
3837 5164 3948 5228 τῆς

1720 5341 2084 5402 XYLANDRI
2121 5345 2209 5401 ΕΤ
2244 5343 2476 5403 GOARI
2514 5342 2740 5398 NOTAE.

594 5458 706 5533 (36‘)
738 5457 921 5513 Locus
939 5461 1277 5533 exstatnon
1302 5455 1386 5513 ita
1414 5455 1624 5533 procul
1653 5457 1726 5513 ab
1758 5457 1929 5533 initio
1958 5460 2169 5533 Apolo-

526 5528 786 5602 getici,et
804 5528 960 5600 apud
972 5527 1184 5602 Euseb.
1204 5529 1347 5602 Hist.
1367 5527 1432 5597 Ii,
1446 5529 1644 5602 Graece
1656 5531 1998 5602 exponitur,
2012 5527 2173 5590 unde

527 5597 758 5656 videtur
786 5597 1089 5656 mutuatus
1117 5597 1439 5656 Cedrenus.
1479 5597 1942 5675 Cmterum'inde
1984 5597 2173 5664 etiam

2283 5463 2514 5519 constat
2538 5457 2857 5537 legendum
2881 5458 3101 5537 fuisse
3150 5455 3376 5537 ἀετὸν
3405 5460 3614 5536 κόσμον
3644 5459 3955 5537 εἰσελήλυ-

2283 5542 2393 5603 θεν,
2428 5529 2635 5609 μαθὼν.
2684 5531 2825 5609 P_ost
2881 5530 3168 5609 Herodias
3199 5529 3523 5609 Cleopatra
3570 5529 3949 5609 nominatur,

2282 5620 2403 5662 non
2423 5602 2545 5662 scio
2566 5616 2644 5660 an
2673 5602 2899 5677 absque
2929 5602 3169 5663 menda.
3199 5602 3369 5663 Χηῖ
3848 5648 3857 5659 .
