4186 6190
224 396 343 461 369

1375 397 1922 463 HISTORIARUM
1967 394 2523 462 COMPENDIUM.

3516 398 3636 462 370

218 533 327 609 πρὸ
347 531 520 603 αὖτῆς
573 532 715 590 κατὰ
767 534 871 605 τὴν
925 533 1148 592 σόνοδον
1197 536 1370 608 αὐτὴν
1425 530 1723 607 ἀποϐῆναι·
1755 537 1862 597 πῶς

1984 532 2241 590 evenire.
2291 531 2597 599 Quomodo
2648 532 2828 607 igitur
2873 533 3001 590 istm
3056 531 3317 591 tenebrae
3368 533 3633 593 defectus

218 624 325 680 οὗν
353 616 609 698 ἔκλειψις
635 624 924 699 νομισθείη
955 625 1090 682 κατᾶ
1117 623 1408 703 διάμετρον
1468 623 1665 702 σχεδὸν
1714 625 1883 700 ὑπαρ-

223 713 441 793 χοῦσης
469 720 572 785 τῆς
602 712 839 786 σελήνης
866 713 1016 789 ἡλίῳ
1048 734 1064 786 ;
1089 716 1272 774 Ἔστω
1302 713 1362 772 δὶ
1390 713 1729 791 συναρμόζον
1748 713 1883 770 πολ-

228 801 354 865 λοῖς
390 802 457 858 τὸ
485 805 872 879 γεγενημένον,
905 805 994 860 καὶ
1053 806 1321 879 κοσμικόν
1378 805 1538 881 τὲρας
1595 801 1761 874 ἡλίου
1788 800 1881 860 ἔκ-

228 887 413 964 λειψις
461 888 796 945 ὑπονοείσθω
825 884 887 946 ἔκ
911 911 972 968 γε
1020 898 1122 963 τῆς
1181 891 1318 948 κατὰ
1343 894 1444 964 τήν
1476 891 1600 967 ὄψιν
1640 889 1877 963 πλάνης.

220 977 319 1041 Τίς
350 975 476 1049 δὶὴ
533 980 790 1037 κοινωνία
832 985 1042 1056 σεισμῷ
1097 981 1189 1039 καὶ
1243 980 1487 1058 ὶκλείψει
1542 981 1765 1060 πέτραις
1820 1002 1880 1037 τε

219 1068 596 1145 ῥηγνυμέναις
649 1070 741 1126 καὶ
770 1069 1054 1127 ἀναστάσει
1108 1076 1337 1148 νεκρῶν,
1386 1072 1621 1144 τοσαύτη
1678 1092 1739 1129 τε
1792 1072 1876 1127 κί-

216 1180 380 1231 νησις
404 1162 650 1235 κοσμική
688 1179 704 1231 ;
738 1161 829 1219 Ἐν
861 1165 992 1238 γοῦν
1021 1166 1101 1234 τῷ
1143 1166 1337 1239 μακρῷ
1388 1164 1576 1239 χρόνῳ
1628 1164 1879 1219 τοιοῦτόν

219 1268 275 1305 τι
306 1244 523 1323 συμϐὰν
549 1249 614 1305 οὐ
647 1249 923 1325 μέμνηταί
950 1270 1056 1314 τις.
1091 1249 1250 1310 Ἀλλ’
1275 1253 1341 1322 ἦν
1391 1250 1586 1315 σκότος
1617 1252 1878 1325 θεοποίη-

212 1358 332 1407 τον,
367 1335 511 1394 διότι
534 1336 669 1414 τῇδε
694 1342 765 1413 τῇ
795 1338 981 1416 ἡμὲρᾳ
1006 1340 1098 1396 τὸν
1156 1340 1361 1418 Κύριον
1408 1336 1603 1414 συνέϐη
1662 1344 1876 1413 παθεῖν,

210 1427 320 1485 Καὶ
353 1428 383 1483 ὁ
412 1425 584 1504 λόγος
608 1426 1002 1501 ἀληθέστατος,
1060 1431 1151 1485 καί
1200 1431 1230 1487 ὁ
1286 1431 1491 1507 χρόνος
1539 1435 1638 1488 τοῦ
1702 1453 1877 1503 σωτη·

214 1518 337 1593 ρίου
395 1518 604 1584 πάθους
656 1517 804 1592 παρᾶ
851 1518 1147 1593 Ῥωμαίοις
1207 1517 1423 1596 μᾶλλον
1483 1521 1870 1595 σεσημείωται·

220 1606 276 1663 ἰν
303 1608 412 1684 γὰρ
463 1611 531 1682 τῇ
588 1607 816 1682 Γεμίνου
869 1609 1096 1682 ὑπατείᾳ
1149 1610 1472 1667 πεπονθέναι
1529 1610 1690 1668 αὐτὸν
1744 1610 1874 1683 ἐση-

223 1696 555 1771 μειώσαντο,
584 1697 704 1768 ἥτις
728 1697 947 1777 γέγονεν
975 1696 1029 1755 ἑν
1057 1704 1138 1773 τῷ
1163 1700 1211 1755 α’
1265 1706 1367 1770 τῆς
1416 1701 1505 1776 σβ⁹
1563 1698 1877 1775 Ὀλυμπιά-

218 1783 335 1850 δος.
369 1788 687 1861 Τεκμήριον
715 1784 765 1842 δ’
800 1785 862 1843 ἃν
893 1788 1108 1863 γίνοίτο
1138 1792 1234 1845 τοῦ
1279 1789 1416 1846 κατᾶ
1467 1786 1595 1847 τόδε
1651 1792 1711 1846 τὸ
1753 1788 1872 1855 ἔτος

1990 619 2130 677 solis
2158 621 2401 691 fuerint,
2427 639 2567 678 cum
2600 640 2668 678 eo
2699 628 2964 697 tempore
2995 623 3139 679 luna
3158 641 3308 696 pene
3342 642 3373 679 e
3394 626 3634 699 regione

1987 709 2099 766 soli
2131 712 2401 784 opposita
2420 710 2645 767 fuerit?
2676 711 2787 768 Sed
2818 718 2942 769 esto
2974 717 3172 769 tamen
3196 714 3257 768 id
3285 714 3443 785 quod
3476 715 3632 770 mul-

1987 799 2065 855 tis
2093 800 2408 872 probatum
2454 800 2605 869 fuit;
2638 817 3016 876 erroremque
3059 802 3218 859 visus
3249 804 3436 859 secuti
3467 808 3638 860 tene-

1986 887 2124 945 bras
2164 890 2267 945 toti
2289 890 2514 947 mundo
2541 890 2793 965 injectas
2822 891 3121 948 defectum
3165 892 3306 948 solis
3335 899 3632 965 putemus.

1987 977 2140 1043 Quid
2165 979 2405 1036 interim
2419 980 2505 1036 rei
2527 984 2619 1036 est
2639 978 2893 1036 defectui
2915 981 3058 1037 solis
3080 997 3213 1036 cum
3245 986 3416 1037 terra:
3445 987 3631 1052 motu,

1988 1084 2265 1125 saxorum
2296 1070 2561 1137 ﬁssione,
2594 1075 2965 1126 mortuorum
3004 1071 3066 1127 in
3113 1072 3288 1127 vitam
3320 1072 3536 1142 reditu,
3566 1089 3634 1131 ac

1987 1162 2152 1215 tanta
2180 1160 2388 1216 mundi
2422 1162 2822 1217 commotione
2841 1162 2870 1217 ?
2899 1161 3066 1217 Certe
3096 1178 3273 1217 nemo
3316 1162 3631 1234 quisquam

1987 1247 2104 1304 tale
2134 1248 2363 1321 aliquid
2394 1254 2556 1306 tanto
2590 1250 2874 1323 temporis
2903 1250 3155 1306 decursu
3186 1251 3448 1307 evenisse
3480 1269 3634 1307 com.

1986 1338 2357 1394 memoravit.
2383 1339 2692 1395 Enimvero
2714 1339 2975 1395 tenebrae
2997 1345 3168 1395 erant
3195 1356 3230 1394 a
3251 1341 3367 1395 Deo
3399 1347 3633 1412 creatas,

1986 1426 2144 1498 quod
2174 1443 2247 1484 ea
2294 1428 2389 1484 die
2418 1428 2706 1485 Dominus
2755 1434 3108 1485 moreretur.
3151 1429 3284 1485 Haec
3316 1434 3406 1484 est
3448 1431 3630 1486 veris-

1987 1517 2138 1573 sima
2166 1517 2337 1573 ratio.
2373 1518 2645 1575 Exactius
2678 1518 2857 1574 etiam
2888 1525 3122 1591 tempus
3154 1518 3432 1575 salutaris
3461 1520 3633 1575 istius

1987 1604 2261 1679 supplicii
2291 1622 2327 1663 a
2355 1607 2638 1664 Romanis
2668 1614 2757 1663 est
2776 1612 3149 1677 annotatum,
3175 1607 3441 1664 evenisse
3461 1608 3633 1664 nimi-

1983 1714 2118 1754 rum
2149 1698 2393 1756 Gemino
2423 1699 2692 1756 consule.
2723 1700 2858 1755 Fuit
2878 1700 2992 1755 hoc
3028 1700 3220 1771 primo
3247 1715 3404 1755 anno
3427 1700 3627 1771 Olym-

1982 1786 2176 1860 piadis
2204 1787 2630 1845 ducentesima)
2663 1787 2959 1844 secundae.
2991 1791 3183 1859 Atque
3199 1794 3545 1861 argumento
3572 1789 3623 1844 ei

212 1875 537 1937 πεπονθέναι
566 1875 660 1933 τὸν
690 1883 924 1956 Σωτῆρα
951 1880 1114 1953 ἡμῶν
1178 1881 1214 1950 ἡ
1269 1883 1373 1937 τοῦ
1423 1880 1559 1937 κατὰ
1616 1882 1862 1953 Ἰωάννην

1975 1876 2063 1932 rei
2123 1881 2213 1933 est
2267 1877 2447 1933 etiam
2505 1876 2915 1933 testimonium
2962 1876 3260 1950 Evangelii
3318 1893 3355 1932 a
3398 1877 3624 1933 Joanne

214 1968 325 2041 (37)
356 1964 699 2045 Εὖαγγελίου
732 1967 1022 2042 μαρτυρία,
1052 1969 1177 2038 ἤτις
1211 1968 1345 2043 μετᾶ
1399 1970 1461 2025 τὸ
1521 1971 1580 2026 ιε’
1625 1965 1744 2036 ἔτος
1776 1975 1870 2031 Τι-

213 2049 405 2129 ϐερίου
434 2060 622 2130 τριετῆ
652 2054 862 2131 χρόνον
890 2057 992 2126 τῆς
1021 2052 1373 2120 διδασκαλίας
1404 2056 1570 2114 αὐτοῦ
1624 2054 1867 2136 διαγενέ-

212 2155 335 2209 σθαι
374 2149 655 2220 μαρτυρεῖ.

283 2231 610 2307 Ὅτιὶντῷ
668 2230 752 2309 λγ⁹
806 2227 914 2290 ἔτει
970 2230 1221 2310 Ἡρώδου
1278 2236 1548 2312 Κυρήνιος
1605 2235 1709 2293 ὑπὸ
1764 2240 1866 2304 τῆς

212 2320 533 2399 συγκλήτου
576 2320 788 2399 βουλῆς
835 2321 1244 2397 ἀπεσταλμένος
1306 2323 1387 2389 εἲς
1442 2328 1545 2397 τήν
1598 2323 1865 2383 Ἰουδαίαν

208 2411 534 2490 ἀπογραφάς
564 2411 864 2484 ἐποιήσατο
891 2416 998 2469 τῶν
1032 2411 1228 2471 οὐσιῶν
1255 2415 1345 2471 καὶ
1394 2419 1503 2487 τῶν
1537 2414 1861 2491 ο’κητόρων.

210 2503 303 2563 Ἐν
330 2506 414 2575 τῷ
441 2502 591 2576 αὗτῷ
620 2498 680 2559 δὶ
706 2499 819 2559 ἔτει
845 2503 1057 2574 Ἰησοῦς
1086 2503 1326 2578 Χριστὸς
1353 2504 1381 2560 ὁ
1430 2505 1559 2569 Θεὸς
1615 2505 1777 2578 ἡμῶν
1808 2503 1863 2561 ἰν

206 2585 472 2662 Βηθλεὲμ
496 2593 596 2658 τῆς
623 2583 888 2650 Ἰουδαίας
918 2592 1185 2666 γεννᾶται.

275 2677 457 2750 Ὁμοῦ
512 2676 795 2753 συνάγεται
850 2676 958 2732 ἀπὸ
1013 2671 1267 2753 Ἀϐραὰμ
1322 2675 1412 2734 ἐπὶ
1463 2679 1566 2750 τήν
1623 2681 1861 2756 Χριστοῦ

202 2766 460 2841 γέννησιν
491 2762 583 2835 ἔτη
616 2767 764 2842 ,βρεῖ

271 2856 404 2912 ’Ότι
434 2851 689 2930 Ἡρώδης
716 2853 930 2931 ὕδρωπι
964 2852 1125 2930 δεινῷ
1165 2857 1401 2922 πιεσθεὶς
1447 2857 1741 2927 ,σκώληκάς
1795 2881 1855 2918 τε
1928 2886 1933 2891 ·

205 2935 480 3016 ἐκϐιβάσας
511 2941 618 2997 ἀπὸ
645 2946 745 2997 τοῦ
775 2940 1029 3017 σώματος
1058 2945 1416 3023 καταστρέφει
1441 2944 1534 3000 τὸν
1572 2945 1714 3022 βίον.
1746 2946 1860 3005 Αὕ-

201 3050 433 3108 τουστος
463 3026 523 3086 δὲ
554 3031 690 3105 μετᾶ
720 3030 951 3088 θάνατον
981 3029 1231 3105 Ἡρώδου
1286 3032 1576 3109 Αρχὲλαον
1641 3036 1734 3110 μὲν
1766 3037 1860 3093 τὸν

201 3120 319 3176 υἱὸν
369 3116 628 3195 Ἡρώδου
688 3117 966 3177 Ἰουδαίων
1025 3119 1296 3202 ἐθνάρχην
1353 3126 1671 3196 κατέστησε,
1729 3124 1858 3189 δοὺς

199 3208 351 3284 αὐτῷ
380 3210 449 3265 τὰ
478 3208 602 3285 περὶ
653 3209 1013 3286 Ἰεροσόλυμα
1084 3210 1230 3287 ὅρια,
1286 3212 1376 3269 καὶ
1435 3213 1733 3291 Σαμαρέων
1786 3217 1851 3272 τὸ

194 3293 371 3369 ἔθνος,
407 3298 502 3355 καὶ
562 3294 841 3370 Σεϐαστὴν
899 3300 992 3357 καὶ
1052 3298 1394 3378 Καισάρειαν,
1450 3304 1542 3359 καί
1600 3303 1849 3377 Ἰόππην,

186 3388 278 3443 καὶ
315 3385 737 3464 Ἀντιπατρίδα,
766 3389 857 3445 καὶ
884 3387 1084 3462 Κύδαν,
1114 3390 1206 3447 καὶ
1237 3392 1300 3448 τὸ
1329 3389 1536 3449 πεδίονο
1588 3391 1858 3467 Φιλίππῳ

195 3475 352 3535 δὲτὰ
378 3475 509 3553 περὶ
558 3479 661 3549 τήν
721 3481 813 3533 νῦν
868 3476 1138 3548 Πανεάδα,
1203 3479 1296 3536 καὶ
1392 3481 1710 3553 Βαταναίαν,
1765 3486 1858 3540 καὶ

192 3568 497 3643 Τράχωνα,
531 3565 623 3622 καὶ
645 3567 748 3636 τὴν
778 3562 1190 3641 Ἀκραϐατίνην,
1249 3570 1337 3625 καὶ
1391 3568 1734 3640 Γαυλανῖτιν,
1766 3572 1857 3628 καὶ

196 3655 440 3722 Γάλαθα,
472 3649 599 3711 ἔνθα
626 3655 694 3725 ἦν
725 3653 957 3728 Γαμάλα
985 3656 1096 3713 πόλ
1108 3676 1175 3720 ις’
1205 3655 1426 3734 Ἡρώδῃ
1486 3656 1545 3716 δὲ
1597 3661 1697 3729 τήν
1750 3667 1857 3717 Γα-

202 3741 451 3813 λιλαίαν,
479 3745 571 3800 καὶ
605 3743 670 3800 τὸ
702 3743 805 3800 ὑπὸ
827 3746 931 3815 τήν
964 3747 1174 3823 Πάρναν
1225 3744 1432 3819 πεδίον,
1489 3748 1581 3805 καὶ
1637 3745 1856 3826 Νάρϐα-

205 3834 320 3901 θον,
348 3833 442 3889 οιαὶ
472 3834 576 3903 τήν
633 3834 885 3909 Περαίαν.
944 3836 1121 3899 Οὗτος
1173 3830 1350 3893 ἔκτισε
1403 3833 1719 3914 Τιϐεριάδα’
1776 3845 1857 3914 τῷ

199 3920 258 3979 δὶ
284 3923 534 3995 Λυσανίᾳ
560 3923 663 3992 τήν
692 3920 1003 3997 Ἰδουμαίαν
1032 3924 1122 3981 καὶ
1166 3927 1428 3999 Ζιφηνήν,
1494 3926 1586 3983 καὶ
1614 3927 1682 3984 τὰ
1734 3928 1860 3985 ταύ-

196 4031 297 4083 της
329 4012 539 4089 χωρία,
570 4013 663 4068 καὶ
689 4006 1011 4085 Ἀϐιληνήν.

268 4100 524 4156 Γίνονται
555 4102 644 4175 [Ρ.
679 4103 804 4177 190]
834 4102 929 4157 οὗν
978 4102 1087 4159 ἀπὸ
1121 4099 1301 4177 Ἀδὰμ
1325 4098 1431 4167 ἕως
1459 4108 1558 4161 τοῦ
1586 4102 1855 4161 κατακλυ·

200 4187 344 4263 σμοῦ
376 4184 475 4261 ἔτη
509 4187 763 4266 δισχίλια
797 4191 950 4267 σμβ’,
1004 4191 1095 4247 καὶ
1150 4192 1257 4248 ἀπὸ
1313 4197 1412 4249 τοῦ
1466 4192 1857 4268 κατακλυσμοῦ

198 4277 307 4342 ἓως
337 4282 441 4336 τοῦ
471 4278 663 4336 Φάλεκ
688 4281 779 4336 καὶ
817 4287 920 4351 τῆς
955 4282 1322 4356 πυργοποιίας
1351 4275 1446 4354 ἔτη
1472 4282 1621 4358 φλη“,
1644 4284 1732 4340 καὶ
1748 4283 1856 4340 ἀπὸ

198 4372 297 4424 τοῦ
327 4366 519 4424 Φάλεκ
546 4368 767 4439 καὶτῆς
804 4369 1173 4445 πυργοποιίας
1227 4367 1333 4433 ἕως
1380 4369 1547 4442 ἦλθεν
1604 4367 1858 4447 Ἀϐραὰμ

196 4456 277 4521 εἷς
307 4464 419 4535 γῆν
447 4458 661 4515 Χαναὰν
692 4453 785 4529 ἔτη
817 4466 950 4539 χις’,
982 4458 1074 4515 καὶ
1127 4459 1236 4516 ἀπὸ
1292 4455 1583 4537 Ἀϐρραᾶμ
1622 4460 1726 4525 ἓως
1753 4469 1854 4534 τῆς

1975 1966 2321 2039 conscripti,
2353 1965 2513 2038 quod
2542 1966 2829 2039 scriptum
2860 1970 2994 2039 post
3017 1965 3315 2023 decimum
3348 1966 3621 2037 quintum

1972 2055 2188 2113 Tiberii
2216 2071 2441 2112 annum
2499 2054 2768 2113 docendo
2810 2055 3135 2112 triennium
3178 2055 3620 2128 consumpsisse

1972 2144 2266 2218 perhibet.

2042 2235 2216 2290 Anno
2248 2232 2495 2290 Herodis
2528 2234 2828 2291 tricesimo
2857 2234 3029 2289 tertio
3050 2232 3338 2306 Cyrenius
3358 2250 3393 2303 a
3412 2238 3622 2291 senatu

1971 2321 2034 2378 in
2081 2322 2347 2378 Judazam
2379 2322 2597 2379 missus
2652 2322 2880 2379 incolas
2912 2327 2971 2378 et
3020 2321 3330 2379 iacultates
3368 2323 3620 2381 censuit.

1971 2410 2193 2469 Eodem
2224 2427 2381 2468 anno
2429 2411 2698 2468 Christus
2740 2410 3096 2469 Bethleemee
3146 2411 3430 2481 nascitur,
3476 2411 3621 2468 urbe

1967 2500 2210 2557 Iudicas.

2038 2678 2124 2734 Ab
2150 2677 2487 2736 Abrahamo
2542 2693 2734 2752 usque
2787 2676 2862 2734 ad
2918 2676 3135 2734 Christi
3190 2676 3420 2735 natales
3475 2677 3616 2734 anni

1977 2776 2116 2828 sunt
2141 2772 2302 2826 2105.
3199 2841 3205 2845 ἓ

2040 2860 2301 2917 Herodes
2328 2859 2594 2932 hydrope
2623 2858 2959 2915 vehementi
2987 2857 3381 2929 excruciatus,
3407 2858 3617 2914 vermi-

1966 2951 2078 3007 bus
2105 2950 2180 3009 de
2209 2965 2457 3021 corpore
2491 2948 2678 3022 ipsius
2700 2948 2854 3004 833
2905 2947 3385 3015 scaturientibus,
3437 2948 3617 3004 vitam

1967 3057 2102 3099 cum
2150 3045 2342 3096 morte
2394 3037 2796 3095 commutavit.
2847 3038 2989 3109 Ejus
3038 3037 3227 3093 lilium
3256 3037 3615 3095 Archelaum

1964 3132 2261 3203 Augustus
2289 3127 2505 3185 Judaaaa
2536 3127 2697 3199 genti
2737 3126 3097 3199 praeposuit;
3139 3126 3313 3197 eique
3349 3126 3618 3184 attribuit

1962 3223 2247 3276 montana
2273 3217 2499 3274 circum
2528 3215 2956 3287 Hierosolyma,
3000 3215 3431 3271 Samaritanam
3471 3231 3616 3288 gen-

1966 3314 2112 3373 tem,
2143 3306 2449 3363 Sebastam
2479 3304 2829 3372 Caesaream,
2859 3304 3108 3376 Joppen,
3155 3303 3613 3376 Antipatridem,

1968 3397 2186 3469 Lydum
2217 3400 2277 3452 et
2304 3393 2679 3467 campestria.
2711 3393 2985 3466 Philippo
3008 3392 3142 3449 loca
3179 3392 3434 3448 Pancadi
3456 3409 3616 3450 nunc

1965 3491 2183 3543 vocate
2210 3485 2481 3554 ﬁnitima,
2516 3485 2854 3547 Bataneam,
2889 3483 3274 3550 Trachonem,
3307 3481 3614 3539 Acrabati-

1965 3591 2102 3633 nam
2114 3573 2570 3645 ,Gaulonitidem
2585 3589 2653 3629 ac
2668 3571 3039 3643 Galatha,uhi
3051 3578 3177 3628 erat
3192 3570 3334 3628 urbs
3351 3573 3612 3629 Gamala.

1966 3664 2182 3721 Herodi
2213 3663 2517 3721 Galilaeam
2547 3668 2606 3717 et
2642 3662 2951 3734 planitiem
3004 3664 3213 3718 Parnm
3261 3656 3613 3735 subjectum,

1966 3752 2352 3821 Narbathum,
2413 3754 2699 3807 Peraeam.
2767 3753 2824 3807 Is
2893 3750 3263 3807 Tiberiadem
3322 3751 3609 3806 condidit.

1966 3842 2231 3915 Lysaniaa
2259 3839 2604 3909 ldumaeam,
2655 3839 2977 3912 Ziphenem
3025 3844 3084 3893 et
3111 3855 3244 3911 quea
3294 3839 3423 3910 ejus
3473 3843 3611 3894 sunt

1966 3931 2232 4002 ditionis,
2261 3935 2441 4002 atque
2466 3928 2797 3986 Abilenam.

2033 4110 2121 4166 Ab
2151 4108 2376 4166 Adamo
2396 4124 2587 4181 usque
2608 4108 2682 4165 ad
2722 4106 3009 4164 diluvium
3034 4111 3174 4165 sunt
3192 4107 3333 4164 anni
3363 4108 3608 4164 omnino

1963 4201 2144 4268 2242;
2175 4197 2313 4255 inde
2345 4214 2531 4271 usque
2584 4196 2658 4254 ad
2684 4197 3001 4254 Phalecum
3043 4203 3102 4254 et
3130 4197 3311 4253 turris
3348 4196 3609 4254 aediﬁca-

1963 4288 2189 4346 tionem
2220 4288 2359 4346 anni
2391 4289 2516 4355 538,
2548 4288 2690 4344 hinc
2720 4303 2907 4359 usque
2929 4285 3004 4342 ad
3031 4286 3352 4343 Abrahami
3381 4286 3443 4343 in
3464 4288 3609 4344 Cha-

1962 4377 2274 4435 nanaicam
2310 4383 2526 4433 terram
2558 4376 2874 4432 adventum
2905 4376 3029 4444 616,
3057 4375 3130 4432 ab
3160 4376 3273 4432 hoc
3317 4392 3506 4447 usque
3533 4377 3607 4432 ad

1962 4470 2217 4522 mortem
2246 4465 2439 4520 losum
2466 4462 2640 4518 Navis
2661 4462 2767 4518 filii
2800 4463 2926 4528 526,
2947 4479 3124 4534 porro
3143 4479 3329 4535 usque
3360 4462 3433 4518 ad
3455 4468 3604 4518 tem-

190 4553 459 4617 τελευτῆς
490 4549 677 4618 Ἰησοῦ
706 4547 826 4603 υἱοῦ
855 4548 1010 4620 Ναυῆ
1040 4542 1135 4622 ἔτη
1163 4554 1304 4629 φκς⁹,
1335 4551 1425 4605 καὶ
1460 4550 1567 4607 ἀπὸ
1620 4558 1724 4622 τῆς
1753 4572 1851 4608 τε-

1975 4571 2073 4626 pus
2102 4570 2219 4625 quo
2247 4552 2558 4609 Iudaicum
2590 4568 2837 4625 regnum
2883 4552 3136 4608 Davidus
3182 4554 3433 4623 accepit,
3464 4554 3607 4609 anni

194 4638 403 4709 λευτῆς
460 4638 644 4707 Ἰησοῦ
697 4634 804 4700 ἶως
860 4634 1137 4714 παρέλαϐε
1176 4624 1361 4696 ⁷Δαῦἱδ
1416 4641 1514 4709 τὴν
1573 4640 1848 4717 βασιλείαν

1975 4624 2083 4713 i80,
2116 4624 2257 4698 hinc
2283 4658 2472 4713 usque
2502 4640 2577 4696 ad
2626 4624 2934 4697 Sedeciam
2981 4641 3279 4697 Jechonim
3330 4641 3517 4697 tilium
3550 4647 3611 4697 et

189 4732 294 4796 τῆς
322 4721 602 4787 Ἰουδαίας
627 4720 721 4798 ἔτη
780 4733 886 4796 υπ¹,
943 4726 1033 4782 καὶ
1090 4727 1196 4784 ἀπὸ
1254 4722 1423 4784 Δαὸὶδ
1458 4725 1566 4792 ἓως
1596 4726 1849 4787 Σεδεκίου

192 4817 321 4873 υὶυῦ
351 4816 623 4898 Ἰεχονίου
650 4817 740 4873 καὶ
769 4823 870 4888 τῆς
900 4815 960 4873 ἐκ
990 4811 1170 4874 Βαόυλ
1183 4821 1322 4882 ῶνος
1384 4818 1723 4893 μετοικεσίας
1754 4817 1847 4893 ἔτη

187 4912 324 4983 υμη’
362 4904 457 4962 καὶ
518 4906 624 4963 ἀπὸ
680 4912 782 4979 τῆς
840 4905 1179 4981 μετοικεσίας
1233 4904 1338 4972 ῐως
1397 4903 1732 4984 Ζοροϐάϐελ,
1759 4907 1847 4966 ἰπὶ

1959 4731 2238 4788 exsilium
2289 4730 2714 4804 Babylonicum
2763 4730 2907 4785 anni
2935 4732 3063 4795 448,
3115 4730 3252 4785 inde
3296 4746 3486 4801 usque
3530 4731 3605 4785 ad

1928 4869 1934 4875 .
1958 4820 2378 4878 Zorobabelem
2399 4838 2466 4878 ac
2498 4821 2756 4893 primum
2782 4837 3005 4877 annum
3026 4821 3157 4894 Cyri
3189 4822 3250 4876 in
3280 4822 3490 4876 Persas
3510 4836 3604 4875 re-

1958 4912 2057 4986 gni
2086 4912 2231 4969 anni
2259 4911 2351 4980 70,
2385 4910 2645 4982 denique
2674 4926 2708 4967 a
2731 4908 2925 4983 primo
2956 4926 3115 4967 anno
3145 4910 3278 4982 Cyri
3310 4925 3497 4981 usque
3528 4907 3604 4965 ad

1400 5063 1763 5120 XYLANDRI
1800 5063 1889 5120 ET
1930 5063 2147 5121 GOARI
2187 5064 2409 5120 NOTAE.

260 5214 384 5283 (37)
415 5212 735 5283 Perspicue
765 5213 1006 5270 falsum.
1040 5214 1208 5271 Luem
1239 5230 1301 5271 in
1332 5215 1556 5272 mentio
1596 5215 1662 5272 ﬁt
1699 5217 1842 5273 anni

194 5282 542 5340 “Tiberii.
562 5282 917 5341 Triennium
948 5286 1248 5343 Christum
1274 5286 1549 5344 docuisse
1602 5304 1722 5344 non
1754 5293 1845 5345 est

193 5354 652 5428 sacris_Litteris
681 5360 1074 5428 expressum:
1105 5375 1245 5414 nam
1275 5359 1325 5415 si
1367 5365 1545 5425 esset,
1577 5374 1648 5415 ea
1674 5359 1747 5415 de
1780 5376 1845 5416 re

189 5442 313 5483 non
344 5426 1012 5500 disputassent‘Patt-es.
1044 5428 1318 5500 Clemens
1347 5429 1781 5487 Alexandrinus
1800 5437 1845 5485 α⁸

188 5498 503 5571 στρωματη
535 5498 797 5571 affirmat
824 5499 1066 5556 unicum
1091 5498 1316 5559 annum
1346 5518 1382 5560 a
1410 5502 1641 5559 Christo
1662 5503 1844 5559 fuisse

186 5568 576 5645 Evangelium
598 5569 981 5645 pradicatum
1005 5587 1227 5645 :eoque
1252 5573 1590 5630 vaticinium
1605 5573 1847 5631 adducit

189 5640 263 5715 de
293 5640 457 5715 anno
496 5640 721 5715 gratim,
753 5643 912 5715 quod
968 5660 1040 5700 ex
1097 5640 1261 5701 Isaias
1318 5662 1349 5701 c
1401 5662 1493 5700 LXI
1538 5645 1841 5701 recitatur.

192 5713 275 5769 De
299 5712 526 5773 Judaei
556 5712 619 5771 in
640 5712 797 5773 ﬁlios
826 5715 1072 5773 Herodis
1092 5716 1508 5774 distributione
1538 5717 1668 5774 vide
1679 5718 1845 5774 Jose-

1952 5216 2137 5289 phum
2169 5216 2279 5289 sub
2327 5216 2549 5272 exitum
2594 5214 2635 5271 l.
2664 5230 2986 5289 ινιτ-ηοω
3034 5229 3165 5284 quas
3212 5212 3605 5289 geographica

1954 5283 2113 5360 sunt.
2146 5286 2284 5344 alibi
2314 5303 2699 5360 exponemus.
2727 5286 2839 5343 Sed
2870 5290 2929 5341 et
2957 5283 3251 5360 annorum
3275 5283 3603 5360 abndamo

1953 5359 2031 5415 ad
2057 5356 2729 5437 Christumpsupputatio
2762 5375 2892 5430 quae
2918 5356 3187 5437 sequitur
3216 5374 3274 5428 p,
3297 5357 3409 5437 .3333
3451 5374 3500 5437 γ.
3534 5359 3603 5437 29

1953 5429 2243 5500 mendosa
2298 5435 2406 5500 est,
2461 5426 2526 5486 et
2574 5430 2685 5486 sibi
2738 5426 2859 5485 non
2915 5426 3310 5500 congruitfsi
3372 5426 3601 5481 ἀπὸτοῦ

1957 5500 2033 5574 μά
2060 5494 2212 5561 ἔτους
2243 5499 2423 5575 Κόρου
2478 5501 2658 5574 legas.
2693 5506 2765 5575 Et
2819 5494 3061 5573 quidem
3122 5504 3207 5575 tot
3258 5515 3448 5557 annos
3494 5500 3602 5573 Cy-

1952 5571 2084 5701 rusX
2084 5571 2337 5645 regnum
2365 5588 2485 5628 non
2543 5571 2734 5629 ienuit
2764 5588 2778 5640 ;
2808 5571 2943 5645 ergo
2992 5587 3098 5643 qro
3133 5571 3209 5643 μά
3238 5571 3599 5644 reponemus

1954 5664 2006 5700 α.
2088 5661 2174 5700 γι..
2834 5682 2839 5687 ι

1954 5661 2006 5700 α.
2040 5661 2174 5700 ᾸΥῙι.
2834 5682 2839 5687 ’
