4188 6196
534 377 646 478 3³11

1890 400 2212 469 GEORGII
2256 398 2604 463 CEDRENI

3832 405 3959 464 372

535 569 758 610 annum
788 551 1051 624 Augusti.
1075 567 1191 622 quo
1222 532 1488 606 Christus
1529 553 1702 606 natus
1732 548 1863 618 fuit,
1889 542 2031 602 anni
2054 543 2175 597 592.

2322 536 2516 610 πρώτου
2545 533 2699 624 ἔτους
2741 537 2923 613 Κύρου
2982 527 3253 613 βασιλέως
3310 540 3553 612 Περσῶν,
3612 529 3707 607 ἔτη
3759 522 3824 606 οδ,
3855 535 3955 591 καὶ

536 643 776 698 Summa
805 640 944 695 anni
967 642 1128 694 5506.

605 914 746 967 Post
774 915 1103 982 Augustum
1151 907 1418 962 Tiberius
1465 923 1717 980 regnum
1765 903 1957 961 tenuit
1997 918 2184 957 annos

533 1003 622 1056 23.
657 1002 710 1055 Is
745 1001 804 1055 in
833 1000 1033 1056 Iudaea
1059 998 1266 1054 urbem
1309 997 1678 1052 Tiberiadem
1729 993 2011 1050 condidit.
2045 991 2186 1063 Ejus

535 1089 702 1160 regni
735 1106 888 1144 anno
952 1091 1016 1143 12
1073 1087 1404 1158 baptizatus
1453 1092 1544 1140 est
1599 1085 1869 1140 Christus
1927 1082 2080 1136 334
2130 1084 2190 1134 et

536 1177 862 1251 praedicare
920 1177 1302 1247 Evangelium
1353 1175 1544 1246 carpit.
1580 1176 1750 1228 Anno
1802 1172 1931 1243 ejus
1968 1173 2028 1226 l8
2060 1170 2188 1241 ejus

536 1267 703 1340 regni
727 1266 886 1322 cruci
910 1267 1121 1321 afﬁxus
1153 1270 1277 1319 est:
1314 1264 1602 1318 Vicesima
1629 1262 1837 1333 quinta
1880 1259 2067 1316 Martii
2095 1259 2188 1313 die

540 1356 614 1412 de
646 1356 898 1411 mortuis
930 1355 1154 1410 exstitit
1199 1353 1384 1417 vivus,
1437 1351 1814 1406 illucescente
1846 1349 1939 1403 die
1991 1347 2191 1402 Domi-

539 1445 694 1514 nica,
721 1462 852 1516 quas
878 1449 968 1500 est
998 1461 1032 1500 a
1061 1441 1312 1498 Sabbato
1345 1440 1636 1511 proxima,
1671 1456 1736 1494 ac
1785 1438 1978 1510 prima
2011 1436 2193 1508 septi-

541 1552 732 1591 manze
766 1534 912 1596 dies,
965 1533 1212 1603 diesque
1244 1531 1545 1585 Paschatis
1597 1528 1910 1584 Dominici.
1966 1532 2041 1581 Ea
2097 1526 2192 1580 die

541 1624 834 1697 principio
860 1625 1011 1678 Deus
1033 1622 1222 1677 lucem
1255 1624 1575 1686 creaverat,
1610 1624 1751 1672 tunc
1791 1623 1989 1672 autem
2020 1632 2194 1671 verax

545 1714 647 1769 lux
679 1714 751 1768 de
784 1712 1056 1785 sepulcro
1089 1717 1217 1765 orta
1249 1715 1358 1764 est.
1387 1712 1469 1764 Ac
1508 1707 1882 1763 conﬁrmavit
1930 1706 2196 1761 Christus

537 1801 882 1857 vaticinium
919 1798 1168 1866 Danieli,
1203 1797 1512 1851 mediante
1545 1811 1836 1850 annorum
1869 1795 2199 1866 septimana

2289 624 2395 680 ἀπὸ
2423 629 2521 680 τοῦ
2551 626 2596 680 α’
2629 622 2792 690 ἔτους
2817 627 2998 702 Κύρου
3032 624 3137 689 ἕως
3196 625 3512 704 Αὐγούστου
3571 629 3861 701 Καίσαρος,
3899 623 3954 679 ἐν

2289 716 2335 788 ᾧ
2363 714 2550 790 χρόνῳ
2581 713 2834 791 ἐγεννήθη
2871 717 2899 771 6
2933 715 3132 792 Κύριος
3166 718 3328 790 ἡμῶν
3391 715 3482 770 καὶ
3544 716 3673 778 Θεὸς
3732 717 3952 786 Ἰησοῦς

2289 803 2544 878 Χριστὸς,
2576 797 2668 874 ἔτη
2702 804 2851 883 φιβ’.
2895 806 3067 878 Ὀμοῦ
3099 803 3218 876 ἔτη,
3251 805 3396 884 ,εφςζ

2367 894 2511 950 Μετᾶ
2545 889 2600 948 δὲ
2631 894 2942 969 Αὒγουστον
3005 890 3320 950 ἐϐασίλευσε
3375 889 3631 970 Τιϐέριος
3688 889 3783 965 ἔτη
3844 893 3954 968 κγ’,

2293 983 2351 1045 ὅς
2383 981 2562 1038 ἔκτισε
2591 981 2752 1038 πόλιν
2813 985 2864 1038 ἐν
2932 989 3001 1058 τῇ
3060 981 3299 1055 Ἰουδαίᾳ
3363 979 3674 1058 Τιϐεριάδα.
3734 985 3836 1041 Καὶ
3898 984 3958 1040 ἐν

2298 1073 2390 1146 μὲν
2422 1077 2501 1144 τῷ
2534 1074 2591 1128 ιε’
2624 1070 2727 1128 ἔτει
2759 1081 2858 1142 τῆς
2920 1074 3083 1129 αὐτοῦ
3143 1072 3422 1149 βασιλείας
3481 1075 3510 1129 6
3552 1073 3749 1148 Κύριος
3783 1077 3954 1147 ἡμῶν

2293 1164 2509 1232 Ἰησοῦς
2541 1163 2779 1237 Χριστὸς
2805 1159 3099 1234 ἐϐαπτίσθη
3151 1164 3238 1218 καέ
3281 1168 3378 1219 τοῦ
3437 1163 3792 1240 εύαγγελικοῦ
3849 1186 3965 1235 κη-

2299 1249 2570 1325 ρύγματος
2605 1253 2903 1324 ἀπήρξατο.
2940 1253 3028 1308 Ἑν
3059 1249 3117 1307 δὲ
3145 1256 3226 1324 τῷ
3281 1258 3349 1322 ιη⁸
3405 1248 3508 1307 ἔτει
3541 1260 3641 1321 τῆς
3675 1253 3962 1327 βασιλείας

2297 1339 2464 1394 αὐτοῦ
2493 1338 2806 1415 ἐσταυρώθη
2837 1342 2865 1396 6
2901 1341 3117 1416 Κύριος.
3150 1340 3464 1398 Ἀνίσταται
3497 1339 3556 1396 δὶ
3587 1347 3654 1416 τῇ
3685 1344 3760 1396 κε’
3805 1349 3965 1417 Μαρ-

2297 1428 2418 1484 τίου
2489 1428 2872 1507 ἐπιφωσκούσῃ
2953 1434 3224 1508 Κυριακῇ,
3307 1432 3428 1502 ἥτις
3516 1431 3628 1487 ἐστὶ
3717 1433 3811 1505 μία
3865 1433 3963 1487 καὶ

2301 1517 2493 1594 πρώτη
2527 1521 2562 1589 ἡ
2597 1519 2731 1589 αῦτή
2774 1521 2864 1575 καὶ
2923 1520 3116 1596 Πάσχα
3169 1521 3456 1597 Κυριακόν·
3519 1521 3570 1577 ἐν
3623 1521 3792 1597 ταύτῃ
3848 1526 3962 1599 γὰρ

2303 1609 2332 1663 6
2365 1609 2495 1670 Θεὸς
2548 1610 2609 1664 τὸ
2669 1615 2784 1689 φῶς
2841 1607 3270 1687 ἐδημιούργησε,
3302 1613 3391 1666 καὶ
3450 1610 3501 1666 ἐν
3529 1610 3696 1686 ταύτῃ
3720 1613 3782 1667 τὸ
3813 1611 3964 1682 ἀλη-

2306 1698 2449 1762 θινὸν
2510 1705 2626 1776 φῶς
2677 1702 2706 1755 6
2756 1701 2994 1774 Χριστὸς
3053 1701 3116 1755 ἐκ
3167 1702 3343 1778 τάφου
3391 1700 3676 1759 ἀνέτειλεν.
3708 1703 3810 1764 ’Ός
3867 1701 3962 1756 καί

2305 1785 2660 1864 ἐπεσρράγισε
2687 1791 2787 1858 τὴν
2831 1794 2928 1844 τοῦ
2987 1787 3185 1858 Δανιὴλ
3244 1790 3603 1866 προφητείαν,
3667 1789 3828 1862 μέσον
3855 1794 3961 1856 τῆς

554 1889 915 1962 supplicium
945 1888 1208 1954 subiens,
1243 1887 1324 1942 ita
1354 1885 1605 1941 dicentis
1633 1902 1645 1939 :
1679 1908 1704 1934 ‹‹
1737 1887 1800 1939 In
1825 1883 2046 1955 templo
2088 1882 2201 1937 erit

2322 1869 2614 1950 εϐδομάδος
2645 1882 2753 1932 τῶν
2788 1879 2999 1953 χρόνων
3058 1877 3230 1934 ἐλθὼν
3290 1877 3377 1934 ἐπὶ
3441 1881 3506 1934 τὸ
3560 1882 3830 1955 σωτήριον
3865 1881 3969 1934 πά-

557 1978 960 2036 abominabile
993 1977 1280 2032 vastitatis
1313 1977 1568 2047 signum,
1602 1975 1775 2044 eique
1806 1973 2062 2028 vastitati
2104 1989 2204 2026 ex.

561 2068 795 2141 plendaa
821 2073 1053 2138 tempus
1075 2065 1312 2121 dabitur
1331 2063 1401 2133 9⁸,
1432 2087 1460 2113 ››
1486 2070 1594 2119 etc.
1625 2063 1685 2118 ln
1708 2064 1818 2117 hac
1847 2062 2008 2116 enim
2034 2062 2208 2132 septi-

563 2173 742 2214 mana
797 2172 1015 2210 novum
1071 2153 1448 2210 credentibus
1504 2157 1923 2208 testamentum
1972 2155 2062 2205 est
2103 2150 2210 2204 da-

555 2256 709 2316 tum,
741 2246 901 2318 iique
934 2245 1095 2301 omni
1126 2244 1404 2299 facultate
1438 2241 1688 2313 impleti,
1723 2258 1856 2296 cum
1909 2240 2206 2295 mediante

557 2339 661 2395 illa
719 2338 1053 2410 septimana
1101 2335 1245 2407 legis
1304 2333 1576 2388 Mosaicae
1635 2331 1932 2387 sublatum
1995 2335 2084 2386 est
2114 2347 2208 2385 sa-

550 2428 863 2493 criﬁcium,
891 2442 1030 2481 vera
1081 2425 1317 2479 victima
1365 2424 1481 2478 Deo
1529 2426 1802 2477 mactata.
1849 2423 1978 2491 Ipse
2007 2425 2208 2476 autem

546 2521 832 2577 Dominus
889 2519 1054 2591 signa
1113 2518 1330 2572 futurae
1379 2514 1667 2570 vastitatis
1715 2512 2006 2585 praedixit,
2069 2529 2202 2568 cum

549 2610 745 2681 inquit
779 2626 792 2664 ε
826 2630 853 2657 ‹‹
899 2605 1312 2662 Abominabile
1360 2603 1649 2660 vastitatis
1695 2603 1930 2676 signum
1981 2600 2206 2656 videbi-

550 2699 647 2764 tis,
682 2698 753 2751 de
784 2712 900 2767 quo
949 2693 1227 2749 Danielus
1257 2698 1415 2748 vates
1464 2691 1760 2763 praedixit,
1812 2697 1953 2745 tunc
1985 2688 2207 2744 intelli-

554 2787 671 2858 gite
724 2785 1038 2842 imminere
1087 2783 1422 2836 vastitatem
1473 2781 1602 2852 ejus
1630 2780 1692 2832 ’7.
1738 2801 1765 2828 »
1816 2781 1898 2834 Ac
1928 2795 2003 2834 ne
2035 2782 2209 2849 puta-

557 2879 694 2929 rent
721 2872 905 2928 Judmi
939 2888 1000 2926 se
1035 2871 1322 2942 templum
1353 2875 1531 2939 atque
1569 2868 1780 2924 urbem
1824 2873 2210 2939 recuperatu-

560 2979 680 3030 ros,
715 2960 953 3016 additur
983 2961 1043 3014 in
1075 2958 1349 3014 vaticinio
1381 2957 1669 3012 vastitatis
1701 2957 1831 3028 ejus
1864 2957 2042 3010 ﬁnem
2073 2961 2208 3010 ante

560 3051 743 3106 ﬁnem
801 3047 1003 3104 sarculi
1063 3065 1185 3104 non
1232 3047 1518 3113 futurum,
1579 3052 1643 3101 ut
1691 3045 2093 3117 intelligerent
2149 3046 2209 3100 in

561 3141 679 3198 ﬁne
742 3139 981 3195 demum
1039 3136 1244 3194 mundi
1295 3136 1473 3190 ﬁnem
1515 3135 1567 3190 ei
1621 3134 1872 3189 vastitati
1921 3134 2207 3200 futurum,

563 3231 790 3288 nullam
824 3230 1002 3285 aliam
1053 3229 1183 3300 ejus
1212 3226 1624 3282 mutationem.
1679 3224 1840 3280 Idem
1873 3231 1930 3278 et
1959 3223 2210 3279 Davidus

561 3321 915 3394 prwdixerat
949 3319 1040 3373 his
1085 3316 1278 3372 verbis
1313 3333 1326 3369 :
1361 3337 1388 3364 ‹‹
1421 3317 1486 3369 In
1521 3315 1609 3370 ira
1657 3314 2212 3381 consummationis,

561 3415 618 3463 et
645 3425 763 3462 non
797 3412 1019 3471 erunt;
1073 3408 1550 3478 cognoscentque
1603 3402 1759 3473 quod
1810 3403 1963 3456 Deus
2007 3402 2220 3456 Jacobo

561 3498 905 3552 dominatur
958 3500 1014 3548 et
1064 3494 1284 3548 ﬁnibus
1328 3497 1500 3547 terrm
1548 3490 1614 3546 9⁸.
1659 3515 1687 3541 ››
1737 3491 1917 3561 quue
1962 3497 2103 3546 tunc
2151 3507 2220 3546 eo

558 3585 750 3658 magis
783 3584 1140 3662 intelligent,
1177 3599 1312 3637 cum
1355 3580 1631 3635 videbunt
1666 3580 1897 3652 signum
1953 3579 2083 3634 Filii
2114 3580 2224 3634 ho-

567 3675 747 3730 minis
778 3674 838 3728 in
866 3673 1035 3728 coelo.
1067 3673 1217 3728 335
1252 3671 1416 3728 Sicut
1447 3671 1608 3726 enim
1641 3686 1745 3741 per
1773 3669 1996 3742 lignum
2038 3685 2218 3738 mors,

570 3767 651 3820 ita
683 3764 861 3819 etiam
891 3763 1007 3818 vita
1038 3779 1144 3834 per
1173 3761 1396 3834 lignu'n
1428 3759 1689 3815 intravit.
1719 3760 1863 3813 Nam
1910 3759 2128 3830 septies
2161 3759 2222 3812 in

576 3855 760 3911 sacris
789 3853 1026 3909 Litteris
1085 3852 1299 3924 legitur
1352 3850 1614 3922 aliquem
1669 3865 1738 3903 ex
1796 3853 1986 3904 morte
2044 3849 2221 3904 vitam

573 3945 890 4017 recepisse.
940 3945 1079 3998 Post
1127 3959 1228 3998 eos
1282 3947 1508 4012 septem
1559 3945 1795 3995 octavus
1845 3938 2110 3994 Christus
2152 3940 2222 3995 de

575 4040 810 4091 mortuo
842 4034 1002 4088 vivus
1036 4032 1279 4100 exstitit,
1311 4031 1411 4103 qui
1445 4037 1502 4086 et
1531 4035 1757 4102 septem
1790 4030 1922 4085 illos
1953 4030 2016 4084 in
2045 4030 2222 4085 vitam

569 4129 962 4180 revocaverat.
1008 4124 1156 4175 Ante
1218 4120 1378 4174 enim
1439 4135 1617 4190 quam
1679 4117 1945 4173 Christus
1993 4118 2221 4184 revixit,

569 4217 802 4268 tantum
844 4217 1068 4282 septem
1122 4226 1370 4264 numero
1423 4208 1704 4263 mortales
1735 4208 1795 4262 in
1827 4207 2001 4262 vitam
2050 4207 2224 4262 resti-

570 4303 682 4356 tuti
739 4302 999 4356 tuerunt.
1052 4300 1284 4354 Primus
1335 4299 1396 4352 in
1448 4298 1638 4352 Veteri
1689 4299 2065 4351 Testamento
2116 4296 2227 4351 fuit

575 4393 912 4461 Sareptanze
966 4388 1152 4443 vidum
1207 4388 1390 4455 ﬁlius,
1449 4387 1520 4442 ab
1571 4386 1695 4442 Elia
1743 4387 2080 4450 suscitatus,
2131 4402 2225 4440 se-

575 4479 803 4534 cundus
833 4477 1218 4532 Sunamitidis
1252 4477 1434 4544 ﬁlius,
1467 4492 1642 4548 quem
1675 4476 1920 4530 Elisaeus
1954 4476 2013 4529 in
2046 4476 2224 4530 vitam

573 4567 829 4632 reduxit,
864 4565 1071 4620 tertius
1126 4565 1296 4621 miles
1352 4566 1450 4637 qui
1503 4582 1684 4637 prope
1734 4565 1928 4620 Elismi
1978 4565 2227 4621 cadaver

2247 3275 2297 3342 C

2313 1965 2425 2028 θος.
2460 1965 2605 2036 Φησὶ
2638 1970 2762 2042 γάρ·
2798 1992 2826 2019 ι(
2863 1967 2957 2022 Καὶ
2989 1966 3076 2021 ἐπὶ
3131 1969 3196 2022 τὸ
3227 1968 3372 2043 ἱερὸν
3424 1965 3704 2043 βδέλυγμα
3735 1968 3964 2043 ἐρημώ-

2311 2075 2450 2117 σεως
2501 2054 2781 2112 συντέλεια
2835 2054 3119 2128 δοθήσεται
3177 2057 3262 2113 ἐπὶ
3315 2059 3412 2126 τήν
3468 2057 3837 2131 ἐρήμωσιν.»
3871 2059 3964 2115 Ἐν

2311 2149 2414 2224 γάρ
2446 2149 2613 2224 ταύτῃ
2641 2153 2708 2223 τῇ
2741 2145 3006 2223 ἐϐδομάδι
3048 2153 3294 2222 Διαθήκη
3347 2148 3562 2206 δέδοται
3615 2153 3783 2222 Καινὴ
3845 2157 3971 2214 τοῖς

2311 2239 2646 2306 πιστεύουσι,
2703 2238 2792 2293 καὶ
2848 2236 3130 2312 δυνάμεως
3175 2239 3385 2309 ἀπάσης
3440 2239 3636 2303 αὐτοὺς
3701 2239 3970 2315 ἐπλήρω-

2313 2348 2421 2398 σεν,
2456 2326 2676 2402 ἐπείπερ
2711 2328 2982 2401 μεσούσης
3013 2331 3111 2398 τῆς
3159 2323 3465 2403 ἕϐδομάδος
3499 2329 3702 2402 ταύτης
3758 2333 3794 2400 ἡ
3829 2329 3970 2386 κατά

2309 2419 2479 2492 νόμον
2509 2418 2652 2494 ἤρθη
2701 2419 2876 2490 θυσία,
2929 2427 3028 2490 τῆς
3085 2441 3143 2476 τε
3191 2418 3459 2492 ἀληθινῆς
3511 2422 3967 2500 προσφερομένης

2312 2507 2514 2571 θυσίας.
2551 2515 2765 2582 Σημεῖα
2813 2507 2871 2565 δὲ
2905 2517 3006 2580 τῆς
3065 2510 3401 2585 ἐρημώσεως
3460 2513 3812 2591 προϋπέφηνε
3871 2509 3970 2567 λέ-

2311 2621 2420 2676 γων
2453 2599 2482 2653 6
2514 2599 2734 2674 Κύριος·
2774 2624 2794 2650 ι
2827 2601 2994 2657 ’Όταν
3029 2597 3186 2670 ἴδητε
3214 2600 3276 2654 τὸ
3311 2598 3597 2676 βδέλυγμα
3625 2608 3727 2669 τῆς
3748 2600 3972 2675 ἐρημώ-

2315 2709 2449 2750 σεως
2477 2689 2538 2744 τὸ
2600 2688 2757 2764 ῥηθὶν
2813 2685 2901 2742 διὰ
2943 2687 3144 2758 Δανιῆλ
3191 2692 3500 2766 προφήτου,
3534 2691 3832 2764 γινώσκετε
3886 2689 3971 2745 ὅτι

2314 2778 2468 2856 ἔγγὺς
2520 2782 2554 2849 ἠ
2614 2779 2892 2855 ἐρήμωσις
2952 2779 3135 2848 αὐτῆς.
3195 2804 3221 2829 n
3283 2779 3379 2834 Καὶ
3421 2779 3510 2835 ’ίνα
3564 2782 3639 2853 μή
3693 2781 3972 2854 νομίσωσι

2316 2870 2368 2924 οἱ
2400 2865 2656 2924 Ἰουδαῖοι
2689 2867 2854 2922 πάλιν
2887 2867 3266 2942 ἀπολήψεσθαι
3315 2868 3410 2923 τὸν
3465 2870 3592 2924 ναὸν
3623 2869 3712 2924 καὶ
3743 2872 3842 2938 τήν
3877 2870 3979 2924 πό-

2316 2956 2422 3027 λιν,
2458 2956 2665 3032 ἐπάγει·
2704 2982 2729 3008 ‹‹
2769 2958 2866 3014 Καὶ
2917 2954 3022 3017 ἕως
3081 2955 3388 3022 συντελείας
3441 2962 3636 3032 καιροῦ
3693 2956 3979 3014 συντέλεια

2317 3044 2604 3116 δοθήσεται
2637 3045 2722 3101 ἐπὶ
2754 3047 2854 3116 τὴν
2888 3045 3185 3120 ἐρήμωσιν.
3249 3071 3276 3099 ››
3333 3052 3476 3109 Ἕως
3516 3047 3643 3122 γάρ,
3675 3047 3829 3127 φησὶ,
3872 3055 3974 3117 τῆς

2313 3141 2410 3192 τοῦ
2441 3135 2649 3208 κόσμου
2710 3135 3010 3191 συντελείας
3068 3139 3102 3206 ἡ
3153 3142 3254 3206 τῆς
3313 3136 3646 3210 ἐρημώσεως
3678 3136 3964 3192 συντέλεια

2332 3226 2496 3299 μένει,
2535 3221 2844 3298 μεταϐολὴν
2889 3225 2949 3279 ού
2983 3223 3278 3302 δεχομένη.
3314 3229 3490 3283 Τοῦτο
3519 3227 3609 3280 καὶ
3637 3221 3804 3281 Δαϐξδ
3846 3222 3973 3302 ἔφη.

2333 3341 2360 3367 ‹‹
2394 3318 2480 3372 Ἐν
2516 3315 2650 3391 ὀργῇ
2683 3315 3010 3386 συντελείας,
3043 3315 3132 3370 καὶ
3165 3315 3226 3371 ού
3263 3317 3337 3389 μή
3371 3316 3665 3390 ὑπάρξωσι·
3713 3315 3800 3370 καὶ
3833 3317 3981 3391 γνώ-

2331 3425 2512 3459 σονται
2563 3404 2644 3458 ’ὁτι
2695 3401 2941 3474 δεσπόζει
3000 3409 3096 3459 τοῦ
3160 3399 3360 3461 Ἰακὼϐ
3420 3404 3510 3459 καὶ
3562 3409 3669 3459 τῶν
3730 3406 3978 3480 περάτων

2329 3501 2429 3562 τῆς
2459 3499 2578 3568 γῆς.
2618 3517 2644 3543 ››
2677 3491 2774 3547 Καὶ
2804 3493 2926 3547 τότε
2959 3492 3171 3565 μᾶλλον
3204 3495 3526 3568 γνώσονται,
3557 3495 3682 3549 ’ὁταν
3721 3491 3881 3548 ἲδωσι
3913 3496 3976 3549 τὸ

2331 3588 2560 3655 σημεῖον
2587 3587 2684 3636 τοῦ
2714 3583 2840 3636 Υἱοῦ
2869 3586 2966 3636 τοῦ
2995 3582 3286 3656 ἀνθρώπου
3345 3582 3395 3637 ἐν
3439 3587 3519 3654 τῷ
3577 3583 3808 3659 οὐρανῷ.
3845 3586 3979 3638 Ὠσ-

2330 3693 2431 3748 περ
2461 3672 2561 3749 γάρ
2593 3670 2682 3727 διά
2711 3670 2876 3741 ξύλου
2909 3671 3157 3736 εἰσῆλθεν
3179 3673 3206 3726 6
3239 3673 3486 3745 θάνατος,
3515 3673 3603 3727 καὶ
3664 3671 3752 3728 διὰ
3810 3672 3978 3744 ξύλου

2331 3764 2366 3832 ἡ
2402 3763 2539 3832 ζωὴ,
2573 3759 2760 3830 ἐπειδὴ
2794 3762 3013 3822 ἑπτάκις
3046 3765 3247 3837 νεκρῶν
3308 3761 3587 3816 ἀνάστασιν
3637 3761 3864 3837 εὕρομεν
3925 3761 3978 3818 ἐν

2331 3855 2400 3925 τῇ
2434 3852 2550 3922 θείᾳ
2580 3853 2790 3926 Γραφῇ,
2857 3849 2948 3904 καὶ
3013 3850 3146 3923 μετὰ
3193 3851 3319 3912 τοὺς
3381 3850 3514 3906 ἐτττά
3571 3849 3764 3926 ὃγδοος
3804 3849 3863 3906 ἐκ
3892 3873 3981 3906 vs-

2331 3945 2477 4014 κρῶν
2511 3939 2702 4009 ἀνέστη
2733 3942 2818 4013 [Ρ.
2887 3941 3004 4012 191]
3045 3941 3073 3994 ὁ
3135 3939 3334 4014 Κύριος
3365 3941 3392 3996 6
3426 3941 3631 4017 ἐγείρας
3671 3939 3796 4004 τοὺς
3827 3941 3982 3998 ἑπτά.

2335 4031 2447 4104 Πρὸ
2470 4029 2573 4106 γάρ
2607 4035 2705 4098 τῆς
2757 4033 3003 4103 Χριστοῦ
3060 4029 3393 4091 ἀναστάσεως
3451 4030 3584 4085 ἐπτά
3646 4029 3805 4102 μόναι
3869 4031 3992 4086 ἀνα-

2335 4121 2543 4180 στάσεις
2584 4121 2782 4192 νεκρῶν
2811 4117 3086 4192 ἐγένοντο,
3120 4119 3309 4192 πρώτη
3377 4119 3470 4190 μὲν
3529 4121 3611 4193 [ἡ]
3654 4118 3707 4173 ἐν
3761 4124 3842 4191 τῷ
3874 4124 3988 4174 Πα-

2336 4207 2466 4278 λαιᾷ
2496 4209 2530 4276 ἡ
2563 4211 2658 4262 τοῦ
2688 4206 2808 4260 υἱοῦ
2830 4213 2930 4276 τῆς
2965 4208 3146 4285 χήρας
3174 4213 3273 4275 τῆς
3308 4208 3630 4285 Σαραιξσθίας,
3656 4208 3712 4261 ὅν
3767 4208 3982 4283 ἤγειρεν

2334 4295 2550 4358 Ἠλίας’
2585 4293 2803 4369 δευτέρα
2833 4297 2868 4363 ἡ
2898 4299 2995 4349 τοῦ
3027 4295 3148 4349 υἱοῦ
3175 4302 3278 4364 τῆς
3305 4293 3765 4370 Σωμανίτιδος,ὅν
3799 4295 3987 4353 Ἑλισ-

2337 4389 2486 4446 σαῖος
2516 4385 2721 4458 ἤγειρε,
2752 4383 2910 4457 τρίτη
2953 4384 2987 4452 ἡ
3009 4385 3107 4436 τοῦ
3138 4383 3470 4456 στρατιώτου
3501 4382 3558 4438 6'v
3619 4383 3777 4458 ἐγγὺς
3809 4383 3987 4440 Ἑλισ-

2338 4479 2494 4533 σαίου
2524 4478 2808 4550 θάψαντες,
2857 4477 2930 4538 ὡς
2987 4475 3093 4530 ἀπὸ
3151 4477 3320 4551 πυρὸς
3381 4475 3695 4547 ἐξεπήδησε⁸
3756 4479 3983 4551 τετάρτη

2341 4565 2396 4622 δὲ
2428 4566 2478 4622 ἐν
2506 4566 2572 4640 τῇ
2605 4568 2772 4638 Καινῇ
2806 4567 2840 4633 ἡ
2881 4569 2978 4620 τοῦ
3035 4566 3488 4642 ἀρχισυναγώγου
3544 4573 3644 4636 τῆς
3701 4561 3983 4644 θυγατρός.

581 4657 846 4728 sepultus
899 4655 1064 4726 quasi
1123 4671 1189 4709 ex
1223 4656 1354 4724 igne
1411 4655 1668 4708 exsiluit.
1721 4657 1936 4720 Quarta
1967 4655 2024 4709 in
2074 4657 2213 4710 Novc

2339 4656 2562 4730 πέμπτη
2596 4657 2629 4724 ἡ
2661 4658 2757 4709 τοῦ
2790 4655 2910 4708 υἱοῦ
2940 4656 3036 4722 τῆς
3074 4654 3274 4728 χήρας·
3309 4649 3434 4726 ἕκτη
3498 4658 3532 4725 ὴ
3587 4653 3685 4710 τοῦ
3718 4655 3984 4730 Λαζάρου·

582 4749 956 4803 Testamento
988 4744 1110 4800 ﬁlia
1153 4745 1413 4817 przefecti
1471 4760 1800 4817 synagogm,
1853 4746 2096 4815 quintus
2145 4745 2232 4798 vi-

582 4838 713 4893 dua)
747 4835 927 4900 ﬁlius,
962 4838 1163 4890 sextus
1211 4835 1478 4889 Lazarus.
1519 4833 1804 4905 Septimo,
1841 4833 1998 4905 quod
2047 4834 2234 4890 multa

583 4931 923 4984 sanctorum
955 4923 1055 4995 qui
1089 4923 1570 4978 obdormiverant
1600 4940 1847 4994 corpora
1887 4939 2231 4980 resurrexe-

581 5021 738 5073 runt.
800 5016 1048 5070 Octavus
1108 5013 1376 5068 Christus
1436 5018 1567 5084 post
1638 5012 1953 5068 toleratum
2029 5014 2233 5070 salutis

579 5123 758 5162 causa
787 5109 1004 5159 nostra)
1053 5102 1410 5175 supplicium
1461 5119 1529 5157 ex
1580 5107 1768 5157 morte
1821 5102 1882 5156 in
1932 5103 2111 5158 vitam
2140 5121 2234 5159 re-

578 5197 706 5252 diit.
739 5191 1044 5251 Inventum
1078 5197 1169 5248 est
1200 5192 1260 5246 in
1292 5191 1496 5246 multis
1545 5193 1882 5246 Grmcorum
1933 5208 2234 5248 commen-

575 5285 764 5351 tariis,
797 5284 940 5354 {quo
996 5288 1260 5353 tempore
1320 5281 1588 5335 Christus
1639 5280 1699 5335 in
1749 5297 1922 5336 cruce
1985 5288 2236 5338 mortem

581 5375 748 5442 obiit,
779 5379 998 5428 terram
1033 5376 1196 5426 motu
1250 5370 1434 5425 fuisse
1468 5370 1690 5442 ingenti
1741 5387 2112 5439 concussam,
2147 5379 2236 5428 te-

581 5463 915 5533 nebrasque
950 5461 1055 5516 toti
1109 5467 1401 5515 terrarum
1435 5459 1562 5514 orbi
1612 5458 1886 5515 inductas
1915 5460 2123 5527 fuisse,
2157 5462 2238 5518 ita

589 5558 656 5608 ut
711 5551 898 5607 stellae
955 5551 1134 5606 etiam
1172 5549 1574 5621 apparuerint.
1622 5551 1915 5604 Praeterea
1950 5551 2238 5622 Josephus

662 5703 710 5738 96
741 5704 883 5758 Dan.
919 5718 996 5771 1x,
1028 5704 1117 5754 27.
1193 5701 1235 5735 ⁸⁷
1266 5700 1467 5758 Matth.
1502 5717 1652 5768 XXIV,
1692 5704 1775 5756 l5.

1853 5700 1903 5735 ’3
1932 5701 2085 5758 Psal°
2113 5721 2261 5762 Lvm.

2343 4743 2552 4820 ἑϐδόμη
2585 4746 2669 4800 ’ὁτι
2701 4744 2886 4800 πολλὰ
2917 4745 3141 4819 σώματα
3195 4749 3302 4800 τῶν
3357 4743 3774 4820 κεκοιμημένων
3818 4745 3988 4823 ἁγίων

2341 4837 2562 4906 ἀνέστη,
2597 4833 2686 4889 καὶ
2721 4830 2886 4908 ὀγδόη
2937 4835 2971 4904 ἡ
3028 4838 3126 4889 τοῦ
3188 4833 3384 4909 Κυρίου
3438 4834 3724 4897 ἀνάστασις
3767 4837 3897 4908 μετὰ
3925 4836 3987 4889 τὸ

2343 4927 2613 4999 σωτήριον
2642 4925 2835 4986 πάθος.
2871 4924 2994 4976 Καθ’
3052 4923 3112 4977 ’ὸν
3171 4923 3360 4998 καιρὸν
3415 4928 3513 4979 τοῦ
3545 4925 3748 4986 πάθους
3766 4924 3986 5001 γενομέ-

2341 5037 2433 5071 νου
2467 5017 2690 5087 σεισμοῦ
2721 5013 2771 5067 ἐν
2804 5010 3044 5075 πολλοῖς
3079 5012 3270 5088 εὑρέθη
3335 5012 3686 5084 Ἑλληνικοῖς
3739 5015 3988 5087 ὑπομνή-

2349 5126 2506 5178 μασιν
2543 5103 2627 5158 ὅτι
2659 5103 2881 5176 σεισμὸς
2932 5101 3139 5176 ἐγένετο
3175 5102 3346 5177 μέγας
3375 5103 3464 5156 καί
3516 5102 3708 5163 σκότος
3740 5101 3821 5176 ἐφ’
3852 5100 3988 5172 ὅλην

2343 5195 2442 5263 τήν
2477 5191 2826 5263 οἰκουμένην,
2885 5187 3026 5245 ὥστε
3075 5190 3162 5244 καὶ
3232 5190 3456 5266 ἀστέρας
3517 5197 3774 5270 φανῆναι.
3817 5191 3989 5246 Ἰστο-

2349 5289 2430 5360 ρεῖ
2460 5280 2515 5337 δὲ
2544 5282 2634 5336 καὶ
2663 5281 2936 5348 Ἰώσηπος
2985 5280 3242 5354 χρησμόν
3301 5300 3418 5335 τινα
3475 5278 3528 5335 ἐν
3586 5282 3754 5354 ἱεροῖς
3810 5283 3992 5356 Γράμο

2351 5394 2508 5446 μασιν
2556 5371 2861 5446 εὓρεθῆναι,
2920 5368 3245 5445 περιέχοντα
3302 5369 3378 5431 ὡς
3427 5371 3564 5424 κατά
3612 5370 3799 5445 καιρὸν
3857 5369 3995 5425 ἐκεῖ-

2347 5483 2437 5517 νον
2470 5461 2576 5515 ἀπὸ
2605 5463 2704 5525 τῆς
2747 5459 2920 5514 αὐτῶν
2977 5458 3169 5534 χώρας
3221 5456 3364 5534 ἄρξει
3425 5479 3507 5520 τις
3560 5457 3845 5534 ἅνθρωπος
3899 5465 3997 5528 τῆς

2349 5549 2673 5624 οἰκουμένης
2705 5547 2905 5617 πάσης,
2964 5547 3020 5602 ὅν
3078 5547 3239 5610 αὐτὸς
3297 5549 3393 5621 μὲν
3452 5546 3535 5603 ἐπὶ
3589 5549 3996 5606 Οὐεσπασιανοῦ
