4186 6190
333 351 452 412 373

1498 349 2042 413 ΗΙδΤΟΙὶΙΑΡιυΜ
2091 351 2244 414 COM
2259 357 2606 424 PENDIUM
2617 408 2631 422 .

3639 366 3760 427 374

336 483 594 560 ἐξείληφε
623 481 1048 558 πεπληρῶσθαι,
1111 479 1382 558 διήμαρτε
1449 479 1506 537 δὲ
1561 489 1662 552 τῆς
1711 483 1982 557 ἑρμηνείας

2112 498 2315 548 narrat
2345 496 2650 553 oraculum
2712 499 3011 569 quoddam
3041 499 3228 555 fuisse
3271 499 3332 553 in
3391 500 3574 555 sacris
3633 501 3754 555 Lit-

334 575 398 630 ἔκ
429 573 747 648 διαμέτρου’
785 572 847 627 ού
885 572 984 647 γὰρ
1044 572 1220 641 πάσης
1252 571 1410 634 οὗτος
1467 572 1616 646 ἦρξε.
1653 572 1902 628 Λείπεται
1935 572 1991 630 δὲ

333 663 430 718 οὖν
492 663 582 718 ἐπὶ
629 663 720 716 τὸν
778 662 979 734 Κύριον
1034 663 1195 732 ἡμῶν
1263 663 1472 730 Ἰησοῦν
1527 661 1759 735 Χριστὸν
1827 667 1990 717 τοῦτο

328 753 704 830 πληροῦσθαι,
733 753 872 828 πρὸς
904 750 962 806 ὅν
995 773 1160 830 φησιν
1194 752 1222 806 ὁ
1252 754 1462 826 Πατήρ·
1501 774 1525 804 α
1581 749 1814 822 Αἴτησαι
1863 753 1991 826 παρ’

329 843 493 918 ἐμοῦ,
526 843 619 899 καὶ
661 840 822 897 δώσω
854 862 939 896 σοι
966 839 1087 912 ἔθνη
1147 841 1248 909 τὴν
1313 839 1689 915 κληρονομίαν
1742 862 1864 910 σου,
1898 843 1989 896 καὶ

327 937 432 1004 τῆν
457 933 788 1008 κατάσχεσίν
819 952 916 986 σου
947 931 1013 986 τὰ
1057 931 1263 1006 πέρατα
1290 937 1391 999 τῆς
1449 937 1574 1007 γῆς,
1640 954 1664 981 υ
1719 933 1876 994 Ὅθεν
1910 931 1987 994 εἷς

325 1028 500 1078 πᾶσαν
530 1025 630 1091 τὴν
664 1024 766 1096 γῆν
798 1019 1020 1091 ἐξῆλθεν
1079 1021 1106 1074 ὁ
1169 1020 1411 1099 φθόγγος
1475 1023 1584 1075 τῶν
1639 1021 1799 1094 ἱερῶν
1850 1020 1989 1074 ἀπο-

330 1111 545 1168 στόλων
579 1111 766 1180 αὐτοῦ,
795 1112 886 1166 καὶ
920 1111 994 1173 είς
1024 1111 1092 1165 τὰ
1120 1111 1324 1185 πέρατα
1388 1116 1491 1179 τῆς
1534 1109 1867 1182 οἰκουμένης
1921 1111 1990 1164 τὰ

327 1199 552 1277 ῥήματα
599 1202 795 1257 αὐτῶν.
850 1199 1002 1257 Ἐπεὶ
1057 1200 1149 1254 οὖν
1210 1199 1346 1254 κατὰ
1399 1199 1492 1255 τὸν
1547 1200 1734 1274 καιρὸν
1795 1204 1987 1254 τοῦτον

325 1291 356 1346 ὁ
389 1293 522 1353 Θεὸς
555 1293 656 1360 τήν
711 1288 886 1344 κτίσιν
943 1286 1377 1362 ἐδημιούργησε,
1419 1289 1508 1343 καὶ
1573 1289 1832 1362 μαρτυρεί
1882 1294 1990 1342 τῶν

327 1378 570 1455 δένδρων
601 1382 636 1449 ἡ
673 1378 998 1454 βλάστησις,
1035 1377 1124 1433 διὰ
1151 1383 1316 1433 τοῦτο
1348 1379 1436 1432 καὶ
1466 1379 1559 1433 τὸν
1592 1377 1820 1452 Ἰσραὴλ
1850 1379 1990 1433 κατὰ

313 1472 411 1526 τὸν
445 1470 632 1545 καιρὸν
657 1467 848 1524 τοῦτον
880 1466 1227 1542 ἠλευθέρωσε
1282 1475 1381 1536 τῆς
1417 1467 1799 1544 Αἰγυπτιακῆς
1863 1465 1985 1523 δου-

322 1559 508 1628 λείας,
542 1559 634 1614 καὶ
662 1561 732 1631 τῇ
748 1556 997 1633 παρθένῳ
1027 1551 1278 1630 Γαϐριὴλ
1311 1557 1339 1612 ὁ
1372 1556 1718 1632 ἀρχάγγελος
1753 1556 1984 1632 εὐηγγε-

329 1648 552 1706 λίσατο.
585 1647 832 1708 Εἰκότως
861 1647 953 1702 οὗν
983 1646 1116 1701 κατᾶ
1147 1646 1240 1701 τὸν
1273 1645 1432 1702 αὐτὸν
1460 1646 1649 1720 καιρὸν
1703 1646 1795 1701 καὶ
1848 1647 1986 1721 Χριηι

325 1738 455 1800 στὸς
489 1738 745 1811 ὑπέμεινε
767 1737 831 1791 τὸ
863 1738 1135 1810 σωτήριον
1167 1736 1360 1799 πάθος.

2104 581 2246 635 teris
2278 582 2608 651 inventum,
2643 603 2758 657 quo
2788 589 3008 644 Judznis
3040 588 3463 661 praediceretur
3501 606 3568 643 eo
3601 596 3753 645 tem-

2101 687 2243 741 pore
2275 674 2591 742 quemdam
2621 693 2690 731 ex
2725 678 2988 749 ipsorum
3014 679 3204 749 patria
3237 678 3548 749 imperium
3576 680 3754 734 totius

2100 758 2261 813 orbis
2294 761 2784 820 habiturum.Hoc
2817 766 2916 820 ille
2951 767 3379 836 Vespasianum
3411 767 3750 837 implevisse

2101 847 2499 922 interpretans
2525 859 2643 908 tota
2665 855 2848 926 (quod
2870 856 3059 926 aiunt)
3086 856 3175 910 via
3204 873 3237 909 a
3261 872 3392 909 vero
3416 856 3710 910 aberravit
3733 873 3745 910 :

2100 953 2294 1007 neque
2325 940 2484 996 enim
2545 943 2902 1014 Vespasiano
2947 950 3106 999 totus
3165 944 3418 998 mundas
3479 943 3750 999 subditus

2099 1027 2230 1081 iuit.
2264 1028 2578 1099 Reliquum
2612 1048 2746 1102 ergo
2796 1038 2886 1086 est
2915 1033 2973 1087 id
3004 1051 3038 1087 a
3068 1034 3314 1087 Domino
3349 1039 3550 1088 nostro
3603 1035 3743 1088 Jesu

2098 1114 2330 1171 Christo
2383 1119 2695 1190 impletum
2751 1121 2958 1187 fuisse,
3024 1139 3200 1192 quem
3243 1123 3324 1176 ita
3353 1124 3568 1177 affatur
3626 1125 3737 1178 Pa-

2096 1205 2189 1256 ter
2219 1225 2248 1252 «
2301 1205 2483 1260 Posce
2516 1223 2550 1261 a
2601 1223 2714 1274 me,
2773 1207 2924 1263 dabo
2966 1208 3070 1262 tibi
3128 1214 3333 1280 gentes
3387 1208 3515 1262 loco
3572 1209 3745 1263 here-

2099 1289 2320 1360 ditatis,
2379 1309 2446 1349 ac
2503 1296 2792 1351 terminos
2852 1302 3020 1352 terra:
3077 1297 3180 1351 tibi
3239 1296 3592 1368 mancipabo
3634 1297 3678 1350 ⁵.
3713 1320 3739 1346 ››

2098 1380 2237 1434 Inde
2269 1381 2488 1438 factum
2524 1390 2588 1439 ut
2617 1403 2798 1440 sonus
2849 1393 3194 1442 sanctorum
3227 1387 3356 1457 ejus
3389 1387 3541 1440 386
3595 1402 3746 1456 apo-

2096 1467 2384 1525 stolorum
2417 1473 2477 1526 in
2512 1474 2846 1529 universam
2907 1480 3126 1529 terram
3165 1475 3371 1542 exiret,
3429 1491 3497 1530 ac
3553 1491 3747 1528 sermo

2097 1571 2300 1613 eorum
2331 1561 2405 1614 ad
2438 1561 2588 1616 ﬁnes
2621 1580 2806 1633 usque
2837 1563 3001 1618 orbis
3033 1564 3415 1635 pertingeret.
3453 1563 3746 1627 Quoniam

2094 1663 2232 1719 ergo
2265 1665 2333 1704 eo
2366 1653 2649 1723 temporis
2682 1653 2933 1708 articulo
2967 1653 3255 1708 mundum
3289 1653 3611 1708 fabricatus
3659 1659 3748 1707 est

2097 1736 2269 1802 Deus,
2299 1739 2392 1794 cui
2423 1741 2508 1795 rei
2543 1742 2955 1796 testimonium
2988 1742 3230 1797 arbores
3271 1749 3412 1797 tunc
3463 1743 3746 1796 florentes

319 1829 638 1897 exhibent,
663 1828 800 1884 ideo
832 1827 1042 1883 eodem
1075 1833 1342 1899 tempore
1399 1826 1684 1883 Israelum
1716 1842 1951 1898 quoque
2007 1827 2344 1899 Egyptiaca
2374 1831 2652 1886 servitute
2707 1832 3000 1899 liberavit,
3034 1832 3354 1902 lmtumque
3405 1837 3536 1902 post
3595 1848 3746 1886 nuu-

321 1920 476 1974 tium
502 1918 814 1975 Gabrielus
844 1916 1194 1990 angelorum
1251 1917 1529 1989 princeps
1559 1917 1754 1972 Μαι-ἰῶ
1784 1915 2002 1972 attulit.
2065 1913 2254 1980 Quare
2285 1927 2749 1976 consentaneum
2810 1927 2937 1978 erat
2967 1921 3174 1977 eodem
3235 1921 3414 1976 etiam
3473 1927 3742 1992 tempore

342 2007 642 2064 Christum
673 2007 846 2063 nobis
876 2006 1132 2063 salutare
1164 2007 1523 2078 supplicium
1553 2007 1736 2062 luere.

413 2096 479 2152 '0
505 2094 690 2150 τοίνυν
723 2093 961 2158 Ηιλᾶτος
997 2094 1130 2168 μετᾶ
1159 2095 1259 2163 τήν
1300 2099 1397 2150 τοῦ
1455 2095 1691 2168 Χριστοῦ
1744 2093 1982 2168 σταύρω·

2169 2099 2458 2154 Cmterum
2490 2101 2713 2156 Pilatus
2743 2102 2973 2157 Christo
3002 2101 3308 2167 cruciﬁxo,
3333 2104 3538 2172 postea
3562 2107 3740 2155 noctu

341 2205 426 2238 σιν
460 2183 672 2246 εἴκόνας
699 2188 797 2239 τοῦ
828 2183 1097 2260 Καίσαρος
1140 2183 1216 2247 εἰς
1240 2184 1304 2238 τὸ
1361 2183 1504 2258 ἱερὸν
1555 2183 1767 2259 νύκτωρ
1807 2183 1994 2254 ἀνέθη-

332 2293 451 2329 κεν.
485 2274 720 2348 Ὄρθρου
782 2270 840 2328 δὶ
897 2273 1192 2350 γενομένου
1252 2275 1303 2327 οἱ
1353 2270 1614 2330 Ἰουδαῖοι
1673 2274 1994 2346 θεασάμενοι

339 2367 604 2417 τοσοῦτον
637 2361 1019 2437 ἐταράχθησαν
1077 2360 1219 2416 ὥστε
1275 2360 1516 2424 Πιλᾶτος
1575 2360 1994 2434 ἐκδειματωθεῖς

325 2449 592 2526 ἀλλαχοῦ
623 2451 825 2512 ταύτας
863 2453 1145 2524 μετέθηκε.
1196 2446 1452 2526 Τιϐέριος
1514 2448 1571 2506 δὶ
1603 2449 1725 2506 λίαν
1783 2455 1879 2505 τοῦ
1911 2447 1995 2505 δι-

330 2541 496 2594 καίου
528 2541 828 2617 φροντίζων
882 2536 1083 2619 ἔγραφε
1139 2546 1256 2602 τοῖς
1312 2539 1545 2615 ἃρχουσι
1601 2545 1708 2594 τῶν
1751 2537 1990 2610 πόλεων,

326 2628 420 2684 ἐάν
451 2651 505 2684 τι
539 2632 724 2707 γράφῃ
787 2631 936 2706 παρὰ
990 2631 1120 2694 τοὺς
1176 2631 1380 2704 νόμους
1439 2631 1794 2705 προστάσσων
1840 2631 1991 2704 γίνε-

334 2731 481 2784 σθαι,
520 2721 597 2790 μή
630 2719 921 2795 προσέχειν
951 2720 1025 2781 ὡς
1067 2721 1392 2794 ἠγνοηκότι.
1453 2721 1545 2776 Διὸ
1600 2721 1687 2776 καὶ
1753 2718 2000 2782 Πιλᾶτος

329 2805 494 2871 εἰδὼς
526 2807 692 2864 αύτοῦ
721 2810 783 2865 τὸ
815 2807 1118 2884 φιλαληθες
1147 2810 1237 2864 καὶ
1291 2807 1662 2887 φιλοδίκαιον,
1712 2810 1779 2864 τὰ
1829 2810 1992 2883 τερά-

331 2920 457 2954 στια
491 2903 735 2972 Χριστοῦ
765 2901 940 2954 πάντα
990 2901 1079 2955 καὶ
1134 2903 1201 2956 τὰ
1265 2907 1365 2969 τῆς
1422 2895 1690 2962 εὐσεϐείας
1744 2897 1992 2975 δόγματα

331 2989 486 3060 αύτῷ
516 2986 592 3044 δι’
619 2989 888 3060 ἐπιτομῆς
921 2991 1333 3061 ἀνεκοινώσατο,
1365 2991 1543 3055 καθὼς
1599 2991 1805 3067 ἱστορεῖ
1853 2993 1988 3063 Τερ-

329 3077 597 3140 τυλιανὸς
628 3077 680 3133 ἐν
710 3084 780 3153 τῇ
817 3080 948 3155 ὑπὲρ
1002 3081 1340 3155 Χριστιανῶν
1397 3079 1705 3156 ἀπολογίᾳ,
1754 3080 1844 3134 καὶ
1905 3078 1987 3135 ὅτι

331 3167 472 3239 μετὰ
501 3169 723 3223 θάνατον
762 3163 1026 3224 ἀνεϐίωσε
1081 3171 1173 3224 καὶ
1229 3167 1339 3240 ἢδη
1403 3171 1551 3242 παρᾶ
1599 3176 1732 3225 πᾶσι
1765 3171 1882 3231 Θεὸς
1907 3169 1988 3224 εἴ·

330 3278 419 3310 ναι
451 3258 782 3314 πιστεύεται.
816 3256 919 3313 Καὶ
951 3256 1036 3312 ὅτι
1082 3252 1331 3329 Τιϐέριος
1390 3256 1760 3333 καταπλαγεὶς
1817 3258 1989 3333 ἀνῆγ-

333 3343 493 3422 γειλε
524 3347 607 3420 [Ρ.
646 3349 769 3420 192]
801 3348 975 3402 πάντα
1006 3350 1077 3420 τῇ
1109 3346 1422 3422 συγκλήτῳ.
1455 3349 1519 3404 Ἦ
1579 3344 1636 3403 δὲ
1693 3347 1756 3402 ού
1785 3350 1988 3422 προσή-

2099 2186 2160 2242 in
2212 2189 2499 2260 templum
2533 2190 2822 2262 imagines
2852 2191 3097 2246 Caesaris
3130 2190 3371 2255 intulit;
3409 2189 3566 2260 quod
3608 2206 3740 2244 cum

2099 2277 2294 2347 prima
2342 2278 2472 2333 luce
2522 2279 2702 2334 Iudaei
2762 2279 3068 2346 vidissent,
3129 2284 3327 2333 tantus
3376 2295 3584 2333 eorum
3632 2278 3743 2333 fuit

2100 2372 2295 2420 motus
2327 2371 2391 2422 ut
2416 2369 2639 2424 Pilatus
2671 2370 2912 2422 territus
2945 2369 3058 2422 alio
3091 2384 3193 2422 eas
3226 2368 3617 2423 transtulerit.
3652 2367 3746 2420 Ti-

2096 2455 2296 2510 berius
2329 2474 2502 2528 porro
2524 2459 2774 2529 justitiaa
2833 2458 3391 2513 observantissimus
3448 2457 3741 2528 praelectis

2096 2545 2330 2601 urbium
2346 2548 2545 2603 missis
2565 2549 2799 2604 Litteris
2821 2547 3211 2608 mandavit.ut
3234 2547 3280 2601 si
3305 2546 3444 2617 quid
3473 2546 3739 2600 scribens

2096 2634 2222 2706 ipse
2254 2642 2460 2691 contra
2485 2637 2640 2709 leges
2672 2638 2799 2692 ﬁeri
2824 2637 3166 2708 juberet,ne
3203 2641 3327 2690 tum
3360 2635 3472 2690 sibi
3507 2635 3739 2689 obtem-

2094 2731 2371 2796 perarent
2400 2727 2618 2797 quippe
2650 2726 3019 2799 ignoratione
3043 2725 3228 2796 lapso.
3255 2726 3461 2794 Itaque
3492 2724 3738 2793 Pilatus,

2095 2813 2188 2867 cui
2220 2814 2594 2885 imperatoris
2644 2814 2907 2870 studium
2937 2815 3198 2868 veritatis
3258 2813 3587 2884 etjustitim
3641 2829 3738 2868 co-

2093 2902 2322 2974 gnitum
2356 2909 2501 2970 erat,
2534 2903 2824 2958 miracula
2868 2902 3083 2956 Christi
3137 2902 3340 2956 omnia
3386 2901 3636 2971 ejusque
3666 2901 3738 2955 de

2092 2989 2379 3063 religione
2401 2991 2734 3046 doctrinam
2749 2990 3099 3062 compendio
3123 2989 3194 3044 ad
3216 3006 3350 3044 eum
3370 2989 3736 3060 perscripsit,

2091 3085 2158 3135 ut
2186 3087 2392 3135 auctor
2421 3087 2511 3135 est
2538 3081 2599 3135 in
2630 3081 2976 3136 defensione
3009 3079 3481 3134 Christianorum
3512 3078 3737 3134 Tertul-

2090 3167 2305 3224 lianus.
2343 3169 2649 3239 Simulque
2680 3167 2962 3223 indicavit
2990 3183 3126 3222 eum
3160 3172 3347 3221 morte
3379 3166 3538 3221 obita
3581 3166 3732 3220 revi-

2089 3258 2246 3312 xisse
2277 3264 2335 3312 et
2365 3258 2438 3312 ab
2470 3257 2748 3312 omnibus
2771 3259 2898 3329 jam
2932 3274 3036 3328 pro
3069 3257 3186 3311 Deo
3221 3256 3444 3310 haberi.
3465 3254 3731 3309 Tiberius

2090 3347 2376 3402 attonitus
2402 3364 2470 3400 eo
2503 3347 2712 3402 nuntio
2769 3352 2950 3402 totam
2981 3361 3106 3400 rem
3134 3345 3208 3400 ad
3267 3350 3535 3399 senatum
3568 3347 3730 3399 retu-

320 3455 482 3503 κατο,
515 3437 834 3515 πειθαρχεῖν
865 3437 1024 3508 νόμῳ
1053 3433 1276 3506 παλαιῷ
1333 3435 1588 3511 λέγουσα.
1650 3438 1727 3508 μή
1777 3439 1970 3512 πρότεο

2092 3435 2176 3490 lit.
2219 3437 2468 3492 Senatus
2513 3436 2624 3509 legi
2657 3453 2717 3491 se
2768 3436 3026 3506 antiquae
3074 3434 3484 3504 obtemperare
3533 3434 3730 3504 potius

325 3545 423 3599 ρον
450 3525 773 3593 θεοποιῆσαί
810 3546 954 3588 τινα,
987 3524 1032 3579 εἰ
1082 3526 1158 3596 μή
1198 3528 1366 3602 ψήφῳ
1422 3527 1508 3579 καὶ
1569 3523 1801 3600 δόγματι
1857 3531 1985 3604 παρ’

321 3612 517 3676 αὐτοῖς
545 3611 783 3685 κριθείη.
816 3614 878 3671 Ὀ
910 3610 966 3668 δὲ
990 3614 1081 3667 τὸν
1127 3613 1221 3684 μὶν
1281 3612 1451 3686 νόμον
1497 3618 1687 3669 τοῦτον
1747 3612 1981 3688 ἐδέξατο,

322 3703 582 3759 ἐκέλευσε
609 3701 666 3760 δὲ
699 3702 907 3778 μηδένα
937 3701 1248 3777 ἐμποδίζειν
1278 3708 1357 3774 τῷ
1387 3706 1622 3778 Χριστοῦ
1647 3707 1980 3781 κηρύγματι·

328 3794 424 3849 καὶ
461 3795 646 3865 μέντοι
677 3794 766 3849 καὶ
801 3799 1022 3858 θάνατον
1055 3791 1470 3868 προσηπείλησε
1497 3800 1612 3856 τοῖς
1658 3803 1979 3872 κατηγορεῖν

316 3881 579 3954 τολμῶσι
606 3887 704 3936 τοῦ
723 3882 1091 3956 κηρύγματος.

396 3973 458 4029 Ὀ
490 3969 550 4025 δέ
611 3991 672 4047 γε
731 3969 969 4032 Πιλᾶτος
1043 3971 1190 4044 μίσει
1245 3975 1324 4042 τῷ
1370 3971 1506 4045 πρὸς
1537 3968 1838 4036 Ἰουδαίους
1891 3974 1982 4028 καὶ

325 4060 422 4114 τὸν
480 4057 627 4131 ἱερὸν
686 4059 957 4134 θησαυρὸν
1015 4060 1108 4114 τὸν
1166 4059 1508 4131 καλούμενον
1570 4057 1836 4134 κορϐανᾶν
1871 4059 1980 4116 διέ-

319 4151 510 4224 φθειρε
535 4147 627 4202 καὶ
655 4147 905 4210 πολλοὺς
935 4147 986 4218 ἐξ
1044 4147 1239 4207 αὐτῶν.
1293 4149 1483 4222 Ἒμιξε
1527 4150 1584 4203 δί
1613 4148 1702 4204 καί
1731 4171 1894 4205 τινων
1929 4149 1980 4221 ἐξ

323 4237 507 4293 αὐτῶν
531 4236 584 4290 ἐν
619 4243 739 4298 ταῖς
773 4235 1007 4311 ἡμέραις
1063 4240 1162 4290 τοῦ
1221 4236 1486 4311 Καίσαρος
1544 4238 1607 4293 τὸ
1674 4241 1813 4311 αἷμα
1868 4245 1979 4294 τῶν

316 4330 552 4394 θυσιῶν,
582 4327 772 4398 τρόπῳ
798 4323 1019 4398 τοιῷδε.
1060 4327 1126 4384 Οἱ
1187 4323 1478 4382 Γαλιλαῖοι
1538 4333 1656 4390 τοίς
1713 4325 1980 4405 δόγμασιν

315 4414 846 4485 ἐξακολουθήσαντες
877 4411 1056 4470 Ἰούδα
1086 4419 1182 4469 τοῦ
1243 4413 1566 4484 Γαλιλαίου,
1599 4417 1662 4470 οὗ
1694 4416 1782 4471 καὶ
1837 4425 1976 4473 Λου-

313 4508 418 4566 κᾶς
449 4503 500 4557 ἐν
534 4508 655 4565 ταῖς
697 4505 924 4578 Πράξεσι
981 4509 1091 4559 τῶν
1150 4501 1477 4558 ἀποστόλων
1532 4503 1827 4577 μέμνηται,
1884 4529 1978 4562 κε-

317 4593 594 4670 νοφωνίαν
628 4592 717 4647 καὶ
773 4591 988 4662 πλάνην
1047 4587 1247 4664 ἔμαθον
1317 4591 1368 4664 ἐξ
1422 4591 1610 4663 αὐτοῦ,
1640 4596 1817 4656 καθὼς
1872 4590 1974 4668 ἔφη

319 4683 622 4752 Ἰώσηπος.
689 4683 958 4758 Προφάσει
1018 4683 1123 4758 γὰρ
1211 4677 1484 4743 εὐσεϐείας
1569 4680 1728 4753 δῆθεν
1789 4683 1974 4759 κύριον

2090 3525 2255 3591 dixit,
2290 3525 2388 3596 qui
2423 3525 2540 3580 nisi
2592 3541 2662 3580 ex
2693 3527 2746 3579 S.
2808 3526 2868 3579 C.
2903 3541 3024 3579 non
3056 3524 3314 3594 patiatur
3370 3539 3732 3593 quemquam

2087 3631 2193 3686 pro
2215 3616 2366 3669 Deos
2388 3615 2949 3685 haberiJmp'erator
2970 3630 3038 3668 ea
3061 3613 3184 3685 lege
3200 3612 3733 3684 approbata,edixit

2089 3709 2286 3758 tamen
2318 3719 2390 3757 ne
2422 3704 2555 3772 quis
2601 3703 2960 3774 praaconium
3021 3703 3166 3756 331
3206 3702 3277 3756 de
3331 3701 3562 3755 Christo
3619 3701 3728 3754 im-

2087 3781 2596 3862 pediret'mortem
2629 3793 2806 3846 etiam
2840 3790 3149 3855 minans,si
3183 3790 3316 3860 quis
3355 3806 3482 3844 eam
3517 3790 3729 3844 doctri-

2087 3900 2224 3938 nam
2255 3899 2533 3938 accusare
2565 3882 2830 3937 auderet.

2157 3976 2230 4028 Αι
2261 3972 2506 4038 Pilatus,
2539 3971 2672 4026 odio
2704 3971 2765 4024 in
2795 3971 3026 4026 Judaeos
3058 3969 3422 4038 stimulante,
3469 3986 3602 4025 cum
3636 3987 3727 4024 sa-

2086 4079 2254 4118 crum
2279 4062 2622 4116 thesaurum
2645 4061 2988 4132 (corbancm
3011 4059 3121 4130 ipsi
3147 4059 3558 4126 nominabant)
3583 4059 3730 4113 diri-

2086 4152 2234 4223 puit,
2269 4156 2394 4206 tum
2425 4150 2646 4205 multos
2681 4150 2882 4204 eoru'm
2918 4147 3249 4203 interfecit:
3285 4149 3428 4218 quin
3459 4153 3518 4202 et
3537 4150 3725 4204 Cazsa-

2086 4242 2169 4296 ris
2194 4245 2364 4296 aetate
2397 4239 2789 4311 quorumdam
2823 4238 3114 4294 sacriﬁcia
3142 4237 3407 4308 ipsorum
3441 4237 3726 4309 sanguine

2084 4329 2343 4385 miscuit.
2377 4331 2490 4383 Res
2521 4329 2604 4382 ita
2633 4333 2762 4382 acta
2793 4333 2898 4382 est.
2936 4326 3160 4382 Galilaei
3201 4326 3532 4381 doctrinam
3563 4327 3726 4382 Judm

2084 4419 2394 4490 cujusdam
2427 4417 2674 4482 Galilaai,
2733 4417 2904 4486 cujus
2937 4416 3114 4470 etiam
3149 4416 3210 4469 in
3242 4416 3401 4470 Actis
3454 4417 3729 4470 meminit

2086 4510 2289 4575 Lucas,
2349 4491 2952 4578 amplexi'vocabula
3002 4521 3073 4559 ex
3140 4522 3207 4558 eo
3267 4521 3464 4559 rerum
3530 4507 3729 4561 inania

2085 4613 2469 4667 erroremque
2500 4597 2847 4659 hauserunt,
2909 4600 2975 4648 ut
3019 4595 3103 4648 ait
3144 4596 3453 4665 Joseplius.
3502 4596 3726 4666 Quippe

2083 4687 2322 4760 pietatis
2341 4691 2628 4757 praetextu
2658 4684 2962 4738 neminem
2992 4684 3237 4738 omnino
3267 4701 3338 4737 ne
3373 4683 3562 4738 verbis
3594 4685 3728 4754 qui-

319 4768 466 4843 μηδὶ
501 4769 669 4846 μέχρι
729 4770 998 4844 στόματος
1054 4764 1250 4848 ἔφασκε
1281 4768 1390 4826 δεῖν
1446 4792 1565 4826 τινα
1607 4771 1800 4848 λέγειν,
1833 4775 1974 4846 μήτε

2092 4777 2216 4831 dem
2248 4774 2472 4830 domini
2530 4773 2930 4844 appellatione
2961 4772 3325 4844 dignandum
3359 4772 3724 4838 asserebant,

309 4860 455 4916 κατὰ
484 4860 655 4933 τιμήν
691 4860 830 4934 μήτε
870 4858 1300 4938 φιλοφροσύνην,
1357 4861 1447 4916 val
1497 4862 1596 4931 τήν
1651 4867 1768 4936 Θεῷ
1827 4862 1974 4935 μόνῳ

309 4947 629 5023 πρέπουσαν
654 4952 828 5023 τιμήν
858 4970 917 5005 τε
947 4951 1038 5006 καὶ
1097 4948 1251 5024 δόξαν
1307 4951 1616 5027 ἀνθρώποις
1655 4951 1968 5025 ἀπονέμειν.

309 5039 480 5096 Ὅθεν
507 5039 598 5092 καὶ
631 5035 836 5093 πολλοὶ
889 5037 1064 5094 αὐτῶν
1121 5040 1245 5114 περί
1274 5043 1373 5094 τοῦ
1408 5041 1485 5113 μή
1527 5040 1696 5095 εἷπεῖν
1726 5041 1972 5117 Καίσαρα

299 5127 500 5200 κύριον
536 5127 626 5182 καὶ
660 5123 929 5196 δεσπότην
964 5125 1213 5206 χαλεπὰς
1266 5127 1443 5190 αἰκίας
1501 5128 1825 5200 ὑπέστησαν.
1861 5129 1960 5188 Οἳ·

299 5238 452 5279 τινες
509 5216 706 5271 λοιπὸν
771 5215 1048 5272 ἒδίδατιιον
1139 5215 1309 5289 μηδὲν
1370 5218 1516 5293 παρᾶ
1562 5219 1656 5281 τὰς
1715 5217 1966 5276 διατετα-

301 5308 508 5382 γμένας
537 5304 589 5360 ἐν
622 5310 703 5377 τῷ
734 5304 975 5367 Μωσέως
1005 5306 1158 5380 νόμῳ
1203 5306 1393 5370 θυσίας
1447 5307 1798 5384 ἀναφέρεσθαι
1883 5315 1962 5382 τῷ

303 5400 449 5468 Θεῷ.
483 5395 774 5452 Κὼτεῦθεν
803 5394 982 5449 τοίνυν
1010 5394 1316 5459 κωλύοντες
1345 5396 1439 5458 τὰς
1474 5397 1576 5452 ὑπὸ
1623 5405 1722 5467 τῆς
1770 5419 1961 5474 γερου.

307 5484 430 5545 σίας
464 5486 560 5538 τοῦ
592 5481 733 5538 λαοῦ
763 5479 1201 5557 παραδιδομένας
1254 5483 1495 5559 γίνεσθαι
1554 5488 1673 5559 περὶ
1741 5495 1836 5557 τῆς
1864 5492 1961 5544 τοῦ

382 5637 404 5670 ⁸
427 5635 584 5692 Psal.
617 5650 684 5705 ιι,
717 5635 804 5694 l8.

2084 4881 2276 4936 neque
2310 4863 2369 4919 id
2387 4862 2476 4917 vel
2499 4861 2743 4917 honoris
2763 4861 2854 4916 vel
2878 4861 3174 4916 comitatis
3197 4877 3333 4929 ergo
3359 4860 3722 4928 faciendum,

2083 4954 2444 5024 omninoque
2477 4952 2764 5007 honorem
2797 4950 2906 5005 soli
2931 4951 3048 5005 Deo
3073 4949 3337 5004 debitum
3365 4949 3515 5004 nulli
3539 4949 3724 5004 homi-

2081 5060 2224 5099 num
2283 5042 2497 5098 debere
2557 5039 2755 5095 tribui.
2817 5041 3018 5108 Itaque
3069 5039 3281 5094 horum
3331 5037 3524 5104 multi,
3565 5038 3724 5107 quod

2075 5134 2366 5188 Caesarem
2394 5131 2634 5186 nomine
2667 5127 2891 5184 domini
2946 5127 3181 5182 afﬁcere
3215 5125 3465 5192 nollent,
3525 5127 3721 5198 gravia

2075 5229 2214 5278 sunt
2245 5221 2508 5292 perpessi
2541 5217 3126 5290 supplicia.Tandem
3158 5216 3216 5270 id
3243 5233 3478 5287 quoque
3501 5216 3718 5271 docue-

2072 5317 2233 5376 runt,
2297 5327 2414 5364 non
2474 5309 2592 5364 alia
2651 5323 2779 5361 esse
2813 5306 3102 5361 sacriﬁcia
3161 5307 3494 5376 peragenda
3538 5324 3716 5377 quam

2076 5417 2208 5472 qum
2239 5399 2437 5454 oﬁerri
2473 5399 2586 5452 Deo
2618 5399 2804 5451 Moses
2831 5396 2891 5449 in
2923 5396 3048 5466 lege
3073 5395 3275 5463 jussit.
3310 5396 3510 5467 Itaque
3536 5400 3718 5451 sacri~

2075 5491 2208 5546 ﬁcia
2239 5504 2369 5559 qua)
2393 5488 2568 5559 jussu
2601 5491 2842 5543 senatus
2875 5501 2979 5557 pro
3013 5483 3201 5539 salute
3233 5483 3611 5556 imperatoris
3663 5495 3721 5543 et

4147 6025 4165 6149 ί
