4186 6190
376 340 494 402 375

1734 329 2058 394 GEORGII
2100 329 2446 396 GEDllENI

3679 330 3799 391 376

377 467 1059 545 P.R.ﬁebant,impedire
1091 469 1352 542 aggressi
1383 468 1644 525 Pilatum
1664 467 1984 523 irritarunt
2009 485 2023 534 ;

2156 465 2415 531 Ξασιλέως
2475 467 2750 543 σωτηρίας
2804 469 2898 524 καὶ
2945 471 3042 524 τοῦ
3098 465 3388 541 Ῥωμαίων
3448 459 3634 528 ἔθνους
3693 467 3793 520 θυ-

379 567 547 637 isque
570 564 841 620 Galilmos
855 559 1207 631 jussitapud
1229 558 1524 614 sacriﬁcia
1539 574 1672 630 qum
1698 556 2029 613 secundum

381 655 574 726 legem
603 650 953 705 videbantur
995 663 1188 719 agere,
1238 646 1438 702 necari
1478 664 1491 702 :
1524 646 1724 718 itaque
1775 644 2033 701 victimis

385 759 561 798 cruor
591 739 966 796 offerentium
997 754 1097 793 eas
1129 738 1447 810 permistus
1478 743 1588 793 est.

459 1015 535 1067 At
562 1025 698 1065 vero
729 1007 1016 1077 Tiberius,
1043 1007 1144 1078 qui
1175 1007 1235 1062 in
1253 1006 1568 1078 juventute
1595 1004 1925 1060 rectissime
1946 1003 2030 1059 vi-

386 1097 955 1171 xerat,philosophia
969 1096 1395 1168 eteloquentiaa
1409 1100 1533 1150 arte
1547 1095 1904 1167 Optimisque
1922 1111 2034 1150 mo-

383 1190 872 1248 ribusinstitutus
891 1205 957 1243 ac
978 1186 1344 1258 florens,jam
1369 1191 1644 1258 provecta
1674 1185 1826 1242 328
1861 1191 2033 1240 rotate

386 1281 582 1337 subito
613 1279 857 1334 descivit
888 1277 962 1334 ad
993 1278 1244 1342 vitia,ita
1277 1276 1516 1348 quidem
1550 1281 1614 1330 ut
1639 1275 1710 1331 de
1743 1280 2033 1348 potestate

384 1372 606 1428 mentis
637 1371 852 1425 exiisse
882 1373 1276 1441 putaretur,et
1299 1384 1333 1422 θ.
1364 1367 1521 1422 malo
1545 1367 1745 1438 aliquo
1767 1367 1937 1438 genio
1961 1365 2033 1421 ad

385 1461 586 1517 omnia
623 1459 868 1531 ﬂagitia,
902 1456 1222 1528 parricidia
1251 1456 1668 1527 insaniamque
1727 1455 2030 1529 exagitari.

385 1552 513 1606 Non
545 1549 704 1604 enim
736 1548 1014 1604 omnibus
1037 1546 1212 1602 modo
1240 1552 1298 1601 et
1325 1545 1697 1600 naturalibus
1727 1551 1785 1600 et
1810 1551 2036 1602 naturae

390 1640 657 1696 adversis
685 1638 973 1709 majorem
995 1638 1056 1690 in
1080 1635 1321 1691 modum
1345 1652 1438 1691 ses
1461 1634 2041 1706 polluebatlibidini-

393 1728 636 1798 bus,sed
665 1729 736 1784 iis
761 1729 1006 1798 insuper
1036 1743 1211 1782 omne
1245 1725 1552 1797 injustitiaa
1575 1742 1640 1780 ac
1671 1724 2038 1780 crudelitatis

2138 555 2274 627 σίας,
2307 556 2532 622 εἰκότως
2565 558 2654 614 ἐπὶ
2683 563 2898 621 τοὺτοις
2929 560 3216 634 ἀγανακτεῖ
3261 555 3398 632 πρὸς
3456 553 3789 618 Γαλιλαίους

2141 644 2401 714 Πιλᾶτος,
2434 647 2523 702 καὶ
2553 644 2760 703 κελεύει
2816 647 2963 720 παρὰ
3018 653 3138 708 ταῖς
3192 645 3399 708 θυσίαις
3445 644 3505 708 ἃς
3561 641 3785 700 ἐδόκουν

2136 737 2274 792 κατά
2321 737 2487 811 νόμον
2543 738 2868 816 προσφέρειν
2952 738 3322 813 ἀναιρεθῆναι,
3375 735 3513 792 ὥστε
3577 737 3787 810 ἂναμι-

2139 829 2342 904 χθῆναι
2395 833 2514 890 ταῖς
2569 829 3037 906 προσφερομέναις
3101 826 3309 889 θυσίαις
3365 825 3430 881 τὸ
3502 826 3642 899 αἷμα
3679 828 3787 880 τῶν

2137 917 2554 996 προσφερόντων
2567 961 2580 974 .

2211 1006 2272 1063 Ὁ
2309 1011 2441 1082 γοῦν
2472 1002 2729 1083 Τιϐέριος
2757 1011 3004 1069 τοιοῦτος
3039 1006 3302 1083 ὑπάρχων
3333 1005 3388 1061 ἐν
3417 1003 3638 1076 νεότητι
3665 1002 3790 1080 ἄρι-

2141 1114 2263 1156 στος
2285 1096 2372 1150 καὶ
2390 1093 2581 1171 λόγοις
2596 1095 2920 1176 φιλοσόφοις
2937 1096 3025 1152 καὶ
3041 1097 3354 1171 ῥητορικοῖς
3371 1095 3461 1150 καὶ
3479 1092 3789 1171 βελτίστοις

2140 1187 2367 1259 τρόποις
2396 1189 2486 1242 καὶ
2517 1183 2700 1266 ἔργοις
2767 1192 2954 1263 κομῶν
3009 1189 3038 1243 6
3092 1183 3367 1264 γεννάδας,
3417 1186 3554 1260 πρὸς
3613 1191 3790 1259 γῆρας

2140 1275 2312 1333 ἐλθὼν
2345 1276 2614 1358 αἰφνίδιον
2675 1280 2750 1342 εἷς
2799 1281 2898 1349 τήν
2941 1279 3162 1354 χείρονα
3195 1273 3505 1352 μετεϐλήθη
3537 1276 3790 1352 γνώμην,

2141 1364 2282 1422 ὣστε
2309 1369 2399 1423 καὶ
2431 1375 2796 1446 παραφρονεῖν
2829 1369 2991 1425 αὐτὸν
3049 1369 3376 1441 νομισθῆναι
3431 1365 3521 1422 καὶ
3580 1365 3655 1429 ὡς
3685 1362 3793 1420 ὑπὸ

2143 1455 2403 1532 δαίμονος
2457 1459 2784 1525 ἐλαύνεσθαι,
2853 1459 2988 1535 πρὸς
3044 1465 3218 1515 πᾶσαν
3270 1455 3642 1532 ἀνοσιουργίαν
3699 1454 3792 1509 καὶ

2149 1549 2454 1627 μιαιφονίαν
2513 1571 2573 1606 τε
2629 1550 2719 1606 καὶ
2777 1547 3193 1624 οἷστρηλασίαν.
3258 1547 3354 1604 Καὶ
3411 1545 3474 1600 οὗ
3509 1546 3672 1619 μόνον
3736 1543 3792 1599 ἐν

2142 1641 2260 1698 τοῖς
2293 1637 2617 1712 κατὰφύσιν
2676 1639 2766 1694 καὶ
2825 1638 2971 1712 παρά
3026 1636 3182 1716 φύσιν
3242 1634 3431 1692 ἑαυτὸν
3476 1629 3796 1705 ὲϐεότςλωσε

2145 1727 2266 1780 καθ’
2300 1723 2637 1803 ὑπερϐολῆν,
2669 1727 2814 1784 ἀλλά
2851 1727 2941 1782 καὶ
2967 1726 3017 1782 έν
3059 1727 3204 1802 πάσῃ
3237 1722 3423 1798 ἀδικία
3478 1724 3566 1780 καὶ
3598 1743 3797 1800 τυραν-

394 1837 580 1893 genus
612 1817 884 1873 addebat.
919 1817 1005 1871 Ita
1031 1833 1169 1888 ergo
1195 1821 1358 1888 gesto
1392 1814 1642 1885 imperio
1673 1819 1739 1868 ut
1767 1829 1801 1868 a
1830 1814 2041 1868 virtute

2156 1813 2278 1871 νίδι.
2311 1816 2500 1878 Οὕτως
2531 1817 2623 1873 οὖν
2652 1820 2751 1888 τὴν
2786 1818 2967 1896 ἀρχὴν
2996 1813 3279 1885 διοικήσας
3307 1816 3394 1870 καὶ
3455 1813 3504 1885 ἐξ
3538 1814 3798 1890 ἀγαθοερ-

397 1909 470 1966 ad
495 1906 926 1980 turpitudinem
942 1905 1254 1976 prolapsus
1269 1903 1519 1958 terribili
1539 1903 1762 1958 szm'itia
1775 1902 2045 1974 foedaque

399 1997 644 2054 avaritia
670 2001 729 2050 et
782 1994 1147 2049 obscenitate
1182 1992 1420 2048 infamis
1451 1997 1626 2059 esset,
1663 1992 1839 2046 vitam
1891 1991 2048 2047 ﬁniit

399 2087 566 2143 nullo
598 2084 865 2157 pristina)
895 2083 1128 2136 virtutis
1159 2086 1436 2153 percepto
1468 2081 1686 2148 fructu,
1721 2080 1824 2136 sed
1886 2085 2045 2136 tanto

399 2176 587 2247 magis
620 2189 834 2228 exosus
865 2169 1272 2241 omnibus,qui
1305 2169 1378 2224 ad
1410 2174 1740 2225 extremum
1773 2169 2048 2224 libidino-

403 2283 465 2322 se
496 2264 700 2320 omnia
728 2262 1104 2334 deturpasset
1161 2266 1336 2332 atque
1370 2259 1770 2331 pervertisset.
1805 2261 1860 2314 Is
1909 2276 2046 2333 ergo

402 2355 476 2411 ad
509 2359 730 2409 mterna
751 2351 1043 2423 supplicia
1073 2366 1206 2405 cum
1229 2349 1507 2404 omnibus
1539 2349 1726 2420 ipsius
1750 2349 2048 2405 similibus

406 2441 718 2498 toleranda
749 2439 894 2496 abiit
927 2456 940 2494 :
974 2439 1073 2510 qui
1107 2437 1266 2493 enim
1300 2437 1360 2492 in
1411 2437 1676 2493 salebras
1722 2437 2048 2507 declinant,

407 2548 508 2588 eos
533 2531 813 2587 Dsminus
845 2545 977 2584 cum
1010 2527 1321 2600 ﬂagitiosis
1361 2526 1620 2583 abducat
1665 2527 1752 2582 Μ.
1796 2527 2050 2584 Proinde

404 2619 679 2676 convenit
734 2619 848 2673 huc
901 2617 1060 2688 quod
1117 2616 1436 2688 Apostolus
1493 2616 1687 2672 dixit:
1755 2639 1774 2665 -
1837 2618 1892 2672 Is
1949 2618 2051 2689 qui

409 2715 615 2765 auctor
631 2707 791 2762 vobis
813 2706 926 2762 fuit
954 2709 1113 2760 recte
1139 2705 1431 2778 agendi,is
1463 2705 1639 2760 etiam
1670 2704 2000 2776 perﬁciet7,
2019 2726 2048 2756 »δ

410 2806 469 2855 et
499 2799 782 2855 Dominus
811 2815 824 2865 ;
862 2819 888 2847 ι(
930 2797 1036 2862 Qui
1069 2796 1144 2851 ad
1183 2797 1362 2852 ﬁnem
1393 2811 1582 2869 usque
1611 2803 1969 2870 perseverat,
2003 2799 2052 2852 is

413 2888 742 2944 servabitur
771 2886 814 2942 δ.
853 2908 880 2936 »

486 2975 1004 3044 Eusebius,multze
1026 2975 1114 3030 vir
1143 2974 1518 3041 eruditionis,
1543 2975 2054 3048 plurimarumque

414 3083 615 3122 rerum
645 3065 980 3138 cognitione
1008 3063 1344 3138 insignis,in
1365 3063 1601 3120 Tabulis
1632 3065 1962 3120 Annalibus
1983 3065 2054 3120 de

413 3155 742 3225 Antiochis,
767 3155 1046 3220 Seleucis,
1079 3153 1436 3221 Ptolemaeis,
1457 3158 1515 3209 et
1541 3154 1920 3224 pontiﬁcibus
1951 3156 2053 3226 qui

409 3253 546 3319 post
578 3246 829 3301 reditum
864 3261 933 3299 ex
959 3243 1257 3315 Babylone
1287 3243 1505 3315 populo
1535 3243 1774 3298 Judaico
1811 3244 2055 3316 praefue-

409 3341 570 3406 runt,
601 3336 724 3390 haec
776 3333 1128 3404 compendio
1161 3331 1385 3396 scribit,
1419 3331 1748 3387 Alexander
1786 3332 2055 3389 Macedo—

409 3441 554 3479 num
611 3442 712 3480 rex
744 3439 899 3478 anno
931 3422 1022 3477 sui
1080 3421 1244 3494 regni
1302 3427 1466 3476 sexto
1521 3421 1762 3477 Darium
1790 3423 2054 3478 Arsamis

412 3513 602 3568 illium
640 3512 874 3580 devicit,
901 3513 1335 3582 Persarumque
1364 3511 1680 3582 imperium
1738 3511 2051 3580 destruxit,

411 3603 569 3676 quod
601 3603 674 3658 ad
706 3603 858 3658 339
893 3618 1029 3657 eum
1061 3618 1096 3656 a
1125 3600 1274 3672 Cyro
1329 3601 1640 3657 duraverat
1685 3617 1874 3657 annos
1924 3603 2050 3658 230.

411 3692 851 3750 Macedonicum
881 3705 1127 3764 regnum
1159 3707 1192 3745 a
1223 3691 1448 3746 Cranao
1481 3707 1666 3762 usque
1697 3691 1771 3746 ad
1801 3691 2053 3748 Alexan-

411 3784 584 3841 drum
616 3781 872 3837 obtinuit
894 3797 995 3852 per
1027 3797 1218 3835 annos
1247 3783 1370 3834 518.
1399 3782 1476 3834 Eo
1499 3780 1797 3852 Babylone
1821 3787 2052 3837 mortuo

408 3889 655 3944 regnum
676 3869 1031 3926 Macedonia:
1047 3869 1317 3940 Philippo
1335 3869 2051 3943 obtigitzAsiaaAntigono,

411 3961 634 4034 zEgypti
651 3960 968 4016 Ptolemaeo
989 3959 1122 4027 Lagi
1142 3959 1475 4030 filio,Syrize
1490 3959 1736 4014 Seleuco
1754 3959 2050 4017 Nicanori.

412 4052 515 4106 Hic
545 4051 692 4106 duas
723 4049 900 4104 urbes
930 4047 1216 4115 condidit,
1262 4047 1322 4102 in
1353 4047 1556 4102 Cilicia
1585 4047 1914 4104 Seleuciam
1947 4066 2052 4104 suo

411 4140 484 4196 de
513 4140 778 4203 nomine,
811 4137 872 4192 in
925 4137 1094 4208 Syria
1121 4137 1494 4191 Antiochiam
1531 4136 1656 4192 tilio
1699 4153 1804 4192 suo
1835 4154 2054 4210 cogno-

412 4229 655 4295 minem,
679 4228 942 4298 itemque
974 4225 1320 4280 Laodiceam
1351 4241 1385 4279 a
1413 4225 1536 4280 filia
1565 4241 1674 4280 sua
1701 4226 1786 4282 sic
1811 4226 2050 4284 dictam.

411 4321 675 4388 Regnum
705 4333 839 4387 ergo
863 4314 1044 4386 Syria:
1075 4319 1208 4386 post
1237 4314 1636 4395 Alexandrum
1660 4315 2051 4388 bigesserunt,

412 4409 694 4464 Seleucus
756 4408 1031 4475 Nicanor,
1093 4407 1418 4462 Antiochus
1478 4409 1666 4476 Soter,
1727 4410 2054 4464 Antiochus

410 4499 652 4564 Eothus,
685 4498 743 4552 id
775 4504 864 4552 est
893 4497 1153 4568 spurius,
1187 4497 1469 4554 Seleucus
1529 4498 1875 4567 Callinicus,
1920 4500 2055 4555 Ale-

2153 1905 2274 1982 γίας
2343 1907 2420 1968 εἰς
2478 1906 2799 1984 κακοεργίαν
2857 1905 3202 1984 κατενεχθεὶς
3261 1899 3466 1981 φοϐερᾷ
3515 1904 3610 1976 μὶν
3642 1902 3800 1977 ὠμό-

2152 2015 2300 2065 τητι,
2337 2001 2552 2072 μυσαρᾷ
2609 1993 2666 2051 δὲ
2719 1995 3006 2067 πλεονεξίᾳ
3062 1994 3153 2050 καὶ
3211 1994 3580 2071 αἰσχρουργίᾳ
3631 2014 3801 2049 κατα-

2155 2083 2365 2160 στρέφει
2399 2086 2489 2140 τὸν
2522 2083 2664 2160 βίον,
2703 2082 2871 2158 μηδὲν
2904 2084 2962 2140 ἐκ
3016 2090 3116 2153 τῆς
3175 2079 3566 2159 προλαϐοὗσης
3629 2082 3802 2138 καλοπ-

2153 2174 2416 2248 καγαθίας
2446 2173 2536 2228 καὶ
2570 2173 2840 2249 ἀριστείας
2872 2172 3205 2250 ὠφεληθεὶς,
3239 2172 3386 2228 ἀλλά
3442 2172 3531 2227 καὶ
3585 2169 3801 2246 μᾶλλον

2157 2262 2260 2317 ὑπὸ
2319 2262 2529 2318 πάντων
2596 2263 2848 2337 μισηθεὶς
2904 2264 2979 2325 ὠς
3039 2261 3091 2318 ἐν
3143 2267 3224 2335 τῷ
3273 2257 3419 2318 τέλει
3459 2262 3522 2318 τὸ
3552 2267 3653 2316 πᾶν
3684 2260 3807 2333 ἔξυσ-

2157 2344 2348 2426 ϐρίσας
2382 2351 2474 2406 καὶ
2507 2349 2842 2432 διαφθείρας,
2894 2351 2985 2407 καὶ
3018 2350 3094 2416 είς
3149 2349 3372 2406 αἰώνιον
3409 2349 3634 2408 κόλασιν
3667 2351 3804 2424 μετά

2155 2444 2262 2495 τῶν
2322 2441 2486 2497 αὐτοῦ
2545 2440 2753 2516 ὁμοίων
2804 2436 3011 2497 ἀσεϐῶν
3070 2440 3409 2514 ἀπενεχθείςο
3494 2440 3621 2502 τους
3696 2440 3800 2516 γὰρ

2158 2529 2493 2607 ἐγκρίνοντας
2544 2532 2620 2595 είς
2669 2533 2766 2596 τὰς
2818 2530 3182 2608 στραγγαλίας
3224 2531 3409 2601 ἀπάξει
3441 2530 3634 2604 Κύριος
3668 2531 3804 2604 μετά

2157 2624 2268 2676 τῶν
2296 2619 2670 2698 ἐργαζομένων
2709 2623 2810 2692 τήν
2872 2621 3120 2694 ἀνομίαν.
3185 2619 3420 2681 [εἰκότως
3483 2620 3574 2674 οὖν
3615 2620 3642 2674 6
3705 2619 3803 2692 μὶν

2162 2710 2500 2773 Ἀπόστολος
2532 2711 2732 2786 ἔλεγενο
2771 2739 2795 2764 u
2829 2713 2890 2769 Ὀ
2940 2711 3291 2788 ἐναρξάμενος
3348 2709 3399 2766 ἐν
3458 2711 3586 2784 ὑμῖν
3643 2707 3804 2787 ἔργον

2161 2799 2355 2875 ἀγαθὸν
2385 2800 2704 2860 ἐπιτελέσει.
2740 2826 2770 2854 υ
2811 2803 2871 2858 Ὀ
2929 2798 2985 2856 δὲ
3043 2799 3239 2876 Κύριός
3297 2817 3478 2877 φησιν·
3507 2825 3534 2852 ‹‹
3567 2804 3626 2859 Ὀ
3679 2801 3811 2857 ὑπο-

2166 2888 2350 2962 μείνας
2383 2889 2456 2952 εἷς
2489 2889 2669 2957 τέλος,
2702 2889 2858 2952 οὗτος
2889 2892 3217 2960 σωθήσεται.
3245 2914 3272 2942 ››

2237 2982 2321 3052 [Ρ.
2356 2982 2480 3054 193]
2519 2981 2581 3037 Ὀ
2610 2979 2791 3035 τοίνυν
2823 2979 3150 3054 πολυμαθὴς
3206 2982 3292 3036 καὶ
3351 2979 3666 3056 πολυῖστωρ
3709 2981 3810 3037 Εὖ-

2164 3065 2367 3138 σέϐιος,
2427 3069 2480 3124 ἐν
2534 3075 2650 3131 τοῖς
2702 3071 2986 3144 Χρονικοῖς
3048 3072 3246 3127 Κανόσι
3305 3071 3566 3145 περὶτῶν
3600 3070 3810 3126 Ἀντιό-

2169 3176 2308 3232 χων,
2340 3159 2427 3213 καὶ
2466 3158 2770 3228 Σελεύκων,
2801 3159 2890 3214 καὶ
2923 3157 3297 3233 Πτολεμαίων,
3347 3160 3436 3214 καὶ
3493 3164 3603 3215 τῶν
3671 3161 3809 3234 μετά

2166 3249 2264 3317 τὴν
2299 3247 2358 3303 ἐκ
2393 3255 2494 3318 τῆς
2529 3244 2853 3311 Βαϐυλῶνος
2893 3246 3154 3304 ἐπάνοδον
3191 3250 3650 3325 καθηγησαμένων
3708 3249 3807 3324 ἀρ-

2157 3337 2385 3412 χιερέων
2446 3336 2654 3409 διεξιὼν
2713 3337 2764 3393 ἒν
2827 3338 3088 3413 ἐπιτομῇ,
3146 3337 3272 3394 τάδε
3325 3339 3508 3414 φησίν·
3565 3340 3625 3398 Ὁ
3675 3344 3806 3412 γοῦν

2157 3426 2509 3499 Ἀλέξανδρος
2548 3429 2576 3483 ὁ
2631 3433 2738 3483 τῶν
2770 3427 3094 3486 Μακεδόνων
3150 3427 3409 3504 βασιλεὺς
3469 3427 3625 3485 ἕκτον
3679 3425 3801 3492 ἔτος

2157 3517 2298 3592 ἄγων
2357 3523 2458 3586 τῆς
2508 3517 2808 3592 βασιλείας,
2844 3523 3064 3593 Δαρεῖον
3101 3519 3193 3572 τὸν
3253 3519 3535 3593 Ἀρσάμου
3596 3518 3800 3592 κειρω-

2157 3608 2410 3679 σάμενος,
2441 3605 2658 3671 καθεῖλε
2713 3607 2812 3674 τήν
2873 3609 3090 3682 Περσῶν
3150 3605 3462 3662 δυναστείαν
3521 3605 3813 3682 διαρκέσα-

2159 3717 2252 3752 σαν
2287 3696 2392 3753 ἀπὸ
2423 3699 2605 3772 Κύρου
2639 3696 2804 3771 μέχρι
2837 3694 3060 3772 Δαρείου
3117 3691 3210 3768 ἔτη
3271 3695 3380 3756 σλ“.
3435 3699 3550 3766 Τῆς
3609 3695 3667 3752 δὲ
3694 3703 3805 3752 τῶν

2157 3784 2485 3845 Μακεδόνων
2547 3783 2826 3862 βασιλείας
2898 3786 3284 3862 κατασχούσης
3365 3785 3471 3841 ἀπὸ
3556 3791 3810 3860 Κραναοῦ

2158 3873 2259 3936 ἕως
2290 3871 2644 3950 Ἀλεξάνδρου
2678 3872 2770 3944 ἔτη
2801 3875 2935 3952 φιη“,
2980 3876 3067 3929 καὶ
3127 3873 3326 3930 τούτου
3382 3875 3813 3945 τελευτήσαντος

2159 3963 2210 4020 ἐν
2243 3959 2529 4020 Βαϐυλῶνι
2597 3960 2940 4039 διαδέχονται
2992 3965 3090 4033 τήν
3151 3965 3328 4039 ἀρχὴν
3370 3971 3470 4034 τῆς
3504 3965 3600 4036 μὲν
3634 3966 3812 4021 Μακε-

2159 4050 2342 4116 δονίας
2373 4053 2672 4124 Φίλιππος,
2697 4060 2798 4122 τῆς
2825 4050 3070 4116 δὶἈσίας
3096 4054 3543 4132 Ἀντίγονος,τῆς
3565 4051 3622 4108 δὲ
3641 4053 3806 4131 Αἰγό-

2157 4165 2296 4201 πτου
2329 4141 2676 4216 Πτολεμαῖος
2710 4143 2740 4197 6'
2773 4144 2979 4220 Λάγου,
3012 4149 3114 4212 τῆς
3145 4139 3203 4198 δὲ
3253 4142 3452 4220 Συρίας
3486 4141 3749 4204 Σέλευκος
3778 4143 3807 4198 6

2161 4235 2429 4308 Νικάνωρ·
2468 4232 2527 4296 ὅς
2554 4233 2641 4287 καὶ
2677 4231 2866 4294 πόλεις
2895 4230 2990 4287 δύο
3047 4230 3253 4286 ἔκτισεν
3304 4232 3380 4293 είς
3410 4231 3477 4288 τά
3506 4232 3642 4306 μέρη
3704 4237 3810 4287 Κι-

2159 4321 2340 4384 λικίας
2361 4321 2451 4376 καὶ
2484 4321 2666 4398 ἑτέραν
2699 4321 2774 4385 εἷς
2799 4320 3018 4398 Κυρίαν,
3049 4320 3138 4376 καὶ
3196 4323 3294 4390 τήν
3359 4321 3453 4395 μὶν
3485 4320 3806 4378 Σελεύκειαν

2158 4408 2408 4466 ἐκάλεσεν
2442 4409 2517 4470 είς
2549 4409 2609 4463 τὸ
2637 4407 2804 4463 αὺτοῦ
2837 4409 3032 4481 ὄνομα,
3081 4409 3183 4478 τὴν
3242 4405 3298 4463 δὲ
3359 4408 3696 4464 Ἀντιόχειαν
3729 4408 3807 4470 εἰς

2160 4499 2222 4555 τὸ
2273 4498 2370 4553 τοῦ
2418 4498 2538 4552 υἱοῦ
2598 4498 2790 4568 αὐτοῦ,
2845 4499 2947 4567 τὴν
3007 4496 3063 4553 δὲ
3131 4495 3451 4554 Λαοδίκειαν
3485 4496 3560 4559 εἷς
3616 4499 3808 4566 τὸτῆς

408 4587 634 4644 xander
665 4586 1301 4654 Antiochus,Seleucus
1333 4586 1692 4658 Philopator,
1728 4589 2048 4644 Antiochus

2164 4587 2430 4665 θυγατρὸς
2458 4587 2644 4642 αὐτοῦ.
2678 4587 2778 4642 Καὶ
2835 4588 2887 4642 οἱ
2949 4588 3044 4661 μὶν
3073 4594 3175 4658 τῆς
3225 4587 3424 4662 Συρίας
3459 4586 3812 4664 βασιλεύσαν-

411 4678 876 4750 Ερίρὶιίιηρε.11ἱο
896 4677 1103 4733 Oniam
1124 4677 1467 4749 pontiﬁcem
1482 4679 1806 4735 maximum
1828 4679 2054 4735 Judan-

407 4784 540 4823 rum
598 4766 826 4839 depulit
880 4765 1234 4834 sacerdotio,
1294 4771 1659 4837 conatusque
1719 4773 1808 4822 est
1862 4773 2051 4823 totum

405 4857 691 4930 populum
723 4873 757 4912 a
781 4856 989 4928 patriis
1015 4854 1230 4910 ritibus
1261 4854 1579 4910 detrudere
1613 4872 1625 4910 :
1664 4855 1852 4911 aedem
1884 4857 1984 4912 Dei
2017 4873 2052 4913 a

405 4965 466 5003 se
498 4948 873 5019 profanatam
921 4943 1075 5000 Jovis
1126 4944 1382 5018 Olympii
1440 4944 1646 5000 fanum
1707 4945 2049 5017 appellavit,

401 5037 756 5107 Judaiosque
784 5033 1144 5107 gravissimis
1176 5033 1486 5104 suppliciis
1519 5033 1591 5088 ad
1641 5034 1868 5089 Grmcos
1901 5034 2050 5090 ritus

402 5125 629 5198 adegit;
665 5142 780 5197 quo
808 5129 1073 5196 tempore
1107 5122 1286 5178 etiam
1310 5121 1616 5178 Maccabaei
1643 5123 2048 5178 excarniﬁcati

402 5221 555 5269 sunt.
591 5213 899 5285 Templum
927 5219 1046 5268 tres
1078 5228 1268 5266 annos
1299 5216 1593 5266 vastatum
1626 5211 1804 5267 Judas
1832 5214 2050 5268 Macca-

402 5303 565 5357 b-mus
597 5302 778 5374 impio
812 5302 974 5358 cultu
1007 5319 1078 5357 ex
1110 5300 1310 5356 Iudaea
1333 5300 1641 5372 profligato
1673 5301 2046 5358 instauravit.

405 5390 698 5445 Successit
733 5390 1022 5461 Epiphani
1055 5389 1381 5446 Antiochus
1426 5391 1702 5462 Eupator,
1761 5390 1899 5447 inde
1938 5393 2046 5447 De-

403 5481 652 5537 metrius
674 5480 1317 5550 Seleucus,Alexander
1339 5481 1492 5536 Baiis
1525 5480 2045 5552 ﬂlius,Demetrius

475 5635 540 5670 Μ
570 5632 724 5690 Psal.
758 5647 934 5703 ρεταιν,
968 5636 1018 5687 5.
1095 5631 1119 5666 ⁷
1151 5633 1406 5705 Philipp.
1443 5650 1482 5702 ι,
1508 5635 1561 5690 6.
1637 5634 1662 5668 ⁸
1692 5637 1892 5692 Matth.
1937 5655 1992 5708 x,
2027 5641 2118 5693 22.

2161 4697 2247 4739 τες
2282 4677 2414 4750 μετά
2446 4675 2796 4752 Ἀλέξανδρον
2837 4676 2970 4733 είσῖν
3013 4676 3185 4735 οὗτοι.
3250 4677 3516 4736 Σέλευκος
3577 4678 3605 4732 6
3637 4678 3809 4732 Νικά-

2158 4770 2596 4844 νωρ,²Αντίοχος
2629 4770 2656 4823 6
2687 4767 2999 4840 ἐπικληθεὶς
3016 4775 3234 4845 Σωτὴρ,
3262 4768 3808 4838 ’ΔντίοχοςὸΝὸθος,

2161 4857 2425 4922 Σέλευκος
2449 4860 2477 4914 6
2518 4855 2873 4928 Καλλίνικος,
2905 4855 3252 4933 Ἀλέξανδρος
3284 4856 3809 4934 ’Δντίοχος,Σέλευ-

2158 4970 2255 5011 κος
2278 4949 2306 5004 6
2338 4947 2685 5027 φιλοπάτωρ,
2720 4947 3009 5023 ’Λντίοχος
3071 4949 3100 5004 6
3151 4949 3473 5027 Ἐπιφανής,
3505 4949 3566 5011 ὅς
3624 4947 3806 5006 Ὀνίαν

2159 5039 2250 5094 τὸν
2309 5037 2566 5114 ἀρχιερέα
2621 5041 2728 5094 τῶν
2795 5034 3073 5092 ’ἰουδαίων
3120 5038 3325 5101 παύσας
3381 5040 3479 5107 τῆς
3509 5037 3811 5114 ἱερωσύνης

2160 5126 2396 5200 ὡρμήθη
2487 5129 2815 5200 μεταστῆσαι
2873 5126 2938 5182 τὸ
2996 5132 3101 5182 πᾶν
3159 5125 3307 5190 ἔθνος
3360 5134 3462 5196 τῆς
3552 5128 3810 5202 πατρῴας

2160 5215 2470 5292 θρησκείας,
2509 5214 2604 5272 Καὶ
2635 5216 2698 5271 τὸ
2732 5217 2822 5289 μὲν
2855 5217 3001 5288 ἱερὸν
3063 5218 3256 5290 μιάνας
3316 5215 3624 5290 Ὀλυμπίου
3681 5217 3810 5279 Διὸς

2156 5306 2284 5361 ναὸν
2320 5305 2746 5382 προσηγόρευσε,
2772 5311 2850 5378 τῷ
2882 5303 2938 5361 δὲ
2985 5304 3117 5362 ἔθνει
3180 5305 3432 5371 κολάσεις
3481 5304 3812 5376 ἀνηκέστους

2156 5394 2369 5469 ἐπάγων
2403 5393 2714 5465 ἑλληνίζειν
2744 5395 3061 5470 ἠνάγκαζεν.
3097 5397 3212 5476 Ἐφ’
3243 5396 3304 5453 οὗ
3360 5395 3449 5452 καὶ
3504 5397 3555 5451 οἳ
3584 5401 3812 5452 Μακκα-

2157 5479 2306 5538 ϐαῖοι
2339 5482 2738 5558 ἐμαρτύρησαν.
2773 5484 2845 5539 Τὸ
2879 5481 2936 5539 δὲ
2977 5485 3120 5560 ἱερὸν
3154 5481 3294 5541 ἔτεσι
3347 5485 3523 5560 τρισὶν
3579 5484 3808 5559 ἐρημωο
