4188 6196
394 286 515 349 θη
1543 278 2039 343 ΕΙΞΤΟΗΙΑΒΗΞ

2147 274 2684 343 JOMPENDIUM.
3688 282 3808 343 3'18

385 419 476 473 θὶν
509 413 716 479 Ἰούδας
773 415 801 471 6
858 412 1178 487 ἐπικληθεὶς
1242 409 1601 478 Μακκαϐαῖος
1648 412 1887 486 καθάρας
1942 412 2039 464 τῶι

2167 410 2439 479 Nicanor,
2474 412 2800 469 Antiochus
2830 413 3126 487 Tryphon,
3185 414 3563 480 Ptolemteus,
3595 416 3807 473 Antio-

390 500 682 577 ἀσεϐειῶν,
714 507 814 574 τήν
855 506 1044 584 χώραν
1100 504 1453 560 ἀνενεώσατο.
1514 505 1651 562 Εἶτα
1708 498 2039 558 ἑϐασίλευσει

2163 501 2312 556 chus
2341 501 2546 567 Sidita,
2583 503 2937 568 Demetrius,
2970 503 3296 558 Antiochus
3320 506 3572 575 Grypus,
3597 506 3804 561 Antio-

394 595 697 670 Ἀντίοχος
726 596 756 651 6
788 593 1078 670 Εὐπάτωρ,
1121 595 1437 669 Δημήτριος
1481 592 1770 664 Σέλευκος,
1802 588 2039 659 Ἀλέξαν-

2161 589 2310 645 chus
2338 591 2678 663 Cyzicenus,
2708 591 2990 648 Seleucus
3009 592 3185 664 Grypi
3209 592 3388 649 illius.
3413 594 3491 647 Eo
3522 598 3805 665 regnante

400 682 533 762 δρος
565 685 595 740 6
622 688 722 740 106
751 683 930 759 Βαλῇ,
966 685 1285 758 Δημήτριος
1319 685 1349 739 6
1376 684 1657 759 Νικάνωρ,
1702 680 1991 754 Ἀντίοχος
2023 678 2039 732 ί

2163 679 2414 735 Romani
2446 681 2832 737 Antiocheam
2864 686 3170 753 ceperunt,
3202 681 3504 754 Syriaeque
3553 699 3803 755 regnum

394 773 655 854 Τρύφων,
686 770 1357 848 Πτολεμαῖος,Ἀντίοχος
1389 774 1418 828 6
1442 769 1689 843 Σιδίτης,
1710 770 2039 844 Δημήτριος.

2161 773 2253 823 est
2280 768 2591 838 abolitum,
2622 787 2758 827 cum
2786 770 2847 826 id
2876 770 3148 827 durasset
3176 787 3365 826 annos
3393 773 3517 827 250.

387 865 696 940 Ἀντίοχος
724 864 753 919 6
783 863 1018 936 Γρυπὸς,
1052 862 1334 939 Ἀντίοχος
1365 862 1394 918 6
1425 860 1752 933 Κυζικηνὸς,
1785 857 2056 919 Σξλευκος
2086 856 2115 911 6
2144 860 2243 911 106
2266 861 2502 933 Γρυποῦ,
2534 857 2619 934 ἐφ’
2649 861 2711 915 06
2742 860 3053 935 ’Δντιόχεια
3096 860 3199 915 ὑπὸ
3241 857 3529 932 Ῥωμαίων
3559 856 3679 928 ἥλω
3708 856 3798 913 καὶ

389 957 425 1026 ἡ
467 954 670 1030 Συρίας
701 955 849 1029 ἀρχὴ
881 951 1152 1023 κατελύθη
1190 952 1513 1029 διαρκέσασα
1541 948 1635 1023 ἔτη
1668 951 1765 1009 ον’.

457 1046 522 1099 Οἱ
554 1042 613 1098 δὲ
641 1045 741 1113 τῆς
791 1042 1075 1121 Αἰγύπτου
1118 1039 1534 1118 βασιλεύσαντες
1593 1042 1730 1115 μετᾶ
1787 1036 2049 1111 Ἀλέξαν-

385 1131 514 1210 δρον
544 1132 680 1189 εἰσέν
723 1129 857 1188 οἶδε’
914 1132 1261 1203 Πτολεμαῖος
1308 1133 1336 1187 6
1396 1133 1605 1209 Λάγου,
1668 1130 1749 1209 ἐφ’
1796 1128 1860 1185 οὗ
1913 1127 2047 1183 Μὲνο

389 1221 585 1298 ανδρος
642 1224 671 1278 ὁ
725 1218 1131 1296 κωμῳδοποιὸς
1190 1220 1517 1299 ἐγνωρίζετο
1566 1221 1658 1276 καὶ
1711 1220 2051 1299 Θεόφραστος

394 1314 425 1369 6
454 1290 782 1391 φιλόσοφος,
814 1290 1156 1385 ξιτολεμαῖος
1199 1290 1242 1366 δ’
1286 1290 1659 1388 Φιλάδελφος,
1690 1308 1773 1388 ἐφ’
1923 1307 1976 1362 οἱ
2006 1290 2049 1361 ο’

384 1394 652 1477 Ἐϐραίων
682 1399 841 1479 σοφοὶ
871 1400 964 1456 τὸν
1005 1400 1175 1473 νόμον
1213 1401 1586 1476 ἡρμήνευσαν,
1642 1396 1988 1471 Πτολεμαῖος
2018 1395 2047 1450 6

385 1488 717 1569 Εὐεργέτης,
774 1488 858 1564 ἐφ’
906 1487 971 1544 οὗ
1022 1491 1125 1559 τήν
1182 1490 1477 1565 πανάρετον
1531 1490 1723 1562 σοφίαν
1795 1484 2049 1557 συντάξας

378 1576 664 1655 Ἑϐραίοις
697 1580 909 1650 Ἰησοῦς
954 1579 984 1634 6
1039 1582 1136 1634 106
1196 1578 1377 1653 Σιρὰχ
1433 1576 1779 1653 ἐγνωρίζετο,
1840 1573 2047 1631 Πτολε-

385 1674 550 1743 μαῖος
590 1670 620 1724 6
652 1665 1018 1744 Φιλοπάτωρ,
1079 1665 1160 1747 ἐφ’
1216 1665 1280 1722 06
1336 1667 1366 1722 6
1419 1670 1529 1722 τῶν
1583 1661 1850 1742 Ἑϐραίων
1912 1662 2046 1727 λαὸς

381 1757 751 1832 αἰχμάλωτος
781 1755 976 1832 ἀχθεὶς
1024 1754 1076 1811 ἐν
1111 1754 1382 1833 Αίγύπτῳ
1435 1753 1686 1812 τοιοῦτόν
1708 1776 1760 1810 τι
1789 1753 2040 1817 πὲπονθε.

381 1845 686 1922 Προσέταξε
737 1845 840 1921 γὰρ
911 1844 1072 1908 οὗτος
1126 1851 1245 1909 τοῖς
1287 1844 1455 1901 αὐτοῦ
1517 1844 1877 1905 ὑπασπισταῖς
1921 1841 2043 1898 ἒ.λὲ-

385 1956 587 2013 φαντας
648 1936 700 2015 φ’
766 1933 1100 2010 εύτρεπίσαι,
1155 1935 1244 1990 καὶ
1311 1934 1541 1999 τούτους
1596 1933 1820 2007 μεθύσαι
1909 1931 2044 2004 οἴνῳ

386 2019 701 2096 λιϐανωτῷ,
759 2024 846 2079 ἳνα
922 2022 1284 2080 ἀποκτείνωσι
1339 2021 1469 2087 τοὺς
1552 2019 1873 2084 Ἰουδαίους.
1929 2024 2045 2075 Τῶν

380 2109 672 2172 Ἰούδαίων
704 2109 761 2168 δὶ
793 2110 1116 2186 εὐξαμένων,
1170 2114 1222 2168 οἱ
1262 2110 1548 2188 ἐλέφαντες
1605 2110 1682 2174 εἲς
1734 2109 1866 2174 τοὺς
1920 2110 2046 2165 ἑαυ-

380 2207 485 2259 106
508 2203 844 2279 στρατιώτας
873 2223 931 2258 τε
965 2202 1056 2257 καὶ
1089 2200 1301 2276 δήμους
1333 2205 1419 2274 [Ρ.
1473 2203 1597 2277 195]
1646 2199 2045 2277 ἐξορμήσαντες

389 2291 569 2349 πολὺν
598 2294 776 2348 αὐτῶν
810 2289 985 2349 ὄχλον
1017 2291 1067 2347 ἐν
1095 2296 1164 2366 τῇ
1195 2312 1535 2368 περιεχουσῃ
1587 2290 1753 2365 μανίᾳ
1809 2286 2044 2352 διέφθει-

390 2402 508 2453 ραν.
541 2381 644 2439 Καὶ
676 2382 831 2437 οὕτω
864 2379 1184 2457 παραδόξως
1243 2382 1296 2436 οἱ
1346 2378 1601 2438 Ἰουδαῖοι
1655 2379 2046 2456 περισωθέντες

386 2464 654 2533 ἀϐλαϐεῖς
684 2470 1033 2540 ἀπελύθησαν
1063 2469 1142 2532 εἲς
1169 2471 1238 2525 τα
1300 2468 1434 2538 ἴδια,
1489 2474 1571 2541 τῷ
1624 2467 1879 2544 εὒεργέτῃ
1929 2470 2047 2538 Θεῷ

387 2561 863 2639 εὐχαριστοῦντες.
904 2562 1040 2617 Εἶτα
1101 2558 1379 2635 βασιλεύει
1437 2556 1783 2632 Πτολεμαῖος
1848 2559 1877 2612 ὁ
1936 2554 2049 2611 ἐπι’

387 2649 620 2720 κληθεὶς
647 2651 867 2726 Σωτὴρ,
900 2647 1242 2723 Πτολεμαῖος
1271 2646 1672 2723 ὁ¹Δλὲξανδρος
1701 2645 2045 2720 Πτολεμαῖος

393 2739 427 2793 6
457 2735 694 2816 ἀδελφὸς
720 2736 905 2806 αὐτοῦ,
940 2736 1284 2811 Πτολεμαῖος
1313 2738 1342 2792 6
1373 2737 1677 2807 Διονύσιος,
1723 2734 2048 2816 Κλεοπάτρα

400 2828 440 2896 ἡ
468 2811 669 2883 τούτου
728 2827 995 2903 θυγάτηρ·
1053 2824 1120 2896 ἢν
1182 2822 1502 2903 Αὔγουστος
1532 2823 1741 2882 ἀνελὼν
1771 2823 1823 2880 ἐν
1854 2828 1933 2896 τῷ
1983 2811 2047 2877 ιδ’

389 2913 501 2974 ἔτει
530 2923 633 2987 τῆς
663 2915 828 2972 αὐτοῦ
862 2914 1148 2992 βασιλείας
1169 2913 1432 2991 ἐκράτησε
1459 2921 1560 2984 τῆς
1621 2914 1919 2991 Αἰγύπτου,
1952 2932 2048 2968 κα-

384 3004 563 3064 θελὼν
590 3008 692 3076 τὴν
728 3003 1009 3082 βασιλείαν
1038 3009 1148 3061 τῶν
1206 3004 1567 3079 Πτολεμαίων
1610 3002 1964 3081 διαρκὲσασαν
1997 3001 2049 3059 iv

394 3091 541 3152 ἔτεσι
563 3093 866 3158 διακοσίοις

469 3188 539 3244 Οἱ
570 3183 627 3242 δὲ
669 3186 802 3260 μετᾶ
846 3188 946 3257 τήν
998 3185 1060 3243 ἑκ
1116 3182 1443 3250 Βαϐυλῶνος
1482 3183 1744 3243 ἐπάνοδον
1798 3196 2051 3262 καθηγη-

2229 1039 2386 1096 840
2406 1042 2631 1114 Egypti
2653 1058 2820 1114 reges
2844 1046 2978 1115 post
2995 1040 3648 1097 Alexandrumfuerunt
3662 1043 3797 1096 Pto-

2157 1127 2402 1185 lemmus
2426 1132 2557 1204 Lagi
2581 1131 2939 1202 ﬁlius,cujus
2960 1135 3130 1187 mtate
3154 1130 3471 1185 Menander
3491 1129 3802 1185 comoedia-

2155 1235 2290 1274 rum
2319 1220 2575 1292 scriptor
2600 1221 2814 1276 claruit
2843 1225 2902 1276 et
2927 1220 3365 1291 Theophrastus
3387 1219 3797 1290 philosophus.

2154 1308 3139 1381 PtolemaeusPhiladelphus,cujus
3151 1308 3325 1380 jussu
3336 1311 3404 1363 70
3420 1307 3799 1363 Hebrmorum

2155 1399 2484 1456 doctissimi
2515 1401 2707 1475 legem
2737 1401 3187 1457 transtulerunt.
3220 1400 3578 1455 Ptolemaaus
3613 1400 3796 1452 Ever-

2153 1496 2336 1562 getes,
2370 1491 2478 1547 sub
2510 1508 2625 1564 quo
2681 1492 2848 1548 Jesus
2883 1492 3109 1547 Sirachi
3165 1489 3324 1546 illius
3356 1489 3636 1558 innotuit,
3694 1491 3796 1560 qui

2153 1579 2373 1636 librum
2386 1580 2459 1636 de
2473 1581 2764 1653 sapientia
2775 1581 3334 1654 praestantissimum
3357 1580 3616 1635 Hebraeis
3633 1595 3792 1634 com-

2151 1669 2369 1742 posuit.
2400 1668 2756 1725 Ptolemaeus
2787 1670 3132 1741 Philopator
3160 1685 3173 1724 :
3206 1670 3257 1725 is
3288 1685 3393 1725 rex
3442 1668 3795 1724 Hebraicum

2150 1758 2569 1832 p0pulum,qui
2600 1759 2859 1832 captivos
2890 1760 2950 1814 in
2984 1764 3294 1832 Egyptum
3352 1759 3544 1815 fuerat
3573 1757 3795 1813 abduc-

2153 1855 2267 1917 tus,
2285 1850 2535 1921 perdere
2562 1855 2849 1921 statuens,
2884 1850 3241 1906 satellitibus
3273 1847 3573 1904 mandavit
3597 1853 3662 1903 ut
3690 1850 3795 1903 500

2151 1938 2499 2011 elephantos
2530 1940 2917 2007 instruerent,
2950 1955 3171 2011 eosque
3200 1939 3335 1995 vino
3366 1938 3630 1994 libanoto
3663 1938 3792 1992 ine-

2149 2026 2375 2084 briatos
2394 2029 2610 2084 Iudaeis
2641 2029 3146 2085 immiterent.Sed
3167 2028 3260 2083 his
3285 2028 3469 2083 Deum
3499 2026 3792 2099 precanti-

2151 2118 2281 2186 bus,
2326 2119 2627 2191 elephanti
2686 2119 2748 2174 in
2779 2119 2973 2192 regios
3031 2118 3251 2174 milites
3282 2123 3340 2173 et
3394 2117 3791 2190 Aigyptiacam

2153 2207 2387 2263 turbam
2405 2207 2629 2279 impetu
2647 2208 2782 2263 dato
2797 2225 2902 2279 per
2917 2207 3176 2263 furorem
3197 2223 3472 2278 magnam
3488 2206 3797 2261 hominum

2153 2296 2597 2352 multitudinem
2654 2296 2961 2351 eliserunt.
3016 2297 3218 2367 Itaque
3263 2302 3478 2367 praeter
3526 2295 3795 2349 omnium

2155 2401 2321 2458 spem
2372 2385 2585 2441 servati
2634 2385 2843 2453 Judmi,
2897 2384 3228 2440 incolumes
3259 2385 3321 2439 in
3371 2384 3621 2455 patriam
3657 2389 3798 2438 sunt

2152 2474 2532 2540 dimissi,{)eo
2562 2490 2669 2529 suo
2701 2474 3067 2529 benefactori
3110 2474 3327 2546 gratias
3357 2477 3621 2545 agentes.
3661 2474 3800 2527 Post

2153 2564 2313 2620 hunc
2326 2580 2505 2636 regno
2521 2565 2757 2620 functus
2773 2563 3228 2619 estPtolemmus
3241 2562 3594 2635 cognomine
3609 2562 3796 2617 Soter.

2152 2655 2296 2709 Inde
2353 2653 2709 2709 Ptolemaeus
2768 2652 3125 2719 Alexander,
3182 2651 3539 2707 Ptolemaeus
3617 2651 3800 2706 frater

2155 2742 2308 2815 ejus,
2333 2742 2687 2798 Ptolemaeus
2721 2741 3389 2813 Dionysius,Cleopatra
3418 2738 3599 2812 hujus
3624 2738 3751 2794 ﬁlia
3784 2753 3797 2792 :

2155 2848 2331 2904 quam
2360 2834 2657 2905 Augustus
2716 2847 2939 2886 annum
2974 2831 3039 2884 14
3097 2830 3398 2900 imperans
3443 2827 3743 2883 interfecit
3780 2840 3796 2883 :

2152 2923 2516 2994 Egyptoque
2547 2920 2768 2993 potitus
2789 2935 3039 2992 regnum
3071 2918 3527 2974 Ptolemaeorum
3560 2915 3796 2984 delevit,

2156 3012 2314 3083 quod
2344 3011 2658 3067 duraverat
2685 3026 2875 3066 annos
2906 3010 3032 3065 290.

2224 3194 2407 3247 Porro
2420 3192 2520 3263 qui
2534 3189 2777 3247 areditu
2790 3206 2859 3245 ex
2876 3188 3173 3260 Babylone
3188 3186 3470 3260 populum
3485 3186 3795 3242 Judaicum

380 3276 612 3350 σάμενοι
639 3276 917 3351 ἀρχιερεῖς
968 3275 1101 3331 εἰσιν
1155 3274 1329 3332 οὖτοι⁸
1359 3276 1592 3348 Ἰησοῦς,
1650 3273 1895 3334 Ἰωσέδὶγ
1923 3275 2037 3348 ἅμα

2147 3281 2625 3354 gubernaverunt
2654 3278 2969 3352 pontiﬁces
2997 3277 3325 3340 maximi,hi
3357 3281 3494 3333 sunt
3526 3292 3539 3330 :
3600 3277 3791 3332 Iesus,

380 3359 723 3441 Ζοροϐάϐελ,
757 3360 1016 3428 Ἰάκωϐος
1074 3366 1192 3430 υἱὸς
1243 3366 1446 3435 Ἰησοῦ,
1509 3364 1813 3439 Ἰλιάσιμος
1870 3362 2038 3423 Ἰακί-

386 3476 519 3529 μου,
553 3451 741 3512 Ἰωδαὶ
767 3455 1063 3526 Ἰωσήπου,
1112 3454 1368 3526 Ἰωάννης
1425 3456 1454 3510 6
1506 3459 1605 3511 106
1662 3452 1869 3524 Ἰωδαὶ,
1932 3457 2036 3511 '11-

382 3542 540 3611 δοῦς,
596 3542 677 3623 ἐφ’
724 3544 786 3599 οὗ
840 3541 1196 3621 Ἀλέξανδρος
1254 3544 1307 3601 ἂν
1365 3542 1732 3620 Ἰερουσαλὴμ
1783 3548 1863 3617 τῷ
1920 3547 2036 3616 Θεῷ

383 3634 778 3707 προσεκύνησε.
811 3634 1195 3711 Καταπλαγεές
1222 3635 1328 3710 γὰρ
1381 3633 1470 3690 ἰπὶ
1516 3638 1586 3707 τῇ
1634 3633 1756 3709 ξένῃ
1789 3633 1882 3705 θέᾳ
1932 3639 2033 3702 τῆς

390 3720 594 3791 στολῆς
641 3726 740 3777 106
796 3721 1123 3800 ἀρχιερέως,
1182 3723 1287 3778 ἀπὸ
1337 3727 1434 3779 106
1491 3724 1732 3799 ἅρματος
1799 3716 2037 3785 καταϐὰς

386 3810 552 3885 μόνος
583 3810 956 3886 προσεκύνησε
982 3812 1046 3868 τὸ
1077 3814 1219 3868 θεῖον
1253 3809 1446 3887 ὄνομα,
1475 3812 1567 3868 καὶ
1621 3812 1717 3867 τὸν
1773 3808 2034 3887 ἀρχιερὶα

383 3900 690 3970 ἠσπάσατοσ
750 3901 810 3956 δν
860 3902 1052 3964 πάντες
1122 3898 1376 3959 Ἰουδαῖοι
1439 3907 1537 3975 μιᾷ
1593 3905 1747 3980 φωνῇ
1807 3901 1900 3955 σὺν
1953 3904 2035 3972 τῷ

379 3987 635 4065 ἀρχιερεῖ
704 3989 941 4067 γνησίως
1006 3990 1431 4061 ἀντησπάσαντο.
1516 3995 1633 4046 Τῶν
1716 3987 1774 4046 δέ
1821 4010 1881 4065 γε
1930 3994 2032 4057 τῆς

382 4077 584 4153 Συρίας
646 4076 918 4154 βασιλέων
973 4079 1065 4134 καὶ
1120 4084 1229 4135 τῶν
1296 4079 1507 4135 λοιπῶν
1575 4076 2033 4155 καταπλαγέντων

376 4165 469 4221 καί
537 4164 855 4244 διεφθάρθαι
932 4168 1032 4237 τήν
1088 4164 1326 4224 διάνοιαν
1385 4165 1741 4244 Ἀλεξανδρου
1796 4165 2032 4237 ὑπειλη-

380 4256 586 4332 φότων,
656 4257 749 4311 καὶ
821 4257 1207 4333 Παρμενίωνος
1280 4262 1378 4313 106
1432 4261 1737 4335 στρατηγοῦ
1818 4252 2031 4330 μᾶλλον

379 4345 788 4419 θαυμάσαντος,
819 4342 960 4403 διότι
1016 4347 1256 4421 καθάπερ
1309 4367 1396 4410 τις
1452 4351 1556 4402 τῶν
1613 4345 1870 4419 ὑπηκόων
1937 4364 2033 4412 πε-

379 4435 490 4490 σὼν
517 4434 939 4509 προσεκύνησεν,
980 4435 1123 4491 εἶπεν
1157 4433 1531 4511 Ἀλέξανδρος·
1563 4435 1642 4494 Ού
1698 4438 1790 4494 τὸν
1850 4436 2036 4510 ἀρχιε-

383 4522 480 4599 ρέα
533 4524 930 4600 προσεκύνησα,
984 4525 1133 4583 ἀλλὰ
1189 4527 1281 4582 τὸν
1342 4528 1431 4583 ὑπ’
1498 4527 1666 4584 αύτοῦ
1719 4531 2029 4605 τιμώμενον

380 4611 536 4682 Θεὸν,
567 4611 738 4685 κάμοῖ
775 4614 878 4683 τὴν
937 4614 1192 4688 βοήθειαν
1251 4614 1389 4670 κατὰ
1424 4618 1531 4670 τῶν
1590 4613 1842 4671 ἐναντίων
1897 4618 2030 4674 ὕπο·
2062 4652 2111 4719 D

476 4702 488 4719 ι
814 4701 826 4719 .
971 4703 985 4719 ε
1128 4703 1143 4719 .
1348 4705 1363 4719 .
1429 4710 1467 4719 .-
1576 4708 1603 4719 ..
1710 4701 1733 4719 ..
1898 4706 1914 4719 ,

381 4702 678 4776 σχόμενον.
710 4701 899 4758 Ἦνίκα
921 4703 1027 4780 γὰρ
1083 4703 1183 4773 τήν
1235 4705 1372 4760 κατὰ
1427 4708 1645 4780 Περσῶν
1704 4701 2032 4781 διενοούμην

382 4789 664 4865 στρατείαν
719 4790 812 4847 καὶ
864 4788 1088 4848 ἐδεδίειν
1143 4793 1207 4849 τὸ
1267 4792 1495 4869 μέγεθος
1562 4801 1664 4865 11;";
1720 4792 2028 4859 δυναστείας

378 4877 581 4947 αὐτῶν,
612 4876 769 4958 ὤφθη
816 4901 910 4955 μοι
958 4882 1077 4937 κατ’
1132 4878 1264 4957 ὄναρ
1315 4883 1453 4939 κατὰ
1507 4884 1569 4940 τὸ
1627 4890 1824 4960 σχῆμα
1868 4882 2031 4942 τοῦδε

373 4971 475 5023 106
503 4967 809 5044 ἀρχιερέως
863 4970 893 5024 6
952 4969 1101 5039 Θεὸς,
1155 4970 1246 5026 καὶ
1306 4972 1520 5047 θαρῥεῖν
1572 4993 1667 5044 μοι
1698 4971 2026 5049 παρεκελεύ-

374 5076 507 5111 σατο
534 5057 755 5127 καὶτῆς
814 5057 1126 5133 προθυμίας
1182 5057 1496 5124 σπουδαίως
1548 5054 1792 5141 ἔχεσθαι,
1825 5060 2025 5139 λέγων·

379 5167 408 5200 α
441 5147 536 5207 Εἷς
566 5144 624 5201 σὲ
679 5145 782 5222 γὰρ
832 5145 1125 5218 καταλήξω
1180 5148 1280 5217 τὴν
1335 5154 1551 5224 Περσῶν
1612 5147 1943 5209 δυναστείαν.
1991 5174 2017 5206 ι

375 5234 473 5288 Διὸ
500 5238 692 5290 τοῦτον
743 5236 1074 5310 θεασάμενος
1132 5237 1186 5292 ἑν
1239 5238 1466 5314 τοιαύτῃ
1524 5239 1723 5315 στολῇ,
1783 5241 1871 5297 καὶ
1926 5249 2026 5313 τῆς

375 5324 514 5378 κατά
534 5322 660 5385 τοὺς
692 5324 899 5387 ὕπνους
930 5325 1296 5397 ὑπομνησθεὶς
1354 5322 1553 5401 ὅψεως,
1607 5328 1833 5394 είκότως
1864 5352 2028 5408 προσ.

373 5411 631 5482 εκύνησα.
690 5416 871 5469 Ταῦτα
928 5413 1094 5470 εἰπὼν
1153 5415 1244 5471 καὶ
1307 5416 1395 5471 τὸν
1455 5416 1716 5498 ἀρχιερὶα
1774 5417 2024 5495 δεξιωσά-

380 5521 560 5576 μενος,
646 5506 755 5558 τῶν
837 5503 998 5577 ἱερῶν
1052 5505 1470 5581 παρεπομένων,
1534 5506 1611 5570 εἷς
1692 5511 1793 5580 τήν
1856 5510 2020 5567 πόλιν

370 5591 741 5669 Ἰερουσαλὴμ
823 5591 1196 5669 παραγίνεται.
1281 5596 1344 5650 Οἱ
1402 5592 1459 5650 δὲ
1516 5601 1864 5673 Γραμματεῖς
1918 5601 2018 5671 τὴν

2143 3370 2459 3427 Josedecus
2481 3387 2612 3426 cum
2632 3368 3017 3436 Zorobabelo,
3046 3367 3296 3423 Jacobus
3316 3368 3455 3422 Iesu
3478 3365 3656 3430 illius,
3689 3366 3784 3420 Jo-

2145 3462 2308 3527 daas,
2331 3460 2525 3516 Josebi
2554 3459 2734 3527 filius,
2767 3458 3065 3514 Iliasxmus
3089 3458 3295 3513 Jacimi
3330 3456 3508 3524 ﬁlius,
3529 3458 3788 3511 Joannes

2144 3550 2339 3605 Jodam
2370 3549 2727 3618 ﬁlius,Jadus
2758 3565 2771 3602 :
2803 3564 2919 3619 quo
2951 3546 3362 3618 pontiﬁcatum
3386 3545 3793 3618 gerente.Ale-

2144 3637 2371 3694 xander
2402 3635 2824 3708 Hierosolymis
2856 3636 3040 3690 Deum
3069 3634 3352 3690 adoravit.
3373 3635 3522 3689 341
3558 3633 3792 3687 Etenim

2144 3727 2431 3784 attonitus
2462 3727 2667 3782 habitu
2698 3725 2996 3798 pontiﬁcis
3028 3723 3517 3790 insolente,solus
3549 3739 3584 3777 a
3612 3738 3790 3777 curru

2145 3817 2470 3887 descendit,
2506 3831 2844 3886 nomenque
2874 3814 2977 3869 Dei
3010 3812 3291 3879 adoravit,
3325 3811 3788 3884 pontiﬁcemque

2143 3906 2469 3963 maximum
2503 3904 2799 3974 salutavit,
2834 3902 2905 3959 ab
2938 3918 3127 3973 eoque
3159 3906 3215 3956 et
3248 3900 3539 3955 universis
3567 3897 3784 3954 Judzeis

2141 3996 2402 4051 vicissim
2434 4000 2524 4050 est
2551 4011 2671 4049 uno
2704 4009 2805 4049 ore
2837 3992 3148 4048 salutatus.
3180 3992 3325 4045 Cum
3355 3993 3554 4045 autem
3605 3988 3786 4060 Syriae

2143 4101 2211 4142 ac
2241 4085 2439 4141 caeteri
2460 4100 2630 4157 reges
2660 4081 2721 4137 id
2746 4082 2966 4138 factum
2991 4080 3557 4148 mirarentur,atque
3586 4082 3785 4133 mente

2142 4174 2543 4232 abalienatum
2570 4171 2972 4229 Alexandrum
3004 4173 3322 4242 putarent:
3355 4183 3423 4223 ac
3453 4166 3786 4239 prassertim

2146 4265 2452 4320 Parmenio
2467 4263 2761 4319 exercitus
2784 4261 2994 4317 ductor
3004 4260 3323 4315 miraretur
3343 4256 3487 4329 quid
3504 4256 3589 4311 rei
3610 4260 3787 4324 esset,

2143 4354 2302 4425 quod
2328 4353 2518 4408 instar
2546 4351 2919 4408 subditorum
2951 4350 3209 4421 alicujus
3238 4364 3302 4404 se
3334 4348 3395 4403 in
3429 4352 3646 4402 terram
3676 4362 3779 4401 rex

2143 4440 2559 4513 prostravisset
2590 4456 2603 4494 :
2635 4438 2945 4511 respondit
2972 4436 3492 4504 Alexander,hunc
3522 4452 3584 4490 se
3608 4435 3787 4489 hono-

2142 4545 2269 4585 rem
2326 4546 2447 4584 non
2491 4528 2756 4600 pontifici
2815 4526 3119 4594 detulisse,
3174 4541 3377 4581 verum
3426 4525 3545 4579 Deo
3606 4538 3787 4593 quem

2144 4619 2195 4674 is
2241 4618 2484 4687 coleret,
2542 4634 2611 4674 ac
2659 4617 2759 4689 qui
2813 4616 2926 4672 sibi
2985 4616 3272 4672 auxilium
3332 4620 3534 4669 contra
3584 4613 3786 4667 hostes

2142 4708 2665 4781 promisisset,Quo
2688 4706 2848 4763 enim
2880 4710 3148 4777 tempore
3181 4704 3402 4759 bellum
3426 4705 3630 4758 contra
3649 4702 3786 4754 Per-

2142 4814 2237 4854 sas
2258 4797 2813 4868 meditatus,eorum
2835 4795 3138 4867 ingentem
3163 4791 3487 4864 potentiam
3511 4787 3785 4844 reformi-

2138 4886 2359 4953 dasset,
2395 4890 2578 4943 Deum
2635 4884 2747 4940 sibi
2803 4900 2910 4957 per
2938 4882 3305 4938 insomnium
3364 4877 3559 4951 specie
3605 4876 3784 4949 hujus

2137 4974 2437 5048 pontificis
2485 4975 2696 5038 visum,
2739 4973 2894 5028 bono
2955 4987 3084 5027 esse
3142 4969 3343 5025 animo
3392 4966 3667 5040 jussisse,
3725 4972 3784 5021 et

2136 5068 2415 5125 alacriter
2442 5067 2780 5123 institutum
2805 5064 3045 5136 exsequi
3073 5079 3085 5117 :
3106 5078 3243 5116 nam
3265 5076 3373 5115 suo
3404 5065 3554 5115 nutu
3571 5064 3781 5114 Persa-

2136 5175 2268 5214 rum
2299 5174 2543 5231 regnum
2596 5156 2658 5211 in
2715 5156 2911 5227 ipsum
2975 5150 3372 5223 Alexandrum
3421 5148 3776 5204 desiturum.

2136 5249 2337 5319 Itaque
2370 5247 2481 5302 sibi
2516 5245 2794 5318 pontiﬁce
2824 5243 2883 5298 in
2937 5243 3050 5298 hoc
3078 5240 3285 5296 habitu
3317 5244 3655 5311 conspecto,
3715 5239 3776 5293 in

2136 5336 2486 5393 memoriam
2519 5334 2881 5390 insomnium
2901 5332 3210 5388 redactum
3241 5346 3254 5384 :
3283 5344 3465 5402 seque
3488 5328 3646 5384 haud
3667 5327 3773 5384 abs

2133 5442 2196 5481 re
2227 5424 2527 5482 adorasse.
2563 5425 2698 5479 Haec
2752 5424 2928 5490 fatus,
2962 5421 3169 5477 dextra
3227 5434 3459 5474 summo
3509 5417 3776 5491 pontiﬁci

2133 5516 2374 5589 injecta,
2407 5512 2828 5570 comitantibus
2858 5510 3089 5568 caeteris
3119 5507 3546 5576 sacerdotibus,
3571 5507 3779 5563 Hiero-

2133 5604 2360 5678 solyma
2392 5603 2635 5661 intravit
2667 5602 2751 5659 lbi
2786 5617 3087 5659 sacrarum
3121 5599 3472 5656 Litterarum
3502 5596 3776 5653 doctores
