4186 6190
445 377 557 438 381

1588 374 2138 438 HISTORIARUM
2181 376 2732 444 COMPENDIUM.

3739 387 3858 450 382

439 524 571 576 των,
601 502 728 573 ἢτοι
758 503 841 567 κθ’
877 501 966 558 καὶ
997 501 1235 576 ἡμίσους
1287 501 1518 578 ἡμέρας,
1549 502 1637 556 καὶ
1696 506 1793 557 τοῦ
1825 501 2094 556 κυκλικοῦ

2212 505 2490 562 nimirum
2519 508 2748 566 dierum
2781 529 2915 568 cum
2957 513 3202 569 semisse
3227 513 3365 569 diei.
3392 517 3459 570 Et
3481 531 3617 570 cum
3643 515 3856 573 solaris

443 594 690 650 ἐνιαυτοῦ
746 598 844 649 τοῦ
882 595 998 648 καθ’
1054 592 1216 663 ἥλιον
1278 589 1619 670 ὑπάρχοντος
1651 594 1875 666 ἡμερῶν
1903 591 2005 661 τξε¹
2033 586 2096 656 δ’,

443 684 546 753 τὴν
595 683 735 738 κατά
786 680 1022 754 σελήνην
1062 677 1450 754 δωδεκάμηνον
1497 679 1904 753 παραλλάσσειν
1956 676 2100 751 ἠμέ-

446 793 545 848 ρας
580 774 645 827 ια“
675 771 737 831 δ’.
783 775 880 828 Διά
925 776 1085 828 τοῦτο
1168 769 1423 828 Ἰουδαῖοι
1461 776 1606 843 τρεῖς
1642 776 1812 841 μῆνας
1867 763 2102 841 ἐμϐολί-

448 883 584 935 μους
662 864 752 937 [Ρ.
810 864 932 936 196]
1020 860 1072 916 ἐν
1155 857 1325 916 ἔτεσιν
1387 859 1531 915 ὀκτὼ
1589 853 2099 932 παρεμϐάλλουσιν·

445 952 667 1014 ὀκτάκις
699 953 803 1029 γὰρ
831 955 947 1026 (38)
974 951 1042 1007 τὰ
1076 952 1140 1006 ια’
1196 951 1284 1006 καὶ
1345 957 1396 1022 η’
1461 949 1502 1004 δ’
1559 953 1778 1006 ποιοῦσι
1806 949 2099 1024 τρίμηνον.

513 1126 770 1206 Τιϐέριος
802 1131 830 1185 ὁ
865 1130 980 1192 υἱὸς
1039 1133 1138 1186 τοῦ
1196 1128 1465 1200 Καίσαρος
1498 1128 1524 1182 ὁ
1557 1125 2098 1203 προμνημονευθεὶς,

445 1221 606 1282 οὗτος
637 1219 768 1298 ἔσχε
827 1226 986 1275 Γαῖον
1039 1218 1274 1293 ἀνεψιόν.
1336 1219 1702 1292 Ἀστρολόγου
1734 1214 1792 1271 δὲ
1827 1221 1922 1272 τοῦ
1957 1221 2099 1290 Θρα-

443 1310 614 1364 σύλου
649 1312 760 1383 (39)
794 1308 982 1386 γέγονε
1025 1305 1279 1385 Τίϐέριος
1328 1310 1618 1381 φοιτητής,
1652 1306 1711 1370 ὅς
1740 1310 2000 1367 τοσοῦτος
2031 1307 2096 1375 ἦν

445 1399 545 1466 τήν
601 1397 804 1473 τέχνην
855 1399 929 1462 ὡς
975 1398 1446 1474 ἀγανακτήσαντός
1503 1418 1634 1453 ποτε
1687 1402 1786 1452 τοῦ
1842 1391 2099 1469 Τιϐερίου

445 1489 562 1542 κατ’
619 1489 808 1556 αὐτοῦ,
868 1487 956 1543 καὶ
1019 1487 1384 1565 βουληθέντος
1443 1484 1594 1566 ἄφνω
1638 1485 1727 1542 διὰ
1754 1491 1851 1541 τοῦ
1881 1485 2100 1561 τείχους

447 1575 607 1632 αὐτὸν
665 1577 899 1647 ὠοῆσαι,
967 1577 1354 1652 σκυθρωπάσαι
1421 1577 1546 1656 φασὶ
1646 1575 1740 1631 τὸν
1817 1574 2097 1650 Θρασύλον

445 1666 706 1740 παρευθύ.
743 1666 1156 1740 Ἐρωτήσαντος
1215 1661 1274 1720 δὶ
1325 1660 1589 1740 Τιϐερίου
1647 1666 1746 1732 τὴν
1791 1663 1964 1718 αἰτίαν
1992 1657 2094 1739 ἔφη

447 1754 788 1820 αἰσθάνεσθαι
870 1753 1230 1829 κλιμακτῆρα
1314 1752 1473 1829 ἐγγὺς
1577 1751 1744 1808 αὐτοῦ
1839 1751 2096 1827 μέγιστον

2209 594 2574 652 circuitionis
2605 617 2796 656 annus
2845 602 2920 656 sit
2949 602 3181 658 dierum
3225 605 3327 658 365
3381 621 3447 659 ac
3479 605 3852 676 quadrantis,

2208 683 2407 755 itaque
2432 686 2743 745 duodecim
2766 691 3005 747 lunares
3029 709 3264 748 menses
3301 697 3354 747 11
3388 693 3596 750 diebus
3615 695 3850 766 dieique

2208 773 2534 843 quadrante
2567 786 2824 850 superet,
2857 781 2988 837 ideo
3027 783 3209 837 Judaei
3241 789 3359 837 tres
3392 799 3650 850 menses,
3684 786 3782 855 qui
3819 803 3852 841 a

2207 878 2271 917 re
2304 864 2518 922 Grmcis
2551 867 2906 925 embolimaai
2936 871 3235 940 dicuntur,
3270 873 3852 930 intercalantoctavo

2209 968 2444 1023 quoque
2488 971 2665 1012 anno.
2708 961 2851 1014 Nam
2901 961 3085 1016 octies
3132 961 3407 1016 undecim
3456 961 3584 1016 dies
3635 967 3692 1018 et
3720 969 3852 1018 octo

2207 1042 2566 1112 quadrantes
2594 1047 2710 1102 diei
2744 1048 3012 1104 efficiunt
3041 1056 3160 1106 tres
3192 1067 3446 1106 menses.

2277 1131 2431 1188 844
2480 1135 2743 1191 Tiberius
2797 1139 3112 1209 praedictus
3155 1140 3396 1195 fratrem
3452 1141 3675 1211 habuit,
3735 1159 3850 1212 quo

2205 1225 2378 1276 natus
2418 1228 2508 1277 est
2552 1225 2742 1280 Caius.
2796 1227 3060 1283 Tiberius
3091 1229 3370 1300 astrologi
3419 1231 3707 1300 Thrasylli
3739 1231 3850 1284 fuit

2205 1308 2532 1382 discipulus
2554 1315 2848 1373 assiduus.
2881 1318 3065 1372 Tanta
3118 1319 3229 1372 fuit
3279 1319 3584 1390 Thrasyllo
3616 1320 3848 1390 peritia,

2204 1403 2270 1452 ut
2299 1414 2432 1454 cum
2465 1416 2598 1456 eum
2639 1403 2957 1460 Tiberirius
3007 1409 3193 1461 iratus
3225 1407 3481 1477 quodam
3533 1407 3627 1462 die
3662 1407 3854 1462 subito

2204 1489 2568 1560 praecipitem
2601 1492 2672 1547 de
2706 1510 2874 1549 muro
2907 1511 3077 1568 agere
3110 1497 3412 1552 statuisset
3437 1513 3656 1551 secum.
3693 1497 3850 1552 illico

2204 1577 2368 1633 vultu
2403 1581 2744 1638 maestitiam
2793 1584 3133 1656 Thrasyllus
3183 1586 3529 1657 prmtulerit,
3584 1601 3856 1641 causam-

2205 1683 2318 1737 que
2350 1684 2384 1722 a
2431 1669 2661 1724 Tiberio
2724 1672 3141 1744 interrogatus,
3194 1692 3324 1730 eam
3371 1675 3482 1730 sibi
3534 1675 3740 1730 horam
3773 1675 3865 1730 vel

2203 1756 2460 1812 maxime
2493 1761 2733 1815 scansili
2766 1779 3058 1818 annorum
3091 1764 3217 1836 lege
3248 1764 3647 1836 periculosam
3678 1783 3738 1819 se
3774 1765 3857 1818 in-

445 1843 612 1918 ταύτῃ
665 1847 736 1918 τῇ
793 1843 926 1918 ὥρᾳ.
1010 1844 1112 1900 Καὶ
1198 1846 1294 1898 τοῦ
1377 1836 1636 1916 Τιϐερίου
1696 1841 2092 1916 θαυμάσαντος,

2212 1845 2476 1918 telligere
2539 1850 2783 1906 dixerit:
2843 1853 3038 1924 itaque
3112 1853 3408 1908 Tiberium
3466 1853 3860 1909 admiratione

449 1933 600 1989 ἐᾶσαι
635 1933 793 1988 αὐτόν
823 1953 957 2010 φησι
989 1933 1371 2006 Πλούταρχος.

515 2024 640 2080 Ὀτι
672 2017 924 2092 Τιϐέριος
969 2026 1087 2084 τοῖς
1135 2025 1244 2075 τῶν
1307 2019 1523 2076 πόλεων
1569 2019 1834 2097 ἄρχουσιν
1875 2017 2102 2094 ἔγραφεν

449 2111 522 2173 ὡς
555 2109 608 2166 εἷ’
657 2132 711 2166 τι
768 2109 916 2184 παρὰ
965 2108 1092 2171 τοὺς
1145 2108 1350 2182 νόμους
1409 2110 1629 2184 γράψει,
1677 2111 1751 2182 μή
1809 2107 2100 2184 προσέχειν

453 2200 615 2280 φησὶν
649 2199 724 2260 ὡς
755 2198 1106 2271 ἀγνοήσαντι.
1163 2197 1336 2258 Οὗτος
1391 2199 1479 2253 καὶ
1540 2195 1782 2272 βραδέως
1821 2196 1946 2252 τοὺς
2002 2195 2101 2268 ἄρο

455 2308 662 2367 χοντας
712 2284 989 2362 διεδέχετο
1036 2284 1217 2364 φειδοῖ
1271 2290 1376 2340 τῶι
1439 2287 1719 2357 ὑπηκόων.
1776 2285 2103 2361 Ἐρωτηθεὶς

453 2375 511 2433 δὲ
539 2378 639 2446 τήν
701 2377 874 2432 αἰτίαν
927 2376 1046 2430 εἶπε
1099 2377 1198 2444 τὴν
1246 2376 1544 2450 παροιμίαν
1604 2382 1711 2432 τῶν
1765 2375 2101 2447 ἐπικαθημέ-

455 2489 560 2522 νων
596 2469 880 2539 μυιῶντῷ
935 2464 1242 2541 τραυματίᾳ
1297 2465 1387 2518 καὶ
1445 2468 1542 2520 τοῦ
1599 2463 1925 2535 Θελήσαντος
1963 2464 2104 2518 ἀπο.

457 2551 693 2626 σοϐῆσαι
725 2554 922 2616 ταύτας
969 2554 1060 2608 καὶ
1108 2551 1448 2617 κωλυθέντος
1506 2554 1609 2608 ὑπὸ
1639 2558 1735 2608 τοῦ
1763 2553 2100 2627 τραυματίου

458 2647 722 2716 εἰπόντος,
761 2645 849 2700 ’ἰνα
897 2647 972 2718 μή
1007 2643 1171 2701 ἄλλαι
1204 2649 1462 2700 πεινῶσαι
1512 2641 1744 2718 αἵματος
1803 2643 2100 2708 ἐπέλθοιεν,

526 2925 672 2995 Φησὶ
703 2921 761 2979 δὲ
793 2916 1056 2984 Εὐσέϐιος
1115 2922 1198 2978 ὅτι
1255 2927 1334 2994 τῷ
1382 2923 1439 2977 ιε’
1468 2917 1573 2978 ἔτει
1613 2917 1866 2997 Τιϐερίου
1903 2922 2102 2998 βαπτί-

455 3020 600 3086 ζεται
633 3015 662 3069 ὁ
694 3013 896 3089 Κύριος
955 3015 1115 3086 ἡμῶν
1173 3014 1382 3082 Ἰησοῦς
1438 3014 1695 3088 Χριστὸς,
1753 3010 1973 3086 συνῳδᾶ
2023 3019 2102 3087 τῷ

452 3103 795 3180 ΕὖαγγεΛίῳ,
833 3103 919 3157 καὶ
965 3101 1015 3156 ἐν
1077 3107 1157 3173 τῷ
1219 3102 1287 3172 ιη’
1341 3101 1404 3156 τὸ
1463 3103 1732 3177 σωτήριον
1767 3101 1968 3174 ὑπέστη
2004 3104 2104 3158 πά-

447 3194 562 3264 θος,
598 3192 648 3247 έν
683 3188 787 3247 ἔτει
828 3197 925 3248 τοῦ
984 3191 1194 3264 κόσμου
1253 3192 1384 3269 εφθ’.
1444 3192 1641 3267 Γράφει
1697 3189 1871 3246 δὲκαὶ
1905 3192 2101 3264 Ἰώση-

449 3305 549 3346 πος
577 3282 703 3359 περέ
766 3283 858 3355 μὶν
917 3283 1169 3338 Ἰωάννου
1225 3286 1322 3337 τοῦ
1382 3285 1686 3338 Βαπτιστοῦ
1743 3288 1931 3341 ταῦτα.
1981 3289 2101 3342 Τισὶ

451 3379 558 3428 τῶν
591 3369 863 3429 Ἰουδαίων
925 3368 1100 3426 ἐδόκει
1158 3368 1488 3426 διολωλέναι
1539 3373 1629 3427 τὸν
1663 3371 1912 3445 Ἡρώδου
1943 3395 2103 3451 στρα-

453 3463 541 3518 τὸν
588 3463 691 3518 ὑπὸ
723 3465 857 3517 Θεοῦ
887 3461 978 3515 καὶ
1013 3459 1162 3535 μάλα
1209 3457 1419 3515 δικαίαν
1474 3463 1792 3535 τιννυμένου
1826 3460 1982 3534 δίκην
2014 3461 2103 3520 διὰ

454 3554 652 3623 ποινὴν
711 3549 961 3606 Ἰωάννου
997 3551 1096 3606 τοῦ
1151 3547 1494 3622 καλουμένου
1535 3556 1860 3608 Βαπτιστοῦ.
1904 3551 2104 3610 Τοῦτον

457 3643 558 3718 γάρ
590 3637 842 3716 Ἡρώδης
903 3638 1102 3695 κτείνει
1161 3639 1360 3716 ἀγαθὸν
1415 3637 1582 3714 ἄνδρα
1637 3642 1727 3695 καὶ
1785 3647 1904 3705 τοῖς
1961 3645 2100 3700 Ἰου-

454 3730 627 3794 δαίοις
657 3729 952 3786 κελεύοντα
1000 3729 1198 3804 ἀρετὴν
1247 3728 1497 3784 ἐπασκεῖν
1533 3730 1623 3784 καὶ
1652 3732 1718 3785 τά
1749 3731 1883 3805 πρὸς
1925 3731 2100 3803 ἀλλή-

449 3820 581 3882 λους
613 3816 930 3891 δικαιοσ-ὂνῃ
964 3817 1052 3872 καὶ
1103 3819 1170 3872 τά
1227 3819 1365 3892 πρὸς
1422 3817 1550 3872 Θεὸν
1586 3813 1826 3889 εὐσεϐείᾳ
1858 3822 2099 3893 χρῆσθαι

443 3910 535 3966 καὶ
568 3910 808 3964 συνιέναι
844 3906 1168 3982 βαπτισμὸν.
1231 3907 1360 3982 Περὶ
1421 3904 1478 3962 δὲ
1527 3911 1628 3962 τοῦ
1664 3909 1906 3982 Χριστοῦ
1935 3909 2099 3965 πάλιν

443 4002 472 4054 ὁ
501 3998 662 4060 αὐτός
694 4017 884 4076 φησιν,
915 3997 1020 4066 δτι,
1053 3995 1200 4050 Κατᾶ
1253 3997 1346 4051 τὸν
1404 3997 1592 4072 καιρὸν
1619 4001 1811 4054 τοῦτον
1847 3999 2040 4070 Ιησοῦς
2071 4000 2100 4056 ὁ

448 4089 612 4166 σοφὸς
669 4088 807 4162 ἀνὴρ
863 4090 954 4156 ἦν,
1014 4084 1130 4164 εἷ’γε
1181 4083 1350 4161 ἄνδρα
1411 4085 1585 4163 λέγειν
1613 4086 1772 4142 αὐτὸν
1806 4088 1999 4164 έχρῆνο
2033 4090 2098 4158 ἦν

446 4178 546 4254 γὰρ
595 4173 914 4252 παραδόξων
964 4171 1140 4251 ἔργων
1196 4175 1434 4245 ποιητὴς
1487 4175 1576 4229 καὶ
1635 4171 1963 4240 διδάσκαλος
2009 4179 2101 4233 ἀν-

453 4267 685 4341 θγώπων
715 4270 823 4320 τῶν
865 4262 920 4318 έν
973 4260 1148 4337 ἡδονῇ
1204 4262 1423 4332 τάληθῆ
1481 4260 1815 4338 δεχομένωνο
1849 4264 2102 4332 πολλοὺς

452 4356 554 4432 γὰρ
585 4355 676 4410 καὶ
733 4353 840 4408 ὰπὸ
895 4351 1182 4423 Ἑλλήνων
1242 4352 1479 4430 ἠγάγετο
1520 4351 1771 4427 Χριστός.
1804 4355 1901 4411 "Ov
1937 4355 2103 4412 Ηιλά-

450 4466 542 4500 του
576 4444 986 4518 σταυρώσαντος
1047 4442 1144 4496 οὒκ
1201 4441 1500 4498 ἐπαύσαντο
1557 4443 1915 4516 κηρύσσοντες
1975 4445 2100 4522 περὶ

448 4535 616 4589 αὐτοῦ
673 4533 727 4588 οἱ
782 4532 844 4588 τὸ
897 4534 1114 4606 πρῶτον
1174 4530 1332 4585 αὐτὸν
1407 4531 1778 4606 ἀγαπήσαντες
1839 4535 2095 4605 μαθηταί.

449 4625 653 4702 Ἐφάνη
686 4625 789 4697 γάρ
851 4620 1034 4683 αὐτοῖς
1083 4619 1275 4696 τρίτην
1334 4619 1546 4695 ἡμέραν
1599 4619 1744 4699 ἔχων
1776 4622 1940 4679 πάλιν
1973 4628 2102 4695 ζῶν,

453 4717 558 4766 τῶν
589 4711 749 4774 θείων
781 4711 1078 4786 προφητῶν
1137 4712 1306 4763 ταῦτα
1361 4727 1419 4762 τε
1473 4709 1562 4762 καὶ
1613 4707 1758 4763 ἄλλα
1828 4730 2103 4786 μαρτυρη-

456 4803 662 4856 σάντων
692 4798 817 4874 περί
875 4796 1042 4852 αὐτοῦ
1099 4795 1371 4870 θαυμάσια
1424 4796 1513 4851 καὶ
1571 4796 1894 4870 εἰρηκότων.
1928 4799 2104 4862 Οὗτος

2136 4577 2185 4639 D

2209 1942 2444 2006 captum
2481 1940 2534 1995 ei
2560 1941 2917 2012 pepercisse.
2950 1943 3169 1996 Auctor
3197 1943 3571 2000 Plutarchus.

2281 2028 2525 2101 Scripsit
2555 2029 2821 2085 Tiberius
2867 2031 2941 2085 ad
2988 2030 3224 2086 urbium
3275 2033 3583 2104 prmfectos
3618 2048 3692 2087 ne
3745 2033 3856 2088 sibi

2206 2117 2432 2189 aliquid
2480 2119 2706 2190 legibus
2737 2118 3050 2175 adversum
3082 2138 3188 2192 per
3231 2121 3518 2192 rescripta
3548 2121 3855 2177 mandanti

2205 2207 2704 2280 obtemperarent,
2728 2209 2832 2264 sed
2858 2210 3212 2282 ignorationi
3237 2210 3295 2264 id
3320 2210 3668 2266 tribuerent.
3697 2211 3862 2266 Idem

2205 2297 2500 2368 praefectis
2545 2297 2770 2353 tardius
2808 2315 3182 2354 successores
3202 2299 3385 2366 misit,
3415 2299 3664 2354 subditis
3697 2317 3764 2355 ea
3795 2301 3857 2355 in

2203 2403 2266 2440 re
2299 2402 2561 2456 parcens.
2602 2387 2972 2458 Causamque
3001 2394 3240 2460 rogatus
3277 2389 3534 2443 tabulam
3587 2389 3859 2459 protulit.

2203 2475 2521 2544 Cujusdam
2555 2475 2897 2530 vulneribus
2928 2491 3162 2530 muscas
3207 2476 3519 2544 insedisse,
3571 2494 3846 2548 superve-

2203 2567 2396 2620 nissse
2428 2566 2744 2636 quemdam
2776 2567 2876 2636 qui
2912 2583 3011 2621 eos
3043 2567 3217 2622 vellet
3257 2567 3531 2639 abigere:
3586 2569 3854 2623 saucium

2204 2671 2341 2710 vero
2373 2654 2431 2708 id
2464 2655 2855 2726 prohibuisse,
2891 2655 3047 2726 quod
3081 2656 3304 2710 diceret
3336 2657 3396 2710 in
3429 2661 3591 2712 metu
3622 2675 3682 2712 se
3716 2673 3846 2711 esse

2204 2761 2280 2800 ne
2311 2761 2515 2800 earum
2546 2745 2608 2798 in
2640 2745 2836 2799 locum
2867 2745 2999 2800 alia:
3033 2745 3383 2818 sanguinem
3415 2746 3738 2800 etiamnum
3775 2747 3850 2800 si-

2207 2833 2422 2888 tientes
2449 2833 2856 2888 succederent.

2278 2921 2477 2978 Tradit
2509 2921 2799 2976 Eusebius
2821 2937 2978 2977 anno
2995 2922 3211 2977 Tiberii
3244 2926 3304 2976 15
3338 2923 3634 2978 Christum
3665 2923 3853 2995 bapti-

2208 3019 2437 3078 zatum;
2473 3011 2630 3083 quod
2659 3028 2792 3066 cum
2825 3012 3135 3083 Evangelia
3168 3013 3458 3085 congruit.
3485 3014 3848 3084 Passumque

2209 3118 2362 3158 anno
2396 3101 2610 3156 Tiberii
2675 3103 2760 3168 18,
2793 3101 2997 3155 mundi
3057 3102 3216 3156 5539.
3277 3102 3438 3157 Idem
3497 3103 3569 3157 de
3624 3104 3848 3158 Joanne

2131 3208 2175 3276 ρ
2215 3193 2472 3264 Baptista
2502 3191 2586 3246 sic
2613 3190 2836 3246 scribit.
2883 3190 3128 3256 Quidam
3159 3191 3344 3246 Judaei
3377 3192 3861 3248 existimaverunt

2214 3281 2462 3338 Herodis
2493 3281 2813 3336 exercitum
2847 3297 2880 3336 a
2911 3282 3022 3336 Deo
3053 3281 3234 3335 fuisse
3261 3280 3733 3353 delectumjusta
3758 3282 3856 3337 ad—

2215 3371 2456 3426 modum
2504 3369 2762 3426 vindicta
2819 3371 2892 3424 ob
2924 3371 3144 3426 caedem
3197 3371 3408 3426 Joanni
3463 3379 3855 3444 cognomento

2214 3462 2487 3532 Baptista:
2518 3460 2784 3515 illatam.’
2805 3461 2968 3514 Hunc
2999 3461 3156 3514 enim
3199 3461 3398 3515 necari
3442 3460 3700 3516 Herodes
3722 3462 3855 3532 jus-

2215 3555 2390 3617 serat,
2424 3549 2610 3604 virum
2643 3549 2865 3604 bonum
2897 3553 2955 3603 et
2974 3547 3207 3604 Judmos
3237 3549 3311 3604 ad
3345 3549 3606 3604 studium
3626 3549 3857 3603 virtutis

2214 3637 3081 3708 exhortantem,justitiamque
3101 3638 3160 3692 in
3186 3637 3316 3692 vitm
3347 3639 3496 3695 345
3526 3639 3860 3694 communis

2212 3744 2322 3782 usu
2339 3733 2398 3781 et
2428 3725 2501 3782 ad
2525 3727 2800 3798 pietatem
2819 3728 2938 3780 Deo
2961 3727 3359 3797 prmstandam
3385 3727 3863 3798 intelligendum-

2212 3833 2326 3887 que
2366 3815 2746 3888 baptismum.
2809 3817 3062 3870 Rursum
3113 3815 3183 3868 de
3211 3816 3444 3870 Christo
3500 3815 3657 3870 idem
3690 3817 3857 3870 haec:

2212 3927 2239 3954 «
2273 3905 2404 3958 Fuit
2452 3920 2521 3958 eo
2553 3909 2818 3974 tempore
2849 3904 3037 3967 Jesus,
3091 3903 3174 3956 vir
3205 3903 3462 3974 sapiens,
3516 3904 3564 3958 si
3613 3903 3854 3973 quidem

2211 4011 2346 4051 eum
2379 3994 2568 4048 virum
2599 3991 3048 4064 appellarelicet
3076 4009 3088 4058 ;
3121 4009 3259 4046 nam
3291 3998 3348 4046 et
3378 3991 3675 4047 mirabilia
3704 3991 3856 4048 facta

2209 4084 2350 4140 fecit
2381 4089 2438 4138 et
2469 4082 2742 4138 homines
2773 4080 2974 4136 docuit
3003 4083 3304 4136 veritatem
3338 4081 3594 4136 libenter
3619 4081 3853 4152 ample-

2211 4178 2458 4242 ctentes,
2491 4171 2828 4241 multosque
2861 4170 3037 4224 etiam
3063 4169 3133 4224 de
3158 4170 3372 4224 Graecis
3402 4168 3725 4240 discipulos
3747 4170 3856 4224 ha-

2210 4264 2356 4320 buit.
2391 4264 2558 4330 Eum,
2617 4277 2752 4316 cum
2785 4265 2941 4316 esset
2989 4277 3023 4316 a
3060 4260 3248 4315 Pilato
3282 4260 3344 4315 in
3392 4277 3628 4316 crucem
3668 4265 3856 4329 actus,

2211 4352 2531 4426 praedicare
2545 4367 2665 4406 non
2679 4350 2825 4405 desii
2837 4355 3032 4406 terunt
3047 4350 3189 4406 disci
3198 4350 3450 4422 puli,qui
3465 4350 3650 4404 semel
3664 4350 3862 4421 ipsum

2211 4440 2562 4496 dilexerant.
2597 4437 2790 4494 Tertia
2822 4439 2980 4493 enim
3014 4439 3086 4494 ab
3118 4439 3282 4494 obitu
3309 4456 3414 4494 suo
3447 4438 3543 4492 die
3567 4438 3863 4494 redivivus

2214 4531 2300 4586 eis
2330 4528 2623 4600 apparuit,
2649 4545 2783 4583 cum
2824 4528 3065 4599 quidem
3095 4528 3277 4582 divini
3314 4535 3472 4583 vates
3507 4529 3633 4583 haec
3663 4533 3721 4582 et
3751 4528 3864 4583 alia

2215 4621 2286 4676 de
2319 4636 2388 4674 eo
2451 4617 2803 4673 miraculosa
2846 4619 2974 4690 jam
3031 4623 3166 4673 ante
3221 4618 3414 4673 testati
3464 4634 3530 4672 ac
3563 4617 3862 4672 vaticinati

2215 4711 2485 4767 fuissent.
2522 4730 2548 4757 ››
2583 4707 2779 4763 Voluit
2807 4708 3071 4764 Tiberius
3102 4708 3514 4762 miraculorum
3548 4723 3582 4760 a
3631 4706 3861 4760 Christo

2216 4802 2512 4858 editorum
2543 4799 2702 4855 fama
2732 4799 3019 4855 excitatus
3073 4797 3452 4870 imperatorio
3498 4796 3690 4852 edicto
3722 4811 3858 4850 eum

1651 4896 2014 4954 XYLANDRI
2054 4902 2140 4956 ET
2179 4899 2394 4958 GOARI
2433 4899 2658 4955 NOTAE.

523 4999 632 5069 138)
667 4998 853 5053 Locus
877 4996 973 5069 hic
1013 4995 1279 5069 lubricus
1321 5001 1448 5069 est.
1509 4995 1858 5069 Quanquam
1909 4996 1982 5051 de
2039 5012 2102 5052 re

452 5077 573 5126 tota
603 5065 776 5142 longe
827 5068 1047 5142 rectius
1103 5067 1244 5142 alibi
1304 5065 1656 5142 disputetur.
1689 5065 2099 5142 Notaaquibus

455 5142 634 5220 ϐξ·ωοὶ
659 5137 807 5196 ιιῐιιη
817 5145 916 5220 tur
923 5141 984 5194 in
1001 5139 1264 5220 numeris
1278 5137 1810 5220 signandis‘partim
1833 5137 2097 5220 obscura

455 5215 754 5286 plerisque
786 5216 944 5286 sunt,
968 5211 1181 5286 partim
1205 5209 1865 5286 ineptorum_librorun1_
1897 5211 2102 5286 depra-

456 5278 673 5342 vationi
704 5285 883 5356 nimis
915 5278 1094 5356 quam
1124 5278 1382 5336 obnoxii.
1428 5281 1513 5342 κδ’
1557 5278 1592 5356 ιι
1642 5288 1732 5336 est
1759 5282 1958 5354 viginti
1976 5278 2098 5338 'no-

455 5375 580 5413 vem
613 5373 750 5412 cum
783 5355 1054 5436 dimidio,
1103 5370 1256 5436 πωξυ(⁸
1291 5370 1338 5408 s.
1375 5359 1498 5436 et;
1531 5355 1772 5436 necesse
1805 5359 1992 5436 estAex
2037 5371 2101 5436 re

456 5430 580 5510 ipsa
607 5434 674 5484 ut
703 5426 1094 5498 quadrantem
1135 5424 1418 5508 designet.
1447 5424 1561 5507 Sed
1593 5424 1852 5496 profecto
1885 5428 1916 5480 8
1947 5425 2101 5480 mul-

456 5501 718 5571 tiplicata
748 5499 810 5553 in
844 5502 902 5552 11
942 5497 1035 5570 1/4
1063 5500 1130 5552 90
1161 5497 1286 5571 dies
1317 5495 1604 5571 efficiunt,
1637 5495 1806 5571 quod,
1832 5503 1920 5551 est
1949 5496 2108 5553 ultra

461 5567 575 5630 tres
603 5571 847 5627 lunares
877 5567 1114 5624 menses
1139 5568 1332 5623 adhuc
1363 5567 1596 5622 dierum
1629 5572 1688 5622 11
1725 5567 1820 5639 1/2
1851 5574 2102 5638 tempus.

464 5643 694 5714 Alioqui
726 5645 981 5714 constat
1005 5655 1272 5695 mensem
1331 5639 1609 5714 lunarem
1628 5641 1758 5714 νομί
1769 5639 1850 5711 /2,
1884 5655 2107 5714 annum

462 5709 727 5771 lunarem
749 5714 875 5782 354,
900 5711 1153 5768 solarem
1175 5728 1400 5768 annum
1426 5713 1649 5785 3651/4
1674 5709 1906 5766 dierum
1926 5709 2110 5767 fuisse

2213 4999 2315 5054 illo
2348 5004 2614 5068 tempore
2644 4996 2718 5052 ad
2759 4995 2917 5067 quod
2943 4995 3068 5049 hinc
3099 4995 3475 5068 referuntur;
3507 4998 3596 5068 u_t_
3618 4991 3867 5062 prmcisa

2213 5071 2362 5125 ratio
2396 5063 2496 5124 hic
2525 5070 2672 5124 inita
2695 5063 3067 5138 nequaquam
3093 5067 3272 5138 videri
3298 5065 3504 5138 possit.
3535 5063 3599 5138 _Id
3624 5078 3864 5118 monen-

2209 5142 2348 5198 dum
2381 5140 2540 5203 duxi,
2574 5157 2647 5194 ne
2691 5135 2824 5211 quis
2860 5135 2954 5193 me
3001 5137 3252 5211 aliquid
3282 5135 3657 5190 dissimulare
3693 5141 3864 5211 puta-

2208 5219 2336 5268 ret:
2372 5228 2509 5266 nam
2562 5218 2621 5265 et
2645 5207 2859 5265 caltera
2908 5209 3087 5280 hujus
3114 5207 3257 5263 iloci
3291 5225 3410 5263 non
3471 5213 3610 5263 sunt
3658 5207 3861 5262 omnia

2209 5286 2458 5353 integra.
2493 5284 2627 5336 XYL.

2279 5350 2389 5424 (36:
2425 5355 2500 5409 De
2557 5353 2859 5424 Thrasyllo
2910 5352 3143 5406 Tacitus
3177 5352 3214 5406 l.
3248 5369 3279 5405 v
3313 5357 3372 5405 et
3419 5351 3522 5424 Dio
3582 5356 3786 5406 noster
3817 5350 3859 5404 Ι.

2207 5422 2698 5497 ινεκλιμακτῆρες
2732 5422 2830 5494 qui
2873 5424 2995 5497 sint
3043 5430 3143 5478 aut
3173 5425 3274 5497 qui
3295 5496 3300 5497 ί
3323 5423 3523 5478 Latine
3555 5429 3859 5497 vocentur,

2209 5496 2310 5552 alii
2345 5495 2787 5567 explanandum
2823 5495 3096 5565 relinquo
3153 5495 3411 5550 Plinium
3439 5511 3543 5567 ego
3595 5495 3860 5550 imitatus

2210 5585 2387 5639 quem
2421 5567 2546 5622 vide
2598 5568 2638 5624 l.
2674 5585 2743 5622 vn
2795 5585 2846 5622 c.
2895 5568 2985 5638 49)
3036 5574 3094 5621 et
3145 5567 3477 5632 historiam,
3529 5567 3860 5636 exprimere

2208 5646 2458 5696 conatus
2490 5657 2640 5696 sum.
2677 5640 2813 5703 XvL,
