4186 6190
305 353 421 414 383

1661 354 1974 416 GEORGII
2019 356 2360 421 CEDRENI

3599 363 3719 426 384

307 486 464 542 inter
491 487 634 543 deos
663 487 904 556 referre,
964 487 1068 542 sed
1097 503 1130 544 a
1176 494 1385 545 senatu
1440 489 1762 560 impeditus
1817 489 1940 547 fuit.

2065 488 2093 543 6
2125 484 2379 567 Τιϐέριος
2441 493 2672 557 ἀκούσας
2725 492 2795 548 τὰ
2849 493 2974 567 περῖ
3031 496 3130 548 τοῦ
3187 495 3420 566 Χριστοῦ
3468 493 3716 568 θαύματα

310 578 532 632 Auctor
558 576 866 632 Eusebius.

377 839 596 895 Eodem
631 841 862 896 Tiberio
907 842 1258 913 imperante,
1293 843 1354 900 in
1387 845 1584 902 locum
1633 846 1954 918 proditoris

309 929 662 1001 subrogatur
689 930 761 986 ab
793 933 1078 1002 apostolis
1110 934 1398 990 Matthias.
1447 935 1627 991 Iudas
1658 953 1793 992 cum
1825 953 1954 993 sese

309 1018 628 1088 suspendio
677 1020 991 1088 affecisset,
1037 1023 1302 1093 quotidie
1361 1024 1434 1080 ad
1484 1025 1954 1096 resipiscentiam

307 1108 756 1164 exhortantibus
788 1111 1072 1181 apostolis
1103 1129 1222 1166 non
1273 1112 1716 1184 obtemperans,
1748 1119 1813 1169 ut
1843 1116 1955 1169 Da-

305 1195 537 1252 minum
570 1197 714 1252 caelo
747 1198 1000 1254 subiisse
1047 1200 1290 1267 audivit,
1343 1201 1500 1257 illico
1534 1203 1616 1257 ita
1663 1203 1954 1258 intumuit

305 1291 370 1340 ut
399 1285 632 1342 medius
681 1304 931 1359 crepans
961 1290 1223 1360 perierit.
1275 1291 1382 1355 Qui
1413 1291 1458 1346 si
1491 1291 1628 1348 facti
1661 1294 1950 1364 paeniten-

306 1375 447 1430 tiam
479 1377 713 1448 egisset,
760 1376 1064 1449 nu'nquam
1117 1379 1378 1450 profecto
1420 1397 1555 1435 eum
1601 1387 1952 1452 aspernatus

303 1465 511 1522 fuisset
542 1467 592 1521 is
622 1468 723 1539 qui
756 1485 962 1524 omnes
993 1468 1114 1524 vult
1145 1469 1335 1526 salvos
1372 1471 1516 1526 fieri.

375 1732 642 1789 Tiberius
667 1734 904 1808 ingenio
935 1735 1310 1792 truculentus
1340 1737 1452 1793 fuit
1479 1737 1732 1809 vinoque
1776 1739 1953 1794 dedi-

2059 576 2348 655 ἠϐουλήθη
2406 582 2495 640 διὰ
2558 584 2859 660 βασιλικοῦ
2905 585 3079 640 τύπου
3135 585 3490 668 ἀναγορεῦσαι
3548 587 3710 643 αὐτον

2059 672 2211 742 Θεόν,
2247 672 2374 730 ἀλλ’
2423 674 2772 751 ἁντεπράχθη
2829 674 3010 747 τούτῳ
3062 675 3206 750 παρᾶ
3244 677 3344 745 τῆς
3377 676 3713 753 συγκλήτου,

2057 763 2237 826 καθὼς
2269 763 2360 820 οὖν
2389 760 2657 830 Εὐσέϐιος
2688 765 2856 840 λέγει.

2127 854 2250 910 ’Ὁτι
2284 853 2371 908 ἐπί
2402 849 2674 928 Τιϐερίου,
2733 854 2870 928 μετᾶ
2915 855 3013 923 τήν
3072 853 3344 929 ἀνάληψιν
3377 856 3474 912 τοῦ
3506 856 3710 931 Κυρίου

2057 942 2148 997 καὶ
2178 947 2311 998 Θεοῦ
2345 945 2527 1017 ἡμῶν,
2556 943 2839 1021 ἐκλέγεται
2897 945 2999 1000 ὑπό
3037 949 3147 1000 τῶν
3197 943 3521 1001 ἀποστόλων
3552 953 3711 1001 Ματ-

2059 1030 2176 1094 θίας
2234 1033 2349 1088 ἀντὶ
2409 1034 2504 1088 τοῦ
2564 1031 2860 1108 προδότου.
2915 1038 3099 1095 Ὅστις
3160 1031 3369 1094 Ἰούδας
3427 1035 3566 1108 μετᾶ
3613 1036 3712 1103 τήν

2059 1121 2325 1201 ἀγχόνην,
2383 1124 2504 1187 καθ’
2562 1123 2791 1193 ἑκάστην
2864 1122 3072 1197 ἡμέραν
3131 1121 3234 1177 ὗπὸ
3307 1127 3416 1178 τῶν
3473 1124 3714 1179 ἀποστό-

2058 1209 2170 1266 λων
2228 1214 2316 1285 [Ρ.
2385 1214 2506 1285 197]
2564 1210 3051 1287 παρακαλούμενος
3125 1212 3216 1266 καὶ
3291 1211 3712 1285 νουθετούμενος

2057 1300 2192 1374 πρὸς
2257 1299 2538 1374 μετάνοιαν
2595 1298 2794 1366 ἐλθεῖν,
2840 1301 2929 1354 καὶ
2995 1299 3069 1372 μὴ
3125 1302 3383 1367 πεισθεις,
3446 1299 3562 1355 ἐπεὶ
3594 1299 3713 1355 ἀνε-

2059 1389 2242 1466 λήφοη
2311 1392 2338 1444 6
2401 1389 2656 1464 Χριστὸς,
2740 1389 2814 1450 ὡς
2895 1387 3146 1458 ἤκουσεν,
3217 1388 3376 1452 εὐθὺς
3453 1388 3713 1466 ὁγκιυθεὶς

2057 1476 2292 1549 ἐλάκησε
2352 1477 2511 1550 μέσος
2565 1479 2656 1533 καὶ
2714 1477 2990 1535 ἀπώλετο.
3045 1477 3106 1534 Ei
3166 1477 3270 1551 γὰρ
3314 1477 3390 1540 εἷς
3425 1478 3714 1551 μετάνοιαν

2056 1565 2244 1638 ἦλθεν,
2301 1567 2401 1622 οὐκ
2457 1567 2519 1622 ἂν
2576 1566 2736 1622 αὐτὸν
2794 1567 3054 1622 ἀπώσατο
3085 1568 3114 1622 6
3145 1567 3347 1630 πάντας
3397 1566 3572 1623 θέλων
3603 1588 3713 1622 σω-

2059 1662 2240 1725 θῆναι.

2125 1739 2377 1820 Τιϐέριος
2407 1743 2463 1800 δὲ
2491 1749 2572 1818 τῷ
2626 1744 2814 1820 τρόπῳ
2867 1746 2957 1799 καὶ
3014 1749 3082 1820 τῇ
3140 1745 3340 1820 γνώμῃ
3388 1744 3605 1815 ἀπηνής
3640 1748 3707 1815 ἦν

304 1825 437 1877 tus:
473 1823 606 1879 ideo
637 1841 671 1878 a
713 1824 993 1880 Remanis
1024 1826 1178 1882 846
1209 1826 1475 1882 Biberius
1523 1827 1940 1885 denominaba-

2058 1833 2145 1890 καὶ
2177 1831 2330 1890 οἷ’νου
2363 1833 2621 1892 ἐλάττων.
2673 1834 2764 1889 Διὸ
2813 1833 2902 1888 καὶ
2955 1829 3322 1908 Ἐμπεϐάριον
3371 1834 3532 1889 αὐτὸν
3573 1836 3712 1891 Ῥω-

303 1919 421 1969 tur.
485 1914 797 1970 Sul'foeavit
845 1932 980 1971 eum
1039 1917 1211 1972 Caius
1260 1917 1442 1972 fratre
1507 1917 1694 1989 ipsius
1753 1923 1948 1990 natus,

305 2004 614 2076 aegrotanti
639 2004 884 2060 multam
919 2004 1196 2076 injiciens
1224 2010 1468 2063 vestem.

377 2187 437 2241 C.
467 2184 728 2257 Caligula
756 2183 966 2239 exinde
998 2185 1264 2257 regnavit
1301 2201 1489 2241 annos
1519 2190 1573 2252 ’7,
1606 2185 1782 2242 homo
1815 2191 1950 2245 stu-

305 2275 427 2348 pris
459 2291 637 2346 supra
667 2275 909 2330 modum
932 2274 1186 2330 deditus.
1209 2276 1262 2329 Is
1294 2275 1354 2330 in
1379 2275 1571 2330 forum
1603 2292 1951 2350 progressus

299 2382 434 2421 cum
467 2381 699 2421 omnum
729 2364 1156 2436 conspexisset,
1191 2381 1259 2420 eo
1290 2365 1497 2420 accivit
1525 2365 1786 2421 Flavium
1811 2366 1952 2422 Ves-

299 2455 610 2526 pasianum
645 2460 784 2509 tunc
811 2453 1065 2521 aedilem,
1107 2453 1213 2508 sed
1241 2456 1342 2526 qui
1390 2460 1595 2526 postea
1626 2455 1952 2527 imperator

301 2550 390 2599 est
421 2543 650 2610 factus;
699 2543 904 2615 inique
956 2543 1108 2616 ejus,
1161 2548 1226 2599 ut
1256 2559 1381 2598 rem
1432 2543 1729 2616 publicam
1761 2545 1948 2618 negli-

294 2635 504 2706 gentis,
538 2638 760 2689 vestem
791 2649 1024 2688 eoenum
1065 2633 1280 2704 conjici
1305 2633 1506 2704 jussit.
1540 2635 1620 2689 Eo
1672 2634 1948 2708 designa-

293 2722 468 2778 batur
513 2739 648 2777 eum
697 2738 824 2776 rem
869 2721 1168 2792 publicam
1217 2722 1626 2778 conturbatam
1674 2729 1944 2796 receptu-

289 2828 446 2867 rum.
518 2809 800 2882 Ejusdem
877 2810 1151 2880 Caligulm
1222 2811 1473 2881 imperio
1533 2812 1788 2883 Agrippa
1846 2829 1947 2868 rex

298 2899 512 2954 Iudaeae
545 2904 603 2953 et
632 2897 832 2952 Simon
882 2900 1079 2969 Magus
1137 2897 1511 2970 baptizantur
1565 2917 1599 2956 a
1647 2901 1943 2974 Philippo,

301 2988 402 3059 qui
429 2987 540 3042 fuit
567 3003 723 3042 unus
757 2987 827 3042 de
860 2992 1086 3058 septem
1119 2986 1405 3044 diaeonis.

371 3076 688 3149 Caligulam
744 3075 1026 3132 Claudius
1085 3081 1276 3132 necat.
1338 3076 1454 3132 Sub
1486 3077 1596 3133 hoe
1636 3079 1945 3137 Cornelius

294 3167 519 3241 primus
550 3166 817 3222 omnium
848 3166 920 3222 de
943 3166 1216 3239 gentibus
1246 3165 1573 3238 baptizatur
1601 3184 1635 3224 a
1655 3169 1850 3239 Petro,
1883 3179 1942 3230 et

285 3257 504 3313 Paulus
520 3257 982 3312 instrumentum
998 3255 1303 3311 electionis
1317 3256 1530 3311 Christi
1543 3257 1939 3328 patefactione

293 3349 595 3420 apostolus
617 3348 981 3420 designatur.
1015 3347 1331 3418 Imperavit
1354 3347 1632 3403 Claudius
1662 3365 1852 3404 annos
1878 3353 1940 3405 13

287 3455 526 3493 menses
557 3441 607 3492 9.
643 3439 697 3492 Is
724 3437 871 3491 adeo
894 3435 1006 3490 fuit
1035 3435 1418 3491 meticulosus
1451 3441 1516 3492 ut
1537 3453 1744 3493 omnes
1775 3439 1849 3494 ad
1881 3455 1944 3495 se

288 3527 640 3584 accedentes
661 3527 853 3581 excuti
889 3524 1150 3596 juberat,
1185 3542 1262 3581 ne
1292 3527 1426 3597 quis
1457 3528 1609 3583 forte
1639 3528 1822 3584 sicam
1845 3547 1942 3602 ge-

285 3623 489 3674 staret.
527 3619 716 3687 Atque
741 3617 802 3671 in
827 3615 1110 3672 conviviis
1151 3622 1376 3673 armato
1418 3617 1696 3674 utebatur
1733 3621 1940 3690 pransi-

287 3709 419 3765 dio:
483 3708 644 3780 quod
673 3709 746 3764 ab
779 3726 846 3764 eo
873 3713 1129 3779 emptum
1179 3707 1397 3780 reliqui
1431 3710 1609 3765 etiam
1659 3711 1940 3784 deinceps

283 3804 724 3870 usurpaverant
763 3798 1172 3870 imperatores.
1208 3800 1286 3852 Eo
1335 3799 1664 3871 imperante
1696 3800 1942 3872 Apollo-

287 3890 426 3946 nius
456 3889 587 3956 fuit,
647 3889 839 3960 patria
879 3890 1169 3960 Tyaneus,
1215 3888 1602 3962 phil050pbus
1649 3891 1940 3963 Pythago-

289 3995 449 4045 reus,
505 3978 604 4049 qui
662 3977 907 4050 magicis
965 3981 1142 4032 notus
1209 3977 1362 4034 mira
1412 3979 1749 4050 prmstabat.
1793 3981 1939 4034 Cum

291 4069 451 4124 enim
499 4068 843 4139 Byzantium
887 4066 1186 4138 profectus
1217 4067 1289 4122 ab
1341 4067 1556 4124 incolis
1611 4074 1938 4141 rogaretur,

291 4159 411 4213 suis
445 4157 682 4230 magicis
738 4157 965 4212 artibus
1024 4157 1320 4212 eﬂ‘ecitnc
1381 4162 1685 4229 serpentes
1717 4175 1784 4214 eo
1836 4165 1940 4215 aut

287 4248 504 4318 scorpii
536 4245 912 4312 accederent,
955 4260 1099 4300 neve
1148 4245 1389 4311 culices,
1428 4263 1502 4301 ne
1536 4247 1671 4318 equi
1721 4247 1937 4303 feroci-

285 4343 438 4402 rent,
471 4354 616 4391 neve
648 4337 732 4390 illi
784 4335 878 4390 vel
935 4341 1138 4391 mutuo
1171 4335 1258 4390 vel
1318 4337 1462 4392 341
1503 4339 1565 4392 in
1613 4337 1764 4394 alios
1803 4341 1934 4395 aui-

285 4431 516 4481 mantes
533 4425 695 4480 rabie
718 4424 1009 4480 saevirent.
1029 4425 1242 4496 Lycum
1267 4443 1502 4497 quoque
1521 4443 1755 4483 amnem
1779 4446 1936 4484 com-

283 4515 532 4588 pescuit,
568 4532 640 4569 ne
668 4514 790 4570 suis
823 4512 1324 4569 exundationibus
1355 4516 1622 4586 Byzantio
1669 4523 1930 4573 noceret.

2060 1928 2218 1998 μαῖοι
2251 1923 2503 1992 ἐκάλουν,
2549 1923 2579 1979 6'
2638 1923 2891 1998 σημαίνει
2943 1925 3070 1998 παρ’
3127 1923 3316 1985 αὐτοῖς
3346 1923 3440 1978 τὸν
3472 1922 3709 1982 Οἶνοπό-

2053 2034 2171 2084 την.
2206 2015 2408 2071 Τοῦτον
2468 2015 2626 2075 Γάϊος
2687 2015 2715 2069 6
2773 2011 3096 2090 ἀδελφιδοῦς
3147 2011 3200 2068 ἐν
3259 2016 3333 2088 τῇ
3363 2014 3506 2086 νόσῳ
3537 2014 3708 2069 αὐτοῦ

2055 2101 2250 2176 ἱμάτια
2280 2100 2466 2158 πολλᾶ
2495 2103 2731 2178 περιθεὶς
2761 2101 3066 2172 ἀπέπνιξεν.

2127 2191 2428 2266 Ἐκράτησε
2476 2188 2534 2246 δὲ
2591 2190 2750 2253 Γάϊος
2805 2188 3042 2253 Ἰούλιος
3075 2195 3282 2266 Καῖσαρ
3314 2189 3407 2259 ἔτη
3437 2197 3496 2262 ζ’.
3531 2191 3704 2254 Οὗτος

2053 2281 2120 2350 ἧν
2158 2281 2566 2359 μοιχικώτατος
2605 2281 2766 2335 πάνυ·
2827 2279 2886 2342 ὅς
2955 2281 3180 2354 περιιών
3214 2301 3348 2336 ποτε
3375 2282 3474 2349 τήν
3503 2282 3705 2357 ἀγορὰν

2053 2377 2143 2424 καί
2177 2365 2306 2423 ί¹δὼν
2339 2367 2517 2438 πηλὸν
2551 2367 2602 2422 ἐν
2658 2372 2728 2443 τῇ
2787 2366 2899 2441 ὁδῷ
2956 2370 3125 2443 ἤγαγε
3184 2364 3430 2425 Φλάϐιον
3463 2369 3708 2426 Πῦεσπα-

2055 2458 2256 2527 σιανὸν,
2317 2457 2666 2533 ἀγορανόμον
2721 2457 2844 2512 τότε
2913 2456 3061 2528 ὄντα,
3137 2459 3228 2514 τὸν
3327 2460 3462 2532 μετᾶ
3539 2464 3707 2516 ταῦτα

2057 2547 2473 2624 βασιλεύσαντα,
2530 2546 2619 2602 καὶ
2679 2547 2754 2609 ὡς
2824 2546 3134 2620 ἀμελοῦντα
3190 2553 3298 2602 τῶν
3354 2553 3554 2604 κοινῶν
3609 2549 3701 2604 τὸν

2051 2635 2232 2708 πηλὸν
2287 2635 2363 2700 εἶς
2418 2639 2521 2706 τήν
2607 2636 2805 2707 ἐσθῆτα
2889 2637 3155 2712 βληθῆναι
3215 2636 3508 2694 ἐκέλευσεν·
3570 2637 3702 2714 ὅπερ

2053 2726 2292 2800 ἐσήμανε
2339 2727 2406 2780 τὰ
2461 2727 2620 2781 κοινὰ
2692 2725 3066 2801 τεταραγμένα
3150 2725 3308 2782 αὐτὸν
3373 2725 3699 2802 παραλήψε-

2051 2817 2193 2885 σθαι,
2225 2814 2348 2872 Ἐπὶ
2379 2811 2437 2870 δὲ
2463 2820 2566 2884 τῆς
2593 2818 2689 2869 τοῦ
2743 2814 2907 2870 αὐτοῦ
2963 2815 3126 2870 Γαΐου
3161 2815 3440 2890 βασιλείας
3472 2815 3704 2892 Ἀγρίπ-

2049 2925 2152 2966 πας
2214 2901 2467 2978 βασιλεὺς
2523 2907 2622 2969 τῆς
2695 2901 2957 2966 Ἰουδαίας
3018 2904 3109 2959 καὶ
3178 2905 3365 2979 Σίμων
3421 2907 3450 2961 6
3508 2907 3695 2983 Μάγος

2053 2992 2367 3068 βαπτίζεται
2393 2992 2494 3047 61:6
2525 2991 2832 3062 Φιλίππου,
2866 2993 2979 3055 ἐνὸς
2999 2997 3106 3048 τῶν
3142 2991 3275 3049 ἐπτὰ
3307 2991 3591 3050 διακόνων.

2119 3084 2282 3146 Γάϊος
2337 3081 2396 3138 δὲ
2449 3083 2552 3138 ὑπὸ
2611 3081 2892 3142 Κλαυδίου
2978 3084 3255 3162 σφάζεται.
3327 3085 3446 3141 Ἐπῖ
3504 3084 3700 3142 τούτου

2051 3171 2362 3248 Κορνήλιος
2393 3178 2613 3249 πρῶτος
2665 3171 2714 3243 ἐξ
2774 3170 2936 3238 ἐθνῶν
2989 3173 3305 3248 βαπτίζεται
3339 3174 3442 3229 ὑπὸ
3474 3174 3701 3249 Πέτρου,

2053 3263 2140 3319 καὶ
2191 3259 2436 3330 Παῦλος,
2495 3262 2557 3317 τὸ
2614 3264 2712 3331 τῆς
2771 3261 3010 3336 ἐκλογῆς
3051 3266 3263 3333 σκεῦος,
3315 3261 3383 3317 δι’
3419 3261 3704 3318 ἀποκαλύ-

2051 3354 2196 3426 ψεως
2228 3352 2407 3422 Ἰησοῦ
2461 3355 2699 3425 Χριστοῦ
2752 3349 3059 3411 ἀπόστολος
3089 3347 3485 3410 ἀναδείκνυται.
3518 3340 3708 3408 Κλαύέ

2053 3439 2167 3502 διος
2200 3435 2540 3496 ἐϐασίλευσεν
2599 3437 2692 3510 ἔτη
2759 3441 2847 3517 ιγ’,
2910 3441 3080 3513 μῆνας
3113 3441 3175 3497 θ’.
3209 3441 3380 3503 Οὗτος
3409 3437 3588 3502 δειλὸς
3620 3438 3694 3494 ὢν

2050 3529 2253 3594 πάντας
2281 3528 2408 3594 τοὺς
2436 3529 2760 3604 προσιόντας
2817 3529 2963 3601 αὐτῷ
3023 3527 3196 3584 ἐποίει
3245 3529 3582 3604 ἐρευνᾶσθαι,
3617 3531 3694 3604 μή

2047 3641 2100 3676 τι
2131 3617 2363 3699 ξιφίδιον
2393 3613 2586 3694 ἔχωσι.
2621 3619 2723 3676 Καὶ
2777 3617 2828 3672 ἐν
2888 3623 3006 3682 τοῖς
3056 3619 3382 3691 συμποσίοις
3415 3619 3696 3692 ὡπλισμέ-

2047 3730 2131 3766 νοι
2188 3709 2262 3771 είς
2319 3707 2568 3787 φυλακήν
2645 3710 3097 3784 παρειστήκεισαν
3155 3707 3324 3780 αὐτῷ·
3385 3706 3436 3778 ἐξ
3485 3709 3548 3763 οὗ
3604 3707 3697 3762 καὶ

2049 3800 2124 3862 είς
2179 3799 2308 3861 τοὺς
2365 3797 2594 3860 λοιποὺς
2657 3794 2900 3872 βασιλεῖς
2965 3795 3168 3852 εἴθιστο
3217 3795 3458 3870 γίνεσθαι
3510 3801 3693 3854 τοῦτο.

2047 3889 2172 3947 Ἐπὶ
2201 3889 2395 3944 τούτου
2424 3887 2514 3942 καὶ
2564 3883 2948 3947 ’Δπολλώνιος
3005 3886 3033 3940 6
3088 3885 3320 3948 Τυανεὺς
3351 3886 3439 3958 ἦν,
3471 3884 3699 3965 φιλόσο-

2048 4000 2146 4059 φος
2207 3975 2599 4052 Πυθαγόρειος,
2674 3975 3168 4050 στοιχειωματικός
3229 3976 3360 4049 (40).
3419 3976 3589 4036 Οὗτος
3645 3973 3698 4030 ἐν

2047 4068 2324 4140 Βυζαντίῳ
2379 4065 2576 4136 ἐλθὼν,
2647 4061 3021 4140 παρακληθεὶς
3083 4064 3185 4119 ὑπὸ
3241 4069 3350 4118 τῶν
3411 4063 3696 4135 ἐντοπίων,

2047 4158 2426 4237 ἐστοιχείωσεν
2465 4154 2613 4233 ὄφείς
2673 4157 2769 4227 μὲν
2825 4154 2914 4208 καὶ
2974 4152 3267 4229 σκορπίους
3296 4154 3373 4225 μὴ
3406 4150 3696 4225 πλήσσειν,

2027 4247 2192 4326 ,μηδέ
2215 4249 2483 4308 κώνωπας
2531 4248 2801 4319 παρεῖναι,
2855 4241 3064 4305 ’ίππους
3128 4244 3204 4314 μή
3263 4247 3700 4320 κατωφρυῶσθαι

2051 4359 2190 4415 μητε
2248 4337 2354 4410 μὴν
2409 4331 2776 4410 ἀγριαίνεσθαι
2833 4333 2950 4388 καθ’
3011 4331 3276 4403 ἀλλήλων
3327 4334 3363 4403 ἢ
3419 4332 3506 4387 καὶ
3566 4331 3700 4387 κατά

2045 4449 2209 4490 τινος.
2243 4425 2345 4484 Καὶ
2372 4424 2551 4480 Λύκον
2605 4420 2662 4478 δὲ
2714 4422 2806 4478 τὸν
2862 4422 3108 4494 ποταμὸν
3139 4421 3520 4497 ἐστοιχείωσεν
3549 4421 3686 4478 ὥστε

2050 4519 2124 4593 μὴ
2157 4515 2642 4588 πλημμυρήσαντα
2679 4513 2741 4566 τὸ
2797 4515 3087 4580 Βυζάντιον
3141 4507 3693 4584 καταλυμμήνασθαι.

351 4577 528 4661 Tunc'
560 4604 860 4677 Egyptius
913 4604 1066 4659 latro
1128 4577 1492 4660 sicarios'in
1546 4606 1933 4662 solitudinem

2058 4577 2060 4592 ’
2111 4577 2600 4678 namss“...
2656 4577 2900 4676 ληιστῆρ’
2934 4601 3049 4673 (ιι)
3130 4577 3523 4674 ἐξήγαγεν-είς
3588 4601 3688 4669 τὴν

283 4696 526 4753 eduxit:
578 4713 727 4768 quos
781 4695 940 4750 Felix
997 4694 1308 4766 praefectus
1365 4695 1526 4752 ultus
1557 4703 1666 4752 est.
1713 4698 1934 4754 Eodem

282 4793 550 4859 tempore
581 4787 735 4842 inter
758 4787 1006 4841 Theram
1055 4790 1112 4840 et
1141 4787 1482 4843 Therasiam
1531 4787 1728 4844 insula
1758 4794 1934 4844 enata

285 4886 394 4948 est,
424 4878 750 4935 stadiorum
783 4879 870 4932 39.

2042 4692 2247 4770 ἔρημον
2278 4692 2408 4754 τοὺς
2437 4691 2734 4765 σικαρίους,
2766 4687 2858 4752 οῦς
2907 4686 3143 4761 μετῆλθε
3175 4687 3354 4762 Φήλιξ
3385 4688 3414 4744 6
3445 4689 3691 4765 ἡγεμών.

2044 4783 2332 4860 Σικαρίους
2389 4778 2448 4838 δὲ
2504 4779 2700 4843 αὐτοὺς
2758 4778 3038 4851 ὠνόμασεν
3097 4777 3202 4832 ἀπὸ
3253 4781 3360 4832 τῶν
3404 4776 3693 4854 σικαρίων,

2041 4875 2076 4931 ’ἁ
2105 4871 2216 4928 ἐστι
2279 4869 2548 4946 μαχαίρια
2609 4867 2798 4942 μικρά,
2850 4865 2884 4922 ’ὰ
2941 4863 3266 4941 ἐπεφέροντο
3309 4870 3488 4944 κρυφῇ
3525 4865 3599 4928 εἷς
3629 4866 3692 4921 τὸ

280 4964 560 5042 λαθραίως
590 4965 718 5030 τοὺς
751 4963 1272 5043 παρατυγχάνοντας
1309 4964 1595 5038 πλήττειν.
1628 4967 1764 5022 Καθ’
1794 4965 1852 5022 δν
1884 4965 2070 5041 καιρὸν
2106 4959 2301 5038 μεταξὺ
2356 4960 2536 5035 Θήρας
2588 4960 2697 5033 (42)
2735 4954 2826 5011 καὶ
2877 4952 3149 5030 Θηρασίας
3187 4960 3353 5025 νῆσος
3381 4953 3689 5033 civede

277 5054 470 5111 στάδια
503 5056 571 5115 λ’.

1480 5156 1838 5216 XYLANDRI
1875 5159 1962 5215 ET
2001 5153 2215 5213 GOARI
2251 5151 2474 5207 ΝΟΤᾸΞ.

346 5282 455 5353 (40)
487 5285 594 5349 Qui
638 5284 798 5339 notis
828 5289 890 5356 et
937 5281 1330 5356 imagunculis
1380 5282 1624 5356 magicis
1668 5284 1922 5356 aliisque

316 5357 588 5426 uestigiis
650 5355 1005 5410 miraeulosa
1063 5355 1345 5426 efficeret.
1393 5355 1791 5426 Apolloniires
1828 5355 1919 5411 fex

316 5371 588 5425 rmsugns
650 5371 1005 5410 miraculosa
1063 5371 1345 5409 ellieeret.
1393 5371 1791 5426 Apouonures
1850 5372 1918 5411 ex

273 5371 628 5482 Bliilost'i‘ato
663 5432 827 5498 notas,
849 5432 1004 5498 sunt.
1041 5427 1201 5480 Infra
1233 5424 1304 5498 de
1331 5427 1536 5498 Jannis
1567 5428 1918 5498 patriarchae

276 5499 583 5572 prmstigiis
703 5497 986 5572 Michaelo
1016 5497 1322 5572 Theophili
1356 5497 1480 5550 ﬁlio
1511 5497 1917 5572 aromatum-mi

273 5565 453 5639 λογοί.
485 5565 555 5622 Et
602 5568 860 5640 diximus
890 5568 1030 5622 alibi
1052 5568 1150 5640 _de
1181 5565 1310 5622 'hac
1340 5585 1478 5624 voce
1527 5565 1718 5640 plura.
1772 5573 1914 5626 ΧΠ..

273 5638 508 5696 ϐειιίὁιιε
563 5639 937 5706 familiaribus
993 5638 1246 5712 addictus
1306 5645 1354 5693 et
1403 5638 1590 5712 eorum
1647 5641 1918 5712 obsequiis

273 5717 449 5766 utens.
484 5713 764 5780 στοιχεῖον
793 5724 1028 5778 quoque
1059 5709 1251 5776 genius
1291 5714 1382 5766 est
1421 5715 1480 5766 et
1507 5711 1718 5768 damon
1746 5709 1917 5783 fami-

2038 5280 2234 5350 liarisf;
2259 5276 2478 5350 dequo
2510 5273 2626 5350 alio
2651 5272 3010 5350 IOCO._GOA_R.
3106 5339 3116 5350 .

2101 5349 2213 5421 (41)
2250 5343 2507 5421 Videtur
2549 5344 2621 5400 de
2659 5361 2754 5421 _e_o_
2807 5343 3194 5421 loqui_cujus
3253 5345 3466 5421 Aetne.
3500 5359 3594 5397 xxx
3628 5343 3690 5421 fit

2030 5411 2276 5479 mentio.
2302 5421 2371 5473 Et
2391 5434 2460 5473 ex
2481 5415 2718 5486 Iosephi
2741 5414 2777 5468 ι.
2807 5431 2868 5480 ιι,
2888 5411 3027 5486 2:.23_
3048 5411 3120 5466 de
3143 5412 3374 5486 excidio
3400 5413 3684 5486 IIierosol.

2029 5492 2337 5551 historiam
2371 5505 2497 5544 eam
2533 5483 3070 5558 repetunt_Euseb.
3093 5484 3259 5558 Hist.
3295 5483 3492 5540 Eccles.
3527 5502 3582 5552 ιι,
3615 5489 3685 5541 20

2029 5572 2088 5620 et
2116 5563 2484 5631 Nieephorus
2507 5556 2920 5631 Xanthopulus
2952 5573 3010 5622 ιι,
3039 5557 3110 5631 _26
3167 5556 3304 5631 X_vi._.

2099 5635 2208 5705 (42)
2242 5627 2383 5688 Vide
2415 5627 2983 5705 annum__deeimum
3033 5627 3248 5705 .Leonis
3278 5627 3673 5705 Iconomachi.

2026 5697 2318 5764 Casterum
2350 5704 2556 5762 scribit
2585 5702 2813 5760 Plinius
2835 5715 2892 5771 ιι,
2915 5700 3012 5768 87,.
3029 5698 3187 5755 inter
3206 5697 3490 5770 Cycladas
3519 5715 3676 5757 anno
