4194 6198
330 301 448 362 387

1692 291 2010 356 GEORGII
2057 293 2397 358 CEDRENl

3619 298 3739 361 388

330 434 789 508 temperantiam
821 436 996 503 atque
1036 430 1262 486 duriter
1289 428 1535 502 agendae
1564 428 1697 484 vita)
1728 428 1976 484 institu-

2093 424 2269 483 αὐτῶν
2300 402 2385 483 ὅτι
2419 428 2657 485 Ἐσσαῖοι
2689 424 2947 484 Ἰουδαῖοι
3006 429 3103 502 μὶν
3159 427 3265 484 εἶσι
3309 429 3371 484 τὸ
3398 427 3572 505 γένος,
3604 428 3741 507 φιλ-

242 510 251 517 ’
332 530 462 581 tum
528 524 933 589 intenderunt,
968 520 1123 575 sicut
1171 518 1458 590 Iosephus
1508 518 1580 574 de
1628 518 1701 573 iis
1749 517 1975 575 scribit.

329 614 511 671 Essmi
544 612 781 668 natione
811 609 995 665 Judaei
1028 614 1184 663 sunt.
1218 607 1265 662 Ii
1294 624 1495 663 amore
1528 611 1732 664 mutuo
1764 613 1823 662 et
1844 606 1979 663 reli-

329 704 505 776 gione
526 702 660 756 aliis
688 697 1092 765 antecellunt;
1122 696 1481 769 voluptatem
1514 702 1798 769 tanquam
1820 696 1980 769 ﬂagi-

330 793 479 847 tium
519 793 900 845 aversantur:
935 786 1415 858 temperantiam,
1462 786 1890 843 continentiam
1921 791 1977 841 et

328 881 647 936 affectuum
676 877 1030 932 vacuitatem
1062 876 1292 932 virtutis
1343 875 1471 933 loco
1498 880 1822 933 sectantur.
1856 877 1977 931 Ma-

328 967 609 1023 trimonia
662 965 777 1038 ipsi
832 965 1160 1039 negligunt,
1220 966 1448 1022 alienos
1504 971 1703 1022 autem
1759 965 1980 1021 liberos

326 1062 534 1112 tenera
557 1054 752 1110 adhuc
801 1055 954 1110 349
995 1060 1166 1111 aetate
1219 1055 1610 1127 suscipientes
1641 1054 1857 1110 docent
1911 1069 1980 1110 ac

326 1164 433 1220 pro
465 1145 589 1202 suis
644 1144 889 1213 habent,
948 1144 1191 1217 suisque
1224 1161 1324 1201 eos
1376 1144 1642 1202 moribus
1697 1144 1977 1201 formant.

331 1235 645 1309 Legitimas
697 1238 1006 1305 castasque
1037 1234 1275 1306 nuptias
1324 1239 1386 1289 et
1421 1234 1859 1290 successionem
1907 1233 1981 1288 iis

328 1329 713 1397 propagatam
742 1323 1019 1395 probant,
1041 1322 1283 1378 vitiosos
1302 1327 1502 1378 autem
1543 1326 1602 1378 et
1620 1321 1739 1378 Deo
1760 1322 1981 1378 invisos

330 1413 684 1471 concubitus
714 1430 783 1469 ac
812 1411 1112 1469 lasciviam
1142 1428 1519 1484 summopere
1536 1410 1979 1468 abominantur.

329 1506 571 1562 Divitias
621 1510 681 1560 et
723 1504 1089 1576 opulentiam
1137 1508 1571 1560 contemnunt:
1604 1502 1755 1558 nihil
1792 1501 1980 1574 possi-

332 1595 472 1651 dere
500 1593 782 1667 gaudent,
816 1592 975 1665 quod
1002 1593 1063 1648 id
1092 1597 1334 1665 pra-stet
1353 1597 1419 1648 ut
1447 1593 1566 1647 vita
1594 1608 1628 1647 a
1657 1591 1854 1648 studio
1874 1590 1982 1646 vir-

328 1685 475 1741 tutis
497 1698 875 1756 nequaquam
899 1682 1280 1739 abstrahatur
1303 1688 1405 1739 aut
1437 1681 1815 1754 impediatur.
1846 1679 1983 1737 Nul-

2088 514 2332 587 άλληλοι
2360 513 2418 573 δὲ
2466 517 2558 573 καί
2616 522 2724 573 τῶν
2780 515 2973 574 ἄλλων
3033 513 3287 580 εὐλαϐεῖς
3334 517 3524 588 πλέον,
3558 515 3613 573 οἵ
3640 520 3740 588 τὴν

2090 604 2186 677 μὲν
2215 602 2416 675 ἡδονὴν
2446 605 2521 669 ὡς
2560 605 2750 662 κακίαν
2801 604 3257 687 ἀποστρέφονται,
3291 606 3392 676 τήν
3424 604 3483 662 δὲ
3512 626 3741 683 σωφρο-

2089 694 2253 763 σύνην
2289 693 2380 750 καὶ
2410 693 2726 771 ἐγκράτειαν
2782 694 2874 750 καὶ
2931 694 2995 751 τὸ
3056 696 3135 769 μὴ
3191 700 3310 758 τοῖς
3339 695 3562 761 πάθεσιν
3595 695 3739 752 ὐπο-

2086 781 2299 839 πίπτειν
2329 782 2525 857 ἀρετήν
2581 779 3052 859 ὑπολαμϐάνουσι.
3110 783 3217 841 Καὶ
3272 785 3452 860 γάμος
3483 783 3581 859 μὶν
3609 785 3739 860 παρ’

2087 868 2274 935 αὐτοῖς
2305 872 2652 950 ὐπερορᾶται,
2699 873 2827 936 τοὺς
2886 870 2945 928 δὲ
2998 870 3328 949 ἀλλοτρίους
3360 870 3558 938 παῖδας
3583 876 3739 940 νὲους

2086 958 2164 1016 ἔτι
2223 957 2779 1038 προσλαμϐανόμενοι
2832 961 2922 1018 καὶ
2975 959 3316 1025 διδάσκοντες
3357 963 3433 1027 ὡς
3464 968 3737 1041 συγγενεῖς

2086 1052 2346 1127 ἡγοῦνται
2406 1051 2497 1107 καὶ
2550 1057 2669 1114 τοῖς
2741 1049 2928 1121 ἤθεσιν
3001 1052 3205 1108 ἑαυτῶν
3264 1051 3570 1109 ἐντυποῦσι.
3630 1053 3737 1109 Καὶ

2083 1140 2176 1196 τὸν
2238 1141 2335 1215 μὲν
2392 1135 2620 1215 ἔννομον
2676 1140 2768 1197 καὶ
2841 1142 3095 1220 σώφρονα
3149 1140 3328 1218 γάμον
3391 1143 3485 1198 καὶ
3531 1142 3634 1213 τήν
3686 1140 3739 1214 ἐξ

2086 1227 2255 1285 αύτοῦ
2319 1227 2589 1309 διαδοχὴν
2644 1227 3035 1310 ἀποδέχονται,
3089 1230 3187 1293 τὰς
3236 1229 3295 1287 δὲ
3349 1251 3593 1307 πονηρας
3646 1229 3739 1287 καὶ

2089 1324 2397 1396 θεοστυγεῖς
2431 1319 2601 1393 μίξεις
2649 1320 2741 1376 καὶ
2793 1317 3075 1397 ἀσελγείας
3130 1319 3316 1377 τὲλεον
3367 1318 3742 1399 ἀποστρέφον-

2086 1429 2175 1464 ται
2203 1408 2294 1464 καὶ
2348 1403 2786 1467 ἀποϐάλλονται.
2840 1411 3269 1489 Καταφρονεῖται
3300 1407 3357 1467 δὲ
3394 1410 3523 1483 παρ’
3553 1408 3738 1481 αὐτοῖς

2088 1497 2334 1561 πλοῦτος
2390 1499 2480 1555 καὶ
2535 1497 2905 1573 πολυκτησία,
2962 1500 3063 1571 τήν
3120 1497 3178 1555 δὲ
3232 1498 3619 1574 ἀκτημοσύνην
3662 1500 3739 1563 ὡς

2089 1588 2492 1663 ἀπερίσπαστον
2552 1589 2644 1645 καὶ
2731 1588 2979 1665 ἐνάρετον
3046 1588 3400 1660 ἀσπάζονται.
3459 1589 3565 1647 Καὶ
3614 1588 3743 1666 πρὶν

2094 1678 2191 1753 μὲν
2248 1678 2488 1756 ἀνίσχειν
2546 1679 2639 1735 τὸν
2698 1678 2857 1749 ἣλιον
2940 1676 3093 1735 οὐδὲν
3152 1679 3321 1758 ἀργὸν
3396 1680 3738 1758 φθίγγονται,

327 1773 453 1829 lum
484 1772 797 1845 profanum
847 1771 1090 1827 verbum
1137 1776 1276 1827 ante
1326 1770 1467 1825 solis
1510 1774 1705 1825 ortum
1757 1768 1976 1834 edunt;

2090 1768 2404 1861 προσευχὰς
2458 1765 2516 1823 δὲ
2595 1767 2686 1824 καὶ
2771 1764 3102 1843 ψαλμῳδίας
3184 1770 3246 1825 ἐκ
3325 1770 3496 1843 μέσης
3551 1769 3743 1835 νυκτὸς

327 1879 537 1939 preces
567 1866 765 1917 autem
788 1865 847 1917 et
866 1859 1229 1933 psalmorum
1251 1865 1492 1916 cantum
1514 1875 1550 1914 a
1580 1858 1777 1914 media
1800 1862 1971 1913 nocte

325 1951 397 2009 ad
431 1951 626 2007 lucem
675 1966 860 2022 usque
918 1951 1037 2005 Deo
1096 1948 1366 2023 religiose
1426 1965 1495 2004 ac
1525 1964 1661 2003 cum
1690 1947 1970 2020 gravitate

328 2043 607 2097 offerunt.
640 2041 719 2095 Eo
750 2040 903 2094 facto
937 2039 1186 2109 quisque
1217 2038 1292 2093 ad
1322 2054 1496 2094 suum
1527 2052 1743 2093 munus
1771 2053 1807 2091 a
1834 2052 1981 2108 prm-

327 2130 450 2187 side
484 2129 825 2184 dimittitur.
858 2128 921 2182 Id
951 2144 1087 2183 cum
1118 2127 1366 2198 quisque
1389 2144 1496 2199 pro
1518 2143 1578 2182 se
1605 2126 1853 2199 jejunus
1884 2129 1977 2180 at-

328 2236 441 2292 que
472 2220 630 2274 inter
659 2218 993 2274 divinarum
1015 2233 1219 2273 rerum
1250 2216 1788 2272 considerationem
1810 2214 1976 2284 obiit,

324 2310 471 2365 hora
500 2313 665 2365 sexta
693 2306 766 2363 ad
815 2305 1135 2379 prandium
1163 2306 1225 2361 in
1272 2321 1587 2361 commune
1620 2303 1980 2361 conveniunt

326 2414 540 2471 magna
569 2414 705 2454 cum
738 2395 1028 2453 modestia
1047 2401 1225 2467 atque
1253 2394 1509 2452 silentio.
1544 2394 1629 2451 lbi
1659 2394 1849 2466 pistor
1878 2407 1976 2464 pa-

321 2505 429 2544 nes
463 2487 669 2544 ordine
702 2486 951 2559 singulis
982 2485 1280 2558 proponit,
1313 2502 1381 2540 ac
1419 2500 1643 2556 coquus
1671 2481 1974 2540 vasculum

326 2576 397 2633 de
427 2578 606 2634 unico
637 2576 754 2633 cibi
810 2591 1026 2648 genere
1075 2574 1321 2648 singulis
1350 2575 1541 2630 affert.
1593 2577 1742 2628 Ante
1773 2577 1974 2628 autem

328 2683 507 2738 quam
538 2666 758 2735 cibum,
786 2682 1002 2737 purum
1034 2681 1169 2720 eum
1202 2670 1262 2719 et
1289 2669 1539 2732 castum,
1581 2662 1835 2733 capiant,
1879 2676 1973 2716 sa-

326 2757 534 2814 cerdos
564 2772 769 2827 preces
809 2755 1044 2810 fundit:
1077 2771 1216 2811 nam
1273 2752 1441 2809 nefas
1488 2755 1700 2825 putant
1741 2756 1975 2824 gustare

324 2843 551 2915 aliquid
575 2844 692 2898 Deo
715 2859 834 2898 non
857 2848 994 2898 ante
1012 2843 1305 2898 invocato.
1337 2842 1498 2897 Idem
1530 2839 1812 2912 precandi
1849 2854 1976 2894 mos

328 2939 417 2991 est
446 2933 696 3005 prandio
728 2933 929 3001 finito;
957 2932 1320 3002 omninoque
1352 2936 1411 2986 et
1446 2930 1803 3003 principium
1826 2935 1885 2984 et
1905 2929 1977 2985 ﬁ-

327 3041 464 3079 nem
494 3039 737 3079 suarum
765 3023 1068 3079 actionum
1098 3023 1317 3078 habent
1347 3023 1447 3076 Dei
1466 3020 1766 3077 assiduam
1796 3035 1941 3074 vene
1961 3051 1976 3062 ο

2091 1856 2289 1934 μέχρις
2346 1855 2519 1933 αὐγῆς
2563 1859 2703 1934 πρὸς
2758 1857 2850 1913 τὸν
2910 1859 2996 1932 [Ρ.
3049 1859 3171 1931 199]
3231 1858 3360 1914 Θεὸν
3412 1857 3740 1937 ἀναφὲρουσι

2089 1947 2203 2020 μετ’
2236 1941 2525 2011 εὐλαϐείας
2577 1947 2670 2002 καὶ
2726 1947 3083 2020 σεμνότητος.
3141 1946 3247 2005 Καὶ
3304 1946 3446 2003 οὕτω
3503 1948 3641 2024 πρὸς
3670 1947 3737 2018 ἤν

2080 2031 2307 2098 ἕκαστος
2338 2028 2458 2111 ἔχει
2511 2034 2735 2115 τέχνην,
2793 2036 2897 2092 ὑπὸ
2948 2040 3052 2092 τοῦ
3097 2041 3441 2112 προεστῶτος
3469 2034 3740 2094 ἁποστὲλ·

2084 2123 2264 2182 λεται.
2333 2125 2441 2181 Καὶ
2505 2123 2702 2201 μέχρις
2755 2124 2901 2201 ὥρας
2952 2125 3116 2197 ’ἑκτης
3178 2127 3315 2201 μετᾶ
3376 2129 3595 2202 νήψεως
3647 2126 3742 2183 καὶ

2086 2213 2398 2290 θεολογίας,
2456 2213 2632 2278 οὕτως
2692 2214 2779 2270 ἐπὶ
2864 2216 2928 2272 τὸ
3003 2212 3390 2293 δειπνητήριον
3451 2218 3739 2291 συναθροί-

2086 2308 2268 2374 ζονται
2330 2304 2447 2378 μετ’
2505 2299 2789 2367 εὐλαϐείας
2839 2304 2929 2360 καὶ
2987 2304 3225 2381 ἡσυχίας
3279 2303 3519 2375 πολλῆς.
3573 2306 3671 2361 Καὶ
3712 2305 3743 2361 ὁ

2089 2393 2186 2467 μὲν
2245 2392 2526 2456 σιτοποιὸς
2584 2391 2636 2448 ἐν
2691 2394 2834 2464 τάξει
2889 2394 3250 2467 παρατίθησιν
3327 2393 3545 2471 ἄρτους,
3598 2395 3626 2450 ὸ
3686 2391 3745 2450 δὲ

2087 2482 2345 2559 μάγειρος
2398 2476 2452 2538 ἔν
2501 2480 2713 2558 ἀγγεῖον
2791 2482 2842 2554 ξε
2928 2483 3048 2547 ἑνὸς
3133 2482 3431 2559 ἐδέσματος
3502 2485 3740 2541 πάντοτε

2081 2572 2368 2649 προσάγει.
2404 2570 2508 2629 Καὶ
2556 2572 2988 2651 προκατεύχεται
3046 2569 3103 2628 δὶ
3158 2579 3259 2644 τῆς
3315 2580 3529 2653 τροφῆς
3567 2574 3741 2651 ἁγνῆς

2083 2658 2254 2731 οὔσης
2283 2661 2375 2717 καὶ
2405 2663 2644 2736 καθαρᾶς
2704 2662 2732 2717 ὁ
2787 2662 2982 2735 ἱερεύς⁸
3040 2660 3297 2736 ἀθέμιτον
3352 2662 3457 2738 γὰρ
3500 2663 3607 2737 πρὸ
3635 2669 3740 2734 τῆς

2083 2750 2259 2825 εὐχῆς
2298 2752 2559 2825 ἡγοῦνται
2610 2750 2897 2825 γεύσασθαί
2933 2772 3008 2807 τι.
3060 2750 3159 2807 Καὶ
3204 2748 3371 2807 πάλιν
3412 2751 3741 2828 ἀριστησάνο

2080 2859 2189 2894 των
2247 2839 2276 2894 ὁ
2331 2838 2506 2915 ἱερεὺς
2557 2838 2868 2917 ἐπεύχεται.
2931 2841 3032 2897 Καὶ
3084 2839 3277 2904 ἁπλῶς
3331 2840 3640 2918 ἀρχόμενοί
3679 2862 3742 2898 τε

2080 2929 2169 2983 καὶ
2227 2928 2532 3002 παυόμενοι
2589 2942 2901 3005 γεραίρουσι
2977 2930 3068 2986 τὸν
3135 2932 3265 2987 Θεὸν
3348 2928 3741 2995 ἀδιαλείπτως.

2085 3016 2183 3073 Καὶ
2224 3016 2375 3079 αὖθις
2423 3015 2508 3074 ἐπ’
2554 3011 2682 3095 ἔργα
2744 3017 2945 3099 μέχρις
2992 3017 3221 3097 ἑσπέρας
3275 3016 3747 3097 διακαρτερήσαν-

324 3113 639 3169 rationem.
672 3112 866 3169 Finito
897 3111 1145 3186 prandio
1173 3111 1246 3167 ad
1279 3127 1459 3184 opera
1488 3126 1595 3166 sua
1624 3108 1871 3182 digressi
1902 3124 1973 3164 ea

2085 3126 2192 3174 τες,
2249 3106 2339 3162 καὶ
2394 3104 2783 3180 δειπνήσαντες
2844 3110 2980 3184 μετά
3052 3115 3158 3180 τῆς
3207 3112 3474 3184 συνήθους
3533 3113 3751 3177 σιωπῆς

323 3221 510 3277 usque
539 3205 613 3261 ad
656 3220 965 3277 vesperam
1014 3203 1312 3269 tolerant;
1365 3218 1651 3273 omnaque
1683 3205 1973 3258 consueto

2089 3198 2180 3253 καὶ
2240 3202 2656 3275 σεμνοπρεποῦς
2714 3170 3112 3271 mimum,
3189 3199 3273 3255 ἐπ’
3325 3170 3528 3280 ἐὐχὰς
3580 3200 3749 3257 πάλιν

326 3295 566 3350 silentio
594 3300 655 3350 et
683 3294 981 3350 modestia
1006 3293 1210 3349 refecti
1242 3308 1479 3349 rursum
1510 3291 1584 3347 ad
1608 3307 1814 3363 preces
1835 3306 1904 3346 co
1927 3307 1968 3346 n

326 3384 596 3452 veniunt,
642 3382 992 3438 brevissimo
1031 3387 1090 3437 et
1118 3381 1417 3438 levissimo
1466 3397 1677 3436 somno
1708 3395 1986 3435 excusso-

336 3472 517 3542 Cujus
547 3472 632 3527 rei
666 3487 843 3527 causa
874 3474 962 3525 est
1010 3471 1358 3527 continuum
1383 3469 1707 3543 jejunium,
1742 3473 1802 3524 et
1830 3457 1987 3527 σεο

321 3559 481 3631 quod
499 3560 584 3614 eis
616 3564 778 3615 certa
800 3575 1083 3616 mensura
1103 3559 1279 3616 datur
1297 3559 1466 3616 cibus
1491 3563 1785 3630 potusque
1808 3557 1983 3613 exilis

327 3655 386 3703 et
413 3648 670 3722 vulgaris
698 3666 765 3704 ac
796 3666 1046 3721 parcus:
1098 3664 1294 3721 neque
1345 3648 1504 3704 enim
1537 3647 1695 3720 apud
1729 3663 1830 3702 eos
1859 3646 1985 3703 ulla

328 3743 417 3794 est
447 3738 686 3794 satietas
715 3745 818 3794 aut
845 3738 1067 3794 ventris
1097 3739 1370 3811 repletio,
1402 3737 1505 3793 sed
1536 3754 1787 3810 magnus
1821 3736 1977 3792 defe-

322 3832 473 3895 ctus,
505 3832 564 3883 et
593 3828 952 3900 paucissima
980 3827 1285 3899 requirere
1332 3827 1692 3883 didicerunt.
1749 3826 1807 3883 Si
1839 3824 1974 3897 quis

321 3934 389 3973 ac
421 3934 522 3973 eos
551 3933 613 3973 se
645 3917 913 3974 conferat
932 3917 1203 3974 eamdem
1223 3916 1354 3972 vitae
1385 3917 1678 3971 rationem
1702 3913 1973 3971 sectandi

324 4023 521 4075 causa,
554 4006 604 4062 is
627 4023 749 4063 non
768 4008 969 4063 statim
994 4006 1403 4078 exploratione
1421 4010 1523 4061 aut
1546 4002 1973 4059 exercitatione

320 4094 486 4167 nulla
513 4097 819 4167 praemissa
864 4095 1220 4164 admittitur,
1269 4093 1373 4150 sed
1417 4109 1524 4165 per
1570 4106 1796 4149 annum
1826 4090 1973 4146 foris

311 4183 558 4255 jubetur
589 4184 799 4239 eodem
829 4184 987 4239 victu
1036 4183 1370 4254 iisdemque
1417 4181 1685 4237 moribus
1722 4180 1831 4237 uti.
1869 4178 1971 4234 Se-

320 4272 479 4328 curis
510 4272 563 4327 ei
594 4271 768 4328 datur
797 4272 1300 4345 etsubligaculum
1326 4288 1395 4327 ac
1426 4270 1690 4327 tunicula
1714 4270 1930 4325 misera
1955 4294 1969 4333 ε

322 4360 523 4431 itaque
552 4359 833 4433 operibus
863 4364 922 4416 et
950 4361 1125 4417 dictis
1155 4361 1397 4434 optimis
1436 4364 1765 4416 exercetur.
1795 4360 1966 4414 Post-

323 4467 502 4522 quam
529 4450 908 4508 tolerantiam
939 4468 1105 4509 suam
1136 4451 1424 4524 probavit,
1472 4451 1589 4507 alio
1619 4450 1862 4506 biennio
1893 4448 1967 4504 de

2095 3287 2185 3344 ἐπὶ
2216 3288 2280 3344 τὸ
2311 3286 2443 3344 αὐτὸ
2501 3287 2881 3369 συνέρχονται,
2938 3288 3071 3355 τοὺς
3127 3290 3509 3366 βραχυτάτους
3554 3291 3755 3355 ὕπνους

2087 3378 2180 3435 καὶ
2236 3378 2613 3458 κουφοτάτους
2670 3377 3092 3454 ἐκτιναξάμενοι.
3142 3379 3325 3456 Οὗπὶρ
3379 3378 3522 3437 ἐστιν
3571 3378 3753 3436 αἴτιον

2086 3468 2124 3537 ἡ
2191 3464 2452 3539 διηνεκῆς
2508 3470 2679 3542 νῆψις
2735 3465 2829 3523 καί
2882 3468 2946 3523 τὸ
3009 3469 3322 3543 μετρεῖσθαι
3387 3469 3512 3545 παρ’
3569 3468 3756 3534 αὐτοῖς

2084 3557 2292 3634 τροφὴν
2368 3557 2459 3613 καὶ
2551 3555 2709 3613 πόσιν
2803 3555 2964 3628 λιτὴν
3066 3556 3157 3613 καὶ
3259 3557 3580 3635 ἀπερίεργον
3658 3558 3752 3614 καὶ

2088 3642 2468 3713 σπανίζουσανο
2519 3641 2697 3706 οὐδεὶς
2775 3644 2880 3719 γὰρ
2954 3646 3085 3720 παρ’
3158 3644 3348 3708 αὐτοῖς
3421 3645 3591 3707 κόπος
3655 3645 3750 3701 καὶ

2087 3731 2360 3812 χορτασία
2405 3731 2645 3803 κοιλίας,
2692 3732 2822 3789 ἀλλ’
2874 3726 3051 3789 ἔνδεια
3097 3730 3288 3804 πολλή
3318 3732 3411 3789 καὶ
3442 3730 3748 3812 ὀλιγοδεΐα.

2083 3822 2189 3880 Τὸν
2240 3820 2299 3878 Si
2344 3821 2788 3899 προσερχόμενον
2837 3820 3087 3893 ζηλῶσαι
3133 3823 3226 3879 τὸν
3279 3822 3398 3899 βίον
3450 3823 3552 3879 οὐκ
3579 3823 3738 3888 εὐθὺς

2082 3909 2466 3985 ἀδοκιμάστως
2517 3910 2609 3991 καὶ
2674 3910 3038 3987 ἀγυμνάστως
3072 3907 3530 3988 ὐπαραδίχονται,
3598 3910 3739 3969 ἀλλ’

2085 3998 2329 4056 ἐνιαυτὸν
2372 3997 2474 4072 ἔξω
2529 3999 2748 4073 μένοντι
2797 4001 2900 4070 τήν
2947 3998 3116 4071 αὐτὴν
3159 4000 3498 4065 ὑποτίθενται
3528 3999 3741 4057 δίαιταν

2081 4089 2177 4147 καὶ
2243 4089 2593 4156 κατάστασιν,
2652 4089 2924 4166 ἀξινάρίον
2977 4110 3037 4146 τε
3091 4090 3182 4146 καὶ
3239 4089 3525 4165 περίζωμα
3555 4086 3739 4154 δόντες

2080 4178 2175 4235 καὶ
2235 4177 2501 4258 πενιχρὸν
2562 4178 2785 4252 ἱμάτιον
2841 4179 3207 4254 γυμνάζουσιν
3262 4177 3345 4234 ἐπ’
3396 4173 3580 4257 ἔργοις
3618 4178 3741 4254 ἀρί-

2080 4288 2227 4330 στοις
2292 4267 2384 4324 καὶ
2452 4266 2662 4341 λόγοις.
2710 4266 2842 4323 Εἶτα
2929 4266 3064 4340 μετᾶ
3125 4268 3225 4339 τήν
3289 4273 3392 4338 τῆς
3455 4266 3742 4344 καρτερίας

2077 4353 2332 4428 ἐπίδειξιν
2389 4352 2540 4411 δυσὶν
2608 4354 2807 4420 ἄλλοις
2883 4353 3055 4412 ἔτεσιν
3112 4354 3177 4412 τὸ
3227 4357 3364 4425 ἦθος
3417 4355 3509 4412 καὶ
3560 4357 3626 4412 τὸ
3679 4355 3735 4412 ἐν

2076 4448 2237 4499 πᾶσιν
2293 4443 2533 4515 ὑπήκοον
2606 4439 2983 4518 δοκιμάζεται,
3038 4442 3128 4499 καὶ
3198 4442 3385 4523 φανεὶς
3438 4439 3589 4518 ἄξιος
3642 4443 3737 4500 καὶ

319 4538 587 4595 moribus
612 4538 742 4611 ejus
774 4545 833 4595 et
887 4540 1228 4597 obedientia
1275 4539 1552 4597 omnibus
1596 4538 1662 4595 in
1698 4538 1877 4595 rebus
1907 4538 1975 4595 fit

2085 4533 2313 4605 δόκιμος
2370 4534 2547 4597 οὕτως
2606 4533 2686 4599 εἷς
2741 4534 2835 4590 τὸν
2919 4534 3063 4609 ἱερὸν
3113 4531 3314 4608 ὅμιλον
3369 4531 3733 4611 ἐγκορίνεται.

324 4627 674 4700 periculum.
707 4629 794 4684 Ita
832 4629 1073 4686 tandem
1102 4630 1314 4703 dignus
1336 4635 1512 4703 atque
1532 4628 1783 4685 idoneus
1806 4627 1968 4699 judi-

322 4721 487 4774 catus
518 4716 577 4773 in
610 4734 843 4774 sacrum
867 4724 1082 4776 emtum
1107 4720 1411 4793 recipitur.
1444 4722 1596 4775 Ante
1626 4717 1829 4775 omnia
1854 4721 1970 4771 ter-

318 4807 479 4863 ribili
524 4806 922 4879 jurejurando
971 4809 1233 4882 obligare
1285 4825 1347 4865 se
1396 4809 1625 4883 cogitur
1672 4808 1865 4880 primo
1897 4804 1972 4862 ad

320 4897 601 4970 pietatem
650 4897 1077 4955 observandam
1134 4900 1441 4970 Deumque
1489 4914 1638 4970 pura
1687 4902 1885 4953 mente
1915 4900 1975 4952 et

323 5003 569 5059 corpore
601 4987 937 5055 colendum,
979 4988 1196 5046 deinde
1222 4989 1296 5045 ad
1317 4990 1482 5061 juste
1513 5003 1649 5044 cum
1699 4986 1974 5043 omnibus

324 5076 667 5133 hominibus
696 5094 765 5134 ac
789 5077 917 5133 sine
967 5095 1236 5151 personae
1280 5078 1459 5134 ullius
1488 5080 1764 5149 respectu
1794 5092 1973 5148 agen-

325 5164 488 5233 dum,
522 5166 681 5237 quod
708 5183 902 5238 neque
924 5167 1173 5224 laesurus
1194 5184 1555 5239 quemquam
1577 5166 1776 5222 dedita
1795 5182 1976 5239 opera

327 5269 520 5323 neque
554 5254 793 5326 injustis
825 5273 887 5312 se
918 5257 1145 5312 socium
1176 5256 1529 5328 praebiturus
1560 5257 1657 5325 sit,
1690 5254 1848 5328 quod
1870 5271 1975 5327 pro

321 5340 478 5396 virili
513 5347 569 5397 et
600 5345 870 5402 culturus
898 5352 957 5402 et
984 5346 1338 5403 defensurus
1370 5347 1444 5403 sit
1464 5346 1785 5419 justitiam,
1818 5345 1977 5402 volu-

326 5429 610 5501 ptatibus,
641 5433 821 5489 rebus
852 5452 972 5491 non
1004 5436 1356 5493 necessariis
1406 5453 1476 5492 ac
1506 5435 1777 5492 mallitiei
1809 5434 1977 5491 dedi-

327 5526 451 5576 tam
481 5520 662 5577 vitam
690 5523 765 5579 ad
797 5529 1049 5581 mortem
1072 5543 1261 5598 usque
1292 5526 1720 5583 declinaturus.
1752 5528 1979 5583 Rursus

325 5615 546 5682 praeter
564 5611 691 5667 haec
710 5610 922 5683 jurant
940 5616 1167 5673 nemini
1192 5632 1256 5673 se
1274 5616 1599 5689 quidquam
1626 5616 1869 5675 omnino
1892 5632 1981 5674 sa-

2082 4624 2199 4701 Πρό
2257 4644 2318 4701 γε
2375 4621 2467 4679 οὐν
2517 4623 2732 4680 πάντων
2791 4620 2990 4700 ὅρκους
3057 4621 3349 4702 φρικώδεις
3421 4623 3736 4695 ἀπαιτοῦσι,

2080 4722 2300 4796 πρῶτον
2351 4715 2446 4790 μὶν
2505 4713 2745 4772 εὐσεϐεῖν
2811 4716 2901 4772 καὶ
2962 4715 3271 4792 θεραπεύειν
3337 4713 3390 4787 ἐξ
3457 4713 3595 4787 ὅλης
3643 4714 3739 4773 καὶ

2079 4811 2317 4884 καθαρᾶς
2371 4809 2557 4882 ψυχῆς
2601 4806 2691 4861 καὶ
2772 4807 3027 4881 σώματος
3082 4807 3146 4863 τὸ
3203 4808 3370 4874 Θεῖον,
3431 4804 3615 4863 ἔπειτα
3679 4801 3742 4860 δὶ

2081 4897 2218 4975 πρὸς
2321 4894 2639 4972 ἀνθρώπους
2742 4892 2924 4951 δίκαια
3007 4894 3294 4974 φυλάττειν
3368 4894 3579 4951 ἃπαντα
3644 4896 3739 4950 καὶ

2083 4984 2594 5063 ἆπροσωπὸληπτα,
2638 4984 2731 5039 καὶ
2785 4984 2863 5058 μὴ
2912 4985 3053 5040 κατᾶ
3096 4985 3321 5061 γνώμην
3354 4983 3564 5062 βλάψαι
3596 4982 3737 5054 τινὰ,

2087 5079 2228 5151 μήτε
2278 5077 2387 5148 μὴν
2439 5078 2817 5149 συγκοινωνεῖν
2866 5069 3095 5144 ἀδίκοις,
3143 5070 3292 5131 ἀλλὰ
3332 5073 3468 5130 κατά
3504 5070 3735 5147 δύναμιν

2083 5169 2181 5222 τοῦ
2244 5160 2455 5219 δικαίου
2514 5162 2606 5218 καὶ
2671 5162 2977 5241 φροντίζειν
3034 5162 3126 5218 καὶ
3187 5162 3463 5239 βιάζεσθαι
3519 5160 3738 5225 πάντως

2083 5254 2174 5312 καὶ
2221 5255 2313 5309 τὸν
2365 5247 2638 5322 ἐνήδονον,
2685 5249 2777 5306 καὶ
2824 5251 3076 5327 περιττὸν
3118 5252 3206 5307 καὶ
3264 5250 3429 5328 ὑγρὸν
3471 5249 3739 5327 ἀποστρὲ-

2090 5354 2281 5423 φεσοαι
2312 5339 2430 5412 βίον
2487 5339 2653 5415 μέχρι
2710 5339 2963 5400 θανάτου.
3023 5340 3165 5417 Πρὸς
3221 5335 3279 5396 δὲ
3323 5338 3539 5403 τούτοις
3572 5338 3740 5414 ὀμνύ-

2087 5453 2212 5490 ουσι
2242 5430 2406 5487 πάλιν
2456 5424 2645 5504 μηδενὶ
2701 5430 2797 5503 μὶν
2849 5430 2911 5484 τὸ
2959 5428 3211 5505 παράπαν
3263 5426 3587 5505 μεταδοῦναι
3629 5434 3741 5485 τῶν

2090 5521 2376 5599 δογμάτων
2427 5517 2519 5574 καὶ
2573 5521 2683 5573 τῶν
2753 5518 3103 5596 ἀγίοπρεπῶν
3173 5518 3382 5576 τούτων
3444 5514 3740 5590 ἱπιτηδευ-

2091 5611 2275 5689 μάτων
2333 5608 2370 5680 ἢ
2427 5606 2501 5672 ὡς
2557 5602 2799 5686 ἀκριϐῶς
2859 5608 3019 5674 αὐτὸς
3074 5602 3405 5688 παρέλαϐεν,
3461 5608 3743 5690 ἀφεεεσθαι
3844 5662 3859 5675 ,
