  <div class='ocr_page' id='page_1' title='image "/cluster/home/n/w/nwhite01/storage/ocr_20150623/121/hvd.32044073502478/200.png"; bbox 0 0 4194 6198; ppageno 0'>
   <div class='ocr_carea' id='block_1_1' title="bbox 398 331 515 391">
    <p class='ocr_par' dir='ltr' id='par_1_1' title="bbox 398 331 515 391">
     <span class='ocr_line' id='line_1_1' title="bbox 398 331 515 391; baseline 0 0"><span class='ocrx_word' id='word_1_1' title='bbox 398 331 515 391; x_wconf 85' lang='lat'>389</span> 
     </span>
    </p>
   </div>
   <div class='ocr_carea' id='block_1_2' title="bbox 1552 321 2690 388">
    <p class='ocr_par' dir='ltr' id='par_1_2' title="bbox 1552 321 2690 388">
     <span class='ocr_line' id='line_1_2' title="bbox 1552 321 2690 388; baseline -0.002 0"><span class='ocrx_word' id='word_1_2' title='bbox 1552 322 2097 388; x_wconf 76' lang='lat' dir='ltr'>HISTORIARUM</span> <span class='ocrx_word' id='word_1_3' title='bbox 2142 321 2690 386; x_wconf 82' lang='lat' dir='ltr'>COMPENDIUM.</span> 
     </span>
    </p>
   </div>
   <div class='ocr_carea' id='block_1_3' title="bbox 3696 331 3816 392">
    <p class='ocr_par' dir='ltr' id='par_1_3' title="bbox 3696 331 3816 392">
     <span class='ocr_line' id='line_1_3' title="bbox 3696 331 3816 392; baseline -0.017 0"><span class='ocrx_word' id='word_1_4' title='bbox 3696 331 3816 392; x_wconf 83' lang='lat'>390</span> 
     </span>
    </p>
   </div>
   <div class='ocr_carea' id='block_1_4' title="bbox 397 459 2067 537">
    <p class='ocr_par' dir='ltr' id='par_1_4' title="bbox 397 459 2052 537">
     <span class='ocr_line' id='line_1_4' title="bbox 397 459 2052 537; baseline -0.002 -19"><span class='ocrx_word' id='word_1_5' title='bbox 397 463 457 518; x_wconf 74' lang='grc' dir='ltr'>δὲ</span> <span class='ocrx_word' id='word_1_6' title='bbox 514 462 692 534; x_wconf 74' lang='grc' dir='ltr'>πάσης</span> <span class='ocrx_word' id='word_1_7' title='bbox 760 463 1001 526; x_wconf 81' lang='grc' dir='ltr'>ἐναντίας</span> <span class='ocrx_word' id='word_1_8' title='bbox 1050 460 1211 534; x_wconf 80' lang='grc' dir='ltr'>δόξης</span> <span class='ocrx_word' id='word_1_9' title='bbox 1267 463 1358 517; x_wconf 87' lang='grc' dir='ltr'>καὶ</span> <span class='ocrx_word' id='word_1_10' title='bbox 1415 461 1689 537; x_wconf 78' lang='grc' dir='ltr'>λατρείας,</span> <span class='ocrx_word' id='word_1_11' title='bbox 1746 459 1835 516; x_wconf 79' lang='grc' dir='ltr'>καὶ</span> <span class='ocrx_word' id='word_1_12' title='bbox 1883 460 2052 533; x_wconf 79' lang='grc' dir='ltr'>ταύτῃ</span> 
     </span>
    </p>
   </div>
   <div class='ocr_carea' id='block_1_5' title="bbox 2181 459 3810 537">
    <p class='ocr_par' dir='ltr' id='par_1_5' title="bbox 2181 461 3810 526">
     <span class='ocr_line' id='line_1_5' title="bbox 2181 461 3810 526; baseline 0.007 -11"><span class='ocrx_word' id='word_1_13' title='bbox 2181 478 2278 516; x_wconf 73' lang='lat' dir='ltr'>:rm</span> <span class='ocrx_word' id='word_1_14' title='bbox 2303 461 2474 517; x_wconf 91' lang='lat' dir='ltr'>istius</span> <span class='ocrx_word' id='word_1_15' title='bbox 2531 461 2816 518; x_wconf 69' lang='lat' dir='ltr'>doctrina:</span> <span class='ocrx_word' id='word_1_16' title='bbox 2865 481 2933 521; x_wconf 90' lang='lat' dir='ltr'>ac</span> <span class='ocrx_word' id='word_1_17' title='bbox 2990 467 3418 524; x_wconf 85' lang='lat' dir='ltr'>venerabilium</span> <span class='ocrx_word' id='word_1_18' title='bbox 3479 471 3810 526; x_wconf 86' lang='lat' dir='ltr'>studiorum</span> 
     </span>
    </p>
   </div>
   <div class='ocr_carea' id='block_1_6' title="bbox 401 548 2060 632">
    <p class='ocr_par' dir='ltr' id='par_1_6' title="bbox 401 548 2060 632">
     <span class='ocr_line' id='line_1_6' title="bbox 401 548 2060 632; baseline -0.004 -23"><span class='ocrx_word' id='word_1_19' title='bbox 401 555 539 630; x_wconf 73' lang='grc' dir='ltr'>μόνῃ</span> <span class='ocrx_word' id='word_1_20' title='bbox 570 554 925 628; x_wconf 68' lang='grc' dir='ltr'>προσανέχειν</span> <span class='ocrx_word' id='word_1_21' title='bbox 961 556 1030 626; x_wconf 82' lang='grc' dir='ltr'>τῇ</span> <span class='ocrx_word' id='word_1_22' title='bbox 1087 553 1202 624; x_wconf 76' lang='grc' dir='ltr'>θείᾳ</span> <span class='ocrx_word' id='word_1_23' title='bbox 1263 549 1462 632; x_wconf 81' lang='grc' dir='ltr'>μέχρις</span> <span class='ocrx_word' id='word_1_24' title='bbox 1509 550 1741 625; x_wconf 79' lang='grc' dir='ltr'>αἳματος</span> <span class='ocrx_word' id='word_1_25' title='bbox 1803 548 2060 625; x_wconf 76' lang='grc' dir='ltr'>θρησκείᾳ</span> 
     </span>
    </p>
   </div>
   <div class='ocr_carea' id='block_1_7' title="bbox 393 637 2055 712">
    <p class='ocr_par' dir='ltr' id='par_1_7' title="bbox 393 637 2055 712">
     <span class='ocr_line' id='line_1_7' title="bbox 393 637 2055 712; baseline -0.005 -12"><span class='ocrx_word' id='word_1_26' title='bbox 393 647 485 700; x_wconf 81' lang='grc' dir='ltr'>καὶ</span> <span class='ocrx_word' id='word_1_27' title='bbox 538 645 881 700; x_wconf 71' lang='grc' dir='ltr'>καταστάσει,</span> <span class='ocrx_word' id='word_1_28' title='bbox 937 645 1030 699; x_wconf 84' lang='grc' dir='ltr'>Ἐκ</span> <span class='ocrx_word' id='word_1_29' title='bbox 1085 645 1183 712; x_wconf 74' lang='grc' dir='ltr'>τῆς</span> <span class='ocrx_word' id='word_1_30' title='bbox 1239 640 1460 711; x_wconf 82' lang='grc' dir='ltr'>πολλῆς</span> <span class='ocrx_word' id='word_1_31' title='bbox 1531 639 1590 696; x_wconf 72' lang='grc' dir='ltr'>δὲ</span> <span class='ocrx_word' id='word_1_32' title='bbox 1647 641 1926 711; x_wconf 84' lang='grc' dir='ltr'>ἀσκήσεως</span> <span class='ocrx_word' id='word_1_33' title='bbox 1964 637 2055 696; x_wconf 80' lang='grc' dir='ltr'>καὶ</span> 
     </span>
    </p>
   </div>
   <div class='ocr_carea' id='block_1_8' title="bbox 397 730 2055 807">
    <p class='ocr_par' dir='ltr' id='par_1_8' title="bbox 397 730 2055 807">
     <span class='ocr_line' id='line_1_8' title="bbox 397 730 2055 807; baseline -0.004 -18"><span class='ocrx_word' id='word_1_34' title='bbox 397 733 776 807; x_wconf 73' lang='grc' dir='ltr'>καθαρότητος</span> <span class='ocrx_word' id='word_1_35' title='bbox 802 731 1007 788; x_wconf 84' lang='grc' dir='ltr'>πολλοὶ</span> <span class='ocrx_word' id='word_1_36' title='bbox 1038 733 1126 787; x_wconf 76' lang='grc' dir='ltr'>καὶ</span> <span class='ocrx_word' id='word_1_37' title='bbox 1155 733 1222 787; x_wconf 80' lang='grc' dir='ltr'>τὰ</span> <span class='ocrx_word' id='word_1_38' title='bbox 1257 730 1530 807; x_wconf 65' lang='grc' dir='ltr'>μέλλοντα</span> <span class='ocrx_word' id='word_1_39' title='bbox 1585 733 2055 807; x_wconf 83' lang='grc' dir='ltr'>προγινώσκουσιν</span> 
     </span>
    </p>
   </div>
   <div class='ocr_carea' id='block_1_9' title="bbox 395 820 2058 898">
    <p class='ocr_par' dir='ltr' id='par_1_9' title="bbox 395 820 2058 898">
     <span class='ocr_line' id='line_1_9' title="bbox 395 820 2058 898; baseline -0.002 -20"><span class='ocrx_word' id='word_1_40' title='bbox 395 823 457 878; x_wconf 80' lang='grc' dir='ltr'>ἐκ</span> <span class='ocrx_word' id='word_1_41' title='bbox 513 824 658 885; x_wconf 80' lang='grc' dir='ltr'>θείας</span> <span class='ocrx_word' id='word_1_42' title='bbox 715 822 993 884; x_wconf 74' lang='grc' dir='ltr'>ἐπιπνοίας</span> <span class='ocrx_word' id='word_1_43' title='bbox 1054 821 1142 876; x_wconf 79' lang='grc' dir='ltr'>καὶ</span> <span class='ocrx_word' id='word_1_44' title='bbox 1202 824 1454 898; x_wconf 70' lang='grc' dir='ltr'>χάριτος,</span> <span class='ocrx_word' id='word_1_45' title='bbox 1513 820 1906 892; x_wconf 70' lang='grc' dir='ltr'>ἀκαταπαύστῳ</span> <span class='ocrx_word' id='word_1_46' title='bbox 1961 838 2058 891; x_wconf 80' lang='grc' dir='ltr'>με-</span> 
     </span>
    </p>
   </div>
   <div class='ocr_carea' id='block_1_10' title="bbox 396 909 2059 991">
    <p class='ocr_par' dir='ltr' id='par_1_10' title="bbox 396 909 2059 991">
     <span class='ocr_line' id='line_1_10' title="bbox 396 909 2059 991; baseline -0.005 -23"><span class='ocrx_word' id='word_1_47' title='bbox 396 912 530 987; x_wconf 74' lang='grc' dir='ltr'>λέτῃ</span> <span class='ocrx_word' id='word_1_48' title='bbox 564 916 858 991; x_wconf 84' lang='grc' dir='ltr'>προφητῶν</span> <span class='ocrx_word' id='word_1_49' title='bbox 891 913 979 966; x_wconf 75' lang='grc' dir='ltr'>καὶ</span> <span class='ocrx_word' id='word_1_50' title='bbox 1013 911 1222 966; x_wconf 82' lang='grc' dir='ltr'>λοιπῶν</span> <span class='ocrx_word' id='word_1_51' title='bbox 1273 912 1433 985; x_wconf 77' lang='grc' dir='ltr'>ἱερῶν</span> <span class='ocrx_word' id='word_1_52' title='bbox 1488 909 1691 986; x_wconf 85' lang='grc' dir='ltr'>λογίων</span> <span class='ocrx_word' id='word_1_53' title='bbox 1741 909 1833 964; x_wconf 81' lang='grc' dir='ltr'>καὶ</span> <span class='ocrx_word' id='word_1_54' title='bbox 1887 927 2059 982; x_wconf 87' lang='grc' dir='ltr'>προσ-</span> 
     </span>
    </p>
   </div>
   <div class='ocr_carea' id='block_1_11' title="bbox 393 995 2018 1080">
    <p class='ocr_par' dir='ltr' id='par_1_11' title="bbox 393 995 2018 1080">
     <span class='ocr_line' id='line_1_11' title="bbox 393 995 2018 1080; baseline -0.005 -22"><span class='ocrx_word' id='word_1_55' title='bbox 393 1005 537 1080; x_wconf 80' lang='grc' dir='ltr'>ευχῇ</span> <span class='ocrx_word' id='word_1_56' title='bbox 570 995 1180 1075; x_wconf 75' lang='grc' dir='ltr'>ἐμπαιδοτριϐούμενοι.</span> <span class='ocrx_word' id='word_1_57' title='bbox 2015 1009 2018 1013; x_wconf 80' lang='grc'><strong>”</strong></span> 
     </span>
    </p>
   </div>
   <div class='ocr_carea' id='block_1_12' title="bbox 2167 553 3809 630">
    <p class='ocr_par' dir='ltr' id='par_1_12' title="bbox 2167 553 3809 630">
     <span class='ocr_line' id='line_1_12' title="bbox 2167 553 3809 630; baseline 0.006 -24"><span class='ocrx_word' id='word_1_58' title='bbox 2167 567 2336 607; x_wconf 88' lang='lat' dir='ltr'>secus</span> <span class='ocrx_word' id='word_1_59' title='bbox 2367 553 2724 611; x_wconf 90' lang='lat' dir='ltr'>traditurum</span> <span class='ocrx_word' id='word_1_60' title='bbox 2757 573 2935 628; x_wconf 89' lang='lat' dir='ltr'>quam</span> <span class='ocrx_word' id='word_1_61' title='bbox 2995 557 3104 629; x_wconf 85' lang='lat' dir='ltr'>ipsi</span> <span class='ocrx_word' id='word_1_62' title='bbox 3156 560 3514 630; x_wconf 84' lang='lat' dir='ltr'>acceperint,</span> <span class='ocrx_word' id='word_1_63' title='bbox 3573 578 3809 616; x_wconf 88' lang='lat' dir='ltr'>omnem</span> 
     </span>
    </p>
   </div>
   <div class='ocr_carea' id='block_1_13' title="bbox 2167 640 3807 720">
    <p class='ocr_par' dir='ltr' id='par_1_13' title="bbox 2167 640 3807 720">
     <span class='ocr_line' id='line_1_13' title="bbox 2167 640 3807 720; baseline 0.006 -24"><span class='ocrx_word' id='word_1_64' title='bbox 2167 640 2459 698; x_wconf 82' lang='lat' dir='ltr'>diversam</span> <span class='ocrx_word' id='word_1_65' title='bbox 2489 644 2831 716; x_wconf 77' lang='lat' dir='ltr'>opinionem</span> <span class='ocrx_word' id='word_1_66' title='bbox 2862 663 2928 702; x_wconf 90' lang='lat' dir='ltr'>ac</span> <span class='ocrx_word' id='word_1_67' title='bbox 2959 647 3308 720; x_wconf 78' lang='lat' dir='ltr'>religionem</span> <span class='ocrx_word' id='word_1_68' title='bbox 3341 651 3646 719; x_wconf 86' lang='lat' dir='ltr'>vitaturos,</span> <span class='ocrx_word' id='word_1_69' title='bbox 3670 651 3807 706; x_wconf 89' lang='lat' dir='ltr'>huic</span> 
     </span>
    </p>
   </div>
   <div class='ocr_carea' id='block_1_14' title="bbox 2167 729 3812 810">
    <p class='ocr_par' dir='ltr' id='par_1_14' title="bbox 2167 729 3812 810">
     <span class='ocr_line' id='line_1_14' title="bbox 2167 729 3812 810; baseline 0.007 -27"><span class='ocrx_word' id='word_1_70' title='bbox 2167 729 2378 785; x_wconf 62' lang='lat' dir='ltr'>divinae</span> <span class='ocrx_word' id='word_1_71' title='bbox 2411 731 2684 804; x_wconf 80' lang='lat' dir='ltr'>religioni</span> <span class='ocrx_word' id='word_1_72' title='bbox 2717 735 2890 790; x_wconf 87' lang='lat' dir='ltr'>unice</span> <span class='ocrx_word' id='word_1_73' title='bbox 2926 753 3117 807; x_wconf 88' lang='lat' dir='ltr'>usque</span> <span class='ocrx_word' id='word_1_74' title='bbox 3149 737 3220 792; x_wconf 89' lang='lat' dir='ltr'>ad</span> <span class='ocrx_word' id='word_1_75' title='bbox 3245 739 3595 810; x_wconf 86' lang='lat' dir='ltr'>sanguinem</span> <span class='ocrx_word' id='word_1_76' title='bbox 3621 756 3680 794; x_wconf 90' lang='lat' dir='ltr'>se</span> <span class='ocrx_word' id='word_1_77' title='bbox 3717 741 3812 810; x_wconf 91' lang='lat' dir='ltr'>pie</span> 
     </span>
    </p>
   </div>
   <div class='ocr_carea' id='block_1_15' title="bbox 2167 827 3814 898">
    <p class='ocr_par' dir='ltr' id='par_1_15' title="bbox 2167 827 3814 898">
     <span class='ocr_line' id='line_1_15' title="bbox 2167 827 3814 898; baseline 0.006 -25"><span class='ocrx_word' id='word_1_78' title='bbox 2167 834 2235 874; x_wconf 89' lang='lat' dir='ltr'>ac</span> <span class='ocrx_word' id='word_1_79' title='bbox 2266 827 2605 876; x_wconf 81' lang='lat' dir='ltr'>reverenter</span> <span class='ocrx_word' id='word_1_80' title='bbox 2662 840 2898 895; x_wconf 84' lang='lat' dir='ltr'>operam</span> <span class='ocrx_word' id='word_1_81' title='bbox 2961 831 3298 881; x_wconf 76' lang='lat' dir='ltr'>navaturos.</span> <span class='ocrx_word' id='word_1_82' title='bbox 3354 829 3814 898; x_wconf 90' lang='lat' dir='ltr'>Consequuntur</span> 
     </span>
    </p>
   </div>
   <div class='ocr_carea' id='block_1_16' title="bbox 2167 909 3809 988">
    <p class='ocr_par' dir='ltr' id='par_1_16' title="bbox 2167 909 3809 988">
     <span class='ocr_line' id='line_1_16' title="bbox 2167 909 3809 988; baseline 0.007 -27"><span class='ocrx_word' id='word_1_83' title='bbox 2167 909 2280 962; x_wconf 91' lang='lat' dir='ltr'>hoc</span> <span class='ocrx_word' id='word_1_84' title='bbox 2313 909 2485 963; x_wconf 90' lang='lat' dir='ltr'>multi</span> <span class='ocrx_word' id='word_1_85' title='bbox 2525 911 2790 982; x_wconf 83' lang='lat' dir='ltr'>ipsorum</span> <span class='ocrx_word' id='word_1_86' title='bbox 2824 920 3106 985; x_wconf 87' lang='lat' dir='ltr'>perpetua</span> <span class='ocrx_word' id='word_1_87' title='bbox 3157 917 3576 972; x_wconf 82' lang='lat' dir='ltr'>exercitatione</span> <span class='ocrx_word' id='word_1_88' title='bbox 3633 924 3809 988; x_wconf 85' lang='lat' dir='ltr'>atque</span> 
     </span>
    </p>
   </div>
   <div class='ocr_carea' id='block_1_17' title="bbox 2168 999 3811 1078">
    <p class='ocr_par' dir='ltr' id='par_1_17' title="bbox 2168 999 3811 1078">
     <span class='ocr_line' id='line_1_17' title="bbox 2168 999 3811 1078; baseline 0.007 -26"><span class='ocrx_word' id='word_1_89' title='bbox 2168 999 2422 1068; x_wconf 73' lang='lat' dir='ltr'>puritate</span> <span class='ocrx_word' id='word_1_90' title='bbox 2445 1006 2510 1054; x_wconf 91' lang='lat' dir='ltr'>ut</span> <span class='ocrx_word' id='word_1_91' title='bbox 2539 1001 2734 1057; x_wconf 92' lang='lat' dir='ltr'>divino</span> <span class='ocrx_word' id='word_1_92' title='bbox 2768 1010 2914 1058; x_wconf 89' lang='lat' dir='ltr'>nutu</span> <span class='ocrx_word' id='word_1_93' title='bbox 2954 1010 3128 1076; x_wconf 83' lang='lat' dir='ltr'>atque</span> <span class='ocrx_word' id='word_1_94' title='bbox 3153 1007 3338 1078; x_wconf 85' lang='lat' dir='ltr'>gratia</span> <span class='ocrx_word' id='word_1_95' title='bbox 3387 1008 3560 1064; x_wconf 85' lang='lat' dir='ltr'>etiam</span> <span class='ocrx_word' id='word_1_96' title='bbox 3611 1008 3811 1063; x_wconf 80' lang='lat' dir='ltr'>futura</span> 
     </span>
    </p>
   </div>
   <div class='ocr_carea' id='block_1_18' title="bbox 393 1086 3812 1170">
    <p class='ocr_par' dir='ltr' id='par_1_18' title="bbox 393 1086 3812 1170">
     <span class='ocr_line' id='line_1_18' title="bbox 393 1086 3812 1170; baseline 0.001 -23"><span class='ocrx_word' id='word_1_97' title='bbox 393 1093 784 1165; x_wconf 65' lang='lat' dir='ltr'>praevideant,</span> <span class='ocrx_word' id='word_1_98' title='bbox 817 1091 958 1146; x_wconf 93' lang='lat' dir='ltr'>dum</span> <span class='ocrx_word' id='word_1_99' title='bbox 984 1092 1111 1163; x_wconf 86' lang='lat' dir='ltr'>jugi</span> <span class='ocrx_word' id='word_1_100' title='bbox 1162 1093 1307 1148; x_wconf 75' lang='lat'>351</span> <span class='ocrx_word' id='word_1_101' title='bbox 1375 1091 1570 1146; x_wconf 89' lang='lat' dir='ltr'>studio</span> <span class='ocrx_word' id='word_1_102' title='bbox 1603 1095 1802 1145; x_wconf 88' lang='lat' dir='ltr'>vatum</span> <span class='ocrx_word' id='word_1_103' title='bbox 1835 1086 2076 1143; x_wconf 89' lang='lat' dir='ltr'>oracula</span> <span class='ocrx_word' id='word_1_104' title='bbox 2106 1091 2163 1141; x_wconf 86' lang='lat' dir='ltr'>et</span> <span class='ocrx_word' id='word_1_105' title='bbox 2203 1087 2496 1158; x_wconf 89' lang='lat' dir='ltr'>reliquum</span> <span class='ocrx_word' id='word_1_106' title='bbox 2532 1108 2833 1148; x_wconf 88' lang='lat' dir='ltr'>sacrarum</span> <span class='ocrx_word' id='word_1_107' title='bbox 2870 1094 3219 1150; x_wconf 81' lang='lat' dir='ltr'>Litterarum</span> <span class='ocrx_word' id='word_1_108' title='bbox 3245 1096 3585 1168; x_wconf 71' lang='lat' dir='ltr'>lectitantes</span> <span class='ocrx_word' id='word_1_109' title='bbox 3617 1098 3812 1170; x_wconf 89' lang='lat' dir='ltr'>preci-</span> 
     </span>
    </p>
   </div>
   <div class='ocr_carea' id='block_1_19' title="bbox 397 1179 1599 1254">
    <p class='ocr_par' dir='ltr' id='par_1_19' title="bbox 397 1179 1599 1254">
     <span class='ocr_line' id='line_1_19' title="bbox 397 1179 1599 1254; baseline -0.002 -17"><span class='ocrx_word' id='word_1_110' title='bbox 397 1183 636 1254; x_wconf 88' lang='lat' dir='ltr'>busque</span> <span class='ocrx_word' id='word_1_111' title='bbox 669 1182 1083 1236; x_wconf 83' lang='lat' dir='ltr'>incumbentes</span> <span class='ocrx_word' id='word_1_112' title='bbox 1113 1181 1196 1236; x_wconf 86' lang='lat' dir='ltr'>ita</span> <span class='ocrx_word' id='word_1_113' title='bbox 1226 1179 1599 1235; x_wconf 88' lang='lat' dir='ltr'>erudiuntur.</span> 
     </span>
    </p>
   </div>
   <div class='ocr_carea' id='block_1_20' title="bbox 470 1263 2056 1342">
    <p class='ocr_par' dir='ltr' id='par_1_20' title="bbox 470 1263 2056 1342">
     <span class='ocr_line' id='line_1_20' title="bbox 470 1263 2056 1342; baseline -0.006 -16"><span class='ocrx_word' id='word_1_114' title='bbox 470 1269 690 1338; x_wconf 81' lang='grc' dir='ltr'>Ταύτην</span> <span class='ocrx_word' id='word_1_115' title='bbox 735 1273 818 1342; x_wconf 86' lang='grc' dir='ltr'>(Ρ.</span> <span class='ocrx_word' id='word_1_116' title='bbox 879 1272 1006 1339; x_wconf 83' lang='grc'>200)</span> <span class='ocrx_word' id='word_1_117' title='bbox 1067 1268 1157 1322; x_wconf 81' lang='grc' dir='ltr'>οὖν</span> <span class='ocrx_word' id='word_1_118' title='bbox 1191 1269 1218 1322; x_wconf 85' lang='grc' dir='ltr'>ὁ</span> <span class='ocrx_word' id='word_1_119' title='bbox 1251 1267 1524 1337; x_wconf 81' lang='grc' dir='ltr'>Ἰώσηπος</span> <span class='ocrx_word' id='word_1_120' title='bbox 1585 1265 1765 1340; x_wconf 77' lang='grc' dir='ltr'>ἄκρως</span> <span class='ocrx_word' id='word_1_121' title='bbox 1817 1263 2056 1333; x_wconf 90' lang='grc' dir='ltr'>ἀσκήσας</span> 
     </span>
    </p>
   </div>
   <div class='ocr_carea' id='block_1_21' title="bbox 391 1349 2054 1438">
    <p class='ocr_par' dir='ltr' id='par_1_21' title="bbox 391 1349 2054 1438">
     <span class='ocr_line' id='line_1_21' title="bbox 391 1349 2054 1438; baseline -0.004 -25"><span class='ocrx_word' id='word_1_122' title='bbox 391 1361 494 1428; x_wconf 75' lang='grc' dir='ltr'>τήν</span> <span class='ocrx_word' id='word_1_123' title='bbox 556 1357 882 1438; x_wconf 74' lang='grc' dir='ltr'>φιλοσοφίαν</span> <span class='ocrx_word' id='word_1_124' title='bbox 942 1356 1030 1412; x_wconf 77' lang='grc' dir='ltr'>ἐπὶ</span> <span class='ocrx_word' id='word_1_125' title='bbox 1092 1357 1298 1430; x_wconf 85' lang='grc' dir='ltr'>μείζονι</span> <span class='ocrx_word' id='word_1_126' title='bbox 1375 1357 1704 1433; x_wconf 79' lang='grc' dir='ltr'>προκόπτειν</span> <span class='ocrx_word' id='word_1_127' title='bbox 1782 1349 2054 1409; x_wconf 79' lang='grc' dir='ltr'>ἔσπευσεν.</span> 
     </span>
    </p>
   </div>
   <div class='ocr_carea' id='block_1_22' title="bbox 393 1443 2058 1522">
    <p class='ocr_par' dir='ltr' id='par_1_22' title="bbox 393 1443 2058 1522">
     <span class='ocr_line' id='line_1_22' title="bbox 393 1443 2058 1522; baseline -0.004 -19"><span class='ocrx_word' id='word_1_128' title='bbox 393 1448 658 1510; x_wconf 79' lang='grc' dir='ltr'>Ἀκούσας</span> <span class='ocrx_word' id='word_1_129' title='bbox 715 1447 814 1522; x_wconf 72' lang='grc' dir='ltr'>γάρ</span> <span class='ocrx_word' id='word_1_130' title='bbox 872 1468 992 1502; x_wconf 91' lang='grc' dir='ltr'>τινα</span> <span class='ocrx_word' id='word_1_131' title='bbox 1051 1445 1423 1522; x_wconf 76' lang='grc' dir='ltr'>διαφερόντως</span> <span class='ocrx_word' id='word_1_132' title='bbox 1477 1446 1746 1501; x_wconf 86' lang='grc' dir='ltr'>ἀσκοῦντα</span> <span class='ocrx_word' id='word_1_133' title='bbox 1795 1443 1931 1499; x_wconf 78' lang='grc' dir='ltr'>κατὰ</span> <span class='ocrx_word' id='word_1_134' title='bbox 1959 1445 2058 1512; x_wconf 77' lang='grc' dir='ltr'>τήν</span> 
     </span>
    </p>
   </div>
   <div class='ocr_carea' id='block_1_23' title="bbox 392 1531 2057 1611">
    <p class='ocr_par' dir='ltr' id='par_1_23' title="bbox 392 1531 2057 1611">
     <span class='ocr_line' id='line_1_23' title="bbox 392 1531 2057 1611; baseline -0.004 -20"><span class='ocrx_word' id='word_1_135' title='bbox 392 1534 603 1611; x_wconf 79' lang='grc' dir='ltr'>ἔρημον</span> <span class='ocrx_word' id='word_1_136' title='bbox 649 1531 844 1593; x_wconf 70' lang='grc' dir='ltr'>’Λϐϐἆν</span> <span class='ocrx_word' id='word_1_137' title='bbox 905 1536 1339 1609; x_wconf 77' lang='grc' dir='ltr'>ὀνομαζόμενον,</span> <span class='ocrx_word' id='word_1_138' title='bbox 1379 1533 1568 1604; x_wconf 77' lang='grc' dir='ltr'>ἐσθῆτι</span> <span class='ocrx_word' id='word_1_139' title='bbox 1629 1535 1722 1606; x_wconf 80' lang='grc' dir='ltr'>μὶν</span> <span class='ocrx_word' id='word_1_140' title='bbox 1774 1533 1880 1587; x_wconf 84' lang='grc' dir='ltr'>ἀπὸ</span> <span class='ocrx_word' id='word_1_141' title='bbox 1939 1532 2057 1586; x_wconf 74' lang='grc' dir='ltr'>δένο</span> 
     </span>
    </p>
   </div>
   <div class='ocr_carea' id='block_1_24' title="bbox 394 1619 2053 1702">
    <p class='ocr_par' dir='ltr' id='par_1_24' title="bbox 394 1619 2053 1702">
     <span class='ocr_line' id='line_1_24' title="bbox 394 1619 2053 1702; baseline -0.004 -22"><span class='ocrx_word' id='word_1_142' title='bbox 394 1624 538 1702; x_wconf 83' lang='grc' dir='ltr'>δρων</span> <span class='ocrx_word' id='word_1_143' title='bbox 579 1623 1016 1698; x_wconf 81' lang='grc' dir='ltr'>καλυπτόμενον,</span> <span class='ocrx_word' id='word_1_144' title='bbox 1071 1628 1250 1702; x_wconf 78' lang='grc' dir='ltr'>τροφῇ</span> <span class='ocrx_word' id='word_1_145' title='bbox 1310 1621 1368 1679; x_wconf 63' lang='grc' dir='ltr'>δὲ</span> <span class='ocrx_word' id='word_1_146' title='bbox 1425 1623 1753 1697; x_wconf 79' lang='grc' dir='ltr'>αὐτομάτως</span> <span class='ocrx_word' id='word_1_147' title='bbox 1812 1619 2053 1702; x_wconf 71' lang='grc' dir='ltr'>φυομένῃ</span> 
     </span>
    </p>
   </div>
   <div class='ocr_carea' id='block_1_25' title="bbox 392 1707 2054 1791">
    <p class='ocr_par' dir='ltr' id='par_1_25' title="bbox 392 1707 2054 1791">
     <span class='ocr_line' id='line_1_25' title="bbox 392 1707 2054 1791; baseline -0.004 -21"><span class='ocrx_word' id='word_1_148' title='bbox 392 1716 717 1791; x_wconf 80' lang='grc' dir='ltr'>χρώμενον,</span> <span class='ocrx_word' id='word_1_149' title='bbox 755 1713 845 1769; x_wconf 81' lang='grc' dir='ltr'>καὶ</span> <span class='ocrx_word' id='word_1_150' title='bbox 902 1715 1001 1784; x_wconf 82' lang='grc' dir='ltr'>τήν</span> <span class='ocrx_word' id='word_1_151' title='bbox 1059 1709 1224 1788; x_wconf 81' lang='grc' dir='ltr'>ἄκραν</span> <span class='ocrx_word' id='word_1_152' title='bbox 1284 1711 1512 1783; x_wconf 80' lang='grc' dir='ltr'>ἄσκησιν</span> <span class='ocrx_word' id='word_1_153' title='bbox 1573 1711 1739 1768; x_wconf 80' lang='grc' dir='ltr'>αὐτοῦ</span> <span class='ocrx_word' id='word_1_154' title='bbox 1799 1707 2054 1781; x_wconf 84' lang='grc' dir='ltr'>ζηλώσας</span> 
     </span>
    </p>
   </div>
   <div class='ocr_carea' id='block_1_26' title="bbox 393 1801 2055 1882">
    <p class='ocr_par' dir='ltr' id='par_1_26' title="bbox 393 1801 2055 1882">
     <span class='ocr_line' id='line_1_26' title="bbox 393 1801 2055 1882; baseline -0.005 -21"><span class='ocrx_word' id='word_1_155' title='bbox 393 1806 532 1880; x_wconf 81' lang='grc' dir='ltr'>πρὸς</span> <span class='ocrx_word' id='word_1_156' title='bbox 565 1803 728 1860; x_wconf 83' lang='grc' dir='ltr'>αὖτὸν</span> <span class='ocrx_word' id='word_1_157' title='bbox 785 1803 1030 1882; x_wconf 73' lang='grc' dir='ltr'>ἀφίκετο,</span> <span class='ocrx_word' id='word_1_158' title='bbox 1085 1802 1177 1857; x_wconf 79' lang='grc' dir='ltr'>καὶ</span> <span class='ocrx_word' id='word_1_159' title='bbox 1234 1808 1377 1876; x_wconf 88' lang='grc' dir='ltr'>τρεῖς</span> <span class='ocrx_word' id='word_1_160' title='bbox 1436 1802 1562 1877; x_wconf 89' lang='grc' dir='ltr'>παρ’</span> <span class='ocrx_word' id='word_1_161' title='bbox 1621 1801 1768 1873; x_wconf 82' lang='grc' dir='ltr'>αὐτῷ</span> <span class='ocrx_word' id='word_1_162' title='bbox 1820 1801 2055 1870; x_wconf 75' lang='grc' dir='ltr'>ποιήσας</span> 
     </span>
    </p>
   </div>
   <div class='ocr_carea' id='block_1_27' title="bbox 395 1888 2055 1966">
    <p class='ocr_par' dir='ltr' id='par_1_27' title="bbox 395 1888 2055 1966">
     <span class='ocr_line' id='line_1_27' title="bbox 395 1888 2055 1966; baseline -0.004 -18"><span class='ocrx_word' id='word_1_163' title='bbox 395 1893 678 1956; x_wconf 73' lang='grc' dir='ltr'>ἐνιαυτοὺς</span> <span class='ocrx_word' id='word_1_164' title='bbox 743 1893 822 1956; x_wconf 70' lang='grc' dir='ltr'>εἲς</span> <span class='ocrx_word' id='word_1_165' title='bbox 853 1895 954 1964; x_wconf 82' lang='grc' dir='ltr'>τήν</span> <span class='ocrx_word' id='word_1_166' title='bbox 1011 1891 1174 1948; x_wconf 79' lang='grc' dir='ltr'>πόλιν</span> <span class='ocrx_word' id='word_1_167' title='bbox 1233 1893 1531 1966; x_wconf 69' lang='grc' dir='ltr'>ὑπέστρεψε</span> <span class='ocrx_word' id='word_1_168' title='bbox 1586 1891 1676 1946; x_wconf 82' lang='grc' dir='ltr'>καὶ</span> <span class='ocrx_word' id='word_1_169' title='bbox 1707 1892 1908 1963; x_wconf 77' lang='grc' dir='ltr'>τῇτῶν</span> <span class='ocrx_word' id='word_1_170' title='bbox 1943 1888 2055 1945; x_wconf 65' lang='lat' dir='ltr'>tbi-</span> 
     </span>
    </p>
   </div>
   <div class='ocr_carea' id='block_1_28' title="bbox 398 1980 1379 2060">
    <p class='ocr_par' dir='ltr' id='par_1_28' title="bbox 398 1980 1379 2060">
     <span class='ocr_line' id='line_1_28' title="bbox 398 1980 1379 2060; baseline -0.003 -22"><span class='ocrx_word' id='word_1_171' title='bbox 398 1984 622 2060; x_wconf 81' lang='grc' dir='ltr'>ρισαίων</span> <span class='ocrx_word' id='word_1_172' title='bbox 655 1983 1007 2038; x_wconf 70' lang='grc' dir='ltr'>ἐπολιτεύετο</span> <span class='ocrx_word' id='word_1_173' title='bbox 1041 1980 1379 2056; x_wconf 82' lang='grc' dir='ltr'>δικαιοσύνῃ,</span> 
     </span>
    </p>
   </div>
   <div class='ocr_carea' id='block_1_29' title="bbox 471 2065 2058 2149">
    <p class='ocr_par' dir='ltr' id='par_1_29' title="bbox 471 2065 2058 2149">
     <span class='ocr_line' id='line_1_29' title="bbox 471 2065 2058 2149; baseline -0.005 -18"><span class='ocrx_word' id='word_1_174' title='bbox 471 2075 533 2132; x_wconf 88' lang='grc' dir='ltr'>Ὀ</span> <span class='ocrx_word' id='word_1_175' title='bbox 565 2072 622 2129; x_wconf 70' lang='grc' dir='ltr'>δὲ</span> <span class='ocrx_word' id='word_1_176' title='bbox 653 2095 715 2149; x_wconf 76' lang='grc' dir='ltr'>γε</span> <span class='ocrx_word' id='word_1_177' title='bbox 746 2073 957 2141; x_wconf 80' lang='grc' dir='ltr'>Φίλων,</span> <span class='ocrx_word' id='word_1_178' title='bbox 1006 2073 1080 2135; x_wconf 86' lang='grc' dir='ltr'>ὡς</span> <span class='ocrx_word' id='word_1_179' title='bbox 1113 2071 1348 2147; x_wconf 74' lang='grc' dir='ltr'>εἴρηται,</span> <span class='ocrx_word' id='word_1_180' title='bbox 1405 2073 1528 2147; x_wconf 81' lang='grc' dir='ltr'>περὶ</span> <span class='ocrx_word' id='word_1_181' title='bbox 1584 2075 1691 2126; x_wconf 90' lang='grc' dir='ltr'>τῶν</span> <span class='ocrx_word' id='word_1_182' title='bbox 1735 2069 1783 2140; x_wconf 79' lang='grc' dir='ltr'>ἐξ</span> <span class='ocrx_word' id='word_1_183' title='bbox 1841 2065 2058 2140; x_wconf 77' lang='grc' dir='ltr'>Ἐϐραί-</span> 
     </span>
    </p>
   </div>
   <div class='ocr_carea' id='block_1_30' title="bbox 405 2159 2061 2240">
    <p class='ocr_par' dir='ltr' id='par_1_30' title="bbox 405 2159 2061 2240">
     <span class='ocr_line' id='line_1_30' title="bbox 405 2159 2061 2240; baseline -0.004 -22"><span class='ocrx_word' id='word_1_184' title='bbox 405 2185 482 2218; x_wconf 89' lang='grc' dir='ltr'>ων</span> <span class='ocrx_word' id='word_1_185' title='bbox 553 2165 838 2238; x_wconf 73' lang='grc' dir='ltr'>ἡμετέρων</span> <span class='ocrx_word' id='word_1_186' title='bbox 939 2163 1187 2234; x_wconf 76' lang='grc' dir='ltr'>ἀσκητῶν</span> <span class='ocrx_word' id='word_1_187' title='bbox 1298 2161 1672 2240; x_wconf 78' lang='grc' dir='ltr'>ἀναφανέντων</span> <span class='ocrx_word' id='word_1_188' title='bbox 1788 2159 2061 2234; x_wconf 73' lang='grc' dir='ltr'>μέμνηται</span> 
     </span>
    </p>
   </div>
   <div class='ocr_carea' id='block_1_31' title="bbox 404 2250 2062 2330">
    <p class='ocr_par' dir='ltr' id='par_1_31' title="bbox 404 2250 2062 2330">
     <span class='ocr_line' id='line_1_31' title="bbox 404 2250 2062 2330; baseline -0.004 -22"><span class='ocrx_word' id='word_1_189' title='bbox 404 2258 590 2330; x_wconf 80' lang='grc' dir='ltr'>σαφῶς</span> <span class='ocrx_word' id='word_1_190' title='bbox 620 2252 781 2325; x_wconf 84' lang='grc' dir='ltr'>ἐντῷ</span> <span class='ocrx_word' id='word_1_191' title='bbox 811 2250 965 2328; x_wconf 87' lang='grc' dir='ltr'>λόγῳ</span> <span class='ocrx_word' id='word_1_192' title='bbox 1014 2250 1066 2306; x_wconf 84' lang='grc' dir='ltr'>ἐν</span> <span class='ocrx_word' id='word_1_193' title='bbox 1121 2252 1167 2324; x_wconf 84' lang='grc' dir='ltr'>ᾦ</span> <span class='ocrx_word' id='word_1_194' title='bbox 1224 2250 1490 2328; x_wconf 68' lang='grc' dir='ltr'>ἐπέγραψε</span> <span class='ocrx_word' id='word_1_195' title='bbox 1546 2251 1667 2323; x_wconf 82' lang='grc' dir='ltr'>περὶ</span> <span class='ocrx_word' id='word_1_196' title='bbox 1725 2251 2062 2322; x_wconf 78' lang='grc' dir='ltr'>θεωρητικοῦ</span> 
     </span>
    </p>
   </div>
   <div class='ocr_carea' id='block_1_32' title="bbox 407 2337 2062 2417">
    <p class='ocr_par' dir='ltr' id='par_1_32' title="bbox 407 2337 2062 2417">
     <span class='ocr_line' id='line_1_32' title="bbox 407 2337 2062 2417; baseline -0.004 -21"><span class='ocrx_word' id='word_1_197' title='bbox 407 2342 552 2417; x_wconf 77' lang='grc' dir='ltr'>βίου,</span> <span class='ocrx_word' id='word_1_198' title='bbox 611 2342 706 2406; x_wconf 75' lang='grc' dir='ltr'>οὓς</span> <span class='ocrx_word' id='word_1_199' title='bbox 789 2341 1131 2417; x_wconf 83' lang='grc' dir='ltr'>Θεραπευτὰς</span> <span class='ocrx_word' id='word_1_200' title='bbox 1199 2341 1290 2394; x_wconf 81' lang='grc' dir='ltr'>καὶ</span> <span class='ocrx_word' id='word_1_201' title='bbox 1346 2341 1442 2402; x_wconf 71' lang='grc' dir='ltr'>τὰς</span> <span class='ocrx_word' id='word_1_202' title='bbox 1488 2339 1914 2413; x_wconf 83' lang='grc' dir='ltr'>ὁμοιοσχήμους</span> <span class='ocrx_word' id='word_1_203' title='bbox 1969 2337 2062 2391; x_wconf 82' lang='grc' dir='ltr'>καὶ</span> 
     </span>
    </p>
   </div>
   <div class='ocr_carea' id='block_1_33' title="bbox 402 2425 2060 2506">
    <p class='ocr_par' dir='ltr' id='par_1_33' title="bbox 402 2425 2060 2506">
     <span class='ocr_line' id='line_1_33' title="bbox 402 2425 2060 2506; baseline -0.004 -20"><span class='ocrx_word' id='word_1_204' title='bbox 402 2433 751 2506; x_wconf 81' lang='grc' dir='ltr'>ὁμοτρόπους</span> <span class='ocrx_word' id='word_1_205' title='bbox 808 2436 1066 2506; x_wconf 82' lang='grc' dir='ltr'>γυναῖκας</span> <span class='ocrx_word' id='word_1_206' title='bbox 1131 2426 1528 2505; x_wconf 80' lang='grc' dir='ltr'>Θεραπεύτιδας</span> <span class='ocrx_word' id='word_1_207' title='bbox 1613 2427 1898 2499; x_wconf 81' lang='grc' dir='ltr'>ὠνόμασε.</span> <span class='ocrx_word' id='word_1_208' title='bbox 1959 2425 2060 2481; x_wconf 83' lang='grc' dir='ltr'>Καὶ</span> 
     </span>
    </p>
   </div>
   <div class='ocr_carea' id='block_1_34' title="bbox 400 2503 2078 2598">
    <p class='ocr_par' dir='ltr' id='par_1_34' title="bbox 400 2513 2061 2598">
     <span class='ocr_line' id='line_1_34' title="bbox 400 2513 2061 2598; baseline -0.005 -22"><span class='ocrx_word' id='word_1_209' title='bbox 400 2521 720 2595; x_wconf 79' lang='grc' dir='ltr'>θεραπευταῖ</span> <span class='ocrx_word' id='word_1_210' title='bbox 788 2520 882 2592; x_wconf 76' lang='grc' dir='ltr'>μὲν</span> <span class='ocrx_word' id='word_1_211' title='bbox 918 2564 932 2588; x_wconf 88' lang='grc'>,</span> <span class='ocrx_word' id='word_1_212' title='bbox 991 2521 1179 2598; x_wconf 83' lang='grc' dir='ltr'>φησὶν,</span> <span class='ocrx_word' id='word_1_213' title='bbox 1240 2517 1534 2589; x_wconf 80' lang='grc' dir='ltr'>ἐκέκληντο</span> <span class='ocrx_word' id='word_1_214' title='bbox 1591 2515 1801 2590; x_wconf 78' lang='grc' dir='ltr'>ἤπαρά</span> <span class='ocrx_word' id='word_1_215' title='bbox 1855 2513 1916 2568; x_wconf 85' lang='grc' dir='ltr'>τὸ</span> <span class='ocrx_word' id='word_1_216' title='bbox 1965 2514 2061 2576; x_wconf 85' lang='grc' dir='ltr'>τὰς</span> 
     </span>
    </p>
   </div>
   <div class='ocr_carea' id='block_1_35' title="bbox 405 2607 2060 2688">
    <p class='ocr_par' dir='ltr' id='par_1_35' title="bbox 405 2607 2060 2688">
     <span class='ocr_line' id='line_1_35' title="bbox 405 2607 2060 2688; baseline -0.005 -21"><span class='ocrx_word' id='word_1_217' title='bbox 405 2617 590 2688; x_wconf 75' lang='grc' dir='ltr'>ψυχὰς</span> <span class='ocrx_word' id='word_1_218' title='bbox 647 2617 758 2667; x_wconf 88' lang='grc' dir='ltr'>τῶν</span> <span class='ocrx_word' id='word_1_219' title='bbox 817 2612 1150 2687; x_wconf 88' lang='grc' dir='ltr'>προσιόντων</span> <span class='ocrx_word' id='word_1_220' title='bbox 1221 2611 1405 2672; x_wconf 79' lang='grc' dir='ltr'>αὐτοῖς</span> <span class='ocrx_word' id='word_1_221' title='bbox 1460 2609 1566 2664; x_wconf 85' lang='grc' dir='ltr'>ἀπὸ</span> <span class='ocrx_word' id='word_1_222' title='bbox 1625 2608 1818 2668; x_wconf 82' lang='grc' dir='ltr'>κακίας</span> <span class='ocrx_word' id='word_1_223' title='bbox 1878 2607 2060 2661; x_wconf 87' lang='grc' dir='ltr'>παθῶν</span> 
     </span>
    </p>
   </div>
   <div class='ocr_carea' id='block_1_36' title="bbox 369 2694 2062 2776">
    <p class='ocr_par' dir='ltr' id='par_1_36' title="bbox 369 2694 2062 2776">
     <span class='ocr_line' id='line_1_36' title="bbox 369 2694 2062 2776; baseline -0.004 -22"><span class='ocrx_word' id='word_1_224' title='bbox 369 2719 372 2722; x_wconf 77' lang='grc'><strong>’</strong></span> <span class='ocrx_word' id='word_1_225' title='bbox 410 2703 612 2776; x_wconf 78' lang='grc' dir='ltr'>ἰατρῶν</span> <span class='ocrx_word' id='word_1_226' title='bbox 646 2699 804 2770; x_wconf 81' lang='grc' dir='ltr'>δίκην</span> <span class='ocrx_word' id='word_1_227' title='bbox 837 2698 1284 2762; x_wconf 80' lang='grc' dir='ltr'>ἀπαλλάττοντας</span> <span class='ocrx_word' id='word_1_228' title='bbox 1352 2697 1686 2773; x_wconf 79' lang='grc' dir='ltr'>θεραπεύειν,</span> <span class='ocrx_word' id='word_1_229' title='bbox 1718 2696 1752 2766; x_wconf 77' lang='grc' dir='ltr'>ἢ</span> <span class='ocrx_word' id='word_1_230' title='bbox 1785 2699 1884 2761; x_wconf 81' lang='grc' dir='ltr'>τῆς</span> <span class='ocrx_word' id='word_1_231' title='bbox 1939 2694 2062 2769; x_wconf 83' lang='grc' dir='ltr'>περὶ</span> 
     </span>
    </p>
   </div>
   <div class='ocr_carea' id='block_1_37' title="bbox 404 2783 2065 2865">
    <p class='ocr_par' dir='ltr' id='par_1_37' title="bbox 404 2783 2065 2865">
     <span class='ocr_line' id='line_1_37' title="bbox 404 2783 2065 2865; baseline -0.005 -20"><span class='ocrx_word' id='word_1_232' title='bbox 404 2793 469 2845; x_wconf 88' lang='grc' dir='ltr'>τὸ</span> <span class='ocrx_word' id='word_1_233' title='bbox 529 2793 673 2845; x_wconf 89' lang='grc' dir='ltr'>θεῖον</span> <span class='ocrx_word' id='word_1_234' title='bbox 747 2794 985 2865; x_wconf 79' lang='grc' dir='ltr'>καθαρᾶς</span> <span class='ocrx_word' id='word_1_235' title='bbox 1077 2789 1167 2844; x_wconf 84' lang='grc' dir='ltr'>καὶ</span> <span class='ocrx_word' id='word_1_236' title='bbox 1259 2787 1586 2864; x_wconf 67' lang='grc' dir='ltr'>εῗλικρινοῦς</span> <span class='ocrx_word' id='word_1_237' title='bbox 1643 2785 1930 2860; x_wconf 77' lang='grc' dir='ltr'>θεραπείας</span> <span class='ocrx_word' id='word_1_238' title='bbox 1975 2783 2065 2838; x_wconf 84' lang='grc' dir='ltr'>καὶ</span> 
     </span>
    </p>
   </div>
   <div class='ocr_carea' id='block_1_38' title="bbox 408 2872 2068 2955">
    <p class='ocr_par' dir='ltr' id='par_1_38' title="bbox 408 2872 2068 2955">
     <span class='ocr_line' id='line_1_38' title="bbox 408 2872 2068 2955; baseline -0.005 -20"><span class='ocrx_word' id='word_1_239' title='bbox 408 2880 700 2955; x_wconf 70' lang='grc' dir='ltr'>θρησκείας</span> <span class='ocrx_word' id='word_1_240' title='bbox 760 2876 935 2936; x_wconf 72' lang='grc' dir='ltr'>ἓνεκα.</span> <span class='ocrx_word' id='word_1_241' title='bbox 1011 2879 1152 2936; x_wconf 85' lang='grc' dir='ltr'>Εἷτά</span> <span class='ocrx_word' id='word_1_242' title='bbox 1205 2897 1356 2955; x_wconf 80' lang='grc' dir='ltr'>φησι·</span> <span class='ocrx_word' id='word_1_243' title='bbox 1417 2880 1607 2952; x_wconf 68' lang='grc' dir='ltr'>πρῶτα</span> <span class='ocrx_word' id='word_1_244' title='bbox 1669 2875 1762 2948; x_wconf 78' lang='grc' dir='ltr'>μὶν</span> <span class='ocrx_word' id='word_1_245' title='bbox 1818 2872 2068 2948; x_wconf 81' lang='grc' dir='ltr'>ἀρχόμε-</span> 
     </span>
    </p>
   </div>
   <div class='ocr_carea' id='block_1_39' title="bbox 411 2959 2064 3048">
    <p class='ocr_par' dir='ltr' id='par_1_39' title="bbox 411 2959 2064 3048">
     <span class='ocr_line' id='line_1_39' title="bbox 411 2959 2064 3048; baseline -0.005 -26"><span class='ocrx_word' id='word_1_246' title='bbox 411 2989 498 3024; x_wconf 89' lang='grc' dir='ltr'>νοι</span> <span class='ocrx_word' id='word_1_247' title='bbox 553 2967 876 3048; x_wconf 69' lang='grc' dir='ltr'>φιλοσοφεῖν</span> <span class='ocrx_word' id='word_1_248' title='bbox 955 2965 1249 3037; x_wconf 78' lang='grc' dir='ltr'>ἐξίστανται</span> <span class='ocrx_word' id='word_1_249' title='bbox 1322 2969 1429 3018; x_wconf 89' lang='grc' dir='ltr'>τῶν</span> <span class='ocrx_word' id='word_1_250' title='bbox 1511 2963 1904 3038; x_wconf 67' lang='grc' dir='ltr'>προσηκόντων</span> <span class='ocrx_word' id='word_1_251' title='bbox 1973 2959 2064 3016; x_wconf 83' lang='grc' dir='ltr'>καὶ</span> 
     </span>
    </p>
   </div>
   <div class='ocr_carea' id='block_1_40' title="bbox 414 3051 2066 3133">
    <p class='ocr_par' dir='ltr' id='par_1_40' title="bbox 414 3051 2066 3133">
     <span class='ocr_line' id='line_1_40' title="bbox 414 3051 2066 3133; baseline -0.005 -19"><span class='ocrx_word' id='word_1_252' title='bbox 414 3064 526 3114; x_wconf 86' lang='grc' dir='ltr'>τῶν</span> <span class='ocrx_word' id='word_1_253' title='bbox 585 3059 926 3133; x_wconf 67' lang='grc' dir='ltr'>ὑπρχόντωψ</span> <span class='ocrx_word' id='word_1_254' title='bbox 1014 3054 1200 3111; x_wconf 82' lang='grc' dir='ltr'>ἔπειτα</span> <span class='ocrx_word' id='word_1_255' title='bbox 1260 3052 1316 3108; x_wconf 74' lang='grc' dir='ltr'>δὲ</span> <span class='ocrx_word' id='word_1_256' title='bbox 1391 3055 1585 3116; x_wconf 78' lang='grc' dir='ltr'>πάσαις</span> <span class='ocrx_word' id='word_1_257' title='bbox 1669 3051 2066 3125; x_wconf 74' lang='grc' dir='ltr'>ἀποταξάμενοι</span> 
     </span>
    </p>
   </div>
   <div class='ocr_carea' id='block_1_41' title="bbox 407 3139 2069 3223">
    <p class='ocr_par' dir='ltr' id='par_1_41' title="bbox 407 3139 2069 3223">
     <span class='ocr_line' id='line_1_41' title="bbox 407 3139 2069 3223; baseline -0.005 -22"><span class='ocrx_word' id='word_1_258' title='bbox 407 3151 530 3209; x_wconf 86' lang='grc' dir='ltr'>ταῖς</span> <span class='ocrx_word' id='word_1_259' title='bbox 559 3151 657 3201; x_wconf 87' lang='grc' dir='ltr'>τοῦ</span> <span class='ocrx_word' id='word_1_260' title='bbox 688 3147 810 3220; x_wconf 86' lang='grc' dir='ltr'>βίου</span> <span class='ocrx_word' id='word_1_261' title='bbox 862 3145 1100 3223; x_wconf 78' lang='grc' dir='ltr'>φροντίσι</span> <span class='ocrx_word' id='word_1_262' title='bbox 1162 3145 1252 3199; x_wconf 82' lang='grc' dir='ltr'>καὶ</span> <span class='ocrx_word' id='word_1_263' title='bbox 1312 3140 1412 3214; x_wconf 78' lang='grc' dir='ltr'>ἔξω</span> <span class='ocrx_word' id='word_1_264' title='bbox 1451 3147 1654 3218; x_wconf 78' lang='grc' dir='ltr'>τειχῶν</span> <span class='ocrx_word' id='word_1_265' title='bbox 1712 3139 2069 3216; x_wconf 86' lang='grc' dir='ltr'>προελθόντες</span> 
     </span>
    </p>
   </div>
   <div class='ocr_carea' id='block_1_42' title="bbox 2241 1267 3809 1346">
    <p class='ocr_par' dir='ltr' id='par_1_42' title="bbox 2241 1267 3809 1346">
     <span class='ocr_line' id='line_1_42' title="bbox 2241 1267 3809 1346; baseline 0.006 -26"><span class='ocrx_word' id='word_1_266' title='bbox 2241 1268 2304 1321; x_wconf 92' lang='lat' dir='ltr'>In</span> <span class='ocrx_word' id='word_1_267' title='bbox 2336 1267 2446 1323; x_wconf 89' lang='lat' dir='ltr'>hoc</span> <span class='ocrx_word' id='word_1_268' title='bbox 2465 1270 2659 1326; x_wconf 90' lang='lat' dir='ltr'>studio</span> <span class='ocrx_word' id='word_1_269' title='bbox 2693 1288 2826 1327; x_wconf 89' lang='lat' dir='ltr'>cum</span> <span class='ocrx_word' id='word_1_270' title='bbox 2854 1273 3152 1346; x_wconf 87' lang='lat' dir='ltr'>Josephus</span> <span class='ocrx_word' id='word_1_271' title='bbox 3210 1275 3284 1330; x_wconf 89' lang='lat' dir='ltr'>ad</span> <span class='ocrx_word' id='word_1_272' title='bbox 3343 1291 3637 1330; x_wconf 81' lang='lat' dir='ltr'>summam</span> <span class='ocrx_word' id='word_1_273' title='bbox 3678 1291 3809 1346; x_wconf 88' lang='lat' dir='ltr'>per-</span> 
     </span>
    </p>
   </div>
   <div class='ocr_carea' id='block_1_43' title="bbox 2169 1356 3816 1436">
    <p class='ocr_par' dir='ltr' id='par_1_43' title="bbox 2169 1356 3816 1436">
     <span class='ocr_line' id='line_1_43' title="bbox 2169 1356 3816 1436; baseline 0.007 -27"><span class='ocrx_word' id='word_1_274' title='bbox 2169 1356 2484 1412; x_wconf 88' lang='lat' dir='ltr'>fectionem</span> <span class='ocrx_word' id='word_1_275' title='bbox 2528 1367 2839 1430; x_wconf 88' lang='lat' dir='ltr'>provectus</span> <span class='ocrx_word' id='word_1_276' title='bbox 2891 1364 3148 1436; x_wconf 85' lang='lat' dir='ltr'>majores</span> <span class='ocrx_word' id='word_1_277' title='bbox 3210 1363 3401 1419; x_wconf 88' lang='lat' dir='ltr'>adhuc</span> <span class='ocrx_word' id='word_1_278' title='bbox 3454 1365 3643 1420; x_wconf 88' lang='lat' dir='ltr'>facere</span> <span class='ocrx_word' id='word_1_279' title='bbox 3677 1381 3816 1435; x_wconf 91' lang='lat' dir='ltr'>pro-</span> 
     </span>
    </p>
   </div>
   <div class='ocr_carea' id='block_1_44' title="bbox 2169 1453 3813 1524">
    <p class='ocr_par' dir='ltr' id='par_1_44' title="bbox 2169 1453 3813 1524">
     <span class='ocr_line' id='line_1_44' title="bbox 2169 1453 3813 1524; baseline 0.005 -24"><span class='ocrx_word' id='word_1_280' title='bbox 2169 1464 2407 1520; x_wconf 85' lang='lat' dir='ltr'>gressus</span> <span class='ocrx_word' id='word_1_281' title='bbox 2437 1453 2936 1521; x_wconf 63' lang='lat' dir='ltr'>cuperet.4udito</span> <span class='ocrx_word' id='word_1_282' title='bbox 2996 1453 3313 1524; x_wconf 84' lang='lat' dir='ltr'>quemdam</span> <span class='ocrx_word' id='word_1_283' title='bbox 3374 1455 3434 1508; x_wconf 92' lang='lat' dir='ltr'>in</span> <span class='ocrx_word' id='word_1_284' title='bbox 3493 1453 3813 1508; x_wconf 84' lang='lat' dir='ltr'>solitudine</span> 
     </span>
    </p>
   </div>
   <div class='ocr_carea' id='block_1_45' title="bbox 2171 1537 3815 1611">
    <p class='ocr_par' dir='ltr' id='par_1_45' title="bbox 2171 1537 3815 1611">
     <span class='ocr_line' id='line_1_45' title="bbox 2171 1537 3815 1611; baseline 0.005 -21"><span class='ocrx_word' id='word_1_285' title='bbox 2171 1537 2346 1592; x_wconf 86' lang='lat' dir='ltr'>vitam</span> <span class='ocrx_word' id='word_1_286' title='bbox 2379 1537 2612 1611; x_wconf 83' lang='lat' dir='ltr'>degere,</span> <span class='ocrx_word' id='word_1_287' title='bbox 2641 1541 2866 1596; x_wconf 86' lang='lat' dir='ltr'>Abbam</span> <span class='ocrx_word' id='word_1_288' title='bbox 2899 1543 3170 1610; x_wconf 90' lang='lat' dir='ltr'>nomine,</span> <span class='ocrx_word' id='word_1_289' title='bbox 3199 1545 3294 1598; x_wconf 91' lang='lat' dir='ltr'>cui</span> <span class='ocrx_word' id='word_1_290' title='bbox 3337 1544 3445 1598; x_wconf 88' lang='lat' dir='ltr'>sub</span> <span class='ocrx_word' id='word_1_291' title='bbox 3500 1543 3815 1598; x_wconf 83' lang='lat' dir='ltr'>arboribus</span> 
     </span>
    </p>
   </div>
   <div class='ocr_carea' id='block_1_46' title="bbox 2169 1622 3812 1702">
    <p class='ocr_par' dir='ltr' id='par_1_46' title="bbox 2169 1622 3812 1702">
     <span class='ocr_line' id='line_1_46' title="bbox 2169 1622 3812 1702; baseline 0.005 -24"><span class='ocrx_word' id='word_1_292' title='bbox 2169 1622 2644 1696; x_wconf 81' lang='lat' dir='ltr'>latibula,vestis,</span> <span class='ocrx_word' id='word_1_293' title='bbox 2678 1630 2846 1686; x_wconf 85' lang='lat' dir='ltr'>cibus</span> <span class='ocrx_word' id='word_1_294' title='bbox 2877 1648 3054 1702; x_wconf 85' lang='lat' dir='ltr'>quem</span> <span class='ocrx_word' id='word_1_295' title='bbox 3089 1638 3250 1687; x_wconf 88' lang='lat' dir='ltr'>terra</span> <span class='ocrx_word' id='word_1_296' title='bbox 3313 1632 3468 1687; x_wconf 88' lang='lat' dir='ltr'>ultro</span> <span class='ocrx_word' id='word_1_297' title='bbox 3517 1632 3812 1700; x_wconf 88' lang='lat' dir='ltr'>educeret,</span> 
     </span>
    </p>
   </div>
   <div class='ocr_carea' id='block_1_47' title="bbox 2165 1717 3819 1792">
    <p class='ocr_par' dir='ltr' id='par_1_47' title="bbox 2165 1717 3819 1792">
     <span class='ocr_line' id='line_1_47' title="bbox 2165 1717 3819 1792; baseline 0.002 -20"><span class='ocrx_word' id='word_1_298' title='bbox 2165 1717 2376 1772; x_wconf 89' lang='lat' dir='ltr'>ductus</span> <span class='ocrx_word' id='word_1_299' title='bbox 2414 1717 2791 1775; x_wconf 76' lang='lat' dir='ltr'>mniulatione</span> <span class='ocrx_word' id='word_1_300' title='bbox 2845 1721 2975 1792; x_wconf 87' lang='lat' dir='ltr'>ejus</span> <span class='ocrx_word' id='word_1_301' title='bbox 3035 1727 3153 1777; x_wconf 78' lang='lat' dir='ltr'>tam</span> <span class='ocrx_word' id='word_1_302' title='bbox 3215 1721 3501 1778; x_wconf 81' lang='lat' dir='ltr'>absolutae</span> <span class='ocrx_word' id='word_1_303' title='bbox 3533 1723 3819 1778; x_wconf 85' lang='lat' dir='ltr'>exercita-</span> 
     </span>
    </p>
   </div>
   <div class='ocr_carea' id='block_1_48' title="bbox 2165 1807 3818 1883">
    <p class='ocr_par' dir='ltr' id='par_1_48' title="bbox 2165 1807 3818 1883">
     <span class='ocr_line' id='line_1_48' title="bbox 2165 1807 3818 1883; baseline 0.002 -21"><span class='ocrx_word' id='word_1_304' title='bbox 2165 1807 2347 1862; x_wconf 90' lang='lat' dir='ltr'>tionis</span> <span class='ocrx_word' id='word_1_305' title='bbox 2377 1807 2452 1862; x_wconf 89' lang='lat' dir='ltr'>ad</span> <span class='ocrx_word' id='word_1_306' title='bbox 2482 1807 2678 1878; x_wconf 88' lang='lat' dir='ltr'>ipsum</span> <span class='ocrx_word' id='word_1_307' title='bbox 2724 1826 2786 1865; x_wconf 89' lang='lat' dir='ltr'>se</span> <span class='ocrx_word' id='word_1_308' title='bbox 2841 1811 3113 1880; x_wconf 90' lang='lat' dir='ltr'>contulit,</span> <span class='ocrx_word' id='word_1_309' title='bbox 3179 1812 3623 1883; x_wconf 90' lang='lat' dir='ltr'>trienniumque</span> <span class='ocrx_word' id='word_1_310' title='bbox 3683 1827 3818 1867; x_wconf 91' lang='lat' dir='ltr'>cum</span> 
     </span>
    </p>
   </div>
   <div class='ocr_carea' id='block_1_49' title="bbox 2172 1897 3816 1971">
    <p class='ocr_par' dir='ltr' id='par_1_49' title="bbox 2172 1897 3816 1971">
     <span class='ocr_line' id='line_1_49' title="bbox 2172 1897 3816 1971; baseline 0.003 -20"><span class='ocrx_word' id='word_1_311' title='bbox 2172 1897 2414 1953; x_wconf 90' lang='lat' dir='ltr'>homine</span> <span class='ocrx_word' id='word_1_312' title='bbox 2445 1903 2710 1953; x_wconf 88' lang='lat' dir='ltr'>versatus</span> <span class='ocrx_word' id='word_1_313' title='bbox 2743 1899 2802 1953; x_wconf 92' lang='lat' dir='ltr'>in</span> <span class='ocrx_word' id='word_1_314' title='bbox 2823 1899 3029 1954; x_wconf 87' lang='lat' dir='ltr'>urbem</span> <span class='ocrx_word' id='word_1_315' title='bbox 3062 1899 3816 1971; x_wconf 73' lang='lat' dir='ltr'>rediit,Pbarisaaorumque</span> 
     </span>
    </p>
   </div>
   <div class='ocr_carea' id='block_1_50' title="bbox 2166 1988 2826 2060">
    <p class='ocr_par' dir='ltr' id='par_1_50' title="bbox 2166 1988 2826 2060">
     <span class='ocr_line' id='line_1_50' title="bbox 2166 1988 2826 2060; baseline -0.002 -17"><span class='ocrx_word' id='word_1_316' title='bbox 2166 1989 2388 2060; x_wconf 86' lang='lat' dir='ltr'>justam</span> <span class='ocrx_word' id='word_1_317' title='bbox 2413 1988 2589 2044; x_wconf 90' lang='lat' dir='ltr'>vitam</span> <span class='ocrx_word' id='word_1_318' title='bbox 2622 1989 2826 2045; x_wconf 84' lang='lat' dir='ltr'>coluit.</span> 
     </span>
    </p>
   </div>
   <div class='ocr_carea' id='block_1_51' title="bbox 2245 2079 3816 2136">
    <p class='ocr_par' dir='ltr' id='par_1_51' title="bbox 2245 2079 3816 2136">
     <span class='ocr_line' id='line_1_51' title="bbox 2245 2079 3816 2136; baseline 0 -2"><span class='ocrx_word' id='word_1_319' title='bbox 2245 2080 2535 2134; x_wconf 69' lang='lat' dir='ltr'>Caeterum</span> <span class='ocrx_word' id='word_1_320' title='bbox 2595 2079 2764 2133; x_wconf 88' lang='lat' dir='ltr'>Philo</span> <span class='ocrx_word' id='word_1_321' title='bbox 2820 2079 2890 2136; x_wconf 86' lang='lat' dir='ltr'>de</span> <span class='ocrx_word' id='word_1_322' title='bbox 2964 2079 3265 2135; x_wconf 80' lang='lat' dir='ltr'>Hebraicis</span> <span class='ocrx_word' id='word_1_323' title='bbox 3323 2080 3542 2135; x_wconf 87' lang='lat' dir='ltr'>nostris</span> <span class='ocrx_word' id='word_1_324' title='bbox 3603 2079 3816 2134; x_wconf 87' lang='lat' dir='ltr'>ascetis</span> 
     </span>
    </p>
   </div>
   <div class='ocr_carea' id='block_1_52' title="bbox 2173 2167 3818 2240">
    <p class='ocr_par' dir='ltr' id='par_1_52' title="bbox 2173 2167 3818 2240">
     <span class='ocr_line' id='line_1_52' title="bbox 2173 2167 3818 2240; baseline 0 -17"><span class='ocrx_word' id='word_1_325' title='bbox 2173 2169 2548 2240; x_wconf 88' lang='lat' dir='ltr'>perspicuam</span> <span class='ocrx_word' id='word_1_326' title='bbox 2572 2168 2712 2223; x_wconf 87' lang='lat' dir='ltr'>facit</span> <span class='ocrx_word' id='word_1_327' title='bbox 2744 2169 3108 2224; x_wconf 87' lang='lat' dir='ltr'>mentionem</span> <span class='ocrx_word' id='word_1_328' title='bbox 3139 2169 3200 2223; x_wconf 91' lang='lat' dir='ltr'>in</span> <span class='ocrx_word' id='word_1_329' title='bbox 3231 2169 3381 2224; x_wconf 89' lang='lat' dir='ltr'>libro</span> <span class='ocrx_word' id='word_1_330' title='bbox 3408 2185 3585 2239; x_wconf 89' lang='lat' dir='ltr'>quem</span> <span class='ocrx_word' id='word_1_331' title='bbox 3609 2167 3678 2222; x_wconf 90' lang='lat' dir='ltr'>de</span> <span class='ocrx_word' id='word_1_332' title='bbox 3703 2170 3818 2223; x_wconf 88' lang='lat' dir='ltr'>vita</span> 
     </span>
    </p>
   </div>
   <div class='ocr_carea' id='block_1_53' title="bbox 2173 2257 3816 2330">
    <p class='ocr_par' dir='ltr' id='par_1_53' title="bbox 2173 2257 3816 2330">
     <span class='ocr_line' id='line_1_53' title="bbox 2173 2257 3816 2330; baseline 0 -16"><span class='ocrx_word' id='word_1_333' title='bbox 2173 2258 2662 2329; x_wconf 84' lang='lat' dir='ltr'>contemplationi</span> <span class='ocrx_word' id='word_1_334' title='bbox 2695 2257 2892 2312; x_wconf 89' lang='lat' dir='ltr'>dedita</span> <span class='ocrx_word' id='word_1_335' title='bbox 2930 2259 3252 2329; x_wconf 89' lang='lat' dir='ltr'>inscripsit.</span> <span class='ocrx_word' id='word_1_336' title='bbox 3289 2260 3473 2313; x_wconf 86' lang='lat' dir='ltr'>Mares</span> <span class='ocrx_word' id='word_1_337' title='bbox 3502 2259 3816 2330; x_wconf 88' lang='lat' dir='ltr'>therapeu-</span> 
     </span>
    </p>
   </div>
   <div class='ocr_carea' id='block_1_54' title="bbox 2174 2346 3822 2416">
    <p class='ocr_par' dir='ltr' id='par_1_54' title="bbox 2174 2346 3822 2416">
     <span class='ocr_line' id='line_1_54' title="bbox 2174 2346 3822 2416; baseline 0 -14"><span class='ocrx_word' id='word_1_338' title='bbox 2174 2353 2285 2416; x_wconf 88' lang='lat' dir='ltr'>tas,</span> <span class='ocrx_word' id='word_1_339' title='bbox 2319 2347 2570 2402; x_wconf 85' lang='lat' dir='ltr'>feminas</span> <span class='ocrx_word' id='word_1_340' title='bbox 2627 2346 2832 2401; x_wconf 87' lang='lat' dir='ltr'>habitu</span> <span class='ocrx_word' id='word_1_341' title='bbox 2891 2352 2949 2401; x_wconf 89' lang='lat' dir='ltr'>et</span> <span class='ocrx_word' id='word_1_342' title='bbox 2997 2347 3262 2401; x_wconf 89' lang='lat' dir='ltr'>moribus</span> <span class='ocrx_word' id='word_1_343' title='bbox 3319 2353 3562 2402; x_wconf 86' lang='lat' dir='ltr'>utentes</span> <span class='ocrx_word' id='word_1_344' title='bbox 3609 2347 3822 2402; x_wconf 89' lang='lat' dir='ltr'>iisdem</span> 
     </span>
    </p>
   </div>
   <div class='ocr_carea' id='block_1_55' title="bbox 2175 2436 3820 2506">
    <p class='ocr_par' dir='ltr' id='par_1_55' title="bbox 2175 2436 3820 2506">
     <span class='ocr_line' id='line_1_55' title="bbox 2175 2436 3820 2506; baseline 0 -16"><span class='ocrx_word' id='word_1_345' title='bbox 2175 2436 2617 2506; x_wconf 87' lang='lat' dir='ltr'>therapeutidas</span> <span class='ocrx_word' id='word_1_346' title='bbox 2664 2436 2980 2490; x_wconf 89' lang='lat' dir='ltr'>nominat:</span> <span class='ocrx_word' id='word_1_347' title='bbox 3038 2436 3216 2506; x_wconf 89' lang='lat' dir='ltr'>idque</span> <span class='ocrx_word' id='word_1_348' title='bbox 3274 2437 3536 2491; x_wconf 90' lang='lat' dir='ltr'>nominis</span> <span class='ocrx_word' id='word_1_349' title='bbox 3597 2437 3681 2491; x_wconf 90' lang='lat' dir='ltr'>eis</span> <span class='ocrx_word' id='word_1_350' title='bbox 3736 2437 3820 2492; x_wconf 85' lang='lat' dir='ltr'>ait</span> 
     </span>
    </p>
   </div>
   <div class='ocr_carea' id='block_1_56' title="bbox 2174 2525 3817 2596">
    <p class='ocr_par' dir='ltr' id='par_1_56' title="bbox 2174 2525 3817 2596">
     <span class='ocr_line' id='line_1_56' title="bbox 2174 2525 3817 2596; baseline -0.002 -14"><span class='ocrx_word' id='word_1_351' title='bbox 2174 2527 2428 2582; x_wconf 90' lang='lat' dir='ltr'>inditum</span> <span class='ocrx_word' id='word_1_352' title='bbox 2460 2526 2548 2580; x_wconf 92' lang='lat' dir='ltr'>vel</span> <span class='ocrx_word' id='word_1_353' title='bbox 2580 2525 2738 2596; x_wconf 89' lang='lat' dir='ltr'>quod</span> <span class='ocrx_word' id='word_1_354' title='bbox 2787 2525 3018 2579; x_wconf 76' lang='lat' dir='ltr'>animas</span> <span class='ocrx_word' id='word_1_355' title='bbox 3065 2541 3271 2579; x_wconf 89' lang='lat' dir='ltr'>eorum</span> <span class='ocrx_word' id='word_1_356' title='bbox 3329 2526 3430 2596; x_wconf 91' lang='lat' dir='ltr'>qui</span> <span class='ocrx_word' id='word_1_357' title='bbox 3490 2542 3550 2580; x_wconf 91' lang='lat' dir='ltr'>se</span> <span class='ocrx_word' id='word_1_358' title='bbox 3603 2525 3678 2580; x_wconf 89' lang='lat' dir='ltr'>ad</span> <span class='ocrx_word' id='word_1_359' title='bbox 3735 2525 3817 2595; x_wconf 88' lang='lat' dir='ltr'>ip-</span> 
     </span>
    </p>
   </div>
   <div class='ocr_carea' id='block_1_57' title="bbox 2177 2613 3814 2682">
    <p class='ocr_par' dir='ltr' id='par_1_57' title="bbox 2177 2613 3814 2682">
     <span class='ocr_line' id='line_1_57' title="bbox 2177 2613 3814 2682; baseline -0.003 -10"><span class='ocrx_word' id='word_1_360' title='bbox 2177 2634 2273 2672; x_wconf 91' lang='lat' dir='ltr'>sos</span> <span class='ocrx_word' id='word_1_361' title='bbox 2305 2616 2639 2682; x_wconf 82' lang='lat' dir='ltr'>conferunt,</span> <span class='ocrx_word' id='word_1_362' title='bbox 2672 2631 2706 2669; x_wconf 88' lang='lat' dir='ltr'>a</span> <span class='ocrx_word' id='word_1_363' title='bbox 2736 2613 2891 2668; x_wconf 89' lang='lat' dir='ltr'>vitiis</span> <span class='ocrx_word' id='word_1_364' title='bbox 2922 2614 3289 2670; x_wconf 87' lang='lat' dir='ltr'>medicorum</span> <span class='ocrx_word' id='word_1_365' title='bbox 3331 2614 3518 2668; x_wconf 88' lang='lat' dir='ltr'>instar</span> <span class='ocrx_word' id='word_1_366' title='bbox 3576 2619 3814 2682; x_wconf 87' lang='lat' dir='ltr'>sanant,</span> 
     </span>
    </p>
   </div>
   <div class='ocr_carea' id='block_1_58' title="bbox 2177 2703 3813 2778">
    <p class='ocr_par' dir='ltr' id='par_1_58' title="bbox 2177 2703 3813 2778">
     <span class='ocr_line' id='line_1_58' title="bbox 2177 2703 3813 2778; baseline -0.003 -17"><span class='ocrx_word' id='word_1_367' title='bbox 2177 2705 2335 2778; x_wconf 91' lang='lat' dir='ltr'>quod</span> <span class='ocrx_word' id='word_1_368' title='bbox 2365 2707 2560 2761; x_wconf 65' lang='lat' dir='ltr'>Graece</span> <span class='ocrx_word' id='word_1_369' title='bbox 2593 2710 2682 2759; x_wconf 88' lang='lat' dir='ltr'>est</span> <span class='ocrx_word' id='word_1_370' title='bbox 2711 2704 3133 2776; x_wconf 88' lang='lat' dir='ltr'>therapeuein;</span> <span class='ocrx_word' id='word_1_371' title='bbox 3167 2703 3258 2758; x_wconf 92' lang='lat' dir='ltr'>vel</span> <span class='ocrx_word' id='word_1_372' title='bbox 3298 2703 3454 2774; x_wconf 89' lang='lat' dir='ltr'>quod</span> <span class='ocrx_word' id='word_1_373' title='bbox 3513 2704 3628 2758; x_wconf 92' lang='lat' dir='ltr'>Deo</span> <span class='ocrx_word' id='word_1_374' title='bbox 3669 2719 3813 2773; x_wconf 89' lang='lat' dir='ltr'>pure</span> 
     </span>
    </p>
   </div>
   <div class='ocr_carea' id='block_1_59' title="bbox 2177 2791 3818 2868">
    <p class='ocr_par' dir='ltr' id='par_1_59' title="bbox 2177 2791 3818 2868">
     <span class='ocr_line' id='line_1_59' title="bbox 2177 2791 3818 2868; baseline -0.004 -17"><span class='ocrx_word' id='word_1_375' title='bbox 2177 2801 2356 2868; x_wconf 86' lang='lat' dir='ltr'>atquo</span> <span class='ocrx_word' id='word_1_376' title='bbox 2379 2795 2606 2850; x_wconf 88' lang='lat' dir='ltr'>sincere</span> <span class='ocrx_word' id='word_1_377' title='bbox 2631 2793 3174 2849; x_wconf 78' lang='lat' dir='ltr'>colendo.serviunt</span> <span class='ocrx_word' id='word_1_378' title='bbox 3197 2810 3210 2847; x_wconf 93' lang='lat'>:</span> <span class='ocrx_word' id='word_1_379' title='bbox 3237 2809 3374 2848; x_wconf 90' lang='lat' dir='ltr'>nam</span> <span class='ocrx_word' id='word_1_380' title='bbox 3397 2792 3614 2848; x_wconf 86' lang='lat' dir='ltr'>servire</span> <span class='ocrx_word' id='word_1_381' title='bbox 3638 2791 3818 2846; x_wconf 88' lang='lat' dir='ltr'>etiam</span> 
     </span>
    </p>
   </div>
   <div class='ocr_carea' id='block_1_60' title="bbox 2179 2881 3818 2950">
    <p class='ocr_par' dir='ltr' id='par_1_60' title="bbox 2179 2881 3818 2950">
     <span class='ocr_line' id='line_1_60' title="bbox 2179 2881 3818 2950; baseline -0.004 -9"><span class='ocrx_word' id='word_1_382' title='bbox 2179 2902 2283 2941; x_wconf 87' lang='lat' dir='ltr'>seu</span> <span class='ocrx_word' id='word_1_383' title='bbox 2313 2885 2598 2940; x_wconf 84' lang='lat' dir='ltr'>famulum</span> <span class='ocrx_word' id='word_1_384' title='bbox 2630 2901 2758 2938; x_wconf 90' lang='lat' dir='ltr'>esse</span> <span class='ocrx_word' id='word_1_385' title='bbox 2791 2885 3057 2938; x_wconf 67' lang='lat' dir='ltr'>Graecum</span> <span class='ocrx_word' id='word_1_386' title='bbox 3096 2882 3444 2938; x_wconf 89' lang='lat' dir='ltr'>vocabulum</span> <span class='ocrx_word' id='word_1_387' title='bbox 3503 2881 3818 2950; x_wconf 85' lang='lat' dir='ltr'>signiﬁcat.</span> 
     </span>
    </p>
   </div>
   <div class='ocr_carea' id='block_1_61' title="bbox 2183 2967 3822 3044">
    <p class='ocr_par' dir='ltr' id='par_1_61' title="bbox 2183 2967 3822 3044">
     <span class='ocr_line' id='line_1_61' title="bbox 2183 2967 3822 3044; baseline -0.003 -16"><span class='ocrx_word' id='word_1_388' title='bbox 2183 2973 2358 3028; x_wconf 84' lang='lat' dir='ltr'>Addit</span> <span class='ocrx_word' id='word_1_389' title='bbox 2387 2972 2602 3028; x_wconf 90' lang='lat' dir='ltr'>deinde</span> <span class='ocrx_word' id='word_1_390' title='bbox 2637 2972 2803 3026; x_wconf 83' lang='lat' dir='ltr'>Philo</span> <span class='ocrx_word' id='word_1_391' title='bbox 2831 2989 2842 3026; x_wconf 90' lang='lat'><strong>:</strong></span> <span class='ocrx_word' id='word_1_392' title='bbox 2875 2971 2943 3025; x_wconf 85' lang='lat' dir='ltr'>Hi</span> <span class='ocrx_word' id='word_1_393' title='bbox 2973 2987 3110 3044; x_wconf 86' lang='lat' dir='ltr'>ergo</span> <span class='ocrx_word' id='word_1_394' title='bbox 3134 2987 3267 3026; x_wconf 89' lang='lat' dir='ltr'>cum</span> <span class='ocrx_word' id='word_1_395' title='bbox 3307 2971 3567 3042; x_wconf 87' lang='lat' dir='ltr'>primum</span> <span class='ocrx_word' id='word_1_396' title='bbox 3628 2985 3689 3024; x_wconf 91' lang='lat' dir='ltr'>se</span> <span class='ocrx_word' id='word_1_397' title='bbox 3749 2967 3822 3024; x_wconf 92' lang='lat' dir='ltr'>ad</span> 
     </span>
    </p>
   </div>
   <div class='ocr_carea' id='block_1_62' title="bbox 2181 3061 3823 3135">
    <p class='ocr_par' dir='ltr' id='par_1_62' title="bbox 2181 3061 3823 3135">
     <span class='ocr_line' id='line_1_62' title="bbox 2181 3061 3823 3135; baseline -0.004 -17"><span class='ocrx_word' id='word_1_398' title='bbox 2181 3063 2482 3135; x_wconf 70' lang='lat' dir='ltr'>sapientia:</span> <span class='ocrx_word' id='word_1_399' title='bbox 2514 3062 2776 3116; x_wconf 91' lang='lat' dir='ltr'>studium</span> <span class='ocrx_word' id='word_1_400' title='bbox 2821 3061 3144 3132; x_wconf 87' lang='lat' dir='ltr'>applicant,</span> <span class='ocrx_word' id='word_1_401' title='bbox 3178 3061 3334 3116; x_wconf 88' lang='lat' dir='ltr'>bona</span> <span class='ocrx_word' id='word_1_402' title='bbox 3363 3077 3469 3114; x_wconf 91' lang='lat' dir='ltr'>sua</span> <span class='ocrx_word' id='word_1_403' title='bbox 3489 3065 3663 3129; x_wconf 86' lang='lat' dir='ltr'>atque</span> <span class='ocrx_word' id='word_1_404' title='bbox 3692 3075 3823 3129; x_wconf 90' lang='lat' dir='ltr'>pos-</span> 
     </span>
    </p>
   </div>
   <div class='ocr_carea' id='block_1_63' title="bbox 2181 3146 3823 3223">
    <p class='ocr_par' dir='ltr' id='par_1_63' title="bbox 2181 3146 3823 3223">
     <span class='ocr_line' id='line_1_63' title="bbox 2181 3146 3823 3223; baseline -0.004 -17"><span class='ocrx_word' id='word_1_405' title='bbox 2181 3153 2476 3206; x_wconf 89' lang='lat' dir='ltr'>sessiones</span> <span class='ocrx_word' id='word_1_406' title='bbox 2506 3149 2842 3223; x_wconf 87' lang='lat' dir='ltr'>resignant;</span> <span class='ocrx_word' id='word_1_407' title='bbox 2891 3148 3104 3204; x_wconf 88' lang='lat' dir='ltr'>deinde</span> <span class='ocrx_word' id='word_1_408' title='bbox 3163 3149 3441 3203; x_wconf 89' lang='lat' dir='ltr'>omnibus</span> <span class='ocrx_word' id='word_1_409' title='bbox 3489 3147 3617 3200; x_wconf 63' lang='lat' dir='ltr'>vita:</span> <span class='ocrx_word' id='word_1_410' title='bbox 3665 3146 3823 3200; x_wconf 89' lang='lat' dir='ltr'>curis</span> 
     </span>
    </p>
   </div>
   <div class='ocr_carea' id='block_1_64' title="bbox 416 3212 2067 3309">
    <p class='ocr_par' dir='ltr' id='par_1_64' title="bbox 416 3224 2067 3308">
     <span class='ocr_line' id='line_1_64' title="bbox 416 3224 2067 3308; baseline -0.004 -20"><span class='ocrx_word' id='word_1_411' title='bbox 416 3235 469 3289; x_wconf 85' lang='grc' dir='ltr'>ἐν</span> <span class='ocrx_word' id='word_1_412' title='bbox 535 3234 828 3308; x_wconf 71' lang='grc' dir='ltr'>μοναγροις</span> <span class='ocrx_word' id='word_1_413' title='bbox 879 3235 974 3294; x_wconf 54' lang='grc' dir='ltr'>καὶ,</span> <span class='ocrx_word' id='word_1_414' title='bbox 1043 3235 1246 3304; x_wconf 84' lang='grc' dir='ltr'>κήποις</span> <span class='ocrx_word' id='word_1_415' title='bbox 1293 3237 1382 3287; x_wconf 79' lang='grc' dir='ltr'>καί</span> <span class='ocrx_word' id='word_1_416' title='bbox 1435 3229 1585 3307; x_wconf 77' lang='grc' dir='ltr'>ὄρεσι</span> <span class='ocrx_word' id='word_1_417' title='bbox 1637 3231 1734 3292; x_wconf 83' lang='grc' dir='ltr'>τὰς</span> <span class='ocrx_word' id='word_1_418' title='bbox 1793 3224 2067 3303; x_wconf 69' lang='grc' dir='ltr'>διατριϐὰς</span> 
     </span>
    </p>
   </div>
   <div class='ocr_carea' id='block_1_65' title="bbox 2181 3212 3823 3309">
    <p class='ocr_par' dir='ltr' id='par_1_65' title="bbox 2181 3233 3823 3309">
     <span class='ocr_line' id='line_1_65' title="bbox 2181 3233 3823 3309; baseline -0.003 -18"><span class='ocrx_word' id='word_1_419' title='bbox 2181 3239 2374 3294; x_wconf 88' lang='lat' dir='ltr'>valere</span> <span class='ocrx_word' id='word_1_420' title='bbox 2412 3239 2600 3309; x_wconf 86' lang='lat' dir='ltr'>jussis</span> <span class='ocrx_word' id='word_1_421' title='bbox 2656 3238 2834 3294; x_wconf 84' lang='lat' dir='ltr'>urbes</span> <span class='ocrx_word' id='word_1_422' title='bbox 2913 3237 3154 3309; x_wconf 88' lang='lat' dir='ltr'>egressi,</span> <span class='ocrx_word' id='word_1_423' title='bbox 3214 3237 3275 3292; x_wconf 90' lang='lat' dir='ltr'>in</span> <span class='ocrx_word' id='word_1_424' title='bbox 3332 3235 3611 3291; x_wconf 89' lang='lat' dir='ltr'>solitariis</span> <span class='ocrx_word' id='word_1_425' title='bbox 3669 3233 3823 3287; x_wconf 83' lang='lat' dir='ltr'>villis</span> 
     </span>
    </p>
   </div>
   <div class='ocr_carea' id='block_1_66' title="bbox 409 3317 2068 3394">
    <p class='ocr_par' dir='ltr' id='par_1_66' title="bbox 409 3317 2068 3394">
     <span class='ocr_line' id='line_1_66' title="bbox 409 3317 2068 3394; baseline -0.005 -14"><span class='ocrx_word' id='word_1_426' title='bbox 409 3328 721 3394; x_wconf 83' lang='grc' dir='ltr'>ποιοῦνται,</span> <span class='ocrx_word' id='word_1_427' title='bbox 750 3325 845 3386; x_wconf 72' lang='grc' dir='ltr'>τὰς</span> <span class='ocrx_word' id='word_1_428' title='bbox 901 3321 961 3377; x_wconf 89' lang='grc' dir='ltr'>ἐκ</span> <span class='ocrx_word' id='word_1_429' title='bbox 1011 3328 1119 3378; x_wconf 90' lang='grc' dir='ltr'>τῶν</span> <span class='ocrx_word' id='word_1_430' title='bbox 1179 3323 1422 3394; x_wconf 83' lang='grc' dir='ltr'>ἀνομιῶν</span> <span class='ocrx_word' id='word_1_431' title='bbox 1483 3319 1759 3393; x_wconf 78' lang='grc' dir='ltr'>ἐπιμιξίας</span> <span class='ocrx_word' id='word_1_432' title='bbox 1816 3317 2068 3373; x_wconf 82' lang='grc' dir='ltr'>ἀλυσιτε-</span> 
     </span>
    </p>
   </div>
   <div class='ocr_carea' id='block_1_67' title="bbox 413 3405 2064 3489">
    <p class='ocr_par' dir='ltr' id='par_1_67' title="bbox 413 3405 2064 3489">
     <span class='ocr_line' id='line_1_67' title="bbox 413 3405 2064 3489; baseline -0.005 -20"><span class='ocrx_word' id='word_1_433' title='bbox 413 3414 532 3476; x_wconf 86' lang='grc' dir='ltr'>λεῖς</span> <span class='ocrx_word' id='word_1_434' title='bbox 558 3435 616 3469; x_wconf 87' lang='grc' dir='ltr'>τε</span> <span class='ocrx_word' id='word_1_435' title='bbox 646 3415 737 3468; x_wconf 85' lang='grc' dir='ltr'>καὶ</span> <span class='ocrx_word' id='word_1_436' title='bbox 773 3408 1045 3488; x_wconf 72' lang='grc' dir='ltr'>βλαϐερὰς</span> <span class='ocrx_word' id='word_1_437' title='bbox 1075 3409 1300 3479; x_wconf 75' lang='grc' dir='ltr'>εἰδότες,</span> <span class='ocrx_word' id='word_1_438' title='bbox 1330 3411 1423 3466; x_wconf 86' lang='grc' dir='ltr'>τὸν</span> <span class='ocrx_word' id='word_1_439' title='bbox 1459 3409 1798 3489; x_wconf 71' lang='grc' dir='ltr'>προφητικὸν</span> <span class='ocrx_word' id='word_1_440' title='bbox 1835 3405 2064 3478; x_wconf 86' lang='grc' dir='ltr'>ζηλοῦσι</span> 
     </span>
    </p>
   </div>
   <div class='ocr_carea' id='block_1_68' title="bbox 407 3495 2064 3578">
    <p class='ocr_par' dir='ltr' id='par_1_68' title="bbox 407 3495 2064 3578">
     <span class='ocr_line' id='line_1_68' title="bbox 407 3495 2064 3578; baseline -0.005 -20"><span class='ocrx_word' id='word_1_441' title='bbox 407 3505 498 3558; x_wconf 74' lang='grc' dir='ltr'>καὶ</span> <span class='ocrx_word' id='word_1_442' title='bbox 530 3503 755 3558; x_wconf 77' lang='grc' dir='ltr'>ἀσκοῦσι</span> <span class='ocrx_word' id='word_1_443' title='bbox 803 3502 942 3578; x_wconf 81' lang='grc' dir='ltr'>βίον.</span> <span class='ocrx_word' id='word_1_444' title='bbox 994 3501 1152 3560; x_wconf 72' lang='grc' dir='ltr'>Οὕτω</span> <span class='ocrx_word' id='word_1_445' title='bbox 1211 3499 1509 3576; x_wconf 85' lang='grc' dir='ltr'>πολλαχοῦ</span> <span class='ocrx_word' id='word_1_446' title='bbox 1573 3499 1666 3572; x_wconf 74' lang='grc' dir='ltr'>μὶν</span> <span class='ocrx_word' id='word_1_447' title='bbox 1721 3505 1822 3566; x_wconf 82' lang='grc' dir='ltr'>τῆς</span> <span class='ocrx_word' id='word_1_448' title='bbox 1879 3495 2064 3550; x_wconf 64' lang='grc' dir='ltr'>οἴκου-</span> 
     </span>
    </p>
   </div>
   <div class='ocr_carea' id='block_1_69' title="bbox 411 3585 2068 3668">
    <p class='ocr_par' dir='ltr' id='par_1_69' title="bbox 411 3585 2068 3668">
     <span class='ocr_line' id='line_1_69' title="bbox 454 3585 1778 3623; baseline -0.006 -10"><span class='ocrx_word' id='word_1_449' title='bbox 454 3591 473 3623; x_wconf 65' lang='lat' dir='ltr'><strong><em>l</em></strong></span> <span class='ocrx_word' id='word_1_450' title='bbox 615 3590 629 3610; x_wconf 66' lang='grc'><strong>9</strong></span> <span class='ocrx_word' id='word_1_451' title='bbox 706 3592 719 3607; x_wconf 78' lang='lat'>‘</span> <span class='ocrx_word' id='word_1_452' title='bbox 892 3591 904 3612; x_wconf 65' lang='grc'><strong><em>1</em></strong></span> <span class='ocrx_word' id='word_1_453' title='bbox 1058 3589 1111 3609; x_wconf 62' lang='lat'>3&quot;</span> <span class='ocrx_word' id='word_1_454' title='bbox 1251 3589 1265 3607; x_wconf 50' lang='grc' dir='ltr'>ἢ</span> <span class='ocrx_word' id='word_1_455' title='bbox 1385 3590 1399 3608; x_wconf 71' lang='grc' dir='ltr'><em>Ἷ</em></span> <span class='ocrx_word' id='word_1_456' title='bbox 1547 3592 1572 3603; x_wconf 65' lang='grc' dir='ltr'><strong><em>ο</em></strong></span> <span class='ocrx_word' id='word_1_457' title='bbox 1668 3608 1686 3618; x_wconf 72' lang='lat'><em>_</em></span> <span class='ocrx_word' id='word_1_458' title='bbox 1766 3585 1778 3605; x_wconf 73' lang='grc' dir='ltr'><strong><em>Ι</em></strong></span> 
     </span>
     <span class='ocr_line' id='line_1_70' title="bbox 411 3585 2068 3668; baseline -0.005 -21"><span class='ocrx_word' id='word_1_459' title='bbox 411 3615 582 3666; x_wconf 71' lang='grc' dir='ltr'>μενης</span> <span class='ocrx_word' id='word_1_460' title='bbox 612 3613 722 3646; x_wconf 82' lang='grc' dir='ltr'>εστι</span> <span class='ocrx_word' id='word_1_461' title='bbox 753 3593 815 3647; x_wconf 89' lang='grc' dir='ltr'>τὸ</span> <span class='ocrx_word' id='word_1_462' title='bbox 847 3612 1002 3668; x_wconf 88' lang='grc' dir='ltr'>γενος</span> <span class='ocrx_word' id='word_1_463' title='bbox 1036 3597 1163 3663; x_wconf 85' lang='grc' dir='ltr'>(εοει</span> <span class='ocrx_word' id='word_1_464' title='bbox 1207 3611 1308 3666; x_wconf 84' lang='grc' dir='ltr'>γαρ</span> <span class='ocrx_word' id='word_1_465' title='bbox 1375 3590 1577 3662; x_wconf 84' lang='grc' dir='ltr'>αγαθου</span> <span class='ocrx_word' id='word_1_466' title='bbox 1632 3585 1844 3642; x_wconf 74' lang='grc' dir='ltr'>τελειου</span> <span class='ocrx_word' id='word_1_467' title='bbox 1903 3605 2068 3658; x_wconf 80' lang='grc' dir='ltr'>μετα-</span> 
     </span>
    </p>
   </div>
   <div class='ocr_carea' id='block_1_70' title="bbox 409 3667 2067 3756">
    <p class='ocr_par' dir='ltr' id='par_1_70' title="bbox 409 3667 2067 3756">
     <span class='ocr_line' id='line_1_71' title="bbox 409 3667 2067 3756; baseline -0.005 -21"><span class='ocrx_word' id='word_1_468' title='bbox 409 3686 565 3756; x_wconf 78' lang='grc' dir='ltr'>σχεῖν</span> <span class='ocrx_word' id='word_1_469' title='bbox 649 3679 739 3734; x_wconf 80' lang='grc' dir='ltr'>καὶ</span> <span class='ocrx_word' id='word_1_470' title='bbox 813 3667 913 3748; x_wconf 66' lang='grc' dir='ltr'>τὴν</span> <span class='ocrx_word' id='word_1_471' title='bbox 998 3675 1240 3735; x_wconf 76' lang='grc' dir='ltr'>Ἐλλάδα</span> <span class='ocrx_word' id='word_1_472' title='bbox 1322 3677 1411 3732; x_wconf 81' lang='grc' dir='ltr'>καὶ</span> <span class='ocrx_word' id='word_1_473' title='bbox 1478 3677 1577 3744; x_wconf 69' lang='grc' dir='ltr'>τήν</span> <span class='ocrx_word' id='word_1_474' title='bbox 1636 3667 1963 3749; x_wconf 76' lang='grc' dir='ltr'>Βάρϐαρον),</span> <span class='ocrx_word' id='word_1_475' title='bbox 2013 3670 2067 3727; x_wconf 84' lang='grc' dir='ltr'>ἐν</span> 
     </span>
    </p>
   </div>
   <div class='ocr_carea' id='block_1_71' title="bbox 409 3763 2070 3846">
    <p class='ocr_par' dir='ltr' id='par_1_71' title="bbox 409 3763 2070 3846">
     <span class='ocr_line' id='line_1_72' title="bbox 409 3763 2070 3846; baseline -0.007 -19"><span class='ocrx_word' id='word_1_476' title='bbox 409 3770 681 3846; x_wconf 78' lang='grc' dir='ltr'>Αἰγύπτῳ</span> <span class='ocrx_word' id='word_1_477' title='bbox 766 3765 823 3823; x_wconf 68' lang='grc' dir='ltr'>δὲ</span> <span class='ocrx_word' id='word_1_478' title='bbox 886 3765 1222 3836; x_wconf 80' lang='grc' dir='ltr'>πλεονάζει,</span> <span class='ocrx_word' id='word_1_479' title='bbox 1307 3765 1397 3820; x_wconf 80' lang='grc' dir='ltr'>καὶ</span> <span class='ocrx_word' id='word_1_480' title='bbox 1486 3763 1725 3838; x_wconf 61' lang='grc' dir='ltr'>μάλιστα</span> <span class='ocrx_word' id='word_1_481' title='bbox 1799 3763 1919 3838; x_wconf 79' lang='grc' dir='ltr'>περὶ</span> <span class='ocrx_word' id='word_1_482' title='bbox 1969 3763 2070 3832; x_wconf 72' lang='grc' dir='ltr'>τὴν</span> 
     </span>
    </p>
   </div>
   <div class='ocr_carea' id='block_1_72' title="bbox 409 3849 2071 3932">
    <p class='ocr_par' dir='ltr' id='par_1_72' title="bbox 409 3849 2071 3932">
     <span class='ocr_line' id='line_1_73' title="bbox 409 3849 2071 3932; baseline -0.006 -16"><span class='ocrx_word' id='word_1_483' title='bbox 409 3855 843 3932; x_wconf 75' lang='grc' dir='ltr'>Ἀλεξάνδρειαν·</span> <span class='ocrx_word' id='word_1_484' title='bbox 905 3857 1006 3913; x_wconf 76' lang='grc' dir='ltr'>Καὶ</span> <span class='ocrx_word' id='word_1_485' title='bbox 1092 3855 1142 3911; x_wconf 90' lang='grc' dir='ltr'>ἐν</span> <span class='ocrx_word' id='word_1_486' title='bbox 1225 3856 1421 3929; x_wconf 70' lang='grc' dir='ltr'>ἑκαστῃ</span> <span class='ocrx_word' id='word_1_487' title='bbox 1499 3853 1781 3928; x_wconf 78' lang='grc' dir='ltr'>συμμορίᾳ</span> <span class='ocrx_word' id='word_1_488' title='bbox 1858 3849 2071 3925; x_wconf 77' lang='grc' dir='ltr'>οἷ’κημά</span> 
     </span>
    </p>
   </div>
   <div class='ocr_carea' id='block_1_73' title="bbox 411 3941 2069 4022">
    <p class='ocr_par' dir='ltr' id='par_1_73' title="bbox 411 3941 2069 4022">
     <span class='ocr_line' id='line_1_74' title="bbox 411 3941 2069 4022; baseline -0.005 -20"><span class='ocrx_word' id='word_1_489' title='bbox 411 3947 558 4003; x_wconf 80' lang='grc' dir='ltr'>ἐστιν</span> <span class='ocrx_word' id='word_1_490' title='bbox 609 3948 772 4022; x_wconf 77' lang='grc' dir='ltr'>ἱερὸν,</span> <span class='ocrx_word' id='word_1_491' title='bbox 836 3947 865 4001; x_wconf 79' lang='grc' dir='ltr'>’ὀ</span> <span class='ocrx_word' id='word_1_492' title='bbox 923 3943 1154 4000; x_wconf 85' lang='grc' dir='ltr'>καλοῦσι</span> <span class='ocrx_word' id='word_1_493' title='bbox 1220 3949 1468 4017; x_wconf 85' lang='grc' dir='ltr'>σεμνεῖον</span> <span class='ocrx_word' id='word_1_494' title='bbox 1526 3943 1613 3996; x_wconf 82' lang='grc' dir='ltr'>καὶ</span> <span class='ocrx_word' id='word_1_495' title='bbox 1681 3941 2069 4016; x_wconf 85' lang='grc' dir='ltr'>μοναστήριον,</span> 
     </span>
    </p>
   </div>
   <div class='ocr_carea' id='block_1_74' title="bbox 412 4030 2075 4109">
    <p class='ocr_par' dir='ltr' id='par_1_74' title="bbox 412 4030 2075 4109">
     <span class='ocr_line' id='line_1_75' title="bbox 412 4030 2075 4109; baseline -0.005 -17"><span class='ocrx_word' id='word_1_496' title='bbox 412 4037 468 4092; x_wconf 85' lang='grc' dir='ltr'>ἐν</span> <span class='ocrx_word' id='word_1_497' title='bbox 517 4037 564 4108; x_wconf 82' lang='grc' dir='ltr'>ᾠ</span> <span class='ocrx_word' id='word_1_498' title='bbox 638 4036 972 4109; x_wconf 87' lang='grc' dir='ltr'>μονούμενοι</span> <span class='ocrx_word' id='word_1_499' title='bbox 1027 4035 1094 4089; x_wconf 76' lang='grc' dir='ltr'>τὰ</span> <span class='ocrx_word' id='word_1_500' title='bbox 1149 4037 1245 4089; x_wconf 90' lang='grc' dir='ltr'>τοῦ</span> <span class='ocrx_word' id='word_1_501' title='bbox 1303 4037 1503 4106; x_wconf 82' lang='grc' dir='ltr'>σεμνοῦ</span> <span class='ocrx_word' id='word_1_502' title='bbox 1590 4032 1713 4106; x_wconf 87' lang='grc' dir='ltr'>βίου</span> <span class='ocrx_word' id='word_1_503' title='bbox 1802 4030 2075 4104; x_wconf 76' lang='grc' dir='ltr'>μυστήρια</span> 
     </span>
    </p>
   </div>
   <div class='ocr_carea' id='block_1_75' title="bbox 411 4120 2071 4198">
    <p class='ocr_par' dir='ltr' id='par_1_75' title="bbox 411 4120 2071 4198">
     <span class='ocr_line' id='line_1_76' title="bbox 411 4120 2071 4198; baseline -0.005 -17"><span class='ocrx_word' id='word_1_504' title='bbox 411 4125 724 4195; x_wconf 85' lang='grc' dir='ltr'>τελοῦνται,</span> <span class='ocrx_word' id='word_1_505' title='bbox 767 4123 960 4198; x_wconf 77' lang='grc' dir='ltr'>μηδεὶς</span> <span class='ocrx_word' id='word_1_506' title='bbox 1023 4121 1192 4197; x_wconf 71' lang='grc' dir='ltr'>μηδὲν</span> <span class='ocrx_word' id='word_1_507' title='bbox 1245 4123 1580 4196; x_wconf 84' lang='grc' dir='ltr'>κομίζοντες,</span> <span class='ocrx_word' id='word_1_508' title='bbox 1640 4121 1718 4194; x_wconf 83' lang='grc' dir='ltr'>μή</span> <span class='ocrx_word' id='word_1_509' title='bbox 1771 4121 1960 4190; x_wconf 70' lang='grc' dir='ltr'>ποτίν,</span> <span class='ocrx_word' id='word_1_510' title='bbox 1995 4120 2071 4193; x_wconf 81' lang='grc' dir='ltr'>μὴ</span> 
     </span>
    </p>
   </div>
   <div class='ocr_carea' id='block_1_76' title="bbox 417 4211 2075 4287">
    <p class='ocr_par' dir='ltr' id='par_1_76' title="bbox 417 4211 2075 4287">
     <span class='ocr_line' id='line_1_77' title="bbox 417 4211 2075 4287; baseline -0.004 -17"><span class='ocrx_word' id='word_1_511' title='bbox 417 4222 593 4282; x_wconf 86' lang='grc' dir='ltr'>σῖτον,</span> <span class='ocrx_word' id='word_1_512' title='bbox 628 4213 768 4287; x_wconf 82' lang='grc' dir='ltr'>μηδὲ</span> <span class='ocrx_word' id='word_1_513' title='bbox 806 4235 861 4270; x_wconf 87' lang='grc' dir='ltr'>τι</span> <span class='ocrx_word' id='word_1_514' title='bbox 889 4218 997 4269; x_wconf 90' lang='grc' dir='ltr'>τῶν</span> <span class='ocrx_word' id='word_1_515' title='bbox 1025 4211 1213 4268; x_wconf 76' lang='grc' dir='ltr'>ἄλλων</span> <span class='ocrx_word' id='word_1_516' title='bbox 1249 4211 1348 4267; x_wconf 85' lang='grc' dir='ltr'>’ὃσα</span> <span class='ocrx_word' id='word_1_517' title='bbox 1378 4211 1514 4287; x_wconf 84' lang='grc' dir='ltr'>πρὸς</span> <span class='ocrx_word' id='word_1_518' title='bbox 1551 4211 1650 4280; x_wconf 70' lang='grc' dir='ltr'>τήν</span> <span class='ocrx_word' id='word_1_519' title='bbox 1693 4213 1791 4264; x_wconf 93' lang='grc' dir='ltr'>τοῦ</span> <span class='ocrx_word' id='word_1_520' title='bbox 1823 4211 2075 4282; x_wconf 87' lang='grc' dir='ltr'>σώματος</span> 
     </span>
    </p>
   </div>
   <div class='ocr_carea' id='block_1_77' title="bbox 416 4298 2073 4380">
    <p class='ocr_par' dir='ltr' id='par_1_77' title="bbox 416 4298 2073 4380">
     <span class='ocr_line' id='line_1_78' title="bbox 416 4298 2073 4380; baseline -0.004 -20"><span class='ocrx_word' id='word_1_521' title='bbox 416 4304 609 4380; x_wconf 83' lang='grc' dir='ltr'>χρείαν</span> <span class='ocrx_word' id='word_1_522' title='bbox 638 4303 924 4379; x_wconf 82' lang='grc' dir='ltr'>ἀναγκαῖα,</span> <span class='ocrx_word' id='word_1_523' title='bbox 954 4303 1100 4357; x_wconf 83' lang='grc' dir='ltr'>ἀλλά</span> <span class='ocrx_word' id='word_1_524' title='bbox 1154 4302 1355 4374; x_wconf 79' lang='grc' dir='ltr'>νόμους</span> <span class='ocrx_word' id='word_1_525' title='bbox 1385 4301 1473 4354; x_wconf 82' lang='grc' dir='ltr'>καὶ</span> <span class='ocrx_word' id='word_1_526' title='bbox 1527 4298 1688 4373; x_wconf 82' lang='grc' dir='ltr'>λόγια</span> <span class='ocrx_word' id='word_1_527' title='bbox 1725 4299 2073 4362; x_wconf 76' lang='grc' dir='ltr'>θεσπισθέντα</span> 
     </span>
    </p>
   </div>
   <div class='ocr_carea' id='block_1_78' title="bbox 415 4388 2074 4470">
    <p class='ocr_par' dir='ltr' id='par_1_78' title="bbox 415 4388 2074 4470">
     <span class='ocr_line' id='line_1_79' title="bbox 415 4388 2074 4470; baseline -0.004 -22"><span class='ocrx_word' id='word_1_528' title='bbox 415 4392 507 4448; x_wconf 78' lang='grc' dir='ltr'>8ιά</span> <span class='ocrx_word' id='word_1_529' title='bbox 535 4397 836 4470; x_wconf 75' lang='grc' dir='ltr'>προφητῶν</span> <span class='ocrx_word' id='word_1_530' title='bbox 868 4393 957 4446; x_wconf 78' lang='grc' dir='ltr'>καὶ</span> <span class='ocrx_word' id='word_1_531' title='bbox 1017 4391 1215 4463; x_wconf 74' lang='grc' dir='ltr'>ὕμνους</span> <span class='ocrx_word' id='word_1_532' title='bbox 1270 4390 1359 4446; x_wconf 67' lang='grc' dir='ltr'>καί</span> <span class='ocrx_word' id='word_1_533' title='bbox 1413 4389 1593 4445; x_wconf 87' lang='grc' dir='ltr'>τᾶλλα</span> <span class='ocrx_word' id='word_1_534' title='bbox 1651 4391 1738 4450; x_wconf 82' lang='grc' dir='ltr'>οἷς</span> <span class='ocrx_word' id='word_1_535' title='bbox 1797 4388 2074 4460; x_wconf 71' lang='grc' dir='ltr'>ἐπιστήμη</span> 
     </span>
    </p>
   </div>
   <div class='ocr_carea' id='block_1_79' title="bbox 414 4475 2077 4552">
    <p class='ocr_par' dir='ltr' id='par_1_79' title="bbox 414 4475 2077 4552">
     <span class='ocr_line' id='line_1_80' title="bbox 414 4475 2077 4552; baseline -0.004 -14"><span class='ocrx_word' id='word_1_536' title='bbox 414 4484 506 4538; x_wconf 80' lang='grc' dir='ltr'>καὶ</span> <span class='ocrx_word' id='word_1_537' title='bbox 537 4479 783 4537; x_wconf 66' lang='grc' dir='ltr'>εὐσέϐεια</span> <span class='ocrx_word' id='word_1_538' title='bbox 827 4482 1171 4552; x_wconf 81' lang='grc' dir='ltr'>συναύξονται</span> <span class='ocrx_word' id='word_1_539' title='bbox 1229 4482 1318 4536; x_wconf 71' lang='grc' dir='ltr'>καὶ</span> <span class='ocrx_word' id='word_1_540' title='bbox 1375 4479 1732 4535; x_wconf 82' lang='grc' dir='ltr'>τελειοῦνται.</span> <span class='ocrx_word' id='word_1_541' title='bbox 1792 4478 1864 4534; x_wconf 91' lang='grc' dir='ltr'>Τὸ</span> <span class='ocrx_word' id='word_1_542' title='bbox 1917 4475 1974 4532; x_wconf 76' lang='grc' dir='ltr'>δὲ</span> <span class='ocrx_word' id='word_1_543' title='bbox 2025 4475 2077 4547; x_wconf 79' lang='grc' dir='ltr'>ἐξ</span> 
     </span>
    </p>
   </div>
   <div class='ocr_carea' id='block_1_80' title="bbox 416 4572 924 4648">
    <p class='ocr_par' dir='ltr' id='par_1_80' title="bbox 416 4572 924 4648">
     <span class='ocr_line' id='line_1_81' title="bbox 416 4572 924 4648; baseline -0.004 -22"><span class='ocrx_word' id='word_1_544' title='bbox 416 4572 646 4626; x_wconf 74' lang='grc' dir='ltr'>ἑωθινοῦ</span> <span class='ocrx_word' id='word_1_545' title='bbox 727 4572 924 4648; x_wconf 76' lang='grc' dir='ltr'>μέχρις</span> 
     </span>
    </p>
   </div>
   <div class='ocr_carea' id='block_1_81' title="bbox 418 4656 2078 4733">
    <p class='ocr_par' dir='ltr' id='par_1_81' title="bbox 418 4656 2078 4733">
     <span class='ocr_line' id='line_1_82' title="bbox 418 4656 2078 4733; baseline -0.004 -17"><span class='ocrx_word' id='word_1_546' title='bbox 418 4661 562 4716; x_wconf 85' lang='grc' dir='ltr'>ἐστιν</span> <span class='ocrx_word' id='word_1_547' title='bbox 646 4658 914 4730; x_wconf 55' lang='lat' dir='ltr'>aiax-qam“</span> <span class='ocrx_word' id='word_1_548' title='bbox 1001 4659 1420 4733; x_wconf 72' lang='grc' dir='ltr'>ἐντυγχάνοντες</span> <span class='ocrx_word' id='word_1_549' title='bbox 1507 4656 1614 4730; x_wconf 75' lang='grc' dir='ltr'>γὰρ</span> <span class='ocrx_word' id='word_1_550' title='bbox 1695 4661 1811 4716; x_wconf 80' lang='grc' dir='ltr'>τοῖς</span> <span class='ocrx_word' id='word_1_551' title='bbox 1908 4656 2078 4720; x_wconf 74' lang='grc' dir='ltr'>ἱεροῖς</span> 
     </span>
    </p>
   </div>
   <div class='ocr_carea' id='block_1_82' title="bbox 424 4743 2080 4827">
    <p class='ocr_par' dir='ltr' id='par_1_82' title="bbox 424 4743 2080 4827">
     <span class='ocr_line' id='line_1_83' title="bbox 424 4743 2080 4827; baseline -0.002 -22"><span class='ocrx_word' id='word_1_552' title='bbox 424 4751 721 4827; x_wconf 87' lang='grc' dir='ltr'>γράμμασι</span> <span class='ocrx_word' id='word_1_553' title='bbox 798 4746 1159 4827; x_wconf 74' lang='grc' dir='ltr'>φιλοσοφοῦσι</span> <span class='ocrx_word' id='word_1_554' title='bbox 1242 4748 1339 4815; x_wconf 71' lang='grc' dir='ltr'>τήν</span> <span class='ocrx_word' id='word_1_555' title='bbox 1431 4745 1660 4820; x_wconf 84' lang='grc' dir='ltr'>πατρίαν</span> <span class='ocrx_word' id='word_1_556' title='bbox 1735 4743 2080 4823; x_wconf 76' lang='grc' dir='ltr'>φιλοσοφίαν.</span> 
     </span>
    </p>
   </div>
   <div class='ocr_carea' id='block_1_83' title="bbox 420 4828 2085 4915">
    <p class='ocr_par' dir='ltr' id='par_1_83' title="bbox 420 4828 2085 4915">
     <span class='ocr_line' id='line_1_84' title="bbox 420 4828 2085 4915; baseline -0.007 -17"><span class='ocrx_word' id='word_1_557' title='bbox 420 4840 771 4915; x_wconf 71' lang='grc' dir='ltr'>Ἐγκράτειαν</span> <span class='ocrx_word' id='word_1_558' title='bbox 855 4835 914 4892; x_wconf 76' lang='grc' dir='ltr'>δὲ</span> <span class='ocrx_word' id='word_1_559' title='bbox 971 4838 1150 4911; x_wconf 78' lang='grc' dir='ltr'>ὥσπερ</span> <span class='ocrx_word' id='word_1_560' title='bbox 1215 4835 1331 4892; x_wconf 75' lang='grc' dir='ltr'>τινὰ</span> <span class='ocrx_word' id='word_1_561' title='bbox 1387 4833 1640 4908; x_wconf 76' lang='grc' dir='ltr'>θεμέλιον</span> <span class='ocrx_word' id='word_1_562' title='bbox 1698 4828 2085 4909; x_wconf 82' lang='grc' dir='ltr'>προκαταϐαλ-</span> 
     </span>
    </p>
   </div>
   <div class='ocr_carea' id='block_1_84' title="bbox 424 4921 2079 5004">
    <p class='ocr_par' dir='ltr' id='par_1_84' title="bbox 424 4921 2079 5004">
     <span class='ocr_line' id='line_1_85' title="bbox 424 4921 2079 5004; baseline -0.005 -18"><span class='ocrx_word' id='word_1_563' title='bbox 424 4930 656 5003; x_wconf 86' lang='grc' dir='ltr'>λόμενοι</span> <span class='ocrx_word' id='word_1_564' title='bbox 695 4934 764 5004; x_wconf 79' lang='grc' dir='ltr'>τῇ</span> <span class='ocrx_word' id='word_1_565' title='bbox 796 4933 950 5004; x_wconf 80' lang='grc' dir='ltr'>ψυχῇ</span> <span class='ocrx_word' id='word_1_566' title='bbox 979 4929 1076 4990; x_wconf 80' lang='grc' dir='ltr'>τὰς</span> <span class='ocrx_word' id='word_1_567' title='bbox 1125 4925 1299 4990; x_wconf 78' lang='grc' dir='ltr'>ἄλλας</span> <span class='ocrx_word' id='word_1_568' title='bbox 1354 4921 1811 4997; x_wconf 80' lang='grc' dir='ltr'>ἐποικοδομοῦσιν</span> <span class='ocrx_word' id='word_1_569' title='bbox 1867 4923 2079 4998; x_wconf 83' lang='grc' dir='ltr'>ἀρετάς⁶</span> 
     </span>
    </p>
   </div>
   <div class='ocr_carea' id='block_1_85' title="bbox 424 5011 2083 5095">
    <p class='ocr_par' dir='ltr' id='par_1_85' title="bbox 424 5011 2083 5095">
     <span class='ocr_line' id='line_1_86' title="bbox 424 5011 2083 5095; baseline -0.004 -20"><span class='ocrx_word' id='word_1_570' title='bbox 424 5020 602 5075; x_wconf 86' lang='grc' dir='ltr'>σιτίον</span> <span class='ocrx_word' id='word_1_571' title='bbox 631 5019 734 5095; x_wconf 73' lang='grc' dir='ltr'>γὰρ</span> <span class='ocrx_word' id='word_1_572' title='bbox 763 5019 800 5088; x_wconf 74' lang='grc' dir='ltr'><strong>ἢ</strong></span> <span class='ocrx_word' id='word_1_573' title='bbox 830 5019 996 5074; x_wconf 87' lang='grc' dir='ltr'>ποτὸν</span> <span class='ocrx_word' id='word_1_574' title='bbox 1050 5014 1226 5078; x_wconf 69' lang='grc' dir='ltr'>οὐδεὶς</span> <span class='ocrx_word' id='word_1_575' title='bbox 1273 5016 1448 5071; x_wconf 79' lang='grc' dir='ltr'>αὸτῶν</span> <span class='ocrx_word' id='word_1_576' title='bbox 1505 5011 1926 5089; x_wconf 69' lang='grc' dir='ltr'>προσενέγκοιτο</span> <span class='ocrx_word' id='word_1_577' title='bbox 1976 5015 2083 5088; x_wconf 85' lang='grc' dir='ltr'>πρὸ</span> 
     </span>
    </p>
   </div>
   <div class='ocr_carea' id='block_1_86' title="bbox 423 5101 2081 5183">
    <p class='ocr_par' dir='ltr' id='par_1_86' title="bbox 423 5101 2081 5183">
     <span class='ocr_line' id='line_1_87' title="bbox 423 5101 2081 5183; baseline -0.005 -19"><span class='ocrx_word' id='word_1_578' title='bbox 423 5109 591 5180; x_wconf 76' lang='grc' dir='ltr'>ἡλίου</span> <span class='ocrx_word' id='word_1_579' title='bbox 668 5106 918 5178; x_wconf 74' lang='grc' dir='ltr'>δύσεως,</span> <span class='ocrx_word' id='word_1_580' title='bbox 991 5104 1257 5181; x_wconf 79' lang='grc' dir='ltr'>ἐπιδήπερ</span> <span class='ocrx_word' id='word_1_581' title='bbox 1297 5105 1359 5160; x_wconf 84' lang='grc' dir='ltr'>τὸ</span> <span class='ocrx_word' id='word_1_582' title='bbox 1412 5106 1506 5179; x_wconf 67' lang='grc' dir='ltr'>μὲν</span> <span class='ocrx_word' id='word_1_583' title='bbox 1557 5101 1874 5183; x_wconf 69' lang='grc' dir='ltr'>φιλοσοφεῖν</span> <span class='ocrx_word' id='word_1_584' title='bbox 1934 5101 2081 5173; x_wconf 76' lang='grc' dir='ltr'>ἄξιον</span> 
     </span>
    </p>
   </div>
   <div class='ocr_carea' id='block_1_87' title="bbox 421 5191 2085 5276">
    <p class='ocr_par' dir='ltr' id='par_1_87' title="bbox 421 5191 2085 5276">
     <span class='ocr_line' id='line_1_88' title="bbox 421 5191 2085 5276; baseline -0.005 -22"><span class='ocrx_word' id='word_1_585' title='bbox 421 5199 606 5276; x_wconf 84' lang='grc' dir='ltr'>φωτὸς</span> <span class='ocrx_word' id='word_1_586' title='bbox 638 5199 906 5271; x_wconf 72' lang='grc' dir='ltr'>κρίνουσι,</span> <span class='ocrx_word' id='word_1_587' title='bbox 950 5200 1174 5258; x_wconf 70' lang='grc' dir='ltr'>σκότους</span> <span class='ocrx_word' id='word_1_588' title='bbox 1209 5193 1265 5250; x_wconf 73' lang='grc' dir='ltr'>δὲ</span> <span class='ocrx_word' id='word_1_589' title='bbox 1293 5197 1386 5257; x_wconf 72' lang='grc' dir='ltr'>τὰς</span> <span class='ocrx_word' id='word_1_590' title='bbox 1454 5197 1552 5249; x_wconf 88' lang='grc' dir='ltr'>τοῦ</span> <span class='ocrx_word' id='word_1_591' title='bbox 1611 5193 1866 5265; x_wconf 86' lang='grc' dir='ltr'>σώματος</span> <span class='ocrx_word' id='word_1_592' title='bbox 1920 5191 2085 5268; x_wconf 77' lang='grc' dir='ltr'>ἀνάγ-</span> 
     </span>
    </p>
   </div>
   <div class='ocr_carea' id='block_1_88' title="bbox 419 5281 2085 5357">
    <p class='ocr_par' dir='ltr' id='par_1_88' title="bbox 419 5281 2085 5357">
     <span class='ocr_line' id='line_1_89' title="bbox 419 5281 2085 5357; baseline -0.007 -12"><span class='ocrx_word' id='word_1_593' title='bbox 419 5310 543 5351; x_wconf 81' lang='grc' dir='ltr'>κας.</span> <span class='ocrx_word' id='word_1_594' title='bbox 605 5290 779 5342; x_wconf 65' lang='grc' dir='ltr'>’Ἔνιοι</span> <span class='ocrx_word' id='word_1_595' title='bbox 867 5283 924 5340; x_wconf 73' lang='grc' dir='ltr'>δὲ</span> <span class='ocrx_word' id='word_1_596' title='bbox 981 5286 1073 5340; x_wconf 82' lang='grc' dir='ltr'>καὶ</span> <span class='ocrx_word' id='word_1_597' title='bbox 1138 5283 1207 5340; x_wconf 83' lang='grc' dir='ltr'>δι’</span> <span class='ocrx_word' id='word_1_598' title='bbox 1263 5287 1488 5357; x_wconf 83' lang='grc' dir='ltr'>ἡμερῶν</span> <span class='ocrx_word' id='word_1_599' title='bbox 1546 5286 1711 5356; x_wconf 88' lang='grc' dir='ltr'>τριῶν</span> <span class='ocrx_word' id='word_1_600' title='bbox 1763 5281 2085 5354; x_wconf 79' lang='grc' dir='ltr'>ὓπομιμνή-</span> 
     </span>
    </p>
   </div>
   <div class='ocr_carea' id='block_1_89' title="bbox 423 5372 2082 5459">
    <p class='ocr_par' dir='ltr' id='par_1_89' title="bbox 423 5372 2082 5459">
     <span class='ocr_line' id='line_1_90' title="bbox 423 5372 2082 5459; baseline -0.005 -22"><span class='ocrx_word' id='word_1_601' title='bbox 423 5402 640 5437; x_wconf 79' lang='grc' dir='ltr'>σκονται</span> <span class='ocrx_word' id='word_1_602' title='bbox 698 5386 932 5459; x_wconf 73' lang='grc' dir='ltr'>τροφῆς,</span> <span class='ocrx_word' id='word_1_603' title='bbox 984 5380 1069 5440; x_wconf 81' lang='grc' dir='ltr'>οἷς</span> <span class='ocrx_word' id='word_1_604' title='bbox 1125 5376 1292 5432; x_wconf 73' lang='grc' dir='ltr'>πλέον</span> <span class='ocrx_word' id='word_1_605' title='bbox 1335 5376 1561 5436; x_wconf 82' lang='grc' dir='ltr'>ὁπόθος</span> <span class='ocrx_word' id='word_1_606' title='bbox 1616 5381 1719 5443; x_wconf 80' lang='grc' dir='ltr'>τῆς</span> <span class='ocrx_word' id='word_1_607' title='bbox 1772 5372 2082 5449; x_wconf 81' lang='grc' dir='ltr'>ἐπιστήμης</span> 
     </span>
    </p>
   </div>
   <div class='ocr_carea' id='block_1_90' title="bbox 421 5462 2085 5543">
    <p class='ocr_par' dir='ltr' id='par_1_90' title="bbox 421 5462 2085 5543">
     <span class='ocr_line' id='line_1_91' title="bbox 421 5462 2085 5543; baseline -0.005 -16"><span class='ocrx_word' id='word_1_608' title='bbox 421 5470 716 5543; x_wconf 81' lang='grc' dir='ltr'>ἐνίδρυται.</span> <span class='ocrx_word' id='word_1_609' title='bbox 778 5469 934 5530; x_wconf 72' lang='grc' dir='ltr'>Τινὲς</span> <span class='ocrx_word' id='word_1_610' title='bbox 994 5464 1052 5521; x_wconf 74' lang='grc' dir='ltr'>δὲ</span> <span class='ocrx_word' id='word_1_611' title='bbox 1110 5465 1280 5526; x_wconf 77' lang='grc' dir='ltr'>οὕτως</span> <span class='ocrx_word' id='word_1_612' title='bbox 1333 5462 1765 5543; x_wconf 77' lang='grc' dir='ltr'>ἐνευφραίνονται</span> <span class='ocrx_word' id='word_1_613' title='bbox 1822 5465 1910 5519; x_wconf 82' lang='grc' dir='ltr'>καὶ</span> <span class='ocrx_word' id='word_1_614' title='bbox 1954 5483 2085 5538; x_wconf 82' lang='grc' dir='ltr'>τρυ-</span> 
     </span>
    </p>
   </div>
   <div class='ocr_carea' id='block_1_91' title="bbox 419 5551 2082 5640">
    <p class='ocr_par' dir='ltr' id='par_1_91' title="bbox 419 5551 2082 5640">
     <span class='ocr_line' id='line_1_92' title="bbox 419 5551 2082 5640; baseline -0.012 -23"><span class='ocrx_word' id='word_1_615' title='bbox 419 5566 598 5640; x_wconf 85' lang='grc' dir='ltr'>φῶσιν</span> <span class='ocrx_word' id='word_1_616' title='bbox 654 5560 759 5614; x_wconf 81' lang='grc' dir='ltr'>ὑπὸ</span> <span class='ocrx_word' id='word_1_617' title='bbox 810 5557 1009 5634; x_wconf 84' lang='grc' dir='ltr'>σοφίας</span> <span class='ocrx_word' id='word_1_618' title='bbox 1070 5554 1391 5628; x_wconf 78' lang='grc' dir='ltr'>ἑστιώμενοι</span> <span class='ocrx_word' id='word_1_619' title='bbox 1438 5551 1718 5614; x_wconf 90' lang='grc' dir='ltr'>πλουσίως</span> <span class='ocrx_word' id='word_1_620' title='bbox 1770 5553 1859 5608; x_wconf 81' lang='grc' dir='ltr'>καὶ</span> <span class='ocrx_word' id='word_1_621' title='bbox 1915 5553 2082 5630; x_wconf 78' lang='grc' dir='ltr'>ἀφθό-</span> 
     </span>
    </p>
   </div>
   <div class='ocr_carea' id='block_1_92' title="bbox 422 5641 2085 5725">
    <p class='ocr_par' dir='ltr' id='par_1_92' title="bbox 422 5641 2085 5725">
     <span class='ocr_line' id='line_1_93' title="bbox 422 5641 2085 5725; baseline -0.002 -21"><span class='ocrx_word' id='word_1_622' title='bbox 422 5673 532 5713; x_wconf 87' lang='grc' dir='ltr'>νως</span> <span class='ocrx_word' id='word_1_623' title='bbox 573 5651 641 5705; x_wconf 80' lang='grc' dir='ltr'>τὰ</span> <span class='ocrx_word' id='word_1_624' title='bbox 693 5647 941 5725; x_wconf 81' lang='grc' dir='ltr'>δόγματα</span> <span class='ocrx_word' id='word_1_625' title='bbox 993 5643 1366 5721; x_wconf 84' lang='grc' dir='ltr'>χορηγούσης,</span> <span class='ocrx_word' id='word_1_626' title='bbox 1425 5642 1498 5704; x_wconf 84' lang='grc' dir='ltr'>ὡς</span> <span class='ocrx_word' id='word_1_627' title='bbox 1553 5641 1645 5698; x_wconf 84' lang='grc' dir='ltr'>καὶ</span> <span class='ocrx_word' id='word_1_628' title='bbox 1703 5642 1841 5720; x_wconf 82' lang='grc' dir='ltr'>πρὸς</span> <span class='ocrx_word' id='word_1_629' title='bbox 1891 5641 2085 5700; x_wconf 87' lang='grc' dir='ltr'>διπλα-</span> 
     </span>
    </p>
   </div>
   <div class='ocr_carea' id='block_1_93' title="bbox 2178 3325 3824 3398">
    <p class='ocr_par' dir='ltr' id='par_1_93' title="bbox 2178 3325 3824 3398">
     <span class='ocr_line' id='line_1_94' title="bbox 2178 3325 3824 3398; baseline -0.004 -16"><span class='ocrx_word' id='word_1_630' title='bbox 2178 3328 2368 3384; x_wconf 90' lang='lat' dir='ltr'>hortis</span> <span class='ocrx_word' id='word_1_631' title='bbox 2399 3333 2502 3384; x_wconf 91' lang='lat' dir='ltr'>aut</span> <span class='ocrx_word' id='word_1_632' title='bbox 2548 3329 2852 3384; x_wconf 90' lang='lat' dir='ltr'>montibus</span> <span class='ocrx_word' id='word_1_633' title='bbox 2900 3329 3079 3382; x_wconf 89' lang='lat' dir='ltr'>vitam</span> <span class='ocrx_word' id='word_1_634' title='bbox 3131 3326 3368 3398; x_wconf 87' lang='lat' dir='ltr'>degunt.</span> <span class='ocrx_word' id='word_1_635' title='bbox 3421 3325 3646 3395; x_wconf 90' lang='lat' dir='ltr'>Quippe</span> <span class='ocrx_word' id='word_1_636' title='bbox 3688 3339 3824 3377; x_wconf 88' lang='lat' dir='ltr'>con-</span> 
     </span>
    </p>
   </div>
   <div class='ocr_carea' id='block_1_94' title="bbox 2182 3414 3823 3490">
    <p class='ocr_par' dir='ltr' id='par_1_94' title="bbox 2182 3414 3823 3490">
     <span class='ocr_line' id='line_1_95' title="bbox 2182 3414 3823 3490; baseline -0.004 -18"><span class='ocrx_word' id='word_1_637' title='bbox 2182 3417 2558 3473; x_wconf 87' lang='lat' dir='ltr'>suetudinem</span> <span class='ocrx_word' id='word_1_638' title='bbox 2587 3425 2938 3490; x_wconf 89' lang='lat' dir='ltr'>peccantum</span> <span class='ocrx_word' id='word_1_639' title='bbox 2971 3415 3318 3472; x_wconf 90' lang='lat' dir='ltr'>damnosam</span> <span class='ocrx_word' id='word_1_640' title='bbox 3351 3414 3605 3469; x_wconf 87' lang='lat' dir='ltr'>scientes</span> <span class='ocrx_word' id='word_1_641' title='bbox 3627 3418 3823 3467; x_wconf 89' lang='lat' dir='ltr'>vatum</span> 
     </span>
    </p>
   </div>
   <div class='ocr_carea' id='block_1_95' title="bbox 2184 3503 3826 3579">
    <p class='ocr_par' dir='ltr' id='par_1_95' title="bbox 2184 3503 3826 3579">
     <span class='ocr_line' id='line_1_96' title="bbox 2184 3503 3826 3579; baseline -0.004 -17"><span class='ocrx_word' id='word_1_642' title='bbox 2184 3509 2511 3579; x_wconf 88' lang='lat' dir='ltr'>priscorum</span> <span class='ocrx_word' id='word_1_643' title='bbox 2535 3507 2894 3563; x_wconf 70' lang='lat' dir='ltr'>mmulantur</span> <span class='ocrx_word' id='word_1_644' title='bbox 2921 3510 3098 3577; x_wconf 89' lang='lat' dir='ltr'>atque</span> <span class='ocrx_word' id='word_1_645' title='bbox 3131 3506 3440 3561; x_wconf 89' lang='lat' dir='ltr'>imitantur</span> <span class='ocrx_word' id='word_1_646' title='bbox 3461 3504 3658 3558; x_wconf 87' lang='lat' dir='ltr'>vitam.</span> <span class='ocrx_word' id='word_1_647' title='bbox 3706 3503 3826 3556; x_wconf 84' lang='lat' dir='ltr'>Hoc</span> 
     </span>
    </p>
   </div>
   <div class='ocr_carea' id='block_1_96' title="bbox 2183 3592 3826 3667">
    <p class='ocr_par' dir='ltr' id='par_1_96' title="bbox 2183 3592 3826 3667">
     <span class='ocr_line' id='line_1_97' title="bbox 2183 3592 3826 3667; baseline -0.004 -16"><span class='ocrx_word' id='word_1_648' title='bbox 2183 3613 2369 3667; x_wconf 86' lang='lat' dir='ltr'>genus</span> <span class='ocrx_word' id='word_1_649' title='bbox 2403 3598 2707 3652; x_wconf 86' lang='lat' dir='ltr'>hominum</span> <span class='ocrx_word' id='word_1_650' title='bbox 2746 3602 2835 3651; x_wconf 90' lang='lat' dir='ltr'>est</span> <span class='ocrx_word' id='word_1_651' title='bbox 2863 3597 3018 3653; x_wconf 75' lang='lat'>352</span> <span class='ocrx_word' id='word_1_652' title='bbox 3053 3596 3112 3649; x_wconf 91' lang='lat' dir='ltr'>in</span> <span class='ocrx_word' id='word_1_653' title='bbox 3155 3594 3400 3650; x_wconf 88' lang='lat' dir='ltr'>diversis</span> <span class='ocrx_word' id='word_1_654' title='bbox 3432 3592 3638 3649; x_wconf 89' lang='lat' dir='ltr'>mundi</span> <span class='ocrx_word' id='word_1_655' title='bbox 3690 3607 3826 3662; x_wconf 86' lang='lat' dir='ltr'>par-</span> 
     </span>
    </p>
   </div>
   <div class='ocr_carea' id='block_1_97' title="bbox 2186 3680 3828 3755">
    <p class='ocr_par' dir='ltr' id='par_1_97' title="bbox 2186 3680 3828 3755">
     <span class='ocr_line' id='line_1_98' title="bbox 2186 3680 3828 3755; baseline -0.003 -16"><span class='ocrx_word' id='word_1_656' title='bbox 2186 3685 2342 3740; x_wconf 89' lang='lat' dir='ltr'>tibus</span> <span class='ocrx_word' id='word_1_657' title='bbox 2379 3703 2391 3740; x_wconf 89' lang='lat'><strong>:</strong></span> <span class='ocrx_word' id='word_1_658' title='bbox 2426 3686 2645 3740; x_wconf 88' lang='lat' dir='ltr'>bonum</span> <span class='ocrx_word' id='word_1_659' title='bbox 2679 3685 2838 3739; x_wconf 89' lang='lat' dir='ltr'>enim</span> <span class='ocrx_word' id='word_1_660' title='bbox 2888 3685 3216 3755; x_wconf 79' lang='lat' dir='ltr'>perfectum</span> <span class='ocrx_word' id='word_1_661' title='bbox 3273 3683 3582 3754; x_wconf 88' lang='lat' dir='ltr'>oportebat</span> <span class='ocrx_word' id='word_1_662' title='bbox 3639 3687 3697 3736; x_wconf 90' lang='lat' dir='ltr'>et</span> <span class='ocrx_word' id='word_1_663' title='bbox 3753 3680 3828 3734; x_wconf 85' lang='lat' dir='ltr'>ad</span> 
     </span>
    </p>
   </div>
   <div class='ocr_carea' id='block_1_98' title="bbox 2185 3773 3828 3846">
    <p class='ocr_par' dir='ltr' id='par_1_98' title="bbox 2185 3773 3828 3846">
     <span class='ocr_line' id='line_1_99' title="bbox 2185 3773 3828 3846; baseline -0.004 -16"><span class='ocrx_word' id='word_1_664' title='bbox 2185 3776 2414 3831; x_wconf 66' lang='lat' dir='ltr'>Graecos</span> <span class='ocrx_word' id='word_1_665' title='bbox 2474 3775 2780 3846; x_wconf 84' lang='lat' dir='ltr'>pervenire</span> <span class='ocrx_word' id='word_1_666' title='bbox 2833 3779 2891 3828; x_wconf 93' lang='lat' dir='ltr'>et</span> <span class='ocrx_word' id='word_1_667' title='bbox 2946 3774 3015 3827; x_wconf 89' lang='lat' dir='ltr'>ad</span> <span class='ocrx_word' id='word_1_668' title='bbox 3078 3773 3380 3828; x_wconf 87' lang='lat' dir='ltr'>Barbaros.</span> <span class='ocrx_word' id='word_1_669' title='bbox 3469 3773 3531 3825; x_wconf 91' lang='lat' dir='ltr'>In</span> <span class='ocrx_word' id='word_1_670' title='bbox 3585 3773 3828 3842; x_wconf 66' lang='lat' dir='ltr'>Egypto</span> 
     </span>
    </p>
   </div>
   <div class='ocr_carea' id='block_1_99' title="bbox 2187 3859 3830 3936">
    <p class='ocr_par' dir='ltr' id='par_1_99' title="bbox 2187 3859 3830 3936">
     <span class='ocr_line' id='line_1_100' title="bbox 2187 3859 3830 3936; baseline -0.005 -15"><span class='ocrx_word' id='word_1_671' title='bbox 2187 3871 2384 3921; x_wconf 89' lang='lat' dir='ltr'>autem</span> <span class='ocrx_word' id='word_1_672' title='bbox 2417 3880 2627 3936; x_wconf 87' lang='lat' dir='ltr'>magna</span> <span class='ocrx_word' id='word_1_673' title='bbox 2647 3869 2733 3918; x_wconf 90' lang='lat' dir='ltr'>est</span> <span class='ocrx_word' id='word_1_674' title='bbox 2751 3863 2922 3934; x_wconf 90' lang='lat' dir='ltr'>cujus</span> <span class='ocrx_word' id='word_1_675' title='bbox 2944 3862 3392 3932; x_wconf 82' lang='lat' dir='ltr'>copia,maxime</span> <span class='ocrx_word' id='word_1_676' title='bbox 3414 3859 3569 3930; x_wconf 88' lang='lat' dir='ltr'>apud</span> <span class='ocrx_word' id='word_1_677' title='bbox 3584 3859 3830 3914; x_wconf 76' lang='lat' dir='ltr'>Alexan-</span> 
     </span>
    </p>
   </div>
   <div class='ocr_carea' id='block_1_100' title="bbox 2189 3945 3832 4022">
    <p class='ocr_par' dir='ltr' id='par_1_100' title="bbox 2189 3945 3832 4022">
     <span class='ocr_line' id='line_1_101' title="bbox 2189 3945 3832 4022; baseline -0.005 -14"><span class='ocrx_word' id='word_1_678' title='bbox 2189 3953 2378 4008; x_wconf 88' lang='lat' dir='ltr'>driam</span> <span class='ocrx_word' id='word_1_679' title='bbox 2404 3995 2417 4020; x_wconf 89' lang='lat'>,</span> <span class='ocrx_word' id='word_1_680' title='bbox 2446 3957 2506 4006; x_wconf 87' lang='lat' dir='ltr'>et</span> <span class='ocrx_word' id='word_1_681' title='bbox 2533 3952 2592 4006; x_wconf 92' lang='lat' dir='ltr'>in</span> <span class='ocrx_word' id='word_1_682' title='bbox 2620 3952 2822 4022; x_wconf 90' lang='lat' dir='ltr'>quavis</span> <span class='ocrx_word' id='word_1_683' title='bbox 2853 3951 3038 4006; x_wconf 88' lang='lat' dir='ltr'>classe</span> <span class='ocrx_word' id='word_1_684' title='bbox 3067 3949 3276 4004; x_wconf 90' lang='lat' dir='ltr'>domus</span> <span class='ocrx_word' id='word_1_685' title='bbox 3297 3955 3386 4003; x_wconf 89' lang='lat' dir='ltr'>est</span> <span class='ocrx_word' id='word_1_686' title='bbox 3434 3964 3620 4014; x_wconf 88' lang='lat' dir='ltr'>sacra,</span> <span class='ocrx_word' id='word_1_687' title='bbox 3674 3945 3832 4017; x_wconf 88' lang='lat' dir='ltr'>quod</span> 
     </span>
    </p>
   </div>
   <div class='ocr_carea' id='block_1_101' title="bbox 2189 4036 3834 4109">
    <p class='ocr_par' dir='ltr' id='par_1_101' title="bbox 2189 4036 3834 4109">
     <span class='ocr_line' id='line_1_102' title="bbox 2189 4036 3834 4109; baseline -0.005 -11"><span class='ocrx_word' id='word_1_688' title='bbox 2189 4058 2498 4098; x_wconf 89' lang='lat' dir='ltr'>semneum</span> <span class='ocrx_word' id='word_1_689' title='bbox 2555 4041 2792 4109; x_wconf 85' lang='lat' dir='ltr'>dicitur,</span> <span class='ocrx_word' id='word_1_690' title='bbox 2852 4046 2909 4095; x_wconf 90' lang='lat' dir='ltr'>et</span> <span class='ocrx_word' id='word_1_691' title='bbox 2969 4036 3602 4107; x_wconf 88' lang='lat' dir='ltr'>monasterium,quod</span> <span class='ocrx_word' id='word_1_692' title='bbox 3651 4036 3712 4090; x_wconf 91' lang='lat' dir='ltr'>in</span> <span class='ocrx_word' id='word_1_693' title='bbox 3765 4051 3834 4090; x_wconf 85' lang='lat' dir='ltr'>ea</span> 
     </span>
    </p>
   </div>
   <div class='ocr_carea' id='block_1_102' title="bbox 2192 4126 3834 4197">
    <p class='ocr_par' dir='ltr' id='par_1_102' title="bbox 2192 4126 3834 4197">
     <span class='ocr_line' id='line_1_103' title="bbox 2192 4126 3834 4197; baseline -0.005 -10"><span class='ocrx_word' id='word_1_694' title='bbox 2192 4132 2264 4188; x_wconf 87' lang='lat' dir='ltr'>ab</span> <span class='ocrx_word' id='word_1_695' title='bbox 2296 4132 2601 4186; x_wconf 89' lang='lat' dir='ltr'>hominum</span> <span class='ocrx_word' id='word_1_696' title='bbox 2631 4130 2804 4186; x_wconf 88' lang='lat' dir='ltr'>turba</span> <span class='ocrx_word' id='word_1_697' title='bbox 2827 4129 3039 4185; x_wconf 89' lang='lat' dir='ltr'>seclusi</span> <span class='ocrx_word' id='word_1_698' title='bbox 3064 4127 3416 4183; x_wconf 86' lang='lat' dir='ltr'>venerabilis</span> <span class='ocrx_word' id='word_1_699' title='bbox 3448 4126 3576 4180; x_wconf 73' lang='lat' dir='ltr'>vita:</span> <span class='ocrx_word' id='word_1_700' title='bbox 3609 4129 3834 4197; x_wconf 84' lang='lat' dir='ltr'>myste-</span> 
     </span>
    </p>
   </div>
   <div class='ocr_carea' id='block_1_103' title="bbox 2191 4217 3834 4291">
    <p class='ocr_par' dir='ltr' id='par_1_103' title="bbox 2191 4217 3834 4291">
     <span class='ocr_line' id='line_1_104' title="bbox 2191 4217 3834 4291; baseline -0.005 -15"><span class='ocrx_word' id='word_1_701' title='bbox 2191 4222 2297 4276; x_wconf 89' lang='lat' dir='ltr'>riis</span> <span class='ocrx_word' id='word_1_702' title='bbox 2346 4221 2676 4284; x_wconf 87' lang='lat' dir='ltr'>initiantur,</span> <span class='ocrx_word' id='word_1_703' title='bbox 2733 4220 2888 4274; x_wconf 91' lang='lat' dir='ltr'>nihil</span> <span class='ocrx_word' id='word_1_704' title='bbox 2943 4219 3262 4291; x_wconf 86' lang='lat' dir='ltr'>quisquam</span> <span class='ocrx_word' id='word_1_705' title='bbox 3319 4217 3658 4281; x_wconf 84' lang='lat' dir='ltr'>afl‘erentes,</span> <span class='ocrx_word' id='word_1_706' title='bbox 3712 4230 3834 4268; x_wconf 88' lang='lat' dir='ltr'>non</span> 
     </span>
    </p>
   </div>
   <div class='ocr_carea' id='block_1_104' title="bbox 2192 4304 3834 4382">
    <p class='ocr_par' dir='ltr' id='par_1_104' title="bbox 2192 4304 3834 4382">
     <span class='ocr_line' id='line_1_105' title="bbox 2192 4304 3834 4382; baseline -0.005 -17"><span class='ocrx_word' id='word_1_707' title='bbox 2192 4316 2422 4382; x_wconf 83' lang='lat' dir='ltr'>potum.</span> <span class='ocrx_word' id='word_1_708' title='bbox 2453 4327 2574 4365; x_wconf 86' lang='lat' dir='ltr'>non</span> <span class='ocrx_word' id='word_1_709' title='bbox 2605 4310 2822 4375; x_wconf 91' lang='lat' dir='ltr'>cibum,</span> <span class='ocrx_word' id='word_1_710' title='bbox 2866 4326 2984 4363; x_wconf 91' lang='lat' dir='ltr'>non</span> <span class='ocrx_word' id='word_1_711' title='bbox 3045 4307 3371 4380; x_wconf 88' lang='lat' dir='ltr'>quidquam</span> <span class='ocrx_word' id='word_1_712' title='bbox 3412 4304 3576 4361; x_wconf 89' lang='lat' dir='ltr'>aliud</span> <span class='ocrx_word' id='word_1_713' title='bbox 3628 4319 3834 4359; x_wconf 90' lang='lat' dir='ltr'>eorum</span> 
     </span>
    </p>
   </div>
   <div class='ocr_carea' id='block_1_105' title="bbox 2195 4393 3838 4471">
    <p class='ocr_par' dir='ltr' id='par_1_105' title="bbox 2195 4393 3838 4471">
     <span class='ocr_line' id='line_1_106' title="bbox 2195 4393 3838 4471; baseline -0.006 -15"><span class='ocrx_word' id='word_1_714' title='bbox 2195 4417 2324 4471; x_wconf 65' lang='lat' dir='ltr'>quae</span> <span class='ocrx_word' id='word_1_715' title='bbox 2351 4399 2424 4455; x_wconf 88' lang='lat' dir='ltr'>ad</span> <span class='ocrx_word' id='word_1_716' title='bbox 2455 4416 2596 4454; x_wconf 92' lang='lat' dir='ltr'>usus</span> <span class='ocrx_word' id='word_1_717' title='bbox 2621 4399 2882 4470; x_wconf 89' lang='lat' dir='ltr'>corporis</span> <span class='ocrx_word' id='word_1_718' title='bbox 2917 4403 3053 4453; x_wconf 91' lang='lat' dir='ltr'>sunt</span> <span class='ocrx_word' id='word_1_719' title='bbox 3109 4395 3444 4452; x_wconf 89' lang='lat' dir='ltr'>necessaria</span> <span class='ocrx_word' id='word_1_720' title='bbox 3476 4412 3489 4449; x_wconf 92' lang='lat'>:</span> <span class='ocrx_word' id='word_1_721' title='bbox 3543 4393 3645 4449; x_wconf 89' lang='lat' dir='ltr'>sed</span> <span class='ocrx_word' id='word_1_722' title='bbox 3678 4393 3838 4466; x_wconf 87' lang='lat' dir='ltr'>leges</span> 
     </span>
    </p>
   </div>
   <div class='ocr_carea' id='block_1_106' title="bbox 2199 4482 3838 4560">
    <p class='ocr_par' dir='ltr' id='par_1_106' title="bbox 2199 4482 3838 4560">
     <span class='ocr_line' id='line_1_107' title="bbox 2199 4482 3838 4560; baseline -0.005 -16"><span class='ocrx_word' id='word_1_723' title='bbox 2199 4495 2256 4544; x_wconf 90' lang='lat' dir='ltr'>et</span> <span class='ocrx_word' id='word_1_724' title='bbox 2285 4489 2522 4544; x_wconf 87' lang='lat' dir='ltr'>oracula</span> <span class='ocrx_word' id='word_1_725' title='bbox 2549 4493 2768 4552; x_wconf 86' lang='lat' dir='ltr'>vatum,</span> <span class='ocrx_word' id='word_1_726' title='bbox 2804 4487 3078 4560; x_wconf 82' lang='lat' dir='ltr'>hymnos,</span> <span class='ocrx_word' id='word_1_727' title='bbox 3111 4493 3288 4558; x_wconf 87' lang='lat' dir='ltr'>atque</span> <span class='ocrx_word' id='word_1_728' title='bbox 3322 4485 3439 4540; x_wconf 86' lang='lat' dir='ltr'>alia</span> <span class='ocrx_word' id='word_1_729' title='bbox 3460 4484 3676 4556; x_wconf 90' lang='lat' dir='ltr'>quibus</span> <span class='ocrx_word' id='word_1_730' title='bbox 3732 4482 3838 4537; x_wconf 85' lang='lat' dir='ltr'>Dei</span> 
     </span>
    </p>
   </div>
   <div class='ocr_carea' id='block_1_107' title="bbox 1012 4563 2067 4650">
    <p class='ocr_par' dir='ltr' id='par_1_107' title="bbox 1012 4563 2067 4645">
     <span class='ocr_line' id='line_1_108' title="bbox 1012 4563 2067 4645; baseline -0.003 -21"><span class='ocrx_word' id='word_1_731' title='bbox 1012 4571 1235 4645; x_wconf 71' lang='grc' dir='ltr'>ὲαπέρας</span> <span class='ocrx_word' id='word_1_732' title='bbox 1284 4567 1563 4640; x_wconf 78' lang='grc' dir='ltr'>διάστημα</span> <span class='ocrx_word' id='word_1_733' title='bbox 1623 4567 1836 4640; x_wconf 88' lang='grc' dir='ltr'>σύμπαν</span> <span class='ocrx_word' id='word_1_734' title='bbox 1893 4563 2067 4622; x_wconf 72' lang='grc' dir='ltr'>αὺτοῖς</span> 
     </span>
    </p>
   </div>
   <div class='ocr_carea' id='block_1_108' title="bbox 2181 4563 3836 4650">
    <p class='ocr_par' dir='ltr' id='par_1_108' title="bbox 2192 4567 3836 4650">
     <span class='ocr_line' id='line_1_109' title="bbox 2192 4567 3836 4650; baseline -0.005 -17"><span class='ocrx_word' id='word_1_735' title='bbox 2192 4567 2448 4650; x_wconf 84' lang='lat' dir='ltr'>cognitio</span> <span class='ocrx_word' id='word_1_736' title='bbox 2511 4584 2566 4631; x_wconf 92' lang='lat' dir='ltr'>et</span> <span class='ocrx_word' id='word_1_737' title='bbox 2597 4577 2792 4632; x_wconf 87' lang='lat' dir='ltr'>cultus</span> <span class='ocrx_word' id='word_1_738' title='bbox 2845 4583 3131 4646; x_wconf 81' lang='lat' dir='ltr'>augentur</span> <span class='ocrx_word' id='word_1_739' title='bbox 3203 4582 3380 4646; x_wconf 89' lang='lat' dir='ltr'>atque</span> <span class='ocrx_word' id='word_1_740' title='bbox 3425 4574 3836 4646; x_wconf 82' lang='lat' dir='ltr'>perﬁciuntur.</span> 
     </span>
    </p>
   </div>
   <div class='ocr_carea' id='block_1_109' title="bbox 2192 4665 3836 4737">
    <p class='ocr_par' dir='ltr' id='par_1_109' title="bbox 2192 4665 3836 4737">
     <span class='ocr_line' id='line_1_110' title="bbox 2192 4665 3836 4737; baseline -0.004 -16"><span class='ocrx_word' id='word_1_741' title='bbox 2192 4666 2486 4737; x_wconf 87' lang='lat' dir='ltr'>Quidquid</span> <span class='ocrx_word' id='word_1_742' title='bbox 2518 4673 2609 4721; x_wconf 87' lang='lat' dir='ltr'>est</span> <span class='ocrx_word' id='word_1_743' title='bbox 2638 4665 2710 4721; x_wconf 89' lang='lat' dir='ltr'>ab</span> <span class='ocrx_word' id='word_1_744' title='bbox 2741 4682 2955 4721; x_wconf 85' lang='lat' dir='ltr'>aurora</span> <span class='ocrx_word' id='word_1_745' title='bbox 2985 4667 3057 4720; x_wconf 92' lang='lat' dir='ltr'>ad</span> <span class='ocrx_word' id='word_1_746' title='bbox 3083 4679 3388 4735; x_wconf 87' lang='lat' dir='ltr'>vesperam</span> <span class='ocrx_word' id='word_1_747' title='bbox 3438 4679 3627 4733; x_wconf 90' lang='lat' dir='ltr'>usque</span> <span class='ocrx_word' id='word_1_748' title='bbox 3679 4666 3836 4715; x_wconf 87' lang='lat' dir='ltr'>tem-</span> 
     </span>
    </p>
   </div>
   <div class='ocr_carea' id='block_1_110' title="bbox 2192 4749 3839 4828">
    <p class='ocr_par' dir='ltr' id='par_1_110' title="bbox 2192 4749 3839 4828">
     <span class='ocr_line' id='line_1_111' title="bbox 2192 4749 3839 4828; baseline -0.005 -18"><span class='ocrx_word' id='word_1_749' title='bbox 2192 4756 2460 4828; x_wconf 92' lang='lat' dir='ltr'>poris,id</span> <span class='ocrx_word' id='word_1_750' title='bbox 2519 4771 2694 4810; x_wconf 93' lang='lat' dir='ltr'>omne</span> <span class='ocrx_word' id='word_1_751' title='bbox 2743 4755 2816 4809; x_wconf 87' lang='lat' dir='ltr'>iis</span> <span class='ocrx_word' id='word_1_752' title='bbox 2874 4753 3401 4808; x_wconf 79' lang='lat' dir='ltr'>exercitationibus</span> <span class='ocrx_word' id='word_1_753' title='bbox 3448 4749 3839 4822; x_wconf 88' lang='lat' dir='ltr'>impenditur.</span> 
     </span>
    </p>
   </div>
   <div class='ocr_carea' id='block_1_111' title="bbox 2193 4840 3841 4916">
    <p class='ocr_par' dir='ltr' id='par_1_111' title="bbox 2193 4840 3841 4916">
     <span class='ocr_line' id='line_1_112' title="bbox 2193 4840 3841 4916; baseline -0.007 -15"><span class='ocrx_word' id='word_1_754' title='bbox 2193 4847 2399 4901; x_wconf 88' lang='lat' dir='ltr'>Sacras</span> <span class='ocrx_word' id='word_1_755' title='bbox 2433 4844 2592 4898; x_wconf 91' lang='lat' dir='ltr'>enim</span> <span class='ocrx_word' id='word_1_756' title='bbox 2624 4844 2869 4898; x_wconf 88' lang='lat' dir='ltr'>Litteras</span> <span class='ocrx_word' id='word_1_757' title='bbox 2891 4843 3153 4916; x_wconf 83' lang='lat' dir='ltr'>legentes</span> <span class='ocrx_word' id='word_1_758' title='bbox 3171 4840 3610 4913; x_wconf 88' lang='lat' dir='ltr'>philosophiam</span> <span class='ocrx_word' id='word_1_759' title='bbox 3642 4842 3841 4908; x_wconf 87' lang='lat' dir='ltr'>pater-</span> 
     </span>
    </p>
   </div>
   <div class='ocr_carea' id='block_1_112' title="bbox 2193 4926 3842 5000">
    <p class='ocr_par' dir='ltr' id='par_1_112' title="bbox 2193 4926 3842 5000">
     <span class='ocr_line' id='line_1_113' title="bbox 2193 4926 3842 5000; baseline -0.008 -10"><span class='ocrx_word' id='word_1_760' title='bbox 2193 4951 2331 4990; x_wconf 90' lang='lat' dir='ltr'>nam</span> <span class='ocrx_word' id='word_1_761' title='bbox 2364 4938 2662 4988; x_wconf 81' lang='lat' dir='ltr'>exercent.</span> <span class='ocrx_word' id='word_1_762' title='bbox 2693 4932 3134 4988; x_wconf 88' lang='lat' dir='ltr'>Continentiam</span> <span class='ocrx_word' id='word_1_763' title='bbox 3169 4937 3453 5000; x_wconf 85' lang='lat' dir='ltr'>tanquam</span> <span class='ocrx_word' id='word_1_764' title='bbox 3485 4926 3842 4981; x_wconf 81' lang='lat' dir='ltr'>fundamen-</span> 
     </span>
    </p>
   </div>
   <div class='ocr_carea' id='block_1_113' title="bbox 2193 5014 3841 5090">
    <p class='ocr_par' dir='ltr' id='par_1_113' title="bbox 2193 5014 3841 5090">
     <span class='ocr_line' id='line_1_114' title="bbox 2193 5014 3841 5090; baseline -0.007 -12"><span class='ocrx_word' id='word_1_765' title='bbox 2193 5024 2403 5079; x_wconf 91' lang='lat' dir='ltr'>tumin</span> <span class='ocrx_word' id='word_1_766' title='bbox 2438 5023 2636 5078; x_wconf 88' lang='lat' dir='ltr'>animo</span> <span class='ocrx_word' id='word_1_767' title='bbox 2671 5039 2774 5076; x_wconf 93' lang='lat' dir='ltr'>suo</span> <span class='ocrx_word' id='word_1_768' title='bbox 2797 5021 3016 5085; x_wconf 87' lang='lat' dir='ltr'>locant,</span> <span class='ocrx_word' id='word_1_769' title='bbox 3069 5035 3362 5090; x_wconf 87' lang='lat' dir='ltr'>superque</span> <span class='ocrx_word' id='word_1_770' title='bbox 3403 5032 3533 5070; x_wconf 88' lang='lat' dir='ltr'>eam</span> <span class='ocrx_word' id='word_1_771' title='bbox 3578 5014 3841 5084; x_wconf 85' lang='lat' dir='ltr'>reliquas</span> 
     </span>
    </p>
   </div>
   <div class='ocr_carea' id='block_1_114' title="bbox 2196 5105 3845 5175">
    <p class='ocr_par' dir='ltr' id='par_1_114' title="bbox 2196 5105 3845 5175">
     <span class='ocr_line' id='line_1_115' title="bbox 2196 5105 3845 5175; baseline -0.008 -7"><span class='ocrx_word' id='word_1_772' title='bbox 2196 5117 2514 5168; x_wconf 80' lang='lat' dir='ltr'>exstruunt</span> <span class='ocrx_word' id='word_1_773' title='bbox 2543 5113 2811 5165; x_wconf 90' lang='lat' dir='ltr'>virtutes.</span> <span class='ocrx_word' id='word_1_774' title='bbox 2846 5113 3024 5164; x_wconf 85' lang='lat' dir='ltr'>Nemo</span> <span class='ocrx_word' id='word_1_775' title='bbox 3059 5123 3265 5163; x_wconf 88' lang='lat' dir='ltr'>eorum</span> <span class='ocrx_word' id='word_1_776' title='bbox 3314 5105 3512 5160; x_wconf 86' lang='lat' dir='ltr'>cibum</span> <span class='ocrx_word' id='word_1_777' title='bbox 3571 5109 3845 5175; x_wconf 87' lang='lat' dir='ltr'>potumve</span> 
     </span>
    </p>
   </div>
   <div class='ocr_carea' id='block_1_115' title="bbox 2193 5191 3843 5272">
    <p class='ocr_par' dir='ltr' id='par_1_115' title="bbox 2193 5191 3843 5272">
     <span class='ocr_line' id='line_1_116' title="bbox 2193 5191 3843 5272; baseline -0.007 -15"><span class='ocrx_word' id='word_1_778' title='bbox 2193 5207 2388 5272; x_wconf 84' lang='lat' dir='ltr'>gustat</span> <span class='ocrx_word' id='word_1_779' title='bbox 2419 5208 2553 5256; x_wconf 88' lang='lat' dir='ltr'>ante</span> <span class='ocrx_word' id='word_1_780' title='bbox 2605 5200 2749 5255; x_wconf 88' lang='lat' dir='ltr'>solis</span> <span class='ocrx_word' id='word_1_781' title='bbox 2799 5215 3094 5253; x_wconf 85' lang='lat' dir='ltr'>occasum.</span> <span class='ocrx_word' id='word_1_782' title='bbox 3146 5195 3376 5251; x_wconf 88' lang='lat' dir='ltr'>Etenim</span> <span class='ocrx_word' id='word_1_783' title='bbox 3436 5191 3843 5266; x_wconf 89' lang='lat' dir='ltr'>philosophari</span> 
     </span>
    </p>
   </div>
   <div class='ocr_carea' id='block_1_116' title="bbox 2195 5283 3847 5364">
    <p class='ocr_par' dir='ltr' id='par_1_116' title="bbox 2195 5283 3847 5364">
     <span class='ocr_line' id='line_1_117' title="bbox 2195 5283 3847 5364; baseline -0.007 -17"><span class='ocrx_word' id='word_1_784' title='bbox 2195 5293 2441 5364; x_wconf 87' lang='lat' dir='ltr'>dignum</span> <span class='ocrx_word' id='word_1_785' title='bbox 2476 5291 2606 5346; x_wconf 89' lang='lat' dir='ltr'>luce</span> <span class='ocrx_word' id='word_1_786' title='bbox 2637 5294 2866 5361; x_wconf 88' lang='lat' dir='ltr'>putant,</span> <span class='ocrx_word' id='word_1_787' title='bbox 2919 5287 3196 5342; x_wconf 85' lang='lat' dir='ltr'>tenebras</span> <span class='ocrx_word' id='word_1_788' title='bbox 3228 5284 3490 5356; x_wconf 89' lang='lat' dir='ltr'>corporis</span> <span class='ocrx_word' id='word_1_789' title='bbox 3521 5283 3847 5338; x_wconf 88' lang='lat' dir='ltr'>necessita-</span> 
     </span>
    </p>
   </div>
   <div class='ocr_carea' id='block_1_117' title="bbox 2195 5371 3850 5451">
    <p class='ocr_par' dir='ltr' id='par_1_117' title="bbox 2195 5371 3850 5451">
     <span class='ocr_line' id='line_1_118' title="bbox 2195 5371 3850 5451; baseline -0.007 -14"><span class='ocrx_word' id='word_1_790' title='bbox 2195 5383 2360 5436; x_wconf 86' lang='lat' dir='ltr'>tibus</span> <span class='ocrx_word' id='word_1_791' title='bbox 2393 5395 2738 5451; x_wconf 85' lang='lat' dir='ltr'>congruere.</span> <span class='ocrx_word' id='word_1_792' title='bbox 2775 5376 3024 5442; x_wconf 90' lang='lat' dir='ltr'>Quidam</span> <span class='ocrx_word' id='word_1_793' title='bbox 3057 5375 3320 5430; x_wconf 72' lang='lat' dir='ltr'>scientim</span> <span class='ocrx_word' id='word_1_794' title='bbox 3352 5373 3672 5429; x_wconf 84' lang='lat' dir='ltr'>ardentiori</span> <span class='ocrx_word' id='word_1_795' title='bbox 3700 5371 3850 5427; x_wconf 91' lang='lat' dir='ltr'>desi-</span> 
     </span>
    </p>
   </div>
   <div class='ocr_carea' id='block_1_118' title="bbox 2195 5462 3849 5536">
    <p class='ocr_par' dir='ltr' id='par_1_118' title="bbox 2195 5462 3849 5536">
     <span class='ocr_line' id='line_1_119' title="bbox 2195 5462 3849 5536; baseline -0.006 -10"><span class='ocrx_word' id='word_1_796' title='bbox 2195 5471 2360 5526; x_wconf 88' lang='lat' dir='ltr'>derio</span> <span class='ocrx_word' id='word_1_797' title='bbox 2383 5468 2868 5524; x_wconf 82' lang='lat' dir='ltr'>alimentatertio</span> <span class='ocrx_word' id='word_1_798' title='bbox 2893 5470 3119 5521; x_wconf 86' lang='lat' dir='ltr'>tantum</span> <span class='ocrx_word' id='word_1_799' title='bbox 3138 5480 3372 5536; x_wconf 87' lang='lat' dir='ltr'>quoque</span> <span class='ocrx_word' id='word_1_800' title='bbox 3397 5462 3849 5519; x_wconf 87' lang='lat' dir='ltr'>dieadmittunt.</span> 
     </span>
    </p>
   </div>
   <div class='ocr_carea' id='block_1_119' title="bbox 2193 5552 3848 5627">
    <p class='ocr_par' dir='ltr' id='par_1_119' title="bbox 2193 5552 3848 5627">
     <span class='ocr_line' id='line_1_120' title="bbox 2193 5552 3848 5627; baseline -0.005 -13"><span class='ocrx_word' id='word_1_801' title='bbox 2193 5559 2307 5615; x_wconf 81' lang='lat' dir='ltr'>Alii</span> <span class='ocrx_word' id='word_1_802' title='bbox 2341 5564 2576 5614; x_wconf 87' lang='lat' dir='ltr'>tantum</span> <span class='ocrx_word' id='word_1_803' title='bbox 2602 5557 2823 5612; x_wconf 66' lang='lat' dir='ltr'>laetitia:</span> <span class='ocrx_word' id='word_1_804' title='bbox 2855 5573 2923 5611; x_wconf 90' lang='lat' dir='ltr'>ac</span> <span class='ocrx_word' id='word_1_805' title='bbox 2945 5555 3261 5627; x_wconf 87' lang='lat' dir='ltr'>voluptatis</span> <span class='ocrx_word' id='word_1_806' title='bbox 3293 5553 3486 5610; x_wconf 89' lang='lat' dir='ltr'>studio</span> <span class='ocrx_word' id='word_1_807' title='bbox 3541 5552 3848 5626; x_wconf 72' lang='lat' dir='ltr'>sapientiae</span> 
     </span>
    </p>
   </div>
   <div class='ocr_carea' id='block_1_120' title="bbox 2193 5640 3850 5719">
    <p class='ocr_par' dir='ltr' id='par_1_120' title="bbox 2193 5640 3850 5719">
     <span class='ocr_line' id='line_1_121' title="bbox 2193 5640 3850 5719; baseline -0.007 -14"><span class='ocrx_word' id='word_1_808' title='bbox 2193 5647 2580 5705; x_wconf 88' lang='lat' dir='ltr'>immorando</span> <span class='ocrx_word' id='word_1_809' title='bbox 2609 5646 2966 5719; x_wconf 91' lang='lat' dir='ltr'>percipiunt,</span> <span class='ocrx_word' id='word_1_810' title='bbox 2983 5643 3219 5702; x_wconf 89' lang='lat' dir='ltr'>abunde</span> <span class='ocrx_word' id='word_1_811' title='bbox 3251 5643 3534 5701; x_wconf 63' lang='lat' dir='ltr'>doctrinas</span> <span class='ocrx_word' id='word_1_812' title='bbox 3567 5640 3850 5714; x_wconf 85' lang='lat' dir='ltr'>suppedi-</span> 
     </span>
    </p>
   </div>
  </div>
