4186 6198
420 305 532 368 391

1782 287 2103 351 GEORGII
2149 284 2484 347 CEDRENI

3716 281 3835 343 392

420 424 617 511 tantis,
651 447 714 497 ut
769 457 838 496 eo
879 437 1056 493 veluti
1113 433 1374 491 convivio
1421 428 1643 487 detenti
1690 442 1843 499 aegre
1892 430 2055 481 sexto

2182 422 2318 511 ιίονα
2359 420 2560 511 χρόνον
2617 420 2890 502 ἀντέχειν,
2945 419 3109 511 μόγις
3153 422 3242 494 [Ρ.
3295 422 3424 494 201]
3480 416 3552 475 δι’
3609 421 3835 494 ἡμερῶν

419 532 659 589 demum
681 531 775 585 die
806 529 1003 584 cibum
1034 540 1268 581 sumere
1326 519 1714 578 assueverint.
1772 516 2063 571 Caeterum

417 622 751 678 divinorum
807 616 1184 673 oraculorum
1243 611 1536 684 eXpositio
1594 624 1699 680 per
1727 604 2064 685 allegorias,

420 729 567 785 quas
590 706 895 775 vocant,ab
922 705 995 760 iis
1025 704 1111 767 ﬁt,
1143 718 1276 758 cum
1308 706 1498 756 tectus
1555 697 1869 753 verborum
1925 710 2059 749 sen-

418 818 517 857 sus
548 798 802 855 elicitur.
835 798 977 850 Tota
1005 793 1162 849 enim
1223 792 1316 847 lex
1366 805 1534 846 sacra
1590 788 1664 843 iis
1721 784 2064 841 hominibus

417 888 645 943 videtur
666 884 913 941 animali
947 882 1178 948 similis,
1213 880 1383 951 cujus
1416 893 1632 949 corpus
1681 871 1859 930 verba
1912 872 2064 927 refe-

417 983 571 1045 rant,
604 975 868 1031 animam
898 978 1118 1039 autem,
1155 970 1255 1042 qui
1288 968 1524 1024 abditus
1554 964 1662 1021 sub
1695 964 1765 1019 iis
1816 976 2063 1032 conspe-

418 1075 577 1125 ctum
608 1066 756 1137 fugit
786 1065 938 1122 353
974 1078 1205 1118 sensus.
1238 1058 1456 1115 Eadem
1504 1061 1593 1113 est
1639 1059 1699 1110 et
1763 1066 2066 1109 sacrarum

420 1158 739 1214 mulierum
787 1151 1178 1209 conversatio.
1223 1149 1531 1219 Pleraeque
1591 1159 1796 1200 earum
1854 1138 2066 1196 vetula)

413 1250 542 1321 jam
599 1245 995 1318 virginitatem
1042 1256 1163 1297 non
1244 1243 1481 1307 coactae,
1542 1233 1716 1291 sicuti
1794 1229 2067 1304 qumdam

421 1337 578 1410 apud
596 1338 828 1393 Graecos
849 1330 1184 1388 sacerdotes
1203 1331 1634 1384 momentaneaa
1651 1321 1845 1378 laudis
1867 1335 2065 1384 causa,

423 1426 527 1484 sed
567 1424 836 1480 instituto
867 1421 1021 1477 bono
1046 1436 1113 1475 ac
1143 1417 1468 1489 cupiditate
1499 1414 1836 1470 futurorum
1889 1414 2067 1479 atque

423 1521 782 1572 aeternorum
811 1511 1101 1568 bonorum
1133 1508 1576 1564 conservarunt.

498 1608 739 1661 Constat
790 1608 989 1659 autem
1038 1599 1350 1655 Philonem
1404 1596 1531 1651 hare
1584 1590 1914 1664 scripsisse,
1953 1602 2068 1658 quo

427 1702 691 1767 tempore
747 1692 1007 1765 primum
1060 1686 1358 1760 Evangelii
1392 1682 1755 1757 praeconium
1803 1678 2070 1750 divulga-

428 1793 553 1842 tum
583 1790 689 1850 ost,
722 1800 857 1839 cum
915 1770 1187 1836 instituta
1237 1775 1640 1848 apostolorum
1699 1771 1893 1843 prima
1943 1768 2068 1840 ipse

422 1876 682 1932 vidisset.
732 1873 914 1943 quue
972 1868 1261 1925 Eusebius
1310 1866 1372 1921 in
1414 1861 1663 1920 Historia
1706 1859 2070 1915 ecclesiastica

422 1971 479 2019 et
509 1963 584 2019 ad
613 1962 901 2017 Marinum
965 1958 1230 2013 scribens
1286 1958 1581 2009 testatur:
1624 1949 1845 2006 Eodem
1896 1945 2071 2002 modo

424 2054 605 2108 etiam
635 2065 886 2121 magnus
916 2048 1017 2102 ille
1050 2044 1408 2101 Athanasius
1448 2039 1673 2096 scribit.
1709 2039 1852 2093 Cum
1888 2036 2071 2103 enim,

425 2140 642 2212 inquit,
665 2140 781 2194 duo
811 2139 932 2193 sint
960 2138 1091 2191 vitae
1123 2150 1359 2207 genera,
1422 2130 1720 2187 mediocre
1772 2142 1982 2190 unum,
2016 2130 2075 2179 et

428 2230 703 2288 humana:
735 2228 866 2283 vita)
898 2224 1429 2290 accommodatum,
1462 2220 1619 2293 quod
1652 2224 1743 2274 est
1773 2218 1834 2272 in
1861 2215 2070 2271 matri-

435 2321 636 2378 monio
671 2336 683 2374 :
717 2318 970 2373 alterum
1001 2314 1335 2385 angelicum
1367 2316 1425 2367 et
1466 2308 1858 2381 apostolicum
1897 2310 2075 2376 atque

437 2407 908 2480 incomparabile
939 2405 1099 2476 quod
1132 2408 1221 2458 est
1249 2400 1601 2474 virginitatis
1642 2402 1819 2468 atque
1869 2409 2077 2450 mona-

437 2499 765 2565 stictevitaa,
790 2497 839 2552 si
862 2495 995 2566 quis
1044 2509 1185 2549 sane
1217 2489 1608 2553 mundanum,
1644 2486 1702 2542 id
1732 2490 1822 2540 est
1858 2483 2077 2555 conju-

433 2589 534 2662 gii,
565 2589 867 2658 ingressus
887 2580 1422 2653 fuerit,culpandus
1443 2595 1564 2634 non
1588 2575 1861 2642 est,dona
1881 2579 2080 2629 tamen

434 2684 597 2735 tanta
628 2694 749 2732 non
798 2673 1086 2746 accipiet:
1144 2672 1396 2741 accipiet
1433 2675 1654 2733 tamen,
1714 2665 1855 2735 quia
1884 2664 1935 2719 is
1993 2666 2083 2717 est

434 2768 535 2838 qui
567 2764 958 2838 trigecuplum
982 2762 1239 2818 fructum
1265 2761 1393 2813 fert.
1420 2757 1582 2823 Quod
1611 2756 1659 2810 si
1689 2755 1823 2825 quis
1852 2758 2081 2808 castum

433 2855 583 2911 illud
614 2853 956 2923 mundoque
988 2848 1260 2922 superius
1290 2847 1706 2918 amplectatur,
1751 2840 1987 2898 tametsi
2021 2838 2082 2894 id

436 2943 727 3016 principio
759 2956 1036 3013 asperum
1066 2945 1241 3009 atque
1275 2936 1514 2991 difficile
1566 2933 1852 2995 videatur,
1885 2937 2083 2986 tamen

436 3033 697 3105 legitime
728 3030 995 3087 confecto
1026 3027 1348 3085 certamine
1384 3025 1766 3094 toleratisque
1800 3017 2083 3077 aerumnis

435 3123 590 3179 dona
619 3124 1015 3191 consequetur
1044 3119 1268 3190 majore
1303 3115 1479 3189 digna
1507 3108 2085 3177 admiralione;tulit

2171 504 2222 583 ἔξ
2261 510 2615 587 ἀπογεύεσθαι
2676 519 2885 591 τροφῆς
2947 510 3259 571 ἐθισθέντες.
3316 511 3383 567 Αἱ
3441 507 3500 565 δὲ
3554 508 3839 583 ἐξηγήσεις

2165 601 2450 677 τῶνὶερῶν
2507 599 2714 679 λογίων
2772 602 3014 680 γίνονται
3099 597 3282 662 αὐτοῖς
3337 596 3409 655 δι’
3463 600 3736 655 ὑπονοιῶν
3774 598 3833 655 ἐν

2169 687 2552 767 ἀλληγορίαις.
2612 695 2763 747 Πᾶσα
2840 691 2945 767 γὰρ
3021 691 3056 759 ἡ
3140 688 3433 763 νομοθεσία
3517 685 3669 744 δοκεῖ
3715 693 3835 751 τοῖς

2169 777 2388 856 ἀνδράσι
2442 780 2658 843 τούτοις
2709 782 2835 854 ζώῳ
2891 779 3145 850 ἱοικέναῖ,
3198 779 3288 835 καὶ
3345 781 3508 854 σῶμα
3540 781 3637 854 μὲν
3685 772 3833 855 ἔχειν

2166 868 2263 931 τὰς
2326 868 2496 946 ῥητὰς
2583 867 2849 943 διαλέξεις
2884 915 2899 942 ,
2972 870 3157 944 ψυχήν
3217 866 3276 924 δὲ
3323 870 3415 925 τὸν
3467 869 3830 942 ἀποκείμενον

2168 963 2287 1022 ταῖς
2317 957 2521 1031 λέεεσιν
2576 959 2803 1032 ἀόρατον
2862 962 3009 1017 νοῦν,
3060 957 3335 1021 Ὡσαύτως
3395 955 3454 1012 δὲ
3502 965 3603 1027 τῆς
3658 957 3834 1026 αὐτῆς

2170 1048 2302 1104 εἰσιν
2357 1048 2505 1122 ἱερᾶς
2562 1047 2845 1111 πολιτείας
2908 1047 3001 1103 καὶ
3050 1048 3423 1110 καταστάσεως
3498 1046 3586 1102 καὶ
3642 1051 3835 1122 γυναῖ-

2168 1158 2282 1205 κες,
2315 1138 2389 1192 ὧν
2420 1138 2474 1192 αἱ
2518 1135 2769 1193 πλεῖσται
2824 1135 3091 1212 γῆραλέαι
3146 1137 3485 1215 τυγχάνουσι
3541 1135 3633 1191 καὶ
3688 1154 3835 1211 παρ-

2173 1226 2317 1282 θένοι
2371 1225 2462 1280 καὶ
2512 1226 2612 1295 τῆν
2696 1224 2913 1302 ἁγνείαν
2968 1222 3067 1280 οὐκ
3115 1225 3347 1301 ἀνάγκη,
3400 1225 3641 1300 καθάπερ
3699 1218 3835 1279 ἔνιαι

2172 1320 2279 1371 τῶν
2313 1316 2440 1389 παρ’
2466 1311 2740 1386 Ἕλλησιν
2799 1315 3035 1390 ἱερειῶν,
3099 1314 3400 1393 φυλάξασαι
3441 1311 3532 1369 διὰ
3574 1312 3840 1389 πρόσκαι-

2174 1423 2269 1480 ρον
2295 1398 2538 1473 ἔπαινον,
2568 1401 2697 1459 ἀλλ’
2726 1401 2786 1459 ἐκ
2815 1402 3183 1478 προαιρέσεως
3240 1402 3454 1481 ἀγαθῆς
3523 1402 3838 1480 ὀρεχθεῖσαι

2170 1492 2238 1548 τὰ
2270 1488 2545 1565 μέλλοντα
2574 1492 2751 1568 ἀγαθᾶ
2781 1492 2873 1548 καὶ
2904 1493 3121 1548 αίώνια.

2242 1584 2369 1639 Ὅτι
2422 1579 2481 1637 δὶ
2533 1582 2659 1645 τοὺς
2739 1582 2994 1657 πρώτους
3070 1583 3312 1654 κήρυκας
3403 1589 3504 1652 τῆς
3580 1582 3717 1637 κατὰ
3773 1583 3836 1638 τὸ

2177 1669 2515 1748 Εὐαγγὲλιον
2576 1667 2927 1733 διδασκαλίας
3004 1670 3071 1726 τά
3127 1691 3185 1727 τε
3242 1671 3483 1748 ἀρχῆθεν
3540 1672 3679 1745 πρὸς
3726 1672 3837 1727 τῶν

2173 1759 2486 1816 ἀποστόλον
2546 1758 2959 1837 παραδεδομένα
3014 1754 3110 1831 ἔθη
3178 1756 3513 1818 καταλαϐὼν
3566 1762 3595 1817 ὃ
3641 1759 3834 1816 Φίλων

2174 1845 2375 1927 ἔγραψε
2412 1850 2602 1921 ταῦτα,
2633 1852 2793 1906 παντί
2851 1871 2956 1905 που
3014 1847 3206 1920 δῆλον,
3267 1851 3343 1912 ὡς
3394 1851 3484 1907 καὶ
3546 1845 3836 1912 Εὐσέϐειος

2171 1940 2226 1994 ἐν
2281 1942 2349 2012 τῇ
2438 1938 2899 2014 Ἐκκλησιαστικῇ
2992 1938 3209 2014 ἱστορίᾳ
3296 1943 3465 1995 ταῦτα
3526 1938 3697 2017 λέγει.
3758 1940 3825 1997 Ὀ

2175 2027 2337 2091 αὐτὸς
2390 2025 2448 2083 δὲ
2506 2028 2596 2083 καὶ
2638 2027 2691 2082 ἐν
2739 2034 2856 2091 τοῖς
2912 2029 3046 2100 πρὸς
3110 2030 3359 2104 Μαρῖνον
3414 2028 3584 2084 ταῦτα
3640 2049 3829 2108 φησιν.

2174 2117 2448 2179 Ὡσαύτως
2502 2118 2592 2173 καὶ
2654 2118 2683 2173 ὁ
2745 2117 2910 2195 μὲγας
2982 2118 3306 2181 Ἀθανάσιὸς
3362 2137 3514 2198 eum:
3578 2115 3678 2174 δύο
3726 2118 3833 2195 γὰρ

2177 2203 2318 2261 ὁδῶν
2375 2206 2463 2262 καὶ
2519 2204 2819 2261 πολιτειῶν
2879 2206 3055 2262 οὐσῶν
3125 2206 3180 2262 ἐν
3225 2212 3303 2280 τῷ
3364 2206 3492 2284 βίῳ,
3553 2212 3679 2282 μιᾶς
3741 2208 3838 2281 μὶν

2183 2297 2546 2371 μετριωτέρας
2608 2296 2692 2351 καὶ
2758 2295 3076 2371 βασιλικῆς,
3132 2301 3231 2353 τοῦ
3278 2296 3459 2373 γάμου
3505 2296 3675 2373 λέγω,
3728 2296 3838 2352 ἔτί·

2181 2406 2276 2462 ρας
2307 2384 2364 2442 δὲ
2423 2383 2714 2463 ἀγγελικῆς
2770 2387 2861 2441 καὶ
2917 2385 3289 2457 ἀποστολικῆς
3346 2386 3438 2442 καὶ
3496 2381 3839 2463 ἀνυπερϐλή-

2177 2497 2299 2546 του,
2327 2483 2428 2546 τῆς
2474 2474 2764 2551 παρθενίας
2819 2476 2946 2546 ἤτοι
3001 2483 3102 2546 τῆς
3165 2473 3468 2550 μοναδικῆς
3526 2474 3835 2548 πολιτείας,

2183 2565 2229 2620 εἰ
2264 2565 2358 2639 μὲν
2386 2585 2467 2628 τις
2497 2566 2597 2635 τὴν
2625 2567 2897 2638 κοσμικὴν
2935 2565 3183 2622 τουτέστι
3237 2566 3332 2621 τὸν
3387 2565 3561 2641 γάμον
3619 2561 3834 2638 ἕλοιτο,

2187 2654 2391 2729 μέμψιν
2424 2652 2523 2708 οὐκ
2553 2651 2690 2729 ἔχει,
2721 2659 2953 2710 τοσαῦτα
2992 2650 3049 2710 δὲ
3080 2652 3397 2730 χαρίσματα
3455 2653 3517 2710 οὗ
3572 2651 3831 2728 λήψηαν

2183 2741 2420 2817 λήψεται
2475 2743 2609 2820 γὰρ,
2669 2740 2855 2813 ἐπειδὴ
2916 2742 3066 2820 φέρει
3116 2742 3208 2799 καὶ
3268 2743 3433 2805 αὐτὸς
3492 2742 3700 2818 καρπὸν
3742 2743 3837 2798 τὸν

2180 2832 2473 2905 τριάκοντα
2506 2875 2520 2891 .
2581 2832 2643 2889 Εἰ
2728 2828 2786 2888 δὲ
2868 2833 2968 2902 τὴν
3052 2833 3219 2910 ἁγνὴν
3294 2833 3386 2888 καὶ
3466 2832 3835 2908 ὕπερκόσμιον

2183 2920 2487 2976 ἆσπσὶσοιτό
2544 2941 2627 2983 τις
2662 2964 2677 2991 ,
2737 2920 2783 2976 εί
2840 2920 2929 2977 καὶ
2985 2927 3217 2997 τραχεῖα
3272 2922 3420 2997 παρᾶ
3474 2923 3574 2992 τήν
3634 2920 3832 2996 ἀρετήν

2191 3008 2428 3083 μάλιστα
2455 3010 2544 3065 καὶ
2576 3008 3019 3087 δυσκατόρθωτος
3050 3010 3375 3091 φαίνετεται,
3402 3009 3528 3067 ἀλλ’
3556 3005 3671 3087 ἔχει
3701 3010 3839 3085 μετὰ

2184 3100 2284 3169 τὴν
2316 3091 2540 3172 ἔννομον
2587 3096 2815 3170 ἄθλησιν
2869 3098 2959 3155 καὶ
3018 3100 3301 3175 καρτερίαν
3357 3098 3673 3176 χαρίσματα
3703 3100 3835 3154 θαυ·

437 3168 590 3179 unu-
621 3168 1005 3191 νων-τηκ-
1045 3168 1265 3190 --ηανη
1920 3168 1931 3177 ,

436 3213 596 3270 enim
625 3212 883 3267 fructum
913 3208 1284 3280 centuplum,
1315 3205 1645 3277 perfectum
1687 3207 1745 3257 et
1798 3197 2074 3272 plenissi-

2186 3186 2495 3262 μασιώτερα
2550 3188 2640 3243 καὶ
2718 3186 3029 3264 ἁξιάγαστα·
3117 3187 3210 3245 τὸν
3280 3188 3384 3265 γὰρ
3437 3168 3667 3244 ’τέλειον
3743 3186 3838 3242 καὶ

433 3320 621 3371 mum,
644 3299 1021 3373 splendidum
1046 3295 1287 3354 omnino
1328 3299 1506 3365 atque
1541 3296 1747 3349 sancta
1792 3288 2077 3360 dignitate

433 3390 878 3464 insignem.Quo
911 3387 1090 3460 igitur
1120 3384 1295 3441 modo
1328 3383 1576 3453 antiqua
1600 3380 1693 3436 lex
1725 3380 1785 3434 in
1811 3378 1926 3433 duo
1950 3377 2079 3432 vitm

434 3496 652 3555 genera
706 3479 819 3533 fuit
875 3476 1173 3543 distincta,
1207 3474 1462 3531 alterum
1484 3473 1641 3530 854
1673 3468 2076 3526 Pharisaicum

432 3577 494 3627 et
512 3569 787 3634 sublime,
820 3567 1074 3623 alterum
1125 3581 1193 3620 eo
1216 3562 1476 3619 deterius
1499 3566 1556 3617 et
1606 3559 1783 3632 hujus
1812 3558 1943 3612 vitae
1970 3572 2077 3612 ne-

434 3656 815 3717 cessitatibus
851 3653 1197 3720 obnoxium,
1227 3653 1310 3707 ita
1338 3657 1398 3707 et
1427 3647 1898 3706 Christianorum
1930 3661 2081 3701 nova

432 3751 530 3806 lex
559 3749 621 3804 in
642 3746 1031 3803 monasticam
1062 3760 1129 3799 ac
1159 3741 1476 3797 sublimem
1498 3744 1557 3796 et
1587 3739 1648 3795 in
1670 3737 1968 3810 vulgarem
2000 3734 2070 3788 vi-

424 3838 605 3896 vendi
637 3836 927 3892 rationem
957 3833 1257 3888 tribuitur.

503 3908 787 3968 Pharisaei
817 3922 1037 3962 nomen
1093 3922 1129 3960 a
1184 3902 1557 3976 separatione
1615 3899 1856 3967 habent,
1920 3894 2079 3968 quod

432 4017 561 4057 sese
586 3998 658 4055 ab
691 3996 969 4053 omnibus
1016 3993 1149 4051 aliis
1199 3992 1623 4064 sejunxissent,
1665 3993 1730 4043 ut
1759 3987 1937 4042 vitam
1968 4002 2075 4057 pu-

433 4089 732 4145 rissimam
791 4091 969 4157 atque
1023 4081 1531 4139 accuratissimam
1566 4077 1893 4134 secundum
1936 4074 2081 4145 legis

434 4178 846 4252 praescriptum
887 4178 1129 4245 possent
1158 4189 1351 4246 agerc.
1404 4167 1680 4225 Eamdem
1737 4166 1866 4220 vitae
1898 4162 2079 4219 ratio-

435 4284 576 4323 nem
609 4266 790 4322 etiam
826 4263 975 4334 legis
998 4258 1513 4329 doctores,Scribaa
1546 4254 1707 4322 dicti,
1741 4256 2078 4309 tenuerunt.

437 4355 655 4411 Eadem
686 4353 967 4422 utrinque
1024 4349 1220 4408 studia
1249 4345 1650 4413 continentiae,
1706 4341 2079 4416 virginitatis,

423 4442 645 4517 jejunii
672 4443 763 4498 bis
793 4442 855 4495 in
900 4440 1252 4511 septimana,
1286 4435 1677 4492 sextariorum
1725 4432 2080 4504 patellarum

430 4538 606 4604 atque

431 4617 1229 4695 primitiarum,assiduarum
1246 4628 1583 4687 precum,ac
1602 4610 1834 4682 reliqua
1853 4606 2074 4665 omnia.

435 4709 729 4767 Mirabiles
759 4712 956 4765 autem
988 4707 1167 4761 Essaei
1196 4704 1267 4761 iis
1298 4703 1557 4776 potiores
1589 4706 1746 4767 sunt,
1772 4699 1873 4771 qui
1904 4697 2076 4770 longe

434 4801 528 4857 his
584 4796 969 4855 antecellunt.
997 4794 1147 4850 Sane
1178 4792 1397 4849 Paulus
1445 4789 1837 4863 pharisaicam
1875 4787 2075 4844 vitam.

434 4894 499 4944 ut
560 4884 1115 4960 praestantissimum
1174 4885 1431 4937 sectatus
1482 4877 1639 4933 haud
1669 4876 1916 4932 obscure
1946 4890 2077 4931 eam

430 4995 557 5034 rem
582 4973 1106 5049 jactat,Hebrmum
1129 4988 1191 5027 se
1224 4986 1294 5025 ex
1324 4967 1585 5024 Hebraeis
1615 4972 1674 5022 et
1714 4964 2080 5021 Pharismum

432 5066 760 5123 secundum
794 5064 984 5138 legem
1046 5061 1388 5117 nominans.
1422 5059 1626 5129 Itaque
1657 5056 1940 5111 Dominus
1971 5071 2077 5110 no-

434 5161 556 5211 ster
586 5153 1001 5227 perfectiorem
1034 5156 1093 5207 et
1139 5149 1469 5222 angelicam
1527 5148 1707 5202 vitam
1766 5144 2080 5217 perspicue

436 5244 851 5316 praescribens,
884 5242 1044 5299 haud
1081 5241 1305 5313 injuria
1362 5234 1732 5293 denuntiavit
1778 5234 2078 5291 cmlestem

437 5332 844 5388 haereditatem
900 5330 1319 5404 appetentibus
1376 5344 1477 5383 eos
1536 5326 1598 5381 in
1624 5340 1871 5398 regnum
1903 5325 2079 5381 conlo-

438 5437 572 5476 rum
596 5438 716 5476 non
753 5421 1099 5488 intraturos,
1132 5418 1247 5473 nisi
1302 5414 1595 5488 justitiam
1655 5414 1997 5469 Pharisaica
2025 5417 2085 5468 et

439 5510 776 5566 Scribarum
798 5509 1034 5581 justitia
1065 5506 1419 5580 ampliorem
1451 5502 1753 5561 consecuti
1784 5502 2064 5561 fuissent.

509 5610 531 5647 ³
559 5607 762 5666 Matth.
787 5623 840 5678 ν,
864 5610 954 5664 20.

2182 3273 2557 3352 πληρέστατον
2584 3276 2810 3349 καρπὸν,
2849 3279 2951 3348 τὴν
3012 3276 3343 3334 ἕκατοντάδα
3402 3275 3570 3354 λέγω,
3603 3273 3832 3354 φαιδρὸν

2181 3364 2273 3420 καὶ
2379 3366 2685 3441 ἁγιοπρεπῆ
2793 3365 3013 3429 πάντως
3097 3364 3481 3440 ἐγκατέστησεν
3517 3411 3531 3427 .
3624 3364 3840 3425 Οὐκοῦν

2183 3452 2365 3529 ὥσπερ
2405 3456 2434 3509 ὁ
2491 3452 2726 3519 παλαιὸς
2782 3454 2951 3530 νόμος
3009 3454 3088 3519 εἷς
3144 3452 3242 3511 δύο
3295 3456 3447 3531 βίους
3498 3456 3567 3527 ἦν
3630 3452 3839 3531 διῃρη·

2186 3545 2366 3618 μένος,
2410 3543 2486 3607 είς
2538 3565 2597 3600 τε
2646 3545 2738 3601 τὸν
2794 3545 3131 3620 Φαρισαϊκὸν
3189 3545 3281 3601 καὶ
3340 3544 3551 3619 ὑψηλὸν
3610 3545 3702 3601 καὶ
3759 3544 3841 3609 είς

2181 3634 2274 3689 τὸν
2309 3632 2691 3709 ὑποδεέστερον
2722 3635 2814 3690 καὶ
2857 3638 3149 3708 κοαμίκὸν,
3180 3633 3325 3692 οὕτω
3382 3632 3451 3704 δὴ
3517 3634 3607 3690 καὶ
3640 3635 3669 3690 ὁ
3697 3634 3837 3691 κατᾶ

2183 3723 2604 3800 χριστιανισμόν
2659 3724 2783 3786 νέος
2814 3734 3015 3798 οεσμος
3077 3724 3154 3788 είς
3212 3721 3501 3799 μοναδικὸν
3557 3723 3836 3804 ὖπεριρερῆ

2180 3815 2270 3870 καὶ
2304 3814 2583 3890 βιιυτικόν.

2254 3909 2546 3978 Φαρισαῖοι
2588 3902 2796 3975 τοίνυν,
2857 3902 3287 3980 ὲρμηνευόμενοι
3344 3903 3840 3983 ἆσωρισμὲνοικαὶ

2187 3994 2624 4069 μεμερισμένοι,
2680 3991 2829 4066 παρᾶ
2910 3992 2974 4048 τὸ
3062 3993 3299 4067 μερίζειν
3384 3993 3474 4047 καὶ
3565 3991 3845 4070 ἀφορίζειν

2184 4082 2409 4143 ἑαυτοὺς
2465 4085 2571 4136 τῶν
2660 4079 2848 4137 ἄλλων
2921 4081 3172 4137 ἁπάντων
3226 4080 3480 4157 ἐλέγοντο
3534 4082 3612 4143 εἳς
3665 4101 3725 4136 τε
3778 4081 3845 4137 τὸ

2179 4171 2400 4245 καθαρώ
2473 4190 2565 4226 τον
2622 4173 2720 4226 τοῦ
2755 4170 2877 4245 βιου
2924 4170 3011 4226 καὶ
3045 4165 3430 4245 ἀκριϐὲστατον
3486 4170 3579 4226 καὶ
3634 4169 3713 4233 είς
3770 4170 3842 4225 τὰ

2181 4264 2279 4316 τοῦ
2333 4258 2506 4333 νόμου
2573 4257 2902 4333 ἐντάλματα.
2964 4259 3072 4318 Τὸν
3131 4257 3189 4315 δὲ
3244 4259 3405 4315 αὐτὸν
3470 4258 3589 4335 βίον
3646 4256 3845 4334 μετέρ-

2186 4368 2380 4425 χονται
2412 4348 2502 4403 καὶ
2532 4349 2582 4404 οἱ
2616 4353 2984 4425 Γραμματεῖς,
3050 4350 3179 4424 παρ’
3236 4349 3323 4411 οἷς
3379 4347 3469 4405 καὶ
3524 4347 3776 4405 πολιτεία
3803 4350 3841 4419 ἡ

2183 4438 2321 4508 αὐτή
2394 4436 2684 4515 ἔγκράταισὶ
2738 4458 2796 4494 τε
2847 4436 2937 4493 καὶ
2995 4438 3277 4511 παρθενία,
3329 4437 3552 4510 νηστεία
3607 4434 3692 4502 δὶς
3743 4441 3843 4494 τοῦ

707 4528 1057 4603 poculorum
1132 4525 1475 4595 ablutionis,
1537 4520 1952 4579 decimationis
2022 4522 2074 4574 et

2192 4522 2501 4597 Σαϐὄάτου,
2531 4530 2747 4601 ξεστῶν,
2778 4527 2869 4583 καὶ
2927 4527 3192 4598 πινάκων,
3250 4526 3339 4583 καὶ
3397 4528 3680 4601 ποτηρίων
3740 4547 3841 4584 κα-

2187 4619 2469 4695 θαρισμοῖ,
2540 4616 2974 4682 ἄποδεκατώσεις
3048 4638 3107 4675 τε
3161 4616 3249 4673 καὶ
3308 4617 3557 4694 ἀπαρχαὶ
3611 4617 3701 4673 καὶ
3760 4618 3845 4673 ἒν-

2188 4705 2435 4784 δελεχεῖς
2486 4706 2695 4783 εὐχαὶ,
2751 4707 2843 4764 καὶ
2898 4709 2965 4764 τὰ
3022 4706 3192 4764 λοιπᾶ
3246 4707 3461 4776 πάντα,
3522 4707 3843 4782 ὑπεξαιρου-

2192 4797 2366 4872 μένων
2414 4793 2675 4868 δηλονότι
2731 4802 2838 4853 τῶν
2897 4796 3210 4870 θαυμασίων
3245 4796 3507 4855 Ἐσσαίων
3541 4797 3615 4859 ὡς
3676 4797 3843 4872 ὑπερ-

2184 4888 2357 4963 τέρων
2388 4884 2596 4965 σφόδρα
2628 4886 2718 4944 καὶ
2776 4885 2901 4944 λίαν
2960 4887 3382 4964 ὑπερκειμένων.
3425 4889 3527 4944 “HV
3566 4884 3634 4958 δὴ
3669 4894 3846 4959 Φαρι-

2188 4977 2381 5047 σαϊκῆν
2437 4977 2512 5039 ὡς
2587 4978 2812 5053 ἄριστον
2888 4974 3171 5033 πολιτείαν
3233 4978 3262 5032 ὁ
3315 4975 3533 5041 Παῦλος
3594 4976 3848 5047 ζηλώσας

2189 5069 2276 5141 [Ρ.
2334 5068 2460 5140 202]
2530 5066 2587 5122 εὗ
2650 5066 2803 5141 μάλα
2859 5065 3225 5140 σεμνύνεται,
3295 5065 3533 5144 φάσκων*
3594 5061 3850 5141 Ἐϐραῖος

2189 5155 2241 5228 ἕξ
2272 5151 2561 5231 Ἐϐραίων,
2603 5156 2740 5212 κατά
2796 5156 2969 5229 νόμον
3026 5161 3350 5230 Φαρισαῖος
3405 5156 3568 5221 Ὅθεν
3627 5156 3855 5218 εἰκότως

2187 5246 2333 5303 καὶὸ
2364 5245 2566 5322 Κύριος
2633 5247 2795 5319 ἡμῶν
2852 5245 2947 5300 τὸν
3007 5243 3344 5321 τελειότερον
3400 5245 3491 5300 καὶ
3564 5244 3855 5322 ἀγγελικὸν

2192 5334 2584 5409 ὑποτιθέμενος
2633 5331 2875 5410 ἐναργῶς
2937 5333 3057 5408 βίον
3113 5326 3308 5412 ἔφασκε
3372 5334 3513 5409 πρὸς
3547 5334 3681 5397 τοὺς
3734 5331 3860 5407 ἆρα-

2192 5425 2318 5486 στᾶς
2339 5430 2439 5493 τῆς
2471 5423 2729 5499 οὐρανίου
2785 5421 3151 5500 κληρουχίαςο
3186 5447 3214 5476 ε(
3248 5424 3374 5480 Ἐὰν
3411 5424 3487 5499 μή
3520 5425 3855 5500 περισσεύσῃ

2191 5514 2228 5583 ἡ
2287 5508 2612 5584 δικαιοσύνη
2669 5513 2825 5590 ὑμῶν
2910 5510 3085 5571 πλίον
3166 5516 3274 5570 τῶν
3332 5514 3704 5588 Γραμματέων
3762 5512 3856 5571 καὶ
