4194 6198
338 428 458 490 393
1469 418 1991 488 lliSTURIARUN

2103 414 2594 488 OMPENDIUM.
3638 424 3758 493 394

338 561 672 636 Φαρισαίων,
714 561 778 615 οὐ
814 563 889 633 μὴ
920 558 1198 630 εἰσέλθητε
1254 558 1332 623 είς
1384 558 1483 627 τήν
1540 555 1819 633 βασιλείαν
1872 560 1981 613 τῶν

2103 560 2285 629 Atque
2370 558 2511 615 hinc
2559 560 2877 633 Dionysius
2954 560 3053 617 ille
3109 562 3469 634 apostolicus
3524 580 3760 621 sacrum

341 652 608 725 οὐρανῶν.
644 651 889 713 »Ἔνθεν
946 650 1011 724 γὲ
1061 669 1150 704 τοι
1209 648 1300 703 καὶ
1358 648 1387 702 6
1443 645 1810 709 ἀποστολικὸς
1870 654 1996 702 Διοο

339 739 522 801 νῦσιος
566 739 957 811 ἀποσεμνύνων
1001 740 1104 808 τὴν
1165 737 1309 813 ἱερὰν
1366 740 1473 792 τῶν
1527 741 1789 815 μοναχῶν
1846 736 1995 804 τάξιν

341 828 486 885 οὕτω
530 828 717 908 φησίν
750 853 778 880 ‹‹
810 828 877 883 Ἥ
936 823 993 882 δὲ
1027 830 1137 882 τῶν
1195 823 1542 899 τελουμένων
1596 826 1820 881 ἀπασῶν
1854 824 1998 898 ὑψη-

343 916 541 993 λοτέρα
566 917 715 987 τάξις
755 919 791 986 ἡ
842 921 950 971 τῶν
1012 919 1272 994 μοναχῶν
1328 913 1470 970 ἐστιν
1525 913 1646 989 ἱερά
1692 911 1996 987 διακόσμη-

337 1026 419 1068 σις
467 1049 480 1074 ,
548 1010 723 1061 πᾶσαν
808 1006 903 1079 μὲν
984 1004 1463 1079 ἀποκικαθαρμὲνη
1542 1002 1798 1078 κάθαρσιν
1854 1000 1997 1077 ὁλκῇ

338 1092 566 1169 δυνάμει
648 1095 739 1150 καὶ
848 1093 1105 1150 παντελεῖ
1215 1098 1325 1149 τῶν
1409 1094 1627 1148 οἰκείων
1712 1092 1997 1167 ἐνεργειῶν

335 1184 617 1260 ἁγνότητι.
658 1186 846 1248 Ἔνθεν
903 1186 955 1238 οἱ
1010 1186 1147 1239 θεῖοι
1211 1183 1581 1258 καθηγεμόνες
1631 1184 1791 1256 ἡμῶν
1854 1182 2001 1238 ἐπω-

332 1274 522 1347 νύμων
588 1274 814 1338 ἒαυτους
871 1274 1029 1347 ἱερῶν
1060 1271 1321 1343 ἠξίωσαν,
1383 1273 1434 1326 οἱ
1487 1274 1580 1346 μὶν
1639 1271 1998 1347 Θεραπευτάς,

331 1365 387 1420 οἱ
417 1361 476 1419 δὲ
509 1362 787 1439 μοναχοίις
830 1361 1213 1435 ὀνομάσαντες,
1260 1362 1322 1417 ἐκ
1346 1368 1447 1430 τῆς
1473 1365 1570 1417 τοῦ
1600 1365 1734 1417 Θεοῦ
1763 1366 1999 1437 καθαρᾶς

330 1452 632 1529 ὑπηρεσίας
662 1454 751 1508 καὶ
793 1452 1106 1526 θεραπείας.
1141 1475 1171 1504 ››

400 1544 586 1599 Ταῦτα
626 1540 686 1596 ἐκ
731 1538 982 1596 πολλῶν
1038 1539 1419 1616 ἐρανισάμενος
1475 1538 1638 1614 ὀλίγα
1696 1539 2004 1614 ἂναγκαίως

327 1630 491 1703 οἶμαι
549 1629 855 1685 συντέθεικα
911 1625 1001 1683 διὰ
1057 1627 1200 1691 τοὺς
1266 1626 1669 1702 ἐπαποροῦντας
1718 1628 1852 1682 πότε
1909 1625 2001 1682 καὶ

326 1720 492 1775 πόθεν
524 1721 560 1788 ἡ
591 1722 699 1774 τῶν
734 1721 992 1792 μοναχῶν
1044 1714 1246 1793 ἤρξατο
1326 1713 1569 1791 διαγωγή
1601 1737 1658 1771 τε
1711 1716 1800 1771 καὶ
1833 1714 2001 1785 ἅσκη’

325 1828 413 1869 σις
458 1809 547 1863 καὶ
592 1810 766 1880 τάξις.
820 1811 932 1862 Ποῦ
987 1807 1171 1862 τοίνυν
1241 1807 1372 1861 εἰσιν
1447 1807 1498 1860 οἱ
1554 1807 1653 1874 τήν
1709 1802 2005 1879 μοναδικήν

322 1897 612 1954 πολιτείαν
652 1897 919 1969 μετὰτῶν
961 1894 1150 1951 ἄλλων
1197 1899 1295 1965 τῆς
1355 1894 1527 1950 ἀποστ
1546 1893 1742 1964 ολικῆς
1773 1892 2009 1961 Ἐκκλη-

324 1986 447 2048 σίας
500 1985 656 2040 θείων
691 1981 1045 2059 παραδόσεων
1100 2005 1160 2039 τε
1199 1984 1286 2039 καὶ
1356 1986 1570 2057 θεσμῶν
1644 1982 2005 2062 είκονομάχοι

324 2069 607 2136 δυσσεϐῶς
691 2075 779 2129 καὶ
866 2072 1116 2144 ἀνοήτως
1208 2067 1660 2145 ἀποϐαλλόμενοι
1737 2071 1827 2127 καὶ
1884 2069 2005 2128 δια-

321 2161 951 2240 πτύοντες,ἀρτιφανε”ίς
985 2158 1266 2232 Ἰουδαῖοι,
1315 2162 1405 2217 καὶ
1468 2163 1607 2217 κατὰ
1674 2161 1767 2217 τὸν
1832 2156 2001 2231 ἀσεϐῆ

319 2252 411 2307 καί
447 2252 708 2326 θεοστυγῆ
767 2250 1130 2328 μυσταγωγὸν
1191 2249 1369 2305 αὐτῶν
1432 2253 1546 2307 Κοπ
1569 2250 1825 2326 ρώνυμον
1880 2249 2001 2305 νέαν

318 2340 412 2394 καὶ
474 2341 786 2416 πρόσφατον
840 2340 1048 2411 ταύτην
1091 2338 1515 2416 δογματίζοντες
1573 2340 1624 2410 ἐξ
1690 2338 1860 2413 ἄκρας
1898 2359 2004 2414 μα-

312 2430 438 2485 νίας
483 2450 546 2484 τε
602 2428 692 2484 καὶ
750 2427 1010 2490 ἀπονοίας
1056 2428 1146 2483 καὶ
1206 2422 1558 2503 ἀϐελτηρίας,
1617 2429 1693 2501 μὴ
1752 2432 2005 2492 νοοῦντες

317 2520 465 2591 μήτε
508 2518 543 2572 ἃ
599 2518 838 2593 λέγουσι,
901 2519 1044 2591 μήτε
1099 2516 1224 2592 περὶ
1280 2516 1443 2572 τίνων
1515 2511 2000 2592 διαϐεϐαιοῦνται;

326 2609 530 2681 Ἡμεῖς
588 2605 647 2663 δὶ
724 2612 843 2670 ταῖς
910 2604 1291 2669 διδασκαλίαις
1348 2611 1459 2663 τῶν
1513 2606 1684 2682 ἁγίων
1746 2605 1998 2681 Πατέρων

314 2696 589 2770 ἑπόμενοι
620 2695 710 2751 καὶ
764 2695 998 2772 ἀρχαίαν
1031 2695 1236 2767 ταύτην
1281 2694 1375 2751 καὶ
1432 2692 1668 2751 παλαιὰν
1734 2695 1999 2750 πιστεύο-

322 2805 415 2858 μεν
449 2783 741 2858 ὑπάρχειν.

387 2870 575 2931 Ἀλλᾶ
613 2872 703 2927 καὶ
735 2872 764 2927 6
821 2870 984 2948 μέγας
1040 2870 1327 2935 Βασίλειος
1379 2869 1504 2947 περὶ
1579 2871 1858 2948 ὑποταγῆς
1908 2860 2000 2926 καιἱ

325 2958 655 3035 μοναδικῆς
704 2959 989 3023 πολιτείας
1047 2961 1202 3034 ἐξιὼν
1277 2961 1452 3022 οὕτως
1504 2954 1628 3036 ἔφη’
1687 2962 1786 3016 Διὰ
1838 2964 2000 3020 τοῦτο

315 3054 403 3109 καὶ
453 3054 485 3108 6
541 3051 930 3130 φιλάνθρωπος
1016 3051 1238 3128 Κύριος,
1318 3047 1625 3124 κηδόμενος
1678 3051 1844 3124 ἡμῶν
1899 3057 2001 3121 τῆς

315 3141 626 3216 σωτηρίας,
668 3140 742 3203 εἷς
790 3138 887 3197 δύο
923 3142 1091 3216 βίους
1152 3138 1328 3196 διεῖλε
1384 3140 1451 3196 τὰ
1505 3141 1613 3195 τῶν
1675 3139 2000 3220 ἀνθρώπων,

2105 649 2536 704 monachorum
2595 649 2869 707 ordinem
2927 650 3275 723 praedicans,
3324 653 3409 708 ita
3450 653 3755 725 loquitur:

2111 757 2133 786 ι
2163 737 2442 793 Omnium
2512 755 2817 796 sacrorum
2900 740 3177 796 ordinum
3262 746 3322 797 et
3389 742 3760 800 celsissimus

2106 826 2536 882 monachorum
2551 827 3007 900 ordo,purgatus
3031 830 3406 887 exactissime
3430 831 3758 888 secundum

2107 913 2443 970 universam
2475 915 2838 985 facultatem,
2870 918 3153 988 omnique
3182 925 3429 975 ornatus
3484 919 3756 976 castitate

2108 1020 2348 1060 suarum
2366 1006 2690 1063 actionum.
2706 1007 2802 1065 85
2814 1007 2858 1063 ὅ
2882 1009 3082 1079 Itaque
3107 1008 3264 1064 beati
3286 1010 3473 1065 nostri
3498 1011 3756 1082 majores

2110 1092 2293 1149 sacris
2324 1110 2389 1150 se
2419 1095 2581 1166 ipsos
2613 1096 2955 1152 nominibus
2999 1098 3344 1163 affecerunt,
3380 1099 3756 1170 therapeutas

2110 1185 2169 1234 et
2191 1183 2517 1238 monachos
2547 1182 2939 1255 appellantes,
2963 1201 3031 1240 eo
3078 1185 3236 1257 quod
3266 1185 3384 1241 Deo
3425 1192 3583 1241 caste
3631 1202 3757 1242 ser-

2110 1269 2294 1326 viunt—.
2330 1292 2359 1321 »

2184 1540 2317 1595 Haec
2338 1556 2526 1612 pauca
2555 1542 2627 1598 de
2660 1543 2865 1598 multis
2896 1559 3143 1600 necesse
3171 1543 3350 1600 habui
3382 1544 3661 1619 colligere
3689 1560 3759 1603 ac

2112 1627 2332 1684 referre
2363 1635 2608 1701 propter
2634 1647 2735 1686 eos
2766 1631 2867 1702 qui
2898 1631 3225 1704 disputant,
3257 1634 3497 1704 quando
3523 1640 3582 1690 et
3600 1634 3758 1691 unde

2114 1718 2544 1774 monachorum
2570 1720 2816 1791 cmperit
2849 1720 2993 1777 ordo
3016 1728 3196 1792 atque
3226 1722 3360 1777 vita;
3391 1722 3755 1779 institutum.

2115 1805 2222 1860 Ubi
2271 1812 2412 1862 sunt
2451 1824 2588 1880 ergo
2628 1808 2956 1882 imaginum
2999 1816 3454 1883 oppugnatores,
3493 1813 3595 1883 qui
3626 1828 3759 1868 mo—

2112 1896 2403 1952 nasticam
2428 1897 2606 1952 vitam
2638 1914 2757 1953 una
2787 1914 2922 1953 cum
2953 1899 3089 1954 aliis
3118 1900 3459 1970 apostolicae
3478 1901 3758 1957 Ecclesia!

2113 1983 2534 2042 traditionibus
2565 1991 2744 2057 atque
2773 1987 3300 2045 constitutionibus
3331 1988 3516 2062 impie
3547 1994 3607 2046 et
3634 1996 3756 2046 sto—

2109 2070 2230 2128 lide
2261 2073 2542 2146 rejiciunt
2586 2081 2764 2146 atque
2820 2082 3179 2149 conspuunt,
3223 2082 3496 2134 recentes
3524 2077 3759 2135 Judwi?

2109 2160 2217 2224 Qui
2258 2162 2510 2234 impium
2562 2179 2631 2219 ac
2692 2163 2807 2220 diis
2864 2165 3120 2221 invisum
3171 2182 3344 2223 suum
3392 2167 3757 2225 initiatorem

2109 2250 2548 2322 Copronymum
2578 2253 2767 2308 secuti
2791 2270 3009 2310 novum
3041 2271 3169 2310 esse
3214 2262 3393 2328 atque
3450 2262 3755 2315 recentem

2108 2337 2269 2394 hunc
2298 2339 2570 2396 ordinem
2601 2349 2896 2409 asserunt,
2929 2360 3163 2399 summa
3188 2344 3762 2414 insania,dementia

2107 2443 2175 2482 ac
2204 2428 2455 2484 stultitia
2480 2428 2736 2501 decepti,
2770 2447 2964 2501 neque
2996 2432 3089 2486 vel
3114 2432 3259 2502 quid
3301 2432 3502 2489 dicant
3529 2434 3621 2489 vel
3677 2435 3752 2491 de

2107 2515 2323 2586 quibus
2346 2515 2686 2573 asseverent
2734 2518 3191 2591 intelligentes?
3242 2522 3357 2575 Nos
3396 2526 3596 2577 autem
3651 2522 3755 2578 do-

2106 2605 2357 2661 ctrinam
2382 2612 2726 2662 sanctorum
2756 2608 2998 2662 Patrum
3037 2609 3225 2663 secuti
3283 2608 3583 2667 credimus
3617 2626 3756 2669 eum

2108 2699 2404 2750 vetustum
2425 2700 2605 2766 atque
2632 2694 2944 2767 antiquum
2976 2712 3127 2752 esse.

2175 2871 2287 2927 Sed
2318 2878 2378 2927 et
2426 2888 2674 2946 magnus
2728 2872 2981 2930 Basilius
3026 2874 3100 2930 de
3154 2873 3456 2933 bonorum
3506 2892 3753 2934 suorum

2103 2959 2453 3018 dimissione
2481 2968 2540 3018 et
2596 2963 2714 3019 vita
2766 2963 3096 3020 monastica
3128 2964 3214 3021 sic
3247 2965 3525 3022 disserit:
3547 2970 3752 3040 Itaque

2105 3050 2283 3106 etiam
2314 3052 2613 3109 humanus
2636 3056 2841 3108 noster
2860 3053 3145 3109 Dominus
3167 3060 3384 3111 nostra)
3406 3055 3618 3112 salutis
3648 3073 3753 3113 cu-

2102 3156 2230 3195 ram
2254 3156 2485 3212 gerens,
2538 3142 2599 3197 in
2656 3141 2773 3198 duo
2804 3142 2936 3197 vitae
2983 3142 3432 3214 genera,divisit
3458 3145 3753 3214 homines,

315 3231 580 3308 συζυγίαν
638 3229 731 3285 καὶ
788 3230 1101 3305 παρθενίαν,
1156 3230 1248 3285 ἳνα
1302 3231 1331 3285 6
1385 3236 1459 3303 μῆ
1522 3226 1822 3302 δυνάμενος
1887 3231 1991 3285 ὑπ-

494 3326 522 3336 ’·
642 3318 691 3341 -δ
724 3339 730 3341 Α
794 3324 889 3341 μσς-Α
984 3320 1137 3341 κκμκληκ
1187 3318 1259 3341 ’μμ
1344 3320 1427 3341 ηηδ
1492 3317 1699 3341 ,μνηΙςΑν
1752 3340 1761 3341 κ
1822 3316 1941 3341 j’n‘i,

2103 3232 2455 3304 virginitatis
2484 3250 2700 3305 nempe
2732 3238 2790 3289 et
2827 3233 3112 3306 conjugii,
3136 3238 3203 3289 ut
3222 3235 3329 3306 qui
3355 3236 3549 3308 impar
3574 3236 3753 3308 virgi—

314 3326 554 3396 ενεγκεῖν
635 3318 733 3373 τὸν
789 3324 890 3387 τῆς
977 3318 1262 3396 παρθενίας
1340 3320 1429 3373 καὶ
1483 3317 1763 3389 ἀσκήσεως
1815 3316 1980 3374 ἆθλον

316 3408 452 3484 ἔλθῃ
484 3409 568 3472 εἰς
597 3407 911 3479 συνοίκησιν
965 3408 1241 3483 γυναικὸς,
1274 3406 1444 3463 ἐκεῖνο
1499 3406 1659 3470 εἰδὼς
1691 3409 1766 3470 ὡς
1820 3408 1982 3464 ἀπαι-

310 3501 623 3570 τηθήσειτα
653 3494 821 3573 λόγον
854 3496 1212 3576 σωφροσύνης
1261 3497 1351 3552 καὶ
1409 3497 1680 3572 ἀγιασμοῦ
1735 3497 1827 3552 καὶ
1883 3499 1983 3567 τὴν

314 3591 453 3663 πρὸς
514 3587 649 3650 τοὺς
721 3588 774 3643 ἓν
860 3589 1139 3663 συζυγίαις
1192 3588 1283 3643 καὶ
1332 3588 1738 3668 τεκνοτροφίαις
1797 3588 1983 3665 ἁγίους

313 3682 618 3753 ὁμοίωσιν,
650 3679 778 3741 τούς
808 3700 867 3736 τε
909 3681 961 3735 ὲν
1008 3682 1079 3753 τῇ
1108 3678 1317 3751 παλαιᾷ
1345 3679 1435 3735 καὶ
1482 3683 1552 3753 τῇ
1609 3678 1721 3752 νέᾳ.
1784 3682 1982 3743 Πάντες

310 3770 415 3845 γὰρ
481 3765 770 3843 ἄνθρωποι
824 3767 1316 3842 ἀπαιτηθησόμεθα
1370 3769 1470 3837 τήν
1524 3768 1658 3845 πρὸς
1709 3769 1772 3823 τὸ
1804 3768 1980 3843 Εὐαγ-

311 3853 413 3930 γὲλ
427 3876 511 3910 ιον
550 3854 820 3924 ὑπακοὴν,
855 3854 1092 3932 μοναχοί
1124 3874 1182 3909 τε
1236 3855 1325 3909 καὶ
1359 3855 1413 3909 οἱ
1441 3853 1493 3910 ἐν
1523 3854 1823 3932 συζυγίαις.
1856 3855 1982 3929 Ἀρ-

312 3944 461 3999 κίσει
496 3942 610 4017 γὰρ
631 3946 710 4014 τῷ
749 3940 838 3997 ἐπὶ
896 3943 1075 4019 γάμον
1130 3941 1344 4007 ἐλθόντι
1401 3942 1479 4006 εἰς
1534 3944 1865 4019 συγγνώμην
1918 3944 1982 4000 τὸ

311 4039 414 4102 τῆς
443 4032 718 4104 ἀκρασίας
754 4032 842 4086 καὶ
902 4038 1003 4101 τῆς
1054 4031 1190 4107 πρὸς
1236 4032 1298 4086 τὸ
1350 4029 1490 4101 θῆλυ
1548 4029 1836 4105 ἐπιθυμίας
1890 4031 1980 4088 καὶ

312 4120 615 4182 συνουσίας
665 4121 802 4195 (45).
866 4120 947 4177 Td
1013 4116 1071 4175 δὶ
1128 4118 1301 4175 λοιπά
1355 4124 1462 4174 τῶν
1521 4119 1757 4176 ἐντολῶν
1819 4126 1979 4175 πᾶσιν

309 4211 528 4283 δμοίως
560 4208 1034 4282 νενομοθετημένα
1093 4209 1199 4265 οὐκ
1227 4205 1483 4264 ἀκίνδυνα
1541 4215 1659 4272 τοῖς
1712 4204 1980 4286 παραϐαίο

308 4320 467 4355 νουσι
508 4342 527 4369 ,
603 4299 786 4360 καθώς
845 4318 1008 4375 φησιν
1067 4299 1095 4354 6
1163 4297 1359 4373 Κύριος
1419 4299 1559 4374 πρὸς
1614 4298 1738 4360 τοὺς
1792 4298 1982 4354 ἑαυτοῦ

331 4387 611 4462 μαθητάς·
647 4411 677 4438 (ί
696 4389 768 4445 "A
797 4384 855 4442 δὲ
885 4388 1015 4460 ὓμῖν
1045 4386 1210 4463 λέγω,
1238 4390 1369 4442 πᾶσι
1403 4384 1567 4463 λέγω.
1598 4411 1628 4440 ››
1660 4384 1839 4443 Ἀλλά
1891 4385 1983 4443 καὶ

314 4478 343 4533 ὁ
384 4478 567 4555 μέγας
608 4473 662 4530 ἒν
708 4475 972 4551 θεολογίᾳ
1024 4474 1330 4553 Γρηγόριος
1394 4477 1483 4530 καὶ
1537 4476 1566 4530 6
1595 4474 1748 4552 ἅγιος
1798 4474 1983 4532 Ἰωάν-

312 4588 412 4637 νης
447 4569 478 4622 6
514 4563 905 4638 Χρυσόστομος
934 4564 1024 4621 καὶ
1055 4563 1222 4621 ἄλλοι
1270 4562 1520 4619 πλεῖστοι
1545 4568 1654 4619 τῶν
1688 4563 1844 4620 θείων
1890 4572 1981 4621 καί

2099 3321 2302 3376 uitatis
2338 3326 2396 3377 et
2443 3322 2886 3378 exercitationis
2928 3327 3085 3378 esset
3104 3323 3436 3394 certamini,
3460 3324 3510 3380 is
3542 3323 3751 3380 matri-

2090 3410 2359 3466 monium
2397 3412 2794 3480 contraheret,
2827 3410 2888 3465 id
2920 3411 3134 3481 sciens,
3176 3412 3304 3468 fore
3352 3412 3466 3469 sibi
3495 3412 3569 3469 de
3602 3418 3749 3470 tem-

2090 3499 2783 3570 perantia,sanclimonia
2804 3505 2862 3555 et
2878 3499 3278 3558 similitudine
3292 3518 3498 3559 eorum
3519 3507 3724 3559 sancto
3739 3532 3754 3544 ο

2099 3604 2232 3643 rum
2246 3589 2346 3659 qui
2369 3589 2432 3643 in
2452 3590 2637 3644 veteri
2660 3605 2930 3660 novoque
2954 3594 3311 3646 testamento
3333 3589 3395 3647 in
3448 3591 3754 3648 matrimo-

2090 3676 2189 3731 nio
2238 3676 2508 3731 vixerunt
2556 3678 2854 3734 rationem
2913 3677 3301 3734 reddendam.
3328 3680 3551 3736 Omnes
3590 3681 3755 3737 enim

2090 3765 2365 3821 homines
2378 3765 2672 3821 rationem
2689 3766 3126 3837 postulabimur
3138 3767 3212 3823 de
3230 3770 3756 3842 praestitaEvange—

2087 3853 2171 3926 lio
2198 3853 2561 3922 obedientia,
2597 3854 2717 3910 sive
2734 3854 3015 3909 monachi
3056 3854 3212 3912 856
3242 3855 3368 3912 sive
3392 3857 3610 3911 mariti.
3646 3857 3754 3913 Su-

2088 3941 2273 4002 fﬁciet
2302 3943 2467 3999 enim
2485 3943 2539 3998 ei
2555 3942 2657 4013 qui
2680 3943 2923 4014 nuptias
2936 3942 3147 3998 habuit
3166 3942 3241 3999 ad
3280 3944 3513 4000 veniam
3542 3944 3751 4001 incon-

2092 4031 2369 4099 tinentia,
2398 4030 2670 4105 mulieris
2694 4031 2979 4103 appetitio
3007 4036 3068 4087 et
3097 4031 3470 4088 concubitus.
3502 4032 3753 4105 Reliqua

2090 4125 2394 4192 praecepta
2423 4119 2704 4175 omnibus
2737 4136 2809 4175 ex
2850 4136 3021 4192 aequo
3053 4120 3334 4193 imposita
3365 4122 3469 4192 qui
3499 4121 3754 4179 violave-

2092 4210 2233 4277 rint,
2258 4226 2379 4265 non
2398 4210 2644 4280 impune
2698 4208 2914 4279 ferent,
2947 4209 3103 4265 sicut
3142 4209 3428 4266 Dominus
3480 4210 3604 4267 suis
3637 4209 3758 4267 dis-

2092 4297 2308 4370 cipulis
2347 4298 2430 4354 ait
2480 4297 2545 4352 ¹⁰.
2582 4319 2612 4348 ‹‹
2666 4299 2803 4364 Qua;
2834 4297 2999 4354 vobis
3051 4299 3507 4368 dico,omnibus
3539 4299 3695 4358 dico.
3728 4319 3760 4354 ιι

2091 4386 2244 4453 Quin
2277 4393 2334 4442 et
2362 4403 2607 4460 magnus
2638 4387 2739 4442 ille
2787 4387 3097 4461 theologus
3129 4389 3445 4462 Gregorius
3477 4394 3750 4446 sanctus-

2094 4494 2208 4550 que
2256 4478 2515 4533 Joannes
2567 4476 3025 4547 Chrysostomus
3072 4477 3293 4549 aliique
3347 4478 3595 4552 plurimi
3688 4478 3761 4535 de

2092 4566 2282 4622 beatis
2312 4565 2584 4622 Patribus
2641 4564 2780 4620 hinc
2829 4564 2969 4620 inde
3020 4566 3143 4621 suis
3166 4566 3229 4623 in
3261 4568 3497 4640 scriptis
3528 4567 3748 4624 contir-

318 4653 611 4733 μακαρίων
642 4656 895 4728 Πατέρων
940 4652 992 4709 ὲν
1051 4651 1332 4732 διαφόροις
1387 4652 1565 4708 αὐτῶν
1603 4654 1689 4727 [Ρ.
1721 4657 1851 4729 203]
1884 4653 1978 4709 λό-

2103 4658 2261 4711 mant
2288 4654 2594 4725 antiquam
2627 4668 2757 4709 esse
2789 4656 2968 4725 atque
3015 4655 3407 4726 apostolicam
3435 4657 3574 4712 vitae
3614 4670 3675 4712 m
3696 4672 3756 4711 o.

396 4785 446 4823 ιο
466 4785 679 4843 Matth.
710 4801 835 4854 xm,
862 4786 951 4840 34.

1538 4908 1904 4967 XYLANDRI
1933 4910 2021 4965 ET
2051 4910 2269 4966 GOABI
2301 4909 2522 4964 ΝΟΤΕ.

393 5006 516 5078 (45)
553 5007 739 5063 Locus
769 5011 859 5063 est
907 5006 1177 5079 mutilus,
1237 5023 1412 5079 quem
1463 5006 1837 5079 adverbum
1891 5024 1989 5063 ex-

368 5080 566 5134 ressi:
628 5094 822 5149 neque
879 5078 1041 5133 enim
1094 5078 1339 5135 vacabat
1396 5078 1677 5135 Basiliam
1721 5080 1988 5135 evolvere

367 5150 513 5223 ujus
544 5149 631 5204 rei
659 5165 874 5223 causa;
909 5149 1070 5223 quod
1090 5150 1268 5223 faciet
1297 5150 1397 5223 qui
1426 5150 1537 5223 hac
1556 5150 1986 5223 disputatione

322 5219 669 5275 delectatur
688 5227 747 5276 et
776 5219 964 5276 otium
1015 5220 1211 5277 habet.
1261 5219 1373 5278 Sed
1403 5227 1462 5277 et
1511 5219 1816 5278 Platonica
1844 5239 1985 5279 mu-

318 5289 429 5371 tila
446 5297 797 5371 sunt,atque
820 5292 968 5371 adeo
987 5292 1049 5346 in
1072 5293 1785 5371 margineascriptum‘est
1807 5291 1981 5371 ἀσαφῇ

319 5364 500 5437 ταῇτα
555 5357 729 5437 πάντα
779 5357 1108 5437 σχεθὸνᾘτᾶι
1151 5357 1252 5437 τοῖς)
1311 5357 1604 5437 Πλάτωνος
1663 5359 1755 5417 διὰ
1810 5364 1874 5419 τὸ

324 5429 532 5508 εἰδέναι
564 5434 709 5504 ἡμᾶς
738 5427 1027 5488 τὸ”αὖτοῦ
1049 5427 1304 5508 ⁸βιϐλίον
1361 5431 1415 5508 ᾇ)
1463 5433 1510 5506 ᾧ
1564 5438 1755 5508 ταῦτα
1790 5427 1983 5508 κεῖταιξ

324 5503 481 5559 Sunt
504 5503 704 5560 autem
739 5521 808 5579 ex
843 5503 1105 5579 secundo
1162 5504 1315 5561 libro
1346 5505 1417 5579 de
1464 5503 1557 5579 Are;
1596 5507 1837 5579 publica
1880 5506 1986 5562 de-

324 5581 597 5646 sumpta,
629 5582 684 5631 et
712 5575 969 5646 .‘Eschyli
1008 5590 1214 5631 versus
1244 5593 1317 5631 ex
1341 5575 1633 5634 Thebaica
1674 5578 1985 5635 obsidione

319 5647 551 5702 citatur
575 5647 692 5716 ibi;
732 5663 911 5719 quem
946 5646 1148 5719 locum
1198 5648 1356 5719 apud
1414 5650 1791 5706 Plutarchum
1845 5667 1984 5705 con-

318 5720 615 5793 vertimus
655 5718 716 5774 in
757 5717 1061 5793 ’Aristida.
1112 5717 1255 5793 Ego:
1286 5736 1481 5793 operae
1538 5721 1807 5793 praetium
1864 5738 1985 5777 non

317 5788 467 5845 duxi
501 5788 603 5845 hic
632 5807 724 5847 me
756 5789 1102 5863 corrigendo
1145 5788 1489 5864 defatigare,
1520 5788 1657 5849 cum
1688 5793 1765 5848 sit
1784 5793 1981 5851 Plato-

613 5905 872 5972 ΡΑτιοι..
917 5909 1032 5971 GR.
1077 5906 1283 5970 CXXI.

2097 5008 2192 5063 nis
2222 5006 2376 5063 liber
2423 5005 2498 5061 ad
2554 5021 2789 5062 manus.
2821 5005 2960 5062 Χη.
3023 5037 3091 5046 —-
3134 5004 3293 5061 Nihil
3323 5004 3421 5060 hic
3467 5002 3751 5061 mutilum

2097 5085 2200 5135 aut
2216 5083 2496 5161 truncum
2517 5077 2696 5134 etiam
2718 5076 3312 5161 Xylandrousimod'o
3329 5075 3518 5147 judex
3541 5093 3753 5161 asquus

2096 5149 2356 5207 auctoris
2377 5149 2554 5221 verba
2602 5146 2864 5221 penitius
2904 5147 3209 5221 inspiciat.
3265 5146 3407 5221 Cum
3459 5146 3643 5221 animi
3676 5147 3749 5204 de

2096 5221 2359 5279 exhibito
2378 5220 2572 5293 verbis
2590 5218 2946 5293 evangelicis
2965 5218 3192 5293 quibus
3206 5218 3446 5293 castitas
3478 5219 3748 5291 apprime

2093 5293 2373 5349 laudatur
2411 5291 2722 5363 obsequio.
2748 5290 2996 5346 dixisset
3025 5290 3259 5363 nuptiis
3299 5290 3548 5363 vinctos,
3570 5290 3753 5362 aeque

2089 5381 2162 5420 ac
2193 5362 2541 5429 monachos,
2577 5360 2643 5418 ex
2674 5362 2749 5418 iis
2787 5360 3223 5433 sentenﬁtiamin
3238 5360 3468 5433 judicio
3499 5360 3749 5431 laturos,

2094 5435 2230 5490 illos
2259 5433 2462 5490 violati
2494 5433 2777 5489 dominici
2822 5432 3057 5489 consilii
3086 5431 3305 5489 liberos
3338 5439 3618 5490 asserunt
3647 5450 3751 5490 re-

2094 5505 2497 5578 nuntiandos,
2514 5505 2865 5578 veniamque
2888 5509 3364 5578 consecuturos.
3401 5506 3758 5578 quigprofer-

2093 5583 2228 5633 rent
2256 5594 2327 5633 ex
2344 5576 2724 5631 continenda:
2757 5575 3026 5631 libidinis
3056 5575 3754 5647 impotentia'vel'uxoris

2094 5650 2307 5721 affectu
2322 5652 2412 5702 vel
2437 5648 2574 5721 ejus
2585 5648 2859 5702 convictu
2881 5648 3090 5721 ductos
3111 5647 3183 5721 ad
3202 5647 3498 5720 legitimas
3519 5648 3757 5721 nuptias

2093 5718 2577 5783 couvolasse.Qui
2606 5734 2824 5775 sensus
2855 5718 3289 5787 utcatholicus,
3319 5721 3500 5776 etiam
3531 5718 3757 5789 integer

2094 5796 2185 5848 est
2214 5795 2272 5847 et
2303 5789 2623 5863 perfectus.
2649 5791 2823 5846 GOAR.

3392 5906 3468 5965 13
