4194 6198
470 421 590 482 393
1831 394 2148 471 omnem
2195 397 2530 461 causam
3758 401 3879 462 396

460 553 710 611 nasticm
734 547 1134 605 traditionem.
1158 538 1377 605 Quodsi
1409 554 1559 609 quos
1590 539 1769 592 etiam
1798 537 2106 590 extraneos

2225 549 2345 604 γοις
2388 527 2827 589 διαϐεϐαιοῦνται
2884 532 3120 609 ἀρχαίαν
3168 532 3258 588 καὶ
3316 529 3692 601 ἀποπολικήν
3745 532 3882 588 εἶναι

464 646 648 697 testes
677 637 1014 699 laudemus,
1044 630 1184 685 vitio
1215 628 1387 684 nobis
1418 626 1477 683 id
1533 626 1679 682 verti
1738 640 1858 679 non
1915 621 2113 678 debet.

458 731 627 786 Plato
652 722 900 798 proinde
933 737 1110 792 quam
1133 735 1267 774 rara
1290 717 1409 773 sint
1428 733 1499 772 ea
1522 732 1653 786 quas
1674 713 1950 770 absoluta
1976 716 2116 767 sunt

461 811 920 880 indicans,haud
950 807 1206 865 absurde
1229 807 1313 863 ita
1330 806 1570 863 scribit:
1597 826 1626 855 α
1675 805 1801 859 Non
1832 802 1979 857 mihi
2031 801 2111 855 vi-

462 905 680 961 dentur
709 900 1006 964 homines,
1036 897 1154 953 nisi
1186 896 1379 968 pauci,
1413 894 1570 950 beati
1601 910 1669 949 ac
1719 892 1927 949 felices
1985 889 2114 945 ﬁeri

462 1009 660 1066 posse,
715 989 1069 1061 quantisper
1124 986 1280 1042 hanc
1333 984 1513 1039 vitam
1566 982 1888 1038 ducimus:
1939 979 2113 1035 multi

463 1082 626 1140 enim
658 1084 796 1136 sunt
816 1075 1276 1148 virgiferi,pauci
1308 1080 1508 1130 autem
1522 1078 1582 1129 et
1608 1071 1727 1128 rari
1750 1067 2109 1142 philosophi.

464 1175 642 1228 Recte
665 1174 864 1226 autem
896 1167 1152 1223 traditur
1198 1180 1267 1221 ac
1317 1163 1581 1219 creditur
1636 1167 1902 1217 mortuos
1958 1158 2117 1214 bona

463 1259 769 1331 consequi.
799 1281 819 1306 ι
857 1257 956 1312 His
982 1255 1160 1310 infert
1187 1254 1274 1309 vir
1294 1253 1526 1308 sincero
1554 1251 1756 1306 animo
1795 1253 1974 1319 atque
2013 1263 2112 1320 ge-

462 1347 945 1419 neroso,qualem
970 1343 1276 1415 Eschylus
1306 1338 1878 1412 describit,praamiis
1908 1353 1977 1392 ac
2009 1336 2114 1392 do-

464 1441 561 1496 nis
591 1438 906 1494 afﬁcietur.
932 1434 1039 1500 Qui
1068 1432 1301 1488 videtur
1330 1431 1466 1487 talis
1487 1445 1638 1485 esse.
1670 1428 1848 1499 Atqui
1905 1426 1967 1480 in
2022 1426 2116 1481 in-

467 1534 628 1585 certo
658 1524 1098 1598 est,justitiaene
1130 1538 1206 1578 an
1237 1537 1375 1577 vero
1401 1533 1719 1576 munerum
1741 1521 1801 1572 et
1818 1517 2114 1572 honorum

461 1633 640 1674 causa
676 1615 814 1671 talis
834 1614 929 1669 sit.
964 1610 1286 1668 Nudandus
1316 1609 1496 1682 igitur
1538 1604 1816 1663 omnibus
1862 1610 1972 1674 est,
2004 1604 2113 1660 ita-

461 1724 576 1779 que
607 1701 966 1775 redigendus
987 1707 1054 1757 ut
1082 1701 1156 1757 sit
1180 1699 1309 1771 ejus
1354 1713 1533 1770 quem
1582 1696 1749 1768 prius
1798 1692 2115 1764 descripsi-

464 1812 598 1853 mus
627 1794 981 1852 contrarius.
1016 1790 1189 1847 Nulla
1219 1789 1379 1845 enim
1424 1803 1486 1843 re
1539 1785 1824 1858 praeditus
1880 1783 2113 1855 opinio-

468 1903 605 1944 nem
637 1884 854 1940 habeat
877 1897 1127 1938 summa:
1158 1878 1487 1951 injustitiaa,
1519 1882 1587 1932 ut
1614 1876 1698 1930 ita
1742 1873 2111 1945 exploratum
2142 1899 2190 1964 Β

465 1978 544 2032 sit
572 1992 708 2031 eum
739 1988 868 2029 esse
879 1972 1272 2044 justum,cum
1301 1985 1421 2023 non
1436 1966 1607 2022 cedat
1627 1965 1884 2021 sinistras
1914 1964 2108 2031 fama),

465 2080 660 2136 neque
682 2044 1010 2119 ambitione
1030 2058 1219 2114 autiis
1249 2073 1380 2128 qua:
1403 2055 1541 2111 inde
1578 2055 1852 2111 oriuntur
1875 2052 2109 2125 propel-

464 2153 643 2216 latur,
676 2150 780 2207 sed
798 2149 876 2204 sit
892 2147 1217 2210 mutabilis,
1240 2149 1363 2201 toto
1385 2145 1518 2199 vitta
1541 2143 1731 2215 spatio
1754 2158 1890 2198 cum
1936 2147 2109 2213 pute-

466 2248 563 2298 tur
590 2256 721 2297 esse
751 2239 1029 2310 injustus.
1062 2238 1133 2291 Et
1160 2235 1403 2307 quidem
1434 2234 1615 2289 etiam
1661 2233 1946 2297 Socrates,
1979 2230 2109 2302 ejus

462 2335 815 2404 praeceptor,
834 2328 917 2383 ita
933 2327 1080 2384 85'!
1108 2341 1246 2381 eum
1266 2322 1647 2395 interrogavit
1669 2339 1684 2391 ;
1708 2325 1796 2377 An
1823 2320 2110 2377 debemus

461 2417 616 2490 vulgi
648 2416 721 2473 de
760 2414 934 2471 nobis
954 2412 1183 2487 judicia
1211 2417 1477 2468 metuere
1497 2411 1526 2466 ‘I
1545 2416 1647 2466 aut
1673 2408 2110 2482 potius,spretis

460 2506 739 2564 omnibus
758 2504 1051 2576 aliis,ejus
1069 2501 1363 2574 judicium
1375 2500 1630 2557 revereri
1654 2499 1755 2571 qui
1768 2498 1821 2555 ei
1844 2497 2001 2570 quod
2023 2513 2111 2553 re-

461 2602 623 2653 ctum
644 2600 735 2652 est
754 2594 1128 2665 obtemperet
1147 2591 1176 2647 ‘2
1193 2591 1290 2647 cui
1309 2590 1426 2646 nisi
1448 2604 1782 2661 pareamus,
1797 2587 2012 2659 ingens
2027 2586 2110 2642 si-

462 2701 597 2741 mus
631 2684 917 2740 damnum
947 2680 1308 2754 percepturi.
1340 2678 1468 2734 Non
1498 2677 1796 2749 equidem,
1829 2677 1978 2733 heus
2024 2681 2108 2742 tu,

463 2771 794 2828 curandum
819 2770 990 2825 nobis
1011 2774 1103 2824 est
1130 2767 1273 2839 quid
1294 2766 1462 2839 plebs
1485 2764 1844 2837 judicet,sed
1861 2763 2004 2834 quid
2021 2778 2114 2818 ve-

463 2858 612 2913 ritas
642 2856 874 2927 probet,
910 2854 1292 2926 quaajustum
1320 2851 1393 2908 ab
1412 2852 1633 2923 injusto
1665 2849 2111 2905 discernitllaac

462 2944 775 3018 perspicue
802 2943 990 3016 magis
1021 2941 1381 2998 conveniunt
1410 2940 1632 2995 nostris
1690 2938 1875 2995 sacris
1931 2942 2108 3009 atque

463 3033 805 3106 apostolicis
857 3031 1253 3089 sermonibus.
1314 3031 1457 3085 Nam
1514 3028 1732 3084 Paulus
1787 3028 1871 3084 ita
1912 3026 2108 3098 loqui-

466 3130 564 3181 tur
596 3122 640 3160 “
676 3140 742 3178 :«
775 3123 968 3179 Armis
988 3121 1239 3194 justitiaa
1270 3119 1494 3176 dextris
1551 3124 1611 3174 et
1665 3116 1945 3182 sinistris,
2004 3133 2110 3188 per

457 3214 708 3288 gloriam
735 3219 793 3268 et
810 3211 1333 3286 ignominiam,per
1352 3208 1671 3281 opprobria
1694 3207 2108 3263 etmmstitiam

2219 620 2318 689 τὴν
2346 623 2443 675 τοῦ
2475 623 2753 697 μονήρους
2815 621 2940 698 βίου
2997 618 3322 697 παράδοσιν.
3356 619 3418 677 Εἰ
3471 618 3531 676 δὲ
3580 619 3672 675 καὶ
3726 642 3880 684 τινας

2218 714 2327 764 τῶν
2381 709 2605 785 θύραθεν
2665 711 2742 774 εἷς
2781 712 2982 783 ταύτην
3041 713 3141 781 τὴν
3185 710 3482 787 μαρτυρίαν
3540 709 3874 786 παράξομεν,

2224 794 2419 871 μηδεὶς
2452 801 2747 876 μεμφέσθω
2768 800 2927 873 ἡμῖν.
2955 798 3197 861 Εἰκότως
3230 799 3322 854 οὗν
3353 799 3382 853 ὁ
3437 797 3664 856 Πλάτων
3700 799 3875 871 ὑπεμ-

2221 887 2427 963 φαίνων
2456 892 2564 942 τῶν
2620 886 2844 944 τελείων
2901 888 2965 943 τὸ
3022 888 3248 943 σπάνιον
3298 886 3542 965 ἔφασκεν
3605 912 3632 940 ι(
3666 883 3746 942 Οὔ
3779 908 3877 960 μοι

2221 972 2371 1030 δοκέῖ
2401 972 2624 1032 δυνατὸν
2682 977 2989 1051 ἀνθρώποις
3034 976 3323 1051 μακαρίοις
3352 998 3412 1032 τε
3441 976 3533 1032 καὶ
3591 973 3876 1049 εὐδαίμοσι

2220 1064 2477 1139 γειέσθαι,
2517 1063 2665 1136 πλὴν
2699 1064 2922 1141 ὀλίγων.
2982 1068 3163 1142 Μέχρι
3218 1086 3319 1142 περ
3373 1066 3432 1121 ἂν
3478 1070 3681 1139 ζῶμεν,
3708 1070 3873 1122 τοῦτο

2221 1151 2555 1231 διορίζομεν⁹
2595 1158 3002 1234 ναρθηκοφόροι
3055 1157 3154 1232 μὶν
3210 1158 3313 1233 γὰρ
3368 1155 3602 1226 πολλοὶ,
3634 1155 3873 1234 φιλόσο-

2220 1265 2315 1323 φοι
2345 1244 2402 1301 δὶ
2432 1247 2653 1301 σπάνιοι
2679 1246 2769 1301 καὶ
2799 1244 3006 1324 ὀλίγοι.
3064 1244 3220 1317 Καλή
3256 1244 3313 1302 δὲ
3341 1248 3531 1318 πρᾶξις
3563 1247 3656 1302 καὶ
3684 1246 3866 1309 πίστις

2217 1333 2619 1405 τελευτήσαντα
2699 1339 2887 1410 τυχεῖν
2974 1334 3246 1391 ἁπάντων.
3286 1360 3313 1387 ››
3383 1337 3540 1394 ⁶Οθεν
3600 1336 3873 1413 ἐπήγαγεν

2220 1419 2385 1498 ἄνδρα
2429 1421 2639 1478 ἁπλοῦν
2674 1424 2764 1479 καὶ
2794 1428 3040 1499 γενναῖον
3069 1426 3187 1480 κατ’
3256 1423 3564 1503 Αἴσχύλον.
3624 1426 3876 1483 ’Έσονται

2220 1511 2368 1585 αὐτῷ
2399 1513 2557 1586 τιμαὶ
2584 1513 2675 1567 καὶ
2716 1511 2914 1588 δωρεαὶ
2946 1510 3200 1569 δοκοῦντι
3230 1515 3465 1587 τοιούτῳ
3522 1513 3676 1572 εἶναι.
3701 1511 3876 1586 Ἀδη-

2223 1601 2318 1657 λον
2349 1600 2442 1657 οὗν
2474 1600 2581 1658 ετίτε
2619 1607 2716 1657 τοῦ
2761 1598 2976 1658 δικαίου
3008 1602 3114 1659 εἴτε
3139 1607 3244 1659 τῶν
3281 1600 3498 1677 δωρεῶν
3554 1603 3645 1658 καὶ
3699 1605 3880 1676 τιμῶν

2219 1684 2373 1746 ἕνεκα
2398 1689 2649 1754 τοιοῦτός
2686 1688 2822 1747 ἐστι.
2864 1691 3181 1765 Γυμνωτέος
3237 1688 3304 1763 δὴ
3337 1691 3553 1747 πάντων
3610 1689 3755 1761 πλὴν
3789 1687 3878 1745 δι-

2219 1780 2513 1850 καιοσύνης
2545 1821 2561 1847 ,
2620 1784 2710 1835 καί
2761 1780 3026 1852 ποιητέος
3085 1780 3343 1842 έναντὶως
3393 1778 3734 1854 διακείμενος
3792 1783 3876 1853 τῷ

2218 1869 2493 1944 προτέρῳ.
2553 1868 2736 1941 Μηδὲν
2790 1870 2890 1945 γὰρ
2948 1868 3095 1950 ἔχων
3169 1869 3326 1944 δόξαν
3375 1871 3550 1950 ἐχέτω
3609 1871 3871 1947 μεγίστης

2216 1954 2449 2029 ἀδικίας,
2497 1959 2588 2013 ἳνα
2637 1954 3097 2034 βεϐασανισμένος
3152 1963 3188 2030 ἦ
3247 1960 3323 2023 είς
3383 1958 3748 2030 δικαιοσύνην,
3800 1959 3865 2015 τὸ

2221 2049 2297 2119 μή
2345 2047 2584 2103 τίθεσθαι
2637 2048 2741 2103 ὑπὸ
2796 2047 3113 2120 κακοδοξίας
3166 2050 3202 2119 ἢ
3253 2047 3568 2125 φιλοδοξίας
3624 2049 3716 2104 καὶ
3776 2048 3868 2104 ὑπ’

2219 2136 2386 2205 αὐτῆς
2417 2137 2748 2213 γινομένων,
2802 2136 2929 2193 ἀλλ’
2986 2132 3126 2194 ἔστω
3186 2140 3515 2212 μετάστατος
3548 2138 3714 2217 μέχρι
3767 2139 3865 2193 0a.-

2216 2225 2374 2280 νάτου
2406 2223 2580 2279 δοκῶν
2621 2222 2807 2287 ἄδικος
2869 2228 3009 2281 εἶναι
3063 2224 3153 2282 διὰ
3186 2226 3329 2303 βίου.
3361 2229 3467 2284 Καὶ
3500 2225 3566 2296 δὴ
3625 2226 3715 2282 καὶ
3754 2234 3872 2283 Σω-

2217 2313 2479 2387 κράτηςὸ
2511 2311 2837 2377 διδάσκαλος
2906 2315 3070 2371 αὐτοῦ
3125 2317 3261 2391 πρὸς
3312 2317 3475 2372 αὐτὸν
3507 2315 3682 2380 οὕτως
3736 2311 3864 2393 ἔφη·

2217 2401 2445 2477 πότερον
2496 2405 2729 2474 τὴντῶν
2776 2401 3005 2459 πολλῶν
3038 2402 3192 2478 δόξαν
3248 2401 3331 2460 δεῖ
3388 2407 3536 2477 ἡμᾶς
3585 2404 3861 2459 πείθεσθαι

2217 2492 2309 2547 καὶ
2346 2487 2630 2569 φοϐεῖσθαι
2658 2492 2692 2562 ἢ
2724 2494 2823 2562 τήν
2872 2497 2968 2548 τοῦ
3021 2494 3159 2560 ἑνὸς,
3216 2492 3269 2549 εἶ’
3319 2515 3400 2556 τις
3459 2490 3603 2550 ἔστιν
3656 2491 3861 2549 ἐπαΐων

2219 2583 2282 2637 οὗ
2341 2579 2464 2653 δεῖ,
2520 2583 2612 2638 καὶ
2669 2579 2953 2660 φοϐεῖσθαι
3011 2584 3102 2640 καὶ
3158 2582 3508 2659 αἰσχύνεσθαι
3568 2582 3782 2657 μᾶλλον
3823 2582 3860 2653 ἢ

2217 2670 2523 2746 ξύμπαντας
2552 2674 2680 2736 τοὺς
2732 2671 2979 2744 ἄλλουςς
3032 2676 3100 2754 ᾮ
3152 2675 3200 2729 εἰ
3258 2676 3336 2748 μὴ
3393 2673 3864 2746 άκολουθήσομεν,

2219 2759 2409 2823 δεινῶς
2450 2756 2842 2835 λωϐησομεθα.
2875 2761 2990 2819 Οὐκ
3020 2761 3123 2838 ἄρα
3159 2783 3238 2837 γε,
3271 2761 3316 2818 ὦ
3372 2762 3640 2839 βέλτιστε,
3698 2782 3866 2840 φρον-

2214 2853 2425 2907 τιστέον
2457 2854 2594 2924 ἡμῖν
2623 2851 2676 2907 τί
2714 2853 2923 2927 ἐροῦσιν
2980 2856 3117 2927 ⁴ἡμῖν
3179 2853 3229 2909 οἷ
3285 2852 3515 2925 πολλοὶ,
3546 2852 3693 2911 ἂλλὰ
3718 2856 3771 2910 τί
3802 2854 3866 2911 τὸ

2215 2939 2403 2996 ἐπαίον
2435 2946 2516 3013 τῷ
2545 2939 2739 3015 δικαίῳ
2793 2943 2884 2999 καὶ
2940 2940 3131 3016 ἀδίκῳ,
3189 2942 3310 3013 ἥτις
3370 2943 3511 3000 ἐστὶν
3540 2948 3575 3015 ἡ
3602 2943 3857 3016 ἀλήθεια.

2217 3032 2400 3087 Ταῦτα
2455 3027 2512 3085 δὲ
2555 3037 2799 3110 φανερῶς
2853 3030 3062 3088 ἒοίκασι
3118 3038 3239 3096 τοῖς
3290 3033 3580 3108 ἡμετέροις
3641 3033 3857 3107 μᾶλλον

2216 3119 2384 3193 ἱεροῖς
2414 3118 2506 3175 καὶ
2546 3119 2938 3183 ἀποστολικοῖς
2970 3119 3181 3197 λόγοις,
3213 3121 3267 3177 ἐν
3322 3124 3409 3186 οῖς
3441 3144 3602 3200 φησιν
3637 3124 3664 3178 ὁ
3694 3123 3865 3198 μέγας

2224 3208 2457 3271 ιιαῦλος·
2495 3232 2522 3261 ι(
2553 3208 2651 3264 Διᾶ
2678 3215 2786 3264 τῶν
2819 3209 3007 3266 ὅπλων
3029 3218 3129 3282 τῆς
3163 3209 3513 3281 δικαιοσύνης
3541 3216 3647 3269 τῶν
3680 3208 3869 3285 δεξιῶν

458 3311 741 3374 tanquam
760 3303 1140 3372 impostores,
1170 3315 1307 3354 cum
1339 3298 1580 3369 quidem
1611 3297 1798 3352 simus
1849 3312 2105 3365 veraces,

2217 3296 2308 3351 καὶ
2352 3296 2673 3373 ἀριστερῶν,
2727 3296 2815 3354 διὰ
2868 3297 3029 3369 δόξης
3084 3270 3175 3356 καὶ
3214 3270 3594 3374 ἀτιμίας,.διὰ
3657 3270 3871 3379 δυσφη-

458 3397 742 3463 tanquam
791 3389 998 3462 ignoti,
1030 3404 1166 3444 cum
1223 3387 1410 3442 simus
1467 3386 1615 3455 noti,
1674 3391 1958 3456 tanquam
1986 3401 2108 3441 mo-

464 3480 707 3547 rientes,
740 3494 875 3535 cum
908 3476 1152 3548 quidem
1181 3476 1464 3543 vivamus,
1498 3479 1564 3530 ut
1588 3474 1690 3546 qui
1747 3474 2110 3546 castigamur

461 3584 660 3639 neque
692 3571 893 3623 tamen
914 3581 1199 3621 necamur
1229 3588 1257 3615 »
1291 3569 1402 3620 etc.
1432 3565 1592 3619 Hanc
1627 3563 1699 3619 de
1750 3562 1986 3635 justitia
2040 3578 2108 3618 ac

461 3656 594 3711 vita:
624 3656 857 3711 ratione
893 3657 1007 3710 Deo
1030 3659 1286 3725 acceptae
1313 3653 1643 3709 doctrinam
1660 3652 1961 3724 principes
1982 3651 2110 3724 phi-

462 3744 849 3816 losophorum
880 3743 1149 3799 Socrates
1177 3758 1246 3798 ac
1273 3742 1439 3798 Plato
1494 3740 1886 3809 tradiderunt,
1916 3739 2111 3797 admi-

463 3833 716 3890 rabilem
746 3832 1032 3907 profecto,
1066 3838 1126 3889 et
1151 3830 1328 3888 laude
1357 3831 1700 3901 dignam,ut
1727 3846 1858 3901 quae
1882 3830 1959 3885 sit
2013 3846 2106 3886 ra-

465 3923 609 3979 tioni
639 3922 902 3979 hominis
956 3921 1211 3978 naturali
1261 3925 1680 3977 consentanea.
1734 3919 1968 3974 Etenim
2000 3918 2108 3974 do-

465 4014 659 4069 ctrina
702 4028 933 4068 morum
990 4027 1201 4067 omnes
1251 4011 1524 4066 homines
1588 4009 1662 4065 ab
1719 4009 1849 4080 ipsa
1894 4014 2108 4065 natura

462 4102 876 4157 instituuntur.
909 4101 1135 4173 Quippe
1194 4101 1347 4156 Deus
1378 4115 1514 4154 cum
1561 4098 1891 4154 humanum
1919 4112 2105 4169 genus

454 4191 843 4255 condidisset,
860 4190 990 4261 ejus
1006 4194 1234 4245 natura;
1254 4187 1411 4244 bona
1431 4203 1499 4243 ac
1520 4186 1679 4242 mala
1725 4185 2103 4242 discernendi

450 4280 746 4335 rationem
778 4278 1035 4347 indidit;
1067 4278 1349 4349 idemque
1398 4283 1605 4349 gentes
1635 4275 1854 4332 erudiit
1906 4280 1965 4330 et
1992 4276 2102 4331 ho-

450 4367 679 4422 minem
734 4366 1071 4437 cognitione
1123 4365 1354 4421 imbuit.
1428 4367 1633 4436 ltaque
1690 4380 1809 4420 non
1870 4369 2101 4420 tantum

443 4455 722 4511 Socrates
750 4454 919 4510 Plato
954 4454 1178 4525 aliique
1235 4453 1513 4510 nonnulli
1571 4454 1756 4509 Graeci
1814 4453 2096 4525 injustam

446 4547 586 4597 sunt
614 4541 942 4598 abominati
973 4543 1175 4609 vitam,
1200 4542 1305 4598 sed
1353 4548 1411 4597 et
1454 4542 1849 4598 Barbarorum
1901 4541 2094 4598 multi.

2222 3384 2349 3457 μίας
2405 3386 2497 3440 καὶ
2554 3385 2790 3459 ἀθυμίας
2827 3431 2841 3457 ,
2929 3389 3003 3450 ὡς
3077 3385 3275 3444 πλάνοι
3332 3390 3424 3444 καὶ
3484 3388 3733 3461 ἀληθεῖς,
3792 3391 3870 3452 ὡς

2216 3472 2574 3550 ἀγνοούμενοι
2605 3476 2691 3530 καὶ
2763 3475 3276 3552 ἐπιγινωσκόμενοι,
3310 3479 3384 3541 ὡς
3436 3480 3870 3550 ἂποθνήσκοντις

2215 3563 2306 3617 καὶ
2362 3560 2483 3619 ἰδοὺ
2551 3568 2754 3637 ζῶμεν,
2785 3565 2863 3628 ὡς
2914 3564 3328 3640 παιδευόμενοι,
3359 3567 3449 3623 καί
3482 3590 3558 3642 μη
3606 3567 3874 3624 θανατοῦ·

2221 3672 2395 3725 μενοι,
2430 3676 2458 3705 ››
2488 3654 2580 3709 καὶ
2609 3653 2677 3709 τὰ
2706 3654 2851 3724 ἑξῆς.
2882 3654 3157 3727 Τοιαύτην
3194 3657 3286 3711 οὗν
3342 3658 3466 3732 περὶ
3527 3655 3874 3726 δικαιοσύνης

2217 3740 2305 3794 καὶ
2355 3741 2641 3817 θεαρέστου
2699 3741 2984 3808 πολιτείας
3038 3744 3177 3799 πάνυ
3235 3746 3535 3821 Σωκράτης
3588 3745 3680 3801 καὶ
3716 3744 3869 3802 Πλά-

2213 3849 2323 3884 των
2357 3827 2708 3886 διδασκαλίαν
2765 3831 3116 3903 ἐποιήσαντο,
3165 3836 3480 3907 θαυμαστήν
3546 3830 3720 3897 ὅντως
3779 3831 3877 3889 καί

2216 3918 2516 3991 ἀξιέπαινον
2543 3919 2768 3991 άληθῶς
2799 3924 2867 3994 τῇ
2919 3922 3122 3997 λογικῇ
3181 3922 3335 4002 φύσει
3400 3928 3511 3979 τῶν
3570 3924 3873 3999 ἀνθρώπων

2217 4004 2638 4081 συμϐαίνουσαν.
2687 4012 2769 4068 Τὰ
2798 4010 2899 4087 γὰρ
2955 4014 3123 4081 ἠθικά
3182 4014 3479 4087 μαθήματα
3534 4012 3734 4075 πάντας
3774 4013 3871 4068 ἆν-

2215 4099 2468 4171 θρώπους
2505 4100 2540 4168 ἡ
2578 4098 2734 4178 φύσις
2784 4097 3081 4158 ἐπαίδευσε.
3138 4101 3449 4163 Διαπλασας
3475 4104 3580 4177 γάρ
3604 4122 3692 4157 τοι
3748 4106 3858 4157 τῶν

2212 4187 2513 4262 ἀνθρώπων
2543 4189 2605 4243 τὸ
2664 4187 2819 4263 γένος
2852 4190 2881 4244 ὁ
2913 4190 3042 4253 Θεὸς
3099 4188 3360 4255 ἐντέθεικε
3415 4194 3485 4265 τῇ
3541 4190 3697 4270 φύσει
3751 4194 3860 4247 τῶν

2210 4274 2428 4350 ἀγαθῶν
2457 4276 2550 4331 καὶ
2591 4281 2699 4331 τῶν
2753 4276 3009 4333 ἐναντίων
3041 4280 3138 4347 τὴν
3201 4277 3517 4354 διάγνωσιν,
3549 4281 3579 4334 ὁ
3608 4279 3698 4335 καὶ
3730 4299 3861 4335 παι-

2211 4362 2379 4419 δεύων
2408 4358 2533 4435 ἔθνη
2564 4363 2655 4420 καὶ
2701 4361 2971 4421 διδάσκων
3029 4366 3312 4442 ἄνθρωπον
3368 4372 3587 4440 γνῶσιν.
3658 4368 3860 4446 Διόπερ

2209 4452 2271 4508 οὗ
2305 4452 2470 4525 μόνον
2504 4454 2802 4527 Σωκράτης
2826 4455 2916 4509 καὶ
2948 4455 3177 4510 Πλάτων
3212 4456 3302 4511 καὶ
3352 4454 3517 4513 ἄλλοι
3544 4457 3687 4519 τινες
3743 4461 3852 4512 τῶν

2206 4541 2495 4612 Ἐλλήνων
2554 4543 2645 4598 τὸν
2704 4539 2890 4598 ἄδικον
2951 4538 3304 4617 ἐϐδελύξαντο
3365 4545 3504 4621 βίον,
3561 4543 3708 4601 ἀλλὰ
3764 4543 3858 4601 καὶ

447 4631 674 4703 Quippe
714 4631 1122 4703 Hyperboreos
1192 4632 1372 4687 etiam
1446 4631 1764 4704 perhibent
1821 4630 2089 4686 habitare

2213 4629 2408 4687 πολλοὶ
2445 4635 2554 4687 τῶν
2614 4627 2925 4707 βαρϐάρων.
2978 4634 3079 4691 Καὶ
3132 4635 3237 4709 γὰρ
3302 4634 3432 4698 τοὺς
3492 4631 3856 4711 ύπερϐορέους

440 4726 607 4776 trans
620 4721 852 4792 Ripteos
873 4725 1107 4777 montes
1117 4721 1368 4794 justitiaa
1388 4720 1585 4776 studio
1601 4719 1840 4776 assiduo
1863 4719 2088 4773 incum.

442 4809 652 4865 bentes
678 4826 691 4877 ;
714 4825 853 4865 nam
873 4826 1066 4880 neque
1090 4809 1369 4865 carnibus
1390 4813 1791 4874 vescuntur,et
1808 4807 2088 4863 arborum

440 4896 733 4953 fructibus
750 4897 993 4953 aluntur
1012 4915 1347 4971 aquamque
1362 4897 1594 4954 bibunt.
1610 4900 1680 4952 Et
1693 4896 2088 4953 Brachmanas

444 4987 505 5042 in
520 4987 680 5043 silvis
696 4986 850 5044 858
864 4987 1351 5059 degere,corpora
1366 4987 1525 5042 foliis
1556 4992 1762 5055 tectos,
1802 5002 1870 5042 ac
1898 4986 2084 5041 virtu-

444 5074 518 5130 tis
556 5076 769 5148 majori
794 5092 971 5147 quam
994 5092 1098 5147 pro
1113 5077 1373 5131 humana
1402 5075 1745 5130 conditione
1764 5074 1960 5130 studio
1987 5074 2085 5130 de-

436 5163 1007 5236 ditos.}Anacharsin
1038 5181 1274 5237 quoque
1331 5165 1607 5237 Scytham
1666 5165 2083 5237 philosophum

436 5251 620 5308 fuisse
643 5254 830 5321 aiunt,
858 5254 941 5310 ita
975 5270 1176 5310 amore
1206 5255 1511 5326 sapientia;
1542 5252 1976 5310 inﬂammatum
2018 5258 2086 5307 ut

437 5339 512 5395 ob
542 5341 837 5414 insignem
867 5345 995 5415 ejus
1023 5343 1511 5399 exercitationem
1541 5348 1718 5415 atque
1752 5350 2083 5416 temperan-

436 5426 578 5483 tiam
609 5429 686 5484 sit
714 5430 1155 5487 celeberrimus.
1202 5433 1326 5487 Non
1383 5432 1543 5487 enim
1600 5432 1849 5505 vigilans
1904 5433 2082 5489 modo

437 5516 623 5573 animi
643 5518 899 5575 motibus
920 5519 1331 5577 obluctabatur
1354 5525 1549 5577 tacens
1569 5525 1746 5593 atque
1767 5521 2081 5592 quiescens

506 5697 547 5736 ³⁸
582 5696 636 5753 ΙΙ
664 5694 795 5752 Cor.
818 5712 892 5767 γι,
925 5698 978 5767 7,
1009 5698 1063 5753 8.

2203 4720 2295 4793 μὲν
2344 4720 2512 4776 οἰκεῖν
2574 4721 2708 4795 ὑπὲρ
2755 4722 2824 4778 τὰ
2877 4728 3098 4778 Ῥιπαῖα
3155 4720 3258 4797 ὅρη
3318 4725 3501 4802 φασὶν,
3561 4726 3745 4780 ἀσκεῖν
3805 4721 3864 4780 δὶ

2199 4808 2551 4882 δικαιοσύνην
2587 4812 2661 4883 μή
2694 4818 3170 4889 κρεωφαγοῦντας,
3218 4817 3303 4888 [Ρ.
3357 4817 3485 4888 204]
3535 4815 3665 4871 ἄλλ’
3696 4816 3862 4891 ἄκρο-

2197 4894 2381 4974 δρύοις
2410 4899 2501 4954 καὶ
2550 4897 2707 4954 ὕδασι
2768 4901 3091 4975 χρωμένους
3172 4903 3275 4959 Καὶ
3332 4901 3461 4965 τοὺς
3521 4908 3855 4979 Βραχμᾶνας

2197 4987 2250 5042 έν
2280 4993 2399 5052 ταῖς
2456 4986 2615 5050 ὕλαις
2674 4987 2901 5064 διάγειν,
2948 4988 3185 5068 φύλλοις
3244 4992 3307 5046 τὸ
3367 4997 3529 5064 σῶμα
3572 4991 3856 5049 καλύπτον

2195 5098 2293 5139 τας
2349 5076 2440 5132 καὶ
2526 5077 2658 5151 ὑπὲρ
2698 5078 2980 5153 ἄνθρωπον
3038 5080 3358 5143 ἀσκοῦντας.
3418 5080 3517 5135 Καὶ
3577 5082 3853 5159 Ἀνάχαρ-

2198 5186 2279 5219 σιν
2309 5163 2365 5221 δὶ
2394 5165 2485 5220 τὸν
2516 5165 2722 5222 Σκύθσν
2755 5166 3056 5245 φιλόσοφον
3105 5176 3424 5243 γεγενῆσθαι
3480 5168 3725 5246 λέγουσι,
3758 5171 3851 5227 καὶ

2196 5255 2369 5317 οὕτως
2407 5254 2569 5310 αὐτὸν
2628 5255 2656 5309 ὁ
2712 5262 2813 5326 τῆς
2873 5256 3205 5337 φιλοσοφίας
3256 5253 3396 5333 ἔρως
3449 5257 3727 5335 ἐπύρωσεν
3779 5260 3856 5322 ὡς

2196 5344 2626 5417 ὀνομαστότατον
2657 5341 2745 5399 διὰ
2792 5343 3013 5415 πολλὴν
3067 5346 3295 5418 ἄσκησιν
3345 5347 3437 5403 καὶ
3496 5349 3855 5425 σωφροσύνην

2192 5430 2460 5505 γενέσθαι.
2497 5429 2575 5488 Ού
2609 5431 2712 5507 γὰρ
2768 5432 2935 5505 μόνον
2966 5439 3253 5511 γρηγορῶν
3305 5435 3444 5510 πρὸς
3501 5436 3571 5491 τὰ
3622 5444 3724 5507 τῆς
3751 5440 3863 5511 ψυ-

2194 5526 2306 5596 χῆς
2334 5520 2632 5597 ἠγωνίζετο
2670 5522 2816 5593 πάθη
2888 5528 3110 5581 σιωπῶν
3167 5523 3257 5580 καὶ
3328 5526 3650 5601 ἡσυχάζων,
3711 5523 3857 5583 ἀλλὰ
