4194 6198
322 379 434 439 397

1459 373 1821 435 HISTORIA
1836 371 2013 435 RUM
2056 372 2609 438 COMPENDIUM.

3617 370 3740 436 398

309 509 401 564 καὶ
455 505 733 572 καθεύδων
790 506 858 561 τὰ
914 508 1012 575 τῆς
1092 502 1447 580 σωφροσύνης
1507 504 1601 559 καὶ
1659 502 1971 580 ἐγκρατείας

2103 504 2187 562 led
2220 506 2398 563 etiam
2432 507 2734 564 dormiens
2765 507 2937 581 signa
2966 507 3374 580 temperantiae
3392 511 3568 580 atque
3599 524 3746 565 con-

318 595 522 668 ἐδήλου
566 600 790 669 σημεῖα.
824 594 1021 659 Εἰώθει
1048 595 1151 669 γὰρ
1199 598 1270 669 τῇ
1324 595 1417 667 μὲν
1467 593 1598 666 λαιᾷ
1627 595 1777 670 χειρὶ
1806 594 1873 649 τὰ
1902 591 1983 648 αἶ’-

320 685 438 742 δοῖα
466 686 745 765 κατέχειν,
775 689 846 759 τῇ
890 681 1034 754 δεξιᾷ
1073 680 1132 738 δὲ
1179 685 1247 737 τὰ
1296 681 1460 758 χείλη
1510 682 1780 762 συνέχειν,
1811 683 1982 756 ὑπεμ-

320 776 520 855 φαίνων
555 776 630 837 ὡς
660 773 863 846 πολλῷ
897 773 1082 847 μεῖζόν
1133 772 1274 828 ἐστιν
1334 774 1369 842 ἠ
1429 771 1641 848 ἀγωνία
1666 779 1767 842 τῆς
1799 769 1981 846 γλώτ-

319 887 420 936 της
445 865 539 920 καὶ
595 862 856 925 πλείονος
914 862 1233 937 ἐπικουρίας
1290 861 1367 923 εἷς
1426 859 1727 940 ἆσφᾶιλειαν
1787 859 1981 916 δεῖται.

324 957 426 1012 Καὶ
458 954 575 1027 τὸν,
602 953 846 1028 Χείρωνι
901 948 959 1006 δέ
1013 952 1320 1023 Κένταυρον
1373 949 1686 1023 ἴστοροῦσιν
1713 949 1985 1020 ’Έλληνες

328 1042 681 1112 δικαιοσύνης
748 1040 839 1095 καὶ
906 1039 1124 1117 ἁγνείας
1181 1042 1423 1116 γενέσθαι
1493 1036 1842 1110 διδάσκαλον,
1909 1038 1985 1100 ὡς

329 1133 422 1188 καὶ
451 1133 708 1206 Ὄμηρος
742 1134 1003 1204 μαρτυρεῖ
1047 1133 1240 1185 τοῦτον
1275 1197 1278 1201 ν
1311 1126 1651 1184 δικαιότατον
1696 1126 1986 1208 πεφηνέναι

333 1221 680 1291 Κενταύρων,
739 1216 828 1274 δια
899 1216 1118 1287 πολλὴν
1205 1214 1475 1289 δήπουθεν
1552 1217 1836 1292 καρτερίαν
1895 1213 1986 1271 καὶ

330 1310 648 1387 ἐγκράτειαν
679 1308 771 1364 καὶ
831 1308 1085 1380 σώματος
1143 1304 1527 1383 δουλαγωγίαν
1559 1307 1647 1363 καὶ
1679 1306 1988 1381 σύμμετρον

329 1398 676 1473 ἐπιμέλειαν.
706 1399 868 1461 ’Όθεν
897 1395 964 1467 δὴ
1000 1394 1228 1452 Πλάτων
1287 1396 1530 1472 ἐναργῶς
1581 1394 1734 1459 αὖθις
1773 1393 1987 1451 ἐκδιδά-

326 1510 475 1545 σκων
504 1488 689 1566 φησίν*
721 1485 1133 1560 Ἐπιμελεῖσθαι
1193 1483 1253 1540 δὲ
1308 1487 1562 1558 σώματος
1622 1488 1808 1561 ψυχῆς
1836 1481 1988 1540 ἕνεκα

320 1576 613 1651 ἁρμονίας,
647 1574 718 1631 δι’
750 1575 813 1630 οὗ
847 1575 1002 1650 βιοῦν
1060 1595 1119 1630 τε
1170 1571 1284 1630 ἔστι
1337 1574 1428 1628 καὶ
1477 1572 1654 1648 ὀρθῶς
1688 1574 1865 1648 βιοῦν,
1897 1573 1988 1628 καὶ

321 1663 720 1742 καταγγέλλειν
773 1665 874 1733 τῆς
930 1661 1189 1734 ἀληθείας
1246 1664 1311 1717 τὸ
1365 1664 1643 1739 κηρυγμα.
1694 1666 1864 1718 Τοῦτο
1895 1660 1987 1716 καὶ

324 1756 354 1809 ὁ
386 1759 536 1819 θεῖος
569 1748 670 1831 ἔφη
707 1751 949 1815 Παῦλος·
1008 1776 1037 1805 (ι
1070 1752 1400 1821 Ὑπωπιᾶζω
1458 1772 1564 1824 μου
1594 1751 1658 1806 τὸ
1687 1754 1848 1824 σῶμα
1893 1750 1984 1805 καὶ

324 1839 697 1919 δουλαγωγῶ,
728 1863 759 1895 π
816 1842 1062 1898 τουτέστι
1119 1840 1258 1914 πρὸς
1312 1838 1539 1910 ἄσκησιν
1593 1841 1684 1894 καὶ
1736 1840 1986 1893 σύστασιν

328 1934 465 1990 αὐτὸ
526 1935 641 2006 μετ’
681 1931 995 2004 ἐπιστήμης
1051 1930 1142 1987 καὶ
1199 1932 1518 2006 φρονήσεως
1572 1928 1852 2004 γυμνάζω,
1901 1929 1993 1984 καλι

323 2023 469 2098 πρὸς
497 2023 598 2090 τήν
653 2026 764 2076 τῶν
822 2018 1151 2095 κρειττόνων
1211 2017 1521 2094 συνεργίαν,
1554 2018 1617 2072 ού
1669 2017 1807 2093 πρὸς
1832 2015 1996 2073 ἀσέλ-

326 2112 483 2188 γιίαν
538 2109 962 2186 προνοούμενος.
1019 2109 1433 2185 Συμπεφώνηκι
1487 2106 1669 2162 τοίνυν
1724 2107 1814 2161 καὶ
1862 2105 1994 2162 τού-

326 2221 453 2262 τοις
499 2201 528 2255 ὁ
572 2199 809 2255 Πλάτων
857 2197 917 2252 εὗ
969 2195 1119 2271 μάλα
1163 2202 1284 2259 τοῖς
1334 2196 1651 2272 ἡμετέροις,
1700 2196 1801 2265 τήν
1834 2196 1997 2267 ἀναγ-

322 2289 486 2346 καίαν
553 2289 645 2344 καὶ
743 2284 965 2343 δέουσαν
1029 2285 1346 2359 ἐπιμέλειαν
1445 2290 1720 2350 ποιεῖσθαι
1778 2304 1996 2359 παρεγ-

318 2381 534 2450 κυήσας
562 2381 662 2433 τοῦ
694 2377 972 2450 σώματος.
1021 2372 1288 2448 Ὑπέδειεέ
1342 2395 1401 2429 τε
1457 2373 1622 2430 πάλιν
1677 2372 1767 2429 καὶ
1825 2371 1998 2430 διεσά.

318 2488 495 2546 φησεν
604 2467 755 2527 ὅπως
830 2462 1057 2541 ἄρχεται
1132 2465 1223 2520 καὶ
1313 2464 1526 2534 αὔξεται
1599 2465 1701 2528 τῆς
1775 2460 1998 2540 φαύλης

319 2556 623 2628 ἐπιθυμίας
687 2553 779 2608 καὶ
842 2554 1105 2624 κακίστης
1171 2553 1455 2623 συνηθείας
1523 2552 1584 2606 τὸ
1651 2550 1850 2615 πάθος,
1903 2550 1999 2627 φά-

320 2667 471 2702 σκων
520 2641 701 2707 οὕτως
757 2642 907 2718 ἀρχὴ
970 2642 1064 2716 μὶν
1118 2637 1321 2718 ἔρωτος
1377 2641 1585 2715 ὅρασις,
1644 2639 1789 2710 αὔξει
1840 2636 1898 2694 δὲ
1926 2639 1998 2694 τὸ

320 2734 502 2795 πάθος
561 2731 743 2799 ἐλπὶς,
796 2736 979 2809 τρέφει
1042 2727 1100 2785 δὲ
1150 2732 1370 2804 μνήμη,
1418 2732 1580 2805 τηρεῖ
1607 2725 1665 2783 δὲ
1712 2728 1994 2798 συνήθεια.

328 2820 431 2877 Διὸ
460 2818 554 2873 καὶ
606 2817 906 2893 Σωκράτης
955 2815 1025 2872 τὰ
1086 2816 1381 2892 βλέμματα
1436 2816 1523 2870 καὶ
1577 2813 1644 2869 τὰ
1696 2812 2001 2889 φιλήματα

326 2913 445 2964 τῶν
477 2907 772 2983 εὐμόρφων
801 2907 875 2968 ὡς
927 2905 1319 2982 χαλεπώτερον
1367 2924 1651 2980 σκορπιων
1700 2904 1791 2959 καὶ
1821 2901 1995 2983 ὄφεων

326 2997 417 3051 ἱὸν
485 2994 687 3051 ἐνιέναι
741 2994 1020 3072 πεφυκότα
1083 2993 1409 3074 ἀποφεύγειν
1478 2990 1776 3049 ἐδίδασκεν.
1842 2993 2000 3055 Ὅθεν

326 3084 465 3141 ἰδών
494 3106 622 3141 τινα
644 3086 763 3140 νέον
813 3082 1122 3164 φιλήσαντα
1166 3082 1413 3153 εῦοπτον,
1463 3107 1492 3135 ‹‹
1524 3083 1720 3153 Οὗτος,
1750 3076 1878 3160 ἔφη,
1912 3081 2001 3156 ῥᾳ-

321 3173 462 3238 δίως
522 3173 583 3230 ἄν
641 3174 732 3229 καὶ
788 3173 865 3236 εἰς
926 3173 1197 3249 μαχαίρας
1253 3167 1560 3244 κυϐιστήσῃ
1612 3171 1704 3228 καὶ
1764 3171 1842 3233 εἷς
1883 3175 1992 3247 πῦρ

320 3265 567 3339 ἐμπέση,
602 3287 632 3315 ››
663 3264 983 3333 ὁτοσαύτην
1038 3259 1297 3334 δηλονότι
1345 3263 1520 3337 πυρὰν
1568 3262 1621 3316 ἐν
1672 3262 1849 3334 ἔαυτῷ
1896 3281 1989 3315 κα-

318 3353 686 3426 τατολμήσας
730 3352 951 3427 ἀνάψαι.
1001 3350 1259 3429 Διογένης
1313 3348 1371 3407 δὶ
1422 3351 1756 3423 θεασάμενος
1808 3349 1991 3423 μειρά-

320 3468 446 3503 κιον
478 3444 869 3521 ἀσελγέστερον
923 3445 961 3515 ἢ
1020 3449 1136 3501 κατ’
1191 3441 1358 3519 ἄνδρα
1397 3441 1813 3516 κεκοσμημένον
1845 3442 1993 3497 εἶπεν

322 3561 349 3588 ιι
404 3535 470 3591 Εἰ
502 3535 599 3609 μὶν
626 3535 763 3609 πρὸς
793 3531 1011 3611 ἄνδρας,
1043 3534 1287 3608 ἀτυχεῖς,
1337 3532 1384 3587 εἶ
1433 3528 1492 3587 δὲ
1546 3532 1685 3606 πρὸς
1712 3535 1991 3605 γυναῖκας,

317 3623 556 3685 αδικεῖς.
594 3649 613 3676 ο
650 3624 870 3699 Θηρῶσι
928 3620 1019 3677 διὰ
1069 3626 1168 3678 τοῦ
1224 3620 1632 3693 καλλωπισμοῦ
1682 3620 1736 3674 οἱ
1787 3620 1882 3692 μὶν
1916 3620 1995 3674 ἱν-

313 3712 439 3789 δρες
474 3713 575 3775 τὰς
603 3718 882 3787 γυναῖκας,
934 3712 990 3767 αἱ
1046 3709 1105 3766 δὲ
1153 3715 1407 3787 γυναῖκες
1437 3709 1529 3765 καὶ
1566 3709 1620 3764 οἱ
1665 3705 1993 3784 ἀνδρόγυνοι

318 3804 452 3866 τοὺς
484 3801 706 3878 ἄνδρας.
760 3803 863 3860 Καὶ
926 3802 1111 3875 μέντοι
1168 3800 1259 3855 καὶ
1317 3798 1657 3875 Ἀγησίλαος
1715 3797 1993 3875 εὐμόρφου

321 3892 437 3968 ἤρα
484 3890 706 3961 παιδὸς,
765 3891 855 3946 καὶ
917 3888 1261 3966 βουλόμενος
1314 3888 1478 3944 αὐτὸν
1537 3886 1767 3965 φιλῆσαι
1800 3883 1993 3941 διεκώο

325 3983 459 4038 λυεν
492 3982 707 4049 ἑαυτὸν,
739 3979 950 4058 φεύγων
1006 3981 1108 4049 τήν
1163 3973 1399 4054 βλάϐην.
1455 3978 1516 4035 Ὀ
1549 3974 1608 4031 δῖε
1644 3972 1995 4049 Ἀλέξανδρος

322 4069 461 4126 οὐδὲ
495 4066 630 4125 ἰδεῖν
686 4069 782 4131 τας
842 4068 1068 4144 Δαρείου
1126 4067 1422 4145 θυγατέρας
1478 4062 1704 4127 εὐειδεῖς
1744 4066 1877 4141 ἄγαν
1904 4063 1995 4119 καὶ

324 4161 644 4238 παρθένους
674 4157 838 4220 οὔσας
886 4158 1154 4232 ἠνέσχετο
1212 4155 1514 4223 παντελῶς,
1573 4154 1799 4230 αἰσχρὸν
1832 4153 1995 4227 νομί-

324 4272 425 4315 σας
456 4253 546 4324 [Ρ.
580 4253 709 4321 205]
755 4247 849 4303 τὸν
883 4245 1078 4321 ἄνδρας
1107 4245 1301 4303 έλόντα
1360 4245 1465 4301 ὑπὸ
1525 4248 1796 4321 γυναικῶν
1824 4245 1993 4312 ἡττη-

325 4344 517 4410 θῆναι.
551 4338 712 4396 Οὕτω
765 4333 824 4393 δὲ
862 4337 954 4391 καὶ
1001 4335 1180 4411 Κύρος
1228 4337 1256 4390 ὁ
1305 4340 1527 4410 Περσῶν
1585 4332 1841 4410 βασιλεὺς
1873 4330 1999 4403 οὐδὲ

326 4429 626 4486 θεάσασθαι
655 4427 827 4503 κόρην
882 4425 1005 4480 τινὰ
1055 4422 1360 4497 θαυμασίαν
1415 4423 1799 4500 ἀφορισθεῖσαν
1851 4421 1999 4493 αὖτῷ

330 4518 428 4574 καὶ
489 4517 783 4591 ἀμήχανον
836 4513 1048 4576 κάλλος
1094 4510 1242 4589 ἔχειν
1296 4511 1747 4588 μαρτυρουμένην
1775 4508 1996 4566 κατεδέ·

2094 595 2365 653 tinentiae
2387 597 2618 655 edebat.
2644 598 2882 654 Solebat
2901 598 3058 653 enim
3082 597 3231 652 laeva
3242 613 3423 653 manu
3443 596 3743 670 pudenda,

2096 684 2304 741 dextra
2334 687 2493 743 labia
2522 694 2749 754 tenere,
2800 688 3058 743 innuens
3107 686 3296 742 multo
3340 686 3573 760 gravius
3617 702 3749 743 esse

2097 775 2661 851 adversuslinguam
2679 783 3005 842 certamen,
3037 794 3106 833 ac
3158 777 3233 833 ad
3264 777 3642 833 securitatem
3672 776 3746 833 ab

2098 880 2167 919 ea
2194 867 2592 936 prtestandam
2623 868 2836 939 majori
2866 884 3015 939 opus
3046 883 3174 922 esse
3204 866 3500 938 praasidio.
3535 866 3746 921 Chiro-

2097 972 2231 1010 nem
2262 973 2497 1029 quoque
2533 959 2890 1013 Centaurum
2948 957 3131 1013 Graeci
3190 961 3438 1012 narrant
3495 956 3745 1027 justitiw

2097 1044 2280 1100 fuisse
2297 1051 2473 1117 atque
2496 1047 2781 1102 castitatis
2804 1047 3149 1117 magistrum
3168 1060 3181 1111 ;
3200 1046 3259 1101 id
3277 1044 3433 1116 quod
3457 1046 3744 1101 Homerus

2100 1134 2279 1189 etiam
2306 1140 2577 1203 testatur,
2613 1136 2713 1205 qui
2747 1151 2881 1191 eum
2900 1135 3328 1189 Centaurorum
3353 1133 3744 1189 aitexstitisse

2092 1222 2515 1294 justissimum,
2547 1224 2830 1279 nimirum
2862 1223 2936 1279 ob
2970 1223 3246 1278 eximiam
3268 1222 3645 1278 tolerantiam
3661 1226 3746 1277 at—

2100 1326 2215 1382 que
2238 1312 2663 1367 continentiam
2678 1312 3064 1384 corporisque
3085 1311 3493 1367 subactionem
3518 1315 3575 1367 et
3601 1326 3749 1366 con-

2100 1400 2339 1456 cinnam
2367 1417 2592 1457 curam.
2634 1401 2797 1457 Unde
2852 1418 3056 1457 rursus
3101 1400 3263 1456 Plato
3313 1400 3615 1456 evidenter
3662 1399 3746 1455 sic

2100 1492 2386 1563 praecipit.
2420 1493 2630 1548 Curam
2664 1492 2930 1564 corporis
2959 1508 3163 1566 gerere
3214 1496 3448 1564 oportet
3500 1506 3652 1559 eam,
3682 1493 3749 1546 ut

2100 1596 2236 1635 cum
2259 1580 2467 1636 anima
2497 1586 2689 1636 servet
2717 1581 3112 1646 harmoniam,
3137 1586 3380 1653 propter
3409 1580 3569 1652 quod
3592 1584 3651 1635 et
3673 1578 3753 1632 vi-

2098 1669 2199 1737 vit,
2220 1675 2278 1724 et
2301 1675 2460 1724 recte
2483 1670 2705 1736 vivens,
2744 1675 2801 1724 et
2822 1669 3082 1725 veritatis
3102 1669 3471 1742 praeconium
3502 1669 3749 1733 faciens,

2100 1760 2196 1815 Sic
2224 1766 2282 1814 et
2312 1761 2372 1813 Β.
2408 1759 2625 1815 Paulus
2654 1760 2738 1815 ait
2768 1776 2941 1815 suum
2974 1776 3037 1815 se
3093 1775 3309 1831 corpus
3362 1758 3648 1815 afﬂictare
3694 1760 3754 1811 et

2099 1848 2391 1921 subigere,
2424 1848 2533 1904 hoc
2555 1854 2646 1904 est
2665 1849 3086 1906 exercitatione
3117 1864 3180 1904 se
3202 1848 3264 1904 id
3280 1848 3355 1904 ad
3376 1852 3596 1904 statum
3620 1863 3753 1903 rec-

2097 1943 2225 1992 tum
2243 1937 2500 1993 scienter
2519 1937 2965 2009 prudenterque
2986 1953 3216 2009 parare,
3248 1942 3315 1992 ut
3333 1936 3394 1993 id
3415 1936 3527 1991 sibi
3558 1936 3621 1991 in
3649 1951 3748 1991 re-

2097 2025 2209 2081 bus
2235 2026 2656 2098 praastantibus
2685 2026 3030 2097 adjumento
3064 2027 3158 2091 sit,
3184 2042 3304 2082 non
3328 2026 3381 2081 ei
3412 2025 3748 2098 prospicere

2099 2132 2231 2187 quae
2271 2115 2492 2172 faciant
2520 2114 2595 2171 ad
2624 2115 2950 2171 lasciviam.
3000 2115 3124 2181 Quo
3174 2115 3302 2171 loco
3353 2130 3487 2169 cum
3529 2112 3751 2170 nostris

2099 2203 2383 2276 praeclare
2414 2205 2693 2259 convenit
2721 2204 2974 2272 Platoni,
3009 2204 3110 2275 qui
3142 2220 3250 2259 nos
3272 2202 3446 2275 jubet
3474 2218 3755 2259 necessa-

2100 2293 2249 2348 riam
2275 2310 2343 2348 ac
2367 2293 2629 2349 debitam
2648 2294 2916 2365 corporis
2939 2309 3142 2349 curam
3164 2291 3557 2365 gerereldem
3578 2307 3754 2347 mon-

2101 2381 2308 2435 stravit
2329 2387 2507 2452 atque
2532 2382 2685 2439 859
2712 2379 3301 2452 patefecitquomodo
3325 2380 3485 2450 pravi
3508 2380 3755 2435 aﬂ‘ectus

2103 2470 2286 2525 animi
2319 2470 2609 2535 oriantur,
2644 2474 3088 2542 augeanturque
3115 2467 3471 2540 cupiditates
3492 2467 3667 2522 malm
3697 2472 3757 2521 et

2103 2558 2164 2612 in
2195 2557 2683 2614 consuetudinem
2714 2557 2955 2613 abeunt.
2989 2556 3256 2623 Initium,
3290 2555 3507 2626 inquit,
3534 2554 3757 2610 amoris

2104 2652 2192 2703 est
2223 2664 2257 2703 a
2285 2647 2413 2702 visu
2439 2663 2452 2701 :
2485 2652 2658 2719 auget
2688 2651 2885 2701 autem
2919 2662 3055 2701 eum
3087 2646 3364 2700 affectum
3395 2642 3759 2717 spes,nutrit

2104 2736 2414 2805 memoria,
2445 2741 2754 2791 conservat
2783 2735 3173 2792 consuetudo.
3229 2738 3433 2805 Itaque
3486 2734 3756 2788 Socrates

2104 2828 2353 2884 docebat
2379 2828 2564 2882 vitare
2595 2830 2981 2897 conspectum
3014 2831 3071 2880 et
3099 2822 3306 2880 oscula
3332 2822 3753 2888 formosorum,

2105 2917 2263 2990 quod
2293 2918 2418 2972 haec
2447 2917 2605 2971 virus
2635 2915 3019 2987 scorpionum
3051 2919 3108 2969 et
3147 2916 3493 2985 serpentum
3523 2926 3753 2966 veneno

2104 3007 2451 3064 damnosius
2463 3006 2873 3062 immitterent.
2890 3004 3148 3076 Ideoque
3170 3019 3421 3059 cernens
3434 3001 3755 3072 quemdam

2103 3097 2365 3153 formoso
2386 3095 2746 3152 adolescenti
2766 3093 3037 3150 osculum
3058 3092 3198 3148 dare
3228 3113 3253 3145 ιι
3276 3091 3400 3159 Hic,
3416 3090 3630 3161 inquit,
3661 3089 3755 3144 vel

2108 3186 2169 3241 in
2195 3186 2456 3257 gladium
2488 3184 2743 3240 insiliret
2772 3183 2862 3238 vel
2909 3182 2973 3237 in
3017 3183 3218 3255 ignem
3268 3196 3331 3236 se
3380 3178 3690 3251 abjiceret,
3724 3198 3755 3227 ››

2105 3275 2333 3331 scilicet
2362 3274 2463 3346 qui
2496 3279 2725 3331 tantum
2752 3273 2812 3327 in
2846 3271 3040 3343 seipso
3066 3286 3274 3344 rogum
3294 3268 3618 3325 accendere
3650 3283 3759 3323 au-

2104 3380 2205 3420 sus
2236 3369 2410 3420 esset.
2444 3364 2734 3434 Diogenes
2770 3364 2971 3417 autem
3002 3357 3517 3416 adolescentulum
3546 3354 3756 3412 videns

2101 3454 2378 3510 lascivius
2407 3469 2585 3524 quam
2617 3468 2755 3507 eum
2804 3466 3011 3507 sexum
3061 3449 3229 3505 decet
3275 3452 3575 3513 ornatum,
3631 3468 3659 3496 «
3692 3445 3752 3501 Si

2102 3543 2367 3614 quidem,
2390 3542 2604 3612 inquit,
2634 3540 2775 3595 viris
2802 3546 2859 3594 te
2880 3540 2962 3595 ita
2983 3555 3183 3607 ornas,
3212 3538 3618 3592 infortunatus
3651 3549 3753 3591 es:

2103 3633 2195 3687 sin
2226 3631 2598 3696 mulieribus,
2626 3629 2847 3700 injuste
2878 3627 3044 3683 facis.
3078 3648 3107 3677 »
3137 3628 3284 3682 Nam
3335 3625 3445 3679 viri
3472 3623 3761 3679 mulieres

2104 3726 2314 3777 ornatu
2345 3723 2606 3790 captant,
2638 3716 2920 3772 mulieres
2951 3720 3150 3770 autem
3183 3720 3241 3770 et
3265 3713 3525 3769 semiviri
3574 3712 3751 3769 viros.

2103 3811 2254 3865 Sane
2269 3807 2573 3880 Agesilaus
2590 3822 2826 3877 quoque
2857 3805 3182 3861 formosum
3207 3801 3445 3857 amabat
3476 3816 3752 3872 puerum,

2105 3912 2359 3968 eumque
2400 3894 2670 3952 osculum
2728 3892 2840 3948 sibi
2897 3893 3183 3947 ferentem
3236 3889 3464 3962 rejecit,
3525 3888 3752 3943 evitans

2104 3987 2409 4043 damnum.
2442 3981 2773 4039 Alexander
2803 3981 2959 4037 Darii
2985 3979 3456 4046 ﬁlias,formosas
3476 3976 3757 4050 virgines,

2104 4092 2182 4131 ne
2210 4074 2406 4130 videre
2462 4072 2702 4143 quidem
2761 4069 2968 4137 voluit,
3008 4074 3177 4140 turpe
3235 4073 3398 4123 ratus
3456 4081 3592 4122 eum
3650 4063 3755 4135 qui

2105 4166 2260 4219 viros
2291 4163 2527 4217 vicisset
2555 4178 2590 4216 a
2618 4159 2970 4215 mulieribus
2991 4158 3170 4213 vinci.
3198 4158 3286 4212 Ita
3305 4157 3489 4227 Cyrus
3518 4169 3756 4226 quoque

2106 4256 2419 4310 Persarum
2458 4268 2561 4307 rex
2618 4265 2813 4321 neque
2870 4247 3090 4304 intueri
3152 4244 3437 4302 sustinuit
3496 4242 3760 4316 puellam

2106 4342 2425 4416 quamdam
2446 4341 2560 4414 ipsi
2584 4344 2940 4412 exemptam,
2974 4338 3143 4410 cujus
3167 4335 3539 4392 admirabilis
3567 4334 3761 4390 forma

2108 4430 2578 4506 praedicabatur:
2624 4430 2769 4502 quin
2804 4433 2863 4484 et
2911 4427 2964 4483 ei
3004 4427 3107 4499 qui
3138 4443 3201 4482 se
3232 4442 3364 4482 eam
3422 4424 3633 4481 crebro
3662 4423 3759 4478 vi-

2108 4521 2249 4577 dere
2280 4535 2476 4592 neque
2505 4518 2644 4575 inde
2675 4517 2999 4589 quidquam
3030 4514 3172 4572 mali
3193 4514 3412 4571 habere
3428 4512 3760 4579 dictitabat,

331 4610 493 4679 ξατο,
526 4605 677 4661 ἀλλὰ
725 4626 787 4679 γε
832 4604 924 4660 καὶ
974 4608 1055 4676 τῷ
1100 4605 1301 4679 ὁρῶντι
1343 4606 1581 4678 συνεχῶς
1611 4601 1703 4657 καὶ
1737 4599 1907 4676 μηδὲν
1938 4599 1993 4657 ’ἐκ

2111 4609 2300 4665 suasit
2322 4625 2397 4664 ne
2428 4608 2539 4663 hoc
2570 4607 2661 4662 vel
2689 4605 2911 4661 faceret
2941 4603 3030 4660 vel
3071 4603 3336 4669 diceret;
3367 4602 3566 4674 ignem
3600 4599 3761 4655 enim

329 4696 538 4751 τούτου
572 4690 749 4748 δεινὸν
780 4692 1012 4771 πάσχειν
1072 4690 1283 4768 λέγοντι
1341 4690 1573 4766 παρῄνει
1633 4691 1773 4762 μήτε
1816 4688 1996 4765 λέγειν

327 4788 501 4839 τοῦτο
538 4783 680 4855 μήτε
708 4779 984 4855 πράττειν.
1017 4803 1046 4832 cc
1078 4780 1158 4836 Τὸ
1210 4779 1306 4851 μὶν
1359 4778 1463 4852 γὰρ
1520 4781 1648 4852 πῦρ,
1681 4775 1838 4850 φησί,
1867 4777 1995 4839 τοὺς

330 4871 587 4943 πλησίον
641 4870 818 4939 πάντη
876 4868 1110 4932 ἑστῶτας
1163 4866 1327 4935 καίει,
1390 4866 1453 4921 τὸ
1536 4863 1592 4921 δὲ
1646 4863 1856 4929 κάλλος
1905 4866 1996 4921 καὶ

329 4961 468 5022 τοὺς
495 4959 781 5033 πόρρωθεν
811 4958 1070 5018 ἑστῶτας.
1103 4981 1132 5009 ››
1166 4956 1316 5013 Ἐπεὶ
1360 4953 1453 5010 οὖν
1496 4955 1560 5009 τὸ
1610 4953 1732 5030 ἐρᾷν
1787 4954 1848 5010 ἐκ
1901 4958 1998 5009 τοῦ

335 5051 477 5125 ὀρνᾷ
502 5049 745 5104 τίκτεται
800 5048 892 5102 καὶ
949 5044 1009 5100 ἐκ
1058 5049 1156 5100 τοῦ
1208 5044 1331 5119 ἐρᾷν
1362 5046 1397 5114 ἡ
1430 5044 1816 5118 συγκατάθεσις
1857 5044 2000 5120 γίνε-

336 5160 429 5195 ται
459 5138 549 5193 καὶ
585 5136 645 5192 ἐκ
682 5144 784 5207 τῆς
844 5133 1280 5210 συγκαταθέσεως
1317 5136 1351 5203 ἡ
1401 5135 1592 5207 πρᾶξις
1645 5131 1998 5200 ἐπιτελεῖται,

340 5226 437 5283 διὰ
463 5231 625 5282 τοῦτο
655 5226 746 5281 καὶ
778 5226 807 5280 ὁ
838 5224 1079 5300 Χριστὸς
1125 5224 1216 5278 τὸν
1276 5219 1591 5283 ἀκολάστως
1622 5221 1878 5279 ἑστιῶντα
1905 5223 2001 5285 τὰς

338 5316 498 5389 ὄψεις
534 5314 735 5393 μοιχὸν
763 5307 990 5387 ἔκρινεν,
1034 5312 1096 5367 ού
1124 5312 1227 5380 τὴν
1276 5311 1467 5387 πρᾶξιν
1517 5309 1707 5383 μόνην,
1737 5308 1887 5379 ἀλλά
1912 5301 2003 5366 καὶ

333 5406 440 5475 τήν
498 5399 711 5459 ἔννοιαν
788 5398 1274 5475 προαναστέλλων.
1337 5398 1442 5456 Καὶ
1496 5399 1525 5453 ὁ
1584 5400 1887 5475 Σωκράτης
1949 5400 2008 5457 δὲ

336 5491 511 5548 πάλιν
577 5491 944 5555 φυλάττεσθαι
1004 5486 1213 5567 σφόδρα
1269 5488 1362 5543 καὶ
1423 5490 1848 5563 παρατηρεῖσθαι
1908 5492 2008 5560 τήν

339 5582 601 5657 ἀκρασίαν
667 5577 942 5637 διδάσκων
1028 5571 1131 5658 ἔφη
1218 5578 1294 5651 μὴ
1376 5581 1671 5639 πεινῶντας
1736 5574 1859 5634 λίαν
1930 5582 2007 5654 μὴ

2105 4699 2348 4755 omnino
2375 4703 2637 4753 astantes
2663 4711 2859 4764 urere,
2885 4691 3463 4749 amorisincendium
3483 4689 3664 4745 etiam
3685 4685 3760 4742 ad

2105 4792 2367 4844 remotos
2380 4785 2996 4859 pertinere.Quoniam
3012 4782 3191 4855 igitur
3202 4781 3356 4837 860
3368 4796 3440 4834 ex
3452 4778 3577 4833 visu
3593 4788 3761 4831 amor

2106 4876 2395 4939 nascitur,
2419 4874 2587 4946 isque
2619 4889 3004 4941 consensum,
3037 4884 3365 4927 consensus
3411 4865 3642 4922 facinus
3672 4860 3762 4935 gi-

2107 4966 2254 5039 gnit,
2280 4964 2500 5020 idcirco
2522 4963 2791 5019 Christus
2814 4978 2950 5017 eum
2983 4960 3083 5032 qui
3116 4957 3321 5014 oculos
3354 4955 3760 5025 intemperan-

2109 5062 2200 5112 ter
2232 5055 2424 5129 pascit
2451 5053 2787 5110 adulterum
2808 5050 3114 5119 indicavit,
3135 5064 3254 5103 non
3276 5064 3311 5102 a
3328 5046 3484 5101 facto
3506 5046 3763 5111 tantum,

2111 5143 2212 5199 sed
2248 5142 2541 5199 maturius
2573 5140 2751 5196 etiam
2785 5156 2820 5195 a
2847 5136 3204 5211 cogitatione
3232 5133 3380 5190 facti
3416 5131 3761 5188 dehortans.

2112 5234 2367 5288 Rursum
2423 5232 2716 5294 Socrates,
2776 5243 2909 5283 cum
2982 5226 3156 5281 docet
3240 5219 3764 5294 intemperantiam

2114 5335 2489 5391 summopere
2520 5318 2727 5381 vitare,
2759 5315 2874 5371 nisi
2905 5310 3225 5369 admodum
3257 5310 3617 5366 esurientem
3642 5323 3764 5363 non

2118 5408 2292 5464 edere
2322 5424 2517 5478 neque
2566 5406 2767 5461 bibere
2822 5402 2937 5458 nisi
2988 5398 3322 5456 vehementi
3371 5403 3617 5471 urgente
3665 5392 3765 5451 siti

2111 5495 2304 5568 jubet.
2343 5495 2431 5550 Ac
2458 5494 2725 5550 Christus
2755 5507 2992 5564 quoque
3022 5488 3171 5546 tales
3201 5488 3405 5545 beatos
3460 5485 3766 5560 praedicat,

2122 5584 2186 5639 in
2218 5583 2567 5638 beatitatum
2598 5581 3069 5639 enumeratione.

347 5671 567 5744 ἐσθίειν,
625 5668 772 5745 μηδὲ
837 5669 1107 5745 διψῶντας
1174 5664 1362 5723 πολλά
1430 5667 1508 5740 μὴ
1568 5664 1759 5721 πίνειν
1818 5669 1909 5723 καὶ
1956 5669 2058 5746 γὰρ
2117 5672 2146 5727 ὁ
2193 5669 2381 5746 κύριος
2433 5668 2728 5743 ἐμακάοισε
2778 5667 2909 5731 τοὺς
2965 5664 3248 5728 τοιούτους
3279 5663 3335 5722 ἐν
3369 5668 3488 5726 τοῖς
3541 5679 3767 5740 μακαρι·

351 5766 536 5835 σμοῖς,
