4194 6198
474 392 592 455 399

1823 373 2146 437 GEORGII
2190 374 2531 436 CEDRENI

3752 364 3876 427 400

543 531 686 586 Post
739 522 1045 582 Claudium
1131 495 1444 590 imperavit
1517 516 1689 579 Nero,
1749 512 1908 569 filius
1966 512 2119 584 ejus,

2306 510 2457 568 Μετὰ
2513 506 2571 565 δὲ
2630 505 2897 564 Κλαύδιον
2951 501 3267 562 ἐϐασίλευσε
3321 503 3511 580 Νέρων
3542 503 3572 557 ὁ
3610 500 3727 562 υἱὸς
3782 522 3882 556 αυ-

466 634 657 675 annos
674 617 755 671 14.
780 615 861 669 De
875 613 987 667 hoc
1001 608 1268 666 exstabat
1278 604 1585 662 oraculum
1599 626 1627 654 «
1641 603 1890 660 ultimus
1909 605 2114 657 Enea-

462 707 603 762 dum
619 701 932 759 matrieida
945 696 1313 770 imperitabit
1333 713 1346 750 :
1370 716 1398 745 »
1417 692 1746 749 deducebat
1757 692 1916 747 enim
1933 707 2119 763 genus

456 794 531 850 ab
562 796 745 848 Enea
772 805 880 861 per
909 787 1232 843 Romulum
1282 790 1341 840 et
1368 786 1722 855 Augustum.
1767 783 1843 849 Is,
1895 797 2032 837 cum
2062 779 2115 834 ei

455 881 873 939 conﬁrmatum
902 881 1062 932 esset
1085 871 1716 946 imperium,turpibus
1734 887 1863 926 sese
1875 868 2116 942 ﬂagitiis

457 969 684 1026 dedidit
715 966 1047 1037 studiisque
1077 964 1151 1020 ab
1203 962 1399 1019 officio
1449 960 1826 1033 imperatoris
1874 973 2115 1030 prorsus

364 1122 369 1129 ,
455 1058 701 1115 alienis:
737 1055 953 1111 ﬁdibus
981 1053 1143 1110 enim
1204 1051 1468 1115 ludebat,
1519 1049 1834 1122 tragmdias
1885 1046 2114 1121 agebat,

456 1148 641 1220 inque
668 1146 903 1202 theatro
934 1141 1208 1199 saltabat.
1243 1142 1426 1196 Porro
1458 1144 1657 1195 autem
1690 1137 1939 1208 reliquis
1990 1136 2113 1192 suis

458 1235 786 1294 sceleribus
815 1233 928 1287 hoc
959 1231 1188 1288 addidit
1215 1234 1284 1284 ut
1317 1234 1500 1285 Deum
1539 1232 1931 1300 oppugnaret,
1990 1225 2114 1296 pri-

454 1338 708 1394 musque
740 1325 1086 1393 persecutor
1117 1317 1291 1374 Verbi
1323 1318 1426 1373 Dei
1471 1316 1714 1371 exstitit.
1770 1317 1932 1380 Post,
1979 1329 2115 1369 cum

457 1414 512 1470 ei
543 1411 776 1468 insidia,
803 1408 1084 1465 adversus
1117 1407 1312 1479 ipsum
1343 1410 1583 1462 structa:
1617 1409 1819 1461 essent
1847 1404 2114 1467 detectas,

455 1508 731 1570 matrem,
760 1515 1028 1556 sororem
1057 1512 1427 1568 uxoremque
1456 1512 1592 1551 suas
1614 1499 1881 1549 extrema
1907 1493 2115 1548 incita-

455 1597 553 1649 tus
605 1589 842 1646 insania
894 1587 1212 1655 interfecit,
1262 1586 1530 1656 aliosque
1579 1586 1930 1640 innumeros
1979 1598 2116 1638 suos

450 1685 732 1752 cognatos
760 1678 1034 1748 virosque
1069 1676 1337 1732 illustres
1365 1677 1592 1742 Roma),
1623 1678 1897 1729 metuens
1936 1688 2010 1727 ne
2042 1669 2115 1726 ab

2232 605 2355 672 τοῦ,
2380 596 2474 673 ἔτη
2512 599 2595 657 ιδ’.
2629 601 2758 676 Περὶ
2790 599 2852 654 οὗ
2884 598 3074 676 λόγιον
3106 599 3194 669 ἦν,
3231 621 3261 649 α
3292 599 3571 671 ’Έσχατος
3608 591 3879 651 Αίνεαδῶν

2227 694 2607 769 μητροκτόνος
2662 689 3039 768 ἡγεμονεύσειο
3091 713 3121 742 ››
3179 689 3450 763 κατήγετο
3507 686 3611 762 γὰρ
3668 684 3729 739 ἐκ
3781 690 3883 753 τῆς

2222 786 2405 857 γενεᾶς
2461 782 2680 839 Αἰνείου
2736 780 2825 835 καὶ
2882 779 3173 853 Ῥωμύλου
3229 778 3320 833 καὶ
3386 776 3728 853 Αὐγούστου,
3771 774 3877 829 Οὗ-

2222 893 2317 935 τος
2368 869 2805 948 κραταιουμὲνης
2856 868 3006 941 αύτῷ
3076 872 3174 941 τῇς
3241 867 3423 941 ἀρχῆς
3482 863 3561 927 εἷς
3628 862 3879 925 ἀνοσίους

2223 961 2440 1037 πράξεις
2472 960 2726 1030 ἐξώκειλε
2772 959 2863 1014 καὶ
2905 955 3174 1032 ἀλλότρια
3219 962 3321 1025 τῆς
3373 952 3650 1030 βασιλείας
3681 951 3876 1024 ἐπετή-

2224 1047 2343 1105 δευε
2394 1049 2706 1126 πράγματα,
2763 1046 3056 1122 κιθαρίζων
3104 1046 3209 1100 ’καὶ
3270 1040 3563 1119 τραγῳδῶν
3618 1042 3707 1097 καὶ
3767 1042 3873 1116 ὀρ-

2224 1143 2496 1217 χούμενος
2552 1140 2640 1197 ἐπὶ
2695 1145 2803 1196 τῶν
2862 1139 3119 1214 θεάτρων.
3188 1138 3291 1194 Καὶ
3354 1135 3491 1212 πρὸς
3542 1134 3759 1197 τούτοις
3814 1131 3871 1189 ἐν

2223 1230 2421 1292 πάσαις
2451 1230 2617 1285 αὐτοῦ
2646 1229 3090 1305 ἀθεμιτουργίαις
3144 1227 3237 1282 καὶ
3290 1227 3355 1281 τὸ
3408 1232 3508 1295 τῆς
3566 1223 3872 1298 θεομαχίας

2224 1320 2528 1396 προσέθηκε
2586 1320 2775 1391 μύσος,
2845 1314 3083 1388 διώκτης
3154 1320 3371 1390 πρῶτος
3428 1313 3719 1389 γενόμενος
3773 1315 3874 1368 τοῦ

2226 1407 2373 1472 θείου
2428 1408 2628 1484 Λόγου.
2692 1406 2839 1464 Μετᾶ
2896 1403 2953 1460 δὲ
3006 1408 3176 1459 ταῦτα
3233 1398 3535 1472 ἐπιϐουλῆς
3563 1402 3681 1484 κατ’
3710 1399 3878 1456 αὐτοῦ

2230 1481 2560 1571 μηνυθείσης
2617 1497 2790 1568 αὐτῷ,
2851 1494 2927 1557 sic
2987 1492 3153 1568 ἄκρον
3217 1493 3409 1566 μανίας
3468 1481 3642 1547 ἐλθὼν
3694 1489 3879 1546 ἀνεῖλε

2222 1588 2324 1656 τήν
2375 1585 2583 1661 μητέρα
2630 1584 2796 1640 αύτοῦ
2843 1585 2935 1641 καὶ
2982 1587 3084 1654 τὴν
3132 1580 3374 1659 ἂδέλφὴν
3424 1581 3593 1637 αύτοῦ
3646 1579 3736 1636 καὶ
3773 1581 3875 1649 τὴν

2222 1679 2452 1751 γυναῖκα
2478 1675 2644 1730 αύτοῦ
2699 1673 2789 1729 καὶ
2848 1672 3055 1735 ἄλλους
3116 1672 3347 1747 μυρίους
3402 1675 3483 1743 τῷ
3535 1669 3674 1747 γένει
3702 1688 3878 1743 προσ-

452 1768 529 1824 iis
558 1784 665 1840 per
694 1766 1046 1823 seditionem
1096 1766 1508 1837 impeteretur.
1563 1762 1881 1819 Interfecta
1930 1777 2113 1816 uxore

2228 1764 2458 1835 ήκοντας
2486 1761 2733 1825 καὶτοὺς
2777 1761 2828 1817 ἐν
2879 1762 3070 1836 Ῥώμῃ
3129 1759 3460 1834 ἐπισήμους,
3516 1760 3616 1827 τήν
3672 1757 3724 1829 ἐξ
3776 1757 3878 1812 αὐ-

455 1856 795 1913 eunuchum
825 1855 1026 1911 uxoris
1082 1854 1214 1909 loco
1265 1852 1454 1909 duxit.
1510 1853 1561 1907 is
1610 1854 1760 1907 Nero
1809 1849 2110 1922 principes

2228 1827 2328 1904 τῶν
2370 1848 2723 1905 ἐπανάστασιν
2777 1827 3153 1926 ὑφορώμενος.
3215 1827 3362 1904 Μετὰ
3418 1843 3476 1901 δὲ
3545 1846 3607 1901 τὸ
3662 1827 3877 1900 ἀνελεῖν

453 1944 856 2018 apostolorum
888 1945 1130 1998 Petrum
1173 1957 1241 1998 ac
1273 1940 1523 1996 Paulum
1581 1939 1918 2009 multosque
1968 1936 2117 1993 alios

458 2039 754 2106 martyres
812 2032 1129 2088 interfecit.
1186 2033 1268 2086 Eo
1318 2031 1649 2101 imperante
1696 2029 1876 2083 etiam
1937 2026 2122 2092 Iudaei

463 2123 748 2179 Iacobum
777 2121 1022 2177 fratrem
1057 2119 1291 2175 Domini
1322 2121 1705 2174 necaverunt.
1734 2117 1790 2171 Is
1834 2115 1908 2171 ab
1952 2119 2121 2170 utero

467 2210 677 2267 matris
708 2215 906 2265 castus
958 2208 1173 2275 fuerat,
1218 2207 1419 2262 vinum
1441 2206 1708 2276 aliosque
1758 2204 2123 2260 inebriantes

467 2299 614 2357 86!
662 2302 840 2370 potus
886 2312 1200 2367 nunquam
1251 2295 1502 2359 biberat,
1558 2293 1832 2350 animans
1887 2291 2123 2348 nullum

471 2386 697 2454 ederat,
728 2384 1018 2442 novacula
1047 2389 1224 2457 caput
1254 2384 1443 2456 ipsius
1473 2399 1782 2454 nunquam
1829 2383 2103 2455 tetigerat
2123 2430 2137 2457 ,

473 2475 608 2532 oleo
629 2479 846 2531 unctus
869 2479 927 2529 et
947 2473 1166 2529 balneo
1195 2488 1342 2528 usus
1366 2488 1488 2527 non
1510 2472 1722 2527 fuerat.
1754 2472 1807 2527 Is
1828 2470 1957 2542 jam
1988 2470 2126 2527 inde

467 2566 543 2622 ab
573 2564 769 2622 reditu
798 2564 1014 2619 Christi
1044 2563 1106 2618 in
1137 2563 1317 2619 caelos
1346 2562 1659 2633 episcopus
1701 2560 2125 2633 Hierosolyma;

464 2652 664 2709 fuerat
690 2656 945 2708 creatus.
981 2652 1182 2706 Genua
1214 2666 1390 2722 porro
1438 2650 1627 2720 ipsius
1679 2649 1869 2704 callos
1913 2647 2126 2704 cameli

473 2741 666 2797 instar
694 2755 952 2812 genuum
983 2738 1378 2805 obduxerant,
1413 2737 1571 2808 quod
1601 2737 1664 2791 in
1697 2753 1766 2792 ea
1805 2736 2129 2792 identidem

479 2827 768 2884 adorandi
788 2825 889 2881 Dei
908 2842 1087 2881 causa
1107 2825 1460 2880 consideret.
1494 2826 1696 2894 Itaque
1722 2824 1796 2878 ob
1829 2824 2126 2879 excelleno

476 2921 603 2973 tem
613 2914 911 2987 justitiam
924 2913 1457 2984 admirabilemque
1477 2913 1609 2969 vita:
1622 2913 1915 2969 rationem
1927 2914 2129 2969 Justus

476 3003 916 3077 appellabatur,
946 3007 1007 3057 et
1032 3003 1248 3072 Oblias,
1289 3001 1447 3074 quod
1494 3001 1697 3074 populi
1754 3002 2129 3074 complexum

482 3092 742 3149 denotat.
777 3092 946 3149 Hunc
971 3092 1273 3159 Iacobum,
1299 3092 1489 3146 virum
1510 3090 2130 3157 venerabilem,hon0'

2221 1940 2322 2008 τήν
2380 1944 2612 2013 γυναῖκα
2666 1935 2871 2014 ἔγημεν
2933 1937 3218 2013 εὐνοῦχον.
3285 1938 3455 1997 Οὗτος
3510 1933 3692 1991 ἀνεῖλε
3744 1934 3875 1996 τοὺς

2224 2027 2552 2107 κορυφαίους
2581 2026 2928 2089 ἀποστόλους
2970 2026 3174 2102 Πέτρον
3224 2025 3314 2080 καὶ
3364 2022 3577 2080 Παῦλον
3606 2024 3698 2079 καὶ
3728 2021 3873 2078 πολ-

2227 2115 2359 2177 λοὺς
2416 2114 2630 2193 ἑτέρους
2691 2116 2985 2191 μάρτυρας.
3053 2116 3168 2195 Ἐφ’
3226 2115 3288 2169 οὗ
3337 2115 3423 2169 καὶ
3487 2110 3741 2169 Ἰουδαῖοι
3781 2111 3876 2165 τὸν

2225 2202 2554 2284 ἀδελφόθεον
2588 2199 2850 2264 Ἰάκωϐον
2880 2206 3216 2273 ἀπέκτειναν,
3275 2202 3333 2265 ὅς
3391 2202 3553 2280 ἁγνὸς
3611 2201 3877 2276 ὑπάρχων

2226 2293 2287 2350 ἐκ
2315 2293 2531 2356 κοιλίας
2582 2296 2793 2370 μητρὸς
2846 2295 2987 2349 οἶνον
3043 2294 3134 2349 καὶ
3185 2292 3368 2367 σίκερα
3424 2292 3523 2347 ούκ
3571 2285 3740 2358 ἔπιεν,
3770 2287 3879 2362 ἔμ-

2229 2387 2409 2460 ψυχον
2462 2384 2562 2440 οὐκ
2618 2382 2780 2461 ἔφαγε
2835 2385 3078 2453 πώποτε,
3138 2382 3294 2453 ξυρὸς
3352 2381 3441 2437 ἐπὶ
3491 2383 3591 2450 τήν
3631 2376 3875 2456 κεφαλὴν

2231 2472 2395 2529 αὐτοῦ
2425 2472 2524 2529 ούκ
2551 2468 2740 2544 ἀνέϐη,
2771 2472 2943 2543 ἐλαίῳ
2993 2473 3095 2527 οὐκ
3144 2471 3438 2546 ἠλείψατο,
3473 2469 3748 2545 βαλανείῳ
3780 2468 3881 2523 οὐκ

2231 2563 2531 2641 εχρήσατο.
2583 2563 2755 2625 Οὗτος
2806 2561 2897 2617 ἐπὶ
2952 2566 3049 2616 τοῦ
3108 2560 3308 2636 Κυρίου
3366 2560 3665 2621 ἐπίσκοπος
3693 2565 3794 2627 τῆς
3826 2556 3881 2613 ἐν

2230 2636 2638 2727 Ἱεροσολύμοις
2694 2650 3022 2720 Ἐκκλησίας
3079 2651 3336 2721 κατὲστη,
3410 2650 3478 2703 τά
3555 2645 3614 2703 δὶ
3677 2648 3880 2724 γόνατα

2232 2738 2398 2794 αὐτοῦ
2447 2742 2586 2810 ἦσαν
2640 2738 3023 2809 ἀπεσκληκότα
3079 2738 3155 2800 ὡς
3209 2734 3469 2811 καμήλου
3524 2736 3585 2791 ἐκ
3639 2740 3738 2790 τοῦ
3794 2735 3882 2790 ἀεὶ

2232 2829 2500 2901 κάμπτειν
2532 2829 2717 2884 ἑαυτὸν
2769 2827 2858 2883 καὶ
2913 2831 2996 2899 τῷ
3051 2831 3167 2899 Θεῷ
3223 2830 3556 2901 προσκυνεῖν.
3601 2826 3756 2882 Ὃθεν
3790 2822 3881 2879 διὰ

2233 2918 2333 2986 τήν
2394 2912 2706 2994 ὑπερϐολὴν
2754 2923 2854 2986 τῆς
2907 2912 3258 2986 δικαιοσύνης
3312 2914 3478 2970 αὐτοῦ
3534 2915 3623 2969 καὶ
3676 2924 3884 2987 θαυμα-

2234 3011 2365 3075 στῆς
2420 3004 2703 3067 πολιτείας
2756 3003 3002 3061 ἐκαλεῖτο
3056 3002 3264 3065 δίκαιος
3313 3003 3407 3059 καὶ
3460 2997 3651 3064 ὀόλίας
3679 3004 3817 3076 (46),
3848 3001 3880 3056 ὃ

2234 3093 2346 3150 ἐστι
2374 3097 2613 3170 περιοχή
2661 3094 2799 3150 λαοῦ
2855 3115 2944 3149 και
3003 3091 3340 3164 δικαιοσύνη.
3374 3090 3525 3148 Ἐπεὶ
3556 3091 3648 3145 οὗν
3680 3088 3884 3145 αἷδὲσι-

468 3186 669 3238 ratum
699 3186 760 3237 et
803 3181 1261 3238 celeberrimum
1313 3179 1781 3251 angelorumque
1837 3179 2118 3247 similem,

2239 3203 2338 3256 μος
2375 3182 2464 3238 καὶ
2495 3177 2789 3256 σεϐάσμιος
2842 3182 2932 3237 καὶ
2990 3178 3196 3259 σφόδρα
3254 3175 3587 3256 περιϐόητος
3630 3179 3883 3258 ὑπῆρχεν

473 3287 613 3328 cum
641 3271 946 3327 Paschalis
1002 3269 1292 3326 festivitas
1349 3274 1641 3342 ageretur,
1701 3285 1770 3324 ac
1826 3268 2123 3339 permulta

468 3359 808 3416 Iudaaorum
837 3359 1031 3415 millia
1058 3359 1120 3414 in
1160 3357 1371 3414 urbem
1406 3356 1859 3425 confluxissent,
1911 3355 2121 3412 scribas

464 3452 525 3503 et
553 3447 890 3504 sacerdotes
926 3447 992 3504 in
1019 3445 1230 3518 templi
1262 3444 1582 3518 pinnaculo
1642 3446 2119 3512 constituerunt;

462 3543 646 3609 utque
666 3537 882 3595 Christi
902 3535 1241 3609 praedicatio
1250 3551 1388 3591 nem
1408 3534 1967 3607 abolerent,magna
1984 3550 2122 3589 voce

464 3625 549 3681 ita
576 3631 721 3682 sunt
750 3626 953 3682 aﬂ‘ati:
1008 3627 1083 3680 Te
1140 3626 1303 3681 Iuste
1349 3624 1680 3691 hortamur,
1733 3628 1799 3678 ut
1846 3623 2120 3679 universo

462 3716 687 3788 populo
717 3715 903 3785 dicas,
935 3731 1011 3770 ne
1043 3730 1243 3770 errore
1275 3712 1515 3769 abducti
1547 3728 1683 3767 eum
1715 3712 1815 3783 qui
1854 3712 2122 3768 Christus

463 3809 789 3877 usurpatur
813 3807 1138 3863 sectentur.
1176 3803 1302 3859 Tibi
1328 3803 1493 3858 enim
1531 3818 1643 3858 nos
1676 3817 1885 3857 omnes
1943 3801 2122 3856 ﬁdem

462 3892 780 3962 habemus,
808 3909 985 3964 quem
1006 3893 1227 3948 scimus
1243 3892 1475 3964 justum
1494 3906 1625 3946 esse
1654 3896 1712 3946 et
1732 3907 2120 3962 personarum

460 3984 758 4039 rationem
788 3982 1019 4038 nullam
1051 3980 1291 4038 ducere.
1320 3981 1423 4035 Dic
1447 3996 1582 4052 ergo
1614 3979 1810 4046 nobis,
1872 3997 2003 4051 qum
2035 3985 2125 4035 est

452 4073 646 4146 janua
667 4071 847 4128 Iesu?
864 4070 954 4127 Ad
978 4070 1222 4125 haecille
1240 4086 1255 4136 ;
1273 4068 1425 4136 Quid
1447 4068 1784 4138 me,inquit,
1800 4067 1871 4123 de
1890 4069 2121 4124 Christo

460 4159 883 4235 interrogatis?
915 4161 968 4214 ls
1000 4158 1243 4229 quidem
1275 4158 1338 4212 in
1364 4156 1509 4212 cmlo
1543 4156 1617 4212 ad
1660 4155 1966 4213 dexteram
2014 4158 2120 4213 Dei

464 4249 655 4319 sedet,
684 4248 946 4320 indeque
976 4246 1174 4303 veniet
1203 4251 1404 4301 vectus
1433 4245 1692 4302 nubibus
1712 4245 2116 4315 cmli,reddet-

463 4354 578 4410 que
609 4336 930 4408 unicuique
961 4351 1031 4391 ea
1074 4350 1205 4407 qua)
1261 4334 1509 4389 meritus
1570 4333 1700 4390 fuit.
1762 4334 1927 4389 Multi
1977 4351 2112 4408 ergo

463 4424 794 4482 certissime
823 4440 959 4480 vera
987 4439 1115 4481 esse
1145 4439 1277 4496 qua:
1314 4422 1569 4479 Iacobus
1600 4422 1833 4478 dixerat
1860 4424 2117 4480 creden-

460 4520 551 4572 tes
576 4514 1088 4572 exclamaverunt:
1117 4537 1145 4565 ‹‹
1169 4515 1445 4570 Hosanna
1463 4514 1611 4570 Filio
1634 4514 1856 4570 Davidi.
1890 4538 1917 4565 »
1951 4515 2117 4581 Quod

468 4620 604 4660 cum
635 4603 912 4660 audirent
940 4604 1107 4677 impii
1139 4603 1475 4659 sacerdotes
1503 4608 1681 4674 atque
1705 4602 1935 4671 scribas,
1958 4604 2113 4659 voci-

463 4693 638 4749 ferati
668 4699 842 4749 sunt:
872 4713 898 4745 ι
920 4691 1071 4749 Ohe!
1100 4693 1277 4748 etiam
1302 4691 1503 4765 justus
1526 4692 1587 4746 in
1619 4707 1881 4747 errorem
1912 4692 2115 4763 lapsus

462 4788 571 4840 est.
598 4784 887 4856 nActique
909 4783 970 4840 in
993 4783 1255 4839 furorem
1286 4799 1421 4840 eum
1479 4782 1962 4837 deturbaverunt.
1996 4784 2112 4837 Ne-

460 4889 576 4944 que
600 4879 797 4929 tamen
819 4891 888 4930 eo
912 4890 981 4929 ex
1004 4890 1144 4929 casu
1174 4878 1444 4928 mortuus
1476 4877 1593 4938 est;
1628 4876 1685 4926 et
1715 4887 1849 4926 cum
1886 4871 2113 4942 lapides

464 4962 618 5020 862
641 4963 704 5018 in
725 4979 857 5019 eum
882 4962 1181 5035 conjicere
1204 4962 1541 5032 caapissent,
1581 4958 1751 5015 flexis
1792 4959 2113 5031 poplitibus

461 5050 547 5107 ita
577 5056 667 5108 est
693 5057 968 5124 precatus
992 5068 1004 5108 :
1027 5052 1188 5108 «Oro
1214 5055 1341 5118 te,o
1367 5050 1519 5105 Deus
1550 5048 1810 5117 Genitor,
1842 5050 2115 5107 condona

2228 3271 2257 3325 ὁ
2288 3274 2370 3341 [Ρ.
2402 3272 2529 3344 206]
2572 3270 2856 3347 ίσάγγελος
2906 3264 3167 3331 Ἰάκωϐος
3216 3270 3412 3342 ἑορτῆς
3447 3267 3748 3341 γενομένης
3786 3271 3887 3322 τοῦ

2227 3358 2420 3438 Πάσχα
2447 3360 2536 3415 καὶ
2585 3358 2814 3415 πολλῶν
2869 3355 3154 3435 μυριάδων
3205 3357 3573 3421 συνελθόντων
3604 3360 3712 3412 τῶν
3743 3355 3884 3412 Ἰου-

2225 3444 2392 3503 δαίων
2420 3453 2612 3504 τοῦτον
2674 3447 3054 3525 ὰνενὲγκαντες
3116 3448 3168 3502 οἱ
3224 3450 3565 3522 γραμματεῖς
3602 3445 3690 3499 καὶ
3724 3444 3891 3515 ἱερεῖς

2231 3535 2414 3592 ἐπὶτὸ
2438 3537 2725 3613 πτερύγιον
2780 3541 2879 3592 τοῦ
2930 3538 3104 3611 ἱεροῦ,
3165 3532 3509 3591 διασκεδάσαι
3551 3531 3887 3609 βουλόμενοι

2221 3627 2285 3682 τὸ
2316 3630 2574 3704 κήρυγμα
2634 3632 2733 3683 τοῦ
2791 3631 3052 3702 Χριστοῦ,
3105 3627 3259 3682 εἶπον
3323 3624 3536 3700 μεγάλῃ
3579 3629 3649 3699 τῇ
3698 3627 3884 3698 φωνῇ,

2229 3718 2499 3791 Λειοῦμεν
2552 3716 2634 3788 σε,
2683 3714 2885 3787 δίκαιε,
2942 3715 3112 3772 εῒπεῖν
3167 3720 3246 3787 τῷ
3303 3713 3446 3787 λαῷ,
3477 3713 3569 3768 ἳνα
3618 3714 3695 3786 μὴ
3741 3709 3886 3768 πλαο

2219 3810 2419 3861 νῶνται
2451 3806 2630 3862 ὀπίσω
2662 3811 2759 3862 τοῦ
2810 3805 3115 3881 λεγομένου
3173 3807 3425 3879 Χριστοῦ.
3486 3802 3581 3858 Σοὶ
3610 3802 3713 3879 γὰρ
3744 3802 3884 3856 πάν-

2219 3915 2308 3956 τες
2361 3894 2679 3969 πειθόμεθα,
2735 3895 3093 3972 γινώσκοντες
3148 3914 3207 3949 σε
3264 3890 3473 3948 δίκαιον
3501 3890 3594 3947 καὶ
3622 3890 3884 3966 ἀπροσω-

2221 3983 2533 4054 πόληπτον.
2566 3984 2698 4041 Eine
2727 3986 2865 4058 ἡμῖν
2926 3984 3009 4044 τίς
3067 3981 3205 4038 ἐστιν
3260 3985 3295 4052 ἡ
3352 3980 3486 4056 θύρα
3534 3984 3633 4036 τοῦ
3673 3980 3880 4049 Ἰησοῦ,
3971 3997 3977 4003 ·

2226 4074 2289 4130 Ὀ
2347 4070 2406 4128 δὲ
2463 4072 2776 4146 ἀποκριθεὶς
2833 4072 2957 4153 ἔφη.
3011 4071 3075 4129 Τί
3140 4092 3205 4145 με
3258 4070 3564 4126 ἐπεοὼτᾶτε
3613 4068 3736 4140 περὶ
3785 4073 3885 4124 τοῦ

2228 4162 2506 4238 Χριστοῦς
2558 4161 2655 4217 Καὶ
2689 4162 2853 4224 αὐτὸς
2881 4162 3163 4230 καθέζεται
3225 4158 3277 4215 ἐν
3339 4157 3485 4229 δεξιᾷ
3533 4160 3634 4213 τοῦ
3662 4161 3800 4213 Θεοῦ
3830 4155 3887 4213 ἄν

2227 4255 2309 4323 τῷ
2338 4251 2572 4325 οὐρανῷ,
2603 4250 2693 4306 καὶ
2723 4250 2884 4315 αὐτὸς
2937 4247 3131 4325 μέλλει
3181 4244 3443 4325 ἔρχεσθαι
3482 4245 3568 4302 ἐπὶ
3600 4250 3708 4302 τῶν
3737 4266 3896 4327 νεφε-

2229 4338 2345 4395 λῶν
2400 4343 2499 4395 τοῦ
2555 4339 2788 4416 ούρανοῦ
2842 4339 2933 4395 καὶ
2993 4336 3292 4394 ἀποδοῦναι
3350 4337 3568 4409 ἑκάστῳ
3622 4335 3762 4391 κατᾶ
3786 4338 3887 4406 τὴν

2226 4429 2418 4503 πρᾶξιν
2449 4427 2638 4484 αὐτοῦ.
2695 4426 2910 4484 Πολλοὶ
2966 4431 3093 4503 γοῦν
3147 4424 3667 4502 πληροφορηθὲντες
3700 4423 3789 4479 ἐπὶ
3819 4427 3890 4498 τῇ

2230 4518 2500 4592 μαρτυρίᾳ
2538 4522 2637 4574 τοῦ
2688 4513 2952 4576 Ἰακώϐου
3010 4515 3231 4593 ἔκραξαν
3292 4517 3563 4592 λέγοντες·
3601 4538 3631 4566 ι(
3663 4514 3888 4569 Ὡσαννὰ

2223 4611 2302 4680 τῷ
2331 4608 2442 4679 Υἱῷ
2472 4603 2659 4666 Δαϐίδ.
2694 4632 2722 4660 ››
2755 4606 3111 4669 Ἀκούσαντες
3161 4603 3221 4661 δὲ
3268 4609 3434 4660 ταῦτα
3486 4605 3538 4658 οἱ
3568 4603 3884 4679 παράνομοι

2225 4697 2500 4771 ἀρχιερεῖς
2529 4696 2618 4751 καὶ
2653 4702 2948 4771 Φαρισαῖοι
2978 4695 3225 4771 ἓκραεανο
3249 4718 3279 4747 ‹‹
3301 4696 3366 4748 Ὠ
3386 4691 3432 4748 ὢ
3460 4695 3473 4750 l
3506 4693 3595 4747 καὶ
3620 4693 3648 4748 ὁ
3676 4689 3889 4753 δίκαιος

2222 4782 2593 4856 πεπλάνηται,
2660 4809 2688 4837 υ
2743 4786 2834 4841 καὶ
2895 4786 3147 4859 μανέντες
3217 4782 3439 4859 ἕρῥιψαν
3495 4780 3655 4836 αὐτὸν
3712 4781 3890 4836 κάτω.

2227 4873 2411 4928 Πεσὼν
2441 4870 2499 4929 δὶ
2553 4874 2656 4929 οὐκ
2686 4871 2936 4943 ἀπέθανε,
2979 4873 3070 4927 καὶ
3120 4872 3348 4947 ἦρξαντο
3405 4869 3641 4939 λιθάζειν
3697 4867 3885 4924 αὐτόν’

2224 4963 2252 5017 ὁ
2285 4959 2342 5017 δὲ
2372 4961 2482 5023 Θεὶς
2511 4963 2579 5016 τὰ
2626 4964 2829 5037 γόνατα
2879 4962 3233 5037 προσηύχετο
3274 4958 3472 5034 λόγων
3512 4982 3532 5009 ι
3572 4955 3883 5033 Παρακαλῶ

2229 5071 2307 5122 σε,
2340 5051 2436 5107 Θεὲ
2466 5051 2664 5126 Πάτερ,
2696 5049 2826 5128 ἄφες
2881 5052 3086 5112 αὐτοῖς’
3147 5048 3211 5103 ού
3261 5048 3362 5125 γὰρ
3394 5043 3575 5103 οἷ’δασι
3601 5047 3656 5101 τί
3707 5045 3884 5123 τιράτ-

1671 5175 2033 5234 XYLANDRI
2073 5179 2161 5235 ET
2198 5179 2406 5237 GOARI
2445 5182 2666 5237 ΝΟΤᾸΞ.

541 5304 655 5377 μοι
680 5303 860 5375 Cujus
902 5304 1282 5377 linguzehhoc
1336 5300 1706 5377 vocabulum
1739 5301 1828 5377 sit
1867 5308 1925 5357 et
1977 5304 2123 5377 quid

464 5371 785 5449 signiticet,
822 5392 944 5449 non
974 5371 1241 5441 intelligo
1273 5374 1542 5449 περιοχὴν
1575 5371 1710 5449 λαοῦ
1758 5373 1842 5449 ad_
1879 5371 2121 5432 verbum

461 5443 695 5500 reddidi
718 5447 1106 5518 complexum
1130 5443 1354 5518 populi;
1384 5443 1794 5518 Narrationem
1830 5445 1980 5501 hanc
2012 5464 2120 5502 no-

463 5464 695 5500 reualul
718 5464 1106 5572 complexum
1130 5464 1353 5573 posuit.
1384 5464 1794 5501 narrationem
1830 5464 1980 5501 nanc
2012 5464 2120 5502 no-

463 5519 588 5570 ster
614 5521 719 5571 aut
748 5533 818 5573 ex
902 5518 1182 5588 icephoro
1246 5517 1521 5588 escripsit
1539 5522 1642 5573 aut
1671 5533 1739 5571 ex
1762 5517 1890 5586 ipso
1932 5518 2012 5572 He
2054 5536 2120 5574 e-

463 5586 649 5643 sinno.
683 5603 754 5641 ex
784 5604 900 5643 auo
932 5603 1063 5643 eam
1091 5588 1457 5643 Nicenhorus
1486 5589 1670 5643 refert
1706 5589 1848 5643 Hist.
1913 5535 2112 5643 Εοείζθε.

460 5588 649 5659 sippo,
683 5603 754 5659 ex
784 5604 900 5658 quo
932 5603 1063 5659 eam
1091 5588 1457 5659 Nicephorus
1486 5589 1670 5644 refert
1706 5589 1848 5643 Hist.
1913 5588 2112 5646 Eccles.

479 5657 524 5729 ι,
547 5657 635 5715 38.
690 5657 874 5723 Quem
930 5659 978 5713 si
1037 5657 1303 5715 Graacu—m
1352 5660 1717 5726 habuissem,
1784 5660 2115 5730 potuissem

2274 5306 2507 5362 lurimis
2551 5306 2695 5361 locis
2744 5307 2805 5362 in
2852 5305 3202 5377 corrigendo
3253 5304 3519 5360 Cedreno
3576 5300 3889 5359 adhibere.

2284 5394 2369 5474 ξι..
2398 5408 2472 5467 τ’
2492 5378 2887 5474 Ρρὶρὴξιοὶιιε.
2952 5380 3160 5474 {lava-esi
3208 5392 3441 5474 L‘XXVJIH',
3492 5392 3553 5474 nt.
3585 5378 3615 5429 7
3642 5390 3689 5457 ε⁸
3710 5377 3892 5474 νιξσχι

2234 5449 2328 5527 μὲν
2362 5447 2456 5527 οὗν
2489 5448 2516 5502 ὁ
2548 5439 2753 5527 Ἆιὲσὴφ
2799 5448 3148 5527 πρωτότοκον
3201 5447 3293 5500 τὸν
3350 5439 3730 5527 Ἰάκωϐονιτρν
3759 5439 3888 5498 Erit.-

2229 5511 2502 5596 κληθέντα
2554 5511 2776 5596 Ὀϐλίάν
2832 5511 3269 5596 ἒρμηνευόμξνον
3300 5514 3636 5596 τεῖχοςκκαὶ
3669 5511 3880 5596 δίκαιον

2228 5585 2616 5667 ἐπικληθέντα,
2648 5585 2972 5667 Ναζωραῖον
3030 5585 3294 5659 δὲ’ὅντα,
3354 5585 3877 5663 ὅπερέρμηνεύεται

2223 5664 2438 5736 Ἄγιος.
2473 5664 2650 5720 Gesn.
