4194 6198
322 312 446 372 401

1480 316 1848 376 HISTURlA
1862 316 2023 378 ΚΒΜ
2069 316 2614 380 COMPENDIUM.

3629 326 3748 386 402

318 463 519 499 τουσιν.
579 466 608 495 ιι
670 446 764 505 Εἷς
830 439 890 496 δὲ
942 448 1050 498 τῶν
1110 445 1239 498 υἱῶν
1296 441 1493 520 Ῥιχάϐ
1567 441 1754 519 ἕκραξε
1809 446 1973 522 λέγωι

2101 451 2211 506 hoc
2234 452 2404 508 istis:
2438 469 2558 509 non
2617 453 2778 509 enim
2833 455 3030 510 sciunt
3068 471 3246 526 quam
3295 473 3422 513 rem
3481 464 3681 530 agunt.
3717 481 3748 511 »

323 555 350 584 ιι
379 532 680 601 Παύσασθε,
710 533 760 586 τί
793 539 1000 588 ποιεῖτε
1032 552 1046 602 ;
1075 533 1102 588 6
1137 531 1344 596 δίκαιος
1396 534 1608 608 μᾶλλον
1659 537 1787 608 ὑπὲρ
1823 539 1990 608 ἡμῶν

323 620 563 698 εὔχεται.
597 647 627 673 ››
665 623 766 678 Καὶ
801 619 1022 696 δραμών
1053 645 1136 686 τις
1202 626 1436 701 κναφεὺς
1493 621 1690 680 ἔδωκεν
1754 625 1830 688 εἷς
1888 626 1987 694 τήν

325 711 572 791 κεφαλὴν
603 711 766 766 αὐτοῦ
808 713 942 784 μετά
998 713 1165 782 ξύλου
1219 718 1500 792 κναφικοῦ,
1561 715 1649 768 καὶ
1713 713 1990 779 ἐθανατω-

330 822 417 856 σεν
450 801 633 859 αὐτόν.
668 803 936 875 ϐάψαντες
971 799 1026 856 δὲ
1082 803 1242 856 αὐτὸν
1273 804 1394 876 περὶ
1454 808 1532 875 τῷ
1588 808 1699 875 ναῷ
1761 805 1992 878 ἀνήγει-

332 913 428 966 ραν
463 893 564 958 τήν
609 890 819 961 στήλην
875 893 1061 949 αὐτοῦ.
1123 894 1274 948 Mati
1329 890 1385 947 δὲ
1445 893 1751 968 μαρτύριον
1822 893 1988 948 αὐτοῦ

325 981 471 1057 παρὰ
523 980 694 1041 πόδας
765 978 1157 1055 πολιορχεῖται
1232 981 1617 1055 Ἰερουσαλήμ·
1697 983 1829 1058 φησί
1888 983 1989 1058 γὰρ

324 1071 616 1142 ’Ῑώσηποςο
653 1093 680 1122 ιι
713 1075 892 1126 Ταῦτα
933 1069 988 1124 δὲ
1039 1066 1378 1143 συμϐέϐηκεν
1417 1069 1704 1134 Ἰουδαίοις
1753 1073 1870 1128 κατ’
1903 1073 1988 1127 ἐκ·

325 1158 542 1232 δίκησιν
579 1155 842 1217 Ἰακώϐοῦ
873 1166 968 1216 τοῦ
1024 1163 1265 1229 Δικαίου,
1313 1162 1372 1223 ὃς
1402 1164 1465 1230 ἦν
1501 1160 1734 1238 ἀδελφὸς
1795 1163 1976 1233 Ἰησοῦ

320 1253 420 1305 τοῦ
453 1248 758 1325 λεγομένου
789 1252 1046 1322 Χριστοῦ,
1107 1248 1406 1326 ἐπειδήπερ
1462 1246 1806 1306 δικαιότατον
1860 1250 1986 1306 ὄντα

317 1338 584 1398 Ἰουδαῖοι
615 1339 950 1396 ἀπέκτειναν.
988 1364 1014 1391 ››

394 1431 520 1488 Ἐπὶ
550 1431 749 1486 τούτου
780 1435 874 1485 τοῦ
904 1429 1160 1505 Νέρωνος
1215 1433 1402 1503 Σίμων
1439 1433 1466 1486 ὁ
1501 1432 1681 1507 Μάγος
1730 1430 1901 1487 ἐλθὼν
1933 1430 1983 1486 ἐν

316 1520 539 1593 Ῥώμῃ,
578 1519 668 1572 καὶ
736 1517 922 1574 πολλὰ
979 1524 1182 1592 σημεῖα
1239 1516 1326 1574 διὰ
1373 1522 1634 1596 γοητείας
1695 1519 1984 1593 ἐπιτελῶν,

314 1609 509 1664 ἑαυτὸν
583 1613 713 1662 θεον
771 1609 1041 1680 ὠνόμαζε.
1087 1611 1196 1664 Τοῦ
1253 1608 1493 1685 μεγάλου
1553 1607 1617 1665 δὲ
1678 1607 1988 1664 ἀποστόλου

313 1697 526 1771 Πέτρου
548 1696 670 1750 τότε
700 1697 800 1764 τήν
832 1697 1060 1767 Ῥώμην
1113 1692 1515 1762 καταλαϐόντος
1564 1699 1652 1753 καὶ
1718 1698 1854 1770 πρὸς
1888 1697 1981 1752 τὸν

317 1785 490 1860 μάγον
543 1784 896 1853 ἀπελθόντος,
957 1786 1078 1860 εὗρε
1132 1786 1267 1840 κύνα
1325 1786 1648 1862 παμμεγέθη
1697 1783 1984 1859 δεδεμένον
2017 1822 2061 1884 Β

301 1875 500 1931 ἁλύσει
533 1875 584 1930 ἐν
609 1881 690 1948 τῷ
740 1875 971 1946 πυλῶνι,
1005 1878 1064 1931 ὃν
1098 1878 1126 1932 ὁ
1157 1877 1358 1950 Σίμων
1393 1875 1664 1951 δεσμήσας
1695 1875 1764 1932 δι’
1815 1875 1977 1932 αὐτοῦ

301 1964 518 2020 ἀκώλυε
550 1966 754 2026 πάντας
804 1966 898 2026 οὓς
940 1963 1034 2019 οὐκ
1100 1963 1267 2034 ἤσελε
1322 1967 1458 2040 πρὸς
1520 1966 1675 2021 αὐτὸν
1737 1965 1974 2020 εἰσιέναι³

301 2056 585 2109 καὶτοῦτο
616 2056 681 2122 ἦν
738 2059 954 2127 πρῶτον
989 2056 1193 2126 -θαῦμα
1252 2059 1332 2127 τῷ
1399 2053 1664 2127 μέλλοντι
1723 2055 1858 2128 πρὸς
1889 2052 1980 2107 Σί-

302 2167 458 2218 μωνα
491 2145 871 2219 ιῖσάρχεσθαι.
905 2145 965 2201 Ὁ
999 2141 1055 2198 δὲ
1085 2145 1290 2218 Πέτρος
1341 2141 1474 2198 ἱδὼν
1531 2144 1621 2198 τὸν
1674 2145 1807 2198 κύνα
1839 2142 1981 2198 οὕτω

302 2235 472 2308 μέγαν
531 2233 622 2288 καὶ
683 2233 1129 2308 ἀπηγριωμένον,
1189 2233 1278 2288 καὶ
1342 2231 1529 2306 μαθὼν
1591 2234 1674 2288 ’ὁτι
1733 2231 1982 2292 πολλοὺς

304 2322 514 2378 ἀνεῖλεν
547 2321 1003 2397 ἐπιχειρήσαντας
1051 2321 1312 2377 εἰσελθεῖν
1369 2322 1486 2397 πρὸ
1515 2330 1614 2391 τῆς
1675 2320 1977 2422 ἐπιτροπῇ(ς

307 2412 577 2485 Σίμωνος,
627 2413 901 2485 κρατήσας
958 2406 1145 2466 ἔλυσεν
1201 2410 1360 2466 αὐτὸν
1419 2411 1617 2488 λέγων⁹
1685 2434 1713 2462 ιι
1748 2406 1978 2484 Eidem;

308 2502 446 2576 πρὸς
479 2501 720 2572 Σίμωνα,
753 2502 841 2554 καὶ
887 2499 1002 2555 εἷπέ
1061 2499 1206 2572 αὐτῷ
1271 2500 1579 2576 ἀνθρωπινᾳ
1634 2503 1810 2579 φωνῇ,
1877 2501 1980 2555 Πὲ.

309 2609 440 2664 τρος
499 2586 758 2650 ὁδοῦΛος
817 2589 1053 2662 Χριστοῦ
1111 2587 1370 2652 εἰσελθεῖν
1429 2588 1564 2662 πρὸς
1622 2589 1677 2642 σὲ
1745 2586 1979 2652 θέλει.»

307 2679 419 2735 Καὶ
450 2683 551 2734 τοῦ
581 2681 741 2738 κυνὸς
791 2677 944 2739 εὐθὺς
1001 2675 1190 2752 δρόμῳ
1249 2677 1613 2747 εἰσελθόντος,
1674 2678 1765 2731 καὶ
1826 2678 1978 2733 οὕτω

311 2767 664 2838 λαλήσαντος
717 2766 1132 2843 κατεπλάγησαν
1165 2768 1214 2821 οἱ
1244 2768 1380 2839 μετά
1441 2766 1718 2839 Σίμωνος,
1787 2764 1980 2843 λέγον-

307 2876 415 2920 τες·
454 2857 552 2921 Τίς
576 2855 686 2910 ἐστι
738 2859 964 2930 Πέτρος,
1022 2859 1108 2929 [Ρ.
1169 2859 1294 2929 207]
1352 2856 1442 2910 καὶ
1499 2857 1581 2918 τίς
1641 2858 1675 2925 ἡ
1739 2856 1975 2926 τοσαύτη

316 2944 550 3019 δύναμις
588 2944 752 3000 αὐτοῦ
787 2965 800 3015 ;
834 2946 969 3020 πρὸς
1001 2944 1092 3007 οὕς
1134 2966 1294 3022 φησιν
1332 2947 1360 2999 6
1396 2945 1605 3019 Σίμων·
1639 2949 1809 3000 Τοῦτο
1837 2946 1979 3018 ὑμᾶς

313 3038 394 3110 μή
454 3035 705 3106 ξενιζέτω
743 3080 755 3102 ,
817 3036 948 3109 ὅπερ
1017 3035 1168 3110 κάγὼ
1227 3036 1468 3105 ποιήσω.
1521 3035 1624 3092 Καὶ
1683 3036 1980 3108 προσέταξε

312 3130 389 3198 τῷ
419 3126 541 3180 κυνὶ
576 3123 885 3198 ἀνθρωπίνῃ
920 3128 1076 3202 φωνῇ
1111 3124 1281 3179 εἰπεῖν
1315 3128 1394 3196 τῷ
1441 3125 1632 3198 Ιίέτρῳ
1692 3123 1974 3180 εἰσελθεῖν·

2099 542 2262 597 Unus
2295 549 2495 598 autem
2525 544 2594 598 de
2627 545 2904 616 progenie
2937 545 3180 601 Richabi
3213 546 3565 604 exclamavit
3595 570 3622 599 «
3654 549 3749 604 de-

2097 630 2296 700 sinite,
2331 633 2474 703 quid
2533 634 2750 705 agitis?
2776 637 2976 691 Justus
3019 653 3125 707 pro
3174 637 3337 692 vobis
3391 644 3686 710 precatur.
3719 662 3748 690 ››

2097 720 2342 775 Interim
2378 723 2621 792 quidam
2651 723 2797 778 fullo
2828 741 3144 780 accurrens
3173 726 3367 799 ligneo
3400 744 3504 783 suo
3534 729 3750 783 instru—

2094 815 2295 864 mento
2326 811 2612 866 Jacobum
2658 813 2720 867 in
2751 820 2929 884 caput
2957 815 3238 886 imposita
3287 816 3460 888 plaga
3508 817 3746 873 occidit.

2096 899 2468 969 Sepelierunt
2501 919 2638 956 eum
2689 919 2842 972 pone
2875 904 3186 974 templum,
3217 921 3283 959 ac
3315 906 3656 962 columnam
3687 908 3750 962 in

2095 990 2465 1044 monimento
2519 992 2648 1061 ejus
2708 999 3051 1062 posuerunt.
3107 995 3320 1049 Necem
3363 996 3490 1066 ejus
3548 997 3747 1052 statim

2095 1077 2409 1132 subsecuta
2439 1083 2528 1132 est
2571 1079 3115 1150 Hierosolymorum
3148 1081 3399 1136 obsidio.
3432 1084 3529 1139 Ait
3585 1085 3746 1139 enim

2092 1167 2380 1236 Josephus
2432 1189 2460 1216 «
2492 1167 2616 1222 haec
2664 1168 2881 1222 Judaeis
2915 1176 3260 1237 evenerunt,
3296 1177 3360 1226 ut
3389 1189 3590 1244 pmnas
3619 1173 3748 1229 lue-

2095 1262 2228 1310 rent
2267 1257 2432 1310 necis
2490 1273 2671 1327 quam
2700 1257 2938 1326 Jacobo,
2972 1259 3073 1330 qui
3131 1259 3313 1315 frater
3366 1262 3502 1316 Jesu
3534 1279 3748 1335 cogno-

2093 1350 2292 1399 mento
2319 1345 2532 1399 Christi
2567 1345 2694 1409 fuit,
2725 1346 2952 1400 homini
2976 1346 3312 1417 justissimo
3343 1348 3690 1406 intulerant.
3716 1373 3746 1401 »

2165 1436 2495 1505 lmperante
2564 1436 2814 1505 Nerone,
2871 1438 3119 1494 Romam
3174 1439 3473 1509 profectus
3545 1440 3746 1495 Simon

2092 1524 2309 1594 Magus,
2343 1540 2477 1577 cum
2509 1523 2736 1578 artibus
2765 1525 3011 1596 magicis
3042 1525 3231 1581 multa
3271 1526 3556 1583 edidisset
3608 1545 3746 1600 pro-

2093 1612 2338 1684 digiosa,
2375 1611 2485 1666 sibi
2518 1613 2619 1666 Dei
2662 1629 2880 1668 nomen
2931 1616 3241 1686 arrogavit.
3298 1618 3420 1683 Quo
3479 1622 3744 1689 tempore

2091 1717 2340 1773 magnus
2375 1701 2475 1756 ille
2508 1702 2811 1772 apostolus
2871 1705 3079 1758 Petrus
3109 1706 3355 1760 Romam
3386 1723 3520 1761 cum
3551 1707 3744 1762 venis-

2092 1797 2202 1860 set,
2235 1791 2440 1846 statuit
2469 1791 2771 1846 Simonem
2801 1791 2984 1849 adire.
3020 1794 3157 1848 Erat
3183 1793 3256 1848 ad
3285 1794 3441 1850 fores
3487 1795 3743 1851 Simonis

2094 1881 2257 1935 canis
2308 1880 2674 1952 praegrandis
2758 1887 2970 1937 catena
3029 1882 3278 1950 vinctus,
3338 1885 3508 1955 cujus
3564 1902 3744 1956 opera

2091 1969 2292 2024 Simon
2323 1969 2563 2025 arcebat
2593 1986 2979 2041 quoscunque
3012 1971 3086 2026 ad
3110 1989 3172 2026 se
3203 1972 3483 2029 accedere
3514 1973 3700 2030 nollet
3726 1991 3740 2041 ;

2089 2061 2267 2131 idque
2292 2061 2553 2132 primum
2579 2061 2934 2118 miraculum
2966 2062 3316 2118 occurrebat
3337 2063 3413 2118 ad
3445 2064 3743 2119 Simonem

2085 2150 2410 2205 intraturis.
2436 2152 2645 2205 Petrus
2693 2166 2902 2206 canem
2931 2151 3014 2206 ita
3038 2167 3318 2224 magnum
3349 2157 3407 2206 et
3436 2152 3745 2208 efferatum

2086 2254 2359 2303 cernens,
2393 2238 2627 2312 cognito
2659 2239 2879 2294 multos
2909 2239 2982 2295 ab
3013 2256 3081 2296 eo
3130 2240 3317 2296 fuisse
3367 2241 3740 2309 interfectos,

2087 2327 2245 2398 quod
2275 2333 2412 2383 ante
2443 2328 2681 2398 jussum
2721 2329 2977 2384 Simonis
3009 2329 3238 2400 ingredi
3294 2331 3491 2386 conati
3540 2338 3744 2386 essent

2087 2416 2482 2488 apprehendit
2501 2433 2658 2482 eum,
2692 2417 3310 2486 solutumqueintrare
3342 2419 3416 2473 ad
3444 2419 3742 2475 Simonem

2077 2505 2280 2576 jussit,
2315 2505 2486 2576 eique
2517 2506 2779 2560 humana
2806 2521 2942 2560 voce
2975 2505 3170 2560 dicere
3211 2507 3450 2561 Petrum
3508 2523 3740 2564 servum

2087 2594 2303 2649 Christi
2335 2609 2550 2665 cupere
2577 2594 2774 2664 ipsum
2797 2598 3174 2649 conventum.
3214 2595 3356 2650 Cum
3388 2596 3566 2665 .canis
3623 2603 3740 2652 sta-

2089 2684 2194 2738 tim
2225 2684 2382 2738 intro
2414 2683 2770 2738 accurrisset
2811 2683 2964 2739 863
3017 2685 3216 2755 itaque
3272 2691 3429 2740 esset
3485 2685 3739 2754 locutus,

2089 2772 2525 2844 obstupuerunt
2555 2772 2655 2842 qui
2679 2788 2815 2826 cum
2830 2772 3068 2826 Simone
3084 2778 3274 2839 erant,
3291 2773 3741 2845 percontatique

2091 2867 2229 2918 sunt
2259 2862 2534 2933 quisnam
2564 2861 2675 2916 iste
2705 2863 2916 2918 Petrus
2965 2868 3022 2916 et
3052 2878 3182 2932 quas
3209 2863 3337 2934 ejus
3356 2869 3519 2920 tanta
3541 2869 3741 2935 potes-

2089 2953 2178 3004 tas
2212 2953 2386 3004 esset.
2422 2948 2624 3003 Simon
2655 2946 2962 3019 respondit
2982 2964 3105 3003 non
3119 2948 3335 3004 debere
3365 2949 3477 3005 hoc
3503 2966 3605 3005 eos
3637 2950 3744 3004 mi-

2087 3037 2244 3093 rari:
2272 3053 2410 3092 nam
2443 3054 2504 3092 se
2527 3036 2684 3092 idem
2715 3038 3140 3109 praastiturum.
3178 3037 3364 3094 Simul
3393 3039 3527 3094 cani
3581 3055 3744 3096 man-

2089 3126 2189 3182 dat
2231 3131 2297 3184 ut
2325 3126 2588 3181 humana
2621 3143 2757 3182 voce
2807 3127 3048 3182 Petrum
3093 3127 3248 3182 intro
3280 3127 3482 3182 venire
3515 3128 3739 3201 jubeat.

313 3216 416 3272 Καὶ
453 3215 620 3268 τοῦτο
651 3216 981 3284 ποιήσαντος
1022 3211 1185 3269 πάλιν
1237 3218 1335 3269 τοῦ
1366 3215 1525 3276 κυνὸς
1585 3212 1806 3284 εἰσῆλθε
1864 3215 1965 3269 Πέ-

2084 3215 2239 3282 Quod
2272 3231 2406 3270 cum
2438 3215 2602 3270 canis
2633 3214 2890 3283 fecisset,
2923 3216 3010 3271 ita
3035 3215 3111 3270 ad
3151 3215 3455 3272 Simonem
3489 3215 3743 3290 intravit

305 3324 431 3378 τρος
465 3304 607 3380 πρὸς
641 3302 887 3375 Σίμωνα,
947 3303 1038 3358 καὶ
1073 3298 1371 3377 συμϐαλὼν
1407 3303 1544 3377 μετά
1567 3307 1662 3358 τοῦ
1721 3303 1974 3376 Σίμωνος

309 3395 382 3456 εἷς
438 3394 878 3468 θαυματουργίσν
933 3392 1147 3464 ἐνίκησε
1237 3393 1434 3468 Πέτρος
1525 3393 1694 3456 ἰάσεις
1772 3397 1972 3448 ποιῶνν

305 3483 394 3538 καὶ
426 3480 635 3536 πολλοὶ
667 3481 1045 3540 πιστεύσαντες
1087 3475 1510 3550 ἐϐαπτίσθησαν.
1562 3479 1657 3534 Καὶ
1703 3480 1768 3549 ἦν
1800 3479 1850 3534 ἐν
1900 3483 1969 3552 τῇ

306 3573 496 3646 Ῥώμῃ
530 3573 750 3646 ταραχή
805 3569 994 3639 πολλὴ
1059 3572 1145 3624 καὶ
1210 3572 1472 3648 σύγχυσις
1531 3569 1706 3625 ἔναντι
1765 3571 1967 3644 Πέτρου

310 3662 398 3717 καὶ
436 3662 710 3733 Σίμωνος,
763 3659 848 3716 ὅτι
897 3659 1177 3715 κατέναντι
1235 3657 1502 3730 ἀλλήλων
1564 3659 1780 3714 ἐποίουν
1839 3658 1968 3714 θαύ-

321 3772 484 3824 ματα.
531 3753 705 3826 ’Ἀπερ
767 3750 1048 3822 ἀνήνεγκεν
1084 3748 1112 3802 ὸ
1143 3743 1384 3822 ἔπαρχος
1443 3751 1521 3819 τῷ
1568 3747 1796 3822 Νέρωνι.
1859 3747 1966 3810 Οὓς

313 3840 572 3904 κελεύσας
607 3843 635 3896 6
667 3839 855 3915 Νέρων
885 3839 1120 3914 ἀχθῆναι
1150 3839 1379 3893 ἐνώπιον
1430 3838 1594 3893 αὐτοῦ
1653 3836 1797 3914 λέγει
1831 3840 1967 3914 πρὸς

314 3933 560 4005 Σίμωνα·
605 3953 626 3980 ι
665 3931 740 3985 Σὺ
765 3932 817 3984 εἴ
849 3931 904 3983 ὃν
936 3928 1158 4003 λέγουσι
1187 3928 1418 4001 Χριστόν
1456 3948 1469 3996 ;
1496 3953 1523 3980 »
1551 3930 1608 3983 Ὀ
1661 3925 1718 3983 δέ
1776 3948 1966 4007 φησιν·

309 4047 336 4074 ιι
370 4023 516 4098 Ἐγὼ
547 4021 683 4092 εἶμι.
723 4043 752 4072 »
779 4018 1016 4090 Ὁμοίως
1051 4015 1109 4071 δὲ
1156 4019 1246 4072 καὶ
1279 4019 1368 4072 τὸν
1428 4017 1629 4089 Πέτρον
1688 4017 1967 4091 ἐπερωτή-

309 4132 499 4172 σαντος
547 4109 594 4164 εἰ
654 4107 880 4178 ἀληθῶς
931 4107 1088 4166 οῦτός
1149 4105 1287 4161 ἐστιν
1317 4108 1344 4160 ὁ
1379 4109 1639 4180 Χριστὸς,
1699 4107 1963 4182 ἀπεκρίθη

307 4202 537 4276 Πέτρος,
597 4222 624 4249 ιι
654 4197 770 4254 Ούκ
823 4193 967 4251 ἔστιν
995 4195 1172 4258 οὗτος
1221 4197 1296 4268 μὴ
1350 4196 1585 4269 γένοιτο.
1651 4197 1792 4272 Ἐγὼ
1859 4196 1962 4273 γὰρ

311 4289 520 4346 ἐκείνου
570 4287 684 4360 εῗμὶ
747 4289 996 4360 μαθητής
1075 4291 1172 4342 τοῦ
1240 4285 1642 4362 σταυρωθέντος
1698 4286 1788 4341 καὶ
1835 4285 1963 4342 ἀνα-

308 4383 535 4442 στάντος
562 4377 651 4433 καὶ
679 4377 754 4442 εἰς
778 4377 904 4439 τοὺς
963 4374 1224 4449 οὐρανοὺς
1297 4370 1719 4453 ἀναληφθέντος.
1787 4376 1848 4446 ὀ
1905 4374 1962 4431 δὲ

310 4473 500 4545 Νέρων
555 4469 630 4532 ὡς
685 4463 1083 4541 τερατολόγους
1139 4466 1229 4519 καὶ
1296 4465 1636 4542 ἀμφοτέρους
1693 4468 1754 4520 ἒκ
1782 4487 1958 4539 προσ-

2073 3307 2283 3361 Petrus
2311 3324 2326 3371 ;
2360 3320 2614 3375 cumque
2647 3303 2893 3359 edendis
2926 3303 3228 3360 miraculis
3269 3311 3596 3373 certarent,
3627 3307 3738 3363 Pe-

2075 3399 2201 3449 trus
2224 3392 2505 3450 sanandis
2537 3393 2761 3449 morbis
2795 3396 3065 3465 superior
3092 3393 3224 3451 fuit.
3251 3395 3531 3466 Multique
3553 3395 3733 3450 fidem

2074 3484 2330 3554 amplexi
2361 3483 2636 3554 baptizati
2667 3488 2842 3537 sunt:
2879 3487 3006 3538 erat
3033 3489 3230 3538 autem
3255 3486 3453 3540 Romen
3481 3501 3736 3557 magnus

2073 3573 2363 3626 tumultus
2395 3571 2468 3627 ob
2491 3571 2647 3625 Petri
2679 3577 2737 3626 et
2767 3571 3024 3627 Simonis
3058 3578 3382 3638 certamen,
3411 3589 3546 3629 cum
3572 3575 3724 3629 alter

2072 3659 2326 3717 alterum
2359 3660 2662 3716 miraculis
2687 3660 2934 3715 edendis
2986 3677 3267 3733 superare
3295 3663 3720 3730 contenderet;

2071 3771 2201 3825 quae
2234 3753 2544 3824 praefectus
2602 3752 2765 3807 urbis
2817 3753 2891 3808 ad
2946 3753 3238 3808 Neronem
3299 3755 3523 3810 retulit.
3575 3758 3724 3811 Nero

2069 3843 2274 3899 ambos
2302 3841 2376 3897 ad
2407 3858 2470 3896 se
2493 3841 2677 3912 jussit
2706 3839 2942 3908 adduci,
2975 3847 3033 3895 et
3063 3858 3133 3895 ex
3170 3842 3406 3896 Simone
3434 3843 3725 3913 quaasivit,

2067 3935 2273 4005 ipsene
2309 3936 2467 3985 esset
2497 3931 2547 3985 is
2579 3947 2757 4000 quem
2791 3929 3090 3984 Christum
3151 3931 3476 4001 appellant,
3509 3931 3725 3986 aiebat.

2064 4024 2272 4077 Petrus
2297 4020 2510 4074 eodem
2537 4018 2608 4073 de
2645 4035 2707 4072 re
2739 4019 3156 4090 interrogatus,
3181 4019 3408 4075 «Absit.
3439 4019 3726 4089 inquit,ut

2063 4113 2175 4166 iste
2207 4110 2281 4165 sit
2313 4109 2578 4164 Christus
2605 4109 2615 4162 l
2645 4109 2759 4179 Ego
2782 4107 3114 4178 discipulus
3139 4125 3270 4163 sum
3293 4108 3507 4164 Christi
3541 4109 3724 4164 cruci-

2063 4199 2186 4264 ﬁxi,
2220 4198 2320 4270 qui
2353 4197 2642 4252 redivivus
2683 4197 2744 4250 in
2802 4196 2980 4252 cmlos
3047 4202 3138 4252 est
3192 4197 3480 4253 sublatus.
3517 4219 3546 4246 »
3571 4198 3721 4253 Nero

2064 4305 2165 4344 eos
2198 4287 2395 4342 statim
2446 4303 2516 4340 ex
2572 4291 2892 4356 conspectu
2949 4302 3053 4340 suo
3079 4286 3262 4358 jussit
3291 4285 3456 4342 abire
3522 4291 3588 4341 ut
3617 4286 3718 4357 qui

2062 4376 2395 4450 prodigiose
2425 4379 2809 4446 nugarentur.
2843 4373 2932 4429 Illi
2966 4377 3164 4429 Romae
3208 4375 3492 4448 degentes
3541 4377 3725 4431 mira-

2069 4467 2219 4524 culis
2252 4465 2578 4522 certabant.
2611 4464 2878 4529 Quodam
2911 4463 3004 4519 die
3036 4465 3237 4520 Simon
3267 4466 3569 4539 ingentem
3601 4474 3728 4523 tau-

314 4562 465 4615 ώπου
525 4556 687 4612 αὐτοῦ
720 4557 910 4610 θᾶττον
968 4553 1248 4625 ἐξήλασεν.
1309 4553 1376 4611 Οἳ
1433 4555 1521 4609 καὶ
1577 4551 1858 4629 διάγοντες
1915 4556 1967 4611 ἐν

2084 4573 2205 4612 rum
2236 4555 2308 4611 ad
2341 4573 2403 4610 se
2435 4554 2646 4610 adduci
2672 4553 2874 4626 jussit,
2910 4570 3163 4624 cumque
3193 4555 3246 4609 ei
3295 4555 3357 4609 in
3387 4572 3591 4612 aurem
3614 4557 3723 4612 ali-

312 4651 503 4721 Ῥώμῃ
561 4644 777 4700 ἐποίουν
861 4643 1108 4716 θαύματα
1175 4643 1453 4698 κατέναντι
1509 4640 1802 4714 ἀλλήλων.
1860 4649 1969 4715 Μιᾷ

314 4743 441 4814 γοῦν
473 4741 583 4790 τῶν
616 4736 841 4808 ἡμερῶν
901 4730 1297 4806 προστάξαντος
1353 4736 1448 4787 τοῦ
1505 4731 1758 4806 Σίμωνος
1788 4733 1970 4809 ἀχθῆ-

309 4849 396 4883 ναι
453 4825 603 4896 αὖτῷ
661 4826 860 4898 ταῦρον
905 4823 1230 4895 παμμεγέθη
1280 4819 1549 4891 ὶλάλησεν
1612 4822 1686 4884 εἰς
1744 4823 1804 4877 τὸ
1865 4823 1955 4884 οῦς

304 4917 494 4982 αὐτοῦ,
554 4913 646 4968 καὶ
701 4909 942 4986 παρευθὺ
1011 4909 1262 4978 τέθνηκεν
1297 4910 1568 4984 ὁταῦρος.
1622 4911 1682 4967 Ὁ
1741 4907 1797 4965 δὲ
1856 4912 1956 4966 Πέ-

301 5026 428 5082 τρος
485 5003 776 5075 εύξάμενος
844 4999 1060 5074 ἤγειρεν
1125 4998 1302 5054 αὐτόν.
1337 5001 1402 5056 Οἱ
1461 4997 1518 5054 δὶ
1578 4999 1702 5054 λαοὶ
1755 4997 1959 5063 ἰδόντες

301 5095 606 5167 ἐθαύμασαν
653 5089 923 5164 λέγοντες,
987 5090 1236 5158 Ἀληθῶς
1299 5090 1362 5144 τὸ
1424 5094 1765 5166 ζωογονῆσαι
1823 5092 1955 5165 ὑπὲρ

302 5187 366 5242 τὸ
426 5185 733 5248 θανατῶσαι
798 5183 980 5251 μεῖζον
1037 5180 1218 5251 θαῦμα
1284 5177 1416 5233 ἐστί.
1478 5178 1577 5232 Καὶ
1638 5179 1820 5253 μέντοι
1873 5181 1962 5235 καὶ

295 5273 442 5337 ἄλλὰ
474 5275 686 5343 σημεῖα
718 5268 979 5335 ἐποίησαν
1009 5263 1215 5336 πολλὰ,
1273 5267 1336 5320 οὐ
1403 5267 1567 5339 μόνον
1637 5268 1690 5323 ἐν
1747 5267 1961 5343 Ῥώμη,

2077 4646 2221 4718 quid
2253 4645 2519 4708 dixisset,
2553 4644 2602 4698 is
2634 4643 2794 4699 illico
2821 4648 3094 4699 mortuus
3124 4649 3232 4699 est.
3255 4645 3440 4710 Quem
3487 4652 3724 4701 taurum

2076 4738 2308 4801 Petrus,
2367 4735 2549 4789 Deum
2609 4739 3041 4803 comprecatus,
3075 4732 3136 4788 in
3188 4733 3365 4788 vitam
3412 4734 3722 4791 revocavit.

2067 4824 2230 4891 Quod
2263 4823 2515 4896 populus
2573 4837 2824 4876 cernens
2881 4821 3210 4877 admiratus
3244 4828 3351 4892 est,
3410 4822 3722 4893 fassusque

2069 4913 2262 4984 majus
2293 4928 2421 4966 esse
2459 4908 2789 4965 viviﬁcandi
2822 4926 3000 4980 quam
3033 4910 3284 4965 necandi
3341 4911 3718 4965 miraculum.

2070 5002 2203 5057 Alia
2233 5017 2469 5072 quoque
2517 4997 2811 5055 miracula
2843 4997 3175 5065 ediderunt,
3207 5014 3400 5069 neque
3433 4999 3491 5053 id
3525 5001 3722 5054 Roma)

2072 5091 2249 5147 modo
2282 5090 2385 5145 sed
2416 5094 2550 5144 ante
2584 5089 2762 5144 etiam
2797 5087 2859 5142 in
2891 5086 3237 5157 SOASyria.
3280 5087 3417 5152 Qua:
3451 5087 3724 5144 Clemens

2074 5183 2399 5247 Romanus,
2433 5179 2517 5232 vir
2547 5175 3048 5249 sapientissimus,
3081 5175 3238 5230 Petri
3278 5174 3605 5248 discipulus
3636 5184 3726 5232 at-

2077 5288 2190 5341 que
2222 5284 2441 5336 comes,
2469 5267 2752 5322 recitavit.
2787 5270 2851 5320 In
2884 5264 3140 5338 paucula
3163 5265 3278 5320 huc
3307 5283 3618 5337 ponemus.

299 5361 562 5418 ἀλλὰκαὶ
595 5359 647 5413 ἐν
701 5358 871 5429 Συρία
931 5356 1216 5430 πρότερον,
1279 5356 1435 5410 ἅτινα
1493 5355 1729 5430 Κλήμης
1775 5360 1802 5413 ὁ
1862 5360 2141 5431 Ῥωμαῖος
2196 5355 2284 5410 καὶ
2345 5355 2615 5425 πάνσοφος
2673 5353 2923 5427 μαθητὴς
2977 5351 3182 5428 Πέτρου
3239 5351 3329 5408 καί
3393 5351 3732 5431 συνέκδημος

305 5443 636 5528 διηγήσατο,
668 5448 757 5524 ἀφ’
791 5448 864 5501 ὧν
895 5445 1056 5521 ὀλίγα
1091 5448 1425 5520 συντάξομεν
1457 5445 1702 5501 ἐνταῦθα.

373 5545 482 5600 Τοῦ
518 5538 790 5613 μακαρίου
832 5534 1033 5611 Πέτρου
1087 5541 1183 5590 τοῦ
1240 5535 1552 5592 ἀποστόλου
1608 5534 1955 5598 δῖδάσκοντος

301 5633 390 5690 τόν
442 5630 574 5687 λαὸν
625 5622 868 5692 σέϐεσθαι
916 5626 1006 5681 καὶ
1061 5631 1385 5703 προσκυνεῖν
1443 5627 1533 5682 τὸν
1595 5626 1683 5683 ἐπὶ
1741 5627 1956 5684 πάντων

2143 5538 2288 5592 Cum
2320 5536 2524 5591 beatus
2557 5541 2762 5590 Petrus
2801 5534 3104 5606 apostolus
3137 5536 3420 5608 populum
3483 5537 3725 5595 doceret

2072 5626 2266 5684 colere
2291 5630 2350 5683 et
2377 5625 2622 5683 adorare
2653 5625 2898 5682 unicum
2929 5641 3132 5682 verum
3171 5626 3379 5698 Deum,
3431 5627 3635 5685 omnia
3666 5628 3729 5684 in
