4194 6198
404 346 524 409 403
1770 344 1813 404 G
1827 343 2057 404 EORGI

2170 344 2280 403 lED
2290 343 2468 403 RENl
3704 348 3827 407 404

408 498 517 539 sua
538 484 830 554 potestate
861 479 1198 545 habentem,
1231 478 1458 544 Simon,
1491 478 1590 548 qui
1623 482 1788 533 extra
1829 476 2060 532 turbam

2183 473 2345 547 μόνον
2377 474 2638 546 ἀληθινὸν
2669 476 2820 548 Θεὸν,
2853 478 2882 532 6
2917 477 3125 551 Σίμων,
3156 472 3257 548 ἔξω
3284 480 3382 533 τοῦ
3425 473 3608 552 ὄχλου
3663 472 3831 531 ἑστὼς

408 568 971 639 astabat,clamavit:
1005 567 1154 632 Quid
1171 566 1407 622 conaris
1436 565 1779 622 mentiendo
1810 566 1871 620 in
1902 582 2060 620 erro-

2173 557 2385 635 ἐϐόησε,
2418 563 2484 619 Τί
2514 562 2842 638 ψευδόμενος
2874 564 3079 636 ἆπατᾷν
3127 562 3303 629 θέλεις
3357 566 3450 622 τὸν
3508 562 3831 639 παρεστῶτά

404 676 533 717 rem
559 659 854 715 abducere
886 657 1096 712 rudem
1129 656 1575 711 multitudinem
1606 656 1712 710 tibi
1744 655 2066 711 circumfu-

407 766 532 805 sam
554 750 583 804 ‘l
611 747 936 820 persuades
970 746 1054 802 eis
1078 745 1218 801 deos
1248 763 1444 818 neque
1474 747 1825 818 putandum,
1867 762 2064 818 neque

406 837 650 895 omnino
682 852 833 891 esse.
868 836 1045 907 Atqui
1092 835 1431 891 Ebraeorum
1464 835 1599 890 libri
1656 835 1875 890 multos
1932 851 2062 891 esse

404 926 546 983 deos
575 926 896 981 affirmant.
920 926 1050 980 lam
1074 941 1251 995 quem
1276 930 1338 979 tu
1369 926 1656 997 prwdicas
1677 926 1884 993 Deum,
1918 924 2062 995 quid

406 1015 455 1071 si
486 1032 591 1087 ego
622 1014 934 1070 ostendam
967 1031 1104 1069 eum
1136 1032 1257 1069 non
1303 1030 1433 1069 esse
1492 1031 1833 1085 supremum
1868 1031 2061 1085 neque

404 1104 881 1175 omnipotentem
912 1103 941 1158 ‘?
970 1104 1116 1158 Cum
1149 1108 1208 1157 et
1236 1103 1419 1158 futuri
1454 1102 1696 1174 ignarus
1728 1103 1806 1157 sit
1852 1107 1910 1157 et
1940 1103 2060 1156 im-

403 1192 700 1265 perfectus
731 1197 789 1247 et
833 1207 1049 1246 carens
1080 1191 1380 1262 aliquibus
1410 1190 1609 1258 rebus,
1666 1207 1787 1245 non
1843 1189 2058 1255 bonus,

405 1280 510 1336 sed
537 1279 715 1335 variis
746 1279 1039 1335 obnoxius
1090 1278 1594 1351 perpessionibus.
1628 1279 1819 1346 Certe,
1851 1278 1899 1333 si
1931 1295 2059 1333 ves-

403 1369 512 1424 tris
542 1368 777 1424 Litteris
800 1367 1065 1432 creditis,
1089 1367 1463 1439 relinquetur
1492 1367 1677 1423 alium
1706 1383 1836 1423 esse
1868 1368 2057 1423 Deum

402 1456 586 1513 futuri
617 1456 953 1527 praescium,
986 1453 1337 1527 perfectum,
1370 1455 1598 1511 nullius
1636 1455 1721 1509 rei
1767 1454 2057 1527 indigum,

402 1543 650 1609 bonum,
677 1545 828 1599 nulli
860 1544 1228 1616 perpessioni
1259 1544 1614 1609 obnoxium;
1641 1559 1895 1615 quorum
1924 1559 2060 1599 con-

402 1634 588 1690 traria
639 1639 778 1688 sunt
805 1634 868 1687 in
900 1649 967 1688 eo
1021 1648 1199 1704 quem
1228 1639 1291 1688 tu
1323 1632 1599 1704 opificem
1656 1631 1865 1687 mundi
1896 1648 2056 1687 sum-

402 1736 688 1793 mumque
723 1722 908 1776 Deum
933 1720 1147 1792 jactas.
1178 1721 1307 1776 Jam
1336 1720 1598 1791 primum
1638 1719 1923 1785 Adamus,
1955 1720 2057 1790 qui

2173 673 2260 708 σοι
2291 651 2518 724 ἰδιώτην
2551 648 2749 733 ὄχλον,
2777 653 2977 710 πείθων
3029 653 3227 718 αὐτοὺς
3284 656 3438 717 θεοὺς
3497 656 3638 729 μήτε
3665 652 3834 725 νομί-

2175 746 2284 812 ζειν
2314 744 2454 816 μήτε
2484 743 2641 813 εἶναι,
2688 744 2880 821 καίπερ
2909 749 3017 800 τῶν
3075 746 3202 821 παρ’
3259 740 3535 819 Ἑϐραίοις
3595 740 3831 820 βιϐλίων

2173 828 2443 907 λεγόντων
2476 831 2729 894 πολλοὺς
2788 834 2942 896 θεοὺς
3011 833 3195 902 εἶναι;
3250 833 3403 902 Πλὴν
3459 834 3551 889 οὖν
3607 834 3731 908 περὶ
3761 834 3826 888 οὗ
3880 830 3885 835 ’

2171 914 2305 999 ἔφης
2336 924 2491 988 Θεοῦ,
2523 920 2570 975 εἰ
2602 917 2761 991 δείξω
2789 920 2900 999 ἐγὼ
2933 924 3008 996 μὴ
3041 922 3204 978 αὐτὸν
3257 922 3387 977 εἶναι
3442 922 3534 978 τὸν
3560 922 3825 977 ἀνωτάτω

2170 1008 2261 1064 καὶ
2297 1006 2704 1083 παντοδύναμον
2746 1012 2896 1079 Θεὸν,
2953 1011 3088 1076 καθὸ
3145 1011 3536 1088 ἅπρόγνωστὸς
3589 1012 3822 1067 ἐστικαὶ

2169 1095 2373 1166 ἀτελὴς
2401 1100 2492 1153 καὶ
2521 1096 2708 1168 ἐνδεὴς
2738 1100 2831 1155 καὶ
2873 1100 2975 1156 οὐκ
3029 1101 3229 1176 ἀγαθὸς
3283 1101 3375 1156 καὶ
3413 1099 3652 1163 πολλοῖς
3684 1101 3825 1155 ὓπο-

2170 1185 2425 1260 κείμενος
2455 1189 2650 1252 πάθεσι
2682 1190 2818 1244 κατά
2871 1190 2970 1258 τήν
3029 1188 3288 1263 ὑμετέραν
3352 1190 3593 1267 Γραφὴν,
3642 1187 3829 1265 ἕτερος

2171 1276 2386 1339 πάντως
2407 1278 2778 1352 περιλείπεται
2837 1278 3243 1354 προγνωστικιὴ
3310 1274 3524 1342 τέλειος
3568 1276 3824 1347 ἀνενδεὴς

2171 1363 2368 1439 ἀγαθὸς
2388 1362 2479 1419 καὶ
2505 1365 2706 1426 παντὸς
2734 1366 2938 1428 πάθους
2960 1362 3415 1441 ἀπηλλαγμένοςο
3440 1366 3498 1421 ὃν
3533 1363 3590 1421 δὲ
3614 1364 3677 1420 σὺ
3709 1366 3820 1443 φῄς

2172 1449 2509 1527 δημιουργὸν
2542 1452 2632 1508 καὶ
2667 1454 2947 1527 ὗπερθεον,
2975 1455 3099 1517 τοῖς
3139 1453 3402 1516 ἐναντίοις
3450 1454 3822 1528 ἀντικείμενος

2174 1540 2430 1620 ὑπάρχει.
2467 1541 2674 1599 Αὐτίκα
2690 1546 2820 1618 γοῦν
2852 1543 2880 1598 6
2911 1544 3029 1598 καθ’
3060 1542 3327 1617 ὁμοίωσιν
3371 1543 3538 1600 αὐτοῦ
3586 1544 3830 1620 γεγονὼς

2175 1626 2352 1703 Ἀδὰμ
2407 1631 2496 1686 καὶ
2549 1630 2755 1707 τυφλὸς
2804 1631 3040 1702 κτίζεται
3112 1633 3204 1688 καὶ
3278 1637 3479 1710 γνῶσιν
3534 1634 3735 1708 ἀγαθοῦ
3792 1634 3828 1704 ἢ

2178 1722 2349 1773 κακοῦ
2383 1721 2458 1792 μή
2491 1716 2662 1795 ἔχων,
2692 1715 3013 1796 παραϐάτης
3055 1721 3380 1796 εύρίσκεται,
3433 1724 3523 1776 καὶ
3576 1726 3675 1777 τοῦ
3727 1743 3837 1778 πα-

404 1809 481 1865 ad
508 1810 594 1865 tui
625 1810 728 1865 Dei
750 1809 1070 1880 imaginem
1100 1814 1190 1864 est
1219 1808 1517 1877 conditus,
1538 1824 1730 1864 caacus
1761 1807 1872 1864 fuit
1901 1823 2059 1863 crea-

2186 1804 2435 1883 ραδείσοο
2519 1804 2847 1866 ἐκϐάλλεται
2879 1853 2895 1878 ,
2976 1810 3067 1865 καὶ
3125 1812 3338 1883 Θανάτῳ
3391 1808 3829 1882 καταδικάζεται.

403 1901 499 1953 tus
528 1897 983 1970 cognitioneque
1014 1897 1154 1952 boni
1185 1902 1243 1952 et
1273 1896 1415 1953 mali
1444 1913 1683 1964 carens;
1713 1896 2058 1968 peccatique

402 1984 756 2041 manifestus
784 1985 1059 2057 paradiso
1091 1985 1328 2057 ejicitur
1358 1990 1418 2041 et
1472 1990 1661 2041 morte
1721 1985 2056 2040 damnatur.

405 2073 691 2130 Similiter
719 2073 771 2129 is
802 2073 905 2145 qui
967 2074 1147 2129 istum
1210 2074 1360 2141 fixit,
1420 2089 1541 2128 non
1602 2072 1824 2145 ubique
1880 2072 2057 2129 videt.

406 2162 609 2233 Itaque
631 2161 703 2217 de
730 2161 958 2218 excidio
977 2162 1367 2218 Sodomorum
1392 2163 1476 2217 sic
1501 2162 1585 2218 ait
1607 2163 1768 2232 (Gen.
1790 2160 1879 2234 18)
1903 2183 1931 2212 ‹‹
1954 2163 2060 2217 De-

407 2252 686 2308 scendam
716 2252 905 2307 visum
936 2267 1004 2307 ac
1051 2252 1372 2325 cognitum,
1405 2268 1482 2307 an
1530 2251 1612 2307 ita
1641 2256 1849 2324 agatur
1902 2251 2059 2323 apud

407 2358 508 2398 eos
528 2342 616 2397 uti
636 2341 710 2397 ad
740 2357 835 2397 me
866 2340 1092 2396 clamor
1110 2341 1357 2414 pertulit
1374 2357 1584 2397 necne.
1611 2363 1639 2391 »
1671 2339 1895 2407 Quibus
1918 2356 2059 2397 sane

404 2431 599 2488 verbis
621 2447 790 2488 suam
812 2431 1244 2503 ignorationem
1274 2430 1474 2503 prodit
1514 2432 1634 2486 iam
1665 2447 1797 2502 quae
1820 2430 1892 2487 de
1914 2431 2064 2487 Ada-

407 2536 505 2576 mo
534 2519 680 2575 dicit
710 2520 876 2591 (Gen.
911 2522 988 2588 3),
1021 2521 1341 2591 Ejiciamus
1388 2536 1546 2589 eum,
1605 2536 1680 2575 ne
1737 2519 2059 2592 aliquando

411 2626 583 2666 suam
614 2625 858 2665 manum
889 2609 1085 2665 arbori
1118 2609 1248 2665 vita)
1270 2609 1540 2665 intendat
1569 2609 1817 2681 ejusque
1866 2608 2061 2665 fructu

406 2698 561 2754 865
594 2715 838 2754 vescens
870 2698 1227 2753 immortalis
1257 2698 1380 2763 ﬁat,
1412 2704 1574 2754 certa
1603 2704 1741 2753 sunt
1781 2697 2061 2770 ignoran-

405 2787 503 2841 tiae
534 2786 896 2856 invidiaeque
930 2787 1116 2858 signa.
1153 2786 1316 2840 Sicut
1343 2787 1470 2841 hinc
1492 2786 1572 2839 ¹²ε
1604 2786 1888 2841 Pcenituit
1941 2787 2061 2842 sive

400 2874 797 2932 consideravit
829 2876 985 2932 Deus
1023 2875 1183 2945 quod
1231 2876 1539 2931 hominem
1571 2882 1850 2946 creasset,
1878 2893 2057 2949 argu-

398 2969 600 3020 mento
633 2968 775 3019 sunt
818 2980 955 3020 eum
1004 2963 1369 3035 posnitudini
1422 2964 1744 3020 obnoxium
1776 2982 1845 3020 ac
1901 2966 2060 3020 futu-

396 3068 598 3108 rorum
630 3053 901 3108 nescium
932 3068 1082 3109 esse.
1127 3054 1271 3109 Tum
1334 3052 1461 3109 haec
1495 3053 1582 3107 ‘3:
1639 3053 1851 3108 Olfecit
1906 3053 2060 3108 Deus

400 3140 648 3197 odorem
728 3158 967 3198 suavem
1002 3185 1016 3212 ,
1078 3142 1491 3199 demonstrant
1553 3142 1854 3214 aliquibus
1921 3158 2058 3198 eum

396 3230 685 3304 indigere.
718 3231 786 3288 Et
815 3231 975 3304 quod
1004 3201 1435 3288 ’Abrahamum
1486 3201 1755 3303 aliosque
1789 3232 2056 3301 tentavit,
2088 3201 2131 3267 ί)

400 3337 523 3379 non
554 3326 644 3377 est
661 3322 895 3393 signum
920 3322 1084 3389 boni,
1118 3327 1177 3377 et
1231 3322 1333 3393 qui
1393 3322 1791 3377 constantiam
1849 3338 2057 3377 eorum

401 3415 822 3483 praanosceret.
856 3410 946 3465 Ad
1007 3410 1133 3466 haac
1184 3412 1433 3467 Petrus:
1481 3411 1538 3467 Si
1570 3428 1761 3467 caicus
1783 3416 1927 3476 erat,
1964 3412 2053 3466 in-

421 3499 579 3570 quit,
611 3497 898 3564 Adamus,
935 3499 1231 3569 quomodo
1261 3500 1553 3555 mandans
1591 3500 1643 3554 ei
1673 3502 1828 3556 Deus
1858 3517 2063 3557 mons-

406 3587 583 3643 travit
628 3587 901 3643 arborem
957 3589 1312 3661 cognitionis
1366 3589 1505 3644 boni
1566 3596 1623 3645 et
1652 3590 1816 3657 mali,
1874 3595 1935 3645 et
1990 3606 2061 3646 ea

405 3676 705 3732 abstinere
729 3676 961 3748 jussit?
988 3677 1313 3749 Respondit
1358 3678 1561 3734 Simon
1604 3679 1821 3734 mentis
1876 3679 2058 3735 fuisse

405 3781 537 3821 eam
561 3765 908 3823 caacitatem.
941 3768 1085 3822 Tum
1148 3766 1399 3822 Petrus:
1459 3768 1567 3833 Qui
1630 3784 1761 3823 vero
1807 3784 1963 3825 caaca
2005 3768 2057 3823 ei

400 3854 583 3911 fuerit
614 3870 804 3923 mens,
838 3854 939 3926 qui
974 3861 1110 3910 ante
1144 3870 1312 3911 esum
1363 3856 1529 3911 vetiti
1558 3856 1787 3912 fructus
1816 3858 2063 3912 nomina

399 3942 677 3999 omnibus
701 3941 1066 3999 animalibus
1085 3949 1221 4015 apte
1239 3943 1526 4016 imposuit
1544 3945 1572 3999 ‘?
1595 3947 1737 4000 Nam
1766 3945 2060 4001 Adamum

399 4033 696 4102 Evamque
728 4030 1007 4086 habuisse
1055 4037 1115 4086 et
1166 4032 1354 4087 animi
1414 4038 1473 4087 et
1533 4034 1802 4105 corporis
1861 4034 2064 4089 oculos

401 4125 662 4192 apertos,
688 4136 759 4174 ex
782 4120 875 4174 his
895 4120 1087 4191 liquet
1117 4120 1199 4176 “z
1227 4143 1255 4170 «
1291 4120 1466 4186 Vidit,
1499 4121 1785 4194 scriptum
1807 4128 1917 4192 est,
1941 4140 2065 4180 mu'

402 4209 518 4266 lier
549 4209 845 4277 arborem,
879 4210 1037 4280 quod
1068 4209 1295 4266 fructus
1343 4211 1472 4283 ejus
1502 4213 1629 4267 esui
1682 4218 1853 4284 aptus
1883 4217 2062 4284 atque

407 4305 655 4371 aspectu
680 4305 879 4372 gratus
910 4301 1265 4373 elegansque
1324 4308 1482 4357 esset
1508 4319 1521 4370 ;
1580 4302 1959 4374 fructumque
1991 4320 2063 4359 ex

415 4403 484 4443 ea
515 4386 861 4459 decerptum
892 4388 1033 4457 edit,
1066 4395 1245 4460 atque
1275 4390 1454 4446 etiam
1485 4391 1699 4447 marito
1726 4390 1910 4448 dedit.
1946 4415 1967 4443 ι
2006 4391 2063 4455 Si

406 4492 544 4549 ergo
574 4492 708 4532 cum
741 4478 1069 4549 conspicati
1102 4485 1301 4534 essent
1338 4478 1568 4535 arboris
1621 4485 1798 4551 atque
1837 4480 2065 4536 fructus

2173 1897 2414 1971 Ὁμοίως
2459 1899 2519 1953 τέ
2576 1899 2604 1953 6
2654 1899 2868 1961 πλάσας
2922 1899 3109 1970 αὐτὸν,
3168 1896 3356 1968 ἐπειδή
3414 1901 3492 1973 μή
3548 1906 3832 1977 πανταχοῦ

2177 1982 2393 2060 βλέπει,
2424 1985 2611 2061 ὶπὶτῇ
2662 1992 2771 2042 τῶν
2829 1984 3096 2060 Σοδόμων
3155 1992 3503 2066 καταστροφῇ
3560 1991 3645 2060 [Ρ.
3698 1992 3828 2064 ἳοὸ]

2175 2072 2347 2148 λέγει·
2384 2099 2413 2128 «ι
2446 2070 2692 2138 Καταϐὰς
2719 2072 2928 2150 ὄψομαι
2960 2076 3006 2132 εἰ
3035 2078 3174 2133 κατᾶ
3225 2078 3323 2148 τὴν
3355 2079 3600 2155 κραυγὴν
3648 2078 3829 2135 αὐτῶν

2176 2163 2278 2231 τήν
2312 2161 2629 2239 ἐρχομένην
2660 2164 2798 2239 πρός
2832 2186 2901 2239 με
2928 2163 3330 2222 συντελοῦνται·
3364 2165 3409 2221 εἰ
3468 2163 3526 2222 δὶ
3580 2167 3682 2240 μή,
3738 2166 3830 2223 ’ἱνα

2171 2254 2309 2326 γνῶ,
2343 2276 2366 2307 ι
2404 2251 2494 2307 καὶ
2538 2254 2728 2309 ἑαυτόν
2774 2252 3071 2330 ἀγνοοῦντα
3127 2251 3387 2310 δείκνυσι.
3420 2255 3524 2311 Καὶ
3563 2256 3626 2310 τὸ
3657 2254 3831 2311 εἰπεῖν

2172 2340 2294 2414 περὶ
2326 2344 2423 2395 τοῦ
2476 2339 2670 2416 Ἀδὰμ,
2718 2336 3077 2416 Ἐκϐάλιυμεν
3135 2342 3318 2410 αὐτὸν,
3387 2344 3600 2416 μήποτε
3652 2343 3828 2399 ὲκτεί-

2171 2449 2265 2491 νας
2286 2430 2388 2499 τήν
2434 2432 2596 2506 χεῖρα
2653 2430 2820 2486 αὐτοῦ
2877 2433 3083 2505 ἅψηται
3136 2435 3231 2487 τοῦ
3287 2430 3455 2502 ξύλου
3500 2439 3600 2502 τῆς
3652 2438 3824 2503 ζωῆς,

2171 2516 2263 2574 καὶ
2316 2519 2503 2595 φαγὼν
2563 2522 2781 2591 ζήσεται
2838 2520 2914 2583 εἷς
2978 2521 3070 2576 τὸν
3120 2519 3290 2576 αἶ’ὦνα
3347 2522 3674 2596 ἀγνοοῦντος
3730 2524 3823 2578 καὶ

2172 2607 2494 2685 φθονοῦντός
2553 2607 2668 2664 ἐστι
2727 2605 3029 2678 σύμϐολον.
3086 2611 3290 2684 Ὠσπερ
3345 2611 3436 2665 καὶ
3493 2611 3557 2666 τὸ
3608 2608 3828 2667 Ἐνεθυ-

2174 2698 2325 2771 μήθη
2356 2698 2384 2753 ὁ
2414 2698 2543 2754 Θεὸς
2571 2698 2654 2753 ’ὁτι
2703 2697 2927 2768 ἐποίησε
2972 2699 3063 2754 τὸν
3122 2695 3400 2773 ἄνθρωπον
3459 2698 3828 2773 μεταμελείας

2170 2783 2284 2840 ἐστὶ
2309 2785 2401 2841 καὶ
2431 2785 2647 2861 ἀγνοίας
2709 2789 3008 2862 τεκμήριον
3064 2793 3170 2843 τῶν
3215 2786 3547 2861 μελλόντων.
3605 2787 3701 2843 Καὶ
3733 2790 3823 2861 τὸ,

2173 2876 2477 2952 Ὠσφράνθη
2510 2875 2709 2953 Κύριος
2765 2876 2942 2950 ὀσμὴν
3000 2874 3229 2940 εὐωδίας
3284 2874 3491 2939 ἐνδεοῦς
3548 2876 3659 2932 ἐστι
3707 2899 3821 2947 ση-

2173 2969 2349 3038 μεῖον,
2380 2964 2456 3028 ὡς
2483 2964 2573 3020 καὶ
2601 2966 2665 3020 τὸ
2694 2962 2964 3039 πειράζειν
3017 2967 3109 3022 τὸν
3166 2960 3415 3039 Ἀϐοαᾶμ
3466 2967 3560 3021 καὶ
3607 2964 3817 3028 ἄλλους

2171 3051 2271 3106 οὐκ
2305 3051 2509 3126 ἀγαθοῦ
2541 3051 2681 3109 ἐστιν
2732 3051 3007 3128 ἀπόδειξις
3029 3053 3118 3110 καὶ
3146 3054 3210 3111 τὸ
3239 3052 3398 3117 τέλος
3450 3060 3550 3125 τῆς
3604 3054 3817 3127 ὑπομο-

2169 3148 2268 3210 νῆς
2297 3138 2637 3215 προειδότος.
2668 3146 2728 3201 Ὀ
2759 3139 2816 3198 δὲ
2846 3143 3044 3218 Πέτρος
3085 3141 3185 3222 ἔφη
3239 3145 3377 3219 πρὸς
3431 3144 3522 3199 τὸν
3569 3143 3816 3217 Σίμωνα·

2169 3230 2235 3287 Εἰ
2263 3227 2469 3309 τυφλὸς
2519 3230 2761 3303 ἐπλάσθη
2811 3232 2840 3287 6
2871 3230 3073 3307 Ἀδὰμ,
3105 3234 3180 3295 ὡς
3214 3233 3415 3307 λέγεις,
3472 3236 3590 3295 πῶς
3638 3229 3821 3287 ἐντελ-

2170 3317 2406 3391 λόμενος
2463 3320 2610 3394 αὐτῷ
2641 3321 2669 3376 6
2721 3321 2849 3383 Θεὸς
2904 3318 3063 3397 ἓλεγε
3114 3319 3391 3394 δεικνύων,
3449 3320 3555 3376 ἀπὸ
3612 3318 3670 3376 δὲ
3718 3324 3819 3375 τοῦ

2169 3405 2335 3478 ξύλου
2361 3411 2458 3463 τοῦ
2486 3409 2764 3483 γινώσκειν
2797 3408 2966 3466 καλὸν
2996 3410 3087 3465 καὶ
3118 3410 3359 3485 πονηρὸν
3418 3409 3481 3465 ού
3538 3412 3768 3486 φάγεσθε
3802 3429 3817 3479 ;

2170 3496 2272 3554 Καὶ
2303 3496 2331 3553 6
2364 3497 2550 3571 Σίμων
2579 3499 2729 3577 φησί·
2789 3498 3008 3575 Τυφλὸς
3058 3501 3126 3569 ἦν
3181 3501 3210 3555 ὁ
3264 3504 3390 3563 νοῦς
3415 3498 3601 3555 αὐτου.
3656 3499 3758 3556 Καὶ
3792 3499 3822 3553 ὁ

2171 3585 2370 3662 Πέτρος
2405 3587 2541 3644 εἶπε·
2578 3593 2701 3650 Πῶς
2747 3590 2838 3643 καὶ
2886 3589 2978 3644 τὸν
3008 3592 3131 3643 νοῦν
3162 3586 3369 3667 τυφλὸς
3416 3588 3484 3657 ἦν
3524 3589 3554 3643 6
3584 3588 3690 3663 πρὸ
3726 3591 3824 3642 τοῦ

2169 3675 2453 3751 γεύσαςθαι
2500 3681 2598 3733 τοῦ
2683 3677 2846 3733 συσοῦ
2925 3677 3219 3753 προφόρως
3309 3682 3438 3733 πᾶσι
3488 3683 3603 3741 τοῖς
3653 3678 3820 3749 ζῴοις

2170 3764 2373 3830 ἐπιθεὶς
2397 3764 2641 3838 ὀνόματα
2666 3785 2680 3836 ;
2709 3767 2833 3824 Ὀτι
2890 3767 2995 3841 γὰρ
3051 3771 3140 3822 καί
3195 3765 3322 3829 τοὺς
3352 3774 3452 3836 τῆς
3511 3768 3698 3841 ψυχῆς
3729 3766 3822 3821 καὶ

2171 3859 2268 3910 τοῦ
2317 3856 2570 3928 σώματος
2622 3854 2941 3933 ὀφθαλμοὺς
2984 3858 3137 3933 εἶχον
3169 3856 3542 3934 ἀνεῳγμένους
3571 3856 3659 3911 καί
3688 3854 3821 3932 βλε-

2170 3965 2368 4006 ποντες
2406 3946 2541 4014 ἦσαν
2572 3945 2602 3999 6'
2628 3965 2685 4000 τε
2739 3942 2916 4020 Ἀδὰμ
2956 3947 3043 4000 καὶ
3077 3949 3112 4016 ἡ
3146 3944 3278 4019 Εὗα,
3331 3944 3502 4016 δῆλον
3558 3944 3819 4004 ἐντεῦθεν.

2174 4055 2201 4084 ι(
2230 4028 2359 4088 Εἶδε
2387 4033 2512 4108 γάρ,
2559 4034 2744 4110 φησίν,
2797 4035 2832 4102 ἡ
2881 4034 3017 4109 γυνή
3077 4028 3161 4088 ὅτι
3214 4032 3383 4090 καλὸν
3432 4034 3493 4089 τὸ
3532 4032 3692 4104 ξύλον
3745 4032 3824 4096 εἷς

2174 4122 2376 4195 βρῶσιν
2405 4120 2494 4175 καὶ
2525 4120 2748 4196 ἀρεστὸν
2779 4126 2903 4185 τοῖς
2945 4121 3254 4200 ὀφθαλμοῖς
3287 4119 3419 4178 ἰδεῖν
3475 4123 3565 4178 καὶ
3617 4123 3824 4196 ὡραῖον

2170 4214 2269 4265 τοῦ
2324 4216 2707 4280 κατανοῆσαι,
2777 4211 2869 4266 καὶ
2927 4206 3172 4266 λαϐοῦσα
3224 4216 3323 4266 τοῦ
3386 4216 3596 4287 καρποῦ
3652 4212 3824 4267 αὐτοῦ

2172 4295 2358 4375 ἔφαγε,
2389 4299 2479 4353 καὶ
2502 4297 2670 4355 ἔδωκε
2698 4298 2788 4355 καὶ
2816 4304 2895 4372 τῷ
2922 4296 3078 4376 ἀνδρὶ
3109 4301 3296 4370 αὐτῆς.
3322 4325 3351 4354 ››
3383 4301 3446 4358 Εἰ
3477 4306 3609 4377 γοῦν
3647 4300 3820 4357 καλὸν

2176 4388 2494 4462 θεασάμενοι
2541 4389 2604 4443 τὸ
2650 4385 2868 4465 δένδρον
2921 4389 3010 4445 καὶ
3058 4389 3151 4445 τὸν
3197 4391 3404 4465 καρπὸν
3470 4388 3693 4467 ἔφαγον,
3728 4388 3819 4447 εὖ·

2175 4472 2348 4547 δηλον
2373 4474 2458 4531 ὅτι
2485 4475 2576 4532 καί
2606 4478 2713 4553 πρὸ
2764 4484 2863 4548 τῆς
2891 4481 2989 4533 τοῦ
3033 4484 3244 4553 καρποῦ
3304 4480 3559 4556 βρώσεως
3614 4484 3819 4557 γνῶσιν

405 4564 937 4639 pulchritudinem,
956 4565 1228 4635 ederunt,
1267 4573 1499 4624 constat
1519 4573 1656 4625 ante
1691 4585 1858 4625 esum
1880 4569 2060 4624 istum

2172 4566 2267 4639 μὶν
2300 4564 2453 4643 εἶχον
2509 4563 2682 4621 καλοῦ
2710 4586 2769 4621 τε
2795 4566 2886 4621 καὶ
2916 4570 3106 4637 κακοῦ,
3139 4564 3266 4643 ὄψιν
3315 4589 3375 4623 τε
3430 4566 3816 4643 ὀξυδερκεστά-

406 4673 508 4712 eos
527 4661 587 4712 et
604 4656 748 4711 boni
770 4657 1031 4729 malique
1060 4659 1335 4714 notitiam
1348 4665 1406 4713 et
1429 4660 1623 4715 visum
1639 4660 2052 4716 acutissimum

407 4745 708 4812 habuisse,
741 4762 858 4817 quo
890 4747 1122 4819 singula
1151 4753 1486 4804 cernerent.
1512 4751 1592 4804 Ea
1609 4748 1857 4820 proinde
1878 4747 2056 4802 verba

405 4835 594 4908 aperti
625 4839 765 4892 sunt
794 4852 1001 4892 eorum
1041 4836 1220 4903 oculi,
1253 4853 1373 4892 non
1404 4837 1467 4892 in
1515 4838 1670 4893 hanc
1700 4836 2054 4893 sententiam

404 4932 544 4982 sunt
573 4925 786 4997 posita,
819 4925 987 4996 quasi
1011 4930 1147 4996 post
1175 4942 1343 4981 esum
1379 4926 1618 4981 demum
1650 4932 1827 4998 atque
1848 4943 2051 4998 pecca-

403 5020 530 5071 tum
555 5015 683 5069 visu
711 5014 965 5071 fuissent
986 5013 1210 5082 donati,
1232 5031 1349 5085 quo
1391 5019 1529 5071 ante
1591 5016 1746 5070 806
1776 5016 2055 5087 praeditos

400 5103 584 5159 fuisse
632 5103 847 5159 docui:
940 5104 1043 5159 sed
1094 5103 1254 5175 quod
1308 5110 1554 5175 peccato
1613 5104 2054 5176 simplicitatem

402 5190 763 5255 amisissent,
783 5191 921 5247 mali
951 5190 1147 5246 omnis
1179 5191 1465 5255 nesciam,
1490 5206 1620 5262 quas
1653 5191 2056 5264 cognitionem

401 5278 842 5334 indifferentem
892 5279 1210 5351 praebebat,
1270 5279 1405 5335 ideo
1444 5279 1670 5336 dictum
1702 5286 1793 5336 est
1851 5281 2055 5337 oculos

406 5381 613 5422 eorum
633 5365 814 5421 fuisse
844 5372 1101 5438 apertos.
1136 5365 1357 5422 Oculus
1390 5367 1549 5422 enim
1581 5383 1653 5423 ea
1707 5372 1799 5423 est
1844 5374 2057 5424 natura

407 5459 529 5511 uta
550 5458 748 5509 mente
769 5453 845 5510 ad
865 5471 935 5511 ea
946 5472 1076 5527 qua
1097 5455 1287 5511 cernit
1304 5456 1595 5513 excitetur
1627 5474 1641 5511 :
1680 5457 1806 5530 ipse
1837 5458 2055 5530 quippe

488 5631 534 5670 ¹²
565 5632 707 5687 Gen.
740 5647 815 5703 v1,
845 5634 897 5686 6.
979 5631 1023 5668 “
1052 5632 1196 5688 Gen.
1227 5648 1346 5702 vm,
1377 5635 1468 5689 21.
1547 5633 1592 5671 ¹⁴
1618 5634 1760 5690 Gen.
1792 5649 1876 5702 ιιι,
1907 5636 1960 5689 6.

2159 4655 2261 4724 τὴν
2309 4655 2438 4724 ὁρᾶν
2493 4651 2693 4710 ἕκαστα
2744 4653 3063 4730 δυναμένην.
3118 4656 3325 4715 Οὐκοῦν
3380 4660 3490 4738 οὐχ
3545 4659 3622 4721 ὡς
3678 4662 3816 4734 μετὰ

2158 4746 2226 4814 τή
2262 4745 2465 4818 βρῶσιν
2521 4744 2611 4799 καὶ
2666 4747 2766 4815 τήν
2820 4740 3122 4823 παράϐασιν
3174 4742 3593 4822 άναϐλεψάντων
3654 4746 3812 4824 εἷ’ρη-

2161 4853 2251 4889 ται
2276 4834 2339 4889 τὸ
2375 4830 2767 4914 διηνοίχθησαν
2811 4834 2987 4890 αὐτῶν
3042 4835 3094 4890 οἱ
3152 4833 3430 4914 ὀφθαλμοὶ
3487 4835 3814 4912 (δείκνυνται

2162 4923 2270 4998 γὰρ
2302 4923 2392 4977 καὶ
2424 4922 2529 4998 πρὸ
2559 4927 2659 4987 τῆς
2690 4921 2947 4999 βρώσεως
3014 4924 3273 4997 ὁρῶντες,
3331 4925 3409 4987 ὡς
3463 4921 3640 5004 ἔφηὴ·
3681 4924 3812 4982 ἀλλ’

2163 5011 2240 5072 ὡς
2261 5011 2322 5066 τὸ
2350 5011 2709 5085 ἀπειρόκακον
2749 5012 3092 5084 ἀποθεμένων
3144 5010 3235 5067 διὰ
3272 5020 3375 5083 τῆς
3431 5010 3812 5089 παραϐάσεως,

2164 5101 2193 5156 ὃ
2223 5100 2312 5154 καὶ
2368 5100 2468 5169 τὴν
2520 5104 2715 5175 γνῶσιν
2767 5097 3063 5178 ἀδιάφορον
3120 5103 3416 5179 παρεσχεν,
3474 5102 3682 5179 ἐῤῥήθη
3723 5104 3808 5161 ὅτι

2166 5186 2558 5263 διηνοίχθησαν
2636 5188 2812 5245 αὐτῶν
2870 5190 2922 5244 οἱ
2972 5189 3297 5265 ὀφθαλμοὶ.
3360 5191 3565 5270 Ηέφυκε
3619 5194 3721 5270 γάρ
3780 5195 3809 5250 6

2166 5275 2449 5354 ὀφθαλμὸς
2520 5277 2624 5333 ὑπὸ
2716 5282 2815 5334 τοῦ
2864 5278 3135 5354 λογισμοῦ
3198 5277 3548 5358 διεγείρεσθαι
3607 5284 3746 5358 πρὸς
3776 5281 3810 5337 ἃ

2169 5364 2383 5442 βλέπει,
2417 5363 2557 5422 διότι
2616 5366 2823 5423 σύνεσιν
2881 5367 3044 5431 αὐτὸς
3103 5371 3223 5434 καθ’
3280 5370 3468 5427 ἑαυτὸν
3519 5370 3619 5427 οὐκ
3675 5369 3816 5447 ἔχει,

2164 5455 2447 5519 κάντεῦθεν
2496 5453 2769 5518 πολλάκις
2825 5456 2959 5531 πρὸς
3005 5454 3161 5534 ἕτερα
3203 5464 3303 5528 τῆς
3350 5455 3586 5523 διανοίας
3646 5460 3815 5535 ἀσχο-
