4186 6198
341 335 458 398 405

1537 335 1899 396 HISTORIA
1915 337 2014 398 HU
2027 338 2092 398 M
2138 337 2464 399 COMPEN
2479 339 2693 401 DIUM.

3665 336 3786 397 406

346 464 628 540 λουμένης
687 463 902 543 τυφλοῦ
958 462 1114 536 δίκην
1174 462 1286 521 ἔσθ’
1342 462 1430 521 ὅτε
1487 467 1882 542 παρερχόμεθα
1927 465 2020 523 καὶ

2135 487 2243 542 per
2272 487 2335 527 se
2364 470 2573 528 oculus
2602 488 2722 528 non
2780 470 3081 544 intelligit.
3128 470 3334 544 Itaque
3374 486 3783 543 supenumero

347 558 441 613 τὸν
496 556 637 611 πάνυ
693 554 1001 629 γνώριμον,
1062 555 1152 610 καὶ
1235 552 1453 610 ἐπειδὰν
1509 554 1895 631 ἐγκληθῶμεν,
1948 561 2017 630 τῇ

354 644 594 721 ἀσχολίᾳ
625 649 724 700 τοῦ
757 644 1036 719 )ογισμοῦ
1086 645 1152 699 τὸ
1209 645 1390 699 αἳτιον
1441 644 1779 708 ἀνατιθέντες
1808 646 2020 702 ἂπολο-

355 733 622 811 γοῦμεθα.
657 732 819 790 Οὕτω
866 735 959 787 καὶ
1018 735 1046 788 6
1100 732 1285 806 Ἀδὰμ
1340 732 1432 788 καὶ
1463 736 1497 803 ἡ
1534 735 1649 790 Εὔα
1676 738 1743 808 τῇ
1775 734 2023 805 αἴσθήσει

361 827 458 879 τοῦ
487 826 588 878 νοῦ
618 823 755 897 πρὸς
784 824 884 892 τὴν
918 819 1042 895 ὄψιν
1074 820 1465 899 διηγέρθησαν.
1497 824 1567 877 Τὸ
1596 822 1717 898 γὰρ·
1753 847 1781 877 ‹‹
1809 822 2023 893 Διηνοί-

359 924 576 990 χθησαν
613 913 664 966 οἱ
696 910 975 991 ὀφθαλμοὶ
1006 912 1099 965 καὶ
1156 908 1397 985 ἔγνωσαν
1456 911 1539 967 ὅτι
1596 912 1799 987 γυμνοὶ
1829 912 1966 982 ἦσαν
1996 937 2024 964 »

360 1001 709 1075 ἀποκάλυψιν
739 998 908 1071 δηλοῖ
932 1004 1032 1071 τὴν
1087 1001 1444 1078 ἐγγενομένην
1489 1007 1568 1075 τῷ
1618 1000 1891 1078 λογισμῷ,
1925 1003 2027 1058 οὐκ

363 1087 659 1166 ἀνάϐλεψιν
718 1092 1042 1167 ὀφθαλμῶν,
1100 1089 1239 1146 ὥστε
1295 1093 1398 1161 τῆν
1459 1094 1592 1165 μετὰ
1630 1094 1729 1161 τήν
1760 1092 2029 1167 ἁμαρτίαν

363 1181 616 1252 αἴσθησιν
678 1177 823 1235 οὕτω
879 1178 1146 1249 κέκληκεν
1222 1185 1258 1249 ἠ
1341 1183 1551 1258 Γραφή.
1632 1181 1868 1257 παρευθὺ
1922 1182 2027 1256 γὰρ

365 1269 502 1345 μετᾶ
549 1269 649 1337 τὴν
708 1268 976 1343 ἁμαρτίαν
1037 1269 1099 1322 τὸ
1159 1265 1397 1331 συνειδὸς
1455 1268 1783 1339 πλήττεται.
1844 1270 1950 1325 Καὶ
2002 1270 2031 1325 6

364 1358 555 1432 Σίμων
585 1358 768 1435 φησίν·
823 1357 887 1413 Εἴ
939 1362 1020 1426 [Ρ.
1055 1362 1183 1430 209]
1237 1359 1548 1435 πρόγνωσιν
1583 1358 1734 1437 εἶχεν
1767 1360 1795 1413 6
1828 1357 2030 1433 Ἀδὰμ,

362 1445 453 1503 διὰ
476 1446 529 1501 τί
560 1446 621 1501 οὐ
653 1446 909 1522 προέγνω
939 1448 1039 1515 τήν
1072 1444 1160 1500 διὰ
1216 1451 1313 1501 τοῦ
1364 1442 1543 1524 ὄφεως
1592 1447 1687 1502 καὶ
1718 1455 1821 1517 τῆς
1850 1468 2033 1522 γυναι-

362 1539 460 1599 κὸς
489 1537 744 1605 ἀπάτην;
779 1538 876 1591 Καὶ
909 1538 936 1591 6
972 1536 1194 1611 Πέτρος*
1251 1536 1315 1593 Εἰ
1373 1537 1684 1612 πρόγνωσιν
1745 1537 1846 1592 οὐκ
1889 1536 2032 1615 εἶχε,

364 1631 485 1687 πῶς
521 1632 640 1687 τοῖς
690 1626 832 1690 υἱοῖς
887 1626 1053 1680 αὑτοῦ
1110 1625 1248 1700 πρὸς
1305 1626 1401 1688 τὰς
1460 1626 1719 1698 ἐσομένας
1784 1627 2032 1701 πράξεις,

371 1717 488 1789 ἅμα
540 1720 623 1788 τῷ
672 1722 1013 1791 γεννηθῆναι,
1095 1714 1355 1785 ἐπέθηκεν
1429 1715 1706 1788 ὀνόματα;
1766 1715 1871 1771 Τὸν
1930 1714 2035 1790 γὰρ

2130 560 2266 616 aliis
2294 560 2476 616 rebus
2502 566 2787 633 occupato
2836 561 3184 630 intentoque
3237 560 3439 616 animo
3489 577 3783 617 caecorum

2131 648 2324 704 instar
2356 650 2538 705 etiam
2566 651 2913 705 notissimos
2955 650 3370 721 praeterimus;
3421 666 3674 721 cumque
3725 651 3787 706 in

2131 738 2304 793 nobis
2353 739 2500 794 vitio
2531 741 2799 807 vertitur,
2832 739 3006 811 culpa
3036 738 3099 793 in
3133 738 3319 793 animi
3363 741 3788 810 occupationes

2132 827 2355 897 rejecta
2387 844 2496 883 nos
2522 844 2860 900 purgamus.
2902 828 2997 883 Sic
3049 843 3185 896 ergo
3218 826 3481 882 Adamus
3511 827 3690 882 etiam
3720 845 3789 883 ac

2133 918 2268 982 Eva,
2318 932 2495 972 sensu
2554 916 2769 971 mentis
2823 916 2895 971 ad
2953 915 3273 971 videndum
3335 916 3569 971 excitati
3629 922 3788 972 sunt.

2136 1007 2269 1061 Haec
2287 1007 2447 1061 enim
2476 1005 2544 1074 i5,
2570 1026 2595 1057 ι
2623 1006 2823 1077 Aperti
2852 1011 2989 1060 sunt
3014 1021 3220 1060 eorum
3244 1004 3399 1059 oculi
3421 1010 3480 1060 et
3507 1021 3793 1077 cognove-

2136 1102 2278 1151 runt
2307 1112 2369 1151 se
2401 1095 2594 1151 nudos
2622 1112 2774 1163 esse,
2810 1116 2838 1143 »
2870 1094 3327 1165 patefactionem
3372 1094 3434 1148 in
3483 1093 3791 1149 intellectu

2138 1185 2407 1242 obortam
2429 1186 2761 1257 designant,
2795 1201 2915 1240 non
2932 1184 3239 1239 oculorum
3256 1200 3470 1239 novum
3494 1184 3787 1240 obtutum.

2139 1276 2232 1330 Sic
2253 1292 2390 1347 ergo
2419 1274 2747 1330 nominavit
2769 1274 3070 1345 Scriptura
3095 1289 3335 1329 sensum
3384 1274 3629 1344 peccati.
3666 1274 3793 1329 Sta—

2139 1365 2247 1419 tim
2282 1364 2439 1420 enim
2472 1380 2507 1419 a
2534 1369 2776 1434 peccato
2803 1363 3119 1418 commisso
3170 1362 3535 1417 conscientia
3565 1361 3792 1417 feritur.

2141 1454 2347 1508 Intulit
2377 1454 2617 1508 Simon:
2652 1454 2767 1507 Cur
2805 1469 2942 1525 ergo
3000 1452 3277 1517 Adamus,
3338 1451 3388 1506 si
3430 1452 3797 1523 prmnotione

2142 1543 2253 1598 fuit
2284 1542 2592 1615 praeditus,
2626 1558 2748 1598 non
2780 1542 3082 1614 praesagiit
3109 1542 3382 1598 fraudem
3422 1541 3719 1613 serpentis
3746 1545 3805 1595 et

2145 1632 2415 1688 mulieris
2436 1632 2465 1687 ‘?
2492 1634 2642 1700 lmo,
2674 1633 2870 1703 inquit
2902 1634 3132 1699 Petrus,
3165 1630 3281 1686 nisi
3315 1630 3513 1686 futura
3559 1630 3803 1701 praesci-

2147 1723 2249 1789 vit,
2283 1738 2401 1792 qua
2429 1722 2661 1777 ratione
2691 1722 2882 1793 potuit
2911 1721 3052 1776 ﬁliis
3083 1720 3230 1784 suis.
3264 1725 3331 1775 ut
3370 1720 3629 1791 primum
3680 1719 3803 1774 nati

377 1805 734 1881 πρωτότοκον
776 1804 1025 1878 ὠνόμασε
1060 1805 1209 1877 Κάϊν,
1253 1805 1284 1859 6'
1326 1802 1437 1861 ἔστι
1489 1806 1686 1874 Ζῆλος¹
1720 1806 1780 1867 ’ὀς
1810 1806 1903 1860 καὶ
1935 1810 2024 1876 ζη-

2152 1815 2311 1877 sunt,
2336 1827 2403 1865 ea
2432 1810 2678 1865 nomina
2708 1810 3014 1881 imponere
3043 1808 3261 1879 quibus
3291 1808 3505 1862 futura
3536 1807 3803 1862 actiones

378 1894 564 1957 λώσας
600 1894 781 1950 ἀνεῖλε
809 1894 901 1949 τὸν
948 1892 1181 1973 ἀδελφὸν
1223 1893 1389 1948 αὐτοῦ
1425 1889 1618 1966 Ἅϐελ,
1665 1893 1695 1948 6'
1743 1894 2035 1968 ἑρμηνεύε-

382 2004 472 2039 ται
502 1984 720 2047 Πένθος⁸
776 1981 858 2037 ἐπ’
915 1983 1065 2055 αὐτῷ
1117 1984 1223 2058 γὰρ
1276 1985 1480 2057 πρώτῳ
1539 1983 1848 2060 φονευθέντι
1879 1981 2035 2037 ἐπέν-

384 2083 551 2139 θησαν
599 2072 651 2126 oi.
704 2077 901 2148 γονεῖς.
937 2071 1000 2127 Εἰ
1034 2068 1091 2126 δὲ
1136 2068 1315 2144 Ἀδὰμ
1346 2068 1502 2148 ἔργον
1535 2075 1669 2127 Θεοῦ
1698 2074 1788 2126 καὶ
1821 2071 2038 2144 ποίημα

378 2160 690 2237 πρόγνωσιν
748 2161 887 2235 εἶχε,
974 2160 1174 2232 πολλῷ
1264 2157 1478 2234 μᾶλλον
1535 2162 1564 2216 6
1621 2157 2039 2237 δημιουργήσας

380 2250 540 2305 αὐτὸν
568 2249 718 2311 Θεός.
751 2253 872 2306 Ὅτι
904 2249 1005 2325 γὰρ
1038 2248 1209 2311 ὄντως
1254 2250 1619 2325 προγινώσκει
1657 2251 1685 2304 6
1716 2252 1869 2318 Θεὸς,
1900 2250 2034 2325 φησί

375 2340 514 2414 πρὸς
543 2339 636 2394 τὸν
699 2334 969 2414 Ἀϐραάμ*
1030 2340 1314 2393 Γινώσκων
1375 2340 1556 2415 γνώσῃ
1626 2337 1709 2394 ὅτι
1767 2340 2033 2414 πάροικον

377 2424 526 2485 ἔσται
581 2429 644 2483 τὸ
697 2427 911 2504 σπέρμα
967 2450 1062 2483 σου
1122 2426 1175 2482 ἒν
1234 2432 1305 2504 γῇ
1362 2427 1654 2502 ἀλλοτρίᾳ,
1687 2429 1777 2482 καὶ
1819 2425 2032 2483 δουλώ-

377 2539 560 2574 σουσιν
595 2518 726 2573 αὐτὸ
756 2516 850 2589 ἔτη
903 2519 967 2576 υ’.
1018 2520 1093 2575 Τὸ
1145 2516 1203 2572 δὶ
1249 2515 1404 2581 ἔθνος
1447 2517 1493 2590 ᾦ
1540 2517 1627 2572 ἐὰν
1670 2514 2034 2583 δουλεύσωσι,

378 2611 553 2682 κρινῶ
610 2606 741 2682 ἐγώ.
805 2608 956 2664 Μετᾶ
1016 2604 1070 2661 δὲ
1127 2611 1294 2661 ταῦτα
1351 2605 1719 2676 ἐξελεύσονται
1758 2604 1865 2662 ὧδε
1898 2607 2034 2678 μετὰ

382 2696 691 2765 ἀποσκευῆς
721 2694 962 2766 πολλῆς·
997 2695 1059 2750 σὺ
1088 2693 1146 2751 δὲ
1176 2695 1441 2769 ἐπελεὺσῃ
1468 2697 1603 2767 πρὸς
1639 2697 1768 2757 τοὺς
1796 2696 2032 2770 πατέρας

383 2807 501 2858 σου,
567 2792 680 2860 μετ’
738 2786 956 2861 εἰρήνης
1007 2785 1230 2865 τραφεὶς
1280 2787 1332 2840 ἐν
1381 2788 1536 2861 γήρει
1578 2786 1756 2858 καλῷ.
1789 2787 2029 2861 Τετάρτῃ

376 2872 433 2931 δὲ
499 2880 656 2953 γενεᾷ
723 2874 1233 2952 ἂποστραφήσονται
1327 2872 1453 2931 ὧδε.
1554 2874 1616 2931 Τί
1704 2872 1801 2943 δὲ;
1890 2873 2036 2949 Οὐχί

376 2971 618 3037 Μωϋσης
675 2968 764 3021 καὶ
822 2967 875 3020 o':
936 2964 1131 3020 λοιποῖ
1187 2972 1464 3041 προφῆται
1541 2965 1610 3020 τὰ
1661 2967 2036 3039 ἁμαρτήματα

365 3062 466 3113 τοῦ
525 3056 749 3133 Ἰσραὴλ
823 3058 911 3112 καὶ
996 3059 1097 3126 τὴν
1184 3057 1455 3112 ἀπείθειαν
1524 3056 1690 3112 αὐτοῦ
1745 3058 1884 3132 πρὸς
1942 3055 2035 3114 τὸν

366 3148 604 3223 Χριστὸν
636 3148 728 3202 καὶ
777 3148 877 3215 τὴν
929 3146 1008 3210 εἲς
1057 3147 1123 3201 τὰ
1186 3144 1307 3217 ἔθνη
1370 3144 1666 3221 διασπορὰν
1708 3147 1874 3202 αὐτοῦ
1906 3169 2038 3223 προ·

2150 1898 2646 1971 designarentur?
2677 1899 2874 1953 Primo
2902 1898 3025 1952 tilio
3068 1896 3233 1952 Caini
3289 1911 3511 1950 nomen
3560 1894 3801 1962 indidit,

2147 2003 2279 2058 quae
2300 2003 2407 2041 vox
2435 1985 2885 2041 Emulationem
2906 1990 3009 2040 aut
3028 1983 3416 2039 Invidentiam
3440 1986 3607 2038 notat
3627 1997 3643 2038 :
3677 1998 3796 2054 qua

2146 2076 2198 2131 is
2230 2075 2524 2147 impulsus
2554 2074 2772 2130 occidit
2799 2073 3043 2129 fratrem
3076 2088 3249 2128 suum
3302 2071 3574 2137 Abelum,
3619 2072 3793 2142 cujus

2146 2165 2389 2221 nomine
2420 2165 2614 2220 luctus
2636 2164 3036 2237 significatur:
3061 2161 3347 2217 nimirum
3366 2161 3526 2215 enim
3548 2160 3610 2215 in
3630 2160 3795 2215 luctu

2146 2255 2390 2310 fuerunt
2418 2259 2717 2325 parentes,
2750 2269 2819 2308 eo
2849 2253 3110 2324 primum
3133 2255 3364 2307 necato.
3397 2250 3523 2305 Iam
3557 2249 3605 2303 si
3637 2248 3793 2304 Ada-

2147 2360 2302 2409 mus,
2334 2342 2436 2398 Dei
2478 2358 2627 2413 opus
2681 2346 2859 2411 atque
2905 2346 3194 2404 creatura,
3254 2338 3628 2410 praascientia
3683 2338 3797 2393 fuit

2145 2432 2454 2507 praeditus,
2488 2431 2647 2487 haud
2677 2430 2857 2486 dubie
2886 2431 3075 2502 magis
3101 2430 3278 2484 etiam
3312 2443 3380 2482 ea
3419 2427 3617 2500 opifici
3666 2430 3794 2497 ejus

2143 2527 2263 2581 Deo
2286 2522 2465 2577 tribui
2488 2522 2683 2577 debet.
2712 2524 2783 2576 Et
2802 2536 2937 2575 vero
2961 2521 3161 2574 futura
3184 2534 3247 2573 se
3278 2518 3599 2589 praavidere
3637 2518 3793 2572 Deus

2144 2614 2530 2678 demonstrat,
2617 2627 2753 2667 cum
2811 2610 2893 2665 ita
2958 2608 3363 2665 Abrahamum
3433 2606 3788 2677 alloquitur:

2142 2707 2311 2759 Certo
2341 2702 2640 2774 intelliges
2670 2704 2940 2772 posteros
2970 2704 3102 2756 tuos
3133 2698 3195 2752 in
3228 2696 3420 2752 alieno
3464 2694 3590 2750 solo
3618 2711 3793 2749 exsu-

2144 2794 2389 2858 laturos,
2452 2793 2826 2863 servientque
2887 2790 3034 2846 897
3096 2788 3369 2844 Barbaris
3447 2787 3791 2843 servitutem

2143 2899 2334 2938 annos
2364 2881 2487 2936 400.
2521 2883 2636 2952 Ego
2667 2885 2863 2935 autem
2921 2883 3180 2951 gentem,
3231 2893 3361 2948 quae
3407 2892 3506 2931 eos
3555 2875 3792 2931 servitio

2143 2976 2395 3043 premet,
2420 2969 2694 3025 ulciscar.
2727 2973 2913 3039 Atque
2944 2972 3070 3022 tum
3097 2968 3213 3022 huc
3240 2969 3609 3021 revertentur
3627 2980 3789 3037 mag-

2143 3060 2239 3116 nis
2270 3075 2404 3114 cum
2427 3058 2638 3129 opibus
2669 3062 2879 3129 quarta
2905 3060 3039 3128 post
3073 3060 3264 3110 aetate.
3320 3056 3399 3109 Tu
3432 3059 3628 3109 autem
3659 3053 3790 3124 pla-

2144 3148 2277 3204 cida
2305 3152 2497 3202 morte
2527 3163 2707 3202 senex
2752 3146 2823 3201 ad
2878 3145 3134 3216 majores
3178 3149 3311 3199 tuos
3357 3142 3787 3215 aggregaberis.

364 3211 652 3307 εδῆλωσαν
680 3255 693 3293 :
731 3236 791 3293 Et
823 3211 880 3291 δὲ
910 3243 1153 3305 Μωυσῆς
1184 3237 1273 3290 καὶ
1298 3211 1307 3217 .
1328 3236 1382 3288 οἶ
1434 3211 1601 3290 ἄλλοι
1649 3211 2024 3313 προφῆταιιέκ

2139 3237 2288 3303 Quid
2319 3242 2516 3292 autem
2536 3237 2564 3291 δῖ
2592 3237 2798 3291 Nonne
2829 3240 2889 3290 et
2915 3211 3101 3289 Moses
3133 3239 3191 3287 et
3218 3211 3625 3303 reliqu‘ivvates
3656 3246 3790 3301 pec-

357 3333 462 3395 τῆς
508 3331 608 3381 τοῦ
662 3330 796 3381 Θεοῦ
855 3326 1088 3404 χάριτος
1140 3325 1206 3379 τὰ
1267 3322 1540 3397 μέλλοντα
1598 3326 2025 3402 προεγίνωσκον,

380 3422 501 3478 πῶς
532 3416 693 3477 αὐτὸς
726 3416 754 3470 ὁ
789 3414 842 3469 ἐν
901 3414 1088 3476 αὐτοῖς
1148 3412 1394 3484 λαλήσας
1454 3414 1583 3476 Θέὸς
1644 3416 1708 3470 οὐ
1761 3418 2032 3492 προγινώ“

359 3526 483 3561 σκει
516 3507 586 3560 τὰ
616 3504 890 3580 ἐσόμενα;
942 3506 1103 3559 Ὥστε
1155 3502 1248 3558 οῦν
1298 3502 1665 3575 οἰκονομικῶς
1706 3502 1917 3580 εῃρηται
1947 3506 2032 3576 τὸ,

359 3595 737 3667 Ἐνεθυμήθη,
769 3593 1013 3648 τουτέστι
1077 3591 1449 3667 μετεμελήθη,
1509 3594 1598 3647 καὶ
1648 3593 1733 3661 τὸ,
1782 3588 2029 3656 Καταόὰς

358 3681 594 3758 ὄψομαι.
626 3684 727 3738 Καὶ
766 3683 860 3755 μέν
893 3702 957 3757 γε
1005 3683 1090 3751 τὸ,
1122 3683 1409 3757 Ἐπείραζε
1464 3682 1555 3737 τὸν
1605 3676 1877 3757 Ἀϐραὰμ,
1910 3681 2025 3737 καὶ,

359 3771 668 3851 Ὢσφράνθη
707 3771 927 3847 Κύριος,
978 3772 1069 3825 γαὶ
1119 3770 1218 3826 ὅσα
1262 3775 1510 3836 τοιαῦτα,
1544 3767 2028 3847 συγκαταϐατικὼς

361 3860 453 3917 διὰ
497 3862 598 3932 τήν
660 3861 936 3936 ἡμετέραν
996 3860 1271 3916 ἀσθένειαν
1331 3858 1605 3928 λέλεκται,
1664 3859 1779 3916 ἐπεὶ
1838 3860 1920 3916 ὅτι
1963 3882 2025 3936 γε

357 3951 557 4005 θυσιῶν
589 3948 693 4005 οὐκ
722 3950 991 4027 ὀρξγεται,
1049 3946 1138 4004 διὰ
1193 3953 1290 4004 τοῦ
1317 3952 1606 4028 προφήτου
1639 3944 1808 4005 Δαϐἱδ
1845 3951 2025 4024 ὑπεμ-

356 4040 537 4121 ιραίνει
599 4038 796 4114 λέγων·
862 4041 955 4109 Μὴ
1017 4040 1279 4117 φάγωμαι
1336 4039 1467 4115 κρέα
1524 4040 1738 4115 ταύρων
1793 4040 1828 4109 ἢ
1878 4042 2022 4114 αἷμα

354 4129 574 4206 τράγων
633 4128 874 4202 πίωμαι.
926 4130 1089 4186 ’Ὀθεν
1144 4130 1173 4184 6
1231 4128 1282 4199 ἐξ
1341 4128 1505 4183 αὐτοῦ
1535 4129 1641 4203 πρὸ
1669 4133 1779 4183 τῶν
1810 4128 2026 4186 αἰώνων

363 4218 642 4296 γεννηθεὶς
698 4218 790 4274 καὶ
851 4218 935 4273 ἐπ’
996 4217 1242 4297 ἐσχάτων
1321 4219 1381 4273 ἐκ
1449 4224 1548 4287 τῆς
1608 4217 1878 4294 Παρθένου
1936 4216 2025 4273 διὰ

349 4309 455 4377 τήν
552 4306 825 4383 ἡμετέραν
905 4306 1178 4380 σωτηρίαν
1254 4310 1472 4382 τεχθεὶς
1545 4312 1719 4363 ταῦτα
1791 4309 1882 4363 καὶ
1954 4309 2022 4362 τὰ

347 4401 575 4453 τοιαῦτα
634 4396 816 4473 ὥσπερ
876 4394 1259 4471 διερμηνεῦων
1310 4402 1431 4458 τοῖς
1493 4398 1810 4472 ἀγνοοῦσιν,
1872 4388 2018 4453 δτιδ

350 4487 481 4548 Θεὸς
536 4486 626 4540 καὶ
688 4487 878 4559 Πατήρ
928 4486 1101 4540 πάντα
1171 4486 1559 4560 προγινώσκει,
1619 4482 1825 4562 ἔλεγεν
1887 4483 2018 4551 Οἵδε

2142 3332 2271 3382 cata
2302 3325 2527 3392 lsraeli,
2561 3326 2690 3397 ejus
2720 3322 3222 3387 incredulitatem,
3275 3327 3333 3376 et
3376 3322 3439 3375 in
3487 3319 3787 3375 Christum

2140 3418 2601 3485 contumaciam,
2673 3421 2856 3486 utque
2914 3417 3117 3469 essent
3179 3411 3364 3468 ,ἰυᾶωί
3419 3426 3527 3483 per
3580 3413 3787 3482 gentes

2140 3505 2490 3576 dissipandi,
2519 3503 2966 3577 praedixerunt?
2995 3502 3161 3568 Quod
3191 3502 3240 3557 si
3265 3503 3452 3556 Moses
3482 3504 3541 3555 et
3570 3497 3788 3569 reliqui

2138 3600 2299 3650 vates
2316 3595 2419 3651 Dei
2442 3594 2596 3649 dono
2618 3594 2952 3650 futurorum
2976 3592 3311 3664 cognitione
3325 3594 3463 3645 sunt
3486 3588 3783 3654 instructi,

2138 3699 2254 3756 quo
2287 3688 2457 3754 pacto
2490 3684 2665 3749 Deus,
2698 3683 2798 3753 qui
2848 3698 2956 3752 per
3000 3696 3101 3735 eos
3149 3681 3383 3735 locutus
3428 3684 3538 3745 est,
3586 3678 3787 3732 futura

2136 3772 2478 3844 ignoraret?
2506 3773 2688 3826 Porro
2719 3770 2890 3836 illud,
2922 3768 3328 3824 Consideravit
3374 3769 3544 3831 Deus,
3596 3766 3654 3821 id
3695 3770 3785 3821 est

2135 3861 2411 3935 paenituit
2430 3876 2587 3925 eum,
2610 3865 2687 3927 et,
2722 3857 3085 3914 Descendam
3106 3857 3321 3924 visum,
3352 3855 3510 3909 dicta
3538 3859 3679 3908 sunt
3706 3853 3780 3908 ad

2136 3953 2463 4007 humanum
2486 3953 2724 4021 captum
2748 3944 3214 4004 accommodata.
3247 3942 3409 4009 Quod
3438 3942 3616 3996 etiam
3648 3946 3781 3995 ten-

2134 4042 2347 4098 tavisse
2377 4040 2781 4096 Abrahamum
2812 4038 3030 4094 dicitur
3076 4041 3135 4091 et
3190 4034 3491 4101 odoratus,
3542 4036 3601 4086 et
3648 4048 3778 4103 quea

2134 4134 2347 4188 horum
2380 4136 2519 4187 sunt
2546 4130 2789 4198 similia,
2817 4145 2886 4185 ea
2917 4128 3073 4183 dicta
3102 4130 3241 4181 sunt
3266 4129 3483 4179 nostrae
3514 4121 3781 4177 imbecil-

2135 4223 2318 4278 litatis
2342 4237 2541 4287 causa,
2559 4219 2753 4275 verbis
2774 4218 2847 4273 ad
2868 4222 3097 4272 naturas
3118 4219 3333 4270 nostras
3355 4228 3583 4268 morem
3614 4227 3778 4267 com-

2132 4312 2363 4384 positis.
2395 4312 2537 4365 Nam
2571 4308 2863 4364 sacriﬁcia
2891 4323 2926 4362 a
2955 4322 3017 4361 se
3039 4320 3159 4360 non
3183 4303 3376 4375 expeti
3408 4301 3774 4357 DeusDavidi

2129 4400 2325 4456 verbis
2357 4400 2441 4454 sic
2473 4398 2717 4470 exponit
2744 4396 2824 4450 “z
2856 4398 3052 4467 Egone
3092 4400 3160 4449 ut
3208 4407 3417 4449 carnes
3466 4396 3775 4447 taurorum

2132 4490 2323 4554 edam,
2381 4494 2483 4543 aut
2539 4487 2890 4559 sanguinem
2948 4485 3249 4539 hircorum
3324 4481 3524 4537 bibam
3553 4484 3582 4536 Σ)
3631 4481 3775 4537 Huic

350 4576 455 4651 γὰρ
489 4576 519 4630 6
554 4576 744 4649 Πατὴρ
799 4578 962 4646 ἡμῶν
1023 4576 1051 4631 6
1111 4575 1363 4648 οὐράνιος
1409 4574 1494 4630 ὅτι
1545 4576 1779 4651 χρῄζετε
1810 4576 2021 4632 τούτων

2135 4578 2286 4633 [ilius
2320 4578 2441 4635 Dei.
2476 4584 2612 4633 ante
2645 4575 2864 4631 saacula
2894 4590 2961 4629 ex
2993 4575 3122 4646 ipso
3152 4572 3388 4645 genitus
3444 4576 3504 4626 et
3550 4569 3773 4625 ultimis

348 4666 620 4733 ἁπάντων,
672 4665 802 4739 πρὶν
853 4664 1014 4718 αὐτὸν
1066 4664 1289 4733 αἰτῆσαι
1346 4665 1506 4737 ὑμᾶς.
1563 4658 1662 4721 Καὶ
1710 4671 1827 4729 τοῖς
1856 4665 2015 4739 νομί·

354 4757 535 4822 ζουσιν
564 4753 650 4807 ’ὁτι
687 4752 763 4825 μή
817 4752 993 4806 πάντα
1054 4751 1244 4827 βλέπει
1302 4750 1516 4832 ἔφασκε
1553 4752 1930 4828 Προσεύχεσθε
1959 4752 2012 4808 ἐν

349 4845 429 4913 τῷ
458 4846 709 4915 κρυπτῷ,
737 4840 829 4895 καὶ
860 4842 888 4896 6
920 4842 1108 4916 Πατὴρ
1144 4842 1299 4915 ὑμῶν
1359 4843 1387 4897 6
1450 4840 1667 4916 βλέπων
1701 4841 1752 4896 ἐν
1779 4846 1857 4913 τῷ
1885 4862 2013 4916 κρυ-

348 4933 472 5002 πτῷ
521 4928 797 4984 ἀποδώσει
868 4929 920 4985 ἐν
974 4934 1054 5002 τῷ
1112 4934 1342 5008 φανερῷ.
1400 4930 1497 4985 Καὶ
1554 4934 1672 4991 τοῖς
1730 4929 2009 5001 οἰομένοις

342 5019 503 5074 αὐτὸν
568 5021 642 5091 μὴ
705 5019 905 5093 ἀγαθὸν
961 5020 1095 5074 εἶναι
1173 5016 1483 5090 ἐπέπληττε
1541 5019 1732 5095 λέγων’
1793 5019 1860 5076 Ei
1917 5018 2009 5105 οὗν

342 5107 500 5179 ὑμεῖς
555 5108 789 5183 πονηροὶ
845 5107 995 5171 ὄντες
1059 5106 1241 5164 οἳδατε
1300 5106 1514 5182 δόματα
1577 5110 1750 5184 ἀγαθὰ
1798 5106 2009 5178 διδόναι

336 5203 455 5258 τοῖς
503 5199 717 5259 τέκνοις
781 5200 960 5272 ὑμῶν,
1022 5198 1174 5271 πόσῳ
1233 5197 1448 5271 μᾶλλον
1489 5198 1517 5252 6
1578 5199 1762 5274 Πατὴρ
1797 5200 1946 5272 ὑμῶν
1978 5200 2005 5253 6

341 5286 591 5361 οὗρᾶνιος
623 5284 784 5341 δώσει
818 5288 992 5362 ἀγαθὰ
1041 5293 1160 5348 τοῖς
1198 5288 1436 5342 αἰτοῦσιν
1494 5286 1692 5357 αὐτὸνς
1756 5290 1854 5342 Καὶ
1883 5293 2005 5349 τοῖς

343 5372 601 5430 δοκοῦσιν
656 5375 815 5431 αὐτὸν
874 5378 1075 5431 θυσιῶν
1160 5376 1440 5454 ὀρέγεσθαι
1516 5375 1883 5451 διηγόρευσεν·
1943 5378 2006 5435 Ὀ

345 5465 477 5526 Θεὸς
511 5463 664 5529 ἔλεος
696 5465 841 5521 θὲλει
888 5466 979 5521 καὶ
1042 5466 1103 5521 οὐ
1164 5466 1367 5530 θυσίας.
1405 5466 1509 5523 Καὶ
1538 5471 1655 5530 τοῖς
1686 5462 2007 5541 ὑπολαμϐά-

422 5647 467 5683 ¹¹
496 5647 636 5705 Gen.
670 5663 759 5719 xv,
794 5651 847 5706 '1.
926 5649 974 5687 ¹⁶
1002 5648 1157 5707 Psal.
1189 5662 1341 5721 mx,
1371 5650 1457 5706 15.
1535 5648 1579 5685 τί
1609 5649 1812 5707 Matth.
1840 5664 1914 5717 Vt,
1945 5650 2000 5705 4.

2125 4667 2492 4739 temporibus
2525 4670 2742 4720 nostrze
2770 4665 2977 4720 salutis
3008 4678 3190 4718 causa
3218 4662 3290 4716 de
3322 4660 3544 4731 virgine
3576 4664 3769 4727 natus,

2125 4757 2249 4812 haec
2280 4762 2338 4811 et
2368 4755 2486 4811 alia
2514 4754 2573 4809 id
2599 4770 2785 4827 genus
2824 4752 3072 4808 rudibus
3130 4750 3299 4822 quasi
3348 4749 3769 4818 interpretatus

2125 4850 2232 4900 est.
2283 4844 2449 4910 Quod
2501 4844 2653 4899 Deus
2711 4848 2769 4897 et
2825 4844 2998 4897 Pater
3054 4839 3255 4896 omnia
3310 4836 3600 4909 praasciat,
3662 4834 3767 4890 sic.

2124 4934 2291 4989 Novit
2345 4936 2522 4989 Pater
2576 4938 2770 4988 vester
2826 4930 3081 4986 cmlestis
3134 4944 3235 4981 vos
3293 4924 3424 4979 istis
3492 4922 3770 4977 omnibus

2122 5023 2408 5096 indigere,
2438 5022 2616 5093 idque
2642 5026 2960 5091 antequam
3009 5019 3206 5089 ipsum
3259 5014 3496 5086 rogetis.
3547 5013 3619 5065 Et
3667 5014 3769 5082 qui

2122 5130 2256 5169 eum
2287 5130 2410 5169 non
2440 5112 2662 5184 ubique
2692 5110 2894 5166 omnia
2921 5107 3118 5162 videre
3147 5108 3445 5178 putarent,
3488 5118 3556 5157 eo
3606 5100 3770 5156 refu-

2120 5207 2321 5258 tantur
2352 5201 2414 5253 ίτ.
2450 5199 2775 5255 Precamini
2808 5199 2871 5252 in
2901 5196 3099 5253 abdito
3125 5215 3139 5261 ;
3173 5199 3228 5250 et
3259 5195 3433 5248 Pater
3451 5196 3644 5246 vester
3664 5190 3763 5261 qui

2118 5291 2352 5346 occulta
2389 5288 2567 5355 videt,
2600 5288 2764 5343 vobis
2809 5285 3017 5340 reddet
3063 5284 3124 5338 in
3178 5286 3400 5352 aperto.
3463 5280 3571 5346 Qui
3630 5295 3765 5334 eum

2116 5383 2396 5450 putarent
2468 5394 2587 5432 non
2662 5392 2791 5431 esse
2862 5374 3104 5440 bonum,
3213 5371 3298 5426 sic
3385 5368 3762 5424 refelluntur.

2114 5467 2268 5523 808
2301 5465 2519 5533 Quodsi
2577 5482 2696 5535 vos,
2744 5464 2845 5535 qui
2889 5462 3029 5518 mali
3086 5461 3249 5531 estis,
3299 5459 3503 5516 liberis
3550 5459 3763 5515 vestris
