4194 6198
406 287 517 347 ᾸΟἸ
1771 277 2089 336 GEORGII
2133 278 2478 339 CEDRENI
3693 278 3810 338 408

392 422 584 478 nostis
615 420 772 475 bona
820 418 976 472 dona
1026 415 1310 486 praebere,
1361 417 1583 484 quanto
1635 411 1820 483 magis
1871 412 2046 465 Pater

2184 429 2310 462 νουσι
2367 411 2530 464 κακὸν
2589 410 2748 465 αὐτὸν
2833 410 2963 465 εἶναι
3047 413 3326 485 παραινῶν
3382 404 3531 463 ἐϐόα·
3605 408 3819 466 Γίνεσθε

392 517 588 568 vester
634 508 887 564 caelestis
939 505 1099 559 bona
1157 504 1440 574 largietur
1485 502 1556 555 iis
1601 500 1768 571 quia
1798 515 1860 553 se
1907 516 2047 570 pos-

2184 497 2507 571 μίκτίρμονες
2540 500 2614 561 ὡς
2647 499 2736 553 καὶ
2770 501 2798 554 6
2839 500 3022 574 Πατὴρ
3056 500 3207 572 ὑμῶν
3256 500 3283 553 6
3335 497 3602 573 οὐράνιος.
3637 499 3732 553 Διά
3763 495 3821 552 δὶ

395 600 582 658 cent?
613 598 718 662 Qui
754 611 889 651 eum
945 592 1372 646 sacriﬁciorum
1422 588 1702 661 cupidum
1751 593 2046 660 putarent,

2184 586 2285 648 ei):
2319 589 2711 661 ἀπατωμένους
2743 587 2992 651 πολλοὺς
3045 589 3197 649 θεοὺς
3249 588 3516 666 ὑπάρχειν
3550 583 3674 665 ἔφη’
3705 589 3822 644 Ἵνα

395 690 469 744 iis
502 689 720 742 diserte
751 682 938 737 edixit
961 681 1045 733 ¹⁸ε
1093 680 1554 734 Misericordiam
1589 696 1622 733 a
1652 681 1769 733 Deo
1801 677 2048 748 requiri,

2184 677 2467 732 νινώσκωσί
2517 699 2573 732 σε
2619 679 2710 733 τὸν
2766 679 2930 750 μόνον
2982 677 3242 746 ἀληθινον
3294 679 3444 745 Θεὸν,
3495 678 3580 731 καὶ
3626 678 3684 730 ὅν
3714 677 3813 731 ἀπ-

392 793 513 833 non
547 772 930 828 sacriﬁcium.
982 771 1089 834 Qui
1144 773 1424 840 putarent
1455 785 1591 823 eum
1640 784 1768 822 esse
1803 766 2062 829 malum,

2188 763 2406 828 στειλας
2435 768 2642 835 Ἰησοῦν
2673 767 2924 839 Χριστὸν,
2955 767 3043 820 καὶ
3093 763 3538 844 έξομολογοῦμαι
3571 786 3674 831 σοι,
3712 765 3815 819 Πά-

393 887 494 925 eos
521 868 607 922 sic
637 865 985 919 exhortatur
1010 861 1090 915 ηε
1128 861 1535 916 Misericordes
1568 867 1776 926 estote,
1811 859 1963 913 sicut
1995 862 2052 911 et

2184 874 2251 926 τερ
2284 857 2450 929 Κύριε
2475 861 2571 909 τοῦ
2603 857 2837 930 ούρανοῦ
2883 855 2971 910 καὶ
3019 863 3117 924 τῆς
3155 863 3278 931 γῆς.
3333 857 3429 909 Καὶ
3464 854 3649 927 μέντοι
3678 854 3817 930 πρὸς

393 960 568 1013 Pater
598 959 790 1008 vester
818 951 1092 1007 caelestis.
1128 951 1235 1016 Qui
1287 967 1392 1021 per
1438 966 1700 1003 errorem
1746 948 2051 1002 existima-

2184 945 2250 998 τὸν
2298 942 2718 1018 ἐπερωτήσαντα
2767 945 3096 1020 γραμματέα
3145 943 3277 999 ποία
3320 942 3434 999 ἐστὶ
3473 945 3664 1019 πρώτη
3716 965 3818 997 πα-

393 1050 530 1101 rent
560 1041 780 1098 multos
811 1057 940 1096 esse
972 1039 1136 1098 deos.
1162 1056 1364 1094 eorum
1397 1054 1576 1093 causa
1607 1040 1732 1091 11330
1765 1038 1846 1091 ait
1868 1035 1915 1070 ³ο
1941 1052 1952 1088 :
1983 1037 2052 1090 Ut

2184 1037 2265 1086 ’ὦν
2315 1030 2573 1102 ἐντολῶν,
2637 1033 2926 1108 ἀπεκρίθη’
2983 1035 3204 1102 Ἀκουε,
3257 1031 3502 1108 Ἰσραὴλ,
3556 1031 3756 1107 Κύριος
3789 1031 3818 1084 6

393 1137 755 1207 cognoscant
776 1137 829 1185 te
854 1130 1048 1184 solum
1075 1145 1275 1183 verum
1306 1129 1512 1195 Deum,
1537 1133 1594 1181 et
1625 1143 1801 1198 quem
1833 1123 2048 1179 misisti

2184 1121 2292 1182 θεός
2326 1142 2422 1175 σου
2457 1122 2657 1194 Κύριος
2693 1124 2769 1185 εἴς
2802 1121 2934 1179 ἐστι.

392 1225 593 1281 Jesum
661 1221 987 1276 Christum.
1045 1222 1191 1274 Item
1245 1217 1502 1290 praadico
1558 1222 1615 1270 te
1673 1217 1864 1281 Pater,
1915 1212 2148 1268 Domini
2201 1211 2332 1266 cceli
2383 1219 2442 1267 et
2496 1219 2690 1268 terrai.
2743 1217 2933 1284 Atque
2987 1213 3160 1267 etiam
3195 1211 3401 1267 scriba;
3433 1213 3818 1282 interroganti

394 1312 698 1386 quodnam
758 1317 913 1365 esset
971 1309 1228 1380 primum
1285 1306 1430 1377 legis
1489 1311 1873 1376 prmceptum,
1934 1300 2242 1372 respondit
2277 1301 2362 1355 2‘z
2421 1302 2572 1356 Audi
2635 1304 2832 1368 Israel,
2895 1303 3183 1358 Dominus
3239 1303 3404 1356 Deus
3456 1307 3591 1356 tuus
3619 1300 3832 1354 unicus

395 1410 508 1459 est.

469 1493 761 1547 Craterum
819 1489 1020 1544 Simon
1077 1487 1284 1542 videns
1343 1504 1376 1542 a
1434 1488 1602 1540 Petro
1644 1501 1706 1538 se
1748 1498 2050 1538 sacrarum

402 1581 759 1636 Litterarum
791 1578 1150 1633 testimoniis
1181 1577 1242 1630 in
1291 1575 1692 1647 disputatione
1736 1573 1806 1628 de
1845 1577 1956 1627 Deo
1988 1573 2051 1626 in

2230 1480 2290 1536 Ὁ
2324 1477 2382 1534 δὶ
2413 1479 2601 1551 Σίμων
2660 1477 2890 1534 συνιδὼν
2928 1479 3012 1535 ὅτι
3066 1481 3094 1535 6
3152 1481 3351 1551 Πέτρος
3413 1476 3570 1533 αὐτὸν
3601 1439 3820 1552 συνοὶγει

2158 1577 2276 1634 ταῖς
2339 1578 2574 1649 Γραφαῖς
2632 1572 2708 1635 εἰς
2763 1573 2854 1627 τὸν
2913 1573 3036 1647 περὶ
3097 1571 3230 1628 Θεοῦ
3288 1571 3475 1647 λόγον,
3533 1568 3824 1643 ἐξετασμὸν

403 1675 633 1725 arctum
692 1668 840 1740 cogi,
901 1667 1113 1721 nolens
1163 1664 1457 1737 judicium
1527 1664 1601 1718 de
1649 1661 2054 1718 controversia

2184 1662 2403 1736 (ενέσθαι
2440 1663 2514 1731 μὴ
2551 1660 2786 1732 θελήσας
2819 1662 3140 1740 ἀνεχώρησε
3195 1662 3329 1735 μετά
3374 1658 3595 1728 πολλῆς
3635 1658 3828 1732 αἰσχύ-

408 1759 561 1827 ﬁeri,
603 1758 792 1812 victus
822 1772 958 1811 cum
1007 1771 1218 1827 magno
1262 1754 1552 1809 dedecore
1595 1769 1724 1807 sese
1759 1750 2058 1806 subduxit.

412 1850 550 1903 Erat
590 1847 750 1902 enim
781 1845 1239 1900 scelestissimus
1269 1843 1394 1910 ille,
1427 1841 1853 1897 diabolicarum
1887 1839 2064 1893 effec-

413 1937 644 2004 tionum
693 1933 1192 1990 instructissimus
1271 1931 1506 2002 peritia,
1575 1929 1679 1985 sed
1737 1927 2064 2000 spiritualis

411 2026 692 2081 doctrinm
725 2039 954 2094 expers.
989 2022 1213 2092 Quippe
1241 2021 1388 2076 adeo
1423 2019 1535 2074 fuit
1565 2018 1815 2091 magicis
1841 2017 2066 2072 artibus

406 2131 475 2170 ac
507 2115 734 2169 Satanas
784 2111 1097 2183 praestigiis
1150 2110 1527 2174 exercitatus,
1580 2114 1646 2162 ut
1710 2123 1916 2163 eorum
1966 2109 2066 2176 qui

406 2207 544 2259 ante
601 2201 912 2257 diabolicis
969 2199 1227 2253 inventis
1307 2215 1375 2254 ac
1437 2197 1747 2253 maleﬁciis
1801 2196 2068 2251 celebres

403 2292 647 2347 fuerunt
676 2305 856 2345 nemo
887 2289 1061 2344 facile
1093 2305 1228 2344 cum
1283 2303 1350 2342 eo
1383 2287 1640 2341 conferri
1673 2290 1892 2357 posset.
1925 2285 2072 2339 Nam

407 2386 616 2439 statuas
646 2385 712 2434 ut
740 2379 1088 2435 incederent
1139 2377 1460 2442 efﬁciebat,
1501 2383 1560 2432 et
1588 2377 1648 2431 in
1683 2376 1878 2448 ignem
1909 2375 2074 2429 volu-

410 2476 570 2526 tatus
599 2486 718 2524 non
745 2469 1048 2531 urebatur,
1111 2468 1171 2522 in
1205 2483 1402 2522 aerem
1446 2464 1813 2529 subvolabat,
1846 2464 2073 2536 lapides

411 2561 472 2614 in
502 2573 688 2631 panes
719 2557 1115 2624 convertebat,
1175 2556 1352 2610 draco
1415 2554 1613 2622 ﬁebat,
1674 2554 1732 2608 in
1779 2570 1988 2608 aurum
2019 2541 2074 2606 et

414 2649 477 2704 in
507 2663 728 2719 angues
749 2647 984 2717 aliaque
1013 2645 1297 2700 animalia
1324 2643 1696 2710 mutabatur,
1721 2643 1867 2696 duas
1898 2641 2078 2696 facies

416 2734 679 2806 gerebat,
711 2734 870 2789 fores
905 2733 1176 2787 occlusas
1212 2732 1363 2786 869
1421 2737 1476 2784 et
1523 2729 1786 2784 vectibus
1817 2729 2079 2783 ﬁrmatas

417 2822 740 2892 aperiebat,
801 2821 992 2876 ferrea
1048 2819 1290 2874 vincula
1357 2818 1640 2884 solvebat,
1692 2818 1752 2870 in
1801 2816 2080 2872 conviviis

419 2911 739 2969 simulacra
760 2912 1142 2982 omnigenum
1165 2910 1490 2964 formarum
1526 2907 1849 2975 statuebat;
1869 2909 1926 2961 ef
1930 2907 2082 2962 ﬁcie-

417 3003 519 3058 bat
547 3009 613 3058 ut
643 3002 802 3058 domi
835 3002 1233 3055 instrumenta
1278 3015 1384 3054 sua
1425 3003 1632 3070 sponte
1682 2998 1756 3052 ad
1797 2997 2070 3052 ministe-

2169 1771 2266 1818 νης
2297 1751 2382 1804 καὶ
2415 1751 2609 1820 ἣττης.
2659 1756 2757 1806 ’Πν
2813 1751 2916 1825 γὰρ
2966 1753 2993 1805 6
3044 1751 3323 1826 ἐξάγιστος
3355 1747 3691 1824 πολύπειρος
3723 1750 3824 1820 μέν

2173 1838 2225 1893 ἐν
2281 1844 2398 1899 ταῖς
2458 1833 2802 1900 διαϐολικαῖς
2859 1839 3178 1914 ἐνεργείαις,
3239 1836 3462 1912 ἄπειρος
3519 1836 3577 1892 δὲ
3626 1837 3679 1891 ἐν
3709 1841 3831 1898 ταῖς

2173 1934 2558 1996 πνευματικαῖς
2619 1925 3016 1991 διδασκαλίαις.
3069 1929 3172 1985 Καὶ
3225 1929 3329 2002 γὰρ
3390 1928 3562 1988 οὕτως
3607 1925 3837 1996 ἐξησκη-

2178 2015 2335 2089 μένος
2367 2017 2434 2085 ἦν
2487 2016 2542 2071 ἐν
2594 2023 2713 2079 ταῖς
2777 2017 3028 2095 μαγείαις
3060 2017 3148 2071 καὶ
3188 2013 3492 2089 μεθοδείαις
3526 2019 3621 2070 τοῦ
3659 2018 3834 2070 Σατᾶν

2177 2105 2252 2166 ὡς
2286 2105 2385 2160 οὐκ
2415 2103 2586 2166 ἄλλος
2617 2126 2700 2166 τις
2732 2111 2838 2160 τῶν
2898 2107 3005 2181 πρὸ
3063 2108 3226 2161 αὐτοῦ
3285 2103 3480 2184 σχεδὸν
3538 2105 3662 2179 περὶ
3714 2108 3836 2165 ταῖς

2179 2191 2522 2257 διαϐολικαῖς
2578 2195 2844 2257 ὶπινοίαις
2908 2196 2998 2251 καὶ
3057 2196 3411 2273 κακουργίαις
3471 2189 3836 2265 διαϐεϐοημέ-

2179 2306 2308 2340 νων.
2371 2282 2717 2358 Ἀνδριάντας
2785 2285 2886 2361 γὰρ
2970 2285 3140 2340 ἐποίει
3200 2290 3537 2358 περιπατεῖν,
3593 2283 3669 2344 εἷς
3726 2287 3833 2358 πῦρ

2179 2371 2511 2444 κυλιόμενος
2568 2374 2669 2428 οὐκ
2720 2373 2947 2444 ἐκαίετο,
3004 2374 3079 2436 εἰς
3131 2373 3262 2449 ἀέρα
3287 2373 3507 2440 ἵπτατο,
3555 2370 3612 2426 ἐκ
3664 2370 3833 2435 λίθων

2180 2457 2376 2534 ἑίρτους
2419 2460 2611 2530 ἐποίει,
2663 2459 2873 2535 δράκων
2915 2463 3147 2536 ἒγίνετο,
3201 2463 3274 2523 εἰς
3332 2461 3534 2536 χρυσὸν
3569 2456 3833 2534 μετεϐαλ-

2183 2547 2331 2619 λετο,
2364 2551 2454 2604 καὶ
2515 2549 2590 2612 εἷς
2653 2549 2805 2621 ὄφεις
2862 2551 2953 2604 καὶ
3013 2549 3170 2623 ἕτερα
3221 2555 3333 2620 ζῶα
3394 2552 3829 2628 μετεμορφοῦτο,

2183 2635 2534 2712 διπρόσωπος
2589 2639 2810 2715 ἐγίνετο,
2861 2639 3022 2715 θύρας
3069 2638 3455 2712 κεκλεισμένας
3503 2639 3592 2695 καὶ
3659 2659 3837 2711 μεμο-

2185 2725 2492 2805 χλευμένας
2523 2729 2736 2801 ἤνοιγε,
2770 2726 2979 2800 σιδημᾶ
3034 2727 3205 2801 δεσμά
3237 2726 3474 2796 διέλυεν,
3518 2728 3570 2782 έν
3601 2726 3841 2789 δείπνοις

2187 2815 2394 2872 εἶ’δωλα
2452 2816 2813 2874 παντοδαπῶν
2899 2819 3056 2874 ἰδεῶν
3142 2820 3402 2894 παρίστα,
3459 2823 3525 2874 τά
3582 2817 3633 2872 ἐν
3693 2819 3842 2890 οἰκίᾳ

2188 2908 2355 2976 σκεύη
2411 2905 2732 2980 αὐτομάτως
2792 2908 3041 2982 φέρεσθαι
3098 2911 3232 2984 πρὸς
3292 2909 3585 2981 ὑπηρεσίαν
3666 2906 3836 2962 ἐποίει

2188 2999 2294 3050 τῶν
2353 2995 2625 3074 φερόντων
2681 2997 2790 3072 οὐχ
2846 2999 3158 3072 ὁρωμένων,
3220 3000 3371 3060 σκιὰς
3429 2996 3644 3058 πολλὰς
3703 3017 3845 3072 προ-

417 3093 574 3148 rium
605 3093 921 3158 ferrentur,
949 3090 1186 3146 nemine
1211 3094 1530 3161 apparente
1562 3089 1662 3158 qui
1693 3104 1761 3142 ea
1789 3091 2066 3160 gestaret;

2184 3087 2431 3158 ηγεῖσθαι
2474 3085 2638 3140 αὐτοῦ
2687 3089 3101 3158 παρεσκεύαζεν,
3148 3087 3315 3162 ἇσπερ
3375 3089 3554 3162 ψυχάς
3595 3093 3702 3142 τῶν
3755 3108 3847 3142 τε-

417 3181 716 3237 efﬁciebat
745 3180 924 3234 etiam
956 3185 1022 3234 ut
1052 3196 1114 3234 se
1145 3177 1346 3234 multa:
1388 3177 1615 3232 umbrae
1665 3175 2068 3247 prmcederent

419 3287 565 3343 quas
626 3270 861 3326 dicebat
916 3285 1043 3323 esse
1095 3268 1325 3323 animas
1383 3266 1818 3321 defunctorum.
1855 3264 2066 3319 Multos

417 3360 517 3432 qui
552 3360 748 3430 ipsum
779 3356 1269 3429 praestigiatorem
1305 3360 1362 3408 et
1391 3355 1772 3426 impostorem
1819 3353 2066 3408 demon-

418 3454 604 3502 strare
637 3445 835 3500 conati
866 3445 1120 3510 fuerant,
1147 3443 1422 3498 simulato
1457 3460 1591 3497 cum
1625 3443 1698 3497 iis
1729 3443 1790 3497 in
1817 3442 2066 3514 gratiam

416 3534 613 3590 reditu
671 3532 745 3588 ad
804 3532 1134 3587 convivium
1193 3531 1476 3596 invitavit,
1509 3547 1576 3585 ac
1615 3530 1758 3584 bove
1811 3535 2067 3584 mactato

423 3623 577 3678 varie
607 3623 681 3677 iis
712 3620 980 3676 tractatis
1037 3621 1277 3675 morbos
1325 3620 1710 3674 difﬁcillimos
1767 3625 1825 3674 et
1882 3618 2068 3672 malos

419 3714 622 3786 genios
655 3712 923 3778 immisit,
956 3729 1023 3766 ac
1081 3711 1338 3781 plurima
1395 3711 1514 3766 alia
1560 3711 1700 3765 fecit
1737 3709 2068 3764 ministerio

421 3805 779 3860 daamonum.
800 3804 944 3859 Cum
968 3802 1285 3872 aliquando
1308 3819 1340 3857 a
1365 3803 1590 3857 Caesare
1614 3805 1980 3871 quaareretur
1994 3799 2069 3854 ad

423 3893 776 3966 supplicium
801 3899 866 3946 ut
887 3892 1196 3963 impostor,
1222 3891 1468 3963 aufugit,
1503 3906 1608 3945 sua
1638 3891 1827 3943 forma
1857 3891 2068 3943 Fausto

419 3984 578 4038 Petri
601 3981 890 4052 discipulo
917 3982 1195 4052 imposita
1220 3997 1234 4046 ;
1271 3981 1436 4050 isque
1459 3981 1707 4034 Faustus
1733 3979 1806 4033 ad
1836 3979 2069 4033 Petrum

418 4089 688 4127 reversus
720 4071 793 4126 ab
824 4071 1104 4125 omnibus
1135 4087 1240 4140 pro
1274 4070 1510 4124 Simone
1543 4067 1780 4122 habitus
1812 4067 2067 4138 exagita-

418 4162 617 4217 batur.
651 4162 838 4226 Quem
871 4162 1078 4214 Petrus
1109 4159 1467 4227 intuitus,ut
1488 4158 1714 4212 tristem
1747 4157 2074 4228 lacryman-

422 4257 659 4320 temque
689 4249 852 4316 vidit,
889 4249 1111 4315 Simon,
1145 4247 1360 4317 inquit,
1393 4249 1589 4319 Magus
1621 4253 1802 4316 tuam,
1839 4246 2070 4313 Fauste,

423 4339 675 4395 formam
734 4337 1032 4408 pervertit.
1093 4339 1354 4390 Metuens
1413 4335 1572 4390 enim
1631 4335 1764 4403 sibi,
1824 4333 1982 4404 quod
2038 4350 2073 4388 a

2181 3175 2432 3228 θνεώτων
2465 3170 2689 3253 ἔφασκεν
2741 3176 2896 3235 εἶναι.
2959 3177 3194 3233 Πολλῶν
3258 3176 3315 3232 δὲ
3371 3179 3546 3252 γόητα
3575 3177 3665 3232 καὶ
3711 3175 3857 3231 πλά-

2179 3284 2270 3317 νον
2332 3262 2490 3317 αύτὸν
2546 3262 2800 3339 ἐλέγχειν
2886 3266 3271 3342 πειρώμένων,
3348 3265 3643 3338 διαλλάξας
3711 3267 3852 3340 πρὸς

2183 3351 2393 3419 ἑαυτὸν,
2452 3347 2639 3407 ἔπειτα
2686 3356 2949 3430 προφάσει
3039 3356 3278 3433 εὐωχίας
3342 3357 3472 3431 βοῦν
3529 3355 3692 3416 θύσας
3750 3354 3839 3409 καὶ

2184 3439 2432 3499 ἑστιάσας
2463 3439 2661 3502 αὐτοὺς
2722 3439 3000 3519 διαφόρως
3060 3441 3336 3506 δυσιάτοις
3391 3444 3573 3506 νόσοις
3603 3443 3692 3498 καὶ
3726 3441 3847 3497 δαί-

2187 3547 2342 3600 μοσιν
2406 3523 2665 3584 ὑπέϐαλε.
2734 3532 2834 3586 Καὶ
2892 3531 3039 3587 ἄλλα
3095 3532 3325 3588 πλεῖστα
3383 3533 3665 3608 εἰργάσατο
3703 3544 3838 3596 καθ-

2187 3616 2612 3690 υπουργούντων
2668 3618 2816 3692 αὐτῷ
2872 3625 2980 3674 τῶν
3032 3619 3323 3693 δαιμόνων.
3391 3622 3493 3678 Καὶ
3551 3622 3847 3696 γοῦνποτὶ

2188 3704 2522 3777 ζήτούμενος
2586 3707 2689 3761 ὑπὸ
2748 3713 2846 3762 τοῦ
2903 3710 3172 3785 Καίσαρος
3227 3713 3301 3772 ὼς
3359 3710 3562 3772 πλάνος
3621 3709 3844 3785 ἀπέδρα,

2182 3794 2283 3860 τήν
2321 3797 2538 3872 μορφὴν
2594 3796 2758 3850 αὑτοῦ
2810 3798 3052 3870 περίθεὶς
3084 3800 3319 3872 Φαύστῳ
3367 3803 3583 3873 μαθητῇ
3617 3801 3843 3874 Πέτρου.

2187 3881 2292 3937 Καὶ
2353 3882 2512 3945 οὗτος
2572 3883 2890 3949 ἐπανελθὼν
2950 3888 3084 3961 πρὸς
3164 3889 3257 3944 τὸν
3329 3890 3530 3964 Πέτρον
3586 3886 3844 3944 ἐδιώκετο

2188 3971 2290 4024 ὑπὸ
2334 3973 2550 4027 πάντων
2615 3971 2702 4028 διὰ
2756 3977 2856 4045 τήν
2913 3977 3126 4032 ἀνόσιον
3185 3975 3329 4033 ἰδέαν
3384 3977 3452 4046 ἦν
3515 3978 3841 4054 περιέκειτο.

2186 4055 2503 4134 Ἐμὸλέψας
2553 4059 2609 4117 δὲ
2657 4064 2684 4117 6
2735 4065 2939 4139 Πέτρος
2989 4065 3064 4128 εἷς
3111 4067 3295 4132 αὐτὸν,
3328 4068 3417 4122 καὶ
3465 4065 3593 4122 ἰδὼν
3627 4066 3840 4123 λυπού-

2190 4169 2350 4222 μενον
2383 4151 2471 4205 καὶ
2511 4149 2836 4224 δακρύοντα,
2885 4153 3008 4231 ἔφη’
3057 4157 3184 4210 Ὑπὸ
3217 4156 3489 4230 Σίμωνος,
3530 4155 3575 4210 ὦ
3607 4162 3840 4230 Φαῦστε,

2187 4242 2285 4291 τοῦ
2321 4239 2498 4314 μάγου
2558 4243 2592 4309 ἡ
2653 4241 2988 4319 παραλλαγή
3047 4251 3149 4314 τῆς
3211 4253 3427 4322 μορφῆς
3487 4267 3581 4300 σου
3629 4245 3838 4320 γέγονε’

2189 4326 2520 4399 ζητούμενος
2549 4332 2649 4404 γάρ
2713 4331 2816 4385 ὑπὸ
2877 4331 3138 4408 Καίσαρος
3193 4329 3451 4409 φοϐηθεὶς
3509 4330 3692 4413 ἔφυγε,
3739 4337 3838 4404 τήν

423 4428 650 4481 Caesare
683 4401 1078 4495 quaerebatur,
1117 4425 1362 4496 aufugit,
1387 4438 1493 4478 sua
1522 4424 1712 4479 forma
1741 4401 1860 4477 tibi
1881 4423 2068 4494 impo-

2184 4413 2372 4469 ἑαυτοῦ
2427 4437 2511 4471 σοι
2573 4420 2792 4496 μορφήν
2871 4421 3136 4495 περιθεὶς,
3181 4421 3279 4476 ’ίνα
3336 4427 3431 4476 σοῦ
3490 4422 3844 4498 συσχεθέντος

425 4516 558 4579 sita,
615 4519 681 4568 ut
738 4518 791 4567 te
850 4519 1019 4583 capto
1073 4518 1249 4583 atque
1309 4520 1514 4567 necato
1558 4513 1617 4567 in
1651 4529 1927 4584 magnum
1961 4528 2068 4565 nos

2184 4505 2265 4558 καὶ
2327 4505 2700 4580 ἀναιρεθέντος
2762 4507 2943 4580 λύπην
3003 4509 3254 4586 μεγάλην
3309 4513 3397 4566 καὶ
3460 4514 3644 4585 θΛῖψιν
3704 4515 3840 4585 ἡμῖν

424 4603 692 4658 dolorem
723 4608 781 4657 et
811 4601 1206 4656 calamitatem
1239 4601 1576 4672 conjiceret.
1603 4601 1713 4656 Sed
1747 4603 1900 4655 Deus
1932 4616 2066 4654 mox

2184 4593 2501 4668 προξενήσῃ.
2563 4595 2722 4652 Ἀλλ’
2787 4599 2814 4652 6
2877 4599 3007 4660 Θεὸς
3068 4603 3168 4664 τῆς
3225 4605 3321 4654 τοῦ
3380 4599 3700 4656 λαοπλάνου
3755 4612 3844 4666 καὶ

425 4698 482 4748 te
505 4692 664 4747 illius
686 4690 969 4763 populum
989 4690 1325 4745 seducentis
1343 4690 1720 4760 veritatisque
1743 4689 2066 4744 adversarii

2184 4681 2378 4756 ἐχθροῦ
2408 4691 2507 4753 τῆς
2558 4685 2816 4756 ἀληθείας
2879 4688 3134 4762 Σίμωνος
3193 4688 3507 4763 ἀπαλλάξας
3539 4711 3596 4745 σε
3629 4698 3844 4768 μορφῆς

425 4784 618 4839 forma
646 4781 963 4836 liberatum
998 4786 1109 4834 tua)
1141 4779 1430 4833 restituet.
1481 4778 1664 4848 ldque
1715 4778 1795 4831 ita
1823 4778 2065 4841 factum,

2184 4771 2272 4839 τήν
2334 4773 2600 4847 προτέραν
2671 4776 2762 4830 καὶ
2823 4774 2964 4832 ἰδίαν
3016 4800 3098 4832 σοι
3156 4779 3373 4853 παρέξει
3417 4780 3632 4854 τάχιον.
3674 4783 3844 4854 ’Όπερ

422 4874 596 4927 Petro
629 4871 820 4926 adhuc
852 4870 1155 4940 loquente,
1176 4868 1451 4922 omnibus
1474 4845 1645 4922 nobis
1666 4866 2064 4921 cernentibus.

2184 4854 2242 4928 δή
2306 4845 2397 4914 καί
2467 4845 2558 4916 οὖν
2615 4867 2696 4935 τῷ
2761 4861 2910 4938 λόγῳ
2967 4864 3173 4940 γέγονε,
3234 4845 3448 4920 πάντων
3489 4845 3667 4939 Ἶὴμῶν
3708 4845 3845 4922 Bato-

2177 4949 2432 5021 ρούντων.
2468 4953 2655 5008 Ταῦτα
2716 4953 2902 5027 μέντοι
2935 4955 3021 5009 καὶ
3077 4951 3234 5025 ἕτερα
3284 4960 3508 5010 τοιαῦτα
3561 4958 3840 5034 γεγράιρη-

2177 5061 2286 5108 κεν,
2346 5043 2421 5104 ὡς
2480 5041 2632 5122 ἔφην,
2687 5046 2923 5116 Κλήμης
2980 5043 3245 5124 λεχθῆναι
3295 5045 3405 5100 καὶ
3443 5049 3760 5124 πραχθῆναι
3789 5045 3840 5100 ἐν

2178 5130 2362 5204 Συρίᾳ.

2247 5224 2330 5278 Ῥ.
2367 5222 2492 5291 211]
2527 5221 2618 5276 Ἐν
2656 5217 2714 5273 δὲ
2743 5223 2810 5293 τῇ
2841 5219 3059 5295 Ῥώμῃ,
3120 5223 3254 5296 μετά
3281 5222 3343 5276 τὸ
3374 5217 3715 5293 ἐκϐληθῆναι
3746 5221 3840 5276 αὐ-

2175 5310 2301 5371 τοὺς
2333 5310 2438 5364 ἀπὸ
2469 5309 2773 5382 προσώπου
2808 5308 3082 5383 Νέρωνος,
3116 5311 3192 5372 ὡς
3225 5311 3572 5385 προείρηται,
3606 5313 3719 5367 εἷπε
3748 5310 3839 5365 Σί-

2183 5422 2298 5474 μων
2318 5405 2398 5472 τῷ
2424 5399 2629 5472 Πέτρῳ·
2651 5401 2828 5478 Ἕφης
2851 5399 2933 5453 ὅτι
2958 5400 3186 5474 Χριστὸς
3213 5401 3239 5455 6
3263 5401 3392 5463 Θεός
3417 5422 3512 5456 σου
3534 5401 3836 5480 ἀνελήφθη.

421 4962 554 5016 Haec
613 4965 670 5015 et
711 4960 828 5015 alia
887 4958 1106 5013 similia
1136 4958 1348 5012 horum
1399 4958 1460 5011 in
1509 4957 1674 5027 Syria
1704 4955 1862 5009 dicta
1890 4961 2067 5026 atque

418 5049 573 5105 facta
600 5047 783 5102 fuisse
816 5046 1090 5101 Clemens
1122 5044 1380 5115 scripsit.

492 5229 602 5283 Sed
630 5230 829 5283 Roma;
887 5241 1044 5293 cum,
1097 5226 1182 5280 uti
1233 5224 1567 5292 retulimus,
1627 5224 1834 5278 Petrus
1891 5228 2068 5294 atque

421 5318 622 5371 Simon
654 5333 687 5370 a
716 5316 944 5370 Nerone
977 5319 1178 5369 essent
1233 5314 1474 5386 egressi,
1509 5312 1710 5367 Simon
1744 5314 1913 5367 Petro
1945 5314 2067 5368 ait:

423 5411 487 5460 tu
548 5404 848 5460 Christum
911 5406 1092 5459 Deum
1160 5408 1326 5458 tuum
1397 5403 1596 5472 inquis
1696 5403 1750 5456 in
1854 5403 2067 5458 ccelum

499 5613 548 5688 ‘,',
575 5609 776 5668 Matth.
810 5624 888 5677 ix,
926 5612 988 5664 13
1016 5625 1030 5678 ;
1062 5625 1163 5675 xu,
1195 5613 1246 5662 7.
1327 5610 1372 5645 ιο
1403 5609 1536 5665 Luc,
1571 5627 1646 5676 γι,
1681 5611 1768 5663 36,

1848 5608 1897 5642 ²⁰
1924 5611 2137 5666 Joann.
2169 5625 2300 5678 xvn,
2335 5611 2386 5666 3.
2463 5609 2508 5644 ²¹
2542 5608 2715 5664 Marc.
2749 5623 2848 5677 χιι,
2879 5608 2971 5662 29.
