  <div class='ocr_page' id='page_1' title='image "/cluster/home/n/w/nwhite01/storage/ocr_20150623/121/hvd.32044073502478/210.png"; bbox 0 0 4194 6198; ppageno 0'>
   <div class='ocr_carea' id='block_1_1' title="bbox 310 345 439 404">
    <p class='ocr_par' dir='ltr' id='par_1_1' title="bbox 310 345 439 404">
     <span class='ocr_line' id='line_1_1' title="bbox 310 345 439 404; baseline -0.008 -1"><span class='ocrx_word' id='word_1_1' title='bbox 310 345 439 404; x_wconf 69' lang='lat'>409</span> 
     </span>
    </p>
   </div>
   <div class='ocr_carea' id='block_1_2' title="bbox 1445 340 2577 404">
    <p class='ocr_par' dir='ltr' id='par_1_2' title="bbox 1445 340 2577 404">
     <span class='ocr_line' id='line_1_2' title="bbox 1445 340 2577 404; baseline -0.001 -2"><span class='ocrx_word' id='word_1_2' title='bbox 1445 343 1990 404; x_wconf 78' lang='lat' dir='ltr'>HlS&#39;l‘ORlARUM</span> <span class='ocrx_word' id='word_1_3' title='bbox 2039 340 2577 402; x_wconf 74' lang='lat' dir='ltr'>COMPENDIUM.</span> 
     </span>
    </p>
   </div>
   <div class='ocr_carea' id='block_1_3' title="bbox 3624 340 3740 399">
    <p class='ocr_par' dir='ltr' id='par_1_3' title="bbox 3624 340 3740 399">
     <span class='ocr_line' id='line_1_3' title="bbox 3624 340 3740 399; baseline 0.017 -3"><span class='ocrx_word' id='word_1_4' title='bbox 3624 340 3740 399; x_wconf 68' lang='lat'>1:10</span> 
     </span>
    </p>
   </div>
   <div class='ocr_carea' id='block_1_4' title="bbox 308 471 1971 550">
    <p class='ocr_par' dir='ltr' id='par_1_4' title="bbox 308 471 1971 550">
     <span class='ocr_line' id='line_1_4' title="bbox 308 471 1971 550; baseline -0.001 -19"><span class='ocrx_word' id='word_1_5' title='bbox 308 473 430 532; x_wconf 70' lang='grc' dir='ltr'>ἰδοῦ</span> <span class='ocrx_word' id='word_1_6' title='bbox 473 473 629 550; x_wconf 76' lang='grc' dir='ltr'>κάγὼ</span> <span class='ocrx_word' id='word_1_7' title='bbox 660 471 1142 548; x_wconf 77' lang='grc' dir='ltr'>ἀναλαμϐάνομαι.</span> <span class='ocrx_word' id='word_1_8' title='bbox 1201 473 1302 532; x_wconf 87' lang='grc' dir='ltr'>Καὶ</span> <span class='ocrx_word' id='word_1_9' title='bbox 1361 471 1494 530; x_wconf 75' lang='grc' dir='ltr'>ί¹δὼν</span> <span class='ocrx_word' id='word_1_10' title='bbox 1554 475 1715 530; x_wconf 68' lang='grc' dir='ltr'>αύτὸν</span> <span class='ocrx_word' id='word_1_11' title='bbox 1774 475 1971 548; x_wconf 86' lang='grc' dir='ltr'>Πέτρος</span> 
     </span>
    </p>
   </div>
   <div class='ocr_carea' id='block_1_5' title="bbox 2079 471 3746 550">
    <p class='ocr_par' dir='ltr' id='par_1_5' title="bbox 2093 472 3746 545">
     <span class='ocr_line' id='line_1_5' title="bbox 2093 472 3746 545; baseline -0.002 -15"><span class='ocrx_word' id='word_1_12' title='bbox 2093 475 2188 530; x_wconf 75' lang='lat'>87</span> <span class='ocrx_word' id='word_1_13' title='bbox 2197 476 2248 530; x_wconf 86' lang='lat'><strong>0</strong></span> <span class='ocrx_word' id='word_1_14' title='bbox 2275 475 2460 531; x_wconf 83' lang='lat' dir='ltr'>fuisse</span> <span class='ocrx_word' id='word_1_15' title='bbox 2493 473 2841 531; x_wconf 82' lang='lat' dir='ltr'>sublatum?</span> <span class='ocrx_word' id='word_1_16' title='bbox 2871 473 2954 529; x_wconf 88' lang='lat' dir='ltr'>En</span> <span class='ocrx_word' id='word_1_17' title='bbox 2985 473 3111 545; x_wconf 88' lang='lat' dir='ltr'>ipse</span> <span class='ocrx_word' id='word_1_18' title='bbox 3145 489 3381 545; x_wconf 89' lang='lat' dir='ltr'>quoque</span> <span class='ocrx_word' id='word_1_19' title='bbox 3439 472 3501 528; x_wconf 88' lang='lat' dir='ltr'>in</span> <span class='ocrx_word' id='word_1_20' title='bbox 3531 472 3746 528; x_wconf 71' lang='lat' dir='ltr'>coelum</span> 
     </span>
    </p>
   </div>
   <div class='ocr_carea' id='block_1_6' title="bbox 309 561 1976 641">
    <p class='ocr_par' dir='ltr' id='par_1_6' title="bbox 309 561 1976 641">
     <span class='ocr_line' id='line_1_6' title="bbox 309 561 1976 641; baseline -0.001 -22"><span class='ocrx_word' id='word_1_21' title='bbox 309 565 716 641; x_wconf 71' lang='grc' dir='ltr'>κουφιζόμενον</span> <span class='ocrx_word' id='word_1_22' title='bbox 753 561 842 618; x_wconf 77' lang='grc' dir='ltr'>διὰ</span> <span class='ocrx_word' id='word_1_23' title='bbox 871 571 972 634; x_wconf 82' lang='grc' dir='ltr'>τῆς</span> <span class='ocrx_word' id='word_1_24' title='bbox 1030 564 1251 640; x_wconf 88' lang='grc' dir='ltr'>μαγείας</span> <span class='ocrx_word' id='word_1_25' title='bbox 1303 565 1378 625; x_wconf 86' lang='grc' dir='ltr'>εἰς</span> <span class='ocrx_word' id='word_1_26' title='bbox 1436 565 1527 619; x_wconf 87' lang='grc' dir='ltr'>τὸν</span> <span class='ocrx_word' id='word_1_27' title='bbox 1561 565 1688 638; x_wconf 82' lang='grc' dir='ltr'>ἀέρα</span> <span class='ocrx_word' id='word_1_28' title='bbox 1721 564 1771 618; x_wconf 86' lang='grc' dir='ltr'>έν</span> <span class='ocrx_word' id='word_1_29' title='bbox 1829 563 1976 637; x_wconf 92' lang='grc' dir='ltr'>μέσῳ</span> 
     </span>
    </p>
   </div>
   <div class='ocr_carea' id='block_1_7' title="bbox 310 650 1978 726">
    <p class='ocr_par' dir='ltr' id='par_1_7' title="bbox 310 650 1978 726">
     <span class='ocr_line' id='line_1_7' title="bbox 310 650 1978 726; baseline -0.002 -17"><span class='ocrx_word' id='word_1_30' title='bbox 310 661 414 723; x_wconf 79' lang='grc' dir='ltr'>τῆς</span> <span class='ocrx_word' id='word_1_31' title='bbox 445 653 662 714; x_wconf 88' lang='grc' dir='ltr'>πόλεως</span> <span class='ocrx_word' id='word_1_32' title='bbox 695 653 943 726; x_wconf 81' lang='grc' dir='ltr'>Ῥώμης,</span> <span class='ocrx_word' id='word_1_33' title='bbox 1003 650 1226 723; x_wconf 71' lang='grc' dir='ltr'>ηὔξατο,</span> <span class='ocrx_word' id='word_1_34' title='bbox 1287 653 1374 707; x_wconf 85' lang='grc' dir='ltr'>καὶ</span> <span class='ocrx_word' id='word_1_35' title='bbox 1408 652 1562 717; x_wconf 76' lang='grc' dir='ltr'>εὐθὺς</span> <span class='ocrx_word' id='word_1_36' title='bbox 1618 652 1795 707; x_wconf 85' lang='grc' dir='ltr'>πεσὼν</span> <span class='ocrx_word' id='word_1_37' title='bbox 1826 654 1853 708; x_wconf 99' lang='lat'>6</span> <span class='ocrx_word' id='word_1_38' title='bbox 1885 652 1978 708; x_wconf 83' lang='grc' dir='ltr'>Σί-</span> 
     </span>
    </p>
   </div>
   <div class='ocr_carea' id='block_1_8' title="bbox 316 737 1976 818">
    <p class='ocr_par' dir='ltr' id='par_1_8' title="bbox 316 737 1976 818">
     <span class='ocr_line' id='line_1_8' title="bbox 316 737 1976 818; baseline -0.001 -20"><span class='ocrx_word' id='word_1_39' title='bbox 316 765 436 816; x_wconf 89' lang='grc' dir='ltr'>μων</span> <span class='ocrx_word' id='word_1_40' title='bbox 467 743 557 797; x_wconf 84' lang='grc' dir='ltr'>καὶ</span> <span class='ocrx_word' id='word_1_41' title='bbox 609 737 914 818; x_wconf 75' lang='grc' dir='ltr'>συντριϐεὶς</span> <span class='ocrx_word' id='word_1_42' title='bbox 962 741 1238 800; x_wconf 83' lang='grc' dir='ltr'>ἀπέθανεν.</span> <span class='ocrx_word' id='word_1_43' title='bbox 1271 743 1332 800; x_wconf 81' lang='grc' dir='ltr'>Ὀ</span> <span class='ocrx_word' id='word_1_44' title='bbox 1386 740 1443 798; x_wconf 72' lang='grc' dir='ltr'>δὲ</span> <span class='ocrx_word' id='word_1_45' title='bbox 1492 739 1660 802; x_wconf 86' lang='grc' dir='ltr'>τόπος</span> <span class='ocrx_word' id='word_1_46' title='bbox 1711 740 1914 809; x_wconf 78' lang='grc' dir='ltr'>ἔκτοτε,</span> <span class='ocrx_word' id='word_1_47' title='bbox 1949 741 1976 795; x_wconf 88' lang='lat'>6</span> 
     </span>
    </p>
   </div>
   <div class='ocr_carea' id='block_1_9' title="bbox 313 826 1975 906">
    <p class='ocr_par' dir='ltr' id='par_1_9' title="bbox 313 826 1975 906">
     <span class='ocr_line' id='line_1_9' title="bbox 313 826 1975 906; baseline -0.002 -19"><span class='ocrx_word' id='word_1_48' title='bbox 313 829 605 904; x_wconf 81' lang='grc' dir='ltr'>δεξάμενος</span> <span class='ocrx_word' id='word_1_49' title='bbox 637 830 804 886; x_wconf 82' lang='grc' dir='ltr'>αὐτοῦ</span> <span class='ocrx_word' id='word_1_50' title='bbox 851 832 912 885; x_wconf 86' lang='grc' dir='ltr'>τὸ</span> <span class='ocrx_word' id='word_1_51' title='bbox 975 826 1212 906; x_wconf 75' lang='grc' dir='ltr'>βέϐηλον</span> <span class='ocrx_word' id='word_1_52' title='bbox 1275 833 1364 886; x_wconf 85' lang='grc' dir='ltr'>καὶ</span> <span class='ocrx_word' id='word_1_53' title='bbox 1420 832 1740 905; x_wconf 85' lang='grc' dir='ltr'>παμμίαρον</span> <span class='ocrx_word' id='word_1_54' title='bbox 1794 836 1975 904; x_wconf 84' lang='grc' dir='ltr'>σῶμα,</span> 
     </span>
    </p>
   </div>
   <div class='ocr_carea' id='block_1_10' title="bbox 311 919 1974 993">
    <p class='ocr_par' dir='ltr' id='par_1_10' title="bbox 311 919 1974 993">
     <span class='ocr_line' id='line_1_10' title="bbox 311 919 1974 993; baseline -0.002 -16"><span class='ocrx_word' id='word_1_55' title='bbox 311 921 524 992; x_wconf 71' lang='grc' dir='ltr'>ἐκλήθη</span> <span class='ocrx_word' id='word_1_56' title='bbox 601 920 912 993; x_wconf 72' lang='grc' dir='ltr'>εἱιμώνιον.</span> <span class='ocrx_word' id='word_1_57' title='bbox 968 921 1096 989; x_wconf 67' lang='grc' dir='ltr'>Περὶ</span> <span class='ocrx_word' id='word_1_58' title='bbox 1177 919 1238 975; x_wconf 80' lang='grc' dir='ltr'>οὗ</span> <span class='ocrx_word' id='word_1_59' title='bbox 1291 920 1343 976; x_wconf 87' lang='grc' dir='ltr'>έν</span> <span class='ocrx_word' id='word_1_60' title='bbox 1397 927 1516 983; x_wconf 79' lang='grc' dir='ltr'>ταῖς</span> <span class='ocrx_word' id='word_1_61' title='bbox 1578 919 1974 982; x_wconf 86' lang='grc' dir='ltr'>άποστολικαῖς</span> 
     </span>
    </p>
   </div>
   <div class='ocr_carea' id='block_1_11' title="bbox 311 1009 1976 1086">
    <p class='ocr_par' dir='ltr' id='par_1_11' title="bbox 311 1009 1976 1086">
     <span class='ocr_line' id='line_1_11' title="bbox 311 1009 1976 1086; baseline -0.002 -20"><span class='ocrx_word' id='word_1_62' title='bbox 311 1011 612 1080; x_wconf 79' lang='grc' dir='ltr'>διατάξεσιν</span> <span class='ocrx_word' id='word_1_63' title='bbox 649 1011 676 1064; x_wconf 87' lang='grc' dir='ltr'>ὁ</span> <span class='ocrx_word' id='word_1_64' title='bbox 713 1010 881 1086; x_wconf 89' lang='grc' dir='ltr'>μέγας</span> <span class='ocrx_word' id='word_1_65' title='bbox 942 1009 1250 1072; x_wconf 82' lang='grc' dir='ltr'>ἀπόστολος</span> <span class='ocrx_word' id='word_1_66' title='bbox 1317 1010 1519 1084; x_wconf 78' lang='grc' dir='ltr'>Πέτρος</span> <span class='ocrx_word' id='word_1_67' title='bbox 1579 1009 1726 1064; x_wconf 79' lang='grc' dir='ltr'>οὕτω</span> <span class='ocrx_word' id='word_1_68' title='bbox 1785 1011 1976 1083; x_wconf 77' lang='grc' dir='ltr'>φάσκει</span> 
     </span>
    </p>
   </div>
   <div class='ocr_carea' id='block_1_12' title="bbox 308 1097 1973 1176">
    <p class='ocr_par' dir='ltr' id='par_1_12' title="bbox 308 1097 1973 1176">
     <span class='ocr_line' id='line_1_12' title="bbox 308 1097 1973 1176; baseline -0.001 -22"><span class='ocrx_word' id='word_1_69' title='bbox 308 1102 374 1155; x_wconf 76' lang='grc' dir='ltr'>’Π</span> <span class='ocrx_word' id='word_1_70' title='bbox 407 1097 467 1154; x_wconf 74' lang='grc' dir='ltr'>δὲ</span> <span class='ocrx_word' id='word_1_71' title='bbox 498 1101 748 1174; x_wconf 85' lang='grc' dir='ltr'>καταρχή</span> <span class='ocrx_word' id='word_1_72' title='bbox 799 1104 907 1154; x_wconf 89' lang='grc' dir='ltr'>τῶν</span> <span class='ocrx_word' id='word_1_73' title='bbox 965 1099 1096 1154; x_wconf 87' lang='grc' dir='ltr'>νέων</span> <span class='ocrx_word' id='word_1_74' title='bbox 1157 1098 1411 1173; x_wconf 84' lang='grc' dir='ltr'>αἱρέσεων</span> <span class='ocrx_word' id='word_1_75' title='bbox 1469 1099 1686 1176; x_wconf 85' lang='grc' dir='ltr'>γέγονεν</span> <span class='ocrx_word' id='word_1_76' title='bbox 1744 1099 1848 1153; x_wconf 83' lang='grc' dir='ltr'>ἀπὸ</span> <span class='ocrx_word' id='word_1_77' title='bbox 1882 1097 1973 1152; x_wconf 80' lang='grc' dir='ltr'>Σί-</span> 
     </span>
    </p>
   </div>
   <div class='ocr_carea' id='block_1_13' title="bbox 314 1186 1976 1264">
    <p class='ocr_par' dir='ltr' id='par_1_13' title="bbox 314 1186 1976 1264">
     <span class='ocr_line' id='line_1_13' title="bbox 314 1186 1976 1264; baseline -0.001 -20"><span class='ocrx_word' id='word_1_78' title='bbox 314 1211 500 1262; x_wconf 85' lang='grc' dir='ltr'>μωνος</span> <span class='ocrx_word' id='word_1_79' title='bbox 533 1187 626 1243; x_wconf 81' lang='grc' dir='ltr'>τοῦ</span> <span class='ocrx_word' id='word_1_80' title='bbox 662 1190 857 1264; x_wconf 80' lang='grc' dir='ltr'>μάγου,</span> <span class='ocrx_word' id='word_1_81' title='bbox 909 1191 968 1253; x_wconf 82' lang='grc' dir='ltr'>ὃς</span> <span class='ocrx_word' id='word_1_82' title='bbox 997 1190 1087 1244; x_wconf 87' lang='grc' dir='ltr'>καὶ</span> <span class='ocrx_word' id='word_1_83' title='bbox 1117 1187 1170 1244; x_wconf 84' lang='grc' dir='ltr'>ἐν</span> <span class='ocrx_word' id='word_1_84' title='bbox 1205 1187 1375 1263; x_wconf 80' lang='grc' dir='ltr'>Συρίᾳ</span> <span class='ocrx_word' id='word_1_85' title='bbox 1435 1186 1621 1244; x_wconf 81' lang='grc' dir='ltr'>πολλὰ</span> <span class='ocrx_word' id='word_1_86' title='bbox 1680 1186 1976 1263; x_wconf 79' lang='grc' dir='ltr'>διαπραξά-</span> 
     </span>
    </p>
   </div>
   <div class='ocr_carea' id='block_1_14' title="bbox 314 1277 1974 1355">
    <p class='ocr_par' dir='ltr' id='par_1_14' title="bbox 314 1277 1974 1355">
     <span class='ocr_line' id='line_1_14' title="bbox 314 1277 1974 1355; baseline -0.001 -21"><span class='ocrx_word' id='word_1_87' title='bbox 314 1301 483 1352; x_wconf 88' lang='grc' dir='ltr'>μενος</span> <span class='ocrx_word' id='word_1_88' title='bbox 533 1277 708 1334; x_wconf 74' lang='grc' dir='ltr'>ἄτοπα</span> <span class='ocrx_word' id='word_1_89' title='bbox 789 1280 878 1334; x_wconf 83' lang='grc' dir='ltr'>καὶ</span> <span class='ocrx_word' id='word_1_90' title='bbox 952 1279 1003 1335; x_wconf 86' lang='grc' dir='ltr'>έν</span> <span class='ocrx_word' id='word_1_91' title='bbox 1067 1281 1257 1355; x_wconf 78' lang='grc' dir='ltr'>Ῥώμῃ</span> <span class='ocrx_word' id='word_1_92' title='bbox 1320 1281 1618 1354; x_wconf 84' lang='grc' dir='ltr'>γενόμενος</span> <span class='ocrx_word' id='word_1_93' title='bbox 1674 1279 1816 1336; x_wconf 74' lang='grc' dir='ltr'>πολὺ</span> <span class='ocrx_word' id='word_1_94' title='bbox 1875 1280 1974 1347; x_wconf 85' lang='grc' dir='ltr'>τήν</span> 
     </span>
    </p>
   </div>
   <div class='ocr_carea' id='block_1_15' title="bbox 311 1364 1977 1445">
    <p class='ocr_par' dir='ltr' id='par_1_15' title="bbox 311 1364 1977 1445">
     <span class='ocr_line' id='line_1_15' title="bbox 311 1364 1977 1445; baseline -0.001 -20"><span class='ocrx_word' id='word_1_95' title='bbox 311 1369 642 1439; x_wconf 79' lang='grc' dir='ltr'>Ἐκκλησίαν</span> <span class='ocrx_word' id='word_1_96' title='bbox 732 1366 926 1424; x_wconf 81' lang='grc' dir='ltr'>ἔσκυλε</span> <span class='ocrx_word' id='word_1_97' title='bbox 1005 1367 1094 1424; x_wconf 75' lang='grc' dir='ltr'>διά</span> <span class='ocrx_word' id='word_1_98' title='bbox 1171 1370 1397 1445; x_wconf 83' lang='grc' dir='ltr'>μαγείας</span> <span class='ocrx_word' id='word_1_99' title='bbox 1484 1371 1572 1424; x_wconf 83' lang='grc' dir='ltr'>καὶ</span> <span class='ocrx_word' id='word_1_100' title='bbox 1651 1364 1977 1438; x_wconf 72' lang='grc' dir='ltr'>διαϐολικῆς</span> 
     </span>
    </p>
   </div>
   <div class='ocr_carea' id='block_1_16' title="bbox 303 1457 1974 1536">
    <p class='ocr_par' dir='ltr' id='par_1_16' title="bbox 303 1457 1974 1536">
     <span class='ocr_line' id='line_1_16' title="bbox 303 1457 1974 1536; baseline -0.001 -23"><span class='ocrx_word' id='word_1_101' title='bbox 303 1458 586 1536; x_wconf 70' lang='grc' dir='ltr'>ἐνεργείας</span> <span class='ocrx_word' id='word_1_102' title='bbox 616 1459 706 1513; x_wconf 75' lang='grc' dir='ltr'>καὶ</span> <span class='ocrx_word' id='word_1_103' title='bbox 739 1458 1044 1532; x_wconf 81' lang='grc' dir='ltr'>ἐμπειρίας.</span> <span class='ocrx_word' id='word_1_104' title='bbox 1087 1459 1174 1513; x_wconf 89' lang='grc' dir='ltr'>Ἐν</span> <span class='ocrx_word' id='word_1_105' title='bbox 1239 1459 1333 1532; x_wconf 73' lang='grc' dir='ltr'>μὲν</span> <span class='ocrx_word' id='word_1_106' title='bbox 1396 1459 1499 1535; x_wconf 77' lang='grc' dir='ltr'>γὰρ</span> <span class='ocrx_word' id='word_1_107' title='bbox 1555 1457 1850 1533; x_wconf 83' lang='grc' dir='ltr'>Καισαρείᾳ</span> <span class='ocrx_word' id='word_1_108' title='bbox 1906 1463 1974 1531; x_wconf 79' lang='grc' dir='ltr'>τῇ</span> 
     </span>
    </p>
   </div>
   <div class='ocr_carea' id='block_1_17' title="bbox 307 1546 1975 1628">
    <p class='ocr_par' dir='ltr' id='par_1_17' title="bbox 307 1546 1975 1628">
     <span class='ocr_line' id='line_1_17' title="bbox 307 1546 1975 1628; baseline -0.001 -24"><span class='ocrx_word' id='word_1_109' title='bbox 307 1551 636 1624; x_wconf 80' lang='grc' dir='ltr'>Στράτωνος</span> <span class='ocrx_word' id='word_1_110' title='bbox 669 1549 796 1622; x_wconf 80' lang='grc' dir='ltr'>ἐμοὶ</span> <span class='ocrx_word' id='word_1_111' title='bbox 841 1551 1031 1623; x_wconf 83' lang='grc' dir='ltr'>Πέτρῳ</span> <span class='ocrx_word' id='word_1_112' title='bbox 1091 1549 1373 1628; x_wconf 85' lang='grc' dir='ltr'>συντυχὼν</span> <span class='ocrx_word' id='word_1_113' title='bbox 1427 1551 1680 1624; x_wconf 76' lang='grc' dir='ltr'>ἓπειρᾶτο</span> <span class='ocrx_word' id='word_1_114' title='bbox 1727 1546 1975 1622; x_wconf 87' lang='grc' dir='ltr'>διαστρέ-</span> 
     </span>
    </p>
   </div>
   <div class='ocr_carea' id='block_1_18' title="bbox 307 1637 1975 1715">
    <p class='ocr_par' dir='ltr' id='par_1_18' title="bbox 307 1637 1975 1715">
     <span class='ocr_line' id='line_1_18' title="bbox 307 1637 1975 1715; baseline -0.001 -22"><span class='ocrx_word' id='word_1_115' title='bbox 307 1659 426 1715; x_wconf 78' lang='grc' dir='ltr'>φειν</span> <span class='ocrx_word' id='word_1_116' title='bbox 479 1638 571 1693; x_wconf 83' lang='grc' dir='ltr'>τὸν</span> <span class='ocrx_word' id='word_1_117' title='bbox 631 1637 800 1711; x_wconf 85' lang='grc' dir='ltr'>λόγον</span> <span class='ocrx_word' id='word_1_118' title='bbox 855 1641 952 1692; x_wconf 92' lang='grc' dir='ltr'>τοῦ</span> <span class='ocrx_word' id='word_1_119' title='bbox 1009 1641 1142 1692; x_wconf 85' lang='grc' dir='ltr'>Θεοῦ</span> <span class='ocrx_word' id='word_1_120' title='bbox 1175 1679 1188 1705; x_wconf 95' lang='grc'>,</span> <span class='ocrx_word' id='word_1_121' title='bbox 1267 1638 1662 1712; x_wconf 80' lang='grc' dir='ltr'>συμπαρόντων</span> <span class='ocrx_word' id='word_1_122' title='bbox 1719 1658 1814 1710; x_wconf 85' lang='grc' dir='ltr'>μοι</span> <span class='ocrx_word' id='word_1_123' title='bbox 1868 1641 1975 1691; x_wconf 90' lang='grc' dir='ltr'>τῶν</span> 
     </span>
    </p>
   </div>
   <div class='ocr_carea' id='block_1_19' title="bbox 307 1724 1970 1802">
    <p class='ocr_par' dir='ltr' id='par_1_19' title="bbox 307 1724 1970 1802">
     <span class='ocr_line' id='line_1_19' title="bbox 307 1724 1970 1802; baseline 0 -22"><span class='ocrx_word' id='word_1_124' title='bbox 307 1728 470 1801; x_wconf 74' lang='grc' dir='ltr'>ἱερῶν</span> <span class='ocrx_word' id='word_1_125' title='bbox 501 1726 720 1793; x_wconf 90' lang='grc' dir='ltr'>τέκνων,</span> <span class='ocrx_word' id='word_1_126' title='bbox 772 1726 1085 1802; x_wconf 74' lang='grc' dir='ltr'>Ζακχαρίου</span> <span class='ocrx_word' id='word_1_127' title='bbox 1113 1731 1209 1782; x_wconf 91' lang='grc' dir='ltr'>τοῦ</span> <span class='ocrx_word' id='word_1_128' title='bbox 1235 1747 1365 1782; x_wconf 87' lang='grc' dir='ltr'>ποτε</span> <span class='ocrx_word' id='word_1_129' title='bbox 1413 1724 1656 1782; x_wconf 75' lang='grc' dir='ltr'>τελώνου</span> <span class='ocrx_word' id='word_1_130' title='bbox 1711 1727 1801 1781; x_wconf 81' lang='grc' dir='ltr'>καὶ</span> <span class='ocrx_word' id='word_1_131' title='bbox 1834 1733 1970 1798; x_wconf 84' lang='grc' dir='ltr'>Βαρ-</span> 
     </span>
    </p>
   </div>
   <div class='ocr_carea' id='block_1_20' title="bbox 307 1811 1977 1900">
    <p class='ocr_par' dir='ltr' id='par_1_20' title="bbox 307 1811 1977 1900">
     <span class='ocr_line' id='line_1_20' title="bbox 307 1811 1977 1900; baseline -0.001 -30"><span class='ocrx_word' id='word_1_132' title='bbox 307 1811 468 1886; x_wconf 78' lang='grc' dir='ltr'>νάϐα,</span> <span class='ocrx_word' id='word_1_133' title='bbox 501 1815 592 1870; x_wconf 82' lang='grc' dir='ltr'>καὶ</span> <span class='ocrx_word' id='word_1_134' title='bbox 626 1815 832 1872; x_wconf 85' lang='grc' dir='ltr'>Ἀκύλα</span> <span class='ocrx_word' id='word_1_135' title='bbox 871 1813 1111 1892; x_wconf 77' lang='grc' dir='ltr'>ἀδελφοῦ</span> <span class='ocrx_word' id='word_1_136' title='bbox 1169 1814 1486 1888; x_wconf 76' lang='grc' dir='ltr'>Κλήμεντος</span> <span class='ocrx_word' id='word_1_137' title='bbox 1546 1820 1644 1870; x_wconf 91' lang='grc' dir='ltr'>τοῦ</span> <span class='ocrx_word' id='word_1_138' title='bbox 1674 1816 1977 1900; x_wconf 60' lang='grc' dir='ltr'>Ῥωμαίου,</span> 
     </span>
    </p>
   </div>
   <div class='ocr_carea' id='block_1_21' title="bbox 312 1901 1968 1978">
    <p class='ocr_par' dir='ltr' id='par_1_21' title="bbox 312 1901 1968 1978">
     <span class='ocr_line' id='line_1_21' title="bbox 312 1901 1968 1978; baseline -0.001 -19"><span class='ocrx_word' id='word_1_139' title='bbox 312 1904 755 1978; x_wconf 87' lang='grc' dir='ltr'>μαθητεύσαντος</span> <span class='ocrx_word' id='word_1_140' title='bbox 787 1901 844 1959; x_wconf 69' lang='grc' dir='ltr'>δέ</span> <span class='ocrx_word' id='word_1_141' title='bbox 872 1905 959 1959; x_wconf 79' lang='grc' dir='ltr'>καὶ</span> <span class='ocrx_word' id='word_1_142' title='bbox 1021 1903 1219 1977; x_wconf 88' lang='grc' dir='ltr'>Παύλῳ</span> <span class='ocrx_word' id='word_1_143' title='bbox 1275 1909 1352 1976; x_wconf 82' lang='grc' dir='ltr'>τῷ</span> <span class='ocrx_word' id='word_1_144' title='bbox 1383 1902 1778 1976; x_wconf 86' lang='grc' dir='ltr'>συναποστόλῳ</span> <span class='ocrx_word' id='word_1_145' title='bbox 1808 1906 1968 1978; x_wconf 79' lang='grc' dir='ltr'>ἡμῶν</span> 
     </span>
    </p>
   </div>
   <div class='ocr_carea' id='block_1_22' title="bbox 306 1991 1968 2069">
    <p class='ocr_par' dir='ltr' id='par_1_22' title="bbox 306 1991 1968 2069">
     <span class='ocr_line' id='line_1_22' title="bbox 306 1991 1968 2069; baseline -0.001 -21"><span class='ocrx_word' id='word_1_146' title='bbox 306 1995 396 2048; x_wconf 81' lang='grc' dir='ltr'>καὶ</span> <span class='ocrx_word' id='word_1_147' title='bbox 421 1999 665 2069; x_wconf 89' lang='grc' dir='ltr'>συνεργῷ</span> <span class='ocrx_word' id='word_1_148' title='bbox 711 1993 765 2048; x_wconf 82' lang='grc' dir='ltr'>ἐν</span> <span class='ocrx_word' id='word_1_149' title='bbox 817 1999 896 2066; x_wconf 84' lang='grc' dir='ltr'>τῷ</span> <span class='ocrx_word' id='word_1_150' title='bbox 947 1991 1285 2069; x_wconf 77' lang='grc' dir='ltr'>Εύαγγῑλίῳ·</span> <span class='ocrx_word' id='word_1_151' title='bbox 1347 1994 1436 2048; x_wconf 81' lang='grc' dir='ltr'>καὶ</span> <span class='ocrx_word' id='word_1_152' title='bbox 1493 1992 1680 2068; x_wconf 87' lang='grc' dir='ltr'>τρίτου</span> <span class='ocrx_word' id='word_1_153' title='bbox 1741 1991 1822 2048; x_wconf 77' lang='grc' dir='ltr'>ἐπ’</span> <span class='ocrx_word' id='word_1_154' title='bbox 1880 1992 1968 2047; x_wconf 84' lang='grc' dir='ltr'>αύ-</span> 
     </span>
    </p>
   </div>
   <div class='ocr_carea' id='block_1_23' title="bbox 305 2080 1965 2160">
    <p class='ocr_par' dir='ltr' id='par_1_23' title="bbox 305 2080 1965 2160">
     <span class='ocr_line' id='line_1_23' title="bbox 305 2080 1965 2160; baseline -0.001 -22"><span class='ocrx_word' id='word_1_155' title='bbox 305 2088 412 2138; x_wconf 91' lang='grc' dir='ltr'>τῶν</span> <span class='ocrx_word' id='word_1_156' title='bbox 468 2080 783 2158; x_wconf 78' lang='grc' dir='ltr'>διαλεχθεὶς</span> <span class='ocrx_word' id='word_1_157' title='bbox 836 2082 981 2154; x_wconf 85' lang='grc' dir='ltr'>αύτῷ</span> <span class='ocrx_word' id='word_1_158' title='bbox 1036 2083 1096 2137; x_wconf 74' lang='grc' dir='ltr'>έκ</span> <span class='ocrx_word' id='word_1_159' title='bbox 1149 2087 1258 2138; x_wconf 89' lang='grc' dir='ltr'>τῶν</span> <span class='ocrx_word' id='word_1_160' title='bbox 1342 2080 1430 2138; x_wconf 73' lang='grc' dir='ltr'>διά</span> <span class='ocrx_word' id='word_1_161' title='bbox 1500 2087 1610 2137; x_wconf 92' lang='grc' dir='ltr'>τῶν</span> <span class='ocrx_word' id='word_1_162' title='bbox 1669 2087 1965 2160; x_wconf 81' lang='grc' dir='ltr'>προφητῶν</span> 
     </span>
    </p>
   </div>
   <div class='ocr_carea' id='block_1_24' title="bbox 306 2167 1968 2247">
    <p class='ocr_par' dir='ltr' id='par_1_24' title="bbox 306 2167 1968 2247">
     <span class='ocr_line' id='line_1_24' title="bbox 306 2167 1968 2247; baseline -0.001 -21"><span class='ocrx_word' id='word_1_163' title='bbox 306 2171 496 2247; x_wconf 87' lang='grc' dir='ltr'>λόγων</span> <span class='ocrx_word' id='word_1_164' title='bbox 536 2173 625 2226; x_wconf 81' lang='grc' dir='ltr'>καὶ</span> <span class='ocrx_word' id='word_1_165' title='bbox 660 2173 787 2247; x_wconf 86' lang='grc' dir='ltr'>περὶ</span> <span class='ocrx_word' id='word_1_166' title='bbox 847 2175 979 2227; x_wconf 82' lang='grc' dir='ltr'>Θεοῦ</span> <span class='ocrx_word' id='word_1_167' title='bbox 1041 2171 1367 2247; x_wconf 80' lang='grc' dir='ltr'>μοναρχίας,</span> <span class='ocrx_word' id='word_1_168' title='bbox 1425 2173 1633 2242; x_wconf 81' lang='grc' dir='ltr'>ἣττησα</span> <span class='ocrx_word' id='word_1_169' title='bbox 1689 2171 1819 2226; x_wconf 80' lang='grc' dir='ltr'>αὐτὸ</span> <span class='ocrx_word' id='word_1_170' title='bbox 1873 2167 1968 2225; x_wconf 87' lang='grc' dir='ltr'>δυ-</span> 
     </span>
    </p>
   </div>
   <div class='ocr_carea' id='block_1_25' title="bbox 300 2259 1966 2336">
    <p class='ocr_par' dir='ltr' id='par_1_25' title="bbox 300 2259 1966 2336">
     <span class='ocr_line' id='line_1_25' title="bbox 300 2259 1966 2336; baseline 0 -22"><span class='ocrx_word' id='word_1_171' title='bbox 300 2260 469 2333; x_wconf 85' lang='grc' dir='ltr'>νάμει</span> <span class='ocrx_word' id='word_1_172' title='bbox 524 2265 620 2315; x_wconf 91' lang='grc' dir='ltr'>τοῦ</span> <span class='ocrx_word' id='word_1_173' title='bbox 679 2264 888 2334; x_wconf 87' lang='grc' dir='ltr'>Κυρίου</span> <span class='ocrx_word' id='word_1_174' title='bbox 949 2263 1110 2334; x_wconf 70' lang='grc' dir='ltr'>ἡμῶν</span> <span class='ocrx_word' id='word_1_175' title='bbox 1173 2262 1353 2330; x_wconf 89' lang='grc' dir='ltr'>Ἰησοῦ</span> <span class='ocrx_word' id='word_1_176' title='bbox 1401 2263 1640 2336; x_wconf 78' lang='grc' dir='ltr'>Χριστοῦ</span> <span class='ocrx_word' id='word_1_177' title='bbox 1674 2303 1687 2328; x_wconf 88' lang='grc'>,</span> <span class='ocrx_word' id='word_1_178' title='bbox 1743 2261 1833 2316; x_wconf 82' lang='grc' dir='ltr'>καὶ</span> <span class='ocrx_word' id='word_1_179' title='bbox 1891 2259 1966 2322; x_wconf 78' lang='grc' dir='ltr'>εἰς</span> 
     </span>
    </p>
   </div>
   <div class='ocr_carea' id='block_1_26' title="bbox 301 2346 1966 2429">
    <p class='ocr_par' dir='ltr' id='par_1_26' title="bbox 301 2346 1966 2429">
     <span class='ocr_line' id='line_1_26' title="bbox 301 2346 1966 2429; baseline 0 -25"><span class='ocrx_word' id='word_1_180' title='bbox 301 2350 548 2426; x_wconf 76' lang='grc' dir='ltr'>ἀφωνίαν</span> <span class='ocrx_word' id='word_1_181' title='bbox 591 2346 895 2406; x_wconf 81' lang='grc' dir='ltr'>κατέϐαλον</span> <span class='ocrx_word' id='word_1_182' title='bbox 939 2394 953 2420; x_wconf 95' lang='grc'>,</span> <span class='ocrx_word' id='word_1_183' title='bbox 1005 2347 1218 2429; x_wconf 76' lang='grc' dir='ltr'>φυγάδα</span> <span class='ocrx_word' id='word_1_184' title='bbox 1273 2371 1329 2404; x_wconf 91' lang='grc' dir='ltr'>τε</span> <span class='ocrx_word' id='word_1_185' title='bbox 1379 2349 1536 2404; x_wconf 81' lang='grc' dir='ltr'>αὐτὸν</span> <span class='ocrx_word' id='word_1_186' title='bbox 1588 2350 1667 2412; x_wconf 65' lang='grc' dir='ltr'>εἷς</span> <span class='ocrx_word' id='word_1_187' title='bbox 1731 2349 1966 2406; x_wconf 85' lang='grc' dir='ltr'>Ἰταλίαν</span> 
     </span>
    </p>
   </div>
   <div class='ocr_carea' id='block_1_27' title="bbox 299 2436 1966 2515">
    <p class='ocr_par' dir='ltr' id='par_1_27' title="bbox 299 2436 1966 2515">
     <span class='ocr_line' id='line_1_27' title="bbox 299 2436 1966 2515; baseline -0.001 -21"><span class='ocrx_word' id='word_1_188' title='bbox 299 2442 634 2508; x_wconf 87' lang='grc' dir='ltr'>κατέστησα.</span> <span class='ocrx_word' id='word_1_189' title='bbox 671 2438 966 2512; x_wconf 80' lang='grc' dir='ltr'>Γενόμενος</span> <span class='ocrx_word' id='word_1_190' title='bbox 997 2436 1080 2506; x_wconf 70' lang='grc' dir='ltr'>δέ,</span> <span class='ocrx_word' id='word_1_191' title='bbox 1137 2439 1210 2499; x_wconf 82' lang='grc' dir='ltr'>ὡς</span> <span class='ocrx_word' id='word_1_192' title='bbox 1271 2436 1428 2515; x_wconf 76' lang='grc' dir='ltr'>ἔφην,</span> <span class='ocrx_word' id='word_1_193' title='bbox 1487 2436 1538 2492; x_wconf 78' lang='grc' dir='ltr'>ἔν</span> <span class='ocrx_word' id='word_1_194' title='bbox 1597 2439 1790 2514; x_wconf 77' lang='grc' dir='ltr'>Ῥώμῃ</span> <span class='ocrx_word' id='word_1_195' title='bbox 1823 2438 1966 2493; x_wconf 83' lang='grc' dir='ltr'>πολὺ</span> 
     </span>
    </p>
   </div>
   <div class='ocr_carea' id='block_1_28' title="bbox 301 2525 1967 2602">
    <p class='ocr_par' dir='ltr' id='par_1_28' title="bbox 301 2525 1967 2602">
     <span class='ocr_line' id='line_1_28' title="bbox 301 2525 1967 2602; baseline -0.001 -21"><span class='ocrx_word' id='word_1_196' title='bbox 301 2531 404 2598; x_wconf 71' lang='grc' dir='ltr'>τὴν</span> <span class='ocrx_word' id='word_1_197' title='bbox 471 2525 806 2598; x_wconf 74' lang='grc' dir='ltr'>Ἐκκλησίαν</span> <span class='ocrx_word' id='word_1_198' title='bbox 884 2527 1120 2602; x_wconf 72' lang='grc' dir='ltr'>ἐτάραξε,</span> <span class='ocrx_word' id='word_1_199' title='bbox 1207 2525 1392 2582; x_wconf 74' lang='grc' dir='ltr'>πολλὰ</span> <span class='ocrx_word' id='word_1_200' title='bbox 1473 2527 1782 2602; x_wconf 74' lang='grc' dir='ltr'>ἀνατρέπων</span> <span class='ocrx_word' id='word_1_201' title='bbox 1877 2529 1967 2580; x_wconf 87' lang='grc' dir='ltr'>καὶ</span> 
     </span>
    </p>
   </div>
   <div class='ocr_carea' id='block_1_29' title="bbox 305 2609 1967 2692">
    <p class='ocr_par' dir='ltr' id='par_1_29' title="bbox 305 2609 1967 2692">
     <span class='ocr_line' id='line_1_29' title="bbox 305 2609 1967 2692; baseline -0.001 -21"><span class='ocrx_word' id='word_1_202' title='bbox 305 2621 483 2688; x_wconf 80' lang='grc' dir='ltr'>εαυτῷ</span> <span class='ocrx_word' id='word_1_203' title='bbox 515 2615 987 2692; x_wconf 75' lang='grc' dir='ltr'>περιποιούμενος,</span> <span class='ocrx_word' id='word_1_204' title='bbox 1017 2616 1082 2669; x_wconf 83' lang='grc' dir='ltr'>τὰ</span> <span class='ocrx_word' id='word_1_205' title='bbox 1132 2612 1188 2670; x_wconf 69' lang='grc' dir='ltr'>δέ</span> <span class='ocrx_word' id='word_1_206' title='bbox 1245 2609 1368 2686; x_wconf 73' lang='grc' dir='ltr'>ἔθνη</span> <span class='ocrx_word' id='word_1_207' title='bbox 1422 2615 1703 2687; x_wconf 80' lang='grc' dir='ltr'>ἐξιστάνων</span> <span class='ocrx_word' id='word_1_208' title='bbox 1764 2619 1967 2690; x_wconf 84' lang='grc' dir='ltr'>μαγικῇ</span> 
     </span>
    </p>
   </div>
   <div class='ocr_carea' id='block_1_30' title="bbox 307 2703 1970 2782">
    <p class='ocr_par' dir='ltr' id='par_1_30' title="bbox 307 2703 1970 2782">
     <span class='ocr_line' id='line_1_30' title="bbox 307 2703 1970 2782; baseline -0.001 -21"><span class='ocrx_word' id='word_1_209' title='bbox 307 2707 474 2782; x_wconf 75' lang='grc' dir='ltr'>τέχνῃ</span> <span class='ocrx_word' id='word_1_210' title='bbox 508 2708 598 2760; x_wconf 89' lang='grc' dir='ltr'><strong>καί</strong></span> <span class='ocrx_word' id='word_1_211' title='bbox 632 2704 908 2778; x_wconf 77' lang='grc' dir='ltr'>δαιμόνων</span> <span class='ocrx_word' id='word_1_212' title='bbox 939 2703 1198 2780; x_wconf 79' lang='grc' dir='ltr'>ἐνεργείᾳ.</span> <span class='ocrx_word' id='word_1_213' title='bbox 1230 2709 1324 2767; x_wconf 73' lang='grc' dir='ltr'>⁸⁸ος</span> <span class='ocrx_word' id='word_1_214' title='bbox 1369 2705 1459 2760; x_wconf 85' lang='grc' dir='ltr'>καὶ</span> <span class='ocrx_word' id='word_1_215' title='bbox 1509 2726 1641 2761; x_wconf 87' lang='grc' dir='ltr'>ποτε</span> <span class='ocrx_word' id='word_1_216' title='bbox 1701 2705 1970 2780; x_wconf 80' lang='grc' dir='ltr'>μεσούσης</span> 
     </span>
    </p>
   </div>
   <div class='ocr_carea' id='block_1_31' title="bbox 314 2790 1969 2870">
    <p class='ocr_par' dir='ltr' id='par_1_31' title="bbox 314 2790 1969 2870">
     <span class='ocr_line' id='line_1_31' title="bbox 314 2790 1969 2870; baseline 0 -22"><span class='ocrx_word' id='word_1_217' title='bbox 314 2796 526 2869; x_wconf 80' lang='grc' dir='ltr'>ἡμέρας</span> <span class='ocrx_word' id='word_1_218' title='bbox 593 2793 876 2868; x_wconf 84' lang='grc' dir='ltr'>προελθὼν</span> <span class='ocrx_word' id='word_1_219' title='bbox 928 2793 1005 2854; x_wconf 81' lang='grc' dir='ltr'>εἷς</span> <span class='ocrx_word' id='word_1_220' title='bbox 1063 2794 1126 2848; x_wconf 88' lang='grc' dir='ltr'>τὸ</span> <span class='ocrx_word' id='word_1_221' title='bbox 1183 2794 1401 2868; x_wconf 84' lang='grc' dir='ltr'>θέατρον</span> <span class='ocrx_word' id='word_1_222' title='bbox 1478 2793 1844 2870; x_wconf 77' lang='grc' dir='ltr'>ἐπηγγείλατο</span> <span class='ocrx_word' id='word_1_223' title='bbox 1898 2790 1969 2849; x_wconf 86' lang='grc' dir='ltr'>δι’</span> 
     </span>
    </p>
   </div>
   <div class='ocr_carea' id='block_1_32' title="bbox 318 2883 1966 2959">
    <p class='ocr_par' dir='ltr' id='par_1_32' title="bbox 318 2883 1966 2959">
     <span class='ocr_line' id='line_1_32' title="bbox 318 2883 1966 2959; baseline 0.001 -20"><span class='ocrx_word' id='word_1_224' title='bbox 318 2885 474 2959; x_wconf 78' lang='grc' dir='ltr'>ἀέρος</span> <span class='ocrx_word' id='word_1_225' title='bbox 535 2883 859 2952; x_wconf 75' lang='grc' dir='ltr'>ἀναπτῆναι,</span> <span class='ocrx_word' id='word_1_226' title='bbox 917 2884 1130 2938; x_wconf 85' lang='grc' dir='ltr'>πάντων</span> <span class='ocrx_word' id='word_1_227' title='bbox 1188 2885 1576 2957; x_wconf 81' lang='grc' dir='ltr'>θαυμαζόντων</span> <span class='ocrx_word' id='word_1_228' title='bbox 1622 2884 1708 2939; x_wconf 74' lang='grc' dir='ltr'>έπὶ</span> <span class='ocrx_word' id='word_1_229' title='bbox 1766 2884 1966 2956; x_wconf 89' lang='grc' dir='ltr'>τούτῳ.</span> 
     </span>
    </p>
   </div>
   <div class='ocr_carea' id='block_1_33' title="bbox 313 2965 1968 3044">
    <p class='ocr_par' dir='ltr' id='par_1_33' title="bbox 313 2965 1968 3044">
     <span class='ocr_line' id='line_1_33' title="bbox 313 2965 1968 3044; baseline -0.001 -20"><span class='ocrx_word' id='word_1_230' title='bbox 313 2969 464 3044; x_wconf 78' lang='grc' dir='ltr'>Ἐγὼ</span> <span class='ocrx_word' id='word_1_231' title='bbox 528 2965 585 3022; x_wconf 75' lang='grc' dir='ltr'>δὲ</span> <span class='ocrx_word' id='word_1_232' title='bbox 641 2967 842 3040; x_wconf 88' lang='grc' dir='ltr'>Πέτρος</span> <span class='ocrx_word' id='word_1_233' title='bbox 883 2968 1001 3021; x_wconf 79' lang='grc' dir='ltr'>καθ’</span> <span class='ocrx_word' id='word_1_234' title='bbox 1032 2967 1219 3022; x_wconf 73' lang='grc' dir='ltr'>ἑαυτὸν</span> <span class='ocrx_word' id='word_1_235' title='bbox 1267 2967 1550 3041; x_wconf 83' lang='grc' dir='ltr'>ηύχόμην.</span> <span class='ocrx_word' id='word_1_236' title='bbox 1614 2967 1711 3021; x_wconf 82' lang='grc' dir='ltr'>Καὶ</span> <span class='ocrx_word' id='word_1_237' title='bbox 1772 2965 1836 3037; x_wconf 75' lang='grc' dir='ltr'>δή</span> <span class='ocrx_word' id='word_1_238' title='bbox 1875 2989 1968 3041; x_wconf 87' lang='grc' dir='ltr'>με·</span> 
     </span>
    </p>
   </div>
   <div class='ocr_carea' id='block_1_34' title="bbox 316 3051 1971 3132">
    <p class='ocr_par' dir='ltr' id='par_1_34' title="bbox 316 3051 1971 3132">
     <span class='ocr_line' id='line_1_34' title="bbox 316 3051 1971 3132; baseline 0.001 -22"><span class='ocrx_word' id='word_1_239' title='bbox 316 3056 632 3130; x_wconf 78' lang='grc' dir='ltr'>τεωρισθείς</span> <span class='ocrx_word' id='word_1_240' title='bbox 667 3055 770 3110; x_wconf 83' lang='grc' dir='ltr'>ὑπὸ</span> <span class='ocrx_word' id='word_1_241' title='bbox 825 3051 1104 3129; x_wconf 81' lang='grc' dir='ltr'>δαιμόνων</span> <span class='ocrx_word' id='word_1_242' title='bbox 1152 3057 1350 3111; x_wconf 83' lang='grc' dir='ltr'>ἳπτατο</span> <span class='ocrx_word' id='word_1_243' title='bbox 1407 3057 1693 3132; x_wconf 80' lang='grc' dir='ltr'>μετάρσιος</span> <span class='ocrx_word' id='word_1_244' title='bbox 1748 3056 1822 3119; x_wconf 77' lang='grc' dir='ltr'>εἰς</span> <span class='ocrx_word' id='word_1_245' title='bbox 1879 3057 1971 3113; x_wconf 86' lang='grc' dir='ltr'>τὸν</span> 
     </span>
    </p>
   </div>
   <div class='ocr_carea' id='block_1_35' title="bbox 317 3143 1967 3220">
    <p class='ocr_par' dir='ltr' id='par_1_35' title="bbox 317 3143 1967 3220">
     <span class='ocr_line' id='line_1_35' title="bbox 317 3143 1967 3220; baseline 0.002 -22"><span class='ocrx_word' id='word_1_246' title='bbox 317 3143 470 3219; x_wconf 81' lang='grc' dir='ltr'>ἀέρα,</span> <span class='ocrx_word' id='word_1_247' title='bbox 506 3143 679 3220; x_wconf 85' lang='grc' dir='ltr'>λέγων</span> <span class='ocrx_word' id='word_1_248' title='bbox 714 3144 789 3206; x_wconf 88' lang='grc' dir='ltr'>εἰς</span> <span class='ocrx_word' id='word_1_249' title='bbox 831 3145 960 3206; x_wconf 83' lang='grc' dir='ltr'>τοὺς</span> <span class='ocrx_word' id='word_1_250' title='bbox 991 3144 1251 3219; x_wconf 79' lang='grc' dir='ltr'>οὐρανοὺς</span> <span class='ocrx_word' id='word_1_251' title='bbox 1283 3144 1487 3199; x_wconf 78' lang='grc' dir='ltr'>ἀνιέναι</span> <span class='ocrx_word' id='word_1_252' title='bbox 1547 3151 1792 3210; x_wconf 84' lang='grc' dir='ltr'>κακεῖθεν</span> <span class='ocrx_word' id='word_1_253' title='bbox 1849 3155 1967 3209; x_wconf 81' lang='grc' dir='ltr'>τοῖς</span> 
     </span>
    </p>
   </div>
   <div class='ocr_carea' id='block_1_36' title="bbox 314 3205 2050 3310">
    <p class='ocr_par' dir='ltr' id='par_1_36' title="bbox 314 3205 2050 3310">
     <span class='ocr_line' id='line_1_36' title="bbox 314 3205 2050 3310; baseline 0 -19"><span class='ocrx_word' id='word_1_254' title='bbox 314 3205 470 3296; x_wconf 66' lang='grc' dir='ltr'>λαοῖς</span> <span class='ocrx_word' id='word_1_255' title='bbox 532 3205 599 3290; x_wconf 75' lang='grc' dir='ltr'>τά</span> <span class='ocrx_word' id='word_1_256' title='bbox 660 3235 832 3307; x_wconf 82' lang='grc' dir='ltr'>άγαθὰ</span> <span class='ocrx_word' id='word_1_257' title='bbox 897 3205 1348 3309; x_wconf 42' lang='grc' dir='ltr'>ἐπιχοιρηγήσειν.</span> <span class='ocrx_word' id='word_1_258' title='bbox 1400 3237 1522 3293; x_wconf 91' lang='grc' dir='ltr'>Τῶν</span> <span class='ocrx_word' id='word_1_259' title='bbox 1581 3233 1639 3290; x_wconf 74' lang='grc' dir='ltr'>δὲ</span> <span class='ocrx_word' id='word_1_260' title='bbox 1695 3205 1964 3310; x_wconf 76' lang='grc' dir='ltr'>δαιμόνων</span> <span class='ocrx_word' id='word_1_261' title='bbox 1999 3205 2050 3271; x_wconf 76' lang='lat' dir='ltr'><strong><em>C</em></strong></span> 
     </span>
    </p>
   </div>
   <div class='ocr_carea' id='block_1_37' title="bbox 311 3321 1970 3400">
    <p class='ocr_par' dir='ltr' id='par_1_37' title="bbox 311 3321 1970 3400">
     <span class='ocr_line' id='line_1_37' title="bbox 311 3321 1970 3400; baseline 0.001 -22"><span class='ocrx_word' id='word_1_262' title='bbox 311 3322 774 3399; x_wconf 62' lang='grc' dir='ltr'>ἐπευφημούντων</span> <span class='ocrx_word' id='word_1_263' title='bbox 835 3321 1008 3377; x_wconf 80' lang='grc' dir='ltr'>αὐτῶν</span> <span class='ocrx_word' id='word_1_264' title='bbox 1066 3323 1140 3385; x_wconf 86' lang='grc' dir='ltr'>ὡς</span> <span class='ocrx_word' id='word_1_265' title='bbox 1210 3323 1358 3392; x_wconf 85' lang='grc' dir='ltr'>Θεὸν,</span> <span class='ocrx_word' id='word_1_266' title='bbox 1421 3322 1654 3386; x_wconf 71' lang='grc' dir='ltr'>ἐκτείνας</span> <span class='ocrx_word' id='word_1_267' title='bbox 1716 3324 1820 3400; x_wconf 86' lang='grc' dir='ltr'>έγὼ</span> <span class='ocrx_word' id='word_1_268' title='bbox 1877 3326 1970 3387; x_wconf 79' lang='grc' dir='ltr'>τὰς</span> 
     </span>
    </p>
   </div>
   <div class='ocr_carea' id='block_1_38' title="bbox 311 3410 1967 3489">
    <p class='ocr_par' dir='ltr' id='par_1_38' title="bbox 311 3410 1967 3489">
     <span class='ocr_line' id='line_1_38' title="bbox 311 3410 1967 3489; baseline 0.001 -23"><span class='ocrx_word' id='word_1_269' title='bbox 311 3417 503 3487; x_wconf 83' lang='grc' dir='ltr'>χεῖρας</span> <span class='ocrx_word' id='word_1_270' title='bbox 534 3411 612 3473; x_wconf 86' lang='grc' dir='ltr'>είς</span> <span class='ocrx_word' id='word_1_271' title='bbox 662 3411 798 3484; x_wconf 75' lang='grc' dir='ltr'>ὕψος</span> <span class='ocrx_word' id='word_1_272' title='bbox 851 3410 1090 3466; x_wconf 79' lang='grc' dir='ltr'>ἱκέτευον</span> <span class='ocrx_word' id='word_1_273' title='bbox 1147 3412 1240 3467; x_wconf 88' lang='grc' dir='ltr'>τὸν</span> <span class='ocrx_word' id='word_1_274' title='bbox 1309 3413 1437 3468; x_wconf 87' lang='grc' dir='ltr'>Θεὸν</span> <span class='ocrx_word' id='word_1_275' title='bbox 1495 3412 1817 3489; x_wconf 80' lang='grc' dir='ltr'>καταῤῥάξαι</span> <span class='ocrx_word' id='word_1_276' title='bbox 1876 3415 1967 3468; x_wconf 89' lang='grc' dir='ltr'>τὸν</span> 
     </span>
    </p>
   </div>
   <div class='ocr_carea' id='block_1_39' title="bbox 311 3499 1968 3576">
    <p class='ocr_par' dir='ltr' id='par_1_39' title="bbox 311 3499 1968 3576">
     <span class='ocr_line' id='line_1_39' title="bbox 311 3499 1968 3576; baseline 0.001 -19"><span class='ocrx_word' id='word_1_277' title='bbox 311 3501 586 3576; x_wconf 82' lang='grc' dir='ltr'>λυμεῶνα.</span> <span class='ocrx_word' id='word_1_278' title='bbox 618 3501 889 3562; x_wconf 83' lang='grc' dir='ltr'>Ἀτενίσας</span> <span class='ocrx_word' id='word_1_279' title='bbox 920 3499 1012 3555; x_wconf 79' lang='grc' dir='ltr'>οῦν</span> <span class='ocrx_word' id='word_1_280' title='bbox 1041 3501 1193 3556; x_wconf 81' lang='grc' dir='ltr'>εἶπον</span> <span class='ocrx_word' id='word_1_281' title='bbox 1224 3505 1304 3573; x_wconf 78' lang='grc' dir='ltr'>τῷ</span> <span class='ocrx_word' id='word_1_282' title='bbox 1337 3502 1567 3574; x_wconf 83' lang='grc' dir='ltr'>Σίμωνι’</span> <span class='ocrx_word' id='word_1_283' title='bbox 1623 3503 1684 3558; x_wconf 71' lang='lat' dir='ltr'>Ei</span> <span class='ocrx_word' id='word_1_284' title='bbox 1733 3503 1968 3558; x_wconf 73' lang='grc' dir='ltr'>ἂπόστο-</span> 
     </span>
    </p>
   </div>
   <div class='ocr_carea' id='block_1_40' title="bbox 312 3589 1970 3669">
    <p class='ocr_par' dir='ltr' id='par_1_40' title="bbox 312 3589 1970 3669">
     <span class='ocr_line' id='line_1_40' title="bbox 312 3589 1970 3669; baseline 0.001 -23"><span class='ocrx_word' id='word_1_285' title='bbox 312 3591 409 3652; x_wconf 81' lang='grc' dir='ltr'>λος</span> <span class='ocrx_word' id='word_1_286' title='bbox 440 3592 627 3660; x_wconf 85' lang='grc' dir='ltr'>Ἰησοῦ</span> <span class='ocrx_word' id='word_1_287' title='bbox 660 3595 900 3662; x_wconf 79' lang='grc' dir='ltr'>Χριστοῦ</span> <span class='ocrx_word' id='word_1_288' title='bbox 925 3590 1041 3664; x_wconf 85' lang='grc' dir='ltr'>εἰμι</span> <span class='ocrx_word' id='word_1_289' title='bbox 1071 3590 1202 3664; x_wconf 80' lang='grc' dir='ltr'>ἐγὼ,</span> <span class='ocrx_word' id='word_1_290' title='bbox 1235 3590 1325 3645; x_wconf 86' lang='grc' dir='ltr'>καὶ</span> <span class='ocrx_word' id='word_1_291' title='bbox 1358 3589 1484 3665; x_wconf 81' lang='grc' dir='ltr'>οὐχὶ</span> <span class='ocrx_word' id='word_1_292' title='bbox 1535 3590 1740 3654; x_wconf 77' lang='grc' dir='ltr'>πλάνος</span> <span class='ocrx_word' id='word_1_293' title='bbox 1788 3590 1970 3669; x_wconf 86' lang='grc' dir='ltr'>ὥσπερ</span> 
     </span>
    </p>
   </div>
   <div class='ocr_carea' id='block_1_41' title="bbox 313 3677 1972 3761">
    <p class='ocr_par' dir='ltr' id='par_1_41' title="bbox 313 3677 1972 3761">
     <span class='ocr_line' id='line_1_41' title="bbox 313 3677 1972 3761; baseline 0.002 -28"><span class='ocrx_word' id='word_1_294' title='bbox 313 3679 397 3750; x_wconf 79' lang='grc' dir='ltr'>σὺ,</span> <span class='ocrx_word' id='word_1_295' title='bbox 427 3680 641 3751; x_wconf 85' lang='grc' dir='ltr'>Σίμων,</span> <span class='ocrx_word' id='word_1_296' title='bbox 669 3680 996 3754; x_wconf 75' lang='grc' dir='ltr'>προστάσσω</span> <span class='ocrx_word' id='word_1_297' title='bbox 1025 3684 1144 3742; x_wconf 87' lang='grc' dir='ltr'>ταῖς</span> <span class='ocrx_word' id='word_1_298' title='bbox 1175 3685 1444 3756; x_wconf 75' lang='grc' dir='ltr'>πονηραῖς</span> <span class='ocrx_word' id='word_1_299' title='bbox 1501 3677 1785 3752; x_wconf 87' lang='grc' dir='ltr'>δυνάμεσιν</span> <span class='ocrx_word' id='word_1_300' title='bbox 1817 3681 1972 3761; x_wconf 72' lang='grc' dir='ltr'>ἀφεῖ-</span> 
     </span>
    </p>
   </div>
   <div class='ocr_carea' id='block_1_42' title="bbox 310 3770 1969 3846">
    <p class='ocr_par' dir='ltr' id='par_1_42' title="bbox 310 3770 1969 3846">
     <span class='ocr_line' id='line_1_42' title="bbox 310 3770 1969 3846; baseline 0.003 -24"><span class='ocrx_word' id='word_1_301' title='bbox 310 3771 396 3822; x_wconf 81' lang='grc' dir='ltr'>ναί</span> <span class='ocrx_word' id='word_1_302' title='bbox 451 3790 510 3824; x_wconf 89' lang='grc' dir='ltr'>σε</span> <span class='ocrx_word' id='word_1_303' title='bbox 568 3773 668 3835; x_wconf 81' lang='grc' dir='ltr'>τῆς</span> <span class='ocrx_word' id='word_1_304' title='bbox 727 3771 1042 3844; x_wconf 73' lang='grc' dir='ltr'>κρατήσεως</span> <span class='ocrx_word' id='word_1_305' title='bbox 1080 3812 1092 3824; x_wconf 95' lang='grc'><strong>.</strong></span> <span class='ocrx_word' id='word_1_306' title='bbox 1168 3771 1270 3826; x_wconf 84' lang='grc' dir='ltr'>Καὶ</span> <span class='ocrx_word' id='word_1_307' title='bbox 1326 3774 1492 3824; x_wconf 89' lang='grc' dir='ltr'>ταῦτα</span> <span class='ocrx_word' id='word_1_308' title='bbox 1549 3770 1793 3833; x_wconf 81' lang='grc' dir='ltr'>εἷ’πόντος</span> <span class='ocrx_word' id='word_1_309' title='bbox 1863 3794 1969 3846; x_wconf 87' lang='grc' dir='ltr'>μου</span> 
     </span>
    </p>
   </div>
   <div class='ocr_carea' id='block_1_43' title="bbox 311 3855 1970 3935">
    <p class='ocr_par' dir='ltr' id='par_1_43' title="bbox 311 3855 1970 3935">
     <span class='ocr_line' id='line_1_43' title="bbox 311 3855 1970 3935; baseline 0.002 -22"><span class='ocrx_word' id='word_1_310' title='bbox 311 3860 624 3934; x_wconf 71' lang='grc' dir='ltr'>κατηνέχθη</span> <span class='ocrx_word' id='word_1_311' title='bbox 659 3860 778 3931; x_wconf 84' lang='grc' dir='ltr'>μετ’</span> <span class='ocrx_word' id='word_1_312' title='bbox 806 3857 952 3934; x_wconf 78' lang='grc' dir='ltr'>ἤχου</span> <span class='ocrx_word' id='word_1_313' title='bbox 1003 3858 1219 3915; x_wconf 75' lang='grc' dir='ltr'>πολλοῦ</span> <span class='ocrx_word' id='word_1_314' title='bbox 1262 3860 1351 3914; x_wconf 82' lang='grc' dir='ltr'>καὶ</span> <span class='ocrx_word' id='word_1_315' title='bbox 1411 3855 1720 3935; x_wconf 76' lang='grc' dir='ltr'>συνετρίϐη·</span> <span class='ocrx_word' id='word_1_316' title='bbox 1753 3862 1843 3916; x_wconf 86' lang='grc' dir='ltr'>καὶ</span> <span class='ocrx_word' id='word_1_317' title='bbox 1874 3867 1970 3917; x_wconf 90' lang='grc' dir='ltr'>τοῦ</span> 
     </span>
    </p>
   </div>
   <div class='ocr_carea' id='block_1_44' title="bbox 316 3947 1968 4026">
    <p class='ocr_par' dir='ltr' id='par_1_44' title="bbox 316 3947 1968 4026">
     <span class='ocr_line' id='line_1_44' title="bbox 316 3947 1968 4026; baseline 0.003 -24"><span class='ocrx_word' id='word_1_318' title='bbox 316 3947 494 4024; x_wconf 81' lang='grc' dir='ltr'>ὄχλου</span> <span class='ocrx_word' id='word_1_319' title='bbox 530 3951 836 4024; x_wconf 78' lang='grc' dir='ltr'>βοήσαντος</span> <span class='ocrx_word' id='word_1_320' title='bbox 883 3950 962 4010; x_wconf 75' lang='grc' dir='ltr'>εἷς</span> <span class='ocrx_word' id='word_1_321' title='bbox 1019 3950 1148 4012; x_wconf 87' lang='grc' dir='ltr'>Θεὸς</span> <span class='ocrx_word' id='word_1_322' title='bbox 1205 3950 1263 4004; x_wconf 81' lang='grc' dir='ltr'>δν</span> <span class='ocrx_word' id='word_1_323' title='bbox 1325 3951 1527 4025; x_wconf 84' lang='grc' dir='ltr'>Πέτρος</span> <span class='ocrx_word' id='word_1_324' title='bbox 1582 3949 1968 4026; x_wconf 81' lang='grc' dir='ltr'>καταγγέλλει,</span> 
     </span>
    </p>
   </div>
   <div class='ocr_carea' id='block_1_45' title="bbox 315 4036 1972 4116">
    <p class='ocr_par' dir='ltr' id='par_1_45' title="bbox 315 4036 1972 4116">
     <span class='ocr_line' id='line_1_45' title="bbox 315 4036 1972 4116; baseline 0.001 -23"><span class='ocrx_word' id='word_1_325' title='bbox 315 4037 488 4100; x_wconf 66' lang='grc' dir='ltr'>οὕτως</span> <span class='ocrx_word' id='word_1_326' title='bbox 527 4041 562 4107; x_wconf 77' lang='grc' dir='ltr'><strong>ἡ</strong></span> <span class='ocrx_word' id='word_1_327' title='bbox 612 4039 802 4110; x_wconf 85' lang='grc' dir='ltr'>πρώτη</span> <span class='ocrx_word' id='word_1_328' title='bbox 859 4036 1130 4107; x_wconf 76' lang='grc' dir='ltr'>κατελύθη</span> <span class='ocrx_word' id='word_1_329' title='bbox 1190 4042 1296 4093; x_wconf 89' lang='grc' dir='ltr'>τῶν</span> <span class='ocrx_word' id='word_1_330' title='bbox 1352 4044 1710 4110; x_wconf 90' lang='grc' dir='ltr'>Σιμωνιανῶν</span> <span class='ocrx_word' id='word_1_331' title='bbox 1763 4041 1972 4116; x_wconf 84' lang='grc' dir='ltr'>αἳρεσις</span> 
     </span>
    </p>
   </div>
   <div class='ocr_carea' id='block_1_46' title="bbox 317 4121 1968 4204">
    <p class='ocr_par' dir='ltr' id='par_1_46' title="bbox 317 4121 1968 4204">
     <span class='ocr_line' id='line_1_46' title="bbox 317 4121 1968 4204; baseline 0.003 -24"><span class='ocrx_word' id='word_1_332' title='bbox 317 4127 368 4182; x_wconf 85' lang='grc' dir='ltr'>έν</span> <span class='ocrx_word' id='word_1_333' title='bbox 398 4126 614 4201; x_wconf 76' lang='grc' dir='ltr'>Ῥώμῃ,</span> <span class='ocrx_word' id='word_1_334' title='bbox 646 4126 736 4181; x_wconf 88' lang='grc' dir='ltr'>καὶ</span> <span class='ocrx_word' id='word_1_335' title='bbox 765 4125 950 4181; x_wconf 85' lang='grc' dir='ltr'>τέλεον</span> <span class='ocrx_word' id='word_1_336' title='bbox 980 4121 1212 4195; x_wconf 73' lang='grc' dir='ltr'>ἀπέσϐη.</span> <span class='ocrx_word' id='word_1_337' title='bbox 1259 4129 1353 4181; x_wconf 87' lang='grc' dir='ltr'>Διὸ</span> <span class='ocrx_word' id='word_1_338' title='bbox 1411 4125 1477 4196; x_wconf 76' lang='grc' dir='ltr'><strong>δὴ</strong></span> <span class='ocrx_word' id='word_1_339' title='bbox 1509 4129 1598 4183; x_wconf 84' lang='grc' dir='ltr'>καὶ</span> <span class='ocrx_word' id='word_1_340' title='bbox 1627 4129 1728 4198; x_wconf 86' lang='grc' dir='ltr'>τήν</span> <span class='ocrx_word' id='word_1_341' title='bbox 1759 4129 1968 4204; x_wconf 77' lang='grc' dir='ltr'>ἡμέραν</span> 
     </span>
    </p>
   </div>
   <div class='ocr_carea' id='block_1_47' title="bbox 317 4209 1969 4293">
    <p class='ocr_par' dir='ltr' id='par_1_47' title="bbox 317 4209 1969 4293">
     <span class='ocr_line' id='line_1_47' title="bbox 317 4209 1969 4293; baseline 0.002 -22"><span class='ocrx_word' id='word_1_342' title='bbox 317 4215 522 4271; x_wconf 75' lang='grc' dir='ltr'>ἐκείνου</span> <span class='ocrx_word' id='word_1_343' title='bbox 606 4219 703 4270; x_wconf 91' lang='grc' dir='ltr'>τοῦ</span> <span class='ocrx_word' id='word_1_344' title='bbox 758 4209 1032 4271; x_wconf 72' lang='grc' dir='ltr'>σαϐϐάτου</span> <span class='ocrx_word' id='word_1_345' title='bbox 1105 4216 1381 4290; x_wconf 73' lang='grc' dir='ltr'>ἒπίσημον</span> <span class='ocrx_word' id='word_1_346' title='bbox 1449 4214 1635 4293; x_wconf 76' lang='grc' dir='ltr'>ἄγουσι</span> <span class='ocrx_word' id='word_1_347' title='bbox 1680 4218 1969 4290; x_wconf 78' lang='grc' dir='ltr'>Ῥωμαῖοι.</span> 
     </span>
    </p>
   </div>
   <div class='ocr_carea' id='block_1_48' title="bbox 2087 563 3744 635">
    <p class='ocr_par' dir='ltr' id='par_1_48' title="bbox 2087 563 3744 635">
     <span class='ocr_line' id='line_1_48' title="bbox 2087 563 3744 635; baseline 0 -17"><span class='ocrx_word' id='word_1_348' title='bbox 2087 565 2320 620; x_wconf 87' lang='lat' dir='ltr'>attolor.</span> <span class='ocrx_word' id='word_1_349' title='bbox 2350 565 2492 620; x_wconf 88' lang='lat' dir='ltr'>Cum</span> <span class='ocrx_word' id='word_1_350' title='bbox 2526 570 2723 620; x_wconf 88' lang='lat' dir='ltr'>autem</span> <span class='ocrx_word' id='word_1_351' title='bbox 2759 567 2966 619; x_wconf 82' lang='lat' dir='ltr'>Petrus</span> <span class='ocrx_word' id='word_1_352' title='bbox 3027 580 3162 618; x_wconf 92' lang='lat' dir='ltr'>eum</span> <span class='ocrx_word' id='word_1_353' title='bbox 3222 563 3465 635; x_wconf 80' lang='lat' dir='ltr'>magicis</span> <span class='ocrx_word' id='word_1_354' title='bbox 3518 564 3744 618; x_wconf 82' lang='lat' dir='ltr'>artibus</span> 
     </span>
    </p>
   </div>
   <div class='ocr_carea' id='block_1_49' title="bbox 2087 654 3740 723">
    <p class='ocr_par' dir='ltr' id='par_1_49' title="bbox 2087 654 3740 723">
     <span class='ocr_line' id='line_1_49' title="bbox 2087 654 3740 723; baseline -0.001 -13"><span class='ocrx_word' id='word_1_355' title='bbox 2087 655 2403 712; x_wconf 89' lang='lat' dir='ltr'>sublimem</span> <span class='ocrx_word' id='word_1_356' title='bbox 2435 657 2496 711; x_wconf 92' lang='lat' dir='ltr'>in</span> <span class='ocrx_word' id='word_1_357' title='bbox 2528 673 2726 712; x_wconf 88' lang='lat' dir='ltr'>aerem</span> <span class='ocrx_word' id='word_1_358' title='bbox 2759 656 2954 710; x_wconf 82' lang='lat' dir='ltr'>efferri</span> <span class='ocrx_word' id='word_1_359' title='bbox 2985 654 3207 710; x_wconf 84' lang='lat' dir='ltr'>videret</span> <span class='ocrx_word' id='word_1_360' title='bbox 3237 654 3297 708; x_wconf 92' lang='lat' dir='ltr'>in</span> <span class='ocrx_word' id='word_1_361' title='bbox 3338 655 3533 709; x_wconf 90' lang='lat' dir='ltr'>medio</span> <span class='ocrx_word' id='word_1_362' title='bbox 3564 655 3740 723; x_wconf 47' lang='lat' dir='ltr'>:urbis</span> 
     </span>
    </p>
   </div>
   <div class='ocr_carea' id='block_1_50' title="bbox 2087 744 3742 818">
    <p class='ocr_par' dir='ltr' id='par_1_50' title="bbox 2087 744 3742 818">
     <span class='ocr_line' id='line_1_50' title="bbox 2087 744 3742 818; baseline -0.001 -19"><span class='ocrx_word' id='word_1_363' title='bbox 2087 745 2305 814; x_wconf 64' lang='lat' dir='ltr'>Romus,</span> <span class='ocrx_word' id='word_1_364' title='bbox 2335 747 2521 801; x_wconf 91' lang='lat' dir='ltr'>Deum</span> <span class='ocrx_word' id='word_1_365' title='bbox 2555 752 2827 818; x_wconf 83' lang='lat' dir='ltr'>precatus</span> <span class='ocrx_word' id='word_1_366' title='bbox 2851 750 2956 812; x_wconf 87' lang='lat' dir='ltr'>est,</span> <span class='ocrx_word' id='word_1_367' title='bbox 2985 750 3160 814; x_wconf 90' lang='lat' dir='ltr'>atque</span> <span class='ocrx_word' id='word_1_368' title='bbox 3192 744 3504 798; x_wconf 85' lang='lat' dir='ltr'>confestim</span> <span class='ocrx_word' id='word_1_369' title='bbox 3537 744 3742 798; x_wconf 88' lang='lat' dir='ltr'>Simon</span> 
     </span>
    </p>
   </div>
   <div class='ocr_carea' id='block_1_51' title="bbox 2086 833 3738 905">
    <p class='ocr_par' dir='ltr' id='par_1_51' title="bbox 2086 833 3738 905">
     <span class='ocr_line' id='line_1_51' title="bbox 2086 833 3738 905; baseline -0.001 -17"><span class='ocrx_word' id='word_1_370' title='bbox 2086 833 2326 902; x_wconf 91' lang='lat' dir='ltr'>decidit,</span> <span class='ocrx_word' id='word_1_371' title='bbox 2361 837 2862 905; x_wconf 88' lang='lat' dir='ltr'>comminutisque</span> <span class='ocrx_word' id='word_1_372' title='bbox 2920 851 2987 889; x_wconf 91' lang='lat' dir='ltr'>eo</span> <span class='ocrx_word' id='word_1_373' title='bbox 3021 850 3160 888; x_wconf 90' lang='lat' dir='ltr'>casu</span> <span class='ocrx_word' id='word_1_374' title='bbox 3216 833 3500 887; x_wconf 87' lang='lat' dir='ltr'>membris</span> <span class='ocrx_word' id='word_1_375' title='bbox 3545 833 3738 903; x_wconf 88' lang='lat' dir='ltr'>periit.</span> 
     </span>
    </p>
   </div>
   <div class='ocr_carea' id='block_1_52' title="bbox 2092 923 3744 996">
    <p class='ocr_par' dir='ltr' id='par_1_52' title="bbox 2092 923 3744 996">
     <span class='ocr_line' id='line_1_52' title="bbox 2092 923 3744 996; baseline -0.001 -18"><span class='ocrx_word' id='word_1_376' title='bbox 2092 923 2276 978; x_wconf 88' lang='lat' dir='ltr'>Locus</span> <span class='ocrx_word' id='word_1_377' title='bbox 2304 925 2405 994; x_wconf 90' lang='lat' dir='ltr'>qui</span> <span class='ocrx_word' id='word_1_378' title='bbox 2457 925 2758 996; x_wconf 88' lang='lat' dir='ltr'>impurum</span> <span class='ocrx_word' id='word_1_379' title='bbox 2819 924 2947 994; x_wconf 85' lang='lat' dir='ltr'>ejus</span> <span class='ocrx_word' id='word_1_380' title='bbox 3008 929 3064 977; x_wconf 91' lang='lat' dir='ltr'>et</span> <span class='ocrx_word' id='word_1_381' title='bbox 3121 923 3474 977; x_wconf 89' lang='lat' dir='ltr'>sceleratum</span> <span class='ocrx_word' id='word_1_382' title='bbox 3530 938 3744 992; x_wconf 91' lang='lat' dir='ltr'>corpus</span> 
     </span>
    </p>
   </div>
   <div class='ocr_carea' id='block_1_53' title="bbox 2086 1010 3741 1085">
    <p class='ocr_par' dir='ltr' id='par_1_53' title="bbox 2086 1010 3741 1085">
     <span class='ocr_line' id='line_1_53' title="bbox 2086 1010 3741 1085; baseline -0.001 -17"><span class='ocrx_word' id='word_1_383' title='bbox 2086 1014 2339 1084; x_wconf 80' lang='lat' dir='ltr'>excepit,</span> <span class='ocrx_word' id='word_1_384' title='bbox 2364 1015 2492 1085; x_wconf 89' lang='lat' dir='ltr'>jam</span> <span class='ocrx_word' id='word_1_385' title='bbox 2538 1013 2678 1067; x_wconf 88' lang='lat' dir='ltr'>inde</span> <span class='ocrx_word' id='word_1_386' title='bbox 2711 1013 3041 1069; x_wconf 88' lang='lat' dir='ltr'>Simonium</span> <span class='ocrx_word' id='word_1_387' title='bbox 3102 1011 3464 1066; x_wconf 82' lang='lat' dir='ltr'>nominatur.</span> <span class='ocrx_word' id='word_1_388' title='bbox 3519 1012 3597 1065; x_wconf 88' lang='lat' dir='ltr'>De</span> <span class='ocrx_word' id='word_1_389' title='bbox 3630 1010 3741 1066; x_wconf 85' lang='lat' dir='ltr'>hoc</span> 
     </span>
    </p>
   </div>
   <div class='ocr_carea' id='block_1_54' title="bbox 2085 1100 3741 1174">
    <p class='ocr_par' dir='ltr' id='par_1_54' title="bbox 2085 1100 3741 1174">
     <span class='ocr_line' id='line_1_54' title="bbox 2085 1100 3741 1174; baseline 0 -18"><span class='ocrx_word' id='word_1_390' title='bbox 2085 1118 2334 1174; x_wconf 87' lang='lat' dir='ltr'>magnus</span> <span class='ocrx_word' id='word_1_391' title='bbox 2367 1103 2468 1157; x_wconf 91' lang='lat' dir='ltr'>ille</span> <span class='ocrx_word' id='word_1_392' title='bbox 2512 1103 2817 1174; x_wconf 85' lang='lat' dir='ltr'>apostolus</span> <span class='ocrx_word' id='word_1_393' title='bbox 2853 1104 3060 1156; x_wconf 85' lang='lat' dir='ltr'>Petrus</span> <span class='ocrx_word' id='word_1_394' title='bbox 3091 1101 3151 1155; x_wconf 88' lang='lat' dir='ltr'>in</span> <span class='ocrx_word' id='word_1_395' title='bbox 3211 1100 3741 1156; x_wconf 84' lang='lat' dir='ltr'>Constitutionibus</span> 
     </span>
    </p>
   </div>
   <div class='ocr_carea' id='block_1_55' title="bbox 2084 1190 3744 1262">
    <p class='ocr_par' dir='ltr' id='par_1_55' title="bbox 2084 1190 3744 1262">
     <span class='ocr_line' id='line_1_55' title="bbox 2084 1190 3744 1262; baseline -0.001 -16"><span class='ocrx_word' id='word_1_396' title='bbox 2084 1191 2424 1262; x_wconf 76' lang='lat' dir='ltr'>apostolicis</span> <span class='ocrx_word' id='word_1_397' title='bbox 2452 1193 2534 1247; x_wconf 88' lang='lat' dir='ltr'>ita</span> <span class='ocrx_word' id='word_1_398' title='bbox 2554 1192 2794 1247; x_wconf 85' lang='lat' dir='ltr'>disserit</span> <span class='ocrx_word' id='word_1_399' title='bbox 2826 1208 2838 1244; x_wconf 92' lang='lat'><strong>:</strong></span> <span class='ocrx_word' id='word_1_400' title='bbox 2869 1191 3226 1261; x_wconf 88' lang='lat' dir='ltr'>principium</span> <span class='ocrx_word' id='word_1_401' title='bbox 3255 1205 3539 1243; x_wconf 89' lang='lat' dir='ltr'>novarum</span> <span class='ocrx_word' id='word_1_402' title='bbox 3563 1190 3744 1244; x_wconf 68' lang='lat' dir='ltr'>haare-</span> 
     </span>
    </p>
   </div>
   <div class='ocr_carea' id='block_1_56' title="bbox 2087 1278 3742 1353">
    <p class='ocr_par' dir='ltr' id='par_1_56' title="bbox 2087 1278 3742 1353">
     <span class='ocr_line' id='line_1_56' title="bbox 2087 1278 3742 1353; baseline -0.001 -19"><span class='ocrx_word' id='word_1_403' title='bbox 2087 1281 2239 1335; x_wconf 91' lang='lat' dir='ltr'>sium</span> <span class='ocrx_word' id='word_1_404' title='bbox 2272 1298 2306 1335; x_wconf 91' lang='lat' dir='ltr'>a</span> <span class='ocrx_word' id='word_1_405' title='bbox 2328 1281 2565 1336; x_wconf 90' lang='lat' dir='ltr'>Simone</span> <span class='ocrx_word' id='word_1_406' title='bbox 2596 1283 2756 1353; x_wconf 82' lang='lat' dir='ltr'>Mago</span> <span class='ocrx_word' id='word_1_407' title='bbox 2781 1281 3036 1335; x_wconf 89' lang='lat' dir='ltr'>ducitur.</span> <span class='ocrx_word' id='word_1_408' title='bbox 3072 1281 3124 1333; x_wconf 90' lang='lat' dir='ltr'>Is</span> <span class='ocrx_word' id='word_1_409' title='bbox 3157 1278 3296 1333; x_wconf 87' lang='lat' dir='ltr'>etin</span> <span class='ocrx_word' id='word_1_410' title='bbox 3341 1279 3508 1348; x_wconf 85' lang='lat' dir='ltr'>Syria</span> <span class='ocrx_word' id='word_1_411' title='bbox 3556 1279 3742 1333; x_wconf 88' lang='lat' dir='ltr'>multa</span> 
     </span>
    </p>
   </div>
   <div class='ocr_carea' id='block_1_57' title="bbox 2085 1367 3744 1441">
    <p class='ocr_par' dir='ltr' id='par_1_57' title="bbox 2085 1367 3744 1441">
     <span class='ocr_line' id='line_1_57' title="bbox 2085 1367 3744 1441; baseline 0 -18"><span class='ocrx_word' id='word_1_412' title='bbox 2085 1369 2421 1441; x_wconf 87' lang='lat' dir='ltr'>prodigiose</span> <span class='ocrx_word' id='word_1_413' title='bbox 2461 1371 2622 1438; x_wconf 82' lang='lat' dir='ltr'>fecit,</span> <span class='ocrx_word' id='word_1_414' title='bbox 2674 1377 2731 1426; x_wconf 90' lang='lat' dir='ltr'>et</span> <span class='ocrx_word' id='word_1_415' title='bbox 2759 1373 2959 1426; x_wconf 64' lang='lat' dir='ltr'>Romae</span> <span class='ocrx_word' id='word_1_416' title='bbox 3012 1369 3254 1441; x_wconf 81' lang='lat' dir='ltr'>magicis</span> <span class='ocrx_word' id='word_1_417' title='bbox 3315 1367 3744 1438; x_wconf 88' lang='lat' dir='ltr'>diabolicisque</span> 
     </span>
    </p>
   </div>
   <div class='ocr_carea' id='block_1_58' title="bbox 2084 1459 3741 1532">
    <p class='ocr_par' dir='ltr' id='par_1_58' title="bbox 2084 1459 3741 1532">
     <span class='ocr_line' id='line_1_58' title="bbox 2084 1459 3741 1532; baseline 0 -19"><span class='ocrx_word' id='word_1_418' title='bbox 2084 1459 2310 1514; x_wconf 90' lang='lat' dir='ltr'>artibus</span> <span class='ocrx_word' id='word_1_419' title='bbox 2331 1460 2721 1516; x_wconf 88' lang='lat' dir='ltr'>etcalliditate</span> <span class='ocrx_word' id='word_1_420' title='bbox 2751 1461 3074 1516; x_wconf 86' lang='lat' dir='ltr'>Ecclesiam</span> <span class='ocrx_word' id='word_1_421' title='bbox 3099 1460 3388 1532; x_wconf 87' lang='lat' dir='ltr'>majorem</span> <span class='ocrx_word' id='word_1_422' title='bbox 3419 1459 3480 1513; x_wconf 93' lang='lat' dir='ltr'>in</span> <span class='ocrx_word' id='word_1_423' title='bbox 3499 1459 3741 1514; x_wconf 89' lang='lat' dir='ltr'>modum</span> 
     </span>
    </p>
   </div>
   <div class='ocr_carea' id='block_1_59' title="bbox 2084 1547 3745 1620">
    <p class='ocr_par' dir='ltr' id='par_1_59' title="bbox 2084 1547 3745 1620">
     <span class='ocr_line' id='line_1_59' title="bbox 2084 1547 3745 1620; baseline 0 -19"><span class='ocrx_word' id='word_1_424' title='bbox 2084 1549 2333 1604; x_wconf 86' lang='lat' dir='ltr'>vexavit.</span> <span class='ocrx_word' id='word_1_425' title='bbox 2356 1550 2732 1606; x_wconf 71' lang='lat' dir='ltr'>AcCaasarem</span> <span class='ocrx_word' id='word_1_426' title='bbox 2764 1550 3028 1620; x_wconf 84' lang='lat' dir='ltr'>quidem,</span> <span class='ocrx_word' id='word_1_427' title='bbox 3082 1566 3213 1619; x_wconf 61' lang='lat' dir='ltr'>qua:</span> <span class='ocrx_word' id='word_1_428' title='bbox 3266 1549 3560 1602; x_wconf 86' lang='lat' dir='ltr'>Stratonis</span> <span class='ocrx_word' id='word_1_429' title='bbox 3604 1547 3745 1602; x_wconf 89' lang='lat' dir='ltr'>dici-</span> 
     </span>
    </p>
   </div>
   <div class='ocr_carea' id='block_1_60' title="bbox 2085 1637 3741 1712">
    <p class='ocr_par' dir='ltr' id='par_1_60' title="bbox 2085 1637 3741 1712">
     <span class='ocr_line' id='line_1_60' title="bbox 2085 1637 3741 1712; baseline -0.001 -20"><span class='ocrx_word' id='word_1_430' title='bbox 2085 1643 2205 1706; x_wconf 88' lang='lat' dir='ltr'>tur,</span> <span class='ocrx_word' id='word_1_431' title='bbox 2241 1639 2390 1694; x_wconf 89' lang='lat' dir='ltr'>mihi</span> <span class='ocrx_word' id='word_1_432' title='bbox 2442 1641 2614 1694; x_wconf 90' lang='lat' dir='ltr'>Petro</span> <span class='ocrx_word' id='word_1_433' title='bbox 2674 1656 3028 1712; x_wconf 87' lang='lat' dir='ltr'>congressus</span> <span class='ocrx_word' id='word_1_434' title='bbox 3059 1644 3306 1693; x_wconf 82' lang='lat' dir='ltr'>conatus</span> <span class='ocrx_word' id='word_1_435' title='bbox 3354 1643 3444 1692; x_wconf 90' lang='lat' dir='ltr'>est</span> <span class='ocrx_word' id='word_1_436' title='bbox 3501 1637 3741 1691; x_wconf 87' lang='lat' dir='ltr'>verbum</span> 
     </span>
    </p>
   </div>
   <div class='ocr_carea' id='block_1_61' title="bbox 2086 1723 3737 1796">
    <p class='ocr_par' dir='ltr' id='par_1_61' title="bbox 2086 1723 3737 1796">
     <span class='ocr_line' id='line_1_61' title="bbox 2086 1723 3737 1796; baseline -0.002 -16"><span class='ocrx_word' id='word_1_437' title='bbox 2086 1725 2190 1780; x_wconf 88' lang='lat' dir='ltr'>Dei</span> <span class='ocrx_word' id='word_1_438' title='bbox 2221 1731 2578 1796; x_wconf 86' lang='lat' dir='ltr'>pervertere,</span> <span class='ocrx_word' id='word_1_439' title='bbox 2628 1743 2764 1782; x_wconf 90' lang='lat' dir='ltr'>cum</span> <span class='ocrx_word' id='word_1_440' title='bbox 2819 1731 3019 1781; x_wconf 89' lang='lat' dir='ltr'>essent</span> <span class='ocrx_word' id='word_1_441' title='bbox 3068 1741 3303 1780; x_wconf 91' lang='lat' dir='ltr'>mecum</span> <span class='ocrx_word' id='word_1_442' title='bbox 3360 1725 3548 1778; x_wconf 86' lang='lat' dir='ltr'>sancti</span> <span class='ocrx_word' id='word_1_443' title='bbox 3609 1723 3737 1792; x_wconf 80' lang='lat' dir='ltr'>ﬁlii,</span> 
     </span>
    </p>
   </div>
   <div class='ocr_carea' id='block_1_62' title="bbox 2011 1813 3741 1903">
    <p class='ocr_par' dir='ltr' id='par_1_62' title="bbox 2011 1813 3741 1903">
     <span class='ocr_line' id='line_1_62' title="bbox 2011 1813 3741 1903; baseline -0.001 -35"><span class='ocrx_word' id='word_1_444' title='bbox 2011 1839 2058 1903; x_wconf 73' lang='grc' dir='ltr'>Β</span> <span class='ocrx_word' id='word_1_445' title='bbox 2087 1815 2385 1882; x_wconf 71' lang='grc' dir='ltr'>Ζειοὴωιιε,</span> <span class='ocrx_word' id='word_1_446' title='bbox 2418 1816 2517 1886; x_wconf 90' lang='lat' dir='ltr'>qui</span> <span class='ocrx_word' id='word_1_447' title='bbox 2549 1816 2690 1872; x_wconf 90' lang='lat' dir='ltr'>olim</span> <span class='ocrx_word' id='word_1_448' title='bbox 2713 1815 3070 1887; x_wconf 88' lang='lat' dir='ltr'>publicanus</span> <span class='ocrx_word' id='word_1_449' title='bbox 3095 1815 3306 1882; x_wconf 84' lang='lat' dir='ltr'>fuerat,</span> <span class='ocrx_word' id='word_1_450' title='bbox 3343 1813 3656 1880; x_wconf 87' lang='lat' dir='ltr'>Barnabas,</span> <span class='ocrx_word' id='word_1_451' title='bbox 3682 1817 3741 1867; x_wconf 91' lang='lat' dir='ltr'>ct</span> 
     </span>
    </p>
   </div>
   <div class='ocr_carea' id='block_1_63' title="bbox 2086 1902 3740 1974">
    <p class='ocr_par' dir='ltr' id='par_1_63' title="bbox 2086 1902 3740 1974">
     <span class='ocr_line' id='line_1_63' title="bbox 2086 1902 3740 1974; baseline -0.001 -16"><span class='ocrx_word' id='word_1_452' title='bbox 2086 1904 2298 1974; x_wconf 90' lang='lat' dir='ltr'>Aquila</span> <span class='ocrx_word' id='word_1_453' title='bbox 2327 1905 2648 1960; x_wconf 90' lang='lat' dir='ltr'>Clementis</span> <span class='ocrx_word' id='word_1_454' title='bbox 2678 1905 2926 1961; x_wconf 82' lang='lat' dir='ltr'>Romani</span> <span class='ocrx_word' id='word_1_455' title='bbox 2957 1904 3138 1959; x_wconf 75' lang='lat' dir='ltr'>frater</span> <span class='ocrx_word' id='word_1_456' title='bbox 3161 1921 3173 1970; x_wconf 93' lang='lat'>;</span> <span class='ocrx_word' id='word_1_457' title='bbox 3195 1903 3293 1973; x_wconf 92' lang='lat' dir='ltr'>qui</span> <span class='ocrx_word' id='word_1_458' title='bbox 3324 1902 3539 1972; x_wconf 84' lang='lat' dir='ltr'>Aquila</span> <span class='ocrx_word' id='word_1_459' title='bbox 3559 1902 3740 1956; x_wconf 90' lang='lat' dir='ltr'>etiam</span> 
     </span>
    </p>
   </div>
   <div class='ocr_carea' id='block_1_64' title="bbox 2078 1989 3744 2064">
    <p class='ocr_par' dir='ltr' id='par_1_64' title="bbox 2078 1989 3744 2064">
     <span class='ocr_line' id='line_1_64' title="bbox 2078 1989 3744 2064; baseline -0.001 -19"><span class='ocrx_word' id='word_1_460' title='bbox 2078 1989 2404 2062; x_wconf 87' lang='lat' dir='ltr'>discipulus</span> <span class='ocrx_word' id='word_1_461' title='bbox 2427 1993 2538 2048; x_wconf 87' lang='lat' dir='ltr'>fuit</span> <span class='ocrx_word' id='word_1_462' title='bbox 2559 1993 2748 2061; x_wconf 87' lang='lat' dir='ltr'>Pauli,</span> <span class='ocrx_word' id='word_1_463' title='bbox 2773 1995 2834 2049; x_wconf 88' lang='lat' dir='ltr'>in</span> <span class='ocrx_word' id='word_1_464' title='bbox 2864 1992 3192 2064; x_wconf 88' lang='lat' dir='ltr'>apostolico</span> <span class='ocrx_word' id='word_1_465' title='bbox 3216 2007 3461 2046; x_wconf 90' lang='lat' dir='ltr'>munere</span> <span class='ocrx_word' id='word_1_466' title='bbox 3482 1996 3540 2044; x_wconf 91' lang='lat' dir='ltr'>et</span> <span class='ocrx_word' id='word_1_467' title='bbox 3559 1992 3744 2044; x_wconf 84' lang='lat' dir='ltr'>Evan-</span> 
     </span>
    </p>
   </div>
   <div class='ocr_carea' id='block_1_65' title="bbox 2075 2079 3736 2154">
    <p class='ocr_par' dir='ltr' id='par_1_65' title="bbox 2075 2079 3736 2154">
     <span class='ocr_line' id='line_1_65' title="bbox 2075 2079 3736 2154; baseline -0.001 -19"><span class='ocrx_word' id='word_1_468' title='bbox 2075 2081 2229 2154; x_wconf 88' lang='lat' dir='ltr'>gelio</span> <span class='ocrx_word' id='word_1_469' title='bbox 2280 2081 2547 2138; x_wconf 89' lang='lat' dir='ltr'>docendo</span> <span class='ocrx_word' id='word_1_470' title='bbox 2602 2083 2824 2154; x_wconf 82' lang='lat' dir='ltr'>college</span> <span class='ocrx_word' id='word_1_471' title='bbox 2879 2082 3092 2138; x_wconf 90' lang='lat' dir='ltr'>nostri.</span> <span class='ocrx_word' id='word_1_472' title='bbox 3145 2081 3406 2136; x_wconf 90' lang='lat' dir='ltr'>Tertium</span> <span class='ocrx_word' id='word_1_473' title='bbox 3440 2095 3575 2135; x_wconf 89' lang='lat' dir='ltr'>cum</span> <span class='ocrx_word' id='word_1_474' title='bbox 3634 2079 3736 2134; x_wconf 92' lang='lat' dir='ltr'>illo</span> 
     </span>
    </p>
   </div>
   <div class='ocr_carea' id='block_1_66' title="bbox 2077 2173 3730 2246">
    <p class='ocr_par' dir='ltr' id='par_1_66' title="bbox 2077 2173 3730 2246">
     <span class='ocr_line' id='line_1_66' title="bbox 2077 2173 3730 2246; baseline 0 -18"><span class='ocrx_word' id='word_1_475' title='bbox 2077 2173 2368 2245; x_wconf 86' lang='lat' dir='ltr'>disputavi</span> <span class='ocrx_word' id='word_1_476' title='bbox 2413 2174 2485 2229; x_wconf 89' lang='lat' dir='ltr'>iis</span> <span class='ocrx_word' id='word_1_477' title='bbox 2525 2176 2917 2246; x_wconf 70' lang='lat' dir='ltr'>prmsentibus</span> <span class='ocrx_word' id='word_1_478' title='bbox 2975 2192 3043 2230; x_wconf 88' lang='lat' dir='ltr'>ex</span> <span class='ocrx_word' id='word_1_479' title='bbox 3110 2174 3348 2246; x_wconf 88' lang='lat' dir='ltr'>scriptis</span> <span class='ocrx_word' id='word_1_480' title='bbox 3397 2173 3730 2228; x_wconf 88' lang='lat' dir='ltr'>divinorum</span> 
     </span>
    </p>
   </div>
   <div class='ocr_carea' id='block_1_67' title="bbox 2075 2250 3734 2336">
    <p class='ocr_par' dir='ltr' id='par_1_67' title="bbox 2075 2250 3734 2336">
     <span class='ocr_line' id='line_1_67' title="bbox 2075 2250 3734 2336; baseline 0 -20"><span class='ocrx_word' id='word_1_481' title='bbox 2075 2268 2271 2317; x_wconf 89' lang='lat' dir='ltr'>vatum</span> <span class='ocrx_word' id='word_1_482' title='bbox 2303 2263 2376 2318; x_wconf 89' lang='lat' dir='ltr'>de</span> <span class='ocrx_word' id='word_1_483' title='bbox 2405 2264 2580 2318; x_wconf 91' lang='lat' dir='ltr'>unius</span> <span class='ocrx_word' id='word_1_484' title='bbox 2615 2266 2712 2319; x_wconf 91' lang='lat' dir='ltr'>Dei</span> <span class='ocrx_word' id='word_1_485' title='bbox 2737 2265 3022 2336; x_wconf 87' lang='lat' dir='ltr'>imperio;</span> <span class='ocrx_word' id='word_1_486' title='bbox 3079 2269 3137 2319; x_wconf 89' lang='lat' dir='ltr'>et</span> <span class='ocrx_word' id='word_1_487' title='bbox 3194 2279 3330 2318; x_wconf 91' lang='lat' dir='ltr'>eum</span> <span class='ocrx_word' id='word_1_488' title='bbox 3388 2262 3440 2316; x_wconf 88' lang='lat' dir='ltr'>vi</span> <span class='ocrx_word' id='word_1_489' title='bbox 3498 2250 3734 2317; x_wconf 89' lang='lat' dir='ltr'>Domini</span> 
     </span>
    </p>
   </div>
   <div class='ocr_carea' id='block_1_68' title="bbox 2076 2351 3734 2424">
    <p class='ocr_par' dir='ltr' id='par_1_68' title="bbox 2076 2351 3734 2424">
     <span class='ocr_line' id='line_1_68' title="bbox 2076 2351 3734 2424; baseline -0.001 -18"><span class='ocrx_word' id='word_1_490' title='bbox 2076 2353 2264 2406; x_wconf 89' lang='lat' dir='ltr'>nostri</span> <span class='ocrx_word' id='word_1_491' title='bbox 2290 2353 2426 2406; x_wconf 83' lang='lat' dir='ltr'>Jesu</span> <span class='ocrx_word' id='word_1_492' title='bbox 2458 2353 2673 2408; x_wconf 87' lang='lat' dir='ltr'>Christi</span> <span class='ocrx_word' id='word_1_493' title='bbox 2723 2359 3065 2424; x_wconf 88' lang='lat' dir='ltr'>superatum</span> <span class='ocrx_word' id='word_1_494' title='bbox 3124 2369 3235 2408; x_wconf 88' lang='lat' dir='ltr'>usu</span> <span class='ocrx_word' id='word_1_495' title='bbox 3285 2351 3440 2407; x_wconf 85' lang='lat' dir='ltr'>vocis</span> <span class='ocrx_word' id='word_1_496' title='bbox 3490 2351 3734 2422; x_wconf 87' lang='lat' dir='ltr'>privavi,</span> 
     </span>
    </p>
   </div>
   <div class='ocr_carea' id='block_1_69' title="bbox 2077 2440 3735 2513">
    <p class='ocr_par' dir='ltr' id='par_1_69' title="bbox 2077 2440 3735 2513">
     <span class='ocr_line' id='line_1_69' title="bbox 2077 2440 3735 2513; baseline -0.001 -19"><span class='ocrx_word' id='word_1_497' title='bbox 2077 2441 2256 2512; x_wconf 89' lang='lat' dir='ltr'>inque</span> <span class='ocrx_word' id='word_1_498' title='bbox 2287 2440 2512 2496; x_wconf 86' lang='lat' dir='ltr'>Italiam</span> <span class='ocrx_word' id='word_1_499' title='bbox 2546 2442 2874 2497; x_wconf 87' lang='lat' dir='ltr'>exsulatum</span> <span class='ocrx_word' id='word_1_500' title='bbox 2919 2442 3108 2513; x_wconf 87' lang='lat' dir='ltr'>abegi.</span> <span class='ocrx_word' id='word_1_501' title='bbox 3143 2444 3339 2496; x_wconf 66' lang='lat' dir='ltr'>Roma:</span> <span class='ocrx_word' id='word_1_502' title='bbox 3371 2446 3568 2494; x_wconf 89' lang='lat' dir='ltr'>autem</span> <span class='ocrx_word' id='word_1_503' title='bbox 3601 2455 3735 2494; x_wconf 92' lang='lat' dir='ltr'>cum</span> 
     </span>
    </p>
   </div>
   <div class='ocr_carea' id='block_1_70' title="bbox 2076 2527 3732 2599">
    <p class='ocr_par' dir='ltr' id='par_1_70' title="bbox 2076 2527 3732 2599">
     <span class='ocr_line' id='line_1_70' title="bbox 2076 2527 3732 2599; baseline -0.004 -13"><span class='ocrx_word' id='word_1_504' title='bbox 2076 2535 2252 2596; x_wconf 87' lang='lat' dir='ltr'>esset,</span> <span class='ocrx_word' id='word_1_505' title='bbox 2285 2530 2629 2596; x_wconf 85' lang='lat' dir='ltr'>Ecclesiam,</span> <span class='ocrx_word' id='word_1_506' title='bbox 2661 2537 2727 2584; x_wconf 88' lang='lat' dir='ltr'>ut</span> <span class='ocrx_word' id='word_1_507' title='bbox 2756 2530 2899 2596; x_wconf 84' lang='lat' dir='ltr'>dixi,</span> <span class='ocrx_word' id='word_1_508' title='bbox 2933 2531 3320 2584; x_wconf 84' lang='lat' dir='ltr'>vehementer</span> <span class='ocrx_word' id='word_1_509' title='bbox 3348 2527 3732 2599; x_wconf 87' lang='lat' dir='ltr'>perturbavit,</span> 
     </span>
    </p>
   </div>
   <div class='ocr_carea' id='block_1_71' title="bbox 2076 2619 3732 2690">
    <p class='ocr_par' dir='ltr' id='par_1_71' title="bbox 2076 2619 3732 2690">
     <span class='ocr_line' id='line_1_71' title="bbox 2076 2619 3732 2690; baseline -0.002 -16"><span class='ocrx_word' id='word_1_510' title='bbox 2076 2619 2264 2674; x_wconf 87' lang='lat' dir='ltr'>multa</span> <span class='ocrx_word' id='word_1_511' title='bbox 2321 2625 2661 2690; x_wconf 90' lang='lat' dir='ltr'>pervertens</span> <span class='ocrx_word' id='word_1_512' title='bbox 2735 2637 2803 2675; x_wconf 93' lang='lat' dir='ltr'>ac</span> <span class='ocrx_word' id='word_1_513' title='bbox 2861 2619 2974 2673; x_wconf 91' lang='lat' dir='ltr'>sibi</span> <span class='ocrx_word' id='word_1_514' title='bbox 3031 2635 3341 2689; x_wconf 82' lang='lat' dir='ltr'>arrogans,</span> <span class='ocrx_word' id='word_1_515' title='bbox 3409 2621 3732 2688; x_wconf 79' lang='lat' dir='ltr'>gentesque</span> 
     </span>
    </p>
   </div>
   <div class='ocr_carea' id='block_1_72' title="bbox 2076 2705 3721 2779">
    <p class='ocr_par' dir='ltr' id='par_1_72' title="bbox 2076 2705 3721 2779">
     <span class='ocr_line' id='line_1_72' title="bbox 2076 2705 3721 2779; baseline -0.001 -17"><span class='ocrx_word' id='word_1_516' title='bbox 2076 2707 2318 2779; x_wconf 90' lang='lat' dir='ltr'>magicis</span> <span class='ocrx_word' id='word_1_517' title='bbox 2374 2707 2598 2764; x_wconf 73' lang='lat' dir='ltr'>artibus</span> <span class='ocrx_word' id='word_1_518' title='bbox 2629 2724 2694 2763; x_wconf 94' lang='lat' dir='ltr'>ac</span> <span class='ocrx_word' id='word_1_519' title='bbox 2726 2708 3070 2762; x_wconf 75' lang='lat' dir='ltr'>dmmonum</span> <span class='ocrx_word' id='word_1_520' title='bbox 3093 2707 3440 2762; x_wconf 74' lang='lat' dir='ltr'>efficacitate</span> <span class='ocrx_word' id='word_1_521' title='bbox 3489 2705 3721 2760; x_wconf 86' lang='lat' dir='ltr'>fallens.</span> 
     </span>
    </p>
   </div>
   <div class='ocr_carea' id='block_1_73' title="bbox 2076 2795 3726 2866">
    <p class='ocr_par' dir='ltr' id='par_1_73' title="bbox 2076 2795 3726 2866">
     <span class='ocr_line' id='line_1_73' title="bbox 2076 2795 3726 2866; baseline -0.001 -16"><span class='ocrx_word' id='word_1_522' title='bbox 2076 2797 2228 2860; x_wconf 90' lang='lat' dir='ltr'>Quin</span> <span class='ocrx_word' id='word_1_523' title='bbox 2265 2799 2322 2850; x_wconf 92' lang='lat' dir='ltr'>et</span> <span class='ocrx_word' id='word_1_524' title='bbox 2349 2795 2670 2866; x_wconf 88' lang='lat' dir='ltr'>aliquando</span> <span class='ocrx_word' id='word_1_525' title='bbox 2701 2796 2899 2851; x_wconf 91' lang='lat' dir='ltr'>media</span> <span class='ocrx_word' id='word_1_526' title='bbox 2924 2796 3016 2852; x_wconf 91' lang='lat' dir='ltr'>die</span> <span class='ocrx_word' id='word_1_527' title='bbox 3047 2797 3109 2850; x_wconf 89' lang='lat' dir='ltr'>in</span> <span class='ocrx_word' id='word_1_528' title='bbox 3133 2797 3428 2850; x_wconf 89' lang='lat' dir='ltr'>theatrum</span> <span class='ocrx_word' id='word_1_529' title='bbox 3460 2810 3726 2866; x_wconf 77' lang='lat' dir='ltr'>progres-</span> 
     </span>
    </p>
   </div>
   <div class='ocr_carea' id='block_1_74' title="bbox 2078 2885 3728 2956">
    <p class='ocr_par' dir='ltr' id='par_1_74' title="bbox 2078 2885 3728 2956">
     <span class='ocr_line' id='line_1_74' title="bbox 2078 2885 3728 2956; baseline -0.002 -16"><span class='ocrx_word' id='word_1_530' title='bbox 2078 2901 2176 2940; x_wconf 88' lang='lat' dir='ltr'>sus</span> <span class='ocrx_word' id='word_1_531' title='bbox 2202 2885 2477 2955; x_wconf 90' lang='lat' dir='ltr'>promisit</span> <span class='ocrx_word' id='word_1_532' title='bbox 2523 2902 2584 2940; x_wconf 92' lang='lat' dir='ltr'>se</span> <span class='ocrx_word' id='word_1_533' title='bbox 2644 2902 2749 2956; x_wconf 89' lang='lat' dir='ltr'>per</span> <span class='ocrx_word' id='word_1_534' title='bbox 2795 2902 2994 2941; x_wconf 90' lang='lat' dir='ltr'>aerem</span> <span class='ocrx_word' id='word_1_535' title='bbox 3046 2901 3282 2940; x_wconf 87' lang='lat' dir='ltr'>sursum</span> <span class='ocrx_word' id='word_1_536' title='bbox 3342 2885 3728 2952; x_wconf 89' lang='lat' dir='ltr'>evolaturum,</span> 
     </span>
    </p>
   </div>
   <div class='ocr_carea' id='block_1_75' title="bbox 2077 2972 3733 3046">
    <p class='ocr_par' dir='ltr' id='par_1_75' title="bbox 2077 2972 3733 3046">
     <span class='ocr_line' id='line_1_75' title="bbox 2077 2972 3733 3046; baseline -0.001 -17"><span class='ocrx_word' id='word_1_537' title='bbox 2077 2972 2353 3029; x_wconf 89' lang='lat' dir='ltr'>omnibus</span> <span class='ocrx_word' id='word_1_538' title='bbox 2381 2973 2440 3028; x_wconf 92' lang='lat' dir='ltr'>id</span> <span class='ocrx_word' id='word_1_539' title='bbox 2471 2973 2849 3029; x_wconf 88' lang='lat' dir='ltr'>mirantibus.</span> <span class='ocrx_word' id='word_1_540' title='bbox 2910 2975 3026 3046; x_wconf 86' lang='lat' dir='ltr'>Ego</span> <span class='ocrx_word' id='word_1_541' title='bbox 3081 2975 3230 3029; x_wconf 72' lang='lat'>871</span> <span class='ocrx_word' id='word_1_542' title='bbox 3269 2978 3466 3028; x_wconf 90' lang='lat' dir='ltr'>autem</span> <span class='ocrx_word' id='word_1_543' title='bbox 3499 2989 3733 3028; x_wconf 89' lang='lat' dir='ltr'>mecum</span> 
     </span>
    </p>
   </div>
   <div class='ocr_carea' id='block_1_76' title="bbox 2077 3062 3733 3136">
    <p class='ocr_par' dir='ltr' id='par_1_76' title="bbox 2077 3062 3733 3136">
     <span class='ocr_line' id='line_1_76' title="bbox 2077 3062 3733 3136; baseline -0.001 -18"><span class='ocrx_word' id='word_1_544' title='bbox 2077 3064 2290 3119; x_wconf 84' lang='lat' dir='ltr'>tacitus</span> <span class='ocrx_word' id='word_1_545' title='bbox 2321 3065 2505 3119; x_wconf 91' lang='lat' dir='ltr'>Deum</span> <span class='ocrx_word' id='word_1_546' title='bbox 2535 3065 2837 3135; x_wconf 88' lang='lat' dir='ltr'>precabar.</span> <span class='ocrx_word' id='word_1_547' title='bbox 2864 3066 2932 3119; x_wconf 89' lang='lat' dir='ltr'>Et</span> <span class='ocrx_word' id='word_1_548' title='bbox 2953 3063 3194 3136; x_wconf 89' lang='lat' dir='ltr'>quidem</span> <span class='ocrx_word' id='word_1_549' title='bbox 3219 3063 3421 3118; x_wconf 90' lang='lat' dir='ltr'>Simon</span> <span class='ocrx_word' id='word_1_550' title='bbox 3453 3079 3486 3118; x_wconf 89' lang='lat' dir='ltr'>a</span> <span class='ocrx_word' id='word_1_551' title='bbox 3507 3062 3733 3117; x_wconf 68' lang='lat' dir='ltr'>dtemoﬁ</span> 
     </span>
    </p>
   </div>
   <div class='ocr_carea' id='block_1_77' title="bbox 2079 3151 3732 3218">
    <p class='ocr_par' dir='ltr' id='par_1_77' title="bbox 2079 3151 3732 3218">
     <span class='ocr_line' id='line_1_77' title="bbox 2079 3151 3732 3218; baseline -0.002 -10"><span class='ocrx_word' id='word_1_552' title='bbox 2079 3153 2255 3208; x_wconf 90' lang='lat' dir='ltr'>nibus</span> <span class='ocrx_word' id='word_1_553' title='bbox 2285 3153 2624 3210; x_wconf 88' lang='lat' dir='ltr'>sublevatus</span> <span class='ocrx_word' id='word_1_554' title='bbox 2655 3154 2716 3209; x_wconf 91' lang='lat' dir='ltr'>in</span> <span class='ocrx_word' id='word_1_555' title='bbox 2775 3171 2973 3209; x_wconf 89' lang='lat' dir='ltr'>aerem</span> <span class='ocrx_word' id='word_1_556' title='bbox 3023 3153 3296 3209; x_wconf 89' lang='lat' dir='ltr'>sublimis</span> <span class='ocrx_word' id='word_1_557' title='bbox 3355 3151 3732 3218; x_wconf 67' lang='lat' dir='ltr'>efferebatur,</span> 
     </span>
    </p>
   </div>
   <div class='ocr_carea' id='block_1_78' title="bbox 2079 3240 3738 3314">
    <p class='ocr_par' dir='ltr' id='par_1_78' title="bbox 2079 3240 3738 3314">
     <span class='ocr_line' id='line_1_78' title="bbox 2079 3240 3738 3314; baseline -0.002 -17"><span class='ocrx_word' id='word_1_558' title='bbox 2079 3243 2365 3314; x_wconf 87' lang='lat' dir='ltr'>proﬁtens</span> <span class='ocrx_word' id='word_1_559' title='bbox 2397 3244 2458 3299; x_wconf 93' lang='lat' dir='ltr'>in</span> <span class='ocrx_word' id='word_1_560' title='bbox 2506 3243 2720 3299; x_wconf 74' lang='lat' dir='ltr'>cmlum</span> <span class='ocrx_word' id='word_1_561' title='bbox 2776 3260 2838 3299; x_wconf 92' lang='lat' dir='ltr'>se</span> <span class='ocrx_word' id='word_1_562' title='bbox 2885 3242 3207 3298; x_wconf 89' lang='lat' dir='ltr'>ascendere</span> <span class='ocrx_word' id='word_1_563' title='bbox 3265 3242 3521 3312; x_wconf 89' lang='lat' dir='ltr'>indeque</span> <span class='ocrx_word' id='word_1_564' title='bbox 3581 3240 3738 3295; x_wconf 91' lang='lat' dir='ltr'>bona</span> 
     </span>
    </p>
   </div>
   <div class='ocr_carea' id='block_1_79' title="bbox 2079 3331 3739 3405">
    <p class='ocr_par' dir='ltr' id='par_1_79' title="bbox 2079 3331 3739 3405">
     <span class='ocr_line' id='line_1_79' title="bbox 2079 3331 3739 3405; baseline -0.002 -19"><span class='ocrx_word' id='word_1_565' title='bbox 2079 3332 2316 3404; x_wconf 89' lang='lat' dir='ltr'>populis</span> <span class='ocrx_word' id='word_1_566' title='bbox 2352 3333 2888 3405; x_wconf 87' lang='lat' dir='ltr'>suppeditaturum.</span> <span class='ocrx_word' id='word_1_567' title='bbox 2911 3338 3215 3388; x_wconf 70' lang='lat' dir='ltr'>Dmmones</span> <span class='ocrx_word' id='word_1_568' title='bbox 3234 3347 3369 3386; x_wconf 91' lang='lat' dir='ltr'>vero</span> <span class='ocrx_word' id='word_1_569' title='bbox 3385 3331 3436 3386; x_wconf 92' lang='lat' dir='ltr'>ei</span> <span class='ocrx_word' id='word_1_570' title='bbox 3453 3335 3739 3401; x_wconf 89' lang='lat' dir='ltr'>tanquam</span> 
     </span>
    </p>
   </div>
   <div class='ocr_carea' id='block_1_80' title="bbox 2080 3419 3734 3494">
    <p class='ocr_par' dir='ltr' id='par_1_80' title="bbox 2080 3419 3734 3494">
     <span class='ocr_line' id='line_1_80' title="bbox 2080 3419 3734 3494; baseline -0.002 -18"><span class='ocrx_word' id='word_1_571' title='bbox 2080 3422 2200 3476; x_wconf 90' lang='lat' dir='ltr'>Deo</span> <span class='ocrx_word' id='word_1_572' title='bbox 2220 3421 2432 3477; x_wconf 85' lang='lat' dir='ltr'>faustis</span> <span class='ocrx_word' id='word_1_573' title='bbox 2466 3423 2995 3479; x_wconf 85' lang='lat' dir='ltr'>acclamationibus</span> <span class='ocrx_word' id='word_1_574' title='bbox 3019 3419 3397 3494; x_wconf 89' lang='lat' dir='ltr'>plaudebant.</span> <span class='ocrx_word' id='word_1_575' title='bbox 3439 3421 3599 3474; x_wconf 89' lang='lat' dir='ltr'>Tunc</span> <span class='ocrx_word' id='word_1_576' title='bbox 3632 3434 3734 3490; x_wconf 86' lang='lat' dir='ltr'>ego</span> 
     </span>
    </p>
   </div>
   <div class='ocr_carea' id='block_1_81' title="bbox 2079 3510 3743 3584">
    <p class='ocr_par' dir='ltr' id='par_1_81' title="bbox 2079 3510 3743 3584">
     <span class='ocr_line' id='line_1_81' title="bbox 2079 3510 3743 3584; baseline -0.001 -19"><span class='ocrx_word' id='word_1_577' title='bbox 2079 3511 2357 3567; x_wconf 88' lang='lat' dir='ltr'>manibus</span> <span class='ocrx_word' id='word_1_578' title='bbox 2389 3529 2624 3568; x_wconf 89' lang='lat' dir='ltr'>sursum</span> <span class='ocrx_word' id='word_1_579' title='bbox 2655 3514 2903 3568; x_wconf 87' lang='lat' dir='ltr'>intentis</span> <span class='ocrx_word' id='word_1_580' title='bbox 2935 3511 3282 3584; x_wconf 88' lang='lat' dir='ltr'>suppliciter</span> <span class='ocrx_word' id='word_1_581' title='bbox 3308 3512 3474 3566; x_wconf 91' lang='lat' dir='ltr'>aDeo</span> <span class='ocrx_word' id='word_1_582' title='bbox 3505 3510 3647 3582; x_wconf 90' lang='lat' dir='ltr'>petii</span> <span class='ocrx_word' id='word_1_583' title='bbox 3680 3514 3743 3564; x_wconf 88' lang='lat' dir='ltr'>ut</span> 
     </span>
    </p>
   </div>
   <div class='ocr_carea' id='block_1_82' title="bbox 2077 3598 3738 3672">
    <p class='ocr_par' dir='ltr' id='par_1_82' title="bbox 2077 3598 3738 3672">
     <span class='ocr_line' id='line_1_82' title="bbox 2077 3598 3738 3672; baseline 0 -19"><span class='ocrx_word' id='word_1_584' title='bbox 2077 3598 2232 3654; x_wconf 86' lang='lat' dir='ltr'>hanc</span> <span class='ocrx_word' id='word_1_585' title='bbox 2289 3601 2601 3656; x_wconf 89' lang='lat' dir='ltr'>hominum</span> <span class='ocrx_word' id='word_1_586' title='bbox 2633 3608 2862 3672; x_wconf 90' lang='lat' dir='ltr'>pestem</span> <span class='ocrx_word' id='word_1_587' title='bbox 2893 3601 3260 3668; x_wconf 86' lang='lat' dir='ltr'>deturbaret,</span> <span class='ocrx_word' id='word_1_588' title='bbox 3313 3617 3382 3656; x_wconf 89' lang='lat' dir='ltr'>ac</span> <span class='ocrx_word' id='word_1_589' title='bbox 3413 3600 3738 3666; x_wconf 88' lang='lat' dir='ltr'>Simonem,</span> 
     </span>
    </p>
   </div>
   <div class='ocr_carea' id='block_1_83' title="bbox 2079 3688 3738 3761">
    <p class='ocr_par' dir='ltr' id='par_1_83' title="bbox 2079 3688 3738 3761">
     <span class='ocr_line' id='line_1_83' title="bbox 2079 3688 3738 3761; baseline 0.001 -19"><span class='ocrx_word' id='word_1_590' title='bbox 2079 3688 2143 3743; x_wconf 88' lang='lat' dir='ltr'>in</span> <span class='ocrx_word' id='word_1_591' title='bbox 2174 3703 2310 3743; x_wconf 88' lang='lat' dir='ltr'>eum</span> <span class='ocrx_word' id='word_1_592' title='bbox 2343 3689 2551 3745; x_wconf 78' lang='lat' dir='ltr'>deﬁxis</span> <span class='ocrx_word' id='word_1_593' title='bbox 2581 3691 2794 3755; x_wconf 89' lang='lat' dir='ltr'>oculis,</span> <span class='ocrx_word' id='word_1_594' title='bbox 2825 3691 2908 3746; x_wconf 88' lang='lat' dir='ltr'>ita</span> <span class='ocrx_word' id='word_1_595' title='bbox 2953 3707 3082 3745; x_wconf 90' lang='lat' dir='ltr'>sum</span> <span class='ocrx_word' id='word_1_596' title='bbox 3114 3689 3408 3745; x_wconf 90' lang='lat' dir='ltr'>allocutus</span> <span class='ocrx_word' id='word_1_597' title='bbox 3441 3706 3454 3744; x_wconf 89' lang='lat'><strong>:</strong></span> <span class='ocrx_word' id='word_1_598' title='bbox 3519 3689 3574 3743; x_wconf 91' lang='lat' dir='ltr'>Si</span> <span class='ocrx_word' id='word_1_599' title='bbox 3637 3706 3738 3761; x_wconf 80' lang='lat' dir='ltr'>ego</span> 
     </span>
    </p>
   </div>
   <div class='ocr_carea' id='block_1_84' title="bbox 2080 3777 3737 3848">
    <p class='ocr_par' dir='ltr' id='par_1_84' title="bbox 2080 3777 3737 3848">
     <span class='ocr_line' id='line_1_84' title="bbox 2080 3777 3737 3848; baseline -0.001 -16"><span class='ocrx_word' id='word_1_600' title='bbox 2080 3777 2385 3848; x_wconf 88' lang='lat' dir='ltr'>apostolus</span> <span class='ocrx_word' id='word_1_601' title='bbox 2445 3796 2574 3833; x_wconf 89' lang='lat' dir='ltr'>sum</span> <span class='ocrx_word' id='word_1_602' title='bbox 2631 3781 2768 3834; x_wconf 86' lang='lat' dir='ltr'>Jesu</span> <span class='ocrx_word' id='word_1_603' title='bbox 2854 3780 3091 3845; x_wconf 90' lang='lat' dir='ltr'>Christi,</span> <span class='ocrx_word' id='word_1_604' title='bbox 3146 3785 3204 3833; x_wconf 90' lang='lat' dir='ltr'>et</span> <span class='ocrx_word' id='word_1_605' title='bbox 3256 3796 3376 3833; x_wconf 91' lang='lat' dir='ltr'>non</span> <span class='ocrx_word' id='word_1_606' title='bbox 3431 3778 3737 3848; x_wconf 87' lang='lat' dir='ltr'>impostor,</span> 
     </span>
    </p>
   </div>
   <div class='ocr_carea' id='block_1_85' title="bbox 2081 3866 3740 3939">
    <p class='ocr_par' dir='ltr' id='par_1_85' title="bbox 2081 3866 3740 3939">
     <span class='ocr_line' id='line_1_85' title="bbox 2081 3866 3740 3939; baseline 0 -18"><span class='ocrx_word' id='word_1_607' title='bbox 2081 3867 2252 3921; x_wconf 80' lang='lat' dir='ltr'>sicuti</span> <span class='ocrx_word' id='word_1_608' title='bbox 2301 3873 2362 3922; x_wconf 92' lang='lat' dir='ltr'>tu</span> <span class='ocrx_word' id='word_1_609' title='bbox 2413 3884 2497 3928; x_wconf 90' lang='lat' dir='ltr'>es.</span> <span class='ocrx_word' id='word_1_610' title='bbox 2530 3886 2562 3923; x_wconf 94' lang='grc' dir='ltr'>ο</span> <span class='ocrx_word' id='word_1_611' title='bbox 2595 3869 2819 3932; x_wconf 88' lang='lat' dir='ltr'>Simon,</span> <span class='ocrx_word' id='word_1_612' title='bbox 2855 3869 3082 3939; x_wconf 89' lang='lat' dir='ltr'>impero</span> <span class='ocrx_word' id='word_1_613' title='bbox 3141 3867 3314 3922; x_wconf 90' lang='lat' dir='ltr'>malis</span> <span class='ocrx_word' id='word_1_614' title='bbox 3371 3866 3562 3939; x_wconf 89' lang='lat' dir='ltr'>geniis</span> <span class='ocrx_word' id='word_1_615' title='bbox 3590 3873 3655 3919; x_wconf 92' lang='lat' dir='ltr'>ut</span> <span class='ocrx_word' id='word_1_616' title='bbox 3684 3871 3740 3921; x_wconf 86' lang='lat' dir='ltr'>te</span> 
     </span>
    </p>
   </div>
   <div class='ocr_carea' id='block_1_86' title="bbox 2080 3954 3739 4024">
    <p class='ocr_par' dir='ltr' id='par_1_86' title="bbox 2080 3954 3739 4024">
     <span class='ocr_line' id='line_1_86' title="bbox 2080 3954 3739 4024; baseline -0.001 -15"><span class='ocrx_word' id='word_1_617' title='bbox 2080 3955 2330 4010; x_wconf 89' lang='lat' dir='ltr'>missum</span> <span class='ocrx_word' id='word_1_618' title='bbox 2365 3955 2603 4013; x_wconf 84' lang='lat' dir='ltr'>faciant.</span> <span class='ocrx_word' id='word_1_619' title='bbox 2631 3959 2764 4012; x_wconf 70' lang='lat' dir='ltr'>Haac</span> <span class='ocrx_word' id='word_1_620' title='bbox 2797 3973 2891 4011; x_wconf 89' lang='lat' dir='ltr'>me</span> <span class='ocrx_word' id='word_1_621' title='bbox 2923 3957 3179 4022; x_wconf 88' lang='lat' dir='ltr'>dicente,</span> <span class='ocrx_word' id='word_1_622' title='bbox 3213 3971 3426 4024; x_wconf 81' lang='lat' dir='ltr'>magno</span> <span class='ocrx_word' id='word_1_623' title='bbox 3472 3954 3571 4008; x_wconf 91' lang='lat' dir='ltr'>ille</span> <span class='ocrx_word' id='word_1_624' title='bbox 3603 3969 3739 4008; x_wconf 90' lang='lat' dir='ltr'>cum</span> 
     </span>
    </p>
   </div>
   <div class='ocr_carea' id='block_1_87' title="bbox 2081 4043 3740 4116">
    <p class='ocr_par' dir='ltr' id='par_1_87' title="bbox 2081 4043 3740 4116">
     <span class='ocr_line' id='line_1_87' title="bbox 2081 4043 3740 4116; baseline -0.001 -17"><span class='ocrx_word' id='word_1_625' title='bbox 2081 4046 2277 4100; x_wconf 88' lang='lat' dir='ltr'>sonitu</span> <span class='ocrx_word' id='word_1_626' title='bbox 2311 4046 2531 4101; x_wconf 87' lang='lat' dir='ltr'>decidit</span> <span class='ocrx_word' id='word_1_627' title='bbox 2555 4046 2989 4116; x_wconf 89' lang='lat' dir='ltr'>confractisque</span> <span class='ocrx_word' id='word_1_628' title='bbox 3008 4044 3293 4099; x_wconf 90' lang='lat' dir='ltr'>membris</span> <span class='ocrx_word' id='word_1_629' title='bbox 3315 4043 3560 4098; x_wconf 90' lang='lat' dir='ltr'>interiit.</span> <span class='ocrx_word' id='word_1_630' title='bbox 3595 4044 3740 4098; x_wconf 89' lang='lat' dir='ltr'>Tum</span> 
     </span>
    </p>
   </div>
   <div class='ocr_carea' id='block_1_88' title="bbox 2082 4134 3739 4208">
    <p class='ocr_par' dir='ltr' id='par_1_88' title="bbox 2082 4134 3739 4208">
     <span class='ocr_line' id='line_1_88' title="bbox 2082 4134 3739 4208; baseline 0 -20"><span class='ocrx_word' id='word_1_631' title='bbox 2082 4135 2303 4208; x_wconf 90' lang='lat' dir='ltr'>populo</span> <span class='ocrx_word' id='word_1_632' title='bbox 2342 4136 2709 4192; x_wconf 88' lang='lat' dir='ltr'>acclamante</span> <span class='ocrx_word' id='word_1_633' title='bbox 2761 4153 2944 4192; x_wconf 90' lang='lat' dir='ltr'>unum</span> <span class='ocrx_word' id='word_1_634' title='bbox 2988 4151 3116 4190; x_wconf 90' lang='lat' dir='ltr'>esse</span> <span class='ocrx_word' id='word_1_635' title='bbox 3151 4137 3336 4189; x_wconf 88' lang='lat' dir='ltr'>Deum</span> <span class='ocrx_word' id='word_1_636' title='bbox 3368 4134 3468 4205; x_wconf 90' lang='lat' dir='ltr'>qui</span> <span class='ocrx_word' id='word_1_637' title='bbox 3501 4150 3534 4188; x_wconf 91' lang='lat' dir='ltr'>a</span> <span class='ocrx_word' id='word_1_638' title='bbox 3567 4135 3739 4188; x_wconf 89' lang='lat' dir='ltr'>Petro</span> 
     </span>
    </p>
   </div>
   <div class='ocr_carea' id='block_1_89' title="bbox 2083 4223 3742 4296">
    <p class='ocr_par' dir='ltr' id='par_1_89' title="bbox 2083 4223 3742 4296">
     <span class='ocr_line' id='line_1_89' title="bbox 2083 4223 3742 4296; baseline -0.001 -19"><span class='ocrx_word' id='word_1_639' title='bbox 2083 4223 2462 4294; x_wconf 66' lang='lat' dir='ltr'>praedicetur,</span> <span class='ocrx_word' id='word_1_640' title='bbox 2515 4226 2597 4280; x_wconf 91' lang='lat' dir='ltr'>ita</span> <span class='ocrx_word' id='word_1_641' title='bbox 2627 4243 2695 4280; x_wconf 94' lang='lat' dir='ltr'>eo</span> <span class='ocrx_word' id='word_1_642' title='bbox 2729 4231 2996 4296; x_wconf 90' lang='lat' dir='ltr'>tempore</span> <span class='ocrx_word' id='word_1_643' title='bbox 3041 4224 3235 4296; x_wconf 89' lang='lat' dir='ltr'>prima</span> <span class='ocrx_word' id='word_1_644' title='bbox 3265 4223 3742 4278; x_wconf 90' lang='lat' dir='ltr'>Simonianorum</span> 
     </span>
    </p>
   </div>
   <div class='ocr_carea' id='block_1_90' title="bbox 317 4307 3738 4382">
    <p class='ocr_par' dir='ltr' id='par_1_90' title="bbox 317 4307 3738 4382">
     <span class='ocr_line' id='line_1_90' title="bbox 317 4307 3738 4382; baseline 0.001 -20"><span class='ocrx_word' id='word_1_645' title='bbox 317 4307 564 4362; x_wconf 66' lang='lat' dir='ltr'>heresis</span> <span class='ocrx_word' id='word_1_646' title='bbox 598 4309 796 4362; x_wconf 70' lang='lat' dir='ltr'>Romaa</span> <span class='ocrx_word' id='word_1_647' title='bbox 827 4323 1030 4362; x_wconf 88' lang='lat' dir='ltr'>eversa</span> <span class='ocrx_word' id='word_1_648' title='bbox 1058 4324 1126 4362; x_wconf 89' lang='lat' dir='ltr'>ac</span> <span class='ocrx_word' id='word_1_649' title='bbox 1156 4324 1399 4380; x_wconf 89' lang='lat' dir='ltr'>prorsus</span> <span class='ocrx_word' id='word_1_650' title='bbox 1429 4309 1720 4363; x_wconf 89' lang='lat' dir='ltr'>exstincta</span> <span class='ocrx_word' id='word_1_651' title='bbox 1768 4314 1874 4365; x_wconf 89' lang='lat' dir='ltr'>est.</span> <span class='ocrx_word' id='word_1_652' title='bbox 1910 4311 2112 4382; x_wconf 85' lang='lat' dir='ltr'>Itaque</span> <span class='ocrx_word' id='word_1_653' title='bbox 2143 4313 2323 4370; x_wconf 88' lang='lat' dir='ltr'>etiam</span> <span class='ocrx_word' id='word_1_654' title='bbox 2369 4314 2522 4370; x_wconf 90' lang='lat' dir='ltr'>illius</span> <span class='ocrx_word' id='word_1_655' title='bbox 2581 4314 2809 4370; x_wconf 85' lang='lat' dir='ltr'>sabbati</span> <span class='ocrx_word' id='word_1_656' title='bbox 2867 4313 3024 4368; x_wconf 88' lang='lat' dir='ltr'>diem</span> <span class='ocrx_word' id='word_1_657' title='bbox 3093 4312 3340 4371; x_wconf 79' lang='lat' dir='ltr'>Romani</span> <span class='ocrx_word' id='word_1_658' title='bbox 3399 4311 3738 4368; x_wconf 87' lang='lat' dir='ltr'>solemnem</span> 
     </span>
    </p>
   </div>
   <div class='ocr_carea' id='block_1_91' title="bbox 320 4403 519 4470">
    <p class='ocr_par' dir='ltr' id='par_1_91' title="bbox 320 4403 519 4470">
     <span class='ocr_line' id='line_1_91' title="bbox 320 4403 519 4470; baseline -0.015 -17"><span class='ocrx_word' id='word_1_659' title='bbox 320 4413 470 4470; x_wconf 84' lang='lat' dir='ltr'>agun</span> <span class='ocrx_word' id='word_1_660' title='bbox 481 4403 519 4451; x_wconf 91' lang='lat' dir='ltr'>t.</span> 
     </span>
    </p>
   </div>
   <div class='ocr_carea' id='block_1_92' title="bbox 386 4483 1971 4565">
    <p class='ocr_par' dir='ltr' id='par_1_92' title="bbox 386 4483 1970 4565">
     <span class='ocr_line' id='line_1_92' title="bbox 386 4483 1970 4565; baseline 0 -25"><span class='ocrx_word' id='word_1_661' title='bbox 386 4485 717 4558; x_wconf 82' lang='grc' dir='ltr'>[Ρ.212]Ὀ</span> <span class='ocrx_word' id='word_1_662' title='bbox 767 4483 946 4554; x_wconf 86' lang='grc' dir='ltr'>μέντοι</span> <span class='ocrx_word' id='word_1_663' title='bbox 1007 4484 1209 4559; x_wconf 78' lang='grc' dir='ltr'>Νέρων,</span> <span class='ocrx_word' id='word_1_664' title='bbox 1271 4484 1503 4546; x_wconf 82' lang='grc' dir='ltr'>ἀκούσας</span> <span class='ocrx_word' id='word_1_665' title='bbox 1561 4487 1642 4540; x_wconf 82' lang='grc' dir='ltr'>ὅτι</span> <span class='ocrx_word' id='word_1_666' title='bbox 1703 4487 1970 4565; x_wconf 76' lang='grc' dir='ltr'>πεφόνευ-</span> 
     </span>
    </p>
   </div>
   <div class='ocr_carea' id='block_1_93' title="bbox 2079 4483 3736 4565">
    <p class='ocr_par' dir='ltr' id='par_1_93' title="bbox 2151 4492 3736 4549">
     <span class='ocr_line' id='line_1_93' title="bbox 2151 4492 3736 4549; baseline -0.001 -1"><span class='ocrx_word' id='word_1_667' title='bbox 2151 4495 2299 4548; x_wconf 87' lang='lat' dir='ltr'>Nero</span> <span class='ocrx_word' id='word_1_668' title='bbox 2331 4499 2529 4549; x_wconf 90' lang='lat' dir='ltr'>autem</span> <span class='ocrx_word' id='word_1_669' title='bbox 2562 4494 2862 4548; x_wconf 90' lang='lat' dir='ltr'>Simonem</span> <span class='ocrx_word' id='word_1_670' title='bbox 2894 4510 2927 4548; x_wconf 91' lang='lat' dir='ltr'>a</span> <span class='ocrx_word' id='word_1_671' title='bbox 2977 4495 3147 4548; x_wconf 89' lang='lat' dir='ltr'>Petro</span> <span class='ocrx_word' id='word_1_672' title='bbox 3197 4492 3574 4546; x_wconf 69' lang='lat' dir='ltr'>interfectum</span> <span class='ocrx_word' id='word_1_673' title='bbox 3607 4507 3736 4546; x_wconf 91' lang='lat' dir='ltr'>esse</span> 
     </span>
    </p>
   </div>
   <div class='ocr_carea' id='block_1_94' title="bbox 315 4571 1968 4649">
    <p class='ocr_par' dir='ltr' id='par_1_94' title="bbox 315 4571 1968 4649">
     <span class='ocr_line' id='line_1_94' title="bbox 315 4571 1968 4649; baseline 0.002 -22"><span class='ocrx_word' id='word_1_674' title='bbox 315 4593 398 4627; x_wconf 90' lang='grc' dir='ltr'>ται</span> <span class='ocrx_word' id='word_1_675' title='bbox 433 4571 620 4643; x_wconf 90' lang='grc' dir='ltr'>Σίμων</span> <span class='ocrx_word' id='word_1_676' title='bbox 682 4572 784 4626; x_wconf 87' lang='grc' dir='ltr'>ὑπὸ</span> <span class='ocrx_word' id='word_1_677' title='bbox 840 4576 938 4626; x_wconf 80' lang='grc' dir='ltr'>τοῦ</span> <span class='ocrx_word' id='word_1_678' title='bbox 990 4572 1219 4646; x_wconf 87' lang='grc' dir='ltr'>Πέτρου,</span> <span class='ocrx_word' id='word_1_679' title='bbox 1266 4572 1354 4628; x_wconf 84' lang='grc' dir='ltr'>καὶ</span> <span class='ocrx_word' id='word_1_680' title='bbox 1407 4573 1804 4649; x_wconf 75' lang='grc' dir='ltr'>ἀγανακτήσας,</span> <span class='ocrx_word' id='word_1_681' title='bbox 1855 4574 1968 4630; x_wconf 75' lang='grc' dir='ltr'>ἐκέ-</span> 
     </span>
    </p>
   </div>
   <div class='ocr_carea' id='block_1_95' title="bbox 317 4661 1969 4739">
    <p class='ocr_par' dir='ltr' id='par_1_95' title="bbox 317 4661 1969 4739">
     <span class='ocr_line' id='line_1_95' title="bbox 317 4661 1969 4739; baseline 0.002 -21"><span class='ocrx_word' id='word_1_682' title='bbox 317 4662 503 4718; x_wconf 86' lang='grc' dir='ltr'>λευσεν</span> <span class='ocrx_word' id='word_1_683' title='bbox 553 4662 713 4716; x_wconf 78' lang='grc' dir='ltr'>αὐτὸν</span> <span class='ocrx_word' id='word_1_684' title='bbox 774 4665 1177 4738; x_wconf 85' lang='grc' dir='ltr'>σταυρωθῆναι.</span> <span class='ocrx_word' id='word_1_685' title='bbox 1245 4666 1306 4721; x_wconf 80' lang='grc' dir='ltr'>Ὀ</span> <span class='ocrx_word' id='word_1_686' title='bbox 1348 4661 1405 4718; x_wconf 66' lang='grc' dir='ltr'>δέ</span> <span class='ocrx_word' id='word_1_687' title='bbox 1462 4663 1665 4738; x_wconf 81' lang='grc' dir='ltr'>Πέτρος</span> <span class='ocrx_word' id='word_1_688' title='bbox 1721 4686 1969 4739; x_wconf 83' lang='grc' dir='ltr'>παρακα-</span> 
     </span>
    </p>
   </div>
   <div class='ocr_carea' id='block_1_96' title="bbox 320 4746 1968 4828">
    <p class='ocr_par' dir='ltr' id='par_1_96' title="bbox 320 4746 1968 4828">
     <span class='ocr_line' id='line_1_96' title="bbox 320 4746 1968 4828; baseline 0.002 -20"><span class='ocrx_word' id='word_1_689' title='bbox 320 4752 479 4813; x_wconf 76' lang='grc' dir='ltr'>λέσας</span> <span class='ocrx_word' id='word_1_690' title='bbox 518 4753 610 4806; x_wconf 91' lang='grc' dir='ltr'>τὸν</span> <span class='ocrx_word' id='word_1_691' title='bbox 665 4746 910 4827; x_wconf 79' lang='grc' dir='ltr'>ἔπαρχον</span> <span class='ocrx_word' id='word_1_692' title='bbox 967 4753 1058 4807; x_wconf 79' lang='grc' dir='ltr'>ἳνα</span> <span class='ocrx_word' id='word_1_693' title='bbox 1118 4753 1195 4825; x_wconf 75' lang='grc' dir='ltr'>μὴ</span> <span class='ocrx_word' id='word_1_694' title='bbox 1255 4757 1544 4828; x_wconf 78' lang='grc' dir='ltr'>σταυρωθῇ</span> <span class='ocrx_word' id='word_1_695' title='bbox 1605 4751 1783 4828; x_wconf 80' lang='grc' dir='ltr'>ὄρθιος</span> <span class='ocrx_word' id='word_1_696' title='bbox 1835 4757 1968 4816; x_wconf 84' lang='grc' dir='ltr'>ὠςὸ</span> 
     </span>
    </p>
   </div>
   <div class='ocr_carea' id='block_1_97' title="bbox 319 4839 1968 4918">
    <p class='ocr_par' dir='ltr' id='par_1_97' title="bbox 319 4839 1968 4918">
     <span class='ocr_line' id='line_1_97' title="bbox 319 4839 1968 4918; baseline 0.001 -22"><span class='ocrx_word' id='word_1_697' title='bbox 319 4845 543 4917; x_wconf 82' lang='grc' dir='ltr'>Κύριος,</span> <span class='ocrx_word' id='word_1_698' title='bbox 573 4841 709 4896; x_wconf 81' lang='grc' dir='ltr'>κατὰ</span> <span class='ocrx_word' id='word_1_699' title='bbox 757 4839 1002 4915; x_wconf 71' lang='grc' dir='ltr'>κεφαλῆς</span> <span class='ocrx_word' id='word_1_700' title='bbox 1061 4840 1393 4916; x_wconf 77' lang='grc' dir='ltr'>ἐσταυρώθη.</span> <span class='ocrx_word' id='word_1_701' title='bbox 1456 4843 1602 4897; x_wconf 79' lang='grc' dir='ltr'>Μετὰ</span> <span class='ocrx_word' id='word_1_702' title='bbox 1656 4840 1712 4896; x_wconf 85' lang='grc' dir='ltr'>δέ</span> <span class='ocrx_word' id='word_1_703' title='bbox 1763 4864 1822 4918; x_wconf 89' lang='grc' dir='ltr'>γε</span> <span class='ocrx_word' id='word_1_704' title='bbox 1871 4846 1968 4913; x_wconf 78' lang='grc' dir='ltr'>τήν</span> 
     </span>
    </p>
   </div>
   <div class='ocr_carea' id='block_1_98' title="bbox 321 4928 1970 5007">
    <p class='ocr_par' dir='ltr' id='par_1_98' title="bbox 321 4928 1970 5007">
     <span class='ocr_line' id='line_1_98' title="bbox 321 4928 1970 5007; baseline 0.001 -21"><span class='ocrx_word' id='word_1_705' title='bbox 321 4935 526 5007; x_wconf 84' lang='grc' dir='ltr'>Πέτρου</span> <span class='ocrx_word' id='word_1_706' title='bbox 586 4931 874 5001; x_wconf 77' lang='grc' dir='ltr'>τελευτὴν,</span> <span class='ocrx_word' id='word_1_707' title='bbox 963 4930 1038 4992; x_wconf 79' lang='grc' dir='ltr'>ὥς</span> <span class='ocrx_word' id='word_1_708' title='bbox 1118 4951 1280 5006; x_wconf 77' lang='grc' dir='ltr'>φησιν</span> <span class='ocrx_word' id='word_1_709' title='bbox 1331 4928 1616 5000; x_wconf 75' lang='grc' dir='ltr'>Εὐσέϐιος,</span> <span class='ocrx_word' id='word_1_710' title='bbox 1676 4931 1892 4994; x_wconf 87' lang='grc' dir='ltr'>Παῦλος</span> <span class='ocrx_word' id='word_1_711' title='bbox 1942 4935 1970 4988; x_wconf 93' lang='lat'>6</span> 
     </span>
    </p>
   </div>
   <div class='ocr_carea' id='block_1_99' title="bbox 315 5018 1968 5095">
    <p class='ocr_par' dir='ltr' id='par_1_99' title="bbox 315 5018 1968 5095">
     <span class='ocr_line' id='line_1_99' title="bbox 315 5018 1968 5095; baseline 0.001 -19"><span class='ocrx_word' id='word_1_712' title='bbox 315 5020 621 5081; x_wconf 81' lang='grc' dir='ltr'>ἀπόστολος</span> <span class='ocrx_word' id='word_1_713' title='bbox 651 5020 786 5074; x_wconf 85' lang='grc' dir='ltr'>κατὰ</span> <span class='ocrx_word' id='word_1_714' title='bbox 842 5020 936 5092; x_wconf 64' lang='grc' dir='ltr'>μέν</span> <span class='ocrx_word' id='word_1_715' title='bbox 984 5020 1085 5088; x_wconf 80' lang='grc' dir='ltr'>τήν</span> <span class='ocrx_word' id='word_1_716' title='bbox 1140 5019 1364 5094; x_wconf 89' lang='grc' dir='ltr'>πρώτην</span> <span class='ocrx_word' id='word_1_717' title='bbox 1432 5018 1732 5095; x_wconf 84' lang='grc' dir='ltr'>ἀπολογίαν</span> <span class='ocrx_word' id='word_1_718' title='bbox 1794 5020 1968 5086; x_wconf 72' lang='grc' dir='ltr'>ἐλθὼν</span> 
     </span>
    </p>
   </div>
   <div class='ocr_carea' id='block_1_100' title="bbox 314 5105 1969 5186">
    <p class='ocr_par' dir='ltr' id='par_1_100' title="bbox 314 5105 1969 5186">
     <span class='ocr_line' id='line_1_100' title="bbox 314 5105 1969 5186; baseline 0.002 -22"><span class='ocrx_word' id='word_1_719' title='bbox 314 5111 419 5164; x_wconf 80' lang='grc' dir='ltr'>ἀπὸ</span> <span class='ocrx_word' id='word_1_720' title='bbox 447 5116 548 5178; x_wconf 78' lang='grc' dir='ltr'>τῆς</span> <span class='ocrx_word' id='word_1_721' title='bbox 610 5105 875 5169; x_wconf 83' lang='grc' dir='ltr'>Ἰουδαίας</span> <span class='ocrx_word' id='word_1_722' title='bbox 931 5105 1152 5182; x_wconf 86' lang='grc' dir='ltr'>δέσμιος</span> <span class='ocrx_word' id='word_1_723' title='bbox 1210 5107 1702 5184; x_wconf 81' lang='grc' dir='ltr'>ἀπολογησάμενος</span> <span class='ocrx_word' id='word_1_724' title='bbox 1757 5112 1969 5186; x_wconf 78' lang='grc' dir='ltr'>Νέρωνι</span> 
     </span>
    </p>
   </div>
   <div class='ocr_carea' id='block_1_101' title="bbox 316 5193 1968 5273">
    <p class='ocr_par' dir='ltr' id='par_1_101' title="bbox 316 5193 1968 5273">
     <span class='ocr_line' id='line_1_101' title="bbox 316 5193 1968 5273; baseline 0.002 -22"><span class='ocrx_word' id='word_1_725' title='bbox 316 5196 400 5252; x_wconf 78' lang='grc' dir='ltr'>ἐπὶ</span> <span class='ocrx_word' id='word_1_726' title='bbox 461 5200 560 5266; x_wconf 71' lang='grc' dir='ltr'>τὴν</span> <span class='ocrx_word' id='word_1_727' title='bbox 621 5193 897 5251; x_wconf 83' lang='grc' dir='ltr'>διακονίαν</span> <span class='ocrx_word' id='word_1_728' title='bbox 960 5201 1056 5250; x_wconf 91' lang='grc' dir='ltr'>τοῦ</span> <span class='ocrx_word' id='word_1_729' title='bbox 1139 5199 1488 5273; x_wconf 83' lang='grc' dir='ltr'>κηρύγματος</span> <span class='ocrx_word' id='word_1_730' title='bbox 1546 5195 1770 5266; x_wconf 76' lang='grc' dir='ltr'>ἐστάλη.</span> <span class='ocrx_word' id='word_1_731' title='bbox 1831 5199 1968 5256; x_wconf 86' lang='grc' dir='ltr'>Κάν-</span> 
     </span>
    </p>
   </div>
   <div class='ocr_carea' id='block_1_102' title="bbox 313 5281 1969 5362">
    <p class='ocr_par' dir='ltr' id='par_1_102' title="bbox 313 5281 1969 5362">
     <span class='ocr_line' id='line_1_102' title="bbox 313 5281 1969 5362; baseline 0.002 -22"><span class='ocrx_word' id='word_1_732' title='bbox 313 5287 515 5354; x_wconf 84' lang='grc' dir='ltr'>τεῦθεν,</span> <span class='ocrx_word' id='word_1_733' title='bbox 574 5287 647 5347; x_wconf 87' lang='grc' dir='ltr'>ὡς</span> <span class='ocrx_word' id='word_1_734' title='bbox 708 5281 871 5351; x_wconf 79' lang='grc' dir='ltr'>ἔοικε,</span> <span class='ocrx_word' id='word_1_735' title='bbox 920 5286 1019 5347; x_wconf 80' lang='grc' dir='ltr'>τὰς</span> <span class='ocrx_word' id='word_1_736' title='bbox 1063 5289 1170 5339; x_wconf 91' lang='grc' dir='ltr'>τῶν</span> <span class='ocrx_word' id='word_1_737' title='bbox 1228 5285 1550 5341; x_wconf 84' lang='grc' dir='ltr'>ἀποστόλων</span> <span class='ocrx_word' id='word_1_738' title='bbox 1604 5288 1826 5362; x_wconf 83' lang='grc' dir='ltr'>Πράξεις</span> <span class='ocrx_word' id='word_1_739' title='bbox 1885 5289 1969 5344; x_wconf 80' lang='grc' dir='ltr'>ἐπ’</span> 
     </span>
    </p>
   </div>
   <div class='ocr_carea' id='block_1_103' title="bbox 317 5373 1967 5454">
    <p class='ocr_par' dir='ltr' id='par_1_103' title="bbox 317 5373 1967 5454">
     <span class='ocr_line' id='line_1_103' title="bbox 317 5373 1967 5454; baseline 0.001 -23"><span class='ocrx_word' id='word_1_740' title='bbox 317 5376 512 5431; x_wconf 78' lang='grc' dir='ltr'>ἐκεῖνον</span> <span class='ocrx_word' id='word_1_741' title='bbox 543 5377 635 5430; x_wconf 85' lang='grc' dir='ltr'>τὸν</span> <span class='ocrx_word' id='word_1_742' title='bbox 665 5375 864 5454; x_wconf 87' lang='grc' dir='ltr'>χρόνον</span> <span class='ocrx_word' id='word_1_743' title='bbox 895 5381 1104 5436; x_wconf 75' lang='grc' dir='ltr'>Λουκᾶς</span> <span class='ocrx_word' id='word_1_744' title='bbox 1154 5373 1376 5451; x_wconf 81' lang='grc' dir='ltr'>ἔγραψε,</span> <span class='ocrx_word' id='word_1_745' title='bbox 1412 5377 1608 5454; x_wconf 80' lang='grc' dir='ltr'>μέχρις</span> <span class='ocrx_word' id='word_1_746' title='bbox 1668 5376 1756 5432; x_wconf 82' lang='grc' dir='ltr'>ὅτε</span> <span class='ocrx_word' id='word_1_747' title='bbox 1806 5386 1967 5448; x_wconf 77' lang='grc' dir='ltr'>συνῆν</span> 
     </span>
    </p>
   </div>
   <div class='ocr_carea' id='block_1_104' title="bbox 317 5467 1967 5546">
    <p class='ocr_par' dir='ltr' id='par_1_104' title="bbox 317 5467 1967 5546">
     <span class='ocr_line' id='line_1_104' title="bbox 317 5467 1967 5546; baseline 0.001 -20"><span class='ocrx_word' id='word_1_748' title='bbox 317 5477 393 5544; x_wconf 77' lang='grc' dir='ltr'>τῷ</span> <span class='ocrx_word' id='word_1_749' title='bbox 457 5469 663 5544; x_wconf 81' lang='grc' dir='ltr'>Παύλῳ</span> <span class='ocrx_word' id='word_1_750' title='bbox 739 5471 840 5524; x_wconf 73' lang='grc' dir='ltr'>καθ</span> <span class='ocrx_word' id='word_1_751' title='bbox 911 5469 970 5524; x_wconf 86' lang='grc' dir='ltr'>δν</span> <span class='ocrx_word' id='word_1_752' title='bbox 1058 5467 1114 5524; x_wconf 75' lang='grc' dir='ltr'>δὲ</span> <span class='ocrx_word' id='word_1_753' title='bbox 1179 5470 1367 5543; x_wconf 86' lang='grc' dir='ltr'>καιρὸν</span> <span class='ocrx_word' id='word_1_754' title='bbox 1443 5469 1836 5546; x_wconf 79' lang='grc' dir='ltr'>ἐμαρτύρησεν,</span> <span class='ocrx_word' id='word_1_755' title='bbox 1907 5471 1967 5528; x_wconf 79' lang='grc' dir='ltr'>ού</span> 
     </span>
    </p>
   </div>
   <div class='ocr_carea' id='block_1_105' title="bbox 323 5557 1966 5638">
    <p class='ocr_par' dir='ltr' id='par_1_105' title="bbox 323 5557 1966 5638">
     <span class='ocr_line' id='line_1_105' title="bbox 323 5557 1966 5638; baseline 0.002 -23"><span class='ocrx_word' id='word_1_756' title='bbox 323 5569 608 5636; x_wconf 78' lang='grc' dir='ltr'>συμπαρῆν</span> <span class='ocrx_word' id='word_1_757' title='bbox 655 5559 822 5629; x_wconf 79' lang='grc' dir='ltr'>αὐτῷ,</span> <span class='ocrx_word' id='word_1_758' title='bbox 874 5562 969 5611; x_wconf 90' lang='grc' dir='ltr'>τοῦ</span> <span class='ocrx_word' id='word_1_759' title='bbox 1027 5557 1374 5614; x_wconf 84' lang='grc' dir='ltr'>Ἀποστόλου</span> <span class='ocrx_word' id='word_1_760' title='bbox 1426 5564 1607 5638; x_wconf 74' lang='grc' dir='ltr'>σαφῶς</span> <span class='ocrx_word' id='word_1_761' title='bbox 1665 5560 1827 5616; x_wconf 89' lang='grc' dir='ltr'>τοῦτο</span> <span class='ocrx_word' id='word_1_762' title='bbox 1876 5562 1966 5618; x_wconf 86' lang='grc' dir='ltr'>λέ-</span> 
     </span>
    </p>
   </div>
   <div class='ocr_carea' id='block_1_106' title="bbox 393 5658 923 5723">
    <p class='ocr_par' dir='ltr' id='par_1_106' title="bbox 393 5658 923 5723">
     <span class='ocr_line' id='line_1_106' title="bbox 393 5658 923 5723; baseline -0.011 -8"><span class='ocrx_word' id='word_1_763' title='bbox 393 5661 440 5695; x_wconf 74' lang='grc'>¹¹</span> <span class='ocrx_word' id='word_1_764' title='bbox 471 5661 516 5714; x_wconf 89' lang='lat' dir='ltr'>Il</span> <span class='ocrx_word' id='word_1_765' title='bbox 548 5660 695 5713; x_wconf 89' lang='lat' dir='ltr'>Tim.</span> <span class='ocrx_word' id='word_1_766' title='bbox 725 5673 798 5723; x_wconf 83' lang='grc' dir='ltr'>ιν,</span> <span class='ocrx_word' id='word_1_767' title='bbox 837 5658 923 5709; x_wconf 77' lang='grc'><strong>16.</strong></span> 
     </span>
    </p>
   </div>
   <div class='ocr_carea' id='block_1_107' title="bbox 2084 4583 3738 4653">
    <p class='ocr_par' dir='ltr' id='par_1_107' title="bbox 2084 4583 3738 4653">
     <span class='ocr_line' id='line_1_107' title="bbox 2084 4583 3738 4653; baseline -0.001 -16"><span class='ocrx_word' id='word_1_768' title='bbox 2084 4584 2396 4640; x_wconf 88' lang='lat' dir='ltr'>inaudiens</span> <span class='ocrx_word' id='word_1_769' title='bbox 2436 4585 2685 4640; x_wconf 89' lang='lat' dir='ltr'>moleste</span> <span class='ocrx_word' id='word_1_770' title='bbox 2734 4583 2793 4637; x_wconf 92' lang='lat' dir='ltr'>id</span> <span class='ocrx_word' id='word_1_771' title='bbox 2823 4583 3043 4638; x_wconf 87' lang='lat' dir='ltr'>factum</span> <span class='ocrx_word' id='word_1_772' title='bbox 3099 4583 3254 4652; x_wconf 90' lang='lat' dir='ltr'>tulit,</span> <span class='ocrx_word' id='word_1_773' title='bbox 3289 4585 3646 4653; x_wconf 89' lang='lat' dir='ltr'>Petrumque</span> <span class='ocrx_word' id='word_1_774' title='bbox 3677 4584 3738 4637; x_wconf 89' lang='lat' dir='ltr'>in</span> 
     </span>
    </p>
   </div>
   <div class='ocr_carea' id='block_1_108' title="bbox 2081 4671 3739 4746">
    <p class='ocr_par' dir='ltr' id='par_1_108' title="bbox 2081 4671 3739 4746">
     <span class='ocr_line' id='line_1_108' title="bbox 2081 4671 3739 4746; baseline -0.003 -17"><span class='ocrx_word' id='word_1_775' title='bbox 2081 4689 2318 4729; x_wconf 86' lang='lat' dir='ltr'>crucem</span> <span class='ocrx_word' id='word_1_776' title='bbox 2345 4673 2435 4746; x_wconf 88' lang='lat' dir='ltr'>agi</span> <span class='ocrx_word' id='word_1_777' title='bbox 2460 4673 2668 4745; x_wconf 88' lang='lat' dir='ltr'>jussit.</span> <span class='ocrx_word' id='word_1_778' title='bbox 2720 4673 2926 4728; x_wconf 90' lang='lat' dir='ltr'>Petrus</span> <span class='ocrx_word' id='word_1_779' title='bbox 2957 4673 3029 4728; x_wconf 90' lang='lat' dir='ltr'>ab</span> <span class='ocrx_word' id='word_1_780' title='bbox 3079 4674 3244 4727; x_wconf 89' lang='lat' dir='ltr'>urbis</span> <span class='ocrx_word' id='word_1_781' title='bbox 3277 4673 3553 4744; x_wconf 75' lang='lat' dir='ltr'>praefecto</span> <span class='ocrx_word' id='word_1_782' title='bbox 3585 4671 3739 4725; x_wconf 81' lang='lat' dir='ltr'>obti-</span> 
     </span>
    </p>
   </div>
   <div class='ocr_carea' id='block_1_109' title="bbox 2081 4758 3736 4834">
    <p class='ocr_par' dir='ltr' id='par_1_109' title="bbox 2081 4758 3736 4834">
     <span class='ocr_line' id='line_1_109' title="bbox 2081 4758 3736 4834; baseline -0.003 -17"><span class='ocrx_word' id='word_1_783' title='bbox 2081 4764 2213 4818; x_wconf 90' lang='lat' dir='ltr'>nuit</span> <span class='ocrx_word' id='word_1_784' title='bbox 2242 4779 2316 4817; x_wconf 89' lang='lat' dir='ltr'>ne</span> <span class='ocrx_word' id='word_1_785' title='bbox 2335 4768 2494 4817; x_wconf 92' lang='lat' dir='ltr'>recto</span> <span class='ocrx_word' id='word_1_786' title='bbox 2527 4770 2772 4832; x_wconf 79' lang='lat' dir='ltr'>corpore</span> <span class='ocrx_word' id='word_1_787' title='bbox 2800 4767 2865 4816; x_wconf 89' lang='lat' dir='ltr'>ut</span> <span class='ocrx_word' id='word_1_788' title='bbox 2893 4763 3174 4834; x_wconf 85' lang='lat' dir='ltr'>magister</span> <span class='ocrx_word' id='word_1_789' title='bbox 3201 4778 3342 4815; x_wconf 91' lang='lat' dir='ltr'>suus</span> <span class='ocrx_word' id='word_1_790' title='bbox 3389 4762 3573 4825; x_wconf 84' lang='lat' dir='ltr'>Jesus,</span> <span class='ocrx_word' id='word_1_791' title='bbox 3633 4758 3736 4813; x_wconf 90' lang='lat' dir='ltr'>sed</span> 
     </span>
    </p>
   </div>
   <div class='ocr_carea' id='block_1_110' title="bbox 2081 4848 3733 4923">
    <p class='ocr_par' dir='ltr' id='par_1_110' title="bbox 2081 4848 3733 4923">
     <span class='ocr_line' id='line_1_110' title="bbox 2081 4848 3733 4923; baseline -0.005 -17"><span class='ocrx_word' id='word_1_792' title='bbox 2081 4853 2272 4923; x_wconf 88' lang='lat' dir='ltr'>capite</span> <span class='ocrx_word' id='word_1_793' title='bbox 2301 4851 2376 4906; x_wconf 91' lang='lat' dir='ltr'>ad</span> <span class='ocrx_word' id='word_1_794' title='bbox 2401 4856 2618 4905; x_wconf 90' lang='lat' dir='ltr'>terram</span> <span class='ocrx_word' id='word_1_795' title='bbox 2669 4850 2926 4904; x_wconf 89' lang='lat' dir='ltr'>demisso</span> <span class='ocrx_word' id='word_1_796' title='bbox 2985 4850 3449 4921; x_wconf 81' lang='lat' dir='ltr'>cruciﬁgeretur.</span> <span class='ocrx_word' id='word_1_797' title='bbox 3511 4848 3733 4899; x_wconf 90' lang='lat' dir='ltr'>Mortuo</span> 
     </span>
    </p>
   </div>
   <div class='ocr_carea' id='block_1_111' title="bbox 2081 4932 3733 5009">
    <p class='ocr_par' dir='ltr' id='par_1_111' title="bbox 2081 4932 3733 5009">
     <span class='ocr_line' id='line_1_111' title="bbox 2081 4932 3733 5009; baseline -0.005 -14"><span class='ocrx_word' id='word_1_798' title='bbox 2081 4943 2274 5009; x_wconf 86' lang='lat' dir='ltr'>Petro,</span> <span class='ocrx_word' id='word_1_799' title='bbox 2307 4945 2370 4994; x_wconf 91' lang='lat' dir='ltr'>ut</span> <span class='ocrx_word' id='word_1_800' title='bbox 2408 4939 2694 4995; x_wconf 89' lang='lat' dir='ltr'>Eusebius</span> <span class='ocrx_word' id='word_1_801' title='bbox 2726 4944 2816 4993; x_wconf 91' lang='lat' dir='ltr'>est</span> <span class='ocrx_word' id='word_1_802' title='bbox 2879 4945 3104 5005; x_wconf 91' lang='lat' dir='ltr'>auctor,</span> <span class='ocrx_word' id='word_1_803' title='bbox 3163 4937 3382 4992; x_wconf 90' lang='lat' dir='ltr'>Paulus</span> <span class='ocrx_word' id='word_1_804' title='bbox 3431 4932 3733 5005; x_wconf 90' lang='lat' dir='ltr'>apostolus</span> 
     </span>
    </p>
   </div>
   <div class='ocr_carea' id='block_1_112' title="bbox 2079 5023 3734 5100">
    <p class='ocr_par' dir='ltr' id='par_1_112' title="bbox 2079 5023 3734 5100">
     <span class='ocr_line' id='line_1_112' title="bbox 2079 5023 3734 5100; baseline -0.006 -14"><span class='ocrx_word' id='word_1_805' title='bbox 2079 5030 2408 5086; x_wconf 89' lang='lat' dir='ltr'>secundum</span> <span class='ocrx_word' id='word_1_806' title='bbox 2441 5029 2698 5100; x_wconf 89' lang='lat' dir='ltr'>primum</span> <span class='ocrx_word' id='word_1_807' title='bbox 2729 5027 3137 5082; x_wconf 87' lang='lat' dir='ltr'>defensionem</span> <span class='ocrx_word' id='word_1_808' title='bbox 3172 5043 3241 5081; x_wconf 88' lang='lat' dir='ltr'>ex</span> <span class='ocrx_word' id='word_1_809' title='bbox 3272 5025 3473 5080; x_wconf 69' lang='lat' dir='ltr'>Judaaa</span> <span class='ocrx_word' id='word_1_810' title='bbox 3503 5023 3734 5078; x_wconf 90' lang='lat' dir='ltr'>vinctus</span> 
     </span>
    </p>
   </div>
   <div class='ocr_carea' id='block_1_113' title="bbox 2078 5111 3731 5189">
    <p class='ocr_par' dir='ltr' id='par_1_113' title="bbox 2078 5111 3731 5189">
     <span class='ocr_line' id='line_1_113' title="bbox 2078 5111 3731 5189; baseline -0.006 -15"><span class='ocrx_word' id='word_1_811' title='bbox 2078 5119 2314 5184; x_wconf 91' lang='lat' dir='ltr'>missus,</span> <span class='ocrx_word' id='word_1_812' title='bbox 2348 5135 2482 5173; x_wconf 90' lang='lat' dir='ltr'>cum</span> <span class='ocrx_word' id='word_1_813' title='bbox 2515 5117 2670 5189; x_wconf 91' lang='lat' dir='ltr'>apud</span> <span class='ocrx_word' id='word_1_814' title='bbox 2721 5119 3010 5172; x_wconf 88' lang='lat' dir='ltr'>Neronem</span> <span class='ocrx_word' id='word_1_815' title='bbox 3063 5131 3306 5171; x_wconf 88' lang='lat' dir='ltr'>causam</span> <span class='ocrx_word' id='word_1_816' title='bbox 3363 5113 3632 5176; x_wconf 87' lang='lat' dir='ltr'>dixisset,</span> <span class='ocrx_word' id='word_1_817' title='bbox 3659 5111 3731 5165; x_wconf 88' lang='lat' dir='ltr'>ad</span> 
     </span>
    </p>
   </div>
   <div class='ocr_carea' id='block_1_114' title="bbox 2077 5199 3734 5280">
    <p class='ocr_par' dir='ltr' id='par_1_114' title="bbox 2077 5199 3734 5280">
     <span class='ocr_line' id='line_1_114' title="bbox 2077 5199 3734 5280; baseline -0.006 -18"><span class='ocrx_word' id='word_1_818' title='bbox 2077 5206 2525 5280; x_wconf 69' lang='lat' dir='ltr'>prmdicandum</span> <span class='ocrx_word' id='word_1_819' title='bbox 2570 5204 2811 5260; x_wconf 88' lang='lat' dir='ltr'>verbum</span> <span class='ocrx_word' id='word_1_820' title='bbox 2844 5205 3062 5258; x_wconf 89' lang='lat' dir='ltr'>missus</span> <span class='ocrx_word' id='word_1_821' title='bbox 3092 5203 3220 5258; x_wconf 87' lang='lat' dir='ltr'>fuit.</span> <span class='ocrx_word' id='word_1_822' title='bbox 3253 5205 3444 5272; x_wconf 81' lang='lat' dir='ltr'>Atque</span> <span class='ocrx_word' id='word_1_823' title='bbox 3479 5199 3636 5266; x_wconf 86' lang='lat' dir='ltr'>inde,</span> <span class='ocrx_word' id='word_1_824' title='bbox 3670 5204 3734 5253; x_wconf 89' lang='lat' dir='ltr'>ut</span> 
     </span>
    </p>
   </div>
   <div class='ocr_carea' id='block_1_115' title="bbox 2077 5291 3730 5366">
    <p class='ocr_par' dir='ltr' id='par_1_115' title="bbox 2077 5291 3730 5366">
     <span class='ocr_line' id='line_1_115' title="bbox 2077 5291 3730 5366; baseline -0.005 -14"><span class='ocrx_word' id='word_1_825' title='bbox 2077 5297 2326 5364; x_wconf 88' lang='lat' dir='ltr'>videtur,</span> <span class='ocrx_word' id='word_1_826' title='bbox 2359 5294 2920 5366; x_wconf 79' lang='lat' dir='ltr'>Actaapostolorum</span> <span class='ocrx_word' id='word_1_827' title='bbox 2949 5294 3132 5348; x_wconf 89' lang='lat' dir='ltr'>Lucas</span> <span class='ocrx_word' id='word_1_828' title='bbox 3164 5292 3238 5346; x_wconf 89' lang='lat' dir='ltr'>ad</span> <span class='ocrx_word' id='word_1_829' title='bbox 3270 5291 3330 5346; x_wconf 90' lang='lat' dir='ltr'>id</span> <span class='ocrx_word' id='word_1_830' title='bbox 3361 5305 3551 5361; x_wconf 89' lang='lat' dir='ltr'>usque</span> <span class='ocrx_word' id='word_1_831' title='bbox 3583 5294 3730 5344; x_wconf 77' lang='lat' dir='ltr'>tem-</span> 
     </span>
    </p>
   </div>
   <div class='ocr_carea' id='block_1_116' title="bbox 2078 5381 3727 5458">
    <p class='ocr_par' dir='ltr' id='par_1_116' title="bbox 2078 5381 3727 5458">
     <span class='ocr_line' id='line_1_116' title="bbox 2078 5381 3727 5458; baseline -0.005 -17"><span class='ocrx_word' id='word_1_832' title='bbox 2078 5404 2187 5458; x_wconf 85' lang='lat' dir='ltr'>pus</span> <span class='ocrx_word' id='word_1_833' title='bbox 2219 5385 2582 5457; x_wconf 86' lang='lat' dir='ltr'>prescripsit,</span> <span class='ocrx_word' id='word_1_834' title='bbox 2617 5383 2903 5455; x_wconf 91' lang='lat' dir='ltr'>quamdiu</span> <span class='ocrx_word' id='word_1_835' title='bbox 2960 5383 3072 5437; x_wconf 84' lang='lat' dir='ltr'>fuit</span> <span class='ocrx_word' id='word_1_836' title='bbox 3126 5399 3259 5437; x_wconf 91' lang='lat' dir='ltr'>cum</span> <span class='ocrx_word' id='word_1_837' title='bbox 3317 5381 3522 5436; x_wconf 89' lang='lat' dir='ltr'>Paulo.</span> <span class='ocrx_word' id='word_1_838' title='bbox 3583 5381 3727 5434; x_wconf 87' lang='lat' dir='ltr'>Nam</span> 
     </span>
    </p>
   </div>
   <div class='ocr_carea' id='block_1_117' title="bbox 2078 5470 3729 5544">
    <p class='ocr_par' dir='ltr' id='par_1_117' title="bbox 2078 5470 3729 5544">
     <span class='ocr_line' id='line_1_117' title="bbox 2078 5470 3729 5544; baseline -0.004 -14"><span class='ocrx_word' id='word_1_839' title='bbox 2078 5475 2260 5530; x_wconf 90' lang='lat' dir='ltr'>Paulo</span> <span class='ocrx_word' id='word_1_840' title='bbox 2289 5491 2404 5528; x_wconf 88' lang='lat' dir='ltr'>non</span> <span class='ocrx_word' id='word_1_841' title='bbox 2439 5473 2647 5541; x_wconf 84' lang='lat' dir='ltr'>adfuit,</span> <span class='ocrx_word' id='word_1_842' title='bbox 2683 5490 2797 5544; x_wconf 87' lang='lat' dir='ltr'>quo</span> <span class='ocrx_word' id='word_1_843' title='bbox 2865 5472 2914 5526; x_wconf 92' lang='lat' dir='ltr'>is</span> <span class='ocrx_word' id='word_1_844' title='bbox 2969 5477 3235 5544; x_wconf 84' lang='lat' dir='ltr'>tempore</span> <span class='ocrx_word' id='word_1_845' title='bbox 3293 5470 3585 5543; x_wconf 89' lang='lat' dir='ltr'>supplicio</span> <span class='ocrx_word' id='word_1_846' title='bbox 3637 5474 3729 5524; x_wconf 88' lang='lat' dir='ltr'>est</span> 
     </span>
    </p>
   </div>
   <div class='ocr_carea' id='block_1_118' title="bbox 2077 5561 3727 5636">
    <p class='ocr_par' dir='ltr' id='par_1_118' title="bbox 2077 5561 3727 5636">
     <span class='ocr_line' id='line_1_118' title="bbox 2077 5561 3727 5636; baseline -0.004 -15"><span class='ocrx_word' id='word_1_847' title='bbox 2077 5566 2342 5622; x_wconf 77' lang='lat' dir='ltr'>affectus.</span> <span class='ocrx_word' id='word_1_848' title='bbox 2367 5563 2532 5628; x_wconf 92' lang='lat' dir='ltr'>Quod</span> <span class='ocrx_word' id='word_1_849' title='bbox 2573 5562 2886 5636; x_wconf 89' lang='lat' dir='ltr'>Apostolus</span> <span class='ocrx_word' id='word_1_850' title='bbox 2917 5561 3134 5617; x_wconf 90' lang='lat' dir='ltr'>diserte</span> <span class='ocrx_word' id='word_1_851' title='bbox 3161 5562 3284 5617; x_wconf 88' lang='lat' dir='ltr'>ait:</span> <span class='ocrx_word' id='word_1_852' title='bbox 3335 5562 3489 5618; x_wconf 74' lang='lat'>872</span> <span class='ocrx_word' id='word_1_853' title='bbox 3548 5561 3727 5616; x_wconf 87' lang='lat' dir='ltr'>Nemo</span> 
     </span>
    </p>
   </div>
  </div>
