4194 6198
414 314 537 371 411

1794 306 2118 368 GEORGII
2163 303 2512 367 CEDRENI

3713 299 3832 359 412

419 448 566 504 mihi
599 448 662 502 in
695 448 886 518 prima
915 444 1261 500 defensione
1311 442 1516 508 adfuit,
1579 442 1682 498 sed
1741 455 1946 497 omnes
1977 455 2071 495 me

2185 457 2401 512 γοντος,
2434 439 2518 494 δτι
2549 435 2728 500 οὐδεὶς
2761 458 2857 512 μοι
2886 435 2938 492 ἐν
2969 439 3038 509 τῇ
3069 435 3264 508 πρώτῃ
3291 429 3563 506 ἀπολογίᾳ
3594 447 3872 518 συμ-πιιιρ·¹

422 538 849 598 deseruerunt;
897 551 1014 589 non
1077 533 1403 603 imputetur
1461 532 1624 603 ipsis.
1678 532 2073 586 Posteriorem

421 624 730 696 epistolam
773 621 848 676 ad
913 620 1285 674 Timotheum
1348 620 1580 690 scripsit
1632 620 1932 690 captivus;
1973 618 2074 673 ubi

421 713 602 767 simul
636 711 1003 764 mentionem
1034 708 1174 763 facit
1203 710 1408 780 prima)
1442 725 1562 763 sua;
1595 709 1753 779 apud
1785 710 2075 764 Neronem

425 800 811 856 defensionis.
847 801 1030 862 Quem
1063 803 1120 852 et
1152 798 1339 852 leonis
1370 799 1610 853 nomine
1651 799 1867 864 affecit,
1901 798 2074 852 inhu-

415 890 768 945 manitatem
795 888 843 958 ej
858 905 924 942 us
955 894 1133 957 atque
1156 889 1314 942 feros
1335 904 1529 943 mores
1559 889 1838 959 praeclare
1863 894 2077 942 notans

421 985 480 1034 et
509 979 924 1032 imminentem
952 995 1125 1032 suum
1158 978 1384 1032 obitum
1411 995 1544 1032 mox
1579 978 1797 1032 indicat
1829 994 1841 1031 :
1877 1000 1903 1026 ‹‹
1937 979 2076 1031 Ere-

420 1075 554 1140 ptus
587 1084 739 1134 sum,
776 1068 1077 1137 inquiens,
1114 1067 1200 1121 ori
1230 1067 1436 1122 leonis.
1466 1066 1576 1121 Sed
1611 1074 1668 1121 et
1694 1067 1754 1120 in
1776 1073 2078 1138 posterum

420 1174 515 1212 me
538 1158 824 1212 Dominus
847 1156 1106 1211 servabit
1127 1157 1198 1211 ab
1218 1157 1378 1211 omni
1399 1156 1555 1210 mala
1587 1173 1670 1221 re,
1706 1158 1882 1226 inque
1908 1173 2080 1210 suum

420 1247 657 1302 caeleste
688 1263 934 1317 regnum
967 1251 1210 1312 asseret,
1256 1267 1282 1294 n
1317 1246 1574 1300 innuens
1605 1245 1949 1316 prOpediem
1975 1262 2080 1300 suo

417 1335 709 1407 supplicio
755 1352 815 1389 se
865 1334 1096 1390 veritati
1151 1335 1563 1389 testimonium
1620 1333 2081 1411 perhibiturum.

418 1425 585 1489 Quod
615 1425 794 1479 etiam
829 1424 1089 1494 apertius
1123 1424 1182 1478 in
1216 1423 1424 1478 eadem
1485 1424 1737 1494 epistola
1793 1423 2082 1498 praedicit,

423 1515 485 1569 in
517 1515 641 1568 hinc
670 1514 884 1568 verba:
929 1531 1034 1585 ego
1073 1514 1234 1568 enim
1267 1531 1424 1568 nunc
1456 1513 1752 1582 immolor,
1786 1514 2084 1584 instatque

422 1611 656 1675 tempus
687 1619 833 1656 mea:
864 1603 1200 1657 solutionis.
1223 1595 1359 1656 P'ost
1388 1603 1645 1673 primam
1677 1602 2086 1657 defensionem

424 1693 704 1748 dimissus
737 1696 846 1756 est,
904 1696 968 1746 ut
1017 1708 1223 1746 rursus
1286 1692 1656 1764 evangelium
1715 1691 2086 1762 prmdicaret-

2180 525 2409 602 εγένετο,
2468 525 2614 582 ἀλλὰ
2669 524 2864 586 πάντες
2942 544 3009 596 με
3065 519 3442 596 ἐγκατέλιπον,
3509 518 3584 590 μή
3655 515 3841 578 αὐτοῖς

2179 612 2484 690 λογισθείη.
2518 617 2633 683 Τὴν
2667 612 2725 670 δὲ
2756 614 2891 687 πρὸς
2924 611 3191 685 Τιμόθεον
3236 607 3488 682 δευτέραν
3539 603 3835 673 ἐπιστολὴν

2179 704 2545 779 κατεχόμενος
2575 700 2830 780 ἔγραψεν,
2887 705 3030 774 ὁμοῦ
3089 699 3370 772 σημαίνων
3429 697 3528 766 τήν
3586 715 3644 750 τε
3699 713 3839 765 προ-

2180 794 2337 868 τέραν
2386 794 2558 848 αὐτοῦ
2600 790 2904 868 ἀπολογίαν
2935 790 3072 864 πρὸς
3106 789 3345 862 Νέρωνα,
3397 787 3457 840 ὃν
3497 784 3588 838 καὶ
3645 781 3840 838 λέοντα

2184 880 2276 937 διὰ
2301 884 2364 938 τὸ
2392 882 2756 957 ἀπάνθρωπον
2788 881 2879 935 καὶ
2938 875 3205 954 θηριῶδες
3236 881 3334 932 τοῦ
3389 874 3596 949 τρόπου
3655 869 3842 933 καλῶς

2185 971 2453 1044 ὠνόμασε.
2537 973 2640 1028 Καὶ
2723 973 2823 1040 τὴν
2881 970 3028 1044 παρά
3084 965 3255 1030 πόδας
3306 963 3590 1020 τελείωσιν
3651 960 3840 1034 ἐπάγει

2186 1064 2426 1138 φάσκων·
2485 1087 2513 1114 ‹‹
2549 1060 2838 1138 Ἐῤῥῦφθεν
2868 1061 2926 1115 ἐκ
2976 1061 3244 1130 στόματος
3277 1055 3514 1116 λέοντος·
3549 1050 3697 1106 ἄλλά
3747 1048 3846 1138 καί

2189 1152 2404 1227 ῥύσεταί
2439 1172 2505 1224 με
2535 1151 2565 1206 6'
2597 1152 2790 1226 Κύριος
2823 1148 2929 1204 ἀπὸ
2959 1149 3162 1211 πάςτὸς
3218 1145 3382 1220 ἔργου
3440 1145 3711 1215 πονηροῦ,
3745 1135 3846 1194 καὶ

2190 1240 2350 1294 σώσει
2419 1240 2497 1302 εἰς
2558 1241 2658 1308 τήν
2721 1237 2999 1314 βασιλείαν
3086 1235 3248 1290 αὐτοῦ
3333 1235 3432 1302 τήν
3499 1229 3847 1304 ἐπουράνιον,

2191 1329 2547 1408 ὑπεμφαίνων
2613 1329 2676 1384 τὸ
2732 1327 3040 1404 παραυτίκα
3101 1323 3421 1398 μαρτύριον,
3469 1321 3498 1374 '6
3534 1320 3624 1374 καὶ
3685 1319 3852 1393 σαφέ-

2191 1405 2376 1493 στερον
2437 1418 2489 1472 ἐν
2547 1421 2617 1492 τῇ
2677 1417 2814 1490 αὐτῇ
2866 1413 3130 1488 ἐπιστολῇ
3197 1408 3592 1486 προσαγορεύει
3645 1405 3847 1479 λέγων’

2195 1499 2336 1581 Ἐγὼ
2365 1508 2469 1583 γὰρ
2500 1505 2609 1577 ἤδη
2657 1503 2981 1580 σπένδομαι,
3041 1504 3130 1558 καὶ
3197 1504 3226 1556 6
3277 1499 3464 1574 καιρὸς
3521 1505 3619 1566 τῆς
3643 1493 3851 1550 ἀναλύ-

2195 1598 2331 1660 σεώς
2393 1619 2498 1670 μου
2556 1596 2863 1676 ἐφέστηκεν.
2925 1591 3442 1667 Ἀπολογησάμενος
3518 1586 3700 1642 τοίνυν
3750 1585 3853 1652 τὴν

2194 1686 2418 1759 πρώτην
2451 1675 2758 1761 ἀπολογίαν
2784 1684 2876 1738 καὶ
2911 1685 3062 1744 αὖθις
3093 1681 3178 1736 ἐπὶ
3211 1682 3312 1750 τὴν
3345 1683 3442 1734 τοῦ
3501 1675 3854 1761 κηρύγματος

420 1785 634 1838 Denuo
652 1786 851 1836 autem
872 1781 932 1834 in
955 1780 1205 1836 vinculis
1228 1783 1472 1836 Romam
1497 1781 1804 1845 adductus,
1825 1781 2073 1850 itemque

2197 1771 2472 1829 διακονίαν
2497 1772 2879 1847 στειλάμενος,
2913 1774 3032 1827 εἶτα
3070 1769 3236 1826 πάλιν
3269 1770 3330 1824 τὸ
3357 1765 3602 1842 δεύτερον
3661 1757 3856 1824 ἐπιϐὰς

420 1869 637 1924 Neroni
661 1867 935 1932 traditus,
961 1867 1155 1940 gladio
1176 1872 1482 1922 truncatus
1505 1868 1772 1940 martyrii
1798 1884 2079 1923 coronam

423 1956 670 2028 accepit,
705 1956 796 2010 die
854 1957 1010 2010 Junii
1055 1960 1143 2021 22‘,
1179 1956 1386 2011 eodem
1418 1956 1512 2011 die
1544 1973 1661 2027 quo
1693 1962 1830 2011 ante
1861 1973 2083 2012 annum

425 2048 637 2100 Petrus
667 2045 730 2098 in
764 2061 998 2099 crucem
1031 2044 1144 2098 fuit
1185 2051 1368 2099 actus.
1404 2045 1526 2108 Quo
1578 2045 1827 2116 supplici
1867 2061 2084 2116 genere

428 2134 624 2190 affecti
659 2139 798 2188 sunt
827 2134 1002 2188 etiam
1026 2136 1254 2188 Marcus
1286 2139 1344 2187 et
1373 2135 1556 2188 Lucas
1607 2134 1980 2206 evangelista:
2017 2150 2084 2189 ac

433 2223 682 2278 Jacobus
713 2223 946 2277 Domini
983 2223 1180 2292 frater,
1227 2221 1297 2277 de
1330 2222 1545 2294 quibus
1574 2229 1710 2278 ante
1753 2223 2084 2278 retulimus-

432 2313 573 2367 Divo
608 2313 774 2366 Lucaa
805 2328 910 2382 pro
945 2327 1118 2366 cruce
1149 2310 1261 2367 fuit
1303 2311 1433 2366 olea
1480 2311 1781 2384 frugifera,
1827 2328 1960 2366 cum
2011 2311 2086 2366 ad

431 2401 763 2473 parandam
795 2417 1032 2456 crucem
1064 2401 1297 2456 nullum
1330 2401 1402 2455 iis
1433 2401 1492 2455 in
1525 2401 1669 2456 locis
1714 2401 1942 2456 aridum
1977 2400 2088 2473 lig-

431 2507 574 2545 num
609 2490 989 2562 reperiretur.
1037 2491 1180 2561 Ejus
1219 2507 1435 2562 corpus
1487 2490 1728 2560 quidam
1789 2489 2085 2546 sublatum

424 2581 580 2634 inter
610 2580 798 2634 multa
821 2579 938 2634 alia
969 2580 1243 2650 sepulcra
1273 2580 1644 2645 recondidit;
1669 2579 1867 2651 itaque
1891 2567 2089 2634 effecit

427 2670 581 2724 utin
632 2669 881 2722 obscuro
942 2669 1071 2739 ejus
1130 2669 1419 2740 sepulcrm
1477 2668 1639 2723 locus
1699 2675 1875 2724 esset.
1937 2670 2081 2723 Cum

429 2763 627 2810 autem
659 2763 864 2827 postea
923 2756 1200 2827 discipuli
1261 2774 1391 2811 eam
1447 2757 1841 2826 requirerent,
1903 2763 2080 2827 atque

425 2849 669 2914 pr0pter
682 2843 1086 2914 sepulcrorum
1103 2844 1610 2898 multitutudinem
1627 2861 1746 2898 non
1759 2845 2084 2916 deprehen-

426 2931 564 2986 dere
589 2932 741 2985 873
761 2937 1024 3003 possent,
1055 2947 1260 2986 eorum
1292 2932 1568 3003 precibus
1611 2939 1807 2987 motus
1833 2937 1980 2988 Deus
2014 2950 2083 2989 ea

425 3029 596 3077 nocte
629 3021 878 3093 collyria
908 3020 1140 3076 medica
1162 3037 1342 3092 super
1363 3022 1492 3094 ejus
1519 3022 1813 3077 tumulum
1831 3021 2079 3094 depluit,

421 3119 623 3167 notam
654 3111 797 3166 artis
827 3127 1005 3181 quam
1054 3116 1419 3166 exercuerat.
1482 3114 1671 3181 Atque
1730 3112 1840 3166 hoc
1892 3112 2068 3167 modo

421 3201 758 3272 sepulcrum
809 3201 977 3254 Lucaa
1033 3200 1310 3255 innotuit.
1375 3199 1562 3270 Hujus
1622 3207 1840 3255 sanctae
1890 3205 2065 3271 atque

418 3290 768 3345 veneranda:
802 3289 1070 3359 reliquim
1129 3289 1236 3343 sub
1294 3289 1638 3344 Constantio
1697 3273 2066 3346 Constantini

419 3380 607 3451 Magni
640 3380 760 3434 filio
794 3379 947 3433 beati
978 3379 1224 3433 Artemii
1270 3395 1448 3450 opera
1498 3379 2070 3450 Constantinopolim

417 3469 641 3534 relata),
673 3467 956 3537 depositas
991 3473 1130 3521 sunt
1156 3467 1216 3521 in
1248 3467 1470 3538 templo
1503 3467 1778 3522 Divorum
1827 3470 2069 3540 Aposto-

419 3556 634 3621 lorum,
679 3556 834 3610 intra
868 3571 1094 3609 sacram
1147 3572 1436 3623 mensam,
1468 3573 1586 3612 una
1642 3574 1776 3612 cum
1835 3557 2073 3614 Andrea

419 3652 478 3700 et
505 3645 808 3699 Timotheo
831 3645 1020 3700 beatis
1050 3646 1354 3716 apostolis.

491 3733 780 3787 Cmterum
837 3731 1020 3787 Judaai
1053 3750 1086 3787 a
1117 3733 1328 3788 Christi
1361 3734 1422 3788 in
1455 3735 1666 3791 omium
1729 3737 2068 3809 receptione

419 3837 626 3892 pacem
640 3821 974 3876 habuerunt
995 3838 1180 3876 annos
1199 3821 1608 3894 quadraginta,
1623 3841 1755 3878 cum
1776 3825 1859 3880 eis
1876 3825 2073 3881 divina

412 3910 705 3965 lentitudo
734 3910 790 3964 id
810 3911 882 3965 ad
907 3910 1379 3982 resipiscendum
1410 3912 1725 3983 largiretur
1747 3919 2075 3985 tempus,ut

417 4015 523 4054 sua
555 4000 906 4055 damnantes
925 4005 1165 4072 peccata
1181 4000 1402 4056 factum
1421 4007 1738 4056 mutarent.
1777 4003 1818 4056 li
1850 4019 1986 4058 vero
2008 4004 2070 4058 in

415 4089 676 4144 deterius
701 4097 966 4157 ruentes,
1009 4089 1232 4144 invidia
1263 4105 1330 4143 eo
1365 4089 1604 4144 adducti
1640 4098 1779 4146 sunt
1807 4093 1892 4146 uti
1925 4109 2071 4147 san-

411 4186 534 4232 clos
565 4179 972 4232 interficerent
1055 4179 1442 4248 Stephanum,
1473 4179 1751 4235 Iacobum
1804 4178 2074 4237 Zebedaai

413 4267 622 4334 filium,
655 4268 934 4321 Jacobum
969 4267 1200 4321 Domini
1233 4267 1498 4335 fratrem,
1533 4275 1592 4322 et
1643 4269 1810 4324 alios.
1867 4273 2071 4342 Itaque

411 4371 516 4407 suo
549 4355 758 4408 merito
792 4355 1006 4409 divitus
1037 4355 1362 4426 profectam
1408 4357 1518 4411 sibi
1575 4364 1946 4414 attraxerunt
1978 4362 2070 4415 in-

409 4443 838 4504 ternecionem.
872 4446 951 4498 Ea
981 4443 1123 4514 ipsis
1151 4451 1238 4498 est
1278 4445 1641 4501 terribilibus
1698 4454 1875 4518 atque
1933 4467 2070 4520 per-

2192 1868 2262 1937 τῇ
2293 1863 2480 1936 Ῥώμῃ
2513 1861 2738 1936 δέσμιος
2769 1862 2861 1917 καὶ
2883 1861 3144 1922 ὡσαύτως
3173 1861 3388 1934 Νέρωνι
3419 1851 3744 1930 παραδοθεὶς
3765 1851 3858 1937 τὸν

2195 1936 2285 2006 διὰ
2313 1953 2499 2026 ξίφους
2526 1955 2622 2007 τοῦ
2663 1951 2967 2026 μαρτυρίου
3026 1948 3283 2022 στέφανον
3344 1943 3665 2015 ἀνεδήσατο,
3718 1936 3853 2014 μηνῖ

2195 2039 2408 2114 Ἰουνίῳ
2438 2044 2535 2110 κθ’,
2567 2042 2686 2095 καθ’
2743 2041 2808 2110 ἢν
2869 2039 3078 2114 ἡμέραν
3135 2039 3228 2092 καὶ
3272 2035 3470 2109 Πέτρος
3509 2031 3849 2106 ἐσταυρώθη,

2200 2130 2332 2202 μετὰ
2361 2127 2614 2205 περίοδον
2647 2130 2853 2204 χρόνου
2898 2129 3033 2198 ἐνὸς,
3064 2127 3302 2201 καθάπερ
3359 2125 3449 2179 καὶ
3505 2123 3726 2197 Μάρκος
3756 2119 3850 2175 καὶ

2197 2223 2408 2280 Λουκᾶς
2453 2221 2503 2274 οἳ
2562 2218 2939 2295 εύαγγελισταὶ
2997 2218 3086 2272 καὶ
3135 2209 3397 2276 Ἰάκωϐος
3430 2215 3458 2268 6
3497 2209 3851 2288 ἀδελφόθεος,

2197 2311 2271 2372 ὡς
2320 2305 2622 2386 ἔμπροσθεν
2655 2310 2887 2386 εἴρηται.
2920 2316 2974 2366 Ὁ
3014 2311 3107 2366 οὗν
3160 2309 3425 2382 μακάριος
3494 2308 3707 2364 Λουκᾶς
3762 2301 3852 2357 ἐπὶ

2196 2399 2380 2464 ἐλαίας
2449 2401 2800 2480 καρποφόρου
2885 2399 3222 2470 ἐσταυρώθη,
3307 2398 3382 2469 μὴ
3461 2392 3853 2470 εὑρισκομένου

2195 2489 2364 2560 ξύλου
2397 2493 2564 2564 ξηροῦ
2595 2488 2647 2544 έν
2674 2494 2754 2561 τῷ
2784 2490 2939 2561 τόπῳ
2996 2487 3132 2560 πρὸς
3185 2488 3250 2542 τὸ
3293 2483 3536 2561 γενέσθαι
3596 2482 3847 2555 σταυρόν.

2195 2579 2299 2636 Καὶ
2327 2573 2511 2634 λαϐών
2542 2599 2624 2639 τις
2659 2579 2724 2634 τὸ
2791 2583 2950 2651 σῶμα
3007 2576 3172 2633 αὐτοῦ
3227 2576 3314 2630 καὶ
3375 2573 3568 2646 μεταξὺ
3621 2569 3852 2626 πολλῶν

2199 2667 2482 2742 μνημείων
2515 2668 2687 2740 θάψας
2727 2665 2938 2738 ἄδηλον
2996 2665 3221 2736 ἐποίησε
3270 2665 3364 2718 τὸν
3402 2662 3588 2741 τάφον.
3635 2663 3753 2718 Τῶν
3789 2657 3850 2714 δὶ

2197 2758 2452 2828 μαθητῶν
2494 2755 2903 2826 ἀναζητούντων
2939 2753 3223 2828 μετέπειτα
3281 2752 3370 2807 καὶ
3433 2754 3508 2824 μὴ
3568 2747 3847 2819 εὑρισκόν-

2191 2866 2298 2900 των
2330 2846 2498 2900 αύτοῦ
2524 2846 2617 2900 τὸν
2647 2847 2815 2920 τάφον
2846 2842 2935 2900 διὰ
2964 2845 3027 2900 τὸ
3069 2842 3282 2912 πλῆθος
3345 2847 3453 2897 τῶν
3515 2840 3840 2913 μνημάτων,

2188 2934 2632 3009 προσευξαμένων
2717 2935 2892 2988 αὐτῶν
2977 2939 3045 3008 τῇ
3121 2934 3272 2987 νυκτὶ
3341 2931 3518 3004 ἐκείνῃ
3573 2927 3842 3001 κολούρια

2186 3019 2397 3098 ἓϐρεξεν
2427 3023 2454 3077 6
2487 3023 2615 3087 Θεὸς
2651 3024 2867 3098 ἱατρικά
2903 3021 3084 3078 ἐπάνω
3140 3027 3238 3077 τοῦ
3292 3022 3463 3097 τάφου
3515 3022 3614 3073 τοῦ
3669 3017 3834 3072 Ἀπο-

2190 3114 2410 3181 στόλου,
2444 3109 2699 3188 σύμϐολα
2727 3121 2827 3183 τῆς
2868 3115 3176 3185 ἐπιστήμης
3213 3111 3397 3179 αύτοῦ,
3423 3110 3515 3164 καὶ
3547 3108 3606 3163 ἐκ
3627 3107 3835 3163 τούτων

2181 3202 2391 3280 ἐγένετο
2422 3204 2700 3279 γνώριμος
2744 3205 2771 3258 ὁ
2820 3206 3014 3280 τάφος.
3048 3203 3128 3261 Οὗ
3175 3203 3238 3257 τὸ
3301 3202 3489 3274 τίμιον
3542 3198 3633 3253 καὶ
3674 3199 3836 3270 ἅγιον

2181 3293 2432 3367 λείψανον
2465 3294 2819 3366 ἀνακομισθὲν
2851 3293 2939 3348 ἐπὶ
3001 3291 3380 3350 Κωνσταντίου
3442 3290 3554 3364 (4-7)
3584 3292 3682 3343 τοῦ
3713 3287 3838 3342 υἱοῦ

2177 3386 2275 3436 τοῦ
2336 3380 2580 3458 μεγάλου
2665 3382 3063 3438 Κωνσταντίνου
3147 3377 3238 3436 διὰ
3299 3377 3396 3434 τοῦ
3454 3378 3613 3452 ἁγίου
3641 3381 3833 3451 Ἀρτε-

2183 3470 2312 3544 μίου
2346 3514 2360 3538 ,
2415 3471 2567 3542 ἐτέθη
2639 3471 2688 3527 ἐν
2745 3478 2824 3545 τῷ
2881 3475 2994 3543 ναῷ
3049 3474 3157 3525 τῶν
3213 3468 3412 3544 Ἀγίων
3460 3464 3834 3532 Ἀποστόλων,

2184 3559 2440 3616 ὑποκάτω
2491 3567 2592 3630 τῆς
2671 3561 2824 3634 άγίας
2899 3559 3196 3634 τραπέζης,
3260 3558 3376 3632 μετ’
3432 3553 3685 3630 ’Δνδρέου
3741 3555 3833 3609 καὶ

2180 3647 2456 3722 Τιμοθέου
2483 3655 2592 3704 τῶν
2625 3651 2795 3725 ἁγιων
2826 3647 3170 3705 ἀποστόλων.

2252 3741 2340 3813 [Ρ.
2373 3741 2498 3812 213]
2530 3740 2599 3796 Oi.
2627 3738 2808 3794 τοίνυν
2841 3735 3099 3795 Ἰουδαῖοι
3136 3737 3273 3811 μετά
3315 3737 3416 3805 τὴν
3469 3739 3567 3790 τοῦ
3624 3733 3828 3809 Κυρίου

2181 3827 2454 3902 ἀνάληψιν
2504 3827 2851 3901 ἀπολέμητοι
2909 3825 3182 3901 διέμειναν
3241 3821 3335 3896 ἔτη
3400 3826 3474 3898 μ’,
3540 3824 3826 3898 μετανοίας

2179 3917 2371 3979 αὐτοῖς
2414 3918 2600 3992 καιρὸν
2657 3919 2757 3986 τῆς
2821 3915 3200 3991 μακροθυμίας
3266 3913 3684 3980 ἀπεκτεινούσης
3728 3914 3826 3966 τοῦ

2181 4010 2334 4075 Θεοῦ,
2365 4007 2454 4060 ἳνα
2482 4007 3002 4081 γνωσιμαχήσαντες
3029 4006 3129 4072 τήν
3191 4001 3328 4058 ίδὶαν
3387 4000 3824 4058 ἀνακαλέσωνται

2178 4093 2589 4167 πλημμέλειαν.
2623 4095 2689 4151 Οἱ
2721 4093 2778 4150 δὲ
2812 4092 3026 4167 μᾶλλον
3061 4094 3136 4154 εἰς
3186 4093 3248 4147 τὸ
3307 4097 3497 4170 χεῖρον
3549 4090 3824 4150 νεύσαντες

2177 4187 2256 4254 τῷ
2287 4185 2468 4261 φθόνῳ
2498 4183 2588 4238 καὶ
2617 4182 2744 4245 τοὺς
2776 4182 2964 4259 ἁγίους
2999 4181 3258 4256 ἀνῄρουν,
3309 4181 3602 4259 Στέφανον,
3631 4178 3825 4234 Ἰάκω-

2177 4266 2273 4326 ϐον
2295 4273 2386 4326 τὸν
2419 4276 2514 4326 τοῦ
2544 4267 2830 4328 Ζεϐεδαίου
2881 4266 3142 4328 Ἰάκωϐον
3198 4269 3291 4324 τόν
3350 4266 3678 4345 ἀδελφόθεον
3734 4265 3825 4321 καὶ

2178 4358 2426 4422 λοιπούς.
2461 4361 2554 4417 Διὸ
2606 4361 2694 4415 καὶ
2759 4360 2923 4431 ἀξίως
2982 4359 3063 4436 ἐφ’
3119 4357 3342 4422 ἑαυτοὺς
3395 4359 3496 4426 τὴν
3553 4354 3820 4426 θεήλατον

2177 4447 2541 4504 ἐπεσπάσαντο
2620 4448 3016 4522 πανωλεθρία-δ.
3096 4449 3255 4505 ’Ὀθεν
3339 4446 3522 4507 αὐτοῖς
3613 4440 3823 4522 φοϐερά

415 4531 634 4600 spicuis
671 4531 1018 4586 denuntiata
1049 4534 1358 4604 portentis.
1423 4536 1563 4589 Nam
1622 4552 1736 4606 quo
1795 4543 2060 4608 tempore

2185 4542 2376 4613 τημεῖα
2407 4542 2497 4596 καὶ
2558 4541 2754 4616 ἐναργῆ
2810 4537 3198 4608 ἐπεδείκνυντο,
3250 4539 3350 4607 τήν
3386 4537 3695 4611 μέλλουσαν
3723 4559 3823 4592 κα-

411 4636 751 4689 azymorum
783 4620 1061 4675 solemnis
1113 4622 1305 4693 agitur
1331 4623 1634 4692 festivitas,
1668 4626 1823 4680 circa
1852 4627 2058 4683 horam

411 4710 605 4764 noctis
636 4725 874 4777 nonam,
909 4716 1136 4764 tantum
1168 4727 1332 4766 aram
1373 4713 1775 4784 templumque
1808 4716 2058 4770 circum-

405 4797 571 4852 fulsit
603 4799 806 4854 lumen
840 4799 998 4869 quod
1025 4817 1130 4871 per
1161 4801 1452 4871 integram
1479 4801 1708 4857 duravit
1758 4804 1964 4859 horam
1996 4813 2060 4862 ut

404 4889 530 4942 dies
565 4891 860 4945 videretur
881 4890 1054 4945 facta.
1080 4891 1302 4944 Deinde
1324 4891 1495 4946 stella
1525 4908 1702 4963 supra
1723 4894 1930 4949 urbem
1962 4912 2058 4950 en-

403 4979 483 5033 sis
519 4980 713 5051 specie
738 4979 1034 5050 apparuit.
1071 4978 1202 5033 Alio
1227 4984 1490 5050 tempore
1512 4987 1680 5052 porta
1711 4982 1894 5050 urbis,
1929 5000 2059 5054 quas

2169 4625 2540 4702 ταλαμϐάνειν
2571 4630 2771 4692 αὐτοὺς
2803 4629 3005 4684 ἅλωσιν
3056 4627 3465 4703 προμηνύοντα.
3498 4629 3586 4684 Ἐν
3616 4627 3721 4704 γὰρ
3751 4633 3816 4695 τῆ

2166 4723 2274 4773 τῶν
2309 4719 2559 4794 Ἀζύμων
2593 4721 2776 4793 ἑορτῇ,
2810 4719 2933 4794 περὶ
2964 4716 3108 4790 ὥραν
3141 4719 3184 4781 θ’
3213 4724 3310 4786 τῆς
3341 4716 3528 4778 νυκτὸς
3557 4721 3820 4771 τοσοῦτον

2169 4812 2283 4881 φῶς
2321 4813 2428 4862 τῶν
2454 4809 2582 4864 ναὸν
2612 4806 2955 4884 περιέλαμψε
3003 4806 3091 4862 καὶ
3138 4807 3230 4862 τὸν
3264 4807 3450 4881 βωμὸν
3506 4807 3631 4880 περὶ
3678 4803 3824 4878 ὥραν

2173 4896 2298 4972 μίαν
2361 4898 2436 4960 ὡς
2491 4895 2670 4954 δοκεῖν
2730 4896 2939 4972 ἡμέραν
3021 4899 3312 4974 γενέσθαι.
3367 4898 3592 4952 Ἔπειτα
3647 4896 3822 4969 ἀστὴρ

2171 4985 2396 5058 ὕπερθεν
2447 4993 2546 5055 τῆς
2604 4985 2819 5048 πόλεως
2879 4985 3126 5063 ῥομφαίᾳ
3182 4984 3486 5057 παρόμοιος
3544 4981 3822 5038 ώπτάνετο

1601 5079 1966 5136 XYLANDRI
2005 5084 2093 5138 ET
2134 5086 2350 5141 GOARI
2387 5087 2608 5142 ΝΟΤᾹΞ.

480 5195 591 5262 (47)
619 5194 948 5277 Αιιὼιος-ιοι*
968 5193 1380 5247 Constantium
1406 5195 1636 5277 nestitui
1656 5213 1760 5277 pro
1775 5197 2058 5277 Constan-

411 5265 557 5324 tino,
592 5282 724 5318 cum
756 5267 1085 5318 etZonaras
1117 5281 1350 5318 mecum
1419 5265 1596 5320 faciat
1653 5265 1710 5321 in
1745 5269 1858 5324 vita
1916 5273 2058 5325 Con—

410 5336 635 5399 stantii,
699 5342 755 5388 et
802 5336 1167 5405 Nicephorus
1222 5354 1276 5403 x,
1323 5341 1376 5400 2,
1428 5336 1475 5390 si
1526 5339 1913 5395 Theodoritus
1974 5361 2060 5407 ιιι,

412 5408 494 5491 .1‘8:
535 5413 589 5457 et
615 5407 1317 5491 fragnipnlunilporotbei
1349 5411 1644 5491 martyris,
1678 5413 1835 5480 quod
1894 5414 2060 5470 Lucaa

406 5475 717 5564 Evangelio
735 5477 885 5531 solet
899 5478 1487 5564 pra-fighquanquam
1504 5475 1566 5535 in
1583 5475 1649 5564 eo
1669 5475 1898 5564 (filoque
1919 5490 2060 5538 Κων-

407 5549 683 5625 σταντίνου
739 5565 842 5625 pro
903 5549 1286 5625 Ιξιιλνσταντίου
1345 5552 1546 5625 vitiose
1618 5549 1829 5625 legitur
1885 5563 1942 5608 et
2007 5557 2057 5611 is

408 5619 568 5674 illius
598 5618 785 5689 Magni
820 5618 1184 5689 perhibetur.
1219 5623 1361 5676 Nam
1414 5618 1836 5681 Constantinus
1867 5627 2055 5700 Magni

2175 5201 2616 5283 filiuscelerius
2645 5208 2734 5283 est
2763 5201 3029 5283 sublatus
3059 5218 3235 5283 quam
3254 5200 3539 5283 ἰιιμίρείυὲ
3571 5199 3822 5283 imperi}?

2172 5273 2396 5354 aliquid
2423 5273 2632 5327 horum
2677 5275 2806 5329 fieri
2848 5271 3126 5400 potuerit.
3163 5273 3270 5328 Sed
3307 5279 3363 5328 et
3379 5271 3450 5328 in
3505 5271 3820 5344 Soph—ronii

2173 5351 2454 5400 scriptum
2489 5350 2579 5398 est
2607 5345 2680 5400 de
2721 5347 2786 5400 D.
2889 5363 3001 5400 uca
3055 5346 3408 5400 fraizmento.
3460 5361 3614 5399 anno
3663 5346 3820 5398 Con-

2173 5345 2454 5416 scriptum
2487 5350 2579 5416 est
2607 5345 2680 5400 de
2721 5347 2786 5400 D.
2849 5345 3001 5401 Luca
3055 5346 3408 5416 fragmento,
3460 5361 3614 5399 anno
3663 5346 3820 5416 Gon-

2169 5415 2414 5469 stantini
2447 5415 2727 5489 vigesimo
2772 5417 3052 5488 reliquias
3083 5415 3212 5489 ejus
3263 5417 3492 5489 Cpolim
3523 5430 3652 5489 esse
3685 5415 3821 5489 alla-

2170 5491 2258 5541 tas
2285 5511 2299 5551 ;
2333 5485 2491 5614 (μὲοά
2513 5485 2867 5544 mendosum
2897 5485 3139 5562 prorsus
3170 5493 3259 5544 est
3288 5485 3349 5542 in
3394 5485 3636 5542 nomine
3669 5492 3727 5540 et
3759 5486 3819 5540 in

2170 5574 2345 5614 anno.
2428 5575 2513 5614 YL.

2167 5574 2345 5615 anno.
2377 5574 2513 5614 AYL.
