4186 6198
328 354 448 415 413

1460 348 2015 412 HISTUltlARUM
2060 351 2621 417 COMPENDIUM.

3623 365 3743 425 414

331 484 575 542 Ἀλλοτι
604 486 639 554 ἡ
672 483 1008 555 Ἀνατολική
1043 480 1192 551 πυλη
1226 479 1411 567 χαλκῆ
1460 490 1560 554 τῆς
1608 484 1851 551 πόλεως,
1883 504 1970 554 ση.

2096 492 2269 559 porta
2297 489 2614 546 Orientalis
2644 490 2881 561 dicitur,
2941 509 3097 548 terea
3151 509 3219 549 ac
3275 494 3510 551 ferratis
3540 496 3742 556 obdita

332 571 647 649 δηροδέτοις
675 571 971 645 κλειομένη
1009 570 1250 646 μοχλοῖς
1297 574 1387 627 καὶ
1432 574 1595 646 μόλις
1634 574 1736 629 ὑπὸ
1768 570 1979 647 ἀνδρῶν

332 664 382 721 λ’
411 661 772 738 ἀνοιγομένη,
804 656 959 739 ὤφθη
991 663 1115 735 περὶ
1146 660 1289 737 ὥραν
1346 663 1396 733 η’
1446 664 1543 731 τῆς
1597 662 1787 723 νυκτὸς
1818 661 1980 733 ἁνεῳ·

328 754 530 833 γμένη.
591 753 764 809 Πάλιν
823 752 1112 828 ὠράθησαν
1189 755 1294 830 πρὸ
1370 752 1538 823 ἡλίου
1598 751 1800 815 δύσεως
1854 752 1982 807 ὡσεὶ

330 848 547 922 ἅρματα
608 844 856 919 μετέωρα
910 844 1001 899 καὶ
1068 841 1403 919 στρατόπεδα
1459 842 1665 900 ἔνοπλα
1729 843 1853 918 περί
1892 842 1983 897 τὸν

326 936 469 1010 ἀάρα
499 933 860 1013 διατρέχοντα
916 934 1005 988 καὶ
1052 933 1147 996 τάς
1203 934 1394 995 πόλεις
1452 940 1551 1002 τῆς
1585 930 1849 994 Ἰουδαίας
1877 953 1982 1011 φο-

325 1019 498 1098 ϐερῶς
544 1022 1045 1099 περιστοιχίζοντα.
1111 1023 1220 1097 Πρὸ
1276 1021 1409 1077 ἐτῶν
1471 1019 1529 1077 δὲ
1581 1022 1852 1096 τεσσάρων
1880 1027 1980 1090 τῆς

321 1113 581 1175 ἁλώσεως
636 1112 688 1166 ἐν
747 1117 816 1187 τῇ
873 1112 1037 1185 ἑορτῇ
1112 1118 1214 1181 τῆς
1282 1109 1691 1187 Σκηνοπηγίας,
1749 1106 1827 1165 ἔτι
1884 1112 1981 1178 τῆς

320 1200 540 1262 πόλεως
570 1199 988 1275 εἷ’ρηνευούσης,
1018 1197 1301 1275 ἅντρωπός
1330 1221 1415 1263 τις
1471 1202 1681 1270 Ἰησοῦς
1739 1193 1983 1273 ὀνόματι

320 1289 574 1367 ἐξαίφνης
634 1290 687 1345 ἐν
752 1288 902 1363 μέσῳ
959 1293 1057 1344 τοῦ
1110 1288 1250 1344 λαοῦ
1299 1289 1586 1364 παρελθὼν
1630 1283 1777 1343 ἐϐόα’
1814 1288 1978 1358 (huiva

320 1381 430 1435 ἄπο
485 1378 792 1451 ἀνατολῶν,
850 1380 1005 1458 φωνή
1062 1378 1170 1434 ἀπὸ
1226 1376 1468 1452 δυσμῶν,
1519 1381 1673 1457 φωνή
1725 1378 1831 1434 ἀπὸ
1875 1382 1985 1439 τῶν

318 1470 596 1541 τεσσάρων
625 1464 862 1542 άνέμων,
894 1468 1049 1544 φωνή
1109 1465 1199 1521 ἐπὶ
1263 1466 1627 1541 Ἰεροσόλυμα
1674 1467 1761 1522 καὶ
1817 1468 1986 1522 πάντα

319 1559 414 1614 τὸν
448 1556 601 1613 λαόν.
645 1557 744 1612 Καὶ
801 1561 972 1612 ταῦτα
1021 1554 1117 1611 ἐπὶ
1179 1553 1420 1619 πολλαῖς
1475 1558 1712 1631 ἡμέραις
1769 1577 1988 1633 περιερτ

319 1649 566 1723 χόμενος
614 1646 752 1717 ὅλην
809 1646 912 1714 τήν
971 1644 1138 1701 πόλιν
1199 1643 1496 1709 ἀνενδότως
1554 1641 1708 1702 έϐοα.
1769 1631 1862 1701 Διδ
1893 1631 1981 1701 καῖ

319 1757 461 1798 τινες
507 1741 616 1791 τῶν
686 1732 947 1809 δημοτῶν
1010 1734 1481 1808 ἀγανακτήσαντες
1544 1735 1789 1808 μάστιξιν
1823 1733 1982 1789 αὐτὸν

316 1825 600 1900 ᾐκίζοντο.
628 1826 692 1881 Ὀ
740 1821 798 1879 δὲ
855 1823 989 1899 πρὸς
1024 1824 1256 1894 εκάστην
1287 1828 1392 1879 τῶν
1452 1823 1689 1899 πληγῶν
1732 1818 1973 1898 ἔκραζεν·
2008 1846 2055 1911 Β

313 1915 475 1987 Οὐαὶ,
508 1914 655 1983 οὐαὶ,
708 1913 830 1968 οὐαὶ
881 1919 1001 1976 τοῖς
1057 1913 1501 1989 Ἱεροσολύμοιςί
1552 1914 1682 1971 Κατ’
1712 1914 1883 1983 αὐτὴν
1916 1910 1975 1970 δὲ

311 2006 413 2073 τὴν
492 2005 685 2078 ἑορτὴν
751 2005 883 2079 βοῦς
938 2002 1170 2078 ἀχθεῖσα
1222 2004 1359 2078 πρὸς
1416 2003 1597 2068 θυσίαν
1655 2001 1974 2078 παραδόξως

310 2090 488 2150 ἔτεκεν
522 2092 651 2170 ἄρνα
682 2092 733 2149 ἐν
765 2093 915 2166 μέσῳ
968 2098 1068 2147 τοῦ
1141 2090 1312 2167 ἱεροῦ·
1372 2094 1512 2162 ἣτις,
1570 2094 1748 2166 οἶμαι,
1789 2097 1976 2169 σαφῶς

310 2183 549 2261 ἐνέφαινε
584 2184 686 2253 τήν
711 2183 1083 2259 γενησομένην
1132 2182 1319 2245 αὐτοῖς
1371 2179 1542 2256 ἄρδην
1574 2180 1970 2257 πανωλεθρίαν·

380 2278 503 2328 Τῶν
536 2272 629 2326 οὗν
658 2268 940 2329 Ἰουδαίων
990 2273 1091 2342 τήν
1149 2273 1285 2347 πρὸς
1342 2270 1469 2336 τοὺς
1498 2272 1809 2346 Ῥωμαίους
1842 2272 1972 2327 ὑπο-

310 2363 481 2437 ταγὴν
509 2360 858 2432 ἠθετηκότων
889 2359 1181 2416 ἀπέστειλε
1209 2355 1396 2435 Νὲρων
1444 2361 1847 2419 Οὐεσπασιανὸν
1879 2362 1972 2437 τὸν

312 2452 428 2507 υἱὸν
493 2450 658 2505 αὐτοῦ
715 2451 806 2504 καὶ
858 2451 1013 2505 Τίτον
1075 2451 1163 2505 τὸν
1219 2446 1438 2527 ἔκγονον
1512 2451 1705 2520 αὐτοῦ,
1773 2447 1824 2504 οἳ
1879 2435 1973 2504 καἰ

312 2541 620 2616 ἐπόρθησαν
668 2539 864 2611 αὐτὴν,
919 2543 1133 2597 πάντων
1188 2545 1295 2596 τῶν
1344 2542 1677 2615 Χριστιανῶν
1725 2537 1794 2595 δι’
1833 2540 1972 2595 ἀπο-

311 2630 607 2705 καλύψεως
716 2630 866 2692 θείας
942 2634 1051 2684 τῶν
1128 2627 1529 2704 Ἱεροσολύμῶν
1625 2627 1972 2699 ἐξελθόντων,

316 2720 480 2794 μόνον
533 2717 590 2773 δὲ
636 2723 745 2773 τῶν
793 2716 1071 2774 Ἰουδαίων
1122 2717 1183 2775 ἐκ
1234 2719 1414 2789 πάσης
1463 2725 1565 2787 τῆς
1603 2719 1793 2793 χώρας
1820 2716 1873 2773 ἐν
1904 2722 1974 2792 τῇ

308 2813 409 2864 τοῦ
442 2808 634 2886 Πάσχα
676 2808 838 2881 ἑορτῇ
899 2807 1080 2881 ὥσπερ
1136 2828 1190 2862 εν
1250 2807 1438 2883 εἱρκτῇ
1497 2812 1614 2870 τοῖς
1666 2806 1973 2882 Ἱεροσολύ-

317 2919 445 2973 μοις
503 2896 981 2970 συγκλεισθέντων,
1044 2897 1122 2959 ὡς
1182 2896 1327 2971 ἀμφὶ
1385 2896 1482 2958 τὰς
1533 2898 1846 2972 τριακοσίας
1881 2908 1976 2970 μυ·

305 2985 503 3063 ριάδας
534 3007 599 3041 το
631 2983 846 3055 πλῆθος
878 2986 1247 3061 ἀριθμεῖσθαι.
1308 2986 1404 3041 Καὶ
1454 2987 1649 3047 πάντες
1677 2987 1769 3041 τὸν
1802 2988 1978 3061 ἒπηρ-

300 3076 551 3150 τημένου
598 3073 783 3137 αὐτοῖς
834 3071 1068 3150 ὄλεθρον
1118 3075 1256 3149 πρὸς
1312 3080 1448 3130 Θεοῦ
1501 3072 1589 3130 διὰ
1618 3077 1716 3146 τήν
1744 3076 1822 3139 εἷς
1849 3078 1975 3151 Χριξ

305 3166 430 3221 στὸν
465 3165 559 3219 τὸν
590 3164 720 3220 Θεὸν
755 3166 916 3237 ἡμῶν
939 3161 1316 3237 τολμηθεῖσαν
1340 3163 1525 3227 αὐτοῖς
1552 3165 1854 3240 θεομαχίαν
1881 3186 1949 3220 κα

307 3254 624 3330 μιαιφονίαν
679 3250 902 3316 ἐνδίκως
978 3252 1323 3324 κατεδέξατο.
1402 3253 1806 3316 Οὐεσπασιανὸς
1862 3254 1964 3332 γὰρ

308 3342 363 3399 ἐν
391 3347 460 3419 τῇ
496 3341 827 3417 Παλαιστίνῃ
882 3343 1019 3417 μετά
1078 3343 1302 3407 θάνατον
1363 3342 1617 3419 Νέρωνος
1673 3343 1969 3421 ἀναγορευ-

306 3433 420 3496 θεὶς
453 3429 709 3507 βασιλεὺς
745 3432 846 3486 ὑπὸ
895 3434 995 3487 τοῦ
1046 3435 1280 3504 στρατοῦ
1309 3432 1448 3506 πρὸς
1478 3432 1698 3505 Ῥώμην
1730 3432 1968 3503 ἀπῆλθε,

307 3525 471 3579 Τῖτον
504 3523 596 3577 τὸν
630 3521 745 3576 υἱὸν
805 3520 975 3576 αὐτοῦ
1024 3518 1354 3595 καταλείψας
1411 3520 1599 3579 ἐκεῖσε.
1635 3524 1723 3596 [Ρ.
1755 3525 1880 3596 214]
1910 3524 1970 3581 Ὀ

307 3609 368 3667 δὲ
426 3610 717 3672 ἑλεπόλεις
776 3610 868 3665 καὶ
928 3610 1168 3684 πύργους
1230 3610 1520 3673 παντοίους
1569 3613 1969 3686 τεκτηνάμενος

308 3698 486 3776 διχῶς
535 3700 601 3756 τὰ
655 3700 813 3775 τείχη
865 3699 1263 3774 Ἱεροσολύμων
1304 3698 1687 3773 κατεπολέμει.
1722 3702 1965 3776 Ἐξελαύς

305 3793 549 3864 νειγοῦν
614 3792 711 3843 τοῦ
764 3783 864 3859 ἔξω
922 3787 1144 3863 τείχους
1198 3787 1326 3850 τοὺς
1383 3787 1703 3851 Ἰουδαίους.
1739 3792 1879 3864 Πρὸς
1913 3761 1970 3845 δὲ

303 3880 371 3934 τὸ
417 3876 672 3952 δεύτερον
734 3878 1142 3955 καταφυγόντας
1200 3880 1443 3943 κάκεῖθεν
1504 3876 1713 3956 σφόδρα
1768 3879 1970 3955 βιαίοις

296 3967 576 4039 πολέμοις
638 3967 945 4044 ἀναγκάσας
1001 3964 1089 4022 ἐπὶ
1172 3966 1234 4022 τό
1308 3963 1584 4042 ἐνδότερον
1644 3967 1731 4023 καὶ
1789 3967 1968 4042 τρίτον

299 4055 533 4111 συνώθει
565 4061 794 4132 χωρεῖν,
844 4056 985 4111 ὃπου
1039 4056 1129 4110 καὶ
1172 4076 1435 4131 καρτερας
1486 4053 1769 4133 διαμάχης
1816 4079 1968 4134 γενο-

302 4144 469 4220 μένης
573 4143 626 4215 ἐξ
729 4144 986 4219 ἑκατέρας
1063 4143 1411 4218 παρατάξεως
1493 4144 1748 4201 πλεῖστοι
1843 4146 1969 4202 ’ὀσοι

300 4235 631 4310 ἀνῃροῦντο.
667 4238 850 4305 Λιμοῦ
903 4231 960 4288 δὲ
1006 4234 1131 4288 τότε
1177 4235 1275 4302 τὴν
1330 4232 1493 4289 πόλιν
1540 4234 1829 4311 ἀφορήτου
1858 4257 1955 4291 καο

296 4328 719 4398 τακρατοῦντος,
769 4325 834 4391 ἦν
894 4319 1028 4377 ἰδεῖν
1083 4320 1283 4395 πολλῷ
1341 4322 1513 4399 χείρω
1542 4328 1649 4379 τῶν
1683 4323 1969 4400 πολεμίων

298 4412 428 4474 τοὺς
459 4410 614 4468 ἔνδον
676 4408 921 4486 δρῶντας
982 4410 1326 4474 στασιαστάς·
1395 4409 1450 4467 εἷ’
1500 4433 1606 4467 που
1654 4413 1756 4488 γὰρ
1807 4416 1969 4489 θύραν

300 4499 446 4557 εἶδον
502 4501 916 4574 κεκλεισμένην,
977 4504 1362 4563 κατακλῶντες
1423 4499 1736 4572 εἰσεπήδων
1791 4504 1878 4558 καὶ
1910 4504 1970 4560 ἐκ

2088 577 2371 646 vectibus,
2400 585 2456 634 et
2486 596 2662 650 quam
2694 598 2846 654 aegre
2871 582 3111 653 triginta
3141 583 3247 637 viri
3279 592 3525 655 possent
3555 589 3743 658 aperi-

2088 682 2174 731 re,
2204 666 2361 722 circa
2388 673 2651 724 octavam
2682 670 2874 725 noctis
2931 671 3139 727 horam
3196 673 3319 727 visa
3364 680 3454 728 est
3496 676 3737 746 aperiri.

2090 756 2315 811 Rursus
2346 763 2484 813 ante
2534 759 2679 815 solis
2738 777 3015 815 occasum
3067 762 3170 816 visi
3235 762 3465 817 suntin
3498 764 3737 820 sublimi

2089 859 2297 899 currus
2329 851 2386 899 et
2415 848 2707 903 exercitus
2737 850 2947 903 armati
2972 866 3077 921 per
3098 866 3296 905 aerem
3325 851 3479 906 874
3510 851 3741 908 discur-

2088 938 2288 988 rentes
2304 939 2481 1005 atque
2504 935 2748 991 urbibus
2768 938 2982 993 Iudaeae
3009 939 3352 994 terribiliter
3371 940 3735 996 circumfusi.

2088 1022 2350 1087 Quatuor
2378 1023 2556 1078 etiam
2582 1031 2719 1080 ante
2741 1026 3036 1081 excidium
3063 1028 3258 1095 annis,
3282 1028 3430 1083 festo
3463 1029 3739 1085 taberna-

2089 1108 2357 1166 culorum
2389 1111 2504 1178 die,
2537 1113 2681 1167 urbe
2714 1113 2905 1169 adhuc
2936 1121 3164 1185 pacata,
3197 1116 3284 1169 vir
3305 1117 3548 1186 quidam
3567 1119 3738 1174 Jesus

2089 1200 2331 1255 nomine
2355 1199 2548 1256 subito
2571 1201 2632 1257 in
2656 1201 2917 1258 medium
2939 1204 3141 1275 populi
3157 1221 3504 1277 progressus
3525 1206 3737 1262 clama-

2089 1289 2188 1343 vit.
2215 1291 2333 1344 Vox
2363 1289 2435 1345 ab
2462 1296 2594 1346 ortu
2626 1292 2789 1358 solis,
2827 1309 2937 1347 vox
2988 1293 3059 1347 ab
3106 1310 3341 1358 occasu,
3392 1311 3500 1349 vox
3530 1312 3563 1350 a
3594 1312 3737 1365 qua-

2089 1383 2224 1434 tuor
2253 1379 2457 1434 mundi
2488 1380 2851 1447 cardinibus,
2884 1398 2991 1436 vox
3020 1381 3300 1438 adversus
3328 1382 3737 1455 Hierosolyma

2091 1471 2150 1521 et
2175 1472 2356 1522 totam
2387 1474 2644 1540 gentem.
2680 1470 2813 1525 Haec
2844 1469 2943 1525 ille
2978 1487 3084 1542 per
3112 1470 3342 1542 aliquot
3370 1471 3519 1542 dies,
3554 1477 3739 1527 totam

2089 1555 2447 1611 circumiens
2466 1557 2831 1621 urbem,sine
2850 1560 3741 1620 intermissionevociferabatur.

2091 1645 2255 1710 Quod
2274 1645 2516 1717 quidam
2535 1646 2606 1702 de
2624 1649 2843 1719 p0pulo
2863 1648 3102 1721 indigne
3119 1649 3380 1705 ferentes
3402 1649 3600 1722 flagris
3619 1667 3749 1705 eum

2091 1734 2455 1801 ceciderunt,
2488 1735 2561 1791 ad
2588 1736 2852 1809 singulos
2883 1737 3036 1793 ictus
3067 1738 3501 1794 exclamantem
3535 1741 3738 1807 Va),sz

2091 1839 2173 1877 vas
2204 1824 2648 1897 Hierosolyma.
2682 1825 2899 1881 Eadem
2931 1826 3247 1882 festivitate
3277 1826 3384 1882 bos
3414 1827 3489 1882 ad
3511 1828 3736 1882 sacrifi-

2085 1912 2243 1969 cium
2265 1913 2521 1970 adducta
2540 1931 2759 1988 agnum
2783 1921 2953 1987 partu
2975 1916 3158 1971 edidit
3181 1917 3242 1971 in
3264 1916 3459 1972 medio
3482 1917 3735 1988 templo;

2086 2019 2202 2074 quo
2234 2003 2475 2074 quidem
2506 2004 2792 2077 prodigio,
2847 2005 2909 2059 ni
2966 2004 3161 2071 fallor,
3193 2005 3463 2061 funditus
3491 2006 3737 2062 exitium

2084 2092 2302 2148 Judaais
2332 2100 2534 2165 aperte
2560 2092 2672 2149 fuit
2702 2101 3243 2165 prmmonstratum.

2155 2270 2299 2324 Cum
2360 2286 2497 2342 ergo
2552 2269 2738 2325 Judaei
2771 2287 2805 2324 a
2835 2272 3115 2326 Romanis
3164 2271 3541 2338 defecissent,
3575 2270 3738 2325 misit

2084 2360 2233 2414 Nero
2266 2358 2695 2429 Vespasianum
2728 2359 2917 2415 ﬁlium
2949 2366 3005 2415 et
3035 2360 3248 2426 Titum,
3273 2361 3371 2431 qui
3397 2360 3732 2432 Hierosoly-

2082 2464 2243 2504 mam
2273 2447 2705 2503 exscinderent.
2737 2449 2941 2503 Divina
2964 2454 3087 2503 tum
3109 2448 3501 2519 patefactione
3532 2448 3733 2503 admo-

2083 2537 2193 2592 niti
2222 2536 2539 2591 Christiani
2572 2536 2833 2592 universi
2876 2536 3300 2606 Hierosolymis
3331 2541 3727 2603 excesserant,

2084 2626 2313 2697 solique
2342 2624 2528 2680 Judaei
2560 2625 2621 2680 in
2643 2625 2787 2680 urbe
2816 2631 3006 2694 erant,
3031 2624 3105 2680 ad
3127 2624 3430 2680 Paschatis
3464 2624 3730 2679 solemne

2086 2715 2444 2770 sacriﬁcium
2461 2732 2527 2769 ex
2544 2713 2866 2770 totaJudaa-a
2880 2731 2947 2768 eo
2964 2714 3207 2785 profecti
3220 2714 3442 2786 ,ibique
3457 2719 3734 2785 tanquam

2084 2805 2145 2858 in
2170 2819 2405 2859 carcere
2428 2802 3069 2859 inclusi.Multitudinis
3093 2817 3376 2858 numerus
3397 2802 3510 2858 fuit
3528 2803 3604 2858 ad
3625 2809 3737 2858 ter-

2083 2893 2328 2949 millena
2348 2892 2668 2964 millia;qui
2682 2909 2889 2948 omnes
2903 2893 3102 2948 divina
3113 2892 3373 2947 vindicta
3393 2891 3738 2947 rebellionis

2085 2999 2207 3038 suta
2237 2988 2443 3038 contra
2464 2982 2759 3037 Christum
2783 2982 3101 3037 Dominum
3123 2987 3415 3048 nostrum,
3438 2982 3736 3053 caedisque

2083 3079 2145 3133 in
2177 3094 2311 3133 eum
2347 3083 2600 3147 statutae,
2626 3077 2805 3132 exitio
2833 3094 2940 3133 suo
2964 3094 3167 3149 pmnas
3187 3076 3737 3133 dederunt.Etenim

2087 3168 2482 3240 Vespasianus
2501 3167 2565 3223 in
2588 3167 2910 3223 Palaastina
2927 3166 3171 3239 degens,
3205 3183 3239 3222 a
3270 3172 3461 3221 morte
3491 3167 3741 3221 Neronis

2084 3259 2410 3329 imperator
2448 3256 2522 3312 ab
2577 3256 2845 3313 exercitu
2875 3263 3108 3312 creatus
3137 3258 3387 3311 Romam
3417 3254 3582 3321 abiit,
3612 3255 3736 3310 Tito

2075 3346 2199 3402 ﬁlio
2227 3347 2376 3403 875
2414 3362 2519 3402 suo
2538 3345 2617 3401 ibi
2647 3345 2937 3401 relicto.Is
2958 3344 3267 3400 machinas
3297 3344 3371 3400 ad
3393 3359 3739 3416 oppugnan-

2073 3436 2218 3493 dum
2240 3440 2408 3507 aptas
2430 3435 2744 3506 omnisque
2774 3435 3044 3508 genereis
3066 3438 3259 3490 turres
3288 3432 3735 3500 fabricatus,bi—

2074 3523 2286 3583 fariam
2309 3542 2509 3580 muros
2533 3524 3078 3596 Hierosolymorum
3094 3522 3734 3595 oppugnavitJudaios-

2076 3631 2191 3685 que
2210 3631 2374 3669 muro
2401 3614 2690 3669 exteriore
2710 3613 2950 3669 abactos
2972 3612 3048 3669 ad
3073 3612 3401 3668 secundum
3419 3612 3727 3685 compulit.

2075 3700 2219 3756 Inde
2250 3717 2487 3771 quoque
2516 3701 2745 3772 magnis
2774 3700 3204 3755 certaminibus
3236 3716 3338 3754 eos
3367 3699 3441 3754 ad
3490 3699 3729 3754 tertium

2077 3790 2306 3862 redegit
2335 3807 2574 3846 murum
2602 3807 2615 3856 ;
2639 3790 2739 3844 ubi
2763 3790 2885 3845 acri
2908 3790 3231 3844 commissa
3260 3805 3457 3861 pugna
3486 3788 3728 3859 plurimi

2077 3879 2149 3936 ab
2182 3885 2431 3950 utraque
2462 3884 2628 3950 parte
2658 3877 3084 3934 occubuerunt.
3130 3876 3375 3931 Interim
3421 3892 3555 3931 cum
3586 3875 3727 3929 urbs

2077 3968 2438 4025 intolerabili
2461 3969 2616 4024 fame
2640 3964 3350 4035 conﬂictaretur,vidisses
3374 3965 3547 4036 longe
3569 3968 3726 4019 atro-

2076 4060 2237 4115 ciora
2267 4058 2428 4113 intus
2486 4074 2521 4113 a
2576 4057 2913 4128 raptoribus
2968 4071 3146 4127 quam
3179 4054 3322 4109 foris
3351 4053 3422 4108 ab
3455 4052 3724 4107 hostibus

2078 4148 2295 4204 damna
2315 4146 2616 4202 dari.Nam
2639 4146 2828 4202 sicubi
2842 4147 3090 4217 januam
3113 4143 3378 4199 viderent
3398 4141 3719 4208 occlusam,

2077 4254 2146 4293 ea
2175 4239 2418 4293 effracta
2444 4236 2853 4308 irrumpebant
2872 4235 3157 4305 bolosque
3180 4252 3250 4288 ex
3280 4233 3426 4304 ipsis
3452 4231 3720 4287 faucibus

2074 4330 2385 4385 hominum
2408 4327 3082 4399 eripiebant.Propterea
3096 4332 3155 4381 et
3173 4341 3345 4380 senes
3365 4323 3721 4395 torquebant

2077 4424 2137 4473 et
2164 4417 2445 4474 mulieres
2475 4417 2783 4473 laniabant
2800 4422 2859 4472 et
2886 4416 3140 4471 infantes
3172 4420 3342 4469 terra)
3371 4413 3718 4483 allidebant,

2077 4512 2310 4564 meatus
2354 4506 2767 4579 pudendorum
2821 4506 2966 4577 pisis
3023 4504 3397 4572 obturabant,
3456 4518 3720 4573 anosque

293 4595 405 4647 τῶν
439 4590 731 4667 φαρύγγων
798 4590 1169 4664 γιηρπάζοντο
1231 4589 1331 4644 τὸν
1390 4590 1613 4664 ψωμόν.
1666 4592 1871 4647 Τούτου
1907 4590 1970 4665 δὴ

2083 4597 2437 4652 miserorum
2473 4595 2662 4651 acutis
2682 4594 2857 4667 virgis
2875 4592 3282 4666 penetrabant,
3304 4592 3389 4647 uti
3422 4608 3523 4646 eos
3554 4606 3719 4662 coge-

294 4673 452 4733 ἕνεκα
482 4676 576 4731 καὶ
623 4677 879 4750 γέροντας
939 4670 1259 4745 ἐϐασάνιζον
1319 4677 1412 4731 καὶ
1473 4678 1672 4752 γύναια
1701 4677 1966 4755 ἐσπάρατ-

295 4788 390 4822 τον
450 4765 541 4821 καὶ
600 4766 770 4836 νήπια
825 4762 1063 4838 ἤρασσον
1124 4762 1199 4826 είς
1256 4771 1382 4839 γῆν.
1450 4761 1707 4842 Ὀρόϐοις
1756 4766 1814 4823 δὲ
1840 4762 1968 4824 τοὺς

295 4857 503 4931 πόρους
565 4858 676 4909 τῶν
770 4851 992 4909 αἰδοίων
1088 4852 1507 4933 ἐμφράττοντες,
1580 4856 1672 4911 καὶ
1738 4854 1965 4932 ῥάϐδοις

299 4942 500 5018 ὀξείαις
528 4945 624 5005 τὰς
651 4939 811 5018 ἕδρας
869 4947 976 4997 τῶν
1040 4940 1246 5007 ἀθλίων
1310 4941 1758 5019 διαπερονῶντες,
1791 4946 1966 5013 οὕτως

297 5034 605 5108 ἠνάγκαζον
651 5029 822 5105 δράκα
882 5032 1009 5105 μίαν
1069 5032 1308 5108 ἀλφίτου
1365 5038 1603 5105 μηνῦσαι
1656 5038 1962 5111 κεκρυμμέ-

296 5146 419 5195 νην.
488 5121 590 5178 Καὶ
676 5117 882 5196 χόρτου
975 5121 1070 5193 μὲν
1166 5123 1528 5199 σπαράγματα
1595 5121 1958 5199 διεμασῶντο»

300 5214 533 5289 μητέρες
584 5208 641 5265 δὲ
669 5208 776 5265 τῶν
838 5210 1053 5280 νηπίων
1106 5216 1227 5274 ταῖς
1267 5212 1469 5268 ἑαυτῶν
1503 5213 1662 5293 χερσὶ
1692 5220 1771 5288 τῷ
1804 5215 1957 5291 λιμῷ

299 5298 713 5376 μαραινομένων
765 5298 1110 5373 ὑπερεώρων,
1151 5300 1238 5355 κειῗ
1287 5305 1394 5356 τῶν
1446 5304 1551 5378 πρὸ
1597 5309 1705 5359 τῶν
1757 5305 1955 5379 ὀφθαλ-

298 5396 418 5466 μῶν
468 5389 646 5444 αῦσῶν
701 5387 1046 5458 θνησκόντων
1106 5388 1196 5443 καὶ
1252 5394 1321 5463 τῇ
1376 5390 1553 5464 ἓνδείᾳ
1604 5405 1955 5474 καταφθειρο-

300 5480 473 5556 μένων
535 5476 987 5553 παρελογίζοντο.
1050 5483 1201 5533 Πᾶσα
1260 5476 1317 5534 δὲ
1376 5480 1523 5536 οἷ’κία
1572 5487 1777 5559 νεκρῶν
1810 5482 1953 5556 πλη-

300 5568 541 5647 ρουμένη
600 5567 688 5622 καὶ
741 5565 1012 5635 ἐπόζουσα
1067 5565 1332 5643 ἀργαλέον
1408 5567 1669 5645 ἐνέσκηψε
1727 5570 1947 5646 λοιμόν.

297 5659 399 5716 Καὶ
426 5654 652 5718 πλείους
701 5655 728 5710 ὁ
785 5654 953 5727 λιμὸς
1009 5655 1042 5724 ἦ
1100 5656 1129 5709 ὁ
1186 5655 1433 5730 πόλεμος
1461 5659 1728 5716 ἀνάλωσε
1760 5660 1813 5716 τί
1843 5661 1946 5739 γὰρ

2075 4691 2211 4741 rent
2240 4685 2530 4758 pugillum
2547 4701 2734 4741 unum
2764 4684 2973 4740 farinaa
2995 4683 3408 4738 absconditum
3430 4679 3715 4735 indicare.

2074 4774 2582 4831 Manducabantur
2609 4773 2807 4829 herbas
2836 4772 3052 4827 evulsas
3078 4789 3093 4837 ;
3127 4776 3184 4825 et
3214 4776 3432 4825 matres
3464 4783 3600 4822 suos
3622 4767 3718 4820 in-

2071 4864 2269 4920 fantes
2297 4864 2456 4919 inter
2485 4864 2747 4935 ipsarum
2775 4878 2987 4918 manus
3029 4861 3185 4915 fame
3216 4858 3583 4914 tabescentes
3612 4871 3719 4909 ne-

2071 4953 2391 5027 gligebant,
2422 4952 2694 5023 fameque
2725 4956 2861 5006 ante
2914 4948 3118 5004 oculos
3163 4963 3302 5002 suos
3334 4944 3714 5000 morientium

2071 5042 2300 5099 nullam
2321 5040 2621 5097 ducebant
2646 5040 2956 5094 rationem.
2983 5039 3162 5091 Porro
3190 5040 3386 5091 autem
3410 5032 3713 5097 cadavera,

2070 5132 2287 5206 quibus
2320 5148 2528 5188 omnes
2559 5135 2730 5186 erant
2774 5128 2986 5183 domus
3039 5125 3309 5197 oppletae,
3342 5124 3527 5178 fetore
3558 5121 3716 5177 edito

2066 5239 2304 5297 gravem
2327 5222 3119 5290 excitaveruntpestem.qua
3140 5214 3340 5286 plures
3361 5229 3539 5284 quam
3561 5211 3715 5267 bello

2065 5312 2397 5385 perierunt.
2431 5307 2581 5374 Quid
2613 5307 2773 5362 enim
2805 5322 2923 5361 non
2954 5304 3066 5360 fuit
3102 5302 3481 5374 absumptum
3502 5301 3529 5357 ?
3557 5302 3715 5356 Tunc

2069 5403 2247 5458 etiam
2281 5401 2501 5457 mulier
2520 5398 2795 5471 quaedam
2818 5397 3036 5453 nobilis
3063 5402 3239 5468 atque
3262 5395 3445 5461 dives,
3467 5395 3714 5450 nomine

2062 5490 2267 5557 Maria,
2303 5506 2433 5561 quae
2465 5505 2536 5543 ex
2563 5504 2701 5561 agro
2729 5488 2790 5542 in
2820 5486 3029 5542 urbem
3060 5485 3562 5558 confugerat,cum
3586 5501 3709 5539 om-

2059 5580 2238 5636 nibus
2268 5579 2391 5634 suis
2425 5576 2807 5634 facultatibus
2864 5581 3020 5633 esset
3051 5592 3085 5631 a
3115 5574 3407 5631 militibus
3438 5574 3711 5647 spoliata,

2055 5668 2346 5727 infantem
2367 5683 2546 5740 quem
2571 5666 2763 5724 adhuc
2782 5665 2932 5722 lacte
2961 5682 3067 5722 suo
3090 5664 3392 5722 nutriebat
3410 5662 3707 5721 mactavit:
