4194 6198
404 340 523 400 415

1751 333 2080 393 GEORGlI
2126 334 2468 399 CEDHENI

3698 333 3816 393 4Ιὸ

399 472 698 542 assatiq‘ue
719 469 1032 524 dimidium
1051 465 1532 536 voravit,reliquo
1551 465 1624 520 ad
1642 464 1820 520 aliam
1839 479 2054 520 cumam

2171 467 2494 544 παρελείφθη
2532 471 2608 544 μή
2664 470 2912 546 βρωθένς
2967 469 3109 527 Τότε
3169 468 3260 523 καὶ
3325 467 3457 544 γυνή
3489 487 3576 528 τις
3606 465 3823 539 εὐγενὴς

406 567 655 616 servato.
685 558 837 614 876
871 555 980 610 Sed
1011 554 1231 609 milites
1264 553 1472 608 nidore
1499 559 1775 625 percepto
1808 553 2054 608 domum

406 651 774 720 irruperunt,
829 650 1200 714 mortemque
1251 642 1488 698 mulieri
1528 643 1738 698 minati
1772 648 1912 698 sunt
1941 643 2056 697 nisi

412 740 609 793 cibum
644 735 1018 790 ostendisset.
1055 734 1198 786 Tum
1231 732 1335 787 illa
1365 732 1637 803 reliquiis
1667 732 1900 803 pueruli
1930 748 2061 802 pro-

411 827 585 880 latis:
621 826 773 888 Hmc,
809 823 1021 894 inquit,
1056 822 1197 876 olim
1233 839 1364 876 mea
1402 822 1511 876 fuit
1540 823 1800 894 genuina
1838 821 2056 896 proles,

409 931 567 970 nunc
597 913 971 968 miserrimus
1001 912 1190 966 cibus.
1251 911 1417 965 Edite
1460 917 1515 965 et
1563 928 1701 966 vos:
1761 928 1900 966 nam
1933 911 2060 981 ipsa

409 1019 643 1074 quoque
674 1001 788 1068 edi,
822 1018 1012 1072 neque
1044 1007 1166 1055 este
1197 1016 1291 1054 me
1335 999 1621 1071 genitrice
1653 1000 2056 1079 humaniores:

408 1094 508 1148 Sin
539 1094 917 1158 aversamini,
946 1093 1094 1146 mihi
1144 1091 1441 1162 reliquum
1501 1091 1805 1146 dimittite.
1841 1091 1942 1146 His
1971 1086 2060 1145 illl

401 1181 541 1236 visis
564 1187 740 1251 atque
769 1179 986 1234 auditis
1010 1178 1359 1250 plangentes
1382 1193 1547 1232 suam
1572 1177 1824 1248 quisque
1845 1176 2057 1232 faciem

397 1278 456 1327 et
486 1269 862 1325 tremebundi
896 1269 1186 1323 exierunt.
1248 1267 1344 1322 Sic
1393 1266 1612 1331 infans,
1647 1283 1716 1321 ex
1748 1282 1863 1337 quo
1897 1272 2058 1322 recte

398 1362 644 1418 eductus
673 1360 866 1414 fuerat
891 1363 1114 1424 ventre,
1138 1359 1199 1412 in
1233 1356 1507 1412 eumdem
1535 1373 1641 1427 per
1665 1356 1834 1412 nefas
1855 1356 2056 1411 rediit.

398 1450 574 1505 Aliud
597 1465 770 1520 porro
794 1447 894 1502 ira:
919 1448 1019 1502 Dei
1041 1446 1259 1502 Judzeis
1285 1445 1513 1500 infestae
1541 1446 1776 1518 signum
1794 1461 1988 1500 comm
2001 1453 2059 1500 e'

398 1545 683 1595 moratur.
715 1539 857 1593 Cum
891 1537 1049 1590 enim
1108 1535 1181 1590 ad
1241 1551 1444 1590 muros
1496 1551 1731 1590 summa
1761 1535 1811 1588 vi
1846 1541 2058 1590 manus

399 1633 878 1693 consererentur,
909 1626 1104 1682 subito
1162 1625 1318 1679 venti
1380 1625 1550 1680 turbo
1592 1625 1748 1679 inter
1776 1623 2056 1680 adversas

398 1719 555 1773 acies
587 1717 817 1783 incidit,
849 1716 949 1786 qui
990 1732 1022 1770 a
1055 1715 1338 1774 Romanis
1397 1715 1578 1769 missa
1634 1713 1754 1768 tela
1799 1719 1961 1768 recta
1992 1713 2055 1768 in

395 1807 627 1862 Judmos
659 1805 958 1878 dirigeret,
991 1805 1328 1860 Judmorum
1387 1810 1586 1859 autem
1645 1802 1762 1858 tela
1815 1802 2055 1873 obliqua

397 1901 722 1953 averteret:
752 1895 950 1965 itaque
983 1895 1229 1950 Romani
1261 1893 1520 1949 hostium
1555 1893 1759 1948 oculos
1789 1891 2055 1947 videntes

400 1986 638 2042 turbine
669 1985 1006 2056 perstringi,
1037 1983 1186 2038 clam
1221 1983 1294 2036 iis
1353 1983 1412 2036 in
1471 1997 1706 2037 murum
1742 1988 2054 2036 evaserunt

400 2089 793 2146 magnamque
827 2077 1079 2145 stragem
1116 2071 1449 2127 ediderunt.

2165 555 2255 608 xui
2286 556 2542 625 πλουσία,
2573 557 2815 633 τοῦνομα
2849 559 3052 633 Μαρία,
3107 558 3168 613 ἐκ
3215 563 3315 625 τῆς
3361 559 3547 630 χώρας
3578 574 3814 631 καταφυ-

2165 647 2335 718 γοῦσα
2364 648 2498 721 πρὸς
2527 651 2623 720 τήν
2659 648 2845 713 πόλιν,
2899 646 3088 716 ἐπειδή
3139 646 3310 702 πᾶσαν
3365 645 3532 714 αὐτῆς
3570 643 3672 698 ὑπὸ
3702 647 3812 698 τῶν

2167 741 2500 792 στασιαστῶν
2587 736 2829 816 ἀφῃρέθη
2913 740 3012 807 τὴν
3094 735 3425 810 περιουσίαν,
3505 733 3812 805 ὑπομάζιον

2168 816 2376 898 ἔχουσα
2430 825 2611 881 τέκνον
2674 832 2835 882 τοῦτο
2915 825 3188 890 καταθύει·
3264 824 3354 879 xui
3415 824 3696 894 ὀπτήσασα
3750 822 3814 876 τὸ

2167 911 2340 985 ἥμισυ
2373 914 2468 986 μὲν
2504 910 2689 991 ἔφαγε,
2743 917 2805 970 τὸ
2859 916 3031 990 ἣμισυ
3091 911 3148 968 δέ
3202 910 3570 985 καταλείψασα
3609 909 3814 986 ἐτήρει.

2168 1004 2234 1060 Οἳ
2293 1000 2350 1056 δὲ
2403 1007 2502 1069 τῆς
2556 1006 2780 1076 κνίσσης
2849 1004 3155 1077 αἰσθόμενοι
3216 1003 3304 1057 καὶ
3390 998 3816 1072 εἰσπηδήσαντες

2169 1091 2375 1148 ἀνελεῖν
2432 1093 2725 1164 ἠπείλουν,
2785 1094 2836 1150 εἷ’
2895 1096 2970 1169 μὴ
3031 1091 3312 1164 ἐπιδείξειε
3356 1092 3418 1146 τὸ
3453 1091 3632 1166 μέρος.
3665 1091 3728 1146 Ἡ
3761 1085 3819 1144 δὶ

2167 1185 2264 1236 τοῦ
2294 1179 2583 1257 παιδαρίου
2602 1182 2669 1238 τὰ
2692 1182 2917 1256 λείψανα
2947 1186 3346 1258 προαγαγοῦσα,
3368 1183 3562 1246 Τοῦτο,
3598 1174 3723 1252 ἔφη,
3753 1177 3819 1231 τὸ

2169 1270 2299 1343 ἐμόν
2331 1291 2462 1326 ποτε
2492 1273 2717 1346 γνήσιον
2747 1271 2951 1342 τέκνον,
3011 1275 3101 1325 νῦν
3163 1267 3221 1325 δὲ
3272 1268 3590 1336 πανάθλιον,
3624 1267 3821 1344 φάγετε

2167 1360 2254 1414 καὶ
2295 1361 2471 1433 ὑμεῖς,
2504 1362 2588 1416 δτι
2641 1362 2794 1437 κάγώ
2837 1357 3111 1437 βέϐρωκα,
3167 1359 3256 1414 καὶ
3319 1360 3394 1432 μὴ
3426 1355 3818 1433 γένησθεέμοῦ

2165 1456 2266 1519 τῆς
2324 1448 2454 1504 αὐτὸ
2509 1450 2914 1526 γεννησαμένης
2972 1447 3422 1524 συμπαθέστεροι·
3487 1446 3532 1501 εί
3574 1443 3631 1501 δὲ
3679 1446 3817 1500 ἀπο-

2166 1539 2474 1618 στρέφεσθε,
2503 1541 2566 1595 τὸ
2599 1543 2794 1596 Λοιπὸν
2850 1541 2974 1614 ἐμοὶ
3031 1537 3411 1612 καταλείψατε.
3446 1538 3515 1595 Οἱ
3547 1533 3605 1591 δὲ
3637 1533 3816 1595 οὕτως

2167 1626 2372 1692 ἰδόντες
2398 1629 2488 1684 καὶ
2523 1630 2870 1699 ἀκούσαντες,
2929 1631 3024 1691 τὰς
3083 1630 3263 1684 αὐτῶν
3321 1624 3473 1701 ὄψεις
3532 1627 3816 1700 τύψαντες,

2163 1719 2454 1793 τρέμοντες
2484 1717 2733 1790 ἐξῆλθον.
2769 1721 2928 1778 Οὕτω
2974 1719 3037 1774 τὸ
3087 1716 3272 1779 καλῶς
3305 1715 3363 1771 ἐκ
3417 1713 3632 1774 κοιλίας
3659 1713 3818 1784 ἐξελ-

2167 1809 2260 1870 θὸν
2321 1809 2523 1883 βρέφος
2585 1807 2660 1870 είς
2712 1810 2812 1877 τήν
2875 1809 3044 1877 αὐτὴν
3099 1807 3263 1863 πάλιν
3305 1810 3486 1867 κακῶς
3523 1804 3821 1878 ὑπέστρεψε

2167 1895 2421 1973 γαστέρα.
2456 1897 2556 1952 Καὶ
2597 1901 2759 1954 τοῦτο
2801 1895 2858 1953 δὲ
2906 1904 3008 1968 τῆς
3058 1895 3326 1968 θεηλάτου
3388 1895 3561 1969 ὀργῆς
3590 1898 3818 1966 σημεῖον

2164 1983 2474 2059 ἱστόρηται.
2520 1984 2623 2042 Καὶ
2682 1985 2787 2062 γάρ
2841 1984 3093 2059 πολέμου
3149 1984 3239 2041 ἐπὶ
3298 1987 3366 2058 τῇ
3426 1985 3664 2058 περιοχῇ
3697 2002 3826 2055 σφο-

2163 2069 2305 2147 δρῶς
2355 2072 2803 2152 συβρηγνυμένόυ
2861 2074 3079 2148 ἐξάπινα
3137 2072 3344 2138 θύελλα
3383 2070 3590 2150 σφόδρα
3625 2071 3823 2148 μεταξιξ

398 2164 506 2214 τῶν
578 2158 676 2214 δύο
747 2165 925 2234 μερῶν
989 2164 1412 2234 παρειεπεσοῦσα
1478 2158 1757 2233 τᾶᾼπαρὰ
1818 2163 1924 2213 τῶν
1993 2160 2278 2234 Ῥωμαίων
2350 2163 2445 2235 μὶν
2513 2163 2772 2241 ἀφιέμενα
2829 2163 2964 2240 βέλη
3024 2165 3306 2239 εὐστόχως
3359 2161 3539 2226 ’ἰθυνεν
3577 2160 3659 2216 ἐπ’
3706 2161 3820 2215 αὖ-

397 2257 550 2326 τοὺς,
609 2259 675 2312 τὰ
731 2258 874 2332 παρὰ
934 2254 1208 2313 Ἰουδαίων
1265 2255 1324 2312 δὶ
1375 2258 1510 2331 πρὸς
1570 2255 1762 2318 αὐτοὺς
1821 2257 2150 2332 πεμπόμενα
2205 2257 2412 2336 πλάγια
2468 2262 2784 2338 παρέσυρεν.
2844 2265 2996 2320 Ὅθεν
3033 2264 3126 2324 τὰς
3186 2260 3339 2337 ὄψεις
3371 2260 3550 2316 αὐτῶν
3584 2261 3638 2314 οἱ
3667 2260 3822 2315 Ῥω·

404 2353 559 2421 μαῖοι
617 2345 676 2402 ἐκ
730 2349 828 2416 τῆς
890 2346 1128 2418 θυέλλης
1193 2345 1611 2421 ἀμαυρουμένας
1689 2348 2005 2419 θεασάμενοι
2089 2347 2362 2424 λαθραίως
2432 2371 2491 2405 τε
2566 2347 2907 2408 ἐπανέϐαινον
2989 2351 3076 2408 καὶ
3155 2351 3387 2410 ἐκτόνως
3462 2348 3800 2406 κατέκτεινον

402 2457 614 2498 αυτους.

466 2527 628 2582 Titus
662 2525 1127 2598 Hierosolymam
1153 2525 1416 2583 biennali
1445 2527 1755 2584 obsidione
1787 2529 1847 2584 in
1880 2535 2045 2600 pote-

397 2622 607 2672 statem
633 2616 931 2672 redactam
953 2632 1074 2671 una
1094 2632 1229 2671 cum
1260 2617 1478 2688 templo
1501 2624 1686 2673 totam
1709 2618 1768 2672 in
1791 2618 2050 2674 favillam

399 2706 658 2762 ﬂammis
688 2705 931 2777 redegit.
967 2707 1126 2761 Tunc
1184 2705 1388 2776 utique
1418 2707 1618 2762 unctio
1667 2713 1723 2762 et
1754 2707 2051 2779 judicium

401 2794 625 2849 abolita
656 2800 811 2859 sunt,
847 2794 1206 2863 vastitasque
1254 2793 1419 2848 urbis
1465 2795 1731 2866 impleta,
1765 2797 2052 2852 nimirum

403 2883 698 2938 excidium
728 2902 738 2944 ;
775 2898 952 2953 quem
983 2882 1166 2936 Judaei
1221 2898 1340 2937 suae
1373 2885 1764 2938 contumaciae
1795 2885 2053 2942 fructum

403 2976 709 3042 ceperunt.
743 2970 892 3036 Quid
924 2976 1121 3025 autem
1178 2972 1392 3026 attinet
1451 2988 1545 3027 me
1580 2973 1614 3026 h
1649 2973 1701 3028 ic
1758 2974 2055 3045 prolixum

401 3077 532 3116 esse
547 3060 574 3115 ?
591 3061 883 3132 Josephus
900 3059 1157 3125 Judmus,
1184 3061 1448 3116 veritatis
1471 3061 2052 3135 observantissimus,

401 3153 501 3225 qui
535 3157 591 3207 et
622 3151 777 3206 bello
833 3156 890 3204 et
940 3150 1168 3206 excidio
1199 3150 1362 3206 urbis
1422 3152 1706 3217 interfuit,
1749 3153 2055 3210 historiam

407 3243 536 3314 ejus
563 3242 647 3296 rei
679 3240 1011 3311 descripsit.
1037 3241 1116 3294 Ea
1139 3240 1290 3295 lecta
1311 3257 1436 3295 rem
1469 3241 1703 3313 planius
1736 3243 2050 3316 intelliges.

403 3334 456 3386 ls
495 3336 586 3385 ter
633 3329 853 3384 millies
887 3329 1048 3383 mille
1083 3335 1424 3384 numeratos
1452 3330 1636 3386 fuisse
1667 3338 1869 3387 narrat
1901 3335 2047 3389 811

2233 2529 2317 2600 [P.
2353 2533 2482 2604 215]
2519 2531 2643 2587 Ἐπὶ
2680 2528 2799 2586 δυσὶ
2843 2527 2900 2586 δὶ
2948 2527 3116 2587 ἔτεσιν
3181 2531 3208 2585 ὁ
3263 2535 3424 2591 Τῖτος
3477 2529 3575 2596 τήν
3606 2530 3822 2599 ’Ἰερου-

2161 2614 2352 2689 σαλήμ
2381 2613 2714 2692 παραλαϐὼν
2745 2623 2918 2674 πᾶσαν
2949 2620 3120 2688 αὐτὴν
3171 2619 3260 2674 καὶ
3305 2619 3396 2673 τὸν
3441 2615 3492 2672 ἐν
3526 2615 3661 2688 αὐτῇ
3691 2616 3818 2669 ναὸν

2159 2705 2546 2780 κατῃθάλωσεν
2605 2705 2657 2762 ἐν
2717 2708 2866 2782 πυρί.
2950 2709 3091 2766 Τότε
3156 2709 3380 2777 ἀληθῶς
3440 2703 3814 2778 ἐξωλοθρεύθη

2162 2794 2390 2868 χρίσμα,
2450 2796 2541 2851 xui
2597 2802 2791 2870 κρῖμα,
2849 2797 2938 2852 καὶ
2996 2796 3045 2852 ἐν
3107 2795 3388 2867 συντελείᾳ
3440 2797 3473 2864 ἡ
3532 2794 3822 2867 ἐρήμωσις

2161 2881 2334 2950 αὐτῆς
2365 2878 2552 2953 ἐδόθη,
2583 2883 2829 2939 τουτέστι
2876 2881 3366 2955 συντετελεσμένην
3402 2879 3674 2936 ἀπώλειαν
3726 2881 3820 2934 καὶ

2162 2968 2541 3044 πληρεστάτην
2607 2971 2884 3047 ἐρήμωσιν
2936 2975 3034 3042 τῆς
3095 2971 3372 3036 ἀπειθείας
3441 2969 3615 3025 αὐτῶν
3665 2969 3820 3042 ἐτρῦ-

2162 3079 2332 3134 γησαν
2376 3059 2600 3134 καρπόν.
2662 3061 2763 3118 Καὶ
2802 3062 2855 3116 τί
2890 3083 2985 3134 μοι
3041 3063 3107 3117 τὰ
3138 3059 3323 3116 πολλὰ
3366 3059 3546 3135 λέγειν
3576 3080 3590 3127 ;
3625 3058 3819 3128 Ἰώση-

2163 3168 2267 3208 πος
2322 3149 2350 3202 6
2406 3146 2630 3222 ἐκεῖνος,
2690 3147 3008 3230 φιλαλήθης
3065 3149 3140 3206 ὥν
3181 3151 3387 3225 ἱστορεῖ
3446 3148 3570 3222 περὶ
3622 3148 3820 3202 τούτου

2163 3241 2243 3308 τῷ
2273 3257 2330 3291 τε
2360 3234 2595 3311 πολέμῳ
2650 3238 2741 3293 καὶ
2797 3242 2866 3313 τῇ
2923 3240 3125 3293 ἁλώσει
3183 3236 3357 3293 ἐκεῖσε
3402 3238 3592 3292 συνών.
3626 3239 3821 3308 Τούτῳ

2163 3347 2245 3388 τις
2306 3325 2549 3401 ἐντυχὼν
2618 3328 2814 3382 εἳσεται
2876 3327 3222 3406 σαφέστερον.
3262 3329 3360 3387 Ὃς
3417 3327 3508 3381 τὸν
3561 3327 3653 3399 μὲν
3685 3323 3818 3380 λαὸν

403 3437 537 3475 cum
567 3419 850 3473 uxoribus
879 3423 937 3472 et
966 3417 1189 3474 liberis.
1213 3418 1466 3473 Periisse
1491 3425 1687 3476 autem
1709 3422 2052 3491 fame,bello

2171 3413 2243 3478 είς
2305 3415 2615 3488 τριακοσίας
2676 3414 2940 3493 μυριάδας
2988 3415 3326 3489 ἠριθμῆσθαί
3384 3436 3517 3490 φησι
3571 3414 3662 3469 σὺν
3718 3436 3816 3484 νη·

405 3507 710 3574 intestino,
744 3513 800 3560 et
828 3507 886 3560 in
919 3506 1210 3561 cuniculis
1242 3507 1304 3562 in
1335 3525 1484 3578 quos
1517 3525 1644 3564 sese
1676 3511 1832 3567 ultro
1865 3513 2059 3572 inclu-

409 3602 612 3653 serant
659 3604 835 3667 atque
875 3596 1316 3664 interfecerant,
1365 3599 1648 3654 11000000
1678 3603 1852 3660 viros.
1890 3608 2055 3663 Reli-

409 3703 556 3759 quos
587 3687 688 3758 qui
721 3690 892 3741 aetate
925 3687 1152 3759 integra
1200 3704 1267 3742 ac
1310 3687 1752 3760 pulchritudine
1793 3698 2057 3768 corporis

411 3781 784 3849 praestarent,
807 3779 1052 3832 Romam
1077 3776 1136 3830 in
1165 3777 1464 3850 triumpho
1491 3779 1792 3850 ductos,ut
1821 3785 1901 3840 ibi
1924 3803 2056 3842 cum

409 3867 625 3922 belluis
657 3866 1050 3922 decertarent.
1084 3866 1163 3921 De
1215 3867 1446 3939 reliqua
1495 3870 1672 3926 turba
1704 3874 1805 3943 qui
1832 3889 2056 3932 annum

412 3961 472 4010 l7
500 3957 912 4023 excessissent,
947 3973 1046 4011 eos
1088 3957 1300 4027 partim
1354 3958 1417 4013 in
1469 3961 1774 4032 (Egyptum
1806 3964 1879 4019 ad
1913 3982 2060 4036 opus

406 4045 745 4103 faciendum
768 4048 1000 4108 missos,
1027 4046 1343 4117 plerosque
1371 4048 1429 4102 in
1459 4051 1788 4120 provincias
1819 4054 2058 4124 divisos,

412 4143 476 4191 ut
508 4136 567 4190 in
601 4136 844 4190 theatris
873 4135 952 4188 ibi
979 4135 1290 4190 autaferis
1313 4143 1687 4194 necarentur.
1712 4142 1819 4206 Qui
1861 4149 2059 4198 autem

411 4227 568 4280 intra
602 4229 663 4278 Π
696 4240 916 4279 annum
945 4225 1132 4279 aetatis
1165 4231 1471 4292 erant,eos
1493 4227 1554 4282 in
1588 4231 1926 4286 servitutem
1959 4233 2064 4287 ab-

413 4314 546 4368 duci
582 4330 647 4368 ac
679 4313 914 4368 divendi
939 4313 1193 4383 jussisse
1222 4315 1413 4370 Titum
1441 4334 1453 4381 ;
1488 4322 1546 4371 et
1587 4317 1846 4375 virorum
1881 4321 2061 4377 fuisse

412 4417 752 4467 numerum,
785 4402 885 4471 qui
917 4401 1214 4472 mancipia
1264 4403 1719 4476 abducerentur,
1752 4411 1819 4463 90
1851 4411 2062 4465 millia.

2167 3503 2313 3566 πίοις
2343 3505 2432 3559 xui
2463 3506 2720 3582 γυναιξὶν,
2782 3503 2978 3581 ἄνδρας
3038 3503 3095 3560 δὶ
3151 3504 3336 3560 ἐκατὸν
3389 3502 3515 3560 δέκα
3550 3500 3816 3578 μυριάδας

2167 3591 2221 3648 ἐν
2251 3599 2329 3666 τῷ
2360 3594 2512 3667 λιμῷ
2558 3597 2645 3650 καὶ
2679 3600 2758 3666 τῷ
2798 3593 3032 3668 πολέμῳ
3087 3599 3165 3666 τῷ
3221 3595 3357 3668 πρὸς
3387 3591 3692 3663 ἀλλήλους,
3723 3593 3814 3646 καὶ

2167 3683 2219 3740 ἐν
2251 3689 2331 3757 τῷ
2369 3684 2720 3760 συγκλεισμῷ
2777 3686 2822 3757 ᾦ
2879 3685 3100 3746 ἓαυτοὺς
3158 3683 3418 3744 ἐκουσίως
3446 3682 3496 3737 ἐν
3534 3680 3821 3758 ὑπογαίοις

2165 3776 2363 3838 πόποις
2444 3773 2790 3830 συνέκλεισαν
2869 3775 2957 3829 xui
3041 3775 3404 3840 κατέκτειναν,
3475 3770 3816 3849 διεφθορέναι

2167 3865 2552 3940 συνεγράψατο.
2617 3865 2714 3922 Καὶ
2772 3863 2900 3926 τοὺς
2961 3865 3055 3938 μὲν
3111 3863 3161 3917 ἐν
3228 3865 3377 3938 ἀκμῇ
3435 3870 3534 3932 τῆς
3595 3860 3820 3932 ἡλικίας

2166 3957 2256 4010 καὶ
2289 3955 2542 4029 σώματος
2599 3951 2794 4008 κάλλει
2847 3949 3196 4030 διαφέροντας
3254 3951 3334 4024 τῷ
3397 3946 3822 4026 θριάμϐῳῬώ-

2171 4067 2280 4120 μης
2312 4048 2551 4121 ἀχθῆναι
2583 4045 2658 4107 είς
2689 4042 3086 4119 θηριομαχίαν,
3125 4047 3221 4098 τοῦ
3275 4040 3451 4097 ἄλλου
3484 4039 3539 4096 δὲ
3568 4040 3820 4110 πλήθους

2166 4137 2294 4199 τοὺς
2329 4136 2425 4210 μὶν
2459 4135 2592 4210 ὑπὲρ
2649 4134 2716 4189 τὰ
2776 4135 2839 4203 ιζ’
2896 4130 2988 4203 ἔτη
3046 4132 3171 4192 τοὺς
3237 4131 3329 4204 μὲν
3365 4130 3620 4205 δεσμίους
3652 4130 3731 4194 εἷς
3759 4130 3825 4184 τὰ

2167 4226 2284 4280 κατ’
2343 4221 2606 4298 Α’ίγυπτον
2663 4221 2795 4296 ἔργα
2849 4222 3330 4297 παραπέμπεσθαι,
3378 4222 3504 4281 τοὺς
3532 4215 3825 4280 πλείστους

2171 4313 2228 4370 δὶ
2287 4313 2363 4378 εἷς
2416 4312 2512 4374 τὰς
2570 4311 2838 4387 ἐπαρχίας
2893 4311 3302 4385 ὖπερορίζεσθαι
3376 4309 3824 4385 φθαρησομένους

2169 4403 2222 4460 ἐν
2278 4404 2520 4478 θεάτροις
2578 4401 2669 4456 καὶ
2727 4398 2974 4476 σιδήροις
3052 4399 3140 4454 καὶ
3199 4399 3434 4474 θηρίοις.
3488 4397 3616 4461 τοὺς
3676 4397 3824 4458 ἐντὸς

411 4489 469 4546 δὶ
525 4493 632 4544 τῶν
692 4491 755 4558 ιζ’
814 4489 946 4544 ἐτῶν
1008 4488 1405 4564 αἶ’χμαλώτους
1460 4495 1752 4572 ἀπάγεσθαι
1807 4498 2257 4572 πραθησομένους
2312 4491 2610 4564 διετάξατο·
2669 4491 2878 4547 τούτων
2927 4489 2984 4546 δὲ
3039 4490 3216 4563 μόνων
3258 4491 3350 4546 τὸν
3384 4489 3615 4563 ἀριθμὸν
3647 4489 3690 4552 θ’
3725 4506 3829 4561 μυ·

411 4578 596 4658 ριάδας
669 4576 876 4652 ἀνδρῶν
911 4582 1349 4654 συνθεωρεῖσθαι.

481 4673 642 4725 Tunc
668 4670 844 4724 etiam
867 4671 1067 4724 Romae
1087 4670 1255 4725 aiunt
1272 4677 1500 4728 tantum
1521 4676 1814 4731 exstitisse
1838 4683 2057 4748 pestem

2244 4670 2385 4728 Τότε
2415 4666 2480 4740 δή
2514 4667 2602 4722 καὶ
2635 4666 2801 4742 λιμὸν
2847 4668 2982 4722 κατά
3029 4669 3130 4736 τὴν
3175 4667 3398 4738 Ῥώμην
3429 4665 3553 4742 φασῖ
3585 4663 3825 4740 γενέσθαι

410 4767 476 4817 ut
504 4777 610 4833 per
641 4759 859 4814 multos
890 4759 1016 4813 dies
1048 4760 1311 4830 quotidie
1343 4778 1521 4832 supra
1554 4764 1726 4818 10000
1751 4765 2062 4819 hominum

413 4851 567 4906 elata
597 4851 729 4904 sint.
767 4851 926 4903 Tunc
958 4854 1016 4904 et
1045 4849 1303 4904 Rhodios
1333 4850 1532 4906 ferunt
1579 4853 1886 4909 Colossum
1942 4860 2060 4910 sta-

415 4941 619 5007 tuisse,
654 4955 868 4994 mream
903 4944 1158 4995 statuam
1190 4940 1333 5006 Jovi,
1371 4941 1470 4994 127
1503 4942 1684 5012 pedes
1714 4942 1917 4998 altam.

483 5121 621 5174 Post
643 5126 874 5191 captam
899 5119 1370 5190 Hierosolymam
1396 5120 1646 5192 Symeon
1661 5119 1888 5192 Cleopaa
1907 5121 2064 5178 ﬁlius

412 5209 722 5280 episcopus
752 5211 882 5280 ejus
913 5208 1078 5264 urbis
1110 5209 1302 5264 factus
1335 5213 1442 5263 est.

483 5297 629 5350 Nero
657 5297 870 5367 plenus
891 5298 1080 5353 rabidi
1099 5298 1315 5353 furoris
1338 5301 1609 5362 matrem,
1634 5316 2066 5369 sororem,uxo-

415 5400 658 5453 remque
693 5405 828 5442 suas
860 5389 1108 5453 necavit,
1139 5394 1194 5442 et
1225 5405 1433 5442 omnes
1459 5405 1596 5443 suos
1629 5395 1909 5462 cognatos
1940 5391 2065 5462 plu-

421 5474 722 5544 rimosque
755 5477 1042 5531 nobilium
1077 5480 1498 5533 Romanorum.
1563 5479 1806 5552 Propter
1832 5487 2065 5552 turpem

423 5579 490 5617 ac
513 5561 890 5618 libidinosam
911 5566 1039 5635 ejus
1061 5567 1234 5620 vitam
1269 5583 1474 5622 mensa
1503 5569 1691 5639 ipsius
1717 5576 1804 5624 est
1825 5570 1897 5624 de
1919 5570 2065 5626 caelo

423 5657 597 5711 tacta.
627 5651 834 5710 Statim
857 5653 1098 5727 quidam
1118 5655 1386 5728 primarii
1417 5655 1525 5718 viri
1555 5658 1806 5718 insidias
1827 5659 1880 5718 ei
1910 5664 2064 5722 stm-

2171 4767 2416 4818 τοιοῦτον
2451 4761 2525 4822 ὡς
2577 4759 2708 4834 ὑπὲρ
2762 4759 2991 4833 μυρίους
3049 4756 3130 4834 ἐφ’
3179 4756 3413 4832 ἡμέραις
3448 4754 3664 4811 πλείοσι
3707 4757 3827 4811 καθ’

2172 4852 2380 4925 ἡμέραν
2431 4849 2814 4919 ἀποθνήσκειν.
2875 4846 3009 4904 Τότε
3069 4846 3159 4900 καὶ
3215 4845 3478 4902 κολοσσόν
3525 4865 3650 4918 φασι
3695 4845 3824 4906 τοὺς

2169 4938 2416 5001 Ῥοδίους
2447 4938 2738 5007 ἀναστῆσαι
2774 4935 2984 5006 στήλην
3031 4934 3089 4990 ἐκ
3142 4933 3356 5010 χαλκοῦ
3385 4939 3462 5005 τῷ
3493 4935 3598 5004 Διὶ,
3632 4934 3820 4990 ἑκατὸν

2174 5028 2486 5084 είκοσιεπτᾶ
2510 5023 2716 5082 ποδῶν.

2245 5121 2397 5176 Μετα
2425 5119 2522 5186 τήν
2569 5123 2668 5185 τῆς
2723 5115 3088 5189 Ἰερουσαλὴμ
3144 5113 3348 5170 ἅλωσιν
3404 5114 3630 5186 Συμεὼν
3661 5115 3690 5169 6
3720 5119 3823 5170 τοῦ

2175 5208 2392 5264 Κλεόπα
2421 5207 2514 5263 τὸν
2538 5205 2730 5281 θρόνον
2759 5203 3156 5278 Ἰεροσολύμων
3186 5202 3515 5280 διαδέχεται.

2245 5297 2411 5358 Οὗτος
2447 5297 2474 5350 6
2505 5294 2687 5370 Νέρων
2726 5295 2918 5368 μανίας
2968 5292 3175 5368 ἀλόγου
3224 5291 3485 5364 πλησθεὶς
3518 5293 3695 5350 ἀνεῖλε
3727 5297 3819 5369 μὶν

2173 5387 2271 5455 τὴν
2302 5387 2463 5442 αὑτοῦ
2508 5384 2713 5459 μητέρα
2762 5383 2850 5438 καὶ
2901 5385 2999 5453 τὴν
3046 5380 3286 5462 ἀδελφὴν
3333 5381 3420 5437 καὶ
3466 5385 3562 5452 τήν
3596 5391 3822 5459 γυναῖκα

2173 5478 2262 5532 καὶ
2317 5474 2444 5536 τοὺς
2500 5474 2559 5528 ἐκ
2616 5474 2804 5551 γένους
2857 5473 3004 5546 αὖτῷ
3063 5475 3440 5548 προσήκοντας
3492 5472 3692 5536 πάντας
3731 5475 3818 5530 καὶ

2172 5570 2280 5622 τῶν
2333 5563 2752 5637 ἐπισημοτάτων
2808 5562 3099 5636 Ῥωμαίων
3149 5560 3459 5624 πλείστους.
3491 5566 3582 5634 Τῷ
3609 5564 3699 5617 καὶ
3733 5561 3819 5620 διὰ

2173 5657 2266 5714 τὸν
2297 5655 2524 5734 αἰσχρὸν
2552 5655 2640 5712 καί
2696 5652 2904 5732 ἀσελγῆ
2965 5651 3090 5731 βίον
3146 5652 3316 5710 αὐτοῦ
3343 5654 3412 5725 τῇ
3459 5650 3696 5730 τραπέζῃ
3729 5675 3817 5711 κε-
