4194 6198
359 393 475 451 41⁸7

1480 382 1842 445 HISTORIA
1855 381 2018 443 ΗΠΜ
2066 377 2217 440 COM
2230 381 2616 446 PENDIUM.

3660 389 3777 449 418

368 522 560 600 ραυνὸς
592 518 897 590 ἐπιπίπτει,
928 518 1019 574 καὶ
1050 518 1206 581 εὐθὺς
1273 517 1598 573 ἐπιτίθενται
1663 515 1812 586 αύτῷ
1867 532 2008 573 τινες

2144 522 2362 574 terunt.
2389 519 2596 590 Itaque
2627 536 2764 576 suos
2788 520 2912 592 ipse
2953 521 3108 577 378
3146 523 3416 578 hortatus
3439 529 3529 578 est
3573 529 3638 579 ut
3663 524 3776 596 ipsi

366 619 475 668 τῶν
538 611 591 667 ἐν
652 609 800 666 τὲλει
842 611 1252 682 ἀναιρήσοντες.
1305 608 1368 665 Ὁ
1424 604 1483 662 δὲ
1546 603 1842 680 παρεκάλει
1898 601 2026 666 τοὺς

364 703 628 763 συνόντας
668 700 817 773 αύτῷ
847 697 1053 754 ἀνελεῖν
1086 698 1270 756 αὐτόν.
1301 702 1388 759 Ὡς
1449 693 1506 751 δὲ
1539 691 1719 758 υύδεὶς
1759 690 2025 766 ἠνέσχετο

369 797 534 849 τοῦτο
565 791 784 865 πρᾶξαι,
817 789 962 866 Ἐγὼ
997 787 1187 861 μόνος,
1216 782 1342 865 ἔφη,
1393 785 1516 842 οὕτε
1554 784 1716 864 φίλον
1769 777 1885 857 ἔχω
1931 781 2022 836 τὸν

357 884 607 951 σώζοντα
641 880 762 934 οὔτε
793 876 989 954 ἐχθρὸν
1016 878 1108 933 τὸν
1168 875 1494 952 ἀναιροῦντά
1554 895 1641 948 με.
1701 872 2021 931 Ἀποθανεῖν

364 971 515 1026 θέλει
545 973 581 1040 ἡ
614 969 800 1043 ψυχὴ,
832 968 921 1022 καὶ
955 969 990 1036 ἡ
1023 967 1146 1045 χεὶρ
1188 965 1297 1044 οὐχ
1355 965 1633 1040 ὑπηρετεῖ.
1686 963 1789 1018 Καὶ
1847 958 2027 1015 τελευ-

363 1067 516 1118 ταῖον
576 1059 841 1126 ἐπειπὼν,
899 1059 966 1111 Ὦ.
1050 1062 1167 1126 Ζεῦ,
1237 1058 1356 1118 οἷος
1412 1054 1668 1131 τεχνίτης
1719 1047 2025 1127 κιθαρῳδὸς

368 1149 677 1208 ἂπόλλυται
734 1148 924 1203 ἑαυτὸν
975 1147 1208 1203 ἀνεῖλεν.
1299 1145 1687 1204 Ἀποθανόντος
1747 1140 1805 1196 δὲ
1862 1139 2026 1195 αὐτοῦ

367 1241 508 1300 τινὲς
543 1237 701 1294 πιλία
723 1238 796 1298 ὡς
829 1237 1276 1311 ἐλευθερούμενοι
1329 1233 1599 1314 ἐφόρεσαν.
1659 1230 1789 1307 Περὶ
1845 1229 1906 1284 οὗ
1936 1227 2024 1282 καὶ

367 1325 603 1390 Βάλϐιος
652 1331 788 1401 (48),
845 1327 968 1399 περὶ
1025 1334 1126 1397 τῆς
1183 1327 1300 1381 κατ’
1359 1322 1525 1380 αὐτοῦ
1579 1323 1891 1391 ἐπιθέσεως,
1951 1318 2025 1380 ὡς

367 1416 571 1478 οἷ’κεῖος
603 1417 771 1471 αὐτοῦ
802 1413 875 1470 ὤν
909 1414 1204 1491 ἐρωτηθεὶς
1260 1414 1406 1486 παρὰ
1463 1409 1740 1487 Νέρωνος,
1795 1409 1871 1470 ὡς
1930 1404 2024 1460 καὶ

365 1506 528 1569 αὐτὸς
555 1507 607 1560 εἴ
637 1507 755 1561 κατ’
785 1505 921 1578 ἐμοῦ
956 1523 970 1573 ;
1003 1501 1129 1583 ἔφη,
1170 1501 1452 1581 Ἐφίλησά
1506 1522 1564 1557 σε
1627 1497 1824 1560 παντὸς
1886 1493 2027 1570 μᾶλ-

369 1595 466 1651 λον
506 1595 598 1650 καὶ
621 1595 875 1668 ἐμίσησα.
910 1597 996 1666 [Ρ.
1057 1595 1183 1666 216]
1253 1589 1522 1667 Ἐφίλησα
1578 1587 1806 1649 ἐλπίσας
1835 1585 2028 1660 ἀγαθὸν

368 1685 746 1760 αὐτοκράτορα
775 1681 985 1738 ἔσεσθαί
1025 1703 1104 1750 σε,
1142 1685 1286 1755 μισῶ
1344 1678 1401 1736 δὲ
1459 1679 1545 1735 ὅτι
1600 1682 1769 1734 ταῦτα
1821 1675 2023 1736 ποιεῖς’

369 1773 633 1848 οὔτεγὰρ
664 1771 1030 1846 ἁρματηλάτῃ
1086 1766 1211 1826 οὔτε
1268 1773 1490 1846 κυνηγῷ
1544 1764 1670 1823 οὔτε
1733 1761 2025 1841 κιθαρῳδῷ

372 1859 651 1916 δουλεύειν
685 1859 936 1934 δύναμαι.

443 1951 574 2007 Ἐπὶ
605 1949 852 2024 Νέρωνος
885 1949 936 2004 ἐν
970 1950 1163 2023 Ῥώμῃ
1229 1948 1430 2010 ὕπατος
1485 1945 1716 2007 Λεύκιος
1775 1945 2025 2006 Κούϊντος

377 2040 697 2101 Κικιννάτος
731 2041 949 2112 ἃριστος
984 2036 1231 2113 ἐδείχθη.
1276 2039 1485 2093 Τοῦτον
1513 2038 1548 2106 ἡ
1612 2033 1788 2111 βουλὴ
1821 2032 2027 2107 ἔπεμψε

371 2131 500 2191 τοὺς
534 2128 1031 2205 παραληψομένους
1070 2127 1158 2183 ἐπὶ
1207 2128 1306 2196 τὴν
1359 2127 1562 2202 ἀρχήν.
1599 2127 1800 2200 Ἔτυχε
1831 2122 1886 2179 δὲ
1916 2145 2025 2194 τη·-

371 2224 600 2274 νικαῦτα
630 2217 861 2294 ἄρουραν
913 2218 1276 2294 ἐργαζόμενος
1335 2216 1408 2278 εἷς
1469 2216 1690 2290 σποράν,
1749 2213 1838 2268 καὶ
1897 2213 2028 2268 ἀκο-

375 2310 595 2373 λουθῶν
627 2313 742 2371 τοῖς
779 2309 963 2384 βουσὶν
999 2307 1230 2382 ἀχίτων,
1286 2305 1696 2383 περιζωμάτιον
1737 2302 1882 2379 ἔχων
1937 2304 2028 2358 καὶ

373 2400 462 2456 ἐπὶ
534 2404 603 2474 τῇ
659 2397 871 2474 κεφαλῄ
941 2395 1129 2452 πῖλον.
1181 2394 1602 2470 Προδραμόντος
1653 2391 1709 2449 δέ
1745 2414 1892 2455 τινος
1937 2393 2028 2447 καὶ

373 2488 733 2549 κελεύσαντος
795 2485 884 2541 ἐπὶ
943 2487 1005 2542 τὸ
1061 2486 1438 2559 κοσμιώτερον
1506 2483 1692 2538 ἑαυτὸν
1776 2489 2026 2552 ποιῆσαι,

373 2576 666 2652 παρελθὼν
701 2575 775 2638 εἰς
805 2578 902 2646 τήν
936 2569 1182 2645 καλύϐην
1213 2575 1304 2628 καὶ
1361 2573 1768 2651 ἀμφιασάμενος
1807 2569 2027 2647 προῆλο

379 2679 490 2732 θεν.
527 2667 598 2723 Οἱ
630 2663 688 2719 δὲ
745 2663 1058 2734 ἠσπάσαντὸ
1089 2683 1148 2718 τε
1205 2661 1364 2718 αὐτὸν
1394 2661 1467 2724 ὡς
1500 2661 1700 2715 ὕπατον
1755 2660 1845 2716 καὶ
1928 2661 2030 2730 τήν

380 2755 792 2831 περιπόρφυρον
825 2751 1021 2822 ἐσθῆτα
1082 2750 1416 2826 περιέθεσαν.
1467 2753 1529 2808 Ὀ
1595 2747 1652 2805 δέ
1686 2750 1878 2825 μικρὸν
1911 2748 2030 2804 ἐπι-

383 2847 538 2920 σχὼν
569 2845 662 2899 καὶ
695 2842 982 2918 δακρύσας,
1012 2850 1292 2916 ’Ἄσπορον
1341 2841 1444 2915 ἄρα
1505 2863 1622 2915 μοι,
1653 2838 1781 2915 ἔφη,
1819 2837 1882 2895 τὸ
1915 2859 2030 2915 χω-

384 2935 502 3008 ρίον
535 2927 685 2988 ἔσται
725 2937 917 2987 τοῦτον
982 2931 1073 2986 τὸν
1139 2931 1399 2987 ἐνιαυτόν.
1466 2931 1563 2985 Καὶ
1622 2925 2028 3002 κινδυνεύσομεν

383 3023 498 3096 οὐχ
526 3020 660 3091 ἐξειν
695 3019 853 3074 πόθεν
880 3016 1237 3094 διατραφῆναι
1272 3037 1286 3087 ;

453 3112 578 3168 "Ott.
611 3112 647 3179 ἡ
716 3108 996 3183 ἐπωνυμία
1045 3113 1142 3162 τοῦ
1193 3107 1522 3162 ἐνιαυσιαίου
1577 3105 1809 3177 κύκλου,
1849 3107 1884 3175 ἡ
1937 3105 2032 3178 μὲν

383 3197 740 3274 ῥωμα’ίζουσα
769 3200 922 3276 φωνὴ
959 3199 1022 3252 τὸ
1086 3199 1312 3270 μήνυμα
1369 3196 1644 3270 σημαίνει*
1683 3194 1876 3268 μηνύει
1931 3193 2033 3271 γάρ

379 3291 417 3358 ἡ
449 3288 600 3366 ἀρχὴ
630 3289 730 3356 τὴν
765 3283 1046 3362 περίοδον,
1103 3285 1195 3340 καὶ
1251 3285 1413 3340 τοῦτό
1460 3286 1604 3340 ἶεστιν
1634 3285 1670 3353 ἡ
1732 3281 2024 3339 ίνδικτιών.

378 3379 392 3396 ε
477 3375 520 3396 λὶ
580 3378 592 3395 υ
729 3376 742 3394 \
1003 3373 1016 3394 Ι
1185 3371 1209 3392 ’Ῑ
1445 3374 1458 3389 ⁸
1564 3373 1576 3394 9
1691 3374 1700 3392 Ι
2013 3371 2027 3391 ’

397 3381 442 3434 Η
473 3395 532 3432 οε
599 3375 780 3438 Ελλας
811 3395 1146 3450 φερωνυμως
1183 3375 1344 3443 εθηκε
1397 3395 1498 3441 την
1559 3393 1902 3446 επινεμησιν.
1957 3373 2034 3429 Ou

377 3467 484 3540 γάρ
517 3465 593 3526 εἷς
625 3457 970 3538 ἀπαράϐατον
1000 3464 1092 3518 καὶ
1123 3463 1432 3537 ὡρισμένον
1479 3462 1644 3536 βάρος
1701 3462 1763 3516 τὸ
1802 3460 2034 3516 παλαιὸν

381 3555 436 3608 οἱ
475 3555 636 3633 φόροι
669 3558 786 3615 τοῖς
819 3552 1084 3622 ὓπηκόοις
1119 3551 1427 3621 ἐτάττοντο,
1481 3549 1608 3606 ἀλλ’
1661 3552 1696 3620 ἡ
1753 3555 1860 3605 τῶν
1913 3569 2036 3624 καρ-

382 3648 500 3698 πῶν
527 3643 732 3717 γένεσις
762 3643 860 3711 τήν
917 3641 1160 3711 σύνταξιν
1219 3641 1404 3702 αὐτοῖς
1471 3637 2032 3720 ἐφιλανθρωπεύσατο·

387 3735 751 3800 σπανίζουσαν
832 3731 933 3802 γὰρ
1026 3728 1356 3803 ἡλάυρυνεν,
1417 3729 1746 3799 εὐθηνοῦσαν
1805 3726 1863 3783 δὲ
1936 3727 2038 3782 ούκ

393 3814 635 3894 ἐϐάρυνε,
667 3819 760 3873 καὶ
793 3814 1053 3890 διένειμεν
1087 3817 1314 3878 ἀλύπως
1353 3822 1470 3878 τοῖς
1531 3813 2035 3890 φορολογουμένοις

390 3909 451 3964 τὸ
490 3908 781 3984 ἀνάλογον,
812 3906 902 3961 καὶ
953 3905 1078 3962 τότε
1129 3905 1218 3961 ὅτε
1248 3905 1411 3984 χρεία
1440 3903 1644 3960 ἐκάλει.
1678 3902 1923 3974 Μηδενὸς
1981 3899 2038 3956 δὲ

391 3997 544 4060 ὄντος
575 4002 674 4052 τοῦ
715 3997 1194 4075 φορολογουμένου
1226 3993 1339 4051 οὐδ’
1394 3993 1541 4057 ὅλως
1574 3996 1602 4049 ὁ
1633 3993 1798 4072 φόρος
1829 3991 2036 4068 ἐπράτ-

379 4109 522 4161 τετο,
551 4087 660 4143 ἀλλ
679 4090 692 4111 ’
714 4089 922 4162 ἐγίνετο
951 4083 1141 4160 κὲρδος
1169 4086 1197 4140 ὁ
1228 4083 1390 4149 πόνος
1429 4083 1561 4146 ὅλος
1614 4087 1732 4144 τοῖς
1781 4083 2034 4160 γεωργή-

385 4198 530 4233 σασι.

451 4261 668 4328 Γάλϐας
727 4261 1042 4322 ἐϐασίλευσε
1105 4272 1278 4340 μῆνας
1341 4265 1408 4335 θ’,
1467 4262 1678 4339 ἡμέρας
1737 4263 1830 4338 ιγ’,
1885 4261 1952 4331 ἦν
1983 4258 2041 4317 δὲ

379 4356 487 4410 τῶν
571 4352 907 4430 εὐπατριδῶν
945 4399 958 4423 ,
1028 4355 1085 4416 δς
1145 4355 1260 4428 εἶχε
1345 4349 1885 4429 παραδυναστεύοντα
1948 4352 2038 4407 τὸν

381 4448 622 4502 Ὄθωνα.
650 4445 747 4506 ’Ός
780 4444 868 4498 καὶ
898 4441 1027 4498 ίδὼν
1058 4444 1148 4497 τὸν
1183 4437 1399 4498 Γάλϐαν
1462 4441 1693 4496 Λούκιον
1753 4441 1828 4502 εἷς
1860 4441 2040 4504 υἱοθε-

382 4535 502 4587 σίαν
539 4527 951 4606 παραλαϐόντα,
995 4533 1266 4611 φθονήσας
1297 4531 1388 4586 καὶ
1443 4530 1504 4586 τὸ
1560 4527 1869 4605 στράτευμα
1925 4526 2043 4584 κατ’

2131 625 2344 664 manus
2367 610 2666 665 afferrent.
2682 610 2847 676 Quod
2872 628 3007 666 cum
3030 628 3236 667 omnes
3259 619 3620 670 recusarent.
3638 614 3775 686 Ego,

2130 697 2342 768 inquit,
2380 698 2540 754 solus
2571 716 2763 771 neque
2795 700 3053 755 amicum
3085 701 3186 770 qui
3230 718 3324 756 me
3353 707 3543 757 servet
3565 702 3776 770 habeo,

2130 803 2325 858 neque
2340 788 2650 846 inimicum
2665 789 2766 860 qui
2781 806 2873 845 me
2889 790 3145 845 occidat:
3175 791 3323 846 mori
3339 792 3502 862 cupit
3518 791 3774 858 animus,

2132 883 2191 934 et
2217 896 2430 934 manus
2460 881 2513 935 ei
2543 897 2662 936 non
2695 881 2956 936 inservit.
2979 881 3240 936 Tandem
3263 882 3437 949 fatus,
3465 884 3507 938 Ο
3529 885 3774 957 Jupiter,

2133 973 2388 1039 quantus
2420 970 2629 1024 artifex
2651 976 2709 1024 et
2738 969 3096 1025 citbarcedus
3121 971 3291 1041 perit,
3317 989 3376 1026 se
3396 972 3588 1043 ipsum
3607 972 3780 1043 jugu-

2133 1058 2290 1113 lavit.
2324 1059 2404 1112 Eo
2436 1057 2664 1113 sublato
2689 1059 2931 1129 quidam
2962 1059 3170 1130 pileos,
3194 1065 3258 1114 ut
3280 1060 3614 1116 libertatem
3637 1061 3776 1116 ade—

2133 1147 2238 1218 pti,
2268 1155 2660 1219 gestaverunt.
2699 1151 2776 1204 De
2806 1166 2874 1204 eo
2897 1148 3149 1214 Flavius,
3183 1166 3335 1205 unus
3367 1167 3570 1205 eorum
3603 1153 3702 1221 qui
3727 1151 3778 1206 ei

2132 1237 2379 1292 insidias
2409 1239 2698 1306 fecerunt,
2730 1239 2812 1294 sic
2844 1239 3269 1310 pronuntiavit.
3318 1240 3716 1311 Interrogatus
3747 1258 3781 1294 a

2134 1328 2384 1394 Nerone,
2417 1328 2511 1382 cui
2549 1334 2675 1383 erat
2704 1327 3026 1383 admodum
3052 1327 3385 1396 familiaris,
3413 1345 3518 1383 cur
3548 1345 3609 1384 se
3642 1346 3781 1400 quo-

2133 1432 2246 1485 que
2279 1416 2391 1486 ipsi
2423 1416 2731 1473 adversum
2774 1417 3084 1487 praeberet,
3139 1417 3354 1488 Majore
3401 1418 3483 1472 ait
3517 1423 3569 1473 te
3601 1434 3778 1488 quam

2133 1504 2322 1559 ullum
2369 1505 2553 1560 alium
2603 1512 2659 1560 et
2688 1522 2891 1560 amore
2942 1511 3000 1560 et
3023 1505 3160 1561 odio
3213 1523 3344 1561 sum
3393 1512 3777 1578 prosecutus;

2133 1611 2355 1660 amore,
2388 1595 2545 1666 quod
2575 1595 2885 1666 sperabam
2911 1601 2966 1650 te
3017 1595 3240 1650 bonum
3277 1595 3399 1650 fore
3451 1597 3778 1669 imperato-

2133 1698 2298 1748 rem;
2335 1698 2493 1737 nunc
2523 1688 2722 1738 autem
2755 1683 2852 1737 odi
2886 1689 2942 1738 te
2976 1683 3048 1738 ob
3101 1689 3202 1738 tua
3230 1683 3421 1738 facta:
3471 1701 3590 1740 non
3621 1685 3776 1740 enim

2132 1785 2374 1843 possum
2407 1771 2647 1844 aurigae,
2680 1773 2943 1827 venatori
2978 1777 3080 1828 aut
3101 1769 3327 1827 fidicini
3357 1774 3596 1828 servire.

2202 1953 2795 2023 Neroneimperante,
2813 1953 3011 2006 Romae
3035 1951 3242 2007 consul
3259 1951 3370 2006 fuit
3391 1953 3449 2006 L.
3470 1951 3776 2016 Quinctius

2133 2041 2538 2107 Cincinnatus,
2571 2041 2658 2095 vir
2686 2042 2946 2113 optimus
2977 2041 3233 2096 habitus.
3267 2042 3342 2109 Is,
3373 2057 3506 2095 cum
3539 2046 3780 2095 senatus

2135 2131 2400 2185 mitteret
2419 2131 2520 2201 qui
2551 2148 2684 2186 eum
2719 2132 2791 2186 ad
2823 2131 3233 2202 accipiendum
3259 2131 3670 2203 magistratum
3690 2147 3785 2183 vo-

2135 2225 2358 2284 carent,
2392 2220 2666 2275 inventus
2715 2226 2804 2275 est
2851 2220 2975 2275 sine
3023 2220 3225 2276 tunica
3269 2237 3444 2275 arans
3487 2220 3780 2288 bovesque

2136 2325 2413 2378 sequens,
2460 2309 2824 2381 subligaculo
2870 2310 3096 2364 cinctus
3140 2326 3208 2364 ac
3259 2310 3483 2380 pileum
3524 2315 3783 2380 gestans.

2136 2397 2279 2450 Cum
2328 2397 2685 2451 accurrisset
2728 2397 2969 2467 quidam
3012 2398 3367 2468 juberetque
3418 2414 3553 2451 eum
3597 2415 3657 2452 se
3690 2414 3786 2450 or-

2134 2501 2299 2553 nare,
2349 2485 2409 2539 in
2457 2501 2654 2540 casam
2707 2486 3009 2557 ingressus
3058 2492 3278 2540 vestem
3327 2487 3599 2556 sumpsit,
3648 2503 3784 2556 pro-

2135 2590 2489 2646 gressusque
2516 2575 2806 2629 salutatus
2838 2581 2928 2628 est
2957 2573 3188 2642 consul,
3224 2579 3280 2628 et
3320 2591 3584 2645 purpura
3632 2591 3782 2644 prm-

2138 2668 2296 2718 texta
2325 2668 2481 2718 veste
2513 2663 2785 2719 amictus.
2819 2663 3125 2728 Quinctius
3165 2662 3470 2734 paululum
3519 2668 3784 2718 moratus

2137 2752 2316 2821 ﬂevit,
2349 2751 2552 2808 dicens
2582 2753 2808 2824 Ergone
2839 2752 2951 2808 hoc
2984 2768 3139 2808 anno
3167 2769 3304 2825 ager
3330 2753 3472 2806 mihi
3499 2769 3619 2807 non
3649 2769 3784 2807 con-

2139 2847 2388 2909 seretur,
2420 2847 2478 2896 et
2506 2840 2832 2913 periculum
2867 2841 2980 2896 erit
3007 2840 3079 2895 de
3111 2841 3360 2912 penuria
3380 2841 3408 2895 ‘2

2209 3110 2436 3164 Nomen
2467 3109 2652 3165 annui
2681 3108 2887 3163 circuli
2928 3107 3173 3163 indictio
3201 3113 3287 3162 est
3342 3105 3493 3177 apud
3529 3107 3787 3173 Latinos,

2141 3199 2281 3268 quia
2313 3197 2673 3269 principium
2707 3198 2857 3252 879
2899 3198 3128 3252 circuiti
3189 3197 3431 3251 indicat.
3465 3196 3686 3250 Grmcia
3715 3194 3787 3249 ab

2142 3292 2355 3342 eventu
2384 3303 2604 3342 nomen
2637 3286 2940 3357 imposuit,
2963 3291 3028 3341 ut
3051 3285 3418 3357 epinemesin
3441 3283 3790 3354 appellaret.

2141 3376 2483 3446 Antiquitas
2514 3376 2673 3431 enim
2706 3375 2992 3430 tributum
3023 3375 3273 3430 subditis
3296 3391 3413 3428 non
3447 3375 3525 3427 ita
3547 3371 3788 3442 imposi-

2142 3471 2266 3521 tum
2299 3472 2424 3522 erat
2465 3472 2530 3522 ut
2559 3469 2688 3538 ejus
2738 3467 2856 3522 fixa
2888 3471 3042 3521 esset
3094 3471 3150 3521 et
3179 3464 3570 3523 immutabilis
3615 3463 3789 3531 ratio,

2141 3554 2246 3610 sed
2270 3557 2444 3627 juxta
2472 3557 2707 3629 frugum
2733 3562 3095 3627 proventum.
3113 3556 3460 3610 humaniter
3490 3555 3561 3608 iis
3601 3553 3790 3624 impo-

2142 3645 2414 3712 nebatur,
2448 3646 2530 3700 ita
2559 3651 2624 3699 ut
2653 3662 2722 3700 eo
2764 3646 3032 3701 tenuiore
3060 3645 3258 3700 minus
3307 3644 3657 3716 penderent,
3689 3659 3797 3696 ne—

2142 3750 2255 3803 que
2295 3733 2570 3789 uberiore
2600 3750 2669 3789 eo
2701 3751 2912 3788 census
2939 3740 3273 3804 augeretur.
3307 3735 3512 3802 Itaque
3562 3738 3795 3787 exacto-

2140 3822 2306 3876 ribus
2337 3839 2442 3894 pro
2475 3824 2744 3894 portione
2778 3822 3136 3889 tribuebant,
3160 3822 3339 3892 idque
3363 3827 3523 3888 tunc,
3557 3818 3794 3890 quando

2141 3911 2476 3966 necessitas
2498 3911 2855 3982 postulabat.
2887 3912 3031 3966 Cum
3063 3915 3260 3965 autem
3303 3926 3478 3964 nemo
3512 3908 3795 3978 exigeret,

2143 4018 2384 4073 prorsus
2415 4017 2660 4055 censum
2692 4017 2810 4054 non
2843 3999 3217 4070 pendebant;
3250 3998 3354 4052 sed
3386 3997 3582 4052 omnis
3629 3996 3794 4051 labo-

2143 4091 2226 4145 ris
2257 4089 2483 4145 fructus
2517 4089 2793 4162 agricolis
2826 4087 3294 4160 relinquebatur.

2215 4267 2395 4323 Galba
2414 4268 2724 4340 imperavit
2760 4283 2992 4324 menses
3010 4269 3040 4321 9
3067 4265 3192 4320 dies
3219 4265 3304 4320 13.
3329 4265 3460 4320 Fuit
3490 4263 3798 4337 patricius,

2146 4355 2468 4428 habuitque
2536 4357 2771 4428 imperii
2823 4355 3104 4411 ramulum
3150 4355 3462 4422 Othonem,
3524 4353 3624 4424 qui
3666 4369 3799 4408 cum

2149 4445 2390 4500 Lucium
2421 4463 2455 4502 a
2488 4445 2670 4501 Galba
2717 4443 2942 4500 videret
2992 4444 3286 4516 adoptari,
3337 4442 3560 4497 invidia
3590 4442 3802 4496 ductus

2150 4535 2473 4590 exercitum
2494 4534 2774 4591 adversus
2799 4535 2959 4590 hunc
2979 4533 3314 4599 concitavit,
3348 4548 3602 4602 eumque
3625 4531 3804 4586 inter-

383 4622 549 4676 άύτοῦ
579 4623 808 4691 κινήσας
839 4621 1142 4676 ἀπέκτεινεν
1188 4619 1369 4675 αὐτόν.
1429 4619 1860 4691 Ἀπαιτούμενος
1921 4616 1978 4674 δὲ
2011 4619 2030 4672 ὁ

2147 4621 2304 4676 fecit.
2349 4624 2500 4677 Otho
2548 4630 2747 4678 autem
2797 4640 2830 4679 a
2879 4623 3170 4679 militibus
3223 4623 3562 4696 pecuniam,
3624 4635 3800 4690 quam

383 4711 566 4774 Ὄθων
625 4713 890 4784 χρήματα
936 4712 1082 4786 παρᾶ
1133 4714 1240 4766 τῶν
1273 4712 1646 4782 στρατιωτῶν,
1687 4706 1721 4762 ἃ
1771 4708 2036 4784 ὑπέσχετο

379 4797 592 4862 αὐτοῖς,
625 4796 725 4873 ἔφη
770 4797 831 4852 ού
863 4795 944 4852 δεῖ
962 4796 1338 4872 αὐτοκράτορα
1366 4796 1781 4870 ἀναγκάζεσθαι.

454 4888 637 4950 Ὄθων
665 4882 986 4942 ἐϐασίλευσε
1021 4893 1195 4960 μῆνας
1255 4891 1400 4961 τρεῖς
1467 4883 1677 4958 ἡμέρας
1719 4889 1790 4956 η’,
1855 4886 1920 4952 ἦν
1980 4882 2036 4940 δὲ

381 4974 569 5049 γένους
600 4973 841 5046 ἀσήμου.
875 4975 1031 5032 Ούων
1074 4974 1130 5031 δέ
1168 4997 1302 5032 ποτε
1359 4973 1412 5029 ἐν
1469 4978 1549 5046 τῷ
1607 4974 1737 5047 ἱερῷ
1805 4974 1872 5028 τά
1934 4980 2035 5042 τῆς

384 5061 714 5136 Ἀφροδίτης
773 5062 986 5136 ᾅσματα
1040 5070 1158 5126 τοῖς
1233 5065 1400 5139 ἱεροῖς
1459 5063 1740 5137 παρὲμιξε,
1809 5061 1898 5116 καὶ
1949 5060 2039 5117 διὰ

377 5156 543 5207 τοῦτο
581 5151 870 5210 Ούῖτελίου
933 5152 1079 5226 αύτῷ
1134 5152 1524 5213 ἐπαναστάντος
1565 5148 1786 5229 ξιφιδίῳ
1851 5153 2038 5208 ἑαυτὸν

2146 4711 2521 4781 promiserat,
2581 4711 2937 4783 postulatus,
3015 4713 3325 4784 respondit
3382 4712 3801 4781 imperatorem

2146 4817 2267 4856 non
2300 4801 2517 4856 debere
2559 4802 2707 4873 cogi.

2221 4891 2536 4961 Imperavit
2566 4892 2714 4946 Otho
2755 4908 2993 4946 menses
3025 4894 3054 4944 3
3089 4891 3214 4946 dies
3245 4893 3297 4944 8.
3331 4892 3510 4944 Natus
3541 4888 3673 4942 funt
3706 4884 3804 4940 ob-

2147 4996 2320 5035 scuro
2351 4995 2588 5050 genere.
2640 4979 2978 5050 Aliquando
3027 4995 3151 5033 rem
3185 4993 3413 5032 sacram
3463 4977 3524 5029 in
3576 4973 3797 5045 templo

2146 5069 2371 5123 faciens
2394 5068 2659 5124 carmina
2691 5069 2954 5123 Venerea
2995 5067 3178 5122 sacris
3225 5064 3589 5138 permiscuit.
3636 5063 3804 5117 Ideo-

2149 5173 2262 5228 que
2289 5157 2570 5212 adversus
2601 5157 2797 5229 ipsum
2828 5174 2862 5213 a
2893 5155 3123 5212 Vitellio
3156 5161 3316 5210 mota
3347 5152 3636 5209 seditione
3679 5152 3800 5223 gla-

1588 5253 1951 5315 XYLANDRI
1991 5261 2073 5315 ΕΤ
2113 5260 2331 5316 GOARI
2372 5260 2594 5314 ΝΟΤίΕ.

457 5381 572 5449 (48)
620 5375 858 5442 Βάλϐιος
915 5382 1004 5436 vel
1063 5374 1301 5448 Βάλϐος,
1373 5381 1581 5436 Balbus
1635 5382 1724 5438 vel
1802 5383 2032 5440 Flavius

385 5446 626 5526 ξλαϐιος
648 5454 974 5526 legendum
1005 5446 1332 5509 videbatur.
1367 5452 1477 5526 Sed
1508 5455 1736 5526 cumiP.
1771 5455 2032 5510 Cornelii

385 5522 566 5579 Taciti
596 5522 816 5580 librum
848 5543 917 5580 xv
958 5527 1358 5587 consulerem,
1393 5525 1589 5578 inveni
1644 5525 1908 5580 Flavium
1933 5543 2031 5580 re-

383 5600 543 5652 etum
577 5614 730 5652 esse.
761 5596 954 5653 Subrii
985 5597 1144 5653 enim
1176 5596 1351 5652 Flavii
1394 5595 1614 5650 tribuni
1641 5601 1727 5650 est
1751 5595 1890 5652 illuc
1914 5597 2032 5652 dic-

385 5671 510 5722 tum
542 5668 622 5723 ibi
659 5670 910 5725 relatum
939 5687 953 5738 ;
987 5674 1044 5724 et
1075 5667 1316 5740 quidem
1350 5665 1625 5721 eumdem
1663 5669 1935 5724 nominat
1967 5669 2029 5724 in

2142 5384 2254 5439 hac
2280 5383 2407 5455 ipsa
2438 5383 2688 5455 historia
2718 5383 3053 5455 Niphilinus
3077 5399 3146 5437 ex
3177 5383 3396 5455 Dione,»
3418 5379 3806 5455 stipatoribus

2142 5451 2453 5526 praefuisse
2485 5451 2972 5519 indicans—Quod
2998 5460 3198 5526 autem
3239 5453 3626 5526 Cincinnatus
3657 5451 3807 5505 dici—

2142 5525 2238 5581 tur
2270 5526 2344 5580 ad
2367 5542 2497 5580 rem
2527 5527 2824 5596 publicam
2855 5525 3177 5597 gerendam
3209 5525 3280 5580 ab
3312 5531 3507 5597 aratro
3531 5529 3798 5597 vocatus,

2140 5599 2372 5725 gerone
2441 5593 2794 5669 imperante,
2857 5593 2970 5653 'est
3055 5613 3304 5654 summm
3388 5593 3792 5668 ἀνιστορησίας,

2196 5685 2278 5723 YL.

2196 5685 2278 5723 η.
