4194 6198
435 364 555 423 H9

1792 346 2101 412 GEORGII
2145 343 2484 408 CEDRENI

3722 350 3844 410 420

434 499 531 554 dio
565 514 670 555 suo
696 514 757 553 se
788 493 1104 562 interfecit,
1136 492 1362 547 dicens.
1395 490 1688 556 Quorsum
1732 485 1894 543 enim
1943 483 2081 539 atti-

2197 476 2564 555 διεχειρίσατο
2596 478 2785 535 εἰπών·
2818 479 2885 536 Τί
2943 478 3047 556 γάρ
3107 499 3173 553 με
3229 475 3336 534 ἔδει
3392 482 3621 557 μακροῖς
3650 480 3843 546 αὐλοῖς

431 589 611 645 nebat
640 603 735 642 me
765 600 999 656 quoque
1028 582 1220 654 longis
1251 585 1490 636 cantare
1520 579 1684 634 tibiis
1702 576 1730 633 ‘I

502 676 770 732 Vitellius
793 688 975 728 unum
997 687 1220 727 annum
1248 670 1581 743 imperavit,
1614 666 1831 723 illustri
1854 663 2085 721 familia

428 774 612 823 ortus.
648 766 699 820 Is
727 763 1076 834 astrologos,
1100 768 1479 817 astronomos
1505 758 2082 832 prmetigiatoresque

429 870 636 909 omnes
684 853 841 906 intra
889 855 1116 905 certum
1168 849 1323 903 diem
1378 848 1543 903 Italia
1593 845 1879 902 excedere
1928 840 2084 898 880

418 942 618 1014 jussit.
653 944 843 1012 Atque
878 940 918 993 ii
950 939 1220 994 libellum
1249 942 1619 1010 sparserunt,
1643 952 1760 1006 quo
1784 933 1867 989 illi
1902 932 2081 986 ﬁnem

428 1031 560 1086 vitae
591 1030 665 1085 ad
690 1035 917 1086 certum
972 1034 1205 1099 tempus
1242 1025 1663 1098 praedicebant.
1698 1025 1882 1089 Quam
1933 1036 2081 1092 prte-

427 1120 748 1175 dictionem
780 1118 970 1174 exitus
1001 1116 1428 1188 comprobavit,
1464 1114 1696 1169 Vitellio
1727 1129 1762 1168 a
1793 1109 2084 1168 militibus

425 1209 647 1264 occiso.

500 1295 916 1367 Vespasianus,
970 1295 1218 1350 Neronis
1251 1293 1431 1362 filius,
1482 1309 1670 1347 annos
1700 1290 1930 1356 decem,
1957 1288 2086 1344 dies

426 1392 556 1441 octo
588 1384 920 1456 imperavit.
956 1384 1278 1455 Imperium
1302 1383 1355 1437 ei
1378 1381 1642 1437 delatum
1672 1384 1763 1435 est
1782 1380 1846 1434 in
1875 1377 2088 1433 Ρειιωε-

430 1475 574 1542 tina,
607 1474 799 1530 adhuc
830 1472 1168 1529 Judaaorum
1200 1470 1382 1527 urbes
1420 1469 1808 1543 oppugnanti.
1844 1470 1896 1524 Is
1925 1467 2084 1522 Jose-

430 1563 613 1634 phum
646 1562 994 1618 historicum
1027 1561 1201 1632 cepit.
1239 1562 1487 1616 Romam
1520 1557 1926 1631 proficiscens,
1947 1570 2084 1611 cum

432 1658 589 1707 esset
619 1651 692 1707 ab
723 1651 987 1706 exercitu
1017 1650 1345 1721 imperator
1386 1648 1744 1712 declaratus,
1787 1646 1980 1701 Titum
2011 1642 2085 1699 ad

430 1741 655 1797 bellum
700 1740 761 1796 in
818 1739 1140 1795 Palmstina
1195 1737 1523 1811 gerendum
1579 1735 1843 1807 reliquit.
1884 1733 2083 1789 Primo

434 1829 775 1902 Vespasiani
807 1845 965 1884 anno
1000 1826 1293 1899 templum
1325 1825 1723 1899 Capitolinum
1754 1822 2084 1894 conﬂagra—
2116 1861 2164 1924 Β

426 1919 524 1989 vit,
558 1925 615 1975 et
645 1918 862 1989 quinto
889 1933 1044 1973 anno
1076 1916 1136 1971 id
1166 1915 1411 1972 reficere
1440 1916 1569 1987 ipse
1600 1913 1794 1985 coepit.

502 2093 860 2165 Vespasiano
910 2091 1199 2147 successit
1232 2090 1387 2146 filius
1436 2091 1619 2158 Titus,
1654 2087 2085 2161 imperavitque

434 2199 625 2238 annos
638 2188 778 2236 tres.
808 2182 862 2236 Is
883 2180 1242 2252 expugnavit
1258 2176 2092 2251 Hierosolymum,urbemque

429 2278 489 2328 et
518 2270 805 2342 templum
842 2269 1125 2325 incendit.
1156 2271 1212 2325 Is
1242 2269 1441 2338 minis,
1466 2285 1588 2324 non
1618 2267 1929 2340 suppliciis
1955 2282 2087 2321 son.

428 2367 518 2417 tes
550 2359 828 2415 terrebat.
855 2357 1027 2414 Nulla
1046 2357 1175 2413 dies
1205 2374 1274 2414 eo
1305 2358 1636 2430 imperante
1667 2357 1814 2412 abiit
1833 2371 1951 2428 qua
1970 2369 2091 2410 non

430 2450 695 2520 aliquem
727 2447 1099 2504 subditorum
1124 2447 1280 2502 dono
1305 2452 1407 2503 aut
1426 2446 1717 2502 beneficio
1738 2444 1939 2516 aliquo
1961 2442 2090 2500 afﬂ.

432 2543 594 2595 ceret
618 2554 631 2593 :
667 2537 865 2592 dicere
896 2536 1059 2592 enim
1083 2536 1313 2592 solebat
1332 2536 1559 2609 regium
1583 2550 1712 2591 esse
1743 2532 2092 2591 benefacere

431 2634 489 2684 et
520 2626 795 2700 precibus
843 2625 1020 2681 facile
1070 2642 1355 2682 annuere.
1405 2625 1684 2681 Omnium
1741 2623 1843 2695 qui
1896 2623 2093 2694 ipsum

430 2715 861 2787 compellarent
890 2714 1280 2785 petitionibus
1315 2713 1637 2769 annuebat.
1690 2713 1761 2766 Et
1790 2727 1927 2766 cum
1958 2709 2094 2781 qui-

426 2805 564 2860 dam
626 2802 1009 2857 familiarium
1061 2806 1513 2872 percontaretur
1569 2817 1679 2855 cur
1735 2799 1794 2854 id
1850 2799 2072 2854 faceret

438 2908 573 2948 cum
592 2896 791 2946 tamen
810 2906 966 2960 saepe
984 2889 1279 2960 promissa
1296 2906 1415 2944 non
1440 2888 1736 2965 impleret,
1756 2879 2093 2962 respondit;

435 2981 583 3046 Quia
603 2979 675 3034 ab
705 2980 1067 3050 imperatore
1090 2994 1267 3033 nemo
1286 2977 1463 3033 debet
1484 2982 1731 3033 mmstns
1766 2975 2095 3033 discedere.

426 3070 531 3125 Hic
583 3068 745 3123 Titus
783 3082 917 3121 cum
967 3072 1172 3122 mstate
1215 3071 1405 3122 totum
1452 3065 1611 3121 diem
1656 3065 1772 3120 iter
1833 3064 2096 3131 fecisset,

434 3161 605 3230 eique
643 3155 883 3229 sanguis
930 3171 1038 3226 per
1080 3173 1255 3212 nares
1303 3155 1615 3227 erupisset,
1661 3159 1840 3225 atque
1887 3170 1921 3209 a
1964 3153 2088 3208 sole

2192 565 2342 639 ᾅδειν
2373 569 2461 624 καὶ
2495 566 2687 625 αὐλεῖν
2715 586 2730 637 ;

2263 656 2549 719 Οὐϊτὲλιος
2596 654 2634 728 ἤ
2694 655 2944 720 Βιτέλιος
2998 653 3120 719 ἔτος
3175 656 3250 726 ἓν,
3307 657 3496 733 γένους
3553 657 3850 739 ἐπιφανοῦς

2193 744 2287 807 ὥν.
2321 747 2496 813 Οὗτος
2526 748 2899 825 ἀστρολόγους
2940 748 3028 805 καὶ
3078 748 3450 825 άστρονόμους
3497 751 3588 805 καὶ
3642 752 3849 829 γόητας

2194 837 2342 899 ἐντὸς
2374 838 2548 912 ῥητῆς
2578 837 2791 914 ἡμέρας
2821 839 3029 900 πάντας
3088 837 3405 914 ἐκχωρῆσαι
3462 847 3564 910 τῆς
3607 839 3848 905 Ἰταλίας

2194 926 2535 1002 προσέταξεν.
2594 925 2665 986 Οἵ
2723 928 2817 983 καὶ
2875 948 3211 1004 πρόγραμμα
3261 926 3509 1003 ἔρριψαν,
3544 929 3849 1008 προαγγέλ-

2196 1018 2382 1081 λοντες
2438 1018 2590 1081 ἆντὸς
2647 1017 2858 1093 ἡμέρας
2919 1019 3092 1095 ῥητῆς
3147 1017 3626 1096 ἀπαλλαγήσεσθαι
3683 1020 3849 1077 αὐτὸν

2195 1112 2294 1164 τοῦ
2325 1107 2471 1182 βίου.
2502 1111 2573 1165 ’Ὀ
2599 1106 2667 1178 δὴ
2693 1108 2784 1165 καὶ
2818 1109 3058 1186 γέγονεν·
3118 1107 3326 1186 ἐσφάγη
3387 1111 3490 1187 γὰρ
3548 1110 3655 1166 ὑπό
3685 1132 3852 1187 στρα-

2192 1218 2431 1257 τιωτων.

2266 1287 2670 1350 Οὐεσπασιανὸς
2699 1288 2820 1350 υἱὸς
2850 1288 3104 1364 Νέρωνος
3161 1283 3505 1345 ἐϐασίλευσεν
3561 1285 3655 1360 ἔτη
3716 1286 3848 1346 δέκα

2194 1374 2405 1452 ἡμέρας
2446 1383 2516 1447 η’.
2573 1375 2937 1454 Αὐτοκράτωρ
3002 1374 3061 1432 δὲ
3109 1376 3325 1452 γέγονεν
3378 1376 3433 1432 ἐν
3488 1377 3844 1453 Παλαιστίνῃ,

2194 1460 2273 1521 ἔτι
2301 1465 2397 1528 τὰς
2428 1463 2620 1527 πόλεις
2675 1470 2785 1521 τῶν
2844 1468 2931 1540 [Ρ.
2990 1467 3118 1542 217]
3175 1464 3451 1522 Ἰουδαίων
3499 1467 3845 1542 πολιορκῶν.

2192 1556 2386 1617 ’Ὀστις
2413 1553 2505 1610 καὶ
2528 1555 2797 1627 Ἰώσηπον
2822 1555 2915 1610 τὸν
2948 1552 3262 1635 συγγραφέα
3292 1554 3610 1636 ὑποχείριον
3649 1554 3848 1628 ἑποιήο

2195 1664 2345 1701 σατο.
2391 1645 2644 1720 Ἀνήχθη
2706 1642 2764 1700 δὲ
2817 1644 2870 1701 ἂν
2902 1645 3094 1719 Ῥώμῃ
3148 1644 3526 1720 ἀναγορευθεὶς
3586 1645 3690 1701 ὑπὸ
3745 1649 3847 1700 τοῦ

2198 1733 2430 1806 στρατοῦ
2466 1727 2744 1806 βασιλεὺς,
2773 1730 3096 1787 καταλιπὼν
3158 1733 3322 1788 Τῖτον
3378 1730 3471 1787 τὸν
3531 1731 3650 1786 υἱὸν
3680 1729 3849 1787 αὐτοῦ

2194 1820 2295 1890 τήν
2341 1816 2707 1889 Παλαιστίνην
2765 1817 3107 1894 πολιορκεῖν.
3163 1821 3258 1891 Τῷ
3310 1820 3519 1895 πρώτῳ
3569 1816 3679 1875 ἔτει
3735 1818 3848 1877 Οὐ-

2199 1912 2528 1963 εσπασιανού
2557 1910 2586 1964 6
2619 1909 2747 1970 ναὸς
2775 1912 2874 1964 τοῦ
2905 1907 3258 1965 Καπιτωλίου
3289 1907 3590 1985 ἐνεπρήσθη
3601 1954 3617 1980 ,
3644 1908 3735 1964 καὶ
3765 1912 3849 1981 τῷ

2198 1999 2236 2053 ε’
2276 1997 2382 2054 ἔτει
2414 1995 2819 2072 οἷ’κοδομεῖσθαι
2850 2000 2978 2074 παρ’
3005 1997 3172 2055 αὐτοῦ
3201 1995 3421 2075 ἤρξατο.

2273 2088 2405 2144 Μετ’
2435 2087 2838 2143 Οὐεσπασιανὸν
2872 2089 3036 2149 Τῖτος
3064 2088 3094 2142 6
3151 2087 3268 2151 υἱὸς
3334 2088 3505 2143 αὐτοῦ
3560 2083 3849 2143 ἐϐασίλευε

2201 2197 2286 2232 σεν
2319 2174 2412 2247 ἔτη
2443 2175 2589 2250 τρία.
2620 2177 2796 2239 Οὗτος
2854 2173 3144 2252 πολιορκεῖ
3194 2176 3263 2231 τὰ
3316 2174 3698 2251 Ἱεροσόλυμα,
3752 2177 3848 2232 καὶ

2196 2266 2298 2334 τήν
2329 2263 2495 2320 πόλιν
2531 2265 2623 2321 καὶ
2677 2266 2771 2320 τὸν
2832 2266 2960 2321 ναὸν
3018 2264 3287 2341 ἐμπιπρᾷ.
3342 2267 3524 2329 καθὼς
3582 2266 3854 2336 Ἰώσηπος

2200 2356 2428 2430 ἱστορεῖ.
2455 2352 2630 2416 Οὗτος
2650 2353 2903 2416 ἀπειλαῖς
2931 2353 3022 2409 καὶ
3054 2354 3118 2409 οὐ
3170 2355 3469 2431 τιμωρίαις
3504 2356 3633 2416 τοὺς
3688 2355 3857 2410 ὑπευ-

2202 2444 2394 2506 θύνους
2426 2440 2631 2523 ἐφόϐει.
2668 2443 3059 2502 Βασιλεύοντος
3096 2444 3198 2518 γὰρ
3261 2443 3425 2500 αὐτοῦ
3482 2443 3546 2499 οὐ
3573 2443 3855 2520 παρῆλθεν

2202 2535 2383 2611 ἡμέρα
2412 2532 2466 2590 ἐν
2493 2533 2530 2609 ᾖ
2558 2531 2733 2609 δῶρόν
2760 2553 2815 2588 τι
2842 2538 2950 2589 τῶν
3005 2533 3262 2603 ὑπηκόων
3317 2533 3427 2589 τινὶ
3459 2531 3495 2602 ἢ
3546 2532 3855 2609 εὐεργεσίαν

2204 2624 2267 2681 οὐ
2296 2624 2589 2701 παρέσχεν.
2619 2622 2814 2700 Ἔλεγε
2841 2625 2944 2700 γὰρ
2979 2621 3250 2699 βασιλέως
3313 2624 3450 2679 εἶναι
3508 2623 3738 2698 γνώμην
3790 2625 3856 2680 τὸ

2203 2714 2499 2790 εὐεργετεῖν
2556 2713 2647 2769 καὶ
2705 2713 2761 2769 ἓν
2816 2719 2935 2777 ταῖς
2992 2712 3264 2783 αἰτήσεσιν
3333 2713 3633 2785 εὐεπήκοον
3691 2715 3852 2770 εἶναι.

2205 2803 2414 2864 Πάντας
2446 2799 2507 2858 δὲ
2561 2803 2690 2864 τοὺς
2748 2801 3179 2877 ἰντυγχάνοντας
3229 2803 3383 2874 αὐτῷ
3411 2802 3769 2875 αἰτουμένους
3798 2824 3856 2859 τι

2205 2890 2507 2947 συνετίθετο
2528 2886 2558 2945 ὅ
2588 2912 2639 2947 τι
2669 2892 2759 2946 καὶ
2796 2889 3110 2966 βούλοιντο.
3146 2891 3242 2946 Καὶ
3273 2912 3420 2952 τινος
3465 2896 3574 2947 τῶν
3604 2893 3855 2962 συνήθων

2205 2979 2604 3056 ἐρωτήσαντος,
2636 2981 2801 3037 Ὀτου
2842 2980 3003 3055 χάριν
3030 2983 3191 3036 τοῦτο
3222 2986 3417 3051 ποιεῖς,
3448 2979 3720 3042 πολλάκις
3774 2981 3854 3053 μή

2205 3068 2498 3144 ἐκπληρῶν
2525 3069 2622 3131 τὰς
2651 3067 2974 3144 ὑποσχέσεις
3008 3089 3022 3137 ;
3058 3103 3123 3114 —-
3159 3067 3383 3142 Οὐδένα,
3424 3070 3574 3126 εἶπεν
3608 3071 3637 3124 6
3665 3071 3852 3142 Τῖτος,

2204 3159 2312 3214 ἀπὸ
2353 3156 2622 3234 βασιλέως
2679 3155 2762 3214 δεῖ
2815 3161 3134 3235 σκυθρωπὸν
3180 3158 3618 3234 ἀποπέμπεσθαι.
3676 3159 3854 3220 Οὗτος

422 3254 589 3305 ustus
622 3248 683 3301 in
704 3227 891 3302 animi
923 3244 1252 3315 deliquium
1277 3244 1604 3311 incidisset,
1628 3243 1822 3299 adhuc
1847 3243 2083 3314 spiran~

2199 3250 2228 3304 6
2259 3227 2424 3311 Τῖτος
2452 3248 2569 3323 ὥρᾳ
2600 3248 2793 3323 θέρους
2845 3227 3162 3324 πανήμερον
3218 3227 3588 3321 ὁδοιπορήσας
3648 3248 3739 3303 καὶ
3794 3248 3852 3303 αἱ

420 3344 541 3393 tem
574 3335 719 3391 88]
783 3333 965 3389 frater
1024 3333 1394 3388 Domitianus
1447 3333 1507 3387 in
1554 3332 1763 3388 cistam
1812 3331 2071 3404 ligneam

2187 3335 2540 3415 μορῥαγήσας
2574 3334 2662 3392 διὰ
2692 3342 2800 3393 τῶν
2833 3340 3155 3411 μυκτήρων,
3217 3339 3322 3394 ὑπό
3380 3337 3548 3408 ἡλίου
3600 3358 3659 3393 τε
3706 3336 3852 3418 φλε-

420 3426 552 3481 nive
575 3425 815 3496 plenam
832 3422 1094 3493 conjecit
1122 3427 1403 3494 tanquam
1424 3421 1753 3477 remedium
1771 3420 2071 3476 adhibitu-

2197 3426 2338 3488 (θεὶς
2368 3427 2456 3482 καὶ
2491 3427 2632 3481 πάνυ
2671 3427 3109 3501 λειποθυμήσας,
3164 3424 3242 3483 ἔτι
3301 3426 3630 3501 ἐμπνέοντος
3687 3425 3855 3481 αὐτοῦ

416 3531 538 3584 rus,
572 3520 748 3587 atque
770 3511 851 3565 ita
879 3509 1197 3570 interfecit.
1232 3509 1336 3566 Ille
1372 3510 1549 3581 igitur
1570 3509 1783 3582 dignus
1815 3508 2072 3564 admira-

417 3603 579 3659 tione
598 3604 759 3660 Titus
781 3601 1163 3676 philosophia
1175 3599 1441 3673 apprime
1464 3598 1778 3667 formatus,
1796 3598 2074 3669 eloquen-

420 3693 709 3759 tissimus,
766 3690 1263 3749 bellicosissimus
1311 3693 1487 3758 atque
1534 3686 2074 3753 moderatissimus,

422 3780 955 3853 beneficentiaque,
986 3777 1399 3850 temperantia,
1414 3776 1652 3848 justitia
1681 3781 1740 3830 et
1759 3776 2075 3847 prudentia

421 3870 642 3943 insigni
674 3877 940 3939 ornatus,
971 3870 1034 3924 in
1064 3866 1292 3923 excidio
1334 3866 1589 3921 maxime
1637 3864 2074 3936 Hierosolymo-

420 3977 556 4016 rum
588 3977 756 4017 suam
788 3957 1110 4016 miserandi
1144 3953 1672 4028 promptitudinem
1712 3953 2079 4009 demonstra-

420 4050 521 4104 vit.
560 4050 955 4105 Vehementer
1001 4047 1161 4103 enim
1192 4050 1334 4100 tunc
1383 4060 1418 4098 a
1469 4043 1586 4099 Deo
1613 4042 1939 4115 exagitatos
1970 4041 2074 4098 de-

422 4138 674 4211 ploravit
699 4138 933 4193 Judaaos
958 4179 972 4204 ,
996 4135 1299 4207 magisque
1319 4132 1497 4187 etiam
1522 4130 2077 4202 illacrymavit.cum

423 4227 611 4283 eadem
644 4227 747 4283 Dei
778 4226 1003 4282 videret
1043 4222 1322 4288 incendi;
1352 4226 1745 4292 precatusque
1775 4225 1868 4276 est
1895 4237 1930 4276 a
1961 4222 2076 4276 Deo

419 4315 684 4382 veniam,
718 4315 875 4386 quod
906 4329 1027 4370 non
1059 4327 1167 4368 sua
1204 4311 1328 4366 baac
1357 4310 1682 4375 voluntate,
1714 4308 1819 4364 sed
1857 4309 1934 4364 ob
1964 4310 2077 4365 im-

427 4402 587 4475 piam
616 4403 955 4459 Judaeorum
986 4398 1431 4473 perversitatem
1456 4397 1780 4454 evenirent.
1813 4399 2078 4470 Cumque

426 4494 575 4550 urbe
597 4495 794 4551 excisa
823 4510 959 4550 eum
991 4493 1080 4550 sui
1110 4493 1392 4548 victorem
1421 4495 1598 4561 atque
1647 4490 2074 4562 triumphalem

2179 3508 2432 3570 ἐνέϐαλεν
2464 3516 2492 3569 6
2548 3512 2783 3591 ἀδελφὸς
2838 3516 3006 3570 αὐτοῦ
3064 3517 3394 3589 Δομετιανὸς
3452 3515 3528 3578 εἰς
3589 3515 3854 3591 λάρνακα

2181 3603 2402 3676 ξυλίνην
2435 3604 2627 3680 χιόνος
2654 3605 2927 3679 γέμουσαν
2984 3605 3060 3669 ὡς
3116 3602 3275 3675 δῆθεν
3325 3605 3686 3680 θεραπεύσων,
3739 3623 3810 3659 κα

2183 3693 2513 3752 ἀπέκτεινεν.
2545 3696 2606 3752 Ὁ
2634 3698 2762 3769 γοῦν
2796 3695 3106 3767 θαυμάσιος
3152 3697 3315 3757 Τῖτος
3373 3692 3849 3775 φιλοσοφώτατος

2184 3783 2277 3839 καὶ
2299 3781 2745 3857 εὐγλωττότατος
2801 3783 2896 3837 καὶ
2960 3781 3415 3857 πολεμικώτατος
3470 3783 3563 3839 καὶ
3627 3782 3851 3856 μέτριος

2189 3874 2326 3952 ἃγαν
2357 3872 2641 3951 ὑπάρχων,
2668 3870 2758 3926 καὶ
2792 3871 3125 3949 άγαθοεργίᾳ
3153 3871 3342 3947 πολλῇ
3373 3873 3463 3928 καὶ
3515 3892 3846 3950 σωφροσυνῃ

2185 3964 2276 4017 καὶ
2309 3959 2625 4035 δικαιοσύνῃ
2670 3960 2763 4014 καὶ
2821 3962 3083 4039 φρονήσει
3139 3960 3542 4035 κοσμούμενος,
3600 3957 3842 4029 ἐκδηλο-

2187 4050 2345 4127 τέραν
2379 4050 2545 4106 ἅπασι
2576 4048 2847 4119 πεποίηκε
2892 4050 2993 4118 τήν
3031 4049 3228 4105 ἑαυτοῦ
3285 4052 3622 4124 συμπάθειαν
3668 4045 3723 4103 ἐν
3769 4050 3840 4113 τῆ

2191 4139 2395 4197 ἁλώσει
2429 4137 2529 4206 τῆς
2557 4136 2944 4211 Ἰερουσαλήμ.
3004 4135 3222 4218 Σιρόδρα
3261 4139 3364 4214 γὰρ
3391 4136 3647 4208 ἰπὲνθησε
3714 4138 3843 4199 τοὺς

2186 4227 2487 4298 θεηλάτους
2516 4225 2811 4289 Ἰουδαίους
2836 4226 2983 4296 τότε,
3013 4229 3100 4283 καὶ
3139 4226 3358 4303 μᾶλλον
3388 4227 3481 4283 τὸν
3545 4227 3688 4281 θεῖον
3715 4227 3841 4281 ναὸν

2188 4316 2638 4394 πυρπολούμενον
2673 4316 2814 4391 ὁρῶν
2874 4313 3155 4391 ἐδάκρυσε,
3206 4318 3297 4371 καί
3351 4320 3446 4371 τὸν
3501 4314 3632 4370 Θεὸν
3690 4312 3843 4369 ἐδυσο

2188 4408 2381 4476 ώπησε
2405 4410 2597 4485 τυχεῖν
2626 4402 2813 4467 ἐλέους
2837 4405 2930 4460 καὶ
2989 4405 3348 4483 συγγνώμης,
3408 4401 3479 4458 δι’
3510 4403 3572 4458 οὗ
3604 4402 3672 4458 οὐ
3702 4403 3842 4458 κατὰ

2185 4497 2286 4565 τὴν
2345 4492 2539 4550 ἑαυτοῦ
2596 4491 2915 4567 προαίρεσιν
2973 4497 3139 4549 ταῦτα
3192 4493 3499 4570 γεγόνασιν,
3555 4489 3703 4546 ἀλλὰ
3751 4487 3841 4545 διὰ

423 4587 841 4659 prtedicarent,
872 4584 1099 4657 respuit
1129 4600 1228 4639 eas
1250 4581 1701 4656 appellationes,
1726 4580 1934 4637 dicens
1955 4597 2075 4637 non

2197 4583 2287 4652 τήν
2349 4581 2567 4638 ἐκείνων
2615 4587 2876 4658 θεοστυγῆ
2936 4579 3282 4657 δυστροπίαν.
3337 4581 3495 4645 Ὃθεν
3573 4574 3641 4646 δὴ
3705 4579 3843 4651 μετὰ

426 4692 488 4731 se
520 4677 633 4732 ista
660 4675 934 4747 gessisse,
966 4673 1071 4729 sed
1101 4673 1316 4727 divinas
1349 4671 1451 4726 iraa
1483 4686 1695 4725 manus
1740 4685 2079 4725 accommo-

425 4764 598 4821 dasse
626 4782 694 4821 ac
724 4763 1143 4819 administrum
1164 4761 1369 4816 fuisse.
1393 4758 1537 4814 Inde
1567 4774 1703 4814 cum
1725 4757 1939 4813 virtute
1971 4773 2079 4813 sua

422 4860 480 4909 et
508 4854 693 4909 animi
724 4852 1085 4908 demissione
1118 4851 1179 4905 in
1214 4849 1437 4904 honore
1483 4852 1543 4902 et
1573 4862 1775 4902 amore
1804 4847 2076 4902 omnium

429 4948 608 5008 esset,
639 4959 708 4998 eo
741 4957 856 5013 quo
887 4940 1144 4996 diximus
1167 4936 1342 4992 modo
1364 4935 1608 4990 interiit.
1632 4938 1854 4991 Tantus
1875 4939 2075 4991 autem

425 5033 552 5104 ejus
584 5036 772 5087 morte
802 5032 1002 5086 Romus
1052 5028 1247 5083 luctus
1295 5025 1540 5080 obortus
1588 5022 1724 5091 fuit,
1770 5028 1838 5078 ut
1886 5024 2074 5081 multo

426 5126 690 5191 tempore
733 5120 978 5173 virtutes
1008 5117 1138 5189 ejus
1187 5118 1724 5170 commemorantes
1770 5117 1948 5182 atque
1980 5130 2078 5169 re-

423 5213 699 5279 putantes
732 5207 967 5279 publice
997 5212 1057 5259 et
1093 5202 1365 5276 privatim
1393 5216 1501 5273 per
1547 5199 1756 5255 domos
1791 5204 2073 5273 tanquam

427 5311 532 5349 suo
564 5297 817 5367 quisque
846 5293 1172 5350 infortunio
1203 5296 1444 5362 accepto
1474 5288 1795 5361 plorarent.

2186 4673 2289 4741 τὴν
2312 4669 2518 4727 ἓιλωσιν
2552 4671 2687 4744 πρὸς
2714 4668 2843 4732 τοὺς
2900 4669 3366 4745 άνακηρύττοντας
3414 4667 3573 4724 αὐτὸν
3605 4667 3838 4737 νικητὴν

2184 4760 2275 4815 καὶ
2331 4764 2708 4836 τροπαιοῦχον
2766 4755 3018 4822 διωθεῖτο
3074 4757 3171 4819 τὰς
3224 4756 3574 4831 ἀναρῥήσεις,
3607 4754 3684 4816 ὡς
3740 4753 3840 4810 οὐκ

2184 4849 2345 4911 αὐτὸς
2376 4847 2654 4924 εἰργάσθαι
2685 4849 2849 4901 τοῦτα
2878 4848 3078 4925 φήσας,
3108 4843 3257 4901 ἀλλὰ
3287 4843 3543 4916 θεηλάτῳ
3595 4841 3687 4898 καὶ
3720 4843 3837 4913 θείᾳ

2185 4938 2323 5014 ὀργῇ
2375 4942 2820 5012 καθυπουργῆσαι
2876 4935 2967 4990 καὶ
3023 4935 3119 4995 τὰς
3183 4939 3374 5010 χεῖρας
3427 4928 3833 4988 ἰπιδεδωκέναι.

2186 5027 2474 5082 Κάντεῦθεν
2495 5025 2674 5080 τοίνυν
2723 5022 2815 5079 διὰ
2867 5025 2970 5093 τήν
3025 5023 3220 5100 ἀρετὴν
3276 5024 3444 5078 αὐτοῦ
3500 5022 3591 5076 καὶ
3646 5041 3837 5076 canet-

2184 5118 2519 5195 νοφροσύνην
2550 5113 2929 5193 παγγέραστος
2958 5116 3050 5171 καὶ
3092 5114 3497 5191 πανεπὲραστος
3546 5114 3835 5189 γενόμενος

2181 5205 2359 5268 οὕτως
2392 5202 2734 5274 ἐτελεύτησε.
2774 5207 3048 5266 Τοσοῦτος
3079 5200 3139 5259 δὶ
3158 5206 3358 5280 θρῆνος
3388 5202 3473 5259 ἐπὶ
3503 5207 3573 5278 τῇ
3605 5200 3835 5275 τελευτῇ

2185 5297 2352 5352 αὐτοῦ
2378 5295 2609 5369 κατέσχε
2627 5296 2727 5365 τήν
2760 5295 2982 5369 Ῥώμην
3012 5295 3088 5356 ὠς
3122 5292 3176 5350 ἐν
3207 5294 3392 5370 χρόνῷ
3415 5292 3616 5365 πολλῷ
3644 5295 3833 5356 τοῦτον

419 5381 967 5455 ἀπομνημονεύοντες
998 5380 1087 5435 καὶ
1126 5379 1221 5441 τὰς
1252 5377 1441 5455 ἀρετὰς
1472 5377 1637 5432 αὖτοῦ
1667 5375 2116 5457 ἀναλογιζόμενοι
2149 5383 2396 5457 δημοσίᾳ
2422 5383 2512 5439 καὶ
2542 5385 2660 5438 κατ’
2719 5382 2904 5447 οἷ’κους
2944 5383 3181 5455 κλαίειν,
3215 5378 3399 5460 ὤσπερ
3456 5375 3641 5456 οἷ’κείῳ
3673 5382 3835 5446 πάθει

426 5471 798 5544 κατεχόμενος
835 5466 1081 5531 ἕκαστος.

495 5562 667 5617 Anno
698 5560 826 5632 ejus
875 5559 1136 5616 secundo
1167 5574 1447 5631 magnum
1476 5556 1592 5613 fuit
1638 5558 1840 5616 Romm
1868 5561 2073 5621 incen-

425 5649 612 5707 dium.
647 5655 727 5704 Ac
757 5649 814 5704 S.
847 5650 907 5704 C.
938 5647 1101 5703 Titus
1134 5647 1282 5703 deus
1309 5645 1640 5719 appellatus
1688 5652 1797 5702 est.
1829 5649 1883 5704 Is
1912 5652 2073 5711 Titus

2251 5562 2344 5634 Τῷ
2399 5558 2635 5638 δευτέρῳ
2712 5555 2818 5619 ἔτει
2873 5564 3071 5619 τούτου
3141 5564 3309 5640 μέγας
3395 5561 3727 5637 ἐμπρησμὸς
3784 5556 3838 5612 ἦν

2179 5651 2363 5727 Ῥώμῃ
2396 5650 2627 5729 ἐγένετο.
2663 5653 2765 5711 Καὶ
2799 5659 2902 5724 τῆς
2951 5651 3261 5730 συγκλήτου
3318 5651 3673 5733 ψηφισαμένη
3732 5651 3837 5707 Τῖ-
