4186 6198
337 402 450 462 431

1486 389 2030 456 HISTORIARUM
2074 390 2626 454 COMPENDIUM.

3644 393 3762 453 422

330 557 424 598 τος
457 534 576 598 θεὸς
609 530 972 610 ἀνηγορεύθη.
1013 530 1186 592 Οὗτος
1218 530 1247 585 ὁ
1274 531 1438 591 Τῖτος
1496 527 1549 583 ἐν
1613 523 1763 582 δυσὶν
1822 522 1991 581 ἔτεσιν

2109 524 2373 581 biennali
2402 526 2714 584 obsidione
2746 526 3157 598 Hierosolyma
3188 528 3347 600 cepit
3376 545 3625 600 eamque
3673 535 3765 584 to-

334 618 676 699 παραλαϐὼν
703 623 804 691 τήν
833 617 1152 695 Ἰερουσαλή
1163 641 1204 692 μ
1233 623 1405 673 πᾶσαν
1459 615 1725 692 ἐνέπρησε
1759 618 1847 691 [Ρ.
1876 616 2008 701 218]

2116 618 2235 669 tam
2266 618 2546 672 cremavit
2575 622 2754 688 atque
2775 616 3012 682 delevit,
3046 615 3455 688 templumque
3476 618 3765 688 incendit,

333 713 426 768 καὶ
458 714 719 789 ἠφάνισε,
762 710 946 774 καθὼς
1000 706 1240 783 εἴρηται,
1270 707 1362 762 καὶ
1400 707 1492 762 τὸν
1565 705 1689 760 ναὸν
1749 703 2000 777 ἐνέπρησε

2115 705 2287 761 sicuti
2319 708 2609 763 Dominus
2638 708 2791 765 882
2824 707 3196 779 praedixerat.
3230 708 3375 762 Cum
3408 708 3566 763 enim
3599 709 3651 764 ei
3684 710 3768 764 di-

333 802 469 857 κατὰ
506 802 608 870 τήν
657 803 762 854 τοῦ
820 799 1030 873 Κυρίου
1086 795 1505 871 προαγόρευσιν.
1569 792 1851 851 Εἷπόντων
1903 789 2007 865 γὰρ

336 896 444 947 τῶν
480 891 748 962 μαθητῶν
771 886 896 961 περὶ
928 890 1026 941 τοῦ
1084 884 1237 959 ἱεροῦ
1292 884 1379 939 ὅτι
1437 882 1611 945 λίθοις
1667 886 1863 942 καλοῖς
1916 884 2006 938 καὶ

339 981 655 1050 ἀναθήμασι
688 974 1060 1049 κεκόσμηται,
1087 972 1216 1053 ἔφη’
1276 977 1451 1028 Ταῦτα
1500 972 1672 1027 πάντα
1718 970 1752 1026 ἄ
1784 972 2010 1044 θεωρεῖ-

332 1089 413 1136 τε,
447 1066 769 1121 ἐλεύσονται
800 1063 1005 1140 ἡμέραι
1047 1063 1099 1118 ἐν
1159 1064 1245 1121 αἷς
1305 1061 1405 1118 οὐκ
1469 1060 1797 1135 ἀφεθήσεται
1851 1056 2005 1119 λίθος

333 1156 422 1213 ἐπὶ
455 1156 640 1224 Λίθον,
672 1154 733 1218 ὃς
764 1155 827 1209 οὐ
851 1152 1310 1223 καταλυθήσεται.
1378 1153 1547 1210 Ὃταν
1606 1148 1663 1205 δὶ
1704 1145 1856 1220 ἴδητε
1904 1168 2006 1202 κυ-

334 1244 648 1318 κλουμένην
682 1246 782 1314 τὴν
832 1240 1197 1317 Ἰερουσαλὴμ
1256 1241 1362 1297 ὑπὸ
1424 1235 1828 1316 στρατοπέδων,
1880 1235 2005 1307 τότε

332 1340 509 1409 γνῶτε
536 1335 622 1389 ὅτι
650 1333 875 1408 ἤγγικεν
905 1333 941 1401 ἡ
990 1329 1278 1407 ἐρήμωσις
1334 1328 1528 1399 αὐτῆς.
1596 1326 1727 1382 Οὐαὶ
1789 1323 1848 1381 δέ
1883 1330 2003 1387 ταῖς

332 1423 387 1478 ἐν
419 1422 615 1497 γαστρὶ
652 1420 914 1501 ἐχούσαις
944 1419 1037 1476 καὶ
1085 1424 1207 1481 ταῖς
1266 1416 1641 1490 θηλαζούσαις
1685 1414 1737 1471 ἐν
1770 1414 2000 1476 ἐκείναις

328 1518 450 1577 ταῖς
477 1511 737 1588 ἡμέραις.
771 1512 961 1566 Ἔσται
1007 1509 1114 1585 γὰρ
1171 1507 1378 1581 ἀνάγκη
1439 1506 1652 1582 μεγάλη
1710 1506 1801 1560 καὶ
1858 1504 1998 1581 ὀργὴ

338 1600 421 1674 τῷ
453 1601 573 1668 λαῷ
601 1599 803 1672 τούτῳ,
841 1597 935 1654 καί
990 1602 1285 1654 πεσοῦνται
1342 1594 1396 1652 ἐν
1443 1596 1673 1669 στόματι
1704 1592 2001 1669 ῥομφαίας,

330 1684 436 1745 ’καὶ
495 1687 1117 1763 αἰχμαλωτισθήσονται
1174 1687 1251 1749 είς
1308 1687 1484 1742 πάντα
1540 1685 1608 1741 τὰ
1693 1679 1845 1753 ἔθνη.
1897 1684 1999 1750 Καὶ

340 1778 707 1852 Ζερουσαλήμ
735 1775 882 1832 ἔσται
913 1774 1237 1848 πατουμένη
1309 1775 1418 1830 ὑπὸ
1470 1776 1658 1843 ἐθνῶν,
1689 1769 1821 1847 ἄχρι
1853 1768 2002 1839 πλη-

2115 793 2327 865 scipuli
2386 795 2652 852 dicerent
2700 795 2987 867 templum
3040 795 3303 867 pulchris
3353 796 3651 868 lapidibus
3707 814 3764 866 et

2112 879 2379 939 donariis
2403 901 2531 940 esse
2552 889 2925 950 exornatum,
2950 883 3101 938 dixit
3121 882 3167 917 93
3189 901 3201 937 :
3220 886 3471 956 Tempus
3493 887 3606 939 erit
3626 903 3759 940 cum

2113 971 2186 1027 de
2214 972 2326 1029 hoc
2355 975 2513 1045 quod
2544 974 2752 1031 videtis
2804 976 3047 1047 templo,
3097 993 3215 1030 non
3266 978 3560 1048 supererit
3610 977 3763 1048 lapis

2111 1061 2281 1117 alteri
2315 1062 2491 1134 lapidi
2520 1063 2788 1135 junctus.
2810 1067 2953 1119 Cum
2985 1069 3183 1119 autem
3215 1065 3369 1136 cingi
3404 1065 3761 1121 exercitibus

2112 1151 2518 1224 Hierosolyma
2562 1153 2857 1221 videbitis,
2898 1158 3024 1207 tum
3077 1153 3390 1225 cogitatote
3440 1156 3758 1226 appetiisse

2111 1241 2240 1312 ejus
2273 1241 2593 1297 excidium.
2629 1244 2722 1298 Va;
2753 1248 2951 1298 autem
2974 1241 3415 1313 praegnantibus
3446 1249 3505 1298 et
3530 1242 3756 1298 lactan-

2110 1332 2269 1388 tibus
2296 1333 2409 1388 isto
2440 1339 2726 1406 tempore.
2761 1336 3028 1407 Magnam
3059 1335 3219 1389 enim
3251 1335 3339 1389 ira
3369 1335 3469 1390 Dei
3502 1335 3758 1389 necessi-

2110 1422 2378 1478 tudinem
2436 1424 2572 1479 huic
2622 1424 2837 1496 populo
2894 1423 3212 1490 immittet;
3269 1430 3329 1478 et
3374 1424 3588 1479 cadent
3638 1425 3761 1479 acie

2105 1511 2270 1578 ferri,
2330 1528 2399 1568 ac
2447 1513 2661 1584 captivi
2720 1511 3092 1568 abducentur
3148 1512 3222 1567 ad
3271 1529 3479 1568 omnes
3528 1518 3755 1585 gentes,

2106 1600 2677 1673 conculcabiturque
2710 1602 3117 1673 Hierosolyma
3162 1618 3198 1657 a
3236 1601 3527 1669 barbaris,
3569 1603 3757 1658 donec

2108 1692 2342 1759 tempus
2367 1689 2633 1761 gentium
2660 1689 3002 1761 impleatur.
3034 1692 3335 1760 Tantaque
3364 1692 3476 1746 erit
3513 1691 3759 1747 calami-

2107 1781 2218 1840 tas,
2252 1782 2478 1847 quanta
2498 1794 2692 1849 neque
2723 1779 2888 1850 prius
2919 1779 3145 1834 exstitit
3165 1796 3360 1849 neque
3387 1786 3593 1851 postea
3614 1780 3761 1835 exsi-

333 1872 557 1943 ρωθῶσι
588 1866 771 1943 καιροῖ
800 1866 986 1923 ἐθνῶν.
1023 1865 1131 1922 Καὶ
1188 1864 1336 1920 ἔσται
1396 1864 1584 1938 θλῖψις
1633 1862 1858 1931 τοιαύτη
1910 1857 2000 1914 ο’ία

2109 1869 2241 1919 stet.
2272 1866 2404 1920 Haac
2433 1867 2637 1921 omnia
2659 1867 2926 1939 perpessi
2954 1873 3091 1922 sunt
3112 1867 3311 1923 hostes
3342 1885 3462 1923 suae
3491 1869 3759 1940 ipsorum

333 1956 397 2012 οῦ
427 1956 623 2030 γέγονε
657 1956 904 2025 πώποτε,
938 1952 1053 2011 οὐδ’
1086 1954 1149 2009 οὗ
1184 1954 1261 2028 μὴ
1293 1951 1464 2010 ἔσται.
1503 1956 1678 2008 Ταῦτα
1734 1949 1791 2007 δὲ
1820 1950 1994 2006 πάντα

331 2045 673 2109 πεπόνθασιν
707 2046 759 2099 o't
793 2043 988 2121 έγθροὶ
1018 2050 1117 2113 τῆς
1169 2048 1316 2113 ζωῆς
1346 2041 1525 2097 αὐτῶν
1576 2038 1858 2106 Ἰουδαῖοι,
1907 2059 1998 2093 κυ-

339 2134 633 2207 ριευθέντες
669 2134 772 2190 ὑπὸ
814 2139 922 2189 τῶν
965 2133 1273 2206 Ῥωμαίων,
1326 2131 1401 2194 ὡς
1461 2130 1807 2203 ἀπωσάμενοι
1866 2130 1999 2203 Χρι-

336 2223 464 2277 στὸν
493 2224 586 2277 τὸν
619 2222 849 2297 βασιλέα
878 2226 976 2277 τοῦ
1005 2222 1208 2284 παντὸς
1255 2220 1346 2275 καὶ
1376 2222 1478 2290 τήν
1540 2224 1648 2275 τῶν
1708 2220 1995 2292 Ῥωμαίων

340 2311 622 2386 βασιλείαν
680 2306 954 2371 δυσσεϐῶς
1006 2309 1454 2382 ἐπισπασάμενοι,
1509 2309 1824 2383 κράζοντες,
1881 2307 2001 2365 Οὐκ

339 2401 545 2479 ἔχομεν
576 2399 806 2475 βασιλέα
836 2399 882 2455 εί
908 2401 984 2473 μὴ
1020 2398 1283 2474 Καίσαρα,
1319 2398 1433 2468 καὶ,
1482 2399 1558 2455 Τὸ
1588 2400 1726 2470 αἷμα
1756 2398 2000 2472 Χριστοῦ

335 2489 416 2568 ἐφ’
448 2492 596 2563 ἡμᾶς
628 2490 716 2544 καὶ
750 2489 838 2544 ἐπὶ
866 2489 936 2544 τά
970 2488 1131 2544 τέκνα
1190 2491 1376 2562 ἡμῶν.
1433 2486 1528 2542 Διὸ
1565 2486 1654 2541 καὶ
1700 2485 1866 2561 μέχρι
1897 2491 2000 2554 τῆς

336 2576 646 2640 συντελείας
675 2580 774 2648 τὴν
805 2579 882 2638 είς
912 2579 982 2633 τά
1019 2576 1145 2648 ἔθνη
1178 2576 1354 2633 πάντα
1401 2573 1699 2651 διασπορὰν
1752 2575 1842 2630 καὶ
1901 2593 2003 2629 τα-

333 2666 644 2739 λαιπωρίαν
694 2664 908 2736 ἕξουσιν
964 2665 1143 2722 αὐτῶν
1194 2665 1261 2721 τὰ
1318 2664 1498 2733 τέκνα,
1558 2663 1799 2737 καθάπερ
1855 2655 2005 2739 τινὶξ

332 2730 594 2831 δραπέται
656 2730 967 2832 μαστιγίαι,
1022 2752 1193 2829 μηδὲν
1250 2759 1357 2809 τῶν
1414 2730 2003 2826 νομίμωνᾶπίτελεῖν

333 2843 649 2917 δυνάμενοι.
680 2846 1018 2921 Ὑποφόρους
1071 2845 1173 2920 γὰρ
1205 2838 1428 2919 ἔχοντες
1470 2843 1667 2905 αὐτοὺς
1729 2842 2002 2916 Ῥωμαῖοι

334 2935 437 2991 οῦκ
466 2935 596 2989 ἐῶσι
643 2940 763 2998 τοῖς
824 2931 985 2996 ἷδίοις
1041 2936 1345 3009 κεχρῆσθαι
1402 2929 1798 3005 δικαιώμασιν,
1855 2929 2003 2986 ἐπει-

335 3022 509 3099 δήπερ
538 3025 802 3084 ἑκουσίως
835 3022 1208 3078 ἐπεσπάσαντο
1246 3023 1349 3090 τήν
1408 3018 1687 3091 δουλείαν,
1734 3020 2000 3100 εἷπόντες⁹

334 3114 447 3169 Οὐκ
475 3113 679 3188 ἔχομεν
715 3112 944 3188 βασιλέα
997 3112 1049 3168 εἷ’
1109 3114 1186 3185 μή
1247 3112 1509 3187 Καίσαρα,
1569 3112 1682 3179 καὶ,
1743 3111 1866 3168 Ἐὰν
1924 3110 2000 3183 μὴ

2104 1953 2236 2009 vita:
2264 1954 2473 2023 Judaai,
2506 1972 2541 2010 a
2565 1957 2848 2012 Romanis
2878 1956 2941 2011 in
2965 1957 3307 2013 servitutem
3329 1958 3466 2026 acti,
3490 1958 3648 2029 quod
3674 1976 3761 2014 re—

2104 2057 2237 2113 gem
2290 2043 2549 2099 universi
2597 2044 2898 2101 Christum
2948 2051 3319 2117 respuerant,
3376 2049 3759 2118 Romanoque

2105 2132 2356 2203 imperio
2381 2132 2562 2204 impie
2587 2150 2716 2189 sese
2739 2134 3429 2207 subjicerantclamando
3451 2138 3495 2171 9‘
3521 2154 3533 2190 :
3560 2154 3756 2208 regem

2106 2227 2324 2291 printer
2350 2226 2644 2278 Caesarem
2694 2223 2925 2279 nullum
2974 2224 3283 2294 habemus,
3336 2226 3476 2280 item
3509 2226 3758 2298 Sanguis

2108 2310 2323 2365 Christi
2353 2312 2526 2367 nobis
2564 2314 2904 2384 nostrisque
2936 2315 3260 2385 imputetur
3292 2316 3518 2371 liberis.
3552 2318 3753 2386 Itaque

2108 2399 2288 2453 etiam
2336 2400 2411 2454 ad
2448 2406 2778 2456 extremum
2807 2419 2996 2473 usque
3044 2405 3356 2472 posteritas
3393 2421 3599 2460 eorum
3646 2422 3754 2477 per

2111 2488 2385 2544 nationes
2415 2489 2786 2562 dispergetur
2815 2495 2874 2545 et
2902 2490 3200 2563 afﬂigetur
3225 2516 3239 2557 ς
3272 2492 3460 2547 instar
3488 2493 3756 2563 fugitivo-

2111 2593 2246 2632 rum
2276 2582 2336 2633 et
2391 2579 2546 2633 notis
2593 2585 3086 2650 compunctorum
3135 2597 3439 2635 servorum
3487 2581 3759 2651 nihilque

2112 2666 2442 2722 secundum
2491 2666 2683 2740 legem
2714 2684 2886 2740 agere
2937 2668 3009 2723 iis
3059 2669 3455 2740 permittetur.
3511 2670 3760 2726 Romani

2112 2756 2273 2812 enim
2305 2772 2439 2811 cum
2470 2772 2571 2812 eos
2591 2756 2853 2812 habeant
2882 2757 3325 2828 stipendiarios,
3385 2775 3504 2814 non
3559 2759 3764 2814 sinunt

2111 2845 2367 2917 propriis
2396 2845 2483 2900 uti
2512 2844 2759 2917 legibus,
2794 2845 2926 2901 ideo
2949 2847 3087 2916 quia
3116 2846 3273 2902 ultro
3295 2846 3370 2902 iis
3399 2864 3459 2902 se
3492 2847 3553 2902 in
3581 2847 3762 2903 servi-

2114 2939 2299 2989 tutem
2325 2934 2696 3003 addixerant,
2715 2951 2851 2990 cum
2872 2935 3337 2992 vociferarentur
3358 2953 3420 2992 se
3435 2953 3556 2991 non
3575 2937 3759 3011 alium

2112 3022 2331 3078 habere
2362 3039 2559 3095 regem
2609 3040 2786 3093 quam
2838 3025 3149 3080 Cmsarem.
3211 3028 3359 3081 Item
3419 3025 3533 3081 nisi
3594 3025 3758 3080 Chri.

2113 3116 2269 3166 stum
2301 3111 2663 3178 occidamus,
2695 3128 2904 3168 omnes
2935 3114 2987 3168 ei
3020 3113 3196 3168 [idem
3241 3113 3628 3179 adhibebunt,
3664 3131 3763 3169 ve-

334 3204 740 3276 άποκτείνωμεν
794 3204 886 3257 τὸν
938 3203 1193 3277 Χριστὸν,
1284 3201 1473 3261 πάντες
1532 3199 1609 3262 είς
1693 3199 1852 3254 αὐτὸν
1908 3220 1996 3255 πι-

442 3291 456 3311 Ι
744 3292 759 3312 \
826 3289 870 3312 ’\
928 3290 940 3309 ν
1206 3291 1242 3312 ν(
1300 3296 1356 3312 (τι
1392 3310 1397 3312 Α
1436 3294 1531 3312 ..3-
1623 3290 1710 3312 Ηυξ
1778 3290 1987 3312 3'.--,"_..,

2113 3200 2396 3270 nientque
2433 3201 2680 3256 Romani
2721 3202 2874 3257 388
2910 3207 2969 3256 et
2998 3201 3207 3257 urbem
3248 3207 3602 3272 gentemque
3651 3220 3761 3256 no-

2109 3294 2284 3312 -a_.._.
2323 3288 2591 3312 ---L:...._.L
2648 3291 2713 3312 ηε
2754 3289 2984 3312 ---1Δ---
3024 3308 3136 3312 _-_
3180 3296 3380 3312 __-_.L_
3416 3307 3510 3312 ____
3565 3296 3755 3312 1__.___.

336 3291 640 3360 στεύσουσι,
670 3292 760 3346 καὶ
821 3289 1137 3346 ἐλεύσονται
1195 3291 1248 3345 οἱ
1300 3294 1565 3362 Ῥωμαῖοι
1622 3290 1713 3343 καὶ
1770 3290 1990 3361 ἀροῦσιν

334 3384 501 3453 ⁴ἡμῶν
522 3381 613 3435 τὸν
645 3379 813 3434 τόπον
870 3379 964 3434 καὶ
1028 3379 1092 3434 τὸ
1153 3376 1334 3442 ἔθνος.
1394 3378 1461 3435 Οἳ
1519 3398 1580 3453 γε
1632 3376 1721 3432 καὶ
1778 3373 1995 3441 ἄκοντες

336 3472 770 3547 προεφήτευσαν,
851 3468 955 3526 Καὶ
1007 3469 1111 3543 γὰρ
1172 3466 1487 3522 ἐπίστευσαν
1554 3466 1630 3528 είς
1714 3464 1873 3522 αὐτὸν
1932 3466 2000 3523 τὰ

336 3555 492 3626 ἔθνη,
523 3557 614 3613 καὶ
647 3556 802 3612 αὐτοὶ
830 3558 933 3626 τὴν
983 3554 1228 3627 ἐξουσίαν
1294 3556 1397 3611 ὑπὸ
1453 3553 1744 3629 Ῥωμαίων
1797 3552 1999 3634 ἀφῃρέ-

338 3650 510 3718 θησαν
560 3646 653 3702 καὶ
689 3648 790 3715 τήν
851 3645 1128 3719 λατρείαν,
1192 3644 1570 3719 κεκωλυμένοι
1627 3642 1685 3699 δέ
1749 3644 1853 3699 εἰσι
1908 3639 2001 3700 καὶ

336 3739 579 3813 ἀναιρεῖν
616 3738 707 3800 οὕς
740 3735 962 3793 θέλουσι
1020 3738 1114 3792 καὶ
1174 3738 1320 3792 θύειν
1383 3738 1474 3792 ὅτε
1532 3735 1846 3811 βούλονται.
1906 3736 2000 3791 Διὸ

338 3827 427 3883 καὶ
458 3827 854 3903 ἐπικατάρατοί
885 3827 1014 3899 εἰσι,
1075 3828 1151 3899 μή
1186 3824 1485 3900 δυνάμενοι
1523 3831 1700 3881 ποιεῖν
1756 3826 1826 3881 τὰ
1878 3822 1999 3880 δια-

338 3917 665 3993 τεταγμένα.
718 3917 1149 3990 Ἐπικατάρατος
1203 3916 1329 3992 γᾶρ,
1411 3916 1570 3993 φησί,
1627 3919 1729 3978 πᾶς
1784 3915 1844 3977 ὅς
1902 3914 2001 3970 οὐκ

343 4006 567 4079 ἐμμένει
598 4010 729 4061 πᾶσι
758 4011 877 4071 τοῖς
913 4005 1321 4083 γεγραμμένοις
1378 4003 1430 4059 ἐν
1488 4008 1569 4076 τῷ
1630 3998 1835 4075 Βιϐλίῳ
1902 4007 1999 4058 τοῦ

345 4096 549 4169 νόμου,
572 4100 671 4151 τοῦ
702 4102 932 4164 ποιῆσαι
962 4094 1115 4153 αὐτά.
1149 4092 1432 4153 Ἀδύνατον
1464 4090 1523 4148 δέ
1581 4092 1720 4148 ἐστιν
1776 4091 1828 4147 ἐν
1888 4090 2001 4147 δια-

343 4189 521 4260 σπορᾷ
544 4183 740 4257 μεταξὺ
773 4179 958 4247 ἔθνους
989 4182 1147 4246 ὄντας
1203 4185 1422 4244 πάντως
1478 4181 1746 4239 ἐπιτελεῖν
1801 4181 1997 4247 αὐτοὺς

342 4275 412 4329 τὰ
437 4277 537 4329 τοῦ
565 4274 738 4346 νόμου
767 4274 856 4329 καὶ
913 4273 1014 4342 τήν
1076 4270 1325 4346 λατρείαν
1379 4270 1431 4327 ἐν
1493 4269 1570 4326 ἐνὶ
1628 4269 1785 4343 τόπῳ
1840 4291 1998 4345 περι-

342 4363 757 4437 γεγραμμένην,
815 4362 890 4425 ὡς
944 4361 1000 4416 ἐν
1061 4360 1213 4436 λόγῳ
1268 4360 1466 4435 Κυρίου
1523 4362 1765 4429 Μωϋσῆς
1821 4356 2000 4415 διετά-

342 4452 492 4520 ξατο.

415 4540 481 4597 Τί
514 4539 605 4595 οὗν
633 4541 771 4614 πρὸς
798 4538 968 4596 ταῦτά
1010 4560 1164 4619 φατε,
1221 4537 1268 4594 ὦ
1323 4535 1584 4598 Ἰουδαῖοι
1620 4556 1634 4608 ;
1694 4537 1797 4596 Καὶ
1851 4534 1905 4593 τί
1934 4536 1999 4592 τὸ

346 4626 522 4682 α’ίτιον
546 4632 654 4682 τῶν
683 4629 959 4685 τοσούτων
1010 4630 1100 4683 καὶ
1159 4628 1505 4698 τηλικούτων
1569 4628 1706 4700 ὑμᾶς
1737 4625 1999 4698 κατειλη-

346 4718 526 4794 φότων
557 4723 739 4773 κακῶν
774 4739 788 4788 ;
820 4719 961 4793 Ἀρά
990 4739 1052 4793 γε
1080 4721 1346 4788 συνήκατε
1376 4717 1459 4773 ὅτι
1504 4717 1604 4773 ούκ
1652 4718 1728 4780 εὶς
1761 4714 1998 4790 ὁμόδου-

350 4805 470 4873 λον,
502 4804 629 4861 ἀλλ’
662 4806 740 4868 εἷς
771 4808 900 4862 Θεὸν
927 4806 1429 4881 προσκεκρουκότες
1472 4805 1696 4869 είκότως
1729 4808 1812 4879 [Ρ.
1872 4806 1999 4878 219]

345 4899 514 4949 ταῦτα
562 4896 862 4951 πεπόνθατε
918 4898 1010 4951 καί
1068 4895 1416 4971 ἁσύγγνωστα
1445 4896 1731 4969 πάσχετε;
1778 4892 1999 4955 Ἡσαΐας

345 4983 450 5059 γὰρ
485 4983 605 5058 περί
639 4985 793 5056 ὑμῶν
824 4984 884 5039 ἐκ
912 4986 1212 5060 προσώπου
1243 4988 1377 5040 Θεοῦ
1416 5003 1601 5059 φησιν’
1636 4983 1795 5047 Υἱοὺς
1847 4982 1997 5058 ἐγέν-

346 5092 485 5142 νησα
513 5074 604 5127 καὶ
635 5074 851 5146 ὕψωσα,
883 5073 1038 5129 αὐτοὶ
1070 5071 1128 5129 δέ
1160 5095 1228 5147 με
1256 5073 1551 5144 ἠθέτησαν.
1587 5074 1692 5130 Καὶ
1718 5073 1771 5127 τί
1831 5074 1997 5143 ποιή-

347 5181 426 5214 σω
458 5165 538 5232 τῷ
567 5159 857 5233 ἀμπελῶνί
887 5184 1017 5235 μου,
1048 5162 1138 5217 καὶ
1188 5161 1289 5217 οὐκ
1344 5161 1575 5232 ἐποίησα
1627 5160 1812 5233 atra;
1845 5160 1996 5216 Διότι

345 5244 535 5319 ἔμεινα
586 5246 682 5304 ’ίνα
739 5252 947 5325 ποιήσῃ
1002 5248 1304 5328 σταφυλὴν,
1364 5249 1590 5320 ἐποίησε
1629 5246 1687 5305 δὲ
1742 5250 1995 5311 ἀκάνθας.

343 5337 450 5393 Καὶ
482 5332 785 5411 ἔμειναἩα
822 5342 1032 5414 ποιήσῃ
1090 5339 1292 5415 κρίσιν,
1350 5338 1577 5409 ἐποίησε
1634 5336 1692 5394 δέ
1745 5338 1995 5412 ἀνομίαν,

336 5425 431 5480 καὶ
462 5426 524 5481 ού
564 5424 928 5501 δικαιοσύνην,
959 5426 1106 5484 ἀλλὰ
1133 5429 1401 5503 κραυγήν.
1458 5426 1622 5490 ΙΙοίας
1655 5423 1714 5481 δέ
1762 5427 1997 5489 ἀκάνθας

344 5513 492 5590 λέγει
526 5516 617 5571 καὶ
646 5516 805 5572 ποίαν
838 5516 1060 5592 ἄνομίαν
1099 5517 1192 5573 καὶ
1247 5517 1487 5594 κραυγήν
1518 5535 1533 5586 ;
1584 5518 1654 5575 Ἥ
1709 5513 1997 5587 δηλονότι,

413 5694 462 5731 ³³
492 5696 696 5753 Matth.
730 5714 885 5769 xxiv,
912 5701 984 5766 2;
1020 5698 1155 5757 Luc.
1188 5716 1305 5768 xxx,
1336 5701 1389 5757 6.
1466 5698 1513 5735 ²⁶
1542 5699 1744 5758 Matth.
1776 5716 1956 5770 xxvn,
1982 5700 2000 5753 ε

2150 5696 2198 5732 ³⁵
2226 5697 2396 5753 Deut.
2424 5712 2600 5764 xxvu,
2637 5698 2703 5754 15
2735 5712 2902 5768 seqq.
2980 5695 3028 5731 ³⁸
3060 5697 3173 5752 Isa.
3209 5714 3251 5769 ι,
3279 5700 3335 5753 2.

2107 3294 2290 3344 stram
2321 3288 2615 3361 subigent.
2648 3291 2717 3344 Et
2748 3289 2991 3360 quidem
3024 3308 3143 3345 non
3177 3296 3385 3361 sponte
3413 3307 3540 3358 sua,
3565 3296 3762 3345 tamen

2106 3377 2406 3432 vaticinati
2439 3384 2610 3444 sunt;
2636 3395 2775 3433 nam
2799 3382 2856 3433 et
2877 3378 3150 3434 nationes
3171 3379 3469 3434 Christum
3490 3380 3604 3434 ﬁde
3628 3383 3767 3434 sunt

2104 3466 2385 3537 amplexi,
2419 3473 2479 3522 et
2508 3468 2653 3539 ipsis
2674 3468 2922 3524 Romani
2953 3467 3271 3541 imperium
3297 3468 3643 3540 cultumque
3668 3485 3761 3524 sa-

2104 3573 2342 3611 crorum
2372 3557 2742 3628 eripuerunt,
2799 3564 2857 3612 et
2896 3574 3089 3629 neque
3139 3559 3475 3615 interﬁcere
3508 3560 3579 3614 iis
3626 3558 3766 3614 licet

2104 3661 2255 3714 quos
2292 3644 2515 3713 volunt,
2570 3662 2764 3716 neque
2823 3648 3161 3703 sacrificare
3214 3649 3448 3719 quoties
3493 3649 3760 3721 cupiunt.

2104 3733 2228 3797 Quo
2260 3733 2325 3788 fit
2354 3738 2420 3788 ut
2450 3734 2847 3790 exsecrationi
2879 3736 2997 3790 sint
3027 3735 3288 3801 obnoxii,
3322 3754 3457 3793 cum
3499 3738 3662 3793 obire
3695 3754 3763 3793 ea

2104 3838 2236 3892 qua:
2257 3821 2491 3894 legibus
2510 3822 2802 3893 jubentur
2822 3841 2945 3878 non
2967 3825 3218 3895 possint.
3238 3826 3325 3879 Ita
3342 3827 3500 3880 enim
3533 3825 3626 3880 lex
3648 3827 3759 3880 ait:

2104 3912 2459 3966 Exsecratus
2486 3916 2611 3966 esto
2639 3911 2979 3983 quicunque
3008 3929 3127 3967 non
3149 3913 3349 3968 omnia
3371 3930 3501 3982 quae
3527 3914 3586 3968 in
3608 3913 3762 3968 libro

2104 3999 2251 4069 legis
2282 3998 2502 4071 scripta
2532 4005 2690 4067 sunt,
2724 3999 2995 4055 observat
3040 4005 3218 4071 atque
3249 4006 3490 4071 praestat
3538 4001 3603 4057 25.
3633 4002 3760 4056 Iam

2106 4087 2233 4143 fieri
2256 4088 2421 4144 nullo
2454 4088 2629 4144 modo
2660 4094 2855 4161 potest
2882 4095 2949 4144 ut
2976 4090 3077 4161 qui
3124 4089 3263 4144 hinc
3318 4088 3455 4144 inde
3506 4106 3611 4161 per
3662 4107 3760 4161 po-

2104 4179 2277 4251 pulos
2325 4180 2575 4252 dispersi
2631 4181 2769 4249 sint,
2819 4182 2860 4236 ii
2909 4198 3149 4237 omnem
3206 4183 3309 4238 Dei
3353 4181 3580 4237 cultum
3629 4182 3755 4254 lege

2103 4269 2355 4325 Mosaica
2388 4270 2801 4342 praascriptum
2852 4288 3109 4342 eumque
3168 4272 3269 4328 uni
3330 4271 3459 4326 loco
3511 4271 3754 4327 afﬁxum

2104 4358 2341 4414 obeant.

2178 4540 2253 4593 At
2281 4554 2404 4605 vos,
2432 4536 2640 4607 Judaai,
2686 4538 2786 4609 qui
2827 4537 2903 4593 ad
2934 4538 3060 4593 haec
3108 4538 3350 4595 dicitis?
3401 4541 3538 4606 Quae
3584 4557 3762 4596 causa

2110 4631 2199 4681 est
2213 4631 2297 4680 tot
2314 4631 2735 4697 tantorumque
2753 4627 3044 4682 malorum
3062 4645 3191 4698 qum
3211 4630 3373 4684 vobis
3391 4635 3715 4685 evenerunt
3735 4628 3762 4681 ?

2111 4714 2526 4787 Intelligitisne
2573 4731 2704 4770 eam
2735 4732 2884 4783 esse,
2918 4716 3076 4787 quod
3132 4735 3252 4773 non
3284 4719 3345 4773 in
3388 4734 3759 4781 conservum,

2109 4803 2213 4859 sed
2244 4805 2305 4858 in
2330 4804 2524 4876 ipsum
2549 4805 2731 4860 Deum
2754 4805 3111 4875 offendistis,
3135 4806 3388 4876 ideoque
3420 4812 3536 4859 tam
3559 4821 3761 4875 graves

2111 4893 2237 4948 sine
2271 4892 2441 4948 venia
2472 4909 2671 4964 poenas
2698 4894 2958 4965 penditis
2981 4894 3007 4947 ‘I
3037 4896 3182 4949 Nam
3211 4895 3391 4949 Isaias
3414 4894 3654 4963 quidem
3688 4892 3759 4946 de

2108 4982 2272 5037 vobis
2295 4982 2404 5036 sub
2426 4998 2681 5053 persona
2700 4983 2801 5037 Dei
2824 4982 2907 5036 sic
2926 4983 3194 5053 loquitur
3216 4984 3259 5026 ³⁵
3283 5000 3295 5036 :
3322 4983 3495 5036 Filios
3507 4982 3679 5052 genui
3705 4986 3763 5033 et

2109 5070 2309 5127 extuli.
2337 5070 2448 5142 ipsi
2471 5076 2670 5126 autem
2697 5087 2791 5125 me
2815 5078 3166 5142 spreverunt
3191 5073 3254 5127 ³⁷.
3286 5075 3450 5135 Item,
3472 5070 3763 5135 Quidnam

2108 5165 2293 5216 restat
2326 5158 2481 5231 quod
2514 5159 2707 5213 adhuc
2738 5159 2798 5212 in
2829 5160 3063 5214 vineam
3088 5161 3260 5214 istam
3290 5159 3509 5214 laboris
3540 5159 3766 5229 impen-

2110 5249 2268 5316 dam,
2292 5247 2451 5318 quod
2478 5247 2746 5302 nondum
2772 5247 3165 5319 impenderim
3190 5248 3216 5301 ‘?
3245 5248 3588 5317 Exspectavi
3626 5248 3767 5301 dum

2107 5354 2250 5392 uvas
2282 5336 2669 5407 produceret:
2704 5337 2850 5389 Ecce
2881 5343 3077 5390 autem
3118 5336 3318 5408 spinas
3349 5336 3617 5407 protulit.
3653 5339 3765 5391 Ex-

2108 5425 2365 5498 spectavi
2398 5423 2540 5478 dum
2564 5424 2726 5495 juste
2764 5431 3026 5496 agerent,
3068 5425 3171 5480 sed
3199 5425 3554 5497 injustitiam
3590 5426 3675 5480 illi
3707 5432 3765 5481 et

2106 5512 2595 5571 vociferationem
2649 5511 2983 5570 ediderunt.
3044 5516 3198 5581 Quas
3254 5531 3390 5571 vero
3449 5516 3650 5588 spinas
3707 5522 3765 5569 et

3416 5696 3463 5732 ³⁷
3494 5698 3615 5753 Isa.
3657 5713 3710 5759 ν,
3745 5696 3778 5748 4
