4194 6198
431 356 550 418 423

1784 347 2108 410 GEORGII
2150 349 2251 410 ΟΕ
2261 352 2301 411 D
2314 350 2460 413 BEN
2470 354 2494 416 Ι

3724 358 3846 418 424

433 507 615 566 quam
646 487 999 562 injustitiam
1030 500 1099 541 ac
1116 500 1293 556 quem
1319 483 1645 540 clamorem
1674 483 1883 539 notat?
1904 482 2072 539 nimi-

2190 484 2385 561 αἷσπερ
2416 485 2811 564 ἕστερανώσατε
2836 488 2998 545 αὐτὸν
3053 485 3277 564 ἀνόμως
3327 488 3429 546 επὶ
3484 493 3583 545 τοῦ
3622 490 3848 557 πάθους,

428 597 563 638 rum
586 578 785 650 spinas
818 593 887 630 ex
919 574 1134 644 quibus
1164 578 1500 629 contextam
1528 574 1579 628 ei
1604 588 1884 629 coronam
1920 573 2078 628 inter

428 670 652 740 injusta
676 663 967 736 supplicia
1019 662 1412 735 imposuistis,
1442 663 1867 719 vociferantes:
1892 662 2073 728 Tolle,

428 757 590 818 tolle.
623 754 779 810 884
826 753 884 807 in
918 769 1155 809 crucem
1185 769 1320 808 eum
1354 768 1480 825 age.
1541 754 1634 809 Sic
1666 759 1724 809 et
1748 752 2072 808 Jeremias:

427 842 734 900 Hereditas
753 841 902 897 mihi
926 857 1059 899 mea
1078 841 1233 897 facta
1255 847 1344 898 est
1362 843 1554 899 instar
1582 842 1773 898 leonis
1808 842 1868 896 in
1888 842 2033 897 silva
2056 861 2070 901 :

423 936 719 991 Adversus
741 950 835 988 me
860 949 929 989 ea
948 950 1149 988 vocem
1168 934 1430 998 sustulit,
1456 934 1707 1004 ideoque
1737 950 1869 990 eam
1886 933 1983 988 odi
2005 932 2070 988 ".

425 1022 707 1078 Solomon
739 1037 976 1092 quoque
1002 1021 1180 1077 dicit:
1218 1022 1383 1077 Exite
1413 1039 1447 1077 o
1479 1021 1618 1076 ﬁliai
1648 1021 1862 1085 Sionis,
1894 1036 1962 1077 ac
1990 1020 2077 1075 vi-

422 1112 554 1168 dete
587 1127 866 1166 coronam
920 1127 1099 1183 quam
1151 1112 1203 1166 ei
1238 1116 1428 1167 mater
1477 1111 1605 1183 ejus
1652 1110 1935 1183 imposuit
1978 1108 2073 1164 die

421 1201 677 1272 unptiali
707 1201 771 1254 πθ.
805 1203 1046 1256 Matrem
1076 1201 1206 1272 ejus
1232 1205 1416 1268 vocat,
1450 1199 1779 1256 secundum
1809 1215 2072 1269 carnem,

422 1294 759 1349 Judaaorum
810 1308 1202 1366 synagogam:
1250 1292 1395 1347 dicit
1423 1292 1581 1346 enim
1617 1307 1632 1345 ε
1677 1292 1822 1346 Caro
1845 1305 1978 1345 mea
2007 1306 2073 1345 ex

422 1384 587 1456 ipsis.
643 1384 777 1439 Dies
834 1390 1033 1438 autem
1065 1383 1409 1456 nuptiarum
1458 1383 1589 1455 ejus
1637 1388 1746 1451 est,
1800 1397 1917 1453 quo
1961 1379 2072 1436 sibi

420 1473 685 1545 gentium
720 1471 1049 1527 Ecclesiam
1094 1471 1489 1543 desponsavit.
1543 1473 1687 1526 Tum
1734 1486 1872 1526 vero
1915 1469 2075 1525 fatua

422 1561 527 1616 illa
556 1576 851 1633 synagoga
890 1576 1169 1616 coronam
1203 1561 1471 1632 Spineam
1512 1559 1643 1632 ejus
1671 1559 1849 1631 capiti
1880 1559 2071 1630 impo-

422 1650 561 1715 suit,
586 1649 965 1721 illudensque
996 1650 1047 1705 ei
1081 1647 1245 1704 dixit.
1282 1648 1468 1713 Salve,
1503 1665 1536 1704 ο
1564 1665 1665 1704 rex
1707 1648 2070 1704 Judasorum.

422 1744 579 1808 Quos
603 1742 782 1797 etiam
804 1742 1097 1798 minacius
1113 1741 1386 1815 objurgat
1410 1741 1594 1797 Isaias
1614 1741 1710 1797 his
1725 1740 1918 1796 verbis
1943 1756 1956 1794 :
1990 1739 2075 1794 Fi-

2183 572 2491 645 κράζοντες.
2527 578 2710 654 Ἃρον,
2774 579 2927 652 ἆρον,
2985 579 3314 655 σταύρωσον
3372 576 3557 634 αὐτόν.
3620 578 3710 638 Ὠς
3753 578 3847 633 καὶ

2184 659 2269 718 ἰπὶ
2303 665 2371 721 Ἰε
2399 664 2612 740 ρεμίου,
2638 666 2881 745 Ἐγένετο
2938 669 2973 738 ἡ
3021 667 3375 744 κληρονομία
3440 687 3548 741 μου
3584 665 3709 741 ἐμοὶ
3768 667 3846 729 ὡς

2184 748 2323 807 λὲων
2353 751 2407 808 ἐν
2440 753 2654 831 δρυμῷ.
2682 754 2924 814 Ἔδωκεν
2955 756 3037 813 ἆπ’
3098 756 3197 831 ἐμὲ
3235 758 3335 827 τήν
3401 757 3588 832 φωνὴν
3651 755 3842 831 αὐτῆς,

2181 841 2270 896 καὶ
2303 840 2392 898 διὰ
2432 849 2593 901 τοῦτο
2649 846 2887 920 ἒμίσησα
2946 846 3130 919 αύτήν.
3195 848 3293 903 Καὶ
3347 846 3618 920 Σολομῶν
3657 846 3837 924 λέγει’

2191 931 2472 1003 Βξέλθετε,
2506 937 2788 1013 θυγατέρες
2832 937 3001 1004 Σιὼν,
3060 938 3148 994 καὶ
3216 936 3355 994 ἴδετε
3413 938 3464 992 ἐν
3514 942 3593 1011 τῷ
3651 937 3844 1014 nsipi-

2183 1019 2277 1098 ’νῳ
2307 1025 2354 1097 ᾧ
2382 1023 2739 1105 ἐστεφάνωσεν
2789 1028 2953 1084 αὐτὸν
2992 1030 3028 1098 ἡ
3094 1030 3283 1103 μήτηρ
3348 1026 3514 1083 αὐτοῦ
3571 1026 3626 1082 ιν
3654 1028 3841 1102 ήμὲρᾳ

2180 1116 2534 1190 νυμφεύσεως
2576 1116 2764 1174 αύτοῦ.
2803 1118 3025 1191 Μητέρα
3083 1117 3179 1190 μὲν
3242 1114 3410 1172 αἰ)τοῦ
3474 1117 3611 1172 κατὰ
3668 1116 3841 1191 σάρκα

2182 1201 2331 1278 λέγει
2372 1208 2486 1278 (49)
2513 1205 2615 1274 τὴν
2643 1210 2751 1260 τῶν
2800 1202 3076 1262 Ἰουδαίων
3133 1206 3483 1283 συναγωγήν.
3547 1206 3686 1279 Σάρε
3731 1225 3841 1279 μου

2180 1292 2285 1368 γάρ
2338 1313 2505 1369 φησιν
2563 1291 2614 1348 ἐν
2663 1294 2862 1349 αὐτῶν.
2918 1292 3129 1368 Ἡμέρα
3181 1290 3241 1349 δὲ
3281 1292 3632 1370 νυμφεύσεως
3672 1293 3838 1348 αύτοῦ

2180 1381 2303 1445 καθ’
2330 1379 2399 1451 ἢν
2427 1383 2526 1452 τήν
2560 1381 2609 1453 ἐξ
2650 1380 2816 1439 ἐθνῶν
2876 1381 3245 1462 ἔνυμφεύσατο
3305 1382 3654 1453 Ἐκκλησίαν.
3685 1383 3748 1440 Ἦ
3777 1379 3839 1438 δὶ

2186 1470 2537 1548 ματαιόφρων
2585 1469 2761 1543 ἐκείνη
2823 1473 3117 1548 συναγωγή
3178 1471 3431 1551 στὲφανον
3485 1468 3535 1544 ἑξ
3589 1470 3839 1534 ἀκανθῶν

2181 1557 2267 1617 ἐπὶ
2300 1563 2401 1632 τὴν
2429 1563 2675 1639 κεφαλὴν
2702 1563 2868 1619 αὐτοῦ
2918 1564 3068 1619 θεῖσα
3098 1562 3447 1637 ἱμπαίζουσα
3486 1561 3634 1635 αότῷ
3665 1560 3842 1639 ἔλεγε,

2181 1651 2370 1726 Χαῖρε,
2403 1653 2432 1706 6
2466 1651 2723 1727 βασιλεὺς
2759 1656 2870 1708 τῶν
2928 1649 3230 1711 Ἰουδαίων.
3293 1652 3435 1726 Πρὸς
3482 1652 3578 1714 οὕς
3609 1650 3843 1707 ἀποτει-

2179 1741 2405 1814 νόμενος
2465 1739 2684 1805 Ἠσαίας
2766 1741 3307 1813 ιπιπληκτικώτερον
3380 1735 3507 1812 ἔφη’
3568 1741 3656 1798 Ἐν
3726 1740 3838 1795 τίνι

423 1832 487 1887 1ίί
512 1831 725 1903 perditi
749 1848 818 1886 ac
847 1848 1051 1887 semen
1102 1831 1411 1903 injustum,
1446 1830 1683 1886 cuinam
1736 1845 1844 1902 per
1872 1828 2070 1884 libidi-

2182 1828 2576 1910 ἐνετρυφήσατε
2612 1848 2627 1900 ;
2659 1832 2762 1887 Καὶ
2799 1830 2888 1886 ἐπὶ
2946 1832 3053 1886 τίνι
3098 1828 3411 1906 ἒχαλάσατε
3459 1832 3560 1900 τήν
3589 1827 3841 1906 γλῶτταν

423 1937 562 1975 nem
584 1920 871 1987 illusistis,
898 1937 965 1975 ac
988 1925 1195 1975 contra
1225 1935 1402 1990 quem
1425 1919 1592 1974 frena
1612 1919 1829 1991 linguaa
1867 1922 2074 1973 vestra;

422 2008 727 2066 laxavistis
742 2007 791 2043 ³ο
806 2009 833 2064 ‘I
852 2011 1043 2079 Atque
1057 2008 1183 2080 ipse
1200 2008 1378 2063 etiam
1394 2007 1681 2063 Dominus
1694 2006 1851 2078 apud
1863 2007 2074 2062 Oseam

425 2116 528 2155 eos
551 2097 1218 2170 deploratitainquiens
1243 2112 1256 2151 :
1286 2098 1379 2152 Vua
1412 2097 1577 2168 ipsis,
1600 2096 1882 2167 quoniam
1915 2111 1949 2150 a
1980 2110 2075 2150 me

422 2188 805 2243 resiluerunt.
847 2187 1041 2242 Miseri
1074 2192 1235 2253 sunt,
1263 2186 1404 2256 quia
1432 2184 1746 2241 adversum
1776 2200 1873 2240 me
1892 2183 2074 2255 impie

423 2284 671 2350 egerunt
702 2276 978 2346 malaque
1010 2275 1071 2330 in
1117 2290 1214 2330 me
1244 2274 1495 2330 consilia
1541 2274 1843 2337 inierunt;
1876 2272 2076 2343 itaque

421 2366 681 2422 lsraelus
715 2365 1027 2437 absorptus
1059 2369 1151 2419 est
1177 2368 1354 2435 atque
1385 2362 1459 2419 ad
1490 2362 1746 2418 nihilum
1777 2361 2073 2428 redactus,

424 2455 733 2527 factusque
766 2455 923 2510 inter
944 2460 1148 2527 gentes
1186 2453 1375 2508 instar
1402 2452 1557 2508 vasis
1587 2452 1799 2524 perditi
1830 2448 1901 2505 3‘.
1936 2452 2078 2506 Bur-

428 2561 530 2601 sus
555 2561 662 2616 per
687 2543 1005 2599 Jeremiam
1030 2544 1185 2598 Deus
1216 2541 1379 2598 dicit.
1402 2540 1722 2614 Castigabit
1750 2545 1807 2594 te
1844 2545 1945 2595 tua
1973 2538 2079 2594 de-

427 2634 626 2699 fectio,
659 2638 719 2689 et
747 2633 978 2688 malitia
1024 2638 1131 2688 tua
1158 2636 1215 2685 te
1269 2631 1612 2698 convincat;
1641 2642 2076 2702 cognoscesque

426 2722 705 2779 acerbum
738 2721 843 2775 tibi
868 2736 996 2776 esse
1022 2719 1178 2789 quod
1200 2735 1297 2775 me
1327 2718 1641 2773 deseruisti
1670 2716 1739 2774 ³³.
1767 2720 1841 2772 At
1869 2716 2076 2772 beatus

428 2808 682 2866 Davidus
712 2808 1001 2864 acerrimo
1056 2807 1263 2862 dolore
1302 2811 1694 2878 compunctus
1742 2806 1803 2859 in
1852 2821 1952 2861 vos
1994 2805 2079 2860 ita

426 2903 769 2953 exsecratur
795 2897 870 2952 ob
916 2896 1251 2967 petulanter
1286 2912 1322 2951 a
1361 2895 1525 2950 vobis
1574 2899 1845 2950 vexatum
1875 2893 2073 2949 Domi.

427 3004 594 3043 num.
627 2986 1104 3044 Obtenehrentur
1147 2985 1302 3042 oculi
1336 3001 1563 3052 eorum,
1594 3000 1670 3040 ne
1711 2984 1977 3050 videant;
2008 2998 2077 3038 ac

430 3083 660 3151 tergum
685 3094 892 3133 eorum
923 3091 1347 3148 usquequaque
1378 3091 1571 3131 curva.
1604 3074 1853 3130 ElTunde
1883 3073 1944 3128 in
1973 3088 2077 3128 eos

430 3167 578 3222 iram
612 3173 773 3222 tuam
814 3166 882 3233 ⁸³,
914 3171 971 3220 et
1028 3164 1177 3222 885
1229 3163 1695 3220 excandescente
1742 3163 1942 3218 animo
1974 3176 2076 3216 eos

429 3257 682 3314 adorire.
713 3254 879 3313 Adde
917 3270 1123 3310 eorum
1170 3254 1426 3325 peccatis
1474 3258 1734 3325 peccata,
1786 3268 1861 3306 ne
1910 3258 2073 3307 tuam

314 3376 317 3383 ι
419 3346 717 3418 justitiam
761 3344 1072 3416 attingant.
1114 3344 1538 3415 Expungantur
1577 3341 1651 3397 de
1688 3341 1839 3397 libro
1878 3340 2070 3395 viven-

426 3435 598 3499 tium,
632 3440 689 3488 et
720 3434 877 3487 inter
897 3433 1094 3505 justos
1125 3448 1332 3487 eorum
1364 3431 1612 3486 nomina
1653 3446 1774 3485 non
1805 3428 2072 3485 scriban-

426 3528 543 3578 tur.
578 3522 800 3594 Dissipa
850 3537 952 3576 eos
984 3520 1037 3574 vi
1088 3524 1208 3588 tua,
1259 3536 1329 3576 ac
1374 3520 1564 3592 dejice
1605 3536 1726 3587 eos,
1775 3523 2076 3591 protector

429 3628 618 3680 meus,
653 3628 685 3666 ο
716 3612 889 3666 Deus.
924 3608 1452 3681 Deprehendantur
1475 3611 1538 3665 in
1566 3609 1723 3664 fastu
1761 3625 1889 3674 suo,
1924 3612 1982 3662 et
2010 3607 2074 3663 in

435 3702 525 3757 ira
546 3700 781 3763 excidii,
814 3715 887 3754 ne
915 3704 1168 3754 exstent.
1210 3700 1296 3755 Ita
1337 3698 1719 3771 experientur
1748 3698 1931 3753 Deum
1977 3698 2075 3753 Ja-

435 3792 583 3849 cobo
613 3797 671 3846 et
703 3791 920 3846 finibus
952 3795 1122 3846 terra;
1146 3790 1435 3862 imperare
1464 3789 1530 3844 ³⁸.
1556 3788 1844 3844 Nimirum
1866 3789 1975 3844 hoc
1993 3788 2075 3843 in-

429 3898 641 3947 nuens,
666 3882 827 3953 ipsos
841 3879 1005 3951 justo
1026 3879 1127 3935 Dei
1141 3878 1371 3951 judicio
1401 3878 1720 3949 dispersos,
1745 3877 2067 3933 intellectu-

427 3992 526 4031 ros
555 3974 855 4029 Christum
912 3988 1041 4028 esse
1101 3972 1285 4027 Deum
1316 3971 1502 4042 patris
1553 3970 1818 4043 ipsorum
1848 3970 2069 4026 Jacobi.

426 4064 646 4119 Eodem
696 4062 876 4118 etiam
934 4060 1110 4117 modo
1166 4077 1267 4116 vos
1322 4059 1580 4115 traducit
1608 4061 1819 4126 Moses,
1872 4058 1925 4113 is
1973 4058 2073 4130 qui

425 4154 611 4210 Deum
641 4151 812 4219 vidit,
860 4155 927 4205 ut
982 4150 1251 4220 impuros
1289 4152 1349 4204 et
1403 4146 1652 4203 stolidos
1700 4151 1761 4203 et
1787 4147 2069 4220 ingratos.

424 4242 577 4309 Filii,
609 4240 825 4311 inquit,
848 4237 1312 4311 reprehensione
1333 4236 1515 4311 digni,
1537 4252 1783 4309 pravum
1803 4252 1989 4309 genus
2007 4252 2074 4292 ac

424 4343 790 4400 perversum,
821 4324 1082 4380 haeccine
1123 4324 1370 4379 Domino
1412 4322 1785 4395 rependitis?
1820 4322 2073 4396 populus

427 4416 539 4471 iste
568 4415 766 4470 fatuus
796 4419 885 4468 est
907 4428 1101 4483 neque
1131 4412 1302 4485 sapit.
1336 4414 1427 4467 An
1454 4428 1574 4468 non
1606 4413 1758 4468 Deus
1788 4418 1956 4484 pater
1984 4416 2075 4467 est

2185 1917 2358 1990 ὑμῶν,
2414 1918 2574 1974 τέκνα
2628 1917 2907 1981 ἀπωλείας
2961 1917 3053 1974 καὶ
3113 1917 3325 1994 σπέρμα
3382 1916 3585 1991 ἄνομον
3626 1919 3834 1987 ;Ὂθεν

2178 2007 2341 2070 αὐτὸς
2372 2008 2401 2063 6
2433 2007 2635 2083 Κύριος
2667 2005 2737 2062 δι’
2768 2007 2930 2078 Ὠσηὶ
2980 2011 3079 2063 τοῦ
3133 2009 3425 2082 προφήτου
3487 2004 3835 2063 σχετλιαστι-

2176 2101 2287 2159 κῶς
2319 2100 2486 2165 εἶπεν,
2531 2097 2665 2153 Οὐαὶ
2722 2097 2933 2166 αὐτοῖς,
2967 2097 3053 2152 ὅτι
3111 2093 3466 2168 ἀπεπήδησαν
3528 2097 3618 2151 ἀπ’
3669 2094 3833 2170 ἰμοῦ.

2178 2184 2423 2242 Δείλαιοί
2448 2186 2601 2258 εἰσιν,
2636 2188 2720 2243 ὅτι
2766 2181 3042 2257 ἠσέϐησαν
3076 2185 3154 2249 εἰς
3213 2185 3311 2259 ὶμὶ
3348 2184 3437 2241 καὶ
3489 2186 3706 2260 πονηρά
3754 2185 3835 2249 εἷς

2177 2273 2275 2348 ἆμὶ
2308 2274 2650 2352 ἐλογίσαντο.
2688 2276 2786 2331 Καὶ
2836 2272 2927 2330 διὰ
2967 2279 3130 2331 τοῦτο
3187 2274 3459 2345 κατεπόθη
3493 2271 3712 2349 Ἰσραὴλ
3742 2274 3837 2330 καὶ

2178 2364 2254 2426 εἷς
2286 2365 2440 2419 οὐθὲν
2462 2363 2694 2439 ἐγένετο,
2724 2363 2814 2419 καὶ
2848 2364 2933 2419 ὅτι
2963 2361 3145 2438 ὥσπερ
3199 2367 3388 2425 σκεῦος
3447 2361 3725 2438 ἄχρηστον
3780 2361 3836 2418 ἰν

2174 2459 2292 2518 τοῖς
2324 2450 2549 2519 ἔθνεσιν.
2584 2454 2683 2513 Καὶ
2732 2452 2822 2510 διά
2850 2453 3117 2531 Ἰερεμίου
3173 2452 3338 2511 πάλιν
3397 2453 3552 2531 φησί·
3604 2450 3836 2508 Παιδεύ-

2176 2565 2257 2600 σει
2287 2566 2344 2601 σε
2371 2547 2407 2615 ἡ
2436 2545 2734 2600 ἀποστασία
2764 2566 2881 2613 σου,
2911 2544 3002 2601 καὶ
3042 2547 3076 2615 ἡ
3135 2545 3297 2600 κακία
3355 2564 3453 2599 σου
3499 2542 3707 2622 ἐλέγξει
3747 2566 3830 2617 σε,

2177 2633 2267 2690 καὶ
2291 2635 2474 2711 γνώσῃ
2521 2632 2605 2690 ὅτι
2654 2634 2848 2710 πικρόν
2904 2654 2990 2690 σοι
3029 2634 3093 2689 τὸ
3122 2633 3445 2690 καταλιπεῖν
3487 2654 3543 2688 σε
3573 2632 3693 2708 ἐμὲ.
3760 2636 3828 2691 Ὁ

2180 2721 2237 2779 δὲ
2264 2744 2325 2799 γε
2353 2726 2496 2785 θεῖος
2527 2718 2715 2795 Δαϐὶδ,
2775 2718 2957 2800 ὥσπερ
3016 2721 3405 2799 διαπριόμενος
3463 2728 3581 2787 καθ’
3643 2723 3821 2797 ὗμῶν,

2179 2811 2440 2888 ἰπαρᾶται
2470 2813 2606 2890 πρὸς
2629 2814 2721 2868 τὸν
2748 2811 3135 2888 παροινηθέντα
3194 2813 3396 2888 Κύριον
3447 2810 3651 2890 λέγων,
3682 2819 3826 2869 Σκο-

2177 2903 2517 2973 τισθήτωσαν
2571 2903 2623 2957 o't
2671 2900 2950 2980 ὀφθαλμοὶ
2990 2902 3165 2957 αὐτῶν
3192 2906 3289 2958 τοῦ
3332 2903 3408 2976 μὴ
3444 2900 3691 2978 βλέπειν,
3726 2903 3825 2958 καὶ

2175 2991 2269 3046 τὸν
2298 2995 2468 3046 νῶτον
2509 2989 2686 3046 αὐτῶν
2718 2988 2808 3046 διὰ
2838 2991 3038 3053 παντὸς
3089 2990 3429 3066 σύγκαμψον.
3465 2992 3706 3067 Ἒκχεον
3746 2990 3834 3046 ἐπ’

2178 3077 2368 3141 αὐτοὺς
2397 3079 2494 3147 τήν
2528 3078 2696 3154 ὀργήν
2728 3099 2847 3148 σου,
2906 3078 2997 3133 καὶ
3055 3078 3084 3133 6
3140 3078 3318 3151 θυμὸσ
3359 3084 3460 3148 τῆς
3493 3078 3667 3153 ὀργῆς
3729 3098 3835 3134 σου

2105 3202 2150 3272 c
2178 3163 2464 3243 καταλάϐῃ
2488 3167 2715 3272 αὐτούς.
2749 3169 2989 3272 Ιὲρύσθες
3019 3167 3244 3272 ἀνομίαέ
3291 3168 3377 3222 ὲπὶ
3433 3169 3545 3272 ’τὴν
3601 3167 3835 3243 ἀνομίαν

2178 3258 2382 3327 αὐτῶν,
2415 3256 2502 3312 καὶ
2543 3257 2619 3331 μή
2654 3253 3041 3320 εἶσελθέτωσαν
3096 3254 3149 3310 ἰν
3205 3253 3518 3331 δικαιοσύνῃ
3574 3275 3691 3311 σου’
3754 3255 3841 3327 ἐξ·

2179 3345 2591 3423 αλειφθήτωσαν
2622 3342 2682 3399 ἐκ
2715 3340 2917 3420 βίϐλου
2948 3345 3191 3415 ζώντων,
3221 3344 3312 3399 καὶ
3341 3344 3478 3418 μετᾶ
3507 3342 3730 3400 δικαίων
3758 3345 3839 3420 μὴ

2178 3436 2562 3513 γραφήτωσαν.
2649 3434 3042 3508 Διασκόρπισον
3097 3433 3295 3495 αὐτοὺς
3352 3431 3403 3488 ἐν
3469 3437 3539 3508 τῇ
3600 3431 3832 3508 δυνάμει

2179 3546 2296 3591 σου,
2327 3523 2416 3579 καὶ
2447 3518 2724 3579 κατάϐαλε
2752 3522 2974 3590 αὐτοὺς,
3032 3523 3060 3577 6
3117 3523 3524 3596 ὑπερασπιστής
3584 3543 3690 3596 μου
3732 3523 3838 3581 K6-

2179 3636 2278 3693 ριε.
2316 3616 2414 3671 Καὶ
2446 3612 2916 3691 συλληφθήτωσαν
2949 3611 3003 3667 ἐν
3035 3616 3104 3687 τῇ
3166 3612 3503 3693 ὑπερηφανίᾳ
3564 3613 3747 3668 αὐτῶν
3776 3612 3836 3670 ἐν

2177 3706 2313 3782 ὀργῇ
2345 3701 2674 3773 συντελείας,
2704 3701 2794 3757 καὶ
2827 3702 2892 3757 ού
2937 3702 3014 3776 μὴ
3076 3700 3374 3777 ὑπάρξωσι.
3420 3700 3519 3759 Καὶ
3570 3702 3819 3779 γνώσον-

2173 3816 2262 3850 ται
2290 3795 2376 3850 ὃτι
2407 3794 2437 3849 6
2467 3794 2595 3854 Θεὸς
2626 3789 2873 3861 δεσπόζει
2900 3795 2999 3846 τοῦ
3026 3785 3225 3848 Ἰακὼϐ
3280 3791 3374 3847 καὶ
3429 3796 3538 3847 τῶν
3568 3791 3819 3865 περάτων

2173 3887 2276 3950 τῆς
2327 3890 2450 3957 γῆς.
2512 3881 2627 3959 Ἐφ’
2677 3882 2761 3941 οἷς
2818 3877 3087 3951 δήπουθεν
3144 3876 3526 3956 διαπαρὲντες
3598 3876 3822 3942 ἰνδίκως

2175 3968 2567 4046 ἐπιγνώσονται
2599 3970 2811 4031 πάντως
2842 3966 2925 4023 ὅτι
2965 3966 3095 4029 Θεός
3154 3965 3295 4022 ἐστιν
3355 3968 3385 4022 6
3439 3967 3671 4041 Χριστὸς
3725 3971 3827 4023 τοῦ

2177 4060 2387 4135 Ηατρὸς
2416 4059 2595 4113 αὐτῶν
2628 4051 2844 4113 Ἰακώϐ.
2904 4054 3063 4114 Οὕτω
3114 4056 3175 4130 γε
3235 4056 3342 4129 μήν
3403 4056 3495 4111 καὶ
3528 4056 3556 4111 6
3588 4055 3828 4128 θεόπτης

2175 4149 2416 4216 Munia-3‘}:
2442 4142 2776 4215 στηλιτεύων
2806 4143 2948 4216 ὑμᾶς
2979 4143 3055 4208 ὡς
3091 4140 3391 4219 βδελυροὺς
3444 4142 3535 4198 καὶ
3588 4140 3833 4221 ἄφρονας

2174 4234 2265 4291 καὶ
2295 4234 2611 4311 ἀγνώμονας
2647 4235 2730 4307 [Ρ.
2761 4234 2890 4306 220]
2925 4229 3049 4310 ἔφη.
3110 4231 3289 4289 Τᾶκνα
3347 4231 3614 4304 μωμητά,
3672 4232 3835 4307 γενεὰ

2177 4323 2376 4381 σκολιᾶ
2402 4322 2492 4379 καὶ
2536 4319 2963 4397 διεστραμμένη,
3019 4325 3187 4376 ταῦτα
3228 4321 3411 4396 Κυρίῳ
3469 4319 3839 4377 ἀνταποδιδο-

2174 4434 2270 4485 te;
2312 4414 2484 4475 Οὗτος
2542 4411 2674 4473 λαὸς
2717 4411 2901 4486 μωρὸς
2941 4410 3031 4465 καὶ
3092 4409 3221 4486 ούχὶ
3253 4409 3438 4486 σοφός.
3496 4411 3614 4469 Οὐκ
3669 4410 3832 4473 αὐτὸς

427 4509 587 4573 tuus,
616 4505 717 4575 qui
748 4508 805 4559 te
836 4502 948 4558 sibi
966 4502 1212 4574 paravit,
1255 4502 1356 4574 qui
1378 4506 1433 4557 te
1463 4501 1626 4572 fecit,
1666 4506 1722 4557 te
1750 4502 2068 4557 formavit?

2179 4502 2335 4565 οὗτός
2367 4523 2462 4557 σου
2502 4502 2687 4576 Πατὴρ
2744 4498 3009 4571 ἐκτήσατό
3066 4519 3125 4554 σε
3190 4500 3280 4554 καὶ
3339 4497 3563 4571 ἐποίησέ
3619 4521 3678 4555 σε
3735 4500 3831 4555 καὶ

423 4565 749 4665 Eapropter
761 4595 921 4648 recte
933 4565 1291 4663 pronuntiat
1297 4591 1451 4646 Deus
1467 4606 1478 4644 :
1497 4565 1647 4657 Dixi,
1665 4591 1929 4663 dijiciam
1943 4606 2064 4659 eos,

2177 4590 2376 4648 ἔπλασὲ
2406 4612 2462 4646 σε
2495 4610 2509 4660 ;
2537 4565 2828 4654 Κάντεῦθεν
2861 4565 3088 4652 εἰκότως
3146 4588 3307 4668 φησὶν
3365 4589 3393 4643 6
3447 4565 3600 4651 0'56?
3630 4590 3823 4660 Εἱπον⁹

423 4680 673 4739 abolebo
693 4696 765 4736 ex
787 4678 1132 4735 hominibus
1152 4694 1361 4735 eorum
1399 4678 1747 4734 memoriam
1760 4676 1826 4732 ³⁵.
1853 4678 1924 4734 Et
1943 4679 2065 4751 qui.

422 4772 559 4829 dem
576 4770 831 4843 inclytus
848 4769 950 4825 ille
978 4769 1264 4825 Jeremias
1276 4767 1597 4824 admodum
1628 4767 1847 4825 diserte
1869 4770 2066 4842 expri-

421 4861 535 4919 mit
562 4860 837 4932 quisnam
863 4860 941 4914 sit
970 4858 1068 4913 ille
1108 4858 1210 4929 qui
1241 4858 1322 4913 ita
1350 4874 1386 4913 a
1415 4856 1576 4913 vobis
1617 4862 1899 4913 tractatus
1940 4864 2063 4917 est:

421 4949 694 5021 Spiritus,
726 4946 939 5019 inquit,
967 4946 1180 5001 faciem
1212 4950 1463 5000 vestram
1496 4944 1858 5017 praecedens,
1900 4948 2066 5003 Chri-

421 5043 567 5105 stus,
595 5037 1057 5109 comprehensus
1088 5041 1179 5090 est
1222 5034 1603 5107 perversitate
1652 5041 1864 5104 vestra,
1916 5038 1964 5093 is
1996 5038 2067 5096 de

2175 4679 2446 4757 διασπερῶ
2476 4679 2694 4751 αὐτοὺς,
2753 4678 2948 4735 παύσω
3005 4675 3064 4734 δε
3118 4675 3170 4748 ἕξ
3225 4677 3522 4754 ἀνθρώπων
3572 4678 3636 4734 τὸ
3697 4700 3835 4752 μνη-

2179 4770 2410 4845 μόσυνον
2441 4769 2642 4825 αὐτῶν.
2677 4767 2781 4826 Καὶ
2816 4767 2998 4842 μέντοι
3055 4765 3148 4822 καὶ
3201 4767 3230 4822 6
3285 4764 3503 4830 κλεινὸς
3559 4767 3826 4841 Ἱερεμίας

2179 4858 2327 4936 μάλα
2357 4860 2666 4939 σαφηνίζων
2697 4856 2786 4920 τίς
2844 4856 3005 4919 οὗτός
3065 4854 3206 4912 ἐστιν
3267 4856 3295 4910 6
3334 4860 3503 4912 ταῦτα
3541 4857 3828 4921 πεπονθὼς

2177 4950 2266 5029 ὑφ’
2297 4949 2470 5022 ὑμῶν,
2505 4946 2674 5023 λέγει’
2710 4949 2926 5019 Πνεῦμα
2982 4944 3088 5020 πρὸ
3147 4945 3446 5020 προσώπου
3484 4946 3638 5020 ὑμῶν
3693 4947 3829 5021 Χριο

2177 5039 2301 5101 στὸς
2334 5037 2529 5110 Κύριος
2562 5033 2874 5112 συνελήφθη
2917 5032 2970 5089 ἐν
3022 5038 3143 5096 ταῖς
3185 5029 3471 5109 διαφοραῖς
3529 5033 3710 5107 ὑμῶν,
3765 5031 3829 5090 οὗ

492 5164 542 5201 ³⁸
566 5167 681 5222 Jer.
714 5181 814 5235 xu,
844 5166 896 5219 8.
974 5161 1021 5198 ³ο
1049 5164 1211 5219 Cant.
1249 5178 1333 5229 ιιι,
1371 5165 1481 5235 lt._
1530 5159 1579 5195 ³ο
1610 5162 1719 5217 Isa.
1769 5179 1900 5230 Lvu.
1928 5166 1979 5231 3.
2016 5168 2069 5222 4.

2177 5167 2193 5202 ι
2242 5167 2372 5223 Ose.
2409 5181 2501 5231 vu,
2534 5163 2622 5219 i3.
2698 5163 2745 5199 ³³
2792 5164 2905 5219 Jer.
2941 5180 3004 5234 ιι,
3049 5168 3134 5220 19.
3211 5165 3258 5200 ⁸³
3313 5162 3466 5220 Psal.
3494 5178 3691 5231 vam,
3723 5164 3822 5230 24,

423 5238 511 5292 25.
591 5237 635 5274 ”
662 5233 814 5293 Psal.
848 5251 1003 5305 Lvm,
1035 5236 1104 5290 23
1135 5252 1301 5307 seqq.
1377 5233 1425 5269 ³⁵
1455 5233 1620 5289 Deut.
1648 5249 1799 5302 xxxx,
1831 5237 1920 5291 26.

1621 5330 1979 5392 XYLANDRI
2018 5337 2104 5392 ET
2142 5335 2355 5393 GOARI
2395 5332 2617 5388 NOTAE.

498 5446 610 5517 (49)
641 5448 738 5531 .Ip‘
789 5447 1090 5535 margine:
1131 5445 1408 5535 Ἐντεῦθεν
1466 5440 1705 5535 δύνασαιι
1740 5452 1929 5533 νοῆσαι
1970 5469 2066 5535 κά-

426 5510 658 5597 Mng
684 5514 749 5597 ³ερ
777 5510 1071 5591 τροπάριον
1102 5518 1182 5597 ’τὸ
1221 5513 1413 5597 λέγον
1441 5538 1503 5597 ‘«_
1556 5516 1626 5597 ξὶ
1777 5510 2071 5597 ἀκανθοφὸ-

427 5607 522 5664 ρος
546 5581 1149 5664 Ἑϐραίωνσυναγωγὴ,
1162 5586 1242 5664 ρύ
1275 5581 1514 5664 στοργλῂ
1536 5581 1817 5664 εὐεργέτου
1837 5581 2071 5664 πρὸέσε

427 5608 522 5664 ρος
566 5608 809 5661 ωοραιων
838 5608 964 5642 συνα
1005 5608 1149 5663 ωγη,
1181 5608 1242 5642 ου
1275 5608 1514 5661 στοργΛη
1536 5608 1654 5659 ευερ
1698 5608 1817 5642 ετου
1843 5608 1979 5645 ποορ
2013 5611 2067 5646 σε

426 5658 705 5739 φυλάξασα
752 5608 1040 5732 μητρικτῖν.
1078 5682 1104 5709 »ι
1162 5660 1242 5714 De
1274 5657 1546 5730 tropariis
1600 5608 1755 5715 inira
1818 5644 2067 5719 dicetur.

2180 5450 2364 5505 Locus
2396 5447 2496 5518 qui
2520 5463 2653 5520 Anon
2685 5447 2873 5520 multo
2904 5452 3039 5520 post
3086 5447 3302 5520 citatur
3357 5463 3429 5520 ex
3485 5446 3831 5520 Thren.__1v,

2178 5520 2259 5575 ibi
2291 5525 2350 5575 et
2380 5516 2537 5591 apud
2576 5516 2927 5591 Eusebium;
2977 5518 3277 5591 Justinum
3318 5519 3600 5591 aliosque
3659 5516 3837 5591 aliter

2206 5591 2357 5719 uti)qu
2387 5588 2602 5717 l§gitur
2633 5606 2647 5645 :
2683 5589 2785 5646 sed
2818 5590 3098 5646 insistere
3130 5589 3269 5646 huic
3298 5588 3683 5662 disputationi
3713 5603 3838 5643 non

2206 5679 2222 5717 ι
2267 5679 2328 5718 ιιι
2363 5703 2376 5716 .
2462 5676 2548 5718 γι..
