4194 6198
290 313 403 375 425

1426 310 1980 375 HISTORIARUM
2024 315 2589 384 COMPENDIUM.

3578 338 3699 397 426

287 445 536 520 εἴπομεν,
567 442 713 518 ἐντῇ
766 447 890 515 σκιᾷ
940 442 1107 499 αὐτοῦ
1161 443 1216 499 ἐν
1273 447 1390 505 τοῖς
1441 440 1635 503 ἔθνεσι.
1694 448 1932 501 Τοιαῦτα

2054 463 2161 539 quo
2188 449 2585 522 diximus,sub
2616 456 2829 514 umbra
2859 459 2989 532 ejus
3021 478 3142 518 non
3173 462 3331 520 inter
3359 470 3699 539 gentesam-

280 540 405 612 γοῦν
437 535 529 592 καὶ
578 536 607 590 ὁ
639 533 911 607 Σολομῶν
943 532 1095 597 αὖθις
1142 531 1203 590 ἐκ
1251 533 1550 610 προσώπου
1610 534 1765 607 ὑμῶν
1823 541 1930 592 τῶν

288 625 581 701 θεομάχων
606 619 911 700 διαρῥηδην
947 621 1329 699 προαγορεύει,
1383 623 1622 701 φάσκωνο
1656 620 1932 698 Ἒνεδρεύ-

288 735 468 788 σωμεν
493 716 586 771 τὸν
639 711 872 783 δίκαιον,
933 710 1015 767 ὅτι
1083 709 1427 787 δύσχρηστος
1482 714 1619 785 ἡμῖν
1678 712 1786 768 ἐστι
1842 712 1933 768 καὶ

287 804 622 859 ἐναντιοῦται
678 807 796 865 τοῖς
853 795 1032 877 ἔργοις
1088 803 1250 873 ἡμῶι
1325 801 1417 857 καί
1476 798 1728 871 ὀνειδίζει
1783 802 1932 875 ἡμᾶς

288 892 557 973 ἁμαρτίας
583 893 761 967 νόμῳ,
807 890 896 946 καὶ
954 889 1352 967 ἐπαγγέλλεται
1392 886 1591 965 γνῶσιν
1620 888 1769 965 ἔχειν
1801 894 1935 947 Θεοῦ

288 980 380 1038 καὶ
419 978 599 1037 Παῖδα
654 979 857 1056 Κυρίου
916 979 1103 1035 ἑαυτὸν
1160 978 1440 1053 ὀνομάζει.
1493 977 1739 1054 Ἐγένετο
1796 981 1933 1054 ἡμῖν

292 1071 367 1133 εἷς
398 1068 629 1146 ἔλεγχον
659 1069 874 1126 ἐννοιῶν
905 1071 1090 1144 ἡμῶν,
1128 1070 1220 1125 καὶ
1280 1068 1447 1146 βαρὺς
1478 1067 1618 1124 ἐστιν
1677 1071 1812 1142 ἡμῖν
1844 1068 1935 1125 καὶ

294 1161 659 1238 βλεπόμενος,
690 1160 774 1215 ὅτι
804 1159 1061 1235 ἀνόμοιός
1090 1158 1201 1216 ἐστι
1226 1166 1344 1223 τοῖς
1373 1158 1569 1223 ἄλλοις
1603 1161 1631 1214 ὁ
1686 1159 1806 1236 βίος
1836 1160 1935 1216 αύ-

290 1255 387 1307 τοῦ
415 1260 507 1305 καί
540 1246 945 1323 ἐξηλλαγμέναι
974 1249 1031 1304 αἱ
1055 1243 1238 1325 τρίϐοι
1293 1248 1480 1306 αὐτοῦ.
1536 1255 1622 1312 Ὠς
1667 1244 1935 1321 κίϐδηλον

288 1339 647 1417 ἐλογίσθημεν
675 1337 846 1411 αὐτῷ,
876 1339 968 1394 καὶ
1007 1338 1267 1415 ἀπέχεται
1295 1342 1403 1394 τῶν
1428 1336 1599 1402 ,ὁδῶν
1654 1341 1815 1413 ἡμῶν
1861 1339 1936 1400 ὡς

288 1428 394 1483 ἀπὸ
427 1429 787 1502 ὰαθαρσιῶν.
821 1426 1122 1501 Μακαρίζει
1180 1424 1238 1483 δὲ
1291 1422 1496 1504 ἔσχατα
1545 1425 1790 1499 δικαίων,
1846 1443 1939 1498 καὶ

290 1516 680 1589 ἀλαζονεύεται
718 1519 933 1594 Πατέρα
963 1518 1116 1575 Θεόν.
1150 1516 1378 1593 ’Ἱδωμεν
1408 1518 1459 1575 εἲ
1515 1519 1567 1574 οἱ
1625 1517 1783 1596 λόγοι
1840 1519 1940 1574 αύ-

289 1613 388 1663 τοῦ
448 1606 582 1663 εἰσιν
639 1606 887 1679 ἀληθεῖς,
946 1606 1035 1663 καὶ
1092 1608 1433 1684 πειράσωμεν
1488 1610 1559 1666 τὰ
1611 1608 1664 1665 ἐν
1722 1605 1937 1665 ἐκϐάσει

293 1696 483 1753 αὐτοῦ·
519 1697 567 1752 εἰ
595 1696 701 1772 γάρ
759 1695 870 1753 ἐστι
931 1693 1142 1760 δίκαιος
1181 1696 1272 1752 καὶ
1302 1698 1426 1763 Υἱὸς
1451 1703 1607 1768 Θεοῦ,
1638 1697 1940 1773 ἀντιλήψε-

2046 536 2358 597 bulaturos
2380 542 2447 600 ίε.
2470 544 2553 600 Ac
2573 562 2780 603 rursus
2810 548 3090 607 Solomon
3121 552 3183 608 in
3214 536 3475 626 persona
3488 564 3699 627 vestra,

2047 629 2344 716 quomodo
2385 635 2596 690 essetis
2629 637 2742 692 Deo
2772 639 3157 711 adversaturi,
3191 644 3462 716 praedicit
3503 663 3518 701 :
3548 649 3699 704 Insi-

2046 715 2301 788 diemur,
2336 721 2553 793 inquit,
2575 725 2742 797 justo
2775 726 2841 781 ³³.
2874 731 2976 785 Est
3032 715 3209 787 enim
3251 733 3425 791 nobis
3469 736 3699 793 incom-

2045 805 2282 877 modus,
2316 815 2494 882 atque
2523 811 2695 869 factis
2729 817 2951 873 nostris
2980 819 3344 892 adversatur,
3372 830 3695 897 nostraque

2047 910 2119 948 ex
2140 894 2267 969 lege
2300 905 2541 970 peccata
2561 903 2734 959 nobis
2765 907 3120 978 exprobrat:
3153 910 3424 968 notitiam
3444 914 3549 969 Dei
3582 894 3695 971 sibi

2047 984 2249 1057 sumit,
2282 1005 2463 1060 seque
2492 991 2708 1048 Filium
2730 994 2833 1050 Dei
2865 998 3154 1055 nominat.
3206 1002 3411 1074 Arguit
3465 1009 3701 1063 nostras

2048 1074 2456 1146 cogitationes,
2482 1081 2635 1137 386
2672 1088 2731 1139 et
2760 1084 2855 1140 vel
2905 1093 3149 1159 aspectu
3196 1090 3370 1146 nobis
3419 1093 3702 1149 mnlestus

2049 1168 2157 1218 est.
2182 1164 2501 1224 Dissimilis
2530 1170 2786 1227 aliorum
2818 1173 2948 1230 vitm
2982 1182 3071 1231 est
3098 1177 3215 1233 vita
3262 1179 3412 1251 ejus,
3473 1198 3698 1238 incres-

2048 1266 2163 1320 que
2187 1254 2316 1326 ejus
2346 1256 2616 1315 inusitati
2646 1261 3033 1320 nobis.I-labet
3060 1283 3167 1321 nos
3196 1284 3302 1339 pro
3325 1269 3699 1340 adulterinis,

2050 1346 2108 1396 et
2146 1359 2181 1398 a
2211 1346 2431 1402 nostris
2461 1349 2728 1407 moribus
2759 1352 3006 1424 perinde
3032 1361 3209 1426 atque
3239 1356 3704 1416 abimmunditia

2049 1430 2326 1489 abstinet.
2352 1436 2596 1494 Beatum
2627 1441 2912 1510 praedicat
2941 1444 3124 1500 ﬁnem
3141 1446 3698 1517 justorum,Deum-

2050 1536 2166 1591 que
2192 1523 2427 1580 Patrem
2459 1543 2633 1582 suum
2657 1528 2864 1600 jactat.
2910 1533 3303 1605 Experiamur
3336 1554 3551 1595 verane
3585 1540 3706 1597 sint

2051 1610 2181 1681 ejus
2206 1612 2403 1679 verba.
2437 1616 2780 1689 exitumque
2827 1621 2959 1693 ejus
3007 1623 3406 1696 exploremus.
3433 1627 3487 1681 Si
3543 1629 3702 1684 enim

2042 1697 2244 1770 justus
2269 1705 2430 1758 estet
2459 1704 2642 1761 Filius
2656 1707 3039 1777 Dei,tutelam
3070 1712 3198 1783 ejus
3229 1715 3702 1787 suscipietDeus,

291 1807 380 1841 ται
411 1786 579 1841 αὐτοῦ
616 1785 705 1840 καὶ
756 1783 974 1862 ῥύσεται
1027 1784 1191 1840 αὐτὸν
1250 1783 1311 1840 ἐκ
1366 1787 1554 1862 χειρὸς
1608 1786 1937 1860 ἀνθεστηκό-

2055 1805 2313 1861 eumque
2336 1807 2405 1847 ex
2437 1794 2910 1854 adversariorum
2938 1800 3216 1858 manibus
3270 1783 3566 1861 liberabit.
3598 1783 3705 1863 In;

294 1896 422 1933 των.
455 1869 641 1949 Ὕϐρει
670 1874 763 1929 καὶ
819 1874 1034 1949 βασάνῳ
1091 1873 1367 1949 ἐτάσωμεν
1424 1875 1606 1945 αὐτὸν,
1663 1875 1759 1932 ’ἱνα
1796 1883 1942 1954 γνῶ-

301 1986 397 2039 μεν
476 1967 576 2035 τήν
636 1962 925 2020 ἐπιείκειαν
1009 1964 1200 2031 αὐτοῦ,
1257 1963 1345 2018 καὶ
1408 1961 1794 2040 δοκιμάσωμεν
1843 1968 1942 2037 τήν

296 2053 635 2127 ἀνεξικακίαν
663 2053 850 2111 αὐτοῦ.
882 2054 1105 2128 Θανάτῳ
1161 2053 1443 2130 ἀσχήμονι
1499 2052 1943 2130 καταδικάσωμεν

292 2143 457 2199 αὐτὸν
464 2188 481 2214 ,
512 2142 605 2199 καὶ
636 2141 840 2217 ἴδωμεν
872 2142 916 2199 εί
948 2137 1096 2199 ἔσται
1128 2145 1274 2215 αύτῷ
1329 2141 1598 2215 ἐπισκοπή
1658 2142 1719 2199 ἐκ
1764 2142 1947 2221 λόγων

292 2232 479 2290 αὐτοῦ.
510 2234 605 2289 Ὧν
633 2234 733 2302 τήν
760 2233 1054 2309 παράνοιάν
1114 2252 1175 2288 τε
1229 2232 1320 2288 καὶ
1360 2230 1674 2308 δυσμένειαν
1706 2231 1764 2289 εὖ
1798 2233 1948 2301 μάλα

288 2326 576 2396 κερτομῶν
635 2320 897 2397 ἐπήγαγε⁹
954 2324 1137 2379 Ταῦτα
1185 2318 1501 2397 ἑλογίσαντο
1554 2322 1647 2378 καὶ
1705 2321 1950 2394 ἐπλανή-

293 2415 491 2483 θησαν
526 2410 883 2490 ἀπετύιρλωσε
912 2409 1015 2487 γὰρ
1062 2408 1258 2474 αὐτοὺς
1286 2412 1323 2481 ἡ
1381 2410 1539 2467 κακία
1594 2411 1792 2482 αὐτῶν,
1857 2414 1945 2467 καὶ

293 2498 393 2555 ούκ
423 2492 660 2575 ἔγνωσαν
692 2498 966 2575 μυστήρια
1015 2502 1179 2555 Θεοῦ.’
1211 2497 1316 2563 Οῦς
1366 2495 1433 2569 δὴ
1464 2500 1554 2554 καὶ
1612 2500 1641 2555 ὁ
1671 2498 1948 2565 θεσπέσιος

292 2584 526 2649 Ἠσαίας
567 2590 783 2662 θρηνῶν
842 2583 1173 2660 συνᾳδόντως
1233 2584 1400 2663 λέγει’
1460 2586 1597 2645 Οὐαὶ
1673 2591 1743 2662 τῇ
1793 2590 1949 2664 ψυχῇ

297 2678 512 2746 αὐτῶν,
546 2673 686 2732 διότι
721 2671 1116 2732 ἐϐουλεύσαντο
1150 2676 1359 2752 βουλὴν
1390 2675 1631 2752 πονηρὰν
1657 2678 1778 2732 καθ’
1832 2678 1952 2734 ἑαυ-

293 2770 431 2836 τῶν,
461 2763 727 2827 εἶπόντες·
760 2765 1023 2838 Δήσωμεν
1052 2766 1145 2821 τὸν
1176 2761 1407 2835 δίκαιον,
1468 2768 1552 2821 δτι
1604 2762 1951 2842 δύσχρηστος

294 2855 440 2927 ἡμῖν
476 2853 611 2913 ἐστι.
644 2850 919 2910 Δέδεικται
947 2852 1126 2910 τοίνυν
1185 2852 1539 2930 ἐναργέστατα
1588 2856 1624 2926 ἡ
1681 2855 1826 2912 αἰτία
1854 2864 1953 2928 τῆς

296 2945 457 3019 ὑμῶν
490 2945 596 3000 ἀπὸ
626 2947 760 3001 Θεοῦ
789 2941 1213 3019 ἀλλοτριώσεως
1250 2943 1342 2999 καὶ
1398 2941 1830 3021 ἐγκαταλείψεως
1861 2946 1952 3002 καὶ

288 3040 392 3103 τῆς
456 3029 743 3101 διηνεκοῦς
822 3032 916 3088 καὶ
973 3031 1277 3108 ἀπεράντου
1335 3032 1733 3109 ταλαιπωρίας,
1801 3032 1955 3109 εἷ’περ

292 3122 563 3198 βούλεσθε
590 3121 881 3184 ἀκούοντες
912 3119 1224 3197 ἐπιγνῶναι.
1258 3121 1357 3177 Καὶ
1422 3123 1547 3197 περὶ
1581 3123 1675 3197 μὲν
1732 3131 1835 3194 τῆς
1889 3124 1946 3179 ἑν

286 3208 584 3269 Βαϐυλῶνι
616 3209 1009 3290 αἰχμαλωσίας
1042 3211 1192 3284 ὑμῶν
1251 3208 1554 3287 ὡρισμένον
1609 3213 1811 3287 χρόνον
1854 3214 1945 3268 εἴ·

282 3321 388 3356 πον
412 3301 469 3355 οἱ
520 3306 825 3379 προφῆται,
878 3298 970 3354 καὶ
1032 3298 1211 3371 μέντοι
1267 3320 1329 3374 γε
1384 3300 1475 3355 καὶ
1525 3301 1626 3370 τὴν
1685 3297 1946 3356 ἐπάνοδον

285 3390 374 3445 καὶ
438 3391 543 3459 τὴν
596 3385 898 3462 οἷ’κοδομὴν
962 3395 1058 3458 τῆς
1142 3384 1358 3451 πόλεως
1444 3388 1946 3466 προκατήγγειλσν.

284 3479 594 3538 Ἀκούσατε
638 3479 742 3554 γὰρ
799 3477 1068 3553 Ἱερεμίου
1125 3477 1262 3552 πρὸς
1322 3478 1462 3551 ὑμᾶς
1520 3476 1795 3556 λὲγοντος·
1853 3480 1950 3535 Διά

287 3569 383 3632 τὰς
420 3567 692 3644 ἁμαρτίας
723 3561 784 3630 ἃς
826 3568 1188 3643 ἡμαρτήκατε
1242 3567 1580 3624 κατεναντίον
1635 3566 1732 3624 τοῦ
1790 3572 1946 3638 Θεοῦ,

291 3658 609 3735 ἀχθήσεσθε
638 3657 713 3720 εἰς
745 3651 1048 3714 Βαϐυλῶνα
1104 3654 1459 3733 αἰχμάλωτοι
1520 3657 1624 3712 ὑπὸ
1652 3653 1946 3737 Ναϐουχο-

296 3745 539 3821 δονόσορ
580 3744 852 3821 βασιλέως
907 3739 1265 3807 Βαϐυλῶνος.
1324 3743 1673 3811 Εἰσελθόντες
1723 3746 1815 3802 οὗν
1872 3746 1948 3808 εἰς

287 3831 602 3893 Βαϐυλῶνα
630 3829 812 3900 ἔσεσθε
841 3833 955 3891 ἐκεῖ
982 3831 1077 3905 ἔτη
1137 3835 1200 3892 ο’.
1261 3833 1413 3890 Μετά
1468 3831 1525 3890 δὲ
1567 3839 1730 3891 τοῦτο
1783 3834 1949 3909 ἐξάξω

285 3926 438 4000 ὑμᾶς
482 3924 685 3981 ἐκεῖθεν
740 3926 857 4000 μετ’
912 3923 1158 4003 εἷ’ρήνης,
1220 3923 1370 4000 λέγει
1429 3924 1649 4001 Κύριος.
1711 3927 1807 3984 Καὶ
1852 3928 1949 3983 πά-

285 4014 403 4085 λιν,
439 4014 549 4071 Καὶ
580 4011 967 4070 δουλεύσουσιν
997 4013 1049 4070 ἐν
1076 4019 1194 4076 τοῖς
1245 4008 1446 4069 ἔθνεσιν
1507 4008 1601 4085 ἔτη
1631 4021 1695 4085 o‘,
1747 4015 1837 4071 καὶ
1894 4015 1947 4072 ἐν

282 4103 366 4177 τῷ
394 4101 766 4178 πληρωθῆναι
789 4103 858 4158 τὰ
888 4103 932 4158 ο“
967 4100 1059 4174 ἔτη
1095 4103 1528 4175 ἀποκαταστήσω
1578 4103 1671 4159 τὸν
1725 4103 1948 4181 Ἰσραὴλ

282 4193 363 4255 εἰς
392 4193 494 4248 τὸν
522 4191 688 4248 τόπον
719 4190 909 4259 αὐτοῦ,
941 4189 1088 4267 λέγει
1121 4189 1344 4267 Κύριος.
1374 4192 1477 4248 Καὶ
1513 4195 1600 4266 [Ρ.
1662 4195 1786 4268 221]
1824 4195 1950 4271 περὶ

278 4291 386 4352 τῆς
422 4278 731 4355 οἰκοδομῆς
762 4289 861 4352 τῆς
892 4278 1133 4352 πόλεως,
1164 4281 1386 4342 Ἡσαὶας
1443 4279 1567 4359 ἔφη’
1611 4281 1770 4341 Οὕτω
1802 4280 1950 4362 Λέγει

286 4373 495 4449 Κύριος
526 4375 609 4445 τῷ
638 4376 853 4451 χριστῷ
884 4393 993 4446 μου
1034 4370 1215 4447 Κύρῳ,
1275 4371 1339 4425 ού
1394 4369 1668 4447 ἐκράτησα
1695 4379 1797 4442 τῆς
1854 4371 1948 4429 δε-

282 4463 430 4533 ξιᾶς,
465 4460 760 4516 ἐπακοῦσαι
791 4454 1094 4536 ἔμπροσθεν
1127 4458 1294 4515 αύτοδ
1359 4457 1505 4529 ἔθνη.
1559 4459 1736 4523 Αὐτὸς
1795 4461 1947 4517 οἰκο-

2046 1878 2227 1951 juriis
2260 1886 2319 1936 et
2346 1883 2705 1942 cruciatibus
2736 1903 2871 1942 eum
2916 1889 3323 1961 probabimus.
3356 1899 3421 1949 ut
3463 1897 3706 1967 aequita-

2050 1971 2170 2024 tem
2183 1969 2312 2043 ejus
2325 1988 2751 2045 cognoscamus
2762 1977 3232 2053 patientiamque
3248 1984 3700 2055 perspiciamus.

2051 2059 2233 2114 Morte
2262 2060 2661 2133 ignominiosa
2690 2082 2826 2123 eum
2857 2066 3276 2127 damnabimus
3300 2087 3313 2138 ;
3350 2072 3703 2131 videbimus-

2051 2164 2166 2218 que
2196 2154 2421 2219 utrum,
2451 2152 2626 2208 sicuti
2661 2154 2914 2222 dicebat,
2948 2158 3298 2216 inventurus
3325 2161 3400 2216 sit
3446 2162 3702 2232 patroci-

2051 2235 2240 2293 nium.
2272 2239 2373 2295 His
2424 2247 2679 2299 vestram
2737 2244 3103 2304 dementiam
3150 2265 3219 2305 ac
3266 2251 3700 2319 malignitatem

2050 2330 2335 2399 praeclare
2367 2331 2667 2390 insectans
2697 2336 2824 2393 haec
2853 2338 3050 2394 addit:
3083 2342 3169 2396 Ita
3219 2341 3307 2395 illi
3364 2341 3704 2399 ratiocinati

2053 2422 2192 2471 sunt
2217 2423 2394 2489 atque
2424 2420 2578 2476 falsi.
2611 2424 2937 2480 Excaacavit
2987 2428 3148 2482 enim
3204 2444 3306 2483 eos
3337 2430 3589 2497 malitia,
3628 2445 3705 2484 ne

2053 2521 2269 2561 arcana
2297 2505 2411 2562 Βεῖ
2430 2517 2873 2582 cognoscerent.
2906 2514 3062 2578 Quos
3119 2515 3363 2586 quidem
3394 2517 3576 2572 etiam
3624 2516 3708 2572 di-

2054 2595 2224 2649 vinus
2270 2595 2453 2652 Isaias
2502 2596 2842 2671 deplorans,
2884 2601 3014 2657 istis
3063 2604 3476 2660 convenientia
3514 2604 3708 2661 dicit:

2056 2685 2153 2739 Vm
2182 2684 2396 2740 animus
2453 2685 2741 2757 ipsorum,
2798 2690 2938 2760 quia
2969 2697 3177 2748 contra
3205 2710 3269 2749 se
3303 2694 3464 2765 ipsos
3486 2694 3712 2751 malum

2054 2770 2360 2827 iniverunt
2385 2773 2727 2843 consilium,
2760 2776 2990 2834 aientes
3020 2795 3033 2832 :
3069 2779 3409 2836 Vinciamus
3435 2782 3705 2853 justum:

2058 2864 2147 2914 est
2181 2859 2340 2915 enim
2370 2860 2541 2917 nobis
2572 2861 3008 2922 incommodus.
3042 2867 3300 2923 Proinde
3351 2870 3716 2926 manifestis-

2059 2947 2207 3003 sime
2236 2948 2645 3008 demonstrata
2674 2959 2763 3009 est
2793 2971 2973 3012 causa
3026 2962 3235 3012 vestrm
3275 2974 3310 3013 a
3338 2959 3457 3013 Deo
3488 2958 3713 3015 abalie-

2058 3036 2318 3093 nationis
2346 3043 2405 3093 et
2431 3038 2782 3097 defectionis
2825 3059 2895 3099 ac
2951 3045 3391 3101 continentium
3442 3052 3500 3102 et
3527 3046 3711 3103 finem

2058 3125 2293 3182 nullum
2322 3127 2739 3186 habiturarum
2770 3131 3168 3203 miseriarum,
3191 3134 3369 3190 modo
3426 3151 3526 3190 vos
3580 3135 3709 3191 hac

2059 3214 2368 3271 audientes
2400 3216 2731 3290 intelligere
2769 3220 2978 3277 velitis.
3010 3223 3157 3278 Nam
3202 3222 3541 3294 Babylonici
3574 3224 3708 3295 qui-

2058 3304 2195 3360 dem
2225 3304 2421 3360 exsilii
2451 3306 2630 3362 vestri
2651 3307 3048 3366 deﬁniverunt
3076 3316 3312 3384 tempus
3325 3311 3707 3381 divinivates,

2058 3392 2436 3465 reditumque
2466 3400 2524 3451 et
2550 3396 3044 3455 instaurationem
3090 3399 3255 3456 urbis
3282 3400 3708 3473 praedixerunt.

2058 3480 2272 3536 Audite
2285 3482 2444 3538 enim
2456 3484 2775 3541 Jeremiam
2799 3485 2881 3542 ita
2906 3504 3009 3544 vos
3029 3487 3435 3560 alloquentem
3458 3487 3505 3524 ¹⁴
3528 3505 3542 3543 :
3566 3491 3711 3545 Pro-

2058 3574 2191 3638 pter
2211 3575 2451 3640 peccata
2478 3577 2690 3643 vestra,
2724 3590 2857 3645 quas
2888 3575 3275 3631 commisistis
3325 3575 3473 3631 887
3507 3580 3714 3633 contra

2062 3657 2265 3720 Deum,
2298 3657 2512 3728 captivi
2546 3658 2909 3730 Babylonem
2934 3660 3316 3718 abducemini
3338 3678 3374 3718 θ.
3398 3662 3711 3719 Nabucho-

2059 3745 2319 3800 donosor
2364 3744 2721 3817 Babylonico
2780 3763 2938 3820 rege.
3002 3748 3299 3821 Babylone
3341 3749 3566 3822 degetis
3604 3767 3714 3807 an-

2058 3852 2169 3891 nos
2198 3837 2288 3891 70.
2324 3835 2402 3891 lis
2431 3836 2677 3906 exactis,
2734 3854 2836 3893 vos
2874 3845 3081 3910 pacate
3137 3839 3275 3895 inde
3322 3839 3592 3911 educam,
3630 3841 3716 3896 ait

2058 3922 2369 3979 Dominus.
2393 3925 2464 3978 Et
2491 3923 2673 3980 alibi:
2722 3924 2993 3982 Servient
3040 3926 3314 3983 Barbaris
3370 3944 3559 3984 annos
3617 3932 3709 3998 70,

2059 4012 2278 4083 quibus
2307 4013 2616 4086 completis
2646 4014 2936 4071 Israelum
2993 4016 3055 4072 in
3103 4016 3301 4072 locum
3331 4032 3505 4072 suum
3535 4017 3710 4072 resti-

2060 4108 2245 4173 tuam,
2266 4104 2464 4176 inquit
2490 4105 2794 4162 Dominus.
2829 4109 2898 4164 Et
2955 4107 3027 4163 de
3087 4107 3516 4164 instauratione
3546 4107 3711 4163 urbis

2059 4192 2242 4249 Isaias
2273 4192 2358 4248 sic
2388 4193 2778 4250 vaticinatur:
2831 4197 2965 4252 Haec
3004 4197 3089 4253 ait
3146 4197 3428 4253 Dominus
3479 4197 3711 4253 Christo

2060 4298 2193 4338 meo
2223 4283 2394 4354 Cyro,
2424 4282 2595 4354 cujus
2626 4283 2896 4341 dextram
2927 4286 3318 4358 apprehendi,
3342 4286 3474 4340 utei
3507 4290 3713 4358 gentes

2061 4371 2360 4428 obediant.
2395 4373 2452 4428 Is
2472 4373 3016 4432 aediﬁcabiturbem
3048 4393 3265 4446 meam,
3295 4377 3715 4449 captivumque

2060 4461 2349 4534 papulum
2379 4478 2580 4518 meum
2613 4464 2875 4520 dimittet
2900 4465 2941 4500 ⁸⁵
2962 4481 2975 4520 :
2998 4466 3078 4521 De
3111 4466 3317 4522 eadem
3340 4466 3713 4540 sicAggaaus:

286 4551 531 4628 δομήσει
560 4552 660 4622 τήν
691 4549 855 4607 πόλιν
915 4571 1044 4624 μου,
1102 4549 1193 4604 καὶ
1250 4550 1350 4620 τὴν
1410 4548 1795 4625 αἰχμαλωσίαν
1848 4556 1944 4608 τοῦ

2057 4553 2228 4608 Anno
2255 4553 2514 4609 secundo
2552 4555 2711 4610 Darii
2740 4556 3028 4611 Dominus
3059 4556 3142 4613 ita
3198 4573 3293 4613 me
3342 4564 3432 4613 est
3461 4559 3714 4614 aﬂ‘atus:

285 4640 433 4698 λαοῦ
469 4662 575 4716 μου
623 4637 955 4715 ἐπιστρέψει.
1012 4638 1142 4714 Περὶ
1199 4636 1269 4706 ἧς
1305 4635 1611 4713 οἰκοδομῆς
1672 4639 1762 4695 καὶ
1821 4641 1945 4718 Ἀγ.

282 4739 445 4809 γαῖος
478 4732 691 4813 φάσκει·
724 4733 820 4803 Τῷ
851 4726 1087 4805 δευτέρῳ
1128 4721 1234 4784 ἔτει
1291 4727 1381 4783 ἐπὶ
1441 4728 1663 4803 Δαρείου
1710 4728 1949 4801 ὶλάλησε

286 4812 499 4897 Κύριος
528 4820 667 4895 πρὸς
701 4819 787 4892 με,
820 4816 1017 4893 λέγων·
1051 4817 1219 4874 Εἶπον
1248 4814 1317 4886 δὴ
1348 4817 1486 4892 πρὸς
1517 4812 1831 4893 Ζοροϐάϐελ
1856 4820 1947 4874 καὶ

283 4912 431 4987 πρὸς
473 4912 686 4980 Ἰησοῦν
716 4910 812 4966 τὸν
842 4907 989 4984 ἱερέα
1026 4908 1116 4963 καὶ
1168 4905 1307 4984 πρὸς
1364 4908 1568 4971 πάντας
1624 4909 1751 4973 τοὺς
1783 4929 1952 4967 κατα-

282 4998 524 5062 λοίπους
556 5002 655 5054 τοῦ
685 4996 844 5065 λαοῦ,
885 4997 1083 5075 λέγων·
1112 4996 1206 5058 Τίς
1237 4994 1289 5067 ἐξ
1321 4996 1476 5070 ὑμῶν
1507 4995 1565 5059 ὅς
1595 4994 1711 5054 οἶδε
1738 4998 1829 5054 τὸν
1862 5000 1950 5055 οἷ-

284 5110 386 5144 κον
418 5091 613 5144 τοῦτον
643 5086 695 5143 ἐν
722 5089 791 5163 τῇ
824 5083 952 5160 δόξῃ
1005 5085 1172 5141 αὐτοῦ
1218 5088 1288 5160 τῇ
1322 5080 1628 5159 ἔμπροσθεν
1658 5105 1671 5156 ;
1705 5087 1805 5143 Καὶ
1834 5092 1951 5152 πῶς

284 5182 382 5232 νῦν
423 5176 655 5253 βλέπετε
692 5174 851 5231 αὐτὸν
880 5174 957 5237 ὡς
988 5173 1098 5249 οὐχ
1130 5172 1453 5250 ὑπάρχοντα
1482 5171 1711 5231 ἐνώπιον
1746 5176 1897 5249 ὑμῶν
1933 5196 1948 5247 ;

291 5267 395 5321 Καὶ
430 5269 522 5320 νῦν
548 5265 836 5341 κατίσχυε,
868 5257 1184 5342 Ζοροϐάϐελ
1241 5263 1332 5319 καὶ
1391 5264 1571 5335 Ἰησοῦ
1617 5264 1709 5320 καὶ
1758 5271 1862 5329 πᾶς
1921 5267 1950 5322 ὁ

287 5352 454 5423 λαὸς,
484 5356 572 5411 καὶ
609 5352 1020 5430 οἶκοδομήσατε
1047 5354 1139 5410 τὸν
1186 5352 1361 5411 οἶκον.
1424 5353 1525 5411 Καὶ
1580 5351 1865 5428 εύδοκήσω
1896 5355 1950 5413 ἐν

285 5443 464 5516 αὐτῷ,
494 5445 586 5500 καὶ
619 5440 765 5501 ἔσται
796 5446 831 5515 ἡ
864 5441 993 5516 δόξα
1027 5447 1126 5500 τοῦ
1181 5441 1341 5500 οἷ’κου
1393 5443 1590 5501 τούτου
1655 5447 1691 5516 ἡ
1743 5444 1949 5522 ἐσχάτη

2057 4641 2321 4713 Agedum
2352 4642 2434 4700 ita
2463 4643 2642 4700 dicito
2671 4645 3032 4701 Zorobabelo
3063 4651 3122 4701 et
3166 4648 3303 4702 Jesu
3332 4647 3599 4719 pontiﬁci
3620 4664 3716 4704 re-

2056 4728 2358 4803 liquisque
2390 4734 2670 4790 omnibus
2700 4736 2773 4791 de
2799 4735 3022 4808 populo
3084 4736 3540 4808 superstitibus:
3574 4737 3715 4801 Quis

2059 4827 2328 4879 vestrum
2374 4824 2516 4880 vidit
2560 4824 2751 4881 aedem
2807 4826 2962 4885 hanc
3016 4826 3080 4882 in
3118 4827 3432 4899 majestate
3462 4825 3716 4896 pristina

2058 4912 2209 4968 sua?
2239 4919 2299 4968 et
2327 4915 2623 4984 quomodo
2658 4931 2791 4971 eam
2818 4932 2981 4972 nunc
3004 4915 3233 4981 videtis,
3266 4915 3435 4986 quasi
3484 4930 3607 4970 non
3638 4913 3716 4969 sit

2059 5018 2258 5058 coram
2288 5002 2498 5058 vobis?
2534 5020 2692 5059 nunc
2728 5004 2929 5076 itaque
2987 5009 3050 5059 tu
3103 5002 3478 5068 Zorobabele,
3529 5008 3713 5073 tuque

2060 5092 2218 5159 Iesu,
2251 5097 2310 5146 et
2328 5092 2525 5149 omnis
2555 5092 2835 5164 populus,
2863 5093 3050 5148 fortes
3081 5097 3268 5148 estote
3289 5096 3348 5147 et
3375 5090 3566 5147 aedem
3618 5107 3716 5146 ex-

2064 5181 2274 5236 struite
2301 5197 2314 5234 :
2348 5196 2454 5250 ego
2487 5196 2617 5236 eam
2649 5179 3010 5252 approbabo,
3040 5181 3272 5252 eritque
3294 5179 3580 5252 postremi
3602 5180 3712 5235 hu-

2057 5268 2160 5341 jus
2194 5268 2403 5340 templi
2432 5268 2714 5341 majestas
2744 5268 3000 5341 amplior
3028 5269 3243 5340 primo,
3290 5268 3487 5340 inquit
3516 5269 3715 5325 Domi-

2063 5375 2176 5434 nus
2234 5359 2302 5415 “.
2363 5359 2875 5425 Quemadmodum
2936 5359 3116 5432 igitur
3198 5361 3363 5432 prius
3424 5360 3717 5432 templum

2061 5448 2363 5520 Solomon,
2396 5451 2479 5506 ita
2507 5450 2825 5523 posterius,
2857 5455 2917 5506 et
2943 5456 3078 5523 post
3105 5450 3265 5523 quod
3292 5451 3527 5520 nullum
3555 5450 3719 5508 aliud

362 5590 411 5626 ¹²
446 5590 656 5647 Thren.
688 5608 766 5661 ιν,
799 5594 887 5647 20.
919 5590 964 5627 ¹²
997 5592 1131 5664 Sap.
1164 5608 1223 5660 ιι,
1259 5594 1324 5646 l2
1354 5607 1523 5661 seqq.
1569 5590 1746 5646 “Jer.
1781 5608 1907 5662 xxv,
1935 5598 1944 5647 ξ

2054 5592 2261 5651 mssim.
2296 5588 2343 5627 ‘5
2373 5594 2490 5651 Jer.
2516 5612 2646 5663 χεν,
2678 5596 2723 5654 Ι.
2748 5593 2794 5631 ¹⁶
2833 5596 3023 5668 Aggae.
3052 5613 3115 5665 ιι,
3148 5597 3235 5667 ll,
3270 5597 3358 5654 l2.

544 5710 806 5772 Ριιτιιοι..
854 5711 966 5771 Gn.
1013 5708 1220 5770 CXXI.

3403 5716 3478 5773 14

4139 1601 4141 1643 Α

4140 1900 4141 1967 ί

4140 1980 4141 2019 ι

4138 2112 4141 2177 4
