4194 6198
436 317 553 381 427

1805 303 2126 368 GEORGII
2170 307 2508 371 CEDRENI

3720 307 3840 371 428

435 456 566 521 erit,
601 452 886 524 templum
941 444 1336 502 Zorobabelus
1387 441 1715 497 aediﬁcavit.
1765 441 1858 496 Sic
1916 441 2076 496 enim

2195 440 2322 514 ὑπὲρ
2349 441 2450 511 τήν
2479 441 2725 519 πρώτην,
2771 439 2918 519 λέγει
2978 441 3202 516 Κύριος.
3252 447 3452 516 ⁴Ὠσπερ
3483 440 3669 497 τοίνυν
3729 449 3838 497 Zo-

432 543 739 600 Zacharias
765 555 777 594 :
803 540 1025 602 Manus,
1054 535 1266 605 inquit.
1292 530 1635 586 Zorobabeli
1670 529 1870 602 templi
1905 527 2081 600 hujus

432 631 819 688 fundamenta
848 627 1207 697 posuerunt;
1236 619 1414 692 idque
1433 620 1658 676 ezedcm
1685 617 2080 692 perﬁcient".

433 719 599 786 Quod
615 711 1210 773 sidenuoinstaurari
1254 709 1546 780 templum
1579 707 1842 772 deberet,
1876 707 2080 778 utique

431 813 592 863 vates
622 805 866 860 dixisset
891 800 1339 872 :Eritmajestas
1354 798 1535 870 hujus
1559 797 1770 852 domus
1784 801 2084 868 postrema

431 895 730 968 prioribus
754 891 964 964 major.
1018 889 1170 945 388
1222 890 1384 944 Nunc
1429 886 1758 942 secundum
1791 885 2082 956 templum

429 984 622 1057 primo
652 981 993 1054 praeferens,
1028 977 1288 1034 ostendit
1319 976 1467 1032 illud
1496 992 1624 1031 esse
1653 980 1980 1030 extremum
1995 977 2084 1029 at-

431 1091 545 1146 que
576 1069 1057 1128 ultimum.Sicut
1087 1068 1248 1122 enim
1281 1067 1472 1140 primo
1522 1065 1756 1120 nullum
1785 1063 1969 1136 prius.
2003 1064 2085 1119 ita

431 1165 732 1235 postremo
765 1159 998 1214 nullum
1031 1162 1121 1212 est
1151 1156 1464 1228 posterius.
1503 1155 1572 1210 Ut
1604 1170 1741 1226 ergo
1775 1154 1822 1208 si
1873 1167 2081 1209 secun-

430 1253 572 1308 dum
598 1247 885 1320 templum
918 1262 1053 1303 cum
1085 1246 1277 1318 primo
1309 1249 1711 1316 comparasset
1742 1250 1922 1309 vates,
1964 1247 2087 1296 ter-

432 1342 576 1397 tiam
599 1338 803 1410 templi
823 1342 1180 1392 structuram
1216 1339 1556 1406 exspectare
1590 1333 1799 1388 fuisset
1829 1347 2082 1387 consen-

431 1436 695 1492 taneum,
732 1427 814 1482 sic
847 1441 979 1481 cum
1039 1423 1300 1480 secunda
1330 1423 1484 1478 sedes
1516 1429 1817 1494 postrema
1847 1421 2082 1486 dicitur,

438 1516 650 1572 ultima
677 1531 743 1570 ea
767 1513 930 1568 urbis
961 1529 1027 1568 ac
1057 1511 1179 1566 fani
1203 1509 1516 1565 aediﬁcatio
1539 1509 1850 1581 perspicue
1876 1506 2087 1579 praedio

439 1606 613 1660 citur.
649 1603 819 1658 Falso
850 1603 1049 1672 itaque
1101 1606 1158 1655 et
1186 1601 1406 1654 frustra
1437 1615 1664 1663 eorum,
1698 1603 2010 1669 postquam
2057 1611 2090 1650 θ.

440 1695 800 1767 Vespasiano
851 1698 909 1748 et
965 1693 1090 1746 Tito
1150 1691 1348 1746 excisa
1403 1695 1560 1754 sunt,
1597 1689 2089 1744 instaurationem

436 1784 711 1857 speratis.
757 1782 909 1848 Quin
940 1782 1117 1836 etiam
1155 1780 1388 1835 divinus
1419 1779 1640 1851 psaltes
1673 1777 1925 1833 Davidus
1955 1783 2090 1832 ante

443 1873 581 1928 illos
613 1873 673 1926 in
707 1887 960 1943 persona
991 1869 1421 1941 captivipopuli
1447 1869 1530 1924 sic
1562 1866 2093 1924 dicit:Adiluvium

446 1961 766 2033 Babylonis
781 1959 1158 2022 sedebamus,
1189 1975 1255 2014 ac
1278 1958 1471 2012 Sionis
1493 1957 1872 2012 recordantes
1913 1955 2098 2026 plora-

448 2051 678 2108 bamus.
715 2050 798 2104 Ibi
858 2049 898 2103 ii
955 2049 1056 2120 qui
1089 2065 1198 2103 nos
1228 2047 1487 2118 captivos
1527 2046 1831 2114 tenebant,
1864 2060 1898 2098 a
1927 2045 2098 2100 nobis

443 2141 732 2210 hymnum
768 2137 1084 2208 exigebant
1117 2137 1204 2190 η’.
1230 2135 1360 2190 Alio
1387 2135 1516 2189 loco
1546 2135 1618 2189 de
1644 2134 1788 2189 urbe
1802 2133 2096 2188 sicvatici-

444 2234 621 2285 natur
646 2245 658 2282 :
692 2228 977 2282 Dominus
993 2225 1402 2296 Hierosolyma
1415 2223 2098 2294 zediilcat.etdispersum

442 2317 786 2376 Israelicum
837 2314 1121 2387 populum
1173 2314 1498 2385 recolliget.
1533 2313 1684 2368 Alibi
1742 2313 1803 2367 in
1841 2327 2100 2383 persona

441 2406 644 2479 pOpuli
673 2421 684 2459 :
719 2406 885 2471 Cum,
921 2404 1117 2475 inquit
1139 2403 1444 2467 Dominus,
1481 2401 1774 2474 captivum
1812 2400 2096 2473 populum

442 2497 503 2550 in
538 2496 790 2568 patriam
823 2492 1426 2562 reducet,exsultabit
1457 2499 1598 2548 tunc
1625 2492 1878 2547 Jacobus
1909 2495 1967 2544 et
2000 2489 2098 2544 lua-

439 2587 666 2642 tahitur
701 2587 953 2641 lsraelus
979 2587 1041 2640 η.
1074 2588 1140 2640 In
1167 2601 1377 2657 magno
1411 2585 1608 2654 itaque
1641 2599 1740 2638 vos
1755 2596 2099 2637 errorever-

437 2678 672 2742 samini,
707 2677 1040 2747 Scripturas
1074 2677 1413 2746 ignorantes
1449 2675 1637 2746 iisque
1670 2677 1978 2728 contentas
2002 2687 2098 2726 ar-

430 2781 606 2819 canas
657 2769 714 2818 et
771 2764 1054 2818 divinitus
1117 2763 1439 2834 inepiratas
1497 2761 1971 2832 prmdicationes.
2024 2762 2097 2813 At

431 2870 566 2910 vero
599 2854 811 2909 ultimo
846 2853 984 2908 huic
1005 2853 1210 2906 exsilio
1245 2867 1436 2923 neque
1469 2857 1704 2923 tempus
1737 2857 1963 2906 certum
1992 2847 2096 2905 de-

434 2941 636 2997 ilnivit
667 2944 820 2997 Deus
847 2957 1043 3012 neque
1102 2941 1540 2996 restitutionem
1574 2939 1732 2996 ullus
1763 2945 1922 2995 vates
1955 2957 2093 3012 pro-

435 3031 601 3086 misit
660 3031 772 3087 Sed
805 3030 1078 3086 exsilium
1112 3031 1350 3102 quidem
1399 3035 1455 3085 et
1486 3029 1650 3095 regni
1709 3027 2092 3085 abolitionem

439 3137 506 3178 ac
565 3120 728 3176 urbis
791 3119 1086 3178 excidium
1171 3136 1380 3175 omnes
1437 3127 1619 3186 vates,
1698 3119 1954 3174 reditum
2031 3123 2088 3174 et

2193 528 2384 604 λομῶν
2415 537 2514 601 τῆς
2545 533 2770 606 πρώτης
2803 529 3106 604 οἰκοδομῆς
3135 531 3229 586 τοῦ
3285 535 3414 586 ναοῦ
3444 529 3628 608 γέγονε
3660 529 3836 602 δομή-

2190 639 2324 694 τωρ,
2394 618 2536 675 οὕτω
2589 616 2900 696 Ζοροϐάϐελ
2960 622 3060 691 τῆς
3129 618 3378 694 δευτέρας
3435 621 3522 676 καὶ
3577 620 3834 689 ἐσᾌάτῃ,

2193 709 2338 780 Φησὶ
2373 709 2476 786 γὰρ
2508 711 2799 786 Ζαχαρίας·
2835 711 2896 767 Ai
2929 713 3111 786 χεῖρες
3170 705 3479 785 Ζοροϐάϐελ
3539 707 3838 782 ἐθεμελίω-

2194 816 2286 851 σαν
2316 799 2410 852 τὸν
2443 801 2592 853 οἷκον
2625 803 2838 868 τοῦτον⁹
2871 797 2961 852 καί
2989 799 3043 853 αἱ
3083 803 3264 874 χεῖρες
3296 797 3458 853 αὐτοῦ
3491 796 3836 854 ἐπιτελέσου-

2195 907 2274 940 σιν
2309 883 2489 943 αὐτόν.
2535 885 2600 944 E?
2653 889 2748 961 μὲν
2811 888 2901 942 οὗν
2964 884 3167 960 ἔμελλε
3223 887 3386 942 πάλιν
3430 888 3841 959 ἀναστήσεσθαι,

2195 973 2343 1029 εἶπεν
2376 973 2435 1030 ἄν
2471 975 2498 1030 ὁ
2536 979 2850 1054 προφήτης,
2877 975 2976 1031 Καὶ
3010 973 3156 1030 ἔσται
3187 977 3221 1046 ἡ
3257 973 3384 1046 δόξα
3411 979 3507 1030 τοῦ
3539 975 3693 1030 οἷ’κου
3715 976 3842 1032 τού-

2192 1083 2288 1117 του
2328 1065 2362 1133 ἡ
2421 1062 2626 1135 ἐσχάτη
2690 1066 2822 1139 ὑπὲρ
2879 1066 2945 1120 τὰ
3011 1061 3336 1142 ἔμπροσθεν.
3386 1069 3482 1139 Τῷ
3536 1065 3593 1121 δὲ
3651 1067 3849 1139 εἰπεῖν,

2193 1153 2352 1228 Ὑπὲρ
2393 1153 2491 1222 τὴν
2543 1154 2790 1229 πρώτην,
2848 1156 2946 1224 τὴν
3003 1152 3252 1229 δευτέραν
3305 1153 3543 1234 ἐσχάτην
3607 1157 3850 1233 ὑπέφηνε

2264 1242 2277 1262 \
2375 1239 2448 1296 λη
2545 1243 2559 1282 Ι
2679 1244 2692 1262 c
2745 1265 2766 1278 ρ
2841 1243 2856 1264 ι
2998 1243 3018 1278 ,9
3133 1238 3143 1258 ι
3315 1251 3342 1263 η
3530 1246 3541 1266 ι
3632 1267 3653 1280 _

2194 1261 2279 1295 και
2312 1262 2369 1296 τε
2414 1261 2645 1301 εδτα.αν.
2695 1252 2763 1304 Ω..
2795 1263 2896 1321 γαρ
2964 1263 3062 1298 ουκ
3118 1241 3226 1298 ἐστι
3275 1265 3375 1313 της
3432 1265 3650 1318 πρωτη,
3709 1265 3848 1322 προ-

2195 1330 2342 1401 τέρα,
2376 1329 2548 1395 οὕτως
2579 1329 2704 1386 ούδῖε
2732 1339 2831 1400 τῆς
2878 1331 3113 1408 ἐσχάτης
3166 1332 3529 1410 ἐσχατιυτέρα.
3563 1337 3720 1390 Ὥστε
3753 1338 3844 1390 οὗν

2198 1414 2243 1470 εἰ
2278 1418 2371 1488 μὶν
2400 1417 2569 1481 εἶπεν,
2602 1417 2665 1472 ’11
2698 1414 2920 1492 δευτέρα
2953 1419 3084 1492 ὑπὲρ
3116 1420 3213 1486 τὴν
3273 1420 3521 1494 πρώτην,
3579 1419 3722 1482 εἰκὸς
3781 1424 3846 1490 ἦν

2197 1505 2286 1558 καὶ
2315 1506 2506 1580 τρίτην
2537 1503 2840 1579 οἰκοδομὴν
2885 1505 3215 1582 προσδοκᾷν·
3251 1510 3295 1564 εί
3353 1506 3410 1564 δὶ
3460 1511 3557 1578 τήν
3592 1508 3843 1585 δευτέραν

2199 1591 2438 1667 ἐσχάτην
2473 1593 2712 1660 ἐκάλεσε,
2745 1593 3056 1650 τελευταίαν
3088 1597 3296 1668 ἐκείνην
3354 1595 3656 1671 οἷ’κοδομήν
3709 1618 3845 1674 προ-

2201 1688 2390 1760 φανῶς
2417 1691 2516 1751 τῆς
2541 1704 2599 1739 τε
2628 1685 2846 1749 πόλεως
2876 1687 2965 1741 καί
2996 1691 3094 1740 τοῦ
3133 1690 3264 1742 ναοῦ
3294 1685 3673 1764 παρεδήλωσε.
3745 1691 3847 1746 Καὶ

2205 1776 2380 1847 μάτην
2435 1774 2727 1844 ἆπατᾶσθε,
2807 1778 2851 1830 ὧ
2907 1775 3192 1842 Ἰουδαῖοι,
3279 1779 3378 1847 τῆν
3436 1777 3852 1853 παλιγγενεσίαν

2202 1863 2406 1917 τούτων
2443 1865 2576 1936 μετᾶ
2614 1868 2713 1934 τὴν
2772 1865 3177 1922 Οὐεσπασιανοῦ
3233 1866 3323 1921 καὶ
3381 1867 3537 1922 Τίτου
3594 1869 3848 1943 καθαίρε-

2204 1973 2284 2006 σιν
2310 1951 2865 2028 ἀποκαραδοκοῦντες.
2903 1954 3079 2012 Ἀλλὰ
3141 1957 3250 2028 μην
3307 1955 3394 2010 καὶ
3429 1958 3456 2011 ὁ
3513 1957 3850 2032 ἱεροψέλτης

2204 2036 2369 2095 Δαϐὶδ
2400 2043 2505 2117 πρό
2561 2044 2766 2097 τούτων
2824 2044 2882 2098 ἐκ
2937 2045 3234 2119 προσώπου
3290 2052 3389 2114 τῆς
3447 2047 3851 2122 αἰχμαληὸσεώς

2203 2151 2388 2207 φησιν’
2425 2132 2544 2188 Ἐπὶ
2577 2133 2669 2187 τὸν
2700 2135 2946 2207 ποταμὸν
2981 2129 3322 2198 Βαϐυλῶνος,
3357 2133 3467 2189 ἐκεί
3522 2134 3847 2210 ἐκαθίσαμέν

2201 2221 2291 2274 καὶ
2324 2219 2659 2295 ἐκλαύσαμεν
2687 2222 2739 2278 ἐν
2771 2228 2849 2295 τῷ
2885 2227 3185 2297 μνησθῆναι
3217 2227 3365 2297 ἡμᾶς
3426 2227 3525 2294 τήν
3566 2228 3728 2294 Σιὼν,
3761 2227 3852 2281 καὶ

2203 2309 2284 2364 ὅτι
2318 2310 2428 2365 ἐκεῖ
2457 2310 2815 2386 ἐπηρώτησαν
2852 2316 2999 2387 ἡμᾶς
3031 2315 3082 2368 oi
3113 2313 3664 2388 αἰχμαλωτεύσαντες
3701 2318 3851 2388 ἡμᾶς

2203 2398 2420 2471 ὕμνους.
2458 2400 2554 2457 Καὶ
2579 2401 2766 2476 ἐπάγει
2793 2402 3048 2478 ἑτέρωθεν
3083 2403 3169 2457 ἐπὶ
3208 2411 3310 2472 τῆς
3372 2404 3590 2468 πόλεως
3649 2405 3848 2481 λέγων’

2202 2487 2530 2564 Οἰκοδομῶν
2564 2489 2925 2564 Ἰερουσαλήμ
2974 2493 3000 2547 ὁ
3041 2491 3243 2566 Κύριος
3272 2495 3366 2555 τὰς
3402 2490 3698 2566 διασπορὰς
3752 2496 3849 2548 τοῦ

2204 2577 2420 2652 Ἰσραὴλ
2480 2578 2802 2650 ἐπισυνάξει.
2858 2581 2952 2636 Καὶ
3020 2581 3186 2636 πάλιν
3255 2581 3313 2637 ἐκ
3397 2585 3692 2657 προσώπου
3750 2589 3845 2638 τοῦ

2203 2667 2337 2726 λαοῦ
2369 2670 2577 2745 φάσκει.
2637 2671 2725 2725 Ἐν
2789 2675 2868 2742 τῷ
2930 2669 3240 2745 ἐπιστρέψαι
3277 2671 3468 2748 Κύριον
3523 2675 3618 2741 τήν
3672 2673 3844 2748 αἴκει-

2201 2758 2439 2815 αλωσίαν
2493 2764 2587 2814 τοῦ
2641 2757 2776 2814 λαοῦ
2837 2759 2999 2815 αύτοῦ
3075 2759 3460 2838 ἀγαλλιάσεται
3513 2759 3707 2819 Ἰακὼϐ
3755 2764 3845 2818 καὶ

2199 2849 2622 2924 εὐφρανθήσεται
2657 2848 2898 2924 Ἰσραήλ.
2960 2850 3165 2905 Οὐκοῦν
3228 2851 3379 2925 ὑμεῖς
3437 2850 3580 2907 πολὺ
3639 2851 3847 2908 πλανᾶ-

2201 2941 2308 3006 σθε,
2382 2939 2457 3010 μὴ
2521 2937 2723 3000 εῗδότες
2770 2940 2868 3003 τὰς
2915 2941 3126 3018 Γραφὰς
3188 2943 3326 3015 μήτε
3389 2943 3489 3012 τήν
3551 2941 3601 2997 ἐν
3657 2942 3844 3006 αὐταῖς

2203 3031 2468 3101 μυστικὴν
2527 3027 2613 3082 καὶ
2663 3029 3014 3084 Θεόπνευστον
3071 3029 3394 3106 πρόρρησιν.
3448 3033 3574 3107 Περὶ
3634 3029 3691 3087 δὲ
3748 3035 3843 3104 τῆς

2197 3117 2435 3193 ἐσχάτης
2458 3117 2842 3193 αἰχμαλωσίας
2889 3120 3091 3191 ταύτης
3124 3115 3247 3175 οὔτε
3313 3123 3513 3197 χρόνον
3573 3121 3761 3198 ὣρισεν
3817 3121 3846 3177 ὃ

437 3209 601 3266 urbis
659 3211 1156 3267 instaurationem
1214 3225 1640 3282 nequaquam:
1699 3225 1900 3264 verum
1957 3207 2085 3278 ejus

2262 3181 2299 3193 ,ε
2392 3181 2402 3188 .
2519 3181 2572 3193 η.
3048 3181 3087 3191 ,κ
3317 3181 3367 3197 σε.
3621 3181 3631 3198 ι

2196 3209 2323 3269 Θεὸς
2356 3208 2479 3262 οὕτε
2507 3206 2940 3264 ἀποκατάστασιν
2967 3207 3240 3280 ἐδήλωσεν
3284 3211 3311 3265 ὁ
3343 3211 3652 3291 προφήτης,
3693 3209 3841 3266 ἀλλὰ

437 3299 734 3357 excidium
765 3304 1091 3370 vestrisque
1134 3299 1327 3371 gentis
1359 3297 1603 3353 exitium
1639 3313 1705 3353 ac
1736 3297 2086 3353 continuum

435 3389 791 3461 supplicium
824 3395 882 3443 et
913 3387 1360 3462 dissipationem
1395 3402 1500 3458 per
1531 3403 1739 3442 omnes
1770 3387 1923 3442 898
1980 3403 2085 3458 po-

432 3477 606 3548 pulos
638 3476 1049 3532 tantummodo
1073 3476 1495 3546 praedixerunt.
1514 3476 1605 3531 Sic
1637 3476 1795 3531 enim
1811 3475 2087 3549 princeps

435 3565 783 3640 angelorum
807 3565 1047 3620 Danielo
1063 3563 1207 3620 dicit
1231 3565 1334 3620 '8‘:
1360 3587 1387 3614 ‹‹
1409 3565 1759 3620 Abolebitur
1774 3565 1997 3630 unctio,
2031 3570 2089 3620 et

435 3653 670 3709 desinet
693 3653 1011 3726 judicium.
1034 3653 1247 3710 Urbem
1277 3653 1600 3726 imperator
1621 3659 2086 3727 superventurus

433 3743 742 3798 exscindet
772 3749 949 3814 atque
982 3743 1610 3816 templum.Tanquam
1635 3743 1695 3798 in
1729 3744 1970 3810 diluvio,
2005 3743 2085 3799 ita

432 3831 782 3905 prodantur.
808 3831 1070 3888 Tolletur
1099 3831 1169 3888 de
1202 3832 1399 3888 medio
1425 3833 1782 3888 sacrificium
1799 3841 1858 3889 et
1879 3833 2088 3889 libera-

432 3921 514 3976 tio
541 3963 554 3989 ,
589 3926 998 3992 statueturque
1049 3921 1110 3976 in
1144 3923 1362 3993 templo
1404 3923 1818 3978 abominanda)
1852 3922 2084 3995 signum

434 4007 743 4074 vastitatis,
779 4025 965 4080 eaque
995 4010 1356 4082 perficietur.
1391 4029 1422 4062 υ
1472 4009 1756 4065 Unctione
1797 4011 2083 4066 nimirum

433 4099 852 4164 sacerdotium,
878 4097 1107 4170 judicio
1143 4115 1391 4170 regnum
1425 4103 1483 4153 et
1516 4099 1598 4153 rei
1625 4097 1876 4170 publicae
1891 4099 2085 4155 admi-

430 4187 844 4245 nistrationem
878 4185 1226 4260 designavit,
1258 4188 1626 4259 reliquorum
1668 4189 1936 4244 omnium
1962 4188 2084 4244 exi-

428 4279 576 4332 tium
607 4277 906 4345 indicavit,
939 4275 1159 4333 diluvio
1191 4282 1392 4333 autem
1424 4281 1481 4333 et
1510 4279 1876 4352 profectione
1900 4285 2084 4334 extre-

427 4381 586 4421 mam
617 4364 1016 4436 proditionem
1048 4366 1287 4422 notavit.
1326 4367 1470 4422 Cum
1494 4383 1653 4439 ergo,
1675 4367 1876 4422 Judzee
1906 4383 2080 4434 caace,

423 4453 593 4510 audis
632 4455 1238 4521 consummationem,
1282 4455 1425 4527 quid
1486 4471 1660 4528 porro
1721 4461 2028 4528 exspectas
2057 4456 2086 4511 Υ

2192 3298 2291 3366 τήν
2328 3296 2422 3370 μὶν
2453 3296 2838 3372 αἰχμαλωσίαν
2899 3299 2986 3353 καὶ
3044 3300 3143 3368 τήν
3195 3301 3293 3370 τῆς
3353 3299 3631 3376 βασιλείας
3688 3301 3842 3374 ὑμῶν

2193 3387 2524 3441 κατάπαυσιν
2553 3387 2642 3441 καὶ
2675 3389 2772 3456 τὴν
2799 3394 2898 3457 τῆς
2954 3387 3173 3452 πόλεως
3223 3386 3504 3463 ἐρήμωσιν
3562 3390 3754 3453 πάντες
3789 3389 3843 3445 οἱ

2193 3484 2468 3557 προφῆται
2502 3479 2963 3552 προανήγγειλαν,
3015 3481 3116 3548 τήν
3165 3475 3222 3534 δὲ
3277 3475 3537 3535 ἐπάνοδον
3594 3480 3682 3536 καὶ
3739 3482 3840 3552 τὴν

2193 3573 2293 3635 τῆς
2327 3565 2542 3628 πόλεως
2573 3565 2870 3641 ὰνόρθωσιν
2901 3564 3177 3641 οὐδαμῶς,
3210 3567 3355 3637 πλὴν
3385 3571 3550 3643 μόνον
3587 3569 3679 3625 τὸν
3712 3592 3840 3626 παν-

2192 3661 2328 3725 τεΛή
2361 3656 2562 3728 ταύτης
2593 3657 2896 3738 ἀφανισμὸν
2927 3659 3017 3713 καὶ
3049 3659 3138 3714 τὸν
3169 3656 3394 3732 ’ὀλεθρον
3428 3657 3577 3734 ὑμῶθ
3617 3662 3708 3715 καὶ
3740 3663 3841 3732 τήν

2195 3739 2418 3815 διηνεκῆ
2456 3747 2540 3818 [Ρ.
2583 3747 2711 3819 222]
2742 3746 3010 3822 τιμωρίαν
3068 3747 3157 3803 καὶ
3216 3745 3512 3824 διασπορὰν
3558 3750 3634 3812 εἷς
3667 3753 3840 3808 πάντα

2193 3835 2260 3891 τὰ
2291 3833 2436 3907 ἔθνη.
2481 3837 2626 3905 Φησῖ
2657 3836 2763 3912 γὰρ
2795 3838 2823 3892 ὁ
2854 3835 3202 3914 ἀρχάγγελος
3258 3840 3394 3914 πρὸς
3450 3841 3542 3895 τὸν
3604 3841 3835 3914 Δανιήλ·

2196 3947 2218 3978 ⁸
2255 3923 2798 4000 Ἐξολοθρευθτςσεται
2848 3926 3080 4001 χρίσμα,
3139 3929 3228 3983 καὶ
3283 3935 3454 4004 κρῖμα
3511 3927 3610 3985 οὐκ
3667 3929 3835 4002 ἔσται,

2192 4013 2279 4068 καὶ
2309 4017 2408 4082 την
2441 4013 2602 4070 πόλιν
2634 4015 2720 4069 καὶ
2754 4017 2814 4070 τὸ
2847 4015 2998 4091 ἅγιον
3047 4014 3330 4096 ’διαφθερεῖ
3387 4020 3477 4074 σὺν
3532 4019 3611 4093 τῷ
3665 4019 3834 4096 ἤγου.

2195 4106 2445 4178 μένῳτῷ
2477 4104 2851 4180 ἐπερχομένῳ,
2909 4107 2996 4162 καὶ
3047 4105 3445 4179 ἐκκοπήσονται
3505 4110 3578 4174 ὡς
3637 4111 3688 4166 ἐν
3740 4133 3840 4166 κα-

2189 4191 2624 4266 τακλυσμῷ,καὶ
2657 4195 2946 4270 ἀρθήσεται
3000 4196 3155 4261 ουσία
3213 4199 3298 4254 καὶ
3343 4196 3569 4268 σπονδὴ,
3598 4200 3687 4256 καὶ
3747 4199 3836 4257 ἐπὶ

2189 4281 2252 4337 τὸ
2280 4282 2422 4358 ἱερὸν
2461 4280 2744 4360 βδέλυγμα
2775 4283 3105 4358 ἐρημώσεως
3139 4287 3414 4344 συντέλεια
3464 4287 3772 4362 δοθήσεται.
3811 4317 3838 4342 υ

2193 4371 2290 4425 Διὰ
2323 4372 2416 4445 μὲν
2448 4372 2552 4450 γὰρ
2580 4376 2678 4428 τοῦ
2708 4374 3015 4450 χρίσματος
3055 4376 3154 4447 τὴν
3216 4377 3510 4452 ἱερωσύνην
3566 4376 3838 4453 ἐδήλωσε,

2191 4457 2277 4514 διὰ
2304 4457 2361 4515 δέ
2409 4465 2504 4515 τοῦ
2562 4461 2828 4536 κρίματος
2883 4467 2983 4533 τήν
3038 4464 3331 4541 βασιλικῆν
3387 4468 3477 4522 καί
3543 4465 3841 4540 πολιτικήν

423 4539 642 4609 Quodsi
675 4559 743 4599 ea
775 4542 975 4616 legens
1012 4559 1133 4599 non
1194 4543 1616 4600 animadvertis
1649 4545 1843 4618 (sicuti
1876 4561 2078 4600 revera

2195 4551 2509 4606 κατάστασιν
2565 4550 2654 4606 καὶ
2719 4557 2830 4608 τῶν
2888 4551 3072 4610 ἄλλων
3133 4555 3514 4626 ἇπάντωντὴν
3570 4557 3836 4634 ἀναίρεσιν

425 4647 546 4689 non
576 4631 1023 4706 animadvertis)
1056 4634 1127 4689 de
1163 4634 1469 4706 inopinata
1517 4640 1616 4689 tua
1675 4636 2070 4701 revocatione,

427 4728 604 4796 atque
636 4721 768 4777 ideo
800 4737 920 4778 non
949 4722 1286 4795 intelligens
1309 4739 1434 4778 rem
1469 4722 1730 4778 veritatis
1752 4737 2070 4794 repugnas,

426 4810 562 4867 audi
596 4811 656 4865 in
678 4810 1045 4883 digressione
1069 4811 1178 4866 hac
1192 4827 1363 4866 voces
1383 4815 1783 4880 vatumatque
1799 4811 2074 4866 insanum

425 4900 827 4957 contendendi
846 4899 1108 4954 studium
1138 4899 1571 4971 depone.Vates
1595 4901 1774 4955 Oseas
1797 4901 1877 4954 ita
1891 4901 2076 4956 fatur:

426 4991 628 5045 Finem
667 4991 962 5062 imponam
1023 5005 1200 5059 regno
1251 4989 1462 5044 domus
1511 4989 1820 5053 israelicas,
1882 5005 2075 5061 neque

425 5081 670 5150 posthac
703 5079 1032 5134 miserabor
1061 5096 1191 5135 eam
1223 5079 1598 5142 domum,sed
1630 5079 1790 5134 omni
1824 5095 2001 5150 opere
2024 5081 2075 5135 ei

425 5167 800 5233 adversabor,
835 5168 1030 5240 inquit
1062 5168 1347 5224 Dominus
1403 5168 1628 5239 Quippe
1677 5175 1919 5240 propter
1950 5175 2074 5224 stu-

425 5256 522 5312 dia
545 5273 652 5313 sua
679 5258 837 5314 mala
868 5257 1012 5312 mihi
1044 5257 1214 5314 invisi
1239 5263 1398 5322 sunt,
1450 5257 1746 5328 domoque
1805 5275 1904 5313 eos
1947 5275 2079 5315 mea

426 5345 885 5420 ejiciam,neque
905 5363 1082 5420 porro
1101 5365 1202 5405 eos
1223 5346 1688 5421 diligam,inquit
1712 5347 1998 5406 Dominus
2013 5349 2074 5404 η.

423 5433 675 5491 Radices
705 5433 1006 5508 Ephraimi
1037 5437 1252 5496 vitiatae
1268 5443 1408 5495 sunt
1433 5455 1448 5493 :
1471 5439 1921 5512 exaruit,neque
1935 5449 2080 5514 ιιι-ω’

2187 4636 2446 4716 ὑπέφηνε,
2479 4636 2570 4694 διὰ
2599 4635 2656 4695 δὲ
2694 4644 2790 4694 τοῦ
2853 4641 3241 4718 κατακλυσμοῦ
3296 4644 3386 4700 καὶ
3443 4653 3543 4716 τῆς
3601 4646 3840 4719 ἐκκοπῆς

2184 4727 2275 4782 καὶ
2304 4735 2406 4795 τῆς
2437 4727 2744 4790 συντελείας
2793 4730 2890 4800 τήν
2940 4729 3108 4806 ἄρδην
3143 4731 3410 4789 ἔκπτωσιν
3440 4736 3530 4790 καὶ
3585 4736 3838 4793 πανώλει

2186 4817 2340 4876 θρίαν
2367 4816 2651 4889 ἐσήμανεν.
2709 4821 2876 4876 “Οταν
2929 4822 3021 4877 οὖν
3074 4822 3300 4899 ἀκούῃς,
3363 4826 3407 4880 ὦ
3463 4823 3692 4882 Ἰουδαῖε
3740 4850 3834 4885 τυ-

2186 4903 2308 4974 φλέ,
2347 4905 2678 4978 συντέλειαν,
2709 4909 2762 4964 τί
2804 4909 2998 4966 λοιπὸν
3047 4907 3234 4988 ’ἕτερον
3290 4912 3596 4990 προσδοκᾷς
3631 4935 3644 4986 ;
3679 4917 3742 4974 Εἰ
3780 4913 3838 4973 δέ

2186 4996 2566 5069 ἀναγινώσκων
2611 4998 2710 5054 ούκ
2741 4995 3136 5074 ἐπιγινώσκεις,
3172 4997 3352 5079 ὥσπερ
3413 5005 3504 5059 οὗν
3546 5004 3673 5060 οὐδέ
3715 5005 3836 5062 ἐπι-

2184 5085 2464 5159 γινώσκεις
2497 5083 2687 5156 ὄντως,
2744 5087 2866 5166 περὶ
2926 5093 3024 5162 τῆς
3079 5089 3495 5168 ἀπροσδοκήτου
3556 5117 3655 5150 σου
3715 5097 3838 5153 ἀνα-

2185 5171 2460 5244 κλήσεως,
2494 5173 2699 5232 καῖδιᾶ
2722 5182 2882 5235 τοῦτο
2942 5180 3077 5254 πρὸς
3143 5183 3241 5250 τὴν
3301 5182 3560 5254 ἀλήθειαν
3619 5185 3836 5260 ἀπομα-

2192 5263 2431 5340 χόμενος
2461 5263 2523 5320 οὗ
2547 5271 2715 5340 νοεῖς,
2747 5267 3006 5343 ἄκουσον]
3035 5269 3084 5326 ἐν
3147 5268 3473 5349 παρεκϐάσει
3529 5275 3623 5338 τὰς
3656 5278 3839 5356 φωνὰς

2191 5356 2297 5407 τῶν
2354 5361 2672 5436 προφητῶν,
2714 5359 2802 5412 καί
2857 5362 3211 5436 παῦσαιξτοῦ
3261 5361 3459 5420 λοιποῦ
3515 5365 3838 5443 φιλονεικῶν

2191 5439 2280 5496 καί
2348 5442 2702 5513 ἀνοηταίνων.
2760 5448 2818 5502 Ὃ
2856 5451 3148 5529 προφήτης
3214 5453 3375 5523 Ὥσηέ
3432 5439 3608 5517 οὕτως
3668 5455 3836 5534 λέγει’

508 5635 551 5672 ³⁷
584 5637 820 5694 Zachar.
859 5653 936 5700 ιγ,
965 5636 1019 5690 9.
1055 5635 1126 5668 ‘7'
1157 5635 1310 5691 Psal.
1352 5654 1577 5705 cxxxvr,
1609 5641 1659 5692 1.
1695 5638 1736 5674 ¹⁶
1764 5639 1916 5694 Psal.
1961 5657 2078 5708 xm,

2195 5640 2237 5675 δ’
2298 5651 2446 5702 Dan.
2481 5664 2562 5720 ix,
2599 5653 2688 5706 26.
2722 5651 2767 5688 "
2796 5653 2928 5710 Ose.
2962 5671 3024 5727 ιι,
3061 5657 3140 5711 it.
