4194 6198
447 334 561 395 431

1800 317 2120 380 GEORGII
2164 316 2468 379 CEDREN
2479 321 2507 379 Ι

3733 321 3849 382 432

442 475 542 523 tur
572 484 585 524 :
610 464 761 533 Dixi,
788 467 918 520 Jam
945 477 1066 517 non
1098 474 1335 531 pascam
1367 473 1468 511 eos
1487 454 1783 528 amplius:
1809 453 1912 510 sed
1925 454 2084 526 quod

2198 452 2480 529 γὲννηκας,
2542 454 2645 510 οὐκ
2702 448 2909 534 ἔφριξεν
2986 457 3014 511 6
3093 454 3269 519 τάλας
3344 456 3435 512 καὶ
3492 455 3851 529 ἀπόπληκτος

443 556 715 622 moritur,
739 553 1029 608 moriatur
1057 564 1221 615 sane,
1241 552 1298 602 et
1318 550 1521 618 pereat
1551 544 1711 617 quod
1734 543 1915 616 periit
1932 544 2004 610 ³1,
2029 547 2091 598 et

441 650 672 702 caetera.
706 644 954 697 Devoret
980 638 1233 708 quisque
1254 652 1463 691 carnes
1492 635 1646 692 892
1688 632 1942 705 proximi
1971 631 2085 688 sui.

438 736 527 788 Ita
555 747 691 803 ergo
721 732 1055 799 corruptus,
1087 725 1569 797 turpissimisque
1587 721 1859 795 etimpiis
1872 720 2088 777 studiis

440 826 701 877 extreme
732 817 996 890 pollutus
1021 832 1056 872 a
1077 832 1138 871 se
1170 815 1298 886 ipso
1330 819 1391 870 et
1418 815 1537 871 Deo
1561 813 1786 869 invisus
1818 810 2089 868 redditus

434 908 690 982 populus
720 906 932 962 merito
957 905 1042 977 etj
1052 904 1354 961 ustissime
1374 902 1617 959 tandem
1629 901 1723 973 abj
1733 906 1899 957 ectus
1911 905 2089 971 atque

438 999 709 1054 desertus
738 1000 848 1052 est.
872 995 1035 1051 Sicut
1072 1011 1309 1051 rursum
1334 992 1647 1049 Malachias
1675 989 1723 1027 ³³
1738 991 1850 1046 ait:
1868 988 2091 1045 Cecidit

436 1088 715 1159 Israelus,
759 1102 954 1158 neque
984 1085 1231 1157 posthac
1258 1088 1529 1157 resurget
1557 1104 1572 1150 ;
1607 1087 1666 1138 et
1692 1081 1875 1138 Isaias
1900 1096 1913 1135 :
1947 1078 2089 1144 Quis

442 1177 547 1233 tibi
575 1180 798 1249 parcet,
830 1174 1068 1243 Israele,
1092 1178 1192 1230 aut
1218 1173 1350 1245 quis
1379 1178 1438 1228 te
1468 1173 1530 1227 in
1558 1187 1766 1243 pacem
1788 1172 2038 1240 reponat
2062 1166 2091 1221 ?

441 1267 638 1339 inquit
671 1264 973 1321 Dominus.
1005 1266 1180 1319 Retro
1208 1262 1421 1331 abibis,
1471 1277 1696 1335 egoque
1744 1276 1927 1315 manu
1955 1274 2091 1313 mea

431 1363 670 1415 extenta
696 1355 942 1429 perdam
972 1359 1027 1409 te
1054 1369 1122 1409 ac
1135 1352 1435 1425 dissipabo
1466 1357 1744 1422 te,neque
1758 1353 1815 1405 te
1834 1349 2087 1405 missum

429 1448 669 1503 faciam.
702 1449 849 1502 Ecce
881 1460 986 1517 ego
1024 1461 1127 1500 vos
1151 1443 1433 1515 arripiam
1465 1457 1534 1497 ac
1563 1439 1953 1512 disrumpam,
1985 1454 2088 1493 ur-

433 1537 688 1607 bemque
720 1538 976 1590 vestram
1007 1549 1187 1605 quam
1216 1531 1385 1587 vobis
1415 1529 1658 1597 dedi;et
1679 1541 2085 1600 exponamvos

434 1624 779 1699 ignominiaa
810 1629 1046 1679 aeternas
1078 1639 1146 1678 ac
1174 1620 1495 1694 opprobrio
1518 1616 2085 1691 sempiterno,cujus

435 1714 726 1771 memoria
763 1728 1075 1784 nunquam
1105 1711 1418 1767 aboleatur
1446 1709 1514 1764 ³³.
1545 1708 1857 1764 Enimvero
1889 1710 2082 1761 extre-

434 1822 597 1861 mum
630 1803 782 1859 illud
811 1801 1108 1858 excidium
1130 1801 1380 1873 ejusque
1410 1797 1712 1855 horrenda
1742 1796 1919 1864 mala,
1946 1811 2082 1851 cum
2110 1818 2160 1885 Β

428 1912 682 1969 magnus
711 1893 812 1949 ille
840 1910 905 1949 os
935 1892 1039 1947 Dei
1071 1892 1413 1956 Moses,tum
1434 1894 1716 1962 posteum
1738 1885 2081 1942 Ezechielus

433 2004 499 2044 ac
524 1984 831 2051 Jeremias,
865 1988 1025 2037 vates
1051 1981 1345 2047 divini,ita
1366 1978 1791 2052 prmdixerunt,
1822 1982 1889 2033 ut
1907 1974 2080 2032 facile

435 2075 755 2133 admodum
781 2070 1440 2144 quilibet,quantumvis
1468 2068 1732 2137 rudis,ea
1759 2067 1830 2123 de
1844 2065 2081 2139 rejudi-

438 2164 596 2219 cium
624 2164 819 2219 facere
850 2162 1054 2234 possit.
1075 2160 1251 2216 Mosis
1271 2160 1399 2215 hac
1431 2164 1569 2214 sunt
1592 2155 1841 2213 verbain
1863 2154 2084 2227 repeti-

443 2254 599 2309 tione
628 2251 776 2325 legis
802 2250 1098 2306 :Adducet
1113 2248 1399 2305 Dominus
1416 2252 1623 2303 contra
1644 2252 1700 2302 te
1722 2245 1997 2301 nationes
2009 2242 2083 2299 de

438 2343 783 2415 longinquo,
832 2341 906 2397 ab
974 2339 1254 2395 extremis
1298 2344 1473 2393 terra)
1518 2336 1809 2409 partibus,
1856 2334 2085 2406 impetu

437 2425 1393 2502 aquilino,gentemimpudentem
1406 2424 1673 2480 facie.Ea
1698 2429 1753 2478 te
1793 2422 1855 2477 in
1885 2421 2081 2477 omni-

435 2520 546 2576 bus
562 2520 679 2575 tuis
699 2519 948 2576 urbibus
978 2516 1289 2573 obsidione
1310 2514 1567 2587 urgebit,
1592 2514 1781 2570 donec
1794 2510 2081 2584 dejician-

432 2613 531 2664 tur
560 2607 718 2664 muri
750 2607 835 2663 tui
866 2606 967 2662 alti
998 2610 1176 2677 atque
1207 2604 1405 2673 validi,
1437 2601 1654 2674 quibus
1697 2605 1761 2656 tu
1779 2599 1966 2655 fretus
1997 2615 2080 2654 es.

436 2696 734 2753 Vorabunt
770 2695 950 2751 fretus
981 2694 1202 2750 ventris
1234 2693 1318 2747 tui
1350 2708 1559 2747 carnes
1587 2690 1849 2744 ﬁliorum
1870 2687 2085 2743 etﬁlia—

428 2803 562 2842 rum
594 2790 857 2850 tuarum,
890 2787 958 2837 ut
1006 2781 1159 2837 nihil
1215 2780 1288 2835 de
1330 2779 1494 2834 vobis
1524 2777 1801 2848 supersit,
1835 2792 1971 2832 cum
2026 2782 2084 2831 te

437 2873 666 2944 afﬂiget
675 2877 852 2942 atque
866 2870 926 2924 in
940 2875 1233 2924 extremas
1249 2866 1552 2937 angustias
1565 2864 1885 2937 compellet
1895 2865 2083 2920 hostis

429 2977 540 3033 per
556 2975 765 3015 omnes
790 2965 918 3013 tuas
932 2956 1132 3013 urbes.
1162 2956 1393 3011 Tenera
1412 2971 1480 3011 ac
1498 2955 1753 3011 delicata
1765 2953 1982 3009 mulier
2010 2952 2083 3008 de

429 3049 593 3106 vobis
624 3049 831 3105 fastum
853 3048 944 3105 sui
976 3047 1154 3114 uteri,
1193 3062 1367 3102 suum
1397 3046 1588 3118 ipsius
1604 3050 1841 3117 partum
1854 3043 2084 3100 occulte

433 3140 586 3198 398
610 3138 915 3195 comedet:
951 3142 1113 3193 tanta
1135 3136 1249 3192 erit
1278 3135 1546 3191 omnium
1588 3150 1791 3190 rerum
1834 3133 2087 3206 penuria

433 3228 565 3286 istis
597 3228 657 3284 in
680 3226 1138 3284 calamitatibus.
1171 3225 1299 3280 Eris
1332 3228 1534 3280 autem
1562 3222 1857 3296 proverbii
1870 3223 2088 3291 loco,et

432 3317 635 3374 fabula
662 3318 821 3373 inter
850 3315 1103 3389 populos
1124 3330 1351 3381 omnes,
1383 3313 1458 3370 ad
1482 3329 1630 3385 quos
1650 3313 1805 3368 Deus
1828 3317 1883 3368 te
1914 3328 2087 3369 exsu-

430 3407 618 3463 latum
650 3407 869 3474 mittet,
899 3404 1091 3460 donec
1127 3409 1183 3459 te
1213 3418 1456 3475 prorsus
1506 3401 1834 3458 exscindat.
1887 3403 1958 3457 Et
1986 3401 2089 3472 qui

432 3500 569 3552 ante
599 3512 850 3551 numero
884 3494 1089 3550 stellas
1112 3494 1244 3550 cmli
1271 3492 1942 3566 aequabatis,perexiguo
1973 3509 2089 3548 nu-

432 3601 596 3641 mero
627 3583 994 3657 supereritis.
1029 3584 1164 3639 Haac
1220 3582 1384 3638 vobis
1437 3582 1727 3652 evenient,
1779 3582 1921 3653 quia
1967 3597 2089 3637 non

430 3673 714 3746 paruistis
731 3672 855 3729 voci
870 3671 1105 3728 Domini
1123 3671 1227 3727 Dei
1260 3670 1459 3727 vestri.
1482 3673 1554 3726 Et
1582 3670 2088 3743 quemadmodum

432 3768 569 3820 ante
590 3762 812 3818 Iustitiae
845 3761 1099 3818 Domino
1120 3760 1428 3829 fuistis,ita
1447 3777 1554 3816 vos
1583 3766 1712 3816 tum
1736 3759 2092 3832 pessumda-

432 3852 724 3924 bit,atque
759 3867 830 3907 ex
862 3852 1019 3908 bona
1042 3850 1155 3907 hac
1184 3857 1345 3906 terra
1369 3849 1637 3907 sublatos
1658 3849 1959 3922 disperget
1985 3865 2094 3922 per

437 3958 647 3998 omnes
675 3940 929 4014 populos
958 3939 1032 3996 ab
1061 3956 1183 3996 uno
1205 3939 1460 3995 termino
1491 3944 1667 3995 terrae
1700 3955 1890 4011 usque
1909 3938 1985 3995 ad
2003 3938 2092 3994 al-

448 4033 833 4099 terum.Quin
863 4039 922 4089 et
945 4031 1103 4105 apud
1119 4032 1256 4088 illas
1270 4036 1480 4105 gentes
1504 4030 1734 4087 nullam
1765 4031 1871 4086 tibi
1885 4046 2093 4087 conce-

438 4124 538 4179 det
566 4123 919 4195 requietem,
953 4138 1149 4194 neque
1182 4121 1442 4193 patietur
1496 4126 1554 4176 te
1583 4120 1893 4193 vestigium
1923 4119 2093 4192 pedis

438 4213 698 4269 ﬁrmare.
732 4211 905 4268 Dabit
936 4210 1043 4265 tibi
1078 4215 1228 4266 Deus
1277 4209 1358 4265 ibi
1418 4226 1520 4265 cor
1557 4214 1855 4277 mmstum,
1887 4208 2093 4265 oculos

436 4301 784 4358 deﬁcientes
812 4300 1195 4371 animamque
1213 4299 1418 4356 dolore
1442 4298 2007 4356 tabescentem.Eris
2028 4299 2090 4354 in

434 4395 596 4445 metu
615 4389 742 4444 dies
763 4393 1110 4461 noctesque.
1134 4388 1309 4444 Mane
1334 4405 1456 4460 praa
1478 4388 1899 4445 timorecordis
1921 4393 2089 4462 opta-

428 4477 522 4533 bis
538 4494 871 4550 vesperam,
903 4483 964 4533 et
994 4478 1222 4549 vesperi
1253 4476 1607 4534 diluculum.
1641 4478 1931 4534 Ezechieli
1962 4479 2089 4535 hac

429 4565 966 4638 sint:ltaloquitur
1006 4564 1295 4622 Dominus
1339 4568 1651 4635 DeuszEn,
1672 4584 1707 4623 o
1735 4567 2083 4637 Jerusalem,

428 4671 532 4728 ego
566 4659 621 4710 te
640 4654 969 4727 aggrediar,
1002 4654 1183 4726 inque
1213 4653 1413 4711 medio
1469 4655 1555 4711 tui
1584 4672 1788 4712 coram
1810 4657 2085 4729 gentibus

426 4750 483 4801 te
514 4742 947 4800 condemnabo.
971 4744 1051 4799 Ea
1080 4743 1143 4799 in
1173 4748 1231 4800 te
1263 4747 1530 4800 statuam
1561 4760 1693 4814 quae
1733 4760 1927 4815 neque
1948 4749 2087 4800 ante

424 4834 488 4890 in
519 4848 881 4906 quemquam
910 4831 1087 4889 statui
1110 4848 1305 4905 neque
1333 4832 1656 4904 postmodo
1681 4837 1935 4888 statuam
1958 4832 2085 4901 ;id-

427 4940 543 4996 que
567 4929 812 4997 propter
827 4939 1125 4980 summam
1154 4928 1271 4978 tua)
1293 4921 1855 4994 impietatis.Patres
1876 4939 1912 4977 a
1932 4922 2085 4979 libe-

428 5013 512 5069 ris
543 5019 602 5069 et
624 5013 799 5069 liberi
820 5029 857 5069 a
877 5012 1226 5085 parentibus
1256 5010 1647 5068 comedentur
1675 5012 1740 5066 in
1764 5010 1962 5067 medio
1977 5012 2082 5070 tui.

431 5102 693 5159 Ulciscar
740 5108 817 5171 te,
868 5108 926 5159 et
984 5102 1333 5174 superstites
1385 5115 1593 5156 omnes
1652 5098 1990 5173 dispergam
2020 5101 2084 5158 in

428 5207 639 5248 omnes
662 5191 869 5248 mundi
899 5191 1122 5264 plagas,
1184 5191 1316 5247 ideo
1370 5188 1533 5261 quod
1585 5193 1804 5260 praster
1848 5189 2084 5261 reliqua

427 5279 643 5348 quibus
676 5298 769 5336 me
803 5278 1427 5352 oﬂ‘endisti,templum
1458 5293 1695 5350 quoque
1728 5294 1931 5335 meum
1949 5279 2083 5352 pol-

424 5364 616 5423 luisti.
636 5370 840 5441 Itaque
870 5375 927 5426 te
949 5368 1235 5442 repellam
1267 5384 1303 5424 a
1331 5383 1449 5435 me,
1483 5381 1678 5439 neque
1703 5368 1949 5424 omnino
1966 5369 2079 5425 mi-

421 5455 666 5511 serebor
694 5459 801 5513 tui.
833 5459 1141 5525 Quadrans
1171 5458 1257 5514 tui
1271 5462 1438 5530 peste
1455 5455 1829 5528 absumetur,
1853 5463 1912 5515 et
1930 5476 2080 5531 qua-

2195 540 2603 617 ἀπαρνήσασθαι
2678 545 2772 599 τὸν
2859 547 3194 619 γεννήσαντα
3250 545 3414 602 αὐτὸν
3477 546 3607 602 Θεὸν
3673 550 3847 616 ζῶντα

2193 632 2283 686 καὶ
2314 630 2575 703 ἀληθινὸν
2626 633 2717 688 καὶ
2774 630 3127 699 ἐπιλαθέσθαι
3182 638 3282 689 τοῦ
3340 635 3629 714 τρέφοντος
3688 634 3848 690 αὐτὸν

2194 724 2349 777 Θεοῦ.
2383 721 2478 776 Διὸ
2508 718 2575 791 δὴ
2608 720 2804 779 λοιπὸν
2856 723 2932 788 ὡς
2977 719 3256 800 ἄχρηστον
3287 725 3667 801 προσώχθισεν
3699 725 3849 797 αύτῴ

2194 808 2223 865 ὁ
2262 810 2413 881 Θεὸς,
2450 811 2543 867 καὶ
2567 811 2883 891 ἀπεστράφη
2916 813 3224 883 παντελῶς,
3258 811 3347 869 διὰ
3393 818 3491 869 τοῦ
3547 815 3644 887 μὲν
3677 810 3845 870 Δαϐὶδ

2193 899 2434 978 φάσκων
2488 900 2590 958 Καὶ
2648 901 2747 957 οὐκ
2774 899 3009 971 ἤκουσεν
3065 902 3093 957 6
3148 901 3279 965 λαός
3340 923 3445 976 μου
3501 909 3601 973 τῆς
3659 906 3845 981 φωνῆς

2197 1008 2324 1060 μου,
2351 987 2441 1044 καὶ
2474 990 2695 1063 Ἰσραὴλ
2726 990 2788 1046 οὗ
2846 990 3121 1066 προσέσχε
3178 1012 3297 1066 μοι,
3349 991 3440 1047 καὶ
3499 991 3847 1066 ὲξαπέστειλα

2195 1076 2389 1142 αὐτοὺς
2442 1079 2578 1135 κατὰ
2626 1081 2695 1136 τὰ
2752 1078 3158 1155 ἐπιτηδεύματα
3206 1087 3318 1138 τῶν
3367 1080 3607 1157 καρδιῶν
3663 1083 3843 1139 αύτῶν

2193 1167 2536 1241 πορεύεσθαι.
2594 1168 2865 1233 Ὡσαύτως
2922 1169 3012 1226 καὶ
3070 1168 3160 1226 διὰ
3217 1173 3493 1247 Ζαχαρίου
3549 1171 3703 1248 φησί·
3739 1172 3846 1228 Καὶ

2194 1256 2370 1326 εἶπον,
2440 1257 2503 1312 ού
2578 1264 2837 1334 ποιμανῶ
2904 1260 3124 1331 αὐτοὺς,
3184 1259 3330 1316 ἀλλά
3382 1262 3446 1317 τὸ
3502 1261 3847 1331 ἀποθνῆσκον

2191 1343 2603 1415 ἀποθνησκέτω,
2634 1346 2724 1401 καὶ
2779 1348 2842 1402 τὸ
2896 1346 3281 1422 ἀπολλύμενον
3315 1347 3695 1421 ἆπολλυὲσθω,
3752 1349 3847 1404 καὶ

2191 1434 2259 1489 τὰ
2290 1432 2477 1490 λοιπά.
2511 1433 2847 1500 Κατεσθιὲτω
2876 1430 3100 1500 ἕκαστος
3160 1438 3255 1501 τὰς
3317 1437 3517 1514 σάρκας
3569 1443 3665 1493 τοῦ
3694 1436 3844 1509 πλη-

2193 1525 2309 1579 σίον
2355 1524 2544 1584 αὐτοῦ.
2614 1525 2717 1583 Καὶ
2777 1524 2921 1582 οὕτω
2986 1528 3216 1601 μισητὸν
3297 1528 3391 1583 καὶ
3449 1524 3842 1608 διεφθαρμένον

2190 1614 2280 1668 καὶ
2338 1613 2416 1679 εἷς
2471 1616 2608 1671 ἅπαν
2666 1610 3066 1692 ὲϐδελυγμίνον
3127 1614 3218 1672 διὰ
3253 1621 3361 1673 τῶν
3408 1616 3713 1693 αἰσχίστων
3754 1618 3845 1673 καὶ

2191 1706 2497 1781 θεοστυγῶν
2530 1703 2982 1780 ἐπιτηδευμάτων
3040 1708 3229 1763 ἑαυτὸν
3281 1707 3565 1787 ἀποφήνας
3617 1707 3845 1770 εἰκότως

2190 1793 2248 1848 εὗ
2283 1790 2432 1867 μάλα
2462 1791 2688 1859 δικαίως
2721 1796 2798 1859 εἰς
2827 1794 2988 1860 τέλος
3017 1792 3335 1869 κατεϐλήθη
3366 1798 3460 1853 καὶ
3510 1796 3843 1879 ἀπελείφθη,

2189 1882 2370 1949 καθὼς
2445 1884 2612 1941 πάλιν
2700 1886 2728 1941 6
2784 1891 2929 1950 θεῖος
2988 1886 3283 1963 Μαλαχίας
3368 1888 3550 1965 φησίν·
3619 1891 3845 1945 Ἔπεσεν

2191 1970 2436 2047 Ἰσραὴλ,
2467 1975 2554 2030 καὶ
2600 1974 2663 2029 οὐ
2699 1975 2775 2049 μή
2816 1977 3116 2051 προσθήσει
3172 1982 3270 2032 τοῦ
3316 1978 3630 2048 ἀναστῆναι.
3690 1978 3847 2034 Οὖτω

2188 2061 2280 2117 καὶ
2313 2063 2341 2118 6
2369 2063 2587 2124 Ἡσαΐας
2618 2062 2828 2144 φάσκειο
2860 2063 2958 2128 Τίς
3020 2067 3258 2143 φείσεται
3316 2065 3403 2122 ἐπὶ
3436 2067 3543 2139 σοὶ,
3595 2065 3844 2142 Ἰσραὴλ,

2189 2148 2226 2222 ἤ
2272 2151 2355 2216 τίς
2411 2152 2718 2228 ἀνακάμψει
2778 2175 2836 2210 σε
2915 2155 2992 2218 εἰς
3076 2155 3346 2231 εἲρήνηνς
3409 2156 3557 2234 λέγει
3614 2157 3842 2233 Κύριος.

2192 2240 2397 2300 Ὀπίσω
2453 2243 2718 2320 πορεύσῃ,
2789 2244 2880 2300 καὶ
2939 2244 3134 2300 ἐκτενῶ
3187 2247 3286 2317 τήν
3342 2247 3504 2323 χεῖρά
3565 2268 3691 2319 μου,
3749 2247 3841 2302 καὶ

2193 2327 2466 2409 διαφθερῶ
2496 2351 2575 2402 σε,
2615 2333 2705 2387 καὶ
2733 2329 3008 2409 διασπερῶ
3038 2354 3117 2406 σε,
3168 2335 3259 2389 καὶ
3313 2333 3495 2391 ούκέτι
3546 2335 3733 2407 ἀνήσω
3766 2356 3847 2393 σε.

2192 2418 2298 2477 Kal
2328 2418 2443 2476 ίδοὺ
2503 2420 2608 2495 ἐγὼ
2659 2417 2923 2496 λαμϐάνω
2976 2423 3068 2479 καὶ
3126 2423 3309 2498 ῥάσσω
3368 2424 3507 2499 ὑμᾶς
3592 2425 3682 2480 καὶ
3748 2428 3852 2496 τὴν

2192 2509 2354 2566 πόλιν
2409 2511 2477 2581 ἢν
2534 2507 2712 2565 ἔδωκα
2764 2511 2915 2585 ὑμῖν,
2975 2511 3067 2567 καὶ
3126 2508 3288 2567 δώσω
3360 2514 3489 2585 ὑμῖν
3539 2511 3854 2587 ὀνειδισμὸν

2192 2600 2412 2656 αἰώνιον
2445 2601 2535 2656 καὶ
2565 2600 2787 2676 ἀτιμίαν
2856 2600 3098 2669 αἰώνιον,
3131 2601 3256 2671 ἥτις
3303 2602 3423 2669 ,ούκ
3470 2601 3850 2675 ὲπιλησθησε-

2192 2710 2301 2747 ται.
2335 2691 2450 2759 Τῆς
2474 2690 2657 2746 τοίνυν
2687 2689 2933 2765 ἐσχάτης
2988 2689 3250 2755 ἁλώσεως
3289 2691 3493 2763 ταύτης
3530 2693 3621 2747 καὶ
3652 2693 3845 2749 τελευο

2192 2778 2346 2840 ταίας
2404 2778 2471 2834 τὰ
2529 2775 2674 2834 δεινᾶ
2729 2780 2821 2834 καὶ
2878 2773 3085 2859 φοϐερὰ
3138 2777 3662 2857 προδιαγορεύοντες
3705 2780 3737 2838 6'
3789 2803 3849 2838 τε

2195 2866 2358 2942 μέγας
2387 2867 2477 2923 καὶ
2506 2869 2701 2944 θεορῥή
2712 2890 2828 2942 μων
2857 2868 3025 2925 πάλιν
3054 2871 3297 2940 Μωῦσῆς
3343 2871 3432 2925 καὶ
3492 2872 3545 2926 οἱ
3598 2873 3714 2944 μετ’
3742 2870 3844 2926 αύο

2188 2956 2281 3011 τὸν
2335 2958 2593 3034 θεηγόροι
2646 2956 2909 3027 Ἰεζεκιήλ
2963 2958 3055 3013 καὶ
3111 2958 3400 3035 Ἱερεμίας,
3457 2958 3679 3036 εὐκρινῆ
3720 2959 3847 3017 λίαν

2190 3047 2281 3102 καὶ
2310 3044 2519 3127 σφόδρα
2550 3045 2698 3114 δῆλα
2749 3053 2867 3111 τοῖς
2917 3053 3047 3104 πᾶσι
3086 3048 3177 3104 καὶ
3232 3054 3350 3112 τοῖς
3408 3049 3537 3125 ἃγαν
3602 3046 3849 3114 ἰδιώταις

2196 3135 2331 3191 αὐτὰ
2359 3137 2675 3208 πεποίηται.
2725 3137 2789 3195 Ὀ
2850 3138 2945 3212 μὶν
3005 3137 3110 3214 γὰρ
3170 3145 3408 3209 Μωϋσῆς
3466 3137 3518 3193 ὲν
3551 3144 3630 3211 τῷ
3660 3148 3849 3195 Δευτε·

2196 3229 2443 3301 ρονομίῳ
2469 3226 2622 3305 φησί’
2655 3226 2758 3285 Καὶ
2787 3225 2967 3302 ἐπάξει
3016 3229 3214 3303 Κύριος
3260 3226 3388 3299 ἔθνη
3450 3229 3534 3304 [P'
3590 3231 3718 3303 224]
3762 3228 3850 3285 ἐπὶ

2197 3316 2256 3371 σε
2295 3315 2584 3393 μακρόθεν,
2641 3315 2738 3372 ἀπ’
2801 3315 3039 3397 ἐσχάτου
3094 3321 3197 3384 τῆς
3249 3324 3378 3393 γῆς,
3426 3317 3555 3374 ὡσεὶ
3615 3319 3850 3395 ὅρμημα

2196 3405 2376 3475 ἀετοῦ,
2406 3406 2497 3465 καὶ
2534 3400 2686 3469 ἔθνος
2725 3403 2936 3469 ἀναιδὲς
2991 3406 3293 3480 προσώπῲ,
3344 3406 3434 3462 καὶ
3489 3408 3736 3483 ’ἐκτρίψει
3793 3428 3852 3463 σε

2199 3493 2251 3550 ἦν
2282 3495 2478 3558 πάσαίς
2498 3500 2619 3559 ταῖς
2672 3493 2864 3551 πόλεσί
2918 3516 3037 3568 σου,
3094 3492 3199 3559 ἕως
3245 3494 3307 3551 ἃν
3360 3499 3725 3571 καθαιρεθῶσι
3782 3496 3848 3551 τὰ

2197 3583 2360 3658 τείχη
2384 3584 2577 3639 σου-τὰ
2607 3581 2795 3659 ὑψηλὰ
2830 3584 2920 3640 καὶ
2979 3585 3177 3661 ὀχυρὰ,
3235 3584 3287 3640 ἐν
3339 3586 3422 3647 οῖς
3478 3584 3540 3640 σὺ
3587 3583 3852 3647 πέποιθας

2199 3670 2284 3727 ἐπ’
2312 3673 2520 3735 αὐτοῖς.
2568 3672 2671 3730 Καὶ
2726 3672 2866 3751 φάγῃ
2925 3674 2994 3729 τὰ
3039 3671 3237 3749 ἔγγονα
3289 3676 3390 3744 τῆς
3447 3672 3667 3737 κοιλίας
3725 3695 3850 3745 σου,

2198 3763 2331 3838 κρέα
2357 3763 2488 3818 υἱῶν
2544 3762 2637 3818 καὶ
2682 3763 2988 3839 θυγατέρων
3038 3783 3156 3831 σου,
3217 3761 3307 3818 διὰ
3362 3763 3427 3819 τὸ
3487 3763 3563 3837 μὴ
3616 3761 3849 3819 καταλε-

2200 3850 2418 3931 λεῖφθαι
2449 3852 2576 3926 ὑμῖν
2611 3848 2780 3925 μηδὲν
2839 3851 2892 3906 ἐν
2950 3856 3019 3927 τῇ
3071 3853 3413 3931 στενοχωρίᾳ
3457 3852 3552 3908 καὶ
3586 3850 3855 3926 θλίψει,ᾖ

2200 3939 2261 3997 ἄν
2289 3940 2459 4017 θλίψῃ
2489 3963 2547 3997 σε
2575 3942 2604 3997 ὁ
2635 3940 2834 4021 ἐχθρός
2865 3962 2963 3998 σου
2992 3941 3045 3997 ἐν
3079 3944 3274 4005 πάσαις
3331 3948 3450 4006 ταῖς
3498 3941 3698 3999 πόλεσί
3729 3963 3852 3999 σου.

2200 4029 2300 4086 Καὶ
2347 4033 2375 4101 ἢ
2407 4028 2593 4099 άπαλή
2626 4029 2678 4085 ἐν
2712 4030 2839 4104 ὑμῖν
2866 4030 2957 4086 καὶ
3013 4034 3048 4100 ἠ
3103 4031 3344 4110 τρυφερά
3371 4032 3506 4107 γυνή
3549 4031 3610 4087 τὸ
3643 4030 3855 4105 ἐξελθὸν

2199 4116 2290 4175 διὰ
2316 4123 2427 4176 τῶν
2461 4124 2654 4195 μηρῶν
2684 4119 2858 4188 αὐτῆς
2883 4118 2974 4175 καὶ
3011 4119 3076 4174 τὸ
3129 4116 3316 4176 τέκνον
3369 4121 3399 4175 6'
3451 4119 3513 4176 ἄν
3569 4120 3698 4195 τέκῃ
3758 4142 3853 4176 και-

2197 4208 2696 4285 ταφάγεταικρυφῆ
2727 4205 2820 4263 διὰ
2846 4209 2946 4278 τήν
2975 4203 3179 4264 ἔνδειαν
3235 4207 3449 4264 πάντων
3498 4206 3551 4264 εν
3607 4212 3678 4283 τῇ
3726 4231 3843 4266 στε-

2199 4299 2451 4375 νοχωρίᾳ
2507 4296 2681 4373 ἐκείνῃ
2741 4299 2829 4353 καὶ
2889 4296 3093 4372 θλίψει.
3154 4297 3249 4354 Καὶ
3300 4295 3398 4375 ’έσῃ
3458 4295 3510 4354 ἒν
3565 4298 3851 4374 αἰνίγματι

2195 4388 2288 4444 καὶ
2344 4382 2636 4463 παραϐολῇ
2693 4386 2785 4442 καὶ
2850 4385 2902 4441 ἐν
2953 4383 3262 4464 διηγήματι
3292 4391 3421 4442 πᾶσι
3467 4393 3585 4450 τοῖς
3633 4383 3857 4456 ἔθνεσιν,

2197 4476 2275 4548 τίς
2304 4477 2399 4539 οὓς
2431 4473 2490 4531 ἄν
2522 4477 2770 4552 ἀπαγαγῃ
2828 4482 2887 4531 σε
2944 4476 3168 4551 Κύριος,
3214 4473 3321 4541 ἕως
3379 4473 3439 4531 ἄν
3491 4474 3859 4552 ἐξολοθρεύσῃ

2195 4584 2272 4622 σε’
2312 4567 2404 4621 καὶ
2451 4565 2950 4643 καταλειφθήσεσθε
3004 4564 3055 4619 ἐν
3116 4564 3335 4641 ἀριθμῷ
3395 4568 3650 4641 βραχεῖς,
3741 4565 3860 4622 ἀνθ’

2196 4653 2273 4709 ὧν
2304 4653 2390 4710 ὅτι
2418 4654 2517 4723 ἦτε
2545 4653 2620 4715 ὡς
2648 4655 2717 4709 τὰ
2746 4655 2918 4731 ἄστρα
2941 4658 3044 4710 τοῦ
3076 4654 3306 4728 ούρανοῦ
3345 4659 3425 4727 τῷ
3480 4654 3708 4725 πλήθει,
3761 4669 3856 4724 καὶ

2196 4745 2300 4801 οὐκ
2329 4743 2684 4814 εῗσηκούσατε
2711 4751 2813 4814 τῆς
2873 4751 3061 4821 φωνῆς
3114 4744 3319 4820 Κυρίου
3371 4748 3469 4800 τοῦ
3499 4747 3638 4800 Θεοῦ
3672 4745 3857 4819 ὑμῶν.

2196 4835 2300 4892 Καὶ
2329 4830 2476 4892 ἔσται
2516 4833 2573 4890 ὅν
2622 4835 2826 4909 τρόπον
2878 4833 3148 4913 εὐφράνθη
3211 4836 3414 4909 Κύριος
3471 4832 3557 4910 ἐφ’
3585 4833 3737 4907 ὑμῖν,
3769 4833 3858 4906 ἐξ.

2195 4924 2516 4997 ολοθρεῦσαι
2574 4923 2735 4996 ὑμᾶς,
2769 4923 2860 4978 καὶ
2917 4921 3274 4998 ἐξαρθήσεσθε
3322 4923 3430 4978 ἀπὸ
3486 4928 3588 4992 τῆς
3633 4922 3852 4999 ἀγαθῆς

2190 5019 2293 5086 γῆς
2322 5011 2556 5084 ἰκείνης,
2586 5013 2678 5067 καὶ
2736 5007 3017 5086 διασπερεῖ
3069 5031 3127 5067 σε
3176 5012 3371 5081 Κύριος
3414 5011 3442 5066 6
3472 5006 3602 5072 Θεός
3635 5031 3733 5066 σου
3767 5012 3851 5076 εἲς

2190 5100 2364 5157 πάντα
2389 5104 2459 5158 τὰ
2488 5099 2609 5172 ἔθνη
2668 5101 2761 5156 ἀπ’
2817 5101 2987 5176 ἄκρου
3041 5103 3145 5174 τῇς
3198 5104 3301 5175 γῇς
3357 5100 3446 5156 καὶ
3505 5095 3610 5163 ἕως
3671 5096 3847 5177 ἄκρου

2187 5197 2290 5261 τῆς
2317 5197 2443 5266 γῆς.
2503 5188 2680 5248 Ἀλλὰ
2733 5189 2827 5244 καὶ
2884 5188 2940 5245 ἐν
3009 5194 3126 5252 τοῖς
3184 5186 3385 5245 ἔθνεσιν
3438 5188 3666 5251 ἐκείνοις
3743 5189 3851 5245 ούκ

2189 5278 2476 5335 ἀναπαύσει
2507 5299 2586 5349 σε,
2619 5275 2748 5333 οὐδὲ
2779 5279 2856 5353 μή
2905 5276 3123 5355 γένηται
3179 5279 3364 5341 στάσις
3400 5282 3480 5351 τῷ
3548 5276 3696 5354 ἴχνει
3734 5282 3849 5333 τῶν

2188 5365 2373 5425 ποδῶν
2405 5389 2521 5426 σου.
2555 5369 2659 5425 Καὶ
2690 5364 2853 5423 δώσει
2884 5388 2971 5423 σοι
3028 5367 3235 5444 Κύριος
3292 5369 3321 5424 6
3378 5368 3515 5433 Θεὸς
3572 5364 3689 5423 ἐκεῖ
3714 5386 3853 5444 καρ-

2188 5456 2303 5513 δίαν
2324 5459 2634 5533 ἀθυμοῦσαν
2680 5456 2771 5514 καὶ
2827 5456 3186 5522 ἐκλείποντας
3234 5456 3554 5535 ὀφθαλμοὺς
3592 5457 3682 5513 καὶ
3739 5479 3850 5529 τη-

496 5651 541 5689 ³¹
568 5649 808 5707 Zachar.
837 5667 914 5719 xx,
945 5652 998 5708 9.
1025 5652 1073 5687 "
1100 5654 1248 5720 lmo,
1278 5654 1459 5708 Amos
1475 5669 1528 5719 ν,
1558 5656 1607 5706 1.
1643 5651 1690 5688 ³³
1720 5653 1829 5709 Isa.
1864 5670 1991 5720 xm,
2027 5659 2060 5712 9
2099 5672 2266 5730 seqq.
