4186 6198
349 404 472 466 433

1477 410 2022 475 HISTHRIARUM
2072 411 2625 475 COMPENDIUM.

3652 413 3771 475 434

354 536 594 612 κομένην
624 540 833 615 ψυχήν,
884 540 971 595 καὶ
1031 534 1324 615 φοϐηθήσῃ
1383 543 1593 617 ἡμέρας
1651 543 1741 598 καὶ
1797 543 2007 605 νυκτός.

2128 544 2305 600 drans
2338 546 2399 601 in
2431 545 2627 602 medio
2670 546 2751 601 tui
2788 547 2847 600 in
2897 552 3220 617 conspectu
3267 548 3423 602 804
3472 553 3570 627 tuo
3608 546 3764 603 fame

357 629 462 684 Kal
493 633 633 701 ερεῖς
660 628 725 684 τὸ
754 628 901 703 πρωί
942 628 1048 685 ἀπὸ
1102 633 1199 686 τοῦ
1229 626 1405 710 φόϐου
1460 638 1560 701 τῆς
1615 630 1838 708 καρδίας
1897 651 2013 687 σου·

360 720 481 778 Πῶς
513 716 575 771 ἂν
607 714 824 792 γένοιτο
858 719 1055 792 ἒσπέρα
1090 738 1103 788 ;
1136 719 1234 773 Καὶ
1290 720 1354 775 τὸ
1413 721 1642 796 ἑσπέρας
1698 720 1856 795 ἐρεῖς·
1893 726 2016 785 Πῶς

354 805 417 861 ἃν
440 806 651 882 γένοιτο
706 808 769 861 τὸ
802 805 988 882 πρωίς
1019 808 1080 866 Ὀ
1128 805 1187 863 δέ
1242 829 1306 885 γε
1337 809 1351 830 ’
1379 809 1636 884 Ιεζεχιήλ
1693 804 1819 890 ἔφη·
1876 808 2018 867 Τάδε

354 895 503 970 λέγει
536 892 772 952 Ἀδωναί
809 896 1032 970 Κύριος.
1093 893 1233 952 Ἰδοὺ
1293 897 1404 975 ἐγὼ
1463 897 1541 954 ἰτὶ
1602 901 1682 969 σὲ,
1744 900 2014 975 Ἰερουσα-

356 983 508 1055 λὴμ,
539 984 628 1038 καὶ
660 985 882 1054 ποιήσω
912 984 968 1040 ἓν
1022 985 1173 1057 μὲσῳ
1232 1006 1329 1041 σου
1384 992 1560 1061 κρῖμα
1620 986 1852 1043 ἐνώπιον
1908 993 2017 1044 τῶν

355 1072 543 1140 ἐθνῶν,
582 1074 673 1128 καὶ
704 1075 923 1144 ποιήσω
963 1072 1016 1128 ἓν
1070 1074 1155 1128 σοὶ
1186 1074 1220 1129 ἃ
1251 1075 1314 1130 οὗ
1370 1076 1669 1147 πεποίηκα,
1717 1076 1808 1131 καὶ
1839 1076 1902 1133 οἱ)
1937 1079 2013 1151 μὴ

355 1166 577 1234 ποιήσω
609 1163 777 1237 ὅμοια
837 1163 1033 1221 αὐτῶν.
1070 1167 1191 1222 Ἔτι
1249 1163 1340 1221 διὰ
1391 1166 1458 1222 τά
1517 1164 1872 1244 βδελυγματά
1920 1188 2015 1223 σου

355 1254 530 1310 πάντα
587 1250 676 1307 διὰ
712 1257 878 1308 τοῦτο
924 1250 1155 1328 πατέρες
1194 1256 1461 1334 φάγονται
1514 1258 1675 1312 τέκνα
1723 1257 1900 1313 αὐτῶν
1960 1256 2012 1313 ἐν

358 1341 508 1417 μέσῳ
538 1364 658 1412 σου,
687 1343 779 1398 καὶ
809 1342 1053 1418 πατέρας
1107 1343 1388 1422 φάγωνται
1437 1344 1596 1401 τέκνα
1654 1346 1854 1404 αὐτῶν.
1915 1348 2013 1403 Καὶ

352 1434 574 1502 ποιήσω
604 1430 658 1487 ἰν
689 1433 774 1486 σοὶ
829 1432 1092 1508 κρίματα,
1149 1434 1240 1489 καὶ
1298 1432 1577 1509 διασπερῶ
1633 1437 1839 1501 πάντας
1887 1436 2014 1499 τοὺς

351 1520 722 1583 καταλοίπους
755 1521 832 1584 εἷς
863 1522 1039 1577 πάντα
1089 1522 1314 1599 ἄνεμον,
1347 1524 1465 1589 ἀνθ’
1495 1526 1568 1580 ὧν
1597 1527 1666 1581 τά
1718 1526 1848 1603 ἅγιά
1906 1547 2011 1599 μου

352 1610 573 1683 ἐμίανας
631 1608 682 1665 ἐν
770 1616 901 1665 πᾶσι
978 1617 1096 1675 τοῖς
1163 1615 1618 1690 προσοχθίσμασί
1675 1635 1795 1673 σου.
1849 1615 2011 1693 Κάγὼ

349 1698 646 1772 ἆπώσομαί
674 1720 756 1769 σε,
796 1700 888 1754 καὶ
920 1699 982 1754 οὐ
1018 1703 1097 1775 μῆ
1126 1699 1339 1773 ἐλεήσω
1394 1724 1453 1758 σε
1506 1698 1610 1762 ἔτι.
1654 1704 1729 1762 Τὸ
1757 1700 2009 1779 τέταρτόν

356 1810 454 1845 σου
487 1788 538 1844 ἐν
570 1789 781 1861 θανάτῳ
836 1787 1270 1864 ἀναλωθήσεται,
1328 1792 1419 1849 καὶ
1474 1794 1538 1849 τὸ
1598 1791 1855 1867 τέταρτόν
1914 1816 2011 1850 σου

2127 634 2391 706 peribit;
2453 634 2753 706 quadrans
2810 635 3034 690 circum
3092 641 3147 690 te
3204 635 3398 707 gladie
3466 636 3658 705 cadet,
3713 643 3772 692 et

2127 724 2518 795 quadrantem
2548 726 2611 779 in
2642 740 2851 780 omnes
2880 729 3171 780 terrarum
3224 725 3425 798 plagas
3456 724 3768 795 disjiciam.

2125 814 2288 868 Foris
2345 813 2567 870 bellum
2599 818 2658 869 et
2682 813 2915 886 gladius
2973 814 3243 881 vastabit,
3276 814 3439 869 intus
3493 814 3681 869 fames
3713 821 3773 869 et

2125 901 2307 975 pestis
2334 902 2562 973 perdet.
2588 902 2693 967 Qui
2739 918 2809 956 ea
2835 900 3087 973 fugient,
3119 900 3158 955 ii
3192 901 3403 973 captivi
3435 901 3726 956 ducentur
3757 919 3769 955 :

2125 991 2165 1045 ii
2198 1008 2347 1063 quos
2379 1008 2499 1047 non
2530 991 2808 1046 absumet
2836 990 3067 1063 gladius
3096 991 3282 1046 fames
3313 996 3370 1045 et
3398 992 3679 1062 pestis,ut
3711 992 3772 1046 in

2124 1081 2405 1137 omnibus
2435 1081 2781 1137 nationibus
2829 1097 2937 1135 sua
2966 1080 3170 1135 omnia
3215 1087 3456 1151 peccata
3503 1088 3767 1149 narrent,

2123 1170 2579 1243 intelligantque
2612 1186 2707 1225 me
2728 1186 2860 1226 esse
2880 1170 3199 1225 Dominum
3227 1170 3326 1240 qui
3344 1171 3773 1241 percutio.Pro-

2122 1264 2327 1331 pterea
2338 1260 2517 1315 etiam
2529 1259 2738 1315 beatus
2759 1260 3213 1331 Chrysostomus
3233 1257 3379 1313 dicit
3395 1275 3407 1312 :
3422 1261 3547 1313 Non
3561 1275 3769 1315 omnes

2122 1348 2531 1404 internecione
2552 1348 2883 1416 abolet,sed
2905 1347 3194 1419 quosdam
3213 1346 3586 1419 dispergitJd
3610 1348 3769 1402 enim

2122 1436 2357 1492 divinus
2387 1436 2639 1491 Davidus
2662 1437 2790 1509 jam
2821 1442 2961 1492 ante
2992 1437 3249 1491 innuens
3279 1436 3363 1490 ita
3400 1437 3586 1491 Deum
3620 1434 3771 1489 allo-

2122 1526 2361 1597 quitur:
2396 1528 2511 1581 Nos
2543 1526 2810 1582 interﬁce
2841 1542 2942 1581 eos
2975 1524 3285 1597 (nimirum
3306 1524 3771 1596 universos),sed

2121 1614 2409 1686 quosdam
2442 1632 2648 1670 eorum
2678 1614 2903 1686 dissipa
2924 1614 3152 1670 scilicet
3171 1614 3386 1669 virtute
3410 1614 3663 1670 tuaJam
3694 1613 3765 1668 de

2119 1703 2380 1760 secundo
2395 1704 2877 1759 adventuDomini
2890 1720 2959 1759 ac
2972 1704 3363 1775 patefactione
3376 1702 3767 1758 etJudaaorum

2119 1794 2275 1867 gravi
2301 1798 2360 1848 et
2378 1793 2697 1849 insanabili
2716 1793 3051 1849 calamitate
3066 1792 3376 1848 Zacharias
3398 1792 3765 1848 vatacinatus

359 1879 414 1934 ἐν
447 1877 602 1952 λιμῷ
653 1877 1125 1950 συντελεσθήσεται
1179 1880 1413 1937 ἐνώπιόν
1472 1903 1591 1952 σου,
1623 1882 1677 1939 ἰν
1713 1884 1860 1957 μέσῳ
1891 1904 2009 1957 σου,

2128 1884 2203 1938 ita
2227 1887 2318 1937 est
2341 1898 2354 1936 :
2376 1883 2538 1938 Tunc
2561 1883 2756 1937 veniet
2770 1881 3060 1937 Dominus
3075 1883 3230 1937 Deus
3258 1886 3767 1953 noster,magnus-

356 1970 448 2024 καὶ
506 1968 569 2024 τὸ
648 1967 903 2043 τέταρτόν
985 1990 1081 2025 σου
1154 1970 1208 2026 ἐν
1266 1972 1469 2047 ῥομαίᾳ
1525 1980 1764 2031 πεσεῖται
1818 1975 2010 2049 κύκλῳ

357 2077 474 2124 σου,
507 2055 597 2111 καὶ
625 2077 689 2111 το
714 2050 968 2129 τέταρτόν
1000 2078 1098 2112 σου
1127 2057 1204 2120 εἷς
1259 2061 1433 2115 πάντα
1492 2060 1689 2135 ἄνεμον
1753 2060 2012 2139 διασκορ-

358 2150 492 2204 πιῶ.
536 2146 693 2200 Καὶὸ
752 2146 847 2219 μὲν
902 2145 1151 2221 πόλεμος
1200 2149 1291 2204 καὶ
1340 2151 1375 2219 ἢ
1436 2148 1681 2225 ῥομφαία
1735 2151 1947 2223 ἔξωθεν,
1981 2154 2009 2207 6

358 2231 415 2289 δὲ
448 2234 612 2307 λιμὸς
646 2235 738 2289 καὶ
770 2236 798 2289 6
831 2235 1055 2299 θάνατος
1099 2230 1297 2292 ἔσωθεν
1366 2238 1700 2315 ὀλοθρεύσει.
1734 2243 1801 2299 Οἱ
1860 2240 1918 2297 δὲ
1957 2242 2006 2312 ἐξ

354 2324 531 2379 αὐτῶν
600 2323 1007 2396 ἀνασωζόμενοι
1063 2324 1517 2398 ἀναλωθήσονται
1554 2373 1568 2387 .
1624 2330 1726 2386 Καὶ
1786 2328 2008 2386 ὑπολεῖ-

349 2417 526 2487 ψομαι
555 2411 606 2486 ἐξ
639 2412 815 2495 αύτῶν
847 2412 905 2469 ἐκ
937 2414 1212 2492 ῥομφαίας
1244 2416 1333 2471 καὶ
1376 2417 1547 2489 λιμοῦ
1602 2418 1692 2473 καὶ
1752 2420 2007 2490 θανάτου,

350 2502 504 2565 ὅπως
527 2501 586 2556 ἂν
648 2499 1007 2578 ἐκδιηγῶνται
1055 2503 1150 2566 τὰς
1205 2504 1435 2577 ἀνομίας
1492 2506 1668 2561 αὐτῶν
1720 2508 1894 2569 πάσας
1954 2506 2006 2562 ἐν

346 2596 467 2653 τοῖς
506 2588 702 2658 ἔθνεσι,
735 2591 827 2646 καὶ
857 2612 916 2666 γι
931 2592 1163 2648 ώσονται
1194 2594 1279 2649 ὅτι
1317 2592 1424 2670 ἐγὼ
1485 2595 1678 2670 Κύριος
1710 2596 1738 2649 6
1766 2595 2008 2653 τύπτων.

350 2681 450 2734 Διά
482 2677 549 2751 δὴ
609 2685 774 2735 τοῦτο
831 2702 966 2760 φησι
1022 2682 1112 2737 καὶ
1163 2683 1191 2738 6
1223 2682 1368 2758 ἱερὰς
1425 2686 1835 2759 Χρυσόστομοςο
1896 2684 2011 2744 Οὐκ

353 2770 562 2845 ἀναιρεῖ
599 2772 802 2833 πάντας
858 2768 1052 2847 ἄρδην,
1110 2771 1258 2828 ἀλλὰ
1315 2773 1615 2849 σκορπίζει.
1674 2778 1851 2832 Τοῦτο
1907 2775 2008 2852 γὰρ

355 2859 825 2937 προῦπεμφαίνων
856 2862 885 2915 6
912 2861 1055 2925 θεῖος
1109 2857 1277 2917 Δαϐἱδ
1308 2860 1462 2939 ἔλεγε
1511 2864 1647 2938 πρὸς
1704 2864 1889 2920 αὐτόν’
1918 2866 2007 2934 Μὴ

356 2948 680 3021 ἀποκτείνῃς
739 2948 980 3019 αὐτοὺς,
1028 2947 1155 3018 ἤτοι
1211 2951 1437 3022 πάντας,
1496 2952 1644 3009 ἀλλά
1686 2950 2008 3027 διασκόρπι-

358 3057 469 3102 σον,
510 3034 562 3106 ἐξ
623 3037 801 3092 αὐτῶν
860 3034 1157 3109 δήπουθεν,
1216 3041 1268 3096 ἐν
1315 3045 1385 3116 τῇ
1440 3038 1667 3115 δυνάμει
1727 3063 1845 3101 σου.
1881 3041 2009 3116 Περὶ

359 3122 417 3180 δέ
442 3146 507 3200 γε
561 3132 661 3195 τῆς
717 3124 967 3201 δευτέρας
1038 3130 1123 3202 [Ρ.
1184 3134 1310 3203 225]
1372 3132 1541 3187 αὐτοῦ
1598 3130 1861 3195 ἐλεύσεως
1918 3133 2008 3187 καὶ

355 3214 707 3290 φανερώσεως
732 3215 825 3270 καὶ
859 3214 1079 3287 πολλῆς
1138 3219 1228 3273 καὶ
1286 3219 1717 3297 ἀπαραμυθήτου
1772 3220 2013 3295 θλίψεως
2041 3265 2083 3297 n

354 3303 531 3359 αὐτῶν
562 3304 680 3360 εἶπε
711 3307 1012 3382 Ζαχαγίας·
1045 3308 1183 3364 Τότε
1234 3308 1351 3378 ἥξει
1383 3311 1583 3385 Κύριος
1613 3310 1642 3365 6
1664 3311 1793 3373 Θεὸς
1823 3312 2005 3384 ἡμῶν,

352 3394 443 3449 καὶ
472 3390 619 3449 ἔσται
662 3395 891 3458 κοπετὸς
962 3395 1131 3471 μέγας
1190 3395 1243 3451 ἐν
1298 3398 1685 3474 Ἰερουσαλήμ.
1746 3402 2004 3475 Ὄψονται

352 3483 458 3557 γάρ
490 3483 566 3545 εἷς
598 3483 658 3537 ’ὀν
712 3482 1075 3555 ἐξεκέντησαν.
1136 3484 1297 3543 Ἀλλ’
1325 3488 1432 3550 ἐἷς
1490 3489 1550 3543 ὃν
1610 3488 1954 3562 ἐξεκέντησαν
1989 3509 2005 3558 ;

351 3571 416 3628 Τί
452 3568 509 3626 δὲ
529 3570 643 3628 ἐστι
672 3573 736 3627 τὸ
766 3572 844 3637 εἷς
871 3574 929 3628 ’ὀν
963 3595 979 3643 ;
1013 3576 1253 3649 Σταυρὸς
1283 3577 1351 3645 ἦν
1394 3576 1470 3638 εἷς
1525 3578 1584 3633 ’ὁν
1642 3577 2006 3649 ἐξεκέντησαν.

360 3661 472 3736 Πρὸ
502 3662 606 3736 γάρ
636 3669 738 3731 τῆς
766 3658 1000 3740 φοϐερᾶς
1049 3666 1348 3740 παρουσίας
1393 3672 1493 3722 τοῦ
1556 3669 1784 3743 Κυρίου,
1841 3667 2009 3723 καθά-

358 3770 458 3823 περ
520 3750 805 3826 βασιλικὸν
864 3759 1116 3825 σημεῖον,
1173 3756 1236 3809 τὸ
1294 3755 1582 3831 λεγόμενον
1641 3760 1822 3832 σίγνον
1876 3756 2013 3812 κατὰ

357 3842 550 3910 κοινὴν
579 3843 860 3911 συνήθειαν
915 3842 1208 3922 προτρέχει
1242 3852 1342 3915 τῆς
1400 3847 1633 3921 Χριστοῦ
1689 3846 2010 3921 παρουσίας,

362 3928 469 3984 ὑπὸ
504 3933 614 3984 τῶν
671 3927 925 4004 ἀγγέλων
993 3928 1352 4005 δοξαζόμενον
1408 3936 1498 3989 καὶ
1550 3936 2014 4011 προευαγγελιζό-

364 4038 544 4090 μενον.
600 4019 700 4073 Καὶ
756 4020 1053 4095 φανήσεται
1091 4022 1121 4076 6
1153 4023 1383 4098 σταυρὸς
1441 4023 1548 4078 ἀπὸ
1600 4031 1704 4094 τῆς
1733 4033 1838 4099 γῆς
1868 4026 2011 4082 ἀπο-

359 4106 617 4180 κρύπτων
648 4107 737 4160 τὸν
767 4106 928 4176 ἥλιον
988 4109 1079 4164 καὶ
1144 4106 1442 4184 ἀμϐλύνων
1496 4113 1596 4180 τήν
1646 4114 1906 4185 σελήνην,
1939 4116 2013 4178 ὥς

360 4216 528 4273 φησιν
586 4196 613 4250 6
666 4197 911 4271 Κύριος·
973 4198 1112 4255 Τότε
1163 4202 1456 4278 φανήσεται
1514 4202 1577 4257 τὸ
1633 4209 1861 4276 σημεῖον
1918 4208 2016 4260 τοῦ

361 4286 491 4339 ι’ὶοῦ
514 4289 611 4339 τοῦ
652 4289 787 4341 Θεοῦ
836 4284 890 4341 ἒν
918 4291 998 4360 τῷ
1029 4287 1263 4363 οὐρανῷ.
1326 4292 1429 4346 Καὶ
1477 4289 1568 4346 ’ἱνα
1623 4291 1897 4367 πληρωθῇ
1953 4295 2015 4348 τὸ

366 4374 523 4450 ῥῆμα
582 4375 881 4450 Ζαχαρίου,
946 4378 1046 4446 τήν
1077 4376 1218 4449 λέξιν
1266 4378 1434 4449 αὐτὴν
1478 4383 1781 4458 μετήγαγεν
1829 4383 1858 4437 6
1886 4385 2016 4457 Χρι-

363 4464 512 4532 στὸς,
539 4459 728 4519 λαϐὼν
760 4466 836 4528 εἱς
879 4464 1164 4540 ἀλήθειαν,
1197 4467 1396 4547 λέγων·
1431 4471 1571 4528 Τότε
1601 4470 1828 4545 ὄψονται
1860 4472 1934 4534 εἰς
1957 4472 2015 4528 ὅν

365 4551 730 4623 ἐξεκέντησαν.
761 4559 819 4612 '0
859 4552 917 4610 δέ
973 4576 1036 4633 γε
1085 4558 1348 4632 Ἱερεμίας
1380 4558 1590 4631 ὁμοίως
1637 4559 1849 4639 φάσκεν
1880 4559 2021 4618 Τάδε

2126 1988 2240 2042 que
2272 1972 2386 2027 erit
2410 1971 2665 2044 ejulatus
2687 1970 3392 2043 Hierosolymm.Cernent
3407 1970 3566 2025 enim
3588 1985 3766 2041 quem

2126 2067 2622 2134 compunxerunt.
2657 2063 2730 2115 At
2758 2076 2936 2131 quem
2962 2064 3391 2132 compexerunt
3409 2060 3437 2113 ‘?
3466 2061 3618 2113 Crux
3659 2057 3771 2113 fuit

2127 2168 2305 2224 quam
2337 2153 2987 2224 compunxerunt.Nam
3017 2155 3154 2207 ante
3174 2150 3409 2206 Domini
3442 2149 3770 2205 terribilem

2126 2241 2785 2312 adventum,quomodo
2817 2242 3051 2313 signum
3081 2240 3346 2312 praeferri
3374 2239 3496 2295 reei
3526 2239 3766 2305 assolet,

2124 2333 2208 2387 ita
2238 2337 2379 2387 tunc
2410 2348 2647 2402 quoque
2678 2331 2911 2403 signum
2944 2331 2996 2384 ei
3030 2330 3408 2402 praacedet,et
3439 2329 3511 2384 ab
3542 2328 3769 2399 angelis

2125 2420 2545 2492 praadicabitur
2555 2426 2731 2490 atque
2746 2419 3104 2475 laudabitur.
3120 2418 3443 2490 Apparebit
3454 2419 3615 2473 enim
3628 2434 3770 2473 crux

2126 2523 2160 2562 ιι
2190 2511 2349 2561 terra
2377 2505 2565 2561 solem
2623 2504 2929 2561 occultans
2959 2510 3018 2559 et
3075 2504 3278 2560 lunam
3308 2504 3656 2574 obscurans,
3706 2510 3772 2558 ut

2126 2595 2412 2651 Dominus
2443 2595 2537 2650 his
2567 2594 2759 2650 verbis
2789 2593 3062 2666 praadixit
3095 2610 3108 2649 :
3141 2595 3301 2649 Tunc
3330 2593 3393 2647 in
3422 2592 3568 2648 caalo
3626 2608 3737 2648 con
3756 2623 3769 2634 -

2127 2683 2410 2756 spicietur
2438 2683 2674 2756 signum
2705 2682 2837 2738 Filii
2869 2682 3187 2753 Dei.thue
3211 2681 3455 2737 verbum
3472 2681 3769 2737 Zachariae

2125 2773 2615 2845 impleatur,ipsis
2643 2771 2946 2827 vocabulis
2970 2772 3055 2827 eis
3088 2772 3375 2827 Dominus
3401 2788 3546 2827 usus
3577 2772 3769 2839 est,ad

2126 2862 2597 2919 confirmandam
2618 2862 2926 2917 veritatem
2947 2861 3152 2917 dicens
3178 2876 3191 2915 :
3215 2862 3285 2915 Et
3310 2861 3461 2916 895
3484 2859 3770 2916 videbunt

2126 2968 2303 3024 quem
2329 2950 3163 3025 compunxerint“.Similiter
3182 2954 3241 3004 et
3267 2950 3552 3005 Jeremias
3577 2949 3766 3020 loqui-

2125 3049 2225 3098 tur
2248 3058 2261 3098 :
2286 3043 2419 3097 Haac
2439 3041 2521 3096 ait
2541 3041 2828 3096 Dominus
2846 3041 2999 3095 Deus
3017 3038 3223 3096 lsraeli
3249 3054 3262 3093 :
3287 3039 3434 3093 Ecce
3470 3038 3766 3096 immitam

2125 3132 2263 3187 huic
2294 3131 2425 3187 loco
2456 3147 2552 3185 res
2580 3129 2877 3196 adversas,
2910 3128 3058 3184 adeo
3087 3133 3154 3182 ut
3181 3127 3524 3198 quicunque
3572 3127 3643 3181 de
3695 3128 3767 3181 iis

2125 3219 2602 3290 inaudierit,ejus
2633 3234 2808 3274 aures
2840 3216 3332 3287 tinniant;idque
3356 3216 3657 3287 ideo,quia
3673 3232 3769 3271 me

2123 3311 2516 3366 deseruerunt
2543 3324 2612 3363 ac
2632 3307 2830 3363 locum
2852 3307 3013 3362 hunc
3038 3304 3766 3377 abalienaruntJugulabo

2125 3403 2397 3455 senatum
2448 3397 2613 3453 Judaa
2645 3403 2702 3452 et
2752 3401 3023 3452 senatum
3075 3394 3421 3451 lsraelicum
3469 3396 3581 3451 hoc
3613 3394 3767 3463 loco,

2126 3494 2505 3558 sternamque
2532 3502 2632 3542 eos
2661 3486 2856 3559 gladio
2888 3492 3026 3543 ante
3056 3487 3254 3542 hostes
3286 3502 3443 3552 suos,
3477 3489 3536 3540 et
3594 3483 3765 3541 cada-

2124 3593 2263 3632 vera
2274 3577 2539 3647 ipsorum
2553 3576 2745 3632 aereis
2758 3576 2963 3631 avibus
2976 3580 3153 3647 atque
3167 3575 3547 3630 terrestribus
3560 3574 3766 3629 bestiis

2126 3664 2463 3722 devoranda
2492 3665 3080 3736 exponam.Efﬁciam
3111 3670 3177 3720 ut
3205 3664 3347 3720 urbs
3378 3665 3505 3719 haec
3536 3664 3769 3718 abolea-

2127 3762 2243 3823 tur,
2277 3754 2470 3825 sitque
2502 3753 2761 3809 ludibrio
2792 3755 2854 3808 in
2884 3758 3257 3825 perpetuum.
3307 3754 3653 3823 Quicunque
3700 3768 3769 3805 ea

2126 3842 2935 3917 prmteribuntpdtupescent
2963 3842 3340 3913 frontemque
3368 3841 3769 3913 corrugabunt

2131 3940 2190 3991 et
2217 3938 2393 4005 caput
2418 3932 2742 3987 movebunt
2772 3931 3060 3987 memoria
3100 3931 3451 3987 calamitatis
3509 3930 3772 3997 illorum,

2129 4026 2473 4096 Dispergam
2504 4039 2606 4078 eos
2626 4038 2827 4078 coram
2850 4022 3118 4077 hostibus
3148 4021 3270 4076 suis
3291 4021 3478 4077 instar
3497 4022 3653 4076 venti
3674 4026 3775 4075 aut

2130 4120 2311 4169 mstus
2340 4114 2533 4181 aeris;
2576 4119 2754 4184 atque
2802 4110 3073 4167 mactabo
3131 4110 3266 4165 illos
3324 4111 3524 4165 exitio.
3585 4109 3774 4164 Edent

2132 4220 2376 4259 suorum
2409 4202 2669 4258 filiorum
2711 4201 3086 4271 ﬁliarumque
3135 4216 3364 4266 carnes,
3397 4217 3464 4255 ac
3515 4199 3771 4272 proximi

2132 4292 2386 4363 quisque
2431 4291 2523 4346 sui
2552 4296 2819 4362 tempore
2867 4288 3196 4344 obsidionis
3246 4304 3363 4359 qua
3400 4288 3472 4343 ab
3503 4288 3773 4344 hostibus

2133 4381 2598 4453 prementurJta
2625 4383 2929 4435 conteram
2960 4378 3246 4450 populum
3269 4378 3427 4433 hunc
3447 4378 3774 4448 urbemque

2134 4471 2383 4537 hanc,ut
2409 4486 2510 4525 vas
2539 4473 2865 4524 testaceum
2894 4467 3244 4535 con-teritur,
3278 4466 3437 4537 quod
3461 4467 3626 4522 refici
3657 4483 3777 4521 non

2136 4565 2348 4632 potest.
2386 4559 2501 4626 Sic,
2533 4558 2733 4629 inquit
2761 4558 3069 4622 Dominus,
3100 4573 3269 4629 agam
3299 4573 3435 4611 cum
3465 4556 3611 4611 urbe
3668 4556 3779 4610 hac

368 4639 515 4717 λέγει
570 4643 769 4718 Κύριος
803 4645 994 4708 ὀΘεὸς
1052 4644 1298 4719 Ἰσραήλ·
1357 4645 1497 4705 Ἰδοὺ
1555 4648 1745 4726 ἐπάγω
1804 4648 1913 4725 ἐγὼ
1943 4651 2011 4706 ἒπ

2140 4656 2199 4704 et
2229 4650 2360 4721 ejus
2389 4646 2843 4715 habitatoribus,
2872 4653 2937 4702 ut
2962 4647 3106 4701 urbs
3136 4646 3260 4701 haac
3292 4645 3676 4700 exscindatur
3720 4650 3780 4698 et

370 4731 462 4794 θὸν
496 4733 663 4787 τὸπον
691 4732 886 4788 τοῦτον
919 4735 1077 4802 κακὰ,
1111 4734 1250 4791 ὥστε
1279 4738 1481 4792 παντὸς
1541 4739 1838 4801 ἀκούοντος
1894 4740 2030 4797 αὐτὰ

371 4820 577 4890 ἠχησει
611 4821 891 4899 ἀμφότερα
923 4824 990 4879 τὰ
1037 4824 1152 4880 ὦτα
1182 4825 1370 4895 αὐτοῦ,
1403 4827 1519 4881 ἀνθ’
1577 4828 1650 4881 ὦν
1681 4826 2032 4905 ἐγκατέλιπόν

373 4929 438 4981 με
469 4910 560 4964 καὶ
590 4908 1059 4985 άπηλλοτρίωσαν
1091 4914 1184 4968 τὸν
1214 4916 1383 4969 τόπον
1442 4920 1657 4973 τοῦτον.
1712 4919 1813 4975 Καὶ
1849 4920 2030 4988 σφαξω

366 5000 469 5068 τὴν
506 4999 714 5074 βουλὴν
748 4999 926 5056 Ἰούδα
980 5002 1071 5056 καὶ
1126 5003 1228 5071 τήν
1285 5003 1503 5073 Βουλὴν
1565 5006 1787 5081 Ἰσραὴλ
1844 4982 1904 5062 ἐν.
1951 5009 2031 5080 τῷ

369 5088 528 5160 τόπῳ
565 5087 769 5161 τούτῳ,
825 5092 915 5144 καί
973 5086 1269 5146 καταϐαλῶ
1327 5091 1521 5154 αὐτοὺς
1577 5092 1630 5149 ἐν
1682 5099 1751 5169 τῇ
1786 5095 2033 5171 μαχαίρᾳ

376 5176 626 5231 ἐναντίων
653 5182 758 5232 τῶν
794 5177 1011 5253 ἐχθρῶν
1041 5179 1236 5239 αὐτῶν.
1270 5181 1375 5238 Καὶ
1406 5178 1567 5236 δώσω
1622 5184 1751 5246 τοὺς
1807 5185 2029 5260 νεκροὺς

379 5264 559 5321 αὐτῶν
620 5266 696 5328 εἷς
754 5268 960 5342 βρῶσιν
1020 5273 1138 5331 τοῖς
1197 5276 1462 5332 πετεινοῖς
1520 5276 1617 5327 τοῦ
1682 5273 1909 5349 οὐρανοῦ
1941 5273 2030 5328 καὶ

374 5360 492 5417 τοῖς
525 5355 743 5430 θηρίοις
791 5363 892 5425 τῆς
949 5363 1074 5432 γῆς.
1137 5360 1233 5412 Καὶ
1291 5360 1433 5428 τάξω
1461 5361 1564 5429 τὴν
1621 5360 1784 5417 πόλιν
1831 5362 2033 5433 ταύτην

375 5443 454 5507 είς
486 5444 788 5518 ἀφανισμὸν
830 5445 923 5499 καὶ
982 5446 1057 5507 εἰς
1119 5448 1381 5522 συριγμὸν
1440 5448 1683 5518 αἰώνιον,
1718 5449 1803 5505 ἵνα
1841 5451 2034 5513 πάντες

373 5532 425 5586 οἱ
486 5531 943 5607 διαπορευόμενοι
1002 5532 1073 5589 δι’
1129 5534 1298 5605 αὐτῆς
1352 5534 1700 5607 ἐκστήσονται
1756 5542 1845 5594 καὶ
1906 5561 2031 5595 σκυ-

451 5742 496 5777 ³⁸
529 5744 696 5799 Deut.
731 5761 921 5814 xxvnu,
958 5747 1021 5798 15
1054 5759 1221 5815 seqq.
1251 5742 1300 5779 ⁸⁵
1325 5745 1540 5801 Jerem.
1574 5762 1697 5814 ιιι,
1729 5747 1759 5801 3
1783 5762 1947 5818 seqq.

2138 4739 2392 4811 p0pulus
2431 4737 2755 4808 dissipetur
2782 4753 2889 4808 per
2918 4736 3122 4791 omnia
3151 4735 3541 4807 regnaErunt
3570 4747 3779 4803 oppro-

2139 4828 2267 4883 brio
2287 4833 2346 4882 et
2365 4828 2495 4883 loco
2511 4825 3003 4898 adagii,omnium
3019 4823 3171 4879 odiis
3192 4828 3252 4877 et
3271 4818 3777 4877 exsecrationibus

2139 4919 2399 4988 obnoxii,
2436 4933 2794 4989 quocunque
2828 4915 3093 4971 locorum
3126 4930 3226 4968 eos
3259 4911 3553 4983 expellam
3604 4908 3668 4960 ³⁸.
3711 4909 3781 4961 Et

2140 5005 2284 5076 quid
2314 5006 2407 5061 his
2465 5005 2681 5061 divinis
2712 5001 3088 5058 sermonibus
3118 5000 3381 5071 apertius
3430 5001 3625 5068 potest
3680 4999 3782 5049 aut

2141 5112 2313 5152 verus
2346 5095 2526 5152 ﬂeri?
2581 5093 2835 5149 Proinde
2869 5097 2952 5158 tu,
3010 5091 3169 5146 fatue
3202 5096 3260 5144 et
3313 5085 3562 5143 rationis
3610 5085 3780 5155 inops

2140 5185 2365 5252 Judaae,
2393 5184 2548 5239 390
2577 5182 2710 5237 vide
2739 5196 2815 5236 an
2869 5196 2988 5233 non
3021 5177 3231 5232 divinas
3263 5177 3389 5231 istas
3445 5172 3783 5245 prtedictio-

2141 5290 2270 5340 nes,
2304 5272 2470 5327 nulla
2497 5288 2561 5326 re
2591 5270 2831 5335 omissa,
2867 5283 3078 5322 omnes
3123 5264 3377 5336 impletae
3422 5263 3540 5318 sint
3570 5262 3781 5317 vestris

2142 5361 2616 5425 calamitatibus;
2648 5365 2824 5429 atque
2857 5356 3005 5411 adeo
3036 5355 3214 5410 etiam
3246 5370 3316 5409 ea
3344 5370 3475 5425 qum
3513 5351 3782 5407 Christus

2144 5451 2421 5523 praedixit
2441 5451 2468 5504 ‘?
2498 5449 2643 5505 Nam
2677 5449 2725 5502 is
2748 5447 2820 5503 de
2849 5444 3257 5515 Hierosolyma
3287 5449 3347 5499 et
3373 5442 3596 5515 templo
3628 5441 3783 5513 quod

2145 5542 2205 5595 in
2240 5556 2309 5596 ea
2327 5534 3144 5609 fuit,pronuntiavitlapidem
3168 5533 3347 5605 lapidi
3363 5533 3638 5604 junctum
3667 5548 3786 5586 non
