4194 6198
403 407 525 468 ιθις

1752 397 2074 462 GEORGII
2117 397 2463 462 CEDRENI

3695 407 3814 468 436

407 541 682 598 relictum
741 536 1022 605 irinque
1055 534 1137 592 ita
1192 534 1458 594 evenisse
1491 537 1554 588 tu
1585 531 1874 603 negabis?
1927 547 2046 589 non

2180 532 2487 608 ιρωπάσωσι
2541 536 2630 590 καὶ
2682 541 2946 608 κινήσωσι
3029 539 3124 601 τὰς
3205 539 3440 619 κεφαλὰς
3500 540 3674 596 αὑτῶν
3722 539 3809 596 ἐπὶ

410 638 571 702 puto.
606 628 922 693 Item,Ecce
953 624 1167 680 domus
1196 629 1387 677 vestra
1418 621 1654 680 deserta
1684 621 1949 680 manebit
1978 619 2044 676 εδ.

410 721 613 774 Nonne
665 717 897 770 deserta
955 713 1088 770 est?
1138 715 1208 768 Et
1258 712 1500 783 quidem
1542 729 1803 783 prorsus.
1865 713 2050 768 Erunt

409 821 710 870 mrumnm,
739 802 946 873 quales
973 807 1109 857 ante
1141 819 1261 858 non
1293 803 1553 860 fuerunt.
1586 801 1766 858 Aisne
1798 817 1898 856 eas
1929 815 2048 858 non

406 895 588 950 fuisse
610 895 636 947 ‘I
665 895 811 963 Lege
844 892 1152 948 historiam
1184 892 1488 962 aJosepho
1521 891 2049 963 conscriptam,ho-

411 984 567 1040 mine
597 981 819 1047 Judreo,
857 981 961 1036 sed
995 982 1253 1039 veritatis
1287 981 1552 1040 studioso
1587 997 1599 1038 :
1665 998 1782 1036 non
1828 981 2050 1052 poteris

407 1073 718 1143 respirare,
780 1077 1008 1126 tantum
1043 1072 1262 1138 auditis
1311 1072 1384 1126 iis
1416 1087 1546 1141 quas
1597 1070 1797 1127 miseri
1863 1070 2050 1126 Judmi

408 1171 547 1218 tunc
580 1167 719 1218 sunt
765 1162 1028 1231 perpessi
1073 1160 1147 1216 ob
1197 1160 1469 1222 rabidum
1513 1159 1775 1216 furorem
1822 1174 1937 1232 quo
1989 1159 2051 1215 in

409 1254 706 1310 Christum
739 1251 1142 1310 desmvierant.
1176 1250 1422 1322 Quippe,
1448 1265 1520 1304 ne
1555 1249 1687 1318 quis
1716 1247 2051 1306 Judaeorum

410 1344 470 1398 in
503 1343 770 1410 dubium,
813 1341 956 1396 istas
989 1355 1082 1397 res
1114 1345 1494 1399 vocaret.non
1526 1337 1923 1408 alienigenam
1953 1337 2056 1394 ali-

413 1433 721 1502 quemsed
751 1430 1096 1502 popularem
1123 1435 1183 1484 et
1209 1427 1477 1498 ejusdem
1511 1444 1644 1482 cum
1682 1427 1900 1486 Judmis
1922 1426 2056 1482 reli-

412 1522 600 1593 gionis
633 1522 880 1592 ejusque
914 1534 1292 1589 summopere
1319 1515 1650 1574 studiosum
1707 1515 2058 1571 subornavit

412 1612 754 1680 veritas,qui
786 1608 1158 1666 miserandas
1189 1609 1331 1664 istas
1365 1612 1761 1676 enarratuque
1779 1605 2057 1660 difﬁciles

415 1700 782 1758 calamitates
815 1699 1030 1771 tragice
1063 1697 1453 1756 describeret.
1495 1697 1747 1750 Tantum
1797 1694 1953 1750 enim
1986 1695 2058 1752 iis

419 1789 701 1844 divinitus
719 1788 1012 1843 excidium
1035 1792 1124 1842 est
1146 1785 1756 1854 inilictum,quantum
1780 1782 1851 1838 ab
1867 1783 2060 1840 homi-

2157 624 2334 692 πάσης
2365 629 2468 692 τῆς
2494 625 2717 699 πληγῆς
2747 627 2944 684 αὐτῶν.
2987 628 3089 685 Καὶ
3148 627 3223 690 ὡς
3286 627 3482 701 ἄνεμον
3541 629 3631 684 καί
3679 630 3809 684 καύο

2159 732 2299 766 σωνα
2331 710 2603 788 διασπερῶ
2647 715 2845 780 αὐτοὺς
2891 718 3024 771 κατὰ
3083 718 3374 794 πρόσωπον
3433 721 3542 774 τῶν
3593 717 3808 798 ἐχθρῶν

2161 800 2352 872 αὐτῶν,
2382 803 2472 858 καί
2504 799 2662 876 δείξω
2687 805 2876 868 αὐτοῖς
2905 806 3116 882 ἡμέραν
3149 806 3440 870 ἀπωλείας.
3502 806 3604 864 Καὶ
3656 803 3814 861 Bov—

2157 910 2245 945 ται
2275 891 2370 952 τὰς
2404 891 2600 968 σάρκας
2627 898 2732 948 τῶν
2769 896 2898 948 υἱῶν
2933 894 3106 950 αὐτῶν
3161 895 3250 950 καὶ
3307 900 3416 950 τῶν
3477 897 3813 972 θυγατέρωνν

2158 980 2247 1034 καὶ
2277 977 2501 1043 ἕκαστος
2529 983 2626 1043 τὰς
2657 982 2857 1058 σάρκας
2911 988 3006 1039 τού
3062 990 3298 1054 πλησίον
3353 983 3519 1040 αίιτοῢ
3551 979 3725 1039 ἔδεται
3757 984 3813 1039 ἐν

2158 1074 2228 1143 τῇ
2262 1076 2502 1147 περιοχῇ
2534 1073 2622 1127 καί
2658 1072 2706 1126 ἐν
2739 1077 2806 1146 τῇ
2865 1073 3164 1148 πολιορκίᾳ
3217 1073 3282 1148 ᾖν
3339 1073 3812 1148 πολιορκήσουσιν

2160 1158 2354 1220 αὐτοὺς
2387 1161 2439 1214 οἱ
2477 1159 2668 1235 ἐχθροὶ
2701 1162 2896 1218 αὐτῶν.
2936 1162 3029 1218 Καὶ
3056 1163 3332 1237 συντρίψω
3363 1164 3454 1218 τὸν
3503 1162 3633 1217 λαὸν
3680 1166 3810 1217 τοῦ-

2159 1269 2250 1302 τον
2283 1251 2373 1304 καὶ
2402 1250 2500 1318 την
2561 1251 2722 1305 πόλιν
2752 1252 2975 1321 ταύτην,
3007 1253 3189 1315 καθὼς
3247 1247 3586 1326 συντρίϐεται
3644 1251 3814 1326 ἄγγος

2165 1337 2505 1408 ὀστρακινον,
2538 1339 2566 1392 ὃ
2599 1339 2661 1392 οὐ
2694 1335 2974 1408 δυνήσεται
3011 1338 3224 1408 ῗιιθῆναι
3245 1334 3343 1394 ἔτι.
3379 1340 3539 1396 Οὕτω
3571 1342 3813 1410 ποιήσω,

2167 1423 2309 1501 λέγει
2346 1426 2557 1500 Κύριος,
2593 1432 2671 1499 τῷ
2718 1433 2874 1500 τόπῳ
2902 1430 3081 1500 τούτῳ
3139 1431 3228 1483 καί
3286 1434 3405 1490 τοῖς
3471 1428 3814 1483 κατοικοῦσιν

2166 1515 2218 1570 ἐν
2249 1515 2406 1590 αὐτῇ,
2436 1521 2534 1572 τοῦ
2567 1513 2789 1586 δοθῆναι
2818 1519 2916 1586 τήν
2956 1517 3118 1578 πόλιν
3146 1517 3346 1589 ταύτην
3377 1519 3449 1580 ὡς
3480 1520 3580 1587 τήν
3633 1516 3821 1572 διαπί-

2168 1626 2421 1674 πτουσαν,
2453 1605 2542 1659 καὶ
2575 1603 2735 1660 δώσω
2767 1605 2933 1676 αὐτὴν
2993 1606 3066 1668 εἰς
3129 1605 3559 1683 διασκορπισμὸν
3617 1628 3817 1670 πασαις

2165 1700 2284 1755 ταῖς
2317 1693 2619 1768 βασιλείαις
2650 1702 2750 1763 τῆς
2780 1702 2902 1771 γῆς,
2951 1697 3041 1750 καὶ
3099 1693 3308 1751 ἔσονται
3369 1696 3445 1758 εἷς
3507 1694 3819 1769 ὀνειδισμὸν

2168 1784 2255 1838 καὶ
2291 1783 2364 1844 εἰς
2395 1779 2718 1857 παραϐολὴν
2751 1786 2839 1839 καὶ
2870 1784 2945 1847 εἷς
2981 1790 3140 1858 μῖσος
3185 1785 3273 1840 καί
3335 1787 3410 1848 εἰς
3467 1787 3699 1860 κατάραν
3759 1785 3813 1840 ἐν

423 1895 564 1934 num
599 1878 886 1936 memoria
911 1877 1142 1933 nullum
1177 1891 1441 1945 unquam
1473 1873 1792 1943 fuit.quue
1827 1873 2058 1928 merito.

2180 1873 2329 1930 παντὶ
2356 1873 2512 1946 τόπῳ
2543 1874 2603 1927 οὗ
2634 1873 2720 1927 ἐὰν
2775 1874 2958 1944 ἑξώσω
2987 1874 3184 1936 αὐτοὺς
3216 1873 3344 1932 ἐκεῖ.
3378 1875 3443 1932 Τί
3475 1873 3568 1929 οὖν
3621 1872 3819 1929 λοιπὸν

423 1969 777 2039 Quantisper
805 1967 964 2026 enim
995 1967 1055 2024 in
1088 1982 1402 2024 conservos
1435 1981 1572 2022 suos
1617 1963 2060 2033 delinquerunt.

425 2057 759 2112 condonata
785 2056 868 2110 eis
895 2056 1070 2126 culpa
1099 2061 1190 2112 est
1222 2070 1233 2108 :
1267 2060 1331 2108 ut
1361 2070 1495 2108 vero
1527 2069 1905 2108 communem
1935 2069 2066 2108 om—

428 2147 592 2202 nium
629 2145 940 2200 Dominum
973 2144 1375 2214 impetierunt,
1411 2143 1538 2198 sine
1568 2142 1693 2200 ulla
1722 2143 1893 2200 venia
1923 2159 2064 2212 sup-

427 2235 604 2306 plicio
637 2233 856 2290 addicti
891 2238 1050 2290 sunt.
1073 2231 1134 2290 Id
1161 2237 1360 2289 autem
1387 2248 1421 2288 a
1449 2231 1679 2288 Christo
1712 2232 1854 2302 ipsis
1883 2231 2066 2288 fuisse

423 2324 656 2380 illatum
673 2323 966 2394 intelliges
989 2339 1059 2376 ex
1081 2321 1359 2393 parabole
1371 2321 1584 2393 abipso
1609 2323 1930 2394 proposita:
1957 2323 2068 2378 Eos

424 2414 638 2484 inquit,
669 2413 768 2483 qui
803 2429 897 2468 me
928 2429 1097 2470 suum
1150 2428 1348 2484 regem
1389 2428 1518 2468 esse
1567 2411 1912 2479 noluerunt,
1959 2413 2066 2470 hoc

423 2503 709 2558 adductos
759 2500 1159 2558 interficite".
1219 2503 1409 2572 Atque
1465 2501 1686 2558 idcirco
1745 2502 1816 2556 iis
1873 2500 2064 2556 dixit:

422 2592 732 2648 Adimetur
763 2591 926 2649 vobis
957 2607 1205 2664 regnum
1235 2591 1591 2662 dabiturque
1631 2591 1790 2662 genti
1841 2591 2068 2646 fructus

435 2697 572 2738 suos
605 2678 875 2736 reddenti
906 2677 972 2735 ³⁸.
1027 2679 1244 2738 Urbem
1297 2695 1532 2750 quoque
1563 2680 1645 2735 ita
1691 2679 2020 2749 alloquitur
2053 2696 2066 2734 :

425 2773 681 2842 Tempus
712 2771 824 2825 erit
855 2786 988 2828 cum
1022 2775 1077 2824 te
1110 2771 1310 2826 hostes
1337 2770 1419 2825 tui
1451 2770 1604 2825 vallo
1637 2775 1695 2826 et
1723 2770 1869 2824 891
1907 2769 2068 2824 obsi—

428 2861 604 2918 dione
634 2861 874 2932 cingent
904 2866 963 2916 et
991 2860 1388 2931 undequaque
1415 2867 1707 2931 prement,
1729 2859 2068 2928 liberosque

432 2957 565 3006 tuos
598 2950 756 3007 intra
805 2957 860 3006 te
894 2948 1019 3004 solo
1067 2949 1400 3005 allident“.
1454 2948 1777 3004 lncredulis
1831 2965 2068 3018 quoque

425 3041 452 3100 Ι
459 3039 643 3095 udmis
656 3037 820 3096 dixit:
837 3041 983 3094 Ecce
997 3037 1584 3108 relinquiturdomus
1597 3043 1791 3092 vestra
1810 3037 2065 3092 deserta.

427 3127 492 3182 Id
516 3126 673 3197 quod
697 3127 872 3184 etiam
899 3125 1176 3184 Danielus
1193 3125 1469 3197 praedixit
1494 3143 1506 3179 :
1536 3125 1994 3196 Urbem,inquit,
2011 3130 2070 3180 et

427 3215 616 3272 eadem
635 3233 862 3272 sacram
884 3215 1091 3286 perdet
1120 3232 1253 3270 cum
1285 3215 1554 3286 principe
1586 3220 1830 3272 venturo
1853 3213 1918 3270 ⁴⁰.
1945 3216 2062 3271 Ηοο

427 3311 535 3374 est,
558 3307 710 3360 Deus
739 3307 914 3360 Pater
941 3304 1141 3360 omnia
1167 3321 1296 3373 qum
1326 3303 1509 3358 Judmi
1543 3304 1854 3375 magniﬁca
1885 3310 2060 3374 atque

433 3394 720 3468 prwclara
751 3394 972 3448 habent
1020 3397 1275 3459 evertet;
1327 3398 1382 3447 et
1412 3410 1546 3448 cum
1582 3409 1649 3447 eo
1696 3394 1878 3447 Filius
1909 3395 2076 3448 Chri.

442 3488 774 3550 stus,quem
807 3479 894 3533 illi
928 3480 1295 3536 Servatorem
1331 3480 1827 3551 liberatoremque
1870 3497 2080 3553 exspe-

433 3568 829 3625 ctabant.Non
858 3568 1016 3623 enim
1050 3568 1219 3636 dixit,
1252 3570 1645 3625 Exscindetur
1671 3570 1814 3625 urbs
1844 3577 1902 3626 et
1930 3578 2078 3626 tem-

433 3657 593 3728 plum
628 3673 763 3712 cum
795 3655 1239 3725 ductore,sicuti
1273 3657 1514 3727 quidam
1545 3658 1800 3714 absurde
1829 3660 2082 3730 opinanv

445 3753 540 3802 tur
571 3763 583 3802 :
622 3747 725 3802 sed
757 3748 867 3802 hoc
929 3747 1068 3813 vult,
1103 3748 1417 3805 Exscindet
1462 3751 1637 3804 Pater
1693 3750 1980 3822 templum
2014 3767 2080 3805 ac

439 3835 668 3902 urbem,
705 3853 825 3892 una
856 3841 1136 3906 operante
1169 3837 1452 3892 nimirum
1509 3854 1576 3892 eo
1609 3837 1851 3893 ductore
1902 3855 2080 3908 quem

440 3928 627 3984 Judaei
689 3927 1046 3986 contumelis
1105 3929 1474 3995 alTecerunt;
1533 3929 1604 3984 de
1663 3947 1779 4000 quo
1837 3931 2082 3988 ductore

436 4019 688 4076 Jacobus
711 4019 1156 4078 Bethlehemam
1180 4019 1421 4074 aifatur:
1447 4022 1602 4074 Exte
1627 4021 1962 4091 egredietur
1983 4022 2084 4077 du-

437 4109 649 4173 ctor“,
683 4114 793 4164 etc.
827 4111 907 4162 Ac
940 4107 1248 4178 discipulis
1280 4125 1515 4178 quoque
1551 4109 1672 4163 suis
1709 4110 1974 4164 Christus
2002 4112 2084 4166 ita

438 4197 737 4254 mandavit
769 4213 780 4251 :
815 4199 958 4250 Cum
992 4196 1266 4252 videbitis
1293 4196 1761 4253 abominandum
1793 4200 2085 4255 vastitatis

439 4289 673 4358 signum
694 4292 850 4342 stare
885 4286 944 4342 in
977 4285 1105 4340 loco
1129 4288 1520 4342 sancto.Tunc
1543 4288 1593 4341 is
1615 4288 1716 4358 qui
1739 4287 1880 4360 legit
1902 4290 2085 4347 anim-

439 4375 726 4430 advertat.
761 4373 824 4428 Id
856 4389 997 4430 sane
1045 4372 1354 4443 impletum
1388 4381 1491 4429 est.
1529 4377 1795 4431 Primum
1841 4378 2082 4447 quidem

445 4472 710 4534 tempore
763 4463 976 4518 excidii
1027 4466 1328 4520 Romanus
1379 4467 1672 4521 exercitus
1714 4467 1985 4539 ingressu
2024 4469 2086 4524 in

447 4555 634 4610 eadem
665 4553 766 4610 Dei
802 4559 910 4618 est,
945 4570 1080 4610 cum
1112 4553 1254 4609 urbs
1287 4561 1602 4626 caperetur
1632 4563 1690 4611 et
1719 4564 2086 4626 vastaretur;

2175 1966 2284 2020 τῶν
2325 1961 2480 2025 θείων
2538 1961 2797 2036 ῥημάτων
2854 1965 3064 2019 τούτων
3122 1964 3575 2042 ἐκφαντικώτερον
3608 1964 3640 2032 ἢ
3674 1963 3819 2033 ἀλη-

2177 2053 2423 2124 θέστερον
2457 2047 2654 2126 γένοιτ’
2685 2048 2742 2105 ἄν
2781 2070 2794 2120 ;
2825 2054 2961 2124 Ὅρα
2999 2053 3109 2118 οὗν,
3169 2052 3365 2123 ἀνόητε
3415 2053 3506 2108 καὶ
3563 2052 3818 2127 ἀλόγιστε

2177 2137 2423 2208 Ἰουόαῐε,
2465 2140 2510 2194 εί
2575 2141 2650 2213 μὴ
2708 2138 3096 2215 πεπλήρωνται
3155 2147 3322 2197 ταῦτα
3376 2142 3549 2198 πάντα
3606 2142 3815 2218 ἀπαρα-

2178 2228 2380 2292 λείπως
2435 2229 2573 2285 κατὰ
2626 2230 2722 2294 τὰς
2777 2231 2922 2304 ἱερὰς
2972 2230 3302 2307 προρρήσεις
3363 2231 3438 2293 είς
3498 2231 3654 2304 ὑμᾶς.
3719 2229 3818 2286 Καὶ

2182 2321 2366 2391 μὲντοι
2423 2318 2511 2372 καὶ
2567 2319 2632 2374 τὰ
2691 2319 2794 2374 ὑπὸ
2864 2321 3098 2394 Χριστοῦ
3155 2320 3674 2395 προκατηγγελμένα
3731 2321 3822 2375 καὶ

2177 2405 2654 2482 προηπειλημίνα.
2689 2410 2834 2478 Φησὶ
2864 2409 2969 2483 γὰρ
2999 2409 3120 2485 περί
3160 2417 3258 2478 τῆς
3314 2407 3677 2484 Ἰερουσαλὴμ
3731 2408 3822 2464 καὶ

2179 2497 2274 2553 τοῦ
2299 2497 2351 2551 ἐν
2382 2495 2518 2570 αὐτῇ
2549 2498 2698 2554 ναοῦ.
2733 2497 2805 2552 Οὐ
2839 2499 2914 2570 μὴ
2952 2497 3106 2572 μείνῃ
3142 2497 3298 2560 λίθος
3322 2500 3413 2554 ἒπί
3445 2497 3624 2555 λίθου.
3681 2503 3825 2573 Ἀρα

2185 2586 2477 2660 μεμένηκεν
2515 2605 2528 2654 ;
2555 2585 2846 2659 Οὐδαμῶς.
2881 2588 2982 2644 Καὶ
3017 2585 3158 2644 Ἰδοὺ
3188 2588 3398 2668 ἀφίεται
3429 2590 3457 2643 6
3489 2589 3637 2651 οῗκος
3668 2589 3824 2662 ὑμῶν

2180 2674 2408 2749 ἔρημος.
2442 2679 2579 2750 τΛρα
2610 2674 2705 2730 ουκ
2749 2678 3084 2749 ήρήμωται;
3146 2678 3243 2734 Καὶ
3305 2675 3510 2754 σφόδρα
3566 2699 3654 2755 γε.
3722 2679 3824 2734 Καὶ

2182 2768 2370 2824 Ἔσται
2410 2765 2601 2842 ιρλῖψις
2659 2763 2746 2820 σ’ία
2801 2765 2862 2820 οὐ
2911 2765 3150 2840 γέγονεν.
3209 2768 3347 2842 Ἀρα
3406 2766 3503 2821 οὐκ
3557 2766 3826 2842 ἐγένετο;

2183 2857 2264 2928 [Ρ.
2311 2859 2436 2926 226]
2476 2856 2773 2927 Ἀνάγνωθι
2827 2855 2925 2922 τὴν
2987 2854 3226 2929 ἱστορίαν
3283 2858 3582 2926 Ἰωσήπου,
3632 2852 3830 2930 ἀνδρὸς

2183 2940 2446 3001 Ἰουδαίου
2477 2942 2566 2996 καὶ
2605 2940 2968 3018 φιλαλήθους·
3028 2944 3117 2998 καὶ
3175 2943 3301 3000 οὐδὲ
3355 2945 3670 3000 ἀναπνεῦσαι
3703 2943 3823 2999 λοι-

2183 3035 2280 3088 πὸν
2316 3029 2544 3106 δυνήσῃ,
2576 3031 2786 3086 ἁκούων
2823 3031 2982 3105 μόνον
3013 3031 3145 3104 ἅπερ
3177 3029 3372 3098 ἔπαθον
3405 3034 3456 3089 οἱ
3501 3032 3682 3098 ἄθλιοι
3722 3055 3827 3105 τη-

2184 3127 2403 3177 νικαῦτα
2461 3117 2714 3176 Ἰουδαῖοι
2747 3117 2835 3176 δισὶ
2879 3123 2979 3192 τήν
3017 3123 3154 3178 κατὰ
3204 3126 3442 3198 Χριστοῦ
3487 3123 3678 3196 μανίαν
3734 3122 3826 3178 καὶ

2187 3211 2409 3268 λύσσαν.
2459 3213 2568 3267 Ἳνα
2616 3209 2719 3285 γὰρ
2782 3207 2977 3284 μηδεὶς
3031 3215 3140 3265 τῶν
3189 3208 3464 3267 Ἰουδαίων
3531 3212 3828 3286 ἀπιστήσῃ,

2177 3303 2285 3357 οὐκ
2311 3297 2628 3372 ἀλλόφυλον
2663 3319 2803 3368 τινα,
2827 3297 2950 3354 ἀλλ’
2979 3297 3262 3378 ὁμόφυλον
3283 3300 3374 3356 καὶ
3405 3299 3707 3374 ὀμόπιστον
3737 3299 3830 3354 καὶ

2185 3388 2439 3461 ζηλωτὴν
2476 3387 2864 3462 παρεσκεύασεν
2897 3389 2930 3456 ἡ
2981 3387 3214 3458 ἀλήθεια
3269 3390 3334 3444 τὰ
3393 3390 3596 3445 ἐλεεινᾶ
3653 3388 3833 3445 ἐκεῖνα

2183 3479 2271 3534 καὶ
2332 3475 2667 3551 δυσεξήγητα
2717 3474 3130 3552 ὲκτραγῳδησαι
3189 3481 3358 3550 πάθη.
3403 3479 3668 3550 Τοιαύτην
3724 3480 3831 3555 γὰρ

2184 3567 2448 3637 θεήλατον
2481 3562 2779 3637 ὑπέστησαν
2805 3564 3015 3642 ἅλωφιν
3050 3567 3166 3622 οἳαν
3212 3567 3325 3623 οὐδ’
3353 3571 3380 3624 6
3432 3569 3650 3642 σύμπας
3719 3567 3835 3623 οἶδε

2184 3658 2408 3732 ’χρόνος,
2441 3655 2617 3734 ἀφόὗ
2638 3655 2856 3729 γέγονεν
2915 3652 3002 3707 ἐπὶ
3059 3662 3156 3724 τῆς
3209 3663 3312 3732 γῆς
3377 3657 3676 3732 ἄνθρωπος.
3726 3658 3835 3712 Καὶ

2187 3749 2428 3807 εἰκότιυςο
2468 3742 2572 3806 ἓως
2629 3744 2721 3816 μὶν
2764 3743 2867 3818 γὰρ
2925 3743 3000 3802 εἷς
3058 3743 3184 3808 τοὺς
3243 3744 3588 3818 ὁμοδούλους
3645 3745 3828 3820 ἦμάρ·

2183 3857 2340 3894 τανον
2372 3882 2386 3908 ,
2449 3832 2781 3911 συγγνώμης
2836 3828 3132 3906 ἐτύγχανον
3167 3876 3181 3900 ,
3238 3834 3399 3905 ἡνίκα
3481 3832 3538 3890 δὲ
3589 3833 3683 3909 ξείς
3739 3836 3833 3888 τὸν

2187 3927 2364 3984 κὶινόν
2440 3929 2712 3999 Δεσπότην
2793 3928 3120 4003 ἐξήμαρτον,
3192 3925 3594 4006 ἀσυγγνώστως
3643 3922 3832 3978 ἐκολά-

2189 4030 2412 4089 σθησαν.
2471 4021 2591 4074 Ὅτι
2644 4017 3018 4095 δὲὸΧριστὸς
3077 4019 3263 4077 αὐτοῖς
3320 4016 3588 4085 πεποίηκε
3643 4018 3832 4085 ταῦτα,

2190 4111 2415 4163 ἄκουσον
2450 4108 2612 4163 αύτοῦ
2645 4107 2807 4162 πάλιν
2863 4109 2954 4162 καὶ
3013 4105 3103 4161 δια
3133 4100 3454 4181 παραϐολῆς
3513 4105 3833 4186 φάσκοντος·

2188 4199 2325 4260 Τοὺς
2356 4195 2412 4252 δὲ
2447 4200 2520 4267 μὴ
2580 4198 2942 4272 βουληθέντας
3005 4218 3070 4270 με
3127 4194 3445 4273 βασιλεῦσαι
3496 4193 3578 4247 ἐπ’
3635 4192 3837 4254 αὐτοὺς

2193 4289 2409 4362 ἀγάγετε
2442 4284 2548 4342 ὧδε
2576 4287 2664 4341 καὶ
2708 4287 3096 4364 κατασφάξατε.
3149 4284 3242 4339 Διὸ
3295 4284 3382 4338 καὶ
3445 4283 3580 4357 πρὸς
3640 4281 3840 4343 αὐτοὺς

2191 4373 2393 4451 ἔλεγεν·
2468 4377 2788 4450 Ἀρθήσεται
2875 4376 2961 4452 ἀφ’
3040 4375 3193 4447 ὑμῶν
3279 4374 3313 4442 ἡ
3404 4370 3676 4450 βασιλεία,
3748 4370 3838 4424 καὶ

2193 4463 2478 4534 δοθήσεται
2562 4459 2697 4528 ἔθνει
2775 4463 2990 4519 ποιοῦτι
3092 4462 3218 4523 τοὺς
3301 4461 3541 4536 καρποὺς
3647 4461 3838 4528 αὐτῆς,

2195 4555 2293 4611 Καὶ
2353 4555 2486 4628 πρὸς
2569 4555 2663 4625 μὶν
2745 4556 2844 4623 τὴν
2927 4553 3292 4628 Ἰερουσαλὴμ
3349 4551 3528 4629 φησίν·
3588 4551 3842 4620 ’Ήεουσιν

442 4649 618 4714 atque
651 4642 782 4698 ideo
815 4641 1057 4713 quidam
1090 4643 1162 4698 de
1194 4660 1262 4698 eo
1305 4644 1538 4715 signum
1595 4647 1884 4700 vastitatis
1933 4647 2056 4702 acci

2197 4643 2280 4698 ἐπὶ
2324 4663 2381 4698 σε
2411 4642 2634 4718 ἡμέραι,
2690 4643 2776 4696 καὶ
2830 4638 3188 4716 περιϐαλοῦσί
3249 4661 3333 4694 σοι
3386 4641 3436 4696 οἱ
3496 4638 3681 4715 ἐχθροί
3743 4659 3840 4692 σου

442 4735 616 4805 piunt
643 4749 654 4787 :
681 4733 897 4804 quippe
921 4732 1142 4788 milites
1167 4733 1261 4787 isti
1285 4750 1422 4789 cum
1445 4735 1565 4788 sint
1585 4734 1815 4806 profani
1848 4751 1915 4789 ac
1955 4752 2083 4790 sce-

442 4823 597 4891 lesti,
631 4828 790 4878 recte
823 4823 881 4877 in
922 4822 1197 4878 vaticinio
1229 4823 1628 4879 abominabile
1661 4824 1948 4878 vastitatis
2005 4825 2083 4878 si-

443 4929 623 4986 gnum
675 4911 971 4968 dicuntur.
1033 4911 1254 4967 Deinde
1297 4917 1495 4983 potest
1543 4912 1727 4983 accipi
1779 4912 1850 4967 de
1891 4918 2083 4968 statua

440 5023 618 5077 quam
645 5006 756 5061 sibi
789 5005 1084 5062 Adrianus
1129 5005 1453 5075 imperator
1489 5006 1708 5075 posuit,
1755 5006 2082 5077 urbemque

437 5113 679 5168 prorsus
727 5095 1070 5151 devastavit.
1107 5097 1329 5150 Rursus
1378 5095 1781 5150 Theodoretus
1829 5097 2083 5150 Danleli-

428 5203 564 5242 cum
577 5185 880 5241 oraculum
894 5183 1643 5256 exponens,-—Abolebitur
1656 5185 2010 5239 sacrificium
2029 5191 2087 5240 et

431 5276 638 5330 libatio
657 5274 850 5330 medio
865 5275 1014 5344 septi
1027 5279 1302 5338 manaa,et
1316 5273 1372 5327 in
1391 5272 1612 5344 templo
1626 5278 1918 5328 statuetur
1931 5275 2084 5330 398

433 5364 904 5419 adominandum
936 5365 1226 5420 vastitatis
1259 5364 1516 5435 signum.
1553 5380 1618 5418 ac
1659 5365 1900 5419 vastitas
1953 5383 2088 5420 con-

438 5453 1102 5525 summabit.lmagines.
1131 5454 1619 5524 inquitquzedam
1654 5453 1922 5521 Caesaris,
1954 5455 2086 5525 qui-

442 5542 551 5596 bus
583 5542 708 5612 lege
753 5542 948 5597 divina
993 5549 1118 5596 erat
1165 5543 1566 5608 interdictum,
1622 5544 1683 5598 in
1718 5544 2006 5614 templum
2056 5559 2090 5598 a

2193 4732 2427 4807 χάρακα,
2486 4734 2574 4786 καὶ
2629 4731 3101 4807 περικυκλώσουσί
3160 4751 3238 4800 σε,
3303 4731 3393 4784 καὶ
3456 4727 3727 4798 συνέξουσί
3787 4742 3841 4781 σε

2193 4818 2474 4886 πάντοθεν,
2503 4820 2590 4874 καὶ
2632 4817 2910 4896 ἐδαφιοῦσι
2957 4820 3022 4872 τὰ
3052 4819 3211 4873 τέκνα
3261 4837 3355 4872 σου
3415 4815 3466 4871 ἓν
3527 4816 3631 4870 σοί·
3701 4815 3842 4889 πρὸς

2194 4907 2251 4970 δὶ
2281 4911 2403 4972 τοὺς
2432 4916 2667 4974 απειθεῖς
2699 4907 2993 4970 Ἰουδαίους
3027 4908 3210 4984 ἐπάγει
3243 4905 3442 4981 λέγων·
3490 4903 3632 4962 Ἰδοὺ
3688 4905 3845 4981 ἀφίε-

2191 5023 2276 5056 ται
2315 5002 2341 5055 ὁ
2391 5003 2544 5062 οἶκος
2595 5000 2746 5073 ὑμῶν
2806 4996 3036 5072 ἔρημος.
3085 4999 3255 5071 ⁴Ὁπερ
3315 4996 3404 5050 οὖν
3465 4995 3554 5049 καί
3611 4995 3640 5049 ὁ
3699 4997 3844 5055 θεῖος

2195 5090 2399 5160 Δανιήλ
2429 5087 2724 5162 προδηλῶν
2752 5086 2920 5160 λέγει’
2967 5087 3057 5141 Καὶ
3093 5087 3190 5154 τὴν
3244 5084 3404 5139 πόλιν
3462 5085 3550 5138 καί
3603 5083 3665 5138 τὸ
3693 5079 3846 5157 ἅγιον

2196 5177 2430 5250 διαθερεϊ
2469 5181 2560 5232 σὺν
2608 5181 2686 5248 τῷ
2725 5179 3012 5250 ἡγουμένῳ
3071 5180 3150 5248 τῷ
3199 5174 3511 5250 ἐρχομένῳ,
3574 5174 3849 5228 τουτέστιν

2197 5270 2224 5323 ὁ
2273 5270 2400 5328 θεὸς
2431 5267 2519 5321 καὶ
2591 5267 2776 5340 Πατὴρ
2835 5265 3048 5320 πάντων
3103 5261 3384 5321 Ἰουδαίων
3427 5265 3492 5318 τὰ
3543 5264 3713 5335 σεμνᾶ
3759 5262 3851 5318 καὶ

2197 5352 2532 5432 περίϐλεπτα
2579 5355 2879 5428 ἀνατρέψει.
2942 5350 3116 5408 Ἀλλὰ
3177 5353 3265 5407 καί
3299 5354 3327 5406 6
3358 5352 3483 5413 Υἱὸς
3529 5353 3557 5406 ὁ
3591 5352 3848 5425 Χριστὸς,

2198 5449 2224 5502 ὁ
2257 5449 2378 5521 παρ’
2415 5446 2587 5500 αὐτῶν
2622 5446 2695 5505 ὡς
2721 5444 3004 5518 λυτρωτής
3065 5440 3522 5517 προσδοκώμενος
3580 5442 3667 5496 καὶ
3729 5449 3851 5496 Σω-

2196 5541 2320 5612 τήρ,
2355 5536 2430 5595 Οὔ
2459 5536 2561 5609 γὰρ
2619 5537 2758 5589 εἷπε·
2822 5533 3248 5612 Διαφθαρήσεται
3283 5534 3316 5601 ἡ
3350 5531 3511 5593 πόλις
3540 5531 3630 5586 καὶ
3661 5532 3689 5586 6
3720 5533 3850 5594 ναὸς

520 5745 566 5779 ³⁸
597 5743 795 5798 batth.
832 5758 990 5809 χχιιι,
1052 5745 1138 5795 38.
1172 5743 1218 5777 ³⁷
1282 5747 1411 5799 Luc.
1447 5762 1564 5810 xix,
1597 5746 1684 5800 27.
1744 5745 1792 5780 ³⁸
1832 5746 2034 5800 Matth.
2069 5765 2070 5798 ;

2207 5749 2294 5800 43.
2357 5742 2403 5784 ⁸⁸
2432 5743 2566 5799 Luc.
2596 5760 2711 5810 χιχ,
2767 5742 2859 5797 43.
2893 5740 2940 5774 ⁴⁰
2969 5740 3111 5800 Dan.
3176 5761 3251 5811 ix,
3285 5747 3373 5799 26.
3423 5743 3466 5780 *ί
3500 5745 3670 5801 Mich.
3705 5759 3758 5810 ν,
3790 5745 3841 5798 2.
