4186 6198
451 345 569 406 439

1781 338 2107 399 GEORGII
2149 338 2505 400 CEDRENI

3747 343 3868 403 440

448 482 540 532 tus
572 477 758 532 sancti
789 476 1057 546 gratiam.
1092 475 1211 527 Imo
1244 487 1380 526 vero
1422 487 1494 526 ne
1526 470 1788 542 captivus
1846 469 2086 539 quidem

2218 464 2447 522 ὶπέδωκε
2482 467 2574 522 καὶ
2603 467 2665 522 τὸ
2697 466 2868 523 πάλαι
2923 472 3027 534 τῆς
3056 468 3396 549 προφητείας
3473 471 3743 546 χάρισμα,
3772 474 3866 528 καὶ

451 565 592 620 dum
625 581 804 630 esses,
837 564 912 617 iis
933 562 1245 616 destitutos
1276 576 1338 614 es
1372 576 1384 615 :
1422 575 1561 615 nam
1590 565 1650 615 et
1698 558 1780 613 ibi
1806 557 2087 613 Danielus

452 671 519 708 ac
550 652 910 719 Ezechielus,
944 656 1001 705 et
1028 651 1089 704 in
1119 651 1361 722 [Egypto
1390 649 1698 716 Jeremias,
1730 653 1905 718 atque
1950 652 2087 703 ante

453 741 556 795 illa
587 746 855 811 tempora
886 741 1072 794 Moses
1102 743 1280 808 atque
1311 740 1509 793 Aaron
1540 738 1602 792 in
1635 736 2093 793 solitudine.Seo

453 828 712 883 cundum
745 828 871 883 haec
901 827 975 882 ad
1007 828 1289 882 usitatam
1331 827 1434 881 tibi
1476 825 1918 898 improbitatem
1977 829 2093 879 tete

453 917 731 981 retulisti,
752 917 1188 988 bacchatusque
1220 916 1402 988 impio
1434 915 1632 971 furore
1663 916 1923 970 Graecam
1955 914 2096 969 reli-

449 1008 684 1080 gionem
701 1006 1009 1077 amplexus
1024 1007 1178 1061 400
1192 1005 1574 1073 es,Antiocho
1591 1005 1772 1076 impio
1785 1008 2093 1076 regnante.

449 1100 642 1167 Atque
678 1096 815 1150 huic
847 1112 981 1150 cum
1016 1094 1340 1149 triennium
1361 1093 1717 1159 dediti,mox
1748 1092 2099 1148 Maccabaao-

449 1203 584 1241 rum
607 1201 787 1256 opera
808 1200 1043 1239 rursum
1069 1183 1354 1255 prmclara
1375 1183 1665 1238 statuistis
1688 1184 2100 1254 tropaaa.Nunc

451 1274 604 1331 nihil
628 1274 770 1342 tale,
792 1273 893 1329 sed
916 1290 1160 1344 prorsus
1182 1272 1382 1328 omnia
1403 1272 1704 1327 contraria
1725 1272 1911 1338 ﬁunt;
1938 1270 2102 1342 quod

455 1365 714 1419 maxime
741 1362 1080 1417 mirandum
1111 1368 1218 1418 est.
1252 1363 1396 1416 Nam
1427 1365 1488 1415 et
1515 1361 1873 1429 ﬂagitiorum
1903 1362 2102 1415 minus

458 1460 548 1509 est
578 1460 636 1507 et
665 1452 798 1523 plus
827 1467 1161 1522 poenarum,
1186 1466 1381 1521 neque
1412 1450 1536 1505 ulla
1566 1448 1914 1504 mutationis
1944 1465 2100 1520 spes.

460 1543 660 1612 Neque
691 1542 851 1596 enim
883 1544 950 1594 7O
980 1545 1212 1593 tantum
1239 1538 1379 1593 anni
1407 1538 1594 1609 elapsi
1615 1537 1886 1603 sunt,sed
1914 1536 2103 1592 multo

463 1632 665 1703 plures
695 1649 708 1700 ;
740 1647 933 1700 neque
968 1629 1055 1684 vel
1087 1629 1361 1684 umbram
1393 1628 1518 1699 spei
1551 1627 1691 1682 licet
1728 1627 2015 1695 invenire,
2047 1632 2107 1682 et

463 1720 705 1791 quidem
727 1736 920 1790 neque
946 1718 1400 1774 simulacrorum
1423 1716 1582 1771 cultu
1605 1716 1664 1771 id
1685 1716 1850 1771 vobis
1868 1732 2106 1771 meren-

466 1810 641 1865 tibus.
675 1814 741 1864 ut
768 1809 935 1876 olim,
967 1824 1161 1878 neque
1185 1806 1314 1861 aliis
1341 1805 1528 1861 solitis
1561 1805 1943 1861 facinoribus.

2194 554 2361 613 πάλιν
2394 559 2669 635 προφῆται
2712 557 2802 613 καὶ
2831 558 3139 631 πνεύματος
3198 559 3354 634 ἁγίου
3408 560 3593 636 χάρις.
3626 559 3857 616 Μᾶλλον

2201 642 2258 701 δὲ
2296 642 2411 701 οὔδ’
2463 644 2516 701 ἐν
2564 650 2646 718 τῷ
2695 652 2871 721 καιρῷ
2908 654 3010 717 τῆς
3070 647 3463 724 αἰχμαλωσίας
3510 649 3868 728 ἐγκατελείφ-

2201 738 2324 806 θης,
2357 732 2505 789 ἀλλὰ
2531 735 2622 790 καὶ
2654 733 2765 791 ἐκεῖ
2797 735 3002 805 Δανιὴλ
3041 737 3132 791 καὶ
3187 736 3494 816 Ἰεζεχιηλ,
3554 738 3645 794 καὶ
3679 739 3733 794 ἐν
3768 740 3872 799 Αί-

2199 824 2390 900 γύπτῳ
2419 823 2685 899 Ἱερεμίας
2714 824 2806 879 καὶ
2869 827 3052 898 μέντοι
3109 826 3200 881 καὶ
3258 828 3367 900 πρὸ
3426 827 3635 882 τούτων
3697 831 3871 885 Μωυ-

2204 919 2301 983 σῆς
2324 912 2415 967 καὶ
2472 913 2682 988 Ἀαρὼν
2736 913 2790 969 ἐν
2844 919 2912 988 τῇ
2974 914 3187 989 ἐρήμῳ.
3252 918 3334 990 [Ρ.
3402 919 3533 991 228]
3596 917 3699 974 Καὶ
3758 903 3873 991 μετ’

2206 1001 2380 1058 ἐκεῖνα
2434 1002 2600 1059 πάλιν
2656 1003 2746 1060 ἐπὶ
2802 1008 2903 1073 τὴν
2977 1005 3242 1082 προτέραν
3298 1004 3601 1076 ἐπανῆλθες
3655 1008 3874 1077 κακίαν,

2204 1091 2294 1146 καὶ
2342 1087 2758 1167 ἐξεϐακχεύθης,
2810 1094 2902 1148 καὶ
2951 1094 3088 1168 πρὸς
3143 1095 3244 1162 τήν
3303 1093 3650 1165 Ἐλληνεκὴν
3710 1117 3877 1170 μετε-

2204 1181 2348 1251 ταξω
2390 1180 2673 1237 πολιτείαν
2730 1180 2818 1237 ἐπὶ
2873 1187 2970 1237 τοῦ
3022 1177 3250 1245 ἀσεϐοῦς
3311 1184 3632 1263 Ἀντιόχου.
3695 1183 3874 1242 Ἀλλά

2209 1290 2273 1345 γε
2326 1269 2417 1324 καὶ
2476 1278 2601 1325 τότε
2666 1267 3056 1345 παραδοθέντες
3110 1272 3388 1347 Ἀντιόχῳ
3443 1266 3538 1342 ἔτη
3598 1272 3749 1346 τρία,
3807 1273 3878 1327 τὰ

2211 1357 2441 1435 λαμπρά
2489 1357 2578 1414 διὰ
2633 1360 2740 1415 τῶν
2793 1355 3159 1418 Μακκαϐαίων
3212 1359 3369 1425 αὖθις
3426 1359 3692 1432 ἐστήσατε
3742 1363 3877 1437 τρό-

2211 1468 2365 1507 παια.
2429 1447 2607 1506 Ἀλλά
2658 1454 2749 1504 νῦν
2809 1453 3057 1506 τοιοῦτον
3114 1447 3295 1519 οὐδὲν,
3358 1448 3505 1505 ἀλλὰ
3561 1450 3878 1506 τούναντίον

2212 1538 2351 1592 ἅπαν
2383 1537 2625 1613 γέγονεν.
2659 1540 2726 1595 ‘0
2746 1538 2838 1593 καὶ
2889 1537 3129 1612 μάλιστα
3188 1533 3301 1595 ἔστι
3360 1539 3655 1614 θαυμάσαι,
3689 1540 3776 1595 ὅτι
3809 1542 3880 1595 τὰ

2217 1624 2310 1699 μέν
2342 1630 2443 1692 τῆς
2486 1628 2677 1689 κακίας
2708 1625 2889 1698 ἔληξε,
2920 1628 2986 1683 τὰ
3017 1625 3073 1683 δὲ
3104 1635 3204 1698 τῆς
3261 1630 3572 1702 τιμαῶρίας
3629 1629 3882 1685 ἐπιτέτα-

2211 1736 2301 1771 ται
2332 1715 2422 1771 καὶ
2483 1713 2601 1772 οὐδ’
2650 1714 2848 1772 ἐλπίδα
2877 1718 3000 1772 τινα
3059 1712 3370 1790 μεταϐολῆς
3425 1714 3565 1793 ἔχει.
3596 1719 3676 1777 Οὐ
3707 1720 3815 1795 γὰρ
3847 1740 3878 1775 ο

2139 1786 2185 1849 Β
2216 1798 2310 1875 ἔτη
2368 1803 2617 1879 παρῆλθε
2680 1807 2870 1878 μόνον,
2934 1786 3079 1862 ἀλλά
3134 1807 3227 1861 καὶ
3281 1786 3493 1879 πολλῷν
3528 1786 3758 1864 πλείονα
3785 1786 3879 1870 καὶ

468 1894 593 1952 οὐδὲ
623 1893 845 1951 ἐλπίδος
878 1895 1031 1950 σκιὰν
1062 1888 1205 1949 ἔστιν
1239 1893 1436 1967 εύρεῖν,
1494 1892 1584 1947 καὶ
1640 1896 1806 1947 ταῦτα
1863 1890 1989 1947 οὐδὲ
2040 1889 2590 1968 εἱδωλολατρούντων
2655 1895 2830 1968 ὑμῶν,
2880 1893 3005 1951 οὔτε
3063 1894 3205 1952 ἄλλο
3262 1917 3314 1951 τι
3372 1898 3674 1953 ποιούντων
3736 1897 3878 1965 ἅπερ

461 1979 767 2061 ἔμπροσθεν
802 1982 1091 2059 ἐτολμᾶτε.

542 2077 612 2131 Ut
641 2082 838 2131 autem
858 2076 1120 2146 apertius
1141 2078 1318 2145 atque
1340 2072 1576 2145 plenius
1596 2073 1710 2128 ista
1739 2088 2107 2139 enarramus,

464 2165 641 2220 altius
672 2164 848 2236 paulo
876 2178 971 2219 res
1002 2162 1324 2235 repetenda
1354 2167 1463 2218 est.
1496 2164 1604 2218 Ter
1652 2162 1714 2216 in
1765 2162 2107 2216 servitutem

461 2255 577 2311 acti
610 2260 749 2310 sunt
775 2255 985 2323 Judaei,
1018 2270 1324 2324 nunquam
1366 2269 1486 2307 non
1519 2252 1863 2325 prmdictam
1896 2269 1909 2307 :
1970 2268 2109 2308 nam

465 2344 668 2399 divina
692 2344 925 2415 justitia
954 2343 1027 2398 iis
1057 2349 1116 2397 et
1144 2348 1378 2414 tempus
1401 2348 1459 2395 et
1481 2342 1680 2397 locum
1706 2346 1764 2397 et
1784 2340 2028 2396 modum
2053 2346 2113 2396 et

472 2433 859 2489 afﬂictionem
892 2439 950 2487 et
977 2432 1237 2488 reditum
1264 2432 1498 2502 aliaque
1556 2431 1757 2486 omnia
1786 2430 2113 2486 accuratis-

470 2525 617 2579 sime
680 2524 919 2596 praadici
972 2522 1215 2578 curavit.
1255 2523 1330 2576 De
1382 2522 1573 2593 prima
1623 2537 1729 2575 seu
1773 2521 2111 2592 Egyptiaca

469 2616 622 2669 Deus
652 2614 1057 2668 Abrahamum
1081 2613 1162 2666 ita
1191 2611 1548 2682 praemonuit
1572 2652 1584 2663 .
1611 2611 1729 2664 Hoc
1752 2615 1910 2664 certo
1934 2610 2107 2677 scias,

468 2704 813 2774 progeniem
829 2706 988 2756 tuam
1012 2701 1074 2753 in
1102 2699 1414 2771 peregrino
1439 2697 1560 2753 solo
1582 2698 1937 2769 inquilinam
1961 2698 2108 2765 fore,

475 2794 875 2860 servi'uteque
910 2805 1177 2860 pressam
1209 2793 1266 2841 et
1296 2787 1582 2841 afﬂictam
1613 2787 1685 2840 iri
1736 2803 1925 2842 annos
1981 2789 2109 2840 400.

471 2879 695 2933 Saecula
728 2884 937 2947 quarto
970 2878 1081 2931 huc
1112 2875 1393 2931 redibunt
1422 2874 1487 2929 ‘3.
1521 2876 1601 2930 De
1634 2876 1896 2930 secunda
1948 2877 2108 2929 Jere-

468 2968 619 3022 mias
652 2968 733 3021 ita
778 2966 1131 3021 vaticinatus
1161 2965 1354 3019 fuerat
1389 2981 1402 3018 :
1452 2964 1543 3019 Sic
1572 2964 1729 3019 fatur
1778 2964 2064 3019 Dominus
2093 2979 2107 3017 :

462 3057 691 3112 Exactis
735 3055 1031 3127 Babylone
1090 3057 1158 3109 70
1188 3054 1361 3109 annis
1391 3070 1491 3108 vos
1546 3053 1817 3121 invisam,
1851 3069 1917 3109 ac
1974 3053 2110 3107 laeta

462 3162 595 3202 mea
624 3145 918 3217 promissa
950 3143 1230 3216 implebo.
1265 3143 1564 3198 Reducam
1595 3159 1696 3197 vos
1744 3142 1804 3196 in
1850 3142 2103 3213 patriam

2290 2073 2402 2129 Ἲνα
2453 2069 2510 2128 δὲ
2567 2094 2889 2152 σαφεστερον
2948 2074 3038 2129 καὶ
3114 2072 3558 2150 διεξοδικώτερον
3618 2077 3685 2131 τὰ
3739 2077 3867 2150 περὶ

2217 2160 2422 2216 τούτων
2485 2160 2747 2236 εἴπωμεν,
2827 2162 3026 2219 ἄνωθεν
3095 2163 3262 2220 πάλιν
3343 2164 3649 2240 ἀρξώμεθα.
3712 2168 3876 2240 Τρεῖς

2219 2246 2472 2313 δουλείας
2531 2252 2830 2322 ὑπέστησαν
2887 2253 2939 2307 οἱ
2999 2250 3255 2309 Ἰουδαῖοι
3308 2253 3730 2333 χαλεπωτάτας,
3780 2256 3876 2310 καὶ

2220 2336 2345 2394 ούδέ
2378 2339 2502 2413 μίαν
2537 2340 2710 2415 χωρίς
2759 2340 3118 2417 προῤῥήσεως
3173 2341 3361 2404 αὐτοῖς
3392 2341 3660 2419 ἐπήγαγεν
3686 2346 3720 2413 ἡ
3756 2345 3876 2398 θεία

2220 2424 2345 2498 δίκη
2382 2473 2396 2500 ,
2448 2428 2595 2485 ἀλλά
2647 2428 3028 2505 προλεχθῆναι
3110 2431 3503 2506 παρεσκεύασεν
3562 2431 3750 2497 αὐτοῖς
3780 2441 3876 2487 καί

2217 2517 2382 2571 τόπον
2437 2518 2525 2572 καὶ
2559 2518 2754 2594 χρόνον
2810 2521 2898 2574 καὶ
2951 2520 3155 2594 τρόπον
3210 2520 3301 2575 καὶ
3353 2522 3594 2576 κάκωσιν
3652 2520 3741 2575 καὶ
3771 2523 3877 2590 τὴν

2220 2603 2475 2662 ἐπάνοδον
2507 2606 2805 2664 καὶτᾶλλα
2852 2609 3029 2664 πάντα
3088 2610 3221 2681 μετᾶ
3288 2609 3507 2680 πολλῆς
3568 2606 3873 2687 ἀκριϐείας·

2220 2693 2317 2749 Καὶ
2351 2694 2473 2770 περὶ
2507 2697 2601 2768 μὲν
2630 2703 2728 2766 τῆς
2768 2695 2819 2751 ἐν
2879 2699 3140 2773 Αἰγύπτῳ
3197 2699 3423 2773 πρώτης
3479 2696 3873 2774 διαλεγόμενος

2219 2784 2248 2837 ὁ
2281 2783 2409 2844 Θεὸς
2439 2784 2611 2846 οὕτως
2642 2781 2743 2859 ἔφη
2774 2789 2853 2857 τῷ
2908 2781 3179 2859 Ἀϐραὰμ*
3243 2792 3527 2843 Γινώσκων
3587 2789 3755 2864 γνῶθι
3790 2790 3877 2843 ὅτι

2218 2869 2478 2941 πάροικον
2513 2866 2659 2923 ἐσται
2689 2871 2753 2924 τὸ
2784 2869 3000 2945 σπέρμα
3055 2892 3151 2925 σου
3191 2871 3243 2927 ἐν
3299 2876 3371 2947 γῇ
3431 2872 3719 2949 ἀλλοτρίᾳ,
3779 2874 3873 2928 καὶ

2220 2953 2592 3012 δουλώσουσιν
2653 2958 2781 3013 αὐτὸ
2860 2963 2949 3015 καὶ
3012 2962 3344 3017 κακώσουσιν
3409 2958 3502 3031 ἔτη
3561 2961 3871 3036 τετρακσία,

2216 3046 2447 3123 τετάρτῃ
2482 3044 2538 3102 δὲ
2569 3051 2700 3124 γενῇ
2746 3046 3058 3106 ἐλεύσονται
3118 3048 3245 3107 ὦδε.
3305 3052 3434 3126 Περὶ
3492 3048 3550 3106 δὲ
3598 3054 3697 3124 τῇς
3751 3054 3878 3106 δευ-

2213 3135 2368 3209 τέρας
2438 3135 2579 3190 εἶπεν
2630 3136 2915 3212 Ἱερεμίας·
3002 3140 3192 3202 Οὕτως
3251 3141 3371 3195 εἷπε
3422 3140 3644 3215 Κύριος·
3705 3142 3873 3197 ’Ὀταν

463 3237 746 3291 servitute
776 3235 1084 3298 liberatos,
1135 3232 1531 3304 colligamque
1556 3248 1659 3286 vos
1707 3248 1778 3285 ex
1826 3231 2106 3286 omnibus

2222 3226 2401 3301 μέλλῃ
2435 3224 2779 3302 πληροῦσθαι
2836 3232 2905 3293 τῇ
2935 3223 3227 3285 Βαϐυλῶνι
3258 3230 3304 3284 ο’
3335 3223 3454 3299 ἔτη,
3507 3228 3876 3303 ἐπισκέψομαι

462 3327 698 3396 populis
730 3330 789 3379 et
817 3324 963 3378 locis
994 3339 1111 3393 quo
1146 3339 1247 3377 vos
1279 3321 1652 3391 disjeceram,
1686 3320 1879 3389 inquit
1911 3321 2107 3374 Domi-

464 3429 577 3467 nus
599 3412 665 3481 4‘,
701 3412 846 3466 401
886 3428 953 3466 ac
979 3410 1288 3465 restituam
1319 3426 1419 3464 vos
1449 3426 1518 3465 eo
1544 3408 1705 3463 unde
1736 3425 1835 3463 vos
1866 3407 2105 3464 abduxi.

470 3502 605 3555 Hcec
664 3516 799 3573 ergo
830 3499 948 3555 duo
980 3498 1188 3554 exsilia
1217 3498 1570 3569 compendio
1602 3502 1742 3553 sunt
1786 3497 2111 3568 explicata;

475 3596 650 3661 atque
674 3589 847 3661 juxta
878 3604 947 3643 ea
958 3588 1197 3644 oracula
1212 3588 1689 3659 eveneruntipsis
1701 3603 1894 3657 neque
1916 3587 2114 3658 gravia

478 3680 623 3735 adeo
656 3695 849 3749 neque
883 3679 1414 3750 insperata.Restat
1442 3677 1755 3732 uttertiam
1785 3677 2113 3731 referamus

476 3768 876 3825 calamitatem
908 3784 1210 3837 eorum,ac
1236 3766 1454 3822 deinde
1486 3766 1557 3822 de
1588 3772 1799 3837 quarta
1822 3765 2109 3833 dicamus,

470 3860 532 3914 in
562 3876 682 3930 qua
711 3858 1005 3929 hodieque
1036 3863 1215 3927 sunt;
1270 3857 1867 3927 demonstremusque
1907 3861 2110 3927 aperte

469 3949 773 4004 neminem
804 3952 1003 4004 vatum
1035 3948 1109 4002 iis
1141 3945 1428 4002 malorum
1450 3945 2112 4018 velmitigationem,ne—

468 4038 610 4092 dum
642 4037 823 4093 finem
853 4035 1219 4108 promisisse.

465 4124 654 4194 τρίτην
708 4127 999 4200 ἐπαγαγεῖν
1034 4167 1049 4181 .

2224 3316 2386 3388 ὑμᾶς,
2416 3316 2506 3371 καὶ
2535 3314 2817 3387 ἐπιστῆσω
2847 3316 2929 3395 ἐφ’
2953 3319 3094 3391 ὑμᾶς
3124 3317 3251 3380 τοὺς
3281 3317 3515 3394 ἀγαθοὺς
3549 3316 3743 3394 λόγους
3768 3340 3873 3391 μου

2219 3410 2318 3460 τοῦ
2363 3406 2696 3480 ἀποστρέψαι
2746 3406 2819 3469 εἰς
2849 3407 2942 3461 τὸν
2985 3407 3153 3462 τόπον
3212 3408 3391 3481 ὑμῶν,
3423 3408 3512 3462 καὶ
3570 3405 3875 3483 ἐπιστρέψω

2222 3497 2322 3564 τήν
2353 3494 2738 3571 αἰχμαλωσίαν
2774 3496 2951 3569 ὑμῶν,
2984 3496 3072 3552 καὶ
3124 3496 3361 3571 ἀθροίσω
3395 3497 3531 3569 ὑμᾶς
3563 3497 3623 3551 ἐκ
3648 3502 3754 3551 τῶν
3789 3495 3878 3550 ἐθ-

2220 3589 2324 3639 νῶν
2354 3585 2570 3640 πάντων
2594 3585 2681 3639 καὶ
2717 3583 2776 3640 ἐκ
2804 3588 2911 3640 τῶν
2949 3585 3131 3640 τύπων
3184 3586 3338 3659 ὑμῶν
3371 3586 3611 3656 πάντων,
3644 3584 3725 3657 οὗ,
3762 3583 3875 3640 διέ-

2224 3693 2416 3748 σπειρα
2446 3674 2584 3746 ὑμᾶς
2618 3672 2747 3743 ἐκεῖ,
2779 3672 2910 3748 φησῖ
2957 3672 3178 3748 Κύριος.
3242 3674 3339 3731 Κα²
3394 3673 3700 3749 ἐπιστρέψω
3730 3674 3875 3747 ὒμᾶς

2222 3763 2299 3825 εἷς
2355 3763 2447 3818 τὸν
2496 3764 2662 3817 τόπον
2721 3763 2838 3817 ὅθεν
2897 3762 3146 3835 ἀπῴκισα
3204 3762 3298 3825 ύᾶς
3365 3763 3584 3827 ἐκεῖθεν.
3639 3765 3742 3818 Δύο
3778 3764 3874 3836 μὲν

2219 3854 2472 3914 τοιαύτας
2512 3849 2761 3915 δουλείας
2818 3853 2846 3906 ὁ
2903 3851 3071 3926 λόγος
3135 3849 3222 3907 διὰ
3283 3854 3545 3927 συντόρου
3603 3850 3873 3923 ἀπέδειξε,

2224 3943 2356 4016 μετᾶ
2386 3940 2718 4018 προφητείας
2747 3939 3076 4003 ἐπελθούσας
3130 3941 3340 4011 αὐτοῖς,
3390 3942 3479 3997 καὶ
3539 3942 3645 4018 ούχ
3674 3941 3866 4004 ἁπλῶς

2220 4029 2346 4087 οὐδὲ
2403 4027 2854 4106 ἀπροσδοκήτως.
2916 4030 3170 4086 Λείπεται
3220 4030 3312 4087 οὖν
3374 4030 3440 4102 δὴ
3501 4031 3696 4088 λοιπὸν
3763 4033 3864 4100 τήν

1111 4124 1242 4179 Εἶτα
1305 4123 1395 4177 καὶ
1464 4120 1588 4197 περὶ
1644 4125 1745 4187 τῆς
1804 4126 1895 4175 νῦν
1953 4122 2214 4196 τετάρτης
2270 4120 2613 4195 κατεχούσης
2673 4119 2869 4181 αὐτοὺς
2925 4119 3095 4175 εἴπεῖν
3154 4117 3257 4188 δεῖ,
3314 4123 3403 4176 καὶ
3463 4118 3630 4191 δεῖξαι
3690 4125 3874 4198 σαφῶς

470 4210 611 4272 ὅτως
638 4210 767 4266 οὐδὲ
797 4211 874 4275 εἰς
901 4212 1193 4287 προφήτης
1223 4207 1590 4284 ἐπηγγείλατο
1642 4207 1796 4263 λύσιν
1851 4204 2062 4273 ἔσεσθαί
2120 4230 2238 4265 τινα
2301 4212 2409 4263 τῶν
2468 4205 2808 4286 κατεχόντων
2854 4205 3047 4270 αὐτοὺς
3105 4213 3285 4263 κακῶν
3347 4205 3469 4264 οὔτε
3527 4211 3638 4283 μὴν
3695 4208 3876 4264 ἀπαλ-

471 4297 649 4375 λαγὴν
680 4299 742 4353 τὸ
773 4296 1025 4355 συνολον.

541 4391 680 4454 Quaa
712 4405 849 4461 ergo
882 4394 971 4444 est
995 4389 1213 4445 tertia?
1244 4390 1309 4444 In
1341 4405 1520 4459 quam
1551 4388 1624 4444 ab
1655 4389 1945 4444 Antiocho
1977 4388 2107 4460 Epi-

2290 4387 2388 4449 Τίς
2411 4385 2501 4440 οὗν
2536 4384 2678 4441 ἐστιν
2718 4386 2753 4457 ἠ
2784 4384 2942 4461 τρίτη
2979 4406 2993 4455 ;
3030 4387 3095 4443 Ἡ
3124 4385 3211 4441 ἐπὶ
3243 4386 3533 4466 Ἀντιόχου
3565 4390 3661 4444 τοῦ
3721 4389 3875 4444 Ἐπι-

474 4476 669 4548 phane
701 4482 843 4531 sunt
872 4477 1147 4549 conjecti.
1180 4479 1407 4532 Mortuo
1440 4477 1599 4532 enim
1630 4476 1964 4533 Alexandro
1997 4478 2113 4531 Ma-

472 4565 767 4621 cedonum
795 4582 1027 4634 rege,eo
1059 4566 1363 4637 qui,Dario
1397 4566 1778 4634 victo,rerum
1819 4582 2114 4621 summam

474 4655 548 4711 ad
579 4671 642 4710 se
671 4654 1077 4723 transtulerat,
1104 4655 1276 4709 multi
1302 4661 1509 4727 postea
1539 4671 1707 4726 reges
1737 4656 2112 4711 exstiterunt.

473 4745 555 4801 Ex
587 4744 803 4816 quibus
854 4749 1017 4798 ortus
1049 4744 1228 4799 etiam
1277 4744 1604 4799 Antiochus
1633 4743 1735 4798 ille
1777 4742 1952 4815 longo
1984 4747 2118 4815 post

476 4840 737 4906 tempore
764 4832 1053 4904 templum
1086 4832 1433 4898 combussit,
1468 4838 1739 4888 sanctum
1770 4831 2010 4903 adytum
2026 4848 2117 4887 va-

476 4924 668 4987 stavit,
701 4922 991 4977 sacrificia
1021 4922 1298 4990 abolevit,
1327 4923 1560 4978 Judaaos
1592 4921 1845 4994 subegit,
1879 4938 2117 4977 eorum-

476 5029 589 5083 que
622 5029 748 5067 rem
780 5011 1082 5083 publicam
1104 5012 1472 5067 evertitllaac
1493 5012 1696 5067 omnia
1716 5011 2113 5079 exactissime,

473 5102 653 5157 etiam
685 5101 915 5156 dierum
947 5116 1196 5156 numero
1226 5101 1469 5171 praecise
1500 5106 1803 5167 annotato,
1838 5101 2117 5157 Danielus

471 5191 765 5261 praedixit,
799 5190 1036 5262 quando
1087 5190 1339 5263 singula,
1373 5190 1495 5263 qui,
1555 5207 1661 5262 per
1691 5207 1869 5262 quem
1913 5196 1971 5247 et
1999 5208 2115 5262 quo

474 5281 651 5334 modo
692 5288 895 5336 essent
923 5282 1144 5350 futura,
1176 5298 1353 5353 quem
1386 5281 1591 5347 finem,
1625 5298 1803 5353 quam
1836 5282 2117 5338 mutatio-

473 5384 612 5422 nem
650 5369 945 5427 habitura.
980 5372 1113 5427 [haec
1144 5370 1432 5442 liquidius
1461 5386 1799 5441 cognosces,
1834 5372 1880 5426 si
1914 5372 2121 5427 Danie-

474 5457 652 5513 licam
702 5458 990 5515 visionem
1041 5460 1248 5516 audias
1298 5461 1539 5533 exponi.
1580 5462 1646 5516 In
1678 5478 1796 5532 qua
1825 5467 1982 5516 vates
2013 5478 2120 5533 per

540 5663 587 5700 ⁸³
617 5666 759 5722 Gen.
797 5681 890 5729 xv,
928 5666 1011 5730 l3,
1042 5666 1127 5717 M.
1203 5666 1248 5699 “
1275 5666 1396 5720 Jer.
1430 5683 1544 5734 χιι,
1578 5666 1664 5721 10.

2224 4481 2444 4556 φανοῦς.
2497 4473 2720 4546 Ἐπειδὴ
2778 4478 2883 4552 γὰρ
2939 4476 3290 4552 Ἀλέξανδρος
3322 4480 3488 4533 ὁτῶν
3548 4476 3875 4536 Μακεδόνων

2228 4564 2483 4642 βασιλεὺς
2536 4572 2754 4642 Δαρεῖον
2838 4566 3080 4622 καθελὼν
3168 4567 3243 4628 εἷς
3316 4568 3504 4622 ἑαυτὸν
3553 4569 3871 4642 περιέστησε

2222 4655 2322 4723 τὴν
2355 4653 2557 4729 ἀρχην,
2589 4653 3010 4726 τελευτήσαντος
3069 4654 3265 4711 τούτου
3296 4654 3504 4711 πολλοὶ
3563 4658 3679 4728 μετ’
3738 4656 3871 4710 ἐκεῖ·

2225 4766 2318 4800 νον
2347 4743 2593 4819 ἐγένοντο
2631 4744 2874 4822 βασιλεῖς
2905 4745 2996 4823 ἀφ’
3026 4746 3098 4801 ὧν
3149 4747 3226 4810 εἷς
3257 4747 3346 4801 καὶ
3405 4745 3563 4810 οὗτος
3592 4747 3619 4801 ὃ
3653 4746 3868 4802 Ἀντίο-

2225 4852 2328 4910 χος
2362 4831 2496 4905 μετά
2536 4831 2710 4888 πολὺν
2742 4833 2962 4908 ὕστερον
2992 4832 3193 4908 χρόνον
3226 4854 3289 4888 το
3318 4854 3377 4888 τε
3407 4834 3551 4909 ἱερὸν
3582 4831 3868 4907 ἐνέπρησε,

2229 4923 2291 4976 τα
2318 4942 2377 4978 τε
2405 4930 2571 4998 *Αγια
2598 4927 2707 4978 τῶν
2739 4920 2913 4997 ἁγίων
2968 4925 3251 4997 ἡρςομωσε,
3313 4923 3404 4986 τάς
3450 4944 3508 4979 τε
3561 4922 3746 4987 θυσίας
3773 4943 3873 4978 κα-

2225 5009 2394 5078 θεῖλε,
2424 5010 2549 5073 τούς
2578 5032 2633 5066 τε
2665 5008 2960 5074 Ἰουδαίους
3005 5012 3247 5085 ὑπέταξε,
3279 5013 3369 5067 καὶ
3434 5014 3534 5083 τήν
3589 5012 3874 5068 πολιτείαν

2228 5098 2402 5154 αὐτῶν
2431 5099 2693 5155 κατέλυσε
2722 5104 2923 5158 πᾶσαν.
2990 5101 3087 5154 Καὶ
3128 5105 3298 5157 ταῦτα
3328 5102 3501 5156 πάντα
3540 5102 3674 5175 μετᾶ
3729 5102 3877 5176 ἀκρι-

2228 5184 2375 5252 ϐείας
2430 5188 2638 5260 ἀπάσης
2685 5190 2773 5244 καὶ
2835 5187 3002 5265 μέχρι
3063 5194 3190 5262 μιᾶς
3239 5190 3447 5265 ἡμέρας
3504 5192 3879 5265 προηγόρευτο

2225 5280 2373 5353 παρά
2403 5283 2501 5335 τοῦ
2530 5276 2760 5348 Δανιήλ,
2810 5278 2899 5334 καὶ
2946 5278 3078 5334 πότε
3131 5274 3277 5335 ἔσται
3308 5279 3397 5336 καὶ
3428 5283 3547 5341 πῶς
3603 5280 3693 5334 καὶ
3734 5279 3878 5353 παρὰ

2225 5369 2334 5424 τίνι
2376 5368 2465 5423 καὶ
2507 5367 2613 5423 τίνι
2670 5367 2879 5443 τρόπῳ,
2940 5370 3020 5442 [Ρ.
3058 5371 3190 5442 220]
3245 5370 3333 5424 καὶ
3384 5374 3494 5422 ποῦ
3542 5366 3880 5439 τελευτήσει,

2226 5458 2315 5512 καὶ
2377 5456 2500 5512 τίνα
2582 5454 2816 5532 λήψεται
2878 5452 3209 5531 μεταϐολήν.
3269 5456 3490 5521 Eiet-:30:
3558 5457 3880 5535 σαφέστερον
