4194 6198
362 394 477 453 441

1459 383 2015 449 HISTORIARUM
2060 384 2606 451 GOMPENDIUM.

3656 395 3775 453 442

362 526 532 592 αὐτῆς
593 519 915 584 ἀκούσαντες
962 527 1064 591 τῆς
1130 520 1389 596 ὁράσεως,
1447 521 1480 575 ἃ
1545 517 1635 575 διὰ
1690 511 2002 592 παραϐολῆς

2125 520 2404 595 ambages
2433 524 2677 580 nomine
2708 525 2911 581 arietis
2946 525 3188 581 Darium
3219 541 3418 598 regem
3456 527 3772 585 Persarum

366 616 496 690 ὑμῖν
524 614 554 669 6
586 613 878 690 προφήτης
907 611 1220 688 ἀνήγγειλε.
1254 614 1420 689 Κριὸν
1458 612 1552 686 μὶν
1579 609 1739 667 καλεῖ
1766 609 1856 664 τὸν
1902 611 2011 663 τῶν

369 707 590 777 Περσῶν
624 700 850 778 βασιλέα
881 706 1124 776 Δαρεῖον,
1153 705 1357 779 τράγον
1389 698 1446 758 δί
1474 702 1565 758 τὸν
1596 705 1705 757 τῶν
1729 696 2016 768 Ἐλλήνων

367 788 747 866 Ἀλὲξανδρον,
799 789 1025 866 βασιλέα
1081 796 1189 846 τῶν
1243 788 1589 849 Μακεδόνων.
1648 789 1895 863 Τέσσαρα
1943 784 2010 856 δὴ

365 881 564 955 κέρατα
598 878 741 954 λέγει
778 877 907 942 τοὺς
968 880 1085 953 μετ⁹
1134 878 1337 935 ἰκεῖνον
1390 879 1733 948 ἀναστάντας,
1792 876 1882 952 ἀφ’
1936 875 2010 930 ὧν

362 970 585 1045 ὕστερον
644 969 804 1044 γὲρας
859 967 1018 1031 αὐτὸς
1075 969 1104 1024 6
1170 970 1462 1046 Ἀντίοχος
1501 963 1623 1027 ἔφυ.
1683 967 1827 1036 Φησὶ
1883 965 2011 1041 γάρ’

362 1055 525 1117 Εἶδον
561 1057 613 1115 ἐν
654 1059 913 1134 ὁράματι,
943 1057 1034 1113 καὶ
1067 1055 1185 1113 ἴδοὺ
1215 1059 1370 1135 κριὸς
1418 1058 1686 1129 ἑστηκὼς,
1730 1056 1821 1112 καὶ
1866 1053 2013 1128 αὐτῷ

359 1149 561 1223 κέρατα
611 1146 820 1221 ὑψηλὰ,
874 1147 967 1203 καί
1021 1149 1086 1202 τὸ
1140 1141 1195 1202 ἔν
1249 1148 1588 1222 ὑψηλότερον
1645 1150 1744 1202 τοῦ
1801 1144 2010 1221 ὲτὲρου.

361 1237 467 1294 Καὶ
508 1236 574 1290 τὸ
636 1232 849 1310 ὑψηλὸν
908 1230 1184 1292 ἀνέϐαινεν
1235 1235 1319 1293 ἐπ’
1376 1235 1643 1313 ἐσχάνων.
1704 1235 1810 1291 Καὶ
1866 1231 2010 1289 εἶδον

359 1325 455 1380 τὸν
508 1324 664 1400 κριὸν
714 1325 1061 1398 κερατίζοννα
1117 1325 1256 1380 κατά
1338 1323 1606 1389 θάλασσαν
1660 1324 1752 1379 καὶ
1812 1319 2013 1398 βορρᾶν

353 1413 448 1469 καὶ
480 1412 661 1482 νότον,
691 1411 784 1467 καὶ
815 1411 885 1467 τά
926 1411 1091 1488 θηρία
1136 1411 1312 1467 πάντα
1369 1411 1431 1468 οὖ
1490 1414 1745 1484 στήσεται
1785 1409 2014 1465 ἐνώπιον

354 1503 550 1569 αὐτοῦ,
605 1500 697 1556 καὶ
755 1500 856 1556 οὐκ
910 1501 978 1571 ἦν
1033 1502 1063 1556 6
1118 1501 1500 1576 ἐξαιρούμενος
1553 1500 1614 1557 ἐκ
1666 1499 1854 1576 χειρὸς
1910 1497 2012 1554 αὖ·

356 1594 480 1647 τοῦ.
512 1590 616 1647 Καὶ
656 1589 879 1661 ἐποίησε
930 1590 1070 1645 κατὰ
1119 1590 1184 1645 τὸ
1241 1588 1458 1664 θέλημα
1512 1590 1682 1645 αὐτοῦ
1737 1589 1827 1643 καὶ
1887 1587 2011 1662 ἐμε-

357 1684 631 1760 γαλῦνθη.
663 1686 776 1754 Τὴν
827 1682 1058 1759 δύναμιν
1116 1683 1268 1760 λέγει
1305 1687 1405 1755 τήν
1452 1685 1741 1760 Περσικὴν,
1770 1679 1808 1753 ἤ
1838 1688 2009 1738 πᾶσαν

361 1771 639 1850 ἐπέδραμε
665 1776 767 1844 την
804 1780 931 1849 γῆν.
962 1774 1099 1831 Εἶτα
1152 1775 1279 1848 περὶ
1332 1779 1429 1829 ττῦ
1486 1768 1797 1834 Μακεδόνος
1854 1768 2014 1829 Ἀλε-

2116 615 2301 680 notat,
2351 611 2501 669 hirci
2574 615 2909 670 Graecorum
2983 614 3487 688 Macedonumque
3572 632 3771 689 regem

2116 700 2535 767 Alexandrum.
2581 706 2616 759 4
2645 721 2938 760 cornuum
2988 720 3152 777 reges
3206 706 3305 777 qui
3360 706 3413 760 ei
3468 723 3774 764 successe-

2116 796 2293 858 runt;
2325 790 2399 846 de
2430 792 2646 864 quibus
2676 799 2972 865 posterius
2998 809 3183 849 cornu
3215 800 3457 850 enatum
3504 801 3613 861 est,
3646 799 3769 851 An-

2116 879 2349 935 tiochus
2380 881 2683 936 nimirum.
2722 882 2909 938 Verba
2936 882 3067 954 ejus
3097 888 3236 937 sunt
3264 900 3277 937 :
3315 883 3439 939 Vidi
3487 884 3769 941 divinitus

2115 975 2500 1040 apparentem
2528 970 2840 1026 visionem.
2873 972 3020 1027 Ecce
3070 972 3262 1027 stabat
3292 973 3443 1029 aries
3485 973 3765 1030 cornibus

2117 1056 2309 1126 elatis,
2342 1075 2596 1130 quorum
2627 1077 2812 1117 unum
2842 1066 2969 1117 erat
3013 1060 3200 1117 altero
3236 1061 3568 1131 sublimius,
3612 1064 3765 1119 402

2115 1146 2295 1217 idque
2327 1149 2652 1220 posteriore
2684 1150 2811 1206 loco
2841 1149 3139 1223 surgebat.
3177 1150 3421 1222 Vidique
3457 1168 3589 1206 eum
3637 1169 3770 1207 cor-

2118 1235 2295 1292 nibus
2323 1236 2506 1294 ictum
2538 1238 2813 1295 edentem
2862 1239 3141 1295 adversus
3185 1255 3372 1310 mare,
3422 1241 3765 1311 aquilonem

2118 1331 2175 1380 et
2230 1332 2537 1393 austrum;
2586 1345 2780 1400 neque
2836 1328 3028 1384 ullum
3074 1328 3294 1385 animal
3344 1335 3575 1401 poterat
3630 1334 3765 1386 ante

2116 1431 2253 1469 eum
2276 1415 2619 1485 subsistere,
2654 1433 2846 1489 neque
2880 1424 3008 1474 erat
3047 1418 3149 1490 qui
3179 1418 3252 1473 ab
3285 1434 3352 1474 eo
3401 1417 3765 1475 defenderet.

2116 1506 2319 1576 Itaque
2346 1522 2453 1561 suo
2483 1506 2773 1563 arbitratu
2803 1508 3015 1580 agebat
3042 1525 3111 1564 ac
3159 1510 3510 1581 magniﬁcus
3540 1514 3668 1565 erat
3700 1508 3766 1568 ⁴³.

2116 1594 2218 1650 His
2274 1594 2468 1650 verbis
2524 1597 2877 1668 exprimitur
2926 1613 3175 1671 regnum
3224 1598 3547 1666 Persicum,
3599 1599 3767 1669 cujus

2115 1685 2382 1756 potentia
2407 1684 2613 1741 orbem
2661 1692 2950 1742 terrarum
2999 1692 3309 1759 pervagata
3349 1693 3458 1743 est.
3494 1687 3634 1743 Inde
3678 1688 3768 1743 lo-

2117 1773 2321 1844 quitur
2350 1772 2423 1827 de
2450 1773 2784 1830 Alexandro
2828 1774 3145 1830 Macedone
3174 1792 3187 1841 ;
3222 1777 3366 1831 Ecce
3411 1782 3609 1832 autem
3642 1777 3767 1831 hir-

357 1859 593 1937 ξάνδρου
642 1860 1033 1937 διαλεγόμενός
1060 1882 1213 1942 φησι·
1256 1863 1359 1920 Καὶ
1420 1860 1538 1917 ἰδοὺ
1589 1861 1788 1938 τράγος
1838 1859 2002 1935 αῗγῶν

2117 1878 2222 1917 cus
2251 1862 2532 1934 caprinus
2564 1863 2875 1935 ingruebat
2905 1880 2941 1920 a
2968 1870 3133 1936 parte
3161 1880 3278 1936 qua
3307 1865 3494 1936 spirat
3512 1865 3762 1934 Africus,

351 1952 565 2028 ἤρχετο
617 1950 727 2006 ἀπὸ
784 1944 953 2013 Λιϐὸς
1011 1951 1110 2006 καὶ
1165 1951 1254 2006 ini
1311 1952 1604 2026 πρόσωπον
1655 1950 1835 2021 πάσης
1903 1955 2004 2019 τῆς

349 2047 481 2117 γῆς,
509 2043 601 2096 καὶ
633 2039 733 2096 οὐκ
759 2041 829 2111 ἦν
859 2039 1166 2115 ἁπτόμενος
1192 2047 1293 2111 τῆς
1349 2046 1473 2116 γῆς,
1532 2040 1631 2095 Καὶ
1687 2043 1768 2113 τῷ
1823 2038 2006 2115 τράγῳ

350 2127 546 2202 ἐκείνῳ
599 2129 760 2205 κέρας
815 2129 1103 2205 ἐθεωρείτο
1157 2130 1258 2185 ἆνᾶ
1318 2130 1479 2202 μέσον
1533 2134 1643 2184 τῶν
1701 2127 2002 2206 ὀφθαλμῶν

351 2217 543 2274 αὐτοῦ.
580 2220 714 2275 Εἶτα
743 2216 922 2296 λέγων
953 2220 1053 2288 τήν
1087 2219 1224 2293 πρὸς
1270 2224 1494 2294 Δαρεῖον
1541 2213 1865 2295 προσϐολὴν
1911 2218 2005 2273 καὶ

352 2303 650 2381 συμϐολήν
734 2308 902 2364 αὐτοῦ
957 2307 1255 2386 γενομένην
1312 2309 1402 2364 καὶ
1458 2311 1557 2380 τὴν
1613 2309 1751 2364 κατὰ
1803 2307 2002 2381 κράτος

349 2396 539 2468 νίκην,
570 2396 767 2466 Ἦλθε,
798 2396 986 2471 φησίν,
1015 2398 1044 2452 6
1074 2396 1275 2475 τράγος
1322 2394 1427 2460 ἓως
1455 2402 1555 2453 τοῦ
1606 2401 1765 2473 κριοῦ
1810 2401 1909 2451 τοῦ
1938 2395 2004 2451 τά

350 2486 556 2561 κίρατα
587 2482 837 2561 ἔχοντος,
867 2486 957 2542 καὶ
982 2487 1256 2562 ἠγριώθη,
1289 2486 1382 2542 καὶ
1438 2484 1627 2541 ἔπαισε
1682 2487 1773 2541 τὸν
1827 2484 2003 2560 κριὸν,

349 2574 445 2629 καὶ
476 2575 794 2650 συνέτριψεν
822 2574 1104 2655 ἀμφότερα
1130 2575 1197 2630 τὰ
1227 2575 1427 2651 κέρατα
1455 2573 1640 2641 αὐτοῦ,
1670 2574 1761 2629 καὶ
1801 2573 1906 2628 οὐκ
1933 2573 1999 2641 ἦν

350 2663 382 2717 6
411 2662 796 2739 ἐξαιρούμενος
825 2663 885 2719 ἐκ
914 2665 1100 2738 χειρὸς
1129 2663 1315 2720 αὐτοῦ.
1364 2665 1588 2721 Ἔπειτα
1638 2660 2002 2739 διηγούμενος

347 2754 450 2822 τὴν
512 2750 872 2828 Ἀλεξάνδρου
927 2752 1186 2823 τελευτὴν
1258 2754 1349 2808 καὶ
1403 2755 1502 2823 τὴν
1565 2757 1674 2809 τῶν
1730 2752 2000 2828 τεσσάρων

350 2841 628 2917 βασιλέων
661 2839 956 2921 διαδοχήν,
1010 2841 1194 2920 ἐπάγει
1247 2842 1443 2919 λέγων.
1480 2843 1584 2901 Καὶ
1612 2842 1665 2898 ἐν
1718 2847 1797 2914 τῷ
1844 2842 2003 2918 ἰσχῦ-

345 2951 442 2986 σαι
470 2930 635 2987 αὖτὸν
668 2926 987 3007 συντετρίϐη
1034 2933 1098 2988 τὸ
1143 2934 1303 3005 κέρας
1347 2931 1410 2988 τὸ
1471 2931 1634 3008 μέγα,
1689 2932 1781 2987 καὶ
1836 2927 1999 3003 άνὲϐη

345 3022 552 3094 κέρατα
608 3019 839 3096 τέσσαρα
895 3022 1241 3088 ὑποκάτωθεν
1296 3023 1484 3093 αὐτοῦ,
1554 3023 1635 3085 εἲς
1704 3023 1831 3080 τοὺς
1888 3023 2004 3078 τὲσ-

346 3129 517 3185 σαρας
572 3109 805 3184 ἀνέμους
859 3115 959 3167 τοῦ
1010 3111 1267 3188 οὐρανοῦ.
1320 3114 1594 3169 Ἐντεῦθεν
1654 3109 1853 3168 λοιπὸν
1912 3110 1999 3167 ἐπὶ

344 3201 450 3268 τήν
475 3198 773 3275 Ἀντιόχου
829 3198 1108 3276 βασιλείαν
1164 3198 1365 3271 ἐλθὼν,
1419 3202 1511 3256 καὶ
1551 3197 1757 3263 δεικνὺς
1809 3201 1893 3255 ὃτι
1948 3199 1999 3271 ἐξ
2031 3242 2074 3307 C

347 3288 365 3307 ι
414 3289 429 3305 ι
526 3285 541 3307 ν
619 3287 631 3307 ρ
832 3292 860 3305 ρ.
1082 3289 1097 3307 1
1274 3287 1289 3307 ν
1363 3289 1377 3307 ι
1517 3288 1559 3307 η
1802 3289 1814 3307 .
1894 3294 1938 3307 ..
1981 3288 1995 3307 ι

347 3288 470 3349 ἑνὸς
522 3285 735 3343 ἐκείνων
792 3292 901 3343 τῶν
942 3289 1212 3364 τεσσάρων
1269 3287 1401 3360 ἐστὶ,
1459 3288 1626 3345 πάλιν
1682 3289 1833 3367 φησί’
1891 3288 1998 3345 Καὶ

343 3375 572 3451 ἐξῆλθεν
613 3375 674 3432 ἐκ
701 3381 798 3432 τοῦ
827 3375 941 3439 ἐνὸς
974 3377 1220 3454 ἰσχυρὸν,
1276 3378 1368 3432 καὶ
1408 3376 1753 3455 ἐμεγαλόνθη
1811 3399 2004 3455 περισ-

343 3472 459 3529 σῶς
514 3468 653 3542 πρὸς
709 3467 867 3522 νότον
907 3468 1172 3543 καὶπρὸς
1229 3467 1521 3540 ἀνατολήν.
1577 3470 1675 3524 Καὶ
1713 3468 1998 3543 σημαίνων

342 3558 434 3612 δτι
464 3555 565 3623 τὴν
610 3553 921 3626 Ἰουδαῖκήν
982 3556 1268 3612 πολιτείαν
1321 3556 1560 3628 καθελεῖ,
1622 3558 1831 3636 φάσκει⁸
1894 3557 1999 3614 Καὶ

342 3644 418 3700 δι’
472 3644 636 3699 αὐτὸν
699 3644 858 3700 θυσία
913 3645 1190 3721 ἐταράχθη
1250 3646 1674 3723 παραπτώματι,
1735 3648 1823 3703 καὶ
1884 3645 1998 3724 ἐγε-

340 3734 485 3804 νήθη
544 3734 636 3789 καὶ
690 3731 1056 3805 κατευωδώθη
1113 3734 1265 3795 αὐτό.
1339 3735 1437 3790 Καὶ
1509 3736 1573 3791 τὸ
1657 3734 1809 3811 ἅγιον
1867 3735 1998 3811 ἐρη-

345 3824 689 3897 μωθήσεται,
719 3825 807 3879 καὶ
851 3826 1131 3901 γενήσεται
1178 3825 1301 3900 περὶ
1352 3826 1451 3894 τήν
1504 3824 1688 3880 θυσίαν
1737 3825 1994 3900 ἁμαρτία.

337 3915 451 3968 Τοῦ
477 3912 581 3986 γάρ
624 3913 820 3987 βωμοῦ
848 3913 1261 3987 καθαιρεθίντος
1326 3913 1417 3968 καὶ
1454 3918 1564 3969 τῶν
1611 3912 1777 3988 ἁγίων
1825 3934 1993 3970 κατα-

334 4002 685 4072 πατηθέντων
717 3999 951 4057 εἴδωλον
972 3994 1190 4072 ἔστησεν
1222 3996 1394 4072 ἔνδον,
1438 4003 1528 4058 καὶ
1584 4001 1768 4057 θυσίαν
1819 4002 1996 4060 ἐπετὲ-

343 4088 431 4145 λει
462 4094 581 4152 τοῖς
640 4086 862 4163 δαίμοσι
918 4090 1275 4166 παρανόμως.
1334 4091 1493 4156 Ὅθεν
1548 4092 1733 4172 φησίν·
1785 4090 1989 4171 Ἐῤῥφη

339 4181 523 4255 χαμαὶ
557 4181 593 4249 ἡ
623 4175 963 4251 δικαιοσύνη,
993 4179 1083 4235 καὶ
1112 4177 1357 4252 ἐποίησε,
1383 4181 1474 4236 καὶ
1524 4177 1807 4252 εὖωδώθη.
1859 4182 1992 4239 Εἶτα

335 4268 511 4326 πάλιν
574 4269 635 4325 ἆκ
693 4267 947 4346 δευτὲρου
995 4271 1095 4341 τήν
1145 4270 1315 4340 αὐτὴν
1375 4270 1655 4346 βασιλείαν
1698 4273 1989 4349 Ἀντιόχου

341 4360 675 4438 Ἐπιφανοῦς
709 4358 884 4436 λέγων
914 4362 1004 4416 καὶ
1030 4362 1129 4430 τήν
1162 4359 1557 4440 αίχμαλωσίαν
1585 4362 1677 4417 καὶ
1705 4363 1804 4432 τήν
1836 4362 1987 4419 ἄλω-

336 4471 423 4505 σιν
453 4450 547 4505 καὶ
579 4450 680 4519 τήν
712 4447 993 4524 ἐρήμωσιν
1021 4455 1120 4505 τοῦ
1158 4450 1329 4526 ἱεροῦ,
1383 4450 1709 4527 προστίθησι
1759 4452 1849 4508 καὶ
1896 4453 1986 4508 τὸν

334 4539 569 4615 χρόνον.

2117 1967 2296 2022 super
2347 1951 2689 2007 universam
2748 1957 2986 2020 terram,
3049 1970 3241 2024 neque
3295 1959 3491 2009 tamen
3546 1960 3764 2009 terram

2115 2039 2482 2114 attingebat;
2533 2041 3127 2114 conspiciebaturque
3175 2042 3331 2098 inter
3388 2041 3592 2098 oculos
3635 2043 3764 2113 ejus

2115 2146 2300 2185 cornu
2333 2135 2590 2189 exstans.
2624 2133 2836 2187 Postea
2873 2131 3218 2187 conﬂictum
3250 2132 3379 2204 ejus
3427 2148 3563 2188 cum
3590 2131 3765 2189 Dario

2116 2236 2185 2275 ac
2240 2220 2545 2277 victoriam
2600 2221 2673 2276 de
2730 2238 2801 2277 eo
2858 2220 3492 2289 describens‘DVenit,
3552 2221 3765 2293 inquit,

2116 2308 2314 2364 hircus
2340 2309 2449 2365 iste
2477 2326 2666 2381 usque
2716 2310 2789 2365 ad
2822 2315 3136 2366 cornutum
3182 2310 3354 2366 illum
3387 2311 3657 2378 arietem,
3708 2315 3769 2366 et

2115 2398 2393 2453 efferatus
2440 2414 2575 2454 eum
2636 2399 2949 2470 percussit,
2999 2400 3292 2470 amboque
3351 2399 3479 2471 ejus
3541 2416 3763 2455 cornua

2114 2485 2406 2554 contrivit,
2440 2503 2632 2557 neque
2663 2493 2790 2542 erat
2841 2487 2941 2556 qui
2976 2488 3090 2541 vim
3139 2489 3270 2558 ejus
3319 2487 3392 2542 ab
3422 2488 3605 2543 ariete
3655 2488 3761 2543 de-

2112 2574 2400 2629 fenderet.
2433 2575 2576 2630 Inde
2606 2574 2928 2630 Alexandri
2974 2575 3196 2630 exitum
3246 2575 3575 2647 depingens
3605 2592 3759 2646 qua-

2114 2669 2366 2735 tuorque
2414 2680 2617 2736 regum
2666 2665 3122 2734 successionem,
3173 2665 3298 2720 haec
3345 2663 3563 2719 infert:
3613 2665 3755 2719 Cum

2112 2758 2313 2808 autem
2342 2753 2544 2809 hircus
2590 2769 2865 2826 magnam
2913 2758 3070 2809 esset
3115 2753 3441 2826 potentiam
3480 2753 3751 2824 adeptus,

2110 2858 2390 2914 magnum
2431 2859 2615 2898 cornu
2662 2843 2791 2914 ejus
2835 2842 3147 2914 frangitur,
3196 2848 3373 2913 atque
3415 2842 3570 2897 infra
3607 2841 3753 2897 illud

2111 2936 2434 3003 erumpunt
2460 2931 2577 2987 alia
2606 2937 2861 3002 quatuor
2890 2946 3114 2986 cornua
3143 2931 3471 3002 spectantia
3501 2929 3575 2985 ad
3611 2947 3752 3001 qua-

2113 3026 2246 3075 tuor
2292 3020 2494 3093 plagas
2542 3020 2771 3076 mundi.
2830 3022 3012 3074 Porro
3061 3018 3136 3075 ad
3183 3019 3459 3075 Antiochi
3508 3035 3755 3091 regnum

2112 3110 2483 3181 perveniens,
2519 3109 2808 3180 illumque
2857 3113 3198 3165 monstrans
3229 3125 3299 3164 ex
3330 3124 3449 3163 uno
3488 3108 3758 3163 illorum-

2112 3216 2227 3269 que
2273 3204 2530 3270 quatuor
2575 3215 2864 3254 cornuum
2914 3197 3230 3264 exstitisse,
3282 3214 3518 3253 rursum
3571 3195 3755 3252 dicit:

2113 3290 2184 3342 Et
2210 3288 2355 3343 exiit
2383 3289 2455 3344 de
2485 3304 2604 3344 uno
2635 3287 2871 3343 illorum
2898 3303 3083 3342 cornu
3124 3286 3399 3351 validum,
3432 3286 3760 3357 ingensque

2116 3380 2335 3435 factum
2365 3385 2454 3435 est
2484 3397 2686 3436 versus
2716 3378 3028 3435 meridiem
3076 3383 3136 3433 et
3181 3381 3397 3433 ortum.
3430 3378 3575 3431 Tum
3605 3374 3760 3430 indi-

2113 3484 2254 3523 cans
2284 3468 2356 3523 ab
2389 3485 2457 3522 eo
2486 3467 2791 3524 Judaicam
2823 3484 2947 3522 rem
2999 3465 3299 3540 publicam
3330 3463 3621 3520 abolitum
3660 3463 3756 3533 iri,

2112 3557 2313 3612 addit:
2348 3557 2452 3613 llle
2474 3562 2716 3629 peccato
2765 3556 3121 3612 sacrificium
3171 3553 3566 3623 conturbabit,
3612 3569 3757 3609 con-

2112 3651 2319 3717 traque
2350 3646 2410 3701 id
2441 3663 2566 3701 rem
2596 3662 2876 3717 prospere
2905 3646 3107 3717 gessit,
3140 3662 3208 3700 ac
3236 3644 3523 3716 templum
3560 3649 3751 3699 vasta-

2110 3734 2288 3800 bitur,
2321 3739 2380 3790 et
2407 3735 2537 3791 loco
2568 3736 2722 3791 408
2755 3735 3031 3790 sacrificii
3062 3734 3480 3806 erittlagitium
3509 3734 3574 3769 ⁴⁶·
3605 3735 3753 3789 Nam

2112 3823 2434 3878 Antiochus
2489 3823 2661 3879 altari
2718 3822 2997 3879 subverso
3048 3823 3352 3893 sacrisque
3391 3821 3754 3877 conculcatis

2109 3914 2171 3969 in
2210 3914 2433 3984 templo
2480 3912 2867 3968 simulacrum
2909 3912 3135 3978 statuit,
3185 3926 3254 3966 ac
3301 3918 3507 3966 contra
3559 3910 3750 3980 legem

2109 4002 2478 4059 daemonibus
2506 4001 2877 4059 sacrificavit.
2912 4001 3047 4057 Ideo
3078 4006 3239 4055 vates
3270 3999 3413 4055 dicit
3438 4016 3450 4053 :
3486 4001 3553 4053 Et
3582 3997 3749 4053 humi

2106 4097 2402 4164 prostrata
2439 4097 2529 4148 est
2551 4092 2802 4165 justitia,
2854 4095 3179 4161 contraque
3228 4089 3389 4144 illam
3421 4104 3549 4143 rem
3580 4103 3749 4158 pros-

2104 4198 2245 4254 pere
2269 4182 2469 4254 gessit.
2521 4183 2775 4238 Bursum
2804 4179 3017 4235 deinde
3048 4179 3243 4251 ipsum
3290 4176 3440 4233 illud
3471 4175 3748 4232 Antiochi

2104 4270 2425 4343 Epiphanis
2452 4286 2701 4343 regnum
2738 4269 3196 4340 Judmorumque
3226 4266 3456 4323 cladem
3490 4270 3548 4322 et
3589 4265 3750 4320 exci-

2102 4360 2269 4416 dium
2299 4366 2479 4432 atque
2525 4360 2911 4417 vastationem
2948 4358 3149 4430 templi
3198 4358 3484 4423 referens,
3519 4362 3751 4427 tempus

2102 4451 2282 4506 etiam
2312 4454 2759 4506 commemorat.

412 4625 747 4703 ’Λρξάμενος
779 4628 883 4702 γάρ
912 4626 1020 4683 ἀπὸ
1047 4634 1147 4697 τῆς
1173 4626 1536 4703 Ἀλεξάνδρου
1566 4628 1870 4701 βασιλείας,
1891 4631 1987 4685 αὗ-

2168 4631 2315 4686 Nam
2338 4646 2565 4699 rursus,
2590 4629 2759 4685 initio
2782 4628 2968 4701 petito
2986 4627 3060 4684 ab
3076 4627 3396 4683 Alexandri
3414 4643 3615 4700 regno,
3639 4624 3747 4685 sub

336 4718 425 4778 θες
452 4717 591 4791 πρὸς
619 4720 700 4789 τῷ
728 4715 874 4772 τέλει
902 4720 1001 4772 τοῦ
1035 4712 1260 4793 βιϐλίου
1311 4717 1402 4772 καὶ
1448 4717 1517 4773 τὰ
1571 4719 1767 4790 μεταξὺ
1817 4720 1990 4775 πάντα

336 4803 751 4881 διηγησάμενος
789 4804 888 4860 ὅσα
917 4805 970 4859 οἱ
1001 4803 1334 4880 Πτολεμαῖοι
1365 4806 1456 4861 καὶ
1489 4808 1539 4862 οἱ
1570 4805 1834 4864 Σέλευκοι
1873 4810 1996 4885 συρ-

337 4895 595 4970 ῥαγὲντες
623 4892 902 4965 ἀλλήλοις
961 4892 1222 4966 ἐποίησαν
1279 4895 1369 4950 καὶ
1418 4896 1471 4950 οἱ
1529 4899 1825 4973 στρατηγοί
1864 4900 1994 4954 τού-

333 5003 443 5037 των
475 4982 815 5060 είργάσαντο,
841 4982 971 5047 τοὺς
1000 4980 1220 5055 δόλους,
1254 4986 1335 5057 [Ρ.
1370 4988 1498 5058 230]
1529 4986 1627 5048 τάς
1673 4985 1845 5054 νίκας,
1894 4988 1990 5053 τὰς

339 5073 645 5146 στρατείας,
677 5072 775 5134 τὰς
817 5072 1027 5146 μάχας,
1083 5073 1181 5134 τὰς
1236 5073 1570 5150 ναυμαχίας,
1607 5075 1706 5137 τὰς
1745 5081 1992 5151 πεζομα-

343 5163 493 5237 χίας,
525 5162 736 5236 προϊὼν
769 5161 844 5224 εἰς
869 5163 1158 5237 Ἀντίοχον
1182 5161 1407 5235 τελευτᾷ
1453 5161 1646 5231 πάλιν,
1694 5165 1784 5221 καὶ
1832 5169 1985 5242 φησί·

2102 4721 2283 4777 ﬁnem
2314 4719 2470 4788 libri,
2503 4735 2689 4791 eaque
2719 4718 2923 4775 omnia
2942 4723 3289 4790 persecutus
3319 4717 3587 4772 oratione
3617 4734 3746 4787 qum

2100 4810 2173 4865 ab
2205 4826 2274 4865 eo
2319 4808 2620 4864 Ptolemaei
2669 4813 2727 4863 et
2773 4807 3004 4863 Seleuci
3050 4806 3350 4862 intestinis
3399 4805 3572 4861 bellis
3603 4822 3745 4860 con-

2098 4899 2283 4971 gressi
2312 4898 2565 4954 invicem
2596 4897 2809 4952 facturi
2857 4901 3056 4953 essent
3081 4911 3407 4965 eorumque
3447 4894 3744 4962 ductores,

2098 4988 2288 5054 dolos,
2312 4987 2604 5055 victorias,
2629 4986 3057 5058 expeditiones,
3082 4984 3315 5040 navalia
3340 4989 3399 5039 et
3418 4983 3743 5052 terrestria,

2096 5077 2323 5151 praelia,
2367 5092 2714 5149 progressus
2734 5075 2809 5130 ad
2841 5074 3115 5130 Antiochi
3163 5088 3352 5144 usque
3384 5088 3635 5144 regnum
3664 5072 3749 5126 ita

2095 5165 2400 5224 concludit
2417 5184 2430 5221 :
2449 5166 2516 5221 Et
2526 5164 2767 5221 brachia
2789 5180 2861 5219 ex
2874 5179 2942 5218 eo
2955 5163 3408 5233 exsistent,quaa
3424 5177 3587 5216 sacra
3596 5160 3747 5216 rium

343 5249 642 5325 Βραχίονες
668 5249 719 5323 ἐξ
771 5250 945 5305 αὐτοῦ
1001 5252 1309 5321 στήσονται,
1367 5251 1457 5308 καὶ
1516 5248 1897 5329 βεϐηλώσουσι
1924 5256 1987 5312 τὸ

2110 5255 2512 5328 ποίαηαὺιιιιῐ,
2546 5259 2605 5310 et
2620 5254 2763 5327 juge
2807 5251 3168 5309 saceiﬂcium
3207 5250 3531 5306 abolebunt
3571 5254 3749 5321 atque

341 5335 608 5411 ἁγίασμα,
626 5335 717 5391 καὶ
749 5338 1148 5410 μεταστήσουσι
1167 5335 1263 5393 τόν
1284 5334 1688 5415 ἐνδελεχισμὸν,
1705 5341 1801 5404 τὰς
1820 5345 1949 5412 συνή
1965 5373 1984 5385 ο

2092 5346 2383 5417 polluent,
2415 5349 2475 5400 et
2499 5360 2600 5399 eos
2630 5343 2729 5413 qui
2760 5345 3183 5396 testamentum
3222 5338 3447 5395 violant
3475 5340 3609 5410 (hoc
3635 5344 3747 5407 est,

334 5436 447 5489 θεις
479 5424 655 5503 λέγων
687 5424 874 5490 θυσίας
900 5425 992 5481 καὶ
1031 5427 1421 5501 καθημερινὰς,
1472 5428 1575 5487 Καὶ
1609 5426 1872 5487 δώσουσιν
1906 5433 1984 5496 εἰς

2110 5434 2323 5490 [σάωσε
2353 5450 2388 5490 a
2418 5433 2547 5507 lege
2576 5431 2943 5498 deficientes)
2973 5427 3270 5485 abducent
3298 5428 3358 5483 in
3390 5428 3745 5484 lubricitati-

328 5514 493 5571 αὐτὸν
531 5510 839 5591 βδᾶλυγμα,
868 5513 958 5569 καὶ
988 5515 1119 5577 τοὺς
1149 5513 1487 5590 ἆνομοῦντας
1520 5514 1788 5591 διαθήκην
1834 5524 1980 5594 (του-

408 5724 455 5759 ⁸⁸
484 5724 632 5780 Dan.
666 5738 784 5780 vni.
863 5722 912 5758 ⁴⁶
942 5723 1087 5779 Dan.
1121 5738 1204 5790 xx,
1234 5723 1322 5780 3i.

2087 5524 2201 5579 bus
2220 5523 2344 5579 suis
2366 5528 2544 5595 atque
2566 5523 2930 5580 transferant
2951 5538 2965 5588 ;
2990 5521 3413 5594 superabitque
3432 5539 3532 5577 eos
3564 5533 3748 5593 popu'
