4186 6198
449 348 567 413 443

1790 337 2113 405 GEORGII
2155 335 2501 403 OEDRENI

3741 339 3863 407 444

451 486 547 542 lus
577 485 678 556 qui
707 485 895 539 Deum
925 479 1227 555 cognoscit
1275 478 1651 549 (Maccabeos
1693 478 1892 535 innuit
1919 481 1980 532 et
2005 489 2101 531 res

2216 472 2356 528 τίστι
2383 470 2510 535 τοὺς
2532 469 2962 548 παραϐαίνοντας
2989 476 3094 531 τῶν
3137 467 3433 533 Ἰουδαίωψ
3488 471 3779 544 ἀπάξουσιν
3810 474 3863 531 ἰν

448 590 483 630 a
507 573 656 630 Juda
686 572 924 627 Simone
956 587 1022 627 ac
1050 572 1274 625 Joanne
1307 570 1547 643 gestas),
1575 585 1643 625 ac
1674 567 1997 641 prudentes
2028 564 2101 622 de

449 661 667 736 populo
699 659 888 713 multa
925 656 1273 730 intelligent.
1311 660 1659 714 Atterentur
1687 662 1885 713 autem
1926 653 2102 711 caidi-

450 751 560 805 bus
584 754 639 802 et
661 745 958 802 incendiis
979 746 1347 818 (incendium
1368 746 1537 803 urbis
1554 761 1792 802 rursum
1810 741 2101 815 designat)

451 842 510 893 et.
540 836 819 892 servitute
849 852 913 891 rc
945 835 1399 907 direptionibus.
1436 841 1627 908 Atque
1672 836 1733 891 in
1767 834 1889 890 suis
1918 847 2101 906 angu-

452 927 580 981 stiis
611 925 914 980 modicum
962 925 1048 980 eis
1078 925 1302 981 feretur
1350 913 1636 982 auxilium
1668 924 1963 996 (indicans
2003 937 2105 978 eos

446 1016 607 1071 inter
629 1031 735 1071 sua
757 1015 915 1071 mala
932 1016 1224 1087 respirare
1247 1017 1402 1072 404
1423 1033 1597 1089 posse
1620 1022 1680 1071 et
1701 1032 1770 1071 ex
1794 1016 1867 1071 iis
1883 1014 2107 1085 aliqua-

453 1109 625 1159 tenus
658 1109 1003 1175 emergere).
1037 1105 1107 1159 Et
1135 1104 1417 1160 accedent
1448 1105 1522 1159 iis
1552 1104 1725 1160 multi
1765 1104 1827 1158 in
1862 1100 2106 1158 lubrici-

448 1193 691 1259 tatibus,
755 1193 1047 1262 multique
1096 1194 1455 1265 prudentum
1499 1193 1795 1257 deﬁcient,
1848 1192 2105 1247 innuens

451 1284 631 1338 etiam
665 1298 869 1337 eorum
900 1282 1000 1353 qui
1034 1282 1270 1338 stabant
1298 1283 1517 1339 multos
1547 1283 1838 1355 lapsuros.
1881 1279 2103 1337 Deinde

452 1372 633 1427 etiam
651 1387 888 1427 causam
910 1372 1092 1427 refert
1121 1388 1226 1427 cur
1251 1372 1405 1427 Deus
1436 1389 1537 1428 eos
1559 1389 1767 1443 passus
1800 1372 1877 1427 sit
1897 1371 1958 1425 in
1981 1375 2103 1425 tan-

447 1465 538 1516 tas
596 1460 965 1516 calamitates
1024 1460 1335 1516 devenire:
1392 1462 1483 1525 Ut,
1538 1461 1756 1531 inquit,
1816 1475 1917 1515 eos
1973 1459 2105 1531 igne

450 1550 788 1622 exploraret
818 1565 886 1605 ac
911 1550 1190 1621 probaret
1221 1556 1278 1604 et
1299 1565 1488 1622 usque
1519 1550 1593 1606 ad
1617 1548 1931 1605 deﬁnitum
1954 1554 2108 1604 tem-

443 1656 557 1712 pus
590 1644 892 1712 purgaret.
926 1639 1046 1694 Hoc
1077 1638 1304 1694 indicat
1333 1641 1518 1694 Deum
1548 1640 1662 1695 ista
1700 1639 1826 1693 ﬁeri
1878 1637 2105 1707 sivisse,

448 1729 534 1785 uti
567 1744 667 1783 eos
712 1732 1081 1799 expurgaret,
1142 1733 1198 1783 et
1230 1727 1329 1800 qui
1376 1728 1532 1784 inter
1575 1744 1676 1784 eos
1706 1726 1877 1800 probi
1910 1731 2110 1782 essent

2208 558 2551 637 ὄλισθήμασι
2586 563 2703 637 μεθ’
2739 562 2941 618 ἑαυτῶν
2969 561 3060 619 καὶ
3130 563 3550 635 μεταστήσουσι,
3591 564 3685 619 καὶ
3730 559 3867 627 λαὸς

2208 650 2496 727 γινώσκων
2520 651 2614 707 τὸν
2645 651 2775 709 Θεὸν
2812 650 2978 707 αὐτοῦ
3033 651 3426 727 κατισχύσουσι
3487 652 3574 724 (τὰ
3615 651 3701 708 ἰπὶ
3752 654 3859 709 τῶν

2211 735 2578 797 Μακκαϐαίων
2602 738 2778 814 λεγων
2807 740 2898 797 καὶ
2926 740 2992 797 τὰ
3021 740 3109 796 ἰπὶ
3141 737 3320 799 Ἰούδα
3347 740 3437 797 καὶ
3484 739 3740 813 Σίμωνος
3770 741 3861 797 καὶ

2211 828 2506 904 Ἰωάννου).
2537 829 2630 885 καὶ
2661 831 2715 885 οἱ
2744 830 2956 886 συνετοὶ
2989 830 3126 886 λαοῦ
3158 832 3477 901 συνήσουσιν
3532 830 3607 894 εἷς
3654 830 3861 889 πολλά.

2212 919 2311 975 Καὶ
2344 920 2731 990 ἁσθενήσουσιν
2763 918 2815 976 ἄν
2849 920 3095 1000 ῥομφαίᾳ
3139 919 3229 976 καὶ
3280 919 3331 975 ἰν
3382 918 3569 999 φλογί·
3617 921 3711 976 τὸν
3764 920 3865 994 ἐμ-

2208 1009 2466 1082 πρησμὸν
2522 1014 2623 1076 τῆς
2683 1006 2903 1070 πόλεως
2961 1007 3349 1082 ἐξηγούμενος,
3405 1005 3595 1075 πάλιν,
3655 1009 3746 1064 καὶ
3805 1010 3858 1065 ἐν

2209 1096 2576 1171 αἰχμαλωσίᾳ
2629 1098 2721 1152 καὶ
2781 1096 2832 1153 ἰν
2903 1094 3178 1171 διαρπαγῇ
3231 1099 3477 1172 ἡμερῶν,
3531 1096 3622 1153 καὶ
3679 1096 3731 1153 ἰν
3784 1101 3865 1169 τῷ

2211 1186 2497 1254 ἀσθενῆσαι
2530 1185 2725 1252 αὐτοὺς
2759 1188 3129 1261 βοηθήσονται
3175 1186 3433 1262 βοήθειαν
3486 1187 3702 1262 μικρὰν,
3761 1185 3865 1258 ἔμ-

2211 1274 2414 1352 φαίνων
2468 1275 2551 1330 ὅσι
2614 1274 2809 1348 μεταξὺ
2867 1280 2976 1331 τῶν
3035 1280 3217 1332 κακῶν
3270 1274 3484 1331 ἐκείνων
3544 1272 3865 1345 δυνήσονται

2212 1363 2536 1419 ἀναπνεῦσαι
2589 1365 2681 1420 καὶ
2770 1365 3067 1439 ἀνενεγκεῖν
3153 1364 3214 1421 ἐκ.
3287 1369 3393 1422 τῶν
3449 1364 3868 1444 κατειληφότων

2214 1452 2410 1514 αὐτοὺς
2442 1449 2657 1523 δεινῶν,
2687 1454 2776 1509 καὶ
2810 1457 3276 1527 προσ-φθήσονται
3308 1454 3444 1530 πρὸς
3471 1454 3666 1518 αὐτοὺς
3721 1451 3866 1512 πολ-

2214 1540 2304 1597 λοῖ
2337 1541 2390 1597 ἐν
2419 1541 2782 1616 ὀλισθήμασι,
2815 1544 2903 1600 καὶ
2969 1544 3077 1601 ἀπὸ
3129 1549 3236 1600 τῶν
3294 1545 3584 1600 συνιόντων
3636 1542 3867 1613 ἀσθενήο

2213 1651 2363 1687 σουσι
2392 1628 2604 1694 δεικνὺς
2633 1632 2717 1689 ὅτι
2774 1631 2980 1689 πολλοὶ
3032 1633 3125 1690 καὶ
3175 1638 3284 1691 τῶν
3340 1633 3588 1690 ἑστώτων
3646 1636 3874 1693 πεσοῦν-

2212 1742 2321 1779 ται.
2351 1724 2485 1778 Εἶτα
2523 1722 2611 1779 καὶ
2643 1724 2743 1792 τήν
2775 1723 2948 1779 αἰτίαν
2991 1721 3061 1778 δι’
3118 1721 3184 1792 ἢν
3237 1740 3616 1800 συνεχωρησεν
3664 1721 3869 1784 αὐτοὺς

447 1816 810 1873 ostenderet.
864 1816 1090 1872 Deinde
1135 1817 1405 1889 ejusdem
1455 1817 1726 1873 Antiochi
1776 1816 2105 1889 potentiam

2216 1813 2243 1866 ὁ
2275 1814 2406 1875 Θεὸς
2433 1813 2485 1868 ἐν
2514 1813 2796 1876 τοσούτοις
2855 1818 3046 1877 κακοῖς
3101 1812 3364 1888 γίνεσθαι.
3413 1813 3507 1877 Τίς
3566 1810 3625 1869 δὶ
3679 1810 3865 1882 uti");

450 1907 865 1963 demonstrans
887 1910 1001 1961 ait:
1026 1909 1288 1979 Agetque
1312 1922 1418 1978 pro
1457 1906 1626 1963 libito
1659 1922 1787 1972 suo,
1822 1904 2107 1961 exaltabi-

2218 1905 2335 1960 Τοῦ
2365 1907 2635 1980 πυρῶσαι,
2668 1903 2854 1980 φησὶν,
2888 1902 2940 1957 ἓν
2972 1904 3157 1966 αὐτοῖς
3187 1902 3278 1960 καὶ
3303 1906 3400 1959 τοῦ
3428 1900 3743 1973 ἐκλίξασθαι
3772 1901 3864 1957 καὶ

455 2002 573 2066 tur,
621 2001 679 2051 et
710 1996 811 2051 fiet
852 1995 1219 2068 magniﬁcus.
1274 1996 1641 2068 lmpietatem
1693 2010 1930 2067 quoque
1978 1994 2109 2063 ejus

458 2084 785 2157 expressit:
820 2084 1103 2156 Superbe,
1135 2086 1353 2157 inquit,
1388 2087 1503 2141 Deo
1544 2085 1791 2141 deorum
1823 2084 2109 2156 obloque-

456 2178 592 2243 tur;
627 2180 684 2229 et
715 2173 893 2229 rebus
938 2174 1216 2229 secundis
1246 2180 1467 2242 utetur,
1501 2174 1642 2229 dum
1688 2173 1790 2227 iraa
1823 2173 1957 2228 finit
1987 2172 2108 2241 ﬁat,

454 2263 775 2319 ostendens
817 2262 1174 2318 Antiochum
1220 2279 1340 2318 non
1372 2279 1408 2318 a
1453 2279 1516 2318 se
1546 2264 1697 2335 ipso,
1736 2259 1838 2319 sed
1871 2268 2113 2334 propter

452 2353 554 2408 Dei
586 2352 733 2407 iram
783 2352 1065 2409 adversus
1089 2352 1321 2408 Iudaeos
1363 2358 1708 2423 conceptam
1742 2357 1971 2407 tantum
2007 2368 2112 2423 po-

453 2442 655 2497 tentius
687 2440 1062 2513 adepturum.
1089 2441 1232 2496 Inde
1264 2441 1533 2513 pluribus
1556 2440 1748 2496 verbis
1765 2439 2109 2511 complexus

458 2549 589 2604 quae
619 2531 670 2586 is
710 2530 868 2586 mala
912 2533 1156 2604 Egypto
1207 2531 1657 2601 Palaestinasque
1708 2529 2107 2597 iniuncturus,

457 2620 755 2693 quomodo
780 2621 1097 2685 rediturus,
1123 2637 1239 2691 quo
1262 2627 1505 2676 vocante
1536 2626 1595 2675 et
1620 2635 1737 2691 qua
1759 2619 2110 2675 necessitate

457 2716 729 2783 urgente,
761 2709 1001 2764 tandem
1023 2710 1202 2765 etiam
1226 2710 1618 2764 mutationem
1639 2707 1886 2764 istarum
1908 2724 2110 2764 rerum

454 2798 719 2869 exponit,
773 2803 831 2851 et
878 2796 1036 2867 quod
1083 2796 1267 2853 Judazi
1318 2797 1445 2851 istis
1505 2796 1782 2852 omnibus
1846 2796 2111 2853 cladibus

451 2886 645 2959 puniti
682 2884 921 2939 tandem
965 2886 1252 2940 auxilium
1304 2891 1769 2957 consequentur,
1812 2886 1995 2942 misso
2036 2885 2109 2942 ad

455 2992 556 3030 eos
588 2974 869 3030 tutandos
900 2974 1128 3046 angelo.
1155 2976 1256 3045 Eo,
1290 2975 1504 3047 inquit,
1539 2980 1806 3048 tempore
1840 2981 2113 3048 exsurget

455 3064 776 3121 Michaelus
820 3080 1068 3137 magnus
1100 3065 1399 3135 princeps.
1446 3070 1731 3137 patronus
1762 3063 1966 3137 populi
2001 3062 2108 3119 tui-

2214 1994 2313 2047 τοῦ
2344 1990 2657 2049 ἰκλευκᾶναι
2688 1989 2794 2055 ἕως
2840 1995 3033 2064 καιροῦ
3098 1989 3285 2067 πέρας.
3347 1994 3531 2051 Ταῦτα
3583 1990 3709 2065 γὰρ,
3756 2010 3867 2068 9η-

2219 2080 2324 2149 σὶν,
2357 2082 2386 2135 ὁ
2417 2082 2548 2143 Θεὸς
2587 2082 2972 2158 συνεχώρησεν
3003 2078 3142 2137 ὥστε
3190 2080 3385 2142 αὐτοὺς
3435 2079 3723 2152 ὖκκαθᾶραι
3770 2079 3863 2134 καὶ

2218 2168 2386 2243 δεῖξαι
2441 2171 2570 2237 τοὺς
2625 2172 2677 2228 ἐν
2733 2172 2918 2235 αὐτοῖς
2971 2169 3258 2246 δοκίμους.
3313 2172 3449 2229 Εἶτα
3503 2168 3869 2249 διηγούμενος

2220 2259 2383 2316 αὐτοῦ
2424 2259 2630 2316 ὂκείνου
2668 2262 2768 2329 τὴν
2832 2258 3062 2335 δύναμιν
3124 2255 3249 2340 ἔφη.
3310 2260 3414 2319 Καὶ
3473 2263 3695 2331 ποιήσει
3732 2262 3871 2319 κατᾶ

2216 2350 2279 2405 τὸ
2309 2349 2530 2422 θὲλημα
2557 2350 2744 2419 αὐτοῦ,
2802 2350 2893 2406 καὶ
2963 2350 3312 2424 ὑψωθήσεται
3369 2349 3459 2405 καὶ
3520 2347 3874 2425 μεγαλυνθή-

2222 2459 2389 2496 σεται.
2424 2440 2527 2497 Καὶ
2561 2440 2748 2514 μέντοι
2801 2440 2892 2496 καὶ
2947 2442 3047 2507 τήν
3112 2439 3444 2518 βλάσφημον
3497 2440 3665 2496 αὐτοῦ
3719 2440 3866 2516 γνώ-

2223 2550 2332 2602 μην
2380 2526 2553 2604 λὲγων
2616 2529 2949 2602 προσέθηκεν
2988 2528 3072 2584 ὅτι
3120 2526 3206 2585 ἐπὶ
3252 2528 3344 2585 τὸν
3396 2530 3526 2585 Θεὸν
3569 2532 3678 2583 τῶν
3727 2530 3867 2585 θεῶν

2219 2618 2451 2689 λαλήσει
2486 2616 2753 2693 ὑπέρογκα
2800 2618 2887 2673 καὶ
2935 2619 3243 2674 κατευθυνεῖ
3303 2619 3469 2693 μέχρι
3516 2616 3871 2687 συντελεσθῆ-

2214 2728 2304 2765 ναι
2330 2709 2430 2776 τὴν
2472 2707 2665 2783 ὀργὴν,
2697 2704 2909 2769 δεικνὺς
2940 2707 3024 2763 ὅτι
3056 2707 3160 2762 οὐκ
3187 2707 3293 2762 ἀπὸ
3329 2713 3431 2776 τῆς
3462 2705 3662 2769 οἰκείας
3719 2707 3868 2781 γνώ-

2220 2818 2348 2870 μης,
2383 2795 2528 2852 ἀλλὰ
2568 2794 2659 2851 διὰ
2679 2797 2779 2865 τὴν
2832 2796 3002 2870 ὀργήν
3056 2800 3154 2852 τοῦ
3207 2799 3339 2852 Θεοῦ
3394 2796 3496 2863 τήν
3560 2796 3699 2852 κατὰ
3756 2800 3867 2854 τῶν

2216 2881 2493 2943 Ἰουδαίων
2537 2884 2714 2947 οὕτως
2768 2882 2977 2949 ἇκεῖνος
3029 2882 3238 2959 ἐκράτει
3286 2884 3376 2941 καὶ
3418 2882 3632 2960 ἴσχυεν.
3684 2884 3869 2943 Εἰπὼν

2216 2975 2308 3030 οὖν
2357 2972 2427 3029 δι’
2485 2974 2682 3049 ὲτίρων
2738 2974 3011 3031 πλειόνων
3076 2974 3176 3031 ὃσα
3233 2975 3372 3032 κακὰ
3432 2975 3711 3051 ἆργάσεται
3763 2976 3867 3044 τήν

2215 3062 2491 3141 Αἲγυπτον
2546 3064 2638 3119 καὶ
2686 3063 2786 3132 τήν
2846 3062 3232 3135 Παλαιστίνην,
3291 3064 3382 3121 καὶ
3438 3069 3559 3128 πῶς
3616 3061 3869 3135 ἐπανήξει

454 3154 543 3211 Ad
583 3169 717 3209 eum
752 3171 939 3225 usque
972 3153 1128 3208 diem
1160 3153 1516 3209 calamitatis
1548 3159 1781 3224 tempus
1811 3154 1944 3219 erit,
1977 3167 2107 3222 quae

2218 3151 2309 3207 καὶ
2336 3151 2484 3213 τίνος
2508 3149 2832 3219 καλοῦντος,
2863 3151 2954 3207 καὶ
3000 3152 3162 3214 ποίας
3216 3151 3390 3215 αἰτίας
3433 3153 3873 3228 καταναγκαζού-

454 3248 620 3299 tanta
648 3242 887 3315 ingruet
915 3249 1133 3312 quanta
1167 3242 1239 3297 ab
1272 3243 1432 3297 omni
1480 3222 1789 3296 hominum
1821 3239 2107 3296 memoria

2221 3261 2319 3311 σης
2352 3240 2496 3316 λέγει
2528 3234 2722 3296 λοιπὸν
2764 3240 2854 3297 καὶ
2883 3242 2982 3310 τὴν
3026 3236 3340 3315 μεταϐολήν
3366 3245 3476 3296 τῶν
3523 3222 3864 3319 πραγμάτων

455 3333 621 3388 nulla
649 3332 779 3387 fuit.
814 3333 893 3385 Eo
926 3336 1123 3386 autem
1158 3331 1252 3384 die
1287 3347 1499 3403 magna
1546 3330 1874 3384 servabitur
1903 3328 2108 3384 multi-

456 3421 621 3489 tudo,
677 3420 895 3492 scripta
951 3420 1013 3474 in
1056 3420 1227 3489 libro,
1288 3419 1347 3474 id
1405 3420 1555 3476 405
1611 3424 1721 3486 est,
1772 3418 1812 3472 ii
1854 3418 1953 3488 qui
2009 3434 2105 3472 sa-

454 3510 577 3565 lute
641 3508 801 3581 digni
845 3514 1002 3563 sunt.
1059 3509 1166 3562 Sed
1228 3508 1386 3579 quod
1445 3508 1741 3579 praecipue
1799 3505 2108 3578 quaereba-

457 3605 573 3669 tur,
606 3596 868 3653 nondum
921 3596 1480 3663 demonstravimus,
1528 3596 1814 3652 nimirum
1873 3600 2107 3667 tempus

458 3688 751 3746 malorum
805 3688 1074 3744 istorum.
1125 3687 1270 3741 Nam
1331 3686 1485 3742 sicut
1528 3686 1736 3758 prima;
1785 3684 2106 3741 calamitati

455 3779 561 3833 400
590 3793 778 3832 annos
808 3776 1078 3833 deﬁnivit
1122 3777 1297 3842 Deus,
1333 3775 1609 3830 secundm
1665 3778 1753 3839 70,
1790 3775 1872 3830 ita
1910 3774 2109 3830 videa-

459 3883 593 3922 mus
648 3882 723 3922 an
776 3866 872 3921 hic
922 3881 1160 3937 quoque
1217 3872 1447 3921 certum
1505 3870 1738 3935 tempus
1795 3870 2106 3920 statuatur.

455 3956 521 4010 Id
572 3972 707 4028 ergo
742 3955 1081 4010 invenimus
1140 3956 1201 4009 in
1261 3954 1333 4009 iis
1382 3953 1577 4008 verbis
1634 3969 1765 4024 quas
1796 3953 1956 4024 apud
2011 3968 2109 4007 va-

458 4050 579 4100 tem
612 4048 961 4115 sequuntur.
1015 4045 1334 4113 Postquam
1385 4041 1666 4097 Danielus
1709 4041 1996 4097 inaudivit
2037 4041 2109 4097 de

457 4132 892 4189 calamitatibus
942 4132 1071 4186 istis
1121 4132 1325 4187 multis
1378 4136 1554 4201 atque
1604 4131 1856 4203 magnis,
1898 4130 1969 4186 de
2015 4131 2098 4187 in-

456 4222 668 4277 cendio
727 4220 912 4287 urbis,
962 4219 1106 4291 legis
1152 4220 1532 4291 abrogatione
1586 4223 1644 4273 et
1695 4220 1972 4275 servitute
2003 4235 2110 4290 po-

456 4310 604 4383 puli,
637 4311 800 4381 cupit
835 4309 1074 4364 tandem
1106 4325 1311 4364 eorum
1362 4308 1541 4363 ﬁnem
1569 4324 1939 4380 cagnoscere,
1971 4314 2031 4363 et
2058 4309 2107 4364 si

460 4416 578 4471 qua
608 4398 683 4454 sit
713 4399 911 4454 futura
955 4400 1201 4453 istorum
1261 4399 1552 4453 malortlm
1602 4398 1871 4454 mutatio.
1905 4399 2111 4468 Itaque

459 4489 543 4543 sic
566 4488 891 4559 interrogat
914 4504 927 4541 :
952 4488 1218 4553 Domine,
1240 4488 1373 4558 quis
1388 4488 1599 4541 horum
1618 4486 1729 4541 erit
1748 4485 1923 4542 ﬁnis?
1939 4489 2008 4541 Et
2023 4504 2110 4542 re-

2215 3328 2446 3397 τούτων,
2475 3330 2566 3385 καὶ
2597 3328 2681 3384 ὅτι
2714 3326 2870 3399 δίκην
2903 3326 3084 3392 δόντες
3115 3331 3168 3386 οἱ
3209 3327 3471 3389 Ἰουδαῖοι
3521 3327 3611 3386 διὰ
3650 3330 3862 3388 τούτων

2218 3419 2470 3474 ἁπάντων
2496 3417 2947 3488 τεύξονταίτινος
2995 3415 3367 3493 ἀντιλήψεως,
3410 3417 3653 3497 ἀγγέλου
3716 3438 3864 3495 πεμ-

2218 3509 2440 3583 φθέντος
2470 3506 2546 3570 εἷς
2576 3509 2674 3577 τὴν
2709 3505 2927 3563 ἰκείνων
2961 3508 3238 3581 βοήθειαν⁸
3272 3509 3360 3567 Ἐν
3401 3512 3481 3580 τῷ
3510 3529 3684 3584 καιρῳ
3739 3508 3867 3585 γὰρ,

2219 3597 2405 3675 φησὶν,
2441 3594 2631 3668 ἐκείνῳ
2660 3596 3017 3667 ἀναστήσεται
3052 3594 3289 3675 Μιχαὴλ
3321 3597 3350 3654 ὁ
3385 3595 3549 3673 μάτας
3598 3595 3807 3673 ἄρχων,
3839 3598 3868 3652 ὁ

2219 3684 2527 3764 ἐφεστηκὼς
2558 3684 2646 3741 ἐπὶ
2684 3683 2810 3747 τοὺς
2852 3683 3003 3747 υἱοὺς
3059 3689 3158 3741 τοῦ
3205 3685 3342 3743 λαοῦ
3388 3707 3506 3743 σου.
3566 3688 3669 3745 Καὶ
3716 3680 3867 3743 ἔσται

2217 3776 2405 3852 καιρὸς
2437 3774 2675 3848 θλίψεως
2706 3775 2819 3837 οἷος
2852 3773 2913 3831 οὖ
2945 3773 3160 3850 γέγονεν
3193 3776 3282 3849 ἀφ’
3312 3773 3376 3831 οῦ
3405 3776 3690 3852 γεγένηται
3711 3771 3863 3838 ἔθνος

2216 3865 2304 3920 ἐπὶ
2333 3872 2433 3934 τῆς
2464 3866 2568 3941 γῆς
2594 3862 2685 3918 καὶ
2714 3859 2820 3925 ἕως
2857 3867 2956 3919 τοῦ
3002 3867 3199 3937 καιροῦ
3247 3861 3475 3921 ἇκείνου.
3524 3865 3629 3923 Καὶ
3677 3864 3729 3919 ἐν
3779 3862 3864 3936 τῷ

2217 3958 2394 4027 καιρῷ
2424 3952 2611 4026 ἱκείνῳ
2642 3954 2943 4023 σωθήσεται
2973 3951 3104 4015 λαὸς
3135 3951 3309 4016 πολὺς
3339 3954 3368 4009 ὁ
3399 3951 3779 4029 γεγραμμένος
3810 3952 3866 4008 ἐν

2219 4047 2285 4117 τῇ
2322 4037 2525 4117 βίϐλῳ,
2557 4040 2833 4098 τουτέστιν
2866 4042 2917 4096 οἱ
2958 4041 3230 4113 σωτηρίας
3271 4038 3420 4105 ὅντες
3476 4037 3637 4112 ἄξιοι.
3686 4040 3868 4101 Ἀλλᾶ

2219 4134 2282 4188 τὸ
2325 4132 2655 4204 ζητούμενον
2723 4127 2878 4188 οὔπω
2938 4131 3025 4187 καὶ
3084 4128 3171 4186 νῦν
3224 4128 3624 4189 ἀποδάδεικται.
3667 4130 3736 4188 Τί
3794 4128 3861 4202 δή

2217 4222 2380 4278 τοῦτό
2412 4220 2588 4290 ἔστινς
2630 4222 2749 4277 Ὅτι
2809 4220 2901 4276 καὶ
2962 4220 3197 4296 χρόνους
3256 4218 3447 4297 ὥρισεν
3494 4219 3547 4274 ἐν
3598 4225 3717 4282 τοῖς
3770 4239 3872 4277 κα-

2218 4315 2337 4372 κοῖς
2414 4309 2651 4374 τούτοις.
2744 4306 2926 4385 ὥσπερ
3011 4308 3123 4366 ἐκεῖ
3214 4303 3308 4378 ἔτη
3383 4308 3717 4383 τετρακόσια,
3774 4309 3868 4365 καὶ

2223 4401 2358 4473 μετᾶ
2410 4403 2579 4455 ταῦτα
2633 4394 3032 4471 ἱϐδομήκοντα.
3091 4397 3324 4472 Ἰδωμεν
3382 4399 3562 4457 τοίνυν
3620 4400 3712 4456 καὶ
3770 4400 3869 4459 ιν-

2218 4490 2389 4545 ταῦθα
2436 4487 2628 4543 εἷ’τινα
2686 4487 2885 4567 χρόνον
2946 4490 3137 4563 ὁρίζει·
3203 4493 3313 4543 Ποῦ
3363 4485 3429 4559 δὴ
3499 4492 3662 4545 τοῦτο
3721 4485 3868 4545 ἔστιν

460 4578 786 4650 spondetur
810 4596 823 4635 :
846 4577 1022 4646 Vade,
1040 4578 1302 4646 Daniele,
1320 4577 1460 4649 quia
1483 4577 1899 4634 sermonesisti
1919 4594 2106 4649 usque

2226 4578 2395 4653 εὑρεῖν
2423 4599 2437 4648 ;
2471 4579 2558 4634 Ἐν
2590 4582 2709 4640 τοῖς
2741 4577 2877 4650 μετᾶ
2905 4580 3075 4632 ταῦτα
3134 4578 3584 4652 Αεχθησομένοις.
3638 4573 3867 4648 Ἐπειδὴ

458 4666 530 4722 ad
555 4666 776 4722 exitum
800 4665 1086 4736 temporis
1115 4664 1408 4736 obsignati
1431 4664 1649 4721 sunt".
1679 4668 1760 4720 Ita
1781 4663 2110 4723 obscuritas

451 4756 744 4812 dictorum
776 4755 1068 4810 innuitur.
1105 4753 1474 4824 Additurque
1510 4768 1689 4810 causa
1721 4768 1827 4810 cur
1858 4755 2111 4825 permis-

456 4863 589 4904 sum
620 4846 695 4901 sit
718 4861 786 4900 ca
816 4844 973 4901 mala
1004 4843 1270 4899 incidere
1296 4861 1309 4899 :
1338 4843 1554 4908 Donec,
1578 4843 1792 4913 inquit,
1818 4843 2114 4915 eligantur

455 4942 633 5008 atque
686 4936 820 5008 igne
872 4938 1309 5005 perpurgantur
1355 4932 1551 4998 multi,
1603 4936 1661 4988 et
1709 4932 1876 5003 impii
1928 4932 2110 5004 impie

458 5031 653 5098 agent,
687 5039 883 5095 neque
943 5023 1177 5094 sapient
1234 5020 1492 5084 scelesti.
1547 5020 1872 5093 prudentes
1913 5027 2111 5078 autem

456 5115 706 5186 sapient.
740 5112 882 5169 Inde
909 5118 1141 5184 tempus
1165 5112 1455 5176 nominat,
1485 5110 1770 5181 quamdiu
1813 5109 1970 5167 mala
2000 5111 2114 5166 ista

458 5211 657 5261 essent
699 5204 934 5277 Judazos
983 5219 1296 5276 pressura:
1330 5202 1414 5256 Ab
1455 5202 1787 5271 eo,inquit.
1821 5207 2109 5272 tempore,

453 5310 570 5364 quo
591 5293 950 5350 sacriﬁcium
962 5294 1104 5366 juge
1128 5298 1422 5347 mutatum
1445 5291 1644 5349 fuerit.
1664 5294 1805 5362 Juge
1829 5307 1933 5346 seu
1964 5292 2108 5347 assi-

450 5380 633 5436 duum
666 5383 1025 5438 sacriﬁcium
1058 5387 1303 5437 vocatur
1332 5381 1746 5453 quotidianum
1777 5396 1791 5437 :
1844 5380 2111 5452 quotidie

454 5470 615 5527 enim
635 5470 818 5526 Judaai
854 5487 1027 5526 mane
1057 5487 1127 5527 ac
1145 5470 1373 5542 vesperi
1406 5469 1681 5527 solebant
1707 5470 1822 5528 Deo
1855 5485 1979 5527 rem
2012 5485 2106 5527 suo

523 5678 568 5714 "
599 5677 745 5732 Dan.
781 5689 879 5744 xu,
913 5675 971 5743 8,
1001 5677 1054 5729 9.

2219 4667 2321 4741 γὰρ
2346 4666 2412 4721 τὰ
2442 4664 2629 4722 πολλᾶ
2656 4667 2746 4721 καὶ
2802 4662 3016 4742 μεγάλα
3063 4665 3266 4735 ἢκουσε
3302 4665 3464 4733 κακὰ,
3512 4666 3604 4722 τὸν
3641 4664 3869 4742 ἐμπρη-

2222 4754 2360 4828 σμὸν
2387 4761 2487 4822 τῆς
2524 4755 2609 4827 [Ρ.
2642 4755 2768 4827 231]
2828 4752 3068 4821 πόλεως,
3124 4754 3224 4822 τήν
3281 4753 3587 4831 ἆνατροπὴν
3640 4758 3738 4810 τοῦ
3784 4755 3869 4809 νό-

2225 4864 2352 4918 μου,
2401 4846 2500 4913 τήν
2561 4841 2973 4918 αἰχμαλωσίαν,
3031 4841 3287 4917 ἐπιθυμεῖ
3346 4842 3544 4901 λοιπὸν
3598 4844 3663 4899 τὸ
3711 4842 3873 4904 τέλος

2221 4934 2397 4990 αὐτῶν
2431 4934 2640 5007 μαθεῖν,
2671 4934 2760 4988 καὶ
2807 4930 2860 4987 εἷ’
2906 4953 2990 4996 τις
3035 4926 3182 4988 ἕστοι
3238 4937 3347 4988 τῶν
3408 4937 3705 5010 συμφορῶν
3750 4934 3873 4990 τού-

2219 5044 2325 5079 των
2354 5018 2665 5095 μεταῦολή.
2711 5021 2812 5079 Καὶ
2876 5018 3150 5095 διερωτῶν
3215 5015 3394 5095 ἔλεγεν
3439 5021 3634 5085 οὕτως·
3679 5022 3868 5098 Κύριε,

2220 5111 2268 5167 τί
2296 5111 2361 5169 τὰ
2392 5109 2595 5185 ἔσχατα
2623 5110 2878 5180 τούτωνς
2939 5110 3040 5167 Καὶ
3096 5111 3239 5167 εἷπε·
3296 5114 3462 5187 Δεῦρο
3510 5110 3735 5179 Δανιὴλ,
3784 5112 3868 5167 ’ὁτι

2222 5199 2665 5276 ἐμπευρραγμὲνοι
2698 5197 2831 5254 εἰσέν
2874 5200 2926 5254 οἱ
2958 5197 3113 5274 λόγοι
3170 5196 3274 5261 ’ἑας
3330 5204 3524 5275 καιροῦ
3569 5199 3756 5274 πέρας,
3807 5201 3871 5254 τὸ

2221 5288 2419 5360 ἀσαφὲς
2474 5292 2581 5343 τῶν
2638 5286 2943 5361 εἷρημίνων
2996 5286 3387 5359 αἰνιττόμενος.
3444 5288 3580 5346 Εἶτα
3632 5288 3723 5345 καὶ
3770 5290 3871 5358 τήν

2221 5376 2397 5434 αἰτίαν
2425 5381 2525 5445 τῆς
2554 5378 2958 5451 συγχωρήσεως
2996 5380 3106 5432 τῶν
3160 5380 3359 5433 κακῶν
3410 5378 3553 5441 Ἕως
3606 5377 3667 5433 ἄν
3714 5375 3867 5435 ἐκλε-

2219 5468 2355 5541 γῶσι
2386 5464 2474 5520 καὶ
2525 5461 2920 5529 ἔκλευκανθῶσι
2976 5464 3069 5521 καὶ
3135 5466 3427 5541 πυρωθῶσι
3482 5463 3713 5537 πολλοὶ,
3772 5466 3866 5523 καὶ
