4186 6198
323 432 438 492 445

1459 427 1999 492 HISTORIAHUM
2045 428 2603 492 GOMPENDIUM.

3619 434 3736 495 446

320 563 693 637 ἆνομήσουσιν
749 557 969 633 ἄνομοι,
1028 557 1115 616 καὶ
1173 557 1235 614 οὐ
1290 559 1577 631 συνήσουσι
1625 558 1814 622 πάντες
1846 558 1960 615 άσε·

2088 576 2252 621 cram
2283 562 2501 622 facere.
2533 562 2617 619 Ab
2649 562 2779 635 ejus
2824 579 2960 637 ergo
3005 562 3352 632 mutatione,
3385 563 3497 619 hoc
3546 569 3635 623 est
3659 563 3732 621 ab

324 649 457 725 ϐεῖς,
489 652 579 709 καὶ
613 652 880 724 νοήμονες
927 652 1238 722 νοήσουσιν.
1294 651 1425 707 Εἶτα
1470 650 1562 706 τὸν
1612 652 1801 727 καιρὸν
1829 672 1969 725 προ-

320 743 497 821 λέγων
529 742 656 797 ’ὀσον
694 739 887 817 μέλλει
942 738 1194 817 κατέχειν
1249 739 1443 802 αὖτοὺς
1481 740 1548 796 τά
1578 736 1745 810 δεινὰ,
1780 739 1970 821 φησίνθ

327 833 465 890 Ἀπὸ
520 834 713 904 καιροῦ
769 827 1164 906 παραλλάξεως
1221 827 1636 905 ἐνδελεχισμοῦ⁸
1690 826 1974 907 ἐνδελεχι-

325 922 466 994 σμὸς
500 918 558 975 δὲ
598 918 845 976 ἐκαλεῖτο
902 921 937 989 ἡ
993 920 1331 993 καθημερινή
1387 917 1563 973 θυσία·
1594 918 1655 973 τὸ
1684 917 1787 995 γάρ
1820 915 1966 974 ἐνδε-

429 1009 445 1026 ς
579 1008 593 1025 ς
803 1008 818 1024 ι
987 1006 1001 1026 ν
1236 1006 1247 1024 .
1549 1012 1571 1030 .,
1814 1006 1827 1024 ι

320 1024 486 1083 Αεχες
538 1028 602 1062 το
661 1028 859 1062 πυκνον
912 1028 1002 1062 και
1064 1026 1282 1085 συνεχες
1337 1007 1497 1064 ἔστιν.
1577 1009 1712 1071 Εθος
1766 1028 1869 1082 γαρ
1902 1006 1971 1076 ἧν

315 1104 433 1159 τοῖς
465 1094 751 1158 Ἰουδαίοις
778 1094 867 1151 καὶ
928 1094 978 1150 ἐν
1038 1097 1185 1172 πρωί
1240 1096 1328 1150 καὶ
1384 1094 1437 1150 ἐν
1497 1096 1695 1170 ἑσπέρα
1734 1095 1823 1150 καὶ
1853 1096 1968 1177 καθ’

311 1187 544 1257 ἑκάστην
600 1185 808 1262 ἡμέραν
870 1184 949 1260 τῷ
1007 1189 1122 1258 Θεῷ
1194 1183 1355 1252 θῦειν,
1416 1186 1506 1239 καὶ
1566 1182 1655 1240 διὰ
1707 1184 1873 1243 τοῦτο
1933 1187 1967 1254 ἡ

311 1276 469 1332 θυσία
522 1274 695 1346 ἐκείνη
756 1272 1149 1351 ἐνδελεχισμὸς
1205 1269 1443 1347 ἐλέγετο·
1480 1270 1841 1345 Καὶῆλλαξε,
1874 1272 1971 1329 Διὰ

306 1367 476 1422 τοῦτὸ
507 1386 672 1441 φησιν
704 1364 732 1419 6
762 1362 992 1440 ἅγγελος
1049 1364 1132 1417 ’ὁτι
1191 1362 1298 1417 ἀπὸ
1337 1367 1529 1438 καιροῦ
1558 1370 1661 1432 τῆς
1692 1360 1970 1432 ἀλλάξεως

303 1453 406 1509 τοῦ
462 1450 877 1534 ἐνδελεχισμοῦ,
952 1451 1225 1508 τουτέστιν
1301 1452 1406 1509 άπὸ
1462 1459 1562 1521 τῆς
1620 1450 1970 1516 καταλύσεως

301 1550 408 1615 τῆς
440 1543 646 1610 θυσίας,
682 1542 785 1597 εἶσὶ
833 1540 890 1597 δὲ
935 1538 1138 1615 ἡμέραι
1187 1542 1323 1620 and“,
1376 1541 1506 1616 ὅπερ
1542 1540 1682 1597 ἐστὶν
1719 1535 1810 1612 ἔτη
1844 1542 1970 1617 τρία

307 1632 509 1706 ἥμισυ,
545 1633 678 1690 Εἶτα
709 1629 897 1701 δηλῶν
948 1630 1032 1685 ὅτι
1081 1631 1171 1686 καὶ
1220 1629 1376 1693 λύσις
1408 1635 1515 1685 τῶν
1542 1634 1724 1687 κακῶν
1757 1629 1965 1685 τουτων

312 1716 467 1777 ἔσται
495 1722 583 1777 καὶ
616 1719 939 1796 ἀπαλλαγή,
992 1719 1248 1797 ἐπήγαγε
1305 1721 1580 1796 Μακάριος
1613 1721 1641 1775 6
1675 1719 1967 1795 ὑπομείνας

307 1809 404 1865 καὶ
439 1810 643 1888 φθάσας
692 1808 769 1871 εἷς
820 1810 1030 1884 ἡμέρας
1091 1805 1254 1877 ατλε“,
1313 1812 1431 1871 ταῖς
1463 1805 1581 1863 ατλ¹
1613 1810 1693 1881 με’
1724 1806 1965 1883 προθεῖς,

2085 652 2214 724 ejus
2234 650 2575 721 abolitione,
2604 650 2731 708 dies
2757 658 2900 709 eunt
2925 655 3081 720 i290,
3119 652 3403 711 nimirum
3447 655 3587 710 anni
3619 657 3648 710 3
3680 673 3731 713 s.

2086 739 2308 799 Deinde
2334 741 2625 799 malorum
2655 742 2900 799 istorum
2927 743 3106 799 finem
3132 743 3257 800 fore
3282 744 3492 799 infert:
3520 744 3732 801 Beatus

2084 831 2183 902 qui
2208 832 2431 903 perfert
2451 838 2508 888 et
2527 832 2982 906 sustinetusque
3008 834 3161 891 400
3191 833 3264 890 ad
3287 833 3414 888 dies
3442 834 3597 899 1335,
3632 834 3733 890 ad-

2081 919 2229 975 dens
2261 920 2559 996 prioribus
2577 920 2701 976 dies
2734 924 2799 976 45
2826 938 2996 978 :nam
3029 939 3233 977 mense
3254 927 3375 977 toto
3407 928 3465 976 et
3482 921 3728 978 dimidio

2084 1013 2287 1063 exacto
2345 1026 2539 1082 pugna
2605 1016 2695 1065 est
2742 1011 3061 1066 commissa
3119 1009 3426 1084 solidaque
3487 1010 3732 1067 victoria

2080 1103 2249 1169 parta
2300 1102 2359 1151 et
2404 1098 2680 1153 omnibus
2730 1099 2901 1154 malis
2955 1115 3194 1171 prorsus
3236 1098 3469 1155 liberati
3517 1100 3724 1155 Judaei.

2081 1187 2292 1243 Dicens
2308 1188 2488 1259 enim,
2505 1190 2715 1245 Beatus
2729 1190 2827 1263 qui
2848 1189 3065 1263 perfert
3082 1196 3139 1245 et
3155 1190 3408 1249 sustinet
3422 1190 3547 1247 dies
3568 1193 3722 1261 i333,

2082 1275 2494 1332 liberationem
2520 1293 2553 1333 a
2576 1277 2747 1334 malis
2768 1278 3105 1333 declaravit.
3141 1280 3337 1350 Neque
3373 1279 3728 1353 simpliciter

2080 1382 2217 1422 eum
2250 1372 2415 1421 vocat
2444 1366 2680 1422 beatum
2710 1368 2808 1438 qui
2842 1366 2915 1422 ad
2938 1384 3072 1424 eum
3096 1384 3284 1440 usque
3302 1367 3457 1423 diem
3483 1368 3732 1440 pertige-

2080 1454 2175 1508 rit.
2211 1457 2353 1510 Nam
2384 1454 2557 1511 multi
2586 1457 2765 1511 etiam
2797 1457 2967 1528 impii
3014 1457 3404 1512 mutationem
3449 1457 3621 1511 istam
3652 1457 3731 1510 vi-

2079 1542 2295 1600 derunt
2320 1561 2333 1612 ;
2366 1561 2558 1618 neque
2585 1551 2779 1601 tamen
2808 1562 2907 1602 eos
2928 1544 3132 1601 felices
3149 1546 3313 1615 dicit,
3347 1544 3451 1601 sed
3476 1562 3575 1601 eos
3597 1550 3731 1601 tan-

2081 1639 2205 1688 tum
2232 1633 2330 1704 qui
2364 1634 2426 1688 in
2448 1634 2578 1689 istis
2608 1633 3047 1690 calamitatibus
3072 1635 3361 1708 patientia
3404 1635 3494 1690 usi
3538 1634 3728 1708 pieta-

2080 1727 2197 1777 tem
2228 1738 2349 1778 non
2380 1722 2792 1799 prodiderunt,
2836 1730 3014 1795 atque
3055 1729 3195 1779 tunc
3245 1723 3530 1781 sublevati
3564 1729 3726 1781 sunt.

2079 1810 2257 1866 Hisne
2287 1811 2513 1885 aliquid
2546 1812 2875 1869 evidentius
2906 1812 3023 1869 dici
3059 1813 3303 1885 potest?

313 1894 508 1967 ἐπειδὴ
538 1898 590 1953 ἐν
626 1896 757 1972 μηνῖ
787 1904 875 1952 καί
908 1896 1085 1971 ἥμισυ
1121 1897 1291 1968 μηνὸς
1323 1898 1420 1967 τὴν
1454 1890 1741 1971 συμϐολὴν
1776 1891 1968 1968 συνέϐη
1999 1899 2264 1972 γενέσθαι,
2299 1895 2350 1953 ἐν
2380 1899 2419 1973 ᾗ
2447 1897 2640 1974 γέγονε
2667 1898 2876 1975 καθαρᾶ
2907 1901 2940 1968 ἡ
2971 1897 3090 1969 νίκη
3125 1900 3213 1953 καί
3245 1901 3279 1969 ἡ
3312 1896 3584 1969 παντελὴς
3615 1903 3725 1954 τῶν

308 1986 671 2060 ἐπικειμένων
703 1992 882 2041 κακῶν
911 1984 1229 2061 ἀπαλλαγή.
1261 1987 1447 2042 Εῖπὼι
1483 1985 1610 2065 γὰρ,
1645 1986 1920 2064 Μακάριος
1952 1987 1979 2041 6
2012 1987 2309 2060 ὑπομείνας
2335 1987 2425 2042 καὶ
2457 1988 2661 2070 φθάσας
2694 1988 2771 2050 εἷς
2802 1988 3015 2062 ἡμέρας
3067 1985 3229 2060 ατλε“,
3262 1988 3361 2057 τήν
3395 1983 3725 2064 απαλλαγήν

307 2073 581 2145 ἐδήλωσε.
616 2075 716 2130 Καὶ
757 2075 870 2152 οὐχ
892 2073 1084 2139 ἁπλῶς
1126 2076 1286 2130 εἶπεν·
1320 2075 1380 2134 Ὀ
1410 2076 1634 2157 φθάσας.
1680 2072 1909 2145 Ἐπειδή
1954 2075 2056 2151 γάρ
2096 2073 2304 2131 πολλοὶ
2349 2081 2455 2131 τῶν
2509 2070 2892 2148 ἀσεϐησάντων
2936 2074 3078 2132 εἶδον
3113 2076 3211 2145 τήν
3257 2071 3592 2150 μεταϐολὴν,
3625 2076 3729 2130 οῦκ

309 2164 551 2227 ἐκείνους
586 2163 893 2239 μακαρίζει,
927 2162 1072 2220 άλλᾶ
1099 2162 1226 2226 τοὺς
1254 2164 1309 2217 ἐν
1336 2168 1453 2227 τοῖς
1481 2167 1691 2239 καιροῖς
1719 2166 1825 2217 τῶν
1866 2167 2048 2219 κακῶν
2082 2163 2477 2239 ὑπομείναντας
2506 2163 2596 2219 καὶ
2631 2166 2706 2238 μὴ
2741 2162 3040 2240 προδόντας
3070 2166 3168 2236 τὴν
3199 2157 3470 2219 εὐσέϐειαν
3501 2162 3591 2218 καὶ
3622 2169 3725 2234 τῆς

310 2254 539 2314 ἀνέσεως
568 2254 859 2329 τυχόντας.
889 2252 1104 2328 Ἀρά-τι
1132 2252 1340 2309 τούτων
1372 2251 1693 2328 σαφέστερον
1720 2250 1918 2331 γένοιτ’
1949 2253 2011 2307 ’ἀν
2036 2272 2049 2321 ;

382 2346 521 2418 Ὥρα
553 2339 618 2412 δή
653 2342 846 2401 λοιπὸν
896 2340 984 2397 ἐπὶ
1041 2341 1103 2398 τὸ
1163 2343 1501 2417 ζητοῦμενον
1542 2340 1714 2398 ἐλθεῖν
1746 2340 1836 2396 καὶ
1865 2341 1960 2409 τήν

2143 2346 2396 2415 Tempus
2427 2361 2563 2417 ergo
2596 2351 2685 2401 est
2732 2351 2798 2401 ut
2827 2345 2901 2401 ad
2950 2345 3287 2401 restitutum
3339 2349 3727 2412 revertamur,

307 2435 593 2507 παροῦσαν
648 2429 1035 2506 αἷχμαλωσίαν
1095 2430 1185 2485 καὶ
1264 2428 1542 2503 δουλείαν,
1600 2428 1670 2485 δι’
1751 2429 1817 2499 ἦν
1875 2428 1961 2484 καὶ

306 2522 487 2577 πάντα
543 2523 909 2596 κεκινήκαμεν
963 2524 1151 2576 ταῦτα.
1214 2521 1340 2577 ’Ὀτι
1400 2520 1494 2593 μὲν
1554 2518 1643 2576 οὖν
1700 2520 1755 2575 αἱ
1821 2523 1967 2595 τρεῖς

307 2611 871 2688 προανηγορεῦθησαν
911 2608 1315 2686 αἶχμαλωσίαι,
1371 2612 1406 2679 ἡ
1468 2610 1561 2684 μὲν
1609 2603 1702 2679 ἔτη
1762 2603 1967 2685 ἔχουσα

311 2701 378 2773 0‘,
409 2703 445 2770 ἡ
480 2699 538 2755 δὲ
567 2701 632 2759 ο“.
666 2702 701 2769 ἠ
734 2697 792 2755 δὲ
843 2700 969 2772 τρία
1022 2699 1213 2772 ἣμισυ,
1273 2700 1475 2762 ἱκανῶς
1531 2698 1771 2757 ἐντεῦθεν
1800 2699 1962 2772 ἡμῖν,

312 2790 388 2852 ὡς
419 2788 541 2844 οἷόν
585 2809 667 2859 τε,
718 2783 1117 2845 ἀποδέδεικται.
1174 2783 1314 2860 Φέρε
1370 2786 1437 2858 δὴ
1492 2786 1689 2844 λοιπὸν
1718 2787 1963 2864 καὶπερὶ

308 2877 513 2948 ταύτης
543 2875 806 2950 εἴπωμεν.
859 2878 982 2933 Ὀτι
1014 2878 1119 2955 γὰρ
1173 2876 1263 2931 καὶ
1319 2877 1444 2953 περὶ
1474 2883 1573 2948 τῆς
1605 2875 1842 2959 ἐσχάτης
1874 2899 1963 2934 τε·

308 2967 514 3043 τάρτης
570 2966 660 3021 καὶ
711 2964 1025 3029 τελευταίας
1081 2965 1528 3047 προανεφώνησεν
1585 2968 1613 3021 6
1669 2970 1960 3047 προφήτης

310 3057 491 3126 οὗτος,
542 3054 697 3113 αὐτὸν
748 3055 1047 3133 παρέξομεν
1108 3055 1200 3112 τὸν
1253 3054 1518 3126 Ἰώσηπον
1573 3055 1837 3132 μάρτυρα,
1870 3058 1962 3113 τὸν

311 3147 380 3201 τὰ
406 3144 620 3201 ἕκείνων
652 3149 970 3225 φρονοῦντα.
1032 3142 1258 3215 Ἐπειδή
1311 3143 1414 3221 γὰρ
1464 3144 1583 3201 εἶπε
1612 3144 1677 3200 τὰ
1707 3144 1830 3219 περὶ
1860 3147 1959 3215 τῆς

306 3235 606 3311 ’Δντιόχου
666 3231 1055 3314 αῗχμυλωσίας
1113 3233 1203 3289 καὶ
1264 3234 1511 3311 μάρτυρα
1546 3235 1638 3288 τὸν
1669 3236 1959 3313 προφήτην

306 3325 640 3401 παρήγαγεν,
701 3321 890 3398 ἐπάγει
949 3322 1038 3378 καὶ
1095 3321 1220 3395 περὶ
1275 3323 1498 3393 ταύτης,
1537 3321 1624 3378 καί
1659 3343 1812 3401 φησι’
1847 3324 1955 3384 Τὸν

305 3414 469 3470 αὐτόν
500 3413 561 3489 γέ
590 3434 674 3468 τοι
705 3410 908 3489 τρόπον
968 3408 1175 3482 Δανιὴλ
1224 3411 1311 3466 καὶ
1359 3414 1482 3487 περὶ
1537 3419 1640 3482 τῆς
1672 3412 1957 3488 Ῥωμαίων

303 3501 607 3579 ἡγεμονίας
638 3500 921 3580 ἀνέγραψε,
954 3500 1042 3555 καὶ
1107 3498 1185 3557 ἔτι
1249 3501 1339 3556 ὑπ’
1386 3501 1561 3557 αὐτῶν
1595 3500 1954 3579 ἐρημωθήσε-

308 3613 420 3661 ται,
489 3591 556 3647 τᾶ
618 3590 970 3668 Ἰεροσόλυμα
1040 3590 1127 3646 καί
1196 3590 1224 3645 6
1299 3591 1428 3653 ναὸς
1500 3590 1952 3664 καταλυθήσεται.

297 3683 380 3739 Σὺ
436 3679 494 3738 δὲ
546 3702 639 3754 μοι
698 3682 885 3737 σκόπει
938 3680 1006 3783 το
1059 3678 1363 3760 φιλάληοες
1411 3685 1508 3736 τοῦ
1559 3678 1774 3757 ἀνδρὸς,
1816 3679 1875 3743 ὅς
1906 3681 1953 3736 εἰ
1986 3719 2028 3783 C

294 3773 392 3831 καὶ
448 3770 708 3833 Ἰουδαῖος
767 3771 855 3842 ἦν,
914 3767 1041 3826 ἀλλ’
1098 3768 1196 3827 οὐκ
1251 3771 1514 3849 ἠνέσχετο
1576 3768 1819 3841 ζηλῶσαι
1852 3771 1949 3840 την

290 3858 603 3932 Ἰουδαῖκήν
659 3858 992 3942 φιλονεικίαν
1046 3881 1105 3915 τε
1171 3859 1261 3919 καὶ
1321 3857 1707 3938 ψευδηγορίαν.
1768 3860 1950 3917 Είπὼν

293 3952 405 4030 γὰρ
467 3951 550 4008 ὅτι
607 3950 1034 4028 ἐρημωηήσεται
1089 3949 1157 4005 τά
1213 3950 1568 4027 Ἰεροσόλυμα
1616 3950 1707 4006 καὶ
1758 3952 1787 4006 6
1826 3952 1953 4014 ναὸς

294 4039 755 4113 καταλυθήσεται,
815 4041 897 4115 [Ρ.
949 4041 1076 4114 232]
1139 4037 1385 4117 ἔγραψεν,
1445 4038 1526 4097 ὅτι
1587 4038 1647 4096 δὶ
1701 4039 1950 4111 στήσεταί

294 4150 408 4184 που
458 4128 527 4183 τὰ
581 4130 681 4194 τῆς
737 4126 1069 4205 ἐρημώσεως
1128 4127 1306 4187 οὐκέτι
1367 4129 1722 4207 προσέθηκεν,
1762 4125 1950 4199 ἐπειδὴ

301 4215 447 4292 μηδὲ
472 4218 563 4273 τὸν
612 4219 901 4296 προφήτην
952 4215 1073 4294 εῦρε
1122 4217 1367 4275 τοιοῦτόν
1402 4240 1454 4273 τι
1488 4218 1808 4293 προσθέντα.
1842 4218 1953 4273 Ποῦ

296 4305 484 4362 τοίνυν
517 4305 630 4360 εἶπε
662 4304 867 4374 Δανιήλ
916 4304 998 4360 ὅτι
1032 4306 1060 4360 ὁ
1089 4307 1216 4369 ναὸς
1268 4304 1685 4382 ἐρημωθήσεται
1713 4325 1726 4376 ;
1752 4308 1952 4365 Ἀκου·

296 4416 409 4453 σον.
473 4392 693 4466 Ἐπειδὴ
753 4394 858 4473 γὰρ
925 4395 1024 4464 τὴν
1108 4396 1420 4474 προσευχὴν
1480 4392 1684 4468 ἐκείνην
1743 4397 1842 4466 τήν
1898 4394 1949 4451 ἐν

300 4505 484 4558 σακκῳ
540 4483 629 4539 καὶ
689 4482 877 4556 σποδῷ
930 4482 1249 4554 ἐποιήσατο,
1308 4484 1447 4554 ἦλθε
1510 4481 1757 4561 Γαϐριὴλ
1816 4487 1953 4560 πρὸς

302 4572 488 4642 αὐτὸν,
556 4571 642 4631 καί
730 4591 916 4646 φησιν’
976 4567 1390 4646 Ἐϐδομήκοντα
1472 4569 1773 4646 ἑϐδομάδες
1831 4595 1955 4631 συν-

306 4664 623 4736 ετμήθησαν
656 4658 744 4716 ἐπὶ
795 4662 887 4715 τὸν
932 4661 1065 4717 λαόν
1116 4683 1211 4716 σου
1267 4662 1359 4718 καὶ
1418 4662 1505 4716 ἐπὶ
1534 4664 1632 4733 τήν
1661 4663 1824 4719 πόλιν
1852 4665 1950 4737 τὴν

304 4751 481 4826 ἁγίαν.
542 4747 681 4807 Ἰδοὺ
738 4749 828 4806 καὶ
908 4750 1135 4806 ἐνταῦθα
1209 4752 1412 4832 χρόνος
1464 4750 1676 4828 ε”ρηται
1736 4752 1798 4807 οὗ
1854 4758 1954 4825 τῆς

303 4838 709 4917 αἰχμαλωσίας,
742 4839 887 4895 ἀλλὰ
921 4844 1039 4911 μεθ’
1069 4839 1192 4894 ὅσον
1222 4840 1423 4923 χρόνον
1456 4834 1685 4914 ἔμελλεν
1717 4844 1750 4912 ἡ
1781 4842 1955 4919 αἰχμ-

297 4929 514 4986 αλωσία
544 4930 965 5000 ἀπαντήσεσθαι.
1000 4929 1130 4984 Εἶτα
1159 4927 1325 4983 πάλιν
1350 4931 1515 5009 φησίν
1546 4925 1948 5008 ἀκριϐέστερον·

295 5021 398 5078 Καὶ
429 5018 611 5098 γνώσῃ
653 5019 742 5077 καὶ
774 5021 1025 5089 συνήσεις
1056 5018 1163 5075 ἀπὸ
1219 5018 1404 5090 ἐξὸδου
1453 5020 1633 5095 λόγων
1674 5027 1771 5076 τοῦ
1810 5020 1946 5079 ἀπο-

295 5109 543 5184 κριθῆναι
575 5105 664 5163 καὶ
712 5110 811 5163 τοῦ
860 5103 1226 5179 οἰκοδομῆσαι
1269 5107 1655 5182 Ἰερουσαλῆμ,
1686 5106 1788 5172 ἕως
1814 5112 1943 5183 Χρι-
1981 5088 2025 5149 D

300 5202 429 5253 στοῦ
488 5197 822 5271 ἡγουμένου,
879 5189 1189 5271 ἑϐδομάδας
1248 5202 1290 5267 ζ’
1347 5198 1435 5250 καὶ
1489 5192 1797 5272 ἑϐδομάδας

299 5285 562 5350 Ἐνταῦθά
596 5306 689 5359 μοι
718 5288 996 5361 νουνεχῶς
1030 5284 1287 5360 πρόσεχε’
1328 5284 1390 5341 τὸ
1448 5284 1553 5363 γάρ
1590 5290 1690 5341 πᾶν
1722 5286 1949 5344 ἐνταῦθά

295 5376 406 5432 ἔστι
432 5377 495 5429 τὸ
524 5373 877 5449 ζητούμενον.
901 5368 1236 5447 Ἐϐδομάδες
1259 5372 1351 5429 οὖν
1376 5378 1417 5444 ζ’
1442 5375 1531 5429 καὶ
1553 5370 1852 5449 ἐϐδομάδες

291 5470 410 5540 υπγ’
442 5458 536 5533 ἔτη
571 5461 723 5519 εἰσίν.
760 5457 1102 5535 Ἐϐδομάδας
1150 5462 1255 5536 γὰρ
1300 5462 1409 5540 οὐχ
1464 5465 1689 5539 ⁴ἡμερῶν
1722 5462 1947 5531 ἐνταῦθα

292 5551 463 5629 λέγει,
492 5549 615 5606 οὐδὲ
648 5554 859 5625 μηνῶν,
892 5547 1019 5604 ἀλλ’
1049 5544 1355 5623 ἑϐδομάδας
1406 5551 1685 5610 ἐνιαυτῶν.
1724 5554 1858 5612 Ἀπὸ
1891 5551 1947 5610 δὲ

296 5641 480 5718 Κύρου
507 5640 594 5696 ἐπὶ
628 5637 922 5713 Ἀντίοχον
952 5639 1042 5693 τὸν
1075 5640 1375 5717 Ἐπιφανῆς
1401 5642 1492 5695 καὶ
1522 5644 1623 5712 τήν
1656 5640 1949 5723 αἰχμαλω-

296 5730 415 5787 σίαν
463 5728 667 5800 ἐκείνην
739 5725 834 5798 ἔτη
905 5726 1008 5782 είσὶ
1083 5724 1217 5806 τιιδκ
1281 5730 1412 5787 Εἶτα
1480 5727 1747 5787 διδάσκων
1797 5733 1945 5805 ἡμᾶς

2076 2433 2245 2507 cujus
2277 2435 2464 2506 gratia
2494 2433 2619 2488 hanc
2650 2434 3027 2501 adduximus,
3063 2440 3122 2488 et
3150 2433 3222 2488 de
3255 2433 3465 2488 ultimo
3504 2432 3731 2488 Iudaeo-

2076 2541 2206 2579 rum
2229 2525 2438 2580 exsilio
2462 2526 2747 2581 dicamus.
2774 2526 2926 2580 Satis
2950 2525 3106 2579 enim
3140 2524 3449 2596 perspicue
3483 2524 3734 2578 demon-

2074 2615 2389 2669 stravimus
2416 2615 2593 2669 trium
2619 2614 2884 2685 priorum
2909 2613 3315 2669 calamitatum
3340 2617 3607 2683 tempora
3636 2628 3729 2666 ex-

2074 2721 2275 2778 presse
2307 2704 2588 2777 praedicta
2608 2703 2810 2774 fuisse,
2846 2720 3138 2760 annorum
3160 2705 3285 2771 400,
3314 2719 3605 2759 annorum
3634 2705 3723 2783 70,

2074 2810 2364 2849 annorum
2394 2794 2427 2848 3
2458 2810 2504 2847 s.
2540 2794 2815 2849 Dicamus
2844 2809 2978 2866 ergo
3000 2794 3179 2848 etiam
3211 2792 3283 2848 de
3315 2797 3558 2864 quarta:
3584 2806 3723 2847 nam

2072 2882 2143 2938 de
2173 2883 2282 2938 hac
2301 2884 2478 2938 etiam
2502 2888 2713 2954 quarta
2734 2888 2912 2954 atque
2953 2888 3252 2954 postrema
3282 2880 3595 2937 Danielum
3625 2895 3727 2935 va—

2073 2968 2401 3043 ticinatum,
2449 2971 2535 3027 vel
2583 2972 2925 3043 Josephum,
2988 2971 3290 3025 hominem
3343 2968 3415 3025 ab
3457 2969 3722 3041 ipsorum

2070 3060 2357 3133 partibus,
2391 3067 2601 3119 testem
2632 3061 2814 3117 citare
2836 3060 2994 3116 licet.
3027 3061 3173 3115 Cum
3204 3059 3363 3115 enim
3386 3057 3457 3114 de
3488 3058 3722 3115 excidio

2069 3149 2415 3209 Antiochico
2443 3148 2675 3207 locutus
2706 3149 2935 3205 Danieli
2978 3148 3321 3203 testimonio
3373 3162 3480 3202 sua
3510 3146 3724 3202 confir-

2068 3243 2311 3307 masset,
2334 3238 2407 3294 de
2429 3243 2639 3314 quarto
2662 3240 2747 3294 sic
2764 3238 2974 3293 infert:
2998 3237 3220 3293 Eodem
3243 3234 3418 3291 modo
3438 3236 3720 3291 Danielus

2068 3328 2247 3383 etiam
2274 3327 2345 3383 de
2378 3330 2778 3385 Romanorum
2804 3327 3053 3400 imperio
3078 3324 3427 3381 vaticinatus
3448 3330 3557 3394 est,
3590 3324 3719 3380 Hie-

2067 3417 2426 3490 rosolymam
2440 3417 2514 3473 ab
2528 3417 2601 3473 iis
2613 3421 2901 3475 vastatum
2917 3416 3323 3489 templumque
3338 3430 3604 3470 aversum
3619 3414 3715 3472 iri.

2066 3506 2302 3562 Acmihi
2322 3505 2583 3561 veritatis
2605 3506 2866 3561 studium
2891 3506 2951 3561 in
2971 3520 3038 3561 eo
3063 3506 3183 3560 viro
3204 3502 3536 3570 considera,
3562 3504 3713 3559 407

2067 3593 2166 3665 qui
2200 3593 2434 3648 tametsi
2462 3592 2699 3648 .ludaaus
2730 3597 2875 3657 erat,
2898 3590 3201 3647 Iudaicam
3242 3597 3439 3645 tamen
3472 3592 3714 3645 conten-

2067 3679 2243 3735 dendi
2272 3686 2331 3735 et
2358 3680 2685 3736 mentiendi
2715 3678 3019 3737 libidinem
3066 3680 3279 3735 imitati
3328 3676 3538 3733 noluit.
3571 3678 3716 3733 Cum

2065 3770 2223 3827 enim
2256 3770 2552 3825 excidium
2586 3769 2750 3825 urbis
2782 3775 2840 3825 et
2860 3770 3065 3841 templi
3090 3770 3444 3841 scripsisset,
3469 3784 3588 3823 non
3612 3768 3715 3824 ad-

2063 3859 2150 3915 dit
2180 3858 2416 3933 quando
2450 3859 2500 3914 ei
2535 3858 2855 3914 calamitati
2890 3858 3025 3912 finis
3056 3857 3132 3913 sit
3171 3857 3426 3923 futurus,
3459 3858 3599 3927 quia
3628 3857 3720 3928 ip-

2065 3941 2194 4003 sum
2242 3964 2477 4021 quoque
2536 3944 2883 4002 vatemnihil
2930 3945 3047 4001 tale
3107 3943 3405 4001 addidisse
3454 3943 3711 4000 videbat.

2064 4037 2214 4094 Audi
2248 4055 2385 4093 vero
2416 4037 2517 4092 ubi
2551 4037 2830 4092 Danielus
2881 4035 3266 4091 vastationem
3310 4033 3511 4107 templi
3559 4051 3712 4105 prm-

2064 4126 2298 4183 dixerit.
2332 4128 2651 4197 Postquam
2676 4143 2841 4182 sacro
2861 4126 3105 4181 indutus
3131 4130 3188 4179 et
3210 4124 3410 4180 cinere
3435 4138 3709 4195 consper-

2065 4233 2164 4274 sus
2195 4214 2379 4272 Deum
2411 4216 2761 4288 deprecatus
2793 4214 2924 4283 fuit,
2959 4216 3116 4270 venit
3146 4215 3219 4269 ad
3251 4228 3383 4268 eum
3405 4211 3710 4268 Gabrielus

2063 4323 2132 4362 ac
2151 4306 2422 4361 dicit:70
2463 4305 2810 4377 septimana:
2850 4303 3207 4360 decidantur
3239 4303 3455 4376 populo
3487 4309 3606 4371 tuo,
3654 4306 3713 4355 et

2062 4391 2194 4449 urbi
2228 4398 2467 4448 sanctas.
2500 4391 2646 4447 Ecce
2681 4395 2913 4462 tempus
2944 4406 3061 4461 quo
3092 4406 3211 4445 non
3240 4389 3424 4461 ipsius
3457 4388 3709 4444 calami-

2063 4482 2200 4538 tatis
2232 4498 2420 4551 mora,
2454 4481 2557 4537 sed
2588 4478 2825 4553 quando
2850 4484 3005 4535 esset
3035 4479 3236 4535 futura
3256 4496 3324 4534 ca
3346 4479 3710 4551 designatur.

2063 4573 2191 4627 Mox
2224 4570 2558 4643 expressius
2580 4571 2694 4626 ait:
2719 4570 3050 4642 Cognosces
3086 4576 3261 4641 atque
3288 4569 3604 4642 intelliges,
3638 4567 3711 4622 ab

2064 4661 2223 4717 exitu
2255 4660 2566 4729 sermonis,
2599 4677 2735 4715 cum
2763 4659 3067 4715 decretum
3102 4658 3202 4713 fiet
3222 4657 3294 4713 de
3326 4656 3715 4712 instauranda

2065 4750 2489 4823 Hierosolyma,
2549 4764 2738 4821 usque
2796 4747 2872 4805 ad
2927 4748 3242 4820 imperium
3293 4747 3477 4813 uncti,
3537 4749 3712 4799 erunt

2064 4842 2411 4914 septimame
2441 4844 2473 4895 '7
2504 4845 2562 4895 et
2588 4841 2935 4912 septimana:
2965 4842 3053 4896 62.
3090 4841 3278 4909 Atque
3310 4838 3405 4891 hic
3438 4834 3583 4889 mihi
3619 4834 3709 4887 di-

2063 4931 2312 5004 ligenter
2340 4930 2603 4986 animum
2652 4929 2928 4985 adverte:
2981 4927 3076 4983 hic
3122 4929 3280 4982 enim
3313 4932 3401 4980 est
3450 4924 3506 4977 id
3549 4922 3708 4993 quod

2063 5020 2368 5093 quaeritur.
2404 5018 2759 5091 Septimanaa
2789 5022 2819 5071 Ἰ
2853 5022 2911 5072 et
2939 5017 3070 5072 alia:
3102 5018 3170 5070 62
3200 5031 3387 5070 annos
3435 5012 3709 5078 redigunt

2056 5111 2196 5164 483:
2234 5125 2353 5164 non
2385 5109 2543 5164 enim
2576 5107 2830 5173 dierum,
2863 5123 2982 5161 non
3024 5105 3339 5167 mensium,
3373 5100 3474 5156 sed
3520 5116 3707 5154 anno-

2055 5214 2187 5253 rum
2218 5197 2565 5269 septimanaa
2612 5195 3047 5266 intelliguntur.
3093 5193 3218 5246 Jam
3265 5208 3298 5245 a
3345 5191 3492 5259 Cyro
3514 5203 3706 5258 usque

2055 5287 2130 5342 ad
2161 5287 2517 5342 Antiochum
2550 5285 2916 5356 Epiphanem
2950 5288 3008 5336 et
3029 5282 3235 5336 urbem
3261 5279 3332 5335 ab
3356 5296 3424 5335 eo
3451 5283 3706 5350 captam,

2055 5376 2197 5431 anni
2232 5380 2369 5429 sunt
2399 5375 2521 5429 394.
2560 5375 2740 5427 Docet
2767 5388 2939 5443 porro
2971 5387 3103 5433 nos,
3138 5386 3172 5424 a
3202 5385 3317 5440 quo
3364 5368 3538 5422 initio
3570 5366 3711 5423 anni

2055 5471 2195 5521 sunt
2215 5463 2604 5519 numerandi:
2639 5479 2759 5517 non
2781 5479 2815 5517 a
2844 5460 2938 5516 die
2970 5461 3215 5530 reditus,
3249 5458 3353 5515 sed
3384 5477 3419 5515 a
3438 5458 3709 5531 publica-

2054 5554 2217 5610 tione
2237 5552 2456 5609 decreti
2496 5551 2568 5607 de
2592 5550 2980 5607 instauranda
2997 5551 3163 5607 urbe.
3180 5552 3358 5623 Atqui
3393 5568 3513 5607 non
3534 5553 3710 5624 Cyro,

2056 5642 2159 5698 sed
2192 5646 2510 5698 Artaxerxe
2542 5641 2784 5697 demum
2816 5641 3176 5715 Longimano
3210 5647 3495 5715 regnante
3520 5657 3590 5698 ea
3623 5646 3713 5697 est

2056 5732 2292 5788 refecta.
2326 5732 2472 5786 Nam
2500 5746 2533 5785 a
2563 5728 2758 5785 reditu
2786 5731 3123 5787 Judmorum
3158 5732 3499 5804 supervenit
3537 5729 3710 5784 Cam-
