4194 6198
454 380 495 440 4
516 383 583 438 Π
1820 374 2121 436 ϐΕΟΜΞΙΪ

2230 375 2529 437 EDRENI
3758 381 3879 440 448

451 509 644 581 byses,
664 508 885 564 deinde
901 507 1076 579 Magi,
1100 512 1233 578 post
1248 523 1348 562 eos
1367 508 1591 563 Darius-
1611 508 1914 579 Hystaspis
1936 507 2116 573 ﬁlius,

2232 506 2392 569 πόθεν
2423 506 2676 581 ἀριθμεῖν
2734 504 2837 577 δεῖ,
2895 507 2978 562 ὃτι
3037 506 3137 562 οὐκ
3192 507 3298 563 ἀπὸ
3348 515 3450 578 τῆς
3514 509 3721 584 ἡμέρας
3779 517 3882 580 τῆς

452 599 593 654 indo
615 595 1003 652 XerxesDarii
1043 594 1204 651 ﬁlius
1227 602 1285 651 et
1321 595 1922 665 Artabanus,tandcm
1955 594 2109 652 408

456 690 806 743 Artaxerxes
829 685 1230 758 Longimanus
1262 703 1443 759 regno
1478 688 1717 743 Persico
1750 692 1838 742 est
1867 687 2111 759 potitus.

462 777 520 848 Ε]
531 792 599 829 us
621 774 785 846 regni
809 790 968 829 anno
992 774 1273 831 vicesimo
1294 776 1568 832 Neemias
1588 777 1889 848 profectus
1907 775 2114 831 urbem

458 862 754 935 reparavit
781 882 796 931 ;
820 862 978 933 quod
996 863 1211 921 Esdras
1236 865 1411 921 nobis
1430 871 1704 921 accurate
1726 871 1945 920 narrat.
1972 865 2114 920 Inde

455 954 502 1008 si
527 968 915 1008 numeremus
946 969 1134 1009 annos
1152 956 1279 1022 483,
1302 973 1548 1027 prorsus
1573 956 1646 1012 ad
1670 955 1964 1010 excidium
1988 954 2117 1027 ejus

454 1042 885 1115 pertingemus.
922 1043 1085 1098 Sicut
1116 1060 1354 1100 rursum
1386 1044 1480 1099 his
1510 1044 1703 1100 verbis
1734 1049 1991 1100 testatua
2021 1045 2113 1098 Jo-

464 1134 719 1205 sephus:
756 1134 916 1189 urbis
940 1140 1141 1191 autem
1172 1140 1232 1189 et
1260 1136 1469 1208 templi
1493 1136 1881 1191 vastationem
1913 1148 2118 1190 secun'

463 1222 605 1278 dum
638 1223 1005 1279 Danielioum
1054 1224 1363 1280 oraculum
1411 1226 1647 1281 evenire
1697 1224 1942 1296 contigit
1982 1229 2117 1280 ante

461 1332 654 1371 annos
675 1316 798 1370 408.
824 1317 1167 1387 Propterea,
1189 1317 1406 1388 inquit,
1431 1316 1823 1372 mdiﬁcabitur
1844 1316 2041 1388 platea
2060 1321 2119 1370 et

464 1420 689 1460 murus.
715 1405 859 1459 Cum
883 1422 1019 1477 ergo
1058 1404 1276 1461 refecta
1294 1406 1475 1461 fuerit
1494 1405 1635 1460 urbs
1683 1421 1970 1476 suamque
2000 1404 2116 1459 for.

463 1511 623 1551 mam
645 1495 961 1566 receperit,
996 1500 1136 1550 tunc
1168 1496 1364 1568 incipe
1395 1511 1712 1551 numerare
1741 1496 1812 1549 70
1843 1494 2119 1567 septima-

465 1601 610 1653 nas;
647 1584 861 1655 quibus
894 1585 1102 1655 ﬁnitis,
1133 1584 1430 1640 delebitur
1446 1585 1648 1641 unctio
1671 1583 2002 1640 etcessabit
2024 1584 2115 1656 ju-

464 1674 708 1744 dicium,
740 1674 827 1728 uti
849 1674 1016 1745 prius
1039 1674 1320 1730 diximus.
1342 1675 1649 1730 Enimvero
1672 1680 1805 1745 post
1822 1672 2117 1728 excidium

466 1762 652 1829 urbis,
686 1762 844 1832 quod
876 1763 1235 1834 Vespasiano
1269 1768 1327 1818 et
1355 1764 1480 1818 Tito
1507 1761 1939 1834 imperantibus
1980 1760 2113 1830 fuit,

463 1850 725 1907 Adriano
738 1850 1067 1923 imperante
1077 1851 1121 1917 ,J
1129 1852 1281 1906 udaei
1295 1851 1528 1907 collecti
1549 1851 1713 1906 irrite
1729 1856 1935 1906 contra
1948 1850 2115 1906 Deun‘.
2150 1874 2194 1938 Β

465 1945 680 1996 conatu
712 1941 971 2014 aggressi
1005 1946 1145 1996 sunt
1174 1958 1299 1997 rem
1332 1941 1634 2012 publicam
1665 1940 1979 2011 pristinam
2022 1938 2114 1993 in-

465 2036 752 2085 staurare.
786 2030 898 2085 Sed
926 2030 1222 2085 Adrianus
1254 2048 1356 2085 eos
1378 2029 1561 2086 armis
1593 2029 1841 2089 demuit.
1874 2027 2115 2083 urbem-

464 2136 582 2190 que
608 2118 877 2174 funditus
909 2120 1137 2186 evertit,
1171 2124 1230 2174 et
1260 2119 1545 2190 reliquias
1576 2120 1704 2190 ejus
1735 2133 1944 2174 omnes
1974 2116 2118 2172 abo-

466 2208 644 2275 levit;
696 2207 992 2279 aliamque
1042 2207 1180 2264 inde
1212 2208 1293 2263 ibi
1342 2207 1550 2263 urbem
1599 2207 1863 2263 condens
1912 2206 1983 2262 de
2014 2222 2120 2261 suo

469 2297 711 2352 nomine
731 2296 937 2352 fEliam
960 2296 1128 2353 dixit.
1152 2299 1355 2368 Itaque
1379 2297 1646 2352 Christus
1677 2301 1809 2369 post
1846 2295 2119 2351 Antiochi

470 2392 738 2458 tempora
759 2386 1056 2442 exhibitus
1079 2393 1138 2441 et
1159 2386 1424 2442 futurum
1446 2385 1739 2443 excidium
1769 2384 2120 2457 praacidens,

352 2486 373 2501 ‘
469 2475 913 2547 ostendensque
936 2476 1008 2532 de
1023 2493 1090 2532 eo
1110 2476 1424 2532 Danielum
1439 2492 1571 2531 esse
1584 2475 1990 2541 vaticinatum,
2011 2474 2118 2529 ait:

471 2566 619 2620 Cum
651 2565 925 2621 videbitis
956 2564 1427 2622 abominandum
1457 2565 1742 2622 vastitatis
1767 2564 2023 2636 signum,
2050 2562 2123 2618 de

470 2672 588 2727 quo
623 2656 904 2711 Danielus
937 2661 1098 2712 vates
1129 2655 1364 2711 locutus
1395 2660 1504 2723 est,
1539 2660 1693 2710 stare
1726 2654 1785 2708 in
1816 2654 1944 2708 loco
1989 2668 2122 2708 san-

470 2750 586 2813 cto,
630 2746 730 2816 qui
762 2744 927 2816 legit,
959 2745 1225 2799 animum
1256 2744 1538 2800 advertat.
1570 2744 1718 2808 Quia
1746 2743 1907 2797 enim
1947 2757 2123 2797 omne

468 2833 864 2887 simulacrum
895 2838 955 2886 et
984 2832 1210 2904 efﬁgies
1243 2833 1500 2887 humana
1531 2831 1798 2887 aJudazis
1827 2830 2126 2887 abomina-

470 2922 554 2976 tio
588 2921 827 2989 dicitur,
861 2936 968 2991 per
1015 2920 1292 2992 ambages
1340 2921 1506 2976 illam
1538 2925 1793 2976 statuam
1841 2920 2121 2986 innuens,

472 3010 653 3064 simul
684 3014 742 3064 et
767 3010 1009 3081 quando
1046 3015 1103 3064 et
1133 3026 1167 3064 a
1195 3027 1314 3081 quo
1346 3009 1486 3064 urbs
1520 3014 1677 3064 esset
1722 3005 2126 3065 exscindenda

468 3097 621 3153 409
643 3097 1008 3153 monstravit.
1031 3098 1223 3169 Atque
1242 3097 1299 3152 id
1323 3096 1395 3153 de
1419 3097 1701 3153 Romanis
1723 3114 1852 3153 esse
1875 3097 2119 3165 dictum,

465 3185 644 3242 etiam
665 3186 905 3258 Iosephi
948 3185 1288 3241 testimonio
1322 3185 1658 3240 docuimus.
1678 3185 1829 3250 Quid
1866 3202 2002 3259 ergo
2021 3187 2119 3242 Ju-

462 3275 606 3332 daais
628 3279 895 3347 superest
910 3273 1070 3346 quod
1093 3273 1336 3329 dicant?
1355 3273 1593 3345 quando
1615 3280 1775 3329 vates
1815 3274 2118 3331 calamita-

468 3371 595 3420 tum
620 3364 799 3419 simul
820 3369 1093 3435 tempora
1104 3363 1496 3435 praadicentes
1518 3362 1966 3435 deﬁnita,hujus
1989 3366 2119 3421 nul-

463 3454 594 3509 lum
620 3453 943 3508 terminum
966 3451 1539 3519 constituerunt,sed
1561 3458 1769 3508 contra
1784 3454 2120 3510 vastitatem

465 3558 597 3599 eam
630 3557 816 3612 usque
847 3541 922 3597 ad
952 3542 1133 3597 ﬁnem
1161 3541 1369 3597 mundi
1401 3540 1749 3598 duraturam
1779 3544 2124 3615 pronuntia-

463 3635 694 3688 verunt.
719 3631 987 3702 Satisque
1007 3636 1098 3686 est
1126 3648 1160 3686 a
1180 3631 1355 3687 nobis
1373 3631 1870 3702 demonstratum,
1904 3633 1951 3687 si
1997 3634 2122 3704 qui-

461 3720 599 3775 dem
629 3720 766 3775 ﬁnis
798 3724 957 3776 esset
985 3720 1221 3775 futurus
1252 3720 1391 3776 huic
1440 3719 1649 3775 ultimo
1694 3720 1929 3791 exsilio,
1962 3728 2121 3778 vates

464 3809 695 3865 divinos
715 3825 850 3865 eum
862 3809 1045 3865 fuisse
1060 3809 1450 3881 praedicturos
1472 3815 1531 3865 et
1546 3826 1923 3882 nequaquam
1938 3810 2120 3866 silen-

464 3899 547 3955 tio
570 3899 998 3971 prasterituros.
1020 3899 1247 3971 Quippe
1269 3899 1608 3971 superiores
1624 3899 1897 3955 miserias
1914 3914 2121 3955 omnes

464 4008 602 4046 cum
615 3992 698 4048 ita
712 3992 1095 4064 prmdixerint
1106 3997 1172 4047 ut
1187 3991 1367 4047 simul
1379 3991 1635 4063 spatium
1652 3991 1812 4063 quod
1824 3992 2122 4048 duratura)

464 4086 664 4137 essent
678 4081 1341 4152 deﬁnirent,modosque
1356 4086 1415 4135 et
1430 4086 1693 4152 tempora
1706 4081 2121 4153 exprimerent,

468 4172 639 4227 sicuti
678 4188 748 4227 ex
780 4171 1080 4243 Scriptura
1126 4170 1460 4233 docuimus,
1508 4171 1647 4225 huic
1677 4170 1903 4227 ultimm
1943 4187 2121 4226 nemo

467 4276 675 4315 eorum
725 4265 959 4331 tempus
1005 4260 1333 4316 constituit.
1362 4259 1427 4314 Id
1461 4260 1702 4331 quidem
1750 4260 1915 4316 urbis
1948 4266 2006 4315 et
2035 4259 2121 4314 rei

469 4349 722 4420 publica)
753 4350 879 4405 fore
910 4348 1232 4419 excidium,
1262 4348 1462 4405 addito
1486 4353 1632 4420 quot
1659 4364 1850 4406 annos
1864 4355 1999 4422 post
2026 4365 2123 4404 re-

471 4437 662 4493 ditum
696 4437 989 4509 Babylone
1012 4437 1072 4494 id
1095 4443 1443 4493 eventurum
1463 4443 1638 4505 esset,
1662 4438 2016 4494 vaticinatus
2036 4441 2126 4493 est

471 4526 753 4582 Danielus
784 4544 797 4582 :
830 4528 1011 4583 ﬁnem
1060 4531 1257 4584 autem
1313 4527 1444 4582 istis
1474 4527 1648 4582 malis
1698 4527 1959 4599 aliquem
1996 4526 2123 4582 fore

2222 591 2512 663 ἐπινόδου,
2545 594 2672 651 ἀλλ’
2722 596 2829 651 ἀπὸ
2884 594 3072 669 ἐξόδου
3129 594 3313 673 λόγων
3369 602 3466 652 τοῦ
3518 597 3882 673 ἀποκριθῆναι

2221 684 2310 738 καὶ
2365 689 2461 739 τοῦ
2493 682 2862 758 οἰκοδομῆσαι
2918 684 3305 762 Ἰερουσαλήμ.
3340 687 3458 743 Οὐκ
3509 686 3594 742 ἐπὶ
3627 686 3786 763 Κύρῳ
3820 686 3878 744 δὲ

2223 769 2586 847 ᾠκοδομήθη,
2617 773 2747 830 ἀλλ’
2776 772 2864 829 ἐπὶ
2906 778 3005 829 τοῦ
3053 774 3402 851 ’Δρταξέρξου
3432 781 3530 831 τοῦ
3572 777 3879 853 μακρόχει-

2226 881 2340 936 ρος’
2400 863 2552 918 Μετά
2603 861 2707 939 γᾶρ
2762 864 2861 930 τήν
2921 859 3151 917 καθοδον
3222 861 3496 933 ἐπανῆλθε
3553 861 3875 938 Καμϐύσης,

2225 949 2341 1005 εἶτα
2372 950 2423 1004 οἱ
2457 951 2662 1026 Μάγοι,
2720 951 2808 1005 καὶ
2869 951 2983 1024 μετ’
3037 950 3274 1014 ἐκείνους
3304 958 3527 1029 Δαρεῖος
3555 953 3877 1023 ἰ’στάσποο,

2228 1039 2347 1111 μεθ’
2413 1038 2470 1094 ὅν
2537 1040 2747 1116 Ξὲρξης
2814 1041 2842 1096 6
2912 1041 3136 1114 Δαρείου
3202 1043 3293 1096 καὶ
3352 1037 3880 1114 Ἀρταϐάνης.Εἶτα

2227 1128 2582 1204 Ἀρταξέρξης
2614 1130 2641 1185 6
2687 1131 3010 1207 Μακρόχειρ
3067 1125 3383 1186 ἐϐασίλευσε
3436 1139 3536 1202 τῆς
3593 1130 3877 1209 Περσίδος·

2227 1217 2282 1273 ἐν
2310 1222 2390 1290 τῷ
2418 1219 2465 1274 κ’
2512 1214 2620 1274 ἔτει
2655 1226 2756 1289 τῆς
2811 1219 3088 1295 βασιλείας
3128 1219 3302 1275 αὐτοῦ
3351 1221 3586 1294 Νεεμίας
3635 1220 3881 1286 ἀνελθὼν

2226 1312 2326 1383 τὴν
2354 1309 2520 1366 πόλιν
2554 1311 2859 1383 ἀνέστησεν,
2917 1312 3050 1385 ἅπερ
3084 1314 3113 1367 6
3164 1310 3398 1388 Ἔσδρας
3452 1309 3693 1389 ἀκριέῶς
3740 1316 3879 1387 ἡμῖν

2227 1396 2547 1471 διηγήσατο.
2602 1401 2703 1457 Ἀν
2769 1402 2950 1456 τοίνυν
3028 1400 3266 1456 ἐντεῦθεν
3312 1404 3630 1477 τετρακόσια
3680 1400 3881 1479 676015-

2224 1509 2389 1544 κοντα
2417 1488 2539 1565 τρία
2571 1491 2754 1562 θῶμεν
2812 1482 2931 1560 ἔτη,
2964 1491 3169 1563 ἥξομεν
3222 1487 3430 1554 πέντως
3468 1489 3558 1546 ἐπὶ
3586 1493 3685 1562 τὴν
3712 1511 3877 1546 κατα-

2227 1579 2435 1659 σκαφὴν
2489 1577 2717 1648 ταύτης,
2778 1579 2855 1642 ὡς
2908 1577 3002 1633 καὶ
3055 1579 3323 1650 Ἰώσηπος
3398 1578 3553 1644 αὖθις
3612 1585 3885 1655 μαρτυρεῖ

2226 1664 2427 1741 λέγων’
2461 1667 2577 1735 Τὴν
2640 1663 2697 1721 δὲ
2746 1673 2847 1736 τῆς
2901 1665 3122 1731 πόλεως
3169 1668 3262 1722 καὶ
3312 1672 3411 1723 τοῦ
3439 1672 3570 1723 ναοῦ
3600 1668 3882 1744 ἐρήμωσιν

2226 1752 2423 1824 συνὲὄη
2481 1757 2723 1831 γενέσθαι
2780 1757 2918 1810 κατὰ
2977 1756 3077 1825 τήν
3137 1754 3343 1828 Δανιήλ
3386 1756 3881 1834 προφητείανππρό

2225 1846 2271 1899 υ“
2294 1845 2385 1900 καὶ
2419 1846 2468 1915 η’
2499 1845 2799 1920 γενομένην
2851 1845 3005 1903 ἑτῶν.
3059 1847 3156 1901 Διὰ
3201 1847 3363 1903 τοῦτό
3413 1866 3598 1918 φησιν·
3648 1844 3880 1902 Οἱκοδο-

2232 1935 2535 2008 μηθήσεται
2595 1932 2829 1990 πλατεῖα
2906 1936 2997 1990 καὶ
3077 1936 3414 2011 περίτειχος.
3476 1932 3725 1993 Ἐπειδὰν
3791 1936 3881 1990 οὖν

2230 2022 2433 2097 ἀναστῇ
2465 2021 2555 2078 καὶ
2607 2024 2669 2078 τὸ
2717 2020 2923 2078 οῗκεῖον
2976 2019 3233 2099 ἀπολάϐῃ
3287 2031 3502 2104 σχῆμα,
3557 2025 3647 2079 ἀπ’
3674 2026 3883 2080 ἒκείνου

2226 2111 2324 2174 τὰς
2372 2119 2415 2167 o’
2471 2107 2778 2185 ἑϐδομάδας
2808 2112 3048 2188 ἀρίθμει.
3100 2113 3250 2170 Μετὰ
3310 2109 3368 2168 δὲ
3421 2113 3518 2178 τὰς
3572 2110 3881 2188 ἑϐδομάδας

2231 2198 2743 2277 ἐξολοθρευθήσεται
2799 2200 3036 2277 χρίσμα,
3095 2203 3183 2258 καὶ
3244 2208 3416 2278 κρῖμα
3469 2201 3568 2258 οὐκ
3622 2198 3771 2259 ἔσται
3823 2204 3877 2257 ὲν

2231 2288 2394 2363 αὐτῷ,
2426 2291 2607 2355 καθὼς
2643 2291 2986 2367 προείρηται.
3038 2291 3193 2349 Μετὰ
3248 2292 3353 2369 γὰρ
3407 2292 3509 2361 τὴν
3539 2291 3879 2349 Οὖεσπασια·

2229 2384 2323 2435 νοῦ
2379 2379 2469 2435 καὶ
2528 2379 2695 2437 Τίτου
2752 2382 3049 2457 γενομένην
3108 2380 3388 2455 ἐρήμωσιν
3448 2379 3537 2437 ἐπὶ
3583 2377 3879 2459 Ἀδριανοῦ

2231 2468 2512 2530 συστάντες
2542 2469 2595 2523 οἳ
2627 2464 2880 2525 Ἰουδαῖοι
2937 2465 3267 2539 ἐσπούδαζον
3322 2467 3410 2524 ἐπὶ
3465 2470 3565 2540 τήν
3620 2469 3882 2545 προτέραν

2231 2555 2513 2612 πολιτείαν
2544 2555 2854 2613 ἐπανελθεῖν
2906 2559 2959 2613 οἱ
3016 2556 3238 2633 μάταιοι
3294 2559 3714 2633 Θεομαχοῦντες.
3746 2560 3874 2614 Χει-

2234 2648 2549 2723 ρωσάμενος
2574 2643 2640 2716 δὴ
2675 2645 2867 2710 αὐτοὺς
2898 2648 2926 2702 ὁ
2960 2645 3215 2723 βασιλεὺς
3255 2646 3344 2702 καὶ
3375 2648 3474 2716 τὴν
3508 2646 3669 2702 πόλιν
3700 2650 3875 2702 πᾶσαν

2232 2732 2603 2814 καταστρέψας
2661 2735 2750 2791 καὶ
2806 2737 2873 2792 τὰ
2932 2735 3162 2811 λείψανα
3214 2734 3477 2814 ἀφανίσας
3534 2738 3728 2809 πάντα,
3784 2736 3879 2791 καὶ

2236 2826 2372 2898 μετᾶ
2419 2828 2586 2880 ταῦτα
2643 2825 2811 2896 αὐτὴν
2868 2824 3167 2901 ἀνεγείρας,
3232 2822 3429 2882 Αἰλίαν
3486 2824 3653 2896 αὐτὴν
3702 2844 3875 2900 προσ-

2234 2911 2498 2987 ηγόρευσε
2554 2914 2691 2968 κατὰ
2740 2915 2839 2983 τήν
2893 2912 3062 2970 αὐτοῦ
3119 2912 3448 2987 ἐπωνυμίαν.
3481 2915 3635 2972 Ὅθεν
3676 2915 3705 2969 6
3743 2915 3885 2983 Χρι-

2232 3001 2356 3065 στὸς
2414 3005 2549 3076 μετὰ
2606 3002 2897 3079 Ἀντίοχον
2950 3004 3041 3059 τὸν
3100 3005 3371 3080 Ἐπιφανῆ
3425 3002 3885 3080 παραγενόμενος,

2230 3092 2321 3147 καὶ
2351 3096 2757 3168 προαναφωνῶν
2810 3093 2911 3161 τὴν
2967 3091 3276 3167 μέλλουσαν
3335 3087 3543 3149 ἔσεσθαι
3580 3091 3888 3169 αἰχμαλω-

2232 3177 2372 3251 σίαν,
2401 3182 2489 3235 καὶ
2524 3177 2733 3242 δεικνὺς
2772 3181 2856 3236 ὅτι
2915 3182 2943 3237 6
2998 3181 3200 3251 Δανιὴλ
3257 3182 3381 3258 περὶ
3434 3181 3601 3253 αὐτῆς
3630 3187 3885 3257 προεῖπε,

2231 3268 2412 3348 φησίψ
2444 3270 2609 3326 Ὃταν
2670 3273 2752 3345 [Ρ.
2781 3273 2907 3345 233]
2968 3268 3122 3343 ῗδητε
3172 3272 3235 3327 τὸ
3286 3270 3572 3348 βδέλυγμα
3607 3279 3707 3342 τῆς
3743 3269 3884 3347 ἐρη-

2234 3356 2480 3431 μώσεως,
2512 3359 2575 3415 τὸ
2633 3357 2793 3435 ῥηθὲν
2863 3358 2952 3415 διὰ
3011 3360 3218 3432 Δανιὴλ
3276 3363 3585 3439 προφήτου,
3625 3362 3795 3424 ἑστὼς
3828 3360 3885 3416 ἐν

2227 3448 2384 3521 τόπῳ
2450 3448 2611 3526 ἁγίῳ,
2674 3450 2702 3504 ὁ
2769 3450 3147 3526 ἀναγινώσκων
3209 3450 3423 3509 νοείτω.
3496 3446 3720 3519 Ἐπειδή
3776 3450 3884 3527 γὰρ

2231 3537 2368 3591 ἅπαν
2402 3534 2634 3593 εἲδωλον
2663 3537 2753 3593 καὶ
2784 3542 2888 3594 πᾶν
2939 3536 3235 3611 ἐκτύπωμα
3274 3539 3561 3614 ἀνθρώπου
3597 3535 3884 3615 βδέλυγμα

2229 3624 2376 3701 παρὰ
2399 3631 2517 3689 τοῖς
2548 3623 2831 3690 Ἰουδαίοις
2885 3626 3156 3696 ἐκαλεῖτο,
3222 3625 3645 3705 αἰνιγματωδῶς
3675 3625 3877 3703 ἐμφαί-

2229 3736 2336 3770 νων
2387 3717 2479 3771 τὸν
2508 3713 2800 3791 ἀνδριάντα
2837 3715 3064 3787 ἐκεῖνον,
3123 3716 3270 3791 ὁμοῦ
3329 3718 3419 3772 καί
3480 3717 3611 3773 πότε
3640 3717 3731 3771 καὶ
3782 3718 3891 3772 ὑπὸ

2227 3803 2372 3868 τίνος
2431 3802 2578 3860 ἔσται
2646 3809 2680 3876 ἡ
2741 3804 3101 3881 αἲχμαλωσία
3156 3805 3619 3882 προανήγγειλεν.
3676 3803 3887 3862 *Οτιδὲ

2228 3896 2352 3971 περὶ
2410 3901 2522 3951 τῶν
2586 3897 2875 3971 Ῥωμαίων
2932 3895 3145 3970 εἴρηται
3199 3901 3387 3968 ταῦτα,
3444 3898 3535 3952 καὶ
3609 3898 3885 3966 Ἰώσηπος

2234 3991 2515 4059 μαρτυρεῖ,
2547 3986 2724 4048 καθὼς
2752 3984 3087 4064 προέφημεν.
3144 3986 3238 4049 Τίς
3296 3984 3389 4041 οὖν
3438 3987 3622 4048 αὐτοῖς
3654 3985 3883 4042 ὑπολεί-

2230 4093 2388 4129 πεται
2421 4072 2616 4130 λοιπὸν
2673 4073 2881 4149 λόγοςς
2943 4075 3105 4132 Ὅταν
3152 4075 3248 4137 τὰς
3287 4075 3382 4147 μὶν
3411 4074 3804 4150 αἰχμαλωσίας
3831 4074 3885 4129 οὶ

2230 4169 2507 4242 προφῆται
2562 4164 2859 4243 φαίνωνται
2917 4164 3052 4236 μετὰ
3104 4161 3475 4238 διωρισμένων
3527 4163 3745 4239 χρόνων
3806 4164 3888 4219 εἷ’-

2231 4253 2443 4319 πόντες,
2472 4252 2639 4327 ταύτῃ
2678 4250 2735 4309 δὶ
2781 4252 2985 4327 μηδένα
3024 4254 3224 4330 χρόνον
3254 4253 3549 4328 ὁρίσαντες,
3582 4252 3728 4310 ἀλλά
3754 4254 3884 4309 10'5-

2231 4340 2443 4396 ναντίον
2494 4340 2736 4405 εἰπόντες
2786 4341 2871 4398 ὅτι
2922 4341 3091 4421 μέχρι
3144 4341 3452 4405 συντελείας
3498 4336 3648 4399 ἔσται
3684 4343 3718 4411 ἡ
3751 4340 3888 4419 ἔρή-

2235 4452 2433 4504 μωσις.
2465 4433 2589 4488 ’Ὁτι
2625 4432 2719 4503 μὲν
2748 4431 2794 4486 εί
2835 4431 3001 4495 τέλος
3057 4433 3092 4501 ἡ
3152 4436 3398 4504 παροῦσα
3428 4427 3633 4506 ἔμελλε
3662 4429 3893 4488 δουλεία

2236 4519 2528 4593 Λήψεσοαι,
2561 4520 2648 4574 καῖ
2681 4525 2845 4576 τοῦτο
2874 4521 2935 4576 ’ἀν
2969 4525 3235 4595 προεῖπον
3265 4522 3317 4575 οἱ
3358 4528 3637 4598 προφῆται
3667 4520 3759 4575 καὶ
3790 4520 3895 4576 οὐκ

470 4632 666 4686 neque
686 4615 786 4672 ille
798 4633 993 4688 neque
1012 4617 1332 4689 quisquam
1354 4616 1599 4671 omnino
1621 4622 1820 4672 vatum
1833 4615 2121 4688 praedixit:

2240 4600 2519 4682 ἔσιγησαν,
2582 4608 2783 4672 ἱκανῶς
2858 4605 3228 4683 ἀπεδείξαμεν,
3312 4610 3409 4672 τὰς
3494 4607 3890 4685 αἳχμαλωσίας

468 4704 612 4775 imo,
668 4706 785 4776 uti,
815 4705 1098 4774 diximus,
1151 4707 1516 4763 contrarium
1569 4705 2125 4777 pronuntiaverunt,

465 4811 656 4867 usque
687 4794 762 4850 ad
794 4794 975 4853 ﬁnem
1006 4794 1219 4850 mundi
1251 4795 1314 4851 in
1338 4794 1467 4849 istis
1490 4793 1749 4849 miseriis
1774 4794 2005 4849 futuros
2032 4793 2128 4847 Ju-

468 4885 648 4941 dwos.
681 4887 863 4956 quue
893 4885 1215 4941 admodum
1246 4888 1713 4940 consentaneum
1745 4882 1890 4950 fuit;
1923 4886 1982 4938 et
2000 4887 2128 4937 tan'

411 5016 415 5021 .
464 4979 590 5029 tum
623 4974 695 5031 ab
726 4975 830 5030 illo
862 4974 1095 5030 excidio
1128 4973 1416 5045 temporis
1446 4973 1716 5043 elapsum
1748 4972 1821 5026 iis
1852 4971 2122 5027 testimo-

467 5064 633 5119 nium
664 5063 957 5136 perhibet,
992 5080 1108 5135 quo
1140 5068 1263 5117 toto
1286 5078 1361 5117 ne
1409 5061 1723 5133 vestigium
1770 5058 2011 5131 quidem
2041 5059 2128 5115 ul.

463 5153 588 5209 lum
610 5158 712 5208 aut
732 5153 1093 5225 principium
1127 5152 1296 5206 bonae
1321 5150 1670 5206 mutationis
1691 5165 1820 5204 sese
1842 5149 2120 5205 ostendit.

464 5242 536 5295 Et
560 5241 803 5313 quidem
832 5242 1018 5298 Judaai
1038 5257 1196 5312 saape
1219 5239 1416 5296 conati
1438 5238 1729 5311 templum
1746 5239 1990 5294 reﬁcere
2013 5238 2122 5293 sub

467 5330 747 5399 Adriano,
799 5330 1195 5393 Constantino.
1226 5334 1286 5385 et
1332 5328 1588 5398 Juliano,
1639 5327 1920 5400 prohibiti
1962 5334 2121 5404 sunt,

470 5419 725 5485 primum
748 5419 1039 5489 quidema
1062 5417 1500 5486 militibus,sub
1517 5417 1753 5474 Jnliano
1776 5423 1975 5473 autem
1996 5416 2119 5491 igni

468 5520 540 5557 ex
570 5505 979 5564 fundamentis
1010 5510 1360 5578 erumpente
1398 5523 1726 5578 eorumque
1758 5507 2125 5580 intempesti-

472 5610 609 5648 vum
640 5600 817 5664 atque
834 5594 1084 5665 impium
1115 5600 1394 5650 conatum
1411 5600 1734 5651 avertente.
1761 5595 1967 5651 Dicant
1988 5610 2121 5650 vero

469 5681 642 5739 nobis
672 5680 955 5753 quidnam
977 5698 1168 5737 causae
1196 5683 1348 5738 410
1374 5682 1472 5749 sit,
1514 5682 1673 5754 quod
1706 5682 1851 5738 etin
1881 5686 2120 5756 Egypto

2237 4695 2446 4759 ἁπάσας
2526 4697 2662 4771 μετά
2735 4695 3095 4775 προρρήσεως
3180 4695 3444 4771 δείξαντες
3514 4696 3901 4773 ἐπενεχθείσας

2235 4787 2446 4847 αὐτοῖς·
2488 4785 2717 4858 ἑκάστης
2766 4788 2868 4863 γὰρ
2914 4788 3121 4842 τούτων
3178 4788 3268 4843 καὶ
3325 4787 3561 4864 τρόπους
3613 4788 3705 4842 καὶ
3756 4786 3895 4863 ιρόο

2235 4895 2364 4937 νους
2422 4876 3011 4954 προανακηρυχθὲντας
3092 4874 3181 4932 διὰ
3263 4881 3373 4931 τῶν
3450 4878 3609 4941 θείων
3666 4880 3904 4954 Γραφῶν

2234 4961 2611 5039 ἀπεδείξαμεν.
2666 4966 2748 5039 Τῇ
2801 4966 3051 5041 παρούσῃ
3102 4962 3159 5020 δὲ
3207 4962 3384 5028 οὐδεὶς
3414 4968 3704 5041 προφήτης
3733 4963 3904 5041 ὥρισε

2238 5053 2463 5131 χρόνον,
2514 5051 2646 5110 ἀλλ’
2703 5054 2787 5109 ὅτι
2850 5055 2944 5127 μὲν
2999 5054 3115 5124 ἣξει
3150 5055 3242 5108 καὶ
3299 5053 3576 5128 ἐρημώσει
3607 5055 3776 5111 πάντα
3807 5036 3900 5111 καἰ

2236 5144 2570 5213 μεταστήσει
2623 5144 2723 5213 τὴν
2780 5140 3087 5209 πολιτείαν,
3145 5141 3233 5196 καὶ
3295 5141 3431 5216 μετὰ
3486 5143 3653 5198 πόσον
3695 5133 3907 5218 χρόνον

2229 5237 2332 5300 τῆς
2391 5229 2452 5285 ἐκ
2506 5224 2839 5294 Βαϐυλῶνος
2896 5228 3161 5285 ἐπανόδου
3221 5226 3581 5304 συμϐήσεται,
3630 5232 3896 5308 προεῖπεν

2238 5320 2266 5374 6
2300 5317 2533 5388 Δανιὴλ,
2566 5319 2653 5374 ὅτι
2683 5316 2741 5374 δὲ
2773 5317 2934 5382 τέλος
2963 5315 3069 5389 ἕξει
3115 5318 3205 5374 καὶ
3258 5319 3509 5388 στήσεταί
3537 5342 3645 5376 που
3671 5323 3739 5376 τὰ
3767 5324 3908 5378 κατᾶ

2244 5412 2433 5479 ταῦτα,
2468 5404 2592 5463 οὔτ’
2623 5407 2826 5471 ἐκεῖνος
2852 5405 3128 5480 ἐδήλωσεν
3159 5406 3268 5464 οὔτ’
3296 5407 3468 5471 ἄλλος
3487 5430 3570 5472 τις
3592 5413 3909 5489 προφήτης,

2245 5495 2395 5553 ἀλλὰ
2423 5497 2514 5552 καὶ
2546 5498 2892 5566 τούναντίον,
2950 5498 3027 5561 ὡς
3085 5496 3322 5572 εἴρηται,
3381 5504 3644 5572 προεῖπον
3687 5501 3771 5555 ὅτι
3800 5499 3911 5565 ἓως

2239 5587 2549 5650 συντελείας
2609 5586 2814 5661 καθέξει
2876 5586 3070 5650 αὐτοὺς
3111 5589 3146 5657 ἡ
3204 5585 3553 5663 ταλαιπωρία
3597 5588 3757 5659 αὕτη.
3804 5594 3907 5647 Καὶ

2235 5675 2389 5752 μάλα
2443 5677 2693 5740 εἰκότως·
2749 5676 2841 5733 καὶ
2894 5677 2996 5753 γὰρ
3048 5683 3311 5754 μαρτυρεῖ
3362 5682 3481 5741 τοῖς
3531 5677 3847 5754 εἰρημένοις
3879 5683 3911 5736 6
