4186 6198
289 322 406 381 449

1416 304 1955 368 HlSTORlARUM
2000 305 2558 373 COMPENDIUM.

3585 318 3708 377 450

291 458 553 513 τοσοῦτος
595 449 978 525 διαγενόμενος
1027 445 1230 523 χρόνος
1285 442 1374 499 καὶ
1433 442 1556 499 οὗτε
1608 441 1768 517 ’ἰχνος
1828 438 1949 497 οὒτε

2083 450 2291 500 antum
2322 452 2556 520 tempus
2580 449 2642 505 in
2674 451 2905 521 magnis
2938 451 3195 506 miseriis
3239 459 3497 509 versatos
3555 457 3709 511 Deus

297 543 598 622 προοίμιον
657 544 912 614 χρηστῆς
1001 528 1314 608 μεταϐολῆς
1389 528 1780 603 ἐνδειξάμενος,
1863 531 1954 586 καὶ

297 620 467 689 ταῦτα
533 628 809 689 πολλάκις
890 620 1357 703 ἐπιχειρησάντων
1419 620 1592 675 αὐτῶν
1662 622 1954 690 ἀναστῆσαι

299 724 391 779 τὸν
423 720 571 788 ναὸν,
603 716 691 772 ἐπὶ
741 712 1031 789 Ἀδριανοῦ
1083 713 1170 767 καὶ
1231 708 1638 766 Κωνσταντίνου
1689 708 1778 764 καὶ
1819 710 1958 767 Ἰου-

302 809 637 879 λιανοῦ,καὶ
687 802 1133 867 διακωλυθέντων
1191 804 1409 877 πρῶτον
1469 800 1564 873 μὲν
1631 799 1737 854 ὕπὸ
1796 818 1957 874 στρα-

306 905 542 967 τιωτῶν,
575 897 795 971 ὕστερον
843 891 901 949 δὲ
952 892 1040 949 ἐπὶ
1095 896 1193 947 τοῦ
1249 886 1564 967 παραϐἄτου
1624 890 1794 963 πυρὸς
1847 895 1955 945 τῶν

313 988 588 1064 θεμελίων
619 982 1027 1056 ἐκπηδήσαντος
1058 982 1151 1037 καὶ
1198 979 1568 1056 κατασχόντος
1618 979 1811 1041 αὐτοὺς
1858 983 1959 1045 τῆς

309 1082 541 1155 ἀκαίρου
583 1075 918 1159 φιλονεικίας
965 1094 1022 1128 τε
1068 1072 1159 1128 καὶ
1214 1066 1590 1148 παραϐάσεως.
1629 1072 1789 1135 Ὅθεν
1834 1069 1958 1125 τοί-

309 1194 403 1226 νυν
442 1168 750 1247 λεγέτωσαν
801 1169 962 1240 ἡμῖν,
1023 1163 1170 1225 τίνος
1227 1161 1379 1218 ’ἑνεκα
1436 1160 1488 1216 ἐν
1546 1160 1810 1236 Αῗγύπτῳ
1866 1162 1961 1233 μὲν

307 1264 570 1318 τοσοῦτον
628 1255 1003 1333 διατρίψαντες
1064 1251 1264 1329 χρόνον
1342 1250 1394 1304 ἐν
1450 1249 1722 1324 κακουχίᾳ
1773 1248 1963 1313 ἐλέους

307 1349 522 1428 ἔτυχον,
555 1348 645 1404 καὶ
678 1347 753 1409 εἰς
787 1341 1087 1404 Βαϐυλῶνα
1120 1342 1285 1398 πάλιν
1309 1342 1695 1420 ἀπενεχθέντες
1726 1339 1964 1410 ἐπανῆλ-

310 1446 406 1496 θον
440 1441 517 1502 εἷς
562 1439 629 1493 τὰ
682 1434 815 1506 ἴδια,
867 1434 959 1490 καὶ
1020 1434 1111 1488 ὑπ’
1170 1431 1482 1506 Ἀντιόχου
1529 1434 1765 1486 τοσαῦτα
1821 1431 1963 1485 κακᾶ

314 1531 574 1590 παθόντες
603 1528 755 1588 αὖθις
785 1525 922 1601 πρὸς
948 1525 1011 1578 τὸ
1049 1521 1313 1597 πρότερον
1367 1519 1678 1591 ἐπανῆλθον
1727 1519 1962 1593 ἀξίωμα,

310 1625 409 1675 νῦν
440 1616 498 1674 δὲ
530 1614 682 1673 οὐδὲν
726 1618 976 1670 τοιοῦτον
1025 1611 1335 1688 γεγένηται,
1395 1608 1543 1666 ἀλλὰ
1593 1610 1959 1665 πεντακοσίων

317 1709 475 1778 ἐτῶν,
506 1712 597 1762 νῦν
630 1703 688 1761 δέ
715 1704 919 1780 χιλίων
966 1700 1017 1774 ἐξ
1076 1699 1279 1756 ἐκείνου
1332 1698 1658 1755 διελθόντων
1713 1696 1837 1754 οὐδὲ
1878 1696 1965 1753 αἶ’-

2062 534 2380 591 miseratus
2407 543 2520 605 est,
2557 538 2618 592 in
2651 538 3011 609 Babylonem
3045 541 3255 611 captivi
3288 541 3526 598 abducti
3574 545 3712 600 inde

2064 623 2124 677 in
2156 625 2408 695 patriam
2440 625 2671 682 reducti
2706 633 2862 695 sunt,
2897 633 2957 684 et
2988 634 3075 683 tot
3098 630 3272 685 malis
3310 630 3383 686 ab
3415 634 3708 689 Antiocho

2065 711 2259 769 affecti
2288 719 2487 771 tamen
2519 716 2829 787 pristinam
2861 725 3292 789 recuperarunt
3339 720 3712 792 dignitatem,

2066 818 2227 858 nunc
2252 810 2451 860 autem
2481 806 2601 860 tale
2632 807 2784 861 nihil
2816 808 2901 877 ﬁt,
2936 807 3039 862 sed
3067 809 3196 874 500,
3230 809 3348 863 imo
3397 813 3534 864 1000
3584 811 3708 881 jam

2067 892 2291 948 exactis
2321 893 2394 949 ab
2426 895 2654 950 excidio
2676 896 2848 951 annis
2880 913 2954 951 ne
2986 898 3243 967 speciem
3261 899 3501 969 quidem
3523 900 3710 957 ullam

2067 981 2334 1052 priorum
2356 986 2753 1040 mutationum
2770 984 3038 1041 videmus
3051 987 3078 1041 ?
3098 988 3261 1051 Quod
3284 988 3332 1043 si
3355 995 3594 1059 peccata
3607 1009 3714 1046 sua

2068 1076 2407 1135 causentur,
2430 1072 2748 1142 dicantque
2780 1073 2913 1128 ideo
2947 1074 3058 1128 sibi
3089 1076 3340 1146 patriam
3373 1094 3490 1133 non
3522 1080 3712 1147 reddi,

2070 1159 2212 1230 quia
2243 1158 2476 1215 delictis
2506 1162 2628 1216 suis
2659 1163 2843 1216 Deum
2876 1162 3254 1230 offenderint,
3308 1165 3465 1220 haud
3495 1168 3598 1223 abs
3652 1186 3713 1223 re

2070 1246 2250 1302 fuerit
2274 1246 2358 1302 ita
2388 1264 2486 1303 eos
2508 1265 2714 1321 rogare
2743 1265 2756 1302 :
2787 1251 3037 1320 Propter
3058 1256 3300 1321 peccata
3331 1258 3585 1320 vestra,o
3615 1258 3715 1310 Ju—

2072 1335 2205 1401 daai,
2240 1340 2402 1391 tanto
2434 1341 2701 1408 tempore
2731 1336 3139 1408 Hierosolyma
3168 1344 3429 1395 extorres
3462 1341 3671 1413 degitis
3692 1345 3719 1398 ?

2072 1425 2222 1490 Quid
2252 1426 2364 1481 hoc
2394 1427 2525 1481 novi
2558 1432 2617 1481 et
2645 1427 2897 1482 inauditi
2932 1433 3021 1483 est
3050 1428 3077 1482 ?
3109 1429 3337 1485 scilicet
3386 1433 3717 1503 antiquitus

2066 1513 2227 1585 juste
2258 1515 2483 1571 vixistis
2519 1522 2575 1571 et
2611 1516 2791 1572 officii
2841 1517 3101 1573 rationes
3151 1520 3447 1589 tenuistis,
3498 1539 3564 1577 ac
3596 1541 3716 1578 non

2064 1604 2191 1676 jam
2221 1604 2359 1659 inde
2389 1605 2463 1660 ab
2513 1604 2682 1660 initio
2716 1606 3029 1662 innumera
3072 1608 3231 1663 inter
3277 1609 3491 1667 delicta
3539 1613 3717 1668 vitam

2074 1694 2277 1766 egistis
2295 1695 2322 1749 *ἶ
2352 1711 2549 1749 nonne
2581 1712 2716 1750 cum
2748 1700 2806 1750 et
2836 1712 2999 1752 mare
3033 1698 3223 1752 scindi
3257 1705 3315 1754 et
3350 1718 3490 1756 saxa
3523 1702 3721 1774 rumpi

318 1819 489 1874 νιγμα
520 1794 779 1864 τοιαῦνης
840 1786 1159 1866 μδταὸολῆς
1207 1790 1422 1863 ὁρῶμεν
1473 1789 1798 1862 φαινόμενον
1842 1788 1963 1841 οἷον

2083 1788 2278 1855 totque
2310 1784 2428 1841 alia
2447 1785 2737 1841 miracula
2756 1786 3052 1842 vidissetis
3074 1788 3136 1842 in
3161 1789 3500 1856 solitudine,
3523 1798 3722 1848 tamen

318 1873 699 1961 τὸνπρότερον.
730 1882 794 1939 Εἰ
827 1878 884 1936 δὲ
912 1880 1006 1942 τὰς
1036 1880 1307 1955 ἁμαρτίας
1337 1878 1513 1934 αὐτῶν
1573 1873 1963 1953 προϐάλοιντο,

324 1977 414 2031 καὶ
440 1974 666 2041 εἴποιεν,
700 1972 849 2028 Ἐπεὶ
882 1970 1203 2044 ἡμάρτομεν
1234 1972 1311 2040 τῷ
1342 1972 1477 2040 Θεῷ,
1536 1964 1625 2021 δια
1659 1970 1820 2022 τοῦτο
1870 1966 1971 2021 οὐκ

324 2058 792 2136 ἀπολαμϐάνομεν
820 2062 919 2130 τήν
954 2059 1154 2114 οἰκείαν
1185 2059 1390 2134 χώραν,
1425 2055 1591 2112 πάλιν
1622 2053 1667 2110 δ’
1710 2054 1768 2110 ἄν
1821 2055 1966 2111 εἰκό-

321 2178 430 2218 τως
458 2152 655 2215 αὖτοὺς
710 2151 999 2226 ἐρήσομαι·
1062 2148 1160 2203 Διᾶ
1214 2150 1308 2209 τας
1362 2145 1626 2221 ἁμαρτίας
1689 2146 1863 2219 ὑμῶν,
1922 2147 1967 2199 ὦ

319 2241 599 2310 Ἰουδαῖοι,
658 2235 758 2312 ἔξω
817 2246 917 2309 τῆς
975 2236 1339 2313 Ἰερουσαλὴμ
1405 2229 1708 2309 διατρίϐετε
1766 2236 1965 2310 χρόνον

314 2337 612 2401 τοσοῦτονς
644 2331 741 2384 Καὶ
779 2328 916 2385 τίτὸ
947 2331 1129 2382 καινὸν
1177 2325 1265 2382 καί
1315 2329 1400 2397 [Ρ.
1452 2324 1579 2399 234]
1626 2321 1967 2399 παραδοξον;

453 2422 554 2496 γὰρ
582 2424 673 2476 νῦν
708 2417 761 2473 ἔν
812 2416 1105 2494 ἁμαρτίαις
1160 2418 1283 2485 ζῆτε
1331 2414 1517 2487 μόνον,
1571 2414 1717 2487 παρᾶ
1763 2410 1820 2467 δὲ
1868 2414 1966 2481 τήν

325 2511 506 2587 ἀρχὴν
538 2509 589 2565 ἐν
620 2506 941 2581 δικαιοσύνῃ
967 2506 1058 2561 καὶ
1096 2505 1511 2580 κατορθώμασιν
1544 2521 1557 2572 ;
1608 2502 1718 2556 Οὐκ
1766 2500 1966 2565 ἃνωθεν

317 2602 408 2656 καὶ
436 2600 485 2672 ἐξ
517 2599 698 2674 ἀρχῆς
731 2595 1160 2672 συνανετράνρητε
1212 2593 1576 2667 παρανομίαις
1604 2611 1618 2662 ;
1668 2591 1814 2666 Οὐχὶ
1868 2598 1968 2660 τῆς

327 2688 600 2759 02115357,;
635 2685 969 2764 σχιζομένης
1027 2685 1117 2738 καὶ
1177 2687 1285 2738 τῶν
1342 2686 1553 2758 πετρῶν
1615 2682 1966 2758 ῥηγνυμένων

326 2779 417 2834 καὶ
448 2777 721 2832 τοσούτων
756 2777 1046 2847 θαυμάτων
1077 2770 1381 2851 γινομένων
1440 2771 1564 2846 περὶ
1609 2778 1709 2840 τῆς
1759 2769 1970 2846 ἐρήμου

332 2868 769 2943 προσεκυνήσατε
803 2865 1001 2940 μόσχῳ
1031 2882 1045 2932 ;
1074 2863 1154 2920 Οὐ
1184 2862 1276 2917 τὸν
1326 2859 1554 2917 Μωυσέα
1604 2859 1779 2923 λίθοις
1833 2859 1972 2936 βάλ-

331 2956 522 3019 λοντες
553 2955 642 3009 καὶ
673 2953 875 3028 ἑτέροις
909 2951 1123 3026 μυρίοις
1152 2952 1377 3026 τρόποις
1426 2949 1635 3006 ἀνελεῖν
1685 2948 1973 3025 ἐπεχειρή-

332 3068 454 3102 σατε
484 3042 778 3110 πολλάκις,
820 3044 906 3097 καὶ
965 3042 1060 3097 τὸν
1119 3040 1246 3097 Θεὸν
1308 3039 1676 3116 παρωργίζετε
1721 3039 1974 3115 βλασφη-

327 3140 590 3209 μοῦντες;
644 3134 724 3190 Οὐ
763 3137 842 3203 τῷ
908 3129 1232 3211 Βεελιρεγὼρ
1290 3128 1649 3202 ἐτελέσθητες
1705 3130 1784 3187 Οὐ
1841 3128 1967 3190 τοὺς
1999 3172 2042 3234 C

356 3226 425 3234 -.
507 3226 519 3234 .
593 3229 617 3234 _
789 3221 802 3234 .
896 3221 908 3234 .
1007 3222 1029 3234 -
1183 3223 1192 3234 .
1343 3218 1426 3234 ...ι
1677 3224 1700 3234 ..
1771 3217 1796 3234 ς.

322 3226 476 3288 (ἑοὺς
505 3226 659 3298 υμῶν
719 3221 806 3276 καὶ
856 3221 952 3283 τὰς
1004 3222 1299 3297 θυγατέρας
1340 3218 1560 3275 ἐθύσατε
1612 3224 1727 3282 τοῖς
1768 3217 1967 3292 δαιμο-

321 3316 463 3376 νίοις
491 3312 582 3368 καὶ
630 3312 757 3373 τοὺς
815 3309 1142 3386 ἀλλοτρίους
1202 3308 1355 3372 θεοὺς
1413 3308 1836 3384 ἐθεραπεῦσατες
1889 3308 1970 3364 Οὐ

323 3408 429 3460 πᾶν
484 3399 627 3463 εἶδος
694 3401 961 3475 ἁμαρτίας
1016 3399 1108 3454 καὶ
1164 3398 1356 3461 κακίας
1412 3396 1790 3469 ἐπεδείξασθε;
1851 3402 1973 3459 Πῶς

325 3494 423 3547 οὗν
462 3492 601 3565 ὑμᾶς
644 3490 747 3546 οὐκ
786 3489 1100 3568 ἀπεστραρη
1158 3489 1282 3544 τότε
1340 3490 1368 3544 ὁ
1430 3489 1581 3560 Θεὸς,
1638 3487 1783 3543 ἀλλὰ
1840 3486 1976 3560 μετᾶ

320 3584 418 3644 τὶς
450 3579 833 3643 παιδοκτονίας
882 3580 972 3634 καὶ
1027 3579 1123 3641 τὰς
1174 3576 1625 3653 εἰδωλολατρίας,
1688 3577 1822 3651 μετὰ
1874 3577 1974 3645 τήν

324 3670 547 3740 πολλὴν
579 3670 996 3744 ἀγνωμοσύνην,
1019 3667 1109 3722 καὶ
1136 3670 1421 3745 προφήτας
1452 3667 1629 3744 ἀφῆκε
1683 3668 1811 3738 παρ’
1846 3667 1974 3739 ὑμῖν

326 3764 470 3816 εἶναι
530 3757 846 3837 διαφόρους,
902 3758 994 3813 καὶ
1050 3762 1253 3831 σημεῖα
1311 3757 1624 3833 εἰργάζοντο
1681 3755 1769 3810 καὶ
1848 3754 1976 3809 θαέ-

333 3872 474 3924 ματα
506 3846 1032 3924 παράδοξα;.Τίνος
1091 3847 1183 3901 οὗν
1238 3843 1414 3901 ἕνεκεν
1473 3843 1645 3900 τιάλαι
1707 3845 1803 3919 μὲν
1858 3845 1978 3899 ἀσε-

327 3936 554 4001 ϐοῦντες
619 3938 711 3993 καὶ
772 3938 939 4011 μυρία
988 3934 1447 4013 διαπραττόμενοι
1508 3932 1655 3989 δεινᾶ
1708 3934 1978 4004 τοσαύτης

333 4028 548 4091 εὐνοίας
582 4024 933 4097 ἁπηλαῦσατε
962 4025 1108 4098 παρὰ
1164 4028 1300 4080 Θεοῦ
1356 4023 1447 4079 καὶ
1514 4022 1841 4098 προστασίας
1889 4022 1980 4077 καὶ

325 4118 693 4194 προμηθείας,
732 4122 821 4172 νῦν
854 4115 912 4172 δὲ
943 4114 1069 4172 οὔτε
1110 4113 1643 4189 εἰδωλολατροῦντες
1700 4112 1824 4169 οὔτε
1856 4135 1983 4168 παι-

330 4206 709 4270 δοκτονοῦντες
776 4206 827 4261 ἐν
889 4204 1251 4285 αίχμαλωσίᾳ
1303 4204 1651 4279 ταλαιπωρίᾳ
1712 4200 1980 4279 διάγετες

330 4299 420 4367 Μὴ
453 4298 559 4372 γὰρ
585 4296 769 4373 ἓτερος
824 4297 892 4366 ἦν
934 4297 1066 4358 Θεὸς
1115 4297 1237 4350 τότε
1291 4295 1382 4351 καὶ
1438 4290 1626 4371 ἕτερος
1681 4297 1806 4361 νῦν;
1867 4292 1986 4350 Οὐκ

332 4386 497 4449 αὐτὸς
528 4386 639 4442 ἐστι
668 4384 759 4441 καί
785 4386 813 4441 ὁ
846 4384 1022 4440 ἐκεῖνα
1053 4384 1359 4459 οἰκονομῶν
1390 4384 1483 4439 καὶ
1505 4388 1674 4438 ταῦτα
1701 4386 1789 4437 νῦν
1816 4380 1981 4457 ἐργα-

335 4475 604 4549 ζόμενοςς
640 4476 737 4530 Διὰ
766 4475 840 4544 τί,
870 4495 961 4529 ττε
994 4473 1165 4548 μείζω
1217 4476 1312 4547 μὲν
1371 4474 1436 4543 ἦν
1484 4472 1551 4527 τὰ
1590 4472 1981 4546 ἁμαρτήματα,

2078 1872 2330 1928 vitulum
2345 1872 2931 1930 adoravistis?Nonne
2945 1877 3145 1931 Mosen
3159 1877 3458 1950 lapidibus
3473 1881 3723 1936 obruere

2076 1961 2400 2033 multisque
2434 1961 2565 2017 aliis
2598 1962 2789 2017 modis
2820 1963 3155 2020 interficere
3185 1983 3594 2038 saepenumero
3624 1987 3726 2042 ag-

2076 2050 2261 2124 gressi
2292 2051 2481 2106 estis‘?
2512 2053 2715 2107 Nonne
2746 2054 2930 2107 Deum
2964 2054 3163 2126 impiis
3193 2055 3366 2112 dictis
3397 2058 3676 2115 irritastis
3699 2060 3726 2114 ?

2078 2144 2281 2196 Nonne
2314 2140 2703 2212 Beelphebori
2736 2142 2952 2198 initiati
2985 2143 3178 2200 estis?
3207 2147 3411 2202 Nonne
3472 2148 3625 2204 ﬁlios
3668 2153 3727 2204 et

2080 2231 2232 2287 tilias
2246 2235 2469 2287 vestras
2482 2230 2854 2287 daemonibus
2869 2232 3187 2289 immolasti
3197 2236 3254 2290 s‘?
3271 2238 3474 2292 Nonne
3494 2238 3725 2294 alienos

2079 2322 2221 2377 deos
2241 2321 2509 2377 coluistis
2529 2323 2558 2377 ‘I
2588 2324 2791 2377 Nonne
2814 2340 2990 2378 omne
3010 2324 3369 2397 ﬂagitiorum
3399 2346 3466 2383 ac
3485 2329 3728 2384 malitia;

2081 2428 2266 2484 genus
2287 2411 2641 2466 exarcuistis
2666 2412 2696 2465 ?
2713 2411 2820 2475 Qui
2854 2413 2919 2465 fit
2939 2430 3074 2484 ergo
3102 2416 3258 2484 quod
3283 2421 3421 2471 tunc
3454 2419 3608 2473 Deus
3632 2436 3730 2472 vos

2078 2518 2201 2556 non
2233 2506 2325 2555 est
2352 2501 2785 2566 aversatus,sed
2811 2506 2944 2571 post
2974 2502 3347 2560 infanticidia
3378 2511 3730 2577 vestra,post

2080 2590 2297 2662 impios
2328 2589 2700 2645 deastrorum
2731 2590 3091 2662 cultus,post
3119 2598 3448 2650 extremam
3481 2596 3733 2668 ingrati-

2084 2678 2349 2735 tudinem
2382 2695 2517 2734 cum
2546 2684 2708 2734 vates
2738 2679 2903 2734 vobis
2932 2680 3099 2736 misit
3126 2682 3344 2752 varios,
3394 2687 3542 2739 4H
3603 2690 3726 2740 tum

2081 2771 2370 2826 miracula
2397 2776 2455 2825 et
2510 2771 2778 2843 prodigia
2807 2771 3092 2828 inusitata
3145 2774 3374 2830 edidit?
3412 2777 3527 2831 Cur
3586 2777 3731 2832 olim

2080 2864 2244 2915 tanta
2266 2859 2570 2931 impietate
2590 2859 2855 2914 obstricti
2883 2865 2941 2915 et
2958 2866 3041 2915 tot
3060 2861 3299 2933 ﬂagitiis
3322 2881 3390 2920 ac
3408 2864 3732 2921 sceleribus

2083 2949 2345 3020 cooperti
2372 2949 2556 3003 Deum
2590 2949 2671 3003 ita
2701 2948 3054 3005 benevolum
3086 2953 3407 3024 propitium
3441 2958 3615 3025 atque
3648 2959 3735 3010 tu~

2085 3045 2275 3095 torem
2302 3038 2614 3107 habuistis,
2674 3055 2831 3094 nunc
2862 3046 3063 3096 autem
3095 3058 3290 3114 neque
3350 3043 3533 3116 impio
3566 3045 3731 3100 cultu

2084 3144 2278 3200 neque
2301 3128 2618 3183 infantium
2636 3128 2795 3183 caede
2819 3145 2953 3183 eum
2969 3130 3270 3187 irritantes
3294 3132 3354 3186 in
3379 3134 3657 3189 servitute
3673 3139 3732 3189 et

2082 3219 2340 3275 miseriis
2363 3219 2540 3274 vitam
2560 3218 2769 3291 degitis
2790 3219 2818 3274 ‘I
2838 3221 2957 3275 Nisi
2983 3220 3252 3278 fortassis
3278 3223 3431 3279 alius
3458 3242 3616 3280 nunc
3641 3230 3730 3279 est

2082 3325 2259 3380 quam
2291 3307 2593 3379 quondam
2624 3310 2800 3377 Deus,
2834 3325 3029 3381 neque
3060 3310 3216 3366 idem
3249 3317 3306 3367 et
3338 3313 3441 3369 illa
3494 3319 3551 3368 et
3599 3314 3727 3369 haec

2084 3402 2463 3476 egit.Alioqui
2494 3419 2601 3458 cur
2628 3419 2730 3458 vos
2756 3409 2921 3459 tanto
2944 3405 3007 3460 in
3039 3406 3229 3477 pretio
3256 3408 3727 3477 habuisset,cum

2083 3492 2350 3564 graviora
2375 3491 2827 3548 committeretis
2854 3500 3280 3563 peccata,nunc
3305 3513 3440 3553 vero
3464 3515 3597 3553 cum
3622 3498 3732 3551 mi-

2085 3597 2197 3635 nus
2229 3578 2843 3650 delinquitis,omnino
2869 3588 3171 3639 aversatus
3204 3586 3454 3641 inﬁnita)
3488 3587 3737 3659 ignomi-

2085 3669 2199 3723 niaa
2230 3670 2601 3740 exponeret?
2633 3675 2706 3723 At
2735 3670 2892 3724 enim
2916 3671 3082 3727 vobis
3112 3675 3446 3730 tacentibus
3477 3676 3563 3730 vel
3586 3676 3736 3747 lapi-

2088 3758 2191 3813 des
2219 3756 2718 3812 vociferabuntur.
2752 3760 2832 3812 Ex
2862 3775 2977 3828 quo
3012 3761 3172 3815 enim
3206 3779 3419 3817 manus
3478 3764 3729 3819 Domino

2088 3846 2396 3915 intulistis,
2430 3863 2605 3918 porro
2646 3864 2838 3917 neque
2871 3849 3158 3904 correctio
3191 3851 3355 3906 vobis
3386 3852 3616 3922 reliqua
3648 3857 3738 3906 est

2090 3953 2283 4008 neque
2305 3936 2472 3992 venia
2490 3952 2684 4008 neque
2704 3934 3032 3992 defensioni
3052 3938 3217 3994 locus
3234 3941 3490 3995 estNam
3507 3942 3739 4012 priores

2090 4031 2297 4083 vestra:
2328 4025 2563 4097 injuriae
2593 4026 2653 4080 in
2696 4043 2891 4081 servos
2924 4033 3092 4083 erant
3119 4029 3397 4100 profectae
3457 4045 3491 4085 a
3523 4030 3688 4086 vobis
3727 4047 3741 4087 :

2092 4115 2321 4170 Christo
2345 4119 2543 4169 autem
2576 4130 2682 4186 per
2713 4114 3004 4171 insaniam
3029 4118 3295 4174 necando
3318 4119 3519 4190 priora
3545 4125 3745 4177 vestra

2094 4205 2320 4261 scelera
2348 4205 2483 4260 novi
2512 4204 2920 4277 magnitudine
2948 4207 3444 4265 oblitterastis.Ea
3465 4211 3535 4267 de
3560 4228 3741 4267 causa

2092 4312 2253 4350 nunc
2279 4294 2643 4366 gravioribus
2671 4294 2981 4366 suppliciis
3012 4297 3421 4354 afﬁcimini.Et
3441 4306 3639 4355 tamen
3664 4320 3743 4357 ne

2094 4385 2179 4440 sic
2209 4384 2447 4455 quidem
2481 4384 2772 4457 majorum
2806 4391 3139 4443 vestrorum
3175 4391 3525 4447 vaecordiam
3556 4397 3735 4463 atque

2095 4474 2323 4529 rabiem
2383 4473 2701 4545 deponitis,
2780 4474 3103 4532 stiamnum
3157 4479 3453 4535 Christum
3541 4481 3741 4552 impo-

335 4541 526 4631 πολλὴ
559 4541 690 4634 δόξα
731 4541 859 4637 ὑμῖν
897 4565 962 4631 ἦν
995 4541 1165 4639 ’παρᾶ
1218 4541 1403 4632 Θεοῦξ
1437 4560 1528 4617 ὅτε
1594 4541 1655 4614 δέ
1709 4541 1974 4613 ’ἐλάττονα

2090 4567 2309 4618 storem
2340 4541 2519 4633 atque
2573 4562 2721 4636 legis
2752 4563 3095 4621 violatorem
3156 4568 3489 4639 appellatis.
3526 4541 3645 4634 Qui.
3697 4568 3746 4622 si

337 4651 728 4726 πληιιμελεῖτε
784 4657 900 4725 νῦν,
967 4650 1251 4713 παντελῶς
1321 4651 1461 4725 ὑμᾶς
1535 4651 1847 4727 ἀπεστράφη
1896 4646 1987 4703 καὶ

336 4741 528 4814 ἀτιμίᾳ
580 4738 891 4816 παρέδωκεν
944 4740 1270 4817 ἀπεράντῳ;
1332 4738 1508 4794 ’Λλλᾶ
1544 4737 1641 4793 κᾶν
1694 4738 1850 4811 ὑμεῖς
1905 4758 1990 4791 σι·-

337 4833 569 4906 γήσητε,
628 4831 682 4885 οἱ
751 4828 895 4886 λίθοι
940 4831 1303 4905 κεκράξονται.
1391 4825 1614 4897 Ἐπειδὴ
1695 4827 1798 4903 γὰρ
1853 4826 1991 4882 κατᾶ

335 4924 435 4976 τοῦ
467 4918 739 4975 Δεσπότου
768 4920 864 4982 τὰς
934 4924 1123 4995 χεῖρας
1176 4917 1489 4991 ἐξετείνατε,
1546 4914 1636 4972 διὰ
1672 4920 1835 4973 τοῦτο
1892 4916 1991 4971 οὐκ

340 5006 489 5064 ἔσται
539 5008 667 5081 ὓμῖν
727 5006 1016 5084 διόρθωσις
1074 5006 1198 5063 οὐδὲ
1256 5007 1557 5086 συγγνώμη
1618 5007 1813 5064 λοιπὸν
1866 5003 1992 5061 οὐδὲ

343 5096 636 5172 ἀπολογία.
671 5099 803 5153 Τότε
837 5099 932 5171 μὲν
962 5100 1067 5175 γὰρ
1126 5098 1202 5159 εἰς
1251 5095 1483 5160 δούλους
1532 5098 1598 5168 ἦν
1647 5097 1714 5153 τᾶ.
1761 5096 1990 5170 τολμώ-

349 5208 504 5261 μενα,
534 5192 625 5242 νῦν
686 5185 742 5242 δὲ
803 5188 972 5242 πάντα
1029 5186 1206 5243 ἐκεῖνα
1259 5186 1326 5242 τὰ
1382 5186 1588 5243 παλαιὰ
1639 5192 1823 5264 σαφῶς
1888 5185 1989 5242 ἄπ-

346 5276 612 5352 εκρῦψατε
642 5273 731 5331 διὰ
760 5283 859 5346 τῆς
916 5276 994 5341 εἷς
1032 5278 1124 5332 τὸν
1180 5275 1360 5332 κοινὸν
1422 5275 1695 5347 Δεσπότην
1753 5276 1993 5350 Χριστὸν

351 5366 563 5439 μανίας.
596 5368 751 5421 Ὅθεν
783 5367 873 5420 καὶ
910 5367 1175 5440 μειζόνως
1218 5363 1531 5436 κολάζεσθε,
1591 5364 1682 5420 καὶ
1734 5362 1848 5419 οὐδ’
1902 5363 1993 5419 οὕ-

345 5477 456 5518 τως
514 5455 781 5532 ἀπέχεσθε
835 5462 936 5526 τῆς
992 5462 1261 5531 πατρικίς
1328 5451 1728 5531 ἐμϐροντησίας
1793 5475 1851 5510 τε
1906 5452 1995 5508 καὶ

351 5544 584 5615 λύσσης,
617 5543 820 5601 πλάνον
855 5544 1011 5601 αότὸν
1070 5544 1160 5600 καὶ
1207 5542 1525 5619 παράνομον
1569 5541 1995 5618 ἀποκαλοῦντες,

350 5632 420 5691 Εἴ
436 5638 569 5711 γοῦν
597 5631 808 5699 πλάνος
840 5633 906 5703 ἦν
937 5635 966 5689 ὁ
993 5633 1246 5711 Χριστὸς,
1294 5629 1371 5698 ὥς
1422 5654 1573 5712 φατε,
1623 5632 1715 5688 καὶ
1760 5631 1999 5707 παράνο-

2097 4652 2232 4708 talis
2262 4650 2473 4707 fuisset
2502 4651 2740 4722 qualem
2772 4670 2874 4708 vos
2905 4653 3124 4721 dicitis,
3158 4663 3400 4729 prOpter
3430 4674 3637 4712 necem
3691 4658 3746 4712 ei

2098 4741 2325 4797 illatam
2355 4740 2461 4795 bos
2494 4741 2705 4813 majori
2743 4743 2919 4797 etiam
2962 4761 3138 4817 quam
3171 4751 3308 4800 ante
3339 4746 3401 4800 in
3434 4746 3742 4800 existima-

2098 4832 2260 4886 tione
2294 4846 2422 4884 esse
2454 4830 2861 4885 conveniebat.
2892 4831 2949 4886 Si
2983 4833 3142 4888 enim
3159 4834 3415 4888 Phinees
3446 4850 3565 4889 uno
3598 4832 3746 4904 legis

2099 4919 2403 4976 violatiore
2438 4919 2731 4975 trucidato
2762 4921 2916 4977 iram
2948 4922 3073 4991 Dei,
3108 4939 3238 4993 qua)
3290 4928 3497 4977 contra
3555 4925 3746 4976 totum

2100 5014 2403 5067 exarserat
2431 5009 2737 5081 populum,
2774 5010 3026 5081 placavit
3054 5012 3268 5082 (stabat
3298 5010 3568 5077 enim,ait
3598 5011 3749 5065 Scri-

2101 5105 2293 5172 ptura,
2311 5097 2652 5165 Phinees,et
2676 5098 2949 5169 placabat
2970 5101 3177 5168 Deum,
3201 5118 3267 5155 ac
3290 5100 3468 5154 desiit
3494 5098 3748 5169 occidio,

2103 5205 2289 5259 eaque
2322 5204 2415 5241 res
2448 5187 2534 5241 illi
2561 5186 2813 5257 justiliw
2847 5187 2976 5243 loco
3009 5188 3298 5260 imputata
3340 5190 3473 5259 est),
3525 5194 3748 5260 quanto

2103 5277 2291 5349 magis
2322 5275 2621 5329 vobiscum
2654 5276 2734 5329 ita
2766 5277 2856 5347 agi
2890 5276 3111 5342 debuit,
3147 5279 3193 5332 si
3220 5277 3459 5350 quidem
3491 5279 3542 5334 is
3572 5295 3751 5350 quem

2105 5368 2166 5421 in
2200 5381 2433 5421 crucem
2459 5366 2611 5421 4R2
2646 5366 2847 5437 egistis
2879 5366 3023 5439 legis
3055 5374 3177 5423 erat
3205 5368 3522 5424 violatior?
3551 5370 3753 5426 Audes

2106 5460 2305 5510 tamen
2334 5453 2525 5507 adhuc
2558 5470 2823 5523 quaerere
2848 5455 3006 5511 unde
3038 5462 3265 5513 constet
3298 5459 3483 5513 Deum
3504 5475 3605 5513 vos
3628 5476 3757 5514 om-

2108 5545 2251 5600 nino
2283 5541 2560 5609 aversari,
2598 5559 2732 5599 cum
2764 5544 3004 5616 quidem
3038 5563 3133 5602 res
3165 5547 3293 5620 ipsa
3322 5547 3625 5620 clamet,et
3654 5565 3757 5605 vo-

2110 5649 2241 5691 cem
2271 5631 2414 5689 tuba
2437 5632 2755 5689 clariorem
2790 5632 2927 5691 edat
2956 5635 3120 5692 urbis
3178 5635 3495 5703 excidium,
3549 5637 3759 5709 templi
