4194 6198
468 288 597 353 451

1794 282 2106 349 eeonen
2150 285 2542 365 causam.
2616 234 2623 239 θ

3768 290 3889 351 452

472 420 749 489 vastatio,
783 424 843 477 et
871 420 1103 491 reliqua
1133 418 1353 475 omnia.
1397 418 1485 475 Ab
1534 415 1903 485 hominibus,
1935 415 2099 475 aiunt

2245 433 2369 489 μος,
2430 412 2602 495 ἐχρῆν
2665 415 2880 493 μᾶλλον
2948 414 3091 487 ὓμὲἱς
3148 413 3530 491 εὐδοκιμῆσαι,
3588 416 3673 472 ὅτι
3730 416 3890 473 αὐτὸν

474 525 595 565 non
629 526 665 565 a
693 510 811 565 Deo
843 508 957 564 ista
986 507 1097 563 sibi
1129 507 1287 564 mala
1314 502 1851 578 imposita.Quodsi
1882 521 2005 563 non
2036 505 2125 561 ira

471 597 599 667 Dei,
636 596 739 653 sed
763 596 1035 652 homines
1057 594 1269 652 horum
1294 601 1493 651 essent
1516 594 1805 651 malorum
1824 599 2121 661 auctores,

472 685 677 755 utique
709 684 1002 740 excidium
1035 700 1103 739 ea
1124 683 1575 756 finisset,neque
1601 682 1758 740 ultra
1781 683 2120 757 ignominiae

468 778 646 844 atque
680 772 934 828 miserim
966 777 1207 828 ventum
1238 776 1412 829 esset.

2235 503 2602 560 ἀπεκτείνατε.
2640 503 2705 563 Εἴ
2745 504 2849 581 γάρ
2911 505 3100 567 Φινεὲς
3156 501 3252 560 ἵνα
3298 506 3419 559 τινὰ
3468 510 3889 581 παρανομοῦντα

2233 588 2440 647 ἀνελὼν
2469 590 2782 668 ὀλόκληρον
2839 594 2938 665 τήν
2987 594 3126 651 κατὰ
3164 596 3261 650 τοῦ
3299 588 3483 656 ἔθνους
3542 593 3714 675 ὀργῆν
3762 616 3887 650 κατ’

2232 679 2255 735 έ
2486 674 2534 717 1”
2708 682 2721 700 ε
2927 683 2949 714 ι
3115 682 3127 701 ⁵
3328 683 3339 701 θ
3617 674 3631 701 ί
3698 681 3731 715 ’.

2258 701 2456 737 παυσεν
2486 702 2631 755 ιεστη
2661 702 2767 759 γαρ
2797 688 2980 745 Φινεις
3038 703 3127 738 και
3190 681 3498 754 ἐξιλασατο,
3546 704 3634 738 και
3693 686 3885 739 εκύπα-

2231 789 2318 823 σεν
2349 770 2384 837 ἡ
2418 770 2663 845 θραῦσις,
2702 770 2793 825 καὶ
2842 768 3104 851 ἐλογίσθη
3161 770 3310 843 αὐτῷ
3365 768 3442 836 είς
3489 766 3882 849 δικαιοσύνην),

461 855 664 931 πολλῷ
708 856 921 933 μᾶλλον
982 857 1058 939 ἐφ’
1119 860 1270 933 ὑμῶν
1330 856 1440 917 ἔδει
1490 865 1653 917 τοῦτο
1690 860 1962 937 γενέσθαι,
2007 854 2062 914 εἶ’
2097 877 2157 933 γε
2207 856 2523 931 παράνομος
2578 860 2644 926 ἦν
2696 858 2725 915 ὁ
2781 858 2869 937 ὑφ’
2937 860 3085 931 ὑμῶν
3145 859 3493 932 σταυρωθείς.
3556 859 3657 917 Καὶ
3713 860 3877 925 πόθεν

463 944 661 1017 δῆλον,
690 948 877 1027 φησὶν,
910 948 992 1003 ὅτι
1022 946 1207 1007 τέλεον
1258 949 1573 1029 ἀπεστράφη
1636 949 1775 1024 ὑμᾶς
1807 949 1834 1003 ὁ
1866 946 2034 1016 Θεύςς
2093 948 2218 1004 Τῶν
2279 945 2622 1021 πραγμάτων
2677 946 2852 1003 αὐτῶν
2915 947 3171 1022 βοώντων
3214 944 3303 1003 καὶ
3368 944 3670 1024 σάλπιγγος
3732 946 3876 1022 λαμο

459 1035 726 1113 πρστέραν
784 1037 1043 1116 ἀφιέντων
1103 1039 1291 1115 φωνὴν
1347 1036 1436 1094 διὰ
1488 1045 1589 1109 τῆς
1642 1043 2024 1114 καταστροφῆς
2081 1041 2181 1104 τῆς
2234 1033 2475 1105 πόλεως,
2520 1031 2626 1117 ,διὰ
2682 1043 2783 1107 τῆς
2868 1034 3205 1112 ἐρημώσεως
3256 1040 3353 1091 τοῦ
3408 1041 3559 1107 ναοῦ,
3621 1032 3710 1092 διά
3762 1038 3875 1094 τῶν

458 1123 647 1182 ἄλλων
680 1128 955 1185 ἁπάντων.
988 1125 1149 1185 Ἀλλ’
1195 1126 1492 1205 ἄνθρωποι,
1555 1130 1638 1203 [Ρ.
1693 1129 1820 1203 235]
1881 1123 2068 1204 φησῖν,
2124 1121 2417 1197 ἐπήγαγον,
2477 1119 2646 1199 οἱ)χὸ
2678 1125 2827 1188 Θεός.
2882 1124 2946 1182 Εἰ
2997 1129 3126 1199 γοῦν
3184 1122 3487 1201 ἀνθρώπων
3527 1123 3655 1202 ἔργα
3711 1129 3881 1181 ταῦτα

455 1215 544 1271 καὶ
580 1214 708 1292 οὐχὶ
736 1223 837 1286 τῆς
870 1216 1038 1293 ὀηῆς
1068 1215 1165 1273 τοῦ
1223 1221 1381 1287 Θεοῦ,
1439 1210 1548 1273 ἔδει
1610 1215 1775 1293 μέχρι
1829 1223 1929 1287 τῆς
1969 1212 2228 1275 ἀλώσεως
2283 1211 2349 1269 τά
2408 1210 2642 1288 ὑμέτερα
2711 1220 2898 1285 στῆναι
2951 1212 3041 1269 καὶ
3097 1216 3174 1289 μὴ
3232 1214 3532 1290 περαιτέρω
3585 1213 3873 1292 προελθεῖν

460 1305 588 1379 ὑμῖν
616 1305 716 1375 τήν
745 1304 964 1379 ἀτιμίαν
1000 1307 1093 1362 καὶ
1126 1308 1386 1365 κάκωσιν.

530 1398 747 1453 Verum
781 1403 906 1453 esto
937 1397 1021 1454 ita
1050 1398 1135 1454 uti
1166 1397 1386 1465 dicitis,
1420 1413 1488 1455 ac
1516 1414 1742 1466 muros,
1783 1396 1993 1453 urbem
2051 1400 2109 1451 et

456 1485 643 1542 altare
675 1486 1003 1558 dejecerint
1032 1487 1308 1543 homines
1340 1504 1521 1553 ,num
1544 1492 1602 1542 et
1622 1486 1896 1545 homines
1920 1485 2107 1543 homi-

454 1592 602 1631 num
634 1575 685 1629 vi
720 1575 973 1633 existere
1007 1576 1439 1633 cessaverunt?
1468 1592 1610 1633 num
1668 1575 1940 1632 homines
1970 1590 2105 1648 grav

460 1664 609 1720 tiam
635 1663 886 1735 Spiritus
906 1665 1145 1738 aliaque
1178 1666 1336 1737 apud
1365 1682 1465 1721 vos
1495 1665 1814 1738 magnifica
1842 1663 2109 1721 aboleve-

2289 1368 2441 1460 ηλῆν
2473 1386 2612 1447 ἔστω
2642 1393 2777 1447 κατά
2805 1392 2898 1449 τὸν
2932 1390 3189 1469 ὑμέτερον
3228 1392 3411 1469 λόγον,
3459 1392 3543 1450 ὅτι
3589 1394 3656 1450 τὰ
3704 1393 3869 1471 τείχη

2215 1474 2578 1555 κατέστρεψαν
2609 1480 2881 1556 ἂνθρωποι
2937 1483 3029 1537 καὶ
3084 1484 3186 1551 τήν
3245 1482 3412 1539 πόλιν
3471 1481 3731 1549 καθεῖλον
3780 1497 3874 1552 καῖ

2214 1564 2306 1622 τὸν
2341 1568 2529 1644 βωμδν
2571 1565 2912 1649 ἀνέστρεψαν
2961 1572 3036 1645 μὴ
3088 1571 3178 1627 καὶ
3235 1569 3363 1634 τοὺς
3413 1571 3735 1649 ἀνθρώπους
3786 1569 3880 1629 ἄνα

2217 1658 2431 1733 θρωποι
2482 1661 2843 1718 κατέπαυσαν
2919 1661 2996 1736 μή
3084 1663 3173 1718 καὶ
3231 1662 3329 1734 τήν
3392 1667 3490 1718 τοῦ
3548 1664 3871 1737 Πνεύματος

457 1752 644 1809 runt?
674 1725 880 1824 ICujus
938 1725 1174 1828 generis
1214 1725 1331 1822 est,
1378 1755 1539 1828 quod
1588 1725 1746 1811 nunc
1795 1771 2012 1827 neque,
2046 1744 2099 1811 ul

2223 1746 2385 1825 χάριν
2415 1749 2506 1804 καὶ
2531 1744 2712 1806 τᾶλλα
2735 1750 2801 1806 τά
2833 1746 3002 1827 σεμνά
3028 1751 3095 1807 τά
3124 1758 3249 1824 παρ’
3282 1752 3408 1826 ὑμῖν
3444 1750 3578 1808 αὐτὰ
3633 1750 3872 1808 κατέλυ-

460 1843 784 1915 quondam,
815 1860 923 1901 vox
950 1860 985 1899 a
1012 1844 1422 1917 prOpitiatorio
1455 1845 1719 1909 effertur,
1750 1861 1945 1918 neque
1999 1859 2107 1901 sua

460 1932 729 1987 unctioni
763 1938 992 1989 constat
1021 1932 1569 2006 efﬁcacilas,neque
1598 1934 1751 2007 lapis
1780 1931 2106 1991 sacerdotis

459 2019 649 2076 doret.
684 2022 828 2076 Nam
857 2020 1100 2078 Judaioa
1131 2022 1336 2095 religia
1365 2039 1472 2079 sua
1500 2022 1797 2097 principia
1836 2038 1955 2079 non
1985 2037 2108 2078 om-

454 2107 557 2162 nia
587 2107 660 2163 de
693 2107 871 2167 rebus
915 2108 1295 2165 terrestribus
1342 2109 1617 2175 habebat,
1671 2109 1775 2166 sed
1819 2109 2105 2182 pleraque

458 2200 518 2252 et
548 2197 846 2269 prmcipua
869 2197 1101 2253 cmlitus
1126 2213 1137 2252 :
1157 2198 1413 2271 exempli
1435 2199 1933 2268 causa,sacriﬂcia
1953 2199 2105 2254 Deus

456 2287 942 2359 praescripserat;
976 2294 1153 2359 atque
1183 2305 1283 2345 are
1316 2289 1579 2363 quidem,
1614 2289 1795 2365 ligna,
1829 2288 2017 2345 culter
2048 2293 2108 2344 et

463 2376 738 2435 sacerdos
769 2382 1004 2434 terrena
1035 2384 1225 2445 erant,
1257 2378 1411 2453 ignis
1440 2386 1641 2437 autem
1689 2378 1791 2453 qui
1822 2378 1885 2435 in
1928 2378 2104 2453 adyto

454 2482 698 2522 arsurus
732 2472 790 2521 et
820 2466 1179 2524 sacrificium
1211 2474 1673 2542 consumpturus
1704 2474 1848 2534 erat,
1875 2467 2104 2525 caelitus

460 2554 718 2611 habebat
758 2561 952 2615 ortum
988 2573 1002 2613 :
1054 2574 1173 2613 non
1205 2557 1367 2615 enim
1411 2558 1588 2615 homo
1638 2557 1835 2631 ignem
1882 2555 2102 2630 templo

452 2643 768 2707 inierebat,
801 2645 906 2700 sed
964 2642 1207 2703 ﬂamma
1239 2647 1311 2702 de
1367 2647 1516 2704 caelo
1568 2648 1687 2704 lata
1741 2647 2102 2705 sacriﬁcium

451 2731 819 2806 perﬁciebat.
850 2735 995 2789 Item
1044 2736 1092 2790 si
1135 2751 1252 2807 qua
1296 2735 1370 2791 de
1397 2752 1463 2791 re
1511 2737 1794 2793 certiores
1826 2737 1955 2793 fieri
2003 2752 2102 2793 cu-

452 2826 689 2895 perent,
724 2821 884 2876 inter
939 2822 1306 2879 Cherubinos
1364 2829 1423 2879 et
1478 2825 1952 2897 propitiatiorum
2000 2841 2107 2880 vox

471 2908 744 2981 quaedam
779 2906 1066 2967 edebatur
1091 2911 1290 2968 futura
1318 2912 1898 2984 prmdicensEodem
1928 2912 2104 2969 modo

450 2997 523 3055 de
554 2996 757 3070 lapide
791 2998 892 3071 qui
925 3016 1105 3071 supra
1130 3007 1336 3075 pectus
1368 3002 1691 3059 sacerdotis
1721 3002 2101 3075 summipen-

2217 1856 2336 1906 σαν,
2368 1839 2487 1894 οἷον
2517 1836 2581 1894 τὸ
2612 1842 2767 1917 φωνὴ
2805 1840 2864 1895 ἐκ
2908 1845 3007 1896 τοῦ
3059 1838 3388 1915 ἱλαστηρίου
3439 1840 3710 1917 φέρεσθαι,
3762 1842 3868 1909 τήν

2214 1914 2303 1979 ἐπὶ
2360 1930 2441 1998 τῷ
2496 1914 2766 2005 χρίσμασι
2815 1928 3105 2007 γενομένην
3140 1925 3423 2006 ἐνέργειαν,
3480 1914 3579 2000 την
3629 1927 3717 1985 ἐπὶ
3773 1930 3868 1985 τὸν

2216 2008 2369 2069 λίθον
2429 2021 2528 2071 τοῦ
2586 2016 2775 2093 ἱερέως
2834 2015 3080 2090 δήλωσιν
3117 2038 3130 2088 ;
3173 2018 3271 2074 Καὶ
3329 2018 3432 2097 γὰρ
3489 2021 3525 2089 ἡ
3589 2015 3866 2089 Ἰουδαϊκῆ

2214 2098 2469 2159 πολιτεία
2501 2104 2631 2180 ούχὶ
2662 2106 2902 2171 κάτωθεν
2937 2106 3057 2183 εἶχε
3085 2106 3180 2169 τάς
3211 2106 3387 2184 ἀρχὰς
3447 2107 3674 2179 ἁπάσας,
3726 2104 3875 2164 ἀλλά

2213 2191 2309 2255 τὰς
2342 2192 2570 2257 πλείους
2597 2195 2687 2251 καὶ
2721 2193 3049 2270 σεμνοτέρας
3090 2196 3293 2261 ἄνωθεν
3336 2194 3395 2252 ἐκ
3445 2202 3551 2252 τῶν
3604 2195 3870 2266 οὐρανῶν.

2215 2281 2346 2339 Οἱὸν
2376 2302 2430 2337 τι
2462 2278 2626 2359 λέγω·
2661 2284 2854 2348 Θυσίας
2885 2284 3131 2358 γίνεσθαι
3159 2288 3549 2362 συγχωρήσας,
3583 2286 3611 2340 ὁ
3638 2285 3732 2359 μὲν
3755 2286 3868 2364 βω·

2219 2369 2320 2443 μὸς
2346 2370 2413 2441 ἦν
2444 2372 2593 2427 κάτω
2631 2370 2720 2428 καὶ
2750 2372 2818 2429 τά
2846 2370 2983 2446 ξύλα
3010 2372 3100 2430 καὶ
3140 2375 3177 2444 ἡ
3212 2373 3462 2451 μάχαιρα
3489 2374 3580 2430 καὶ
3609 2374 3637 2429 ὁ
3668 2374 3869 2450 ἱερεὺς,

2211 2458 2274 2514 τὸ
2305 2456 2362 2515 δὲ
2390 2465 2497 2536 πῦρ
2531 2460 2594 2518 τὸ
2627 2460 2833 2537 μέλλον
2866 2461 2919 2518 ἐν
2959 2468 3077 2528 τοῖς
3097 2459 3316 2526 ἀδύτοις
3344 2470 3464 2526 τοῖς
3489 2461 3713 2527 ἐκείνοις
3736 2464 3870 2520 ἰέναι

2216 2550 2307 2604 καί
2349 2545 2585 2622 δαπανᾷν
2625 2552 2720 2614 τάς
2774 2550 2959 2615 θυσίας
3018 2547 3221 2609 ἄνωθεν
3288 2554 3388 2623 τήν
3458 2552 3640 2629 ἀρχὴν
3697 2552 3866 2632 εἶχεν·

2218 2636 2279 2693 ού
2301 2639 2400 2714 γὰρ
2458 2632 2743 2711 ἅνθρωπος
2808 2638 2884 2704 εἷς
2939 2641 3032 2697 τὸν
3089 2640 3219 2697 ναὸν
3278 2641 3466 2718 είσῆγε
3520 2644 3651 2713 πῦρ,
3717 2638 3869 2698 ἀλλά

2215 2725 2352 2806 φλὸξ
2411 2724 2608 2785 ἄνωθεν
2671 2732 3058 2806 κατενεχθεῖσα
3122 2732 3222 2801 τὴν
3277 2726 3367 2786 ἐπὶ
3421 2736 3525 2801 τῆς
3584 2726 3864 2794 διακονίας

2213 2812 2461 2891 ἐπλήρου
2494 2818 2704 2877 ουσίαν.
2738 2816 2911 2875 Πάλιν
2944 2815 3000 2874 εἶ’
3020 2839 3153 2875 ποτε
3185 2813 3291 2874 ἔδει
3321 2839 3375 2875 τι
3412 2819 3625 2893 μαθεῖν,
3667 2817 3868 2892 ἀναμέο

2213 2926 2305 2960 σον
2358 2908 2467 2960 τῶν
2528 2898 2813 2983 Χερουϐὶμ
2867 2907 2962 2963 καὶ
3018 2912 3120 2963 τοῦ
3186 2904 3517 2981 ἲλαστηρίου
3575 2909 3726 2987 φωνή
3784 2928 3870 2968 τις

2215 2992 2435 3074 ἐφέρετο
2474 2990 2566 3051 καὶ
2622 2996 2691 3052 τά
2749 2990 3025 3072 μέλλοντα
3063 2994 3383 3077 προέλεγεν.
3454 2997 3724 3059 Ὡσαύτως
3777 2992 3869 3051 ἐπὶ

456 3084 656 3158 debat,
681 3087 876 3162 fulgor
903 3089 1100 3146 exibat
1131 3090 1231 3162 qui
1262 3090 1460 3149 futura
1485 3091 1826 3166 detegeret;
1856 3091 2015 3150 unde
2046 3093 2099 3149 ei

2210 3080 2300 3136 τὸν
2344 3077 2497 3146 λίθον
2526 3082 2616 3137 τὸν
2671 3077 2760 3138 ἔπί
2789 3088 2886 3139 τοῦ
2926 3086 3158 3158 στήθους
3216 3089 3315 3143 τοῦ
3361 3084 3683 3164 ἀρχιερέως,
3719 3082 3861 3158 ὅπερ

446 3195 668 3237 nomen
685 3182 839 3239 4l3
862 3182 1294 3254 patefactionis.
1336 3184 1603 3256 Itemque
1633 3184 1681 3240 si
1704 3185 1838 3257 quis
1860 3184 2101 3259 inunge-

448 3269 828 3344 retur.gratia
846 3268 1098 3343 Spiritus
1126 3271 1188 3329 in
1211 3289 1345 3329 eum
1380 3272 1762 3330 insiliebatet
1784 3272 1983 3330 oleum
2006 3289 2098 3329 re-

447 3357 706 3415 siliebat.
744 3359 940 3432 lisque
996 3360 1176 3417 rebus
1207 3367 1365 3419 vates
1419 3367 1592 3418 erant
1628 3362 1991 3430 administri,
2033 3380 2099 3419 ac

453 3462 610 3520 smpe
640 3444 862 3503 nebula
893 3454 952 3503 et
998 3446 1197 3505 fumus
1246 3448 1489 3523 adytum
1521 3455 1973 3525 occupaverunt.
2016 3448 2098 3508 Ne

455 3534 636 3607 igitur
666 3552 773 3607 pro
806 3535 1175 3610 impudentia
1206 3542 1417 3607 vestra,
1450 3539 1820 3599 calamitates
1876 3545 2098 3599 vestras

454 3622 801 3681 hominibus
830 3632 1103 3699 acceptas
1141 3622 1399 3697 ferretis,
1448 3646 1566 3687 non
1599 3629 1764 3687 urbis
1813 3624 1990 3687 modo
2039 3635 2097 3687 et

444 3710 652 3786 tempii
688 3713 983 3771 excidium
1018 3712 1147 3772 ﬁeri
1165 3716 1321 3774 Deus
1351 3718 1752 3791 permisit,sed
1784 3723 1843 3773 et
1870 3736 1971 3776 eas
2001 3737 2096 3777 res

448 3820 700 3876 quarum
732 3804 806 3861 de
839 3805 983 3863 cmlo
1018 3804 1312 3881 principia
1342 3814 1514 3867 erant
1541 3826 1572 3865 e
1602 3809 1799 3867 medio
1831 3810 2090 3868 sustulit.

444 3890 560 3948 Cur
589 3890 747 3950 enim
779 3912 938 3952 nunc
971 3902 1032 3952 et
1057 3898 1367 3971 prOphetis
1408 3903 1469 3955 et
1497 3899 1778 3956 omnibus
1826 3900 1955 3956 istis
1999 3898 2090 3955 di-

446 3980 601 4037 vinis
634 3978 814 4049 rebus
844 3980 1238 4041 destituimini
1260 3989 1289 4041 ?
1335 3987 1543 4043 Nonne
1573 3984 1635 4045 in
1682 3993 1963 4060 promptu
2003 3992 2093 4045 est

445 4068 504 4125 id
538 4070 690 4140 ﬁeri,
722 4071 864 4145 quia
893 4073 1047 4129 Deus
1078 4091 1180 4133 vos
1210 4076 1562 4133 aversatur?
1592 4072 1778 4144 Unde,
1820 4072 1993 4145 dicis,
2029 4076 2090 4133 id

440 4154 686 4233 liquet?
740 4158 881 4217 Inde
939 4160 1100 4237 quod
1151 4163 1454 4237 quondam
1525 4162 1845 4225 admodum
1918 4166 2086 4240 impii

441 4248 641 4304 fuistis
668 4266 682 4303 :
715 4265 876 4307 nunc
908 4257 1108 4309 autem
1134 4259 1270 4327 post
1297 4252 1458 4311 cruci
1490 4250 1730 4313 affixum
1763 4254 2084 4319 Christum.

441 4353 578 4392 cum
610 4334 931 4394 videamini
979 4340 1202 4397 rectius
1232 4338 1445 4413 vivere,
1501 4343 1797 4418 graviores
1826 4342 2085 4421 penditis

440 4440 665 4496 pmnas’
700 4426 970 4500 nihilque
1018 4429 1287 4501 Priorum
1335 4431 1627 4491 bonorum
1675 4430 1839 4489 vobis
1869 4432 2035 4491 adest
2068 4449 2083 4502 ;
2119 4453 2166 4518 Ι)

437 4526 634 4587 neque
688 4531 827 4571 vero
885 4533 1151 4593 unquam
1212 4518 1423 4593 aderit,
1465 4520 1969 4593 quemadmodum
2001 4520 2086 4581 di-

432 4604 586 4661 vinae
616 4604 1035 4679 praedictiones
1084 4611 1398 4685 perspicue
1448 4612 1787 4673 ostendunt.
1826 4612 2091 4675 Vultisne

435 4699 503 4749 ut
534 4693 735 4768 plures
765 4696 945 4755 etiam
979 4705 1139 4756 vates
1180 4707 1387 4761 contra
1415 4718 1517 4759 vos
1547 4701 1622 4758 ad
1668 4698 1956 4760 auxilium
1988 4700 2089 4758 ad-

435 4801 746 4855 vocemus,
777 4787 879 4863 qui
936 4784 1153 4847 diserte
1192 4791 1583 4863 pronuntient
1612 4792 1793 4849 finem
1845 4807 1975 4847 esse
2002 4808 2092 4849 re—

434 4890 568 4929 rum
600 4878 960 4948 vestrarum,
992 4884 1228 4935 nostras
1258 4897 1351 4936 res
1409 4878 1731 4943 ﬂorituras,
1765 4896 1833 4936 ac
1866 4897 1972 4953 per
2002 4886 2088 4938 to-

440 4967 569 5018 tum
599 4965 809 5019 orbem
839 4972 1235 5045 propagatum
1266 4964 1338 5024 iri
1366 4968 1751 5043 prwconium,
1785 4968 2090 5041 aliumque

434 5051 811 5109 sacriﬁcandi
842 5054 1089 5111 modum
1121 5056 1778 5127 instituendum,vestro
1809 5054 2043 5118 sublato
2062 5059 2092 5115 ‘2

435 5140 587 5197 Sane
622 5159 742 5198 non
776 5144 1102 5221 producam
1158 5151 1368 5204 testem
1400 5144 1614 5203 Isaiam
1645 5151 1748 5207 aut
1773 5147 2087 5207 Jeremiam

434 5233 537 5286 aut
566 5228 716 5288 alios
750 5233 851 5305 qui
874 5238 1012 5291 ante
1064 5232 1487 5308 Babylonicum
1519 5235 1793 5295 vixerunt
1821 5232 2086 5306 exilium,

434 5334 511 5375 ne
546 5334 616 5374 ea
647 5318 900 5393 impleta
929 5321 1116 5381 fuisse
1165 5323 1379 5382 dicatis
1408 5343 1539 5398 quae
1570 5324 1659 5385 illi
1688 5326 1848 5387 mala
1877 5326 2089 5387 minati

430 5410 571 5461 sunt
602 5423 615 5461 :
655 5408 759 5465 sed
789 5410 1159 5483 Malachiam,
1194 5415 1294 5491 qui
1325 5420 1461 5490 post
1503 5420 1763 5477 vestrum
1796 5433 1869 5477 ex
1899 5417 2087 5495 Baby-

430 5494 571 5561 lone
618 5498 876 5563 reditum
933 5511 993 5567 et
1021 5506 1185 5571 urbis
1242 5507 1741 5575 instaurationem
1786 5494 2090 5573 evidenter

429 5584 505 5663 de
536 5588 754 5671 vestris
794 5590 972 5657 rebus
1023 5600 1113 5655 est
1140 5592 1516 5660 vaticinatus.
1549 5600 1605 5659 Is
1648 5612 1785 5679 ergo
1832 5613 1967 5661 cum
1993 5599 2086 5661 Ju—

2214 3167 2443 3227 ὲκάλουν
2477 3168 2743 3244 δήλωσιν,
2771 3168 2974 3251 ἐγίνετό
2996 3195 3080 3238 τις
3120 3171 3421 3251 ἔλλαμψις,
3472 3175 3563 3233 καὶ
3627 3172 3694 3230 τά
3727 3170 3867 3247 μέλ-

2212 3258 2379 3316 λοντα
2436 3262 2863 3337 προεσήμαινεν.
2921 3263 3167 3339 Ὁμοίως
3232 3264 3397 3334 ἡνίκα
3454 3262 3701 3340 χρίεσθαι
3756 3259 3867 3318 ἔδει

2207 3349 2349 3423 τινὰ,
2435 3349 2747 3425 Πνεύματος
2833 3350 3097 3432 έφίπτατο
3174 3354 3339 3430 χάρις
3416 3353 3508 3410 καὶ
3559 3353 3621 3409 τὸ
3678 3346 3867 3408 ἔ)αιον

2209 3436 2470 3510 ἀνεπήδα.
2530 3439 2628 3496 Καὶ
2695 3447 2975 3518 προφῆται
3035 3440 3326 3514 διηκόνουν
3385 3448 3505 3506 τοῖς
3569 3441 3859 3519 πράγμασι

2207 3526 2445 3601 τούτοις,
2478 3530 2566 3586 καὶ
2596 3528 2797 3612 νεφέλη
2838 3526 3112 3596 πολλάκις
3165 3530 3255 3589 καὶ
3311 3532 3514 3596 καπνὸς
3569 3531 3635 3590 τὰ
3691 3526 3864 3585 ἄδυτα

2206 3614 2637 3693 κατελάμϐανεν.
2695 3621 2813 3679 Ἵνα
2873 3619 3049 3676 τοίνυν
3113 3622 3191 3696 μή
3249 3621 3651 3699 ἀναισχυνθὴτε
3710 3618 3861 3697 μηδὲ

2203 3704 2512 3784 ἀνθρώποις
2545 3708 2842 3787 λογίζησθε
2870 3710 2969 3781 τήν
2997 3708 3275 3788 ἐρήμωσιν
3320 3710 3522 3783 αὐτῶν,
3572 3711 3701 3789 ούχὶ
3742 3716 3851 3784 τήν

2203 3795 2368 3855 πόλιν
2401 3796 2572 3873 μόνην
2606 3800 2781 3877 ἀφῆκε
2811 3800 2989 3856 πέσεῖν
3022 3800 3111 3855 καὶ
3144 3800 3234 3855 τὸν
3284 3800 3408 3856 ναὸν
3460 3798 3848 3877 ἐρημωθῆναι,

2200 3885 2350 3944 ἀλλά
2378 3886 2469 3943 καὶ
2502 3887 2569 3942 τά
2597 3886 2894 3966 πράγματα
2925 3884 3119 3962 ἆκεῖνα,
3152 3888 3286 3966 ἅπερ
3342 3888 3403 3945 ἐκ
3450 3892 3560 3946 τῶν
3601 3888 3848 3967 οὐρανῶν

2197 3978 2295 4042 τάς
2326 3976 2503 4059 ἀρχάς
2558 3979 2725 4055 εἶχεν,
2785 3975 3029 4036 ἐκποδὼν
3073 3980 3311 4057 γενέσθαι
3359 3980 3646 4053 πεποίηκε.
3694 3980 3857 4047 Τίνος

2199 4065 2294 4123 οῦν
2324 4066 2504 4123 ’ἐνεκεν
2534 4067 2637 4124 οὐκ
2665 4066 2819 4149 ἔχετε
2845 4072 2935 4123 νῦν
2966 4070 3251 4147 προφήτας
3303 4066 3427 4126 οὐδέ
3475 4089 3529 4126 τι
3584 4072 3692 4127 τῶν
3735 4070 3855 4128 λοι-

2196 4160 2313 4212 πῶν
2346 4155 2565 4213 ἐκείνων
2625 4152 2821 4227 θείων;
2879 4156 2995 4216 Ούκ
3053 4154 3287 4230 εὔδηλον
3336 4156 3420 4216 ὅτι
3457 4162 3553 4216 τοῦ
3599 4162 3734 4217 Θεοῦ
3783 4162 3852 4218 τά

2194 4246 2312 4305 κκθ’
2343 4246 2483 4321 ὑμᾶς
2529 4244 3011 4325 ἀποστραφέντος;
3067 4244 3171 4306 Καὶ
3230 4249 3418 4322 πόθεν,
3476 4248 3628 4330 φησὶ,
3677 4251 3846 4308 τοῦτο

2196 4330 2367 4407 δῆλον
2398 4354 2412 4405 ;
2447 4336 2573 4413 Ἀφ’
2613 4336 2687 4390 ὢν
2738 4336 2844 4411 πρὸ
2899 4335 3095 4393 τούτου
3155 4337 3248 4413 μὲν
3305 4334 3623 4402 ἀσεϐοῦντες
3685 4337 3846 4416 ἐτυγ-

2199 4422 2393 4501 χάνετε
2421 4423 2659 4494 πάιτως,
2703 4428 2794 4480 νῦν
2854 4422 2913 4481 δὲ
2969 4420 3249 4490 δοκοῦντες
3307 4425 3699 4504 ἐπιεικέστερον
3748 4432 3849 4505 ζῇν

2206 4512 2342 4589 μετά
2375 4512 2469 4569 τὸν
2528 4513 2756 4591 σταυρὸν
2817 4514 3040 4591 μείζονα
3078 4516 3352 4594 τιμωρίαν
3411 4515 3707 4593 ὑπομένετε
3754 4519 3849 4575 καὶ

2201 4598 2419 4666 οὐδενὸς
2454 4599 2758 4659 ἀπολαύετε
2796 4608 2904 4661 τῶν
2952 4603 3249 4681 προτέρων,
3303 4602 3427 4663 οὔτε
3471 4607 3579 4680 μὴν
3623 4604 3848 4679 ἀπολήο

2201 4694 2385 4768 ψεσθε,
2425 4690 2602 4754 καθὼς
2633 4693 2689 4747 αἱ
2720 4693 2856 4749 θεῖαι
2883 4694 3214 4771 προρρήσεις
3263 4693 3505 4774 ἐναργῶς
3556 4692 3845 4765 δηλοῦσιν.

2201 4778 2267 4840 El
2298 4779 2364 4852 δὴ
2401 4780 2687 4859 βούλεσθε,
2735 4783 2825 4839 καὶ
2873 4783 3086 4861 ἑτέρους
3134 4788 3421 4865 προφήτας
3472 4784 3846 4866 ἑφοπλίσομεν

2200 4870 2466 4950 λέγοντας
2498 4874 2742 4950 φανερῶς
2773 4872 2858 4928 ’ὁτι
2886 4872 2955 4929 τά
3014 4874 3107 4947 μὲν
3158 4873 3391 4950 ὖμέτερα
3454 4868 3614 4941 τέλος
3661 4872 3847 4952 λήψε-

2199 4983 2311 5036 ται,
2343 4960 2410 5017 τὰ
2436 4954 2494 5016 δὲ
2526 4960 2768 5040 ἡμέτερα
2824 4958 3064 5033 ἀνθήσει,
3120 4962 3213 5019 καὶ
3267 4967 3553 5041 πανταχοῦ
3609 4970 3710 5034 τῆς
3766 4965 3854 5018 ol-

2198 5051 2475 5125 κουμένης
2502 5046 2851 5122 ἐκταθήσετάι
2891 5050 2954 5108 τὸ
3009 5054 3294 5128 κήρυγμα,
3345 5052 3434 5109 καὶ
3492 5050 3680 5117 θυσίας
3733 5050 3854 5108 ἑτέ-

2202 5163 2298 5220 ρας
2326 5140 2825 5217 προσενεχθήσεται
2855 5141 3081 5218 τρόπος,
3143 5136 3361 5199 ἱκείνων
3396 5147 3506 5200 τῶν
3551 5144 3680 5220 παρ’
3720 5140 3851 5217 ὑμῖν

2198 5228 2628 5287 καταλυθεισῶν.
2660 5222 2801 5286 Οὐδὲ
2825 5230 2928 5306 γὰρ
2959 5230 3176 5289 ’Βσαίαν
3231 5236 3464 5311 παράγω
3517 5230 3653 5299 τέως
3706 5231 3852 5309 μάρ-

2197 5340 2334 5397 τυρα
2361 5314 2483 5374 οὔτε
2518 5317 2779 5394 Ἰερεμίαν
2812 5317 2935 5375 ούτε
2962 5320 3088 5383 τοὺς
3118 5318 3326 5385 ἄλλους
3368 5319 3475 5397 πρὸ
3520 5324 3621 5389 τῆς
3670 5318 3850 5397 αίχμο

2198 5406 2463 5479 αλωσίας,
2492 5405 2583 5461 ἳνα
2619 5408 2695 5482 μὴ
2754 5402 2957 5491 λέγητε
3012 5410 3095 5466 ὅτι
3146 5411 3214 5465 τὰ
3269 5408 3416 5468 δεινὰ
3459 5410 3632 5467 ἐκεῖνα
3661 5410 3695 5465 ἇί
3724 5404 3846 5465 ἔλε-

2198 5519 2299 5579 γον
2334 5494 2427 5575 [Ρ.
2474 5496 2603 5575 236]
2660 5492 2783 5573 περὶ
2833 5499 2931 5569 τῆς
2976 5496 3397 5579 αἲχμαλώσεως
3455 5494 3634 5575 ἐξέϐη,
3695 5494 3851 5555 ἀλλά

2200 5578 2501 5663 Μαλαχίαν
2533 5582 2625 5639 τὸν
2665 5584 2800 5661 μετά
2835 5584 2936 5658 τὴν
2960 5584 3021 5643 εκ
3074 5578 3401 5651 Βαϐυλῶνος
3443 5582 3705 5645 ἆπάνοδον
3756 5586 3852 5647 καὶ
