4194 6198
443 296 561 355 455

1775 285 2087 346 GEORGII
2131 286 2473 354 CEDRENI
2546 318 2553 329 ·

3725 299 3844 359 456

443 428 723 486 Insanitis
754 423 1127 483 sacriﬁcandi
1179 422 1371 479 studio
1426 422 1455 478 ‘I
1511 421 1649 477 Mihi
1707 438 1842 494 ergo
1890 423 2077 495 potius

2201 418 2372 508 δῆλον
2412 420 2673 492 ἐντεῦθεν.
2706 428 2857 487 Μετὰ
2912 428 3011 505 γὰρ
3072 432 3171 501 τήν
3224 434 3465 508 μυσαρὰν
3525 434 3722 508 ἑορτήν
3775 436 3841 505 ἢν

444 518 789 574 sacriﬁcate.
850 516 1049 584 Neque
1098 518 1299 567 tamen
1356 510 1710 567 immensam
1742 513 1896 567 416
1926 513 2088 567 vobis

445 603 815 661 sacriﬁcandi
874 600 1175 656 licentiam
1252 599 1543 672 permisit,
1610 599 1714 656 sed
1772 601 2089 657 scitissime

440 694 532 748 via
562 698 740 763 alque
772 690 1000 745 ratione
1032 707 1131 745 vos
1160 689 1472 745 revocavit.
1490 691 1569 745 Ac
1585 689 2085 760 quemadmodum

436 781 540 835 ille
566 779 831 835 medicus
863 778 1177 850 cupiditati
1211 780 1550 852 aegrotantis
1596 779 1912 852 indulgens
1958 783 2093 852 post

440 870 654 944 poculo
676 869 852 925 domo
886 869 1065 925 allato
1097 870 1151 926 ei
1182 871 1503 942 persuadet
1557 872 1642 926 uti
1697 888 1820 927 non
1866 871 1981 927 alio
2021 887 2092 925 ex

436 978 572 1018 vase
606 960 879 1034 frigidam
914 960 1164 1028 biberet,
1199 977 1384 1032 eoque
1412 967 1659 1033 parente
1701 961 1932 1018 occulte
1961 962 2092 1032 ejus

438 1050 831 1107 familiaribus
892 1050 1203 1106 mandaret
1247 1055 1315 1105 ut
1368 1051 1811 1123 confringerent
1853 1051 2089 1113 vitrum,

438 1141 638 1212 itaque
670 1139 773 1194 ille
806 1156 927 1194 non
959 1139 1444 1195 animadvertens
1465 1146 1524 1195 et
1552 1141 1726 1196 tacite
1758 1139 1830 1196 ab
1861 1156 1968 1195 sua
1989 1155 2087 1194 cu-

438 1230 686 1302 piditate
709 1228 1109 1284 abduceretur
1143 1246 1154 1283 :
1190 1229 1273 1284 sic
1325 1231 1478 1285 Deus
1527 1246 1760 1301 quoque
1803 1228 2093 1284 sacriﬁcia

439 1319 731 1392 permisit,
767 1335 836 1374 ea
867 1318 995 1391 lege
1024 1323 1090 1373 ut
1118 1335 1237 1374 non
1261 1318 1398 1374 alibi
1432 1324 1726 1374 terrarum
1758 1335 1937 1389 quam
1955 1317 2092 1372 Hie-

440 1409 755 1480 rosolymis
788 1408 1175 1464 ﬁerent.Hinc
1215 1409 1466 1464 Davidus
1497 1409 1578 1465 ait
1609 1426 1622 1465 :
1656 1411 1700 1465 O
1730 1410 1968 1476 Deus,te
1990 1408 2093 1479 by-

438 1516 614 1555 mnus
646 1499 708 1553 in
740 1498 914 1553 Sione
938 1497 1112 1553 decet
1145 1498 1372 1570 tibique
1402 1504 1537 1555 vota
1567 1499 1871 1555 solventur
1889 1498 2091 1553 Hiero-

436 1587 684 1660 solymis
713 1585 779 1643 5°.
816 1587 1041 1642 Deinde
1074 1604 1208 1642 cum
1258 1587 1606 1658 aliquandiu
1655 1588 2092 1644 sacriﬁcassent

432 1676 642 1746 Judaei,
686 1676 886 1732 urbem
941 1693 1072 1732 eam
1113 1677 1340 1744 evertit,
1376 1694 1595 1748 eosque
1674 1677 1804 1749 ejus
1860 1676 2087 1733 excidio

430 1766 622 1837 urbis,
658 1766 843 1822 veluti
873 1767 1142 1823 medicus
1197 1768 1347 1822 vitro
1401 1767 1847 1840 confringendo,
1907 1767 2085 1823 etiam
2117 1804 2162 1870 Β

431 1856 708 1911 nolentes
739 1872 773 1911 a
805 1855 1113 1911 sacriﬁciis
1158 1856 1424 1911 retraxit.
1457 1857 1604 1921 Quia
1660 1857 1823 1912 enim
1879 1861 2081 1928 aperte

431 1964 531 2002 eos
542 1946 780 2019 jubenti
832 1948 1107 2003 desinere
1140 1947 1515 2004 sacriﬁcandi
1544 1965 1771 2004 morem
1812 1949 1929 2003 Deo
1960 1965 2081 2003 non

431 2043 603 2094 erant
623 2038 797 2094 facile
828 2038 1315 2110 obtemperaturi,
1347 2039 1462 2094 loci
1506 2037 1948 2095 necessitudine
1977 2038 2084 2094 ob-

430 2126 647 2194 stricti,
684 2126 819 2182 ideo
844 2144 945 2182 eos
995 2127 1225 2183 occulte
1273 2128 1345 2183 ab
1385 2145 1456 2184 ea
1484 2129 1740 2185 veesania
1767 2125 2078 2184 revocavit.

427 2218 776 2289 Comparem
807 2233 944 2290 ergo
975 2218 1161 2273 Deum
1194 2218 1447 2287 medico,
1479 2219 1687 2274 urbem
1720 2218 1954 2299 poculo,
1980 2219 2081 2274 Ju-

426 2304 621 2360 dzeum
681 2305 971 2377 populum
1037 2323 1342 2363 morosum
1427 2313 1604 2379 atque
1670 2307 2081 2363 refractarium

430 2394 762 2466 aegrotanti,
812 2393 1039 2466 frigida:
1096 2397 1261 2467 potui
1320 2396 1691 2452 sacriﬁcandi
1754 2392 2078 2453 licentiam.

426 2483 578 2538 Nam
602 2483 719 2538 nisi
752 2483 905 2539 Deus
944 2483 1055 2540 hoc
1085 2485 1281 2557 ipsum
1312 2486 1685 2542 machinatus
1718 2492 1893 2557 esset,
1951 2504 2082 2558 quas

438 2587 623 2628 causa
651 2577 779 2628 erat
815 2589 921 2628 cur
949 2577 1179 2630 tantum
1211 2574 1566 2631 sacriﬁcium
1595 2576 1772 2632 unico
1808 2575 1939 2631 loco
1978 2576 2085 2632 cir-

432 2663 886 2728 cumscriberet,
920 2664 1019 2734 qui
1042 2664 1264 2735 ubique
1290 2682 1555 2735 praesens
1584 2665 1752 2721 adest
1796 2671 1853 2720 et
1883 2665 2085 2721 omnia

438 2751 831 2822 replet?Cur
884 2752 1109 2808 cultum
1166 2752 1228 2807 in
1286 2754 1664 2824 sacriﬁcium,
1723 2754 2082 2810 sacriﬁcium

440 2838 501 2893 in
529 2839 746 2908 locum,
779 2840 976 2895 locum
998 2841 1059 2895 in
1090 2845 1317 2896 certum
1366 2848 1619 2914 tempus,
1651 2849 1830 2915 atque
1876 2844 1988 2899 hoc
2019 2844 2081 2898 in

432 2927 671 2983 unicam
704 2927 914 2984 urbem
945 2928 1277 2999 includens,
1303 2947 1433 2986 eam
1462 2930 1674 2987 deinde
1694 2931 1903 2987 urbem
1919 2948 2082 2988 ever-

426 3017 638 3072 tisset?
665 3018 850 3089 quue
882 3019 1138 3075 maxime
1195 3019 1468 3076 mirabile
1528 3026 1619 3076 est
1666 3026 1725 3076 et
1776 3022 2079 3078 communi

424 3106 689 3177 opinioni
723 3107 1056 3175 adversum,
1084 3110 1231 3165 417
1270 3109 1427 3180 quod
1460 3115 1580 3165 toto
1611 3109 1753 3166 orbe
1784 3115 2077 3167 terrarum

2197 506 2517 568 ἐπετέλεσαν
2567 521 2685 580 τοῖς
2742 514 3051 592 δαιμονίοις
3116 523 3657 601 μοσχοποιήσαντες,
3721 519 3845 579 τὸτε

2195 600 2291 661 τὰς
2319 600 2507 666 θυσίας
2537 602 2819 683 ἐπέτρεψε,
2853 610 3156 686 μονονουχὶ
3210 608 3403 687 λέγων·
3455 611 3726 669 Μαίνεσθε
3750 612 3843 668 καὶ

2202 686 2465 759 βούλεσθε
2493 693 2637 756 θύειν
2664 712 2678 765 ;
2706 696 2916 754 Οὐκοῦν
2948 695 3073 770 ἐμοὶ
3114 686 3295 756 θύετεέ
3348 697 3508 755 Ἀλλ’
3565 701 3721 774 ’ὀμως
3750 702 3844 757 καὶ

2195 779 2357 831 τοῦτο
2392 778 2685 867 ἐπιτρέψας
2716 785 2781 840 ού
2816 785 2983 865 μέχρι
3010 784 3207 850 τέλους
3264 787 3493 867 ἀφῆκεν,
3554 788 3698 845 ἀλλὰ
3753 787 3845 846 διὰ

2199 866 2518 954 σοφωτάτης
2581 870 2814 945 μεθόδου
2878 874 3047 932 πάλιν
3104 866 3358 954 ἐνήγαγε.
3417 879 3517 933 Καὶ
3572 876 3754 953 ὥσπερ
3812 880 3842 935 6

2199 952 2383 1031 ἰατρὸς
2410 956 2611 1023 ἐκεῖνος
2641 966 3010 1042 συγχωρήσας
3038 970 3107 1041 τῇ
3166 952 3424 1041 ἐπιθυμίᾳ
3459 971 3557 1025 τοῦ
3611 952 3847 1042 κάμνον-

2198 1065 2313 1116 τος,
2360 1047 2476 1102 εἶτα
2530 1049 2736 1128 φιάλην
2792 1051 3001 1110 οἴκοθεν
3051 1054 3284 1128 κομίσας
3369 1055 3612 1112 κελεύσει
3666 1058 3838 1133 ταύτῃ

2202 1134 2342 1209 μόνῃ
2376 1139 2476 1206 τῆς
2506 1140 2886 1214 ψυχροποσίας
2921 1139 3271 1217 μεταλαϐεῖν,
3302 1144 3393 1200 καὶ
3449 1151 3547 1201 τοῦ
3605 1146 3845 1219 κάμνον-

2195 1242 2290 1287 τος
2319 1224 2625 1290 πεισθέντος
2657 1228 2830 1307 λάθρα
2856 1237 2975 1295 τοῖς
3031 1230 3364 1305 ἐπιτηδείοις
3422 1232 3687 1305 ἐπιτάξειε
3716 1257 3840 1291 συν-

2194 1315 2383 1387 τρῖψαι
2441 1316 2539 1385 τήν
2597 1318 2800 1394 φιάλην
2877 1322 3070 1395 αὐτὴν,
3153 1321 3249 1377 ’ίνα
3329 1324 3698 1389 λανθανόντως
3747 1325 3841 1380 καὶ

2194 1399 2519 1468 ἀνυπόπτως
2593 1407 2757 1463 αὐτὸν
2808 1407 3056 1486 ἀπαγάγῃ
3114 1418 3216 1482 τῆς
3300 1411 3594 1487 ἐπιθυμίας
3650 1414 3840 1485 αὐτῆς·

2198 1489 2341 1546 οὕτω
2369 1494 2458 1547 καὶ
2489 1495 2517 1548 6
2558 1496 2688 1558 Θεὸς
2739 1495 2986 1570 ἐποίησεο
3045 1500 3190 1555 θύειν
3242 1499 3554 1578 ἐπιτρέψας,
3585 1500 3639 1558 ὲν
3663 1500 3843 1559 οὐδενὶ

2192 1578 2348 1654 τόπῳ
2370 1589 2478 1652 τῆς
2508 1583 2829 1656 οίκουπένης
2860 1585 3006 1643 είάσε
3034 1593 3199 1645 τοῦτο
3223 1592 3486 1666 γενέσθαι,
3519 1589 3648 1647 ἀλλ’
3694 1593 3730 1662 ἢ
3784 1591 3839 1649 ἐν

2193 1675 2313 1733 τοῖς
2344 1671 2746 1749 Ἰεροσολύμοις
2802 1678 2890 1733 καὶ
2955 1682 3144 1753 μόνον,
3199 1678 3321 1736 ὅθεν
3380 1681 3542 1759 φησὶν
3586 1679 3838 1740 ὁΔαϐίδ’

2197 1761 2295 1814 Σοὶ
2329 1760 2522 1835 πρέπει
2552 1760 2723 1837 ὕμνος
2751 1766 2778 1821 6
2810 1766 2939 1830 Θεὸς
2972 1768 3023 1824 ἐν
3060 1769 3226 1840 Σιὼν,
3281 1770 3373 1826 καὶ
3428 1769 3516 1826 σοὶ
3561 1768 3843 1843 ἀποδοθή-

2192 1869 2338 1904 σεται
2374 1850 2532 1939 ,εὖχὴ
2591 1851 2645 1908 ἐν
2704 1854 3090 1931 Ἰερουσαλήμ.
3148 1858 3283 1915 Εἶτα
3359 1857 3545 1930 ἐπειδὴ
3605 1861 3842 1939 χρόνους

2190 1938 2339 2001 τινὰς
2369 1934 2582 2011 ἔθυσαν,
2623 1943 2843 2008 καθεῖλε
2897 1946 2998 2016 τὴν
3057 1944 3246 2004 πόλιν.
3312 1949 3515 2027 Ὥσπερ
3570 1934 3840 2025 ὁηῖατρὸς

2192 2023 2281 2081 διὰ
2335 2034 2435 2098 τῆς
2485 2036 2583 2085 τοῦ
2637 2032 2861 2098 σκεύους
2915 2030 3230 2111 συντριϐῆς,
3285 2036 3458 2100 οὕτως
3512 2037 3670 2093 καὶὸ
3709 2040 3843 2104 Θεὸς

2192 2112 2280 2171 διὰ
2309 2125 2408 2188 τῆς
2437 2126 2817 2198 καταστροφῆς
2869 2126 2972 2189 τῆς
3026 2122 3246 2188 πόλεως
3300 2126 3390 2181 καὶ
3448 2126 3678 2190 ἂκοντας
3739 2129 3843 2183 αύ-

2188 2205 2316 2267 τοὸς
2346 2206 2596 2285 ἀπήγαγε
2643 2215 2740 2265 τοῦ
2797 2211 3139 2287 πράγματος.
3209 2213 3361 2272 Ἐπεὶ
3415 2215 3518 2292 γὰρ
3573 2215 3620 2272 εί
3677 2238 3838 2295 φανεο

2195 2299 2303 2368 ρῶς
2331 2295 2494 2351 εἶπενο
2531 2297 2856 2370 Ἀπόστητε,
2908 2301 3008 2357 οὐκ
3058 2300 3119 2357 ἄν
3148 2298 3449 2378 ἠνέσχοντο
3482 2301 3705 2379 ῥᾳδίως,
3748 2302 3840 2361 διὰ

2189 2389 2290 2453 τῆς
2340 2385 2479 2441 κατὰ
2529 2387 2622 2442 τὸν
2679 2390 2851 2444 τόπον
2913 2390 3152 2464 ἀνάγκης
3211 2391 3586 2457 λανθανόντως
3640 2393 3839 2457 αὐτοὺς

2190 2471 2445 2550 ἀπήγαγε
2473 2481 2575 2546 τῆς
2603 2478 2724 2552 περὶ
2753 2477 2816 2532 τὸ
2861 2484 3088 2556 πρᾶγμα
3147 2480 3358 2555 μανίας.
3421 2487 3600 2538 Ἔστω
3652 2483 3836 2539 τοίνυν

2192 2563 2221 2616 6
2248 2563 2344 2635 μὲν
2375 2563 2561 2640 ἱατρὸς
2599 2566 2802 2637 ὸΘεὸς,
2835 2569 2869 2638 ἡ
2928 2564 2986 2623 δὲ
3041 2567 3214 2645 φιάλη
3272 2573 3306 2640 ἡ
3367 2571 3552 2640 πόλις,
3584 2572 3614 2627 6
3656 2570 3714 2628 δὲ
3742 2594 3836 2628 νο·

2190 2656 2296 2706 σῶν
2326 2653 2354 2708 ὁ
2386 2650 2707 2730 δυσάρεστος
2737 2653 2916 2730 δῆμος
2941 2662 3049 2713 τῶν
3101 2656 3403 2731 Ἰουδαίων,
3462 2664 3497 2731 ἡ
3547 2664 3837 2737 ψυχροπο·

2190 2741 2276 2797 σία
2303 2746 2338 2813 ἡ
2369 2744 2476 2828 τῶν
2506 2745 2705 2800 θυσιῶν
2735 2744 3004 2824 ἐπιτροπὴ
3035 2750 3124 2804 καὶ
3158 2748 3389 2821 ἐξουσία.
3446 2750 3512 2808 Ei
3578 2753 3683 2828 γὰρ
3755 2754 3833 2826 μὴ

2187 2836 2351 2888 τοῦτο
2380 2826 2652 2902 ἠϐούλετο
2682 2838 3096 2911 κατασκευάσαι,
3130 2839 3276 2901 τίνος
3334 2834 3510 2895 ἕνεκεν
3548 2839 3626 2904 εἷς
3660 2839 3831 2896 τόπον

2189 2917 2282 2975 ’ἐνα
2366 2920 2669 2979 συνέκλεισε
2721 2926 2821 2996 τὴν
2872 2926 3130 2998 τοιαύτην
3184 2927 3366 2984 θυσίαν
3450 2930 3478 2984 ὁ
3544 2934 3832 3010 πανταχοῦ

2189 3008 2377 3086 παρὼν
2416 3011 2505 3067 καὶ
2536 3011 2603 3068 τὰ
2630 3014 2802 3070 πάντα
2831 3013 3061 3091 πληρῶν
3098 3036 3112 3086 ;
3145 3016 3302 3080 Τίνος
3360 3020 3524 3098 χάριν
3577 3021 3674 3089 τήν
3734 3008 3831 3092 μὲν

2192 3099 2445 3177 λατρείαν
2475 3099 2551 3164 είς
2584 3101 2792 3172 θυσίας,
2822 3103 2916 3169 τᾶς
2947 3102 3006 3161 δὲ
3034 3106 3217 3170 θυσίας
3272 3107 3348 3169 εἰς
3403 3107 3590 3176 τόπον,
3621 3104 3713 3163 τὸν
3775 3105 3835 3165 δε

419 3193 637 3250 Iudaeis
668 3212 972 3261 concesso,
1035 3196 1135 3252 ubi
1186 3197 1521 3253 sacriﬁcare
1552 3215 1672 3253 non
1731 3198 1888 3267 licet,
1947 3199 2076 3255 sola

2184 3189 2347 3245 τόπον
2416 3189 2494 3252 εἷς
2574 3193 2780 3267 καιρὸν,
2830 3194 2921 3249 τὸν
3008 3191 3065 3250 δὲ
3134 3196 3322 3272 καιρὸν
3402 3194 3479 3259 εἷς
3544 3195 3668 3270 μίαν
3727 3197 3832 3252 πό·

418 3285 827 3358 Hierosolyma
854 3291 1016 3342 vasta
1044 3285 1388 3359 incultaque
1410 3288 1634 3359 jacent,
1668 3287 1729 3343 in
1776 3306 1894 3360 qua
1922 3289 2069 3345 urbe

417 3373 545 3428 sola
605 3375 940 3429 sacriﬁcare
988 3375 1150 3447 leges
1206 3376 1502 3431 sinebant.
1536 3377 1618 3433 De
1662 3377 1878 3448 quibus
1925 3395 2069 3435 sane

419 3462 597 3517 etiam
630 3462 867 3518 divinus
899 3480 1094 3519 sermo
1126 3464 1187 3519 in
1225 3465 1566 3536 apostolicis
1621 3467 2071 3523 Constitutioni-

420 3551 533 3607 bus
568 3551 650 3607 ita
674 3551 978 3624 loquitur:
1018 3554 1145 3609 Jam
1176 3555 1405 3610 Christo
1463 3555 1524 3611 in
1577 3572 1753 3613 carne
1810 3574 1935 3614 rem
1968 3574 2070 3629 ge-

416 3646 585 3697 rente
618 3641 924 3699 evidenter
954 3644 1108 3700 Deus
1136 3644 1472 3701 Judaaorum
1496 3646 1725 3718 respuit
1753 3648 2065 3718 sacriﬁcia,

416 3746 552 3787 cum
587 3731 626 3785 ii
656 3736 774 3788 tam
808 3749 962 3804 saape
993 3739 1200 3790 contra
1229 3750 1363 3790 eum
1385 3742 2065 3809 peccassent,putarent-

420 3836 532 3891 que
566 3838 628 3878 se
656 3822 983 3888 sacriﬁciis,
1015 3840 1137 3879 non
1169 3823 1580 3896 resipiscentia
1602 3827 1786 3881 Deum
1830 3828 2065 3899 placare

413 3927 611 3983 posse.
646 3913 732 3967 Ita
754 3911 915 3967 enim
930 3913 1085 3968 Deus
1108 3929 1216 3985 per
1233 3929 1369 3968 suos
1391 3918 1550 3969 vates
1572 3913 1750 3970 dicit:
1774 3917 2063 3980 Quorsum

415 3998 561 4054 mihi
593 4000 731 4054 thus
789 4016 859 4055 ex
892 3999 1045 4056 Saba
1074 4001 1321 4067 offertis,
1381 4007 1439 4056 et
1494 4002 1937 4059 cinnamomum
1996 4021 2067 4060 ex

416 4086 743 4161 longinqua
775 4094 935 4145 terra
976 4090 1015 4123 "
1052 4089 1080 4145 ?
1116 4090 1307 4145 solida
1362 4096 1554 4148 vestra
1599 4094 1893 4149 sacriﬁcia
1942 4112 2064 4151 non

416 4183 557 4234 sunt
584 4178 729 4233 mihi
762 4185 1026 4251 accepta,
1059 4185 1117 4235 et
1144 4180 1396 4236 victimas
1452 4199 1547 4238 me
1596 4200 1719 4239 non
1770 4183 2066 4241 delectant

412 4272 640 4321 vestra).
674 4267 995 4323 Conducite
1027 4267 1087 4323 in
1118 4285 1303 4324 unum
1353 4271 1644 4328 sacriﬁcia
1698 4278 1755 4328 et
1797 4274 2062 4331 victimas

412 4360 659 4424 vestras,
691 4360 868 4426 atque
902 4356 1055 4411 edite
1107 4374 1354 4414 carnes:
1414 4377 1533 4416 non
1590 4362 1749 4418 enim
1808 4365 2062 4436 praecepi

413 4441 578 4497 vobis
611 4442 937 4514 quidquam
968 4444 1040 4500 de
1072 4446 1376 4502 sacriﬁciis
1404 4446 1611 4504 solidis
1643 4454 1700 4504 et
1732 4449 1899 4506 fertis
1929 4468 2061 4507 cum

2182 3293 2269 3333 Λιν
2328 3282 2638 3357 συναγαγὼν
2715 3280 2882 3352 αὐτὴν
2968 3281 3136 3340 πάλιν
3215 3282 3423 3356 ἐκείνην
3504 3283 3833 3360 κατέστρεψε

2178 3369 2277 3437 τήν
2362 3368 2525 3425 πόλιν
2590 3389 2606 3441 ;
2685 3370 2788 3427 Καὶ
2855 3371 2919 3427 τὸ
2976 3371 3042 3443 δὴ
3124 3375 3433 3447 θαυμαστὸν
3491 3375 3582 3430 καὶ
3659 3377 3831 3444 παρά»

2179 3453 2356 3530 δοξον,
2412 3456 2494 3513 ὅτι
2554 3465 2697 3515 πᾶσα
2757 3461 2851 3534 μὶν
2913 3463 2947 3532 ἡ
3008 3460 3304 3536 οἶκουμὲνη
3359 3468 3475 3525 τοῖς
3542 3460 3833 3530 Ἰουδαίοις

2176 3544 2402 3615 ἆνεῖτάι,
2434 3540 2555 3602 ἔνθα
2584 3546 2683 3603 οὐκ
2711 3542 2878 3619 ἔξεστι
2936 3550 3104 3606 θύειν*
3167 3550 3305 3624 μόνη
3365 3548 3423 3607 δὲ
3472 3553 3508 3623 ἡ
3557 3553 3829 3627 Ἰερουσα-

2179 3635 2323 3705 λὴμ,
2355 3633 2407 3690 ἐν
2500 3636 2592 3692 καὶ
2627 3637 2792 3711 μόνον
2826 3637 2972 3713 ἐξῆν,
3002 3634 3203 3703 ἄϐατος
3229 3638 3319 3696 καὶ
3344 3639 3553 3717 ἔρημος
3607 3638 3825 3720 γέγονε.

2179 3723 2307 3800 Περὶ
2364 3725 2438 3780 ὧν
2493 3724 2674 3798 μέντοι
2748 3726 2845 3783 κάν
2906 3735 3024 3790 ταῖς
3092 3729 3503 3795 ἀποστολικαῖς.
3537 3732 3826 3802 Διατάξεσί

2176 3835 2338 3891 φησιν
2372 3815 2399 3869 ὁ
2429 3817 2573 3878 θεῖος
2607 3814 2792 3892 λόγος·
2818 3814 2963 3889 ’Ἤδη
2996 3816 3054 3874 δὲ
3106 3820 3197 3874 καὶ
3250 3819 3356 3895 πρὸ
3412 3822 3512 3890 τῆς
3568 3818 3825 3895 ἐνσάρκου

2175 3901 2493 3977 οἰκονομίας
2526 3902 2820 3980 ἐναργῶςὸ
2853 3906 2983 3969 Θεὸς
3043 3906 3102 3962 εὖ
3163 3904 3312 3980 μάλα
3368 3913 3661 3984 παρῃτεῖτο
3726 3910 3825 3971 τὰς

2172 3995 2279 4047 τῶν
2339 3989 2625 4049 Ἰουδαίων
2715 3994 2921 4064 θυσίας,
2980 3994 3457 4073 ἐξαμαρτανόντων
3515 3996 3596 4060 εἷς
3664 3996 3828 4053 αὐτὸν

2173 4078 2465 4154 πολλάκις,
2517 4083 2605 4138 καὶ
2667 4083 2935 4159 οἰομένων
3002 4081 3091 4140 διὰ
3158 4085 3363 4156 θυσίας,
3421 4083 3549 4141 ἁλλ’
3605 4085 3668 4142 ού
3736 4084 3825 4142 διὰ

2177 4171 2485 4243 μετανοίας,
2570 4173 2729 4230 αὐτὸν
2804 4174 3248 4250 ἐξευμενίζεσθαι.
3303 4177 3389 4250 [Ρ.
3468 4178 3594 4251 238]
3678 4176 3823 4248 Φησὶ

2174 4261 2278 4337 γὰρ
2309 4257 2400 4316 διὰ
2435 4266 2544 4318 τῶν
2602 4269 2924 4345 προφητῶν·
2970 4266 3085 4324 Ἲνα
3120 4265 3175 4320 τί
3246 4285 3340 4340 μοι
3379 4266 3567 4345 φέρετε
3603 4260 3826 4321 λίϐανον

2174 4348 2234 4405 ἐκ
2266 4346 2415 4405 Σαϐἆ
2445 4351 2534 4406 καὶ
2564 4353 2923 4429 κιννάμωμον
2954 4353 3014 4410 ἐκ
3061 4361 3165 4432 γῆς
3222 4356 3487 4429 μακροθεν
3525 4373 3539 4424 ;
3581 4356 3665 4412 Τὰ
3693 4353 3818 4410 ὀλο⁹

2173 4439 2505 4512 καυτώματα
2563 4440 2713 4514 ὑμῶν
2788 4442 2891 4498 οὐκ
2948 4437 3059 4498 ἔστι
3119 4438 3300 4511 δεκτὰ,
3381 4441 3471 4496 καὶ
3529 4442 3584 4497 αἱ
3642 4442 3821 4506 θυσίαι

410 4545 513 4585 vos
538 4546 610 4585 ex
642 4533 883 4604 .Egypto
934 4532 1268 4591 educerem.
1313 4538 1603 4601 Quorsum
1662 4539 1809 4594 mihi
1867 4541 2063 4597 multi-

2184 4527 2328 4601 ὓμῶν
2358 4527 2467 4604 οὐχ
2492 4525 2695 4599 ἤδυνάν
2757 4549 2872 4605 μοι·
2938 4530 3051 4600 καὶ,
3092 4530 3429 4606 Συναγάγετε
3465 4530 3530 4585 τὰ
3586 4529 3824 4586 ὁλοκαυ-

412 4619 555 4675 tudo
616 4622 1041 4680 sacriﬁciorum
1099 4625 1128 4681 ?
1186 4627 1357 4683 Satur
1407 4645 1537 4683 sum
1625 4629 2067 4687 immolatarum

414 4710 669 4767 arietum
686 4729 700 4779 ;
716 4712 955 4785 adipem
987 4730 1273 4786 agnorum
1297 4733 1363 4771 ac
1387 4718 1737 4790 sanguinem
1762 4725 2067 4776 taurorum

416 4801 838 4875 bircorumque
869 4802 1049 4859 nolo:
1082 4821 1202 4859 non
1255 4805 1506 4861 veniatis
1562 4806 1621 4862 in
1679 4814 2062 4881 conspectum

421 4906 645 4947 meum.
690 4892 832 4957 Quis
890 4891 1048 4948 enim
1100 4894 1224 4949 haec
1282 4893 1355 4949 de
1402 4894 1612 4951 vestris
1648 4897 1922 4954 manibus
1971 4916 2065 4954 ex-

406 4981 534 5054 egit
557 4980 775 5037 ?Porro
819 4981 1038 5036 atrium
1079 4998 1278 5038 meum
1308 5000 1430 5039 non
1460 4983 1785 5041 calcabitis.
1820 4988 2061 5047 Frustra

414 5069 564 5124 mihi
591 5069 849 5126 similam
862 5071 1109 5139 offertis,
1136 5071 1449 5128 abominor
1465 5072 2063 5146 sufﬁtum,novilunia

410 5164 609 5215 vestra
649 5166 705 5215 et
727 5160 974 5217 sabbata
1004 5167 1060 5217 et
1090 5161 1307 5219 festum
1339 5163 1495 5219 diem
1532 5181 1651 5220 non
1699 5167 1824 5223 fero
1860 5186 1873 5223 :
1896 5170 2062 5242 jeju-

406 5248 596 5317 nium,
628 5248 806 5305 ferias
845 5255 905 5306 et
946 5250 1354 5308 solemnitates
1409 5258 1633 5310 vestras
1690 5255 1816 5312 odit
1861 5259 2061 5317 anima

406 5350 579 5391 mea:
619 5338 860 5394 satietas
907 5340 1085 5395 vestri
1147 5357 1239 5398 me
1297 5342 1472 5415 cepit.
1531 5344 1700 5411 Item,
1759 5349 1977 5406 Amove
2027 5368 2061 5407 a

404 5439 502 5479 me
530 5426 787 5482 sonitum
819 5430 1186 5487 canticorum
1209 5437 1558 5504 vestrorum,
1584 5435 1878 5507 psalmum
1896 5457 2059 5513 orga-

480 5610 531 5647 ⁸⁰
557 5613 716 5669 Psal.
744 5631 899 5683 an,
931 5617 984 5669 2.
1017 5617 1063 5654 ⁶¹
1096 5619 1211 5675 Jer.
1245 5636 1318 5687 vx,
1354 5623 1442 5677 29.

2178 4617 2407 4690 τώματα
2439 4618 2593 4692 ὑμῶν
2624 4621 2759 4693 μετὰ
2783 4624 2891 4676 τῶν
2916 4621 3115 4677 θυσιῶν
3169 4618 3342 4695 ὕμῶν,
3375 4618 3464 4674 καὶ
3507 4617 3702 4698 φάγετε
3756 4620 3824 4676 τὰ

2175 4706 2328 4781 κρέα,
2361 4706 2445 4762 ὅτι
2485 4707 2585 4764 οὐκ
2612 4707 2968 4785 ἐνετειλάμην
3004 4710 3156 4784 ὑμῖν,
3198 4710 3362 4779 ἡνίκα
3393 4707 3650 4785 ἐξήγαγον
3680 4708 3823 4784 ὑμᾶς

2175 4794 2235 4850 ἐκ
2262 4802 2368 4871 γῆς
2399 4796 2696 4874 Αἰγύπτου,
2724 4800 2848 4875 περὶ
2915 4798 3112 4854 θυσίῶν
3172 4797 3262 4855 καὶ
3321 4795 3820 4870 ὁλοκαυτωμάτων.

2171 4884 2295 4953 Καὶ,
2328 4884 2390 4940 Τί
2435 4906 2527 4959 μοι
2558 4885 2772 4958 πλῆθος
2800 4893 2909 4944 τῶν
2948 4889 3147 4943 θυσιῶν
3177 4883 3331 4960 ὕμῶν
3366 4907 3383 4956 ;
3416 4884 3646 4960 Ηλήρης
3706 4886 3823 4958 εἰμί

2170 4973 2654 5051 ὁλοκαυτωμάτων
2710 4984 2905 5054 κριῶν,
2969 4978 3061 5034 καὶ
3119 4975 3276 5052 στέαρ
3337 4974 3513 5052 ἀρνῶν
3570 4976 3661 5031 καὶ
3728 4978 3819 5031 αἷ-

2173 5084 2249 5135 μα
2328 5067 2542 5142 ταύρων
2628 5071 2718 5123 καί
2802 5067 3019 5144 τράγων
3071 5066 3132 5123 ού
3204 5064 3509 5143 βούλομαι,
3583 5061 3699 5120 οὐδ’
3758 5062 3817 5120 ἄν

2169 5146 2404 5229 ἔρχησθε
2438 5155 2673 5231 ὀφθῆναί
2700 5179 2815 5232 μοι.
2877 5157 2976 5220 Τίς
3034 5156 3136 5234 γὰρ
3194 5156 3482 5227 ἐξεζήτητε
3528 5158 3697 5210 ταῦτα
3762 5152 3823 5208 ἐκ

2168 5246 2374 5319 χειρῶν
2406 5243 2557 5318 ὑμῶν
2588 5265 2602 5316 ;
2640 5252 2832 5303 Πατεῖν
2859 5248 2960 5316 τὴν
2989 5245 3167 5317 αὐλήν
3203 5265 3309 5319 μου
3368 5243 3429 5300 ού
3481 5244 3821 5317 προσθήσετε

2167 5326 2266 5389 ἔτι.
2289 5332 2397 5395 Τὰς
2427 5336 2722 5409 νεομηνίας
2763 5338 2914 5411 ὑμῶν
2968 5335 3059 5393 καὶ
3110 5334 3178 5392 τὰ
3228 5329 3469 5390 σάϐϐατα
3525 5333 3617 5388 καὶ
3683 5333 3821 5406 ἠμὲ-

2169 5445 2265 5501 ραν
2337 5410 2586 5501 μεγάλην
2644 5410 2759 5483 οὐκ
2797 5426 3094 5506 ἀνέχομαι.
3152 5422 3422 5496 Νηστείαν
3479 5422 3572 5479 καὶ
3630 5422 3820 5500 ἀργίαν
