4194 6198
305 373 410 430 457

1440 377 1982 439 HISTORIABUM
2029 378 2564 440 COMPENDIUM

3596 384 3717 442 458

299 505 378 558 καὶ
414 503 510 566 τὰς
543 504 732 579 ἑορτὰς
769 506 922 579 ὑμῶν
951 512 1100 580 μισεῖ
1149 511 1184 577 ἡ
1245 511 1397 587 ψυχή
1465 531 1590 583 μου.
1625 509 1950 586 Ἐγενήθητέ

2076 530 2278 568 norum
2309 519 2545 568 tuorum
2569 512 2703 568 nolo
2735 513 2940 568 audire
2960 513 3030 568 5’.
3064 515 3211 569 Item
3239 532 3249 568 :
3272 517 3402 570 Non
3425 516 3716 588 accipiam

303 614 388 665 μοι
425 593 502 656 εἷς
533 592 892 667 πλησμονήν.
927 597 1034 651 Καὶ
1093 598 1436 668 Ἀπόστησον
1490 600 1578 653 ἀπ’
1634 598 1770 672 ἐμοῦ
1811 603 1954 678 ἦχον

299 679 446 754 ᾠδῶν
482 704 598 750 σου,
633 687 722 738 καί
783 684 1016 758 ψαλμοῦ
1071 687 1316 763 ὁργάνων
1347 709 1444 742 σου
1489 687 1587 742 οὐκ
1611 688 1943 762 ἀκούσομαι.

300 771 418 839 Καὶ,
451 771 528 828 υῦ
561 769 785 844 δέξομαι
819 772 879 828 ἐκ
907 778 1004 828 τοῦ
1035 773 1192 830 οἷ’κου
1243 798 1337 831 σου
1381 777 1650 852 μόσχους,
1712 776 1840 833 οὐδὲ
1893 777 1955 832 ἐκ

295 865 398 914 τῶν
425 859 694 932 ποιμνίων
726 882 822 916 σου
869 861 1168 938 χιμάρους.
1209 867 1352 938 Ἐμὴ
1411 866 1514 942 γάρ
1572 865 1712 920 ἐστιν
1772 869 1806 936 ἡ
1868 867 1952 920 οἱ-

295 949 525 1022 κουμένη
558 953 646 1005 καὶ
680 952 742 1006 τὸ
774 950 1057 1028 πλήρωμα
1088 952 1275 1024 αὒτῆς.
1328 957 1415 1024 Μή
1479 956 1744 1032 φάγωμαι
1787 957 1951 1030 κρέα·

293 1061 353 1094 τα
380 1039 616 1114 ταύρων,
741 1043 879 1112 αἷμα
936 1043 1159 1116 τράγων
1208 1043 1422 1118 πίωμαι
1451 1063 1464 1112 ;
1499 1048 1665 1099 Θῦσον
1697 1049 1776 1116 τῷ
1836 1049 1950 1116 Θεῷ

296 1129 477 1191 θυσίαν
508 1128 782 1192 αἰνέσεως.
819 1131 938 1198 Καὶ,
972 1131 1139 1186 Θυσία
1195 1137 1274 1204 τῷ
1336 1137 1452 1204 Θεῷ
1499 1138 1713 1205 πνεῦμα
1772 1155 1950 1188 συντε-

294 1217 614 1291 τριμμένον.
652 1219 750 1274 Καὶ
787 1217 977 1282 ἁπλῶς
1012 1221 1061 1275 ἐν
1095 1221 1290 1283 πάσαις
1324 1227 1442 1283 ταῖς
1476 1228 1710 1299 Γραφαῖς
1741 1223 1951 1295 ὁμοίως

291 1307 384 1368 τὰς
413 1309 600 1369 θυσίας
642 1307 984 1362 ἀπαναίνεται
1046 1306 1133 1364 διὰ
1192 1311 1254 1365 τὸ
1309 1309 1690 1384 ἐξαμαρτάνειν
1752 1312 1949 1374 αὐτοὺς

295 1397 368 1458 εἷς
396 1397 556 1451 αὐτὸν
593 1397 641 1470 ἐξ
674 1398 841 1472 ἄκρας
868 1397 1056 1460 κακίας
1086 1419 1145 1454 τε
1200 1399 1290 1454 καὶ
1349 1402 1622 1464 ἀπειθείας
1654 1403 1744 1456 καὶ
1777 1401 1948 1472 σκλη-

295 1482 606 1560 ροκαρδίας.
693 1485 880 1540 Θυσίαι
948 1487 1050 1560 γὰρ
1135 1484 1346 1544 ἀσεϐῶν
1398 1489 1683 1566 βΛέλυγμα
1741 1491 1945 1564 Κυρίῳ·

292 1577 517 1650 καὶγὰρ
550 1578 884 1649 παρανόμως
935 1579 1332 1657 προσφέρουσιν
1392 1581 1579 1651 αὐτὰς,
1638 1582 1726 1636 καὶ
1769 1579 1946 1644 θυσίαι

294 1665 469 1720 αὐτῶν
541 1667 615 1719 ὡς
675 1664 836 1740 ἄρτος
892 1668 1118 1730 πένθους
1203 1669 1411 1740 αὐτοῖς,
1472 1671 1563 1725 καὶ
1643 1672 1838 1732 πάντες
1891 1672 1946 1724 οἱ

295 1755 560 1816 ἐσθίοντες
617 1755 786 1817 αὑτὰς
850 1755 1308 1829 μολυνθήσονται.
1398 1760 1492 1813 Διὸ
1550 1757 1615 1829 δὴ
1691 1761 1781 1814 καὶ
1866 1763 1946 1830 τῷ

2066 603 2137 657 de
2165 603 2340 658 domo
2374 608 2474 658 tua
2500 604 2737 670 vitulos,
2767 603 2921 658 418
2954 620 3147 674 neque
3174 604 3381 659 haedos
3431 622 3500 660 ex
3526 607 3715 661 caulis

2069 692 2206 745 tuis.
2245 694 2369 746 Mea
2401 693 2558 745 enim
2590 697 2679 746 est
2713 698 2886 760 terra,
2921 698 2979 746 et
3009 692 3296 764 quidquid
3315 711 3447 748 eam
3483 695 3710 766 implet.

2066 782 2215 834 Num
2246 797 2350 851 ego
2385 786 2691 836 taurorum
2722 798 2898 836 carne
2939 799 3142 837 vescar
3199 788 3302 837 aut
3359 784 3713 852 sanguinem

2068 869 2370 925 hircorum
2403 869 2602 924 bibam
2633 871 2660 924 ’ἶ
2691 872 2850 926 Offer
2891 872 3138 926 Domino
3190 872 3550 927 sacriﬁcium
3591 873 3717 928 lau-

2065 957 2175 1013 dis.
2213 961 2301 1027 Et,
2363 959 2730 1013 Sacriﬁcium
2790 959 2909 1013 Deo
2965 964 3272 1030 acceptum
3329 967 3417 1015 est
3471 961 3717 1031 spiritus

2064 1047 2354 1102 contritus
2382 1047 2448 1101 ⁵³.
2484 1050 2550 1102 In
2582 1063 2836 1117 summa,
2867 1049 3088 1118 passim
3119 1049 3180 1102 in
3231 1049 3533 1119 Scriptura
3563 1050 3717 1104 Deus

2063 1137 2356 1191 sacriﬁcia
2381 1137 2629 1207 respuit,
2663 1136 2820 1206 quod
2849 1136 3033 1190 Judaai
3066 1137 3346 1191 adversus
3365 1138 3560 1208 ipsum
3579 1154 3717 1208 pec—

2061 1231 2266 1280 carent
2283 1242 2518 1280 summa
2533 1225 3162 1291 malitia,contumacia
3183 1230 3359 1295 atque
3371 1226 3716 1296 pertinacia.

2060 1315 2284 1385 Quippe
2319 1315 2639 1386 impiorum
2675 1315 2964 1370 sacriﬁcia
2983 1317 3135 1369 Deus
3150 1315 3528 1369 abominatur
3552 1331 3720 1368 :nam

2059 1403 2242 1474 impie
2265 1420 2334 1457 ea
2364 1404 2641 1466 offerunt,
2677 1408 2932 1472 suntque
2971 1404 3084 1474 ipsi
3119 1408 3402 1474 tanquam
3435 1403 3604 1474 panis
3638 1403 3722 1457 lu-

2059 1497 2226 1558 ctus;
2289 1498 2347 1546 et
2405 1493 2743 1562 quicunque
2798 1491 2869 1546 de
2925 1492 2997 1546 iis
3064 1493 3270 1558 edunt,
3350 1492 3714 1547 contamina-

2061 1581 2304 1635 buntur.
2343 1581 2543 1650 itaque
2601 1581 2778 1634 etiam
2835 1580 3009 1635 Saulo
3040 1581 3347 1636 Samuelus
3395 1581 3542 1635 dixit
3575 1581 3710 1636 ohe;

2063 1670 2354 1724 dientiam
2379 1669 2672 1724 sacriﬁcio
2695 1673 2872 1740 atque
2922 1669 3082 1740 adipi
3131 1670 3385 1724 arietino
3415 1675 3722 1741 praastare,

2057 1762 2243 1829 atque
2276 1759 2449 1812 aDeo
2473 1758 2545 1812 iis
2567 1757 2832 1828 praeferri
2874 1758 2935 1810 5‘.
2984 1759 3092 1822 Qui
3143 1775 3278 1830 ergo
3331 1763 3466 1814 ante
3497 1759 3711 1814 adven-

298 1842 478 1899 Σαοὺλ
513 1845 541 1897 ὁ
574 1847 717 1906 θεῖος
761 1845 1033 1917 Σαμουὴλ
1091 1840 1292 1923 ἔλεγεν·
1357 1849 1525 1917 Ἀκοή
1582 1848 1758 1925 ἀγαθή
1815 1851 1946 1923 ὑπὲρ

2076 1864 2181 1902 ,um
2242 1863 2437 1902 summ
2521 1863 2622 1900 cor
2692 1861 2907 1916 purum
2965 1852 3024 1900 et
3088 1847 3349 1902 animam
3409 1849 3724 1903 contritam

303 1935 484 1999 θυσίαν
540 1935 628 1990 καί
687 1935 941 2011 ἀκρόαμα
997 1937 1128 2011 ὑπὲρ
1188 1936 1347 2014 στέαρ
1404 1943 1595 2013 κριῶν.
1654 1937 1792 1994 Ἰδοὺ
1845 1940 1950 2014 γὰρ

300 2023 441 2078 θέλει
504 2023 703 2095 Κύριος
788 2024 970 2080 θυσίαν
1027 2025 1101 2088 ὡς
1156 2027 1218 2080 τὸ
1274 2027 1569 2082 εἰσακούειν
1641 2029 1826 2084 αὐτοῦ.
1888 2029 1949 2084 Εἰ

301 2112 476 2167 τοίνυν
525 2114 614 2167 καὶ
672 2115 777 2188 πρὸ
828 2121 928 2184 τῆς
981 2117 1280 2190 παρουσίας
1354 2115 1518 2172 αὐτοῦ
1584 2116 1716 2192 ὓπερ
1768 2117 1949 2182 θυσίαν

305 2200 523 2276 καρδίαν
573 2202 806 2276 καθαρὰν
891 2203 1139 2273 ἐπεζήτει
1192 2204 1282 2258 καὶ
1335 2209 1550 2280 πνεῦμα
1633 2226 1951 2280 συντετριμ-

311 2290 490 2364 μένον,
523 2288 722 2362 πολλῷ
759 2288 972 2362 μᾶλλον
1026 2289 1200 2356 ἐλθὼν
1255 2290 1450 2349 ἔπαυσε
1504 2296 1601 2356 τὰς
1660 2293 1727 2349 δι’
1788 2295 1952 2368 αἱμά-

301 2402 403 2434 των
435 2379 644 2446 θυσίας,
679 2376 807 2434 υῦδὲ
836 2378 1007 2434 πάλαι
1042 2377 1302 2455 δεόμενος
1361 2382 1558 2452 αὐτῶν,
1601 2383 1676 2445 ὡς
1717 2381 1952 2457 εἷ’ρηται,

307 2467 451 2524 άλλᾶ
481 2469 525 2523 εἰ
551 2467 871 2543 βουληθῶσι
927 2477 1259 2547 συγχωρῶν,
1309 2473 1400 2527 καὶ
1461 2473 1506 2527 εἰ
1564 2473 1669 2528 άπὸ
1725 2473 1952 2547 γνώμης

306 2559 469 2632 ὀρθῆς
527 2559 935 2632 προσοίσουσιν.
1014 2560 1077 2616 Εἰ
1132 2562 1274 2624 θύειν
1351 2560 1655 2636 ἐπιθυμεῖς,
1715 2561 1777 2616 οὐ
1836 2559 1954 2616 δεο-

314 2645 452 2720 μένῳ
489 2668 582 2720 μοι
613 2647 724 2705 θύε.
754 2647 951 2704 Ὀπότε
982 2645 1040 2703 δέ
1057 2649 1254 2704 τούτου
1307 2651 1622 2724 ἄμνήμονες
1682 2650 1953 2728 ἐγένοντο,

308 2737 393 2791 καὶ
431 2737 644 2812 μόσχον
681 2737 797 2792 ἀντὶ
841 2742 974 2792 Θεοῦ
1030 2739 1149 2802 θεὸν
1203 2738 1622 2811 ἐπεκαλέσαντο,
1656 2741 1745 2796 καὶ
1777 2740 1955 2813 τούτῳ

309 2827 406 2894 τὴν
461 2825 633 2880 αἰτίαν
683 2833 781 2896 τῆς
839 2825 890 2897 ἐξ
941 2826 1223 2904 Αἰγύπτου
1281 2829 1503 2903 πορείας
1561 2829 1954 2907 ἐπεγράψαντο,

317 2914 583 2989 λέγοντες·
615 2914 779 2972 Οὗτοι
815 2916 867 2970 οἱ
897 2917 1007 2970 θεοί
1043 2937 1158 2988 σου,
1205 2917 1451 2992 Ἰσραὴλ,
1507 2920 1559 2972 οἱ
1614 2919 1955 2994 ἐξαγαγόντες

308 3026 362 3059 σε
399 3005 460 3060 ἐκ
513 3013 616 3080 γῆς
673 3005 971 3081 Αἰγύπτουο
1031 3007 1122 3061 καὶ
1179 3007 1619 3083 ἀπαρνησάμενοι
1677 3009 1804 3063 Θεὸν
1863 3009 1953 3064 τὸν

308 3090 395 3146 διὰ
450 3096 731 3155 Μωυσέως
801 3093 1224 3168 ἐπισκεψάμενον
1285 3095 1479 3159 αὐτοὺς
1539 3095 1590 3152 ἐν
1644 3101 1712 3170 τῇ
1773 3096 1956 3172 θλίψει

307 3180 504 3252 αὐτῶν,
538 3183 629 3237 τὸν
657 3182 724 3236 τά
756 3189 958 3256 σημεῖα
987 3185 1112 3259 περὶ
1143 3185 1330 3262 χειρὸς
1387 3186 1475 3240 καὶ
1535 3182 1737 3260 ῥάϐδου
1793 3207 1956 3256 ποιη-

306 3275 564 3345 σάμενον,
649 3273 739 3327 τὸν
836 3273 1170 3347 Αἰγυπτίους
1252 3271 1581 3348 δεκαπλήγῳ
1635 3276 1958 3352 πατάξαντα,

304 3363 397 3416 τὸν
435 3363 534 3429 τὴν
595 3362 860 3436 Ἐρυθρὰν
892 3361 1163 3426 θάλασσαν
1221 3363 1296 3424 εἰς
1355 3362 1641 3438 διαιρέσεις
1715 3362 1964 3420 διελόντα

302 3452 392 3505 καὶ
425 3449 754 3527 διαγαγόντα
785 3450 988 3513 αὐτοὺς
1040 3451 1092 3506 ἐν
1148 3451 1295 3526 μέσῳ
1341 3457 1438 3508 τοῦ
1491 3451 1684 3514 ὕδατος
1744 3454 1817 3516 ὡς
1877 3452 1966 3508 διὰ

310 3543 498 3614 ξηρᾶς,
556 3541 650 3594 τὸν
726 3539 853 3602 τοὺς
939 3539 1172 3619 ἐχθροὺς
1231 3543 1412 3598 αὐτῶν
1502 3542 1813 3618 βυθίσαντα,
1877 3544 1968 3598 τὸν

311 3631 526 3706 Μερῥὰν
582 3631 679 3698 τήν
755 3633 942 3706 πηγὴν
997 3633 1097 3700 τήν
1181 3633 1378 3706 πικρὰν
1438 3631 1798 3708 γλυκάναντα,
1875 3635 1965 3689 τὸν

315 3720 371 3775 ἐκ
430 3721 633 3793 πέτρας
685 3719 994 3793 ἀκροτόμου
1063 3717 1212 3796 ὕδωρ
1297 3720 1373 3783 εἷς
1457 3719 1787 3796 πλησμονὴν
1847 3724 1970 3777 ἀνα-

321 3803 619 3877 ϐλύσαντα,
651 3808 744 3862 τὸν
789 3807 972 3880 στόλῳ
1029 3811 1119 3882 [Ρ,
1177 3813 1304 3884 239]
1355 3809 1590 3885 νεφέλης
1639 3811 1728 3866 καὶ
1787 3810 1973 3883 στόλῳ

312 3898 482 3971 πυρὸς
542 3898 836 3966 σκιάζοντα
892 3898 1090 3959 αὐτοὺς
1149 3897 1238 3953 διὰ
1310 3899 1518 3961 θάλπος
1573 3899 1827 3973 ἄμετρον,
1882 3887 1973 3955 καὶ

301 3985 616 4058 φωτίζοντα
674 3983 763 4038 καὶ
812 3981 1116 4060 ὁδηγούντα
1170 3985 1300 4048 τοὺς
1384 3988 1486 4042 οὐκ
1563 3987 1779 4051 εἰδότας
1837 3988 1975 4043 ὅπου

2060 1937 2354 1992 εααιὶιὶώο
2390 1935 2622 2006 potiora
2671 1935 2896 2004 habuit,
2928 1935 2976 1989 is
3026 1935 3232 2005 utique
3290 1941 3602 2007 postquam
3660 1937 3722 1992 in

2063 2044 2307 2082 carnem
2339 2027 2517 2094 venit,
2547 2026 2736 2081 multo
2777 2027 2963 2098 magis
3017 2027 3396 2097 sanguinaria
3435 2028 3548 2082 ista
3579 2027 3721 2082 abo-

2062 2117 2205 2172 levit
2235 2115 2548 2183 sacriﬁcia,
2581 2133 2712 2185 quae
2769 2133 2844 2170 ne
2877 2115 3106 2186 pridem
3139 2116 3380 2186 quidem
3433 2117 3718 2188 requisie-

2062 2212 2184 2272 rat,
2218 2207 2322 2260 sed
2380 2205 2716 2260 sacriﬁcare
2747 2205 3126 2276 cupientibus
3149 2205 3399 2261 liberam
3431 2223 3560 2260 rem
3591 2223 3721 2278 per-

2063 2295 2325 2359 miserat,
2353 2294 2529 2348 modo
2562 2310 2630 2348 ea
2657 2293 2835 2348 corde
2858 2299 3016 2348 recto
3047 2295 3346 2349 oﬁ‘errent.
3376 2295 3515 2349 Ideo
3539 2295 3710 2354 dicit:

2065 2384 2121 2437 Si
2153 2383 2490 2437 sacriﬁcare
2513 2382 2700 2452 cupis,
2729 2382 2877 2435 mihi
2908 2398 3027 2435 non
3066 2383 3393 2452 requirenti
3426 2384 3713 2437 sacriﬁca-

2066 2473 2210 2526 Cum
2237 2487 2376 2526 vero
2409 2471 2512 2524 Dei
2544 2470 2712 2524 obliti
2745 2470 2875 2540 ejus
2930 2469 3061 2523 loco
3111 2471 3358 2524 vitulum
3417 2471 3721 2525 invocave-

2064 2566 2232 2627 runt,
2262 2560 2448 2629 eique
2493 2557 2832 2612 reditumex
2850 2559 3093 2628 zEgypt0
3109 2563 3421 2629 acceptum
3455 2559 3721 2613 tulerunt

2069 2652 2373 2706 dicentes:
2405 2653 2554 2703 Ecce
2585 2647 2667 2701 dii
2719 2647 2826 2714 tui,
2865 2647 3100 2714 lsraele,
3135 2649 3236 2718 qui
3271 2653 3326 2702 te
3380 2665 3450 2703 ex
3479 2650 3722 2719 Egypto

2069 2741 2424 2806 eduxerunt,
2449 2737 2773 2793 difﬁtentes
2805 2737 3014 2803 Deum,
3050 2737 3150 2807 qui
3182 2754 3282 2792 eos
3331 2737 3582 2792 afﬂictos
3613 2739 3728 2791 Mo-

2068 2831 2151 2886 sis
2176 2845 2357 2901 opera
2387 2826 2740 2892 sublevarat,
2776 2826 2875 2896 qui
2910 2841 3092 2880 manu
3128 2831 3185 2880 et
3213 2826 3374 2898 virga
3405 2826 3580 2881 Mosis
3612 2825 3731 2880 mi-

2073 2919 2275 2975 racula
2315 2917 2602 2979 ediderat,
2663 2915 2765 2985 qui
2815 2915 3097 2986 .IEgyptiis
3157 2915 3585 2986 decemplicem
3608 2931 3727 2986 pm-

2067 3025 2207 3064 nam
2230 3006 2551 3074 inﬂixerat,
2574 3004 2674 3075 qui
2699 3003 2962 3057 Rubrum
2988 3019 3150 3058 mare
3182 3005 3242 3058 in
3274 3005 3578 3075 portiones
3610 3004 3724 3058 dis-

2069 3097 2295 3154 ciderat
2321 3097 2600 3166 ipsosque
2631 3110 2739 3164 per
2764 3092 2991 3147 medias
3021 3091 3068 3127 ⁸⁵
3097 3097 3280 3163 aquas
3311 3099 3377 3147 ut
3431 3094 3582 3148 419
3617 3110 3725 3164 per

2071 3188 2476 3243 continentem
2509 3183 2980 3252 traduxerat,qui
3002 3183 3202 3238 hostes
3224 3200 3429 3238 eorum
3449 3183 3723 3238 submer-

2075 3282 2252 3342 serat,
2278 3275 2378 3346 qui
2411 3275 2636 3328 fontem
2669 3274 2872 3326 Merrae
2905 3271 2977 3325 de
3007 3288 3209 3326 amaro
3233 3271 3467 3326 dulcem
3488 3272 3722 3343 redege-

2072 3371 2183 3432 rat,
2208 3363 2308 3434 qui
2339 3363 2410 3418 de
2432 3361 2741 3418 cacumine
2775 3361 2898 3415 saxi
2932 3360 3048 3415 icto
3096 3378 3310 3430 aquam
3351 3360 3585 3416 abunde
3619 3359 3727 3415 eli-

2075 3459 2298 3521 cuerat,
2341 3452 2442 3522 qui
2501 3450 2779 3505 columna
2831 3450 3009 3505 nubis
3067 3467 3169 3504 eos
3218 3449 3581 3505 obumbrans
3634 3450 3726 3503 ni-

2077 3544 2264 3598 mium
2289 3541 2445 3596 aeris
2466 3546 2676 3594 aestum
2708 3539 3027 3604 avertebat,
3061 3539 3163 3609 qui
3203 3539 3502 3595 columma
3559 3539 3732 3610 ignea

2079 3628 2442 3702 praelucebat
2465 3645 2570 3698 per
2609 3628 2882 3698 viamque
2905 3644 3006 3682 eos
3035 3627 3298 3696 ignotam
3323 3627 3596 3696 ducebat,
3630 3626 3732 3696 qui

2082 3721 2167 3776 eis
2189 3717 2423 3774 coalitus
2456 3733 2676 3770 manna
2705 3716 3031 3786 praebebat,
3064 3716 3164 3784 qui
3205 3733 3240 3770 a
3287 3717 3437 3770 mari
3470 3715 3733 3771 coturni-

2081 3810 2249 3865 cibus
2285 3807 2487 3863 missis
2515 3822 2694 3861 carne
2756 3821 2856 3860 eos
2906 3805 3228 3871 saturabat,
3268 3806 3370 3874 qui
3421 3806 3484 3860 in
3533 3812 3732 3860 mente

2083 3900 2274 3970 legem
2309 3897 2452 3968 ipsis
2475 3894 2742 3961 dederat,
2775 3895 2873 3964 qui
2910 3911 3010 3948 eos
3041 3893 3344 3949 auditione
3372 3912 3492 3949 sua)
3521 3895 3732 3949 divinae

2088 4005 2160 4044 ex
2193 3985 2514 4041 tonitribus
2539 3982 2695 4038 vocis
2727 3982 2999 4054 dignatus
3030 3982 3239 4038 fuerat.

313 4076 647 4146 πορευθῶσι,
673 4074 765 4128 τὸν
800 4073 848 4143 ἐξ
883 4075 1119 4147 οὐρανοῦ
1155 4073 1634 4148 μαννοδοτήσαντα
1663 4076 1850 4140 αὐτοῖς
1880 4079 1971 4133 καὶ
2003 4077 2061 4132 ἐκ
2091 4073 2367 4142 θαλάσσης
2391 4068 2840 4145 κρεωδοτήσαντα
2889 4069 3324 4143 ὀρτυγομήτραν,
3381 4071 3471 4125 τὸν
3519 4070 3571 4125 ἐν
3629 4075 3734 4142 τῷ,

323 4163 438 4236 ὄρει
482 4164 928 4235 νομοθετήσαντα
947 4163 1158 4233 αὐτοῖς,
1191 4165 1252 4219 οὗ
1281 4173 1382 4234 τῆς
1413 4165 1557 4227 θείας
1588 4167 1678 4220 καὶ
1712 4167 2096 4242 βροντοφώνου
2130 4169 2312 4241 φωνῆς
2346 4161 2658 4230 ἠξιώθησαν
2691 4158 2938 4216 ἀκοῦσαι.

391 4258 595 4309 Τοῦτον
627 4253 1032 4327 ἀπηρνήσαντο,
1066 4255 1308 4318 εἰπόντες
1338 4261 1418 4328 τῷ
1465 4257 1702 4332 Ἀαρών·
1741 4257 1976 4327 Ποίησον

321 4345 458 4414 ἡμῖν
491 4343 643 4402 θεοὺς
671 4341 724 4395 οἳ
751 4342 1219 4417 προπορεύσονται
1249 4347 1428 4418 ἡμῶν.
1466 4344 1565 4402 Καὶ
1596 4345 1980 4420 ἐμοσχοποίη-

328 4452 420 4485 σαν
455 4430 759 4504 χωνευτὸν,
817 4431 907 4484 καὶ
961 4429 1148 4486 ἔθυσαν
1221 4437 1300 4504 τῷ
1358 4431 1592 4506 εἰδώλῳ.
1684 4435 1978 4490 Κάντεῦθεν

329 4518 426 4575 οὖν
460 4521 732 4595 ὀργισθεὶς
787 4521 815 4574 ὁ
878 4521 1231 4596 μακρόθυμος
1289 4523 1441 4594 Θεὸς,
1501 4519 1591 4578 ἅτε
1641 4521 1705 4593 δὴ
1792 4525 1984 4599 ἀχαρι-

325 4611 546 4678 στηθεὶς
582 4609 670 4663 ὑπ’
703 4610 908 4680 αὒτῶν,
948 4605 1136 4682 ἔδησεν
1196 4611 1393 4674 αὐτοὺς
1453 4610 1676 4686 δεσμοῖς
1735 4610 1977 4680 ἀλύτοις,

328 4694 543 4752 στιϐάσι
579 4704 884 4772 φορτισμοῦ
914 4702 999 4755 καὶ
1034 4700 1371 4776 σκληρότητι
1403 4701 1618 4757 κλοιοῖν
1651 4702 1740 4757 καὶ
1798 4702 1979 4758 οὐκέτι

327 4787 498 4853 εἶπεν,
534 4787 660 4842 Ἐὰν
691 4789 962 4861 ποιήσῃς,
989 4789 1064 4852 ὡς
1092 4790 1199 4863 πρὸ
1226 4797 1326 4858 τῆς
1363 4789 1729 4868 μοσχοποιίας
1745 4788 1978 4870 εἴρηκεν·

328 4872 497 4942 ἀλλὰ,
535 4874 772 4945 Ποίησον
806 4879 1205 4952 θυσιαστήριον,
1258 4879 1348 4936 καὶ
1397 4880 1487 4934 θύε
1519 4878 1803 4950 διηνεκῶς·
1864 4878 1981 4934 ἐπι-

329 4962 566 5036 λήσμων
621 4964 726 5040 γὰρ
787 4965 1050 5040 ὑπάρχεις
1109 4966 1198 5022 καὶ
1249 4969 1570 5042 ἀχάριστος,
1609 4966 1703 5023 ’ίνα
1736 4972 1982 5042 συνεχῶς

326 5049 717 5126 ἐπιμιμνήσκῃ
755 5073 876 5126 μου.
917 5054 1066 5109 Ἐπεὶ
1098 5054 1188 5109 οὗν
1247 5057 1316 5127 τῇ
1347 5055 1557 5126 ἐξουσίᾳ
1587 5062 1767 5120 κακῶς
1818 5055 1984 5131 ἐχρή-

331 5163 493 5196 σαντο
526 5143 579 5197 οἱ
633 5141 863 5206 τάλανες
896 5144 987 5199 καὶ
1045 5145 1386 5220 ἀγνώμονες,
1454 5147 1694 5221 ἀνάγκην
1754 5145 1984 5216 ἐπέθηκε

327 5226 527 5284 λοιπὸν
563 5231 706 5294 θύειν
758 5233 847 5287 καὶ
910 5235 1221 5310 βρωμάτων
1290 5233 1586 5309 ἀπέχεσθαί
1647 5256 1836 5305 τινων,
1892 5236 1981 5290 καὶ

333 5318 492 5384 ζώων
553 5315 816 5397 διαφορὰς
874 5326 1126 5397 καθαρῶν
1181 5323 1271 5378 καὶ
1324 5324 1638 5396 ἀκαθάρτων
1695 5321 1982 5393 διέστειλε,

327 5402 506 5457 καίτοι
563 5409 763 5469 παντὸς
849 5409 992 5477 ζώου
1067 5411 1304 5483 καθαροῦ
1367 5410 1750 5485 τυγχάνοντος·
1813 5409 1986 5465 πάντα

328 5491 434 5565 γαρ
464 5491 563 5545 ὅσα
589 5493 841 5568 ἐποίησεν
871 5499 899 5552 ὁ
927 5498 1054 5560 Θεός
1081 5499 1222 5554 καλὰ
1253 5497 1394 5555 λίαν.
1447 5501 1547 5554 Καὶ
1585 5497 1650 5569 δή
1709 5501 1795 5554 καὶ
1858 5501 1986 5574 ἀφο-

2159 4257 2322 4310 Hunc
2354 4253 2441 4308 illi
2465 4252 3116 4320 difﬁdentes,Aaronem
3126 4253 3436 4323 jusserunt
3467 4253 3578 4307 sibi
3593 4252 3735 4308 deos

2090 4340 2830 4411 fabricariitinerislduces,
2857 4341 3104 4411 fusoque
3135 4341 3320 4396 vitulo
3367 4343 3736 4398 sacrificave-

2089 4439 2249 4488 runt.
2302 4434 2381 4486 Ea
2411 4431 2674 4502 ipsorum
2725 4429 3152 4501 ingratitudine
3183 4432 3336 4486 Deus
3378 4432 3488 4499 ira,
3550 4448 3741 4502 quan-

2095 4522 2306 4578 tumvis
2364 4521 2437 4576 ad
2483 4538 2614 4576 eam
2662 4520 2878 4587 lentus,
2932 4520 3170 4588 exarsit,
3231 4537 3448 4592 eosque
3489 4521 3741 4576 vinculis

2093 4611 2515 4668 insolubilibus
2545 4610 2762 4681 ligavit,
2795 4609 3076 4664 oneribus
3133 4611 3406 4682 gravibus
3463 4616 3522 4666 et
3576 4610 3742 4665 duris

2090 4720 2326 4776 pressos
2349 4700 2783 4772 compedibus:
2838 4715 3054 4770 neque,
3106 4706 3173 4755 ut
3221 4707 3356 4756 ante
3407 4701 3740 4756 confectum

2088 4786 2638 4859 vitulum,permisit
2668 4786 2740 4840 iis
2754 4787 3219 4856 sacriﬁcare,sed
3237 4787 3547 4858 imperavit
3566 4787 3649 4839 uti
3663 4785 3743 4838 al—

2093 4879 2203 4934 tari
2236 4876 2472 4932 condito
2505 4876 2878 4930 continenter
2895 4876 3315 4943 sacriﬁcarent,
3348 4873 3738 4943 hominesque

2093 4965 2365 5022 obliviosi
2397 4964 2662 5034 alioquin
2685 4968 2744 5017 et
2765 4963 3003 5034 ingrati,
3039 4964 3120 5018 ita
3140 4965 3242 5020 Dei
3273 4967 3559 5035 perpetuo
3582 4961 3740 5016 cole-

2092 5053 2609 5111 rentmemoriam.
2643 5052 2933 5116 Quoniam
2949 5052 3128 5124 igitur
3143 5052 3348 5106 miseri
3362 5050 3737 5120 obnoxioque

2094 5142 2326 5215 praediti
2362 5141 2560 5197 animo
2599 5138 2783 5195 Judaei
2823 5139 3068 5195 licentia
3115 5157 3222 5196 sua
3270 5139 3424 5194 male
3455 5138 3546 5194 usi
3578 5143 3738 5207 sunt,

2095 5232 2512 5288 necessitatem
2541 5229 2626 5283 eis
2661 5227 2872 5282 exinde
2903 5228 3188 5300 imposuit
3244 5229 3530 5284 Dominus
3560 5228 3743 5284 sacri-

2096 5321 2310 5376 ﬁcandi
2337 5326 2393 5374 et
2432 5318 2578 5374 cibis
2601 5316 2956 5388 quibusdam
2999 5318 3360 5384 abstinendi,
3394 5318 3748 5374 discrimen-

2096 5428 2211 5482 que
2225 5410 2584 5464 mundorum
2610 5413 2669 5464 et
2688 5408 3131 5464 immundorum
3156 5410 3505 5465 animalium
3521 5410 3747 5478 statuit,

2097 5516 2442 5571 quanquam
2492 5497 2692 5553 omnia
2749 5497 3032 5555 animalia
3078 5499 3303 5555 munda
3333 5500 3497 5555 sint:
3547 5499 3749 5555 omnia

407 5637 453 5671 ⁸³
484 5639 640 5694 Psal.
673 5659 816 5710 XLIX,
855 5647 937 5697 17.
970 5642 1016 5676 ⁵³
1049 5642 1202 5698 Psal.
1227 5661 1279 5713 L,
1315 5647 1397 5698 19.
1431 5643 1475 5678 ⁶⁴
1502 5645 1525 5697 Ι
1551 5647 1684 5715 Reg.
1721 5661 1809 5709 xv,
1841 5648 1928 5699 22.

2076 5643 2218 5698 :xod.
2252 5658 2458 5708 xxxm,
2495 5643 2546 5696 4.

614 5755 881 5822 ΡΑτιιοι.
932 5762 1042 5822 Gn.
1091 5755 1298 5822 CXXI.

3507 5762 3580 5818 15
