4194 6198
458 354 580 417 «159

450 577 656 647 junxit
686 576 863 631 etiam
896 572 1185 644 quaedam
1246 571 1670 643 separationes,
1702 567 2107 641 purgationes,

455 659 1269 727 ablutiones,decimationes,
1296 659 1678 715 castimoniae
1693 657 1991 727 feriaeque
2008 671 2107 713 va-

452 750 790 821 rias,paanis
811 750 993 805 etiam
1018 750 1184 805 sanoi
1197 755 1253 804 ta
1268 749 1489 814 omnia,
1513 747 1779 820 utpressi
1797 763 1865 803 ac
1877 760 2110 817 compe-

453 839 629 894 dibus
645 840 801 895 Δαο
824 839 1051 894 astricti
1085 855 1348 895 errorem
1370 838 1443 894 de
1462 838 1667 897 multis
1705 837 1820 893 diis
1834 835 2105 892 vitarent.

451 927 545 982 Sic
569 944 706 1000 ergo
731 927 887 983 Deus
909 944 1011 983 eos
1045 927 1120 983 ob
1133 928 1318 984 animi
1342 927 1807 984 obstinationem
1822 923 2104 992 devinxit,

447 1021 514 1072 ut
535 1016 865 1083 sacriﬁciis,
896 1016 1085 1085 feriis,
1116 1017 1506 1087 castimoniis,
1539 1016 1793 1087 aliisque
1814 1015 1873 1071 id
1918 1030 2105 1086 genus

446 1107 817 1162 caeremoniis
847 1105 1233 1163 observandis
1255 1107 1357 1162 Dei
1387 1105 2102 1170 memoriamretinerent,

446 1196 549 1268 qui
579 1195 784 1252 omnia
812 1197 926 1255 ista
955 1196 1339 1268 praecepisset
1368 1202 1545 1266 atque
1602 1194 1834 1267 legibus
1875 1193 2104 1250 deseri.

446 1286 800 1357 psisset.llli
834 1290 1031 1342 tamen
1090 1287 1473 1359 perversitate
1525 1301 1760 1341 morum
1810 1289 1869 1340 et
1917 1283 2103 1340 animi

447 1375 878 1448 ingratitudine
919 1392 989 1431 ea
1009 1376 1139 1448 jam
1172 1376 1310 1431 inde
1367 1393 1403 1431 a
1444 1374 1737 1447 principio
1791 1374 1866 1429 ad
1918 1374 2102 1429 ﬁnem

442 1482 637 1537 usque
667 1466 929 1535 fuerunt,
981 1472 1048 1520 ut
1076 1465 1403 1521 identidem
1452 1465 1555 1521 Dei
1587 1464 2099 1529 obliviscerentur,

447 1557 870 1628 deviantesque
926 1570 963 1612 a
1014 1562 1177 1612 recto
1233 1556 1529 1613 Creatoris
1581 1556 1711 1611 loco
1768 1560 2102 1611 creaturam

446 1647 785 1703 adorarent.
819 1650 1024 1717 Itaque
1046 1646 1196 1703 alias
1216 1647 1487 1716 vitulum,
1539 1646 1627 1701 uti
1660 1645 1941 1713 diximus,
1964 1661 2101 1701 con-

446 1735 689 1803 ﬂarunt,
714 1735 865 1791 alias
882 1736 1265 1809 Beelphegori
1290 1734 1721 1808 supplicarunt,
1744 1735 1893 1790 alias
1914 1733 2097 1799 Baali,

1815 341 2133 407 GEORGII
2176 341 2524 407 CEDRENI

460 487 622 544 enim
654 503 786 558 quae
840 486 995 540 Deus
1052 486 1372 543 creaverat,
1402 480 1569 537 valde
1588 479 1745 535 bona
1776 480 1963 534 erant.
2013 476 2103 531 In-

2220 475 2448 548 ρισμους
2502 477 2817 552 προσᾶταξε,
2870 479 2961 535 καὶ
3017 480 3411 557 καθαρισμοὺς,
3492 486 3582 542 καὶ

3747 360 3866 421 460

3714 508 3867 546 απτι-

2222 490 2448 548 ρισμους
2502 490 2817 552 προσεταξε,
2870 490 2961 535 καὶ
3017 490 3411 557 καθαρισμοὺς,
3492 490 3582 542 καὶ
3678 490 3867 561 βαπτιο

2222 564 2417 638 σμοὺς,
2446 568 2539 623 καὶ
2569 565 2954 642 δεκατισμοὺς,
2982 573 3071 627 καὶ
3108 572 3322 648 ἁγνείας
3378 575 3468 630 καὶ
3528 576 3723 653 ἀργίας
3756 576 3867 636 δια-

2219 654 2444 733 φόρους,
2474 657 2550 712 ὦν
2580 660 2946 733 παρακούοντι
2989 662 3261 739 τιμωρίαν
3309 663 3567 737 ὡρίσατο,
3624 667 3714 723 ἳνα
3745 690 3865 724 πιε-

2218 744 2440 817 ζόμενοι
2468 746 2559 801 καὶ
2587 747 2692 804 ὑπὸ
2720 750 2815 806 τοῦ
2845 747 3040 806 κλοιοῦ
3069 750 3377 830 ἆγχόμενοι
3433 758 3534 824 τῆς
3592 754 3863 822 πολυθέυυ

2215 831 2431 906 πλανης
2462 835 2854 909 ἑκστήσωνται.
2879 839 3087 898 Οὐκοῦν
3142 840 3233 898 διὰ
3284 845 3382 913 τὴν
3422 841 3861 922 σκληροκαρδίαν

2216 921 2388 980 αὐτῶν
2422 922 2678 997 ἐπέδησεν
2707 925 2925 997 αὖτοὺς,
2957 930 3106 993 ὅπως
3165 927 3257 987 διὰ
3301 936 3398 989 τοῦ
3427 921 3594 1004 θύειν,
3641 921 3731 991 καί
3762 936 3863 1013 ἀρ·-

2212 1017 2367 1100 γεῖν,
2407 1015 2499 1071 καὶ
2553 1015 2879 1091 ἁγνίζεσθαι,
2930 1019 3018 1074 καὶ
3076 1021 3142 1075 τὰ
3195 1020 3379 1078 τοιάδε
3433 1028 3859 1100 παρατηρεῖσθαι

2215 1101 2290 1165 είς
2342 1098 2551 1163 ἔννοιαν
2608 1104 2875 1185 ἔρχωνται
2924 1113 3063 1166 Θεοῦ
3118 1114 3215 1167 τοῦ
3261 1115 3429 1169 ταῦτα
3473 1098 3861 1188 δίαταξαμένου

2213 1192 2400 1255 αὐτοῖς
2456 1194 2547 1249 καὶ
2594 1198 3081 1269 νομοθετήσαντος,
3139 1197 3258 1275 οἷ’γε
3312 1200 3598 1277 μοχθηρίᾳ
3654 1204 3860 1279 τρόπου

2211 1281 2301 1335 καὶ
2332 1283 2559 1356 γνώμης
2589 1284 2912 1361 ἀγνώμονος
2943 1287 3008 1343 οὐ
3043 1284 3398 1362 διελίμπανον
3425 1288 3626 1347 ἄνωθεν
3657 1292 3749 1348 καὶ
3806 1292 3856 1364 ἐξ

2210 1369 2392 1447 ἀρχῆς
2423 1373 2591 1449 μέχρι
2629 1372 2821 1438 τίλους
2885 1375 3365 1452 ἐπιλανθανόμενοι
3417 1384 3518 1437 τοῦ
3574 1386 3729 1453 Θεοῦ,
3770 1383 3860 1439 καὶ

2209 1461 2687 1537 παρατρεπόμενοι
2733 1463 3092 1539 προσεκύνουν
3147 1467 3265 1524 ἀντὶ
3320 1473 3418 1524 τοῦ
3476 1469 3702 1528 Κτίστου
3757 1474 3858 1541 τήν

2208 1549 2405 1622 κτίσιν,
2431 1551 2522 1607 καὶ
2551 1553 2683 1608 ποτὶ
2715 1555 2829 1627 μὲν,
2887 1557 2963 1618 ὡς
3023 1575 3258 1633 ειρηται,
3316 1563 3854 1634 μοσχοποιήσαντες,

2208 1638 2341 1693 ποτὲ
2373 1635 2432 1694 δὲ
2476 1644 2555 1713 τῷ
2612 1640 2934 1721 Βεελφεγὼρ
2990 1648 3484 1719 προσκυνήσαντες,
3538 1648 3745 1708 ἄλλοτε
3800 1651 3861 1709 δὲ

2206 1731 2289 1818 τῷ
2314 1726 2481 1798 Βὸἱαλ,
2513 1729 2604 1786 καὶ
2632 1735 2714 1804 τῷ
2743 1733 2970 1806 Χαμὼς,
3004 1733 3095 1791 καὶ
3148 1740 3218 1811 τῇ
3272 1735 3512 1810 Σιδωνίᾳ
3568 1740 3856 1818 Ἀστπίρτῃ,

444 1826 766 1893 Chamoso,
801 1824 1058 1883 Sidonia;
1106 1829 1378 1895 Astartre,
1436 1827 1725 1894 Molocho,
1764 1826 1914 1882 alias
1965 1825 2098 1893 soli,

2213 1816 2297 1912 καί
2328 1818 2408 1889 τῷ
2440 1820 2724 1912 Μολχὼμ,
2756 1821 2844 1912 καὶ
2874 1824 3009 1881 ποτε
3034 1827 3113 1895 τῷ
3144 1824 3317 1900 ἡλίῳ,
3355 1827 3446 1883 καὶ
3499 1832 3567 1904 τῇ
3624 1816 3857 1908 σελήνη,

438 1916 598 1971 lunaa
630 1922 689 1971 et
716 1915 1073 1987 stellisque;
1106 1917 1257 1972 Deus
1288 1932 1407 1972 non
1430 1921 1497 1970 ut
1518 1916 1876 1982 colerentur,
1900 1914 2006 1970 sed
2036 1918 2103 1969 ut

2213 1903 2327 1996 καὶλ
2358 1912 2473 1970 τοῖς
2528 1906 2747 1985 ἄστροις
2801 1907 2834 1966 ἄ
2889 1911 2917 1969 ὁ
2956 1912 3087 1976 Θεὸς
3144 1913 3221 1977 εἰς
3298 1921 3491 1996 φαῦσιν
3547 1903 3858 1993 ἀνθρώποις

442 2005 647 2062 lumen
682 2004 1021 2077 praeberent
1038 2004 1383 2061 hominibus
1412 2009 1713 2061 creaverat
1733 2003 2101 2071 ;aliasbruta

2213 1993 2452 2067 ἐποίησε,
2481 1996 2570 2053 καὶ
2603 1997 2704 2055 οὐκ
2757 1999 2833 2062 εἰς
2889 2003 3279 2078 προσκύνησιν·
3312 1993 3463 2063 ⁷ποτὲ
3510 2004 3567 2062 δὶ
3605 2008 3694 2065 καὶ
3727 2007 3858 2067 ἄλο-

443 2095 771 2152 animantia
792 2095 955 2150 cultu
977 2095 1080 2150 Dei
1111 2094 1459 2163 affecerunt,
1481 2101 1547 2151 ut
1575 2095 1637 2149 in
1670 2096 1911 2165 Egypto
1941 2093 2095 2164 Apin

2213 2104 2283 2173 γα
2303 2089 2416 2154 ζῶα
2445 2085 2666 2158 ἐτίμων,
2699 2087 2773 2152 ὡς
2830 2091 2954 2165 παρ’
3007 2091 3333 2168 Αἰγυπτίοις
3370 2095 3462 2151 τὸν
3506 2097 3669 2155 ’Δπιν
3723 2099 3853 2173 βοῦν

446 2185 655 2240 bovem
684 2190 743 2240 et
761 2184 992 2240 hircum
1024 2183 1413 2251 Mendesium,
1467 2183 1613 2239 alias
1670 2186 1980 2256 argenteos
2038 2187 2098 2238 et

2213 2172 2292 2229 καὶ
2323 2174 2413 2231 τὸν
2445 2174 2746 2248 Μενδήσιον
2800 2178 3020 2255 τράγον,
3077 2182 3169 2238 καί
3227 2182 3383 2248 θεοὺς
3439 2172 3729 2261 ἀργυροῦς
3760 2190 3853 2245 καὶ

443 2290 658 2331 aureos
687 2274 921 2341 deos,ut
941 2273 1004 2329 in
1032 2272 1405 2329 Judaaa.Eam
1427 2273 1501 2329 ob
1530 2289 1657 2328 rem
1686 2272 1998 2344 perspicue
2018 2271 2095 2327 iis

2213 2270 2465 2340 χρυσοῦς,
2504 2267 2579 2331 ὡς
2638 2267 2690 2325 ἰν
2747 2272 2816 2343 τῇ
2858 2268 3115 2343 Ἰουδαίᾳ.
3166 2272 3344 2350 Ταύτῃ
3404 2296 3490 2331 τοι
3547 2274 3852 2352 προδήλως

439 2368 595 2422 Deus
623 2380 762 2422 voce
792 2366 940 2421 vatis
969 2365 1061 2420 sui
1103 2366 1185 2421 ita
1215 2365 1477 2421 minatur
1526 2380 1539 2421 :
1597 2366 1894 2421 Parumne
1978 2365 2092 2420 hoc

2213 2353 2443 2412 ίπειλῶν
2472 2357 2661 2422 αὐτοῖς
2690 2360 2720 2414 ὁ
2748 2360 2877 2423 Θεὸς
2908 2356 3066 2439 ἔλεγε
3097 2360 3187 2418 διὰ
3242 2368 3340 2419 τοῦ
3388 2367 3702 2442 προφήτου.
3762 2368 3852 2438 Μὴ

431 2455 650 2510 Iudam
679 2454 923 2510 familia:
952 2453 1202 2520 videtur,
1239 2454 1399 2525 quod
1456 2459 1576 2509 tam
1634 2452 1824 2509 multa
1865 2452 2090 2509 abomi-

2213 2446 2393 2520 uprv
2420 2451 2582 2503 τοῦτο
2609 2452 2690 2521 τῷ
2712 2447 2849 2523 οἷ’κῳ
2875 2447 3076 2519 Ἰούδα,
3137 2457 3314 2508 ποιεῖν
3368 2453 3435 2509 τὰ
3493 2451 3850 2530 βδελύγματα

426 2544 627 2600 nanda
654 2544 925 2599 fecerunt
956 2547 1297 2613 terramque
1335 2543 1659 2615 impietatis
1686 2543 2087 2614 repleverunt,

2213 2534 2422 2592 εαῦταᾶ
2476 2535 2786 2609 ἐποίησαν;
2838 2540 2960 2598 Ὃτι
3001 2534 3244 2611 ἔπλησαν
3297 2542 3398 2611 τὴν
3451 2550 3557 2619 γῆν
3616 2543 3853 2618 ἀνομίας

432 2641 497 2690 ut
525 2650 621 2691 me
652 2630 1014 2688 irritarent?
1060 2632 1264 2686 Merito
1295 2632 1473 2703 igitur
1519 2633 1699 2687 excisi
1749 2638 1906 2699 sunt,
1948 2648 2085 2688 cum

2213 2627 2291 2680 τοῦ
2319 2625 2647 2702 παροργίσαι
2707 2648 2796 2700 με.
2856 2629 2951 2683 Διὸ
2987 2629 3170 2685 τοίνυν
3227 2629 3455 2694 εἰκότως
3506 2631 3849 2709 ἑξωλοθρεύ-

433 2724 537 2780 Dei
558 2724 708 2778 iram
748 2718 1135 2793 provocarent
1166 2736 1517 2791 sacramque
1548 2726 1765 2777 terram
1808 2722 1879 2777 ab
1910 2722 2082 2777 initio

2213 2725 2362 2782 manv
2390 2713 2465 2777 ὡς
2495 2714 2587 2771 τὸν
2619 2716 2748 2773 Θεὸν
2779 2718 3198 2794 παροργίζοντες
3255 2718 3344 2776 καί
3405 2722 3506 2792 τὴν
3553 2723 3710 2798 ἁγίαν
3735 2730 3840 2798 γῆν

429 2811 771 2883 polluerunt
810 2808 1139 2863 identidem
1184 2807 1259 2863 ad
1294 2824 1484 2879 usque
1521 2815 1889 2880 postremum
1930 2811 2081 2866 illud

2213 2801 2408 2892 κείνην
2430 2804 2874 2879 καταμιαίνοντες
2931 2807 3024 2864 ἀπ’
3078 2808 3259 2885 ἀρχῆς
3315 2803 3418 2874 ἕως
3465 2817 3567 2881 τῆς
3595 2810 3842 2892 ἐσχάτης

424 2914 601 2956 suum
633 2899 743 2955 sub
780 2897 1138 2969 Vespasiano
1162 2903 1220 2953 et
1247 2897 1375 2953 Tito
1393 2898 1860 2955 excidium.Cum
1892 2901 2073 2979 enim,

2213 2891 2278 2947 ιαὶ
2335 2890 2652 2959 τελευταίας
2707 2895 2909 2968 ταύτης
2965 2895 3225 2962 ἁλώσεως
3280 2898 3368 2955 ἐπὶ
3425 2890 3836 2959 Οὐεσπασιανοῦ

417 2989 617 3063 inquit
635 2987 1062 3055 Theodoretus,
1092 2987 1307 3043 diversi
1330 2988 1739 3060 Hierosolyma
1778 2990 2078 3061 cepissent

2213 2980 2275 3035 ,αὶ
2327 2981 2513 3039 Τίτου.
2548 2983 2652 3040 Καὶ
2688 2987 2789 3060 γὰρ
2848 2984 3122 3065 διαφόρων
3174 2989 3377 3061 ταύτην
3422 2991 3513 3046 καὶ
3571 2990 3834 3048 καθελόν-

415 3087 593 3154 atque
606 3078 1015 3137 destruxissen
1025 3084 1308 3151 t,semper
1320 3095 1388 3135 ea
1399 3079 1687 3151 pristimaa
1700 3080 1973 3152 dignitati
1986 3086 2077 3136 est

2215 3092 2312 3141 ων,
2346 3073 2472 3152 φησί
2504 3077 2592 3145 [Ρ.
2640 3077 2771 3148 240]
2825 3074 3199 3154 Θεοδώρητος,
3255 3079 3421 3137 πάλιν
3471 3082 3546 3145 εἰς
3599 3083 3664 3138 τὸ
3722 3084 3831 3158 ἆρ-

412 3179 591 3244 atque
619 3170 826 3226 forma;
858 3169 1149 3235 restituta,
1185 3168 1425 3240 dempto
1483 3174 1785 3241 postremo
1815 3169 2067 3227 excidio.
2100 3232 2103 3261 ‘

2213 3166 2343 3235 ιαῖον
2384 3161 2821 3236 ἀποκατᾶστησαν
2880 3167 3097 3242 ἀξίωμά
3148 3190 3208 3225 τε
3264 3171 3352 3227 καὶ
3408 3173 3621 3247 σχῆμα·
3678 3171 3830 3229 ἀλλὰ

2213 3253 2265 3279 τε-.
2337 3249 2514 3279 -1“).--
2602 3258 2783 3279 n-_~__-
2812 3277 2823 3279 -
2898 3278 2903 3279 ,
2935 3256 2951 3279 ς
3090 3258 3137 3279 s,
3228 3265 3262 3279 Α
3297 3257 3319 3279 \
3424 3258 3466 3279 ιλ
3669 3259 3693 3279 θ

412 3262 647 3317 Primus
694 3258 1153 3330 Thelapbalasar
1196 3258 1487 3330 majorem
1537 3258 1745 3314 decem
1806 3249 2103 3314 tribuum'

2213 3253 2265 3339 ῦν
2334 3249 2547 3339 οὐκέτιἈ
2600 3258 2825 3330 Πρῶτος
2894 3256 2990 3330 μὲν
3048 3258 3149 3333 γὰρ
3224 3257 3617 3339 Θελαφάλσσαρ
3664 3259 3828 3337 δορυο

408 3354 636 3420 partem
660 3347 949 3419 captivam
981 3347 1081 3403 42
1100 3350 1133 3402 1
1168 3345 1431 3401 abduxit.
1464 3347 1770 3402 Secundus
1799 3347 2069 3405 Salama-

2214 3338 2393 3398 λωτον
2418 3337 2583 3399 ἔλαϐε
2604 3348 2715 3400 τῶν
2745 3342 2872 3401 δέκα
2900 3345 3088 3426 φυλῶν
3132 3348 3195 3404 τὸ
3261 3337 3542 3406 πλείστοψ
3575 3347 3828 3427 δεύτερος

408 3454 588 3493 nasar
608 3436 933 3492 Samariam
968 3440 1026 3490 et
1054 3436 1506 3506 circumpositas
1535 3435 1715 3491 urbes
1748 3435 1980 3509 subegit
2008 3440 2069 3492 et

2213 3429 2669 3508 ὶΣαλαμανασὰρ
2695 3436 2796 3504 τήν
2844 3434 3147 3511 Σαμάρειαν
3203 3437 3296 3493 καί
3351 3440 3450 3503 τὰς
3503 3439 3626 3514 τιερί
3662 3426 3833 3511 αὒτήν

411 3526 640 3583 incolas
670 3524 733 3580 in
768 3525 1111 3580 servitutem
1160 3524 1375 3597 abegit.
1424 3525 1656 3581 Tertius
1724 3526 2066 3582 Senacheri-

2213 3515 2595 3596 ξηνδραπόδισε
2677 3519 2889 3585 πόλεις·
2970 3523 3155 3599 τρίτος
3232 3522 3290 3580 δὲ
3371 3527 3400 3582 ὁ
3473 3529 3830 3605 Σεναχηρεὶμ

404 3632 538 3672 mus
564 3615 829 3686 reliquas
856 3613 1076 3670 Iudam
1104 3613 1282 3668 urbes
1311 3614 1689 3687 oppugnavit,
1722 3614 2062 3687 multosque

2213 3606 2265 3668 ‘ac
2327 3608 2421 3681 μὶν
2502 3605 2677 3672 ἄλλας
2742 3614 2841 3676 τῆς
2920 3610 3188 3670 Ἰουδαίας
3266 3612 3634 3691 ἐπολιόρκησε
3715 3618 3827 3673 πόα

404 3705 685 3762 servitum
716 3704 779 3759 in
810 3720 983 3759 suum
1008 3718 1259 3776 regnum
1290 3703 1474 3759 misit.
1511 3705 1727 3759 Verum
1786 3705 2065 3761 Hieroso-

2213 3716 2309 3766 εις,
2380 3697 2467 3753 καὶ
2527 3696 2774 3761 πολλοὺς
2858 3700 3155 3774 μετῴκισεν
3232 3702 3658 3778 αἰχμαλώτους,
3714 3703 3827 3761 ἐπιο

398 3792 625 3865 lymam
649 3804 889 3865 quoque
917 3792 1182 3862 adortus,
1207 3808 1275 3847 ac
1302 3792 1554 3863 superbe
1568 3798 1628 3846 et
1648 3793 1832 3864 impie
1855 3799 2061 3849 contra

2213 3784 2493 3858 κρατούσας
2579 3784 2638 3843 δὶ
2690 3792 2808 3851 τοῖς
2864 3789 3279 3865 Ἰεροσολύμοις
3363 3790 3706 3862 ἆλαζονικῶς
3762 3815 3823 3851 τε

400 3883 587 3939 Deum
646 3883 857 3948 elatus,
902 3882 1099 3954 justas
1154 3896 1277 3936 suas
1353 3880 1553 3953 impiae
1619 3882 2055 3939 maledicentia

2213 3871 2257 3928 εἰ
2287 3870 2561 3938 δυσσεϐῶς
2590 3875 2881 3951 ἐκομίσατο
2912 3875 3139 3943 δικαίως
3166 3886 3270 3951 τῆς
3329 3879 3687 3959 βλασφημίας
3742 3884 3811 3941 τὰ

401 3989 608 4044 ρωιιειε
640 3972 826 4041 dedit,
859 3971 1124 4027 exercitu
1144 3970 1426 4025 divinitus
1456 3986 1608 4025 caeso
1639 3976 1878 4027 coactus
1916 3984 2052 4027 cum

2213 3961 2437 4039 είχειρα·
2488 3963 2741 4036 θεηλὸίτῳ
2787 3964 2982 4042 πληγῇ
3041 3969 3141 4038 τήν
3196 3970 3449 4046 στρατιὰν
3490 3958 3807 4043 ἀπολέσας,

399 4062 688 4119 dedecore
718 4060 1093 4117 obsidionem
1126 4059 1349 4115 solvere
1380 4058 1743 4131 domumque
1777 4076 2051 4117 reversus

2213 4053 2252 4109 εἰ
2281 4054 2396 4126 μετ’
2426 4054 2695 4125 αἰσχύνης
2724 4055 3024 4130 ἀναζεύξας,
3056 4058 3158 4114 ὑπὸ
3215 4064 3326 4115 τῶν
3387 4056 3544 4117 ἰδίων
3597 4062 3802 4118 τικνων

402 4168 437 4207 a
470 4152 607 4207 filiis
631 4152 754 4207 suis
784 4155 877 4207 est
900 4149 1267 4205 interfectus.
1291 4150 1432 4203 Post
1477 4149 1636 4204 hunc
1656 4147 2050 4208 Nabuchodo-

2213 4147 2480 4227 ναιρεῖται.
2512 4144 2661 4200 Μετὰ
2717 4141 2775 4200 δὲ
2828 4149 3017 4201 τοῦτον
3078 4141 3573 4227 Ναϐουχοδονόσορ
3617 4147 3672 4206 ἂν
3725 4155 3807 4223 τῷ

394 4241 905 4309 nosor,Joacbimo
923 4240 1093 4295 Josiss
1108 4239 1234 4294 ﬁlio
1248 4238 1489 4294 tertium
1503 4254 1726 4295 annum
1739 4246 2043 4313 regnante,

2213 4234 2326 4303 μίτῳ
2353 4224 2460 4288 ἔτει
2487 4239 2587 4303 τῆς
2622 4233 2900 4309 βασιλείας
2943 4236 3199 4310 Ἰωακεὶμ
3253 4224 3352 4293 τοῦ
3403 4239 3524 4294 υἱοῦ
3591 4239 3805 4296 Ἰωσίου

393 4330 593 4401 copias
644 4331 707 4385 in
764 4330 1027 4385 Iudaeam
1084 4327 1372 4393 adduxit;
1435 4328 1761 4400 multisque
1814 4331 1941 4387 auri
1986 4338 2045 4387 et

2213 4321 2292 4407 ιτα
2345 4318 2626 4395 δυνάμεως
2688 4322 2765 4387 εἰς
2821 4326 2920 4395 τήν
2965 4322 3227 4381 Ἰουδαίαν
3286 4326 3633 4407 ἀφικόμενος,
3716 4329 3807 4385 καὶ

389 4419 620 4491 argenti
651 4418 893 4475 talentis
919 4417 1199 4488 acceptis,
1250 4416 1457 4472 multis
1516 4418 1615 4488 qui
1673 4419 1817 4491 regii
1873 4424 2044 4475 erant

2213 4405 2340 4465 ιλλὰ
2367 4408 2609 4468 τάλαντα
2638 4412 2868 4488 χρυσίου
2914 4413 3001 4469 καὶ
3035 4414 3270 4491 ἀργύρου
3330 4405 3518 4473 λαϐὼν
3576 4416 3666 4473 καὶ
3746 4417 3809 4474 ἐκ

386 4507 692 4579 sanguinis
722 4507 966 4579 captivis
995 4506 1287 4571 abductis,
1307 4505 1505 4562 ablata
1534 4507 1712 4563 etiam
1732 4524 2035 4565 sacrorum
2072 4573 2103 4581 _

2216 4501 2245 4552 ῦ
2280 4497 2567 4575 βασιλικοῦ
2589 4502 2778 4577 γενους
2816 4502 3215 4579 αἰχμαλώτους
3270 4504 3525 4570 πολλοὺς
3582 4506 3673 4563 καὶ
3707 4505 3802 4581 μὲ-

384 4573 655 4652 vasorum
673 4573 840 4667 parte
870 4594 1267 4667 impositoque
1306 4593 1527 4649 tributo
1564 4593 1808 4649 domum
1840 4597 2037 4652 rediit.
2070 4573 2103 4637 Π

2215 4609 2240 4650 ς
2281 4573 2341 4645 ἰκ
2393 4595 2501 4647 τῶν
2554 4573 2714 4667 ἱερῶν
2774 4573 3000 4664 caesii”,
3061 4594 3357 4672 ὁπίστρεψε
3414 4593 3623 4671 δασμὸν
3674 4573 3800 4654 ἑπι-

382 4684 566 4741 Paulo
592 4690 728 4758 post
754 4684 1055 4740 Joacbimo
1088 4683 1377 4739 tributum
1428 4696 1550 4738 non
1609 4683 1874 4740 solvente
1924 4687 2038 4740 Na-

2215 4677 2279 4741 ίς.
2340 4680 2441 4734 Καὶ
2503 4682 2617 4754 μετ’
2658 4680 2844 4759 ὀλίγον
2894 4684 3098 4763 χρόνον
3152 4686 3181 4740 ὁ
3240 4686 3336 4758 μὶν
3394 4688 3650 4759 Ἰωακείμ
3703 4688 3802 4742 τὸν

381 4775 843 4831 buchodonosor
861 4788 1021 4829 anno
1044 4774 1207 4847 regni
1229 4773 1359 4846 ejus
1379 4771 1813 4842 undecimo,sui
1836 4774 2035 4829 autem

2213 4765 2316 4841 ἔρον
2344 4766 2629 4840 ἦθίτησεν,
2684 4771 2713 4826 ὁ
2766 4767 2824 4826 δὲ
2880 4766 3369 4848 Ναϐουχοδονόσορ
3417 4771 3499 4847 τῷ
3527 4770 3796 4848 ἑνδεκάτῳ

381 4871 604 4934 octavo,
636 4878 873 4920 rursum
928 4862 1337 4935 Hierosolyma
1380 4862 1766 4934 oppugnavit.
1795 4863 2038 4919 Joacbi-

2213 4876 2253 4911 ει
2307 4859 2405 4926 τῆς
2467 4856 2664 4915 τούτου
2727 4858 3028 4934 βασιλείας,
3090 4859 3269 4935 ὀγδόῳ
3318 4859 3377 4918 δὲ
3430 4870 3532 4933 τῆς
3588 4863 3797 4927 οἰκείας

379 4970 663 5029 mumque
695 4960 973 5013 necatum
1003 4955 1077 5010 de
1116 4969 1286 5009 muro
1346 4951 1557 5024 projici
1590 4956 1651 5007 et
1685 4951 2031 5022 aliquandiu

2213 4945 2471 5020 ἐμονίας,
2527 4947 2694 5005 πάλιν
2778 4949 3118 5026 ἐπιστρατεύει
3172 4956 3290 5015 τοῖς
3355 4951 3791 5026 Ἱεροσολύμοις,

376 5044 755 5102 inhumatum
778 5045 1038 5116 relinqui
1063 5042 1409 5115 imperavit;
1434 5039 1508 5095 de
1530 5056 1647 5110 quo
1671 5046 1727 5095 et
1746 5042 2030 5099 Ieremias

2213 5035 2230 5090 ἰ
2284 5037 2378 5094 τὸν
2459 5039 2556 5112 μὶν
2613 5039 2872 5115 ’Ῑωακείμ
2927 5041 3136 5097 ἀνελὼν
3186 5041 3277 5097 καὶ
3334 5042 3442 5098 ἀπὸ
3495 5046 3594 5099 τοῦ
3674 5046 3790 5100 τεί-

374 5134 518 5191 dicit
546 5134 629 5193 ’δε
664 5136 799 5192 Haec
832 5132 1183 5208 pronuntiat
1200 5131 1489 5187 Dominus
1509 5124 1583 5184 de
1610 5130 1916 5188 Joachimo
1931 5134 2029 5189 Jo-

2217 5148 2278 5190 υς
2337 5125 2556 5204 ῥιφῆναι
2613 5126 2874 5193 κελεύσας
2940 5128 3140 5207 ἄταφον
3223 5129 3314 5187 ἕπί
3388 5152 3505 5188 τινα
3589 5132 3799 5212 χρόνον

371 5225 475 5281 sia:
507 5226 661 5301 regis
682 5224 844 5282 Judm
876 5226 1001 5282 filio
1022 5241 1037 5280 :
1057 5224 1154 5280 νω
1176 5222 1231 5280 ei
1253 5222 1376 5277 viro
1403 5236 1417 5277 :
1451 5220 1607 5275 inter
1624 5220 2025 5295 plangendum

2213 5217 2418 5287 τίλιπε,
2476 5218 2601 5291 περὶ
2654 5216 2717 5274 οὗ
2796 5219 2887 5276 καὶ
2942 5221 3209 5297 Ἱερεμίας
3262 5222 3417 5302 φησί’
3452 5219 3587 5278 Τάδε
3642 5219 3794 5298 λεγει

368 5330 547 5385 super
578 5330 646 5370 eo
705 5331 826 5371 non
882 5313 1102 5384 dicent,
1154 5314 1299 5381 Heu,
1359 5309 1565 5377 frater,
1623 5324 1817 5382 neque
1869 5312 2028 5370 inter

2213 5324 2342 5384 ιριος
2368 5304 2457 5364 ἐπὶ
2502 5309 2759 5381 Ἰωακείμ
2813 5309 2929 5366 υἱὸν
2989 5309 3204 5368 Ἰωσίου
3260 5311 3538 5387 βασιλίως
3588 5310 3788 5367 Ἰούδω

362 5400 707 5460 deﬂendum
733 5403 1108 5472 dicent,Heu,
1132 5402 1393 5470 domine,
1428 5406 1488 5456 et
1512 5400 1883 5469 Hen,frater:
1917 5405 2021 5460 sed

2213 5397 2272 5453 αἱ
2294 5396 2383 5453 ἰπὶ
2411 5395 2503 5453 τὸν
2536 5392 2702 5474 ἄνδρα
2729 5403 2921 5454 τοῦτον
2954 5402 2966 5457 l
2999 5401 3079 5458 Οὐ
3113 5401 3190 5474 μὴ
3220 5400 3484 5477 κόψονται
3514 5400 3699 5471 αὐτὸν,
3721 5400 3789 5457 Ὠ

354 5490 509 5562 asini
538 5492 845 5563 sepultura
869 5493 922 5547 ei
956 5493 1314 5565 obtinget,ac
1344 5492 1711 5562 putrefactus
1742 5493 2017 5566 projicie-

2213 5487 2333 5568 ελφὲ
2363 5486 2477 5545 οὐδ’
2511 5483 2573 5543 οὒ
2608 5488 2685 5562 μὴ
2739 5487 3063 5547 κλαύσονται
3125 5491 3309 5561 αὐτὸν,
3358 5491 3550 5567 Οίμοι,
3607 5490 3786 5569 κύριε,

427 5644 477 5680 ⁵⁸
504 5644 724 5701 Jerem.
752 5660 889 5716 χχιι,
924 5647 1008 5714 18,
1044 5648 1127 5700 19.

4156 4482 4157 4573 ί

4156 5600 4157 5689 ί

4156 5696 4157 5783 ί

4156 5994 4157 6059 ι

4155 6068 4157 6167 Ι
