4194 6198
320 375 436 439 161
1465 375 1977 441 ΗΙΞΤΟὶὶΙΑῆυῇ

2088 373 2604 437 ιοΜΡΕΝοιυΜ.
3620 382 3737 445 ιω

320 508 413 565 καὶ
443 508 637 581 Οἳμοι,
668 505 887 585 ἆδελφᾶο
922 507 1069 565 ἀλλὰ
1096 510 1272 585 ταφὴν
1341 508 1466 567 ὄνου
1521 511 1841 586 ταφήσεται,
1878 508 1969 565 καὶ

2090 513 2187 564 tur
2216 513 2378 565 trans
2421 526 2624 565 muros
2671 511 3258 585 Hierosolymitanos.
3299 517 3580 573 Proceres
3611 534 3740 572 0m-

322 598 731 676 συμψηφισθεξς
761 598 1046 676 ῥιφήσεται
1090 596 1338 657 ἐπέκεινα
1390 606 1492 670 τῆς
1548 597 1731 671 πύλης
1780 600 1977 674 Ἱερουο

322 684 533 760 σαλήμ·
565 684 693 747 τοὺς
722 682 779 741 δέ
807 684 862 742 ἐν
890 687 1039 743 τέλει
1070 686 1271 752 πάντας
1324 687 1723 765 αἰχμαλώτους
1773 681 1979 768 λαϐὼν,

322 775 413 834 καὶ
458 779 576 838 τοῖς
640 774 1013 855 ὑπολειφθεῖσι
1073 779 1469 855 χειροτονήσας
1530 774 1755 853 βασιλέα
1802 776 1976 851 Ἰεχοο

322 862 441 921 νίαν
497 866 615 921 υἱὸν
672 864 992 940 ⁷Ελιακείμ,
1048 866 1255 943 ἀπῆρεν
1324 866 1404 933 εἰς
1460 861 1788 925 Βαϐυλῶνα.
1845 866 1981 922 Εἶτα

324 955 414 1009 καὶ
476 959 670 1012 τοῦτον
731 956 912 1028 μαθὼν
971 957 1333 1013 στασιάσαντα
1422 956 1561 1031 μετά
1617 962 1789 1030 μῆνας
1835 959 1982 1031 τρεῖς

324 1042 495 1099 πάλιν
549 1040 793 1123 ἔρχεται,
850 1043 943 1101 καὶ
1008 1049 1202 1102 τοῦτον
1256 1041 1495 1117 πεδήσας
1564 1045 1699 1119 μετᾶ
1754 1041 1979 1099 πολλῶν

325 1131 609 1208 νεωτέρων
655 1125 1019 1209 δοριάλωτονκ
1050 1132 1194 1207 ἄγει,
1250 1135 1590 1206 καταστήσας
1644 1132 1758 1189 ἀντ’
1814 1129 1979 1189 αὐτοῦ

325 1220 635 1296 βασιλεύειν
691 1226 800 1278 τῶν
863 1221 1185 1279 ὑπολοίπων
1274 1220 1529 1279 Σεδεκίαν
1601 1218 1980 1302 πατράδελφον

326 1310 513 1380 αὐτοῦ,
546 1310 733 1387 ὅρκοις
761 1305 901 1369 κατὰ
937 1315 1035 1368 τοῦ
1064 1317 1199 1368 Θεοῦ
1225 1311 1351 1387 περὶ
1403 1315 1501 1368 τοῦ
1551 1312 1626 1386 μή
1677 1310 1978 1381 ἀποστῆναι

324 1396 771 1474 καταδεσμήσας.
835 1398 1017 1458 Ἀλλὰ
1053 1400 1145 1457 καὶ
1200 1399 1396 1457 τούτου
1461 1394 1806 1478 παραϐάντος
1853 1397 1980 1462 τοὺς

324 1488 522 1563 ὅρκους
550 1489 643 1546 καὶ
675 1491 817 1564 μήτε
857 1491 950 1546 τὸν
1009 1488 1214 1564 δασμὸν
1271 1487 1570 1547 ἀποδοῦναι
1629 1489 1979 1563 θελήσαντος,

330 1580 471 1652 μήτε
501 1579 610 1652 μὴν
643 1575 854 1636 εὔνοιαν
885 1579 1243 1658 φυλάξαντος,
1273 1578 1403 1637 ἀλλ’
1434 1578 1760 1657 Αἰγυπτίοις
1807 1599 1979 1653 προσ-

318 1669 610 1746 φυγόντος,
655 1668 809 1734 αὖθις
862 1669 1210 1746 παρεγένετο,
1272 1670 1363 1727 καὶ
1426 1669 1519 1728 τὸν
1581 1672 1676 1746 μέν
1727 1666 1977 1725 Σεδεκίαν

318 1759 733 1834 χειρωσάμενος
763 1759 852 1817 καὶ
885 1758 1259 1839 ὲκτυφλώσας,
1298 1759 1391 1816 καὶ
1427 1759 1528 1829 τὴν
1559 1756 1723 1815 πόλιν
1784 1758 1976 1814 αὔταν-

323 1845 450 1923 δρον
484 1847 755 1923 εἰληφὼς,
781 1848 848 1904 τά
875 1869 934 1905 τε
965 1847 1241 1924 βασίλεια,
1270 1850 1360 1906 καὶ
1388 1850 1480 1905 τὸν
1514 1851 1655 1905 θεῖον
1686 1849 1832 1919 ναὸν,
1884 1846 1976 1903 καὶ

325 1941 497 1993 πᾶσαν
526 1936 813 2013 ἰμπρήσας
847 1937 1044 2008 οἰκίαν,
1094 1939 1493 2016 αἰχμαλώτους
1550 1940 1805 2017 ἀπήγαγε
1849 1937 1977 2001 τοὺς

331 2024 688 2090 διασωθέντας
717 2027 777 2085 ἐκ
803 2032 901 2083 τοῦ
926 2027 1098 2102 λιμοῦ
1152 2029 1244 2084 καὶ
1298 2033 1395 2085 τοῦ
1445 2025 1718 2104 πολέμου,
1766 2024 1855 2084 καὶ
1910 2027 1978 2084 τὰ

334 2113 656 2194 διαφέροντα
681 2116 844 2189 σκεύη
873 2122 973 2175 τοῦ
1019 2123 1147 2175 ναοῦ
1195 2117 1424 2195 Κυρίου.
1479 2120 1559 2177 T6
1605 2116 1820 2188 πλῆθος
1867 2118 1980 2174 τοί-

333 2228 425 2262 νυν
470 2211 581 2261 τῶν
637 2211 933 2285 συμφορῶν
978 2206 1154 2265 αὐτῶν
1234 2207 1327 2265 καὶ
1386 2207 1554 2279 Ἰωήλ
1612 2205 1976 2283 διηγούμενος

332 2296 553 2371 πρῶτον
589 2295 685 2372 μὶν
733 2293 1116 2362 ἐπελεύσεσθαι
1172 2296 1396 2371 κάμπην
1454 2296 1621 2373 λέγει,
1667 2297 1738 2353 τὰ
1783 2294 1840 2353 δὲ
1889 2295 1979 2353 ὑπ’

328 2382 503 2454 αὐτῆς
545 2385 624 2458 μὴ
672 2382 1018 2450 ἀναλωθέντα
1076 2386 1179 2442 ὑπὸ
1228 2383 1452 2462 ἂκρίδος
1506 2384 1974 2457 ἀναλωθήσεσθαι,

326 2472 426 2529 ὅσα
457 2470 519 2529 δὶ
544 2474 752 2544 ταύτην
784 2472 1149 2553 διαφεύξεται,
1190 2471 1514 2545 δαπανήσειν
1562 2474 1654 2530 τὸν
1710 2475 1974 2551 βροῦχον,

331 2558 561 2640 ἔσχατον
592 2561 649 2620 δὲ
677 2565 778 2635 τήν
809 2559 1062 2640 ἐρυσίϐην
1092 2562 1420 2643 ἐπαχθεῖσαν
1477 2561 1646 2639 μηδεν
1694 2560 1977 2628 παντελῶς

324 2652 670 2729 καταλείψειν
696 2648 1013 2726 ἆλώϐητον.
1047 2655 1193 2726 Φησὶ
1221 2654 1343 2731 γάρ’
1392 2655 1470 2713 Τὰ
1525 2653 1834 2711 κατάλοιποι
1873 2660 1973 2723 τῆς

324 2740 545 2818 ἆκρίδος
576 2744 663 2818 [Ρ.
698 2746 825 2817 241]
856 2743 1217 2821 καταφάγεται
1250 2744 1280 2800 ὁ
1312 2746 1585 2819 βροῦχος,
1615 2742 1705 2801 καὶ
1732 2745 1802 2798 τὰ
1831 2740 1973 2812 ἑξῆς.

333 2836 516 2892 Ταῦτα
546 2835 651 2910 γὰρ
687 2840 968 2910 τροπικῶς
1021 2834 1098 2897 εἰς
1154 2834 1245 2890 τὸν
1317 2834 1597 2909 Ἀσσύριον
1657 2835 1746 2889 καὶ
1798 2827 1973 2890 Βαϐυ-

328 2921 531 2980 λώνιον
556 2921 883 2997 ἑκληπτίον,
921 2924 1148 2998 κάμπην
1183 2924 1279 2998 μὲν
1309 2923 1404 2979 τὸν
1435 2920 1828 3002 Θελαφάλασαρ
1852 2922 1972 2978 ὀνο·

332 3012 624 3084 μάζοντας,
653 3010 847 3088 ἀκρίδα
904 3009 963 3068 δὶ
998 3012 1091 3068 τὸν
1158 3011 1577 3088 Σαλαμανασὰρ,
1626 3013 1869 3089 βροῦχον
1917 3007 1976 3067 δὲ

328 3101 418 3156 τὸν
448 3101 824 3178 Σεναχηρείμ,
880 3097 1138 3177 ἐρυσίϐην
1196 3100 1254 3158 δὶ
1302 3104 1392 3158 τὸν
1453 3097 1973 3180 Ναϐουχοδονόσορ,

326 3188 638 3247 τελευταῖον
684 3187 1169 3265 ὶπιστρατεύσαντα
1231 3189 1322 3246 καὶ
1365 3190 1466 3260 τήν
1513 3186 1779 3247 Ἰουδαίαν
1832 3188 1974 3264 δῃώ-

2090 615 2197 655 nes
2250 596 2512 670 captivos
2563 597 2829 668 adduxit,
2879 601 3320 676 constitutaque
3375 604 3457 659 ibi
3516 606 3739 662 relictis

2088 687 2515 760 regelechonia
2536 686 2845 745 Eliachimi
2864 689 3008 761 ﬁlio,
3025 690 3385 763 Babylonem
3410 710 3471 749 se
3494 696 3735 768 recepit.

2090 779 2231 834 Post
2257 783 2377 834 tres
2408 794 2646 835 menses
2675 778 2833 836 hunc
2864 798 3098 855 quoque
3130 784 3282 840 422
3342 784 3737 843 defectionem

2090 867 2288 923 moliri
2338 869 2603 927 sentiens
2660 869 2856 939 rediit,
2916 888 3171 945 cumque
3228 872 3289 929 in
3347 874 3738 949 compedibus

2090 975 2226 1013 cum
2266 959 2472 1015 multis
2516 959 2840 1032 juvenibus
2894 961 3187 1033 captivum
3235 964 3505 1036 abduxit,
3554 982 3738 1040 regno

2090 1045 2390 1104 Sedechiae
2423 1049 2550 1122 ejus
2580 1055 2791 1121 patruo
2823 1049 3060 1119 tradito,
3111 1069 3246 1108 cum
3293 1052 3343 1108 is
3392 1070 3501 1126 per
3554 1054 3740 1109 Deum

2080 1133 2346 1206 jurasset
2376 1152 2437 1191 se
2469 1136 2647 1193 ﬁdem
2679 1141 3069 1195 servaturum.
3102 1138 3215 1195 Sed
3244 1144 3303 1194 et
3330 1139 3440 1195 hoc
3492 1140 3740 1213 perjurii

2088 1241 2218 1281 sese
2249 1224 2547 1298 obligante
2578 1242 2646 1283 ac
2676 1243 2870 1300 neque
2900 1225 3225 1283 amicitiam
3253 1233 3523 1286 servante
3549 1237 3606 1285 et
3638 1231 3741 1284 tri-

2088 1312 2299 1370 butum
2340 1314 2673 1388 abnegante
2725 1320 2783 1372 et
2840 1314 2915 1371 ad
2972 1316 3277 1390 Egyptios
3339 1318 3738 1391 confugiente,

2091 1401 2286 1459 denuo
2317 1402 2728 1477 Hierosolyma
2771 1402 3027 1462 advenit.
3082 1404 3169 1460 lbi
3216 1405 3516 1463 Sedechiaa
3566 1414 3738 1480 capto

2087 1491 2290 1548 oculos
2322 1491 2503 1561 eruit;
2528 1491 2794 1564 urbeque
2817 1498 2874 1550 et
2895 1492 3237 1551 hominibus
3258 1497 3481 1569 potitus
3492 1496 3738 1570 regiam,

2087 1579 2276 1637 sedem
2307 1581 2409 1636 Dei
2444 1598 2771 1653 omnesque
2802 1581 3010 1639 domos
3064 1582 3354 1657 incendit,
3405 1590 3464 1641 et
3521 1585 3677 1659 quod
3707 1605 3743 1643 a

2085 1668 2243 1727 fame
2274 1674 2334 1725 et
2364 1668 2521 1726 bello
2562 1670 2872 1729 hominum
2923 1676 3052 1728 erat
3104 1672 3425 1745 reliquum,
3479 1676 3740 1749 captivos

2089 1759 2389 1831 simulque
2420 1760 2720 1834 praecipua
2775 1761 2980 1832 templi
3036 1777 3175 1818 vasa
3230 1762 3494 1833 abduxit.
3538 1764 3738 1822 Joelus

2087 1865 2230 1904 sane
2252 1846 2700 1906 multitudinem
2719 1849 3122 1907 calamitatum
3137 1867 3422 1909 enarrans
3447 1853 3640 1926 primo
3657 1855 3739 1911 ait

2086 1955 2326 1995 crucam
2356 1945 2703 2009 venturam;
2738 1941 2898 2011 quod
2947 1958 3016 1997 ea
3042 1958 3164 1997 non
3212 1942 3637 2016 absumpserit,
3675 1943 3737 1999 id

2083 2029 2379 2085 locustam
2409 2026 2778 2103 perdituram
2803 2044 2817 2097 ;
2852 2028 2901 2084 si
2932 2029 3076 2103 quid
3099 2047 3167 2087 ea
3187 2031 3485 2104 reliquum
3503 2033 3731 2101 fecerit,

2083 2115 2380 2174 bruchum
2393 2121 2756 2175 vastaturum
2773 2136 2788 2187 ;
2812 2116 2887 2174 ad
2900 2122 3232 2175 extremum
3247 2124 3734 2192 superventuram

2083 2205 2444 2279 rubiginem,
2473 2223 2725 2279 eamque
2745 2206 2898 2263 nihil
2920 2207 3162 2265 omnino
3185 2208 3481 2283 integrum
3498 2208 3740 2266 relictu-

2083 2297 2338 2354 ram.Sic
2352 2296 2511 2353 enim
2524 2292 2636 2352 ait:
2660 2295 2919 2353 Residua
2932 2314 3124 2353 erucae
3147 2297 3408 2353 comedit
3422 2296 3651 2355 locusta
3672 2296 3739 2366 ⁵⁷,

2087 2389 2145 2441 et
2178 2401 2309 2456 quas
2368 2390 2720 2456 sequuntur.
2784 2384 2919 2440 Haec
2977 2387 3221 2441 mutatis
3273 2386 3619 2444 nominibus
3668 2388 3741 2443 de

2083 2473 2331 2545 Assyrio
2364 2479 2422 2530 et
2470 2472 2828 2547 Babylonico
2872 2491 3054 2547 regno
3119 2478 3262 2532 sunt
3303 2476 3737 2550 intelligenda:

2084 2579 2261 2620 eruca
2291 2563 2451 2619 enim
2478 2562 3039 2636 Thelaphalasarem
3061 2568 3247 2632 notat,
3272 2563 3500 2622 locusta
3520 2566 3742 2623 Salma-

2082 2669 2378 2721 nasarem,
2429 2652 2692 2709 bruchus
2739 2650 3226 2722 Senacharibum,
3289 2654 3498 2731 rubigo
3539 2656 3740 2714 Nabu-

2084 2741 2583 2812 chodonosorem,
2619 2741 2721 2814 qui
2752 2741 2966 2799 ultimo
3030 2742 3295 2801 Iudaeam
3343 2744 3740 2818 depopulatus

2083 2837 2194 2900 est,
2226 2848 2445 2905 eosque
2477 2830 2580 2905 qui
2608 2837 2861 2889 mortem
2917 2840 3225 2889 evaserant
3276 2833 3340 2890 in
3392 2836 3737 2893 servitutem

2083 2920 2299 2993 abegit,
2335 2921 2489 2977 sicut
2517 2920 2794 2976 diximus.
2829 2920 3098 2995 Persaape
3130 2920 3332 2995 igitur,
3365 2928 3430 2979 ut
3485 2941 3737 2999 magnus

2085 3008 2168 3064 ait
2197 3008 2474 3081 Cyrillus,
2516 3006 2717 3065 Iudaea
2771 3009 2844 3064 ab
2901 3008 3172 3066 hostibus
3222 3016 3313 3066 est
3368 3020 3614 3082 vastata,
3660 3014 3733 3070 ab

2082 3099 2359 3172 Assyriis,
2393 3098 2468 3155 ab
2496 3098 2773 3173 Egyptis,
2808 3098 2961 3157 4‘28
2991 3116 3028 3156 a
3056 3098 3237 3173 Syris,
3260 3117 3296 3156 a
3336 3101 3629 3173 Moabitis,
3661 3104 3733 3159 ab

2083 3187 2382 3260 Idumaeis,
2404 3205 2440 3245 a
2464 3188 2770 3256 Philistiis,
2803 3187 2904 3260 qui
2928 3193 3067 3245 sunt
3095 3188 3640 3248 Palesstini.Verum
3663 3210 3732 3249 ea

326 3298 487 3333 σαντα
531 3277 625 3333 καὶ
682 3276 810 3341 τοὺς
846 3278 939 3334 τὸν
1003 3278 1231 3344 θάνατον
1282 3275 1636 3356 διαφυγόντας
1674 3276 1971 3353 αἰχμαλω-

2088 3277 2370 3335 mediocri
2394 3283 2672 3351 percepto
2696 3276 2934 3347 damno,
2958 3281 3157 3333 etnon
3178 3279 3408 3351 magnis
3428 3278 3728 3337 interdum

319 3367 562 3438 τίσαντα,
593 3368 778 3433 καθὼς
814 3369 1052 3444 ε’ἰρηται.
1122 3368 1447 3434 Πλειστάκις
1502 3370 1597 3444 μὲν
1655 3369 1747 3423 οὖν
1806 3365 1973 3423 πάλιν

327 3452 672 3531 συμϐέϐηκεν
704 3457 911 3515 ἁλῶναι
938 3460 1041 3529 τήν
1093 3456 1385 3530 Ἰουδαίαν,
1443 3454 1520 3523 ὥς
1572 3480 1705 3538 φησι
1744 3457 1910 3515 πάλιν
1944 3457 1973 3512 ὁ

323 3545 499 3622 μέγας
531 3545 828 3621 Κύριλλος,
863 3548 971 3605 ὑπό
998 3569 1059 3604 τε
1106 3548 1425 3625 Ἀσσυρίων,
1481 3548 1571 3605 καὶ
1630 3545 1972 3625 Αἰγυπτίων,

320 3633 517 3709 Σύρων
553 3656 615 3693 τε
665 3635 756 3692 καὶ
808 3631 1135 3707 Μωαϐιτῶν,
1191 3635 1517 3713 Ἰδουμαίων
1576 3635 1667 3693 καὶ
1725 3640 1835 3693 τῶν
1889 3633 1975 3691 λε-

2084 3369 2295 3427 allecta
2323 3367 2786 3437 calamitatibus,
2829 3384 3068 3426 rursum
3124 3366 3377 3425 liberata
3427 3370 3557 3439 fuit,
3610 3372 3729 3427 Deo

2088 3463 2317 3515 tantum
2360 3458 2685 3531 castigante
2739 3475 2808 3515 ac
2855 3474 3096 3515 rursum
3153 3462 3384 3514 tutante
3424 3458 3731 3533 papulum.

2085 3547 2250 3603 Nunc
2280 3552 2500 3617 autem,
2550 3551 2866 3621 postquam
2914 3546 3179 3604 Christus
3222 3547 3335 3604 fuit
3393 3550 3732 3621 cruciﬁxus,

2082 3634 2356 3691 funditus
2384 3651 2454 3690 ea
2482 3635 2730 3694 interiit.

318 3725 572 3800 γομᾶνων
631 3725 984 3800 Φυλιστιεὶμ,
1040 3724 1285 3783 τουτὲστι
1352 3725 1766 3798 Παλαιστηνῶνο
1817 3722 1945 3781 ἀλλ’
2007 3721 2176 3799 ὀλίγα
2234 3722 2503 3779 παθοῦσαν
2558 3721 2649 3777 καὶ
2701 3718 3035 3798 συμμέτροις
3092 3718 3199 3779 ἔσθ’
3258 3725 3348 3781 ὅτε
3404 3730 3730 3801 περιπεσοῦ-

318 3833 415 3869 σαν
486 3820 798 3894 συμφοραῖς
857 3815 1024 3871 πάλιν
1083 3815 1305 3888 ἀνῆκεν,
1362 3813 1735 3891 ἄπαμύναντος
1790 3816 1923 3870 Θεοῦ
1972 3816 2070 3869 τοῦ
2127 3810 2218 3869 καὶ
2274 3807 2684 3875 παιδεύσαντος.
2761 3809 3055 3870 ’Δπόλωλε
3112 3808 3169 3867 δὲ
3233 3816 3326 3867 νῦν
3409 3811 3732 3891 ὁλοσχερῶς

318 3903 457 3976 μετὰ
482 3905 586 3973 τήν
618 3906 716 3960 τοῦ
747 3910 946 3978 Κυρισυ
976 3905 1303 3980 σταύρωσιν.

391 3991 598 4070 Ὠσπερ
661 3992 844 4049 τοίνυν
902 3996 939 4064 ἠ
1002 3994 1098 4069 μὶν
1154 3999 1261 4051 τῶν
1346 3994 1651 4071 ’Δσσυρίων
1726 3991 1982 4070 βασιλείά

318 4080 602 4154 κατελύθη
666 4084 772 4140 ὑπὸ
830 4080 1225 4155 Βαϐυλῶνίων,
1258 4086 1293 4157 ἡ
1354 4081 1413 4139 δὲ
1455 4079 1822 4143 Βαϐυλῶνίων
1876 4083 1981 4139 ὑπὸ

322 4174 635 4247 Περσῶν,ὴ
667 4170 726 4229 δὶ
783 4177 1004 4248 Περσῶν
1062 4173 1167 4230 ὑπὸ
1224 4170 1573 4245 Μακεδόνων,
1604 4174 1640 4244 ὴ
1683 4169 1741 4229 δὲ
1798 4174 1981 4231 Μακε-

325 4258 507 4318 δόνων
563 4262 669 4318 ὑπὸ
720 4263 1035 4336 Ῥωμαίων,
1094 4262 1268 4326 οὕτως
1297 4264 1333 4333 ἠ
1360 4267 1470 4319 τῶν
1526 4259 1819 4335 Ῥωμαίων
1878 4262 1982 4321 ὑπὸ

317 4355 422 4406 τοῦ
452 4349 842 4427 Ἀντιχρίστου
887 4350 1318 4424 καταλυθήσεται
1370 4351 1461 4409 καὶ
1490 4354 1526 4421 ἡ
1557 4355 1654 4407 τοῦ
1700 4349 1981 4431 Ἀντιχρί-

326 4460 463 4496 στου
494 4440 601 4496 ὑπὸ
641 4445 889 4517 Χριστοῦ
929 4437 1373 4520 διαφθαρήσεται.
1424 4441 1524 4497 Διά
1583 4440 1679 4514 μὲν
1734 4439 1827 4497 οῦν
1874 4443 1981 4497 τῶν

318 4531 606 4606 τεσσάρων
650 4529 868 4605 ἀνεμων
932 4532 1027 4594 τὰς
1090 4527 1331 4606 μεγάλας
1384 4531 1642 4606 τίσσαρας
1703 4527 1984 4605 βασιλείας

320 4620 351 4674 ὁ
416 4640 591 4698 μεγας
653 4619 896 4677 διδάσκει
980 4619 1280 4698 Ζαχαρίας,
1357 4621 1456 4690 τήν
1505 4615 1820 4691 Χαλδαίων,
1883 4620 1985 4690 τήν

2161 3989 2675 4058 Quemadmodum
2703 4006 2838 4064 ergo
2870 3990 3247 4063 Assyriorum
3276 4008 3524 4066 regnum
3557 4009 3592 4048 a
3620 3992 3735 4048 Ba-

2089 4081 2387 4155 bylonico,
2437 4081 2550 4137 hoc
2598 4098 2634 4139 a
2688 4081 2948 4147 Persico,
3009 4078 3187 4155 idque
3245 4098 3280 4137 a
3335 4081 3737 4149 Macedonico,

2090 4186 2448 4244 rursumque
2492 4170 2605 4227 hac
2657 4188 2693 4227 a
2750 4173 3015 4227 Romano
3065 4176 3156 4228 est
3204 4170 3490 4240 deletum,
3540 4172 3623 4227 ita
3679 4178 3739 4228 et

2093 4262 2425 4317 Romanum
2453 4257 2775 4331 imperium
2812 4257 2886 4315 ab
2916 4257 3280 4315 Antichristo
3330 4263 3644 4329 evertetur,
3679 4265 3740 4316 et

2093 4349 2441 4407 Antichristi
2474 4365 2510 4404 a
2533 4348 2785 4405 Christo.
2818 4347 3071 4406 Proinde
3103 4366 3210 4423 per
3238 4355 3494 4421 quatuor
3534 4354 3738 4407 ventos

2092 4441 2405 4500 Zacharias
2434 4445 2690 4513 quatuor
2717 4457 2932 4515 magna
2962 4459 3143 4516 regna
3188 4441 3517 4516 designavit
3562 4442 3739 4501 Chal-

2094 4530 2352 4602 daicum,
2372 4529 3150 4600 Persicum,Macedonicum
3173 4536 3233 4587 et
3250 4534 3735 4590 Romanum.Duo

2095 4624 2327 4677 montes
2357 4617 2508 4675 duas
2534 4618 2697 4675 orbis
2722 4623 3020 4677 terrarum
3070 4626 3272 4694 partes
3311 4621 3580 4679 indicant
3611 4639 3625 4677 ε
3686 4622 3737 4677 is

322 4714 569 4785 Περσῶν,
609 4711 698 4765 καὶ
727 4711 829 4781 τὴν
856 4708 1205 4781 Μακεδόνων,
1253 4710 1345 4767 καὶ
1391 4711 1492 4778 τὴν
1543 4708 1854 4783 Ῥωμαίων.
1905 4709 1977 4765 Τὰ

2097 4709 2255 4767 enim
2286 4707 2348 4764 in
2379 4707 2527 4765 duas
2555 4711 2755 4781 partes
2793 4708 3107 4779 scinditur,
3165 4710 3365 4767 Asiam
3416 4727 3630 4782 nempe
3679 4713 3740 4764 et

318 4760 514 4853 ass;
530 4760 1148 4874 ‘é.;“.."éi.:.:.7,;;;;
1163 4760 1859 4879 ἔτ’ῆξῖιικᾷζίιᾲινῆξᾎζζξινῖ
1901 4760 1977 4854 ξιξ

2089 4760 2415 4869 usus:
2428 4760 2521 4853 ΚΕ
2532 4760 2653 4853 ιιῖιό
2666 4760 2923 4869 έιῖίᾱέιὲ
2932 4760 3077 4870 Ea};
3091 4760 3734 4856 agisags‘izsg

312 4881 418 4940 δύο
449 4887 554 4962 γὰρ
578 4886 858 4961 τέμνεται,
890 4888 969 4952 εἲς
996 4886 1050 4944 ἔε
1081 4889 1268 4947 Ἀσίαν
1300 4886 1391 4945 καὶ
1440 4886 1738 4962 Εὐρώπην.
1787 4885 1892 4945 Καὶ
1922 4886 1976 4943 οἱ

2088 4889 2246 4947 cidia
2271 4891 2501 4957 notant,
2534 4886 2687 4961 nigri
2738 4904 2949 4946 necem
2996 4888 3069 4945 iis
3118 4906 3154 4944 ει
3201 4889 3398 4945 Persis
3445 4892 3506 4944 et
3548 4886 3732 4943 Medis

320 4974 424 5046 μὶν
457 4974 851 5051 πυρῥοίἳπποι
892 4977 958 5035 τὸ
1018 4979 1303 5056 μιαιφόνον
1357 4981 1466 5035 τῶν
1526 4973 1817 5035 Χαλδαίων
1875 4997 1977 5048 ση-

2088 4977 2339 5045 illatam,
2369 4975 2491 5032 albi
2519 4974 2819 5033 illustrem
2849 4976 3236 5035 Macedonum
3284 4976 3536 5050 gloriam
3587 4975 3734 5048 (non

322 5064 635 5136 βαίνουσιν,
696 5067 750 5122 οἰ
803 5063 862 5123 δὶ
931 5065 1155 5141 μέλανες
1210 5067 1304 5124 τὸν
1396 5066 1753 5142 ἐπενεχθέντα
1832 5064 1977 5141 παρά

2088 5066 2246 5125 enim
2271 5064 2465 5122 simile
2487 5063 2601 5121 fuit
2619 5068 2971 5123 caeterorum
2990 5081 3312 5140 regnorum
3340 5065 3401 5121 id
3436 5064 3734 5139 regnum),

321 5156 547 5229 Περσῶν
594 5155 689 5212 καί
748 5153 957 5228 Μήδων
1011 5162 1131 5220 τοῖς
1185 5152 1561 5219 Βαϐυλωνίοις
1622 5154 1868 5228 θάνατον,
1923 5155 1977 5211 οἱ

2088 5153 2362 5228 variegati
2382 5152 2564 5211 robur
2586 5154 2837 5213 Romani
2867 5156 3056 5229 regni.
3086 5155 3377 5221 Quoniam
3401 5170 3536 5211 vero
3582 5153 3734 5211 Medi

319 5239 382 5299 δὲ
440 5242 630 5301 λευκοὶ
688 5246 754 5302 τὸ
814 5246 981 5325 σαφὶς
1029 5252 1131 5316 τῆς
1188 5242 1354 5318 δόξης
1429 5250 1581 5303 τῶν·
1624 5242 1971 5305 Μακεδόνων·

312 5332 381 5388 06
432 5331 537 5409 γὰρ
598 5331 781 5412 ὥσπερ
839 5334 895 5389 αἱ
950 5331 1118 5391 ἄλλαι
1170 5330 1473 5411 βασιλεῖαι,
1526 5333 1623 5391 καὶ
1677 5334 1856 5394 αὗται.
1914 5333 1975 5388 Οἱ

315 5416 378 5476 δὲ
410 5422 579 5498 ψαροὶ
619 5423 710 5479 καὶ
768 5420 1015 5479 ποικίλοι
1071 5422 1135 5479 τὸ
1194 5421 1423 5502 ἰσχυρὸν
1480 5422 1570 5479 καὶ
1619 5414 1836 5479 εὔτονον
1873 5428 1975 5493 τῆς

310 5509 617 5585 Ῥωμαίων
652 5509 932 5590 βασιλείας
963 5508 1250 5583 δηλοῦσιν.
1294 5508 1526 5582 Ἐπειδὴ
1575 5508 1635 5569 δὲ
1678 5530 1975 5588 κατεστρα-

310 5603 553 5656 τεύοντο
582 5600 767 5672 Μῆδοι
796 5602 887 5659 καὶ
918 5600 1116 5677 Πέρσαι
1158 5601 1299 5659 κατᾶ
1345 5595 1734 5675 Βαϐυλωνίων,
1778 5606 1979 5659 τοῦτου

388 5724 443 5762 ⁸⁷
471 5722 617 5785 Joel.
650 5744 693 5800 1,
723 5730 775 5786 4.

2085 5250 2145 5302 et
2168 5246 2361 5301 Persas
2420 5242 2858 5317 expeditionem
2913 5245 2977 5317 in
3032 5242 3386 5317 Babylonios
3443 5245 3733 5314 fecerunt,

2087 5350 2159 5391 ea
2184 5336 2425 5406 propter
2450 5332 2539 5388 ire
2565 5331 2866 5401 dicuntur,
2902 5340 2961 5390 et
3011 5334 3254 5407 quidem
3292 5334 3469 5390 etiam
3500 5334 3736 5407 placare

2086 5422 2187 5477 Dei
2208 5421 2381 5479 iram.
2394 5421 2546 5486 Quia
2563 5422 2726 5479 enim
2749 5418 3057 5496 Babylonii
3077 5424 3364 5498 populum
3378 5424 3480 5480 Dei
3508 5425 3736 5481 duriter

2088 5514 2434 5577 ti‘actarunt,
2458 5508 2592 5567 ideo
2613 5510 2675 5567 in
2714 5528 2927 5569 manus
2955 5515 3087 5588 Cyri
3117 5517 3313 5571 Perszn
3338 5513 3537 5570 traditi
3572 5516 3733 5571 sunt.

2086 5599 2252 5669 Quod
2281 5603 2482 5657 autem
2513 5599 2637 5657 albi
2669 5602 2804 5674 equi
2838 5604 2993 5661 424
3023 5603 3223 5677 nigros
3253 5621 3289 5664 a
3317 5609 3481 5678 tergo
3526 5602 3735 5661 subse-
