4194 6198
416 361 536 424 463

1774 354 2089 417 GEORGII
2132 354 2473 415 CEDltENI

3708 350 3826 411 464

415 500 700 565 quuntur,
725 493 784 546 id
816 489 1075 546 ostendit
1103 487 1454 543 Macedonas
1482 489 1798 543 Persarum
1816 503 2022 559 regnui

2132 522 2146 554 ι
2178 482 2341 562 χάριν
2372 481 2732 559 πορευόμενοι
2761 480 2852 537 καὶ
2884 478 2950 551 δὴ
2982 479 3073 536 καὶ
3100 481 3401 536 ἀναπαῦσαι
3441 476 3696 556 λέγονται
3728 480 3823 535 τόν

413 597 720 636 eversuros
752 579 956 634 fuisse.
1011 581 1084 632 Et
1131 577 1289 648 quod
1337 576 1615 648 variegati
1673 576 1747 631 ad
1796 582 2062 632 austrum

409 669 651 734 vadunt,
686 684 753 722 eo
778 670 1181 723 Romanorum
1208 671 1417 721 contra
1448 666 1853 738 Hierosolyma
1884 682 2059 737 expe-

408 756 553 811 ditio
577 754 966 811 adumbratur
986 771 999 821 ;
1023 753 1097 810 ad
1130 759 1397 811 austrum
1421 754 1578 810 enim
1612 755 1754 810 urbs
1784 755 1897 810 sita
1925 754 2057 809 fuit.

2175 572 2345 644 θυμὸν
2375 572 2599 648 Κυρίου’
2632 568 2820 641 ἐπειδὴ
2852 570 2955 647 γὰρ
2989 568 3221 644 σκληροὶ
3254 569 3503 645 γεγόνασι
3560 569 3697 624 κατὰ
3727 572 3823 624 τοῦ

2169 658 2309 716 λαοῦ
2338 666 2436 716 τοῦ
2482 664 2636 730 Θεοῦ,
2696 657 2787 715 διὰ
2840 664 3001 714 τοῦτο
3060 655 3433 733 παρεδόθησαν
3495 658 3572 721 εἰς
3628 662 3820 733 χεῖρας

2169 750 2347 826 Κύρου
2376 754 2474 805 τοῦ
2506 751 2733 825 Πέρσου.
2770 748 2844 805 Τὸ
2885 746 2944 803 δὲ
2980 748 3073 803 καὶ
3126 745 3257 810 τοῦς
3314 745 3547 810 λευκοὺς
3589 745 3818 816 ἳππους,

407 845 573 910 Quod
606 851 825 900 terram
848 843 1141 917 jubentur
1169 844 1443 910 circuire,
1467 843 1642 899 docet
1661 859 1696 899 a
1716 845 1834 899 Deo
1859 843 2018 898 omni

2165 838 2412 895 τουτέστι
2441 837 2569 902 τοὺς
2623 835 2961 907 Μακεδόναν,
3020 835 3343 900 κατόπισθεν
3392 838 3502 891 τῶν
3566 833 3818 909 μελάνων

404 950 588 1007 regna
618 933 923 989 constitui.

2167 926 2489 1003 πορεύεσθαι
2521 927 2773 1000 σημαίνει
2807 926 2881 987 ὡς
2928 925 3021 981 καὶ
3076 926 3129 981 οἱ
3178 921 3486 987 Μακεδόνες
3532 925 3633 994 τήν
3682 929 3821 1001 Περ-

400 1026 508 1076 σῶν
542 1018 819 1097 βασιλείαν
850 1020 1233 1096 χειρώσονται.
1262 1021 1335 1078 Τὸ
1366 1018 1425 1076 δε
1450 1019 1577 1084 τοὺς
1620 1019 1826 1097 ψαροῦς
1870 1020 1958 1076 ἐπὶ
2005 1019 2159 1076 νότον
2219 1012 2471 1094 ἔρχεσθαι
2531 1014 2700 1087 δηλοῖ
2750 1016 2826 1080 ὡς
2870 1010 3107 1089 ἔμελλον
3171 1016 3443 1088 Ῥωμαῖοι
3504 1014 3813 1091 στρατεύειν

398 1108 535 1163 κατὰ
587 1111 686 1178 τῆς
740 1108 1125 1184 Ἰερουσαλήμ·
1185 1107 1236 1163 ἐν
1296 1108 1400 1187 γάρ
1452 1112 1532 1181 τῷ
1588 1110 1733 1181 νότῳ
1789 1114 1963 1164 κεῖται
2018 1110 2053 1178 ἡ
2113 1104 2299 1168 πόλις
2375 1107 2437 1160 τὸ
2502 1102 2560 1160 δὲ
2644 1101 3087 1179 προσταχθέντας
3167 1102 3365 1166 αὐτοὺς
3453 1098 3806 1177 περιοδεῦσαι

402 1199 501 1267 τήν
532 1205 634 1272 γῆν
668 1195 908 1253 διδάσκει
939 1197 1104 1253 πάλιν
1135 1198 1210 1260 ὡς
1242 1195 1330 1252 διὰ
1357 1202 1456 1252 τοῦ
1486 1202 1621 1253 Θεοῦ
1650 1203 1796 1253 πᾶσα
1826 1196 2079 1273 βασιλεία
2110 1194 2442 1251 συνίσταται.

327 1362 331 1365 ν
470 1288 556 1343 Ab
586 1289 812 1344 Adamo
872 1306 1061 1361 usque
1120 1289 1195 1344 ad
1248 1294 1581 1344 extremum
1627 1289 2047 1361 Hierosolymae

403 1374 698 1433 excidium
733 1383 1130 1450 supputantur
1159 1394 1455 1434 annorum
1485 1378 1749 1449 quinque
1772 1378 1964 1433 millia
1991 1382 2049 1433 et

401 1466 641 1523 ducenti
671 1467 979 1540 sexaginta
1007 1466 1147 1532 duo,
1180 1483 1215 1522 a
1242 1467 1434 1539 prima
1464 1466 1671 1538 templi
1711 1465 2047 1522 Solomonis

400 1562 460 1613 et
483 1555 651 1611 urbis
682 1556 1076 1612 aediﬁcatione
1110 1557 1251 1611 anni
1286 1557 1444 1625 1088,
1495 1556 1567 1611 ab
1611 1556 2047 1612 instauratione

397 1647 501 1701 596
532 1645 696 1711 anni,
730 1646 802 1701 ab
834 1646 1275 1719 oppugnatione
1304 1646 1580 1701 Antiochi
1609 1647 1732 1713 248,
1766 1662 1800 1701 a
1829 1645 2043 1700 Christi

396 1736 458 1790 in
488 1736 701 1792 caelum
743 1753 995 1793 ascensu
1037 1752 1228 1807 usque
1277 1735 1352 1791 ad
1383 1734 1678 1791 excidium
1721 1734 1888 1791 urbis
1934 1735 2042 1791 sub

395 1825 522 1880 Tito
553 1826 691 1881 anni
723 1828 815 1881 42.

465 1916 659 1971 Tertio
692 1932 846 1971 anno
879 1915 989 1970 Titi
1021 1916 1360 1987 Vespasiani
1403 1915 1532 1984 ﬁlii,
1586 1914 1831 1970 Besbius
1868 1930 2042 1969 mons

395 2004 455 2059 in
482 2021 698 2060 occasu
728 2022 762 2061 a
791 2005 1009 2061 vertice
1067 2022 1300 2060 summo
1346 2010 1558 2077 ruptus
1606 2010 1839 2060 tantum
1888 2003 2042 2076 ignis

392 2092 632 2164 efﬂavit,
692 2099 759 2150 ut
838 2111 905 2149 eo
973 2093 1134 2165 regio
1193 2094 1489 2164 urbesque
1550 2092 2042 2165 circumjacentes

386 2182 651 2238 incensas
680 2182 922 2238 fuerint.
956 2182 1123 2248 Quod
1154 2199 1289 2238 cum
1322 2182 1611 2238 vidissent
1632 2182 1837 2250 Graeci,
1872 2182 2044 2237 vehe-

385 2279 619 2329 menter
645 2271 945 2341 admirati,
991 2271 1280 2342 quosdam
1313 2271 1783 2326 Christianorum
1816 2271 2041 2342 prima—

385 2361 507 2417 rios
527 2361 971 2435 interrogamnt
1009 2376 1270 2431 quonam
1287 2360 1463 2416 modo
1495 2365 1673 2431 atque
1704 2359 1863 2415 unde
1884 2359 2039 2430 ignis

388 2467 457 2505 ex
488 2451 897 2522 penetralibus
930 2456 1102 2506 terrm
1136 2450 1450 2522 erupisset.
1484 2449 1551 2504 Hi
1601 2448 2040 2520 responderunt

387 2555 525 2594 eum
542 2539 1057 2595 admonendorum
1088 2539 1516 2611 resipiscentiaa
1549 2555 1723 2594 causa
1764 2544 2039 2610 peccato-

384 2644 517 2682 rum
542 2627 766 2683 editum
789 2628 972 2683 fuisse
992 2645 1062 2682 ex
1079 2629 1508 2700 gehenna,quae
1530 2627 1765 2683 diabolo
1785 2627 2034 2699 ejusque

385 2714 613 2787 angelis
630 2722 688 2770 et
718 2716 996 2770 omnibus
1025 2715 1441 2787 peccatoribus
1468 2720 1675 2786 parata
1707 2720 1816 2770 est.
1848 2714 2033 2786 quue

382 2803 767 2857 manifestum
789 2818 917 2857 esse
948 2802 1125 2858 etiam
1147 2820 1218 2858 ex
1238 2802 1331 2858 his
1348 2820 1480 2874 quas
1500 2803 1752 2858 celebris
1767 2803 2030 2875 ipsorum

379 2889 585 2946 doctor
614 2890 779 2946 Plato
811 2892 872 2945 in
902 2892 1174 2947 Phaadone
1212 2892 1284 2948 de
1341 2892 1677 2948 animarum
1722 2892 2031 2948 ordinibus

377 2984 554 3052 atque
581 2984 737 3036 statu
769 2986 995 3050 narrat,
1025 2981 1311 3037 nimirum
1362 2998 1462 3037 eos
1510 2982 1611 3053 qui
1635 2982 1639 2988 '
1660 2981 1813 3037 male
1852 2982 2032 3037 vixis-

379 3073 530 3136 sent,
561 3069 624 3125 in
646 3070 858 3142 Cocyto
882 3071 1076 3143 igneo,
1110 3069 1534 3143 Phlegethonte
1557 3075 1617 3125 et
1634 3071 1873 3126 Tartaro
1897 3087 2032 3142 sup-

374 3157 571 3229 pliciis
599 3158 750 3216 425
787 3159 964 3229 afﬁci,
998 3174 1130 3229 quas
1163 3158 1283 3214 sint
1332 3159 1397 3213 in
1444 3158 1772 3215 visceribus
1823 3163 2018 3215 terras.

368 3248 561 3318 Atque
590 3247 717 3303 hanc
750 3247 995 3318 quidem
1041 3247 1141 3303 isti
1204 3252 1345 3302 tunc
1387 3246 1601 3302 Graecis
1650 3247 1738 3303 rei
1778 3263 2018 3304 causam

366 3334 812 3390 sciscitantibus
844 3333 1300 3407 responderunt.
1336 3336 1549 3391 Beatus
1580 3340 1780 3391 autem
1827 3336 2022 3392 Patri-

371 3425 498 3479 cius
556 3424 759 3479 Prusaa
818 3424 1133 3496 episcopus
1190 3430 1249 3481 et
1305 3430 1547 3496 martyr,
1596 3425 2018 3497 aproconsule

359 3512 567 3583 judice
598 3528 796 3568 coram
819 3514 1096 3569 universo
1119 3513 1336 3586 populo
1356 3530 1596 3570 causam
1624 3514 2016 3585 thermarum,

370 3601 431 3656 id
489 3606 598 3668 est,
669 3618 959 3673 aquarum
1017 3620 1148 3674 qum
1188 3620 1296 3659 sua
1352 3609 1562 3676 sponte
1604 3603 1810 3660 calidas
1860 3609 2019 3660 terra

370 3696 716 3763 erumpunt,
748 3692 1144 3766 interrogatus
1174 3693 1257 3749 ita
1293 3692 1640 3765 respondit:
1686 3694 1831 3750 Cum
1861 3694 2017 3750 Deus

368 3779 566 3853 ignem
590 3787 648 3837 et
676 3797 894 3853 aquam
927 3798 999 3837 ex
1028 3781 1217 3837 nihilo
1239 3782 1626 3849 condidisset,
1655 3783 1815 3839 verbi
1845 3783 1933 3839 sui
1962 3783 2014 3838 vi

365 3886 437 3925 ex
468 3869 601 3942 igne
633 3869 852 3940 lucem,
886 3870 1074 3927 solem
1104 3876 1163 3928 et
1190 3871 1454 3942 reliquas
1477 3872 1679 3927 stellas
1706 3870 1866 3939 fecit,
1883 3872 2015 3944 jus-

365 3956 559 4029 sitque
591 3975 660 4014 ea
689 3959 805 4015 diei
833 3960 1114 4031 noctique
1166 3959 1373 4015 lumen
1426 3959 1711 4032 praebere.
1763 3962 2015 4016 Tantum

362 4047 582 4118 quippe
614 4046 667 4101 ei
700 4050 790 4101 est
818 4047 1128 4118 potestatis
1158 4052 1446 4118 quantum
1464 4047 1802 4121 voluntatis.
1832 4050 2012 4104 Porro

360 4150 431 4189 ex
462 4151 619 4207 aqua
674 4134 1117 4190 ﬁrmamentum
1163 4136 1294 4191 cmli
1334 4137 1630 4210 compegit
1672 4143 2012 4210 terramque

359 4238 539 4294 supra
567 4238 753 4295 aquas
785 4223 1030 4289 statuit;
1067 4224 1379 4295 effecitque
1410 4225 1473 4280 in
1504 4225 1596 4281 his
1645 4226 1848 4282 omnia
1876 4226 2009 4283 effl-

358 4313 604 4369 cacitate
634 4312 818 4371 futuri
878 4312 1245 4383 providente,
1304 4318 1369 4368 ut
1420 4313 1622 4380 homo,
1668 4332 1845 4386 quem
1886 4321 2011 4373 erat

355 4398 740 4468 formaturus,
772 4399 942 4455 nulla
1000 4400 1123 4455 suis
1178 4401 1637 4458 necessitatibus
1682 4404 2008 4477 usibusque

360 4488 673 4544 commoda
702 4505 763 4543 re
785 4488 1228 4546 destitueretur.
1262 4492 1517 4547 Rursum
1548 4492 1610 4546 in
1632 4492 1725 4549 his
1743 4493 1860 4550 duo
1886 4494 2011 4550 loca

353 4577 622 4633 condidit
636 4578 1281 4650 sempiterna,quorum
1297 4579 1552 4635 alterum
1564 4579 1697 4636 luce
1712 4581 2007 4639 illustrem

349 4666 608 4723 inﬁnitis
637 4667 812 4723 bonis
841 4667 1108 4740 replevit,
1143 4668 1398 4725 alterum
1428 4669 1692 4725 tenebris
1740 4670 1999 4727 obsitum

348 4757 557 4812 aeterni
596 4756 750 4829 ignis
791 4756 1101 4830 suppliciis
1131 4756 1470 4824 destinavit,
1511 4761 1578 4812 ut
1621 4758 1723 4829 qui
1767 4759 1821 4814 ei
1870 4776 1998 4816 sese

346 4845 705 4918 probassent
742 4862 938 4917 neque
975 4863 1011 4902 a
1038 4846 1272 4902 diabolo
1313 4861 1376 4901 se
1423 4845 1488 4900 in
1534 4845 1808 4903 fraudem
1852 4849 1997 4906 illici

345 4934 644 5004 sivissent,
678 4934 719 4989 ii
773 4935 910 4990 vitas
958 4934 1221 4989 restituti
1270 4934 1453 5005 inque
1510 4933 1707 4990 locum
1752 4936 1903 4993 lucis
1940 4944 2001 4994 et

342 5022 637 5080 bonorum
689 5025 975 5079 refertum
1032 5023 1258 5094 recepti
1311 5027 1600 5078 asternum
1672 5039 1808 5079 cum
1866 5026 1995 5098 ipso

340 5119 632 5186 regnent;
659 5112 760 5185 qui
784 5127 919 5167 vero
944 5111 1141 5183 ipsum
1162 5110 1501 5166 irritassent
1520 5098 1823 5168 communi
1838 5114 1996 5173 hosti

343 5202 634 5271 obsecuti,
690 5218 825 5257 cum
881 5201 995 5255 hoc
1039 5201 1101 5255 in
1159 5199 1530 5256 tenebricoso
1588 5201 1701 5257 isto
1758 5219 1994 5262 carcere

342 5289 487 5344 sine'
512 5291 631 5345 ﬁne
664 5289 960 5362 supplicia
989 5288 1223 5345 luentes
1253 5288 1505 5363 plorent.
1550 5290 1808 5350 Proinde
1856 5312 1992 5353 cum

339 5392 557 5447 aquam
588 5379 661 5435 ab
690 5380 845 5451 igne,
879 5378 1034 5434 sicut
1065 5384 1123 5434 et
1154 5380 1427 5435 tenebras
1453 5395 1488 5435 a
1511 5378 1991 5456 luce,divisisset,

337 5483 406 5523 ea
436 5484 544 5539 per
572 5486 812 5525 omnem
839 5486 1007 5526 suam
1039 5475 1376 5526 creaturam
1422 5471 1672 5528 minutis
1724 5476 1992 5546 partibus

333 5554 661 5612 distribuit.
719 5557 923 5629 Itaque
978 5564 1041 5613 et
1096 5572 1253 5629 aqua
1309 5574 1489 5631 supra
1547 5561 1991 5621 ﬁrmamentum

333 5643 492 5700 426
526 5650 614 5701 est
651 5643 874 5711 aether;
907 5651 966 5701 et
997 5651 1089 5702 est
1117 5647 1270 5719 ignis
1298 5652 1475 5719 atque
1505 5665 1661 5720 aqua
1689 5651 1847 5709 intra
1872 5658 1989 5709 ter-

2230 1284 2471 1339 Γίνονται
2506 1284 2596 1339 οῦν
2623 1283 2729 1338 ἀπὸ
2766 1286 2863 1338 τοῦ
2895 1279 3079 1355 Ἀδὰμ
3104 1278 3211 1344 ἓως
3237 1288 3336 1351 τῆς
3367 1280 3607 1356 ἐσχάτης
3658 1281 3814 1337 ἀλώ-

2157 1392 2293 1435 σεως
2323 1372 2691 1449 Ἰερουσαλὴμ
2719 1369 2812 1443 ἔτη
2846 1373 3027 1446 ,εσξβ’,
3059 1372 3165 1427 ἀπὸ
3200 1368 3258 1426 δὲ
3296 1378 3399 1441 τῆς
3437 1372 3668 1446 πρώτης
3718 1372 3811 1426 οἱ-

2152 1461 2404 1536 κοδομῆς
2427 1468 2523 1518 τοῦ
2558 1462 2981 1535 Σολομωντείςυ
3012 1465 3143 1517 ναοῦ
3175 1459 3265 1516 καὶ
3294 1467 3395 1530 τῆς
3445 1459 3664 1524 πόλεως
3710 1455 3807 1533 ἔτη

2155 1555 2320 1625 ἀπη“,
2354 1554 2458 1609 ἀπὸ
2490 1551 2549 1609 δὲ
2577 1560 2678 1624 τῆς
2706 1550 2956 1629 δευτέρας
2988 1550 3291 1626 οἰκοδομῆς
3322 1546 3416 1623 ἔτη
3450 1552 3598 1630 φιβ’,
3621 1552 3728 1608 ἀπὸ
3749 1550 3812 1607 δὲ

2150 1649 2250 1712 τῆς
2280 1643 2417 1698 κατά
2449 1643 2741 1720 Ἀντίοχον
2771 1640 3106 1719 πολιορκίας
3137 1643 3287 1714 opif,
3323 1641 3429 1695 ἀπὸ
3457 1638 3515 1696 δὲ
3540 1648 3640 1710 τῆς
3672 1641 3809 1697 ἀνα-

2153 1729 2379 1806 λήψεως
2406 1734 2641 1807 Χριστοῦ
2667 1731 2773 1794 ἓως
2804 1739 2905 1802 τῆς
2939 1731 3043 1787 ὑπὸ
3071 1730 3230 1786 Τίτου
3263 1729 3528 1793 ἁλώσεως
3558 1728 3652 1801 ἔτη
3688 1732 3803 1807 μβ’.

2223 1913 2305 1984 [Ρ.
2335 1912 2465 1984 242]
2496 1914 2593 1985 Τῷ
2621 1910 2790 1987 τρίτῳ
2819 1909 2925 1965 ἔτει
2982 1916 3084 1980 τῆς
3131 1907 3414 1985 βασιλείας
3466 1907 3631 1966 Τίτοὺ
3678 1911 3800 1964 υἱοῦ

2147 2000 2550 2057 Οὐεσπασιανοῦ
2607 2000 2671 2057 τὸ
2729 1996 2959 2058 Βέσϐιον
3018 2000 3149 2075 δρος
3202 1998 3256 2054 ὲν
3332 2003 3402 2074 τῇ
3461 1996 3609 2055 δύσει
3660 2001 3803 2055 κατά

2144 2096 2392 2169 καρυφῆς
2450 2089 2608 2165 ῥαγὲν
2664 2088 2955 2167 ἐξεφύσησε
3014 2091 3122 2162 πῦρ
3194 2090 3452 2143 τοσοῦτον
3508 2087 3584 2148 ὡς
3637 2108 3802 2143 κατα-

2147 2177 2336 2254 φλέξαι
2392 2179 2493 2246 τήν
2552 2176 2954 2252 παρακειμένην
3011 2176 3201 2252 χώραν
3278 2175 3368 2231 καὶ
3425 2177 3521 2237 τὰς
3580 2175 3798 2240 πόλεις.

2143 2270 2314 2343 Ὅπερ
2378 2267 2702 2342 θεασάμενοι
2762 2267 2817 2321 οἱ
2869 2263 3166 2337 Ἕλληνες,
3225 2265 3319 2320 καὶ
3400 2263 3606 2342 σφόδρα
3658 2268 3798 2322 κατὰ

2142 2356 2459 2432 πλαγέντες,
2491 2357 2726 2433 ἠρώτων
2782 2357 2929 2418 τινάς
2989 2359 3098 2410 τῶν
3155 2352 3474 2430 ἐλλογίμων
3534 2355 3798 2429 Χριστια-

2141 2452 2251 2502 νῶν
2280 2450 2398 2509 πῶς
2429 2445 2520 2501 καὶ
2577 2446 2737 2501 πόθεν
2791 2444 2985 2516 ἐξῆλθε
3020 2445 3083 2500 τὸ
3139 2448 3247 2519 πῦρ
3304 2443 3362 2499 ἐκ
3416 2448 3526 2500 τῶν
3588 2466 3799 2524 μυχαι-

2142 2537 2319 2592 τάτων
2350 2540 2451 2603 τῆς
2479 2543 2603 2613 γῆς.
2632 2537 2701 2593 O't
2740 2533 2798 2590 δέ
2843 2555 3021 2617 φασιν·
3075 2535 3173 2591 Ἐκ
3213 2540 3314 2604 τῆς
3371 2532 3789 2608 ἡτοίμασμὲνης

2139 2630 2218 2698 τῷ
2248 2621 2495 2700 διαϐόλῳ
2523 2626 2763 2689 καὶτοῖς
2814 2621 3073 2703 ἀγγέλοις
3124 2623 3313 2694 αὐτοῦ,
3360 2623 3450 2678 καὶ
3496 2629 3627 2678 πᾶσι
3670 2629 3792 2685 τοῖς

2142 2714 2495 2793 ἁμαρτωλοῖς
2549 2715 2640 2772 καὶ
2697 2710 2938 2771 ἀσεϐέσιν
3024 2714 3353 2787 ἀνθρώποις,
3432 2714 3652 2790 γεέννης
3707 2714 3797 2769 ἀν-

2140 2801 2301 2874 εδόθη
2335 2805 2472 2876 πρὸς
2507 2804 2886 2882 σωφρονισμὸν
2944 2803 3037 2858 καὶ
3092 2802 3386 2877 ἐπίγνωσιν
3436 2805 3545 2857 τῶν
3604 2803 3789 2877 ἁμαρ-

2135 2894 2422 2950 τανόντων.
2475 2893 2581 2949 Καὶ
2617 2891 2792 2963 δῆλον
2834 2892 2882 2963 ἐξ
2933 2893 3008 2947 ὧν
3057 2892 3149 2947 καὶ
3195 2892 3224 2947 ὁ
3254 2886 3586 2966 περιϐόητος
3629 2891 3784 2965 ὑμῶν

2136 2978 2465 3044 διδάσκαλος
2494 2980 2724 3037 Πλάτων
2754 2976 2881 3053 ἔφη,
2938 2979 3353 3057 διεξερχόμενος
3410 2980 3463 3035 ὲν
3511 2984 3593 3053 τῷ
3646 2980 3786 3036 Φαί-

2136 3068 2265 3126 δωνι
2294 3071 2418 3147 περὶ
2447 3076 2558 3127 τῶν
2589 3069 2800 3142 λήξεων
2829 3071 2920 3127 καὶ
2951 3067 3400 3144 ἀποπληρώσεων
3426 3070 3536 3125 τῶν
3557 3072 3780 3144 ψυχῶν,

2133 3158 2218 3215 ὅτι
2248 3160 2301 3215 οἱ
2330 3164 2510 3223 κακῶς
2545 3155 2873 3236 βεϐιωκότες
2925 3157 3250 3229 κολάζονται
3298 3156 3351 3213 ἐν
3397 3162 3477 3230 τῷ
3534 3159 3784 3230 Κωκυτῷ

2130 3253 2220 3308 καὶ
2277 3251 2329 3307 ἐν
2387 3257 2468 3325 τῷ
2524 3251 2985 3332 Πυριφλεγέθοντι
3059 3251 3151 3307 καὶ
3230 3249 3282 3305 ἐν
3360 3254 3440 3323 τῷ
3493 3250 3780 3325 Ταρτάρῳ,

2131 3340 2286 3396 ἅτινά
2342 3341 2447 3397 εἶσι
2497 3340 2551 3397 ἐν
2606 3341 2688 3415 τῷ
2754 3343 2906 3416 βάθει
2952 3347 3053 3411 τῆς
3105 3346 3229 3415 γῆς.
3300 3339 3398 3394 Καὶ
3455 3342 3624 3394 ταῦτα
3677 3341 3779 3413 μὲν

2130 3430 2327 3485 ἐκεῖνοι
2356 3431 2495 3507 πρὸς
2533 3431 2660 3493 τοὺς
2710 3433 2828 3487 κατ’
2880 3429 3057 3486 ἐκεῖνο
3128 3431 3327 3504 καιροῦ
3385 3425 3783 3502 διαποροῦντας

2128 3517 2429 3590 Ἕλληνας.
2481 3520 2543 3577 Ὀ
2593 3517 2651 3575 δὲ
2700 3525 2843 3584 θεῖος
2899 3517 3195 3595 Ιῐατρίκοις
3238 3517 3330 3572 καὶ
3369 3523 3472 3587 τῆς
3529 3516 3783 3591 Προύσης

2130 3606 2425 3670 ἐπίσκοπος
2470 3609 2563 3665 καὶ
2625 3608 2831 3685 μάρτυς
2887 3609 3021 3685 πρὸς
3080 3608 3171 3662 τὸν
3223 3604 3480 3677 δικαστὴν
3534 3605 3781 3671 ἀνθύπα-

2125 3717 2239 3768 τον,
2279 3696 2573 3773 ἐρωτηθεῖς
2597 3696 2686 3753 ἐπὶ
2719 3695 2861 3753 λαοῦ
2911 3698 2997 3753 καὶ
3045 3694 3231 3771 δήμου
3279 3695 3399 3772 περὶ
3452 3698 3559 3751 τῶν
3610 3694 3770 3750 αὐτοι

2127 3790 2274 3865 φυῶν
2326 3787 2490 3842 πόθεν
2538 3787 2838 3862 ἐξέρχεται,
2889 3786 3062 3849 οὕτως
3118 3784 3410 3859 ἀπεκρίθη·
3468 3785 3532 3841 Ὀ
3582 3783 3771 3847 κτίσας

2126 3875 2257 3940 Θεὸς
2288 3880 2395 3951 πῦρ
2426 3874 2515 3931 καὶ
2574 3872 2722 3951 ὓδωρ
2781 3874 2832 3948 ἐξ
2890 3874 2991 3930 οὐκ
3058 3870 3226 3931 ὄντων
3286 3874 3512 3946 οὐσιῶν,
3570 3874 3661 3927 καὶ
3714 3872 3777 3929 ἐκ

2128 3965 2223 4038 μὲν
2253 3967 2351 4019 τοῦ
2382 3963 2553 4040 πυρὸς
2583 3967 2700 4037 φῶς
2723 3963 2815 4020 καί
2847 3963 3009 4033 ἣλιον
3041 3962 3132 4018 καὶ
3162 3964 3292 4025 τοὺς
3325 3960 3557 4022 λοιποὺς
3612 3960 3771 4017 ἀστέ-

2124 4072 2220 4128 ρας
2278 4054 2678 4114 κατασκευάσας
2739 4053 2915 4130 λόγῳ,
2967 4051 3288 4130 προσέταξεν
3370 4052 3559 4113 αὐτοῖς
3623 4052 3775 4125 ἡμὲν

2124 4161 2218 4217 ραν
2250 4142 2342 4197 καὶ
2372 4141 2537 4198 νύκτα
2567 4139 2880 4222 δᾳδουχεῖψ
2930 4142 3165 4213 τοσαύτη
3217 4141 3322 4219 γὰρ
3369 4140 3536 4195 αὐτοῦ
3591 4142 3627 4210 ἡ
3677 4137 3771 4195 δύο

2119 4251 2283 4304 ναμις
2315 4230 2441 4286 ὅσον
2501 4231 2592 4286 καὶ
2641 4232 2706 4287 τὸ
2745 4229 2981 4305 θέλημα.
3041 4231 3139 4288 Ἐκ
3194 4227 3253 4284 δί
3302 4233 3398 4284 τοῦ
3454 4226 3657 4292 ὕδατος
3704 4229 3769 4283 τὸ

2122 4319 2403 4395 στερέωμα
2456 4324 2554 4376 τοῦ
2612 4320 2847 4397 οὐρανοῦ
2901 4319 3205 4394 συμπήξας.
3272 4318 3361 4373 καὶ
3426 4324 3530 4391 γῆν
3584 4314 3767 4372 ἐπάνω

2116 4413 2226 4464 τῶν
2270 4406 2481 4465 ὑδάτων
2538 4406 2788 4483 ἐδράσας,
2827 4408 3053 4480 ἐποίησε
3107 4409 3175 4463 τὰ
3230 4406 3284 4463 ἐν
3341 4407 3534 4468 αὐτοῖς
3588 4406 3766 4461 πάντα

2039 4542 2085 4606 D
2116 4501 2505 4575 προγνωστικῇ
2576 4497 2840 4577 ἐνεργείᾳ,
2892 4498 2989 4556 ἵνα
3044 4500 3073 4553 ὁ
3134 4497 3353 4571 μέλλων
3410 4496 3539 4571 παρ’
3594 4495 3762 4551 αὐτοῦ

2116 4587 2520 4659 πλασθήσεσθαι
2586 4587 2873 4664 ἄνθρωπος
2951 4586 3184 4662 μηδενὸς
3264 4591 3373 4643 τῶν
3443 4586 3759 4662 ἀναγκαίων

2105 4677 2196 4733 καὶ
2237 4678 2624 4757 συμφερόντων
2686 4677 2764 4744 εἷς
2821 4685 3021 4755 χρῆσιν
3077 4675 3322 4733 ἐνδεῖται.
3385 4677 3475 4734 Ἐν
3521 4677 3602 4738 οῖς
3661 4672 3760 4729 δύο

2104 4766 2309 4828 τόπους
2340 4766 2657 4843 εὐτρεπίσας
2695 4766 2862 4823 πάλιν
2910 4764 3139 4837 ἀϊδίους,
3192 4767 3285 4821 τὸν
3322 4766 3415 4839 μὶν
3471 4764 3612 4842 φωτὶ
3658 4783 3764 4818 κα-

2106 4852 2486 4930 ταλάμπεσθαι
2523 4856 2614 4911 καὶ
2655 4853 2966 4931 ἀπεράντων
3022 4856 3236 4928 ἀγαθῶν
3291 4852 3546 4929 ἔμπλεων
3596 4873 3760 4909 κατε-

2107 4945 2350 5015 σκεύασε,
2379 4946 2473 5001 τὸν
2501 4942 2560 5000 δὲ
2590 4946 2818 5008 σκότους
2846 4946 2939 5001 καὶ
2968 4943 3338 5020 κολαστηρίου
3386 4943 3561 5019 πυρὸς
3614 4944 3761 4998 αἱω-

2104 5031 2225 5088 νίου
2260 5033 2583 5105 πεποίηκεν,
2626 5032 2777 5099 ὅπως
2829 5036 2880 5090 οἱ
2953 5034 3047 5108 μὶν
3107 5032 3556 5109 εὐαρεστήσαντες
3604 5030 3758 5104 αὐτῷ

2101 5122 2196 5176 καὶ
2248 5122 2386 5197 πρὸς
2435 5124 2536 5192 τὴν
2603 5126 2702 5178 τοῦ
2788 5117 3053 5178 διαϐόλου
3115 5122 3192 5196 μὴ
3260 5120 3757 5193 κατολισθησαντες

2102 5210 2316 5281 ἀπάτην
2356 5211 2450 5266 τὸν
2494 5216 2605 5267 τῶν
2641 5212 2949 5291 φωσφόρων
3002 5211 3219 5287 ἀγαθῶν
3281 5210 3414 5285 μετὰ
3471 5211 3571 5279 τήν
3624 5208 3759 5264 ἀνα-

2104 5320 2286 5355 στασιν
2326 5295 2698 5363 ἀπολαϐόντες
2763 5301 2932 5357 τόπον
2988 5299 3228 5363 αίωνίως
3285 5299 3433 5373 αὐτῷ
3481 5292 3755 5372 συμϐασι-

2103 5386 2394 5457 λεύσωσιν,
2428 5390 2480 5444 οἱ
2536 5387 2595 5445 δὲ
2649 5389 3077 5467 παροργίσαντες
3126 5389 3288 5445 αὐτὸν
3340 5387 3433 5443 καὶ
3468 5391 3550 5459 τῷ
3582 5391 3754 5459 κοινῷ

2101 5476 2286 5552 ἐχθρῷ
2324 5475 2857 5551 ἐξακολουθήσαντες
2891 5478 2985 5535 σὺν
3015 5477 3162 5550 αὐτῷ
3191 5477 3283 5534 καὶ
3332 5477 3425 5532 τὸν
3468 5481 3577 5532 τῶν
3626 5495 3755 5531 cno-

2097 5568 2432 5645 τεινοφόρων
2464 5562 2849 5647 κολαστηρίων
2883 5567 3255 5648 ἀπειληφότες
3291 5571 3478 5643 χῶρον
3525 5564 3759 5622 ἀτελευ-

2097 5657 2279 5728 τήτως
2322 5656 2735 5719 ἀποκλαύσωσι.
2795 5657 3145 5737 Διαχωρίσας
3194 5655 3252 5713 δὶ
3287 5657 3352 5713 τὸ
3396 5660 3509 5730 ,πῦρ
3549 5654 3639 5710 καὶ
3686 5656 3754 5710 τὸ
