4194 6198
386 322 511 384 465
1525 326 2019 389 HISTORIABUI

2130 323 2273 388 ΤιοΜ
2282 325 2662 387 PENDIUM.
3695 328 3819 389 466

390 454 539 532 ὕδωρ
580 454 763 533 ὥσπερ
792 457 855 513 τὸ
910 461 1026 536 φῶς
1082 458 1172 514 καί
1229 459 1291 514 τὸ
1348 456 1561 529 σκότος,
1620 457 2019 533 κατεκερμάτισ

2157 475 2305 516 ram.
2339 461 2408 513 Et
2437 474 2592 529 aqua
2621 459 2862 530 quidem
2896 458 3169 532 superior
3218 457 3279 513 in
3322 474 3510 514 unum
3563 458 3816 516 collecta

389 542 560 601 ταῦτα
616 547 757 602 κατά
832 546 1013 616 πάσης
1064 546 1229 602 αὐτοῦ
1301 553 1402 618 τῆς
1443 546 1695 618 κτίσεως,
1750 547 1842 602 καὶ
1902 542 2015 603 ἔστι

2161 565 2325 604 mare
2356 549 2614 604 dicitur:
2654 566 2785 620 quas:
2835 554 3034 604 autem
3094 547 3248 603 infra
3300 553 3520 604 terram
3572 550 3814 617 residet,

392 633 540 712 ὕδωρ
577 636 832 711 ὗπερατω
858 640 956 692 τοῦ
1005 636 1402 712 στερεώματος,
1434 635 1465 692 ὅ
1510 636 1653 692 ἐστιν
1716 638 1903 712 αἱθὴρ,
1955 637 2042 692 καὶ

392 720 532 780 ἔστιν
566 723 715 799 ὕδωρ
748 724 838 783 καὶ
868 729 975 799 πῦρ
1036 725 1291 782 ὑποκάτω
1346 733 1448 797 τῆς
1496 732 1616 802 γῆς.
1677 726 1775 781 Καὶ
1831 726 1894 782 τὸ
1949 726 2044 800 μὲν

392 814 573 870 ἐπάνω
604 821 707 884 τῆς
744 821 850 890 γῆς
884 811 1031 890 ὕδωρ
1071 815 1339 891 συναχθὲν
1397 815 1472 879 εἷς
1528 815 1853 891 συναγωγὴν
1913 815 2041 889 μίαν

2158 637 2408 710 abyssus
2439 638 2804 705 nominatur,
2867 637 3026 693 unde
3072 636 3253 692 veluti
3314 637 3507 693 tubuli
3568 637 3813 709 quidam

2155 728 2509 784 emittuntur
2536 727 2756 798 fontes,
2791 728 2866 783 ad
2904 728 3037 784 vita)
3066 732 3287 783 nostra)
3347 732 3407 782 et
3460 727 3812 784 animalium

2154 816 2422 871 omnium
2451 833 2633 884 usus;
2667 822 2844 888 atque
2874 815 3138 872 indidem
3171 816 3350 871 etiam
3381 815 3588 871 calidas
3637 816 3809 871 ebulv

390 903 636 969 θάλασσα
657 903 1098 979 προσηγορεύθη,
1128 905 1191 960 τὸ
1225 901 1281 959 δὲ
1314 904 1566 960 ὑποκάτω
1595 910 1698 974 τῆς
1749 911 1851 981 γῆς
1904 904 2039 959 ἀπο·

388 998 576 1068 μεῖναν
606 987 839 1057 ἄϐυσσος
885 992 1114 1064 ἐκλήθη,
1165 993 1217 1065 ἐξ
1266 994 1329 1048 οὗ
1387 992 1626 1067 καθάπερ
1676 991 1904 1072 σιφωνές
1956 1013 2036 1048 τι-

379 1104 462 1144 νες
492 1083 909 1156 ἀναπέμπονται
938 1082 1073 1157 πρὸς
1101 1083 1245 1152 ζωὴν
1291 1084 1454 1157 ἡμῶν
1507 1084 1595 1138 καὶ
1654 1084 1852 1145 παντὸς
1896 1083 2037 1152 ζώου

379 1172 432 1227 αἱ
460 1172 660 1249 πηγαί.
694 1171 785 1251 ἀφ’
814 1171 876 1226 οὗ
908 1173 996 1227 καὶ
1031 1169 1098 1227 τὰ
1126 1172 1299 1245 θερμὰ
1326 1171 1633 1247 ἀνάγονται.
1688 1171 1789 1228 Καὶ
1843 1172 1912 1227 τὰ
1940 1172 2033 1245 μὲν

377 1259 714 1335 ποῤῥωτὲρω
742 1264 840 1315 τοῦ
862 1281 1009 1316 κατω
1037 1261 1210 1337 πυρὸς
1242 1265 1324 1335 [Ρ.
1356 1266 1482 1339 243]
1511 1262 1786 1338 ἀπέχοντα
1806 1260 2038 1337 προνοίᾳ

378 1353 511 1405 Θεοῦ
540 1347 888 1406 ἀναδίδονται
919 1350 1257 1429 ψυχρότερα,
1288 1351 1356 1407 τὰ
1385 1347 1444 1406 δὲ
1492 1349 1731 1422 πλησίον
1788 1354 1886 1407 τοῦ
1937 1372 2037 1405 πυ-

2151 904 2326 961 liunt.
2368 907 2515 961 Nam
2550 923 2703 977 quaa,
2760 906 2864 960 Dei
2894 905 3265 977 providentia
3321 906 3407 960 sic
3464 905 3803 978 ordinante,

2150 993 2387 1067 longius
2416 993 2488 1049 ab
2520 998 2653 1066 igne
2676 994 2955 1050 inferiore
2978 994 3193 1049 absunt
3213 1011 3401 1065 aqum,
3429 1011 3512 1048 ea)
3532 994 3809 1066 frigidio-

2149 1099 2246 1138 res
2277 1083 2570 1149 eduntur;
2604 1100 2735 1154 qua;
2775 1084 2895 1155 igni
2926 1084 3230 1155 propiores
3258 1089 3414 1152 sunt,
3446 1082 3518 1138 ab
3550 1099 3616 1137 eo
3647 1083 3805 1138 calo-

2148 1192 2276 1230 rem
2298 1176 2640 1246 concipiunt
2671 1181 2731 1232 et
2758 1175 3081 1231 admodum
3112 1174 3352 1229 fervidae
3383 1191 3619 1229 sursum
3651 1176 3802 1230 effe-

2146 1270 2394 1333 runtur;
2429 1282 2561 1337 quae
2593 1270 2791 1321 autem
2814 1282 2934 1321 non
2955 1281 3139 1337 prope
3171 1264 3367 1336 ignem
3395 1270 3552 1332 sunt,
3588 1264 3801 1335 tepidae

2151 1360 2389 1411 exeunt.

378 1439 470 1514 ρὸς
495 1437 694 1495 ἐκεῖθεν
726 1438 1102 1515 ἐκπυροόμενα
1132 1438 1315 1510 ζέοντα
1347 1439 1465 1496 λίαν
1497 1439 1875 1520 ἀναφὶρονται,
1907 1437 2006 1495 ὅσα
2035 1437 2094 1496 δὲ
2123 1442 2186 1496 οὗ
2216 1440 2361 1497 πολὺ
2392 1439 2780 1512 πλησιάζουσι,
2813 1441 3021 1517 χλιαρὰ
3060 1436 3425 1497 ἀναδίδονται.

447 1529 554 1586 Καὶ
586 1529 650 1584 τὸ
703 1530 800 1602 μὶν
861 1528 1119 1584 ὑποκάτω
1172 1536 1274 1599 τῆς
1331 1536 1436 1607 γῆς
1493 1534 1601 1606 πῦρ
1662 1529 2032 1601 κολαστήριὸν

377 1617 487 1673 ἐστι
521 1614 794 1692 δαιμόνων
848 1618 939 1674 καὶ
996 1616 1342 1694 ἁμαρτωλῶν
1401 1618 1723 1693 ἀνθρώπων,
1752 1618 1816 1674 τὸ
1848 1615 1905 1674 δὶ
1934 1638 2033 1674 κα-

372 1709 602 1763 τωτάτω
633 1705 807 1784 ὓδωρ,
855 1707 1197 1783 ψυχρότερον
1226 1709 1286 1763 ’ὀν
1344 1708 1437 1765 καὶ
1495 1707 1573 1773 εἷς
1626 1707 1846 1783 βώλους
1898 1728 2031 1782 κρυ-

371 1794 611 1851 στάλλου
655 1797 923 1870 πεπηγὸς,
982 1797 1012 1851 ’ὀ
1070 1796 1161 1851 καὶ
1221 1794 1500 1872 Τάρταρος
1560 1794 1798 1873 λέγεται,
1861 1796 2028 1871 βασα-

2214 1534 2405 1604 Atque
2436 1532 2590 1604 ignis
2613 1531 2851 1604 quidem
2884 1532 2985 1603 qui
3009 1532 3164 1588 intra
3192 1536 3413 1587 terram
3437 1536 3546 1599 est,
3579 1530 3802 1586 daemo-

2140 1637 2287 1676 num
2317 1626 2377 1676 et
2404 1626 2787 1693 peccatorum
2820 1621 3133 1677 hominum
3177 1620 3470 1693 supplicio
3530 1619 3795 1676 inservit.

2138 1712 2309 1781 Aqua
2338 1709 2518 1766 etiam
2548 1710 2667 1765 imo
2689 1709 2845 1765 infra
2860 1716 3079 1765 terram
3110 1709 3263 1776 loco,
3306 1710 3388 1765 ita
3414 1707 3629 1782 frigida
3651 1708 3800 1764 utin

2137 1798 2342 1871 glebas
2367 1798 2574 1871 glaciei
2598 1798 2889 1872 congelat,
2915 1798 3014 1869 qui
3040 1803 3100 1853 et
3117 1800 3392 1854 Tartarus
3411 1798 3647 1865 dicitur,
3671 1796 3802 1868 ipsa

368 1885 652 1957 νιστήριόν
700 1882 850 1940 ἐστιν
879 1884 1139 1948 ὡσαύτως
1191 1886 1284 1940 καὶ
1340 1888 1505 1941 τοῦτο
1561 1889 1667 1940 τῶν
1720 1886 1797 1959 μή
1859 1882 2019 1962 φυλα·

2139 1889 2318 1944 etiam
2346 1886 2489 1945 facit
2517 1888 2592 1944 ad
2640 1862 2994 1943 cruciandos
3026 1902 3128 1942 eos
3186 1887 3286 1958 qui
3347 1886 3448 1940 Dei
3503 1890 3800 1957 prmcepta

377 1975 576 2046 ξαντων
606 1971 702 2037 τάς
730 1971 954 2036 ἐντολὰς
1007 1978 1104 2029 τοῦ
1155 1971 1383 2049 Κυρίου.
1439 1975 1560 2032 Ὀτι
1618 1971 1674 2029 δὲ
1721 1978 1829 2049 πῦρ
1887 1973 2028 2029 ἐστιν

366 2061 628 2117 ὑποκάτω
655 2068 757 2131 τῆς
789 2068 915 2135 γῆς,
959 2061 1193 2126 πειθέτω
1227 2082 1284 2118 σε
1339 2062 1402 2118 τὸ
1451 2061 1504 2117 ἐν
1565 2060 1794 2135 Σικελίᾳ
1848 2062 1939 2118 καὶ
1975 2061 2029 2117 ἐν

363 2149 539 2223 Λυκία
591 2154 885 2229 προφανῶς
962 2148 1359 2225 ἀναδιδόμενον
1427 2151 1520 2207 καὶ
1581 2149 1763 2226 μέντοι
1829 2152 1921 2207 καὶ
1973 2151 2024 2207 ἐν

364 2234 913 2317 altam-3.119690“
996 2240 1189 2303 τόποις
1258 2240 1465 2315 ὁμοίως
1524 2238 2021 2318 παραδεικνύμενον

365 2334 499 2404 πῦρ,
558 2329 635 2390 εἰς
704 2330 807 2400 τὴν
861 2325 1096 2408 φοϐερὰν
1173 2329 1359 2406 γένναν
1446 2328 1746 2406 προδήλως
1820 2331 2025 2397 πάντας

364 2424 655 2475 κατακαῖον
686 2420 804 2474 ὅσοι
851 2419 917 2474 τὰ
968 2422 1065 2475 τοῦ
1121 2420 1293 2494 πυρὸς
1339 2413 1471 2495 ἔργα
1522 2419 1857 2495 πεπράχασι.
1891 2421 2018 2493 Περί

368 2506 433 2564 οῦ
482 2507 572 2563 καὶ
633 2508 662 2564 ὀ
725 2507 888 2585 μέγας
946 2513 1184 2580 Μωΰσης
1241 2507 1303 2563 ἐκ
1361 2507 1660 2581 προσώπου
1729 2512 1828 2564 τοῦ
1883 2513 2018 2563 Θεοῦ

366 2617 532 2675 φησιν
565 2596 673 2665 ὅτι,
703 2597 818 2672 Πῦρ
847 2594 1161 2652 ἐκκέκαυται
1191 2595 1252 2652 ἐκ
1276 2599 1374 2652 τοῦ
1416 2599 1590 2669 θυμοῦ
1651 2616 1779 2669 μου,
1812 2597 2019 2668 καυθή-

363 2704 512 2740 σεται
587 2683 691 2745 ’ὲως
732 2680 866 2756 ᾅδου
890 2685 1204 2740 κατωτάτου
1232 2683 1592 2761 καταφάγεται
1647 2685 1747 2758 γῆν
1803 2683 1894 2738 καὶ
1949 2683 2016 2738 τὰ

359 2775 676 2850 γεννήματα
724 2771 915 2843 αὐτῆς,
954 2770 1135 2848 φλέξει
1191 2771 1419 2846 θεμέλια
1470 2770 1655 2846 ὀρέων.
1716 2771 1902 2834 Οὕτως
1956 2768 2015 2827 δὲ

357 2864 447 2918 καὶ
477 2863 698 2924 Ἠσαῗας
758 2859 1060 2939 διαρῥήδην
1119 2861 1436 2939 προφαίνων
1484 2866 1601 2923 τοῖς
1660 2859 2014 2938 ἁμαρτωλοῖς

354 2954 457 3023 τήν
516 2952 788 3026 ἐσομένηα
867 2953 959 3009 καὶ
1024 2953 1438 3027 ἡτοιμασμένην
1518 2952 1703 3017 αὐτοῖς
1761 2949 1850 3008 διὰ
1910 2956 2010 3009 τοῦ

354 3038 620 3098 ἀσϐέστου
663 3042 833 3118 πυρὸς
866 3042 1090 3098 κόλασιν
1144 3036 1327 3114 ἐκϐοᾷ
1386 3042 1482 3105 Τίς
1538 3041 1831 3119 ἀναγγελεῖ
1878 3041 2005 3115 ὑμῖν

356 3132 440 3187 ὅτι
468 3136 574 3207 πῦρ
603 3130 835 3201 καίεται,
864 3131 955 3186 καὶ
1003 3132 1089 3193 τίς
1148 3130 1448 3210 ἀπαγγελεῖ
1504 3132 1631 3205 ὑμῖν
1687 3132 1781 3187 τὸν
1837 3127 2003 3187 τόπον

2142 1977 2527 2034 violaverunt.
2587 1977 2728 2032 Esse
2786 1981 2984 2033 autem
3042 1975 3238 2047 ignem
3295 1974 3499 2030 subter
3553 1979 3795 2039 terram,

2140 2067 2499 2138 persuadere
2523 2064 2633 2121 tibi
2691 2064 2869 2120 debet
2900 2064 3056 2137 ignis
3094 2064 3197 2135 qui
3255 2063 3318 2117 in
3366 2061 3586 2129 Sicilia,
3622 2061 3798 2133 Lycia

2138 2155 2393 2227 aliisque
2436 2155 2584 2211 locis
2643 2154 2957 2211 manifesto
2988 2152 3285 2226 erumpit;
3346 2168 3462 2224 quo
3508 2150 3796 2207 nimirum

2135 2249 2628 2317 praemonstratur
2644 2245 2705 2299 in
2720 2242 3022 2299 horrenda
3044 2243 3322 2316 gehenna
3342 2257 3551 2297 omnes
3570 2241 3666 2296 uri
3686 2240 3791 2312 qui

2135 2334 2334 2406 ignem
2364 2333 2486 2388 suis
2541 2333 2713 2389 factis
2758 2335 3125 2389 meruerunt.
3160 2333 3241 2387 De
3274 2333 3386 2387 hoc
3417 2333 3549 2405 igne
3611 2332 3791 2387 etiam

2134 2438 2382 2495 magnus
2406 2422 2502 2478 ille
2532 2422 2722 2478 Mdses
2746 2422 2807 2476 in
2829 2437 3087 2493 persona
3109 2421 3211 2476 Dei
3242 2419 3536 2491 loquitur:
3561 2421 3793 2476 Exarsit

2131 2511 2281 2585 ignis
2312 2527 2407 2566 me
2430 2510 2916 2576 excandescente,
2940 2510 3112 2582 cujus
3133 2508 3478 2564 incendium
3495 2509 3793 2581 pertinget

2129 2617 2320 2672 usque
2349 2616 2423 2673 ap
2454 2600 2697 2655 inﬁrma
2727 2599 3077 2666 inferorum,
3120 2602 3433 2653 consumet
3479 2601 3698 2652 terram
3731 2602 3790 2653 et

2129 2687 2258 2760 ejus
2287 2693 2627 2762 proventus,
2653 2687 3370 2744 comburetfundamenta
3398 2686 3695 2741 montium
3717 2686 3783 2741 ⁸³.

2129 2779 2223 2834 Sic
2252 2779 2432 2834 etiam
2485 2777 2668 2833 Isaias
2722 2777 3037 2846 exclamat,
3098 2774 3510 2848 peccatoribus
3565 2772 3785 2831 diserte

2126 2866 2458 2940 praedicens
2482 2864 2985 2938 inexstingnibilis
3014 2864 3170 2937 ignis
3190 2874 3394 2936 poenas
3419 2863 3783 2936 jampridem

2126 2973 2228 3012 eos
2258 2955 2578 3012 manentis.
2612 2955 2753 3022 Quis
2794 2954 3010 3025 inquit,
3041 2952 3209 3009 vobis
3237 2952 3541 3009 nuntiabit
3584 2953 3783 3026 ignem

2114 3046 2245 3119 jam
2269 3046 2475 3101 ardere
2487 3045 2515 3101 ‘I
2529 3045 2670 3112 Quis
2688 3043 2854 3100 vobis
2879 3043 3076 3099 locum
3097 3046 3388 3098 aeternum
3406 3041 3784 3099 demonstra-

2120 3135 2256 3191 bit?
2284 3134 2602 3191 Ambulate
2632 3134 2698 3189 in
2743 3132 2967 3189 lumine
3008 3131 3162 3205 ignis
3217 3130 3420 3197 vestri,
3447 3134 3507 3186 et
3535 3130 3783 3189 ﬂamma

356 3221 450 3277 τὸν
495 3220 718 3275 αἰώνιον
754 3239 768 3289 ;
802 3219 1101 3296 Ηορεῦεσθε
1125 3225 1207 3293 τῷ
1265 3221 1404 3300 φωτὶ
1450 3224 1548 3276 τοῦ
1605 3221 1778 3296 πυρὸς
1834 3221 2008 3294 ὑμῶν,

2130 3240 2305 3295 quam
2334 3222 2711 3295 concepistis.
2738 3222 2887 3278 421
2922 3221 2992 3276 Et
3021 3218 3273 3275 exibunt
3320 3218 3445 3287 alii,
3498 3235 3566 3276 ac
3616 3221 3781 3277 vide-

357 3310 453 3366 καὶ
618 3309 784 3389 φλογὶ
942 3309 1275 3381 ἐξεκαόσατε.
1336 3311 1439 3368 Καὶ
1497 3309 1863 3381 ἐξελεύσονται
1921 3312 2013 3367 καὶ

360 3394 592 3472 ὄψονται
618 3400 685 3455 τὰ
713 3397 869 3455 κῶλα
896 3402 1004 3454 τῶν
1037 3399 1336 3476 ἀνθρῶπων
1387 3402 1497 3454 τῶν
1548 3393 2011 3474 παραϐεϐηκότων

360 3487 417 3543 ἐν
449 3487 601 3561 ἐμοὶ,
631 3485 783 3565 λέγει
814 3487 1032 3562 Κῦριος.
1065 3488 1126 3546 ’0
1176 3487 1280 3566 γὰρ
1339 3487 1558 3561 σκώληξ
1607 3487 1784 3544 αὐτῶν
1839 3489 1903 3544 οὗ
1929 3508 2014 3543 τε-

363 3575 640 3647 λευτήσει,
702 3577 794 3632 καὶ
851 3578 914 3632 τὸ
966 3581 1074 3652 πῦρ
1133 3576 1314 3632 αὐτῶν
1371 3577 1436 3632 οὐ
1487 3572 1865 3648 σῦεσθήσεται,
1922 3576 2014 3632 καὶ

356 3660 574 3721 ἔσονται
606 3664 682 3725 εἷς
714 3661 899 3739 ὅρασιν
927 3665 1071 3740 πάσῃ
1115 3666 1294 3741 σαρκί.
1356 3664 1461 3722 Καὶ
1516 3662 1582 3735 δὴ
1637 3666 1727 3720 καὶ
1760 3666 1789 3721 ὁ
1819 3665 2013 3741 θεηγόο

354 3774 454 3827 ρος
483 3750 871 3829 Χρυσόστομός
902 3773 1086 3834 φησιν·
1145 3754 1286 3829 Ὅρα
1348 3751 1650 3827 παράδοξον
1709 3754 1861 3816 αὖθις
1910 3752 2015 3810 ἔτε.

353 3863 473 3915 ρον,
508 3843 752 3904 ἐναντίας
784 3844 969 3923 φύσεις
1028 3843 1333 3906 συνιούσας.
1385 3840 1524 3901 Οῦτε
1579 3842 1685 3919 γᾶρ
1733 3843 2013 3918 ἀστραπῆς

350 3953 409 3987 τι
440 3929 845 4009 πυρωδέστερον
878 3928 1000 3987 οὔτε
1029 3928 1226 3996 ὕδατος
1283 3933 1649 4008 ψυχρότερον,
1685 3932 1811 3989 ἀλλ’
1860 3934 2014 4006 ὅμως

350 4021 761 4096 ἀναμίγνυται,
818 4022 909 4077 καὶ
1004 4022 1070 4076 οὐ
1151 4026 1441 4097 συγχεῖται
1499 4019 1625 4077 οὐδὲ
1677 4024 2063 4096 κεράννυται,’

350 4109 503 4165 ἀλλᾶ
530 4111 658 4171 τοὺς
698 4109 929 4174 οἰκείους
977 4109 1199 4165 ’ἑκαστον
1257 4107 1508 4185 διατηρεῖ
1562 4110 1743 4183 ὅρους.
1799 4112 1875 4168 Τό
1908 4117 2014 4188 πῦρ

354 4197 413 4253 ἐν
451 4202 532 4270 τῷ
560 4195 715 4253 ὕδατι
747 4198 838 4252 καὶ
869 4198 931 4253 τὸ
961 4195 1109 4273 ὕδωρ
1140 4196 1193 4252 ἐν
1247 4201 1329 4271 τῷ
1358 4198 1512 4272 πυρὶ,
1542 4199 1634 4253 καὶ
1696 4195 1819 4254 οῦτε
1847 4203 2014 4255 τοῦτο

350 4284 574 4357 ἐξήρανε
615 4284 789 4341 ἒκεῖνο
847 4287 970 4341 οὕτε
1018 4285 1191 4341 ἐκεῖνο
1235 4282 1522 4342 κατέσϐεσε
1575 4291 1757 4344 τοῦτο.
1821 4290 2014 4374 Καίτοι

346 4375 603 4451 ἀστραπή
635 4380 733 4431 τοῦ
772 4374 1009 4445 ἡλιακοῦ
1040 4375 1213 4450 πυρὸς
1235 4375 1486 4451 ὀξύτερον
1542 4378 1630 4432 καὶ
1691 4378 2010 4458 φανότερον,

348 4466 459 4523 Καὶ
495 4468 862 4541 μαρτυροῦσιν
894 4467 949 4520 αἱ
1008 4459 1165 4540 ὄψεις
1223 4466 1281 4521 αἱ
1334 4471 1457 4529 ταῖς
1512 4466 1691 4523 ἀκτῖσι
1752 4466 2016 4540 διηνεκῶς

2118 3313 2274 3369 bunt
2305 3312 2575 3369 membra
2622 3311 2937 3367 hominum
2994 3326 3200 3365 eorum
3261 3308 3362 3381 qui
3422 3313 3630 3365 contra
3681 3327 3776 3366 me

2118 3403 2529 3475 deliquerunt,
2564 3402 2706 3474 quia
2743 3401 2962 3457 vermis
2993 3414 3201 3456 eorum
3232 3415 3354 3455 non
3387 3399 3677 3455 morietur
3716 3406 3777 3455 et

2120 3492 2275 3566 ignis
2303 3509 2424 3548 non
2455 3491 2885 3565 exstinguetur,
2917 3489 3296 3561 ostentuique
3327 3494 3502 3545 erunt
3539 3488 3775 3545 omibus

2120 3581 2463 3637 hominibus
2481 3580 2573 3637 δ”.
2598 3580 2711 3635 Sed
2736 3584 2796 3635 et
2814 3578 3011 3634 divino
3031 3578 3316 3651 praaditus
3337 3576 3573 3651 eloquio
3600 3578 3778 3652 Chry-

2120 3677 2417 3726 sostomus
2434 3669 2578 3725 dicit
2601 3687 2614 3724 :
2635 3672 2889 3725 Rursum
2920 3668 3065 3723 mihi
3088 3668 3251 3723 aliud
3273 3667 3620 3724 admirabile
3640 3684 3775 3724 con-

2122 3759 2337 3815 sidera.
2395 3757 2872 3830 Congrediuntur
2926 3757 3057 3812 dum
3124 3762 3351 3812 natura)
3409 3758 3769 3812 contrarias:

2122 3846 2267 3920 quid
2297 3848 2456 3903 enim
2480 3848 2557 3902 sit
2583 3851 2685 3901 aut
2714 3846 2944 3919 fulgure
2970 3844 3157 3918 magis
3189 3844 3427 3918 igneum
3460 3850 3562 3900 aut
3591 3861 3773 3915 aqua-

2120 3938 2369 4011 frigidus
2385 3938 2414 3993 ‘I
2437 3939 2656 3992 Tamen
2686 3936 2768 3992 ita
2791 3941 3008 3991 coeunt
3026 3940 3299 4007 utneque
3331 3934 3774 3990 confundantur

2122 4047 2314 4101 neque
2375 4033 2815 4101 temperentur:
2864 4026 2969 4082 sed
3000 4031 3057 4082 et
3095 4042 3251 4097 aqua
3275 4025 3337 4080 in
3368 4025 3503 4097 igne
3531 4031 3589 4079 et
3619 4024 3771 4098 ignis

2124 4121 2185 4175 in
2218 4136 2373 4191 aqua
2404 4135 2539 4174 suas
2568 4123 2888 4189 utrumque
2920 4120 3117 4171 servat
3142 4115 3571 4188 proprietates:
3630 4131 3771 4170 nam

2122 4225 2314 4281 neque
2347 4225 2563 4280 aquam
2594 4207 2748 4280 ignis
2807 4206 3083 4272 exsiccat,
3138 4221 3331 4276 neque
3362 4204 3560 4276 ignem
3616 4220 3770 4274 aqua
3812 4245 3815 4249 .

2124 4298 2459 4369 exstinguit.
2490 4300 2555 4352 Et
2578 4312 2721 4353 sane
2738 4296 2935 4368 fulgur
2964 4295 3144 4350 etiam
3167 4293 3347 4349 solari
3377 4293 3512 4366 igne
3537 4293 3769 4348 acutius

2124 4393 2212 4443 est
2243 4392 2301 4443 et
2330 4387 2563 4443 lucidus
2588 4403 2601 4453 ;
2627 4385 2784 4457 quod
2807 4388 3103 4441 testantur
3131 4382 3311 4452 oculi,
3343 4382 3443 4453 qui
3475 4398 3610 4437 cum
3639 4397 3771 4454 per-

2121 4483 2300 4550 petuo
2330 4476 2514 4531 radiis
2544 4475 2837 4531 solaribus
2866 4473 3262 4538 illustrentur,
3293 4470 3542 4544 fulguris
3571 4470 3772 4543 splen-

342 4553 865 4628 καταλαμπόμεναι,
919 4552 1133 4624 ἐκείνης
1208 4551 1265 4609 δὲ
1308 4557 1407 4625 τήν
1461 4558 1630 4634 φορὰν
1690 4555 1818 4613 οὐδὲ
1874 4560 2009 4635 πρὸς

2130 4567 2329 4622 dorem
2360 4582 2435 4621 ne
2457 4566 2664 4637 exiguo
2695 4563 2937 4635 quidem
2971 4568 3240 4634 tempore
3283 4565 3537 4633 possunt
3589 4560 3762 4616 ferre.

351 4643 533 4719 βραχὺ
593 4640 883 4715 δυνάμεναι
960 4641 1190 4716 ἐνεγκεῖν
1225 4688 1238 4701 .
1300 4644 1395 4698 Καὶ
1460 4645 1488 4699 ὁ
1549 4645 1643 4718 μὲν
1696 4644 1860 4715 ἣλιος
1921 4644 2009 4702 διὰ

354 4733 536 4802 nim};
568 4729 778 4804 ἡμέρας
810 4728 1085 4806 διατρέχει
1125 4732 1217 4786 τὸν
1278 4731 1500 4807 οὐρανὸν
1528 4734 1666 4802 αὖτή
1716 4732 1772 4790 δὲ
1820 4737 1878 4791 ἒν
1913 4741 2012 4809 μιᾷ

345 4825 546 4896 καιροῦ
588 4821 734 4895 ῥοπῇ
767 4822 863 4891 τήν
918 4818 1245 4892 οἰκουμένην
1307 4822 1545 4885 ἅπασκνς
1598 4824 1673 4886 ὡς
1730 4825 1822 4879 καὶ
1880 4831 2008 4901 Χρι-

349 4911 477 4972 στὸς
539 4914 804 4985 μαρτυρεῖ
843 4908 1043 4983 λέγων’
1074 4911 1274 4984 Ὠσπερ
1332 4928 1368 4981 η
1426 4910 1672 4987 ἀστραπή
1734 4912 2007 4991 ἐξέρχεται

347 5000 400 5072 ἐξ
434 5001 715 5055 ἀνατολῶν
748 4998 1106 5078 καὶιραίνεται
1165 4994 1270 5065 ἕως
1334 4998 1572 5077 δυσμῶν.
1630 5005 1765 5060 Εἶτά
1821 5022 2005 5082 φησιν’

345 5090 409 5145 Ὀ
434 5087 641 5164 ἐξάγων
676 5085 908 5164 ἀνέμους
941 5086 1002 5143 ἐκ
1062 5090 1348 5166 θησαυρῶν
1400 5090 1599 5150 αὐτῶν,
1654 5093 1803 5164 Αὕτη
1836 5093 2005 5150 παλιν

346 5179 499 5252 ὲτὲρα
587 5178 768 5257 φύσις,
824 5176 886 5232 οὐ
961 5178 1154 5251 μικρὰν
1225 5181 1363 5253 ἡμῖν
1422 5179 1738 5258 παρὲγουσα
1791 5183 2004 5257 χρείαν,

348 5266 407 5322 ἀ)
423 5266 494 5322 λὰ
520 5266 793 5337 τοσαύτην
826 5266 965 5322 ὥστε
1000 5267 1079 5329 είς
1108 5265 1170 5321 τὸ
1200 5266 1346 5323 πολὺ
1388 5275 1489 5337 τῆς
1518 5276 1668 5339 υωῆς
1714 5271 1849 5343 ἡμῖν
1910 5294 2000 5327 συν

344 5355 544 5425 τελεῖν,
634 5354 953 5428 κεκμηκότα
1017 5356 1343 5420 ἀνακτᾶσθαι
1394 5358 1460 5412 τὰ
1521 5357 1766 5433 σώματα.
1826 5363 2003 5417 Τοῦτο

347 5448 447 5522 γὰρ
482 5444 637 5523 ἔργον
667 5446 901 5518 ἀνέμων,
954 5443 1320 5521 ἀναῤῥιπίζειν
1376 5449 1466 5501 τὸν
1523 5445 1672 5521 ἆὲρα,
1733 5448 1870 5505 ὥστε
1923 5454 1998 5524 μὴ

421 5601 465 5638 ⁸⁸
491 5602 661 5658 Deut.
693 5617 876 5671 xxxii,
910 5602 978 5656 22
1049 5599 1121 5635 ⁵⁸*
1150 5602 1260 5656 lsa.
1292 5615 1442 5656 an.

2121 4658 2190 4712 Et
2246 4655 2335 4712 sol
2392 4661 2580 4710 totum
2640 4654 2800 4710 diem
2874 4651 3236 4725 permeando
3294 4650 3440 4707 caelo
3498 4649 3765 4719 insumit,

2119 4746 2320 4818 fulgur
2338 4762 2458 4800 uno
2490 4748 2790 4800 momento
2816 4748 3005 4799 totum
3034 4741 3239 4797 orbem
3289 4738 3572 4812 pervadit,
3607 4735 3767 4808 quod

2121 4840 2178 4890 et
2207 4834 2475 4891 Christus
2492 4838 2760 4901 testatur,
2776 4832 3054 4903 inquiens
3078 4847 3093 4886 :
3118 4830 3299 4885 Sicuti
3320 4827 3517 4899 fulgur
3536 4826 3608 4881 ab
3631 4831 3765 4881 ortu

2119 4922 2238 4978 exit
2268 4927 2325 4977 et
2354 4939 2542 4994 usque
2572 4922 2647 4977 ad
2676 4938 2951 4976 occasum
2991 4919 3240 4975 videtur.
3299 4914 3522 4971 Deinde
3551 4912 3717 4969 addit
3746 4928 3759 4967 :

2117 5011 2223 5076 Qui
2255 5017 2463 5066 ventos
2497 5009 2692 5066 educit
2731 5026 2801 5065 ex
2832 5025 3038 5067 eorum
3086 5006 3399 5063 thesauris.
3435 5006 3573 5070 Quae
3628 5020 3764 5058 rur-

2116 5117 2248 5157 sum
2275 5099 2394 5156 alia
2423 5105 2513 5155 est
2540 5104 2770 5166 natura,
2804 5115 2923 5153 non
2954 5112 3175 5169 parvan
3221 5095 3392 5151 nobis
3442 5095 3762 5150 utilitatem

2114 5190 2453 5258 conferens,
2476 5188 2578 5244 sed
2597 5193 2823 5244 tantam
2845 5192 2911 5242 ut
2939 5185 3013 5241 ad
3037 5185 3358 5257 plurimam
3378 5185 3508 5239 vitaa
3530 5187 3762 5255 partem

2114 5278 2613 5347 nobisconducat,
2646 5277 2718 5333 ad
2751 5274 3137 5332 reficiendum
3196 5273 3436 5345 fatigata
3491 5290 3759 5346 corpora.

2113 5368 2439 5423 Ventorum
2470 5368 2629 5421 enim
2660 5365 2922 5420 ofﬁcium
2949 5370 3040 5420 est
3094 5378 3293 5419 aerem
3350 5362 3630 5433 excitare,
3684 5381 3759 5421 ne

2115 5459 2278 5510 motu
2360 5472 2569 5511 carens
2634 5454 2839 5509 vitium
2915 5453 3125 5525 capiat,
3186 5453 3447 5526 itemque
3504 5471 3759 5526 coquere
