4194 6198
264 400 269 409 '
345 377 462 437 467

1666 356 1985 422 GEORGII
2029 357 2372 424 CEDRENI

3638 364 3759 426 468

346 513 573 567 fructus
605 510 663 562 et
690 507 847 561 alere
897 515 1162 573 corpora.
1200 498 1346 564 Quis
1403 495 1656 566 explicet
1712 499 1999 566 quantum

2115 494 2366 568 ἀκίνητον
2398 492 2526 552 ὄντα
2546 494 2969 576 διαφθείρεσθαι,
3002 496 3281 552 πεπαίνειν
3344 491 3403 551 δὲ
3447 496 3576 559 τοὺς
3630 516 3760 575 καρ-

347 596 821 675 navigationibus
840 590 1119 666 prosint?
1149 594 1208 646 et
1236 604 1441 644 eorum
1460 594 1749 659 tempora,
1782 585 1997 658 quibus

351 690 560 749 Ordine
589 688 874 761 ingruunt
903 681 1174 752 aliusque
1199 678 1301 736 alii
1345 676 1582 744 cedunt,
1632 676 1879 734 choreas
1934 676 1997 731 in

355 778 505 836 mari
553 775 861 839 ducentes,
916 768 1137 841 aliique
1196 767 1349 827 428
1406 782 1612 822 eorum
1655 765 1998 838 navigantes

358 882 475 938 quo
506 862 710 919 volunt
752 858 1139 927 deducentes,
1179 857 1279 913 alii
1313 855 1673 927 excipientes
1700 853 1730 910 τ
1758 854 1911 923 Quin
1942 857 2001 910 et

351 952 666 1013 contrariis
718 949 1060 1005 incedentes
1115 945 1225 1003 viis
1276 950 1455 1022 atque
1504 944 1837 1000 ministeria
1892 959 2001 999 sua

347 1044 636 1103 obeuntes
661 1039 795 1097 utili
842 1038 974 1093 vitae
1020 1040 1239 1093 nostra)
1264 1051 1461 1111 pugna
1513 1034 1669 1090 inter
1711 1050 1773 1089 se
1803 1032 2002 1089 decer-

342 1137 490 1189 tant.
542 1132 832 1187 Sexcenta
886 1132 1135 1203 possent
1192 1124 1646 1185 commemorari
1688 1127 1997 1178 ventorum

336 1223 538 1281 ofﬁcia
561 1239 574 1277 :
607 1221 709 1279 sed
733 1226 934 1276 tamen
954 1222 1117 1276 vates
1139 1216 1232 1272 his
1254 1216 1531 1271 omnibus
1575 1212 2000 1270 enumerandis

336 1310 738 1384 supersedens
822 1307 1173 1363 facilitatem
1278 1302 1691 1360 tantummodo
1777 1300 1999 1377 opificii

333 1399 647 1472 expressit.
688 1398 794 1465 Qui
831 1397 994 1454 enim
1014 1395 1195 1452 dicit:
1249 1396 1329 1451 De
1359 1393 1655 1449 thesauris
1712 1392 1997 1464 ipsorum,

334 1491 385 1545 is
420 1506 541 1545 non
562 1488 707 1545 dicit
742 1485 1037 1561 quosdam
1059 1500 1188 1540 esse
1210 1487 1521 1541 ventorum
1546 1481 1878 1549 thesauros,
1898 1479 2002 1535 sed

341 1578 640 1653 significat
664 1593 841 1649 quam
872 1573 1045 1630 facile
1089 1574 1165 1627 sit
1219 1572 1271 1627 ei
1323 1571 1424 1645 qui
1481 1570 1746 1636 mandat,
1802 1570 2003 1625 omnia

344 1685 453 1742 pro
487 1684 593 1723 suo
626 1665 871 1723 arbitrio
897 1665 960 1719 in
986 1667 1267 1739 promptu
1323 1661 1565 1717 habere.
1612 1659 2006 1726 Quemadmo-

351 1757 496 1815 dum
532 1756 692 1813 enim
720 1771 849 1814 rem
880 1770 1057 1827 quam
1083 1752 1145 1808 in
1176 1752 1452 1808 thesauro
1485 1751 1792 1819 habemus,
1833 1748 2005 1805 facile

2100 586 2237 651 ποὺς
2266 586 2356 642 καὶ
2386 585 2597 665 τρέφειν
2647 586 2715 641 τὰ
2763 587 3009 660 σώματα.
3066 586 3132 641 Τί
3195 583 3257 640 ἄν
3288 605 3373 647 τις
3408 582 3549 640 sine:
3579 586 3677 648 τὰς
3704 582 3758 641 ἐν

2100 674 2354 746 ναυτιλίᾳ
2384 675 2577 751 χρείας
2603 674 2802 745 αύτιὶν,
2848 673 2941 730 καὶ
2999 675 3131 736 τοὺς
3185 677 3409 750 καιροὺς
3467 675 3552 737 οἶς
3606 692 3760 731 τετα-

2101 765 2333 844 γμένους
2365 764 2668 835 ἐφίστανται
2700 765 2793 820 καὶ
2834 782 3265 840 παραχωρουσιν
3321 762 3616 836 ἀλλήλοις,
3649 783 3761 842 χο-

2105 854 2348 933 ρεύοντες
2378 852 2429 909 ἐν
2458 858 2537 927 τῷ
2564 851 2787 929 πελάγει
2843 852 2937 909 καί
2978 854 3066 927 [Ρ.
3098 856 3226 927 224]
3281 854 3414 918 τοὺς
3463 853 3767 929 πλωτῆρας

2103 939 2558 1015 διαϐιϐάζοντεςς
2600 941 2703 1001 Καὶ
2735 943 2764 998 6
2799 943 2895 1016 μὶν
2952 943 3328 1020 παρέπεμψεν,
3388 944 3417 998 6
3470 941 3530 999 δὲ
3580 941 3761 1000 διεδέ-

2102 1036 2247 1106 ξατο.
2281 1033 2380 1088 Καὶ
2436 1031 2676 1095 ἐναντίας
2736 1028 3033 1087 ὁδευόντων
3091 1028 3255 1095 ὁδοὺς
3301 1032 3393 1087 καὶ
3449 1029 3767 1098 διακονούν-

2102 1144 2209 1179 των
2238 1124 2273 1195 ἠ
2311 1119 2463 1199 μοίχη
2499 1120 2673 1176 αὐτῶν
2703 1118 2870 1176 πάλιν
2897 1123 2978 1194 τῷ
3012 1120 3122 1197 βίῳ
3180 1118 3390 1198 γίνεται
3448 1123 3759 1198 χρήσιμος.

2106 1214 2210 1271 Καὶ
2267 1213 2437 1287 μυρία
2492 1208 2552 1264 ἄν
2606 1230 2692 1272 τις
2744 1207 2890 1264 εἴποι
2945 1212 3055 1265 τῶν
3112 1208 3330 1283 ἀνέμων
3388 1206 3541 1284 ἔργα.
3599 1207 3766 1266 Ἀλλ’

2105 1304 2260 1379 ὅμως
2311 1301 2482 1359 πάντα
2571 1306 2739 1359 ταῦτα
2822 1299 3194 1379 παραδραμὼν
3249 1303 3278 1358 6
3337 1304 3627 1384 προφήτης
3670 1308 3763 1362 καὶ

2104 1392 2419 1450 καταλιπὼν
2479 1390 2855 1471 ἀναλέγεσθαι,
2926 1390 3059 1447 αὐτὸ
3130 1390 3291 1466 μόνον
3348 1392 3449 1461 τήν
3505 1390 3765 1447 εὐκολίαν

2103 1491 2203 1555 τῆς
2227 1480 2593 1559 δημιουργίας
2625 1480 2950 1556 παρέστησε.
2970 1480 3049 1538 Τὸ
3103 1481 3206 1556 γὰρ
3258 1480 3453 1552 εἰπεῖν,
3510 1481 3606 1538 Ἐκ
3660 1482 3767 1552 θη-

2107 1579 2317 1651 σαυρῶν
2348 1574 2546 1645 αὑτῶν,
2580 1571 2643 1628 οὔ
2674 1578 2836 1628 σοῦτο
2867 1569 3175 1644 δηλοῦντας
3205 1570 3375 1639 ἐστιν,
3427 1571 3511 1627 ὅτι
3564 1574 3765 1643 θησαυ-

2109 1664 2195 1741 ροί
2225 1662 2364 1726 οῐνές
2384 1662 2517 1718 εἰσιν
2557 1660 2791 1736 ἀνέμων,
2834 1657 2981 1717 ἀλλὰ
3031 1660 3132 1729 τήν
3191 1659 3444 1717 εὐκολίαν
3498 1664 3597 1717 τοῦ
3654 1661 3770 1718 ἐπι-

2107 1754 2395 1813 τάττοντος
2461 1751 2551 1806 καὶ
2639 1750 2701 1806 τὸ
2754 1744 2977 1824 ἕτοιμον
3061 1755 3163 1820 τῆς
3214 1748 3427 1826 βουλῆς
3483 1750 3571 1805 καὶ
3626 1770 3767 1825 παρ-

354 1864 424 1905 ex
455 1863 523 1901 eo
554 1845 641 1900 vel
671 1843 1020 1916 promimus,
1051 1841 1163 1909 vel,
1187 1840 1234 1896 si
1266 1840 1456 1897 visum
1472 1840 1568 1908 sit,
1600 1840 2004 1907 recondimus,

2115 1843 2524 1917 εσκευασμένον.
2553 1842 2762 1916 Ὠσπερ
2789 1839 2894 1916 γὰρ
2939 1840 2967 1895 6
2997 1832 3147 1915 ἔχων
3204 1839 3258 1895 ἐν
3317 1845 3578 1915 θησαυρῷ
3634 1841 3771 1913 μετᾶ

353 1937 437 1993 ita
464 1933 725 1991 universi
748 1932 955 2007 Opifex
985 1930 1186 1988 omnia
1229 1930 1395 1986 nullo
1445 1928 1679 2004 negotio
1711 1928 1906 1985 effecit
1934 1944 2001 1984 ac

354 2029 581 2083 natura;
613 2021 875 2079 tradidit.
903 2020 1109 2077 Vidisti
1128 2026 1350 2095 quanta
1377 2020 1453 2077 sit
1480 2018 1542 2075 in
1563 2036 1699 2077 aere
1729 2018 1999 2085 varietas,

355 2115 509 2171 sicut
539 2120 596 2172 et
622 2113 681 2168 in
707 2128 862 2187 aqua
892 2111 1026 2169 etin
1056 2111 1188 2187 igne
1239 2110 1444 2168 multae
1477 2115 1618 2168 sunt
1668 2109 2001 2167 varietates.

351 2209 656 2276 Aquarum
688 2201 847 2257 enim
878 2200 996 2257 alia
1011 2205 1100 2256 est
1142 2199 1407 2269 fontana,
1441 2199 1560 2256 alia
1602 2199 1854 2268 marina,
1887 2197 2005 2254 alia

350 2309 548 2359 aerea.
579 2291 701 2348 alia
730 2290 791 2346 in
822 2289 1080 2359 nebulis,
1114 2289 1232 2345 alia
1262 2306 1442 2362 supra
1471 2287 1648 2345 caalos
1679 2288 1796 2347 alia
1827 2302 2006 2363 supra

348 2382 625 2438 homines
643 2380 761 2437 alia
791 2380 946 2438 infra
976 2383 1218 2450 terram,
1251 2396 1322 2434 ex
1350 2396 1467 2452 qua
1520 2378 1700 2436 etiam
1757 2377 2005 2433 diversis

346 2471 497 2529 locis
524 2488 691 2547 aquae
726 2468 1024 2527 ebulliunt
1079 2466 1437 2524 mirabiliter
1466 2468 1538 2527 ab
1597 2468 1731 2543 igne
1762 2467 1862 2540 qui
1897 2465 2005 2523 sub

348 2565 510 2618 terra
539 2565 630 2617 est
655 2558 974 2616 calefacta).
1009 2559 1170 2631 Ignis
1200 2558 1350 2614 alius
1381 2558 1443 2617 in
1473 2556 1595 2613 sole
1629 2562 1739 2625 est,
1771 2555 1923 2612 alius
1944 2555 2005 2611 in

352 2651 516 2718 luna,
549 2649 701 2705 alius
733 2649 795 2704 in
824 2647 1179 2725 fulguribus,
1211 2648 1361 2703 alius
1393 2647 1454 2702 in
1485 2664 1643 2714 aere,
1694 2646 1846 2701 alius
1903 2645 2004 2717 qui

352 2756 426 2799 ex
452 2740 628 2814 lignis
671 2756 705 2799 θ,
747 2738 920 2799 nobis
963 2743 1022 2793 et
1069 2738 1332 2797 lucernis
1387 2738 1528 2804 exit,
1577 2737 1729 2794 alius
1787 2736 1889 2811 qui
1938 2753 2009 2791 ex

352 2836 512 2887 terra
531 2829 827 2901 erumpit:
862 2826 1069 2884 multis
1098 2826 1259 2885 enim
1280 2824 1428 2882 locis
1458 2843 1595 2883 eum
1618 2825 1711 2884 edi
1740 2825 2008 2882 videmus

353 2934 477 2975 non
510 2934 680 2977 secus
711 2932 889 2991 quam
917 2915 1095 2971 etiam
1137 2916 1353 2971 fontes.
1387 2915 1554 2971 Alius
1585 2915 1738 2989 ignis
1764 2919 1854 2971 est
1906 2913 2008 2985 qui

352 3006 560 3062 attritu
608 3004 874 3083 lapidum
913 3004 1167 3079 ejicitur,
1203 3010 1262 3060 et
1303 3004 1455 3061 alius
1489 3005 1588 3081 qui
1621 3004 1824 3062 attritu
1854 3003 2013 3059 fron-

354 3096 520 3153 dium
553 3094 937 3153 arborearum
964 3111 977 3162 ;
1009 3094 1163 3151 alius
1190 3094 1251 3150 in
1280 3092 1631 3153 fulminibus
1664 3110 1732 3151 ex
1763 3093 2005 3167 aethere,

353 3185 506 3245 alius
538 3202 607 3241 ex
630 3202 787 3257 aqua
817 3190 873 3245 et
901 3184 1067 3241 vitris
1106 3184 1594 3258 pellucidissimis
1643 3201 1711 3240 ac
1760 3183 2008 3261 purissi'

352 3275 470 3333 mis
491 3274 644 3334 429
671 3274 910 3333 exsilire
970 3273 1140 3331 solet.
1204 3274 1296 3328 Sic
1354 3276 1414 3328 et
1462 3272 1622 3351 quod
1679 3270 1754 3331 ad
1806 3289 2007 3329 aerem

351 3364 585 3434 attinet,
619 3363 771 3420 alius
815 3369 906 3419 est
959 3362 1237 3430 crassior,
1270 3362 1371 3435 qui
1410 3379 1519 3419 nos
1573 3361 1779 3428 ambit,
1837 3362 2007 3434 isque

352 3452 752 3526 corruptionis
785 3467 963 3508 causa
989 3456 1077 3509 est
1107 3456 1165 3507 et
1188 3451 1511 3509 multorum
1535 3451 2009 3529 periculosorum

357 3541 738 3601 morborum:
784 3540 934 3597 alius
962 3539 1214 3610 tenuior,
1249 3541 1351 3617 qui
1401 3541 1746 3617 corporibus
1788 3542 2007 3601 bonam

360 3629 709 3703 temperiem
741 3635 800 3687 et
828 3630 1172 3689 firmitatem
1192 3631 1505 3703 conciliat;
1540 3631 1693 3688 alius
1722 3632 1936 3688 siccior
1952 3637 2012 3687 et

358 3721 759 3781 fervidior.Sic
803 3726 861 3779 et
880 3726 1188 3781 ventorum
1233 3728 1372 3779 sunt
1416 3722 1765 3783 differentias
1797 3740 2010 3781 secun-

365 3812 508 3873 dum
566 3813 938 3881 tenuitatem,
997 3812 1347 3881 crassitiem,
1395 3813 1601 3887 frigus,
1658 3813 2008 3882 siccitatem,

365 3903 806 3973 humiditatem,
860 3901 1248 3963 caliditatem.
1300 3904 1505 3979 Itaque
1562 3909 1723 3961 vates
1767 3921 1902 3963 cum
1948 3905 2009 3962 in

362 3993 777 4055 inexhaustam
819 3997 903 4048 tot
950 3997 1373 4069 tantorumque
1432 3993 1530 4049 Dei
1579 3992 2009 4050 beneficiorum

361 4081 643 4155 abyssum
672 4080 980 4139 incidisset
1023 4081 1628 4153 commemorandam,
1661 4081 1878 4154 quibus
1908 4083 2009 4138 Dei

360 4171 627 4242 potentia
656 4175 834 4242 atque
862 4170 1153 4247 sapientia
1177 4170 1640 4239 demonstratur,
1682 4171 2009 4245 vidensque

361 4261 724 4319 immensum
775 4275 837 4317 se
869 4274 1032 4317 mare
1064 4259 1418 4333 ingressum,
1464 4259 1699 4317 resiluit
1729 4261 1837 4317 hac
1875 4277 2008 4319 cum

361 4347 836 4405 exclamatione:
900 4347 1483 4421 Magnificentissima
1521 4355 1661 4404 sunt
1709 4353 1827 4420 tua,
1887 4352 2009 4407 Do-

362 4436 544 4503 mine,
574 4451 753 4511 opera
782 4436 1085 4511 sapienter
1113 4437 1315 4494 omnia
1359 4437 1572 4507 fecisti,
1603 4439 2011 4515 sapientiaque

365 4523 569 4583 omnia
597 4529 655 4583 et
680 4524 943 4585 animata
968 4529 1025 4582 et
1055 4524 1383 4585 inanimata
1407 4527 1746 4603 implevisti.

438 4794 564 4855 Tito
602 4792 890 4854 successit
917 4790 979 4849 in
1008 4792 1327 4871 imperium
1358 4794 1542 4853 frater
1572 4793 1700 4869 ejus
1734 4794 2015 4853 Domitia-

2112 1930 2291 1995 ἀδείας
2345 1930 2520 2008 ἐξάγει
2578 1931 2779 2000 πάντα,
2834 1928 2927 1984 καί
2981 1928 3072 1985 ὅτε
3133 1927 3391 2007 βούλεται
3435 1929 3602 1985 πάλιν
3660 1930 3770 1985 εἶσ-

2113 2023 2256 2099 άγει,
2283 2021 2456 2084 οὕτως
2490 2021 2518 2076 6
2548 2023 2644 2076 τοῦ
2687 2018 2885 2081 παντὸς
2945 2019 3295 2094 Δημιουργὸς
3328 2018 3498 2074 πάντα
3528 2018 3769 2081 εὐκόλως

2111 2111 2339 2184 ’ἐποίησε
2368 2111 2458 2166 καὶ
2496 2113 2565 2184 τῇ
2597 2109 2752 2190 τρύσει
2806 2105 3140 2184 παρέδωκεν.
3200 2105 3357 2169 Εἶδες
3413 2106 3502 2163 καὶ
3535 2107 3677 2179 πόση
3715 2106 3769 2162 ἐν

2115 2201 2230 2278 ἆὲρι
2290 2198 2564 2278 διαφορὰ,
2621 2199 2860 2275 καθάπερ
2919 2196 3010 2253 καὶ
3057 2196 3111 2253 ἐν
3171 2196 3303 2272 πυρὶ
3355 2199 3445 2253 καὶ
3502 2196 3554 2253 ἐν
3615 2196 3773 2253 ὕδατι

2115 2289 2322 2347 πολλαὶ
2378 2288 2694 2367 ἐναλλαγαί.
2728 2287 2831 2343 Καὶ
2862 2288 2967 2364 γὰρ
2998 2290 3095 2343 τοῦ
3144 2284 3341 2351 ὕδατος
3375 2287 3439 2343 τὸ
3502 2286 3597 2359 μὶν
3657 2286 3769 2341 ἐστι

2115 2385 2366 2457 πηγαῖον,
2399 2378 2460 2434 τὸ
2495 2376 2553 2434 δὶ
2576 2376 2892 2449 θαλαττιον,
2921 2373 3088 2432 τὸιδὲ
3135 2373 3338 2452 ἀέριον,
3371 2375 3434 2432 τὸ
3485 2375 3544 2431 δὲ
3596 2376 3655 2430 ’ἐν
3683 2397 3771 2431 νε-

2118 2468 2424 2549 φέλαις,τὸ
2454 2465 2511 2523 δὲ
2568 2465 2882 2537 Θαλάττιον,
2944 2466 3007 2522 τὸ
3067 2463 3125 2521 δὲ
3181 2466 3435 2542 ὑπεράνω
3498 2471 3606 2521 τῶν
3678 2465 3774 2520 ἆν-

2119 2559 2378 2634 θρώπων,
2407 2556 2469 2612 τὸ
2501 2553 2557 2612 δὲ
2594 2554 2872 2633 ὑπόγειον,
2905 2554 2993 2637 ἀφ’
3035 2552 3099 2609 οὗ
3129 2554 3217 2610 καὶ
3282 2555 3350 2611 τὰ
3386 2554 3560 2631 θερμᾶ
3606 2551 3775 2610 ὕδατα

2119 2647 2173 2704 ἐν
2242 2645 2525 2725 διαφόροις
2579 2645 2772 2709 τόποις
2838 2643 3148 2719 ἀνοίγονται,
3208 2640 3299 2699 διὰ
3361 2648 3459 2699 τοῦ
3519 2642 3776 2720 ὑπογείου

2119 2739 2292 2816 πυρὸς
2337 2736 2702 2815 θερμανθὲντα
2758 2731 3104 2811 παραδόξως.
3164 2734 3269 2793 Καὶ
3325 2737 3424 2790 τοῦ
3480 2734 3653 2811 πυρὸς
3710 2735 3775 2789 τὸ

2124 2828 2219 2902 μὶν
2245 2828 2385 2885 ἐστιν
2418 2826 2470 2882 ἐν
2510 2824 2680 2900 ἡλίῳ,
2712 2825 2775 2881 τὸ
2807 2822 2865 2881 δέ
2894 2822 2949 2881 ἐν
2997 2822 3222 2899 σελήνῃ,
3253 2823 3318 2880 τὸ
3349 2820 3408 2880 δὶ
3461 2823 3513 2878 ἐν
3575 2823 3779 2899 ἀστρα-

2121 2922 2285 2985 πωῖς,
2337 2917 2400 2975 τὸ
2458 2913 2516 2972 δέ
2573 2914 2838 2991 ἐναέριον,
2889 2915 2952 2970 τὸ
2993 2912 3051 2969 δὲ
3108 2914 3214 2969 ἀπὸ
3274 2912 3477 2984 ξύλων,
3536 2915 3600 2970 τὸ
3649 2914 3775 2990 περὶ

2123 3009 2271 3081 ἡμᾶς
2301 3004 2391 3061 καὶ
2422 3004 2484 3060 τὸ
2514 3003 2805 3080 λυχναῖον,
2830 3003 2892 3060 τὸ
2924 3000 2981 3060 δὲ
3035 3001 3142 3058 ἀπὸ
3196 3009 3301 3082 γῆς
3362 3003 3469 3073 (καὶ
3508 3001 3608 3079 γὰρ
3663 2997 3775 3058 ἔστι

2123 3095 2418 3173 πολλαχοῦ
2467 3094 2531 3151 τὸ
2583 3099 2800 3150 τοιοῦτο
2856 3092 2964 3149 ἀπὸ
3019 3100 3122 3169 γῆς
3169 3089 3557 3168 ἀναδιδόμενον
3620 3089 3773 3164 ίδεῖν,

2125 3190 2308 3269 ὥσπερ
2346 3190 2400 3245 αἱ
2428 3188 2604 3271 πηγαὶ
2650 3194 2760 3245 τῶν
2795 3185 3052 3265 ὑδάτων),
3082 3188 3144 3244 τό
3186 3185 3244 3245 δέ
3299 3186 3351 3245 ἐν
3383 3187 3563 3254 λίθοις
3593 3209 3777 3264 παρα-

2120 3275 2496 3357 τριϐομένοις,
2551 3279 2614 3335 τὸ
2665 3275 2722 3333 δὲ
2780 3275 2832 3337 ἐν
2887 3278 3089 3353 κόμαις
3161 3273 3392 3354 δένδρων
3445 3278 3536 3334 καὶ
3595 3277 3774 3334 αὐτῶν

2122 3365 2626 3448 παρατριϐομένων,
2659 3369 2720 3424 τὸ
2765 3363 2822 3423 δὲ
2872 3367 2924 3422 ἐν
2982 3371 3264 3443 κεραυνοῖς
3322 3365 3384 3424 ἐκ
3411 3369 3506 3422 τοῦ
3535 3364 3775 3441 αἰθέρος,

2120 3460 2183 3516 τὸ
2211 3457 2269 3516 δὲ
2298 3457 2349 3530 ἐξ
2399 3455 2606 3514 ὑδάτων
2656 3455 2747 3514 καὶ
2799 3454 2970 3513 ὑέλων
3029 3454 3429 3533 διαυγεστᾶτων
3486 3457 3576 3513 καὶ
3606 3468 3779 3522 καθα-

2124 3549 2380 3624 ρωτάτων
2414 3545 2731 3622 ἐξάλλεσθαι
2758 3545 3009 3627 πέφυκεν.
3060 3545 3221 3603 Οὕτω
3279 3542 3337 3600 δὲ
3394 3544 3485 3600 καὶ
3541 3544 3594 3600 ἐν
3656 3545 3775 3621 ἀέρι

2121 3637 2287 3695 πάλιν
2315 3638 2344 3695 6
2369 3637 2464 3715 μὶν
2496 3636 2610 3694 ἐστι
2663 3635 2971 3714 παχύτερος
3003 3635 3031 3690 ὁ
3062 3633 3185 3712 περὶ
3244 3635 3392 3709 ἡμᾶς
3448 3635 3539 3691 καὶ
3571 3632 3777 3715 φθδρο-

2121 3728 2281 3790 ποιὸς
2306 3727 2395 3784 καὶ
2444 3727 2620 3783 νόσων
2678 3724 2946 3781 πόικίλων
3010 3721 3367 3780 ἐπικινδύνων
3426 3722 3624 3794 αἶ’τιος,
3656 3725 3684 3779 6
3717 3720 3776 3779 δὲ

2122 3816 2449 3893 λεπτότερος
2508 3814 2599 3872 καὶ
2657 3814 2925 3890 σωμάτων
2990 3810 3274 3891 εὐκρασίας
3329 3813 3420 3868 καὶ
3478 3812 3773 3890 εὑρωστίας

2121 3907 2403 3983 πρόξενος,
2453 3906 2481 3960 ὀ
2513 3901 2569 3960 δὲ
2623 3903 2880 3980 αὐότερος
2930 3902 3022 3959 καὶ
3078 3899 3509 3980 πυρωδέστερος.
3567 3905 3774 3978 Ὠσπερ

2119 3997 2212 4052 καὶ
2269 4001 2377 4051 τῶν
2421 3991 2635 4069 ἀνέμων
2690 3990 2899 4050 πολλαὶ
2958 3989 3232 4070 διαφοραί’
3275 3992 3303 4048 6
3350 3993 3447 4067 μὲν
3499 3993 3603 4073 γάρ
3662 3990 3776 4049 ἐστι

2122 4082 2454 4159 λεπτότερος
2505 4083 2533 4137 6
2568 4080 2624 4138 δέ
2661 4080 2992 4159 παχύτερος,
3049 4082 3077 4136 6
3134 4080 3230 4156 μὶν
3258 4082 3620 4159 ψυχρότερος,
3655 4082 3684 4137 6
3717 4077 3777 4137 δὲ

2121 4172 2437 4249 ξηρότερος,
2473 4176 2501 4227 ὁ
2560 4174 2654 4248 μὲν
2701 4171 2991 4249 ὑγρότερος
3023 4170 3051 4225 6
3086 4166 3144 4226 δὲ
3195 4170 3549 4248 θερμότερος.
3607 4172 3767 4235 Ὅθεν

2124 4260 2214 4318 οὖν
2310 4262 2600 4340 προφήτης
2634 4259 2885 4337 ἐμπεσὼν
2917 4258 2994 4324 εἰς
3036 4259 3137 4329 τήν
3171 4253 3403 4314 ἄϐυσσον
3457 4264 3565 4315 τῶν
3623 4258 3771 4335 εὖερ·

2122 4350 2447 4427 γετημάτων
2475 4348 2683 4405 τούτων
2735 4347 2825 4403 καὶ
2882 4352 2990 4404 τῶν
3042 4347 3331 4423 τοιούτων,
3389 4347 3442 4403 ἐν
3495 4349 3578 4412 οἷς
3609 4349 3644 4418 ἡ
3674 4351 3776 4403 τοῦ

2123 4443 2255 4495 Θεοῦ
2287 4435 2515 4512 δύναμις
2545 4435 2636 4493 καὶ
2668 4437 2833 4512 σοφία
2862 4433 3152 4508 δείκνυται,
3204 4437 3294 4494 καὶ
3355 4435 3483 4492 ίδὼν
3509 4435 3573 4492 τὸ
3603 4434 3773 4493 πέλα·

2120 4549 2217 4604 γος
2244 4527 2466 4603 ἆχανὶς,
2498 4523 2818 4601 ἀπεπήδησε
2850 4525 2987 4605 μέγα
3045 4527 3269 4600 βοήσας·
3303 4526 3392 4588 Ὠς
3425 4522 3771 4602 ἐμεγαλύνθη

2046 4610 2186 4676 Ι)τᾶ
2213 4615 2346 4693 ἔργα
2376 4637 2493 4686 σου,
2546 4615 2732 4691 Κύριε·
2791 4613 2964 4672 πάντα
3020 4613 3072 4670 ἐν
3133 4614 3293 4695 σοφίᾳ
3345 4615 3627 4687 ἐποίησας,
3681 4615 3771 4670 καὶ

2127 4703 2318 4786 σοφίας
2349 4704 2650 4775 ἐνέπλησας
2677 4705 2744 4760 τὰ
2762 4724 2821 4760 τε
2850 4702 3055 4785 ἄψυχα.

2196 4795 2347 4853 Μετὰ
2401 4791 2458 4849 δὲ
2513 4794 2677 4852 Τίτον
2736 4788 3052 4849 ἐϐασίλευσε
3110 4793 3439 4869 Δομετιανὸς
3478 4791 3775 4871 όᾶδελφὸς

367 4899 504 4953 nus,
537 4882 717 4955 idque
736 4882 929 4939 tenuit
958 4900 1147 4943 annos
1183 4886 1266 4953 t5,
1308 4899 1545 4938 menses
1604 4883 1692 4940 11.
1724 4884 1896 4953 Isque
1954 4884 2006 4939 in

2125 4883 2290 4939 αὑτοῦ
2313 4878 2406 4957 ἔτη
2451 4884 2512 4939 ιε’
2545 4889 2719 4959 μῆνας
2752 4882 2840 4953 ια’,
2897 4881 2987 4938 καὶ
3016 4882 3226 4960 ’ἐσφάγη
3260 4880 3312 4938 ἐν
3364 4887 3447 4957 τῷ
3503 4888 3615 4956 ναῷ
3635 4884 3779 4939 Ῥώ-

367 4972 590 5047 templo
622 4975 822 5033 Roma)
854 4976 945 5031 est
972 4972 1318 5033 interfectus
1369 4970 1603 5031 insidiis
1633 4990 1753 5028 suae
1812 4974 2006 5030 uxoris

2130 4995 2237 5046 μης
2263 4974 2380 5028 κατ’
2410 4967 2713 5043 ἐπιϐουλήν
2771 4977 2874 5041 τῆς
2929 4972 3121 5027 ἑαυτοῦ
3170 4971 3443 5048 γυναικός,
3503 4971 3779 5049 Διάδοχος

360 5063 563 5137 Neque
594 5062 779 5139 patris
809 5061 905 5121 hic
934 5077 1128 5137 neque
1158 5061 1356 5117 fratris
1388 5065 1644 5117 sectatus
1677 5067 1766 5117 est
1796 5078 2014 5138 mores,

359 5151 464 5213 sed
493 5157 701 5209 contra
729 5148 1044 5225 Tiberiilac
1072 5149 1318 5206 Neronis
1350 5148 1578 5206 scelera
1607 5150 1874 5207 imitatus
1904 5157 2013 5208 est.

357 5244 501 5301 Cum
531 5259 592 5299 se
618 5241 780 5298 omni
811 5257 1024 5314 genere
1056 5240 1413 5314 flagitiorum
1436 5239 2013 5315 homicidiorumque

356 5337 415 5389 et
446 5332 693 5389 libidine
724 5331 785 5389 in
806 5348 1001 5389 mares
1032 5330 1404 5405 feminasque
1437 5332 1624 5387 effusa
1676 5331 2014 5404 polluisset,

359 5419 602 5476 tandem
633 5421 810 5479 homo
841 5436 876 5481 θ.
906 5421 1023 5479 Deo
1054 5420 1285 5477 alienus
1310 5419 1487 5478 deum
1518 5438 1580 5477 se
1601 5420 1792 5495 ipsum
1819 5425 2017 5498 appel-

2122 5066 2225 5143 γὰρ
2254 5068 2545 5144 γενόμενος
2574 5069 2670 5121 τοῦ
2700 5062 2939 5147 ἀδελφοῦ
2988 5063 3050 5119 οὑ
3107 5065 3209 5136 τήν
3267 5068 3537 5142 πατρικήν
3593 5087 3653 5122 τε
3682 5064 3776 5121 καὶ

2124 5153 2423 5231 ἀδελφικὴν
2480 5152 2751 5226 ἐζήλωσεν
2788 5152 3264 5229 ἀριστοπολιτείαν
3299 5156 3434 5231 (50),
3476 5152 3623 5211 ἀλλᾶ
3676 5157 3777 5225 τῆν

2122 5249 2221 5301 τοῦ
2250 5243 2504 5326 Τι9ερίου
2551 5242 2642 5297 καὶ
2672 5241 2922 5319 Νέρωνος
2972 5242 3307 5321 ἀνοσιεργίαν
3353 5245 3413 5299 ἐκ
3452 5241 3773 5321 διαμέτρου.

2128 5334 2225 5390 Καὶ
2254 5330 2319 5403 δή
2353 5338 2458 5389 πᾶν
2491 5329 2635 5396 εἶδος
2676 5331 2865 5395 κακίας
2925 5329 3184 5408 ἐπελθὼν,
3245 5333 3565 5413 μιαιφονίας
3591 5356 3651 5390 τε
3679 5333 3772 5390 καὶ

2126 5419 2549 5502 γυναικομανίας
2605 5415 2718 5495 ἅμα
2773 5421 2861 5477 καὶ
2924 5417 3288 5497 ἀνδρομανίας
3347 5420 3631 5485 ἀνάπλεως
3680 5444 3773 5501 γε·

1570 5541 1933 5598 XYLANDRI
1971 5544 2060 5598 ET
2087 5542 2302 5599 GOARI
2340 5541 2561 5597 NOTAE.

442 5638 554 5707 (50)
583 5638 829 5717 .lgqua_m
852 5636 1085 5717 imperii
1112 5636 1303 5709 legem
1335 5642 1393 5692 et
1424 5637 1726 5694 laudatam
1760 5639 1820 5693 in
1852 5641 2324 5697 administranda
2352 5639 2655 5712 republica
2690 5637 3015 5707 solertiam,
3050 5641 3244 5713 potius
3284 5658 3463 5714 quam
3516 5642 3773 5715 privatos

373 5725 588 5777 mores,
622 5707 870 5776 inspice.
904 5707 1073 5761 Cosa.
