4194 6198
333 383 452 445 469

1489 364 2031 433 HISTORIARUM
2074 362 2619 431 COMPENDIUM.

3640 374 3764 437 470

336 531 590 586 νομενος,
624 507 813 564 ἑαυτὸν
842 508 872 562 ὸ
901 504 1055 569 ἄθεος
1082 502 1391 561 τελευταῖον
1418 502 1711 560 ἀπεθέωσε.
1742 505 1824 577 [Ρ.
1856 503 1985 575 245]

2104 501 2261 559 lavit.
2292 502 2560 575 Indeque
2590 518 2727 558 eum
2758 519 2819 559 se
2840 502 2916 559 ob
2949 504 3398 574 truculentiam,
3423 504 3761 565 immanita-

340 602 637 659 Κάντεῦθεν
668 592 923 674 ἔχθιστον
976 590 1140 652 ἅπασι
1186 595 1278 650 καί
1327 589 1645 665 ἀπόϐλητον
1675 590 1764 648 διὰ
1788 592 1851 647 τὸ
1884 612 1994 667 φο-

338 692 487 747 νικόν
516 710 575 746 τε
601 689 695 745 καὶ
726 684 998 764 θηριῶδες
1053 692 1156 757 τῆς
1214 688 1412 761 μιαρᾶς
1466 682 1697 761 γνώμης
1745 681 1933 737 ἑαυτὸν
1966 681 1996 735 ὸ

341 778 511 842 τάλας
568 778 879 857 ἀποφήνας,
937 774 1164 832 εἰκότως
1246 773 1395 848 μάλα
1462 774 1530 827 τὰ
1587 770 1840 847 ἐπίχειρα
1895 775 1997 840 τῆς

348 868 550 931 οἰκείας
584 866 895 943 δυσμενείας
949 864 1317 940 κομισάμενος
1371 864 1483 936 (51)
1536 859 1806 936 αἲσχίστῳ
1841 860 1997 935 μόρῳ

342 958 434 1014 τὸν
489 958 731 1034 μυσαρὸν
777 956 870 1011 καὶ
922 950 1161 1032 βέϐηλον
1213 949 1566 1029 καταστρέφει
1624 950 1767 1025 βίον,
1816 949 1893 1013 ὼς
1921 944 1996 1003 εἷ’-

344 1068 525 1121 ρηται.
561 1044 741 1110 Οὗτος
776 1045 873 1106 τὰς
929 1042 1158 1121 γενέσεις
1214 1047 1324 1098 τῶν
1384 1041 1616 1116 πρώτων
1644 1044 1745 1109 τῆς
1772 1038 1995 1110 Ῥώμης

342 1136 594 1211 ἐρευνῶν,
651 1133 752 1190 οὐκ
804 1131 1030 1207 όλίγους
1084 1130 1345 1208 εὑρίσκων
1396 1127 1448 1185 έν
1505 1126 1729 1205 δυνάμει
1783 1122 1997 1182 ἔσεσθαι

343 1224 533 1301 ἀνῄρει
591 1219 682 1278 διὰ
730 1221 1075 1301 προφάσεως.
1133 1221 1308 1282 Οὗτος
1362 1214 1595 1287 διέταξεν
1623 1216 1679 1273 έν
1722 1220 1844 1277 ταῖς
1892 1215 1996 1270 πό-

342 1313 490 1370 λεσιν
525 1311 808 1387 ἀμπέλους
864 1311 941 1384 μή
992 1310 1255 1388 φυτεύειν.
1306 1308 1478 1369 Οὗτος
1508 1304 1637 1371 τοὺς
1666 1306 1772 1361 ἀπὸ
1801 1304 1996 1382 γένους

343 1398 509 1459 Δαϐἱδ
565 1401 657 1457 καὶ
714 1401 961 1478 Χριστοῦ
1017 1399 1353 1473 ἀναιρεῖσθαι
1407 1395 1746 1473 προσέταξεν*
1805 1389 1997 1449 ἐδεδίει

340 1494 441 1569 γὰρ
496 1493 598 1562 τὴν
648 1488 949 1566 παρουσίαν
1004 1492 1103 1544 τοῦ
1160 1488 1367 1563 Κυρίου
1424 1487 1501 1549 ὡς
1555 1485 1647 1540 καὶ
1684 1481 1995 1558 Ἧρώδηςὸ

342 1578 716 1645 παιδοκτόνος.
765 1581 878 1637 Τοῖ’)
923 1578 1278 1655 κηρύγματος
1325 1573 1383 1631 δὶ
1428 1572 1538 1647 ἤδη
1586 1572 1815 1648 δύναμιν
1849 1572 1997 1647 λαμ-

350 1666 610 1733 ϐἀνοντος
651 1669 858 1746 ἤγαγον
914 1672 1189 1744 συγγενεῖς
1235 1669 1335 1721 τοῦ
1384 1664 1591 1741 Κυρίου
1638 1662 1774 1738 πρὸς
1823 1670 1998 1738 Δομε-

352 1760 553 1817 τιανόν.
604 1758 712 1822 Οῧς
768 1759 857 1814 καὶ
919 1757 1271 1832 ἐπηρώτησεν
1326 1755 1371 1811 εἰ
1426 1755 1486 1809 ἐκ
1543 1749 1711 1809 Δαϐἱδ
1738 1752 1829 1809 καὶ
1858 1754 1998 1828 Χρι-

2107 595 2227 647 tem
2257 608 2325 648 ac
2354 592 2647 667 ﬂagitiosa
2677 594 2929 652 consilia
2959 596 3237 652 omnibus
3261 597 3514 653 invisum
3539 603 3597 654 et
3621 614 3760 656 con-

2102 687 2398 757 temptum
2446 683 2825 753 reddidisset,
2884 686 3069 742 miser
3123 687 3368 742 meritas
3413 686 3756 744 domesticis

2104 774 2435 831 inimicitiis
2461 792 2665 848 pugnas
2692 776 2874 847 dedit,
2900 779 3055 834 480
3075 778 3538 852 turpissimaque
3566 786 3759 837 morte

2106 863 2455 921 sceleratam
2514 865 2727 922 clausit
2782 867 2982 923 vitam.
3040 869 3095 923 Is
3162 869 3497 941 principum
3556 871 3758 925 Roma;

2103 953 2364 1009 virorum
2423 952 2715 1027 indagans
2768 955 3130 1022 nativitates,
3193 972 3328 1012 cum
3384 973 3505 1013 non
3552 959 3759 1030 paucis

2104 1043 2369 1115 promitti
2415 1059 2689 1114 magnam
2743 1046 3068 1117 potentiam
3127 1045 3622 1117 deprehenderet,
3656 1063 3760 1103 eos

2103 1136 2338 1203 captata
2393 1133 2703 1188 occasione
2761 1133 3017 1189 sustulit.
3082 1134 3278 1189 Edixit
3334 1152 3442 1207 per
3468 1134 3647 1191 urbes
3678 1152 3759 1192 ne

2105 1221 2238 1294 quis
2259 1221 2405 1277 vites
2424 1223 2740 1294 plantaret.
2764 1223 2926 1280 Idem
2958 1240 3171 1295 genere
3201 1225 3488 1281 Davidum
3510 1231 3568 1281 et
3591 1226 3764 1282 Chri-

2105 1318 2261 1368 stum
2295 1316 2652 1388 attingentes
2684 1316 2957 1386 conquiri
2983 1317 3183 1387 jussit,
3213 1316 3484 1388 exemplo
3512 1316 3759 1373 Herodis

2104 1401 2467 1459 infanticidae
2499 1403 2608 1459 sibi
2657 1420 2692 1460 a
2743 1404 2957 1461 Christi
2989 1406 3243 1461 adventu
3273 1412 3568 1463 metuens.
3601 1408 3766 1464 Man-

2106 1491 2310 1547 datum
2341 1493 2471 1564 ejus
2499 1492 2761 1549 ministri
2814 1494 3074 1551 exsecuti
3131 1494 3511 1551 adduxerunt
3537 1495 3761 1553 Christi

2105 1588 2385 1653 cognatos
2415 1582 2489 1637 ad
2522 1584 2964 1654 imperatorem.
3012 1583 3058 1640 Ii
3116 1583 3464 1658 interrogati
3496 1601 3531 1641 a
3559 1586 3764 1642 Domi-

2102 1672 2265 1726 tiano
2297 1687 2372 1726 an
2401 1687 2436 1728 a
2464 1670 2684 1727 Davido
2737 1676 2795 1727 et
2843 1672 3075 1727 Christo
3125 1687 3311 1744 genus
3342 1673 3650 1742 ducerent,
3679 1674 3763 1731 ita

2105 1775 2236 1815 esse
2264 1760 2405 1816 fassi
2439 1766 2597 1817 sunt.
2629 1761 2871 1827 Quantas
2930 1778 3089 1833 ergo,
3140 1762 3337 1833 inquit
3365 1763 3760 1833 Domitianus,

350 1853 476 1905 στοῦ
508 1848 634 1909 εἶσι.
690 1849 787 1904 Καὶ
839 1846 1232 1922 ὡμολόγησαν.
1292 1846 1397 1911 Καὶ
1454 1845 1660 1914 πόσων,
1694 1841 1819 1924 ἔφη,
1852 1861 1993 1918 χρη-

2104 1854 2312 1904 vestrm
2364 1857 2503 1905 sunt
2556 1849 2923 1906 facultates?
2968 1850 3423 1922 Responderunt
3470 1852 3764 1907 universis

350 1939 531 2013 μάτων
564 1936 878 2014 κυριεύετέ;
930 1932 1139 2006 Ἐννέα,
1188 1935 1340 2014 φασὶ,
1391 1931 1662 2009 δηναρίων
1693 1934 1745 1988 οἱ
1775 1931 1990 2001 πάντες,

345 2027 435 2082 καὶ
465 2025 717 2101 πλέθρων
745 2034 848 2103 γῆς
883 2024 1109 2104 ὀλίγων,
1159 2024 1209 2095 ἐξ
1267 2025 1341 2079 ὧν
1390 2022 1517 2085 τοὺς
1567 2024 1768 2103 φόρους
1798 2020 1992 2095 ἀναφέ-

345 2136 530 2192 ρομεν.
590 2115 690 2173 Καὶ
751 2115 847 2176 τὰς
904 2120 1098 2193 χεῖρας
1167 2111 1410 2188 σκληρὰς
1464 2112 1524 2168 ἐκ
1578 2119 1678 2182 τῆς
1746 2109 1993 2188 ἐργασίας

343 2202 707 2261 ἐπεδείκνάον.
739 2205 802 2261 Ὁ
833 2200 911 2272 δὲ,
944 2203 1039 2259 Καὶ
1085 2201 1249 2257 ὁποία
1277 2200 1360 2265 τίς
1389 2199 1531 2257 ἐστιν
1562 2203 1596 2270 ἡ
1622 2205 1722 2256 τοῦ
1751 2201 1994 2276 Χριστοῦ

350 2293 621 2369 βασιλεία,
679 2291 769 2349 καὶ
829 2293 962 2349 πότε
1037 2291 1428 2371 φανησομένης
1485 2292 1575 2355 Ὠς
1630 2291 1693 2346 ού
1748 2289 1989 2363 κοσμική

346 2380 476 2438 οὖδὶ
504 2381 762 2460 ἐπίγειος,
810 2376 1028 2460 ἔφασαν,
1088 2380 1405 2458 έπουράνιος
1460 2379 1517 2436 δὲ
1572 2380 1663 2435 καὶ
1720 2378 1809 2434 ἐπὶ
1869 2400 1992 2434 συν-

342 2472 525 2544 τελείᾳ
554 2477 663 2529 τῶν
692 2472 903 2528 αἰώνων
963 2470 1018 2527 ἐν
1077 2468 1206 2547 δόξῃ
1265 2469 1540 2548 ἐρχομένη
1578 2474 1759 2546 κρῖναι
1794 2473 1994 2539 ζῶντας

343 2562 433 2618 καὶ
490 2561 733 2639 νεκρούς.
792 2562 911 2640 Ἐφ’
969 2562 1056 2624 οἶς
1116 2560 1277 2625 αὐτὸς
1327 2560 1538 2616 τούτων
1583 2560 1991 2636 καταφρονήσας

345 2650 668 2728 ἐλευθέρους
703 2652 798 2726 μὶν
854 2649 1048 2714 αὐτοὺς
1103 2649 1319 2729 ἀφεῖναι
1375 2648 1641 2719 ἐκέλευσε,
1677 2649 1765 2705 τὸν
1807 2646 1865 2704 δὲ
1890 2654 1990 2719 τῆς

346 2740 680 2813 Ἐκκλησίας
714 2737 958 2815 διωγμὸν
988 2743 1350 2797 καταπαῦσαι.
1402 2737 1575 2799 Οὗτος
1602 2739 1631 2793 ὁ
1662 2737 1991 2813 Δομετιανὸς

344 2828 587 2906 Νερούαν
639 2828 757 2884 τινά
833 2828 1126 2885 ὑπεύθυνον
1175 2825 1423 2883 ἐκέλευσε
1481 2831 1655 2897 ζῶντα
1715 2824 1992 2902 βληθῆναι

346 2918 422 2981 εἷς
476 2922 608 2993 πῦρ.
664 2920 784 2976 Τῶν
844 2913 903 2973 δὶ
959 2916 1312 2993 ἀστρονόμων
1363 2914 1624 2972 εἰπόντων
1685 2914 1786 2970 ὑπὸ
1837 2916 1994 2977 κυνὸς

341 3010 533 3062 τοῦτον
631 3005 1100 3077 ἀναλωθήσεσθαι,
1194 3004 1347 3068 εὐθὺς
1440 3003 1591 3068 ὑετὸς
1654 3003 1994 3080 κατενεχθεὶς

343 3095 551 3158 πολεὺς
606 3097 705 3167 τήν
746 3096 1012 3171 πυρκαϊὰν
1078 3090 1282 3167 ἔσϐεσε,
1342 3094 1432 3150 καὶ
1489 3091 1767 3168 δεδεμένον
1800 3092 1882 3149 ἔτι
1914 3094 1992 3149 τὼ

340 3190 500 3265 χεῖρε
526 3185 678 3248 κύνες
723 3184 1005 3264 ἀφεθέντες
1057 3187 1250 3241 τοῦτον
1304 3181 1632 3264 κατέφαγον.
1665 3185 1905 3260 Λάργιος
1937 3180 1994 3238 δὲ

336 3272 679 3350 ἀστρονόμος
710 3274 857 3330 εἶπεν
890 3274 967 3339 εἷς
998 3272 1123 3350 ὄψιν
1173 3277 1255 3347 τῷ
1311 3273 1623 3347 Δομετιανῷ
1650 3272 1992 3344 τεθνήξεσθαι

336 3362 523 3440 ἡμέρᾳ
561 3363 719 3440 τῇδε.
783 3366 849 3426 Ὀ
906 3364 964 3422 at
1018 3364 1294 3421 ἐκέλευσεν
1341 3364 1501 3420 αὐτὸν
1556 3362 1906 3443 φυλαχθῆναι
1940 3360 1993 3418 έν

340 3452 592 3530 δεσμοῖς,
624 3455 699 3519 ὡς
746 3453 805 3510 ἂν
854 3461 958 3525 τῆς
1015 3451 1225 3529 ἡμέρας
1285 3451 1608 3524 διελθούσης
1637 3456 1705 3527 τῇ
1735 3450 1989 3529 ἐπαύριον

340 3543 632 3619 ἀναιρήσῃ.
695 3541 873 3600 Ἀλλὰ
951 3542 1245 3621 σφαγέντος
1322 3543 1490 3598 αὐτοῦ
1546 3540 1649 3598 ὑπὸ
1721 3541 1993 3618 Στεφάνου

342 3629 711 3706 ἀπελευθέρου
741 3631 931 3700 αὐτοῦ,
973 3630 1217 3701 ἀπελύθη
1277 3625 1551 3701 ἀϐλαϐής.
1584 3631 1758 3693 Οὗτος
1783 3627 1993 3686 Ἀπολ-

348 3718 550 3775 λώνιον
608 3721 702 3775 τὸν
761 3721 973 3777 Τυανέα
1026 3719 1275 3796 ἀπέκειρε
1329 3720 1420 3775 καὶ
1478 3716 1696 3793 δέσμιον
1730 3718 1807 3782 είς
1838 3714 1994 3774 δικα-

342 3809 570 3882 στήριον
597 3806 788 3885 ⁴ἤγαγε.
821 3807 954 3866 Τότε
984 3807 1110 3887 φασί
1162 3810 1251 3864 καὶ
1310 3809 1374 3865 τὸ
1412 3806 1834 3884 πολυθρύλητον
1865 3805 1994 3871 ἔπος

333 3895 513 3953 έκεῖνο
542 3897 637 3953 τὸν
672 3895 1051 3955 Ἀπολλώνιον
1082 3897 1269 3953 εἰπεῖν’

345 4149 429 4208 Οὐ
462 4148 566 4227 μάν
601 4170 669 4225 με
695 4168 951 4220 κτανεεις,
1005 4149 1121 4206 ἐπεὶ
1178 4148 1246 4206 οὔ
1295 4171 1382 4208 τοι
1435 4150 1709 4229 μόρσιμός
1737 4152 1853 4226 εἶμι
1883 4154 1997 4227 (52)

344 4295 441 4350 καὶ
470 4291 699 4375 ἄφαντον
754 4292 999 4370 γενέσθαι
1052 4301 1415 4370 παραχρῆμα,
1448 4297 1564 4353 κατ’
1610 4294 1777 4368 αὐτὴν
1811 4294 1868 4352 δὲ
1895 4298 1993 4367 τὴν

346 4384 496 4459 ὤραν
552 4382 836 4458 εὑρεθῆναι
895 4382 971 4446 εἷς
1024 4381 1325 4445 Ποτιόλους
1380 4385 1604 4460 ἡμερῶν
1656 4389 1822 4445 τριῶν
1877 4382 1998 4442 διά-

342 4492 548 4546 στημα.
609 4472 707 4534 Ὃς
756 4472 929 4547 εὑρὼν
985 4470 1158 4529 ἐκεῖσε
1209 4472 1299 4527 τὸν
1360 4473 1610 4546 μαθητήν
1666 4474 1836 4530 αὐτοῦ
1894 4476 1998 4530 Δά-

348 4581 526 4635 μαντα
554 4559 878 4638 ἀνήγγειλεν
936 4561 1088 4635 αὐτῷ
1143 4561 1211 4616 τὰ
1264 4563 1383 4619 κατ’
1437 4561 1622 4634 αὐτὸν,
1655 4564 1792 4620 καθὰ
1822 4561 1994 4620 Φιλόο

346 4670 579 4726 στρατός
609 4651 836 4724 ἱστορεῖ.
870 4650 969 4705 Καὶ
1016 4654 1096 4723 τῷ
1159 4650 1295 4723 μετὰ
1346 4651 1673 4724 Δομετιανὸν
1728 4650 1992 4727 μέλλοντι

350 4737 674 4815 βασιλεῦσαι
705 4738 918 4815 Νερούᾳ
947 4741 1048 4808 την
1103 4736 1359 4808 τελευτὴν
1412 4740 1728 4815 γράμμασιν
1768 4741 1991 4806 οἰκείοις

343 4829 745 4903 προεσήμαινεν.
815 4830 932 4906 Ἐφ’
987 4827 1050 4883 οὗ
1125 4830 1394 4901 Τιμόθεος
1454 4830 1482 4887 ὁ
1539 4830 1848 4895 ἀπόστολος
1902 4831 1992 4887 καὶ

341 4917 652 4989 Ὀνήσιμος
696 4916 1100 4992 ἐμαρτύρησαν,
1155 4918 1245 4974 καί
1303 4917 1542 4991 Κλήμης
1597 4918 1731 4995 ὑπὲρ
1758 4921 1993 4995 Χριστοῦ

340 5005 668 5081 ἀναιρεῖται,
724 5007 814 5062 καὶ
874 5008 1133 5078 Ἰωάννης
1187 5006 1578 5083 εὐαγγελιστὴς
1607 5007 1659 5064 ἐν
1690 5010 1894 5083 Πάτμῳ
1922 5015 1992 5085 τῇ

338 5096 494 5168 νήσῳ
523 5095 600 5158 ὡς
634 5094 925 5161 ὑπεύθυνος
963 5094 1274 5171 έξορίζεται.

414 5185 476 5242 Ὀ
509 5186 595 5258 [Ρ.
629 5186 755 5258 246]
789 5182 847 5240 δὲ
876 5182 1251 5248 Ἀπολλώνιος
1302 5184 1409 5241 ἀπὸ
1462 5187 1683 5261 Ῥώμης
1714 5185 1889 5252 ἐλθὼν
1919 5188 1996 5254 εἰς

337 5274 406 5328 τὸ
446 5273 757 5346 Βυζάντιον,
814 5272 906 5330 καὶ
962 5272 1334 5349 παρακληθεὶς
1393 5274 1498 5331 ὑπὸ
1546 5279 1653 5332 τῶν
1708 5275 1993 5351 ἐντοπίων,

2105 1952 2233 1994 esse
2266 1955 2477 1994 novem
2519 1938 2795 1995 denarios
2854 1945 2912 1995 et
2965 1955 3155 2012 pauca
3185 1939 3309 2011 agri
3331 1940 3563 2013 jugera,
3599 1940 3757 1996 unde

2105 2027 2391 2083 tributum
2436 2028 2706 2084 solvant:
2761 2028 2938 2084 simul
2996 2035 3055 2084 et
3108 2045 3346 2097 manus,
3380 2046 3511 2100 quas
3570 2028 3755 2086 callos

2105 2115 2399 2174 duxerant
2428 2134 2605 2190 opere
2636 2116 2935 2184 faciundo,
2961 2118 3368 2174 ostenderunt.
3391 2119 3539 2174 Tum
3565 2117 3754 2190 impe-

2102 2211 2300 2263 rator:
2334 2209 2405 2262 Et
2429 2207 2730 2279 quodnam
2764 2213 2855 2264 est
2878 2207 3094 2264 Christi
3125 2221 3396 2280 regnum,
3419 2224 3486 2264 ac
3517 2208 3756 2281 quando

2103 2297 2384 2370 appetet?
2405 2297 2859 2370 Responderunt
2879 2314 3002 2354 non
3024 2314 3151 2354 esse
3164 2298 3538 2355 mundanum
3562 2315 3759 2371 neque

2102 2390 2429 2454 terrenum,
2465 2386 2569 2441 sed
2600 2386 2859 2450 coaleste,
2893 2392 2951 2442 et
2984 2387 3283 2442 Christum
3313 2387 3376 2441 in
3406 2388 3525 2442 fine
3551 2386 3762 2443 mundi

2102 2473 2162 2529 id
2195 2474 2508 2539 initurum,
2540 2474 2643 2529 ubi
2673 2475 2745 2529 de
2772 2474 2914 2529 vivis
2950 2474 3027 2529 sit
3074 2479 3134 2530 et
3178 2474 3431 2530 mortuis
3454 2475 3761 2547 judicatu-

2102 2579 2224 2618 rus.
2267 2561 2351 2618 Ob
2408 2563 2535 2618 haac
2576 2563 2892 2635 imperator
2947 2562 3076 2618 istis
3134 2561 3482 2618 hominibus
3517 2562 3754 2635 spretis,

2100 2651 2374 2708 libertate
2405 2651 2643 2708 donavit
2672 2657 2859 2721 eos,et
2887 2668 2921 2707 a
2944 2650 3377 2724 prosequendis
3402 2650 3755 2707 Christianis

2104 2741 2311 2797 desisti
2335 2741 2534 2813 jussit.
2563 2742 2618 2796 Is
2644 2741 3015 2797 Domitianus
3036 2741 3285 2796 Nervam
3318 2741 3636 2812 quemdam
3667 2740 3754 2796 rei

2103 2830 2375 2903 capitalis
2406 2831 2755 2886 damnatum
2776 2830 2970 2885 vivum
3000 2830 3062 2885 in
3084 2830 3285 2904 ignem
3311 2828 3528 2902 conjici
3553 2829 3758 2902 jussit.

2102 2919 2427 2993 Astrologis
2459 2924 2657 2975 autem
2680 2918 3140 2992 prmdicentihus
3168 2934 3303 2974 eum
3334 2934 3369 2973 a
3397 2934 3545 2973 cane
3576 2916 3763 2973 lania-

2100 3013 2230 3064 tum
2290 3007 2384 3073 iri,
2446 3008 2647 3063 statim
2720 3008 2920 3081 largus
2992 3006 3191 3062 imber
3254 3005 3497 3062 obortus
3553 3022 3762 3079 rogum

2105 3097 2407 3163 exstinxit,
2441 3103 2499 3152 et
2527 3094 2782 3153 immissi
2832 3098 3031 3152 Nervas
3089 3094 3283 3151 adhuc
3315 3112 3530 3151 manus
3579 3095 3760 3167 ligato

2106 3203 2284 3243 canes
2315 3202 2452 3242 eum
2484 3184 2934 3242 devoraverunt.
2990 3185 3230 3258 Largius
3260 3200 3396 3239 vero
3429 3182 3761 3255 astrologus

2105 3276 2168 3331 in
2188 3275 2401 3332 faciem
2422 3274 2753 3331 Domitiano
2770 3274 2920 3331 dixit
2940 3290 3076 3330 eum
3097 3272 3190 3329 die
3210 3288 3387 3345 quam
3411 3270 3763 3327 nominabat

2105 3366 2483 3423 moriturum.
2546 3364 2918 3421 Domitianus
2971 3378 3103 3419 eum
3153 3363 3370 3418 servari
3417 3362 3481 3417 in
3510 3361 3762 3417 vinculis

2097 3455 2301 3529 jussit,
2335 3461 2393 3511 et
2421 3470 2491 3510 ea
2521 3454 2615 3510 die
2648 3459 2854 3510 exacta
2883 3454 3033 3510 481
3072 3450 3359 3525 postridie
3399 3450 3757 3509 necandum.

2107 3545 2220 3601 Sed
2250 3546 2630 3616 imperatore,
2662 3544 2747 3599 uti
2778 3542 3149 3616 prtedixerat.
3176 3541 3395 3611 occiso,
3426 3541 3540 3597 fuit
3569 3557 3603 3597 a
3633 3541 3763 3598 Ste-

2107 3633 2305 3705 phano
2334 3633 2547 3688 liberto
2578 3632 2757 3702 illius,
2791 3632 2920 3687 sine
2950 3646 3106 3687 noxa
3133 3630 3436 3687 dimissus.
3470 3632 3526 3685 Is
3556 3630 3760 3685 Domi-

2106 3725 2305 3779 tianus
2338 3721 2723 3793 Apollonium
2754 3722 3055 3793 Tyaneum
3098 3725 3338 3775 tonsum
3370 3718 3757 3789 vinctumque

2108 3812 2183 3868 ad
2212 3809 2471 3867 tribunal
2497 3807 2761 3865 adduxit.
2793 3808 2916 3874 Quo
2949 3814 3214 3879 tempore
3245 3809 3446 3862 ferunt
3483 3806 3543 3861 id
3573 3806 3757 3862 fuisse

2106 3901 2179 3957 ab
2226 3898 2537 3972 Apollonio
2568 3898 2793 3954 dictum
2832 3895 2992 3970 quod
3032 3896 3300 3951 omnium
3353 3893 3568 3949 deinde
3632 3910 3756 3949 ser-

2105 4006 2281 4047 mone
2313 3992 2403 4044 est
2431 3985 2817 4044 celebratum.

2178 4156 2262 4210 Me
2285 4166 2398 4208 non
2444 4152 2725 4206 interimas
2743 4165 2767 4214 ;
2811 4161 2925 4203 non
2955 4146 3057 4201 hoc
3099 4143 3205 4201 tibi
3231 4147 3357 4214 fata
3393 4143 3683 4209 dederunt,

2109 4292 2407 4364 simulque
2438 4289 2633 4347 subito
2663 4286 3010 4360 conspectui
3041 4285 3352 4342 hominum
3394 4281 3756 4339 subductum

2106 4384 2312 4451 fuisse,
2344 4382 2770 4451 inventumque
2801 4377 3011 4434 eadem
3058 4375 3209 4431 hora
3253 4374 3540 4441 Puteolis,
3572 4371 3761 4428 tridui

2108 4492 2144 4531 a
2168 4476 2354 4530 Roma
2381 4471 2614 4538 itinere,
2668 4466 2958 4538 discipulo
3019 4482 3125 4521 suo
3158 4463 3391 4521 Damidi
3416 4462 3641 4519 ibidem
3670 4477 3760 4516 re-

2107 4572 2296 4640 perto,
2319 4563 2462 4637 quid
2484 4579 2687 4619 secum
2708 4560 2920 4617 fuisset
2938 4563 3136 4615 actum
3159 4556 3524 4630 exposuisse.
3539 4557 3761 4612 Auctor

2102 4656 2516 4714 Philostratus.
2576 4652 2681 4707 Hic
2739 4649 3089 4723 Apollonius
3146 4649 3370 4715 Nervas,
3414 4645 3516 4717 qui
3563 4645 3759 4700 fuerat

2104 4745 2440 4803 Domitiano
2485 4757 2891 4807 successurus,
2947 4739 3169 4794 exitum
3226 4736 3483 4810 prapriis
3540 4731 3755 4789 litteris

2107 4831 2736 4908 prmdixitDomitiano
2759 4829 3093 4901 imperante
3113 4825 3446 4883 doctrinam
3468 4821 3757 4877 Christia—

2103 4941 2243 4980 nam
2259 4922 2601 4978 Timotheus
2615 4918 2919 4991 apostolus
2933 4922 2991 4973 et
3003 4915 3315 4973 Onesimus
3336 4929 3442 4968 suo
3460 4908 3752 4981 supplicio

2058 4996 2069 5007 ’
2103 5031 2213 5071 con
2225 5015 2567 5077 ﬁrmarunt;
2586 5010 2849 5080 itemque
2865 5007 3225 5074 Clemens,et
3242 5005 3496 5059 Joannes
3514 5015 3755 5072 evange-

2103 5102 2242 5160 lista
2262 5102 2577 5157 damnatus
2607 5099 2669 5154 in
2699 5096 2958 5154 insulam
2989 5096 3237 5149 Patmon
3268 5095 3357 5146 est
3386 5090 3752 5162 deportatus.

2174 5193 2466 5247 Cmterum
2498 5185 2848 5259 Apollonius
2881 5187 3064 5241 Roma
3094 5180 3432 5253 Byzantium
3458 5177 3756 5251 profectus

2103 5285 2313 5352 rogatu
2342 5279 2559 5335 civium
2590 5291 2659 5331 ea
2697 5273 2843 5331 urbe
2890 5268 3339 5329 multitudinem
3366 5267 3655 5342 anguium
3685 5282 3753 5324 ac

1554 5403 1919 5461 XYLANDRI
1956 5406 2042 5460 ET
2079 5405 2297 5461 GOARI
2335 5403 2562 5460 ΝΟΤΑΞ.

409 5524 523 5598 (δι)
555 5525 645 5580 Ad
674 5524 957 5581 verbum:
1002 5529 1312 5598 promerita
1331 5526 1456 5597 jam
1485 5528 1617 5584 olim
1645 5529 1853 5585 innate
1881 5530 1990 5586 sibi

340 5596 648 5669 ferocitatis
671 5599 908 5667 pramia
936 5596 1264 5669 reportavit.
1299 5596 1470 5654 G’oaa.

422 5669 537 5739 (52)
570 5669 782 5724 Versus
813 5674 906 5725 est
932 5669 1005 5725 de
1034 5670 1204 5725 initio
1230 5669 1444 5726 Iliadis.
1478 5671 1803 5728 Homericae
1850 5671 1989 5727 libri

344 5754 489 5812 xxxi,
521 5755 640 5812 quo
671 5740 877 5813 Apollo
906 5740 1195 5798 Achillem
1226 5757 1261 5796 a
1292 5756 1354 5797 se
1383 5742 1751 5814 insequendo
1774 5743 1990 5799 dehor-

2102 5533 2276 5585 tatur.
2306 5529 2383 5600 Dc
2406 5525 2719 5600 Apollonio
2741 5525 2934 5600 exstat
2946 5517 3547 5600 ju_stun_1_Philostrati
3579 5534 3748 5589 opus,

2099 5606 2158 5655 et
2188 5600 2313 5655 hazc
2342 5591 2544 5654 fabula
2577 5602 2667 5653 est
2696 5596 2756 5650 in
2790 5593 2830 5650 l.
2857 5591 2968 5648 vm.
2996 5591 3306 5648 Damidem
3335 5606 3593 5663 quoque,
3626 5604 3749 5643 non

2100 5673 2449 5727 Damantem
2482 5670 2593 5741 legi
2624 5668 2839 5724 debere
2872 5663 3013 5720 satis
3061 5680 3133 5719 ex
3165 5679 3255 5735 eo,
3289 5661 3468 5718 suida
3497 5661 3747 5731 aliisque

2099 5747 2347 5799 constat.
2381 5743 2518 5796 XYL.
