4194 6198
437 313 555 373 471

1799 300 2126 365 GEORGII
2167 300 2526 365 CEDRENI

3720 306 3840 366 472

440 446 809 518 scorpiorum
841 440 1167 512 expulit,ne
1190 438 1283 494 cui
1308 453 1484 510 porro
1517 435 1747 493 homini
1780 436 2088 490 nocerent.

2205 431 2434 504 ἐποίησε
2488 435 2675 506 ταῦτα,
2734 432 3071 510 φυγαδεύσας
3127 435 3192 492 τὸ
3244 434 3459 507 πλῆθος
3510 441 3620 491 τῶν
3666 435 3843 511 ὄφεων

436 537 737 605 Equorum
769 530 947 586 etiam
979 529 1040 582 in
1066 526 1456 582 conventibus
1482 526 1820 598 principum
1842 523 2084 579 confuse

433 621 848 678 ferocientium
880 615 1297 687 intemperiem
1346 615 1683 671 refrenavit.
1714 613 1880 669 Idem
1907 612 1981 667 ab
2011 627 2081 667 eo

434 709 776 775 Antiochiae,
810 723 944 762 cum
976 722 1045 762 eo
1078 706 1356 772 venisset,
1389 705 1779 778 efﬂagitatum
1801 707 1908 759 est.
1939 701 2086 758 Cum

433 799 595 855 enim
624 797 1055 852 Antiochenses
1085 813 1120 851 a
1151 796 1401 868 scorpiis
1441 800 1500 851 et
1530 794 1817 851 culicibus
1847 793 2083 848 divexa-

428 892 659 954 rentur,
686 901 909 941 areum
946 886 1069 957 ipse
1124 885 1426 957 scorpium
1456 884 1754 953 conﬂavit,
1788 894 2086 954 supraque

433 994 571 1033 eum
604 976 663 1030 in
695 979 853 1031 terra
881 974 1219 1045 depositum
1250 991 1431 1046 parva
1456 979 1654 1030 erecta
1683 974 1963 1030 columna
1991 988 2090 1044 po-

429 1065 570 1138 pulo
595 1064 779 1137 jussit
824 1068 891 1119 ut
944 1063 1206 1119 calamos
1268 1068 1587 1135 gestarent,
1622 1078 1846 1134 perque
1876 1060 2088 1116 urbem

429 1154 774 1221 circuirent,
807 1159 864 1208 et
908 1153 1169 1208 calamos
1226 1152 1638 1207 concutientes
1674 1151 2084 1206 inclamarent.

429 1245 611 1298 Vacet
645 1241 789 1297 urbs
823 1241 1135 1297 culicibus.
1192 1241 1345 1297 482
1400 1242 1481 1296 Eo
1519 1239 1696 1295 modo
1759 1244 1817 1294 et
1871 1235 2087 1308 scorpii

428 1336 488 1387 et
516 1330 736 1387 culices
767 1347 837 1386 ea
880 1347 951 1384 ex
981 1329 1127 1384 urbe
1175 1328 1470 1401 profligati
1523 1332 1681 1384 sunt.
1714 1327 1860 1382 Cum
1890 1331 2088 1381 autem

426 1426 733 1497 peteretur
766 1420 838 1475 ab
874 1436 942 1475 eo
972 1425 1039 1474 ut
1070 1424 1237 1473 terras
1270 1424 1468 1475 motus
1495 1418 1711 1490 quibus
1737 1416 2091 1489 afﬂigeban-

428 1516 527 1566 tur
556 1514 865 1576 averteret,
900 1507 1298 1581 ingemiscens
1352 1507 1415 1562 in
1445 1506 1668 1562 tabulis
1700 1506 1784 1560 ita
1812 1505 2088 1576 scripsit:

432 1602 531 1655 νω
562 1599 691 1666 tibi,
715 1597 936 1654 misera
958 1597 1120 1665 urbs,
1145 1596 1428 1668 quoniam
1452 1602 1625 1651 terras
1650 1594 1910 1650 motibus
1941 1593 2089 1649 mul-

434 1690 510 1743 tis
567 1687 983 1757 incendiisque
1039 1685 1456 1758 prosterneris,
1517 1691 1696 1756 teque
1735 1685 1987 1740 Orontes
2015 1681 2089 1738 ad

2190 521 2281 576 καὶ
2313 523 2586 598 σκορπίων
2642 523 2702 578 ἐκ
2754 531 2857 594 τῆς
2914 523 3154 597 πόλεως,
3212 522 3354 580 ὥστε
3415 526 3492 598 μή
3541 524 3843 581 ἀδικεῖσθαι

2196 611 2288 667 ὑπ’
2318 611 2493 667 αὐτῶν
2521 610 2649 674 τοὺς
2678 611 3019 689 ἀνθρώπους,
3069 613 3159 669 καὶ
3206 617 3314 668 τῶν
3362 611 3549 669 ἵππων
3581 617 3680 686 τὴν
3713 615 3841 672 ἀτα-

2191 700 2304 774 ξίαν
2338 699 2650 776 χαλινώσας
2710 701 2761 758 ἐν
2802 708 2922 767 ταῖς
2972 702 3314 759 συνελεύσεσι
3358 707 3466 760 τῶν
3535 706 3843 781 ἀρχόντων.

2190 788 2462 853 Ὡσαύτως
2514 790 2605 846 καὶ
2653 790 2730 854 εἷς
2793 790 3134 870 Ἀντιόχειαν
3194 793 3631 868 παραγενόμενος
3665 792 3845 850 δυσωο

2191 880 2386 949 πηοεὶς
2444 879 2685 952 ἐποίησε.
2740 881 3187 955 Τυραννουμένων
3236 884 3341 958 γάρ
3370 887 3478 938 τῶν
3512 883 3843 961 ’Δντιοχέων

2196 968 2299 1023 ὑπὸ
2350 972 2459 1023 τῶν
2497 970 2771 1044 σκορπίων
2832 969 2921 1025 καὶ
2980 971 3278 1043 κωνώπων,
3333 974 3570 1043 ποιήσας
3624 972 3838 1048 χαλκὸν

2191 1057 2457 1133 σκορπίον
2512 1059 2603 1114 καὶ
2659 1059 2846 1135 χώσας
2903 1058 3061 1114 αὐτὸν
3138 1058 3190 1115 ἐν
3243 1064 3312 1135 τῇ
3364 1064 3435 1135 γῇ
3488 1063 3578 1117 καὶ
3642 1064 3834 1137 μικρὸν

2192 1144 2486 1219 ἐπιστήσας
2542 1147 2724 1204 ἐπάνω
2778 1148 2956 1219 κίονα,
3041 1149 3320 1223 βαστάζειν
3406 1152 3696 1224 προσέταξε
3750 1173 3848 1207 κα·-

2194 1235 2407 1309 λάμους
2462 1241 2543 1309 τῷ
2602 1236 2744 1310 λαῷ,
2797 1237 2889 1293 καὶ
2946 1237 3411 1314 περιερχομένους
3462 1240 3513 1295 ἐν
3578 1245 3647 1315 τῇ
3680 1239 3848 1297 πόλει

2192 1324 2428 1399 κράζειν,
2488 1327 2617 1388 τοὺς
2673 1326 2956 1400 καλάμους
3014 1327 3366 1399 ἐπισείοντας,
3445 1329 3744 1387 Ἀκώνωπα
3772 1335 3844 1405 τῇ

2192 1413 2376 1471 πόλει.
2411 1415 2511 1469 Καὶ
2565 1414 2739 1480 οὕτως
2791 1413 3214 1490 ἐξηφανίσθησαν
3265 1415 3326 1471 ἐκ
3377 1424 3478 1488 τῆς
3532 1415 3748 1481 πόλεως
3791 1420 3845 1475 οἳ

2192 1524 2252 1560 τε
2281 1504 2534 1580 σκορπίοι
2564 1504 2656 1560 καὶ
2704 1507 2758 1561 οἱ
2808 1508 3090 1570 κώνωπες.
3147 1507 3407 1579 Αῒτηθεὶς
3462 1505 3519 1564 δὲ
3573 1510 3663 1564 καὶ
3716 1510 3845 1586 περὶ

2192 1597 2301 1648 τῶν
2359 1592 2712 1666 ἐπικειμένων
2768 1594 2905 1670 αὐτῇ
2980 1600 3238 1670 σεισμῶν,
3309 1598 3557 1668 στενάξας
3613 1592 3848 1674 ἔγραψεν

2195 1680 2248 1736 ἐν
2279 1679 2532 1758 διπτύχῳ
2560 1687 2748 1738 ταῦτα*
2780 1683 2916 1741 Ούαί
2974 1705 3084 1753 σοι,
3141 1682 3372 1741 τάλαινα
3396 1684 3585 1755 πόλις,
3617 1686 3703 1743 ὅτι
3734 1709 3853 1743 σει-

431 1778 593 1848 ripas
623 1793 759 1832 suas
809 1774 1071 1833 deﬂebit.
1134 1776 1214 1830 De
1274 1775 1385 1830 hoc
1442 1790 1696 1847 magnus
1742 1772 2088 1828 Anastasius

2198 1777 2385 1843 σμοῖσι
2416 1770 2655 1834 πολλοῖς
2685 1773 2776 1828 καὶ
2823 1780 3053 1849 πυρσοῖς
3108 1778 3507 1851 κατενεχθήσῃ.
3542 1775 3850 1833 Κλαύσεται

428 1864 743 1937 Theopolis
797 1864 1111 1935 episcopus
1170 1863 1254 1918 ita
1309 1862 1550 1919 scribit:
1602 1860 1967 1928 Quibusdam
2025 1860 2089 1915 in

431 1954 581 2010 locis
609 1953 685 2009 ad
713 1954 870 2009 hunc
901 1968 1088 2024 usque
1119 1952 1278 2008 diem
1303 1951 1604 2023 Apollonii
1633 1967 1815 2023 opera
1844 1955 2004 2005 stant
2033 1955 2093 2004 et

430 2059 599 2099 suam
623 2042 845 2097 habent
875 2040 1309 2107 efficacitatem,
1342 2040 1461 2096 alia
1507 2038 1993 2111 quadrupedibus
2023 2054 2091 2093 ac

428 2130 769 2186 volucribus
826 2129 1129 2185 damnosis
1178 2127 1535 2197 avertendis,
1567 2128 1684 2184 alia
1734 2127 1809 2184 ad
1866 2125 2089 2182 inordi-

433 2226 606 2277 natos
627 2220 895 2275 amnium
921 2236 1203 2275 excursus
1226 2217 1732 2286 inhibendos,alia
1754 2217 1888 2273 aliis
1912 2216 2090 2271 rebus

434 2327 566 2382 quas
607 2308 952 2365 hominibus
1008 2307 1431 2364 detrimentum
1488 2309 1744 2363 aﬂ‘erent
1794 2304 2089 2362 arcendis.

430 2402 634 2471 Neque
669 2415 735 2454 eo
767 2403 1000 2454 tantum
1032 2398 1159 2453 vivo
1192 2398 1494 2454 daemones
1544 2414 1648 2468 per
1678 2396 1875 2469 ipsum
1908 2400 1995 2451 tot
2023 2411 2093 2451 ac

428 2489 571 2545 talia
600 2492 866 2561 egerunt,
894 2486 997 2543 sed
1019 2487 1147 2559 ipso
1182 2487 1364 2543 etiam
1395 2492 1627 2542 mortuo
1659 2485 1733 2541 ad
1761 2484 2091 2541 monimen-

434 2585 561 2636 tum
611 2580 741 2652 ejus
798 2584 1340 2650 perseveraverunt,
1389 2584 1564 2649 atque
1616 2574 1815 2649 ipsius
1848 2575 2091 2631 nomine

430 2669 725 2725 miracula
753 2667 1025 2738 quaedam
1080 2666 1396 2721 ediderunt
1424 2666 1498 2720 ad
1529 2664 1947 2737 decipiendum
1978 2664 2085 2718 mi-

439 2776 604 2815 seros
635 2757 928 2821 homines,
971 2756 1071 2825 qui
1128 2755 1301 2810 facile
1350 2754 1693 2825 hujusmodi
1725 2755 1904 2809 rebus
1954 2769 2017 2808 se
2058 2770 2094 2808 a

433 2845 666 2903 diabolo
697 2847 760 2899 in
790 2844 1059 2899 fraudem
1116 2843 1318 2898 induci
1377 2844 1703 2914 patiuntur.
1747 2841 1898 2907 Quid
1929 2841 2091 2896 enim

435 2935 630 2991 dicam
662 2933 734 2987 de
766 2931 1136 2987 Manethonis
1184 2931 1429 3001 magicis
1462 2930 1742 3001 operibus
1766 2930 1794 2985 ?
1824 2930 1925 3000 qui
1958 2934 2090 2984 tan-

432 3028 529 3079 tus
558 3021 672 3077 fuit
699 3022 950 3076 istarum
982 3020 1446 3093 imposturarum
1495 3018 1727 3084 artifex,
1760 3022 1828 3073 ut
1858 3034 2095 3089 semper

429 3113 630 3187 palam
661 3112 1039 3184 Apollonium
1069 3111 1321 3167 irriserit
1352 3117 1417 3166 ut
1463 3127 1584 3166 non
1614 3112 1877 3182 perfecta
1907 3110 2087 3182 hujus

430 3203 716 3260 doctrinae
730 3202 943 3273 peritia
955 3201 1311 3257 instructum
1327 3199 1668 3272 :Oportebat
1680 3199 2084 3266 enim,aiebat:

433 3308 591 3359 eum,
626 3289 800 3347 sicuti
859 3306 963 3362 ego
1018 3289 1204 3354 soleo,
1245 3288 1390 3344 solis
1420 3287 1612 3342 verbis
1642 3287 1925 3360 perﬁcere
1957 3303 2088 3358 qua:

431 3381 630 3447 vellet,
671 3395 794 3434 non
842 3394 1092 3449 operum
1143 3376 1558 3433 eﬂ‘ectionibus
1592 3375 1667 3431 ad
1700 3392 1770 3431 ea
1800 3375 1905 3431 uti.
1956 3376 2091 3430 Haec

434 3473 634 3528 autem
652 3467 852 3522 omnia
868 3466 971 3521 Dei
990 3465 1284 3538 permissu
1303 3470 1361 3521 et
1379 3465 1719 3520 daemonum
1742 3463 2089 3520 efﬁcacitate

435 3560 609 3626 ﬁunt,
639 3562 707 3613 ut
734 3556 1075 3629 hujusmodi
1111 3555 1288 3613 rebus
1338 3572 1474 3613 vera
1516 3561 1722 3611 nostra
1752 3555 2092 3626 exploretur

440 3647 610 3717 ﬁdes,
642 3646 893 3703 ﬁrmans
924 3662 995 3701 ea
1023 3645 1101 3701 sit
1140 3650 1201 3701 et
1226 3644 1342 3700 ﬁxa
1371 3644 1739 3716 Dominoque
1783 3644 1937 3699 438
1985 3643 2089 3699 ad-

437 3738 694 3804 haarens,
725 3752 921 3808 neque
954 3734 1027 3791 ab
1084 3752 1154 3791 eo
1212 3752 1274 3790 se
1323 3734 1498 3790 avelli
1538 3734 1743 3790 sinens
1775 3733 2088 3805 praastigiis

436 3826 569 3882 istis
589 3842 657 3882 ac
687 3823 994 3880 diabolicis
1025 3823 1328 3897 prodigiis,
1362 3840 1492 3895 qua:
1524 3822 1856 3878 ministerio
1889 3838 2087 3878 servo-

434 3931 570 3970 rum
599 3912 998 3986 improbitatis
1029 3912 1307 3968 eduntur.
1339 3912 1565 3984 Quippe
1593 3912 1770 3968 etiam
1802 3911 1905 3966 Dei
1936 3928 2090 3982 prai-

434 4010 704 4062 texentes
734 4019 955 4059 nomen
984 4001 1253 4058 nonnulli
1280 4002 1577 4057 vaticinati
1612 4007 1770 4067 sunt,
1796 4006 1863 4056 ut
1884 4000 2086 4056 Balaa-

434 4110 591 4161 mus,
623 4091 833 4148 Saulus
865 4097 922 4146 et
961 4089 1393 4163 Caiaphas.Alii
1452 4089 1641 4146 malos
1688 4089 1892 4162 genios
1948 4088 2089 4144 abe-

434 4188 667 4255 gerunt,
699 4186 765 4237 ut
787 4180 965 4237 Iudas
1025 4186 1084 4234 et
1140 4180 1247 4235 ﬁlii
1308 4181 1523 4236 Scevm.
1560 4182 1643 4235 Ita
1673 4179 1862 4251 gratia
1890 4179 2088 4234 divina

436 4272 616 4326 etiam
648 4286 754 4342 per
784 4268 1060 4341 indignos
1081 4267 1403 4339 aliquando
1433 4273 1710 4339 operatur
1740 4273 1805 4322 ut
1833 4267 1967 4323 aliis
1990 4267 2090 4322 be-

437 4358 715 4414 nefaciat.
742 4360 886 4413 Nam
908 4356 1220 4412 Balaamus
1243 4373 1437 4428 neque
1452 4362 1614 4411 recte
1634 4357 1869 4412 vivebat
1892 4373 2087 4428 neque

434 4463 572 4502 vera
600 4451 729 4502 erat
758 4445 874 4501 fide
906 4445 1229 4516 prmditus:
1282 4451 1340 4500 et
1391 4452 1591 4502 tamen
1631 4445 1732 4501 Dei
1765 4446 1953 4519 gratia
1982 4462 2089 4517 per

2197 1856 2255 1914 at
2286 1880 2342 1915 σε
2368 1861 2457 1915 καὶ
2490 1862 2518 1917 ὁ
2550 1863 2677 1935 παρ’
2706 1860 2987 1937 αἰγιαλοῖς
3043 1859 3328 1938 Ὀρόντης.
3384 1864 3514 1939 Περὶ
3568 1866 3631 1921 οὗ
3667 1866 3852 1940 μέντοι

2195 1948 2286 2005 καὶ
2316 1950 2345 2005 ὁ
2384 1948 2554 2027 μέγας
2585 1951 2936 2015 Ἀναστάσιος
3000 1951 3360 2016 Θεουπόλεώς
3414 1974 3597 2032 φησιν·
3629 1955 3845 2013 Ἀπολ-

2198 2037 2404 2094 λωνίου
2460 2036 2518 2094 δέ
2577 2041 2746 2118 μέχρι
2804 2044 2896 2094 νῦν
2954 2040 3010 2096 ἕν
3065 2062 3176 2097 τισι
3235 2043 3429 2105 τόποις
3478 2043 3851 2120 ἐνεργοῦσιτᾶ

2197 2127 2611 2201 ἀποτελέσματα
2695 2129 2973 2203 ἱστάμενα,
3054 2132 3123 2186 τά
3203 2133 3295 2205 μὲν
3374 2131 3450 2195 εἲς
3524 2132 3847 2208 ἀποτροπὴν

2196 2218 2352 2287 ζώων
2402 2215 2749 2293 τετραπόδων
2802 2219 2895 2275 καὶ
2934 2224 3190 2276 πετεινῶν
3241 2221 3503 2297 βλάπτειν
3538 2219 3841 2297 δυναμένων

2194 2304 2537 2380 ἀνθρώπους,
2595 2308 2663 2362 τὰ
2702 2305 2760 2362 δὲ
2821 2307 2897 2371 εἰς
2976 2307 3191 2385 ἐποχὴν
3250 2311 3534 2385 ῥευμάτων
3591 2318 3847 2387 ποταμοῦ

2194 2393 2457 2482 ἀτάκτως,
2496 2398 2818 2476 φερομένου,
2876 2398 2968 2453 καὶ
3025 2397 3173 2455 ἄλλα
3227 2399 3305 2462 εἷς
3363 2395 3519 2475 ἔτερα
3556 2400 3646 2456 ἐπὶ
3678 2405 3852 2482 φθορᾷ

2194 2485 2285 2540 καὶ
2319 2480 2499 2559 βλάϐῃ
2527 2485 2826 2562 ἀνθρώπων
2891 2488 3213 2564 ὑπάρχοντα
3273 2490 3619 2566 ἀποτρόπαια
3658 2480 3853 2547 ⁴ἵσταν-

2192 2594 2303 2630 ται.
2337 2573 2446 2630 Μαὶ
2505 2574 2567 2629 ού
2629 2571 2793 2648 μόνον
2845 2574 2896 2631 ἐν
2953 2580 3022 2651 τῇ
3082 2579 3200 2650 ζωῇ
3255 2578 3425 2634 αὐτοῦ
3467 2583 3635 2635 ταῦτα
3660 2580 3851 2636 καὶτά

2193 2662 2416 2719 τοιαῦτα
2467 2664 2786 2743 εἰργάσαντο
2846 2666 2896 2721 οἱ
2961 2664 3219 2740 δαίμονες
3266 2666 3333 2723 δι’
3382 2669 3572 2738 αὐτοῦ,
3618 2667 3765 2725 ἀλλά
3787 2691 3849 2746 γε

2194 2753 2283 2808 καὶ
2344 2754 2479 2827 μετά
2537 2757 2638 2824 τὴν
2720 2752 2980 2825 τελευτὴν
3067 2754 3232 2811 αὐτοῦ
3315 2757 3713 2832 παραμένοντες
3767 2764 3848 2832 τῷ

2200 2844 2444 2915 μνήματι
2478 2842 2645 2897 αὐτοῦ
2699 2844 2905 2917 σημεῖά
2957 2864 3079 2900 τινα
3136 2842 3185 2917 ἐξ
3245 2845 3520 2918 ὀνόματος
3554 2847 3720 2902 αὐτοῦ
3753 2847 3847 2902 ἐπ-

2198 2930 2443 2986 ετέλεσαν
2472 2931 2610 3006 πρὸς
2658 2930 2867 3002 ἀπάτην
2915 2937 3024 2988 τῶν
3080 2931 3329 2989 ἐλεεινῶν
3385 2935 3709 3011 ἀνθρώπων,
3736 2940 3846 2991 τῶν

2197 3016 2398 3094 ῥᾳδίως
2453 3018 2943 3094 ὓποκλεπτομένων
3009 3020 3085 3084 εἰς
3165 3021 3232 3078 τὰ
3307 3027 3531 3079 τοιαῦτα
3591 3025 3695 3080 ὑπὸ
3749 3029 3847 3080 τοῦ

2199 3101 2487 3165 διαϐόλου.
2519 3105 2581 3160 Τί
2611 3104 2672 3162 ἄν
2719 3127 2802 3169 τις
2855 3106 3003 3165 εἴποι
3050 3111 3171 3186 περὶ
3219 3114 3329 3167 τῶν
3373 3110 3509 3168 κατά
3546 3114 3848 3170 Μανέθωνα

2199 3200 2446 3273 μαγικῶν
2476 3192 2649 3272 ἔργων
2677 3216 2692 3265 ;
2723 3197 2783 3260 ’ὃς
2811 3202 3064 3260 τοιοῦτος
3114 3202 3278 3273 ἄκρος
3329 3201 3513 3275 γέγονε
3539 3206 3607 3277 τῇ
3642 3206 3847 3277 μαγικῇ

2197 3285 2375 3359 ἀπάτῃ
2411 3282 2550 3340 ὥστε
2581 3280 2937 3357 ἀεὶξὲσκωπτε
2980 3284 3280 3363 προδήλως
3325 3290 3418 3345 τὸν
3468 3290 3847 3348 Ἀπολλώνιον

2196 3374 2272 3435 ὼς
2303 3374 2380 3448 μή
2432 3367 2632 3447 ἀκριϐῆ
2683 3375 2782 3445 τήν
2841 3377 2958 3431 κατ’
2997 3375 3191 3438 αύτοὸς
3249 3375 3622 3459 φιλοσοφικῆν
3651 3378 3843 3454 ἐμπειι

2196 3462 2312 3537 ρίαν
2340 3461 2639 3538 ἐσχηκότα.
2681 3461 2828 3520 Ἔδει
2880 3464 2981 3538 γὰρ
3039 3465 3229 3537 αὐτὸν,
3282 3468 3467 3545 φησῖν,
3498 3467 3680 3544 ὥσπερ
3712 3469 3839 3545 ἐγὼ,

2197 3550 2351 3626 λόγῳ
2398 3550 2551 3624 μόνῳ
2597 3557 2775 3607 ποιεῖν
2833 3552 2966 3627 ἅπερ
3022 3547 3302 3623 ἐϐούλετο,
3355 3555 3447 3611 καί
3512 3558 3589 3631 μὴ
3645 3557 3840 3612 ἀποτε-

2197 3637 2459 3713 λέσμασιν
2527 3638 2831 3715 ἐπιτρέπειν
2905 3643 2972 3697 τά
3049 3645 3178 3716 παρ’
3254 3640 3419 3700 αὐτοῦ
3474 3646 3844 3719 πραττόμενα.

2193 3733 2371 3784 Ταῦτα
2401 3725 2459 3784 δέ
2505 3727 2680 3785 πάντα
2738 3732 3085 3808 συγχωρήσει
3142 3731 3241 3787 τοῦ
3298 3736 3432 3789 Θεοῦ
3483 3734 3573 3789 καὶ
3604 3733 3847 3811 ἐνεργείᾳ

2196 3815 2470 3891 δαιμόνων
2516 3819 2757 3895 γίνονται
2807 3822 2944 3896 πρὸς
2992 3821 3054 3876 τὸ
3100 3818 3190 3876 ὂιά
3240 3826 3348 3877 τῶν
3394 3822 3658 3880 τοιούτων
3706 3847 3848 3900 πρα-

2192 3908 2415 3984 γμάτων
2511 3904 2897 3982 δοκιμάζεσθαι
3006 3911 3141 3980 τὴι,
3202 3910 3472 3988 ἡμετέραν
3557 3912 3843 3989 ὀρθόδοξον

2192 3998 2399 4064 πίστιν,
2458 3995 2505 4051 εἴ
2557 3994 2746 4073 ἐδραία
2802 3996 2913 4052 ἐστὶ
2968 3998 3056 4053 καὶ
3114 3999 3283 4077 παγία
3346 4002 3727 4076 προσμένουσα
3764 4008 3843 4077 τῷ

2196 4085 2401 4160 Κυρίῳ,
2432 4084 2524 4140 καὶ
2560 4087 2636 4158 μὴ
2669 4085 3053 4162 ὓποσυρομένη
3090 4088 3194 4144 ὑπὸ
3230 4093 3328 4144 τοῦ
3359 4088 3561 4169 ἐχθροῦ
3597 4089 3687 4148 ’διά
3734 4096 3843 4148 τῶν

2195 4171 2581 4252 φαντασιωδῶν
2646 4174 2881 4246 τεράτων
2989 4176 3079 4230 καὶ
3146 4184 3441 4234 σατανικῶν
3504 4178 3675 4257 ἔργων
3738 4186 3846 4236 τῶν

2194 4262 2578 4338 πραττομένων
2635 4262 2738 4317 ὑπὸ
2805 4268 2912 4318 τῶν
2971 4261 3183 4321 δούλων
3251 4269 3344 4323 καὶ
3395 4268 3679 4343 ὑπηρετῶν
3750 4277 3849 4341 τῆς

2191 4352 2405 4413 κακίας.
2468 4349 2546 4409 Ού
2611 4351 2718 4424 μήν
2777 4347 2837 4407 δέ
2887 4351 3035 4407 ἀλλά
3090 4354 3181 4408 καὶ
3241 4359 3323 4428 τῷ
3380 4357 3612 4431 ὁνοματι
3645 4359 3849 4431 Κυρίου

2193 4439 2602 4526 προεφήτευσάν
2663 4460 2829 4509 τινες,
2889 4441 2964 4504 ὡς
3021 4439 3255 4517 Βαλαὰμ
3313 4443 3527 4509 Σαυλὸς
3556 4448 3646 4503 καὶ
3678 4448 3849 4505 Καϊά-

437 4551 573 4590 eum
603 4533 727 4605 egit
752 4539 995 4605 propter
1023 4533 1277 4588 aliorum
1309 4534 1647 4589 utilitatem.
1680 4535 1811 4589 Fuit
1842 4539 1901 4589 et
1928 4534 2085 4588 Pha-

2194 4553 2317 4613 φας,
2358 4532 2449 4587 καὶ
2499 4528 2759 4605 δαιμόνια
2814 4531 2980 4589 πάλιν
3040 4530 3319 4605 ἐξέϐαλον,
3375 4538 3449 4601 ὡς
3500 4538 3707 4601 Ἰούδας
3760 4542 3848 4596 καὶ

433 4640 537 4680 rao
567 4622 801 4679 malus:
862 4626 1038 4693 atque
1098 4621 1235 4676 huic
1294 4627 1492 4678 tamen
1549 4622 1755 4678 futura
1785 4622 2084 4677 indicavit.

432 4716 505 4769 Et
550 4711 909 4784 impiissimo
962 4708 1527 4766 Nabuchodonosori
1578 4710 1967 4765 nihilominus
2017 4725 2086 4765 ea

435 4803 883 4874 praemonstrata
912 4802 1052 4853 sunt
1081 4814 1212 4869 quae
1264 4798 1465 4853 multis
1522 4804 1654 4871 post
1679 4804 1879 4854 essent
1909 4813 2084 4853 even-

436 4899 569 4949 tura
621 4891 915 4948 aatatibus.
966 4891 1129 4946 Unde
1179 4896 1411 4946 constat
1458 4890 1678 4946 multos
1726 4891 1903 4945 etiam
1936 4906 2084 4944 vera;

434 4981 712 5038 adversos
766 4980 1037 5049 religioni
1088 4979 1195 5034 sub
1228 4979 1443 5034 Christi
1480 4980 1741 5034 nominis
1772 4978 2090 5049 prmscrip-

435 5071 596 5125 tione
639 5069 756 5125 alio
789 5067 1041 5123 artificio
1073 5067 1363 5123 miracula
1392 5065 1567 5122 edere
1598 5066 1671 5121 ad
1702 5065 2086 5136 decipiendos

434 5159 762 5231 imperitos.
796 5156 993 5222 Qualis
1022 5155 1136 5210 fuit
1162 5155 1366 5210 Simon
1415 5157 1613 5228 Magus
1661 5160 1720 5210 et
1766 5152 2090 5209 Menander

434 5266 504 5305 ac
533 5253 666 5319 post
695 5263 796 5301 eos
847 5244 947 5300 alii
1006 5260 1207 5299 eorum
1264 5243 1512 5301 similes.
1573 5245 1775 5316 Itaque
1805 5243 2087 5315 praclare

437 5336 660 5392 dictum
692 5339 781 5389 est
808 5350 820 5387 :
849 5349 1042 5403 neque
1089 5331 1279 5405 decipi
1313 5332 1622 5389 miraculis
1655 5331 1947 5398 convenit,
1980 5347 2086 5386 ne—

437 5424 580 5480 dum
602 5422 762 5477 nuda
777 5421 1227 5493 pollicitatione,
1252 5421 1356 5477 sed
1379 5421 1744 5493 exploranda
1767 5426 1855 5476 est
1878 5421 2090 5477 veritas

438 5527 645 5570 eorum
675 5526 806 5581 quas
858 5508 1157 5564 dicuntur.
1198 5511 1279 5564 Ex
1340 5510 1631 5566 fructibus
1689 5510 1849 5565 enim
1884 5526 2091 5565 eorum

428 5597 778 5676 judicabitis
807 5595 991 5676 ipsos,
1022 5595 1106 5650 ait
1136 5596 1445 5653 Dominus.

2196 4623 2246 4677 oi
2304 4620 2414 4676 υἱοὶ
2473 4621 2665 4676 Σκεύα.
2725 4622 2936 4679 Οὐκοῦν
3006 4623 3097 4678 καὶ
3155 4625 3234 4688 είς
3290 4627 3537 4698 ἀναξίους
3594 4632 3629 4699 ἡ
3686 4632 3851 4704 χάρις

2194 4707 2398 4784 ἐνεργεῖ
2454 4705 2751 4776 πολλάκις,
2804 4708 2879 4764 ’ἶν’
2937 4710 3151 4786 ἐτέρους
3203 4712 3548 4790 εύεοεγετήσῃ.
3606 4716 3713 4773 Κιιἲ
3744 4717 3845 4793 γὰρ

2194 4794 2451 4869 Βαλαὰμ,
2480 4796 2805 4877 ἀμφοτέρων
2861 4797 3154 4873 ἀλλότριος
3202 4802 3292 4871 ἦν,
3344 4802 3466 4877 βίου
3505 4802 3727 4879 ἀρίστου
3754 4806 3841 4860 καὶ

2193 4883 2400 4947 πίστεςο
2461 4883 2587 4940 ἀλλ’
2646 4886 2799 4958 ὅμως
2866 4884 3157 4963 ἐνήργησεν
3237 4890 3311 4951 είς
3363 4891 3525 4947 αὐτὸν
3583 4895 3617 4961 ἡ
3676 4893 3840 4969 χάρις

2195 4969 2286 5028 διὰ
2333 4975 2436 5042 τήν
2488 4974 2682 5048 ἒτέρων
2749 4972 3086 5047 οἰκονομίαν.
3161 4978 3260 5033 Καὶ
3340 4979 3424 5052 [Ρ.
3457 4982 3584 5053 247]
3635 4982 3840 5051 Φαραὼ

2191 5066 2439 5123 τοιοῦτος
2485 5061 2572 5130 ἧν,
2624 5060 2771 5116 ἀλλά
2816 5061 3047 5135 κάκείνῳ
3098 5065 3163 5119 τὰ
3215 5064 3490 5138 μέλλοντα
3546 5066 3841 5143 προέδειξε.

2198 5147 2293 5203 Καὶ
2353 5149 2382 5202 ὁ
2428 5143 2917 5225 Ναϐουχοδονόσορ
2966 5154 3447 5227 παρανομώτατος,
3482 5153 3628 5212 ἀλλά
3665 5178 3727 5234 γε
3757 5156 3845 5211 καὶ

2198 5235 2377 5308 τούτῳ
2406 5237 2471 5292 τὰ
2515 5239 2652 5310 μετᾶ
2696 5235 2914 5303 πολλὰς
2960 5239 3186 5316 ὓστερον
3235 5241 3466 5317 ἐσομενα
3515 5246 3697 5323 γενεάς
3742 5245 3848 5301 ἀπ-

2199 5324 2475 5383 εκάλυκεν.
2507 5325 2666 5381 ’Όθεν
2695 5322 2865 5395 δῆλον
2920 5327 3004 5382 ὅτι
3058 5328 3265 5386 πολλοὶ
3322 5332 3411 5387 καὶ
3471 5322 3580 5389 τῶν
3612 5332 3850 5390 ἐναντίον

2199 5414 2439 5491 ἐχόντῶν
2502 5414 2756 5491 φρόνημα
2814 5412 2901 5470 ἐπὶ
2959 5422 3038 5490 τῷ
3088 5423 3447 5496 προσχήματι
3479 5427 3575 5478 τοῦ
3617 5425 3851 5498 Χριστοῦ

2199 5505 2453 5579 τεράστια
2508 5507 2758 5559 ποιοῦσιν
2819 5503 2974 5579 ἐτέρα
3026 5508 3196 5584 τέχνῃ
3260 5510 3367 5565 τινὶ
3425 5510 3562 5587 πρὸς
3644 5512 3853 5583 ἀπάτην

2171 5593 2497 5677 ,ἀνθρώπων
2584 5591 2981 5677 ἀπειροκάλων,
3074 5597 3219 5665 οἶος,
3308 5598 3516 5676 ἐγένετο
3576 5598 3765 5674 Σίμων
3824 5601 3852 5654 ὁ

440 5674 603 5761 μάνος
632 5682 722 5737 καὶ
753 5675 1060 5753 Μένανδρος
1094 5683 1207 5752 μετ’
1239 5680 1441 5736 ἐκεῖνον
1496 5682 1585 5736 καὶ
1649 5679 1819 5739 ἄλλοι
1884 5674 2181 5751 τοιοῦτοι(
2209 5677 2279 5735 δι’
2336 5676 2430 5745 οὕς
2486 5680 2713 5743 εἰκότως
2772 5674 2876 5756 ἔφη
2921 5682 2996 5754 μή
3031 5682 3296 5757 θαύμασιν
3343 5674 3644 5751 ἀπατᾶσθαι
3676 5707 3857 5763 προσ-

4136 4066 4139 4231 J
