4194 6198
456 331 576 393 475
1774 326 2181 393 GEORGIGII
2223 328 2571 400 CEDRENI
3751 340 3870 405 476

460 464 603 536 quid
633 465 743 521 iste
776 464 796 519 τ’
826 461 1133 534 respondit
1152 461 1349 518 Jesus:
1376 460 1433 517 Si
1452 462 1628 518 velim
1670 463 1833 519 hunc
1864 479 2109 520 manere

2235 464 2378 523 ἔπισε
2409 513 2446 526 ..
2492 469 2545 525 ἐν
2600 470 3166 528 Κωνσταντινουπόλει
3224 470 3519 549 ἐρωτηθεὶς
3585 473 3707 549 περῖ
3737 474 3871 530 τού-

457 570 646 625 usque
677 552 749 609 ad
779 551 1093 607 adventum
1125 567 1348 614 meum,
1378 551 1523 622 quid
1570 553 1681 608 hoc
1714 553 1787 608 ad
1818 558 1874 607 te
1900 554 1928 609 7
1955 555 2080 620 Quo
2105 586 2109 593 -

457 644 619 699 niam
645 657 780 712 ergo
812 639 1110 712 piscantes
1132 655 1235 695 eos
1264 639 1576 696 oﬁ’endens
1605 643 1778 698 Petro
1811 642 1920 697 soli
1932 642 2115 715 jussit

462 729 651 799 sequi,
709 728 878 798 isque
931 728 1216 783 Joannem
1256 727 1461 783 volens
1516 730 1797 789 comitem
1869 730 2110 800 habere,

461 818 729 890 quaesivit
760 833 831 872 ex
862 817 1112 874 Domino
1135 818 1278 890 quid
1299 819 1409 875 iste
1443 826 1601 877 esset
1621 826 1881 889 acturus,
1914 822 2114 877 Domi-

458 925 569 963 nus
598 907 968 978 respondens
994 910 1281 965 Joannem
1311 909 1624 981 piscationi
1654 911 2114 969 immoraturum

460 998 645 1055 dixit:
680 998 730 1054 si
760 1014 895 1054 eum
925 998 1052 1054 volo
1079 1015 1322 1056 manere
1353 1001 1449 1058 hic
1481 1007 1539 1057 et
1558 1002 1799 1074 piscari,
1831 1003 1974 1058 dum
1995 1002 2116 1058 huc

455 1091 737 1157 revertar,
771 1087 913 1159 quid
961 1093 1062 1144 tua
1091 1089 1316 1145 refert?
1348 1095 1407 1145 et
1428 1090 1554 1163 ipse
1585 1092 1844 1147 Joannes
1899 1090 2116 1147 falsam

463 1192 668 1232 eorum
723 1177 1122 1248 suspicionem
1183 1179 1404 1250 optime
1461 1180 1704 1253 corrigit
1751 1181 1845 1236 his
1872 1180 2110 1236 verbis:

458 1268 586 1320 Non
615 1265 847 1321 dixerat
870 1266 1156 1323 Dominus
1198 1267 1357 1323 hunc
1393 1284 1513 1324 non
1543 1285 1672 1326 esse
1727 1269 2114 1325 moriturum.

464 1356 697 1411 Etenim
734 1357 985 1427 apostoli
1045 1374 1453 1429 saepenumero
1504 1360 1998 1434 interrogationes
2061 1365 2119 1415 et

457 1445 878 1516 responsiones
909 1445 1123 1501 Christi
1151 1462 1273 1503 non
1331 1449 1589 1504 assecuti
1647 1455 1802 1520 sunt,
1862 1449 2118 1520 ideoque

459 1531 752 1604 ignoratio
806 1534 891 1589 eis
923 1538 1014 1590 est
1041 1551 1077 1590 a
1117 1535 1390 1608 Magistro
1440 1542 1500 1594 et
1540 1538 1857 1610 stupiditas
1888 1537 2121 1610 objecta

459 1627 646 1682 donec
671 1625 924 1697 Spiritus
937 1632 1177 1682 sanctus
1194 1628 1351 1682 venit
1367 1644 1586 1701 eosque
1600 1630 1763 1685 omni
1777 1630 2021 1686 veritate
2035 1631 2123 1687 in-

460 1716 851 1784 stituit,sicuti
874 1716 1160 1772 Dominus
1178 1718 1556 1788 promiserat.
1581 1720 1797 1784 Quodsi
1824 1721 1958 1792 quis
1982 1737 2122 1778 con-

2217 576 2314 612 του
2345 559 2519 623 οὕτως
2559 560 2881 638 ἀπεκρίνατο
2940 558 3135 639 λέγων·
3194 562 3369 625 Αὐτὸς
3425 562 3686 635 Ἰωάννης
3713 560 3873 637 ἐν’τῷ

2218 647 2338 703 κατ’
2394 647 2552 705 αὐτὸν
2610 649 2933 728 Εὖαγγελίῳ
2987 650 3125 727 πρὸς
3206 654 3287 724 τῷ
3364 648 3508 706 τέλει
3577 648 3874 733 διεσάφησε

2217 738 2380 792 τοῦτο
2412 741 2630 815 φάσκων
2670 741 2777 797 Καὶ
2822 738 2987 797 τοῦτο
3017 740 3185 796 εἰπών
3224 740 3254 795 ὁ
3294 740 3503 812 Ἰησοῦς
3535 738 3685 817 λέγει
3722 741 3874 815 αύτῷ

2223 825 2487 900 (τουτέστι
2517 833 2597 901 τῷ
2637 829 2867 905 Ηέτρῳ)⁶
2930 828 3249 887 Ἀκολούθει
3314 849 3430 904 μοι.
3491 830 3875 909 Ἐπιστραφεὶς

2222 912 2280 971 δὶ
2306 914 2335 971 6
2367 917 2569 995 ΙΙέτρος
2600 916 2793 994 βλέπει
2821 918 2914 975 τὸν
2971 920 3218 994 μαθητὴν
3265 918 3325 973 δν
3384 919 3575 995 ἠγάπα
3599 919 3626 974 ὁ
3659 919 3875 991 Ἰησοῦς

2222 1004 2647 1081 ἀκολουθοῦντα,
2676 1008 2767 1063 καὶ
2831 1008 2991 1089 φησι·
3057 1008 3246 1085 Κύριε,
3313 1006 3470 1071 οὕτος
3527 1005 3585 1063 δὶ
3638 1009 3692 1064 τί
3725 1027 3740 1081 ;
3775 1010 3872 1064 Καί

2223 1092 2369 1170 λέγει
2399 1095 2547 1170 αύτῷ
2593 1098 2621 1152 6
2651 1098 2882 1168 Ἰησοῦς
2944 1097 3064 1156 Ἐὰν
3118 1095 3278 1153 αὐτὸν
3340 1094 3485 1153 θέλω
3544 1095 3719 1171 μένειν
3770 1093 3872 1162 ἔως

2224 1178 2504 1258 ἔρχωμαι.
2529 1183 2583 1239 τί
2614 1185 2750 1260 πρὸς
2779 1186 2877 1256 σὲ;
2938 1184 3089 1243 Ἐπεὶ
3149 1184 3240 1240 οῦν
3298 1183 3613 1248 ἂλιεύοντας
3670 1184 3872 1249 αύτοῦς

2222 1275 2524 1352 κατείληφε
2556 1319 2570 1345 ,
2649 1279 2730 1348 τῷ
2814 1276 3004 1349 ῐΙέτρῳ
3072 1274 3223 1349 μόνῳ
3275 1272 3591 1352 προτέταξεν
3651 1269 3869 1330 ἔπεσθαι

2223 1361 2388 1435 αὐτῷ.
2421 1364 2478 1417 Ὀ
2510 1361 2679 1420 δὲκαὶ
2734 1362 2826 1420 τὸν
2880 1364 3134 1435 Ἰωάννην
3195 1361 3629 1438 συμπορεύεσθαι
3665 1361 3874 1439 βουλό-

2227 1471 2385 1526 μενος
2439 1444 2565 1531 ἔφη’
2621 1451 2804 1529 Κύριε,
2873 1451 3030 1516 οὗτος
3098 1450 3157 1508 δὲ
3208 1451 3309 1522 τίς
3369 1452 3467 1510 Ὃν
3526 1450 3781 1517 θεσπίσας
3848 1455 3876 1509 6

2226 1544 2441 1611 Ἰησοῦς
2470 1543 2796 1615 προσμένειν
2837 1542 2922 1597 ἐπὶ
2955 1547 3055 1612 τῆς
3084 1541 3291 1604 ἁλιείας
3322 1541 3508 1621 φησίν·
3544 1541 3667 1599 Ἐὰν
3716 1541 3878 1599 αὐτὸν

2227 1627 2373 1684 θὲλω
2402 1630 2579 1703 μένειν
2611 1631 2833 1686 ἐνταῦθα
2870 1631 2959 1687 καί
3016 1630 3250 1687 ἁλιεύειν
3307 1629 3412 1694 ἓως
3442 1628 3503 1686 ἂν
3536 1631 3881 1707 ὑποστρέψας

2226 1712 2482 1795 ἔρχωμαι
2512 1719 2677 1776 πάλιν
2712 1717 2838 1792 ὧδε,
2877 1719 2931 1776 τί
2986 1721 3124 1796 πρὸς
3179 1718 3284 1791 at;
3345 1712 3483 1776 ὥστε
3540 1721 3633 1776 οὗν
3686 1721 3881 1796 ἄριστα

460 1805 712 1861 tentiose
730 1811 787 1860 et
807 1811 1026 1861 temere
1042 1822 1239 1863 sacras
1261 1807 1395 1863 illas
1409 1823 1581 1863 voces
1594 1809 1890 1881 arripiens
1907 1812 2115 1867 intem-

2235 1805 2615 1895 διορθούμενος
2644 1811 2744 1880 τῆν
2789 1808 3132 1888 ἐσφαλμὲνην
3190 1809 3364 1866 αύτῶν
3413 1808 3697 1882 ύπόνοιαν,
3730 1809 3882 1866 είκό-

460 1896 684 1968 pestive
696 1912 765 1951 ex
787 1896 941 1951 480
954 1896 1027 1951 iis
1044 1896 1323 1969 colligere
1339 1898 1776 1954 velitJoannem
1795 1900 1858 1955 in
1871 1901 1979 1957 hac
1996 1902 2113 1958 vita

2235 1919 2333 1960 τως
2362 1892 2486 1976 ἔφη,
2517 1898 2609 1954 καὶ
2640 1900 2742 1954 οὐκ
2771 1898 2918 1954 εἶπεν
2947 1898 3094 1972 αύτῷ
3139 1900 3166 1955 6
3198 1902 3408 1969 Ἰησοῦς
3442 1900 3526 1955 δτι
3585 1898 3685 1955 οὐκ
3739 1899 3879 1955 ἀπο.

463 1985 536 2041 ad
584 1986 973 2057 posteriorem
1015 1986 1229 2042 Christi
1266 1986 1581 2043 adventum
1634 1989 2113 2046 annuntiandum

462 2074 683 2130 Enochi
707 2079 766 2128 et
794 2074 931 2129 Elias
962 2075 1233 2147 exemplo
1253 2076 1680 2147 permansisse,
1702 2077 1754 2134 is
1773 2079 2116 2135 sciatJoan-

463 2180 600 2219 nem
633 2163 692 2218 in
715 2162 1108 2235 patefactione
1151 2164 1312 2220 solos
1353 2165 1496 2221 istos
1535 2166 1683 2223 duos
1719 2167 1827 2223 sub
1858 2185 2115 2241 persona

466 2258 683 2314 Christi
717 2257 913 2315 dicere
931 2263 1109 2315 testes
1130 2259 1243 2314 sibi
1267 2259 1516 2317 futuros.
1542 2263 1869 2320 Producam
1896 2264 2113 2336 inquit,

473 2348 621 2404 duos
650 2364 816 2404 meos
837 2352 1018 2404 testes
1045 2349 1348 2405 Enochum
1383 2356 1441 2406 et
1469 2350 1675 2418 Eliam,
1710 2352 1871 2425 iique
1916 2371 2118 2413 saccos

477 2438 676 2495 amicti
699 2438 1176 2495 vaticinabuntur
1195 2438 1321 2496 dies
1347 2443 1483 2497 1260
1501 2441 1569 2500 ⁵9.
1590 2442 1658 2498 Hi
1677 2450 1819 2500 sunt
1832 2445 1961 2501 dum
1972 2445 2117 2501 oleae

477 2533 534 2584 et
565 2529 694 2584 dum
727 2528 1003 2585 lucerna.
1037 2531 1193 2603 Ignis
1223 2547 1292 2586 ex
1340 2547 1546 2588 eorum
1578 2549 1679 2589 ore
1702 2534 2037 2607 egredietur
2067 2536 2121 2590 et

473 2618 673 2675 hostes
711 2635 918 2675 eorum
987 2619 1307 2676 devorabit.
1377 2621 1640 2694 Cumque
1713 2626 2122 2681 testimonium

474 2724 644 2763 suum
676 2713 865 2763 totum
896 2708 1172 2777 dixerint,
1203 2708 1395 2765 bestia
1423 2726 1554 2781 quae
1585 2727 1655 2766 ex
1684 2711 1895 2785 abysso
1917 2728 2122 2770 ascen-

475 2797 563 2852 dit
584 2797 807 2852 bellum
842 2797 926 2852 eis
954 2796 1151 2860 faciet.
1193 2797 1503 2870 vincetque
1537 2816 1638 2855 eos
1668 2806 1727 2854 et
1780 2800 2120 2872 interﬂciet,

475 2891 535 2940 et
563 2885 847 2940 cadavera
875 2901 1080 2940 eorum
1113 2885 1175 2941 in
1205 2886 1398 2957 platea
1436 2886 1603 2943 urbis
1651 2888 1941 2961 jacebunt
1996 2891 2121 2947 dies

475 2976 505 3028 3
539 2991 584 3028 s.
618 2972 939 3044 insepulta,
972 2973 1073 3029 ubi
1112 2980 1170 3029 et
1201 2975 1489 3032 Dominus
1547 2993 1752 3033 eorum
1802 2978 2120 3036 cruciﬁxus

475 3068 580 3119 est.
610 3062 852 3119 Frustra
876 3062 1056 3136 igitur
1078 3068 1375 3138 nugantur
1404 3064 1643 3136 quidam
1671 3066 1957 3125 Joannem
2008 3069 2121 3125 ad-

2228 1990 2468 2058 θνήσκει.
2502 1988 2605 2045 Καὶ
2643 1990 2748 2066 γὰρ
2805 1988 2856 2043 ἐν
2909 1986 3146 2051 πολλοῖς
3204 1986 3477 2051 πολλάκις
3533 1986 3877 2069 ἐσφάλλοντο

2228 2077 2364 2152 πρὸς
2394 2077 2490 2140 τὰς
2529 2076 2742 2140 πεύσεις
2797 2080 3034 2154 Χριστοῦ
3092 2077 3183 2133 καὶ
3239 2076 3334 2141 τὰς
3393 2077 3724 2153 ἀποκρίσεις,
3784 2075 3880 2133 καί

2230 2167 2453 2236 ἤκουον,
2483 2166 2767 2244 Ἀσύγετοι
2794 2168 2886 2222 καὶ
2921 2165 3137 2243 βραδεῖς
3167 2170 3236 2242 τῇ
3266 2165 3463 2244 καρδίᾳ
3490 2163 3598 2232 ἕως
3626 2165 3782 2232 ἐλθὸν
3815 2166 3880 2222 τὸ

2233 2259 2453 2328 Πνεῦμα
2479 2254 2544 2310 τὸ
2602 2254 2759 2332 ἅγιον
2813 2251 3094 2331 ὡδήγησεν
3155 2253 3358 2316 αὐτοὺς
3409 2254 3485 2318 είς
3542 2259 3714 2310 πᾶσαν
3773 2254 3877 2325 τὴν

2231 2344 2489 2416 ἀλήθειαν
2520 2344 2657 2400 κατὰ
2681 2344 2772 2399 τὸν
2805 2347 2901 2399 τοῦ
2958 2341 3156 2420 Κυρίου
3225 2342 3404 2418 λόγον.
3440 2342 3506 2402 Εἰ
3538 2340 3595 2398 δέ
3624 2363 3706 2406 τις
3765 2343 3878 2417 ἐρι-

2234 2439 2432 2497 στικῶς
2460 2433 2548 2489 καὶ
2609 2437 2894 2509 προπετῶς
2952 2432 3376 2510 ἀποκρινόμενος
3426 2432 3520 2495 τὰς
3576 2432 3725 2509 ἱερὰς
3749 2430 3883 2487 ταύ-

2232 2545 2328 2587 τας
2378 2525 2558 2601 φωνὰς
2608 2520 2701 2579 καί
2760 2520 3056 2598 μαρτυρίας
3105 2521 3345 2598 ἀκαίρως
3402 2519 3562 2593 δῆθεν
3622 2518 3885 2597 συλλογι-

2238 2616 2467 2688 ζόμενος
2526 2611 2675 2688 εἴπηθ’
2753 2612 2895 2690 Πρὸς
2949 2611 3013 2668 τὸ
3067 2609 3426 2688 καταγγεῖλαι
3478 2612 3578 2682 τήν
3631 2608 3881 2686 δευτέραν

2236 2708 2471 2779 Χριστοῦ
2499 2704 2802 2779 παρουσίαν
2852 2700 3180 2782 κατελείφθη
3253 2706 3356 2772 ζῶν
3416 2700 3471 2758 ἐν
3528 2701 3685 2778 σαρκὶ
3747 2702 3886 2777 μετᾶ

2237 2794 2420 2869 Ἑνὼχ
2448 2793 2537 2848 καὶ
2575 2790 2761 2861 Ἠλία,
2814 2792 3055 2848 ἀκουέτω
3110 2791 3193 2847 ὅτι
3245 2812 3345 2865 περ
3406 2791 3604 2866 μόνους
3665 2788 3754 2845 διὰ
3781 2797 3883 2861 τῆς

2239 2881 2639 2957 ἀπὸκαλύψεως
2704 2880 2861 2945 αὐτὸς
2952 2883 3109 2943 οὗτος
3184 2879 3420 2946 ἐκείνους
3475 2879 3537 2936 ἔκ
3587 2878 3883 2956 προσώπου

2238 2971 2387 3051 λέγει
2421 2972 2622 3048 Κυρίου
2658 2970 2786 3035 τοὺς
2838 2971 2934 3028 δύο
2970 2971 3242 3046 μάρτυρας
3300 2972 3643 3048 γενήσεσθαι,
3699 2970 3887 3046 Ἐνὼχ

2237 3063 2327 3118 καὶ
2386 3061 2575 3118 Ἠλίαν
2609 3106 2624 3134 ,
2679 3058 2865 3118 τοιάδε
2924 3061 3167 3138 φάσκωνο
3230 3060 3330 3116 Καὶ
3388 3059 3548 3117 δώσω
3603 3066 3718 3121 τοῖς
3766 3055 3886 3114 δυσὶ

473 3153 589 3208 huc
619 3152 677 3208 in
704 3168 950 3225 corpore
978 3152 1190 3220 vivere,
1224 3169 1430 3208 revera
1456 3154 1801 3227 ignorantes
1849 3158 1991 3229 quid
2030 3157 2121 3214 di-

2237 3149 2465 3229 μάρτυσί
2559 3171 2663 3224 μου
2699 3193 2716 3222 ,
2771 3150 2860 3206 καί
2945 3148 3412 3229 προφητεύσουσιν
3471 3150 3686 3225 ἡμέρας
3742 3148 3886 3219 “ατξ’,

472 3248 608 3299 cant
638 3246 697 3298 et
726 3258 842 3314 qua
869 3241 941 3298 de
972 3260 1034 3298 re
1092 3242 1476 3311 contendant,
1511 3243 1584 3300 de
1613 3260 1720 3300 suo
1752 3245 1900 3302 illud
1957 3264 2121 3304 com-

471 3338 739 3387 mentum
768 3330 1052 3387 audacter
1096 3333 1362 3403 profecto
1395 3339 1453 3390 et
1507 3333 1877 3390 confidenter
1926 3336 2122 3409 profe-

2232 3236 2701 3316 περιϐεϐλημένοι
2758 3241 3015 3302 σάκκους.
3083 3240 3249 3296 Οὗτοι
3307 3239 3439 3295 εἷ’σιν
3472 3239 3526 3294 αἱ
3558 3235 3654 3294 δύο
3709 3235 3890 3300 ἐλαῖαι

2232 3329 2324 3385 καὶ
2355 3332 2409 3386 αἱ
2440 3328 2540 3387 δύο
2590 3328 2837 3405 λυχνίαι.
2886 3333 3001 3404 Πῦρ
3061 3328 3411 3404 ἐκπορεύεται
3464 3332 3563 3384 τοῦ
3616 3326 3889 3403 στόματος

470 3426 694 3485 rentes,
726 3435 847 3475 non
880 3435 949 3475 ex
979 3420 1164 3476 sacris
1193 3422 1481 3478 habentes
1508 3422 1952 3495 interpretibus.

2235 3419 2530 3478 αὐτῶνκαὶ
2572 3419 2837 3475 κατεσθίει
2894 3417 3022 3481 τοὺς
3055 3417 3288 3499 ἐχθροὺς
3343 3416 3543 3476 αὐτῶν.
3596 3416 3701 3474 Καὶ
3768 3414 3892 3472 ὅταν

470 3506 732 3563 τελέσωσι
783 3508 883 3577 τήν
976 3509 1269 3583 μαρτυρίαν
1344 3510 1544 3580 αὐτῶν,
1631 3512 1848 3582 ποιήσει
1922 3511 1985 3567 τὸ
2042 3506 2328 3568 ἀναϐαῖνον
2379 3508 2573 3586 θηρίου
2631 3508 2692 3565 ἐκ
2746 3515 2849 3578 τῆς
2908 3503 3144 3563 ἀϐύσσου
3202 3506 3449 3582 πόλεμον
3511 3507 3627 3581 μετ’
3682 3503 3888 3561 αὐτῶν,

474 3596 568 3652 καὶ
604 3597 819 3668 νικήσει
856 3596 946 3652 καὶ
971 3599 1177 3669 νικήσει
1208 3599 1297 3654 καὶ
1329 3600 1633 3656 ἀποκτείνει
1672 3598 1866 3663 αὐτοὺς
1894 3603 1985 3657 καὶ
2016 3602 2083 3658 τὰ
2113 3602 2382 3677 πτώματα
2411 3599 2586 3655 αὐτῶν
2627 3597 2716 3653 ἐπὶ
2744 3601 2844 3663 τῆς
2883 3595 3145 3659 πλατείας
3199 3602 3301 3667 τῆς
3360 3592 3608 3672 μεγάλης
3666 3592 3886 3656 πόλεως

477 3680 687 3743 ἔσονται
718 3687 930 3760 ἡμέρας
975 3690 1123 3762 τρεῖς
1150 3687 1325 3762 ἥμισυ
1380 3687 1575 3770 ἄταφα,
1644 3687 1781 3746 ὅπου
1826 3690 1918 3746 καὶ
1959 3691 1986 3746 6
2028 3691 2225 3763 Κύριος
2281 3689 2456 3746 αὐτῶν
2512 3687 2848 3763 ἐσταυρώθη.
2893 3685 3081 3757 Μάτην
3133 3684 3223 3740 οὗν
3280 3681 3662 3758 παραληροῦσί
3707 3703 3890 3770 τινες,

479 3774 772 3855 φάσκοντες
803 3776 965 3833 αὐτὸν
1020 3780 1117 3852 ζῇν
1170 3773 1250 3834 ἔτι
1310 3776 1362 3834 ἐν
1438 3767 1617 3854 σαρκὶ,
1674 3777 1764 3835 καὶ
1826 3781 1902 3857 μὴ
1971 3783 2220 3844 νοοῦντες
2281 3781 2419 3855 μήτε
2468 3778 2500 3834 ἃ
2550 3776 2770 3854 λέγουσι
2819 3777 2900 3849 τῷ
2957 3772 3073 3829 ὄντι
3134 3775 3276 3848 μήτε
3310 3773 3434 3849 περὶ
3487 3771 3646 3829 τίνων
3702 3767 3886 3829 διαϐε-

483 3861 786 3938 ϐαιοῦνται,
847 3864 1056 3932 οἴκοθεν
1110 3872 1273 3924 τοῦτο
1329 3868 1419 3924 καὶ
1477 3868 1575 3925 ούκ
1643 3856 1870 3925 ἔκτινων
1936 3871 2099 3945 ἱερῶν
2162 3869 2436 3945 ἐξηγητῶν
2499 3862 2896 3945 ῥιψοκινδύνως
2950 3885 3009 3920 τε
3052 3863 3143 3920 καὶ
3198 3863 3501 3940 τολμηρῶς
3579 3856 3751 3925 ὄντως
3800 3882 3893 3917 τε·

488 3956 680 4031 ρατευό
688 3976 861 4029 μενοι.
1398 3954 1402 3958 ’

549 4048 692 4104 Post
718 4046 963 4104 Nervam
993 4047 1279 4121 Trajanus
1294 4048 1606 4121 imperavit
1636 4064 1827 4105 annos
1860 4052 1947 4118 19,
1974 4064 2124 4105 men-

2317 4047 2468 4105 Μετὰ
2519 4043 2576 4102 δὲ
2659 4043 2905 4119 Νέρουαν
2986 4038 3301 4100 ἐϐασίλευσε
3356 4040 3624 4118 Τραϊανὸς
3678 4034 3774 4113 ἔτη
3810 4045 3894 4110 ω’,

486 4153 581 4193 ses
609 4140 664 4206 6,
684 4136 810 4193 dies
839 4138 924 4193 15.
952 4137 1085 4193 Fuit
1116 4138 1227 4193 iste
1258 4138 1431 4194 malis
1463 4138 1714 4194 infestus
1772 4142 1831 4194 et
1881 4138 2124 4211 justitia

2248 4144 2425 4212 μῆνας
2484 4134 2551 4205 ς’,
2607 4135 2818 4210 ἡμέρας
2877 4139 2953 4192 ιε’.
3008 4130 3185 4194 Οὗτος
3236 4130 3304 4201 ἧν
3372 4129 3748 4206 μισοπόνηρος
3805 4126 3895 4184 καὶ

484 4240 715 4282 amans.
741 4225 1074 4296 Aliquando
1096 4226 1364 4282 strictum
1396 4242 1601 4283 ensem
1623 4226 1686 4283 in
1713 4227 1982 4283 omnium
2001 4243 2124 4299 pro!

2245 4223 2616 4308 φιλοδίκαιος.
2648 4224 2948 4297 Γυμνώσας
2975 4222 3082 4297 γάρ
3139 4240 3273 4276 ποτε
3328 4219 3481 4295 ξίφος
3530 4216 3761 4274 ἐνώπιον
3786 4221 3892 4273 τῶν

486 4331 689 4370 cerum
718 4322 1039 4387 conspectu
1068 4316 1347 4387 praefecto
1381 4317 1645 4382 tradidit,
1677 4317 1759 4374 ita
1807 4316 2090 4389 inquiens
2119 4331 2124 4372 :

2245 4314 2298 4372 ἐν
2348 4314 2494 4371 τέλει
2559 4314 2773 4369 πάντων
2830 4308 2998 4368 ἔδωκε
3050 4311 3130 4384 τῷ
3185 4308 3437 4386 ἐπάρχῳ,
3494 4308 3684 4365 είπώνο
3745 4309 3895 4381 Δέξαι

487 4405 702 4477 Accipe
732 4406 890 4461 hunc
920 4406 1203 4479 gladium,
1241 4423 1449 4479 eoque,
1485 4409 1535 4464 si
1567 4413 1728 4467 recte
1758 4409 2008 4481 impero,
2032 4424 2124 4481 prc

2247 4410 2431 4463 τοῦτο·
2465 4403 2557 4460 καὶ
2588 4403 2635 4458 εἰ
2667 4399 2967 4476 μὶνκαλῶς
3004 4401 3184 4476 ἄρχω,
3222 4399 3355 4474 ὑπὲρ
3408 4397 3567 4472 ἐμοῦ,
3607 4396 3653 4455 εἰ
3703 4393 3761 4452 Si
3792 4397 3894 4473 μὴ,

482 4510 598 4566 me,
632 4493 681 4550 si
711 4495 889 4565 male,
918 4500 1125 4553 contra
1152 4513 1247 4553 me
1292 4497 1496 4556 utitor.
1554 4499 1603 4554 Α
1630 4499 1818 4555 Nerva
1849 4497 1922 4555 ob
1954 4498 2124 4554 virtu-

2245 4496 2365 4551 κατ’
2387 4493 2521 4569 ἐμοῦ
2541 4490 2688 4566 αὒτῷ
2719 4497 2948 4573 χρῆσαι.
3006 4489 3403 4566 Προεχειρίσθη
3461 4484 3519 4543 δὶ
3550 4485 3654 4543 ὑπὸ
3684 4486 3895 4573 Νέρουα

487 4589 610 4640 tem
640 4588 730 4640 est
767 4583 841 4641 ad
862 4584 1181 4657 imperium
1209 4591 1465 4655 evectus,
1497 4586 1657 4659 quod
1688 4587 1777 4643 vir
1803 4586 2133 4643 bellicosis-

486 4673 672 4730 simus
704 4677 906 4732 Romus
936 4679 995 4731 et
1013 4675 1233 4747 ubique
1263 4681 1557 4733 terrarum
1587 4692 1714 4733 rem
1741 4676 1956 4748 saepius
1987 4693 2141 4748 prm—

484 4764 642 4820 clare
671 4763 967 4836 gessisset.
1001 4765 1147 4822 Cum
1172 4766 1415 4838 quidam
1446 4766 1776 4821 amicorum
1807 4770 1964 4820 esset
1984 4764 2142 4837 apud

487 4870 625 4909 eum
656 4853 909 4923 delatus,
930 4854 1088 4928 quod
1107 4855 1220 4927 ipsi
1249 4855 1500 4911 insidias
1531 4854 1791 4919 fecisset,
1825 4852 1998 4924 isque
2020 4854 2144 4910 suis

488 4949 641 5007 487
686 4946 960 5003 manibus
992 4945 1102 5001 sibi
1134 4944 1335 5001 oculos
1367 4944 1619 5000 eruisset
1647 4947 2037 5014 mentumque
2058 4958 2146 5000 ra-

488 5039 685 5105 sisset,
719 5038 918 5108 itaque
977 5039 1306 5090 excaacatus
1363 5038 1519 5089 esset
1549 5031 1622 5088 ad
1663 5048 1797 5087 eum
1829 5029 2142 5103 adductus,

485 5127 773 5199 Trajanus
797 5140 1009 5197 magno
1031 5123 1208 5178 amici
1231 5138 1371 5178 casu
1404 5120 1610 5176 dolore
1640 5124 1917 5192 percepto
1952 5119 2086 5175 urbi
2111 5135 2146 5175 a

495 5234 555 5274 se
576 5215 829 5273 conditae
859 5210 1232 5286 TrajanOpoli
1267 5227 1402 5266 eum
1434 5209 1717 5283 praefecit,
1762 5224 1950 5280 eoque
1980 5207 2142 5264 able~

494 5312 694 5380 gatum
726 5305 801 5362 ad
830 5311 1084 5360 mortem
1127 5319 1316 5374 usque
1347 5301 1510 5358 omni
1568 5300 1731 5357 cultu
1786 5298 1948 5356 fovit.
1980 5296 2144 5354 Idem

494 5394 679 5451 edixit
705 5409 780 5449 ne
811 5391 1129 5450 Christiani
1159 5391 1678 5463 conquirerentur,
1713 5388 1896 5445 oblati
1947 5393 2146 5444 autem

495 5483 871 5555 punirentur.
897 5482 1011 5537 Sub
1035 5498 1103 5537 eo
1126 5481 1350 5538 Simoni
1381 5483 1583 5553 Magno
1602 5477 1923 5534 Menander
1951 5477 2148 5532 Sama-

566 5639 613 5676 ”
639 5639 821 5709 Apoc.
850 5651 928 5701 x1,
967 5634 1022 5690 3.

2249 4580 2338 4639 διὰ
2361 4584 2459 4653 τήν
2500 4580 2694 4657 ἀρετήν
2746 4570 2909 4637 αὐτοῦ
2953 4576 3029 4643 ώς
3084 4573 3537 4652 πολεμικώτατος
3589 4574 3679 4633 καὶ
3710 4570 3898 4632 πολλᾶ

2249 4671 2652 4748 κατορθώματα
2708 4666 2760 4725 ἐν
2817 4668 3002 4743 Ῥώμῃ
3028 4669 3121 4741 [Ρ.
3153 4666 3281 4742 249]
3336 4664 3427 4721 καὶ
3478 4667 3762 4739 πανταχοῦ
3790 4668 3895 4741 γῆς

2252 4759 2592 4831 πεποιηκώς.
2626 4755 2803 4814 Φίλου
2836 4753 2894 4812 δε
2919 4776 3067 4819 τινος
3096 4755 3263 4811 αὐτοῦ
3316 4774 3449 4811 ποτε
3508 4748 3899 4825 διαϐληθᾶντος

2254 4852 2331 4912 ὡς
2359 4842 2681 4916 ἐπιϐούλου,
2730 4845 2819 4901 καὶ
2867 4846 2996 4906 τοῦς
3019 4864 3078 4900 τε
3107 4841 3432 4924 ὀφθαλμοὺς
3488 4840 3900 4914 ἐκκεντηθέντος

2258 4940 2361 4995 ὑπὸ
2389 4942 2497 4995 τῶν
2531 4933 2684 4991 ἰδίων
2718 4938 2920 5010 χειρῶν
2954 4932 3041 4990 καὶ
3070 4933 3134 4989 τὸ
3187 4931 3391 5007 γένειον
3446 4927 3901 5004 ἀποκειραμένου,

2254 5027 2371 5085 ἐπεὶ
2399 5024 2605 5103 τυφλὸς
2638 5024 2773 5100 πρὸς
2804 5022 3065 5100 Τραϊανὸν
3094 5020 3358 5097 εἰσήχθη,
3398 5018 3584 5077 πολλὰ
3642 5018 3908 5091 λυπηθεὶς

2254 5115 2444 5189 ἐπὶτῷ
2473 5113 2637 5170 αὐτοῦ
2669 5110 2837 5188 φίλῳ,
2871 5110 3033 5167 πόλιν
3066 5110 3130 5180 ἢν
3165 5106 3371 5165 ἔκτισεν
3424 5107 3514 5164 ἐπὶ
3563 5112 3645 5181 τῷ
3676 5107 3905 5181 ὀνόματι

2255 5205 2419 5261 αὐτοῦ
2461 5204 2559 5271 τήν
2610 5205 2700 5257 νῦν
2757 5196 3223 5277 Τραϊανούπολιν,
3288 5200 3479 5254 τοῦτον
3539 5196 3909 5274 κατοικτείρας

2256 5293 2332 5357 ὡς
2388 5288 2653 5361 δεσπότην
2714 5290 2812 5358 τῆς
2887 5287 3103 5351 πόλεως
3154 5284 3326 5342 ἐκεῖσε
3382 5282 3695 5342 ἀπέστειλεν
3746 5285 3900 5356 εἶναι,

2253 5378 2359 5444 ἕως
2418 5385 2517 5450 τῆς
2568 5376 2734 5435 αὐτοῦ
2790 5373 3050 5446 τελευτῆς
3126 5372 3409 5449 θεραπείαν
3495 5374 3664 5430 αὐτοῦ
3729 5380 3903 5430 πᾶσαν

2255 5466 2651 5541 ποιησάμενος.
2702 5465 2876 5527 Οὗτος
2932 5464 3225 5542 προσέταξε
3251 5484 3317 5520 το
3356 5462 3677 5538 Χριστιανὸν
3730 5462 3900 5541 φῦλον

4147 98 4149 161 ί

4145 272 4149 297 η

4148 572 4149 607 ι

4148 656 4149 711 ι

4148 744 4149 797 ι

4148 810 4149 903 ί

4148 1016 4149 1051 ι

4148 1542 4149 1619 ί
