4194 6198
467 307 586 369 Πθ

1786 287 2098 352 GEORGII
2145 288 2499 353 CEDRENI

3747 283 3880 345 680

474 440 633 496 enim
660 440 916 501 mortuo,
951 429 1264 504 epistolam
1297 429 1551 484 ﬁnxerat
1580 430 1865 498 tanquam
1906 424 1967 479 in
1988 423 2116 495 ipso

2243 424 2373 477 νῖνον
2403 426 2543 498 (60)⁸
2603 424 3028 496 τελευτήσαντος
3083 423 3188 502 γὰρ
3243 425 3534 498 Τραϊανοῦ,
3602 418 3876 478 ἐπλάσατο

373 577 380 584 .
473 529 755 599 scriptam
773 524 849 579 ad
879 525 1172 587 senatum,
1201 534 1318 589 qua
1346 533 1482 572 eum
1516 515 1708 572 filium
1738 520 1795 570 et
1825 529 2124 569 successo-

471 632 596 672 rem
633 613 982 670 declararet.

546 792 883 848 Antoninus
936 788 1249 861 imperavit
1303 803 1491 843 annos
1546 789 1635 857 24,
1685 784 1999 856 ad0ptatus
2053 781 2125 838 ab

470 881 748 938 Adriano.
779 880 882 934 Hic
912 878 1142 950 primus
1172 878 1600 949 imperatorum
1624 875 1762 930 Pius
1793 879 1881 929 est
1911 888 2124 945 cogno-

473 971 733 1026 minatus
755 968 829 1024 ob
878 967 1073 1023 omnis
1102 966 1338 1037 generis
1367 965 1637 1031 virtutes,
1698 962 1914 1035 quibus
1972 961 2125 1017 489

469 1065 598 1117 erat
628 1057 932 1132 praeditus.
966 1056 1183 1112 Scribit
1215 1054 1490 1110 Clemens
1523 1054 1652 1125 ejus
1705 1058 1968 1124 tempore
2002 1053 2124 1106 Ro-

470 1167 585 1206 mae
618 1147 847 1203 nobiles
874 1146 1059 1202 fuisse
1079 1149 1374 1200 sectarum
1397 1143 1698 1215 principes
1727 1140 2125 1208 Valentinum,

473 1238 803 1294 Cerdonem
833 1240 891 1290 et
918 1234 1296 1302 Marcionem,
1339 1236 1398 1288 et
1452 1230 1609 1303 apud
1657 1231 1915 1302 Phryges
1944 1229 2130 1285 Tatia-

469 1343 615 1386 num
645 1329 703 1379 et
734 1323 1153 1387 Bardesanem,
1185 1338 1254 1376 ac
1279 1320 1614 1376 Priscillam
1645 1324 1706 1374 et
1746 1317 2127 1374 Maximillam

469 1415 649 1473 falsas
678 1418 861 1469 vates.
895 1412 1027 1468 Fuit
1056 1416 1198 1467 tunc
1230 1411 1291 1465 in
1323 1409 1713 1465 admiratione
1745 1407 1918 1463 etiarn
1961 1406 2127 1462 Gale-

469 1522 583 1561 nus
611 1503 903 1559 medicus.
936 1504 1003 1556 Et
1034 1506 1161 1557 erat
1194 1499 1437 1572 quidam
1472 1498 1858 1564 Bardesanes,
1884 1497 2127 1552 natione

469 1594 672 1665 Syrus,
704 1592 1041 1664 disputator
1072 1589 1500 1645 subtilissimus
1557 1604 1626 1642 ac
1676 1587 1886 1642 doctus
1928 1586 2127 1652 homo,

467 1683 640 1753 cuius
672 1682 743 1738 de
766 1683 890 1738 fato
922 1680 1257 1736 orationem
1316 1677 1657 1734 Antoninus
1707 1676 1963 1731 miratus
2019 1680 2127 1729 est.

471 1772 686 1826 Marcio
700 1771 1096 1843 Polycarpum
1120 1769 1385 1840 Smyrnaa
1409 1767 1754 1857 episcOpum
1768 1764 1998 1857 obviam
2018 1763 2128 1857 sibi
2163 1792 2209 1857 Β

470 1860 694 1915 factum
724 1859 1142 1931 interrogavit:
1178 1856 1542 1929 Agnoscisne
1592 1872 1724 1923 nos,
1770 1854 1999 1926 egregie
2030 1855 2134 1908 Po-

471 1946 1091 2021 lycarpe‘?Respondit
1108 1945 1469 2017 Polycarpus
1483 1961 1497 1999 :
1513 1945 1781 2016 Agnosco
1804 1948 1880 2010 te,
1906 1944 2132 1997 Satanas

475 2032 1903 2111 primogenitum.MoriensAntoninusimperium
1916 2047 2132 2104 genero

475 2143 583 2182 suo
606 2128 678 2182 Μ.
726 2124 1025 2181 Antonino
1083 2122 1402 2178 mandavit.
1445 2120 1564 2177 Sub
1625 2137 1692 2178 eo
1749 2120 2131 2192 Polycarpus,

468 2214 710 2271 Joannis
741 2212 1115 2284 evangelista:
1175 2211 1526 2283 discipulus,
1551 2215 1611 2266 et
1636 2209 1903 2265 Justinus
1935 2208 2132 2281 philo-

469 2303 714 2377 sophus,
754 2318 822 2358 ac
853 2302 1170 2374 Dionysius
1193 2299 1457 2357 Corinthi
1490 2299 1832 2370 episcopus,
1880 2297 1954 2353 ob
1988 2297 2134 2353 divi-

470 2411 561 2449 na:
580 2392 842 2449 veritatis
872 2389 1307 2463 professionem
1336 2388 1629 2460 supplicio
1660 2393 1802 2443 sunt
1840 2387 2058 2444 allecti.

547 2484 619 2538 Μ.
654 2481 991 2537 Antoninus
1021 2479 1335 2551 imperavit
1381 2494 1572 2533 annos
1607 2477 1673 2532 49
1709 2477 1822 2532 :de
1854 2477 1947 2532 his
1997 2494 2133 2533 cum

475 2575 624 2628 Vero
665 2587 884 2645 genero
915 2587 1022 2625 suo
1054 2586 1244 2625 annos
1278 2572 1364 2635 10,
1398 2584 1634 2623 menses
1665 2568 1718 2622 9.
1750 2567 1804 2622 Is
1848 2582 1985 2622 cum
2027 2567 2135 2622 ad-

471 2677 676 2716 versus
723 2664 1049 2715 Germanos
1104 2675 1172 2713 ac
1246 2658 1541 2712 Sarmatas
1600 2656 1825 2712 bellum
1880 2660 2131 2728 gereret,

475 2748 890 2818 exercitusque
929 2746 1026 2801 siti
1068 2761 1309 2817 pressus
1341 2743 1804 2815 periclitaretur,
1839 2743 2132 2798 Mclitenm

475 2835 731 2906 legionis
762 2834 1004 2897 milites,
1029 2833 1133 2904 qui
1163 2832 1485 2887 Christiani
1530 2836 1722 2895 erant,
1755 2848 1789 2886 a
1837 2832 1954 2887 Deo
1987 2848 2132 2886 con-

475 2923 659 2979 tentis
688 2922 964 2994 precibus
995 2921 1464 2992 impetraverunt
1490 2924 1557 2975 ut
1585 2919 1836 2975 fulmine
1869 2919 2133 2976 hostium

477 3011 772 3068 exercitus
819 3010 1099 3066 feriretur
1127 3008 1439 3079 imberque
1471 3011 1766 3065 Romanas
1816 3008 2016 3080 copias
2045 3026 2135 3064 re-

482 3106 729 3158 crearet.
772 3101 957 3166 Quam
1016 3114 1138 3154 rem
1181 3098 1505 3169 imperator
1559 3097 1726 3153 valde
1783 3097 2131 3167 admiratus,

482 3192 676 3250 edicto
706 3188 1058 3249 Christianis
1088 3186 1346 3242 honores
1373 3186 1605 3255 detulit,
1640 3185 1977 3259 legionique
2005 3187 2134 3243 Ful-

480 3280 812 3338 minatricis
861 3280 1322 3349 cognomentum
1370 3275 1605 3330 indidit.
1691 3276 1830 3347 Ejus
1882 3276 2131 3347 imperio

482 3369 721 3441 quidam
743 3365 1027 3422 Hebraeus
1039 3382 1146 3437 per
1162 3364 1547 3420 solitudinem
1570 3364 1683 3419 iter
1704 3381 1837 3419 cum
1861 3365 2137 3421 Christia-

478 3459 573 3513 nis
597 3456 841 3520 faciens,
876 3470 1011 3509 cum
1044 3454 1103 3507 in
1127 3469 1361 3526 gravem
1395 3455 1555 3509 440
1585 3452 1857 3508 morbum
1890 3452 2135 3526 delapso

474 3547 603 3619 jam
632 3544 761 3601 vita;
801 3543 1125 3599 discrimen
1180 3542 1574 3614 impenderet,
1608 3542 1973 3598 Christianos
2030 3559 2138 3614 per

485 3632 587 3688 Dei
620 3648 840 3688 nomen
866 3631 1195 3687 obtestatus
1225 3635 1316 3685 est
1346 3630 1431 3684 uti
1462 3647 1525 3685 se
1577 3629 1961 3701 baptizarent.
1992 3636 2133 3686 Cum

486 3739 623 3779 vero
655 3739 848 3795 neque
880 3737 1034 3792 aqua
1065 3720 1139 3776 ad
1162 3736 1403 3775 monum
1438 3725 1593 3775 esset
1623 3736 1818 3791 neque
1859 3721 2136 3777 sacerdos

485 3813 880 3882 Christianus,
908 3810 1172 3867 vestibus
1195 3809 1499 3866 hominem
1534 3810 1855 3875 nudarunt,
1888 3816 1948 3866 et
1977 3812 2135 3882 ipso-

485 3919 619 3958 rum
634 3901 874 3973 quidam
893 3900 1169 3956 manibus
1180 3915 1424 3955 arenam
1450 3899 1722 3955 haustam
1744 3900 1983 3955 tertium
2006 3900 2055 3971 ej
2066 3917 2136 3955 us

485 3991 665 4064 capiti
684 3989 1169 4054 infudit,tertium
1187 3987 1418 4044 dicens:
1452 3987 1786 4058 Baptizatur
1796 3987 2136 4044 Theodorus

484 4082 547 4136 in
571 4079 815 4136 nomine
845 4079 1036 4133 Patris
1067 4083 1126 4132 et
1154 4077 1287 4132 Filii
1320 4083 1380 4132 et
1425 4076 1676 4148 Spiritus
1699 4078 1907 4133 sancti.
1946 4081 2138 4150 Atque

484 4169 588 4224 ille
610 4167 890 4223 Hebraaus
920 4165 1099 4221 simul
1127 4172 1303 4235 atque
1326 4165 1411 4219 ita
1441 4164 1764 4236 baptizatus
1778 4173 1888 4234 est,
1903 4167 2136 4223 confes-

486 4258 594 4312 tim
646 4254 852 4311 morbo
897 4270 1001 4310 suo
1052 4269 1293 4325 prorsus
1342 4258 1431 4308 est
1478 4253 1783 4310 liberatus.
1817 4258 2137 4327 Postquam

488 4343 921 4399 Alexandream
953 4348 1368 4414 pervenerunt,
1400 4359 1496 4397 res
1527 4358 1598 4398 ea
1629 4344 1909 4415 Dionysio
1968 4363 2133 4418 papae

2230 510 2525 582 ἐπιστολὴν
2556 514 2630 577 ὡς
2663 512 2824 585 δῆθεν
2855 517 2984 591 παρ’
3042 515 3210 571 αὐτοῦ
3255 521 3543 592 γραφεῖσαν
3572 517 3710 591 πρὸς
3772 518 3876 587 τὴν

2231 600 2466 675 βουλὴν,
2500 600 2623 668 ἔνθα
2649 603 2765 659 υἱὸν
2794 603 2884 660 καὶ
2922 601 3184 680 διάδοχον
3244 611 3347 674 τῆς
3408 603 3688 679 βασιλείας
3744 605 3883 663 ὠνόσ

2233 711 2418 764 μασεν.

2302 782 2628 847 Ἀντωνῖνος
2673 780 2981 853 ὁΕὗσεόἢς
3038 778 3382 839 ἐϐασίλευσεν
3438 782 3528 854 ἔτη
3589 781 3696 852 κδ’,
3768 785 3888 839 υἱο-

2228 871 2480 941 ποιηθεῖς
2508 876 2592 944 τῷ
2618 870 2911 947 Ἀδριανῷ,
2968 872 3059 928 καὶ
3116 877 3335 948 πρῶτος
3395 873 3747 948 αᾶτοκράτωρ
3776 873 3889 930 Εὖ-

2232 954 2395 1028 σεὸἠς
2478 958 2781 1032 ἐπεκλήοη’
2845 966 3017 1017 πᾶσαν
3091 962 3193 1038 γὰρ
3263 963 3459 1038 ἆρετὴν
3530 962 3886 1033 ἐπεκτήσατο.

2227 1056 2318 1111 Ὠς
2349 1071 2482 1129 φησι
2519 1047 2576 1105 δὲ
2608 1050 2871 1123 Κλήμης,
2903 1052 2987 1107 ὅτι
3021 1050 3108 1106 ἐπὶ
3140 1050 3305 1108 αὐτοῦ
3361 1051 3743 1119 Οὐαλεντῖνος,
3795 1052 3887 1106 καὶ

2233 1136 2605 1215 Κὲρδων,καὶ
2656 1140 2920 1215 Μαρκίων
2980 1139 3032 1195 ἐν
3094 1141 3280 1214 Ῥώμῄ
3342 1140 3889 1219 αἳρεσιάρχαιέγνω-

2234 1229 2472 1303 ρίζοντο,
2501 1227 2593 1284 καὶ
2626 1230 2906 1300 Τατιανὸς,
2936 1231 3027 1285 καὶ
3069 1227 3409 1303 Βαρδισάνης
3462 1232 3598 1304 (61),
3628 1229 3721 1286 καὶ
3755 1235 3886 1304 Πρι-

2234 1317 2436 1374 σκίλλα
2466 1319 2557 1373 καὶ
2590 1318 2910 1393 Μαξιμίλλα
2942 1322 2995 1375 αἱ
3035 1316 3559 1398 ψευδοπροφήτιόες,
3584 1324 3693 1375 τῶν
3747 1321 3889 1377 κατᾶ

2234 1406 2455 1483 Φρύγας
2513 1406 2895 1483 ἐγνωρίζοντο.
2957 1412 3054 1464 Καὶ
3122 1406 3373 1479 Γαληνὸς
3432 1411 3460 1465 ὁ
3526 1408 3710 1484 ἱατρὸς
3765 1407 3891 1465 τότε

2238 1495 2593 1570 ἐθαυμάζετο.
2630 1498 2733 1554 Καὶ
2769 1494 3106 1572 Βαρδισάνης
3139 1495 3198 1554 δέ
3233 1519 3317 1560 τις
3377 1497 3553 1574 Σύρος
3609 1494 3893 1553 διαλεκτιο

2235 1586 2483 1648 κώτατος
2539 1585 2628 1641 καὶ
2692 1588 2861 1663 σοφὸς
2915 1587 3004 1657 ἦν,
3092 1582 3232 1644 ὥστε
3299 1588 3663 1662 θαυμάζεσθαι
3722 1586 3893 1644 αὐτοῦ

2235 1673 2375 1750 πρὸς
2406 1678 2503 1729 τοῦ
2562 1675 2880 1733 Ἀντωνίνου
2936 1675 3032 1731 τὸν
3101 1677 3241 1732 κατά
3305 1676 3643 1752 εἱμαρμένης
3702 1676 3891 1753 λόγον.

2240 1760 2603 1837 Ῑιολύκαρπος
2632 1760 2690 1818 δὲ
2738 1762 3034 1827 ἐπίσκοπος
3091 1763 3349 1837 Σμύρνης
3399 1763 3481 1827 ,είς
3538 1759 3662 1839 ὄψιν
3718 1763 3895 1829 ἐλθὼν

2241 1851 2525 1927 Μαρκίωθι
2589 1849 2840 1922 ἤκουσεν·
2903 1854 3319 1929 Ἐπιγινώσκεις
3406 1856 3577 1928 ἡμᾶς,
3634 1855 3680 1908 ὦ
3752 1851 3891 1909 καλὶ

2241 1940 2568 2019 Πολύκαρπε
2603 1961 2618 2011 ;
2649 1944 2711 2001 Ὁ
2750 1939 2826 1998 δέ·
2856 1944 3242 2019 Ἐπιγινώσκω
3291 1964 3369 2016 σε,
3428 1940 3558 2019 ἔφη,
3606 1944 3698 2000 τὸν
3730 1964 3889 2018 πρω-

2240 2030 2462 2087 τότοκον
2489 2036 2591 2087 τοῦ
2625 2038 2852 2089 Σατανᾶ.
2915 2035 3145 2104 Θνήσκει
3203 2029 3259 2088 δὲ
3316 2034 3633 2096 Ἀντωνῖνος
3677 2028 3890 2109 προεα-

2241 2118 2475 2194 λόμενος
2524 2120 2601 2184 εἷς
2662 2120 2890 2197 βασιλέα
2943 2122 3162 2198 Μάρκον
3222 2123 3540 2180 Ἀντωνῖνον
3596 2122 3688 2179 τὸν
3745 2119 3894 2179 *ίδιον

2240 2202 2511 2283 γαμϐρόν.
2548 2208 2668 2265 Ἐπῖ
2698 2210 2897 2266 τούτου
2930 2209 3295 2286 Πολύκαρπος
3323 2212 3351 2266 ὁ
3413 2213 3662 2284 μαθητὴς
3697 2209 3894 2267 Ἰωάν-

2240 2318 2336 2353 νου
2358 2302 2457 2353 τοῦ
2487 2296 2879 2376 εὐαγγελιστοῦ
2907 2299 2997 2355 καὶ
3045 2301 3332 2363 Ἰουστῖνος
3365 2301 3394 2357 ὁ
3446 2298 3748 2376 φιλόσοφος
3801 2300 3894 2357 καὶ

2241 2387 2519 2451 Διονύσιος
2551 2388 2580 2443 ὁ
2609 2386 2905 2453 ἐπίσκοπος
2945 2390 3205 2465 Κορίνθου
3236 2388 3638 2466 ἐμαρτύρησαν.

2312 2479 2530 2555 Μάρκος
2563 2480 2882 2541 Ἀντωνῖνος
2914 2473 3256 2536 ἐϐασίλευσεν
3310 2476 3404 2551 ἔτη
3458 2486 3544 2551 ιθ¹,
3607 2481 3742 2554 μετὰ
3794 2480 3891 2553 μὶν

2240 2562 2489 2643 Σεϐηρου
2517 2573 2611 2624 τοῦ
2642 2564 2901 2643 γαμϐροῦ
2930 2567 3095 2624 αὐτοῦ
3120 2567 3214 2640 ἔτη
3251 2577 3281 2625 ι’
3318 2571 3412 2625 καὶ
3448 2576 3622 2643 μῆνας
3652 2571 3697 2625 θ’
3748 2573 3888 2645 (62).

2240 2655 2627 2729 Πολεμοῦντος
2660 2654 2718 2712 δὲ
2748 2657 3056 2731 Γερμανοὺς
3113 2657 3205 2713 καὶ
3264 2659 3578 2733 Σαρμάτας,
3613 2656 3758 2733 δίψει
3790 2661 3891 2727 τῆς

2241 2751 2493 2821 στρατιᾶς
2550 2747 2879 2820 πιεζομένης
2938 2746 3028 2802 καὶ
3086 2744 3177 2801 διὰ
3225 2752 3388 2804 τοῦτο
3445 2742 3891 2818 κινδυνευοῦσης,

2239 2835 2367 2896 τοὺς
2398 2833 2487 2889 ἐπὶ
2523 2840 2625 2903 τῆς
2658 2832 2966 2906 Μελιτηνῆς
2994 2834 3139 2891 οὕτω
3188 2833 3539 2910 καλουμένης
3598 2833 3889 2911 λεγεῶνος,

2239 2923 2610 2998 Χριστιανοὺς
2668 2920 2848 2995 ὄντας,
2931 2924 3002 2980 δι’
3061 2925 3233 3001 εὐχῆς
3284 2925 3532 2987 ἐκτενοῦς
3587 2926 3723 3001 πρὸς
3794 2926 3889 2981 τὸν

2240 3012 2369 3067 Θεὸν
2399 3011 2699 3087 γενομένης
2747 3012 2873 3076 τοὺς
2937 3014 3031 3087 μὶν
3091 3013 3400 3087 πολεμίους
3450 3018 3691 3090 κεραυνῷ
3747 3013 3894 3089 βλη-

2246 3102 2426 3170 θῆναι,
2476 3096 2674 3176 ὄμϐρῳ
2731 3098 2789 3156 δὲ
2831 3100 2961 3164 τοὺς
3016 3101 3324 3176 Ῥωμαίους
3378 3104 3892 3178 παραμυθήσασθαι.

2243 3191 2416 3265 ’Ὀπερ
2498 3186 2748 3269 σφοδρῶς
2827 3188 3180 3261 καταπλῆξαν
3234 3193 3329 3246 τὸν
3390 3190 3641 3267 βασιλέα,
3698 3192 3896 3268 γράφει

2239 3282 2402 3352 τιμᾷν
2463 3279 2839 3353 Χριστιανοὺς,
2894 3280 2996 3349 τήν
3078 3276 3135 3334 δὲ
3194 3278 3428 3354 λεγεῶνα
3484 3275 3896 3355 Κεραυνοϐὀλον

2244 3372 2695 3444 προσαγορεῦσαι.
2756 3370 2876 3426 Ἐπὶ
2943 3369 3139 3425 τούτου
3199 3365 3453 3445 Ἐϐραῖός
3505 3391 3589 3432 τις
3677 3367 3897 3426 συνοδοι

2245 3460 2429 3531 πορῶν
2482 3458 2825 3532 Χριστιανοῖς
2856 3458 2995 3515 κατὰ
3046 3459 3144 3528 τήν
3202 3455 3409 3532 ἔρημον
3468 3457 3560 3514 καὶ
3618 3458 3897 3535 essent;

2244 3545 2525 3621 συσχεθεὶς
2559 3545 2851 3621 βαρυτάτῃ,
2907 3543 3234 3602 κινδυνεύειν
3293 3544 3402 3618 ἤδη
3458 3544 3706 3621 μέλλων,
3765 3568 3901 3619 παρο

2246 3635 2427 3693 εκάλει
2478 3634 2606 3698 τοὺς
2667 3637 3025 3709 Χριστιανοὺς
3075 3634 3310 3711 ἐνορκῶν
3368 3635 3444 3698 εἷς
3498 3636 3561 3692 τὸ
3617 3640 3714 3691 τοῦ
3756 3641 3891 3691 Θεοῦ

2245 3720 2418 3794 ὄνομα
2467 3720 2725 3796 βαπτίσαι
2780 3721 2964 3777 αὐτόν.
3022 3717 3249 3783 Ὕδατος
3306 3718 3365 3777 δὶ
3423 3722 3500 3795 μή
3560 3720 3717 3782 ὄντος
3753 3723 3893 3795 μήτε

2245 3810 2434 3885 ἱερέως
2485 3816 2590 3866 τῶν
2652 3810 2990 3885 Χριστιανῶν
3050 3807 3434 3866 ἆποδυσάντων
3486 3809 3670 3883 αὐτὸν,
3704 3810 3780 3873 εἷς
3841 3809 3891 3881 ἐξ

2244 3900 2424 3955 αὐτῶν
2472 3897 2690 3970 πλήσας
2742 3899 2839 3961 τὰς
2894 3905 3083 3974 χεῖρας
3134 3898 3367 3973 ψάμμου
3420 3899 3479 3955 ἐκ
3523 3899 3708 3975 τρίτου
3794 3899 3893 3954 ἐπ-

2246 3991 2397 4065 ἑχεεν
2429 3988 2516 4044 ἐπὶ
2548 3990 2647 4059 τὴν
2706 3985 2973 4067 κεφαλήν,
3032 3987 3215 4063 τρίτον
3272 3987 3468 4064 λέγων’
3502 4014 3529 4041 ‹‹
3566 3989 3894 4059 Βαπτίζεται

2246 4077 2524 4152 Θεόδωρος
2554 4077 2629 4140 εἰς
2659 4077 2723 4131 τὸ
2754 4075 2930 4150 ὄνομα
2959 4082 3055 4132 τοῦ
3090 4078 3323 4152 ΙῙατρὸς,
3362 4079 3453 4133 καὶ
3491 4082 3588 4133 τοῦ
3621 4079 3773 4145 Υίοῦ,
3806 4078 3893 4133 καὶ

2243 4173 2342 4224 τοῦ
2411 4167 2568 4243 ἁγίου
2624 4167 2959 4239 ΙῙνεῦματος.
3011 4166 3113 4223 Καὶ
3181 4171 3527 4243 παραχρῆμα
3579 4165 3891 4242 ἂνερῥώσθη

2247 4259 2275 4314 ὁ
2304 4257 2610 4331 ἄνθρωπος,
2640 4255 2853 4311 τελείαν
2901 4254 3227 4331 ἀπαλλαγήν
3295 4263 3396 4326 τῆς
3441 4256 3606 4310 νόσου
3664 4255 3892 4329 εὑράμε-

2244 4364 2358 4406 νος.
2392 4343 2699 4407 ΈΛθόντων
2732 4338 2790 4397 δὶ
2845 4340 3022 4397 αὐτῶν
3082 4341 3133 4397 ἐν
3191 4338 3594 4416 Ἀλεξανδρείᾳ,
3652 4341 3742 4396 καὶ
3805 4362 3895 4396 συ-

485 4432 559 4488 ad
591 4430 1041 4504 dijudicandum
1074 4431 1340 4501 exposita
1369 4436 1477 4486 est.
1518 4432 1573 4486 Is
1605 4432 1905 4489 hominem
1940 4434 2132 4491 denuo

2246 4435 2526 4506 ζητήσεως
2559 4432 2704 4506 παρὰ
2748 4435 2846 4486 τοῦ
2898 4430 3048 4486 πάπα
3105 4432 3389 4486 Διονυσίου
3454 4432 3540 4504 [Ρ.
3584 4433 3711 4504 231]
3740 4451 3897 4506 γενο-

1714 4532 2079 4590 XYLANDRI
2110 4537 2198 4592 ET
2228 4534 2446 4593 GOARI
2477 4532 2704 4588 ΝΟΤιΕ.

555 4627 668 4701 (60)
692 4629 825 4683 Haac
855 4643 1048 4701 neque
1081 4626 1151 4681 de
1180 4627 1696 4701 Antoninoaccipi
1718 4636 1996 4701 possunt
2025 4649 2131 4688 ne-

484 4696 601 4774 que
630 4696 875 4774 omnino
906 4696 1020 4754 huc
1046 4699 1365 4774 pertinent,
1399 4696 1503 4774 sed
1524 4697 1609 4774 ad
1640 4696 1995 4774 :Adrianum,
2031 4704 2132 4774 qui

486 4769 639 4827 tictis
665 4789 699 4826 a
731 4772 963 4827 Platina
988 4769 1494 4843 Augustalitteris
1523 4770 1774 4843 Trajano
1816 4769 2134 4843 adoptatus

484 4844 613 4898 fuit.
642 4843 884 4899 Constat
910 4843 1021 4897 hoc
1045 4840 1110 4895 ei;
1144 4840 1470 4912 Xiphilino,
1521 4840 1854 4910 Sparliano,
1910 4840 2135 4901 Zonara

487 4921 664 4970 atcue
695 4914 847 4970 aliis.
881 4915 1020 4969 XrL.

590 4932 664 4970 ue
695 4932 847 4970 ams.
882 4932 1020 4969 an.

551 4932 671 5111 ξω)
700 4986 1017 5057 Perspicue
1050 4983 1196 5039 falso
1240 4982 1335 5036 hic
1367 4980 1717 5036 Bardesanis
1768 5000 1986 5041 nomen
2044 4987 2131 5041 in.

551 5064 776 5111 Lcatur.
832 5056 1109 5111 hominis.
1168 5059 1235 5108 ut
1290 5052 1452 5107 aliud
1500 5052 1653 5106 nihil
1717 5055 1932 5111 dicam.
1984 5059 2131 5111 Svri.

488 5052 776 5127 culcatur,
832 5052 1109 5129 hominis,
1168 5059 1235 5108 ut
1290 5052 1653 5129 aliudnihil
1717 5055 1932 5119 dicam,
1984 5059 2132 5129 Syri.

488 5123 826 5200 Legendum
855 5128 1006 5198 apud
1042 5123 1649 5200 Phrygesi'riscillam,
1686 5131 1797 5200 etc.
1860 5129 1939 5182 De
1999 5123 2138 5184 Bar-

484 5195 704 5255 deéane
732 5199 863 5254 vide
888 5195 1079 5253 Euseb
1128 5197 1246 5251 ﬁne
1278 5195 1412 5250 libri
1447 5196 1641 5265 quarti
1700 5199 1888 5253 Hister
1938 5201 2134 5257 Baetes.

485 5271 557 5323 de
589 5272 996 5343 Cataphrygon
1028 5266 1554 5343 hmresi,__Monl_ani
1599 5273 1659 5321 et
1716 5268 1998 5326 falsarum
2032 5289 2137 5328 va-

486 5347 612 5464 t\um
646 5338 930 5396 Priscillae
960 5357 1029 5396 ac
1058 5339 1418 5405 Maximilla),
1449 5338 1608 5393 idem
1637 5356 1692 5405 ν,
1754 5344 1818 5395 16
1866 5348 1925 5398 et
1966 5344 2135 5401 alias.

492 5446 509 5464 ι
544 5427 630 5464 γι..

492 5427 630 5465 λΥΙ..

562 5482 800 5556 (62)-,Ιιι
858 5482 1132 5556 φανεῖσα,
1182 5482 1307 5535 haec
1365 5480 1639 5556 stabant:
1701 5480 1827 5556 Ἐπὶ
1887 5480 1979 5537 τοῦ
2035 5485 2140 5556 πρὸ

493 5547 660 5629 αὐτοῦ
690 5547 1222 5629 Ἀντονίνολδᾷτοῦτοι
1258 5547 1504 5629 γενέσθαι
1558 5550 1587 5604 ὁ
1623 5553 1962 5629 κσοιρώτατος
2007 5547 2142 5629 γρᾶ-

491 5642 578 5699 (ρει
609 5622 918 5694 Θεμίστιος,
952 5619 1139 5682 ἃλλως
1179 5619 1236 5674 δὲ
1273 5619 1380 5673 ’καὶ
1431 5620 1544 5694 οὔχ
1589 5619 1784 5683 οὓτως.
1838 5619 2137 5699 Apologia;

2240 4632 2454 4689 Justini
2486 4629 2764 4700 martyris
2794 4629 3070 4684 secunda:
3112 4628 3429 4700 subjuncta
3458 4634 3548 4684 est
3594 4644 3664 4700 ea
3711 4629 3784 4683 de
3830 4646 3891 4684 re

2242 4699 2742 4776 ipsiusAnton’ini
2774 4701 3026 4776 epistola
3058 4716 3071 4755 :
3108 4699 3442 4776 sed’u_trius
3473 4716 3541 4755 ea
3563 4771 3573 4776 _
3594 4699 3690 4763 sit,
3728 4700 3892 4756 Piine

2244 4771 2317 4831 an
2352 4772 2716 4844 PhiIOSOphi,
2748 4772 2966 4844 ambigi
2996 4778 3208 4844 potest.
3270 4773 3352 4826 Ex
3408 4771 3614 4828 Orosio
3672 4788 3771 4839 vn,
3812 4775 3895 4835 15,

2244 4847 2388 4902 satis
2420 4841 2724 4917 patet—sub
2749 4841 3104 4917 Philosopho
3135 4859 3265 4898 eam
3290 4859 3423 4917 rem
3456 4843 3897 4917 gestamLitem-

2245 4935 2360 4990 que
2392 4913 2727 4990 exEusebii
2760 4913 3431 4990 narrationumordine,
3465 4913 3525 4990 et
3546 4913 3737 4990 _quod
3788 4915 3898 4990 fra-

2244 4984 2395 5044 trem
2423 4988 2667 5043 alterius
2699 4986 2981 5040 Antonini
3015 4984 3321 5057 (nimirum
3356 4987 3510 5057 Veri)
3546 4984 3903 5057 Marcumait

2244 5060 2468 5116 bellum
2500 5058 2910 5114 Germanicum
2952 5056 3203 5129 gessisse
3257 5056 3707 5129 et_Christianis
3767 5074 3903 5129 pree

2246 5130 2521 5201 cantibus
2551 5145 2707 5201 aqua
2736 5127 3098 5201 potitum_(v,
3129 5128 3205 5199 5).
3240 5127 3349 5183 Sed
3398 5134 3456 5183 et
3512 5127 3709 5201 Melite
3741 5127 3899 5201 apud

2248 5199 2903 5283 eumdempaulo’ante
2936 5199 3171 5255 Adriani
3206 5205 3483 5271 nepotem
3509 5199 3795 5325 aspellat,
3826 5216 3902 5281 Iv,

2248 5276 2336 5325 26.
2374 5272 2714 5325 Xthl'lnllS
2742 5286 2978 5325 auoaue
3008 5276 3068 5325 et
3122 5272 3375 5325 Zonaras
3415 5286 3484 5325 ex
3590 5287 3726 5325 none
3764 5272 3899 5325 Phi-

2247 5276 2336 5326 26.
2374 5272 2714 5342 Xiphilinus
2742 5286 2978 5342 quoque
3008 5276 3068 5326 et
3122 5272 3375 5342 Zonaras
3415 5286 3484 5325 ex
3541 5272 3726 5326 Dione
3764 5272 3899 5326 Phi-

2248 5341 2483 5413 1050phi
2515 5341 2774 5413 imperio
2795 5360 2910 5397 rem
2944 5348 3206 5397 narrant.
3238 5341 3430 5397 Julius
3489 5342 3627 5397 item
3658 5342 3905 5413 Capito-

2250 5412 2408 5470 linus
2437 5419 2496 5467 et
2519 5412 2931 5484 Germanicum
2965 5413 3624 5484 Marcomannicumque
3656 5412 3811 5469 bella
3832 5414 3904 5469 ab

2248 5487 2359 5541 hoc
2389 5489 2553 5556 gesta
2583 5482 2802 5539 diserte
2835 5485 3075 5552 indicat,
3108 5491 3167 5540 et
3221 5500 3357 5540 eum
3414 5482 3663 5556 fulmen,
3697 5491 3902 5542 contra

2248 5555 2508 5628 hostium
2544 5556 3089 5628 machinamentum
3112 5571 3446 5628 aquamque
3466 5556 3590 5613 suis
3621 5555 3719 5612 siti
3743 5556 3902 5612 labo-

2252 5625 2523 5683 rantibus
2550 5626 2826 5685 elicuisse
2857 5628 3135 5701 precibus
3160 5625 3471 5684 memorat.
3503 5628 3641 5684 Χη.
