4194 6198
282 393 401 454 481

1425 386 1979 451 HISTORIARUM
2024 386 2537 450 COMPENDIUM

3579 387 3698 449 482

289 526 459 597 μένης
487 525 613 597 περὶ
670 523 893 596 τοῦτσυ,
948 521 1113 579 πάλιν
1175 517 1470 595 ἐϐαπτίσθη
1504 519 1572 577 δι’
1604 521 1822 585 ὕδατος·
1846 523 1939 577 τὸν

2060 540 2210 596 aqua
2228 522 2509 595 baptizari
2532 522 2716 595 jussit
2742 537 2756 588 ;
2788 526 2965 593 atque
3019 537 3156 577 eum
3187 522 3287 593 qui
3319 537 3503 579 arena
3526 521 3697 578 illum

285 612 345 669 δὶ
428 609 873 690 προϐαπτίσαντα
948 610 1105 668 αὐτὰν
1162 608 1253 668 διά
1326 619 1428 682 τῆς
1480 614 1734 686 ψάμμου,
1787 610 1937 683 ἄξιον

286 704 626 780 ὑπάρχοντα,
687 700 938 759 διάκονον
996 701 1475 779 ἐχειροτονήσατο.
1547 702 1648 759 Καὶ
1689 700 1934 763 εἰκότως·

284 793 314 847 6
369 794 473 868 γὰρ
539 787 707 866 μέγας
766 792 1067 867 Γρηγόριος
1134 791 1507 867 ἀπαρίθμησιν
1563 789 1939 863 ποιησάμενος

278 885 394 936 τῶν
464 882 792 955 βαπτισμῶν
851 878 1024 942 οὕτως
1082 879 1276 957 φησίν·
1348 874 1641 937 Ἐϐάπτισε
1697 880 1939 947 Μωϋσῆς

280 969 337 1025 ἄν
366 967 546 1035 ὕδατι,
591 970 683 1025 καὶ
737 967 843 1044 πρὸ
900 968 1098 1024 τούτου
1157 967 1210 1024 ἐν
1269 967 1469 1049 νεφέλῃ
1523 968 1616 1023 καὶ
1675 965 1935 1040 θαλάσσςγ

282 1054 541 1114 ἰεάπτισε
597 1057 687 1112 καὶ
750 1058 1026 1127 Ἰωάννης,
1072 1056 1252 1113 οὐκέτι
1313 1058 1406 1130 μὲν
1468 1054 1806 1118 Ἰουδαϊκῶςο
1877 1053 1939 1110 οὖ

280 1148 384 1223 γὰρ
429 1145 482 1201 ἐν
516 1143 672 1202 ὕδατι
740 1140 930 1218 μόνον,
989 1145 1133 1202 ἀλλά
1179 1146 1270 1201 καὶ
1328 1145 1404 1208 εἷς
1465 1145 1751 1220 μετάνοιαν
1803 1146 1938 1219 (63).

282 1235 537 1305 Βαπτίζει
595 1236 683 1289 καὶ
746 1234 986 1305 Ἰησοῦς,
1043 1233 1167 1290 ἀλλ’
1225 1233 1278 1289 ἐν
1337 1233 1627 1308 πνεύματι·
1685 1238 1850 1289 τοῦτο
1904 1234 1940 1301 ἡ

280 1322 587 1394 τελειότηςο
624 1321 747 1378 οἶδα
778 1328 871 1377 καί
900 1322 1157 1399 τέταρτον
1216 1323 1520 1398 βάπτισμα,
1576 1324 1641 1378 τὸ
1683 1320 1773 1377 διά
1805 1339 1942 1396 μαρσ

279 1413 474 1490 τυρίου
504 1412 594 1468 διάῖ
627 1413 880 1487 αἳματος.
915 1409 1058 1470 Οἶδα
1114 1412 1203 1468 καὶ
1259 1412 1529 1487 πέμπτον,
1590 1413 1654 1468 τὸ
1681 1416 1790 1467 τῶν
1848 1407 1946 1464 δα·-

280 1506 486 1581 κρῦων.
521 1504 731 1562 Οὐκοῦν
783 1502 874 1560 διὰ
915 1504 978 1559 τὸ
1040 1501 1337 1579 μηδέτερον
1397 1504 1605 1561 τούτων
1664 1504 1801 1559 εἶναι
1863 1497 1948 1555 δι-

278 1593 455 1657 καίως
506 1595 568 1649 οὐ
622 1590 942 1673 παρεδέχθη
1004 1596 1136 1667 (64).
1197 1593 1324 1650 Ἐπὶ
1366 1594 1563 1650 τούτου
1592 1593 1684 1648 καὶ
1714 1594 1947 1650 Ὀππια-

279 1685 372 1747 νὸς
426 1685 528 1754 τήν
572 1682 920 1752 Ἀλιευτικήν
1000 1684 1393 1759 συνεγράψατο.
1428 1683 1603 1745 Οὗτος
1661 1684 1691 1738 6
1722 1682 1946 1757 Μάρκος

281 1774 563 1853 πάνσοφος
593 1772 660 1843 ἦν
689 1774 781 1828 καὶ
812 1771 1086 1849 ἐνάρετος,
1117 1773 1207 1827 καὶ
1262 1773 1362 1841 τὴν
1416 1772 1640 1845 Ῥώμην
1672 1770 1732 1826 ἐκ
1779 1769 1947 1827 πολέα

286 1884 406 1937 μων
430 1861 847 1937 διασωσάμενος
876 1864 1143 1938 ἠγαπήθη
1208 1859 1418 1937 σφόδρα
1460 1861 1564 1918 ὑπὸ
1619 1865 1727 1916 τῶν
1778 1858 1947 1916 πολι-

280 1956 417 2008 τῶν.
480 1952 743 2017 Ἀπέθανε
800 1948 859 2007 δὲ
917 1952 1318 2031 φαρμακευθεὶς
1389 1951 1492 2006 ὑπὸ
1548 1947 1802 2023 Κομόδου
1846 1954 1945 2005 τοῦ

282 2039 428 2096 ἰδίου
460 2041 605 2098 υἱοῦ.
627 2042 742 2110 Τήν
777 2037 836 2095 δὲ
868 2042 1091 2115 μνήμην
1120 2047 1220 2111 τῆς
1251 2039 1447 2116 ἀρετῆς
1475 2037 1639 2095 αἶ)τοῦ
1694 2041 1729 2109 ἠ
1767 2037 1943 2115 βουλὴ

281 2126 495 2211 ἔχουσα
537 2130 675 2205 μετά
723 2131 824 2200 τήν
878 2128 1045 2185 αὐτοῦ
1099 2127 1360 2200 τελευτήν
1420 2133 1613 2205 χρυσῷ
1669 2126 1948 2206 ἀνδριάντι

280 2219 448 2274 αὐτὸν
484 2216 736 2292 ἐτίμησε.

354 2304 616 2381 Κὸμοδος
642 2307 760 2368 υἱὸς
816 2305 1043 2381 Μάρκου
1099 2301 1417 2362 ἐϐασίλευσε
1483 2301 1576 2377 ἔτη
1641 2307 1730 2382 ιβ’,
1775 2313 1947 2380 μῆνας

283 2402 350 2461 θ’.
415 2395 598 2458 Οὗτος
653 2394 773 2470 εἶχε
818 2395 1019 2474 τρίχας
1077 2394 1283 2465 ξανθὰς,
1356 2394 1675 2468 εἰκασμένας
1732 2398 1943 2472 χρυσῷ.

280 2490 385 2543 Ἦν
420 2481 478 2539 δὲ
510 2483 885 2564 φιλοκύνηγος
933 2483 1023 2538 καὶ
1066 2485 1475 2559 μοιχικώτατος
1520 2477 1781 2552 πάνυ,’ὅν
1856 2481 1949 2538 καί

280 2595 444 2653 φασιν
497 2571 552 2629 ἐν
589 2577 687 2645 μιᾷ
733 2571 916 2648 ἡμέρᾳ
968 2568 1179 2627 δώδεκα
1238 2571 1464 2635 λίοντας
1522 2575 1794 2648 φονεῦσαι.
1856 2570 1947 2626 Γὲ-

286 2684 423 2741 γονε
452 2660 513 2719 δὶ
557 2663 649 2718 κάί
709 2660 996 2738 ποδαλγὸς
1052 2662 1142 2719 καὶ
1193 2657 1541 2738 κατωόαρής.
1604 2656 1810 2731 Συνέϐη
1891 2657 1949 2716 δὲ

285 2750 486 2808 πολλά
561 2753 701 2807 κακά
759 2753 950 2807 παθεῖν
1007 2753 1108 2822 τήν
1165 2752 1384 2826 Ῥώμην
1463 2750 1515 2806 ἒν
1563 2755 1682 2814 ταῖς
1709 2750 1943 2826 ἡμέραις

282 2841 476 2898 αὐτοῦ·
521 2840 692 2915 λιμοῦ
720 2842 820 2919 γάρ
850 2841 1147 2916 γενομένου
1182 2838 1457 2921 δισχίλιοι
1513 2840 1565 2896 ἐν
1631 2845 1728 2915 μιᾷ
1758 2840 1940 2914 ἡμέρᾳ

284 2931 669 3001 ἐτελεύτησαν.
733 2933 1057 3008 ’Λφρικανὸς
1118 2928 1176 2985 δὲ
1236 2950 1398 3008 φησιν
1457 2931 1486 2985 6
1558 2927 1946 3009 χρονογράφος

281 3020 369 3075 δτι
406 3018 496 3074 ἐπὶ
525 3017 724 3073 τούτου
779 3015 1028 3090 Κλήμης
1083 3019 1111 3072 6
1162 3017 1527 3093 Στρωμάτεὺς
1586 3015 1640 3071 ἐν
1698 3015 1950 3086 Ἀλεξαν-

280 3106 446 3185 δρείᾳ
483 3106 827 3183 ἐγνωρίζετο·
862 3104 1185 3181 Κλημεντος
1228 3103 1285 3161 δὲ
1341 3107 1610 3185 φοιτητής
1662 3106 1946 3181 Ὠριγὲνης

283 3196 525 3274 ἐγένετο.
559 3193 737 3252 Ἀλλὰ
790 3196 881 3251 καὶ
934 3197 1205 3257 Μοντανὸς
1262 3194 1621 3272 αἱρεσιάρχης
1674 3195 1799 3251 τότε
1852 3195 1946 3268 ἦν,

2041 613 2456 684 baptizaverat,
2490 611 2811 667 diaconum
2842 616 2909 666 ut
2945 626 3013 666 eo
3041 627 3289 667 munere
3320 610 3565 684 dignum
3595 611 3700 666 de—

2042 703 2202 775 legit.
2228 703 2430 774 Neque
2458 703 2570 757 hoc
2625 701 2862 773 injuria.
2924 703 3161 774 Magnus
3194 701 3355 757 enim
3386 699 3699 772 Gregorius

2042 791 2475 863 baptismorum
2533 805 2755 863 genera
2803 789 2889 845 sic
2974 796 3304 846 enumerat.
3382 790 3700 861 Baptizavit

2043 882 2231 936 Moses
2250 896 2424 953 aqua,
2448 884 2625 951 atque
2654 884 2792 934 ante
2819 879 2882 934 in
2919 879 3076 935 nube
3100 884 3158 934 et
3182 879 3363 946 mari;
3386 878 3699 950 baptizavit

2045 976 2102 1026 et
2119 972 2396 1039 Joannes,
2427 985 2549 1025 non
2573 969 2699 1040 jam
2718 970 2753 1025 ‘J
2763 968 2972 1025 udaico
2987 985 3151 1024 more
3166 984 3361 1040 neque
3376 967 3503 1024 sola
3517 983 3693 1039 aqua,

2043 1076 2247 1115 verum
2285 1058 2357 1115 ad
2417 1058 2913 1131 resipiscentiam.
2949 1059 3211 1130 Baptizat
3259 1063 3316 1112 et
3369 1058 3558 1125 Jesus,
3590 1056 3695 1113 sed

2045 1149 2295 1222 spiritu:
2328 1166 2399 1204 ea
2427 1153 2519 1204 est
2547 1147 2854 1220 perfectio.
2888 1147 3027 1203 Novi
3059 1152 3121 1202 et
3142 1152 3422 1218 quartum
3467 1146 3695 1218 baptis-

2046 1256 2233 1308 mum,
2257 1240 2356 1311 qui
2390 1240 2457 1295 ﬁt
2484 1256 2620 1295 cum
2650 1238 2723 1295 ob
2764 1238 3024 1294 veritatis
3085 1237 3524 1293 confessionem
3568 1252 3699 1291 san-

2047 1328 2175 1400 guis
2206 1327 2658 1384 funditur.'Novi
2685 1333 2743 1382 et
2771 1327 3047 1399 quintum
3076 1343 3185 1394 per
3215 1326 3524 1397 lacrymas.
3551 1326 3699 1394 Ergo

2050 1417 2190 1488 quia
2216 1417 2368 1472 nihil
2424 1417 2636 1473 horum
2688 1416 2821 1483 fuit,
2868 1417 3031 1489 juste
3080 1432 3201 1471 non
3259 1419 3349 1469 est
3403 1417 3697 1484 receptus.

2050 1506 2124 1562 Μ.
2159 1505 2460 1561 Antonino
2490 1506 2819 1577 imperante
2858 1506 3164 1577 Oppianus
3214 1520 3362 1575 opus
3411 1518 3586 1558 suum
3631 1501 3703 1555 de

2047 1595 2317 1651 Piscibus
2347 1595 2700 1667 composuit.
2729 1596 2958 1650 Marcus
2990 1594 3101 1650 iste
3133 1592 3461 1649 admodum
3481 1591 3596 1646 fuit
3619 1604 3706 1645 sa-

2051 1674 2220 1756 piens
2244 1700 2312 1740 ac
2340 1684 2655 1739 virtutibus
2676 1688 2941 1749 ornatus,
2974 1699 3157 1754 reque
3190 1684 3457 1738 Romana
3490 1678 3703 1737 multis

2051 1775 2227 1831 bellis
2259 1781 2603 1831 conservata
2631 1774 3019 1830 charissimus
3049 1771 3274 1827 civibus
3304 1771 3436 1827 fuit.
3460 1772 3703 1825 Veneno

2056 1869 2147 1920 est
2174 1868 2480 1920 necatusa
2511 1864 2633 1919 filio
2676 1880 2783 1919 suo
2841 1860 3184 1919 Commodo.
3245 1862 3392 1916 441
3452 1860 3704 1914 Senatus

2053 1951 2344 2008 memoria
2381 1951 2617 2006 virtutis
2668 1951 2800 2023 ejus
2858 1954 3093 2005 mortuo
3152 1952 3410 2004 statuam
3457 1958 3704 2001 auream

2055 2040 2301 2097 honoris
2331 2056 2509 2096 causa
2538 2039 2758 2111 posuit.

2123 2310 2482 2366 Commodus
2538 2311 2715 2366 Marci
2772 2311 2934 2368 ﬁlius
2985 2328 3178 2368 annos
3248 2313 3561 2385 imperavit
3618 2319 3706 2386 l2,

2052 2414 2290 2454 menses
2312 2402 2363 2454 9.
2394 2399 2605 2454 Fulvos
2654 2399 2706 2454 is
2737 2399 2934 2455 crines
2965 2400 3190 2463 habuit,
3250 2417 3397 2457 auro
3456 2404 3704 2459 similes.

2051 2487 2189 2542 Erat
2221 2486 2520 2543 studiosus
2552 2487 2879 2543 venationis
2910 2493 2969 2543 et
2995 2489 3058 2542 in
3101 2488 3246 2543 feris
3291 2491 3707 2562 oppugnandis

2052 2577 2375 2633 admodum
2405 2577 2933 2633 strenuuszferunt
2960 2593 3097 2632 eum
3127 2593 3247 2633 una
3276 2577 3372 2632 die
3389 2577 3704 2635 duodecim

2048 2666 2256 2722 leones
2284 2682 2550 2722 necasse.
2585 2665 2912 2722 Laborabat
2954 2671 3154 2723 autem
3214 2682 3288 2721 ex
3337 2666 3611 2738 pedidus,
3646 2672 3708 2724 et

2052 2755 2366 2811 inferiores
2392 2761 2591 2828 partes
2622 2755 2882 2811 habebat
2910 2771 3134 2827 graves.
3170 2755 3352 2811 Multa
3390 2772 3460 2810 eo
3518 2756 3710 2828 impe-

2050 2850 2221 2900 rante
2245 2843 2489 2901 adversa
2520 2847 2719 2900 Romae
2746 2848 3092 2900 evenerunt.
3125 2845 3196 2898 Et
3224 2843 3384 2899 inter
3403 2844 3521 2900 alia
3542 2850 3709 2902 tanta

2051 2932 2165 2990 fuit
2192 2934 2376 3005 pestis
2406 2940 2470 2990 ut
2492 2950 2611 2990 una
2640 2932 2736 2990 die
2766 2933 2883 2989 duo
2914 2933 3108 2988 millia
3165 2932 3480 2989 hominum
3518 2934 3711 3005 perie-

2051 3024 2193 3079 rint.
2222 3022 2536 3079 Africanus
2567 3023 2629 3077 in
2659 3022 2993 3078 Annalibus
3051 3027 3260 3078 auctor
3314 3026 3405 3077 est
3454 3021 3562 3077 sub
3594 3023 3709 3079 hoc

2052 3113 2417 3169 Clementem
2433 3113 2828 3168 Stromateum
2841 3111 3214 3168 Alexandriae
3232 3111 3711 3184 ﬂoruisse,quem

2060 3203 2286 3259 audivit
2304 3202 2609 3275 Origenes.
2644 3201 2776 3257 Fuit
2798 3207 2940 3258 tunc
2969 3202 3151 3258 etiam
3182 3201 3497 3258 Montanus
3528 3202 3713 3258 haere-

280 3262 342 3351 δὲ
376 3284 573 3340 ἑαυτὸν
605 3282 964 3360 Παράκλητον
992 3277 1172 3360 ἔλεγεν
1204 3262 1360 3339 εἶναι.
1419 3262 1596 3346 Οδτος
1628 3283 1656 3337 6
1691 3262 1946 3357 Κόμοδος

2061 3292 2212 3347 ticus
2243 3262 2582 3364 primarius,
2617 3291 2719 3362 qui
2751 3307 2813 3347 se
2866 3289 3235 3346 Paracletum
3275 3306 3405 3346 esse
3420 3290 3706 3363 jactabat.

278 3381 385 3432 τοῦ
446 3372 502 3429 ἐν
549 3369 726 3446 Ῥόδῳ
804 3371 1075 3429 κολοσσοῦ
1130 3373 1231 3442 τήν
1300 3370 1547 3449 κεφαλὴν
1604 3369 1821 3450 ἀφελὼν
1879 3375 1949 3446 τῇ

280 3465 484 3520 ἑαυτοῦ
521 3459 702 3538 στηλῃ
733 3463 1062 3537 προσὲπηξε.
1095 3462 1299 3518 Τοῦτον
1358 3459 1661 3538 Νάρκισσός
1718 3481 1803 3523 τις
1840 3463 1948 3516 τῶν

283 3550 509 3608 οῗκείων
538 3550 707 3606 αὐτοῦ
736 3550 789 3605 ἐν
822 3550 1040 3626 λουτρῷ
1071 3547 1343 3620 ἀπέπνιξε.

358 3640 623 3715 Περτίναξ
658 3634 1003 3695 ἐϐασίλευσεν
1034 3638 1245 3713 ἡμέρας
1305 3639 1412 3709 πζ’,
1474 3658 1614 3711 μητε
1695 3639 1797 3707 τήν
1853 3660 1951 3713 γυ·

282 3735 451 3786 ναῖκά
514 3748 654 3801 μητε
708 3728 776 3784 τά
825 3729 984 3783 τέκνα
1042 3725 1118 3790 εἰς
1174 3726 1237 3782 τὸ
1303 3726 1569 3782 παλάτιον
1627 3726 1949 3803 εἰσαγαγὼν,

285 3817 424 3875 ἀλλ’
454 3817 614 3879 ἔασας
660 3818 808 3893 παρά
860 3821 941 3890 τῷ
988 3814 1194 3889 πάππῳ
1259 3812 1584 3880 διαιτᾶσθαι.
1643 3816 1769 3872 Ἐπὶ
1823 3816 1951 3871 τού·

286 3933 416 3980 του,
472 3908 546 3973 ὥς
607 3931 770 3989 φησιν
805 3904 1090 3981 Εὖσέϐιος,
1148 3909 1217 3980 ἧν
1276 3909 1305 3964 6
1365 3908 1699 3987 Σύμμαχος,
1733 3911 1811 3971 εἴς
1841 3912 1950 3964 τῶν

286 4000 645 4076 ἑρμηνευτών
705 4003 805 4066 τῆς
874 4004 983 4055 τῶν
1041 3994 1310 4074 Ἐϐραίων
1357 4003 1599 4076 Γραφῆς,
1631 3992 1951 4061 Ἐϐιωναῖος

288 4091 398 4160 τὴν
431 4088 662 4163 αἳρεσιν.
722 4088 898 4146 Ἀλλά
945 4089 1037 4145 καὶ
1106 4087 1416 4168 Πορφύριος
1475 4087 1503 4141 ὁ
1564 4085 1870 4164 φιλόσοφος
1924 4088 1952 4142 6

286 4181 435 4237 κατά
476 4182 817 4256 Χριστιανῶν
866 4179 1097 4256 γράψας,
1154 4178 1242 4233 καὶ
1303 4177 1627 4255 Ἀφρικανὸς
1683 4177 1712 4232 6
1751 4197 1952 4253 χρονοο

288 4268 526 4348 γράφος.
586 4268 711 4326 Ἐπὶ
762 4289 961 4325 τουτου
1020 4263 1296 4338 Λεωνίδης
1355 4265 1384 4320 6
1439 4269 1537 4321 τοῦ
1617 4267 1954 4346 κακόφρονας

294 4358 607 4434 Ὠριγένους
621 4359 803 4427 πατὴρ
835 4355 1227 4434 ἐμαρτύρησεν.
1258 4352 1427 4418 Οὗτος
1459 4354 1713 4431 Περτίναξ
1743 4353 1951 4434 ἐσφάγη

294 4447 407 4503 ὕπὸ
434 4451 543 4501 τῶν
576 4450 939 4521 στρατιωτῶν.

369 4535 676 4598 Ἰουλιανὸς
735 4532 917 4598 Δίδιος
971 4530 1311 4592 ἐϐασίλευσεν
1361 4536 1572 4610 ἡμερας
1621 4533 1715 4605 ξς¹.
1774 4531 1954 4596 Δίδιος

2056 3379 2415 3437 Commodus
2463 3385 2639 3453 caput
2694 3380 2911 3436 colossi
2960 3379 3174 3437 Rhodii
3223 3379 3526 3436 sublatum
3587 3397 3713 3438 sum

2058 3474 2266 3526 statuae
2296 3470 2599 3543 imposuit.
2631 3470 2941 3526 Narcissus
2970 3485 3127 3538 eum,
3160 3485 3318 3527 unus
3364 3486 3435 3525 ex
3466 3469 3709 3526 domes-

2057 3559 2212 3633 ticis,
2239 3559 2304 3614 in
2333 3558 2549 3615 balneo
2576 3559 2988 3632 strangulavit.

2129 3646 2407 3702 Pertinax
2446 3647 2756 3718 imperavit
2811 3646 2939 3701 dies
2985 3648 3075 3701 87.
3107 3649 3163 3703 Is
3220 3662 3415 3719 neque
3463 3663 3711 3704 uxorem

2056 3752 2250 3807 neque
2290 3734 2512 3791 liberos
2547 3737 2609 3790 in
2664 3735 2955 3807 palatium
3005 3735 3358 3804 introduxit,
3393 3737 3497 3792 sed
3552 3737 3710 3808 apud

2058 3841 2232 3879 avum
2256 3823 2519 3895 reliquit.
2554 3823 2673 3879 Sub
2724 3824 2836 3879 hoc
2881 3823 3170 3879 Eusebius
3221 3825 3306 3878 ait
3334 3824 3519 3879 fuisse
3552 3826 3720 3895 Sym-

2058 3913 2357 3981 machum,
2376 3929 2565 3968 unum
2597 3929 2669 3968 ex
2698 3911 3124 3983 interpretibus
3147 3911 3570 3967 Hebraicarum
3606 3913 3718 3968 Lit-

2060 4017 2346 4069 terarum,
2377 4007 2541 4058 secta
2568 4001 2932 4057 Ebionuum.
2964 4000 3095 4056 Fuit
3116 4005 3242 4056 tum
3273 4005 3332 4055 et
3360 4000 3722 4072 Porphyrius

2060 4091 2473 4163 phiIOSOphus,
2519 4091 2621 4162 qui
2674 4095 2883 4147 contra
2928 4089 3301 4145 Christianos
3358 4089 3615 4161 scripsit,
3664 4094 3724 4145 et

2059 4178 2374 4236 Africanus
2404 4179 2724 4235 Annalium
2756 4178 3053 4235 conditor.
3076 4180 3237 4234 Tunc
3293 4182 3352 4232 et
3409 4178 3719 4246 Leonides,

2059 4267 2341 4324 vaecordia
2397 4268 2667 4341 Origenis
2743 4272 2933 4340 pater,
2989 4267 3296 4340 religionis
3364 4267 3720 4323 Christianas

2062 4374 2241 4415 causa
2270 4356 2632 4429 supplicium
2661 4357 2930 4429 pertulit.
2957 4356 3229 4413 Pertinax
3252 4374 3287 4413 a
3318 4357 3610 4414 militibus
3631 4362 3721 4412 est

2054 4449 2388 4523 jugulatus.

2134 4539 2291 4596 442
2321 4538 2595 4595 Julianus
2651 4538 2859 4594 Didius
2916 4538 3245 4610 imperator
3279 4538 3396 4595 fuit
3451 4538 3577 4594 dies
3631 4542 3721 4594 66.

299 4626 359 4683 δὲ
388 4625 671 4697 ἐπαληθη
705 4624 795 4682 διά
821 4626 885 4681 τὸ
916 4626 1019 4682 ὑπὸ
1069 4623 1262 4701 δώρων
1294 4620 1482 4682 λαϐεῖν
1514 4626 1613 4697 τὴν
1650 4625 1947 4700 βασιλείαν.

2060 4629 2217 4687 Didii
2243 4633 2701 4704 cognomentum
2724 4628 2933 4685 habuit
2955 4628 3116 4700 quod
3137 4628 3349 4685 dandis
3368 4629 3723 4685 muneribus

301 4714 655 4778 Φαυλότατος
686 4712 744 4769 δὲ
772 4716 838 4785 ἦν
860 4719 977 4778 τοῖς
1007 4714 1256 4790 τρόποις,
1296 4714 1387 4770 καὶ
1438 4718 1558 4777 τοῖς
1587 4707 1769 4790 ἔργοις
1820 4714 1948 4771 dvo-

302 4808 560 4885 σιουργὸς
614 4806 703 4862 καὶ
766 4807 1072 4884 χρημάτων
1114 4806 1371 4880 ἒραστὴς·
1399 4803 1461 4868 ὅς
1488 4802 1577 4861 διά
1602 4806 1666 4861 τὸ
1703 4805 1949 4884 αἰσχρῶς

309 4898 461 4973 βιοῦν
485 4896 574 4953 καὶ
608 4896 986 4970 ἀπανθρώπως
1041 4895 1144 4951 ὑπὸ
1200 4901 1302 4965 τῆς
1358 4891 1568 4971 βουλῆς
1617 4895 1833 4969 θανάτῳ
1857 4916 1956 4952 κα-

303 4986 663 5067 ταψηφισθεές
695 4985 899 5063 ἐσφάγη
911 5030 924 5044 .

378 5070 627 5152 Σεϐἦρος
660 5077 742 5149 [Ρ.
785 5079 911 5148 252]
967 5068 1307 5130 ἐϐασίλευσεν
1366 5067 1459 5144 ἔτη
1527 5073 1611 5143 ιζ’,
1656 5075 1831 5145 μῆνας
1883 5079 1952 5145 η’.

2061 4723 2381 4796 imperium
2402 4726 2821 4794 comparasset.
2854 4720 3114 4776 Moribus
3144 4726 3271 4776 erat
3328 4720 3719 4793 pravissimis,

2064 4812 2570 4884 ﬂagitiosissimus
2601 4816 2906 4867 etavarus.
2944 4813 3148 4882 Itaque
3181 4808 3255 4865 ob
3290 4815 3529 4882 turpem
3562 4814 3619 4864 et
3640 4809 3728 4863 in-

2062 4901 2392 4957 humanam
2424 4900 2606 4957 vitam
2637 4917 2672 4957 a
2703 4904 2914 4956 senatu
2954 4899 3166 4955 mortis
3197 4898 3515 4955 damnatus
3546 4902 3634 4953 est
3664 4902 3725 4953 et

2062 4987 2398 5061 jugulatus.
2450 5044 2457 5051 ,

2138 5077 2385 5134 Severus
2414 5076 2729 5149 imperavit
2758 5092 2945 5133 annos
2980 5077 3068 5142 l7,
3118 5090 3360 5131 menses
3389 5075 3447 5130 8.
3478 5074 3726 5131 Severus

1503 5200 1863 5258 XYLANDRI
1908 5203 1997 5259 ET
2036 5204 2255 5260 GOARI
2297 5204 2518 5261 NOT/E.

382 5320 857 5392 (68)Aﬂzereticus
914 5320 986 5375 ad
1040 5319 1475 5392 resipiscentiam
1504 5315 1952 5387 interpretatur,

329 5390 694 5447 orthodoxns
725 5392 799 5447 ad
829 5393 1228 5462 paenitentiam.
1250 5390 1427 5445 Goaa.

386 5462 500 5535 (64)
532 5463 802 5518 Narratio
829 5457 902 5519 de
936 5478 1004 5518 eo
1050 5462 1161 5535 qui
1212 5476 1402 5535 arena
1438 5457 1783 5535 baptizatus
1829 5462 1960 5535 fuit,

320 5529 737 5605 ex‘Ni’cephori
770 5535 888 5590 fine
920 5534 1061 5589 tomi
1078 5529 1246 5591 tertii
1269 5538 1376 5588 est.
1396 5529 1549 5605 “Sed
1606 5529 1734 5605 hinc
1766 5533 1959 5603 verba,

316 5622 445 5678 ergo
473 5600 610 5678 quia
639 5606 809 5672 nihil,
844 5611 979 5672 etc.,
1011 5605 1155 5678 quid
1184 5605 1296 5678 sibi
1324 5600 1529 5678 velint,
1560 5602 1786 5659 nescio.
1821 5600 1960 5661 XvL.

316 5671 694 5750 «'Seipsum
713 5671 915 5751 itaque
944 5671 1065 5735 non
1095 5674 1390 5748 intelligit.
1410 5671 1632 5731 Planus
1652 5679 1744 5730 est
1765 5679 1965 5733 tamen

2064 5319 2378 5401 verborum
2420 5336 2715 5401 “sensus:
2754 5321 2901 5401 Ergo
2938 5322 3081 5401 quia
3154 5319 3299 5401 nihil
3356 5319 3570 5401 horum.
3613 5319 3725 5386 fuit

2068 5408 2277 5463 arenas,
2296 5390 2723 5463 baptismus,ut
2751 5388 2853 5462 qui
2884 5388 2972 5446 ad—
2990 5390 3365 5463 ﬁgurativum
3394 5388 3726 5463 Moysi,pa:-

2068 5461 2443 5518 nitentialem
2473 5462 2736 5529 Joannis,
2770 5461 3265 5518 sacramentalem
3305 5462 3547 5526 Christi,
3584 5476 3724 5516 sane

2066 5533 2351 5605 guineum
2380 5539 2709 5603 martyrum
2766 5534 3029 5590 revocari
3080 5534 3376 5605 nequiret,
3417 5534 3568 5605 juste
3614 5548 3726 5587 non

2067 5611 2143 5661 est
2162 5611 2427 5676 receptus,
2469 5606 2570 5675 qui
2604 5611 2947 5678 susceperat
3001 5604 3193 5661 illum’
3210 5604 3510 5662 Hebraeus.
3544 5605 3720 5659 Goaa.
