4194 6198
434 390 555 453 483
1794 378 2111 445 GEORGII
2154 381 2491 447 OEDRENI
3734 385 3853 451 484

439 526 658 583 Latinis
691 528 780 580 est
809 523 910 593 qui
942 520 1158 577 Gracia
1189 518 1524 575 hmreticus.
1580 519 1635 572 Is
1664 516 1727 573 in
1780 513 2075 574 Britannia

2203 510 2448 592 Σεϐῆρος
2496 518 2610 589 (65)
2670 512 2729 572 δὶ
2768 516 2796 573 ὁ
2854 517 3125 593 αἱρετικὸς
3156 515 3390 594 λέγεται.
3420 519 3604 581 Οὗτος
3636 520 3731 576 τὸν
3800 519 3857 576 ἐν

435 616 593 671 bello
624 614 808 668 victor
835 626 1073 667 murum
1103 610 1166 665 in
1196 625 1267 666 ea
1286 608 1485 665 insula
1513 625 1549 665 a
1577 607 1725 663 mari
1754 624 1873 663 uno
1891 606 1968 663 ad
1997 606 2088 663 al~

432 710 626 759 terum
660 717 821 757 mare
852 699 1129 772 perduxit
1156 715 1263 771 per
1293 697 1457 754 mille
1489 696 1701 753 stadia.
1737 696 2087 769 Byzantium

435 792 612 863 cepit,
647 789 895 861 ejusque
938 805 1142 845 muros
1198 787 1437 861 dejecit.
1472 786 1816 860 Byzantium
1858 790 2087 858 septem

433 878 643 936 habuit
659 885 876 948 turres,
910 894 1165 950 quorum
1205 878 1444 933 initium
1501 893 1537 932 a
1581 876 1864 933 Thracica
1894 879 2084 948 parte,

431 968 569 1025 finis
597 968 673 1024 ad
704 983 866 1025 mare
896 968 1268 1040 aquilonare.
1302 967 1359 1022 Si
1378 965 1514 1038 quis
1544 965 1620 1022 ad
1651 965 1914 1036 aliquam
1943 963 2086 1021 reli-

434 1074 686 1131 quarum
716 1059 973 1115 turrium
1003 1057 1400 1124 accederet,in
1425 1057 1675 1129 reliquis
1701 1056 1763 1111 id
1791 1072 1913 1112 non
1939 1070 2085 1112 sen-

432 1148 707 1205 tiebatur.
742 1148 801 1203 Si
829 1153 1028 1204 autem
1059 1149 1122 1203 in
1142 1147 1335 1219 prima
1366 1147 1512 1202 turri
1539 1146 1863 1203 clamorem
1886 1149 2086 1201 sustu-

427 1237 597 1294 lisset
626 1242 729 1293 aut
766 1236 1028 1309 lapidem
1070 1237 1371 1304 movisset,
1432 1236 1483 1293 is
1533 1252 1716 1293 sonus
1774 1253 1843 1292 eo
1905 1235 2087 1291 etiam

432 1330 665 1381 tacente
703 1324 779 1381 ad
808 1326 1058 1382 alterm
1089 1325 1300 1382 turrim
1349 1324 1779 1398 perferebatur,
1826 1323 2086 1395 indeque

433 1413 507 1469 ad
541 1414 773 1470 tertiam
797 1417 856 1469 et
884 1413 1163 1486 reliquas.
1193 1413 1245 1469 is
1276 1419 1336 1469 et
1388 1413 1753 1485 Zeuxippum
1803 1411 2085 1469 balneum

436 1502 728 1575 Byzantiis
758 1501 1043 1574 condidit,
1074 1520 1143 1559 ac
1198 1503 1422 1559 circum
1478 1502 1821 1559 inchoavit:
1868 1499 1972 1558 sed
2028 1506 2088 1558 et

430 1591 808 1648 venationem
851 1593 936 1648 eis
967 1609 1036 1649 ac
1084 1593 1383 1650 theatrum
1442 1591 1773 1649 mditicavit.
1808 1590 1926 1647 Sub
1974 1590 2087 1648 hoc

434 1682 652 1738 Paulus
675 1683 1092 1739 Samosatenus
1110 1683 1449 1739 Artemonis
1479 1699 1740 1740 errorem
1763 1682 2083 1752 renovavit,

431 1771 677 1827 Severus
707 1771 884 1828 bellis
914 1788 1129 1829 vacans
1178 1788 1249 1828 ex
1277 1772 1484 1829 morbo
1543 1772 1819 1840 decessit,
1860 1771 2086 1828 relictis

428 1860 618 1917 tribus
650 1860 815 1920 filiis.

502 2130 616 2185 Sub
648 2131 760 2186 hoc
790 2129 992 2186 floruit
1034 2130 1337 2203 Origenes,
1392 2131 1493 2201 qui
1525 2148 1657 2186 cum
1692 2131 2079 2186 Alexandrea;

427 2226 604 2288 esset,
640 2236 921 2293 magnum
967 2221 1229 2276 studium
1288 2220 1464 2275 rebus
1523 2220 1706 2277 sacris
1762 2220 2077 2292 impendit.

427 2312 627 2381 Neque
657 2314 889 2365 tantum
921 2309 1276 2366 Christianis
1304 2324 1533 2384 magna:
1562 2309 1675 2366 fuit
1703 2308 2079 2377 utilitati,sed

428 2403 488 2454 et
515 2414 635 2454 non
666 2414 888 2470 paucos
910 2398 1067 2469 juvit
1092 2398 1402 2455 haereticos
1434 2414 1449 2453 :
1480 2414 1619 2454 nam
1648 2399 1724 2454 ab
1780 2398 1909 2471 ipso
1939 2396 2078 2453 ﬁdei

424 2486 755 2543 doctrinam
784 2488 938 2544 448
970 2488 1334 2560 accipientes
1381 2487 1644 2544 veritatis
1691 2486 1886 2544 studio
1949 2502 2078 2543 sese

425 2573 663 2631 dabant.
694 2575 857 2632 Inter
877 2593 1026 2648 quos
1068 2578 1403 2649 prmeipuus
1430 2576 1546 2633 fuit
1591 2576 1960 2644 Ambrosius,
1992 2576 2081 2632 vir

426 2660 681 2719 illustris
702 2680 771 2719 ac
800 2663 1135 2721 litterarum
1154 2665 1366 2721 studiis
1379 2664 1649 2721 addictus
1674 2682 1688 2731 ;
1713 2664 1814 2736 qui
1833 2680 2079 2736 operam

426 2750 574 2807 dans
604 2757 670 2806 ut
691 2752 752 2807 in
784 2752 1058 2808 notitiam
1073 2753 1343 2822 Origenis
1363 2754 1760 2825 perveniret,a
1780 2753 2075 2809 Valentini

429 2845 492 2894 et
520 2839 833 2894 Marcionis
863 2844 1025 2895 secta
1053 2839 1329 2910 descivit,
1361 2857 1498 2897 cum
1529 2842 1671 2897 satis
1710 2842 2079 2913 explorasset

425 2927 686 2983 divinam
723 2928 984 2984 hominis
1016 2929 1368 2987 doctrinam.
1395 2931 1643 2988 Plurimi
1673 2948 1909 3005 quoque
1932 2933 2074 3005 phi-

422 3015 812 3087 losOphorum
846 3017 946 3088 qui
978 3018 1278 3076 Christum
1290 3036 1410 3076 non
1428 3021 1841 3094 agnoscebant.
1851 3022 1925 3078 ad
1939 3036 2074 3078 eum

425 3108 828 3160 commeantes
858 3103 1184 3176 plurimum
1214 3120 1285 3163 ex
1336 3123 1406 3164 eo
1436 3106 1513 3164 ad
1542 3122 1680 3165 suas
1723 3111 1881 3165 artes
1901 3107 2072 3181 adju-

426 3192 613 3247 menti
641 3198 1055 3265 perceperunt.
1086 3197 1278 3268 Magni
1305 3197 1465 3253 enim
1495 3197 1567 3253 ab
1597 3197 1670 3254 iis
1710 3196 1907 3264 ﬂebat,
1935 3212 2071 3255 cum

421 3282 864 3353 geometricam,
887 3284 1325 3343 arithmeticam
1351 3292 1411 3343 et
1428 3287 1574 3344 alias
1604 3304 1737 3359 qum
1765 3288 1839 3345 ad
1871 3288 2072 3344 erudi-

420 3372 643 3429 tionem
672 3374 898 3431 faciunt
930 3374 1209 3433 scientias
1240 3394 1343 3434 eos
1394 3377 1654 3437 doceret.
1687 3381 1813 3444 Qua
1858 3396 1924 3436 re
1954 3396 2075 3435 non

416 3463 590 3532 pauci
626 3464 963 3522 Grmcorum
991 3465 1485 3539 philosophorum
1528 3468 1680 3541 ejus,
1713 3474 1781 3525 ut
1807 3468 2076 3541 magistri

417 3550 529 3619 sui,
562 3551 625 3607 in
658 3553 780 3609 suis
804 3553 1040 3626 scriptis
1072 3555 1386 3613 honestam
1428 3557 1656 3614 faciunt
1684 3559 2075 3617 mentionem.

418 3639 551 3695 Fuit
578 3641 865 3715 Origenes
882 3643 1008 3715 jam
1043 3643 1235 3701 indea
1254 3650 1460 3703 tenera
1487 3652 1660 3704 mtate
1678 3647 1915 3722 ingenio
1953 3650 2075 3705 acri

430 3732 489 3783 et
519 3728 593 3784 ad
626 3729 1026 3803 indagandum
1058 3733 1302 3805 proclivi
1323 3750 1337 3801 ;
1356 3752 1424 3791 ac
1452 3752 1703 3809 puerum
1723 3735 2073 3807 etiamnum,

419 3832 557 3875 cum
589 3818 662 3874 de
688 3836 872 3877 sacra!
905 3821 1226 3894 Scriptura:
1255 3840 1437 3881 sensu
1468 3830 1537 3880 ut
1592 3826 1959 3884 abstrusiore
1988 3829 2076 3884 in-

416 3905 702 3977 quireret,
723 3914 893 3981 pater
911 3910 1278 3984 increpando
1310 3919 1629 3971 monuerat
1657 3932 1733 3972 ne
1765 3932 1873 3973 sua
1901 3921 2074 3974 etate

417 3996 772 4056 sublimiora
797 4006 1092 4072 quaereret
1116 4018 1130 4070 ;
1154 4020 1337 4076 seque
1366 4005 1566 4077 ipsum
1586 4005 2071 4081 beatumjudica-

418 4092 605 4156 verat,
640 4089 733 4144 cui
767 4090 903 4147 talis
928 4092 1127 4163 proles
1151 4093 1482 4167 obtigisset.
1532 4095 1622 4151 Ad
1651 4094 1986 4154 castitatem
2017 4104 2076 4155 et

416 4176 849 4233 continentiam
875 4179 957 4235 ita
981 4196 1017 4235 a
1051 4195 1236 4251 puero
1263 4199 1392 4239 sese
1422 4186 1741 4242 assuefecit
1763 4192 1831 4243 ut
1850 4188 1905 4244 ei
1932 4204 2074 4260 qua-

415 4267 551 4320 tuor
581 4265 691 4320 soli
724 4265 883 4322 oboli
914 4267 989 4325 ad
1020 4267 1237 4327 victum
1259 4273 1679 4343 quotidianum
1705 4277 2067 4335 sufficerent.

411 4353 682 4424 Eumque
712 4354 764 4411 is
795 4373 1024 4415 morem
1055 4360 1278 4417 multos
1307 4376 1417 4434 per
1444 4378 1633 4420 annos
1682 4366 1894 4436 tenuit,
1942 4368 2069 4425 solo

413 4444 474 4493 et
504 4444 699 4497 storea
730 4442 1121 4514 indormiens,
1154 4465 1481 4521 somnoque
1539 4454 1733 4509 noctis
1784 4470 1905 4511 non
1941 4470 2067 4511 ma-

409 4542 588 4599 gnam
617 4533 849 4600 partem
880 4531 1182 4602 decidens,
1206 4537 1496 4608 majorem
1527 4539 1890 4598 meditandis
1919 4541 2066 4598 divi-

2190 604 2485 678 Βρεττανίᾳ
2542 607 2771 677 νικήσας
2824 605 3072 680 πόλεμον
3128 606 3234 663 ἀπὸ
3284 606 3564 679 θαλάσσης
3622 607 3703 672 εἰς
3756 609 3853 665 θά-

2193 690 2398 750 λασσαν
2455 694 2821 770 περιετείχισε
2875 696 2977 765 τήν
3061 702 3230 765 νῆσον
3318 694 3563 761 σταδίοις
3614 694 3852 772 χιλίοις.

2190 781 2363 847 Οὗτος
2394 784 2459 841 τὸ
2488 785 2780 853 Βυζάντιον
2811 780 3150 859 παραλαϐὼν
3180 785 3247 841 τὰ
3306 785 3471 862 τείχη
3520 784 3687 843 αὐτοῦ
3714 799 3853 851 καθ-

2192 870 2359 931 εἷλεν.
2391 873 2536 947 Εἶχε
2564 869 2622 928 δί
2649 872 2713 929 τὸ
2756 874 3051 943 Βυζάντιον
3105 874 3349 949 πύργους
3410 874 3570 945 ἔπτὰ,
3626 872 3687 931 ἐκ
3738 880 3847 932 τῶν

2191 965 2475 1037 Θρᾳκικῶν
2523 958 2714 1019 πυλῶν
2755 960 3103 1039 ἀρχομένους
3158 965 3250 1021 καὶ
3311 962 3397 1021 ἐπὶ
3455 965 3558 1034 τήν
3596 964 3850 1041 ἀρκτῴαν

2158 1050 2466 1115 ’θάλασσαν
2496 1053 2860 1124 καθήκοντας.
2895 1052 3005 1108 Καὶ
3060 1052 3272 1108 τούτων
3327 1052 3377 1109 εἳ
3433 1074 3514 1116 τις
3573 1052 3626 1109 ἐν
3680 1054 3851 1129 ἑτέρῳ

2190 1138 2387 1218 πύργῳ
2441 1139 2773 1215 προσῆλθεν,
2841 1138 3071 1217 οὐδεμία
3127 1142 3381 1214 α’ἰσθησις
3454 1147 3573 1206 τοῖς
3654 1140 3849 1205 ἄλλοις

2192 1228 2417 1304 ἑγίνετου
2477 1228 2527 1285 εἴ
2580 1227 2641 1286 δὶ
2695 1230 2750 1286 ἰν
2798 1234 2879 1303 τῷ
2937 1232 3140 1306 πρώτῳ
3194 1230 3390 1309 πύργῳ
3472 1226 3767 1303 ἀνεϐόησεν
3812 1232 3850 1301 ἢ

2191 1315 2347 1375 λίθον
2384 1316 2691 1390 ἐσάλευσεν,
2753 1319 2919 1383 αὐτός
2972 1341 3032 1377 τε
3088 1321 3222 1395 ἤχει
3276 1320 3370 1377 καὶ
3428 1323 3715 1392 σιωπήσας
3769 1327 3851 1395 τῷ

2191 1405 2426 1483 δευτὲρῳ
2458 1406 2741 1483 μετεδίδου
2786 1416 2887 1480 τῆς
2933 1410 3105 1487 ἠχῆς,
3152 1409 3242 1467 καὶ
3300 1412 3456 1474 οὗτος
3511 1416 3591 1484 τῷ
3655 1410 3847 1486 τρίτῳ,

2191 1496 2428 1569 καῖὲξῆς
2465 1498 2695 1573 ὁμοίως.
2756 1497 2931 1562 Οὗτος
2986 1499 3077 1556 καὶ
3139 1500 3203 1556 τὸ
3260 1500 3556 1574 Ζεύξιππον
3611 1499 3849 1574 λουτρὸν

2191 1581 2368 1644 ἔκτισε
2396 1588 2744 1658 Βυζαντίοις,
2796 1588 2887 1645 καὶ
2942 1588 3006 1644 τὸ
3054 1593 3280 1665 πρῶτον
3334 1588 3537 1662 κτίσμα
3566 1594 3647 1661 τῷ
3675 1590 3854 1646 ἱππο-

2192 1671 2386 1750 δρόμῳ
2442 1670 2747 1752 παρέδωκε,
2804 1676 2895 1733 καὶ
2951 1678 3210 1754 κυνήγιον
3287 1679 3422 1753 (66),
3472 1678 3564 1734 καὶ
3623 1680 3849 1755 θέατρον

2189 1765 2382 1828 αὐτοῖς
2412 1765 2815 1826 κατεσκεύασεν.
2870 1766 2988 1823 Ἐπὶ
3043 1765 3245 1823 τούτου
3303 1765 3521 1831 Παῦλος
3564 1768 3594 1823 ὁ
3654 1774 3851 1843 Σαμο-

2113 1883 2161 1951 B
2192 1857 2379 1951 cassii;
2431 1858 2547 1951 rav-
2585 1856 2932 1951 ’Δρτίμωνος
2988 1854 3196 1951 αἶίρεσιν
3252 1858 3606 1951 ἀνρνεώσατο.
3670 1860 3851 1921 Οὗτος

2191 1944 2220 2000 ὁ
2252 1939 2496 2021 Σεϐῆρος
2528 1942 2582 2000 ἐν
2611 1942 2883 2019 πολύμοις
2913 1942 3207 2021 σχολάζων
3263 1940 3410 2020 νόσῳ
3457 1942 3706 2018 τελευτᾷ,
3747 1968 3850 2003 κα-

2188 2031 2438 2091 ταλιπὼν
2468 2031 2667 2097 παῖδας
2695 2039 2862 2110 τρεῖς.

2260 2124 2382 2181 Ἐπῖ
2410 2123 2611 2179 τούτου
2651 2124 2893 2197 ἢκμαζεν
2953 2122 3259 2200 Ὠριγένης,
3319 2124 3467 2187 ὅστις
3522 2125 3599 2189 είς
3656 2122 3845 2199 Ἀλεξ-

2189 2210 2432 2289 άνδρειαν
2457 2208 2528 2268 ὤν
2566 2215 2825 2288 μεγίστην
2886 2212 2963 2277 είς
3018 2214 3110 2270 τὸν
3164 2220 3309 2279 θεῖον
3367 2211 3535 2296 λόγον
3593 2213 3839 2285 σπουδῆν

2185 2295 2578 2358 κατεϐάλλετο’
2631 2299 2693 2358 οὐ
2755 2300 2921 2375 μόνον
2976 2301 3080 2377 γάρ
3136 2307 3255 2366 τοῖς
3313 2308 3527 2367 πιστοῖς
3583 2303 3840 2379 πρόξενος

2185 2388 2452 2468 ὠφελείας
2478 2389 2721 2464 μεγάλης
2752 2387 2980 2466 ὶγένετο,
3040 2388 3187 2447 ἀλλὰ
3237 2390 3326 2446 καὶ
3393 2395 3500 2449 τῶν
3551 2392 3839 2467 αἱρετικῶν

2185 2480 2291 2536 οὐκ
2321 2476 2555 2555 ὀλίγοις·
2619 2480 2707 2534 ὑπ’
2765 2480 2939 2536 αὐτοῦ
2984 2480 3085 2556 γὰρ
3140 2478 3208 2536 τά
3259 2480 3383 2557 ὑγιῆ
3440 2487 3542 2551 τῆς
3603 2482 3840 2544 πίστεως

2185 2562 2705 2645 παραλαμϐάνοντες
2765 2565 3015 2643 δόγματα
3072 2565 3316 2639 ζηλωταῖ
3400 2576 3501 2640 τῆς
3574 2569 3842 2643 ἀληθείας

2186 2655 2456 2734 ἆγίνοντο.
2520 2658 2608 2727 Ἐξ
2652 2656 2728 2713 ὧν
2783 2657 3005 2734 ὓπῆρχε
3059 2654 3425 2737 διαφερόντως
3478 2654 3840 2736 Ἀμῦρόσιος,

2185 2747 2327 2823 ἀνὴρ
2386 2745 2661 2821 ἆπίσημος
2695 2745 2785 2802 καί
2840 2745 3165 2826 φιλολόγος,
3220 2748 3280 2810 ὃς
3340 2747 3415 2811 εἷς
3471 2754 3676 2823 γνῶσιν
3736 2756 3836 2807 τοῦ

2187 2836 2381 2912 ἀνδρὸς
2433 2839 2718 2917 ἀφικίσθαι
2774 2836 3083 2902 σπουδάσας
3148 2838 3352 2911 ἀπέστη
3401 2847 3503 2912 τῆς
3535 2840 3836 2899 0641ssz-

2181 2948 2276 2982 νου
2328 2925 2418 2982 καὶ
2476 2927 2799 3002 Μαρκίωνος
2871 2925 3156 3003 αἱρέσεως,
3212 2932 3402 3003 πεῖραν
3470 2933 3570 2995 τῆς
3650 2928 3841 2994 ἐνθέου

2183 3015 2349 3072 αὐτοῦ
2412 3013 2661 3079 παιδείας
2714 3015 2979 3092 ἀρκοῦσαν
3033 3017 3395 3091 κτησάμενος.
3466 3017 3725 3075 Πλεῖστοι
3784 3016 3846 3076 δὲ

2179 3106 2271 3162 καὶ
2334 3109 2443 3161 τῶν
2502 3102 2693 3179 ἔξωθεν
2748 3104 3066 3185 φιλοσόφων
3126 3109 3263 3182 πρὸς
3319 3106 3481 3165 αὐτὸν
3547 3113 3845 3189 φοιτῶντες

2186 3194 2453 3273 μεγίστην
2479 3195 2572 3250 καὶ
2626 3194 2782 3251 αὐτοὶ
2842 3195 2979 3271 πρὸς
3033 3194 3102 3251 τὰ
3158 3195 3333 3253 οἰκεῖα
3393 3200 3691 3272 μαθήματα
3736 3201 3839 3269 τήν

2186 3286 2451 3365 ὠφέλειαν
2510 3283 2865 3361 ἐκαρποῦντο·
2922 3286 3015 3341 καὶ
3079 3286 3187 3363 γάρ
3238 3289 3366 3365 παρ’
3431 3288 3617 3352 αὐτοῖς
3670 3290 3840 3367 μέγας

2185 3374 2490 3448 ἐνομίζετο,
2538 3370 2870 3450 παραδιδοὺς
2918 3378 3258 3451 γεωμετρίαν
3317 3377 3406 3433 καὶ
3465 3376 3839 3452 ἀριθμητικὴν

2184 3463 2275 3518 καὶ
2303 3460 2485 3520 τᾶλλα
2540 3458 3012 3537 προπαιδεύματα.
3073 3463 3273 3540 Διόπερ
3328 3465 3431 3521 οὐκ
3487 3463 3669 3541 ὀλίγοι
3724 3472 3838 3523 τῶν

2186 3552 2310 3628 παρ’
2340 3549 2584 3622 Ἕλλησι
2614 3548 2930 3631 φιλοσόφων
2965 3557 3326 3628 μαρτυροῦσιν
3364 3554 3547 3626 αὐτὸν,
3611 3556 3840 3631 μνήμην

2184 3639 2238 3696 ἂν
2262 3645 2382 3704 τοῖς
2422 3637 2587 3703 ἰδίοις
2618 3641 2942 3714 ποιούμενοι
2968 3643 3391 3720 συγγράμμασιν
3451 3643 3527 3710 ὡς
3578 3642 3838 3701 διδασκά-

2186 3730 2307 3789 λου.
2341 3730 2446 3787 Καὶ
2478 3730 2585 3806 γὰρ
2612 3728 2815 3808 εὐφυὴς
2870 3728 3124 3787 παιδόθεν
3191 3732 3413 3810 ὑπῆρχε
3479 3731 3686 3814 σφόδρα
3744 3735 3840 3790 καὶ

2188 3818 2486 3891 ζητητικὸς
2516 3818 2674 3896 ἄγαν.
2705 3820 2805 3876 Ὅν
2834 3817 2888 3874 ἐν
2946 3823 3015 3895 τῇ
3074 3817 3303 3896 παιδικῇ
3362 3820 3557 3895 ἡλικίᾳ
3608 3824 3671 3878 τὸ
3736 3830 3840 3894 τῆς

2184 3907 2333 3973 θείας
2370 3914 2591 3984 Γραφῆς
2646 3907 2909 3984 βούλημα
2959 3911 3358 3985 πυνθανόμενον
3415 3913 3491 3975 ὡς
3541 3913 3837 3989 βαθύτερον

2184 3999 2220 4070 ἢ
2254 3995 2638 4073 διανοούμενον
2672 3998 3009 4071 ἰπὲπΛηττεν
3036 4000 3065 4056 ὁ
3095 4003 3301 4078 πατὴρ,
3336 3999 3509 4077 μηδὲν
3567 4004 3702 4079 ύπὶρ
3730 4006 3836 4075 τήν

2180 4086 2408 4159 ⁴ἡλικίαν
2464 4086 2767 4163 περαιτέρω
2833 4093 3034 4163 ζητεῖνο
3115 4090 3175 4153 ὅς
3254 4091 3349 4147 καὶ
3402 4099 3505 4162 τῆς
3558 4092 3836 4157 εὐτεκνίας

2181 4176 2369 4233 ἑαυτὸν
2400 4176 2748 4250 ἐμακάριζεν.
2795 4177 3044 4252 Ἀγνείαν
3077 4176 3137 4235 δε
3197 4181 3289 4236 καὶ
3336 4179 3649 4257 ἰγκράτειαν
3702 4202 3832 4238 τοσ·

2179 4265 2348 4336 αύτην
2402 4263 2465 4321 Ix.
2498 4264 2617 4321 νέου
2678 4267 2779 4320 τοῦ
2836 4266 3092 4338 σώματος
3156 4268 3421 4342 ἤσκησεν,
3480 4271 3554 4332 ὡς
3594 4266 3832 4335 ὀϐολοῖς

2178 4352 2428 4430 τέσσαρσι
2458 4353 2549 4410 καὶ
2600 4355 2792 4429 μόνοις
2841 4356 2979 4431 πρὸς
3043 4353 3341 4437 διατροφὴν
3394 4359 3621 4431 ἑκάστης
3685 4360 3833 4433 ἡμέ-

2180 4465 2277 4520 ρας
2303 4445 2603 4520 ἂρκεῖσθαι.
2646 4442 2750 4500 Καὶ
2802 4445 2988 4518 μέντοι
3020 4446 3108 4502 καὶ
3140 4444 3191 4501 ἐν
3224 4446 3463 4511 πολλοῖς
3501 4443 3643 4506 ἔτεσι
3668 4454 3834 4507 τοῦτο

2178 4536 2354 4591 ποιῶν
2383 4529 2634 4604 διετέλει,
2672 4531 2764 4590 καὶ
2793 4532 2877 4589 ἐπ’
2904 4531 3136 4614 ἐδάφους
3165 4537 3254 4592 καὶ
3314 4537 3498 4612 ψιάθῳ
3552 4536 3831 4604 καθεύδων

413 4615 508 4704 nis
538 4617 795 4675 oraculis
824 4618 1201 4693 impendens.
1234 4625 1337 4681 His
1368 4626 1659 4696 intentus,
1682 4630 1902 4700 inedia,
1933 4631 2074 4704 vigi-

2183 4624 2270 4680 καὶ
2331 4621 2519 4699 ὃλίγον
2592 4622 2782 4699 καιρὸν
2838 4630 2941 4693 τῆς
2997 4626 3194 4687 νυκτὸς
3252 4625 3659 4701 ἀναπαυόμενος
3736 4627 3832 4683 τὸν

408 4703 509 4760 liis
535 4710 594 4763 et
620 4706 889 4767 nuditate
918 4710 1003 4768 ita
1056 4729 1119 4769 se
1158 4717 1499 4786 maceravit,
1547 4734 1616 4775 ac
1645 4720 1905 4793 vigorem
1934 4703 2069 4777 cor-

411 4795 574 4867 poris
610 4796 760 4855 adeo
788 4799 1033 4869 attrivit,
1066 4807 1133 4859 ut
1157 4802 1336 4876 plane
1387 4805 1691 4865 videretur
1735 4808 2063 4868 exaruisse.

2176 4713 2407 4770 πλείονα
2428 4710 2507 4775 sie
2533 4713 2638 4781 τήν
2672 4709 2904 4786 μελέτην
2947 4717 3056 4769 τῶν
3108 4715 3271 4789 ἱερῶν
3328 4712 3534 4791 λογίων
3589 4712 3833 4790 διήνυεν,

2174 4803 2229 4862 ἐν
2261 4802 2479 4865 τούτοις
2508 4798 2970 4876 ἰπεκτεινόμενος.
3023 4803 3145 4860 Ἐπί
3197 4825 3257 4861 τε
3306 4804 3488 4877 ἀσιτίᾳ
3530 4805 3625 4863 καὶ
3655 4806 3833 4882 ἀγρυ-

1688 4920 2050 4983 XYLANDBI
2085 4928 2172 4982 ET
2210 4918 2424 4982 GOARI
2459 4916 2682 4979 NOTAE.

481 5032 591 5114 (ϐξ)
621 5033 870 5114 Severus
902 5035 1002 5107 qui
1031 5036 1109 5092 sit
1128 5036 1468 5114 idemquod
1483 5039 1800 5114 haereticus
1830 5036 2060 5114 ignoro.

409 5100 597 5158 Credo
618 5110 821 5184 autem
838 5100 975 5184 huic
1007 5120 1041 5163 a
1071 5104 1254 5164 sclolo
1284 5100 1468 5184 fuisse
1512 5110 1798 5184 ascripta,
1833 5100 1933 5184 {fui
1966 5114 2066 5170 Se-

408 5188 614 5264 verum
645 5176 992 5264 haereticum
1023 5185 1262 5264 nosset;
1290 5180 1512 5264 denque
1530 5176 1836 5264 .Cedrengs
1849 5176 2068 5264 postea

411 5242 570 5327 dicet
600 5246 662 5328 in
692 5250 1032 5328 Aureliano.
1066 5281 1133 5328 τ-
1152 5242 1462 5308 XYi..Nihil
1483 5254 1580 5309 hic
1598 5271 1735 5310 cum
1758 5242 2062 5328 Xyiandro

410 5316 657 5411 a-s‘eiqlo
687 5321 892 5411 quouis
919 5322 1198 5411 existimq
1224 5331 1606 5411 .corruptum.
1641 5316 1872 5411 Severus
1900 5329 2063 5411 enim

411 5384 634 5472 Latinis
658 5384 796 5446 cum
827 5399 1055 5463 trucem,
1087 5384 1663 5472 rigidummiisdtcem,
1695 5404 1834 5465 etc.,
1867 5407 2062 5472 sonet,

408 5458 629 5526 poterit
659 5476 894 5584 quoque
924 5458 1302 5537 pro'exi'tiah,
1325 5458 1662 5539 pernicioso,
1677 5476 1756 5539 et,
1784 5458 1851 5527 ut
1878 5458 2066 5545 loqui1

408 5531 509 5580 tur
535 5529 666 5584 Αῡιι
694 5547 843 5584 eius.
874 5540 1241 5584 numntns'in
1273 5541 1446 5584 sumi-
1509 5556 1685 5584 mum
1729 5544 1924 5584 llr-um
1952 5558 2064 5584 ww

408 5529 843 5617 tpr‘apule’iui,
870 5529 1241 5617 pirum-ptum
1273 5529 1454 5617 sumi,
1496 5529 1687 5617 quem
1729 5529 1929 5617 Creten
1952 5529 2066 5601 vox

408 5595 696 5683 αἱρςξιξιόε
720 5603 804 5683 (et
831 5595 891 5660 si
915 5595 1101 5683 mavis
1151 5595 1764 5683 ἀναιρετικύςῗιῖοίῖέειί

490 5668 603 5744 (66)
632 5668 953 5751 (κυνήγιον)
1000 5685 1251 5736 renatum
1274 5668 1283 5683 ’
1309 5668 2063 5755 αραᾶᾞῠὸίόέοιίίῖἧὴμ

2173 5038 2484 5114 pretabere
2516 5036 2579 5114 in
2600 5038 2925 5114 Antonino.
2945 5039 3050 5096 Hic
3075 5045 3136 5114 et
3164 5038 3443 5112 sparsim,
3472 5055 3593 5114 non
3612 5044 3679 5114 ut
3699 5040 3828 5113 ple-

2172 5109 2343 5183 rique
2374 5111 2683 5180 cynegium.
2698 5109 2802 5165 sed
2832 5126 3082 5179 arenam,
3114 5109 3313 5167 locum
3344 5111 3653 5167 certamini
3687 5109 3827 5168 cum

2170 5182 2383 5240 bestiis
2413 5180 2726 5239 subeundo
2756 5182 2851 5240 (ad
2882 5183 3313 5239 occidentalem
3334 5182 3499 5238 urbis
3518 5183 3827 5240 regionem

2172 5181 2383 5240 bestiis
2413 5181 2726 5239 subeundo
2756 5182 2851 5251 (ad
2882 5183 3313 5239 occidentalem
3334 5182 3499 5238 urbis
3518 5183 3827 5256 regionem

2172 5255 2367 5337 adhuc
2392 5248 2592 5337 hodie.
2617 5251 2848 5337 κυνηγός
2887 5254 3074 5337 audit)
3105 5254 3505 5337 .deputatum,
3563 5254 3639 5310 ad
3665 5255 3831 5337 quod

2172 5326 2293 5398 illa;
2325 5323 2549 5380 ibidem
2577 5322 2641 5398 in
2662 5322 2857 5398 caveis
2886 5326 2947 5398 et
2970 5322 3450 5398 foveisp'ublicis
3486 5322 3829 5398 sumptibus

2173 5396 2488 5473 alebantur
2520 5391 2640 5473 :_€v
2689 5394 2757 5473 ᾧ,
2808 5397 3020 5473 scribit
3070 5391 3304 5473 Suidas,
3363 5391 3726 5473 ιρριπτοῦὶτο
3775 5416 3830 5451 οι

2176 5414 2533 5454 alebantur:
2588 5414 2640 5446 εν
2744 5436 2757 5466 ,
2808 5414 3020 5453 serum
3070 5414 3304 5466 auidas,
3363 5414 3726 5473 ιρριπτουντο
3775 5416 3830 5451 οι

2176 5466 2486 5544 βιοθάνατοι
2516 5464 2636 5521 sive
2687 5414 3081 5541 βίαιοθάνατοι.
3127 5470 3193 5524 In
3233 5468 3833 5544 quonominatiores

2173 5539 2494 5614 sceleratos
2518 5539 2755 5614 necnon
2778 5552 2851 5596 ex
2872 5546 3220 5614 contemptu
3239 5539 3650 5598 nobilissimos
3671 5539 3834 5614 leges

2175 5610 2532 5685 quandoque
2561 5611 2757 5681 capite
2787 5612 3092 5670 multatos.
3112 5610 3300 5669 'Gon.
