4194 6198
285 357 402 418 885

1427 341 1961 408 HISTORIARUM
2009 340 2544 410 COMPENDIUM.

3577 357 3694 417 486

286 486 411 556 πνίᾳ
469 483 559 540 καὶ
627 481 932 560 γυμνότητι
991 483 1178 538 ἑαυτὸν
1241 481 1443 549 πιέζων
1508 482 1764 534 τοσοῦτον
1817 495 1939 530 κατ-

2067 477 2224 547 Vino,
2257 480 2384 536 oleo
2415 482 2780 554 reliquisque
2813 483 2871 538 id
2893 500 3080 557 genus
3108 486 3700 559 abstinens,pectoris

283 575 520 649 εὸἀμασε
575 578 675 645 τὴν
735 575 916 649 ἀκμήν
973 579 1070 630 τοῦ
1128 573 1385 645 σώματος
1436 571 1510 632 ὡς
1543 570 1770 644 ὁρᾶσθαι
1801 588 1941 622 παν-

281 667 455 726 τελῶς
515 661 674 719 αότὸν
725 661 1150 732 ἀπεσκληκὲναι’
1224 659 1375 717 οῗνου
1447 660 1549 736 γὰρ
1604 658 1694 714 καὶ
1756 653 1943 712 ἐλαίου

285 757 374 812 καὶ
405 757 510 810 των
543 753 753 810 λοιπῶν
807 751 1150 830 ἀπεχόμενος
1199 751 1509 824 ἀνατροπὴν
1569 753 1654 823 [Ρ.
1689 748 1816 818 253]
1849 748 1945 800 τοῦ

287 845 536 919 θώρακος
611 844 876 921 μεγίστην
962 843 1270 914 ὓπὲμεινεν.
1329 841 1513 896 Ἔνθεν
1568 839 1628 914 γε
1683 857 1770 894 τοι
1829 832 1944 889 δια-

289 928 491 1004 ϐόητος
548 932 842 1008 γενόμενος
901 931 977 994 ὡς
1055 929 1367 1006 διαπρέπων
1425 923 1571 1004 ἔργῳ
1606 926 1724 1016 ,καὶ-
1774 925 1944 1016 λόγῳ⁹

288 1023 534 1086 πολλοὺς
587 1021 870 1092 Ἓλληνας
927 1022 1027 1090 τὴν
1088 1017 1490 1092 είδωλομανίαν
1565 1014 1946 1090 βδελύττεσθαι

289 1113 476 1177 πείσας
580 1111 880 1188 μαρτυρίου
991 1107 1245 1188 στέφανον
1341 1106 1707 1179 ἀναδήσασθαι
1805 1125 1946 1178 παρ-

289 1201 560 1260 εσκεύασε.
598 1201 822 1271 Πολλῆς
857 1201 949 1256 οὖν
1007 1203 1201 1276 φήμης
1256 1199 1380 1274 περὶ
1433 1196 1600 1254 αὐτοῦ
1639 1193 1948 1270 τρεχούσης

287 1293 379 1347 καὶ
437 1289 667 1346 πολλῶν
729 1291 995 1364 μακρόθεν
1050 1291 1184 1364 πρὸς
1239 1289 1402 1345 αὐτὸν
1469 1285 1824 1360 συρῥυὲντιυν,
1885 1281 1947 1338 ού

293 1380 460 1454 μόνον
490 1378 767 1449 Ἓλληνας
824 1378 1160 1457 φιλοσόφους
1217 1379 1306 1433 καὶ
1366 1375 1673 1452 αἴρετικοὺς
1725 1371 1950 1450 ἐλλογί-

295 1493 431 1542 μους
464 1471 602 1544 πρὸς
629 1462 904 1524 εὐσέϐειαν
961 1465 1227 1536 ε’ίλκυσεν,
1285 1464 1434 1522 ἀλλὰ
1491 1465 1580 1520 καὶ
1631 1465 1759 1525 τοὺς
1791 1459 1949 1524 ὄντας

293 1558 655 1635 Χριστιανοὺς
713 1555 928 1630 μᾶλλον
986 1557 1348 1632 στοιχειώσσς
1407 1549 1820 1610 ἐπεϐεϐαίωσεν.
1853 1554 1946 1610 Ὃν

293 1650 320 1704 ὁ
351 1646 686 1723 προλεχθεὶς
717 1641 1052 1720 Ἀμϐρόσιος
1082 1645 1360 1706 ἱκετεύσας
1402 1642 1590 1698 πολλά
1635 1642 1726 1699 καὶ
1774 1660 1946 1717 παρα-

294 1734 622 1812 ϐιασάμενος
708 1733 760 1790 ἐν
851 1737 1161 1808 Καισαρείᾳ,
1229 1735 1321 1790 καὶ
1394 1733 1784 1811 ταχυγράρους
1856 1731 1949 1802 μὶν

2054 568 2373 624 maximam
2424 571 2866 628 subversionem
2898 574 3161 645 pertulit.
3198 576 3295 630 His
3337 577 3514 632 rebus
3547 582 3699 633 444

2055 658 2186 713 vitm
2209 658 2612 732 doctrinaeque
2637 661 2918 718 eximium
2943 678 3164 719 nomen
3187 668 3710 728 consecutus,en‘e-

2056 747 2135 802 cit
2164 754 2230 804 ut
2252 750 2423 804 multi
2448 752 2630 806 Graeci
2655 751 2936 808 falsorum
2965 752 3208 808 deorum
3231 755 3458 825 cultum
3481 755 3707 810 abomi-

2057 842 2268 894 nantes
2291 856 2572 895 coronam
2604 841 2735 896 i‘uso
2761 841 2820 895 in
2841 841 3104 897 veritatis
3127 843 3536 899 testimonium
3570 862 3710 899 san-

2056 927 2234 997 guine
2267 933 2663 986 mererentur.
2697 932 2900 1000 Itaque
2931 930 3156 1002 ingenti
3188 932 3315 1003 ejus
3346 933 3706 1002 praestantiae

2055 1015 2214 1071 fama
2245 1016 2361 1072 late
2392 1018 2708 1089 divulgata,
2741 1020 3064 1090 multisque
3098 1021 3172 1076 ad
3203 1035 3336 1076 eum
3371 1037 3438 1075 ex
3464 1021 3708 1075 remotis

2055 1104 2200 1160 locis
2231 1107 2690 1174 confluentibus,
2726 1125 2850 1163 non
2902 1114 3132 1163 tantum
3181 1111 3409 1164 Οῐιωοοε
3441 1110 3710 1180 philoso-

2056 1195 2206 1264 phos
2220 1201 2278 1250 et
2290 1197 2602 1252 haereticos
2613 1198 2943 1269 prmcipuos
2956 1199 3030 1254 ad
3045 1214 3240 1254 veram
3255 1198 3589 1271 religionem
3601 1205 3714 1254 tra-

2057 1284 2354 1350 duxit,sed
2376 1293 2435 1341 et
2453 1287 2612 1358 ipsos
2634 1288 2999 1343 Christianos
3021 1288 3206 1359 magis
3232 1288 3422 1343 solida
3442 1289 3714 1344 doctrina

2057 1374 2452 1430 conﬁrmavit.
2499 1377 2587 1430 Ab
2647 1377 2760 1432 hoc
2817 1378 3188 1441 Ambrosius,
3223 1394 3400 1447 quem
3432 1376 3711 1444 diximus,

2058 1463 2338 1518 Caesareae
2372 1464 2577 1519 multis
2604 1465 2882 1535 precibus
2921 1483 2990 1521 ac
3038 1469 3269 1522 tantum
3323 1483 3443 1521 non
3475 1467 3524 1520 vi
3559 1467 3714 1521 obti-

2058 1553 2208 1619 nuit,
2240 1553 2526 1609 adhibitis
2549 1555 2602 1609 ei
2625 1560 2852 1626 septem
2880 1556 3174 1611 celeribus
3207 1556 3619 1627 scriptoribus,
3644 1573 3713 1610 ac

2057 1643 2327 1714 pluribus
2351 1646 2452 1716 qui
2475 1646 2776 1718 eleganter
2797 1647 3146 1716 scriberent,
3175 1653 3241 1702 ut
3263 1665 3493 1703 sacram
3526 1647 3718 1718 Scrip-

2060 1737 2253 1790 turam
2284 1735 2798 1806 interpretaretur.
2832 1737 3070 1809 Origeni
3113 1737 3464 1792 Ambrosius
3496 1753 3718 1791 neces-

297 1827 442 1899 αὐτῷ
493 1827 844 1901 παραστήσας
898 1825 1032 1880 επτὰ
1114 1823 1346 1886 πλοίους
1401 1821 1460 1880 δὶ
1510 1821 1940 1901 καλλιγράφους,

2067 1823 2216 1879 saria
2245 1825 2450 1880 omnia
2481 1826 2898 1898 suppeditavit,
2932 1826 3100 1896 isque
3133 1842 3240 1897 per
3268 1825 3456 1881 otium
3487 1827 3716 1880 versio-

297 1918 618 1991 ἒρμηνεῦσαι
675 1915 771 1978 τὰς
827 1917 972 1978 θειας
1029 1915 1244 1993 Γραφὰς
1302 1913 1462 1970 αὐτὸν
1519 1913 1806 1982 πεποίηκε.
1841 1911 1944 1968 Καὶ

296 2007 324 2061 ὁ
359 2006 454 2079 μὲν
505 2007 606 2075 τήν
667 2001 888 2079 δέουσαν
953 2006 1143 2081 χρείαν
1201 2003 1348 2075 αὐτῷ
1402 2008 1684 2081 παρεῖχεν,
1715 2003 1744 2058 ὁ
1775 1998 1833 2056 δὶ
1863 1999 1951 2056 ἐπὶ

295 2090 514 2166 σχολῆς
596 2090 887 2165 γενόμενος
965 2091 1308 2165 ὑπηγόρευσε
1371 2095 1488 2153 τοῖς
1557 2087 1951 2164 ταχυγράφοις,

295 2182 383 2236 καὶ
415 2182 468 2236 οἱ
501 2174 897 2257 βιϐλιογράφοι
954 2178 1044 2234 σὺν
1097 2180 1336 2255 γυναιξὶν
1370 2177 1624 2254 ἔγραφον,
1655 2175 1955 2253 καλλιγρα-

299 2275 414 2347 φεῖν
476 2268 861 2340 ἐξησκημένοι.
933 2267 1111 2322 Πᾶσάν
1163 2288 1221 2322 τε
1278 2269 1424 2332 θείαν
1501 2267 1718 2343 Γραφήν
1774 2265 1957 2338 ἡρμή-

299 2378 480 2414 νευσεν
504 2356 592 2412 ἐπὶ
626 2356 721 2426 ἔτη
783 2359 875 2427 ιη’·
932 2357 1154 2431 Λέγεται
1212 2353 1268 2411 δὲ
1325 2355 1408 2411 ὅτι
1467 2353 1837 2430 ἑξακισχιλίας
1869 2352 1954 2428 βί-

301 2443 468 2509 ϐλους
500 2445 768 2516 συνέταξε.
801 2450 1072 2514 Ἰῖοσοῦτον
1103 2446 1205 2522 γὰρ
1237 2443 1410 2516 ξῆλον
1465 2444 1541 2506 εἷς
1569 2446 1668 2513 τήν
1699 2443 1953 2519 ἐξήγησιν

299 2543 406 2594 τῶν
465 2539 626 2592 θείων
676 2535 859 2612 λόγων
914 2537 942 2592 ὁ
1004 2532 1334 2610 Ἀμϐρόσιος
1395 2533 1757 2604 ἐπεδείκνυτο,
1818 2532 1957 2588 ὥστε

302 2631 400 2698 τήν
453 2627 674 2696 πολλὴν
734 2629 904 2684 αὐτοῦ
991 2624 1232 2694 σπουδὴν
1329 2626 1605 2700 Ὠριγὲνης
1667 2628 1954 2699 μαρτυρῶν

303 2717 496 2795 γράφει
540 2715 676 2790 πρός
732 2737 854 2771 τινα
910 2713 1109 2790 λέγων’
1162 2716 1219 2769 '0
1275 2715 1421 2790 ἱερὸς
1451 2713 1541 2769 καὶ
1572 2719 1688 2785 Θεῷ
1717 2712 1955 2789 γνησίως

306 2807 658 2879 ἀνακείμενος
739 2800 1070 2879 Ἀμῦρόοιος
1155 2802 1342 2861 πολλὰ
1425 2802 1816 2878 προσαγορεύει
1878 2821 1954 2856 σε’

305 2895 453 2958 ὅστις
511 2895 750 2967 νομίξων
815 2913 884 2967 με
940 2892 1239 2970 φιλόπονον
1298 2894 1436 2949 εἶναι
1491 2893 1580 2948 καὶ
1630 2892 1768 2948 πάνυ
1801 2889 1958 2964 διψᾷν

305 2992 405 3040 τοῦ
439 2986 590 3050 θείου
615 2984 807 3058 λογου,
840 2983 1035 3061 ἤλεγξε
1062 2989 1131 3058 τῇ
1162 2983 1270 3055 ἰδία
1298 2982 1598 3055 φιλοπονίᾳ
1622 2987 1702 3054 τῷ
1729 2981 1864 3055 πρὸς
1892 2981 1959 3035 τὰ

307 3074 434 3150 ἆγια
489 3076 784 3148 μαθήματα
827 3069 1011 3148 ἔρωτι.
1062 3074 1217 3130 Ὅθεν
1267 3071 1353 3128 ἰπὶ
1400 3071 1660 3127 τοσοῦτόν
1720 3091 1787 3141 με
1825 3091 1961 3144 παρ-

305 3163 575 3234 ελήλυθεν
629 3162 768 3219 ὥστε
823 3161 1144 3220 κινδυνεύειν
1199 3159 1440 3231 ἀπαυδᾷ-ι
1496 3161 1633 3234 πρὸς
1669 3161 1763 3221 τὰς
1795 3159 1959 3214 αὐτοῦ

305 3209 571 3234 -...,..-,,-.
632 3209 768 3219 π-.-
826 3209 1139 3220 ...η-.-ην
1203 3209 1433 3231 -..---τ-
1503 3209 1631 3234 --τη
1682 3209 1761 3221 m1
1798 3209 1957 3214 ---ην

304 3256 620 3331 προτάσεις.
655 3251 794 3312 Οὔτε
844 3255 948 3330 γὰρ
1008 3251 1269 3322 δεπνῆσαι
1326 3247 1466 3307 ἔστιν
1523 3254 1659 3325 ἡμῖν
1705 3247 1960 3306 ἆντιϐἀλο
1992 3209 2036 3277 C

305 3342 523 3414 λουσιν,
591 3341 713 3399 οὔτε
779 3341 1128 3414 δειπνήσασιν
1198 3341 1364 3412 ἔξεστι
1439 3347 1801 3416 περιπατῆσαι
1869 3340 1960 3395 καὶ

307 3431 665 3490 διαναπαῦσαι
715 3433 780 3488 τὰ
837 3433 1087 3504 σώματα,
1145 3430 1294 3487 ἀλλὰ
1347 3430 1436 3486 καὶ
1493 3430 1545 3485 ἐν
1599 3435 1718 3492 τοῖς
1747 3434 1959 3504 καιροῖς

306 3521 534 3583 ἐκείνοις
564 3520 886 3599 φιλολογεῖν
927 3523 1018 3575 καὶ
1050 3517 1309 3596 ἀκριϐοῦν
1351 3519 1420 3575 τὰ
1469 3517 1765 3595 ἀντίγραφα
1795 3518 1964 3591 αναγ-

304 3612 606 3684 καζόμεθα.
639 3609 774 3666 Οότε
807 3611 914 3682 μὴν
974 3608 1114 3678 ὃλην
1169 3607 1254 3664 ἐπὶ
1299 3609 1555 3683 θεραπείᾳ
1577 3613 1675 3663 τοῦ
1707 3608 1961 3679 σώματος

309 3701 408 3769 τὴν
435 3700 600 3755 νύκτα
628 3693 826 3770 ἔξεστιν
857 3702 993 3774 ἡμῖν
1021 3701 1336 3772 κοιμᾶσθαι,
1370 3698 1457 3754 ἐπὶ
1489 3695 1638 3752 πολὺ
1684 3703 1784 3766 τῆς
1815 3693 1965 3750 ὶσπὲ-

315 3809 409 3864 ρας
439 3795 543 3858 τῆς
573 3787 899 3867 φιλολογίας
931 3789 1380 3863 παρατεινούσης.
1411 3790 1524 3844 Ἐὦ
1555 3784 1612 3841 δὲ
1665 3785 1843 3862 λέγειν
1871 3784 1964 3840 καὶ

309 3881 378 3935 τὰ
427 3876 591 3934 ἵωθεν
627 3880 791 3956 μέχρι
839 3883 937 3947 τῆς
993 3879 1057 3946 θ’,
1106 3871 1208 3933 ἔσθ’
1257 3878 1348 3932 ’ὀτε
1393 3882 1484 3932 καί
1535 3874 1765 3946 δεγάτης
1797 3875 1962 3949 ὥρας·

311 3969 507 4028 πάντες
566 3968 670 4044 γὰρ
757 3969 808 4022 οἱ
862 3967 1109 4031 θέλοντες
1191 3969 1505 4045 φιλοπονεῖν
1561 3967 1685 4028 τοὺς
1743 3961 1965 4039 καιροὺς

313 4057 558 4120 ἆκεινους
584 4062 654 4130 τῇ
685 4055 917 4126 ἐξετάσει
959 4061 1069 4112 τῶν
1123 4055 1279 4120 θείων
1340 4054 1550 4132 λογίων
1579 4055 1667 4110 καὶ
1699 4061 1816 4116 ταῖς
1846 4053 1969 4108 ἀνα·

307 4146 568 4220 γνώσεσιν
625 4145 949 4204 ἀνᾶτιθέασι,
1008 4151 1188 4210 Πᾶσας
1247 4147 1427 4201 τοίνυν
1480 4145 1812 4220 ἑρμηνεύσας
1868 4145 1969 4212 τὴν

311 4235 458 4292 θείαν
518 4237 737 4312 Γραφήν
791 4234 1135 4306 ἐτελεύτησεν
1194 4234 1325 4290 ἐτῶν
1386 4236 1482 4308 ξθ’.
1545 4233 1674 4309 Περὶ
1724 4234 1786 4287 οὗ
1817 4232 1906 4288 καὶ
1937 4232 1965 4286 ὁ

314 4326 483 4400 μάγας
514 4323 831 4402 Ἐπιφάνιος
881 4325 934 4380 ἐν
983 4329 1098 4386 τοῖς
1155 4323 1450 4398 Παναρίοις
1508 4323 1679 4397 λέγει’
1725 4323 1839 4380 Τοῦ
1873 4322 1968 4394 μὶν

311 4409 660 4490 Ἀμϐροσίου
697 4415 764 4468 τὰ
818 4415 956 4487 πρὸς
1007 4415 1216 4491 τροφὴν
1278 4413 1424 4484 αύτῷ
1478 4432 1536 4466 τε
1591 4409 1681 4466 καέ
1709 4416 1826 4474 τοῖς
1855 4411 1971 4480 ἔνευε

313 4504 550 4583 γράφοις
607 4503 698 4558 καὶ
757 4507 871 4564 τοῖς
931 4503 1290 4578 ὑπηρετοῦσιν
1348 4501 1720 4576 ἐξαρκοῦντος,
1762 4498 1969 4575 χάριτας

2057 1928 2194 1967 nem
2222 1913 2514 1968 celeribus
2542 1913 2930 1986 scriptoribus
2951 1915 3187 1970 dictavit
3215 1929 3228 1970 :
3259 1915 3488 1970 librarii
3513 1920 3712 1970 autem

2057 2007 2116 2056 et
2141 2003 2447 2072 mulieres,
2472 2003 2618 2059 scite
2640 2003 2902 2059 scribere
2925 2005 3201 2069 scientes,
3226 2005 3286 2058 in
3311 2005 3477 2076 plura
3501 2003 3713 2060 exinde

2059 2093 2425 2164 exemplaria
2445 2093 3211 2151 transcribebant.Absolvit
3233 2110 3359 2150 eam
3383 2095 3716 2149 versionem

2059 2182 2234 2236 annis
2258 2184 2345 2236 18.
2380 2183 2587 2237 Fertur
2642 2199 2819 2255 porro
2850 2184 3137 2240 librorum
3199 2200 3300 2238 sex
3357 2184 3548 2239 millia
3578 2200 3720 2238 con-

2061 2271 2372 2341 scripsisse
2429 2272 2735 2343 Origenes.
2795 2276 3046 2329 Tantum
3107 2280 3305 2329 autem
3365 2274 3476 2328 fuit
3505 2290 3571 2328 ac
3599 2279 3717 2328 tam

2060 2360 2276 2415 ardens
2297 2361 2594 2416 Ambrosii
2625 2364 2804 2432 hujus
2825 2364 3089 2418 studium
3112 2363 3510 2419 enarrationis
3532 2380 3722 2417 sacra-

2060 2467 2194 2506 rum
2230 2453 2602 2522 Litterarum,
2630 2459 2696 2507 ut
2717 2453 2999 2524 Origenes
3022 2454 3072 2508 ei
3101 2454 3358 2524 quadam
3385 2453 3446 2507 in
3469 2453 3724 2523 epistola

2061 2540 2406 2610 hujusmodi
2467 2541 2615 2596 ferat
2663 2541 3118 2596 testimonium:
3182 2544 3429 2596 Sanctus
3480 2543 3721 2610 Deoque

2064 2629 2294 2684 sincere
2352 2629 2587 2685 deditus
2646 2630 2994 2685 Ambrosius
3053 2630 3306 2686 multam
3343 2631 3448 2684 tibi
3480 2632 3535 2686 S.
3570 2629 3633 2684 Ι).
3671 2630 3725 2683 Is

2063 2733 2199 2772 eum
2230 2733 2324 2773 me
2361 2718 2659 2774 existimet
2685 2719 2958 2775 laborum
2995 2719 3348 2775 tolerantem
3385 2735 3512 2774 esse
3544 2723 3603 2773 et
3632 2735 3726 2772 sa-

2065 2823 2177 2861 crae
2210 2807 2528 2878 Scriptura;
2559 2808 2988 2879 cognoscenda:
3020 2808 3277 2876 avidum,
3315 2824 3422 2862 suo
3456 2806 3724 2862 laborum

2064 2895 2259 2951 studio
2289 2900 2348 2951 et
2375 2910 2578 2952 amore
2610 2911 2806 2952 sacras
2856 2913 2950 2952 res
3001 2898 3270 2952 discendi
3298 2897 3356 2951 id
3383 2897 3724 2968 exploravit.

2063 2987 2246 3040 Tanto
2295 2991 2493 3042 autem
2552 3001 2648 3040 me
2704 2993 2838 3058 post
2897 3004 2958 3042 se
3011 2986 3256 3058 reliquit
3290 2987 3628 3053 intervallo,
3663 2989 3728 3040 ut

2063 3076 2396 3146 periculum
2448 3078 2526 3132 sit
2575 3093 2653 3131 ne
2707 3077 2779 3132 de
2833 3077 3131 3132 solvendis
3173 3083 3463 3148 quotquot
3495 3077 3544 3132 is
3577 3075 3723 3131 mihi

2073 3167 2356 3237 proponit
2403 3167 2835 3238 quaestionibus
2907 3167 3226 3239 desperare
3286 3184 3479 3239 cogar.
3532 3169 3732 3236 Neque

2073 3271 2306 3311 camare
2336 3271 2446 3312 nos
2475 3255 2907 3327 exemplarium
2967 3257 3123 3312 inter
3177 3271 3240 3311 se
3297 3255 3533 3310 collatio
3567 3254 3728 3322 sinit,

2066 3347 2220 3402 445
2256 3361 2452 3415 neque
2477 3362 2511 3400 a
2541 3362 2710 3400 coma
2766 3345 3072 3401 ambulare
3126 3350 3226 3401 aut
3281 3361 3495 3417 corpus
3525 3345 3726 3415 quiete

2068 3433 2336 3488 relaxare
2352 3434 2658 3502 datur,sed
2679 3434 2781 3489 illo
2801 3434 2978 3490 etiam
2999 3438 3264 3506 tempore
3286 3433 3500 3489 litteris
3519 3449 3722 3488 vacare

2069 3526 2128 3577 et
2157 3523 2477 3577 emendare
2500 3523 2862 3594 exemplaria
2894 3523 3178 3595 cogimur.
3201 3523 3404 3593 Neque
3433 3537 3568 3577 vero
3600 3537 3727 3577 cor-

2068 3611 2228 3681 poris
2260 3611 2568 3666 reficiendi
2601 3627 2780 3666 causa
2802 3617 2989 3667 totam
3013 3612 3184 3666 nobis
3209 3617 3441 3667 noctem
3465 3611 3725 3666 dormire

2070 3698 2433 3766 conceditur,
2481 3699 2684 3754 labore
2729 3701 2791 3753 in
2841 3700 3090 3755 multam
3147 3706 3382 3755 noctem
3425 3715 3487 3754 se
3521 3704 3728 3754 exten-

2070 3789 2246 3844 dente
2278 3806 2290 3842 :
2319 3805 2392 3843 ne
2425 3789 2620 3844 dicam
2669 3790 2741 3844 de
2788 3790 3100 3845 matutinis
3153 3789 3478 3854 laboribus,
3514 3790 3614 3860 qui
3652 3789 3727 3844 ad

2070 3893 2314 3946 nonam,
2349 3891 2781 3948 nonnunquam
2813 3893 2950 3932 vero
2975 3877 3269 3933 decimam
3301 3877 3507 3931 horam
3541 3875 3733 3948 porri-

2070 3973 2307 4041 guntur.
2351 3969 2697 4040 Quicunque
2758 3969 2919 4024 enim
2975 3969 3180 4025 volunt
3240 3967 3733 4040 occupationibus

2075 4058 2204 4113 istis
2235 4058 2541 4128 inservire,
2587 4063 2858 4131 tempora
2907 4059 3023 4114 ista
3076 4057 3489 4114 examinandis
3521 4055 3736 4112 divinis

2073 4149 2333 4204 oraculis
2365 4154 2422 4203 et
2453 4149 2694 4204 lectioni
2725 4149 3100 4221 impendunt.
3125 4150 3406 4220 Origenes
3439 4164 3573 4221 ergo
3597 4163 3732 4203 cum

2072 4238 2413 4293 universam
2443 4253 2673 4293 sacram
2704 4238 3071 4309 Scripturam
3101 4244 3257 4293 esset
3289 4237 3732 4308 interpretatus,

2075 4331 2346 4383 mortuus
2379 4333 2468 4382 est
2499 4343 2686 4382 annos
2718 4332 2894 4383 natus
2940 4329 3028 4382 69.
3064 4327 3144 4382 De
3175 4329 3286 4383 hoc
3317 4341 3566 4399 magnus
3597 4325 3736 4398 Epi-

2077 4417 2335 4488 phanius
2366 4415 2428 4470 in
2460 4416 2727 4472 Panariis
2760 4417 2844 4472 sic
2879 4415 3124 4472 scribit:
3163 4416 3568 4489 Suppeditavit
3599 4417 3737 4470 Am-

2083 4505 2318 4560 brosius
2349 4505 2636 4560 alimenta
2667 4511 2726 4560 et
2755 4506 2890 4576 ipsi,
2921 4511 2978 4561 et
3003 4505 3419 4577 scriptoribus,
3453 4511 3510 4560 et
3539 4505 3744 4561 minis-

313 4615 376 4649 τε
436 4578 526 4648 καὶ
585 4591 763 4649 τᾶλλα
817 4597 924 4647 τῶν
981 4591 1379 4666 ἀναλωμάτων,
1409 4596 1506 4646 τοῦ
1563 4588 1621 4645 δὲ
1673 4588 1960 4666 Ὠριγένουι

2087 4596 2214 4663 tris,
2247 4595 2516 4664 aliosque
2571 4601 2842 4666 sumptus
2893 4594 3223 4651 liberaliter
3269 4596 3428 4650 fecit.
3463 4595 3743 4666 Origenes

315 4682 372 4740 ἕν
428 4706 489 4740 τε
539 4684 842 4759 ἀγρυπνίας
881 4685 971 4740 καὶ
1030 4682 1338 4747 πολιτείαις
1380 4677 1855 4757 ὑπερϐαλλούσαις
1885 4680 1975 4735 καὶ

317 4775 506 4852 σχολῇ
557 4773 782 4850 μεγίστῃ
805 4775 907 4831 -τὸν
955 4774 1079 4851 περὶ
1127 4782 1228 4844 τῆς
1281 4779 1496 4851 Γραφῆς
1544 4770 1851 4834 διανύοντος
1884 4769 1976 4827 κά-

321 4885 516 4940 ματον,
569 4866 661 4920 καὶ
719 4869 893 4920 πᾶσαν
959 4867 1060 4935 τήν
1121 4864 1472 4938 καλουμένην
1530 4865 1638 4918 τῶν
1687 4859 1971 4933 Ἐξαπλῶν

315 4956 694 5029 πραγματείαν
730 4955 818 5010 καὶ
849 4959 956 5009 τῶν
1009 4953 1221 5010 λοιπῶν
1277 4954 1304 5008 ὁ
1361 4953 1500 5027 ἀνὴρ
1563 4951 1698 5026 μετᾶ
1725 4951 1972 5026 καμάτου

315 5042 776 5123 πεφιλοτίμηται.
837 5043 909 5098 Ού
965 5045 1129 5117 μόνον
1184 5045 1287 5119 γὰρ
1344 5041 1437 5104 τὰς
1490 5041 1793 5114 ἐπισήμους
1827 5039 1972 5096 ἐκδό-

317 5151 430 5194 σεις
475 5132 612 5188 κατᾶ
641 5134 836 5188 ταυτὸν
895 5134 1220 5210 συνήγαγεν,
1261 5129 1407 5186 ἀλλὰ
1459 5131 1550 5185 καὶ
1599 5129 1854 5204 πέμπτην
1885 5131 1974 5184 καὶ

313 5220 479 5292 ἓκτην
528 5223 667 5278 κατὰ
713 5223 839 5284 τοὺς
894 5221 1129 5298 χρόνους
1175 5219 1401 5282 τούτους
1450 5219 1500 5276 ἐν
1551 5217 1770 5300 ’ῐεριχὼ
1810 5240 1976 5296 παρα-

315 5312 505 5388 τυχὼν
534 5312 588 5368 ἔν
618 5334 725 5369 τινι
757 5314 922 5387 πίθῳ,
978 5313 1175 5376 ταύτας
1233 5313 1524 5381 συνίταξεν.
1581 5313 1666 5384 [Ρ.
1697 5313 1824 5384 254]
1853 5311 1975 5368 Ἐπὶ

313 5404 515 5460 ταυτὸν
575 5403 670 5459 οὖν
722 5404 895 5467 πάσας
954 5404 1303 5483 συναγαγὼν,
1363 5401 1563 5459 διελὼν
1604 5401 1661 5458 δὲ
1707 5403 1800 5458 καὶ
1833 5403 1977 5459 ἀντιο

315 5492 581 5564 παραθεῖς
636 5491 905 5566 ἀλλήλων
987 5495 1120 5568 μετὰ
1191 5493 1359 5566 αὐτῆς
1414 5500 1512 5563 τῆς
1563 5488 1835 5568 Ἐϐραίων
1885 5513 1978 5563 ση-

2086 4689 2286 4740 autem
2314 4683 2530 4756 vigiliis
2563 4700 2629 4738 ac
2661 4684 2960 4740 inductria
2991 4683 3446 4740 incredibilibus
3476 4701 3625 4754 opus
3658 4682 3743 4736 di-

2083 4774 2232 4828 vinas
2262 4773 2578 4844 Scriptum
2629 4773 2988 4843 elaboravit;
3051 4791 3118 4830 ac
3177 4791 3305 4846 quae
3365 4771 3742 4844 appellantur

2085 4862 2362 4933 Hexapla,
2399 4865 2457 4916 et
2489 4862 2722 4932 reliqua
2753 4863 2954 4919 omnia
2983 4879 3197 4936 magno
3231 4862 3433 4917 labore
3464 4859 3739 4915 confecit.

2085 4954 2211 5008 Non
2239 4952 2400 5008 enim
2430 4956 2659 5007 tantum
2695 4953 2957 5023 insignes
2991 4953 3134 5007 istas
3167 4952 3460 5006 editiones
3483 4949 3739 5020 collegit,

2087 5043 2190 5098 sed
2223 5047 2279 5097 et
2312 5042 2580 5112 quintam
2615 5047 2671 5096 et
2702 5048 2925 5097 sextam
2955 5043 3296 5097 Jerichunte
3327 5042 3388 5095 in
3422 5039 3578 5094 dolio
3613 5044 3738 5093 tum

2087 5132 2357 5187 inventas
2389 5127 2610 5202 adjecit
2635 5147 2648 5197 ;
2682 5129 3081 5203 omnibusque
3104 5132 3166 5186 in
3191 5147 3375 5186 unum
3398 5127 3741 5200 compositis

2087 5219 2532 5294 dispositisque,
2594 5217 2676 5274 ita
2733 5225 2798 5275 ut
2852 5221 3062 5277 ordine
3117 5221 3274 5276 inter
3303 5237 3365 5276 se
3395 5218 3595 5275 omnia
3626 5215 3741 5273 sibi

2087 5310 2492 5379 Hebraicoque
2525 5308 2703 5364 etiam
2729 5325 2905 5379 quem
2930 5309 3185 5365 addebat
3205 5309 3391 5364 textui
3423 5307 3744 5379 responde-

2087 5404 2241 5462 rent,
2275 5397 2536 5468 Hexapla
2566 5397 2679 5454 ista
2710 5399 2854 5454 scite
2877 5400 3196 5455 admodum
3221 5404 3399 5471 atque
3431 5398 3602 5454 docte
3633 5413 3739 5470 pro

2090 5508 2196 5547 sua
2227 5489 2442 5563 peritia
2468 5489 2865 5550 concinnavit.

320 5580 609 5655 μειώσεως
662 5583 730 5638 τὰ
789 5585 897 5639 τῶν
958 5582 1274 5659 λεγομενων
1335 5577 1616 5653 Ἐξαπλῶν
1673 5579 2018 5661 ἀντιγράφων
2077 5578 2286 5658 εὐφυῶς
2346 5573 2488 5630 υάλα
2540 5575 2633 5632 καὶ
2690 5575 3080 5651 ἐπιστημόνως
3127 5577 3188 5634 εκ
3218 5575 3582 5652 πολυπειρίας
3613 5597 3742 5633 κατι

316 5668 626 5730 εσκεύασεν.
