4194 6198
468 360 588 423 487

542 497 667 551 Non
696 500 895 551 tamen
926 492 1112 564 gloria
1142 491 1270 562 ejus
1301 490 1409 545 viri
1448 492 1521 547 ad
1572 492 1751 547 ﬁnem
1782 505 1973 560 usque
2004 486 2121 543 illi-
2148 486 2203 552 Α

469 586 610 640 bata
640 582 985 654 permansit.
1022 582 1163 634 Nam
1196 579 1297 634 illa
1364 584 1480 635 tam
1514 579 1863 650 multiplicis
1892 576 2118 649 peritia)

474 671 794 727 efﬁcacitas
820 670 893 724 ad
928 673 1257 723 extremum
1276 668 1617 740 gravissimo
1639 684 1772 723 eum
1806 684 1947 723 casu
1976 666 2123 722 afﬂi-

467 760 590 824 xit;
647 758 972 827 multisque
1030 756 1389 813 oli‘endiculo
1418 758 1532 812 fuit
1586 764 1646 813 et
1699 757 1862 812 exitii
1893 762 2117 812 auctor.

460 850 612 903 Dum
646 847 805 902 enim
836 846 989 900 nihil
1022 845 1093 901 de
1126 848 1279 902 4-16
1315 847 1498 903 sacris
1530 847 1761 903 Litteris
1792 845 2120 917 inexplica-

465 943 586 991 tum
618 934 743 990 vult
768 934 1130 1006 relinquere,
1165 952 1227 990 se
1257 939 1454 1007 ipsum
1485 937 1548 991 in
1591 942 1899 1008 peccatum
1932 935 2119 989 intro-

463 1024 631 1079 duxit
654 1022 949 1094 verbaque
973 1023 1218 1078 lethalia
1239 1024 1495 1095 scripsit.
1520 1026 1663 1079 Nam
1686 1024 1757 1079 ab
1781 1041 1848 1079 eo
1868 1028 1926 1078 et
1945 1022 2119 1077 Arius

466 1129 672 1169 ansam
694 1113 785 1168 sui
811 1113 1029 1168 erroris
1056 1118 1358 1168 mutuatus
1383 1119 1557 1177 est,et
1580 1113 1793 1185 reliqui
1817 1112 2117 1184 deinceps,

467 1206 567 1277 qui
600 1205 815 1261 Filium
846 1206 1005 1261 Patri
1039 1205 1297 1260 similem
1352 1206 1739 1277 ejusdemque
1773 1204 2119 1260 substantiae

463 1300 700 1367 negant,
736 1300 795 1350 et
823 1294 945 1351 alii.
982 1295 1277 1366 Principio
1312 1295 1473 1349 enim
1512 1295 1791 1367 Origenes
1823 1310 2001 1350 ausus
2033 1298 2121 1348 est

465 1385 590 1439 limo
611 1384 788 1439 verba
809 1400 1029 1455 ponere
1052 1401 1065 1437 :
1094 1384 1440 1456 Unigenitus
1461 1384 1644 1439 Filius
1665 1385 1898 1439 Patrem
1922 1383 2119 1437 videre

464 1490 586 1528 non
618 1478 828 1544 potest,
862 1489 1056 1543 neque
1088 1472 1303 1528 Filium
1334 1472 1587 1544 Spiritus
1629 1478 1891 1540 sanctus,
1924 1487 2117 1543 neque

465 1564 661 1636 angeli
694 1563 977 1633 Spiritum
1009 1568 1305 1631 sanctum,
1328 1578 1525 1633 neque
1547 1563 1822 1618 homines
1854 1561 2117 1634 angelos.

464 1655 648 1724 Negat
677 1652 856 1707 etiam
888 1651 1101 1706 Filium
1128 1651 1201 1706 de
1234 1657 1449 1707 natura
1478 1652 1669 1707 Patris
1703 1667 1853 1717 esse,
1884 1650 1987 1706 sed
2026 1667 2123 1706 as-

466 1741 612 1798 serit
641 1757 777 1797 eum
809 1745 1072 1796 creatum
1107 1756 1258 1809 esse,
1292 1757 1359 1797 ac
1392 1741 1551 1812 quod
1591 1740 1774 1795 Filius
1805 1739 2124 1805 dicatur,id

1823 352 2142 417 GEORGII
2188 350 2535 415 CEDRENI

3756 356 3881 418 488

2306 484 2466 541 Ἀλλ’
2505 487 2609 542 οὐκ
2637 485 2713 549 εἶς
2742 485 2906 550 τέλος
2939 482 3197 542 ἄσϐεστον
3260 486 3425 542 αὐτοῦ
3480 487 3545 543 τὸ
3601 484 3765 551 κλὲος
3793 487 3881 544 δι-

2231 574 2430 647 έμεινε.
2466 570 2795 650 Συμϐέϐηκε
2823 576 2927 653 γὰρ
2957 575 3106 649 αὐτῷ
3133 577 3197 632 τὸ
3228 582 3326 646 τῆς
3354 574 3715 647 πολυπειρίας
3746 575 3881 653 δρα-

2230 664 2451 737 στήριον
2483 670 2688 738 πτῶμα
2738 661 2991 735 ἐξαίσιον,
3040 665 3131 720 καὶ
3185 664 3370 738 μέντοι
3407 662 3706 721 σκάνδαλον
3738 664 3883 722 πολ-

2228 749 2350 814 λοῖς
2381 753 2473 808 καὶ
2502 752 2784 817 ἀπωλείας
2837 753 3095 829 πρόξενος
3148 754 3350 831 γέγονε.
3392 754 3745 829 Βουλόμενος
3774 756 3878 831 γὰρ

2233 839 2400 916 μηδὲν
2456 842 2608 899 ἐᾶσαι
2682 849 2790 899 τῶν
2867 844 3025 901 θείων
3106 850 3332 921 Γραφῶν
3389 844 3743 921 ἀνεξήγητον,
3803 846 3882 912 εἷς

2229 933 2519 1009 ἐπαγωγὴν
2570 935 2759 990 ἑαυτὸν
2808 930 3127 1009 περιέϐαλεν
3183 933 3449 1010 ἁμαρτίας
3487 934 3575 990 καὶ
3608 937 3881 1009 θανάσιμα

2229 1023 2535 1097 ἐξηγήσατο
2567 1023 2809 1100 ῥήματα.
2871 1025 2956 1094 Ἐξ
3012 1024 3177 1080 αὐτοῦ
3231 1024 3334 1100 γὰρ
3391 1024 3480 1080 καὶ
3530 1030 3753 1099 ’Ἄρειος
3780 1026 3879 1086 τὰς

2228 1113 2479 1192 ἀφορμὰς
2544 1114 2740 1192 ε’ἰληφε
2803 1113 2895 1169 καὶ
2952 1116 3005 1170 οἱ
3062 1116 3290 1185 καθεξῆς
3356 1113 3614 1188 ἀνόμοιοί
3683 1137 3734 1170 τε
3783 1116 3879 1171 καὶ

2228 1202 2437 1257 ἀνόσιοι
2468 1205 2577 1275 (67)
2608 1204 2698 1259 καὶ
2749 1206 2800 1259 οἱ
2854 1201 3047 1259 λοιποὶ
3101 1205 3319 1266 πάντες.
3355 1201 3557 1259 Φᾶσκει
3585 1203 3689 1280 γάρ
3720 1204 3879 1265 οὗτος

2225 1289 2517 1366 τολμήσας
2546 1293 2683 1348 κατά
2704 1294 2803 1363 τὴν
2836 1292 3014 1368 ἀρχὴν
3058 1294 3140 1349 ὃτι
3200 1294 3229 1348 ὁ
3265 1295 3564 1368 μονογενής
3592 1294 3717 1357 Υἱὸς
3748 1294 3877 1366 ὁρᾷν

2226 1381 2318 1436 τὸν
2352 1381 2561 1456 Ηατέρα
2591 1381 2655 1437 ού
2689 1378 2929 1452 δύναται,
2962 1378 3083 1437 οὔτε
3121 1381 3214 1437 τὸν
3272 1382 3397 1436 Υἱὸν
3446 1381 3510 1436 τὸ
3570 1383 3792 1456 Πνεῦμα
3819 1383 3882 1437 τὸ

2230 1470 2401 1545 ἅγιον,
2435 1466 2557 1525 οὔτε
2589 1471 2640 1525 οἱ
2670 1467 2894 1546 ἄγγελοι
2950 1470 3014 1525 τὸ
3043 1473 3281 1542 Πνεῦμα,
3313 1471 3439 1525 οὕτε
3491 1469 3542 1524 οἱ
3602 1467 3871 1546 ἄνθρωποτ

2196 1559 2357 1623 ’τοὺς
2411 1558 2700 1635 ἀγγέλους.
2761 1559 2863 1616 Καὶ
2919 1558 2979 1613 ἐκ
3032 1565 3131 1628 τῆς
3193 1557 3377 1621 οὐσίας
3431 1562 3529 1614 τοῦ
3576 1559 3785 1633 ΙΙατρὸς
3814 1559 3881 1613 ού

2230 1645 2376 1702 θέλει
2428 1646 2565 1702 εἶναι
2623 1647 2715 1703 τὸν
2776 1647 2919 1714 Υἱὸν,
2979 1644 3125 1702 ἀλλὰ
3174 1645 3397 1720 κτίσμα,
3428 1645 3520 1701 καὶ
3551 1646 3687 1701 κατὰ
3718 1645 3883 1723 χάριν

2233 1737 2355 1791 Υἶὸν
2385 1734 2656 1813 λέγεσθαι,
2711 1737 2811 1805 τήν
2874 1733 2933 1791 δὲ
2985 1736 3319 1811 ἀνθρωπίνην
3375 1737 3560 1810 ψυχήν
3592 1736 3883 1810 προϋπάρ-

465 1831 622 1886 dono
653 1829 974 1902 accepisse.
1010 1832 1190 1885 Docet
1220 1830 1403 1885 etiam
1434 1830 1697 1885 animam
1730 1828 1994 1884 hominis
2026 1828 2117 1883 ho-

2232 1844 2372 1899 χειν,
2404 1824 2494 1880 καὶ
2524 1829 2632 1880 τῶν
2683 1822 2962 1899 δαιμόνων
3000 1826 3100 1894 τὴν
3159 1824 3237 1888 είς
3284 1825 3349 1879 τὸ
3405 1825 3640 1899 ἀρχαῖον
3674 1822 3882 1879 ἀποκα-

462 1919 625 1974 mine
657 1919 821 1990 prius
853 1918 1129 1986 existere,
1160 1917 1431 1973 diabolos
1464 1918 1527 1972 in
1558 1916 1876 1989 pristinum
1904 1920 2123 1971 statum

465 2008 807 2065 restitutum
839 2008 912 2063 iri
968 2025 1037 2064 ac
1096 2008 1280 2063 ﬁnem
1322 2008 1446 2063 fore
1505 2007 1837 2079 supplicio;
1887 2006 2123 2076 aliaque

467 2103 757 2171 praeterea
786 2097 967 2169 impie
998 2097 1197 2167 tradit.
1229 2098 1295 2151 In
1326 2096 1574 2168 quodvis
1604 2101 1805 2152 autem
1844 2095 2122 2151 volumen

470 2187 750 2259 Origenes
780 2186 970 2242 multa
994 2186 1307 2258 congessit.
1329 2188 1396 2239 In
1413 2185 1631 2256 quibus
1655 2184 1756 2240 ubi
1788 2185 1964 2240 certis
1986 2201 2121 2240 cum

465 2276 813 2332 hominibus
833 2276 1192 2346 colloquitur
1210 2280 1313 2331 aut
1328 2275 1629 2347 praefando
1652 2274 1723 2331 de
1745 2275 2032 2341 moribus,
2048 2272 2120 2329 de

464 2365 695 2423 naturis
725 2365 1117 2421 animantium
1141 2370 1201 2421 et
1220 2365 1452 2421 ratione
1473 2365 1803 2421 carentium
1835 2362 2117 2435 disputat,

467 2456 731 2512 medium
768 2461 977 2511 tenens
1038 2470 1450 2527 saapenumero
1509 2454 1809 2527 eleganter
1855 2454 2116 2510 disserit.

468 2545 579 2601 Ubi
610 2550 809 2601 autem
839 2545 912 2601 de
943 2545 1060 2601 ﬁde
1093 2544 1330 2600 decreta
1358 2544 1581 2612 condit,
1632 2544 1715 2599 ibi
1764 2544 1971 2614 quovis
2001 2542 2118 2599 alio

461 2634 780 2690 absurdior
808 2639 916 2689 est.
948 2633 1197 2690 Videtur
1225 2640 1424 2690 autem
1458 2634 1639 2689 etiam
1682 2634 1860 2688 vitam
1894 2649 2024 2704 quas
2056 2632 2118 2686 in

462 2718 765 2779 domando
797 2739 1044 2793 corpore
1074 2728 1400 2793 occupatur
1429 2722 1761 2792 amplexus,
1793 2728 1853 2776 et
1881 2722 1955 2777 ad
1986 2737 2116 2777 eam

462 2828 592 2868 rem
622 2810 852 2880 aliquid
884 2810 1262 2882 excogitasse.
1296 2812 1441 2865 Nam
1474 2808 1718 2879 quidam
1755 2810 1944 2877 aiunt,
1979 2825 2116 2865 eum

464 2898 576 2952 sibi
605 2914 849 2954 nervum
880 2897 1244 2969 praecidisse,
1276 2914 1353 2953 ne
1397 2897 1507 2952 sibi
1541 2914 1577 2952 a
1606 2897 1903 2968 voluptate
1934 2914 2117 2970 nego-

464 2986 612 3041 tium
644 2986 1042 3054 exhiberetur,
1074 2986 1176 3041 alii
1208 3003 1347 3041 eum
1376 2986 1655 3055 genitalia
1679 2986 1957 3058 imposito
1989 3002 2116 3041 me-

464 3074 800 3131 dicamento
831 3075 1157 3131 exsiccasse
1183 3091 1197 3141 ;
1229 3074 1331 3129 alii
1363 3074 1483 3129 alia
1511 3074 1566 3130 ei
1597 3073 2113 3144 ascribunt,quale

463 3163 682 3232 ethoc,
743 3164 902 3236 quod
949 3163 1195 3219 herbam
1254 3164 1549 3228 invenerit
1605 3180 1724 3235 qua
1761 3163 2111 3219 memoriam

461 3258 719 3311 acueret.
752 3255 962 3311 Fertur
989 3253 1203 3309 Christi
1234 3254 1424 3327 gratia
1475 3253 1664 3309 multa
1703 3270 1833 3309 esse
1863 3270 2110 3326 perpes-

461 3359 583 3411 sus,
615 3342 831 3414 quippe
870 3343 1048 3397 homo
1099 3342 1305 3397 doctus
1337 3347 1394 3396 et
1424 3342 1487 3396 in
1518 3341 1780 3397 Ecclesia
1808 3342 2111 3398 educatus.

462 3431 575 3486 Sed
605 3444 740 3486 cum
770 3430 928 3502 apud
959 3430 1341 3502 magistratus
1370 3446 1479 3502 per
1507 3429 1873 3485 calumniam
1914 3418 2112 3486 tradu-

463 3524 591 3575 ctus
622 3524 798 3589 esset,
830 3519 1144 3575 diabolicis
1199 3522 1347 3577 441
1411 3520 1639 3576 artibus
1686 3519 1994 3575 inventum
2025 3524 2115 3575 est

465 3608 762 3680 quomodo
818 3609 1255 3665 circumventus
1311 3626 1346 3665 a
1402 3614 1562 3665 recto
1623 3607 1856 3664 detrudi
1889 3614 2112 3680 posset-

464 3695 946 3753 Subornaverunt
993 3697 1155 3752 enim
1231 3696 1551 3768 quemdam
1605 3697 1799 3752 virum
1854 3702 2113 3769 turpem,

463 3787 815 3859 Ethiopem,
848 3788 947 3858 qui
980 3787 1109 3858 ejus
1141 3804 1409 3859 corpore,
1436 3787 1484 3842 si
1510 3786 1844 3842 sacriﬁcare
1877 3786 2114 3843 abnuis-

461 3880 571 3944 set,
602 3875 678 3931 ad
709 3875 1029 3931 obscenam
1078 3875 1425 3932 abuteretur
1450 3875 1783 3933 libidinem.
1817 3876 1958 3931 Eam
1990 3880 2111 3931 tur-

463 3966 793 4037 pitudinem
826 3966 1006 4037 hujus
1034 3965 1493 4022 machinationis
1524 3982 1646 4021 non
1684 3966 1882 4021 ferens
1913 3966 2115 4035 Orige-

466 4070 594 4121 nes,
633 4071 769 4110 cum
827 4059 985 4110 esset
1034 4054 1086 4108 ei
1146 4054 1341 4110 soluta
1391 4055 1574 4126 optio,
1610 4054 1672 4109 in
1724 4054 1876 4110 hanc
1908 4070 2113 4110 vocem

465 4145 679 4216 erupit,
711 4143 856 4199 velle
905 4161 965 4199 se
1015 4144 1370 4199 sacriﬁcare.
1422 4144 1749 4215 Statimque
1800 4144 1852 4198 ei
1888 4144 2022 4201 thus
2053 4144 2113 4199 in

467 4249 680 4288 manus
712 4237 802 4288 est
831 4232 1138 4302 injectum.
1172 4231 1329 4302 quod
1356 4231 1457 4287 ille
1476 4231 1535 4287 in
1558 4248 1763 4305 rogum
1786 4249 1902 4289 aras
1925 4234 2115 4288 immi-

467 4320 563 4374 sit.
603 4322 930 4391 Eapropter
959 4336 994 4374 a
1010 4318 1315 4391 judicibus
1345 4335 1379 4374 a
1410 4320 1675 4390 martyrii
1710 4320 1991 4393 dignitate
2022 4339 2112 4377 re-

466 4406 674 4478 pulsus
704 4407 1086 4477 Ecclesiaque
1115 4407 1358 4479 ejectus,
1393 4424 1527 4463 cum
1559 4408 1817 4464 dedecus
1848 4410 1961 4465 hoc
1990 4426 2113 4465 non

460 4495 667 4567 ferret,
699 4495 1059 4552 Alexandria
1088 4496 1295 4551 relicta
1340 4497 1400 4551 in
1447 4497 1712 4553 Judeeam
1744 4514 1807 4554 se
1838 4499 2110 4554 contulit.

2230 1915 2508 1983 τάστασιν,
2552 1914 2641 1969 καὶ
2698 1913 2859 1977 τέλος
2915 1921 3016 1983 τῆς
3072 1912 3376 1983 κολάσεως,
3406 1913 3494 1967 καὶ
3527 1913 3593 1967 τὰ
3621 1913 3743 1985 ἑξῆς
3772 1915 3880 1968 τῶν

2236 2002 2607 2083 βλασφημιῶν
2649 2002 2834 2059 αὐτοῦ.
2868 2000 3094 2072 Πολλὴν
3154 2006 3284 2080 γοῦν
3340 2001 3610 2072 πεποίηκε
3642 1999 3884 2074 σύνταξιν

2233 2092 2308 2156 εἰς
2368 2093 2595 2165 ἑκάστην
2652 2092 2890 2170 Γραφὴν,
2947 2093 3039 2147 καὶ
3086 2092 3186 2148 ὅσα
3244 2093 3339 2166 μὶν
3396 2090 3453 2147 ἐν
3492 2088 3884 2165 προσομιλίαις

2229 2185 2319 2240 καὶ
2351 2182 2441 2240 διὰ
2468 2186 2781 2260 προοιμίων
2838 2185 2915 2247 εἷς
2972 2182 3078 2255 ἤθη
3136 2204 3196 2240 τε
3245 2184 3335 2238 καὶ
3392 2181 3470 2245 εἰς
3510 2180 3694 2261 φύσεις
3729 2181 3884 2251 ζώων

2229 2295 2288 2329 τε
2335 2273 2424 2329 καὶ
2481 2272 2699 2351 ἀλόγων
2756 2272 2941 2350 εἴρηκε
3015 2275 3177 2347 μέσος
3234 2272 3553 2352 φερόμενος,
3606 2268 3881 2332 πολλάκις

2230 2363 2525 2439 χαριέντως
2569 2360 2890 2439 διηγήσατο·
2942 2363 3041 2418 ὅσα
3105 2359 3163 2418 δὲ
3199 2361 3323 2436 περὶ
3372 2360 3605 2424 πίστεως
3641 2356 3885 2434 ἒδογμά-

2229 2473 2364 2525 τισε,
2422 2457 2528 2508 τῶν
2592 2454 2804 2507 πάντων
2880 2450 3226 2526 ἀτοπώτερος
3306 2450 3626 2525 εὑρίσκεται.
3689 2445 3881 2518 Ἔδοξε

2230 2539 2288 2596 δὲ
2316 2542 2406 2597 καὶ
2459 2541 2751 2613 ἀσκητικὸν
2805 2540 2921 2617 βίον
2980 2539 3356 2617 έπανῃρῆσθαι
3414 2539 3551 2612 (68),
3603 2537 3695 2592 καὶ
3742 2536 3881 2592 κατά

2229 2631 2291 2687 τὸ
2349 2633 2629 2706 σωμάτιον
2685 2629 3089 2701 ἐπινενοηκέναι
3144 2650 3221 2699 τι,
3279 2630 3333 2683 οἱ
3391 2627 3486 2700 μὶν
3546 2625 3631 2681 ὅτι
3688 2630 3876 2701 νεῦρον

2227 2718 2664 2794 ἀποτιτμηκέναι
2697 2717 2787 2775 διὰ
2812 2720 2876 2775 τὸ
2933 2720 3006 2793 μή
3051 2723 3121 2793 τῇ
3180 2714 3352 2792 ἡδονῇ
3396 2714 3879 2795 παρενοχλεῖσθαι,

2228 2810 2279 2863 οἱ
2332 2806 2389 2863 δὲ
2444 2808 2726 2887 φάρμακον
2783 2807 3093 2878 ἐπιτεθῆναι
3144 2812 3263 2868 τοῖς
3320 2804 3535 2880 μορίοις
3565 2805 3717 2859 εἶπον
3750 2814 3882 2876 παρ’

2226 2896 2390 2952 αὐτοῦ
2441 2898 2531 2953 καὶ
2591 2898 2947 2974 ἀποξηρᾶναι.
3007 2893 3207 2954 Ἀλλοι
3272 2892 3329 2950 δὲ
3383 2892 3529 2950 ἄλλα
3582 2893 3659 2956 είς
3719 2893 3884 2948 αὐτὸν

2225 2985 2603 3063 ἀναφέρουσιν,
2634 2986 2709 3049 ὡς
2741 2986 2826 3042 ὅτι
2871 2986 2961 3042 καὶ
3013 2986 3246 3060 βοτάνην
3299 2983 3546 3062 ἰατρικὴν
3579 2983 3702 3057 εὗρε
3737 2984 3877 3057 μνή-

2229 3097 2337 3150 μης
2392 3075 2569 3133 ἓνεκα.
2627 3076 2796 3139 Οὗτος
2854 3073 3040 3131 πολλά
3094 3072 3316 3152 λέγεται
3367 3072 3684 3128 πεπονθέναι
3743 3071 3878 3146 ὑπὲρ

2224 3165 2485 3240 Χριστοῦ,
2544 3163 2737 3238 λόγιος
2792 3162 2867 3219 ὢν
2923 3161 3130 3238 σφόδρα
3187 3161 3277 3217 καὶ
3342 3163 3395 3217 ἓν
3449 3167 3519 3235 τῇ
3580 3159 3881 3231 Ἐκκλησία

2225 3252 2721 3329 ἀνατεθραμμένος.
2784 3253 2977 3327 Φθόνφ
3042 3249 3101 3308 δὲ
3175 3247 3495 3318 διαϐληθεὶς
3550 3249 3689 3325 πρὸς
3745 3248 3878 3311 τοὺς

2219 3345 2321 3408 τῆς
2406 3341 2644 3412 ἐξουσίας
2728 3342 3024 3421 ἄρχοντας,
3088 3338 3479 3415 κακομηχανίᾳ
3545 3332 3877 3407 διαϐολικῆς

2220 3429 2461 3493 ἐπινοίας
2515 3431 2592 3494 εἷς
2649 3430 3007 3507 αἴσχρότερον
3059 3428 3227 3507 ἄνδρα
3283 3429 3440 3508 φασὶν
3516 3427 3877 3497 ἐπινοηθῆναι

2220 3519 2366 3594 παρὰ
2420 3524 2530 3575 τῶν
2584 3527 2686 3590 τῆς
2739 3518 2931 3581 κακίας
2984 3517 3224 3596 ἔργατιῖω
3300 3517 3493 3574 τοῦτον
3548 3511 3868 3572 ὑπολαϐεῖν.

2222 3607 2458 3673 Αἰθίοπα
2514 3610 2617 3686 γὰρ
2685 3607 2833 3681 αὐτῷ
2896 3607 3294 3682 παρεσκεύασαν
3357 3606 3434 3668 εἰς
3519 3603 3872 3683 παράχρησιν

2218 3701 2316 3752 τοῦ
2346 3698 2602 3772 σώματος
2633 3696 2822 3755 αὐτοῦ.
2880 3697 2940 3754 Ὁ
3000 3693 3058 3751 δὲ
3119 3697 3195 3770 μή
3263 3697 3440 3775 φέρων
3470 3693 3570 3763 τὴν
3599 3692 3871 3762 τοσαύτην

2223 3783 2491 3861 βδελυρὰν
2550 3785 2789 3842 ἐπίνοιαν
2846 3783 3038 3861 ἕρῥηξε
3090 3786 3271 3861 φωνὴν
3346 3782 3671 3861 ἀμφοτέρων
3724 3781 3877 3852 αὐτῷ

2220 3874 2584 3952 προτεθέντων
2638 3875 2991 3951 πραγμάτων.
3054 3873 3205 3932 Ἐπεὶ
3280 3871 3341 3930 δὲ
3394 3878 3555 3929 τοῦτο
3615 3873 3873 3944 καθωμο-

2222 3963 2426 4041 λόγησε
2484 3968 2658 4036 θῦσαι,
2718 3959 2975 4026 ϐαλόντες
3034 3962 3122 4019 ἐπὶ
3177 3968 3339 4039 χεῖρα
3396 3963 3564 4018 αύτοῦ
3625 3955 3875 4030 λίϐανον,

2222 4052 2298 4117 εἷς
2355 4055 2452 4124 τὴν
2513 4054 2608 4108 τού
2668 4054 2863 4129 βωμοῦ
2921 4053 3094 4128 πυρὰν
3150 4058 3376 4124 καθῆκε,
3435 4052 3526 4107 καὶ
3586 4049 3730 4104 οὕτω
3776 4052 3876 4104 τοῦ

2224 4140 2524 4217 μαρτυρίου
2590 4141 2697 4197 ἀπὸ
2756 4146 2864 4197 τῶν
2921 4140 3215 4217 κρινάντων
3273 4136 3565 4210 ἀπεϐλήθη
3621 4138 3714 4193 καὶ
3770 4144 3873 4207 τῆς

2219 4229 2550 4302 Ἐκιιλησίας
2598 4230 2828 4302 έξώσθη.
2881 4232 2991 4300 Τήν
3042 4225 3454 4303 Ἀλεξάνδρειαν
3484 4225 3542 4283 δέ
3572 4226 3751 4283 λιπὼν
3784 4224 3876 4281 διά

2218 4320 2282 4375 τὸ
2312 4314 2520 4383 ὄνειδος
2571 4322 2670 4390 τήν
2726 4317 2988 4376 Ἰουδαίαν
3033 4313 3349 4374 κατέλαϐεν.
3403 4321 3484 4391 [Ρ.
3516 4318 3643 4390 255]
3676 4314 3872 4371 Ἀνελ-

2221 4408 2326 4463 θὼν
2358 4405 2415 4463 δὲ
2445 4408 2521 4470 εἰς
2551 4405 2907 4482 Ἱεροσόλυμα
2937 4408 3012 4471 ὡς
3050 4406 3321 4483 ἐξηγητὴς
3375 4407 3467 4461 καὶ
3524 4405 3712 4482 λόγιος
3742 4423 3876 4480 προ-

2222 4498 2474 4573 ετρέπετο
2506 4496 2612 4551 ἀπὸ
2640 4501 2739 4551 τοῦ
2769 4496 3008 4572 ἱερατίου
3041 4495 3131 4551 ἐπὶ
3176 4501 3278 4565 τῆς
3318 4492 3649 4564 Ἐκκληοίας
3678 4492 3873 4547 εἰπεῖν’

467 4586 612 4641 Cum
643 4592 841 4641 autem
868 4586 1273 4659 Hierosolyma
1316 4588 1700 4658 pervenisset,
1734 4590 2111 4644 sacerdotum

2227 4582 2580 4661 πρεσϐύτερος
2625 4587 2730 4663 γὰρ
2787 4592 3141 4662 προϋπῆρχε.
3198 4585 3303 4641 Καὶ
3361 4581 3549 4639 πολλά
3605 4603 3875 4657 καταναγ-

463 4673 536 4731 ab
568 4691 636 4730 eo
668 4674 982 4748 collegium
1008 4681 1076 4731 ut
1103 4676 1345 4732 homine
1375 4676 1547 4732 docto
1577 4682 1755 4747 atque
1786 4677 2110 4749 interprete

465 4763 768 4835 ﬂagitavit,
801 4765 887 4820 uti
935 4764 1161 4836 aliquid
1219 4782 1325 4838 pro
1374 4765 1657 4821 concione
1688 4764 1951 4822 diceret:
1985 4772 2115 4823 erat

463 4852 624 4909 enim
656 4853 984 4927 presbyter.
1030 4856 1235 4926 Itaque
1291 4871 1428 4910 cum
1485 4854 1805 4911 admodum
1833 4861 2116 4929 urgerent

2220 4675 2435 4741 κασθεὶς
2495 4674 2598 4729 ὑπὸ
2651 4679 2758 4731 τῶν
2815 4675 3027 4750 ἱερέων,
3085 4673 3313 4736 ἀναστὰς
3368 4673 3463 4745 καὶ
3506 4676 3670 4728 τοῦτο
3706 4672 3871 4744 μόνον

2217 4766 2281 4821 τὸ
2313 4764 2477 4842 ῥητὸν
2510 4764 2699 4819 εἷ’πών·
2731 4768 2825 4837 Τῷ
2856 4761 2913 4819 δὲ
2942 4761 3260 4839 ἁμαρτωλῷ
3304 4762 3452 4817 εἶπεν
3505 4762 3534 4815 ὁ
3574 4760 3727 4823 Θεός”
3758 4763 3874 4817 Ἲνα

2218 4854 2273 4911 τί
2302 4854 2365 4909 σὺ
2397 4850 2628 4930 ἐκδιηγῇ
2685 4853 2752 4909 τά
2806 4849 3150 4925 δικαιώματά
3210 4872 3316 4925 μου
3345 4851 3435 4906 καὶ
3467 4844 3876 4922 ἀναλαμϐάνεις

1648 4982 2019 5040 XYLANDRI
2056 4986 2142 5040 ET
2181 4984 2399 5040 GOARI
2441 4984 2666 5039 ΝΟΤλΕ.

530 5104 910 5181 (67)]Ανόσιοι
971 5106 1548 5181 impios,_hasretico_s
1617 5105 1951 5181 signiﬁcat;
2004 5124 2108 5181 ego

460 5175 870 5269 perspicpitati
891 5175 1111 5262 servire
1133 5177 1525 5269 noluﬁetﬂeri
1536 5175 1746 5269 potest
1760 5182 1826 5232 ut
1844 5175 2113 5269 ἀνόμοᾶξ-

461 5247 569 5322 Ego:
599 5247 898 5322 Cedrenus
930 5250 1255 5322 scripserit.
1278 5251 1417 5303 ΧΠ..
1438 5279 1503 5289 -
1522 5250 1595 5303 At
1616 5247 1719 5319 qui
1750 5248 2107 5322 scripsisset.

464 5320 516 5393 s_i_
543 5320 864 5393 necdumia
892 5320 1191 5393 Xylandro
1221 5322 1475 5376 conficta
1528 5336 1637 5393 vox
1677 5325 1805 5393 erat
1825 5321 1853 5375 ‘2
1874 5320 2112 5393 ‘Certius

462 5389 666 5446 dixero
698 5392 823 5447 ﬁeri
856 5388 1120 5462 potuisse
1178 5398 1243 5448 ut
1300 5392 1625 5463 scripserit,
1670 5388 1842 5445 ἄνισοι
1874 5393 1965 5449 vel
1994 5391 2107 5446 ἀνὶ-

463 5478 593 5526 σιοι,
629 5479 758 5535 qua)
790 5478 980 5535 voces,
1004 5470 1129 5519 tum
1153 5463 1309 5535 apud
1331 5467 1608 5534 antiquos
1632 5469 1759 5519 tum
1786 5464 1944 5535 apud
1975 5482 2111 5521 neo‘

461 5536 621 5605 teros
651 5532 999 5605 orientales,
1030 5532 1413 5605 inarqdalitate
1461 5532 1687 5605 affectos
1716 5541 1767 5589 et
1796 5532 1987 5592 ductos
2018 5554 2111 5591 re—

457 5601 592 5676 (θη,
626 5607 689 5657 ut
718 5601 1004 5676 nimirum
1059 5601 1237 5661 iidem
1298 5601 1522 5662 essent"
1557 5603 1755 5659 civicum
1783 5607 1884 5676 qui
1919 5613 1976 5662 et
2016 5606 2112 5661 ἀν-

457 5671 667 5745 όμοιοι.
700 5675 878 5730 ϐοΑιι.

2293 5108 2408 5180 (68)
2465 5106 2873 5185 'Enavyﬁpatq,“
2906 5102 3184 5185 tangito,
3241 5099 3438 5185 εἵλετο.
3497 5100 3876 5185 ξῌπανῃρημές

2216 5175 2327 5247 νος,
2360 5175 2763 5252 προῃρημένος,
2795 5175 2987 5232 θέλων.
3031 5175 3277 5252 'Suidas.
3336 5176 3610 5252 Ascetica
3636 5175 3757 5230 vita
3785 5178 3878 5230 est

2260 5238 2350 5333 ua:
2381 5238 2609 5333 corpus:
2619 5238 2858 5333 domare
2879 5248 3168 5333 assuescit
3187 5252 3248 5333 e‘t
3267 5247 3611 5333 solipietati
3642 5261 3870 5333 vacare.

2260 5269 2350 5307 1133
2381 5269 2597 5333 corpus
2619 5269 2858 5306 domare
2879 5269 3168 5304 ᾶδδιιϐδοιι
3187 5269 3248 5301 BL
3267 5269 3611 5328 SOIPplelaLl
3645 5269 3870 5301 vacare.

2219 5269 2283 5380 ἓί
2307 5323 2718 5378 exercitationi
2739 5319 3017 5377 monachi
3037 5318 3639 5389 studebant,mdeque
3658 5322 3875 5389 ascetaa

2220 5394 2574 5450 dicebantur
2590 5394 2759 5465 quasi
2777 5391 3509 5465 exercitatoresﬂmterum
3532 5387 3657 5465 haec
3670 5387 3875 5465 omnia

2221 5465 2377 5537 apud
2409 5460 2650 5537 Suidam
2680 5462 3001 5537 aliquando
3033 5462 3213 5537 etiam
3237 5479 3411 5533 quam
3439 5461 3535 5517 hic
3556 5460 3795 5533 plenius
3817 5462 3877 5514 et

2220 5533 2507 5609 integrius
2540 5533 2817 5609 leguntur
2845 5536 2903 5609 in
2935 5533 3236 5609 Ὠριγὲνης,
3270 5548 3446 5605 quem
3481 5536 3719 5609 secutus
3736 5546 3875 5609 sum

2221 5602 2553 5735 §uis'locis.
2593 5602 2732 5663 Vide
2791 5607 2973 5663 etiam
3001 5602 3429 5677 'Nicephorum
3480 5622 3530 5674 v,
3591 5605 3659 5657 32
3694 5608 3753 5657 et
3781 5602 3873 5656 33.

2272 5694 2359 5733 YL.

2272 5694 2359 5733 YL.
