4194 6198
321 343 434 400 489

1517 333 2058 398 HISTORIABUM
2106 333 2649 396 COMPENDIUM.

3602 339 3720 399 490

308 476 406 542 τήν
469 469 736 541 διαθήκην
796 491 902 544 μου
959 466 1048 524 διὰ
1105 467 1376 540 στόματός
1436 487 1572 536 σου;
1632 468 1837 536 Πτύξας
1897 465 1960 520 τὸ

2082 468 2406 537 pontiﬁces,
2441 469 2700 523 surrexit
2727 473 2904 539 atque
2936 469 3047 525 hoc
3081 469 3257 526 modo
3307 469 3530 527 dictum
3579 488 3720 544 pro-

315 557 528 638 βιϐλίον
559 559 773 614 ἐκάθισε
826 558 959 632 μετᾶ
1015 556 1299 630 κλαυθμοῦ
1355 557 1444 611 καὶ
1506 553 1773 627 δακρύων,
1828 553 1957 608 πάν-

313 673 417 717 τῳν
451 652 594 723 ὁμοῦ
626 647 1031 725 συγκλαιόντων
1061 647 1228 717 αὐτῷ.
1282 645 1408 702 Εῗσὶ
1450 641 1506 699 δὲ
1557 645 1647 698 καὶ
1698 641 1852 717 ἕτερα
1895 642 1962 696 τὰ

311 742 426 816 περῖ
471 741 638 794 αὐτοῦ
674 739 941 815 λεγόμενά
978 758 1036 793 τε
1087 737 1178 791 καὶ
1229 734 1469 811 ᾀδόμενα
1514 732 1602 788 διὰ
1641 733 1702 788 τὸ
1745 731 1962 800 πλῆθος

315 839 412 900 τῆς
472 832 725 905 γνώσεως
778 827 942 883 αὐτοῦ
1000 827 1089 881 καὶ
1179 825 1473 895 συντάξεως
1537 827 1642 878 τῶν
1705 817 1961 897 βιϐλίωνο

317 920 431 974 ὅθεν
461 921 551 974 καὶ
603 917 947 978 συντακτιγὸς
1005 915 1301 988 ὠνομάσθη
1364 910 1452 968 διὰ
1507 912 1569 966 τὸ
1621 908 1809 966 πολλὰ
1863 930 1961 964 πε·

317 1008 603 1078 ποιηκέναι
641 1003 852 1082 βιϐλία,
889 1007 966 1078 μή
1002 1003 1236 1072 ἀκούων,
1287 1003 1362 1064 ὡς
1423 994 1587 1070 ἔοικε,
1639 1005 1736 1054 τοῦ
1786 1019 1962 1075 σοφω-

315 1099 479 1153 τέτου
513 1095 880 1168 Σολομῶντος
939 1093 1218 1170 λέγοντος,
1277 1091 1388 1160 Υἱὲ,
1448 1089 1686 1168 φύλασσε
1741 1092 1838 1142 τοῦ
1887 1086 1962 1159 μὴ

317 1193 490 1243 ποιεῖν
527 1181 718 1260 βιϐλία
747 1183 956 1242 πολλὰ.
988 1183 1078 1237 καὶ
1114 1183 1189 1256 μὴ
1225 1177 1420 1236 σπεῦδε
1450 1179 1538 1234 ἐπὶ
1571 1177 1798 1250 στόματί
1845 1196 1962 1242 σου,

315 1281 404 1336 καὶ
434 1277 632 1355 καρδία
664 1299 760 1332 σου
820 1277 896 1349 μή
955 1277 1247 1350 ταχυνάτω
1299 1276 1397 1328 τοῦ
1451 1271 1738 1345 ἐξενεγκεῖν
1800 1269 1966 1342 λὸγον

318 1371 421 1424 ἀπὸ
455 1369 755 1443 προσώπου
784 1370 882 1421 τοῦ
939 1367 1095 1434 Θεοιὲ,
1158 1364 1242 1419 ’ὁτι
1274 1363 1302 1417 ὁ
1333 1361 1459 1422 Θεὸς
1507 1358 1558 1415 έν
1591 1359 1804 1434 οὐρανῷ
1852 1355 1963 1411 ἂνω

310 1457 496 1514 καὶσὺ
555 1455 642 1512 ἐπὶ
702 1463 801 1524 τῆς
856 1461 956 1530 γῆς
1015 1455 1186 1510 κάτω.
1247 1451 1345 1506 Διὰ
1398 1453 1559 1505 τοῦτο
1618 1446 1852 1503 ἔστωσαν
1889 1445 1958 1498 oi

309 1548 470 1625 λόγοι
501 1569 598 1603 σου
631 1545 838 1622 ὀλίγοιο
874 1544 976 1600 εἶσὶ
1009 1544 1111 1617 γὰρ
1147 1542 1303 1616 λόγοι
1335 1538 1540 1595 πολλοὶ
1587 1536 1960 1625 πληθύνοντες

312 1620 698 1710 ματαιότητος.
733 1620 834 1690 Καὶ
886 1634 962 1707 μὴ
993 1631 1144 1706 γίνου
1193 1627 1404 1692 δίκαιος
1457 1625 1622 1682 πολύ’
1683 1620 1796 1679 ἔστι
1857 1624 1962 1698 γὰρ

310 1725 518 1787 δίκαιος
554 1722 943 1797 ἀπολλύμενος
1001 1721 1050 1775 ἐν
1113 1717 1430 1790 δικαιοσύνῃ
1486 1716 1674 1771 αὐτοῦ.
1731 1713 1827 1768 Καὶ
1882 1714 1959 1784 μὴ

312 1815 538 1894 σοφίζου
566 1812 809 1888 περισσὰ,
865 1812 940 1885 μή
996 1829 1129 1864 ποτε
1183 1801 1480 1881 ἀσεϐήσῃς,
1530 1803 1733 1859 Ταύτας
1784 1802 1960 1856 τοίνυν

313 1893 810 1980 παραγραψάμενος
856 1901 950 1961 τὰς
1005 1897 1150 1974 ἱερὰς
1211 1894 1550 1970 παραινέσεις
1608 1893 1698 1947 καὶ
1757 1911 1962 1980 παρ-αγ-

313 1977 708 2065 κωνισαμενος,
743 1987 865 2044 οὐδὲ
919 1991 1017 2042 τοῦ
1075 1983 1356 2050 θεσπεσίου
1413 1981 1682 2058 προσέσχε
1741 1977 1959 2034 ιῐαύλου

310 2087 375 2154 τῇ
410 2082 586 2151 ἐννοίᾳ
641 2101 700 2134 τε
755 2078 845 2133 καὶ
907 2077 1115 2130 συνέσει
1169 2073 1220 2130 ἐν
1281 2078 1398 2134 τοῖς
1457 2071 1840 2145 ςυντάγμασιν.
1897 2067 1960 2124 Ὁ

310 2174 412 2248 γὰρ
445 2169 841 2245 τρισμακάριος
871 2164 1088 2226 Παῦλος
1136 2163 1186 2218 ἐν
1239 2165 1549 2239 παρασκευῇ
1597 2159 1774 2232 λόγων
1825 2176 1958 2248 παν-

309 2243 566 2316 τοδαπῶν
604 2243 952 2336 βραχυτάτας
1009 2252 1300 2315 ἐπιστολὰς
1354 2255 1423 2324 τῇ
1483 2255 1665 2336 γραφῇ
1725 2243 1960 2321 παραδέ-

310 2349 477 2418 δωκε,
506 2348 684 2404 καίτοι
722 2335 884 2419 μυρία
915 2345 1006 2398 καὶ
1064 2342 1350 2416 ἀπόρρητα
1397 2341 1575 2416 λέγειν
1636 2335 1802 2413 ἔχων,
1871 2337 1962 2389 ἅτε

311 2443 375 2496 τὰ
439 2441 643 2513 μέχρις
703 2437 934 2509 οὐρανοῦ
987 2432 1172 2507 τρίτου
1256 2431 1587 2504 θεωρήματα
1643 2426 1962 2494 ἐπιωθάσας,

313 2528 394 2584 ἐπ’
429 2528 591 2582 αὐτὸν
622 2524 679 2580 δῖε
734 2525 828 2579 τὸν
889 2527 1165 2597 θεοπρεπῆ
1222 2517 1576 2594 παράδεισον.
1607 2513 1964 2589 ἀναρπασθεὶς

311 2619 400 2674 καὶ
485 2621 594 2671 τῶν
676 2613 846 2669 ἕκεῖσε
928 2612 1270 2684 ἆνεκφάστων
1384 2607 1645 2681 ῥημάτων
1739 2603 1963 2658 ἀκοῦσαι

316 2705 588 2779 ἀξιωθείς.
641 2705 741 2761 Καὶ
809 2702 992 2776 μέντοι
1051 2697 1168 2754 οὐδ’
1223 2699 1272 2752 οἱ
1333 2695 1519 2752 λοιποὶ
1575 2698 1670 2749 τοῦ
1725 2694 1964 2768 Χριστοῦ

316 2794 574 2871 φοιτηταῖ
609 2790 818 2848 δώδεκα
851 2791 943 2863 μὲν
990 2786 1318 2857 ἀπόστολοι,
1375 2787 1425 2840 οἱ
1485 2782 1542 2839 δὲ
1594 2782 1831 2857 μαθηταὶ
1876 2781 1962 2835 καὶ

318 2869 486 2942 ἄλλοι
517 2884 652 2956 πρὸς
680 2881 898 2942 τούτοις
932 2878 1140 2955 μυρίοι,
1173 2877 1272 2932 ούκ
1309 2874 1525 2948 ἄπειροι
1581 2873 1764 2946 λόγων
1814 2869 1968 2942 έτύγ-

316 2995 513 3053 χανον·
547 2973 637 3028 καὶ
677 2972 831 3044 ὅμως
887 2969 979 3024 οὗν
1041 2967 1092 3037 ἐξ
1152 2967 1403 3020 ἁπάντων
1452 2968 1558 3018 τῶν
1607 2959 1968 3053 τοῦᾼΙξυρίου

315 3049 612 3134 δῖατριϐὢν
645 3061 710 3115 τὰ
746 3060 1116 3131 ὑπομνήματα
1148 3057 1416 3114 Ματθαῖος
1467 3055 1604 3126 ἡμῖν
1655 3049 1745 3104 καὶ
1793 3049 1968 3104 Ἰωάνα

315 3176 417 3224 νης
447 3149 930 3217 καταλελοίπασιν,
965 3142 1059 3207 οὕς
1107 3146 1195 3199 καὶ
1259 3143 1550 3216 ἐπάναγκες
1597 3139 1684 3194 ἐπὶ
1722 3139 1784 3194 τὸ
1835 3137 1969 3213 γρά-

319 3264 440 3323 φειν
481 3239 657 3296 ἐλθεῖν
689 3237 908 3313 κατέχει
967 3234 1158 3310 λόγος,
1221 3233 1397 3307 ὥσπερ
1445 3231 1536 3286 καὶ
1596 3229 1819 3303 Μάρκον
1877 3229 1968 3282 καὶ

319 3317 536 3387 Ᾰουκᾶν
569 3328 814 3400 ὕστερον
847 3327 939 3380 Διὸ
984 3322 1050 3395 δή
1108 3344 1272 3401 φησιν
1304 3323 1332 3376 ὁ
1369 3321 1535 3397 μέγας
1594 3319 1863 3392 Μάξιμος·
1910 3317 1971 3373 Ὁ

323 3420 501 3497 λόγος
539 3414 989 3493 συγγραφόμενος
1021 3413 1056 3483 ἣ
1089 3413 1225 3488 πρὸς
1272 3413 1370 3480 τήν
1424 3411 1616 3464 ἑαυτοῦ
1664 3409 1969 3497 ὕπόμ-νησιν

322 3495 718 3584 συγγράφεται,
750 3507 784 3576 ἢ
817 3505 956 3581 πρὸς
1010 3501 1278 3582 ὠφέλειαν
1318 3499 1534 3575 ἑτέρων,
1642 3497 1731 3553 καὶ
1786 3495 1973 3584 ἄμφω,

322 3596 357 3665 ἢ
407 3582 566 3669 πρὸς.
631 3589 844 3668 βλάϐην
915 3595 1106 3662 τινῶν,
1154 3591 1188 3658 ἣ
1249 3588 1385 3659 πρὸς
1473 3583 1765 3654 ἀπόδειξιν,
1820 3585 1854 3652 ἢ
1925 3582 1975 3655 ἰξ

327 3685 539 3758 ἀνάγκη
550 3703 595 3745 ς.

401 3790 558 3848 Μετὰ
617 3785 674 3843 δὶ
732 3781 976 3862 Σεὸῆρον
1060 3779 1402 3840 ἐϐασίλευσεν
1483 3783 1810 3842 Ἀντωνῖκος
1863 3777 1978 3838 υἱὸς

333 3877 586 3954 Σεϐήρου
619 3877 707 3932 καὶ
741 3874 901 3937 Γέτας
935 3877 963 3928 ὁ
995 3871 1231 3952 ἀδελφός
1263 3871 1426 3927 αὐτοῦ
1486 3877 1660 3945 μῆνας
1709 3866 1825 3924 δύο.
1878 3867 1977 3924 Καὶ

335 3969 538 4044 σφάξας
567 3966 657 4021 τὸν
701 3962 839 4020 ἴδιον
865 3961 1097 4040 ἀδελφὸν
1152 3961 1203 4016 ἐν
1231 3963 1336 4035 δτῷ
1383 3959 1578 4032 κόλπῳ
1625 3961 1724 4028 τῆς
1773 3956 1981 4044 μητρός

333 4043 712 4131 ἐμονάρχησεν
747 4051 838 4124 ἔτη
890 4055 954 4116 ς’.
1014 4050 1294 4127 Σεραπίων
1364 4047 1420 4104 δέ
1472 4068 1555 4109 τις
1611 4043 1984 4120 μαθηματικὰς

329 4145 516 4223 ἔλεγεν
551 4145 625 4207 ὡς
656 4144 960 4215 τεθνήξεται
996 4144 1097 4198 οὐκ
1137 4141 1212 4204 εἰς
1273 4139 1480 4214 μακρὰν
1531 4141 1853 4197 Ἀντωνῖνος
1895 4133 1984 4190 καὶ

334 4241 611 4309 Μακρῖνος
668 4233 828 4289 αὐτὸν
905 4229 1226 4301 διαδέξεται,
1304 4229 1396 4285 καὶ
1435 4224 1646 4298 -ἶδειξεν
1704 4223 1863 4280 αὐτὸν
1911 4227 1990 4295 τῷ

337 4323 594 4397 δακτύλῳ
623 4327 944 4398 παρεστῶτα
994 4327 1076 4393 [Ρ.
1137 4322 1264 4393 256]
1328 4319 1464 4392 μετὰ
1504 4323 1604 4386 τῆς
1659 4312 1988 4390 συγκλήτου.

332 4417 398 4472 Ὀ
431 4413 489 4468 δὲ
521 4413 625 4468 ύπὸ
664 4414 838 4486 θυμοῦ
873 4409 1086 4486 μᾶλλον
1120 4407 1178 4464 δὲ
1221 4408 1324 4463 ὑπὸ
1379 4409 1476 4476 τῆς
1525 4406 1726 4480 τύχης,
1774 4403 1835 4458 οὐ
1868 4423 1990 4457 συν-

335 4512 438 4574 ῆκε
468 4504 532 4558 τὸ
563 4503 856 4576 πρόσωπον
889 4498 1186 4573 Μακρίνου,
1223 4494 1349 4551 ἀλλ’
1379 4494 1563 4570 ἓτερον
1612 4493 1702 4548 τὸν
1752 4491 2008 4562 πλησίον

2075 557 2387 612 nuntiavit.
2428 559 2730 613 Peccatori
2763 564 2960 614 autem
2997 559 3139 614 dicit
3164 561 3447 615 Dominus
3472 579 3484 616 :
3514 562 3630 616 Cur
3655 567 3718 617 tu

2070 664 2312 702 enarras
2343 649 2658 720 meajura,
2693 655 2749 704 et
2778 667 2978 705 meum
3030 656 3449 708 testamentum
3504 652 3565 706 in
3615 669 3716 708 ore

2071 738 2250 792 habes
2282 737 2329 772 σθ
2358 738 2384 792 ?
2413 739 2738 810 Statimque
2772 740 2968 794 clauso
3002 741 3151 796 libro
3183 739 3453 795 consedit
3483 741 3716 811 ejulans

2070 833 2246 898 atque
2279 829 2634 900 lacrymans,
2689 830 2963 885 omnibus
3012 831 3110 900 qui
3160 831 3410 886 aderant
3457 831 3716 886 hominis

2070 917 2453 973 miseratione
2485 935 2604 973 una
2634 919 2933 974 ﬂentibus.
2969 920 3115 974 Sunt
3141 924 3199 975 et
3229 920 3415 974 multa
3446 919 3564 976 alia
3584 937 3714 992 quas

2071 1007 2140 1062 de
2175 1023 2240 1061 eo
2265 1007 2544 1062 dicuntur
2573 1013 2748 1078 atque
2777 1014 3112 1072 cantantur,
3140 1009 3213 1063 da
3236 1009 3568 1064 eruditione
3587 1010 3716 1080 ejus

2072 1102 2129 1152 et
2159 1097 2448 1152 librorum
2481 1099 2948 1170 compositione;
2983 1115 3017 1154 a
3049 1115 3300 1170 quorum
3333 1099 3717 1154 multitudine

2071 1189 2453 1258 syntacticus,
2485 1189 2650 1258 quasi
2685 1189 3064 1259 compositor,
3091 1189 3282 1243 dictus
3305 1190 3430 1243 fuit.
3458 1192 3719 1261 Apparet

2072 1292 2208 1332 eum
2240 1294 2361 1332 non
2388 1277 2658 1348 paruisse
2691 1277 3022 1334 Solomonis
3055 1277 3230 1346 dicto,
3267 1278 3348 1333 ita
3367 1279 3720 1350 praecipien-

2071 1367 2167 1435 tis,
2203 1365 2328 1421 Fili.
2363 1382 2498 1422 cave
2532 1383 2604 1422 ne
2636 1367 2856 1422 multos
2905 1367 3086 1423 libros
3135 1367 3338 1423 facias.
3388 1369 3586 1438 Neque
3632 1367 3720 1424 fe-

2069 1455 2224 1510 stina
2256 1454 2436 1526 loqui,
2471 1472 2664 1527 neque
2704 1463 2984 1528 properet
3033 1457 3271 1512 animus
3323 1462 3458 1512 tuus
3517 1473 3716 1513 coram

2067 1545 2184 1598 Deo
2216 1545 2392 1600 verba
2423 1545 2631 1600 facere.
2679 1548 2824 1601 Nam
2875 1546 3028 1602 Deus
3073 1547 3132 1600 in
3183 1546 3327 1601 caalo
3375 1563 3554 1618 supra
3602 1552 3715 1615 est,

2067 1639 2246 1704 tuque
2275 1634 2427 1689 infra
2449 1635 2703 1692 interra.
2725 1637 2929 1706 Itaque
2953 1652 3260 1691 sermones
3283 1637 3366 1691 tui
3391 1636 3714 1709 sintpauci:

2065 1741 2272 1780 eorum
2317 1726 2474 1780 enim
2533 1727 2917 1782 multitudine
2968 1733 3218 1795 augetur
3262 1727 3509 1783 vanitas.
3557 1726 3712 1784 448

2067 1815 2264 1885 Neque
2297 1815 2376 1870 sis
2407 1816 2660 1871 nimium
2682 1817 2882 1887 justus
2909 1833 2921 1870 :
2955 1817 3276 1888 aliquando
3301 1817 3458 1874 enim
3485 1815 3713 1889 justum

2068 1919 2175 1958 sua
2196 1903 2657 1975 perditjustitia.
2686 1905 2886 1976 Neque
2913 1905 3164 1960 nimium
3189 1921 3352 1976 sape,
3376 1922 3451 1960 ne
3476 1905 3714 1976 quando

2065 1993 2138 2047 ad
2171 1993 2534 2063 impietatem
2566 1992 2896 2064 prolabaris
2923 1997 2990 2050 "1.
3027 1995 3336 2050 Enimvero
3369 1994 3474 2050 has
3499 1993 3596 2048 ille
3619 2009 3712 2049 sa-

2065 2099 2195 2138 cras
2210 2082 2646 2139 admonitiones
2664 2090 3234 2156 aspernatus,neque
3251 2085 3432 2140 divini
3447 2083 3612 2140 Pauli
3627 2098 3715 2140 sa-

2065 2173 2349 2242 pientiam
2382 2173 2442 2226 in
2475 2173 2786 2228 scribendo
2813 2180 3049 2230 secutus
3083 2180 3186 2229 est.
3225 2174 3444 2230 Paulus
3463 2174 3623 2230 enim
3649 2174 3710 2229 in

2065 2266 2230 2315 tanto
2263 2261 2455 2314 omnis
2485 2262 2721 2329 generis
2752 2278 3091 2317 sermonum
3125 2269 3409 2332 apparatu
3431 2260 3702 2316 brevissi-

2067 2366 2194 2404 mas
2212 2350 2487 2420 epistolas
2509 2351 2758 2420 scriptas
2781 2352 3038 2422 reliquit,
3067 2369 3199 2406 cum
3218 2351 3456 2421 quidem
3471 2352 3707 2406 inﬁnita

2069 2447 2126 2494 et
2157 2454 2373 2493 arcana
2405 2444 2604 2509 posset
2632 2439 2846 2492 litteris
2881 2440 3131 2506 tradere,
3164 2445 3231 2494 ut
3279 2441 3381 2510 qui
3411 2457 3599 2508 usque
3631 2439 3705 2493 ad

2073 2529 2226 2582 tertii
2261 2527 2390 2582 caeli
2419 2527 2757 2598 spectacula
2787 2527 2977 2582 elatus
3010 2528 3188 2599 inque
3216 2529 3410 2599 ipsum
3443 2527 3710 2584 divinum

2071 2617 2405 2689 paradisum
2427 2616 2727 2687 abreptus,
2747 2616 2944 2687 ibique
2965 2616 3291 2672 ineffabilia
3313 2616 3490 2671 verba
3510 2615 3715 2671 audire

2073 2707 2346 2779 dignatus
2379 2712 2552 2762 esset.
2586 2706 2736 2770 Quin
2770 2711 2828 2760 et
2855 2706 3071 2777 reliqui
3131 2705 3346 2762 Christi
3395 2705 3717 2773 auditores,

2075 2796 2384 2851 duodecim
2414 2812 2661 2851 numero
2680 2795 2930 2866 apostoli
2954 2801 3012 2850 et
3029 2796 3403 2867 septuaginta
3423 2793 3740 2874 discipuli,

2074 2902 2140 2941 ac
2178 2892 2392 2957 praeter
2421 2885 2528 2940 hos
2559 2885 2857 2942 innumeri
2891 2885 3012 2955 alii,
3043 2897 3384 2956 quanquam
3417 2899 3538 2939 non
3565 2882 3725 2938 indi-

2076 2977 2217 3030 serti
2249 2982 2470 3041 essent,
2505 2982 2702 3032 tamen
2734 2992 2802 3032 ex
2833 2981 2996 3032 tanta
3027 2975 3199 3031 turba
3230 2976 3534 3030 Matthrous
3589 2979 3722 3031 tan-

2077 3071 2202 3120 tum
2231 3071 2286 3120 et
2324 3067 2578 3122 Joannes
2611 3066 3071 3121 commentarios
3103 3064 3173 3120 de
3204 3066 3321 3120 vita
3342 3071 3398 3119 et
3429 3064 3601 3120 dictis
3633 3069 3721 3119 δι-

2083 3170 2196 3225 que
2255 3154 2423 3210 factis
2481 3155 2694 3210 Christi
2761 3155 3144 3226 scripserunt,
3228 3153 3602 3222 necessitate,
3657 3157 3726 3207 ut

2085 3244 2288 3310 fertur,
2323 3244 2396 3298 ad
2427 3243 2808 3299 scribendum
2839 3242 3148 3315 compulsi,
3184 3243 3357 3298 sicuti
3415 3248 3472 3297 et
3518 3247 3725 3313 postea

2083 3333 2363 3405 temporis
2397 3335 2624 3388 Marcus
2655 3337 2831 3403 atque
2887 3331 3085 3387 Lucas.
3140 3330 3274 3386 ldeo
3323 3346 3571 3403 magnus
3621 3330 3724 3386 ille

2083 3421 2368 3475 Maximus
2399 3420 2484 3475 sic
2515 3421 2597 3475 ait
2626 3437 2638 3474 :
2673 3421 2780 3485 Qui
2814 3420 3004 3476 libros
3035 3420 3260 3488 scribit,
3292 3420 3436 3475 facit
3464 3420 3576 3474 hoc
3627 3423 3732 3475 aut

2084 3509 2194 3564 sibi
2227 3509 2720 3565 commentarium
2752 3509 2999 3580 parandi
3057 3525 3255 3576 causa,
3323 3514 3426 3565 aut
3453 3507 3731 3564 utilitatis

2085 3599 2340 3655 aliorum
2369 3600 2576 3671 gratia,
2617 3606 2719 3655 aut
2743 3601 3052 3670 utriusque
3086 3616 3244 3673 ergo,
3278 3606 3380 3656 aut
3409 3601 3481 3656 ad
3510 3617 3733 3657 nocen-

2087 3689 2228 3744 dum
2259 3689 2413 3755 aliis,
2446 3694 2547 3743 aut
2579 3689 2916 3744 ostentandi
2948 3689 3165 3757 studio,
3199 3696 3300 3744 aut
3329 3695 3588 3745 coactus.

2107 3769 2128 3782 ⁸
2159 3780 2299 3833 Post
2328 3779 2603 3833 Severum
2639 3777 2744 3832 ﬁlii
2776 3778 2905 3850 ejus
2934 3778 3271 3833 Antoninus
3299 3783 3357 3833 et
3383 3780 3525 3834 Geta
3544 3778 3736 3848 impe-

2091 3873 2367 3923 raverunt
2404 3883 2641 3922 menses
2667 3870 2719 3922 2.
2754 3867 2998 3922 Severus
3030 3866 3266 3936 deinde,
3301 3883 3434 3922 cum
3488 3867 3734 3922 fratrem

2091 3958 2152 4012 in
2185 3957 2318 4012 sinu
2348 3955 2554 4012 matris
2575 3960 2866 4024 necasset,
2899 3954 3058 4010 solus
3084 3955 3400 4026 imperium
3417 3954 3600 4028 gessit
3629 3969 3734 4009 an-

2096 4064 2205 4102 nos
2235 4049 2287 4102 6.
2319 4045 2568 4112 Quidam
2602 4061 2737 4100 vero
2771 4044 3244 4111 mathematicus,
3291 4045 3576 4116 Serapion
3623 4059 3735 4099 no-

2096 4137 2278 4204 mine,
2306 4135 2578 4207 praadixit
2607 4135 2977 4190 Antoninum
3009 4151 3127 4188 non
3159 4133 3346 4188 multo
3367 4139 3500 4205 post
3520 4132 3741 4205 peritu-

2095 4243 2250 4295 rum,
2298 4225 2467 4296 eique
2517 4226 2838 4280 Macrinum
2889 4239 3303 4279 successurum
3357 4223 3507 4278 449
3560 4238 3738 4294 quem

2099 4315 2275 4370 etiam
2297 4331 2430 4369 cum
2459 4313 2832 4368 senatoribus
2854 4317 3144 4368 astantem
3171 4312 3351 4384 digito
3375 4312 3746 4368 demonstra-

2099 4405 2197 4459 vit.
2235 4404 2343 4458 Sed
2384 4403 2721 4458 Antoninus
2778 4419 2898 4474 prm
2946 4401 3053 4469 ira,
3101 4407 3202 4456 aut
3248 4401 3446 4472 potius
3493 4401 3744 4456 fortuna)

2100 4499 2271 4560 nutu,
2295 4493 2616 4548 Macrinum
2639 4509 2759 4546 non
2785 4491 3386 4563 cognovit,aliumque
3418 4491 3530 4563 ipsi
3551 4496 3746 4546 astan-

339 4575 618 4648 ἐκὲλευσεν
676 4589 1103 4658 ἀποκτανθῆναι.
1136 4588 1196 4643 Ὀ
1247 4583 1305 4640 δὲ
1363 4586 1639 4656 Μακρῖνος
1693 4578 1971 4636 ἐσπούδασε

2103 4590 2218 4638 tem
2250 4599 2356 4654 pro
2385 4599 2453 4637 eo
2479 4582 2662 4654 jussit
2691 4581 2913 4636 necari.
2975 4581 3270 4636 Macrinus
3319 4597 3454 4636 vero
3507 4595 3750 4652 operam

341 4681 433 4734 τὸν
497 4683 822 4734 Ἀντωνῖνον
874 4669 1329 4752 προκαταλαϐεῖν·
1391 4672 1448 4727 ὅν
1507 4671 1612 4726 ἀπὸ
1669 4675 1765 4725 τοῦ
1820 4670 1992 4723 ’ἰππου

338 4767 672 4824 κατελθόντα
702 4767 752 4822 ἐν
798 4766 1044 4842 κυνηγίῳ
1103 4765 1176 4827 εἰς
1235 4761 1535 4829 ἀπόπατον,
1593 4759 1988 4833 ἑκατόνταρχον

341 4856 666 4918 ἀποστείλας
724 4860 922 4911 τοῦτον
972 4860 1052 4927 τῷ
1110 4853 1245 4932 ξίφει
1331 4849 1566 4919 ἀνεῖλεν,
1620 4847 1787 4903 εῗπὼν
1855 4849 1991 4924 πρὸς

343 4946 645 5007 αὐτόν’Ὡς
675 4946 736 5000 σὺ
794 4945 884 4999 τὸν
945 4941 1178 5020 ἀδελφὸν
1234 4939 1560 5017 ἀπέσφαξας,
1611 4937 1782 4999 οὕτως
1837 4935 1991 5011 κάγὼ

346 5037 422 5090 σέ.
461 5036 580 5092 Ἐπὶ
650 5034 846 5090 τούτου
909 5037 1127 5109 πρῶτος
1182 5030 1473 5093 ἐπίσκοπος
1519 5027 1745 5098 κατέστη
1800 5033 1992 5096 Βυζαν-

345 5127 467 5181 τίου
501 5123 878 5203 Φιλάδελφος,
932 5123 1024 5195 ἔτη
1084 5122 1224 5198 τρία”
1286 5122 1476 5198 πρώην
1536 5119 1640 5196 γὰρ
1697 5117 1992 5194 προίστατο

348 5222 451 5284 τῆς
483 5215 816 5286 »Εκκλησίας
850 5207 944 5284 ἔτη
974 5219 1023 5284 η’
1055 5207 1413 5286 πρεσϐύτερός
1443 5231 1548 5272 τιςο

423 5307 570 5362 Μετά
609 5307 928 5363 Ἀντωνῖνον
988 5298 1301 5358 ἐϐασίλευσε
1359 5303 1654 5374 Μακρῖνος,
1705 5299 1764 5360 ὅς
1821 5299 1887 5367 ἦν
1933 5301 1997 5352 τὸ

418 5649 465 5686 ⁶⁰
492 5649 650 5708 Psal-
681 5664 830 5718 χιιι,
865 5649 953 5704 16.
1028 5647 1072 5684 ⁶¹
1101 5645 1292 5704 Ecole.
1325 5660 1358 5700 ν
1386 5648 1445 5699 et
1481 5659 1530 5698 v:
1555 5645 1780 5714 passim.

633 5769 895 5832 ΡΑτιιοι.
945 5765 1066 5830 GR.
1111 5763 1315 5828 CXXI.

2105 4672 2268 4727 dedit
2298 4677 2361 4725 ut
2393 4671 2675 4725 Antonini
2709 4674 2988 4725 conatum
3021 4674 3416 4724 anteverteret
3443 4687 3456 4736 ;
3501 4674 3558 4723 et
3589 4684 3749 4735 eum,

2111 4778 2243 4818 cum
2277 4761 2336 4815 in
2357 4761 2667 4815 venatione
2689 4760 2908 4815 ventris
2930 4758 3292 4814 exonerandi
3319 4757 3574 4814 causade
3599 4772 3749 4827 equo

2101 4850 2508 4914 descenderet,
2544 4849 2809 4904 immisso
2843 4849 3192 4904 centurione
3216 4847 3458 4902 occidit.
3487 4846 3747 4900 dicente:

2103 4939 2282 4995 Sicuti
2316 4944 2378 4993 tu
2403 4937 2669 5004 fratrem,
2705 4938 2786 4992 ita
2817 4954 2920 5010 ego
2954 4942 3010 4992 te
3041 4953 3209 4991 neco.
3243 4937 3322 4989 Eo
3347 4940 3611 5005 tempore
3636 4933 3754 5004 pri-

2103 5045 2234 5086 mus
2267 5027 2525 5099 Byzantii
2574 5027 2889 5098 episc0pus
2939 5026 3293 5082 constitutus
3335 5029 3424 5079 est
3459 5021 3754 5078 Philadel-

2102 5119 2278 5190 phus,
2312 5123 2369 5173 et
2398 5133 2588 5172 annos
2619 5118 2647 5170 3
2681 5115 2951 5187 praefuit:
2994 5120 3131 5169 ante
3191 5115 3351 5169 enim
3399 5131 3506 5186 per
3549 5117 3752 5168 octen-

2105 5208 2272 5262 nium
2304 5206 2576 5262 Ecclesiae
2611 5205 2843 5277 prwfuit
2866 5203 3108 5274 quidam
3143 5202 3474 5274 presbyter.

2179 5297 2478 5351 Antonino
2536 5294 2821 5350 successit
2872 5292 3188 5362 Macrinus,
3257 5292 3450 5364 patria
3525 5293 3760 5349 Maurus

3440 5757 3520 5818 16
