4194 6198
477 340 591 402 491

1831 325 2153 389 GEORGII
2197 326 2545 393 CEDRENI

3761 329 3876 390 492

468 474 805 551 Cappadox,
837 475 896 530 et
950 467 1264 543 imperavit
1315 481 1505 522 annos
1562 465 1614 521 8.
1673 463 1925 531 Quidam
1980 478 2111 519 vero

2229 460 2387 537 γένος
2416 463 2638 551 Μαῦρος
2670 461 3036 551 Καππαὸᾆκης
3067 464 3205 538 (69),
3239 461 3333 533 ἔτη
3360 461 3435 551 '4‘.
3456 461 3794 551 Εὖτυχιανος
3819 457 3880 516 δέ

468 565 872 640 Eutychianus
928 561 1165 617 Avitum
1222 562 1507 629 tanquam
1580 553 1868 611 Antonini
1926 552 2117 610 ﬁlium

470 654 870 714 adulterinum
901 648 1173 722 arripuit,
1207 662 1467 718 eumque
1486 643 1822 701 diademate
1846 648 2119 699 ornatum

468 746 893 818 imperatorem
920 738 1267 813 appellavit;
1293 752 1382 803 ac,
1405 733 1698 791 militibus
1712 734 1967 807 pecunia
1982 749 2120 789 con-

468 833 706 904 ciliatis,
733 846 993 905 pugnam
1023 845 1160 885 cum
1189 826 1447 883 Macrino
1477 823 1796 882 conseruit.
1825 823 2119 878 Macrinus

473 923 661 981 victus
689 921 752 978 in
784 920 922 993 fuga
949 935 1071 975 una
1099 933 1234 974 cum
1264 915 1387 972 filio
1418 914 1648 972 occisus
1678 918 1786 971 est.

548 1101 758 1157 Avitus
789 1099 908 1155 sive
930 1093 1450 1152 Pseudantoninus
1486 1091 1694 1164 (falsus
1739 1090 2116 1163 Antoninus),

476 1208 657 1264 quem
686 1189 787 1248 alii
819 1186 1122 1243 Aurelium
1152 1184 1518 1240 Antoninum
1537 1179 1983 1252 Heliogabalum
2012 1198 2117 1236 no-

475 1281 726 1344 minant,
760 1275 1025 1349 regnavit
1050 1290 1239 1331 annos
1268 1275 1321 1340 3,
1355 1288 1591 1328 menses
1621 1274 1676 1336 9,
1707 1269 1836 1326 dies
1893 1272 1945 1327 4.
1987 1269 2121 1325 Fuit

472 1367 523 1423 is
554 1365 961 1433 circumcisus,
994 1368 1053 1419 et
1079 1357 1323 1435 porcina
1354 1377 1532 1417 carne
1577 1377 1699 1416 non
1729 1358 2115 1427 vescebatur;

473 1455 863 1513 simulacrum
884 1451 1115 1509 colebat
1126 1451 1284 1524 quod
1298 1449 1636 1522 appellabat
1648 1446 2114 1521 Heliogabalum.

470 1544 633 1601 Adeo
663 1544 779 1600 fuit
807 1543 1185 1600 effeminatus
1215 1547 1273 1597 et
1292 1539 1638 1596 libidinibus
1659 1537 1936 1594 obscenis
1956 1535 2120 1592 dedi-

469 1640 586 1703 tus,
609 1639 676 1690 ut
695 1631 952 1689 Hierocli
975 1647 1213 1704 quoque
1243 1629 1457 1687 liberto
1487 1628 1777 1701 nupserit.
1810 1628 1881 1681 Et
1905 1625 1990 1681 ait
2017 1625 2117 1680 Dio

468 1722 802 1797 postulasse
834 1721 1067 1781 Avitum
1097 1736 1134 1776 a
1164 1718 1392 1776 medico
1421 1722 1486 1776 ut
1516 1734 1580 1775 se
1605 1721 1775 1773 utero
1797 1720 1958 1773 secto
1979 1713 2122 1770 utri-
2150 1716 2151 1719 ‘

472 1829 588 1886 que
619 1810 787 1869 sexui
812 1816 1019 1885 aptum
1049 1814 1176 1866 arte
1204 1809 1361 1867 450
1391 1808 1672 1865 efﬁceret.
1726 1806 1830 1862 Hic
1876 1809 2120 1877 propter

474 1902 879 1975 impuritatem
908 1916 977 1957 ac
1007 1899 1359 1973 ﬂagitiosam
1390 1897 1569 1953 vitam
1607 1894 1916 1969 jugulatus
1962 1891 2118 1949 male

477 1991 668 2049 malus
697 1991 892 2064 periit.
1058 1988 1065 1996 ’

547 2167 879 2226 Alexander
925 2168 1182 2223 Mamaea;
1225 2165 1385 2222 filius
1433 2164 1615 2221 fratre
1662 2163 1813 2220 Aviti
1859 2161 2114 2235 genitus,

475 2257 790 2332 imperavit
817 2272 1007 2313 annos
1036 2257 1123 2323 i3,
1152 2271 1394 2313 menses
1422 2256 1454 2309 8
1499 2255 1684 2310 Tanta
1699 2252 1808 2309 sub
1830 2268 1900 2308 eo
1917 2253 2118 2308 Roma

467 2346 584 2404 fuit
606 2348 793 2403 fames
811 2350 881 2402 ut
895 2345 1075 2402 etiam
1106 2344 1385 2400 humanis
1414 2347 1787 2399 vescerentur
1815 2341 2115 2398 carnibus.

467 2436 524 2492 Is
552 2451 689 2492 cum
723 2437 787 2492 in
817 2436 1029 2491 Persas
1062 2432 1438 2506 expeditione
1469 2431 1623 2489 facta
1650 2447 1865 2505 magno
1914 2429 2117 2503 praelia

467 2524 659 2581 victus
688 2528 866 2592 esset,
897 2527 1275 2596 contemptus
1305 2538 1343 2578 a
1370 2521 1492 2577 suis
1533 2525 1592 2577 et
1621 2537 1756 2577 cum
1796 2523 1984 2576 matre
2017 2536 2117 2576 oc-

470 2614 632 2671 cisus
663 2617 770 2670 est.
804 2613 938 2670 Fuit
967 2629 1038 2669 ea
1065 2611 1413 2668 Christianae
1442 2611 1765 2685 religionis,
1802 2614 1862 2666 et
1906 2610 2114 2683 Orige-

469 2720 610 2761 nem
640 2702 983 2758 Antiochea;
1014 2701 1326 2774 degentem
1356 2700 1431 2757 ad
1462 2717 1524 2756 se
1556 2700 1801 2769 vocavit,
1851 2705 1919 2755 ut
1947 2715 2015 2754 ex
2047 2714 2115 2754 eo

469 2791 818 2848 Christianas
880 2790 1016 2846 ﬁdei
1074 2788 1357 2862 mysteria
1412 2788 1687 2845 disceret.
1737 2790 1818 2844 Eo
1851 2792 2117 2860 tempore

468 2879 775 2936 Narcissus
805 2876 1347 2949 Hierosolymorum
1376 2876 1721 2949 episcopus,
1774 2892 1910 2932 cum
1961 2876 2119 2932 inter

469 2968 889 3042 baptizandum
944 2967 1143 3024 oleum
1187 2967 1485 3024 unctionis
1536 2983 1717 3024 sacrae
1779 2966 2113 3038 defecisset,

472 3075 689 3131 aquam
720 3057 933 3114 crateri
965 3056 1191 3130 imponi
1223 3055 1424 3129 jussit,
1460 3072 1708 3128 eamque
1739 3057 1924 3112 Deum
1976 3072 2115 3128 pre-

471 3148 659 3206 cando
680 3148 743 3204 in
773 3147 970 3205 oleum
1000 3145 1435 3204 transmutavit.

536 3326 853 3400 Imperavit
908 3323 1126 3381 deinde
1178 3323 1529 3380 Maximinus
1577 3339 1766 3379 annos
1795 3324 1848 3379 6.
1898 3324 2111 3380 Fnerat

472 3415 642 3472 initio
673 3421 894 3487 pastor,
925 3413 1064 3470 inde
1094 3413 1287 3476 miles,
1328 3417 1388 3467 et
1436 3418 1569 3484 post
1615 3412 1725 3468 sub
1772 3412 2110 3468 Alexandro

470 3504 745 3560 tribunus
772 3502 1052 3571 militum,
1082 3502 1157 3558 ob
1186 3500 1597 3558 fortitudinem
1636 3517 1706 3558 ac
1733 3502 2110 3574 prudentiam

472 3593 724 3666 imperio
747 3597 836 3649 est
856 3608 892 3648 a
907 3595 1113 3647 senatu
1132 3590 1468 3663 populoque
1486 3592 1751 3647 Romano
1772 3591 2107 3663 prmfectus.

472 3682 617 3738 Odio
648 3686 847 3738 autem
876 3680 1215 3748 Alexandri,
1247 3680 1348 3752 qui
1379 3679 1600 3735 multos
1629 3680 1995 3736 Christianos
2016 3696 2111 3736 se-

473 3789 608 3829 cum
638 3770 964 3828 honoriﬁce
995 3770 1305 3836 habuerat,
1353 3785 1590 3843 gravem
1637 3770 2109 3827 Christianorum

474 3861 841 3919 vexationem
872 3860 1149 3917 instituit.
1198 3858 1486 3931 Deditque
1536 3857 1743 3931 dignas
1790 3859 2112 3932 impietatis

471 3968 697 4026 pwnas,
726 3967 762 4008 a
790 3951 1039 4007 Maximo
1071 3953 1130 4006 et
1156 3948 1404 4005 Baldino
1435 3963 1541 4020 per
1566 3947 1834 4004 fraudem
1865 3948 2109 4005 interfe-

471 4047 621 4100 ctus.

534 4218 818 4276 Maximus
838 4215 1126 4273 Balbinus
1149 4221 1208 4272 et
1230 4213 1819 4288 GordianusZmenses
1834 4218 1898 4284 2;
1931 4220 1992 4271 et
2017 4215 2103 4272 in-

2221 569 2307 611 σιιιιι⁵
2335 546 2672 627 παραλαϐών
2699 553 2794 609 τὸν
2828 548 3048 612 ’Δϐἶτον
3080 554 3158 616 ὠς
3210 550 3538 610 Ἀντωνίνου
3585 550 3699 606 υἱὸν
3753 547 3877 607 ὄντα

2227 637 2478 718 μοίχειον
2536 640 2825 718 περιέθηκε
2882 640 3126 717 διάδημα
3208 643 3298 697 καί
3356 639 3729 715 αὐτοκράτορα
3784 639 3876 695 ἀν-

2225 727 2514 804 ηγόρευσε,
2542 733 2631 787 καὶ
2663 729 2791 798 δοὺς
2819 732 3046 809 χρυσίον
3078 738 3197 797 τοῖς
3251 731 3610 809 στρατιώταις
3656 731 3871 806 ἂντῆρε,

2223 817 2315 873 καὶ
2373 814 2632 878 συνέϐαλε
2683 822 2937 897 πόλεμον
2989 822 3124 897 μετᾶ
3180 820 3486 896 Μακρίνου.
3548 820 3645 877 Καὶ
3702 821 3876 891 ἡττη-

2225 906 2337 969 Osi:
2377 914 2653 987 Μακρῖνος
2692 906 2853 993 ἔφυγε
2908 910 3000 967 καὶ
3056 911 3345 990 ἀπεσφάγη
3409 909 3543 983 μετά
3593 912 3689 963 τοῦ
3748 907 3874 962 υἳοῦ

2226 996 2415 1055 αὐτοῦ.

2299 1085 2514 1154 Ἀϐῖτος
2548 1089 2673 1161 ἤτοι
2704 1089 3149 1153 Ψευδαντωνῖνος
3181 1090 3255 1164 (οἱ
3302 1085 3360 1143 δὲ
3417 1086 3695 1162 Δύρήλιον
3744 1088 3873 1143 Ἀνο

2221 1184 2447 1235 τωνῖνον
2495 1176 2896 1257 Ἥλιογάϐαλον
2948 1185 3141 1237 τοῦτον
3199 1178 3476 1255 λέγουσιν)
3532 1171 3874 1231 ἐϐασίλευσεν

2219 1268 2316 1338 ’ἐτη
2351 1276 2399 1345 γ“
2457 1276 2635 1344 μῆνας
2690 1271 2733 1325 θ’
2786 1268 2996 1346 ἡμέρας
3057 1266 3120 1326 δ’.
3172 1269 3343 1329 Οὗτος
3400 1263 3876 1340 περιτετμημένος

2220 1357 2289 1427 ἦν
2319 1359 2415 1413 καὶ
2456 1357 2705 1435 χοιρείου
2764 1359 2827 1414 οὐ
2882 1353 3310 1432 μςτελάμϐανεν,
3362 1357 3487 1431 εἶχε
3533 1352 3592 1409 δὲ
3645 1353 3738 1409 καὶ
3795 1350 3880 1408 εἷ’-

2225 1443 2429 1520 δωλον,
2491 1450 2623 1525 ὅπερ
2677 1450 2956 1524 ὠνόμασεν
3010 1443 3445 1524 Ἠλιογάϐαλον.
3526 1441 3880 1516 Γυναικώδης

2224 1532 2281 1591 δὲ
2332 1534 2405 1593 ὧν
2464 1543 2727 1602 τοσοῦτος
2779 1542 2844 1609 ἦν
2901 1541 3037 1614 πρὸς
3095 1539 3156 1593 τὸ
3210 1544 3310 1606 τῆς
3365 1534 3647 1611 ἀσελγείας
3705 1535 3882 1597 πάθος

2226 1622 2591 1701 διακείμενος,
2625 1626 2762 1683 ὣστε
2792 1627 2882 1683 καὶ
2939 1629 3031 1683 τὸν
3084 1625 3359 1704 Ἱεροκλέα
3413 1622 3640 1698 ἔννομον
3708 1623 3880 1678 αὐτοῦ

2223 1710 2391 1793 ἃνδρα
2419 1723 2669 1786 ποιῆσαι.
2721 1718 2811 1778 Ὦς
2858 1714 2915 1772 δέ
2971 1738 3101 1796 φησι
3156 1716 3314 1787 Δίων,
3368 1716 3450 1771 ὅτι
3505 1709 3727 1776 Ἃϐῖτος
3784 1712 3882 1768 τὸν

2228 1804 2413 1881 ίατρὸν
2472 1801 2754 1877 ἠντιϐόλει
2804 1803 2969 1884 διφυῆ
3024 1805 3185 1861 αὐτὸν
3239 1801 3311 1859 δι’
3376 1804 3612 1877 ἐντομῆς
3661 1801 3881 1877 ἐμπρο-

2231 1893 2384 1959 σθίας
2432 1898 2501 1969 τῇ
2558 1894 2727 1971 τέχνῃ
2787 1902 3036 1965 ποιῆσαι.
3089 1894 3187 1956 Ὃς
3245 1890 3335 1948 διὰ
3389 1893 3485 1955 τὰς
3544 1890 3882 1968 ἀκαθαρσίας

2223 1981 2314 2037 καὶ
2373 1982 2595 2059 μιαρίας
2651 1984 2742 2039 καὶ
2797 1981 3090 2045 ἀκολασίας
3148 1980 3312 2037 αἱ)τοῦ
3391 1979 3622 2061 ἐσφάγη,
3688 1984 3878 2042 κακῶς

2224 2071 2286 2125 τὸ
2314 2073 2413 2142 ζῇν
2439 2069 2772 2146 ἀποῤῥήξας.

2294 2157 2644 2237 Ἀλέξανδρος
2687 2163 2717 2217 ὁ
2772 2161 3026 2235 Μαμαίας
3077 2161 3214 2231 υἱὸς,
3274 2158 3563 2238 ἐξάδελφος
3625 2154 3874 2229 Ἀϐίτου,

2222 2242 2568 2305 ἐϐασίλευσεν
2625 2248 2719 2322 ἔτη
2784 2252 2851 2326 ιγ’
2912 2257 3088 2326 μῆνας
3143 2257 3212 2321 η’.
3274 2249 3398 2306 Ἐπὶ
3464 2248 3629 2305 αὐτοῦ
3682 2248 3874 2324 γέγονε

2223 2335 2391 2412 λιμὸς
2419 2336 2472 2394 ἐν
2508 2340 2702 2414 Ῥώμῃ
2763 2337 2904 2396 ὥστε
2959 2339 3050 2396 καὶ
3105 2345 3277 2415 κρεῶν
3344 2339 3542 2403 αὐτοὺς
3593 2340 3871 2415 ἀνθρωπίο

2221 2447 2328 2484 νων
2388 2429 2643 2503 ἅψασθαι.
2701 2429 2877 2491 Οὗτος
2936 2427 3324 2505 ἐκστρατεύσας
3405 2429 3542 2484 κατᾶ
3650 2434 3877 2504 Περσῶν

2222 2518 2437 2588 ἡττήθη
2481 2516 2617 2573 κατὰ
2672 2516 2890 2593 κράτος,
2946 2516 3039 2573 καὶ
3090 2517 3521 2594 καταφρονηθεὶς
3583 2519 3877 2598 σφάττεται

2225 2609 2360 2682 μετᾶ
2386 2613 2488 2678 τῆς
2524 2609 2734 2684 μητρὸς
2785 2608 2971 2664 αὐτοῦ·
3026 2609 3150 2679 ἣτις
3216 2609 3308 2664 καὶ
3368 2610 3660 2685 Χριστιανη
3714 2608 3880 2685 ἐτύγο

2222 2717 2375 2774 χανε,
2407 2698 2497 2753 καὶ
2561 2698 2654 2752 τὸν
2690 2697 2971 2775 Ὠριγὲνην
3030 2696 3083 2753 έν
3143 2698 3462 2774 Ἀντιοχείᾳ
3516 2693 3879 2775 διατρίϐοντα

2227 2788 2608 2862 μετεπέμψατο
2639 2789 2775 2864 πρὸς
2819 2789 3036 2859 ἑαυτὴν,
3069 2785 3396 2867 διδαχθῆναι
3427 2788 3490 2843 τὸ
3544 2789 3681 2844 κατὰ
3733 2793 3878 2864 Χριο

2223 2873 2347 2931 στὸν
2409 2878 2706 2950 μυστήριον
2768 2876 3024 2941 θέλουσα.
3081 2878 3204 2955 Ἐφ’
3264 2875 3327 2932 οὗ
3384 2875 3685 2952 Νάρκισσος
3752 2878 3877 2934 ἐπί-

2223 2984 2426 3026 σκοπος
2466 2964 2888 3042 Ἱεροσολύμων,
2947 2966 2999 3023 έν
3052 2970 3130 3039 τῷ
3191 2967 3468 3042 βαπτίζειν
3528 2967 3716 3024 ἐλαίου
3772 2974 3874 3025 τοῦ

2220 3054 2528 3129 χρίσματος
2584 3054 2889 3129 λείψαντος,
2949 3053 3225 3112 ἐκέλευσεν
3284 3054 3431 3132 ὕδωρ
3489 3057 3540 3113 έν
3598 3059 3678 3131 τῷ
3733 3078 3873 3133 κρα-

2218 3148 2345 3217 τῆρι
2377 3142 2673 3218 βληθῆναι,
2704 3144 2793 3200 καὶ
2843 3144 3018 3208 οὕτως
3065 3146 3497 3222 προσευξάμενος
3554 3147 3629 3210 είς
3679 3145 3867 3204 ἔλαιον

2148 3222 2190 3289 C
2231 3227 2516 3305 μετέϐαλε.

2290 3323 2589 3395 Μαξιμῖνος
2621 3318 2963 3380 ἐϐασίλευσεν
2998 3318 3091 3395 ἔτη
3152 3325 3216 3389 ς’.
3279 3323 3454 3387 Οὗτος
3513 3328 3723 3399 ποιμὴν
3783 3324 3860 3384 ὥν

2218 3412 2503 3487 πρότερον,
2537 3413 2635 3476 εἶθ’
2677 3413 2851 3475 οὕτως
2909 3415 3249 3485 στρατιώτης
3299 3416 3545 3492 γεγονὼς
3593 3416 3680 3470 καὶ
3730 3417 3867 3489 μετὰ

2215 3503 2384 3556 ταῦτα
2416 3502 2713 3577 στρατηγὸς
2743 3501 3126 3577 Ἀλεξάνδρου,
3179 3500 3252 3558 δι’
3302 3502 3550 3576 ἀνδρείαν
3601 3507 3867 3580 σώματος

2218 3589 2307 3645 καῖ
2340 3588 2549 3644 σῦνεσιν
2576 3592 2665 3647 καὶ
2698 3592 2960 3670 φρόνησιν
2997 3592 3101 3648 ὑπὸ
3129 3597 3227 3648 τοῦ
3258 3591 3441 3667 δήμου
3471 3595 3562 3650 καὶ
3591 3602 3694 3666 τῆς
3733 3596 3870 3670 βου-

2220 3677 2324 3744 λῆς
2354 3678 2746 3755 προεχειρίσθη
2792 3678 3070 3755 βασελεῦς.
3129 3684 3226 3745 ’⁷ος
3279 3678 3396 3757 ἔχει
3454 3686 3534 3756 τῷ
3581 3685 3718 3758 πρὸς
3775 3685 3870 3742 'A-

2219 3765 2502 3846 λέξανδρον
2532 3767 2777 3832 πολλοὺς
2808 3772 3169 3846 Χριστιανοὺς
3221 3767 3422 3849 ἔχοντα
3475 3772 3565 3829 καὶ
3621 3779 3870 3848 τιμῶντα

2221 3855 2461 3934 διωγμὸν
2520 3858 2711 3935 ἤγειρε
2763 3860 2847 3933 [Ρ.
2912 3863 3039 3936 257]
3098 3861 3264 3937 μέγαν
3319 3862 3455 3917 κατὰ
3510 3864 3865 3938 Χριστιανῶν.

2218 3945 2472 4018 Ἐπάξιον
2533 3942 2590 4000 δὲ
2656 3953 2756 4016 τῆς
2814 3946 2981 4002 αὐτοῦ
3065 3947 3417 4027 ἀνοσιουργοῦ
3494 3952 3726 4025 γνώμης
3803 3953 3866 4010 τὸ

2217 4031 2376 4097 τέλος
2432 4032 2645 4111 εὕρατο,
2700 4035 2918 4112 σφαγεὶς
2973 4033 3180 4102 δολίως
3255 4039 3400 4115 παρᾶ
3456 4040 3711 4114 Μαξίμου
3768 4042 3863 4098 καὶ

2220 4118 2511 4181 Βαλϐίνου.

2292 4213 2540 4286 Μάξιμος
2570 4207 2838 4277 Βαλϐῖνος
2870 4218 2979 4290 (70)
3025 4216 3116 4273 καὶ
3169 4214 3462 4291 Γορδιανὸς
3513 4226 3692 4293 μῆνας
3741 4219 3862 4294 δύο,

1654 4313 2020 4371 XYLANDRI
2056 4314 2144 4370 ET
2181 4314 2397 4370 GOARI
2434 4314 2656 4369 ΝΟΤᾸΞ.

525 4430 640 4502 (69)
668 4428 835 4501 Apud
865 4429 1237 4502 Xiphilinum
1269 4445 1337 4485 ex
1367 4430 1759 4502 Dione,quem
1785 4435 1843 4485 et
1864 4435 2102 4502 secutus

455 4506 548 4557 est
573 4500 849 4573 zonam,
881 4500 1101 4573 legitur
1122 4501 1389 4556 Maurum
1418 4500 1613 4573 fuisse
1635 4518 1704 4557 ex
1742 4500 1942 4557 Sicilia
1972 4503 2099 4557 Cae-

457 4586 664 4638 sarea;
695 4571 855 4643 quod
887 4571 1029 4642 quid
1059 4572 1156 4638 sit,
1188 4588 1308 4628 non
1338 4572 1528 4628 video.
1562 4574 1730 4629 Certe
1776 4574 1823 4628 si
1865 4575 2101 4629 Maurus

456 4643 590 4717 fuit,
606 4659 816 4717 neque
847 4643 1159 4717 Cappadox
1198 4659 1331 4717 esse
1357 4645 1549 4717 potuit
1600 4660 1793 4717 neque
1844 4644 2097 4717 Siculus.

461 4717 545 4770 Ex
570 4714 1289 4771 Mauritania'Cmsariensi
1311 4714 1490 4771 fuisse
1514 4714 1820 4785 probabile
1845 4716 2099 4771 est.XvL.

535 4788 646 4856 (70)
676 4787 781 4852 Qui
824 4802 858 4858 a
886 4787 1201 4842 Maximino
1244 4787 1319 4842 ad
1358 4784 1695 4858 Philippum
1740 4802 1928 4858 usque
1977 4784 2100 4841 fue-

466 4862 610 4913 runt
636 4857 889 4929 imperio
920 4860 1182 4914 Romano
1215 4858 1405 4928 potiti,
1437 4857 1755 4913 alipedum
1774 4857 2023 4913 obscure
2046 4862 2104 4913 et

467 4930 710 4985 confuse
726 4928 837 4984 hic
867 4936 1255 4985 recensentur
1306 4928 1449 4984 Cum
1481 4934 1678 4984 autem
1712 4929 1773 4982 in
1827 4929 2103 4984 manibus

472 5001 593 5072 sint
623 5000 1009 5065 Herodianus,
1042 5000 1410 5072 Capitolinus
1463 5002 1736 5072 Zonaras.
1770 4998 1895 5068 alii,
1944 5001 2102 5072 malo

469 5070 751 5128 lectorem
784 5072 856 5127 ad
888 5088 990 5127 eos
1019 5070 1319 5127 remittere
1350 5087 1527 5140 quam
1570 5071 1684 5124 huc
1710 5071 2104 5127 transcribere

464 5142 599 5200 ista.
634 5145 744 5198 Pro
778 5142 1059 5209 Pupliano
1090 5146 1168 5209 (p.
1203 5145 1301 5197 451
1336 5159 1386 5195 v.
1420 5145 1472 5209 5)
1503 5157 1573 5196 ex
1604 5141 1850 5196 historia
1872 5142 2102 5198 restitui

462 5214 816 5286 Pupienum.
853 5212 963 5271 Sed
994 5212 1133 5285 quid
1168 5213 1280 5268 sibi
1303 5213 1413 5268 iste
1432 5213 1755 5286 Junior(ib.
1791 5230 1842 5286 ν,
1866 5215 2101 5286 2)_velit,

461 5284 582 5340 non
613 5286 887 5357 conjicio.
917 5284 1327 5341 Protectorum
1386 5284 1742 5357 quidem,gul
1776 5284 2101 5357 dignitatis,

457 5356 682 5411 mentio
712 5355 868 5428 apud
892 5357 1267 5412 Ammiauum
1294 5360 1383 5411 est
1404 5355 1960 5428 creberrimaJnter
1974 5374 2107 5428 pro-

456 5429 711 5498 tectores
756 5427 1123 5498 domesticos
1180 5444 1242 5483 se
1301 5443 1536 5498 quoque
1592 5427 1700 5482 sub
1758 5427 2101 5485 Constantio

452 5496 638 5571 [uisse
668 5497 893 5571 indicat
922 5497 1091 5571 l._xv_,_
1119 5504 1179 5553 et
1207 5516 1274 5571 ex
1307 5496 1577 5571 ejusdem
1608 5499 1645 5553 l.
1698 5515 1812 5553 xxx
1857 5506 2108 5571 apparet

451 5565 635 5642 fuisse
648 5568 898 5642 gradum
910 5568 986 5624 ad
1001 5565 1379 5642 tribunitiain
1393 5570 1743 5642 dignitatem
1764 5565 2105 5642 proximum

451 5584 635 5623 luisse
637 5584 898 5690 1gradum
910 5584 986 5624 ad
1001 5584 1369 5625 u-inunitiam
1393 5584 1743 5642 dignitatem
1764 5586 2105 5640 proxnmum

449 5637 606 5710 apud
684 5643 910 5712 ostrum
940 5636 1309 5712 προτίκτώρες
1348 5640 1648 5696 dicuntur.
1694 5641 1748 5695 Is
1790 5641 2108 5698 Iovianum

447 5708 684 5781 quoque
707 5708 815 5766 sub
836 5708 1178 5767 Constantio
1197 5708 1381 5768 fuisse
1394 5716 1792 5782 protectorem
1813 5712 2058 5786 ait.Apu
2071 5713 2107 5770 d

2134 4434 2178 4498 ι)
2209 4428 2617 4507 Marcellinum
2641 4430 2917 4487 eumdem
2951 4433 3291 4507 scholarum
3315 4451 3548 4506 quoque
3566 4435 3866 4507 palatino-

2210 4517 2343 4579 rum
2376 4501 2599 4556 mentio
2630 4518 2752 4579 non
2781 4519 2935 4579 rara.
2971 4506 3241 4577 Satisque
3268 4501 3496 4578 liquere
3525 4501 3666 4579 puto
3690 4509 3867 4565 scho-

2212 4572 2404 4654 larnm
2435 4573 3042 4654 nomen‘legionibus,
3074 4572 3206 4648 quae
3238 4572 3544 4651 perpetuo-
3560 4580 3862 4654 stipendio

2213 4643 2546 4723 alebantur,
2578 4643 2866 4723 tributum
2892 4643 3071 4723 fuisse
3092 4643 3116 4723 ';_
3145 4643 3408 4723 quarum,
3428 4643 3741 4723 praefectus
3763 4651 3861 4708 do.

2212 4715 2440 4770 mestici
2484 4715 2905 4789 appellatione,
2940 4715 3262 4775 identidem
3320 4715 3533 4776 deinde
3580 4722 3858 4789 afﬁcitur,

2212 4789 2843 4865 nonnunq‘uametiam
2867 4788 3225 4865 ἐξηγούμενος
3242 4795 3349 4845 τῶν
3369 4790 3593 4865 σχολῶν
3620 4788 3860 4854 dicitur.

2211 4859 2347 4939 xvn.
2385 4888 2447 4897 —
2481 4857 2815 4939 Qandidatos
2846 4857 3054 4933 agmen
3072 4857 3342 4939 militare
3381 4857 3651 4939 recenset
3707 4868 3860 4921 Mar-

2212 4929 2462 5006 cellinus
2494 4929 2673 5006 l._xx_v
2700 4937 2770 5006 et
2793 4929 2946 5006 xxiii.
2981 4942 3062 4988 Ac
3087 4935 3325 4990 eosdem
3359 4937 3487 5006 pari
3540 4936 3663 4991 fere
3718 4954 3857 4993 casu

2211 5000 2445 5078 Julia_no
2469 5005 2528 5055 et
2550 5001 2773 5057 Valenti
2792 5004 3046 5060 violenta
3066 5014 3254 5061 morte
3286 5000 3567 5078 perituris
3598 5008 3858 5064 militan-

2212 5078 2323 5128 tes.
2347 5073 2683 5147 Progeclores
2709 5090 2945 5145 quoque
2984 5073 3461 5134 memorat—idem
3495 5079 3533 5135 l.
3567 5096 3717 5147 xxxv,
3750 5097 3858 5137 nec

2215 5160 2334 5197 non
2366 5150 2424 5224 et
2447 5143 2953 5224 scholares;_qnos
2973 5165 3179 5224 omnes
3207 5150 3582 5224 imperatoris
3612 5143 3861 5222 stipato-

2216 5231 2310 5269 res
2333 5220 2395 5296 ει
2411 5214 2699 5296 satellites
2717 5214 2899 5273 fuisse
2922 5220 3180 5296 ostendit
3203 5214 3379 5296 quam
3404 5221 3637 5296 erudite
3658 5214 3862 5296 Henri-

2217 5302 2326 5367 cus
2353 5285 2617 5367 Valesius
2642 5286 2703 5340 in
2734 5285 3244 5367 annotationibus:
3276 5292 3525 5367 Eosdem
3557 5292 3861 5366 plerisque

2216 5356 2363 5411 locis
2400 5355 2996 5436 altaﬂagoxavaiaimoq
3054 5371 3221 5419 vocat
3270 5364 3370 5436 jus
3419 5355 3865 5422 Graeco-Roma-

2219 5443 2385 5483 num.
2418 5427 2590 5481 ϐολῇ.

2277 5501 2545 5580 ⁸Μεινςιιῐῐι
2576 5505 2797 5580 autem,
2832 5505 2944 5580 qui,
2965 5512 3097 5580 post
3126 5506 3487 5580 Gordianuin
3514 5506 3709 5580 lectus
3730 5507 3858 5575 fuit,

2217 5575 2540 5649 triennium
2572 5575 2897 5649 imperasse
2929 5575 3025 5647 (ib.
3070 5596 3122 5636 ν.
3180 5579 3266 5649 16)
3314 5578 3702 5634 falsissimum
3751 5586 3858 5647 est,

2217 5657 2353 5725 sum
2380 5639 2470 5724 νει
2494 5656 2565 5695 εκ
2593 5639 2817 5725 Ζρῖιεξνδ
2846 5639 3078 5725 omisi“
3105 5639 3259 5725 sua!
3296 5649 3561 5725 nonde
3613 5639 3855 5725 asserui

2217 5718 2467 5785 imperio
2497 5718 2851 5774 exstinctum
2885 5719 3085 5777 fuisse.
3113 5721 3177 5778 Ei
3212 5721 3457 5779 Severus
3488 5718 3854 5784 Hostilianus
