4186 6198
263 326 400 416 193

280 490 373 547 καὶ
441 487 727 567 ἀπεσφάγη
822 485 925 540 ὑπὸ
1011 488 1331 560 στρατωτῶν

286 565 634 653 προεγεγὸνει
684 578 886 648 Καῖσαρ
945 574 1089 648 παρᾶ
1167 570 1488 646 Μαξιμίνου.
1540 568 1823 629 Φίλιππος
1886 565 1943 621 δὲ

268 669 315 723 ’ὁ
344 665 588 742 ἔπαρχος
624 666 713 720 τὸν
754 668 900 717 σῖτον
964 660 1389 737 διακομισθῆναι
1452 663 1532 733 τῷ
1562 662 1774 734 στρατῶ
1804 654 1943 711 ἐκώ-

291 756 471 829 λυσεν,
555 753 736 817 Οὗτος
825 751 882 808 δέ
961 754 1028 823 ἧν
1083 753 1264 827 πατὴρ
1312 758 1410 821 τῆς
1465 749 1615 824 ἁγίας
1674 748 1943 822 μάρτυρος

296 844 597 921 Εὐγενείας.
653 844 775 900 Ἐπὶ
855 841 1050 897 τούτου
1106 844 1172 911 ἦν
1233 842 1261 895 ὁ
1320 840 1472 916 ἅγιος
1530 831 1781 898 Βαϐύλας
1825 833 1941 890 ἐπί·

297 960 501 999 σκοπος
558 933 896 1010 ’Λντοχείας,
952 933 1043 989 καὶ
1099 932 1149 987 οἱ
1226 932 1370 1006 ἅγιοι
1458 927 1779 1003 Λαυρέντιος
1854 925 1944 980 καὶ

294 1026 604 1098 Κυπριανὸς
653 1023 1055 1099 ἐμαρτύρησαν,
1106 1021 1195 1076 καὶ
1246 1018 1494 1097 Εὐγένιος
1552 1018 1767 1093 γέγονεν
1827 1013 1944 1070 ἐπί-

260 1170 265 1179 ,
303 1137 506 1179 σκοπος
540 1112 843 1184 Βυζαντίου
872 1106 963 1183 ἔτη
999 1112 1091 1166 κε“.

368 1295 514 1350 Μετὰ
566 1287 837 1350 Βαλϐῖνον
895 1285 1209 1345 ἐϐασίλευσε
1268 1285 1613 1348 Πουπλιανὸς
1674 1291 1845 1358 μῆνας
1879 1284 1948 1358 β’,

291 1383 382 1437 καὶ
411 1381 618 1457 ἐσφάγη
653 1379 704 1434 ἐν
739 1377 990 1451 πολέμῳ.

370 1471 518 1529 Μετᾶ
549 1467 606 1525 δὲ
634 1473 823 1525 τοῦτον
858 1463 1198 1523 ἐϐασίλευσεν
1243 1465 1486 1540 ’Ῑουνίωρ
1551 1470 1724 1538 μῆνας
1783 1466 1949 1545 τρεῖς,

292 1565 357 1624 ’ὸς
419 1564 632 1637 πρῶτος
705 1558 926 1629 ἐποίησε
982 1553 1334 1617 κανδιδάτους
1392 1556 1483 1611 καὶ
1536 1552 1949 1630 πρωτίκτωρας,

295 1649 391 1706 καὶ
422 1650 485 1704 τὸ
515 1649 695 1726 τάγμα
719 1651 827 1703 τῶν
866 1645 1181 1726 σχολαρίων
1243 1646 1672 1718 συστησάμενος,
1703 1639 1951 1697 ἐκάλεσεν

292 1739 437 1794 αὐτὸ
460 1737 784 1811 Ἰουνιώρων
818 1736 893 1798 εἷς
924 1737 987 1790 τὸ
1018 1732 1156 1789 ἴδιον
1188 1734 1379 1807 ὄνομα.

1446 345 1987 411 HISTORIARUM
2037 344 2577 408 COMPENDIUM.

1413 485 1470 535 Ὁ
1558 479 1614 536 δὲ
1672 477 1962 554 Γορδιανὸς

2096 480 2359 537 erfectus
2390 487 2479 536 est
2534 481 2911 537 amilitibus.
2973 480 3270 537 Godianus
3328 485 3529 538 autem
3577 483 3709 555 jam

3584 349 3704 407 494

2051 575 2187 625 ante
2202 570 2394 626 fuerat
2414 589 2449 627 a
2471 571 2789 626 Maximino
2810 573 3005 627 Caesar
3027 570 3379 642 appellatus.
3396 572 3707 645 Philippus

2055 666 2254 715 autem
2285 661 2596 732 praefectus
2628 663 2912 717 alimenta
2941 662 3002 717 in
3034 668 3228 717 castra
3259 662 3475 717 deferri
3510 664 3710 735 prohi-

2054 747 2216 803 buit:
2251 750 2300 803 is
2333 750 2476 807 451
2514 750 2622 805 fuit
2651 757 2822 822 pater
2853 756 3069 806 sancta:
3101 751 3377 823 martyris
3409 751 3705 824 Eugenim.

2054 838 2135 892 Ea
2166 844 2514 911 tempestate
2545 841 2859 912 episcopus
2909 841 3249 896 Antiochea)
3301 840 3415 896 fuit
3470 846 3707 898 sanctus

2057 926 2325 1000 Babylas,
2360 934 2417 983 et
2448 930 2635 984 sancti
2698 931 3047 985 Laurentius
3103 946 3171 985 ac
3216 929 3541 1002 Cyprianus
3598 948 3705 1002 pro

2055 1019 2299 1075 veritate
2366 1020 2720 1091 supplicium
2802 1020 3194 1092 pertulerunt.
3274 1022 3343 1077 Et
3408 1023 3706 1096 Eugenius

2058 1108 2469 1180 epiSCOpatum
2499 1110 2899 1181 Byzantinum
2931 1111 3177 1183 accepit,
3238 1128 3306 1168 ac
3360 1113 3540 1184 gessit
3598 1129 3708 1169 an-

2059 1213 2168 1251 nos
2198 1199 2285 1252 25.

2132 1292 2269 1343 Post
2310 1288 2618 1344 Balbinum
2678 1288 2989 1361 imperavit
3042 1290 3343 1363 Pupienus
3392 1308 3630 1347 menses
3655 1294 3710 1347 2.

2058 1376 2297 1432 Occisus
2328 1383 2419 1432 est
2447 1377 2508 1433 in
2540 1377 2720 1434 bello.

2128 1467 2270 1522 Post
2298 1467 2455 1522 hunc
2484 1467 2690 1523 Iunior
2720 1484 2956 1523 menses
2987 1471 3039 1522 3.
3071 1469 3126 1523 Is
3166 1469 3396 1540 primus
3456 1470 3716 1525 instituit

2062 1555 2407 1611 candidatos
2439 1562 2496 1611 et
2517 1561 2882 1628 protectores
2912 1562 2971 1611 et
2991 1556 3260 1614 ordinem
3282 1558 3715 1616 scholariorum

2064 1660 2239 1714 quem
2270 1646 2581 1701 Juniorum
2612 1662 2645 1701 a
2675 1663 2737 1701 se
2768 1647 3114 1702 nominavit.

375 1829 530 1885 Μετᾶ
584 1830 774 1882 τοῦτον
833 1820 1149 1880 ἐϐασίλευσε
1233 1820 1523 1897 Γορδιανὸς
1557 1820 1729 1881 tota;
1788 1818 1954 1873 αὐτοῦ

432 1915 472 1924 ,.
527 1919 571 1924 --
615 1916 627 1924 .
667 1914 681 1924 .
827 1914 845 1924 .
873 1916 884 1924 .
1246 1913 1257 1924 .
1407 1915 1434 1924 ..
1490 1908 1515 1924 ..
1772 1910 1786 1924 ι
1824 1907 1876 1924 ..η

2134 1826 2274 1879 Post
2303 1825 2461 1880 hunc
2495 1825 2648 1881 ﬁlius
2695 1826 2825 1898 ejus
2876 1826 3205 1883 Gordianus
3255 1827 3566 1899 imperavit
3608 1843 3713 1882 an-

294 1913 395 1988 ἔτη
431 1915 493 1975 δ’.
527 1916 632 1973 Καὶ
665 1914 717 1970 ἐν
747 1914 986 1988 πολέμῳ
1018 1913 1307 1988 συμπεσὼν
1366 1915 1447 1985 τῷ
1490 1908 1651 1983 ’ίππῳ
1701 1910 1788 1964 καὶ
1822 1907 1957 1963 θλα-

300 2007 449 2069 σθεὶς
478 2006 570 2061 τὸν
608 2005 777 2079 μηρὸν
805 2004 1052 2061 ἀπέθανε.

379 2094 527 2154 Μετᾶ
577 2091 632 2149 δέ
687 2091 976 2169 Γορδιανὸν
1035 2089 1381 2147 ἐϐασίλευσεν
1455 2088 1731 2162 Οὐνίωρος
1767 2132 1781 2158 ,
1840 2085 1956 2148 υἱὸς

306 2184 501 2252 αὐτοῦ,
562 2181 653 2253 ἔτη
715 2181 832 2255 δύο,
902 2182 991 2237 καὶ
1055 2179 1336 2256 ὑδεριάσας
1398 2177 1672 2235 ἀπέθανεν.
1733 2176 1848 2254 Ἐφ’
1897 2176 1959 2230 οὗ

311 2269 619 2334 Σαϐἒλλιος
645 2274 672 2326 ὁ
694 2272 1055 2351 αἱρεσιάρχης
1088 2269 1424 2348 ἐγνωρίζετο.

385 2362 532 2420 Μετὰ
576 2366 768 2417 τοῦτον
805 2362 1027 2437 Μάρκος
1060 2359 1152 2431 ἔτη
1186 2365 1253 2435 γ’·

380 2452 527 2507 Μετὰ
556 2448 612 2505 δὲ
642 2453 863 2521 Μάρκον
924 2448 1306 2510 Ἰουστιλιανὸς
1364 2442 1456 2517 ἔτη
1519 2444 1635 2501 δύο·
1696 2446 1785 2500 καὶ
1830 2460 1964 2521 φλε-

280 2538 665 2613 ϐοτομηθεὶς,
698 2540 750 2594 ἐν
780 2545 860 2613 τῷ
888 2537 1164 2594 καθεύδειν
1198 2538 1425 2614 ἐξεχύθη
1471 2537 1533 2591 τὸ
1584 2536 1725 2609 αἷμα
1773 2535 1958 2606 αὐτοῦ,

313 2629 410 2684 καὶ
440 2628 666 2685 λειποθυ
676 2630 750 2703 μή
760 2650 851 2691 σας
880 2629 1131 2692 ἀπέθανε.

386 2719 534 2774 Μετὰ
559 2717 748 2773 τοῦτον
815 2714 1135 2774 ἐϐασίλευσε
1175 2716 1453 2777 Φίλιππος
1494 2707 1586 2785 ἔτη
1649 2714 1708 2782 ζ’,
1760 2713 1819 2774 ὃς
1867 2711 1964 2766 ὑπ-

303 2823 457 2893 ῆρχε
537 2818 637 2881 τῆς
691 2814 800 2865 τῶν
883 2810 1222 2884 Χριστιανῶν
1303 2804 1536 2866 πίστεως
1599 2799 1966 2873 σπουδαστής,

325 2886 529 2962 συν-ἐσει
578 2902 667 2956 καὶ
752 2896 1009 2968 ἐπιεικείᾳ
1091 2893 1519 2968 κεκοσμημένος.
1600 2892 1840 2968 Ὠρμᾶτο
1914 2886 1971 2944 δέ

307 2996 420 3052 ἀπὸ
485 2993 723 3066 Βόστρας
786 2990 898 3062 (71)
972 2993 1072 3057 τῆς
1138 2983 1428 3059 Εὐρώπης,
1482 2977 1604 3046 ἔνθα
1660 2980 1749 3036 καὶ
1807 2978 1968 3036 πόλιν

325 3081 703 3159 ᾠκοδόμησεν,
738 3076 1012 3150 ὀνομάσας
1045 3074 1210 3145 αὐτὴν
1273 3070 1750 3129 Φιλιπποῦπολιν.
1801 3066 1973 3131 Οὗτός

307 3157 548 3233 σπονδὰς
609 3166 889 3244 εἰρηνικὰς
949 3164 1118 3220 ἐποίει
1182 3162 1315 3236 μετᾶ
1374 3161 1643 3236 Σαπώρου
1704 3157 1973 3234 βασιλέως

310 3266 557 3338 Περσῶν,
614 3259 675 3320 ’ὀς
725 3255 1055 3328 ἐθαυμάζετο
1114 3251 1200 3307 ἐπὶ
1250 3250 1463 3326 μεγέθει
1519 3249 1773 3322 σώματος

312 3337 488 3431 μέχρι
518 3349 616 3424 γὰρ
653 3344 855 3402 ἐκείνου
889 3347 987 3399 τοῦ
1035 3342 1242 3419 χρόνου
1294 3337 1625 3409 τηλικοῦτος
1680 3337 1964 3412 ἄνθρωπος

308 3427 623 3519 ουκ-ὤφθη.
657 3432 916 3509 Ἀνῃρέθη
950 3429 1007 3487 δὲ
1037 3432 1148 3505 ἅμα
1176 3430 1388 3503 Tagum
1446 3428 1580 3501 ὑπὲρ
1627 3427 1964 3504 Χριστιανῶν

314 3514 458 3587 αανᾶ
489 3514 676 3584 Ᾰεκίου
709 3522 1130 3603 ἀγωνιζόμενος.

391 3616 761 3692 Οὐαλεριανὸς
810 3608 925 3674 ἔτος
961 3608 1038 3666 ἓν·
1099 3610 1188 3665 καὶ
1243 3607 1449 3687 ἐσφάγη
1512 3607 1615 3661 ὑπὸ
1677 3609 1775 3661 τοῦ
1834 3603 1971 3659 λαοῦ

316 3708 512 3763 αὐτοῦ.
571 3705 682 3762 Ἔτ’
730 3703 797 3757 οὗ
829 3701 913 3756 ἐπὶ
957 3706 1129 3755 πᾶσαν
1182 3695 1641 3770 τὴνξοῖκουμένην
1690 3697 1787 3750 τοῦ
1840 3696 1973 3748 Θεοῦ

319 3798 500 3874 ὀργὴν
536 3792 781 3869 μεγάλην
833 3789 1210 3864 ἐκπέμψαντος
1239 3782 1531 3860 λοιμώδης
1584 3785 1737 3845 νόσος
1790 3783 1852 3837 τὸ
1882 3782 1975 3874 ἀνέ

330 3872 615 3961 θρῶπινον
646 3883 799 3960 γένος
858 3878 1172 3948 διέφθειρεν.
1233 3876 1370 3931 Ἀπὸ
1425 3874 1525 3950 γὰρ
1569 3880 1668 3942 τῆς
1731 3879 1834 3950 γῆς
1886 3872 1977 3926 καὶ

321 3982 431 4046 τῆς
463 3973 737 4043 θαλάσσης
779 3970 946 4045 ἀτμοί
975 3988 1115 4030 τινες
1145 3966 1396 4041 ἀνῄεσαν,
1426 3964 1517 4019 καὶ
1571 3964 1707 4037 πρὸς
1764 3961 1979 4024 τούτοις

329 4063 523 4137 ἄνεμοι
560 4062 650 4118 καὶ
684 4061 837 4136 αὖραι
892 4062 1000 4115 τῶν
1060 4059 1320 4129 ποταμῶν
1378 4053 1468 4109 καὶ
1537 4051 1748 4126 λιμνῶν
1781 4053 1983 4126 ἀνιμη-

329 4175 444 4216 σεις
503 4151 759 4207 ἆπέπνεον
794 4195 807 4219 ,
868 4150 941 4209 ὡς
1009 4145 1249 4219 νομίζειν
1309 4147 1513 4218 νεκρῶν
1573 4142 1782 4217 ἰχῶρας
1848 4141 1986 4210 εἶναι,⁵

329 4242 432 4303 τὰς
466 4240 715 4317 δρόσους.
777 4241 1031 4313 Συνεχεῖς
1065 4235 1157 4290 οὗν
1192 4233 1250 4288 ἐκ
1278 4231 1476 4288 τούτου
1509 4230 1701 4305 λοιμοί
1757 4232 1856 4301 τὴν
1884 4238 1988 4309 γῆν

334 4314 592 4406 συνεῖχρν
674 4331 760 4385 καὶ
852 4326 1016 4403 βαρέα
1089 4324 1177 4379 καὶ
1263 4322 1452 4377 ἀνίατα
1535 4323 1847 4395 νοσήματα,
1896 4314 1990 4378 καὶ

336 4422 563 4496 ἄπειρον
618 4420 709 4474 καὶ
763 4416 1126 4492 ἀναρίθμητον
1186 4413 1431 4490 γενέσθαι
1508 4414 1615 4466 τῶν
1693 4411 1993 4488 ἀνθρώπων

336 4512 432 4566 τὸν
496 4507 720 4582 ὄλεθρον
755 4551 768 4577 ,
828 4506 966 4561 ὥστε
1019 4505 1145 4565 τοὺς
1203 4501 1463 4563 πλείονας
1518 4503 1626 4554 τῶν
1684 4502 1994 4559 τεθνεώτων

342 4600 582 4672 ἀτάφους
614 4594 1110 4669 ὑπολιμπάνεσθαι.

542 4686 668 4757 258]
701 4682 851 4741 Μετᾶ
882 4680 940 4736 δὲ
988 4677 1352 4754 Οὐαλεριανὸν
1408 4671 1722 4732 ἐϐασίλευσε
1779 4677 1994 4743 Γάλλος

345 4775 440 4830 καὶ
472 4772 872 4833 Βουλουσιανὸς
922 4769 1016 4840 ἔτη
1088 4769 1135 4842 β’
1196 4773 1366 4840 μῆνας
1425 4770 1493 4835 η’.
1554 4764 1656 4820 Καὶ
1718 4764 1994 4844 ἐπεκράτει

350 4865 380 4919 ὁ
447 4863 643 4935 λοιμὸς
709 4860 760 4916 ἔν
813 4865 931 4923 ταῖς
985 4857 1218 4932 ἡμέραις
1275 4854 1521 4925 ἐκείναις,
1591 4857 1831 4924 κινηθεὶς
1895 4858 1999 4913 ἀπὸ

352 4951 637 5014 Αἰθιοπίας
689 4950 856 5025 μέχρι
929 4949 1029 5018 τῆς
1087 4948 1317 5015 Δύσεως,
1373 4944 1446 5007 ὡς
1506 4941 1779 5018 μηδεμίαν
1836 4948 1999 5006 πόλιν

2064 1932 2171 1970 nos
2204 1916 2255 1970 4.
2282 1916 2349 1969 In
2383 1914 2537 1970 bello
2570 1932 2704 1971 cum
2740 1932 2891 1986 equo
2923 1933 3227 1984 corruens,
3258 1915 3444 1973 fracto
3488 1917 3715 1974 femore

2063 2010 2334 2060 mortuus
2364 2010 2473 2061 est.

2136 2093 2431 2149 Successit
2462 2093 2514 2147 ei
2547 2093 2707 2150 ﬁlius
2738 2094 3029 2163 Uniorus;
3063 2096 3163 2167 qui
3212 2112 3348 2152 cum
3406 2096 3718 2153 biennium

2065 2183 2434 2254 imperasset,
2468 2199 2624 2254 aqua
2680 2184 2971 2240 intercute
3002 2191 3248 2242 necatus
3305 2190 3415 2243 est.
3475 2185 3593 2243 Sub
3651 2202 3719 2242 eo

2065 2270 2361 2326 Sabellius
2387 2272 2683 2328 haereseos
2714 2278 2921 2329 auctor
2948 2275 3230 2330 innotuit.

2140 2361 2279 2414 Post
2309 2360 2591 2414 Uniorum
2629 2363 2855 2416 Marcus
2886 2363 3401 2432 imperavitannos
3434 2366 3485 2419 3.

2068 2450 2209 2503 Post
2238 2448 2395 2502 hunc
2427 2449 2787 2503 Hostilianus
2828 2449 3158 2506 biennium.
3220 2454 3274 2506 Is
3327 2468 3464 2508 cum
3512 2468 3722 2508 venam

2070 2540 2397 2606 incidisset,
2440 2540 2500 2593 in
2529 2539 2756 2594 somnis
2788 2555 2857 2594 ea
2880 2556 3116 2595 rursum
3139 2546 3345 2612 aperta
3375 2540 3613 2614 sanguis
3644 2540 3724 2596 ef-

2072 2630 2237 2685 fusus
2267 2635 2443 2701 atque
2474 2630 2557 2683 ita
2587 2629 2959 2684 exanimatus
2989 2628 3114 2701 ipse
3149 2636 3258 2688 est.

2145 2722 2285 2774 Post
2314 2720 2475 2775 hunc
2498 2718 2807 2790 Philippus
2839 2720 3142 2791 imperrvit
3172 2736 3364 2777 annos
3382 2726 3433 2776 7.
3475 2723 3529 2776 Is
3559 2722 3727 2778 Chri-

2075 2810 2282 2864 stianaa
2306 2808 2608 2881 religionis
2630 2808 2741 2863 fuit
2762 2809 3079 2877 studiosus,
3113 2810 3430 2882 prudentia
3458 2816 3517 2866 et
3546 2811 3728 2884 aaqui-

2078 2906 2195 2957 tate
2229 2899 2467 2971 insigni.
2502 2900 2676 2953 Ortus
2707 2898 2820 2953 fuit
2850 2900 3071 2955 Bostris
3097 2901 3344 2972 Europa;
3384 2899 3568 2969 urbe;
3624 2901 3727 2957 ubi

2079 2996 2137 3045 et
2168 2989 2377 3044 urbem
2410 2986 2694 3055 condidit,
2719 3004 2752 3042 a
2782 3005 2842 3043 se
2872 2988 3311 3062 Philippopolin
3344 2990 3586 3046 dictam.
3618 2993 3727 3047 Pa-

2081 3085 2241 3135 ctum
2271 3078 2375 3132 icit
2418 3093 2550 3131 cum
2594 3076 2810 3148 Sapore
2866 3079 3177 3133 Persarum
3209 3095 3366 3151 rege.
3398 3080 3451 3133 Is
3484 3079 3557 3134 ob
3598 3097 3731 3135 cor-

2083 3169 2242 3242 poris
2272 3166 2742 3240 magnitudinem
2768 3166 3148 3223 admirationi
3170 3169 3324 3226 452
3354 3168 3488 3235 fuit,
3512 3186 3647 3225 cum
3670 3170 3731 3224 in

2082 3276 2217 3316 eum
2248 3273 2437 3329 usque
2468 3256 2626 3311 diem
2656 3260 2857 3311 tantus
2900 3257 3077 3318 homo
3110 3257 3265 3313 visus
3321 3274 3442 3313 non
3497 3257 3729 3314 fuisset.

2078 3346 2429 3404 Interfectus
2452 3349 2541 3400 est
2569 3344 2880 3417 Philippus
2907 3363 3027 3401 una
3057 3363 3193 3402 cum
3226 3346 3372 3415 filio,
3399 3350 3602 3403 contra
3621 3348 3736 3404 De-

2078 3440 2234 3495 cium
2266 3454 2372 3510 pro
2405 3435 2751 3491 Christianis
2792 3454 3200 3509 propugnans.

2154 3618 2499 3673 Valerianus
2550 3617 2860 3688 imperavit
2917 3634 3161 3688 annum,
3211 3624 3416 3690 estque
3454 3618 3734 3691 apopulo

2086 3725 2191 3764 suo
2223 3706 2473 3762 occisus.
2507 3705 2625 3760 Sub
2658 3722 2726 3760 eo
2756 3705 2845 3759 ira
2879 3707 2980 3761 Dei
3030 3707 3211 3778 pestis
3241 3706 3515 3762 universo
3548 3712 3736 3763 terra-

2086 3812 2220 3852 rum
2250 3794 2377 3850 orbi
2399 3793 2667 3849 immissa
2683 3793 3006 3848 humanum
3035 3810 3220 3872 genus
3250 3794 3490 3851 attrivit.
3511 3796 3655 3851 Nam
3675 3801 3735 3851 et

2090 3890 2303 3941 aterra
2331 3888 2390 3938 et
2432 3898 2466 3937 a
2521 3881 2670 3937 mari
2728 3898 2970 3953 vapores
3025 3882 3400 3949 exhalabant,
3461 3883 3735 3953 ventique

2091 3978 2379 4046 praeterea
2409 3975 2468 4027 et
2495 3988 2653 4027 aura:
2686 3988 2720 4026 a
2749 3970 2941 4026 ﬂuviis
2998 3976 3173 4041 atque
3224 3987 3258 4026 a
3287 3970 3604 4043 paludibus
3633 3971 3738 4026 udi

2095 4078 2339 4134 vapores
2370 4060 2694 4132 spirabant,
2728 4076 2941 4131 resque
2964 4060 3149 4115 saniei
3171 4066 3543 4116 mortuorum
3575 4060 3742 4116 simi-

2097 4151 2172 4206 lis
2204 4149 2544 4222 apparebat.
2583 4150 2781 4220 Itaque
2812 4149 3123 4204 continens
3153 4149 3374 4221 ubique
3405 4148 3748 4221 pestilentia

2100 4238 2413 4308 morbique
2444 4254 2644 4309 graves
2676 4243 2734 4291 et
2755 4237 3119 4292 insanabiles
3151 4237 3529 4294 innumeram
3554 4238 3747 4294 homi-

2103 4345 2247 4383 num
2280 4326 2729 4381 multitudinem
2761 4325 3241 4398 absumpserunt,
3274 4326 3422 4384 adeo
3454 4331 3519 4382 ut
3562 4326 3753 4400 plera-

2104 4435 2219 4491 que
2249 4416 2533 4474 cadavera
2560 4416 2866 4473 inhumata
2889 4415 3209 4487 jacuerint.

2176 4690 2314 4743 Post
2346 4687 2719 4742 Volerianum
2778 4687 2976 4743 Gallus
3007 4692 3066 4742 et
3097 4688 3446 4744 Volusianus
3501 4687 3757 4759 impera-

2107 4781 2318 4831 verunt
2348 4792 2534 4831 annos
2566 4779 2619 4843 2,
2652 4791 2890 4831 menses
2921 4778 2973 4830 8.
3027 4778 3106 4831 Eo
3139 4780 3403 4848 tempore
3436 4775 3617 4847 pestis
3666 4774 3762 4829 in-

2111 4865 2309 4932 valuit,
2355 4865 2425 4920 ab
2448 4865 2743 4937 Aithiopia
2768 4866 2829 4919 in
2854 4865 3161 4921 occiduam
3205 4882 3392 4936 usque
3427 4870 3596 4919 terraa
3626 4879 3763 4935 paro

2114 4959 2235 5010 tem
2286 4960 2644 5026 propagata:
2680 4970 2874 5025 neque
2905 4954 3029 5010 ulla
3057 4955 3167 5010 fuit
3195 4954 3337 5009 urbs
3370 4954 3497 5025 ejus
3530 4968 3764 5024 expers,

1554 5045 1917 5107 XYLANDRI
1956 5054 2043 5109 ET
2079 5054 2292 5111 GOABI
2334 5054 2556 5109 NOT/E.

358 5167 674 5243 sufﬁcitur,
706 5169 877 5243 cujus
909 5164 1225 5243 imperium
1265 5161 1473 5243 eadem
1504 5160 1619 5243 fuit
1644 5163 2009 5224 conditione.

360 5240 415 5294 Is
446 5256 480 5296 a
510 5234 1043 5296 Cedreni'librari'o
1075 5234 1465 5298 Justinianus,
1498 5248 1533 5287 a
1583 5234 1804 5291 Zonarc
1853 5246 2016 5295 recte

362 5312 727 5368 Hostilianus
784 5312 1020 5365 dicitur.
1054 5301 1482 5380 Certeproé'tn
1516 5300 1747 5380 ἡμέρας,
1782 5326 1886 5380 pro
1919 5328 2019 5366 an-

363 5385 480 5451 nis,
513 5383 641 5438 dies
673 5382 988 5456 legendum
1015 5386 1179 5452 puto.
1212 5376 1376 5456 Quod
1402 5392 1580 5456 supra
1611 5382 1702 5431 est
1726 5376 1826 5456 (ιδ.
1861 5399 1913 5456 v.
1942 5384 2017 5455 1.)

371 5457 416 5509 Is
445 5457 562 5522 fuit
586 5450 762 5525 pate?
782 5460 981 5525 sanctae
1013 5450 1275 5525 Martyris
1306 5450 1589 5518 Eugeniae,
1622 5450 1797 5517 quale
1848 5454 1924 5509 sit
1953 5450 2024 5509 ei:

367 5523 651 5597 Philippo
673 5528 913 5582 Zonaras
946 5524 1161 5579 disces.
1194 5523 1332 5597 va.

438 5593 831 5674 (71):Bg$atpwv
870 5602 1003 5674 ‘est
1061 5593 1609 5674 apudUZonaram;
1668 5597 1746 5674 et
1774 5595 2028 5674 Arabem

372 5662 742 5727 hunc'fuissé
771 5686 837 5726 ac
870 5670 1075 5724 Bostra
1098 5662 1331 5722 lrabim
1361 5662 1594 5730 urbem,
1638 5664 1855 5738 reliqui
1907 5676 2030 5726 tra-

2127 5170 2292 5227 dunt.
2325 5171 2396 5224 Et
2423 5168 2663 5239 quidem
2694 5170 3042 5224 Ammianus
3071 5167 3466 5234 Marcellinus,
3520 5166 3773 5239 scriptor

2129 5240 2642 5311 diligentissimus,
2666 5240 2933 5296 Bostram
2952 5241 3248 5295 Armenias
3278 5240 3577 5312 ingentem
3595 5245 3773 5310 atque

2130 5312 2421 5366 munitam
2459 5312 2664 5367 urbem
2696 5316 3141 5366 commemorat.
3176 5312 3218 5367 Ι.
3252 5312 3519 5367 χιγ.Χη.

2203 5383 2315 5452 (72)
2347 5382 2725 5454 Ambiguum,
2758 5383 2829 5437 de
2859 5384 3155 5454 Saporene
3179 5400 3254 5438 an
3281 5383 3351 5437 de
3381 5383 3649 5453 Philippo
3683 5382 3776 5437 in-

2135 5454 2317 5525 telligi
2348 5454 2560 5527 debeat
2596 5455 2850 5509 Zonaras
2879 5454 2955 5527 de
2974 5455 3190 5526 Sapore
3224 5455 3482 5527 exponit.
3520 5454 3777 5527 Valeria-

2135 5541 2247 5579 nus
2279 5531 2474 5580 autem
2509 5526 2621 5580 huc
2652 5541 2773 5580 non
2810 5525 3085 5584 pertinet.
3146 5526 3258 5582 Sed
3286 5525 3376 5582 vel
3405 5528 3655 5583 Zonaras
3684 5525 3780 5581 hic

2136 5596 2418 5654 lectorem
2450 5597 2785 5669 explicabit.
2811 5596 2960 5654 ΧΠ..
3540 5608 3545 5615 ‘
