4186 6198
486 297 606 358 495

1849 287 2172 354 GEORGII
2205 286 2538 350 CEDBENI

3778 297 3906 356 496

487 429 690 488 multa
722 428 899 485 etiam
931 424 1022 483 bis
1053 443 1122 483 ea
1148 425 1246 483 lue
1270 426 1578 482 infestatae.
1625 425 1892 482 Obtinuit
1947 440 2136 479 annos

2253 423 2429 491 μεῖναι
2487 421 2682 475 τούτου
2751 419 3003 496 ἄμοιρον.
3067 421 3343 486 Πολλάκις
3403 421 3459 478 δὲ
3513 425 3599 478 καὶ
3664 422 3746 486 δὶς
3803 427 3910 494 τῆς

494 523 578 579 15.
613 521 798 592 Coepit
828 523 1132 587 autumno,
1168 523 1224 573 et
1254 518 1430 574 desiit
1461 517 1568 574 sub
1599 522 1794 573 ortum
1827 515 2132 572 caniculae.

491 610 931 684 Propagabatur
961 609 1199 664 morbus
1222 609 1331 664 iste
1355 610 1531 665 etiam
1561 607 1950 675 vestimentis,
1977 606 2134 662 solo-

490 717 602 772 que
633 699 779 755 adeo
812 704 1072 770 aspectu,
1104 715 1298 771 neque
1328 699 1439 756 fuit
1468 698 1678 756 domus
1707 700 1769 755 in
1801 715 1918 771 qua
1960 713 2136 754 nemo

489 795 645 845 esset
686 794 974 844 mortuus.
1038 789 1152 844 Alii
1209 795 1371 845 metu
1428 790 1796 862 contagionis
1855 787 2139 844 cadavera

487 877 906 950 relinquebant
937 879 1256 951 insepulta.
1287 880 1373 935 Pli
1413 887 1612 936 autem
1643 884 1893 952 aegrotos
1932 892 2136 933 secure

490 973 770 1024 curantes
831 967 989 1023 luem
1048 968 1159 1023 sibi
1199 969 1588 1038 asciscebant,
1642 985 1896 1040 cumque
1937 967 2008 1022 iis
2039 969 2141 1021 aut

491 1065 625 1132 post
656 1076 754 1115 eos
787 1059 900 1131 ipsi
961 1075 1196 1131 quoque
1256 1060 1698 1116 moriebantur:
1738 1062 1817 1114 Eo
1873 1063 2138 1129 tempore

489 1148 740 1221 Scythas,
775 1149 1020 1220 trajecto
1049 1149 1196 1204 Istro
1219 1166 1458 1204 omnem
1480 1150 1858 1205 Occidentem
1879 1147 2136 1202 Italiam-

491 1255 606 1311 que
638 1239 791 1295 458
826 1245 1009 1294 totam
1044 1239 1484 1296 incursionibus
1516 1239 1837 1312 depraadati
1890 1242 2048 1305 sunt,
2083 1240 2142 1291 et

500 1328 701 1384 Asiam
751 1333 1206 1398 occupaverunt,
1238 1329 1380 1384 solis
1411 1329 1516 1383 Ilio
1549 1334 1606 1383 et
1636 1328 1861 1400 Cyricio
1894 1326 2139 1381 urbibus

489 1417 773 1488 exceptis.
809 1415 1161 1472 Volusianus
1193 1417 1340 1472 Galli
1373 1417 1529 1473 filius
1560 1423 1705 1473 erat.
1741 1417 1938 1472 Gallus
1971 1432 2005 1470 a
2033 1430 2140 1470 sua

483 1521 666 1561 uxore
699 1505 1002 1560 dormiens
1054 1505 1366 1579 jugulatus
1399 1512 1489 1563 est
1521 1523 1534 1574 ;
1571 1507 1955 1562 Volusianum
1988 1504 2141 1560 mili-

485 1599 577 1650 tes
609 1593 1068 1651 trucidaverunt.

566 1860 776 1919 Deeius
807 1861 1115 1934 imperavit
1152 1862 1484 1919 biennium.
1515 1866 1570 1919 Is
1630 1862 1846 1918 multos
1907 1865 2144 1917 sanctos

497 1950 791 2023 supplicio
823 1952 1021 2008 aﬂ‘ecit
1051 1969 1117 2008 ac
1145 1953 1279 2008 neci
1339 1952 1600 2009 tradidit.
1635 1952 1753 2008 Sub
1811 1968 1878 2007 eo
1936 1951 2144 2006 beatus

495 2041 822 2112 Cyprianus
881 2046 939 2096 et
967 2042 1143 2098 beata
1180 2043 1428 2112 Justina,
1477 2049 1601 2098 tum
1651 2043 1862 2115 Ephesi
1917 2047 2144 2114 septem

492 2132 659 2202 pueri
675 2148 1008 2205 magnaque
1021 2137 1363 2189 sanctorum
1395 2133 1712 2189 multitudo
1743 2133 1817 2187 ob
1836 2149 1984 2187 verae
2003 2131 2141 2186 reli-

489 2221 681 2294 gionis
703 2222 1132 2292 professionem
1164 2223 1358 2279 necati
1391 2228 1545 2278 sunt.
1568 2223 1622 2278 Is
1653 2222 1924 2277 edixitne
1941 2224 2140 2278 Romae

489 2309 772 2366 mulieres
785 2311 1129 2366 Christianae
1153 2317 1329 2383 eaput
1349 2311 1634 2379 velarent,
1661 2327 1909 2382 sperans
1932 2327 2000 2366 ea
2021 2315 2140 2365 tur-

490 2399 781 2472 pitudine,
814 2401 987 2456 sicuti
1018 2401 1354 2472 putabatur,
1389 2400 1463 2456 ad
1520 2401 1730 2456 falsam
1789 2400 2138 2473 religionem

485 2489 746 2561 pertrahi
783 2505 880 2545 eas
911 2507 1105 2562 posse.
1167 2491 1384 2546 Verum
1442 2507 1524 2546 eaa
1582 2489 1923 2546 maluerunt
1978 2487 2138 2544 nudo

482 2579 672 2651 capite
706 2578 966 2651 prodire.
998 2579 1140 2635 Inde
1169 2585 1258 2636 est
1287 2579 1444 2652 quod
1477 2580 1536 2634 in
1566 2580 1725 2635 hunc
1755 2595 1941 2651 usque
1977 2579 2133 2634 diem

481 2668 827 2723 Christianas
859 2667 1116 2739 perfecte
1138 2668 1421 2724 mulieres
1452 2669 1610 2724 nudo
1633 2669 1918 2724 incedunt
1946 2669 2134 2741 capite

482 2756 700 2812 Judaaaa
728 2762 927 2812 autem
958 2761 1014 2811 et
1045 2757 1294 2812 ethnicus
1324 2762 1499 2812 tecto.
1536 2758 1651 2812 Sub
1683 2759 1858 2813 Decio
1891 2757 2139 2829 Babylas

483 2844 836 2913 Antiochiae,
868 2844 1177 2900 Flavianus
1221 2847 1442 2913 Romus,
1476 2845 1809 2901 Alexander
1865 2846 2137 2901 Hieroso-

484 2932 681 3004 lymaa,
714 2932 1149 3004 Dionysiusque
1197 2933 1558 2990 Alexandria)
1615 2935 1876 3006 episcOpi
1906 2934 2135 2989 veritati

487 3023 698 3080 divina;
731 3025 1139 3081 testimonium
1181 3025 1490 3082 toleranda
1548 3043 1692 3082 nece
1752 3026 2036 3083 tulerunt.
2067 3028 2136 3082 Et

483 3116 735 3170 Novatus
765 3114 1074 3187 presbyter
1105 3116 1176 3172 ab
1209 3117 1471 3173 Ecclesia
1511 3116 1744 3183 defecit,
1778 3134 1878 3172 eos
1921 3117 2021 3188 qui
2067 3118 2128 3172 in

479 3205 892 3277 persecutione
909 3205 1020 3261 diis
1035 3207 1445 3263 immolassent
1459 3207 1866 3278 pmnitentiam
1890 3212 2129 3278 agentes

481 3311 600 3350 non
631 3295 950 3365 recipiens.
984 3297 1143 3350 Tunc
1176 3301 1233 3350 et
1283 3296 1577 3351 Elcesaaus
1626 3295 1921 3351 haereseos
1969 3296 2136 3366 prin-

481 3401 620 3456 ceps
652 3385 929 3439 innotuit.
961 3385 1172 3440 Decius
1223 3384 1367 3440 Galli
1399 3385 1627 3440 artibus
1677 3391 1768 3440 est
1817 3403 1849 3439 a
1906 3385 2136 3456 Scythis

479 3489 598 3527 una
623 3489 759 3528 cum
807 3473 928 3528 fllio
980 3474 1041 3528 in
1091 3473 1306 3546 palude
1365 3475 1708 3540 suffocatus,
1768 3492 2134 3546 corporaque

477 3576 682 3617 eorum
715 3562 954 3618 inventa
985 3579 1104 3619 non
1137 3569 1292 3618 sunt.
1353 3564 1437 3620 lta
1489 3581 1608 3620 suas
1643 3564 1878 3619 saavitiaa
1933 3581 2138 3636 pwnas

483 3649 667 3706 dedit.

556 3829 711 3886 A54
740 3830 1086 3889 Emilianus
1107 3847 1330 3888 annum
1357 3849 1544 3888 unum
1571 3831 1902 3904 imperavit,
1932 3838 2138 3905 estque

490 3935 525 3974 a
554 3918 844 3974 militibus
875 3919 938 3975 in
969 3919 1188 3992 palatio
1221 3921 1470 3977 occisus.

557 4006 898 4064 Valerianus
955 4015 1012 4065 et
1054 4009 1353 4066 Gallienus
1410 4011 1779 4083 imperarunt
1807 4027 1997 4066 annos
2049 4014 2135 4067 15.

502 4096 605 4152 Hic
633 4097 984 4155 Valerianus
1010 4115 1144 4155 cum
1173 4099 1377 4172 Sapori
1403 4101 1596 4156 Persae
1625 4099 1850 4155 bellum
1901 4098 2136 4156 intulis-

487 4191 596 4253 set,
630 4187 702 4242 ab
727 4204 794 4242 eo
814 4193 1019 4259 captus
1043 4193 1130 4244 est
1160 4189 1317 4261 apud
1337 4190 1684 4259 Cassaream,
1717 4189 1917 4262 viginti
1947 4189 2139 4245 millia

487 4275 800 4331 hominum
831 4277 890 4332 in
941 4277 1204 4333 exercitu
1261 4277 1522 4345 ducens;
1585 4284 1790 4350 estque
1851 4279 1903 4334 ei
1963 4279 2136 4350 pellis

494 4361 780 4428 detracta,
811 4371 988 4436 atque
1019 4367 1100 4420 ita
1116 4367 1314 4438 periit.
1337 4367 1519 4422 Filius
1550 4373 1748 4423 autem
1779 4369 1907 4440 ejus
1932 4367 2140 4424 Gallie-

488 4467 600 4505 nus
624 4453 675 4506 ei
709 4454 1030 4509 succedens
1056 4455 1284 4526 primus
1317 4456 1584 4526 equitum
1609 4463 1832 4512 turmas
1855 4458 2134 4522 instituit,

482 4557 617 4595 cum
651 4541 936 4598 hactenus
969 4543 1214 4600 Romani
1248 4545 1466 4600 milites
1521 4546 1643 4601 fere
1702 4547 1928 4618 pedites
1984 4547 2134 4602 fuis—

2250 4545 2562 4617 ττρατιῶται
2645 4545 2753 4595 τῶν

489 4634 638 4686 sent.
661 4630 1010 4687 Interfectus
1029 4638 1118 4687 est
1147 4651 1181 4688 a
1211 4634 1501 4690 militibus
1528 4635 1683 4706 apud
1708 4636 2126 4691 Mediolanum.

481 4718 598 4775 Sub
630 4719 741 4775 hoc
769 4720 962 4776 floruit
1007 4723 1292 4778 mirificus
1353 4725 1682 4796 Gregorius,
1735 4731 1792 4780 et
1850 4726 2126 4780 innotue-

479 4814 620 4864 runt
670 4814 952 4865 Artemon
996 4817 1170 4882 atque
1237 4813 1509 4884 Synepon
1566 4814 1882 4870 haeresium
1932 4819 2138 4869 aucto-

481 4903 663 4953 tores.

548 4987 826 5044 Claudius
849 4989 1160 5061 imperavit
1179 5009 1367 5047 annos
1388 4993 1442 5048 2.
1477 4994 1531 5047 Is
1551 5008 1691 5047 avus
1722 4992 1834 5046 fuit
1855 4993 2134 5050 Constan-

479 5077 730 5148 tiniejus
754 5079 853 5150 qui
877 5085 1150 5134 sanctum
1175 5081 1633 5136 Constantinum
1648 5083 1918 5153 Magnum
1945 5082 2133 5136 filium

476 5167 743 5240 reliquit.
777 5167 892 5223 Sub
927 5169 1036 5224 hoc
1067 5170 1294 5240 Scytha:
1321 5170 1381 5224 in
1403 5171 1698 5240 Europam
1719 5170 1888 5225 effusi
1915 5171 2133 5226 multas

472 5255 670 5325 urbes,
705 5257 886 5328 inque
916 5257 1007 5312 his
1041 5259 1219 5314 etiam
1249 5260 1510 5315 Athenas
1529 5264 1852 5316 vastarunt.
1885 5260 2133 5316 Athenis

2252 505 2468 572 πόλεως
2526 509 2821 586 ἐπήρχετο.
2881 513 3122 587 Ἑκράτει
3182 511 3238 568 δὲ
3297 511 3388 583 ἔτη
3453 515 3530 582 ιε’,
3591 514 3909 589 ἀρχόμενος

2252 595 2357 652 ἀπὸ
2389 600 2736 675 φθινοπώρου
2783 600 2871 656 καὶ
2934 601 3122 678 λήγων
3151 605 3218 676 τῇ
3276 607 3371 658 τοῦ
3413 602 3584 665 Κυνὸς
3643 604 3902 678 ἐπιτολῇ.

2253 686 2581 744 Μετεὸίδοτο
2641 686 2697 744 δὲ
2752 693 2786 760 ἡ
2836 691 2991 752 νόσος
3049 690 3181 762 αῦτη
3241 691 3346 747 ἀπό
3405 713 3462 748 τε
3510 693 3746 766 εἱμάτων
3807 693 3902 748 καὶ

2251 779 2422 853 ψιλῆς
2451 781 2592 842 θέας.
2642 780 2718 838 Ού
2777 783 2879 858 γὰρ
2940 784 3003 850 ἦν
3075 782 3220 836 οἰκία
3276 782 3327 837 ἐν
3377 786 3416 852 ἦ
3469 785 3739 852 τεθνηκὼς
3799 784 3905 838 οὐκ

2251 868 2340 938 ἦν.
2383 869 2484 924 Καὶ
2518 870 2568 924 οἱ
2598 871 2690 942 μὲν
2721 866 2876 947 φόϐῳ
2905 874 3000 924 τοῦ
3062 873 3136 944 μὴ
3199 868 3519 943 μεταλαϐεῖν
3579 879 3679 942 τῆς
3736 874 3901 926 νόσου

2254 959 2488 1040 ἀτάφους
2583 960 2705 1015 εἳων
2796 962 2924 1023 τοὸς
3005 961 3351 1035 τεθνηκότας,
3423 965 3474 1018 οἳ
3535 959 3902 1039 εὐσεϐέστεροι

2253 1047 2309 1105 δὲ
2359 1049 2827 1129 ἀπαραφυλάκτως
2884 1050 3010 1114 τοὺς
3063 1057 3355 1115 νοσοῦντας
3409 1055 3792 1128 θεραπεύοντες
3822 1055 3904 1117 εἷς

2253 1139 2473 1200 ἑαυτοὺς
2501 1141 2597 1210 αὴν
2626 1141 2781 1195 νόσον
2833 1141 3165 1211 ἐπεσπῶντο,
3197 1142 3286 1196 καὶ
3321 1143 3414 1197 σὺν
3463 1141 3689 1206 ἐκείνοις
3719 1143 3752 1213 ἢ
3787 1141 3906 1216 μετ’

2253 1226 2484 1292 ἐκείνους
2526 1230 2616 1285 τὸν
2653 1230 2770 1304 βίον
2835 1230 3235 1303 μετήλλαττον.
3270 1232 3390 1287 Ἑπῖ
3423 1231 3618 1287 τούτου
3666 1234 3717 1287 οἱ
3758 1233 3909 1288 Σκύ-

2254 1329 2341 1382 θαι
2399 1319 2491 1373 τὸν
2560 1321 2772 1390 Ἴστρον
2818 1321 3141 1394 περάσαντες
3212 1325 3382 1374 πᾶσαν
3424 1335 3525 1391 την
3585 1322 3743 1376 Δύσιν
3807 1321 3904 1376 καὶ

2253 1406 2510 1477 Ἰταλίαν,
2545 1407 2848 1480 Ἀνατολην
2877 1431 2934 1464 τε
2965 1410 3052 1464 καὶ
3090 1409 3264 1466 Ἀσίαν
3304 1409 3612 1487 ἐπόρθησαν
3640 1411 3730 1466 καὶ
3761 1432 3901 1487 παρ-

2253 1491 2471 1566 ἐλαϐον,
2537 1495 2667 1572 δίχα
2703 1500 2873 1572 μόνης
2909 1497 3074 1556 Ἰλίου
3126 1499 3215 1553 καὶ
3251 1499 3511 1569 Κυζίκου.
3544 1503 3645 1558 Ἦν
3680 1499 3736 1556 δὲ
3763 1507 3902 1556 Βου-

2252 1585 2538 1643 λουσιανός
2571 1587 2685 1651 υἱὸς
2718 1586 2951 1643 Γάλλου.
3017 1588 3120 1643 Καὶ
3189 1590 3215 1642 ὁ
3272 1589 3365 1662 μὶν
3419 1587 3632 1651 Γάλλος
3693 1589 3900 1667 ἐσφάγη

2250 1673 2522 1741 κοθεύδων
2559 1677 2662 1732 ὑπὸ
2700 1698 2796 1751 τῃς
2829 1675 2964 1739 ἰδίας
2995 1679 3267 1752 γυναικὸς,
3301 1679 3328 1732 6
3391 1676 3446 1734 δὲ
3504 1678 3904 1742 Βουλουσιανὸς

2171 1793 2217 1856 Β
2256 1766 2358 1822 ὑπὸ
2391 1770 2733 1842 στρατιωτῶν
2747 1811 2759 1824 .

2325 1855 2510 1917 Δέκιος
2545 1850 2886 1911 ἐϐασίλευσεν
2921 1855 3018 1928 ’ἐτη
3185 1856 3352 1919 Οὗτος
3409 1855 3653 1921 πολλοὺς
3712 1859 3905 1934 ἁγίους

2252 1944 2635 2020 ἐτιμωρήσατο
2689 1946 2778 1999 καὶ
2865 1949 3077 2019 θανάτῳ
3138 1945 3439 2022 παρέδωκε.
3499 1949 3603 2005 Καὶ
3659 1951 3688 2004 6
3745 1951 3903 2024 ἅγιος

2251 2034 2557 2107 Κυπριανὸς
2609 2035 2694 2089 καὶ
2754 2038 2787 2105 ἡ
2850 2037 2972 2110 ἁγία
3033 2038 3294 2093 Ἰουστῖνα
3353 2037 3750 2114 ἐμαρτύρησαν,
3807 2039 3901 2094 καὶ

2251 2124 2302 2177 οἱ
2332 2123 2384 2177 ἐν
2419 2122 2626 2202 Ἐφέσῳ
2668 2124 2802 2179 ἐπτᾶ
2859 2122 3066 2196 παῖδες,
3107 2127 3197 2180 καὶ
3237 2125 3449 2192 πλῆθος
3507 2129 3676 2202 ἁγίων
3731 2127 3901 2188 πολύ.

2249 2209 2420 2274 Οὗτος
2455 2211 2727 2276 ἐθέσπισεν
2760 2211 2812 2268 ἐν
2856 2215 3042 2289 Ῥὼμῃ
3099 2214 3193 2276 τὰς
3253 2215 3578 2290 Χριπιανας
3636 2222 3898 2292 γυναῖκας

2251 2304 2326 2374 μή
2363 2302 2554 2376 ἐξεῖναι
2592 2301 3100 2360 καταπαλύπτεσθαι
3165 2305 3263 2374 τήν
3317 2304 3582 2383 κεφαλὴν,
3643 2306 3898 2379 οἰόμενος

2249 2385 2339 2444 διὰ
2365 2398 2465 2460 τῆς
2505 2389 2870 2465 νομιζομένης
2904 2393 3167 2467 αἰσχύνης
3206 2393 3406 2464 ταύτης
3460 2393 3538 2456 εἷς
3593 2391 3900 2450 εἷδωλοΑα·

2245 2479 2423 2554 τρείαν
2455 2477 2701 2537 ἒλκῦσαι.
2753 2482 2822 2537 Αἱ
2877 2478 2933 2535 δὲ
2994 2480 3207 2555 μᾶλλον
3267 2482 3708 2539 ἀκατακάλυπτοι
3760 2505 3904 2559 προ-

2247 2568 2428 2643 ᾑεσαν,
2463 2569 2617 2641 δόξαν
2650 2570 2952 2645 ἡγούμεναι
2984 2573 3083 2640 την
3135 2572 3265 2647 ὑπὲρ
3329 2577 3573 2649 Χριστου
3633 2570 3897 2629 δοκοῦσαν

2247 2656 2468 2732 ἀτιμίαν
2517 2660 2660 2734 παρὰ
2688 2665 2802 2719 τοῖς
2843 2659 3169 2734 ἀνθρώποις·
3241 2659 3359 2716 ὅθεν
3394 2661 3527 2737 ἄχρι
3569 2667 3666 2716 τοῦ
3696 2666 3788 2718 νῦν
3847 2663 3900 2717 αἱ

2251 2768 2345 2820 μεν
2404 2743 2647 2823 ἀκριϐεῖς
2731 2750 3067 2824 Χριστιανῶν
3149 2757 3393 2827 γυναῖκες
3458 2751 3898 2808 ἆκατακάλυπτοι

2245 2837 2632 2912 προέρχονται,
2673 2839 2726 2892 αἱ
2795 2836 2852 2893 δὲ
2909 2837 3178 2912 Ἰομδαῖαι
3240 2840 3329 2896 καὶ
3388 2840 3604 2897 ἄπιστοι
3661 2863 3896 2898 κατακα-

2246 2922 2566 2983 λύπτονται.
2637 2928 2753 3004 Ἐφ’
2811 2927 2872 2982 ού
2930 2928 3021 2983 καὶ
3076 2924 3327 2993 Βαϐύλας
3387 2932 3745 3007 Ἀντιοχείας,
3804 2931 3894 2986 καὶ

2247 3010 2554 3078 Φλαϐιανὸς
2611 3017 2850 3090 Ῥώμης,
2905 3018 2994 3072 καὶ
3067 3016 3419 3094 ἈΛέξανδρος
3474 3021 3892 3095 Ἱεροσολύμων,

2244 3105 2333 3161 καὶ
2366 3105 2646 3166 Διονύσιος
2707 3103 3117 3182 Ἀλεξανδρείας
3168 3108 3562 3185 ἐμαγτύρησαν.
3625 3112 3723 3165 Καὶ
3781 3113 3892 3168 Νο-

2241 3192 2403 3258 ϐάτος
2461 3191 2822 3271 πρεσϐύτερος
2879 3197 2951 3252 ὢν
3007 3205 3108 3268 τῆς
3167 3199 3492 3271 Ἐκκλησίας
3541 3201 3772 3273 ἆπέστη,
3834 3203 3894 3266 ὃς

2237 3289 2365 3351 τοὺς
2395 3285 2746 3350 ἐπιθύσαντας
2789 3287 2838 3342 ἐν
2897 3285 3126 3366 διωγμῷ
3186 3296 3576 3364 μετανοοῦντας
3647 3291 3746 3348 ούκ
3775 3290 3892 3348 ἐδέ-

2244 3396 2394 3453 χετο.
2457 3378 2578 3432 Ἐπὶ
2627 3377 2824 3432 τούτου
2884 3375 3195 3442 Έλκεσαῖος
3255 3381 3610 3457 αἳρεσιάρχης
3670 3382 3895 3459 ἐγνωρί-

2240 3487 2396 3542 χετο.
2457 3465 2722 3540 Ἀνῃρέθη
2785 3463 2841 3521 δέ
2895 3465 3077 3529 Δέκιος
3137 3469 3240 3524 ὑπὸ
3301 3475 3520 3534 Σκυθῶν
3589 3472 3892 3542 ὑποθήκαις

2243 3553 2461 3611 Γάλλου
2494 3553 2546 3609 ἐν
2578 3555 2809 3627 τέλματι
2859 3555 3175 3633 ἆποπνιγεῖς
3230 3561 3362 3632 μετὰ
3390 3565 3486 3615 τοῦ
3547 3559 3687 3616 ἰδίου
3747 3564 3892 3635 υἱοῦ,

2243 3646 2317 3708 ὡς
2363 3643 2503 3719 μηδὲ
2569 3647 2633 3702 τὰ
2691 3648 2918 3720 σώματα
2975 3650 3154 3704 αὐτῶν
3217 3650 3520 3725 εὑρεθῆναι,
3582 3652 3724 3723 ἄξιον
3793 3661 3891 3724 τῆς

2244 3733 2541 3810 θηριωδίας
2573 3736 2746 3790 αὐτῶν
2775 3738 2868 3791 τὸν
2901 3740 3124 3793 θάνατον
3156 3737 3469 3815 εύράμενοι.

2315 3823 2644 3900 Αἰμιλιανὸς
2688 3821 3030 3881 ἐϐασίλευσεν
3089 3822 3206 3889 ἔτος
3264 3825 3339 3897 ἔν,
3371 3829 3461 3884 καὶ
3493 3828 3700 3906 ἐσφάγη
3731 3829 3783 3886 ἐν
3812 3837 3890 3905 τῷ

2244 3915 2495 3989 παλατιῳ
2529 3916 2629 3970 ὑπὸ
2661 3921 2764 3971 τῶν
2809 3918 3176 3990 στρατιωτῶν.

2317 4004 2680 4081 Οὐαλεριανὸς
2710 4007 2796 4060 καὶ
2830 4004 3140 4076 Γαλλιῆνος
3175 4002 3265 4079 ἔτη
3305 4011 3384 4066 ιε’.
3411 4011 3584 4072 Οὗτος
3617 4012 3644 4065 6
3677 4010 3886 4068 Οὐαλε-

2244 4097 2427 4170 ριανὸς
2459 4093 2701 4168 πόλεμον
2736 4095 2870 4169 μετὰ
2930 4096 3196 4172 Σαπώροῦ
3255 4103 3350 4154 τοῦ
3409 4101 3614 4172 Πέρσου
3655 4103 3890 4174 ποιήσας

2243 4185 2332 4240 καὶ
2382 4181 2720 4258 δοριάλωτος
2776 4185 3010 4260 γεγονὼς
3076 4183 3127 4240 ἐν
3193 4189 3506 4263 Καισαρεία,
3573 4189 3720 4265 ἒχων
3787 4214 3890 4265 μυ-

2244 4271 2422 4349 ριάδες
2483 4276 2550 4348 β’,
2605 4274 2707 4328 ὑπὸ
2777 4275 3046 4350 Σαπώρου
3107 4273 3349 4352 ἐκδαρεῖς
3403 4276 3776 4350 ἐτελεύτησεν.
3829 4283 3889 4340 Ὁ

2244 4359 2300 4417 δὲ
2329 4363 2445 4423 υἱὸς
2479 4362 2644 4417 αὐτοῦ
2677 4361 2982 4432 Γαλλιῆνος
3037 4365 3169 4435 μετᾶ
3206 4370 3396 4422 τοῦτον
3452 4373 3662 4444 πρῶτος
3692 4370 3892 4426 ἱππικᾶ

2241 4453 2488 4527 τάγματα
2564 4450 2876 4522 κατέστησε’
2958 4452 3110 4521 πεζοὶ
3176 4455 3277 4529 γὰρ
3334 4456 3470 4510 κατᾶ
3521 4460 3583 4512 τὸ
3639 4457 3786 4514 πολὺ
3839 4459 3889 4514 οἱ

2840 4541 3126 4613 Ῥωμαίων
3210 4544 3480 4620 ὑπῆρχον.
3533 4549 3778 4624 Ἐσφαγη
3834 4544 3889 4603 δὶ

2237 4630 2327 4686 καὶ
2381 4628 2541 4691 αὐτὸς
2587 4629 2688 4683 ὑπὸ
2720 4635 3066 4704 στρατιωτῶν
3099 4634 3185 4704 [Ρ.
3220 4636 3346 4706 259]
3405 4635 3641 4704 πλησίον
3695 4635 3891 4693 Μεδιο-

2239 4718 2439 4776 λάνων.
2503 4719 2624 4775 Ἐπὶ
2678 4719 2874 4773 τούτου
2931 4720 3145 4794 ’ἤκμαζε
3223 4727 3525 4800 Γρηγόριος
3594 4728 3621 4781 6
3679 4729 3886 4801 θαυμα-

2244 4808 2470 4883 τουργὸς
2504 4809 2614 4880 (73)
2644 4807 2732 4862 καὶ
2791 4809 2843 4862 οἱ
2884 4810 3229 4890 αἱρεσιάρχαι
3273 4814 3550 4888 Ἀρτέμων
3608 4817 3698 4870 καὶ
3760 4825 3887 4872 Συν-

2246 4900 2385 4954 ἐπων
2419 4897 2586 4974 ἐγνωρ
2599 4896 2789 4965 ἕζοντο.

2318 4983 2585 5047 Κλαύδιος
2635 4980 2974 5040 ἐϐασίλευσεν
3027 4985 3116 5059 ἔτη
3171 4986 3286 5046 δύο.
3321 4992 3492 5056 Οὗτος
3540 5015 3764 5058 παππος
3799 4994 3885 5070 γέ-

2241 5099 2361 5153 γονε
2422 5076 2828 5133 Κωνσταντίνου
2886 5081 2982 5132 τοῦ
3040 5081 3243 5153 πατρὸς
3312 5085 3711 5140 Κωνσταντίνου
3793 5090 3884 5141 τοῦ

2243 5169 2398 5242 ἁγίου
2455 5166 2545 5220 καὶ
2598 5164 2859 5240 μεγάλου.
2913 5167 3036 5222 Ἐπὶ
3102 5169 3296 5224 τούτου
3357 5173 3407 5226 οἱ
3469 5174 3671 5229 Σκύθαι
3724 5177 3884 5248 περά-

2245 5275 2424 5316 σαντες
2472 5254 2559 5308 καὶ
2616 5254 2711 5316 τὰς
2775 5253 2965 5317 πόλεις
3020 5259 3427 5331 πορθήσαντες,
3485 5259 3884 5336 παραλαϐοντες

1684 5389 2051 5444 XYLANDRI
2089 5389 2176 5444 ET
2213 5386 2428 5444 GOARI
2469 5384 2690 5438 NOTAE.

548 5506 661 5585 (7.3)
684 5509 1173 5585 ΝΑθοοωξειῐ-ἰθῐιείε
1206 5511 1537 5584 episcopus.
1563 5512 1706 5568 Vide
1728 5513 2126 5585 Nicephorum

473 5594 547 5648 vx,
590 5581 676 5635 l7.
709 5580 846 5645 Quae
879 5582 950 5638 de
982 5585 1211 5639 Manete
1242 5580 1598 5654 sequuntur,
1642 5591 1780 5642 sunt
1835 5580 2016 5641 etiam
2066 5586 2127 5640 in

2239 5510 2432 5567 Suidaa
2464 5507 2884 5586 collectaneis;
2918 5527 3054 5586 quae
3072 5515 3266 5586 secuti
3299 5533 3524 5586 sumus,
3546 5521 3645 5576 ubi
3673 5525 3885 5581 rectius

2241 5589 2448 5640 nostro
2480 5579 2683 5636 codice
2715 5579 3366 5654 habere'judicavimus.
3404 5579 3544 5644 Χγιξ.
