  <div class='ocr_page' id='page_1' title='image "/cluster/home/n/w/nwhite01/storage/ocr_20150623/121/hvd.32044073502478/254.png"; bbox 0 0 4194 6198; ppageno 0'>
   <div class='ocr_carea' id='block_1_1' title="bbox 277 435 396 496">
    <p class='ocr_par' dir='ltr' id='par_1_1' title="bbox 277 435 396 496">
     <span class='ocr_line' id='line_1_1' title="bbox 277 435 396 496; baseline -0.017 0"><span class='ocrx_word' id='word_1_1' title='bbox 277 435 396 496; x_wconf 68' lang='grc'>497</span> 
     </span>
    </p>
   </div>
   <div class='ocr_carea' id='block_1_2' title="bbox 1428 428 2565 498">
    <p class='ocr_par' dir='ltr' id='par_1_2' title="bbox 1428 428 2565 498">
     <span class='ocr_line' id='line_1_2' title="bbox 1428 428 2565 498; baseline -0.005 -2"><span class='ocrx_word' id='word_1_2' title='bbox 1428 429 1973 498; x_wconf 78' lang='lat' dir='ltr'>HISTORIARUM</span> <span class='ocrx_word' id='word_1_3' title='bbox 2018 428 2565 492; x_wconf 83' lang='lat' dir='ltr'>COMPENDIUM.</span> 
     </span>
    </p>
   </div>
   <div class='ocr_carea' id='block_1_3' title="bbox 3571 439 3689 500">
    <p class='ocr_par' dir='ltr' id='par_1_3' title="bbox 3571 439 3689 500">
     <span class='ocr_line' id='line_1_3' title="bbox 3571 439 3689 500; baseline 0.008 -2"><span class='ocrx_word' id='word_1_4' title='bbox 3571 439 3689 500; x_wconf 73' lang='grc'>498</span> 
     </span>
    </p>
   </div>
   <div class='ocr_carea' id='block_1_4' title="bbox 280 563 1926 648">
    <p class='ocr_par' dir='ltr' id='par_1_4' title="bbox 280 563 1926 648">
     <span class='ocr_line' id='line_1_4' title="bbox 280 563 1926 648; baseline -0.001 -24"><span class='ocrx_word' id='word_1_5' title='bbox 280 565 338 624; x_wconf 76' lang='grc' dir='ltr'>δὶ</span> <span class='ocrx_word' id='word_1_6' title='bbox 394 564 486 622; x_wconf 69' lang='grc' dir='ltr'>καί</span> <span class='ocrx_word' id='word_1_7' title='bbox 545 565 642 631; x_wconf 79' lang='grc' dir='ltr'>τὰς</span> <span class='ocrx_word' id='word_1_8' title='bbox 694 567 947 640; x_wconf 82' lang='grc' dir='ltr'>Ἀθήνας,</span> <span class='ocrx_word' id='word_1_9' title='bbox 1006 571 1306 648; x_wconf 87' lang='grc' dir='ltr'>συνήγαγον</span> <span class='ocrx_word' id='word_1_10' title='bbox 1360 569 1532 626; x_wconf 88' lang='grc' dir='ltr'>πάντα</span> <span class='ocrx_word' id='word_1_11' title='bbox 1582 572 1650 627; x_wconf 79' lang='grc' dir='ltr'>τὰ</span> <span class='ocrx_word' id='word_1_12' title='bbox 1719 563 1926 645; x_wconf 81' lang='grc' dir='ltr'>βιϐλία¹</span> 
     </span>
    </p>
   </div>
   <div class='ocr_carea' id='block_1_5' title="bbox 2036 563 3688 648">
    <p class='ocr_par' dir='ltr' id='par_1_5' title="bbox 2043 566 3688 647">
     <span class='ocr_line' id='line_1_5' title="bbox 2043 566 3688 647; baseline 0.007 -23"><span class='ocrx_word' id='word_1_13' title='bbox 2043 567 2231 640; x_wconf 85' lang='lat' dir='ltr'>captis</span> <span class='ocrx_word' id='word_1_14' title='bbox 2262 583 2470 624; x_wconf 88' lang='lat' dir='ltr'>omnes</span> <span class='ocrx_word' id='word_1_15' title='bbox 2495 566 2679 626; x_wconf 89' lang='lat' dir='ltr'>libros</span> <span class='ocrx_word' id='word_1_16' title='bbox 2709 570 2770 627; x_wconf 91' lang='lat' dir='ltr'>in</span> <span class='ocrx_word' id='word_1_17' title='bbox 2799 586 2987 629; x_wconf 92' lang='lat' dir='ltr'>unum</span> <span class='ocrx_word' id='word_1_18' title='bbox 3017 580 3459 647; x_wconf 83' lang='lat' dir='ltr'>congesserunt,</span> <span class='ocrx_word' id='word_1_19' title='bbox 3490 579 3556 635; x_wconf 91' lang='lat' dir='ltr'>ut</span> <span class='ocrx_word' id='word_1_20' title='bbox 3586 595 3688 636; x_wconf 88' lang='lat' dir='ltr'>eos</span> 
     </span>
    </p>
   </div>
   <div class='ocr_carea' id='block_1_6' title="bbox 279 653 1935 734">
    <p class='ocr_par' dir='ltr' id='par_1_6' title="bbox 279 653 1935 734">
     <span class='ocr_line' id='line_1_6' title="bbox 279 653 1935 734; baseline -0.001 -21"><span class='ocrx_word' id='word_1_21' title='bbox 279 658 369 713; x_wconf 89' lang='grc' dir='ltr'>καὶ</span> <span class='ocrx_word' id='word_1_22' title='bbox 399 653 715 728; x_wconf 68' lang='grc' dir='ltr'>ἠϐούλοντο</span> <span class='ocrx_word' id='word_1_23' title='bbox 747 662 961 732; x_wconf 77' lang='grc' dir='ltr'>καῦσαι²</span> <span class='ocrx_word' id='word_1_24' title='bbox 992 659 1037 715; x_wconf 81' lang='grc' dir='ltr'>εἶ</span> <span class='ocrx_word' id='word_1_25' title='bbox 1086 663 1161 734; x_wconf 85' lang='grc' dir='ltr'>μή</span> <span class='ocrx_word' id='word_1_26' title='bbox 1211 683 1293 724; x_wconf 86' lang='grc' dir='ltr'>τις</span> <span class='ocrx_word' id='word_1_27' title='bbox 1345 661 1393 731; x_wconf 79' lang='grc' dir='ltr'>ἐξ</span> <span class='ocrx_word' id='word_1_28' title='bbox 1456 660 1632 716; x_wconf 76' lang='grc' dir='ltr'>αὐτῶν</span> <span class='ocrx_word' id='word_1_29' title='bbox 1692 663 1935 732; x_wconf 78' lang='grc' dir='ltr'>κρεῖττον</span> 
     </span>
    </p>
   </div>
   <div class='ocr_carea' id='block_1_7' title="bbox 280 746 1934 830">
    <p class='ocr_par' dir='ltr' id='par_1_7' title="bbox 280 746 1934 830">
     <span class='ocr_line' id='line_1_7' title="bbox 280 746 1934 830; baseline -0.002 -26"><span class='ocrx_word' id='word_1_30' title='bbox 280 752 388 804; x_wconf 78' lang='grc' dir='ltr'>τῶν</span> <span class='ocrx_word' id='word_1_31' title='bbox 418 746 604 803; x_wconf 77' lang='grc' dir='ltr'>ἄλλων</span> <span class='ocrx_word' id='word_1_32' title='bbox 635 748 775 802; x_wconf 85' lang='grc' dir='ltr'>κατά</span> <span class='ocrx_word' id='word_1_33' title='bbox 805 747 949 804; x_wconf 79' lang='grc' dir='ltr'>πολὺ</span> <span class='ocrx_word' id='word_1_34' title='bbox 1008 754 1222 830; x_wconf 77' lang='grc' dir='ltr'>φρονῶν</span> <span class='ocrx_word' id='word_1_35' title='bbox 1271 749 1540 806; x_wconf 83' lang='grc' dir='ltr'>ἐκώλυσεν</span> <span class='ocrx_word' id='word_1_36' title='bbox 1588 747 1803 819; x_wconf 71' lang='grc' dir='ltr'>αὖτοὺς,</span> <span class='ocrx_word' id='word_1_37' title='bbox 1856 746 1934 802; x_wconf 80' lang='grc' dir='ltr'>εί-</span> 
     </span>
    </p>
   </div>
   <div class='ocr_carea' id='block_1_8' title="bbox 282 836 1930 915">
    <p class='ocr_par' dir='ltr' id='par_1_8' title="bbox 282 836 1930 915">
     <span class='ocr_line' id='line_1_8' title="bbox 282 836 1930 915; baseline -0.001 -22"><span class='ocrx_word' id='word_1_38' title='bbox 282 837 420 908; x_wconf 80' lang='grc' dir='ltr'>πὼν,</span> <span class='ocrx_word' id='word_1_39' title='bbox 463 836 547 892; x_wconf 79' lang='grc' dir='ltr'>δτι</span> <span class='ocrx_word' id='word_1_40' title='bbox 593 836 717 911; x_wconf 83' lang='grc' dir='ltr'>περῖ</span> <span class='ocrx_word' id='word_1_41' title='bbox 765 842 934 894; x_wconf 88' lang='grc' dir='ltr'>ταῦτα</span> <span class='ocrx_word' id='word_1_42' title='bbox 973 840 1025 893; x_wconf 72' lang='grc' dir='ltr'>οἱ</span> <span class='ocrx_word' id='word_1_43' title='bbox 1080 845 1343 913; x_wconf 80' lang='grc' dir='ltr'>Ῥωμαῖοι</span> <span class='ocrx_word' id='word_1_44' title='bbox 1403 838 1765 915; x_wconf 75' lang='grc' dir='ltr'>σχολάζοντες</span> <span class='ocrx_word' id='word_1_45' title='bbox 1822 842 1930 892; x_wconf 83' lang='grc' dir='ltr'>τῶν</span> 
     </span>
    </p>
   </div>
   <div class='ocr_carea' id='block_1_9' title="bbox 282 925 1929 1007">
    <p class='ocr_par' dir='ltr' id='par_1_9' title="bbox 282 925 1929 1007">
     <span class='ocr_line' id='line_1_9' title="bbox 282 925 1929 1007; baseline 0.001 -25"><span class='ocrx_word' id='word_1_46' title='bbox 282 925 545 1001; x_wconf 70' lang='grc' dir='ltr'>πολέμων</span> <span class='ocrx_word' id='word_1_47' title='bbox 579 925 898 1002; x_wconf 88' lang='grc' dir='ltr'>ἀμελοῦσιν.</span> <span class='ocrx_word' id='word_1_48' title='bbox 935 927 1106 990; x_wconf 82' lang='grc' dir='ltr'>Οῦτος</span> <span class='ocrx_word' id='word_1_49' title='bbox 1138 929 1490 1007; x_wconf 81' lang='grc' dir='ltr'>Αὐρηλιανὸν</span> <span class='ocrx_word' id='word_1_50' title='bbox 1523 929 1600 993; x_wconf 79' lang='grc' dir='ltr'>εἷς</span> <span class='ocrx_word' id='word_1_51' title='bbox 1631 930 1732 999; x_wconf 75' lang='grc' dir='ltr'>τὴν</span> <span class='ocrx_word' id='word_1_52' title='bbox 1775 930 1929 1005; x_wconf 82' lang='grc' dir='ltr'>βασι-</span> 
     </span>
    </p>
   </div>
   <div class='ocr_carea' id='block_1_10' title="bbox 281 1015 1064 1093">
    <p class='ocr_par' dir='ltr' id='par_1_10' title="bbox 281 1015 1064 1093">
     <span class='ocr_line' id='line_1_10' title="bbox 281 1015 1064 1093; baseline 0.004 -20"><span class='ocrx_word' id='word_1_53' title='bbox 281 1015 433 1074; x_wconf 88' lang='grc' dir='ltr'>λείαν</span> <span class='ocrx_word' id='word_1_54' title='bbox 465 1018 790 1093; x_wconf 86' lang='grc' dir='ltr'>προαγαγὼν</span> <span class='ocrx_word' id='word_1_55' title='bbox 821 1017 1064 1090; x_wconf 77' lang='grc' dir='ltr'>τελευτᾷ.</span> 
     </span>
    </p>
   </div>
   <div class='ocr_carea' id='block_1_11' title="bbox 355 1103 1927 1184">
    <p class='ocr_par' dir='ltr' id='par_1_11' title="bbox 355 1103 1927 1184">
     <span class='ocr_line' id='line_1_11' title="bbox 355 1103 1927 1184; baseline 0.001 -24"><span class='ocrx_word' id='word_1_56' title='bbox 355 1103 709 1167; x_wconf 82' lang='grc' dir='ltr'>Κυντιλιανὸς</span> <span class='ocrx_word' id='word_1_57' title='bbox 768 1103 1002 1184; x_wconf 76' lang='grc' dir='ltr'>ἀδελφὸς</span> <span class='ocrx_word' id='word_1_58' title='bbox 1062 1105 1335 1164; x_wconf 77' lang='grc' dir='ltr'>Κλαυδίου</span> <span class='ocrx_word' id='word_1_59' title='bbox 1393 1103 1734 1164; x_wconf 87' lang='grc' dir='ltr'>ἐϐασίλευσεν</span> <span class='ocrx_word' id='word_1_60' title='bbox 1787 1108 1927 1181; x_wconf 79' lang='grc' dir='ltr'>ἡμὲ-</span> 
     </span>
    </p>
   </div>
   <div class='ocr_carea' id='block_1_12' title="bbox 281 1192 1925 1273">
    <p class='ocr_par' dir='ltr' id='par_1_12' title="bbox 281 1192 1925 1273">
     <span class='ocr_line' id='line_1_12' title="bbox 281 1192 1925 1273; baseline 0.001 -22"><span class='ocrx_word' id='word_1_61' title='bbox 281 1216 376 1273; x_wconf 87' lang='grc' dir='ltr'>ρας</span> <span class='ocrx_word' id='word_1_62' title='bbox 409 1197 471 1266; x_wconf 89' lang='grc' dir='ltr'>ζ’.</span> <span class='ocrx_word' id='word_1_63' title='bbox 507 1193 728 1265; x_wconf 85' lang='grc' dir='ltr'>Ἐπειδή</span> <span class='ocrx_word' id='word_1_64' title='bbox 773 1194 874 1273; x_wconf 73' lang='grc' dir='ltr'>γάρ</span> <span class='ocrx_word' id='word_1_65' title='bbox 908 1192 1046 1272; x_wconf 81' lang='grc' dir='ltr'>ἔγνω</span> <span class='ocrx_word' id='word_1_66' title='bbox 1076 1197 1422 1273; x_wconf 74' lang='grc' dir='ltr'>Αὐρηλιανὸν</span> <span class='ocrx_word' id='word_1_67' title='bbox 1467 1193 1723 1267; x_wconf 78' lang='grc' dir='ltr'>ἐπιϐῆναι</span> <span class='ocrx_word' id='word_1_68' title='bbox 1783 1196 1925 1270; x_wconf 83' lang='grc' dir='ltr'>μέλ-</span> 
     </span>
    </p>
   </div>
   <div class='ocr_carea' id='block_1_13' title="bbox 280 1286 1928 1365">
    <p class='ocr_par' dir='ltr' id='par_1_13' title="bbox 280 1286 1928 1365">
     <span class='ocr_line' id='line_1_13' title="bbox 280 1286 1928 1365; baseline -0.001 -23"><span class='ocrx_word' id='word_1_69' title='bbox 280 1287 450 1342; x_wconf 90' lang='grc' dir='ltr'>λοντα</span> <span class='ocrx_word' id='word_1_70' title='bbox 504 1289 571 1359; x_wconf 83' lang='grc' dir='ltr'>τῇ</span> <span class='ocrx_word' id='word_1_71' title='bbox 629 1286 917 1358; x_wconf 87' lang='grc' dir='ltr'>Ῥωμαίων</span> <span class='ocrx_word' id='word_1_72' title='bbox 1003 1287 1173 1362; x_wconf 82' lang='grc' dir='ltr'>ἀρχῇ,</span> <span class='ocrx_word' id='word_1_73' title='bbox 1262 1289 1448 1342; x_wconf 74' lang='grc' dir='ltr'>ἑαυτὸν</span> <span class='ocrx_word' id='word_1_74' title='bbox 1527 1287 1775 1365; x_wconf 80' lang='grc' dir='ltr'>ὑπεξάγει</span> <span class='ocrx_word' id='word_1_75' title='bbox 1833 1291 1928 1342; x_wconf 85' lang='grc' dir='ltr'>τοῦ</span> 
     </span>
    </p>
   </div>
   <div class='ocr_carea' id='block_1_14' title="bbox 284 1369 1926 1453">
    <p class='ocr_par' dir='ltr' id='par_1_14' title="bbox 284 1369 1926 1453">
     <span class='ocr_line' id='line_1_14' title="bbox 284 1369 1926 1453; baseline 0.001 -24"><span class='ocrx_word' id='word_1_76' title='bbox 284 1373 432 1452; x_wconf 81' lang='grc' dir='ltr'>βίου,</span> <span class='ocrx_word' id='word_1_77' title='bbox 462 1375 560 1442; x_wconf 71' lang='grc' dir='ltr'>τὴν</span> <span class='ocrx_word' id='word_1_78' title='bbox 596 1369 770 1450; x_wconf 77' lang='grc' dir='ltr'>φλέϐα</span> <span class='ocrx_word' id='word_1_79' title='bbox 800 1375 1034 1448; x_wconf 78' lang='grc' dir='ltr'>τμηθεὶς</span> <span class='ocrx_word' id='word_1_80' title='bbox 1059 1383 1159 1444; x_wconf 76' lang='grc' dir='ltr'>τῆς</span> <span class='ocrx_word' id='word_1_81' title='bbox 1191 1377 1379 1453; x_wconf 84' lang='grc' dir='ltr'>χειρὸς</span> <span class='ocrx_word' id='word_1_82' title='bbox 1415 1377 1516 1432; x_wconf 84' lang='grc' dir='ltr'>ὑπό</span> <span class='ocrx_word' id='word_1_83' title='bbox 1547 1397 1692 1438; x_wconf 89' lang='grc' dir='ltr'>τινος</span> <span class='ocrx_word' id='word_1_84' title='bbox 1715 1375 1926 1450; x_wconf 75' lang='grc' dir='ltr'>ἱατροῦ,</span> 
     </span>
    </p>
   </div>
   <div class='ocr_carea' id='block_1_15' title="bbox 285 1461 1353 1543">
    <p class='ocr_par' dir='ltr' id='par_1_15' title="bbox 285 1461 1353 1543">
     <span class='ocr_line' id='line_1_15' title="bbox 285 1461 1353 1543; baseline 0.005 -25"><span class='ocrx_word' id='word_1_85' title='bbox 285 1463 486 1543; x_wconf 70' lang='grc' dir='ltr'>μέχρις</span> <span class='ocrx_word' id='word_1_86' title='bbox 518 1461 580 1518; x_wconf 75' lang='grc' dir='ltr'>οὗ</span> <span class='ocrx_word' id='word_1_87' title='bbox 614 1461 1041 1542; x_wconf 78' lang='grc' dir='ltr'>λειποψυχήσας</span> <span class='ocrx_word' id='word_1_88' title='bbox 1073 1464 1353 1530; x_wconf 75' lang='grc' dir='ltr'>ἀπέθανεν.</span> 
     </span>
    </p>
   </div>
   <div class='ocr_carea' id='block_1_16' title="bbox 351 1548 1929 1630">
    <p class='ocr_par' dir='ltr' id='par_1_16' title="bbox 351 1548 1929 1630">
     <span class='ocr_line' id='line_1_16' title="bbox 351 1548 1929 1630; baseline -0.001 -20"><span class='ocrx_word' id='word_1_89' title='bbox 351 1551 698 1628; x_wconf 79' lang='grc' dir='ltr'>Λῦρηλιανὸς</span> <span class='ocrx_word' id='word_1_90' title='bbox 758 1548 1100 1609; x_wconf 84' lang='grc' dir='ltr'>ἐϐασίλευσεν</span> <span class='ocrx_word' id='word_1_91' title='bbox 1147 1548 1239 1626; x_wconf 80' lang='grc' dir='ltr'>ἔτη</span> <span class='ocrx_word' id='word_1_92' title='bbox 1289 1557 1352 1625; x_wconf 82' lang='grc' dir='ltr'>ς’,</span> <span class='ocrx_word' id='word_1_93' title='bbox 1414 1553 1648 1630; x_wconf 69' lang='grc' dir='ltr'>ἀνῃρέθη</span> <span class='ocrx_word' id='word_1_94' title='bbox 1708 1551 1767 1609; x_wconf 72' lang='grc' dir='ltr'>δὲ</span> <span class='ocrx_word' id='word_1_95' title='bbox 1825 1551 1929 1609; x_wconf 81' lang='grc' dir='ltr'>ὖπδ</span> 
     </span>
    </p>
   </div>
   <div class='ocr_carea' id='block_1_17' title="bbox 283 1641 1928 1718">
    <p class='ocr_par' dir='ltr' id='par_1_17' title="bbox 283 1641 1928 1718">
     <span class='ocr_line' id='line_1_17' title="bbox 283 1641 1928 1718; baseline 0 -20"><span class='ocrx_word' id='word_1_96' title='bbox 283 1647 626 1716; x_wconf 74' lang='grc' dir='ltr'>στρατιωτῶν</span> <span class='ocrx_word' id='word_1_97' title='bbox 659 1642 853 1715; x_wconf 79' lang='grc' dir='ltr'>μεταξὺ</span> <span class='ocrx_word' id='word_1_98' title='bbox 884 1641 1204 1718; x_wconf 76' lang='grc' dir='ltr'>Ἡρακλείας</span> <span class='ocrx_word' id='word_1_99' title='bbox 1231 1644 1321 1699; x_wconf 78' lang='grc' dir='ltr'>κύὶ</span> <span class='ocrx_word' id='word_1_100' title='bbox 1381 1644 1694 1714; x_wconf 78' lang='grc' dir='ltr'>Βυζαντίου,</span> <span class='ocrx_word' id='word_1_101' title='bbox 1749 1641 1798 1698; x_wconf 86' lang='grc' dir='ltr'>ἐν</span> <span class='ocrx_word' id='word_1_102' title='bbox 1849 1647 1928 1715; x_wconf 84' lang='grc' dir='ltr'>τῷ</span> 
     </span>
    </p>
   </div>
   <div class='ocr_carea' id='block_1_18' title="bbox 281 1729 1925 1813">
    <p class='ocr_par' dir='ltr' id='par_1_18' title="bbox 281 1729 1925 1813">
     <span class='ocr_line' id='line_1_18' title="bbox 281 1729 1925 1813; baseline 0 -27"><span class='ocrx_word' id='word_1_103' title='bbox 281 1729 605 1804; x_wconf 72' lang='grc' dir='ltr'>καλουμένῳ</span> <span class='ocrx_word' id='word_1_104' title='bbox 638 1736 820 1803; x_wconf 83' lang='grc' dir='ltr'>Καινῷ</span> <span class='ocrx_word' id='word_1_105' title='bbox 850 1731 1117 1810; x_wconf 72' lang='grc' dir='ltr'>φρουρίῳ,</span> <span class='ocrx_word' id='word_1_106' title='bbox 1152 1733 1282 1809; x_wconf 82' lang='grc' dir='ltr'>ὅπερ</span> <span class='ocrx_word' id='word_1_107' title='bbox 1317 1731 1606 1813; x_wconf 76' lang='grc' dir='ltr'>ἐγχωρίους</span> <span class='ocrx_word' id='word_1_108' title='bbox 1641 1729 1925 1810; x_wconf 73' lang='grc' dir='ltr'>Κενοφλώ⁴</span> 
     </span>
    </p>
   </div>
   <div class='ocr_carea' id='block_1_19' title="bbox 285 1819 1928 1899">
    <p class='ocr_par' dir='ltr' id='par_1_19' title="bbox 285 1819 1928 1899">
     <span class='ocr_line' id='line_1_19' title="bbox 285 1819 1928 1899; baseline 0.001 -23"><span class='ocrx_word' id='word_1_109' title='bbox 285 1841 398 1897; x_wconf 89' lang='grc' dir='ltr'>ριον</span> <span class='ocrx_word' id='word_1_110' title='bbox 425 1819 664 1899; x_wconf 67' lang='grc' dir='ltr'>λέγεται.</span> <span class='ocrx_word' id='word_1_111' title='bbox 699 1821 833 1897; x_wconf 74' lang='grc' dir='ltr'>Εἶχε</span> <span class='ocrx_word' id='word_1_112' title='bbox 862 1822 962 1897; x_wconf 81' lang='grc' dir='ltr'>γὰρ</span> <span class='ocrx_word' id='word_1_113' title='bbox 993 1822 1341 1892; x_wconf 72' lang='grc' dir='ltr'>ώτακουστὴν</span> <span class='ocrx_word' id='word_1_114' title='bbox 1399 1820 1740 1898; x_wconf 72' lang='grc' dir='ltr'>Αὓρηλιανός</span> <span class='ocrx_word' id='word_1_115' title='bbox 1789 1843 1928 1893; x_wconf 85' lang='grc' dir='ltr'>τινα,</span> 
     </span>
    </p>
   </div>
   <div class='ocr_carea' id='block_1_20' title="bbox 282 1909 2004 1998">
    <p class='ocr_par' dir='ltr' id='par_1_20' title="bbox 282 1909 2004 1998">
     <span class='ocr_line' id='line_1_20' title="bbox 282 1909 2004 1998; baseline 0.003 -33"><span class='ocrx_word' id='word_1_116' title='bbox 282 1911 340 1972; x_wconf 82' lang='grc' dir='ltr'>δς</span> <span class='ocrx_word' id='word_1_117' title='bbox 372 1909 620 1988; x_wconf 74' lang='grc' dir='ltr'>ἀνέφερεν</span> <span class='ocrx_word' id='word_1_118' title='bbox 667 1910 814 1984; x_wconf 76' lang='grc' dir='ltr'>αὖτῷ</span> <span class='ocrx_word' id='word_1_119' title='bbox 871 1913 1043 1966; x_wconf 86' lang='grc' dir='ltr'>πάντα</span> <span class='ocrx_word' id='word_1_120' title='bbox 1080 1912 1146 1966; x_wconf 84' lang='grc' dir='ltr'>τὰ</span> <span class='ocrx_word' id='word_1_121' title='bbox 1189 1913 1446 1988; x_wconf 82' lang='grc' dir='ltr'>γινόμενα</span> <span class='ocrx_word' id='word_1_122' title='bbox 1487 1913 1577 1967; x_wconf 81' lang='grc' dir='ltr'>καὶ</span> <span class='ocrx_word' id='word_1_123' title='bbox 1635 1911 1925 1990; x_wconf 84' lang='grc' dir='ltr'>λεγόμενα.</span> <span class='ocrx_word' id='word_1_124' title='bbox 1955 1934 2004 1998; x_wconf 82' lang='grc' dir='ltr'><strong>Β</strong></span> 
     </span>
    </p>
   </div>
   <div class='ocr_carea' id='block_1_21' title="bbox 281 1997 1919 2075">
    <p class='ocr_par' dir='ltr' id='par_1_21' title="bbox 281 1997 1919 2075">
     <span class='ocr_line' id='line_1_21' title="bbox 281 1997 1919 2075; baseline 0.001 -19"><span class='ocrx_word' id='word_1_125' title='bbox 281 1997 625 2070; x_wconf 80' lang='grc' dir='ltr'>Ἀπειληθεῖς</span> <span class='ocrx_word' id='word_1_126' title='bbox 659 1998 748 2054; x_wconf 68' lang='grc' dir='ltr'>οῦν</span> <span class='ocrx_word' id='word_1_127' title='bbox 785 2021 914 2055; x_wconf 89' lang='grc' dir='ltr'>ποτε</span> <span class='ocrx_word' id='word_1_128' title='bbox 944 2002 1072 2075; x_wconf 88' lang='grc' dir='ltr'>παρ’</span> <span class='ocrx_word' id='word_1_129' title='bbox 1113 2000 1275 2056; x_wconf 78' lang='grc' dir='ltr'>αὐτοῦ</span> <span class='ocrx_word' id='word_1_130' title='bbox 1325 1999 1414 2056; x_wconf 81' lang='grc' dir='ltr'>διά</span> <span class='ocrx_word' id='word_1_131' title='bbox 1449 2023 1570 2057; x_wconf 89' lang='grc' dir='ltr'>τινα</span> <span class='ocrx_word' id='word_1_132' title='bbox 1617 2001 1792 2057; x_wconf 82' lang='grc' dir='ltr'>αἰτίαν</span> <span class='ocrx_word' id='word_1_133' title='bbox 1831 2003 1919 2058; x_wconf 85' lang='grc' dir='ltr'>καὶ</span> 
     </span>
    </p>
   </div>
   <div class='ocr_carea' id='block_1_22' title="bbox 280 2086 1924 2169">
    <p class='ocr_par' dir='ltr' id='par_1_22' title="bbox 280 2086 1924 2169">
     <span class='ocr_line' id='line_1_22' title="bbox 280 2086 1924 2169; baseline 0 -25"><span class='ocrx_word' id='word_1_134' title='bbox 280 2086 541 2167; x_wconf 73' lang='grc' dir='ltr'>φοϐηθεὶς</span> <span class='ocrx_word' id='word_1_135' title='bbox 585 2086 896 2162; x_wconf 78' lang='grc' dir='ltr'>ἐμιμήσατο</span> <span class='ocrx_word' id='word_1_136' title='bbox 955 2092 1053 2161; x_wconf 75' lang='grc' dir='ltr'>τήν</span> <span class='ocrx_word' id='word_1_137' title='bbox 1113 2096 1274 2169; x_wconf 82' lang='grc' dir='ltr'>χεῖρα</span> <span class='ocrx_word' id='word_1_138' title='bbox 1329 2095 1425 2146; x_wconf 87' lang='grc' dir='ltr'>τοῦ</span> <span class='ocrx_word' id='word_1_139' title='bbox 1486 2088 1776 2167; x_wconf 78' lang='grc' dir='ltr'>βασιλέως,</span> <span class='ocrx_word' id='word_1_140' title='bbox 1834 2092 1924 2146; x_wconf 85' lang='grc' dir='ltr'>καὶ</span> 
     </span>
    </p>
   </div>
   <div class='ocr_carea' id='block_1_23' title="bbox 279 2177 1922 2257">
    <p class='ocr_par' dir='ltr' id='par_1_23' title="bbox 279 2177 1922 2257">
     <span class='ocr_line' id='line_1_23' title="bbox 279 2177 1922 2257; baseline 0.001 -25"><span class='ocrx_word' id='word_1_141' title='bbox 279 2177 561 2257; x_wconf 75' lang='grc' dir='ltr'>ἐγγράφως</span> <span class='ocrx_word' id='word_1_142' title='bbox 620 2178 997 2252; x_wconf 69' lang='grc' dir='ltr'>ποιησαμένου</span> <span class='ocrx_word' id='word_1_143' title='bbox 1042 2180 1336 2255; x_wconf 81' lang='grc' dir='ltr'>ὀνομασίας</span> <span class='ocrx_word' id='word_1_144' title='bbox 1396 2177 1666 2236; x_wconf 82' lang='grc' dir='ltr'>δυναστῶν</span> <span class='ocrx_word' id='word_1_145' title='bbox 1720 2181 1794 2242; x_wconf 82' lang='grc' dir='ltr'>ὡς</span> <span class='ocrx_word' id='word_1_146' title='bbox 1835 2180 1922 2235; x_wconf 81' lang='grc' dir='ltr'>ἐπὶ</span> 
     </span>
    </p>
   </div>
   <div class='ocr_carea' id='block_1_24' title="bbox 279 2265 1920 2349">
    <p class='ocr_par' dir='ltr' id='par_1_24' title="bbox 279 2265 1920 2349">
     <span class='ocr_line' id='line_1_24' title="bbox 279 2265 1920 2349; baseline 0.003 -28"><span class='ocrx_word' id='word_1_147' title='bbox 279 2265 504 2322; x_wconf 82' lang='grc' dir='ltr'>Θάνατον</span> <span class='ocrx_word' id='word_1_148' title='bbox 561 2265 982 2344; x_wconf 76' lang='grc' dir='ltr'>ἀχθησομένων,</span> <span class='ocrx_word' id='word_1_149' title='bbox 1069 2271 1218 2324; x_wconf 81' lang='grc' dir='ltr'>οὗτοι</span> <span class='ocrx_word' id='word_1_150' title='bbox 1301 2265 1629 2349; x_wconf 81' lang='grc' dir='ltr'>φοϐηθέντες</span> <span class='ocrx_word' id='word_1_151' title='bbox 1705 2269 1920 2326; x_wconf 77' lang='grc' dir='ltr'>ἀνεῖλον</span> 
     </span>
    </p>
   </div>
   <div class='ocr_carea' id='block_1_25' title="bbox 280 2356 1922 2437">
    <p class='ocr_par' dir='ltr' id='par_1_25' title="bbox 280 2356 1922 2437">
     <span class='ocr_line' id='line_1_25' title="bbox 280 2356 1922 2437; baseline 0.002 -25"><span class='ocrx_word' id='word_1_152' title='bbox 280 2356 460 2414; x_wconf 73' lang='grc' dir='ltr'>αὒτόν.</span> <span class='ocrx_word' id='word_1_153' title='bbox 525 2359 646 2415; x_wconf 81' lang='grc' dir='ltr'>Ἐπὶ</span> <span class='ocrx_word' id='word_1_154' title='bbox 706 2359 901 2414; x_wconf 72' lang='grc' dir='ltr'>τούτου</span> <span class='ocrx_word' id='word_1_155' title='bbox 962 2361 990 2415; x_wconf 88' lang='lat'>6</span> <span class='ocrx_word' id='word_1_156' title='bbox 1047 2360 1198 2437; x_wconf 77' lang='grc' dir='ltr'>ἃγιος</span> <span class='ocrx_word' id='word_1_157' title='bbox 1256 2361 1504 2436; x_wconf 78' lang='grc' dir='ltr'>Χαρίτων</span> <span class='ocrx_word' id='word_1_158' title='bbox 1571 2361 1922 2436; x_wconf 84' lang='grc' dir='ltr'>ὡμολόγησε,</span> 
     </span>
    </p>
   </div>
   <div class='ocr_carea' id='block_1_26' title="bbox 279 2446 1921 2529">
    <p class='ocr_par' dir='ltr' id='par_1_26' title="bbox 279 2446 1921 2529">
     <span class='ocr_line' id='line_1_26' title="bbox 279 2446 1921 2529; baseline 0.001 -26"><span class='ocrx_word' id='word_1_159' title='bbox 279 2450 365 2504; x_wconf 78' lang='grc' dir='ltr'>καὶ</span> <span class='ocrx_word' id='word_1_160' title='bbox 402 2446 620 2510; x_wconf 78' lang='grc' dir='ltr'>Παῦλος</span> <span class='ocrx_word' id='word_1_161' title='bbox 680 2449 707 2503; x_wconf 97' lang='lat'>6</span> <span class='ocrx_word' id='word_1_162' title='bbox 767 2449 1116 2522; x_wconf 79' lang='grc' dir='ltr'>Σαμοσατεὺς</span> <span class='ocrx_word' id='word_1_163' title='bbox 1173 2455 1268 2506; x_wconf 83' lang='grc' dir='ltr'>τοῦ</span> <span class='ocrx_word' id='word_1_164' title='bbox 1329 2447 1520 2520; x_wconf 83' lang='grc' dir='ltr'>θρόνου</span> <span class='ocrx_word' id='word_1_165' title='bbox 1578 2450 1921 2529; x_wconf 76' lang='grc' dir='ltr'>Ἀντιοχείας</span> 
     </span>
    </p>
   </div>
   <div class='ocr_carea' id='block_1_27' title="bbox 277 2538 1925 2615">
    <p class='ocr_par' dir='ltr' id='par_1_27' title="bbox 277 2538 1925 2615">
     <span class='ocr_line' id='line_1_27' title="bbox 277 2538 1925 2615; baseline 0.001 -23"><span class='ocrx_word' id='word_1_166' title='bbox 277 2539 630 2612; x_wconf 70' lang='grc' dir='ltr'>καθηιρεῖται.</span> <span class='ocrx_word' id='word_1_167' title='bbox 667 2538 786 2614; x_wconf 77' lang='grc' dir='ltr'>Ἐφ’</span> <span class='ocrx_word' id='word_1_168' title='bbox 826 2539 886 2592; x_wconf 84' lang='grc' dir='ltr'>οῦ</span> <span class='ocrx_word' id='word_1_169' title='bbox 946 2539 1131 2610; x_wconf 82' lang='grc' dir='ltr'>Μάνης</span> <span class='ocrx_word' id='word_1_170' title='bbox 1192 2541 1218 2593; x_wconf 93' lang='grc' dir='ltr'>ὁ</span> <span class='ocrx_word' id='word_1_171' title='bbox 1285 2541 1478 2615; x_wconf 89' lang='grc' dir='ltr'>μιαρὸς</span> <span class='ocrx_word' id='word_1_172' title='bbox 1537 2539 1626 2594; x_wconf 76' lang='grc' dir='ltr'>καὶ</span> <span class='ocrx_word' id='word_1_173' title='bbox 1669 2559 1925 2614; x_wconf 89' lang='grc' dir='ltr'>τρισκατ-</span> 
     </span>
    </p>
   </div>
   <div class='ocr_carea' id='block_1_28' title="bbox 277 2625 1924 2706">
    <p class='ocr_par' dir='ltr' id='par_1_28' title="bbox 277 2625 1924 2706">
     <span class='ocr_line' id='line_1_28' title="bbox 277 2625 1924 2706; baseline 0.002 -25"><span class='ocrx_word' id='word_1_174' title='bbox 277 2625 475 2701; x_wconf 85' lang='grc' dir='ltr'>άρατος</span> <span class='ocrx_word' id='word_1_175' title='bbox 530 2627 750 2705; x_wconf 57' lang='grc' dir='ltr'>ἆνερ-5η,</span> <span class='ocrx_word' id='word_1_176' title='bbox 811 2629 1036 2700; x_wconf 87' lang='grc' dir='ltr'>Χριστὸν</span> <span class='ocrx_word' id='word_1_177' title='bbox 1104 2629 1288 2684; x_wconf 70' lang='grc' dir='ltr'>ἑαυτὸν</span> <span class='ocrx_word' id='word_1_178' title='bbox 1344 2631 1436 2684; x_wconf 83' lang='grc' dir='ltr'>καὶ</span> <span class='ocrx_word' id='word_1_179' title='bbox 1495 2632 1710 2703; x_wconf 84' lang='grc' dir='ltr'>Ηνεῦμα</span> <span class='ocrx_word' id='word_1_180' title='bbox 1769 2631 1924 2706; x_wconf 70' lang='grc' dir='ltr'>ἅγιον</span> 
     </span>
    </p>
   </div>
   <div class='ocr_carea' id='block_1_29' title="bbox 281 2717 1920 2795">
    <p class='ocr_par' dir='ltr' id='par_1_29' title="bbox 281 2717 1920 2795">
     <span class='ocr_line' id='line_1_29' title="bbox 281 2717 1920 2795; baseline 0.003 -25"><span class='ocrx_word' id='word_1_181' title='bbox 281 2717 718 2795; x_wconf 70' lang='grc' dir='ltr'>μορφαζόμενος,</span> <span class='ocrx_word' id='word_1_182' title='bbox 751 2718 836 2771; x_wconf 79' lang='grc' dir='ltr'>καὶ</span> <span class='ocrx_word' id='word_1_183' title='bbox 890 2717 950 2772; x_wconf 85' lang='grc' dir='ltr'>ἐκ</span> <span class='ocrx_word' id='word_1_184' title='bbox 1004 2720 1180 2790; x_wconf 81' lang='grc' dir='ltr'>πάσης</span> <span class='ocrx_word' id='word_1_185' title='bbox 1233 2718 1488 2795; x_wconf 70' lang='grc' dir='ltr'>αἱρέσεως</span> <span class='ocrx_word' id='word_1_186' title='bbox 1549 2718 1602 2774; x_wconf 81' lang='grc' dir='ltr'>εἶ’</span> <span class='ocrx_word' id='word_1_187' title='bbox 1647 2741 1698 2775; x_wconf 89' lang='grc' dir='ltr'>τι</span> <span class='ocrx_word' id='word_1_188' title='bbox 1758 2721 1920 2775; x_wconf 83' lang='grc' dir='ltr'>κακὸν</span> 
     </span>
    </p>
   </div>
   <div class='ocr_carea' id='block_1_30' title="bbox 277 2804 1922 2888">
    <p class='ocr_par' dir='ltr' id='par_1_30' title="bbox 277 2804 1922 2888">
     <span class='ocr_line' id='line_1_30' title="bbox 277 2804 1922 2888; baseline 0.002 -27"><span class='ocrx_word' id='word_1_189' title='bbox 277 2804 686 2882; x_wconf 74' lang='grc' dir='ltr'>ἐρανιζόμενος,</span> <span class='ocrx_word' id='word_1_190' title='bbox 748 2806 806 2862; x_wconf 83' lang='grc' dir='ltr'>ἐκ</span> <span class='ocrx_word' id='word_1_191' title='bbox 865 2806 1128 2884; x_wconf 84' lang='grc' dir='ltr'>Περσίδος</span> <span class='ocrx_word' id='word_1_192' title='bbox 1175 2809 1252 2872; x_wconf 69' lang='grc' dir='ltr'>εἷς</span> <span class='ocrx_word' id='word_1_193' title='bbox 1308 2811 1409 2880; x_wconf 73' lang='grc' dir='ltr'>τὴν</span> <span class='ocrx_word' id='word_1_194' title='bbox 1465 2811 1754 2884; x_wconf 88' lang='grc' dir='ltr'>Ῥωμαίων</span> <span class='ocrx_word' id='word_1_195' title='bbox 1821 2817 1922 2888; x_wconf 80' lang='grc' dir='ltr'>γῆν</span> 
     </span>
    </p>
   </div>
   <div class='ocr_carea' id='block_1_31' title="bbox 275 2895 1336 2976">
    <p class='ocr_par' dir='ltr' id='par_1_31' title="bbox 275 2895 1336 2976">
     <span class='ocr_line' id='line_1_31' title="bbox 275 2895 1336 2976; baseline 0.005 -24"><span class='ocrx_word' id='word_1_196' title='bbox 275 2895 410 2952; x_wconf 83' lang='grc' dir='ltr'>κατᾶ</span> <span class='ocrx_word' id='word_1_197' title='bbox 443 2900 576 2951; x_wconf 85' lang='grc' dir='ltr'>Θεοῦ</span> <span class='ocrx_word' id='word_1_198' title='bbox 611 2900 964 2976; x_wconf 77' lang='grc' dir='ltr'>συγχώρησιν</span> <span class='ocrx_word' id='word_1_199' title='bbox 998 2897 1336 2974; x_wconf 65' lang='grc' dir='ltr'>εἰσέφρησεν.</span> 
     </span>
    </p>
   </div>
   <div class='ocr_carea' id='block_1_32' title="bbox 345 3074 1927 3148">
    <p class='ocr_par' dir='ltr' id='par_1_32' title="bbox 345 3074 1927 3148">
     <span class='ocr_line' id='line_1_32' title="bbox 345 3074 1927 3148; baseline 0.003 -19"><span class='ocrx_word' id='word_1_200' title='bbox 345 3076 520 3137; x_wconf 77' lang='grc' dir='ltr'>Οὗτος</span> <span class='ocrx_word' id='word_1_201' title='bbox 551 3074 644 3130; x_wconf 76' lang='grc' dir='ltr'>οῦν</span> <span class='ocrx_word' id='word_1_202' title='bbox 687 3077 715 3130; x_wconf 90' lang='lat'>6</span> <span class='ocrx_word' id='word_1_203' title='bbox 751 3087 1012 3148; x_wconf 79' lang='grc' dir='ltr'>μεμηνώς</span> <span class='ocrx_word' id='word_1_204' title='bbox 1043 3077 1255 3147; x_wconf 77' lang='grc' dir='ltr'>Μάνης,</span> <span class='ocrx_word' id='word_1_205' title='bbox 1287 3077 1316 3131; x_wconf 91' lang='lat'>6</span> <span class='ocrx_word' id='word_1_206' title='bbox 1347 3077 1435 3132; x_wconf 82' lang='grc' dir='ltr'>καὶ</span> <span class='ocrx_word' id='word_1_207' title='bbox 1488 3077 1781 3142; x_wconf 84' lang='grc' dir='ltr'>Σκυθιανὸς</span> <span class='ocrx_word' id='word_1_208' title='bbox 1833 3077 1927 3133; x_wconf 90' lang='grc' dir='ltr'>λε-</span> 
     </span>
    </p>
   </div>
   <div class='ocr_carea' id='block_1_33' title="bbox 272 3163 1926 3242">
    <p class='ocr_par' dir='ltr' id='par_1_33' title="bbox 272 3163 1926 3242">
     <span class='ocr_line' id='line_1_33' title="bbox 272 3163 1926 3242; baseline 0.002 -23"><span class='ocrx_word' id='word_1_209' title='bbox 272 3164 524 3241; x_wconf 80' lang='grc' dir='ltr'>γόμενος,</span> <span class='ocrx_word' id='word_1_210' title='bbox 584 3165 926 3242; x_wconf 78' lang='grc' dir='ltr'>Βραχμάνης</span> <span class='ocrx_word' id='word_1_211' title='bbox 976 3164 1042 3232; x_wconf 78' lang='grc' dir='ltr'>ἦν</span> <span class='ocrx_word' id='word_1_212' title='bbox 1103 3166 1165 3218; x_wconf 85' lang='grc' dir='ltr'>τὸ</span> <span class='ocrx_word' id='word_1_213' title='bbox 1221 3167 1397 3239; x_wconf 76' lang='grc' dir='ltr'>γένος,</span> <span class='ocrx_word' id='word_1_214' title='bbox 1476 3163 1800 3222; x_wconf 85' lang='grc' dir='ltr'>διδάσκαλον</span> <span class='ocrx_word' id='word_1_215' title='bbox 1869 3165 1926 3222; x_wconf 71' lang='grc' dir='ltr'>δὲ</span> 
     </span>
    </p>
   </div>
   <div class='ocr_carea' id='block_1_34' title="bbox 274 3251 1926 3331">
    <p class='ocr_par' dir='ltr' id='par_1_34' title="bbox 274 3251 1926 3331">
     <span class='ocr_line' id='line_1_34' title="bbox 274 3251 1926 3331; baseline 0.002 -21"><span class='ocrx_word' id='word_1_216' title='bbox 274 3255 403 3330; x_wconf 71' lang='grc' dir='ltr'>ἔσχε</span> <span class='ocrx_word' id='word_1_217' title='bbox 435 3251 642 3310; x_wconf 72' lang='grc' dir='ltr'>Βοῦδαν</span> <span class='ocrx_word' id='word_1_218' title='bbox 675 3255 764 3308; x_wconf 87' lang='grc' dir='ltr'>τὸν</span> <span class='ocrx_word' id='word_1_219' title='bbox 816 3257 1010 3329; x_wconf 82' lang='grc' dir='ltr'>πρώην</span> <span class='ocrx_word' id='word_1_220' title='bbox 1066 3254 1405 3328; x_wconf 71' lang='grc' dir='ltr'>καλούμενον</span> <span class='ocrx_word' id='word_1_221' title='bbox 1467 3251 1816 3331; x_wconf 78' lang='grc' dir='ltr'>Τερέϐινθον,</span> <span class='ocrx_word' id='word_1_222' title='bbox 1865 3257 1926 3321; x_wconf 79' lang='grc' dir='ltr'>ὅς</span> 
     </span>
    </p>
   </div>
   <div class='ocr_carea' id='block_1_35' title="bbox 275 3341 1926 3420">
    <p class='ocr_par' dir='ltr' id='par_1_35' title="bbox 275 3341 1926 3420">
     <span class='ocr_line' id='line_1_35' title="bbox 275 3341 1926 3420; baseline 0.002 -21"><span class='ocrx_word' id='word_1_223' title='bbox 275 3341 584 3408; x_wconf 79' lang='grc' dir='ltr'>παιδευθεὶς</span> <span class='ocrx_word' id='word_1_224' title='bbox 630 3345 735 3398; x_wconf 71' lang='grc' dir='ltr'>ὕπὸ</span> <span class='ocrx_word' id='word_1_225' title='bbox 795 3345 1092 3399; x_wconf 82' lang='grc' dir='ltr'>Σκυθιανοῦ</span> <span class='ocrx_word' id='word_1_226' title='bbox 1149 3347 1215 3400; x_wconf 78' lang='grc' dir='ltr'>τά</span> <span class='ocrx_word' id='word_1_227' title='bbox 1270 3344 1547 3416; x_wconf 81' lang='grc' dir='ltr'>Ἑλλήνων</span> <span class='ocrx_word' id='word_1_228' title='bbox 1609 3344 1926 3420; x_wconf 82' lang='grc' dir='ltr'>δοξάζοντος</span> 
     </span>
    </p>
   </div>
   <div class='ocr_carea' id='block_1_36' title="bbox 275 3431 1918 3512">
    <p class='ocr_par' dir='ltr' id='par_1_36' title="bbox 275 3431 1918 3512">
     <span class='ocr_line' id='line_1_36' title="bbox 275 3431 1918 3512; baseline 0.001 -22"><span class='ocrx_word' id='word_1_229' title='bbox 275 3436 374 3502; x_wconf 70' lang='grc' dir='ltr'>τὴν</span> <span class='ocrx_word' id='word_1_230' title='bbox 442 3431 883 3507; x_wconf 82' lang='grc' dir='ltr'>Ἐμπεδοκλέους</span> <span class='ocrx_word' id='word_1_231' title='bbox 935 3435 1218 3508; x_wconf 76' lang='grc' dir='ltr'>ἠγάπησεν</span> <span class='ocrx_word' id='word_1_232' title='bbox 1303 3435 1532 3510; x_wconf 83' lang='grc' dir='ltr'>αἳρεσιν,</span> <span class='ocrx_word' id='word_1_233' title='bbox 1592 3433 1686 3492; x_wconf 69' lang='grc' dir='ltr'>δύο</span> <span class='ocrx_word' id='word_1_234' title='bbox 1743 3438 1918 3512; x_wconf 74' lang='grc' dir='ltr'>ἀρχάς</span> 
     </span>
    </p>
   </div>
   <div class='ocr_carea' id='block_1_37' title="bbox 281 3521 1926 3601">
    <p class='ocr_par' dir='ltr' id='par_1_37' title="bbox 281 3521 1926 3601">
     <span class='ocr_line' id='line_1_37' title="bbox 281 3521 1926 3601; baseline 0.004 -25"><span class='ocrx_word' id='word_1_235' title='bbox 281 3521 540 3598; x_wconf 71' lang='grc' dir='ltr'>λὲγοντος</span> <span class='ocrx_word' id='word_1_236' title='bbox 576 3523 944 3596; x_wconf 67' lang='grc' dir='ltr'>ἀντικειμένας</span> <span class='ocrx_word' id='word_1_237' title='bbox 975 3522 1276 3594; x_wconf 87' lang='grc' dir='ltr'>ἀλλήλαις,</span> <span class='ocrx_word' id='word_1_238' title='bbox 1312 3523 1566 3589; x_wconf 74' lang='grc' dir='ltr'>εἰσελθὼν</span> <span class='ocrx_word' id='word_1_239' title='bbox 1602 3522 1658 3581; x_wconf 77' lang='grc' dir='ltr'>δὲ</span> <span class='ocrx_word' id='word_1_240' title='bbox 1698 3524 1749 3580; x_wconf 83' lang='grc' dir='ltr'>ἐν</span> <span class='ocrx_word' id='word_1_241' title='bbox 1786 3529 1926 3601; x_wconf 80' lang='grc' dir='ltr'>Περ-</span> 
     </span>
    </p>
   </div>
   <div class='ocr_carea' id='block_1_38' title="bbox 281 3607 1924 3690">
    <p class='ocr_par' dir='ltr' id='par_1_38' title="bbox 281 3607 1924 3690">
     <span class='ocr_line' id='line_1_38' title="bbox 281 3607 1924 3690; baseline 0.002 -24"><span class='ocrx_word' id='word_1_242' title='bbox 281 3610 389 3667; x_wconf 86' lang='grc' dir='ltr'>σίδι</span> <span class='ocrx_word' id='word_1_243' title='bbox 420 3611 482 3668; x_wconf 77' lang='grc' dir='ltr'>ἐκ</span> <span class='ocrx_word' id='word_1_244' title='bbox 519 3612 786 3686; x_wconf 80' lang='grc' dir='ltr'>παρθένου</span> <span class='ocrx_word' id='word_1_245' title='bbox 845 3613 1029 3667; x_wconf 71' lang='grc' dir='ltr'>ἑαυτὸν</span> <span class='ocrx_word' id='word_1_246' title='bbox 1086 3607 1282 3688; x_wconf 81' lang='grc' dir='ltr'>ἔφασκε</span> <span class='ocrx_word' id='word_1_247' title='bbox 1337 3617 1685 3690; x_wconf 81' lang='grc' dir='ltr'>γεγεννῆσθαι</span> <span class='ocrx_word' id='word_1_248' title='bbox 1737 3616 1828 3670; x_wconf 85' lang='grc' dir='ltr'>καὶ</span> <span class='ocrx_word' id='word_1_249' title='bbox 1871 3613 1924 3670; x_wconf 87' lang='grc' dir='ltr'>ἐν</span> 
     </span>
    </p>
   </div>
   <div class='ocr_carea' id='block_1_39' title="bbox 279 3699 1926 3782">
    <p class='ocr_par' dir='ltr' id='par_1_39' title="bbox 279 3699 1926 3782">
     <span class='ocr_line' id='line_1_39' title="bbox 279 3699 1926 3782; baseline 0.001 -26"><span class='ocrx_word' id='word_1_250' title='bbox 279 3707 394 3765; x_wconf 82' lang='grc' dir='ltr'>τοῖς</span> <span class='ocrx_word' id='word_1_251' title='bbox 426 3701 604 3777; x_wconf 77' lang='grc' dir='ltr'>ϐρεσιν</span> <span class='ocrx_word' id='word_1_252' title='bbox 642 3702 1034 3782; x_wconf 74' lang='grc' dir='ltr'>ἀνατραφῆναι.</span> <span class='ocrx_word' id='word_1_253' title='bbox 1079 3701 1184 3758; x_wconf 72' lang='grc' dir='ltr'>Καέ</span> <span class='ocrx_word' id='word_1_254' title='bbox 1235 3704 1682 3778; x_wconf 77' lang='grc' dir='ltr'>συγγραψάμενος</span> <span class='ocrx_word' id='word_1_255' title='bbox 1735 3699 1926 3778; x_wconf 89' lang='grc' dir='ltr'>βιϐλία</span> 
     </span>
    </p>
   </div>
   <div class='ocr_carea' id='block_1_40' title="bbox 277 3787 1926 3867">
    <p class='ocr_par' dir='ltr' id='par_1_40' title="bbox 277 3787 1926 3867">
     <span class='ocr_line' id='line_1_40' title="bbox 277 3787 1926 3867; baseline 0 -21"><span class='ocrx_word' id='word_1_256' title='bbox 277 3787 506 3867; x_wconf 69' lang='grc' dir='ltr'>τὲσσαρα</span> <span class='ocrx_word' id='word_1_257' title='bbox 535 3793 597 3847; x_wconf 89' lang='grc' dir='ltr'>τὸ</span> <span class='ocrx_word' id='word_1_258' title='bbox 629 3793 722 3865; x_wconf 79' lang='grc' dir='ltr'>μὶν</span> <span class='ocrx_word' id='word_1_259' title='bbox 748 3790 1067 3864; x_wconf 76' lang='grc' dir='ltr'>ἐπωνόμασε</span> <span class='ocrx_word' id='word_1_260' title='bbox 1098 3795 1205 3847; x_wconf 81' lang='grc' dir='ltr'>τῶν</span> <span class='ocrx_word' id='word_1_261' title='bbox 1243 3790 1584 3867; x_wconf 82' lang='grc' dir='ltr'>μυστηρίων,</span> <span class='ocrx_word' id='word_1_262' title='bbox 1639 3791 1702 3847; x_wconf 86' lang='grc' dir='ltr'>τὸ</span> <span class='ocrx_word' id='word_1_263' title='bbox 1753 3791 1810 3847; x_wconf 71' lang='grc' dir='ltr'>δὲ</span> <span class='ocrx_word' id='word_1_264' title='bbox 1862 3792 1926 3848; x_wconf 87' lang='grc' dir='ltr'>τὸ</span> 
     </span>
    </p>
   </div>
   <div class='ocr_carea' id='block_1_41' title="bbox 277 3878 1925 3959">
    <p class='ocr_par' dir='ltr' id='par_1_41' title="bbox 277 3878 1925 3959">
     <span class='ocr_line' id='line_1_41' title="bbox 277 3878 1925 3959; baseline -0.001 -21"><span class='ocrx_word' id='word_1_265' title='bbox 277 3879 640 3958; x_wconf 81' lang='grc' dir='ltr'>Εὖαγγέλιον,</span> <span class='ocrx_word' id='word_1_266' title='bbox 671 3882 734 3936; x_wconf 86' lang='grc' dir='ltr'>τὸ</span> <span class='ocrx_word' id='word_1_267' title='bbox 766 3878 823 3936; x_wconf 71' lang='grc' dir='ltr'>δὲ</span> <span class='ocrx_word' id='word_1_268' title='bbox 853 3886 956 3936; x_wconf 80' lang='grc' dir='ltr'>τῶν</span> <span class='ocrx_word' id='word_1_269' title='bbox 1013 3885 1333 3957; x_wconf 79' lang='grc' dir='ltr'>Θησαυρῶν,</span> <span class='ocrx_word' id='word_1_270' title='bbox 1382 3881 1443 3936; x_wconf 87' lang='grc' dir='ltr'>τὸ</span> <span class='ocrx_word' id='word_1_271' title='bbox 1485 3878 1542 3936; x_wconf 72' lang='grc' dir='ltr'>δὲ</span> <span class='ocrx_word' id='word_1_272' title='bbox 1587 3885 1696 3936; x_wconf 82' lang='grc' dir='ltr'>τῶν</span> <span class='ocrx_word' id='word_1_273' title='bbox 1755 3887 1925 3959; x_wconf 72' lang='grc' dir='ltr'>Κεφα-</span> 
     </span>
    </p>
   </div>
   <div class='ocr_carea' id='block_1_42' title="bbox 278 3967 1925 4046">
    <p class='ocr_par' dir='ltr' id='par_1_42' title="bbox 278 3967 1925 4046">
     <span class='ocr_line' id='line_1_42' title="bbox 278 3967 1925 4046; baseline 0 -20"><span class='ocrx_word' id='word_1_274' title='bbox 278 3969 466 4027; x_wconf 85' lang='grc' dir='ltr'>λαίων.</span> <span class='ocrx_word' id='word_1_275' title='bbox 530 3972 633 4030; x_wconf 81' lang='grc' dir='ltr'>Καὶ</span> <span class='ocrx_word' id='word_1_276' title='bbox 691 3973 718 4026; x_wconf 92' lang='lat'>6</span> <span class='ocrx_word' id='word_1_277' title='bbox 781 3973 874 4046; x_wconf 70' lang='grc' dir='ltr'>μὲν</span> <span class='ocrx_word' id='word_1_278' title='bbox 932 3968 1143 4034; x_wconf 71' lang='grc' dir='ltr'>Βοῦδας</span> <span class='ocrx_word' id='word_1_279' title='bbox 1203 3973 1230 4027; x_wconf 89' lang='lat'>6</span> <span class='ocrx_word' id='word_1_280' title='bbox 1284 3971 1372 4026; x_wconf 85' lang='grc' dir='ltr'>καὶ</span> <span class='ocrx_word' id='word_1_281' title='bbox 1449 3967 1762 4046; x_wconf 81' lang='grc' dir='ltr'>Τερέϐινθος</span> <span class='ocrx_word' id='word_1_282' title='bbox 1823 3971 1925 4026; x_wconf 85' lang='grc' dir='ltr'>ὑπὸ</span> 
     </span>
    </p>
   </div>
   <div class='ocr_carea' id='block_1_43' title="bbox 275 4055 1924 4135">
    <p class='ocr_par' dir='ltr' id='par_1_43' title="bbox 275 4055 1924 4135">
     <span class='ocr_line' id='line_1_43' title="bbox 275 4055 1924 4135; baseline 0 -21"><span class='ocrx_word' id='word_1_283' title='bbox 275 4059 581 4134; x_wconf 79' lang='grc' dir='ltr'>πνεύματος</span> <span class='ocrx_word' id='word_1_284' title='bbox 621 4059 925 4134; x_wconf 83' lang='grc' dir='ltr'>ἀκαθάρτου</span> <span class='ocrx_word' id='word_1_285' title='bbox 985 4055 1286 4135; x_wconf 83' lang='grc' dir='ltr'>συντριϐεὶς</span> <span class='ocrx_word' id='word_1_286' title='bbox 1336 4057 1615 4130; x_wconf 82' lang='grc' dir='ltr'>ἀπώλετο,</span> <span class='ocrx_word' id='word_1_287' title='bbox 1671 4061 1807 4135; x_wconf 76' lang='grc' dir='ltr'>γυνὴ</span> <span class='ocrx_word' id='word_1_288' title='bbox 1867 4056 1924 4114; x_wconf 67' lang='grc' dir='ltr'>δὲ</span> 
     </span>
    </p>
   </div>
   <div class='ocr_carea' id='block_1_44' title="bbox 274 4146 1925 4225">
    <p class='ocr_par' dir='ltr' id='par_1_44' title="bbox 274 4146 1925 4225">
     <span class='ocr_line' id='line_1_44' title="bbox 274 4146 1925 4225; baseline -0.001 -21"><span class='ocrx_word' id='word_1_289' title='bbox 274 4169 356 4214; x_wconf 93' lang='grc' dir='ltr'>τις</span> <span class='ocrx_word' id='word_1_290' title='bbox 397 4151 526 4225; x_wconf 89' lang='grc' dir='ltr'>παρ’</span> <span class='ocrx_word' id='word_1_291' title='bbox 553 4148 590 4224; x_wconf 74' lang='grc' dir='ltr'><strong>ᾖ</strong></span> <span class='ocrx_word' id='word_1_292' title='bbox 619 4147 882 4204; x_wconf 75' lang='grc' dir='ltr'>κατέλυσε</span> <span class='ocrx_word' id='word_1_293' title='bbox 933 4147 1022 4202; x_wconf 82' lang='grc' dir='ltr'>καὶ</span> <span class='ocrx_word' id='word_1_294' title='bbox 1069 4146 1354 4219; x_wconf 80' lang='grc' dir='ltr'>κατετέθη,</span> <span class='ocrx_word' id='word_1_295' title='bbox 1409 4149 1476 4203; x_wconf 72' lang='grc' dir='ltr'>τὰ</span> <span class='ocrx_word' id='word_1_296' title='bbox 1517 4150 1780 4224; x_wconf 77' lang='grc' dir='ltr'>χρήματα</span> <span class='ocrx_word' id='word_1_297' title='bbox 1835 4152 1925 4208; x_wconf 82' lang='grc' dir='ltr'>καὶ</span> 
     </span>
    </p>
   </div>
   <div class='ocr_carea' id='block_1_45' title="bbox 274 4233 1924 4314">
    <p class='ocr_par' dir='ltr' id='par_1_45' title="bbox 274 4233 1924 4314">
     <span class='ocr_line' id='line_1_45' title="bbox 274 4233 1924 4314; baseline 0 -22"><span class='ocrx_word' id='word_1_298' title='bbox 274 4237 367 4300; x_wconf 73' lang='grc' dir='ltr'>τὰς</span> <span class='ocrx_word' id='word_1_299' title='bbox 402 4234 677 4314; x_wconf 89' lang='grc' dir='ltr'>βεϐήλους</span> <span class='ocrx_word' id='word_1_300' title='bbox 721 4233 950 4314; x_wconf 86' lang='grc' dir='ltr'>βίϐλους</span> <span class='ocrx_word' id='word_1_301' title='bbox 977 4238 1445 4310; x_wconf 87' lang='grc' dir='ltr'>κληρονομήσασα</span> <span class='ocrx_word' id='word_1_302' title='bbox 1476 4240 1560 4313; x_wconf 88' lang='grc' dir='ltr'>[Ρ.</span> <span class='ocrx_word' id='word_1_303' title='bbox 1593 4241 1718 4313; x_wconf 84' lang='grc'>260]</span> <span class='ocrx_word' id='word_1_304' title='bbox 1774 4237 1924 4293; x_wconf 85' lang='grc' dir='ltr'>ὠνεῖ-</span> 
     </span>
    </p>
   </div>
   <div class='ocr_carea' id='block_1_46' title="bbox 274 4321 1925 4403">
    <p class='ocr_par' dir='ltr' id='par_1_46' title="bbox 274 4321 1925 4403">
     <span class='ocr_line' id='line_1_46' title="bbox 274 4321 1925 4403; baseline -0.001 -22"><span class='ocrx_word' id='word_1_305' title='bbox 274 4348 361 4381; x_wconf 90' lang='grc' dir='ltr'>ται</span> <span class='ocrx_word' id='word_1_306' title='bbox 391 4324 681 4403; x_wconf 84' lang='grc' dir='ltr'>παιδάριον</span> <span class='ocrx_word' id='word_1_307' title='bbox 713 4327 846 4382; x_wconf 83' lang='grc' dir='ltr'>ἐτῶν</span> <span class='ocrx_word' id='word_1_308' title='bbox 872 4326 1006 4381; x_wconf 74' lang='grc' dir='ltr'>ἑπτὰ</span> <span class='ocrx_word' id='word_1_309' title='bbox 1059 4323 1302 4399; x_wconf 72' lang='grc' dir='ltr'>τοῦνομα</span> <span class='ocrx_word' id='word_1_310' title='bbox 1354 4321 1676 4402; x_wconf 83' lang='grc' dir='ltr'>Κούϐρικον,</span> <span class='ocrx_word' id='word_1_311' title='bbox 1727 4325 1784 4382; x_wconf 77' lang='grc' dir='ltr'>ὅν</span> <span class='ocrx_word' id='word_1_312' title='bbox 1835 4325 1925 4381; x_wconf 83' lang='grc' dir='ltr'>καὶ</span> 
     </span>
    </p>
   </div>
   <div class='ocr_carea' id='block_1_47' title="bbox 278 4410 1922 4489">
    <p class='ocr_par' dir='ltr' id='par_1_47' title="bbox 278 4410 1922 4489">
     <span class='ocr_line' id='line_1_47' title="bbox 278 4410 1922 4489; baseline 0 -21"><span class='ocrx_word' id='word_1_313' title='bbox 278 4412 532 4486; x_wconf 75' lang='grc' dir='ltr'>διδάξασα</span> <span class='ocrx_word' id='word_1_314' title='bbox 590 4415 909 4489; x_wconf 81' lang='grc' dir='ltr'>γράμματα,</span> <span class='ocrx_word' id='word_1_315' title='bbox 967 4413 1056 4468; x_wconf 67' lang='grc' dir='ltr'>καὶ</span> <span class='ocrx_word' id='word_1_316' title='bbox 1107 4411 1515 4486; x_wconf 81' lang='grc' dir='ltr'>ἐλευθερώσασα</span> <span class='ocrx_word' id='word_1_317' title='bbox 1572 4410 1922 4488; x_wconf 81' lang='grc' dir='ltr'>κληρονόμον</span> 
     </span>
    </p>
   </div>
   <div class='ocr_carea' id='block_1_48' title="bbox 273 4497 1926 4574">
    <p class='ocr_par' dir='ltr' id='par_1_48' title="bbox 273 4497 1926 4574">
     <span class='ocr_line' id='line_1_48' title="bbox 273 4497 1926 4574; baseline -0.002 -15"><span class='ocrx_word' id='word_1_318' title='bbox 273 4509 378 4559; x_wconf 79' lang='grc' dir='ltr'>τῶν</span> <span class='ocrx_word' id='word_1_319' title='bbox 439 4505 634 4574; x_wconf 68' lang='grc' dir='ltr'>εαυτῆς</span> <span class='ocrx_word' id='word_1_320' title='bbox 690 4504 902 4559; x_wconf 76' lang='grc' dir='ltr'>πάντων</span> <span class='ocrx_word' id='word_1_321' title='bbox 967 4503 1306 4574; x_wconf 77' lang='grc' dir='ltr'>καθίστησιν.</span> <span class='ocrx_word' id='word_1_322' title='bbox 1365 4503 1426 4560; x_wconf 76' lang='grc' dir='ltr'>Ὀ</span> <span class='ocrx_word' id='word_1_323' title='bbox 1503 4499 1560 4557; x_wconf 71' lang='grc' dir='ltr'>δὲ</span> <span class='ocrx_word' id='word_1_324' title='bbox 1617 4497 1803 4558; x_wconf 87' lang='grc' dir='ltr'>λαϐὼν</span> <span class='ocrx_word' id='word_1_325' title='bbox 1859 4502 1926 4557; x_wconf 79' lang='grc' dir='ltr'>τὰ</span> 
     </span>
    </p>
   </div>
   <div class='ocr_carea' id='block_1_49' title="bbox 279 4587 1926 4670">
    <p class='ocr_par' dir='ltr' id='par_1_49' title="bbox 279 4587 1926 4670">
     <span class='ocr_line' id='line_1_49' title="bbox 279 4587 1926 4670; baseline -0.001 -24"><span class='ocrx_word' id='word_1_326' title='bbox 279 4587 464 4668; x_wconf 86' lang='grc' dir='ltr'>βιϐλία</span> <span class='ocrx_word' id='word_1_327' title='bbox 497 4596 593 4647; x_wconf 89' lang='grc' dir='ltr'>τοῦ</span> <span class='ocrx_word' id='word_1_328' title='bbox 625 4590 805 4648; x_wconf 74' lang='grc' dir='ltr'>Βοῦδα</span> <span class='ocrx_word' id='word_1_329' title='bbox 833 4593 924 4648; x_wconf 85' lang='grc' dir='ltr'>καὶ</span> <span class='ocrx_word' id='word_1_330' title='bbox 965 4592 1030 4648; x_wconf 68' lang='grc' dir='ltr'>τὰ</span> <span class='ocrx_word' id='word_1_331' title='bbox 1063 4593 1328 4666; x_wconf 84' lang='grc' dir='ltr'>χρήματα</span> <span class='ocrx_word' id='word_1_332' title='bbox 1368 4589 1634 4670; x_wconf 75' lang='grc' dir='ltr'>διήρχετο</span> <span class='ocrx_word' id='word_1_333' title='bbox 1661 4592 1760 4660; x_wconf 75' lang='grc' dir='ltr'>τὴν</span> <span class='ocrx_word' id='word_1_334' title='bbox 1799 4597 1926 4666; x_wconf 86' lang='grc' dir='ltr'>Περ-</span> 
     </span>
    </p>
   </div>
   <div class='ocr_carea' id='block_1_50' title="bbox 2040 659 3688 738">
    <p class='ocr_par' dir='ltr' id='par_1_50' title="bbox 2040 659 3688 738">
     <span class='ocr_line' id='line_1_50' title="bbox 2040 659 3688 738; baseline 0.006 -23"><span class='ocrx_word' id='word_1_335' title='bbox 2040 659 2476 717; x_wconf 89' lang='lat' dir='ltr'>comburerent.</span> <span class='ocrx_word' id='word_1_336' title='bbox 2505 661 2614 716; x_wconf 90' lang='lat' dir='ltr'>Sed</span> <span class='ocrx_word' id='word_1_337' title='bbox 2637 661 2710 716; x_wconf 90' lang='lat' dir='ltr'>ab</span> <span class='ocrx_word' id='word_1_338' title='bbox 2734 663 2846 719; x_wconf 93' lang='lat' dir='ltr'>hoc</span> <span class='ocrx_word' id='word_1_339' title='bbox 2869 680 2968 718; x_wconf 91' lang='lat' dir='ltr'>eos</span> <span class='ocrx_word' id='word_1_340' title='bbox 2990 665 3242 721; x_wconf 90' lang='lat' dir='ltr'>consilio</span> <span class='ocrx_word' id='word_1_341' title='bbox 3272 667 3514 738; x_wconf 90' lang='lat' dir='ltr'>quidam</span> <span class='ocrx_word' id='word_1_342' title='bbox 3545 669 3688 725; x_wconf 92' lang='lat' dir='ltr'>reli-</span> 
     </span>
    </p>
   </div>
   <div class='ocr_carea' id='block_1_51' title="bbox 2039 748 3687 827">
    <p class='ocr_par' dir='ltr' id='par_1_51' title="bbox 2039 748 3687 827">
     <span class='ocr_line' id='line_1_51' title="bbox 2039 748 3687 827; baseline 0.008 -26"><span class='ocrx_word' id='word_1_343' title='bbox 2039 750 2171 820; x_wconf 87' lang='lat' dir='ltr'>quis</span> <span class='ocrx_word' id='word_1_344' title='bbox 2234 748 2410 822; x_wconf 85' lang='lat' dir='ltr'>longe</span> <span class='ocrx_word' id='word_1_345' title='bbox 2477 751 2828 822; x_wconf 84' lang='lat' dir='ltr'>prudentior</span> <span class='ocrx_word' id='word_1_346' title='bbox 2885 753 3157 822; x_wconf 81' lang='lat' dir='ltr'>detraxit,</span> <span class='ocrx_word' id='word_1_347' title='bbox 3226 755 3388 827; x_wconf 92' lang='lat' dir='ltr'>quod</span> <span class='ocrx_word' id='word_1_348' title='bbox 3461 757 3687 816; x_wconf 78' lang='lat' dir='ltr'>diceret</span> 
     </span>
    </p>
   </div>
   <div class='ocr_carea' id='block_1_52' title="bbox 2039 839 3678 919">
    <p class='ocr_par' dir='ltr' id='par_1_52' title="bbox 2039 839 3678 919">
     <span class='ocr_line' id='line_1_52' title="bbox 2039 839 3678 919; baseline 0.007 -25"><span class='ocrx_word' id='word_1_349' title='bbox 2039 840 2335 894; x_wconf 81' lang='lat' dir='ltr'>Romanos</span> <span class='ocrx_word' id='word_1_350' title='bbox 2366 839 2532 894; x_wconf 83' lang='lat' dir='ltr'>libris</span> <span class='ocrx_word' id='word_1_351' title='bbox 2565 839 2794 897; x_wconf 90' lang='lat' dir='ltr'>deditos</span> <span class='ocrx_word' id='word_1_352' title='bbox 2825 841 3099 899; x_wconf 84' lang='lat' dir='ltr'>bellicam</span> <span class='ocrx_word' id='word_1_353' title='bbox 3130 860 3255 900; x_wconf 90' lang='lat' dir='ltr'>rem</span> <span class='ocrx_word' id='word_1_354' title='bbox 3287 845 3678 919; x_wconf 87' lang='lat' dir='ltr'>neglecturos.</span> 
     </span>
    </p>
   </div>
   <div class='ocr_carea' id='block_1_53' title="bbox 2039 929 3679 1010">
    <p class='ocr_par' dir='ltr' id='par_1_53' title="bbox 2039 929 3679 1010">
     <span class='ocr_line' id='line_1_53' title="bbox 2039 929 3679 1010; baseline 0.007 -28"><span class='ocrx_word' id='word_1_355' title='bbox 2039 929 2300 983; x_wconf 81' lang='lat' dir='ltr'>Mortuus</span> <span class='ocrx_word' id='word_1_356' title='bbox 2331 933 2440 997; x_wconf 91' lang='lat' dir='ltr'>est,</span> <span class='ocrx_word' id='word_1_357' title='bbox 2476 945 2817 986; x_wconf 86' lang='lat' dir='ltr'>successore</span> <span class='ocrx_word' id='word_1_358' title='bbox 2844 932 3162 989; x_wconf 82' lang='lat' dir='ltr'>Aureliano</span> <span class='ocrx_word' id='word_1_359' title='bbox 3210 934 3323 990; x_wconf 88' lang='lat' dir='ltr'>sibi</span> <span class='ocrx_word' id='word_1_360' title='bbox 3354 935 3679 1010; x_wconf 88' lang='lat' dir='ltr'>designato.</span> 
     </span>
    </p>
   </div>
   <div class='ocr_carea' id='block_1_54' title="bbox 2107 1109 3682 1184">
    <p class='ocr_par' dir='ltr' id='par_1_54' title="bbox 2107 1109 3682 1184">
     <span class='ocr_line' id='line_1_54' title="bbox 2107 1109 3682 1184; baseline 0.006 -21"><span class='ocrx_word' id='word_1_361' title='bbox 2107 1109 2510 1176; x_wconf 75' lang='lat' dir='ltr'>Quintilianus</span> <span class='ocrx_word' id='word_1_362' title='bbox 2542 1109 2768 1166; x_wconf 85' lang='lat' dir='ltr'>Claudii</span> <span class='ocrx_word' id='word_1_363' title='bbox 2799 1111 2982 1167; x_wconf 81' lang='lat' dir='ltr'>frater</span> <span class='ocrx_word' id='word_1_364' title='bbox 3012 1113 3328 1184; x_wconf 86' lang='lat' dir='ltr'>imperium</span> <span class='ocrx_word' id='word_1_365' title='bbox 3362 1115 3488 1172; x_wconf 89' lang='lat' dir='ltr'>dies</span> <span class='ocrx_word' id='word_1_366' title='bbox 3515 1120 3548 1171; x_wconf 85' lang='lat'><strong>7</strong></span> <span class='ocrx_word' id='word_1_367' title='bbox 3592 1121 3682 1173; x_wconf 89' lang='lat' dir='ltr'>te-</span> 
     </span>
    </p>
   </div>
   <div class='ocr_carea' id='block_1_55' title="bbox 2036 1199 3681 1278">
    <p class='ocr_par' dir='ltr' id='par_1_55' title="bbox 2036 1199 3681 1278">
     <span class='ocr_line' id='line_1_55' title="bbox 2036 1199 3681 1278; baseline 0.005 -24"><span class='ocrx_word' id='word_1_368' title='bbox 2036 1202 2186 1255; x_wconf 83' lang='lat' dir='ltr'>nuit.</span> <span class='ocrx_word' id='word_1_369' title='bbox 2217 1199 2490 1265; x_wconf 89' lang='lat' dir='ltr'>Qui.cum</span> <span class='ocrx_word' id='word_1_370' title='bbox 2509 1199 2744 1256; x_wconf 82' lang='lat' dir='ltr'>audiret</span> <span class='ocrx_word' id='word_1_371' title='bbox 2765 1201 3152 1258; x_wconf 82' lang='lat' dir='ltr'>Aurelianum</span> <span class='ocrx_word' id='word_1_372' title='bbox 3176 1204 3250 1259; x_wconf 91' lang='lat' dir='ltr'>ad</span> <span class='ocrx_word' id='word_1_373' title='bbox 3271 1207 3681 1278; x_wconf 90' lang='lat' dir='ltr'>occupandum</span> 
     </span>
    </p>
   </div>
   <div class='ocr_carea' id='block_1_56' title="bbox 2036 1287 3682 1364">
    <p class='ocr_par' dir='ltr' id='par_1_56' title="bbox 2036 1287 3682 1364">
     <span class='ocr_line' id='line_1_56' title="bbox 2036 1287 3682 1364; baseline 0.006 -21"><span class='ocrx_word' id='word_1_374' title='bbox 2036 1287 2354 1360; x_wconf 89' lang='lat' dir='ltr'>imperium</span> <span class='ocrx_word' id='word_1_375' title='bbox 2386 1289 2724 1357; x_wconf 85' lang='lat' dir='ltr'>adventare,</span> <span class='ocrx_word' id='word_1_376' title='bbox 2759 1306 2820 1344; x_wconf 91' lang='lat' dir='ltr'>se</span> <span class='ocrx_word' id='word_1_377' title='bbox 2851 1290 3046 1362; x_wconf 92' lang='lat' dir='ltr'>ipsum</span> <span class='ocrx_word' id='word_1_378' title='bbox 3079 1292 3194 1348; x_wconf 90' lang='lat' dir='ltr'>vita</span> <span class='ocrx_word' id='word_1_379' title='bbox 3236 1294 3502 1364; x_wconf 83' lang='lat' dir='ltr'>privavit,</span> <span class='ocrx_word' id='word_1_380' title='bbox 3535 1312 3682 1353; x_wconf 83' lang='lat' dir='ltr'>vena</span> 
     </span>
    </p>
   </div>
   <div class='ocr_carea' id='block_1_57' title="bbox 2035 1376 3682 1453">
    <p class='ocr_par' dir='ltr' id='par_1_57' title="bbox 2035 1376 3682 1453">
     <span class='ocr_line' id='line_1_57' title="bbox 2035 1376 3682 1453; baseline 0.006 -21"><span class='ocrx_word' id='word_1_381' title='bbox 2035 1376 2261 1432; x_wconf 80' lang='lat' dir='ltr'>brachii</span> <span class='ocrx_word' id='word_1_382' title='bbox 2303 1394 2337 1432; x_wconf 92' lang='lat' dir='ltr'>a</span> <span class='ocrx_word' id='word_1_383' title='bbox 2367 1377 2598 1433; x_wconf 92' lang='lat' dir='ltr'>medico</span> <span class='ocrx_word' id='word_1_384' title='bbox 2633 1378 2818 1434; x_wconf 86' lang='lat' dir='ltr'>secari</span> <span class='ocrx_word' id='word_1_385' title='bbox 2844 1377 3034 1450; x_wconf 89' lang='lat' dir='ltr'>jussa,</span> <span class='ocrx_word' id='word_1_386' title='bbox 3061 1397 3255 1453; x_wconf 89' lang='lat' dir='ltr'>neque</span> <span class='ocrx_word' id='word_1_387' title='bbox 3280 1383 3532 1440; x_wconf 89' lang='lat' dir='ltr'>inhibito</span> <span class='ocrx_word' id='word_1_388' title='bbox 3551 1401 3682 1441; x_wconf 89' lang='lat' dir='ltr'>san-</span> 
     </span>
    </p>
   </div>
   <div class='ocr_carea' id='block_1_58' title="bbox 2035 1466 3322 1540">
    <p class='ocr_par' dir='ltr' id='par_1_58' title="bbox 2035 1466 3322 1540">
     <span class='ocr_line' id='line_1_58' title="bbox 2035 1466 3322 1540; baseline 0.006 -20"><span class='ocrx_word' id='word_1_389' title='bbox 2035 1467 2233 1539; x_wconf 83' lang='lat' dir='ltr'>guine,</span> <span class='ocrx_word' id='word_1_390' title='bbox 2267 1471 2332 1520; x_wconf 93' lang='lat' dir='ltr'>ut</span> <span class='ocrx_word' id='word_1_391' title='bbox 2359 1483 2429 1520; x_wconf 81' lang='lat' dir='ltr'>ex</span> <span class='ocrx_word' id='word_1_392' title='bbox 2457 1466 2642 1521; x_wconf 91' lang='lat' dir='ltr'>animi</span> <span class='ocrx_word' id='word_1_393' title='bbox 2671 1466 2937 1540; x_wconf 90' lang='lat' dir='ltr'>doliquio</span> <span class='ocrx_word' id='word_1_394' title='bbox 2969 1477 3322 1528; x_wconf 87' lang='lat' dir='ltr'>moreretur.</span> 
     </span>
    </p>
   </div>
   <div class='ocr_carea' id='block_1_59' title="bbox 2108 1555 3682 1628">
    <p class='ocr_par' dir='ltr' id='par_1_59' title="bbox 2108 1555 3682 1628">
     <span class='ocr_line' id='line_1_59' title="bbox 2108 1555 3682 1628; baseline 0.006 -18"><span class='ocrx_word' id='word_1_395' title='bbox 2108 1556 2256 1612; x_wconf 73' lang='lat'>455</span> <span class='ocrx_word' id='word_1_396' title='bbox 2285 1555 2633 1611; x_wconf 75' lang='lat' dir='ltr'>Aurellanus</span> <span class='ocrx_word' id='word_1_397' title='bbox 2656 1556 2967 1628; x_wconf 81' lang='lat' dir='ltr'>imperavit</span> <span class='ocrx_word' id='word_1_398' title='bbox 2988 1575 3178 1615; x_wconf 87' lang='lat' dir='ltr'>annos</span> <span class='ocrx_word' id='word_1_399' title='bbox 3198 1562 3578 1618; x_wconf 85' lang='lat' dir='ltr'>sex.Necatus</span> <span class='ocrx_word' id='word_1_400' title='bbox 3593 1568 3682 1619; x_wconf 90' lang='lat' dir='ltr'>est</span> 
     </span>
    </p>
   </div>
   <div class='ocr_carea' id='block_1_60' title="bbox 2035 1642 3679 1718">
    <p class='ocr_par' dir='ltr' id='par_1_60' title="bbox 2035 1642 3679 1718">
     <span class='ocr_line' id='line_1_60' title="bbox 2035 1642 3679 1718; baseline 0.005 -19"><span class='ocrx_word' id='word_1_401' title='bbox 2035 1659 2070 1699; x_wconf 91' lang='lat' dir='ltr'>a</span> <span class='ocrx_word' id='word_1_402' title='bbox 2101 1643 2390 1698; x_wconf 89' lang='lat' dir='ltr'>militibus</span> <span class='ocrx_word' id='word_1_403' title='bbox 2420 1642 2575 1698; x_wconf 89' lang='lat' dir='ltr'>inter</span> <span class='ocrx_word' id='word_1_404' title='bbox 2605 1643 2944 1700; x_wconf 88' lang='lat' dir='ltr'>Heracleam</span> <span class='ocrx_word' id='word_1_405' title='bbox 2981 1650 3040 1701; x_wconf 92' lang='lat' dir='ltr'>et</span> <span class='ocrx_word' id='word_1_406' title='bbox 3067 1647 3431 1718; x_wconf 84' lang='lat' dir='ltr'>Byzantium,</span> <span class='ocrx_word' id='word_1_407' title='bbox 3457 1652 3519 1706; x_wconf 89' lang='lat' dir='ltr'>in</span> <span class='ocrx_word' id='word_1_408' title='bbox 3549 1649 3679 1708; x_wconf 92' lang='lat' dir='ltr'>loco</span> 
     </span>
    </p>
   </div>
   <div class='ocr_carea' id='block_1_61' title="bbox 2036 1733 3680 1810">
    <p class='ocr_par' dir='ltr' id='par_1_61' title="bbox 2036 1733 3680 1810">
     <span class='ocr_line' id='line_1_61' title="bbox 2036 1733 3680 1810; baseline 0.006 -23"><span class='ocrx_word' id='word_1_409' title='bbox 2036 1734 2135 1806; x_wconf 88' lang='lat' dir='ltr'>qui</span> <span class='ocrx_word' id='word_1_410' title='bbox 2162 1735 2381 1788; x_wconf 87' lang='lat' dir='ltr'>Novum</span> <span class='ocrx_word' id='word_1_411' title='bbox 2407 1737 2687 1800; x_wconf 89' lang='lat' dir='ltr'>castrum,</span> <span class='ocrx_word' id='word_1_412' title='bbox 2703 1733 2968 1804; x_wconf 90' lang='lat' dir='ltr'>ipsorum</span> <span class='ocrx_word' id='word_1_413' title='bbox 2993 1734 3194 1809; x_wconf 83' lang='lat' dir='ltr'>lingua</span> <span class='ocrx_word' id='word_1_414' title='bbox 3214 1739 3680 1810; x_wconf 87' lang='lat' dir='ltr'>Kenophlorium</span> 
     </span>
    </p>
   </div>
   <div class='ocr_carea' id='block_1_62' title="bbox 2037 1818 3680 1901">
    <p class='ocr_par' dir='ltr' id='par_1_62' title="bbox 2037 1818 3680 1901">
     <span class='ocr_line' id='line_1_62' title="bbox 2037 1818 3680 1901; baseline 0.009 -27"><span class='ocrx_word' id='word_1_415' title='bbox 2037 1818 2270 1879; x_wconf 90' lang='lat' dir='ltr'>dicitur.</span> <span class='ocrx_word' id='word_1_416' title='bbox 2302 1822 2565 1878; x_wconf 86' lang='lat' dir='ltr'>Habebat</span> <span class='ocrx_word' id='word_1_417' title='bbox 2596 1823 2948 1880; x_wconf 80' lang='lat' dir='ltr'>Aurelianus</span> <span class='ocrx_word' id='word_1_418' title='bbox 2977 1827 3438 1884; x_wconf 87' lang='lat' dir='ltr'>auscultatorem</span> <span class='ocrx_word' id='word_1_419' title='bbox 3471 1848 3680 1901; x_wconf 79' lang='lat' dir='ltr'>quem—</span> 
     </span>
    </p>
   </div>
   <div class='ocr_carea' id='block_1_63' title="bbox 2036 1911 3678 1988">
    <p class='ocr_par' dir='ltr' id='par_1_63' title="bbox 2036 1911 3678 1988">
     <span class='ocr_line' id='line_1_63' title="bbox 2036 1911 3678 1988; baseline 0.006 -22"><span class='ocrx_word' id='word_1_420' title='bbox 2036 1911 2194 1983; x_wconf 85' lang='lat' dir='ltr'>dam,</span> <span class='ocrx_word' id='word_1_421' title='bbox 2219 1913 2542 1984; x_wconf 82' lang='lat' dir='ltr'>quiomnia</span> <span class='ocrx_word' id='word_1_422' title='bbox 2559 1912 2632 1968; x_wconf 92' lang='lat' dir='ltr'>ad</span> <span class='ocrx_word' id='word_1_423' title='bbox 2648 1913 2843 1984; x_wconf 90' lang='lat' dir='ltr'>ipsum</span> <span class='ocrx_word' id='word_1_424' title='bbox 2875 1913 3178 1972; x_wconf 85' lang='lat' dir='ltr'>deferebat</span> <span class='ocrx_word' id='word_1_425' title='bbox 3198 1934 3328 1988; x_wconf 67' lang='lat' dir='ltr'>quas</span> <span class='ocrx_word' id='word_1_426' title='bbox 3352 1918 3678 1978; x_wconf 81' lang='lat' dir='ltr'>ﬁerentaut</span> 
     </span>
    </p>
   </div>
   <div class='ocr_carea' id='block_1_64' title="bbox 2032 2001 3674 2078">
    <p class='ocr_par' dir='ltr' id='par_1_64' title="bbox 2032 2001 3674 2078">
     <span class='ocr_line' id='line_1_64' title="bbox 2032 2001 3674 2078; baseline 0.005 -20"><span class='ocrx_word' id='word_1_427' title='bbox 2032 2001 2390 2058; x_wconf 88' lang='lat' dir='ltr'>dicerentur.</span> <span class='ocrx_word' id='word_1_428' title='bbox 2422 2003 2476 2057; x_wconf 94' lang='lat' dir='ltr'>Is</span> <span class='ocrx_word' id='word_1_429' title='bbox 2507 2001 2619 2056; x_wconf 90' lang='lat' dir='ltr'>sibi</span> <span class='ocrx_word' id='word_1_430' title='bbox 2650 2008 2922 2060; x_wconf 88' lang='lat' dir='ltr'>metuens</span> <span class='ocrx_word' id='word_1_431' title='bbox 2951 2005 3024 2061; x_wconf 90' lang='lat' dir='ltr'>ab</span> <span class='ocrx_word' id='word_1_432' title='bbox 3055 2005 3433 2078; x_wconf 89' lang='lat' dir='ltr'>imperatore,</span> <span class='ocrx_word' id='word_1_433' title='bbox 3472 2011 3674 2066; x_wconf 90' lang='lat' dir='ltr'>nescio</span> 
     </span>
    </p>
   </div>
   <div class='ocr_carea' id='block_1_65' title="bbox 2031 2091 3674 2166">
    <p class='ocr_par' dir='ltr' id='par_1_65' title="bbox 2031 2091 3674 2166">
     <span class='ocr_line' id='line_1_65' title="bbox 2031 2091 3674 2166; baseline 0.005 -18"><span class='ocrx_word' id='word_1_434' title='bbox 2031 2108 2147 2166; x_wconf 91' lang='lat' dir='ltr'>qua</span> <span class='ocrx_word' id='word_1_435' title='bbox 2177 2092 2249 2148; x_wconf 90' lang='lat' dir='ltr'>de</span> <span class='ocrx_word' id='word_1_436' title='bbox 2279 2107 2457 2147; x_wconf 88' lang='lat' dir='ltr'>causa</span> <span class='ocrx_word' id='word_1_437' title='bbox 2488 2091 2668 2147; x_wconf 91' lang='lat' dir='ltr'>mlnis</span> <span class='ocrx_word' id='word_1_438' title='bbox 2693 2092 2764 2148; x_wconf 91' lang='lat' dir='ltr'>ab</span> <span class='ocrx_word' id='word_1_439' title='bbox 2797 2109 2866 2148; x_wconf 92' lang='lat' dir='ltr'>eo</span> <span class='ocrx_word' id='word_1_440' title='bbox 2897 2093 3008 2148; x_wconf 88' lang='lat' dir='ltr'>sibi</span> <span class='ocrx_word' id='word_1_441' title='bbox 3067 2095 3396 2165; x_wconf 87' lang='lat' dir='ltr'>intentatis,</span> <span class='ocrx_word' id='word_1_442' title='bbox 3429 2115 3674 2158; x_wconf 89' lang='lat' dir='ltr'>manum</span> 
     </span>
    </p>
   </div>
   <div class='ocr_carea' id='block_1_66' title="bbox 2030 2181 3676 2259">
    <p class='ocr_par' dir='ltr' id='par_1_66' title="bbox 2030 2181 3676 2259">
     <span class='ocr_line' id='line_1_66' title="bbox 2030 2181 3676 2259; baseline 0.005 -21"><span class='ocrx_word' id='word_1_443' title='bbox 2030 2182 2160 2254; x_wconf 90' lang='lat' dir='ltr'>ejus</span> <span class='ocrx_word' id='word_1_444' title='bbox 2192 2181 2456 2237; x_wconf 85' lang='lat' dir='ltr'>imitatus</span> <span class='ocrx_word' id='word_1_445' title='bbox 2488 2181 2767 2238; x_wconf 90' lang='lat' dir='ltr'>schedam</span> <span class='ocrx_word' id='word_1_446' title='bbox 2798 2184 3173 2256; x_wconf 86' lang='lat' dir='ltr'>conscripsit,</span> <span class='ocrx_word' id='word_1_447' title='bbox 3226 2203 3343 2257; x_wconf 86' lang='lat' dir='ltr'>qua</span> <span class='ocrx_word' id='word_1_448' title='bbox 3384 2187 3676 2259; x_wconf 89' lang='lat' dir='ltr'>primores</span> 
     </span>
    </p>
   </div>
   <div class='ocr_carea' id='block_1_67' title="bbox 2030 2271 3677 2347">
    <p class='ocr_par' dir='ltr' id='par_1_67' title="bbox 2030 2271 3677 2347">
     <span class='ocr_line' id='line_1_67' title="bbox 2030 2271 3677 2347; baseline 0.005 -20"><span class='ocrx_word' id='word_1_449' title='bbox 2030 2271 2162 2327; x_wconf 91' lang='lat' dir='ltr'>neci</span> <span class='ocrx_word' id='word_1_450' title='bbox 2185 2271 2667 2326; x_wconf 87' lang='lat' dir='ltr'>destinarentur:</span> <span class='ocrx_word' id='word_1_451' title='bbox 2701 2288 2768 2328; x_wconf 90' lang='lat' dir='ltr'>ac</span> <span class='ocrx_word' id='word_1_452' title='bbox 2799 2273 3089 2344; x_wconf 91' lang='lat' dir='ltr'>primores</span> <span class='ocrx_word' id='word_1_453' title='bbox 3110 2274 3213 2330; x_wconf 91' lang='lat' dir='ltr'>illa</span> <span class='ocrx_word' id='word_1_454' title='bbox 3229 2275 3474 2347; x_wconf 89' lang='lat' dir='ltr'>lecta,ut</span> <span class='ocrx_word' id='word_1_455' title='bbox 3505 2295 3677 2336; x_wconf 89' lang='lat' dir='ltr'>suum</span> 
     </span>
    </p>
   </div>
   <div class='ocr_carea' id='block_1_68' title="bbox 2029 2362 3676 2435">
    <p class='ocr_par' dir='ltr' id='par_1_68' title="bbox 2029 2362 3676 2435">
     <span class='ocr_line' id='line_1_68' title="bbox 2029 2362 3676 2435; baseline 0.004 -17"><span class='ocrx_word' id='word_1_456' title='bbox 2029 2363 2364 2434; x_wconf 91' lang='lat' dir='ltr'>periculum</span> <span class='ocrx_word' id='word_1_457' title='bbox 2389 2362 3162 2435; x_wconf 78' lang='lat' dir='ltr'>eiIugerent.imperatorem</span> <span class='ocrx_word' id='word_1_458' title='bbox 3178 2367 3540 2423; x_wconf 90' lang='lat' dir='ltr'>occiderunt.</span> <span class='ocrx_word' id='word_1_459' title='bbox 3560 2369 3676 2426; x_wconf 89' lang='lat' dir='ltr'>Sub</span> 
     </span>
    </p>
   </div>
   <div class='ocr_carea' id='block_1_69' title="bbox 2030 2450 3678 2526">
    <p class='ocr_par' dir='ltr' id='par_1_69' title="bbox 2030 2450 3678 2526">
     <span class='ocr_line' id='line_1_69' title="bbox 2030 2450 3678 2526; baseline 0.003 -19"><span class='ocrx_word' id='word_1_460' title='bbox 2030 2452 2141 2508; x_wconf 93' lang='lat' dir='ltr'>hoc</span> <span class='ocrx_word' id='word_1_461' title='bbox 2164 2451 2371 2506; x_wconf 89' lang='lat' dir='ltr'>beatus</span> <span class='ocrx_word' id='word_1_462' title='bbox 2405 2450 2686 2506; x_wconf 86' lang='lat' dir='ltr'>Chariton</span> <span class='ocrx_word' id='word_1_463' title='bbox 2717 2452 3020 2506; x_wconf 87' lang='lat' dir='ltr'>confessus</span> <span class='ocrx_word' id='word_1_464' title='bbox 3049 2457 3157 2520; x_wconf 91' lang='lat' dir='ltr'>est,</span> <span class='ocrx_word' id='word_1_465' title='bbox 3209 2455 3544 2526; x_wconf 81' lang='lat' dir='ltr'>Paulusque</span> <span class='ocrx_word' id='word_1_466' title='bbox 3575 2458 3678 2513; x_wconf 86' lang='lat' dir='ltr'>Sa-</span> 
     </span>
    </p>
   </div>
   <div class='ocr_carea' id='block_1_70' title="bbox 2030 2539 3679 2615">
    <p class='ocr_par' dir='ltr' id='par_1_70' title="bbox 2030 2539 3679 2615">
     <span class='ocr_line' id='line_1_70' title="bbox 2030 2539 3679 2615; baseline 0.004 -19"><span class='ocrx_word' id='word_1_467' title='bbox 2030 2545 2376 2597; x_wconf 81' lang='lat' dir='ltr'>mosatenus</span> <span class='ocrx_word' id='word_1_468' title='bbox 2408 2539 2756 2610; x_wconf 89' lang='lat' dir='ltr'>episcopatu</span> <span class='ocrx_word' id='word_1_469' title='bbox 2785 2539 3148 2596; x_wconf 79' lang='lat' dir='ltr'>Antiocheno</span> <span class='ocrx_word' id='word_1_470' title='bbox 3166 2541 3679 2615; x_wconf 88' lang='lat' dir='ltr'>dejectus.Eodem</span> 
     </span>
    </p>
   </div>
   <div class='ocr_carea' id='block_1_71' title="bbox 2028 2629 3679 2703">
    <p class='ocr_par' dir='ltr' id='par_1_71' title="bbox 2028 2629 3679 2703">
     <span class='ocr_line' id='line_1_71' title="bbox 2028 2629 3679 2703; baseline 0.002 -17"><span class='ocrx_word' id='word_1_471' title='bbox 2028 2631 2360 2703; x_wconf 88' lang='lat' dir='ltr'>imperante</span> <span class='ocrx_word' id='word_1_472' title='bbox 2398 2629 2668 2701; x_wconf 88' lang='lat' dir='ltr'>impurus</span> <span class='ocrx_word' id='word_1_473' title='bbox 2699 2629 2801 2684; x_wconf 91' lang='lat' dir='ltr'>ille</span> <span class='ocrx_word' id='word_1_474' title='bbox 2833 2635 2891 2684; x_wconf 91' lang='lat' dir='ltr'>et</span> <span class='ocrx_word' id='word_1_475' title='bbox 2919 2629 3288 2686; x_wconf 89' lang='lat' dir='ltr'>detestabilis</span> <span class='ocrx_word' id='word_1_476' title='bbox 3338 2634 3538 2689; x_wconf 84' lang='lat' dir='ltr'>Manes</span> <span class='ocrx_word' id='word_1_477' title='bbox 3577 2650 3679 2690; x_wconf 83' lang='lat' dir='ltr'>ex-</span> 
     </span>
    </p>
   </div>
   <div class='ocr_carea' id='block_1_72' title="bbox 2031 2719 3680 2794">
    <p class='ocr_par' dir='ltr' id='par_1_72' title="bbox 2031 2719 3680 2794">
     <span class='ocr_line' id='line_1_72' title="bbox 2031 2719 3680 2794; baseline 0.003 -19"><span class='ocrx_word' id='word_1_478' title='bbox 2031 2720 2203 2790; x_wconf 88' lang='lat' dir='ltr'>stitit,</span> <span class='ocrx_word' id='word_1_479' title='bbox 2239 2719 2337 2790; x_wconf 90' lang='lat' dir='ltr'>qui</span> <span class='ocrx_word' id='word_1_480' title='bbox 2381 2719 2490 2774; x_wconf 90' lang='lat' dir='ltr'>sibi</span> <span class='ocrx_word' id='word_1_481' title='bbox 2523 2719 2739 2774; x_wconf 87' lang='lat' dir='ltr'>Christi</span> <span class='ocrx_word' id='word_1_482' title='bbox 2777 2724 2837 2774; x_wconf 92' lang='lat' dir='ltr'>et</span> <span class='ocrx_word' id='word_1_483' title='bbox 2878 2719 3122 2791; x_wconf 89' lang='lat' dir='ltr'>spiritus</span> <span class='ocrx_word' id='word_1_484' title='bbox 3170 2722 3360 2777; x_wconf 90' lang='lat' dir='ltr'>sancti</span> <span class='ocrx_word' id='word_1_485' title='bbox 3419 2723 3680 2794; x_wconf 89' lang='lat' dir='ltr'>speciem</span> 
     </span>
    </p>
   </div>
   <div class='ocr_carea' id='block_1_73' title="bbox 2030 2805 3682 2882">
    <p class='ocr_par' dir='ltr' id='par_1_73' title="bbox 2030 2805 3682 2882">
     <span class='ocr_line' id='line_1_73' title="bbox 2030 2805 3682 2882; baseline 0.002 -19"><span class='ocrx_word' id='word_1_486' title='bbox 2030 2807 2319 2870; x_wconf 86' lang='lat' dir='ltr'>sumebat,</span> <span class='ocrx_word' id='word_1_487' title='bbox 2356 2813 2535 2878; x_wconf 90' lang='lat' dir='ltr'>atque</span> <span class='ocrx_word' id='word_1_488' title='bbox 2558 2823 2628 2862; x_wconf 81' lang='lat' dir='ltr'>ex</span> <span class='ocrx_word' id='word_1_489' title='bbox 2649 2805 2977 2862; x_wconf 74' lang='lat' dir='ltr'>haaresibus</span> <span class='ocrx_word' id='word_1_490' title='bbox 2991 2808 3268 2864; x_wconf 90' lang='lat' dir='ltr'>omnibus</span> <span class='ocrx_word' id='word_1_491' title='bbox 3290 2808 3431 2865; x_wconf 75' lang='lat' dir='ltr'>mali</span> <span class='ocrx_word' id='word_1_492' title='bbox 3451 2810 3682 2882; x_wconf 88' lang='lat' dir='ltr'>aliquid</span> 
     </span>
    </p>
   </div>
   <div class='ocr_carea' id='block_1_74' title="bbox 2030 2895 3680 2967">
    <p class='ocr_par' dir='ltr' id='par_1_74' title="bbox 2030 2895 3680 2967">
     <span class='ocr_line' id='line_1_74' title="bbox 2030 2895 3680 2967; baseline 0.003 -14"><span class='ocrx_word' id='word_1_493' title='bbox 2030 2895 2350 2953; x_wconf 90' lang='lat' dir='ltr'>corradens</span> <span class='ocrx_word' id='word_1_494' title='bbox 2380 2895 2483 2951; x_wconf 90' lang='lat' dir='ltr'>Dei</span> <span class='ocrx_word' id='word_1_495' title='bbox 2513 2895 2812 2967; x_wconf 90' lang='lat' dir='ltr'>permissu</span> <span class='ocrx_word' id='word_1_496' title='bbox 2833 2911 2905 2951; x_wconf 82' lang='lat' dir='ltr'>ex</span> <span class='ocrx_word' id='word_1_497' title='bbox 2923 2895 3165 2953; x_wconf 86' lang='lat' dir='ltr'>Perside</span> <span class='ocrx_word' id='word_1_498' title='bbox 3187 2897 3249 2954; x_wconf 93' lang='lat' dir='ltr'>in</span> <span class='ocrx_word' id='word_1_499' title='bbox 3277 2899 3680 2958; x_wconf 76' lang='lat' dir='ltr'>Romanorum</span> 
     </span>
    </p>
   </div>
   <div class='ocr_carea' id='block_1_75' title="bbox 2031 2985 2605 3057">
    <p class='ocr_par' dir='ltr' id='par_1_75' title="bbox 2031 2985 2605 3057">
     <span class='ocr_line' id='line_1_75' title="bbox 2031 2985 2605 3057; baseline -0.003 -15"><span class='ocrx_word' id='word_1_500' title='bbox 2031 2985 2321 3042; x_wconf 88' lang='lat' dir='ltr'>ditionem</span> <span class='ocrx_word' id='word_1_501' title='bbox 2350 2985 2605 3057; x_wconf 88' lang='lat' dir='ltr'>irrepsit.</span> 
     </span>
    </p>
   </div>
   <div class='ocr_carea' id='block_1_76' title="bbox 2102 3073 3682 3150">
    <p class='ocr_par' dir='ltr' id='par_1_76' title="bbox 2102 3073 3682 3150">
     <span class='ocr_line' id='line_1_76' title="bbox 2102 3073 3682 3150; baseline 0.004 -21"><span class='ocrx_word' id='word_1_502' title='bbox 2102 3073 2420 3129; x_wconf 82' lang='lat' dir='ltr'>Manesille</span> <span class='ocrx_word' id='word_1_503' title='bbox 2437 3089 2708 3142; x_wconf 84' lang='lat' dir='ltr'>vesanus,</span> <span class='ocrx_word' id='word_1_504' title='bbox 2739 3073 2839 3146; x_wconf 91' lang='lat' dir='ltr'>qui</span> <span class='ocrx_word' id='word_1_505' title='bbox 2872 3078 2931 3129; x_wconf 89' lang='lat' dir='ltr'>et</span> <span class='ocrx_word' id='word_1_506' title='bbox 2959 3075 3310 3146; x_wconf 82' lang='lat' dir='ltr'>Scythianus</span> <span class='ocrx_word' id='word_1_507' title='bbox 3339 3077 3682 3150; x_wconf 86' lang='lat' dir='ltr'>appellaba-</span> 
     </span>
    </p>
   </div>
   <div class='ocr_carea' id='block_1_77' title="bbox 2032 3163 3681 3244">
    <p class='ocr_par' dir='ltr' id='par_1_77' title="bbox 2032 3163 3681 3244">
     <span class='ocr_line' id='line_1_77' title="bbox 2032 3163 3681 3244; baseline 0.003 -24"><span class='ocrx_word' id='word_1_508' title='bbox 2032 3168 2150 3231; x_wconf 90' lang='lat' dir='ltr'>tur,</span> <span class='ocrx_word' id='word_1_509' title='bbox 2184 3163 2512 3219; x_wconf 89' lang='lat' dir='ltr'>Brachman</span> <span class='ocrx_word' id='word_1_510' title='bbox 2545 3168 2671 3220; x_wconf 91' lang='lat' dir='ltr'>erat</span> <span class='ocrx_word' id='word_1_511' title='bbox 2699 3163 2962 3244; x_wconf 88' lang='lat' dir='ltr'>natione.</span> <span class='ocrx_word' id='word_1_512' title='bbox 2995 3164 3425 3238; x_wconf 76' lang='lat' dir='ltr'>Praaceptorem</span> <span class='ocrx_word' id='word_1_513' title='bbox 3483 3173 3681 3224; x_wconf 90' lang='lat' dir='ltr'>autem</span> 
     </span>
    </p>
   </div>
   <div class='ocr_carea' id='block_1_78' title="bbox 2035 3253 3673 3330">
    <p class='ocr_par' dir='ltr' id='par_1_78' title="bbox 2035 3253 3673 3330">
     <span class='ocr_line' id='line_1_78' title="bbox 2035 3253 3673 3330; baseline 0.002 -20"><span class='ocrx_word' id='word_1_514' title='bbox 2035 3255 2246 3310; x_wconf 89' lang='lat' dir='ltr'>habuit</span> <span class='ocrx_word' id='word_1_515' title='bbox 2276 3253 2519 3322; x_wconf 88' lang='lat' dir='ltr'>Budam,</span> <span class='ocrx_word' id='word_1_516' title='bbox 2552 3253 2653 3326; x_wconf 88' lang='lat' dir='ltr'>qui</span> <span class='ocrx_word' id='word_1_517' title='bbox 2682 3253 2824 3309; x_wconf 92' lang='lat' dir='ltr'>olim</span> <span class='ocrx_word' id='word_1_518' title='bbox 2853 3253 3194 3310; x_wconf 88' lang='lat' dir='ltr'>Terebinthi</span> <span class='ocrx_word' id='word_1_519' title='bbox 3224 3272 3444 3312; x_wconf 91' lang='lat' dir='ltr'>nomen</span> <span class='ocrx_word' id='word_1_520' title='bbox 3473 3274 3673 3330; x_wconf 87' lang='lat' dir='ltr'>gesse-</span> 
     </span>
    </p>
   </div>
   <div class='ocr_carea' id='block_1_79' title="bbox 2038 3342 3683 3419">
    <p class='ocr_par' dir='ltr' id='par_1_79' title="bbox 2038 3342 3683 3419">
     <span class='ocr_line' id='line_1_79' title="bbox 2038 3342 3683 3419; baseline 0.004 -22"><span class='ocrx_word' id='word_1_521' title='bbox 2038 3348 2166 3398; x_wconf 89' lang='lat' dir='ltr'>rat:</span> <span class='ocrx_word' id='word_1_522' title='bbox 2200 3343 2296 3398; x_wconf 88' lang='lat' dir='ltr'>hic</span> <span class='ocrx_word' id='word_1_523' title='bbox 2327 3344 2556 3399; x_wconf 59' lang='lat' dir='ltr'>Graecas</span> <span class='ocrx_word' id='word_1_524' title='bbox 2582 3342 2895 3416; x_wconf 89' lang='lat' dir='ltr'>opiniones</span> <span class='ocrx_word' id='word_1_525' title='bbox 2926 3343 3254 3416; x_wconf 84' lang='lat' dir='ltr'>amplexus,</span> <span class='ocrx_word' id='word_1_526' title='bbox 3307 3346 3683 3419; x_wconf 89' lang='lat' dir='ltr'>Empedoclis</span> 
     </span>
    </p>
   </div>
   <div class='ocr_carea' id='block_1_80' title="bbox 2030 3431 3684 3510">
    <p class='ocr_par' dir='ltr' id='par_1_80' title="bbox 2030 3431 3684 3510">
     <span class='ocr_line' id='line_1_80' title="bbox 2030 3431 3684 3510; baseline 0.004 -23"><span class='ocrx_word' id='word_1_527' title='bbox 2030 3431 2269 3488; x_wconf 89' lang='lat' dir='ltr'>decreta</span> <span class='ocrx_word' id='word_1_528' title='bbox 2301 3437 2560 3488; x_wconf 90' lang='lat' dir='ltr'>sectatus</span> <span class='ocrx_word' id='word_1_529' title='bbox 2591 3439 2698 3498; x_wconf 91' lang='lat' dir='ltr'>est,</span> <span class='ocrx_word' id='word_1_530' title='bbox 2735 3432 2833 3504; x_wconf 91' lang='lat' dir='ltr'>qui</span> <span class='ocrx_word' id='word_1_531' title='bbox 2888 3433 3004 3489; x_wconf 93' lang='lat' dir='ltr'>duo</span> <span class='ocrx_word' id='word_1_532' title='bbox 3054 3434 3351 3490; x_wconf 89' lang='lat' dir='ltr'>contraria</span> <span class='ocrx_word' id='word_1_533' title='bbox 3389 3436 3684 3510; x_wconf 89' lang='lat' dir='ltr'>principia</span> 
     </span>
    </p>
   </div>
   <div class='ocr_carea' id='block_1_81' title="bbox 2031 3521 3682 3595">
    <p class='ocr_par' dir='ltr' id='par_1_81' title="bbox 2031 3521 3682 3595">
     <span class='ocr_line' id='line_1_81' title="bbox 2031 3521 3682 3595; baseline 0.004 -19"><span class='ocrx_word' id='word_1_534' title='bbox 2031 3526 2337 3577; x_wconf 81' lang='lat' dir='ltr'>statuerat-</span> <span class='ocrx_word' id='word_1_535' title='bbox 2374 3523 2432 3576; x_wconf 83' lang='lat' dir='ltr'>In</span> <span class='ocrx_word' id='word_1_536' title='bbox 2489 3521 2793 3578; x_wconf 89' lang='lat' dir='ltr'>Persidem</span> <span class='ocrx_word' id='word_1_537' title='bbox 2845 3522 3038 3580; x_wconf 89' lang='lat' dir='ltr'>Budas</span> <span class='ocrx_word' id='word_1_538' title='bbox 3091 3540 3228 3580; x_wconf 92' lang='lat' dir='ltr'>cum</span> <span class='ocrx_word' id='word_1_539' title='bbox 3279 3525 3561 3595; x_wconf 88' lang='lat' dir='ltr'>venisset,</span> <span class='ocrx_word' id='word_1_540' title='bbox 3609 3525 3682 3583; x_wconf 89' lang='lat' dir='ltr'>de</span> 
     </span>
    </p>
   </div>
   <div class='ocr_carea' id='block_1_82' title="bbox 2030 3610 3680 3682">
    <p class='ocr_par' dir='ltr' id='par_1_82' title="bbox 2030 3610 3680 3682">
     <span class='ocr_line' id='line_1_82' title="bbox 2030 3610 3680 3682; baseline 0.006 -18"><span class='ocrx_word' id='word_1_541' title='bbox 2030 3610 2256 3682; x_wconf 78' lang='lat' dir='ltr'>virgine</span> <span class='ocrx_word' id='word_1_542' title='bbox 2289 3625 2351 3665; x_wconf 89' lang='lat' dir='ltr'>se</span> <span class='ocrx_word' id='word_1_543' title='bbox 2377 3616 2583 3665; x_wconf 89' lang='lat' dir='ltr'>natum</span> <span class='ocrx_word' id='word_1_544' title='bbox 2617 3615 2677 3666; x_wconf 93' lang='lat' dir='ltr'>et</span> <span class='ocrx_word' id='word_1_545' title='bbox 2704 3611 2766 3666; x_wconf 90' lang='lat' dir='ltr'>in</span> <span class='ocrx_word' id='word_1_546' title='bbox 2805 3612 3112 3668; x_wconf 90' lang='lat' dir='ltr'>montibus</span> <span class='ocrx_word' id='word_1_547' title='bbox 3163 3613 3478 3670; x_wconf 90' lang='lat' dir='ltr'>educatum</span> <span class='ocrx_word' id='word_1_548' title='bbox 3510 3614 3680 3674; x_wconf 76' lang='lat' dir='ltr'>dixit.</span> 
     </span>
    </p>
   </div>
   <div class='ocr_carea' id='block_1_83' title="bbox 2032 3699 3683 3778">
    <p class='ocr_par' dir='ltr' id='par_1_83' title="bbox 2032 3699 3683 3778">
     <span class='ocr_line' id='line_1_83' title="bbox 2032 3699 3683 3778; baseline 0.004 -24"><span class='ocrx_word' id='word_1_549' title='bbox 2032 3699 2275 3771; x_wconf 88' lang='lat' dir='ltr'>Scripsit</span> <span class='ocrx_word' id='word_1_550' title='bbox 2293 3700 2482 3755; x_wconf 84' lang='lat' dir='ltr'>libros</span> <span class='ocrx_word' id='word_1_551' title='bbox 2504 3704 2793 3770; x_wconf 89' lang='lat' dir='ltr'>quatuor;</span> <span class='ocrx_word' id='word_1_552' title='bbox 2820 3717 3074 3770; x_wconf 90' lang='lat' dir='ltr'>quorum</span> <span class='ocrx_word' id='word_1_553' title='bbox 3096 3702 3252 3757; x_wconf 90' lang='lat' dir='ltr'>tituli</span> <span class='ocrx_word' id='word_1_554' title='bbox 3285 3708 3422 3759; x_wconf 86' lang='lat' dir='ltr'>sunt</span> <span class='ocrx_word' id='word_1_555' title='bbox 3453 3703 3526 3760; x_wconf 90' lang='lat' dir='ltr'>de</span> <span class='ocrx_word' id='word_1_556' title='bbox 3553 3721 3683 3778; x_wconf 87' lang='lat' dir='ltr'>my-</span> 
     </span>
    </p>
   </div>
   <div class='ocr_carea' id='block_1_84' title="bbox 2032 3788 3681 3864">
    <p class='ocr_par' dir='ltr' id='par_1_84' title="bbox 2032 3788 3681 3864">
     <span class='ocr_line' id='line_1_84' title="bbox 2032 3788 3681 3864; baseline 0.004 -21"><span class='ocrx_word' id='word_1_557' title='bbox 2032 3788 2632 3862; x_wconf 88' lang='lat' dir='ltr'>steriis,Evangelium</span> <span class='ocrx_word' id='word_1_558' title='bbox 2643 3789 3616 3864; x_wconf 85' lang='lat' dir='ltr'>,Thesaurorum,Capitum.Atque</span> <span class='ocrx_word' id='word_1_559' title='bbox 3631 3794 3681 3849; x_wconf 92' lang='lat' dir='ltr'>is</span> 
     </span>
    </p>
   </div>
   <div class='ocr_carea' id='block_1_85' title="bbox 2033 3877 3682 3952">
    <p class='ocr_par' dir='ltr' id='par_1_85' title="bbox 2033 3877 3682 3952">
     <span class='ocr_line' id='line_1_85' title="bbox 2033 3877 3682 3952; baseline 0.004 -21"><span class='ocrx_word' id='word_1_560' title='bbox 2033 3878 2274 3949; x_wconf 89' lang='lat' dir='ltr'>quidem</span> <span class='ocrx_word' id='word_1_561' title='bbox 2303 3878 2495 3933; x_wconf 88' lang='lat' dir='ltr'>Budas</span> <span class='ocrx_word' id='word_1_562' title='bbox 2525 3877 2915 3932; x_wconf 90' lang='lat' dir='ltr'>Terebinthus</span> <span class='ocrx_word' id='word_1_563' title='bbox 2947 3877 3020 3934; x_wconf 89' lang='lat' dir='ltr'>ab</span> <span class='ocrx_word' id='word_1_564' title='bbox 3051 3877 3282 3950; x_wconf 88' lang='lat' dir='ltr'>impuro</span> <span class='ocrx_word' id='word_1_565' title='bbox 3321 3881 3494 3952; x_wconf 84' lang='lat' dir='ltr'>genio</span> <span class='ocrx_word' id='word_1_566' title='bbox 3526 3880 3682 3937; x_wconf 67' lang='lat'>450</span> 
     </span>
    </p>
   </div>
   <div class='ocr_carea' id='block_1_86' title="bbox 2031 3966 3678 4042">
    <p class='ocr_par' dir='ltr' id='par_1_86' title="bbox 2031 3966 3678 4042">
     <span class='ocr_line' id='line_1_86' title="bbox 2031 3966 3678 4042; baseline 0.001 -18"><span class='ocrx_word' id='word_1_567' title='bbox 2031 3967 2322 4025; x_wconf 83' lang='lat' dir='ltr'>contritus</span> <span class='ocrx_word' id='word_1_568' title='bbox 2354 3968 2550 4040; x_wconf 90' lang='lat' dir='ltr'>periit.</span> <span class='ocrx_word' id='word_1_569' title='bbox 2585 3966 2792 4022; x_wconf 89' lang='lat' dir='ltr'>Mulier</span> <span class='ocrx_word' id='word_1_570' title='bbox 2821 3972 3018 4023; x_wconf 90' lang='lat' dir='ltr'>autem</span> <span class='ocrx_word' id='word_1_571' title='bbox 3049 3968 3345 4040; x_wconf 73' lang='lat' dir='ltr'>quaadam,</span> <span class='ocrx_word' id='word_1_572' title='bbox 3367 3970 3536 4042; x_wconf 90' lang='lat' dir='ltr'>cujus</span> <span class='ocrx_word' id='word_1_573' title='bbox 3553 3975 3678 4026; x_wconf 91' lang='lat' dir='ltr'>ute-</span> 
     </span>
    </p>
   </div>
   <div class='ocr_carea' id='block_1_87' title="bbox 2030 4055 3680 4132">
    <p class='ocr_par' dir='ltr' id='par_1_87' title="bbox 2030 4055 3680 4132">
     <span class='ocr_line' id='line_1_87' title="bbox 2030 4055 3680 4132; baseline 0.001 -18"><span class='ocrx_word' id='word_1_574' title='bbox 2030 4059 2205 4114; x_wconf 91' lang='lat' dir='ltr'>batur</span> <span class='ocrx_word' id='word_1_575' title='bbox 2224 4057 2506 4128; x_wconf 89' lang='lat' dir='ltr'>hospitio,</span> <span class='ocrx_word' id='word_1_576' title='bbox 2533 4060 2590 4111; x_wconf 93' lang='lat' dir='ltr'>et</span> <span class='ocrx_word' id='word_1_577' title='bbox 2603 4056 2758 4128; x_wconf 88' lang='lat' dir='ltr'>apud</span> <span class='ocrx_word' id='word_1_578' title='bbox 2774 4073 2952 4128; x_wconf 89' lang='lat' dir='ltr'>quam</span> <span class='ocrx_word' id='word_1_579' title='bbox 2967 4073 3072 4113; x_wconf 91' lang='lat' dir='ltr'>sua</span> <span class='ocrx_word' id='word_1_580' title='bbox 3083 4055 3436 4129; x_wconf 85' lang='lat' dir='ltr'>deponebat,</span> <span class='ocrx_word' id='word_1_581' title='bbox 3465 4058 3680 4132; x_wconf 88' lang='lat' dir='ltr'>impios</span> 
     </span>
    </p>
   </div>
   <div class='ocr_carea' id='block_1_88' title="bbox 2032 4145 3678 4220">
    <p class='ocr_par' dir='ltr' id='par_1_88' title="bbox 2032 4145 3678 4220">
     <span class='ocr_line' id='line_1_88' title="bbox 2032 4145 3678 4220; baseline 0.001 -17"><span class='ocrx_word' id='word_1_582' title='bbox 2032 4147 2178 4203; x_wconf 90' lang='lat' dir='ltr'>istos</span> <span class='ocrx_word' id='word_1_583' title='bbox 2196 4146 2379 4202; x_wconf 90' lang='lat' dir='ltr'>libros</span> <span class='ocrx_word' id='word_1_584' title='bbox 2396 4145 2773 4202; x_wconf 68' lang='lat' dir='ltr'>haereditario</span> <span class='ocrx_word' id='word_1_585' title='bbox 2789 4153 3108 4202; x_wconf 87' lang='lat' dir='ltr'>consecuta</span> <span class='ocrx_word' id='word_1_586' title='bbox 3120 4147 3436 4219; x_wconf 90' lang='lat' dir='ltr'>puerulum</span> <span class='ocrx_word' id='word_1_587' title='bbox 3450 4153 3678 4220; x_wconf 84' lang='lat' dir='ltr'>septen-</span> 
     </span>
    </p>
   </div>
   <div class='ocr_carea' id='block_1_89' title="bbox 2032 4234 3679 4310">
    <p class='ocr_par' dir='ltr' id='par_1_89' title="bbox 2032 4234 3679 4310">
     <span class='ocr_line' id='line_1_89' title="bbox 2032 4234 3679 4310; baseline -0.001 -17"><span class='ocrx_word' id='word_1_588' title='bbox 2032 4253 2169 4293; x_wconf 90' lang='lat' dir='ltr'>nem</span> <span class='ocrx_word' id='word_1_589' title='bbox 2191 4236 2354 4304; x_wconf 86' lang='lat' dir='ltr'>emit,</span> <span class='ocrx_word' id='word_1_590' title='bbox 2386 4235 2630 4291; x_wconf 90' lang='lat' dir='ltr'>nomine</span> <span class='ocrx_word' id='word_1_591' title='bbox 2653 4234 2987 4302; x_wconf 87' lang='lat' dir='ltr'>Cubricum,</span> <span class='ocrx_word' id='word_1_592' title='bbox 3011 4251 3188 4308; x_wconf 88' lang='lat' dir='ltr'>quem</span> <span class='ocrx_word' id='word_1_593' title='bbox 3207 4235 3437 4294; x_wconf 86' lang='lat' dir='ltr'>litteras</span> <span class='ocrx_word' id='word_1_594' title='bbox 3457 4237 3679 4310; x_wconf 91' lang='lat' dir='ltr'>docuit,</span> 
     </span>
    </p>
   </div>
   <div class='ocr_carea' id='block_1_90' title="bbox 2029 4323 3680 4396">
    <p class='ocr_par' dir='ltr' id='par_1_90' title="bbox 2029 4323 3680 4396">
     <span class='ocr_line' id='line_1_90' title="bbox 2029 4323 3680 4396; baseline 0.001 -14"><span class='ocrx_word' id='word_1_595' title='bbox 2029 4326 2484 4396; x_wconf 90' lang='lat' dir='ltr'>libertatemque</span> <span class='ocrx_word' id='word_1_596' title='bbox 2499 4324 2782 4379; x_wconf 91' lang='lat' dir='ltr'>donatum</span> <span class='ocrx_word' id='word_1_597' title='bbox 2796 4323 3065 4380; x_wconf 91' lang='lat' dir='ltr'>heredem</span> <span class='ocrx_word' id='word_1_598' title='bbox 3075 4325 3320 4382; x_wconf 87' lang='lat' dir='ltr'>omnium</span> <span class='ocrx_word' id='word_1_599' title='bbox 3338 4342 3572 4382; x_wconf 88' lang='lat' dir='ltr'>suarum</span> <span class='ocrx_word' id='word_1_600' title='bbox 3585 4344 3680 4384; x_wconf 81' lang='lat' dir='ltr'>re-</span> 
     </span>
    </p>
   </div>
   <div class='ocr_carea' id='block_1_91' title="bbox 2032 4411 3678 4489">
    <p class='ocr_par' dir='ltr' id='par_1_91' title="bbox 2032 4411 3678 4489">
     <span class='ocr_line' id='line_1_91' title="bbox 2032 4411 3678 4489; baseline 0.002 -21"><span class='ocrx_word' id='word_1_601' title='bbox 2032 4431 2165 4468; x_wconf 90' lang='lat' dir='ltr'>rum</span> <span class='ocrx_word' id='word_1_602' title='bbox 2194 4413 2450 4469; x_wconf 90' lang='lat' dir='ltr'>instituit</span> <span class='ocrx_word' id='word_1_603' title='bbox 2504 4413 2558 4468; x_wconf 91' lang='lat' dir='ltr'>Is</span> <span class='ocrx_word' id='word_1_604' title='bbox 2590 4428 2727 4485; x_wconf 84' lang='lat' dir='ltr'>ergo</span> <span class='ocrx_word' id='word_1_605' title='bbox 2759 4411 3041 4468; x_wconf 91' lang='lat' dir='ltr'>Cubricus</span> <span class='ocrx_word' id='word_1_606' title='bbox 3071 4412 3256 4469; x_wconf 89' lang='lat' dir='ltr'>libros</span> <span class='ocrx_word' id='word_1_607' title='bbox 3295 4415 3472 4471; x_wconf 60' lang='lat' dir='ltr'>Budas</span> <span class='ocrx_word' id='word_1_608' title='bbox 3503 4433 3678 4489; x_wconf 83' lang='lat' dir='ltr'>pecu-</span> 
     </span>
    </p>
   </div>
   <div class='ocr_carea' id='block_1_92' title="bbox 2031 4501 3680 4575">
    <p class='ocr_par' dir='ltr' id='par_1_92' title="bbox 2031 4501 3680 4575">
     <span class='ocr_line' id='line_1_92' title="bbox 2031 4501 3680 4575; baseline 0.002 -17"><span class='ocrx_word' id='word_1_609' title='bbox 2031 4502 2313 4574; x_wconf 89' lang='lat' dir='ltr'>niamque</span> <span class='ocrx_word' id='word_1_610' title='bbox 2337 4505 2545 4557; x_wconf 90' lang='lat' dir='ltr'>nactus</span> <span class='ocrx_word' id='word_1_611' title='bbox 2567 4501 2871 4557; x_wconf 90' lang='lat' dir='ltr'>Persidem</span> <span class='ocrx_word' id='word_1_612' title='bbox 2893 4503 3535 4575; x_wconf 82' lang='lat' dir='ltr'>peragravit,Manetem</span> <span class='ocrx_word' id='word_1_613' title='bbox 3551 4522 3680 4562; x_wconf 87' lang='lat' dir='ltr'>sese</span> 
     </span>
    </p>
   </div>
   <div class='ocr_carea' id='block_1_93' title="bbox 2031 4590 3682 4666">
    <p class='ocr_par' dir='ltr' id='par_1_93' title="bbox 2031 4590 3682 4666">
     <span class='ocr_line' id='line_1_93' title="bbox 2031 4590 3682 4666; baseline 0.002 -19"><span class='ocrx_word' id='word_1_614' title='bbox 2031 4592 2352 4647; x_wconf 89' lang='lat' dir='ltr'>nominans</span> <span class='ocrx_word' id='word_1_615' title='bbox 2381 4607 2447 4645; x_wconf 91' lang='lat' dir='ltr'>ac</span> <span class='ocrx_word' id='word_1_616' title='bbox 2479 4590 2655 4646; x_wconf 86' lang='lat' dir='ltr'>Budae</span> <span class='ocrx_word' id='word_1_617' title='bbox 2679 4606 2943 4646; x_wconf 89' lang='lat' dir='ltr'>errorem</span> <span class='ocrx_word' id='word_1_618' title='bbox 2965 4607 3271 4664; x_wconf 79' lang='lat' dir='ltr'>spargens,</span> <span class='ocrx_word' id='word_1_619' title='bbox 3295 4591 3479 4649; x_wconf 90' lang='lat' dir='ltr'>libros</span> <span class='ocrx_word' id='word_1_620' title='bbox 3499 4591 3626 4666; x_wconf 85' lang='lat' dir='ltr'>ejus</span> <span class='ocrx_word' id='word_1_621' title='bbox 3647 4611 3682 4650; x_wconf 91' lang='lat' dir='ltr'>a</span> 
     </span>
    </p>
   </div>
   <div class='ocr_carea' id='block_1_94' title="bbox 277 4671 1926 4752">
    <p class='ocr_par' dir='ltr' id='par_1_94' title="bbox 277 4677 1923 4752">
     <span class='ocr_line' id='line_1_94' title="bbox 277 4677 1923 4752; baseline 0.001 -17"><span class='ocrx_word' id='word_1_622' title='bbox 277 4679 418 4751; x_wconf 85' lang='grc' dir='ltr'>σίδα,</span> <span class='ocrx_word' id='word_1_623' title='bbox 451 4680 636 4751; x_wconf 81' lang='grc' dir='ltr'>Μάνην</span> <span class='ocrx_word' id='word_1_624' title='bbox 668 4682 850 4735; x_wconf 70' lang='grc' dir='ltr'>ἑαυτὸν</span> <span class='ocrx_word' id='word_1_625' title='bbox 914 4681 1195 4752; x_wconf 79' lang='grc' dir='ltr'>ὀνομάζων</span> <span class='ocrx_word' id='word_1_626' title='bbox 1253 4681 1342 4734; x_wconf 84' lang='grc' dir='ltr'>καὶ</span> <span class='ocrx_word' id='word_1_627' title='bbox 1399 4687 1496 4749; x_wconf 75' lang='grc' dir='ltr'>τῆς</span> <span class='ocrx_word' id='word_1_628' title='bbox 1561 4677 1771 4750; x_wconf 78' lang='grc' dir='ltr'>πλάνης</span> <span class='ocrx_word' id='word_1_629' title='bbox 1826 4685 1923 4736; x_wconf 91' lang='grc' dir='ltr'>τοῦ</span> 
     </span>
    </p>
   </div>
   <div class='ocr_carea' id='block_1_95' title="bbox 2036 4671 3678 4752">
    <p class='ocr_par' dir='ltr' id='par_1_95' title="bbox 2036 4679 3678 4752">
     <span class='ocr_line' id='line_1_95' title="bbox 2036 4679 3678 4752; baseline 0.001 -15"><span class='ocrx_word' id='word_1_630' title='bbox 2036 4698 2094 4737; x_wconf 88' lang='lat' dir='ltr'>se</span> <span class='ocrx_word' id='word_1_631' title='bbox 2127 4681 2460 4736; x_wconf 82' lang='lat' dir='ltr'>elaboratas</span> <span class='ocrx_word' id='word_1_632' title='bbox 2483 4679 2768 4752; x_wconf 89' lang='lat' dir='ltr'>jactabat.</span> <span class='ocrx_word' id='word_1_633' title='bbox 2812 4682 2978 4738; x_wconf 85' lang='lat' dir='ltr'>Hunc</span> <span class='ocrx_word' id='word_1_634' title='bbox 3009 4699 3110 4737; x_wconf 85' lang='lat' dir='ltr'>rex</span> <span class='ocrx_word' id='word_1_635' title='bbox 3141 4684 3454 4739; x_wconf 90' lang='lat' dir='ltr'>Persarum</span> <span class='ocrx_word' id='word_1_636' title='bbox 3488 4684 3678 4739; x_wconf 87' lang='lat' dir='ltr'>vivum</span> 
     </span>
    </p>
   </div>
   <div class='ocr_carea' id='block_1_96' title="bbox 277 4764 1926 4845">
    <p class='ocr_par' dir='ltr' id='par_1_96' title="bbox 277 4764 1926 4845">
     <span class='ocr_line' id='line_1_96' title="bbox 277 4764 1926 4845; baseline -0.002 -18"><span class='ocrx_word' id='word_1_637' title='bbox 277 4767 458 4827; x_wconf 86' lang='grc' dir='ltr'>Βουδα</span> <span class='ocrx_word' id='word_1_638' title='bbox 490 4769 752 4845; x_wconf 87' lang='grc' dir='ltr'>συνίστωρ</span> <span class='ocrx_word' id='word_1_639' title='bbox 804 4771 1113 4845; x_wconf 77' lang='grc' dir='ltr'>γενόμενος,</span> <span class='ocrx_word' id='word_1_640' title='bbox 1145 4771 1232 4824; x_wconf 78' lang='grc' dir='ltr'>καὶ</span> <span class='ocrx_word' id='word_1_641' title='bbox 1282 4769 1348 4824; x_wconf 74' lang='grc' dir='ltr'>τὰ</span> <span class='ocrx_word' id='word_1_642' title='bbox 1394 4764 1586 4845; x_wconf 87' lang='grc' dir='ltr'>βιϐλία</span> <span class='ocrx_word' id='word_1_643' title='bbox 1631 4771 1926 4842; x_wconf 87' lang='grc' dir='ltr'>πονήματα</span> 
     </span>
    </p>
   </div>
   <div class='ocr_carea' id='block_1_97' title="bbox 275 4855 1925 4935">
    <p class='ocr_par' dir='ltr' id='par_1_97' title="bbox 275 4855 1925 4935">
     <span class='ocr_line' id='line_1_97' title="bbox 275 4855 1925 4935; baseline 0 -21"><span class='ocrx_word' id='word_1_644' title='bbox 275 4856 387 4914; x_wconf 76' lang='grc' dir='ltr'>ἴδια</span> <span class='ocrx_word' id='word_1_645' title='bbox 419 4857 604 4934; x_wconf 82' lang='grc' dir='ltr'>ἔλεγεν</span> <span class='ocrx_word' id='word_1_646' title='bbox 657 4858 816 4916; x_wconf 80' lang='grc' dir='ltr'>εἶναι.</span> <span class='ocrx_word' id='word_1_647' title='bbox 871 4860 968 4916; x_wconf 78' lang='grc' dir='ltr'>’Όν</span> <span class='ocrx_word' id='word_1_648' title='bbox 1025 4859 1054 4912; x_wconf 90' lang='lat'>6</span> <span class='ocrx_word' id='word_1_649' title='bbox 1117 4857 1374 4935; x_wconf 78' lang='grc' dir='ltr'>βασιλεὺς</span> <span class='ocrx_word' id='word_1_650' title='bbox 1422 4862 1641 4935; x_wconf 81' lang='grc' dir='ltr'>Περσῶν</span> <span class='ocrx_word' id='word_1_651' title='bbox 1701 4855 1925 4934; x_wconf 82' lang='grc' dir='ltr'>ἐξέδειρε</span> 
     </span>
    </p>
   </div>
   <div class='ocr_carea' id='block_1_98' title="bbox 277 4946 1926 5022">
    <p class='ocr_par' dir='ltr' id='par_1_98' title="bbox 277 4946 1926 5022">
     <span class='ocr_line' id='line_1_98' title="bbox 277 4946 1926 5022; baseline -0.001 -18"><span class='ocrx_word' id='word_1_652' title='bbox 277 4954 449 5018; x_wconf 79' lang='grc' dir='ltr'>ζῶντα</span> <span class='ocrx_word' id='word_1_653' title='bbox 479 4949 552 5011; x_wconf 87' lang='grc' dir='ltr'>ὼς</span> <span class='ocrx_word' id='word_1_654' title='bbox 604 4947 832 5004; x_wconf 79' lang='grc' dir='ltr'>θανάτου</span> <span class='ocrx_word' id='word_1_655' title='bbox 891 4946 1184 5022; x_wconf 85' lang='grc' dir='ltr'>γενόμενον</span> <span class='ocrx_word' id='word_1_656' title='bbox 1237 4951 1315 5016; x_wconf 81' lang='grc' dir='ltr'>τῷ</span> <span class='ocrx_word' id='word_1_657' title='bbox 1370 4948 1472 5019; x_wconf 77' lang='grc' dir='ltr'>υἱῷ</span> <span class='ocrx_word' id='word_1_658' title='bbox 1529 4946 1692 5002; x_wconf 81' lang='grc' dir='ltr'>αὐτοῦ</span> <span class='ocrx_word' id='word_1_659' title='bbox 1739 4948 1926 5022; x_wconf 80' lang='grc' dir='ltr'>πρόξε-</span> 
     </span>
    </p>
   </div>
   <div class='ocr_carea' id='block_1_99' title="bbox 273 5034 1922 5114">
    <p class='ocr_par' dir='ltr' id='par_1_99' title="bbox 273 5034 1922 5114">
     <span class='ocr_line' id='line_1_99' title="bbox 273 5034 1922 5114; baseline 0 -24"><span class='ocrx_word' id='word_1_660' title='bbox 273 5060 382 5094; x_wconf 82' lang='grc' dir='ltr'>νον.</span> <span class='ocrx_word' id='word_1_661' title='bbox 415 5043 514 5093; x_wconf 89' lang='grc' dir='ltr'>τοῦ</span> <span class='ocrx_word' id='word_1_662' title='bbox 545 5037 648 5114; x_wconf 79' lang='grc' dir='ltr'>γὰρ</span> <span class='ocrx_word' id='word_1_663' title='bbox 682 5037 967 5112; x_wconf 74' lang='grc' dir='ltr'>βασιλικοῦ</span> <span class='ocrx_word' id='word_1_664' title='bbox 1001 5035 1195 5100; x_wconf 87' lang='grc' dir='ltr'>παιδὸς</span> <span class='ocrx_word' id='word_1_665' title='bbox 1229 5040 1516 5099; x_wconf 76' lang='grc' dir='ltr'>νοσοῦντος</span> <span class='ocrx_word' id='word_1_666' title='bbox 1565 5036 1654 5090; x_wconf 86' lang='grc' dir='ltr'>καὶ</span> <span class='ocrx_word' id='word_1_667' title='bbox 1703 5034 1922 5106; x_wconf 67' lang='grc' dir='ltr'>πολλῆς</span> 
     </span>
    </p>
   </div>
   <div class='ocr_carea' id='block_1_100' title="bbox 275 5123 1922 5202">
    <p class='ocr_par' dir='ltr' id='par_1_100' title="bbox 275 5123 1922 5202">
     <span class='ocr_line' id='line_1_100' title="bbox 275 5123 1922 5202; baseline -0.001 -20"><span class='ocrx_word' id='word_1_668' title='bbox 275 5127 524 5202; x_wconf 74' lang='grc' dir='ltr'>ἰατρικῆς</span> <span class='ocrx_word' id='word_1_669' title='bbox 617 5123 931 5199; x_wconf 80' lang='grc' dir='ltr'>ἐπιμελείας</span> <span class='ocrx_word' id='word_1_670' title='bbox 1046 5123 1446 5195; x_wconf 70' lang='grc' dir='ltr'>ἀπολαῦοντος,</span> <span class='ocrx_word' id='word_1_671' title='bbox 1557 5123 1922 5202; x_wconf 74' lang='grc' dir='ltr'>ἐπηγγείλατο</span> 
     </span>
    </p>
   </div>
   <div class='ocr_carea' id='block_1_101' title="bbox 272 5215 1920 5293">
    <p class='ocr_par' dir='ltr' id='par_1_101' title="bbox 272 5215 1920 5293">
     <span class='ocr_line' id='line_1_101' title="bbox 272 5215 1920 5293; baseline -0.001 -20"><span class='ocrx_word' id='word_1_672' title='bbox 272 5221 463 5290; x_wconf 76' lang='grc' dir='ltr'>Μάνης</span> <span class='ocrx_word' id='word_1_673' title='bbox 505 5217 683 5293; x_wconf 70' lang='grc' dir='ltr'>χωρὶς</span> <span class='ocrx_word' id='word_1_674' title='bbox 737 5216 976 5292; x_wconf 75' lang='grc' dir='ltr'>ἰατρείας</span> <span class='ocrx_word' id='word_1_675' title='bbox 1037 5215 1332 5285; x_wconf 81' lang='grc' dir='ltr'>ἀναστῆσαι</span> <span class='ocrx_word' id='word_1_676' title='bbox 1387 5220 1603 5286; x_wconf 79' lang='grc' dir='ltr'>τοῦτον,</span> <span class='ocrx_word' id='word_1_677' title='bbox 1648 5217 1736 5271; x_wconf 88' lang='grc' dir='ltr'>καὶ</span> <span class='ocrx_word' id='word_1_678' title='bbox 1779 5215 1920 5272; x_wconf 69' lang='grc' dir='ltr'>οὕτω</span> 
     </span>
    </p>
   </div>
   <div class='ocr_carea' id='block_1_102' title="bbox 272 5303 1925 5382">
    <p class='ocr_par' dir='ltr' id='par_1_102' title="bbox 272 5303 1925 5382">
     <span class='ocr_line' id='line_1_102' title="bbox 272 5303 1925 5382; baseline -0.001 -19"><span class='ocrx_word' id='word_1_679' title='bbox 272 5308 399 5371; x_wconf 77' lang='grc' dir='ltr'>τοὺς</span> <span class='ocrx_word' id='word_1_680' title='bbox 428 5305 648 5382; x_wconf 78' lang='grc' dir='ltr'>ἱατροὺς</span> <span class='ocrx_word' id='word_1_681' title='bbox 706 5306 1019 5376; x_wconf 85' lang='grc' dir='ltr'>ἀποστήσας</span> <span class='ocrx_word' id='word_1_682' title='bbox 1073 5303 1372 5369; x_wconf 80' lang='grc' dir='ltr'>ἐθανάτωσε</span> <span class='ocrx_word' id='word_1_683' title='bbox 1425 5305 1516 5360; x_wconf 88' lang='grc' dir='ltr'>τὸν</span> <span class='ocrx_word' id='word_1_684' title='bbox 1571 5304 1738 5360; x_wconf 87' lang='grc' dir='ltr'>παῖδα</span> <span class='ocrx_word' id='word_1_685' title='bbox 1798 5307 1925 5380; x_wconf 85' lang='grc' dir='ltr'>ἀμε-</span> 
     </span>
    </p>
   </div>
   <div class='ocr_carea' id='block_1_103' title="bbox 274 5393 1913 5470">
    <p class='ocr_par' dir='ltr' id='par_1_103' title="bbox 274 5393 1913 5470">
     <span class='ocr_line' id='line_1_103' title="bbox 274 5393 1913 5470; baseline -0.001 -17"><span class='ocrx_word' id='word_1_686' title='bbox 274 5397 395 5468; x_wconf 74' lang='grc' dir='ltr'>λείᾳ</span> <span class='ocrx_word' id='word_1_687' title='bbox 424 5396 514 5452; x_wconf 86' lang='grc' dir='ltr'>καὶ</span> <span class='ocrx_word' id='word_1_688' title='bbox 543 5393 922 5470; x_wconf 78' lang='grc' dir='ltr'>τερατολογίᾳ,</span> <span class='ocrx_word' id='word_1_689' title='bbox 981 5393 1069 5449; x_wconf 82' lang='grc' dir='ltr'>καὶ</span> <span class='ocrx_word' id='word_1_690' title='bbox 1131 5395 1259 5470; x_wconf 76' lang='grc' dir='ltr'>ὑπὲρ</span> <span class='ocrx_word' id='word_1_691' title='bbox 1315 5395 1511 5451; x_wconf 76' lang='grc' dir='ltr'>τούτου</span> <span class='ocrx_word' id='word_1_692' title='bbox 1564 5395 1754 5470; x_wconf 85' lang='grc' dir='ltr'>μισθὸν</span> <span class='ocrx_word' id='word_1_693' title='bbox 1823 5395 1913 5452; x_wconf 83' lang='grc' dir='ltr'>ἐπ-</span> 
     </span>
    </p>
   </div>
   <div class='ocr_carea' id='block_1_104' title="bbox 273 5481 1922 5559">
    <p class='ocr_par' dir='ltr' id='par_1_104' title="bbox 273 5481 1922 5559">
     <span class='ocr_line' id='line_1_104' title="bbox 273 5481 1922 5559; baseline -0.001 -19"><span class='ocrx_word' id='word_1_694' title='bbox 273 5488 419 5558; x_wconf 79' lang='grc' dir='ltr'>άξιον</span> <span class='ocrx_word' id='word_1_695' title='bbox 454 5486 678 5548; x_wconf 76' lang='grc' dir='ltr'>εἶκότως</span> <span class='ocrx_word' id='word_1_696' title='bbox 705 5484 988 5559; x_wconf 76' lang='grc' dir='ltr'>κομίζεται</span> <span class='ocrx_word' id='word_1_697' title='bbox 1050 5485 1149 5553; x_wconf 68' lang='grc' dir='ltr'>τήν</span> <span class='ocrx_word' id='word_1_698' title='bbox 1191 5481 1414 5559; x_wconf 77' lang='grc' dir='ltr'>ἐκδοράν</span> <span class='ocrx_word' id='word_1_699' title='bbox 1473 5489 1569 5539; x_wconf 83' lang='grc' dir='ltr'>τοῦ</span> <span class='ocrx_word' id='word_1_700' title='bbox 1619 5483 1922 5541; x_wconf 86' lang='grc' dir='ltr'>παναθλίου</span> 
     </span>
    </p>
   </div>
   <div class='ocr_carea' id='block_1_105' title="bbox 276 5568 1920 5650">
    <p class='ocr_par' dir='ltr' id='par_1_105' title="bbox 276 5568 1920 5650">
     <span class='ocr_line' id='line_1_105' title="bbox 276 5568 1920 5650; baseline -0.002 -17"><span class='ocrx_word' id='word_1_701' title='bbox 276 5577 443 5633; x_wconf 77' lang='grc' dir='ltr'>αὐτοῦ</span> <span class='ocrx_word' id='word_1_702' title='bbox 477 5576 752 5650; x_wconf 83' lang='grc' dir='ltr'>σώματος.</span> <span class='ocrx_word' id='word_1_703' title='bbox 787 5576 849 5632; x_wconf 90' lang='grc' dir='ltr'>Ὁ</span> <span class='ocrx_word' id='word_1_704' title='bbox 879 5573 1054 5630; x_wconf 86' lang='grc' dir='ltr'>τοίνυν</span> <span class='ocrx_word' id='word_1_705' title='bbox 1106 5568 1476 5648; x_wconf 79' lang='grc' dir='ltr'>ἐμϐρόντητὸς</span> <span class='ocrx_word' id='word_1_706' title='bbox 1527 5575 1682 5637; x_wconf 76' lang='grc' dir='ltr'>οὗτος</span> <span class='ocrx_word' id='word_1_707' title='bbox 1737 5577 1920 5642; x_wconf 85' lang='grc' dir='ltr'>Μάνης</span> 
     </span>
    </p>
   </div>
   <div class='ocr_carea' id='block_1_106' title="bbox 277 5657 1922 5737">
    <p class='ocr_par' dir='ltr' id='par_1_106' title="bbox 277 5657 1922 5737">
     <span class='ocr_line' id='line_1_106' title="bbox 277 5657 1922 5737; baseline 0.001 -17"><span class='ocrx_word' id='word_1_708' title='bbox 277 5657 736 5737; x_wconf 79' lang='grc' dir='ltr'>ἀποϐαλλόμενος</span> <span class='ocrx_word' id='word_1_709' title='bbox 766 5664 864 5732; x_wconf 77' lang='grc' dir='ltr'>τήν</span> <span class='ocrx_word' id='word_1_710' title='bbox 895 5662 1138 5717; x_wconf 76' lang='grc' dir='ltr'>Παλαιὰν</span> <span class='ocrx_word' id='word_1_711' title='bbox 1171 5665 1464 5732; x_wconf 78' lang='grc' dir='ltr'>Διαθήκην,</span> <span class='ocrx_word' id='word_1_712' title='bbox 1516 5664 1604 5719; x_wconf 82' lang='grc' dir='ltr'>καὶ</span> <span class='ocrx_word' id='word_1_713' title='bbox 1652 5666 1752 5733; x_wconf 78' lang='grc' dir='ltr'>τὴν</span> <span class='ocrx_word' id='word_1_714' title='bbox 1802 5668 1922 5721; x_wconf 89' lang='grc' dir='ltr'>κτί-</span> 
     </span>
    </p>
   </div>
   <div class='ocr_carea' id='block_1_107' title="bbox 281 5751 1923 5830">
    <p class='ocr_par' dir='ltr' id='par_1_107' title="bbox 281 5751 1923 5830">
     <span class='ocr_line' id='line_1_107' title="bbox 281 5751 1923 5830; baseline 0 -20"><span class='ocrx_word' id='word_1_715' title='bbox 281 5777 360 5810; x_wconf 91' lang='grc' dir='ltr'>σιν</span> <span class='ocrx_word' id='word_1_716' title='bbox 391 5760 566 5810; x_wconf 84' lang='grc' dir='ltr'>πᾶσαν</span> <span class='ocrx_word' id='word_1_717' title='bbox 626 5754 717 5808; x_wconf 86' lang='grc' dir='ltr'>καὶ</span> <span class='ocrx_word' id='word_1_718' title='bbox 771 5753 869 5822; x_wconf 65' lang='grc' dir='ltr'>τὴν</span> <span class='ocrx_word' id='word_1_719' title='bbox 921 5757 1019 5809; x_wconf 86' lang='grc' dir='ltr'>τοῦ</span> <span class='ocrx_word' id='word_1_720' title='bbox 1079 5751 1366 5830; x_wconf 83' lang='grc' dir='ltr'>ἀνθρώπου</span> <span class='ocrx_word' id='word_1_721' title='bbox 1425 5754 1760 5823; x_wconf 77' lang='grc' dir='ltr'>κατασκευὴν</span> <span class='ocrx_word' id='word_1_722' title='bbox 1823 5755 1923 5810; x_wconf 79' lang='grc' dir='ltr'>οὐκ</span> 
     </span>
    </p>
   </div>
   <div class='ocr_carea' id='block_1_108' title="bbox 2037 4769 3674 4843">
    <p class='ocr_par' dir='ltr' id='par_1_108' title="bbox 2037 4769 3674 4843">
     <span class='ocr_line' id='line_1_108' title="bbox 2037 4769 3674 4843; baseline 0 -16"><span class='ocrx_word' id='word_1_723' title='bbox 2037 4771 2325 4827; x_wconf 88' lang='lat' dir='ltr'>excoriari</span> <span class='ocrx_word' id='word_1_724' title='bbox 2352 4769 2552 4842; x_wconf 92' lang='lat' dir='ltr'>jussit,</span> <span class='ocrx_word' id='word_1_725' title='bbox 2595 4770 2753 4840; x_wconf 91' lang='lat' dir='ltr'>quod</span> <span class='ocrx_word' id='word_1_726' title='bbox 2778 4770 2897 4825; x_wconf 81' lang='lat' dir='ltr'>ﬁlio</span> <span class='ocrx_word' id='word_1_727' title='bbox 2929 4771 3056 4843; x_wconf 90' lang='lat' dir='ltr'>ejus</span> <span class='ocrx_word' id='word_1_728' title='bbox 3086 4777 3338 4828; x_wconf 89' lang='lat' dir='ltr'>mortem</span> <span class='ocrx_word' id='word_1_729' title='bbox 3361 4772 3674 4829; x_wconf 90' lang='lat' dir='ltr'>attulisset.</span> 
     </span>
    </p>
   </div>
   <div class='ocr_carea' id='block_1_109' title="bbox 2034 4859 3681 4933">
    <p class='ocr_par' dir='ltr' id='par_1_109' title="bbox 2034 4859 3681 4933">
     <span class='ocr_line' id='line_1_109' title="bbox 2034 4859 3681 4933; baseline 0.002 -19"><span class='ocrx_word' id='word_1_730' title='bbox 2034 4861 2179 4915; x_wconf 89' lang='lat' dir='ltr'>Cum</span> <span class='ocrx_word' id='word_1_731' title='bbox 2214 4861 2371 4916; x_wconf 90' lang='lat' dir='ltr'>enim</span> <span class='ocrx_word' id='word_1_732' title='bbox 2397 4859 2547 4933; x_wconf 87' lang='lat' dir='ltr'>regis</span> <span class='ocrx_word' id='word_1_733' title='bbox 2583 4859 2742 4916; x_wconf 77' lang='lat' dir='ltr'>illius</span> <span class='ocrx_word' id='word_1_734' title='bbox 2760 4866 3074 4932; x_wconf 61' lang='lat' dir='ltr'>(egrotaret</span> <span class='ocrx_word' id='word_1_735' title='bbox 3092 4867 3151 4916; x_wconf 94' lang='lat' dir='ltr'>et</span> <span class='ocrx_word' id='word_1_736' title='bbox 3170 4878 3204 4917; x_wconf 88' lang='lat' dir='ltr'>a</span> <span class='ocrx_word' id='word_1_737' title='bbox 3221 4862 3468 4918; x_wconf 90' lang='lat' dir='ltr'>medicis</span> <span class='ocrx_word' id='word_1_738' title='bbox 3488 4861 3681 4918; x_wconf 83' lang='lat' dir='ltr'>multa</span> 
     </span>
    </p>
   </div>
   <div class='ocr_carea' id='block_1_110' title="bbox 2033 4949 3674 5020">
    <p class='ocr_par' dir='ltr' id='par_1_110' title="bbox 2033 4949 3674 5020">
     <span class='ocr_line' id='line_1_110' title="bbox 2033 4949 3674 5020; baseline 0.002 -16"><span class='ocrx_word' id='word_1_739' title='bbox 2033 4949 2330 5004; x_wconf 89' lang='lat' dir='ltr'>industria</span> <span class='ocrx_word' id='word_1_740' title='bbox 2359 4954 2684 5017; x_wconf 90' lang='lat' dir='ltr'>curaretur,</span> <span class='ocrx_word' id='word_1_741' title='bbox 2717 4951 2915 5004; x_wconf 85' lang='lat' dir='ltr'>Manes</span> <span class='ocrx_word' id='word_1_742' title='bbox 2948 4949 3247 5020; x_wconf 90' lang='lat' dir='ltr'>pollicitus</span> <span class='ocrx_word' id='word_1_743' title='bbox 3291 4956 3380 5006; x_wconf 91' lang='lat' dir='ltr'>est</span> <span class='ocrx_word' id='word_1_744' title='bbox 3426 4968 3488 5006; x_wconf 89' lang='lat' dir='ltr'>se</span> <span class='ocrx_word' id='word_1_745' title='bbox 3540 4967 3674 5007; x_wconf 89' lang='lat' dir='ltr'>eum</span> 
     </span>
    </p>
   </div>
   <div class='ocr_carea' id='block_1_111' title="bbox 2035 5037 3674 5110">
    <p class='ocr_par' dir='ltr' id='par_1_111' title="bbox 2035 5037 3674 5110">
     <span class='ocr_line' id='line_1_111' title="bbox 2035 5037 3674 5110; baseline 0 -16"><span class='ocrx_word' id='word_1_746' title='bbox 2035 5039 2272 5094; x_wconf 89' lang='lat' dir='ltr'>sanitati</span> <span class='ocrx_word' id='word_1_747' title='bbox 2296 5037 2518 5110; x_wconf 86' lang='lat' dir='ltr'>absque</span> <span class='ocrx_word' id='word_1_748' title='bbox 2544 5037 2840 5093; x_wconf 89' lang='lat' dir='ltr'>medicina</span> <span class='ocrx_word' id='word_1_749' title='bbox 2861 5037 3292 5106; x_wconf 87' lang='lat' dir='ltr'>restituturum,</span> <span class='ocrx_word' id='word_1_750' title='bbox 3317 5039 3514 5110; x_wconf 90' lang='lat' dir='ltr'>itaque</span> <span class='ocrx_word' id='word_1_751' title='bbox 3539 5040 3674 5094; x_wconf 89' lang='lat' dir='ltr'>sub-</span> 
     </span>
    </p>
   </div>
   <div class='ocr_carea' id='block_1_112' title="bbox 2033 5125 3670 5197">
    <p class='ocr_par' dir='ltr' id='par_1_112' title="bbox 2033 5125 3670 5197">
     <span class='ocr_line' id='line_1_112' title="bbox 2033 5125 3670 5197; baseline 0.001 -16"><span class='ocrx_word' id='word_1_752' title='bbox 2033 5126 2211 5182; x_wconf 90' lang='lat' dir='ltr'>motis</span> <span class='ocrx_word' id='word_1_753' title='bbox 2223 5125 2474 5182; x_wconf 91' lang='lat' dir='ltr'>medicis</span> <span class='ocrx_word' id='word_1_754' title='bbox 2499 5125 2728 5180; x_wconf 91' lang='lat' dir='ltr'>incuria</span> <span class='ocrx_word' id='word_1_755' title='bbox 2749 5130 2807 5180; x_wconf 92' lang='lat' dir='ltr'>et</span> <span class='ocrx_word' id='word_1_756' title='bbox 2825 5125 2996 5197; x_wconf 81' lang='lat' dir='ltr'>nugis</span> <span class='ocrx_word' id='word_1_757' title='bbox 3015 5125 3137 5180; x_wconf 91' lang='lat' dir='ltr'>suis</span> <span class='ocrx_word' id='word_1_758' title='bbox 3157 5142 3408 5197; x_wconf 89' lang='lat' dir='ltr'>puerum</span> <span class='ocrx_word' id='word_1_759' title='bbox 3422 5127 3670 5184; x_wconf 89' lang='lat' dir='ltr'>necavit.</span> 
     </span>
    </p>
   </div>
   <div class='ocr_carea' id='block_1_113' title="bbox 2032 5213 3674 5288">
    <p class='ocr_par' dir='ltr' id='par_1_113' title="bbox 2032 5213 3674 5288">
     <span class='ocr_line' id='line_1_113' title="bbox 2032 5213 3674 5288; baseline 0.002 -18"><span class='ocrx_word' id='word_1_760' title='bbox 2032 5215 2290 5288; x_wconf 87' lang='lat' dir='ltr'>Ideoque</span> <span class='ocrx_word' id='word_1_761' title='bbox 2323 5215 2562 5288; x_wconf 84' lang='lat' dir='ltr'>dignam</span> <span class='ocrx_word' id='word_1_762' title='bbox 2594 5213 2932 5270; x_wconf 88' lang='lat' dir='ltr'>mercedem</span> <span class='ocrx_word' id='word_1_763' title='bbox 2962 5213 3120 5284; x_wconf 88' lang='lat' dir='ltr'>tulit,</span> <span class='ocrx_word' id='word_1_764' title='bbox 3163 5213 3427 5271; x_wconf 81' lang='lat' dir='ltr'>detracta</span> <span class='ocrx_word' id='word_1_765' title='bbox 3455 5217 3674 5274; x_wconf 89' lang='lat' dir='ltr'>misero</span> 
     </span>
    </p>
   </div>
   <div class='ocr_carea' id='block_1_114' title="bbox 2032 5303 3676 5377">
    <p class='ocr_par' dir='ltr' id='par_1_114' title="bbox 2032 5303 3676 5377">
     <span class='ocr_line' id='line_1_114' title="bbox 2032 5303 3676 5377; baseline 0.001 -16"><span class='ocrx_word' id='word_1_766' title='bbox 2032 5306 2265 5377; x_wconf 91' lang='lat' dir='ltr'>corpori</span> <span class='ocrx_word' id='word_1_767' title='bbox 2296 5310 2450 5361; x_wconf 92' lang='lat' dir='ltr'>cute.</span> <span class='ocrx_word' id='word_1_768' title='bbox 2507 5304 2814 5359; x_wconf 83' lang='lat' dir='ltr'>Enimvero</span> <span class='ocrx_word' id='word_1_769' title='bbox 2864 5318 3066 5358; x_wconf 86' lang='lat' dir='ltr'>vecors</span> <span class='ocrx_word' id='word_1_770' title='bbox 3120 5303 3221 5360; x_wconf 90' lang='lat' dir='ltr'>ille</span> <span class='ocrx_word' id='word_1_771' title='bbox 3264 5305 3464 5361; x_wconf 81' lang='lat' dir='ltr'>Manes</span> <span class='ocrx_word' id='word_1_772' title='bbox 3511 5311 3676 5364; x_wconf 88' lang='lat' dir='ltr'>vetus</span> 
     </span>
    </p>
   </div>
   <div class='ocr_carea' id='block_1_115' title="bbox 2031 5392 3680 5466">
    <p class='ocr_par' dir='ltr' id='par_1_115' title="bbox 2031 5392 3680 5466">
     <span class='ocr_line' id='line_1_115' title="bbox 2031 5392 3680 5466; baseline 0.002 -15"><span class='ocrx_word' id='word_1_773' title='bbox 2031 5396 2451 5452; x_wconf 89' lang='lat' dir='ltr'>testamenium</span> <span class='ocrx_word' id='word_1_774' title='bbox 2483 5393 2776 5466; x_wconf 89' lang='lat' dir='ltr'>repudiat,</span> <span class='ocrx_word' id='word_1_775' title='bbox 2801 5392 3128 5466; x_wconf 91' lang='lat' dir='ltr'>mundique</span> <span class='ocrx_word' id='word_1_776' title='bbox 3150 5397 3208 5450; x_wconf 89' lang='lat' dir='ltr'>et</span> <span class='ocrx_word' id='word_1_777' title='bbox 3236 5393 3499 5452; x_wconf 86' lang='lat' dir='ltr'>hominis</span> <span class='ocrx_word' id='word_1_778' title='bbox 3519 5414 3680 5454; x_wconf 86' lang='lat' dir='ltr'>crea-</span> 
     </span>
    </p>
   </div>
   <div class='ocr_carea' id='block_1_116' title="bbox 2031 5482 3677 5560">
    <p class='ocr_par' dir='ltr' id='par_1_116' title="bbox 2031 5482 3677 5560">
     <span class='ocr_line' id='line_1_116' title="bbox 2031 5482 3677 5560; baseline 0.003 -21"><span class='ocrx_word' id='word_1_779' title='bbox 2031 5485 2254 5540; x_wconf 90' lang='lat' dir='ltr'>tionem</span> <span class='ocrx_word' id='word_1_780' title='bbox 2283 5484 2462 5556; x_wconf 91' lang='lat' dir='ltr'>impie</span> <span class='ocrx_word' id='word_1_781' title='bbox 2490 5482 2910 5551; x_wconf 90' lang='lat' dir='ltr'>calumniatur,</span> <span class='ocrx_word' id='word_1_782' title='bbox 2928 5484 3096 5538; x_wconf 90' lang='lat' dir='ltr'>aDeo</span> <span class='ocrx_word' id='word_1_783' title='bbox 3120 5500 3240 5539; x_wconf 90' lang='lat' dir='ltr'>non</span> <span class='ocrx_word' id='word_1_784' title='bbox 3265 5482 3421 5540; x_wconf 90' lang='lat' dir='ltr'>bono</span> <span class='ocrx_word' id='word_1_785' title='bbox 3438 5485 3677 5560; x_wconf 80' lang='lat' dir='ltr'>factam,</span> 
     </span>
    </p>
   </div>
   <div class='ocr_carea' id='block_1_117' title="bbox 2033 5573 3676 5646">
    <p class='ocr_par' dir='ltr' id='par_1_117' title="bbox 2033 5573 3676 5646">
     <span class='ocr_line' id='line_1_117' title="bbox 2033 5573 3676 5646; baseline 0.004 -16"><span class='ocrx_word' id='word_1_786' title='bbox 2033 5575 2191 5646; x_wconf 93' lang='lat' dir='ltr'>quod</span> <span class='ocrx_word' id='word_1_787' title='bbox 2223 5574 2488 5630; x_wconf 84' lang='lat' dir='ltr'>interitui</span> <span class='ocrx_word' id='word_1_788' title='bbox 2540 5574 2617 5628; x_wconf 88' lang='lat' dir='ltr'>sit</span> <span class='ocrx_word' id='word_1_789' title='bbox 2655 5578 2714 5628; x_wconf 93' lang='lat' dir='ltr'>et</span> <span class='ocrx_word' id='word_1_790' title='bbox 2764 5573 3078 5628; x_wconf 87' lang='lat' dir='ltr'>mutationi</span> <span class='ocrx_word' id='word_1_791' title='bbox 3128 5575 3400 5633; x_wconf 81' lang='lat' dir='ltr'>obnoxia.</span> <span class='ocrx_word' id='word_1_792' title='bbox 3451 5576 3676 5636; x_wconf 87' lang='lat' dir='ltr'>Novum</span> 
     </span>
    </p>
   </div>
   <div class='ocr_carea' id='block_1_118' title="bbox 2031 5661 3674 5736">
    <p class='ocr_par' dir='ltr' id='par_1_118' title="bbox 2031 5661 3674 5736">
     <span class='ocr_line' id='line_1_118' title="bbox 2031 5661 3674 5736; baseline 0.002 -16"><span class='ocrx_word' id='word_1_793' title='bbox 2031 5668 2236 5735; x_wconf 89' lang='lat' dir='ltr'>utpote</span> <span class='ocrx_word' id='word_1_794' title='bbox 2263 5663 2404 5718; x_wconf 91' lang='lat' dir='ltr'>boni</span> <span class='ocrx_word' id='word_1_795' title='bbox 2439 5663 2538 5718; x_wconf 90' lang='lat' dir='ltr'>Dei</span> <span class='ocrx_word' id='word_1_796' title='bbox 2569 5661 2854 5718; x_wconf 84' lang='lat' dir='ltr'>admittit.</span> <span class='ocrx_word' id='word_1_797' title='bbox 2893 5662 3190 5719; x_wconf 86' lang='lat' dir='ltr'>Christum</span> <span class='ocrx_word' id='word_1_798' title='bbox 3231 5681 3352 5720; x_wconf 91' lang='lat' dir='ltr'>non</span> <span class='ocrx_word' id='word_1_799' title='bbox 3404 5683 3466 5720; x_wconf 90' lang='lat' dir='ltr'>re</span> <span class='ocrx_word' id='word_1_800' title='bbox 3517 5683 3674 5736; x_wconf 89' lang='lat' dir='ltr'>vera,</span> 
     </span>
    </p>
   </div>
   <div class='ocr_carea' id='block_1_119' title="bbox 2034 5752 3673 5829">
    <p class='ocr_par' dir='ltr' id='par_1_119' title="bbox 2034 5752 3673 5829">
     <span class='ocr_line' id='line_1_119' title="bbox 2034 5752 3673 5829; baseline 0.002 -19"><span class='ocrx_word' id='word_1_801' title='bbox 2034 5753 2140 5810; x_wconf 90' lang='lat' dir='ltr'>sed</span> <span class='ocrx_word' id='word_1_802' title='bbox 2171 5753 2552 5826; x_wconf 86' lang='lat' dir='ltr'>opinantibus</span> <span class='ocrx_word' id='word_1_803' title='bbox 2583 5757 2814 5808; x_wconf 89' lang='lat' dir='ltr'>tantum</span> <span class='ocrx_word' id='word_1_804' title='bbox 2846 5752 3190 5811; x_wconf 89' lang='lat' dir='ltr'>hominibus</span> <span class='ocrx_word' id='word_1_805' title='bbox 3215 5755 3583 5829; x_wconf 86' lang='lat' dir='ltr'>apparuisse,</span> <span class='ocrx_word' id='word_1_806' title='bbox 3605 5772 3673 5813; x_wconf 89' lang='lat' dir='ltr'>ac</span> 
     </span>
    </p>
   </div>
  </div>
