4194 6198
460 374 580 434 499

1821 364 2147 425 GEORGII
2190 364 2527 425 CEDRENI

3752 358 3879 421 500

464 511 763 587 spectrum
774 502 959 560 fuisse
972 498 1341 556 afﬁrmat.Ad
1355 499 1479 566 haec
1494 498 1810 554 sceleratas
1824 496 2113 570 quasdam

2248 499 2430 574 ιγαθοῦ
2458 518 2602 561 τινος
2660 500 2794 554 Θεοῦ
2851 496 3129 575 γεγονέναι
3179 493 3553 575 βλασφημῶν,
3592 491 3698 548 ὑπὸ
3746 481 3891 564 900-

468 585 915 655 occultationes.
934 595 1228 646 nocturna
1241 604 1408 644 sacra
1422 594 1479 642 et
1499 586 1741 643 illicitos
1766 585 2116 643 concubitus

471 693 647 758 atque
677 680 923 738 infanda
952 679 1171 752 ﬂagitia
1210 677 1529 750 usurpavit.
1567 678 1794 744 Fatum,
1824 675 2122 750 migratio.

472 792 582 833 nes
613 773 951 829 animarum
982 769 1043 824 in
1075 767 1193 824 alia
1221 782 1492 840 corpora,
1521 765 1827 837 multaque
1857 766 1975 822 alia
1996 782 2127 838 pro-

471 865 666 921 fessus
689 865 796 928 est,
821 860 1269 927 Graecorumque
1292 872 1499 929 pravas
1523 861 1580 911 et
1601 871 1778 911 vanas
1811 855 2125 928 opiniones

472 951 629 1010 tueri
660 952 778 1006 Deo
810 947 1091 1003 adversus
1122 945 1464 1017 invisusque
1486 945 1589 1000 ille
1621 946 1769 1003 457
1799 944 2018 1000 docuit.
2043 945 2123 1000 De

476 1059 547 1100 eo
580 1041 665 1097 sic
695 1037 1036 1094 Theodorus
1071 1035 1408 1090 Baithensis
1440 1035 1762 1106 presbyter.
1799 1036 2017 1103 Manes,
2040 1034 2130 1088 in-

477 1130 631 1205 quit,
666 1127 1053 1183 tenebrarum
1083 1124 1201 1179 luci
1233 1123 1617 1179 adversarum
1667 1123 1957 1189 inventor,
2006 1124 2127 1179 imo

480 1221 835 1294 ﬁgmentum
866 1213 1180 1287 potestatis
1212 1213 1612 1281 tenebrarum,
1646 1212 2004 1286 imaginatus
2044 1217 2133 1269 est

484 1316 663 1381 atque
694 1303 1013 1361 somniavit
1041 1302 1341 1358 Christum
1373 1302 1535 1358 nudo
1566 1302 1885 1358 simulacro
1918 1308 1976 1357 et
2006 1319 2134 1374 spe-

485 1398 575 1455 cie
606 1397 871 1452 humana
900 1392 1165 1464 corporis
1192 1408 1376 1448 vacua
1418 1391 1785 1464 apparuisse,
1822 1392 2130 1463 visumque

481 1486 662 1545 modo
695 1501 763 1540 ea
793 1499 966 1556 agere
996 1487 1240 1554 pr0pter
1260 1498 1369 1537 nos
1390 1486 1567 1552 atque
1590 1481 1734 1553 pati,
1762 1498 1894 1553 quas
1915 1482 2133 1555 scripta

483 1580 644 1643 sunt,
677 1588 812 1630 cum
843 1588 1045 1628 revera
1075 1571 1226 1626 nihil
1256 1586 1462 1626 eorum
1489 1570 1678 1639 fieret,
1712 1569 1811 1626 sed
1853 1570 1903 1625 is
1935 1571 2132 1643 impo-

489 1671 655 1723 stura
684 1669 863 1735 atque
894 1660 1176 1733 opinione
1206 1659 1474 1715 homines
1513 1658 1780 1727 lactaret,
1812 1659 1969 1715 inter
1988 1677 2136 1732 quos

488 1753 711 1813 versari
741 1756 981 1826 putatus
1011 1750 1105 1805 sit.
1138 1751 1218 1805 Ea
1248 1749 1319 1804 de
1352 1763 1531 1805 causa
1562 1748 1709 1805 duas
1729 1748 1944 1804 Christi
1972 1755 2139 1805 natu-

491 1863 589 1904 ras
626 1848 821 1918 negat,
855 1843 1043 1898 solam
1075 1840 1129 1896 ei
1160 1839 1440 1896 deitatem
1472 1839 1826 1895 concedens.

2226 585 2320 662 ρᾶν
2348 588 2435 642 καὶ
2470 586 2769 643 ἀλλοίωσιν
2804 587 2988 655 οὖσαν,
3028 586 3127 655 τὴν
3161 585 3294 640 Νέαν
3353 585 3428 647 ὡς
3468 583 3677 653 ἀγαθοῦ
3717 578 3880 652 δῆθεν

2224 676 2509 752 προσίεται
2566 682 2724 745 Θεοῦ,
2782 676 2872 733 καὶ
2929 676 3069 731 κατᾶ
3126 674 3425 755 φαντασίαν
3500 672 3592 729 καὶ
3651 668 3879 741 δόκησιν

2224 765 2316 822 τὸν
2348 768 2581 844 Χριστὸν
2636 765 2928 844 πεφυκέναι
2980 765 3343 841 τερατεύεται.
3402 764 3502 818 Καὶ
3557 762 3695 837 πρὸς
3752 761 3886 816 τού-

2225 876 2343 921 τοις
2371 853 2693 919 καταδύσεις
2748 857 2897 918 τινὰς
2957 853 3164 932 ἐναγεῖς
3220 852 3309 910 καὶ
3366 851 3677 928 νυκτερινὰς
3727 847 3888 905 τελε·

2226 946 2323 1011 τὰς
2362 945 2452 1001 καὶ
2509 946 2863 1024 παρανόμους
2920 941 3281 1016 ἐπιτηδεύσας
3338 940 3510 1019 μίξεις
3562 938 3652 996 καὶ
3710 937 3892 1017 ἀρῥη-

2228 1035 2500 1105 τοποιὶας,
2557 1034 2650 1091 καὶ
2738 1030 3099 1112 είρμαρμένας
3182 1032 3271 1088 καὶ
3363 1029 3888 1106 μετενσωματώσεις

2228 1126 2321 1182 καὶ
2370 1124 2516 1181 ἄλλα
2575 1124 2805 1182 πλείονα
2857 1123 3178 1205 φλυαρήσας
3236 1124 3328 1179 καὶ
3387 1119 3603 1192 διδάξας
3653 1120 3721 1175 τὰ
3775 1122 3892 1174 τῶν

2232 1213 2518 1286 Ἑλλήνων
2575 1214 2791 1290 πονηρᾶ
2846 1214 2934 1269 καὶ
2999 1213 3201 1287 μάταια
3283 1209 3533 1286 δόγματα
3604 1206 3885 1286 κρατύνειν

2233 1302 2562 1361 ἐσπούδακεν
2595 1306 2622 1360 6
2655 1304 2920 1377 θεομισῆς
2950 1302 3042 1358 καὶ
3097 1301 3386 1373 θεήλατος.
3445 1299 3575 1375 Ηερῖ
3631 1299 3693 1353 οῦ
3749 1317 3894 1378 φησι

2234 1394 2325 1451 καὶ
2355 1392 2638 1470 Θεόδωρος
2692 1388 3059 1470 πρεσϐύτερος
3115 1394 3144 1448 6
3191 1398 3290 1462 τῆς
3339 1391 3578 1448 Ῥαϊθοῦ·
3631 1388 3828 1457 Μάνης
3866 1388 3896 1442 6

2235 1487 2332 1540 τοῦ
2387 1481 2666 1548 ἀντιθέτου
2733 1482 2958 1544 σκότους
3016 1479 3337 1560 ἐφευρετής,
3400 1476 3613 1552 μᾶλλον
3683 1473 3741 1532 δὲ
3790 1482 3900 1545 τῆς

2240 1570 2482 1642 ἐξουσίας
2535 1575 2633 1627 τοῦ
2691 1570 2916 1633 σκότους
2995 1568 3349 1642 ἀνάπλασμα,
3428 1566 3690 1647 φαντασίᾳ
3748 1562 3897 1640 ψιλῇ

2239 1660 2332 1717 καὶ
2366 1662 2612 1736 σχήματι
2667 1657 2892 1733 διακένῳ
2950 1659 3204 1733 σώματος
3261 1656 3597 1734 ἀνθρωπείου
3654 1673 3896 1733 πεφανε-

2245 1754 2449 1824 ρῶσθαι
2488 1749 2579 1805 τὸν
2625 1747 2829 1825 Κύριον
2886 1746 3193 1827 ἑφαντάσθη
3252 1744 3344 1801 καὶ
3393 1743 3713 1819 ὠνείρωξεν,
3752 1739 3900 1797 ὥστε

2246 1840 2380 1920 φησὶ
2442 1839 2534 1894 καὶ
2592 1839 2825 1915 πάσχειν
2884 1838 2979 1912 μὶν
3040 1835 3216 1892 δοκεῖν
3270 1834 3428 1890 αὐτὸν
3487 1833 3579 1889 καὶ
3636 1833 3899 1909 πράττειν

496 1935 631 2009 ἅπερ
662 1927 789 2007 ἔδρα
817 1929 907 1985 καὶ
934 1929 1166 1984 πέπονθε
1192 1927 1310 1982 καθ’
1340 1928 1510 2000 ἡμᾶς,
1573 1922 1742 2001 μφδέν
1798 1922 1855 1980 δὲ
1910 1925 2115 1980 τούτων
2177 1918 2409 1999 ἀληθείᾳ
2466 1927 2556 1983 καὶ
2620 1929 2899 2005 πράγματι
2961 1924 3212 2002 ὑπάρξαι,
3271 1921 3420 1980 ἀλλὰ
3477 1918 3697 2009 δοκῆσει
3759 1919 3905 2009 μᾶλ-

488 2007 718 2076 λον-καὶ
746 2018 924 2091 ἀπάτῃ
958 2009 1358 2074 ἀποϐουκολεῖν
1416 2013 1543 2075 τοὺς
1599 2011 1933 2089 ἀνθρώπους,
1987 2011 2073 2073 οἶς
2130 2012 2221 2067 καὶ
2272 2017 2723 2094 συνανεστρέιφθαι
2790 2014 3132 2089 νενόμισται.
3193 2011 3293 2067 Διᾶ
3346 2015 3507 2067 τοῦτο
3565 2008 3654 2066 καὶ
3710 2007 3903 2088 φύσεις

488 2105 587 2164 δύο
611 2110 954 2181 παραιτεῖται
986 2101 1164 2181 λέγων
1196 2101 1283 2156 ἐπὶ
1314 2104 1412 2156 τοῦ
1439 2099 1660 2176 Κυρίου,
1693 2099 1839 2157 ἀλλά
1873 2099 1999 2175 μίαν
2034 2100 2132 2169 τὴν
2165 2107 2266 2171 τῆς
2297 2102 2575 2175 θεότητος.

555 2197 689 2253 Fuit
718 2200 915 2251 autem
946 2198 1285 2249 coaetaneus
1304 2190 1485 2263 hujus
1508 2190 1753 2245 Manetis
1776 2189 1994 2245 Paulus
2016 2189 2140 2261 qui-

2321 2190 2537 2255 Ηαῦλος
2569 2188 2627 2247 δὲ
2656 2212 2739 2255 τις
2770 2196 2848 2265 τῷ
2879 2191 3117 2248 Μάνεντι
3163 2187 3341 2262 τούτῳ
3391 2186 3692 2264 σύγχρονος
3744 2206 3905 2264 γεγο-

484 2289 622 2345 dam
680 2285 873 2359 patria
926 2283 1368 2350 Samosatenus,
1438 2279 1750 2352 episcopus
1810 2278 2134 2334 Antiochiae

479 2390 734 2449 magum.
757 2376 812 2430 Is
833 2372 1135 2427 Christum
1157 2369 1385 2425 nudum
1411 2367 1594 2424 fuisse
1620 2368 1927 2423 hominem
1954 2368 2135 2440 impie

483 2462 760 2530 asseruit,
794 2462 974 2532 inque
1005 2476 1076 2515 eo
1106 2458 1350 2514 verbum
1376 2458 1479 2513 Dei
1510 2458 1593 2513 ita
1616 2457 2039 2514 inhabitavisse
2073 2460 2141 2512 ut

488 2555 552 2610 in
583 2551 789 2625 quovis
812 2549 928 2606 alio
952 2548 1394 2621 prophetarum.
1418 2546 1562 2603 Inde
1587 2546 1733 2602 duas
1756 2551 2000 2603 naturas
2020 2563 2055 2602 a
2076 2561 2141 2601 se

491 2643 743 2699 invicem
776 2639 996 2695 divisas
1024 2637 1307 2708 nullaque
1338 2636 1582 2691 omnino
1615 2635 1831 2707 copula
1858 2636 2057 2691 unitas
2080 2635 2143 2689 in

489 2731 721 2788 Christo
750 2728 935 2783 fuisse
963 2726 1190 2793 statuit,
1214 2729 1279 2779 ut
1301 2724 1456 2779 alius
1479 2724 1659 2779 fuerit
1685 2723 2141 2792 Christus,aliud

497 2819 741 2875 verbum
774 2817 837 2871 in
868 2831 936 2870 eo
968 2813 1328 2868 inhabitans.
1363 2813 1460 2867 Hae
1490 2813 1749 2885 primum
1781 2813 1961 2886 igitur
2012 2813 2142 2867 duas

496 2911 638 2964 sunt
666 2909 857 2961 enatos
884 2903 1163 2972 haereses,
1196 2917 1327 2973 quas
1359 2900 1508 2956 duas
1535 2906 1592 2956 et
1637 2917 1820 2957 unam
1867 2906 2145 2957 naturam

494 2997 749 3065 Christo,
780 3011 900 3050 non
932 2993 1230 3066 quomodo
1259 2990 1538 3065 Oportuit,
1573 2992 1677 3048 sed
1708 2992 1861 3048 male
1887 2997 1946 3048 et
1965 2991 2145 3065 impie

497 3085 840 3144 ascribunt:
875 3083 1183 3154 alteraque
1215 3097 1421 3138 earum
1453 3080 1657 3138 deitati
1689 3081 1924 3153 Christi,
1960 3081 2148 3137 altera

495 3175 867 3233 humanitate
897 3172 1159 3246 derogat.

565 3357 779 3411 Postea
818 3348 1108 3422 temporis
1165 3345 1548 3420 Apolinarius
1604 3345 1845 3418 quidam
1900 3348 2146 3419 exstitit,

495 3442 808 3516 episcopus
841 3438 1142 3494 Laodicea:
1165 3436 1368 3509 Syriaa,
1392 3451 1675 3490 novarum
1700 3440 1907 3491 auctor
1928 3436 2149 3493 vanita-

2242 2280 2373 2351 νὼς,
2404 2282 2467 2337 τὸ
2498 2282 2652 2358 γένος
2701 2281 2796 2355 μὲν
2850 2278 3228 2354 Σαμοσατεῦς,
3287 2275 3624 2353 Ἀντιοχείας
3682 2273 3741 2332 δὲ
3793 2283 3902 2346 τῆς

2247 2369 2492 2447 μεγάλης
2540 2366 2835 2445 πρόεδρος,
2876 2366 3040 2444 ψιλὸν
3089 2369 3371 2443 ἄνθρωπον
3414 2366 3551 2422 εἶναι
3598 2365 3690 2421 τὸν
3751 2368 3897 2440 Χρι·

2245 2461 2370 2516 στὸν
2408 2456 2816 2537 ἐδυσφήμησεν.
2850 2461 3055 2534 Ὠσπερ
3099 2454 3156 2512 δὲ
3206 2456 3281 2519 εἷς
3330 2453 3551 2512 ἕκαστον
3599 2459 3708 2510 τῶν
3752 2474 3896 2529 προ-

2246 2553 2459 2628 φητῶν,
2492 2547 2638 2604 οὕτω
2668 2547 2757 2603 καὶ
2790 2547 2843 2603 ἰν
2885 2546 3035 2620 αὐτῷ
3091 2552 3409 2623 γεγενῆσθαι
3463 2549 3560 2600 τοῦ
3604 2548 3738 2600 Θεοῦ
3788 2544 3897 2598 Λό-

2245 2659 2345 2713 γου
2377 2638 2476 2706 τήν
2508 2635 2744 2708 οἴκησιν.
2778 2637 2963 2693 Ἔνθεν
2997 2633 3056 2690 δὲ
3101 2636 3189 2690 καὶ
3246 2631 3342 2690 δύο
3391 2634 3575 2711 φύσεις
3624 2630 3896 2708 διῃρημέ-

2249 2747 2359 2791 νως
2412 2725 2647 2806 ἐχούσας
2712 2725 2804 2781 καὶ
2863 2725 3268 2797 ἀκοινωνήτους
3321 2725 3454 2799 πρὸς
3514 2724 3704 2785 ἑαυτὰς
3764 2722 3900 2777 εἶναι

2248 2816 2589 2872 παντάπασιν
2628 2813 2683 2870 ἰν
2715 2815 2953 2890 Χριστῷ,
3003 2813 3078 2876 ὡς
3134 2811 3311 2869 ἄλλου
3368 2811 3532 2868 αὐτοῦ
3586 2807 3741 2876 ὄντος
3799 2809 3900 2866 τοῦ

2249 2906 2487 2981 Χριστοῦ
2516 2905 2607 2960 καὶ
2640 2900 2816 2960 ἄλλου
2873 2907 2969 2959 τοῦ
3023 2906 3410 2964 κατοικοῦντος
3460 2899 3512 2956 ἐν
3571 2898 3717 2974 αύτῷ
3769 2903 3906 2956 Θεοῦ

2250 2994 2458 3072 Λόγου.
2495 2995 2666 3051 Αὗται
2701 2994 2794 3067 μὶν
2825 2991 2917 3048 οὖν
2953 2995 3006 3048 αἱ
3035 2997 3247 3068 πρῶται
3293 2991 3419 3071 φυαὶ
3474 2996 3572 3047 τοῦ
3626 2988 3753 3065 μῗαν
3803 2988 3910 3068 φύ-

2250 3105 2331 3139 σιν
2368 3081 2587 3145 καὶτὰς
2629 3079 2724 3138 δύο
2783 3088 2967 3147 κακῶς
3020 3083 3112 3138 καὶ
3168 3078 3472 3160 δυσφήμῳς
3526 3079 3613 3136 ἐπὶ
3674 3082 3903 3154 Χριστῷ

2251 3170 2527 3250 λέγεσθαι,
2555 3171 2618 3228 τὸ
2651 3171 2746 3245 μὲν
2780 3169 2864 3227 ἐπ’
2914 3170 3179 3247 ἂναιρὲσει
3235 3176 3336 3240 τῆς
3395 3169 3675 3240 θεότητος,
3731 3168 3793 3223 τὸ
3841 3164 3899 3222 δὲ

2248 3270 2350 3335 τῆς
2380 3262 2826 3338 ἀνθρωπότητος.

2323 3355 2408 3427 [Ρ.
2442 3354 2569 3426 261]
2602 3354 2691 3409 Ἐν
2724 3348 2781 3407 ῗὶ
2806 3357 2923 3415 τοῖς
2954 3351 3076 3422 ἑξῆς
3101 3350 3325 3432 χρόνοις
3385 3348 3771 3424 Ἀπολινάριός
3810 3368 3895 3410 τις

2250 3441 2410 3520 ἐφύη,
2441 3438 2709 3517 πρόεδρος
2742 3438 3059 3503 Λαοδικείας
3115 3447 3216 3511 τῆς
3269 3438 3494 3515 Συρίας,
3557 3458 3897 3515 ματαιοφρο-

491 3537 641 3588 tum.
674 3530 818 3584 Cum
858 3528 1015 3582 enim
1048 3525 1255 3581 Ariani
1282 3540 1497 3596 corpus
1527 3523 1740 3579 Christi
1775 3525 1928 3581 458
1972 3543 2136 3598 pror-

2253 3530 2414 3601 σύνης
2496 3530 2680 3607 ἒτὲρας
2761 3528 3211 3605 εῗσηγησάμενος.
3268 3532 3385 3584 Τῶν
3441 3527 3545 3606 γὰρ
3600 3526 3896 3604 Ἀρειανῶν

493 3637 595 3677 sus
624 3617 957 3675 inanimum
989 3616 1209 3684 dicant,
1234 3613 1336 3669 ille
1362 3629 1397 3669 a
1425 3614 1656 3670 Christo
1679 3630 1919 3670 carnem
1942 3615 2144 3671 anima

494 3710 659 3766 vitali
688 3708 1011 3765 animatam
1045 3705 1227 3761 fuisse
1249 3709 1617 3776 assumptam
1678 3704 1999 3776 perhibuit,
2041 3707 2145 3762 sed

502 3799 605 3872 qui
627 3802 890 3855 mentem
912 3801 1175 3851 nostram
1191 3793 1439 3850 minime
1457 3793 1911 3849 asciverit.Nihil
1924 3791 2144 3865 quippe

498 3891 552 3948 ei
585 3890 818 3963 corpori
849 3904 997 3959 opus
1030 3887 1213 3942 fuisse
1242 3886 1507 3942 humana
1535 3890 1755 3953 mente,
1791 3901 1927 3941 cum
1957 3902 1992 3941 a
2020 3884 2145 3940 dei-

494 3985 616 4038 tate
648 3981 709 4036 in
740 3978 801 4035 id
822 3978 1037 4048 illapsa
1056 3976 1505 4047 gubernaretur.
1526 3980 1606 4030 Ac
1633 3990 1707 4030 ne
1731 3974 1992 4046 potuisse
2012 3975 2142 4045 qui-

492 4069 629 4127 dem
659 4068 841 4140 recipi
873 4067 935 4122 in
966 4067 1025 4121 id
1058 4082 1271 4137 corpus
1302 4064 1479 4120 aliam
1504 4064 1877 4135 intelligendi
1897 4064 2146 4120 faculta-

494 4167 617 4218 tem
647 4163 865 4232 praeter
893 4156 1172 4211 divinam.
1208 4154 1308 4209 liis
1352 4154 1560 4225 positis
1613 4153 1920 4208 contendit
1963 4169 2143 4209 unam

492 4250 677 4306 fuisse
709 4246 869 4302 verbi
902 4250 961 4300 et
988 4244 1184 4299 carnis
1214 4248 1535 4314 assumptaa
1565 4247 1862 4310 naturam,
1926 4242 2146 4315 quippe

496 4338 571 4394 ad
592 4334 852 4392 hominis
873 4331 1359 4388 constitutionem
1379 4348 1513 4386 cum
1539 4348 1674 4387 caro
1696 4348 1813 4386 non
1827 4331 2145 4401 sufﬁceret,

496 4440 692 4497 neque
723 4422 987 4479 hominis
1016 4436 1235 4475 nomen
1268 4425 1618 4476 mereretur.

573 4605 715 4659 Post
742 4601 849 4655 hos
879 4597 1098 4671 prodiit
1128 4597 1369 4669 quidam
1409 4597 1748 4653 Theodorus
1805 4599 2007 4668 Mopsu
2039 4598 2145 4652 He-

502 4694 652 4759 stiae,
687 4708 819 4764 quae
849 4689 993 4745 urbs
1024 4694 1114 4743 est
1140 4688 1380 4755 Ciliciaz,
1414 4689 1683 4744 antistes.
1717 4689 1772 4744 Is
1793 4687 1969 4760 plane
1996 4688 2150 4759 Apo-

500 4783 716 4841 linario
730 4780 1010 4837 adversus
1023 4777 1315 4849 intrepide
1328 4777 1626 4833 Christum
1644 4776 2021 4832 contumeliis
2033 4793 2151 4833 non

498 4873 728 4931 levibus
755 4886 934 4927 ausus
956 4873 1046 4923 est
1069 4867 1331 4933 afﬁcere,
1360 4866 1543 4922 fuisse
1575 4883 1711 4921 eum
1733 4865 2029 4938 vulgarem
2053 4882 2152 4921 ne-

500 4980 616 5037 que
646 4960 819 5019 nobis
849 4958 1143 5032 potiorem
1170 4960 1385 5012 natura
1415 4955 1719 5012 hominem
1745 4956 1949 5012 dicens
1974 4972 1987 5023 ;
2020 4973 2150 5028 pro-

495 5053 708 5111 fecisse
739 5056 937 5106 autem
973 5063 1131 5111 eum,
1166 5046 1358 5117 iisque
1381 5045 1745 5117 profectibus
1767 5046 2018 5119 gratiam
2043 5045 2146 5101 Dei

496 5144 778 5217 adeptum
800 5142 985 5197 Deum
1008 5137 1190 5193 fuisse
1230 5135 1607 5193 nominatum
1636 5153 1650 5203 ;
1682 5136 1863 5208 inque
1893 5136 2147 5192 Iordane

496 5249 633 5290 cum
663 5232 726 5286 in
758 5226 1056 5301 primisin
1088 5240 1307 5280 nomen
1364 5223 1554 5280 Patris
1604 5224 1737 5279 Filii
1787 5232 1845 5280 et
1894 5224 2148 5296 Spiritus

496 5320 687 5377 sancti
719 5318 1133 5388 baptizaretur,
1165 5313 1320 5368 dono
1354 5314 1596 5386 spiritus
1632 5315 1820 5369 sancti
1843 5313 2024 5369 fuisse
2057 5313 2149 5368 di-

501 5413 763 5481 gnatum.
799 5406 882 5461 Ob
911 5403 1040 5475 ejus
1072 5419 1248 5475 porro
1279 5403 1673 5458 excellentem
1704 5403 1981 5458 virtutem
2016 5404 2150 5457 Ver-

504 5498 649 5554 bum
678 5494 781 5549 Dei
811 5494 873 5547 in
903 5494 1030 5563 ipso
1061 5492 1304 5547 arbitrio
1337 5506 1443 5547 suo
1474 5491 1861 5559 inhabitasse,
1894 5506 2150 5563 eumque

2252 3620 2466 3695 ἃψυγον
2502 3620 2678 3690 πάντη
2721 3617 2995 3694 λεγόντων
3025 3619 3125 3688 τὴν
3152 3621 3249 3673 τοῦ
3280 3617 3478 3693 Κυρίου
3532 3619 3727 3692 σάρκα,
3784 3615 3892 3671 αὖ·

2249 3712 2345 3774 τὸς
2376 3706 2476 3791 ἔφη
2520 3712 2604 3766 ὅτι
2663 3710 2832 3785 σάρκα
2893 3709 2987 3783 μὶν
3047 3708 3415 3785 ὲψυχωμένην
3473 3711 3628 3782 ψυχῇ
3690 3709 3895 3776 ζωτικῇ

2251 3793 2507 3856 ἀνέλαϐεν
2545 3799 2573 3854 ὁ
2603 3796 2825 3873 Κύριος,
2856 3801 2980 3853 νοῦν
3030 3794 3087 3853 δὲ
3141 3798 3232 3852 τὸν
3288 3795 3553 3872 ἡμέτερον
3609 3797 3674 3851 οὐ
3728 3815 3896 3871 προσ-

2253 3890 2445 3960 ήκατο·
2482 3884 2623 3960 μηδέ
2654 3888 2758 3962 γὰρ
2790 3883 3051 3956 δεηθῆναι
3103 3886 3202 3954 τὴν
3257 3885 3428 3960 σάρκα
3481 3885 3647 3964 φησὶν
3689 3882 3898 3954 ἐκείνην

2253 3975 2591 4050 ἀνθρωπείου
2649 3975 2773 4038 νοὸς
2837 3972 3319 4052 ἡγεμονευομένην
3405 3973 3510 4029 ὑπὸ
3569 3978 3674 4029 τοῦ
3730 3973 3901 4042 αὐτήν

2252 4062 2597 4126 ἐνδεδυκότος
2629 4067 2762 4119 Θεοῦ
2808 4064 3005 4139 Aci-{00'
3072 4061 3218 4119 ἀλλά
3280 4059 3421 4136 μηδὲ
3479 4067 3680 4139 χωρεῖν
3736 4061 3901 4131 αὐτὴν

2252 4150 2432 4225 ἄλλην
2460 4154 2650 4230 νοερᾶν
2702 4150 2927 4227 δύναμιν
2975 4153 3122 4228 παρὰ
3168 4151 3267 4221 τὴν
3319 4151 3483 4216 θείαν.
3534 4151 3716 4208 Ταῦτα
3765 4150 3901 4206 ὑπο·

2255 4243 2478 4317 θέμενος
2507 4239 2823 4298 διατείνεται
2859 4240 2986 4316 μίαν
3019 4242 3157 4297 εἶναι
3212 4243 3314 4311 τὴν
3368 4239 3523 4319 φύσιν
3570 4244 3667 4294 τοῦ
3720 4239 3899 4313 Λόγου

2252 4332 2343 4389 καὶ
2374 4338 2475 4401 τῆς
2504 4331 2851 4403 σαρκώσεως,
2882 4331 2956 4392 ὡς
2996 4332 3089 4386 ἅτε
3135 4337 3234 4399 τῆς
3292 4330 3491 4406 σαρκὸς
3542 4326 3766 4391 ἀτελοῦς
3809 4325 3904 4382 οὗ·

2257 4444 2357 4492 σης
2386 4420 2461 4483 εἰς
2490 4420 2554 4475 τὸ
2586 4421 2727 4475 εἶναι
2756 4416 3070 4495 ἄνθρωπον,
3125 4418 3216 4474 καὶ
3275 4415 3363 4474 διὰ
3416 4421 3578 4474 τοῦτο
3636 4419 3712 4492 μὴ
3758 4416 3902 4491 ἆξίόν

2256 4530 2419 4591 φησιν
2453 4508 2831 4581 ὀνομάζεσθαι.

2326 4599 2457 4655 Μεθ’
2508 4599 2584 4653 ὦν
2642 4596 2985 4668 ἀναφαίνεταί
3044 4618 3128 4660 τις
3182 4594 3489 4674 Θεόδωρος,
3544 4604 3644 4668 τῆς
3706 4598 3906 4671 Μόψου

2257 4688 2458 4759 ἑστίας,
2491 4684 2709 4750 πόλεως
2731 4685 2782 4742 ἐν
2814 4689 2884 4759 τῇ
2914 4683 3166 4757 Κιλιλίᾳ,
3198 4686 3299 4756 τήν
3331 4687 3630 4761 ἡγεμονίαν
3687 4684 3905 4765 λαχὼν,

2259 4776 2349 4833 καὶ
2378 4776 2439 4832 ἐκ
2466 4774 2760 4850 διαμέτρου
2798 4778 2878 4846 τῷ
2934 4773 3310 4847 Ἀπολιναρίῳ
3367 4777 3662 4854 φερόμενος
3717 4769 3904 4851 ὕϐρεις

2261 4867 2324 4922 ού
2353 4865 2450 4929 τὶς
2480 4864 2755 4945 τυχούσας
2793 4861 3056 4938 τολμηρᾷ
3111 4867 3267 4939 ψυχῇ
3326 4864 3417 4918 καὶ
3465 4860 3655 4944 ἀφόϐῳ
3707 4861 3905 4941 καρδίᾳ

2256 4953 2516 5029 καταχέει
2540 4957 2636 5008 τοῦ
2668 4952 2939 5008 Δεσπότου
2993 4955 3256 5026 Χριστοῦ,
3314 4951 3592 5028 ἄνθρωπον
3652 4949 3746 5009 ἕνα
3792 4956 3900 5007 τῶν

2256 5045 2373 5101 καθ’
2399 5045 2547 5117 ἡμᾶς
2605 5043 2692 5098 καὶ
2746 5041 2927 5097 κοινὸν
2984 5040 3298 5113 ἀποκαλῶν,
3358 5042 3447 5097 καὶ
3506 5041 3565 5099 ἐκ
3620 5050 3903 5118 προκοπῆς

2259 5132 2499 5190 λαϐόντα
2522 5132 2622 5202 τήν
2647 5131 2811 5208 χάριν
2843 5134 2944 5186 τοῦ
3001 5134 3134 5187 Θεοῦ
3194 5131 3324 5187 Θεὸν
3380 5130 3755 5205 ὀνομάζεσθαι,
3811 5131 3902 5187 καὶ

2258 5222 2318 5278 ἑκ
2345 5226 2440 5277 τοῦ
2469 5222 2523 5278 ἐν
2574 5217 2814 5297 Ἰορδάνῃ
2872 5220 3252 5296 βαπτίσματος
3309 5220 3602 5292 ἀξιωθῆναι
3652 5228 3755 5292 τῆς
3809 5224 3903 5275 τοῦ

2259 5310 2415 5386 ἁγίου
2449 5309 2760 5384 Πνεύματος
2793 5305 3022 5382 δωρεᾶς,
3056 5307 3108 5363 ἐν
3163 5311 3402 5384 πρώτοις
3449 5308 3524 5371 εἷς
3570 5306 3746 5383 ὄνομα
3796 5316 3901 5365 Πα-

2256 5401 2406 5476 τρὸς,
2437 5399 2528 5454 καὶ
2556 5400 2707 5466 Υὶοῦ,
2729 5397 2821 5453 καὶ
2845 5398 2997 5474 ἁγίου
3031 5397 3366 5471 Πνεύματος,
3403 5399 3783 5474 βαπτισθέντα,
3814 5400 3902 5455 τὸν

2261 5487 2318 5544 δὲ
2349 5489 2476 5544 Θεὸν
2511 5487 2683 5562 Λόγον
2715 5484 2806 5543 διὰ
2831 5488 2931 5557 τὴν
2990 5481 3438 5562 ὑπερϐάλλουσαν
3491 5487 3686 5565 ἀρετήν
3736 5487 3901 5545 αὐτοῦ

507 5584 704 5641 divina
719 5581 1005 5653 dignitate
1020 5580 1431 5650 impertivisse,
1448 5585 1624 5651 atque
1640 5580 2006 5635 adorandum
2020 5584 2140 5651 post

2259 5579 2377 5632 κατ’
2435 5573 2679 5632 εὐδοκίαν
2738 5576 2932 5632 ἑαυτοῦ
2989 5579 3390 5647 κατοικήσαντα
3443 5573 3764 5650 μεταδοῦναι
3802 5584 3904 5649 τῆς

508 5678 763 5731 mortem
790 5668 1107 5740 redegisse.
1140 5670 1275 5724 Haac
1305 5673 1365 5724 et
1390 5669 1507 5725 alia
1534 5669 1595 5724 id
1624 5684 1809 5741 genus
1839 5668 2024 5725 multa
2051 5668 2154 5724 ille

2261 5673 2448 5738 θεϊκῆς
2503 5665 2650 5738 ἀξίας
2714 5664 2861 5739 αὖτῷ
2943 5664 3033 5721 καὶ
3118 5666 3536 5743 προσκυνήσεως
3620 5667 3902 5745 ἐσύστερον
