4186 6198
364 358 475 417 5θ1
1508 355 2057 420 HISTORIARUM
2101 355 2650 419 COMPENDIUM.
3657 370 3777 431 502

362 485 498 560 μετᾶ
562 483 663 554 τήν
712 482 1016 543 τελείωσιν.
1076 486 1259 543 Ταῦτα
1325 485 1416 541 καὶ
1472 481 1611 561 ἕτερ’
1666 483 1801 541 ἅττα
1828 481 1974 539 πολλ

2088 531 2098 553 ι
2129 482 2309 558 impie
2339 501 2617 545 asserens
2645 487 2889 546 tradidit
2926 489 2987 548 in
3018 488 3250 551 Christo
3297 494 3444 553 duas
3502 501 3773 572 naturas,

358 578 586 630 τοιαῦτα
676 571 1040 651 δυσφημήσας
1100 573 1197 631 δύο
1258 577 1446 652 φύσεις
1542 571 1974 650 ἰδιοπεριορίστιι

2133 592 2385 647 quarum
2416 582 2666 650 utraque
2696 595 2804 651 per
2830 596 2891 636 se
2923 585 2984 636 et
3020 584 3269 638 seorsim
3326 571 3776 661 circumscripta

359 662 713 741 ἐδογμάτισεν
741 664 825 720 ἐπὶ
860 670 1127 741 Χριστοῦ,
1174 666 1365 745 σχέσει
1423 667 1527 722 τινὶ
1584 664 1671 720 καὶ
1734 663 1897 739 μόνον
1924 660 1974 717 ἀ]

2134 664 2229 733 sit,
2254 672 2527 738 respectu
2557 674 2789 725 tantum
2811 670 3069 741 quodam
3101 671 3261 727 inter
3307 691 3369 729 se
3401 660 3770 749 conjunctas.

360 753 567 826 λήλαις
592 754 964 830 ᾠκειωμένας,
999 754 1229 832 Δευτέρα
1264 758 1353 812 καὶ
1419 755 1553 827 αῦτη
1591 753 1887 832 βλάστησις
1915 772 1974 808 το

2130 754 2250 809 Hoc
2282 755 2535 813 alterum
2559 764 2650 813 est
2676 775 2919 832 germen
2953 776 3131 817 unam
3186 767 3463 820 naturam
3512 769 3571 822 et
3626 767 3772 825 duas

366 844 494 920 μίὶν
520 843 679 923 φύσιν
709 845 799 900 καὶ
855 843 950 900 δύο
982 848 1165 923 φύσεις
1222 845 1274 901 ἐν
1336 851 1551 923 Χριστῷ
1603 846 1680 919 μὴ
1736 842 1872 899 κατᾶ
1920 841 1974 897 τὲ

2128 849 2371 901 naturas
2402 848 2463 901 in
2485 848 2735 917 Christo,
2766 866 2885 905 non
2908 855 2976 906 ut
3012 851 3226 908 veritas
3277 854 3557 923 postulat,
3590 857 3771 913 conﬁ-

360 933 522 1009 ὀρθὸν
552 931 720 1008 λόγον
754 933 1164 1012 ὁμολογεῖσθαι.

2123 934 2398 990 tentium.

430 1024 579 1082 Μετὰ
638 1021 696 1079 δὲ
743 1025 971 1087 τούτους
1026 1025 1211 1102 γέγονὲ
1263 1046 1345 1089 τις
1408 1024 1631 1099 ὀνόματι
1689 1023 2008 1098 Νεστόριος,

354 1113 462 1168 ἀπὸ
497 1113 880 1189 Γερμανικείας
909 1120 1009 1184 τῆς
1060 1116 1285 1191 Συρίας,
1338 1120 1434 1172 τοῦ
1493 1113 1687 1191 θρόνου
1720 1116 2005 1170 Κωνστανυ

352 1204 730 1268 τινουπόλεως
791 1203 1146 1280 δραξάμενος,
1203 1206 1413 1280 ὁμοίως
1467 1210 1534 1280 τῇ
1586 1210 1740 1283 φωνῇ
1791 1209 1901 1260 τῶν
1953 1201 2005 1258 ἒν

347 1295 569 1368 Χριστῷ
599 1291 697 1349 δύο
728 1294 938 1371 φύσεων
976 1297 1329 1371 καταφρόνως
1364 1297 1743 1374 ἀπεχρήσατο,
1804 1291 2007 1365 Παύλῳ

344 1385 440 1439 καὶ
482 1382 748 1459 Θεοδώρῳ
805 1391 925 1448 τοῖς
985 1387 1176 1440 ἑαυτοῦ
1215 1386 1508 1461 προγόνοις
1558 1383 1837 1459 ἑπόμενος.
1883 1385 2008 1448 Υἱὸς

353 1473 450 1547 μὲν
482 1475 585 1548 γὰρ
611 1474 679 1543 ἦν
710 1479 807 1529 τοῦ
868 1473 1117 1547 Κίλικος,
1174 1474 1441 1552 ἀπόγονος
1494 1472 1550 1530 δὲ
1580 1477 1701 1547 ξτοῦ
1760 1481 2007 1548 Σαμοσα-

344 1562 507 1631 τέως,
566 1562 656 1618 καὶ
716 1560 806 1618 διὰ
861 1568 1023 1620 τοῦτο
1108 1564 1245 1641 πρὸς
1320 1565 1417 1634 τὴν
1498 1563 1651 1641 ἁγίαν
1732 1563 1999 1639 Παρθένον

348 1649 617 1707 ἄσπονδον
677 1651 848 1728 ⁴Ῑῗρατο
917 1653 1186 1726 πόλεμον,
1246 1651 1634 1729 ἐξαρνούμενος
1689 1653 1780 1708 τὸν
1810 1653 2001 1708 ἑαυτοῦ

350 1740 552 1816 Κύριον
582 1742 671 1797 καὶ
722 1741 999 1816 ἀτιμάζων
1053 1744 1152 1813 τήν
1207 1743 1398 1799 ἑαυτοῦ
1452 1742 1739 1800 Δέσποιναν
1809 1743 1836 1796 6
1889 1739 2000 1797 δεί-

2196 1023 2349 1079 459
2384 1025 2677 1082 Successit
2704 1028 2797 1083 his
2824 1029 3067 1099 quidam
3098 1032 3422 1100 Nestorius,
3464 1050 3499 1091 a
3530 1036 3767 1093 Germa-

2121 1113 2279 1168 nicia
2323 1114 2504 1186 Syriae
2544 1116 2617 1170 ad
2676 1116 2887 1173 solium
2943 1119 3318 1191 Cpolitanum
3359 1126 3767 1196 occupandum

2118 1202 2438 1273 profectus.
2472 1206 2526 1261 Is
2558 1223 2793 1278 quoque
2824 1209 3124 1265 vocabulis
3155 1210 3407 1268 duarum
3440 1213 3500 1268 in
3535 1215 3765 1273 Christo

2118 1299 2464 1351 naturarum
2498 1313 2772 1368 perverse
2803 1304 2894 1355 est
2931 1300 3171 1368 abusus,
3203 1302 3453 1359 Paulum
3483 1308 3542 1359 et
3587 1308 3769 1364 Theo-

2118 1382 2330 1440 dorum
2358 1386 2617 1459 majores
2648 1405 2788 1444 suos
2835 1390 3123 1448 imitatus.
3155 1394 3295 1449 Erat
3349 1394 3509 1450 enim
3566 1395 3764 1454 Cilicis

2115 1474 2287 1530 istius
2336 1475 2517 1544 ﬁlius,
2569 1485 2992 1552 auctoremque
3057 1481 3259 1554 stirpis
3315 1482 3764 1542 Samosatenum

2115 1561 2371 1619 habebat
2410 1564 2662 1638 ideoque
2691 1566 2915 1624 bellum
2936 1569 3308 1641 implacabile
3329 1576 3537 1629 contra
3555 1573 3759 1630 Divam
3792 1630 3797 1637 ,

2113 1651 2397 1722 virginem
2430 1655 2831 1727 gessit,malus
2861 1674 3066 1715 servus
3089 1664 3267 1731 atque
3297 1660 3635 1733 impudens,
3654 1664 3755 1734 qui

2111 1745 2169 1796 et
2198 1743 2514 1800 Dominum
2543 1762 2715 1802 suum
2746 1746 3107 1805 difllteretur
3135 1754 3194 1804 et
3214 1750 3521 1806 Dominam
3543 1757 3754 1809 contu-

345 1828 507 1894 λαιος
538 1829 737 1895 δοῦλος
794 1834 884 1888 καὶ
946 1833 1323 1909 ἀναίσχυντος.
1382 1834 1555 1895 Οὗτος
1614 1830 1705 1888 οῦν
1747 1833 1775 1887 6
1829 1829 1974 1886 Servo

2112 1831 2291 1887 melia
2308 1832 2652 1891 afﬁcereth
2671 1852 2807 1910 ergo
2823 1838 3195 1910 perniciosus
3214 1840 3520 1897 Nestorius
3541 1840 3755 1899 ducem

341 1919 671 1995 Νεστόριος,
704 1922 1014 1993 προστάτης
1069 1922 1305 1999 γεγονὼς
1359 1928 1461 1992 τῆς
1520 1919 1827 1990 Ἰουδαϊκῆς
1870 1921 1996 1976 ταύ-

339 2031 443 2080 της
474 2008 757 2085 αἱρέσεως,
788 2008 960 2066 ἄλλον
1021 2014 1157 2067 εἶναι
1210 2013 1360 2088 παρ’.
1387 2012 1561 2084 ἑαυτῷ
1592 2012 1708 2082 ,τὸν
1761 2012 1995 2087 Χριστὸν

332 2097 427 2153 καὶ
459 2096 632 2153 ἄλλον
659 2100 751 2154 τὸν
784 2103 918 2154 Θεοῦ
959 2098 1134 2175 Λόγον
1188 2101 1324 2156 κατᾶ
1356 2101 1478 2173 ⁵τήν
1520 2102 1789 2175 πατρικὴν
1831 2098 1996 2155 αὐτοῦ

330 2185 549 2259 πλάνην
580 2185 927 2264 ἐδογμάτισε.

412 2280 525 2346 Τῆς
557 2275 612 2333 δὲ
643 2279 779 2334 κατὰ
828 2278 1077 2337 Μάνεντα
1126 2277 1214 2334 καί
1275 2278 1661 2355 Ἀπολινάριον
1714 2279 1993 2335 ἇντιθέτου

339 2366 533 2441 μοίρας
561 2366 741 2442 τρίτος
774 2367 937 2423 πάλιν
998 2368 1338 2439 ὑπασπιστὴς
1369 2367 1651 2442 Εὗτυχὴς,
1683 2367 1991 2443 ἡγούμενος

338 2456 711 2533 μοναστηρίου
744 2458 1396 2527 Κωνσταντινουπόλευς,
1454 2456 1767 2534 ἀνεδείχθη·
1821 2458 1878 2519 ὅς
1913 2459 1988 2533 μὴ

335 2547 676 2622 ἀνεχόμενος
702 2547 999 2621 ὁμοοῦσιον
1034 2550 1171 2622 ἡμῖν
1200 2549 1290 2603 καὶ
1330 2550 1415 2622 [Ρ.
1461 2551 1586 2621 262]
1612 2542 1832 2625 ὁμόφυῆ
1892 2548 1991 2616 τήν

336 2637 510 2710 σάρκα
538 2642 634 2692 τοῦ
676 2638 874 2712 Κυρίου
936 2636 1291 2714 διομολογεῖν
1350 2638 1667 2713 ἀπηρνεῖτο,
1725 2636 1987 2706 σώζεσθαι

331 2724 591 2802 λέγωνέν
642 2732 722 2799 τῷ
752 2728 969 2801 Χριστῷ
1029 2724 1123 2781 δύο
1190 2728 1372 2804 φύσεις
1435 2728 1569 2801 μετὰ
1624 2734 1725 2796 τῆς
1782 2726 1988 2782 τούτων

331 2817 579 2879 ἒνώσεώς
610 2838 669 2872 τε
708 2818 795 2872 καὶ
827 2818 1119 2897 συμφυῖας.
1155 2817 1230 2875 Οὐ
1268 2819 1376 2890 μὴν
1445 2814 1502 2872 δὲ
1531 2815 1795 2883 ἀλλὰςκαί
1824 2836 1985 2891 τερα-

322 2903 485 2974 τώδη
543 2907 662 2961 τινὰ
717 2907 805 2961 καὶ
867 2905 1146 2962 ἀλλόκοτα
1211 2905 1609 2981 παρέπλαττεν,
1657 2905 1706 2976 ἐξ
1756 2906 1984 2981 οὐρανοῦ

330 2994 513 3072 λέγων
544 2996 934 3069 κατενηνέχθαι
963 2997 1026 3051 τὸ
1057 3001 1216 3070 σῶμα
1245 3001 1342 3051 τοῦ
1375 2997 1596 3072 Κυρίου,
1629 2997 1718 3051 καὶ
1768 2997 1844 3056 ὡς
1892 2993 1983 3052 διὰ

321 3083 577 3154 σωλῆνος
607 3092 708 3155 τῆς
748 3086 1021 3161 Παρθένου
1052 3083 1428 3161 παραδραμεῖν
1468 3087 1563 3141 τὸν
1618 3087 1748 3142 Θεὸν
1782 3086 1978 3162 Λόγον,

316 3174 606 3250 οὐρανόθεν
663 3179 856 3230 τοῦτον
918 3172 1286 3249 ἐνδεδυμένον,
1340 3173 1432 3230 ’ἶνα
1472 3172 1598 3249 δόξῃ
1654 3181 1974 3252 γεγενῆσθαι

314 3264 376 3321 ἑκ
403 3265 659 3340 γυναικὸς
688 3263 880 3338 καίπερ
915 3266 989 3338 μὴ
1023 3265 1436 3339 γεγεννημένος.
1470 3267 1778 3340 Μανιχαῖος
1813 3265 1972 3325 οὗτος

316 3356 347 3410 6
380 3352 569 3431 λόγος,
608 3354 697 3409 καὶ
731 3355 1168 3430 πεφαντασμένος
1224 3352 1424 3427 πολλῷ
1488 3352 1701 3426 μᾶλλον
1747 3352 1974 3413 ἐκείνου.

319 3444 465 3502 Μίαν
494 3444 650 3521 φύσιν
678 3444 768 3500 καὶ
801 3445 960 3507 οὗτος
991 3441 1395 3519 διεστραμμένη
1408 3440 1603 3517 καρδίᾳ
1632 3444 1723 3500 τὸν
1747 3443 1976 3519 Χριστὸν

318 3526 656 3609 ἐπρέσϐευεν.

392 3622 528 3679 Εἶτα
558 3617 801 3698 Σεϐἡρός
831 3643 913 3684 τις
947 3619 1268 3697 λεγόμενος,
1330 3623 1573 3698 ἁρπάσας
1627 3622 1719 3677 τὸν
1781 3619 1970 3696 θρόνον

319 3713 686 3787 Ἀντιοχείας,
727 3712 824 3781 τήν
881 3712 1015 3766 κατὰ
1068 3712 1311 3769 Μάνεντα
1370 3712 1523 3773 αὖθις
1582 3708 1972 3785 Ἀπολινάριόν

315 3821 376 3856 τε
421 3801 512 3855 καὶ
572 3799 823 3875 Εὐτυχέα
878 3797 1165 3856 διεκδικεῖν
1221 3800 1427 3875 αἳρεσιν
1487 3799 1762 3875 ἐπειρᾶτο,
1793 3805 1972 3855 κυκῶν

311 3888 414 3961 ὅση
475 3887 705 3963 δύναμις
760 3891 912 3962 αὐτῴ
990 3892 1090 3960 τήν
1168 3896 1269 3960 τῆς
1331 3888 1661 3960 Ἐκκλησίας
1721 3888 1967 3964 εἰρήνην.

309 3975 615 4048 Ἐξελαθεῖς
651 3976 708 4033 δὲ
736 3986 835 4047 τῆς
872 3978 1215 4054 Ἀντιοχείας
1270 3979 1298 4033 ὁ
1360 3976 1664 4049 στασιώδης
1729 3976 1819 4033 καὶ
1876 3999 1968 4034 τα-

309 4067 497 4143 ραξίας
574 4072 644 4142 τῇ
704 4066 1095 4144 Ἀλεξανδρέων
1171 4070 1473 4144 κουφότητι
1547 4067 1821 4132 Λαίλαπος
1878 4069 1966 4125 καὶ

305 4156 550 4228 θυέλλης
579 4154 735 4229 δίκην
764 4157 1079 4233 ἐνέσκηψεν,
1135 4156 1261 4213 ’ἐνθα
1316 4159 1402 4214 καὶ
1468 4159 1650 4234 ἑτέρας
1718 4163 1963 4234 καταιγῖ-

302 4246 400 4312 δος
456 4248 879 4320 ἀντιπνευσάσης
935 4249 1085 4322 αὐτῷ
1152 4271 1209 4306 τε
1266 4252 1354 4304 καί
1421 4254 1499 4322 τῷ
1559 4248 1680 4322 λαῷ
1745 4252 1967 4326 συνέχεε

298 4339 508 4400 πάντας
539 4338 628 4393 καὶ
660 4333 976 4413 ἐθορύϐησε.
1038 4336 1354 4394 Διεσκέδασε
1409 4338 1510 4415 γὰρ
1571 4336 1768 4404 αὒτοὺς
1824 4340 1963 4395 Ἰου-

299 4425 490 4490 λιανός
515 4449 599 4490 τις
630 4428 996 4503 καλούμενος,
1030 4427 1465 4504 Ἁλικαρνασσοῦ
1512 4430 1608 4503 μὶν
1637 4436 1739 4500 τῆς
1773 4430 1962 4492 Ἀσίας

295 4516 617 4588 ἐπίσκοπος,
671 4520 769 4587 τῆς
825 4514 885 4573 δὲ
937 4518 1284 4594 Εὐτυχιανῆς
1343 4515 1666 4590 κακοδοξίας
1733 4519 1964 4595 προστά-

2111 1936 2174 1975 se
2193 1921 2449 1979 Iudaicae
2479 1924 2693 1982 hmresi
2710 1926 2989 1999 praebuit,
3010 1927 3194 1984 alium
3215 1946 3319 2001 per
3337 1945 3401 1985 se
3427 1946 3555 1986 esse
3577 1932 3752 1987 Chri-

2106 2015 2288 2079 stum,
2310 2013 2617 2086 aliumque
2666 2032 2873 2073 rursus
2905 2017 3162 2073 Verbum
3190 2019 3317 2088 Dei,
3339 2035 3601 2077 errorem
3631 2021 3753 2077 avi-

2104 2104 2230 2156 tum
2262 2103 2564 2173 sequendo
2595 2109 2886 2162 statuens.

2171 2281 2297 2336 Jam
2331 2282 2576 2338 Manetis
2606 2288 2783 2356 atque
2826 2285 3155 2357 Apolinarii
3193 2287 3455 2346 adversis
3483 2291 3754 2362 partibus

2100 2370 2308 2426 tertius
2337 2379 2741 2446 propugnator
2769 2377 2993 2432 exstitit
3040 2380 3353 2450 Eutyches,
3403 2382 3751 2438 monasterii

2100 2460 2387 2532 Cpolitani
2445 2463 2743 2537 princeps.
2805 2467 2862 2521 Is
2920 2483 3161 2523 carnem
3207 2469 3423 2525 Christi
3480 2471 3751 2542 ejusdem

2094 2548 2278 2606 fuisse
2296 2568 2431 2607 cum
2453 2558 2657 2609 nostra
2676 2559 2903 2611 natum
2916 2562 3094 2628 atque
3112 2556 3456 2613 substantia)
3473 2560 3746 2616 conﬁteri

2097 2655 2217 2695 non
2254 2642 2537 2698 sustinuit
2562 2660 2576 2710 ;
2599 2645 2949 2717 negavitque
2983 2647 3044 2701 in
3088 2646 3319 2702 Christo
3349 2647 3495 2704 duas
3511 2665 3747 2721 perma-

2098 2745 2244 2784 nere
2276 2736 2519 2787 naturas
2539 2738 2674 2804 post
2694 2750 2897 2790 earum
2916 2736 3201 2792 unionem
3223 2742 3399 2809 atque
3413 2739 3741 2795 concretio-

2093 2819 2429 2885 nem.Quin
2456 2821 2800 2878 etinaudita
2827 2823 2944 2880 alia
3000 2830 3176 2896 atque
3224 2832 3562 2884 monstrosa
3607 2845 3743 2884 con-

2093 2904 2281 2977 ﬁnxit,
2316 2924 2530 2980 corpus
2569 2910 2784 2966 Christi
2841 2928 2915 2967 ex
2972 2912 3118 2969 caelo
3173 2914 3482 2986 delapsum
3552 2915 3741 2986 aiens,

2092 3011 2281 3068 eoque
2310 2997 2370 3051 in
2396 2999 2556 3053 caelis
2588 2998 2864 3056 indutum
2896 3001 3152 3058 Verbum
3174 3003 3273 3059 Dei
3302 3020 3410 3076 per
3438 3005 3739 3078 Virginem

2087 3084 2267 3140 veluti
2298 3102 2406 3157 per
2434 3087 2704 3146 canalem
2727 3091 3186 3158 transivisse,uti
3198 3097 3373 3149 natus
3400 3109 3471 3149 ex
3486 3094 3739 3152 muliere

2087 3173 2407 3245 videretur,
2441 3193 2576 3233 cum
2598 3194 2720 3235 non
2766 3184 3112 3237 nasceretur
3158 3186 3380 3238 tamen.
3431 3184 3737 3241 Manichaei

2085 3260 2197 3318 ista
2227 3269 2318 3319 est
2346 3265 2568 3337 opinio,
2603 3273 2659 3323 et
2690 3269 2931 3340 quidem
2990 3271 3236 3327 Manetis
3293 3272 3471 3328 etiam
3510 3271 3737 3330 deliriis

2078 3351 2413 3411 absurdior.
2436 3356 2492 3412 Is
2524 3374 2760 3430 quoque
2786 3359 2964 3432 igitur
2983 3377 3258 3433 perverso
3289 3361 3469 3418 corde
3489 3363 3731 3422 unicam

2076 3441 2290 3498 Christi
2323 3448 2599 3503 naturam
2636 3449 2910 3505 asseruit.

2151 3629 2307 3684 400
2326 3627 2796 3684 PosteaSeverus
2826 3628 3092 3700 quidam,
3126 3634 3361 3703 arrepto
3392 3632 3734 3691 Antiochea;

2077 3717 2657 3789 episcopatu,rursus
2674 3717 2919 3772 Manetis
2948 3718 3278 3788 Apolinarii
3308 3725 3368 3775 et
3388 3720 3731 3792 Eutychetis

2075 3822 2307 3862 errores
2325 3805 2641 3861 defendere
2657 3801 3352 3877 intendit,quantumque
3384 3809 3446 3863 in
3473 3810 3602 3880 ipso
3619 3810 3732 3866 fuit

2072 3897 2310 3963 virium,
2343 3895 2403 3951 id
2435 3895 2564 3967 paci
2596 3894 2874 3950 Ecclesia:
2924 3895 3346 3951 conturbandm
3410 3898 3723 3971 impendit.

2073 3986 2390 4042 Antiochia
2418 3990 2618 4040 autem
2649 3984 2857 4057 pulsus
2878 3984 3054 4040 homo
3084 3984 3400 4041 seditiosus
3443 3991 3502 4041 et
3546 3986 3724 4043 rebus

2076 4074 2385 4131 turbandis
2415 4075 2699 4142 intentus,
2731 4074 2919 4130 instar
2948 4073 3219 4147 procellas
3250 4079 3428 4146 atque
3469 4075 3722 4133 turbinis

2071 4164 2612 4220 Alexandrinorum
2642 4164 2862 4220 levitati
2890 4164 3177 4220 incubuit.
3213 4163 3319 4220 Ubi
3351 4181 3484 4220 cum
3517 4182 3589 4221 ex
3622 4166 3723 4222 ad-

2068 4270 2235 4310 versa
2266 4258 2432 4326 parte
2462 4258 2670 4309 contra
2692 4270 2829 4308 eum
2847 4254 3166 4310 vehemens
3180 4258 3390 4310 ventus
3409 4259 3721 4327 tempesta-

2070 4349 2188 4400 tem
2228 4344 2604 4410 concitasset,
2664 4343 2891 4416 ingenti
2938 4344 3196 4399 tumultu
3250 4348 3409 4401 totus
3465 4345 3717 4417 populus

2066 4432 2350 4488 confusus
2379 4432 2509 4488 fuit.
2542 4431 2904 4488 Disturbavit
2930 4433 3091 4487 enim
3123 4448 3258 4488 eum
3285 4433 3555 4489 Julianus
3585 4434 3716 4506 qui-

2067 4520 2629 4590 dam,Halicarnassi
2658 4520 2811 4578 Asia:
2845 4520 3006 4577 urbis
3034 4522 3365 4596 episcOpus,
3396 4524 3715 4580 animosis-

289 4629 394 4679 της
427 4606 812 4680 εὐθυμότατος.
845 4602 1089 4683 Σεϐήρου
1119 4610 1223 4685 γὰρ
1286 4609 1412 4681 μίαν
1456 4607 1613 4687 φύσιν
1673 4609 1809 4665 εἶναι
1860 4609 1944 4666 λέο

2088 4611 2242 4667 imus
2270 4610 2652 4682 Eutychianaa
2680 4610 2957 4667 falsitatis
2985 4614 3556 4686 propugnator.Nam
3574 4630 3711 4669 cum

291 4719 487 4774 γοντος
516 4699 608 4754 τὸν
642 4698 871 4773 Χριστὸν
899 4697 989 4753 καὶ
1038 4701 1139 4769 τὴν
1172 4697 1223 4754 ἐν
1275 4703 1502 4775 Χριστῷ
1532 4698 1789 4777 διαφορὰν
1850 4698 1943 4757 δε-

293 4787 563 4864 χομένου,
597 4786 901 4846 Ἰουλιανοῦ
952 4786 1011 4844 δὲ
1078 4789 1202 4863 μίαν
1239 4792 1336 4863 μὲν
1400 4792 1537 4846 κατᾶ
1580 4792 1673 4846 τὸν
1706 4787 1947 4866 Σεϐῆρον

290 4879 593 4959 ιράσκοντος
624 4880 806 4952 φύσιν,
838 4878 1193 4952 ἀναιροῦντος
1224 4877 1281 4935 δὲ
1323 4881 1423 4949 τήν
1456 4878 1741 4959 διαφορὰν,
1772 4879 1941 4936 α”ίτιοι

290 4966 471 5036 πάσης
503 4974 752 5043 ταραχῆς
775 4968 863 5022 καὶ
899 4968 1072 5039 ζάλης
1129 4970 1407 5045 γεγόνασιν
1460 4972 1510 5024 οἱ
1570 4970 1801 5041 ἀνόσιοι,
1864 4971 1940 5044 μὴ

284 5062 567 5127 νοοῦντες,
598 5058 733 5113 κατὰ
760 5059 823 5113 τὸ
856 5055 922 5125 δὴ
967 5056 1284 5134 λεγόμενον,
1322 5061 1459 5133 μήτε
1488 5058 1521 5114 ἂ
1553 5058 1775 5137 λέγουσι
1803 5063 1941 5135 μήτε

283 5145 595 5221 περίτίνιον
656 5141 1114 5204 διαϐεϐαιοῦνται.
1177 5148 1386 5211 Οἳτινες
1444 5148 1581 5223 πρὸς
1637 5151 1785 5222 ἡμᾶς
1815 5147 1936 5205 διας

286 5236 558 5310 μάχονται
619 5232 1003 5308 λαμϐάνὸντας
1075 5236 1150 5299 εἰς
1235 5234 1580 5313 παράδειγμα
1633 5245 1734 5307 τῆς
1792 5239 1935 5303 θείας

279 5320 524 5384 ἒνώσιως
552 5323 644 5377 τὸν
671 5321 731 5377 hc
761 5325 948 5401 ψυχῆς
998 5323 1087 5377 καὶ
1142 5323 1398 5396 σώματος
1453 5322 1758 5399 ἄνθρωπον,
1844 5326 1936 5381 καί

279 5431 459 5488 φασιν
495 5412 708 5469 Οὐκοῦν
736 5418 883 5485 τρεῖς
927 5412 1255 5488 ὁμολογεῖτε
1306 5412 1510 5491 φύσεις.
1544 5413 1704 5472 Ἀλλ’
1759 5412 1930 5471 ’ίστω-

277 5521 373 5556 σαν
406 5501 459 5557 οἱ
491 5501 720 5575 ἀμαθεῖς
749 5502 839 5557 καὶ
894 5500 1228 5570 ἀπαίδευτοι,
1284 5498 1410 5558 ὅταν
1466 5501 1562 5559 δύο
1616 5504 1801 5582 φύσεις
1850 5504 1931 5562 λέ-

349 5675 399 5712 ⁶²
427 5677 451 5733 Ι
480 5673 730 5735 Timoth.
762 5692 801 5746 ι,
831 5674 887 5734 4.

2057 4703 2303 4758 Severus
2328 4717 2509 4756 unam
2540 4702 2601 4755 in
2631 4700 2863 4756 Christo
2890 4706 3166 4757 naturam
3199 4719 3327 4758 esse
3372 4702 3595 4759 diceret
3640 4718 3709 4759 ac

2056 4790 2454 4846 diﬂ'erentiam
2480 4795 2844 4863 agnosceret,
2859 4790 3129 4846 Julianus
3158 4789 3366 4846 itidem
3394 4806 3576 4847 unam
3605 4807 3708 4846 na-

2055 4886 2249 4937 turam
2279 4883 2637 4951 affirmabat,
2698 4883 2801 4939 sed
2856 4883 3251 4939 differentiam
3297 4883 3567 4956 negabat.
3618 4884 3705 4938 Ita

2054 4971 2223 5043 impii
2254 4972 2340 5026 illi
2375 4973 2598 5045 ingenti
2632 4973 2821 5029 turbae
2852 4978 3029 5045 atque
3090 4973 3430 5044 tempestati
3460 4988 3701 5029 causam

2049 5060 2452 5133 praebuerunt,
2487 5078 2621 5117 vere
2652 5063 3013 5135 ignorantes,
3051 5068 3117 5117 ut
3157 5062 3240 5117 ait
3270 5062 3607 5133 Apostolus,
3642 5068 3700 5119 et

2050 5150 2192 5221 quid
2213 5151 2482 5206 dicerent
2514 5156 2572 5207 et
2603 5151 2818 5223 quibus
2849 5151 2921 5206 de
2955 5151 3132 5207 rebus
3164 5150 3595 5207 contenderent
3621 5151 3698 5215 ⁸³.

2047 5240 2320 5311 Pugnant
2347 5247 2554 5297 contra
2601 5258 2730 5307 nos,
2789 5257 2924 5297 cum
2979 5258 3084 5312 pro
3142 5240 3353 5296 divina;
3407 5242 3695 5298 unitionis

2046 5332 2316 5403 exemplo
2348 5333 2608 5389 hominis
2639 5350 2709 5388 ex
2742 5333 2942 5389 anima
2971 5338 3029 5388 et
3059 5349 3303 5405 corpore
3329 5334 3699 5392 constitutio-

2044 5435 2183 5476 nem
2214 5437 2592 5491 usurpamus,
2625 5423 2912 5493 aiuntque
2943 5440 3054 5479 nos
3078 5428 3197 5478 tres
3238 5423 3300 5478 in
3330 5423 3562 5480 Christo
3591 5441 3693 5482 na-

2042 5514 2206 5567 turas
2236 5515 2517 5569 statuere.
2552 5512 2710 5569 Scire
2754 5519 2954 5570 autem
3002 5513 3301 5572 debebant
3345 5514 3535 5588 ignari
3590 5514 3691 5572 isti
