4194 6198
406 386 522 446 503
1777 378 2064 440 ΘΕΟΒΟΙ

2191 379 2481 441 EDRENl
3695 383 3814 442 504

407 527 585 593 atque
612 518 833 576 indocti
865 515 1160 582 homines,
1186 531 1296 570 nos
1319 531 1454 569 cum
1489 515 1560 568 de
1609 514 1836 570 duabus
1867 514 2061 585 loqui-

2186 535 2369 592 γωμεν
2404 516 2588 587 ἡμεῖς,
2651 515 2717 569 οὐ
2777 518 2908 571 Θεοῦ
2965 515 3053 570 καὶ
3113 516 3330 591 σαρκὸς,
3364 514 3486 570 οὔτε
3527 515 3633 588 μὴν
3688 520 3818 572 θεοῦ

407 627 543 666 mur
563 608 940 674 naturis,non
973 605 1138 674 loqui
1173 603 1245 658 de
1274 604 1387 658 Deo
1420 608 1478 658 et
1499 620 1966 675 corpore,neque
1991 603 2063 659 de

404 701 524 756 Deo
557 703 615 752 et
644 697 865 760 anima,
909 693 1012 748 sed
1047 693 1118 747 de
1149 695 1268 748 Deo
1302 698 1360 747 et
1383 693 1646 747 homine.
1678 693 1878 764 Neque
1902 694 2063 749 enim

402 783 918 860 propriehominis
945 781 1234 838 naturaid
1260 781 1594 854 appellatur
1607 783 1766 852 quod
1785 783 2062 838 humanae

402 881 629 932 natura;
649 891 785 946 pars
809 872 1152 943 est.Quippe
1167 877 1286 926 tam
1303 888 1516 942 corpus
1531 888 1707 941 quam
1723 873 1924 927 anima
1938 890 2066 944 par-

405 971 495 1022 tes
520 969 659 1020 sunt
681 961 942 1018 hominis
970 977 982 1028 ;
1008 966 1183 1031 atque
1209 961 1352 1032 ipsa
1377 967 1574 1031 partes
1597 978 1802 1016 rursus
1835 963 1893 1016 in
1916 963 2064 1018 alias

409 1072 545 1112 suas
561 1059 760 1126 partes
773 1051 1330 1121 dividuntur,repeti
1343 1051 1414 1104 tis
1433 1050 1609 1104 etiam
1632 1051 1914 1122 deinceps
1928 1052 2066 1106 divi-

409 1144 674 1202 sionibus
697 1143 758 1196 in
773 1141 921 1196 alias
938 1141 1314 1195 minores.lta
1326 1146 1524 1210 partes
1537 1140 1752 1194 Christi
1770 1139 2064 1196 distincta)

405 1240 544 1292 sunt
573 1233 769 1288 divina
801 1237 976 1301 atque
1009 1231 1272 1284 humana
1296 1234 1510 1285 natura
1535 1246 1546 1283 :
1578 1230 1779 1284 anima
1795 1235 1992 1285 autem
2010 1247 2067 1300 et

405 1325 550 1380 46]
593 1338 808 1392 corpus
857 1320 987 1375 aliae
1049 1323 1187 1373 sunt
1243 1325 1462 1390 partes,
1515 1320 1700 1390 partis
1757 1320 2063 1374 nimirum.

407 1413 589 1468 Porro
619 1415 819 1481 partes
847 1409 1108 1480 partium
1142 1407 1423 1475 hominis,
1483 1407 1640 1478 quod
1701 1408 1774 1463 ad
1804 1409 2066 1463 animam

409 1499 643 1566 attinet,
668 1503 806 1553 sunt
836 1496 1167 1551 substantia
1190 1496 1416 1550 ratione
1449 1496 1697 1567 praedita
1725 1504 1782 1552 et
1813 1498 2067 1568 qualitas

411 1588 680 1659 corporis
712 1587 1016 1657 expers.Et
1045 1585 1258 1640 animae
1291 1584 1453 1639 aliud
1490 1591 1579 1640 est
1605 1587 1762 1656 quod
1792 1581 2065 1656 imperat,

417 1676 584 1734 aliud
612 1676 769 1746 quod
800 1674 1100 1741 irascitur,
1134 1673 1297 1728 aliud
1327 1673 1485 1744 quod
1517 1675 1760 1746 appetit,
1815 1681 1872 1728 et
1913 1674 2070 1745 quod

415 1765 716 1837 intelligit,
749 1763 986 1835 cogitat,
1019 1762 1296 1818 meminit
1315 1768 1491 1834 atque
1522 1763 2069 1834 consulit,itemque

418 1854 575 1926 quod
633 1852 858 1924 appetit
916 1857 973 1905 et
1023 1851 1286 1917 attrahit,
1351 1856 1476 1906 tum
1548 1851 1708 1922 quod
1784 1851 2068 1922 defendit,

423 1945 654 2000 diversa
675 1947 832 2004 sunt,
860 1941 1070 2012 hisque
1103 1957 1311 1995 rursus
1350 1940 1554 1996 divisis
1584 1941 1701 1996 alia
1737 1947 2069 2011 emergunt.

408 2034 612 2103 Neque
641 2032 702 2085 in
733 2030 1054 2102 praesentia
1097 2030 1445 2100 quaerimus,
1477 2036 1752 2101 partesue
1812 2030 1925 2085 ista
1955 2031 2075 2085 sint

416 2121 604 2179 animi
633 2137 710 2176 an
743 2136 879 2174 vero
913 2118 1246 2174 facultates.
1273 2119 1496 2190 Corpus
1529 2135 1763 2190 quoque
1795 2119 2076 2174 dividitur

415 2211 481 2268 in
511 2215 734 2282 partes,
768 2225 1021 2279 quarum
1053 2207 1184 2263 alim
1215 2207 1484 2278 partibus
1526 2208 1685 2264 idem
1737 2225 1958 2264 nomen
2017 2215 2074 2264 et

419 2299 690 2359 eamdem
721 2297 979 2370 speciem
1011 2296 1381 2352 servantibus
1412 2303 1705 2365 constant,
1739 2298 1870 2354 aliae
1901 2299 2072 2354 dissi-

418 2390 686 2456 milibus,
719 2393 785 2442 ut
813 2387 1072 2459 primum
1104 2387 1166 2441 in
1197 2393 1370 2460 caput
1420 2403 1635 2442 manus
1692 2388 1893 2459 pedes,
1947 2388 2073 2444 haec

421 2479 638 2536 deinde
668 2478 729 2532 in
761 2493 895 2532 ossa
927 2492 1142 2531 nervos
1172 2493 1435 2540 carnem,
1459 2477 1584 2532 haec
1614 2494 1820 2532 rursus
1851 2479 1913 2532 in
1935 2494 2074 2549 qua-

415 2576 551 2625 tuor
581 2568 902 2635 elementa,
931 2571 988 2620 et
1011 2583 1080 2621 ea
1126 2565 1366 2621 demum
1401 2567 1461 2620 in
1490 2568 1800 2622 materiam
1831 2585 1898 2622 ac
1954 2567 2075 2622 for-

420 2673 602 2713 mam.
635 2655 814 2709 Mnlta
845 2670 1020 2724 porro
1053 2652 1172 2708 alia
1226 2653 1726 2724 philosophantur
1755 2655 1969 2710 medici
2003 2654 2074 2708 de

419 2742 800 2800 facultatibus
832 2741 1224 2805 naturalibus,
1246 2758 1497 2811 quarum
1530 2743 1706 2798 aliam
1739 2743 2073 2798 tractricem

425 2837 604 2892 aliam
634 2835 1034 2889 alteratricem
1049 2833 1226 2886 aliam
1241 2833 1633 2903 expultricem
1664 2833 2076 2889 dicunt.Multa

429 2926 609 2980 etiam
637 2923 710 2977 de
755 2920 1050 2990 sensibus,
1104 2919 1174 2974 de
1231 2920 1593 2992 imaginandi
1648 2923 1948 2991 facultate,
2003 2923 2076 2977 de

427 3011 591 3068 vitali
624 3027 691 3067 ac
720 3027 826 3082 per
855 3010 1251 3064 instrumenta
1285 3025 1390 3065 sua
1435 3010 1622 3065 didito
1682 3011 1913 3082 spiritu,
1975 3013 2075 3083 qui

429 3101 708 3158 animalis
729 3099 910 3154 vitam
942 3104 1270 3168 conservat,
1287 3115 1463 3170 quem
1494 3098 1566 3154 ab
1590 3099 1920 3156 intellectui
1953 3117 2075 3156 ser-

421 3191 614 3246 viente
646 3189 944 3245 diversum
994 3192 1280 3244 statuunt.
1339 3188 1849 3253 Quemadmodum
1898 3190 2076 3263 igitur

2175 603 2266 658 καὶ
2301 607 2508 679 ψυχῆς,
2543 603 2688 659 ἀλλὰ
2718 609 2850 660 Θεοῦ
2879 604 2968 659 καὶ
3027 605 3336 679 ἀνθρώπου.
3397 601 3535 662 Οὐδέ
3576 604 3680 679 γάρ
3707 603 3819 660 ἐστι

2175 693 2383 768 κυρίως
2415 694 2696 768 ἀνθρώπου
2756 693 2911 771 φύσις
2966 696 3000 764 ἠ
3061 698 3159 749 τοῦ
3216 695 3411 768 μέρους
3444 693 3620 772 φύσις.
3669 693 3820 767 Μέρη

2181 783 2277 856 μὲν
2309 783 2413 858 γὰρ
2446 784 2734 858 ἀνθρώπου
2791 785 2944 860 ψυχή
3003 784 3093 838 καὶ
3153 787 3329 856 σῶμα,
3392 785 3527 856 μέρη
3601 781 3659 836 δὲ
3715 787 3822 837 τῶν

2181 875 2358 945 μερῶν
2413 873 2467 926 αἱ
2523 872 2647 946 περὶ
2701 872 2837 927 αὐτὰ
2895 869 3180 946 διαιρέσεις
3237 893 3294 926 τε
3371 873 3459 926 καὶ
3523 868 3826 946 ὑποδιαιρέ-

2179 981 2307 1022 σεις.
2353 960 2450 1017 Καὶ
2503 961 2641 1036 μέρη
2706 961 2798 1034 μὲν
2854 965 3102 1036 Χριστοῦ
3161 960 3440 1035 ἀσόγχυτα
3489 959 3678 1030 θεότης
3734 960 3824 1015 καὶ

2179 1049 2559 1124 ἆνθρωπότης,
2591 1050 2743 1124 ψυχὴ
2775 1048 2832 1104 δὲ
2860 1050 2948 1104 καὶ
3004 1055 3164 1123 σῶμα
3218 1047 3364 1104 ἄλλα
3416 1048 3554 1123 μέρη
3597 1053 3694 1103 τοῦ
3729 1051 3826 1123 μέ-

2180 1158 2327 1213 ρους.
2358 1139 2506 1213 Μέρη
2553 1139 2646 1212 μὲν
2677 1143 2785 1192 τῶν
2841 1142 3018 1213 μερῶν
3074 1143 3172 1194 τοῦ
3227 1139 3516 1213 ἀνθρώπου
3577 1138 3664 1193 ἐπὶ
3727 1140 3818 1210 μὶν

2179 1230 2363 1302 ψυχῆς
2394 1227 2550 1282 οὐσία
2599 1227 2796 1302 λογική
2857 1228 2947 1282 καὶ
3006 1229 3233 1298 ποιότης
3291 1229 3603 1301 ἀσώματος,
3635 1228 3706 1281 ὧν
3761 1228 3825 1282 τὸ

2185 1316 2280 1388 μὲν
2311 1317 2659 1389 ἡγεμονικὸν,
2692 1317 2754 1371 τὸ
2786 1313 2843 1370 δὲ
2871 1317 3125 1389 θυμικὸν,
3178 1319 3241 1371 τὸ
3299 1314 3355 1371 δὲ
3407 1312 3826 1390 ἐπιθυμητικόν.

2182 1404 2404 1462 Τούτων
2435 1407 2497 1460 τὸ
2530 1407 2622 1478 μὲν
2675 1405 3062 1480 έννοηματικὸν
3119 1403 3460 1476 διανοητικὸν
3520 1427 3827 1478 μνημονευ-

2179 1495 2330 1549 τικόν
2361 1515 2420 1549 τε
2475 1494 2563 1549 καὶ
2625 1493 3002 1569 βουλευτικὸν,
3059 1495 3122 1550 τὸ
3181 1493 3238 1550 δὲ
3294 1495 3573 1570 ὀρεκτικόν
3625 1515 3682 1548 τε
3736 1495 3825 1548 καὶ

2183 1583 2454 1654 ἑλκτικὸν,
2485 1585 2548 1640 τὸ
2579 1581 2639 1639 δὲ
2668 1584 2986 1658 ἁμυντικόν.
3019 1585 3122 1642 Καὶ
3175 1583 3366 1640 πολλὰ
3420 1583 3575 1661 ἕτερα
3605 1587 3828 1648 τούτοις

2189 1671 2623 1750 ὑποδιαιροῦται.
2681 1673 2950 1752 Ἀφείσθω
3023 1673 3089 1728 τὰ
3173 1671 3266 1727 νῦν
3351 1680 3530 1744 ζητεῖν
3598 1676 3826 1747 πότερον

2185 1765 2269 1833 [Ρ.
2301 1765 2426 1836 263]
2460 1763 2535 1826 ὼς
2567 1761 2704 1837 μέρη
2738 1767 2911 1817 ταῦτα
2966 1762 3098 1817 εἰσὶν
3156 1762 3208 1818 ἐν
3241 1762 3309 1836 τῇ
3336 1766 3490 1838 ψυχῇ
3598 1763 3674 1825 ὡς
3732 1760 3830 1817 δυ-

2183 1853 2394 1926 νάμεις.
2430 1853 2490 1908 Ἢ
2525 1849 2581 1906 δὲ
2629 1856 2727 1906 τοῦ
2768 1852 3023 1923 σώματος
3077 1849 3242 1906 πάλιν
3311 1850 3568 1926 διαίρεσις
3625 1853 3830 1927 γίνεται

2185 1941 2260 2002 εἷς
2294 1941 2626 2014 ὁμοιομερῆ,
2658 1939 2748 1994 καὶ
2787 1939 2993 1995 τούτων
3025 1934 3105 1995 ἔτι
3146 1941 3220 2003 εἷς
3273 1939 3515 2019 κεφαλὴν
3547 1942 3636 1997 καὶ
3713 1948 3832 2016 χεῖ-

2186 2047 2276 2102 ρας
2306 2029 2397 2083 καὶ
2431 2025 2622 2100 πόδας,
2647 2029 2734 2083 καὶ
2795 2033 2964 2084 ταῦτα
3022 2028 3098 2090 εἰς
3168 2029 3327 2086 ὀστέα
3379 2031 3468 2086 καὶ
3527 2035 3687 2104 νεῦρα
3737 2029 3832 2084 καὶ

2184 2116 2373 2194 σάρκα,
2405 2118 2494 2172 καὶ
2550 2123 2718 2174 ταῦτα
2774 2118 2851 2179 εἷς
2907 2118 3138 2192 τέσσαρα
3206 2124 3474 2194 στοιχεῖα,
3527 2119 3616 2174 καὶ
3662 2123 3831 2175 ταῦτα

2185 2205 2261 2270 είς
2291 2203 2430 2277 ὕλην
2461 2206 2549 2262 καὶ
2582 2204 2747 2270 εἶδος.
2784 2205 2975 2262 Πολλὰ
3005 2204 3062 2262 δὲ
3090 2208 3178 2262 καὶ
3235 2204 3389 2284 ἕτερα
3441 2206 3832 2287 (φιλοσοφοῦσιν

2185 2297 2382 2371 ἰατρῶν
2422 2293 2610 2358 παῖδες
2641 2296 2764 2372 περὶ
2833 2301 3072 2372 φυσικῶν
3115 2293 3410 2369 δυνάμεων,
3462 2299 3538 2352 ὧν
3585 2301 3683 2368 τήν
3737 2299 3831 2371 μὲν

2184 2383 2459 2453 ἑλκτικὴν,
2490 2386 2589 2453 τὴν
2641 2382 2698 2438 δὲ
2755 2382 3152 2455 ἀλλοιωτικὴν,
3209 2389 3309 2455 τήν
3365 2383 3423 2441 δὲ
3469 2387 3827 2461 ἀποκριτικήν

2186 2475 2538 2547 ὀνομάζουσι,
2570 2471 2758 2528 πολλά
2789 2470 2846 2527 δὲ
2882 2475 2971 2528 καὶ
3031 2475 3151 2550 περί
3191 2474 3494 2546 αἰσθήσεως
3552 2477 3641 2532 καὶ
3701 2499 3832 2553 φαν-

2183 2563 2368 2624 τασίας
2398 2562 2613 2618 καὶτοῦ
2646 2562 2968 2640 συνέχοντος
2998 2565 3060 2618 τὸ
3110 2565 3244 2633 ζῶον
3306 2570 3536 2635 ζωτικοῦ
3591 2569 3680 2622 καὶ
3740 2569 3833 2643 ὀρ-

2182 2657 2405 2729 γανικοῦ
2491 2650 2820 2725 πνεύματος,
2880 2651 3062 2728 ἐτέρου
3129 2658 3276 2730 παρὰ
3325 2656 3388 2710 τὸ
3441 2655 3690 2731 λογικὸν,
3758 2657 3832 2720 ὥς

2185 2763 2368 2821 φασιν,
2406 2744 2772 2821 ὑπάρχοντος.
2823 2745 2979 2798 Ὥστε
3032 2744 3209 2800 τοίνυν
3269 2745 3492 2821 ἀπόχρη
3553 2749 3689 2823 πρὸς
3766 2749 3829 2804 τὸ

2185 2839 2525 2906 παραστῆσαι
2575 2836 2742 2887 ταῦτα
2797 2833 2970 2888 πάντα
3030 2832 3164 2908 [διὰ]
3229 2837 3292 2890 τὸ
3342 2837 3512 2907 σάρκα
3544 2837 3714 2893 εἰπεῖν
3795 2838 3831 2908 ἢ

2185 2925 2343 2993 σῶμα
2369 2921 2675 2993 ἀνθρώπου,
2707 2922 2796 2976 καὶ
2843 2921 3066 2997 ἀπόχρη
3101 2921 3266 2978 πάλιν
3301 2920 3388 2978 διὰ
3445 2932 3543 2994 τῆς
3602 2925 3829 3002 λογικῆς

2183 3011 2369 3084 ψυχῆς
2391 3015 2454 3064 τὸ
2486 3008 2562 3070 εἰς
2591 3009 2626 3064 ἄ
2656 3007 2944 3079 διαιρεῖται
2997 3011 3133 3086 μέρη
3196 3009 3444 3083 δηλῶσαί
3494 3035 3552 3069 τε
3580 3017 3666 3070 καὶ
3726 3037 3829 3070 πα-

2187 3105 2447 3170 ραστῆσαι
2503 3100 2570 3152 τὰ
2623 3098 2674 3170 ἐξ
2731 3100 2803 3153 ὧν
2864 3099 3179 3171 συνέστηκεν
3249 3101 3300 3157 έν
3362 3105 3444 3164 οἷς
3491 3104 3827 3178 γνωρίζεται.

2185 3190 2248 3242 Οἱ
2281 3186 2356 3258 δὲ,
2408 3189 2517 3262 οὐχ
2555 3185 2649 3244 ’ίνα
2703 3191 2794 3244 τὸν
2855 3189 3137 3265 ἄνθρωπον
3192 3190 3402 3247 τέλειον
3458 3193 3834 3273 ἀποφήνωσιν,

425 3279 501 3336 ad
550 3279 666 3334 ista
717 3276 896 3332 simul
955 3275 1230 3330 universa
1287 3276 1809 3332 commemoranda
1855 3260 2072 3332 sufﬁcit

2189 3277 2315 3333 ἀλλ’
2341 3276 2432 3332 ’ίνα
2461 3279 2552 3333 τὸν
2586 3280 2785 3353 Κύριον
2827 3284 3277 3358 συκοφαντήσωσι
3316 3282 3406 3338 καὶ
3437 3292 3536 3354 τῆς
3567 3288 3832 3362 ἡμετέρας

426 3367 738 3425 nominare
769 3366 862 3420 vel
884 3381 1123 3420 carnem
1155 3364 1244 3418 vel
1271 3380 1485 3436 corpus
1517 3365 1885 3434 hominis,ita
1915 3383 2072 3421 men'

427 3459 592 3514 tione
621 3457 834 3511 animai
867 3454 1098 3508 ratione
1149 3453 1410 3525 praedita)
1468 3454 1642 3524 facta,
1697 3455 1839 3510 satis
1896 3456 2074 3510 etiam

428 3545 846 3618 intelliguntur
875 3543 1004 3614 ejus
1031 3548 1248 3614 partes,
1281 3543 1342 3597 in
1396 3559 1542 3614 quas
1587 3543 1867 3599 dividitur
1896 3550 1952 3598 et
2005 3562 2075 3600 ex

429 3635 644 3708 quibus
675 3632 1157 3688 constat.Verum
1178 3632 1274 3687 isti
1305 3649 1426 3687 non
1459 3638 1523 3687 ut
1551 3633 1858 3689 hominem
1881 3637 2072 3690 omni-

425 3725 536 3780 bus
565 3723 831 3778 numeris
857 3721 1198 3778 absolutum
1231 3723 1638 3792 pronuntient,
1672 3723 1775 3778 sed
1813 3729 1880 3779 ut
1907 3725 2074 3779 Chri-

424 3819 582 3870 stum
613 3811 1054 3870 calumnientur
1084 3827 1338 3881 eumque
1370 3828 1404 3866 a
1457 3817 1662 3868 nostra
1693 3818 1906 3868 natura
1937 3814 2076 3868 alie-

2183 3367 2347 3422 αὗτὸν
2382 3366 2801 3442 ἀλλοτριώσωσι
2831 3370 3063 3440 φύσεως,
3096 3371 3186 3426 καὶ
3239 3369 3275 3441 ἤ
3311 3374 3385 3444 μὴ
3419 3373 3832 3449 προσειληφότα

2182 3459 2280 3542 τὴν
2307 3459 2486 3532 ἀρχὴν
2515 3458 2576 3512 τὸ
2608 3458 2872 3532 ἡμέτερον
2929 3460 2964 3530 ἢ
3026 3462 3101 3532 μὴ
3164 3460 3468 3538 φυλάξαντα
3526 3469 3664 3520 σῶον
3699 3466 3831 3542 ὅπερ

2183 3539 2313 3621 ἔσχε
2342 3548 2468 3621 παρ’
2497 3549 2683 3620 ἡμῶν,
2713 3552 2881 3604 ταῦτα
2936 3550 3024 3604 καὶ
3082 3551 3148 3604 τὰ
3203 3555 3424 3606 τοιαῦτα
3455 3539 3830 3631 σοφιζόμενοιϋ,

2181 3638 2269 3692 καὶ
2329 3637 2454 3711 περὶ
2510 3638 2572 3692 τὸ
2631 3637 2976 3716 παράδειγμα
3031 3647 3474 3716 κακουργοῦντες,
3535 3645 3611 3707 εἰς
3691 3645 3829 3722 ἀφό-

2184 3746 2346 3788 κτους
2422 3726 2512 3781 καὶ
2572 3724 2978 3798 ἀδιεξοδεύτους
3035 3731 3490 3787 κατα-πεπτώκασι
3571 3729 3833 3809 λαϐυρίν-

2190 3816 2336 3876 θους.

424 3920 568 3960 num
595 3903 835 3969 faciant,
868 3908 934 3956 ut
961 3901 1052 3955 vel
1085 3917 1159 3956 ne
1191 3903 1587 3972 assumpsisse
1621 3902 1862 3972 quidem
1895 3903 2064 3959 initio
2097 3911 2362 3962 nostram
2413 3914 2689 3964 naturam
2749 3909 3048 3979 credatur,
3100 3911 3191 3966 vel
3251 3913 3309 3968 id
3367 3913 3664 3986 integrum
3713 3932 3833 3970 non

427 4009 690 4049 servasse
724 3991 884 4063 quod
915 4007 950 4046 a
980 3990 1153 4046 nobis
1185 3996 1515 4061 acceperat,
1548 3996 1864 4062 propterea
1895 3993 2236 4063 hujusmodi
2273 3996 2432 4053 462
2465 3997 2745 4068 captiosis
2774 4003 3023 4054 utuntur
3052 4001 3621 4072 ratiocinationibus,
3645 4021 3837 4060 exem-

424 4083 712 4156 plumque
742 4081 1112 4152 propositum
1148 4079 1305 4134 mala
1332 4079 1446 4134 fide
1479 4086 1888 4151 pervertentes
1920 4081 2433 4140 inextricabilibus
2463 4092 2520 4140 et
2553 4087 2774 4142 exitum
2807 4104 2928 4143 non
2984 4089 3340 4147 habentibus
3386 4110 3515 4148 sese
3560 4094 3824 4150 insinua-

427 4179 638 4228 verunt
667 4170 1038 4242 labyrinthis.

500 4263 578 4315 De
609 4259 703 4314 his
735 4263 792 4314 et
814 4274 1018 4313 eorum
1050 4255 1349 4312 similibus
1403 4258 1600 4330 impiis
1659 4260 1962 4315 erroribus
1995 4261 2076 4315 ita

429 4348 635 4405 scribit
661 4345 1084 4401 Theodoretus.
1114 4345 1262 4400 Sunt
1284 4346 1545 4416 quidem,
1581 4347 2075 4418 inquit,nonnulli

2258 4261 2570 4340 ’Λμέλειγέ
2601 4283 2686 4318 τοι
2743 4264 2831 4318 καὶ
2874 4261 3228 4341 Θευδώρητος
3287 4262 3387 4346 ἔφη
3449 4270 3569 4343 περὶ
3627 4271 3834 4326 τούτων

2185 4349 2411 4404 καὶτῶν
2462 4353 2731 4406 τοιούτων
2787 4353 3020 4409 ἀνοσίων
3077 4354 3283 4418 οὕτως·
3355 4357 3470 4414 Εἰσὶ
3531 4358 3714 4432 μέντοι
3771 4359 3836 4435 γέ

431 4437 609 4492 etiam
665 4435 907 4489 nomine
963 4433 1303 4499 Christiani,
1365 4436 1466 4505 qui
1524 4436 1720 4506 palam
1771 4438 2072 4494 veritatem

2186 4459 2324 4501 τινες
2355 4440 2406 4493 οἳ
2457 4439 2547 4494 καὶ
2601 4445 2949 4514 Χριστιανῶν
3017 4443 3116 4516 μὶν
3175 4448 3548 4522 προσηγορίαν
3589 4433 3832 4526 ἔχουσιν,

2195 4525 2220 4542 Ἰ
2471 4529 2511 4542 ιιι
2615 4533 2638 4542 υ
2736 4536 2762 4542 ρ.
2867 4530 2912 4542 ις
3043 4533 3053 4542 ι
3179 4531 3235 4542 Α.
3550 4534 3566 4542 ι
3641 4517 3658 4527 “
3697 4541 3718 4542 κν

431 4529 791 4599 oppugnant.
817 4524 1038 4578 Horum
1059 4523 1160 4578 alii
1211 4522 1271 4577 id
1330 4525 1488 4594 quod
1517 4527 1782 4598 genitum
1813 4545 1934 4583 non
1965 4535 2074 4593 est,

431 4615 493 4670 in
523 4611 1084 4684 triapartiuntur,in
1117 4611 1364 4676 bonum,
1426 4614 1650 4670 malum
1713 4622 1770 4670 et
1819 4617 2073 4687 justum.

431 4703 549 4761 Alii
569 4703 684 4759 duo
717 4717 1024 4772 nunquam
1051 4706 1192 4755 nata
1223 4701 1516 4773 principia
1546 4704 1893 4777 depingunt,
1928 4707 2074 4760 invi-

432 4810 562 4850 cem
594 4808 772 4864 quam
807 4790 1061 4845 maxime
1094 4791 1414 4846 contraria.
1449 4793 1584 4862 Alii,
1621 4795 1720 4864 qui
1773 4812 1834 4850 se
1878 4796 2078 4867 impiis

431 4883 562 4940 istis
618 4879 998 4954 opinionibus
1081 4879 1376 4936 adversari
1455 4883 1828 4953 profitentur,
1900 4886 2078 4942 aliam

432 4971 754 5044 impietatis
811 4969 965 5024 viam
1019 4968 1432 5040 ingrediuntur
1468 4988 1480 5026 :
1517 4971 1886 5043 unigenitum
1918 4976 2079 5031 enim

432 5060 534 5117 Dei
569 5059 822 5114 Verbum
854 5074 987 5112 cum
1019 5057 1319 5115 fateantur
1344 5074 1472 5138 esse
1506 5059 1740 5128 Filium,
1797 5068 2078 5133 tanquam

429 5150 650 5210 factum
681 5146 971 5202 creaturis
1002 5153 1422 5213 annumerant,
1457 5148 1637 5218 inque
1671 5166 1876 5206 earum
1921 5152 2080 5207 ordi-

431 5253 567 5292 nem
598 5236 966 5291 conditorem
998 5235 1294 5306 redigunt.
1328 5236 1607 5292 Sanctum
1631 5255 1866 5310 quoque
1898 5241 2078 5312 Spiri-

433 5325 761 5393 tumimpio
814 5339 1092 5378 sermone
1150 5325 1348 5380 divina
1393 5329 1790 5384 exterminant
1846 5337 2077 5388 natura.

433 5413 548 5468 Alii
580 5413 695 5467 alio
717 5429 752 5466 a
779 5419 940 5468 recto
973 5413 1188 5468 itinere
1215 5413 1598 5482 divertentes,
1632 5416 1774 5473 dum
1822 5421 2082 5493 vestigiis

437 5506 912 5571 antegressorum
947 5503 1222 5558 insistere
1254 5503 1606 5574 detrectant,
1639 5507 1812 5581 longe
1865 5527 1900 5566 a
1929 5511 2082 5566 veri-

439 5597 558 5647 tate
589 5589 1262 5646 aberraverunt.Eorum
1277 5595 1552 5649 nonnulli
1577 5597 1789 5652 Christi
1825 5599 1883 5652 in
1908 5617 2082 5654 carne

443 5677 947 5752 dispensationem
979 5695 1084 5750 pro
1116 5680 1287 5736 nobis
1316 5681 1529 5738 factam
1556 5701 1799 5754 prorsus
1829 5687 2085 5742 inﬁtian-

2185 4525 2436 4601 ἄντικρυς
2467 4529 2522 4582 δὲ
2550 4533 2666 4591 τοῖς
2696 4536 2798 4598 τῆς
2856 4530 3118 4601 ἀληθείας
3176 4531 3416 4610 δόγμασι
3472 4525 3833 4609 πολεμοῦσιν.

2188 4617 2257 4673 Οἱ
2285 4617 2379 4688 μὲν
2411 4616 2602 4691 γὰρτὸ
2633 4617 2927 4694 ἀγέννητον
2987 4621 3063 4683 εἷς
3120 4622 3245 4697 τρία
3300 4625 3580 4696 τέμνουσι,
3629 4626 3718 4680 καὶ
3772 4626 3836 4680 τὸ

2190 4705 2284 4778 μὲν
2317 4705 2574 4761 καλοῦσιν
2605 4707 2829 4783 ἀγαθὸν,
2859 4710 2922 4764 τὸ
2980 4707 3037 4765 δὲ
3089 4712 3277 4782 κακὸν,
3307 4713 3369 4767 τὸ
3421 4711 3478 4768 δὲ
3508 4711 3737 4782 δίκαιον.
3770 4716 3837 4772 Οἱ

2190 4791 2247 4848 δὲ
2269 4791 2367 4848 δύο
2398 4795 2572 4870 ἀρχὰς
2601 4795 2926 4870 ἀγεννήτους
2975 4803 3340 4878 ζωγραφοῦσι,
3408 4807 3487 4873 τῷ
3546 4801 3696 4879 λόγῳ
3725 4803 3836 4858 ἀλ-

2190 4882 2389 4954 λήλαις
2430 4884 2662 4946 ἐναντίας
2721 4885 2781 4940 ἐκ
2837 4883 3149 4963 διαμέτρου.
3211 4889 3414 4946 ’Άλλοι
3468 4889 3526 4947 δὲ
3582 4898 3700 4957 τοῖς
3740 4894 3838 4967 μὲν

2188 4969 2400 5028 ἀσεϐέσι
2463 4973 2680 5036 τούτοις
2739 4973 3003 5047 πολεμεῖν
3057 4976 3492 5053 ἐπαγγέλλονται
3551 4980 3840 5057 δόγμασιν,

2189 5062 2372 5138 ἑτέραν
2434 5060 2490 5118 δὲ
2547 5059 2856 5127 δυσσεϐείας
2914 5065 3219 5122 ἐπινοοῦσιν
3249 5066 3392 5125 ὁδόν·
3443 5072 3535 5126 τὸν
3589 5073 3694 5147 γὰρ
3743 5075 3839 5128 τοῦ

2189 5157 2322 5208 Θεοῦ
2357 5160 2617 5227 μονογενῆ
2647 5153 2818 5229 Λόγον
2879 5153 3280 5229 ὁμολογοῦντες
3339 5159 3462 5216 Υίὸν
3521 5161 3594 5223 ὡς
3625 5161 3841 5233 ποίημα

2187 5244 2254 5314 τῇ
2329 5240 2494 5296 κτίσει
2553 5245 2962 5314 συναριθμοῦσι,
3023 5245 3110 5298 καὶ
3163 5247 3255 5301 τὸν
3326 5249 3560 5318 Κτίστην
3647 5251 3840 5304 ἱστῶσι

2195 5331 2327 5404 μετὰ
2355 5338 2455 5400 τῆς
2483 5331 2726 5400 κτίσεως,
2756 5333 2846 5386 καὶ
2877 5333 2939 5387 τὸ
3001 5335 3154 5408 ἅγιον
3213 5341 3434 5410 Πνεῦμα
3489 5344 3568 5410 τῷ
3597 5335 3844 5394 δυσσεϐεῖ

2191 5417 2346 5494 λόγῳ
2374 5427 2474 5488 τῆς
2509 5419 2648 5480 Θείας
2680 5417 2978 5494 ἐξορίζουσι
3011 5424 3240 5500 φύσεως.
3302 5425 3497 5483 ’Ἄλλοι
3558 5425 3616 5482 δὲ
3655 5426 3844 5489 ἄλλως

2193 5511 2291 5578 τὴν
2323 5509 2526 5574 εὐθεῖαν
2561 5507 2684 5565 ὁδὸν
2715 5508 3080 5576 ἀπολέσαντες
3110 5515 3199 5569 καί
3251 5521 3366 5578 τοῖς
3411 5521 3519 5572 τῶν
3551 5516 3842 5592 προωδευ-

2193 5599 2366 5653 κότων
2413 5597 2620 5674 ἴχνεσιν
2677 5597 3049 5670 ἀκολουθῆσαι
3112 5605 3188 5674 μή
3252 5605 3609 5678 βουληθέντες
3650 5607 3840 5683 πόρῥω

2194 5709 2298 5743 που
2356 5695 2454 5760 τῆς
2511 5688 2770 5764 ἀληθείας
2829 5687 3091 5766 ἐγένοντο,
3151 5693 3238 5749 καὶ
3303 5695 3359 5750 οὶ
3411 5696 3511 5772 μὶν
3546 5697 3646 5770 τήν
3707 5697 3841 5776 ὑπὲρ
