4194 6198
325 383 439 445 505

1506 388 2047 453 HISTORIARUM
2097 388 2645 473 conpsnnmm.

3615 392 3736 454 506

323 516 486 586 ἡμῶν
533 515 898 591 γεγενημένην
958 517 1271 590 οἴκονομίαν
1369 520 1650 583 παντελῶς
1754 519 1962 596 ἀπηρή-

2089 523 2204 574 tur.
2239 519 2487 586 Quidam
2515 520 2766 576 Verbum
2797 521 2858 575 in
2891 537 3131 576 carnem
3156 522 3388 577 venisse
3418 522 3733 580 fatenturii

325 624 504 673 σαντο,
539 605 590 658 οἱ
623 602 681 660 δὲ
707 605 1044 682 ὁμολογοῦσι
1106 607 1201 680 μὲν
1263 607 1668 683 ἐνανθρωπῆσαι
1725 611 1818 665 τὸν
1851 612 1979 665 Θεὸν

323 698 517 773 Λόγον,
552 695 801 770 σῶμαδέ
862 698 1026 770 μόνον
1087 699 1450 780 ἀνειληφέναι,
1511 702 1561 756 οἱ
1621 701 1678 758 δὲ
1727 701 1978 781 ἔμψυχον

328 787 421 859 μὶν
452 785 687 842 καλοῦσι
719 789 817 857 τὴν
876 787 1174 866 ληφθεῖσαν
1237 791 1431 865 σάρκα,
1491 791 1553 846 ού
1602 793 1708 864 μὴν
1746 792 1977 866 λογικὴν

325 873 380 930 δέ
407 877 497 930 καὶ
532 878 719 950 νοερὰ-ι
764 875 816 932 ἐν
869 878 1036 953 ταύτῃ
1091 882 1401 954 γεγενῆσθαι
1461 883 1669 956 ψυχὴν,
1699 881 1832 942 ’ἰσως
1880 882 1979 950 τὴν

327 966 529 1021 οἰκείαν
566 965 749 1021 ἄνοιαν
774 968 970 1022 τούτου
1025 971 1325 1042 τεκμήριον
1385 968 1619 1045 ἔχοντες.
1676 972 1866 1044 Ἡμεῖς
1922 968 1979 1026 δὲ

325 1057 619 1131 ἀνθρώπου
654 1059 838 1132 ψυχὴν
868 1057 1125 1131 οὐδεμίαν
1159 1059 1310 1130 ἴσμεν
1367 1060 1548 1132 ἑτέραν
1593 1062 1628 1131 ἢ
1687 1062 1785 1128 τὴν
1815 1058 1976 1136 λογι-

321 1147 420 1213 κὴν
453 1146 546 1200 καὶ
581 1146 866 1208 ἀθάνατον.
898 1150 983 1221 [Ρ.
1015 1151 1142 1222 264]
1181 1149 1273 1202 Καὶ
1308 1147 1472 1203 ἄλλοι
1536 1150 1630 1221 μὲν
1680 1148 1844 1203 πάλιν
1900 1149 1975 1212 είς

324 1232 418 1289 δύο
479 1235 569 1289 τὸν
637 1232 729 1290 ἕνα
782 1238 1010 1301 Χριστὸν
1067 1234 1431 1310 διατέμνουσι,
1492 1237 1578 1292 καὶ
1634 1235 1814 1312 ἕτερον
1880 1241 1974 1312 μέν

323 1325 460 1377 εἶναι
485 1322 877 1398 διατεινόμενοι
906 1325 998 1379 τὸν
1032 1325 1091 1380 ἐκ
1143 1328 1414 1398 Παρθένου
1442 1326 1700 1402 τεχθέντα
1747 1325 1974 1390 τελείως

325 1415 634 1490 ἄνθρωπον,
664 1413 844 1491 ἕτερον
878 1414 934 1472 δὲ
958 1418 1050 1472 τὶν
1092 1417 1152 1472 ἐκ
1208 1423 1342 1474 Θεοῦ
1392 1419 1599 1494 Πατρὸς
1633 1420 1826 1495 Λόγον,
1883 1420 1973 1475 καὶ

321 1506 412 1559 τὸν
477 1506 570 1577 μὲν
604 1505 678 1566 ὡς
712 1504 992 1580 ἄνθρωπον
1044 1504 1154 1577 ἰδίᾳ
1207 1509 1436 1569 τιθέντες
1489 1508 1578 1562 καὶ
1625 1508 1725 1562 ἀνὰ
1785 1508 1971 1584 μέρος,

321 1593 411 1647 τὸν
445 1590 502 1647 δὶ
562 1593 640 1655 ὡς
699 1595 825 1648 Θεὸν
877 1593 1030 1668 φύσει
1080 1616 1138 1650 τε
1192 1597 1281 1650 καὶ
1340 1595 1570 1668 ἀληθείᾳ
1606 1598 1735 1652 Θεὸν
1769 1599 1970 1670 ὁνομά-

327 1685 523 1750 ζουσιν.
558 1681 757 1738 ’Ἄλλοι
800 1681 858 1738 δὲ
902 1684 1340 1761 παρατετράφθαι
1390 1684 1514 1762 φασῖ
1570 1685 1662 1740 τὸν
1723 1685 1781 1741 ἐκ
1833 1690 1971 1742 Θεοῦ

323 1770 529 1843 Πατρὸς
562 1771 736 1844 Λόγον
771 1769 846 1832 εἷς
879 1768 1078 1826 ὀστέων
1098 1769 1189 1826 καί
1207 1771 1407 1846 νεύρων
1439 1773 1529 1827 καὶ
1561 1774 1757 1848 σαρκὸς
1788 1773 1967 1854 φύσιν,

322 1863 482 1914 ταῦτα
512 1858 683 1915 πάντα
707 1855 980 1921 δυσσεϐῶς
1020 1858 1460 1936 δογματίζοντες.

389 1947 618 2010 Τάκιτος
700 1943 1042 2004 ἐϐασίλευσεν
1097 1946 1188 2021 ἔτη
1397 1948 1570 2014 Οὗτος
1656 1952 1959 2026 Μαξιμῖνον

321 2043 548 2112 συγγενῆ
581 2036 745 2091 αὐτοῦ
774 2035 1033 2108 ἐπέστησε
1060 2042 1129 2112 τῇ
1163 2040 1445 2114 Ἀσσυρίᾳ,
1504 2039 1560 2096 ὅν
1621 2037 1710 2095 διὰ
1746 2049 1846 2111 τῆς
1873 2041 1962 2096 ὕπ’

319 2124 480 2180 αὐτοῦ
511 2124 806 2200 γενομένης
833 2124 1046 2191 ἀδικίας
1073 2127 1354 2190 ἀνελόντες
1385 2130 1438 2183 οἱ
1469 2135 1816 2204 στρατιῶται,
1849 2131 1962 2186 εἶτα

318 2211 636 2293 φοϐηθέντες
669 2217 742 2288 μὴ
776 2213 1035 2291 ἐκδικήσῃ
1068 2217 1227 2272 αὐτὸν
1286 2219 1314 2273 6
1347 2220 1604 2288 Τἀκιτος,
1651 2219 1959 2276 ἀπέκτειναν

315 2306 402 2358 καὶ
433 2305 599 2360 αὐτὸν
625 2307 876 2380 ὑποθήκῃ
906 2305 1253 2381 Φλωριανοῦ.

385 2389 599 2469 Πρόϐος
627 2396 714 2448 καὶ
752 2393 1076 2465 Φλωριανὸς
1136 2392 1486 2452 ἐϐασίλευσαν
1542 2393 1635 2468 ἔτη
1695 2396 1791 2453 δύο
1853 2406 1962 2472 μῆ-

315 2504 407 2544 νας
437 2481 501 2540 δ’.
542 2485 714 2545 Οὗτος
771 2485 798 2538 ὁ
855 2480 1068 2559 Πρόϐος
1123 2486 1437 2562 παράφρονα
1489 2487 1671 2542 ἑαυτὸν
1730 2490 1964 2557 ποιήσας

315 2570 491 2626 ἀνεῖλε
522 2573 614 2626 τὸν
646 2571 989 2647 Φλωριανόν.
1023 2574 1146 2628 Ἐπὶ
1201 2575 1367 2630 αὐτοῦ
1427 2576 1640 2651 βροχῆς
1680 2577 1965 2653 γεγονυίας
2000 2567 2011 2576 ’

320 2667 466 2723 σῖτος
527 2661 860 2736 μεμιγμένος
911 2668 992 2735 τῷ
1050 2661 1202 2718 ὕδατι
1257 2663 1432 2726 πολὺς
1507 2665 1843 2740 κατηνέχθη,
1902 2666 1960 2722 δν

324 2752 703 2827 συναγαγόντες
749 2750 961 2826 σωροὺς
1023 2751 1292 2829 μεγάλους
1346 2751 1628 2824 ἐποίησαν.
1687 2755 1960 2818 Ὡσαύτως

307 2842 395 2895 καὶ
452 2839 688 2914 ψεκάδας
743 2840 983 2918 ἀργύρου
1063 2842 1451 2917 κατενεχθῆναί
1509 2864 1658 2921 φασι.
1693 2846 1961 2919 Βικτωρῖ-

307 2950 396 2991 νος
427 2927 485 2984 δὲ
515 2927 688 3009 φίλος
741 2934 837 2984 τοῦ
894 2926 1110 3005 Πρόϐου
1139 2930 1311 3005 ᾔτησε
1338 2931 1496 3007 φίλον
1525 2933 1690 2988 αὐτοῦ
1721 2932 1962 3008 ἄρχοντα

308 3018 554 3095 γενέσθαι
610 3019 685 3080 εἷς
744 3018 1086 3091 Βρεττανίανο
1172 3021 1200 3074 ὁ
1255 3017 1311 3074 δὲ
1375 3019 1627 3085 ἀπελθὼν
1711 3022 1958 3097 ἀντῆρεν.

309 3107 752 3182 Ὀνειδιζόμενος
783 3105 898 3163 δὶὸ
957 3111 1285 3184 Βικτωρίνος
1344 3107 1413 3164 δι’
1471 3108 1630 3166 αὺτὸν
1681 3111 1956 3184 ἀπεστάλη

312 3199 534 3253 παύσων
594 3198 694 3266 τήν
749 3199 1058 3272 ἀνταρσίαν.
1121 3200 1634 3273 Προσποιησάμενος
1717 3199 1773 3256 δὲ
1852 3202 1958 3257 ἀπὸ

309 3289 608 3362 προσώπου
639 3287 848 3364 φεύγειν
882 3291 980 3342 τοῦ
1014 3286 1302 3362 βασιλέως,
1361 3289 1437 3350 ὡς
1485 3288 1645 3367 φίλος
1709 3295 1806 3346 τοῦ
1835 3289 1961 3346 ἀντ-

311 3376 534 3450 άραντος
593 3374 868 3451 ἀπεδέχθη
941 3377 1030 3430 καὶ
1088 3375 1291 3432 ἀνεῖλεν
1342 3377 1519 3434 αὐτόν.
1596 3379 1956 3455 Ὑποστρέψας

310 3464 387 3536 δὲ,
429 3467 505 3528 ὡς
537 3466 678 3538 ἐξῄει
718 3469 816 3519 τοῦ
868 3463 1088 3534 πλοίου,
1148 3464 1315 3528 λύσας
1372 3469 1470 3537 τήν
1529 3469 1720 3524 ἑαυτοῦ
1777 3471 1955 3540 ζώνην

307 3552 524 3631 ἔρριψεν
557 3555 631 3616 εὶς
654 3556 755 3624 τήν
785 3552 1056 3618 θάλασσαν
1101 3555 1190 3609 καὶ
1248 3554 1468 3625 εἰσῆλθε
1525 3556 1823 3627 Αυσίζωνος
1881 3558 1957 3620 εἷς

308 3643 397 3702 τὸν
433 3641 684 3718 βασιλέα.
717 3643 773 3697 Ὀ
807 3641 864 3697 δὲ
923 3642 1192 3719 ὠργίσθη,
1253 3641 1426 3699 δοκῶν
1482 3647 1569 3725 ὑφ’
1625 3646 1809 3720 ἐτέρου
1867 3647 1957 3702 αύ-

308 3733 399 3787 τὸν
427 3737 590 3788 τούτο
621 3733 967 3788 πεπονθέναι.
1030 3736 1361 3808 Βικτωρῖνος
1421 3731 1477 3789 δὲ
1508 3733 1610 3808 ἔφη
1646 3735 1732 3813 ὑφ’
1763 3737 1956 3791 ἑαυτοῦ

308 3827 467 3878 τοῦτο
525 3821 790 3897 γενέσθαι,
851 3822 1214 3896 αἰτησάμενος
1272 3823 1468 3897 μηκέτι
1521 3823 1673 3899 ἄρξαι
1702 3827 1956 3900 πράγμα-

308 3933 422 3974 τος.
455 3914 637 3990 Ἀρχή
671 3913 777 3989 γὰρ
805 3917 968 3981 πᾶσα,
1019 3908 1145 3989 ἔφη,
1207 3915 1342 3986 μετά
1395 3911 1658 3969 κινδύνων
1684 3915 1772 3969 καὶ
1828 3913 1956 3969 κλι-

313 4004 606 4076 μακτήρων
639 4005 770 4073 (74).
828 4002 888 4058 Ὀ
946 3998 1003 4055 δὲ
1059 4001 1147 4055 καὶ
1203 4003 1441 4076 ἡσυχίαν
1489 4001 1637 4074 αύτῷ
1663 4003 1956 4079 ἐχαρίσατο

308 4093 397 4146 καὶ
433 4089 642 4165 δωρεὰς
671 4089 888 4152 πολλὰς
946 4091 1234 4165 παρέσχεν.
1289 4091 1594 4149 Ἀπέκτεινε
1653 4089 1710 4147 δὶ
1754 4094 1958 4157 πάντας

305 4180 431 4242 τοὺς
452 4179 877 4240 ἀποκτείναντας
907 4179 1143 4234 Τάκιτον
1200 4180 1291 4234 καὶ
1349 4180 1717 4255 Αύρηλιανὸν,
1779 4179 1831 4236 ἐν
1885 4185 1954 4256 τῇ

310 4270 576 4342 Ηειρίνθῳ
597 4268 685 4324 ἐπὶ
719 4266 953 4322 ἑστίασιν
986 4267 1150 4322 αὐτὸν
1173 4267 1424 4330 καλέσας.
1459 4270 1719 4343 Ἀνῃρέθη
1781 4266 1837 4325 δὲ
1866 4272 1955 4325 καὶ

306 4359 490 4420 αὐτός.

378 4447 548 4522 Κάρος
579 4445 672 4500 καὶ
733 4447 966 4519 Καρῖνος
1022 4445 1114 4498 καὶ
1175 4447 1550 4520 Νουμεριανὸς
1610 4442 1958 4504 ἐϐασίλευσαν

306 4537 397 4608 ἔτη
535 4535 709 4600 Οὗτος
739 4537 766 4590 ὁ
801 4536 976 4610 Κάρος
1033 4536 1136 4604 τήν
1191 4533 1420 4610 Περσίδα
1471 4538 1561 4592 καὶ
1595 4543 1956 4614 Κτησιφῶντα

306 4621 631 4702 παρέλαϐεν,
669 4623 922 4699 τέταρτον
973 4628 1136 4678 τοῦτο
1193 4625 1544 4694 πεπονθυίας,
1606 4627 1707 4682 ὑπὸ
1759 4632 1954 4701 Τραϊα-

303 4717 418 4784 νοῦ,
453 4716 558 4770 ὑπὸ
591 4717 772 4789 Βήρου
822 4713 911 4768 καὶ
965 4713 1219 4788 Σεβήρου
1274 4713 1364 4768 καὶ
1420 4717 1626 4788 Κάρου.
1681 4715 1953 4787 Τελευτή-

307 4825 497 4865 σαντος
564 4805 622 4858 δὶ
681 4803 867 4875 Κάρου
925 4801 1028 4856 ὑπὸ
1088 4801 1370 4874 λοιμικῆς,
1429 4802 1519 4858 καὶ
1576 4805 1952 4880 Νουμεριανοῦ

305 4894 700 4972 τυφλωθέντος,
748 4889 957 4946 ἀνεῖλεν
1019 4891 1177 4945 αὐτὸν
1237 4895 1446 4966 Ἀπρος
1497 4893 1524 4947 ὁ
1559 4891 1723 4948 αὐτοῦ
1767 4895 1955 4948 πενθε-

307 4985 418 5056 ρὸς,
451 4982 541 5036 καὶ
572 4975 887 5036 ἐϐασίλευσε
915 4979 1292 5054 Νουμεριανὸς
1326 4976 1449 5050 δοὺξ
1506 4983 1791 5060 τυγχάνων
1836 4988 1956 5038 Μυ-

305 5071 594 5133 σίας.’ῐ·ἶπὶ
645 5069 811 5124 αὐτοῦ
867 5067 1240 5144 ἐμαρτύρησεν
1309 5069 1337 5123 6
1396 5065 1552 5144 ἅγιος
1600 5064 1848 5132 Βαϐύλας
1902 5068 1955 5126 ἐν

301 5160 635 5235 Ἀντιοχείᾳ.
665 5159 867 5215 Τοῦτον
906 5155 1083 5211 ἀνεῖλε
1114 5157 1525 5228 Διοκλητιανός.

376 5247 770 5317 Διοκλητιανὸς
801 5239 1142 5300 ἐϐασίλευσεν
1175 5242 1268 5314 ἔτη
1328 5245 1435 5320 κβ“,
1490 5251 1572 5319 τῷ
1625 5245 1764 5322 γένει
1813 5245 1957 5303 Δαλ-

2087 608 2350 680 quidem,
2383 610 2486 665 sed
2513 611 2584 665 ab
2616 627 2685 666 eo
2733 616 2963 665 tantum
3018 628 3230 681 corpus
3278 611 3459 666 fuisse
3509 629 3734 668 assum-

2082 704 2249 770 ptum
2279 700 2666 754 contendunt.
2691 701 2949 770 Suntqui
2981 716 3219 755 carnem
3251 717 3382 756 eam
3406 702 3729 758 animatam

2082 787 2264 843 fuisse
2291 789 2642 853 concedant,
2689 790 2793 844 sed
2850 789 3112 844 animam
3166 797 3364 845 mente
3422 792 3731 861 praeditam

2080 876 2263 932 fuisse
2295 884 2534 949 negent,
2576 895 2698 933 sum
2747 878 2998 933 fortasse
3047 880 3322 933 amentia:
3381 887 3728 952 argumento

2081 965 2340 1021 adducti.
2375 969 2489 1022 Nos
2517 984 2652 1021 vero
2682 967 2908 1022 nullam
2939 967 3117 1022 aliam
3149 968 3409 1023 hominis
3455 971 3728 1026 novimus

2080 1056 2340 1110 animam
2373 1073 2548 1126 quam
2582 1057 2807 1110 ratione
2840 1057 3154 1128 praeditam
3187 1062 3245 1111 et
3303 1058 3726 1115 immortalem.

2080 1145 2302 1199 Rursus
2335 1145 2433 1199 alii
2467 1145 2706 1200 unicum
2734 1145 3032 1200 Christum
3083 1145 3142 1200 in
3197 1145 3345 1200 duos
3405 1146 3725 1218 dissecant,

2079 1234 2565 1305 contenduntque
2597 1233 2784 1288 alium
2817 1250 2942 1288 esse
2975 1251 3110 1288 eum
3138 1234 3236 1304 qui
3283 1234 3538 1304 perfecte
3572 1238 3724 1292 468

2079 1321 2255 1377 homo
2281 1328 2454 1377 natus
2486 1329 2574 1377 est
2606 1339 2675 1376 ex
2709 1323 3161 1394 Virgine,alium
3197 1322 3451 1377 Verbum
3483 1325 3580 1378 Dei
3612 1327 3726 1380 Pa-

2078 1411 2411 1481 tris.Atque
2441 1411 2606 1466 illum
2639 1412 3109 1483 quidem,utpote
3141 1412 3724 1478 hominem,seorsim

2075 1499 2390 1568 collocant,
2406 1500 2566 1556 hunc
2597 1507 2812 1556 natura
2843 1503 3022 1557 Deum
3055 1507 3114 1555 et
3142 1501 3355 1555 Filium
3389 1501 3724 1562 nominant.

2074 1589 2190 1644 Alii
2209 1589 2458 1644 Verbum
2482 1590 2542 1644 in
2573 1595 2846 1644 naturam
2871 1591 3437 1656 ossium,nervorum
3461 1593 3726 1648 etcarnis

2074 1685 2504 1734 commutatum
2562 1678 2864 1734 affirmant
2906 1695 2918 1743 ;
2981 1696 3112 1748 qum
3163 1693 3372 1734 omnes
3413 1680 3725 1750 opiniones

2075 1774 2215 1824 sunt
2235 1768 2453 1840 impias.

2143 1947 2375 2003 Tacitus
2406 1949 2716 2019 imperavit
2746 1965 2936 2004 annos
2987 1953 3038 2003 2.
3101 1951 3156 2004 Is
3205 1951 3591 2006 Maximinum
3622 1968 3718 2006 co-

2067 2041 2311 2109 gnatum
2343 2053 2516 2092 suum
2547 2038 2802 2108 Assyrias
2834 2038 3116 2109 praafecit.
3176 2041 3381 2107 Quem,
3416 2041 3575 2111 quod
3633 2041 3724 2094 in-

2059 2127 2222 2198 juste
2254 2126 2442 2180 multa
2473 2127 2918 2198 ageret.milites
2949 2128 3393 2185 trucidaverunt
3415 2135 3717 2196 ;metuen-

2069 2219 2274 2284 tesque
2309 2231 2383 2268 ne
2415 2230 2546 2270 eam
2577 2215 2797 2271 caadem
2827 2217 3058 2272 Tacitus
3090 2217 3499 2286 ulcisceretur,
3519 2219 3715 2290 ipsum

2069 2319 2305 2373 quoque
2333 2303 2590 2359 Floriani
2622 2321 2798 2359 suasu
2831 2306 3282 2361 interfecerunt.

2137 2391 2365 2446 Probus
2391 2397 2449 2446 et
2479 2393 2786 2448 Florianus
2819 2394 3186 2464 imperarunt
3229 2413 3414 2450 annos
3445 2400 3477 2450 2
3521 2402 3578 2451 et
3609 2397 3713 2450 tri-

2068 2486 2286 2536 entem.
2321 2479 2548 2536 Probus
2580 2482 2860 2536 simulata
2889 2483 3125 2538 insania
3155 2484 3494 2539 Florianum
3537 2485 3694 2538 inter

2065 2569 2223 2624 fecit.
2262 2570 2378 2624 Sub
2403 2587 2471 2624 eo
2495 2570 2691 2640 pluvia
2721 2571 2941 2625 decidit
2971 2571 3029 2626 in
3074 2589 3191 2642 qua
3245 2573 3524 2628 frumenti
3560 2573 3712 2627 mul-

2065 2661 2191 2711 tum
2218 2656 2330 2711 fuit
2358 2675 2527 2728 aqua:
2562 2659 3258 2731 permistum,magnique
3292 2663 3420 2732 ejus
3451 2662 3711 2732 congesti

2062 2751 2199 2800 sunt
2229 2747 2441 2800 acervi.
2479 2747 2697 2801 Ferunt
2727 2747 2906 2802 etiam
2938 2753 3132 2819 guttas
3190 2750 3418 2818 argenti
3459 2749 3706 2821 pluisse.

2065 2835 2398 2891 Victorinus
2427 2853 2602 2908 porro
2626 2837 2855 2892 amicus
2884 2837 3058 2893 Probi
3090 2837 3247 2910 apud
3277 2855 3411 2893 eum
3447 2857 3552 2910 pro
3602 2855 3707 2894 suo

2064 2925 2322 2996 quodam
2354 2926 2546 2988 amico
2604 2927 2963 2991 intercessit,
2996 2933 3060 2981 ut
3111 2928 3162 2982 is
3220 2928 3280 2982 in
3339 2927 3705 2983 Britanniam

2064 3015 2377 3088 praefectus
2409 3015 2763 3071 mitteretur.
2797 3016 3007 3072 Missus
3038 3021 3247 3071 contra
3284 3018 3706 3088 imperatorem

2065 3104 2420 3159 seditionem
2448 3104 2666 3174 (movit.
2702 3105 3002 3159 Victorino
3060 3121 3129 3160 ea
3185 3105 3433 3161 rebellio
3490 3107 3708 3176 probro

2069 3193 2594 3263 data,fmissusque
2627 3199 2716 3248 est
2766 3194 2840 3248 ad
2868 3211 3001 3249 eam
3033 3193 3377 3250 sedandam.
3412 3195 3709 3251 Simulans

2069 3299 2206 3352 ergo
2240 3299 2300 3338 se
2331 3282 2403 3338 ab
2435 3283 2793 3354 imperatore
2825 3283 3175 3356 profugisse,
3223 3290 3495 3357 receptus
3533 3286 3708 3341 amici

2061 3373 2190 3428 loco
2213 3379 2304 3428 est
2330 3389 2366 3428 a
2394 3372 2756 3444 rebellionis;
2769 3379 3031 3439 auctore,
3089 3390 3344 3446 eumque
3390 3375 3705 3430 interfecit.

2061 3463 2348 3517 Reversus
2407 3461 2566 3526 inde,
2626 3478 2760 3516 cum
2817 3463 3002 3517 exiret
3061 3462 3215 3530 navi,
3273 3480 3479 3519 zonam
3539 3480 3708 3519 suam

2062 3550 2235 3605 solvit
2263 3567 2330 3605 ac
2360 3551 2421 3604 in
2451 3567 2614 3605 mare
2636 3550 2875 3621 abjecit,
2909 3557 2967 3606 et
2988 3551 3114 3606 sine
3140 3553 3336 3607 cinctu
3359 3552 3432 3608 ad
3463 3554 3714 3625 impera-

2060 3645 2249 3694 torem
2263 3639 2564 3710 ingressus
2578 3645 2684 3694 est.
2709 3642 2788 3694 Im
2799 3645 3036 3710 perator
3056 3640 3128 3696 ab
3142 3641 3255 3696 alio
3274 3642 3356 3696 ita
3371 3658 3505 3696 eum
3523 3642 3707 3697 fuisse

2060 3733 2375 3782 tractatum
2403 3728 2713 3798 suspicans
2738 3728 2924 3783 iratus
2955 3730 3404 3785 est.Victorinus
3419 3736 3616 3786 autem
3650 3747 3712 3786 se

2059 3816 2217 3872 ultro
2239 3816 2350 3871 hoc
2370 3815 2581 3870 fecisse
2604 3816 3121 3888 dixit,rogavitque
3143 3817 3335 3873 neulli
3360 3818 3606 3888 posthac
3619 3820 3704 3873 rei

2060 3907 2216 3962 464
2245 3906 2669 3976 praeficeretur,
2699 3904 2856 3974 quod
2914 3905 3119 3960 omnia
3173 3906 3424 3977 imperia
3479 3907 3708 3978 pericu-

2061 3994 2189 4050 losa
2219 4000 2276 4049 et
2319 3999 2496 4048 certas
2555 3993 2839 4064 perniciei
2891 3994 3146 4049 obnoxia
3203 4001 3359 4050 esset
3407 4000 3709 4066 expertus.

2060 4084 2389 4153 Imperator
2419 4085 2477 4135 et
2506 4081 2692 4136 otium
2723 4081 2776 4136 ei
2834 4082 3129 4137 concessit
3185 4088 3243 4137 et
3290 4083 3518 4154 magnis
3578 4099 3712 4139 mu-

2061 4171 2307 4226 neribus
2337 4170 2594 4226 donavit.
2626 4171 2843 4225 Omnes
2877 4171 3054 4226 etiam
3084 4172 3265 4227 Taciti
3314 4178 3492 4243 atque
3519 4175 3712 4228 Aure-

2061 4259 2205 4316 liani
2230 4277 2610 4331 percussores
2640 4261 2890 4328 necavit,
2938 4261 3205 4316 Perinthi
3259 4262 3334 4317 ad
3380 4261 3708 4318 convivium

2063 4351 2395 4408 invitatum.
2434 4352 2559 4422 lpse
2599 4367 2834 4422 quoque
2865 4352 3211 4408 interfectus
3243 4359 3351 4409 est.

2132 4442 2313 4497 Carus
2345 4446 2403 4495 et
2439 4439 2686 4495 Carinus
2717 4446 2776 4494 et
2832 4443 3222 4498 Numerianus
3272 4444 3712 4515 imperavernnt

2064 4546 2250 4586 annos
2280 4532 2331 4584 2.
2365 4530 2546 4583 Carus
2576 4529 2876 4584 Persidem
2919 4535 2976 4585 et
3031 4531 3474 4602 Ctesiphontem
3533 4535 3709 4606 cepit,

2064 4626 2340 4692 quartum
2373 4625 2495 4674 tum
2546 4624 2813 4690 captam:
2847 4636 2986 4674 nam
3043 4637 3172 4675 eam
3226 4623 3433 4678 urbem
3467 4629 3524 4678 et
3571 4625 3712 4679 Tra-

2059 4713 2240 4785 janus
2271 4710 2577 4782 occupavit
2632 4716 2690 4764 et
2723 4711 2902 4766 Verus
2962 4717 3020 4766 et
3074 4713 3319 4768 Severus
3375 4720 3434 4769 et
3501 4715 3706 4768 Carus.

2061 4806 2205 4856 Caro
2235 4805 2399 4871 peste
2442 4799 2694 4866 sublato,
2753 4800 3177 4856 Numerianum
3235 4801 3422 4856 oculis
3470 4807 3707 4872 captum

2063 4905 2230 4946 socer
2260 4889 2410 4959 ejus,
2444 4891 2600 4959 Aper
2646 4888 2908 4955 nomine,
2945 4889 3260 4945 interfecit.
3312 4889 3711 4960 Etimperavit

2063 4980 2458 5036 Numerianus
2499 4978 2617 5033 dux
2671 4978 2887 5048 Mysia}.
2952 4979 3068 5033 Sub
3123 4996 3190 5033 eo
3222 4979 3430 5035 beatus
3461 4979 3709 5050 Babylas

2062 5069 2392 5126 Antiochia)
2417 5073 2644 5138 martyr
2675 5072 2764 5121 est
2791 5067 3001 5122 factus.
3033 5068 3458 5124 Numerianum
3487 5069 3710 5125 Diocle-

2066 5159 2262 5215 tianus
2295 5156 2618 5213 interfecit.

2075 5281 2078 5284 ~
2134 5247 2535 5304 Diocletianus
2557 5245 2865 5317 imperavit
2921 5261 3110 5302 annos
3161 5249 3250 5318 22,
3304 5246 3596 5305 Dalmata.
3656 5248 3709 5304 Is

1506 5363 1868 5421 XYLANDRI
1909 5367 1996 5419 ET
2033 5365 2246 5420 GOARI
2287 5363 2507 5418 NOT/E.

394 5483 480 5553 74)
516 5477 902 5551 κλιμακτῆρας
937 5478 1551 5553 interpretor_rerum
1609 5479 1822 5535 dubios
1863 5497 1948 5536 ca-

304 5551 423 5618 sus,
456 5551 586 5625 quas
619 5557 683 5625 ut
713 5566 1140 5625 nonnunquam
1169 5551 1492 5625 consistere
1523 5557 1589 5625 et
1610 5553 1832 5624 augeri,
1867 5553 1947 5607 ita

302 5621 752 5696 etfrequentius
786 5622 846 5676 in
872 5621 1108 5696 ruinam
1142 5623 1475 5692 praecipites
1505 5623 1594 5696 agi
1627 5621 1943 5679 consueve-

299 5704 440 5755 runt
461 5693 858 5771 {metaphora
887 5709 921 5750 a
946 5693 1212 5751 revoluto
1240 5693 1622 5768 septenorum
1649 5711 1942 5753 annorum

2060 5478 2307 5552 circulo,
2338 5477 2398 5532 in
2431 5493 2568 5552 quo,
2601 5482 2666 5532 ut
2696 5477 2968 5552 unius‘in
3021 5477 3181 5552 aliud
3231 5483 3710 5552 temperamenti,

2057 5550 2140 5677 ἕο
2173 5556 2232 5604 et
2258 5549 2388 5602 vitae
2421 5549 2593 5604 solito
2618 5550 2833 5622 smpius
2869 5549 2981 5604 fuit
3037 5551 3098 5605 in
3132 5549 3382 5607 mortem
3441 5549 3708 5611 mutatio.

2104 5638 2231 5677 οΑιι.

2104 5638 2231 5677 OAR.

4109 5277 4111 5312 |

4107 5391 4109 5427 ε

4099 5449 4107 5460 .

4099 5491 4107 5548 J

4099 5571 4105 5649 '|

4101 5697 4103 5710 .

4099 5777 4101 5871 ί
