4186 6198
370 392 497 464 δοῖ,

1728 377 2049 451 GEORGII
2094 382 2437 444 CEUREM

3656 367 3780 429 508

370 528 621 600 imperio
650 528 846 600 potius
878 525 1298 582 Maximianum
1331 523 1706 591 Herculeum,
1728 536 2014 595 generum

2133 517 2362 589 μᾶτηνς.
2401 511 2827 590 Περιγενόμενος
2887 504 2945 564 δὲ
2999 511 3107 564 τῶν
3137 503 3472 600 πραγμάτων
3532 493 3784 600 3:906?)—

377 635 550 675 suum
584 622 641 671 et
667 617 948 679 amicum,
982 616 1273 670 Caesarem
1301 613 1638 669 declaravit.
1688 615 1789 668 His
1836 613 2024 686 impe-

373 706 642 761 rantibus
673 706 880 777 ingens
902 705 1372 760 Christianorum
1391 705 1723 775 persecutio
1738 704 2022 760 fuit.Nam

372 813 483 868 per
511 796 784 867 regiones
813 799 991 865 atque
1024 793 1202 849 urbes
1225 793 1539 865 jusserunt
1567 793 1778 850 Christi
1804 793 2024 866 templa

375 884 622 949 destrui,
652 900 853 939 sacras
880 899 1014 955 qua
1044 900 1230 954 penes
1260 882 1421 953 ipsos
1457 889 1662 939 essent
1689 882 2025 954 Scripturas

374 975 663 1040 comburi,
698 979 757 1029 et
786 973 888 1044 qui
909 972 1230 1028 Christiani
1256 971 1922 1044 deprehenderentur,vi
1946 972 2024 1028 ad

372 1064 635 1119 divinum
662 1063 1035 1118 daemonibus
1066 1062 1473 1134 praestandum
1505 1062 1729 1117 cultum
1760 1062 2025 1134 adigi.Ea

369 1154 440 1210 de
481 1169 662 1209 causa
712 1152 885 1207 multi
937 1167 1216 1207 coronam
1276 1151 1427 1207 sacri
1486 1152 1829 1207 certaminis
1887 1156 2025 1207 sunt

369 1243 585 1315 adepti.
619 1244 879 1308 Quorum
910 1242 982 1297 de
1010 1259 1258 1297 numero
1317 1248 1454 1297 sunt
1508 1244 1716 1298 Petrus
1774 1243 2025 1298 Alexan.

370 1333 536 1400 driae,
570 1337 630 1387 et
656 1332 970 1386 Anthimus
998 1332 1354 1386 Nicomediae
1387 1332 1673 1403 episcopi,
1706 1338 1765 1388 et
1811 1335 2022 1390 Proco-

367 1422 502 1495 pius
533 1428 708 1492 atque
741 1421 1023 1493 Georgius
1052 1421 1259 1493 inclyti
1308 1427 1619 1492 martyres.
1651 1424 1811 1478 Tunc
1842 1424 2022 1479 etiam

369 1512 631 1567 innotuit
662 1510 994 1579 Sabbatius,
1047 1511 1098 1565 is
1158 1511 1258 1582 qui
1295 1511 1550 1567 haaresin
1605 1513 2020 1583 quatuordeci-

372 1617 686 1658 manorum
717 1599 1333 1656 confirmavit.Eodem
1365 1606 1632 1673 tempore
1663 1618 1831 1659 sacra
1860 1620 2023 1675 quae-

378 1693 516 1747 dam
547 1690 699 1747 465
741 1690 960 1745 mulier
987 1696 1164 1761 atque
1215 1689 1607 1746 admiratione
1663 1691 1859 1764 digna,
1893 1693 2023 1766 pul-

373 1781 709 1837 chritudine
741 1781 945 1836 formae
972 1780 1211 1853 insigni,
1246 1785 1305 1836 et
1334 1798 1464 1852 quas
1491 1781 1885 1854 virginitatem
1909 1798 2026 1838 ser-

368 1875 584 1938 vasset,
647 1870 1081 1941 comprehensa
1132 1886 1200 1926 ac
1259 1869 1462 1925 multis
1518 1875 1905 1942 tyrannorum
1957 1878 2025 1926 ut
2062 1901 2108 1966 Β

373 1959 744 2017 daemonibus
775 1959 1134 2015 sacriﬁcaret
1164 1959 1481 2014 tormentis
1514 1959 1735 2016 frustra
1783 1965 2029 2035 tentata,

371 2050 549 2107 militi
580 2050 816 2105 cuidam
848 2049 923 2104 ad
954 2048 1339 2104 concubitum
1373 2048 1572 2105 dedita
1598 2055 1710 2119 est,
1737 2066 1807 2106 ea
1837 2051 2036 2107 condi-

375 2141 539 2195 tione
568 2144 634 2194 ut
658 2139 706 2193 si
740 2154 875 2193 eum
898 2154 1019 2192 non
1043 2137 1404 2207 admitteret,
1429 2140 1622 2210 capite
1654 2139 2032 2210 plecteretur'

377 2229 578 2285 Tantis
606 2227 708 2283 illa
732 2227 962 2283 inclusa
1008 2227 1300 2299 angustiis
1357 2227 1708 2284 Anthimum
1764 2230 2035 2286 Nicome-

380 2320 671 2388 diensem,
706 2319 807 2390 qui
848 2317 1117 2373 nondum
1172 2318 1466 2390 supplicio
1526 2318 1720 2374 fuerat
1776 2318 2035 2387 deditus,

376 2415 577 2464 utrum
607 2408 821 2462 horum
852 2411 1085 2478 optaret
1112 2406 1175 2461 in
1196 2406 1515 2462 consilium
1538 2407 2037 2481 adhibuit.Atque

380 2500 453 2567 is,
484 2503 551 2555 ut
581 2502 707 2552 erat
736 2497 824 2550 vir
851 2512 916 2551 re
945 2512 1082 2551 vera
1111 2495 1306 2551 bonus
1362 2501 1423 2551 et
1467 2496 1846 2568 dispensator
1874 2489 2038 2556 verbi

379 2589 482 2644 Dei
514 2588 709 2643 ﬁdelis
739 2592 916 2658 atque
947 2585 1232 2657 prudens,
1268 2585 1349 2641 ita
1385 2586 1438 2641 ei
1487 2588 1831 2659 respondit:
1866 2589 2033 2645 Filia,

381 2682 735 2754 praeclarum
767 2697 836 2734 ac
869 2678 1135 2734 divinum
1163 2684 1252 2733 est
1298 2679 1587 2735 castitatis
1618 2682 2035 2737 conservandae

389 2772 655 2826 ofﬁcium
684 2774 955 2840 :praestat
983 2774 1182 2823 tamen
1215 2767 1265 2821 ei
1300 2767 1436 2823 ﬁdei
1471 2775 1854 2841 praaceptum,
1879 2773 2036 2842 quod

392 2866 479 2915 est
505 2860 798 2914 bonorum
829 2874 864 2913 a
888 2858 1106 2927 pietate
1137 2856 1644 2927 proficiscentium
1676 2859 2034 2916 fundamen-

384 2953 530 3003 tum.
566 2946 696 3001 Noli
729 2961 864 3017 ergo
896 2944 1193 2999 deteriora
1250 2945 1759 3015 prmstantioribus
1789 2930 2032 3021 antepo~

386 3052 554 3091 nere.
596 3036 757 3090 Sicut
785 3033 947 3089 enim
979 3033 1039 3087 in
1089 3032 1354 3104 periculo
1412 3033 1627 3105 aliquis
1678 3036 2033 3094 constitutus

382 3132 604 3182 vestem
636 3125 832 3197 potius
863 3139 1032 3183 suam
1064 3122 1254 3178 scindi
1286 3138 1463 3194 quam
1497 3140 1711 3196 corpus
1759 3126 1915 3195 velit,
1948 3129 2033 3186 ita

378 3216 438 3271 in
470 3213 897 3271 tentationibus
924 3228 1160 3284 quoque
1191 3212 1407 3267 animas
1437 3228 1471 3268 a
1523 3215 2025 3273 contaminatione

2133 586 2285 660 λεται
2342 586 2679 677 Μαξιμιανὸν
2735 596 3089 676 Ἐρκούλιον,
3160 589 3410 672 γαμϐρὸν
3465 590 3558 647 καὶ
3618 586 3779 669 φίλον

2132 693 2296 750 αὐτοῦ
2327 692 2476 748 ὄντα·
2535 692 2620 769 ὑφ’
2679 689 2753 745 ὧν
2810 690 2982 762 μέγας
3042 684 3288 763 διωγμὸς
3344 682 3480 738 κατᾶ
3519 683 3779 754 Χριστια-

2130 786 2500 859 νῶν[Ρ.265]
2550 766 2803 852 ἐκινήθη.
2868 777 3198 854 Προσέταξαν
3254 774 3358 852 γὰρ
3423 771 3558 827 κατὰ
3616 766 3779 825 πόλιν

2129 876 2219 930 καὶ
2270 858 2408 929 κατὰ
2462 872 2649 948 χώραν
2730 869 2825 933 τὰς
2883 869 2978 943 μὶν
3050 867 3282 940 Χριστοῦ
3337 858 3635 931 ἐκκλησίας
3676 877 3780 912 m-

2122 962 2515 1041 ταστρέιρεσθαι
2566 959 2661 1016 καὶ
2716 959 2813 1022 τὰς
2866 956 3011 1019 θείας
3067 952 3244 1010 αἰιτῶν
3320 948 3535 1026 Γραιρᾶς
3614 965 3779 1002 κατα-

2128 1037 2397 1122 καίεσθαι,
2504 1051 2631 1113 τοὺς
2732 1047 2791 1104 δὲ
2915 1044 3274 1121 Χριστιανοὺς
3360 1037 3783 1116 εὑρισκομένους

2130 1140 2517 1217 ἅναγκάζεσθαι
2551 1138 2695 1204 θύειν
2723 1141 2839 1199 τοῖς
2867 1132 3112 1209 δαίμοσι.
3147 1132 3238 1188 Διὸ
3295 1129 3386 1186 καὶ
3432 1125 3637 1185 πολλοὶ
3684 1124 3778 1179 τὸν

2130 1212 2255 1301 τῆς.
2315 1229 2596 1299 ἀθλήσεως
2673 1224 3002 1297 ἆνεδήσαντο
3093 1220 3371 1297 στέφανον,
3429 1217 3481 1290 ἐξ
3547 1216 3620 1269 ὧν
3674 1212 3781 1268 εἶσι

2131 1319 2333 1396 Πέτρος
2392 1314 2798 1392 Ἀλεξανδρείας
2878 1314 2968 1369 καὶ
3052 1312 3317 1396 Ἀνθιμος
3398 1301 3772 1396 Νικομηδείας

2131 1393 2562 1485 καὶ-Προκόπιος
2617 1407 2709 1462 καὶ
2765 1405 3038 1480 Γεώργιος
3097 1401 3148 1457 οἱ
3204 1395 3455 1471 ἀοίδιμοι
3484 1393 3771 1485 μαρτυρες.

2133 1501 2230 1555 Καὶ
2292 1492 2594 1560 Σαϐϐἀτιος
2649 1496 2678 1551 ὁ
2732 1496 2831 1565 τὴν
2888 1490 3090 1568 α’ίρεσιν
3148 1493 3256 1545 τῶν
3336 1479 3777 1559 τεσσαρεσκαιδε-

2131 1592 2363 1645 κατιτῶν
2414 1592 2523 1661 (75)
2584 1585 2849 1661 κρατύνας
2916 1579 3263 1658 έγνωρίζετο,
3331 1574 3422 1661 καὶ
3506 1574 3643 1650 γυνή
3696 1592 3782 1634 τις

2131 1684 2251 1759 ἱερὰ
2316 1682 2407 1738 καὶ
2503 1679 2793 1755 θαυμασία,
2896 1676 2987 1731 τὸν
3060 1672 3176 1749 βίον
3272 1656 3618 1746 ἀείπάρθενος
3691 1666 3784 1722 καὶ

2134 1757 2329 1849 ὡραία,
2362 1771 2501 1827 πάνυ
2532 1769 2856 1843 συσχεθεῖσα
2885 1764 2976 1821 καὶ
3018 1759 3257 1823 πολλαῖς
3290 1762 3568 1835 μηχαναῖς
3626 1757 3785 1811 θῦσαι

2135 1869 2242 1920 τῶν
2296 1860 2569 1937 τυράννων
2636 1857 2803 1927 αὐτὴν
2864 1853 3266 1928 ἀναγκαζόντων
3329 1850 3406 1923 μὴ
3466 1849 3790 1918 ἡττηθεῖσα.

2139 1935 2473 2031 Προσέταξαν
2555 1947 2841 2018 ἐκδοθῆναι
2928 1945 3231 2019 στρατιώτῃ
3312 1940 3470 2031 πρδς-
3508 2026 3519 2031 Δ
3551 1935 3788 2016 αἰσχρὰν

2143 2024 2311 2120 μῖξιν,
2340 2024 2430 2097 καί
2464 2037 2605 2115 μηδὲ
2661 2038 2834 2100 οὓτως
2889 2034 3220 2108 πειθομένην
3274 2024 3666 2120 ὑποϐαλέσθαι-
3692 2047 3790 2081 κε-

2139 2114 2349 2213 ιραλικῇ
2409 2130 2673 2206 τιμωρίᾳ.
2735 2127 2842 2213 Καί
2888 2126 3349 2213 νπεριστατηθεῖσα
3435 2116 3557 2213 λίαν
3616 2114 3790 2213 ἐδεῖτο

2138 2202 2235 2280 τοῦ
2275 2202 2983 2294 ’ᾸνθίμουνΝικομηδείαῇ
3046 2213 3215 2287 μήπω
3270 2206 3646 2270 τελειωθέντος
3700 2202 3792 2262 διὰ

2144 2313 2465 2391 μαρτυρίου,
2497 2304 2899 2384 συμϐουλεῦσαι
2955 2303 3091 2377 αὐτῇ
3147 2301 3201 2358 τί
3258 2298 3317 2356 ἂν
3367 2298 3670 2391 αἷρήσοιτο.
3724 2296 3788 2391 ’ρ

2141 2385 2198 2461 δὲ
2224 2385 2470 2480 ίχρηστὸς
2502 2395 2674 2461 ὅντως
2704 2396 2839 2471 ἀνὴρ
2890 2393 2978 2450 καὶ
3029 2391 3320 2465 οἰκονόμος
3359 2388 3449 2444 καὶ
3479 2392 3684 2449 πιστῶς
3732 2385 3787 2442 ἐν

2138 2474 2410 2569 κρίσειτὰ
2455 2489 2616 2564 λόγια
2674 2486 2880 2561 Κυρίου
2934 2479 3331 2555 ταμιευόμενός
3390 2498 3545 2569 φησι,
3606 2474 3783 2531 Καλὸν

2116 2566 2260 2658 μὶν,
2290 2581 2570 2648 ὦτέκνον,
2615 2577 2679 2632 τὸ
2734 2574 3062 2648 κατόρθωμα
3115 2573 3217 2635 τῆς
3269 2567 3479 2658 ἁγνείας
3516 2566 3607 2621 καὶ
3666 2566 3786 2658 θεο-

2139 2654 2362 2747 πρεπὲς,
2398 2668 2598 2744 μείζων
2629 2663 2713 2737 ιδῖε
2768 2666 2803 2734 ἡ
2866 2669 2968 2732 τῆς
3024 2660 3259 2747 πίστεως
3316 2655 3539 2747 ἐντολή,
3581 2654 3787 2747 κρηπὶς

2140 2746 2271 2819 οῦσα
2324 2764 2435 2816 τῶν
2490 2756 2671 2814 καλῶν
2726 2758 2828 2821 τῆς
2883 2746 3174 2811 εὐσεϐείας.
3241 2749 3329 2817 Μή
3370 2746 3461 2802 οὖν
3492 2746 3790 2821 προκρίνῃς

2136 2857 2243 2909 τῶν
2303 2847 2628 2926 κρειττόνων
2674 2846 2741 2902 τὰ
2798 2841 3039 2917 δεύτερα.
3103 2842 3307 2926 Ὥσπερ
3365 2836 3468 2913 γὰρ
3509 2834 3580 2926 ,ἐν
3628 2854 3783 2909 περι-

2139 2941 2322 2997 στάσει
2345 2924 2479 2994 τινὰ
2527 2934 2817 3012 γενόμενον
2880 2928 3234 3006 αἱρετώτερόν
3293 2925 3431 2981 ἐστιν
3498 2924 3630 2994 ὑπὲρ
3685 2928 3784 2979 τοῦ

2138 3030 2394 3102 σώματος
2451 3024 2814 3100 διαρπαγῆναι
2865 3021 2928 3076 τὸ
3001 3019 3241 3093 ἱμάτιον,
3303 3015 3475 3076 οὕτως
3565 3009 3781 3086 μᾶλλόν

2137 3118 2276 3176 ἐστιν
2336 3116 2391 3172 ἐν
2446 3120 2563 3177 τοῖς
2613 3116 2941 3187 πειρασμοῖς
3024 3105 3254 3163 ἄσπιλον
3325 3105 3633 3179 τηρήσαντα
3683 3104 3785 3171 τὴν

2137 3209 2322 3284 ψυχὴν
2358 3203 2654 3283 προδοῦναι
2682 3204 2785 3271 τὴν
2846 3201 3015 3274 σάρκα
3070 3203 3186 3259 τοῖς
3245 3193 3516 3255 παντοίως
3576 3187 3788 3267 ἐνυϐρί-

375 3305 676 3362 servandao
702 3319 883 3359 causa
920 3316 1134 3372 corpus
1166 3299 1402 3371 expedit
1447 3300 1680 3357 libidini
1710 3303 2021 3361 hominum

2134 3270 2255 3370 ξιιῖ
2273 3270 2550 3354 έθέλουσιν
2580 3292 2617 3364 ἥ
2647 3270 2924 3350 ἀπολέσαι-
2961 3295 3060 3359 τῆς
3129 3290 3316 3362 ψυχῆς
3367 3286 3469 3355 τὴν
3497 3283 3784 3359 εὐγένειαν.

376 3408 695 3465 exponere,
724 3390 918 3462 potius
944 3404 1123 3458 quam
1155 3387 1284 3459 ejus
1312 3390 1674 3460 generositas
1716 3392 2019 3463 prodatur.

373 3485 475 3540 His
496 3484 602 3539 illa
632 3481 847 3536 auditis
878 3484 1074 3535 mente
1101 3479 1276 3534 anxia
1306 3478 1471 3547 abiit,
1516 3482 1655 3551 quia
1702 3488 2021 3555 utrumque

375 3575 599 3629 bonum
631 3569 960 3641 expetebat.
993 3567 1200 3626 Divina
1230 3572 1428 3623 tamen
1476 3568 1809 3643 benignitas
1847 3573 2025 3647 virgi-

376 3664 624 3719 nitatem
665 3659 794 3730 ejus
842 3660 954 3714 hoc
1010 3663 1181 3730 pacto
1237 3659 1620 3715 conservavit.
1670 3662 1903 3718 Inclusa
1960 3664 2021 3719 in

373 3759 549 3815 domo
581 3777 714 3817 cum
756 3762 944 3819 milite
996 3764 1218 3835 rogavit
1274 3777 1408 3818 eum
1464 3766 1532 3816 ut
1585 3759 1697 3815 sibi
1728 3760 2022 3830 parceret,

374 3849 609 3920 dignam
642 3859 990 3925 recepturus
1015 3853 1461 3910 mercedem.Se
1495 3851 1656 3907 enim
1688 3864 1817 3904 esse
1840 3845 2023 3903 medi-

372 3955 525 4007 cam,
570 3941 803 4012 ipsique
862 3943 1363 3999 medicamentum
1419 3940 1802 4013 praabituram
1862 3936 2022 4007 quod

373 4029 581 4085 mortis
613 4031 764 4085 foret
792 4033 1149 4087 amuletum:
1175 4048 1313 4086 nam
1339 4047 1405 4085 eo
1428 4030 1737 4084 inunctum
1768 4027 1830 4081 in
1846 4025 2021 4081 bellis

372 4121 499 4175 fore
549 4121 1062 4178 invulnerabilem.
1124 4125 1313 4193 thue
1373 4120 1500 4191 ejus
1547 4118 1633 4173 rei
1691 4116 2021 4189 periculum

376 4208 571 4263 facere
602 4216 829 4280 posset,
863 4212 1017 4266 460
1045 4211 1269 4282 rogavit
1299 4215 1363 4264 ut
1424 4208 1535 4264 sibi
1591 4210 1718 4277 ejus
1773 4205 2025 4260 medica-

375 4299 562 4351 menti
596 4299 949 4354 conﬁciendi
982 4304 1332 4371 potestatem
1354 4298 1592 4353 faceret.
1607 4295 1669 4351 Id
1701 4311 1835 4350 cum
1852 4293 2023 4348 miles

2129 3390 2194 3445 Ἥ
2253 3384 2312 3442 δὲ
2354 3386 2555 3441 τούτου
2611 3381 2886 3439 ἀκούσασα
2959 3376 3125 3453 ἀπῄει
3193 3372 3629 3447 ταλαντευομένη
3685 3372 3777 3427 τὸν

2131 3481 2279 3548 νοῦν,
2347 3476 2421 3537 ὡς
2473 3471 2569 3529 δύο
2616 3470 2801 3528 καλῶν
2859 3466 3303 3539 ἀντιποιουμένη.
3361 3461 3522 3519 Ἀλλ’
3580 3465 3617 3532 ἡ
3665 3462 3784 3518 θεία.

2132 3566 2296 3646 χάρις
2366 3564 2569 3634 ταύτης
2656 3558 3047 3646 διεφυλάξατο.
3091 3555 3194 3623 τὴν
3252 3550 3537 3646 παρρενίαν
3594 3549 3785 3646 τρόπῳ

2129 3638 2349 3728 τοιῷδε.
2407 3655 2497 3715 Ὠς
2536 3653 2642 3728 γὰρ
2691 3649 2776 3729 ἐφ’
2834 3649 2950 3709 ἑνὸς
2982 3642 3151 3701 οἶκοι)
3202 3641 3576 3713 συνεκλείσθη,
3634 3638 3787 3715 λέγει

2130 3751 2212 3819 τῷ
2241 3744 2567 3821 στρατιώτῃ’
2602 3766 2630 3795 ιι
2665 3736 2849 3810 Μηδὲν
2899 3734 3100 3792 ἃτοπον
3159 3732 3369 3808 πράξῃς
3399 3730 3478 3821 είς
3516 3730 3633 3804 ἐμὲ,
3693 3731 3791 3786 ἂν-

2132 3819 2334 3913 θρωπε,
2391 3834 2482 3888 καὶ
2538 3830 2752 3907 παρέξω
2806 3848 2891 3883 σοι
2953 3824 3142 3899 μισθὸν
3170 3821 3428 3913 ῖέπάξιον·
3462 3819 3621 3877 δώσω
3676 3822 3781 3897 γάρ

2134 3910 2221 3982 σοι
2250 3926 2557 4002 φάρμακον,
2619 3917 2752 3975 οὖσα
2797 3917 3100 4002 φαρμακὶς,
3157 3912 3449 4002 ἀθανασίας
3476 3910 3782 4002 πρόξενον,

2133 3998 2499 4090 ᾧχριέμενος
2544 4006 2786 4083 ἄτρωτος
2845 4008 3023 4078 μενεῖς
3073 4000 3126 4056 ἐν
3180 4005 3298 4063 τοῖς
3354 3998 3647 4073 πολέμοις.
3681 3998 3787 4057 Καὶ

2134 4105 2182 4161 εἰ
2215 4089 2390 4181 βούλῃ
2422 4100 2622 4154 τούτου
2654 4090 2840 4153 λαϐεῖν
2870 4099 3085 4167 πεῖραν,
3146 4090 3433 4165 ἐπίτρεψόν
3469 4110 3536 4164 με
3593 4089 3788 4145 σκευά-

2135 4216 2222 4251 σαι
2270 4192 2421 4249 αύτό.
2453 4190 2560 4248 Τοῦ
2596 4186 2653 4244 δὲ
2694 4187 2827 4259 μετᾶ
2883 4182 3104 4252 πολλῆς
3164 4185 3336 4256 χαρᾶς
3377 4181 3785 4256 ἐπιτρέψαντος,

2134 4278 2377 4341 λαϐοῦσα
2406 4280 2629 4353 κηρὸνὴ
2665 4273 2903 4350 μακαρία
2956 4273 3044 4328 καὶ
3105 4270 3275 4343 ἐλαίῳ
3328 4270 3659 4343 συμμίξασα,
3691 4272 3785 4326 καὶ

377 4384 699 4442 admodum
724 4389 896 4444 laetus
928 4388 1317 4460 permisisset,
1350 4386 1452 4441 illa
1480 4401 1677 4440 ceram
1725 4383 1856 4439 oleo
1885 4398 2022 4454 per-

2139 4372 2418 4448 μαλάξασα
2445 4370 2534 4425 καὶ
2564 4369 2654 4424 τὸν
2689 4367 2883 4434 ἑαυτῆς
2930 4363 3138 4460 αύχένα
3190 4358 3571 4460 περιχρίσασα,
3632 4358 3782 4435 λέγει

373 4476 614 4531 miscuit
646 4483 823 4548 atque
854 4478 1107 4550 subegit,
1138 4477 1410 4548 colloque
1444 4492 1550 4530 suo
1585 4490 1652 4529 ea
1680 4489 1744 4528 re
1778 4474 2022 4528 inuncto

2134 4447 2304 4537 αὐτῷ,
2330 4462 2591 4532 Πάταξον,
2623 4459 2698 4521 ὡς
2721 4455 2955 4530 δύνῃ.Ὀ
2986 4450 3044 4508 δὲ
3076 4451 3209 4525 μετὰ
3239 4447 3518 4550 δυνάμεως
3531 4450 3783 4525 κατενέγ-

370 4566 621 4622 militem
658 4569 821 4623 omni
854 4568 1065 4624 robore
1123 4568 1300 4623 ferire
1339 4566 1539 4638 jussit,
1598 4565 1716 4619 vim
1772 4563 2026 4619 medica-

2136 4575 2232 4616 κας
2260 4555 2324 4609 τὸ
2352 4551 2505 4631 ξίφος
2532 4547 2794 4620 ἀπέτεμεν
2836 4542 3031 4608 εὐθέως
3062 4544 3161 4638 τὴν
3198 4538 3386 4614 τιμίαν
3416 4538 3583 4609 αὐτῆς
3610 4559 3780 4617 κειρα-

369 4657 557 4711 menti
597 4663 999 4728 experturum.
1063 4658 1146 4712 Ita
1188 4628 1361 4711 miles
1418 4628 1610 4709 valido
1658 4652 1840 4723 gladii
1898 4652 2019 4707 ictu

2133 4641 2258 4714 λήν.
2293 4642 2390 4697 Καὶ
2418 4628 2585 4694 ὀὕτω
2633 4638 2898 4706 νικήσασα
2924 4636 3031 4688 τῶν
3064 4628 3343 4703 δυσμενῶν
3401 4630 3500 4698 τὴν
3540 4648 3775 4703 κακουρ-

369 4746 532 4802 illato
574 4717 975 4802 venerandum
1007 4750 1182 4817 caput
1210 4745 1406 4800 statim
1444 4717 1768 4814 amputavit
1798 4747 2014 4812 ;atque

2133 4733 2244 4811 γίαν
2275 4729 2502 4787 διπλοῦν
2535 4728 2627 4784 τὸν
2658 4725 2911 4802 στέφανον
2940 4722 3035 4778 τὸν
3091 4724 3188 4777 τοῦ
3222 4717 3522 4795 μαρτυρίου
3550 4719 3642 4774 καὶ
3672 4720 3771 4786 τῆς

370 4835 475 4893 illa
505 4839 655 4893 victa
687 4837 1156 4893 adversariorum
1190 4830 1718 4901 malitia,martyrii
1738 4845 2017 4887 coronam

2133 4821 2337 4899 ὶγνείας
2362 4816 2679 4889 ἀνεδήσατο.

373 4927 662 4982 castitatis
693 4942 915 4981 corona
935 4925 1116 4981 auxit.

442 5017 661 5072 Eodem
693 5016 870 5071 modo
916 5016 1030 5071 alia
1058 5014 1332 5087 quaedam
1364 5012 1583 5084 puella,
1616 5011 1773 5082 virgo
1804 5008 2019 5064 formo-

2196 5001 2464 5062 Ὡσαύτως
2524 4995 2582 5054 δέ
2634 5016 2717 5058 τις
2773 4993 2863 5050 καὶ
2921 4990 3068 5062 ἄλλη
3124 4993 3260 5067 γυνὴ
3339 4988 3772 5087 εὖπρεπεστέτη,

369 5107 607 5162 si‘ssima
637 5111 694 5160 et
722 5104 1074 5178 virginitatis
1129 5103 1429 5159 servandas
1483 5099 1769 5165 studiosa,
1826 5096 2019 5153 delata

2133 5092 2262 5167 κόρη
2296 5090 2429 5145 οὗσα
2459 5087 2549 5142 καὶ
2581 5087 2666 5161 [Ρ.
2722 5084 2851 5156 266]
2888 5078 3189 5178 ,παρθενίαν
3244 5077 3505 5178 ασκοῦσα,
3544 5071 3776 5178 διεϐλή-

367 5197 524 5268 quod
556 5197 616 5251 iu
651 5196 793 5251 deos
825 5192 1259 5251 contumeliosa
1293 5191 1521 5257 fuisset,
1545 5205 1683 5244 cum
1741 5191 1909 5259 capta
1960 5190 2020 5241 et

2133 5160 2207 5251 θη⁷
2253 5160 2329 5241 ὡς
2393 5176 2520 5236 τοὺς
2580 5160 2735 5239 θεοὺς
2790 5165 3162 5246 ἑνυόρίζουσα·
3245 5166 3312 5237 ἢν
3363 5160 3771 5240 συλλαϐόμενοι

368 5285 564 5357 ﬂagris
612 5302 764 5340 cmsa
820 5301 939 5340 non
997 5283 1235 5338 cederet
1281 5281 1537 5335 hostium
1592 5275 1901 5349 impietati,
1955 5274 2018 5329 in

2133 5269 2215 5324 mi
2248 5264 2684 5340 μαστιγώσαντες
2747 5261 2823 5335 μὴ
2882 5257 3204 5314 ὑπείκουσαν
3262 5260 3331 5331 τῇ
3387 5254 3596 5310 τούτων
3643 5253 3772 5308 δυσ-

370 5342 621 5445 lupanar
651 5381 740 5430 est
788 5374 1024 5440 tradita,
1059 5371 1380 5442 lenonique
1439 5369 1635 5424 cibum
1676 5342 1747 5422 ὀἱ
1806 5378 2017 5436 suppe-

2133 5353 2309 5429 σεὸείᾳ
2361 5350 2678 5428 παρέδωκαν
2764 5349 2842 5411 εἷς
2923 5352 3196 5423 πορνεῖον,
3267 5342 3638 5416 ἐντειλάμενοι
3692 5347 3773 5414 τῷ

369 5433 576 5519 ditauti
610 5462 955 5520 mandatum
988 5433 1054 5517 ut
1082 5460 1154 5516 ab
1177 5476 1246 5515 ea
1276 5433 1540 5531 quotidie
1570 5462 1691 5511 tres
1739 5433 2017 5511 nummos

2133 5446 2324 5516 ταύτην
2400 5445 2617 5516 νέμοντι
2696 5439 2941 5514 κομίζειν
3025 5436 3156 5512 ὑπὲρ
3240 5434 3406 5504 αὐτῆς
3465 5433 3772 5507 ἡμερήσιον

1564 5581 1926 5639 XYLANDRI
1963 5578 2050 5633 ET
2087 5573 2303 5632 GOARI
2342 5570 2562 5627 NOTAE.

440 5694 553 5771 (75)
586 5695 805 5766 Nempe
835 5695 901 5747 ut
928 5686 1157 5746 Pascha
1178 5679 1726 5758 Iudaico‘instituto
1757 5695 1826 5735 ac
1856 5677 1952 5733 die
1982 5673 2386 5733 celebraretur
2412 5666 2553 5728 Χη.
