  <div class='ocr_page' id='page_1' title='image "/cluster/home/n/w/nwhite01/storage/ocr_20150623/121/hvd.32044073502478/260.png"; bbox 0 0 4186 6198; ppageno 0'>
   <div class='ocr_carea' id='block_1_1' title="bbox 415 313 539 374">
    <p class='ocr_par' dir='ltr' id='par_1_1' title="bbox 415 313 539 374">
     <span class='ocr_line' id='line_1_1' title="bbox 415 313 539 374; baseline 0.016 -2"><span class='ocrx_word' id='word_1_1' title='bbox 415 313 539 374; x_wconf 78' lang='lat'><strong>509</strong></span> 
     </span>
    </p>
   </div>
   <div class='ocr_carea' id='block_1_2' title="bbox 1577 303 2725 372">
    <p class='ocr_par' dir='ltr' id='par_1_2' title="bbox 1577 303 2725 372">
     <span class='ocr_line' id='line_1_2' title="bbox 1577 303 2725 372; baseline 0.004 -5"><span class='ocrx_word' id='word_1_2' title='bbox 1577 304 2125 367; x_wconf 75' lang='lat' dir='ltr'><strong>HlS’l‘OltIARUM</strong></span> <span class='ocrx_word' id='word_1_3' title='bbox 2172 303 2725 372; x_wconf 78' lang='lat' dir='ltr'><strong>COMPENDIUM.</strong></span> 
     </span>
    </p>
   </div>
   <div class='ocr_carea' id='block_1_3' title="bbox 415 435 2037 522">
    <p class='ocr_par' dir='ltr' id='par_1_3' title="bbox 415 435 2037 521">
     <span class='ocr_line' id='line_1_3' title="bbox 415 435 2037 521; baseline -0.007 -18"><span class='ocrx_word' id='word_1_4' title='bbox 415 448 732 521; x_wconf 70' lang='grc' dir='ltr'><strong>νομίσματα</strong></span> <span class='ocrx_word' id='word_1_5' title='bbox 789 451 932 517; x_wconf 69' lang='grc' dir='ltr'>τρῖα.</span> <span class='ocrx_word' id='word_1_6' title='bbox 989 446 1081 507; x_wconf 82' lang='grc' dir='ltr'>Ὃς</span> <span class='ocrx_word' id='word_1_7' title='bbox 1150 439 1369 498; x_wconf 80' lang='grc' dir='ltr'><strong>ἔκδοτον</strong></span> <span class='ocrx_word' id='word_1_8' title='bbox 1451 439 1619 511; x_wconf 78' lang='grc' dir='ltr'>αὐτὴν</span> <span class='ocrx_word' id='word_1_9' title='bbox 1704 435 1893 511; x_wconf 77' lang='grc' dir='ltr'>ἔστησε</span> <span class='ocrx_word' id='word_1_10' title='bbox 1949 443 2037 494; x_wconf 89' lang='grc' dir='ltr'><strong>τοῖ</strong></span> 
     </span>
    </p>
   </div>
   <div class='ocr_carea' id='block_1_4' title="bbox 2147 435 3831 522">
    <p class='ocr_par' dir='ltr' id='par_1_4' title="bbox 2147 441 3831 522">
     <span class='ocr_line' id='line_1_4' title="bbox 2147 441 3831 522; baseline 0.006 -26"><span class='ocrx_word' id='word_1_11' title='bbox 2147 503 2151 512; x_wconf 84' lang='lat'><em>_</em></span> <span class='ocrx_word' id='word_1_12' title='bbox 2182 441 2459 516; x_wconf 81' lang='lat' dir='ltr'><strong>exigeret.</strong></span> <span class='ocrx_word' id='word_1_13' title='bbox 2492 445 2580 502; x_wconf 85' lang='lat' dir='ltr'><strong>Ab</strong></span> <span class='ocrx_word' id='word_1_14' title='bbox 2607 464 2675 503; x_wconf 90' lang='lat' dir='ltr'><strong>eo</strong></span> <span class='ocrx_word' id='word_1_15' title='bbox 2706 448 3024 521; x_wconf 88' lang='lat' dir='ltr'><strong>prostituta</strong></span> <span class='ocrx_word' id='word_1_16' title='bbox 3053 464 3262 504; x_wconf 87' lang='lat' dir='ltr'><strong>omnes</strong></span> <span class='ocrx_word' id='word_1_17' title='bbox 3291 446 3365 505; x_wconf 88' lang='lat' dir='ltr'><strong>ad</strong></span> <span class='ocrx_word' id='word_1_18' title='bbox 3413 464 3495 503; x_wconf 58' lang='lat' dir='ltr'><strong>se»</strong></span> <span class='ocrx_word' id='word_1_19' title='bbox 3528 446 3831 522; x_wconf 77' lang='lat' dir='ltr'><strong>ingressos</strong></span> 
     </span>
    </p>
   </div>
   <div class='ocr_carea' id='block_1_5' title="bbox 425 525 2074 613">
    <p class='ocr_par' dir='ltr' id='par_1_5' title="bbox 425 525 2074 613">
     <span class='ocr_line' id='line_1_5' title="bbox 425 525 2074 613; baseline -0.006 -21"><span class='ocrx_word' id='word_1_20' title='bbox 425 534 812 613; x_wconf 82' lang='grc' dir='ltr'><strong>βουλομένοις·</strong></span> <span class='ocrx_word' id='word_1_21' title='bbox 846 537 934 589; x_wconf 84' lang='grc' dir='ltr'>καί</span> <span class='ocrx_word' id='word_1_22' title='bbox 965 532 1194 589; x_wconf 79' lang='grc' dir='ltr'>πολλῶν</span> <span class='ocrx_word' id='word_1_23' title='bbox 1238 532 1374 606; x_wconf 87' lang='grc' dir='ltr'>πρὸς</span> <span class='ocrx_word' id='word_1_24' title='bbox 1429 531 1597 599; x_wconf 65' lang='grc' dir='ltr'>αὐτὴν</span> <span class='ocrx_word' id='word_1_25' title='bbox 1659 525 2074 599; x_wconf 73' lang='grc' dir='ltr'>εἴσπηδώντων,</span> 
     </span>
    </p>
   </div>
   <div class='ocr_carea' id='block_1_6' title="bbox 419 612 2072 699">
    <p class='ocr_par' dir='ltr' id='par_1_6' title="bbox 419 612 2072 699">
     <span class='ocr_line' id='line_1_6' title="bbox 419 612 2072 699; baseline -0.007 -17"><span class='ocrx_word' id='word_1_26' title='bbox 419 612 623 689; x_wconf 80' lang='grc' dir='ltr'>πάντας</span> <span class='ocrx_word' id='word_1_27' title='bbox 657 623 1013 699; x_wconf 75' lang='grc' dir='ltr'><strong>ἀπεκρούετο,</strong></span> <span class='ocrx_word' id='word_1_28' title='bbox 1062 621 1513 698; x_wconf 79' lang='grc' dir='ltr'>προφασιζομένη</span> <span class='ocrx_word' id='word_1_29' title='bbox 1574 614 1734 680; x_wconf 79' lang='grc' dir='ltr'>ἕλκος</span> <span class='ocrx_word' id='word_1_30' title='bbox 1788 612 1936 693; x_wconf 81' lang='grc' dir='ltr'>ἔχειν</span> <span class='ocrx_word' id='word_1_31' title='bbox 1984 616 2072 671; x_wconf 80' lang='grc' dir='ltr'>ἐπὶ</span> 
     </span>
    </p>
   </div>
   <div class='ocr_carea' id='block_1_7' title="bbox 427 703 2070 790">
    <p class='ocr_par' dir='ltr' id='par_1_7' title="bbox 427 703 2070 790">
     <span class='ocr_line' id='line_1_7' title="bbox 427 703 2070 790; baseline -0.008 -18"><span class='ocrx_word' id='word_1_32' title='bbox 427 717 669 790; x_wconf 77' lang='grc' dir='ltr'><strong>κρυπτοῦ</strong></span> <span class='ocrx_word' id='word_1_33' title='bbox 699 716 875 769; x_wconf 82' lang='grc' dir='ltr'>τόπου</span> <span class='ocrx_word' id='word_1_34' title='bbox 904 714 995 769; x_wconf 87' lang='grc' dir='ltr'><strong>καὶ</strong></span> <span class='ocrx_word' id='word_1_35' title='bbox 1050 712 1248 768; x_wconf 81' lang='grc' dir='ltr'>τούτου</span> <span class='ocrx_word' id='word_1_36' title='bbox 1314 713 1412 781; x_wconf 72' lang='grc' dir='ltr'><strong>τήν</strong></span> <span class='ocrx_word' id='word_1_37' title='bbox 1474 706 1801 784; x_wconf 74' lang='grc' dir='ltr'>ἀπαλλαγὴν</span> <span class='ocrx_word' id='word_1_38' title='bbox 1860 703 2070 778; x_wconf 75' lang='grc' dir='ltr'>ἐκδέξα-</span> 
     </span>
    </p>
   </div>
   <div class='ocr_carea' id='block_1_8' title="bbox 429 794 2072 868">
    <p class='ocr_par' dir='ltr' id='par_1_8' title="bbox 429 794 2072 868">
     <span class='ocr_line' id='line_1_8' title="bbox 429 794 2072 868; baseline -0.007 -9"><span class='ocrx_word' id='word_1_39' title='bbox 429 815 570 868; x_wconf 87' lang='grc' dir='ltr'>σθαι.</span> <span class='ocrx_word' id='word_1_40' title='bbox 604 802 796 866; x_wconf 76' lang='grc' dir='ltr'>Οὕτως</span> <span class='ocrx_word' id='word_1_41' title='bbox 857 803 949 858; x_wconf 83' lang='grc' dir='ltr'>οὐν</span> <span class='ocrx_word' id='word_1_42' title='bbox 999 801 1224 864; x_wconf 78' lang='grc' dir='ltr'>τούτους</span> <span class='ocrx_word' id='word_1_43' title='bbox 1282 794 1739 855; x_wconf 76' lang='grc' dir='ltr'>ἀποϐουκαλοῦσα</span> <span class='ocrx_word' id='word_1_44' title='bbox 1794 796 1887 851; x_wconf 85' lang='grc' dir='ltr'>τὸν</span> <span class='ocrx_word' id='word_1_45' title='bbox 1946 794 2072 850; x_wconf 82' lang='grc' dir='ltr'>Θεὸν</span> 
     </span>
    </p>
   </div>
   <div class='ocr_carea' id='block_1_9' title="bbox 430 884 2068 968">
    <p class='ocr_par' dir='ltr' id='par_1_9' title="bbox 430 884 2068 968">
     <span class='ocr_line' id='line_1_9' title="bbox 430 884 2068 968; baseline -0.005 -19"><span class='ocrx_word' id='word_1_46' title='bbox 430 893 656 950; x_wconf 74' lang='grc' dir='ltr'>ἱκέτευεν</span> <span class='ocrx_word' id='word_1_47' title='bbox 709 891 939 949; x_wconf 79' lang='grc' dir='ltr'>ἃσπιλον</span> <span class='ocrx_word' id='word_1_48' title='bbox 994 894 1092 963; x_wconf 71' lang='grc' dir='ltr'>τὴν</span> <span class='ocrx_word' id='word_1_49' title='bbox 1149 892 1437 968; x_wconf 73' lang='grc' dir='ltr'>παρθενίαν</span> <span class='ocrx_word' id='word_1_50' title='bbox 1492 889 1661 959; x_wconf 74' lang='grc' dir='ltr'>αὐτῆς</span> <span class='ocrx_word' id='word_1_51' title='bbox 1722 884 2068 960; x_wconf 80' lang='grc' dir='ltr'>διαφυλάξαι.</span> 
     </span>
    </p>
   </div>
   <div class='ocr_carea' id='block_1_10' title="bbox 426 975 2071 1053">
    <p class='ocr_par' dir='ltr' id='par_1_10' title="bbox 426 975 2071 1053">
     <span class='ocr_line' id='line_1_10' title="bbox 426 975 2071 1053; baseline -0.007 -13"><span class='ocrx_word' id='word_1_52' title='bbox 426 984 531 1040; x_wconf 81' lang='grc' dir='ltr'>Καὶ</span> <span class='ocrx_word' id='word_1_53' title='bbox 565 981 631 1053; x_wconf 80' lang='grc' dir='ltr'>δὴ</span> <span class='ocrx_word' id='word_1_54' title='bbox 669 983 970 1053; x_wconf 74' lang='grc' dir='ltr'>ὑπήκουσεν</span> <span class='ocrx_word' id='word_1_55' title='bbox 1027 984 1196 1051; x_wconf 80' lang='grc' dir='ltr'>αὐτῆς</span> <span class='ocrx_word' id='word_1_56' title='bbox 1256 982 1283 1035; x_wconf 86' lang='grc' dir='ltr'><strong>ὁ</strong></span> <span class='ocrx_word' id='word_1_57' title='bbox 1342 980 1489 1044; x_wconf 87' lang='grc' dir='ltr'>Θεός.</span> <span class='ocrx_word' id='word_1_58' title='bbox 1549 978 1657 1035; x_wconf 84' lang='grc' dir='ltr'><strong>Καὶ</strong></span> <span class='ocrx_word' id='word_1_59' title='bbox 1710 975 1931 1053; x_wconf 73' lang='grc' dir='ltr'>’ἔρχεταί</span> <span class='ocrx_word' id='word_1_60' title='bbox 1989 995 2071 1036; x_wconf 90' lang='grc' dir='ltr'><strong>τις</strong></span> 
     </span>
    </p>
   </div>
   <div class='ocr_carea' id='block_1_11' title="bbox 423 1064 2063 1150">
    <p class='ocr_par' dir='ltr' id='par_1_11' title="bbox 423 1064 2063 1150">
     <span class='ocr_line' id='line_1_11' title="bbox 423 1064 2063 1150; baseline -0.007 -22"><span class='ocrx_word' id='word_1_61' title='bbox 423 1072 695 1135; x_wconf 80' lang='grc' dir='ltr'>νεανίσκος</span> <span class='ocrx_word' id='word_1_62' title='bbox 726 1075 1023 1150; x_wconf 73' lang='grc' dir='ltr'>περιφανὴς</span> <span class='ocrx_word' id='word_1_63' title='bbox 1080 1074 1170 1127; x_wconf 87' lang='grc' dir='ltr'><strong>καὶ</strong></span> <span class='ocrx_word' id='word_1_64' title='bbox 1231 1070 1351 1128; x_wconf 83' lang='grc' dir='ltr'>λίαν</span> <span class='ocrx_word' id='word_1_65' title='bbox 1406 1064 1632 1137; x_wconf 78' lang='grc' dir='ltr'>εὐσεϐὴς</span> <span class='ocrx_word' id='word_1_66' title='bbox 1690 1066 1915 1138; x_wconf 73' lang='grc' dir='ltr'>ἑσπέρας</span> <span class='ocrx_word' id='word_1_67' title='bbox 1969 1064 2063 1139; x_wconf 87' lang='grc' dir='ltr'><strong>βα-</strong></span> 
     </span>
    </p>
   </div>
   <div class='ocr_carea' id='block_1_12' title="bbox 423 1152 2063 1237">
    <p class='ocr_par' dir='ltr' id='par_1_12' title="bbox 423 1152 2063 1237">
     <span class='ocr_line' id='line_1_12' title="bbox 423 1152 2063 1237; baseline -0.008 -19"><span class='ocrx_word' id='word_1_68' title='bbox 423 1162 569 1225; x_wconf 81' lang='grc' dir='ltr'>θείας</span> <span class='ocrx_word' id='word_1_69' title='bbox 604 1163 740 1236; x_wconf 83' lang='grc' dir='ltr'>πρὸς</span> <span class='ocrx_word' id='word_1_70' title='bbox 770 1163 863 1218; x_wconf 87' lang='grc' dir='ltr'>τὸν</span> <span class='ocrx_word' id='word_1_71' title='bbox 895 1156 1298 1237; x_wconf 72' lang='grc' dir='ltr'>πορνοϐοσκὸν,</span> <span class='ocrx_word' id='word_1_72' title='bbox 1330 1158 1418 1215; x_wconf 81' lang='grc' dir='ltr'><strong>καὶ</strong></span> <span class='ocrx_word' id='word_1_73' title='bbox 1452 1155 1671 1215; x_wconf 87' lang='grc' dir='ltr'>δίδωσιν</span> <span class='ocrx_word' id='word_1_74' title='bbox 1704 1156 1854 1228; x_wconf 76' lang='grc' dir='ltr'>αὐτῷ</span> <span class='ocrx_word' id='word_1_75' title='bbox 1904 1152 2063 1226; x_wconf 83' lang='grc' dir='ltr'>νομί-</span> 
     </span>
    </p>
   </div>
   <div class='ocr_carea' id='block_1_13' title="bbox 424 1245 2060 1327">
    <p class='ocr_par' dir='ltr' id='par_1_13' title="bbox 424 1245 2060 1327">
     <span class='ocr_line' id='line_1_13' title="bbox 424 1245 2060 1327; baseline -0.006 -21"><span class='ocrx_word' id='word_1_76' title='bbox 424 1273 605 1323; x_wconf 82' lang='grc' dir='ltr'>σματα</span> <span class='ocrx_word' id='word_1_77' title='bbox 632 1252 813 1321; x_wconf 81' lang='grc' dir='ltr'>πέντε,</span> <span class='ocrx_word' id='word_1_78' title='bbox 843 1250 1017 1327; x_wconf 86' lang='grc' dir='ltr'>λέγων</span> <span class='ocrx_word' id='word_1_79' title='bbox 1048 1249 1243 1307; x_wconf 87' lang='grc' dir='ltr'>Ἒασόν</span> <span class='ocrx_word' id='word_1_80' title='bbox 1278 1271 1368 1322; x_wconf 90' lang='grc' dir='ltr'><strong>μοι</strong></span> <span class='ocrx_word' id='word_1_81' title='bbox 1394 1248 1595 1318; x_wconf 83' lang='grc' dir='ltr'>ταύτην</span> <span class='ocrx_word' id='word_1_82' title='bbox 1652 1246 1753 1315; x_wconf 69' lang='grc' dir='ltr'><strong>τὴν</strong></span> <span class='ocrx_word' id='word_1_83' title='bbox 1797 1245 2060 1317; x_wconf 82' lang='grc' dir='ltr'>κόρην....</span> 
     </span>
    </p>
   </div>
   <div class='ocr_carea' id='block_1_14' title="bbox 415 1332 2060 1415">
    <p class='ocr_par' dir='ltr' id='par_1_14' title="bbox 415 1332 2060 1415">
     <span class='ocr_line' id='line_1_14' title="bbox 415 1332 2060 1415; baseline -0.005 -20"><span class='ocrx_word' id='word_1_84' title='bbox 415 1342 487 1395; x_wconf 78' lang='grc' dir='ltr'><strong>τά</strong></span> <span class='ocrx_word' id='word_1_85' title='bbox 543 1341 735 1415; x_wconf 81' lang='grc' dir='ltr'>ἱμάτια</span> <span class='ocrx_word' id='word_1_86' title='bbox 792 1340 977 1410; x_wconf 79' lang='grc' dir='ltr'>αὐτοῦ,</span> <span class='ocrx_word' id='word_1_87' title='bbox 1056 1341 1146 1395; x_wconf 83' lang='grc' dir='ltr'><strong>καὶ</strong></span> <span class='ocrx_word' id='word_1_88' title='bbox 1231 1336 1607 1414; x_wconf 75' lang='grc' dir='ltr'>περικαλύψας</span> <span class='ocrx_word' id='word_1_89' title='bbox 1664 1338 1764 1406; x_wconf 75' lang='grc' dir='ltr'>τὴν</span> <span class='ocrx_word' id='word_1_90' title='bbox 1820 1332 2060 1411; x_wconf 68' lang='grc' dir='ltr'>κεφαλήν</span> 
     </span>
    </p>
   </div>
   <div class='ocr_carea' id='block_1_15' title="bbox 410 1423 2058 1508">
    <p class='ocr_par' dir='ltr' id='par_1_15' title="bbox 410 1423 2058 1508">
     <span class='ocr_line' id='line_1_15' title="bbox 410 1423 2058 1508; baseline -0.005 -23"><span class='ocrx_word' id='word_1_91' title='bbox 410 1429 581 1498; x_wconf 78' lang='grc' dir='ltr'>αὐτῆς</span> <span class='ocrx_word' id='word_1_92' title='bbox 665 1430 955 1503; x_wconf 74' lang='grc' dir='ltr'><strong>ἐξέπεμψεν</strong></span> <span class='ocrx_word' id='word_1_93' title='bbox 1042 1429 1210 1499; x_wconf 72' lang='grc' dir='ltr'>αύτήν</span> <span class='ocrx_word' id='word_1_94' title='bbox 1299 1425 1534 1508; x_wconf 81' lang='grc' dir='ltr'>ἃφθορον</span> <span class='ocrx_word' id='word_1_95' title='bbox 1621 1426 1711 1481; x_wconf 86' lang='grc' dir='ltr'>καὶ</span> <span class='ocrx_word' id='word_1_96' title='bbox 1769 1423 2058 1502; x_wconf 79' lang='grc' dir='ltr'>ἀνέπαφον.</span> 
     </span>
    </p>
   </div>
   <div class='ocr_carea' id='block_1_16' title="bbox 408 1514 2059 1593">
    <p class='ocr_par' dir='ltr' id='par_1_16' title="bbox 408 1514 2059 1593">
     <span class='ocr_line' id='line_1_16' title="bbox 408 1514 2059 1593; baseline -0.006 -17"><span class='ocrx_word' id='word_1_97' title='bbox 408 1516 647 1593; x_wconf 77' lang='grc' dir='ltr'>Ἡμέρας</span> <span class='ocrx_word' id='word_1_98' title='bbox 680 1515 738 1573; x_wconf 77' lang='grc' dir='ltr'>δὲ</span> <span class='ocrx_word' id='word_1_99' title='bbox 766 1518 1065 1593; x_wconf 73' lang='grc' dir='ltr'>γενομένης</span> <span class='ocrx_word' id='word_1_100' title='bbox 1104 1517 1195 1573; x_wconf 79' lang='grc' dir='ltr'><strong>καὶ</strong></span> <span class='ocrx_word' id='word_1_101' title='bbox 1245 1522 1345 1574; x_wconf 89' lang='grc' dir='ltr'><strong>τοῦ</strong></span> <span class='ocrx_word' id='word_1_102' title='bbox 1404 1515 1680 1591; x_wconf 81' lang='grc' dir='ltr'>δράματος</span> <span class='ocrx_word' id='word_1_103' title='bbox 1729 1514 2059 1590; x_wconf 72' lang='grc' dir='ltr'>γνωσθέντος</span> 
     </span>
    </p>
   </div>
   <div class='ocr_carea' id='block_1_17' title="bbox 409 1601 2057 1683">
    <p class='ocr_par' dir='ltr' id='par_1_17' title="bbox 409 1601 2057 1683">
     <span class='ocr_line' id='line_1_17' title="bbox 409 1601 2057 1683; baseline -0.005 -20"><span class='ocrx_word' id='word_1_104' title='bbox 409 1607 596 1683; x_wconf 79' lang='grc' dir='ltr'><strong>ἐκρίθη</strong></span> <span class='ocrx_word' id='word_1_105' title='bbox 630 1610 657 1663; x_wconf 88' lang='grc' dir='ltr'>ὁ</span> <span class='ocrx_word' id='word_1_106' title='bbox 688 1606 894 1670; x_wconf 75' lang='grc' dir='ltr'>νεανίας</span> <span class='ocrx_word' id='word_1_107' title='bbox 946 1608 1314 1683; x_wconf 77' lang='grc' dir='ltr'>ἀναιρεθῆναι,</span> <span class='ocrx_word' id='word_1_108' title='bbox 1366 1606 1457 1662; x_wconf 85' lang='grc' dir='ltr'><strong>καὶ</strong></span> <span class='ocrx_word' id='word_1_109' title='bbox 1512 1603 1708 1661; x_wconf 89' lang='grc' dir='ltr'>τούτου</span> <span class='ocrx_word' id='word_1_110' title='bbox 1764 1601 2057 1678; x_wconf 70' lang='grc' dir='ltr'>γενομένου</span> 
     </span>
    </p>
   </div>
   <div class='ocr_carea' id='block_1_18' title="bbox 2186 535 3831 610">
    <p class='ocr_par' dir='ltr' id='par_1_18' title="bbox 2186 535 3831 610">
     <span class='ocr_line' id='line_1_18' title="bbox 2186 535 3831 610; baseline 0.005 -23"><span class='ocrx_word' id='word_1_111' title='bbox 2186 535 2414 601; x_wconf 79' lang='lat' dir='ltr'><strong>avertit,</strong></span> <span class='ocrx_word' id='word_1_112' title='bbox 2458 535 2628 592; x_wconf 86' lang='lat' dir='ltr'><strong>ulcus</strong></span> <span class='ocrx_word' id='word_1_113' title='bbox 2685 537 2797 592; x_wconf 86' lang='lat' dir='ltr'><strong>sibi</strong></span> <span class='ocrx_word' id='word_1_114' title='bbox 2855 554 2983 593; x_wconf 87' lang='lat' dir='ltr'><strong>esse</strong></span> <span class='ocrx_word' id='word_1_115' title='bbox 3038 544 3264 592; x_wconf 89' lang='lat' dir='ltr'><strong>secreto</strong></span> <span class='ocrx_word' id='word_1_116' title='bbox 3323 538 3452 593; x_wconf 89' lang='lat' dir='ltr'><strong>loco</strong></span> <span class='ocrx_word' id='word_1_117' title='bbox 3513 540 3831 610; x_wconf 87' lang='lat' dir='ltr'><strong>mentiens,</strong></span> 
     </span>
    </p>
   </div>
   <div class='ocr_carea' id='block_1_19' title="bbox 2183 625 3831 700">
    <p class='ocr_par' dir='ltr' id='par_1_19' title="bbox 2183 625 3831 700">
     <span class='ocr_line' id='line_1_19' title="bbox 2183 625 3831 700; baseline 0.005 -24"><span class='ocrx_word' id='word_1_118' title='bbox 2183 626 2364 692; x_wconf 88' lang='lat' dir='ltr'><strong>utque</strong></span> <span class='ocrx_word' id='word_1_119' title='bbox 2394 625 2521 697; x_wconf 79' lang='lat' dir='ltr'><strong>ejus</strong></span> <span class='ocrx_word' id='word_1_120' title='bbox 2546 627 2913 682; x_wconf 78' lang='lat' dir='ltr'><strong>sanationem</strong></span> <span class='ocrx_word' id='word_1_121' title='bbox 2938 632 3353 700; x_wconf 79' lang='lat' dir='ltr'><strong>exspectarent</strong></span> <span class='ocrx_word' id='word_1_122' title='bbox 3372 643 3562 682; x_wconf 89' lang='lat' dir='ltr'><strong>orans.</strong></span> <span class='ocrx_word' id='word_1_123' title='bbox 3619 629 3719 683; x_wconf 89' lang='lat' dir='ltr'><strong>His</strong></span> <span class='ocrx_word' id='word_1_124' title='bbox 3748 630 3831 685; x_wconf 86' lang='lat' dir='ltr'><strong>ita</strong></span> 
     </span>
    </p>
   </div>
   <div class='ocr_carea' id='block_1_20' title="bbox 2183 710 3828 790">
    <p class='ocr_par' dir='ltr' id='par_1_20' title="bbox 2183 710 3828 790">
     <span class='ocr_line' id='line_1_20' title="bbox 2183 710 3828 790; baseline 0.005 -24"><span class='ocrx_word' id='word_1_125' title='bbox 2183 710 2468 784; x_wconf 86' lang='lat' dir='ltr'><strong>deceptis,</strong></span> <span class='ocrx_word' id='word_1_126' title='bbox 2501 717 2686 772; x_wconf 72' lang='lat' dir='ltr'><strong>Deum</strong></span> <span class='ocrx_word' id='word_1_127' title='bbox 2718 724 2955 789; x_wconf 82' lang='lat' dir='ltr'><strong>precata</strong></span> <span class='ocrx_word' id='word_1_128' title='bbox 2986 723 3076 774; x_wconf 90' lang='lat' dir='ltr'><strong>est</strong></span> <span class='ocrx_word' id='word_1_129' title='bbox 3103 722 3170 773; x_wconf 89' lang='lat' dir='ltr'><strong>ut</strong></span> <span class='ocrx_word' id='word_1_130' title='bbox 3213 734 3382 773; x_wconf 88' lang='lat' dir='ltr'><strong>suam</strong></span> <span class='ocrx_word' id='word_1_131' title='bbox 3432 718 3828 790; x_wconf 81' lang='lat' dir='ltr'><strong>virginitatem</strong></span> 
     </span>
    </p>
   </div>
   <div class='ocr_carea' id='block_1_21' title="bbox 2184 800 3827 878">
    <p class='ocr_par' dir='ltr' id='par_1_21' title="bbox 2184 800 3827 878">
     <span class='ocr_line' id='line_1_21' title="bbox 2184 800 3827 878; baseline 0.005 -23"><span class='ocrx_word' id='word_1_132' title='bbox 2184 800 2558 873; x_wconf 84' lang='lat' dir='ltr'><strong>impollutam</strong></span> <span class='ocrx_word' id='word_1_133' title='bbox 2590 806 2701 860; x_wconf 89' lang='lat' dir='ltr'><strong>sibi</strong></span> <span class='ocrx_word' id='word_1_134' title='bbox 2734 813 3013 864; x_wconf 84' lang='lat' dir='ltr'><strong>servaret.</strong></span> <span class='ocrx_word' id='word_1_135' title='bbox 3074 809 3292 878; x_wconf 80' lang='lat' dir='ltr'><strong>Estque</strong></span> <span class='ocrx_word' id='word_1_136' title='bbox 3336 806 3408 862; x_wconf 89' lang='lat' dir='ltr'><strong>ab</strong></span> <span class='ocrx_word' id='word_1_137' title='bbox 3459 822 3527 861; x_wconf 92' lang='lat' dir='ltr'><strong>eo</strong></span> <span class='ocrx_word' id='word_1_138' title='bbox 3572 807 3661 862; x_wconf 90' lang='lat' dir='ltr'><strong>sui</strong></span> <span class='ocrx_word' id='word_1_139' title='bbox 3711 808 3827 863; x_wconf 88' lang='lat' dir='ltr'><strong>voti</strong></span> 
     </span>
    </p>
   </div>
   <div class='ocr_carea' id='block_1_22' title="bbox 2182 893 3822 966">
    <p class='ocr_par' dir='ltr' id='par_1_22' title="bbox 2182 893 3822 966">
     <span class='ocr_line' id='line_1_22' title="bbox 2182 893 3822 966; baseline 0.004 -21"><span class='ocrx_word' id='word_1_140' title='bbox 2182 906 2424 963; x_wconf 89' lang='lat' dir='ltr'><strong>compos</strong></span> <span class='ocrx_word' id='word_1_141' title='bbox 2453 893 2607 950; x_wconf 86' lang='lat' dir='ltr'><strong>facta</strong></span> <span class='ocrx_word' id='word_1_142' title='bbox 2635 912 2649 950; x_wconf 90' lang='lat'><strong>:</strong></span> <span class='ocrx_word' id='word_1_143' title='bbox 2682 913 2821 951; x_wconf 89' lang='lat' dir='ltr'><strong>nam</strong></span> <span class='ocrx_word' id='word_1_144' title='bbox 2852 896 2970 951; x_wconf 89' lang='lat' dir='ltr'><strong>alta</strong></span> <span class='ocrx_word' id='word_1_145' title='bbox 3000 902 3171 952; x_wconf 90' lang='lat' dir='ltr'><strong>nocte</strong></span> <span class='ocrx_word' id='word_1_146' title='bbox 3202 896 3548 951; x_wconf 82' lang='lat' dir='ltr'><strong>adolescens</strong></span> <span class='ocrx_word' id='word_1_147' title='bbox 3580 896 3822 966; x_wconf 88' lang='lat' dir='ltr'><strong>quidam</strong></span> 
     </span>
    </p>
   </div>
   <div class='ocr_carea' id='block_1_23' title="bbox 2179 978 3822 1058">
    <p class='ocr_par' dir='ltr' id='par_1_23' title="bbox 2179 978 3822 1058">
     <span class='ocr_line' id='line_1_23' title="bbox 2179 978 3822 1058; baseline 0.004 -25"><span class='ocrx_word' id='word_1_148' title='bbox 2179 978 2428 1036; x_wconf 87' lang='lat' dir='ltr'><strong>illustris</strong></span> <span class='ocrx_word' id='word_1_149' title='bbox 2459 988 2636 1054; x_wconf 87' lang='lat' dir='ltr'><strong>atque</strong></span> <span class='ocrx_word' id='word_1_150' title='bbox 2656 985 2976 1040; x_wconf 88' lang='lat' dir='ltr'><strong>admodum</strong></span> <span class='ocrx_word' id='word_1_151' title='bbox 3004 986 3135 1058; x_wconf 89' lang='lat' dir='ltr'><strong>pius</strong></span> <span class='ocrx_word' id='word_1_152' title='bbox 3160 985 3234 1040; x_wconf 89' lang='lat' dir='ltr'><strong>ad</strong></span> <span class='ocrx_word' id='word_1_153' title='bbox 3251 985 3527 1040; x_wconf 88' lang='lat' dir='ltr'><strong>lenonem</strong></span> <span class='ocrx_word' id='word_1_154' title='bbox 3548 986 3822 1055; x_wconf 89' lang='lat' dir='ltr'><strong>accessit,</strong></span> 
     </span>
    </p>
   </div>
   <div class='ocr_carea' id='block_1_24' title="bbox 2178 1069 3820 1146">
    <p class='ocr_par' dir='ltr' id='par_1_24' title="bbox 2178 1069 3820 1146">
     <span class='ocr_line' id='line_1_24' title="bbox 2178 1069 3820 1146; baseline 0.003 -22"><span class='ocrx_word' id='word_1_155' title='bbox 2178 1069 2351 1141; x_wconf 87' lang='lat' dir='ltr'><strong>eique</strong></span> <span class='ocrx_word' id='word_1_156' title='bbox 2381 1071 2545 1127; x_wconf 90' lang='lat' dir='ltr'><strong>dedit</strong></span> <span class='ocrx_word' id='word_1_157' title='bbox 2575 1075 2838 1146; x_wconf 90' lang='lat' dir='ltr'><strong>quinque</strong></span> <span class='ocrx_word' id='word_1_158' title='bbox 2870 1091 3166 1140; x_wconf 85' lang='lat' dir='ltr'><strong>nummos,</strong></span> <span class='ocrx_word' id='word_1_159' title='bbox 3202 1080 3267 1129; x_wconf 92' lang='lat' dir='ltr'><strong>ut</strong></span> <span class='ocrx_word' id='word_1_160' title='bbox 3293 1075 3367 1129; x_wconf 91' lang='lat' dir='ltr'><strong>ad</strong></span> <span class='ocrx_word' id='word_1_161' title='bbox 3386 1074 3644 1146; x_wconf 86' lang='lat' dir='ltr'><strong>puellam</strong></span> <span class='ocrx_word' id='word_1_162' title='bbox 3669 1075 3820 1129; x_wconf 89' lang='lat' dir='ltr'><strong>hanc</strong></span> 
     </span>
    </p>
   </div>
   <div class='ocr_carea' id='block_1_25' title="bbox 2176 1158 3817 1235">
    <p class='ocr_par' dir='ltr' id='par_1_25' title="bbox 2176 1158 3817 1235">
     <span class='ocr_line' id='line_1_25' title="bbox 2176 1158 3817 1235; baseline 0.004 -22"><span class='ocrx_word' id='word_1_163' title='bbox 2176 1158 2590 1217; x_wconf 86' lang='lat' dir='ltr'><strong>admitteretur</strong></span> <span class='ocrx_word' id='word_1_164' title='bbox 2632 1204 2644 1217; x_wconf 94' lang='lat'><strong>.</strong></span> <span class='ocrx_word' id='word_1_165' title='bbox 2690 1204 2702 1217; x_wconf 94' lang='lat'><strong>.</strong></span> <span class='ocrx_word' id='word_1_166' title='bbox 2749 1204 2762 1216; x_wconf 93' lang='lat'><strong>.</strong></span> <span class='ocrx_word' id='word_1_167' title='bbox 2821 1168 3013 1218; x_wconf 86' lang='lat' dir='ltr'><strong>vestes</strong></span> <span class='ocrx_word' id='word_1_168' title='bbox 3071 1164 3220 1235; x_wconf 80' lang='lat' dir='ltr'><strong>ejus,</strong></span> <span class='ocrx_word' id='word_1_169' title='bbox 3272 1164 3580 1234; x_wconf 88' lang='lat' dir='ltr'><strong>capiteque</strong></span> <span class='ocrx_word' id='word_1_170' title='bbox 3632 1164 3817 1219; x_wconf 87' lang='lat' dir='ltr'><strong>velato</strong></span> 
     </span>
    </p>
   </div>
   <div class='ocr_carea' id='block_1_26' title="bbox 2174 1248 3815 1323">
    <p class='ocr_par' dir='ltr' id='par_1_26' title="bbox 2174 1248 3815 1323">
     <span class='ocr_line' id='line_1_26' title="bbox 2174 1248 3815 1323; baseline 0.001 -20"><span class='ocrx_word' id='word_1_171' title='bbox 2174 1248 2460 1305; x_wconf 89' lang='lat' dir='ltr'><strong>intactam</strong></span> <span class='ocrx_word' id='word_1_172' title='bbox 2491 1251 2734 1310; x_wconf 90' lang='lat' dir='ltr'><strong>dimisit.</strong></span> <span class='ocrx_word' id='word_1_173' title='bbox 2769 1253 2946 1308; x_wconf 87' lang='lat' dir='ltr'><strong>Facta</strong></span> <span class='ocrx_word' id='word_1_174' title='bbox 2974 1252 3105 1307; x_wconf 88' lang='lat' dir='ltr'><strong>luce</strong></span> <span class='ocrx_word' id='word_1_175' title='bbox 3137 1270 3230 1308; x_wconf 92' lang='lat' dir='ltr'><strong>res</strong></span> <span class='ocrx_word' id='word_1_176' title='bbox 3288 1252 3660 1323; x_wconf 88' lang='lat' dir='ltr'><strong>deprehensa</strong></span> <span class='ocrx_word' id='word_1_177' title='bbox 3708 1258 3815 1319; x_wconf 89' lang='lat' dir='ltr'><strong>est,</strong></span> 
     </span>
    </p>
   </div>
   <div class='ocr_carea' id='block_1_27' title="bbox 2174 1339 3816 1412">
    <p class='ocr_par' dir='ltr' id='par_1_27' title="bbox 2174 1339 3816 1412">
     <span class='ocr_line' id='line_1_27' title="bbox 2174 1339 3816 1412; baseline 0.001 -18"><span class='ocrx_word' id='word_1_178' title='bbox 2174 1344 2231 1394; x_wconf 88' lang='lat' dir='ltr'><strong>et</strong></span> <span class='ocrx_word' id='word_1_179' title='bbox 2289 1339 2638 1396; x_wconf 87' lang='lat' dir='ltr'><strong>adolescens</strong></span> <span class='ocrx_word' id='word_1_180' title='bbox 2694 1348 2884 1398; x_wconf 86' lang='lat' dir='ltr'><strong>morte</strong></span> <span class='ocrx_word' id='word_1_181' title='bbox 2941 1342 3247 1397; x_wconf 89' lang='lat' dir='ltr'><strong>multatus.</strong></span> <span class='ocrx_word' id='word_1_182' title='bbox 3305 1343 3478 1412; x_wconf 90' lang='lat' dir='ltr'><strong>Isque</strong></span> <span class='ocrx_word' id='word_1_183' title='bbox 3537 1358 3604 1396; x_wconf 91' lang='lat' dir='ltr'><strong>eo</strong></span> <span class='ocrx_word' id='word_1_184' title='bbox 3662 1342 3816 1397; x_wconf 87' lang='lat' dir='ltr'><strong>facto</strong></span> 
     </span>
    </p>
   </div>
   <div class='ocr_carea' id='block_1_28' title="bbox 2171 1427 3815 1504">
    <p class='ocr_par' dir='ltr' id='par_1_28' title="bbox 2171 1427 3815 1504">
     <span class='ocr_line' id='line_1_28' title="bbox 2171 1427 3815 1504; baseline 0.002 -23"><span class='ocrx_word' id='word_1_185' title='bbox 2171 1427 2440 1499; x_wconf 88' lang='lat' dir='ltr'><strong>implevit</strong></span> <span class='ocrx_word' id='word_1_186' title='bbox 2468 1429 2731 1486; x_wconf 89' lang='lat' dir='ltr'><strong>divinum</strong></span> <span class='ocrx_word' id='word_1_187' title='bbox 2756 1430 3063 1487; x_wconf 88' lang='lat' dir='ltr'><strong>oraculum</strong></span> <span class='ocrx_word' id='word_1_188' title='bbox 3094 1430 3245 1486; x_wconf 92' lang='lat' dir='ltr'><strong>illud</strong></span> <span class='ocrx_word' id='word_1_189' title='bbox 3270 1448 3282 1486; x_wconf 89' lang='lat'>:</span> <span class='ocrx_word' id='word_1_190' title='bbox 3308 1431 3589 1504; x_wconf 81' lang='lat' dir='ltr'><strong>Majorem</strong></span> <span class='ocrx_word' id='word_1_191' title='bbox 3612 1430 3815 1486; x_wconf 88' lang='lat' dir='ltr'><strong>chari-</strong></span> 
     </span>
    </p>
   </div>
   <div class='ocr_carea' id='block_1_29' title="bbox 2171 1518 3814 1591">
    <p class='ocr_par' dir='ltr' id='par_1_29' title="bbox 2171 1518 3814 1591">
     <span class='ocr_line' id='line_1_29' title="bbox 2171 1518 3814 1591; baseline 0.002 -20"><span class='ocrx_word' id='word_1_192' title='bbox 2171 1518 2353 1571; x_wconf 84' lang='lat' dir='ltr'><strong>tatem</strong></span> <span class='ocrx_word' id='word_1_193' title='bbox 2382 1533 2557 1573; x_wconf 91' lang='lat' dir='ltr'><strong>nemo</strong></span> <span class='ocrx_word' id='word_1_194' title='bbox 2588 1524 2783 1590; x_wconf 88' lang='lat' dir='ltr'><strong>potest</strong></span> <span class='ocrx_word' id='word_1_195' title='bbox 2813 1525 3095 1591; x_wconf 66' lang='lat' dir='ltr'><strong>praestare</strong></span> <span class='ocrx_word' id='word_1_196' title='bbox 3129 1536 3307 1591; x_wconf 88' lang='lat' dir='ltr'><strong>quam</strong></span> <span class='ocrx_word' id='word_1_197' title='bbox 3366 1524 3433 1574; x_wconf 91' lang='lat' dir='ltr'><strong>ut</strong></span> <span class='ocrx_word' id='word_1_198' title='bbox 3479 1519 3655 1574; x_wconf 88' lang='lat' dir='ltr'><strong>vitam</strong></span> <span class='ocrx_word' id='word_1_199' title='bbox 3709 1535 3814 1589; x_wconf 90' lang='lat' dir='ltr'><strong>pro</strong></span> 
     </span>
    </p>
   </div>
   <div class='ocr_carea' id='block_1_30' title="bbox 2166 1605 2803 1678">
    <p class='ocr_par' dir='ltr' id='par_1_30' title="bbox 2166 1605 2803 1678">
     <span class='ocr_line' id='line_1_30' title="bbox 2166 1605 2803 1678; baseline 0.008 -19"><span class='ocrx_word' id='word_1_200' title='bbox 2166 1605 2373 1660; x_wconf 88' lang='lat' dir='ltr'><strong>amicis</strong></span> <span class='ocrx_word' id='word_1_201' title='bbox 2403 1605 2710 1678; x_wconf 90' lang='lat' dir='ltr'><strong>impendat</strong></span> <span class='ocrx_word' id='word_1_202' title='bbox 2736 1606 2803 1663; x_wconf 80' lang='grc'><strong>⁸³.</strong></span> 
     </span>
    </p>
   </div>
   <div class='ocr_carea' id='block_1_31' title="bbox 407 1691 3812 1773">
    <p class='ocr_par' dir='ltr' id='par_1_31' title="bbox 407 1691 3812 1773">
     <span class='ocr_line' id='line_1_31' title="bbox 407 1691 3812 1773; baseline 0 -21"><span class='ocrx_word' id='word_1_203' title='bbox 407 1696 701 1773; x_wconf 72' lang='grc' dir='ltr'>ἐπλήρωσε</span> <span class='ocrx_word' id='word_1_204' title='bbox 727 1698 790 1753; x_wconf 88' lang='grc' dir='ltr'>τὸ</span> <span class='ocrx_word' id='word_1_205' title='bbox 822 1698 1086 1773; x_wconf 86' lang='grc' dir='ltr'>Κυριακὸν</span> <span class='ocrx_word' id='word_1_206' title='bbox 1140 1695 1328 1772; x_wconf 87' lang='grc' dir='ltr'>λόγιον</span> <span class='ocrx_word' id='word_1_207' title='bbox 1359 1696 1421 1751; x_wconf 90' lang='grc' dir='ltr'>τὸ</span> <span class='ocrx_word' id='word_1_208' title='bbox 1448 1695 1673 1773; x_wconf 71' lang='grc' dir='ltr'>φάσκον·</span> <span class='ocrx_word' id='word_1_209' title='bbox 1724 1693 1959 1762; x_wconf 62' lang='grc' dir='ltr'>Μείζονα</span> <span class='ocrx_word' id='word_1_210' title='bbox 2004 1703 2208 1762; x_wconf 79' lang='grc' dir='ltr'>ταύτης</span> <span class='ocrx_word' id='word_1_211' title='bbox 2267 1691 2479 1766; x_wconf 77' lang='grc' dir='ltr'>ὰγάπην</span> <span class='ocrx_word' id='word_1_212' title='bbox 2536 1692 2711 1759; x_wconf 81' lang='grc' dir='ltr'>οὐδεὶς</span> <span class='ocrx_word' id='word_1_213' title='bbox 2748 1693 2910 1772; x_wconf 60' lang='grc' dir='ltr'>ἔχει,</span> <span class='ocrx_word' id='word_1_214' title='bbox 2961 1696 3047 1750; x_wconf 83' lang='grc' dir='ltr'>ἳνα</span> <span class='ocrx_word' id='word_1_215' title='bbox 3105 1717 3189 1755; x_wconf 81' lang='grc' dir='ltr'><strong>τις</strong></span> <span class='ocrx_word' id='word_1_216' title='bbox 3246 1697 3342 1765; x_wconf 78' lang='grc' dir='ltr'>τήν</span> <span class='ocrx_word' id='word_1_217' title='bbox 3402 1697 3586 1771; x_wconf 73' lang='grc' dir='ltr'>ψυχήν</span> <span class='ocrx_word' id='word_1_218' title='bbox 3647 1695 3812 1752; x_wconf 70' lang='grc' dir='ltr'>αὐτοῦ</span> 
     </span>
    </p>
   </div>
   <div class='ocr_carea' id='block_1_32' title="bbox 408 1786 1212 1864">
    <p class='ocr_par' dir='ltr' id='par_1_32' title="bbox 408 1786 1212 1864">
     <span class='ocr_line' id='line_1_32' title="bbox 408 1786 1212 1864; baseline 0.005 -24"><span class='ocrx_word' id='word_1_219' title='bbox 408 1791 477 1861; x_wconf 78' lang='grc' dir='ltr'><strong>θῇ</strong></span> <span class='ocrx_word' id='word_1_220' title='bbox 510 1786 641 1853; x_wconf 75' lang='grc' dir='ltr'>ὑπὲρ</span> <span class='ocrx_word' id='word_1_221' title='bbox 671 1792 778 1842; x_wconf 68' lang='grc' dir='ltr'><strong>τῶν</strong></span> <span class='ocrx_word' id='word_1_222' title='bbox 813 1787 991 1864; x_wconf 85' lang='grc' dir='ltr'>φίλων</span> <span class='ocrx_word' id='word_1_223' title='bbox 1023 1786 1212 1844; x_wconf 80' lang='grc' dir='ltr'>αὐτοῦ.</span> 
     </span>
    </p>
   </div>
   <div class='ocr_carea' id='block_1_33' title="bbox 473 1871 2037 1951">
    <p class='ocr_par' dir='ltr' id='par_1_33' title="bbox 473 1871 2037 1951">
     <span class='ocr_line' id='line_1_33' title="bbox 473 1871 2037 1951; baseline -0.006 -18"><span class='ocrx_word' id='word_1_224' title='bbox 473 1873 714 1947; x_wconf 86' lang='grc' dir='ltr'>Ὁμοίως</span> <span class='ocrx_word' id='word_1_225' title='bbox 771 1876 859 1930; x_wconf 83' lang='grc' dir='ltr'><strong>καὶ</strong></span> <span class='ocrx_word' id='word_1_226' title='bbox 947 1872 1133 1951; x_wconf 75' lang='grc' dir='ltr'>ἑτέρου</span> <span class='ocrx_word' id='word_1_227' title='bbox 1217 1874 1543 1949; x_wconf 81' lang='grc' dir='ltr'>μονάζοντος</span> <span class='ocrx_word' id='word_1_228' title='bbox 1624 1871 2037 1947; x_wconf 74' lang='grc' dir='ltr'>κατασχεθέντο.</span> 
     </span>
    </p>
   </div>
   <div class='ocr_carea' id='block_1_34' title="bbox 2147 1871 3810 1951">
    <p class='ocr_par' dir='ltr' id='par_1_34' title="bbox 2235 1873 3810 1947">
     <span class='ocr_line' id='line_1_34' title="bbox 2235 1873 3810 1947; baseline 0.003 -18"><span class='ocrx_word' id='word_1_229' title='bbox 2235 1873 2380 1930; x_wconf 73' lang='lat'><strong>407</strong></span> <span class='ocrx_word' id='word_1_230' title='bbox 2419 1873 2586 1931; x_wconf 85' lang='lat' dir='ltr'><strong>Alius</strong></span> <span class='ocrx_word' id='word_1_231' title='bbox 2615 1877 2943 1932; x_wconf 86' lang='lat' dir='ltr'><strong>monachus</strong></span> <span class='ocrx_word' id='word_1_232' title='bbox 2983 1876 3056 1932; x_wconf 91' lang='lat' dir='ltr'><strong>ab</strong></span> <span class='ocrx_word' id='word_1_233' title='bbox 3090 1876 3290 1947; x_wconf 88' lang='lat' dir='ltr'><strong>impiis</strong></span> <span class='ocrx_word' id='word_1_234' title='bbox 3313 1881 3641 1947; x_wconf 88' lang='lat' dir='ltr'><strong>correptus,</strong></span> <span class='ocrx_word' id='word_1_235' title='bbox 3674 1893 3810 1933; x_wconf 89' lang='lat' dir='ltr'><strong>cum</strong></span> 
     </span>
    </p>
   </div>
   <div class='ocr_carea' id='block_1_35' title="bbox 414 1961 2055 2039">
    <p class='ocr_par' dir='ltr' id='par_1_35' title="bbox 414 1961 2055 2039">
     <span class='ocr_line' id='line_1_35' title="bbox 414 1961 2055 2039; baseline -0.001 -21"><span class='ocrx_word' id='word_1_236' title='bbox 414 1963 518 2020; x_wconf 71' lang='grc' dir='ltr'>υπὸ</span> <span class='ocrx_word' id='word_1_237' title='bbox 546 1968 654 2019; x_wconf 90' lang='grc' dir='ltr'><strong>τῶν</strong></span> <span class='ocrx_word' id='word_1_238' title='bbox 686 1961 917 2033; x_wconf 76' lang='grc' dir='ltr'>ἀσεϐῶν,</span> <span class='ocrx_word' id='word_1_239' title='bbox 955 1968 1091 2039; x_wconf 88' lang='grc' dir='ltr'><strong>μετά</strong></span> <span class='ocrx_word' id='word_1_240' title='bbox 1119 1964 1335 2029; x_wconf 79' lang='grc' dir='ltr'>πολλὰς</span> <span class='ocrx_word' id='word_1_241' title='bbox 1392 1964 1582 2028; x_wconf 84' lang='grc' dir='ltr'>ποινάς</span> <span class='ocrx_word' id='word_1_242' title='bbox 1638 1964 1729 2019; x_wconf 88' lang='grc' dir='ltr'><strong>καὶ</strong></span> <span class='ocrx_word' id='word_1_243' title='bbox 1789 1962 2055 2038; x_wconf 80' lang='grc' dir='ltr'>μάστιγας</span> 
     </span>
    </p>
   </div>
   <div class='ocr_carea' id='block_1_36' title="bbox 409 2052 2056 2130">
    <p class='ocr_par' dir='ltr' id='par_1_36' title="bbox 409 2052 2056 2130">
     <span class='ocr_line' id='line_1_36' title="bbox 409 2052 2056 2130; baseline -0.002 -21"><span class='ocrx_word' id='word_1_244' title='bbox 409 2052 728 2110; x_wconf 85' lang='grc' dir='ltr'>τελευταῖον</span> <span class='ocrx_word' id='word_1_245' title='bbox 759 2055 1001 2130; x_wconf 71' lang='grc' dir='ltr'>πονηρὰν</span> <span class='ocrx_word' id='word_1_246' title='bbox 1062 2055 1361 2126; x_wconf 84' lang='grc' dir='ltr'>ἐπεόύησαν</span> <span class='ocrx_word' id='word_1_247' title='bbox 1430 2054 1669 2110; x_wconf 81' lang='grc' dir='ltr'>ἐπίνοιαν</span> <span class='ocrx_word' id='word_1_248' title='bbox 1729 2053 1805 2115; x_wconf 85' lang='grc' dir='ltr'><strong>εἰς</strong></span> <span class='ocrx_word' id='word_1_249' title='bbox 1855 2052 2056 2130; x_wconf 74' lang='grc' dir='ltr'>φθορὰν</span> 
     </span>
    </p>
   </div>
   <div class='ocr_carea' id='block_1_37' title="bbox 407 2142 2054 2221">
    <p class='ocr_par' dir='ltr' id='par_1_37' title="bbox 407 2142 2054 2221">
     <span class='ocr_line' id='line_1_37' title="bbox 407 2142 2054 2221; baseline -0.001 -24"><span class='ocrx_word' id='word_1_250' title='bbox 407 2150 509 2213; x_wconf 82' lang='grc' dir='ltr'><strong>τῆς</strong></span> <span class='ocrx_word' id='word_1_251' title='bbox 566 2144 922 2221; x_wconf 76' lang='grc' dir='ltr'>σωφροσύνης</span> <span class='ocrx_word' id='word_1_252' title='bbox 977 2149 1075 2200; x_wconf 90' lang='grc' dir='ltr'><strong>τοῦ</strong></span> <span class='ocrx_word' id='word_1_253' title='bbox 1133 2142 1364 2200; x_wconf 82' lang='grc' dir='ltr'><strong>δικαίου.</strong></span> <span class='ocrx_word' id='word_1_254' title='bbox 1421 2146 1515 2201; x_wconf 83' lang='grc' dir='ltr'>Ἐν</span> <span class='ocrx_word' id='word_1_255' title='bbox 1582 2165 1689 2199; x_wconf 90' lang='grc' dir='ltr'>τινι</span> <span class='ocrx_word' id='word_1_256' title='bbox 1733 2144 1839 2218; x_wconf 71' lang='grc' dir='ltr'><strong>γὰρ</strong></span> <span class='ocrx_word' id='word_1_257' title='bbox 1889 2144 2054 2214; x_wconf 77' lang='grc' dir='ltr'>κήπῳ</span> 
     </span>
    </p>
   </div>
   <div class='ocr_carea' id='block_1_38' title="bbox 400 2229 2053 2309">
    <p class='ocr_par' dir='ltr' id='par_1_38' title="bbox 400 2229 2053 2309">
     <span class='ocr_line' id='line_1_38' title="bbox 400 2229 2053 2309; baseline -0.001 -21"><span class='ocrx_word' id='word_1_258' title='bbox 400 2232 592 2304; x_wconf 82' lang='grc' dir='ltr'>κλίνην</span> <span class='ocrx_word' id='word_1_259' title='bbox 631 2235 967 2308; x_wconf 84' lang='grc' dir='ltr'>στρώσαντες</span> <span class='ocrx_word' id='word_1_260' title='bbox 1023 2235 1112 2290; x_wconf 81' lang='grc' dir='ltr'><strong>καὶ</strong></span> <span class='ocrx_word' id='word_1_261' title='bbox 1170 2235 1261 2290; x_wconf 74' lang='grc' dir='ltr'>τὸν</span> <span class='ocrx_word' id='word_1_262' title='bbox 1322 2229 1472 2309; x_wconf 76' lang='grc' dir='ltr'>ἅγιον</span> <span class='ocrx_word' id='word_1_263' title='bbox 1541 2232 1592 2288; x_wconf 82' lang='grc' dir='ltr'>ἐν</span> <span class='ocrx_word' id='word_1_264' title='bbox 1654 2233 1791 2306; x_wconf 76' lang='grc' dir='ltr'>αὐτῇ</span> <span class='ocrx_word' id='word_1_265' title='bbox 1849 2229 2053 2304; x_wconf 72' lang='grc' dir='ltr'><strong>’δεσμή⁹</strong></span> 
     </span>
    </p>
   </div>
   <div class='ocr_carea' id='block_1_39' title="bbox 408 2321 2049 2403">
    <p class='ocr_par' dir='ltr' id='par_1_39' title="bbox 408 2321 2049 2403">
     <span class='ocr_line' id='line_1_39' title="bbox 408 2321 2049 2403; baseline 0 -26"><span class='ocrx_word' id='word_1_266' title='bbox 408 2343 594 2385; x_wconf 87' lang='grc' dir='ltr'>σαντες</span> <span class='ocrx_word' id='word_1_267' title='bbox 627 2322 905 2403; x_wconf 79' lang='grc' dir='ltr'>έπαφῆκαν</span> <span class='ocrx_word' id='word_1_268' title='bbox 937 2325 1089 2397; x_wconf 83' lang='grc' dir='ltr'><strong>αύτῷ</strong></span> <span class='ocrx_word' id='word_1_269' title='bbox 1145 2325 1363 2398; x_wconf 80' lang='grc' dir='ltr'>γύναιον</span> <span class='ocrx_word' id='word_1_270' title='bbox 1421 2323 1669 2397; x_wconf 77' lang='grc' dir='ltr'>ἄσεμνον,</span> <span class='ocrx_word' id='word_1_271' title='bbox 1731 2324 1805 2385; x_wconf 84' lang='grc' dir='ltr'>ὡς</span> <span class='ocrx_word' id='word_1_272' title='bbox 1854 2321 1913 2377; x_wconf 81' lang='grc' dir='ltr'>ἄν</span> <span class='ocrx_word' id='word_1_273' title='bbox 1971 2324 2049 2395; x_wconf 79' lang='grc' dir='ltr'>μὴ</span> 
     </span>
    </p>
   </div>
   <div class='ocr_carea' id='block_1_40' title="bbox 403 2409 2048 2490">
    <p class='ocr_par' dir='ltr' id='par_1_40' title="bbox 403 2409 2048 2490">
     <span class='ocr_line' id='line_1_40' title="bbox 403 2409 2048 2490; baseline 0 -24"><span class='ocrx_word' id='word_1_274' title='bbox 403 2409 698 2484; x_wconf 86' lang='grc' dir='ltr'>δυνάμενος</span> <span class='ocrx_word' id='word_1_275' title='bbox 759 2415 855 2475; x_wconf 72' lang='grc' dir='ltr'><strong>τὰς</strong></span> <span class='ocrx_word' id='word_1_276' title='bbox 918 2412 980 2468; x_wconf 80' lang='grc' dir='ltr'>ἐκ</span> <span class='ocrx_word' id='word_1_277' title='bbox 1036 2414 1238 2485; x_wconf 86' lang='grc' dir='ltr'>ταύτης</span> <span class='ocrx_word' id='word_1_278' title='bbox 1298 2413 1553 2489; x_wconf 77' lang='grc' dir='ltr'>μηχανὰς</span> <span class='ocrx_word' id='word_1_279' title='bbox 1622 2410 1898 2490; x_wconf 81' lang='grc' dir='ltr'>διαφυγεῖν</span> <span class='ocrx_word' id='word_1_280' title='bbox 1957 2411 2048 2466; x_wconf 89' lang='grc' dir='ltr'><strong>καὶ</strong></span> 
     </span>
    </p>
   </div>
   <div class='ocr_carea' id='block_1_41' title="bbox 406 2500 2046 2578">
    <p class='ocr_par' dir='ltr' id='par_1_41' title="bbox 406 2500 2046 2578">
     <span class='ocr_line' id='line_1_41' title="bbox 406 2500 2046 2578; baseline 0.003 -24"><span class='ocrx_word' id='word_1_281' title='bbox 406 2502 551 2555; x_wconf 81' lang='grc' dir='ltr'>ἄκων</span> <span class='ocrx_word' id='word_1_282' title='bbox 583 2500 661 2558; x_wconf 82' lang='grc' dir='ltr'><strong>εἰς</strong></span> <span class='ocrx_word' id='word_1_283' title='bbox 716 2503 816 2570; x_wconf 72' lang='grc' dir='ltr'>τήν</span> <span class='ocrx_word' id='word_1_284' title='bbox 872 2505 1115 2578; x_wconf 71' lang='grc' dir='ltr'>πονηρὰν</span> <span class='ocrx_word' id='word_1_285' title='bbox 1170 2502 1602 2571; x_wconf 82' lang='grc' dir='ltr'>καθελκυσθῆναι</span> <span class='ocrx_word' id='word_1_286' title='bbox 1661 2501 1874 2578; x_wconf 82' lang='grc' dir='ltr'>πρᾶξιν.</span> <span class='ocrx_word' id='word_1_287' title='bbox 1932 2502 2046 2570; x_wconf 78' lang='grc' dir='ltr'><strong>Τῆς</strong></span> 
     </span>
    </p>
   </div>
   <div class='ocr_carea' id='block_1_42' title="bbox 404 2585 2045 2667">
    <p class='ocr_par' dir='ltr' id='par_1_42' title="bbox 404 2585 2045 2667">
     <span class='ocr_line' id='line_1_42' title="bbox 404 2585 2045 2667; baseline -0.001 -23"><span class='ocrx_word' id='word_1_288' title='bbox 404 2585 463 2644; x_wconf 72' lang='grc' dir='ltr'>δὲ</span> <span class='ocrx_word' id='word_1_289' title='bbox 490 2588 671 2662; x_wconf 86' lang='grc' dir='ltr'>τούτῳ</span> <span class='ocrx_word' id='word_1_290' title='bbox 716 2591 1190 2667; x_wconf 74' lang='grc' dir='ltr'>περιπλεκομένης</span> <span class='ocrx_word' id='word_1_291' title='bbox 1246 2593 1336 2647; x_wconf 81' lang='grc' dir='ltr'><strong>καὶ</strong></span> <span class='ocrx_word' id='word_1_292' title='bbox 1392 2588 1801 2667; x_wconf 77' lang='grc' dir='ltr'>καταφιλούσης</span> <span class='ocrx_word' id='word_1_293' title='bbox 1862 2589 2045 2660; x_wconf 77' lang='grc' dir='ltr'>αὐτὸν,</span> 
     </span>
    </p>
   </div>
   <div class='ocr_carea' id='block_1_43' title="bbox 404 2678 2041 2755">
    <p class='ocr_par' dir='ltr' id='par_1_43' title="bbox 404 2678 2041 2755">
     <span class='ocr_line' id='line_1_43' title="bbox 404 2678 2041 2755; baseline 0.001 -23"><span class='ocrx_word' id='word_1_294' title='bbox 404 2679 507 2745; x_wconf 70' lang='grc' dir='ltr'>τὴν</span> <span class='ocrx_word' id='word_1_295' title='bbox 552 2679 742 2734; x_wconf 70' lang='grc' dir='ltr'>ἑαυτοῦ</span> <span class='ocrx_word' id='word_1_296' title='bbox 800 2679 1052 2755; x_wconf 87' lang='grc' dir='ltr'>γλῶσσαν</span> <span class='ocrx_word' id='word_1_297' title='bbox 1121 2680 1407 2755; x_wconf 83' lang='grc' dir='ltr'>ἀποτεμὼν</span> <span class='ocrx_word' id='word_1_298' title='bbox 1461 2686 1577 2742; x_wconf 90' lang='grc' dir='ltr'>τοῖς</span> <span class='ocrx_word' id='word_1_299' title='bbox 1630 2678 1816 2734; x_wconf 80' lang='grc' dir='ltr'>ὀδοῦσι</span> <span class='ocrx_word' id='word_1_300' title='bbox 1872 2699 2041 2754; x_wconf 73' lang='grc' dir='ltr'>προσο</span> 
     </span>
    </p>
   </div>
   <div class='ocr_carea' id='block_1_44' title="bbox 404 2765 2047 2845">
    <p class='ocr_par' dir='ltr' id='par_1_44' title="bbox 404 2765 2047 2845">
     <span class='ocr_line' id='line_1_44' title="bbox 404 2765 2047 2845; baseline 0.001 -24"><span class='ocrx_word' id='word_1_301' title='bbox 404 2765 625 2823; x_wconf 76' lang='grc' dir='ltr'>έπτυσεν</span> <span class='ocrx_word' id='word_1_302' title='bbox 658 2768 733 2830; x_wconf 82' lang='grc' dir='ltr'><strong>είς</strong></span> <span class='ocrx_word' id='word_1_303' title='bbox 760 2768 823 2824; x_wconf 78' lang='grc' dir='ltr'>τὸ</span> <span class='ocrx_word' id='word_1_304' title='bbox 879 2770 1170 2845; x_wconf 90' lang='grc' dir='ltr'>πρόσωπον</span> <span class='ocrx_word' id='word_1_305' title='bbox 1211 2770 1402 2840; x_wconf 80' lang='grc' dir='ltr'>αὐτῆς,</span> <span class='ocrx_word' id='word_1_306' title='bbox 1461 2769 1566 2825; x_wconf 80' lang='grc' dir='ltr'><strong>κάκ</strong></span> <span class='ocrx_word' id='word_1_307' title='bbox 1613 2770 1817 2826; x_wconf 87' lang='grc' dir='ltr'>τούτου</span> <span class='ocrx_word' id='word_1_308' title='bbox 1874 2769 2047 2841; x_wconf 71' lang='grc' dir='ltr'>ἑαυτῷ</span> 
     </span>
    </p>
   </div>
   <div class='ocr_carea' id='block_1_45' title="bbox 407 2856 2040 2935">
    <p class='ocr_par' dir='ltr' id='par_1_45' title="bbox 407 2856 2040 2935">
     <span class='ocr_line' id='line_1_45' title="bbox 407 2856 2040 2935; baseline 0.002 -25"><span class='ocrx_word' id='word_1_309' title='bbox 407 2856 502 2929; x_wconf 78' lang='grc' dir='ltr'>μὲν</span> <span class='ocrx_word' id='word_1_310' title='bbox 530 2856 731 2922; x_wconf 88' lang='grc' dir='ltr'>πόνους</span> <span class='ocrx_word' id='word_1_311' title='bbox 757 2859 847 2913; x_wconf 84' lang='grc' dir='ltr'><strong>καὶ</strong></span> <span class='ocrx_word' id='word_1_312' title='bbox 876 2856 1182 2934; x_wconf 80' lang='grc' dir='ltr'>ἀλγηδόνας</span> <span class='ocrx_word' id='word_1_313' title='bbox 1238 2860 1355 2915; x_wconf 84' lang='grc' dir='ltr'>ἀντὶ</span> <span class='ocrx_word' id='word_1_314' title='bbox 1417 2856 1628 2929; x_wconf 82' lang='grc' dir='ltr'>ἡδονῶν</span> <span class='ocrx_word' id='word_1_315' title='bbox 1671 2859 2040 2935; x_wconf 80' lang='grc' dir='ltr'>ἐπεισήγαγεν.</span> 
     </span>
    </p>
   </div>
   <div class='ocr_carea' id='block_1_46' title="bbox 400 2943 2045 3026">
    <p class='ocr_par' dir='ltr' id='par_1_46' title="bbox 400 2943 2045 3026">
     <span class='ocr_line' id='line_1_46' title="bbox 400 2943 2045 3026; baseline 0.002 -27"><span class='ocrx_word' id='word_1_316' title='bbox 400 2943 611 3017; x_wconf 76' lang='grc' dir='ltr'>ἐκείνην</span> <span class='ocrx_word' id='word_1_317' title='bbox 646 2943 702 3001; x_wconf 74' lang='grc' dir='ltr'>δὲ</span> <span class='ocrx_word' id='word_1_318' title='bbox 760 2945 968 3026; x_wconf 84' lang='grc' dir='ltr'>σφόδρα</span> <span class='ocrx_word' id='word_1_319' title='bbox 1024 2948 1325 3019; x_wconf 70' lang='grc' dir='ltr'>κατέπληξε</span> <span class='ocrx_word' id='word_1_320' title='bbox 1380 2949 1469 3004; x_wconf 84' lang='grc' dir='ltr'>καὶ</span> <span class='ocrx_word' id='word_1_321' title='bbox 1526 2945 1721 3017; x_wconf 77' lang='grc' dir='ltr'>ἀηδίας</span> <span class='ocrx_word' id='word_1_322' title='bbox 1783 2945 2045 3018; x_wconf 79' lang='grc' dir='ltr'>ἐνέπλησε</span> 
     </span>
    </p>
   </div>
   <div class='ocr_carea' id='block_1_47' title="bbox 396 3034 2042 3115">
    <p class='ocr_par' dir='ltr' id='par_1_47' title="bbox 396 3034 2042 3115">
     <span class='ocr_line' id='line_1_47' title="bbox 438 3034 1741 3059; baseline 0.002 -3"><span class='ocrx_word' id='word_1_323' title='bbox 438 3038 465 3048; x_wconf 72' lang='grc' dir='ltr'><strong>ι’</strong></span> <span class='ocrx_word' id='word_1_324' title='bbox 548 3034 561 3054; x_wconf 65' lang='grc' dir='ltr'>ι</span> <span class='ocrx_word' id='word_1_325' title='bbox 609 3036 621 3055; x_wconf 88' lang='grc' dir='ltr'><strong><em>Ι</em></strong></span> <span class='ocrx_word' id='word_1_326' title='bbox 906 3043 933 3054; x_wconf 73' lang='lat'><strong>~</strong></span> <span class='ocrx_word' id='word_1_327' title='bbox 1053 3040 1074 3057; x_wconf 73' lang='grc' dir='ltr'>η</span> <span class='ocrx_word' id='word_1_328' title='bbox 1351 3042 1372 3059; x_wconf 70' lang='grc' dir='ltr'><strong>ο</strong></span> <span class='ocrx_word' id='word_1_329' title='bbox 1623 3038 1635 3057; x_wconf 52' lang='grc' dir='ltr'><em>ἢ</em></span> <span class='ocrx_word' id='word_1_330' title='bbox 1726 3038 1741 3058; x_wconf 81' lang='grc' dir='ltr'><strong><em>Ι</em></strong></span> 
     </span>
     <span class='ocr_line' id='line_1_48' title="bbox 396 3038 2042 3115; baseline 0.009 -27"><span class='ocrx_word' id='word_1_331' title='bbox 396 3053 478 3106; x_wconf 83' lang='grc' dir='ltr'>τῳ</span> <span class='ocrx_word' id='word_1_332' title='bbox 535 3056 761 3111; x_wconf 84' lang='grc' dir='ltr'>ρευματι</span> <span class='ocrx_word' id='word_1_333' title='bbox 838 3059 938 3094; x_wconf 93' lang='grc' dir='ltr'><strong>του</strong></span> <span class='ocrx_word' id='word_1_334' title='bbox 1021 3060 1274 3113; x_wconf 87' lang='grc' dir='ltr'>αιματος.</span> <span class='ocrx_word' id='word_1_335' title='bbox 1376 3047 1525 3115; x_wconf 73' lang='lat' dir='ltr'><strong>Amp</strong></span> <span class='ocrx_word' id='word_1_336' title='bbox 1611 3058 1932 3101; x_wconf 81' lang='grc' dir='ltr'>ακουσαντες</span> <span class='ocrx_word' id='word_1_337' title='bbox 1990 3038 2042 3094; x_wconf 69' lang='grc' dir='ltr'><strong>οἶ</strong></span> 
     </span>
    </p>
   </div>
   <div class='ocr_carea' id='block_1_48' title="bbox 397 3125 2041 3207">
    <p class='ocr_par' dir='ltr' id='par_1_48' title="bbox 397 3125 2041 3207">
     <span class='ocr_line' id='line_1_49' title="bbox 397 3125 2041 3207; baseline 0.001 -23"><span class='ocrx_word' id='word_1_338' title='bbox 397 3125 668 3198; x_wconf 82' lang='grc' dir='ltr'>Ἓλληνες</span> <span class='ocrx_word' id='word_1_339' title='bbox 695 3130 995 3205; x_wconf 81' lang='grc' dir='ltr'>ἐθαύμαζον</span> <span class='ocrx_word' id='word_1_340' title='bbox 1023 3134 1125 3202; x_wconf 88' lang='grc' dir='ltr'><strong>τήν</strong></span> <span class='ocrx_word' id='word_1_341' title='bbox 1181 3137 1290 3188; x_wconf 91' lang='grc' dir='ltr'><strong>τῶν</strong></span> <span class='ocrx_word' id='word_1_342' title='bbox 1353 3133 1695 3206; x_wconf 84' lang='grc' dir='ltr'>μοναζόντων</span> <span class='ocrx_word' id='word_1_343' title='bbox 1754 3132 2041 3207; x_wconf 85' lang='grc' dir='ltr'>σωφροσύ-</span> 
     </span>
    </p>
   </div>
   <div class='ocr_carea' id='block_1_49' title="bbox 390 3216 938 3296">
    <p class='ocr_par' dir='ltr' id='par_1_49' title="bbox 390 3216 938 3296">
     <span class='ocr_line' id='line_1_50' title="bbox 390 3216 938 3296; baseline 0.016 -28"><span class='ocrx_word' id='word_1_344' title='bbox 390 3236 490 3283; x_wconf 90' lang='grc' dir='ltr'><strong>νην</strong></span> <span class='ocrx_word' id='word_1_345' title='bbox 521 3217 611 3272; x_wconf 80' lang='grc' dir='ltr'><strong>καὶ</strong></span> <span class='ocrx_word' id='word_1_346' title='bbox 642 3216 938 3296; x_wconf 75' lang='grc' dir='ltr'>ἀκρίϐειαν.</span> 
     </span>
    </p>
   </div>
   <div class='ocr_carea' id='block_1_50' title="bbox 463 3305 2030 3386">
    <p class='ocr_par' dir='ltr' id='par_1_50' title="bbox 463 3305 2030 3386">
     <span class='ocr_line' id='line_1_51' title="bbox 463 3305 2030 3386; baseline 0.003 -25"><span class='ocrx_word' id='word_1_347' title='bbox 463 3305 808 3379; x_wconf 74' lang='grc' dir='ltr'>Ἠττηθέντες</span> <span class='ocrx_word' id='word_1_348' title='bbox 849 3311 941 3366; x_wconf 87' lang='grc' dir='ltr'>οὗν</span> <span class='ocrx_word' id='word_1_349' title='bbox 997 3312 1049 3366; x_wconf 75' lang='grc' dir='ltr'>οἱ</span> <span class='ocrx_word' id='word_1_350' title='bbox 1097 3308 1374 3374; x_wconf 75' lang='grc' dir='ltr'>δυσσεϐεῖς</span> <span class='ocrx_word' id='word_1_351' title='bbox 1419 3313 1672 3386; x_wconf 90' lang='grc' dir='ltr'>τύραννοι</span> <span class='ocrx_word' id='word_1_352' title='bbox 1705 3310 2030 3382; x_wconf 86' lang='grc' dir='ltr'>Διοκλητια-</span> 
     </span>
    </p>
   </div>
   <div class='ocr_carea' id='block_1_51' title="bbox 386 3392 2034 3475">
    <p class='ocr_par' dir='ltr' id='par_1_51' title="bbox 386 3392 2034 3475">
     <span class='ocr_line' id='line_1_52' title="bbox 386 3392 2034 3475; baseline 0.003 -27"><span class='ocrx_word' id='word_1_353' title='bbox 386 3392 479 3454; x_wconf 86' lang='grc' dir='ltr'><strong>νὸς</strong></span> <span class='ocrx_word' id='word_1_354' title='bbox 508 3394 601 3449; x_wconf 88' lang='grc' dir='ltr'><strong>καὶ</strong></span> <span class='ocrx_word' id='word_1_355' title='bbox 644 3398 985 3471; x_wconf 81' lang='grc' dir='ltr'>Μαξιμιανὸς</span> <span class='ocrx_word' id='word_1_356' title='bbox 1042 3404 1123 3473; x_wconf 79' lang='grc' dir='ltr'>τῷ</span> <span class='ocrx_word' id='word_1_357' title='bbox 1178 3398 1380 3470; x_wconf 76' lang='grc' dir='ltr'>πλήθει</span> <span class='ocrx_word' id='word_1_358' title='bbox 1437 3404 1544 3454; x_wconf 91' lang='grc' dir='ltr'><strong>τῶν</strong></span> <span class='ocrx_word' id='word_1_359' title='bbox 1604 3399 2034 3475; x_wconf 65' lang='grc' dir='ltr'>ἀναιρουμένων,</span> 
     </span>
    </p>
   </div>
   <div class='ocr_carea' id='block_1_52' title="bbox 383 3478 2029 3563">
    <p class='ocr_par' dir='ltr' id='par_1_52' title="bbox 383 3478 2029 3563">
     <span class='ocr_line' id='line_1_53' title="bbox 383 3478 2029 3563; baseline 0.005 -27"><span class='ocrx_word' id='word_1_360' title='bbox 383 3478 565 3557; x_wconf 88' lang='grc' dir='ltr'>δόγμα</span> <span class='ocrx_word' id='word_1_361' title='bbox 614 3483 850 3557; x_wconf 77' lang='grc' dir='ltr'>ἐξέθεντο</span> <span class='ocrx_word' id='word_1_362' title='bbox 908 3486 1049 3544; x_wconf 83' lang='grc' dir='ltr'>ὥστε</span> <span class='ocrx_word' id='word_1_363' title='bbox 1112 3489 1240 3551; x_wconf 83' lang='grc' dir='ltr'>τοὺς</span> <span class='ocrx_word' id='word_1_364' title='bbox 1299 3487 1718 3563; x_wconf 75' lang='grc' dir='ltr'>εῦρισκομένους</span> <span class='ocrx_word' id='word_1_365' title='bbox 1773 3490 2029 3563; x_wconf 85' lang='grc' dir='ltr'>Χριστια-</span> 
     </span>
    </p>
   </div>
   <div class='ocr_carea' id='block_1_53' title="bbox 379 3572 2030 3655">
    <p class='ocr_par' dir='ltr' id='par_1_53' title="bbox 379 3572 2030 3655">
     <span class='ocr_line' id='line_1_54' title="bbox 379 3572 2030 3655; baseline -0.001 -21"><span class='ocrx_word' id='word_1_366' title='bbox 379 3572 513 3634; x_wconf 75' lang='grc' dir='ltr'>νοὺς</span> <span class='ocrx_word' id='word_1_367' title='bbox 543 3573 917 3650; x_wconf 81' lang='grc' dir='ltr'>ἐξορύττεσθαι</span> <span class='ocrx_word' id='word_1_368' title='bbox 951 3579 1045 3634; x_wconf 87' lang='grc' dir='ltr'>τὸν</span> <span class='ocrx_word' id='word_1_369' title='bbox 1077 3575 1250 3649; x_wconf 80' lang='grc' dir='ltr'>δεξιὸν</span> <span class='ocrx_word' id='word_1_370' title='bbox 1282 3584 1389 3635; x_wconf 89' lang='grc' dir='ltr'><strong>τῶν</strong></span> <span class='ocrx_word' id='word_1_371' title='bbox 1437 3577 1757 3655; x_wconf 75' lang='grc' dir='ltr'>ὀφθαλμῶν,</span> <span class='ocrx_word' id='word_1_372' title='bbox 1812 3577 1873 3633; x_wconf 79' lang='grc' dir='ltr'>οὐ</span> <span class='ocrx_word' id='word_1_373' title='bbox 1930 3578 2030 3652; x_wconf 82' lang='grc' dir='ltr'>μό-</span> 
     </span>
    </p>
   </div>
   <div class='ocr_carea' id='block_1_54' title="bbox 378 3658 2030 3744">
    <p class='ocr_par' dir='ltr' id='par_1_54' title="bbox 378 3658 2030 3744">
     <span class='ocr_line' id='line_1_55' title="bbox 378 3658 2030 3744; baseline 0.005 -31"><span class='ocrx_word' id='word_1_374' title='bbox 378 3680 470 3744; x_wconf 87' lang='grc' dir='ltr'><strong>νον</strong></span> <span class='ocrx_word' id='word_1_375' title='bbox 503 3658 592 3717; x_wconf 68' lang='grc' dir='ltr'><strong>διὰ</strong></span> <span class='ocrx_word' id='word_1_376' title='bbox 617 3664 680 3719; x_wconf 82' lang='grc' dir='ltr'>τὸ</span> <span class='ocrx_word' id='word_1_377' title='bbox 712 3662 1008 3742; x_wconf 83' lang='grc' dir='ltr'>ὀδυνηρὸν,</span> <span class='ocrx_word' id='word_1_378' title='bbox 1040 3665 1189 3722; x_wconf 76' lang='grc' dir='ltr'>ἀλλὰ</span> <span class='ocrx_word' id='word_1_379' title='bbox 1218 3668 1305 3722; x_wconf 83' lang='grc' dir='ltr'><strong>καὶ</strong></span> <span class='ocrx_word' id='word_1_380' title='bbox 1341 3664 1431 3722; x_wconf 80' lang='grc' dir='ltr'><strong>διά</strong></span> <span class='ocrx_word' id='word_1_381' title='bbox 1457 3668 1516 3722; x_wconf 82' lang='grc' dir='ltr'>νὸ</span> <span class='ocrx_word' id='word_1_382' title='bbox 1555 3666 1752 3740; x_wconf 81' lang='grc' dir='ltr'>ἄτιμον</span> <span class='ocrx_word' id='word_1_383' title='bbox 1780 3667 1870 3722; x_wconf 84' lang='grc' dir='ltr'><strong>καὶ</strong></span> <span class='ocrx_word' id='word_1_384' title='bbox 1901 3667 2030 3744; x_wconf 92' lang='grc' dir='ltr'>πρό-</span> 
     </span>
    </p>
   </div>
   <div class='ocr_carea' id='block_1_55' title="bbox 381 3743 1915 3832">
    <p class='ocr_par' dir='ltr' id='par_1_55' title="bbox 381 3743 1915 3832">
     <span class='ocr_line' id='line_1_56' title="bbox 381 3743 1915 3832; baseline 0.007 -31"><span class='ocrx_word' id='word_1_385' title='bbox 381 3743 556 3817; x_wconf 83' lang='grc' dir='ltr'>δηλον</span> <span class='ocrx_word' id='word_1_386' title='bbox 586 3751 676 3807; x_wconf 80' lang='grc' dir='ltr'>καὶ</span> <span class='ocrx_word' id='word_1_387' title='bbox 706 3761 806 3824; x_wconf 81' lang='grc' dir='ltr'>τῆς</span> <span class='ocrx_word' id='word_1_388' title='bbox 833 3759 941 3810; x_wconf 92' lang='grc' dir='ltr'><strong>τῶν</strong></span> <span class='ocrx_word' id='word_1_389' title='bbox 966 3757 1253 3829; x_wconf 86' lang='grc' dir='ltr'>Ῥωμαίων</span> <span class='ocrx_word' id='word_1_390' title='bbox 1287 3755 1567 3817; x_wconf 84' lang='grc' dir='ltr'>πολιτείας</span> <span class='ocrx_word' id='word_1_391' title='bbox 1599 3753 1915 3832; x_wconf 87' lang='grc' dir='ltr'>ἀλλότριον.</span> 
     </span>
    </p>
   </div>
   <div class='ocr_carea' id='block_1_56' title="bbox 462 3933 2022 4013">
    <p class='ocr_par' dir='ltr' id='par_1_56' title="bbox 462 3933 2022 4013">
     <span class='ocr_line' id='line_1_57' title="bbox 462 3933 2022 4013; baseline 0 -18"><span class='ocrx_word' id='word_1_392' title='bbox 462 3941 557 4011; x_wconf 79' lang='grc' dir='ltr'>Τῷ</span> <span class='ocrx_word' id='word_1_393' title='bbox 588 3933 761 4011; x_wconf 82' lang='grc' dir='ltr'>ζ’ἔτει</span> <span class='ocrx_word' id='word_1_394' title='bbox 790 3938 965 3993; x_wconf 77' lang='grc' dir='ltr'>αὐτῶν</span> <span class='ocrx_word' id='word_1_395' title='bbox 1034 3941 1135 4009; x_wconf 77' lang='grc' dir='ltr'>τὴν</span> <span class='ocrx_word' id='word_1_396' title='bbox 1193 3937 1444 4013; x_wconf 82' lang='grc' dir='ltr'>Βούσιριν</span> <span class='ocrx_word' id='word_1_397' title='bbox 1501 3940 1591 3994; x_wconf 83' lang='grc' dir='ltr'><strong>καὶ</strong></span> <span class='ocrx_word' id='word_1_398' title='bbox 1631 3940 1732 4009; x_wconf 71' lang='grc' dir='ltr'>τὴν</span> <span class='ocrx_word' id='word_1_399' title='bbox 1788 3941 2022 4009; x_wconf 86' lang='grc' dir='ltr'>Κοπτὸν,</span> 
     </span>
    </p>
   </div>
   <div class='ocr_carea' id='block_1_57' title="bbox 377 4023 2023 4104">
    <p class='ocr_par' dir='ltr' id='par_1_57' title="bbox 377 4023 2023 4104">
     <span class='ocr_line' id='line_1_58' title="bbox 377 4023 2023 4104; baseline 0 -20"><span class='ocrx_word' id='word_1_400' title='bbox 377 4028 570 4091; x_wconf 88' lang='grc' dir='ltr'>πόλεις</span> <span class='ocrx_word' id='word_1_401' title='bbox 625 4028 679 4084; x_wconf 84' lang='grc' dir='ltr'><strong>έν</strong></span> <span class='ocrx_word' id='word_1_402' title='bbox 736 4023 942 4099; x_wconf 75' lang='grc' dir='ltr'>θήϐαις</span> <span class='ocrx_word' id='word_1_403' title='bbox 1010 4035 1109 4098; x_wconf 74' lang='grc' dir='ltr'><strong>τῆς</strong></span> <span class='ocrx_word' id='word_1_404' title='bbox 1191 4027 1489 4104; x_wconf 77' lang='grc' dir='ltr'>Αἰγύπτου,</span> <span class='ocrx_word' id='word_1_405' title='bbox 1575 4028 2023 4100; x_wconf 72' lang='grc' dir='ltr'>ἀποστατησάσας</span> 
     </span>
    </p>
   </div>
   <div class='ocr_carea' id='block_1_58' title="bbox 374 4113 2018 4194">
    <p class='ocr_par' dir='ltr' id='par_1_58' title="bbox 374 4113 2018 4194">
     <span class='ocr_line' id='line_1_59' title="bbox 374 4113 2018 4194; baseline 0.001 -22"><span class='ocrx_word' id='word_1_406' title='bbox 374 4124 475 4186; x_wconf 78' lang='grc' dir='ltr'>τῆς</span> <span class='ocrx_word' id='word_1_407' title='bbox 534 4122 641 4172; x_wconf 88' lang='grc' dir='ltr'><strong>τῶν</strong></span> <span class='ocrx_word' id='word_1_408' title='bbox 694 4118 983 4188; x_wconf 87' lang='grc' dir='ltr'>Ῥωμαίων</span> <span class='ocrx_word' id='word_1_409' title='bbox 1043 4117 1223 4191; x_wconf 85' lang='grc' dir='ltr'>ἀρχῆς</span> <span class='ocrx_word' id='word_1_410' title='bbox 1276 4116 1353 4179; x_wconf 77' lang='grc' dir='ltr'><strong>είς</strong></span> <span class='ocrx_word' id='word_1_411' title='bbox 1411 4113 1606 4194; x_wconf 80' lang='grc' dir='ltr'>ἔδαφος</span> <span class='ocrx_word' id='word_1_412' title='bbox 1662 4118 2018 4192; x_wconf 81' lang='grc' dir='ltr'>κατέσκαψαν.</span> 
     </span>
    </p>
   </div>
   <div class='ocr_carea' id='block_1_59' title="bbox 375 4202 2017 4281">
    <p class='ocr_par' dir='ltr' id='par_1_59' title="bbox 375 4202 2017 4281">
     <span class='ocr_line' id='line_1_60' title="bbox 375 4202 2017 4281; baseline -0.001 -18"><span class='ocrx_word' id='word_1_413' title='bbox 375 4207 467 4277; x_wconf 79' lang='grc' dir='ltr'><strong>Τῷ</strong></span> <span class='ocrx_word' id='word_1_414' title='bbox 523 4208 566 4261; x_wconf 91' lang='grc' dir='ltr'>θ’</span> <span class='ocrx_word' id='word_1_415' title='bbox 634 4202 736 4261; x_wconf 83' lang='grc' dir='ltr'>ἔτει</span> <span class='ocrx_word' id='word_1_416' title='bbox 794 4206 870 4269; x_wconf 87' lang='grc' dir='ltr'>ὡς</span> <span class='ocrx_word' id='word_1_417' title='bbox 921 4204 974 4260; x_wconf 78' lang='grc' dir='ltr'>ἐν</span> <span class='ocrx_word' id='word_1_418' title='bbox 1034 4204 1213 4280; x_wconf 76' lang='grc' dir='ltr'>στήλῃ</span> <span class='ocrx_word' id='word_1_419' title='bbox 1274 4203 1563 4281; x_wconf 71' lang='grc' dir='ltr'>ἐνέγραψαν</span> <span class='ocrx_word' id='word_1_420' title='bbox 1632 4206 1683 4260; x_wconf 77' lang='grc' dir='ltr'><strong>οἱ</strong></span> <span class='ocrx_word' id='word_1_421' title='bbox 1743 4203 2017 4270; x_wconf 79' lang='grc' dir='ltr'>δυσσεϐεῖς</span> 
     </span>
    </p>
   </div>
   <div class='ocr_carea' id='block_1_60' title="bbox 371 4295 2015 4370">
    <p class='ocr_par' dir='ltr' id='par_1_60' title="bbox 371 4295 2015 4370">
     <span class='ocr_line' id='line_1_61' title="bbox 371 4295 2015 4370; baseline 0.001 -20"><span class='ocrx_word' id='word_1_422' title='bbox 371 4296 495 4350; x_wconf 86' lang='grc' dir='ltr'>καθ’</span> <span class='ocrx_word' id='word_1_423' title='bbox 546 4298 706 4368; x_wconf 76' lang='grc' dir='ltr'>ἡμῶν</span> <span class='ocrx_word' id='word_1_424' title='bbox 767 4296 843 4357; x_wconf 83' lang='grc' dir='ltr'>ὡς</span> <span class='ocrx_word' id='word_1_425' title='bbox 915 4295 1127 4350; x_wconf 82' lang='grc' dir='ltr'>πάντων</span> <span class='ocrx_word' id='word_1_426' title='bbox 1215 4295 1599 4370; x_wconf 78' lang='grc' dir='ltr'>ἀναιρεθέντων</span> <span class='ocrx_word' id='word_1_427' title='bbox 1681 4298 2015 4370; x_wconf 83' lang='grc' dir='ltr'>Χριστιανῶν</span> 
     </span>
    </p>
   </div>
   <div class='ocr_carea' id='block_1_61' title="bbox 368 4384 2017 4458">
    <p class='ocr_par' dir='ltr' id='par_1_61' title="bbox 368 4384 2017 4458">
     <span class='ocr_line' id='line_1_62' title="bbox 368 4384 2017 4458; baseline 0.001 -18"><span class='ocrx_word' id='word_1_428' title='bbox 368 4384 549 4456; x_wconf 75' lang='grc' dir='ltr'>πάσης</span> <span class='ocrx_word' id='word_1_429' title='bbox 578 4385 831 4455; x_wconf 83' lang='grc' dir='ltr'>εὐθηνίας</span> <span class='ocrx_word' id='word_1_430' title='bbox 886 4384 977 4439; x_wconf 87' lang='grc' dir='ltr'>καὶ</span> <span class='ocrx_word' id='word_1_431' title='bbox 1034 4384 1320 4458; x_wconf 81' lang='grc' dir='ltr'>εὐκρασίας</span> <span class='ocrx_word' id='word_1_432' title='bbox 1362 4387 1397 4454; x_wconf 74' lang='grc' dir='ltr'>ἡ</span> <span class='ocrx_word' id='word_1_433' title='bbox 1427 4390 1717 4458; x_wconf 81' lang='grc' dir='ltr'>Ῥωμαίων</span> <span class='ocrx_word' id='word_1_434' title='bbox 1764 4385 2017 4443; x_wconf 81' lang='grc' dir='ltr'>πολιτεία</span> 
     </span>
    </p>
   </div>
   <div class='ocr_carea' id='block_1_62' title="bbox 372 4467 2011 4550">
    <p class='ocr_par' dir='ltr' id='par_1_62' title="bbox 372 4467 2011 4550">
     <span class='ocr_line' id='line_1_63' title="bbox 372 4467 2011 4550; baseline 0.001 -21"><span class='ocrx_word' id='word_1_435' title='bbox 372 4474 769 4545; x_wconf 74' lang='grc' dir='ltr'>πλησθήσεται,</span> <span class='ocrx_word' id='word_1_436' title='bbox 852 4472 1034 4537; x_wconf 85' lang='grc' dir='ltr'>καθὼς</span> <span class='ocrx_word' id='word_1_437' title='bbox 1121 4467 1504 4546; x_wconf 78' lang='grc' dir='ltr'>ὑπελάμϐανον</span> <span class='ocrx_word' id='word_1_438' title='bbox 1585 4475 1636 4529; x_wconf 78' lang='grc' dir='ltr'><strong>οἱ</strong></span> <span class='ocrx_word' id='word_1_439' title='bbox 1693 4473 2011 4550; x_wconf 58' lang='grc' dir='ltr'>ἀλάστορες</span> 
     </span>
    </p>
   </div>
   <div class='ocr_carea' id='block_1_63' title="bbox 2159 1962 3811 2038">
    <p class='ocr_par' dir='ltr' id='par_1_63' title="bbox 2159 1962 3811 2038">
     <span class='ocr_line' id='line_1_64' title="bbox 2159 1962 3811 2038; baseline 0.002 -21"><span class='ocrx_word' id='word_1_440' title='bbox 2159 1962 2365 2018; x_wconf 91' lang='lat' dir='ltr'><strong>multis</strong></span> <span class='ocrx_word' id='word_1_441' title='bbox 2384 1964 2746 2021; x_wconf 89' lang='lat' dir='ltr'><strong>cruciatibus</strong></span> <span class='ocrx_word' id='word_1_442' title='bbox 2776 1971 2952 2036; x_wconf 88' lang='lat' dir='ltr'><strong>atque</strong></span> <span class='ocrx_word' id='word_1_443' title='bbox 2982 1965 3232 2038; x_wconf 85' lang='lat' dir='ltr'><strong>ﬂagellis</strong></span> <span class='ocrx_word' id='word_1_444' title='bbox 3262 1983 3383 2021; x_wconf 91' lang='lat' dir='ltr'><strong>non</strong></span> <span class='ocrx_word' id='word_1_445' title='bbox 3414 1971 3570 2022; x_wconf 87' lang='lat' dir='ltr'><strong>esset</strong></span> <span class='ocrx_word' id='word_1_446' title='bbox 3596 1967 3811 2038; x_wconf 86' lang='lat' dir='ltr'><strong>victus,</strong></span> 
     </span>
    </p>
   </div>
   <div class='ocr_carea' id='block_1_64' title="bbox 2157 2053 3812 2126">
    <p class='ocr_par' dir='ltr' id='par_1_64' title="bbox 2157 2053 3812 2126">
     <span class='ocr_line' id='line_1_65' title="bbox 2157 2053 3812 2126; baseline 0.003 -19"><span class='ocrx_word' id='word_1_447' title='bbox 2157 2053 2399 2109; x_wconf 87' lang='lat' dir='ltr'><strong>tandem</strong></span> <span class='ocrx_word' id='word_1_448' title='bbox 2430 2054 2504 2110; x_wconf 90' lang='lat' dir='ltr'><strong>ad</strong></span> <span class='ocrx_word' id='word_1_449' title='bbox 2563 2055 2898 2111; x_wconf 86' lang='lat' dir='ltr'><strong>castitatem</strong></span> <span class='ocrx_word' id='word_1_450' title='bbox 2946 2055 3075 2126; x_wconf 83' lang='lat' dir='ltr'><strong>ejus</strong></span> <span class='ocrx_word' id='word_1_451' title='bbox 3125 2054 3449 2111; x_wconf 86' lang='lat' dir='ltr'><strong>vitiandam</strong></span> <span class='ocrx_word' id='word_1_452' title='bbox 3495 2055 3607 2111; x_wconf 91' lang='lat' dir='ltr'><strong>hoc</strong></span> <span class='ocrx_word' id='word_1_453' title='bbox 3658 2061 3812 2112; x_wconf 85' lang='lat' dir='ltr'><strong>esta</strong></span> 
     </span>
    </p>
   </div>
   <div class='ocr_carea' id='block_1_65' title="bbox 2154 2142 3805 2216">
    <p class='ocr_par' dir='ltr' id='par_1_65' title="bbox 2154 2142 3805 2216">
     <span class='ocr_line' id='line_1_66' title="bbox 2154 2142 3805 2216; baseline 0.002 -20"><span class='ocrx_word' id='word_1_454' title='bbox 2154 2142 2335 2198; x_wconf 90' lang='lat' dir='ltr'><strong>malis</strong></span> <span class='ocrx_word' id='word_1_455' title='bbox 2364 2144 2577 2199; x_wconf 88' lang='lat' dir='ltr'><strong>initum</strong></span> <span class='ocrx_word' id='word_1_456' title='bbox 2604 2146 2943 2201; x_wconf 87' lang='lat' dir='ltr'><strong>consilium.</strong></span> <span class='ocrx_word' id='word_1_457' title='bbox 2979 2145 3219 2201; x_wconf 90' lang='lat' dir='ltr'><strong>Lectum</strong></span> <span class='ocrx_word' id='word_1_458' title='bbox 3250 2145 3314 2200; x_wconf 91' lang='lat' dir='ltr'><strong>iu</strong></span> <span class='ocrx_word' id='word_1_459' title='bbox 3345 2145 3603 2216; x_wconf 90' lang='lat' dir='ltr'><strong>quodam</strong></span> <span class='ocrx_word' id='word_1_460' title='bbox 3633 2145 3805 2201; x_wconf 86' lang='lat' dir='ltr'><strong>horto</strong></span> 
     </span>
    </p>
   </div>
   <div class='ocr_carea' id='block_1_66' title="bbox 2154 2234 3803 2308">
    <p class='ocr_par' dir='ltr' id='par_1_66' title="bbox 2154 2234 3803 2308">
     <span class='ocr_line' id='line_1_67' title="bbox 2154 2234 3803 2308; baseline 0.004 -23"><span class='ocrx_word' id='word_1_461' title='bbox 2154 2236 2447 2303; x_wconf 89' lang='lat' dir='ltr'><strong>sternunt,</strong></span> <span class='ocrx_word' id='word_1_462' title='bbox 2483 2234 2655 2305; x_wconf 90' lang='lat' dir='ltr'><strong>eique</strong></span> <span class='ocrx_word' id='word_1_463' title='bbox 2688 2234 3166 2307; x_wconf 57' lang='lat' dir='ltr'><strong>sanctumiistum</strong></span> <span class='ocrx_word' id='word_1_464' title='bbox 3201 2235 3507 2291; x_wconf 86' lang='lat' dir='ltr'><strong>hominem</strong></span> <span class='ocrx_word' id='word_1_465' title='bbox 3537 2234 3803 2308; x_wconf 87' lang='lat' dir='ltr'><strong>illigant;</strong></span> 
     </span>
    </p>
   </div>
   <div class='ocr_carea' id='block_1_67' title="bbox 2152 2318 3803 2396">
    <p class='ocr_par' dir='ltr' id='par_1_67' title="bbox 2152 2318 3803 2396">
     <span class='ocr_line' id='line_1_68' title="bbox 2152 2318 3803 2396; baseline 0.004 -23"><span class='ocrx_word' id='word_1_466' title='bbox 2152 2318 2603 2394; x_wconf 89' lang='lat' dir='ltr'><strong>immittuntque</strong></span> <span class='ocrx_word' id='word_1_467' title='bbox 2629 2324 2701 2395; x_wconf 61' lang='lat' dir='ltr'><strong>{ei</strong></span> <span class='ocrx_word' id='word_1_468' title='bbox 2732 2323 3119 2396; x_wconf 59' lang='lat' dir='ltr'><strong>.‘impudicam</strong></span> <span class='ocrx_word' id='word_1_469' title='bbox 3167 2324 3503 2393; x_wconf 86' lang='lat' dir='ltr'><strong>mulierem,</strong></span> <span class='ocrx_word' id='word_1_470' title='bbox 3554 2330 3621 2379; x_wconf 89' lang='lat' dir='ltr'><strong>ut</strong></span> <span class='ocrx_word' id='word_1_471' title='bbox 3668 2342 3803 2380; x_wconf 91' lang='lat' dir='ltr'><strong>cum</strong></span> 
     </span>
    </p>
   </div>
   <div class='ocr_carea' id='block_1_68' title="bbox 2153 2409 3803 2484">
    <p class='ocr_par' dir='ltr' id='par_1_68' title="bbox 2153 2409 3803 2484">
     <span class='ocr_line' id='line_1_69' title="bbox 2153 2409 3803 2484; baseline 0.003 -21"><span class='ocrx_word' id='word_1_472' title='bbox 2153 2409 2283 2481; x_wconf 83' lang='lat' dir='ltr'><strong>ejus</strong></span> <span class='ocrx_word' id='word_1_473' title='bbox 2343 2411 2699 2467; x_wconf 89' lang='lat' dir='ltr'><strong>tentationes</strong></span> <span class='ocrx_word' id='word_1_474' title='bbox 2757 2411 3162 2484; x_wconf 78' lang='lat' dir='ltr'><strong>subterfugere</strong></span> <span class='ocrx_word' id='word_1_475' title='bbox 3246 2429 3367 2467; x_wconf 89' lang='lat' dir='ltr'><strong>non</strong></span> <span class='ocrx_word' id='word_1_476' title='bbox 3438 2418 3659 2484; x_wconf 89' lang='lat' dir='ltr'><strong>posset,</strong></span> <span class='ocrx_word' id='word_1_477' title='bbox 3721 2415 3803 2469; x_wconf 88' lang='lat' dir='ltr'><strong>ita</strong></span> 
     </span>
    </p>
   </div>
   <div class='ocr_carea' id='block_1_69' title="bbox 2151 2498 3797 2572">
    <p class='ocr_par' dir='ltr' id='par_1_69' title="bbox 2151 2498 3797 2572">
     <span class='ocr_line' id='line_1_70' title="bbox 2151 2498 3797 2572; baseline 0.002 -20"><span class='ocrx_word' id='word_1_478' title='bbox 2151 2498 2369 2554; x_wconf 87' lang='lat' dir='ltr'><strong>invitus</strong></span> <span class='ocrx_word' id='word_1_479' title='bbox 2401 2502 2659 2572; x_wconf 41' lang='lat' dir='ltr'><strong>quoque;</strong></span> <span class='ocrx_word' id='word_1_480' title='bbox 2678 2500 2753 2557; x_wconf 89' lang='lat' dir='ltr'><strong>ad</strong></span> <span class='ocrx_word' id='word_1_481' title='bbox 2792 2499 3110 2556; x_wconf 89' lang='lat' dir='ltr'><strong>obscenam</strong></span> <span class='ocrx_word' id='word_1_482' title='bbox 3160 2516 3285 2555; x_wconf 90' lang='lat' dir='ltr'><strong>rem</strong></span> <span class='ocrx_word' id='word_1_483' title='bbox 3332 2502 3797 2572; x_wconf 89' lang='lat' dir='ltr'><strong>pertraheretur.</strong></span> 
     </span>
    </p>
   </div>
   <div class='ocr_carea' id='block_1_70' title="bbox 2149 2588 3791 2662">
    <p class='ocr_par' dir='ltr' id='par_1_70' title="bbox 2149 2588 3791 2662">
     <span class='ocr_line' id='line_1_71' title="bbox 2149 2588 3791 2662; baseline 0.003 -21"><span class='ocrx_word' id='word_1_484' title='bbox 2149 2588 2204 2644; x_wconf 89' lang='lat' dir='ltr'><strong>Is</strong></span> <span class='ocrx_word' id='word_1_485' title='bbox 2236 2604 2394 2660; x_wconf 89' lang='lat' dir='ltr'><strong>ergo,</strong></span> <span class='ocrx_word' id='word_1_486' title='bbox 2428 2606 2561 2645; x_wconf 90' lang='lat' dir='ltr'><strong>cum</strong></span> <span class='ocrx_word' id='word_1_487' title='bbox 2595 2590 2871 2662; x_wconf 84' lang='lat' dir='ltr'><strong>amplexa</strong></span> <span class='ocrx_word' id='word_1_488' title='bbox 2902 2607 3038 2645; x_wconf 90' lang='lat' dir='ltr'><strong>eum</strong></span> <span class='ocrx_word' id='word_1_489' title='bbox 3071 2589 3286 2645; x_wconf 88' lang='lat' dir='ltr'><strong>mulier</strong></span> <span class='ocrx_word' id='word_1_490' title='bbox 3325 2589 3791 2657; x_wconf 88' lang='lat' dir='ltr'><strong>deoscularetur,</strong></span> 
     </span>
    </p>
   </div>
   <div class='ocr_carea' id='block_1_71' title="bbox 2148 2679 3794 2753">
    <p class='ocr_par' dir='ltr' id='par_1_71' title="bbox 2148 2679 3794 2753">
     <span class='ocr_line' id='line_1_72' title="bbox 2148 2679 3794 2753; baseline 0.002 -20"><span class='ocrx_word' id='word_1_491' title='bbox 2148 2679 2413 2752; x_wconf 86' lang='lat' dir='ltr'><strong>linguam</strong></span> <span class='ocrx_word' id='word_1_492' title='bbox 2445 2698 2615 2737; x_wconf 90' lang='lat' dir='ltr'><strong>suam</strong></span> <span class='ocrx_word' id='word_1_493' title='bbox 2647 2681 2924 2737; x_wconf 90' lang='lat' dir='ltr'><strong>dentibus</strong></span> <span class='ocrx_word' id='word_1_494' title='bbox 2954 2681 3264 2753; x_wconf 73' lang='lat' dir='ltr'><strong>prmcisam</strong></span> <span class='ocrx_word' id='word_1_495' title='bbox 3297 2683 3359 2737; x_wconf 92' lang='lat' dir='ltr'><strong>in</strong></span> <span class='ocrx_word' id='word_1_496' title='bbox 3399 2680 3609 2737; x_wconf 82' lang='lat' dir='ltr'><strong>faciem</strong></span> <span class='ocrx_word' id='word_1_497' title='bbox 3664 2698 3794 2736; x_wconf 83' lang='lat' dir='ltr'><strong>mu-</strong></span> 
     </span>
    </p>
   </div>
   <div class='ocr_carea' id='block_1_72' title="bbox 2147 2768 3791 2843">
    <p class='ocr_par' dir='ltr' id='par_1_72' title="bbox 2147 2768 3791 2843">
     <span class='ocr_line' id='line_1_73' title="bbox 2147 2768 3791 2843; baseline 0.002 -20"><span class='ocrx_word' id='word_1_498' title='bbox 2147 2768 2313 2825; x_wconf 83' lang='lat' dir='ltr'><strong>lieris</strong></span> <span class='ocrx_word' id='word_1_499' title='bbox 2371 2772 2622 2843; x_wconf 82' lang='lat' dir='ltr'><strong>exspuit.</strong></span> <span class='ocrx_word' id='word_1_500' title='bbox 2683 2772 2805 2837; x_wconf 91' lang='lat' dir='ltr'><strong>Quo</strong></span> <span class='ocrx_word' id='word_1_501' title='bbox 2865 2771 3019 2826; x_wconf 87' lang='lat' dir='ltr'><strong>facto</strong></span> <span class='ocrx_word' id='word_1_502' title='bbox 3077 2776 3135 2825; x_wconf 90' lang='lat' dir='ltr'><strong>et</strong></span> <span class='ocrx_word' id='word_1_503' title='bbox 3211 2770 3443 2826; x_wconf 87' lang='lat' dir='ltr'><strong>dolores</strong></span> <span class='ocrx_word' id='word_1_504' title='bbox 3494 2770 3605 2826; x_wconf 88' lang='lat' dir='ltr'><strong>sibi</strong></span> <span class='ocrx_word' id='word_1_505' title='bbox 3662 2771 3791 2828; x_wconf 90' lang='lat' dir='ltr'><strong>loco</strong></span> 
     </span>
    </p>
   </div>
   <div class='ocr_carea' id='block_1_73' title="bbox 2147 2859 3799 2933">
    <p class='ocr_par' dir='ltr' id='par_1_73' title="bbox 2147 2859 3799 2933">
     <span class='ocr_line' id='line_1_74' title="bbox 2147 2859 3799 2933; baseline 0.001 -19"><span class='ocrx_word' id='word_1_506' title='bbox 2147 2859 2465 2932; x_wconf 85' lang='lat' dir='ltr'><strong>voluptatis</strong></span> <span class='ocrx_word' id='word_1_507' title='bbox 2496 2861 2714 2929; x_wconf 89' lang='lat' dir='ltr'><strong>intulit,</strong></span> <span class='ocrx_word' id='word_1_508' title='bbox 2776 2877 3025 2932; x_wconf 86' lang='lat' dir='ltr'><strong>eamque</strong></span> <span class='ocrx_word' id='word_1_509' title='bbox 3077 2860 3458 2915; x_wconf 68' lang='lat' dir='ltr'><strong>vehementer</strong></span> <span class='ocrx_word' id='word_1_510' title='bbox 3503 2867 3799 2933; x_wconf 85' lang='lat' dir='ltr'><strong>perterre-</strong></span> 
     </span>
    </p>
   </div>
   <div class='ocr_carea' id='block_1_74' title="bbox 2146 2948 3797 3021">
    <p class='ocr_par' dir='ltr' id='par_1_74' title="bbox 2146 2948 3797 3021">
     <span class='ocr_line' id='line_1_75' title="bbox 2146 2948 3797 3021; baseline 0 -17"><span class='ocrx_word' id='word_1_511' title='bbox 2146 2948 2305 3017; x_wconf 89' lang='lat' dir='ltr'><strong>fecit,</strong></span> <span class='ocrx_word' id='word_1_512' title='bbox 2337 2949 2757 3021; x_wconf 88' lang='lat' dir='ltr'><strong>sanguinisque</strong></span> <span class='ocrx_word' id='word_1_513' title='bbox 2790 2948 2971 3005; x_wconf 84' lang='lat' dir='ltr'><strong>ﬂuxio</strong></span> <span class='ocrx_word' id='word_1_514' title='bbox 3001 2948 3323 3021; x_wconf 88' lang='lat' dir='ltr'><strong>plurimum</strong></span> <span class='ocrx_word' id='word_1_515' title='bbox 3360 2948 3561 3005; x_wconf 89' lang='lat' dir='ltr'><strong>attulit</strong></span> <span class='ocrx_word' id='word_1_516' title='bbox 3604 2950 3797 3005; x_wconf 82' lang='lat' dir='ltr'><strong>mole-</strong></span> 
     </span>
    </p>
   </div>
   <div class='ocr_carea' id='block_1_75' title="bbox 2147 3038 3798 3111">
    <p class='ocr_par' dir='ltr' id='par_1_75' title="bbox 2147 3038 3798 3111">
     <span class='ocr_line' id='line_1_76' title="bbox 2147 3038 3798 3111; baseline 0 -18"><span class='ocrx_word' id='word_1_517' title='bbox 2147 3038 2293 3093; x_wconf 72' lang='lat' dir='ltr'><strong>stim.</strong></span> <span class='ocrx_word' id='word_1_518' title='bbox 2327 3039 2511 3094; x_wconf 75' lang='lat' dir='ltr'><strong>Graeci</strong></span> <span class='ocrx_word' id='word_1_519' title='bbox 2542 3056 2717 3111; x_wconf 89' lang='lat' dir='ltr'><strong>porro</strong></span> <span class='ocrx_word' id='word_1_520' title='bbox 2751 3039 2843 3093; x_wconf 87' lang='lat' dir='ltr'><strong>his</strong></span> <span class='ocrx_word' id='word_1_521' title='bbox 2874 3038 3092 3094; x_wconf 88' lang='lat' dir='ltr'><strong>auditis</strong></span> <span class='ocrx_word' id='word_1_522' title='bbox 3132 3038 3563 3095; x_wconf 87' lang='lat' dir='ltr'><strong>monachorum</strong></span> <span class='ocrx_word' id='word_1_523' title='bbox 3607 3039 3798 3095; x_wconf 89' lang='lat' dir='ltr'><strong>conti-</strong></span> 
     </span>
    </p>
   </div>
   <div class='ocr_carea' id='block_1_76' title="bbox 2146 3125 3294 3199">
    <p class='ocr_par' dir='ltr' id='par_1_76' title="bbox 2146 3125 3294 3199">
     <span class='ocr_line' id='line_1_77' title="bbox 2146 3125 3294 3199; baseline 0.002 -18"><span class='ocrx_word' id='word_1_524' title='bbox 2146 3126 2415 3183; x_wconf 88' lang='lat' dir='ltr'><strong>nentiam</strong></span> <span class='ocrx_word' id='word_1_525' title='bbox 2445 3131 2502 3181; x_wconf 88' lang='lat' dir='ltr'><strong>et</strong></span> <span class='ocrx_word' id='word_1_526' title='bbox 2531 3125 2959 3199; x_wconf 86' lang='lat' dir='ltr'><strong>perfectionem</strong></span> <span class='ocrx_word' id='word_1_527' title='bbox 2989 3126 3294 3183; x_wconf 88' lang='lat' dir='ltr'><strong>admirari.</strong></span> 
     </span>
    </p>
   </div>
   <div class='ocr_carea' id='block_1_77' title="bbox 2214 3306 3789 3380">
    <p class='ocr_par' dir='ltr' id='par_1_77' title="bbox 2214 3306 3789 3380">
     <span class='ocr_line' id='line_1_78' title="bbox 2214 3306 3789 3380; baseline 0.001 -18"><span class='ocrx_word' id='word_1_528' title='bbox 2214 3307 2363 3362; x_wconf 85' lang='lat' dir='ltr'><strong>Victi</strong></span> <span class='ocrx_word' id='word_1_529' title='bbox 2390 3311 2587 3363; x_wconf 86' lang='lat' dir='ltr'><strong>autem</strong></span> <span class='ocrx_word' id='word_1_530' title='bbox 2617 3306 2787 3380; x_wconf 90' lang='lat' dir='ltr'><strong>impii</strong></span> <span class='ocrx_word' id='word_1_531' title='bbox 2817 3306 3055 3379; x_wconf 81' lang='lat' dir='ltr'><strong>tyranni</strong></span> <span class='ocrx_word' id='word_1_532' title='bbox 3085 3307 3485 3363; x_wconf 89' lang='lat' dir='ltr'><strong>Diocletianus</strong></span> <span class='ocrx_word' id='word_1_533' title='bbox 3517 3312 3576 3363; x_wconf 89' lang='lat' dir='ltr'><strong>et</strong></span> <span class='ocrx_word' id='word_1_534' title='bbox 3603 3310 3789 3364; x_wconf 84' lang='lat' dir='ltr'><strong>Maxi-</strong></span> 
     </span>
    </p>
   </div>
   <div class='ocr_carea' id='block_1_78' title="bbox 2140 3397 3786 3466">
    <p class='ocr_par' dir='ltr' id='par_1_78' title="bbox 2140 3397 3786 3466">
     <span class='ocr_line' id='line_1_79' title="bbox 2140 3397 3786 3466; baseline 0.001 -13"><span class='ocrx_word' id='word_1_535' title='bbox 2140 3398 2376 3455; x_wconf 83' lang='lat' dir='ltr'><strong>mianus</strong></span> <span class='ocrx_word' id='word_1_536' title='bbox 2436 3397 2817 3454; x_wconf 89' lang='lat' dir='ltr'><strong>multitudine</strong></span> <span class='ocrx_word' id='word_1_537' title='bbox 2902 3401 3270 3466; x_wconf 89' lang='lat' dir='ltr'><strong>necatorum,</strong></span> <span class='ocrx_word' id='word_1_538' title='bbox 3348 3397 3664 3454; x_wconf 83' lang='lat' dir='ltr'><strong>edixerunt</strong></span> <span class='ocrx_word' id='word_1_539' title='bbox 3719 3406 3786 3455; x_wconf 91' lang='lat' dir='ltr'><strong>ut</strong></span> 
     </span>
    </p>
   </div>
   <div class='ocr_carea' id='block_1_79' title="bbox 2138 3485 3784 3557">
    <p class='ocr_par' dir='ltr' id='par_1_79' title="bbox 2138 3485 3784 3557">
     <span class='ocr_line' id='line_1_80' title="bbox 2138 3485 3784 3557; baseline 0.001 -17"><span class='ocrx_word' id='word_1_540' title='bbox 2138 3485 2511 3542; x_wconf 81' lang='lat' dir='ltr'><strong>Christianus</strong></span> <span class='ocrx_word' id='word_1_541' title='bbox 2540 3485 2587 3540; x_wconf 92' lang='lat' dir='ltr'><strong>si</strong></span> <span class='ocrx_word' id='word_1_542' title='bbox 2621 3486 2754 3557; x_wconf 89' lang='lat' dir='ltr'><strong>quis</strong></span> <span class='ocrx_word' id='word_1_543' title='bbox 2785 3490 2942 3540; x_wconf 90' lang='lat' dir='ltr'><strong>esset</strong></span> <span class='ocrx_word' id='word_1_544' title='bbox 2961 3485 3255 3553; x_wconf 89' lang='lat' dir='ltr'><strong>inventus,</strong></span> <span class='ocrx_word' id='word_1_545' title='bbox 3276 3486 3328 3540; x_wconf 90' lang='lat' dir='ltr'><strong>ei</strong></span> <span class='ocrx_word' id='word_1_546' title='bbox 3348 3486 3556 3541; x_wconf 90' lang='lat' dir='ltr'><strong>oculus</strong></span> <span class='ocrx_word' id='word_1_547' title='bbox 3575 3486 3784 3542; x_wconf 85' lang='lat' dir='ltr'><strong>dexter</strong></span> 
     </span>
    </p>
   </div>
   <div class='ocr_carea' id='block_1_80' title="bbox 2139 3574 3784 3649">
    <p class='ocr_par' dir='ltr' id='par_1_80' title="bbox 2139 3574 3784 3649">
     <span class='ocr_line' id='line_1_81' title="bbox 2139 3574 3784 3649; baseline 0.002 -19"><span class='ocrx_word' id='word_1_548' title='bbox 2139 3580 2483 3643; x_wconf 88' lang='lat' dir='ltr'><strong>erueretur;</strong></span> <span class='ocrx_word' id='word_1_549' title='bbox 2518 3574 2676 3645; x_wconf 91' lang='lat' dir='ltr'><strong>quod</strong></span> <span class='ocrx_word' id='word_1_550' title='bbox 2719 3575 3078 3646; x_wconf 88' lang='lat' dir='ltr'><strong>supplicium</strong></span> <span class='ocrx_word' id='word_1_551' title='bbox 3137 3592 3258 3630; x_wconf 90' lang='lat' dir='ltr'><strong>non</strong></span> <span class='ocrx_word' id='word_1_552' title='bbox 3317 3576 3491 3631; x_wconf 89' lang='lat' dir='ltr'><strong>modo</strong></span> <span class='ocrx_word' id='word_1_553' title='bbox 3541 3582 3784 3649; x_wconf 88' lang='lat' dir='ltr'><strong>propter</strong></span> 
     </span>
    </p>
   </div>
   <div class='ocr_carea' id='block_1_81' title="bbox 2136 3663 3780 3738">
    <p class='ocr_par' dir='ltr' id='par_1_81' title="bbox 2136 3663 3780 3738">
     <span class='ocr_line' id='line_1_82' title="bbox 2136 3663 3780 3738; baseline 0.002 -19"><span class='ocrx_word' id='word_1_554' title='bbox 2136 3663 2425 3730; x_wconf 88' lang='lat' dir='ltr'><strong>dolorem,</strong></span> <span class='ocrx_word' id='word_1_555' title='bbox 2459 3664 2564 3719; x_wconf 88' lang='lat' dir='ltr'><strong>sed</strong></span> <span class='ocrx_word' id='word_1_556' title='bbox 2595 3669 2653 3720; x_wconf 90' lang='lat' dir='ltr'><strong>et</strong></span> <span class='ocrx_word' id='word_1_557' title='bbox 2695 3668 2938 3735; x_wconf 78' lang='lat' dir='ltr'><strong>prapter</strong></span> <span class='ocrx_word' id='word_1_558' title='bbox 2964 3664 3349 3736; x_wconf 90' lang='lat' dir='ltr'><strong>conspicuam</strong></span> <span class='ocrx_word' id='word_1_559' title='bbox 3393 3666 3780 3738; x_wconf 87' lang='lat' dir='ltr'><strong>ignominiam</strong></span> 
     </span>
    </p>
   </div>
   <div class='ocr_carea' id='block_1_82' title="bbox 2133 3753 3776 3828">
    <p class='ocr_par' dir='ltr' id='par_1_82' title="bbox 2133 3753 3776 3828">
     <span class='ocr_line' id='line_1_83' title="bbox 2133 3753 3776 3828; baseline 0.001 -19"><span class='ocrx_word' id='word_1_560' title='bbox 2133 3754 2605 3825; x_wconf 89' lang='lat' dir='ltr'><strong>inusitatumque</strong></span> <span class='ocrx_word' id='word_1_561' title='bbox 2661 3753 2942 3809; x_wconf 84' lang='lat' dir='ltr'><strong>Romanis</strong></span> <span class='ocrx_word' id='word_1_562' title='bbox 3001 3753 3266 3809; x_wconf 90' lang='lat' dir='ltr'><strong>moribus</strong></span> <span class='ocrx_word' id='word_1_563' title='bbox 3326 3771 3515 3825; x_wconf 65' lang='lat' dir='ltr'><strong>poena:</strong></span> <span class='ocrx_word' id='word_1_564' title='bbox 3568 3772 3776 3828; x_wconf 91' lang='lat' dir='ltr'><strong>genus,</strong></span> 
     </span>
    </p>
   </div>
   <div class='ocr_carea' id='block_1_83' title="bbox 2128 3842 2946 3917">
    <p class='ocr_par' dir='ltr' id='par_1_83' title="bbox 2128 3842 2946 3917">
     <span class='ocr_line' id='line_1_84' title="bbox 2128 3842 2946 3917; baseline -0.002 -19"><span class='ocrx_word' id='word_1_565' title='bbox 2128 3859 2300 3917; x_wconf 88' lang='lat' dir='ltr'><strong>grave</strong></span> <span class='ocrx_word' id='word_1_566' title='bbox 2329 3843 2455 3898; x_wconf 90' lang='lat' dir='ltr'><strong>fore</strong></span> <span class='ocrx_word' id='word_1_567' title='bbox 2486 3842 2946 3898; x_wconf 90' lang='lat' dir='ltr'><strong>arbitrabantur.</strong></span> 
     </span>
    </p>
   </div>
   <div class='ocr_carea' id='block_1_84' title="bbox 2201 3930 3774 4005">
    <p class='ocr_par' dir='ltr' id='par_1_84' title="bbox 2201 3930 3774 4005">
     <span class='ocr_line' id='line_1_85' title="bbox 2201 3930 3774 4005; baseline -0.001 -17"><span class='ocrx_word' id='word_1_568' title='bbox 2201 3934 2456 4005; x_wconf 90' lang='lat' dir='ltr'><strong>Septimo</strong></span> <span class='ocrx_word' id='word_1_569' title='bbox 2490 3930 2724 4004; x_wconf 88' lang='lat' dir='ltr'><strong>imperii</strong></span> <span class='ocrx_word' id='word_1_570' title='bbox 2764 3932 2855 3986; x_wconf 93' lang='lat' dir='ltr'><strong>sui</strong></span> <span class='ocrx_word' id='word_1_571' title='bbox 2907 3947 3061 3986; x_wconf 90' lang='lat' dir='ltr'><strong>anno</strong></span> <span class='ocrx_word' id='word_1_572' title='bbox 3114 3931 3347 3985; x_wconf 91' lang='lat' dir='ltr'><strong>Busirin</strong></span> <span class='ocrx_word' id='word_1_573' title='bbox 3394 3935 3454 3985; x_wconf 89' lang='lat' dir='ltr'><strong>et</strong></span> <span class='ocrx_word' id='word_1_574' title='bbox 3500 3933 3774 4002; x_wconf 90' lang='lat' dir='ltr'><strong>Coptum;</strong></span> 
     </span>
    </p>
   </div>
   <div class='ocr_carea' id='block_1_85' title="bbox 2128 4019 3769 4096">
    <p class='ocr_par' dir='ltr' id='par_1_85' title="bbox 2128 4019 3769 4096">
     <span class='ocr_line' id='line_1_86' title="bbox 2128 4019 3769 4096; baseline -0.003 -16"><span class='ocrx_word' id='word_1_575' title='bbox 2128 4040 2259 4096; x_wconf 72' lang='lat' dir='ltr'><strong>quae</strong></span> <span class='ocrx_word' id='word_1_576' title='bbox 2291 4023 2468 4080; x_wconf 90' lang='lat' dir='ltr'><strong>urbes</strong></span> <span class='ocrx_word' id='word_1_577' title='bbox 2510 4022 2736 4095; x_wconf 65' lang='lat' dir='ltr'><strong>Egypti</strong></span> <span class='ocrx_word' id='word_1_578' title='bbox 2782 4027 2921 4077; x_wconf 90' lang='lat' dir='ltr'><strong>sunt</strong></span> <span class='ocrx_word' id='word_1_579' title='bbox 2948 4026 3008 4076; x_wconf 90' lang='lat' dir='ltr'><strong>et</strong></span> <span class='ocrx_word' id='word_1_580' title='bbox 3055 4019 3131 4076; x_wconf 90' lang='lat' dir='ltr'><strong>ad</strong></span> <span class='ocrx_word' id='word_1_581' title='bbox 3168 4020 3393 4076; x_wconf 88' lang='lat' dir='ltr'><strong>Thebas</strong></span> <span class='ocrx_word' id='word_1_582' title='bbox 3444 4022 3769 4092; x_wconf 84' lang='lat' dir='ltr'><strong>pertinent,</strong></span> 
     </span>
    </p>
   </div>
   <div class='ocr_carea' id='block_1_86' title="bbox 2127 4110 3770 4186">
    <p class='ocr_par' dir='ltr' id='par_1_86' title="bbox 2127 4110 3770 4186">
     <span class='ocr_line' id='line_1_87' title="bbox 2127 4110 3770 4186; baseline -0.003 -15"><span class='ocrx_word' id='word_1_583' title='bbox 2127 4114 2284 4186; x_wconf 90' lang='lat' dir='ltr'><strong>quod</strong></span> <span class='ocrx_word' id='word_1_584' title='bbox 2342 4130 2426 4170; x_wconf 79' lang='lat' dir='ltr'><strong>eae</strong></span> <span class='ocrx_word' id='word_1_585' title='bbox 2474 4131 2510 4170; x_wconf 87' lang='lat' dir='ltr'><strong>a</strong></span> <span class='ocrx_word' id='word_1_586' title='bbox 2563 4116 2829 4170; x_wconf 83' lang='lat' dir='ltr'><strong>Romano</strong></span> <span class='ocrx_word' id='word_1_587' title='bbox 2887 4111 3136 4183; x_wconf 87' lang='lat' dir='ltr'><strong>imperio</strong></span> <span class='ocrx_word' id='word_1_588' title='bbox 3207 4110 3584 4180; x_wconf 85' lang='lat' dir='ltr'><strong>defecissent,</strong></span> <span class='ocrx_word' id='word_1_589' title='bbox 3645 4112 3770 4167; x_wconf 91' lang='lat' dir='ltr'><strong>solo</strong></span> 
     </span>
    </p>
   </div>
   <div class='ocr_carea' id='block_1_87' title="bbox 2126 4201 3769 4278">
    <p class='ocr_par' dir='ltr' id='par_1_87' title="bbox 2126 4201 3769 4278">
     <span class='ocr_line' id='line_1_88' title="bbox 2126 4201 3769 4278; baseline -0.004 -16"><span class='ocrx_word' id='word_1_590' title='bbox 2126 4210 2529 4278; x_wconf 69' lang='lat' dir='ltr'><strong>mquaverunt.</strong></span> <span class='ocrx_word' id='word_1_591' title='bbox 2589 4206 2751 4260; x_wconf 89' lang='lat' dir='ltr'><strong>Nono</strong></span> <span class='ocrx_word' id='word_1_592' title='bbox 2809 4220 2966 4259; x_wconf 91' lang='lat' dir='ltr'><strong>anno</strong></span> <span class='ocrx_word' id='word_1_593' title='bbox 3036 4203 3098 4257; x_wconf 91' lang='lat' dir='ltr'><strong>in</strong></span> <span class='ocrx_word' id='word_1_594' title='bbox 3157 4206 3351 4257; x_wconf 85' lang='lat' dir='ltr'><strong>statua</strong></span> <span class='ocrx_word' id='word_1_595' title='bbox 3430 4201 3769 4272; x_wconf 86' lang='lat' dir='ltr'><strong>ediderunt,</strong></span> 
     </span>
    </p>
   </div>
   <div class='ocr_carea' id='block_1_88' title="bbox 2123 4299 3769 4373">
    <p class='ocr_par' dir='ltr' id='par_1_88' title="bbox 2123 4299 3769 4373">
     <span class='ocr_line' id='line_1_89' title="bbox 2123 4299 3769 4373; baseline -0.002 -14"><span class='ocrx_word' id='word_1_596' title='bbox 2123 4303 2402 4359; x_wconf 91' lang='lat' dir='ltr'><strong>omnibus</strong></span> <span class='ocrx_word' id='word_1_597' title='bbox 2432 4302 2782 4359; x_wconf 87' lang='lat' dir='ltr'><strong>Christianis</strong></span> <span class='ocrx_word' id='word_1_598' title='bbox 2826 4299 3176 4368; x_wconf 84' lang='lat' dir='ltr'><strong>interfectis,</strong></span> <span class='ocrx_word' id='word_1_599' title='bbox 3210 4301 3544 4356; x_wconf 82' lang='lat' dir='ltr'><strong>Romanum</strong></span> <span class='ocrx_word' id='word_1_600' title='bbox 3586 4300 3769 4373; x_wconf 88' lang='lat' dir='ltr'><strong>impe-</strong></span> 
     </span>
    </p>
   </div>
   <div class='ocr_carea' id='block_1_89' title="bbox 2121 4391 3770 4465">
    <p class='ocr_par' dir='ltr' id='par_1_89' title="bbox 2121 4391 3770 4465">
     <span class='ocr_line' id='line_1_90' title="bbox 2121 4391 3770 4465; baseline -0.001 -16"><span class='ocrx_word' id='word_1_601' title='bbox 2121 4395 2279 4450; x_wconf 90' lang='lat' dir='ltr'><strong>rium</strong></span> <span class='ocrx_word' id='word_1_602' title='bbox 2325 4393 2503 4449; x_wconf 87' lang='lat' dir='ltr'><strong>rebus</strong></span> <span class='ocrx_word' id='word_1_603' title='bbox 2546 4393 2845 4465; x_wconf 88' lang='lat' dir='ltr'><strong>prosperis</strong></span> <span class='ocrx_word' id='word_1_604' title='bbox 2902 4391 3283 4448; x_wconf 85' lang='lat' dir='ltr'><strong>afﬂuxurum.</strong></span> <span class='ocrx_word' id='word_1_605' title='bbox 3334 4392 3512 4447; x_wconf 87' lang='lat' dir='ltr'><strong>Secus</strong></span> <span class='ocrx_word' id='word_1_606' title='bbox 3569 4398 3770 4448; x_wconf 90' lang='lat' dir='ltr'><strong>autem</strong></span> 
     </span>
    </p>
   </div>
   <div class='ocr_carea' id='block_1_90' title="bbox 2127 4482 3772 4554">
    <p class='ocr_par' dir='ltr' id='par_1_90' title="bbox 2127 4482 3772 4554">
     <span class='ocr_line' id='line_1_91' title="bbox 2127 4482 3772 4554; baseline -0.001 -14"><span class='ocrx_word' id='word_1_607' title='bbox 2127 4484 2282 4540; x_wconf 66' lang='lat'><strong>468</strong></span> <span class='ocrx_word' id='word_1_608' title='bbox 2315 4484 2509 4539; x_wconf 88' lang='lat' dir='ltr'><strong>evenit</strong></span> <span class='ocrx_word' id='word_1_609' title='bbox 2540 4500 2717 4554; x_wconf 88' lang='lat' dir='ltr'><strong>quam</strong></span> <span class='ocrx_word' id='word_1_610' title='bbox 2748 4483 2920 4538; x_wconf 87' lang='lat' dir='ltr'><strong>furiis</strong></span> <span class='ocrx_word' id='word_1_611' title='bbox 2950 4482 3081 4537; x_wconf 91' lang='lat' dir='ltr'><strong>istis</strong></span> <span class='ocrx_word' id='word_1_612' title='bbox 3110 4482 3300 4537; x_wconf 88' lang='lat' dir='ltr'><strong>visum</strong></span> <span class='ocrx_word' id='word_1_613' title='bbox 3330 4482 3461 4538; x_wconf 90' lang='lat' dir='ltr'><strong>fuit.</strong></span> <span class='ocrx_word' id='word_1_614' title='bbox 3516 4483 3664 4538; x_wconf 89' lang='lat' dir='ltr'><strong>Nam</strong></span> <span class='ocrx_word' id='word_1_615' title='bbox 3713 4487 3772 4538; x_wconf 90' lang='lat' dir='ltr'><strong>et</strong></span> 
     </span>
    </p>
   </div>
   <div class='ocr_carea' id='block_1_91' title="bbox 370 4562 2037 4651">
    <p class='ocr_par' dir='ltr' id='par_1_91' title="bbox 370 4562 2009 4643">
     <span class='ocr_line' id='line_1_92' title="bbox 370 4562 2009 4643; baseline -0.001 -23"><span class='ocrx_word' id='word_1_616' title='bbox 370 4562 454 4619; x_wconf 88' lang='grc' dir='ltr'>διὸ</span> <span class='ocrx_word' id='word_1_617' title='bbox 503 4566 590 4620; x_wconf 86' lang='grc' dir='ltr'><strong>καὶ</strong></span> <span class='ocrx_word' id='word_1_618' title='bbox 648 4562 813 4638; x_wconf 76' lang='grc' dir='ltr'>λιμὸς</span> <span class='ocrx_word' id='word_1_619' title='bbox 876 4565 967 4619; x_wconf 85' lang='grc' dir='ltr'><strong>καὶ</strong></span> <span class='ocrx_word' id='word_1_620' title='bbox 1027 4562 1228 4637; x_wconf 87' lang='grc' dir='ltr'>λοιμὸς</span> <span class='ocrx_word' id='word_1_621' title='bbox 1279 4564 1370 4619; x_wconf 83' lang='grc' dir='ltr'><strong>καὶ</strong></span> <span class='ocrx_word' id='word_1_622' title='bbox 1456 4564 1697 4643; x_wconf 80' lang='grc' dir='ltr'>αὐχμὸς,</span> <span class='ocrx_word' id='word_1_623' title='bbox 1756 4566 1846 4620; x_wconf 84' lang='grc' dir='ltr'>καὶ</span> <span class='ocrx_word' id='word_1_624' title='bbox 1905 4570 2009 4622; x_wconf 76' lang='grc' dir='ltr'><strong>πᾶν</strong></span> 
     </span>
    </p>
   </div>
   <div class='ocr_carea' id='block_1_92' title="bbox 2147 4562 3768 4651">
    <p class='ocr_par' dir='ltr' id='par_1_92' title="bbox 2147 4571 3768 4644">
     <span class='ocr_line' id='line_1_93' title="bbox 2147 4571 3768 4644; baseline -0.001 -15"><span class='ocrx_word' id='word_1_625' title='bbox 2147 4590 2306 4629; x_wconf 90' lang='lat' dir='ltr'><strong>ames</strong></span> <span class='ocrx_word' id='word_1_626' title='bbox 2337 4578 2397 4628; x_wconf 90' lang='lat' dir='ltr'><strong>et</strong></span> <span class='ocrx_word' id='word_1_627' title='bbox 2425 4573 2608 4644; x_wconf 87' lang='lat' dir='ltr'><strong>pestis</strong></span> <span class='ocrx_word' id='word_1_628' title='bbox 2640 4577 2699 4627; x_wconf 88' lang='lat' dir='ltr'><strong>et</strong></span> <span class='ocrx_word' id='word_1_629' title='bbox 2728 4572 2963 4628; x_wconf 87' lang='lat' dir='ltr'><strong>siccitas</strong></span> <span class='ocrx_word' id='word_1_630' title='bbox 3004 4572 3277 4627; x_wconf 90' lang='lat' dir='ltr'><strong>homines</strong></span> <span class='ocrx_word' id='word_1_631' title='bbox 3331 4571 3667 4638; x_wconf 85' lang='lat' dir='ltr'><strong>infestavit;</strong></span> <span class='ocrx_word' id='word_1_632' title='bbox 3699 4589 3768 4627; x_wconf 89' lang='lat' dir='ltr'><strong>ac</strong></span> 
     </span>
    </p>
   </div>
   <div class='ocr_carea' id='block_1_93' title="bbox 369 4652 2010 4728">
    <p class='ocr_par' dir='ltr' id='par_1_93' title="bbox 369 4652 2010 4728">
     <span class='ocr_line' id='line_1_94' title="bbox 369 4652 2010 4728; baseline 0.002 -20"><span class='ocrx_word' id='word_1_633' title='bbox 369 4654 552 4709; x_wconf 78' lang='grc' dir='ltr'>ὁτιοῦν</span> <span class='ocrx_word' id='word_1_634' title='bbox 580 4652 693 4709; x_wconf 85' lang='grc' dir='ltr'>ἔστι</span> <span class='ocrx_word' id='word_1_635' title='bbox 731 4653 896 4709; x_wconf 83' lang='grc' dir='ltr'>κακὸν</span> <span class='ocrx_word' id='word_1_636' title='bbox 952 4652 1141 4724; x_wconf 79' lang='grc' dir='ltr'>εἰπεῖν,</span> <span class='ocrx_word' id='word_1_637' title='bbox 1196 4654 1325 4715; x_wconf 80' lang='grc' dir='ltr'>τοὺς</span> <span class='ocrx_word' id='word_1_638' title='bbox 1374 4654 1692 4728; x_wconf 84' lang='grc' dir='ltr'>ἀνθρώπους</span> <span class='ocrx_word' id='word_1_639' title='bbox 1751 4654 2010 4728; x_wconf 84' lang='grc' dir='ltr'>μετῆλθε,</span> 
     </span>
    </p>
   </div>
   <div class='ocr_carea' id='block_1_94' title="bbox 366 4742 2010 4818">
    <p class='ocr_par' dir='ltr' id='par_1_94' title="bbox 366 4742 2010 4818">
     <span class='ocr_line' id='line_1_95' title="bbox 366 4742 2010 4818; baseline 0.001 -21"><span class='ocrx_word' id='word_1_640' title='bbox 366 4745 604 4818; x_wconf 81' lang='lat' dir='ltr'><strong>[P.267]</strong></span> <span class='ocrx_word' id='word_1_641' title='bbox 644 4743 732 4799; x_wconf 89' lang='grc' dir='ltr'><strong>καί</strong></span> <span class='ocrx_word' id='word_1_642' title='bbox 780 4764 928 4804; x_wconf 79' lang='grc' dir='ltr'>τινος</span> <span class='ocrx_word' id='word_1_643' title='bbox 979 4742 1162 4818; x_wconf 71' lang='grc' dir='ltr'>ἑτέρου</span> <span class='ocrx_word' id='word_1_644' title='bbox 1217 4744 1531 4815; x_wconf 78' lang='grc' dir='ltr'>νοσήματος</span> <span class='ocrx_word' id='word_1_645' title='bbox 1580 4748 1766 4818; x_wconf 83' lang='grc' dir='ltr'>μοῖρα.</span> <span class='ocrx_word' id='word_1_646' title='bbox 1808 4743 2010 4807; x_wconf 81' lang='grc' dir='ltr'>Ἕλκος</span> 
     </span>
    </p>
   </div>
   <div class='ocr_carea' id='block_1_95' title="bbox 363 4830 2012 4911">
    <p class='ocr_par' dir='ltr' id='par_1_95' title="bbox 363 4830 2012 4911">
     <span class='ocr_line' id='line_1_96' title="bbox 363 4830 2012 4911; baseline 0.001 -24"><span class='ocrx_word' id='word_1_647' title='bbox 363 4830 423 4888; x_wconf 70' lang='grc' dir='ltr'>δὲ</span> <span class='ocrx_word' id='word_1_648' title='bbox 461 4836 525 4902; x_wconf 72' lang='grc' dir='ltr'>ἦν</span> <span class='ocrx_word' id='word_1_649' title='bbox 562 4833 896 4908; x_wconf 87' lang='grc' dir='ltr'>φερωνύμως</span> <span class='ocrx_word' id='word_1_650' title='bbox 952 4836 1051 4888; x_wconf 87' lang='grc' dir='ltr'><strong>τοῦ</strong></span> <span class='ocrx_word' id='word_1_651' title='bbox 1107 4831 1396 4908; x_wconf 83' lang='grc' dir='ltr'>πυρώδους</span> <span class='ocrx_word' id='word_1_652' title='bbox 1453 4830 1718 4909; x_wconf 84' lang='grc' dir='ltr'>ἄνθρακος</span> <span class='ocrx_word' id='word_1_653' title='bbox 1778 4832 2012 4911; x_wconf 87' lang='grc' dir='ltr'>λεγόμε-</span> 
     </span>
    </p>
   </div>
   <div class='ocr_carea' id='block_1_96' title="bbox 359 4916 2010 5001">
    <p class='ocr_par' dir='ltr' id='par_1_96' title="bbox 359 4916 2010 5001">
     <span class='ocr_line' id='line_1_97' title="bbox 359 4916 2010 5001; baseline 0.002 -26"><span class='ocrx_word' id='word_1_654' title='bbox 359 4941 475 4989; x_wconf 88' lang='grc' dir='ltr'>νον,</span> <span class='ocrx_word' id='word_1_655' title='bbox 515 4922 634 4985; x_wconf 88' lang='grc' dir='ltr'>καθ’</span> <span class='ocrx_word' id='word_1_656' title='bbox 667 4921 797 4978; x_wconf 82' lang='grc' dir='ltr'>ὅλον</span> <span class='ocrx_word' id='word_1_657' title='bbox 845 4920 939 4995; x_wconf 74' lang='grc' dir='ltr'>μὲν</span> <span class='ocrx_word' id='word_1_658' title='bbox 1006 4916 1171 4996; x_wconf 69' lang='grc' dir='ltr'>ἕρπον</span> <span class='ocrx_word' id='word_1_659' title='bbox 1222 4921 1285 4976; x_wconf 86' lang='grc' dir='ltr'>τὸ</span> <span class='ocrx_word' id='word_1_660' title='bbox 1342 4924 1522 4995; x_wconf 85' lang='grc' dir='ltr'>σῶμα,</span> <span class='ocrx_word' id='word_1_661' title='bbox 1584 4920 1890 5001; x_wconf 72' lang='grc' dir='ltr'>σφαλεροὺς</span> <span class='ocrx_word' id='word_1_662' title='bbox 1952 4919 2010 4978; x_wconf 77' lang='grc' dir='ltr'>δὲ</span> 
     </span>
    </p>
   </div>
   <div class='ocr_carea' id='block_1_97' title="bbox 354 5007 2008 5084">
    <p class='ocr_par' dir='ltr' id='par_1_97' title="bbox 354 5007 2008 5084">
     <span class='ocr_line' id='line_1_98' title="bbox 354 5007 2008 5084; baseline 0.002 -20"><span class='ocrx_word' id='word_1_663' title='bbox 354 5015 473 5072; x_wconf 91' lang='grc' dir='ltr'>τοῖς</span> <span class='ocrx_word' id='word_1_664' title='bbox 503 5011 829 5066; x_wconf 90' lang='grc' dir='ltr'>πεπονθόσιν</span> <span class='ocrx_word' id='word_1_665' title='bbox 859 5010 1089 5065; x_wconf 84' lang='grc' dir='ltr'>ἐνεποίει</span> <span class='ocrx_word' id='word_1_666' title='bbox 1113 5007 1420 5072; x_wconf 87' lang='grc' dir='ltr'>κινδύνους.</span> <span class='ocrx_word' id='word_1_667' title='bbox 1481 5010 1558 5068; x_wconf 79' lang='grc' dir='ltr'><strong>Οὐ</strong></span> <span class='ocrx_word' id='word_1_668' title='bbox 1593 5011 1701 5084; x_wconf 78' lang='grc' dir='ltr'><strong>μὴν</strong></span> <span class='ocrx_word' id='word_1_669' title='bbox 1754 5008 1811 5067; x_wconf 67' lang='grc' dir='ltr'>δὲ</span> <span class='ocrx_word' id='word_1_670' title='bbox 1860 5008 2008 5067; x_wconf 75' lang='grc' dir='ltr'>ἀλλὰ</span> 
     </span>
    </p>
   </div>
   <div class='ocr_carea' id='block_1_98' title="bbox 355 5098 2000 5177">
    <p class='ocr_par' dir='ltr' id='par_1_98' title="bbox 355 5098 2000 5177">
     <span class='ocr_line' id='line_1_99' title="bbox 355 5098 2000 5177; baseline 0.001 -22"><span class='ocrx_word' id='word_1_671' title='bbox 355 5100 446 5155; x_wconf 82' lang='grc' dir='ltr'><strong>καὶ</strong></span> <span class='ocrx_word' id='word_1_672' title='bbox 512 5100 647 5155; x_wconf 89' lang='grc' dir='ltr'><strong>κατά</strong></span> <span class='ocrx_word' id='word_1_673' title='bbox 703 5104 810 5156; x_wconf 86' lang='grc' dir='ltr'><strong>τῶν</strong></span> <span class='ocrx_word' id='word_1_674' title='bbox 894 5098 1193 5177; x_wconf 82' lang='grc' dir='ltr'>ὀφθαλμῶν</span> <span class='ocrx_word' id='word_1_675' title='bbox 1253 5099 1537 5174; x_wconf 81' lang='grc' dir='ltr'>ἐξαιρέτως</span> <span class='ocrx_word' id='word_1_676' title='bbox 1583 5098 1672 5155; x_wconf 80' lang='grc' dir='ltr'>ἐπὶ</span> <span class='ocrx_word' id='word_1_677' title='bbox 1746 5098 2000 5156; x_wconf 82' lang='grc' dir='ltr'>πλεῖστον</span> 
     </span>
    </p>
   </div>
   <div class='ocr_carea' id='block_1_99' title="bbox 355 5183 1999 5265">
    <p class='ocr_par' dir='ltr' id='par_1_99' title="bbox 355 5183 1999 5265">
     <span class='ocr_line' id='line_1_100' title="bbox 355 5183 1999 5265; baseline 0.002 -22"><span class='ocrx_word' id='word_1_678' title='bbox 355 5190 650 5264; x_wconf 85' lang='grc' dir='ltr'>γενόμενον</span> <span class='ocrx_word' id='word_1_679' title='bbox 714 5189 943 5264; x_wconf 86' lang='grc' dir='ltr'>μυρίους</span> <span class='ocrx_word' id='word_1_680' title='bbox 1000 5189 1160 5253; x_wconf 86' lang='grc' dir='ltr'>’ὀσους</span> <span class='ocrx_word' id='word_1_681' title='bbox 1218 5185 1412 5265; x_wconf 72' lang='grc' dir='ltr'>ἄνδρας</span> <span class='ocrx_word' id='word_1_682' title='bbox 1471 5183 1585 5264; x_wconf 78' lang='grc' dir='ltr'>ἅμα</span> <span class='ocrx_word' id='word_1_683' title='bbox 1646 5190 1853 5264; x_wconf 80' lang='grc' dir='ltr'>γυναιξὶ</span> <span class='ocrx_word' id='word_1_684' title='bbox 1911 5191 1999 5246; x_wconf 83' lang='grc' dir='ltr'><strong>καὶ</strong></span> 
     </span>
    </p>
   </div>
   <div class='ocr_carea' id='block_1_100' title="bbox 351 5276 1995 5356">
    <p class='ocr_par' dir='ltr' id='par_1_100' title="bbox 351 5276 1995 5356">
     <span class='ocr_line' id='line_1_101' title="bbox 351 5276 1995 5356; baseline 0.002 -23"><span class='ocrx_word' id='word_1_685' title='bbox 351 5279 506 5334; x_wconf 79' lang='grc' dir='ltr'>παισὶ</span> <span class='ocrx_word' id='word_1_686' title='bbox 536 5277 747 5351; x_wconf 75' lang='grc' dir='ltr'>πηροὺς</span> <span class='ocrx_word' id='word_1_687' title='bbox 797 5277 1184 5355; x_wconf 76' lang='grc' dir='ltr'>ἀπειργάσατο.</span> <span class='ocrx_word' id='word_1_688' title='bbox 1244 5276 1343 5333; x_wconf 71' lang='lat' dir='ltr'><strong>Kal</strong></span> <span class='ocrx_word' id='word_1_689' title='bbox 1401 5278 1491 5333; x_wconf 70' lang='grc' dir='ltr'><strong>σὺν</strong></span> <span class='ocrx_word' id='word_1_690' title='bbox 1549 5280 1765 5342; x_wconf 91' lang='grc' dir='ltr'>τούτοις</span> <span class='ocrx_word' id='word_1_691' title='bbox 1823 5303 1995 5356; x_wconf 77' lang='grc' dir='ltr'>προσ-</span> 
     </span>
    </p>
   </div>
   <div class='ocr_carea' id='block_1_101' title="bbox 350 5367 1991 5443">
    <p class='ocr_par' dir='ltr' id='par_1_101' title="bbox 350 5367 1991 5443">
     <span class='ocr_line' id='line_1_102' title="bbox 350 5367 1991 5443; baseline 0.001 -19"><span class='ocrx_word' id='word_1_692' title='bbox 350 5369 689 5424; x_wconf 86' lang='grc' dir='ltr'>επανίσταται</span> <span class='ocrx_word' id='word_1_693' title='bbox 746 5371 826 5439; x_wconf 82' lang='grc' dir='ltr'><strong>τῷ</strong></span> <span class='ocrx_word' id='word_1_694' title='bbox 884 5367 1127 5441; x_wconf 78' lang='grc' dir='ltr'>τυράννῳ</span> <span class='ocrx_word' id='word_1_695' title='bbox 1185 5369 1213 5422; x_wconf 86' lang='grc' dir='ltr'><strong>ὁ</strong></span> <span class='ocrx_word' id='word_1_696' title='bbox 1265 5368 1396 5443; x_wconf 87' lang='grc' dir='ltr'>πρὸς</span> <span class='ocrx_word' id='word_1_697' title='bbox 1456 5370 1787 5443; x_wconf 76' lang='grc' dir='ltr'>Ἀρμενίους</span> <span class='ocrx_word' id='word_1_698' title='bbox 1827 5370 1991 5427; x_wconf 86' lang='grc' dir='ltr'>πόλε-</span> 
     </span>
    </p>
   </div>
   <div class='ocr_carea' id='block_1_102' title="bbox 351 5454 1990 5538">
    <p class='ocr_par' dir='ltr' id='par_1_102' title="bbox 351 5454 1990 5538">
     <span class='ocr_line' id='line_1_103' title="bbox 351 5454 1990 5538; baseline 0.002 -26"><span class='ocrx_word' id='word_1_699' title='bbox 351 5478 476 5533; x_wconf 87' lang='grc' dir='ltr'>μος,</span> <span class='ocrx_word' id='word_1_700' title='bbox 511 5455 721 5532; x_wconf 76' lang='grc' dir='ltr'>ἁθρόως</span> <span class='ocrx_word' id='word_1_701' title='bbox 754 5456 841 5531; x_wconf 76' lang='grc' dir='ltr'><strong>ὕφ’</strong></span> <span class='ocrx_word' id='word_1_702' title='bbox 894 5454 989 5511; x_wconf 83' lang='grc' dir='ltr'>ἓνα</span> <span class='ocrx_word' id='word_1_703' title='bbox 1037 5457 1128 5514; x_wconf 84' lang='grc' dir='ltr'><strong>καὶ</strong></span> <span class='ocrx_word' id='word_1_704' title='bbox 1183 5457 1276 5511; x_wconf 86' lang='grc' dir='ltr'><strong>τὸν</strong></span> <span class='ocrx_word' id='word_1_705' title='bbox 1314 5456 1471 5513; x_wconf 81' lang='grc' dir='ltr'>αὐτὸν</span> <span class='ocrx_word' id='word_1_706' title='bbox 1527 5459 1714 5535; x_wconf 90' lang='grc' dir='ltr'>καιρὸν</span> <span class='ocrx_word' id='word_1_707' title='bbox 1765 5459 1990 5538; x_wconf 75' lang='grc' dir='ltr'>συρῥεύ-</span> 
     </span>
    </p>
   </div>
   <div class='ocr_carea' id='block_1_103' title="bbox 419 5636 907 5705">
    <p class='ocr_par' dir='ltr' id='par_1_103' title="bbox 419 5636 907 5705">
     <span class='ocr_line' id='line_1_104' title="bbox 419 5636 907 5705; baseline 0.006 -12"><span class='ocrx_word' id='word_1_708' title='bbox 419 5636 466 5674; x_wconf 74' lang='grc'><strong>⁵³</strong></span> <span class='ocrx_word' id='word_1_709' title='bbox 494 5639 658 5698; x_wconf 80' lang='lat' dir='ltr'><strong>Joan.</strong></span> <span class='ocrx_word' id='word_1_710' title='bbox 695 5653 785 5705; x_wconf 80' lang='lat' dir='ltr'><strong>xv,</strong></span> <span class='ocrx_word' id='word_1_711' title='bbox 820 5637 907 5696; x_wconf 87' lang='grc'><strong>13.</strong></span> 
     </span>
    </p>
   </div>
   <div class='ocr_carea' id='block_1_104' title="bbox 2122 4662 3764 4732">
    <p class='ocr_par' dir='ltr' id='par_1_104' title="bbox 2122 4662 3764 4732">
     <span class='ocr_line' id='line_1_105' title="bbox 2122 4662 3764 4732; baseline -0.003 -13"><span class='ocrx_word' id='word_1_712' title='bbox 2122 4663 2324 4719; x_wconf 89' lang='lat' dir='ltr'><strong>ulcera</strong></span> <span class='ocrx_word' id='word_1_713' title='bbox 2352 4679 2500 4732; x_wconf 92' lang='lat' dir='ltr'><strong>quos</strong></span> <span class='ocrx_word' id='word_1_714' title='bbox 2531 4662 2924 4718; x_wconf 89' lang='lat' dir='ltr'><strong>carbunculos</strong></span> <span class='ocrx_word' id='word_1_715' title='bbox 2953 4668 3181 4730; x_wconf 87' lang='lat' dir='ltr'><strong>vocant,</strong></span> <span class='ocrx_word' id='word_1_716' title='bbox 3231 4678 3336 4732; x_wconf 91' lang='lat' dir='ltr'><strong>per</strong></span> <span class='ocrx_word' id='word_1_717' title='bbox 3389 4667 3576 4717; x_wconf 89' lang='lat' dir='ltr'><strong>totum</strong></span> <span class='ocrx_word' id='word_1_718' title='bbox 3631 4678 3764 4715; x_wconf 92' lang='lat' dir='ltr'><strong>ser-</strong></span> 
     </span>
    </p>
   </div>
   <div class='ocr_carea' id='block_1_105' title="bbox 2122 4750 3763 4826">
    <p class='ocr_par' dir='ltr' id='par_1_105' title="bbox 2122 4750 3763 4826">
     <span class='ocr_line' id='line_1_106' title="bbox 2122 4750 3763 4826; baseline -0.004 -17"><span class='ocrx_word' id='word_1_719' title='bbox 2122 4754 2325 4826; x_wconf 85' lang='lat' dir='ltr'><strong>pentia</strong></span> <span class='ocrx_word' id='word_1_720' title='bbox 2380 4770 2595 4825; x_wconf 90' lang='lat' dir='ltr'><strong>corpus</strong></span> <span class='ocrx_word' id='word_1_721' title='bbox 2650 4752 3016 4825; x_wconf 90' lang='lat' dir='ltr'><strong>periculosos</strong></span> <span class='ocrx_word' id='word_1_722' title='bbox 3099 4751 3338 4808; x_wconf 87' lang='lat' dir='ltr'><strong>morbos</strong></span> <span class='ocrx_word' id='word_1_723' title='bbox 3414 4750 3763 4819; x_wconf 86' lang='lat' dir='ltr'><strong>afferebant,</strong></span> 
     </span>
    </p>
   </div>
   <div class='ocr_carea' id='block_1_106' title="bbox 2123 4836 3764 4913">
    <p class='ocr_par' dir='ltr' id='par_1_106' title="bbox 2123 4836 3764 4913">
     <span class='ocr_line' id='line_1_107' title="bbox 2123 4836 3764 4913; baseline -0.003 -18"><span class='ocrx_word' id='word_1_724' title='bbox 2123 4842 2451 4913; x_wconf 76' lang='lat' dir='ltr'><strong>prmsertim</strong></span> <span class='ocrx_word' id='word_1_725' title='bbox 2484 4847 2683 4896; x_wconf 89' lang='lat' dir='ltr'><strong>autem</strong></span> <span class='ocrx_word' id='word_1_726' title='bbox 2717 4841 2905 4896; x_wconf 86' lang='lat' dir='ltr'><strong>oculis</strong></span> <span class='ocrx_word' id='word_1_727' title='bbox 2953 4846 3020 4895; x_wconf 89' lang='lat' dir='ltr'><strong>ut</strong></span> <span class='ocrx_word' id='word_1_728' title='bbox 3062 4840 3383 4911; x_wconf 90' lang='lat' dir='ltr'><strong>plurimum</strong></span> <span class='ocrx_word' id='word_1_729' title='bbox 3438 4836 3764 4908; x_wconf 86' lang='lat' dir='ltr'><strong>occupatis,</strong></span> 
     </span>
    </p>
   </div>
   <div class='ocr_carea' id='block_1_107' title="bbox 2120 4927 3767 4999">
    <p class='ocr_par' dir='ltr' id='par_1_107' title="bbox 2120 4927 3767 4999">
     <span class='ocr_line' id='line_1_108' title="bbox 2120 4927 3767 4999; baseline -0.003 -14"><span class='ocrx_word' id='word_1_730' title='bbox 2120 4930 2308 4985; x_wconf 89' lang='lat' dir='ltr'><strong>multa</strong></span> <span class='ocrx_word' id='word_1_731' title='bbox 2365 4931 2648 4999; x_wconf 88' lang='lat' dir='ltr'><strong>virorum,</strong></span> <span class='ocrx_word' id='word_1_732' title='bbox 2710 4930 3029 4985; x_wconf 90' lang='lat' dir='ltr'><strong>mulierum</strong></span> <span class='ocrx_word' id='word_1_733' title='bbox 3077 4943 3518 4999; x_wconf 89' lang='lat' dir='ltr'><strong>puerorumque</strong></span> <span class='ocrx_word' id='word_1_734' title='bbox 3576 4927 3767 4981; x_wconf 89' lang='lat' dir='ltr'><strong>millia</strong></span> 
     </span>
    </p>
   </div>
   <div class='ocr_carea' id='block_1_108' title="bbox 2116 5015 3765 5086">
    <p class='ocr_par' dir='ltr' id='par_1_108' title="bbox 2116 5015 3765 5086">
     <span class='ocr_line' id='line_1_109' title="bbox 2116 5015 3765 5086; baseline -0.004 -12"><span class='ocrx_word' id='word_1_735' title='bbox 2116 5019 2560 5075; x_wconf 87' lang='lat' dir='ltr'><strong>mutilaverunt.</strong></span> <span class='ocrx_word' id='word_1_736' title='bbox 2585 5018 2771 5074; x_wconf 87' lang='lat' dir='ltr'><strong>Simul</strong></span> <span class='ocrx_word' id='word_1_737' title='bbox 2803 5024 2861 5073; x_wconf 90' lang='lat' dir='ltr'><strong>et</strong></span> <span class='ocrx_word' id='word_1_738' title='bbox 2881 5016 3105 5073; x_wconf 91' lang='lat' dir='ltr'><strong>bellum</strong></span> <span class='ocrx_word' id='word_1_739' title='bbox 3136 5015 3484 5071; x_wconf 86' lang='lat' dir='ltr'><strong>Armenium</strong></span> <span class='ocrx_word' id='word_1_740' title='bbox 3512 5018 3765 5086; x_wconf 87' lang='lat' dir='ltr'><strong>tyranno</strong></span> 
     </span>
    </p>
   </div>
   <div class='ocr_carea' id='block_1_109' title="bbox 2114 5104 3759 5179">
    <p class='ocr_par' dir='ltr' id='par_1_109' title="bbox 2114 5104 3759 5179">
     <span class='ocr_line' id='line_1_110' title="bbox 2114 5104 3759 5179; baseline -0.002 -15"><span class='ocrx_word' id='word_1_741' title='bbox 2114 5108 2343 5165; x_wconf 87' lang='lat' dir='ltr'><strong>incidit.</strong></span> <span class='ocrx_word' id='word_1_742' title='bbox 2377 5110 2483 5164; x_wconf 92' lang='lat' dir='ltr'><strong>Tot</strong></span> <span class='ocrx_word' id='word_1_743' title='bbox 2514 5113 2792 5179; x_wconf 89' lang='lat' dir='ltr'><strong>tantaque</strong></span> <span class='ocrx_word' id='word_1_744' title='bbox 2823 5106 3004 5162; x_wconf 88' lang='lat' dir='ltr'><strong>simul</strong></span> <span class='ocrx_word' id='word_1_745' title='bbox 3032 5105 3192 5161; x_wconf 87' lang='lat' dir='ltr'><strong>mala</strong></span> <span class='ocrx_word' id='word_1_746' title='bbox 3234 5104 3441 5159; x_wconf 91' lang='lat' dir='ltr'><strong>eodem</strong></span> <span class='ocrx_word' id='word_1_747' title='bbox 3494 5109 3759 5177; x_wconf 88' lang='lat' dir='ltr'><strong>tempore</strong></span> 
     </span>
    </p>
   </div>
   <div class='ocr_carea' id='block_1_110' title="bbox 2110 5193 3754 5270">
    <p class='ocr_par' dir='ltr' id='par_1_110' title="bbox 2110 5193 3754 5270">
     <span class='ocr_line' id='line_1_111' title="bbox 2110 5193 3754 5270; baseline 0 -20"><span class='ocrx_word' id='word_1_748' title='bbox 2110 5196 2447 5270; x_wconf 88' lang='lat' dir='ltr'><strong>ingruentia</strong></span> <span class='ocrx_word' id='word_1_749' title='bbox 2477 5197 2722 5268; x_wconf 88' lang='lat' dir='ltr'><strong>impiam</strong></span> <span class='ocrx_word' id='word_1_750' title='bbox 2771 5195 3053 5252; x_wconf 87' lang='lat' dir='ltr'><strong>adversus</strong></span> <span class='ocrx_word' id='word_1_751' title='bbox 3112 5196 3296 5249; x_wconf 88' lang='lat' dir='ltr'><strong>Deum</strong></span> <span class='ocrx_word' id='word_1_752' title='bbox 3351 5193 3754 5264; x_wconf 89' lang='lat' dir='ltr'><strong>audacemque</strong></span> 
     </span>
    </p>
   </div>
   <div class='ocr_carea' id='block_1_111' title="bbox 2109 5283 3749 5359">
    <p class='ocr_par' dir='ltr' id='par_1_111' title="bbox 2109 5283 3749 5359">
     <span class='ocr_line' id='line_1_112' title="bbox 2109 5283 3749 5359; baseline -0.002 -18"><span class='ocrx_word' id='word_1_753' title='bbox 2109 5287 2237 5359; x_wconf 86' lang='lat' dir='ltr'><strong>ejus</strong></span> <span class='ocrx_word' id='word_1_754' title='bbox 2288 5287 2640 5358; x_wconf 87' lang='lat' dir='ltr'><strong>jactantiam</strong></span> <span class='ocrx_word' id='word_1_755' title='bbox 2686 5286 3111 5351; x_wconf 86' lang='lat' dir='ltr'><strong>refutaverunt,</strong></span> <span class='ocrx_word' id='word_1_756' title='bbox 3162 5300 3299 5339; x_wconf 91' lang='lat' dir='ltr'><strong>cum</strong></span> <span class='ocrx_word' id='word_1_757' title='bbox 3357 5283 3408 5338; x_wconf 91' lang='lat' dir='ltr'><strong>is</strong></span> <span class='ocrx_word' id='word_1_758' title='bbox 3464 5300 3532 5339; x_wconf 93' lang='lat' dir='ltr'><strong>eo</strong></span> <span class='ocrx_word' id='word_1_759' title='bbox 3592 5283 3749 5354; x_wconf 92' lang='lat' dir='ltr'><strong>quod</strong></span> 
     </span>
    </p>
   </div>
   <div class='ocr_carea' id='block_1_112' title="bbox 2104 5372 3750 5430">
    <p class='ocr_par' dir='ltr' id='par_1_112' title="bbox 2104 5372 3750 5430">
     <span class='ocr_line' id='line_1_113' title="bbox 2104 5372 3750 5430; baseline 0 -1"><span class='ocrx_word' id='word_1_760' title='bbox 2104 5374 2439 5430; x_wconf 88' lang='lat' dir='ltr'><strong>simulacris</strong></span> <span class='ocrx_word' id='word_1_761' title='bbox 2469 5374 2733 5430; x_wconf 91' lang='lat' dir='ltr'><strong>divinum</strong></span> <span class='ocrx_word' id='word_1_762' title='bbox 2756 5374 2981 5430; x_wconf 90' lang='lat' dir='ltr'><strong>cultum</strong></span> <span class='ocrx_word' id='word_1_763' title='bbox 3012 5372 3319 5428; x_wconf 84' lang='lat' dir='ltr'><strong>exhiberet</strong></span> <span class='ocrx_word' id='word_1_764' title='bbox 3355 5373 3750 5429; x_wconf 90' lang='lat' dir='ltr'><strong>Christianos-</strong></span> 
     </span>
    </p>
   </div>
   <div class='ocr_carea' id='block_1_113' title="bbox 2102 5462 3749 5537">
    <p class='ocr_par' dir='ltr' id='par_1_113' title="bbox 2102 5462 3749 5537">
     <span class='ocr_line' id='line_1_114' title="bbox 2102 5462 3749 5537; baseline 0.001 -17"><span class='ocrx_word' id='word_1_765' title='bbox 2102 5479 2217 5537; x_wconf 89' lang='lat' dir='ltr'><strong>que</strong></span> <span class='ocrx_word' id='word_1_766' title='bbox 2276 5469 2664 5537; x_wconf 82' lang='lat' dir='ltr'><strong>oppugnaret.</strong></span> <span class='ocrx_word' id='word_1_767' title='bbox 2725 5464 2958 5523; x_wconf 88' lang='lat' dir='ltr'><strong>nullum</strong></span> <span class='ocrx_word' id='word_1_768' title='bbox 3006 5478 3233 5532; x_wconf 90' lang='lat' dir='ltr'><strong>eorum,</strong></span> <span class='ocrx_word' id='word_1_769' title='bbox 3297 5462 3518 5520; x_wconf 89' lang='lat' dir='ltr'><strong>nedum</strong></span> <span class='ocrx_word' id='word_1_770' title='bbox 3569 5463 3749 5521; x_wconf 90' lang='lat' dir='ltr'><strong>simul</strong></span> 
     </span>
    </p>
   </div>
   <div class='ocr_carea' id='block_1_114' title="bbox 3718 296 3929 374">
    <p class='ocr_par' dir='ltr' id='par_1_114' title="bbox 3718 296 3929 374">
     <span class='ocr_line' id='line_1_115' title="bbox 3718 296 3929 374; baseline 0 -1"><span class='ocrx_word' id='word_1_771' title='bbox 3718 313 3845 374; x_wconf 80' lang='lat'><strong>510</strong></span> <span class='ocrx_word' id='word_1_772' title='bbox 3924 296 3929 303; x_wconf 69' lang='grc'><strong><em>“</em></strong></span> 
     </span>
    </p>
   </div>
  </div>
