4194 6198
352 331 466 394 511

1709 333 2026 394 GEORGII
2070 329 2410 394 CEDRENI

3633 327 3751 388 512

356 467 578 534 omnia,
611 468 721 524 sibi
778 466 1163 524 metuendum
1213 481 1418 522 secure
1466 463 1808 538 putavisset.
1863 467 1998 522 Ηωο

2116 485 2276 521 σαντα
2303 471 2404 536 τῆς
2459 468 2555 521 τοῦ
2615 459 2907 524 δυσσεϐοῦς
2949 461 3283 538 θρασύτητος
3331 460 3432 529 τήν
3481 458 3618 515 κατᾶ
3661 463 3757 516 τοῦ

356 576 494 630 ergo
546 557 858 613 confertim
915 557 1240 624 irruerunt,
1292 555 1772 627 principiumque
1821 556 2004 612 simul

359 647 517 702 exitii
547 653 799 717 tyranno
831 644 1096 715 appetiit.
1129 649 1318 714 Atque
1352 645 1402 698 is
1433 643 1672 714 quidem
1709 661 1846 700 cum
1880 645 2002 699 suis

354 734 688 806 legionibus
747 733 903 788 bello
957 735 1236 788 Armenio
1285 733 1690 796 incumbebat,
1741 733 2005 805 reliquos

358 828 558 880 autem
618 823 671 878 ei
730 821 998 878 subditas
1054 821 1234 878 urbes
1293 823 1698 878 inhabitantes
1755 823 2008 895 graviter

353 914 544 969 fames
567 912 855 982 juxtaque
906 913 1088 982 pestis
1135 911 1523 984 afﬂigebant;
1581 929 1647 967 ac
1703 913 2004 967 innumeri

360 1018 469 1074 per
491 999 691 1066 urbes,
714 1001 917 1072 plures
948 1002 1128 1056 etiam
1158 1018 1264 1072 per
1294 1017 1465 1074 agros
1514 1007 1574 1056 et
1620 1017 1798 1073 pagos
1849 1001 2004 1072 peri-

357 1092 525 1154 bant,
559 1096 612 1146 et
645 1107 828 1162 prope
859 1091 1117 1146 universi
1149 1108 1284 1146 cum
1315 1091 1738 1146 alimentorum
1771 1091 2004 1146 defectu

352 1186 479 1236 tum
509 1185 672 1251 peste
721 1179 1268 1252 exstinguebantur.
1328 1181 1552 1252 Quippe
1603 1181 1703 1235 alii
1738 1180 2006 1252 gramine

352 1274 660 1324 vescentes
702 1285 966 1340 corporis
1013 1269 1282 1324 habitum
1339 1269 1646 1336 vitiabant,
1694 1269 1894 1339 itaque
1944 1283 2005 1322 se

350 1357 720 1429 perdebant;
755 1357 855 1411 alii
885 1357 1070 1411 macie
1097 1357 1458 1428 consumpti,
1491 1357 1718 1412 umbris
1749 1362 2008 1411 mortuo-

351 1461 486 1500 rum
520 1443 818 1499 assimiles
852 1444 991 1498 hinc
1021 1444 1158 1498 inde
1191 1444 1578 1514 deliuquente
1610 1445 1808 1499 animo
1841 1443 2007 1498 ober-

357 1533 585 1599 rabant,
621 1532 1064 1602 titubantesque
1095 1533 1156 1586 in
1187 1533 1398 1604 plateis
1420 1532 1832 1588 concidebant.
1864 1532 2008 1587 Inde

357 1621 520 1676 nuda
550 1622 834 1676 cadavera
864 1621 1203 1693 complures
1235 1622 1362 1676 dies
1394 1622 1716 1693 sepulturas
1748 1621 2011 1692 expertia

359 1710 611 1781 sparsim
631 1709 917 1780 jacebant
945 1725 1012 1764 ac
1044 1710 1448 1781 spectaculum
1489 1702 1870 1765 cernentibus
1899 1709 2010 1764 mi-

2105 559 2239 610 Θεοῦ
2269 552 2672 632 μεγαλαυχίαν,
2706 551 2789 608 ὅτι
2831 550 2898 622 δὴ
2930 554 3028 620 τῆς
3061 549 3187 625 περὶ
3218 550 3285 604 τὰ
3339 546 3545 604 εἴδωλα
3597 569 3763 602 σπου-

2106 640 2205 714 δῆς
2237 643 2404 698 αὐτοῦ
2432 643 2650 712 καὶτῆς
2686 643 2805 705 καθ’
2870 642 3032 713 ἡμῶν
3081 637 3236 695 ἓνεκα
3297 636 3624 710 πολιορκίας
3683 637 3759 708 μή

2107 729 2272 803 λιμὸν
2310 728 2450 804 μηδὲ
2483 731 2679 804 λοιμὸν
2712 731 2852 802 μήτε
2893 730 2999 803 μὴν
3032 726 3280 800 πόλεμον
3311 725 3400 782 ἐπὶ
3448 727 3540 780 τὸν
3595 725 3761 780 αὐτοῦ

2107 818 2380 894 συμϐῆναι
2438 823 2625 897 καιρὸν
2695 816 3037 896 ένηϐρύνετο.
3099 822 3281 877 Ταῦτα
3356 815 3425 887 δὴ
3485 818 3580 872 οὗν
3643 818 3757 891 ἅμα

2105 912 2360 967 καὶκατὰ
2387 913 2578 966 ταυτὸν
2617 910 2884 981 ἐπῆλθον,
2915 911 3005 964 καὶ
3049 915 3152 978 τῆς
3199 909 3316 964 κατ’
3380 905 3541 964 αὺτὸν
3589 927 3750 962 κατα-

2109 1003 2347 1079 στροφῆς
2405 999 2752 1076 περιειλήφει
2803 999 2870 1052 τὰ
2925 1017 3214 1074 προοιμια.
3275 996 3449 1062 Αὐτὸς
3510 996 3604 1068 μὲν
3665 996 3756 1050 οῦν

2107 1091 2200 1145 τὸν
2229 1091 2364 1160 πρὸς
2397 1089 2719 1163 Ἀρμενίους
2752 1086 2995 1159 πόλεμον
3053 1086 3168 1160 ἃμα
3211 1091 3328 1147 τοῖς
3377 1085 3539 1140 αὐτοῦ
3588 1103 3749 1159 στρα-

2107 1177 2361 1242 τοπέδοις
2393 1183 2765 1247 κατεπονεῖτο,
2795 1177 2923 1238 τοὺς
2973 1173 3031 1231 δὲ
3087 1174 3316 1236 λοιποὺς
3369 1179 3474 1230 τῶν
3523 1175 3619 1235 τὰς
3676 1175 3765 1228 ὑπ’

2111 1267 2269 1324 αὐτὸν
2303 1266 2495 1330 πόλεις
2555 1265 2646 1322 καὶ
2699 1267 2888 1342 χώρας
2946 1265 3239 1320 οἰκούντων
3317 1261 3508 1324 δεινῶς
3540 1265 3568 1318 6
3599 1261 3766 1335 λιμὸς

2115 1358 2229 1430 ἅμα
2249 1357 2338 1412 καὶ
2363 1358 2391 1412 6
2418 1356 2616 1429 λοιμὸς
2637 1355 2958 1431 κάτέτρυχε,
2978 1354 3068 1408 καὶ
3099 1354 3286 1428 μυρίοι
3316 1353 3412 1425 μὲν
3460 1351 3756 1426 ἐτύγχανον

2114 1447 2166 1500 οἱ
2197 1445 2334 1501 κατᾶ
2361 1444 2554 1506 πόλεις
2587 1445 2890 1514 θνήκοντες,
2929 1442 3154 1503 πλείους
3188 1438 3246 1496 δὲ
3301 1440 3353 1495 οἱ
3391 1439 3507 1494 κατ’
3553 1438 3759 1513 ἀγροὺς

2112 1533 2203 1590 καὶ
2234 1535 2447 1606 κώμας,
2478 1533 2725 1589 ἁπάντων
2750 1529 2946 1610 σχεδὸν
2978 1537 3185 1609 τροφῆς
3216 1525 3391 1599 ἐνδείᾳ
3421 1527 3512 1582 καὶ
3543 1525 3768 1600 λοιμώ-

2117 1620 2195 1678 δει
2227 1623 2372 1696 νόσῳ
2402 1621 2832 1702 διεφθαρμένων.
2867 1620 2970 1678 Καὶ
2998 1621 3101 1696 γὰρ
3130 1620 3186 1675 οἱ
3215 1621 3309 1692 μὲν
3339 1617 3541 1697 χόρτον
3576 1613 3772 1702 διαμα-

2120 1714 2357 1787 σώμενοι
2389 1711 2478 1767 καὶ
2501 1701 2610 1780 τήν
2640 1708 2747 1781 ἕξιν
2788 1709 3184 1782 λυμαίνόμενοι
3238 1703 3570 1776 διώλλυντο,
3611 1705 3662 1760 οἱ
3713 1701 3774 1758 δὲ

359 1798 614 1854 serabile
645 1798 1030 1864 exhibebant,
1052 1799 1323 1869 quasdam
1343 1800 1522 1854 etiam
1543 1815 1578 1855 a
1598 1799 1842 1855 canibus
1862 1799 2008 1854 diri-

2122 1801 2527 1871 ἀπεσκληκότες
2604 1799 2788 1876 ὥσπερ
2872 1796 3081 1854 εἷ’δωλα
3135 1797 3322 1871 νεκρὰ,
3389 1793 3497 1851 ὦδε
3552 1793 3770 1849 κάκεῖσε

360 1887 993 1960 piebantur.Caaterum
1016 1889 1167 1943 469
1190 1889 1374 1960 pestis
1395 1905 1602 1944 omnes
1617 1889 1824 1943 domos
1839 1888 2013 1959 depo-

355 1977 693 2049 pulabatur.
727 1979 928 2048 Neque
957 1978 1147 2033 multo
1180 1985 1315 2049 post
1344 1980 1456 2050 ipsi
1488 1980 1723 2050 tyranni
1769 1978 2008 2050 dignam

358 2069 681 2140 impietatis
709 2085 829 2123 suae
860 2069 1194 2123 mercedem
1221 2070 1506 2134 tulerunt,
1533 2070 1711 2125 veluti
1734 2069 2010 2125 arrhabo-

358 2174 497 2212 nem
529 2158 889 2228 accipientes
922 2174 1127 2212 eorum
1151 2159 1578 2230 suppliciorum
1607 2159 1822 2229 quibus
1845 2162 2014 2214 erant

359 2250 498 2318 post
529 2250 782 2301 mortem
813 2245 1132 2301 afﬁciendi.
1164 2249 1307 2302 Nam
1339 2247 1758 2316 Diocletianus,
1784 2264 1916 2302 cum
1949 2263 2012 2301 se

357 2335 614 2406 imperio
672 2334 1080 2401 abdicavisset,
1134 2336 1548 2408 gravissimum
1617 2337 1679 2391 in
1735 2336 2010 2391 morbum

361 2423 594 2491 incidit,
628 2424 797 2494 cujus
830 2423 1132 2478 doloribus
1162 2425 1610 2480 vehementibus
1659 2430 1845 2479 totum
1877 2441 2010 2479 cor-

365 2530 476 2584 pus
507 2512 901 2585 affligebatur,
933 2513 1158 2569 viscera
1201 2515 1673 2570 inflammatione
1723 2515 2014 2570 acerrima

362 2602 918 2673 corrumpebantur,
945 2619 1200 2674 caroque
1222 2605 1496 2660 universa
1526 2621 1674 2659 ceras
1701 2605 1758 2658 in
1785 2620 2011 2658 morem

363 2693 818 2764 colliquabatur'.
861 2695 1010 2757 Quin
1070 2701 1128 2748 et
1176 2695 1509 2751 luminibus
1567 2697 1749 2751 miser
1805 2702 2011 2766 captus

364 2789 540 2854 atque
572 2783 879 2838 mutilatus
912 2787 1018 2837 est.
1064 2784 1289 2839 Exinde
1347 2786 1763 2841 miserabiliter
1810 2791 2010 2857 putre-

2123 1890 2600 1967 ψυχορραγοῦντες
2657 1887 2984 1960 ἐνσειόμενοι
3039 1907 3099 1942 τε
3154 1886 3245 1940 καὶ
3301 1883 3768 1957 περιολισθιίνον-

2121 2001 2228 2047 τες,
2281 1981 2609 2034 κατέπιπτον
2669 1977 2721 2032 ἐν
2779 1982 2898 2039 ταῖς
2953 1975 3288 2036 πλαττείαις.
3382 1974 3534 2038 Ὀθεν
3596 1973 3762 2046 νεκρά

2124 2072 2351 2143 σώματα
2404 2065 2494 2123 καί
2551 2067 2750 2144 γυμνὰ,
2826 2066 2911 2144 ἐφ’
2981 2065 3216 2140 ἡμέραις
3286 2061 3532 2118 πλείοσιν
3588 2058 3765 2140 ἄταφα

2123 2159 2502 2238 διερριμμένα,
2565 2161 2686 2223 θέαν
2742 2159 2961 2233 οίκτρὰν
3023 2157 3113 2212 καὶ
3191 2154 3426 2224 ἐλεεινὴν
3498 2159 3769 2232 παρεῖχον

2121 2255 2237 2311 τοῖς
2267 2250 2488 2324 ὁρῶσιν,
2527 2243 2638 2317 ἤδη
2694 2247 2755 2320 γέ
2809 2266 2894 2300 τοι
2951 2245 3040 2300 καὶ
3098 2248 3272 2299 κυνῶν
3327 2263 3464 2305 τινες
3524 2239 3768 2318 ἐγένοντο

2126 2338 2285 2414 βορά.
2327 2336 2450 2411 Ούχ
2489 2337 2684 2406 ἣκιστα
2740 2333 2797 2390 δὲ
2843 2335 2934 2389 καὶ
2993 2334 3022 2388 6
3066 2333 3268 2406 λοιμὸς
3320 2332 3520 2393 πάντας
3580 2330 3765 2390 οἲκους

2124 2427 2429 2501 ἐπενέμετο.
2463 2426 2590 2480 Μετ’
2641 2423 2703 2478 ού
2759 2421 2903 2479 πολὺ
2955 2419 3013 2477 δὲ
3051 2423 3140 2476 καὶ
3189 2421 3342 2476 αὐτοὶ
3399 2422 3450 2475 οἱ
3507 2420 3758 2494 τύραννοι

2123 2517 2242 2589 ἄξια
2277 2519 2378 2588 τῆς
2445 2510 2753 2576 δυσσεϐείας
2811 2514 2986 2569 αὐτῶν
3045 2513 3114 2569 τὰ
3170 2511 3420 2588 ἐπίχειρα
3466 2510 3762 2584 ἐκομίσαν-

2119 2627 2205 2674 το,
2265 2606 2431 2661 οἷονεί
2492 2600 2779 2681 ἀρραϐῶνα
2833 2609 2943 2658 τῶν
3005 2602 3322 2675 μελλόντων
3379 2600 3573 2660 αὐτοὺς
3635 2598 3770 2672 μετὰ

2123 2694 2348 2751 θάνατον
2407 2691 2747 2765 διαδέξασθαι
2803 2696 3089 2767 τιμωριῶν
3149 2689 3387 2754 ἐντεῦθεν
3461 2687 3768 2761 κομιζόμε-

2118 2803 2222 2842 νοι.
2257 2783 2418 2856 Νόσῳ
2457 2784 2561 2859 γὰρ
2620 2779 2898 2854 δεινοτάτῃ
2955 2781 2984 2834 ὁ
3042 2777 3433 2849 Διοκλητιανὸς
3475 2776 3609 2850 μετὰ
3662 2778 3762 2846 τὴν

2122 2872 2374 2937 ἀπόθεσιν
2403 2879 2504 2941 τῆς
2559 2870 2840 2946 βασιλείας
2897 2870 3201 2944 περιπεσὼν
3259 2863 3561 2942 ἀλγηδόσῖν
3616 2866 3769 2940 ἰσχυ-

2124 2967 2240 3035 ραῖς
2304 2962 2404 3030 τὴν
2467 2961 2635 3029 σάρκα
2691 2963 2864 3014 πᾶσαν
2919 2956 3321 3032 διελυμαίνετο,
3377 2955 3468 3011 καὶ
3541 2956 3610 3010 τὰ
3671 2955 3765 3028 μὲν

366 2873 504 2928 dine
522 2872 868 2943 absumptus
882 2889 950 2927 ex
968 2873 1236 2928 faucibus
1257 2875 1699 2932 multitudinem
1722 2881 2010 2935 vermium

369 2961 500 3032 ipsa
531 2977 664 3018 cum
695 2961 920 3034 lingua,
953 2979 1082 3032 quae
1113 2969 1574 3034 computruerat,
1605 2966 1810 3037 ejecit;
1832 2975 2011 3040 atque

365 3049 511 3106 adeo
541 3049 602 3104 in
636 3050 927 3122 sepulcris
976 3051 1379 3108 coniectorum
1430 3055 1778 3112 cadaverum
1822 3059 2008 3114 fetore

2121 3046 2315 3128 ἔγκατα
2360 3047 2728 3126 διεφθείροντο
2789 3048 2894 3103 ὑπὸ
2941 3055 3043 3118 τῆς
3098 3043 3475 3122 σφοδροτάτης
3531 3043 3762 3122 φλογώ-

361 3139 546 3194 nihilo
579 3139 794 3195 melius
823 3141 1014 3195 fetuit.
1051 3145 1212 3196 Inter
1239 3143 1364 3197 haac
1417 3143 1519 3199 ille
1552 3146 1784 3216 Spirans
1833 3152 2008 3217 atque

2121 3160 2280 3206 σεως,
2311 3141 2346 3207 ἠ
2381 3136 2438 3193 δδ
2469 3137 2595 3212 σὰρξ
2649 3141 2794 3192 πᾶσα
2848 3140 3022 3210 κηροῦ
3080 3133 3242 3205 δίκηυ
3304 3132 3604 3203 διετήκετο.
3663 3131 3765 3188 Καὶ

360 3245 604 3301 gemens
634 3234 886 3284 mortem
919 3230 1248 3300 invocabat,
1281 3236 1458 3302 atque
1489 3239 1753 3289 extremo
1795 3235 2008 3307 spiritu

2124 3230 2218 3283 σὺν
2247 3227 2463 3291 τούτοις
2501 3225 2860 3305 ἐκτυφλοῦται
2917 3227 3010 3281 καῖ
3059 3226 3237 3300 πηρὸς
3270 3224 3298 3278 6
3330 3221 3568 3284 δείλαιος
3628 3222 3766 3276 ἀπο-

361 3318 486 3372 Ιιωο
516 3318 691 3372 verba
722 3317 942 3372 edidit:
975 3320 1068 3372 Va;
1099 3319 1424 3374 miserabili
1458 3321 1600 3375 mihi
1625 3327 1682 3376 et
1704 3323 1880 3394 digno
1909 3324 2008 3394 qui

2117 3318 2452 3376 καθίσταται.
2505 3319 2798 3380 Κάντεῦθεν
2853 3314 3103 3377 ἐλεεινῶς
3163 3311 3606 3391 διαφθειρόμενος
3672 3310 3762 3365 καὶ

361 3407 634 3478 lugeatur
668 3423 679 3460 :
715 3423 894 3476 quam
927 3407 1124 3478 justas
1191 3424 1460 3464 meorum
1518 3411 1581 3466 in
1639 3411 2007 3467 Christianos

2119 3405 2308 3470 δεινῶς
2361 3408 2808 3479 κατασηπόμενος
2893 3403 3198 3475 σκωλήκων
3267 3401 3480 3471 πλῆθος
3547 3401 3608 3456 ἐκ
3659 3404 3759 3455 τοῦ

361 3495 684 3565 impiorum
717 3501 1037 3550 conatuum
1069 3513 1271 3567 pcenas
1301 3498 1495 3570 pendo
1527 3499 1539 3553 Ι
1576 3501 1706 3556 Hac
1756 3500 2006 3556 scelesto

2117 3497 2400 3574 φάρυγγος
2458 3496 2681 3576 ἀνέφερε
2753 3494 2845 3549 σὺν
2900 3495 2969 3564 τῇ
3027 3492 3250 3570 γλώσσῃ
3313 3491 3476 3547 αὐτοῦ
3529 3510 3761 3576 κατασα-

357 3583 448 3638 illi
487 3589 694 3654 postea
724 3585 1008 3655 temporis
1040 3593 1382 3642 evenerunt.

2116 3587 2297 3662 πείσῃ.
2330 3585 2613 3656 Τοσαύτην
2646 3582 2739 3638 οὖν
2797 3579 3062 3637 δυσωδίαν
3119 3579 3411 3654 ἐξέπεμπεν
3470 3579 3544 3640 ὡς
3603 3575 3758 3632 οὐδὲν

360 3675 468 3727 τῶν
503 3670 554 3725 έν
606 3670 797 3748 τάφοις
863 3668 1223 3736 διαλυθέντων
1275 3680 1477 3751 νεκρῶν
1537 3673 1824 3757 διαφέρειν.
1877 3680 1939 3737 'O
2000 3675 2057 3734 δὲ
2106 3679 2366 3752 τύραννος
2424 3673 2478 3730 έν
2521 3674 2739 3735 τούτοις
2796 3669 3040 3745 ἐμπνέων
3091 3671 3340 3740 στενάξας
3395 3669 3617 3723 Θάνατον
3677 3666 3772 3721 έπ-

360 3757 632 3832 εκαλεῖτο,
665 3760 754 3814 καὶ
785 3761 853 3814 τὰ
875 3761 1159 3817 τελεύταῖα
1200 3760 1374 3818 πνέων
1435 3760 1559 3842 ἔφη.
1621 3766 1688 3820 Οἳ
1750 3789 1844 3841 μοι
1899 3773 1979 3841 τῷ
2039 3765 2261 3838 ἐλεεινῷ
2315 3765 2405 3821 καὶ
2457 3765 2670 3840 Θρήνων
2726 3761 2884 3834 ἀξιῳ,
2943 3759 3134 3815 ὁποίαν
3191 3763 3301 3815 τῶν
3367 3758 3454 3842 είς,
3502 3759 3770 3842 Χριστια-

363 3854 494 3909 νούς
566 3869 658 3921 μοι
718 3848 1146 3924 τετολμημένων
1202 3841 1485 3908 ἀσεϐειῶν
1518 3854 1668 3931 ἀξίαν
1719 3853 1909 3932 ὑπέχω
1964 3857 2064 3926 τήν
2112 3853 2427 3930 τιμωρίανι
2481 3851 2583 3910 Καὶ
2641 3849 2808 3906 ταῦτα
2877 3849 2970 3923 μὲν
3029 3847 3248 3922 ὕστερον
3317 3841 3632 3920 συμϐέϐηκε
3685 3850 3768 3918 τῷ

369 3935 665 4010 ἀλιτηρίῳ.
3183 3955 3192 3964 .

438 4030 602 4082 Nono
635 4033 832 4084 autem
877 4034 934 4083 et
961 4029 1190 4086 decimo
1243 4033 1332 4087 sui
1379 4033 1614 4104 imperii
1666 4049 1822 4090 anno
1868 4037 2008 4091 Cou-

2199 4034 2284 4106 [Ρ.
2316 4033 2444 4104 268]
2472 4033 2562 4101 Τῷ
2591 4026 2650 4084 δέ
2681 4029 2725 4092 θ’
2751 4025 2842 4082 καὶ
2878 4034 2907 4080 ι’
2953 4022 3058 4082 ἔτει
3102 4031 3202 4094 τῆς
3254 4021 3538 4100 βασιλείας
3602 4023 3773 4078 αὐτοῦ

370 4118 676 4182 stantium,
709 4118 810 4188 qui
844 4134 878 4172 a
917 4119 1143 4189 pallore
1192 4120 1362 4176 faciei
1415 4121 1614 4177 Chlori
1670 4140 2008 4196 cognomem

2127 4123 2502 4180 Κωνστάντιον
2533 4119 2626 4174 τὸν
2680 4117 2978 4196 λεγόμενον
3031 4116 3257 4187 Χλωρὸν
3309 4112 3398 4170 διὰ
3440 4116 3537 4183 τήν
3589 4113 3776 4188 ὠχρό-

366 4206 521 4274 tulit,
554 4212 613 4260 et
663 4207 1082 4262 Maximianum
1133 4209 1431 4265 Galerium
1484 4212 1743 4267 Caesares
1782 4229 2008 4269 creave-

2126 4233 2264 4283 τητα
2301 4215 2400 4267 τοῦ
2455 4209 2752 4286 προσώπου
2809 4205 2975 4262 αὺτοῦ
3029 4206 3120 4260 καὶ
3173 4205 3511 4276 Μαξιμιανὸν
3572 4202 3781 4259 Γαλλέ-

360 4300 503 4350 runt
530 4295 934 4352 Diocletianus
967 4297 1464 4366 etMaximianus;
1490 4301 1680 4373 iisque
1705 4319 2008 4374 persuase-

2128 4321 2246 4378 ριον
2271 4299 2547 4374 Καίσαρας
2588 4296 2872 4368 ἐποίησαν,
2929 4295 3206 4356 πείσαντες
3256 4294 3353 4355 τὰς
3406 4291 3544 4355 ἰδίας
3591 4290 3768 4346 αὒτῶν

362 4387 507 4438 runt
536 4388 602 4437 ut
661 4382 922 4440 dimissis
981 4402 1127 4456 quas
1188 4390 1342 4443 470
1391 4389 1686 4446 habebant
1733 4393 2008 4447 uxoribus

2124 4386 2524 4450 καταλιπόντας
2567 4386 2806 4462 γαμετὰς
2844 4384 2941 4446 τὰς
2991 4383 3168 4438 αὐτῶν
3217 4380 3501 4457 εἰληφέναι
3549 4380 3776 4458 θυγατέ-

369 4471 524 4526 ﬁlias
563 4471 828 4541 ipsorum
886 4473 1191 4531 ducerent.
1242 4478 1607 4535 Theodoram
1653 4481 1818 4537 duxit
1863 4483 2008 4538 Con-

2124 4500 2243 4554 ρας.
2275 4475 2532 4546 Θεοδώρα
2577 4479 2642 4545 ἦν
2702 4479 2799 4530 τοῦ
2858 4471 3228 4528 Κωνσταντίου
3275 4471 3364 4526 καὶ
3424 4469 3696 4545 Βαλλερία
3735 4473 3771 4540 ἡ

365 4559 639 4626 stantius,
676 4561 970 4617 Valeriam
1000 4565 1268 4620 Galerius
1301 4566 1648 4624 Diocletiani
1683 4570 1890 4627 tiliam.

2124 4573 2219 4626 τοῦ
2250 4565 2552 4642 Γαλλερίου
2581 4567 2707 4636 ⁴ἢτοι
2737 4561 2833 4618 τοῦ
2865 4560 3260 4632 Διοκλητιανοῦ
3291 4561 3551 4635 θυγάτηρ.

441 4649 681 4705 Decimo
714 4666 867 4706 anno
901 4669 1035 4708 cum
1067 4653 1425 4711 Alexandria
1450 4662 1509 4711 et
1536 4660 1810 4730 {Egyptus
1864 4657 2008 4714 duce

2191 4661 2288 4729 Τῷ
2321 4658 2351 4710 ι’
2395 4655 2562 4711 αὐτοῦ
2611 4652 2718 4709 ἔτει
2747 4660 2846 4722 τῆς
2895 4647 3296 4721 Ἀλεξανδρείας
3344 4650 3436 4704 σὺν
3480 4652 3550 4722 τῇ
3597 4647 3768 4723 Αἰγύ-

367 4738 596 4795 Achille
627 4739 1039 4808 rebellassent,
1073 4743 1301 4815 impetu
1350 4747 1750 4803 Romanorum
1801 4763 2008 4820 magna

2120 4768 2240 4820 πτῳ
2279 4744 2383 4800 ὕπὸ
2413 4747 2425 4767 ’
2455 4742 2752 4820 Αχιλλέως
2805 4739 3284 4808 ἀποπατησάσης,
3350 4741 3420 4811 τῇ
3479 4731 3768 4812 προσϐολῇ

369 4833 458 4883 est
488 4828 646 4883 edita
675 4834 918 4901 strages.

2124 4840 2233 4892 τῶν
2272 4833 2564 4908 Ῥωμαίων
2595 4830 2846 4887 πλεῖστοι
2873 4827 3226 4905 ἀνῃρέθησαν.

435 4917 758 4973 Undecimo
781 4935 937 4975 anno
970 4922 1362 4979 terribibilem
1396 4925 1456 4979 in
1487 4925 1854 4981 Christianos
1875 4942 2008 4996 per-

2192 4924 2287 4996 Τῷ
2349 4923 2415 4976 ια“
2475 4919 2581 4976 ἔτει
2652 4919 2874 4997 φρικτὸν
2935 4913 3180 4991 διωγμὸν
3241 4915 3378 4970 κατὰ
3432 4915 3770 4990 Χριστιανῶν

365 5007 732 5066 secutionem
767 5011 1100 5067 excitarunt
1129 5014 1436 5086 multaque
1463 5021 1605 5070 sunt
1635 5015 1827 5070 millia
1856 5031 2008 5070 mar-

2125 5013 2427 5090 έγείραντες
2512 5009 2729 5072 πολλὰς
2816 5003 3081 5082 μυριάδας
3158 5004 3432 5079 μάρτυρας
3485 5003 3774 5072 ἐποίησαν.

362 5100 560 5166 tyrum
590 5096 762 5152 facta.
797 5099 928 5154 Fuit
960 5101 1009 5154 is
1040 5118 1234 5157 annus
1263 5102 1470 5158 mundi
1519 5105 1679 5157 5787.
1725 5105 1886 5159 Tunc
1934 5103 2008 5158 ait

2124 5105 2304 5160 Τοῦτο
2336 5095 2455 5161 ἔτος
2485 5099 2552 5168 ἦν
2579 5101 2676 5152 τοῦ
2721 5097 2933 5168 κόσμύυ
2991 5094 3180 5170 ,εψπζἌ
3251 5093 3352 5150 Καί
3403 5113 3564 5170 φησιν
3606 5090 3777 5148 Εὔα-ἑ.

364 5184 654 5240 Eusebius
685 5187 1019 5245 Adauctum
1077 5191 1424 5264 magistrum
1475 5192 1656 5248 fuisse
1711 5192 2008 5266 religionis

2127 5183 2246 5250 ὄιος
2313 5187 2394 5242 ὅτι
2454 5183 2768 5263 νΛδαγκτος
2853 5185 2966 5257 (76)
3057 5183 3350 5256 μάγιστρος
3409 5179 3772 5254 ἐμαρτύρησε.

1568 5315 1931 5374 XYLANDRI
1967 5318 2054 5373 ET
2095 5314 2312 5373 GOABI
2352 5313 2576 5368 NOTAE.

391 5431 546 5513 “(76)
584 5434 1099 5513 Leg_0_"A_8_o_mmov,
1151 5460 1283 5513 qum
1339 5447 1426 5498 est
1475 5443 1708 5499 Eusebii
1761 5462 1876 5513 vm,
1929 5448 2008 5499 7t.

2123 5439 2253 5510 ejus
2285 5454 2464 5513 uxore
2498 5441 2554 5492 et
2587 5435 2828 5513 ﬁliabus
2857 5433 3071 5513 refert,
3085 5431 3144 5513 id
3163 5431 3456 5513 Eusebi-us
3479 5431 3783 5513 capite-se—

363 5501 564 5592 litt‘ora
593 5524 621 5555 υ
656 5501 811 5592 vitio‘
847 5501 1334 5592 librarii'eitrita
1387 5521 1444 5592 et
1493 5501 2020 5592 Latina,__ideoqu_e
2122 5501 2328 5592 q'uepti
2362 5524 2738 5592 nequaquam
2753 5507 2864 5592 ‘his
2889 5502 3261 5592 tribuit,‘sed
3283 5503 3445 5592 alii:
3465 5501 3624 5592 apud
3641 5507 3780 5592 At};

361 5573 509 5654 1_talo
545 5593 665 5654 non
696 5577 851 5654 male
874 5584 1274 5654 conveniens;
1309 5585 1513 5654 quales
1547 5595 1685 5641 sunt
1707 5571 2018 5654 Honorati,
2125 5571 2603 5654 tiochonamboc
2633 5578 2809 5654 modo
2854 5583 3060 5649 stupro
3091 5573 3349 5654 flapsis.
3393 5571 3588 5654 _Porro_
3631 5571 3776 5654 quid

365 5647 694 5720 Consentii,
759 5648 1105 5721 Innocentii,
1158 5645 1431 5712 aliorum.
1485 5657 1650 5722 Quod
1699 5663 1898 5714 autem
1948 5645 2020 5713 de
2122 5651 2426 5726 dignitatis
2485 5651 2562 5708 sit
2609 5650 2913 5724 magister,
2955 5645 3043 5704 ’ex
3091 5645 3328 5704 Eusebii
3375 5645 3447 5701 de
3504 5645 3772 5702 Adaucto
