4194 6198
340 355 460 414 513

1484 352 2023 418 HISTORIARUM
2072 353 2614 417 COMPENDIUM.

3638 366 3754 424 514

347 489 464 555 Τήν
491 482 548 540 δὲ
577 486 830 560 γυναικὸς
860 485 1024 541 αὐτοῦ
1080 485 1168 540 καὶ
1217 491 1326 542 τῶν
1355 484 1663 563 θυγατέρων
1717 483 1990 558 ζητουμέ-

2121 503 2282 543 :ausa
2313 489 2602 560 supplicio
2644 491 2941 560 aﬂ‘ectum,
2984 509 3230 549 uxorem
3289 501 3487 551 autem
3544 497 3672 568 ejus
3700 503 3757 553 et

343 597 472 642 νων,
506 573 596 630 διὰ
621 575 685 629 τὸ
728 576 805 648 μὴ
855 573 1212 656 διαφθαρῆναι
1268 578 1368 646 τήν
1427 575 1777 652 σωφρονύνην
1806 575 2000 635 ἑαυτὰς

349 662 572 738 ἔρῥίψαν
653 665 790 717 κατὰ
843 667 940 718 τοῦ
995 669 1269 739 ποταμοῦ.
1320 667 1589 736 Ζητητὲον
1641 664 1740 720 οὗν
1785 663 1830 718 εἰ
1881 664 1998 738 ἀρισ

349 757 611 825 θμοῦνται
645 753 722 813 εἰς
750 753 1044 830 μάρτυρας.

418 841 506 914 Τῷ
538 842 609 916 ιβ’
649 841 755 897 ἔτει
814 845 1149 916 Μαξιμιανὸς
1179 845 1208 898 6
1240 841 1561 918 Ἐρκούλιος
1619 841 1859 904 Γαλλίας
1907 842 1999 896 καὶ

350 932 691 1005 Βρεττανίας,
751 935 1122 994 Κωνστάντιος
1180 930 1238 987 δὲ
1285 930 1544 994 Ἀλανίας
1595 931 1685 986 καὶ
1735 932 2001 1008 Ἀφρικῆς

350 1019 443 1092 ἐκρ
452 1041 550 1092 ατη
559 1041 652 1075 σαν
663 1063 676 1077 .

421 1111 514 1179 Τῷ
573 1111 642 1184 ιγ’
725 1105 832 1164 ’ἐτει
885 1108 1012 1172 τοὺς
1091 1110 1144 1166 ἐν
1203 1109 1454 1182 στρατείᾳ
1505 1109 1858 1185 Χριστιανοὺς
1916 1107 1996 1179 EE-

350 1193 571 1254 ἔϐαλον.

420 1289 515 1359 Τῷ
572 1288 635 1355 ιζ’
694 1287 722 1341 6
775 1286 1070 1363 Γαλλὲριος
1122 1289 1463 1362 Μαειμιανος
1541 1287 1680 1344 κατᾶ
1741 1286 1999 1362 Ναρσὲως

345 1381 444 1430 τοῦ
494 1379 601 1431 τῶν
663 1381 882 1451 Περσῶν
973 1376 1244 1454 βασιλέως
1306 1374 1592 1453 ἐκδραμὼν
1650 1380 1842 1431 τοῦτον
1903 1377 1996 1448 μὶν

345 1463 553 1538 ἐδίωξε,
583 1467 682 1535 τὴν
712 1462 770 1520 δὲ
799 1471 1028 1541 γυναῖκα
1071 1465 1237 1522 αὐτοῦ
1297 1465 1634 1544 ἀφελόμενος
1681 1465 1772 1520 καὶ
1829 1464 2000 1519 πάντα

347 1554 415 1608 τα
442 1553 632 1624 αὐτοῦ,
656 1555 748 1608 καὶ
808 1555 1016 1630 σφαγὴν
1079 1552 1323 1630 μεγάλην
1378 1555 1638 1624 ποιήσας,
1701 1553 1999 1626 ὑπέστρεψε

346 1643 487 1718 πρὸς
563 1643 950 1713 Διοκλητιανὸν
987 1687 1001 1714 ,
1077 1645 1167 1699 καὶ
1252 1643 1512 1720 βαλάντια
1587 1640 2000 1717 πεπληρωμένα

349 1727 494 1807 ἔχων
527 1730 695 1787 λίθων
727 1733 928 1805 τιμίων
958 1733 1047 1788 καὶ
1082 1738 1447 1809 μαργαριτῶν,
1505 1732 1594 1810 ἀφ’
1652 1732 1724 1786 ὧν
1779 1736 1996 1805 πρῶτος

351 1821 741 1893 Διοκλητιανὸς
797 1823 978 1892 ἐσθῆτι
1038 1824 1128 1877 καὶ
1183 1820 1498 1896 ὑποδήμασι
1557 1819 1734 1886 λίθοις
1788 1818 1996 1894 τιμίοις

351 1912 442 1966 καὶ
492 1917 683 1987 χρυσῷ
737 1914 1174 1985 κεκοσμημένοις
1227 1912 1527 1991 ἐχρήσατο,
1585 1909 2000 1987 προσκυνεῖσθαί

349 2022 407 2056 τε
438 2001 624 2056 ἑαυτὸν
671 2002 818 2076 παρὰ
845 2002 908 2056 τὸ
955 1999 1006 2072 ἐξ
1037 2001 1215 2077 ἀρχῆς
1260 1996 1382 2062 ἔθος
1409 1998 1655 2056 ἓκέλευσε
1680 1999 1772 2054 καὶ
1804 1998 2004 2072 θρίαμ-

348 2085 440 2144 ϐον
503 2089 830 2146 ἐπετέλεσεν.
904 2091 1214 2164 Ὠνομάσθη
1295 2087 1352 2144 δὲ
1407 2085 1678 2163 θρίαμϐος
1733 2089 1838 2144 ἀπὸ
1893 2092 2002 2143 τῶν

345 2178 488 2234 ἐπῶν
540 2184 647 2235 τῶν
705 2178 781 2240 εἲς
839 2181 930 2235 τὸν
988 2180 1260 2235 Διόνυσον
1325 2179 1533 2256 θρίασιν
1584 2180 1690 2254 γὰρ
1739 2180 1837 2248 τὴν
1895 2183 2002 2233 τῶν

352 2275 597 2340 ποιητῶν
644 2271 832 2344 μανίαν
866 2269 1142 2347 λέγουσιν·
1176 2272 1211 2338 ἢ
1246 2269 1351 2324 ἀπὸ
1381 2274 1479 2324 τοῦ
1510 2269 1654 2344 θρία,
1704 2271 1773 2324 τὰ
1815 2267 2002 2347 φύλλα

348 2367 450 2428 τῆς
479 2363 644 2427 συκῆς
674 2360 1032 2432 ἀνακειμένης
1075 2363 1155 2430 τῷ
1216 2359 1475 2432 Διονύσῳ.
1537 2357 1676 2416 Τότε
1721 2359 1811 2413 καὶ
1842 2359 1870 2413 6
1907 2356 2001 2431 μὲ-

351 2468 451 2522 γας
502 2442 835 2524 Σίλϐεστρος
905 2454 1009 2517 τῆς
1064 2446 1352 2521 Ῥωμαίων
1410 2444 1736 2516 Ἐκκλησίας
1791 2445 2002 2521 ἐκράτει

355 2535 442 2591 ἐπὶ
475 2536 712 2616 χρόνους
743 2537 850 2607 κη’.

425 2626 834 2684 Κωνσταντίνου
865 2625 923 2682 δὲ
951 2631 1047 2682 τοῦ
1078 2628 1198 2684 oio?)
1257 2628 1630 2684 Κωθσταντίου
1661 2624 1712 2682 ἕν
1743 2630 1812 2701 τῇ
1843 2627 2004 2682 Ἀνα-

358 2718 498 2792 τολῇ
526 2719 616 2774 καὶ
645 2718 974 2794 Παλαιστίνῃ
1013 2719 1146 2792 μετὰ
1198 2723 1294 2774 τοῦ
1351 2717 1655 2792 Γαλλερίου
1706 2717 2002 2792 τυγχάνον-

357 2829 448 2872 τος
481 2855 496 2880 ,
555 2808 630 2869 ὡς
697 2809 856 2863 αὐτὸν
913 2809 940 2862 6
991 2805 1289 2881 ΓαΛλέριος
1348 2808 1493 2883 ἐώρα
1550 2809 1619 2863 τὰ
1658 2811 2001 2880 Χριστιανῶν

356 2904 658 2980 φρονοῦντα
707 2899 912 2953 συνέσει
943 2919 1000 2952 τε
1029 2901 1215 2973 ψυχῆς
1247 2897 1332 2952 καὶ
1388 2897 1547 2973 ῥώμῃ
1604 2897 1857 2969 σώματος
1913 2895 2004 2950 καὶ

356 2994 425 3064 τῇ
465 2990 590 3062 περί
641 2990 740 3058 τὴν
797 2985 1077 3043 παίδευσιν
1111 2988 1307 3065 εὐφυλιᾳ
1353 2987 1752 3063 προκόπτοντα,
1785 3005 2006 3058 μαντευ-

360 3079 594 3151 σάμενος
631 3098 690 3132 τε
745 3081 935 3132 τοῦτον
985 3075 1293 3147 καταλύτην
1343 3074 1548 3131 ἔσεσθαι
1595 3081 1694 3144 τῆς
1747 3073 2004 3149 τυραννί-

352 3164 447 3231 δος
486 3167 578 3222 καὶ
616 3171 723 3221 τῶν
755 3163 1048 3242 δογμὰτων
1107 3165 1294 3235 αὐτοῦ,
1323 3162 1474 3237 δόλῳ
1531 3169 1833 3228 θανατῶσαι
1877 3168 2003 3218 τοῦ·

350 3277 444 3312 τον
476 3255 758 3330 ἕσκέψατο.
790 3254 917 3327 Θείᾳ
946 3253 1004 3310 δὲ
1049 3253 1360 3330 προμηθείᾳ
1389 3257 1544 3333 φυμῇ
1582 3254 1681 3320 τήν
1725 3252 1999 3327 σωτηρίαν

351 3346 629 3420 πορίζεται
682 3345 772 3399 καὶ
830 3345 966 3418 πρὸς
1019 3345 1110 3398 τὸν
1166 3341 1311 3398 ἴδιον
1362 3343 1568 3416 πατέρα
1625 3340 1999 3411 διασώζεται,

348 3434 535 3491 πολλὰ
564 3435 655 3488 σὺν
687 3435 836 3505 αὐτῷ
864 3438 942 3504 τῷ
973 3434 1206 3488 σώσαντι
1239 3433 1581 3510 εὐχαριστῶν
1624 3435 1865 3506 Χριστῷ.

418 3526 514 3594 Τῷ
549 3529 618 3592 ιη’
673 3517 780 3578 ἔτει
835 3520 1226 3590 Διοκλητιανοῦ
1286 3518 1561 3592 Θεοτέκνῳ
1599 3519 1759 3596 γόητι
1816 3517 2005 3583 πειθό-

355 3633 509 3685 μενος
542 3614 571 3666 ὁ
627 3610 930 3682 Γαλλέριος
989 3607 1236 3684 διωγμὸν
1289 3609 1426 3664 κατᾶ
1488 3613 1597 3664 τῶν
1657 3612 2006 3684 Χριστιανῶν

349 3699 590 3776 ἤγειρεν.
634 3700 804 3761 Οὗτος
835 3701 864 3754 6
896 3701 1180 3760 Θεότεκνος
1243 3699 1491 3772 ὑποθήκῃ
1535 3699 1619 3771 [l‘.
1653 3699 1778 3770 269]
1830 3698 2006 3766 Μαξι-

360 3795 556 3864 μιανοῦ
602 3792 671 3844 τα
739 3789 825 3844 ἐπὶ
885 3790 1122 3865 Χριστοῦ
1173 3786 1333 3857 δῆθεν
1394 3790 1539 3862 παρά
1585 3784 1826 3841 Πιλάτου
1869 3805 2004 3860 πραο

363 3879 562 3954 χθὲντα
639 3877 1033 3950 πλασάμενος,
1109 3877 1474 3950 ὑπομνήματα
1534 3874 1713 3946 πᾶσης
1753 3872 2006 3949 βλασφη-

365 3969 490 4040 μίας
574 3963 823 4021 άνάπλεα
903 3965 1043 4020 κατὰ
1119 3962 1281 4020 πόλιν
1359 3965 1446 4018 καὶ
1506 3963 1703 4037 κώμην
1760 3956 2006 4036 ἕσταλκε,

357 4057 700 4130 Μαξιμιανοῦ
731 4053 1128 4130 προστάξαντος
1182 4059 1298 4114 τοῖς
1356 4049 2010 4128 γραμματοδιδασκάλοις

2109 575 2257 632 duas
2275 577 2448 646 ﬁlias,
2474 596 2607 635 cum
2629 587 3056 650 quaererentur,
3089 600 3164 638 ne
3188 584 3474 655 pudicitia
3494 587 3755 658 ipsarum

2109 665 2446 733 violaretur,
2509 685 2640 724 sese
2698 669 2758 724 in
2816 687 3055 727 amnem
3130 673 3442 744 abjecisse.
3501 677 3758 740 Quzestio

2109 754 2289 826 igitur
2317 762 2428 820 est,
2469 757 2666 813 sintne
2698 775 2780 813 ea:
2814 761 3170 832 martyribus
3197 765 3684 821 annumerandae.

2181 844 2544 900 Duodecimo
2575 863 2730 902 anno
2747 849 3138 905 Maximianus
3158 852 3482 907 Herculeus
3513 853 3757 910 Galliam

2111 936 2170 985 et
2199 933 2586 1002 Britanniam,
2630 937 3010 994 Constantius
3058 939 3330 995 Alaniam
3388 948 3447 996 et
3499 945 3758 999 Africam

2112 1021 2524 1078 obtinuerunt.

2182 1111 2419 1167 Decimo
2449 1113 2622 1168 tertio
2653 1129 2808 1169 anno
2840 1115 3209 1172 Christianos
3239 1117 3459 1172 milites
3491 1125 3762 1175 exaucto-

2108 1206 2339 1257 rarunt.

2178 1291 2417 1346 Decimo
2433 1292 2684 1363 septimo
2709 1293 2975 1349 Galerius
2998 1296 3386 1352 Maximianus
3411 1299 3758 1354 excursione

2108 1385 2315 1436 contra
2345 1383 2569 1437 Narsen
2619 1383 2931 1439 Persarum
2986 1401 3185 1457 regem
3243 1387 3397 1442 facta
3457 1405 3644 1458 eoque
3700 1389 3760 1442 in

2106 1468 2304 1540 fugam
2343 1475 2473 1524 acto
2512 1487 2757 1527 uxorem
2820 1473 2947 1544 ejus
3006 1475 3328 1546 omniaque
3376 1476 3534 1531 bona
3583 1479 3759 1549 cepit,

2108 1574 2438 1630 magnaque
2471 1560 2625 1614 caede
2657 1567 2897 1631 peracta
2943 1562 3018 1618 ad
3067 1564 3501 1620 Diocletianum
3564 1567 3758 1635 rediit,

2109 1648 2364 1702 afferens
2407 1648 2583 1702 etiam
2643 1649 2871 1704 loculos
2931 1650 3191 1721 lapidum
3251 1653 3648 1723 pretiosorum
3704 1663 3764 1710 et

2104 1737 2384 1792 uniorum
2445 1737 2678 1808 plenos.
2725 1738 2946 1794 Exinde
2996 1747 3155 1796 veste
3215 1758 3282 1796 ac
3342 1744 3560 1799 calceis
3616 1762 3760 1801 auro

2105 1825 2477 1896 gemmisque
2522 1827 2748 1881 ornatis
2779 1827 3182 1885 Diocletianus
3214 1833 3299 1886 uti
3351 1833 3546 1904 cmpit,
3581 1850 3762 1904 seque

2113 1922 2319 1972 contra
2349 1918 2668 1988 pristinum
2709 1936 2937 1975 morem
2968 1922 3200 1978 adorari
3217 1924 3420 1995 jussit,
3453 1941 3521 1980 ac
3553 1925 3761 1980 trium-

2111 2008 2335 2078 phavit.
2368 2009 2688 2079 Triumpho
2738 2027 2957 2066 nomen
3013 2018 3101 2068 est
3135 2028 3168 2068 a
3199 2015 3560 2069 carminibus
3609 2017 3757 2070 471

2111 2097 2328 2168 quibus
2360 2097 2622 2152 Bacchus
2645 2098 2978 2156 celebratur
3003 2118 3016 2155 :
3043 2101 3290 2157 thriasin
3315 2103 3475 2158 enim
3499 2105 3762 2159 furorem

2113 2185 2411 2256 poeticum
2437 2192 2666 2240 vocant.
2698 2186 2854 2242 Vela
2881 2188 3118 2254 Thiriis,
3154 2190 3264 2245 hoc
3283 2197 3372 2244 est
3399 2191 3559 2246 foliis
3592 2193 3764 2259 ﬁcus,

2113 2275 2339 2329 Baccho
2371 2290 2572 2329 sacrm.
2605 2277 2765 2329 Tunc
2797 2277 2974 2332 etiam
3017 2294 3264 2350 magnus
3316 2280 3592 2336 Silvester
3648 2284 3764 2337 Ro-

2113 2377 2303 2417 mamn
2332 2363 2609 2417 Ecclesiae
2639 2379 2746 2434 per
2775 2380 2964 2420 annos
2995 2368 3062 2420 28
3095 2367 3352 2436 praefuit.

2185 2628 2448 2684 Galerius
2525 2645 2701 2701 porro
2777 2631 3234 2686 Constantinum
3314 2633 3512 2690 Chlori
3577 2637 3766 2693 filium

2113 2735 2315 2774 secum
2346 2719 2406 2773 in
2436 2721 2675 2775 Oriente
2708 2725 2765 2774 et
2797 2720 3098 2776 Palestina
3129 2723 3439 2794 degentem
3482 2725 3770 2783 Christia-

2112 2808 2205 2862 nis
2233 2807 2424 2864 favere
2457 2809 2818 2881 intelligens,
2869 2827 3127 2881 eumque
3186 2812 3520 2883 prudentia,
3555 2816 3766 2872 robore

2112 2914 2180 2952 ac
2209 2897 2480 2953 doctrina
2515 2899 2718 2970 augeri
2774 2897 3025 2954 subinde
3085 2901 3580 2972 animadvertens,
3615 2922 3764 2975 prse-

2114 2986 2462 3058 sagiensque
2499 2987 2571 3042 ab
2612 3004 2681 3042 eo
2741 2989 3118 3059 tyrannidem
3177 3008 3346 3046 suam
3402 2998 3460 3046 et
3518 2993 3764 3064 impiam

2116 3075 2576 3146 supersitionem
2608 3076 2896 3130 abolitum
2928 3078 3020 3146 iri,
3051 3078 3187 3132 dolo
3219 3096 3432 3135 necare
3481 3082 3766 3137 instituit.

2121 3164 2322 3218 Divina
2369 3169 2568 3219 autem
2617 3164 2988 3236 providentia
3017 3166 3237 3222 factum
3271 3174 3359 3222 est
3411 3175 3474 3223 ut
3528 3170 3576 3223 is
3633 3172 3770 3243 fuga

2115 3251 2226 3306 sibi
2259 3253 2597 3308 consuleret
2646 3254 2962 3324 salvusque
3003 3255 3076 3310 ad
3131 3261 3358 3326 patrem
3411 3259 3769 3330 perveniret,

2112 3340 2340 3395 Christo
2367 3341 2578 3397 salutis
2608 3359 2728 3398 suas
2755 3343 2980 3398 auctori
3009 3360 3144 3400 cum
3177 3361 3246 3400 eo
3287 3361 3530 3417 magnas
3587 3365 3768 3421 agens

2111 3430 2349 3501 gratias.

2183 3522 2352 3574 Anno
2383 3519 2614 3574 decimo
2646 3526 2846 3576 octavo
2879 3521 3144 3577 Galerius
3175 3523 3494 3579 Theotecni
3532 3525 3765 3596 praesti-

2112 3606 2354 3678 giatoris
2409 3609 2683 3663 suasione
2741 3609 2805 3663 in
2861 3610 3227 3666 Christianos
3288 3615 3764 3682 persecutionem

2113 3695 2406 3750 excitavit.
2460 3697 2514 3750 Is
2557 3697 2926 3751 Theotecnus
2974 3697 3151 3768 jussu
3203 3701 3543 3757 Maximiani
3585 3721 3771 3758 rema

2114 3783 2345 3838 Christo
2365 3783 2522 3855 apud
2552 3784 2805 3839 Pilatum
2835 3791 3061 3856 gestam
3086 3790 3436 3858 composuit,
3464 3807 3770 3846 commen-

2116 3873 2417 3943 tariosque
2450 3888 2588 3928 suos
2618 3873 2814 3929 omnis
2844 3875 3077 3945 generis
3107 3875 3426 3945 impiorum
3482 3879 3768 3933 maledic-

2115 3969 2312 4016 torum
2341 3960 2572 4042 plenos.
2596 3977 2703 4032 per
2733 3978 2942 4016 omnes
3003 3962 3178 4017 urbes
3207 3968 3385 4033 atque
3442 3981 3620 4037 pagos
3651 3967 3770 4021 cir-

2118 4051 2444 4120 cummisit,
2477 4051 2828 4107 Maximiano
2887 4052 3164 4107 ludorum
3219 4054 3517 4125 magistris
3561 4057 3766 4126 praeci-

1546 4180 1906 4236 XYLANDRI
1946 4179 2033 4236 ET
2072 4177 2314 4234 GOABII
2354 4177 2574 4232 NOTE.

365 4311 704 4368 narratione
734 4315 791 4366 et
813 4327 884 4366 ex
901 4308 1034 4366 aliis
1065 4307 1349 4380 colligere
1372 4304 1533 4380 licet.
1565 4306 1748 4363 Hodie
1778 4320 2016 4380 quoque
2046 4309 2091 4373 1)
2123 4307 2422 4380 exsecutus,
2454 4299 2770 4380 magisterii
2792 4299 3092 4380 siquidem
3113 4301 3545 4380 prmfecturam,
3570 4309 3768 4375 magis-

367 4383 633 4457 magistri
659 4383 748 4457 vel
773 4382 922 4438 aulm
936 4381 1026 4436 vel
1049 4378 1398 4457 equitumin
1421 4379 1571 4457 aulis
1592 4383 1746 4457 sunt.
1776 4379 1846 4457 Et
1869 4393 2012 4457 prai-

367 4449 574 4511 div'ites
605 4455 783 4509 fuisse
812 4470 913 4508 eos
952 4449 1262 4520 magistros
1319 4450 1566 4504 historia
1619 4449 1892 4520 Xyluntze
1949 4449 2010 4503 in

365 4529 555 4582 Leone
588 4525 977 4582 Iconomacho
1031 4521 1221 4579 docet.
1282 4521 1443 4586 Quod
1501 4521 1575 4576 ad
1624 4522 2012 4592 quaestionem

366 4600 598 4662 attinet,
631 4602 876 4664 August.
909 4615 946 4661 1,
980 4599 1068 4663 26,
1102 4596 1173 4650 de
1214 4595 1374 4650 Civil.
1435 4593 1551 4659 Dei,
1607 4589 1688 4647 ait
1747 4609 1808 4647 se
1867 4589 2014 4664 nihil

366 4671 582 4726 audere
614 4671 685 4725 de
716 4669 789 4724 iis
818 4677 1040 4724 temere
1088 4665 1476 4738 pronuntiare
1510 4680 1639 4738 qua,
1688 4665 1898 4720 barum
1931 4663 2013 4717 si-

369 4742 541 4796 miles
570 4742 759 4795 exitus
789 4734 1142 4795 habuerun't.
1203 4736 1315 4791 Sed
1375 4734 1489 4790 ista
1543 4735 1794 4790 aliorum
1853 4738 2010 4789 sunt.

367 4813 501 4867 XYL.
527 4843 595 4852 --
623 4811 908 4866 Eusebius
940 4811 1010 4864 de
1034 4810 1143 4863 hoc
1166 4807 1448 4880 praeclaro
1468 4811 1727 4880 martyre
1759 4823 1876 4880 vui,
1909 4806 2011 4858 23:

364 4883 683 4966 Ὶξωμαῖκῆς
771 4879 919 4966 ἀξίας
961 4873 1409 4966 κέτξειΑξςξμμίξνος,
1468 4873 1766 4966 Ἰὶδαυκτρς
1821 4873 2012 4948 ὄνομα,

363 4945 518 5026 γένος
549 4945 657 5026 τῶν
685 4945 826 5026 παρ’⁷
849 4949 1101 5026 Ἰταλοῖς⁸
1137 4945 1449 5026 ἔπισημων,
1510 4945 1599 5002 διὰ
1649 4948 1826 5026 πάσης
1850 5019 1861 5026 ι
1883 4945 2015 5026 π’ρεμ

376 5017 546 5080 ἐλθὼν
578 5023 714 5098 ἀνῄρ
741 5017 840 5092 τῆς
872 5023 1018 5097 παρὰ
1083 5017 1362 5098 βασιλεῦσι
1404 5026 1606 5098 Δτιμῆς,
1662 5017 1747 5098 ὅς.
1775 5019 1864 5072 καὶ
1915 5017 2012 5079 τὰς

362 5096 602 5151 καθόλου
636 5089 958 5167 διὀικτλςσεις¹
981 5089 1094 5162 τῆς
1111 5093 1251 5167 παρ’Δ
1267 5091 1452 5151 αὐτοῖς
1480 5089 1848 5167 *καλουμένης
1907 5109 2012 5161 μα-

361 5167 720 5242 γιστρότητός
757 5163 815 5220 τε
865 5165 956 5222 καὶ
994 5163 1712 5242 καθολικότητοςηριιὶἀᾳπι
1743 5165 2015 5242 Romano-

369 5235 498 5295 rum"
521 5235 859 5311 dignitatum
915 5242 1137 5294 summis
1164 5239 1396 5311 potitus.
1429 5235 1715 5311 Adauqtus
1772 5236 2012 5298 nomine,

368 5328 537 5382 genus
567 5308 634 5368 ab
664 5313 821 5367 Italis
862 5311 1264 5365 nobilissimum
1318 5309 1539 5382 ducens,
1571 5308 1657 5361 vir
1681 5322 1783 5376 per
1838 5321 2014 5382 omnes

367 5376 656 5452 honorum,
683 5387 781 5454 qui
811 5383 878 5437 ab
928 5384 1103 5452 impp.
1136 5386 1262 5435 sunt
1311 5378 1518 5448 gradus
1569 5383 1881 5454 provectas,
1931 5376 2017 5431 ita

363 5461 426 5510 ut
453 5449 763 5525 magisterii
790 5455 858 5509 ab
888 5449 1021 5524 ipsis
1042 5449 1250 5522 bocati,
1277 5458 1326 5525 e_t
1357 5449 1628 5518 generalis
1657 5449 2016 5525 administra-

367 5527 530 5602 tionis
545 5519 926 5602 principatum
944 5519 1262 5602 obtinuerit:
1286 5523 1484 5601 Graica
1506 5536 1576 5575 ex
1593 5519 1777 5576 animi
1800 5535 2018 5602 propo-

361 5598 406 5652 si
417 5603 474 5670 to
484 5590 657 5670 juxta
671 5590 1254 5670 Clirisostophorsoni
1268 5591 1599 5670 versionem
1614 5608 1734 5670 non
1745 5590 1991 5670 exhibui
2001 5641 2014 5670 ί

364 5665 505 5740 quia
535 5669 749 5725 ultima
787 5665 1268 5740 verba—reddidit
1295 5665 1552 5740 magistri
1604 5665 1919 5740 officiorum
1965 5667 2018 5740 et

359 5737 649 5814 ἀπεστοῖ-ἐς
695 5738 965 5813 generalis
1015 5753 1246 5798 munera
1313 5738 1531 5806 integre
1599 5741 1652 5793 et
1694 5737 2016 5804 incorrupte

2124 4377 2199 4428 tri
2229 4370 2560 4448 ofﬁciorum:
2589 4370 3261 4448 dignitatémindiéasse
3292 4381 3474 4448 ratus,
3504 4370 3574 4431 de
3608 4370 3766 4448 quaa-

2119 4451 2276 4517 store
2301 4443 2563 4517 generali
2593 4443 2770 4509 taCui,
2806 4460 2913 4499 ceu
2933 4444 3005 4499 de
3037 4461 3284 4500 munere
3315 4447 3388 4500 ob
3439 4443 3769 4503 officiorum

2119 4515 2398 4590 magistro
2414 4515 2667 4590 diverso,
2687 4522 3275 4590 quorumutrumque
3292 4519 3371 4590 _in
3396 4535 3463 4573 ea
3491 4537 3608 4590 qua
3631 4526 3770 4574 tunc

2119 4586 2246 4644 erat
2269 4587 2588 4656 imperium
2646 4586 3038 4657 amplitudine
3083 4594 3141 4641 et
3181 4586 3344 4644 mole
3397 4586 3558 4645 soliis
3616 4608 3770 4646 unus

2117 4675 2320 4736 gerere
2352 4658 2626 4736 nequiret
2655 4672 2668 4722 ;
2703 4674 2812 4736 nec
2841 4657 3226 4736 καθολικότης,
3285 4658 3391 4736 ᾀπὸ
3448 4667 3550 4736 τῆς
3604 4682 3766 4736 μαγι-

2119 4727 2412 4799 ἇτρότητος
2448 4727 2834 4803 sejungenda,
2869 4746 3014 4800 quas
3061 4731 3350 4803 particula
3394 4727 3770 4803 conjuncti'va

2119 4803 2300 4857 voluit
2327 4801 2613 4856 Eusebius
2639 4817 2767 4854 esse
2787 4817 3082 4856 connexas
3115 4819 3128 4867 ;
3161 4802 3243 4856 ita
3271 4809 3336 4857 ut
3365 4801 3608 4858 Adaucti
3642 4821 3768 4858 ma-

2118 4873 2423 4946 gisterium
2440 4872 2712 4946 generale
2731 4889 2865 4946 esse
2871 4878 2908 4940 t,
2943 4879 2996 4928 et
3020 4873 3081 4926 in
3099 4873 3300 4946 plures
3324 4876 3457 4944 (uta
3473 4874 3769 4945 magistris

2118 4943 2204 4999 rei
2239 4945 2474 5014 privatas
2509 4943 2995 5014 dignoscendum)
3029 4945 3450 5000 extenderetur
3479 4961 3490 4998 :
3531 4943 3597 4999 ac
3645 4963 3766 5000 non

2160 5016 2396 5072 alatinis
2412 5021 2640 5069 tantum
2657 5021 2714 5069 et
2738 5015 3023 5086 principis
3043 5015 3350 5084 ministris,
3367 5017 3768 5072 aitPancirol-

2160 5034 2396 5072 alatinis
2412 5034 2640 5069 tantum
2657 5034 2714 5069 et
2738 5034 3023 5086 prlnClplS
3043 5034 3350 5084 lIlllllSLI‘lS,
3367 5034 3768 5072 antrancu‘m-

2118 5034 2213 5143 fus
2235 5089 2295 5141 in
2329 5086 2589 5141 Notitiam
2618 5088 2842 5155 imperii
2895 5087 3190 5140 Orientalis
3247 5103 3293 5140 c.
3347 5104 3481 5152 an,
3538 5105 3769 5143 necnon

2121 5158 2342 5214 scholis
2375 5157 2574 5228 palatii
2609 5173 2774 5228 arma
2803 5157 3219 5223 tractantibus,
3253 5158 3355 5211 sed
3380 5165 3436 5214 et
3457 5158 3695 5214 fabricis
3715 5167 3772 5215 et

2119 5227 2441 5286 limitaneis
2473 5227 2722 5300 ducibus
2771 5234 2830 5282 et
2885 5229 3201 5300 comitibus
3262 5229 3601 5300 imperaret.
3638 5233 3769 5286 Haec

2118 5303 2246 5358 fuse
2280 5301 2352 5355 de
2401 5299 2702 5370 magistro,
2735 5299 2907 5370 cujus
2939 5299 3223 5370 dignitate
3273 5299 3476 5370 plures
3529 5310 3768 5359 ornatos

2117 5378 2391 5430 recenset
2419 5371 2755 5446 Cedrenus:
2790 5370 2993 5442 viginti
3022 5376 3240 5446 qua_tu_r
3284 5373 3768 5446 suze_|egationis

2119 5451 2384 5516 tempore
2425 5441 2673 5516 ex__vis_u
2705 5441 3064 5516 numeravit
3121 5441 3540 5514 Luitprandus,
3597 5453 3770 5516 prout

2120 5512 2400 5590 testatum
2432 5512 2672 5583 reliquit
2705 5512 2745 5568 l.
2775 5531 2847 5582 Vl,
2879 5531 2930 5590 c.
2963 5513 3104 5590 ult.,_
3129 5512 3446 5590 cunctique
3477 5522 3540 5572 ut
3572 5512 3768 5590 digni-

2119 5593 2259 5661 tat_e,
2291 5585 2373 5640 ita
2404 5600 2641 5661 summa
2686 5587 3056 5661 a_ucloritate,
3090 5585 3610 5661 labentis—imperii
3638 5585 3770 5645 "sae-

2119 5656 2272 5717 culis
2304 5661 2443 5714 sunt
2471 5656 2670 5728 potiti.
2703 5659 2880 5715 Gesn.
