  <div class='ocr_page' id='page_1' title='image "/cluster/home/n/w/nwhite01/storage/ocr_20150623/121/hvd.32044073502478/263.png"; bbox 0 0 4186 6198; ppageno 0'>
   <div class='ocr_carea' id='block_1_1' title="bbox 444 352 564 415">
    <p class='ocr_par' dir='ltr' id='par_1_1' title="bbox 444 352 564 415">
     <span class='ocr_line' id='line_1_1' title="bbox 444 352 564 415; baseline 0.008 -1"><span class='ocrx_word' id='word_1_1' title='bbox 444 352 564 415; x_wconf 67' lang='grc'>515</span> 
     </span>
    </p>
   </div>
   <div class='ocr_carea' id='block_1_2' title="bbox 1805 336 2501 404">
    <p class='ocr_par' dir='ltr' id='par_1_2' title="bbox 1805 336 2501 404">
     <span class='ocr_line' id='line_1_2' title="bbox 1805 336 2501 404; baseline 0 -1"><span class='ocrx_word' id='word_1_2' title='bbox 1805 336 2116 403; x_wconf 71' lang='lat' dir='ltr'>GEORGII</span> <span class='ocrx_word' id='word_1_3' title='bbox 2163 341 2501 404; x_wconf 80' lang='lat' dir='ltr'>CEDRENI</span> 
     </span>
    </p>
   </div>
   <div class='ocr_carea' id='block_1_3' title="bbox 3739 350 3856 411">
    <p class='ocr_par' dir='ltr' id='par_1_3' title="bbox 3739 350 3856 411">
     <span class='ocr_line' id='line_1_3' title="bbox 3739 350 3856 411; baseline -0.009 -1"><span class='ocrx_word' id='word_1_4' title='bbox 3739 350 3856 411; x_wconf 78' lang='grc'>516</span> 
     </span>
    </p>
   </div>
   <div class='ocr_carea' id='block_1_4' title="bbox 447 472 2060 559">
    <p class='ocr_par' dir='ltr' id='par_1_4' title="bbox 447 482 2060 559">
     <span class='ocr_line' id='line_1_4' title="bbox 447 482 2060 559; baseline -0.008 -15"><span class='ocrx_word' id='word_1_5' title='bbox 447 490 646 559; x_wconf 88' lang='lat' dir='ltr'>piente</span> <span class='ocrx_word' id='word_1_6' title='bbox 703 493 768 543; x_wconf 92' lang='lat' dir='ltr'>ut</span> <span class='ocrx_word' id='word_1_7' title='bbox 827 505 927 542; x_wconf 91' lang='lat' dir='ltr'>eos</span> <span class='ocrx_word' id='word_1_8' title='bbox 977 484 1173 557; x_wconf 90' lang='lat' dir='ltr'>pueris</span> <span class='ocrx_word' id='word_1_9' title='bbox 1229 484 1647 557; x_wconf 85' lang='lat' dir='ltr'>proponerent,</span> <span class='ocrx_word' id='word_1_10' title='bbox 1710 495 1826 551; x_wconf 90' lang='lat' dir='ltr'>quo</span> <span class='ocrx_word' id='word_1_11' title='bbox 1883 482 2060 533; x_wconf 73' lang='lat' dir='ltr'>nostra</span> 
     </span>
    </p>
   </div>
   <div class='ocr_carea' id='block_1_5' title="bbox 2177 472 3856 559">
    <p class='ocr_par' dir='ltr' id='par_1_5' title="bbox 2199 472 3856 555">
     <span class='ocr_line' id='line_1_5' title="bbox 2199 472 3856 555; baseline 0.004 -25"><span class='ocrx_word' id='word_1_12' title='bbox 2199 477 2365 530; x_wconf 81' lang='grc' dir='ltr'>ταῦτα</span> <span class='ocrx_word' id='word_1_13' title='bbox 2395 473 2523 538; x_wconf 79' lang='grc' dir='ltr'>τοὺς</span> <span class='ocrx_word' id='word_1_14' title='bbox 2577 473 2777 538; x_wconf 80' lang='grc' dir='ltr'>παῖδας</span> <span class='ocrx_word' id='word_1_15' title='bbox 2817 472 3168 550; x_wconf 74' lang='grc' dir='ltr'>ἐκδιδάσκειν,</span> <span class='ocrx_word' id='word_1_16' title='bbox 3226 476 3301 539; x_wconf 86' lang='grc' dir='ltr'>ὡς</span> <span class='ocrx_word' id='word_1_17' title='bbox 3357 477 3420 533; x_wconf 79' lang='grc' dir='ltr'>ἂν</span> <span class='ocrx_word' id='word_1_18' title='bbox 3465 475 3765 555; x_wconf 84' lang='grc' dir='ltr'>διαγελῷτο</span> <span class='ocrx_word' id='word_1_19' title='bbox 3792 481 3856 536; x_wconf 83' lang='grc' dir='ltr'>τὸ</span> 
     </span>
    </p>
   </div>
   <div class='ocr_carea' id='block_1_6' title="bbox 445 576 1080 647">
    <p class='ocr_par' dir='ltr' id='par_1_6' title="bbox 445 576 1080 647">
     <span class='ocr_line' id='line_1_6' title="bbox 445 576 1080 647; baseline -0.006 -15"><span class='ocrx_word' id='word_1_20' title='bbox 445 577 658 647; x_wconf 80' lang='lat' dir='ltr'>religio</span> <span class='ocrx_word' id='word_1_21' title='bbox 692 576 1080 630; x_wconf 90' lang='lat' dir='ltr'>derideretur.</span> 
     </span>
    </p>
   </div>
   <div class='ocr_carea' id='block_1_7' title="bbox 517 656 2097 734">
    <p class='ocr_par' dir='ltr' id='par_1_7' title="bbox 517 656 2097 734">
     <span class='ocr_line' id='line_1_7' title="bbox 517 656 2097 734; baseline -0.006 -15"><span class='ocrx_word' id='word_1_22' title='bbox 517 666 754 719; x_wconf 78' lang='lat' dir='ltr'>Decimo</span> <span class='ocrx_word' id='word_1_23' title='bbox 789 681 946 719; x_wconf 93' lang='lat' dir='ltr'>nono</span> <span class='ocrx_word' id='word_1_24' title='bbox 1006 664 1318 718; x_wconf 80' lang='lat' dir='ltr'>edixerunt</span> <span class='ocrx_word' id='word_1_25' title='bbox 1362 663 1750 734; x_wconf 84' lang='lat' dir='ltr'>imperatores</span> <span class='ocrx_word' id='word_1_26' title='bbox 1780 662 1845 713; x_wconf 90' lang='lat' dir='ltr'>ut</span> <span class='ocrx_word' id='word_1_27' title='bbox 1876 656 2097 729; x_wconf 90' lang='lat' dir='ltr'>templa</span> 
     </span>
    </p>
   </div>
   <div class='ocr_carea' id='block_1_8' title="bbox 448 747 2091 824">
    <p class='ocr_par' dir='ltr' id='par_1_8' title="bbox 448 747 2091 824">
     <span class='ocr_line' id='line_1_8' title="bbox 448 747 2091 824; baseline -0.004 -18"><span class='ocrx_word' id='word_1_28' title='bbox 448 753 920 807; x_wconf 85' lang='lat' dir='ltr'>Christianorum</span> <span class='ocrx_word' id='word_1_29' title='bbox 953 753 1079 808; x_wconf 91' lang='lat' dir='ltr'>solo</span> <span class='ocrx_word' id='word_1_30' title='bbox 1122 757 1522 824; x_wconf 74' lang='lat' dir='ltr'>aequarentur,</span> <span class='ocrx_word' id='word_1_31' title='bbox 1555 749 1693 806; x_wconf 88' lang='lat' dir='ltr'>libri</span> <span class='ocrx_word' id='word_1_32' title='bbox 1734 747 1885 804; x_wconf 85' lang='lat' dir='ltr'>sacri</span> <span class='ocrx_word' id='word_1_33' title='bbox 1928 763 2091 801; x_wconf 84' lang='lat' dir='ltr'>com-</span> 
     </span>
    </p>
   </div>
   <div class='ocr_carea' id='block_1_9' title="bbox 438 836 2094 912">
    <p class='ocr_par' dir='ltr' id='par_1_9' title="bbox 438 836 2094 912">
     <span class='ocr_line' id='line_1_9' title="bbox 438 836 2094 912; baseline -0.004 -17"><span class='ocrx_word' id='word_1_34' title='bbox 438 841 815 911; x_wconf 88' lang='lat' dir='ltr'>burerentur,</span> <span class='ocrx_word' id='word_1_35' title='bbox 849 842 1291 912; x_wconf 85' lang='lat' dir='ltr'>Christianique</span> <span class='ocrx_word' id='word_1_36' title='bbox 1340 848 1441 897; x_wconf 91' lang='lat' dir='ltr'>aut</span> <span class='ocrx_word' id='word_1_37' title='bbox 1484 838 1820 895; x_wconf 88' lang='lat' dir='ltr'>simulacris</span> <span class='ocrx_word' id='word_1_38' title='bbox 1877 836 2094 892; x_wconf 80' lang='lat' dir='ltr'>sacrifi-</span> 
     </span>
    </p>
   </div>
   <div class='ocr_carea' id='block_1_10' title="bbox 441 930 2088 987">
    <p class='ocr_par' dir='ltr' id='par_1_10' title="bbox 441 930 2088 987">
     <span class='ocr_line' id='line_1_10' title="bbox 441 930 2088 987; baseline -0.006 0"><span class='ocrx_word' id='word_1_39' title='bbox 441 937 646 987; x_wconf 82' lang='lat' dir='ltr'>carent</span> <span class='ocrx_word' id='word_1_40' title='bbox 671 936 771 987; x_wconf 86' lang='lat' dir='ltr'>aut</span> <span class='ocrx_word' id='word_1_41' title='bbox 814 933 1123 987; x_wconf 78' lang='lat' dir='ltr'>tormentis</span> <span class='ocrx_word' id='word_1_42' title='bbox 1172 930 1649 987; x_wconf 82' lang='lat' dir='ltr'>intolerabilibus</span> <span class='ocrx_word' id='word_1_43' title='bbox 1679 930 2088 984; x_wconf 87' lang='lat' dir='ltr'>enecarentur.</span> 
     </span>
    </p>
   </div>
   <div class='ocr_carea' id='block_1_11' title="bbox 510 1101 2093 1166">
    <p class='ocr_par' dir='ltr' id='par_1_11' title="bbox 510 1101 2093 1166">
     <span class='ocr_line' id='line_1_11' title="bbox 510 1101 2093 1166; baseline -0.007 0"><span class='ocrx_word' id='word_1_44' title='bbox 510 1111 662 1166; x_wconf 73' lang='lat'>472</span> <span class='ocrx_word' id='word_1_45' title='bbox 697 1113 865 1165; x_wconf 83' lang='lat' dir='ltr'>Anno</span> <span class='ocrx_word' id='word_1_46' title='bbox 916 1109 1194 1165; x_wconf 86' lang='lat' dir='ltr'>vicesimo</span> <span class='ocrx_word' id='word_1_47' title='bbox 1230 1108 1629 1164; x_wconf 83' lang='lat' dir='ltr'>Diocletianus</span> <span class='ocrx_word' id='word_1_48' title='bbox 1662 1111 1721 1161; x_wconf 90' lang='lat' dir='ltr'>et</span> <span class='ocrx_word' id='word_1_49' title='bbox 1771 1101 2093 1160; x_wconf 89' lang='lat' dir='ltr'>Herculeus</span> 
     </span>
    </p>
   </div>
   <div class='ocr_carea' id='block_1_12' title="bbox 436 1194 2089 1272">
    <p class='ocr_par' dir='ltr' id='par_1_12' title="bbox 436 1194 2089 1272">
     <span class='ocr_line' id='line_1_12' title="bbox 436 1194 2089 1272; baseline -0.006 -18"><span class='ocrx_word' id='word_1_50' title='bbox 436 1200 708 1256; x_wconf 84' lang='lat' dir='ltr'>vecordia</span> <span class='ocrx_word' id='word_1_51' title='bbox 741 1200 981 1272; x_wconf 88' lang='lat' dir='ltr'>impulsi</span> <span class='ocrx_word' id='word_1_52' title='bbox 1011 1218 1131 1255; x_wconf 92' lang='lat' dir='ltr'>una</span> <span class='ocrx_word' id='word_1_53' title='bbox 1160 1200 1255 1254; x_wconf 89' lang='lat' dir='ltr'>die</span> <span class='ocrx_word' id='word_1_54' title='bbox 1289 1198 1538 1271; x_wconf 85' lang='lat' dir='ltr'>imperio</span> <span class='ocrx_word' id='word_1_55' title='bbox 1594 1214 1657 1251; x_wconf 93' lang='lat' dir='ltr'>se</span> <span class='ocrx_word' id='word_1_56' title='bbox 1718 1194 2089 1256; x_wconf 86' lang='lat' dir='ltr'>abdicarunt,</span> 
     </span>
    </p>
   </div>
   <div class='ocr_carea' id='block_1_13' title="bbox 438 1282 2093 1361">
    <p class='ocr_par' dir='ltr' id='par_1_13' title="bbox 438 1282 2093 1361">
     <span class='ocr_line' id='line_1_13' title="bbox 438 1282 2093 1361; baseline -0.007 -17"><span class='ocrx_word' id='word_1_57' title='bbox 438 1308 543 1345; x_wconf 91' lang='lat' dir='ltr'>suo</span> <span class='ocrx_word' id='word_1_58' title='bbox 574 1290 703 1346; x_wconf 88' lang='lat' dir='ltr'>loco</span> <span class='ocrx_word' id='word_1_59' title='bbox 764 1290 1082 1361; x_wconf 89' lang='lat' dir='ltr'>imperium</span> <span class='ocrx_word' id='word_1_60' title='bbox 1141 1288 1397 1345; x_wconf 86' lang='lat' dir='ltr'>Orientis</span> <span class='ocrx_word' id='word_1_61' title='bbox 1458 1285 1683 1342; x_wconf 87' lang='lat' dir='ltr'>Galerio</span> <span class='ocrx_word' id='word_1_62' title='bbox 1745 1282 2093 1345; x_wconf 80' lang='lat' dir='ltr'>Diocletiani</span> 
     </span>
    </p>
   </div>
   <div class='ocr_carea' id='block_1_14' title="bbox 432 1373 2092 1452">
    <p class='ocr_par' dir='ltr' id='par_1_14' title="bbox 432 1373 2092 1452">
     <span class='ocr_line' id='line_1_14' title="bbox 432 1373 2092 1452; baseline -0.007 -19"><span class='ocrx_word' id='word_1_63' title='bbox 432 1396 671 1452; x_wconf 83' lang='lat' dir='ltr'>genero,</span> <span class='ocrx_word' id='word_1_64' title='bbox 732 1379 1065 1435; x_wconf 85' lang='lat' dir='ltr'>Occidentis</span> <span class='ocrx_word' id='word_1_65' title='bbox 1139 1376 1481 1433; x_wconf 89' lang='lat' dir='ltr'>Constantio</span> <span class='ocrx_word' id='word_1_66' title='bbox 1538 1373 1812 1430; x_wconf 89' lang='lat' dir='ltr'>Herculei</span> <span class='ocrx_word' id='word_1_67' title='bbox 1871 1385 2092 1444; x_wconf 90' lang='lat' dir='ltr'>genero</span> 
     </span>
    </p>
   </div>
   <div class='ocr_carea' id='block_1_15' title="bbox 432 1462 2092 1537">
    <p class='ocr_par' dir='ltr' id='par_1_15' title="bbox 432 1462 2092 1537">
     <span class='ocr_line' id='line_1_15' title="bbox 432 1462 2092 1537; baseline -0.007 -13"><span class='ocrx_word' id='word_1_68' title='bbox 432 1470 807 1525; x_wconf 89' lang='lat' dir='ltr'>mandantes.</span> <span class='ocrx_word' id='word_1_69' title='bbox 834 1470 913 1523; x_wconf 82' lang='lat' dir='ltr'>Ac</span> <span class='ocrx_word' id='word_1_70' title='bbox 937 1467 1336 1523; x_wconf 90' lang='lat' dir='ltr'>Diocletianus</span> <span class='ocrx_word' id='word_1_71' title='bbox 1368 1466 1606 1537; x_wconf 85' lang='lat' dir='ltr'>quidem</span> <span class='ocrx_word' id='word_1_72' title='bbox 1649 1480 1783 1519; x_wconf 90' lang='lat' dir='ltr'>cum</span> <span class='ocrx_word' id='word_1_73' title='bbox 1830 1462 2092 1533; x_wconf 87' lang='lat' dir='ltr'>privatus</span> 
     </span>
    </p>
   </div>
   <div class='ocr_carea' id='block_1_16' title="bbox 432 1550 2091 1627">
    <p class='ocr_par' dir='ltr' id='par_1_16' title="bbox 432 1550 2091 1627">
     <span class='ocr_line' id='line_1_16' title="bbox 432 1550 2091 1627; baseline -0.004 -14"><span class='ocrx_word' id='word_1_74' title='bbox 432 1576 623 1614; x_wconf 89' lang='lat' dir='ltr'>annos</span> <span class='ocrx_word' id='word_1_75' title='bbox 674 1558 987 1613; x_wconf 90' lang='lat' dir='ltr'>duodecim</span> <span class='ocrx_word' id='word_1_76' title='bbox 1043 1557 1302 1623; x_wconf 82' lang='lat' dir='ltr'>vixisset,</span> <span class='ocrx_word' id='word_1_77' title='bbox 1353 1556 1555 1627; x_wconf 77' lang='lat' dir='ltr'>lingua</span> <span class='ocrx_word' id='word_1_78' title='bbox 1614 1554 1664 1608; x_wconf 91' lang='lat' dir='ltr'>ei</span> <span class='ocrx_word' id='word_1_79' title='bbox 1717 1556 1775 1607; x_wconf 87' lang='lat' dir='ltr'>et</span> <span class='ocrx_word' id='word_1_80' title='bbox 1820 1550 2091 1607; x_wconf 84' lang='lat' dir='ltr'>faucibus</span> 
     </span>
    </p>
   </div>
   <div class='ocr_carea' id='block_1_17' title="bbox 432 1641 2086 1721">
    <p class='ocr_par' dir='ltr' id='par_1_17' title="bbox 432 1641 2086 1721">
     <span class='ocr_line' id='line_1_17' title="bbox 432 1641 2086 1721; baseline -0.005 -18"><span class='ocrx_word' id='word_1_81' title='bbox 432 1648 805 1719; x_wconf 85' lang='lat' dir='ltr'>putrefactis,</span> <span class='ocrx_word' id='word_1_82' title='bbox 833 1664 967 1703; x_wconf 92' lang='lat' dir='ltr'>cum</span> <span class='ocrx_word' id='word_1_83' title='bbox 999 1663 1272 1718; x_wconf 90' lang='lat' dir='ltr'>magnam</span> <span class='ocrx_word' id='word_1_84' title='bbox 1300 1645 1415 1700; x_wconf 85' lang='lat' dir='ltr'>vim</span> <span class='ocrx_word' id='word_1_85' title='bbox 1456 1643 1747 1699; x_wconf 83' lang='lat' dir='ltr'>vermium</span> <span class='ocrx_word' id='word_1_86' title='bbox 1791 1641 2086 1721; x_wconf 61' lang='lat' dir='ltr'>ejecisset,</span> 
     </span>
    </p>
   </div>
   <div class='ocr_carea' id='block_1_18' title="bbox 432 1733 2089 1805">
    <p class='ocr_par' dir='ltr' id='par_1_18' title="bbox 432 1733 2089 1805">
     <span class='ocr_line' id='line_1_18' title="bbox 432 1733 2089 1805; baseline -0.005 -13"><span class='ocrx_word' id='word_1_87' title='bbox 432 1738 760 1793; x_wconf 80' lang='lat' dir='ltr'>exstinctus</span> <span class='ocrx_word' id='word_1_88' title='bbox 819 1742 955 1792; x_wconf 91' lang='lat' dir='ltr'>est.</span> <span class='ocrx_word' id='word_1_89' title='bbox 1008 1736 1331 1792; x_wconf 83' lang='lat' dir='ltr'>Herculens</span> <span class='ocrx_word' id='word_1_90' title='bbox 1375 1733 1692 1805; x_wconf 91' lang='lat' dir='ltr'>imperium</span> <span class='ocrx_word' id='word_1_91' title='bbox 1738 1745 2089 1802; x_wconf 89' lang='lat' dir='ltr'>recuperare</span> 
     </span>
    </p>
   </div>
   <div class='ocr_carea' id='block_1_19' title="bbox 2203 565 2855 641">
    <p class='ocr_par' dir='ltr' id='par_1_19' title="bbox 2203 565 2855 641">
     <span class='ocr_line' id='line_1_19' title="bbox 2203 565 2855 641; baseline 0.006 -24"><span class='ocrx_word' id='word_1_92' title='bbox 2203 565 2323 629; x_wconf 89' lang='grc' dir='ltr'>καθ’</span> <span class='ocrx_word' id='word_1_93' title='bbox 2360 566 2505 639; x_wconf 80' lang='grc' dir='ltr'>ἡμᾶς</span> <span class='ocrx_word' id='word_1_94' title='bbox 2535 568 2855 641; x_wconf 77' lang='grc' dir='ltr'>μυστήριον.</span> 
     </span>
    </p>
   </div>
   <div class='ocr_carea' id='block_1_20' title="bbox 2274 650 3854 734">
    <p class='ocr_par' dir='ltr' id='par_1_20' title="bbox 2274 650 3854 734">
     <span class='ocr_line' id='line_1_20' title="bbox 2274 650 3854 734; baseline 0.003 -25"><span class='ocrx_word' id='word_1_95' title='bbox 2274 656 2367 727; x_wconf 81' lang='grc' dir='ltr'>Τῷ</span> <span class='ocrx_word' id='word_1_96' title='bbox 2427 657 2491 709; x_wconf 79' lang='grc' dir='ltr'>ιϐ’</span> <span class='ocrx_word' id='word_1_97' title='bbox 2544 650 2647 711; x_wconf 81' lang='grc' dir='ltr'>ἔτει</span> <span class='ocrx_word' id='word_1_98' title='bbox 2715 655 3040 732; x_wconf 85' lang='grc' dir='ltr'>πρόσταγμα</span> <span class='ocrx_word' id='word_1_99' title='bbox 3127 653 3290 727; x_wconf 74' lang='grc' dir='ltr'>ἔδόθη</span> <span class='ocrx_word' id='word_1_100' title='bbox 3368 657 3673 734; x_wconf 75' lang='grc' dir='ltr'>βασιλικόν,</span> <span class='ocrx_word' id='word_1_101' title='bbox 3756 661 3854 722; x_wconf 82' lang='grc' dir='ltr'>τὰς</span> 
     </span>
    </p>
   </div>
   <div class='ocr_carea' id='block_1_21' title="bbox 2203 740 3854 824">
    <p class='ocr_par' dir='ltr' id='par_1_21' title="bbox 2203 740 3854 824">
     <span class='ocr_line' id='line_1_21' title="bbox 2203 740 3854 824; baseline 0.003 -27"><span class='ocrx_word' id='word_1_102' title='bbox 2203 740 2499 813; x_wconf 71' lang='grc' dir='ltr'>ἐκκλησίας</span> <span class='ocrx_word' id='word_1_103' title='bbox 2552 743 2650 801; x_wconf 79' lang='grc' dir='ltr'>τοῦ</span> <span class='ocrx_word' id='word_1_104' title='bbox 2709 749 2948 819; x_wconf 70' lang='grc' dir='ltr'>Χριστοῦ</span> <span class='ocrx_word' id='word_1_105' title='bbox 3014 742 3354 824; x_wconf 67' lang='grc' dir='ltr'>ἐδαφίζεσθαι</span> <span class='ocrx_word' id='word_1_106' title='bbox 3409 748 3501 802; x_wconf 81' lang='grc' dir='ltr'>καὶ</span> <span class='ocrx_word' id='word_1_107' title='bbox 3558 749 3656 810; x_wconf 78' lang='grc' dir='ltr'>τὰς</span> <span class='ocrx_word' id='word_1_108' title='bbox 3710 747 3854 809; x_wconf 84' lang='grc' dir='ltr'>Θείας</span> 
     </span>
    </p>
   </div>
   <div class='ocr_carea' id='block_1_22' title="bbox 2206 826 3856 911">
    <p class='ocr_par' dir='ltr' id='par_1_22' title="bbox 2206 826 3856 911">
     <span class='ocr_line' id='line_1_22' title="bbox 2206 826 3856 911; baseline 0.004 -26"><span class='ocrx_word' id='word_1_109' title='bbox 2206 826 2434 907; x_wconf 77' lang='grc' dir='ltr'>βίϐλους</span> <span class='ocrx_word' id='word_1_110' title='bbox 2465 834 2868 901; x_wconf 85' lang='grc' dir='ltr'>κατακαίεσθαι,</span> <span class='ocrx_word' id='word_1_111' title='bbox 2917 833 3007 889; x_wconf 78' lang='grc' dir='ltr'>καὶ</span> <span class='ocrx_word' id='word_1_112' title='bbox 3066 834 3238 889; x_wconf 83' lang='grc' dir='ltr'>πάντα</span> <span class='ocrx_word' id='word_1_113' title='bbox 3294 837 3614 911; x_wconf 68' lang='grc' dir='ltr'>Χριστιανὸν</span> <span class='ocrx_word' id='word_1_114' title='bbox 3640 838 3676 907; x_wconf 77' lang='grc' dir='ltr'><strong>ἢ</strong></span> <span class='ocrx_word' id='word_1_115' title='bbox 3710 838 3856 901; x_wconf 83' lang='grc' dir='ltr'>θύειν</span> 
     </span>
    </p>
   </div>
   <div class='ocr_carea' id='block_1_23' title="bbox 2202 918 3853 999">
    <p class='ocr_par' dir='ltr' id='par_1_23' title="bbox 2202 918 3853 999">
     <span class='ocr_line' id='line_1_23' title="bbox 2202 918 3853 999; baseline 0.003 -24"><span class='ocrx_word' id='word_1_116' title='bbox 2202 927 2319 983; x_wconf 87' lang='grc' dir='ltr'>τοῖς</span> <span class='ocrx_word' id='word_1_117' title='bbox 2367 918 2681 994; x_wconf 77' lang='grc' dir='ltr'>εἰδώλοιςῆ</span> <span class='ocrx_word' id='word_1_118' title='bbox 2714 921 2765 978; x_wconf 79' lang='grc' dir='ltr'>ὲν</span> <span class='ocrx_word' id='word_1_119' title='bbox 2835 923 3088 999; x_wconf 79' lang='grc' dir='ltr'>βασάνοις</span> <span class='ocrx_word' id='word_1_120' title='bbox 3147 923 3538 988; x_wconf 81' lang='grc' dir='ltr'>ἀνυποστάτοις</span> <span class='ocrx_word' id='word_1_121' title='bbox 3603 924 3853 996; x_wconf 75' lang='grc' dir='ltr'>ἀποθνή-</span> 
     </span>
    </p>
   </div>
   <div class='ocr_carea' id='block_1_24' title="bbox 2203 1032 2369 1068">
    <p class='ocr_par' dir='ltr' id='par_1_24' title="bbox 2203 1032 2369 1068">
     <span class='ocr_line' id='line_1_24' title="bbox 2203 1032 2369 1068; baseline 0.018 -3"><span class='ocrx_word' id='word_1_122' title='bbox 2203 1032 2369 1068; x_wconf 89' lang='grc' dir='ltr'>σκειν.</span> 
     </span>
    </p>
   </div>
   <div class='ocr_carea' id='block_1_25' title="bbox 2274 1100 3852 1178">
    <p class='ocr_par' dir='ltr' id='par_1_25' title="bbox 2274 1100 3852 1178">
     <span class='ocr_line' id='line_1_25' title="bbox 2274 1100 3852 1178; baseline 0.001 -20"><span class='ocrx_word' id='word_1_123' title='bbox 2274 1104 2368 1174; x_wconf 78' lang='grc' dir='ltr'>Τῷ</span> <span class='ocrx_word' id='word_1_124' title='bbox 2397 1103 2443 1157; x_wconf 87' lang='grc' dir='ltr'>κ’</span> <span class='ocrx_word' id='word_1_125' title='bbox 2473 1100 2575 1157; x_wconf 83' lang='grc' dir='ltr'>ἔτει</span> <span class='ocrx_word' id='word_1_126' title='bbox 2624 1108 2724 1173; x_wconf 81' lang='grc' dir='ltr'>τῆς</span> <span class='ocrx_word' id='word_1_127' title='bbox 2758 1102 2924 1157; x_wconf 79' lang='grc' dir='ltr'>αὐτοῦ</span> <span class='ocrx_word' id='word_1_128' title='bbox 2958 1101 3240 1178; x_wconf 80' lang='grc' dir='ltr'>βασιλείας</span> <span class='ocrx_word' id='word_1_129' title='bbox 3300 1101 3704 1173; x_wconf 78' lang='grc' dir='ltr'>Διοκλητιανὸς</span> <span class='ocrx_word' id='word_1_130' title='bbox 3755 1104 3852 1160; x_wconf 82' lang='grc' dir='ltr'>καὶ</span> 
     </span>
    </p>
   </div>
   <div class='ocr_carea' id='block_1_26' title="bbox 2203 1191 3853 1269">
    <p class='ocr_par' dir='ltr' id='par_1_26' title="bbox 2203 1191 3853 1269">
     <span class='ocr_line' id='line_1_26' title="bbox 2203 1191 3853 1269; baseline 0.001 -22"><span class='ocrx_word' id='word_1_131' title='bbox 2203 1191 2543 1263; x_wconf 83' lang='grc' dir='ltr'>Μαξιμιανὸς</span> <span class='ocrx_word' id='word_1_132' title='bbox 2592 1193 2620 1246; x_wconf 97' lang='lat'>6</span> <span class='ocrx_word' id='word_1_133' title='bbox 2654 1191 2974 1267; x_wconf 71' lang='grc' dir='ltr'>Ἐρκοόλιος</span> <span class='ocrx_word' id='word_1_134' title='bbox 3014 1191 3065 1263; x_wconf 81' lang='grc' dir='ltr'>ἐξ</span> <span class='ocrx_word' id='word_1_135' title='bbox 3123 1193 3391 1255; x_wconf 59' lang='grc' dir='ltr'>ἀπονοίας</span> <span class='ocrx_word' id='word_1_136' title='bbox 3446 1192 3496 1248; x_wconf 76' lang='grc' dir='ltr'>ἐν</span> <span class='ocrx_word' id='word_1_137' title='bbox 3540 1198 3641 1266; x_wconf 77' lang='grc' dir='ltr'>μιᾷ</span> <span class='ocrx_word' id='word_1_138' title='bbox 3668 1192 3853 1269; x_wconf 72' lang='grc' dir='ltr'>ἡμέρᾳ</span> 
     </span>
    </p>
   </div>
   <div class='ocr_carea' id='block_1_27' title="bbox 2199 1280 3849 1355">
    <p class='ocr_par' dir='ltr' id='par_1_27' title="bbox 2199 1280 3849 1355">
     <span class='ocr_line' id='line_1_27' title="bbox 2199 1280 3849 1355; baseline 0.002 -21"><span class='ocrx_word' id='word_1_139' title='bbox 2199 1281 2298 1349; x_wconf 78' lang='grc' dir='ltr'>τὴν</span> <span class='ocrx_word' id='word_1_140' title='bbox 2343 1280 2623 1355; x_wconf 83' lang='grc' dir='ltr'>βασιλείαν</span> <span class='ocrx_word' id='word_1_141' title='bbox 2690 1283 2969 1347; x_wconf 69' lang='grc' dir='ltr'>ἀπέθεντο,</span> <span class='ocrx_word' id='word_1_142' title='bbox 3023 1284 3453 1353; x_wconf 75' lang='grc' dir='ltr'>καταστήσαντες</span> <span class='ocrx_word' id='word_1_143' title='bbox 3500 1282 3615 1338; x_wconf 78' lang='grc' dir='ltr'>ἀντ’</span> <span class='ocrx_word' id='word_1_144' title='bbox 3670 1282 3849 1340; x_wconf 79' lang='grc' dir='ltr'>αὐτῶν</span> 
     </span>
    </p>
   </div>
   <div class='ocr_carea' id='block_1_28' title="bbox 2203 1368 3849 1446">
    <p class='ocr_par' dir='ltr' id='par_1_28' title="bbox 2203 1368 3849 1446">
     <span class='ocr_line' id='line_1_28' title="bbox 2203 1368 3849 1446; baseline 0.002 -23"><span class='ocrx_word' id='word_1_145' title='bbox 2203 1368 2447 1442; x_wconf 85' lang='grc' dir='ltr'>βασιλεῖς</span> <span class='ocrx_word' id='word_1_146' title='bbox 2486 1377 2586 1438; x_wconf 76' lang='grc' dir='ltr'>τῆς</span> <span class='ocrx_word' id='word_1_147' title='bbox 2640 1371 2734 1443; x_wconf 74' lang='grc' dir='ltr'>μὲν</span> <span class='ocrx_word' id='word_1_148' title='bbox 2767 1371 2940 1443; x_wconf 83' lang='grc' dir='ltr'>Ἐῲας</span> <span class='ocrx_word' id='word_1_149' title='bbox 3004 1369 3304 1446; x_wconf 82' lang='grc' dir='ltr'>ΓαΑλέριον</span> <span class='ocrx_word' id='word_1_150' title='bbox 3360 1371 3725 1445; x_wconf 81' lang='grc' dir='ltr'>Μαξιμιανὸν,</span> <span class='ocrx_word' id='word_1_151' title='bbox 3752 1372 3849 1427; x_wconf 87' lang='grc' dir='ltr'>τὸν</span> 
     </span>
    </p>
   </div>
   <div class='ocr_carea' id='block_1_29' title="bbox 2199 1454 3851 1535">
    <p class='ocr_par' dir='ltr' id='par_1_29' title="bbox 2199 1454 3851 1535">
     <span class='ocr_line' id='line_1_29' title="bbox 2199 1454 3851 1535; baseline 0.003 -24"><span class='ocrx_word' id='word_1_152' title='bbox 2199 1457 2592 1530; x_wconf 77' lang='grc' dir='ltr'>Διοκλητιανοῦ</span> <span class='ocrx_word' id='word_1_153' title='bbox 2626 1454 2895 1535; x_wconf 76' lang='grc' dir='ltr'>γαμϐρὸν,</span> <span class='ocrx_word' id='word_1_154' title='bbox 2936 1463 3043 1516; x_wconf 82' lang='grc' dir='ltr'>τῶν</span> <span class='ocrx_word' id='word_1_155' title='bbox 3097 1459 3388 1532; x_wconf 84' lang='grc' dir='ltr'>Ἑσπερίων</span> <span class='ocrx_word' id='word_1_156' title='bbox 3449 1457 3508 1515; x_wconf 71' lang='grc' dir='ltr'>δὲ</span> <span class='ocrx_word' id='word_1_157' title='bbox 3566 1462 3851 1516; x_wconf 79' lang='grc' dir='ltr'>Κωνστάν-</span> 
     </span>
    </p>
   </div>
   <div class='ocr_carea' id='block_1_30' title="bbox 2197 1544 3848 1626">
    <p class='ocr_par' dir='ltr' id='par_1_30' title="bbox 2197 1544 3848 1626">
     <span class='ocr_line' id='line_1_30' title="bbox 2197 1544 3848 1626; baseline 0.002 -25"><span class='ocrx_word' id='word_1_158' title='bbox 2197 1568 2314 1602; x_wconf 89' lang='grc' dir='ltr'>τιον</span> <span class='ocrx_word' id='word_1_159' title='bbox 2351 1548 2441 1603; x_wconf 83' lang='grc' dir='ltr'>τὸν</span> <span class='ocrx_word' id='word_1_160' title='bbox 2473 1548 2815 1626; x_wconf 80' lang='grc' dir='ltr'>’Ἑρκουλίου</span> <span class='ocrx_word' id='word_1_161' title='bbox 2853 1544 3126 1624; x_wconf 78' lang='grc' dir='ltr'>γαμϐρόν.</span> <span class='ocrx_word' id='word_1_162' title='bbox 3182 1550 3286 1605; x_wconf 85' lang='grc' dir='ltr'>Καὶ</span> <span class='ocrx_word' id='word_1_163' title='bbox 3318 1551 3346 1605; x_wconf 89' lang='lat'>6</span> <span class='ocrx_word' id='word_1_164' title='bbox 3388 1550 3482 1622; x_wconf 79' lang='grc' dir='ltr'>μὲν</span> <span class='ocrx_word' id='word_1_165' title='bbox 3516 1548 3848 1621; x_wconf 86' lang='grc' dir='ltr'>Διοκλητια-</span> 
     </span>
    </p>
   </div>
   <div class='ocr_carea' id='block_1_31' title="bbox 2196 1635 3847 1716">
    <p class='ocr_par' dir='ltr' id='par_1_31' title="bbox 2196 1635 3847 1716">
     <span class='ocr_line' id='line_1_31' title="bbox 2196 1635 3847 1716; baseline 0.003 -26"><span class='ocrx_word' id='word_1_166' title='bbox 2196 1635 2624 1700; x_wconf 72' lang='grc' dir='ltr'>νὸςίδιωτεῦσας</span> <span class='ocrx_word' id='word_1_167' title='bbox 2674 1635 2765 1709; x_wconf 80' lang='grc' dir='ltr'>ἔτη</span> <span class='ocrx_word' id='word_1_168' title='bbox 2799 1639 2867 1715; x_wconf 85' lang='grc' dir='ltr'>ιβ’</span> <span class='ocrx_word' id='word_1_169' title='bbox 2894 1645 2996 1708; x_wconf 81' lang='grc' dir='ltr'>τῆς</span> <span class='ocrx_word' id='word_1_170' title='bbox 3053 1637 3314 1716; x_wconf 83' lang='grc' dir='ltr'>γλώσσης</span> <span class='ocrx_word' id='word_1_171' title='bbox 3370 1639 3535 1694; x_wconf 73' lang='grc' dir='ltr'>αὐτοῦ</span> <span class='ocrx_word' id='word_1_172' title='bbox 3582 1640 3847 1711; x_wconf 83' lang='grc' dir='ltr'>σαπείσης</span> 
     </span>
    </p>
   </div>
   <div class='ocr_carea' id='block_1_32' title="bbox 2202 1724 3846 1805">
    <p class='ocr_par' dir='ltr' id='par_1_32' title="bbox 2202 1724 3846 1805">
     <span class='ocr_line' id='line_1_32' title="bbox 2202 1724 3846 1805; baseline 0.001 -24"><span class='ocrx_word' id='word_1_173' title='bbox 2202 1727 2453 1800; x_wconf 82' lang='grc' dir='ltr'>μετᾶνοῦ</span> <span class='ocrx_word' id='word_1_174' title='bbox 2510 1728 2780 1805; x_wconf 59' lang='grc' dir='ltr'>φάρυγγος</span> <span class='ocrx_word' id='word_1_175' title='bbox 2844 1728 2935 1783; x_wconf 79' lang='grc' dir='ltr'>καὶ</span> <span class='ocrx_word' id='word_1_176' title='bbox 2990 1726 3206 1798; x_wconf 79' lang='grc' dir='ltr'>πλῆθος</span> <span class='ocrx_word' id='word_1_177' title='bbox 3260 1726 3564 1800; x_wconf 78' lang='grc' dir='ltr'>σκωλήκων</span> <span class='ocrx_word' id='word_1_178' title='bbox 3605 1724 3846 1804; x_wconf 79' lang='grc' dir='ltr'>ἀναϐρα-</span> 
     </span>
    </p>
   </div>
   <div class='ocr_carea' id='block_1_33' title="bbox 429 1814 2060 1920">
    <p class='ocr_par' dir='ltr' id='par_1_33' title="bbox 429 1819 2060 1899">
     <span class='ocr_line' id='line_1_33' title="bbox 429 1819 2060 1899; baseline -0.005 -18"><span class='ocrx_word' id='word_1_179' title='bbox 429 1841 760 1899; x_wconf 84' lang='lat' dir='ltr'>aggressus,</span> <span class='ocrx_word' id='word_1_180' title='bbox 784 1824 1030 1881; x_wconf 91' lang='lat' dir='ltr'>cadente</span> <span class='ocrx_word' id='word_1_181' title='bbox 1063 1825 1136 1881; x_wconf 93' lang='lat' dir='ltr'>ad</span> <span class='ocrx_word' id='word_1_182' title='bbox 1178 1825 1413 1879; x_wconf 88' lang='lat' dir='ltr'>irritum</span> <span class='ocrx_word' id='word_1_183' title='bbox 1471 1827 1707 1893; x_wconf 88' lang='lat' dir='ltr'>conatu,</span> <span class='ocrx_word' id='word_1_184' title='bbox 1763 1819 2060 1892; x_wconf 70' lang='lat' dir='ltr'>suspendi:</span> 
     </span>
    </p>
   </div>
   <div class='ocr_carea' id='block_1_34' title="bbox 2177 1814 3839 1920">
    <p class='ocr_par' dir='ltr' id='par_1_34' title="bbox 2198 1814 3839 1920">
     <span class='ocr_line' id='line_1_34' title="bbox 2198 1814 3839 1920; baseline 0.002 -51"><span class='ocrx_word' id='word_1_185' title='bbox 2198 1815 2366 1920; x_wconf 39' lang='lat' dir='ltr'>anis-Ec;</span> <span class='ocrx_word' id='word_1_186' title='bbox 2422 1817 2484 1871; x_wconf 72' lang='grc' dir='ltr'>τὸ</span> <span class='ocrx_word' id='word_1_187' title='bbox 2542 1822 2757 1920; x_wconf 46' lang='grc' dir='ltr'>πνεῦιὶα</span> <span class='ocrx_word' id='word_1_188' title='bbox 2806 1816 3125 1896; x_wconf 68' lang='grc' dir='ltr'>ἀπέρρηξεν,</span> <span class='ocrx_word' id='word_1_189' title='bbox 3181 1819 3210 1872; x_wconf 88' lang='lat'>6</span> <span class='ocrx_word' id='word_1_190' title='bbox 3267 1814 3324 1872; x_wconf 76' lang='grc' dir='ltr'>δὲ</span> <span class='ocrx_word' id='word_1_191' title='bbox 3391 1815 3678 1892; x_wconf 77' lang='grc' dir='ltr'>Ἐρκύλιος</span> <span class='ocrx_word' id='word_1_192' title='bbox 3738 1819 3839 1887; x_wconf 81' lang='grc' dir='ltr'>τὴν</span> 
     </span>
    </p>
   </div>
   <div class='ocr_carea' id='block_1_35' title="bbox 427 1908 2005 1971">
    <p class='ocr_par' dir='ltr' id='par_1_35' title="bbox 427 1908 2005 1971">
     <span class='ocr_line' id='line_1_35' title="bbox 427 1908 2005 1971; baseline -0.004 -3"><span class='ocrx_word' id='word_1_193' title='bbox 427 1915 605 1971; x_wconf 85' lang='lat' dir='ltr'>vitam</span> <span class='ocrx_word' id='word_1_194' title='bbox 638 1915 810 1970; x_wconf 82' lang='lat' dir='ltr'>ﬁniit.</span> <span class='ocrx_word' id='word_1_195' title='bbox 847 1914 1115 1970; x_wconf 88' lang='lat' dir='ltr'>Galerius</span> <span class='ocrx_word' id='word_1_196' title='bbox 1142 1931 1176 1969; x_wconf 91' lang='lat' dir='ltr'>a</span> <span class='ocrx_word' id='word_1_197' title='bbox 1206 1913 1501 1969; x_wconf 86' lang='lat' dir='ltr'>vermibus</span> <span class='ocrx_word' id='word_1_198' title='bbox 1535 1928 1810 1967; x_wconf 89' lang='lat' dir='ltr'>corrosus</span> <span class='ocrx_word' id='word_1_199' title='bbox 1840 1908 2005 1965; x_wconf 91' lang='lat' dir='ltr'>obiit.</span> 
     </span>
    </p>
   </div>
   <div class='ocr_carea' id='block_1_36' title="bbox 496 2177 2074 2248">
    <p class='ocr_par' dir='ltr' id='par_1_36' title="bbox 496 2177 2074 2248">
     <span class='ocr_line' id='line_1_36' title="bbox 496 2177 2074 2248; baseline -0.004 -12"><span class='ocrx_word' id='word_1_200' title='bbox 496 2182 869 2237; x_wconf 86' lang='lat' dir='ltr'>Constantius</span> <span class='ocrx_word' id='word_1_201' title='bbox 897 2185 1094 2235; x_wconf 88' lang='lat' dir='ltr'>autem</span> <span class='ocrx_word' id='word_1_202' title='bbox 1128 2195 1261 2234; x_wconf 89' lang='lat' dir='ltr'>cum</span> <span class='ocrx_word' id='word_1_203' title='bbox 1293 2179 1381 2232; x_wconf 91' lang='lat' dir='ltr'>vir</span> <span class='ocrx_word' id='word_1_204' title='bbox 1411 2182 1568 2233; x_wconf 85' lang='lat' dir='ltr'>esset</span> <span class='ocrx_word' id='word_1_205' title='bbox 1589 2177 1847 2248; x_wconf 87' lang='lat' dir='ltr'>optimus</span> <span class='ocrx_word' id='word_1_206' title='bbox 1897 2180 2074 2247; x_wconf 89' lang='lat' dir='ltr'>atque</span> 
     </span>
    </p>
   </div>
   <div class='ocr_carea' id='block_1_37' title="bbox 425 2265 2071 2342">
    <p class='ocr_par' dir='ltr' id='par_1_37' title="bbox 425 2265 2071 2342">
     <span class='ocr_line' id='line_1_37' title="bbox 425 2265 2071 2342; baseline -0.004 -17"><span class='ocrx_word' id='word_1_207' title='bbox 425 2271 752 2342; x_wconf 86' lang='lat' dir='ltr'>piissimus,</span> <span class='ocrx_word' id='word_1_208' title='bbox 810 2269 1021 2325; x_wconf 85' lang='lat' dir='ltr'>iisdem</span> <span class='ocrx_word' id='word_1_209' title='bbox 1077 2268 1303 2324; x_wconf 87' lang='lat' dir='ltr'>artibus</span> <span class='ocrx_word' id='word_1_210' title='bbox 1378 2267 1566 2322; x_wconf 80' lang='lat' dir='ltr'>filium</span> <span class='ocrx_word' id='word_1_211' title='bbox 1619 2265 2071 2321; x_wconf 88' lang='lat' dir='ltr'>Constantinum</span> 
     </span>
    </p>
   </div>
   <div class='ocr_carea' id='block_1_38' title="bbox 426 2355 2069 2430">
    <p class='ocr_par' dir='ltr' id='par_1_38' title="bbox 426 2355 2069 2430">
     <span class='ocr_line' id='line_1_38' title="bbox 426 2355 2069 2430; baseline -0.002 -16"><span class='ocrx_word' id='word_1_212' title='bbox 426 2361 656 2416; x_wconf 89' lang='lat' dir='ltr'>imbuit.</span> <span class='ocrx_word' id='word_1_213' title='bbox 693 2363 1003 2430; x_wconf 88' lang='lat' dir='ltr'>Nunquam</span> <span class='ocrx_word' id='word_1_214' title='bbox 1032 2358 1223 2414; x_wconf 86' lang='lat' dir='ltr'>fuerat</span> <span class='ocrx_word' id='word_1_215' title='bbox 1253 2358 1447 2412; x_wconf 90' lang='lat' dir='ltr'>socius</span> <span class='ocrx_word' id='word_1_216' title='bbox 1479 2356 1715 2412; x_wconf 90' lang='lat' dir='ltr'>consilii</span> <span class='ocrx_word' id='word_1_217' title='bbox 1752 2355 1825 2411; x_wconf 90' lang='lat' dir='ltr'>de</span> <span class='ocrx_word' id='word_1_218' title='bbox 1856 2371 2069 2410; x_wconf 86' lang='lat' dir='ltr'>vexan-</span> 
     </span>
    </p>
   </div>
   <div class='ocr_carea' id='block_1_39' title="bbox 417 2445 2069 2517">
    <p class='ocr_par' dir='ltr' id='par_1_39' title="bbox 417 2445 2069 2517">
     <span class='ocr_line' id='line_1_39' title="bbox 417 2445 2069 2517; baseline -0.003 -13"><span class='ocrx_word' id='word_1_219' title='bbox 417 2450 507 2504; x_wconf 90' lang='lat' dir='ltr'>dis</span> <span class='ocrx_word' id='word_1_220' title='bbox 543 2449 914 2517; x_wconf 81' lang='lat' dir='ltr'>Christianis,</span> <span class='ocrx_word' id='word_1_221' title='bbox 974 2448 1077 2503; x_wconf 84' lang='lat' dir='ltr'>sed</span> <span class='ocrx_word' id='word_1_222' title='bbox 1134 2453 1193 2502; x_wconf 90' lang='lat' dir='ltr'>et</span> <span class='ocrx_word' id='word_1_223' title='bbox 1239 2463 1378 2502; x_wconf 89' lang='lat' dir='ltr'>suos</span> <span class='ocrx_word' id='word_1_224' title='bbox 1438 2445 1707 2500; x_wconf 90' lang='lat' dir='ltr'>subditos</span> <span class='ocrx_word' id='word_1_225' title='bbox 1750 2451 1950 2516; x_wconf 89' lang='lat' dir='ltr'>aperte</span> <span class='ocrx_word' id='word_1_226' title='bbox 2002 2460 2069 2499; x_wconf 90' lang='lat' dir='ltr'>ac</span> 
     </span>
    </p>
   </div>
   <div class='ocr_carea' id='block_1_40' title="bbox 415 2532 2061 2606">
    <p class='ocr_par' dir='ltr' id='par_1_40' title="bbox 415 2532 2061 2606">
     <span class='ocr_line' id='line_1_40' title="bbox 415 2532 2061 2606; baseline -0.003 -16"><span class='ocrx_word' id='word_1_227' title='bbox 415 2535 604 2590; x_wconf 88' lang='lat' dir='ltr'>libere</span> <span class='ocrx_word' id='word_1_228' title='bbox 635 2541 901 2590; x_wconf 85' lang='lat' dir='ltr'>nostram</span> <span class='ocrx_word' id='word_1_229' title='bbox 928 2534 1277 2606; x_wconf 79' lang='lat' dir='ltr'>religionem</span> <span class='ocrx_word' id='word_1_230' title='bbox 1311 2532 1506 2588; x_wconf 89' lang='lat' dir='ltr'>colere</span> <span class='ocrx_word' id='word_1_231' title='bbox 1533 2549 1741 2603; x_wconf 90' lang='lat' dir='ltr'>passus</span> <span class='ocrx_word' id='word_1_232' title='bbox 1764 2537 1871 2587; x_wconf 88' lang='lat' dir='ltr'>est.</span> <span class='ocrx_word' id='word_1_233' title='bbox 1914 2533 2061 2586; x_wconf 86' lang='lat' dir='ltr'>Mor-</span> 
     </span>
    </p>
   </div>
   <div class='ocr_carea' id='block_1_41' title="bbox 415 2621 2066 2693">
    <p class='ocr_par' dir='ltr' id='par_1_41' title="bbox 415 2621 2066 2693">
     <span class='ocr_line' id='line_1_41' title="bbox 415 2621 2066 2693; baseline -0.004 -12"><span class='ocrx_word' id='word_1_234' title='bbox 415 2631 555 2681; x_wconf 90' lang='lat' dir='ltr'>tuus</span> <span class='ocrx_word' id='word_1_235' title='bbox 587 2630 675 2681; x_wconf 91' lang='lat' dir='ltr'>est</span> <span class='ocrx_word' id='word_1_236' title='bbox 706 2626 766 2680; x_wconf 93' lang='lat' dir='ltr'>in</span> <span class='ocrx_word' id='word_1_237' title='bbox 806 2624 1132 2690; x_wconf 84' lang='lat' dir='ltr'>Britannia,</span> <span class='ocrx_word' id='word_1_238' title='bbox 1166 2640 1301 2678; x_wconf 92' lang='lat' dir='ltr'>cum</span> <span class='ocrx_word' id='word_1_239' title='bbox 1351 2623 1703 2693; x_wconf 87' lang='lat' dir='ltr'>imperasset</span> <span class='ocrx_word' id='word_1_240' title='bbox 1732 2621 2066 2688; x_wconf 87' lang='lat' dir='ltr'>biennium,</span> 
     </span>
    </p>
   </div>
   <div class='ocr_carea' id='block_1_42' title="bbox 417 2710 2066 2782">
    <p class='ocr_par' dir='ltr' id='par_1_42' title="bbox 417 2710 2066 2782">
     <span class='ocr_line' id='line_1_42' title="bbox 417 2710 2066 2782; baseline -0.003 -12"><span class='ocrx_word' id='word_1_241' title='bbox 417 2716 610 2771; x_wconf 72' lang='lat' dir='ltr'>Ctesar</span> <span class='ocrx_word' id='word_1_242' title='bbox 640 2715 850 2769; x_wconf 82' lang='lat' dir='ltr'>fuisset</span> <span class='ocrx_word' id='word_1_243' title='bbox 888 2730 1078 2768; x_wconf 90' lang='lat' dir='ltr'>annos</span> <span class='ocrx_word' id='word_1_244' title='bbox 1128 2713 1212 2767; x_wconf 86' lang='grc'>13.</span> <span class='ocrx_word' id='word_1_245' title='bbox 1275 2714 1358 2766; x_wconf 85' lang='lat' dir='ltr'>Ex</span> <span class='ocrx_word' id='word_1_246' title='bbox 1413 2711 1657 2777; x_wconf 90' lang='lat' dir='ltr'>Helena,</span> <span class='ocrx_word' id='word_1_247' title='bbox 1716 2710 1909 2782; x_wconf 90' lang='lat' dir='ltr'>prima</span> <span class='ocrx_word' id='word_1_248' title='bbox 1956 2726 2066 2766; x_wconf 91' lang='lat' dir='ltr'>sua</span> 
     </span>
    </p>
   </div>
   <div class='ocr_carea' id='block_1_43' title="bbox 414 2799 2065 2874">
    <p class='ocr_par' dir='ltr' id='par_1_43' title="bbox 414 2799 2065 2874">
     <span class='ocr_line' id='line_1_43' title="bbox 414 2799 2065 2874; baseline -0.002 -17"><span class='ocrx_word' id='word_1_249' title='bbox 414 2820 621 2872; x_wconf 87' lang='lat' dir='ltr'>uxore,</span> <span class='ocrx_word' id='word_1_250' title='bbox 682 2802 885 2874; x_wconf 91' lang='lat' dir='ltr'>genuit</span> <span class='ocrx_word' id='word_1_251' title='bbox 968 2800 1458 2863; x_wconf 89' lang='lat' dir='ltr'>Constantinum,</span> <span class='ocrx_word' id='word_1_252' title='bbox 1519 2799 1619 2869; x_wconf 90' lang='lat' dir='ltr'>qui</span> <span class='ocrx_word' id='word_1_253' title='bbox 1682 2801 1917 2870; x_wconf 86' lang='lat' dir='ltr'>Magnus</span> <span class='ocrx_word' id='word_1_254' title='bbox 1976 2804 2065 2854; x_wconf 89' lang='lat' dir='ltr'>est</span> 
     </span>
    </p>
   </div>
   <div class='ocr_carea' id='block_1_44' title="bbox 410 2887 2059 2963">
    <p class='ocr_par' dir='ltr' id='par_1_44' title="bbox 410 2887 2059 2963">
     <span class='ocr_line' id='line_1_44' title="bbox 410 2887 2059 2963; baseline -0.002 -17"><span class='ocrx_word' id='word_1_255' title='bbox 410 2892 881 2963; x_wconf 89' lang='lat' dir='ltr'>cognominatus,</span> <span class='ocrx_word' id='word_1_256' title='bbox 916 2889 1072 2961; x_wconf 88' lang='lat' dir='ltr'>apud</span> <span class='ocrx_word' id='word_1_257' title='bbox 1099 2887 1304 2943; x_wconf 89' lang='lat' dir='ltr'>urbem</span> <span class='ocrx_word' id='word_1_258' title='bbox 1340 2888 1551 2955; x_wconf 66' lang='lat' dir='ltr'>Daciae,</span> <span class='ocrx_word' id='word_1_259' title='bbox 1577 2903 1829 2957; x_wconf 90' lang='lat' dir='ltr'>eumque</span> <span class='ocrx_word' id='word_1_260' title='bbox 1862 2889 2059 2942; x_wconf 65' lang='lat' dir='ltr'>Roma)</span> 
     </span>
    </p>
   </div>
   <div class='ocr_carea' id='block_1_45' title="bbox 416 2976 2057 3050">
    <p class='ocr_par' dir='ltr' id='par_1_45' title="bbox 416 2976 2057 3050">
     <span class='ocr_line' id='line_1_45' title="bbox 416 2976 2057 3050; baseline -0.004 -14"><span class='ocrx_word' id='word_1_261' title='bbox 416 2997 613 3036; x_wconf 86' lang='lat' dir='ltr'>coram</span> <span class='ocrx_word' id='word_1_262' title='bbox 652 2980 922 3035; x_wconf 89' lang='lat' dir='ltr'>universo</span> <span class='ocrx_word' id='word_1_263' title='bbox 981 2977 1199 3050; x_wconf 92' lang='lat' dir='ltr'>populo</span> <span class='ocrx_word' id='word_1_264' title='bbox 1266 2994 1371 3033; x_wconf 93' lang='lat' dir='ltr'>suo</span> <span class='ocrx_word' id='word_1_265' title='bbox 1431 2977 1849 3048; x_wconf 88' lang='lat' dir='ltr'>imperatorem</span> <span class='ocrx_word' id='word_1_266' title='bbox 1899 2976 2057 3031; x_wconf 86' lang='lat' dir='ltr'>desi-</span> 
     </span>
    </p>
   </div>
   <div class='ocr_carea' id='block_1_46' title="bbox 413 3065 2054 3144">
    <p class='ocr_par' dir='ltr' id='par_1_46' title="bbox 413 3065 2054 3144">
     <span class='ocr_line' id='line_1_46' title="bbox 413 3065 2054 3144; baseline -0.003 -20"><span class='ocrx_word' id='word_1_267' title='bbox 413 3071 629 3143; x_wconf 89' lang='lat' dir='ltr'>gnavit,</span> <span class='ocrx_word' id='word_1_268' title='bbox 665 3086 796 3125; x_wconf 92' lang='lat' dir='ltr'>cum</span> <span class='ocrx_word' id='word_1_269' title='bbox 829 3071 1207 3141; x_wconf 89' lang='lat' dir='ltr'>superessent</span> <span class='ocrx_word' id='word_1_270' title='bbox 1265 3066 1444 3121; x_wconf 89' lang='lat' dir='ltr'>etiam</span> <span class='ocrx_word' id='word_1_271' title='bbox 1497 3065 1706 3144; x_wconf 84' lang='lat' dir='ltr'>reliqui</span> <span class='ocrx_word' id='word_1_272' title='bbox 1738 3066 1867 3137; x_wconf 84' lang='lat' dir='ltr'>ejus</span> <span class='ocrx_word' id='word_1_273' title='bbox 1924 3065 2054 3134; x_wconf 81' lang='lat' dir='ltr'>filii,</span> 
     </span>
    </p>
   </div>
   <div class='ocr_carea' id='block_1_47' title="bbox 412 3154 2130 3261">
    <p class='ocr_par' dir='ltr' id='par_1_47' title="bbox 412 3154 2130 3261">
     <span class='ocr_line' id='line_1_47' title="bbox 412 3154 2130 3261; baseline -0.005 -45"><span class='ocrx_word' id='word_1_274' title='bbox 412 3161 809 3226; x_wconf 58' lang='lat' dir='ltr'>Constantius,</span> <span class='ocrx_word' id='word_1_275' title='bbox 845 3159 1111 3230; x_wconf 90' lang='lat' dir='ltr'>inquam,</span> <span class='ocrx_word' id='word_1_276' title='bbox 1145 3162 1312 3229; x_wconf 89' lang='lat' dir='ltr'>pater</span> <span class='ocrx_word' id='word_1_277' title='bbox 1339 3155 1577 3221; x_wconf 85' lang='lat' dir='ltr'>Juliani,</span> <span class='ocrx_word' id='word_1_278' title='bbox 1612 3171 1678 3209; x_wconf 89' lang='lat' dir='ltr'>ac</span> <span class='ocrx_word' id='word_1_279' title='bbox 1709 3154 1930 3223; x_wconf 87' lang='lat' dir='ltr'>Gallus,</span> <span class='ocrx_word' id='word_1_280' title='bbox 1954 3154 2054 3225; x_wconf 87' lang='lat' dir='ltr'>qui</span> <span class='ocrx_word' id='word_1_281' title='bbox 2088 3196 2130 3261; x_wconf 67' lang='grc' dir='ltr'>ϐ</span> 
     </span>
    </p>
   </div>
   <div class='ocr_carea' id='block_1_48' title="bbox 415 3243 2057 3320">
    <p class='ocr_par' dir='ltr' id='par_1_48' title="bbox 415 3243 2057 3320">
     <span class='ocr_line' id='line_1_48' title="bbox 415 3243 2057 3320; baseline -0.005 -14"><span class='ocrx_word' id='word_1_282' title='bbox 415 3257 471 3306; x_wconf 92' lang='lat' dir='ltr'>et</span> <span class='ocrx_word' id='word_1_283' title='bbox 491 3248 1050 3320; x_wconf 88' lang='lat' dir='ltr'>Dalmata,junioris</span> <span class='ocrx_word' id='word_1_284' title='bbox 1077 3246 1358 3301; x_wconf 83' lang='lat' dir='ltr'>Dalmatae</span> <span class='ocrx_word' id='word_1_285' title='bbox 1376 3249 1562 3316; x_wconf 91' lang='lat' dir='ltr'>pater.</span> <span class='ocrx_word' id='word_1_286' title='bbox 1588 3243 1849 3298; x_wconf 84' lang='lat' dir='ltr'>Habebat</span> <span class='ocrx_word' id='word_1_287' title='bbox 1879 3243 2057 3299; x_wconf 88' lang='lat' dir='ltr'>etiam</span> 
     </span>
    </p>
   </div>
   <div class='ocr_carea' id='block_1_49' title="bbox 412 3332 2059 3406">
    <p class='ocr_par' dir='ltr' id='par_1_49' title="bbox 412 3332 2059 3406">
     <span class='ocr_line' id='line_1_49' title="bbox 412 3332 2059 3406; baseline -0.004 -11"><span class='ocrx_word' id='word_1_288' title='bbox 412 3340 593 3395; x_wconf 84' lang='lat' dir='ltr'>filiam</span> <span class='ocrx_word' id='word_1_289' title='bbox 653 3337 1079 3403; x_wconf 74' lang='lat' dir='ltr'>Constantiam,</span> <span class='ocrx_word' id='word_1_290' title='bbox 1133 3352 1264 3406; x_wconf 70' lang='lat' dir='ltr'>qum</span> <span class='ocrx_word' id='word_1_291' title='bbox 1317 3333 1546 3400; x_wconf 89' lang='lat' dir='ltr'>Licinii,</span> <span class='ocrx_word' id='word_1_292' title='bbox 1579 3349 1727 3387; x_wconf 83' lang='lat' dir='ltr'>uxor</span> <span class='ocrx_word' id='word_1_293' title='bbox 1757 3332 1886 3399; x_wconf 90' lang='lat' dir='ltr'>fuit,</span> <span class='ocrx_word' id='word_1_294' title='bbox 1920 3340 2059 3389; x_wconf 86' lang='lat' dir='ltr'>nata</span> 
     </span>
    </p>
   </div>
   <div class='ocr_carea' id='block_1_50' title="bbox 411 3421 2057 3494">
    <p class='ocr_par' dir='ltr' id='par_1_50' title="bbox 411 3421 2057 3494">
     <span class='ocr_line' id='line_1_50' title="bbox 411 3421 2057 3494; baseline -0.004 -11"><span class='ocrx_word' id='word_1_295' title='bbox 411 3428 647 3483; x_wconf 86' lang='lat' dir='ltr'>Herculi</span> <span class='ocrx_word' id='word_1_296' title='bbox 706 3427 829 3481; x_wconf 83' lang='lat' dir='ltr'>filia</span> <span class='ocrx_word' id='word_1_297' title='bbox 882 3424 1207 3480; x_wconf 83' lang='lat' dir='ltr'>Theodora.</span> <span class='ocrx_word' id='word_1_298' title='bbox 1269 3425 1397 3493; x_wconf 84' lang='lat' dir='ltr'>Ipse</span> <span class='ocrx_word' id='word_1_299' title='bbox 1454 3426 1623 3493; x_wconf 89' lang='lat' dir='ltr'>pater</span> <span class='ocrx_word' id='word_1_300' title='bbox 1678 3421 1877 3494; x_wconf 81' lang='lat' dir='ltr'>magni</span> <span class='ocrx_word' id='word_1_301' title='bbox 1937 3421 2057 3478; x_wconf 84' lang='lat' dir='ltr'>filia</span> 
     </span>
    </p>
   </div>
   <div class='ocr_carea' id='block_1_51' title="bbox 406 3511 1409 3587">
    <p class='ocr_par' dir='ltr' id='par_1_51' title="bbox 406 3511 1409 3587">
     <span class='ocr_line' id='line_1_51' title="bbox 406 3511 1409 3587; baseline -0.007 -16"><span class='ocrx_word' id='word_1_302' title='bbox 406 3516 635 3571; x_wconf 89' lang='lat' dir='ltr'>Claudii</span> <span class='ocrx_word' id='word_1_303' title='bbox 669 3514 1047 3587; x_wconf 87' lang='lat' dir='ltr'>imperatoris</span> <span class='ocrx_word' id='word_1_304' title='bbox 1079 3517 1253 3568; x_wconf 88' lang='lat' dir='ltr'>natus</span> <span class='ocrx_word' id='word_1_305' title='bbox 1280 3511 1409 3566; x_wconf 86' lang='lat' dir='ltr'>fuit.</span> 
     </span>
    </p>
   </div>
   <div class='ocr_carea' id='block_1_52' title="bbox 475 3598 2049 3675">
    <p class='ocr_par' dir='ltr' id='par_1_52' title="bbox 475 3598 2049 3675">
     <span class='ocr_line' id='line_1_52' title="bbox 475 3598 2049 3675; baseline -0.004 -14"><span class='ocrx_word' id='word_1_306' title='bbox 475 3605 897 3661; x_wconf 90' lang='lat' dir='ltr'>Constantinus</span> <span class='ocrx_word' id='word_1_307' title='bbox 930 3605 1173 3675; x_wconf 86' lang='lat' dir='ltr'>Magnus</span> <span class='ocrx_word' id='word_1_308' title='bbox 1200 3605 1425 3656; x_wconf 88' lang='lat' dir='ltr'>statura</span> <span class='ocrx_word' id='word_1_309' title='bbox 1466 3598 1577 3655; x_wconf 85' lang='lat' dir='ltr'>fuit</span> <span class='ocrx_word' id='word_1_310' title='bbox 1623 3598 1930 3668; x_wconf 88' lang='lat' dir='ltr'>mediocri,</span> <span class='ocrx_word' id='word_1_311' title='bbox 1964 3600 2049 3655; x_wconf 88' lang='lat' dir='ltr'>la-</span> 
     </span>
    </p>
   </div>
   <div class='ocr_carea' id='block_1_53' title="bbox 403 3688 2049 3761">
    <p class='ocr_par' dir='ltr' id='par_1_53' title="bbox 403 3688 2049 3761">
     <span class='ocr_line' id='line_1_53' title="bbox 403 3688 2049 3761; baseline -0.003 -11"><span class='ocrx_word' id='word_1_312' title='bbox 403 3700 496 3750; x_wconf 88' lang='lat' dir='ltr'>tus</span> <span class='ocrx_word' id='word_1_313' title='bbox 527 3695 825 3761; x_wconf 90' lang='lat' dir='ltr'>humeros,</span> <span class='ocrx_word' id='word_1_314' title='bbox 860 3693 1081 3748; x_wconf 90' lang='lat' dir='ltr'>cervice</span> <span class='ocrx_word' id='word_1_315' title='bbox 1113 3706 1312 3746; x_wconf 89' lang='lat' dir='ltr'>crassa</span> <span class='ocrx_word' id='word_1_316' title='bbox 1345 3708 1357 3745; x_wconf 90' lang='lat'>:</span> <span class='ocrx_word' id='word_1_317' title='bbox 1392 3688 1548 3745; x_wconf 91' lang='lat' dir='ltr'>unde</span> <span class='ocrx_word' id='word_1_318' title='bbox 1598 3694 1657 3744; x_wconf 92' lang='lat' dir='ltr'>et</span> <span class='ocrx_word' id='word_1_319' title='bbox 1686 3690 2049 3745; x_wconf 90' lang='lat' dir='ltr'>cervicosum</span> 
     </span>
    </p>
   </div>
   <div class='ocr_carea' id='block_1_54' title="bbox 399 3778 2047 3851">
    <p class='ocr_par' dir='ltr' id='par_1_54' title="bbox 399 3778 2047 3851">
     <span class='ocr_line' id='line_1_54' title="bbox 399 3778 2047 3851; baseline -0.004 -11"><span class='ocrx_word' id='word_1_320' title='bbox 399 3784 807 3840; x_wconf 87' lang='lat' dir='ltr'>nominabant.</span> <span class='ocrx_word' id='word_1_321' title='bbox 842 3781 1037 3837; x_wconf 84' lang='lat' dir='ltr'>Huber</span> <span class='ocrx_word' id='word_1_322' title='bbox 1094 3780 1224 3847; x_wconf 84' lang='lat' dir='ltr'>fuit,</span> <span class='ocrx_word' id='word_1_323' title='bbox 1267 3778 1483 3851; x_wconf 87' lang='lat' dir='ltr'>capillo</span> <span class='ocrx_word' id='word_1_324' title='bbox 1534 3795 1653 3833; x_wconf 91' lang='lat' dir='ltr'>non</span> <span class='ocrx_word' id='word_1_325' title='bbox 1681 3778 1863 3834; x_wconf 89' lang='lat' dir='ltr'>denso</span> <span class='ocrx_word' id='word_1_326' title='bbox 1897 3780 2047 3834; x_wconf 71' lang='lat'>478</span> 
     </span>
    </p>
   </div>
   <div class='ocr_carea' id='block_1_55' title="bbox 399 3868 2047 3946">
    <p class='ocr_par' dir='ltr' id='par_1_55' title="bbox 399 3868 2047 3946">
     <span class='ocr_line' id='line_1_55' title="bbox 399 3868 2047 3946; baseline -0.004 -16"><span class='ocrx_word' id='word_1_327' title='bbox 399 3890 594 3946; x_wconf 87' lang='lat' dir='ltr'>neque</span> <span class='ocrx_word' id='word_1_328' title='bbox 616 3874 808 3945; x_wconf 82' lang='lat' dir='ltr'>crispo</span> <span class='ocrx_word' id='word_1_329' title='bbox 839 3888 852 3939; x_wconf 91' lang='lat'><strong>;</strong></span> <span class='ocrx_word' id='word_1_330' title='bbox 885 3869 1067 3926; x_wconf 87' lang='lat' dir='ltr'>barba</span> <span class='ocrx_word' id='word_1_331' title='bbox 1094 3886 1250 3937; x_wconf 91' lang='lat' dir='ltr'>rara,</span> <span class='ocrx_word' id='word_1_332' title='bbox 1284 3874 1342 3923; x_wconf 90' lang='lat' dir='ltr'>et</span> <span class='ocrx_word' id='word_1_333' title='bbox 1396 3868 1607 3923; x_wconf 89' lang='lat' dir='ltr'>faciem</span> <span class='ocrx_word' id='word_1_334' title='bbox 1640 3868 1844 3939; x_wconf 89' lang='lat' dir='ltr'>paucis</span> <span class='ocrx_word' id='word_1_335' title='bbox 1902 3868 2047 3925; x_wconf 88' lang='lat' dir='ltr'>locis</span> 
     </span>
    </p>
   </div>
   <div class='ocr_carea' id='block_1_56' title="bbox 397 3957 2046 4038">
    <p class='ocr_par' dir='ltr' id='par_1_56' title="bbox 397 3957 2046 4038">
     <span class='ocr_line' id='line_1_56' title="bbox 397 3957 2046 4038; baseline -0.004 -19"><span class='ocrx_word' id='word_1_336' title='bbox 397 3969 630 4038; x_wconf 88' lang='lat' dir='ltr'>tegente</span> <span class='ocrx_word' id='word_1_337' title='bbox 660 3979 841 4030; x_wconf 88' lang='lat' dir='ltr'>;naso</span> <span class='ocrx_word' id='word_1_338' title='bbox 871 3961 1243 4031; x_wconf 87' lang='lat' dir='ltr'>aliquantum</span> <span class='ocrx_word' id='word_1_339' title='bbox 1274 3959 1537 4025; x_wconf 88' lang='lat' dir='ltr'>incurvo,</span> <span class='ocrx_word' id='word_1_340' title='bbox 1572 3957 1758 4013; x_wconf 92' lang='lat' dir='ltr'>oculis</span> <span class='ocrx_word' id='word_1_341' title='bbox 1790 3958 2046 4014; x_wconf 90' lang='lat' dir='ltr'>leoninis</span> 
     </span>
    </p>
   </div>
   <div class='ocr_carea' id='block_1_57' title="bbox 394 4046 2047 4126">
    <p class='ocr_par' dir='ltr' id='par_1_57' title="bbox 394 4046 2047 4126">
     <span class='ocr_line' id='line_1_57' title="bbox 394 4046 2047 4126; baseline -0.002 -19"><span class='ocrx_word' id='word_1_342' title='bbox 394 4054 708 4126; x_wconf 88' lang='lat' dir='ltr'>gratiosus,</span> <span class='ocrx_word' id='word_1_343' title='bbox 741 4069 808 4107; x_wconf 89' lang='lat' dir='ltr'>ac</span> <span class='ocrx_word' id='word_1_344' title='bbox 837 4049 1000 4105; x_wconf 87' lang='lat' dir='ltr'>vultu</span> <span class='ocrx_word' id='word_1_345' title='bbox 1032 4048 1431 4105; x_wconf 79' lang='lat' dir='ltr'>serenissima.</span> <span class='ocrx_word' id='word_1_346' title='bbox 1469 4046 1715 4102; x_wconf 86' lang='lat' dir='ltr'>Litteras</span> <span class='ocrx_word' id='word_1_347' title='bbox 1737 4047 2047 4103; x_wconf 89' lang='lat' dir='ltr'>mediocri-</span> 
     </span>
    </p>
   </div>
   <div class='ocr_carea' id='block_1_58' title="bbox 394 4135 2040 4209">
    <p class='ocr_par' dir='ltr' id='par_1_58' title="bbox 394 4135 2040 4209">
     <span class='ocr_line' id='line_1_58' title="bbox 394 4135 2040 4209; baseline -0.002 -14"><span class='ocrx_word' id='word_1_348' title='bbox 394 4147 486 4197; x_wconf 92' lang='lat' dir='ltr'>ter</span> <span class='ocrx_word' id='word_1_349' title='bbox 516 4142 728 4209; x_wconf 89' lang='lat' dir='ltr'>tenuit,</span> <span class='ocrx_word' id='word_1_350' title='bbox 759 4138 1129 4195; x_wconf 89' lang='lat' dir='ltr'>continentia</span> <span class='ocrx_word' id='word_1_351' title='bbox 1158 4137 1231 4192; x_wconf 89' lang='lat' dir='ltr'>ad</span> <span class='ocrx_word' id='word_1_352' title='bbox 1259 4135 1576 4191; x_wconf 85' lang='lat' dir='ltr'>frenandas</span> <span class='ocrx_word' id='word_1_353' title='bbox 1625 4135 1846 4191; x_wconf 87' lang='lat' dir='ltr'>ventris</span> <span class='ocrx_word' id='word_1_354' title='bbox 1878 4136 2040 4208; x_wconf 86' lang='lat' dir='ltr'>cupi-</span> 
     </span>
    </p>
   </div>
   <div class='ocr_carea' id='block_1_59' title="bbox 393 4223 2043 4300">
    <p class='ocr_par' dir='ltr' id='par_1_59' title="bbox 393 4223 2043 4300">
     <span class='ocr_line' id='line_1_59' title="bbox 393 4223 2043 4300; baseline -0.003 -15"><span class='ocrx_word' id='word_1_355' title='bbox 393 4231 608 4287; x_wconf 87' lang='lat' dir='ltr'>ditates</span> <span class='ocrx_word' id='word_1_356' title='bbox 664 4228 1097 4300; x_wconf 86' lang='lat' dir='ltr'>perfectissima</span> <span class='ocrx_word' id='word_1_357' title='bbox 1167 4230 1448 4290; x_wconf 89' lang='lat' dir='ltr'>ornatus;</span> <span class='ocrx_word' id='word_1_358' title='bbox 1502 4240 1620 4295; x_wconf 86' lang='lat' dir='ltr'>qua</span> <span class='ocrx_word' id='word_1_359' title='bbox 1676 4223 1853 4279; x_wconf 85' lang='lat' dir='ltr'>etiam</span> <span class='ocrx_word' id='word_1_360' title='bbox 1900 4241 2043 4280; x_wconf 87' lang='lat' dir='ltr'>usus</span> 
     </span>
    </p>
   </div>
   <div class='ocr_carea' id='block_1_60' title="bbox 393 4313 2041 4389">
    <p class='ocr_par' dir='ltr' id='par_1_60' title="bbox 393 4313 2041 4389">
     <span class='ocr_line' id='line_1_60' title="bbox 393 4313 2041 4389; baseline -0.002 -15"><span class='ocrx_word' id='word_1_361' title='bbox 393 4320 611 4374; x_wconf 86' lang='lat' dir='ltr'>multos</span> <span class='ocrx_word' id='word_1_362' title='bbox 640 4319 902 4389; x_wconf 87' lang='lat' dir='ltr'>corporis</span> <span class='ocrx_word' id='word_1_363' title='bbox 932 4315 1167 4371; x_wconf 88' lang='lat' dir='ltr'>evitavit</span> <span class='ocrx_word' id='word_1_364' title='bbox 1196 4313 1455 4380; x_wconf 88' lang='lat' dir='ltr'>morbos,</span> <span class='ocrx_word' id='word_1_365' title='bbox 1487 4313 1658 4384; x_wconf 89' lang='lat' dir='ltr'>cujus</span> <span class='ocrx_word' id='word_1_366' title='bbox 1708 4329 1829 4368; x_wconf 92' lang='lat' dir='ltr'>non</span> <span class='ocrx_word' id='word_1_367' title='bbox 1882 4313 2041 4370; x_wconf 81' lang='lat' dir='ltr'>salu-</span> 
     </span>
    </p>
   </div>
   <div class='ocr_carea' id='block_1_61' title="bbox 392 4401 2043 4476">
    <p class='ocr_par' dir='ltr' id='par_1_61' title="bbox 392 4401 2043 4476">
     <span class='ocr_line' id='line_1_61' title="bbox 392 4401 2043 4476; baseline -0.002 -14"><span class='ocrx_word' id='word_1_368' title='bbox 392 4407 515 4462; x_wconf 90' lang='lat' dir='ltr'>bris</span> <span class='ocrx_word' id='word_1_369' title='bbox 546 4406 888 4462; x_wconf 88' lang='lat' dir='ltr'>constitutio</span> <span class='ocrx_word' id='word_1_370' title='bbox 918 4405 1146 4476; x_wconf 92' lang='lat' dir='ltr'>lepram</span> <span class='ocrx_word' id='word_1_371' title='bbox 1176 4401 1515 4458; x_wconf 87' lang='lat' dir='ltr'>minabatur</span> <span class='ocrx_word' id='word_1_372' title='bbox 1544 4406 1603 4456; x_wconf 86' lang='lat' dir='ltr'>et</span> <span class='ocrx_word' id='word_1_373' title='bbox 1631 4418 1811 4473; x_wconf 90' lang='lat' dir='ltr'>prava</span> <span class='ocrx_word' id='word_1_374' title='bbox 1854 4402 2043 4459; x_wconf 80' lang='lat' dir='ltr'>multa</span> 
     </span>
    </p>
   </div>
   <div class='ocr_carea' id='block_1_62' title="bbox 390 4496 691 4552">
    <p class='ocr_par' dir='ltr' id='par_1_62' title="bbox 390 4496 691 4552">
     <span class='ocr_line' id='line_1_62' title="bbox 390 4496 691 4552; baseline -0.003 0"><span class='ocrx_word' id='word_1_375' title='bbox 390 4497 471 4552; x_wconf 82' lang='lat' dir='ltr'>eff</span> <span class='ocrx_word' id='word_1_376' title='bbox 472 4496 691 4552; x_wconf 87' lang='lat' dir='ltr'>erebat.</span> 
     </span>
    </p>
   </div>
   <div class='ocr_carea' id='block_1_63' title="bbox 463 4760 2038 4838">
    <p class='ocr_par' dir='ltr' id='par_1_63' title="bbox 463 4760 2038 4838">
     <span class='ocr_line' id='line_1_63' title="bbox 463 4760 2038 4838; baseline -0.001 -17"><span class='ocrx_word' id='word_1_377' title='bbox 463 4766 730 4822; x_wconf 88' lang='lat' dir='ltr'>Galerius</span> <span class='ocrx_word' id='word_1_378' title='bbox 762 4782 897 4838; x_wconf 85' lang='lat' dir='ltr'>ergo</span> <span class='ocrx_word' id='word_1_379' title='bbox 931 4762 1322 4820; x_wconf 81' lang='lat' dir='ltr'>Maximianus</span> <span class='ocrx_word' id='word_1_380' title='bbox 1368 4761 1428 4816; x_wconf 91' lang='lat' dir='ltr'>in</span> <span class='ocrx_word' id='word_1_381' title='bbox 1479 4760 1706 4817; x_wconf 84' lang='lat' dir='ltr'>Italiam</span> <span class='ocrx_word' id='word_1_382' title='bbox 1770 4778 2038 4819; x_wconf 87' lang='lat' dir='ltr'>reversus</span> 
     </span>
    </p>
   </div>
   <div class='ocr_carea' id='block_1_64' title="bbox 389 4850 2036 4921">
    <p class='ocr_par' dir='ltr' id='par_1_64' title="bbox 389 4850 2036 4921">
     <span class='ocr_line' id='line_1_64' title="bbox 389 4850 2036 4921; baseline -0.002 -9"><span class='ocrx_word' id='word_1_383' title='bbox 389 4857 648 4912; x_wconf 66' lang='lat' dir='ltr'>Caesares</span> <span class='ocrx_word' id='word_1_384' title='bbox 680 4855 826 4911; x_wconf 90' lang='lat' dir='ltr'>duos</span> <span class='ocrx_word' id='word_1_385' title='bbox 858 4854 1093 4910; x_wconf 89' lang='lat' dir='ltr'>creavit.</span> <span class='ocrx_word' id='word_1_386' title='bbox 1129 4850 1548 4907; x_wconf 85' lang='lat' dir='ltr'>Maximianum</span> <span class='ocrx_word' id='word_1_387' title='bbox 1594 4850 1783 4905; x_wconf 81' lang='lat' dir='ltr'>ﬁlium</span> <span class='ocrx_word' id='word_1_388' title='bbox 1841 4869 2036 4921; x_wconf 90' lang='lat' dir='ltr'>suum,</span> 
     </span>
    </p>
   </div>
   <div class='ocr_carea' id='block_1_65' title="bbox 388 4939 2035 5018">
    <p class='ocr_par' dir='ltr' id='par_1_65' title="bbox 388 4939 2035 5018">
     <span class='ocr_line' id='line_1_65' title="bbox 388 4939 2035 5018; baseline -0.002 -16"><span class='ocrx_word' id='word_1_389' title='bbox 388 4947 488 5018; x_wconf 89' lang='lat' dir='ltr'>qui</span> <span class='ocrx_word' id='word_1_390' title='bbox 547 4946 844 5003; x_wconf 89' lang='lat' dir='ltr'>Orientem</span> <span class='ocrx_word' id='word_1_391' title='bbox 897 4948 1123 5017; x_wconf 83' lang='lat' dir='ltr'>regeret</span> <span class='ocrx_word' id='word_1_392' title='bbox 1177 4941 1310 5013; x_wconf 91' lang='lat' dir='ltr'>(sub</span> <span class='ocrx_word' id='word_1_393' title='bbox 1344 4956 1460 5009; x_wconf 90' lang='lat' dir='ltr'>quo</span> <span class='ocrx_word' id='word_1_394' title='bbox 1514 4939 1715 5008; x_wconf 89' lang='lat' dir='ltr'>etiam,</span> <span class='ocrx_word' id='word_1_395' title='bbox 1749 4941 1849 5011; x_wconf 91' lang='lat' dir='ltr'>qui</span> <span class='ocrx_word' id='word_1_396' title='bbox 1902 4959 2035 4998; x_wconf 91' lang='lat' dir='ltr'>cum</span> 
     </span>
    </p>
   </div>
   <div class='ocr_carea' id='block_1_66' title="bbox 387 5029 2036 5108">
    <p class='ocr_par' dir='ltr' id='par_1_66' title="bbox 387 5029 2036 5108">
     <span class='ocr_line' id='line_1_66' title="bbox 387 5029 2036 5108; baseline -0.002 -16"><span class='ocrx_word' id='word_1_397' title='bbox 387 5052 599 5108; x_wconf 86' lang='lat' dir='ltr'>magno</span> <span class='ocrx_word' id='word_1_398' title='bbox 633 5041 803 5090; x_wconf 90' lang='lat' dir='ltr'>erant</span> <span class='ocrx_word' id='word_1_399' title='bbox 834 5034 1049 5089; x_wconf 88' lang='lat' dir='ltr'>Basilio</span> <span class='ocrx_word' id='word_1_400' title='bbox 1074 5034 1293 5099; x_wconf 87' lang='lat' dir='ltr'>Patres,</span> <span class='ocrx_word' id='word_1_401' title='bbox 1328 5033 1568 5101; x_wconf 86' lang='lat' dir='ltr'>propter</span> <span class='ocrx_word' id='word_1_402' title='bbox 1608 5029 1734 5100; x_wconf 85' lang='lat' dir='ltr'>ejus</span> <span class='ocrx_word' id='word_1_403' title='bbox 1765 5046 2036 5100; x_wconf 86' lang='lat' dir='ltr'>persecu-</span> 
     </span>
    </p>
   </div>
   <div class='ocr_carea' id='block_1_67' title="bbox 2196 1902 3838 1983">
    <p class='ocr_par' dir='ltr' id='par_1_67' title="bbox 2196 1902 3838 1983">
     <span class='ocr_line' id='line_1_67' title="bbox 2196 1902 3838 1983; baseline 0.002 -24"><span class='ocrx_word' id='word_1_404' title='bbox 2196 1904 2477 1979; x_wconf 83' lang='grc' dir='ltr'>βασιλείαν</span> <span class='ocrx_word' id='word_1_405' title='bbox 2530 1902 2887 1962; x_wconf 71' lang='grc' dir='ltr'>ἀναλαϐέσθαι</span> <span class='ocrx_word' id='word_1_406' title='bbox 2945 1905 3245 1981; x_wconf 77' lang='grc' dir='ltr'>βουληθεὶς</span> <span class='ocrx_word' id='word_1_407' title='bbox 3307 1907 3398 1961; x_wconf 79' lang='grc' dir='ltr'>καὶ</span> <span class='ocrx_word' id='word_1_408' title='bbox 3451 1909 3526 1981; x_wconf 81' lang='grc' dir='ltr'>μή</span> <span class='ocrx_word' id='word_1_409' title='bbox 3562 1906 3838 1983; x_wconf 72' lang='grc' dir='ltr'>ἐπιτυχὼν</span> 
     </span>
    </p>
   </div>
   <div class='ocr_carea' id='block_1_68' title="bbox 2191 1990 3842 2073">
    <p class='ocr_par' dir='ltr' id='par_1_68' title="bbox 2191 1990 3842 2073">
     <span class='ocr_line' id='line_1_68' title="bbox 2191 1990 3842 2073; baseline 0.002 -25"><span class='ocrx_word' id='word_1_410' title='bbox 2191 1992 2494 2069; x_wconf 73' lang='grc' dir='ltr'>ἀπήγξατο.</span> <span class='ocrx_word' id='word_1_411' title='bbox 2534 1997 2604 2052; x_wconf 80' lang='grc' dir='ltr'>“Ο</span> <span class='ocrx_word' id='word_1_412' title='bbox 2657 1992 2714 2050; x_wconf 72' lang='grc' dir='ltr'>δὲ</span> <span class='ocrx_word' id='word_1_413' title='bbox 2744 1994 3046 2071; x_wconf 82' lang='grc' dir='ltr'>Γαλλὲριυς</span> <span class='ocrx_word' id='word_1_414' title='bbox 3075 1990 3551 2073; x_wconf 74' lang='grc' dir='ltr'>σκωληκόϐρωτος</span> <span class='ocrx_word' id='word_1_415' title='bbox 3602 1997 3842 2073; x_wconf 84' lang='grc' dir='ltr'>γεγονὼς</span> 
     </span>
    </p>
   </div>
   <div class='ocr_carea' id='block_1_69' title="bbox 2190 2080 2452 2156">
    <p class='ocr_par' dir='ltr' id='par_1_69' title="bbox 2190 2080 2452 2156">
     <span class='ocr_line' id='line_1_69' title="bbox 2190 2080 2452 2156; baseline 0.015 -20"><span class='ocrx_word' id='word_1_416' title='bbox 2190 2080 2452 2156; x_wconf 70' lang='grc' dir='ltr'>ἐξέψυξεν.</span> 
     </span>
    </p>
   </div>
   <div class='ocr_carea' id='block_1_70' title="bbox 2255 2169 3839 2249">
    <p class='ocr_par' dir='ltr' id='par_1_70' title="bbox 2255 2169 3839 2249">
     <span class='ocr_line' id='line_1_70' title="bbox 2255 2169 3839 2249; baseline 0.003 -25"><span class='ocrx_word' id='word_1_417' title='bbox 2255 2175 2310 2224; x_wconf 80' lang='lat'>‘0</span> <span class='ocrx_word' id='word_1_418' title='bbox 2359 2169 2415 2227; x_wconf 76' lang='grc' dir='ltr'>δὲ</span> <span class='ocrx_word' id='word_1_419' title='bbox 2468 2176 2843 2237; x_wconf 82' lang='grc' dir='ltr'>Κωνστάντιος</span> <span class='ocrx_word' id='word_1_420' title='bbox 2894 2174 3018 2230; x_wconf 87' lang='grc' dir='ltr'>λίαν</span> <span class='ocrx_word' id='word_1_421' title='bbox 3075 2174 3273 2249; x_wconf 81' lang='grc' dir='ltr'>ἀγαθὸς</span> <span class='ocrx_word' id='word_1_422' title='bbox 3337 2172 3411 2229; x_wconf 85' lang='grc' dir='ltr'>ὢν</span> <span class='ocrx_word' id='word_1_423' title='bbox 3468 2173 3559 2229; x_wconf 82' lang='grc' dir='ltr'>καὶ</span> <span class='ocrx_word' id='word_1_424' title='bbox 3611 2169 3839 2244; x_wconf 77' lang='grc' dir='ltr'>εὐσεϐὴς</span> 
     </span>
    </p>
   </div>
   <div class='ocr_carea' id='block_1_71' title="bbox 2183 2259 3838 2337">
    <p class='ocr_par' dir='ltr' id='par_1_71' title="bbox 2183 2259 3838 2337">
     <span class='ocr_line' id='line_1_71' title="bbox 2183 2259 3838 2337; baseline 0.004 -25"><span class='ocrx_word' id='word_1_425' title='bbox 2183 2259 2275 2313; x_wconf 71' lang='grc' dir='ltr'>καὶ</span> <span class='ocrx_word' id='word_1_426' title='bbox 2324 2262 2417 2315; x_wconf 89' lang='grc' dir='ltr'>τὸν</span> <span class='ocrx_word' id='word_1_427' title='bbox 2488 2262 2604 2317; x_wconf 74' lang='grc' dir='ltr'>υἱὸν</span> <span class='ocrx_word' id='word_1_428' title='bbox 2635 2269 3040 2318; x_wconf 81' lang='grc' dir='ltr'>Κωνσταντῖνον</span> <span class='ocrx_word' id='word_1_429' title='bbox 3109 2262 3318 2337; x_wconf 83' lang='grc' dir='ltr'>ὁμοίως</span> <span class='ocrx_word' id='word_1_430' title='bbox 3377 2260 3678 2334; x_wconf 76' lang='grc' dir='ltr'>ἐπαίδευσε,</span> <span class='ocrx_word' id='word_1_431' title='bbox 3746 2264 3838 2318; x_wconf 79' lang='grc' dir='ltr'>καὶ</span> 
     </span>
    </p>
   </div>
   <div class='ocr_carea' id='block_1_72' title="bbox 2181 2348 3836 2430">
    <p class='ocr_par' dir='ltr' id='par_1_72' title="bbox 2181 2348 3836 2430">
     <span class='ocr_line' id='line_1_72' title="bbox 2181 2348 3836 2430; baseline 0.003 -28"><span class='ocrx_word' id='word_1_432' title='bbox 2181 2353 2260 2421; x_wconf 84' lang='grc' dir='ltr'>τῷ</span> <span class='ocrx_word' id='word_1_433' title='bbox 2308 2352 2427 2414; x_wconf 83' lang='grc' dir='ltr'>καθ’</span> <span class='ocrx_word' id='word_1_434' title='bbox 2476 2354 2635 2425; x_wconf 76' lang='grc' dir='ltr'>ἡμῶν</span> <span class='ocrx_word' id='word_1_435' title='bbox 2694 2348 2929 2430; x_wconf 77' lang='grc' dir='ltr'>διωγμῷ</span> <span class='ocrx_word' id='word_1_436' title='bbox 2985 2352 3240 2426; x_wconf 72' lang='grc' dir='ltr'>οὐδαμῶς</span> <span class='ocrx_word' id='word_1_437' title='bbox 3280 2352 3650 2423; x_wconf 72' lang='grc' dir='ltr'>ἐκοινώνησεν,</span> <span class='ocrx_word' id='word_1_438' title='bbox 3690 2350 3836 2407; x_wconf 77' lang='grc' dir='ltr'>ἀλλὰ</span> 
     </span>
    </p>
   </div>
   <div class='ocr_carea' id='block_1_73' title="bbox 2180 2437 3826 2517">
    <p class='ocr_par' dir='ltr' id='par_1_73' title="bbox 2180 2437 3826 2517">
     <span class='ocr_line' id='line_1_73' title="bbox 2180 2437 3826 2517; baseline 0.002 -26"><span class='ocrx_word' id='word_1_439' title='bbox 2180 2437 2271 2491; x_wconf 85' lang='grc' dir='ltr'>καὶ</span> <span class='ocrx_word' id='word_1_440' title='bbox 2311 2438 2438 2502; x_wconf 81' lang='grc' dir='ltr'>τοὺς</span> <span class='ocrx_word' id='word_1_441' title='bbox 2471 2441 2560 2495; x_wconf 77' lang='grc' dir='ltr'>ὑπ’</span> <span class='ocrx_word' id='word_1_442' title='bbox 2590 2441 2753 2496; x_wconf 80' lang='grc' dir='ltr'>αὐτὸν</span> <span class='ocrx_word' id='word_1_443' title='bbox 2813 2441 3198 2517; x_wconf 85' lang='grc' dir='ltr'>χριστιανίζειν</span> <span class='ocrx_word' id='word_1_444' title='bbox 3253 2440 3427 2504; x_wconf 79' lang='grc' dir='ltr'>ἀδεῶς</span> <span class='ocrx_word' id='word_1_445' title='bbox 3476 2442 3565 2497; x_wconf 79' lang='grc' dir='ltr'>καὶ</span> <span class='ocrx_word' id='word_1_446' title='bbox 3608 2440 3826 2496; x_wconf 76' lang='grc' dir='ltr'>ἀκωλύ-</span> 
     </span>
    </p>
   </div>
   <div class='ocr_carea' id='block_1_74' title="bbox 2178 2525 3827 2605">
    <p class='ocr_par' dir='ltr' id='par_1_74' title="bbox 2178 2525 3827 2605">
     <span class='ocr_line' id='line_1_74' title="bbox 2178 2525 3827 2605; baseline 0.001 -24"><span class='ocrx_word' id='word_1_447' title='bbox 2178 2548 2289 2588; x_wconf 86' lang='grc' dir='ltr'>τως</span> <span class='ocrx_word' id='word_1_448' title='bbox 2338 2525 2614 2603; x_wconf 81' lang='grc' dir='ltr'>ἐπέτρεπε.</span> <span class='ocrx_word' id='word_1_449' title='bbox 2675 2528 2913 2600; x_wconf 84' lang='grc' dir='ltr'>Τελευτᾷ</span> <span class='ocrx_word' id='word_1_450' title='bbox 2943 2527 2999 2585; x_wconf 79' lang='grc' dir='ltr'>δὲ</span> <span class='ocrx_word' id='word_1_451' title='bbox 3060 2529 3111 2585; x_wconf 83' lang='grc' dir='ltr'>ἐν</span> <span class='ocrx_word' id='word_1_452' title='bbox 3147 2531 3513 2604; x_wconf 81' lang='grc' dir='ltr'>Βρεττανίαις,</span> <span class='ocrx_word' id='word_1_453' title='bbox 3575 2527 3827 2605; x_wconf 72' lang='grc' dir='ltr'>βασιλεύ·</span> 
     </span>
    </p>
   </div>
   <div class='ocr_carea' id='block_1_75' title="bbox 2179 2613 3823 2694">
    <p class='ocr_par' dir='ltr' id='par_1_75' title="bbox 2179 2613 3823 2694">
     <span class='ocr_line' id='line_1_75' title="bbox 2179 2613 3823 2694; baseline 0.002 -25"><span class='ocrx_word' id='word_1_454' title='bbox 2179 2636 2274 2676; x_wconf 82' lang='grc' dir='ltr'>σας</span> <span class='ocrx_word' id='word_1_455' title='bbox 2306 2613 2397 2687; x_wconf 78' lang='grc' dir='ltr'>ἔτη</span> <span class='ocrx_word' id='word_1_456' title='bbox 2434 2616 2553 2675; x_wconf 73' lang='grc' dir='ltr'>δύο.</span> <span class='ocrx_word' id='word_1_457' title='bbox 2598 2625 2807 2693; x_wconf 83' lang='grc' dir='ltr'>Καῖσαρ</span> <span class='ocrx_word' id='word_1_458' title='bbox 2865 2616 2923 2674; x_wconf 73' lang='grc' dir='ltr'>δὲ</span> <span class='ocrx_word' id='word_1_459' title='bbox 2980 2619 3047 2689; x_wconf 76' lang='grc' dir='ltr'>ἦν</span> <span class='ocrx_word' id='word_1_460' title='bbox 3104 2617 3197 2690; x_wconf 78' lang='grc' dir='ltr'>ἔτη</span> <span class='ocrx_word' id='word_1_461' title='bbox 3256 2620 3345 2694; x_wconf 86' lang='grc' dir='ltr'>ιγ’.</span> <span class='ocrx_word' id='word_1_462' title='bbox 3404 2621 3499 2680; x_wconf 76' lang='lat' dir='ltr'>&quot;Oc;</span> <span class='ocrx_word' id='word_1_463' title='bbox 3548 2617 3823 2694; x_wconf 67' lang='grc' dir='ltr'>ἐγέννησεν</span> 
     </span>
    </p>
   </div>
   <div class='ocr_carea' id='block_1_76' title="bbox 2176 2703 3821 2784">
    <p class='ocr_par' dir='ltr' id='par_1_76' title="bbox 2176 2703 3821 2784">
     <span class='ocr_line' id='line_1_76' title="bbox 2176 2703 3821 2784; baseline 0.002 -25"><span class='ocrx_word' id='word_1_464' title='bbox 2176 2703 2229 2775; x_wconf 80' lang='grc' dir='ltr'>ἐξ</span> <span class='ocrx_word' id='word_1_465' title='bbox 2266 2705 2496 2779; x_wconf 70' lang='grc' dir='ltr'>Ἑλένης</span> <span class='ocrx_word' id='word_1_466' title='bbox 2533 2714 2633 2778; x_wconf 74' lang='grc' dir='ltr'>τῆς</span> <span class='ocrx_word' id='word_1_467' title='bbox 2664 2709 2888 2782; x_wconf 64' lang='grc' dir='ltr'>πρώτης</span> <span class='ocrx_word' id='word_1_468' title='bbox 2944 2706 3109 2763; x_wconf 73' lang='grc' dir='ltr'>αὐτοῦ</span> <span class='ocrx_word' id='word_1_469' title='bbox 3175 2709 3427 2784; x_wconf 86' lang='grc' dir='ltr'>γυναικὸς</span> <span class='ocrx_word' id='word_1_470' title='bbox 3488 2710 3821 2765; x_wconf 80' lang='grc' dir='ltr'>Κωνσταντῖο</span> 
     </span>
    </p>
   </div>
   <div class='ocr_carea' id='block_1_77' title="bbox 2171 2794 3822 2873">
    <p class='ocr_par' dir='ltr' id='par_1_77' title="bbox 2171 2794 3822 2873">
     <span class='ocr_line' id='line_1_77' title="bbox 2171 2794 3822 2873; baseline 0.002 -26"><span class='ocrx_word' id='word_1_471' title='bbox 2171 2814 2265 2848; x_wconf 92' lang='grc' dir='ltr'>νον</span> <span class='ocrx_word' id='word_1_472' title='bbox 2289 2795 2380 2849; x_wconf 88' lang='grc' dir='ltr'>τὸν</span> <span class='ocrx_word' id='word_1_473' title='bbox 2416 2797 2581 2870; x_wconf 79' lang='grc' dir='ltr'>μὲγαν</span> <span class='ocrx_word' id='word_1_474' title='bbox 2614 2796 2701 2851; x_wconf 81' lang='grc' dir='ltr'>καὶ</span> <span class='ocrx_word' id='word_1_475' title='bbox 2760 2798 2934 2873; x_wconf 83' lang='grc' dir='ltr'>ἅγιον,</span> <span class='ocrx_word' id='word_1_476' title='bbox 2966 2796 3086 2872; x_wconf 78' lang='grc' dir='ltr'>περὶ</span> <span class='ocrx_word' id='word_1_477' title='bbox 3119 2798 3219 2867; x_wconf 77' lang='grc' dir='ltr'>τήν</span> <span class='ocrx_word' id='word_1_478' title='bbox 3248 2803 3349 2866; x_wconf 85' lang='grc' dir='ltr'>τῆς</span> <span class='ocrx_word' id='word_1_479' title='bbox 3378 2797 3576 2857; x_wconf 78' lang='grc' dir='ltr'>Δακίας</span> <span class='ocrx_word' id='word_1_480' title='bbox 3631 2794 3822 2852; x_wconf 70' lang='grc' dir='ltr'>πόλιν*</span> 
     </span>
    </p>
   </div>
   <div class='ocr_carea' id='block_1_78' title="bbox 2173 2883 3820 2963">
    <p class='ocr_par' dir='ltr' id='par_1_78' title="bbox 2173 2883 3820 2963">
     <span class='ocr_line' id='line_1_78' title="bbox 2173 2883 3820 2963; baseline 0.002 -26"><span class='ocrx_word' id='word_1_481' title='bbox 2173 2883 2231 2937; x_wconf 81' lang='grc' dir='ltr'>ὅν</span> <span class='ocrx_word' id='word_1_482' title='bbox 2262 2886 2349 2939; x_wconf 87' lang='grc' dir='ltr'>καὶ</span> <span class='ocrx_word' id='word_1_483' title='bbox 2379 2886 2695 2963; x_wconf 74' lang='grc' dir='ltr'>ἀναγορεύει</span> <span class='ocrx_word' id='word_1_484' title='bbox 2724 2887 2838 2941; x_wconf 82' lang='grc' dir='ltr'>ἀντ’</span> <span class='ocrx_word' id='word_1_485' title='bbox 2882 2887 3050 2942; x_wconf 79' lang='grc' dir='ltr'>αὐτοῦ</span> <span class='ocrx_word' id='word_1_486' title='bbox 3112 2885 3336 2961; x_wconf 72' lang='grc' dir='ltr'>βασιλέα</span> <span class='ocrx_word' id='word_1_487' title='bbox 3375 2885 3427 2941; x_wconf 80' lang='grc' dir='ltr'>ὲν</span> <span class='ocrx_word' id='word_1_488' title='bbox 3485 2885 3675 2960; x_wconf 76' lang='grc' dir='ltr'>Ῥώμῃ</span> <span class='ocrx_word' id='word_1_489' title='bbox 3730 2884 3820 2941; x_wconf 74' lang='grc' dir='ltr'>ἐπ’</span> 
     </span>
    </p>
   </div>
   <div class='ocr_carea' id='block_1_79' title="bbox 2170 2971 3812 3051">
    <p class='ocr_par' dir='ltr' id='par_1_79' title="bbox 2170 2971 3812 3051">
     <span class='ocr_line' id='line_1_79' title="bbox 2170 2971 3812 3051; baseline 0.001 -25"><span class='ocrx_word' id='word_1_490' title='bbox 2170 2971 2324 3047; x_wconf 75' lang='grc' dir='ltr'>ὄψεσι</span> <span class='ocrx_word' id='word_1_491' title='bbox 2352 2975 2550 3036; x_wconf 85' lang='grc' dir='ltr'>παντὸς</span> <span class='ocrx_word' id='word_1_492' title='bbox 2595 2979 2692 3029; x_wconf 79' lang='grc' dir='ltr'>τοῦ</span> <span class='ocrx_word' id='word_1_493' title='bbox 2745 2973 2901 3042; x_wconf 81' lang='grc' dir='ltr'>λαοῦ,</span> <span class='ocrx_word' id='word_1_494' title='bbox 2936 2974 3228 3051; x_wconf 85' lang='grc' dir='ltr'>περιόντων</span> <span class='ocrx_word' id='word_1_495' title='bbox 3293 2975 3383 3030; x_wconf 86' lang='grc' dir='ltr'>καὶ</span> <span class='ocrx_word' id='word_1_496' title='bbox 3437 2979 3544 3030; x_wconf 84' lang='grc' dir='ltr'>τῶν</span> <span class='ocrx_word' id='word_1_497' title='bbox 3601 2974 3812 3030; x_wconf 81' lang='grc' dir='ltr'>λοιπῶν</span> 
     </span>
    </p>
   </div>
   <div class='ocr_carea' id='block_1_80' title="bbox 2170 3061 3810 3142">
    <p class='ocr_par' dir='ltr' id='par_1_80' title="bbox 2170 3061 3810 3142">
     <span class='ocr_line' id='line_1_80' title="bbox 2170 3061 3810 3142; baseline 0.001 -27"><span class='ocrx_word' id='word_1_498' title='bbox 2170 3062 2332 3116; x_wconf 72' lang='grc' dir='ltr'>αὐτοῦ</span> <span class='ocrx_word' id='word_1_499' title='bbox 2369 3061 2600 3133; x_wconf 83' lang='grc' dir='ltr'>παίδῶν,</span> <span class='ocrx_word' id='word_1_500' title='bbox 2634 3068 3033 3131; x_wconf 87' lang='grc' dir='ltr'>Κωνσταντίου,</span> <span class='ocrx_word' id='word_1_501' title='bbox 3084 3064 3249 3142; x_wconf 80' lang='grc' dir='ltr'>φημὶ,</span> <span class='ocrx_word' id='word_1_502' title='bbox 3283 3068 3380 3120; x_wconf 77' lang='grc' dir='ltr'>τοῦ</span> <span class='ocrx_word' id='word_1_503' title='bbox 3419 3064 3624 3139; x_wconf 82' lang='grc' dir='ltr'>πατρὸς</span> <span class='ocrx_word' id='word_1_504' title='bbox 3675 3066 3810 3120; x_wconf 81' lang='grc' dir='ltr'>Ἰου-</span> 
     </span>
    </p>
   </div>
   <div class='ocr_carea' id='block_1_81' title="bbox 2169 3148 3813 3227">
    <p class='ocr_par' dir='ltr' id='par_1_81' title="bbox 2169 3148 3813 3227">
     <span class='ocr_line' id='line_1_81' title="bbox 2169 3148 3813 3227; baseline 0.001 -22"><span class='ocrx_word' id='word_1_505' title='bbox 2169 3148 2361 3205; x_wconf 79' lang='grc' dir='ltr'>λιανοῦ</span> <span class='ocrx_word' id='word_1_506' title='bbox 2390 3152 2478 3206; x_wconf 82' lang='grc' dir='ltr'>καὶ</span> <span class='ocrx_word' id='word_1_507' title='bbox 2521 3149 2738 3207; x_wconf 78' lang='grc' dir='ltr'>Γάλλου</span> <span class='ocrx_word' id='word_1_508' title='bbox 2794 3157 2892 3208; x_wconf 73' lang='grc' dir='ltr'>τοῦ</span> <span class='ocrx_word' id='word_1_509' title='bbox 2947 3153 3037 3208; x_wconf 80' lang='grc' dir='ltr'>καὶ</span> <span class='ocrx_word' id='word_1_510' title='bbox 3088 3152 3398 3227; x_wconf 74' lang='grc' dir='ltr'>Δαλμάτου’</span> <span class='ocrx_word' id='word_1_511' title='bbox 3444 3154 3559 3225; x_wconf 88' lang='grc' dir='ltr'>μεθ’</span> <span class='ocrx_word' id='word_1_512' title='bbox 3591 3153 3668 3207; x_wconf 83' lang='grc' dir='ltr'>ὧν</span> <span class='ocrx_word' id='word_1_513' title='bbox 3721 3151 3813 3207; x_wconf 85' lang='grc' dir='ltr'>καὶ</span> 
     </span>
    </p>
   </div>
   <div class='ocr_carea' id='block_1_82' title="bbox 2169 3240 3813 3317">
    <p class='ocr_par' dir='ltr' id='par_1_82' title="bbox 2169 3240 3813 3317">
     <span class='ocr_line' id='line_1_82' title="bbox 2169 3240 3813 3317; baseline 0.001 -23"><span class='ocrx_word' id='word_1_514' title='bbox 2169 3241 2432 3315; x_wconf 77' lang='grc' dir='ltr'>Θυγατὲρα</span> <span class='ocrx_word' id='word_1_515' title='bbox 2463 3240 2581 3316; x_wconf 74' lang='grc' dir='ltr'>εἶχε</span> <span class='ocrx_word' id='word_1_516' title='bbox 2627 3242 3003 3297; x_wconf 77' lang='grc' dir='ltr'>Κώνσταντίαν</span> <span class='ocrx_word' id='word_1_517' title='bbox 3059 3244 3158 3310; x_wconf 75' lang='grc' dir='ltr'>τὴν</span> <span class='ocrx_word' id='word_1_518' title='bbox 3219 3241 3495 3297; x_wconf 86' lang='grc' dir='ltr'>Λικιννίου</span> <span class='ocrx_word' id='word_1_519' title='bbox 3542 3242 3813 3317; x_wconf 77' lang='grc' dir='ltr'>γαμετὴν,</span> 
     </span>
    </p>
   </div>
   <div class='ocr_carea' id='block_1_83' title="bbox 2166 3327 3809 3407">
    <p class='ocr_par' dir='ltr' id='par_1_83' title="bbox 2166 3327 3809 3407">
     <span class='ocr_line' id='line_1_83' title="bbox 2166 3327 3809 3407; baseline 0.003 -24"><span class='ocrx_word' id='word_1_520' title='bbox 2166 3327 2226 3383; x_wconf 83' lang='grc' dir='ltr'>ἐκ</span> <span class='ocrx_word' id='word_1_521' title='bbox 2255 3327 2537 3403; x_wconf 85' lang='grc' dir='ltr'>Θεοδώρας</span> <span class='ocrx_word' id='word_1_522' title='bbox 2573 3338 2673 3400; x_wconf 76' lang='grc' dir='ltr'>τῆς</span> <span class='ocrx_word' id='word_1_523' title='bbox 2733 3333 2997 3406; x_wconf 72' lang='grc' dir='ltr'>θυγατρὸς</span> <span class='ocrx_word' id='word_1_524' title='bbox 3056 3331 3381 3406; x_wconf 83' lang='grc' dir='ltr'>Ἐρκουλίου</span> <span class='ocrx_word' id='word_1_525' title='bbox 3441 3337 3809 3407; x_wconf 79' lang='grc' dir='ltr'>γεννηθεῖσαν.</span> 
     </span>
    </p>
   </div>
   <div class='ocr_carea' id='block_1_84' title="bbox 2165 3416 3811 3497">
    <p class='ocr_par' dir='ltr' id='par_1_84' title="bbox 2165 3416 3811 3497">
     <span class='ocr_line' id='line_1_84' title="bbox 2165 3416 3811 3497; baseline -0.001 -22"><span class='ocrx_word' id='word_1_526' title='bbox 2165 3416 2340 3481; x_wconf 77' lang='grc' dir='ltr'>Οὗτος</span> <span class='ocrx_word' id='word_1_527' title='bbox 2382 3417 2439 3475; x_wconf 73' lang='grc' dir='ltr'>δὲ</span> <span class='ocrx_word' id='word_1_528' title='bbox 2472 3422 2500 3475; x_wconf 94' lang='lat'>6</span> <span class='ocrx_word' id='word_1_529' title='bbox 2530 3420 2901 3485; x_wconf 72' lang='grc' dir='ltr'>Κωνστοὶντιος</span> <span class='ocrx_word' id='word_1_530' title='bbox 2941 3422 2968 3475; x_wconf 93' lang='grc' dir='ltr'>ὁ</span> <span class='ocrx_word' id='word_1_531' title='bbox 2999 3426 3095 3476; x_wconf 82' lang='grc' dir='ltr'>τοῦ</span> <span class='ocrx_word' id='word_1_532' title='bbox 3147 3421 3407 3497; x_wconf 82' lang='grc' dir='ltr'>Μεγάλου</span> <span class='ocrx_word' id='word_1_533' title='bbox 3464 3421 3811 3478; x_wconf 82' lang='grc' dir='ltr'>Κωνσταντί-</span> 
     </span>
    </p>
   </div>
   <div class='ocr_carea' id='block_1_85' title="bbox 2160 3507 3700 3585">
    <p class='ocr_par' dir='ltr' id='par_1_85' title="bbox 2160 3507 3700 3585">
     <span class='ocr_line' id='line_1_85' title="bbox 2160 3507 3700 3585; baseline 0.003 -24"><span class='ocrx_word' id='word_1_534' title='bbox 2160 3528 2254 3562; x_wconf 93' lang='grc' dir='ltr'>νου</span> <span class='ocrx_word' id='word_1_535' title='bbox 2286 3510 2464 3584; x_wconf 67' lang='grc' dir='ltr'>πατὴρ</span> <span class='ocrx_word' id='word_1_536' title='bbox 2489 3507 2848 3584; x_wconf 77' lang='grc' dir='ltr'>θυγατριδοῦς</span> <span class='ocrx_word' id='word_1_537' title='bbox 2888 3511 2955 3580; x_wconf 77' lang='grc' dir='ltr'>ἦν</span> <span class='ocrx_word' id='word_1_538' title='bbox 2985 3508 3260 3567; x_wconf 88' lang='grc' dir='ltr'>Κλαυδίου</span> <span class='ocrx_word' id='word_1_539' title='bbox 3288 3515 3387 3566; x_wconf 78' lang='grc' dir='ltr'>τοῦ</span> <span class='ocrx_word' id='word_1_540' title='bbox 3413 3507 3700 3585; x_wconf 66' lang='grc' dir='ltr'>βασιλέως.</span> 
     </span>
    </p>
   </div>
   <div class='ocr_carea' id='block_1_86' title="bbox 2231 3597 3806 3678">
    <p class='ocr_par' dir='ltr' id='par_1_86' title="bbox 2231 3597 3806 3678">
     <span class='ocr_line' id='line_1_86' title="bbox 2231 3597 3806 3678; baseline -0.001 -22"><span class='ocrx_word' id='word_1_541' title='bbox 2231 3602 2331 3656; x_wconf 77' lang='grc' dir='ltr'>Ἠν</span> <span class='ocrx_word' id='word_1_542' title='bbox 2363 3598 2419 3654; x_wconf 75' lang='grc' dir='ltr'>δὲ</span> <span class='ocrx_word' id='word_1_543' title='bbox 2449 3603 2517 3674; x_wconf 79' lang='grc' dir='ltr'>τῇ</span> <span class='ocrx_word' id='word_1_544' title='bbox 2552 3597 2667 3671; x_wconf 67' lang='grc' dir='ltr'>ἰδέᾳ</span> <span class='ocrx_word' id='word_1_545' title='bbox 2699 3601 2725 3655; x_wconf 92' lang='lat'>6</span> <span class='ocrx_word' id='word_1_546' title='bbox 2758 3601 2940 3678; x_wconf 71' lang='grc' dir='ltr'>Μέγας</span> <span class='ocrx_word' id='word_1_547' title='bbox 2972 3603 3381 3664; x_wconf 85' lang='grc' dir='ltr'>Κωνσταντῖνος</span> <span class='ocrx_word' id='word_1_548' title='bbox 3421 3600 3647 3676; x_wconf 80' lang='grc' dir='ltr'>μεσῆλιξ</span> <span class='ocrx_word' id='word_1_549' title='bbox 3671 3606 3806 3675; x_wconf 79' lang='lat'>(77),</span> 
     </span>
    </p>
   </div>
   <div class='ocr_carea' id='block_1_87' title="bbox 2159 3685 3808 3766">
    <p class='ocr_par' dir='ltr' id='par_1_87' title="bbox 2159 3685 3808 3766">
     <span class='ocr_line' id='line_1_87' title="bbox 2159 3685 3808 3766; baseline 0.001 -24"><span class='ocrx_word' id='word_1_550' title='bbox 2159 3687 2440 3765; x_wconf 80' lang='grc' dir='ltr'>εὐρότερος</span> <span class='ocrx_word' id='word_1_551' title='bbox 2472 3690 2598 3752; x_wconf 85' lang='grc' dir='ltr'>τοὺς</span> <span class='ocrx_word' id='word_1_552' title='bbox 2625 3685 2811 3763; x_wconf 83' lang='grc' dir='ltr'>ὤμους</span> <span class='ocrx_word' id='word_1_553' title='bbox 2869 3691 2956 3744; x_wconf 81' lang='grc' dir='ltr'>καὶ</span> <span class='ocrx_word' id='word_1_554' title='bbox 3019 3691 3199 3766; x_wconf 87' lang='grc' dir='ltr'>παχὺς</span> <span class='ocrx_word' id='word_1_555' title='bbox 3253 3690 3345 3745; x_wconf 85' lang='grc' dir='ltr'>τὸν</span> <span class='ocrx_word' id='word_1_556' title='bbox 3404 3689 3631 3765; x_wconf 73' lang='grc' dir='ltr'>αὐχένα,</span> <span class='ocrx_word' id='word_1_557' title='bbox 3689 3690 3808 3744; x_wconf 77' lang='grc' dir='ltr'>ὅθεν</span> 
     </span>
    </p>
   </div>
   <div class='ocr_carea' id='block_1_88' title="bbox 2157 3778 3800 3857">
    <p class='ocr_par' dir='ltr' id='par_1_88' title="bbox 2157 3778 3800 3857">
     <span class='ocr_line' id='line_1_88' title="bbox 2157 3778 3800 3857; baseline 0.001 -24"><span class='ocrx_word' id='word_1_558' title='bbox 2157 3778 2572 3855; x_wconf 76' lang='grc' dir='ltr'>καὶΤρκχηλᾶν</span> <span class='ocrx_word' id='word_1_559' title='bbox 2622 3780 2782 3835; x_wconf 78' lang='grc' dir='ltr'>αὐτὸν</span> <span class='ocrx_word' id='word_1_560' title='bbox 2837 3779 3212 3853; x_wconf 78' lang='grc' dir='ltr'>ὲπωνέμαζον,</span> <span class='ocrx_word' id='word_1_561' title='bbox 3267 3782 3367 3850; x_wconf 72' lang='grc' dir='ltr'>τὴν</span> <span class='ocrx_word' id='word_1_562' title='bbox 3417 3781 3613 3857; x_wconf 69' lang='grc' dir='ltr'>χροιὰν</span> <span class='ocrx_word' id='word_1_563' title='bbox 3674 3779 3800 3855; x_wconf 69' lang='grc' dir='ltr'>ἔρυ-</span> 
     </span>
    </p>
   </div>
   <div class='ocr_carea' id='block_1_89' title="bbox 2158 3866 3795 3948">
    <p class='ocr_par' dir='ltr' id='par_1_89' title="bbox 2158 3866 3795 3948">
     <span class='ocr_line' id='line_1_89' title="bbox 2158 3866 3795 3948; baseline 0.001 -27"><span class='ocrx_word' id='word_1_564' title='bbox 2158 3868 2304 3943; x_wconf 84' lang='grc' dir='ltr'>θρὸς,</span> <span class='ocrx_word' id='word_1_565' title='bbox 2334 3869 2432 3937; x_wconf 72' lang='grc' dir='ltr'>τὴν</span> <span class='ocrx_word' id='word_1_566' title='bbox 2488 3870 2654 3944; x_wconf 85' lang='grc' dir='ltr'>τρίχα</span> <span class='ocrx_word' id='word_1_567' title='bbox 2697 3876 2797 3939; x_wconf 80' lang='grc' dir='ltr'>τῆς</span> <span class='ocrx_word' id='word_1_568' title='bbox 2843 3868 3086 3948; x_wconf 71' lang='grc' dir='ltr'>κεφαλῆς</span> <span class='ocrx_word' id='word_1_569' title='bbox 3118 3870 3181 3925; x_wconf 78' lang='grc' dir='ltr'>οὐ</span> <span class='ocrx_word' id='word_1_570' title='bbox 3214 3867 3426 3925; x_wconf 79' lang='grc' dir='ltr'>δασεῖαν</span> <span class='ocrx_word' id='word_1_571' title='bbox 3463 3866 3592 3924; x_wconf 73' lang='grc' dir='ltr'>οὐδὲ</span> <span class='ocrx_word' id='word_1_572' title='bbox 3622 3868 3795 3940; x_wconf 70' lang='grc' dir='ltr'>οὔλην</span> 
     </span>
    </p>
   </div>
   <div class='ocr_carea' id='block_1_90' title="bbox 2153 3951 3796 4033">
    <p class='ocr_par' dir='ltr' id='par_1_90' title="bbox 2153 3951 3796 4033">
     <span class='ocr_line' id='line_1_90' title="bbox 2153 3951 3796 4033; baseline 0 -21"><span class='ocrx_word' id='word_1_573' title='bbox 2153 3951 2320 4033; x_wconf 76' lang='grc' dir='ltr'>ἔχων,</span> <span class='ocrx_word' id='word_1_574' title='bbox 2351 3958 2451 4027; x_wconf 76' lang='grc' dir='ltr'>τήν</span> <span class='ocrx_word' id='word_1_575' title='bbox 2481 3954 2537 4013; x_wconf 77' lang='grc' dir='ltr'>δὲ</span> <span class='ocrx_word' id='word_1_576' title='bbox 2590 3962 2686 4013; x_wconf 77' lang='grc' dir='ltr'>τοῦ</span> <span class='ocrx_word' id='word_1_577' title='bbox 2714 3957 2924 4033; x_wconf 88' lang='grc' dir='ltr'>γενείου</span> <span class='ocrx_word' id='word_1_578' title='bbox 2978 3957 3146 4032; x_wconf 71' lang='grc' dir='ltr'>ψιλὴν</span> <span class='ocrx_word' id='word_1_579' title='bbox 3212 3979 3331 4022; x_wconf 91' lang='grc' dir='ltr'>πως</span> <span class='ocrx_word' id='word_1_580' title='bbox 3386 3959 3474 4013; x_wconf 84' lang='grc' dir='ltr'>καὶ</span> <span class='ocrx_word' id='word_1_581' title='bbox 3534 3959 3670 4031; x_wconf 81' lang='grc' dir='ltr'>πρὸς</span> <span class='ocrx_word' id='word_1_582' title='bbox 3732 3958 3796 4013; x_wconf 79' lang='grc' dir='ltr'>τὸ</span> 
     </span>
    </p>
   </div>
   <div class='ocr_carea' id='block_1_91' title="bbox 2157 4044 3797 4125">
    <p class='ocr_par' dir='ltr' id='par_1_91' title="bbox 2157 4044 3797 4125">
     <span class='ocr_line' id='line_1_91' title="bbox 2157 4044 3797 4125; baseline 0 -24"><span class='ocrx_word' id='word_1_583' title='bbox 2157 4044 2297 4121; x_wconf 70' lang='grc' dir='ltr'>μηδὲ</span> <span class='ocrx_word' id='word_1_584' title='bbox 2327 4047 2478 4125; x_wconf 69' lang='grc' dir='ltr'>φύειν</span> <span class='ocrx_word' id='word_1_585' title='bbox 2508 4046 2804 4123; x_wconf 82' lang='grc' dir='ltr'>πολλαχοῦ</span> <span class='ocrx_word' id='word_1_586' title='bbox 2848 4052 2943 4103; x_wconf 84' lang='grc' dir='ltr'>τοῦ</span> <span class='ocrx_word' id='word_1_587' title='bbox 3004 4050 3328 4120; x_wconf 78' lang='grc' dir='ltr'>προσώπου,</span> <span class='ocrx_word' id='word_1_588' title='bbox 3384 4049 3483 4116; x_wconf 74' lang='grc' dir='ltr'>τὴν</span> <span class='ocrx_word' id='word_1_589' title='bbox 3518 4047 3641 4124; x_wconf 82' lang='grc' dir='ltr'>ῥῖνα</span> <span class='ocrx_word' id='word_1_590' title='bbox 3674 4046 3797 4103; x_wconf 68' lang='grc' dir='ltr'>ἐπί-</span> 
     </span>
    </p>
   </div>
   <div class='ocr_carea' id='block_1_92' title="bbox 2151 4132 3801 4214">
    <p class='ocr_par' dir='ltr' id='par_1_92' title="bbox 2151 4132 3801 4214">
     <span class='ocr_line' id='line_1_92' title="bbox 2151 4132 3801 4214; baseline -0.002 -22"><span class='ocrx_word' id='word_1_591' title='bbox 2151 4157 2385 4214; x_wconf 89' lang='grc' dir='ltr'>γρυπον,</span> <span class='ocrx_word' id='word_1_592' title='bbox 2423 4138 2488 4192; x_wconf 85' lang='grc' dir='ltr'>τὸ</span> <span class='ocrx_word' id='word_1_593' title='bbox 2543 4134 2599 4193; x_wconf 69' lang='grc' dir='ltr'>δὲ</span> <span class='ocrx_word' id='word_1_594' title='bbox 2655 4132 2812 4211; x_wconf 79' lang='grc' dir='ltr'>ὄμμα</span> <span class='ocrx_word' id='word_1_595' title='bbox 2862 4136 3248 4213; x_wconf 68' lang='grc' dir='ltr'>παραπλήσιον</span> <span class='ocrx_word' id='word_1_596' title='bbox 3325 4136 3526 4207; x_wconf 73' lang='grc' dir='ltr'>λέοντι,</span> <span class='ocrx_word' id='word_1_597' title='bbox 3586 4135 3801 4213; x_wconf 78' lang='grc' dir='ltr'>χαρίεις</span> 
     </span>
    </p>
   </div>
   <div class='ocr_carea' id='block_1_93' title="bbox 2149 4223 3799 4307">
    <p class='ocr_par' dir='ltr' id='par_1_93' title="bbox 2149 4223 3799 4307">
     <span class='ocr_line' id='line_1_93' title="bbox 2149 4223 3799 4307; baseline -0.001 -25"><span class='ocrx_word' id='word_1_598' title='bbox 2149 4228 2239 4282; x_wconf 84' lang='grc' dir='ltr'>καὶ</span> <span class='ocrx_word' id='word_1_599' title='bbox 2266 4228 2650 4307; x_wconf 74' lang='grc' dir='ltr'>φαιδρότατος,</span> <span class='ocrx_word' id='word_1_600' title='bbox 2699 4224 2944 4288; x_wconf 84' lang='grc' dir='ltr'>παιδείας</span> <span class='ocrx_word' id='word_1_601' title='bbox 3006 4228 3296 4303; x_wconf 83' lang='grc' dir='ltr'>μετασχὼν</span> <span class='ocrx_word' id='word_1_602' title='bbox 3331 4227 3573 4302; x_wconf 85' lang='grc' dir='ltr'>μετρίας.</span> <span class='ocrx_word' id='word_1_603' title='bbox 3630 4226 3709 4283; x_wconf 87' lang='grc' dir='ltr'>Τὸ</span> <span class='ocrx_word' id='word_1_604' title='bbox 3741 4223 3799 4281; x_wconf 72' lang='grc' dir='ltr'>δὶ</span> 
     </span>
    </p>
   </div>
   <div class='ocr_carea' id='block_1_94' title="bbox 2152 4314 3796 4394">
    <p class='ocr_par' dir='ltr' id='par_1_94' title="bbox 2152 4314 3796 4394">
     <span class='ocr_line' id='line_1_94' title="bbox 2152 4314 3796 4394; baseline -0.001 -23"><span class='ocrx_word' id='word_1_605' title='bbox 2152 4316 2440 4393; x_wconf 78' lang='grc' dir='ltr'>ἐγκρατεὺς</span> <span class='ocrx_word' id='word_1_606' title='bbox 2501 4319 2624 4394; x_wconf 79' lang='grc' dir='ltr'>περὶ</span> <span class='ocrx_word' id='word_1_607' title='bbox 2703 4317 2797 4381; x_wconf 70' lang='grc' dir='ltr'>τὰς</span> <span class='ocrx_word' id='word_1_608' title='bbox 2883 4317 3177 4392; x_wconf 76' lang='grc' dir='ltr'>ἐπιθυμίας</span> <span class='ocrx_word' id='word_1_609' title='bbox 3251 4324 3351 4388; x_wconf 79' lang='grc' dir='ltr'>τῆς</span> <span class='ocrx_word' id='word_1_610' title='bbox 3433 4316 3665 4392; x_wconf 84' lang='grc' dir='ltr'>γαστρὸς</span> <span class='ocrx_word' id='word_1_611' title='bbox 3719 4314 3796 4378; x_wconf 65' lang='grc' dir='ltr'>εἷς</span> 
     </span>
    </p>
   </div>
   <div class='ocr_carea' id='block_1_95' title="bbox 2148 4404 3797 4484">
    <p class='ocr_par' dir='ltr' id='par_1_95' title="bbox 2148 4404 3797 4484">
     <span class='ocr_line' id='line_1_95' title="bbox 2148 4404 3797 4484; baseline -0.002 -21"><span class='ocrx_word' id='word_1_612' title='bbox 2148 4406 2311 4483; x_wconf 78' lang='grc' dir='ltr'>ἄκρον</span> <span class='ocrx_word' id='word_1_613' title='bbox 2339 4409 2775 4482; x_wconf 73' lang='grc' dir='ltr'>κεκοσμημένος,</span> <span class='ocrx_word' id='word_1_614' title='bbox 2825 4406 2876 4463; x_wconf 82' lang='grc' dir='ltr'>ἐν</span> <span class='ocrx_word' id='word_1_615' title='bbox 2907 4412 3081 4482; x_wconf 81' lang='grc' dir='ltr'>τοῦτῳ</span> <span class='ocrx_word' id='word_1_616' title='bbox 3144 4408 3240 4472; x_wconf 80' lang='grc' dir='ltr'>τὰς</span> <span class='ocrx_word' id='word_1_617' title='bbox 3294 4405 3509 4470; x_wconf 71' lang='grc' dir='ltr'>πολλὰς</span> <span class='ocrx_word' id='word_1_618' title='bbox 3576 4404 3797 4484; x_wconf 74' lang='grc' dir='ltr'>διαφεύ-</span> 
     </span>
    </p>
   </div>
   <div class='ocr_carea' id='block_1_96' title="bbox 2150 4494 3797 4577">
    <p class='ocr_par' dir='ltr' id='par_1_96' title="bbox 2150 4494 3797 4577">
     <span class='ocr_line' id='line_1_96' title="bbox 2150 4494 3797 4577; baseline -0.001 -25"><span class='ocrx_word' id='word_1_619' title='bbox 2150 4519 2266 4575; x_wconf 91' lang='grc' dir='ltr'>γειν</span> <span class='ocrx_word' id='word_1_620' title='bbox 2321 4502 2420 4553; x_wconf 81' lang='grc' dir='ltr'>τοῦ</span> <span class='ocrx_word' id='word_1_621' title='bbox 2486 4498 2742 4571; x_wconf 87' lang='grc' dir='ltr'>σώματος</span> <span class='ocrx_word' id='word_1_622' title='bbox 2799 4496 3013 4567; x_wconf 80' lang='grc' dir='ltr'>νόσους,</span> <span class='ocrx_word' id='word_1_623' title='bbox 3082 4498 3192 4577; x_wconf 82' lang='grc' dir='ltr'>οὐχ</span> <span class='ocrx_word' id='word_1_624' title='bbox 3250 4498 3418 4574; x_wconf 81' lang='grc' dir='ltr'>ὑγιῶς</span> <span class='ocrx_word' id='word_1_625' title='bbox 3467 4496 3633 4553; x_wconf 80' lang='grc' dir='ltr'>αὐτοῦ</span> <span class='ocrx_word' id='word_1_626' title='bbox 3678 4494 3797 4552; x_wconf 82' lang='grc' dir='ltr'>δια-</span> 
     </span>
    </p>
   </div>
   <div class='ocr_carea' id='block_1_97' title="bbox 2071 4565 3800 4666">
    <p class='ocr_par' dir='ltr' id='par_1_97' title="bbox 2071 4565 3800 4666">
     <span class='ocr_line' id='line_1_97' title="bbox 2071 4565 3800 4666; baseline -0.001 -25"><span class='ocrx_word' id='word_1_627' title='bbox 2071 4565 2121 4629; x_wconf 83' lang='lat' dir='ltr'><strong>D</strong></span> <span class='ocrx_word' id='word_1_628' title='bbox 2151 4587 2426 4661; x_wconf 71' lang='grc' dir='ltr'>κειμένου,</span> <span class='ocrx_word' id='word_1_629' title='bbox 2460 4584 2812 4649; x_wconf 76' lang='grc' dir='ltr'>ἀπειλοῦντός</span> <span class='ocrx_word' id='word_1_630' title='bbox 2863 4607 2921 4643; x_wconf 87' lang='grc' dir='ltr'>τε</span> <span class='ocrx_word' id='word_1_631' title='bbox 2967 4581 3156 4658; x_wconf 75' lang='grc' dir='ltr'>λώϐην</span> <span class='ocrx_word' id='word_1_632' title='bbox 3207 4586 3297 4641; x_wconf 88' lang='grc' dir='ltr'>καί</span> <span class='ocrx_word' id='word_1_633' title='bbox 3353 4584 3584 4666; x_wconf 69' lang='grc' dir='ltr'>φύοντος</span> <span class='ocrx_word' id='word_1_634' title='bbox 3638 4584 3800 4641; x_wconf 84' lang='grc' dir='ltr'>πλεῖ-</span> 
     </span>
    </p>
   </div>
   <div class='ocr_carea' id='block_1_98' title="bbox 2149 4676 2563 4753">
    <p class='ocr_par' dir='ltr' id='par_1_98' title="bbox 2149 4676 2563 4753">
     <span class='ocr_line' id='line_1_98' title="bbox 2149 4676 2563 4753; baseline 0.005 -21"><span class='ocrx_word' id='word_1_635' title='bbox 2149 4698 2245 4732; x_wconf 88' lang='grc' dir='ltr'>στα</span> <span class='ocrx_word' id='word_1_636' title='bbox 2279 4676 2563 4753; x_wconf 83' lang='grc' dir='ltr'>μοχθηρά.</span> 
     </span>
    </p>
   </div>
   <div class='ocr_carea' id='block_1_99' title="bbox 2220 4760 3796 4843">
    <p class='ocr_par' dir='ltr' id='par_1_99' title="bbox 2220 4760 3796 4843">
     <span class='ocr_line' id='line_1_99' title="bbox 2220 4760 3796 4843; baseline -0.003 -20"><span class='ocrx_word' id='word_1_637' title='bbox 2220 4767 2303 4840; x_wconf 92' lang='grc' dir='ltr'>[Ρ.</span> <span class='ocrx_word' id='word_1_638' title='bbox 2346 4768 2472 4840; x_wconf 85' lang='lat'>270]</span> <span class='ocrx_word' id='word_1_639' title='bbox 2526 4765 2826 4843; x_wconf 81' lang='grc' dir='ltr'>Γαλλέριος</span> <span class='ocrx_word' id='word_1_640' title='bbox 2877 4765 3055 4822; x_wconf 80' lang='grc' dir='ltr'>τοίνυν</span> <span class='ocrx_word' id='word_1_641' title='bbox 3113 4766 3451 4842; x_wconf 79' lang='grc' dir='ltr'>Μαξιμιανὸς</span> <span class='ocrx_word' id='word_1_642' title='bbox 3508 4760 3593 4820; x_wconf 85' lang='grc' dir='ltr'><strong>ἔπὶ</strong></span> <span class='ocrx_word' id='word_1_643' title='bbox 3655 4766 3796 4821; x_wconf 81' lang='grc' dir='ltr'>Ἰτα-</span> 
     </span>
    </p>
   </div>
   <div class='ocr_carea' id='block_1_100' title="bbox 2148 4852 3790 4935">
    <p class='ocr_par' dir='ltr' id='par_1_100' title="bbox 2148 4852 3790 4935">
     <span class='ocr_line' id='line_1_100' title="bbox 2148 4852 3790 4935; baseline -0.001 -26"><span class='ocrx_word' id='word_1_644' title='bbox 2148 4853 2267 4910; x_wconf 83' lang='grc' dir='ltr'>λίαν</span> <span class='ocrx_word' id='word_1_645' title='bbox 2297 4853 2475 4920; x_wconf 81' lang='grc' dir='ltr'>ὲλθὼν</span> <span class='ocrx_word' id='word_1_646' title='bbox 2518 4855 2897 4935; x_wconf 80' lang='grc' dir='ltr'>ἐχειροτόνησε</span> <span class='ocrx_word' id='word_1_647' title='bbox 2958 4857 3223 4932; x_wconf 84' lang='grc' dir='ltr'>Καίσαρας</span> <span class='ocrx_word' id='word_1_648' title='bbox 3280 4852 3397 4925; x_wconf 69' lang='grc' dir='ltr'>δύο,</span> <span class='ocrx_word' id='word_1_649' title='bbox 3457 4854 3790 4927; x_wconf 79' lang='grc' dir='ltr'>Μαξιμιανὸν</span> 
     </span>
    </p>
   </div>
   <div class='ocr_carea' id='block_1_101' title="bbox 2150 4944 3790 5026">
    <p class='ocr_par' dir='ltr' id='par_1_101' title="bbox 2150 4944 3790 5026">
     <span class='ocr_line' id='line_1_101' title="bbox 2150 4944 3790 5026; baseline -0.001 -26"><span class='ocrx_word' id='word_1_650' title='bbox 2150 4945 2244 5018; x_wconf 77' lang='grc' dir='ltr'>μὲν</span> <span class='ocrx_word' id='word_1_651' title='bbox 2273 4946 2365 5001; x_wconf 88' lang='grc' dir='ltr'>τὸν</span> <span class='ocrx_word' id='word_1_652' title='bbox 2399 4944 2534 5001; x_wconf 59' lang='grc' dir='ltr'>ἴδιον</span> <span class='ocrx_word' id='word_1_653' title='bbox 2572 4946 2685 5000; x_wconf 73' lang='grc' dir='ltr'>υἱὸν</span> <span class='ocrx_word' id='word_1_654' title='bbox 2715 4949 2850 5001; x_wconf 72' lang='grc' dir='ltr'>κατὰ</span> <span class='ocrx_word' id='word_1_655' title='bbox 2878 4948 2975 5017; x_wconf 73' lang='grc' dir='ltr'>τὴν</span> <span class='ocrx_word' id='word_1_656' title='bbox 3002 4947 3195 5019; x_wconf 81' lang='grc' dir='ltr'>Ἑῲαν,</span> <span class='ocrx_word' id='word_1_657' title='bbox 3237 4947 3316 5026; x_wconf 71' lang='grc' dir='ltr'>ἐφ’</span> <span class='ocrx_word' id='word_1_658' title='bbox 3344 4946 3406 5001; x_wconf 75' lang='grc' dir='ltr'>οὗ</span> <span class='ocrx_word' id='word_1_659' title='bbox 3452 4946 3542 5001; x_wconf 80' lang='grc' dir='ltr'>καὶ</span> <span class='ocrx_word' id='word_1_660' title='bbox 3574 4948 3625 5000; x_wconf 70' lang='grc' dir='ltr'>οἱ</span> <span class='ocrx_word' id='word_1_661' title='bbox 3656 4946 3790 5020; x_wconf 82' lang='grc' dir='ltr'>πρὸς</span> 
     </span>
    </p>
   </div>
   <div class='ocr_carea' id='block_1_102' title="bbox 2145 5032 3796 5111">
    <p class='ocr_par' dir='ltr' id='par_1_102' title="bbox 2145 5032 3796 5111">
     <span class='ocr_line' id='line_1_102' title="bbox 2145 5032 3796 5111; baseline 0 -23"><span class='ocrx_word' id='word_1_662' title='bbox 2145 5035 2351 5109; x_wconf 82' lang='grc' dir='ltr'>πατρὸς</span> <span class='ocrx_word' id='word_1_663' title='bbox 2380 5039 2459 5108; x_wconf 77' lang='grc' dir='ltr'>τῷ</span> <span class='ocrx_word' id='word_1_664' title='bbox 2504 5032 2732 5111; x_wconf 74' lang='grc' dir='ltr'>μεγάλῳ</span> <span class='ocrx_word' id='word_1_665' title='bbox 2790 5035 3066 5108; x_wconf 85' lang='grc' dir='ltr'>Βασιλείῳ</span> <span class='ocrx_word' id='word_1_666' title='bbox 3096 5034 3319 5110; x_wconf 78' lang='grc' dir='ltr'>πατέρες</span> <span class='ocrx_word' id='word_1_667' title='bbox 3353 5034 3443 5089; x_wconf 79' lang='grc' dir='ltr'>διὰ</span> <span class='ocrx_word' id='word_1_668' title='bbox 3492 5038 3582 5089; x_wconf 86' lang='grc' dir='ltr'>τὸν</span> <span class='ocrx_word' id='word_1_669' title='bbox 3633 5033 3796 5089; x_wconf 77' lang='grc' dir='ltr'>αὐτοῦ</span> 
     </span>
    </p>
   </div>
   <div class='ocr_carea' id='block_1_103' title="bbox 1589 5126 2619 5191">
    <p class='ocr_par' dir='ltr' id='par_1_103' title="bbox 1589 5126 2619 5191">
     <span class='ocr_line' id='line_1_103' title="bbox 1589 5126 2619 5191; baseline 0.011 -12"><span class='ocrx_word' id='word_1_670' title='bbox 1589 5126 1947 5185; x_wconf 77' lang='lat' dir='ltr'>XYLANDRI</span> <span class='ocrx_word' id='word_1_671' title='bbox 1989 5132 2075 5187; x_wconf 89' lang='lat' dir='ltr'>ET</span> <span class='ocrx_word' id='word_1_672' title='bbox 2114 5134 2353 5190; x_wconf 82' lang='lat' dir='ltr'>GOARII</span> <span class='ocrx_word' id='word_1_673' title='bbox 2398 5136 2619 5191; x_wconf 75' lang='grc' dir='ltr'>ΝΟΤᾹΞ.</span> 
     </span>
    </p>
   </div>
   <div class='ocr_carea' id='block_1_104' title="bbox 458 5224 2037 5303">
    <p class='ocr_par' dir='ltr' id='par_1_104' title="bbox 458 5224 2037 5303">
     <span class='ocr_line' id='line_1_104' title="bbox 458 5224 2037 5303; baseline 0 -19"><span class='ocrx_word' id='word_1_674' title='bbox 458 5233 568 5303; x_wconf 83' lang='lat'>(77)</span> <span class='ocrx_word' id='word_1_675' title='bbox 600 5233 664 5286; x_wconf 92' lang='lat' dir='ltr'>ln</span> <span class='ocrx_word' id='word_1_676' title='bbox 724 5228 1398 5303; x_wconf 55' lang='lat' dir='ltr'>descriptionejormm</span> <span class='ocrx_word' id='word_1_677' title='bbox 1434 5224 1825 5303; x_wconf 63' lang='lat' dir='ltr'>Constantini</span> <span class='ocrx_word' id='word_1_678' title='bbox 1851 5229 2037 5301; x_wconf 83' lang='lat' dir='ltr'>Magni</span> 
     </span>
    </p>
   </div>
   <div class='ocr_carea' id='block_1_105' title="bbox 387 5293 2038 5372">
    <p class='ocr_par' dir='ltr' id='par_1_105' title="bbox 387 5293 2038 5372">
     <span class='ocr_line' id='line_1_105' title="bbox 387 5293 2038 5372; baseline 0 -16"><span class='ocrx_word' id='word_1_679' title='bbox 387 5293 478 5356; x_wconf 79' lang='lat' dir='ltr'>est</span> <span class='ocrx_word' id='word_1_680' title='bbox 508 5293 642 5357; x_wconf 79' lang='lat' dir='ltr'>eum</span> <span class='ocrx_word' id='word_1_681' title='bbox 673 5303 854 5357; x_wconf 87' lang='lat' dir='ltr'>fuisse</span> <span class='ocrx_word' id='word_1_682' title='bbox 885 5293 1105 5357; x_wconf 82' lang='lat' dir='ltr'>dictum</span> <span class='ocrx_word' id='word_1_683' title='bbox 1131 5293 1451 5372; x_wconf 73' lang='grc' dir='ltr'>Τραχηλᾶν,</span> <span class='ocrx_word' id='word_1_684' title='bbox 1487 5294 1641 5366; x_wconf 86' lang='lat' dir='ltr'>quod</span> <span class='ocrx_word' id='word_1_685' title='bbox 1676 5293 2038 5372; x_wconf 72' lang='lat' dir='ltr'>cervicosum</span> 
     </span>
    </p>
   </div>
   <div class='ocr_carea' id='block_1_106' title="bbox 387 5370 2037 5445">
    <p class='ocr_par' dir='ltr' id='par_1_106' title="bbox 387 5370 2037 5445">
     <span class='ocr_line' id='line_1_106' title="bbox 387 5370 2037 5445; baseline 0.002 -19"><span class='ocrx_word' id='word_1_686' title='bbox 387 5374 684 5445; x_wconf 88' lang='lat' dir='ltr'>transtuli.</span> <span class='ocrx_word' id='word_1_687' title='bbox 717 5374 883 5445; x_wconf 80' lang='lat' dir='ltr'>Apud</span> <span class='ocrx_word' id='word_1_688' title='bbox 930 5370 1581 5445; x_wconf 22' lang='lat' dir='ltr'>Aureliuij‘ictorem</span> <span class='ocrx_word' id='word_1_689' title='bbox 1618 5374 1705 5422; x_wconf 90' lang='lat' dir='ltr'>est</span> <span class='ocrx_word' id='word_1_690' title='bbox 1731 5370 2037 5429; x_wconf 86' lang='lat' dir='ltr'>&#39;l‘raculam</span> 
     </span>
    </p>
   </div>
   <div class='ocr_carea' id='block_1_107' title="bbox 384 5438 2032 5517">
    <p class='ocr_par' dir='ltr' id='par_1_107' title="bbox 384 5438 2032 5517">
     <span class='ocr_line' id='line_1_107' title="bbox 384 5438 2032 5517; baseline 0.001 -19"><span class='ocrx_word' id='word_1_691' title='bbox 384 5444 567 5499; x_wconf 84' lang='lat' dir='ltr'>fuisse</span> <span class='ocrx_word' id='word_1_692' title='bbox 602 5438 1098 5517; x_wconf 82' lang='lat' dir='ltr'>cognominatum,</span> <span class='ocrx_word' id='word_1_693' title='bbox 1131 5443 1233 5517; x_wconf 81' lang='lat' dir='ltr'>sed</span> <span class='ocrx_word' id='word_1_694' title='bbox 1265 5441 1441 5517; x_wconf 75' lang='lat' dir='ltr'>aliam</span> <span class='ocrx_word' id='word_1_695' title='bbox 1476 5438 1549 5493; x_wconf 89' lang='lat' dir='ltr'>ob</span> <span class='ocrx_word' id='word_1_696' title='bbox 1581 5456 1839 5517; x_wconf 79' lang='lat' dir='ltr'>causam.</span> <span class='ocrx_word' id='word_1_697' title='bbox 1889 5446 2032 5500; x_wconf 80' lang='lat' dir='ltr'>XvL.</span> 
     </span>
    </p>
   </div>
   <div class='ocr_carea' id='block_1_108' title="bbox 382 5511 2039 5588">
    <p class='ocr_par' dir='ltr' id='par_1_108' title="bbox 382 5511 2039 5588">
     <span class='ocr_line' id='line_1_108' title="bbox 382 5511 2039 5588; baseline 0 -16"><span class='ocrx_word' id='word_1_698' title='bbox 382 5519 581 5588; x_wconf 84' lang='lat' dir='ltr'>Apage</span> <span class='ocrx_word' id='word_1_699' title='bbox 613 5533 647 5570; x_wconf 90' lang='lat' dir='ltr'>a</span> <span class='ocrx_word' id='word_1_700' title='bbox 677 5511 795 5572; x_wconf 80' lang='lat' dir='ltr'>tam</span> <span class='ocrx_word' id='word_1_701' title='bbox 827 5517 1110 5588; x_wconf 83' lang='lat' dir='ltr'>praeclare</span> <span class='ocrx_word' id='word_1_702' title='bbox 1142 5513 1513 5588; x_wconf 73' lang='lat' dir='ltr'>colendoque</span> <span class='ocrx_word' id='word_1_703' title='bbox 1546 5511 1845 5588; x_wconf 16' lang='lat' dir='ltr'>principe,</span> <span class='ocrx_word' id='word_1_704' title='bbox 1871 5520 2039 5572; x_wconf 83' lang='lat' dir='ltr'>cervi-</span> 
     </span>
    </p>
   </div>
   <div class='ocr_carea' id='block_1_109' title="bbox 382 5583 2037 5659">
    <p class='ocr_par' dir='ltr' id='par_1_109' title="bbox 382 5583 2037 5659">
     <span class='ocr_line' id='line_1_109' title="bbox 382 5583 2037 5659; baseline 0.001 -16"><span class='ocrx_word' id='word_1_705' title='bbox 382 5583 722 5659; x_wconf 49' lang='lat' dir='ltr'>co&#39;sifquam</span> <span class='ocrx_word' id='word_1_706' title='bbox 753 5583 851 5644; x_wconf 77' lang='lat' dir='ltr'>hic</span> <span class='ocrx_word' id='word_1_707' title='bbox 882 5586 1351 5643; x_wconf 89' lang='lat' dir='ltr'>comminiscitur</span> <span class='ocrx_word' id='word_1_708' title='bbox 1381 5583 1699 5659; x_wconf 75' lang='lat' dir='ltr'>Xylander,</span> <span class='ocrx_word' id='word_1_709' title='bbox 1733 5583 2037 5659; x_wconf 57' lang='lat' dir='ltr'>infamem</span> 
     </span>
    </p>
   </div>
   <div class='ocr_carea' id='block_1_110' title="bbox 380 5653 2035 5731">
    <p class='ocr_par' dir='ltr' id='par_1_110' title="bbox 380 5653 2035 5731">
     <span class='ocr_line' id='line_1_110' title="bbox 380 5653 2035 5731; baseline 0.001 -16"><span class='ocrx_word' id='word_1_710' title='bbox 380 5653 604 5717; x_wconf 74' lang='lat' dir='ltr'>vocem.</span> <span class='ocrx_word' id='word_1_711' title='bbox 638 5660 708 5716; x_wconf 86' lang='lat' dir='ltr'>Et</span> <span class='ocrx_word' id='word_1_712' title='bbox 737 5660 839 5731; x_wconf 91' lang='lat' dir='ltr'>qui</span> <span class='ocrx_word' id='word_1_713' title='bbox 895 5676 960 5715; x_wconf 87' lang='lat' dir='ltr'>os</span> <span class='ocrx_word' id='word_1_714' title='bbox 1007 5660 1405 5726; x_wconf 74' lang='lat' dir='ltr'>numerosque</span> <span class='ocrx_word' id='word_1_715' title='bbox 1438 5653 1559 5710; x_wconf 12' lang='lat' dir='ltr'>ideo</span> <span class='ocrx_word' id='word_1_716' title='bbox 1612 5653 1825 5713; x_wconf 88' lang='lat' dir='ltr'>similis</span> <span class='ocrx_word' id='word_1_717' title='bbox 1892 5660 2035 5717; x_wconf 81' lang='lat' dir='ltr'>Con-</span> 
     </span>
    </p>
   </div>
   <div class='ocr_carea' id='block_1_111' title="bbox 2152 5230 3796 5315">
    <p class='ocr_par' dir='ltr' id='par_1_111' title="bbox 2152 5230 3796 5315">
     <span class='ocr_line' id='line_1_111' title="bbox 2152 5230 3796 5315; baseline 0.002 -30"><span class='ocrx_word' id='word_1_718' title='bbox 2152 5232 2449 5315; x_wconf 78' lang='lat' dir='ltr'>stantinus</span> <span class='ocrx_word' id='word_1_719' title='bbox 2497 5230 2841 5315; x_wconf 51' lang='grc' dir='ltr'>Ἰςροιχςηλξις,⁸</span> <span class='ocrx_word' id='word_1_720' title='bbox 2894 5249 2999 5315; x_wconf 79' lang='lat' dir='ltr'>ceu</span> <span class='ocrx_word' id='word_1_721' title='bbox 3062 5235 3197 5315; x_wconf 41' lang='lat' dir='ltr'>.lata</span> <span class='ocrx_word' id='word_1_722' title='bbox 3243 5241 3535 5315; x_wconf 62' lang='lat' dir='ltr'>erectaque</span> <span class='ocrx_word' id='word_1_723' title='bbox 3591 5232 3796 5315; x_wconf 64' lang='lat' dir='ltr'>cervice</span> 
     </span>
    </p>
   </div>
   <div class='ocr_carea' id='block_1_112' title="bbox 2150 5303 3793 5378">
    <p class='ocr_par' dir='ltr' id='par_1_112' title="bbox 2150 5303 3793 5378">
     <span class='ocr_line' id='line_1_112' title="bbox 2150 5303 3793 5378; baseline 0.001 -18"><span class='ocrx_word' id='word_1_724' title='bbox 2150 5303 2470 5377; x_wconf 63' lang='lat' dir='ltr'>(corporea:</span> <span class='ocrx_word' id='word_1_725' title='bbox 2512 5303 2877 5360; x_wconf 82' lang='lat' dir='ltr'>fcrtitudinis</span> <span class='ocrx_word' id='word_1_726' title='bbox 2945 5311 3003 5378; x_wconf 87' lang='lat' dir='ltr'>et</span> <span class='ocrx_word' id='word_1_727' title='bbox 3058 5306 3280 5377; x_wconf 81' lang='lat' dir='ltr'>ingenii</span> <span class='ocrx_word' id='word_1_728' title='bbox 3346 5303 3528 5362; x_wconf 48' lang='lat' dir='ltr'>ani—mi</span> <span class='ocrx_word' id='word_1_729' title='bbox 3589 5305 3793 5378; x_wconf 86' lang='lat' dir='ltr'>signis)</span> 
     </span>
    </p>
   </div>
   <div class='ocr_carea' id='block_1_113' title="bbox 2148 5377 3793 5450">
    <p class='ocr_par' dir='ltr' id='par_1_113' title="bbox 2148 5377 3793 5450">
     <span class='ocr_line' id='line_1_113' title="bbox 2148 5377 3793 5450; baseline 0.001 -20"><span class='ocrx_word' id='word_1_730' title='bbox 2148 5378 2493 5450; x_wconf 81' lang='lat' dir='ltr'>conspicuus,</span> <span class='ocrx_word' id='word_1_731' title='bbox 2515 5378 2819 5450; x_wconf 80' lang='lat' dir='ltr'>communi</span> <span class='ocrx_word' id='word_1_732' title='bbox 2841 5377 3163 5450; x_wconf 89' lang='lat' dir='ltr'>verborum</span> <span class='ocrx_word' id='word_1_733' title='bbox 3218 5379 3389 5450; x_wconf 87' lang='lat' dir='ltr'>copia</span> <span class='ocrx_word' id='word_1_734' title='bbox 3419 5378 3657 5434; x_wconf 89' lang='lat' dir='ltr'>laudem</span> <span class='ocrx_word' id='word_1_735' title='bbox 3688 5394 3793 5448; x_wconf 84' lang='lat' dir='ltr'>po-</span> 
     </span>
    </p>
   </div>
   <div class='ocr_carea' id='block_1_114' title="bbox 2145 5447 3795 5534">
    <p class='ocr_par' dir='ltr' id='par_1_114' title="bbox 2145 5447 3795 5534">
     <span class='ocr_line' id='line_1_114' title="bbox 2145 5447 3795 5534; baseline 0.001 -33"><span class='ocrx_word' id='word_1_736' title='bbox 2145 5448 2265 5534; x_wconf 73' lang='lat' dir='ltr'>tius</span> <span class='ocrx_word' id='word_1_737' title='bbox 2290 5464 2413 5528; x_wconf 64' lang='lat' dir='ltr'>suas</span> <span class='ocrx_word' id='word_1_738' title='bbox 2445 5447 2784 5534; x_wconf 37' lang='lat' dir='ltr'>cels‘it‘udi‘ni</span> <span class='ocrx_word' id='word_1_739' title='bbox 2833 5449 3122 5534; x_wconf 73' lang='lat' dir='ltr'>imparem</span> <span class='ocrx_word' id='word_1_740' title='bbox 3158 5447 3427 5534; x_wconf 70' lang='lat' dir='ltr'>accipiat,</span> <span class='ocrx_word' id='word_1_741' title='bbox 3461 5466 3641 5521; x_wconf 90' lang='lat' dir='ltr'>quam</span> <span class='ocrx_word' id='word_1_742' title='bbox 3660 5447 3795 5534; x_wconf 39' lang='lat' dir='ltr'>“uno</span> 
     </span>
    </p>
   </div>
   <div class='ocr_carea' id='block_1_115' title="bbox 2151 5519 3798 5595">
    <p class='ocr_par' dir='ltr' id='par_1_115' title="bbox 2151 5519 3798 5595">
     <span class='ocr_line' id='line_1_115' title="bbox 2151 5519 3798 5595; baseline 0.001 -21"><span class='ocrx_word' id='word_1_743' title='bbox 2151 5519 2277 5574; x_wconf 88' lang='lat' dir='ltr'>solo</span> <span class='ocrx_word' id='word_1_744' title='bbox 2300 5519 2501 5595; x_wconf 83' lang='lat' dir='ltr'>minus</span> <span class='ocrx_word' id='word_1_745' title='bbox 2553 5519 2806 5595; x_wconf 82' lang='lat' dir='ltr'>feliciter</span> <span class='ocrx_word' id='word_1_746' title='bbox 2854 5519 3169 5577; x_wconf 86' lang='lat' dir='ltr'>adinvento</span> <span class='ocrx_word' id='word_1_747' title='bbox 3213 5519 3498 5595; x_wconf 82' lang='lat' dir='ltr'>injuriaui</span> <span class='ocrx_word' id='word_1_748' title='bbox 3529 5527 3587 5577; x_wconf 87' lang='lat' dir='ltr'>et</span> <span class='ocrx_word' id='word_1_749' title='bbox 3618 5522 3798 5577; x_wconf 76' lang='lat' dir='ltr'>offen-</span> 
     </span>
    </p>
   </div>
   <div class='ocr_carea' id='block_1_116' title="bbox 2151 5590 2793 5663">
    <p class='ocr_par' dir='ltr' id='par_1_116' title="bbox 2151 5590 2793 5663">
     <span class='ocr_line' id='line_1_116' title="bbox 2151 5590 2793 5663; baseline 0.003 -18"><span class='ocrx_word' id='word_1_750' title='bbox 2151 5606 2279 5646; x_wconf 89' lang='lat' dir='ltr'>sam</span> <span class='ocrx_word' id='word_1_751' title='bbox 2309 5590 2586 5663; x_wconf 90' lang='lat' dir='ltr'>patiatur.</span> <span class='ocrx_word' id='word_1_752' title='bbox 2622 5594 2793 5649; x_wconf 58' lang='lat' dir='ltr'>Goaa.</span> 
     </span>
    </p>
   </div>
  </div>
