4186 6198
348 328 472 414 ’δι-ι

1500 342 2040 408 HISTORIARUM
2083 328 2636 408 COMPENDIUM.

356 482 608 561 διωγμὸν
676 482 750 545 εἷς
806 479 1047 557 ἔργςμους
1110 476 1471 554 μακρῦναντες
1547 476 1998 556 ἐφυγαδειόθησαν,

2117 479 2334 534 tionem
2366 478 2427 534 in
2462 477 2815 535 solitudines
2844 479 3017 552 longe
3047 481 3250 555 fugere
3282 484 3467 540 coacti
3499 486 3678 557 sunt),
3706 492 3766 541 et

358 570 604 650 Σεϐῆρον
664 570 722 628 δὲ
775 575 913 627 κατά
974 573 1076 642 τήν
1135 569 1393 629 Ἰταλίαν.
1454 570 1521 628 Οἱ
1589 566 1645 625 δὲ
1699 570 1750 626 ἐν
1806 569 2000 644 Ῥώμῃ

354 668 684 739 στρατιῶται
733 660 1100 739 ἀνηγόρευσαν
1160 658 1455 732 Μαξὲντιον
1513 660 1605 717 τὸν
1657 661 1771 715 υἱὸν
1828 661 2000 732 Magn-

360 757 555 827 μιανοῦ
586 755 683 808 τοῦ
716 749 1039 827 Ἐρκουλίου
1074 747 1324 825 βασιλέα.

428 844 714 917 Κρατήσας
755 841 847 897 οὖν
906 841 934 896 ὁ
991 840 1264 905 θειότατος
1331 840 1421 894 καὶ
1483 840 2004 919 χριστιανικώτατος

362 930 616 1006 βασιλεὺς
682 935 1079 991 Κωνσταντῖνος
1140 924 1479 984 ⁶ἐϐασίλευσε
1560 928 1813 985 Γαλλιῶν
1893 930 2005 1004 (78)

361 1021 447 1081 καὶ
480 1020 823 1095 Βρεττανίας.
866 1021 957 1091 Τῷ
999 1018 1203 1095 πρώτῳ
1262 1018 1353 1074 οὗν
1402 1018 1567 1074 αὐτοῦ
1619 1012 1748 1088 ἔτει,
1797 1025 1898 1089 τῆς
1949 1015 2007 1072 δὲ

361 1110 502 1175 θείας
539 1110 860 1185 σαρκώσεως
893 1108 1031 1187 ala,
1084 1112 1181 1165 τοῦ
1238 1105 1297 1163 δὲ
1342 1109 1553 1182 κόσμου
1601 1108 1766 1187 ἐψιιξ
1812 1109 2005 1163 τέσσα-

359 1220 451 1275 ρες
510 1199 662 1254 οὗτοι
730 1193 1147 1253 συνεϐασίλευον
1206 1197 1375 1270 αὐτῷ,
1438 1198 1832 1272 Μαξιμιανὸςὸ
1866 1205 2005 1254 ΓαΛ-

359 1288 688 1363 λὲριος,σί›ν
750 1287 868 1344 δυσῖ
931 1288 1194 1364 Καίσαραι
1252 1284 1485 1364 Σεϐήρῳ
1543 1289 1633 1344 καὶ
1686 1290 2009 1364 Μαξιμιανῷ

358 1380 439 1452 τῷ
472 1376 775 1454 Γαλλερίου
807 1379 910 1451 υίῴ
949 1378 1039 1433 καὶ
1101 1378 1383 1451 Μαξεντίῳ
1428 1382 1510 1451 τῷ
1556 1379 1660 1450 υἱῴ
1719 1382 1816 1434 τοῦ
1874 1383 2006 1454 Ἐρ-

354 1467 606 1537 κουλίου,
640 1467 690 1522 ἐν
718 1469 911 1542 Ῥώμῃ
973 1468 1076 1523 ὑπὸ
1134 1472 1243 1523 τῶν
1305 1472 1651 1541 στρατιωτῶν
1708 1467 2005 1545 ἀναγορευ-

355 1557 495 1613 θέντι
540 1556 774 1634 βασιλεῖ.
809 1556 980 1615 Οὗτοι
1011 1554 1300 1628 ἀλλήλους
1330 1551 1586 1612 ἔσπευδον
1644 1551 2009 1632 ὑπερϐάλλειν

357 1646 433 1710 εἷς
464 1647 554 1702 τὸν
600 1647 734 1702 κατὰ
800 1648 1138 1722 Χριστιανῶν
1200 1644 1471 1719 πόλεμον,
1531 1646 1673 1721 πάσῃ
1732 1666 1791 1700 τε
1847 1644 2010 1715 κακίᾳ

360 1737 453 1792 καὶ
513 1736 828 1810 Οηλυμανίᾳ
886 1742 1148 1807 συζῶντες
1234 1737 1527 1810 ἀνατομαῖς
1625 1736 1836 1815 βρεφῶν
1902 1738 2009 1789 τῶν

354 1826 783 1904 ἐγκυμονουσῶν
828 1831 1094 1903 γυναικῶν
1160 1825 1211 1882 ἐν
1271 1826 1547 1900 μαντείαις
1587 1822 1851 1900 ἐχρῶντό,
1910 1824 2089 1912 ἇρ-Β

354 1922 555 1995 παγαῖς
588 1937 646 1972 τε
674 1917 766 1972 καὶ
799 1918 1012 1995 φόνοις,
1042 1915 1132 1972 καὶ
1165 1914 1263 1971 ὅσα
1292 1919 1536 1973 τοιαῦτα.

425 2008 537 2062 Τοῦ
597 2003 655 2061 δὲ
714 2001 965 2080 Σεϐήρου
1020 2003 1453 2077 τελευτήσαντος
1511 2005 1753 2061 Λικίνιον
1797 2007 2013 2064 οίῬω-

358 2102 516 2171 μαῖοι
574 2095 818 2172 Καίσαρα
877 2095 1271 2173 ἀνηγόρευσαν,
1332 2096 1721 2170 Κωνσταντίνῳ
1779 2097 2007 2175 χαριζό-

358 2207 510 2260 μενοι
541 2180 777 2263 γαμϐρῷ
810 2183 974 2240 αὐτοῦ
1030 2181 1141 2240 ὄντι
1175 2183 1251 2246 είς
1305 2180 1547 2264 ἀδελφὴν
1607 2187 2005 2257 Κωνσταντίαν,

353 2274 444 2329 καὶ
503 2274 931 2349 ὑποκρινόμενον
991 2270 1202 2348 ψευδῶς
1288 2274 1387 2343 τὴν
1469 2275 1588 2339 καθ’
1642 2276 1789 2349 ἡμᾶς
1846 2277 2006 2333 εὗσέ-

357 2360 532 2420 ϐειαν.
568 2363 858 2438 Μαξέντιος
890 2361 946 2419 δὲ
1002 2360 1255 2420 πάνδεινα
1312 2369 1428 2427 τοῖς
1478 2365 1779 2440 Ῥωμαίοις
1838 2365 2009 2423 ἐποίει

353 2457 512 2510 κακαὶ·
558 2455 654 2517 τάς
707 2475 765 2509 τε
819 2456 924 2530 γὰρ
982 2454 1168 2516 οὐσίας
1230 2453 1403 2510 αὐτῶν
1463 2454 1552 2509 καὶ
1611 2461 1862 2531 γυναῖκας
1919 2456 2009 2512 καὶ

365 2544 659 2621 θυγατέρας
700 2545 932 2619 ἥρπαζε,
972 2544 1063 2598 καὶ
1118 2543 1319 2606 αὐτοὺς
1375 2542 1739 2619 πολυτρόπως
1798 2545 2006 2622 ἀνῄρει,

352 2634 446 2689 καί
504 2633 714 2710 ἄμετρα
769 2640 883 2695 τοῖς
953 2631 1204 2708 δαίμοσιν
1286 2631 1655 2703 ἐξακολουοῶν
1743 2633 2005 2692 ἐπετέλει.

350 2724 509 2781 Ὅθεν
544 2723 634 2778 καὶ
695 2718 977 2797 πρεσϐείαν
1037 2723 1088 2777 οἱ
1145 2724 1411 2796 Ῥωμαῖοι
1469 2724 1607 2797 πρὸς
1666 2726 2006 2781 Κώνσταντῖ-

354 2835 444 2868 νον
481 2813 850 2886 ποιησέμενοι
878 2812 1015 2867 κατᾶ
1041 2817 1138 2868 τοῦ
1178 2809 1471 2875 δυσσεϐοῦς
1527 2812 1825 2883 Μαξεντίου
1877 2819 2008 2869 τοῦ-

358 2925 451 2959 τον
486 2900 782 2979 διήγειραν.
815 2905 874 2961 Ὀ
908 2901 965 2958 δῖε
1022 2902 1319 2973 Μαξέντιος
1376 2903 1468 2959 τὸν
1518 2903 1888 2981 παραρρέοντα
1935 2909 2003 2981 τῇ

351 2992 513 3048 πόλει
539 2992 782 3066 ποταμὸν
822 2992 975 3046 ναυσὶ
1041 2991 1359 3068 γεφυρώσας
1414 2993 1557 3047 κατὰ
1602 2997 1699 3047 τοῦ
1760 2992 2004 3070 μεγάλου

356 3081 765 3137 Κωνσταντίνου
823 3081 1298 3155 ἀντιπαρετάξατα
1331 3081 1393 3139 Ὀ
1425 3079 1483 3136 δὲ
1531 3078 1722 3144 δεδιὼς
1765 3084 1860 3145 τὰς
1906 3088 2003 3139 τοῦ

351 3174 652 3246 Μαξεντίου
699 3170 953 3247 γοητείας
993 3169 1044 3226 ἐν
1097 3168 1289 3244 πολλῇ
1346 3170 1557 3246 ἀγωνίᾳ
1607 3172 1696 3241 ἦν.
1750 3170 2001 3229 Φαίνεται

354 3263 445 3318 οὗν
478 3262 628 3333 αὐτῷ
659 3260 710 3315 ἐν
740 3258 868 3335 ἕκτῃ
903 3259 1018 3335 ὥρᾳ
1045 3267 1145 3330 τῆς
1184 3258 1395 3336 ἡμέρας
1453 3261 1481 3315 ό
1520 3261 1702 3335 τίμιος
1752 3263 2003 3339 σταυρὸς,

351 3351 413 3407 ἐκ
489 3351 670 3429 φωτὸς
752 3350 1247 3422 κατεσκευασμένην
1334 3347 1479 3424 ἔχων
1558 3349 1860 3428 ἐπιγραφὴν
1932 3350 2005 3407 δι’

350 3440 609 3513 ἀστέρων.
646 3440 732 3494 Ἑν
760 3437 938 3511 τούτῳ
967 3436 1109 3497 νίκα.
1145 3439 1232 3494 Ἐν
1278 3437 1513 3513 ὁράματι
1560 3436 1618 3494 δὲ
1660 3445 1760 3510 τῆς
1809 3439 2002 3503 νυκτὸς

352 3529 640 3606 ἐφίσταται
695 3526 841 3600 αὑτῷ
873 3528 901 3582 ὁ
934 3528 1157 3602 Κύριος,
1219 3527 1419 3605 Λέγων·
1481 3530 1702 3601 Χρῆσαι
1753 3533 1833 3601 τῷ
1893 3526 2003 3585 δει-

352 3617 539 3695 χθέντι
580 3639 663 3673 σοι
698 3616 936 3692 σημείῳ,
966 3617 1056 3672 καὶ
1111 3617 1253 3677 νίκα.
1306 3619 1442 3674 Τότε
1488 3619 1716 3694 σταυρὸν
1763 3624 1999 3695 χρυσοῦν

354 3706 669 3786 σχεδιάσας,
700 3706 759 3769 ὅς
790 3702 903 3762 ἔστι
938 3710 1105 3783 μεχρι
1133 3706 1224 3762 καὶ
1277 3711 1392 3773 νῦν,
1446 3705 1691 3763 ἐκέλευσε
1738 3710 2000 3786 προάγειν

353 3795 406 3851 ἐν
437 3801 518 3869 τῷ
549 3794 818 3869 πολέμψῄ
851 3795 941 3850 καὶ
1001 3791 1288 3869 συμϐολῆς
1345 3799 1646 3872 γενομένης
1689 3799 2004 3869 ἡττήθησαν

354 3882 560 3957 οἱπερὶ
612 3879 929 3952 Μαξέντιον,
987 3881 1074 3936 καὶ
1143 3885 1238 3935 τοῦ
1292 3880 1540 3953 πλήθους
1600 3880 2005 3959 ἀναιρουμένου

353 3969 651 4041 Μαξὲντιος
687 3969 778 4025 σὺν
824 3974 941 4030 τοῖς
992 3967 1214 4032 λοιποῖς
1264 3974 1333 4044 τῇ
1388 3969 1592 4050 γεφύρᾳ
1652 3966 1819 4044 ἐπέϐη
1877 3971 2002 4051 φεύ.

353 4083 493 4139 γων,
524 4058 649 4131 ἥτις
692 4060 805 4131 Θείᾳ
865 4057 1090 4134 δυνάμει
1148 4057 1501 4136 διαρῥαγεῖσα
1541 4060 1592 4116 ἐν
1643 4066 1722 4134 τῷ
1770 4067 2004 4137 ποταμῷ

352 4150 555 4214 πάντας
609 4152 1012 4207 κατεπόντισεν.
1071 4151 1140 4208 Οἱ
1199 4147 1255 4205 δὲ
1315 4151 1582 4224 Ῥωμαῖοι
1640 4149 2003 4227 λυτρωθέντες

352 4248 454 4311 τῆς
486 4246 583 4296 τοῦ
623 4244 865 4315 πονηροῦ
924 4238 1219 4311 Μαξεντίου
1277 4237 1617 4315 τυραννίδος,
1678 4241 1777 4310 τήν
1839 4241 2003 4298 πόλιν

355 4331 810 4410 στεφανώσαντες,
850 4326 1175 4400 εῗσεδέξαντο
1209 4330 1347 4403 μετᾶ
1404 4336 1577 4409 χαρᾶς
1627 4332 1717 4386 τὸν
1774 4332 2002 4403 νικητὴν

354 4423 769 4477 Κωνσταντῖνον
830 4421 921 4477 σὺν
976 4424 1057 4494 τῷ
1113 4425 1380 4494 νικοποιῷ
1454 4426 1690 4497 σταυρῷ,
1785 4431 2007 4499 σωτῆρα

356 4511 513 4567 αὐτὸν
542 4512 745 4591 ἀνευφή
759 4511 1004 4586 μοῧντες.

2115 570 2412 640 Severum,
2474 571 2574 642 qui
2631 571 2817 627 Italia)
2876 573 3216 644 imperaret.
3299 575 3509 631 Milites
3568 583 3767 634 autem

2115 666 2313 720 Romae
2373 663 2731 719 Maxentium
2812 663 3151 720 Maximiani
3236 666 3505 722 Herculei
3572 669 3765 725 ﬁlium

2116 751 2533 825 imperatorem
2564 753 3020 809 constituerunt.

2190 842 2615 898 Constantinus
2638 859 2773 917 ergo
2799 860 3072 917 magnus,
3096 844 3421 916 imperator
3439 846 3766 917 piissimus,

2117 930 2433 1003 imperium
2502 932 2703 987 Galliae
2753 949 2821 988 ac
2871 934 3189 989 Britannia;
3239 934 3515 990 obtinuit.
3566 939 3765 993 Primo

2118 1021 2247 1093 ejus
2278 1038 2456 1088 anno,
2491 1022 2590 1093 qui
2625 1022 2737 1076 fuit
2767 1039 2801 1077 a
2831 1023 3014 1078 natali
3040 1023 3255 1078 Christi
3282 1028 3409 1093 291,
3435 1025 3507 1081 ab
3522 1029 3763 1084 exordio

2117 1110 2324 1165 mundi
2357 1113 2518 1181 5797,
2554 1111 2757 1167 habuit
2789 1112 2850 1166 in
2889 1113 3139 1184 imperio
3191 1120 3444 1185 quatuor
3487 1117 3763 1188 collegas,

2118 1198 2442 1269 Galerium,
2475 1200 2657 1272 hujus
2683 1200 2871 1256 filium
2903 1202 3345 1271 Maximianum,
3380 1209 3439 1259 et
3468 1205 3765 1275 Severum,

2118 1289 2378 1343 Caasares
2408 1289 2515 1344 hos
2547 1289 2717 1358 duos,
2753 1296 2810 1344 et
2841 1292 3197 1347 Maxentium
3230 1294 3499 1349 Herculei
3554 1295 3767 1365 filium,

2117 1380 2316 1434 Romaa
2362 1395 2397 1434 a
2444 1378 2732 1434 militibus
2772 1380 3193 1452 imperatorem
3244 1382 3639 1455 designatum.
3699 1386 3767 1440 Hi

2119 1468 2390 1523 certatim
2421 1469 2783 1525 Christianos
2814 1476 3242 1542 persequentes
3268 1473 3446 1528 vitam
3465 1490 3571 1545 per
3590 1492 3765 1530 omne

2120 1557 2315 1612 scelus
2353 1574 2421 1613 ac
2449 1556 2760 1614 libidinem
2792 1559 3127 1630 habebant;
3188 1564 3342 1619 474
3391 1564 3762 1636 gravidarum

2105 1656 2355 1718 'quoque
2386 1646 2540 1703 fetus
2566 1649 2939 1718 exsccabant,
2974 1650 3164 1722 iisque
3218 1651 3291 1707 ad
3341 1653 3765 1711 divinationem

2120 1736 2711 1810 utebantur,rapinis,
2741 1738 3004 1795 caedibus
3026 1740 3277 1811 aliisque
3296 1742 3536 1815 ﬂagitiis
3560 1744 3763 1802 dediti.

2190 2004 2414 2060 Mortuo
2438 2005 2647 2061 Severo
2674 2006 2923 2064 Romani
2939 2008 3227 2066 Licinium
3243 2015 3534 2068 Caesarem
3558 2021 3764 2071 creant

2122 2092 2185 2147 in
2215 2095 2464 2166 gratiam
2496 2096 2890 2169 Constantini,
2941 2098 3109 2171 cujus
3159 2118 3424 2158 sororem
3467 2105 3763 2161 Constan-

2122 2186 2266 2241 tiam
2307 2203 2551 2242 uxorem
2600 2186 2650 2241 is
2692 2186 2968 2256 habebat,
3013 2188 3285 2262 falsoque
3334 2192 3652 2250 simulabat
3702 2213 3764 2252 se

2122 2275 2543 2332 Christianum.
2577 2278 2650 2331 At
2680 2278 2955 2333 Maxentii
2987 2283 3215 2335 atroces
3246 2289 3415 2337 erant
3443 2284 3503 2338 in
3553 2288 3766 2342 Roma-

2119 2381 2230 2420 nos
2261 2365 2518 2438 injuriaa,
2543 2365 2874 2434 facultates,
2910 2384 3127 2424 uxores
3150 2370 3419 2441 filiasque
3443 2390 3647 2430 eorum
3671 2392 3767 2431 ra-

2119 2454 2359 2526 pientis,
2393 2455 2670 2526 varieque
2694 2456 2853 2527 ipsos
2877 2457 3249 2525 trucidantis,
3274 2460 3763 2534 daemonibusque

2119 2543 2193 2598 ad
2225 2544 2446 2615 quaevis
2491 2544 2715 2615 ﬂagitia
2764 2544 3039 2601 obeunda
3088 2547 3574 2619 obtemperantis.
3626 2551 3762 2607 Ideo

2121 2637 2368 2693 Romani
2426 2637 2879 2692 Constantinum
2947 2640 3146 2695 missis
3218 2641 3424 2714 legatis
3481 2643 3764 2700 adversus

2117 2730 2474 2786 Maxentium
2525 2736 2932 2785 evocaverunt.
2987 2733 3314 2789 Maxentius
3363 2735 3608 2790 ﬂuvium
3659 2737 3761 2809 qui

2114 2822 2363 2875 Romam
2395 2820 2764 2891 praeterﬂuit,
2825 2827 3003 2892 ponte
3063 2841 3131 2878 ex
3188 2824 3435 2880 navibus
3496 2828 3763 2883 confecto

2108 2909 2328 2981 junxit,
2388 2916 2698 2981 castraque
2757 2911 2967 2966 castris
3023 2914 3392 2969 Constantini
3465 2918 3759 2987 opposuit.

2116 3000 2469 3055 Contantino
2502 3000 2830 3072 prcestigias
2863 3003 3135 3057 Maxentii
3167 3005 3481 3073 metuenti,
3515 3006 3766 3078 ideoque

2113 3091 2271 3160 gravi
2295 3090 2697 3146 sollicitudine
2721 3090 2980 3158 detento,
3006 3098 3172 3148 sexta
3204 3093 3319 3149 diei
3354 3095 3498 3151 hora
3522 3113 3764 3153 venera—

2115 3183 2253 3239 bilis
2283 3201 2423 3240 crux
2456 3201 2528 3239 ex
2579 3185 2709 3240 luce
2756 3186 3029 3256 apparuit
3077 3204 3211 3242 cum
3263 3188 3648 3261 inscriptione
3697 3208 3765 3247 ex

2117 3272 2305 3328 stellis
2326 3273 2508 3330 facta:
2532 3275 2595 3329 ln
2612 3274 2722 3329 hoc
2747 3275 3128 3331 vince.Noctu
3142 3294 3377 3350 quoque
3403 3278 3456 3333 ei
3479 3281 3768 3336 Dominus

2114 3362 2391 3433 apparuit
2418 3362 2683 3432 adstans,
2716 3365 3192 3437 promittensque
3226 3368 3301 3437 ei,
3328 3368 3375 3422 si
3401 3367 3767 3425 demonstra-

2112 3457 2171 3507 to
2203 3456 2470 3507 uteretur
2499 3452 2689 3525 signo,
2721 3453 3049 3510 victoriam.
3085 3455 3287 3528 Itaque
3339 3456 3760 3515 Constantinus

2114 3556 2358 3596 auream
2381 3558 2777 3614 crucem,quaa
2802 3543 3130 3600 etiamnum
3153 3548 3760 3614 exstat,tumu1tuario

2119 3646 2296 3700 opere
2325 3630 2653 3686 confectam
2680 3632 2943 3703 praaferri
2967 3634 3029 3688 in
3054 3652 3315 3707 pugnam
3329 3638 3543 3709 jussit;
3574 3656 3759 3710 eaque

2113 3719 2437 3774 commissa
2456 3721 2643 3775 victus
2666 3727 2757 3776 est
2777 3724 3057 3777 Maxentii
3081 3727 3470 3795 exercitus,ac
3494 3728 3763 3799 plerique

2115 3809 2314 3864 occisi.
2347 3810 2478 3880 Ipse
2510 3826 2645 3864 cum
2675 3811 2923 3881 reliquis
2980 3813 3210 3884 fugiens
3260 3817 3586 3871 Maxentius
3625 3834 3759 3872 cum

2110 3896 2178 3952 in
2208 3903 2451 3969 pontem
2482 3898 2759 3966 venisset,
2791 3899 2842 3954 is
2871 3900 3068 3956 divina
3114 3902 3165 3956 vi
3198 3908 3407 3974 ruptus
3455 3905 3762 3960 universos

2125 4003 2165 4042 n
2196 3986 2439 4042 ﬂuvium
2463 3986 2681 4058 dejecit
2710 3994 2887 4059 atque
2919 3990 3261 4045 submersit.
3289 3992 3541 4047 Romani
3567 3999 3759 4064 tyran-

2118 4075 2255 4130 nide
2299 4076 2571 4132 scelerati
2636 4078 2911 4133 Maxentii
2968 4078 3203 4134 liberati
3259 4079 3468 4136 urbem
3530 4083 3767 4138 coronis

2114 4170 2349 4234 ornant,
2377 4166 2777 4238 victoremque
2817 4170 2966 4225 475
3031 4169 3485 4226 Constantinum
3536 4172 3655 4226 laeti
3704 4173 3766 4227 in

2113 4273 2245 4311 eam
2276 4256 2591 4328 recipiunt,
2634 4274 2753 4313 una
2798 4276 2933 4314 cum
2982 4277 3156 4315 cruce
3206 4261 3464 4317 victoria:
3515 4262 3761 4329 datrice,

2113 4351 2592 4418 servatoremque
2617 4364 2751 4403 cum
2772 4348 2980 4405 faustis
3006 4349 3540 4407 acclamationibus
3559 4352 3764 4425 praedi-

2112 4440 2270 4490 cant.

426 4604 509 4675 [P.
547 4583 696 4675 27!].
720 4583 811 4674 Τῷ
843 4602 883 4671 ζ’
915 4599 1021 4656 ἔτει
1078 4608 1179 4671 τῆς
1236 4598 1516 4677 βασιλείας
1563 4601 1729 4658 αὑτοῦ
1759 4603 1787 4657 ὁ
1821 4605 2001 4679 Μέγας

2184 4614 2446 4687 Septimo
2477 4617 2714 4687 imperii
2745 4619 2834 4674 sui
2866 4636 3023 4675 anno
3056 4606 3297 4693 Magnus
3342 4622 3768 4677 Constantinus

355 4692 762 4753 Κωνσταντῑνος
849 4697 949 4760 τῆς
1007 4692 1230 4764 Ῥώμης
1291 4693 1564 4767 κρατήσας
1622 4693 1728 4767 πρὸ
1786 4695 1999 4749 πάντων

352 4778 419 4833 τὰ
474 4777 703 4853 λείψανα
761 4783 868 4833 τῶν
926 4778 1094 4853 ἁγίων
1180 4779 1471 4856 μαρτύρων
1558 4783 1625 4854 τῇ
1681 4779 1804 4853 ὁσίᾳ
1856 4785 2000 4859 ταφῇ

353 4865 656 4942 παρέδωκε,
717 4869 806 4923 καὶ
864 4868 991 4929 τοὺς
1050 4867 1109 4923 ἐν
1166 4867 1397 4942 ἐξορίαις
1456 4867 1836 4927 ἀνεκαλέσατο,
1898 4873 2001 4926 Καὶ

353 4956 458 5011 ὕπὸ
509 4952 846 5032 Σιλϐἑστρου
904 4961 1000 5011 τοῦ
1060 4957 1359 5013 όσιωτατου
1414 4958 1567 5014 πάπα
1622 4960 1849 5032 Ῥώμης
1910 4963 2002 5035 βα-

352 5048 598 5117 πτίζεται
634 5047 723 5102 καὶ
754 5055 852 5116 τῆς
885 5041 1075 5118 λώϐης
1104 5046 1531 5122 ἐξελευθεροῦται
1563 5048 1750 5121 τρόπῳ
1779 5047 1996 5123 τοιῷδε·

351 5136 448 5199 Εἷς
478 5137 701 5209 Ῥώμην
727 5134 989 5201 εἰσελθὼν
1051 5138 1184 5209 μετᾶ
1229 5138 1326 5204 τήν
1382 5136 1515 5191 κατὰ
1572 5138 1863 5207 Μαξεντίου
1919 5139 1998 5194 νί-

348 5247 454 5296 κην
508 5232 661 5297 ζητεῖ
721 5226 936 5301 ἰατροὺς
1015 5228 1406 5304 θεραπευθῆναι
1472 5234 1571 5297 τῆς
1648 5229 1834 5285 νόσου.
1897 5234 1999 5289 Καὶ

2116 4707 2299 4761 Roma
2324 4707 2523 4779 potius
2554 4708 2703 4763 nihil
2734 4710 3037 4780 antiquius
3054 4710 3262 4765 habuit
3284 4729 3458 4781 quam
3483 4712 3763 4781 reliquias

2110 4802 2452 4851 sanctorum
2483 4804 2812 4869 martyrum
2845 4800 3089 4854 honeste
3123 4800 3374 4871 sepelire
3427 4806 3485 4854 et
3535 4799 3767 4853 exsules

2110 4901 2406 4940 revocare.
2431 4888 2589 4943 Tunc
2614 4887 2791 4944 etiam
2812 4907 2846 4943 a
2872 4888 3148 4944 Silvestro
3174 4888 3546 4943 sanctissimo
3568 4888 3758 4940 Romae

2108 4990 2261 5044 papa
2290 4974 2622 5046 baptizatus
2652 4977 2938 5048 lepraque
2973 4977 3085 5032 hoc
3115 4983 3284 5047 pacto
3331 4976 3615 5031 liberatus
3649 4979 3754 5029 est.

2110 5063 2254 5118 Cum
2282 5064 2431 5118 victo
2464 5066 2756 5120 Maxentio
2790 5068 3035 5121 Romam
3066 5066 3367 5131 intrasset,
3404 5064 3663 5118 medicos
3685 5062 3757 5117 ad

2111 5168 2173 5205 se
2204 5159 2487 5209 convocat
2514 5155 2616 5225 qui
2645 5154 2919 5209 morbum
2947 5155 3336 5225 depellerent.
3383 5154 3527 5207 Ecce
3557 5158 3755 5206 autem

2107 5240 2292 5295 Judaai
2320 5243 2998 5314 quidamimperatorem
3021 5240 3440 5312 accedunt,qui
3456 5242 3751 5297 lavacrum

1535 5359 1898 5417 XYLANDRI
1939 5364 2025 5417 ET
2064 5365 2309 5420 GOARII
2348 5368 2571 5424 NOTAE.

423 5485 535 5556 (78)
570 5487 687 5559 Hoc
720 5502 919 5541 secum
938 5485 1128 5541 felicis
1155 5484 1371 5559 ominis
1393 5483 1714 5559 Galliarum
1746 5502 1996 5559 regnum

336 5558 672 5631 portendit,
705 5559 911 5631 utisibi
969 5563 1043 5631 et,
1074 5558 1374 5631 Ecclesiae
1397 5556 1835 5631 datus_egcoalo‘
1868 5576 1993 5628 rex,

334 5628 507 5687 :sicut
536 5630 691 5685 inter
721 5630 927 5686 fideles
957 5629 1257 5701 principes
1288 5628 1511 5701 primas
1542 5628 1792 5711 obtinet,
1827 5631 1907 5686 ita
1938 5638 1998 5687 et

2108 5490 2564 5567 Christianissimi
2591 5511 2810 5550 nomen
2868 5500 3307 5567 assequeretur,
3340 5510 3616 5567 unusque
3672 5509 3754 5548 sa-

2097 5564 2366 5689 ‘fen‘irgus
2398 5569 2455 5617 et
2484 5565 2856 5622 divinz'ssimus
2904 5564 3040 5638 prae—
3079 5567 3309 5623 caeteris
3354 5566 3756 5639 proclamare-

2131 5650 2220 5689 ur.
2305 5651 2433 5689 osa.

2131 5650 2220 5690 αι’.
2257 5650 2433 5691 bOAR.

3643 348 3761 413 518
3819 378 3833 386 ·
