4194 6198
475 313 590 372 519

1830 307 2148 368 GEORGII
2193 305 2529 367 CEDRENI

3757 301 3880 364 520

477 446 823 503 lactentium
855 461 1175 519 puerorum
1205 443 1490 516 sanguine
1541 442 1776 516 impleri
1823 444 1882 497 in
1938 459 2122 514 eaque

2240 440 2306 511 δή
2342 439 2595 498 Ἰουδαῖοί
2623 464 2764 506 τινες
2795 441 3053 520 ἔρχονται
3083 443 3337 519 λέγοντες
3367 442 3455 496 ὃτι
3484 435 3884 514 κολυμϐήθραν

476 536 637 590 ablui
663 536 962 606 juberent,
997 535 1076 588 ita
1107 534 1270 605 lepra
1290 532 2125 588 liberandum.Conducuntur

474 625 674 694 itaque
705 626 833 695 ejus
864 623 948 677 rei
979 639 1158 677 causa
1187 622 1443 677 infantes
1467 639 1601 676 cum
1619 621 1908 676 matribus
1933 637 1947 686 ;
1976 637 2094 691 qua

480 730 610 766 rum
643 713 922 783 ejulatus,
955 711 1210 765 crinium
1241 711 1600 776 evulsiones,
1647 711 1882 781 aliaque
1924 709 2125 780 qualia

474 802 718 856 intimus
751 802 919 856 dolor
972 802 1313 856 hominibus
1361 803 1656 873 exprimit,
1713 801 1854 871 quid
1902 801 2121 854 referre

472 891 728 945 attinet?
760 891 905 945 Sane
936 891 1355 946 Constantinus
1387 891 1499 945 ista
1516 891 1720 945 videns
1741 891 1864 960 ipse
1886 905 2122 960 quoque

472 978 883 1050 illacrymavit,
918 980 1224 1050 dixitque:
1282 982 1529 1033 Przestat
1577 997 1671 1034 me
1717 978 1911 1032 solum
1966 977 2122 1031 male

473 1068 623 1121 mori
659 1085 836 1138 quam
877 1068 1022 1123 istos
1054 1067 1334 1136 infantes,
1381 1069 1711 1138 praesertim
1761 1067 1986 1120 incerto
2035 1065 2120 1119 rei

475 1158 655 1211 exitu.
692 1158 998 1227 Simulque
1032 1159 1124 1211 bis
1147 1157 1319 1211 dictis
1359 1162 1579 1211 matres
1600 1156 1850 1227 benigne
1875 1155 2121 1209 donatas

476 1247 792 1302 indemnes
825 1247 1071 1300 dimisit.
1106 1249 1230 1300 Mox
1264 1262 1369 1317 per
1409 1244 1772 1300 insomnium
1804 1243 1948 1296 vidit
1975 1243 2122 1298 duos

477 1354 722 1409 magnos
755 1335 890 1390 illos
926 1335 1228 1407 apostolos
1261 1337 1499 1388 Petrum
1530 1340 1589 1388 et
1617 1333 1889 1398 Paulum,
1923 1348 1957 1386 a
1986 1332 2121 1402 qui-

475 1426 585 1480 bus
626 1425 981 1480 monebatur
1035 1425 1122 1478 uti
1172 1423 1335 1478 urbis
1377 1423 1720 1494 episcopum
1779 1421 2121 1475 Silvestrum

474 1514 842 1583 requireret:
880 1513 950 1568 ab
984 1513 1094 1568 hoc
1121 1513 1175 1567 ei
1206 1512 1502 1567 lavacrum
1527 1511 2000 1566 demonstratum
2025 1509 2119 1576 iri,

473 1602 630 1671 quod
674 1608 731 1655 et
771 1602 986 1656 animm
1038 1607 1096 1656 et
1143 1601 1405 1672 corporis
1456 1599 1614 1655 mala
1661 1604 1859 1669 posset
1898 1597 2121 1652 eluere.

480 1690 651 1745 Redit
680 1708 816 1762 ergo
848 1691 1125 1745 Silvester
1153 1691 1419 1756 Romam,
1462 1705 1580 1759 qua
1609 1687 1683 1742 ob
1706 1687 2119 1759 ingravescen-

477 1785 565 1834 tes
607 1780 1050 1850 persecutiones
1109 1779 1496 1844 exsulaverat,
1554 1782 1612 1831 et
1669 1775 2122 1831 Constantinum
2156 1812 2200 1876 Β

475 1869 822 1924 Christianas
857 1868 1160 1939 religionis
1193 1867 1461 1922 doctrina
1505 1865 1740 1932 imbuit,
1801 1871 1978 1934 atque
2024 1863 2121 1918 ba-

471 1959 667 2030 ptizat.
701 1959 808 2022 Qui
864 1974 997 2012 cum
1065 1957 1136 2011 de
1197 1973 1362 2010 sacro
1393 1954 1812 2026 Ladscenderet
1866 1954 2120 2017 lavacro,

476 2047 638 2101 illico
656 2061 906 2116 corpore
930 2046 1058 2115 ejus
1086 2044 1357 2115 quaedam
1389 2059 1666 2114 squamas
1687 2043 1940 2113 piscium
1957 2041 2120 2096 simi-

479 2134 732 2189 litudine
747 2134 1095 2205 attingentia
1109 2134 1260 2188 478
1281 2133 1648 2198 deciderunt,
1669 2132 1896 2202 fuitque
1915 2145 2122 2201 purga-

477 2231 592 2289 tus,
619 2230 675 2277 et
700 2229 852 2277 totus
875 2223 954 2277 ita
975 2222 1233 2276 mundus
1248 2227 1312 2276 ut
1329 2222 1478 2275 solet
1499 2221 1755 2276 mundus
1777 2236 1906 2274 esse
1924 2221 2122 2274 infans

479 2330 689 2368 recens
722 2318 910 2366 natus.
947 2312 1010 2365 1d
1040 2328 1174 2366 cum
1205 2311 1428 2366 videret
1449 2309 1720 2381 populus,
1745 2310 1954 2380 ingens
1971 2307 2123 2363 mul-

472 2401 660 2456 titudo
693 2401 984 2472 baptizata
1015 2406 1124 2466 est,
1158 2406 1334 2470 atque
1359 2399 2120 2472 etiamJCrispusﬁonstan-

481 2491 587 2545 tini
623 2490 802 2545 ﬁlius.

539 2579 646 2645 Qui
678 2584 877 2634 autem
909 2578 1116 2634 dicunt
1142 2578 1592 2633 Constantinum
1641 2582 1828 2632 morte
1879 2575 2120 2630 demum

468 2670 984 2740 appropinquante
1017 2668 1088 2722 ab
1148 2667 1398 2722 Eusebio
1449 2665 1804 2721 Nicomediae
1835 2665 2118 2736 episcopo

469 2759 686 2813 Ariano
719 2757 898 2812 fuisse
932 2756 1287 2810 Nicomediae
1320 2755 1696 2826 baptizatum,
1749 2761 1966 2810 errant.
2023 2756 2117 2808 Di-

471 2851 613 2900 cunt
642 2844 714 2898 ab
756 2860 823 2898 eo
890 2843 1250 2913 baptismum
1311 2843 1583 2903 dilatum,
1641 2841 1800 2911 quod
1854 2848 2121 2912 speraret

473 2950 535 2987 se
569 2933 628 2986 in
657 2931 910 2986 Jordane
938 2931 1293 3002 baptizatum
1326 2931 1417 2986 iri.
1468 2931 1619 2996 Quid
1664 2947 1800 2984 \ero
1847 2931 2119 2986 obstabat

479 3038 585 3076 cur
613 3038 734 3075 non
756 3021 883 3092 jam
915 3025 1037 3074 tum
1060 3021 1121 3074 in
1147 3021 1400 3076 Jordane
1429 3021 1843 3091 baptizaretur,
1895 3037 2027 3074 cum
2061 3025 2120 3075 et

477 3110 774 3164 Galerium
805 3109 867 3163 in
898 3108 1134 3164 Oriente
1175 3109 1503 3163 debellaret
1546 3114 1604 3163 et
1639 3108 1832 3162 denuo
1874 3109 1934 3162 in
1977 3109 2114 3162 Per-

471 3198 620 3252 siam
645 3197 1156 3269 proﬁcisceretur?
1183 3199 1308 3252 Jam
1333 3198 1490 3268 quod
1514 3214 1648 3252 eum
1671 3197 1940 3251 nonnulli
1974 3214 2114 3268 spu-
2147 3166 2189 3232 C

467 3287 620 3342 rium
645 3287 1109 3355 calumniantur,
1139 3294 1421 3342 extremae
1446 3293 1534 3342 est
1554 3288 2119 3358 improbitatis,cum

469 3377 598 3445 ejus
629 3377 807 3448 stirps
840 3377 1224 3447 imperatoria
1255 3377 1433 3431 fuerit
1478 3377 1656 3431 etiam
1705 3383 1841 3431 ante
1894 3375 2118 3431 Diocle-

475 3469 724 3523 tianum.
759 3470 932 3522 Pater
965 3469 1124 3522 enim
1161 3470 1355 3540 magni
1388 3469 1760 3524 Constantini
1809 3468 1921 3522 fuit
1969 3470 2124 3523 Con-

479 3559 770 3626 santinus,
807 3559 930 3614 ﬁlia
952 3559 1180 3613 Claudii
1197 3553 1580 3632 imperatoris
1599 3564 1774 3614 natus
1799 3576 1811 3612 :
1843 3559 1891 3614 is
1917 3577 1984 3614 ex
2000 3559 2123 3630 pri-

475 3663 690 3703 masua
704 3665 881 3703 uxore
912 3648 1135 3703 Helena
1163 3649 1618 3704 Constantinum
1650 3649 1904 3716 sustulit,
1936 3649 2120 3704 veluti

474 3738 804 3794 indicatum
836 3755 870 3794 a
901 3738 1074 3794 nobis
1105 3739 1236 3794 fuit.

546 3828 843 3899 Baptizato
876 3828 1261 3883 Constantino
1319 3830 1475 3883 Deus
1524 3845 1628 3899 per
1674 3829 1911 3884 beatum
1945 3829 2120 3884 Silve-

474 3922 662 3972 strum
697 3933 909 3987 magna
941 3917 1127 3972 edidit
1156 3916 1476 3984 miracula;
1509 3917 1581 3972 de
1605 3917 1820 3987 quibus
1841 3918 2118 3973 omnibus

472 4007 714 4060 unicum
757 4006 1258 4060 commemorabo.
1293 4005 1381 4059 Ad
1414 4005 1803 4061 fundamenta
1845 4006 2117 4077 Capitolii

475 4097 696 4159 Romae,
729 4094 1018 4149 descensu
1049 4093 1340 4165 graduum
1371 4096 1494 4160 365,
1529 4095 1758 4150 inferne
1815 4094 2120 4150 habitabat

471 4183 649 4238 draco
672 4183 937 4253 quidam,
969 4182 1064 4236 cui
1095 4182 1276 4237 Graeci
1310 4183 1576 4253 quotidie
1606 4200 1732 4238 rem
1774 4200 2002 4240 sacram
2030 4185 2118 4238 fa-

473 4271 728 4326 ciebant.
764 4270 1000 4340 Absque
1031 4270 1189 4324 enim
1239 4270 1350 4325 hoc
1410 4275 1584 4337 esset,
1635 4271 1830 4327 subito
1881 4271 2116 4327 irruens

475 4359 696 4413 multos
727 4359 996 4413 lwdebat.
1031 4361 1109 4413 Eo
1142 4359 1420 4414 Silvester
1447 4359 1774 4426 descendit,
1800 4367 1858 4416 et
1880 4363 2117 4416 inventa

471 4447 682 4518 exigua
714 4449 860 4502 477
900 4448 1071 4514 cella,
1105 4466 1236 4520 quae
1290 4449 1462 4504 zereis
1513 4456 1650 4521 apta
1693 4456 1820 4506 erat
1867 4450 2112 4516 foribus,

2229 533 2342 610 χρή
2373 536 2600 596 ποιῆσαι
2639 533 2727 610 ἀφ’
2786 533 3016 607 α’ίματος
3080 531 3402 605 ὑπομαζίων
3466 531 3678 606 βρεφῶν
3711 530 3802 584 καὶ
3832 529 3888 584 ἐν

2230 621 2364 694 αὐτῇ
2423 619 2755 694 λουσάμενον
2811 626 3224 695 καθαρισθῆναι.
3294 620 3627 696 Συνάγονται
3685 617 3778 673 οὖν
3816 619 3885 673 τὰ

2231 709 2402 785 βρέφη
2441 711 2575 782 μετὰ
2623 716 2731 765 τῶν
2791 710 3063 783 μητέρων.
3127 710 3228 765 Καὶ
3281 707 3334 764 τί
3391 705 3474 763 δεῖ
3530 705 3710 782 λέγειν
3752 706 3882 769 τοὺς

2225 803 2332 851 τῶν
2366 799 2614 874 μητέρων
2645 797 2920 875 ὀδυρμοὺς
2976 800 3065 853 καὶ
3123 800 3216 860 τάς
3272 803 3377 853 τῶν
3405 803 3616 874 τριχῶν
3649 795 3887 860 ἐκκοπάς

2225 887 2316 940 καὶ
2372 887 2550 942 τᾶλλα
2610 888 2706 942 ὅσα
2758 894 2874 950 τοῖς
2935 887 2993 942 ἐκ
3049 891 3235 962 ψυχῆς
3297 883 3662 958 ὀδυνωμένοις
3728 884 3884 953 ὲστίς

2225 979 2400 1029 Ταῦτα
2455 973 2582 1030 ἰδὼν
2638 975 2844 1038 ἐκεῖνος
2900 977 2989 1030 καὶ
3048 973 3348 1050 σύνδακρυς
3398 975 3688 1050 γενόμενος
3743 975 3882 1028 sit?

2227 1064 2407 1120 Καλόν
2439 1065 2548 1121 ἐστι
2583 1065 2796 1140 μᾶλλον
2827 1066 2923 1139 ἐμὲ
2958 1067 3123 1140 μόνον
3177 1067 3330 1138 κακῷ
3381 1066 3539 1141 μόρῳ
3598 1065 3886 1127 ἀποθανεῖν

2226 1153 2259 1222 ἢ
2320 1159 2489 1209 ταῦτα
2543 1157 2610 1210 τά
2680 1155 2872 1234 βρέφη.
2933 1155 3114 1210 Ἀλλὰ
3169 1155 3259 1209 καὶ
3311 1154 3392 1214 τίς
3447 1152 3588 1208 οἶδεν
3633 1154 3693 1207 τὸ
3724 1152 3890 1213 τέλος

2227 1243 2418 1298 ὁποῖον
2447 1263 2461 1312 ;
2495 1242 2678 1301 Ταῦτα
2709 1245 2874 1299 εἰπὼν
2916 1245 3004 1298 καὶ
3049 1245 3160 1305 -τὰς
3220 1244 3458 1317 μητέρας
3491 1240 3692 1318 δώροις
3724 1241 3888 1320 φιλοο

2227 1333 2641 1408 φρονησάμενος
2701 1333 2963 1389 ἀπέλυσεν
3029 1333 3080 1387 ἐν
3138 1333 3351 1407 εἷρήνῇ,
3411 1332 3590 1406 Ταύτῃ
3649 1352 3736 1386 τοι
3791 1338 3888 1393 καὶ

2225 1423 2342 1476 κατ’
2372 1423 2496 1496 δναρ
2548 1425 2648 1498 ὁρᾷ
2699 1423 2827 1485 τοὺς
2884 1420 2980 1477 δύο
3043 1421 3313 1496 μεγάλους
3370 1420 3714 1482 ἀποστόλους
3772 1419 3879 1474 1ιέ-

2223 1531 2350 1585 τρον
2379 1513 2469 1567 καὶ
2527 1512 2742 1569 Ηαῦλον
2802 1513 3278 1588 προτρεπομένους
3333 1511 3497 1566 αὐτὸν
3542 1505 3882 1584 Σίλόεστρον

2230 1606 2460 1671 ζητῆσαι
2526 1602 2618 1658 τὸν
2689 1600 2982 1657 ἐπίσκοπον
3067 1608 3167 1668 τῆς
3249 1599 3484 1662 πόλεως·
3555 1598 3654 1654 Καὶ
3722 1597 3885 1660 αὐτὸς

2228 1687 2494 1759 ὑποδείξει
2529 1711 2616 1745 σοι
2645 1686 3044 1764 κολυμϐήθραν
3104 1687 3172 1744 δι’
3227 1691 3294 1758 ἧς
3351 1696 3451 1757 τῆς
3485 1709 3542 1743 τε
3573 1692 3759 1762 ψυχῆς
3788 1687 3887 1748 τὰς

2229 1777 2422 1840 νόσους
2451 1779 2540 1833 καὶ
2588 1780 2690 1834 τοῦ
2749 1781 3004 1852 σώματος
3063 1780 3456 1853 θεραπευθῆσῃ.
3500 1779 3762 1852 Ἔρχεται
3792 1773 3887 1829 οὖν

2233 1870 2261 1922 6
2332 1863 2665 1944 Σίλϐεστρος
2735 1866 2824 1923 διὰ
2887 1870 3014 1930 τοὺς
3080 1867 3456 1941 ἐπικειμένους
3523 1863 3800 1939 διωγμοὺς
3839 1863 3894 1918 έν

2234 1956 2495 2035 φυγαδείᾳ
2561 1957 2760 2025 τελῶν,
2819 1958 2909 2012 καὶ
2975 1958 3219 2031 βαπτίζει
3287 1959 3606 2031 κατηχῆσας
3669 1960 3889 2010 τοῦτον.

2237 2047 2409 2108 Εὐθὺς
2437 2047 2528 2100 οὖν
2573 2047 2678 2101 ἀπὸ
2727 2054 2829 2116 τῆς
2887 2047 3030 2110 Θείας
3085 2041 3483 2120 κολυμϐήθρας
3514 2042 3887 2118 ἀνερχομένου

2231 2141 2326 2190 τοῦ
2358 2135 2764 2191 Κωνσταντίνου
2814 2134 3058 2206 ἐξέπεσον
3117 2135 3224 2190 ἀπὸ
3279 2139 3374 2188 τοῦ
3435 2136 3689 2205 σώματος
3721 2133 3887 2187 αὐτοῦ

2231 2226 2359 2279 ὡσεὶ
2395 2223 2632 2291 λεπίδες,
2667 2225 2755 2279 καὶ
2800 2224 3147 2299 ἐκαθαρίσθη,
3196 2224 3286 2278 καὶ
3330 2226 3541 2299 γέγονεν
3574 2221 3705 2277 ὅλον
3743 2223 3885 2297 ὑγιὲς

2231 2314 2304 2375 ὡς
2335 2313 2626 2388 παιδαρίου
2661 2318 2879 2389 μικροῦ.
2938 2317 3113 2370 Τοῦτο
3171 2311 3379 2374 ῒδὸντες
3423 2313 3473 2366 0i
3506 2310 3632 2367 λαοὶ
3665 2306 3894 2366 ἐϐαπτί-

2233 2413 2430 2472 σθησαν
2465 2400 2703 2476 ἄπειροι,
2752 2403 2841 2456 καὶ
2894 2403 3137 2477 Κρίσπος
3189 2403 3217 2455 6
3277 2402 3391 2463 υἱὸς
3452 2399 3888 2460 Κωνσταντίνου.

2301 2579 2367 2636 Οἳ
2429 2575 2486 2632 δὲ
2557 2577 2802 2654 λέγοντες
2863 2579 2913 2634 ἐν
2971 2576 3316 2652 Νικομηδείᾳ
3369 2579 3505 2632 κατά
3561 2577 3651 2632 τὸν
3713 2578 3887 2633 αὐτοῦ

2231 2667 2458 2731 θάνατον
2495 2669 2856 2741 βαπτισθῆναι
2905 2669 3008 2723 ὑπὸ
3062 2663 3322 2724 Εὐσεῦίου
3373 2672 3474 2722 τοῦ
3501 2664 3887 2738 Νικομηδείας

2227 2761 2323 2811 τοῦ
2383 2759 2662 2831 ’Λρειανοῦ
2718 2754 3022 2830 ψεύδονται.
3097 2759 3234 2811 Φασί
3319 2760 3422 2832 γὰρ
3483 2751 3886 2812 ἀναϐάλλεσθαι

2228 2846 2388 2900 αὐτὸν
2422 2847 2483 2900 τὸ
2519 2846 2799 2920 βάπτισμα
2848 2844 2937 2900 διὰ
2975 2848 3036 2900 τὸ
3095 2843 3336 2915 ἐλπίζειν
3369 2845 3526 2900 αὐτὸν
3561 2843 3610 2899 ἐν
3643 2849 3723 2916 τῷ
3756 2845 3890 2918 Ἰορ-

2229 2933 2359 3011 δάνῃ
2422 2938 2806 3011 βαπτισθῆναι.
2864 2938 2931 2993 Τί
2986 2939 3089 3014 γάρ
3149 2938 3215 3005 ἦν
3272 2935 3419 3008 αὐτῷ
3465 2935 3554 2990 καὶ
3605 2931 3884 3008 ἐμποδὼν,

2227 3028 2320 3082 τὸν
2365 3025 2664 3102 Γαλλέριον
2723 3025 2775 3082 ἐν
2835 3031 2904 3100 τῇ
2961 3026 3232 3099 Ἀνατολῇ
3291 3024 3762 3097 καταπολεμοῦντι
3787 3023 3881 3079 xui

2230 3115 2304 3177 εἷς
2334 3116 2558 3190 Περσίαν
2586 3115 2753 3171 πάλιν
2812 3115 2871 3171 ἐκ
2919 3111 3174 3188 δευτέρου
3220 3114 3540 3182 εἰσελθόντι,
3602 3115 3677 3186 μή
3703 3112 3884 3168 ἀπελ-

2231 3207 2338 3259 θεῖν
2366 3207 2451 3259 xui
2492 3207 2854 3279 βαπτισθῆναι
2913 3204 2965 3259 ἐν
3023 3209 3101 3276 τῷ
3155 3201 3442 3278 Ἰορδάνης
3489 3200 3668 3259 Ἀλλὰ
3696 3202 3785 3256 καὶ
3818 3201 3883 3257 τὸ

2231 3295 2305 3356 ὡς
2352 3297 2510 3359 νόθον
2572 3292 2886 3350 ὃίαϐάλλειν
2945 3296 3104 3350 αὐτὸν
3163 3296 3340 3366 πάσης
3396 3293 3583 3355 κακίας
3617 3291 3879 3349 ἐστίν.’ῐΙ

2230 3385 2333 3461 γάρ
2371 3385 2524 3462 γενεᾶ
2553 3385 2717 3441 αὐτοῦ
2753 3383 3009 3459 βασιλικὴ
3073 3384 3289 3458 ὑπῆρχε
3345 3383 3436 3438 καὶ
3492 3383 3597 3453 πρὸ
3640 3380 3888 3451 Διοκλῆ-

2228 3479 2436 3532 τιανοῦ.
2496 3475 2596 3531 Καὶ
2655 3475 2757 3549 γάρ
2817 3476 2844 3528 6
2902 3476 3084 3548 πατὴρ
3141 3474 3312 3528 αὐτοῦ
3374 3472 3752 3533 Κωνστάντιος
3790 3472 3884 3524 θυ-

2227 3560 2517 3638 γατριδοῦς
2571 3566 2636 3632 ῆν
2699 3561 2968 3618 Κλαυδίου
3022 3567 3120 3618 τοῦ
3183 3559 3474 3637 βασιλέως,
3529 3559 3622 3615 καὶ
3681 3558 3740 3614 έκ
3783 3565 3886 3628 τῆς

2226 3647 2450 3720 Ἑλένης
2480 3653 2579 3719 τῆς
2632 3651 2856 3724 πρώτης
2907 3651 3073 3705 αὑτοῦ
3129 3649 3378 3724 γυναικὸς
3423 3642 3551 3726 ἔσχε
3577 3647 3666 3701 τὸν
3699 3645 3878 3720 Μέγαν

2230 3745 2274 3794 Κ
2283 3745 2664 3807 ωνσταντῖνον,
2697 3740 2875 3801 καθὼς
2905 3737 3178 3794 λέλεκται.

2300 3830 2506 3886 Τούτου
2539 3830 2630 3884 οὗν
2661 3827 3048 3905 βαπτισθέντος
3108 3828 3323 3904 μεγάλα
3379 3826 3650 3899 θαυμάσια
3680 3823 3882 3894 ἐπαίη·

2228 3939 2312 3974 σεν
2343 3921 2371 3973 6
2403 3919 2533 3981 Θεὸς
2565 3916 2655 3973 διὰ
2695 3924 2796 3974 τοῦ
2853 3917 2905 3973 ἐν
2967 3919 3141 3994 άγίοις
3199 3912 3554 3988 Σιλϐέστρου.
3608 3916 3793 3971 Πάντα
3823 3910 3882 3967 δὶ

2225 4008 2414 4084 παρεὶς
2460 4005 2514 4064 ἓν
2569 4009 2732 4082 μόνον
2793 4011 3002 4086 φράσω.
3064 4009 3152 4064 Ἐν
3212 4011 3292 4080 τῷ
3348 4001 3682 4075 Καπιτωλίῳ
3740 4002 3879 4059 Ῥώ-

2227 4119 2358 4171 μης,
2407 4097 2648 4172 βαθμοὺς
2706 4091 2888 4172 ἔχοντι
2947 4095 3286 4172 τριακοσίους
3340 4092 3776 4164 ἑξηκονταπέντε,
3826 4091 3878 4146 ἐν

2224 4190 2293 4258 τῇ
2324 4182 2610 4240 καταδύσει
2642 4191 2748 4241 τῶν
2783 4186 3005 4261 βαθμῶν
3044 4185 3131 4240 καὶ
3191 4189 3299 4239 τῶν
3357 4181 3629 4255 θεμελίων
3664 4177 3879 4255 δράκων

2222 4275 2349 4346 ᾤκει
2391 4277 2478 4348 [Ρ.
2509 4277 2635 4348 2'72]
2660 4273 3075 4348 ιπαμμεγέθης,
3112 4274 3157 4346 ᾧ
3194 4272 3470 4341 ἐθυσίαζον
3500 4272 3617 4334 καθ’
3650 4268 3862 4342 ἡμέραν

2223 4363 2513 4433 Ἕλληνες.
2547 4363 2607 4420 Εἰ
2653 4361 2699 4418 δ’
2727 4365 2812 4434 οὕ,
2869 4362 3016 4419 ἀλλὰ
3065 4363 3313 4438 ἐξαίφνης
3367 4361 3673 4416 ἐπιπίπτων
3737 4357 3881 4412 πολ-

2220 4452 2354 4514 λοὺς
2410 4453 2753 4526 ἐλυμαίνετο.
2815 4455 3020 4510 Ἐκεῖσε
3079 4447 3417 4526 Σίλϐεστρος
3473 4444 3730 4514 καταϐὰς,
3790 4443 3880 4502 καὶ

469 4536 576 4590 has
608 4536 834 4591 obdens
865 4537 927 4590 in
959 4538 1200 4592 nomine
1231 4539 1370 4594 Jesu
1399 4538 1611 4593 Christi
1646 4537 1966 4595 draconem
2021 4539 2110 4594 in-

2232 4542 2467 4597 οἰκίσκον
2532 4543 2725 4618 μικρὸν
2773 4541 2972 4618 ἔχοντα
3020 4539 3197 4604 πύλας
3251 4539 3461 4615 χαλκᾶς
3513 4539 3682 4613 εὑρὼν
3722 4537 3786 4591 οὗ
3816 4538 3881 4604 ῆν

471 4624 724 4680 terfecit.

540 4806 772 4860 Nonum
804 4822 1026 4861 annum
1086 4808 1414 4878 imperante
1464 4806 1870 4870 Constantino,
1920 4807 2124 4860 Metro-

470 4895 700 4965 phanes
725 4913 773 4949 Iv
803 4896 1118 4967 episCOpus
1143 4897 1396 4966 Byzantii
1416 4902 1648 4950 creatus
1679 4901 1788 4950 est.
1824 4895 1953 4949 Haec
1984 4911 2118 4949 cum

466 4982 528 5037 in
549 4983 784 5038 Oriente
810 4985 1196 5040 Maximianus
1226 4985 1492 5039 Galerius
1521 4983 1862 5052 audivisset,
1894 4983 2118 5038 bellum

467 5072 747 5127 adversus
778 5073 1144 5128 Christianos
1173 5074 1372 5128 movit.
1417 5074 1654 5127 Decimo
1685 5089 1841 5128 anno
1885 5073 1974 5127 sui
2007 5073 2121 5128 im—

472 5162 642 5232 perii,
677 5163 1102 5217 Constantinus
1134 5165 1374 5235 Magnus
1407 5167 1466 5216 et
1497 5162 1755 5216 Licinius
1773 5163 1966 5216 Caesar
1987 5179 2120 5217 con-

471 5258 560 5306 tra
592 5253 888 5308 Galerium
933 5271 1098 5310 arma
1154 5261 1526 5327 paraverunt.
1587 5255 1654 5307 Et
1696 5253 2118 5309 Constantinus

466 5339 599 5393 fuso
633 5343 898 5396 exercitu
929 5344 1166 5409 Galerii,
1201 5345 1508 5399 universos
1542 5342 1775 5398 occidit.
1823 5343 1954 5414 Ipse
2004 5345 2119 5398 Ga-

469 5426 651 5480 lerius
679 5430 954 5500 projecto.
977 5431 1331 5502 diademate,
1365 5449 1500 5488 cum
1560 5431 1762 5504 paucis
1811 5429 2117 5487 fidissimis

462 5515 603 5586 fuga
633 5515 890 5586 elapsus,
923 5536 957 5574 a
985 5538 1131 5594 pago
1162 5522 1236 5578 ad
1265 5540 1478 5596 pagum
1512 5521 1817 5589 discurrit,
1843 5521 2121 5578 sacerdo-

469 5610 681 5674 tesque
713 5606 1189 5681 simulacrorum,
1223 5618 1467 5682 mystas,
1497 5616 1656 5666 vates
1707 5614 1767 5664 et
1803 5609 2023 5666 ariolos
2051 5617 2120 5668 ut

2232 4628 2504 4705 ὁδράκων
2572 4632 2789 4694 κλείσας
2855 4633 2951 4692 τὰς
3017 4631 3178 4704 θύρας
3240 4633 3312 4703 τῇ
3368 4627 3655 4697 ἐπικλήσει
3695 4628 3880 4696 Ἰησοῦ

2229 4722 2466 4794 Χριστοῦ
2497 4726 2688 4776 τοῦτον
2720 4720 3014 4778 ἀπέκτεινε.

2300 4814 2383 4881 Τῷ
2414 4817 2455 4874 θ’
2487 4804 2590 4864 ἔτει
2655 4813 2754 4875 τῆς
2824 4808 3106 4884 βασιλείας
3170 4808 3596 4873 Κωνσταντίνου,
3658 4811 3878 4878 Μητρο-

2229 4899 2401 4977 φάνης
2451 4898 2744 4961 ἐπίσκοπος
2801 4901 3098 4968 Βυζαντίου
3161 4898 3203 4954 δ’
3267 4898 3471 4974 γέγονε.
3531 4898 3702 4949 Ταῦτα
3757 4892 3877 4948 τοί-

2226 5009 2317 5042 νυν
2369 4989 2397 5043 ὁ
2439 4989 2770 5060 τῆς“Ἑῲας
2825 4989 3163 5060 Μαξιμιανὸς
3218 4989 3245 5043 ὁ
3302 4983 3608 5056 Καλλέριος
3639 4982 3874 5044 ἀκούσας

2225 5080 2319 5132 τὸν
2349 5079 2485 5132 κατὰ
2538 5082 2876 5153 Χριστιανῶν
2933 5078 3098 5148 ἀνῆκε
3153 5077 3420 5150 πόλεμον.
3475 5077 3562 5131 Ἐν
3593 5077 3672 5144 τῷ
3707 5073 3735 5126 ι’
3767 5069 3873 5127 ἔτει

2224 5174 2326 5235 τῆς
2395 5166 2672 5238 βασιλείας
2739 5167 2906 5222 αὐτοῦ
2975 5168 3002 5222 ὁ
3071 5167 3254 5244 Μέγας
3319 5169 3722 5223 Κωνσταντῖνος
3781 5162 3873 5215 σὺν

2229 5257 2455 5328 Λικινίῳ
2501 5255 2720 5330 Καίσαρι
2753 5257 2888 5312 κατᾶ
2935 5261 3032 5313 τοῦ
3079 5255 3384 5331 Γαλλερίου
3427 5252 3666 5328 ἀθροίζει
3712 5250 3878 5306 πόλε-

2230 5365 2354 5417 μον,
2419 5343 2510 5398 καὶ
2574 5349 2767 5400 τοῦτον
2830 5347 3163 5422 τρεψάμενος
3231 5347 3429 5406 πάντας
3495 5343 3876 5417 κατασφάττει.

2224 5433 2396 5495 Αὐτὸς
2457 5431 2514 5488 δὲ
2581 5435 2608 5488 ὁ
2669 5433 2966 5512 Γαλλέριος
3029 5437 3090 5491 τὸ
3159 5433 3402 5509 διάδημα
3447 5433 3606 5509 ῥίψας
3635 5430 3727 5486 καὶ
3761 5425 3875 5502 μετ’

2228 5521 2433 5599 ὀλίγων
2492 5520 2856 5579 εὐνουστάτων
2919 5521 3143 5600 διάδρὰς
3198 5523 3304 5579 ἀπὸ
3375 5521 3574 5596 κώμης
3632 5519 3707 5580 εἰς
3762 5517 3878 5573 κώ-

2232 5631 2341 5687 μην
2373 5610 2577 5688 ᾢχετο,
2617 5611 2707 5666 καὶ
2732 5612 2860 5678 τοὺς
2885 5613 3052 5688 ἱερεῖς
3107 5615 3216 5669 τῶν
3276 5607 3522 5666 εἰδώλων
3547 5608 3638 5665 καὶ
3674 5607 3878 5681 μύστας
