4194 6198
293 303 408 367 521
1403 301 1951 364 HISTORIARUM

2076 301 2550 365 )MPENDIUM.
3581 312 3700 370 522

279 438 372 493 καὶ
403 436 697 514 προφήτας
737 434 824 488 καὶ
891 435 1110 500 μάντεις
1166 433 1241 492 ὡς
1300 431 1614 497 ἀπατεῶνας
1668 431 1942 510 κατέσφα-

2077 439 2409 505 mpostores
2468 436 2797 492 trucidavit.
2832 439 3154 495 Undecimo
3185 457 3364 510 anno,
3395 459 3529 497 cum
3570 443 3696 513 jam

284 531 386 598 ξεν.
419 527 508 581 Ἐν
541 524 598 578 δὲ
652 528 733 595 τῷ
793 524 858 576 ια’
915 521 1022 578 ἔτει
1093 521 1393 594 μέλλοντος
1451 529 1786 596 κρατηθῆναι
1844 525 1940 575 τοῦ

287 617 641 686 Μαξιμιανοῦ
701 612 805 666 ὑπὸ
851 615 949 666 τοῦ
1007 610 1269 685 Μεγάλου
1328 611 1760 679 Κωνσταντίνου,
1805 631 1942 686 προ-

287 704 536 759 λαόοῦσα
570 701 685 765 θεία
717 701 856 775 ὀργῆ
917 695 1210 755 κατέλαϐεν
1268 700 1448 755 αὐτόν·
1513 701 1647 778 φλὸξ
1677 701 1778 775 γὰρ
1836 699 1941 753 ἀπὸ

283 799 392 848 τῶν
427 791 768 869 σπλάγχνων
803 789 967 844 αὐτοῦ
1025 791 1115 845 καὶ
1169 788 1351 863 μελῶν
1409 790 1699 860 ἀναφθεῖσα
1762 788 1946 867 ἀμφο-

285 883 479 958 τέρους
511 880 638 942 τοὺς
669 878 994 957 ἀφθαλμοὺς
1043 880 1210 935 αὐτοῦ
1265 877 1570 949 ἐκπηδῆσαι
1627 879 1943 949 πεποίηκεν,

294 976 346 1028 αἱ
382 971 441 1028 δὲ
471 973 665 1046 σάρκες
721 969 884 1024 αὐτοῦ
953 974 1199 1023 σαπεῖσαι
1260 974 1367 1023 τῶν
1426 969 1624 1023 ὀστέων
1678 965 1944 1037 ἐξέπεσον,

291 1064 382 1118 καὶ
431 1064 582 1117 οὕτω
642 1057 906 1120 διατεθεὶς
972 1061 1072 1128 τήν
1119 1061 1393 1132 θεομάχον
1451 1058 1616 1113 αὐτοῦ
1683 1056 1948 1132 ἀπέρῥηξε

294 1154 501 1230 ψυχήν.
564 1153 658 1221 Τῷ
720 1149 874 1219 αὐτῷ
933 1145 990 1202 δὲ
1028 1148 1216 1222 τρόπῳ
1273 1148 1364 1202 καὶ
1416 1151 1713 1220 Μαξιμῖνος
1767 1149 1796 1202 6
1851 1151 1948 1200 τοῦ

300 1243 502 1315 μιαροῦ
537 1239 882 1312 μιαρώτατος
913 1237 1050 1304 υἱὸς,
1087 1235 1253 1309 μυρία
1299 1235 1398 1290 ὅσα
1426 1235 1515 1290 καὶ
1573 1233 1781 1309 ἄρῥητα
1815 1237 1949 1290 κατὰ

294 1335 407 1387 τῶν
429 1331 774 1402 Χριστιανῶν
809 1324 1123 1395 ἐπινοήσας,
1154 1325 1542 1398 ἀναριθμήτοις
1581 1330 1768 1386 κακοῖς
1822 1327 1946 1379 ὑπε-

299 1414 512 1487 ϐλήθη,
541 1414 631 1469 καὶ
659 1414 841 1474 νόσοις
871 1413 1020 1486 παρά
1059 1411 1214 1489 φύσιν
1261 1412 1350 1466 καὶ
1404 1411 1643 1487 πληγαῖς
1694 1411 1949 1482 έξαισίαις

297 1501 813 1574 ποινηλατούμενος
843 1501 1078 1574 έξέψυξε,

375 1598 470 1665 Τῷ
532 1594 600 1663 ιβ’
659 1589 765 1646 ἔτει
828 1590 1070 1645 Λικίνιον
1153 1586 1415 1660 διαθήκας
1498 1589 1800 1659 ἀπαιτήσας
1857 1591 1953 1643 τοῦ

307 1681 479 1757 μηδὲν
525 1681 662 1736 κατᾶ
719 1681 1057 1754 Χριστιανῶν
1114 1678 1368 1753 πράττειν
1462 1679 1652 1746 κακὸν,
1727 1676 1953 1753 βασιλέα

303 1770 616 1845 ἀναγορεύει
672 1767 764 1822 καὶ
828 1766 1088 1846 ἀφορίσας
1133 1773 1327 1840 μοῖραν
1383 1773 1482 1835 τῆς
1536 1767 1824 1839 Ῥωμαίων
1852 1773 1953 1840 γῆς

303 1859 549 1916 δίδωσιν.
577 1860 851 1914 Ἐντεῦθεν
912 1857 940 1910 6
1007 1855 1143 1910 κατᾶ
1199 1859 1534 1930 Χριστιανῶν
1580 1856 1769 1933 χάριτι
1826 1859 1958 1909 Θεοῦ

311 1949 579 2004 πέπαυται
609 1944 873 2020 διωγμὸς.
909 1945 1031 2000 Ἐπὶ
1080 1945 1276 1999 τούτου
1331 1950 1428 1999 τοῦ
1484 1945 1730 1998 Λικινίου
1787 1943 1957 2020 ἐμαρ-

305 2038 539 2111 τύρησεν
571 2037 598 2090 6
631 2035 788 2109 ἆγιος
818 2031 1120 2108 Θεόδωρος.

377 2129 472 2197 Τῷ
519 2122 584 2178 ιδ’
649 2121 755 2178 ἔτει
817 2122 1172 2196 μονοκράτωρ
1229 2122 1256 2176 ὁ
1313 2122 1496 2196 Μέγας
1557 2123 1962 2184 Κωνσταντῖνος

304 2215 484 2281 πάσης
540 2215 639 2276 τῆς
697 2211 988 2282 Ῥωμαίων
1048 2216 1153 2284 γῆς
1201 2208 1490 2283 γενόμενος
1567 2213 1737 2262 πᾶσαν
1795 2208 1961 2263 αὑτοῦ

303 2307 404 2374 τήν
438 2297 641 2358 ἔννοιαν
714 2300 791 2362 είς
853 2299 997 2364 θείας
1055 2296 1345 2376 φροντίδας
1401 2301 1716 2374 μετήγαγεν,
1748 2297 1964 2367 ’ἐκκλη-

308 2394 427 2454 σίας
486 2390 775 2466 ἀνεγείρων
843 2389 934 2444 καὶ
998 2387 1306 2468 φιλοτίμως
1371 2389 1564 2450 ταύτας
1631 2387 1960 2456 πλουτίζων.

306 2486 507 2562 Γράφει
539 2481 598 2538 δὲ
629 2483 718 2537 καὶ
765 2488 982 2556 πρῶτον
1010 2483 1196 2554 νόμον,
1237 2480 1364 2544 τοὺς
1394 2486 1503 2535 τῶν
1525 2477 1770 2535 εἰδώλων
1801 2479 1964 2541 ναοὺς

303 2572 664 2638 ἀποδίδοσθαι
734 2579 851 2634 τοῖς
910 2577 991 2643 τῷ
1041 2576 1260 2646 Χριστῷ
1321 2571 1721 2645 ἀφιερωμένοις
1790 2575 1960 2631 ναοῖς’

313 2662 580 2738 δεύτερον,
651 2660 1007 2738 Χριστιανοὺς
1070 2661 1265 2735 μόνους
1339 2659 1720 2734 στρατεύεσθαι
1797 2659 1962 2713 ἐθνῶν

307 2773 365 2807 τε
395 2751 488 2806 καί
519 2748 898 2825 στρατοπέδων
923 2749 1139 2828 ἄρχειν,
1189 2748 1320 2810 τοὺς
1380 2746 1436 2804 δὲ
1495 2747 1848 2822 ἐπιμένοντας
1896 2748 1968 2818 τῇ

311 2839 741 2915 εἰδωλολατρείᾳ
799 2837 1113 2914 κεφαλικῶς
1183 2840 1564 2912 τιμωρεῖσθαι·
1619 2837 1822 2911 τρίτον,
1872 2835 1968 2899 τάς

313 2929 625 2990 πασλαλίας
660 2925 758 2982 δύο
789 2923 1097 3000 ἑϐδομάδας
1149 2927 1458 3000 ἀπράκτους
1514 2924 1716 2996 τελεῖν,
1752 2927 1852 2995 τήν
1909 2944 1968 2978 τε

317 3021 422 3095 πρὸ
445 3016 543 3074 τοῦ
578 3018 772 3092 Πάσχα
799 3017 890 3071 καὶ
917 3017 1017 3080 τήν
1052 3017 1171 3088 μετ’
1199 3014 1387 3085 αὐτήν.
1429 3017 1504 3068 Τά
1539 3011 1596 3069 δὲ
1624 3019 1732 3069 τῶν
1763 3017 1964 3091 πηχῶν

320 3115 417 3178 τῆς
448 3102 760 3168 ἀναϐάσεως
788 3110 884 3161 τοῦ
919 3104 1118 3162 Νείλου
1170 3104 1223 3159 έν
1268 3107 1337 3177 τῇ
1391 3103 1657 3174 ἐκκλησίᾳ
1715 3103 1969 3175 ἐνομοθέ-

315 3219 476 3267 τησεν
500 3195 874 3273 ἀναφέρεσθαι,
906 3195 994 3250 καὶ
1019 3193 1118 3249 οὐκ
1146 3192 1198 3248 ἐν
1231 3198 1310 3263 τῷ
1343 3190 1635 3267 Σαράπιδι,
1658 3192 1732 3255 ὡς
1762 3190 1966 3255 εἷ’θιστο

311 3293 427 3349 τοῖς
468 3285 763 3356 Ἕλλησιν.
793 3283 977 3340 Ἀλλά
1008 3282 1126 3339 δέον
1153 3283 1264 3338 ἐστὶ
1321 3283 1443 3356 περὶ
1501 3290 1602 3352 τῆς
1657 3285 1754 3336 τοῦ
1811 3282 1965 3356 ἁγίου

317 3371 653 3450 Σιλϐέστρου
686 3372 974 3443 διαλέξεως
1008 3373 1169 3447 ὀλίγα
1197 3372 1319 3427 τινὰ
1349 3371 1539 3430 εἰπεῖν.

385 3467 465 3538 [Ρ.
514 3466 640 3536 273]
699 3467 788 3535 Τῷ
846 3460 888 3517 δ’
949 3457 1053 3517 ἔτει
1118 3469 1220 3531 τῆς
1292 3459 1570 3536 βασιλείας
1626 3463 1721 3514 τοῦ
1761 3454 1969 3515 εὐσεϐε-

317 3557 512 3609 στάτου
539 3551 628 3607 καὶ
660 3549 916 3627 Μεγάλου
951 3551 1353 3608 Κωνσταντίνου
1393 3547 1625 3619 διάλεξις
1666 3550 1881 3624 γέγονεν
1915 3547 1968 3603 ἐν

319 3643 516 3715 Ῥώμῃ
551 3643 883 3716 Χριστιανῶν
916 3639 1005 3694 καὶ
1037 3636 1336 3697 Ἰουδαίων.
1381 3639 1482 3694 Καὶ
1542 3642 1648 3692 τῶν
1709 3638 1802 3709 μὲν
1834 3640 1968 3710 Χρι-

320 3735 550 3786 στιανῶν
593 3730 620 3784 6
657 3729 820 3805 μέγας
879 3731 1068 3804 ἠγεῖτο
1130 3723 1458 3802 Σίλϐεστρος
1503 3725 1684 3788 πάπας
1742 3721 1815 3780 ὧν
1868 3731 1970 3794 τῆς

315 3820 561 3892 Ῥώμης,
583 3815 862 3875 Ἰουδαίων
896 3816 954 3872 δὲ
977 3818 1071 3871 σὺν
1101 3815 1296 3878 ἄλλοις
1319 3815 1600 3876 πλείστοις
1630 3816 1969 3888 νομομαθέσι

318 3908 408 3962 καὶ
439 3902 702 3982 Ζαμϐρῆς
736 3907 764 3961 ὀ
801 3908 996 3982 μάγος,
1020 3901 1277 3981 Ἑϐραῖος
1308 3906 1398 3960 καὶ
1453 3904 1610 3978 γόης,
1643 3903 1694 3958 ἐν
1726 3905 1770 3975 ᾧ
1803 3909 1971 3958 πᾶσαν

316 3999 416 4066 τήν
483 3997 810 4066 πεποίθησιν
870 3998 1023 4070 εἶχον
1079 3996 1130 4049 οἱ
1173 3991 1450 4052 Ἰουδαῖοι.
1509 3994 1741 4068 Λέγουσι
1792 3992 1969 4048 τοίνυν

323 4083 604 4142 Ἰουδαῖοι·
668 4084 988 4154 Ἐκλέξασθε
1064 4081 1273 4138 δώδεκα
1336 4083 1715 4157 Χριστιανοὺς,
1776 4083 1972 4144 οἳτινες

326 4174 606 4252 ὀφείλουσι
630 4171 1121 4248 δικαιολογηθῆναι
1144 4173 1375 4245 ἡμῖν.⁹0
1398 4169 1454 4226 δὲ
1476 4173 1625 4246 ἅγιος
1644 4165 1974 4244 Σίλϐεστρος

328 4259 455 4336 ἔφη·
481 4264 672 4335 Ἡμεῖς
723 4263 800 4324 εἶς
831 4265 929 4332 τήν
961 4266 1058 4317 τοῦ
1115 4266 1248 4318 Θεοῦ
1279 4261 1506 4334 δύναμιν
1538 4261 1845 4337 ἀφορῶμεν.
1881 4260 1975 4320 Εἷς

323 4352 428 4426 γάρ
456 4351 597 4406 ἐστιν
633 4351 677 4423 ᾦ
705 4350 959 4426 λέγομεν
984 4352 1215 4406 Ἀνάστα
1246 4351 1274 4404 ὁ
1305 4347 1679 4419 Θεὸς,δίκασον
1704 4346 1973 4418 τῆνδικην

322 4462 438 4495 σου.
473 4443 637 4498 Ὅσον
667 4440 770 4516 γάρ
797 4443 896 4505 τῆς
938 4445 1045 4494 τῶν
1089 4440 1383 4514 ἀνθρώπων
1418 4438 1670 4514 βοηθείας
1722 4437 1977 4512 ὑστερού-

2054 525 2475 580 Constantinus
2507 526 2923 582 Maximianum
2956 535 3113 583 esset
3157 531 3216 585 in
3242 549 3409 586 suam
3441 538 3698 602 potesta-

2053 618 2171 667 tem
2203 613 2568 683 redacturus,
2605 616 2705 669 Dei
2739 617 2826 670 ira
2856 617 3235 688 imperatoris
3265 626 3543 676 conatum
3575 639 3699 676 cor-

2054 701 2326 772 ripiendo
2360 704 2472 757 isto
2502 706 2835 759 antevertit.
2871 706 3136 762 Flamma
3168 710 3329 762 enim
3371 727 3441 765 ex
3472 711 3699 766 intesti-

2053 791 2146 844 nis
2176 791 2483 846 Galleriiet
2512 794 2795 848 membris
2815 799 3363 868 exorta,utrumque
3385 799 3437 853 ei
3461 799 3698 854 oculum

2057 880 2252 935 elisit:
2288 898 2614 953 carnesque
2641 885 2713 938 ab
2779 885 3013 940 ossibus
3070 886 3438 942 deciderunt.
3465 889 3556 944 Sic
3596 889 3699 942 ille

2057 971 2301 1025 affectus
2335 973 2450 1026 Deo
2481 973 2888 1028 adversantem
2911 975 3171 1029 animam
3205 977 3338 1047 egit.
3359 978 3701 1049 Eodemque

2058 1059 2232 1113 modo
2265 1061 2638 1129 Maximinus,
2670 1062 2948 1118 scelerosi
2987 1064 3162 1135 hujus
3213 1065 3704 1122 sceleratissimus

2061 1148 2238 1215 ﬁlius,
2270 1150 2371 1218 qui
2404 1150 2637 1204 inﬁnita
2667 1156 2725 1205 et
2746 1151 3070 1206 ineffabilia
3099 1159 3305 1208 contra
3340 1155 3705 1209 Christianos

2061 1238 2507 1309 excogitaverat,
2523 1239 2852 1294 innumeris
2875 1241 3064 1311 poenis
3095 1242 3420 1312 subjectus,
3455 1244 3708 1296 morbis-

2061 1343 2173 1395 que
2201 1326 2640 1382 innaturalibus
2655 1333 2712 1382 et
2741 1328 3028 1384 inauditis
3059 1330 3313 1386 miseriis
3335 1331 3710 1387 excarniﬁca-

2062 1420 2155 1468 tus
2190 1414 2356 1469 obiit.

2140 1592 2499 1648 Duodecimo
2530 1611 2684 1650 anno
2726 1595 3040 1663 Licinium,
3071 1612 3206 1650 cum
3261 1597 3310 1651 is
3365 1603 3538 1669 pacto
3596 1599 3711 1654 isto

2067 1681 2384 1752 stipulatus
2415 1689 2590 1751 esset,
2623 1683 2772 1738 nihil
2803 1700 2864 1737 se
2895 1689 3100 1738 contra
3130 1684 3494 1741 Christianos
3515 1692 3713 1742 tenta-

1991 1805 2036 1870 Β
2069 1778 2290 1870 turum,
2315 1774 3104 1870 imperator-emdeclaravi—t,
3127 1782 3490 1870 partemque
3521 1776 3576 1830 ei
3599 1780 3714 1870 Ro-

2067 1863 2229 1917 mani
2253 1863 2486 1934 imperii
2518 1862 2804 1932 attribuit,
2833 1864 2999 1919 Tunc
3039 1865 3141 1919 Dei
3172 1865 3464 1920 beneﬁcio
3486 1866 3714 1920 vexatio

2069 1951 2540 2006 Christianorum
2571 1952 2722 2006 478
2783 1953 2952 2012 ﬁnita
3007 1959 3117 2009 est.
3180 1954 3296 2010 Sub
3329 1955 3441 2009 hoc
3490 1954 3714 2010 Licinio

2069 2040 2274 2096 beatus
2295 2040 2632 2095 Theodorus
2664 2045 2888 2113 martyr
2915 2058 3126 2114 passus
3150 2048 3240 2097 est
3259 2043 3642 2114 supplicium.

2137 2131 2310 2183 Anno
2339 2128 2566 2184 decimo
2600 2136 2808 2200 quarto
2840 2132 3423 2198 Constantinus,cum
3438 2132 3722 2204 adipsum

2071 2235 2258 2273 unum
2295 2218 2490 2272 omnis
2549 2218 2782 2289 imperii
2831 2226 3092 2290 potestas
3123 2221 3479 2290 devenisset,
3514 2237 3721 2276 omnes

2072 2323 2208 2361 suas
2239 2307 2623 2378 cogitationes
2654 2307 2727 2361 ad
2758 2325 2954 2363 sacras
3011 2325 3106 2364 res
3165 2311 3471 2377 convertit,
3505 2311 3728 2382 templa

2074 2396 2358 2450 exstruxit
2386 2412 2454 2450 ac
2485 2397 2800 2468 magniﬁce
2853 2397 3079 2453 ditavit.
3116 2399 3272 2452 Tulit
3319 2399 3498 2453 etiam
3543 2399 3724 2467 leges.

2074 2485 2272 2540 Prima
2301 2484 2432 2552 fuit,
2463 2491 2531 2539 ut
2558 2485 2696 2539 fana
2727 2485 3057 2540 simulacris
3112 2492 3457 2541 consecrata
3496 2487 3726 2542 Christo

2075 2573 2362 2628 dedicatis
2389 2573 2626 2644 templis
2656 2573 3373 2630 addicerentur.Secunda
3405 2591 3417 2629 :
3444 2575 3555 2630 soli
3568 2576 3728 2630 Chri-

2073 2663 2249 2717 stiani
2281 2661 3030 2734 militent,nationibusque
3063 2670 3119 2718 et
3149 2664 3505 2719 exercitibus
3535 2665 3729 2736 impe-

2075 2756 2228 2806 rent.
2263 2750 2370 2815 Qui
2402 2751 2462 2804 in
2495 2750 2658 2805 cultu
2713 2751 2999 2806 falsorum
3059 2751 3308 2807 deorum
3366 2759 3728 2824 perseverat,

2077 2837 2266 2908 capite
2299 2836 2608 2908 plectatur.
2632 2837 2855 2892 Tertia:
2889 2855 2994 2909 per
3019 2839 3166 2894 duas
3197 2839 3732 2910 septimanas,qua-

2079 2943 2212 2981 rum
2242 2926 2430 2982 altera
2458 2925 2972 2994 antecedit,altera
3001 2927 3269 2998 sequitur
3301 2928 3545 2995 Pascha,
3563 2929 3726 2984 ferina

2077 3021 2274 3071 sunto.
2333 3017 2664 3070 Mensuram
2695 3033 2932 3087 quoque
2990 3015 3324 3071 cubitorum
3351 3017 3722 3072 ascensionis

2077 3104 2211 3170 Nili,
2237 3105 2417 3175 jussit
2448 3104 2510 3158 in
2545 3105 2829 3175 templum
2877 3105 3108 3172 referri,
3142 3122 3260 3160 non
3308 3109 3399 3174 (ut
3455 3106 3730 3161 solebant

2079 3193 2261 3247 Graeci
2292 3193 2510 3263 facere)
2531 3193 2594 3247 in
2624 3194 2760 3247 fano
2819 3193 3134 3265 Serapidis.
3179 3195 3391 3248 Verum
3434 3195 3545 3250 hoc
3598 3195 3728 3250 loco

2079 3285 2312 3352 oportet
2330 3298 2518 3352 pauca
2549 3281 2820 3352 quaedam
2845 3281 2916 3337 de
2929 3282 3116 3338 sancti
3149 3282 3408 3338 Silvestri
3429 3283 3727 3356 colloquio

2083 3369 2368 3425 inserere.

2151 3462 2358 3512 Annus
2389 3463 2513 3514 erat
2541 3464 2786 3528 quartus
2835 3459 3067 3531 imperii
3112 3461 3483 3516 Constantini
3514 3462 3728 3535 Magni,

2080 3564 2215 3603 cum
2244 3550 2440 3603 Romaa
2459 3548 2615 3602 inter
2638 3549 3001 3604 Christianos
3029 3555 3087 3604 et
3112 3550 3345 3606 Judaaos
3365 3550 3732 3622 colloquium

2079 3636 2210 3691 fuit.
2253 3637 2723 3691 Christianorum
2755 3655 2992 3693 causam
3041 3640 3251 3710 agebat
3308 3640 3582 3695 Silvester
3630 3641 3732 3696 ille

2081 3741 2351 3796 magnus,
2380 3741 2531 3796 papa
2561 3726 3419 3792 Romanus,Judmorum,inter
3439 3729 3729 3800 plurimos

2083 3816 2231 3871 alios
2287 3815 2433 3887 legis
2465 3816 2685 3886 peritos
2715 3816 2991 3872 Zambres
3022 3834 3150 3871 rem
3198 3817 3473 3872 tuebatur
3499 3835 3725 3891 magus,

2083 3905 2322 3960 Ebraaus
2351 3905 2727 3975 impostor,in
2759 3922 2874 3975 quo
2905 3905 3096 3960 Judaai
3118 3922 3356 3960 omnem
3371 3923 3536 3977 spem
3558 3923 3729 3962 suam

2083 3999 2492 4065 reposuerant.
2520 3993 2704 4048 Judaei
2728 4011 2740 4047 :
2774 3994 2980 4067 Eligite
3002 3994 3313 4050 duodecim
3337 3995 3726 4064 Christianos,

2086 4099 2234 4153 quos
2259 4081 2416 4153 apud
2445 4098 2554 4136 nos
2586 4088 2818 4153 oportet
2864 4099 3101 4137 causam
3151 4083 3365 4138 dicere.
3401 4083 3678 4139 Silvester
3713 4099 3725 4136 :

2085 4175 2200 4228 Nos
2230 4173 2302 4228 de
2333 4173 2601 4244 potentia
2631 4173 2732 4228 Dei
2785 4173 3133 4244 pendemur.
3195 4176 3356 4228 Unus
3414 4175 3573 4230 enim
3620 4180 3731 4239 est,

2087 4277 2262 4333 quem
2297 4263 2380 4316 sic
2419 4261 2868 4332 compellamus.
2903 4263 3104 4335 Surge,
3152 4265 3325 4333 Deus,
3386 4269 3445 4317 et
3491 4279 3732 4319 causam

2087 4356 2250 4405 tuam
2272 4366 2491 4405 assere.
2533 4351 2763 4414 Quanto
2797 4352 2955 4405 enim
3013 4352 3200 4424 magis
3258 4351 3430 4406 nobis
3488 4353 3735 4408 humani

2086 4438 2286 4493 auxilii
2322 4437 2506 4506 deest,
2540 4439 2693 4493 479
2727 4444 2891 4494 tanto
2947 4438 3082 4510 plus
3140 4440 3201 4494 in
3257 4439 3456 4495 divino
3515 4440 3735 4496 auxilio

322 4532 477 4602 μεθα,
524 4530 780 4584 τοσοῦτον
838 4533 906 4602 τῇ
963 4533 1060 4584 τοῦ
1119 4533 1250 4582 Θεοῦ
1309 4526 1530 4600 δυνάμει
1587 4526 1963 4600 στηριζόμεθα.

2086 4527 2316 4583 ﬁduciae
2347 4527 2711 4597 reponimus.
2731 4527 2819 4581 Ad
2845 4528 2970 4581 haac
2999 4527 3284 4583 Abiathar
3310 4529 3575 4584 Iudaeus:
3601 4530 3736 4584 Haec

329 4619 472 4694 Πρὸς
503 4622 670 4672 ταῦτα
702 4613 959 4691 Ἀϐιάθαρ
989 4614 1250 4678 Ἰουδαῖος
1307 4610 1430 4694 ἔφη’
1491 4619 1665 4673 Τοῦτο
1721 4617 1783 4670 τὸ
1813 4616 1978 4689 ῥητὸν

329 4709 358 4761 6
393 4708 660 4782 ἡμέτερος
717 4702 818 4783 ἔφη
879 4708 1190 4784 προφήτης.
1250 4706 1353 4764 Καὶ
1385 4707 1412 4760 6
1445 4701 1594 4779 ἅγιος
1627 4701 1974 4781 Σίλϐεστρος·

322 4797 509 4852 Πάντα
569 4798 810 4872 σήμερον
873 4795 1095 4860 ἐνταῦθα
1152 4795 1212 4850 έκ
1265 4801 1374 4850 τῶν
1434 4794 1708 4868 ὓμετέρων
1767 4789 1976 4869 βίϐλων

331 4891 714 4962 προσενεγκεῖν
774 4879 974 4960 ἔχομεν
1031 4886 1152 4940 καθ’
1211 4885 1362 4958 ὑμῶν
1421 4883 1619 4939 αὐτῶν·
1687 4883 1811 4938 τότε
1877 4883 1978 4958 γὰρ

328 4973 564 5050 λαμπρᾶ
593 4975 800 5050 γίνεται
831 4974 980 5044 νίκη,
1012 4973 1137 5029 ’ὁταν
1168 4973 1230 5027 τὸ
1290 4972 1341 5043 ἐξ
1392 4971 1631 5033 ἐναντίας
1692 4969 1855 5046 μέρος
1911 4974 1979 5044 τῇ

326 5069 438 5118 τῶν
471 5063 684 5117 οἰκείων
716 5059 1080 5118 διδασκαλιῶν
1123 5061 1366 5134 αὐθεντίᾳ
1421 5063 1656 5136 ἡττηθῇ.
1698 5063 1755 5118 Ὀ
1818 5061 1980 5136 βασι-

327 5155 455 5217 λεὺς
485 5149 610 5232 ἔφη’
645 5153 796 5224 Αὕτη
831 5152 1012 5210 δικαία
1061 5156 1095 5224 ἡ
1136 5155 1334 5230 κρίσις,
1383 5151 1436 5208 έν
1488 5152 1524 5227 ᾗ
1583 5152 1983 5226 καταναγκάζε-

324 5265 413 5298 ται
438 5243 664 5308 ’ἕκαστος
693 5247 763 5316 τῇ
816 5249 918 5312 τῆς
969 5240 1108 5304 ἰδίας
1169 5240 1454 5317 θρησκείας
1514 5239 1761 5311 αὐθεντίᾳ
1815 5243 1982 5310 ἡττᾶ-

327 5342 471 5395 σθαι.
509 5327 771 5405 Ἀϐιάθαρ
833 5333 972 5386 εἷπε·
1033 5334 1140 5387 Τοῦ
1195 5330 1635 5405 παντοκράτορος
1690 5333 1847 5396 Θεοῦ,
1883 5332 1980 5382 τοῦ

326 5423 624 5498 ἡμετέρου,
653 5420 825 5497 λέγω,
865 5419 987 5494 ἰδίῳ
1018 5421 1248 5496 στόματι
1285 5419 1565 5498 λέγοντος,
1599 5415 1788 5491 Ἴδετε,
1811 5416 1980 5489 ἳδετε,

402 5572 450 5608 ⁵⁴
482 5573 650 5629 Deut.
673 5591 832 5629 xxxii
866 5592 880 5640 ;
914 5575 1023 5628 Isa.
1059 5588 1184 5638 XLV,
1206 5573 1274 5626 46
1289 5573 1516 5642 passim.

572 5691 832 5752 PATROL.
882 5691 992 5751 Gn.
1039 5689 1246 5750 CXXI.

2087 4616 2302 4687 inquit,
2327 4616 2503 4671 verba
2533 4621 2673 4672 sunt
2701 4617 2888 4671 nostri
2911 4617 3076 4672 vatis.
3125 4617 3383 4689 Subjecit
3413 4618 3689 4674 Silvester
3722 4635 3735 4672 :

2089 4708 2203 4760 Nos
2232 4705 2408 4760 hodie
2457 4705 2658 4760 omnia
2688 4723 2818 4777 quae
2858 4706 3136 4762 adversus
3167 4725 3267 4763 vos
3316 4723 3738 4780 proponemus,

2092 4811 2161 4849 ex
2190 4795 2398 4849 vestris
2456 4793 2628 4848 libris
2672 4795 2991 4850 statuimus
3047 4797 3335 4866 proferre.
3367 4799 3527 4850 Tunc
3576 4795 3739 4850 enim

2089 4881 2338 4937 illustris
2365 4887 2454 4936 est
2483 4882 2904 4952 victoria,cum
2937 4884 3181 4940 adversa
3219 4901 3356 4955 pars
3398 4901 3518 4938 sua;
3579 4883 3741 4954 ipso-

2090 4988 2223 5026 rum
2254 4971 2538 5026 doctrina}
2569 4973 2918 5028 auctoritate
2949 4973 3576 5044 vincitur.Imperator
3602 4989 3742 5042 pro-

2090 5061 2386 5117 nuntiavit
2397 5061 2629 5132 justum
2662 5060 2722 5114 id
2776 5078 2904 5116 esse
2962 5061 3260 5133 judicium
3293 5077 3427 5116 cum
3455 5061 3739 5116 alterutra

2091 5169 2228 5224 pars
2260 5167 2380 5206 sum
2431 5167 2610 5220 quam
2669 5152 2982 5222 profitetur
3036 5151 3340 5224 religionis
3388 5153 3738 5207 auctoritate

2091 5241 2319 5312 cogitur
2350 5256 2412 5294 se
2436 5239 2649 5295 victam
2669 5239 3323 5297 ostendere.Abiathar:
3342 5242 3455 5296 Suo
3474 5258 3575 5296 ore
3594 5241 3744 5296 dixit

2092 5329 2471 5400 omnipotens
2500 5335 2704 5384 noster
2735 5331 2890 5385 Deus
2924 5329 3186 5397 :Videte,
3212 5329 3425 5386 videte.
3457 5332 3574 5404 Ego
3606 5347 3738 5386 sum

2092 5421 2264 5485 Deus,
2297 5434 2491 5488 neque
2523 5419 2678 5474 alius
2706 5423 2795 5474 est
2823 5425 3039 5490 praater
3066 5435 3160 5474 me
3173 5420 3328 5475 Deus
3347 5418 3415 5477 ⁶⁴.
3439 5421 3742 5486 Quomodo

3427 5690 3499 5744 i7
