4194 6198
440 331 561 393 5Ω3

1794 320 2115 383 GEORGII
2159 318 2463 381 GEDREN
2474 322 2502 380 Ι

3726 322 3849 381 524

444 482 580 540 ergo
610 464 931 522 Christiani
983 463 1152 518 aiunt
1202 465 1322 516 tres
1380 475 1510 516 esse
1568 456 1924 524 adorandos,
1981 458 2064 513 Pa

2196 454 2422 532 ὃτιέγώ
2451 454 2566 529 εἶμι
2610 455 2761 526 Θεὸς,
2816 456 2907 510 καὶ
2966 455 3065 512 οὐκ
3118 453 3231 511 ἔστι
3286 454 3436 526 πλὴν
3500 454 3659 530 ἐμοῦ,
3725 461 3847 519 πῶς

443 560 597 611 trem
627 555 691 613 in
725 569 903 624 quem
954 557 1015 607 et
1063 566 1174 605 nos
1230 549 1606 615 conﬁdimus,
1646 546 1862 602 Filium
1916 563 2094 618 quem

445 644 707 715 majores
737 639 925 697 nostri
948 640 1011 694 in
1042 652 1268 695 crucem
1298 643 1564 711 egerunt,
1597 653 1665 692 ac
1695 635 1936 692 tertium
1963 635 2094 708 Spi-

441 733 624 788 ritum
657 736 930 786 sanctum
954 730 982 784 ‘2
1010 730 1159 802 Ergo
1190 744 1432 784 necesse
1464 730 1554 783 est
1600 732 1667 783 ut
1721 743 1857 782 cum
1886 726 1975 781 illi
1997 727 2095 797 ju-

437 820 621 877 beant
648 826 766 876 tres
791 818 1048 886 adorari,
1087 819 1249 874 hunc
1270 818 1577 874 offendant
1603 817 1702 889 qui
1753 834 1815 874 se
1846 817 2090 873 unicum

442 926 571 965 esse
602 910 787 965 Deum
820 908 989 963 dixit.
1024 907 1298 964 Silvester
1321 924 1334 962 :
1356 908 1473 964 Nos
1516 907 1760 963 unicum
1794 909 1980 963 Deum
2033 910 2094 960 et

439 998 691 1053 colimus
723 1002 780 1053 et
802 998 1172 1069 proﬁtemur.
1204 998 1406 1067 Neque
1434 1001 1636 1052 tamen
1666 997 1748 1052 ita
1792 995 2090 1051 desertam

435 1103 750 1144 censemus
771 1087 1052 1143 deitatem
1079 1090 1148 1144 ut
1175 1103 1297 1142 non
1318 1085 1534 1142 habeat
1564 1085 1777 1142 Filium
1809 1102 1925 1157 quo
1947 1101 2089 1158 gau-

446 1176 601 1233 deat.
633 1178 759 1231 Jam
785 1175 1000 1230 Filium
1032 1174 1162 1245 ejus
1192 1174 1349 1229 hunc
1379 1191 1511 1230 esse
1550 1174 1828 1241 dicimus,
1861 1174 1934 1229 de
1972 1189 2089 1243 quo

434 1270 596 1321 vates
616 1269 809 1319 vester
848 1264 932 1319 ait
973 1264 1162 1319 Verbo
1214 1264 1447 1319 Domini
1479 1264 1659 1320 coalos
1715 1279 1845 1319 esse
1875 1262 2090 1318 funda-

433 1359 547 1419 tos,
579 1370 941 1424 omnemque
994 1370 1199 1409 eorum
1256 1355 1373 1409 vim
1433 1354 1646 1426 spiritu
1697 1353 1820 1410 oris
1858 1353 1988 1427 ejus
2017 1351 2084 1405 ⁸⁵.

433 1442 600 1498 Ηιιιιο
620 1442 834 1498 Filium
856 1443 1425 1515 appellamus,quem
1451 1443 1607 1515 apud
1620 1448 1811 1499 vatem
1826 1446 2086 1498 vestrum

432 1534 609 1589 Pater
638 1532 724 1588 sic
746 1532 1072 1604 alloquitur
1096 1548 1108 1588 :
1132 1534 1214 1588 Tu
1239 1549 1302 1588 es
1318 1532 1502 1588 Filius
1518 1549 1819 1606 meus,ego
1834 1537 1888 1587 te
1909 1531 2087 1587 hodie

436 1622 616 1693 genui
658 1621 727 1676 ⁸⁸.
759 1622 940 1693 Atqui
993 1623 1147 1677 Deus
1196 1637 1332 1677 cum
1375 1623 1661 1694 temporis
1718 1638 1932 1694 expers
1988 1621 2084 1689 sit,

434 1712 657 1784 quippe
686 1727 755 1767 eo
786 1711 1185 1784 praastantior.
1225 1711 1584 1768 hodiernum
1633 1716 1736 1767 aut
1764 1710 2086 1767 crastinum

2197 546 2350 601 αὐτοὶ
2383 545 2603 623 λέγουσι
2634 549 2781 622 τρεῖς
2839 544 3078 625 ὀφείλειν
3135 545 3572 621 προσκυνεῖσθαι,
3614 545 3847 619 Πατέρα,

2199 633 2386 689 ὅντινα
2413 634 2501 689 καὶ
2534 636 2699 707 ἡμεῖς
2738 634 3204 711 πεπιστεύκαμεν,
3261 635 3408 707 Υἱὸν,
3470 633 3527 691 ὅν
3589 636 3640 689 οἱ
3689 635 3854 690 πατέ-

2200 743 2286 799 ρες
2341 727 2504 797 ἡμῶν
2559 723 2925 798 ἐσταύρωσαν,
2979 727 3166 800 τρίτον
3249 722 3469 798 Πνεῦμα
3533 726 3597 779 τὸ
3648 725 3849 800 ἄγιονς

2195 816 2359 889 Τρεῖς
2424 815 2516 871 οὖν
2573 819 3003 891 προσκυνοῦντες
3068 814 3249 887 τούτῳ
3300 818 3380 887 τῷ
3453 813 3697 889 εἷρηκότι
3755 810 3847 868 ἕνα

2198 904 2364 977 μόνον
2397 904 2532 960 εἶναι
2566 904 2696 960 Θεὸν
2724 904 2775 977 ἕξ
2796 906 3034 979 ἀνάγκης
3062 903 3510 980 προσκρούουσιν.
3568 904 3630 960 Ὀ
3688 903 3844 978 ἅγιος

2196 990 2530 1071 Σίλεεστρος
2561 990 2684 1073 ἔφη·
2715 995 2906 1068 Ἡμεῖς
2932 990 3022 1050 ἕνα
3059 994 3188 1050 Θεὸν
3243 988 3471 1067 σέϐομεν
3507 994 3598 1049 καὶ
3630 993 3841 1067 ὁμολο-

2193 1088 2416 1161 γοῦμεν.
2460 1082 2615 1141 Ἀλλ’
2645 1083 2757 1159 οὐχ
2785 1082 2958 1146 οὕτως
3001 1080 3207 1158 ἔρημον
3259 1084 3423 1138 αὐτοῦ
3475 1083 3577 1152 τὴν
3610 1083 3842 1153 θεότητά

2193 1193 2367 1252 φαμεν
2398 1172 2537 1228 ὥστε
2571 1173 2647 1246 μή
2679 1168 2826 1247 ἔχειν
2871 1170 3204 1249 ἆγαλλίασιν
3255 1173 3403 1228 Υἳοῦ.
3458 1172 3582 1227 Υἱὸν
3633 1170 3693 1227 δὲ
3746 1171 3840 1226 αὖ·

2192 1266 2289 1317 τοῦ
2319 1265 2516 1317 τοῦτον
2575 1261 2814 1337 λέγομεν
2869 1262 2995 1337 περὶ
3044 1261 3107 1316 οὗ
3148 1262 3176 1316 ὸ
3236 1261 3496 1337 ὑμέτερος
3551 1263 3845 1339 προφήτης

2195 1350 2332 1405 εἶπε⁸
2364 1355 2451 1424 Τῷ
2481 1350 2637 1428 λόγῳ
2669 1348 2864 1425 Κυρίου
2904 1351 2957 1405 οἱ
2998 1348 3213 1425 οὐρανοὶ
3270 1347 3692 1424 ἐστερεώθησαν,
3749 1349 3840 1403 καὶ

2192 1443 2272 1512 τῷ
2311 1438 2577 1512 πνεύματι
2632 1442 2731 1496 τοῦ
2788 1440 3061 1513 στόματος
3113 1437 3275 1494 αὐτοῦ
3326 1443 3470 1493 πᾶσα
3515 1440 3550 1508 ἡ
3610 1435 3837 1511 δύναμις

2192 1527 2391 1584 αὐτῶν.
2414 1529 2541 1583 Υἱὸν
2575 1525 2632 1583 δὲ
2663 1526 2866 1583 ἐκεῖνον
2898 1526 3132 1605 λέγομεν
3164 1527 3300 1602 πρὸς
3334 1526 3389 1582 εἰν
3447 1523 3538 1582 διὰ
3574 1531 3675 1581 τοῦ
3707 1527 3839 1600 ὀμε-

2189 1616 2349 1693 τέρου
2381 1619 2668 1692 προφήτου
2699 1617 2727 1673 ὁ
2758 1618 2945 1692 Πατήρ
2978 1618 3083 1692 βοᾷ
3111 1615 3311 1694 λέγων’
3361 1616 3485 1679 Υἱός
3543 1637 3647 1690 μου
3674 1616 3724 1671 εἴ
3754 1615 3836 1670 σύ·

2197 1704 2305 1782 ἐγὼ
2336 1707 2577 1783 σήμερον
2608 1706 2906 1783 γεγέννηκά
2938 1726 3014 1764 σε.
3048 1706 3179 1768 Θεὸς
3209 1703 3268 1760 δὲ
3293 1706 3424 1782 χθές
3453 1703 3543 1761 καὶ
3574 1708 3839 1780 σήμερον,

436 1801 499 1855 in
529 1818 592 1856 se
624 1801 777 1856 nihil
808 1801 1007 1857 habet.
1041 1801 1166 1867 Quo
1206 1801 1524 1857 conﬁcitur
1555 1806 1613 1856 et
1639 1800 1853 1856 Filium
1888 1804 1946 1855 et
1974 1800 2067 1854 Pa‘

2193 1794 2295 1850 οὐκ
2323 1791 2439 1868 ἔχει
2468 1792 2849 1864 τέλος,έπειδή
2884 1792 3223 1870 ὑπὲρχρονός
3250 1792 3414 1850 ἐστιν.
3448 1795 3724 1870 Ἀναρχος
3748 1793 3839 1849 οὖν

430 1895 580 1945 trem
612 1907 870 1962 quoque,
913 1891 1041 1945 sine
1074 1890 1230 1946 480
1275 1890 1567 1962 principio
1607 1907 1757 1946 esse.
1791 1889 1880 1946 Ad
1902 1904 2079 1960 quem

432 1980 594 2035 enim
625 1979 792 2050 dixit,
823 1980 1122 2035 Faciamus
1170 1980 1473 2035 hominem
1532 1979 1607 2036 ad
1655 1980 1975 2053 imaginem
2024 1983 2079 2033 et

432 2069 886 2124 similitudinem
898 2074 1165 2124 nostram
1183 2070 1226 2105 ⁸⁷
1248 2069 1277 2123 ?
1297 2069 1444 2125 Nam
1489 2069 1538 2124 si
1571 2068 1818 2124 dixisset
1847 2068 2080 2124 Faciam

428 2157 735 2214 hominem
792 2158 864 2213 ad
921 2159 1243 2231 imaginem
1287 2164 1346 2213 et
1373 2157 1831 2214 similitudinem
1861 2174 2077 2227 meam,

424 2250 658 2318 poterat
681 2246 865 2302 videri
894 2247 1189 2303 unitatem
1219 2262 1387 2303 suam
1410 2247 1679 2302 innuere.
1704 2247 1849 2303 Cum
1880 2252 2079 2303 autem

421 2332 611 2390 dixit:
652 2334 988 2390 Secundum
1046 2338 1312 2391 nostram
1360 2334 1707 2407 imaginem,
1765 2335 2076 2406 perspicue

421 2421 637 2478 Filium
667 2438 925 2495 eumque
957 2422 1069 2478 sibi
1093 2423 1385 2496 aqualem
1417 2423 2076 2479 indicat.Nihilenimse

414 2512 611 2581 majus
626 2513 895 2584 accipere
912 2517 1128 2585 potest,
1147 2529 1281 2569 cum
1296 2512 1722 2586 magnitudinis
1737 2512 2075 2569 incremen-

414 2608 543 2657 tum
574 2617 697 2658 non
727 2601 1041 2669 admittat;
1077 2618 1144 2658 ac
1174 2619 1249 2658 ne
1301 2604 1501 2658 minus
1549 2601 1792 2673 quidem
1844 2601 2072 2674 aliquid

418 2691 676 2747 asciscit.
712 2691 856 2746 Babi
887 2692 1063 2748 Jonas
1090 2708 1103 2745 :
1132 2692 1417 2746 Humana:
1445 2690 1890 2747 ratiocinationi
1948 2708 2073 2747 non

421 2784 513 2835 est
531 2779 872 2835 adhibenda
901 2779 1321 2845 ﬁdes.Qualem
1344 2779 1506 2834 enim
1525 2780 1790 2836 consulit
1805 2796 1873 2835 ea
1884 2782 2070 2836 Deum

2194 1884 2451 1959 ὑπᾶρχεν
2484 1883 2721 1960 ἄναρχος
2752 1882 2855 1957 ἄρα
2883 1885 2975 1939 καὶ
3033 1885 3061 1939 ὁ
3122 1886 3327 1959 Πατήρ.
3372 1883 3522 1940 Ἐπεὶ
3559 1883 3665 1938 τίνι
3696 1884 3835 1939 εἶπ’

2187 1975 2516 2047 Ποιήσωμεν
2544 1970 2828 2047 ἄνθρωπον
2860 1973 2976 2028 κατ’
3007 1972 3187 2029 εἰκόνα
3241 1974 3331 2028 καὶ
3389 1974 3511 2029 καθ’
3569 1972 3834 2046 ὁμοίωσιν

2184 2062 2456 2136 ἡμετέραν
2482 2081 2495 2130 ;
2530 2063 2596 2119 Εἴ
2621 2063 2723 2138 γὰρ
2741 2060 2948 2135 ε’ίρηκε,
2970 2063 3195 2134 Ποιήσω
3224 2059 3831 2137 ἄνθρωπονκατέἷκόνα

2181 2151 2272 2206 καὶ
2302 2153 2423 2206 καθ’
2453 2149 2722 2225 ὁμοίωσιν
2751 2150 2916 2224 έμήν,
2938 2147 3112 2206 ἐδόκει
3143 2150 3204 2207 ἄν
3234 2152 3406 2221 τὸτῆς
3421 2151 3833 2225 μονότητοςαύ·

2179 2240 2277 2295 τοῦ
2308 2240 2613 2316 σημαίνειν.
2647 2241 2725 2299 Τὸ
2759 2237 2838 2311 δὲ,
2868 2241 2992 2296 Κατ’
3019 2239 3200 2296 εἰκόνα
3259 2240 3349 2296 καὶ
3399 2242 3665 2314 ὁμοίωσιν
3691 2243 3834 2315 ἡμε-

2179 2330 2355 2403 τέραν,
2388 2334 2571 2409 σαφῶς
2601 2330 2693 2386 καὶ
2725 2330 2814 2386 τὸν
2847 2330 2971 2385 Υἱὸν
3003 2330 3092 2385 καὶ
3122 2331 3222 2400 τήν
3264 2328 3489 2402 ἰσότητα
3543 2329 3831 2404 ἐσήμανεν.

2179 2417 2252 2474 Οὐ
2279 2418 2382 2496 γὰρ
2417 2419 2604 2492 μεῖζόν
2634 2441 2687 2475 τι
2717 2413 3050 2494 προσλαϐεῖν
3083 2415 3325 2491 δύναται,
3358 2416 3545 2489 ἐπειδὴ
3605 2418 3831 2488 ἡλικίας

2177 2505 2397 2582 αὔξησιν
2455 2506 2774 2577 οὔκδοῖδεν·
2844 2507 3140 2565 ἐλάττωσιν
3198 2506 3365 2565 πάλιν
3439 2508 3501 2563 οὗ
3584 2505 3825 2585 δέχεται.

2178 2599 2363 2662 Ἰωνᾶς
2419 2595 2575 2674 ῥαϐἷς
2636 2602 2809 2655 εἶπενο
2874 2598 3231 2675 ’Δνθρωπίνῳ
3261 2600 3346 2673 [Ρ.
3397 2601 3523 2674 274]
3563 2597 3825 2675 λογισμῷ

2177 2688 2277 2744 οὐκ
2331 2687 2443 2745 ἔστι
2503 2687 2692 2746 δεκτέα
2741 2691 2776 2760 ἡ
2825 2688 3027 2752 πίστις.
3070 2694 3234 2745 Ποῖον
3282 2690 3384 2765 γὰρ
3418 2690 3546 2745 Θεὸν
3579 2684 3825 2764 συμϐου-

2176 2775 2324 2834 λεύει
2357 2777 2516 2842 οὗτος
2563 2786 2935 2849 πιστευθῆναι,
2990 2778 3047 2834 δν
3092 2781 3183 2833 καὶ
3239 2782 3473 2854 Πατέρα,
3531 2778 3621 2833 καὶ
3672 2779 3821 2848 Υἱὸν,

4180 1829 4183 1979 ί

416 2871 602 2938 credi,
635 2871 738 2941 qui
769 2875 825 2925 et
853 2872 1030 2926 Pater
1087 2870 1319 2926 dicatur
1376 2874 1435 2926 et
1461 2870 1644 2926 Filius
1675 2876 1734 2926 et
1765 2871 2015 2942 Spiritus
2043 2872 2067 2926 ‘l

2174 2867 2260 2923 καὶ
2292 2873 2514 2942 Πνεῦμα
2543 2870 2701 2945 ἃγιον
2734 2868 3001 2947 ὁμολογεῖ
3031 2869 3129 2938 ςὈ
3160 2864 3313 2944 ἅγιος
3346 2864 3819 2951 Σίλόεστροςέφη·

420 2957 728 3013 Silvester:
749 2959 895 3014 Cum
910 2958 973 3014 in
996 2959 1181 3015 sacris
1197 2958 1429 3015 Litteris
1442 2958 1591 3032 legis
1620 2959 1691 3015 de
1707 2962 1876 3015 Patre
1896 2976 2067 3014 suum

2174 2960 2339 3015 Ὅταν
2371 2956 2611 3033 ἂναγνῷς
2638 2957 2690 3015 έν
2718 2965 2837 3022 ταῖς
2867 2955 3094 3021 Βίϐλοις
3140 2958 3265 3036 περὶ
3326 2960 3418 3032 μὲν
3457 2963 3553 3014 τοῦ
3585 2960 3820 3033 Πατρὸς,

414 3045 629 3102 Filium
647 3046 1065 3119 compellante.
1098 3047 1277 3102 Filius
1302 3063 1473 3103 meus
1503 3064 1567 3103 es
1598 3053 1661 3103 tu
1688 3047 1753 3102 ⁸⁸.
1781 3049 1850 3103 Et
1879 3046 2021 3103 alibi
2051 3064 2064 3104 :

2174 3044 2327 3114 ἡνίκα
2356 3043 2504 3122 λέγει
2535 3046 2658 3122 περὶ
2695 3052 2791 3104 τοῦ
2822 3044 2963 3103 ΐδίου
3018 3047 3168 3103 Υἳοῦ’
3228 3047 3354 3109 Υἱός
3406 3069 3510 3122 μου
3563 3048 3615 3102 εἴ
3644 3046 3728 3117 σὺ,
3757 3048 3814 3100 ὂ-

415 3138 471 3191 ls
492 3152 587 3192 me
616 3138 851 3192 Patrem
884 3152 1057 3194 suum
1096 3136 1394 3193 invocabit
1421 3137 1487 3206 ‘9,
1512 3142 1653 3193 tunc
1683 3138 1921 3194 evidens
1952 3138 2059 3193 tibi

2175 3135 2349 3207 μοίως
2380 3132 2437 3191 δὲ
2466 3135 2555 3191 καὶ
2582 3135 2634 3192 έν
2667 3134 2834 3214 ἑτέρῳ
2862 3139 3040 3211 τόπῳ,
3070 3135 3245 3199 Αὐτὸς
3299 3133 3678 3192 ἐπικαλέσεταί
3729 3157 3818 3210 με,

414 3226 517 3281 flet
543 3226 701 3298 quod
732 3225 1007 3298 dicimus,
1040 3243 1233 3298 neque
1265 3226 1778 3299 suspicaberisnos
1800 3228 1872 3283 de
1893 3245 2062 3284 sacra

2174 3225 2362 3299 Πατήρ
2395 3245 2501 3299 μου
2551 3226 2598 3279 εἴ
2639 3222 2723 3296 σὺ,
2781 3224 2905 3280 τότε
2962 3224 3082 3300 εἳσῃ
3140 3229 3324 3302 σαφῶς
3376 3224 3439 3279 τὸ
3497 3222 3816 3301 λεγόμενον,

411 3314 697 3371 Trinitate
744 3315 973 3387 aliquid
1030 3316 1165 3370 novi
1212 3314 1427 3371 dicere.
1478 3316 1557 3371 De
1616 3316 1838 3388 Spiritu
1867 3322 2066 3373 autem

2174 3311 2436 3369 καὶούδέν
2493 3314 2639 3385 ξένον
2698 3313 2820 3389 περὶ
2875 3317 2973 3384 τῆς
3032 3315 3188 3389 ἁγίας
3247 3312 3483 3389 Τριάδος
3528 3309 3816 3388 ὑπολάϐῃς

410 3409 637 3474 sancto,
669 3420 907 3460 rursum
937 3402 1074 3459 audi
1104 3409 1294 3461 vatem
1325 3409 1493 3460 tuum
1520 3404 1676 3460 inter
1703 3406 2067 3477 precandum

2174 3401 2336 3474 λέξειν
2370 3406 2541 3477 ἡμᾶς.
2600 3402 2729 3477 Περὶ
2797 3401 2853 3459 δὲ
2916 3409 3011 3459 τοῦ
3069 3403 3228 3479 ἁγίου
3281 3403 3591 3480 Πνεῦματος
3653 3401 3816 3459 ἄκουε

410 3491 497 3547 sic
526 3491 845 3557 dicentem,
872 3493 1158 3565 Spiritum
1190 3498 1357 3548 tuum
1388 3500 1661 3549 sanctum
1717 3510 1794 3549 ne
1828 3495 2064 3551 auferas

2174 3490 2331 3547 πάλιν
2362 3496 2458 3548 τοῦ
2486 3495 2777 3571 προφήτου
2808 3513 2902 3547 σου
2942 3490 3199 3567 λέγοντος
3232 3491 3321 3547 καὶ
3373 3491 3695 3569 εὐχομένου·
3737 3493 3814 3549 Τὸ

408 3596 443 3636 a
472 3596 566 3635 me
594 3579 663 3636 το.
695 3581 765 3635 Et
797 3580 939 3636 alibi
967 3597 982 3635 :
1014 3581 1236 3653 Spiritu
1261 3582 1378 3637 oris
1410 3580 1541 3653 ejus
1580 3582 1775 3638 omnis
1822 3583 2063 3639 illorum

2174 3582 2387 3655 Πνεῦμά
2410 3602 2506 3636 σου
2536 3581 2598 3637 τὸ
2651 3583 2803 3657 ἅγιον
2865 3582 2940 3655 μὴ
3001 3578 3295 3655 ἀντανέλῃς
3352 3581 3443 3635 ἀπ’
3499 3580 3653 3654 ἐμοῦ.
3717 3581 3817 3635 Καὶ

404 3668 491 3724 vis
509 3666 576 3725 ’⁷ι.
605 3670 896 3741 Loquitur
914 3674 1113 3726 autem
1154 3669 1225 3727 de
1270 3670 1663 3742 potestatibus
1695 3671 2058 3728 coalestibus.

409 3754 836 3814 Constantinus
867 3761 1166 3831 Augustus
1199 3758 1571 3815 dixit:Miror
1586 3760 1925 3817 Judaaorum
1958 3762 2064 3816 im-

406 3845 780 3918 pudentiam,
804 3848 903 3919 qui
927 3848 1132 3904 multis
1154 3848 1346 3904 modis
1374 3865 1443 3904 ex
1471 3848 1747 3905 universa
1774 3867 1882 3907 sua
1903 3851 2059 3906 Scri-

408 3941 582 4008 ptura
608 3938 881 4009 convicti,
918 3943 1117 3994 tamen
1157 3938 1352 3994 adhuc
1381 3945 1586 3995 contra
1622 3941 1928 3997 veritatem
1959 3941 2062 3996 ali-

405 4024 548 4097 quid
560 4027 766 4083 volunt
775 4028 1126 4098 conquirere
1136 4027 1411 4084 .Proinde
1425 4029 1566 4099 quia
1584 4028 1656 4083 de
1669 4030 1861 4099 Patre,
1886 4030 2054 4097 Filio,

402 4120 463 4171 et
491 4116 714 4187 Spiritu
739 4122 942 4173 sancto
965 4116 1325 4173 satisfactum
1362 4122 1470 4185 est,
1504 4117 1827 4189 proferant,
1862 4119 1910 4174 si
1939 4136 2056 4191 qua

399 4204 642 4275 habent,
666 4205 803 4261 alia.
832 4204 1101 4262 Codolias
1142 4206 1380 4262 Judaeus
1413 4222 1429 4261 :
1460 4207 1596 4274 Nos,
1631 4207 1846 4278 inquit,
1881 4207 1952 4263 de
1981 4226 2049 4265 eo

395 4292 720 4363 loquimur,
754 4294 856 4366 qui
914 4299 1090 4351 natus
1145 4295 1278 4363 fuit,
1333 4294 1458 4366 qui,
1508 4300 1576 4350 ut
1630 4295 1692 4351 in
1732 4297 1864 4369 ejus
1892 4297 2039 4354 481

394 4381 726 4454 Evangeliis
749 4382 1124 4453 describitur,
1160 4388 1386 4439 statura
1410 4389 1469 4439 et
1493 4384 1786 4459 sapientia
1815 4388 1995 4443 crevit
2031 4403 2046 4455 ;

395 4469 496 4539 qui
528 4485 563 4525 a
601 4469 838 4526 diabolo
868 4476 1380 4544 tentatus,postea
1408 4475 1693 4545 temporis
1712 4492 1747 4531 a
1778 4493 1883 4532 suo
1908 4494 2046 4549 pro-

2166 3667 2335 3725 πάλιν
2368 3671 2396 3726 ὸ
2428 3670 2610 3734 αὐτός’
2646 3672 2740 3728 Καὶ
2773 3675 2854 3743 τῷ
2887 3669 3155 3745 πνεύματι
3187 3672 3286 3724 τοῦ
3318 3669 3595 3744 στόματος
3653 3669 3817 3725 αὐτοῦ

2163 3764 2307 3814 πᾶσα
2362 3762 2396 3830 ἠ
2474 3757 2699 3833 δύναμις
2757 3759 2931 3815 αὐτῶν
2966 3804 2980 3830 ,
3054 3759 3299 3815 τουτέστι
3356 3763 3466 3815 τῶν
3552 3756 3815 3835 οὐρανίων

2164 3848 2462 3923 δυνάμεων.
2515 3851 2918 3911 Κωνοταντῖνος
2977 3848 3289 3923 Αὔγουστος
3329 3848 3469 3903 εἶπε·
3537 3848 3813 3921 Θαυμάζω

2161 3942 2268 3992 τῶν
2303 3935 2580 3995 Ἰουδαίων
2609 3937 2671 3993 τὸ
2701 3937 3079 4014 ἀναίσχυντον·
3140 3937 3246 3992 ἀπὸ
3300 3941 3490 3992 πασῶν
3541 3937 3647 4013 γὰρ
3701 3941 3811 3992 τῶν

2162 4025 2378 4082 οῗκείων
2460 4031 2683 4104 Γραφῶν
2768 4026 3131 4102 πολυτρόπως
3213 4025 3523 4099 ἡττώμενοι
3629 4025 3816 4100 ἀκμὴν

2162 4114 2381 4179 θέλουσί
2434 4136 2554 4171 τινα
2609 4116 2745 4171 κατᾶ
2821 4123 2923 4186 τῆς
2979 4113 3241 4186 ἀληθείας
3306 4114 3603 4186 ἐπιζητεῖν.
3652 4116 3813 4173 ’Ὀθεν

2159 4205 2274 4262 ἐπεὶ
2305 4205 2554 4281 περὶτοῦ
2586 4205 2816 4279 Πατρὸς,
2846 4206 2937 4260 καί
2994 4203 3093 4259 τοῦ
3149 4204 3302 4275 Υἱοῦ,
3352 4203 3441 4259 καὶ
3498 4206 3596 4259 τοῦ
3654 4204 3811 4280 ἁγίου

2157 4297 2468 4371 Πνεόματος
2506 4295 2569 4349 τὸ
2617 4294 2798 4349 ἱκανὸν
2855 4292 3091 4371 γέγονεν,
3143 4291 3196 4349 εἷ’
3247 4314 3301 4349 τι
3350 4292 3509 4366 ἓτερά
3564 4292 3667 4347 εἰσι
3699 4291 3811 4347 δει-

2156 4386 2304 4457 κτέα,
2361 4382 2866 4462 προσφερέσθωσαν,
2944 4379 3211 4445 Γοδυλίας
3295 4379 3563 4442 Ἰουδαῖος
3634 4383 3805 4438 εἶπεν·

2150 4481 2339 4551 Ἡμεῖς
2368 4475 2491 4550 περῖ
2544 4473 2750 4531 ἐκείνου
2809 4472 3041 4551 λέγομεν
3083 4477 3180 4529 τοῦ
3233 4471 3542 4549 τεχθέντος,
3601 4476 3699 4527 τοῦ
3758 4472 3812 4528 ἐν

394 4557 554 4614 ditus
587 4557 902 4631 discipulo,
938 4542 1209 4629 traditus,
1243 4566 1471 4635 captus,
1505 4542 1738 4632 illusus,
1780 4542 2043 4639 flagella-

2174 4542 2269 4628 ῖοῖς
2322 4542 2678 4639 Εὔαγγελίοις
2738 4542 2901 4619 αὐτοίξ
2949 4542 3436 4640 ’ἀναγεγραμμένου
3513 4558 3807 4633 ηὔξηκέναι

394 4652 513 4716 tus,
542 4647 680 4704 felle
700 4648 944 4705 mistum
976 4655 1209 4706 acetum
1229 4652 1685 4724 potatus,spinis
1706 4661 2040 4724 coronatus,

393 4737 674 4807 nudatus,
710 4738 977 4795 vestibus
1031 4739 1153 4795 suis
1204 4744 1360 4795 sorte
1391 4739 1615 4801 divisis.
1670 4741 1797 4812 ipse
1855 4744 2045 4798 cruci-

393 4828 569 4899 fixus,
602 4834 875 4885 mortuus
914 4834 973 4885 et
1021 4829 1288 4903 sepultus
1340 4835 1446 4886 est.
1500 4830 1778 4886 Silvester
1810 4848 1824 4885 :
1858 4832 2041 4890 Hodie

393 4917 942 4975 demonstrabimus
970 4920 1097 4976 hmo
1128 4937 1164 4977 a
1199 4920 1429 4976 vatibus
1461 4921 1532 4976 de
1578 4920 1809 4976 Christo
1841 4924 2043 4980 omnia

390 5024 518 5063 esse
552 5008 836 5081 praedicta
865 5026 933 5066 ac
962 5011 1328 5082 prmscripta.
1372 5011 1453 5065 De
1485 5010 1789 5065 nativitate
1821 5011 2041 5068 Christi

386 5097 590 5154 Isaias.
624 5100 770 5155 Ecce
802 5098 974 5172 Virgo
1000 5105 1236 5155 uterum
1286 5099 1456 5167 feret,
1490 5103 1549 5154 et
1604 5098 1790 5154 ﬁlium
1821 5101 2036 5172 pariet,

384 5187 554 5258 cujus
583 5204 803 5244 nomen
832 5186 1065 5244 dicetur
1114 5186 1470 5243 Emmanuel
1524 5187 1588 5245 τ’.
1638 5187 1805 5255 Quod
1836 5194 2039 5245 autem

380 5273 541 5330 inter
567 5277 841 5333 homines
895 5276 1076 5333 fuerit
1103 5281 1463 5346 versaturus,
1512 5275 1651 5332 audi
1702 5277 2037 5336 Baruchum

380 5365 949 5424 vaticinantem.Hic
979 5373 1067 5425 est
1090 5369 1244 5425 Deus
1272 5372 1498 5440 noster,
1530 5384 1725 5440 neque
1754 5370 1910 5427 alius
1941 5388 2037 5428 re-

2149 4677 2209 4712 τε
2267 4653 2462 4726 ἡλικίᾳ
2513 4653 2603 4708 καὶ
2662 4653 2843 4731 σοφίᾳ,
2921 4652 3010 4707 καὶ
3068 4651 3441 4727 πειρτσθέντος
3496 4651 3642 4727 παρᾶ
3707 4655 3806 4707 τοῦ

2153 4739 2439 4813 διαϐόλου,
2475 4741 2608 4817 μετὰ
2641 4738 2697 4796 δὲ
2724 4745 2891 4796 ταῦτα
2947 4739 3243 4816 πραθέντος
3274 4739 3419 4816 παρά
3462 4744 3559 4796 τοῦ
3589 4738 3798 4795 οἰκείου

2155 4836 2401 4907 μαθητοῦ
2435 4876 2451 4904 ,
2525 4825 2967 4907 παραδοθέντος,
3030 4828 3408 4905 κρατηθέντος,
3467 4826 3803 4907 ἐμπαιχθέν-

2149 4944 2267 4994 τος,
2328 4920 2817 5003 φραγελωθέντος,
2870 4918 3051 4998 χολὴν
3115 4917 3209 4973 σὺν
3264 4917 3372 4989 ὄξει
3428 4916 3801 4991 ποτισθέντος,

2151 5012 2407 5076 ἀκάνθαις
2469 5009 2898 5089 στεφανωθέντος
2960 5008 3053 5062 καὶ
3109 5007 3508 5084 γυμνωθέντος,
3557 5006 3648 5062 καὶ
3701 5012 3803 5076 τῆς

2149 5101 2314 5158 αὑτοῦ
2345 5099 2571 5170 ἐσθῆτος
2604 5098 2658 5155 ἐν
2688 5098 2884 5173 κλήρῳ
2943 5094 3194 5169 δοθείσης
3251 5098 3340 5153 ἐπὶ
3393 5100 3625 5172 σταυροῦ⁸
3684 5118 3801 5153 πα-

2149 5191 2357 5267 γέντος,
2389 5186 2760 5251 ἀποθανόντος
2788 5187 2875 5241 καὶ
2934 5181 3210 5262 ταφέντος.
3267 5187 3328 5245 Ὀ
3384 5187 3539 5262 ἃγιος
3595 5180 3800 5242 Σίλϐε-

2152 5298 2312 5355 στρος
2337 5273 2462 5357 ἔφη’
2496 5278 2681 5333 Ταῦτα
2737 5275 2914 5331 πάντα
2963 5274 3037 5340 ὡς
3091 5273 3547 5355 προκηρυχθέντα
3591 5272 3797 5352 ἐγράφη

2149 5367 2275 5443 περὶ
2332 5369 2433 5422 τοῦ
2479 5367 2716 5441 Χριστοῦ
2773 5364 2920 5440 παρᾶ
2997 5369 3106 5421 τῶν
3165 5368 3498 5443 προφητῶν,
3556 5366 3800 5440 σήμερον

449 5503 499 5539 ⁸⁵
525 5507 879 5578 Psal.xxxu,
909 5514 963 5566 6.
993 5511 1040 5548 ⁸⁸
1067 5511 1221 5567 Psal.
1256 5529 1317 5577 ιι,
1341 5516 1393 5568 7.
1416 5510 1463 5546 ⁸⁷
1495 5513 1637 5568 Gen.
1671 5530 1709 5581 ι,
1743 5517 1832 5573 26.
1865 5513 1915 5550 (³³
1974 5517 2067 5571 Ps:

2174 5532 2227 5584 ιι,
2262 5517 2314 5568 7.
2345 5510 2394 5549 '9
2419 5510 2574 5568 Psal.
2607 5528 2895 5583 Lxxxvuu,
2932 5515 3021 5568 27.
3051 5510 3101 5548 ’³ο
3129 5511 3286 5569 Psal.
3318 5528 3371 5580 ιι,
3404 5513 3488 5566 13.
3530 5510 3575 5546 ⁷ί
3626 5509 3783 5566 Psal.

374 5609 497 5651 xxx
518 5612 577 5667 ιι,
609 5599 662 5651 6.
684 5595 733 5633 ⁷³
756 5599 871 5670 Isa,
900 5616 993 5667 vn,
1018 5594 1103 5654 t4.
