  <div class='ocr_page' id='page_1' title='image "/cluster/home/n/w/nwhite01/storage/ocr_20150623/121/hvd.32044073502478/268.png"; bbox 0 0 4194 6198; ppageno 0'>
   <div class='ocr_carea' id='block_1_1' title="bbox 319 377 435 440">
    <p class='ocr_par' dir='ltr' id='par_1_1' title="bbox 319 377 435 440">
     <span class='ocr_line' id='line_1_1' title="bbox 319 377 435 440; baseline -0.017 -1"><span class='ocrx_word' id='word_1_1' title='bbox 319 377 435 440; x_wconf 75' lang='grc'>525</span> 
     </span>
    </p>
   </div>
   <div class='ocr_carea' id='block_1_2' title="bbox 1460 375 2624 441">
    <p class='ocr_par' dir='ltr' id='par_1_2' title="bbox 1460 375 2624 441">
     <span class='ocr_line' id='line_1_2' title="bbox 1460 375 2624 441; baseline -0.005 -1"><span class='ocrx_word' id='word_1_2' title='bbox 1460 375 2013 441; x_wconf 79' lang='lat' dir='ltr'>HISTORIARUM</span> <span class='ocrx_word' id='word_1_3' title='bbox 2057 375 2624 436; x_wconf 82' lang='lat' dir='ltr'>COMPENDIUM.</span> 
     </span>
    </p>
   </div>
   <div class='ocr_carea' id='block_1_3' title="bbox 3611 381 3734 439">
    <p class='ocr_par' dir='ltr' id='par_1_3' title="bbox 3611 381 3734 439">
     <span class='ocr_line' id='line_1_3' title="bbox 3611 381 3734 439; baseline 0 0"><span class='ocrx_word' id='word_1_4' title='bbox 3611 381 3734 439; x_wconf 78' lang='lat'>526</span> 
     </span>
    </p>
   </div>
   <div class='ocr_carea' id='block_1_4' title="bbox 325 508 1968 588">
    <p class='ocr_par' dir='ltr' id='par_1_4' title="bbox 325 508 1968 588">
     <span class='ocr_line' id='line_1_4' title="bbox 325 508 1968 588; baseline -0.001 -24"><span class='ocrx_word' id='word_1_5' title='bbox 325 508 695 585; x_wconf 80' lang='grc' dir='ltr'>ἐπιδείξομεν.</span> <span class='ocrx_word' id='word_1_6' title='bbox 755 511 982 574; x_wconf 79' lang='grc' dir='ltr'>Ἠσαίας</span> <span class='ocrx_word' id='word_1_7' title='bbox 1063 511 1166 588; x_wconf 75' lang='grc' dir='ltr'>γὰρ</span> <span class='ocrx_word' id='word_1_8' title='bbox 1217 512 1341 586; x_wconf 88' lang='grc' dir='ltr'>περὶ</span> <span class='ocrx_word' id='word_1_9' title='bbox 1428 519 1528 582; x_wconf 83' lang='grc' dir='ltr'>τῆς</span> <span class='ocrx_word' id='word_1_10' title='bbox 1590 516 1687 566; x_wconf 91' lang='grc' dir='ltr'>τοῦ</span> <span class='ocrx_word' id='word_1_11' title='bbox 1741 511 1968 584; x_wconf 78' lang='grc' dir='ltr'>Χριστοῖ</span> 
     </span>
    </p>
   </div>
   <div class='ocr_carea' id='block_1_5' title="bbox 2079 508 3738 588">
    <p class='ocr_par' dir='ltr' id='par_1_5' title="bbox 2095 508 3738 580">
     <span class='ocr_line' id='line_1_5' title="bbox 2095 508 3738 580; baseline 0.002 -17"><span class='ocrx_word' id='word_1_12' title='bbox 2095 513 2300 580; x_wconf 87' lang='lat' dir='ltr'>spectu</span> <span class='ocrx_word' id='word_1_13' title='bbox 2331 509 2460 580; x_wconf 88' lang='lat' dir='ltr'>ejus</span> <span class='ocrx_word' id='word_1_14' title='bbox 2490 508 3049 580; x_wconf 56' lang='lat' dir='ltr'>reputabiturnllic</span> <span class='ocrx_word' id='word_1_15' title='bbox 3079 510 3303 567; x_wconf 85' lang='lat' dir='ltr'>invenit</span> <span class='ocrx_word' id='word_1_16' title='bbox 3332 513 3738 568; x_wconf 89' lang='lat' dir='ltr'>omnemviam</span> 
     </span>
    </p>
   </div>
   <div class='ocr_carea' id='block_1_6' title="bbox 323 595 1973 674">
    <p class='ocr_par' dir='ltr' id='par_1_6' title="bbox 323 595 1973 674">
     <span class='ocr_line' id='line_1_6' title="bbox 323 595 1973 674; baseline -0.002 -19"><span class='ocrx_word' id='word_1_17' title='bbox 323 602 627 674; x_wconf 75' lang='grc' dir='ltr'>γεννήσεως</span> <span class='ocrx_word' id='word_1_18' title='bbox 676 601 1000 674; x_wconf 76' lang='grc' dir='ltr'>προείρηκεν</span> <span class='ocrx_word' id='word_1_19' title='bbox 1051 600 1244 663; x_wconf 76' lang='grc' dir='ltr'>οὕτως’</span> <span class='ocrx_word' id='word_1_20' title='bbox 1309 598 1447 655; x_wconf 76' lang='grc' dir='ltr'>Ἰδοὺ</span> <span class='ocrx_word' id='word_1_21' title='bbox 1504 603 1539 670; x_wconf 80' lang='grc' dir='ltr'>ἠ</span> <span class='ocrx_word' id='word_1_22' title='bbox 1602 599 1864 672; x_wconf 86' lang='grc' dir='ltr'>Παρθένος</span> <span class='ocrx_word' id='word_1_23' title='bbox 1922 595 1973 652; x_wconf 82' lang='grc' dir='ltr'>ἐν</span> 
     </span>
    </p>
   </div>
   <div class='ocr_carea' id='block_1_7' title="bbox 319 683 1977 764">
    <p class='ocr_par' dir='ltr' id='par_1_7' title="bbox 319 683 1977 764">
     <span class='ocr_line' id='line_1_7' title="bbox 319 683 1977 764; baseline -0.003 -21"><span class='ocrx_word' id='word_1_24' title='bbox 319 689 507 764; x_wconf 84' lang='grc' dir='ltr'>γαστρὶ</span> <span class='ocrx_word' id='word_1_25' title='bbox 568 683 694 758; x_wconf 75' lang='grc' dir='ltr'>ἕξει,</span> <span class='ocrx_word' id='word_1_26' title='bbox 745 690 832 743; x_wconf 81' lang='grc' dir='ltr'>καὶ</span> <span class='ocrx_word' id='word_1_27' title='bbox 893 692 1096 762; x_wconf 76' lang='grc' dir='ltr'>τέξεται</span> <span class='ocrx_word' id='word_1_28' title='bbox 1180 691 1332 762; x_wconf 78' lang='grc' dir='ltr'>Υἱὸν,</span> <span class='ocrx_word' id='word_1_29' title='bbox 1393 689 1484 744; x_wconf 81' lang='grc' dir='ltr'>καὶ</span> <span class='ocrx_word' id='word_1_30' title='bbox 1567 687 1857 744; x_wconf 81' lang='grc' dir='ltr'>καλέσουσι</span> <span class='ocrx_word' id='word_1_31' title='bbox 1914 685 1977 740; x_wconf 83' lang='grc' dir='ltr'>τὸ</span> 
     </span>
    </p>
   </div>
   <div class='ocr_carea' id='block_1_8' title="bbox 319 776 1974 851">
    <p class='ocr_par' dir='ltr' id='par_1_8' title="bbox 319 776 1974 851">
     <span class='ocr_line' id='line_1_8' title="bbox 319 776 1974 851; baseline -0.002 -19"><span class='ocrx_word' id='word_1_32' title='bbox 319 778 491 850; x_wconf 76' lang='grc' dir='ltr'>ὃνομα</span> <span class='ocrx_word' id='word_1_33' title='bbox 539 777 706 832; x_wconf 85' lang='grc' dir='ltr'>αὐτοῦ</span> <span class='ocrx_word' id='word_1_34' title='bbox 766 777 1150 851; x_wconf 77' lang='grc' dir='ltr'>Ἐμμανουήλ.</span> <span class='ocrx_word' id='word_1_35' title='bbox 1213 781 1338 837; x_wconf 67' lang='lat' dir='ltr'>&quot;Ott</span> <span class='ocrx_word' id='word_1_36' title='bbox 1405 776 1464 834; x_wconf 71' lang='grc' dir='ltr'>δὲ</span> <span class='ocrx_word' id='word_1_37' title='bbox 1519 779 1610 832; x_wconf 85' lang='grc' dir='ltr'>καὶ</span> <span class='ocrx_word' id='word_1_38' title='bbox 1667 776 1974 850; x_wconf 85' lang='grc' dir='ltr'>ἀνθρώποις</span> 
     </span>
    </p>
   </div>
   <div class='ocr_carea' id='block_1_9' title="bbox 2092 598 3738 664">
    <p class='ocr_par' dir='ltr' id='par_1_9' title="bbox 2092 598 3738 664">
     <span class='ocr_line' id='line_1_9' title="bbox 2092 598 3738 664; baseline 0.004 -13"><span class='ocrx_word' id='word_1_39' title='bbox 2092 598 2446 664; x_wconf 83' lang='lat' dir='ltr'>scientiae,et</span> <span class='ocrx_word' id='word_1_40' title='bbox 2477 615 2605 654; x_wconf 88' lang='lat' dir='ltr'>eam</span> <span class='ocrx_word' id='word_1_41' title='bbox 2639 599 2881 654; x_wconf 79' lang='lat' dir='ltr'>tradidit</span> <span class='ocrx_word' id='word_1_42' title='bbox 2909 599 3123 654; x_wconf 84' lang='lat' dir='ltr'>Jacobo</span> <span class='ocrx_word' id='word_1_43' title='bbox 3155 599 3276 654; x_wconf 85' lang='lat' dir='ltr'>ﬁlio</span> <span class='ocrx_word' id='word_1_44' title='bbox 3295 617 3400 654; x_wconf 90' lang='lat' dir='ltr'>suo</span> <span class='ocrx_word' id='word_1_45' title='bbox 3433 609 3492 656; x_wconf 92' lang='lat' dir='ltr'>et</span> <span class='ocrx_word' id='word_1_46' title='bbox 3518 603 3738 658; x_wconf 89' lang='lat' dir='ltr'>Israelo</span> 
     </span>
    </p>
   </div>
   <div class='ocr_carea' id='block_1_10' title="bbox 2092 685 3738 763">
    <p class='ocr_par' dir='ltr' id='par_1_10' title="bbox 2092 685 3738 763">
     <span class='ocr_line' id='line_1_10' title="bbox 2092 685 3738 763; baseline 0.005 -24"><span class='ocrx_word' id='word_1_47' title='bbox 2092 685 2312 742; x_wconf 88' lang='lat' dir='ltr'>dilecto</span> <span class='ocrx_word' id='word_1_48' title='bbox 2345 687 2479 742; x_wconf 90' lang='lat' dir='ltr'>sibi.</span> <span class='ocrx_word' id='word_1_49' title='bbox 2513 690 2653 743; x_wconf 83' lang='lat' dir='ltr'>Post</span> <span class='ocrx_word' id='word_1_50' title='bbox 2682 689 2808 743; x_wconf 63' lang='lat' dir='ltr'>haec</span> <span class='ocrx_word' id='word_1_51' title='bbox 2841 689 2903 743; x_wconf 90' lang='lat' dir='ltr'>in</span> <span class='ocrx_word' id='word_1_52' title='bbox 2955 689 3126 744; x_wconf 88' lang='lat' dir='ltr'>terris</span> <span class='ocrx_word' id='word_1_53' title='bbox 3159 688 3315 745; x_wconf 90' lang='lat' dir='ltr'>visus</span> <span class='ocrx_word' id='word_1_54' title='bbox 3346 695 3435 745; x_wconf 88' lang='lat' dir='ltr'>est</span> <span class='ocrx_word' id='word_1_55' title='bbox 3463 691 3738 763; x_wconf 86' lang='lat' dir='ltr'>interque</span> 
     </span>
    </p>
   </div>
   <div class='ocr_carea' id='block_1_11' title="bbox 2088 776 2675 832">
    <p class='ocr_par' dir='ltr' id='par_1_11' title="bbox 2088 776 2675 832">
     <span class='ocr_line' id='line_1_11' title="bbox 2088 776 2675 832; baseline 0.003 -3"><span class='ocrx_word' id='word_1_56' title='bbox 2088 776 2363 831; x_wconf 87' lang='lat' dir='ltr'>homines</span> <span class='ocrx_word' id='word_1_57' title='bbox 2388 783 2675 832; x_wconf 86' lang='lat' dir='ltr'>versatus.</span> 
     </span>
    </p>
   </div>
   <div class='ocr_carea' id='block_1_12' title="bbox 327 862 3730 945">
    <p class='ocr_par' dir='ltr' id='par_1_12' title="bbox 327 862 3730 945">
     <span class='ocr_line' id='line_1_12' title="bbox 327 862 3730 945; baseline 0.001 -25"><span class='ocrx_word' id='word_1_58' title='bbox 327 869 916 945; x_wconf 83' lang='grc' dir='ltr'>συναναστραφήσεται,</span> <span class='ocrx_word' id='word_1_59' title='bbox 945 866 1107 922; x_wconf 78' lang='grc' dir='ltr'>ἄκουε</span> <span class='ocrx_word' id='word_1_60' title='bbox 1137 872 1233 923; x_wconf 91' lang='grc' dir='ltr'>τοῦ</span> <span class='ocrx_word' id='word_1_61' title='bbox 1264 871 1551 944; x_wconf 78' lang='grc' dir='ltr'>προφήτου</span> <span class='ocrx_word' id='word_1_62' title='bbox 1581 864 1866 940; x_wconf 82' lang='grc' dir='ltr'>Ἰερεμίου’</span> <span class='ocrx_word' id='word_1_63' title='bbox 1903 863 2076 924; x_wconf 81' lang='grc' dir='ltr'>Οὗτος</span> <span class='ocrx_word' id='word_1_64' title='bbox 2116 863 2144 918; x_wconf 93' lang='lat'>6</span> <span class='ocrx_word' id='word_1_65' title='bbox 2186 863 2318 923; x_wconf 88' lang='grc' dir='ltr'>Θεὸς</span> <span class='ocrx_word' id='word_1_66' title='bbox 2349 865 2531 935; x_wconf 76' lang='grc' dir='ltr'>ἡμῶν·</span> <span class='ocrx_word' id='word_1_67' title='bbox 2593 862 2653 917; x_wconf 79' lang='grc' dir='ltr'>οὐ</span> <span class='ocrx_word' id='word_1_68' title='bbox 2713 862 3094 939; x_wconf 70' lang='grc' dir='ltr'>λογισθήσεται</span> <span class='ocrx_word' id='word_1_69' title='bbox 3150 863 3331 939; x_wconf 65' lang='grc' dir='ltr'>ἕτερος</span> <span class='ocrx_word' id='word_1_70' title='bbox 3375 868 3512 939; x_wconf 88' lang='grc' dir='ltr'>πρὸς</span> <span class='ocrx_word' id='word_1_71' title='bbox 3543 867 3730 924; x_wconf 81' lang='grc' dir='ltr'>αὐτόν.</span> 
     </span>
    </p>
   </div>
   <div class='ocr_carea' id='block_1_13' title="bbox 328 946 3729 1030">
    <p class='ocr_par' dir='ltr' id='par_1_13' title="bbox 328 946 3729 1030">
     <span class='ocr_line' id='line_1_13' title="bbox 328 946 3729 1030; baseline -0 -18"><span class='ocrx_word' id='word_1_72' title='bbox 328 956 544 1030; x_wconf 82' lang='grc' dir='ltr'>Ἐξεῦρε</span> <span class='ocrx_word' id='word_1_73' title='bbox 574 961 746 1010; x_wconf 82' lang='grc' dir='ltr'>πᾶσαν</span> <span class='ocrx_word' id='word_1_74' title='bbox 783 953 907 1010; x_wconf 83' lang='grc' dir='ltr'>ὁδὸν</span> <span class='ocrx_word' id='word_1_75' title='bbox 941 955 1270 1030; x_wconf 76' lang='grc' dir='ltr'>ἐπιστήμης,</span> <span class='ocrx_word' id='word_1_76' title='bbox 1302 957 1390 1012; x_wconf 83' lang='grc' dir='ltr'>καὶ</span> <span class='ocrx_word' id='word_1_77' title='bbox 1421 952 1618 1012; x_wconf 76' lang='grc' dir='ltr'>ἔδωκεν</span> <span class='ocrx_word' id='word_1_78' title='bbox 1656 955 1823 1024; x_wconf 76' lang='grc' dir='ltr'>αὐτὴν</span> <span class='ocrx_word' id='word_1_79' title='bbox 1859 946 2052 1010; x_wconf 84' lang='grc' dir='ltr'>Ἰακὼϐ</span> <span class='ocrx_word' id='word_1_80' title='bbox 2079 956 2159 1022; x_wconf 84' lang='grc' dir='ltr'>τῷ</span> <span class='ocrx_word' id='word_1_81' title='bbox 2185 949 2340 1006; x_wconf 87' lang='grc' dir='ltr'>παιδὶ</span> <span class='ocrx_word' id='word_1_82' title='bbox 2373 953 2538 1007; x_wconf 85' lang='grc' dir='ltr'>αὐτοῦ</span> <span class='ocrx_word' id='word_1_83' title='bbox 2569 953 2659 1007; x_wconf 82' lang='grc' dir='ltr'>καὶ</span> <span class='ocrx_word' id='word_1_84' title='bbox 2693 951 2911 1026; x_wconf 72' lang='grc' dir='ltr'>Ἰσραὴλ</span> <span class='ocrx_word' id='word_1_85' title='bbox 2942 958 3020 1025; x_wconf 81' lang='grc' dir='ltr'>τῷ</span> <span class='ocrx_word' id='word_1_86' title='bbox 3063 955 3400 1028; x_wconf 72' lang='grc' dir='ltr'>ἠγαπημένῳ</span> <span class='ocrx_word' id='word_1_87' title='bbox 3432 956 3522 1010; x_wconf 86' lang='grc' dir='ltr'>ὑπ’</span> <span class='ocrx_word' id='word_1_88' title='bbox 3543 955 3729 1012; x_wconf 84' lang='grc' dir='ltr'>αὐτοῦ.</span> 
     </span>
    </p>
   </div>
   <div class='ocr_carea' id='block_1_14' title="bbox 325 1040 2298 1125">
    <p class='ocr_par' dir='ltr' id='par_1_14' title="bbox 325 1040 2298 1125">
     <span class='ocr_line' id='line_1_14' title="bbox 325 1040 2298 1125; baseline -0.002 -26"><span class='ocrx_word' id='word_1_89' title='bbox 325 1045 472 1099; x_wconf 73' lang='grc' dir='ltr'>Μετᾶ</span> <span class='ocrx_word' id='word_1_90' title='bbox 499 1048 668 1100; x_wconf 84' lang='grc' dir='ltr'>ταῦτα</span> <span class='ocrx_word' id='word_1_91' title='bbox 697 1043 788 1100; x_wconf 81' lang='grc' dir='ltr'>ἐπὶ</span> <span class='ocrx_word' id='word_1_92' title='bbox 817 1047 914 1116; x_wconf 79' lang='grc' dir='ltr'>τῆς</span> <span class='ocrx_word' id='word_1_93' title='bbox 944 1053 1048 1119; x_wconf 81' lang='grc' dir='ltr'>γῆς</span> <span class='ocrx_word' id='word_1_94' title='bbox 1079 1043 1232 1125; x_wconf 78' lang='grc' dir='ltr'>ὤφθη</span> <span class='ocrx_word' id='word_1_95' title='bbox 1264 1046 1354 1101; x_wconf 83' lang='grc' dir='ltr'>καὶ</span> <span class='ocrx_word' id='word_1_96' title='bbox 1381 1051 1497 1107; x_wconf 87' lang='grc' dir='ltr'>τοῖς</span> <span class='ocrx_word' id='word_1_97' title='bbox 1529 1046 1840 1119; x_wconf 85' lang='grc' dir='ltr'>ἀνθρώποις</span> <span class='ocrx_word' id='word_1_98' title='bbox 1874 1040 2298 1119; x_wconf 79' lang='grc' dir='ltr'>συνανεστράφη.</span> 
     </span>
    </p>
   </div>
   <div class='ocr_carea' id='block_1_15' title="bbox 390 1130 1975 1210">
    <p class='ocr_par' dir='ltr' id='par_1_15' title="bbox 390 1130 1975 1210">
     <span class='ocr_line' id='line_1_15' title="bbox 390 1130 1975 1210; baseline -0.003 -20"><span class='ocrx_word' id='word_1_99' title='bbox 390 1139 510 1190; x_wconf 79' lang='grc' dir='ltr'>Ὀτι</span> <span class='ocrx_word' id='word_1_100' title='bbox 544 1131 603 1188; x_wconf 76' lang='grc' dir='ltr'>δὲ</span> <span class='ocrx_word' id='word_1_101' title='bbox 642 1135 732 1189; x_wconf 86' lang='grc' dir='ltr'>καὶ</span> <span class='ocrx_word' id='word_1_102' title='bbox 763 1138 1180 1210; x_wconf 84' lang='grc' dir='ltr'>πειρασθήσεται</span> <span class='ocrx_word' id='word_1_103' title='bbox 1236 1136 1339 1191; x_wconf 85' lang='grc' dir='ltr'>ὑπὸ</span> <span class='ocrx_word' id='word_1_104' title='bbox 1394 1141 1492 1192; x_wconf 89' lang='grc' dir='ltr'>τοῦ</span> <span class='ocrx_word' id='word_1_105' title='bbox 1560 1130 1824 1191; x_wconf 82' lang='grc' dir='ltr'>διαϐόλου</span> <span class='ocrx_word' id='word_1_106' title='bbox 1885 1131 1975 1186; x_wconf 82' lang='grc' dir='ltr'>καὶ</span> 
     </span>
    </p>
   </div>
   <div class='ocr_carea' id='block_1_16' title="bbox 321 1221 1972 1302">
    <p class='ocr_par' dir='ltr' id='par_1_16' title="bbox 321 1221 1972 1302">
     <span class='ocr_line' id='line_1_16' title="bbox 321 1221 1972 1302; baseline -0.001 -24"><span class='ocrx_word' id='word_1_107' title='bbox 321 1226 528 1294; x_wconf 84' lang='grc' dir='ltr'>νικήσει</span> <span class='ocrx_word' id='word_1_108' title='bbox 557 1223 744 1292; x_wconf 79' lang='grc' dir='ltr'>αὐτὸν,</span> <span class='ocrx_word' id='word_1_109' title='bbox 797 1225 1067 1300; x_wconf 79' lang='grc' dir='ltr'>Ζαχαρίας</span> <span class='ocrx_word' id='word_1_110' title='bbox 1126 1227 1154 1280; x_wconf 85' lang='grc' dir='ltr'>ὀ</span> <span class='ocrx_word' id='word_1_111' title='bbox 1211 1229 1500 1302; x_wconf 80' lang='grc' dir='ltr'>προφήτης</span> <span class='ocrx_word' id='word_1_112' title='bbox 1554 1224 1724 1300; x_wconf 82' lang='grc' dir='ltr'>λέγει·</span> <span class='ocrx_word' id='word_1_113' title='bbox 1813 1221 1972 1281; x_wconf 81' lang='grc' dir='ltr'>Εἶδον</span> 
     </span>
    </p>
   </div>
   <div class='ocr_carea' id='block_1_17' title="bbox 322 1308 1974 1389">
    <p class='ocr_par' dir='ltr' id='par_1_17' title="bbox 322 1308 1974 1389">
     <span class='ocr_line' id='line_1_17' title="bbox 322 1308 1974 1389; baseline -0.002 -19"><span class='ocrx_word' id='word_1_114' title='bbox 322 1313 530 1382; x_wconf 79' lang='grc' dir='ltr'>Ἰησοῦν</span> <span class='ocrx_word' id='word_1_115' title='bbox 564 1314 656 1369; x_wconf 85' lang='grc' dir='ltr'>τὸν</span> <span class='ocrx_word' id='word_1_116' title='bbox 689 1315 832 1372; x_wconf 77' lang='grc' dir='ltr'>ἱερέα</span> <span class='ocrx_word' id='word_1_117' title='bbox 864 1315 956 1368; x_wconf 88' lang='grc' dir='ltr'>τὸν</span> <span class='ocrx_word' id='word_1_118' title='bbox 991 1311 1158 1389; x_wconf 88' lang='grc' dir='ltr'>μέγαν</span> <span class='ocrx_word' id='word_1_119' title='bbox 1228 1314 1456 1382; x_wconf 76' lang='grc' dir='ltr'>ἑστῶτα,</span> <span class='ocrx_word' id='word_1_120' title='bbox 1507 1315 1597 1368; x_wconf 87' lang='grc' dir='ltr'>καὶ</span> <span class='ocrx_word' id='word_1_121' title='bbox 1655 1314 1682 1368; x_wconf 96' lang='lat'>6</span> <span class='ocrx_word' id='word_1_122' title='bbox 1716 1308 1974 1374; x_wconf 72' lang='grc' dir='ltr'>διάϐολος</span> 
     </span>
    </p>
   </div>
   <div class='ocr_carea' id='block_1_18' title="bbox 321 1400 1968 1474">
    <p class='ocr_par' dir='ltr' id='par_1_18' title="bbox 321 1400 1968 1474">
     <span class='ocr_line' id='line_1_18' title="bbox 321 1400 1968 1474; baseline -0.001 -18"><span class='ocrx_word' id='word_1_123' title='bbox 321 1402 560 1473; x_wconf 75' lang='grc' dir='ltr'>εἱστήκει</span> <span class='ocrx_word' id='word_1_124' title='bbox 585 1400 647 1456; x_wconf 86' lang='grc' dir='ltr'>ἐκ</span> <span class='ocrx_word' id='word_1_125' title='bbox 690 1400 878 1472; x_wconf 82' lang='grc' dir='ltr'>δεξιῶν</span> <span class='ocrx_word' id='word_1_126' title='bbox 927 1404 1096 1458; x_wconf 81' lang='grc' dir='ltr'>αὐτοῦ</span> <span class='ocrx_word' id='word_1_127' title='bbox 1145 1407 1242 1458; x_wconf 89' lang='grc' dir='ltr'>τοῦ</span> <span class='ocrx_word' id='word_1_128' title='bbox 1300 1405 1621 1467; x_wconf 80' lang='grc' dir='ltr'>ἀντικεῖσθαι</span> <span class='ocrx_word' id='word_1_129' title='bbox 1672 1402 1838 1474; x_wconf 82' lang='grc' dir='ltr'>αὐτῷ.</span> <span class='ocrx_word' id='word_1_130' title='bbox 1874 1401 1968 1455; x_wconf 81' lang='grc' dir='ltr'>Καὶ</span> 
     </span>
    </p>
   </div>
   <div class='ocr_carea' id='block_1_19' title="bbox 320 1487 1968 1566">
    <p class='ocr_par' dir='ltr' id='par_1_19' title="bbox 320 1487 1968 1566">
     <span class='ocr_line' id='line_1_19' title="bbox 320 1487 1968 1566; baseline 0 -22"><span class='ocrx_word' id='word_1_131' title='bbox 320 1493 440 1546; x_wconf 81' lang='grc' dir='ltr'>εἷπε</span> <span class='ocrx_word' id='word_1_132' title='bbox 469 1491 604 1563; x_wconf 76' lang='grc' dir='ltr'>πρὸς</span> <span class='ocrx_word' id='word_1_133' title='bbox 656 1490 836 1560; x_wconf 79' lang='grc' dir='ltr'>αὐτὸν,</span> <span class='ocrx_word' id='word_1_134' title='bbox 892 1493 1248 1566; x_wconf 82' lang='grc' dir='ltr'>Ἐπιτιμήσαι</span> <span class='ocrx_word' id='word_1_135' title='bbox 1305 1513 1388 1548; x_wconf 88' lang='grc' dir='ltr'>σοι</span> <span class='ocrx_word' id='word_1_136' title='bbox 1442 1492 1663 1566; x_wconf 77' lang='grc' dir='ltr'>Κύριος,</span> <span class='ocrx_word' id='word_1_137' title='bbox 1724 1487 1968 1548; x_wconf 86' lang='grc' dir='ltr'>διάϐολε.</span> 
     </span>
    </p>
   </div>
   <div class='ocr_carea' id='block_1_20' title="bbox 315 1577 1970 1658">
    <p class='ocr_par' dir='ltr' id='par_1_20' title="bbox 315 1577 1970 1658">
     <span class='ocr_line' id='line_1_20' title="bbox 315 1577 1970 1658; baseline 0.001 -26"><span class='ocrx_word' id='word_1_138' title='bbox 315 1581 432 1633; x_wconf 83' lang='grc' dir='ltr'>’Ὁτι</span> <span class='ocrx_word' id='word_1_139' title='bbox 461 1577 638 1634; x_wconf 77' lang='grc' dir='ltr'>δὲκαὶ</span> <span class='ocrx_word' id='word_1_140' title='bbox 689 1583 1091 1657; x_wconf 86' lang='grc' dir='ltr'>κρατηθήσεται</span> <span class='ocrx_word' id='word_1_141' title='bbox 1146 1584 1180 1650; x_wconf 75' lang='grc' dir='ltr'>ἡ</span> <span class='ocrx_word' id='word_1_142' title='bbox 1243 1582 1401 1658; x_wconf 85' lang='grc' dir='ltr'>σοφία</span> <span class='ocrx_word' id='word_1_143' title='bbox 1460 1579 1549 1636; x_wconf 75' lang='grc' dir='ltr'>διὰ</span> <span class='ocrx_word' id='word_1_144' title='bbox 1610 1579 1970 1653; x_wconf 79' lang='grc' dir='ltr'>Σολομῶντος</span> 
     </span>
    </p>
   </div>
   <div class='ocr_carea' id='block_1_21' title="bbox 319 1665 1968 1743">
    <p class='ocr_par' dir='ltr' id='par_1_21' title="bbox 319 1665 1968 1743">
     <span class='ocr_line' id='line_1_21' title="bbox 319 1665 1968 1743; baseline -0.001 -21"><span class='ocrx_word' id='word_1_145' title='bbox 319 1667 484 1743; x_wconf 80' lang='grc' dir='ltr'>λέγει’</span> <span class='ocrx_word' id='word_1_146' title='bbox 545 1669 719 1723; x_wconf 78' lang='grc' dir='ltr'>Εἶπον</span> <span class='ocrx_word' id='word_1_147' title='bbox 775 1667 826 1722; x_wconf 85' lang='grc' dir='ltr'>ἐν</span> <span class='ocrx_word' id='word_1_148' title='bbox 889 1669 1099 1731; x_wconf 72' lang='grc' dir='ltr'>ἑαυτοῖς</span> <span class='ocrx_word' id='word_1_149' title='bbox 1155 1670 1208 1723; x_wconf 74' lang='grc' dir='ltr'>οἱ</span> <span class='ocrx_word' id='word_1_150' title='bbox 1265 1665 1496 1731; x_wconf 83' lang='grc' dir='ltr'>ἀσεϐεῖς·</span> <span class='ocrx_word' id='word_1_151' title='bbox 1558 1670 1818 1740; x_wconf 88' lang='grc' dir='ltr'>Δήσωμεν</span> <span class='ocrx_word' id='word_1_152' title='bbox 1879 1667 1968 1721; x_wconf 89' lang='grc' dir='ltr'>τὸν</span> 
     </span>
    </p>
   </div>
   <div class='ocr_carea' id='block_1_22' title="bbox 319 1755 1968 1833">
    <p class='ocr_par' dir='ltr' id='par_1_22' title="bbox 319 1755 1968 1833">
     <span class='ocr_line' id='line_1_22' title="bbox 319 1755 1968 1833; baseline -0.001 -20"><span class='ocrx_word' id='word_1_153' title='bbox 319 1757 549 1829; x_wconf 84' lang='grc' dir='ltr'>δίκαιον,</span> <span class='ocrx_word' id='word_1_154' title='bbox 573 1757 656 1812; x_wconf 85' lang='grc' dir='ltr'>ὅτι</span> <span class='ocrx_word' id='word_1_155' title='bbox 689 1755 1034 1833; x_wconf 75' lang='grc' dir='ltr'>δῦτχρηστος</span> <span class='ocrx_word' id='word_1_156' title='bbox 1067 1762 1201 1832; x_wconf 83' lang='grc' dir='ltr'>ἡμῖν</span> <span class='ocrx_word' id='word_1_157' title='bbox 1231 1758 1392 1816; x_wconf 88' lang='grc' dir='ltr'>ἐστιν.</span> <span class='ocrx_word' id='word_1_158' title='bbox 1443 1761 1565 1814; x_wconf 78' lang='grc' dir='ltr'>’Ὀτι</span> <span class='ocrx_word' id='word_1_159' title='bbox 1595 1757 1653 1813; x_wconf 74' lang='grc' dir='ltr'>δὲ</span> <span class='ocrx_word' id='word_1_160' title='bbox 1683 1759 1771 1813; x_wconf 81' lang='grc' dir='ltr'>καὶ</span> <span class='ocrx_word' id='word_1_161' title='bbox 1823 1757 1968 1831; x_wconf 79' lang='grc' dir='ltr'>παρὰ</span> 
     </span>
    </p>
   </div>
   <div class='ocr_carea' id='block_1_23' title="bbox 327 1845 1966 1923">
    <p class='ocr_par' dir='ltr' id='par_1_23' title="bbox 327 1845 1966 1923">
     <span class='ocr_line' id='line_1_23' title="bbox 327 1845 1966 1923; baseline -0.001 -23"><span class='ocrx_word' id='word_1_162' title='bbox 327 1849 572 1920; x_wconf 80' lang='grc' dir='ltr'>μαθητοῦ</span> <span class='ocrx_word' id='word_1_163' title='bbox 624 1845 1039 1922; x_wconf 84' lang='grc' dir='ltr'>προδοθήσεται,</span> <span class='ocrx_word' id='word_1_164' title='bbox 1073 1846 1215 1922; x_wconf 83' lang='grc' dir='ltr'>λέγει</span> <span class='ocrx_word' id='word_1_165' title='bbox 1248 1850 1276 1904; x_wconf 97' lang='lat'>6</span> <span class='ocrx_word' id='word_1_166' title='bbox 1333 1846 1655 1923; x_wconf 70' lang='grc' dir='ltr'>ψαλμῳδόςο</span> <span class='ocrx_word' id='word_1_167' title='bbox 1688 1850 1745 1905; x_wconf 79' lang='grc' dir='ltr'>Ὀ</span> <span class='ocrx_word' id='word_1_168' title='bbox 1776 1845 1966 1911; x_wconf 80' lang='grc' dir='ltr'>ἐσθίων</span> 
     </span>
    </p>
   </div>
   <div class='ocr_carea' id='block_1_24' title="bbox 322 1933 1974 2012">
    <p class='ocr_par' dir='ltr' id='par_1_24' title="bbox 322 1933 1974 2012">
     <span class='ocr_line' id='line_1_24' title="bbox 322 1933 1974 2012; baseline 0 -23"><span class='ocrx_word' id='word_1_169' title='bbox 322 1933 519 2010; x_wconf 73' lang='grc' dir='ltr'>ἄρτους</span> <span class='ocrx_word' id='word_1_170' title='bbox 579 1957 684 2009; x_wconf 88' lang='grc' dir='ltr'>μου</span> <span class='ocrx_word' id='word_1_171' title='bbox 746 1935 1073 2010; x_wconf 74' lang='grc' dir='ltr'>ἐμεγάλυνεν</span> <span class='ocrx_word' id='word_1_172' title='bbox 1133 1937 1215 1992; x_wconf 81' lang='grc' dir='ltr'>ἐπ’</span> <span class='ocrx_word' id='word_1_173' title='bbox 1273 1936 1370 2010; x_wconf 78' lang='grc' dir='ltr'>ἐμὲ</span> <span class='ocrx_word' id='word_1_174' title='bbox 1428 1939 1515 2010; x_wconf 91' lang='grc' dir='ltr'>[Ρ.</span> <span class='ocrx_word' id='word_1_175' title='bbox 1572 1940 1700 2010; x_wconf 78' lang='grc'><strong>275]</strong></span> <span class='ocrx_word' id='word_1_176' title='bbox 1759 1956 1974 2012; x_wconf 87' lang='grc' dir='ltr'>πτερνι-</span> 
     </span>
    </p>
   </div>
   <div class='ocr_carea' id='block_1_25' title="bbox 325 2022 1974 2100">
    <p class='ocr_par' dir='ltr' id='par_1_25' title="bbox 325 2022 1974 2100">
     <span class='ocr_line' id='line_1_25' title="bbox 325 2022 1974 2100; baseline 0.002 -23"><span class='ocrx_word' id='word_1_177' title='bbox 325 2025 485 2096; x_wconf 88' lang='grc' dir='ltr'>σμόν.</span> <span class='ocrx_word' id='word_1_178' title='bbox 517 2026 632 2079; x_wconf 90' lang='grc' dir='ltr'>Ὃτι</span> <span class='ocrx_word' id='word_1_179' title='bbox 671 2022 729 2079; x_wconf 69' lang='grc' dir='ltr'>δὲ</span> <span class='ocrx_word' id='word_1_180' title='bbox 755 2024 848 2079; x_wconf 84' lang='grc' dir='ltr'>καὶ</span> <span class='ocrx_word' id='word_1_181' title='bbox 907 2023 1254 2096; x_wconf 75' lang='grc' dir='ltr'>ἐκδοθήσεται</span> <span class='ocrx_word' id='word_1_182' title='bbox 1309 2026 1398 2081; x_wconf 78' lang='grc' dir='ltr'>καὶ</span> <span class='ocrx_word' id='word_1_183' title='bbox 1446 2028 1513 2080; x_wconf 70' lang='grc' dir='ltr'>τὰ</span> <span class='ocrx_word' id='word_1_184' title='bbox 1568 2025 1758 2100; x_wconf 80' lang='grc' dir='ltr'>ἱμάτια</span> <span class='ocrx_word' id='word_1_185' title='bbox 1809 2024 1974 2080; x_wconf 78' lang='grc' dir='ltr'>αὐτοῦ</span> 
     </span>
    </p>
   </div>
   <div class='ocr_carea' id='block_1_26' title="bbox 321 2111 1973 2193">
    <p class='ocr_par' dir='ltr' id='par_1_26' title="bbox 321 2111 1973 2193">
     <span class='ocr_line' id='line_1_26' title="bbox 321 2111 1973 2193; baseline 0.002 -27"><span class='ocrx_word' id='word_1_186' title='bbox 321 2113 374 2167; x_wconf 85' lang='grc' dir='ltr'>ἐν</span> <span class='ocrx_word' id='word_1_187' title='bbox 403 2111 601 2186; x_wconf 86' lang='grc' dir='ltr'>κλήρῳ</span> <span class='ocrx_word' id='word_1_188' title='bbox 633 2111 947 2184; x_wconf 82' lang='grc' dir='ltr'>δοθήσεται,</span> <span class='ocrx_word' id='word_1_189' title='bbox 1008 2114 1329 2190; x_wconf 81' lang='grc' dir='ltr'>προείρηκεν</span> <span class='ocrx_word' id='word_1_190' title='bbox 1391 2117 1418 2170; x_wconf 90' lang='lat'>6</span> <span class='ocrx_word' id='word_1_191' title='bbox 1466 2115 1627 2176; x_wconf 83' lang='grc' dir='ltr'>αὐτὸς</span> <span class='ocrx_word' id='word_1_192' title='bbox 1685 2116 1973 2193; x_wconf 77' lang='grc' dir='ltr'>προφήτης</span> 
     </span>
    </p>
   </div>
   <div class='ocr_carea' id='block_1_27' title="bbox 323 2201 1974 2277">
    <p class='ocr_par' dir='ltr' id='par_1_27' title="bbox 323 2201 1974 2277">
     <span class='ocr_line' id='line_1_27' title="bbox 323 2201 1974 2277; baseline 0 -21"><span class='ocrx_word' id='word_1_193' title='bbox 323 2201 518 2276; x_wconf 85' lang='grc' dir='ltr'>λέγων·</span> <span class='ocrx_word' id='word_1_194' title='bbox 554 2201 1032 2276; x_wconf 86' lang='grc' dir='ltr'>Διεμερίσαντοτά</span> <span class='ocrx_word' id='word_1_195' title='bbox 1081 2203 1272 2276; x_wconf 75' lang='grc' dir='ltr'>ἱμάτιά</span> <span class='ocrx_word' id='word_1_196' title='bbox 1315 2225 1420 2277; x_wconf 90' lang='grc' dir='ltr'>μου</span> <span class='ocrx_word' id='word_1_197' title='bbox 1477 2203 1530 2259; x_wconf 84' lang='grc' dir='ltr'>ἐν</span> <span class='ocrx_word' id='word_1_198' title='bbox 1590 2205 1824 2272; x_wconf 61' lang='grc' dir='ltr'>ἑαυτοῖς,</span> <span class='ocrx_word' id='word_1_199' title='bbox 1881 2203 1974 2258; x_wconf 86' lang='grc' dir='ltr'>καὶ</span> 
     </span>
    </p>
   </div>
   <div class='ocr_carea' id='block_1_28' title="bbox 317 2286 1971 2367">
    <p class='ocr_par' dir='ltr' id='par_1_28' title="bbox 317 2286 1971 2367">
     <span class='ocr_line' id='line_1_28' title="bbox 317 2286 1971 2367; baseline 0.001 -24"><span class='ocrx_word' id='word_1_200' title='bbox 317 2288 410 2344; x_wconf 82' lang='grc' dir='ltr'>ἐπὶ</span> <span class='ocrx_word' id='word_1_201' title='bbox 442 2290 533 2344; x_wconf 88' lang='grc' dir='ltr'>τὸν</span> <span class='ocrx_word' id='word_1_202' title='bbox 566 2290 868 2364; x_wconf 76' lang='grc' dir='ltr'>ἱματισμόν</span> <span class='ocrx_word' id='word_1_203' title='bbox 907 2311 1011 2364; x_wconf 89' lang='grc' dir='ltr'>μου</span> <span class='ocrx_word' id='word_1_204' title='bbox 1043 2286 1239 2346; x_wconf 81' lang='grc' dir='ltr'>ἔϐαλον</span> <span class='ocrx_word' id='word_1_205' title='bbox 1306 2291 1536 2367; x_wconf 81' lang='grc' dir='ltr'>κλῆρον.</span> <span class='ocrx_word' id='word_1_206' title='bbox 1594 2293 1715 2350; x_wconf 84' lang='grc' dir='ltr'>Ὀτι</span> <span class='ocrx_word' id='word_1_207' title='bbox 1771 2289 1828 2347; x_wconf 73' lang='grc' dir='ltr'>δὲ</span> <span class='ocrx_word' id='word_1_208' title='bbox 1883 2292 1971 2346; x_wconf 81' lang='grc' dir='ltr'>καὶ</span> 
     </span>
    </p>
   </div>
   <div class='ocr_carea' id='block_1_29' title="bbox 316 2377 1970 2457">
    <p class='ocr_par' dir='ltr' id='par_1_29' title="bbox 316 2377 1970 2457">
     <span class='ocr_line' id='line_1_29' title="bbox 316 2377 1970 2457; baseline 0.001 -23"><span class='ocrx_word' id='word_1_209' title='bbox 316 2381 467 2454; x_wconf 81' lang='grc' dir='ltr'>παρὰ</span> <span class='ocrx_word' id='word_1_210' title='bbox 497 2377 962 2456; x_wconf 77' lang='grc' dir='ltr'>ψευδομαρτύρων</span> <span class='ocrx_word' id='word_1_211' title='bbox 1019 2383 1550 2457; x_wconf 84' lang='grc' dir='ltr'>κατηγορηθήσεται,</span> <span class='ocrx_word' id='word_1_212' title='bbox 1586 2382 1614 2436; x_wconf 91' lang='lat'>6</span> <span class='ocrx_word' id='word_1_213' title='bbox 1645 2381 1805 2443; x_wconf 77' lang='grc' dir='ltr'>αὐτὸς</span> <span class='ocrx_word' id='word_1_214' title='bbox 1835 2401 1970 2455; x_wconf 85' lang='grc' dir='ltr'>προ-</span> 
     </span>
    </p>
   </div>
   <div class='ocr_carea' id='block_1_30' title="bbox 316 2468 1969 2545">
    <p class='ocr_par' dir='ltr' id='par_1_30' title="bbox 316 2468 1969 2545">
     <span class='ocr_line' id='line_1_30' title="bbox 316 2468 1969 2545; baseline 0.002 -23"><span class='ocrx_word' id='word_1_215' title='bbox 316 2471 496 2545; x_wconf 77' lang='grc' dir='ltr'>φήτης</span> <span class='ocrx_word' id='word_1_216' title='bbox 563 2469 734 2524; x_wconf 73' lang='grc' dir='ltr'>εἶπενο</span> <span class='ocrx_word' id='word_1_217' title='bbox 799 2471 1198 2540; x_wconf 79' lang='grc' dir='ltr'>Ἐπανέστησάν</span> <span class='ocrx_word' id='word_1_218' title='bbox 1257 2492 1349 2544; x_wconf 89' lang='grc' dir='ltr'>μοι</span> <span class='ocrx_word' id='word_1_219' title='bbox 1425 2471 1688 2545; x_wconf 78' lang='grc' dir='ltr'>μάρτυρες</span> <span class='ocrx_word' id='word_1_220' title='bbox 1765 2468 1969 2526; x_wconf 70' lang='grc' dir='ltr'>ἄδικοι.</span> 
     </span>
    </p>
   </div>
   <div class='ocr_carea' id='block_1_31' title="bbox 313 2555 1969 2638">
    <p class='ocr_par' dir='ltr' id='par_1_31' title="bbox 313 2555 1969 2638">
     <span class='ocr_line' id='line_1_31' title="bbox 313 2555 1969 2638; baseline 0 -24"><span class='ocrx_word' id='word_1_221' title='bbox 313 2559 454 2634; x_wconf 61' lang='grc' dir='ltr'>⁸’Ὁτι</span> <span class='ocrx_word' id='word_1_222' title='bbox 513 2555 704 2614; x_wconf 76' lang='grc' dir='ltr'>δὲκαὶ</span> <span class='ocrx_word' id='word_1_223' title='bbox 783 2558 1036 2623; x_wconf 77' lang='grc' dir='ltr'>ἀκάνθαις</span> <span class='ocrx_word' id='word_1_224' title='bbox 1095 2561 1581 2638; x_wconf 77' lang='grc' dir='ltr'>στεφανωθήσεται,</span> <span class='ocrx_word' id='word_1_225' title='bbox 1648 2559 1969 2633; x_wconf 82' lang='grc' dir='ltr'>προείρηκεν</span> 
     </span>
    </p>
   </div>
   <div class='ocr_carea' id='block_1_32' title="bbox 331 2645 1967 2723">
    <p class='ocr_par' dir='ltr' id='par_1_32' title="bbox 331 2645 1967 2723">
     <span class='ocr_line' id='line_1_32' title="bbox 331 2645 1967 2723; baseline 0.001 -23"><span class='ocrx_word' id='word_1_226' title='bbox 331 2645 580 2720; x_wconf 79' lang='grc' dir='ltr'>Ιερεμίας</span> <span class='ocrx_word' id='word_1_227' title='bbox 614 2647 810 2723; x_wconf 84' lang='grc' dir='ltr'>λέγων·</span> <span class='ocrx_word' id='word_1_228' title='bbox 874 2647 1156 2711; x_wconf 80' lang='grc' dir='ltr'>Ἀκάνθαις</span> <span class='ocrx_word' id='word_1_229' title='bbox 1211 2653 1319 2704; x_wconf 89' lang='grc' dir='ltr'>τῶν</span> <span class='ocrx_word' id='word_1_230' title='bbox 1375 2650 1566 2704; x_wconf 74' lang='grc' dir='ltr'>ἑαυτοῦ</span> <span class='ocrx_word' id='word_1_231' title='bbox 1613 2649 1967 2721; x_wconf 80' lang='grc' dir='ltr'>πταισμάτων</span> 
     </span>
    </p>
   </div>
   <div class='ocr_carea' id='block_1_33' title="bbox 318 2734 1972 2812">
    <p class='ocr_par' dir='ltr' id='par_1_33' title="bbox 318 2734 1972 2812">
     <span class='ocr_line' id='line_1_33' title="bbox 318 2734 1972 2812; baseline 0.001 -22"><span class='ocrx_word' id='word_1_232' title='bbox 318 2736 346 2788; x_wconf 91' lang='lat'>6</span> <span class='ocrx_word' id='word_1_233' title='bbox 380 2734 512 2798; x_wconf 89' lang='grc' dir='ltr'>λαὸς</span> <span class='ocrx_word' id='word_1_234' title='bbox 545 2738 703 2798; x_wconf 82' lang='grc' dir='ltr'>οὗτος</span> <span class='ocrx_word' id='word_1_235' title='bbox 761 2737 1161 2812; x_wconf 81' lang='grc' dir='ltr'>περιεστοίχισέ</span> <span class='ocrx_word' id='word_1_236' title='bbox 1221 2761 1306 2812; x_wconf 87' lang='grc' dir='ltr'>με.</span> <span class='ocrx_word' id='word_1_237' title='bbox 1352 2741 1471 2796; x_wconf 63' lang='grc' dir='ltr'>*Οτι</span> <span class='ocrx_word' id='word_1_238' title='bbox 1533 2736 1590 2793; x_wconf 69' lang='grc' dir='ltr'>δὲ</span> <span class='ocrx_word' id='word_1_239' title='bbox 1645 2738 1736 2796; x_wconf 79' lang='grc' dir='ltr'>καὶ</span> <span class='ocrx_word' id='word_1_240' title='bbox 1789 2737 1972 2812; x_wconf 73' lang='grc' dir='ltr'>χολὴν</span> 
     </span>
    </p>
   </div>
   <div class='ocr_carea' id='block_1_34' title="bbox 315 2821 1969 2903">
    <p class='ocr_par' dir='ltr' id='par_1_34' title="bbox 315 2821 1969 2903">
     <span class='ocr_line' id='line_1_34' title="bbox 315 2821 1969 2903; baseline 0.001 -24"><span class='ocrx_word' id='word_1_241' title='bbox 315 2827 650 2902; x_wconf 75' lang='grc' dir='ltr'>τραφήσεται</span> <span class='ocrx_word' id='word_1_242' title='bbox 680 2827 767 2880; x_wconf 84' lang='grc' dir='ltr'>καὶ</span> <span class='ocrx_word' id='word_1_243' title='bbox 804 2823 923 2896; x_wconf 78' lang='grc' dir='ltr'>ὄξος</span> <span class='ocrx_word' id='word_1_244' title='bbox 954 2830 1362 2898; x_wconf 88' lang='grc' dir='ltr'>ποτισθήσεται,</span> <span class='ocrx_word' id='word_1_245' title='bbox 1399 2829 1425 2882; x_wconf 90' lang='lat'>6</span> <span class='ocrx_word' id='word_1_246' title='bbox 1455 2831 1746 2903; x_wconf 82' lang='grc' dir='ltr'>προφήτης</span> <span class='ocrx_word' id='word_1_247' title='bbox 1802 2821 1969 2881; x_wconf 80' lang='grc' dir='ltr'>Δαϐὶδ</span> 
     </span>
    </p>
   </div>
   <div class='ocr_carea' id='block_1_35' title="bbox 324 2911 1964 2991">
    <p class='ocr_par' dir='ltr' id='par_1_35' title="bbox 324 2911 1964 2991">
     <span class='ocr_line' id='line_1_35' title="bbox 324 2911 1964 2991; baseline 0.002 -24"><span class='ocrx_word' id='word_1_248' title='bbox 324 2911 496 2990; x_wconf 84' lang='grc' dir='ltr'>λέγει’</span> <span class='ocrx_word' id='word_1_249' title='bbox 529 2913 776 2971; x_wconf 83' lang='grc' dir='ltr'>Ἔδωκαν</span> <span class='ocrx_word' id='word_1_250' title='bbox 808 2915 885 2978; x_wconf 83' lang='grc' dir='ltr'>εἰς</span> <span class='ocrx_word' id='word_1_251' title='bbox 912 2917 975 2970; x_wconf 88' lang='grc' dir='ltr'>τὸ</span> <span class='ocrx_word' id='word_1_252' title='bbox 1009 2918 1211 2991; x_wconf 84' lang='grc' dir='ltr'>βρῶμά</span> <span class='ocrx_word' id='word_1_253' title='bbox 1241 2937 1344 2990; x_wconf 86' lang='grc' dir='ltr'>μου</span> <span class='ocrx_word' id='word_1_254' title='bbox 1384 2917 1588 2988; x_wconf 69' lang='grc' dir='ltr'>χολὴν,</span> <span class='ocrx_word' id='word_1_255' title='bbox 1618 2917 1709 2971; x_wconf 82' lang='grc' dir='ltr'>καὶ</span> <span class='ocrx_word' id='word_1_256' title='bbox 1754 2917 1830 2977; x_wconf 82' lang='grc' dir='ltr'>εἷς</span> <span class='ocrx_word' id='word_1_257' title='bbox 1867 2916 1964 2983; x_wconf 79' lang='grc' dir='ltr'>τήν</span> 
     </span>
    </p>
   </div>
   <div class='ocr_carea' id='block_1_36' title="bbox 318 3001 1967 3080">
    <p class='ocr_par' dir='ltr' id='par_1_36' title="bbox 318 3001 1967 3080">
     <span class='ocr_line' id='line_1_36' title="bbox 318 3001 1967 3080; baseline 0.001 -23"><span class='ocrx_word' id='word_1_258' title='bbox 318 3001 479 3076; x_wconf 81' lang='grc' dir='ltr'>δίψαν</span> <span class='ocrx_word' id='word_1_259' title='bbox 513 3025 619 3078; x_wconf 90' lang='grc' dir='ltr'>μου</span> <span class='ocrx_word' id='word_1_260' title='bbox 658 3003 908 3059; x_wconf 77' lang='grc' dir='ltr'>έπότισάν</span> <span class='ocrx_word' id='word_1_261' title='bbox 949 3026 1012 3078; x_wconf 90' lang='grc' dir='ltr'>με</span> <span class='ocrx_word' id='word_1_262' title='bbox 1039 3002 1179 3076; x_wconf 79' lang='grc' dir='ltr'>ὅξος.</span> <span class='ocrx_word' id='word_1_263' title='bbox 1233 3008 1356 3062; x_wconf 78' lang='grc' dir='ltr'>’Ὁτι</span> <span class='ocrx_word' id='word_1_264' title='bbox 1414 3003 1442 3060; x_wconf 86' lang='grc' dir='ltr'>δ</span> <span class='ocrx_word' id='word_1_265' title='bbox 1508 3007 1967 3080; x_wconf 78' lang='grc' dir='ltr'>ἐμπαιχθήσεται,</span> 
     </span>
    </p>
   </div>
   <div class='ocr_carea' id='block_1_37' title="bbox 313 3091 1968 3170">
    <p class='ocr_par' dir='ltr' id='par_1_37' title="bbox 313 3091 1968 3170">
     <span class='ocr_line' id='line_1_37' title="bbox 313 3091 1968 3170; baseline -0.001 -23"><span class='ocrx_word' id='word_1_266' title='bbox 313 3091 580 3165; x_wconf 85' lang='grc' dir='ltr'>Ἱερεμίας</span> <span class='ocrx_word' id='word_1_267' title='bbox 637 3092 807 3168; x_wconf 83' lang='grc' dir='ltr'>λέγει’</span> <span class='ocrx_word' id='word_1_268' title='bbox 867 3095 961 3156; x_wconf 79' lang='grc' dir='ltr'>Εἷς</span> <span class='ocrx_word' id='word_1_269' title='bbox 1021 3094 1328 3167; x_wconf 86' lang='grc' dir='ltr'>ἐμπαιγμὸν</span> <span class='ocrx_word' id='word_1_270' title='bbox 1385 3093 1653 3170; x_wconf 84' lang='grc' dir='ltr'>ἐγενόμην</span> <span class='ocrx_word' id='word_1_271' title='bbox 1711 3098 1792 3166; x_wconf 75' lang='grc' dir='ltr'>τῷ</span> <span class='ocrx_word' id='word_1_272' title='bbox 1851 3098 1968 3166; x_wconf 79' lang='grc' dir='ltr'>Λαῷ</span> 
     </span>
    </p>
   </div>
   <div class='ocr_carea' id='block_1_38' title="bbox 314 3180 1963 3256">
    <p class='ocr_par' dir='ltr' id='par_1_38' title="bbox 314 3180 1963 3256">
     <span class='ocr_line' id='line_1_38' title="bbox 314 3180 1963 3256; baseline 0.001 -22"><span class='ocrx_word' id='word_1_273' title='bbox 314 3182 514 3253; x_wconf 76' lang='grc' dir='ltr'>τούτῳ.</span> <span class='ocrx_word' id='word_1_274' title='bbox 547 3184 666 3238; x_wconf 88' lang='grc' dir='ltr'>Ὅτι</span> <span class='ocrx_word' id='word_1_275' title='bbox 698 3180 869 3237; x_wconf 77' lang='grc' dir='ltr'>δὲκαὶ</span> <span class='ocrx_word' id='word_1_276' title='bbox 900 3189 1018 3242; x_wconf 89' lang='grc' dir='ltr'>τοῖς</span> <span class='ocrx_word' id='word_1_277' title='bbox 1059 3181 1280 3256; x_wconf 83' lang='grc' dir='ltr'>δεσμοῖς</span> <span class='ocrx_word' id='word_1_278' title='bbox 1313 3183 1485 3238; x_wconf 73' lang='grc' dir='ltr'>αὐτῶν</span> <span class='ocrx_word' id='word_1_279' title='bbox 1555 3181 1836 3254; x_wconf 82' lang='grc' dir='ltr'>δεθήσεται</span> <span class='ocrx_word' id='word_1_280' title='bbox 1872 3183 1963 3237; x_wconf 77' lang='grc' dir='ltr'>καὶ</span> 
     </span>
    </p>
   </div>
   <div class='ocr_carea' id='block_1_39' title="bbox 2158 1132 3730 1197">
    <p class='ocr_par' dir='ltr' id='par_1_39' title="bbox 2158 1132 3730 1197">
     <span class='ocr_line' id='line_1_39' title="bbox 2158 1132 3730 1197; baseline 0.002 -9"><span class='ocrx_word' id='word_1_281' title='bbox 2158 1132 2324 1197; x_wconf 89' lang='lat' dir='ltr'>Quod</span> <span class='ocrx_word' id='word_1_282' title='bbox 2344 1138 2543 1189; x_wconf 88' lang='lat' dir='ltr'>autem</span> <span class='ocrx_word' id='word_1_283' title='bbox 2574 1134 2753 1188; x_wconf 78' lang='lat' dir='ltr'>fuerit</span> <span class='ocrx_word' id='word_1_284' title='bbox 2773 1149 2806 1188; x_wconf 92' lang='lat' dir='ltr'>a</span> <span class='ocrx_word' id='word_1_285' title='bbox 2827 1133 3062 1188; x_wconf 83' lang='lat' dir='ltr'>diabolo</span> <span class='ocrx_word' id='word_1_286' title='bbox 3117 1135 3432 1190; x_wconf 89' lang='lat' dir='ltr'>teutandus</span> <span class='ocrx_word' id='word_1_287' title='bbox 3482 1141 3539 1190; x_wconf 93' lang='lat' dir='ltr'>et</span> <span class='ocrx_word' id='word_1_288' title='bbox 3595 1153 3730 1192; x_wconf 90' lang='lat' dir='ltr'>eum</span> 
     </span>
    </p>
   </div>
   <div class='ocr_carea' id='block_1_40' title="bbox 2087 1223 3730 1294">
    <p class='ocr_par' dir='ltr' id='par_1_40' title="bbox 2087 1223 3730 1294">
     <span class='ocr_line' id='line_1_40' title="bbox 2087 1223 3730 1294; baseline 0.001 -18"><span class='ocrx_word' id='word_1_289' title='bbox 2087 1227 2495 1292; x_wconf 77' lang='lat' dir='ltr'>superaturuS,</span> <span class='ocrx_word' id='word_1_290' title='bbox 2529 1224 2841 1278; x_wconf 83' lang='lat' dir='ltr'>Zacharias</span> <span class='ocrx_word' id='word_1_291' title='bbox 2893 1228 3054 1278; x_wconf 90' lang='lat' dir='ltr'>vates</span> <span class='ocrx_word' id='word_1_292' title='bbox 3111 1223 3192 1278; x_wconf 90' lang='lat' dir='ltr'>ita</span> <span class='ocrx_word' id='word_1_293' title='bbox 3249 1224 3564 1294; x_wconf 64' lang='lat' dir='ltr'>praedicit:</span> <span class='ocrx_word' id='word_1_294' title='bbox 3604 1225 3730 1278; x_wconf 81' lang='lat' dir='ltr'>Vidi</span> 
     </span>
    </p>
   </div>
   <div class='ocr_carea' id='block_1_41' title="bbox 2085 1311 3733 1384">
    <p class='ocr_par' dir='ltr' id='par_1_41' title="bbox 2085 1311 3733 1384">
     <span class='ocr_line' id='line_1_41' title="bbox 2085 1311 3733 1384; baseline 0.002 -20"><span class='ocrx_word' id='word_1_295' title='bbox 2085 1311 2282 1364; x_wconf 83' lang='lat' dir='ltr'>Jesum</span> <span class='ocrx_word' id='word_1_296' title='bbox 2317 1312 2685 1367; x_wconf 82' lang='lat' dir='ltr'>sacerdotem</span> <span class='ocrx_word' id='word_1_297' title='bbox 2743 1328 3019 1383; x_wconf 77' lang='lat' dir='ltr'>magnum</span> <span class='ocrx_word' id='word_1_298' title='bbox 3076 1317 3354 1377; x_wconf 86' lang='lat' dir='ltr'>stantem,</span> <span class='ocrx_word' id='word_1_299' title='bbox 3387 1315 3733 1384; x_wconf 88' lang='lat' dir='ltr'>astabatque</span> 
     </span>
    </p>
   </div>
   <div class='ocr_carea' id='block_1_42' title="bbox 2083 1399 3731 1472">
    <p class='ocr_par' dir='ltr' id='par_1_42' title="bbox 2083 1399 3731 1472">
     <span class='ocr_line' id='line_1_42' title="bbox 2083 1399 3731 1472; baseline 0.001 -17"><span class='ocrx_word' id='word_1_300' title='bbox 2083 1399 2154 1455; x_wconf 87' lang='lat' dir='ltr'>ad</span> <span class='ocrx_word' id='word_1_301' title='bbox 2187 1401 2316 1470; x_wconf 87' lang='lat' dir='ltr'>ejus</span> <span class='ocrx_word' id='word_1_302' title='bbox 2368 1401 2670 1456; x_wconf 84' lang='lat' dir='ltr'>dexteram</span> <span class='ocrx_word' id='word_1_303' title='bbox 2730 1401 3022 1468; x_wconf 88' lang='lat' dir='ltr'>diabolus,</span> <span class='ocrx_word' id='word_1_304' title='bbox 3083 1406 3148 1456; x_wconf 89' lang='lat' dir='ltr'>ut</span> <span class='ocrx_word' id='word_1_305' title='bbox 3205 1402 3398 1472; x_wconf 89' lang='lat' dir='ltr'>ipsum</span> <span class='ocrx_word' id='word_1_306' title='bbox 3458 1407 3731 1457; x_wconf 81' lang='lat' dir='ltr'>tentaret.</span> 
     </span>
    </p>
   </div>
   <div class='ocr_carea' id='block_1_43' title="bbox 2082 1490 3731 1565">
    <p class='ocr_par' dir='ltr' id='par_1_43' title="bbox 2082 1490 3731 1565">
     <span class='ocr_line' id='line_1_43' title="bbox 2082 1490 3731 1565; baseline 0.003 -21"><span class='ocrx_word' id='word_1_307' title='bbox 2082 1490 2357 1561; x_wconf 86' lang='lat' dir='ltr'>Dixitque</span> <span class='ocrx_word' id='word_1_308' title='bbox 2381 1491 2431 1545; x_wconf 90' lang='lat' dir='ltr'>ei</span> <span class='ocrx_word' id='word_1_309' title='bbox 2454 1493 2622 1547; x_wconf 84' lang='lat' dir='ltr'>Jesus</span> <span class='ocrx_word' id='word_1_310' title='bbox 2649 1509 2662 1545; x_wconf 74' lang='grc' dir='ltr'><strong>ε</strong></span> <span class='ocrx_word' id='word_1_311' title='bbox 2692 1492 2953 1559; x_wconf 88' lang='lat' dir='ltr'>Diabole,</span> <span class='ocrx_word' id='word_1_312' title='bbox 2981 1493 3266 1547; x_wconf 88' lang='lat' dir='ltr'>Dominus</span> <span class='ocrx_word' id='word_1_313' title='bbox 3290 1500 3344 1547; x_wconf 89' lang='lat' dir='ltr'>te</span> <span class='ocrx_word' id='word_1_314' title='bbox 3372 1495 3638 1565; x_wconf 85' lang='lat' dir='ltr'>increpet</span> <span class='ocrx_word' id='word_1_315' title='bbox 3665 1493 3731 1548; x_wconf 78' lang='lat'>7‘.</span> 
     </span>
    </p>
   </div>
   <div class='ocr_carea' id='block_1_44' title="bbox 2079 1580 3734 1653">
    <p class='ocr_par' dir='ltr' id='par_1_44' title="bbox 2079 1580 3734 1653">
     <span class='ocr_line' id='line_1_44' title="bbox 2079 1580 3734 1653; baseline 0.002 -19"><span class='ocrx_word' id='word_1_316' title='bbox 2079 1580 2586 1650; x_wconf 87' lang='lat' dir='ltr'>Comprehensum</span> <span class='ocrx_word' id='word_1_317' title='bbox 2619 1582 2688 1635; x_wconf 90' lang='lat' dir='ltr'>iri</span> <span class='ocrx_word' id='word_1_318' title='bbox 2725 1582 3016 1653; x_wconf 84' lang='lat' dir='ltr'>sapientia</span> <span class='ocrx_word' id='word_1_319' title='bbox 3045 1581 3237 1636; x_wconf 80' lang='lat' dir='ltr'>verbis</span> <span class='ocrx_word' id='word_1_320' title='bbox 3274 1582 3604 1638; x_wconf 87' lang='lat' dir='ltr'>Solomonis</span> <span class='ocrx_word' id='word_1_321' title='bbox 3635 1601 3734 1638; x_wconf 85' lang='lat' dir='ltr'>os-</span> 
     </span>
    </p>
   </div>
   <div class='ocr_carea' id='block_1_45' title="bbox 2080 1668 3732 1743">
    <p class='ocr_par' dir='ltr' id='par_1_45' title="bbox 2080 1668 3732 1743">
     <span class='ocr_line' id='line_1_45' title="bbox 2080 1668 3732 1743; baseline 0.004 -21"><span class='ocrx_word' id='word_1_322' title='bbox 2080 1668 2274 1723; x_wconf 88' lang='lat' dir='ltr'>tendit</span> <span class='ocrx_word' id='word_1_323' title='bbox 2299 1686 2312 1722; x_wconf 87' lang='lat'><strong>:</strong></span> <span class='ocrx_word' id='word_1_324' title='bbox 2337 1670 2622 1725; x_wconf 82' lang='lat' dir='ltr'>Dixerunt</span> <span class='ocrx_word' id='word_1_325' title='bbox 2654 1671 2810 1725; x_wconf 90' lang='lat' dir='ltr'>inter</span> <span class='ocrx_word' id='word_1_326' title='bbox 2831 1687 2893 1726; x_wconf 90' lang='lat' dir='ltr'>se</span> <span class='ocrx_word' id='word_1_327' title='bbox 2915 1671 3452 1741; x_wconf 90' lang='lat' dir='ltr'>impii,Vinciamus</span> <span class='ocrx_word' id='word_1_328' title='bbox 3475 1673 3732 1743; x_wconf 85' lang='lat' dir='ltr'>justum,</span> 
     </span>
    </p>
   </div>
   <div class='ocr_carea' id='block_1_46' title="bbox 2078 1758 3734 1828">
    <p class='ocr_par' dir='ltr' id='par_1_46' title="bbox 2078 1758 3734 1828">
     <span class='ocr_line' id='line_1_46' title="bbox 2078 1758 3734 1828; baseline 0.003 -16"><span class='ocrx_word' id='word_1_329' title='bbox 2078 1758 2219 1828; x_wconf 86' lang='lat' dir='ltr'>quia</span> <span class='ocrx_word' id='word_1_330' title='bbox 2249 1758 2423 1814; x_wconf 90' lang='lat' dir='ltr'>nobis</span> <span class='ocrx_word' id='word_1_331' title='bbox 2454 1765 2544 1813; x_wconf 91' lang='lat' dir='ltr'>est</span> <span class='ocrx_word' id='word_1_332' title='bbox 2572 1760 2988 1814; x_wconf 88' lang='lat' dir='ltr'>incommodus</span> <span class='ocrx_word' id='word_1_333' title='bbox 3017 1758 3084 1815; x_wconf 78' lang='grc'>⁷⁵.</span> <span class='ocrx_word' id='word_1_334' title='bbox 3117 1760 3492 1815; x_wconf 88' lang='lat' dir='ltr'>Prodendum</span> <span class='ocrx_word' id='word_1_335' title='bbox 3511 1763 3734 1817; x_wconf 83' lang='lat' dir='ltr'>adisci&quot;</span> 
     </span>
    </p>
   </div>
   <div class='ocr_carea' id='block_1_47' title="bbox 2079 1847 3723 1920">
    <p class='ocr_par' dir='ltr' id='par_1_47' title="bbox 2079 1847 3723 1920">
     <span class='ocr_line' id='line_1_47' title="bbox 2079 1847 3723 1920; baseline 0.003 -19"><span class='ocrx_word' id='word_1_336' title='bbox 2079 1847 2220 1918; x_wconf 90' lang='lat' dir='ltr'>pulo</span> <span class='ocrx_word' id='word_1_337' title='bbox 2251 1863 2378 1916; x_wconf 89' lang='lat' dir='ltr'>suo,</span> <span class='ocrx_word' id='word_1_338' title='bbox 2413 1848 2687 1919; x_wconf 66' lang='lat' dir='ltr'>praedixit</span> <span class='ocrx_word' id='word_1_339' title='bbox 2715 1849 3085 1904; x_wconf 90' lang='lat' dir='ltr'>Psalmorum</span> <span class='ocrx_word' id='word_1_340' title='bbox 3117 1855 3322 1904; x_wconf 87' lang='lat' dir='ltr'>auctor</span> <span class='ocrx_word' id='word_1_341' title='bbox 3347 1866 3358 1904; x_wconf 94' lang='lat'>:</span> <span class='ocrx_word' id='word_1_342' title='bbox 3382 1851 3434 1904; x_wconf 89' lang='lat' dir='ltr'>Is</span> <span class='ocrx_word' id='word_1_343' title='bbox 3459 1851 3558 1920; x_wconf 88' lang='lat' dir='ltr'>qui</span> <span class='ocrx_word' id='word_1_344' title='bbox 3591 1867 3723 1906; x_wconf 86' lang='lat' dir='ltr'>meo</span> 
     </span>
    </p>
   </div>
   <div class='ocr_carea' id='block_1_48' title="bbox 2083 1938 3727 2012">
    <p class='ocr_par' dir='ltr' id='par_1_48' title="bbox 2083 1938 3727 2012">
     <span class='ocr_line' id='line_1_48' title="bbox 2083 1938 3727 2012; baseline 0.003 -21"><span class='ocrx_word' id='word_1_345' title='bbox 2083 1938 2340 1992; x_wconf 81' lang='lat' dir='ltr'>vescitur</span> <span class='ocrx_word' id='word_1_346' title='bbox 2368 1939 2775 2009; x_wconf 89' lang='lat' dir='ltr'>pane,calcem</span> <span class='ocrx_word' id='word_1_347' title='bbox 2806 1940 2951 1994; x_wconf 89' lang='lat' dir='ltr'>mihi</span> <span class='ocrx_word' id='word_1_348' title='bbox 2976 1939 3218 2012; x_wconf 80' lang='lat' dir='ltr'>impegit</span> <span class='ocrx_word' id='word_1_349' title='bbox 3239 1938 3307 1996; x_wconf 73' lang='grc'>⁷⁸.</span> <span class='ocrx_word' id='word_1_350' title='bbox 3331 1940 3490 1994; x_wconf 92' lang='lat' dir='ltr'>Idem</span> <span class='ocrx_word' id='word_1_351' title='bbox 3523 1941 3727 1996; x_wconf 88' lang='lat' dir='ltr'>vatici-</span> 
     </span>
    </p>
   </div>
   <div class='ocr_carea' id='block_1_49' title="bbox 2084 2031 3726 2104">
    <p class='ocr_par' dir='ltr' id='par_1_49' title="bbox 2084 2031 3726 2104">
     <span class='ocr_line' id='line_1_49' title="bbox 2084 2031 3726 2104; baseline 0.003 -20"><span class='ocrx_word' id='word_1_352' title='bbox 2084 2035 2258 2085; x_wconf 84' lang='lat' dir='ltr'>natus</span> <span class='ocrx_word' id='word_1_353' title='bbox 2310 2035 2398 2085; x_wconf 90' lang='lat' dir='ltr'>est</span> <span class='ocrx_word' id='word_1_354' title='bbox 2449 2032 2708 2087; x_wconf 88' lang='lat' dir='ltr'>vestibus</span> <span class='ocrx_word' id='word_1_355' title='bbox 2765 2033 3063 2088; x_wconf 88' lang='lat' dir='ltr'>Christum</span> <span class='ocrx_word' id='word_1_356' title='bbox 3118 2031 3270 2088; x_wconf 71' lang='lat'>482</span> <span class='ocrx_word' id='word_1_357' title='bbox 3329 2034 3726 2104; x_wconf 87' lang='lat' dir='ltr'>spoliandum,</span> 
     </span>
    </p>
   </div>
   <div class='ocr_carea' id='block_1_50' title="bbox 2084 2121 3728 2193">
    <p class='ocr_par' dir='ltr' id='par_1_50' title="bbox 2084 2121 3728 2193">
     <span class='ocr_line' id='line_1_50' title="bbox 2084 2121 3728 2193; baseline 0.004 -20"><span class='ocrx_word' id='word_1_358' title='bbox 2084 2135 2304 2190; x_wconf 91' lang='lat' dir='ltr'>easque</span> <span class='ocrx_word' id='word_1_359' title='bbox 2336 2125 2491 2175; x_wconf 89' lang='lat' dir='ltr'>sorte</span> <span class='ocrx_word' id='word_1_360' title='bbox 2520 2121 2770 2177; x_wconf 87' lang='lat' dir='ltr'>divisum</span> <span class='ocrx_word' id='word_1_361' title='bbox 2803 2122 2876 2175; x_wconf 91' lang='lat' dir='ltr'>iri</span> <span class='ocrx_word' id='word_1_362' title='bbox 2911 2138 2923 2175; x_wconf 89' lang='lat'><strong>:</strong></span> <span class='ocrx_word' id='word_1_363' title='bbox 2987 2121 3341 2190; x_wconf 88' lang='lat' dir='ltr'>Diviserunt,</span> <span class='ocrx_word' id='word_1_364' title='bbox 3375 2123 3588 2193; x_wconf 91' lang='lat' dir='ltr'>inquit,</span> <span class='ocrx_word' id='word_1_365' title='bbox 3622 2142 3728 2180; x_wconf 88' lang='lat' dir='ltr'>ve-</span> 
     </span>
    </p>
   </div>
   <div class='ocr_carea' id='block_1_51' title="bbox 2085 2210 3726 2274">
    <p class='ocr_par' dir='ltr' id='par_1_51' title="bbox 2085 2210 3726 2274">
     <span class='ocr_line' id='line_1_51' title="bbox 2085 2210 3726 2274; baseline 0.004 -14"><span class='ocrx_word' id='word_1_366' title='bbox 2085 2211 2203 2261; x_wconf 88' lang='lat' dir='ltr'>stes</span> <span class='ocrx_word' id='word_1_367' title='bbox 2229 2225 2413 2274; x_wconf 90' lang='lat' dir='ltr'>meas,</span> <span class='ocrx_word' id='word_1_368' title='bbox 2448 2215 2504 2264; x_wconf 87' lang='lat' dir='ltr'>et</span> <span class='ocrx_word' id='word_1_369' title='bbox 2553 2215 2709 2264; x_wconf 88' lang='lat' dir='ltr'>sorte</span> <span class='ocrx_word' id='word_1_370' title='bbox 2749 2210 3072 2266; x_wconf 90' lang='lat' dir='ltr'>amiculum</span> <span class='ocrx_word' id='word_1_371' title='bbox 3102 2227 3302 2265; x_wconf 90' lang='lat' dir='ltr'>meum</span> <span class='ocrx_word' id='word_1_372' title='bbox 3336 2211 3638 2266; x_wconf 86' lang='lat' dir='ltr'>duxerunt</span> <span class='ocrx_word' id='word_1_373' title='bbox 3659 2210 3726 2267; x_wconf 78' lang='grc'>⁷⁷.</span> 
     </span>
    </p>
   </div>
   <div class='ocr_carea' id='block_1_52' title="bbox 2084 2297 3734 2356">
    <p class='ocr_par' dir='ltr' id='par_1_52' title="bbox 2084 2297 3734 2356">
     <span class='ocr_line' id='line_1_52' title="bbox 2084 2297 3734 2356; baseline 0.004 -7"><span class='ocrx_word' id='word_1_374' title='bbox 2084 2297 2440 2352; x_wconf 82' lang='lat' dir='ltr'>Accusatum</span> <span class='ocrx_word' id='word_1_375' title='bbox 2473 2298 2543 2351; x_wconf 90' lang='lat' dir='ltr'>iri</span> <span class='ocrx_word' id='word_1_376' title='bbox 2569 2314 2602 2354; x_wconf 88' lang='lat' dir='ltr'>a</span> <span class='ocrx_word' id='word_1_377' title='bbox 2629 2298 2793 2353; x_wconf 86' lang='lat' dir='ltr'>falsis</span> <span class='ocrx_word' id='word_1_378' title='bbox 2813 2300 3062 2354; x_wconf 87' lang='lat' dir='ltr'>testibus</span> <span class='ocrx_word' id='word_1_379' title='bbox 3095 2299 3251 2354; x_wconf 91' lang='lat' dir='ltr'>idem</span> <span class='ocrx_word' id='word_1_380' title='bbox 3285 2305 3446 2356; x_wconf 87' lang='lat' dir='ltr'>vates</span> <span class='ocrx_word' id='word_1_381' title='bbox 3493 2301 3734 2356; x_wconf 90' lang='lat' dir='ltr'>demon-</span> 
     </span>
    </p>
   </div>
   <div class='ocr_carea' id='block_1_53' title="bbox 2084 2386 3731 2458">
    <p class='ocr_par' dir='ltr' id='par_1_53' title="bbox 2084 2386 3731 2458">
     <span class='ocr_line' id='line_1_53' title="bbox 2084 2386 3731 2458; baseline 0.004 -20"><span class='ocrx_word' id='word_1_382' title='bbox 2084 2386 2328 2439; x_wconf 90' lang='lat' dir='ltr'>stravit:</span> <span class='ocrx_word' id='word_1_383' title='bbox 2365 2388 2840 2455; x_wconf 85' lang='lat' dir='ltr'>Insurrexerunt,</span> <span class='ocrx_word' id='word_1_384' title='bbox 2874 2389 3091 2458; x_wconf 88' lang='lat' dir='ltr'>inquit,</span> <span class='ocrx_word' id='word_1_385' title='bbox 3151 2395 3355 2444; x_wconf 87' lang='lat' dir='ltr'>contra</span> <span class='ocrx_word' id='word_1_386' title='bbox 3411 2407 3506 2443; x_wconf 89' lang='lat' dir='ltr'>me</span> <span class='ocrx_word' id='word_1_387' title='bbox 3553 2395 3731 2445; x_wconf 87' lang='lat' dir='ltr'>testes</span> 
     </span>
    </p>
   </div>
   <div class='ocr_carea' id='block_1_54' title="bbox 2083 2473 3731 2548">
    <p class='ocr_par' dir='ltr' id='par_1_54' title="bbox 2083 2473 3731 2548">
     <span class='ocr_line' id='line_1_54' title="bbox 2083 2473 3731 2548; baseline 0.004 -21"><span class='ocrx_word' id='word_1_388' title='bbox 2083 2474 2289 2545; x_wconf 84' lang='lat' dir='ltr'>injusti</span> <span class='ocrx_word' id='word_1_389' title='bbox 2324 2473 2390 2528; x_wconf 80' lang='grc'>⁷⁸.</span> <span class='ocrx_word' id='word_1_390' title='bbox 2426 2476 2621 2547; x_wconf 90' lang='lat' dir='ltr'>Spinis</span> <span class='ocrx_word' id='word_1_391' title='bbox 2679 2477 3084 2531; x_wconf 88' lang='lat' dir='ltr'>coronandum</span> <span class='ocrx_word' id='word_1_392' title='bbox 3141 2477 3424 2531; x_wconf 84' lang='lat' dir='ltr'>Jeremias</span> <span class='ocrx_word' id='word_1_393' title='bbox 3457 2479 3731 2548; x_wconf 66' lang='lat' dir='ltr'>praedixit</span> 
     </span>
    </p>
   </div>
   <div class='ocr_carea' id='block_1_55' title="bbox 2082 2562 3727 2636">
    <p class='ocr_par' dir='ltr' id='par_1_55' title="bbox 2082 2562 3727 2636">
     <span class='ocr_line' id='line_1_55' title="bbox 2082 2562 3727 2636; baseline 0.003 -21"><span class='ocrx_word' id='word_1_394' title='bbox 2082 2562 2172 2617; x_wconf 93' lang='lat' dir='ltr'>his</span> <span class='ocrx_word' id='word_1_395' title='bbox 2205 2563 2426 2617; x_wconf 90' lang='lat' dir='ltr'>verbis:</span> <span class='ocrx_word' id='word_1_396' title='bbox 2459 2565 2718 2635; x_wconf 83' lang='lat' dir='ltr'>POpulus</span> <span class='ocrx_word' id='word_1_397' title='bbox 2750 2565 2844 2620; x_wconf 93' lang='lat' dir='ltr'>hic</span> <span class='ocrx_word' id='word_1_398' title='bbox 2875 2565 3061 2636; x_wconf 88' lang='lat' dir='ltr'>spinis</span> <span class='ocrx_word' id='word_1_399' title='bbox 3087 2581 3328 2620; x_wconf 88' lang='lat' dir='ltr'>suorum</span> <span class='ocrx_word' id='word_1_400' title='bbox 3350 2571 3727 2636; x_wconf 89' lang='lat' dir='ltr'>peccatorum</span> 
     </span>
    </p>
   </div>
   <div class='ocr_carea' id='block_1_56' title="bbox 2079 2651 3726 2726">
    <p class='ocr_par' dir='ltr' id='par_1_56' title="bbox 2079 2651 3726 2726">
     <span class='ocr_line' id='line_1_56' title="bbox 2079 2651 3726 2726; baseline 0.004 -22"><span class='ocrx_word' id='word_1_401' title='bbox 2079 2667 2175 2706; x_wconf 89' lang='lat' dir='ltr'>me</span> <span class='ocrx_word' id='word_1_402' title='bbox 2195 2653 2586 2708; x_wconf 90' lang='lat' dir='ltr'>circumdedit</span> <span class='ocrx_word' id='word_1_403' title='bbox 2611 2651 2680 2707; x_wconf 77' lang='lat'>79.</span> <span class='ocrx_word' id='word_1_404' title='bbox 2704 2654 2870 2718; x_wconf 90' lang='lat' dir='ltr'>Quod</span> <span class='ocrx_word' id='word_1_405' title='bbox 2899 2659 3094 2708; x_wconf 90' lang='lat' dir='ltr'>autem</span> <span class='ocrx_word' id='word_1_406' title='bbox 3127 2654 3206 2708; x_wconf 86' lang='lat' dir='ltr'>fel</span> <span class='ocrx_word' id='word_1_407' title='bbox 3235 2671 3342 2726; x_wconf 90' lang='lat' dir='ltr'>pro</span> <span class='ocrx_word' id='word_1_408' title='bbox 3361 2654 3490 2710; x_wconf 89' lang='lat' dir='ltr'>cibo</span> <span class='ocrx_word' id='word_1_409' title='bbox 3523 2660 3581 2710; x_wconf 88' lang='lat' dir='ltr'>et</span> <span class='ocrx_word' id='word_1_410' title='bbox 3596 2673 3726 2710; x_wconf 87' lang='lat' dir='ltr'>ace-</span> 
     </span>
    </p>
   </div>
   <div class='ocr_carea' id='block_1_57' title="bbox 2081 2741 3725 2814">
    <p class='ocr_par' dir='ltr' id='par_1_57' title="bbox 2081 2741 3725 2814">
     <span class='ocr_line' id='line_1_57' title="bbox 2081 2741 3725 2814; baseline 0.003 -20"><span class='ocrx_word' id='word_1_411' title='bbox 2081 2745 2203 2795; x_wconf 84' lang='lat' dir='ltr'>tum</span> <span class='ocrx_word' id='word_1_412' title='bbox 2233 2758 2338 2812; x_wconf 92' lang='lat' dir='ltr'>pro</span> <span class='ocrx_word' id='word_1_413' title='bbox 2369 2748 2510 2813; x_wconf 86' lang='lat' dir='ltr'>potu</span> <span class='ocrx_word' id='word_1_414' title='bbox 2537 2742 2588 2796; x_wconf 90' lang='lat' dir='ltr'>ei</span> <span class='ocrx_word' id='word_1_415' title='bbox 2621 2741 3021 2798; x_wconf 89' lang='lat' dir='ltr'>exhibendum</span> <span class='ocrx_word' id='word_1_416' title='bbox 3050 2742 3370 2814; x_wconf 89' lang='lat' dir='ltr'>aliquando</span> <span class='ocrx_word' id='word_1_417' title='bbox 3401 2750 3578 2809; x_wconf 90' lang='lat' dir='ltr'>esset,</span> <span class='ocrx_word' id='word_1_418' title='bbox 3611 2747 3725 2800; x_wconf 88' lang='lat' dir='ltr'>Da-</span> 
     </span>
    </p>
   </div>
   <div class='ocr_carea' id='block_1_58' title="bbox 2077 2828 3722 2902">
    <p class='ocr_par' dir='ltr' id='par_1_58' title="bbox 2077 2828 3722 2902">
     <span class='ocr_line' id='line_1_58' title="bbox 2077 2828 3722 2902; baseline 0.004 -20"><span class='ocrx_word' id='word_1_419' title='bbox 2077 2828 2246 2885; x_wconf 91' lang='lat' dir='ltr'>vidus</span> <span class='ocrx_word' id='word_1_420' title='bbox 2277 2831 2388 2885; x_wconf 92' lang='lat' dir='ltr'>hoc</span> <span class='ocrx_word' id='word_1_421' title='bbox 2419 2832 2658 2886; x_wconf 88' lang='lat' dir='ltr'>oraculo</span> <span class='ocrx_word' id='word_1_422' title='bbox 2687 2833 3079 2902; x_wconf 64' lang='lat' dir='ltr'>praemonuit:</span> <span class='ocrx_word' id='word_1_423' title='bbox 3104 2832 3203 2887; x_wconf 89' lang='lat' dir='ltr'>Fel</span> <span class='ocrx_word' id='word_1_424' title='bbox 3224 2833 3286 2886; x_wconf 91' lang='lat' dir='ltr'>in</span> <span class='ocrx_word' id='word_1_425' title='bbox 3308 2831 3505 2888; x_wconf 90' lang='lat' dir='ltr'>cibum</span> <span class='ocrx_word' id='word_1_426' title='bbox 3524 2849 3722 2889; x_wconf 90' lang='lat' dir='ltr'>meum</span> 
     </span>
    </p>
   </div>
   <div class='ocr_carea' id='block_1_59' title="bbox 2077 2920 3723 2992">
    <p class='ocr_par' dir='ltr' id='par_1_59' title="bbox 2077 2920 3723 2992">
     <span class='ocr_line' id='line_1_59' title="bbox 2077 2920 3723 2992; baseline 0.002 -19"><span class='ocrx_word' id='word_1_427' title='bbox 2077 2920 2474 2987; x_wconf 87' lang='lat' dir='ltr'>immiserunt,</span> <span class='ocrx_word' id='word_1_428' title='bbox 2509 2922 2850 2992; x_wconf 87' lang='lat' dir='ltr'>sitientique</span> <span class='ocrx_word' id='word_1_429' title='bbox 2880 2927 3114 2976; x_wconf 90' lang='lat' dir='ltr'>acetum</span> <span class='ocrx_word' id='word_1_430' title='bbox 3135 2921 3461 2976; x_wconf 89' lang='lat' dir='ltr'>bibendum</span> <span class='ocrx_word' id='word_1_431' title='bbox 3495 2922 3723 2977; x_wconf 89' lang='lat' dir='ltr'>obtule-</span> 
     </span>
    </p>
   </div>
   <div class='ocr_carea' id='block_1_60' title="bbox 2075 3007 3722 3064">
    <p class='ocr_par' dir='ltr' id='par_1_60' title="bbox 2075 3007 3722 3064">
     <span class='ocr_line' id='line_1_60' title="bbox 2075 3007 3722 3064; baseline 0.002 -3"><span class='ocrx_word' id='word_1_432' title='bbox 2075 3015 2215 3062; x_wconf 90' lang='lat' dir='ltr'>runt</span> <span class='ocrx_word' id='word_1_433' title='bbox 2243 3007 2308 3063; x_wconf 77' lang='lat'>3°.</span> <span class='ocrx_word' id='word_1_434' title='bbox 2342 3009 2619 3064; x_wconf 89' lang='lat' dir='ltr'>Ludibrio</span> <span class='ocrx_word' id='word_1_435' title='bbox 2651 3009 2920 3064; x_wconf 90' lang='lat' dir='ltr'>habitum</span> <span class='ocrx_word' id='word_1_436' title='bbox 2951 3009 3023 3063; x_wconf 92' lang='lat' dir='ltr'>iri</span> <span class='ocrx_word' id='word_1_437' title='bbox 3053 3010 3337 3064; x_wconf 85' lang='lat' dir='ltr'>Jeremias</span> <span class='ocrx_word' id='word_1_438' title='bbox 3368 3027 3604 3064; x_wconf 87' lang='lat' dir='ltr'>rursum</span> <span class='ocrx_word' id='word_1_439' title='bbox 3636 3011 3722 3064; x_wconf 89' lang='lat' dir='ltr'>in-</span> 
     </span>
    </p>
   </div>
   <div class='ocr_carea' id='block_1_61' title="bbox 2077 3096 3722 3170">
    <p class='ocr_par' dir='ltr' id='par_1_61' title="bbox 2077 3096 3722 3170">
     <span class='ocr_line' id='line_1_61' title="bbox 2077 3096 3722 3170; baseline 0.003 -20"><span class='ocrx_word' id='word_1_440' title='bbox 2077 3096 2268 3152; x_wconf 88' lang='lat' dir='ltr'>dicat:</span> <span class='ocrx_word' id='word_1_441' title='bbox 2304 3097 3086 3170; x_wconf 84' lang='lat' dir='ltr'>Ludibrium,inquit,factus</span> <span class='ocrx_word' id='word_1_442' title='bbox 3106 3115 3236 3154; x_wconf 90' lang='lat' dir='ltr'>sum</span> <span class='ocrx_word' id='word_1_443' title='bbox 3257 3099 3393 3153; x_wconf 91' lang='lat' dir='ltr'>huic</span> <span class='ocrx_word' id='word_1_444' title='bbox 3408 3099 3629 3170; x_wconf 90' lang='lat' dir='ltr'>populo</span> <span class='ocrx_word' id='word_1_445' title='bbox 3653 3099 3722 3155; x_wconf 75' lang='grc' dir='ltr'>ει.</span> 
     </span>
    </p>
   </div>
   <div class='ocr_carea' id='block_1_62' title="bbox 2078 3187 3725 3260">
    <p class='ocr_par' dir='ltr' id='par_1_62' title="bbox 2078 3187 3725 3260">
     <span class='ocr_line' id='line_1_62' title="bbox 2078 3187 3725 3260; baseline 0.001 -19"><span class='ocrx_word' id='word_1_446' title='bbox 2078 3187 2244 3251; x_wconf 89' lang='lat' dir='ltr'>Quod</span> <span class='ocrx_word' id='word_1_447' title='bbox 2271 3187 2454 3242; x_wconf 81' lang='lat' dir='ltr'>Judaei</span> <span class='ocrx_word' id='word_1_448' title='bbox 2486 3203 2620 3243; x_wconf 88' lang='lat' dir='ltr'>eum</span> <span class='ocrx_word' id='word_1_449' title='bbox 2646 3188 2901 3244; x_wconf 89' lang='lat' dir='ltr'>vincturi</span> <span class='ocrx_word' id='word_1_450' title='bbox 2958 3193 3017 3242; x_wconf 89' lang='lat' dir='ltr'>et</span> <span class='ocrx_word' id='word_1_451' title='bbox 3072 3188 3133 3242; x_wconf 88' lang='lat' dir='ltr'>in</span> <span class='ocrx_word' id='word_1_452' title='bbox 3185 3188 3441 3260; x_wconf 80' lang='lat' dir='ltr'>ligneam</span> <span class='ocrx_word' id='word_1_453' title='bbox 3485 3205 3725 3243; x_wconf 88' lang='lat' dir='ltr'>crucem</span> 
     </span>
    </p>
   </div>
   <div class='ocr_carea' id='block_1_63' title="bbox 314 3247 1968 3348">
    <p class='ocr_par' dir='ltr' id='par_1_63' title="bbox 314 3270 1958 3346">
     <span class='ocr_line' id='line_1_63' title="bbox 314 3270 1958 3346; baseline 0.001 -22"><span class='ocrx_word' id='word_1_454' title='bbox 314 3273 753 3345; x_wconf 86' lang='grc' dir='ltr'>σταυρωθήσεται</span> <span class='ocrx_word' id='word_1_455' title='bbox 781 3270 868 3326; x_wconf 83' lang='grc' dir='ltr'>ἐπὶ</span> <span class='ocrx_word' id='word_1_456' title='bbox 898 3271 1062 3341; x_wconf 78' lang='grc' dir='ltr'>ξύλου</span> <span class='ocrx_word' id='word_1_457' title='bbox 1093 3273 1237 3346; x_wconf 85' lang='grc' dir='ltr'>παρὰ</span> <span class='ocrx_word' id='word_1_458' title='bbox 1265 3277 1372 3326; x_wconf 85' lang='grc' dir='ltr'>τῶν</span> <span class='ocrx_word' id='word_1_459' title='bbox 1411 3270 1714 3342; x_wconf 85' lang='grc' dir='ltr'>Ἰουδαίων,</span> <span class='ocrx_word' id='word_1_460' title='bbox 1749 3271 1897 3346; x_wconf 89' lang='grc' dir='ltr'>λέγει</span> <span class='ocrx_word' id='word_1_461' title='bbox 1930 3272 1958 3326; x_wconf 90' lang='grc' dir='ltr'>ὁ</span> 
     </span>
    </p>
   </div>
   <div class='ocr_carea' id='block_1_64' title="bbox 2079 3247 3727 3348">
    <p class='ocr_par' dir='ltr' id='par_1_64' title="bbox 2079 3276 3727 3348">
     <span class='ocr_line' id='line_1_64' title="bbox 2079 3276 3727 3348; baseline 0.002 -20"><span class='ocrx_word' id='word_1_462' title='bbox 2079 3276 2265 3330; x_wconf 87' lang='lat' dir='ltr'>acturi</span> <span class='ocrx_word' id='word_1_463' title='bbox 2299 3284 2517 3344; x_wconf 89' lang='lat' dir='ltr'>essent,</span> <span class='ocrx_word' id='word_1_464' title='bbox 2559 3277 2773 3332; x_wconf 89' lang='lat' dir='ltr'>Esdras</span> <span class='ocrx_word' id='word_1_465' title='bbox 2821 3277 3142 3348; x_wconf 66' lang='lat' dir='ltr'>prazdixit:</span> <span class='ocrx_word' id='word_1_466' title='bbox 3187 3277 3430 3348; x_wconf 80' lang='lat' dir='ltr'>Ligastis</span> <span class='ocrx_word' id='word_1_467' title='bbox 3473 3292 3568 3331; x_wconf 90' lang='lat' dir='ltr'>me</span> <span class='ocrx_word' id='word_1_468' title='bbox 3604 3293 3727 3332; x_wconf 91' lang='lat' dir='ltr'>non</span> 
     </span>
    </p>
   </div>
   <div class='ocr_carea' id='block_1_65' title="bbox 311 3357 1953 3440">
    <p class='ocr_par' dir='ltr' id='par_1_65' title="bbox 311 3357 1953 3440">
     <span class='ocr_line' id='line_1_65' title="bbox 311 3357 1953 3440; baseline -0.001 -23"><span class='ocrx_word' id='word_1_469' title='bbox 311 3357 564 3435; x_wconf 84' lang='grc' dir='ltr'>Ἒσδρας’</span> <span class='ocrx_word' id='word_1_470' title='bbox 599 3359 860 3432; x_wconf 80' lang='grc' dir='ltr'>Ἐδήσατέ</span> <span class='ocrx_word' id='word_1_471' title='bbox 889 3383 954 3434; x_wconf 91' lang='grc' dir='ltr'>με</span> <span class='ocrx_word' id='word_1_472' title='bbox 1020 3362 1128 3438; x_wconf 79' lang='grc' dir='ltr'>οὐχ</span> <span class='ocrx_word' id='word_1_473' title='bbox 1185 3363 1260 3424; x_wconf 84' lang='grc' dir='ltr'>ὡς</span> <span class='ocrx_word' id='word_1_474' title='bbox 1291 3365 1492 3438; x_wconf 87' lang='grc' dir='ltr'>πατέρα</span> <span class='ocrx_word' id='word_1_475' title='bbox 1529 3364 1620 3418; x_wconf 89' lang='grc' dir='ltr'>τὸν</span> <span class='ocrx_word' id='word_1_476' title='bbox 1655 3362 1953 3440; x_wconf 76' lang='grc' dir='ltr'>ῥυσάμενον</span> 
     </span>
    </p>
   </div>
   <div class='ocr_carea' id='block_1_66' title="bbox 311 3451 1955 3528">
    <p class='ocr_par' dir='ltr' id='par_1_66' title="bbox 311 3451 1955 3528">
     <span class='ocr_line' id='line_1_66' title="bbox 311 3451 1955 3528; baseline 0.001 -22"><span class='ocrx_word' id='word_1_477' title='bbox 311 3451 452 3525; x_wconf 78' lang='grc' dir='ltr'>ὑμᾶς</span> <span class='ocrx_word' id='word_1_478' title='bbox 486 3452 544 3506; x_wconf 82' lang='grc' dir='ltr'>ἐκ</span> <span class='ocrx_word' id='word_1_479' title='bbox 572 3459 674 3528; x_wconf 77' lang='grc' dir='ltr'>γῆς</span> <span class='ocrx_word' id='word_1_480' title='bbox 706 3451 1011 3527; x_wconf 75' lang='grc' dir='ltr'>Αἰγύπτου.</span> <span class='ocrx_word' id='word_1_481' title='bbox 1045 3455 1345 3527; x_wconf 79' lang='grc' dir='ltr'>Κράζοντες</span> <span class='ocrx_word' id='word_1_482' title='bbox 1363 3455 1448 3509; x_wconf 79' lang='grc' dir='ltr'>ἐπὶ</span> <span class='ocrx_word' id='word_1_483' title='bbox 1473 3458 1567 3508; x_wconf 88' lang='grc' dir='ltr'>τοῦ</span> <span class='ocrx_word' id='word_1_484' title='bbox 1597 3456 1844 3528; x_wconf 88' lang='grc' dir='ltr'>βήματος</span> <span class='ocrx_word' id='word_1_485' title='bbox 1859 3457 1955 3508; x_wconf 90' lang='grc' dir='ltr'>τοῦ</span> 
     </span>
    </p>
   </div>
   <div class='ocr_carea' id='block_1_67' title="bbox 309 3541 1956 3618">
    <p class='ocr_par' dir='ltr' id='par_1_67' title="bbox 309 3541 1956 3618">
     <span class='ocr_line' id='line_1_67' title="bbox 309 3541 1956 3618; baseline 0.001 -24"><span class='ocrx_word' id='word_1_486' title='bbox 309 3545 501 3616; x_wconf 88' lang='grc' dir='ltr'>κριτοῦ</span> <span class='ocrx_word' id='word_1_487' title='bbox 533 3541 926 3596; x_wconf 81' lang='grc' dir='ltr'>ἐταπεινώσατέ</span> <span class='ocrx_word' id='word_1_488' title='bbox 986 3563 1070 3615; x_wconf 91' lang='grc' dir='ltr'>με,</span> <span class='ocrx_word' id='word_1_489' title='bbox 1129 3545 1500 3618; x_wconf 79' lang='grc' dir='ltr'>κρεμασθῆναι</span> <span class='ocrx_word' id='word_1_490' title='bbox 1541 3541 1628 3598; x_wconf 82' lang='grc' dir='ltr'>ἐπὶ</span> <span class='ocrx_word' id='word_1_491' title='bbox 1667 3547 1762 3598; x_wconf 86' lang='grc' dir='ltr'>τοῦ</span> <span class='ocrx_word' id='word_1_492' title='bbox 1793 3542 1956 3612; x_wconf 79' lang='grc' dir='ltr'>ξύλου</span> 
     </span>
    </p>
   </div>
   <div class='ocr_carea' id='block_1_68' title="bbox 308 3629 1958 3708">
    <p class='ocr_par' dir='ltr' id='par_1_68' title="bbox 308 3629 1958 3708">
     <span class='ocr_line' id='line_1_68' title="bbox 308 3629 1958 3708; baseline 0.001 -24"><span class='ocrx_word' id='word_1_493' title='bbox 308 3629 660 3706; x_wconf 69' lang='grc' dir='ltr'>παρεδώκατέ</span> <span class='ocrx_word' id='word_1_494' title='bbox 721 3654 806 3705; x_wconf 88' lang='grc' dir='ltr'>με.</span> <span class='ocrx_word' id='word_1_495' title='bbox 865 3636 985 3687; x_wconf 75' lang='grc' dir='ltr'>’Ὁτι</span> <span class='ocrx_word' id='word_1_496' title='bbox 1043 3631 1100 3687; x_wconf 73' lang='grc' dir='ltr'>δὲ</span> <span class='ocrx_word' id='word_1_497' title='bbox 1155 3633 1245 3687; x_wconf 86' lang='grc' dir='ltr'>καὶ</span> <span class='ocrx_word' id='word_1_498' title='bbox 1307 3635 1626 3708; x_wconf 77' lang='grc' dir='ltr'>ταφήσεται,</span> <span class='ocrx_word' id='word_1_499' title='bbox 1695 3631 1958 3707; x_wconf 78' lang='grc' dir='ltr'>Ἱερεμίας</span> 
     </span>
    </p>
   </div>
   <div class='ocr_carea' id='block_1_69' title="bbox 309 3719 1954 3798">
    <p class='ocr_par' dir='ltr' id='par_1_69' title="bbox 309 3719 1954 3798">
     <span class='ocr_line' id='line_1_69' title="bbox 309 3719 1954 3798; baseline 0.002 -24"><span class='ocrx_word' id='word_1_500' title='bbox 309 3719 472 3794; x_wconf 79' lang='grc' dir='ltr'>λέγει·</span> <span class='ocrx_word' id='word_1_501' title='bbox 502 3723 593 3776; x_wconf 81' lang='grc' dir='ltr'>Ἐν</span> <span class='ocrx_word' id='word_1_502' title='bbox 621 3724 690 3794; x_wconf 77' lang='grc' dir='ltr'>τῇ</span> <span class='ocrx_word' id='word_1_503' title='bbox 718 3725 862 3798; x_wconf 79' lang='grc' dir='ltr'>ταφῇ</span> <span class='ocrx_word' id='word_1_504' title='bbox 913 3721 1078 3775; x_wconf 70' lang='grc' dir='ltr'>αὺτοῦ</span> <span class='ocrx_word' id='word_1_505' title='bbox 1128 3724 1636 3792; x_wconf 81' lang='grc' dir='ltr'>ζωοποιηθήσονται</span> <span class='ocrx_word' id='word_1_506' title='bbox 1669 3723 1719 3776; x_wconf 71' lang='grc' dir='ltr'>οἱ</span> <span class='ocrx_word' id='word_1_507' title='bbox 1751 3722 1954 3796; x_wconf 84' lang='grc' dir='ltr'>νεκροί.</span> 
     </span>
    </p>
   </div>
   <div class='ocr_carea' id='block_1_70' title="bbox 314 3809 1960 3885">
    <p class='ocr_par' dir='ltr' id='par_1_70' title="bbox 314 3809 1960 3885">
     <span class='ocr_line' id='line_1_70' title="bbox 314 3809 1960 3885; baseline 0.001 -19"><span class='ocrx_word' id='word_1_508' title='bbox 314 3809 402 3866; x_wconf 82' lang='grc' dir='ltr'>Ἐν</span> <span class='ocrx_word' id='word_1_509' title='bbox 431 3809 533 3885; x_wconf 76' lang='grc' dir='ltr'>γὰρ</span> <span class='ocrx_word' id='word_1_510' title='bbox 558 3815 639 3881; x_wconf 74' lang='grc' dir='ltr'>τῷ</span> <span class='ocrx_word' id='word_1_511' title='bbox 665 3815 843 3885; x_wconf 86' lang='grc' dir='ltr'>καιρῷ</span> <span class='ocrx_word' id='word_1_512' title='bbox 873 3811 1082 3883; x_wconf 83' lang='grc' dir='ltr'>ἐκείνῳ,</span> <span class='ocrx_word' id='word_1_513' title='bbox 1113 3810 1201 3865; x_wconf 78' lang='grc' dir='ltr'>ὅτε</span> <span class='ocrx_word' id='word_1_514' title='bbox 1242 3812 1270 3864; x_wconf 92' lang='lat'>6</span> <span class='ocrx_word' id='word_1_515' title='bbox 1330 3812 1604 3879; x_wconf 81' lang='grc' dir='ltr'>Δεσπότης</span> <span class='ocrx_word' id='word_1_516' title='bbox 1662 3813 1822 3883; x_wconf 75' lang='grc' dir='ltr'>ἡμῶν</span> <span class='ocrx_word' id='word_1_517' title='bbox 1854 3813 1960 3881; x_wconf 86' lang='grc' dir='ltr'>Ἰη-</span> 
     </span>
    </p>
   </div>
   <div class='ocr_carea' id='block_1_71' title="bbox 315 3898 1957 3974">
    <p class='ocr_par' dir='ltr' id='par_1_71' title="bbox 315 3898 1957 3974">
     <span class='ocr_line' id='line_1_71' title="bbox 315 3898 1957 3974; baseline 0.001 -21"><span class='ocrx_word' id='word_1_518' title='bbox 315 3905 440 3960; x_wconf 86' lang='grc' dir='ltr'>σοῦς</span> <span class='ocrx_word' id='word_1_519' title='bbox 471 3899 522 3954; x_wconf 82' lang='grc' dir='ltr'>ἐν</span> <span class='ocrx_word' id='word_1_520' title='bbox 554 3899 633 3972; x_wconf 79' lang='grc' dir='ltr'>τῷ</span> <span class='ocrx_word' id='word_1_521' title='bbox 660 3900 832 3973; x_wconf 83' lang='grc' dir='ltr'>τιμίῳ</span> <span class='ocrx_word' id='word_1_522' title='bbox 865 3900 1028 3954; x_wconf 81' lang='grc' dir='ltr'>αὐτοῦ</span> <span class='ocrx_word' id='word_1_523' title='bbox 1079 3901 1240 3956; x_wconf 80' lang='grc' dir='ltr'>πάθει</span> <span class='ocrx_word' id='word_1_524' title='bbox 1269 3898 1550 3974; x_wconf 80' lang='grc' dir='ltr'>παρέδωκε</span> <span class='ocrx_word' id='word_1_525' title='bbox 1605 3900 1667 3954; x_wconf 87' lang='grc' dir='ltr'>τὸ</span> <span class='ocrx_word' id='word_1_526' title='bbox 1723 3905 1957 3974; x_wconf 86' lang='grc' dir='ltr'>πνεῦμα,</span> 
     </span>
    </p>
   </div>
   <div class='ocr_carea' id='block_1_72' title="bbox 314 3987 1960 4064">
    <p class='ocr_par' dir='ltr' id='par_1_72' title="bbox 314 3987 1960 4064">
     <span class='ocr_line' id='line_1_72' title="bbox 314 3987 1960 4064; baseline 0.001 -22"><span class='ocrx_word' id='word_1_527' title='bbox 314 3989 364 4042; x_wconf 72' lang='grc' dir='ltr'>οἱ</span> <span class='ocrx_word' id='word_1_528' title='bbox 394 3989 560 4064; x_wconf 76' lang='grc' dir='ltr'>τάφοι</span> <span class='ocrx_word' id='word_1_529' title='bbox 594 3990 981 4063; x_wconf 81' lang='grc' dir='ltr'>ἠνεῴχθησαν,</span> <span class='ocrx_word' id='word_1_530' title='bbox 1013 3991 1099 4044; x_wconf 84' lang='grc' dir='ltr'>καὶ</span> <span class='ocrx_word' id='word_1_531' title='bbox 1159 3987 1345 4044; x_wconf 83' lang='grc' dir='ltr'>πολλὰ</span> <span class='ocrx_word' id='word_1_532' title='bbox 1392 3990 1619 4062; x_wconf 84' lang='grc' dir='ltr'>σώματα</span> <span class='ocrx_word' id='word_1_533' title='bbox 1647 3994 1755 4044; x_wconf 89' lang='grc' dir='ltr'>τῶν</span> <span class='ocrx_word' id='word_1_534' title='bbox 1783 4010 1960 4044; x_wconf 88' lang='grc' dir='ltr'>κεκοι-</span> 
     </span>
    </p>
   </div>
   <div class='ocr_carea' id='block_1_73' title="bbox 321 4077 1961 4154">
    <p class='ocr_par' dir='ltr' id='par_1_73' title="bbox 321 4077 1961 4154">
     <span class='ocr_line' id='line_1_73' title="bbox 321 4077 1961 4154; baseline 0.001 -22"><span class='ocrx_word' id='word_1_535' title='bbox 321 4077 583 4150; x_wconf 76' lang='grc' dir='ltr'>μημένων</span> <span class='ocrx_word' id='word_1_536' title='bbox 617 4077 786 4154; x_wconf 82' lang='grc' dir='ltr'>ἁγίων</span> <span class='ocrx_word' id='word_1_537' title='bbox 817 4079 1044 4154; x_wconf 80' lang='grc' dir='ltr'>ἠγέρθη,</span> <span class='ocrx_word' id='word_1_538' title='bbox 1095 4081 1123 4133; x_wconf 90' lang='lat'>6</span> <span class='ocrx_word' id='word_1_539' title='bbox 1180 4077 1344 4148; x_wconf 64' lang='grc' dir='ltr'>ἣλιος</span> <span class='ocrx_word' id='word_1_540' title='bbox 1390 4077 1704 4149; x_wconf 82' lang='grc' dir='ltr'>ἐσκοτίσθη,</span> <span class='ocrx_word' id='word_1_541' title='bbox 1751 4079 1814 4134; x_wconf 87' lang='grc' dir='ltr'>τὸ</span> <span class='ocrx_word' id='word_1_542' title='bbox 1861 4100 1961 4133; x_wconf 84' lang='grc' dir='ltr'>κα-</span> 
     </span>
    </p>
   </div>
   <div class='ocr_carea' id='block_1_74' title="bbox 313 4165 1963 4245">
    <p class='ocr_par' dir='ltr' id='par_1_74' title="bbox 313 4165 1963 4245">
     <span class='ocr_line' id='line_1_74' title="bbox 313 4165 1963 4245; baseline 0.001 -25"><span class='ocrx_word' id='word_1_543' title='bbox 313 4167 634 4240; x_wconf 85' lang='grc' dir='ltr'>ταπέτασμα</span> <span class='ocrx_word' id='word_1_544' title='bbox 653 4171 752 4221; x_wconf 90' lang='grc' dir='ltr'>τοῦ</span> <span class='ocrx_word' id='word_1_545' title='bbox 789 4172 920 4221; x_wconf 91' lang='grc' dir='ltr'>ναοῦ</span> <span class='ocrx_word' id='word_1_546' title='bbox 945 4165 1194 4245; x_wconf 82' lang='grc' dir='ltr'>ἐσχίσθη,</span> <span class='ocrx_word' id='word_1_547' title='bbox 1227 4167 1316 4222; x_wconf 86' lang='grc' dir='ltr'>καὶ</span> <span class='ocrx_word' id='word_1_548' title='bbox 1361 4169 1580 4240; x_wconf 88' lang='grc' dir='ltr'>σεισμὸς</span> <span class='ocrx_word' id='word_1_549' title='bbox 1615 4167 1776 4244; x_wconf 87' lang='grc' dir='ltr'>μέγας</span> <span class='ocrx_word' id='word_1_550' title='bbox 1828 4168 1963 4222; x_wconf 84' lang='grc' dir='ltr'>κατὰ</span> 
     </span>
    </p>
   </div>
   <div class='ocr_carea' id='block_1_75' title="bbox 315 4254 1965 4330">
    <p class='ocr_par' dir='ltr' id='par_1_75' title="bbox 315 4254 1965 4330">
     <span class='ocr_line' id='line_1_75' title="bbox 315 4254 1965 4330; baseline 0.001 -21"><span class='ocrx_word' id='word_1_551' title='bbox 315 4261 494 4309; x_wconf 76' lang='grc' dir='ltr'>πᾶσαν</span> <span class='ocrx_word' id='word_1_552' title='bbox 521 4257 621 4324; x_wconf 75' lang='grc' dir='ltr'>τὴν</span> <span class='ocrx_word' id='word_1_553' title='bbox 651 4254 977 4328; x_wconf 70' lang='grc' dir='ltr'>οἰκουμένην</span> <span class='ocrx_word' id='word_1_554' title='bbox 1013 4255 1242 4330; x_wconf 79' lang='grc' dir='ltr'>ἐγένετο.</span> <span class='ocrx_word' id='word_1_555' title='bbox 1302 4259 1483 4313; x_wconf 87' lang='grc' dir='ltr'>Ταῦτα</span> <span class='ocrx_word' id='word_1_556' title='bbox 1512 4257 1688 4311; x_wconf 82' lang='grc' dir='ltr'>πάντα</span> <span class='ocrx_word' id='word_1_557' title='bbox 1725 4257 1774 4310; x_wconf 83' lang='grc' dir='ltr'>εἷ’</span> <span class='ocrx_word' id='word_1_558' title='bbox 1803 4254 1965 4328; x_wconf 87' lang='grc' dir='ltr'>δυνη-</span> 
     </span>
    </p>
   </div>
   <div class='ocr_carea' id='block_1_76' title="bbox 316 4342 1966 4421">
    <p class='ocr_par' dir='ltr' id='par_1_76' title="bbox 316 4342 1966 4421">
     <span class='ocr_line' id='line_1_76' title="bbox 316 4342 1966 4421; baseline 0.001 -22"><span class='ocrx_word' id='word_1_559' title='bbox 316 4347 420 4415; x_wconf 79' lang='grc' dir='ltr'>θῇς</span> <span class='ocrx_word' id='word_1_560' title='bbox 451 4347 518 4415; x_wconf 78' lang='grc'>⁸³,</span> <span class='ocrx_word' id='word_1_561' title='bbox 551 4345 596 4398; x_wconf 84' lang='grc' dir='ltr'>ὧ</span> <span class='ocrx_word' id='word_1_562' title='bbox 629 4342 879 4414; x_wconf 86' lang='grc' dir='ltr'>Ἰουδαῖε,</span> <span class='ocrx_word' id='word_1_563' title='bbox 915 4347 991 4419; x_wconf 74' lang='grc' dir='ltr'>μὴ</span> <span class='ocrx_word' id='word_1_564' title='bbox 1025 4346 1160 4401; x_wconf 77' lang='grc' dir='ltr'>εἶναι</span> <span class='ocrx_word' id='word_1_565' title='bbox 1192 4346 1337 4420; x_wconf 83' lang='grc' dir='ltr'>παρὰ</span> <span class='ocrx_word' id='word_1_566' title='bbox 1367 4350 1474 4401; x_wconf 89' lang='grc' dir='ltr'>τῶν</span> <span class='ocrx_word' id='word_1_567' title='bbox 1505 4345 1776 4419; x_wconf 85' lang='grc' dir='ltr'>ὑμετέρων</span> <span class='ocrx_word' id='word_1_568' title='bbox 1828 4367 1966 4421; x_wconf 88' lang='grc' dir='ltr'>προ-</span> 
     </span>
    </p>
   </div>
   <div class='ocr_carea' id='block_1_77' title="bbox 323 4433 1967 4510">
    <p class='ocr_par' dir='ltr' id='par_1_77' title="bbox 323 4433 1967 4510">
     <span class='ocr_line' id='line_1_77' title="bbox 323 4433 1967 4510; baseline 0.002 -23"><span class='ocrx_word' id='word_1_569' title='bbox 323 4439 509 4510; x_wconf 84' lang='grc' dir='ltr'>φητῶν</span> <span class='ocrx_word' id='word_1_570' title='bbox 538 4433 1023 4509; x_wconf 86' lang='grc' dir='ltr'>προκηρυχθέντα,</span> <span class='ocrx_word' id='word_1_571' title='bbox 1050 4436 1126 4498; x_wconf 82' lang='grc' dir='ltr'>ὡς</span> <span class='ocrx_word' id='word_1_572' title='bbox 1157 4434 1392 4509; x_wconf 73' lang='grc' dir='ltr'>ψεύστην</span> <span class='ocrx_word' id='word_1_573' title='bbox 1452 4433 1704 4506; x_wconf 68' lang='grc' dir='ltr'>ἐνίκησας</span> <span class='ocrx_word' id='word_1_574' title='bbox 1759 4457 1844 4510; x_wconf 89' lang='grc' dir='ltr'>με·</span> <span class='ocrx_word' id='word_1_575' title='bbox 1905 4435 1967 4494; x_wconf 82' lang='grc' dir='ltr'>Εἰ</span> 
     </span>
    </p>
   </div>
   <div class='ocr_carea' id='block_1_78' title="bbox 319 4519 1970 4602">
    <p class='ocr_par' dir='ltr' id='par_1_78' title="bbox 319 4519 1970 4602">
     <span class='ocr_line' id='line_1_78' title="bbox 319 4519 1970 4602; baseline 0.002 -27"><span class='ocrx_word' id='word_1_576' title='bbox 319 4519 362 4575; x_wconf 79' lang='grc' dir='ltr'>δ’</span> <span class='ocrx_word' id='word_1_577' title='bbox 387 4521 614 4592; x_wconf 86' lang='grc' dir='ltr'>ἀληθῶς</span> <span class='ocrx_word' id='word_1_578' title='bbox 638 4525 763 4596; x_wconf 87' lang='grc' dir='ltr'>παρ’</span> <span class='ocrx_word' id='word_1_579' title='bbox 796 4521 1013 4579; x_wconf 83' lang='grc' dir='ltr'>ἐκείνων</span> <span class='ocrx_word' id='word_1_580' title='bbox 1061 4520 1496 4602; x_wconf 78' lang='grc' dir='ltr'>προφητευθέντα</span> <span class='ocrx_word' id='word_1_581' title='bbox 1552 4523 1676 4592; x_wconf 76' lang='grc' dir='ltr'>εἰσὶ,</span> <span class='ocrx_word' id='word_1_582' title='bbox 1707 4531 1824 4588; x_wconf 89' lang='grc' dir='ltr'>τοῖς</span> <span class='ocrx_word' id='word_1_583' title='bbox 1853 4531 1970 4579; x_wconf 86' lang='grc' dir='ltr'>σοῖ-</span> 
     </span>
    </p>
   </div>
   <div class='ocr_carea' id='block_1_79' title="bbox 2069 3365 3723 3439">
    <p class='ocr_par' dir='ltr' id='par_1_79' title="bbox 2069 3365 3723 3439">
     <span class='ocr_line' id='line_1_79' title="bbox 2069 3365 3723 3439; baseline 0.001 -21"><span class='ocrx_word' id='word_1_584' title='bbox 2069 3371 2135 3419; x_wconf 92' lang='lat' dir='ltr'>ut</span> <span class='ocrx_word' id='word_1_585' title='bbox 2150 3367 2406 3433; x_wconf 88' lang='lat' dir='ltr'>Patrem,</span> <span class='ocrx_word' id='word_1_586' title='bbox 2421 3367 2522 3438; x_wconf 87' lang='lat' dir='ltr'>qui</span> <span class='ocrx_word' id='word_1_587' title='bbox 2544 3384 2643 3421; x_wconf 89' lang='lat' dir='ltr'>vos</span> <span class='ocrx_word' id='word_1_588' title='bbox 2661 3383 2730 3422; x_wconf 86' lang='lat' dir='ltr'>ex</span> <span class='ocrx_word' id='word_1_589' title='bbox 2747 3369 2988 3439; x_wconf 64' lang='lat' dir='ltr'>Egypto</span> <span class='ocrx_word' id='word_1_590' title='bbox 3001 3366 3344 3434; x_wconf 87' lang='lat' dir='ltr'>liberasset;</span> <span class='ocrx_word' id='word_1_591' title='bbox 3370 3365 3627 3421; x_wconf 89' lang='lat' dir='ltr'>clamore</span> <span class='ocrx_word' id='word_1_592' title='bbox 3649 3366 3723 3420; x_wconf 91' lang='lat' dir='ltr'>ad</span> 
     </span>
    </p>
   </div>
   <div class='ocr_carea' id='block_1_80' title="bbox 2069 3454 3710 3529">
    <p class='ocr_par' dir='ltr' id='par_1_80' title="bbox 2069 3454 3710 3529">
     <span class='ocr_line' id='line_1_80' title="bbox 2069 3454 3710 3529; baseline 0.001 -21"><span class='ocrx_word' id='word_1_593' title='bbox 2069 3454 2328 3510; x_wconf 88' lang='lat' dir='ltr'>tribunal</span> <span class='ocrx_word' id='word_1_594' title='bbox 2351 3456 2574 3528; x_wconf 88' lang='lat' dir='ltr'>judicis</span> <span class='ocrx_word' id='word_1_595' title='bbox 2613 3458 2995 3529; x_wconf 78' lang='lat' dir='ltr'>oppugnastis</span> <span class='ocrx_word' id='word_1_596' title='bbox 3036 3473 3150 3527; x_wconf 86' lang='lat' dir='ltr'>me,</span> <span class='ocrx_word' id='word_1_597' title='bbox 3186 3455 3565 3526; x_wconf 86' lang='lat' dir='ltr'>oppressistis</span> <span class='ocrx_word' id='word_1_598' title='bbox 3594 3472 3710 3522; x_wconf 90' lang='lat' dir='ltr'>me,</span> 
     </span>
    </p>
   </div>
   <div class='ocr_carea' id='block_1_81' title="bbox 2070 3544 3720 3618">
    <p class='ocr_par' dir='ltr' id='par_1_81' title="bbox 2070 3544 3720 3618">
     <span class='ocr_line' id='line_1_81' title="bbox 2070 3544 3720 3618; baseline 0.002 -21"><span class='ocrx_word' id='word_1_599' title='bbox 2070 3559 2138 3598; x_wconf 88' lang='lat' dir='ltr'>ac</span> <span class='ocrx_word' id='word_1_600' title='bbox 2169 3545 2499 3601; x_wconf 87' lang='lat' dir='ltr'>tradidistis</span> <span class='ocrx_word' id='word_1_601' title='bbox 2529 3546 2589 3600; x_wconf 90' lang='lat' dir='ltr'>in</span> <span class='ocrx_word' id='word_1_602' title='bbox 2621 3545 2775 3616; x_wconf 82' lang='lat' dir='ltr'>ligno</span> <span class='ocrx_word' id='word_1_603' title='bbox 2807 3544 3315 3618; x_wconf 88' lang='lat' dir='ltr'>suspendendum.</span> <span class='ocrx_word' id='word_1_604' title='bbox 3340 3545 3720 3615; x_wconf 88' lang='lat' dir='ltr'>Sepulturam</span> 
     </span>
    </p>
   </div>
   <div class='ocr_carea' id='block_1_82' title="bbox 2068 3635 3720 3706">
    <p class='ocr_par' dir='ltr' id='par_1_82' title="bbox 2068 3635 3720 3706">
     <span class='ocr_line' id='line_1_82' title="bbox 2068 3635 3720 3706; baseline 0.001 -19"><span class='ocrx_word' id='word_1_605' title='bbox 2068 3649 2303 3703; x_wconf 88' lang='lat' dir='ltr'>quoque</span> <span class='ocrx_word' id='word_1_606' title='bbox 2329 3635 2378 3705; x_wconf 87' lang='lat' dir='ltr'>ej</span> <span class='ocrx_word' id='word_1_607' title='bbox 2391 3653 2456 3690; x_wconf 90' lang='lat' dir='ltr'>us</span> <span class='ocrx_word' id='word_1_608' title='bbox 2473 3636 2755 3690; x_wconf 85' lang='lat' dir='ltr'>Jeremias</span> <span class='ocrx_word' id='word_1_609' title='bbox 2771 3635 3042 3706; x_wconf 61' lang='lat' dir='ltr'>praedixit</span> <span class='ocrx_word' id='word_1_610' title='bbox 3065 3651 3200 3689; x_wconf 88' lang='lat' dir='ltr'>eum</span> <span class='ocrx_word' id='word_1_611' title='bbox 3223 3635 3448 3704; x_wconf 89' lang='lat' dir='ltr'>inquit:</span> <span class='ocrx_word' id='word_1_612' title='bbox 3474 3637 3529 3687; x_wconf 83' lang='lat' dir='ltr'>Is</span> <span class='ocrx_word' id='word_1_613' title='bbox 3552 3651 3720 3704; x_wconf 90' lang='lat' dir='ltr'>sepe-</span> 
     </span>
    </p>
   </div>
   <div class='ocr_carea' id='block_1_83' title="bbox 2067 3723 3719 3794">
    <p class='ocr_par' dir='ltr' id='par_1_83' title="bbox 2067 3723 3719 3794">
     <span class='ocr_line' id='line_1_83' title="bbox 2067 3723 3719 3794; baseline -0.001 -16"><span class='ocrx_word' id='word_1_614' title='bbox 2067 3723 2262 3789; x_wconf 89' lang='lat' dir='ltr'>lietur,</span> <span class='ocrx_word' id='word_1_615' title='bbox 2275 3741 2340 3779; x_wconf 88' lang='lat' dir='ltr'>ea</span> <span class='ocrx_word' id='word_1_616' title='bbox 2353 3742 2446 3780; x_wconf 89' lang='lat' dir='ltr'>res</span> <span class='ocrx_word' id='word_1_617' title='bbox 2461 3727 2710 3779; x_wconf 89' lang='lat' dir='ltr'>mortuis</span> <span class='ocrx_word' id='word_1_618' title='bbox 2723 3726 2899 3779; x_wconf 90' lang='lat' dir='ltr'>vitam</span> <span class='ocrx_word' id='word_1_619' title='bbox 2912 3725 3266 3789; x_wconf 90' lang='lat' dir='ltr'>reddet.Quo</span> <span class='ocrx_word' id='word_1_620' title='bbox 3281 3724 3439 3778; x_wconf 91' lang='lat' dir='ltr'>enim</span> <span class='ocrx_word' id='word_1_621' title='bbox 3455 3730 3719 3794; x_wconf 91' lang='lat' dir='ltr'>tempore</span> 
     </span>
    </p>
   </div>
   <div class='ocr_carea' id='block_1_84' title="bbox 2071 3811 3717 3884">
    <p class='ocr_par' dir='ltr' id='par_1_84' title="bbox 2071 3811 3717 3884">
     <span class='ocr_line' id='line_1_84' title="bbox 2071 3811 3717 3884; baseline -0.003 -15"><span class='ocrx_word' id='word_1_622' title='bbox 2071 3814 2354 3869; x_wconf 88' lang='lat' dir='ltr'>Dominus</span> <span class='ocrx_word' id='word_1_623' title='bbox 2385 3819 2587 3868; x_wconf 89' lang='lat' dir='ltr'>noster</span> <span class='ocrx_word' id='word_1_624' title='bbox 2616 3814 2880 3868; x_wconf 89' lang='lat' dir='ltr'>Christus</span> <span class='ocrx_word' id='word_1_625' title='bbox 2909 3815 3170 3884; x_wconf 89' lang='lat' dir='ltr'>pretiosa</span> <span class='ocrx_word' id='word_1_626' title='bbox 3200 3830 3305 3867; x_wconf 90' lang='lat' dir='ltr'>sua</span> <span class='ocrx_word' id='word_1_627' title='bbox 3335 3813 3396 3865; x_wconf 89' lang='lat' dir='ltr'>in</span> <span class='ocrx_word' id='word_1_628' title='bbox 3441 3811 3717 3882; x_wconf 89' lang='lat' dir='ltr'>passione</span> 
     </span>
    </p>
   </div>
   <div class='ocr_carea' id='block_1_85' title="bbox 2072 3898 3718 3973">
    <p class='ocr_par' dir='ltr' id='par_1_85' title="bbox 2072 3898 3718 3973">
     <span class='ocr_line' id='line_1_85' title="bbox 2072 3898 3718 3973; baseline -0.004 -17"><span class='ocrx_word' id='word_1_629' title='bbox 2072 3902 2409 3973; x_wconf 83' lang='lat' dir='ltr'>exspiravit,</span> <span class='ocrx_word' id='word_1_630' title='bbox 2445 3918 2512 3956; x_wconf 92' lang='lat' dir='ltr'>eo</span> <span class='ocrx_word' id='word_1_631' title='bbox 2544 3901 2816 3973; x_wconf 89' lang='lat' dir='ltr'>sepulcra</span> <span class='ocrx_word' id='word_1_632' title='bbox 2837 3905 2974 3955; x_wconf 81' lang='lat' dir='ltr'>sunt</span> <span class='ocrx_word' id='word_1_633' title='bbox 2993 3907 3215 3972; x_wconf 89' lang='lat' dir='ltr'>aperta,</span> <span class='ocrx_word' id='word_1_634' title='bbox 3250 3898 3541 3968; x_wconf 90' lang='lat' dir='ltr'>multique</span> <span class='ocrx_word' id='word_1_635' title='bbox 3565 3914 3718 3952; x_wconf 91' lang='lat' dir='ltr'>mor-</span> 
     </span>
    </p>
   </div>
   <div class='ocr_carea' id='block_1_86' title="bbox 2072 3987 3714 4055">
    <p class='ocr_par' dir='ltr' id='par_1_86' title="bbox 2072 3987 3714 4055">
     <span class='ocr_line' id='line_1_86' title="bbox 2072 3987 3714 4055; baseline -0.004 -9"><span class='ocrx_word' id='word_1_636' title='bbox 2072 3998 2306 4046; x_wconf 88' lang='lat' dir='ltr'>tuorum</span> <span class='ocrx_word' id='word_1_637' title='bbox 2325 3996 2665 4046; x_wconf 89' lang='lat' dir='ltr'>sanctorum</span> <span class='ocrx_word' id='word_1_638' title='bbox 2679 3991 3009 4045; x_wconf 88' lang='lat' dir='ltr'>reviverunt</span> <span class='ocrx_word' id='word_1_639' title='bbox 3029 4005 3041 4055; x_wconf 90' lang='lat'>;</span> <span class='ocrx_word' id='word_1_640' title='bbox 3060 3988 3148 4044; x_wconf 91' lang='lat' dir='ltr'>sol</span> <span class='ocrx_word' id='word_1_641' title='bbox 3162 3987 3583 4044; x_wconf 87' lang='lat' dir='ltr'>obtenebratus</span> <span class='ocrx_word' id='word_1_642' title='bbox 3603 3991 3714 4052; x_wconf 89' lang='lat' dir='ltr'>est,</span> 
     </span>
    </p>
   </div>
   <div class='ocr_carea' id='block_1_87' title="bbox 2071 4075 3718 4151">
    <p class='ocr_par' dir='ltr' id='par_1_87' title="bbox 2071 4075 3718 4151">
     <span class='ocr_line' id='line_1_87' title="bbox 2071 4075 3718 4151; baseline -0.004 -17"><span class='ocrx_word' id='word_1_643' title='bbox 2071 4080 2265 4135; x_wconf 87' lang='lat' dir='ltr'>velum</span> <span class='ocrx_word' id='word_1_644' title='bbox 2290 4081 2494 4151; x_wconf 90' lang='lat' dir='ltr'>templi</span> <span class='ocrx_word' id='word_1_645' title='bbox 2516 4081 2784 4150; x_wconf 86' lang='lat' dir='ltr'>scissum,</span> <span class='ocrx_word' id='word_1_646' title='bbox 2809 4094 3174 4150; x_wconf 81' lang='lat' dir='ltr'>magnusque</span> <span class='ocrx_word' id='word_1_647' title='bbox 3195 4079 3500 4149; x_wconf 86' lang='lat' dir='ltr'>pertotum</span> <span class='ocrx_word' id='word_1_648' title='bbox 3515 4075 3718 4129; x_wconf 90' lang='lat' dir='ltr'>orbem</span> 
     </span>
    </p>
   </div>
   <div class='ocr_carea' id='block_1_88' title="bbox 2072 4166 3715 4236">
    <p class='ocr_par' dir='ltr' id='par_1_88' title="bbox 2072 4166 3715 4236">
     <span class='ocr_line' id='line_1_88' title="bbox 2072 4166 3715 4236; baseline -0.004 -12"><span class='ocrx_word' id='word_1_649' title='bbox 2072 4176 2244 4226; x_wconf 78' lang='lat' dir='ltr'>terrae</span> <span class='ocrx_word' id='word_1_650' title='bbox 2260 4176 2455 4224; x_wconf 87' lang='lat' dir='ltr'>motus</span> <span class='ocrx_word' id='word_1_651' title='bbox 2473 4169 2601 4225; x_wconf 86' lang='lat' dir='ltr'>fuit.</span> <span class='ocrx_word' id='word_1_652' title='bbox 2624 4171 2756 4224; x_wconf 74' lang='lat' dir='ltr'>Haac</span> <span class='ocrx_word' id='word_1_653' title='bbox 2774 4166 3281 4236; x_wconf 74' lang='lat' dir='ltr'>omnia,.ludaae,si</span> <span class='ocrx_word' id='word_1_654' title='bbox 3299 4180 3511 4235; x_wconf 81' lang='lat' dir='ltr'>negare</span> <span class='ocrx_word' id='word_1_655' title='bbox 3527 4169 3715 4234; x_wconf 89' lang='lat' dir='ltr'>potes,</span> 
     </span>
    </p>
   </div>
   <div class='ocr_carea' id='block_1_89' title="bbox 2075 4255 3722 4329">
    <p class='ocr_par' dir='ltr' id='par_1_89' title="bbox 2075 4255 3722 4329">
     <span class='ocr_line' id='line_1_89' title="bbox 2075 4255 3722 4329; baseline -0.005 -14"><span class='ocrx_word' id='word_1_656' title='bbox 2075 4277 2109 4315; x_wconf 91' lang='lat' dir='ltr'>a</span> <span class='ocrx_word' id='word_1_657' title='bbox 2129 4260 2335 4314; x_wconf 87' lang='lat' dir='ltr'>vestris</span> <span class='ocrx_word' id='word_1_658' title='bbox 2357 4259 2536 4313; x_wconf 85' lang='lat' dir='ltr'>fuisse</span> <span class='ocrx_word' id='word_1_659' title='bbox 2552 4257 2836 4329; x_wconf 82' lang='lat' dir='ltr'>praedicta</span> <span class='ocrx_word' id='word_1_660' title='bbox 2857 4257 3110 4323; x_wconf 87' lang='lat' dir='ltr'>vatibus,</span> <span class='ocrx_word' id='word_1_661' title='bbox 3132 4255 3428 4311; x_wconf 90' lang='lat' dir='ltr'>mendacii</span> <span class='ocrx_word' id='word_1_662' title='bbox 3460 4270 3600 4309; x_wconf 89' lang='lat' dir='ltr'>sane</span> <span class='ocrx_word' id='word_1_663' title='bbox 3627 4270 3722 4308; x_wconf 92' lang='lat' dir='ltr'>me</span> 
     </span>
    </p>
   </div>
   <div class='ocr_carea' id='block_1_90' title="bbox 2076 4343 3728 4417">
    <p class='ocr_par' dir='ltr' id='par_1_90' title="bbox 2076 4343 3728 4417">
     <span class='ocr_line' id='line_1_90' title="bbox 2076 4343 3728 4417; baseline -0.004 -13"><span class='ocrx_word' id='word_1_664' title='bbox 2076 4349 2419 4404; x_wconf 84' lang='lat' dir='ltr'>conviceris.</span> <span class='ocrx_word' id='word_1_665' title='bbox 2456 4348 2556 4402; x_wconf 91' lang='lat' dir='ltr'>Sin</span> <span class='ocrx_word' id='word_1_666' title='bbox 2597 4364 2666 4402; x_wconf 90' lang='lat' dir='ltr'>ea</span> <span class='ocrx_word' id='word_1_667' title='bbox 2694 4364 2828 4403; x_wconf 87' lang='lat' dir='ltr'>vere</span> <span class='ocrx_word' id='word_1_668' title='bbox 2859 4351 2999 4402; x_wconf 87' lang='lat' dir='ltr'>sunt</span> <span class='ocrx_word' id='word_1_669' title='bbox 3029 4346 3292 4417; x_wconf 89' lang='lat' dir='ltr'>ipsorum</span> <span class='ocrx_word' id='word_1_670' title='bbox 3325 4343 3585 4408; x_wconf 82' lang='lat' dir='ltr'>oracula,</span> <span class='ocrx_word' id='word_1_671' title='bbox 3609 4343 3728 4398; x_wconf 88' lang='lat' dir='ltr'>tuis</span> 
     </span>
    </p>
   </div>
   <div class='ocr_carea' id='block_1_91' title="bbox 2077 4434 3730 4496">
    <p class='ocr_par' dir='ltr' id='par_1_91' title="bbox 2077 4434 3730 4496">
     <span class='ocr_line' id='line_1_91' title="bbox 2077 4434 3730 4496; baseline -0.006 0"><span class='ocrx_word' id='word_1_672' title='bbox 2077 4439 2229 4496; x_wconf 71' lang='lat'>488</span> <span class='ocrx_word' id='word_1_673' title='bbox 2253 4438 2434 4494; x_wconf 91' lang='lat' dir='ltr'>debes</span> <span class='ocrx_word' id='word_1_674' title='bbox 2475 4439 2716 4493; x_wconf 91' lang='lat' dir='ltr'>credere</span> <span class='ocrx_word' id='word_1_675' title='bbox 2749 4437 2978 4493; x_wconf 86' lang='lat' dir='ltr'>vatibus</span> <span class='ocrx_word' id='word_1_676' title='bbox 3009 4443 3068 4491; x_wconf 91' lang='lat' dir='ltr'>et</span> <span class='ocrx_word' id='word_1_677' title='bbox 3109 4441 3379 4491; x_wconf 90' lang='lat' dir='ltr'>nostrum</span> <span class='ocrx_word' id='word_1_678' title='bbox 3428 4434 3730 4488; x_wconf 85' lang='lat' dir='ltr'>Christum</span> 
     </span>
    </p>
   </div>
   <div class='ocr_carea' id='block_1_92' title="bbox 2079 4522 3731 4584">
    <p class='ocr_par' dir='ltr' id='par_1_92' title="bbox 2079 4522 3731 4584">
     <span class='ocr_line' id='line_1_92' title="bbox 2079 4522 3731 4584; baseline -0.005 0"><span class='ocrx_word' id='word_1_679' title='bbox 2079 4531 2166 4584; x_wconf 89' lang='lat' dir='ltr'>vel</span> <span class='ocrx_word' id='word_1_680' title='bbox 2203 4529 2418 4584; x_wconf 89' lang='lat' dir='ltr'>invitus</span> <span class='ocrx_word' id='word_1_681' title='bbox 2467 4528 2736 4584; x_wconf 90' lang='lat' dir='ltr'>adorare.</span> <span class='ocrx_word' id='word_1_682' title='bbox 2768 4527 3187 4582; x_wconf 89' lang='lat' dir='ltr'>Constantinus</span> <span class='ocrx_word' id='word_1_683' title='bbox 3219 4542 3234 4581; x_wconf 88' lang='lat'><strong>:</strong></span> <span class='ocrx_word' id='word_1_684' title='bbox 3265 4526 3323 4580; x_wconf 92' lang='lat' dir='ltr'>Si</span> <span class='ocrx_word' id='word_1_685' title='bbox 3367 4525 3493 4578; x_wconf 67' lang='lat' dir='ltr'>haec</span> <span class='ocrx_word' id='word_1_686' title='bbox 3523 4522 3731 4576; x_wconf 87' lang='lat' dir='ltr'>vestris</span> 
     </span>
    </p>
   </div>
   <div class='ocr_carea' id='block_1_93' title="bbox 322 4610 1968 4691">
    <p class='ocr_par' dir='ltr' id='par_1_93' title="bbox 322 4610 1964 4691">
     <span class='ocr_line' id='line_1_93' title="bbox 322 4610 1964 4691; baseline 0.002 -27"><span class='ocrx_word' id='word_1_687' title='bbox 322 4610 564 4686; x_wconf 81' lang='grc' dir='ltr'>ὀφείλεις</span> <span class='ocrx_word' id='word_1_688' title='bbox 593 4614 881 4682; x_wconf 74' lang='grc' dir='ltr'>πεισθῆναι</span> <span class='ocrx_word' id='word_1_689' title='bbox 912 4615 1218 4691; x_wconf 85' lang='grc' dir='ltr'>προφήταις</span> <span class='ocrx_word' id='word_1_690' title='bbox 1246 4611 1334 4667; x_wconf 82' lang='grc' dir='ltr'>καὶ</span> <span class='ocrx_word' id='word_1_691' title='bbox 1390 4613 1481 4666; x_wconf 88' lang='grc' dir='ltr'>τὸν</span> <span class='ocrx_word' id='word_1_692' title='bbox 1535 4614 1801 4687; x_wconf 77' lang='grc' dir='ltr'>ἡμέτερον</span> <span class='ocrx_word' id='word_1_693' title='bbox 1834 4617 1964 4689; x_wconf 89' lang='grc' dir='ltr'>Χρις</span> 
     </span>
    </p>
   </div>
   <div class='ocr_carea' id='block_1_94' title="bbox 2079 4610 3734 4691">
    <p class='ocr_par' dir='ltr' id='par_1_94' title="bbox 2079 4611 3734 4689">
     <span class='ocr_line' id='line_1_94' title="bbox 2079 4611 3734 4689; baseline -0.006 -15"><span class='ocrx_word' id='word_1_694' title='bbox 2079 4619 2456 4674; x_wconf 90' lang='lat' dir='ltr'>continentur</span> <span class='ocrx_word' id='word_1_695' title='bbox 2477 4619 2666 4686; x_wconf 92' lang='lat' dir='ltr'>libris,</span> <span class='ocrx_word' id='word_1_696' title='bbox 2691 4632 3193 4689; x_wconf 88' lang='lat' dir='ltr'>supervacaneum</span> <span class='ocrx_word' id='word_1_697' title='bbox 3211 4620 3319 4683; x_wconf 87' lang='lat' dir='ltr'>est,</span> <span class='ocrx_word' id='word_1_698' title='bbox 3345 4630 3377 4668; x_wconf 94' lang='grc' dir='ltr'>ο</span> <span class='ocrx_word' id='word_1_699' title='bbox 3406 4611 3614 4680; x_wconf 68' lang='lat' dir='ltr'>Judaei,</span> <span class='ocrx_word' id='word_1_700' title='bbox 3631 4628 3734 4665; x_wconf 90' lang='lat' dir='ltr'>vos</span> 
     </span>
    </p>
   </div>
   <div class='ocr_carea' id='block_1_95' title="bbox 327 4699 1972 4778">
    <p class='ocr_par' dir='ltr' id='par_1_95' title="bbox 327 4699 1972 4778">
     <span class='ocr_line' id='line_1_95' title="bbox 327 4699 1972 4778; baseline 0.003 -25"><span class='ocrx_word' id='word_1_701' title='bbox 327 4701 450 4754; x_wconf 85' lang='grc' dir='ltr'>στὸν</span> <span class='ocrx_word' id='word_1_702' title='bbox 479 4699 624 4755; x_wconf 82' lang='grc' dir='ltr'>ἃκων</span> <span class='ocrx_word' id='word_1_703' title='bbox 683 4703 773 4756; x_wconf 79' lang='grc' dir='ltr'>καὶ</span> <span class='ocrx_word' id='word_1_704' title='bbox 837 4704 912 4776; x_wconf 71' lang='grc' dir='ltr'>μὴ</span> <span class='ocrx_word' id='word_1_705' title='bbox 977 4701 1313 4778; x_wconf 85' lang='grc' dir='ltr'>βουλόμενος</span> <span class='ocrx_word' id='word_1_706' title='bbox 1370 4710 1764 4778; x_wconf 75' lang='grc' dir='ltr'>προσκυνῆσαι.</span> <span class='ocrx_word' id='word_1_707' title='bbox 1825 4711 1972 4758; x_wconf 87' lang='grc' dir='ltr'>Κων-</span> 
     </span>
    </p>
   </div>
   <div class='ocr_carea' id='block_1_96' title="bbox 322 4788 1976 4864">
    <p class='ocr_par' dir='ltr' id='par_1_96' title="bbox 322 4788 1976 4864">
     <span class='ocr_line' id='line_1_96' title="bbox 322 4788 1976 4864; baseline 0.002 -23"><span class='ocrx_word' id='word_1_708' title='bbox 322 4793 610 4849; x_wconf 87' lang='grc' dir='ltr'>σταντῖνος</span> <span class='ocrx_word' id='word_1_709' title='bbox 640 4788 950 4864; x_wconf 70' lang='grc' dir='ltr'>Αὔγουστος</span> <span class='ocrx_word' id='word_1_710' title='bbox 984 4789 1145 4845; x_wconf 72' lang='grc' dir='ltr'>εἶπενο</span> <span class='ocrx_word' id='word_1_711' title='bbox 1199 4791 1262 4847; x_wconf 82' lang='grc' dir='ltr'>Εἰ</span> <span class='ocrx_word' id='word_1_712' title='bbox 1317 4794 1485 4845; x_wconf 87' lang='grc' dir='ltr'>ταῦτα</span> <span class='ocrx_word' id='word_1_713' title='bbox 1539 4796 1657 4853; x_wconf 90' lang='grc' dir='ltr'>ταῖς</span> <span class='ocrx_word' id='word_1_714' title='bbox 1692 4790 1976 4864; x_wconf 74' lang='grc' dir='ltr'>ὑμετέραι-</span> 
     </span>
    </p>
   </div>
   <div class='ocr_carea' id='block_1_97' title="bbox 326 4873 1973 4954">
    <p class='ocr_par' dir='ltr' id='par_1_97' title="bbox 326 4873 1973 4954">
     <span class='ocr_line' id='line_1_97' title="bbox 326 4873 1973 4954; baseline 0.003 -25"><span class='ocrx_word' id='word_1_715' title='bbox 326 4877 640 4951; x_wconf 75' lang='grc' dir='ltr'>περιέχεται</span> <span class='ocrx_word' id='word_1_716' title='bbox 703 4873 944 4952; x_wconf 81' lang='grc' dir='ltr'>βίϐλοις,</span> <span class='ocrx_word' id='word_1_717' title='bbox 1014 4881 1285 4954; x_wconf 78' lang='grc' dir='ltr'>περισσῶς</span> <span class='ocrx_word' id='word_1_718' title='bbox 1346 4878 1678 4953; x_wconf 78' lang='grc' dir='ltr'>ἀντιλέγετε,</span> <span class='ocrx_word' id='word_1_719' title='bbox 1737 4881 1782 4933; x_wconf 84' lang='grc' dir='ltr'>ὦ</span> <span class='ocrx_word' id='word_1_720' title='bbox 1839 4881 1973 4943; x_wconf 89' lang='grc' dir='ltr'>Ἰους</span> 
     </span>
    </p>
   </div>
   <div class='ocr_carea' id='block_1_98' title="bbox 329 4962 1974 5042">
    <p class='ocr_par' dir='ltr' id='par_1_98' title="bbox 329 4962 1974 5042">
     <span class='ocr_line' id='line_1_98' title="bbox 329 4962 1974 5042; baseline 0.004 -24"><span class='ocrx_word' id='word_1_721' title='bbox 329 4962 495 5033; x_wconf 84' lang='grc' dir='ltr'>δαῖοι,</span> <span class='ocrx_word' id='word_1_722' title='bbox 558 4970 664 5019; x_wconf 86' lang='grc' dir='ltr'>τῶν</span> <span class='ocrx_word' id='word_1_723' title='bbox 720 4966 1058 5039; x_wconf 82' lang='grc' dir='ltr'>παθημάτων</span> <span class='ocrx_word' id='word_1_724' title='bbox 1141 4965 1312 5021; x_wconf 79' lang='grc' dir='ltr'>ἕνεκεν</span> <span class='ocrx_word' id='word_1_725' title='bbox 1371 4971 1468 5021; x_wconf 90' lang='grc' dir='ltr'>τοῦ</span> <span class='ocrx_word' id='word_1_726' title='bbox 1522 4968 1781 5038; x_wconf 84' lang='grc' dir='ltr'>Χριστοῦ,</span> <span class='ocrx_word' id='word_1_727' title='bbox 1839 4966 1974 5042; x_wconf 78' lang='grc' dir='ltr'>ἅπερ</span> 
     </span>
    </p>
   </div>
   <div class='ocr_carea' id='block_1_99' title="bbox 329 5054 1974 5132">
    <p class='ocr_par' dir='ltr' id='par_1_99' title="bbox 329 5054 1974 5132">
     <span class='ocr_line' id='line_1_99' title="bbox 329 5054 1974 5132; baseline 0.004 -24"><span class='ocrx_word' id='word_1_728' title='bbox 329 5055 466 5109; x_wconf 83' lang='grc' dir='ltr'>κατὰ</span> <span class='ocrx_word' id='word_1_729' title='bbox 491 5056 640 5125; x_wconf 82' lang='grc' dir='ltr'>τάξιν</span> <span class='ocrx_word' id='word_1_730' title='bbox 693 5054 1067 5132; x_wconf 73' lang='grc' dir='ltr'>προλεχθέντα</span> <span class='ocrx_word' id='word_1_731' title='bbox 1118 5056 1169 5111; x_wconf 75' lang='grc' dir='ltr'>ἓν</span> <span class='ocrx_word' id='word_1_732' title='bbox 1231 5061 1311 5129; x_wconf 81' lang='grc' dir='ltr'>τῷ</span> <span class='ocrx_word' id='word_1_733' title='bbox 1367 5059 1594 5130; x_wconf 87' lang='grc' dir='ltr'>Χριστῷ</span> <span class='ocrx_word' id='word_1_734' title='bbox 1650 5055 1974 5131; x_wconf 82' lang='grc' dir='ltr'>ἐπληρώθη.</span> 
     </span>
    </p>
   </div>
   <div class='ocr_carea' id='block_1_100' title="bbox 323 5142 1974 5222">
    <p class='ocr_par' dir='ltr' id='par_1_100' title="bbox 323 5142 1974 5222">
     <span class='ocr_line' id='line_1_100' title="bbox 323 5142 1974 5222; baseline 0.002 -23"><span class='ocrx_word' id='word_1_735' title='bbox 323 5142 502 5199; x_wconf 78' lang='grc' dir='ltr'>Λύνᾶν</span> <span class='ocrx_word' id='word_1_736' title='bbox 533 5142 795 5206; x_wconf 85' lang='grc' dir='ltr'>Ἰουδαῖος</span> <span class='ocrx_word' id='word_1_737' title='bbox 862 5145 1030 5220; x_wconf 76' lang='grc' dir='ltr'>λέγει’</span> <span class='ocrx_word' id='word_1_738' title='bbox 1067 5145 1334 5222; x_wconf 85' lang='grc' dir='ltr'>Ὀφείλεις</span> <span class='ocrx_word' id='word_1_739' title='bbox 1377 5143 1546 5216; x_wconf 81' lang='grc' dir='ltr'>δεῖξαι</span> <span class='ocrx_word' id='word_1_740' title='bbox 1576 5148 1711 5218; x_wconf 78' lang='grc' dir='ltr'>ἡμῖν</span> <span class='ocrx_word' id='word_1_741' title='bbox 1766 5149 1828 5202; x_wconf 89' lang='grc' dir='ltr'>τὸ</span> <span class='ocrx_word' id='word_1_742' title='bbox 1890 5169 1974 5203; x_wconf 81' lang='grc' dir='ltr'>τε·</span> 
     </span>
    </p>
   </div>
   <div class='ocr_carea' id='block_1_101' title="bbox 326 5231 1977 5311">
    <p class='ocr_par' dir='ltr' id='par_1_101' title="bbox 326 5231 1977 5311">
     <span class='ocr_line' id='line_1_101' title="bbox 326 5231 1977 5311; baseline 0.005 -27"><span class='ocrx_word' id='word_1_743' title='bbox 326 5233 526 5306; x_wconf 79' lang='grc' dir='ltr'>χθῆναι</span> <span class='ocrx_word' id='word_1_744' title='bbox 630 5233 791 5288; x_wconf 81' lang='grc' dir='ltr'>αὐτὸν</span> <span class='ocrx_word' id='word_1_745' title='bbox 878 5235 968 5289; x_wconf 83' lang='grc' dir='ltr'>καὶ</span> <span class='ocrx_word' id='word_1_746' title='bbox 1049 5241 1388 5309; x_wconf 78' lang='grc' dir='ltr'>κρατηθῆναι</span> <span class='ocrx_word' id='word_1_747' title='bbox 1478 5234 1569 5290; x_wconf 86' lang='grc' dir='ltr'>καί</span> <span class='ocrx_word' id='word_1_748' title='bbox 1656 5231 1977 5311; x_wconf 83' lang='grc' dir='ltr'>ὑϐρισθῆναι</span> 
     </span>
    </p>
   </div>
   <div class='ocr_carea' id='block_1_102' title="bbox 329 5319 1977 5399">
    <p class='ocr_par' dir='ltr' id='par_1_102' title="bbox 329 5319 1977 5399">
     <span class='ocr_line' id='line_1_102' title="bbox 329 5319 1977 5399; baseline 0.005 -26"><span class='ocrx_word' id='word_1_749' title='bbox 329 5320 422 5374; x_wconf 84' lang='grc' dir='ltr'>καὶ</span> <span class='ocrx_word' id='word_1_750' title='bbox 503 5319 881 5397; x_wconf 77' lang='grc' dir='ltr'>ἒμπαιχθῆναι</span> <span class='ocrx_word' id='word_1_751' title='bbox 960 5321 1050 5378; x_wconf 77' lang='grc' dir='ltr'>καὶ</span> <span class='ocrx_word' id='word_1_752' title='bbox 1131 5325 1506 5399; x_wconf 81' lang='grc' dir='ltr'>σταυρωθῆναι</span> <span class='ocrx_word' id='word_1_753' title='bbox 1566 5324 1655 5378; x_wconf 83' lang='grc' dir='ltr'>καὶ</span> <span class='ocrx_word' id='word_1_754' title='bbox 1732 5327 1977 5389; x_wconf 73' lang='grc' dir='ltr'>τεθνάναι</span> 
     </span>
    </p>
   </div>
   <div class='ocr_carea' id='block_1_103' title="bbox 324 5408 1976 5494">
    <p class='ocr_par' dir='ltr' id='par_1_103' title="bbox 324 5408 1976 5494">
     <span class='ocr_line' id='line_1_103' title="bbox 324 5408 1976 5494; baseline 0.011 -30"><span class='ocrx_word' id='word_1_755' title='bbox 324 5412 604 5486; x_wconf 83' lang='grc' dir='ltr'>καὶταφῇ</span> <span class='ocrx_word' id='word_1_756' title='bbox 661 5411 1080 5488; x_wconf 84' lang='grc' dir='ltr'>παραδεδόσθαι.</span> <span class='ocrx_word' id='word_1_757' title='bbox 1139 5416 1202 5472; x_wconf 90' lang='grc' dir='ltr'>Ὁ</span> <span class='ocrx_word' id='word_1_758' title='bbox 1258 5414 1415 5489; x_wconf 72' lang='grc' dir='ltr'>ἅγιος</span> <span class='ocrx_word' id='word_1_759' title='bbox 1466 5408 1793 5488; x_wconf 77' lang='grc' dir='ltr'>Σίλϐεστρος</span> <span class='ocrx_word' id='word_1_760' title='bbox 1853 5415 1976 5494; x_wconf 72' lang='grc' dir='ltr'>ἔφη·</span> 
     </span>
    </p>
   </div>
   <div class='ocr_carea' id='block_1_104' title="bbox 929 5533 1947 5603">
    <p class='ocr_par' dir='ltr' id='par_1_104' title="bbox 929 5533 1947 5603">
     <span class='ocr_line' id='line_1_104' title="bbox 929 5533 1947 5603; baseline 0.005 -17"><span class='ocrx_word' id='word_1_761' title='bbox 929 5535 1017 5602; x_wconf 87' lang='grc'>36,</span> <span class='ocrx_word' id='word_1_762' title='bbox 1069 5533 1155 5587; x_wconf 89' lang='grc'>37.</span> <span class='ocrx_word' id='word_1_763' title='bbox 1260 5533 1306 5568; x_wconf 65' lang='grc'>⁷⁵</span> <span class='ocrx_word' id='word_1_764' title='bbox 1365 5534 1602 5589; x_wconf 87' lang='lat' dir='ltr'>Zachar.</span> <span class='ocrx_word' id='word_1_765' title='bbox 1656 5550 1740 5598; x_wconf 88' lang='grc' dir='ltr'>ιιι,</span> <span class='ocrx_word' id='word_1_766' title='bbox 1796 5537 1844 5603; x_wconf 82' lang='lat' dir='ltr'>l,</span> <span class='ocrx_word' id='word_1_767' title='bbox 1897 5540 1947 5592; x_wconf 94' lang='lat'>2.</span> 
     </span>
    </p>
   </div>
   <div class='ocr_carea' id='block_1_105' title="bbox 925 5622 1410 5690">
    <p class='ocr_par' dir='ltr' id='par_1_105' title="bbox 925 5622 1410 5690">
     <span class='ocr_line' id='line_1_105' title="bbox 925 5622 1410 5690; baseline 0 -13"><span class='ocrx_word' id='word_1_768' title='bbox 925 5622 974 5657; x_wconf 65' lang='lat'>7°</span> <span class='ocrx_word' id='word_1_769' title='bbox 1001 5624 1213 5677; x_wconf 84' lang='lat' dir='ltr'>Jerem.</span> <span class='ocrx_word' id='word_1_770' title='bbox 1251 5641 1324 5690; x_wconf 80' lang='lat' dir='ltr'>1x,</span> <span class='ocrx_word' id='word_1_771' title='bbox 1358 5626 1410 5677; x_wconf 90' lang='lat'>2.</span> 
     </span>
    </p>
   </div>
   <div class='ocr_carea' id='block_1_106' title="bbox 397 5528 849 5602">
    <p class='ocr_par' dir='ltr' id='par_1_106' title="bbox 397 5528 849 5602">
     <span class='ocr_line' id='line_1_106' title="bbox 397 5528 849 5602; baseline 0.007 -18"><span class='ocrx_word' id='word_1_772' title='bbox 397 5528 444 5562; x_wconf 77' lang='grc'>⁷³</span> <span class='ocrx_word' id='word_1_773' title='bbox 492 5531 719 5586; x_wconf 89' lang='lat' dir='ltr'>Baruch</span> <span class='ocrx_word' id='word_1_774' title='bbox 771 5549 849 5602; x_wconf 88' lang='grc' dir='ltr'>ιιι,</span> 
     </span>
    </p>
   </div>
   <div class='ocr_carea' id='block_1_107' title="bbox 329 5617 820 5688">
    <p class='ocr_par' dir='ltr' id='par_1_107' title="bbox 329 5617 820 5688">
     <span class='ocr_line' id='line_1_107' title="bbox 329 5617 820 5688; baseline 0.008 -16"><span class='ocrx_word' id='word_1_775' title='bbox 329 5617 378 5652; x_wconf 71' lang='lat'><strong>78</strong></span> <span class='ocrx_word' id='word_1_776' title='bbox 398 5620 555 5674; x_wconf 85' lang='lat' dir='ltr'>Psal.</span> <span class='ocrx_word' id='word_1_777' title='bbox 589 5638 739 5688; x_wconf 76' lang='lat' dir='ltr'>xxvi,</span> <span class='ocrx_word' id='word_1_778' title='bbox 768 5624 820 5677; x_wconf 88' lang='lat'>2.</span> 
     </span>
    </p>
   </div>
   <div class='ocr_carea' id='block_1_108' title="bbox 2025 5536 2502 5608">
    <p class='ocr_par' dir='ltr' id='par_1_108' title="bbox 2025 5536 2502 5608">
     <span class='ocr_line' id='line_1_108' title="bbox 2025 5536 2502 5608; baseline -0.008 -15"><span class='ocrx_word' id='word_1_779' title='bbox 2025 5536 2071 5572; x_wconf 76' lang='grc'>⁷⁵</span> <span class='ocrx_word' id='word_1_780' title='bbox 2126 5538 2258 5608; x_wconf 90' lang='lat' dir='ltr'>Sap.</span> <span class='ocrx_word' id='word_1_781' title='bbox 2295 5553 2351 5602; x_wconf 89' lang='grc' dir='ltr'>ιι,</span> <span class='ocrx_word' id='word_1_782' title='bbox 2417 5536 2502 5590; x_wconf 86' lang='grc'>12.</span> 
     </span>
    </p>
   </div>
   <div class='ocr_carea' id='block_1_109' title="bbox 1485 5623 2050 5693">
    <p class='ocr_par' dir='ltr' id='par_1_109' title="bbox 1485 5623 2050 5693">
     <span class='ocr_line' id='line_1_109' title="bbox 1485 5623 2050 5693; baseline 0.009 -17"><span class='ocrx_word' id='word_1_783' title='bbox 1485 5623 1529 5658; x_wconf 80' lang='grc' dir='ltr'><strong>⁸ο</strong></span> <span class='ocrx_word' id='word_1_784' title='bbox 1561 5623 1712 5678; x_wconf 88' lang='lat' dir='ltr'>Psal.</span> <span class='ocrx_word' id='word_1_785' title='bbox 1751 5641 1936 5693; x_wconf 81' lang='lat' dir='ltr'>vam,</span> <span class='ocrx_word' id='word_1_786' title='bbox 1961 5629 2050 5682; x_wconf 86' lang='lat'>22.</span> 
     </span>
    </p>
   </div>
   <div class='ocr_carea' id='block_1_110' title="bbox 2085 4703 3735 4778">
    <p class='ocr_par' dir='ltr' id='par_1_110' title="bbox 2085 4703 3735 4778">
     <span class='ocr_line' id='line_1_110' title="bbox 2085 4703 3735 4778; baseline -0.007 -15"><span class='ocrx_word' id='word_1_787' title='bbox 2085 4708 2490 4764; x_wconf 90' lang='lat' dir='ltr'>contradicere</span> <span class='ocrx_word' id='word_1_788' title='bbox 2539 4709 2612 4762; x_wconf 89' lang='lat' dir='ltr'>iis</span> <span class='ocrx_word' id='word_1_789' title='bbox 2654 4707 2865 4762; x_wconf 86' lang='lat' dir='ltr'>Christi</span> <span class='ocrx_word' id='word_1_790' title='bbox 2901 4703 3404 4778; x_wconf 88' lang='lat' dir='ltr'>perpessionibus,</span> <span class='ocrx_word' id='word_1_791' title='bbox 3441 4717 3588 4771; x_wconf 90' lang='lat' dir='ltr'>quas</span> <span class='ocrx_word' id='word_1_792' title='bbox 3637 4716 3735 4752; x_wconf 85' lang='lat' dir='ltr'>or-</span> 
     </span>
    </p>
   </div>
   <div class='ocr_carea' id='block_1_111' title="bbox 2085 4795 3734 4866">
    <p class='ocr_par' dir='ltr' id='par_1_111' title="bbox 2085 4795 3734 4866">
     <span class='ocr_line' id='line_1_111' title="bbox 2085 4795 3734 4866; baseline -0.007 -16"><span class='ocrx_word' id='word_1_793' title='bbox 2085 4797 2224 4851; x_wconf 90' lang='lat' dir='ltr'>dine</span> <span class='ocrx_word' id='word_1_794' title='bbox 2253 4802 2413 4851; x_wconf 85' lang='lat' dir='ltr'>vates</span> <span class='ocrx_word' id='word_1_795' title='bbox 2462 4796 2514 4850; x_wconf 92' lang='lat' dir='ltr'>ei</span> <span class='ocrx_word' id='word_1_796' title='bbox 2561 4802 2869 4850; x_wconf 86' lang='lat' dir='ltr'>eventuras</span> <span class='ocrx_word' id='word_1_797' title='bbox 2925 4795 3352 4866; x_wconf 67' lang='lat' dir='ltr'>praadixerunt,</span> <span class='ocrx_word' id='word_1_798' title='bbox 3406 4803 3734 4856; x_wconf 88' lang='lat' dir='ltr'>eorumque</span> 
     </span>
    </p>
   </div>
   <div class='ocr_carea' id='block_1_112' title="bbox 2086 4875 3727 4955">
    <p class='ocr_par' dir='ltr' id='par_1_112' title="bbox 2086 4875 3727 4955">
     <span class='ocr_line' id='line_1_112' title="bbox 2086 4875 3727 4955; baseline -0.007 -14"><span class='ocrx_word' id='word_1_799' title='bbox 2086 4887 2327 4941; x_wconf 89' lang='lat' dir='ltr'>oracula</span> <span class='ocrx_word' id='word_1_800' title='bbox 2377 4885 2640 4938; x_wconf 87' lang='lat' dir='ltr'>Christus</span> <span class='ocrx_word' id='word_1_801' title='bbox 2689 4883 2974 4955; x_wconf 87' lang='lat' dir='ltr'>implevit.</span> <span class='ocrx_word' id='word_1_802' title='bbox 3049 4884 3262 4938; x_wconf 84' lang='lat' dir='ltr'>Aunan</span> <span class='ocrx_word' id='word_1_803' title='bbox 3315 4879 3549 4936; x_wconf 73' lang='lat' dir='ltr'>Iudaeus</span> <span class='ocrx_word' id='word_1_804' title='bbox 3599 4875 3727 4930; x_wconf 84' lang='lat' dir='ltr'>ait:</span> 
     </span>
    </p>
   </div>
   <div class='ocr_carea' id='block_1_113' title="bbox 2086 4966 3739 5039">
    <p class='ocr_par' dir='ltr' id='par_1_113' title="bbox 2086 4966 3739 5039">
     <span class='ocr_line' id='line_1_113' title="bbox 2086 4966 3739 5039; baseline -0.008 -9"><span class='ocrx_word' id='word_1_805' title='bbox 2086 4975 2349 5030; x_wconf 90' lang='lat' dir='ltr'>Debebas</span> <span class='ocrx_word' id='word_1_806' title='bbox 2369 4974 2583 5029; x_wconf 87' lang='lat' dir='ltr'>nostris</span> <span class='ocrx_word' id='word_1_807' title='bbox 2613 4973 3021 5028; x_wconf 88' lang='lat' dir='ltr'>demonstrare</span> <span class='ocrx_word' id='word_1_808' title='bbox 3043 4971 3116 5026; x_wconf 91' lang='lat' dir='ltr'>de</span> <span class='ocrx_word' id='word_1_809' title='bbox 3136 4970 3362 5027; x_wconf 82' lang='lat' dir='ltr'>Christo</span> <span class='ocrx_word' id='word_1_810' title='bbox 3391 4966 3739 5039; x_wconf 75' lang='lat' dir='ltr'>praedictum</span> 
     </span>
    </p>
   </div>
   <div class='ocr_carea' id='block_1_114' title="bbox 2083 5054 3734 5132">
    <p class='ocr_par' dir='ltr' id='par_1_114' title="bbox 2083 5054 3734 5132">
     <span class='ocr_line' id='line_1_114' title="bbox 2083 5054 3734 5132; baseline -0.007 -13"><span class='ocrx_word' id='word_1_811' title='bbox 2083 5065 2290 5130; x_wconf 83' lang='lat' dir='ltr'>fuisse,</span> <span class='ocrx_word' id='word_1_812' title='bbox 2348 5080 2484 5118; x_wconf 90' lang='lat' dir='ltr'>eum</span> <span class='ocrx_word' id='word_1_813' title='bbox 2529 5063 2920 5127; x_wconf 87' lang='lat' dir='ltr'>nasciturum,</span> <span class='ocrx_word' id='word_1_814' title='bbox 2986 5066 3252 5132; x_wconf 89' lang='lat' dir='ltr'>captum,</span> <span class='ocrx_word' id='word_1_815' title='bbox 3304 5054 3734 5114; x_wconf 86' lang='lat' dir='ltr'>contumeliose</span> 
     </span>
    </p>
   </div>
   <div class='ocr_carea' id='block_1_115' title="bbox 2087 5145 3733 5221">
    <p class='ocr_par' dir='ltr' id='par_1_115' title="bbox 2087 5145 3733 5221">
     <span class='ocr_line' id='line_1_115' title="bbox 2087 5145 3733 5221; baseline -0.007 -13"><span class='ocrx_word' id='word_1_816' title='bbox 2087 5159 2403 5210; x_wconf 88' lang='lat' dir='ltr'>tractatum</span> <span class='ocrx_word' id='word_1_817' title='bbox 2421 5158 2480 5208; x_wconf 91' lang='lat' dir='ltr'>et</span> <span class='ocrx_word' id='word_1_818' title='bbox 2497 5152 2741 5208; x_wconf 90' lang='lat' dir='ltr'>illusum</span> <span class='ocrx_word' id='word_1_819' title='bbox 2761 5152 3040 5221; x_wconf 88' lang='lat' dir='ltr'>crucique</span> <span class='ocrx_word' id='word_1_820' title='bbox 3065 5150 3332 5215; x_wconf 78' lang='lat' dir='ltr'>alﬁxum,</span> <span class='ocrx_word' id='word_1_821' title='bbox 3352 5145 3733 5209; x_wconf 86' lang='lat' dir='ltr'>moriturum,</span> 
     </span>
    </p>
   </div>
   <div class='ocr_carea' id='block_1_116' title="bbox 2088 5239 3732 5315">
    <p class='ocr_par' dir='ltr' id='par_1_116' title="bbox 2088 5239 3732 5315">
     <span class='ocr_line' id='line_1_116' title="bbox 2088 5239 3732 5315; baseline -0.007 -16"><span class='ocrx_word' id='word_1_822' title='bbox 2088 5245 2524 5315; x_wconf 72' lang='lat' dir='ltr'>sepulturzeque</span> <span class='ocrx_word' id='word_1_823' title='bbox 2545 5241 2827 5297; x_wconf 87' lang='lat' dir='ltr'>traditum</span> <span class='ocrx_word' id='word_1_824' title='bbox 2859 5241 2951 5294; x_wconf 91' lang='lat' dir='ltr'>iri.</span> <span class='ocrx_word' id='word_1_825' title='bbox 2981 5239 3259 5295; x_wconf 86' lang='lat' dir='ltr'>Silverter</span> <span class='ocrx_word' id='word_1_826' title='bbox 3293 5255 3305 5292; x_wconf 90' lang='lat'>:</span> <span class='ocrx_word' id='word_1_827' title='bbox 3339 5239 3732 5308; x_wconf 79' lang='lat' dir='ltr'>Oportetergo</span> 
     </span>
    </p>
   </div>
   <div class='ocr_carea' id='block_1_117' title="bbox 2087 5323 3737 5401">
    <p class='ocr_par' dir='ltr' id='par_1_117' title="bbox 2087 5323 3737 5401">
     <span class='ocr_line' id='line_1_117' title="bbox 2087 5323 3737 5401; baseline -0.007 -14"><span class='ocrx_word' id='word_1_828' title='bbox 2087 5349 2182 5387; x_wconf 89' lang='lat' dir='ltr'>me</span> <span class='ocrx_word' id='word_1_829' title='bbox 2210 5348 2415 5386; x_wconf 91' lang='lat' dir='ltr'>omnes</span> <span class='ocrx_word' id='word_1_830' title='bbox 2439 5331 2768 5401; x_wconf 89' lang='lat' dir='ltr'>Scripturas</span> <span class='ocrx_word' id='word_1_831' title='bbox 2790 5345 3104 5400; x_wconf 89' lang='lat' dir='ltr'>exponere.</span> <span class='ocrx_word' id='word_1_832' title='bbox 3129 5328 3300 5383; x_wconf 89' lang='lat' dir='ltr'>Prius</span> <span class='ocrx_word' id='word_1_833' title='bbox 3323 5333 3522 5382; x_wconf 89' lang='lat' dir='ltr'>tamen</span> <span class='ocrx_word' id='word_1_834' title='bbox 3553 5323 3737 5378; x_wconf 84' lang='lat' dir='ltr'>fatere</span> 
     </span>
    </p>
   </div>
   <div class='ocr_carea' id='block_1_118' title="bbox 2091 5415 3742 5492">
    <p class='ocr_par' dir='ltr' id='par_1_118' title="bbox 2091 5415 3742 5492">
     <span class='ocr_line' id='line_1_118' title="bbox 2091 5415 3742 5492; baseline -0.006 -16"><span class='ocrx_word' id='word_1_835' title='bbox 2091 5426 2146 5475; x_wconf 90' lang='lat' dir='ltr'>te</span> <span class='ocrx_word' id='word_1_836' title='bbox 2178 5437 2277 5476; x_wconf 90' lang='lat' dir='ltr'>eas</span> <span class='ocrx_word' id='word_1_837' title='bbox 2307 5420 2586 5492; x_wconf 88' lang='lat' dir='ltr'>amplecti</span> <span class='ocrx_word' id='word_1_838' title='bbox 2614 5435 2901 5490; x_wconf 87' lang='lat' dir='ltr'>verasque</span> <span class='ocrx_word' id='word_1_839' title='bbox 2925 5417 3217 5488; x_wconf 88' lang='lat' dir='ltr'>judicare.</span> <span class='ocrx_word' id='word_1_840' title='bbox 3245 5419 3454 5472; x_wconf 89' lang='lat' dir='ltr'>Aunan</span> <span class='ocrx_word' id='word_1_841' title='bbox 3483 5432 3495 5468; x_wconf 77' lang='grc' dir='ltr'>ε</span> <span class='ocrx_word' id='word_1_842' title='bbox 3532 5415 3742 5468; x_wconf 84' lang='lat' dir='ltr'>Vatum</span> 
     </span>
    </p>
   </div>
   <div class='ocr_carea' id='block_1_119' title="bbox 2581 5532 3731 5603">
    <p class='ocr_par' dir='ltr' id='par_1_119' title="bbox 2581 5532 3731 5603">
     <span class='ocr_line' id='line_1_119' title="bbox 2581 5532 3731 5603; baseline -0.009 -11"><span class='ocrx_word' id='word_1_843' title='bbox 2581 5535 2626 5575; x_wconf 75' lang='grc'>⁷⁸</span> <span class='ocrx_word' id='word_1_844' title='bbox 2670 5536 2826 5592; x_wconf 91' lang='lat' dir='ltr'>Psal.</span> <span class='ocrx_word' id='word_1_845' title='bbox 2873 5553 2962 5603; x_wconf 70' lang='grc' dir='ltr'>ιιι,</span> <span class='ocrx_word' id='word_1_846' title='bbox 3016 5537 3101 5590; x_wconf 81' lang='grc'>10.</span> <span class='ocrx_word' id='word_1_847' title='bbox 3177 5532 3223 5568; x_wconf 79' lang='grc'><strong>⁷⁷</strong></span> <span class='ocrx_word' id='word_1_848' title='bbox 3273 5532 3426 5588; x_wconf 85' lang='lat' dir='ltr'>Psal.</span> <span class='ocrx_word' id='word_1_849' title='bbox 3477 5548 3594 5599; x_wconf 70' lang='grc' dir='ltr'>ιιι,</span> <span class='ocrx_word' id='word_1_850' title='bbox 3646 5532 3731 5583; x_wconf 79' lang='grc'>19·</span> 
     </span>
    </p>
   </div>
   <div class='ocr_carea' id='block_1_120' title="bbox 2125 5625 2649 5697">
    <p class='ocr_par' dir='ltr' id='par_1_120' title="bbox 2125 5625 2649 5697">
     <span class='ocr_line' id='line_1_120' title="bbox 2125 5625 2649 5697; baseline -0.004 -17"><span class='ocrx_word' id='word_1_851' title='bbox 2125 5625 2169 5662; x_wconf 74' lang='grc' dir='ltr'>δι</span> <span class='ocrx_word' id='word_1_852' title='bbox 2202 5625 2414 5680; x_wconf 89' lang='lat' dir='ltr'>Thren.</span> <span class='ocrx_word' id='word_1_853' title='bbox 2446 5641 2526 5697; x_wconf 84' lang='grc' dir='ltr'>ιιι,</span> <span class='ocrx_word' id='word_1_854' title='bbox 2568 5628 2649 5679; x_wconf 78' lang='grc'><strong>14.</strong></span> 
     </span>
    </p>
   </div>
  </div>
