4194 6198
461 334 581 399 527

1774 335 2100 398 GEORGII
2142 340 2497 405 CEDRENI

3710 4 3785 149 \\

3736 356 3855 418 528

439 470 680 527 oracula
709 484 835 524 esse
868 481 1024 532 vera,
1080 477 1255 518 nemo
1300 468 1492 537 negat.
1554 463 1666 520 Sed
1713 468 1776 519 tu
1826 464 1901 520 ad
1929 465 2078 523 alios

2199 470 2413 527 Ούκοῦν
2462 473 2667 550 ἀνάγκη
2728 475 2841 532 ἐστὶ
2903 476 3075 541 πάσας
3133 499 3222 534 σοι
3277 478 3375 541 τὰς
3430 483 3645 561 Γραφᾶς
3702 480 3851 540 ἐκθέ-

434 560 620 615 trahis
651 574 783 629 quas
818 555 890 610 de
922 553 1055 609 aliis
1086 558 1226 608 sunt
1280 552 1584 625 praedicta.
1640 552 1914 610 Silvester
1946 573 1959 611 :
2026 562 2087 611 tu

433 648 615 721 igitur
634 646 817 702 alium
847 642 1069 715 profer,
1103 642 1198 697 cui
1229 641 1306 696 fel
1337 659 1444 714 pro
1477 641 1632 712 cibo,
1682 649 1917 700 acetum
1974 661 2082 716 pro

431 743 574 809 potu
609 736 685 791 sit
710 733 1042 789 exhibitum
1075 747 1089 798 ;
1123 731 1224 802 qui
1281 731 1469 804 spinis
1519 739 1861 799 coronatus,
1893 734 2090 789 cruci-

430 823 579 880 ﬁxus
609 839 677 879 ac
710 821 976 893 sepultus
1006 821 1303 877 revixerit.
1363 821 1563 877 Judan
1617 822 1972 893 aliquandiu
2005 823 2085 878 si-

430 913 615 980 lente,
647 910 1073 967 Constantinus
1100 911 1184 965 ait
1217 927 1231 965 :
1259 910 1315 965 Si
1347 910 1533 966 alium
1574 912 1788 966 Aunan
1838 912 2088 967 demon-

430 1006 620 1057 strare
652 1016 773 1055 non
803 1004 1020 1071 potest,
1046 999 1196 1054 sciat
1224 1015 1288 1054 se
1318 1000 1467 1055 citra
1497 1016 1736 1055 omnem
1767 999 2088 1055 dubitatio-

428 1107 569 1147 nem
599 1094 942 1161 superatum
975 1104 1128 1145 esse.
1164 1093 1317 1162 Doeg
1344 1088 1580 1145 Iudaeus
1602 1090 1797 1159 inquit
1823 1090 2086 1161 :Optime

430 1183 777 1253 imperator,
812 1179 1090 1235 Silvester
1141 1178 1446 1250 pollicitus
1474 1184 1564 1234 est
1613 1196 1673 1234 se
1697 1179 1925 1251 justam
1957 1179 2088 1234 edi-

432 1275 633 1326 turum
668 1285 910 1326 causam
943 1268 1017 1323 ob
1049 1284 1227 1339 quam
1258 1267 1526 1323 Christus
1556 1268 1741 1335 nasci,
1775 1284 1810 1323 a
1847 1267 2086 1322 diabolo

427 1359 645 1415 tentari
677 1364 737 1414 et
779 1357 1139 1430 supplicium
1198 1357 1426 1428 perpeti
1476 1356 1766 1412 debuerit.
1821 1355 1911 1411 Ad
1960 1357 2086 1412 haec

428 1449 743 1508 Silvester:
777 1449 1069 1513 Quoniam
1115 1446 1358 1518 quidem
1418 1445 1660 1502 oracula
1716 1451 1915 1502 vatum
1949 1463 2088 1501 vera

428 1555 565 1595 esse
594 1538 739 1594 fassi
772 1538 934 1605 estis,
962 1535 1395 1592 conﬁtebimini
1419 1536 1625 1607 utique
1646 1535 1931 1608 virginem
1962 1552 2088 1608 gra-

427 1629 623 1687 vidam
655 1645 785 1685 esse
808 1628 1045 1695 factam,
1074 1631 1367 1698 partuque
1417 1625 1890 1693 Emmanuelem,
1926 1625 2086 1696 quod

433 1735 654 1775 nomen
689 1724 862 1773 sonat
889 1719 1044 1773 Deus
1077 1714 1703 1780 nobiscum,edidisse.
1735 1713 2085 1770 Tacentibus

2202 560 2344 630 σθαι,
2425 562 2546 626 ὅθεν
2628 569 2844 641 πρῶτον
2934 567 3287 642 ὁμολόγησον
3366 570 3461 632 σὰς
3547 560 3686 627 εἶναι
3758 574 3853 636 τὰς

2201 651 2417 727 Γραφὰς
2445 653 2536 707 καὶ
2564 652 2789 726 ἀληθεῖς
2833 655 3121 732 ὑπάρχειν.
3163 658 3344 714 Αύνᾶν
3401 660 3539 719 εἶπε.
3571 661 3653 717 Τὰ
3706 664 3853 739 παρὰ

2201 741 2309 792 τῶν
2343 747 2641 820 προφητῶν
2700 744 2965 819 λεχθέντα
3025 743 3209 817 ἀληθῆ
3264 748 3397 802 εἶναι
3455 750 3651 812 πάντες
3710 751 3852 824 ὁμο-

2202 829 2479 903 λογοῦσιν.
2508 829 2783 890 ’Δλλὰοσὺ
2806 834 2872 889 τά
2901 835 3039 910 πρὸς
3092 833 3301 899 ἄλλους
3357 837 3618 911 εἰρημένα
3642 835 3850 902 ἄλλους

2199 921 2525 987 πεπονθέναι
2562 925 2691 1003 φής.
2722 926 2785 982 Ὁ
2824 923 2980 1000 ἅγιος
3032 922 3368 1002 Σίλϐεστρος
3412 929 3578 985 εἶπεν
3638 930 3848 988 Οὐκοῦν

2202 1005 2365 1072 δίδως
2396 1009 2567 1067 ἄλλον
2595 1013 2711 1068 τινά
2740 1035 2871 1070 ποτε
2899 1013 3082 1091 χολὴν
3109 1017 3377 1092 τραφέντα
3430 1020 3523 1074 καὶ
3579 1018 3702 1091 ὄξος
3748 1041 3849 1075 πο·

2198 1100 2446 1155 τισθέντα
2499 1101 2591 1156 καὶ
2649 1102 2904 1158 ἀκάνθαις
2959 1107 3359 1183 στεφανωθέντα
3436 1107 3526 1163 καὶ
3606 1129 3848 1184 σταυρω-

2202 1187 2357 1252 θέντα
2412 1190 2502 1244 καὶ
2558 1192 2787 1271 ταφέντα
2841 1193 2930 1248 καὶ
2978 1193 3281 1251 ἀναστάντα
3323 1214 3337 1265 ;
3395 1195 3498 1253 Καὶ
3558 1196 3646 1252 ἐπὶ
3700 1196 3846 1253 πολὺ

2202 1282 2519 1342 σιωπῶντος
2545 1279 2733 1348 αὐτοῦ,
2766 1284 3166 1345 Κωνσταντῖνος
3223 1285 3539 1361 Αὔγουστος
3596 1282 3721 1365 ἔφη’
3784 1286 3846 1344 Εἰ

2201 1365 2374 1421 ἄλλον
2406 1363 2662 1440 ἐπιδεῖξαι
2693 1368 2869 1425 Αύνᾶν
2901 1370 2964 1425 ού
2997 1368 3234 1443 δύναται,
3289 1374 3602 1448 γινωσκέτω
3637 1363 3848 1431 ἑαυτὸν

2202 1460 2442 1530 φανερῶς
2470 1457 2793 1530 ἡττημένον.
2827 1461 2910 1533 [Ρ.
2968 1464 3094 1535 276]
3152 1463 3316 1532 Δωήκ
3363 1460 3626 1524 Ἰουδαῖος
3682 1461 3848 1540 λέγει·

2201 1543 2438 1601 Βασιλεῦ
2481 1546 2754 1622 κράτιστε,
2816 1543 3155 1624 Σίλϐεστρος
3211 1549 3580 1628 ἐπηγγείλατο
3638 1549 3848 1615 δικαίας

2200 1631 2338 1707 ἐρεῖν
2369 1633 2545 1699 αἰτίας
2576 1635 2698 1712 περὶ
2749 1640 2847 1692 τοῦ
2905 1640 3228 1714 γεννηθῆναι
3283 1640 3442 1695 αὐτὸν
3489 1641 3579 1696 καὶ
3647 1661 3847 1717 πειρα-

2200 1725 2391 1792 σθῆναι
2425 1723 2529 1780 ὑπὸ
2557 1728 2655 1781 τοῦ
2712 1721 2978 1783 διαϐόλου
3027 1726 3119 1783 καὶ
3175 1734 3386 1794 παθεῖν.
3426 1730 3490 1788 Ὃ
3520 1729 3674 1804 ἅγιος
3715 1728 3853 1786 Σίλ-

427 1807 647 1865 Judwis
677 1807 943 1864 addidit:
981 1806 1238 1862 Omnino
1270 1805 1332 1861 in
1365 1805 1550 1861 sacris
1573 1805 1804 1861 Litteris
1834 1805 2085 1878 legistis,

2203 1806 2426 1916 ϐρστρος
2452 1807 2578 1892 ἔφη·
2613 1812 2834 1916 "Eiram-33
2867 1813 3056 1872 τοίνυν
3088 1815 3270 1888 ἀληθῆ
3302 1818 3368 1874 τὰ
3409 1821 3852 1896 προφητευθέντα

432 1898 730 1970 quomodo
758 1899 915 1953 Deus
947 1897 1208 1968 primum
1267 1895 1571 1950 hominem
1621 1912 1693 1950 ex
1747 1894 1871 1950 luto
1932 1893 2090 1950 484

432 1988 795 2053 formaverit,
828 1987 930 2057 qui
964 1987 1143 2042 homo
1167 1985 1461 2056 serpentis
1482 1984 1734 2040 consilio
1776 1983 2095 2039 obsecutus

434 2078 714 2152 paradiso
738 2078 967 2150 ejectus
998 2075 1299 2146 mortique
1332 2080 1424 2129 est
1473 2073 1767 2129 addictus.
1797 2075 1925 2130 Jam
1958 2089 2093 2145 ergo

440 2168 610 2235 mihi,
639 2166 862 2235 Iudaee,
894 2164 1211 2237 responde,
1236 2169 1395 2219 terra
1450 2180 1519 2218 ex
1559 2179 1678 2234 qua
1705 2163 1819 2219 fuit
1864 2162 2096 2218 efﬁctus

2202 1902 2472 1977 εἰρήκατε,
2508 1902 2897 1980 ὁμολογήσαιτε
2926 1903 3009 1961 ὅτι
3040 1908 3075 1976 ἡ
3139 1906 3414 1982 Παρθένος
3469 1903 3735 1965 συνέλαϐε
3761 1908 3854 1964 καὶ

2201 1983 2455 2046 ἔτεκετὸν
2488 1992 2871 2066 Ἐμμανουηλ,
2909 1994 2938 2049 ὃ
2997 1993 3131 2064 ἐστι,
3191 2000 3322 2060 Μεθ’
3387 1998 3553 2069 ⁴ἡμῶν
3611 1998 3641 2052 6
3699 1997 3853 2059 Θεός.

2200 2080 2550 2135 Σιωπώντων
2577 2078 2635 2135 δὲ
2659 2085 2767 2136 τῶν
2796 2079 3093 2153 Ἰουδαίων,
3152 2084 3181 2138 6
3240 2082 3398 2160 ἅγιος
3428 2084 3567 2139 εἶπε·
3629 2085 3855 2145 Πάντως

2200 2169 2495 2242 γινώσκετε
2550 2167 2600 2224 ἐν
2657 2174 2775 2233 ταῖς
2823 2170 2993 2235 θείαις
3048 2177 3286 2250 Γραφαῖς
3344 2172 3532 2248 ὅτιπερ
3576 2172 3636 2228 ἐκ
3663 2173 3851 2244 πηλοῦ

438 2257 724 2325 Adamus,
758 2253 1129 2326 corruptioni
1161 2251 1352 2307 fuitne
1385 2257 1657 2324 exempta
1677 2268 1755 2307 an
1785 2249 2085 2323 subjecta?

2197 2255 2454 2328 ἐποίησεν
2482 2258 2512 2312 6
2543 2258 2672 2321 Θεὸς
2699 2260 2793 2315 τὸν
2851 2264 3066 2337 πρῶτον
3120 2249 3430 2338 ἄνθρωπον,
3483 2263 3543 2325 ὃς
3581 2267 3650 2338 τῇ
3712 2283 3854 2335 συμ-

434 2345 665 2403 Cusech
720 2342 1031 2415 respondit
1082 2342 1267 2397 fuisse
1326 2346 1691 2412 exemptam.
1768 2341 2093 2396 Silvester:

438 2440 620 2495 Recte
651 2435 876 2492 dixisti.
909 2435 1053 2489 Nam
1087 2438 1146 2489 et
1203 2433 1363 2505 virgo
1404 2431 1517 2486 fuit
1575 2435 1733 2487 terra
1780 2431 1913 2497 ista,
1961 2447 2095 2487 cum

434 2525 706 2583 nondum
737 2523 926 2596 spinis
956 2540 1024 2579 ac
1073 2521 1310 2578 tribulis
1362 2537 1493 2577 eam
1536 2520 1735 2576 divina
1782 2520 2094 2576 detestatio

437 2615 839 2688 exposuisset,
865 2628 1061 2683 neque
1112 2612 1175 2667 in
1200 2627 1272 2667 ea
1300 2610 1489 2666 ullum
1520 2610 1849 2665 humanum
1881 2625 2096 2681 corpus

436 2705 657 2761 fuisset
681 2699 1146 2774 sepultum.ldeo
1164 2716 1406 2756 necesse
1429 2704 1556 2754 erat
1572 2715 1789 2754 novum
1799 2699 2093 2755 Adamum

434 2809 506 2848 ex
536 2791 718 2846 Maria
778 2789 1013 2861 Virgine
1063 2788 1248 2854 nasci,
1320 2793 1386 2841 ut
1439 2787 1534 2841 hic
1572 2791 1933 2857 serpentem,
1992 2786 2093 2857 qui

432 2880 695 2951 primum
729 2878 1040 2934 hominem
1080 2874 1362 2931 tentando
1395 2875 1633 2940 vicerat,
1666 2873 1927 2930 vicissim
1974 2875 2094 2930 vin-

438 2972 608 3024 ceret
645 2965 1004 3040 jejunando,
1037 2964 1210 3020 sicuti
1258 2963 1517 3019 Adamus
1566 2963 1698 3018 cibo
1731 2968 1902 3035 capto
1959 2980 2094 3018 suc-

434 3057 740 3114 cubuerat.
786 3056 981 3113 Victor
1038 3070 1178 3126 ergo
1242 3051 1461 3109 diaboli
1519 3051 1861 3124 paradisum
1921 3052 2093 3108 nobis

430 3146 696 3202 restituit
752 3145 1002 3216 vitaeque
1059 3147 1297 3197 aaternaa
1370 3145 1571 3212 portas
1636 3140 1889 3212 aperuit.
1948 3142 2093 3196 Tum

2201 2341 2404 2418 δουλίᾳ
2430 2351 2528 2402 τοῦ
2558 2345 2736 2425 ὄφεως
2763 2343 3030 2421 ἐξεϐλήθη
3088 2353 3187 2406 τοῦ
3238 2348 3566 2425 παραδείσου
3622 2350 3714 2406 καὶ
3763 2362 3853 2416 θα-

2200 2436 2347 2509 νάτῳ
2375 2435 2805 2511 περιπέπτωκεν.
2859 2437 3064 2495 Οὗκοῦν
3121 2437 3238 2496 εἰπὲ
3294 2460 3410 2513 μοι,
3444 2441 3490 2495 ὢ
3530 2436 3781 2511 Ἰουδαῖε,
3814 2442 3850 2510 ἡ

2199 2531 2270 2600 γῆ
2301 2523 2390 2603 ἀφ’
2419 2525 2487 2595 ἧς
2517 2524 2754 2599 ἐπλάσθη
2790 2528 2820 2582 6
2844 2525 3046 2602 ³Δδὰμ,
3104 2527 3373 2605 ἄφθαρτος
3409 2530 3478 2600 ἦν
3547 2527 3583 2599 ἤ
3614 2531 3852 2607 φθαρτή,

2201 2614 2436 2688 Κουσήχ
2490 2614 2658 2669 εἶπεν⁶
2717 2617 3041 2695 Ἁφθαρτος.
3099 2612 3426 2693 Σίλϐεστρος
3465 2616 3600 2673 εἰπε·
3644 2615 3843 2678 Καλῶς

2200 2702 2378 2764 εἶπαςο
2410 2700 2682 2781 ἄφθαρτος
2727 2703 2832 2780 γὰρ
2887 2706 2952 2774 ῆν
3010 2705 3102 2761 καὶ
3142 2706 3407 2783 παρθένος
3472 2703 3563 2761 διὰ
3604 2705 3671 2761 τὸ
3704 2706 3846 2777 μήτε

2198 2788 2434 2863 κατάραν
2492 2787 2659 2859 αὐτὴν
2739 2785 3018 2868 εἰληφέναι
3075 2791 3319 2855 ἀκανθῶν
3378 2789 3467 2846 καὶ
3540 2784 3847 2864 τριϐόλων,

2203 2878 2344 2949 μήτε
2400 2874 2457 2931 δὲ
2536 2879 2713 2953 ταφήν
2771 2878 3024 2953 σώματος
3104 2879 3444 2955 ἀνθρωπίνου
3522 2879 3840 2959 ἐσχηκέναι.

2197 2964 2393 3021 Τοίνυν
2422 2962 2594 3044 ἐχρῆν
2626 2966 2714 3021 καὶ
2746 2964 2807 3021 ἐκ
2834 2973 2934 3036 τῆς
2996 2968 3273 3043 Παρθένου
3326 2967 3539 3043 Μαρίας
3584 2968 3675 3022 τὸν
3728 2968 3847 3023 νέον

2201 3049 2377 3126 Ἀδὰμ
2403 3056 2749 3129 γεννηθῆναι,
2780 3054 2838 3118 ὅς
2888 3054 3093 3134 ὣφειλε
3149 3056 3241 3113 τὸν
3296 3058 3529 3128 νικητήν
3557 3059 3655 3112 τοῦ
3686 3055 3840 3131 πρώ-

2197 3162 2294 3198 του
2347 3144 2655 3218 ἂνθρώπου,
2709 3147 2802 3202 τὸν
2857 3147 3179 3222 πειράζοντα
3238 3142 3384 3225 ὅφιν,
3441 3153 3680 3217 νικῆσαι.
3736 3144 3846 3203 Καὶ

428 3234 671 3291 Iudaeus
696 3251 711 3289 :
745 3235 875 3289 Non
904 3215 1082 3292 modo
1115 3247 1223 3286 cur
1252 3234 1427 3285 natus
1457 3232 1615 3284 esset
1646 3228 1936 3295 Christus,
1982 3228 2085 3284 sed

2197 3229 2384 3302 ἐπειδὴ
2415 3215 2507 3289 τδν
2540 3232 2721 3308 Ἀδὰμ
2749 3231 2839 3290 διὰ
2871 3215 3125 3309 βρῶσεως
3155 3215 3389 3309 ἰνίκησε,
3444 3215 3837 3307 διά-νηστείας

429 3326 609 3382 etiam
672 3342 778 3380 cur
823 3322 1084 3379 ludibrio
1140 3320 1398 3386 habitus,
1452 3318 1744 3391 proditus,
1794 3319 2082 3392 supplicio

429 3415 678 3470 allectus
735 3417 796 3469 et
849 3416 1141 3479 mortuus,
1196 3424 1437 3465 causam
1484 3407 1841 3480 postulatus,
1895 3425 2083 3480 pauca

428 3500 701 3575 quaadam
733 3500 806 3557 de
835 3500 1141 3557 nativitate
1171 3498 1301 3570 ejus
1330 3496 1606 3554 docuisti.

2190 3322 2425 3393 ⁴ἡττήθη.
2451 3322 2513 3380 Ὀ
2544 3326 2678 3398 γοῦν
2705 3325 2934 3396 νικήσας
2965 3325 3058 3380 τὸν
3114 3321 3377 3381 διάϐολον
3428 3325 3520 3381 τὸν
3575 3320 3844 3399 παράδει-

2191 3429 2285 3464 σον
2312 3411 2448 3484 ἡμῖν
2481 3408 2731 3468 ἀπέδωκε
2758 3412 2849 3469 καὶ
2875 3419 2978 3482 τῆς
3037 3412 3262 3469 αἰωνίου
3318 3419 3465 3484 ζωῆς
3515 3412 3611 3475 τὰς
3666 3411 3849 3474 πύλας

2191 3496 2411 3572 ἡνέῳξε.
2446 3500 2552 3556 Καὶ
2583 3501 2613 3556 6
2655 3497 2916 3565 Ἰουδαῖος
2976 3502 3147 3557 εἶπεν⁸
3204 3502 3281 3561 Οὐ
3341 3503 3506 3575 μόνον
3564 3501 3689 3575 περὶ
3741 3506 3847 3570 τῆς

421 3593 720 3664 γεννήσεως
752 3593 850 3644 τοῦ
883 3586 1149 3661 ὑμετέρου
1178 3589 1452 3661 Χριστοῦ,
1485 3582 1633 3640 ἀλλὰ
1656 3584 1746 3639 καὶ
1776 3585 1902 3660 περὶ
1929 3592 2031 3655 τῆς
2060 3584 2366 3660 ἐμπαίξεως
2392 3588 2556 3644 αὐτοῦ
2584 3589 2675 3645 καὶ
2706 3588 3003 3667 προδοσίας
3049 3591 3139 3647 καὶ
3196 3591 3404 3654 πάθους
3457 3590 3549 3646 καὶ
3604 3588 3840 3646 θανάτου

422 3679 747 3755 ἐρωτηθεὶς,
777 3676 902 3753 περὶ
937 3677 1107 3750 μόνης
1138 3681 1238 3745 τῆς
1278 3675 1586 3751 γεννήσεως
1609 3670 1852 3745 ἐδίδαξας
1884 3672 2049 3749 ὀλίγα
2079 3677 2221 3732 τινά.

495 3773 737 3844 Oportet
764 3774 963 3825 autem
994 3767 1068 3823 de
1089 3765 1341 3839 singulis
1371 3771 1428 3821 te
1480 3765 1775 3821 rationem
1806 3764 2081 3822 reddere.

426 3860 707 3917 Silvester
729 3875 743 3916 ε
765 3859 846 3914 De
877 3871 1137 3929 quonam
1167 3854 1317 3910 dixit
1345 3869 1595 3927 magnus
1611 3852 1710 3908 ille
1741 3853 1922 3909 Isaias
1942 3853 2081 3921 ista,

426 3951 574 4006 Ecce
628 3949 804 4022 Virgo
864 3945 1182 4018 concipiet,
1267 3949 1326 3999 et
1378 3942 1573 4016 pariet
1629 3941 1845 3998 Filium
1904 3959 2081 4013 quem

426 4038 879 4095 Emmanuelem
910 4033 1307 4092 nominabunt
1328 4032 1358 4088 ‘I
1389 4032 1445 4088 ls
1499 4037 1821 4103 antequam
1852 4036 2083 4103 patrem

426 4137 530 4188 aut
586 4134 837 4186 matrem
885 4143 1094 4183 vocare
1152 4124 1360 4193 discat,
1396 4125 1752 4179 Damascum
1800 4124 1863 4179 in
1911 4140 2081 4179 suam

425 4221 656 4293 rediget
677 4222 1031 4292 potestatem
1064 4220 1124 4271 et
1160 4214 1487 4271 Samariam
1518 4213 1761 4285 diripiet
1783 4229 1851 4269 ac
1882 4230 2081 4286 regem

422 4311 680 4382 Assyriae
706 4309 901 4365 vincet
925 4308 993 4363 ³³.
1022 4305 1283 4362 Balaami
1327 4310 1618 4377 praeterea
1645 4304 1757 4360 hoc
1818 4310 1906 4359 est
1934 4303 2083 4360 vati-

424 4399 672 4455 cinium.
724 4397 898 4453 Sidus
945 4412 1016 4451 ex
1074 4392 1289 4451 Iacobo
1356 4394 1599 4462 orietur,
1655 4393 1950 4464 homoque
2008 4392 2080 4449 de

424 4488 642 4545 lsraele
674 4492 1010 4551 enascatur,
1029 4484 1132 4556 qui
1164 4483 1469 4556 principes
1500 4482 1795 4539 Moabicos
1815 4487 2081 4538 conterat

422 4595 481 4644 et
511 4587 672 4643 Sethi
722 4586 877 4642 ﬁlios
930 4581 1370 4640 incursionibus
1419 4581 1594 4637 laadat
1640 4581 2077 4653 imperiumque

2265 3768 2500 3843 ’Δνάγκη
2537 3767 2628 3824 οὖν
2675 3767 2790 3825 ἐστι
2839 3770 2963 3847 περὶ
3018 3771 3232 3826 πάντων
3271 3766 3745 3844 ἀπολογήσασθαι.
3782 3767 3844 3825 Ὀ

2193 3855 2353 3933 ἅγιος
2395 3854 2727 3935 Σίλὸεστρος
2775 3857 2904 3935 ἔφη*
2958 3862 3092 3936 Περὶ
3129 3862 3279 3925 τίνος
3328 3861 3358 3915 6
3419 3861 3589 3935 μέγας
3617 3855 3843 3916 Ἠσαίας

2193 3944 2318 4026 ἔφη,
2347 3944 2493 4005 Ἰδοὺ
2547 3950 2583 4018 ἡ
2642 3946 2912 4024 Παρθένος
2969 3948 3022 4004 ἐν
3081 3951 3276 4025 γαστρὶ
3327 3944 3432 4021 ἔξει
3487 3947 3575 4003 καὶ
3626 3945 3829 4019 τέξεται

2192 4036 2335 4105 Υἱὸν,
2366 4036 2457 4093 καὶ
2486 4035 2778 4094 καλέσουσι
2808 4039 2871 4095 τὸ
2902 4037 3079 4112 ὄνομα
3143 4039 3310 4095 αὐτοῦ
3366 4033 3750 4111 Ἐμμαιουὴλ,
3808 4034 3838 4091 ὅ

2192 4123 2328 4194 ἐστι,
2358 4127 2492 4191 Μεθ’
2519 4128 2729 4200 ⁴ἡμῶνιὶ
2758 4128 2888 4192 Θεός
2924 4146 2938 4198 ;
2972 4127 3097 4197 Καὶ,
3128 4128 3265 4203 Πρὶν
3298 4127 3334 4196 ἤ
3377 4130 3577 4202 γνῶναι
3615 4123 3681 4180 τὸ
3708 4144 3835 4179 παι-

2191 4215 2311 4273 δίον
2347 4217 2533 4275 καλεῖν
2564 4220 2769 4297 πατέρα
2797 4219 2833 4288 ἤ
2888 4218 3120 4296 μητέρα,
3171 4218 3404 4293 λήψεται
3445 4214 3668 4289 δύναμιν
3730 4224 3835 4271 Δα-

2194 4311 2403 4380 μασκοῦ
2440 4307 2530 4363 καὶ
2585 4307 2652 4362 τὰ
2708 4304 2881 4362 σκῦλα
2939 4305 3274 4383 Σαμαρείας,
3333 4301 3503 4360 ἔναντι
3565 4301 3836 4379 βασιλέως

2192 4395 2510 4472 Ἀσσυρίων.
2543 4396 2644 4453 Καὶ
2677 4397 2706 4451 6
2738 4394 2987 4470 Βαλαάμο
3050 4392 3341 4456 Ἀνατελεῖ
3393 4393 3589 4467 ἄστρον
3621 4391 3672 4462 ξε
3729 4393 3837 4448 Ἰα-

2188 4480 2328 4555 κὼϐ,
2384 4486 2475 4544 καὶ
2538 4486 2893 4557 ἀναστήσεται
2942 4483 3228 4560 ἄνθρωπος
3302 4483 3353 4555 ἐξ
3434 4479 3679 4559 Ἰσραήλ,
3747 4477 3839 4534 καὶ

2188 4578 2405 4650 θραύσει
2434 4573 2564 4638 τοὺς
2590 4574 2875 4650 ἀρχηγοὺς
2905 4568 3101 4643 Μωὰϐ,
3141 4572 3231 4628 καὶ
3286 4568 3652 4648 προνομεύσει
3707 4566 3834 4630 τοὺς

421 4677 485 4733 in
516 4676 734 4732 multas
764 4678 971 4749 gentes
999 4676 1249 4744 occupet
1267 4671 1443 4725 “.His
1474 4669 1768 4726 vaticiniis
1798 4668 1949 4725 485
1975 4668 2080 4724 de-

2197 4663 2337 4728 δίοὺς
2385 4666 2523 4735 Σὴθ,
2574 4664 2665 4720 καὶ
2719 4662 3129 4738 κατακυριεύσει
3184 4661 3348 4716 ἐθνῶν
3406 4657 3656 4717 πολλῶν.
3713 4658 3839 4715 ’Ὁτι

2230 4754 2245 4768 \
2340 4755 2371 4768 ν
2432 4752 2457 4768 ι
2503 4764 2516 4768 Α
2884 4754 2896 4768 1
3134 4747 3160 4768 ᾗ
3198 4750 3213 4768 \
3348 4750 3361 4768 1
3587 4766 3596 4768 Α
3687 4767 3694 4768 κ
3717 4767 3774 4768 7,,

424 4766 764 4824 nuntiatum
778 4747 874 4820 est
897 4779 1032 4820 eum
1054 4762 1358 4817 hominem
1378 4760 1667 4815 futurum.
1691 4756 1857 4823 Quod
1878 4762 2078 4813 autem

2197 4754 2285 4828 μὲν
2308 4755 2401 4810 οὗν
2430 4752 2715 4829 ἅνθρωπος
2755 4754 3071 4828 φανήσεται,
3131 4747 3224 4806 διὰ
3267 4750 3477 4806 τούτων
3532 4766 3841 4823 προκαταγ-

425 4856 693 4912 omnium
714 4869 915 4911 rerum
936 4851 1224 4908 Dominus
1252 4850 1486 4904 futurus
1515 4852 1692 4914 esset,
1715 4862 1953 4902 rursum
1985 4845 2078 4902 liis

420 4945 618 5002 verbis
638 4949 798 5000 vates
855 4940 1260 5014 praedixerunt
1288 4953 1301 4992 :
1336 4939 1484 4992 Ecce
1541 4934 1826 4991 Dominus
1857 4934 2077 4990 insidet

422 5033 656 5090 nebulae
700 5031 834 5099 levi,
895 5043 1121 5100 suoque
1164 5027 1227 5081 in
1265 5027 1574 5097 Egyptum
1604 5023 1859 5080 adventu
1893 5040 2074 5079 manu

416 5123 607 5179 factos
637 5137 845 5177 eorum
873 5118 1016 5174 deos
1045 5113 1415 5172 concutiet“.
1437 5113 1758 5181 Item,Ecce
1782 5112 2073 5168 Dominus

418 5213 576 5268 Deus
599 5216 805 5267 noster
832 5207 1049 5275 veniet,
1082 5220 1312 5276 nosque
1343 5201 1575 5274 eripiet.
1607 5202 1770 5257 Tunc
1792 5201 2072 5273 aperien-

2184 4843 2459 4920 γέλλεται·
2532 4842 2615 4899 ὅτι
2676 4840 2735 4898 δὶ
2791 4842 2991 4917 Κύριος
3071 4839 3308 4910 πάντων,
3392 4835 3833 4915 προσημαίνουσι

2182 4932 2352 4990 πάλιν
2384 4934 2435 4988 οἱ
2464 4940 2744 5012 προφῆται
2801 4931 3115 5010 φάσκοντες
3159 4927 3298 4989 Ἰδοὺ
3329 4929 3535 5004 Κύριας
3592 4927 3826 4998 κάθηται

2182 5022 2270 5082 ἐπὶ
2328 5023 2561 5103 νεφέλης
2614 5022 2850 5096 κούφης,
2907 5021 2998 5077 καὶ
3070 5019 3188 5092 ἥξει
3241 5019 3321 5081 εἰς
3377 5016 3677 5095 Αἴγυπτον,
3734 5015 3827 5103 καὶ

2182 5101 2558 5185 σεισθήσγονται
2605 5112 2676 5167 τὰ
2724 5109 3088 5186 χειροποίητα
3145 5107 3442 5184 Αἰγύπτου.
3502 5105 3630 5173 Καὶ,
3684 5101 3828 5160 Ἰδοὺ

2182 5205 2375 5280 Κύριος
2407 5204 2436 5259 6
2475 5202 2605 5264 Θεὸς
2635 5202 2796 5274 ἡμῶν
2826 5201 2939 5270 ἣξει
2965 5199 3058 5255 καὶ
3115 5198 3278 5255 σώσει
3326 5198 3496 5270 ἡμᾶς,
3555 5195 3643 5249 καὶ
3703 5193 3830 5249 τότε

420 5306 517 5355 tur
544 5299 700 5356 oculi
732 5313 1027 5354 caecorum
1056 5309 1351 5365 auresque
1384 5290 1797 5355 surdorum,et
1819 5288 2069 5346 claudus

2197 5293 2580 5369 ἱνοιγήσονται,
2656 5289 2932 5369 ὀφθαλμοὶ
2986 5287 3228 5366 τυφλῶν,
3305 5284 3398 5341 καὶ
3454 5282 3570 5340 ὦτα
3622 5285 3827 5357 κωφῶν

417 5389 570 5444 cervi
603 5388 793 5444 instar
821 5386 1078 5454 saltabit,
1097 5384 1378 5456 balbique
1400 5380 1621 5437 diserte
1648 5380 1977 5449 lno-“Mur
1995 5379 2063 5436 ⁸⁵.

417 5479 538 5535 Hoc
568 5494 712 5535 sane
740 5477 1045 5534 oraculum
1093 5476 1279 5532 Deum
1318 5473 1382 5529 in
1411 5470 1549 5528 ter“

2175 5368 2577 5455 ἀνοιγήσονται,
2607 5368 2942 5434 καίἀλεῖται
2990 5377 3066 5439 ὡς
3124 5370 3326 5453 ἔλαφος
3387 5373 3416 5428 6
3473 5370 3689 5448 χωλὸς,
3738 5368 3831 5425 καὶ

1669 5510 1696 5523 ρ.
1728 5476 2063 5528 curaturum
2174 5468 2343 5542 τρανή
2378 5460 2525 5522 ἔσται
2572 5464 2798 5543 γλῶσσα
2866 5461 3210 5539 μογιλάλων.
3260 5463 3328 5519 Ἡ
3388 5461 3483 5535 μὲν
3544 5459 3637 5515 οὗν
3690 5476 3835 5535 προ-

471 5674 521 5711 ⁸³
554 5676 666 5732 Isa.
695 5690 796 5744 vu,
829 5675 1009 5729 14-16.
1039 5673 1086 5709 ⁸³
1117 5674 1286 5728 Num.
1310 5688 1466 5738 xxiv,
1494 5674 1582 5737 l7,
1618 5672 1703 5725 18.
1737 5672 1783 5707 ει
1808 5672 2059 5738 Isa.xix,

2197 5671 2219 5707 ⁸
2249 5672 2359 5727 Isa.
2391 5687 2563 5740 xxxv,
2614 5672 2671 5726 4.
