4194 6198
338 344 453 404 529

1440 343 1996 406 HISTORIARUM
2041 345 2582 409 COMPENDIUM.

3629 345 3745 404 530

343 476 539 557 φητεία
568 477 696 530 Θεὸν
756 473 1042 548 ἐπιδημεῖν
1101 476 1265 550 λέγει,
1299 478 1362 531 τὰ
1415 474 1471 531 δὲ
1528 484 1728 549 σημεῖα
1775 477 1984 532 καὶτὸν

2103 482 2380 548 ostendit,
2415 482 2708 553 simulque
2741 488 2901 536 certa
2930 480 3095 552 signa
3130 480 3411 550 temporis
3442 496 3557 550 quo
3581 480 3748 534 Chri-

345 565 545 642 χρὸνον
603 572 704 634 τῆς
787 564 1088 639 παρουσίας
1141 566 1418 640 γνωρίζει·
1498 565 1623 621 τότε
1675 566 1776 641 γὰρ
1825 571 1992 621 ταῦτα

342 653 736 729 πεπλήρωνται
767 652 900 728 ἅπερ
934 651 1058 708 οὐδέ
1087 675 1218 709 ποτε
1265 653 1545 729 γενόνασιν
1579 653 1629 708 ἐν
1659 659 1738 726 τῷ
1772 652 1989 728 Ἰσραήλ

340 745 625 821 πρότερον.
659 747 744 813 [Ρ.
780 745 906 815 2T7]
953 742 1081 816 Περὶ
1132 739 1189 796 δὲ
1244 747 1341 798 τοῦ
1398 743 1602 807 πάθους
1632 742 1796 797 αὐτοῦ
1826 742 1989 797 πάλιν

342 832 523 911 φησίν·
582 833 910 906 ’Ἀνθρωπος
968 830 1020 885 ἐν
1078 831 1272 905 πληγῇ
1332 830 1405 886 ὢν
1465 832 1555 886 καὶ
1609 829 1767 892 εἰδὼς
1817 828 1994 908 φέρειν

345 920 616 994 μαλακίαν
675 918 951 992 ἠτιμάσθη
1012 921 1100 974 καὶ
1160 917 1259 974 ουκ
1325 919 1605 996 ἐλογίσθη.
1669 921 1839 980 Οὗτος
1896 920 1991 980 τὰς

344 1010 614 1084 ἁμαρτίας
647 1011 808 1082 ἡμῶν
851 1010 998 1084 φέρει
1056 1009 1144 1063 καὶ
1205 1009 1329 1083 περῖ
1391 1012 1553 1082 ἡμῶν
1584 1005 1854 1064 ὀδυνᾶται.
1890 1009 1992 1064 Καὶ

339 1106 503 1176 ἡμεῖς
571 1099 938 1177 ἐλογισάμεθα
1003 1100 1164 1154 αὐτὸν
1235 1101 1366 1154 εἶναι
1443 1099 1494 1154 ἐν
1563 1099 1710 1172 πόνῳ
1783 1102 1872 1154 καὶ
1940 1099 1992 1153 ἐν

335 1191 532 1266 πληγῇ
590 1191 680 1244 καὶ
738 1189 789 1244 ἐν
827 1190 1057 1244 κακώσεο
1116 1189 1279 1252 αὐτὸς
1337 1187 1394 1244 δὲ
1454 1189 1854 1266 ἐτραυματίσθη
1906 1187 1996 1244 διὰ

337 1281 432 1342 τὰς
467 1279 735 1354 ἁμαρτίας
793 1280 958 1351 ἡμῶν
1017 1277 1107 1332 καί
1169 1276 1557 1352 μεμαλάκηται
1615 1276 1703 1332 διὰ
1740 1278 1836 1340 τὰς
1867 1279 1995 1332 ἀνο-

344 1369 468 1442 μίας
531 1371 713 1442 ἡμῶν.
771 1365 991 1422 Παιδεία
1048 1367 1267 1442 εἰρήνης
1325 1370 1485 1441 ἡμῶν
1547 1367 1630 1422 ἐπ’
1679 1367 1848 1439 αύτῷ.
1908 1371 1994 1438 Τῷ

346 1456 586 1529 μώλωπι
617 1457 783 1511 αὐτοῦ
841 1458 1004 1528 ἡμεῖς
1069 1456 1322 1530 ίάθημεν.
1371 1458 1475 1512 Καὶ
1535 1453 1616 1510 ὅτι
1648 1453 1858 1525 αἶ’ρεται
1888 1455 1994 1509 ἀπὸ

340 1552 438 1615 τῆς
468 1553 572 1620 γῆς
603 1547 638 1614 ἡ
675 1547 786 1614 ζωή
838 1545 1029 1599 αὐτοῦ.
1091 1547 1206 1614 Τὴν
1247 1542 1303 1599 δὲ
1360 1546 1540 1620 γενεὰν
1595 1544 1759 1599 αὐτοῦ
1787 1543 1870 1605 τίς
1903 1541 1993 1598 δι-

340 1637 605 1708 ηγήσεται
635 1652 647 1702 ;
681 1633 778 1688 Καὶ
807 1635 834 1688 6
872 1635 1129 1702 Μωῦσῆς·
1193 1635 1422 1706 Ὄψεσθε
1480 1635 1582 1702 την
1642 1634 1787 1702 ζωην
1842 1633 1994 1706 ὑμῶν

335 1725 689 1798 κρεμαμένην
753 1721 1008 1778 ἀπέναντι
1066 1728 1174 1776 τῶν
1235 1720 1536 1800 ὀφθαλμῶν
1590 1723 1764 1795 ὑμῶν,
1795 1722 1884 1776 καὶ
1931 1722 1991 1776 οὐ

338 1814 414 1885 μή
448 1813 795 1882 πιστεύσητε.
830 1812 934 1868 Καὶ
966 1806 1132 1866 Δαϐἱδ
1184 1810 1244 1866 ἐκ
1299 1810 1599 1887 προσώπου
1629 1815 1725 1866 τοῦ
1755 1812 1990 1885 Χριστοῦ
2021 1846 2066 1909 Β

339 1900 509 1977 λέγει·
544 1899 773 1974 ’Ώρυξαν
804 1901 994 1974 χεῖράς
1029 1921 1134 1972 μου
1177 1901 1266 1953 καὶ
1323 1896 1492 1961 πόδας
1523 1920 1650 1973 μου,
1679 1898 1768 1954 καὶ
1802 1897 1986 1972 διεμε-

337 1990 560 2065 ρίσαντο
592 1992 657 2044 τὰ
686 1989 880 2063 ἱμάτιά
912 2010 1016 2062 μου
1071 1991 1303 2056 ἑαυτοῖς,
1337 1990 1427 2044 καὶ
1485 1991 1549 2045 τὰ
1603 1991 1744 2061 ἑξῆς.
1776 1993 1898 2047 Ὅτι
1932 1987 1988 2044 δὲ

335 2079 564 2133 καὶτῶν
599 2077 766 2141 ἐθνῶν
819 2076 980 2141 ἒλπὲς
1035 2079 1122 2147 ἧν,
1184 2080 1211 2133 6
1273 2078 1367 2151 μὲν
1427 2075 1624 2134 Ἰακὼϐ
1678 2080 1842 2134 εἶπεν·
1876 2079 1990 2136 Ούκ

334 2166 578 2242 ἐκλείψει
634 2165 824 2245 ἅρχων
857 2167 909 2238 ἐξ
944 2165 1119 2224 Ἰούδα
1174 2168 1265 2222 καὶ
1326 2169 1642 2242 ἡγούμενος
1699 2168 1758 2223 ἐκ
1794 2175 1986 2242 μηρῶν

333 2255 526 2325 αὐτοῦ,
557 2253 662 2319 ἓως
691 2257 750 2309 ἅν
780 2251 914 2330 ἔλθῃ
948 2256 993 2327 ᾦ
1025 2255 1329 2326 ἀπόκειται,
1361 2257 1450 2311 καὶ
1481 2255 1642 2321 αὐτὸς
1689 2253 1988 2332 προσδοκία

335 2341 524 2400 ἐθνῶν.
583 2345 646 2400 Ὀ
705 2341 760 2398 δὲ
819 2344 1036 2405 Ἡσαῗας
1092 2340 1216 2420 ἔφη·
1276 2343 1378 2400 Καὶ
1437 2340 1582 2399 ἔσται
1640 2347 1675 2414 ἡ
1735 2345 1858 2419 ῥίζα
1893 2348 1987 2399 τοῦ

334 2431 531 2486 Ἰεσσαὶ
587 2432 676 2486 καὶ
732 2432 760 2486 6
816 2431 1165 2505 ἀνιστάμενος
1217 2431 1408 2508 ἄρχειν
1466 2432 1655 2497 ἐθνῶνο
1715 2433 1798 2489 ἐπ’
1835 2434 1986 2506 αὐτῷ

336 2518 461 2590 ἔθνη
497 2519 770 2579 ἐλπιοῦσι.
831 2520 930 2575 Καὶ
971 2526 1138 2576 ταῦτα
1195 2525 1288 2594 μὲν
1339 2521 1504 2598 ὀλίγα
1547 2523 1684 2597 πρὸς
1715 2519 1986 2592 ἀπόδειξιν

334 2612 442 2665 τῶν
478 2611 817 2687 γενομάνων,
849 2616 993 2665 πᾶσα
1024 2608 1080 2665 δὲ
1119 2613 1154 2680 ἡ
1205 2613 1388 2689 Γραφή
1422 2610 1736 2682 πέπλησται
1767 2609 1984 2687 διελέγ-

337 2718 512 2774 χουσα
567 2701 665 2767 τὴν
724 2697 984 2772 ὑμετέραν
1040 2699 1314 2757 ἀπιστίαν.
1344 2700 1439 2762 Τίς
1487 2702 1588 2776 γάρ
1630 2722 1769 2756 ποτε
1795 2707 1902 2757 τῶν
1931 2701 1985 2757 ἐν

330 2793 448 2848 ταῖς
511 2786 676 2852 θείαις
735 2793 973 2866 Γραραῖς
1009 2788 1417 2862 ἱστορουμένων
1469 2786 1692 2844 δικαίων
1725 2791 1814 2845 καὶ
1848 2811 1985 2865 προ-

339 2881 527 2956 φητῶν
573 2878 741 2952 ἁγίων
793 2877 852 2932 ἐκ
901 2874 1173 2954 Παρθένου
1205 2880 1376 2952 μόνης
1409 2873 1536 2954 ἔσχε
1566 2882 1668 2949 τὴν
1696 2880 1943 2954 γέννησιν
1971 2899 1985 2949 ;

335 2966 489 3028 Τίνος
539 2963 594 3020 δὲ
642 2973 741 3036 τῆς
789 2969 1091 3043 γεννήσεως
1124 2965 1462 3042 προέδραμεν
1504 2969 1668 3038 ἀστὴν
1722 2969 1774 3024 ἐν
1823 2972 1986 3045 ούρα-

336 3061 474 3124 νοῖς,
535 3056 628 3110 καὶ
686 3056 776 3110 τὸν
833 3057 1157 3131 γεννηθέντα
1213 3055 1508 3131 διεσήμανε
1545 3063 1614 3134 τῇ
1648 3059 1986 3135 οἶκουμένῃ;

334 3145 430 3208 Τίς
464 3143 520 3200 δὲ
555 3145 831 3220 βασιλεὺς,
887 3147 1014 3218 πρὶν
1072 3147 1289 3221 ἰσχῦσαι
1349 3146 1534 3202 καλεῖν
1581 3149 1784 3224 πατέρα
1809 3150 1843 3219 ἢ
1880 3172 1990 3223 μη-

332 3234 480 3308 τέρα,
514 3231 828 3290 ἐϐασίλευσε
884 3235 973 3290 καὶ
1029 3237 1264 3312 τρόπαια
1315 3237 1451 3291 κατὰ
1505 3242 1610 3292 τῶν
1667 3237 1879 3315 ἐχθρῶν
1910 3239 1985 3294 εἷ’.

336 3321 518 3398 ληφε;
552 3326 651 3387 Τίς
709 3323 798 3378 οῦν
859 3325 960 3398 ἄρα
1015 3325 1206 3401 γέγονε
1241 3323 1494 3399 βασιλεὺς
1527 3325 1578 3381 ἐν
1630 3327 1853 3402 Ἰσραήλ
1906 3327 1988 3406 ἐφ’

337 3413 394 3467 ὅν
453 3415 520 3468 τὰ
560 3407 692 3492 ἔφνη
748 3414 921 3470 πάντα
975 3415 1074 3483 τήν
1132 3413 1329 3469 ἐλπίδα
1380 3414 1661 3485 τέθεινται,
1710 3418 1799 3472 καὶ
1851 3416 1984 3493 ουχὶ

338 3501 557 3574 μᾶλλον
619 3502 766 3574 αύτῷ
822 3504 1167 3573 ἠναντιοῦντο
1233 3506 1611 3583 πανταχόθενς
1681 3508 1824 3568 Ἕως
1882 3508 1983 3583 γὰρ

333 3593 616 3646 συνίστατο
657 3591 1046 3666 Ἰερουσαλὴμ,
1096 3592 1343 3666 πόλεμος
1391 3591 1654 3656 ἄσπονδος
1682 3597 1748 3664 ἦν
1781 3595 1986 3667 αὐτοῖς,

332 3681 419 3734 καὶ
455 3678 781 3756 διεμάχοντο
813 3682 947 3755 πρὸς
1005 3682 1094 3736 τὸν
1151 3681 1369 3756 Ἰσραὴλ
1416 3683 1704 3757 Ἀσσύριον
1742 3686 1835 3756 μὲν
1867 3683 1986 3748 θλίο

335 3766 544 3838 ϐοντες,
588 3770 877 3845 Αἰγύπτιοι
905 3768 961 3825 δὲ
992 3768 1309 3838 διώκοντες,
1333 3770 1719 3846 πολεμοῦντες.
1751 3776 1820 3830 "II
1855 3774 1986 3849 ούγὶ

341 3861 369 3914 6
395 3861 489 3931 μὲν
524 3855 689 3914 Δαϐἰδ
720 3865 834 3922 τοῖς
867 3855 1180 3921 Μωαϐίταις
1211 3861 1469 3934 ἐπολέμει
1514 3864 1602 3917 καὶ
1634 3861 1986 3936 ἐπολεμεῖτο,

339 3950 366 4002 6
399 3946 456 4002 δὲ
488 3949 698 4011 Ἰωσίας
732 3949 857 4010 τοὺς
890 3949 1124 4020 πλησίον
1157 3951 1598 4025 παρεφυλάττετο
1625 3972 1638 4020 ;
1674 3953 1770 4006 Καὶ
1806 3954 1988 4024 μέντοι

335 4037 423 4091 καὶ
458 4038 699 4106 Ἐζεκίας
733 4036 938 4092 ἐδειλία
986 4041 1084 4108 την
1135 4039 1451 4108 ἀλαζονείαν
1482 4045 1578 4095 τοῦ
1612 4043 1986 4116 Σεναχηρεὶμ,

336 4128 536 4199 καὶτῷ
578 4129 672 4200 μὲν
719 4129 898 4197 Ἰησοῦ
951 4129 1003 4183 οἱ
1051 4129 1372 4205 Ἀμοῤῥαῖοι
1420 4131 1791 4199 ἠναντιοῦντο,
1826 4136 1902 4203 τῷ
1935 4129 1992 4186 δὲ

338 4223 544 4292 Μωυσῇ
577 4221 603 4272 ὁ
647 4221 907 4290 Ἀμαλὴκ
966 4220 1431 4295 ἀντεστρατεύετο,
1464 4222 1552 4277 καὶ
1585 4218 1754 4283 ὄντως
1787 4220 1991 4278 ἄσπον-

339 4305 428 4363 δον
459 4309 524 4376 ἦν
552 4307 631 4380 τῷ
663 4309 883 4382 Ἰσραὴλ
914 4309 1050 4382 πρὸς
1105 4309 1173 4363 τὰ
1229 4304 1354 4380 ἔθνη
1412 4312 1476 4365 τὸ
1531 4318 1631 4380 τῆς
1673 4310 1882 4388 φιλίας,
1914 4312 1989 4373 ὼς

344 4399 504 4472 μὲχρι
568 4401 655 4450 νῦν
717 4402 1049 4471 μαρτυροῦσι
1107 4399 1175 4452 τὰ
1230 4399 1548 4473 γράμματα.
1583 4401 1684 4456 Καὶ
1733 4401 1783 4454 οἱ
1813 4420 1987 4474 γραμ-

347 4492 532 4559 ματεῖς
583 4485 958 4560 ἀποκριθέντες
1018 4488 1191 4541 εἷπον·
1228 4487 1341 4545 Οὐκ
1383 4489 1691 4562 ἀρνούμεθα
1724 4490 1798 4553 ὡς
1825 4493 1992 4543 ταῦτα

2019 3193 2069 3260 C

2101 577 2193 625 tus
2248 571 2606 626 adventurus
2662 577 2818 626 esset
2869 571 3113 626 indicat.
3147 571 3292 624 Tum
3342 570 3503 624 enim
3539 585 3607 624 ea
3636 569 3746 622 im-

2097 660 2256 731 pleta
2287 667 2446 728 sunt,
2481 679 2610 732 quae
2669 667 2803 716 ante
2863 661 2921 714 in
2992 660 3211 716 lsraelo
3246 675 3560 730 nunquam
3589 659 3744 712 facta

2100 749 2352 805 fuerant.
2381 751 2462 806 De
2494 752 2774 805 aerumnis
2799 767 2974 821 porro
3005 749 3133 820 ejus
3165 749 3244 803 ita
3276 747 3525 802 dicitur:
3561 748 3744 801 Homo

2099 838 2287 910 plagis
2316 839 2618 910 subjectus
2663 845 2721 893 et
2766 839 3037 892 miserias
3068 837 3295 891 ferendi
3326 837 3550 907 peritus
3581 836 3745 907 igno-

2099 928 2285 982 minia
2315 929 2558 982 affectus
2591 933 2680 982 est
2705 944 2770 981 ac
2802 944 2905 998 pro
2939 925 3126 980 nihilo
3150 925 3406 980 habitus.
3433 925 3485 979 Is
3508 931 3748 995 peccata

2104 1023 2308 1071 nostra
2339 1018 2612 1088 portavit,
2647 1016 2952 1086 nostrique
2985 1031 3163 1070 causa
3193 1015 3252 1068 in
3278 1013 3582 1068 doloribus
3614 1013 3742 1066 fuit.

2099 1109 2180 1160 Ac
2238 1123 2346 1160 nos
2405 1106 2646 1176 quidem
2706 1105 3168 1159 existimavimus
3223 1119 3358 1156 eum
3419 1102 3743 1167 laboribus,

2097 1194 2440 1250 verberibus
2506 1211 2574 1250 ac
2633 1195 2890 1248 miseriis
2950 1194 3331 1264 subjectum:
3406 1191 3531 1261 ipse
3611 1207 3746 1244 vero

2099 1285 2396 1339 sauciatus
2453 1283 2565 1339 fuit
2620 1289 2995 1355 peccatorum
3053 1286 3392 1337 nostrorum
3451 1295 3648 1342 causa,
3689 1284 3748 1332 et

2097 1378 2336 1444 propter
2389 1373 2605 1428 delicta
2660 1378 2865 1427 nostra
2921 1371 3240 1442 aegrotavit.
3274 1368 3604 1440 Castigatus
3636 1373 3744 1450 est,

2098 1469 2162 1516 ut
2217 1461 2388 1516 nobis
2445 1477 2652 1532 pacem
2711 1465 2966 1531 pareret,
3027 1460 3271 1530 ejusque
3305 1457 3590 1511 vibicibus
3635 1472 3746 1510 nos

2098 1567 2303 1607 sumus
2336 1551 2547 1604 sanati.
2581 1549 2861 1604 Aufertur
2890 1565 2925 1604 a
2955 1556 3113 1602 terra
3144 1547 3272 1617 ejus
3301 1547 3456 1600 vita:
3486 1543 3589 1599 sed
3613 1545 3744 1614 quis

2096 1656 2282 1712 genus
2316 1639 2443 1708 ejus
2501 1637 2907 1692 enarrabit“?
2957 1639 3142 1691 Moses
3201 1651 3437 1706 quoque
3467 1635 3586 1688 ait:
3647 1633 3744 1686 Vi-

2097 1728 2312 1783 debitis
2344 1728 2521 1782 vitam
2553 1733 2804 1782 vestram
2837 1741 3188 1796 suspensam
3236 1730 3370 1779 ante
3411 1722 3615 1777 oculos
3645 1739 3744 1776 ve-

2098 1822 2272 1884 stros,
2324 1822 2383 1870 et
2439 1815 2618 1870 fidem
2673 1833 2793 1870 non
2841 1813 3134 1869 habebitis
3156 1811 3222 1867 ⁸⁷.
3285 1813 3536 1866 Davidus
3567 1828 3742 1882 porro

2099 1905 2159 1960 in
2189 1905 2404 1960 Christi
2438 1921 2688 1976 persona
2719 1905 2802 1958 sie
2849 1903 3148 1973 loquitur:
3200 1900 3592 1956 Perfoderunt
3621 1915 3744 1953 ma-

2099 2011 2212 2049 nus
2243 2010 2405 2048 meas
2436 2000 2494 2047 et
2519 1993 2698 2065 pedes
2744 2009 2928 2059 meos,
2956 1997 3270 2061 vestesque
3301 2005 3464 2044 meas
3494 1989 3650 2042 inter
3681 2004 3743 2042 se

2097 2085 2444 2150 diviserunt,
2461 2085 2873 2138 etc.Prieterea
2899 2082 2960 2135 in
2986 2097 3054 2135 eo
3077 2080 3260 2134 fuisse
3283 2078 3559 2150 gentibus
3580 2093 3746 2149 spem

2095 2172 2695 2244 repositam,.lacobus
2716 2171 2810 2226 his
2830 2170 3024 2226 verbis
3055 2174 3305 2224 testatur
3319 2167 3398 2222 88:
3430 2168 3744 2238 Nunquam

2096 2261 2288 2316 deerit
2317 2263 2594 2333 princeps
2621 2261 2769 2316 Juda
2817 2266 3004 2329 ortus,
3060 2265 3119 2314 et
3175 2258 3386 2314 ductor
3417 2274 3486 2312 ex
3518 2257 3742 2312 femore

2097 2353 2226 2422 ejus
2285 2368 2576 2423 egressus,
2634 2351 2789 2405 486
2847 2355 3162 2420 antequam
3217 2349 3266 2402 is
3307 2348 3503 2402 veniat
3532 2347 3626 2401 cui
3663 2363 3748 2399 re-

2096 2441 2288 2512 posita
2318 2440 2518 2494 omnia
2547 2445 2687 2493 sunt
2713 2455 2726 2493 :
2758 2441 2824 2492 In
2855 2455 2924 2493 eo
2957 2454 3122 2508 spem
3157 2442 3382 2508 ponent
3410 2439 3615 2504 gentes
3644 2434 3736 2487 3“.

2095 2530 2274 2584 Isaias
2323 2545 2600 2599 quoque:
2659 2527 2918 2581 Exsistet
2974 2525 3140 2580 radix
3195 2527 3397 2591 Jessm,
3432 2529 3490 2578 et
3539 2528 3738 2594 surget

2095 2621 2196 2692 qui
2229 2619 2571 2675 nationibus
2599 2616 2920 2689 imperabit
2946 2634 2958 2670 :
2993 2617 3052 2670 in
3078 2633 3144 2670 eo
3177 2631 3343 2687 spem
3365 2619 3589 2684 ponent
3609 2629 3748 2684 gen-

2097 2715 2185 2764 tes
2215 2707 2279 2762 “.
2317 2710 2450 2762 Haac
2483 2723 2671 2779 pauca
2726 2706 2801 2761 ad
2857 2722 3063 2760 eorum
3114 2721 3245 2774 quas
3287 2703 3440 2757 facta
3472 2708 3610 2756 sunt
3643 2701 3747 2754 de-

2096 2797 2589 2853 monstrationem
2622 2794 2940 2866 protulisse
3007 2792 3280 2848 sufﬁciat.
3332 2793 3512 2846 Porro
3548 2796 3746 2845 autem

2099 2893 2219 2942 tota
2251 2887 2553 2957 Scriptura
2581 2885 2760 2957 plena
2797 2888 2889 2938 est
2936 2881 3511 2937 demonstrationum
3542 2885 3748 2934 vestrm

2097 2975 2490 3032 inﬁdelitatis.
2525 2975 2664 3040 Quis
2695 2973 2852 3028 enim
2874 2987 3137 3041 unquam
3172 2986 3376 3025 eorum
3408 2972 3748 3024 sanctorum

2099 3070 2202 3119 aut
2230 3069 2450 3130 vatum,
2483 3063 2584 3134 qui
2613 3061 2796 3117 sacris
2825 3060 3060 3115 Litteris
3091 3058 3488 3123 celebrantur,
3522 3074 3594 3112 ex
3625 3057 3753 3110 sola

2102 3153 2336 3224 Virgine
2369 3159 2542 3206 natus
2573 3150 2958 3223 perhibetur?
2989 3149 3158 3220 cujus
3191 3147 3420 3202 natales
3449 3146 3752 3217 praecessit

2100 3243 2160 3296 in
2193 3242 2338 3297 caelo
2364 3241 2555 3308 stella,
2581 3258 2706 3311 quae
2729 3238 2952 3294 mundo
2973 3238 3240 3311 genitum
3263 3234 3596 3291 indicaret?
3617 3234 3749 3304 quis

2095 3339 2421 3387 vestrorum
2452 3347 2680 3401 regum,
2715 3334 3033 3398 antequam
3091 3331 3369 3398 parentes
3395 3323 3748 3378 nominatim

2097 3421 2394 3492 appellare
2425 3425 2645 3491 posset,
2679 3417 2945 3491 regnavit
2990 3421 3049 3471 et
3099 3416 3170 3470 de
3218 3413 3491 3469 hostibus
3523 3417 3742 3482 tropara

2097 3510 2348 3566 statuit?
2379 3509 2518 3573 Quis
2549 3507 2805 3577 denique
2857 3522 2958 3561 rex
3008 3503 3120 3559 fuit
3165 3502 3498 3568 Israelicus,
3531 3501 3592 3555 in
3625 3517 3742 3572 quo

2097 3616 2261 3670 spem
2295 3614 2461 3652 suam
2489 3603 2692 3668 gentes
2723 3594 3130 3650 collocarent?
3158 3595 3280 3648 lmo
3302 3598 3500 3646 autem
3533 3606 3742 3644 omnes

2097 3689 2368 3743 nationes
2399 3685 2780 3755 undiquaque
2831 3690 3083 3738 vestram
3114 3689 3350 3755 gentem
3381 3681 3553 3735 bellis
3585 3680 3740 3735 infe-

2099 3782 2350 3843 starunt,
2382 3790 2691 3844 nunquam
2723 3771 3134 3827 desinentibus
3165 3771 3450 3841 quamdiu
3479 3770 3748 3824 Hieroso-

2097 3867 2326 3936 solyma
2359 3865 2540 3919 stetit.
2575 3863 2860 3917 lsraelum
2909 3862 3068 3915 enim
3117 3859 3354 3913 assiduo
3385 3858 3608 3926 Assyrii
3640 3874 3748 3928 0p-

2097 3956 2464 4026 presserunt,
2491 3950 2732 4020 zEgyptii
2757 3948 2976 4017 aliique
3000 3946 3204 4018 populi
3238 3945 3413 3999 bellis
3437 3949 3742 3999 vexarunt.

2098 4047 2304 4098 Nonne
2340 4049 2396 4096 et
2425 4040 2678 4096 Davidus
2723 4038 3007 4093 Moabitas
3048 4036 3204 4090 bello
3237 4035 3428 4106 petiit,
3460 4033 3750 4087 vicissim-

2101 4151 2213 4204 que
2245 4133 2316 4187 ab
2351 4132 2434 4187 eis
2465 4136 2553 4185 est
2583 4130 2740 4184 bello
2789 4128 3095 4199 impetitus
3119 4126 3146 4180 ‘?
3189 4141 3388 4179 nonne
3440 4124 3628 4177 Josias
3661 4123 3746 4175 vi-

2101 4223 2265 4278 cinos
2290 4221 2540 4276 metuit?
2564 4234 2764 4274 nonne
2790 4215 3212 4272 Sennacheribi
3237 4213 3586 4285 jactantiam
3619 4214 3748 4266 Eze-

2101 4313 2264 4368 chias
2299 4309 2612 4365 extimuit?
2636 4311 2839 4363 Nonne
2866 4313 2921 4360 et
2943 4305 3252 4361 adversum
3276 4304 3512 4358 Josuam
3539 4304 3751 4356 Amor—

2102 4402 2227 4468 rzei,
2261 4407 2319 4454 et
2373 4399 2686 4454 Amalecus
2744 4401 2951 4451 contra
3008 4396 3224 4449 Mosem
3281 4393 3526 4448 adversa
3583 4392 3751 4464 signa

2105 4492 2370 4545 tulerunt
2395 4489 2406 4542 l
2441 4488 2588 4543 adeo
2617 4486 2784 4541 nulla
2814 4501 3076 4556 unquam
3101 4485 3161 4538 in
3193 4484 3350 4538 hunc
3381 4499 3568 4553 usque
3592 4481 3750 4536 diem

348 4577 441 4648 μὶν
502 4577 678 4630 πάντα
727 4575 1047 4651 γέγραπται,
1102 4576 1494 4651 προσδοκῶμεν
1529 4577 1587 4632 δὲ
1617 4579 1706 4632 τὸν
1764 4575 1991 4651 μκδέπω

2106 4597 2219 4652 pax
2245 4580 2400 4634 inter
2419 4576 2708 4632 lsraelum
2739 4580 2797 4629 et
2825 4554 3029 4646 gentes
3053 4572 3245 4645 potuit
3265 4572 3538 4643 componi
3561 4587 3573 4637 ;
3594 4571 3752 4640 quod

346 4667 786 4743 παραγενόμενον
839 4669 967 4722 Θεὸν
1029 4665 1227 4742 Λόγον.
1281 4669 1338 4722 Ὀ
1396 4666 1450 4723 δέ
1509 4665 1840 4745 ΣίΛϐεστρος
1868 4665 1992 4747 ἔφη’

351 4755 450 4811 Καὶ
484 4760 603 4817 πῶς
634 4754 735 4809 οῦκ
784 4755 1056 4825 ἠκούσατε
1107 4756 1204 4811 τοῦ
1265 4756 1468 4826 Δανιὴλ
1500 4757 1867 4834 προλέγοντος
1895 4781 1998 4838 φα-

347 4849 516 4918 νερῶς
575 4847 656 4917 [Ρ.
689 4848 817 4917 278]
876 4845 964 4899 καὶ
1019 4846 1109 4900 τὸν
1165 4847 1354 4920 καιρὸν
1412 4848 1498 4901 καὶ
1559 4851 1658 4917 τήν
1715 4849 1856 4902 Θείαν
1900 4852 1996 4902 τοῦ

351 4939 612 5002 Σωτῆρος
647 4931 985 5004 ἐπιδημίανς
1037 4935 1180 5004 Φησὶ
1231 4937 1334 5010 γαρ
1385 4937 1413 4990 6
1465 4934 1996 5010 προσδιαλεγόμενος

344 5020 494 5094 αὐτῷ
525 5021 780 5096 ἅγγελος·
819 5018 1235 5096 Ἑϐδομήκοντα
1265 5021 1562 5098 ἐϐδομαδες
1588 5029 1996 5099 συνετμήθησαν

347 5109 434 5165 ἐπὶ
462 5112 552 5166 τὸν
587 5111 719 5167 λαόν
780 5134 874 5167 σου
932 5113 1022 5167 καὶ
1076 5112 1165 5168 ἐπὶ
1222 5115 1320 5182 την
1381 5113 1544 5170 πόλιν
1584 5118 1683 5184 τὴν
1713 5116 1866 5189 ἁγίαν
1898 5120 1998 5170 τοῦ

345 5199 764 5270 συντελεσθῆναι
822 5201 1088 5274 ἁμαρτίαν
1172 5205 1261 5257 καὶ
1328 5208 1423 5258 τοῦ
1483 5202 1823 5274 ἐξιλάσασθαι
1883 5203 1999 5261 ἀδι-

341 5288 488 5358 κίαν,
547 5291 637 5344 καὶ
694 5295 792 5345 τοῦ
851 5293 1144 5368 σφραγίσαι
1201 5293 1465 5370 ἁμαρτίαν
1515 5294 1608 5347 καὶ
1646 5299 1742 5348 τοῦ
1774 5293 2001 5348 ἀπαλεῖ-

347 5385 443 5455 ψαι
503 5377 740 5450 ἀδικίαν,
797 5381 886 5436 καὶ
948 5387 1044 5437 τοῦ
1102 5382 1325 5458 ἀγαγεῖν
1379 5381 1725 5454 δικαιοσύνην
1781 5384 2000 5439 αἰώνιον

343 5469 434 5526 καὶ
489 5474 586 5525 τοῦ
644 5470 935 5547 σφραγίσαι
993 5473 1177 5546 ’ὀρασιν
1231 5473 1322 5528 καὶ
1388 5478 1488 5528 τοῦ
1559 5479 1747 5549 χρῖσαι
1815 5475 2003 5548 Ἀγιον

417 5625 464 5660 ⁸⁸
494 5626 606 5681 Isa.
641 5645 760 5691 Lm,
794 5630 824 5681 3
856 5645 1022 5700 seqq.

1127 5628 1170 5663 ⁸⁷
1204 5629 1370 5682 Deut.
1405 5645 1598 5697 xxvm,
1633 5631 1720 5696 66,
1798 5628 1848 5664 ⁸⁸
1879 5628 2030 5684 Psal.
2062 5644 2178 5693 χχι,
2217 5626 2301 5680 19.

2107 4669 2306 4724 doceri
2337 4672 2533 4739 potest
2561 4682 2630 4719 ex
2663 4662 3126 4718 commentariis.
3151 4663 3294 4717 Tum
3325 4659 3754 4731 respondentes

2107 4759 2313 4815 scriba:
2363 4757 2674 4811 dixerunt:
2724 4755 2850 4808 Non
2881 4753 3223 4807 inﬁciamur
3251 4751 3364 4805 ista
3393 4749 3594 4805 omnia
3625 4764 3752 4802 esse

2107 4849 2346 4918 scripta,
2373 4850 2786 4914 exspectamus
2810 4847 3008 4896 autem
3033 4839 3280 4894 Verbum
3304 4836 3591 4907 Dei,quod
3613 4853 3758 4890 non-

2107 4939 2248 4992 dum
2274 4937 2335 4989 in
2363 4950 2602 4989 carnem
2636 4932 2813 4986 venit.
2846 4931 3122 4985 Silvester
3152 4928 3328 4982 dixit:
3362 4929 3430 4980 Et
3459 4925 3754 4996 quomodo

2108 5044 2227 5082 non
2249 5023 2556 5080 audivistis
2578 5021 2724 5076 487
2767 5019 3074 5075 Danielum
3099 5018 3314 5072 diserte
3346 5021 3579 5086 tempus
3609 5014 3757 5067 desi-

2108 5121 2410 5188 gnantem,
2437 5129 2551 5183 quo
2575 5111 2636 5165 in
2667 5115 2856 5164 terras
2887 5109 3158 5163 Servator
3181 5105 3538 5160 adventurus
3565 5108 3720 5157 esset
3743 5101 3755 5155 l

2112 5206 2194 5259 sic
2227 5204 2386 5258 enim
2419 5201 2470 5255 ei
2495 5200 2638 5255 dicit
2659 5196 2925 5269 angelus,
2950 5195 3050 5266 qui
3073 5209 3212 5248 eum
3235 5193 3361 5263 ipso
3387 5190 3762 5262 colloqueba—

2112 5300 2242 5347 tur:
2277 5291 2498 5347 Decisae
2532 5293 2671 5344 sunt
2725 5285 2943 5358 populo
3003 5291 3100 5339 tuo
3161 5281 3414 5352 urbique
3446 5286 3662 5336 sanctm
3694 5284 3756 5334 71

2113 5382 2462 5452 septimanae
2475 5377 2706 5450 quibus
2736 5381 3043 5446 peccatum
3075 5371 3415 5444 perficiatur
3445 5376 3506 5425 et
3547 5369 3764 5426 delicta

2114 5453 2438 5540 expleri...”
2495 5531 2498 5534 ,
2567 5467 2944 5544 gigpeturque
2987 5465 3323 5533 peccatum,
3373 5466 3430 5513 et
3477 5460 3762 5531 iniquitas

2377 5621 2448 5656 ⁸⁸⁸
2479 5622 2619 5676 Gen.
2655 5636 2804 5688 xux,
2838 5619 2924 5674 1οο
3001 5614 3049 5650 ⁸³
3077 5615 3189 5670 Isa.
3221 5630 3300 5680 XI,
3336 5617 3386 5683 1,
3419 5616 3471 5668 2.
