4186 6198
1718 150 1725 155 γ
1762 23 2313 133 ρ...]

407 331 524 392 531

1744 319 2057 384 GEORGII
2101 318 2447 381 CEDRENI

3703 323 3822 381 532

413 452 801 532 deleatur,‘ac
850 468 1076 520 interna
1128 460 1363 532 justitia
1416 461 1865 516 iutroducatur:
1900 456 2057 513 obsi-

2173 452 2365 527 ἁγίων.
2426 452 2527 507 Καὶ
2576 453 2758 528 γνώσῃ
2818 452 2910 509 καὶ
2969 457 3241 527 συνήσεις,
3298 457 3405 512 ἀπὸ
3435 454 3622 527 ἐξόδου
3648 453 3821 534 λόγου

410 561 623 628 gnetur
649 554 817 622 visio,
861 559 919 607 et
966 554 1216 607 Sanctus
1263 556 1603 606 sanctorum
1643 554 1918 621 ungatur.
1948 548 2056 602 Co-

410 660 778 717 guoscesque
810 647 869 697 et
897 642 1193 714 intelliges
1249 641 1322 697 ab
1383 657 1451 696 eo
1510 647 1777 713 tempore
1810 655 1928 711 quo
1955 637 2057 692 de-

408 739 630 789 cretum
657 732 865 786 edetur
894 731 965 785 de
989 730 1413 801 Hierosolymis
1436 727 2058 797 instaurandis,usque

407 822 481 879 ad
519 821 737 876 ducem
760 825 1031 884 unctum,
1064 818 1308 874 efﬂuere
1340 818 1703 890 septimanas
1733 822 1764 871 7
1796 821 1854 872 et
1882 814 2059 886 septi-

409 923 615 967 manas
646 912 715 963 62
737 909 802 963 9°.
857 909 1082 963 Caetera
1137 907 1380 979 quidem
1435 923 1568 978 quas
1618 906 1803 962 sacris
1858 904 2056 959 cousi-

408 1003 587 1072 gnata
643 1003 783 1054 sunt
838 997 1094 1064 Litteris,
1152 997 1424 1052 fortassis
1495 994 1887 1051 causabimini
1938 992 2055 1048 alio

410 1106 535 1146 esse
568 1085 875 1158 implenda
919 1091 1205 1157 tempore.
1265 1086 1365 1140 llis
1421 1090 1619 1140 autem
1651 1084 1792 1154 quid
1826 1082 2057 1137 habetis

406 1177 564 1249 quod
621 1175 968 1247 opponatis!
1026 1191 1161 1230 cum
1219 1180 1278 1229 et
1334 1190 1560 1245 ungens
1606 1172 1969 1238 nominatur,
2000 1176 2058 1225 et

404 1269 454 1322 is
486 1268 585 1338 qui
617 1266 861 1338 ungitur
890 1281 1010 1319 non
1063 1264 1244 1319 homo
1298 1265 1402 1319 sed
1434 1265 1683 1319 Sanctus
1715 1268 2057 1318 sanctorum

401 1356 754 1428 appelletur.
786 1355 876 1410 Ad
906 1354 1175 1426 ejusdem
1203 1370 1393 1424 usque
1432 1353 1752 1409 adventum
1784 1352 2055 1407 Hieroso-

404 1447 565 1514 lyma
595 1444 777 1500 stetit.
810 1445 1132 1514 Postquam
1160 1443 1418 1510 advenit,
1447 1458 1640 1514 neque
1662 1446 1856 1497 vatem
1887 1457 1957 1495 ex
1988 1456 2057 1495 eo

407 1535 595 1589 ullum
622 1532 809 1588 Judaei
840 1532 1179 1589 habuerunt
1226 1549 1423 1603 neque
1467 1532 1726 1587 visiones
1758 1530 1842 1585 eis
1872 1546 2056 1601 appa-

405 1627 676 1678 ruerunt.
711 1623 859 1677 Sane
918 1621 1150 1693 pridem
1210 1626 1267 1675 et
1323 1620 1578 1676 Davidus
1617 1619 1730 1674 fuit
1757 1623 1971 1674 unctus
2001 1622 2061 1673 et

408 1712 686 1766 Solomon
719 1716 777 1765 et
804 1710 1100 1778 Ezechias,
1161 1709 1267 1766 sed
1324 1710 1396 1764 iis
1450 1709 1593 1763 vivis
1623 1715 1682 1763 et
1708 1708 1850 1763 urbs
1894 1707 2061 1762 stetit

406 1806 583 1872 atque
641 1816 808 1855 sacer
860 1799 1045 1868 locus,
1105 1803 1163 1854 et
1217 1804 1379 1854 vates
1434 1798 1675 1854 oracula
1720 1797 2052 1852 ediderunt.
2091 1824 2134 1887 Β

403 1890 547 1943 Tum
574 1888 737 1943 uncti
762 1887 852 1942 illi
885 1888 1073 1943 sancti
1103 1887 1347 1958 quidem
1377 1887 1672 1955 homines,
1703 1901 1825 1940 non
1855 1890 2057 1939 tamen

406 1978 593 2032 sancti
643 1980 986 2031 sanctorum
1032 1982 1170 2031 sunt
1217 1976 1520 2047 appellati.
1566 1977 1738 2030 Vates
1769 1979 1968 2031 autem
2000 1978 2058 2029 et

404 2066 662 2120 visiones
685 2064 922 2135 quando
945 2066 1121 2120 desiit
1139 2064 1360 2120 habere
1391 2064 1644 2119 Israelus
1672 2080 1849 2134 quam
1874 2078 2055 2130 nunc,

409 2154 663 2208 adventu
685 2154 832 2208 vatis
864 2159 923 2207 et
950 2154 1145 2208 Sancti
1178 2158 1519 2207 sanctorum
1540 2152 1754 2207 Christi
1775 2152 1802 2206 ‘3
1831 2151 1896 2206 Id
1923 2167 2058 2206 vero

410 2244 677 2314 apprime
700 2242 940 2297 evidens
961 2243 1193 2314 signum
1214 2248 1391 2312 atque
1414 2241 1702 2296 indicium
1735 2245 1824 2295 est
1848 2239 2062 2294 adven-

408 2338 504 2386 tus
529 2331 697 2387 Verbi
718 2332 840 2399 Dei,
863 2330 1020 2401 quod
1044 2347 1237 2402 neque
1257 2330 1664 2400 Hierosolyma
1683 2327 1859 2384 hodie
1879 2332 2057 2396 stant,

410 2436 603 2491 neque
634 2425 799 2475 vates
828 2420 985 2475 inter
1011 2420 1245 2474 Judaaos
1266 2418 1425 2474 ullus
1450 2418 1642 2473 ullave
1674 2418 1818 2473 visio
1848 2422 2057 2473 exstat.

416 2513 570 2568 488
637 2512 804 2577 Quod
872 2511 1113 2583 quidem
1181 2516 1308 2566 erat
1363 2514 1850 2565 consentaneum.
1914 2507 2062 2563 Cum

410 2601 569 2655 enim
592 2601 720 2671 jam
753 2599 1086 2654 exhibitum
1117 2604 1276 2654 esset
1313 2599 1373 2654 id
1404 2598 1565 2669 quod
1594 2597 1967 2653 indicabatur
1995 2612 2064 2651 ac

409 2690 706 2744 vaticiniis
735 2688 1190 2760 praedicabatur,
1224 2688 1405 2759 signis
1437 2692 1495 2741 et
1520 2687 1747 2742 vatibus
1777 2701 2064 2757 quorsum

2166 546 2263 598 τοῦ
2313 542 2675 618 ἀποκριθῆναι
2732 543 2821 598 καὶ
2877 547 2975 599 τοῦ
3024 542 3396 618 οἰκοδομῆσαι
3453 545 3821 622 Ἰερουσαλὴμ

2164 627 2268 692 ἕως
2335 633 2573 707 Χριστοῦ
2626 633 2932 706 ἡγουμένου
2991 628 3289 705 ἐϐδομάδες
3341 635 3381 703 ζ’
3431 636 3519 690 καὶ
3576 629 3818 707 ἑϐδομά-

2168 718 2253 781 δες
2283 721 2383 795 ξβ“.
2417 722 2520 777 Καὶ
2551 722 2687 795 πρὸς
2719 722 2816 794 μὶν
2855 727 2971 784 τοῖς
3021 721 3218 785 ἄλλοις
3250 721 3383 787 ἴσως
3415 725 3822 803 προφασιζόμε-

2164 829 2250 864 νοι
2280 810 2355 871 εἰς
2392 808 2672 882 μέλλοντα
2703 810 2903 886 χρόνον
2936 806 3304 868 ἀναϐάλλεσθε
3343 814 3416 868 τὰ
3442 816 3819 889 γεγραμμένα·

2164 898 2218 953 τί
2250 895 2307 952 δὲ
2334 899 2470 973 πρὸς
2500 904 2671 955 ταῦτα
2721 897 2899 974 λέγειν
2932 899 2968 970 ἢ
3000 899 3148 961 ὅλως
3213 901 3534 971 ἀντωπῆσαι
3567 901 3818 972 δύνασθε,

2165 986 2302 1041 ὅπου
2350 1007 2412 1062 γε
2468 988 2558 1042 καὶ
2589 990 2618 1042 6
2650 989 2825 1063 χρίων
2881 987 3145 1059 δηλοῦται
3200 990 3290 1046 καὶ
3323 991 3351 1045 6
3378 991 3679 1065 χριόμενος
3721 992 3819 1049 οὐκ

2164 1074 2445 1150 ἄνθρωπος
2476 1074 2604 1132 ἀλλ’
2642 1078 2836 1153 ”Λγίος
2894 1078 3060 1151 ἁγίων
3107 1078 3559 1156 καταγγέλλεται,
3590 1082 3682 1136 καὶ
3709 1080 3818 1145 ἓως

2162 1170 2263 1233 τῆς
2318 1164 2617 1240 παρουσίας
2693 1164 2861 1222 αὔτοῦ
2942 1166 3311 1242 Ἰερουσαλὴμ
3365 1170 3667 1243 συνίστατο,
3726 1173 3818 1226 καὶ

2166 1253 2361 1309 λοιπὸν
2420 1257 2558 1318 ἅπας
2608 1258 2897 1335 προφήτης
2949 1256 3218 1312 πέπαυται
3270 1258 3360 1313 καὶ
3419 1259 3606 1334 ὅρασις
3656 1261 3707 1315 ἐν
3738 1266 3819 1333 τῷ

2166 1343 2423 1418 Ἰσραήλ;
2461 1344 2723 1423 Ἐχρὶσθη
2761 1346 2942 1418 μέντοι
2989 1344 3161 1402 πάλαι
3218 1342 3385 1402 Δαϐἓδ
3413 1349 3505 1403 καὶ
3538 1348 3816 1423 Σολομῶν

2165 1430 2255 1486 καὶ
2304 1430 2570 1501 Ἑζεκίας,
2622 1430 2749 1487 ἀλλ’
2809 1432 3177 1506 Ἰερουσαλὴμ
3231 1434 3323 1488 καὶ
3357 1435 3587 1497 ὸτόπος
3642 1457 3817 1491 συνει-

2168 1521 2352 1590 στήκει
2409 1520 2497 1575 καὶ
2555 1527 2831 1598 προφῆται
2890 1524 3285 1599 προεφήτευον.
3344 1522 3569 1585 ’Ἄλλως
3621 1523 3680 1579 δὲ
3725 1528 3812 1580 καὶ

2166 1610 2322 1665 αὐτοὶ
2356 1609 2409 1664 οἱ
2467 1609 2774 1687 χρισθέντες
2831 1608 2974 1685 ἅγιοι
3034 1609 3312 1685 ἅνθρωποι
3370 1613 3461 1666 καὶ
3521 1608 3629 1691 οὐχ
3667 1610 3816 1689 ἅγιοι

2166 1700 2339 1772 ἁγίων
2370 1697 2697 1770 ἐκλήθησαν.
2758 1699 2896 1755 Πότε
2948 1698 3007 1755 δὶ
3055 1701 3147 1755 καὶ
3203 1704 3495 1781 προφήτης
3544 1702 3817 1759 ἐπαύσατο

2165 1788 2255 1843 καὶ
2286 1789 2470 1861 ὅρασις
2528 1788 2633 1844 ἀπὸ
2686 1793 2785 1845 τοῦ
2835 1788 3079 1865 Ἰσραὴλ,
3139 1790 3185 1844 εί
3247 1791 3325 1863 μή
3354 1795 3469 1860 νῦν,
3501 1791 3590 1848 ὅτε
3622 1794 3650 1847 6
3679 1813 3820 1867 προ-

2166 1871 2539 1951 φητευὸμενος
2578 1878 2667 1933 καὶ
2717 1879 2746 1933 6
2793 1878 3000 1954 ’Ἁγίων
3062 1877 3225 1953 ἁγίων
3259 1880 3287 1934 6
3319 1881 3551 1954 Χριστὸς
3581 1882 3817 1958 παρεγέ-

2164 1989 2283 2023 νετο
2309 1986 2323 2037 ;
2359 1972 2601 2039 Σημεῖον
2631 1966 2722 2023 οὖν
2755 1964 2925 2031 ὅντως
2952 1968 3088 2043 μέγα
3107 1966 3390 2044 πρόδηλον
3411 1970 3499 2025 καὶ
3531 1974 3819 2047 γνώρισμα

2164 2061 2261 2112 τοῦ
2287 2062 2421 2111 Θεοῦ
2454 2056 2628 2131 Λόγου
2684 2057 2774 2111 καὶ
2835 2064 2936 2127 τῆς
2994 2058 3164 2114 αὐτοῦ
3196 2058 3496 2133 παρουσίας
3528 2061 3590 2114 τὸ
3623 2061 3817 2132 μηκέτι

2165 2147 2266 2214 τήν
2324 2144 2693 2220 Ἰερουσαλὴμ
2740 2145 2951 2202 ἑστάναι
3030 2148 3171 2221 μήτε
3247 2151 3541 2228 προφήτην
3600 2150 3821 2226 ἐνεργη-

2168 2238 2326 2304 θῆναι
2403 2237 2545 2308 μήτε
2620 2236 2803 2311 ὅρασιν
2867 2235 3342 2293 ἀποκαλύπτεσθαι
3417 2239 3658 2301 τούτοις.
3717 2242 3820 2297 Καὶ

2170 2323 2415 2386 εῗδιόιτως⁸
2449 2322 2703 2388 ἐλθόντες
2739 2325 2843 2401 γὰρ
2897 2323 2996 2379 τοῦ
3048 2325 3455 2398 σημαινομένου
3483 2329 3574 2382 καὶ
3605 2349 3825 2406 προφη-

2167 2414 2447 2485 τευμὲνου,
2476 2412 2559 2476 τίς
2589 2415 2621 2481 ἡ
2656 2412 2816 2488 χρεία
2868 2417 2978 2468 τῶν
3038 2416 3421 2487 σημαινόντων
3474 2417 3568 2471 καὶ
3604 2438 3822 2494 προφη-

2168 2503 2435 2558 τευόντων
2464 2522 2477 2571 ;
2512 2504 2610 2557 Διά
2637 2504 2743 2577 γὰρ
2793 2508 2956 2558 τοῦτο
3014 2506 3406 2578 προεφήτευον,
3436 2502 3540 2569 ἕως
3590 2507 3654 2561 οὗ
3683 2503 3818 2582 ἔλθῃ

2173 2592 2202 2645 ὸ
2256 2591 2736 2668 προφητευόμενος
2810 2593 2903 2647 καὶ
2983 2591 3353 2669 λυτρούμενος
3398 2595 3496 2656 τὶς
3552 2596 3825 2671 ἁμαρτίας

2171 2681 2407 2735 πάντων.

408 2795 587 2849 porro
618 2794 764 2832 usus
794 2778 968 2832 erat?
998 2776 1133 2831 Ideo
1162 2776 1463 2832 vaticinati
1495 2780 1637 2830 sunt
1666 2769 1754 2829 illi
1787 2775 2099 2846 tantisper,
2132 2771 2276 2827 dum
2318 2770 2478 2827 venit
2523 2771 2573 2826 is
2622 2787 2798 2843 quem
2830 2772 3034 2829 adfore
3068 2772 3489 2845 prazdicebant,
3523 2777 3825 2833 omnium-

413 2882 527 2936 que
557 2866 812 2920 abolevit
836 2870 1098 2937 peccata.

480 2956 604 3010 Jam
626 2954 760 3025 quis
781 2954 894 3009 fuit
909 2953 1006 3010 ille
1024 2954 1301 3025 princeps
1320 2952 1420 3025 qui
1445 2969 1475 3009 e
1498 2952 1882 3009 Bethlehema
1900 2950 2063 3019 exiit,

410 3045 510 3116 qui
571 3042 855 3100 Israelem
903 3041 1269 3113 gubernavit,
1328 3038 1503 3112 cujus
1561 3041 1751 3096 exitus
1789 3038 1862 3095 ab
1895 3038 2062 3093 initio

306 3118 311 3127 ’
405 3134 539 3201 fuit,
573 3133 645 3188 ab
675 3133 804 3205 ipsa
834 3132 1184 3197 aaternitate,
1244 3131 1419 3203 cujus
1476 3147 1698 3186 nomen
1732 3128 1857 3184 sole
1905 3127 2064 3182 anti-

411 3225 585 3295 quius
637 3227 727 3278 est
783 3227 842 3277 et
888 3221 1162 3277 nativitas
1218 3218 1687 3276 inenarrabilis?
1727 3219 1853 3273 hsec
1900 3216 2063 3271 enim

412 3314 713 3383 Scriptura
740 3312 790 3366 ei
821 3310 1109 3366 attribuit.
1141 3311 1490 3366 Sanctorum
1521 3308 1764 3379 quidem
1794 3307 2063 3363 omnium

413 3407 609 3456 ortum
656 3401 877 3455 scimus
908 3398 1213 3454 memoria}
1244 3398 1565 3470 proditum,
1599 3396 2060 3469 principumque

2246 2950 2411 3010 Ποῖος
2442 2949 2624 3003 τοίνυν
2678 2947 2990 3025 ἡγούμενος
3041 2948 3264 3023 ἐξῆλθεν
3320 2949 3380 3008 ἔκ
3438 2949 3693 3027 Βηθλεὲμ
3731 2951 3824 3008 καὶ

2171 3039 2263 3096 τὸν
2290 3036 2514 3108 Ἰσραὴλ
2571 3038 2884 3113 ἐποίμανεν,
2944 3040 3007 3095 οὗ
3062 3042 3097 3110 ἡ
3158 3036 3343 3113 ἔξοδος
3397 3041 3488 3096 ἀπ’
3519 3042 3701 3119 ἀρχῆς
3733 3043 3824 3121 ἀφ’

2172 3132 2395 3204 ἡμερῶν
2448 3130 2665 3198 αἰῶνος,
2721 3130 2826 3205 πρὸ
2883 3134 2980 3185 τοῦ
3033 3129 3200 3201 ἡλίου
3260 3129 3505 3205 διαμένει
3553 3134 3617 3188 τὸ
3649 3130 3825 3206 ὄνομα

2170 3214 2358 3286 αὐτοῦ,
2405 3213 2495 3270 καὶ
2549 3212 2942 3291 ἆνεκδιήγητος
2995 3218 3031 3285 ἡ
3087 3217 3242 3290 γενεὰ
3297 3218 3485 3288 αὐτοῦ,
3527 3219 3701 3282 καθὼς
3733 3219 3826 3294 γέ-

2170 3322 2446 3380 γραπται;
2477 3305 2600 3359 Τῶν
2657 3308 2762 3381 γὰρ
2801 3304 2969 3380 ἁγίων
3018 3305 3237 3361 πάντων
3289 3305 3447 3379 ἴσμεν
3503 3309 3605 3377 τήν
3637 3310 3821 3384 γενεὰν

2170 3396 2590 3472 ἱστορουμένην,
2652 3399 2743 3452 καὶ
2806 3402 2912 3453 τῶν
2972 3397 3240 3473 ἀρξάντων
3279 3402 3377 3453 τοῦ
3427 3398 3648 3477 Ἰσραήλ
3679 3421 3822 3475 παρ-

408 3489 823 3544 Israelicorum
853 3488 1120 3543 omnium
1152 3492 1385 3543 exstant
1408 3492 1466 3541 et
1488 3487 1719 3542 natales
1749 3490 1808 3541 et
1836 3485 2053 3553 obitus,

2173 3492 2400 3541 ιστῶσαν
2455 3486 2554 3555 τὴν
2612 3486 2818 3561 γένεσιν
2876 3488 2963 3542 καὶ
3024 3488 3117 3542 τὸν
3186 3486 3436 3546 θάνατον.
3496 3490 3821 3562 Μεμνῆσθαι

416 3577 806 3633 monimentis
854 3576 1183 3632 litterarum
1228 3576 1575 3648 consignati.
1628 3578 1808 3630 Porro
1853 3575 2062 3629 memi-

2181 3575 2273 3632 οὖν
2298 3575 2559 3650 ὀφείλεις,
2594 3574 2638 3630 ὦ
2668 3573 2921 3644 ’Ῑουδαῖε,
2981 3575 3253 3652 εἰρηκέναι
3315 3597 3382 3651 με
3430 3579 3523 3634 τὸν
3555 3580 3676 3633 Υἱὸν
3724 3583 3824 3634 τοῦ

422 3668 584 3722 nisse
610 3666 813 3732 debes,
849 3666 1072 3733 Judme,
1129 3680 1224 3720 me
1278 3665 1389 3720 hoc
1446 3664 1686 3730 dixisse,
1718 3664 1933 3721 Filium
1965 3664 2069 3726 Dei

414 3762 602 3813 totum
635 3772 755 3811 non
786 3755 970 3811 fuisse
1027 3754 1514 3826 perpessiouibus
1571 3754 1932 3826 subjectum,
1965 3755 2071 3810 sed

410 3847 719 3902 hominem
776 3845 947 3917 cujus
1004 3845 1057 3900 ei
1116 3844 1451 3900 substantia
1508 3846 1658 3899 citra
1711 3848 2065 3901 naturarum

412 3938 825 3993 confusionem
855 3937 917 3990 in
948 3940 1118 3991 utero
1156 3935 1343 3990 beataa
1381 3935 1639 4008 Virginis
1671 3936 1867 3990 Marias
1898 3937 2070 3992 unita

410 4026 542 4082 fuit.
574 4027 756 4090 Quem
790 4026 941 4080 Deus
989 4024 1325 4079 Abrahamo
1372 4024 1725 4095 promittens
1765 4024 1848 4079 ita
1874 4023 2070 4079 fuerat

413 4116 607 4170 fatus:
641 4118 705 4170 In
738 4113 962 4169 semine
997 4119 1095 4167 tuo
1152 4129 1360 4168 omnes
1389 4112 1594 4184 populi
1626 4113 1964 4169 beabuntur
1996 4114 2063 4170 ’1.

412 4203 746 4273 Davidoque
803 4202 1084 4257 similiter
1148 4203 1469 4273 promisit:
1546 4204 1791 4258 Fructus
1843 4203 2066 4258 ventris

415 4293 497 4345 tui
525 4291 823 4347 collocabo
854 4292 915 4345 in
964 4290 1113 4346 solio
1171 4297 1273 4347 tuo
1295 4290 1361 4347 οι.
1433 4291 1597 4346 Hunc
1629 4307 1738 4346 nos
1769 4296 2063 4347 tentatum

415 4381 687 4448 dicimus,
734 4386 800 4435 ut
836 4380 1161 4449 diabolum,
1204 4398 1238 4437 a
1286 4397 1401 4451 quo
1444 4380 1804 4449 tentabatur,
1845 4381 2064 4436 victum

414 4470 827 4541 captivumque
858 4471 1167 4541 redigeret.
1202 4473 1446 4526 Passum
1478 4471 1754 4539 dicimus,
1778 4477 1845 4525 ut
1863 4471 2065 4526 omnia

413 4559 722 4615 adversum
755 4558 1112 4631 subjiceret;
1146 4564 1471 4624 mortuum,
1502 4564 1569 4614 ut
1597 4576 1733 4614 eum
1780 4560 2065 4631 dejiceret

414 4650 515 4721 qui
536 4650 745 4704 mortis
767 4648 1092 4720 potentiam
1121 4648 1393 4704 habebat.
1417 4648 1654 4703 Judaius
1672 4653 1868 4704 autem
1892 4648 2057 4705 dixit:

414 4741 556 4812 Ergo
588 4740 691 4795 Dei
724 4739 840 4794 duo
872 4744 1012 4795 sunt
1043 4740 1170 4807 filii,
1223 4755 1377 4793 unus
1436 4755 1615 4809 quem
1664 4739 1837 4794 beata
1892 4740 2060 4812 Virgo

2179 3670 2312 3720 Θεοῦ
2351 3667 2505 3720 πάθει
2559 3666 2624 3721 τὸ
2681 3664 2906 3721 σύνολον
2968 3668 3044 3740 μὴ
3107 3666 3506 3722 ὑποπίπτοντα·
3556 3667 3702 3723 ἀλλᾶ
3730 3668 3820 3723 τὸν

2178 3756 2438 3811 ἐνιηθὲντα
2494 3755 2643 3829 αὐτῷ
2698 3754 2983 3830 ἄνθρωπον
3042 3759 3159 3821 καθ’
3229 3756 3519 3813 ὑπόστασιν
3574 3757 3825 3833 ἀσυγχῦ-

2174 3867 2284 3909 τως
2335 3844 2397 3901 ἐκ
2448 3852 2547 3914 τῆς
2604 3844 2757 3919 ἁγίας
2790 3846 3066 3919 Παρθὶνου
3100 3846 3328 3921 Μαρίας,
3361 3846 3420 3902 ὅν
3452 3846 3822 3923 ἐπηγγείλατο

2176 3936 2204 3990 ὁ
2258 3936 2387 3999 Θεὸς
2438 3939 2518 4007 τῷ
2569 3930 2823 4009 Ἀϐραὰμ
2882 3932 3084 4010 λέγων,
3145 3937 3230 3991 Ἐν
3284 3941 3365 4009 τῷ
3423 3937 3685 4013 σπέρματί
3724 3958 3822 3993 σου

2176 4022 2640 4099 εὐλογηθήσονται
2670 4024 2846 4079 πάντα
2889 4024 2956 4080 τὰ
3003 4019 3150 4095 ἔθνη,
3183 4024 3271 4079 καὶ
3303 4030 3385 4099 τῷ
3411 4021 3576 4081 Δαϐὶδ
3608 4027 3824 4101 ὁμοίως

2175 4112 2375 4191 λέγων’
2436 4114 2530 4169 Ἐκ
2587 4117 2803 4188 καρποῦ
2860 4120 2960 4183 τῆς
3016 4112 3232 4176 κοιλίας
3291 4136 3387 4170 σου
3445 4117 3685 4189 θήσομαι
3735 4117 3822 4172 ἐπὶ

2172 4207 2268 4256 τοῦ
2323 4201 2513 4277 θρόνου
2592 4223 2708 4258 σου.
2787 4204 2996 4259 Τοῦτον
3069 4203 3424 4279 πειρασθῆναί
3483 4227 3680 4282 φαμεν,
3736 4208 3825 4262 ἳνα

2171 4294 2261 4348 τὸν
2328 4292 2653 4366 πειράζοντα
2702 4290 2863 4346 αὑτὸν
2917 4294 3144 4363 νικήσας
3193 4289 3455 4349 διάϐολον
3524 4294 3825 4369 αἰχμαλω-

2169 4382 2311 4456 τίσῃ,
2367 4382 2685 4445 πεπονθέναι
2742 4384 2828 4453 [Ρ.
2860 4383 2986 4453 279]
3047 4379 3124 4451 δὲ,
3178 4379 3269 4436 ἵνα
3326 4383 3497 4438 πάντα
3552 4385 3620 4440 τά
3676 4386 3822 4454 πάθη

2173 4470 2439 4544 ὑποσάξῃ,
2506 4470 2748 4525 τεθνάναι
2817 4467 2894 4540 δὲ,
2958 4470 3048 4524 ἳνα
3111 4470 3174 4524 τὸ
3238 4472 3437 4546 κράτος
3500 4477 3597 4527 τοῦ
3666 4475 3829 4538 θανά-

2169 4580 2266 4614 του
2297 4557 2598 4633 καταλύσῃ.
2631 4559 2693 4615 Ὀ
2746 4556 3013 4622 Ἰουδαῖος
3077 4559 3242 4614 εἶπεν·
3305 4561 3526 4617 Οὐκοῦν
3560 4563 3659 4617 δύο
3689 4563 3823 4619 εἷσεν

2170 4649 2281 4703 υἱοὶ
2333 4652 2430 4703 τοῦ
2478 4652 2634 4717 Θεοῦ,
2685 4650 2761 4710 εἴς
2815 4648 2908 4721 μὲν
2956 4649 2985 4702 6
3035 4646 3095 4704 ἐκ
3128 4656 3230 4718 τῆς
3281 4651 3554 4723 Παρθένου
3581 4654 3823 4732 τεχθεὶς,

2167 4735 2352 4814 ἕτερος
2384 4735 2443 4791 δὲ
2472 4737 2529 4792 δν
2563 4735 2949 4814 παντοκράτωρ
3006 4739 3137 4802 Θεὸς
3193 4739 3486 4816 ἐγὲννησε;
3544 4743 3607 4799 'O
3666 4743 3826 4817 ἅγιος

412 4830 662 4902 peperit,
717 4829 867 4884 alter
916 4845 1091 4898 quem
1151 4828 1525 4899 omnipotens
1583 4828 1737 4883 Deus
1808 4827 2061 4899 genuit?

2174 4823 2502 4902 Σίλϐεστρος
2556 4831 2722 4882 εἶπεν·
2782 4828 2906 4887 Υἱὸς
2949 4829 3029 4889 εἷς
3089 4826 3228 4883 ἐστιν
3262 4830 3290 4883 ὁ
3322 4829 3581 4904 Χριστός.
3620 4834 3826 4904 Ὥσπερ

412 4921 727 4975 Silvester:
789 4921 949 4975 Unus
1007 4924 1096 4973 est
1152 4918 1356 4981 Filius.
1389 4918 1676 4973 Christus.
1709 4918 1872 4973 Sicut
1901 4918 2062 4973 enim

410 5028 545 5067 vere
573 5010 758 5065 Filius
815 5009 915 5064 Dei
974 5007 1310 5075 invisibilis,
1369 5007 1453 5062 ita
1509 5013 1598 5063 est
1656 5008 1834 5063 etiam
1884 5008 2063 5063 Filius

411 5100 675 5155 hominis
718 5098 991 5154 visibilis.
1037 5098 1144 5163 Qui
1202 5098 1363 5153 enim
1404 5097 1699 5168 perfectus
1730 5105 1859 5153 erat
1885 5098 2064 5165 Deus,

413 5189 564 5245 489
615 5189 911 5261 perfectus
966 5189 1142 5243 homo
1201 5186 1655 5243 immutabiliter
1710 5187 1900 5241 factus
1955 5191 2063 5271 est,

412 5285 479 5333 ut
508 5285 784 5349 pertectm
833 5278 1041 5333 salutis
1090 5283 1295 5332 auctor
1342 5276 1684 5332 hominibus
1733 5276 1919 5331 fieret.
1966 5276 2067 5329 Ju-

416 5368 609 5421 dams:
647 5367 711 5420 Et
740 5366 1035 5437 quomodo
1061 5366 1189 5421 fleri
1221 5370 1414 5436 potest
1434 5366 1517 5419 uti
1543 5366 1800 5435 patiatur
1831 5381 2065 5421 assum-

417 5462 552 5527 ptus
583 5456 758 5510 homo
790 5456 918 5510 sine
950 5472 1019 5509 eo
1059 5455 1159 5525 qui
1208 5456 1403 5525 ipsum
1461 5455 1825 5525 assumpsit?
1883 5454 2068 5508 Silve-

490 5631 536 5668 ⁹⁰
566 5633 709 5687 Dan.
753 5648 829 5696 ix,
859 5632 928 5685 ‘24
957 5646 1121 5701 seqq.

2170 4918 2271 4993 γάρ
2305 4914 2527 4987 ἀληθῶς
2583 4914 2694 4970 ἐστι
2754 4920 2889 4970 Θεοῦ
2945 4916 3069 4978 Υἱὸς
3126 4917 3379 4992 ἀόρατος,
3423 4917 3599 4981 οὕτως
3628 4919 3705 4976 ἒτὶ
3735 4921 3827 4975 καὶ

2172 5007 2297 5069 Υἱὸς
2327 5006 2614 5079 ἀνθρώπου
2646 5004 2859 5079 ὁρατός·
2918 5004 3131 5070 τέλειος
3189 5006 3296 5081 γὰρ
3328 5005 3401 5061 ὢν
3431 5010 3584 5076 Θεὸς,
3615 5009 3827 5073 τέλειος

2175 5096 2459 5167 ἄνθρωπος
2516 5096 2794 5170 ἆτρὲπτως
2854 5093 3087 5171 ἐγένετο,
3135 5093 3227 5150 *ίνα
3282 5094 3494 5152 τελείαν
3551 5099 3825 5174 σωτηρίαν

2174 5189 2289 5246 τοῖς
2321 5184 2629 5259 ἀνθρώποις
2661 5185 2943 5258 παράσχῃ.
2993 5186 3054 5243 Ὀ
3112 5182 3374 5248 Ἰουδαῖος
3407 5187 3546 5243 εἴπεο
3580 5186 3679 5242 Καῖ
3706 5193 3826 5251 πῶς

2174 5274 2410 5352 ἐγχωρεῖ
2455 5275 2518 5330 τὸ
2561 5273 2836 5351 ληφθέντα
2884 5275 3166 5351 ἄνθρωπον
3215 5280 3445 5352 πάσχειν
3502 5282 3682 5356 χωρὶς
3730 5284 3828 5335 τοῦ

2175 5358 2541 5422 ἀναλαϐόντος
2573 5363 2775 5430 αὐτὸν;
2817 5364 2878 5420 Ὁ
2935 5365 3087 5439 ἅγιος
3130 5361 3463 5439 Σίλϐεστρος
3496 5367 3663 5422 εἶπεν
3697 5368 3831 5422 Οὐκ-

2177 5457 2267 5508 οῦν
2318 5449 2680 5527 ὗποδείγματί
2728 5471 2834 5506 τινι
2886 5451 3127 5531 ὀφείλεις
3175 5450 3526 5530 διδαχθῆναι,
3559 5456 3649 5511 ἳνα
3677 5460 3827 5531 γνῷς

1198 5630 1242 5665 9'
1279 5631 1419 5686 Gen.
1454 5648 1581 5698 xvu,
1620 5633 1702 5685 16.
1778 5631 1826 5666 ⁹²
1858 5632 2007 5686 Psal.
2044 5648 2231 5703 CXXXI,
2270 5636 2353 5692 11.
