4194 6198
342 392 461 456 533

1474 389 2020 456 HISTORIARUM
2063 389 2621 455 COMPENDIUM.

3644 392 3764 453 584

347 530 431 585 ὅτι
463 526 561 584 δύο
589 529 725 584 κατὰ
782 530 976 585 ταυτὸν
1031 525 1330 602 ἡνωμὲνων
1387 528 1595 605 φύσεων
1654 529 1691 598 ἡ
1755 529 1850 602 μὲν
1896 528 1976 601 μίι

2108 532 2267 584 ster:
2300 528 2582 601 Exemplo
2614 528 2796 601 igitur
2824 527 3023 584 doceri
3060 527 3242 584 debes
3268 527 3496 585 duabus
3524 529 3758 586 naturis

346 618 752 695 περιπίπτειτῇ
811 613 989 694 ὕϐρει,
1047 620 1084 688 ἡ
1139 614 1196 673 δὲ
1253 616 1407 694 ἑτέρα
1455 617 1661 688 ταύτην
1693 615 1993 696 διαφεύγει.

348 708 444 767 Καὶ
477 709 507 762 ὁ
535 702 791 784 Ἑϐραῖος
817 701 943 779 ἔοηο
994 704 1291 766 ’Δδύνατόν
1344 705 1457 762 ἆστι
1514 704 1701 762 πεῖσαί
1733 726 1801 780 με
1830 705 1882 762 ἐν
1915 706 1994 761 ἑνὶ

347 795 442 853 δύο
510 796 648 852 εἶναί
704 817 846 866 τινα,
899 797 989 852 καὶ
1047 797 1163 870 ἅμα
1240 797 1335 869 μὲν
1389 794 1709 872 κατέχεσθαι
1766 790 1881 868 ἅμα
1936 793 1994 851 δὶ

343 888 601 963 πάσχειν,
656 886 743 941 καὶ
801 882 855 942 ἓν
930 884 1140 941 τούτων
1191 888 1294 956 τὴν
1357 881 1515 961 ὕϐριν
1575 884 1880 958 ὑπομενειν.
1929 884 1992 943 Ὁ

342 971 496 1049 ἅγιος
550 970 883 1050 Σίλϐεστρος
922 974 1089 1030 εἶπεν·
1119 976 1340 1046 Ἄκουε,
1390 974 1436 1029 ὦ
1487 968 1722 1050 Ἐϐραῖν
1757 969 1990 1029 Δυνατόν

343 1063 456 1120 ἔστι
486 1064 548 1119 τὸ
580 1059 795 1140 δένδρον
827 1056 958 1139 ἔχον
1016 1061 1070 1118 ἐν
1124 1064 1300 1135 ὶαυτῷ
1349 1064 1451 1132 τήν
1479 1063 1667 1118 ἀκτῖνα
1692 1067 1791 1117 τοῦ
1819 1061 1990 1132 ἡλίου

340 1155 660 1226 τμηθῆναι;
720 1150 902 1229 Θάρῥα
958 1151 1126 1228 λέγει.
1204 1150 1435 1206 Δυνατόν
1492 1149 1658 1208 ἐστιν.
1716 1151 1776 1207 Ὀ
1831 1150 1989 1226 ἅγιος

341 1234 673 1312 Σίλϐεστρος
731 1235 856 1317 ἔφη’
918 1243 1103 1312 Δεῖξον
1156 1241 1293 1313 ἡμῖν
1347 1240 1446 1308 τήν
1493 1240 1856 1294 ἀποκοπεῖσαν
1888 1242 1988 1294 τοῦ

338 1328 506 1398 ἡλίου
564 1330 755 1385 ἀκτῖνα
809 1327 861 1383 ἐν
896 1332 976 1402 τῷ
1029 1329 1311 1401 τέμνεσθαι
1369 1328 1524 1385 αὐτό.
1572 1332 1682 1384 Τοῦ
1721 1324 1778 1383 δὲ
1808 1327 1988 1403 Θάῤῥα

338 1423 633 1487 σιωῶντος,
665 1418 693 1472 ὁ
725 1419 875 1495 ἅγιος
924 1413 1257 1493 Σίλϐεστρος
1289 1413 1412 1496 ἔφη·
1446 1417 1572 1493 Οὐχ
1597 1417 1726 1493 ὁρᾷς
1772 1417 1855 1472 ’ὀτι
1883 1417 1984 1486 τήν

336 1506 563 1586 πληγὴν
589 1512 688 1563 τοῦ
715 1506 1004 1580 τέμνοντος
1046 1504 1275 1581 σιδήρου
1328 1509 1363 1576 ἡ
1416 1506 1569 1570 ἀκτὶς
1619 1506 1812 1577 πρώτη
1848 1506 1985 1559 ὑπο-

338 1594 580 1673 δέχεται,
611 1594 737 1672 πρὶν
769 1596 805 1667 ἢ
833 1597 896 1651 τὸ
953 1596 1115 1667 ξύλον
1175 1592 1571 1666 ὑποδέξασθαη
1602 1596 1666 1651 Ἡ
1724 1591 1782 1649 δὲ
1835 1591 1985 1666 λαμ-

336 1683 529 1756 πηδὼν
574 1684 752 1740 καίτοι
802 1683 915 1739 ἐκεῖ
959 1682 1093 1738 οὖσα
1139 1684 1265 1738 οὔτε
1308 1690 1590 1757 τμηθῆναι
1639 1678 1763 1737 οὔτε
1793 1678 1983 1736 διακο-

334 1782 506 1846 πῆναι
537 1774 779 1832 δύναται.
813 1775 1001 1837 Οὖτως
1054 1774 1235 1828 τοίνυν
1288 1774 1380 1829 καὶ
1439 1775 1474 1843 ἡ
1528 1772 1718 1843 θεότης
1773 1771 1983 1847 ἀχώρι-

334 1886 462 1927 στος
490 1869 587 1920 τοῦ
637 1862 999 1939 Ἐμμανουήλ
1056 1862 1192 1919 οὖσα
1242 1864 1429 1917 παθεῖν
1480 1858 1518 1931 ἤ
1574 1866 1852 1936 τμηθῆναι
1881 1859 1980 1915 οὐκ
2011 1904 2059 1973 Β

347 1951 437 1973 ’τοι
657 1958 697 1973 m
736 1957 759 1969 ν
906 1951 953 1973 h‘
1032 1950 1245 1973 (,I,,,,
1365 1954 1393 1967 α’
1486 1951 1627 1973 ηνῑιι,Δ
1715 1948 1742 1973 εί
1814 1950 1947 1973 μμηλ.

333 1951 592 2024 ἠδύνατο.
657 1957 827 2008 Τοῦτο
903 1951 961 2008 δὶ
1027 1950 1256 2007 ὑπέπεσε
1326 1954 1405 2024 τῷ
1476 1951 1635 2016 πάθει
1711 1948 1742 2005 ὅ
1813 1950 1978 2005 καθά-

332 2064 434 2117 περ
466 2043 529 2098 τὸ
573 2042 733 2116 ξύλον
793 2041 883 2097 καὶ
941 2038 1159 2111 δεθῆναι
1213 2039 1303 2096 καὶ
1359 2045 1696 2116 κρατηθῆναι
1721 2036 1979 2110 ἠδύνατο.

333 2134 434 2189 Διά
487 2133 590 2209 γὰρ
650 2136 811 2188 τοῦτο
867 2131 1196 2203 κατηξίωσεν
1258 2132 1286 2186 ὁ
1342 2130 1548 2206 Κύριος
1605 2124 1980 2194 ἁπολαϐἑσθαι

331 2222 503 2299 σάρκα
532 2216 716 2276 ἔννουν
742 2220 833 2276 καὶ
865 2217 1118 2302 ἔμψυχον
1154 2220 1214 2275 ἐκ
1259 2224 1357 2276 τοῦ
1403 2219 1678 2296 ἡμετέρου
1726 2220 1979 2298 φυράμα-

327 2332 446 2379 τος,
474 2307 566 2365 ’ἱνα
612 2308 907 2372 κοινωνοὺς
963 2311 1114 2383 ἡμᾶς
1171 2308 1312 2374 θείας
1367 2308 1739 2386 ἀπεργάσηται
1770 2306 1979 2385 φύσεως

328 2401 423 2456 καὶ
483 2399 657 2475 ὲνώσῃ
715 2399 891 2472 ἑαυτῷ
941 2399 1041 2467 τὴν
1094 2395 1365 2473 ἡμετέραν
1424 2396 1604 2477 φύσιν.
1659 2398 1893 2455 Ἕνωσιν
1924 2394 1981 2452 δὲ

330 2489 482 2565 λέγω
515 2488 826 2566 ἆσῦγχυτον
865 2487 956 2543 καὶ
1015 2488 1277 2563 ἄτρεπτον
1314 2487 1402 2541 καὶ
1463 2484 1861 2555 ἀναλλοίωτον,
1887 2485 1978 2541 καὶ

329 2577 400 2648 ἥν
457 2579 621 2651 μόνος
676 2576 837 2640 αὐτὸς
895 2575 1195 2633 ἐπίσταται.
1243 2574 1590 2650 ’Δποκριθιῖς
1646 2571 1706 2630 δὶ
1763 2572 1981 2647 Σιμεὼν

328 2669 501 2726 εἶπεν.
558 2667 622 2725 Et
681 2667 804 2741 περὶ
858 2670 955 2722 τοῦ
1013 2663 1277 2742 ὑμετέρου
1331 2668 1568 2742 Χριστοῦ
1617 2665 1669 2719 οἳ
1716 2666 1977 2741 ἡμέτεροι

324 2764 608 2836 προφῆται
666 2757 1095 2835 προεφήτευσαν,
1151 2755 1248 2817 τὰς
1321 2753 1493 2816 αἰτίας
1558 2760 1660 2824 τῆς
1709 2753 1977 2824 τοσαύτης

323 2843 557 2924 ὕϐρεως,
616 2850 714 2902 τοῦ
770 2844 1110 2921 ἐμπαιγμοῦ,
1168 2848 1266 2900 τοῦ
1321 2843 1526 2908 πάθους
1591 2842 1683 2899 καὶ
1727 2846 1824 2899 τοῦ
1882 2853 1979 2908 θα-

319 2936 482 2993 νάτου
541 2933 897 3010 διασάφησον,
954 2935 1045 2990 ἳνα
1107 2938 1297 2990 τοῦτον
1362 2934 1497 2990 εἶναι
1553 2933 1646 2990 τὸν
1707 2932 1976 3012 ἐπηγγελ-

324 3024 481 3100 μὲνον
514 3023 752 3101 Χριστὸν
808 3023 899 3079 καὶ
951 3024 1116 3098 ἡμεῖς
1158 3018 1272 3096 ἅμα
1329 3022 1459 3098 ὑμῖν
1507 3022 1972 3097 ὁμολογήσωμεν.

314 3115 376 3169 '0
435 3114 595 3191 ἃγιος
653 3107 992 3188 Σίλϐεστρος
1050 3109 1175 3192 ἔφη’
1231 3113 1318 3184 Ἐξ
1376 3111 1557 3187 ἀρχῆς
1611 3114 1708 3167 τοῦ
1756 3111 1977 3182 αἰῶνος,

318 3203 410 3282 ἀφ’
443 3203 505 3257 οῦ
536 3201 816 3279 ἅνθρωπος
872 3200 932 3256 ἐκ
975 3203 1073 3256 τοῦ
1128 3197 1459 3274 παραδείσου
1492 3198 1678 3280 φθόνῳ
1708 3193 1973 3254 διαϐόλου

2104 620 2326 675 unione
2356 618 2699 675 constrictis
2723 619 2974 676 alteram
3006 618 3300 691 supplicio
3329 618 3759 692 subjici,altera

2102 707 2162 763 id
2218 708 2554 780 eﬂ‘ugiente.
2616 708 2897 764 Hebrmus
2951 708 3139 764 dixit:
3201 707 3552 764 Persuaderi
3606 710 3755 765 mihi

2102 798 2269 853 nullo
2327 796 2504 853 modo
2552 802 2767 870 potest,
2830 798 2892 853 in
2948 813 3071 853 uno
3129 812 3262 854 esse
3308 798 3424 853 duo
3455 797 3753 869 quaedam,

2101 887 2317 959 quibus
2356 887 2536 943 simul
2582 888 2923 943 constrictis
2974 893 3152 959 atque
3197 886 3427 959 aliquid
3474 889 3758 959 patienti-

2100 975 2210 1030 bus
2266 976 2519 1031 alterum
2566 980 2981 1031 tantummodo
3063 976 3218 1032 male
3282 979 3587 1033 tractetur.
3648 977 3756 1032 Sil-

2098 1069 2328 1121 vester:
2386 1064 2561 1129 Audi,
2620 1065 2882 1121 Hebrme.
2955 1067 3234 1121 Potestne
3302 1064 3481 1121 arbor
3534 1067 3749 1135 scindi,

2097 1156 2160 1211 in
2191 1172 2369 1227 quam
2401 1155 2544 1211 solis
2570 1155 2723 1211 radii
2756 1155 3065 1210 incidunt?
3111 1156 3363 1211 Tharras
3392 1155 3495 1223 ait,
3527 1156 3749 1212 Potest.

2098 1244 2412 1302 Silvester:
2444 1244 2701 1301 Ostende
2732 1244 2878 1299 mihi
2905 1244 3007 1299 ubi
3038 1243 3240 1299 radius
3271 1243 3416 1299 solis
3449 1242 3747 1301 abscissus

2097 1335 2195 1403 sit,
2243 1334 2385 1390 dum
2443 1334 2621 1390 arbor
2674 1333 3023 1390 secaretur?
3077 1333 3292 1388 silente
3347 1333 3569 1388 Tharra
3620 1333 3748 1389 haec

2095 1424 2364 1480 addidit:
2397 1425 2603 1479 Nonne
2633 1423 2795 1478 vides
2851 1424 3033 1477 ictum
3095 1422 3424 1479 scindentis
3451 1421 3591 1477 ferri
3624 1422 3749 1493 pri-

2094 1529 2259 1570 mum
2289 1528 2322 1569 a
2350 1513 2515 1568 radio
2545 1512 2759 1583 excipi,
2791 1518 3111 1583 antequam
3141 1511 3194 1566 is
3232 1511 3383 1567 ictus
3414 1510 3489 1568 ad
3517 1511 3745 1583 lignum

2092 1602 2435 1676 pertingat‘?
2490 1604 2557 1656 Et
2612 1606 2810 1657 tamen
2868 1600 3060 1672 fulgor
3107 1601 3209 1672 qui
3274 1600 3355 1655 ibi
3387 1606 3497 1665 est,
3549 1615 3746 1672 neque

2092 1691 2280 1747 secari
2311 1706 2505 1761 neque
2536 1689 2726 1746 scindi
2753 1694 2967 1761 potest.
3011 1689 3106 1744 Sic
3153 1694 3212 1744 et
3256 1689 3454 1744 Deitas
3499 1704 3638 1743 eum
3668 1688 3743 1745 ab

2090 1779 2475 1835 Emmanuele
2533 1777 2736 1834 divelli
2790 1794 2912 1833 non
2966 1778 3176 1849 possit,
3234 1778 3357 1848 pati
3406 1784 3608 1834 tamen
3639 1784 3744 1834 aut

2091 1869 2279 1926 scindi
2324 1869 2551 1940 nequit.
2604 1868 2669 1924 Id
2714 1868 2889 1924 modo
2936 1867 3424 1940 perpessionibus
3454 1867 3523 1923 fit
3550 1867 3738 1924 obno-

2087 1960 2274 2027 xium,
2330 1958 2489 2029 quod
2541 1958 2730 2012 instar
2780 1957 2925 2030 ligni
2976 1957 3147 2012 istius
3203 1956 3630 2028 comprehendi
3678 1961 3740 2012 et

2086 2048 2293 2104 vinciri
2324 2052 2538 2120 potest,
2596 2048 2821 2102 Idcirco
2878 2047 3041 2102 enim
3097 2046 3374 2119 dignatus
3431 2051 3521 2102 est
3581 2048 3738 2103 Deus

2087 2138 2416 2194 humanum
2448 2152 2662 2208 corpus
2692 2136 2893 2193 anima
2915 2141 2974 2192 et
2994 2141 3193 2192 mente
3222 2134 3539 2209 praeditum
3568 2151 3741 2192 assu—

2085 2244 2246 2283 mere
2273 2226 2346 2282 de
2376 2230 2581 2282 nostra
2609 2241 2827 2294 massa,
2853 2228 2919 2281 ut
2942 2241 3053 2281 nos
3077 2225 3291 2281 divinas
3312 2230 3541 2281 natura
3559 2225 3741 2282 faciat

2082 2316 2401 2389 participes
2433 2330 2753 2386 secumque
2775 2319 3043 2371 nostram
3067 2314 3236 2370 uniat
3263 2319 3561 2371 naturam.
3589 2314 3734 2371 Uni-

2084 2406 2308 2461 tionem
2340 2408 2539 2459 autem
2570 2403 2702 2458 dico
2746 2402 3112 2458 confusionis
3160 2408 3222 2458 et
3266 2402 3613 2459 mutationis
3644 2419 3738 2458 ex-

2083 2498 2312 2567 pertem
2344 2493 2578 2564 ipsique
2610 2492 2720 2548 soli
2753 2492 3073 2563 cognitam.
3099 2491 3426 2563 Respondit
3452 2492 3732 2547 Simeon:

2083 2584 2141 2638 Si
2167 2581 2240 2637 de
2268 2586 2472 2637 vestro
2499 2581 2733 2636 Christo
2761 2580 2950 2635 nostri
2972 2584 3134 2635 vates
3153 2579 3519 2647 cecinerunt,
3537 2595 3747 2637 causas

2083 2672 2229 2728 mihi
2251 2671 2483 2744 aperias
2500 2670 2656 2726 490
2666 2669 2840 2725 velim
2853 2685 2959 2724 cur
2973 2669 3024 2724 is
3040 2674 3127 2724 tot
3139 2668 3373 2739 injuriis
3386 2668 3543 2724 affici
3559 2668 3733 2725 illudi

2083 2761 2336 2817 cruciari
2366 2776 2434 2816 ac
2464 2759 2616 2815 mori
2646 2758 2939 2826 debuerit,
2984 2762 3052 2812 ut
3088 2773 3224 2813 eum
3255 2772 3385 2813 esse
3415 2758 3598 2814 istum
3631 2758 3735 2828 qui

2082 2850 2411 2923 promissus
2469 2853 2576 2915 est,
2636 2864 2745 2904 nos
2798 2863 3036 2919 quoque
3100 2847 3406 2903 vobiscum
3462 2847 3734 2903 confiteri

2082 2940 2402 3013 possimus.
2460 2938 2779 2994 Silvester:
2829 2936 2916 2992 Ab
2974 2935 3217 2992 exordio
3250 2936 3480 3005 mundi,
3513 2952 3585 2992 ex
3614 2952 3733 3008 quo

2083 3029 2305 3084 invidia
2326 3026 2541 3083 diaboli
2564 3028 3003 3083 circumventus
3019 3027 3198 3081 homo
3216 3024 3492 3098 paradiso
3514 3026 3566 3097 ej
3575 3032 3738 3083 ectus

2083 3118 2379 3188 mortique
2410 3115 2682 3173 addictus
2739 3117 2871 3185 fuit,
2933 3131 3004 3171 ex
3060 3120 3183 3171 tota
3227 3116 3475 3171 humani
3501 3115 3737 3189 generis

2084 3221 2283 3261 massa
2309 3205 2713 3262 Abrahamum
2744 3209 3017 3261 sanctum
3066 3209 3127 3260 et
3163 3203 3402 3260 fidelem
3431 3208 3737 3275 repertum

321 3264 591 3363 ἐξεϐλήθη
634 3264 737 3346 ’καὶ
793 3289 1003 3363 θανάτῳ
1058 3264 1443 3359 κατεέικάσθη,
1498 3264 1559 3343 ἑκ
1594 3264 1691 3343 τοῦ
1720 3287 1969 3367 φυράμαο

2084 3298 2239 3351 Deus
2275 3295 2391 3351 ista
2442 3294 2840 3368 promissione
2896 3293 3172 3366 dignatus
3202 3298 3313 3361 est,
3342 3293 3469 3348 fore
3500 3264 3567 3348 ut
3605 3293 3735 3365 ejus

317 3402 413 3444 τος
458 3380 636 3451 πάσης
691 3379 1111 3456 ἀνθρωπότητος
1168 3373 1424 3453 Ἀϐραὰμ
1477 3371 1633 3452 ἅγιος
1660 3378 1752 3431 καί
1782 3376 1977 3441 πισκὸς

322 3469 558 3545 εὑρεθεὶς
612 3468 808 3525 τούτου
889 3471 987 3522 τοῦ
1062 3465 1475 3544 ἐπαγγέλματος
1558 3465 1770 3537 ⁴ἠξιώθη
1826 3466 1971 3540 παρὰ

320 3566 482 3632 Θεοῦ,
535 3564 635 3617 τοῦ
687 3558 738 3615 ἐν
815 3564 897 3633 τῷ
952 3560 1220 3633 σπέρματι
1274 3555 1442 3613 αὑτοῦ
1497 3555 1971 3632 εὖλογηθήσεσθαι

318 3650 491 3706 πάντα
519 3650 586 3705 τὰ
634 3646 784 3721 ἔθνη.
843 3645 1128 3724 Ἐκλεγεῖς
1181 3646 1272 3701 οῦν
1336 3643 1426 3701 διὰ
1482 3646 1580 3714 τὴν
1605 3648 1707 3711 τῆς
1736 3645 1970 3707 πίστεως

320 3738 472 3810 ἆξίαν
527 3736 780 3817 ἐγέννησε
861 3737 953 3793 τὸν
1038 3737 1240 3806 Ἰσαὰκ,
1323 3735 1413 3790 καὶ
1487 3734 1665 3791 Ἰσαὰκ
1720 3732 1970 3808 ἐγέννησε

315 3828 410 3883 τὸν
471 3821 687 3885 Ἰακώϐ.
747 3827 847 3883 Καὶ
909 3825 1084 3888 οὕτως
1144 3821 1425 3899 ἄμεμπτοι
1480 3823 1774 3899 εὑρέθησαν
1831 3820 1970 3877 ὥστε

317 3919 413 3974 τὸν
445 3917 853 3990 παντοκράτορα
898 3917 1028 3971 Θεὸν
1084 3911 1372 3986 ἐνδιαθὲτῳ
1420 3912 1541 3988 ἂξίῃ
1578 3909 1875 3988 βούλεσθαι
1903 3911 1966 3965 τὸ

312 4004 457 4062 ἴδιον
492 4005 663 4082 ὄνομα
692 4003 744 4060 ἐν
773 4007 857 4079 [Ρ.
888 4006 1015 4079 280]
1044 4004 1261 4067 τούτοις
1303 4001 1681 4075 ὀνομάζεσθαι,
1714 4001 1965 4075 λεγοντα·

318 4096 467 4170 Ἐγώ
497 4094 611 4168 εἰμι
645 4094 673 4150 ὁ
731 4093 862 4157 Θεὸς
919 4088 1189 4169 Ἀϐραὰμ,
1246 4091 1335 4146 καὶ
1370 4093 1399 4145 ὁ
1428 4092 1558 4152 Θεὸς
1588 4090 1789 4159 Ἰσαὰκ,
1816 4091 1902 4146 καὶ
1937 4090 1966 4144 ὸ

320 4186 452 4247 Θεὸς
511 4180 728 4243 Ἰακώϐ·
785 4184 947 4239 τοῦτό
1009 4203 1101 4256 μοι
1159 4180 1331 4256 ὄνομα
1387 4181 1606 4236 αἰώνιον
1662 4181 1738 4244 εἰς
1779 4181 1968 4258 γενεὰς

315 4278 532 4348 γενεῶν.
584 4273 919 4353 Ἀνεφῦησαν
979 4271 1069 4327 οῦν
1132 4270 1322 4339 αἰτίαι,
1382 4268 1442 4332 ἃς
1496 4274 1588 4324 νῦν
1647 4271 1851 4345 μακρὸν
1903 4269 1964 4325 ἃν

315 4363 403 4435 εἴη
436 4362 772 4438 καταλέγειν,
804 4360 944 4417 ὥστε
990 4361 1117 4424 τοὺς
1174 4360 1325 4423 υἱοὺς
1381 4354 1635 4435 ’Λϐραᾶμ
1683 4359 1965 4424 κατελθεῖν

315 4452 369 4507 ἐν
403 4459 478 4528 γῇ
537 4452 802 4528 Δῖγὺπτῳ
859 4451 962 4506 ὑπὸ
1021 4453 1119 4519 τήν
1182 4447 1459 4526 βασιλείαν
1515 4449 1737 4524 Φαραώ.
1789 4447 1967 4507 Ἀλλά

319 4540 662 4617 μεμνημένος
690 4546 789 4611 τῆς
838 4541 1031 4596 ἑαυτοῦ
1061 4538 1383 4617 ἐπαγγελίας
1437 4539 1466 4593 ὁ
1523 4539 1653 4601 Θεὸς
1711 4536 1963 4614 ἐξήγαγεν

2078 3401 2285 3441 semen
2314 3384 2590 3439 omnibus
2619 3383 2858 3456 populis
2886 3382 3233 3439 beatitatem
3271 3381 3639 3439 conciliaret.
3679 3384 3736 3438 Is

2076 3490 2214 3546 ergo
2243 3473 2319 3528 ob
2350 3472 2490 3528 fidei
2517 3472 2867 3544 dignitatem
2926 3472 3153 3528 electus
3205 3470 3476 3527 Isaacum
3506 3470 3732 3543 genuit,

2076 3562 2312 3618 Isaacus
2339 3561 2641 3619 Iacobum.
2695 3563 2783 3617 Ita
2840 3567 3041 3618 autem
3100 3561 3437 3632 inculpatos
3484 3576 3613 3616 sese
3644 3560 3735 3616 illi

2074 3656 2407 3725 gesserunt,
2438 3656 2504 3705 ut
2535 3666 2670 3705 eum
2718 3652 2875 3705 Deus
2923 3651 3301 3721 omnipotens
3345 3650 3610 3705 nominis
3639 3651 3732 3706 sui

2076 3740 2425 3813 dignitatem
2456 3754 2732 3810 expresse
2761 3743 3038 3794 testatam
3067 3738 3247 3794 vellet
3272 3739 3490 3808 facere,
3523 3754 3731 3794 eorum

2076 3846 2139 3885 se
2172 3835 2355 3884 Deum
2397 3844 2526 3884 esse
2584 3827 2822 3892 dixerit,
2882 3827 3019 3898 Ego,
3068 3827 3371 3899 inquiens,
3409 3842 3542 3881 sum
3573 3828 3728 3884 Deus

2076 3918 2419 3987 Abrahami,
2479 3918 2634 3973 Deus
2700 3916 2908 3981 Isaaci,
2951 3932 3019 3970 ac
3056 3917 3209 3971 Deus
3237 3914 3458 3971 Jacobi.
3491 3916 3611 3970 Hoc
3640 3922 3731 3972 est

2073 4026 2294 4066 nomen
2338 4024 2540 4065 meum
2598 4007 3027 4080 sempiternum
3057 4023 3164 4078 per
3193 4020 3400 4062 omnes
3430 4009 3635 4061 mtates
3655 4004 3726 4062 ’3.

2074 4100 2275 4156 Causas
2296 4098 2546 4171 proinde
2567 4097 2942 4163 exstiterunt,
2967 4112 3115 4168 quas
3143 4096 3240 4152 hic
3260 4111 3728 4152 commemorare

2073 4191 2371 4264 prolixum
2413 4190 2511 4258 sit,
2563 4194 2806 4262 propter
2863 4205 3011 4260 quas
3064 4188 3287 4260 posteri
3318 4186 3637 4243 Abrahami
3666 4188 3730 4243 in

2071 4281 2383 4352 Egyptum
2415 4277 2780 4332 devenerunt
2806 4292 3108 4349 regnoque
3157 4276 3482 4335 Pharaonis
3507 4275 3729 4331 subditi

2070 4367 2332 4422 fuerunt.
2365 4365 2479 4421 Sed
2528 4381 2773 4420 suorum
2830 4380 3061 4419 memor
3115 4364 3542 4437 promissorum
3573 4365 3729 4420 Deus

2072 4456 2215 4512 inde
2247 4473 2348 4512 eos
2378 4455 2585 4511 eduxit
2616 4471 2796 4511 manu
2824 4454 3021 4511 valida
3077 4460 3430 4527 exsertoque
3459 4454 3726 4525 brachio,

2073 4545 2247 4601 sicuti
2279 4560 2488 4600 omnes
2516 4544 2726 4600 nostis.
2752 4545 2965 4600 Postea
2988 4546 3276 4616 temporis
3306 4560 3377 4600 ex
3405 4544 3728 4601 Abrahami

314 4633 510 4696 αὐτοὺς
570 4632 770 4688 ἐκεῖθεν
825 4631 877 4686 ἐν
941 4630 1087 4707 χειρὶ
1161 4633 1389 4707 κραταιᾷ
1444 4629 1531 4684 καὶ
1599 4627 1653 4684 ἒν
1710 4630 1968 4706 βραχίονι

2083 4635 2299 4690 semine
2330 4633 2784 4706 Cbristus,quod
2807 4633 2881 4688 ad
2902 4649 3143 4689 carnem
3175 4635 3405 4704 attinet,
3428 4639 3604 4690 natus
3637 4637 3727 4690 est

320 4721 541 4796 ὑψηλῷ,
570 4722 755 4799 καφὼς
788 4720 983 4783 πάντες
1039 4718 1170 4776 ἴστε.
1227 4721 1483 4794 Ὕστερον
1541 4715 1597 4773 δὶ
1635 4716 1694 4773 ἐκ
1718 4719 1963 4792 σπερμα-

313 4833 406 4875 τος
463 4807 741 4886 Ἀϐραὰμ,
799 4810 864 4864 τὸ
918 4809 1055 4864 κατᾶ
1106 4809 1296 4883 σάρκα,
1346 4808 1544 4883 ἐτέχθη
1605 4807 1633 4860 ὁ
1685 4807 1803 4868 υίὸς
1865 4810 1963 4862 τοῦ

317 4906 473 4971 Θεοῦ,
508 4900 567 4957 ἐκ
608 4906 708 4971 τῆς
768 4899 922 4973 ἁγίας
982 4896 1276 4973 Παρθενόυ,
1328 4895 1422 4952 ἵνα
1474 4898 1639 4969 ἡμεῖς
1670 4895 1966 4971 ἀναγεννη-

315 4991 496 5064 θῶμεν
525 4989 586 5044 ἐκ
631 4987 862 5064 γαστρὸς
920 4994 1020 5057 τῆς
1077 4985 1341 5062 παρθένου
1398 4982 1747 5054 Ἐκκλησίας.
1783 4985 1967 5040 Ἐπει-

318 5079 510 5154 ράσθη,
556 5076 646 5133 *ίνα
698 5079 865 5150 ἡμεῖς
922 5074 1311 5151 λυτρωθῶμεν.
1369 5072 1638 5148 Ἐπράθη,
1682 5073 1776 5128 ’ἱνα
1815 5075 1964 5145 ἡμᾶς

316 5169 634 5245 ἐξαγοράσῃ.
668 5164 1053 5224 Ἐταπείνωσεν
1086 5165 1293 5233 ἑαυτὸν,
1329 5160 1420 5217 ἵνα
1478 5166 1626 5237 ἡμᾶς
1687 5164 1964 5238 ἀνυψώσῃ.

310 5259 620 5333 Ἑκρατήθη
679 5257 826 5331 παρὰ
903 5256 1222 5330 ἀνθρώπων,
1274 5251 1365 5308 ’ίνα
1419 5253 1567 5326 ἡμᾶς
1623 5252 1961 5331 ἕλευτερώσῃ

312 5354 412 5417 τῆς
468 5350 578 5400 τῶν
638 5342 915 5417 δαιμόνων
967 5341 1378 5417 αῒχμαλωσίας.
1439 5342 1710 5417 Ἐσχατον
1778 5342 1830 5398 ὲν
1884 5347 1964 5415 τῷ

311 5436 461 5510 ξύλῳ
516 5439 615 5490 τοῦ
672 5437 905 5509 σταυροῦ
961 5431 1274 5502 ἆθυσιάσθη,
1326 5428 1415 5487 ’ἱνα
1470 5433 1569 5499 τήν
1624 5436 1722 5488 τοῦ
1760 5433 1960 5496 παντὸς

311 5525 525 5599 κόσμου
556 5524 819 5599 ἁμαρτίαν
864 5520 1164 5595 ἀπαλείψῃ.
1214 5522 1456 5590 Ἀνεστη,
1505 5519 1595 5574 ἳνα
1644 5524 1779 5595 ἡμῖν
1812 5523 1958 5591 ζωὴν

381 5704 428 5743 ⁸³
456 5705 641 5762 Exod.
674 5720 758 5775 ιιι,
790 5705 844 5762 6.

2075 4724 2146 4780 de
2178 4723 2351 4779 beata
2381 4723 2642 4796 Virgine,
2698 4722 2785 4777 uti
2844 4738 2953 4778 nos
2992 4722 3066 4777 de
3094 4739 3247 4778 novo
3276 4723 3435 4794 virgo
3463 4722 3726 4778 Ecclesia

2073 4812 2359 4885 gigneret.
2393 4812 2673 4866 Tentatus
2705 4816 2815 4877 est,
2857 4814 2924 4865 ut
2951 4826 3061 4865 nos
3120 4809 3549 4878 liberaremur;
3582 4824 3721 4864 ven-

2075 4900 2255 4969 ditus,
2285 4904 2352 4955 ut
2381 4915 2490 4955 nos
2520 4899 2875 4967 redimeret;
2909 4916 2971 4954 se
3003 4899 3200 4969 ipsum
3230 4898 3494 4966 demisit,
3517 4903 3584 4953 ut
3612 4913 3720 4952 nos

2074 4990 2416 5059 attolleret;
2472 4993 2679 5060 captus
2735 4993 2825 5044 est
2879 4980 2979 5043 ab'
3017 4987 3380 5054 hominibus,
3426 4976 3494 5043 ut
3546 5003 3658 5043 nos
3688 5001 3724 5041 a

2077 5079 2417 5135 daemonum
2472 5078 2807 5150 captivitate
2847 5076 3151 5145 liberaret,
3183 5075 3441 5147 denique
3470 5074 3533 5130 in
3562 5075 3722 5148 ligno

2073 5168 2268 5222 crucis
2298 5183 2404 5239 pro
2444 5166 2683 5221 victima
2729 5165 2968 5221 oblatus
3018 5169 3128 5231 est,
3176 5169 3244 5219 ut
3289 5164 3470 5218 totius
3514 5162 3724 5219 mundi

2072 5262 2313 5329 pcccata
2341 5256 2623 5329 expiaret.
2653 5256 2797 5311 49]
2830 5254 2897 5308 In
2924 5254 3101 5308 vitam
3124 5269 3155 5307 e
3177 5252 3424 5308 mortuis
3452 5253 3728 5321 rediit,ut

2072 5345 2245 5400 nobis
2275 5345 2451 5400 vitam
2482 5342 2818 5415 largiretur.
2857 5344 2923 5397 In
2954 5341 3167 5397 cmlum
3198 5341 3486 5409 ascendit,
3516 5348 3585 5399 ut
3612 5360 3722 5399 nos

2071 5451 2273 5491 secum
2304 5434 2596 5491 aveheret.
2630 5431 2808 5489 Sedet
2834 5448 2994 5487 nunc
3044 5431 3119 5491 ad
3167 5430 3475 5489 dexteram
3507 5434 3718 5499 Patris,

2076 5529 2141 5577 ut
2172 5522 2449 5578 ﬁdelibus
2480 5522 2860 5594 precantibus
2907 5526 3152 5579 annuat.
3186 5520 3395 5578 Veniet
3422 5528 3624 5581 autem
3656 5522 3721 5580 in
