4194 6198
441 354 558 414 535

1794 354 2116 418 GEORGII
2160 356 2502 423 CEDRENI

3732 364 3852 424 536

444 486 564 542 tlne
595 485 802 541 mundi
826 485 1160 558 judicatum
1192 486 1351 541 vivos
1381 490 1440 540 et
1466 492 1754 556 mortuos,
1777 502 1845 542 ac
1875 486 2089 558 cuique

2210 486 2481 566 παράσχῃ.
2509 486 2700 563 Ἀνέϐη
2736 492 2812 556 είς
2866 491 3148 568 οὐρανοὺς.
3200 490 3293 547 ἵνα
3347 492 3500 565 ἡμᾶς
3539 492 3852 567 συνυψώπῃι

445 574 685 647 dignam
718 574 840 630 suis
865 573 1036 629 factis
1064 573 1400 630 mercedem
1430 573 1794 632 redditurus.

2202 576 2444 648 Κάθηται
2483 584 2575 634 νῦν
2627 579 2687 637 ἐκ
2741 578 2926 654 δεξιῶν
2957 586 3055 637 τοῦ
3083 580 3319 656 Πατρὸς,
3344 576 3441 635 ’ίνα
3465 584 3585 643 ταῖς
3614 580 3856 652 Ἐκκλη-

441 660 584 723 σίαις
610 666 722 717 τῶν
751 665 961 717 πιστῶν
990 661 1231 736 ἐπινεύῃ.
1261 659 1572 718 Ἐλεύσεται
1601 658 1660 717 δὲ
1689 660 1780 718 ἰπὶ
1809 661 2093 737 συντελείᾳ
2117 669 2226 721 τῶν
2274 666 2488 725 αἰώνων
2534 675 2717 745 κρῖναι
2775 674 2980 741 ζῶντας
3030 670 3121 726 καὶ
3177 668 3400 747 νεκροὺς
3431 668 3520 725 καί
3550 666 3843 725 ἀποδοῦναι

442 748 650 823 ἑκάστῳ
677 748 816 805 κατᾶ
849 751 918 805 τὰ
945 749 1073 825 ἔργά
1102 751 1289 808 αὐτοῦ.

511 841 656 896 Cum
712 841 1095 898 disseruisset
1150 841 1381 914 prolixe
1425 841 1724 908 Silvester,
1755 843 2091 914 Christique

439 948 537 987 res
568 947 637 986 ex
663 930 848 988 sacris
877 931 1110 987 Litteris
1132 931 1579 988 accuratissime
1601 932 2091 1001 demonstrasset,

439 1020 747 1092 Judmique
770 1019 1091 1076 admodum
1118 1026 1563 1092 superarentur,
1595 1020 1837 1091 quidam
1864 1036 2092 1087 eorum,

441 1109 720 1166 Zambres
749 1109 1013 1177 nomine,
1046 1108 1311 1180 reliquos
1346 1109 1580 1165 Judaaos
1612 1110 1696 1165 ita
1725 1114 1815 1165 est
1841 1109 2053 1166 atratus
2078 1126 2093 1164 :

444 1199 503 1255 Si
535 1198 796 1255 Silvestri
860 1212 1166 1255 sermones
1224 1197 1562 1268 admittitis,
1602 1215 1845 1255 necesse
1875 1204 1967 1254 est
1994 1216 2094 1255 vos

444 1287 604 1360 leges
660 1287 953 1357 majorum
1010 1292 1339 1343 vestrorum
1405 1287 1704 1356 deserere,
1759 1304 2093 1360 vanumque

442 1375 746 1431 hominem
770 1376 960 1447 sequi,
984 1392 1161 1448 quem
1188 1375 1277 1430 illi
1307 1381 1498 1432 morte
1521 1375 2093 1443 multarunt,Verum

443 1464 591 1519 mihi
623 1465 948 1537 imperator
977 1464 1358 1537 obsequatur,
1382 1464 1709 1537 jubeatque
1747 1465 1942 1521 ferum
1967 1470 2094 1522 tau-

442 1570 576 1610 rum
632 1553 869 1621 adduci,
928 1559 993 1608 ut
1050 1555 1158 1610 hac
1215 1571 1321 1625 ego
1377 1554 1472 1610 die
1529 1571 1729 1610 coram
1782 1555 2093 1611 ostendam

444 1649 669 1715 quanta
696 1644 784 1699 vis
813 1644 891 1698 sit
917 1643 1145 1698 nomini
1176 1644 1276 1699 Dei
1310 1643 1518 1700 nostri.
1551 1646 1678 1700 Non
1710 1643 1870 1699 enim
1901 1644 2094 1700 verbis

446 1733 553 1789 sed
580 1733 753 1789 factis
781 1734 1087 1788 veritatem
1118 1732 1559 1791 demonstrabo.
1598 1733 1877 1789 Silvester
1903 1734 2095 1806 impe-

448 1827 707 1878 ratorem
737 1823 1005 1878 hortatus
1034 1828 1101 1878 ut
1131 1827 1366 1879 taurum
1394 1822 1576 1879 talem
1590 1822 1833 1895 juberet
1855 1821 2093 1892 adduci,

2272 847 2397 904 ⁹Επῖ
2426 849 2572 904 πολὺ
2601 847 2692 904 οὖν
2725 845 3110 926 διαλεχθέντος
3160 853 3259 904 τοῦ
3296 848 3454 926 ἁγίου
3486 843 3853 925 Σιλϐέστρου,

2201 938 2290 988 καί
2342 936 2436 990 σὺν
2487 934 2678 1011 πολλῇ
2709 932 2961 1013 ἀκριϐείᾳ
3013 933 3429 999 ἀποδεικνύντος
3461 935 3522 992 ἐκ
3547 940 3654 992 τῶν
3688 935 3850 992 θείων

2200 1026 2428 1101 Γραφῶν
2486 1025 2554 1080 τά
2610 1025 2734 1101 περὶ
2790 1029 2889 1082 τοῦ
2942 1029 3201 1100 Χριστοῦ,
3260 1025 3351 1080 καὶ
3409 1028 3517 1080 τῶν
3572 1023 3852 1083 Ἰουδαίων

2206 1112 2464 1189 μεγάλως
2518 1117 2887 1187 ἡττηθέντων,
2964 1110 3068 1189 ἔφη
3124 1136 3209 1174 τις
3278 1113 3331 1185 ἐξ
3388 1114 3562 1171 αὐτῶν
3622 1115 3852 1188 ὀνόματ.

2203 1188 2459 1270 Ζαμϐρῆς
2507 1195 2646 1271 πρὸς
2701 1197 2829 1258 τοὺς
2887 1188 3118 1259 λοιποὺς
3175 1192 3494 1258 ’ίουδαίους’
3553 1194 3613 1250 El
3658 1189 3856 1250 Σιλϐἑ-

2203 1301 2364 1357 στρου
2451 1282 2637 1360 λόγοις
2717 1304 3040 1362 προσεχετε,
3097 1284 3300 1361 ἀνάγκη
3377 1283 3505 1347 τοὺς
3561 1285 3855 1358 πατρῴους

2204 1371 2409 1445 νόμους
2438 1379 2759 1429 καταλιπεῖν
2798 1374 2889 1430 καὶ
2940 1374 3258 1430 ἀκολουθεῖν
3308 1375 3581 1449 ἀνθρώπῳ
3614 1372 3859 1447 ματαίῳ,

2205 1460 2263 1515 ὅν
2322 1463 2376 1516 οἱ
2427 1463 2653 1536 πατέρες
2710 1465 2872 1536 ἡμῶν
2936 1460 3312 1520 κατεδίκασαν.
3366 1461 3519 1519 Ἀλλ’
3567 1461 3858 1517 ἀκουσάτω

2207 1570 2313 1624 μου
2364 1552 2394 1605 ὁ
2449 1551 2726 1626 βασιλεὺς,
2785 1552 2874 1608 καὶ
2932 1551 3213 1628 ἱνεχθήτω
3240 1550 3439 1628 ταῦρος
3469 1548 3685 1627 ἄγριος,
3716 1548 3859 1606 ὥστε

2206 1660 2274 1713 με
2333 1637 2500 1711 δεῖξαι
2558 1642 2799 1717 σήμερον
2856 1641 3084 1697 ἐνώπιον
3139 1642 3307 1697 αὐτοῦ
3359 1641 3459 1709 τὴν
3493 1637 3725 1715 δύναμιν
3750 1644 3851 1695 τοῦ

2204 1726 2473 1803 ὀνόματος
2523 1733 2621 1786 τοῦ
2680 1733 2815 1785 Θεοῦ
2865 1733 3050 1803 ἡμῶνο
3111 1727 3238 1786 οὖδὶ
3296 1730 3401 1806 γὰρ
3447 1727 3537 1786 διὰ
3566 1728 3857 1805 ῥημάτων,

2204 1815 2349 1874 ἀλλὰ
2376 1815 2465 1873 διὰ
2512 1819 2845 1895 πραγμάτων
2912 1818 3187 1896 βούλομαι
3247 1817 3550 1884 δείκνυσθαι
3580 1820 3680 1889 τὴν
3714 1819 3857 1889 ἀλήο

448 1910 687 1967 interim
717 1910 1021 1966 Zambrem
1054 1911 1379 1984 interrogat
1406 1928 1513 1968 cur
1542 1916 1779 1968 taurum
1807 1911 2095 1983 requirat.

2210 1908 2372 1968 θειαν,
2434 1908 2496 1966 Ὀ
2544 1905 2601 1963 δὲ
2648 1902 3019 1984 Σίλϐρεστρος
3074 1908 3454 1985 παρακαλέσας
3496 1912 3744 1964 τοιοῦτον
3774 1905 3860 1962 ἑν-

458 2000 772 2056 Zambres:
805 2001 954 2066 Quia
982 2016 1201 2056 nomen
1250 2002 1438 2056 nostri
1483 2001 1585 2057 Dei
1634 2000 1804 2056 nulla
1830 2005 2104 2056 creatura

460 2088 667 2145 audire
696 2094 894 2161 potest
922 2090 1068 2161 quin
1098 2089 1407 2159 moriatur,
1437 2089 1567 2145 volo
1599 2091 1728 2162 ejus
1758 2090 1873 2146 vim
1900 2091 1961 2145 in
1990 2090 2102 2145 hoc

459 2183 627 2234 tauro
658 2185 860 2251 aperte
891 2184 1245 2236 monstrare.
1280 2180 1596 2236 Silvester:
1628 2179 1932 2245 Quomodo
1964 2196 2100 2252 ergo

454 2268 606 2323 illud
625 2284 845 2324 nomen
868 2272 933 2324 tu
956 2267 1213 2324 didicisti
1235 2268 1263 2324 ?
1280 2270 1361 2324 Ex
1382 2268 1663 2340 aliquone
1684 2268 1745 2323 id
1766 2267 1981 2324 audisti
2002 2273 2106 2324 aut

455 2356 696 2430 legisti?
722 2357 1030 2414 Zambres:
1060 2358 1262 2430 Neque
1287 2357 1492 2414 charta
1511 2374 1704 2430 neque
1726 2357 1878 2429 lapis
1908 2372 2102 2428 neque

451 2446 683 2519 lignum
715 2446 843 2519 ejus
891 2447 1152 2502 nominis
1195 2451 1287 2503 est
1339 2462 1546 2518 capax.
1590 2448 1707 2519 Ego
1737 2452 1936 2502 autem
1969 2462 2105 2502 cum

444 2536 842 2609 jejunassem,
872 2537 937 2592 in
966 2542 1307 2609 argenteam
1336 2537 1552 2609 pelvim
1595 2554 1808 2594 novam
1838 2538 2108 2593 immissa

454 2642 613 2697 aqua
639 2626 701 2681 id
725 2626 1004 2682 addidici.
1066 2626 1166 2681 His
1223 2626 1399 2683 dictis
1449 2627 1629 2683 simul
1660 2627 1839 2683 etiam
1871 2632 2105 2683 taurum

455 2719 629 2774 multi
664 2719 773 2774 viri
805 2719 1068 2789 undique
1105 2719 1346 2775 funibus
1375 2720 1635 2775 vinctum
1666 2720 1820 2776 492
1851 2725 2108 2775 attraxe-

458 2812 621 2871 runt,
674 2806 1040 2862 ferissimum
1071 2822 1140 2862 ac
1172 2807 1600 2880 praagrandem.
1644 2808 1727 2863 Ibi
1760 2808 2108 2864 Silvestrum

461 2894 837 2950 subsannaus
865 2894 1162 2964 Zambres,
1186 2897 1370 2961 Nunc,
1394 2896 1496 2964 ait,
1520 2895 1713 2951 verbis
1738 2896 1857 2951 tuis
1878 2912 2111 2951 eorum-

458 2999 573 3055 que
600 2983 962 3056 argumentis
985 2983 1120 3040 tlnis
1141 2984 1397 3040 advenit.
1422 2985 1481 3041 Si
1505 2984 1756 3041 conﬁdis
1776 2985 1839 3039 in
1864 2984 2107 3041 nomine

459 3071 565 3128 Dei
624 3071 732 3137 tui,
792 3072 1115 3145 pronuntia
1168 3073 1461 3147 agendum
1519 3073 1580 3129 id
1632 3074 1708 3130 ad
1752 3090 1925 3130 aures
1954 3074 2109 3130 tauri

456 3162 842 3235 hujus,atque
866 3164 947 3219 ita
966 3164 1275 3219 veritatem
1300 3168 1414 3219 tuae
1436 3163 1744 3237 religionis
1762 3164 2109 3236 imperatori

2209 2004 2439 2073 εχθῆναι
2468 2001 2683 2070 ταῦρον,
2715 2000 2999 2074 ἠρώτησεν
3030 1998 3083 2054 ἐν
3108 2003 3190 2072 τῷ
3223 1997 3419 2072 μεταξὺ
3441 1998 3536 2054 τὸν
3569 1992 3854 2071 Ζαμϐρῆν·

2210 2084 2373 2148 Τίνος
2435 2083 2608 2141 ἓνεκεν
2670 2086 2944 2159 ἐπιζητεῖς
3018 2087 3110 2142 τὸν
3193 2090 3431 2161 ταῦρονς
3500 2085 3604 2143 Καὶ
3669 2105 3858 2164 φησιν·

2213 2172 2436 2244 Ἐπειδὴ
2465 2174 2529 2230 τὸ
2558 2170 2735 2250 ὄνομα
2778 2180 2875 2232 τοῦ
2926 2177 3197 2251 ἡμετέρου
3239 2179 3374 2233 Θεοῦ
3405 2174 3636 2250 οὐδεμία
3664 2176 3858 2245 κτιστή

2210 2263 2368 2342 φύσις
2423 2263 2698 2321 ἀκούσασα
2751 2268 2991 2338 ζήσεται,
3053 2263 3330 2341 βούλομαι
3388 2261 3480 2320 διά
3523 2268 3623 2319 τοῦ
3659 2261 3860 2338 ταύρου

2210 2354 2309 2423 τὴν
2369 2355 2530 2434 ἰσχὺν
2581 2352 2860 2429 ἀποδεῖξαι
2913 2361 3119 2433 σαφῶς.
3174 2355 3316 2430 Πρὸς
3348 2353 3407 2410 ὅν
3456 2355 3487 2410 ὁ
3528 2348 3860 2429 Σίλϐεστρος

2210 2436 2336 2521 ἔφη·
2370 2444 2475 2500 Καὶ
2505 2442 2569 2499 σὺ
2597 2445 2740 2518 ποίῳ
2767 2445 2956 2518 τρόπῳ
2980 2446 3043 2500 τὸ
3082 2444 3253 2519 ὄνομα
3300 2445 3463 2499 τοῦτο
3497 2444 3858 2517 μεμάθηκαςς

2211 2535 2351 2604 Ἀρα
2406 2534 2553 2608 παρά
2607 2554 2755 2596 τινος
2808 2534 3040 2597 ἀκούσας
3068 2534 3103 2603 ἤ
3134 2533 3446 2609 ἀναγνούςς
3500 2532 3564 2590 Ὀ
3604 2529 3662 2587 δὲ
3693 2530 3858 2587 εἶπενο

2214 2618 2352 2680 Οὔτε
2382 2621 2587 2697 χάρτης
2647 2620 2771 2678 οὔτε
2826 2621 2977 2683 λίθος
3038 2618 3163 2678 οὔτε
3215 2620 3377 2692 ξύλον
3410 2617 3767 2693 ὑποδέξασθαι
3794 2619 3858 2675 τὸ

2214 2708 2390 2785 ὄνομα
2441 2713 2554 2785 (79)
2612 2716 2772 2767 τοῦτο
2839 2708 3075 2767 δύναται·
3143 2709 3250 2786 ἐγὼ
3316 2707 3374 2765 δὲ
3432 2708 3728 2780 νηστεύσας
3768 2708 3859 2762 καὶ

2216 2799 2292 2863 είς
2358 2801 2591 2875 ἀργυρᾶν
2651 2798 2880 2872 λεκάνην
2940 2801 3127 2870 καινὴν
3182 2798 3329 2875 ὕδωρ
3382 2793 3642 2872 ἐμϐαλὼν
3698 2802 3860 2853 τοῦτο

2219 2889 2528 2962 μεμάθηκα.
2588 2890 2808 2946 Τούτων
2863 2887 2954 2943 οὖν
3011 2887 3323 2962 λεγομὲνων
3362 2885 3516 2963 ἤχθη
3546 2887 3637 2941 καὶ
3668 2887 3697 2941 ὁ
3729 2889 3865 2940 ταῦ-

2220 2999 2309 3054 ρος
2342 2979 2444 3034 ὑπὸ
2500 2977 2728 3035 πολλῶν
2788 2976 2995 3053 ἀνδρῶν
3053 2976 3373 3052 ἑλκόμενος,
3415 2974 3696 3049 δεδεμένος
3728 2977 3867 3030 πάν-

2215 3080 2367 3133 τοθεν
2428 3067 2722 3143 σχοινίοις,
2796 3067 3133 3145 ἀγριώτατος
3190 3066 3281 3122 καὶ
3342 3065 3506 3141 μέγας
3575 3063 3862 3140 ὑπάρχων.

2219 3156 2322 3216 Καὶ
2378 3151 2639 3232 Ζαμϐρῆς
2692 3156 3040 3226 ἐπιτωθάζων
3099 3160 3181 3229 τῷ
3236 3152 3552 3231 Σιλϐέστρῳ
3595 3149 3719 3233 ἔφη⁹
3756 3152 3862 3209 Νὖν

455 3252 662 3325 proba.
695 3252 796 3308 Sin
826 3268 983 3321 vero,
1010 3253 1136 3324 ipse
1167 3253 1604 3324 pronuntiabo;
1636 3268 1965 3324 omnesque
1987 3258 2100 3310 sta-

2215 3247 2283 3301 τὰ
2342 3245 2562 3322 ῥήματα
2614 3247 2705 3301 καὶ
2763 3247 2819 3300 αἱ
2869 3246 3148 3308 ὑποθὲσεις
3197 3249 3306 3301 τῶν
3361 3244 3623 3321 ῥημάτων
3654 3263 3753 3298 σου
3781 3238 3870 3298 τέο

2219 3334 2238 3350 ‘
2349 3337 2413 3350 Ρη
2467 3339 2558 3350 an.
2575 3338 2592 3350 σι
2619 3332 2670 3350 "ﬁ
2882 3336 2945 3350 κε
3022 3336 3037 3350 \
3169 3336 3190 3350 ιν
3257 3346 3272 3350 _
3331 3335 3344 3350 Ι
3368 3336 3381 3350 ο
3418 3341 3439 3350 -
3524 3334 3538 3350 I
3639 3334 3653 3350 ἢ
3697 3330 3725 3350 ν

457 3343 560 3396 tim
613 3341 687 3396 ad
739 3357 833 3396 me
881 3346 1195 3397 accurrent
1237 3341 1535 3413 fidemque
1582 3341 1730 3397 mihi
1780 3341 2101 3399 habebunt.

454 3431 525 3483 Et
581 3429 876 3498 Zambres,
933 3428 1153 3485 Judaais
1205 3446 1274 3485 ac
1330 3430 1575 3501 reliquis
1632 3430 2102 3498 exhortantibus,

453 3532 675 3572 nomen
703 3516 775 3572 ad
807 3533 980 3573 aures
1010 3518 1162 3573 tauri
1193 3518 1450 3589 profuit:
1496 3524 1674 3591 atque
1704 3519 1868 3575 illico
1900 3525 2103 3575 taurus

451 3621 668 3679 magno
695 3607 926 3678 mugitu
962 3606 1144 3676 edito,
1191 3607 1381 3664 oculis
1421 3607 1587 3665 elisis
1632 3609 1966 3681 exspiravit.
2000 3609 2103 3664 Hic

453 3694 671 3749 Judaais
700 3695 1136 3750 exsultantibus
1181 3712 1251 3752 ac
1299 3702 1508 3752 contra
1537 3696 1885 3753 Silvestrum
1916 3696 2104 3752 multa

446 3782 836 3856 jactautibus,
856 3784 1206 3840 Christianis
1230 3790 1428 3841 autem
1449 3785 1608 3858 gravi
1633 3785 1839 3842 dolore
1868 3785 2100 3853 oborto,

452 3872 730 3929 Silvester
755 3873 1178 3945 imperatorem
1210 3875 1436 3947 rogavit
1464 3880 1531 3930 ut
1575 3875 1881 3931 silentium
1914 3874 2102 3930 turba;

450 3963 790 4035 imperaret.
847 3963 973 4029 Quo
1028 3961 1183 4020 facto
1240 3964 1368 4036 ipse
1424 3963 1667 4020 sublimi
1727 3969 1892 4020 stans
1944 3964 2098 4035 loco,

449 4052 683 4120 Audite,
715 4052 933 4125 inquit,
965 4068 1241 4124 proceres
1271 4058 1449 4124 atque
1497 4053 1820 4125 principes,
1866 4052 2102 4125 populi—

450 4156 565 4212 que
596 4156 803 4197 omnes
830 4141 1009 4197 verba
1039 4158 1170 4197 mea
1216 4142 1457 4197 attentis
1505 4142 1793 4214 percipite
1832 4141 2096 4197 auribus.

448 4229 711 4285 Prmdico
734 4229 1048 4285 Dominum
1069 4230 1327 4286 universi
1353 4230 1559 4286 mundi
1578 4231 1776 4286 Jesum
1799 4230 2099 4286 Christum

449 4318 552 4389 qui
581 4319 754 4373 cacis
783 4318 992 4387 visum,
1025 4319 1221 4374 surdis
1259 4318 1552 4387 auditum,
1585 4320 1766 4375 mutis
1795 4319 2098 4391 loquelam

448 4406 733 4470 restituit,
777 4421 990 4463 manus
1035 4407 1230 4463 aridas
1278 4408 1527 4472 sanavit,
1575 4407 1812 4464 claudos
1844 4408 1904 4463 in
1946 4408 2096 4463 inte-

2219 3334 2316 3399 λος
2349 3337 2434 3410 [Ρ.
2466 3338 2592 3410 281]
2619 3332 2850 3405 ἕξουσιν.
2882 3336 2947 3393 Εἰ
2981 3336 3076 3409 μὲν
3129 3336 3220 3390 οἷν
3251 3335 3471 3412 θαῤῥεῖς
3495 3334 3571 3397 είς
3603 3334 3663 3389 τὸ
3694 3330 3869 3407 ὄνομα

2210 3428 2308 3480 τοῦ
2337 3428 2471 3480 Θεοῦ
2502 3445 2620 3493 σου,
2679 3424 2796 3480 είπὶ
2849 3428 3011 3480 τοῦτο
3068 3425 3205 3479 κατά
3261 3426 3361 3494 τήν
3402 3424 3578 3494 ἀποὴν
3608 3426 3705 3478 τοῦ
3734 3423 3868 3477 ταύ-

2214 3535 2333 3589 ρου,
2389 3513 2479 3569 καὶ
2547 3511 2856 3590 δειχθήσῃο
2888 3514 3289 3589 ΙΙαντοκράτορι
3354 3512 3686 3588 θρησκεύων·
3741 3508 3866 3568 εἶδ’

2212 3603 2325 3671 οὖν,
2383 3602 2522 3674 λέξω
2578 3602 2706 3679 ἐγὼ,
2764 3603 2854 3657 καὶ
2910 3602 3100 3666 πάντες
3158 3606 3226 3677 τῇ
3285 3602 3392 3678 ἐμῇ
3441 3599 3858 3678 προσδραμοῦσι

2211 3693 2409 3749 πίστει.
2436 3693 2558 3749 Τῶν
2607 3689 2665 3747 δὶ
2711 3688 2987 3747 Ἰουδαίων
3046 3691 3135 3747 καὶ
3192 3695 3301 3747 τῶν
3352 3689 3540 3747 ἄλλων
3567 3710 3861 3766 παρορμη-

2211 3782 2416 3838 σάντων
2449 3780 2617 3838 εἶπεῖν
2643 3782 2735 3837 τὸν
2783 3775 3047 3858 Ζαμϐρῆν
3101 3782 3164 3837 τὸ
3222 3778 3393 3855 ὄνομα
3425 3780 3527 3835 ὑπὸ
3554 3781 3655 3848 τήν
3685 3779 3858 3848 ἀκοῆν

2206 3875 2305 3928 τοῦ
2353 3870 2575 3941 ταύτου,
2631 3869 2723 3926 καὶ
2778 3870 2974 3925 τούτου
3032 3866 3302 3935 εἰπόντος,
3357 3869 3514 3932 εὐθὺς
3573 3870 3602 3923 ὁ
3655 3873 3858 3945 ταῦρος

2214 3959 2593 4034 μυκησάμενος
2654 3958 2790 4036 μέγα
2844 3963 2951 4016 τῶν
3011 3958 3309 4038 ὀφθαλμῶν
3342 3960 3507 4016 αὐτοῦ
3538 3959 3859 4032 ἐξελθόντων

2208 4048 2467 4124 ἐξέψυξεν.
2526 4049 3004 4125 Ἀνασκιρτώντων
3078 4049 3172 4104 οὗν
3250 4053 3358 4105 τῶν
3437 4047 3714 4106 Ἰουδαίων
3771 4051 3862 4106 καὶ

2211 4137 2713 4216 μεγαλαυχούντων
2762 4139 2897 4192 κατά
2954 4134 3314 4213 Σιλόἐστρου,
3345 4138 3434 4194 καὶ
3465 4143 3572 4193 τῶν
3606 4139 3863 4213 Χριστια-

2205 4230 2309 4282 νῶν
2338 4223 2695 4297 λυπουμένων
2754 4223 2981 4305 σφόδρα,
3041 4225 3288 4282 κελεῦσαι
3318 4227 3398 4300 τῷ
3429 4224 3550 4300 λαῷ
3578 4228 3860 4304 ἡσυχάσαι

2206 4312 2511 4390 παρακαλεῖ
2567 4314 2595 4368 ὁ
2654 4308 2984 4390 Σίλϐεστρος
3041 4316 3134 4371 τὸν
3197 4313 3448 4390 βασιλέα.
3498 4317 3604 4372 Καὶ
3657 4317 3858 4375 τούτου

2205 4404 2503 4479 γενομένου
2559 4403 2651 4457 καὶ
2703 4400 2784 4480 ἐφ’
2843 4402 3063 4477 ὑψηλοῦ
3112 4404 3284 4458 τόπου
3338 4404 3466 4467 στὰς
3514 4405 3543 4459 ὁ
3589 4423 3855 4478 μακαριος

449 4510 619 4568 grum
647 4496 914 4567 reposuit
943 4500 1180 4565 statum,
1212 4496 1480 4569 leprosos
1534 4498 1823 4570 purgavit,
1865 4497 2096 4553 luxatos

2210 4487 2541 4566 Σίλϐεστρος
2567 4485 2693 4569 ἔφη*
2731 4490 3026 4550 Ἀκούσατὲ
3077 4513 3204 4565 μου,
3253 4491 3517 4570 ἄρχοντες
3557 4491 3648 4547 καὶ
3701 4489 3861 4547 δυνά-

448 4587 612 4640 artus
644 4583 921 4652 firmavit,
968 4588 1234 4640 mortuos
1290 4585 1353 4640 in
1403 4585 1584 4641 vitam
1627 4586 1881 4641 reduxit.
1934 4585 2097 4642 Unde

2210 4602 2347 4651 σται,
2379 4581 2469 4636 καὶ
2501 4579 2839 4652 ἐνωτίσασθε,
2874 4581 2999 4636 Λαοὶ
3045 4582 3296 4650 ἅπαντες,
3350 4582 3418 4637 τά
3466 4581 3691 4659 ῥήματά
3723 4603 3855 4656 μου.

450 4672 679 4745 liquido
711 4677 803 4729 est
852 4649 1322 4729 demonstratum
1380 4691 1598 4731 nomen
1630 4674 1801 4743 illud,
1832 4674 1991 4745 quod
2021 4673 2096 4729 ad

2210 4649 2348 4746 Ἐγῶ
2396 4671 2490 4726 τὸν
2548 4649 2832 4740 Δεσπότηνν
2886 4671 2977 4725 καὶ
3034 4671 3235 4746 Κύριον
3290 4649 3489 4735 παντὸς
3516 4649 3615 4727 τοῦ
3642 4649 3857 4744 κόσμου

448 4762 785 4820 necandum
816 4768 1050 4818 taurum
1079 4762 1355 4819 Zambres
1386 4762 1921 4830 invocavit,diaboli
1945 4778 2094 4817 esse.

2210 4760 2416 4831 Ἰησοῦν
2468 4758 2697 4834 Χριστὸν
2741 4759 3018 4833 κηρύττω,
3064 4759 3156 4813 τὸν
3210 4760 3564 4836 παρασχόντα
3620 4758 3853 4839 τυφλοῖς

450 4853 509 4909 Si
540 4853 699 4909 enim
730 4857 964 4908 mortuo
995 4852 1173 4908 vitam
1212 4850 1464 4908 reddere
1493 4868 1612 4908 non
1646 4856 1858 4923 potest,
1890 4851 2098 4921 utique

2210 4843 2498 4923 ἀνάϐλεψιν
2532 4848 2620 4903 καὶ
2677 4853 2888 4925 κωφοῖς
2944 4847 3182 4919 ἀκούειν,
3214 4846 3444 4909 άλάλοις
3476 4850 3847 4923 γαρισάμενον

445 4942 577 4997 vita;
607 4948 667 4997 et
694 4941 904 4998 salutis
935 4941 1121 4997 hostis
1152 4944 1261 5008 e'st,
1297 4942 1397 5012 qui
1434 4941 1625 4996 vivum
1673 4956 1911 5007 necare,
1935 4956 2095 4994 mor-

2210 4937 2416 5003 λαλεῖν,
2465 4941 2655 5012 χεῖρας
2704 4937 2869 5009 ξηρὰς
2924 4935 3238 5011 ίασάμενον,
3313 4934 3529 5016 χωλοῖς
3558 4935 3705 4991 ’ἳασιν
3740 4934 3849 4992 δωο

444 5037 612 5088 tuum
640 5036 839 5087 autem
871 5030 1163 5086 vivificare
1194 5031 1422 5101 nequit.
1445 5031 1591 5085 Tum
1619 5028 1895 5085 Zambres
1926 5029 2088 5084 tuni-

2210 5026 2524 5100 οησάμενον,
2589 5022 2824 5100 λεπροὺς
2887 5024 3271 5101 καθαρίσαντα,
3328 5025 3674 5101 παραλύτους
3734 5027 3856 5105 σφί,

443 5137 572 5177 cam
602 5136 771 5177 suam
799 5119 1197 5192 disrumpens.
1233 5119 1487 5190 Optime,
1518 5116 1733 5189 inquit,
1764 5117 2087 5190 imperator

2210 5118 2388 5194 [ξαντα
2439 5117 2530 5170 καί
2575 5113 2795 5191 νεκροὺς
2848 5113 3149 5190 ἐγείραντα.
3198 5115 3360 5179 ’Όθεν
3411 5120 3652 5194 φανερῶς
3706 5118 3851 5171 diro-

1647 5266 2007 5324 XYLANDRI
2044 5270 2131 5323 ET
2169 5269 2381 5325 GOARI
2421 5268 2646 5324 NOTAE.

532 5425 623 5489 79)
655 5421 772 5494 Ipsi
831 5423 1013 5495 Grmci
1066 5421 1351 5495 fabulosa;
1410 5421 1752 5495 Judaaorum
1781 5420 2085 5495 traditioni

2210 5436 2370 5495 ματος
2421 5434 2532 5495 ,του
2598 5413 2699 5495 επὶ.
2730 5422 2871 5495 ’τῆςμ
2914 5414 3120 5495 πάτρας
3170 5415 3581 5495 ἆπιγραᾳὲντος,
3621 5418 3715 5495 καὶ
3762 5422 3853 5495 ,μῂ

439 5484 764 5575 adbmrent,
797 5493 910 5575 ubi.
929 5494 1257 5575 composita
1307 5493 1634 5575 Tryphonis
1680 5492 1925 5548 nomine
1957 5508 2086 5547 ora-

2210 5484 2540 5575 βαστασάσης
2609 5484 2813 5575 ἀλλάην
2845 5484 3224 5564 διαῤῥάγείσης
3276 5484 3441 5545 "(bist
3509 5484 3679 5567 κηρὸς
3729 5484 3854 5575 Δἅίτιῦ

440 5565 602 5621 tione
632 5559 1034 5635 pronuntiant
1047 5559 1327 5635 adversus
1373 5559 1600 5620 insecta
1641 5579 1893 5635 qumque
1921 5579 2091 5635 agros

2210 5559 2497 5632 προσώπου
2527 5559 2717 5635 πυρός.
2751 5559 2981 5617 ϐοΑῑιᾞ
3053 5559 3064 5564 ⁷
3184 5559 3188 5560 ί
3567 5559 3597 5567 ”
3729 5568 3740 5579 ⁸

444 5630 850 5693 devastantia:
882 5630 1115 5708 Ὁρκίζω
1170 5633 1308 5705 ὑμᾶς
1354 5636 1490 5688 κατὰ
1533 5637 1633 5689 τοῦ
1658 5630 1928 5709 “μεγάΛου
1960 5630 2094 5686 ’ὀνόο
