4194 6198
344 371 469 431 537

1469 367 2018 431 HISTORIARUM
2062 368 2605 433 COMPENDIUM.

3632 369 3757 433 538

346 501 613 558 δείκνυται
636 502 722 556 ὅτι
746 505 907 558 τοῦτο
932 502 990 556 τὸ
1004 497 1200 575 ὅνομαι
1226 501 1257 557 6'
1278 502 1642 557 ἒπεκαλέσατο
1674 501 1701 556 ὁ
1732 495 1987 576 Ζαμϐρῆς

2106 507 2282 573 atque
2306 503 2459 559 403
2492 509 2735 570 aeterne,
2774 503 3141 573 Silvestrum,
3194 521 3371 576 quem
3421 521 3457 561 a
3512 506 3752 561 nemine

340 596 437 648 τοῦ
467 591 782 647 ἀποκτεῖναι
837 600 931 646 τὸν
980 595 1176 666 ταῦρον
1228 595 1327 646 τοῦ
1386 586 1654 646 διαϐόλου
1706 591 1871 646 ἐστίν.
1933 589 1996 647 Εἰ

341 680 443 756 γάρ
472 675 697 743 θανόντα
717 681 1014 748 ἀναστῆσαι
1045 678 1110 733 οὗ
1141 674 1385 750 δύναται,
1409 673 1551 733 ἔστιν
1586 676 1689 752 ἄρα
1732 682 1881 748 ζωῆς
1908 677 1997 732 καὶ

345 768 617 843 σωτηρίας
674 768 930 844 ἐχθρὸςὸ
974 773 1149 838 ζῶντα
1209 769 1306 842 μὲν
1364 767 1677 824 ἀποκτεῖναι
1728 764 1998 838 δυνηθεὶς,

345 857 532 933 νεκρὸν
577 855 636 913 δὶ
679 861 1018 927 ζωοποιῆσαι
1082 858 1160 931 μὴ
1214 856 1442 933 ἰσχύων.
1488 858 1626 915 Τότε
1653 858 1682 912 6
1740 851 1997 930 Ζαμϐρῆς

346 944 641 1022 διαρρήξας
672 946 764 1002 τὸν
797 945 989 1002 ἑαυτοῦ
1009 950 1220 1022 χιτῶνα
1277 945 1403 1025 ἔφη’
1465 945 1710 1003 Δέσποτα
1765 943 2000 1001 ἐπιεικὲ-

346 1055 528 1105 στατε,
561 1032 788 1109 βασιλεῦ
824 1034 1032 1103 αἶώνιε,
1077 1029 1407 1110 Σίλϐεστρον
1436 1037 1495 1091 ’ὀν
1526 1036 1728 1112 λέγεις,
1758 1041 1806 1090 Ν
1815 1037 1996 1104 ικῆσαι

343 1120 520 1186 οὐδεὶς
551 1120 824 1194 ⁹ῆίῖυνήθη,
869 1120 979 1199 ἔγὼ
1037 1122 1089 1177 ἐν
1147 1128 1229 1197 τῷ
1266 1124 1661 1200 παντοκράτορι
1722 1128 1840 1196 Θεῷ
1890 1123 2000 1180 ἐνί-

339 1233 502 1283 κησα.
536 1212 752 1267 Δίκαιον
786 1211 885 1266 οὗν
905 1211 1021 1267 ἐστι
1083 1213 1159 1285 μὴ
1217 1211 1308 1267 ἐπὶ
1362 1210 1508 1268 πολὺ
1568 1210 1790 1282 δοθῆναι
1848 1211 1995 1286 αὐτῷ

339 1298 581 1372 ἐξουσίαν
628 1303 726 1356 τοῦ
783 1298 996 1357 λαλεῖν.
1053 1301 1196 1356 Ξὲνα
1242 1300 1347 1378 γὰρ
1403 1302 1730 1379 ἒφευρίσγων
1792 1300 1873 1357 ἀεὶ
1903 1303 1994 1357 καὶ

341 1391 551 1446 ἐναντία
627 1393 725 1445 τοῦ
809 1387 997 1445 λαλῶν
1084 1389 1146 1443 ού
1229 1388 1481 1461 παύεται,
1546 1392 1637 1446 καὶ
1696 1394 1767 1465 τῇ
1822 1392 1995 1447 αὐτοῦ

341 1479 582 1556 φλυαρίᾳ
613 1473 874 1551 ἰπιϐαρυς
905 1476 1112 1555 γίνεται
1169 1482 1238 1552 τῇ
1302 1479 1457 1552 ὑμῶν
1516 1471 1790 1555 βασιλείᾳ.
1850 1481 1992 1555 Πρὸς

336 1569 397 1624 ’ὸν
445 1569 475 1622 6
532 1566 839 1642 Αὔγουστος
896 1563 1021 1645 ἔφη’
1079 1569 1151 1623 Τὸ
1215 1571 1313 1624 τοῦ
1364 1567 1803 1646 παντοκράτορος
1858 1576 1993 1627 Θεοῦ

337 1656 513 1732 ὄνομα
574 1658 666 1712 καὶ
734 1654 1028 1727 ἐπίκλησις
1082 1657 1365 1733 πρώτιστα
1420 1657 1636 1713 πάντων
1697 1664 1844 1730 ζωῆς
1900 1661 1992 1715 καὶ

337 1745 615 1822 σωτηρίας
672 1746 935 1821 πρόνοιαν
990 1744 1312 1821 παρέχεται.
1370 1747 1643 1811 Ὡσαύτως
1699 1747 1790 1803 καὶ
1847 1746 1910 1802 σὺ
1944 1747 1991 1804 εί

333 1840 437 1893 τοῦ
466 1839 601 1892 Θεοῦ
639 1836 711 1901 εἶ,
742 1835 1046 1906 ἀνάστησον
1074 1836 1166 1891 τὸν
1214 1840 1433 1911 ταῦρον,
1491 1836 1582 1892 καὶ
1631 1836 1988 1911 πιστεύσομεν
2020 1861 2067 1925 Β

336 1946 397 1982 σε
425 1925 533 1982 ἀπὸ
562 1929 696 1981 Θεοῦ
725 1919 872 2000 ἔχειν
919 1926 1019 1995 τήν
1071 1923 1247 1997 νίκην.
1306 1924 1376 1983 Εἰ
1434 1921 1491 1981 δὲ
1545 1926 1709 1981 τοῦτο
1741 1926 1803 1982 ού
1857 1923 1985 2001 δύνῃ

334 2021 604 2085 ποιῆσαι,
656 2014 858 2095 φανερά
912 2034 1009 2070 σου
1065 2017 1165 2080 τῆς
1225 2014 1560 2089 ὑποκρίσεως
1614 2014 1842 2090 γοητεία
1900 2012 1988 2072 διὰ

340 2103 617 2179 δαιμόνων
644 2105 983 2179 πεπρῆχθαι.
1044 2104 1184 2179 Πρὸς
1212 2104 1270 2159 ὃν
1302 2104 1390 2159 καὶ
1425 2105 1454 2160 ὁ
1508 2104 1658 2180 ἅγιος
1692 2100 1988 2181 Σίϐεστρος

340 2189 465 2274 ἔιρη·
496 2198 718 2263 Ἄκουε,
749 2194 795 2247 ὧ
836 2190 1083 2263 Ἰουδαῖε,
1119 2192 1225 2248 ἀπὸ
1279 2197 1388 2248 τῶν
1447 2196 1555 2248 σῶν
1612 2198 1836 2272 1¹ραφῶν
1885 2195 1984 2263 τὴν

336 2282 618 2354 ἀλήθειαν.
654 2283 741 2339 Ἐν
770 2285 853 2353 τῷ
907 2280 1313 2357 Δευτερονομίῳ
1374 2280 1535 2344 αὐτὸς
1567 2282 1596 2337 6
1625 2282 1755 2345 Θεὸς
1814 2282 1984 2357 λέγει’

340 2393 367 2423 ιι
399 2367 593 2439 Ἴδετε,
623 2367 787 2439 ἴδετε,
819 2369 904 2425 ὅτι
935 2369 1044 2447 ἐγὼ
1075 2369 1212 2443 εἰμι,
1260 2370 1353 2425 καὶ
1384 2371 1486 2426 οὐκ
1513 2364 1627 2425 ἔστι
1657 2371 1789 2433 Θεὸς
1832 2371 1982 2440 πλὴν

342 2458 495 2533 ἐμοῦ.
557 2459 703 2536 Ἐγὼ
775 2459 1054 2515 ἀποκτενῶ
1128 2458 1219 2514 καὶ
1305 2463 1401 2533 ζῇν
1472 2461 1712 2531 ποιήσω,
1766 2461 1987 2531 πατάξω

338 2548 493 2624 κάγὼ
522 2548 768 2621 ἰάσομαι.
798 2571 827 2601 η
864 2548 1144 2624 Εὐκαίρως
1175 2547 1273 2603 οὗν
1306 2546 1620 2617 ἐπικληθεὶς
1664 2549 1987 2615 ἀποκτείνει,

338 2639 427 2693 καὶ
462 2636 727 2710 εὐκαίρως
750 2635 919 2693 πάλιν
965 2642 1246 2707 ζωοποιεῖ.
1298 2634 1648 2695 Ἐπικάλεσαι
1707 2638 1800 2692 οὗν
1829 2638 1988 2693 αὐτὸν

342 2727 433 2782 ἐπὶ
464 2729 564 2796 τήν
594 2725 770 2795 ἄλλην
797 2727 966 2795 ἀκοὴν
994 2730 1091 2782 τοῦ
1118 2726 1341 2801 ταύρου,
1387 2726 1478 2782 καὶ
1530 2726 1619 2781 ἐὰν
1659 2727 1820 2783 αὐτὸν
1849 2726 1984 2801 ἐγεί-

344 2836 471 2891 ρης,
527 2814 886 2889 πιστεύσομεν
957 2816 1173 2886 πάντες,
1232 2816 1414 2880 καθὼς
1471 2815 1532 2870 σὺ
1590 2817 1716 2892 φής.
1768 2817 1900 2871 Τότε
1956 2817 1985 2872 6

337 2902 602 2979 Ζαμὸρῆς
631 2904 796 2980 λέγειν
819 2905 937 2963 Οὑκ
965 2904 1115 2959 εἶπόν
1145 2926 1252 2973 σοι,
1302 2902 1698 2960 ἐπικεικέστατε
1740 2905 1985 2980 βασιλεῦ,

337 2988 421 3047 ὅτι
461 2991 515 3047 ἐν
575 2992 768 3069 λόγοις
826 2987 1152 3068 Σίλϐεστρον
1211 2989 1388 3054 οὐδεὶς
1443 2989 1658 3047 δύναται
1714 3000 1984 3063 νικῆσαι;

340 3081 613 3137 Κέλευσον
648 3081 738 3137 οὗν
769 3082 934 3137 αὐτὸν
975 3084 1051 3155 μή
1085 3081 1323 3158 ῥήμασιν
1356 3080 1485 3137 ἀλλ’
1513 3077 1696 3158 ἔργοις
1725 3080 1985 3155 ἓπιδείξαί

330 3192 383 3227 τι
413 3172 685 3244 ἡμῖν.]Ρ.
736 3174 862 3244 282]
919 3172 981 3229 Ὀ
1024 3170 1178 3247 ἅγιος
1236 3167 1565 3246 Σίλϐεστρος
1619 3164 1743 3250 ἔφη’
1796 3170 1981 3233 Θέλεις

332 3259 446 3329 οὖν,
506 3261 553 3315 ὦ
612 3257 858 3331 Ἰουδαῖε,
919 3255 1026 3336 ἔγὼ
1082 3264 1151 3334 τῇ
1211 3258 1498 3332 ἐπικλήσει
1552 3264 1650 3316 τοῦ
1709 3261 1980 3317 Δεσπότου

337 3372 443 3424 μου
495 3351 677 3419 Ἰησοῦ
722 3350 969 3422 Χριστοῦ
1025 3347 1217 3424 ἐγείρω
1272 3350 1364 3404 τὸν
1418 3353 1660 3425 ταῦρον;
1723 3344 1983 3424 Ζαμόρῆς

331 3436 499 3513 λέγει’
533 3440 707 3492 Τοῦτο
756 3434 818 3490 ού
848 3440 1047 3507 ποιεῖς,
1079 3436 1124 3491 εἰ
1180 3436 1269 3490 καὶ
1323 3442 1547 3512 πτεροῖς
1602 3442 1894 3511 πετασθῇς.
1928 3439 1985 3493 '0

284 3584 293 3599 ,
340 3523 596 3601 βασιλεὺς
623 3527 761 3580 εἴπερ
795 3525 1069 3598 Θαυμάζω
1096 3526 1196 3594 τήν
1249 3524 1634 3600 ἀναισχυντίαν
1688 3547 1807 3594 σου,
1838 3532 1987 3600 Ζαμ-

336 3609 465 3691 ϐρῆ.
523 3613 599 3669 Σὺ
648 3611 1275 3689 εἷπας,σχολαζέτωσαν
1333 3615 1384 3668 οἱ
1443 3612 1601 3690 λόγοι
1658 3616 1749 3669 καὶ
1804 3610 1983 3691 ἔργοις

335 3702 703 3779 ἀγωνιζὲσθω,
733 3703 903 3764 Οὗτος
961 3698 1019 3757 δὶ
1075 3702 1416 3777 ὑπισχνεῖται
1470 3710 1697 3772 ποιῆσαι
1756 3704 1890 3778 ὅπερ
1921 3703 1983 3758 σὺ

334 3791 519 3868 λὲγεις
547 3790 830 3853 παντελῶς
870 3792 1007 3846 εἶναι
1037 3787 1315 3847 ἀδύνατον.
1365 3793 1523 3847 Ὥστε
1579 3788 1784 3847 δίκαιόν
1842 3793 1983 3848 ἔστιν

337 3881 685 3957 ὸμολογῆςαί
716 3901 774 3937 σε
802 3886 995 3937 τοῦτον
1041 3882 1175 3936 εἶναι
1222 3883 1351 3937 Θεὸν
1377 3880 1560 3953 ἀληθῆ
1618 3882 1710 3937 τὸν
1761 3883 1983 3954 νεκροὺς

334 3973 629 4041 ἀναστῆσαι
689 3968 977 4045 δυνάμενον
996 4014 1012 4042 ,
1070 3971 1272 4025 ἐκεῖνον
1331 3967 1388 4026 δὲ
1443 3969 1649 4027 πλάνον
1715 3971 1807 4026 καὶ
1867 3969 1985 4026 διά-

228 4118 235 4123 ,
336 4054 507 4115 ϐολον
531 4058 624 4114 τὸν
681 4058 1073 4114 ἀποκτείναντα
1128 4058 1218 4114 καὶ
1260 4064 1600 4129 ζωοποιῆσαι
1634 4060 1710 4131 μή
1744 4056 1983 4131 δυνάμε-

331 4170 443 4208 νον.
473 4150 612 4206 Τότε
637 4150 665 4204 6
700 4145 961 4223 Σαμόρῆς
991 4145 1176 4223 ὤμοσε
1233 4147 1433 4226 λὲγων·
1465 4149 1592 4205 Ἐὰν
1650 4143 1981 4221 Σίλϐεστρος

330 4239 424 4293 τὸν
456 4238 644 4310 νεκρὸν
676 4242 874 4313 ταῦρον
935 4239 1234 4313 ἁναστήτῃ,
1294 4238 1488 4300 πάντες
1536 4239 1628 4294 τὸν
1684 4237 1982 4295 Ἰουδαϊκὸν

329 4325 758 4402 καταλείψαντες
807 4326 972 4400 νόμον
1033 4332 1169 4398 πρὸς
1214 4328 1315 4397 τήν
1368 4332 1478 4381 τῶν
1520 4328 1853 4402 Χριστιανῶν
1894 4326 1985 4382 αύ-

326 4413 723 4490 τομολήσομεν
803 4416 1003 4473 πίστιν.
1087 4417 1148 4474 Ὁ
1215 4410 1273 4471 δὲ
1333 4414 1596 4490 μακάρϊος
1651 4410 1981 4491 Σίλϐεστρος

332 4503 567 4567 ἐκτείνας
590 4504 681 4560 imi
712 4501 857 4560 πολὺ
903 4505 999 4566 τὰς
1061 4509 1253 4581 χεῖρας
1312 4504 1388 4566 εἷς
1433 4505 1528 4561 τὸν
1585 4502 1834 4579 οὐρανὸν,
1890 4505 1981 4560 καὶ

2103 591 2255 646 vinci
2278 593 2542 663 potuisse
2563 593 2823 664 dicebas,
2846 611 2952 667 ego
2974 594 3074 650 Dei
3097 595 3522 667 omnipotentis
3535 595 3753 651 auxilio

2104 680 2211 737 vici
2223 682 2268 736 ..Ι
2274 686 2473 737 ustum
2489 698 2625 755 ergo
2648 688 2737 738 est
2754 700 2876 739 non
2898 684 3161 755 permitti
3182 685 3233 740 ei
3260 684 3450 740 multa
3470 683 3750 756 loquendi

2103 767 2347 842 longum
2376 770 2654 842 spatium.
2677 773 2925 844 Semper
2953 773 3113 828 enim
3142 771 3412 829 inaudita
3436 773 3752 828 commini-

2104 875 2301 925 scens,
2336 860 2452 915 Deo
2499 859 2745 917 adversa
2802 860 3039 916 dicendi
3076 863 3254 917 ﬁnem
3303 862 3537 917 nullum
3584 862 3747 929 facit;

2105 964 2329 1019 suaque
2362 948 2719 1019 loquacitate
2752 950 3000 1022 imperio
3032 956 3131 1006 tuo
3191 950 3474 1007 molestus
3533 956 3642 1008 est.
3683 953 3747 1006 Et

2104 1040 2397 1107 Augustus
2451 1038 2759 1110 respondit
2808 1056 2821 1093 :
2876 1041 3103 1094 Nomen
3159 1040 3585 1111 omnipotentis
3642 1041 3745 1096 Dei

2102 1125 2350 1197 ejusque
2379 1125 2672 1182 invocatio
2702 1129 2970 1184 omnium
2996 1129 3126 1184 vita
3159 1134 3217 1182 et
3245 1128 3425 1184 saluti
3464 1130 3747 1185 consulit.

2101 1216 2303 1285 Itaque
2342 1220 2405 1270 tu
2461 1216 2661 1285 etiam,
2717 1217 3014 1289 siquidem
3043 1218 3215 1273 aDeo
3274 1234 3359 1284 es,
3421 1221 3653 1272 taurum
3684 1218 3745 1273 in

2098 1303 2275 1359 vitam
2302 1320 2545 1361 revoca:
2572 1310 2698 1361 tum
2730 1306 3041 1362 credemus
3065 1311 3118 1361 te
3140 1305 3418 1362 divinitus
3438 1303 3746 1361 victoriam

2098 1398 2506 1449 consecutum.
2547 1395 2715 1460 Quod
2771 1394 2821 1451 si
2869 1395 2982 1451 hoc
3035 1401 3317 1467 praestare
3364 1411 3649 1466 nequeas,
3682 1395 3744 1449 in

2097 1488 2376 1553 promptu
2405 1489 2497 1538 est
2515 1483 2824 1540 diabolicis
2871 1486 3186 1557 prmstigiis
3218 1490 3274 1541 te
3317 1501 3492 1541 usum
3540 1484 3745 1539 fuisse.

2099 1570 2211 1625 Sed
2241 1576 2300 1626 et
2325 1570 2642 1627 Silvester:
2686 1573 2858 1641 Audi,
2890 1573 3104 1644 inquit,
3160 1574 3381 1640 Judaee,
3438 1572 3745 1628 veritatem

2099 1674 2169 1714 ex
2200 1659 2316 1715 tuis
2348 1658 2515 1716 libris
2544 1661 2930 1732 propositam.
2966 1663 3030 1716 In
3083 1660 3543 1717 Deuteronomiu
3589 1662 3746 1716 Deus

2094 1744 2291 1801 fatur:
2322 1764 2344 1795 ι
2372 1746 2596 1815 Videte,
2628 1746 2843 1815 videte,
2868 1748 3026 1819 quod
3050 1764 3155 1821 ego
3188 1765 3341 1815 sum,
3374 1754 3433 1802 et
3461 1753 3628 1803 extra
3648 1765 3745 1803 me

2098 1850 2219 1889 non
2248 1835 2422 1890 Deus.
2474 1837 2590 1906 Ego
2645 1836 3001 1892 interﬁciam
3034 1842 3093 1892 et
3119 1837 3251 1893 vitm
3309 1836 3578 1901 reddam,
3638 1853 3742 1908 ego

2095 1922 2309 1979 feriam
2329 1923 2605 1996 idemque
2620 1924 2842 1981 sanabo
2863 1926 2926 1982 9‘.
2954 1947 2980 1974 ››
2998 1927 3200 1996 Itaque
3222 1925 3567 1997 tempestive
3582 1926 3749 1979 invo-

2098 2016 2264 2068 catus
2293 2020 2485 2077 necat,
2509 2015 2855 2085 tempestive
2884 2016 3190 2071 invocatus
3223 2031 3429 2071 rursus
3474 2015 3536 2069 in
3565 2015 3741 2070 vitam

2096 2101 2374 2157 restituit.
2406 2102 2660 2159 Proinde
2704 2104 2765 2158 in
2795 2104 3044 2159 alteram
3074 2119 3279 2159 aurem
3338 2104 3489 2159 tauri
3521 2120 3741 2159 nomen

2096 2191 2199 2245 Dei
2229 2192 2486 2247 inelama
2508 2210 2523 2260 ;
2549 2198 2608 2248 et
2635 2194 2683 2249 si
2715 2195 2767 2249 is
2812 2195 3107 2263 revixerit,
3167 2194 3344 2250 fidem
3402 2193 3596 2250 verbis
3625 2193 3742 2249 tuis

2095 2279 2529 2337 adhibebimus.
2548 2283 2862 2338 Zambres:
2895 2286 3100 2340 Nonne
3122 2284 3264 2351 dixi,
3297 2284 3520 2355 Optime
3552 2284 3738 2355 impe-

2094 2372 2277 2439 rator,
2324 2369 2517 2425 verbis
2568 2371 2912 2427 Silvestrum
2943 2390 2978 2428 a
3006 2372 3248 2428 nemine
3304 2372 3455 2427 vinci
3512 2388 3684 2443 posse
3716 2372 3743 2427 ?

2090 2456 2235 2512 Jube
2266 2457 2443 2528 igitur
2471 2474 2609 2513 eum
2639 2475 2759 2514 non
2791 2459 2986 2514 verbis
3020 2460 3123 2515 sed
3171 2460 3327 2515 facto
3384 2459 3584 2530 aliquo
3636 2475 3741 2514 sua

2094 2545 2479 2617 comprobare
2510 2546 2703 2603 nobis.
2735 2547 3047 2603 Silvester:
3080 2547 3182 2601 Vis
3213 2564 3373 2620 ergo,
3421 2546 3644 2614 Iudaee,
3676 2552 3741 2601 ut

2095 2651 2200 2709 ego
2226 2635 2552 2691 invocando
2584 2636 2825 2692 nomine
2877 2636 3113 2691 Domini
3162 2636 3277 2691 mei
3330 2638 3468 2692 Jesu
3520 2636 3735 2692 Christi

2093 2730 2331 2781 taurum
2353 2725 2606 2780 excitem
2626 2725 2654 2779 ‘2
2682 2725 2996 2780 Zambres:
3043 2724 3105 2780 ld
3136 2742 3255 2780 non
3295 2725 3539 2792 efﬁcies,
3583 2742 3657 2781 ne
3691 2726 3739 2780 si

2093 2814 2205 2870 alis
2234 2813 2476 2885 quidem
2507 2813 2800 2869 subvoles.
2836 2816 3193 2886 Imperator:
3224 2815 3434 2882 Tuam,
3493 2832 3527 2870 o
3575 2816 3741 2870 Zam-

2093 2903 2250 2970 bres,
2276 2904 2430 2958 494
2460 2902 2892 2974 impudentiam
2954 2904 3152 2959 miror.
3186 2903 3394 2959 Petisti
3442 2910 3506 2959 ut
3548 2904 3744 2959 verbis

2096 2992 2335 3048 omissis
2366 2996 2672 3047 certamen
2728 2992 3021 3047 facturum
3055 2992 3418 3048 instituatur.
3449 2995 3578 3048 1am
3634 2992 3745 3046 Sil-

2095 3086 2289 3137 vester
2318 3082 2613 3152 promittit
2642 3080 2703 3135 id
2725 3096 2786 3136 se
2820 3082 3134 3149 facturum,
3170 3081 3325 3151 quod
3352 3086 3418 3137 tu
3450 3082 3578 3137 ﬁeri
3625 3098 3745 3136 non

2096 3187 2269 3243 posse
2303 3169 2636 3225 contendis.
2673 3170 2780 3225 Par
2834 3176 2927 3225 est
2970 3186 3108 3243 ergo
3164 3176 3223 3225 te
3255 3170 3524 3225 confiteri
3583 3170 3742 3226 hunc

2094 3278 2224 3317 esse
2256 3277 2457 3316 verum
2489 3261 2694 3329 Deum,
2727 3261 2829 3332 qui
2862 3266 3126 3317 mortuos
3156 3261 3218 3315 in
3249 3260 3426 3316 vitam
3457 3261 3741 3316 reducere

2088 3350 2264 3417 valet,
2298 3351 2456 3406 hunc
2486 3355 2684 3405 autem
2716 3350 3101 3422 impostorem
3143 3366 3272 3406 esse
3304 3355 3364 3406 et
3412 3349 3737 3418 diabolum,

2091 3441 2192 3512 qui
2226 3446 2399 3496 necat
2429 3446 2490 3495 et
2518 3441 2697 3496 vitam
2724 3439 2975 3495 reddere
3005 3456 3127 3495 non
3161 3445 3375 3512 potest.
3407 3441 3551 3494 Tum
3582 3441 3742 3495 Zam-

2098 3530 2234 3586 bres
2255 3530 2512 3603 juravit:
2546 3530 2849 3602 Siquidem
2872 3531 3152 3586 Silvester
3181 3535 3417 3586 taurum
3462 3530 3746 3586 excitabit

2093 3635 2129 3675 a
2158 3625 2366 3679 morte.
2398 3618 2658 3674 universi
2683 3619 2927 3675 Iudaica
2948 3620 3074 3692 lege
3099 3619 3333 3674 deserta
3350 3618 3751 3676 Christianam

2094 3705 2522 3778 amplectemur
2552 3707 2751 3762 fidem.
2785 3709 2856 3762 At
2884 3708 3093 3764 beatus
3125 3708 3419 3772 Silvester,
3464 3708 3742 3765 manibus

2089 3796 2460 3867 aliquamdiu
2518 3797 2580 3850 in
2621 3795 2835 3851 cmlum
2872 3796 3138 3857 intentis.
3175 3801 3233 3850 et
3278 3812 3414 3851 cum
3462 3796 3743 3869 lacrymis

2090 3889 2387 3956 precatus,
2414 3884 2489 3939 ad
2510 3889 2746 3940 taurum
2768 3884 2912 3953 adit,
2934 3900 3267 3956 magnaque
3292 3900 3431 3939 voce
3454 3884 3569 3939 ait:
3601 3887 3738 3955 Ego,

2088 3973 2342 4029 Domine
2372 3973 2455 4029 mi
2483 3974 2620 4029 Jesu
2651 3974 2900 4028 Christe.
2934 3989 3133 4029 coram
3181 3972 3459 4028 omnibus
3491 3974 3739 4028 sanctisv

2089 4063 2308 4117 simum
2340 4068 2509 4118 tuum
2531 4079 2749 4118 nomen
2778 4062 3006 4131 invoco,
3030 4068 3097 4118 ut
3112 4061 3371 4117 universi
3402 4061 3743 4131 intelligant

2088 4156 2325 4206 taurum
2379 4151 2538 4206 hunc
2596 4168 2632 4206 a
2671 4150 2906 4207 diabolo
2963 4156 3262 4218 necatum,
3320 4151 3589 4206 invocato
3643 4156 3740 4206 tuo

2094 4238 2343 4294 viviﬁcio
2375 4238 2854 4294 etillustrissimo
2885 4239 3127 4295 nomine
3149 4238 3208 4293 in
3230 4238 3407 4293 vitam
3426 4237 3736 4293 reductum

2089 4343 2238 4382 esse.
2273 4327 2459 4382 Simul
2489 4328 2734 4400 propius
2790 4333 3027 4383 taurum
3083 4327 3369 4382 assistens
3424 4326 3546 4383 alta
3599 4343 3739 4382 voce

2091 4418 2452 4474 inclamavit.
2490 4419 2555 4474 in
2587 4418 2829 4474 nomine
2861 4419 2998 4474 Jesu
3045 4418 3281 4485 Christi,
3335 4434 3513 4489 quem
3572 4417 3741 4488 impii

2088 4507 2271 4562 ,ἰυάωί
2305 4523 2488 4578 opera
2518 4508 2711 4563 Pontii
2736 4508 2909 4564 Pilati
2934 4508 2994 4563 in
3016 4523 3254 4563 crucem
3277 4513 3544 4579 egerunt,
3571 4523 3742 4579 surge

339 4594 473 4667 μετά
502 4590 748 4669 δακρύων
780 4592 952 4673 εὐχήν
983 4594 1241 4663 ποιήσας,
1271 4594 1410 4667 πρὸς
1438 4594 1530 4649 τὸν
1567 4597 1765 4667 ταῦρον
1814 4593 1987 4649 ἀπελ-

2095 4612 2229 4652 cum
2256 4595 2588 4667 majestate.
2613 4596 2776 4652 Illico
2800 4602 3001 4653 taurus
3029 4602 3219 4652 totum
3241 4614 3456 4669 corpus
3486 4613 3744 4653 commo-

338 4681 446 4737 θὼν
479 4683 601 4737 εἷπε
630 4685 787 4759 φωνῇ
843 4679 1082 4757 μεγάλῃ·
1142 4681 1311 4757 Ἐγὼ,
1369 4681 1611 4736 Δὲσποτά
1654 4702 1761 4755 μου
1796 4682 1978 4754 Ἰησοῦ

338 4771 579 4846 Χριστὲ,
638 4772 701 4825 τὸ
756 4771 1020 4848 πανάγιον
1087 4766 1264 4843 ὄνομά
1322 4790 1417 4825 σου
1472 4765 1843 4845 ἕπικαλοῦμαι
1893 4771 1981 4828 ἐπὶ

336 4861 575 4928 πάντων,
600 4857 691 4914 ’ίνα
732 4860 876 4934 μάθῃ
932 4859 962 4913 6
1023 4859 1153 4921 λαὸς
1210 4857 1367 4921 οὗτος
1424 4858 1509 4914 ὅτι
1567 4855 1834 4916 διαϐόλου
1884 4862 1981 4935 μὲν

342 4944 513 5022 ὄνομα
570 4947 821 5026 ἐφόνευσε
874 4948 965 5002 τὸν
1022 4951 1241 5020 ταῦρον,
1298 4952 1393 5002 τοῦ
1448 4945 1505 5002 δὲ
1560 4953 1835 5017 ζωοποιοῦ
1891 4950 1981 5004 καὶ

331 5037 710 5113 φανερωτάτου
766 5057 864 5091 σου
938 5035 1204 5109 ὀνόματος
1260 5034 1545 5107 ἐπικλήσει
1601 5034 1979 5107 ἔζωοποιήθη.

333 5125 429 5182 Καὶ
459 5125 768 5196 πλησιάσας
828 5128 908 5197 τῷ
933 5125 1118 5200 ταύρῳ
1176 5125 1320 5201 λέγει
1384 5127 1520 5199 μετὰ
1571 5135 1817 5203 κραυγῆς
1880 5148 1978 5202 με·

330 5215 529 5292 γάλης·
573 5216 658 5272 Ἐν
694 5218 774 5287 τῷ
815 5214 1041 5287 ὀνόματι
1100 5214 1281 5283 Ἰησοῦ
1313 5218 1568 5290 Χριστοῦ,
1600 5216 1658 5270 ὃν
1692 5217 1744 5271 οἱ
1804 5217 1982 5292 παρά-

325 5326 491 5378 νομοι
550 5302 804 5364 Ἰουδαῖοι
865 5301 1204 5379 ἰσταύρωσαν
1273 5303 1360 5360 ἐπὶ
1423 5305 1655 5361 Ποντίου
1711 5305 1973 5375 Πιλάτου,

321 5393 583 5465 ἀνάστηθι
616 5394 750 5468 μετὰ
800 5393 1161 5465 σεμνότητος.
1219 5395 1314 5449 Καὶ
1371 5394 1640 5468 παρευθυς
1696 5396 1725 5450 6
1782 5398 1980 5471 ταῦρος

321 5480 452 5538 6'on
495 5481 684 5538 ἑαυτὸν
736 5481 966 5553 κίνήσας
1025 5480 1235 5552 ἀνέστη.
1298 5482 1400 5538 Καὶ
1459 5481 1627 5546 λύσας
1684 5483 1858 5539 αὐτοῦ
1913 5483 1980 5538 τὰ

397 5706 445 5745 ⁹⁴
472 5708 645 5766 Deut.
677 5722 858 5778 xxxii,
890 5708 980 5764 39.

2091 4702 2233 4742 vens
2274 4686 2549 4741 surrexit.
2608 4688 2793 4752 Quem
2852 4686 3131 4742 Silvester
3176 4686 3427 4741 vinculis
3483 4685 3740 4740 solutum

2091 4775 2255 4830 abire
2284 4774 2446 4830 unde
2493 4782 2734 4830 venerat
2792 4780 2851 4831 et
2904 4776 3064 4831 inter
3117 4774 3376 4830 eundum
3438 4773 3738 4829 neminem

2090 4863 2308 4919 laedere
2327 4863 2528 4936 jussit.
2563 4865 2683 4919 Hoc
2729 4870 2846 4920 tam
2903 4865 3113 4937 ingens
3162 4862 3512 4918 miraculum
3554 4861 3736 4916 Judaei

2093 4958 2430 5019 cernentes,
2463 4968 2649 5023 eoque
2672 4952 2947 5024 perculsi,
2971 4952 3171 5007 statim
3194 4967 3256 5005 se
3287 4950 3359 5006 ad
3382 4950 3561 5023 pedes
3582 4949 3739 5004 beati

2091 5041 2353 5097 Silvestri
2372 5040 2632 5095 universi
2689 5040 3057 5111 abjecerunt,
3089 5055 3158 5095 ac
3187 5045 3456 5094 sanctum
3514 5038 3739 5109 baptis-

2090 5146 2255 5186 mum
2289 5146 2427 5185 eum
2466 5129 2896 5200 ﬂagitaverunt.
2948 5129 3082 5199 Ipsa
3112 5144 3348 5199 quoque
3396 5127 3739 5183 felicissima

2088 5218 2296 5291 regina
2317 5217 2540 5273 Helena
2555 5217 2629 5273 ad
2660 5217 2840 5289 pedes
2863 5217 3128 5273 Silvestri
3160 5216 3393 5284 accidit,
3418 5216 3737 5287 locumque

2089 5307 2202 5361 sibi
2232 5306 2596 5378 pmnitentiae
2626 5306 2775 5363 495
2814 5305 3057 5361 concedi
3105 5306 3296 5378 petiit.
3346 5307 3427 5361 Eo
3457 5306 3609 5361 facto
3641 5322 3738 5361 ve—

2086 5394 2400 5450 hementer
2452 5396 2685 5470 gavisus
2742 5401 2831 5451 est
2885 5396 3207 5467 imperator
3252 5395 3467 5451 Christi
3527 5412 3735 5451 amans

2085 5482 2550 5557 beatissimaque
2581 5488 2842 5559 Augusta
2870 5490 2930 5540 et
2955 5490 3112 5541 totus
3141 5485 3417 5558 populus,
3455 5485 3743 5541 universi-

4160 1990 4161 2029 ί

4160 2038 4161 2063 ι

4159 2244 4161 2277 l

4160 2292 4161 2317 ι

4160 2474 4161 2535 l

4159 2548 4161 2597 ί

4160 2678 4161 2735 l

4160 2796 4161 2847 ί

4160 2882 4161 2935 l

4160 2956 4161 2995 ί

4160 3186 4161 3227 l

4160 1990 4161 2029 ί

4160 2038 4161 2063 ι

4159 2244 4161 2277 l

4160 2292 4161 2317 ι

4160 2474 4161 2535 l

4159 2548 4161 2597 ί

4160 2678 4161 2735 l

4160 2796 4161 2847 ί

4160 2882 4161 2935 l

4160 2956 4161 2995 ί

4160 3186 4161 3227 l

4160 3354 4161 3383 ί

4160 3392 4161 3421 l
