4194 6198
388 364 508 433 839

1755 362 2079 430 GEORGII
2123 364 2465 431 CEDRENI

3671 366 3793 432 5ιο

391 522 506 578 que
522 522 630 578 per
657 505 804 562 duas
850 504 1028 559 horas
1075 500 1374 558 vociferati
1424 504 1597 557 sunt:
1649 502 1891 573 Magnus
1949 505 2041 557 est

2175 501 2381 573 ῖεσμὰὸ
2421 502 2573 577 ἅγιος
2633 495 2965 577 Σίλϐεστρος
3018 497 3284 556 ἀπέλυσεν
3341 500 3529 569 αὑτὸν,
3590 501 3787 577 λέγων’

389 597 545 651 Deus
575 594 1068 649 Christianorum.
1108 592 1196 647 Ita
1223 590 1295 646 ab
1345 589 1622 645 omnibus
1668 589 2039 646 admirabilis

390 690 480 740 est
560 683 916 755 praedicatus
992 680 1469 738 Christianorum
1539 680 1694 735 Deus
1740 680 2038 752 hujusque

389 772 663 828 minister
692 772 900 827 beatus
933 770 1230 826 Silvester.
1262 769 1481 825 Eadem
1512 769 1659 824 hora
1688 769 1810 825 suis
1828 770 2036 840 praeci-

390 862 500 915 bus
531 864 773 916 sanctus
801 875 954 931 papa
996 859 1220 914 multos
1261 874 1299 914 a
1340 858 1679 914 daemonum
1731 858 2038 913 vexatione

386 949 694 1018 liberavit;
754 950 1047 1020 multique
1123 948 1227 1004 alii
1289 948 1483 1005 morbi
1541 948 1730 1004 sanati
1790 952 1929 1004 sunt
1981 948 2037 1002 vi

392 1041 627 1097 Domini
676 1040 865 1096 nostri
908 1042 1046 1095 Iesu
1101 1038 1336 1105 Christi,
1397 1038 1708 1111 magniﬁce
1763 1054 1871 1110 per
1900 1052 2038 1093 suos

392 1131 621 1203 agentis
653 1135 908 1186 sanctos.
942 1128 1240 1200 Baptizata
1268 1132 1468 1183 autem
1496 1127 1740 1183 Iudaica
1775 1126 2040 1183 multitu-

393 1221 531 1275 dine
555 1235 835 1292 magnum
864 1217 977 1272 fuit
1034 1219 1235 1273 Romae
1266 1222 1325 1271 et
1374 1217 1435 1271 in
1468 1221 1589 1272 tota
1644 1216 1859 1272 vicinia
1894 1232 2038 1289 gau-

395 1309 582 1363 dium.

2149 588 2392 664 Πορεύου
2416 589 2535 647 ὅθεν
2565 588 2752 660 ἦλθες,
2788 587 2993 663 μηδένα
3019 590 3157 646 κατὰ
3181 590 3281 658 τήν
3318 588 3445 645 ὁδὸν
3498 588 3784 661 ἀδικήσας.

2143 680 2317 754 Ὅπερ
2350 681 2490 757 μίγα
2520 685 2704 754 θαῦμα
2756 676 3014 735 Ἰουδαῖοι
3070 678 3388 752 θεασάμενοι
3444 679 3533 734 καὶ
3585 677 3796 758 σφόδρα

2144 766 2575 846 καταπλαγέντες
2626 769 2819 824 αὐτίκα
2909 768 3241 842 προσέπεσον
3310 768 3386 830 είς
3432 769 3560 831 τοὺς
3616 766 3791 831 πόδας

2141 861 2239 913 τοῦ
2268 857 2428 933 ἁγίου
2474 853 2806 933 Σιλόἑστρου
2863 857 3078 927 πάντες,
3141 856 3456 932 αἰτούμενοι
3513 857 3575 912 τὸ
3632 853 3790 939 ἅγιον

2147 945 2447 1021 βάπτισμα.
2480 944 2660 1002 Ἀλλᾶ
2685 947 2778 1002 καὶ
2807 944 2945 1019 αότή
2978 948 3014 1016 ἡ
3067 947 3453 1023 μακαριωτάτη
3490 945 3795 1021 βασίλισμα

2145 1034 2341 1106 Ἑλένη
2373 1039 2752 1110 προσπεσοῦσα
2785 1040 2910 1099 τοῖς
2938 1034 3068 1092 ποσὶ
3121 1034 3224 1090 τοῦ
3262 1032 3424 1111 ἁγίου
3456 1030 3792 1111 Σιλϐἑστρου

2146 1122 2507 1200 παρεκαλεῖτο
2559 1125 2728 1180 τόπον
2799 1126 2940 1201 αὐτῇ
3018 1125 3303 1200 μετανοίας
3360 1130 3797 1203 παῳσχεθῆναι,

2147 1214 2252 1272 Καὶ
2281 1214 2478 1271 τούτου
2508 1217 2804 1291 γενομένου
2836 1215 3012 1294 ἐχάρη
3071 1214 3325 1290 μεγάλως
3357 1213 3387 1270 8
3442 1235 3501 1271 τε
3530 1213 3794 1293 φιλόχρι-

2148 1323 2271 1366 στος
2307 1303 2563 1380 βασιλεὺς
2591 1304 2682 1360 καὶ
2729 1307 2764 1374 ἡ
2815 1304 3198 1380 μακαριωτάτη
3236 1305 3515 1382 Λύγοῦστα
3569 1304 3660 1359 καὶ
3689 1307 3796 1359 πᾶν

387 1397 451 1452 τὸ
480 1396 696 1465 πλῆθος
724 1399 821 1451 τοῦ
852 1393 1010 1462 λαοῦ,
1043 1394 1181 1450 ὥστε
1211 1394 1321 1464 ἐπὶ,
1351 1391 1497 1469 ὥρας
1524 1390 1621 1448 δύο
1650 1395 1863 1467 κράζειν
1895 1393 2156 1454 ἅπαντας·
2197 1396 2385 1469 Μέγας
2413 1395 2441 1449 6
2472 1395 2602 1457 Θεὸς
2642 1399 2751 1450 τῶν
2783 1397 3144 1469 Χριστιανῶν.
3190 1393 3289 1449 Καὶ
3320 1394 3496 1455 οὕτως
3550 1392 3792 1466 ἐθαυμα-

396 1484 578 1554 στώθη
614 1484 719 1539 ὑπὸ
749 1482 959 1538 πάντων
989 1483 1018 1536 6
1048 1482 1178 1544 Θεὸς
1204 1487 1314 1539 τῶν
1345 1484 1679 1556 Χριστιανῶν
1708 1482 1796 1537 καί
1831 1483 1860 1535 6
1890 1482 2086 1539 τούτου
2117 1482 2363 1556 θεράπων
2393 1477 2545 1557 ἅγιος
2594 1478 2942 1557 Σὶλὸεστρος.
2974 1484 3062 1540 Ἐν
3092 1481 3230 1557 αύτῇ
3286 1485 3355 1557 τῇ
3413 1480 3531 1558 ὥρᾳ
3584 1481 3792 1537 πολλοῖ

402 1572 772 1646 δαιμονῶντες
804 1571 1233 1647 ἐθεραπεύθησαν
1263 1569 1331 1626 δι’
1364 1570 1541 1647 εὐχῶν
1573 1575 1669 1626 τοῦ
1697 1570 1851 1645 ἅγίου
1880 1568 2054 1643 πάπα,
2110 1572 2202 1626 καὶ
2259 1570 2405 1627 ἄλλα
2435 1570 2493 1627 δί
2520 1573 2663 1644 πάθη
2697 1571 2884 1628 πολλὰ
2923 1572 3014 1628 καὶ
3041 1574 3190 1627 νόσοι
3248 1571 3670 1642 ἐκαθαρίσθησαν
3727 1576 3797 1647 τῇ

401 1660 627 1735 δυνάμει
657 1665 755 1717 τοῦ
786 1650 989 1737 Κυρίου
1014 1662 1175 1734 ἡμῶτ
1208 1663 1393 1731 Ἰησοῦ
1423 1662 1661 1737 Χριστοῦ
1689 1665 1786 1715 τοῦ
1846 1657 2266 1733 ἐνδοξαζομὲνου
2332 1658 2384 1716 ἐν
2450 1666 2566 1723 τοῖς
2620 1661 2798 1739 ἁγίοις
2859 1661 3047 1718 αὐτοῦ.
3107 1664 3217 1719 Τοῦ
3271 1658 3329 1717 δὲ
3393 1661 3642 1731 πλήθους
3695 1663 3805 1714 τῶν

394 1748 673 1807 Ἰουδαίων
710 1748 1096 1826 βαπτισθέντος
1132 1750 1333 1824 μεγὲλη
1368 1750 1513 1826 χαρὰ
1540 1748 1750 1825 γέγονεν
1780 1747 1833 1803 ἐν
1860 1747 2005 1823 πάσῃ
2033 1754 2103 1824 τῇ
2124 1751 2313 1825 Ῥώμῃ
2347 1752 2437 1805 καί
2468 1754 2535 1825 τῇ
2565 1752 2867 1827 περιχώρῳ
2897 1748 3086 1821 αὓτῆς.

470 1844 641 1896 Anno
699 1841 933 1912 imperii
989 1841 1357 1896 Constantini
1416 1842 1484 1895 14
1550 1844 1610 1895 et
1668 1843 1731 1894 I5
1791 1839 2049 1896 Licinius

2225 1844 2318 1911 Τῷ
2361 1837 2429 1894 ιδ’
2455 1840 2547 1894 καὶ
2581 1842 2640 1894 ιε’
2670 1833 2775 1895 ἔτει
2810 1839 3056 1904 Λικίνιος
3110 1837 3313 1912 ἤρξατο
3371 1838 3507 1894 κατὰ
3538 1842 3804 1913 Χριστια-

404 1935 711 2002 pactorum
746 1930 987 2000 oblitus,
1040 1929 1517 2002 persecutionem
1553 1928 1834 1985 adversus
1885 1927 2052 1983 Chri-

403 2021 631 2075 stianos
690 2020 930 2074 molitus
987 2024 1096 2075 est.
1157 2020 1341 2084 Quem
1400 2033 1508 2089 per
1562 2018 1792 2073 litteras
1849 2017 2053 2073 offflcii

404 2125 654 2165 monens
686 2109 1130 2177 Constantinus,
1166 2114 1231 2164 ut
1260 2125 1296 2164 a
1336 2107 1564 2163 malitia
1593 2107 1907 2163 desisteret
1936 2122 2056 2163 non

405 2199 720 2270 persuasit.

478 2289 661 2343 Annis
696 2290 781 2354 16,
818 2291 882 2342 17
917 2292 975 2343 et
1035 2289 1098 2342 l8
1156 2303 1250 2342 res
1285 2288 1493 2342 contra
1548 2286 1801 2358 impium
1850 2285 2057 2340 Arium

408 2382 572 2448 gesta
601 2381 710 2444 est,
754 2377 1219 2447 concilliumque
1252 2390 1486 2431 sacrum
1537 2375 1797 2447 primum
1831 2391 1903 2429 ex
1932 2378 2057 2428 toto

407 2471 700 2522 terrarum
780 2466 922 2522 orbe
997 2465 1405 2533 collectorum,
1483 2480 1614 2536 quas
1688 2461 2055 2518 necumenica

403 2555 947 2621 nominantGrreci,
1008 2554 1237 2621 Nicaeae,
1299 2568 1334 2608 a
1390 2554 1491 2607 318
1549 2552 1770 2607 sanctis
1827 2567 1895 2607 ac
1953 2551 2059 2606 Dei

414 2646 627 2718 spiritu
654 2645 851 2717 plenis
870 2645 1143 2701 Patribus
1168 2644 1554 2711 celebratum,
1579 2643 1783 2698 Arium
1802 2642 2051 2714 ejusque

406 2740 728 2791 sectatores
750 2733 1115 2806 proscripsit.
1158 2734 1324 2788 Tunc
1355 2732 1681 2803 imperator
1736 2731 1917 2786 etiam
1950 2745 2060 2784 eos

410 2823 510 2894 qui
541 2822 879 2877 Iudaeorum
922 2837 1082 2875 more
1141 2821 1368 2875 Pascha
1423 2818 1825 2889 celebrabant,
1878 2833 2061 2891 opera

411 2910 772 2967 sanctissimi
803 2909 1087 2965 Corduba:
1145 2909 1405 2981 episcopi
1436 2908 1732 2974 inhibuit;
1800 2911 1861 2964 et
1914 2908 2059 2963 Con-

412 3004 671 3056 stantem
730 2999 920 3055 ﬁlinm
985 3012 1160 3053 suum
1228 2999 1519 3053 Cmsarem
1567 2997 1941 3070 designatum
1998 2996 2060 3051 in

415 3089 634 3145 Gallias
663 3088 845 3144 misit.
879 3092 1009 3160 Ipse
1066 3088 1180 3143 isto
1233 3090 1501 3157 tempore
1554 3086 1898 3142 recordatus
1941 3085 2061 3142 sibi

2155 1932 2263 1982 νῶν
2296 1924 2538 2001 διωγμόν
2569 1932 2752 1997 κινεῖν,
2786 1926 2966 1999 λήθην
2998 1923 3184 1983 λαϐὼν
3204 1931 3313 1982 τῶν
3376 1926 3798 2003 προγεγονότων

2159 2021 2459 2087 συνθηκῶν.
2511 2021 2710 2072 Τοῦτον
2754 2014 2842 2072 διὰ
2865 2018 3202 2093 γραμμάτων
3260 2021 3525 2082 νουθετῶν
3559 2017 3588 2071 ὁ
3622 2013 3809 2091 Μέγας

2160 2108 2559 2167 Κωνσταντῖνος
2591 2107 2890 2176 ἀποστῆναι
2919 2108 3019 2176 τῆς
3041 2105 3231 2169 κακίας
3269 2104 3372 2161 οὐκ
3400 2102 3596 2164 ἔπεισε.

2231 2287 2316 2358 [P.
2348 2286 2474 2360 283]
2503 2288 2596 2358 Τῷ
2628 2286 2692 2350 ις’
2719 2286 2810 2340 καὶ
2842 2286 2906 2355 ιζ’
2934 2284 3024 2340 καὶ
3081 2291 3151 2357 ιη’
3178 2280 3283 2340 ἔτει
3311 2285 3379 2340 τὰ
3423 2285 3562 2339 κατὰ
3593 2285 3806 2362 ’Δρείου

2161 2376 2259 2429 τοῦ
2290 2368 2579 2437 δυσσεϐοῦς
2624 2373 2898 2454 ἐπράχθη,
2937 2374 3026 2429 καὶ
3055 2376 3089 2443 ἡ
3120 2376 3175 2429 ἓν
3225 2373 3423 2446 Νικαίᾳ
3458 2374 3651 2448 πρώτη
3683 2374 3808 2449 ἁγία

2160 2462 2252 2517 καὶ
2305 2462 2662 2536 οίκουμενικὴ
2713 2460 2935 2526 σύνοδος
2984 2468 3091 2518 τῶν
3157 2462 3486 2538 τριακοσίων
3536 2461 3811 2518 δεκαοκτὼ

2164 2551 2334 2630 ἁγίων
2363 2552 2638 2632 θεοφόρων
2680 2547 2930 2627 Ιῐατέρων
2989 2550 3224 2626 ἐγένετο,
3273 2551 3397 2629 ἥτις
3452 2553 3542 2606 τὸν
3593 2552 3812 2628 Ἀρειον

2164 2639 2417 2702 καὶτοὺς
2465 2641 2776 2716 ὁμόφρονας
2834 2640 2999 2696 αὐτοῦ
3028 2642 3425 2713 ἆνεθεμάτισεν.
3486 2641 3574 2696 Ἐν
3628 2639 3812 2715 τούτῳ

2163 2731 2257 2785 καὶ
2291 2731 2419 2793 τοὺς
2452 2727 2763 2792 Ἰουδαϊκῶς
2813 2730 2877 2786 τὸ
2933 2730 3128 2806 Πάσχα
3184 2729 3537 2804 ἑορτάζοντας
3567 2727 3657 2784 διὰ
3707 2733 3806 2785 τοῦ

2166 2818 2468 2874 ὁσιωτάτου
2552 2818 2848 2876 ἐπισκόπου
2925 2814 3246 2894 Κοδρούόης
3302 2822 3412 2894 (80)
3497 2817 3809 2896 ἐπέστρεψε

2167 2908 2257 2963 καὶ
2285 2909 2604 2970 Κώνςταντα
2655 2909 2750 2964 τὸν
2807 2907 2923 2964 υίὸν
2982 2907 3147 2964 αὐτοῦ
3201 2903 3623 2985 προϐαλόμενος
3678 2907 3817 2965 Καί-

2169 3017 2304 3075 σαρα
2332 2998 2407 3060 εἰς
2439 2996 2675 3060 Γαλλίας
2725 2997 3059 3055 ἀπέστειλεν.
3094 2997 3182 3054 Ἐν
3236 2998 3457 3061 ταύταις
3520 3003 3642 3060 ταῖς
3670 2998 3818 3073 ᾐμέ-

2170 3107 2290 3161 ραις
2347 3085 2425 3151 εἷς
2500 3089 2721 3161 μνήμην
2799 3081 3017 3163 ἔρχεται
3073 3090 3171 3142 τοῦ
3223 3086 3523 3166 γενομένου
3577 3085 3818 3158 πλησίον

414 3178 715 3252 quondam
736 3195 919 3252 prope
939 3180 1186 3235 Romam
1218 3177 1279 3233 in
1311 3178 1534 3233 somnis
1564 3193 1597 3232 a
1628 3176 1876 3232 Domino
1898 3192 2059 3232 man-

2175 3174 2390 3249 Ῥώμης
2450 3174 2554 3231 ὑπὸ
2628 3177 2726 3231 τοῦ
2811 3174 3011 3250 Κυρίου
3081 3175 3218 3252 πρὸς
3284 3175 3442 3231 αὐτὸν
3499 3174 3635 3231 κατᾶ
3689 3174 3819 3238 τοὺς

415 3271 617 3326 datum
637 3270 725 3325 uti
746 3286 815 3324 eo
844 3268 998 3338 loco,
1027 3284 1203 3339 quem
1233 3267 1361 3339 ipse
1391 3266 1445 3322 ei
1478 3270 1636 3322 esset
1668 3265 2057 3331 indicaturus,

412 3359 566 3415 496
588 3359 689 3414 Dei
721 3357 1070 3432 genenitrici
1087 3356 1293 3412 urbem
1319 3354 1769 3420 conderet,dum
1790 3355 2062 3427 regiones

412 3449 558 3503 istas
601 3452 661 3502 et
680 3447 809 3503 loca
835 3445 1290 3518 contemplatur,
1343 3443 1823 3500 Thessalonicam
1884 3443 2060 3499 venit.

414 3538 538 3602 Quo
564 3535 691 3591 loco
739 3535 1087 3601 delectatus,
1140 3533 1452 3590 biennium
1509 3533 1590 3588 ibi
1640 3536 2061 3601 commoratus,

419 3625 629 3681 urbem
642 3623 1245 3698 magniﬁcistemplis,
1269 3623 1500 3678 balneis
1521 3627 1579 3677 et
1610 3621 2064 3694 aquaaductibus

418 3716 737 3772 exornavit.
769 3715 903 3783 Sed,
934 3719 1101 3786 peste
1150 3714 1492 3786 ingruente,
1525 3728 1658 3768 eam
1683 3711 2058 3783 relinquens,

416 3805 558 3859 inde
587 3803 1020 3859 Chalcedonem
1050 3802 1341 3875 Bithynia
1394 3800 1603 3857 urbem
1654 3817 1715 3856 se
1773 3800 2063 3869 contulit;

416 3909 670 3965 eamque
702 3893 829 3948 solo
860 3896 1216 3964 prostratam
1237 3908 1271 3948 a
1291 3891 1487 3946 Persis
1508 3890 1816 3946 inveniens
1846 3890 2068 3945 instau-

419 3999 551 4039 rare
582 3998 890 4057 aggressus
920 3986 1029 4037 est.
1076 3981 1283 4037 Statim
1326 3986 1525 4035 autem
1572 3979 1786 4051 aquila;
1838 3979 2067 4051 lapides

416 4072 603 4129 fabris
633 4075 867 4144 ereptos
898 4071 973 4126 ad
1016 4070 1227 4126 urbem
1278 4069 1624 4142 Byzantium
1664 4069 2065 4140 projecernnt.

416 4161 482 4216 Id
529 4177 666 4217 cum
697 4175 1105 4231 saapenumero
1166 4158 1337 4213 ﬂeret
1384 4157 1772 4227 omniumque
1837 4156 2067 4212 animos

422 4264 744 4320 suspensos
767 4245 1270 4317 teneret,quidam
1299 4244 1598 4317 regiorum
1632 4244 2066 4313 ministrorum,

420 4339 748 4409 Euphratas
778 4337 1040 4401 nomine,
1075 4336 1384 4408 explicavit
1419 4351 1570 4402 rem,
1619 4350 1833 4407 nempe
1882 4336 2069 4391 Deum

421 4426 505 4479 ibi
536 4426 685 4480 velle
714 4425 922 4480 urbem
950 4441 1071 4480 sua;
1100 4424 1268 4479 Matri
1300 4423 1496 4479 condi.
1520 4424 1850 4495 Imperator
1869 4424 2068 4479 statim

422 4514 657 4586 trajecit
684 4530 791 4580 eo;
836 4528 1091 4584 cumque
1121 4512 1319 4568 locum
1350 4513 1707 4584 inspexisset
1734 4518 1794 4568 et
1820 4513 2070 4585 probas-

2170 3263 2371 3325 ὕπνους
2398 3263 2840 3340 προστάγματος,
2880 3262 3013 3333 ὅπερ
3068 3265 3135 3333 ἦν
3191 3262 3452 3341 λὲγοντος
3511 3260 3821 3336 οἰκοδομῆ-

2174 3354 2359 3424 σαιτῇ
2417 3353 2666 3425 Θεοτόκῳ
2720 3351 2883 3409 πόλιν
2912 3354 3026 3427 (81)
3057 3352 3109 3409 ἐν
3161 3353 3207 3425 ᾧ
3257 3352 3411 3426 τόπῳ
3469 3352 3631 3415 αὐτὸς
3680 3354 3822 3408 ὁποι

2176 3441 2330 3517 δείξω
2366 3463 2471 3501 σοι.
2505 3440 2702 3512 Καὶδή
2753 3443 2821 3498 τὰ
2875 3444 3011 3499 κατά
3061 3445 3248 3520 χώραν
3280 3443 3370 3499 καὶ
3423 3442 3626 3508 τόπους
3679 3443 3828 3519 ἐρευ-

2174 3536 2281 3588 νῶν
2311 3535 2380 3607 τῇ
2412 3529 2780 3608 Θεσσαλονῖκῃ
2814 3528 3132 3603 ἐπιϐαίνειν,
3162 3531 3251 3587 καὶ
3289 3536 3369 3605 τῷ
3396 3531 3551 3605 τόπῳ
3580 3531 3825 3607 ὁρεσθεὶς

2177 3618 2296 3676 δυσὶ
2357 3620 2580 3697 χρόνοις
2645 3620 2758 3677 ἐκεῖ
2806 3616 3093 3698 διατρίϐει.
3150 3620 3330 3684 Ναοὺς
3382 3641 3441 3678 τε
3493 3621 3829 3696 θαυμασίους

2174 3711 2266 3766 καὶ
2323 3709 2529 3784 λουτρὰ
2583 3710 2673 3765 καί
2729 3707 2937 3766 ὑδάτων
2997 3710 3298 3789 είσαγωγὰς
3361 3711 3832 3784 κατασγευασάμε-

2176 3820 2287 3862 νος,
2322 3799 2396 3862 ὡς
2427 3797 2540 3855 εἶδε
2588 3797 2786 3874 λοιμὸν
2845 3797 3244 3875 ἐπιγενόμενον,
3274 3800 3478 3870 ταύτην
3515 3799 3609 3873 μὲν
3660 3819 3831 3854 κατα-

2179 3887 2463 3961 λιμπάνει,
2495 3887 2582 3942 ἐπὶ
2614 3884 2672 3943 δὶ
2720 3886 2821 3957 τὴν
2887 3888 3127 3943 Βιθυνῶν
3188 3883 3518 3958 Χαλκηδόνα
3580 3885 3827 3963 ἔρχεται,

2181 3976 2285 4033 ὑπὸ
2340 3981 2447 4032 τῶν
2503 3980 2724 4051 Περσῶν
2806 3973 3233 4056 ἔξηδαφισμὲνην
3312 3975 3482 4051 εὒρὼν
3544 3974 3834 4031 ἀνοικοδο-

2185 4071 2301 4139 μεῖν
2332 4063 2558 4141 ἥρξατο.
2618 4065 2720 4122 Καὶ
2768 4062 2971 4127 εὖθέως
3016 4064 3165 4120 ἀετοὶ
3216 4063 3345 4128 τοὺς
3399 4069 3507 4121 τῶν
3564 4069 3832 4143 τεχνιτῶν

2183 4152 2371 4214 λίθους
2454 4153 2782 4230 ἁρπάζοντες
2882 4158 2960 4225 τῷ
3045 4153 3324 4226 Βυζαντίῳ
3406 4153 3831 4231 προσέῤῥιπτονο

2181 4242 2391 4301 Τούτου
2425 4238 2483 4297 δὶ
2509 4240 2782 4305 πολλάκις
2839 4241 3132 4318 γενομένου
3202 4243 3306 4298 ὑπὸ
3362 4243 3580 4298 πάντων
3638 4240 3837 4299 διαπο-

2186 4332 2473 4407 ρουμένου,
2508 4332 2585 4393 εἷς
2638 4336 2745 4386 τῶν
2800 4331 3250 4407 ὑπηρετουμένων
3305 4336 3385 4404 τῷ
3452 4331 3670 4407 βασιλεῖ
3727 4331 3833 4389 E6-

2183 4425 2388 4499 φρατᾶς
2416 4419 2713 4496 λεγόμενος
2745 4417 3062 4500 διεσάφησεν
3113 4419 3329 4483 ὡςέκεῖ
3381 4420 3542 4500 φίλον
3593 4420 3706 4477 ἐστί
3754 4424 3834 4495 τῷ

2185 4515 2301 4583 Θεῷ
2329 4513 2400 4584 τῇ
2450 4509 2634 4585 Μητρὶ
2680 4511 2848 4565 αὐτοῦ
2884 4515 3167 4580 κτισθῆναι
3223 4509 3408 4569 πόλιν.
3468 4510 3681 4573 Εὐθέως
3740 4510 3835 4565 οὗν

425 4567 955 4675 se'tjvliupbrat—am
994 4567 1202 4673 Ioperi
1278 4567 1547 4673 praeﬁcit,
1595 4567 1841 4674 magnis

2179 4567 2646 4677 διαίτεράσαςίθίαὶ
2685 4598 2779 4654 τὸν
2834 4567 3290 4654 τόποντκατιδὼν
3344 4567 3433 4655 καὶ
3492 4567 3837 4673 ἀποδεξάμε-

423 4692 751 4765 opibusque
782 4691 1159 4747 instructum.
1192 4692 1323 4763 Ipse
1356 4690 1417 4745 in
1448 4692 1657 4746 Persas
1708 4692 2067 4763 proﬁcistur.

417 4783 503 4838 lbi
535 4799 670 4839 cum
702 4782 757 4837 in
788 4781 1050 4836 hostium
1083 4796 1291 4835 manus
1321 4779 1676 4845 devenisset,
1709 4780 1908 4836 divina
1936 4796 2069 4852 pro-

418 4872 680 4930 videntia
708 4875 1063 4943 procurante
1111 4886 1212 4925 eas
1268 4869 1490 4941 effugit,
1524 4884 1592 4924 ac
1621 4867 1696 4923 ad
1728 4868 2067 4941 Byzantium

2176 4707 2290 4757 νος,
2356 4688 2448 4743 τὸν
2508 4686 2792 4767 Εὖφρατᾶν
2848 4686 3142 4758 ἐπιστάτην
3188 4691 3287 4742 τοῦ
3341 4683 3503 4764 ἔργου
3548 4685 3829 4761 καταλιμ-

2175 4782 2330 4832 πάνει
2365 4778 2500 4849 μετᾶ
2559 4779 2773 4855 βαρείας
2827 4775 3105 4850 δυνάμεως
3151 4777 3241 4833 καὶ
3280 4778 3525 4834 πλούτου
3582 4777 3826 4835 πολλοῦ.

2178 4867 2283 4923 Καὶ
2326 4866 2486 4931 αὐτὸς
2549 4866 2802 4945 βασιλεὺς
2855 4868 2993 4923 κατά
3049 4866 3268 4944 Περσῶν
3314 4865 3612 4942 ἀποδημεῖ.
3662 4870 3830 4932 Ἔνθα

1630 5023 1991 5079 XYLANDBI
2025 5025 2113 5081 ET
2150 5024 2363 5080 GOARI
2400 5025 2622 5081 NOTAE.

495 5145 610 5216 (80)
666 5142 866 5216 Scribe
900 5185 913 5211 ,
972 5132 1296 5216 Κορδούϐης
1326 5180 1339 5193 .
1421 5136 1705 5216 Loquitur
1787 5137 1859 5192 de
1936 5138 2072 5194 Osio

421 5209 710 5272 Cordubae
743 5209 1042 5286 episcopo,
1057 5209 1212 5286 'viro
1228 5226 1465 5286 magnae
1478 5280 1488 5286 ἡ
1501 5209 1614 5286 isto
1670 5213 1935 5286 tempore
1945 5281 1955 5286 _
1967 5225 2073 5286 au-

423 5288 735 5347 ctoritatis.
779 5280 852 5342 ut
900 5280 971 5341 ei
1003 5282 1257 5341 Eusebio
1299 5289 1357 5337 et
1386 5280 1631 5353 reliquis
1687 5280 2075 5353 scriptoribus

426 5357 847 5414 ecclesiasticis
908 5362 1117 5411 notum
1171 5360 1279 5410 est.
1332 5351 1475 5409 Vide
1520 5350 1641 5409 hac
1677 5350 1747 5407 de
1777 5350 1841 5407 re
1872 5353 2074 5409 Socra-

426 5434 545 5483 tem
574 5447 614 5495 ι,
644 5433 678 5495 7
721 5434 779 5495 et
805 5431 860 5495 9,
921 5428 1143 5482 Sozom.
1196 5441 1233 5491 ι,
1271 5426 1357 5487 16,
1417 5423 1835 5479 Theodoritum
1871 5441 1905 5493 ι,
1936 5424 2076 5495 ΧΠ..

424 5530 493 5571 τ-
526 5490 862 5571 Κορδούϐηςζ
919 5490 1308 5571 Theophanes
1367 5511 1625 5571 quoque
1662 5495 1785 5571 vice
1846 5490 2079 5571 ιίρρδοά.

422 5564 545 5638 6ης,
569 5564 742 5641 juxta
781 5564 1100 5641 receptum'
1139 5583 1204 5641 ι)ΖΔ
1228 5564 1446 5641 Graecis
1492 5564 1805 5641 modernis
1851 5564 2080 5641 litteras

2182 5135 2405 5266 ἒαρδίαν
2465 5144 2524 5194 et
2579 5134 2874 5215 ἀμύγδαλα
2946 5139 3347 5212 pronuntiant
3424 5145 3481 5196 et
3547 5140 3838 5198 scribunt.

2231 5226 2360 5266 οΑιι.

2231 5226 2360 5266 οΑιι.

2255 5284 2384 5354 (8η
2426 5281 2573 5337 Hinc
2630 5287 2697 5354 ut
2749 5281 3015 5354 Deiparm
3090 5281 3285 5354 dicata
3349 5280 3613 5354 θεότοκου
3668 5281 3836 5347 πόλις

2232 5350 2751 5429 υυιιᾰοιιυεηεὶουι
2779 5350 3456 5429 ειξΚωνσταντινούπολις
3494 5354 3726 5429 legitur.
3755 5358 3842 5415 Ita

2244 5440 2475 5479 enaeum
2506 5424 2723 5498 2Maii,
2757 5425 2945 5498 cujus
2965 5425 3368 5498 anniversario
3401 5424 3495 5498 die
3553 5424 3843 5485 redeunte

2188 5511 2297 5620 per
2326 5500 2513 5577 totum
2543 5496 2845 5551 Orientem
2861 5496 3239 5552 celebrantur
3268 5497 3553 5565 encaenia,
3586 5514 3841 5580 quorum

2236 5571 2505 5620 istoriam
2560 5568 2693 5620 festi
2751 5568 3017 5620 eiusdem
3069 5568 3451 5620 Svnaxariam
3492 5569 3752 5620 exhibet.
3786 5578 3841 5620 et

2236 5566 2505 5621 istoriam
2560 5568 2693 5621 festi
2751 5568 3451 5640 ejusdemisynaxariam
3492 5566 3754 5640 exhibet,
3786 5578 3847 5626 et

418 5633 847 5713 transponendi
874 5633 1120 5694 rnorem.
1152 5637 1244 5692 Sic
1269 5633 1491 5709 κραδίαν
1536 5645 1595 5692 et
1638 5634 1928 5710 ἀμύγλαδα
1954 5638 2080 5692 loco
2191 5638 2445 5693 Zonaras
2475 5633 2901 5694 commemorat
2931 5639 2993 5692 in
3022 5633 3430 5697 Constantino.
3464 5640 3639 5697 Goaa.
