4186 6198
451 334 572 395 543

1804 331 2123 394 GEORGII
2167 332 2512 398 GEDRENI

3752 332 3871 390 δα

454 468 607 524 498
668 469 985 539 omniaque
1017 465 1295 535 restituit,
1329 470 1386 519 et
1428 466 1652 537 templa
1682 466 1755 520 iis
1785 466 1934 521 locis
1961 466 2107 521 mdi-

2229 467 2408 540 Ξτγίους
2445 470 2643 531 τόπους
2694 469 3041 547 φανερώσασα
3094 469 3186 524 καὶ
3242 469 3335 524 τὸν
3395 468 3583 539 τίμιον
3640 464 3868 539 σταυρὸν

461 559 652 613 ticavit
681 576 747 612 ac
797 556 1104 627 splendide
1168 556 1489 610 exornavit.
1522 557 1602 609 Eo
1664 561 1890 626 tempre
1948 555 2108 610 Con-

463 649 757 703 stantinus
795 647 983 701 aedem
1032 647 1087 701 S.
1124 645 1373 716 Sephiie,
1432 645 1493 700 id
1552 651 1641 700 est
1686 645 2020 716 Sapientiae,
2055 650 2113 700 et

552 741 759 801 Irenae,
793 735 853 789 id
885 740 975 789 est
1024 734 1214 802 Pacis,
1247 739 1305 788 et
1356 735 1451 789 SS.
1512 735 1952 805 Apostolorum,
1986 739 2110 789 tum

457 827 768 881 beatorum
803 825 991 893 Mocii,
1022 830 1079 879 et
1109 824 1483 896 Agathonici,
1517 830 1576 880 et
1623 825 1927 896 copiarum
1957 842 2114 896 prie-

457 916 595 971 fecti
628 916 689 969 in
724 914 951 984 Anaplo
983 919 1040 968 et
1071 914 1381 969 Sosthenio
1434 914 1760 980 exstruxit;
1791 914 1891 969 ubi
1932 914 2112 969 etiam

460 1003 812 1060 miraculose
845 1003 1067 1058 audivit
1096 1002 1426 1058 divinarum
1467 1020 1673 1058 vocum
1705 1004 1904 1059 omina
1934 1008 2112 1074 atque

458 1095 621 1150 vidit.
653 1093 836 1148 Iussit
861 1094 1038 1148 etiam
1085 1093 1420 1147 Graecorum
1475 1093 1812 1148 simulacris
1843 1093 2114 1149 dedicata

460 1186 600 1240 fana
629 1183 875 1246 destrui,
912 1198 1236 1252 eorumque
1269 1182 1496 1236 reditus
1542 1182 1780 1253 templis
1830 1182 2112 1237 Christia-

463 1290 677 1328 norum
727 1290 761 1327 a
815 1288 875 1326 se
929 1272 1234 1326 aediﬁcatis
1288 1270 1533 1326 addixit.
1590 1273 1705 1325 lloc
1754 1272 2110 1342 imperatore

464 1361 635 1419 multi
704 1360 904 1432 populi
991 1360 1385 1414 Christianam
1449 1360 1797 1431 religionem
1856 1359 2112 1429 amplexi

463 1457 621 1519 sunt,
654 1450 951 1505 Celtarum
1002 1454 1060 1503 et
1090 1448 1391 1503 Gallorum
1451 1448 1931 1515 occidentalium,
1988 1454 2113 1502 tum

460 1540 591 1597 Indi
642 1539 958 1595 interiores
1016 1537 1334 1607 lberesque
1392 1542 1448 1592 et
1508 1536 1791 1603 Armenii,
1843 1536 2111 1591 Teridate

462 1633 591 1701 ejus
623 1630 703 1684 rei
737 1629 1020 1700 principe.
1054 1630 1215 1683 Tunc
1267 1629 1427 1683 enim
1482 1629 1792 1700 Gregorius
1843 1644 2109 1696 magnus,

461 1719 755 1774 Armeniae
774 1734 999 1789 magnae
1032 1717 1364 1788 episcopus,
1398 1735 1466 1772 ex
1507 1717 1757 1772 terribili
1809 1717 1920 1771 isto
1979 1716 2111 1772 lacu

2216 559 2445 632 εὑροῦσα
2505 562 2675 616 πάντα
2731 561 3029 631 ἀνέστησε,
3080 559 3171 615 καὶ
3235 560 3398 619 ναοὺς
3460 555 3869 629 οἶκοδομήσασα

2215 645 2270 701 ἒν
2365 647 2548 712 αὐτοῖς
2627 653 2937 727 περιφανῶς
3019 648 3244 710 τούτους
3320 643 3720 705 ἐκαλλώπισεν.
3780 645 3865 700 Ἐν

2215 735 2433 801 τούτοις
2459 742 2575 801 τοῖς
2607 743 2822 813 καιροῖς
2848 739 2940 793 τὸν
2973 739 3100 793 ναὸν
3138 744 3237 806 τῆς
3275 734 3464 813 Ἀγίας
3519 735 3750 811 Σοφίας,
3780 733 3865 787 καὶ

2213 831 2315 890 τῆς
2344 826 2532 901 Ἀγίας
2575 826 2836 902 Εῗρήνης,
2866 828 2957 882 καὶ
2985 831 3093 882 τῶν
3118 826 3320 902 Ἀγίων
3354 822 3729 891 Ἀποστόλων,
3779 822 3865 875 καὶ

2214 918 2313 969 τοῦ
2344 916 2531 988 Ἀγίου
2562 917 2808 985 Μωκίου,
2838 915 2928 971 καὶ
2960 920 3055 971 τοῦ
3095 916 3278 990 Ἀγίου
3338 912 3721 989 Ἀγαθονίκου,
3779 911 3864 964 καὶ

2215 1007 2312 1057 τοῦ
2342 1003 2786 1079 ἀρχιστρατήγου
2818 1009 2929 1078 (86)
2962 1005 3013 1059 ἐν
3073 1009 3153 1077 τῷ
3185 1001 3442 1075 Ἀνάπλῳ
3498 1001 3591 1056 καὶ
3652 1002 3863 1054 Σωσθε-

2216 1093 2335 1166 νίῳ,
2394 1089 2520 1159 ἔνθα
2579 1097 2669 1150 καὶ
2728 1096 2873 1158 θείας
2933 1097 3116 1172 ἀμφᾶς
3177 1098 3499 1167 θαυμαστῶς
3554 1091 3757 1161 ἤκουσέ
3811 1111 3867 1145 τε

2216 1183 2306 1238 καὶ
2369 1184 2622 1239 ἐθεάσατο
2676 1186 2704 1239 ὁ
2758 1185 3120 1263 φιλόχριστος
3182 1182 3456 1258 βασιλεὺς,
3516 1178 3865 1254 ᾠκοδόμησε.

2215 1270 2355 1334 Τοὺς
2386 1270 2443 1327 δὲ
2468 1278 2577 1327 τῶν
2627 1271 2909 1344 Ἐλλήνων
2970 1270 3295 1331 ετδωλικοῦς
3355 1269 3515 1331 ναοὺς
3574 1269 3868 1339 προσέταξε

2213 1360 2571 1416 καταλύεσθαι
2629 1361 2717 1417 καὶ
2783 1360 3077 1430 ἐκκλησίας
3144 1358 3576 1433 οἰκοδομεῖσθαι,
3633 1358 3723 1412 καὶ
3773 1357 3867 1418 τὰς

2215 1449 2421 1503 τούτων
2510 1448 2815 1526 προσόδους
2867 1451 3055 1513 αὐταῖς
3113 1448 3425 1520 δωρεῖσθαιο
3491 1450 3615 1505 Ἑπί
3671 1447 3866 1501 τούτου

2214 1542 2310 1591 τοῦ
2347 1538 2614 1613 βασιλέως
2671 1539 2856 1595 πολλὰ
2911 1543 3019 1594 τῶν
3076 1538 3241 1594 ἐθνῶν
3298 1539 3388 1594 τὸν
3443 1535 3866 1609 Χριστιανισμὸν

2212 1623 2597 1700 προσεδέξαντο
2631 1672 2645 1697 ,
2711 1627 2818 1683 ἀπό
2867 1649 2925 1682 τε
2992 1627 3213 1684 Κελτῶν
3271 1624 3364 1681 καί
3421 1623 3679 1680 Γαλατῶν
3756 1628 3862 1678 τῶν

2213 1716 2497 1789 ἑσπερίων·
2530 1716 2678 1773 ἀλλὰ
2731 1718 2823 1773 καὶ
2880 1714 3041 1775 Ἰνδοὶ
3101 1718 3156 1772 οἱ
3205 1714 3492 1790 ἐνδοτέρω,
3541 1710 3763 1790 Ἴϐηρές
3811 1734 3868 1767 τε

465 1809 710 1864 eductus
742 1807 813 1863 ad
847 1824 1040 1879 regem
1073 1807 1405 1862 Teridatem
1451 1807 1719 1872 accessit,
1754 1812 1810 1860 et
1839 1806 2114 1861 universa

2229 1804 2306 1860 rati
2339 1806 2615 1880 Ἀρμένιοι
2662 1807 2863 1885 ἀρχὴνκ
2902 1806 2962 1862 ἐκ
3016 1803 3331 1880 Τηριὸἀτου
3388 1799 3667 1864 λαϐόντες.
3730 1805 3869 1860 Τότε

463 1897 821 1952 Armeniain
854 1895 1069 1951 Christi
1098 1897 1275 1951 ﬁdem
1308 1896 1640 1962 concessit;
1682 1912 1792 1949 nec
1822 1912 1943 1949 non
1976 1896 2113 1949 Per-

471 2004 572 2053 sae,
604 1986 875 2041 Simeone
900 1986 1174 2057 episcopo
1208 2002 1307 2039 eos
1340 1985 1607 2039 docente.
1647 1984 1758 2039 Sed
1790 1989 1849 2038 et
1870 1985 2116 2039 Uthaxa-

468 2075 577 2129 dus
610 2075 938 2141 eunuchus,
969 2074 1204 2145 Saporis
1234 2076 1544 2128 Persarum
1568 2072 1719 2143 regis
1741 2073 2111 2145 paedagogus,

467 2166 541 2219 ob
574 2164 922 2220 Christianae
954 2163 1257 2235 religionis
1289 2161 1727 2217 confessionem
1758 2162 1996 2231 capitali
2029 2166 2118 2216 est

475 2256 720 2310 affectus
754 2251 1063 2325 supplicio.

540 2529 962 2585 Constantinus
1002 2544 1201 2599 porro,
1236 2543 1371 2582 cum
1429 2526 1482 2581 ei
1539 2525 1877 2598 philosophi
1936 2526 2118 2579 Graeci

473 2618 901 2690 exprobrarent
931 2616 1088 2687 quod
1132 2616 1473 2688 religionem
1517 2616 1876 2682 innovasset,
1909 2630 2118 2685 quem-

474 2709 611 2763 dam
644 2707 1133 2777 philosophorum
1156 2704 1228 2759 ad
1269 2703 1690 2774 disputandum
1720 2704 1791 2757 de
1839 2703 1953 2757 ﬁde
1985 2720 2119 2757 cum

472 2794 810 2849 Alexandro
843 2795 1119 2863 episcopo
1161 2792 1461 2862 produxit.
1520 2794 1659 2846 Erat
1712 2792 1760 2846 is
1791 2792 2123 2847 Alexander

469 2885 648 2937 homo
678 2883 937 2948 divinus,
963 2888 1243 2936 caeterum
1268 2880 1559 2935 indoctus.
1592 2882 1646 2935 Is
1676 2886 1810 2936 cum
1857 2883 2119 2953 philoso-

469 2973 653 3043 phum
686 2971 911 3025 videret
958 2969 1334 3041 garrientem,
1368 2971 1619 3041 Impero,
1653 2969 1861 3040 inquit,
1923 2971 2025 3025 tibi
2060 2972 2118 3024 in

468 3061 712 3117 nomine
741 3062 876 3116 Jesu
922 3060 1157 3127 Christi,
1214 3059 1334 3115 veri
1392 3061 1517 3127 Dei,
1571 3066 1636 3115 ut
1692 3060 1868 3116 sileas
1927 3078 2119 3131 neque

2218 1897 2322 1972 γὰρ
2348 1897 2377 1950 ὁ
2411 1896 2578 1973 μέγας
2635 1897 2935 1973 Γρηγόριος
2978 1898 3006 1951 ὁ
3036 1902 3136 1965 τῆς
3187 1895 3433 1971 μεγάλης
3492 1896 3784 1970 Ἀρμενίας
3814 1894 3870 1951 ἐκ

2217 1989 2313 2040 τοῦ
2366 1981 2600 2061 φοϐεροῦ
2653 1984 2858 2042 λάκκου
2930 1985 3135 2040 ἐκείνου
3193 1980 3528 2056 ἐπιϐέϐληται
3583 1984 3674 2039 καὶ
3734 1987 3868 2040 κατὰ

2216 2076 2306 2129 τὸν
2344 2074 2570 2151 βασιλέα
2597 2072 2903 2151 Τηριδάτην
2942 2074 3169 2150 γίνεται,
3238 2076 3327 2129 καὶ
3383 2077 3415 2144 ἡ
3476 2079 3619 2136 πᾶςα
3674 2075 3869 2148 Ἀρμεο

2218 2164 2304 2219 νία
2373 2164 2451 2227 εἰς
2524 2165 2623 2234 τήν
2675 2170 2773 2220 τοῦ
2823 2167 3054 2239 Χριστοῦ
3109 2166 3289 2219 πίστιν
3346 2163 3707 2236 μετατίθεται.
3768 2166 3870 2220 Καὶ

2230 2251 2429 2326 Πέρασι
2474 2253 2682 2325 ὁμοίως
2740 2252 2828 2308 ἐπὶ
2890 2254 3116 2325 Σιμεὼν
3177 2251 3499 2312 ἐπισκόπου.
3555 2252 3734 2309 Ἀλλᾶ
3781 2254 3871 2306 καὶ

2219 2338 2463 2411 Οὐθαξᾶδ
2513 2343 2781 2419 εὐνοῦχος
2832 2340 3180 2418 παιδαγωγὸς
3242 2341 3511 2417 Σαπώρου
3567 2339 3874 2414 ἐμαρτύρη-

2229 2450 2339 2488 σεν.

2293 2519 2467 2582 Οῦτος
2499 2522 2527 2576 ὁ
2561 2521 2728 2598 μέγας
2776 2520 3034 2597 βασιλεὺς
3075 2522 3178 2577 ὕπὸ
3212 2521 3529 2599 φιλοσόφων
3582 2520 3867 2593 Ἑλλήνων

2222 2606 2623 2683 ὀνειδιζόμενος
2655 2611 2729 2672 ὡς
2753 2612 3088 2686 νεωτερίζων
3140 2612 3239 2680 τήν
3301 2611 3613 2684 θρησκείαν,
3644 2608 3740 2665 ἕνα
3761 2615 3870 2665 τῶν

2221 2697 2537 2777 φιλοσόφων
2573 2699 2746 2753 αὐτῶν
2779 2700 3082 2773 παρέστησε
3115 2697 3477 2779 διαλεχθῆναι
3536 2698 3871 2775 Ἀλεξάνδρῳ

2222 2791 2300 2858 τῷ
2327 2787 2607 2861 ἐπισκόπῳ
2661 2789 2784 2862 περὶ
2835 2793 2937 2854 τῆτ
2993 2789 3245 2852 πίστεως.
3292 2792 3351 2847 Ὀ
3408 2788 3464 2845 δὲ
3513 2787 3870 2865 Ἀλέξανδρος

2222 2878 2366 2938 θεῖος
2399 2878 2495 2950 μὲν
2524 2880 2590 2946 ἦν
2618 2879 2777 2954 ἀνὴρ,
2812 2876 2987 2954 λόγων
3023 2877 3080 2934 δὲ
3108 2878 3356 2955 ἄπειρος.
3389 2881 3478 2942 Ὡς
3511 2878 3601 2935 οῦν
3646 2878 3757 2935 εἶδε
3783 2880 3874 2935 τὸν

2223 2966 2521 3044 φιλόσοφον
2554 2966 3042 3044 γλωσσαλγοῦντα,
3073 2963 3197 3047 ἔφη·
3233 2970 3537 3024 Ἐπὶτάττω
3568 2989 3655 3024 σοι
3681 2968 3733 3024 ἐν
3759 2969 3882 3023 ὀνό-

2227 3076 2353 3128 ματι
2393 3056 2574 3126 Ἰησοῦ
2604 3059 2841 3128 Χριστοῦ
2871 3061 2967 3110 τοῦ
2996 3054 3262 3125 ἀληθινοῦ
3293 3062 3425 3111 Θεοῦ
3457 3060 3619 3129 ἡμῶν
3667 3063 3877 3129 σιωπᾷν

466 3151 753 3222 loquaris.
788 3149 994 3205 Adhuc
1026 3150 1179 3205 499
1211 3166 1280 3204 ea
1328 3149 1660 3205 Alexandro
1691 3150 1947 3215 dicente,
1980 3151 2113 3221 phi-

2229 3144 2312 3198 καὶ
2352 3146 2425 3217 μή
2460 3144 2781 3220 φθέγγεσθαι
2816 3146 2915 3201 Καὶ
2950 3145 3062 3217 ἅμα
3092 3150 3171 3218 τῷ
3202 3143 3354 3219 λόγῳ
3386 3146 3638 3223 ἐφιμώθη
3664 3145 3756 3200 καὶ
3787 3146 3880 3222 γέ-

468 3241 752 3312 losopbus
810 3240 1107 3295 obmutuit
1168 3239 1527 3311 verbumque
1583 3240 1777 3295 facere
1826 3241 2110 3311 nequivit.

470 3336 551 3389 Ea
575 3338 921 3403 tempestate
953 3332 1013 3386 in
1046 3332 1367 3403 Campania
1395 3333 1574 3387 urbes
1608 3334 1673 3387 13
1720 3338 1892 3387 terrze
1950 3338 2113 3387 motu

468 3427 779 3494 prostrata)
813 3426 989 3486 sunt;
1045 3426 1361 3491 tantusque
1417 3422 1529 3476 fuit
1585 3421 1727 3476 solis
1757 3420 2023 3476 defectus
2052 3428 2118 3475 ut

473 3510 722 3567 meridie
764 3510 951 3564 stella:
984 3508 1343 3563 viderentur.
1400 3511 1469 3563 Et
1499 3509 1560 3563 in
1592 3509 1867 3564 Melitena
1922 3509 2117 3563 omnis

470 3602 704 3673 generis
777 3615 999 3670 angues
1084 3599 1457 3665 exstiterunt,
1543 3600 1642 3669 qui
1726 3616 1787 3654 se
1862 3600 2117 3654 invicem

471 3689 788 3762 pugnando
846 3694 1252 3753 necaverunt,
1333 3705 1399 3743 ex
1460 3688 1649 3760 iisque
1693 3690 1882 3761 gravis
1931 3706 1999 3744 ea
2056 3690 2116 3744 in

470 3780 709 3850 regione
743 3784 832 3833 est
860 3778 1104 3833 obortus
1132 3777 1303 3833 fetor.
1336 3778 1567 3832 Judaeos
1599 3794 1833 3849 quoque
1882 3796 2118 3833 rursum

472 3868 925 3932 tumultuantes,
943 3884 1011 3922 ac
1024 3868 1309 3938 templum
1325 3868 1617 3923 mdiﬁcare
1649 3873 1951 3935 conantes,
1976 3869 2122 3923 Con-

468 3957 774 4037 stantinus
796 3957 958 4011 ultus
981 3962 1089 4023 est,
1122 3962 1299 4027 atque
1329 3956 1628 4028 dispersit.

548 4048 724 4101 Beata
755 4051 951 4101 autem
1011 4046 1233 4101 Helena
1263 4046 1686 4117 Hierosolymis
1727 4046 1970 4101 domum
2026 4062 2123 4100 re-

481 4151 669 4201 versa,
704 4152 838 4189 cum
866 4134 988 4189 ﬁlio
1022 4134 1210 4189 multa
1240 4133 1310 4189 de
1335 4134 1667 4189 Christiana
1700 4135 1916 4206 pietate
1955 4151 2125 4190 man-

473 4226 699 4290 ‘dasset,
732 4223 909 4278 vitam
944 4223 1097 4277 finiit
1126 4240 1283 4278 anno
1316 4223 1502 4278 aetatis
1523 4225 1628 4290 80;
1659 4223 2007 4295 sepultaque
2040 4229 2125 4278 est

481 4315 543 4368 in
568 4314 789 4383 templo
812 4312 1247 4383 Apoetolorum.
1271 4314 1446 4367 Beata
1476 4313 1587 4367 ista
1618 4314 1833 4368 mulier
1852 4314 2128 4369 omnibus

485 4408 691 4457 ornata
721 4402 1056 4467 virtutibus,
1087 4402 1298 4457 Christi
1330 4403 1662 4457 imitatione
1712 4404 1890 4458 etiam
1942 4404 2125 4459 animi

484 4490 844 4545 demissione
875 4508 979 4545 usa
1003 4497 1092 4545 est
1120 4507 1253 4545 cum
1289 4508 1426 4561 erga
1455 4507 1663 4545 omnes
1697 4493 1970 4547 homines
2003 4499 2127 4547 tum

485 4583 742 4639 maxime
774 4599 874 4638 eos
906 4583 1005 4653 qui
1038 4582 1365 4636 solitariam
1398 4583 1573 4637 vitam
1605 4587 1804 4655 agunt.
1840 4584 1985 4638 Nam
2015 4582 2133 4637 vir-

484 4673 652 4745 gines
673 4688 887 4743 cogens
919 4676 976 4726 et
1007 4671 1065 4725 in
1098 4671 1243 4725 toris
1274 4670 1595 4739 collocans,
1628 4673 1754 4743 ipsa
1787 4672 1872 4727 eis
1902 4672 2134 4728 ancillas

483 4762 545 4816 in
577 4777 807 4817 morem
838 4760 1233 4826 ministrabat,
1263 4760 1427 4815 cibos
1457 4777 1761 4832 apponens
1819 4767 1876 4816 et
1924 4760 2137 4841 pocula

483 4853 794 4926 porrigens
835 4849 1230 4920 manibusque
1288 4866 1492 4905 earum
1553 4866 1767 4921 aquam
1803 4849 2133 4904 affundens.

481 4944 569 4998 Ita
600 4948 658 4997 et
692 4941 978 5013 inclytum
1012 4956 1182 4994 suum
1217 4939 1405 4994 filium
1456 4939 1826 5007 instituebat,
1866 4939 1949 4993 uti
1981 4938 2136 4992 fastu

490 5038 727 5087 vacaret
780 5030 1101 5100 virtutique
1135 5034 1339 5084 exacte
1391 5028 1673 5083 laudabili
1709 5027 1990 5092 studeret,
2028 5028 2139 5081 Do-

489 5122 771 5191 minoque
802 5137 936 5176 cum
974 5125 1133 5174 metu
1168 5123 1223 5172 et
1256 5124 1512 5171 tremore
1562 5117 1822 5171 serviret.
1857 5117 2047 5187 Atque
2087 5116 2139 5170 is

490 5211 695 5266 matris
726 5208 1038 5281 praeceptis
1071 5213 1341 5262 accurate
1373 5221 1587 5277 parens
1620 5205 1963 5277 centuplum
2005 5221 2141 5278 pro-

490 5300 629 5353 tulit
647 5300 924 5354 fructum.

2224 3255 2382 3310 γονεν
2408 3231 2599 3298 ἄλλος.
2624 3235 2764 3291 Τότε
2787 3237 2870 3307 [Ρ.
2903 3237 3031 3307 285]
3063 3236 3283 3308 σεισμὸς
3313 3237 3503 3310 γέγονε
3542 3236 3875 3306 τηλικοῦτος

2218 3321 2273 3376 έν
2306 3323 2604 3396 Καμπανίᾳ
2632 3323 2706 3384 ὠς
2743 3324 2807 3399 ιγ’
2835 3318 3028 3385 πόλεις
3061 3328 3264 3393 πεσεῖν,
3297 3325 3383 3379 καὶ
3418 3324 3584 3394 ἡλίου
3628 3320 3872 3398 ἔκλειψις

2217 3410 2443 3482 τοιαύτη
2470 3412 2543 3473 ὡς
2574 3410 2798 3484 ἀστέρας
2831 3419 3064 3489 φανῆναι
3092 3415 3147 3467 ἐν
3177 3414 3377 3486 ἡμέρᾳ.
3410 3412 3550 3469 Τότε
3570 3413 3663 3469 καὶ
3695 3410 3872 3491 ὄφεων

2218 3505 2470 3556 παντοῖον
2501 3502 2652 3576 γένος
2683 3502 2771 3557 ἐπὶ
2825 3505 2924 3573 τὴν
2987 3504 3306 3573 Μελιτηνὴν
3360 3508 3612 3578 φανῆναι·
3670 3503 3724 3559 οῖ
3779 3506 3869 3560 καὶ

2227 3593 2595 3667 μαχεσάμενοι
2624 3593 2963 3648 κατέκτειναν
2993 3593 3240 3662 ἑαυτοὺς,
3281 3596 3355 3656 ὡς
3414 3596 3504 3649 καὶ
3552 3598 3651 3665 τὴν
3680 3596 3869 3670 χώραν

2224 3679 2495 3750 ἒποζέσαι.
2556 3683 2656 3738 Καὶ
2713 3679 3006 3745 Ἰουδαίους
3074 3682 3196 3758 περί
3254 3685 3349 3752 τὴν
3406 3681 3709 3757 οἰκοδομὴν
3777 3689 3873 3739 τοῦ

2227 3775 2355 3825 ναοῦ
2412 3772 2579 3827 πάλιν
2663 3773 3045 3841 στασιάζοντας
3138 3778 3541 3836 Κωνσταντῖνος
3621 3775 3648 3828 ὁ
3695 3775 3876 3848 Μέγας

2230 3862 2691 3936 τιμωρησάμενος
2725 3859 3123 3937 διεσκόρπισεν.

2303 4044 2364 4099 Ἥ
2416 4039 2474 4097 δὲ
2533 4042 2772 4115 μακαρία
2822 4040 3015 4112 Ἑλένη
3076 4040 3128 4112 ἐξ
3186 4040 3586 4116 Ἱεροσολύμων
3643 4040 3880 4097 ἐπανελ-

2233 4137 2422 4203 θοῦσα,
2453 4132 2541 4186 καὶ
2574 4129 2757 4186 πολλὰ
2784 4135 2863 4203 τῷ
2894 4131 2997 4203 υἱῷ
3028 4131 3196 4199 αὐτῆς
3226 4130 3316 4185 καὶ
3350 4127 3569 4205 βασιλεῖ
3613 4132 3735 4205 περὶ
3783 4138 3884 4198 τῆς

2235 4221 2310 4283 εἷς
2349 4221 2587 4296 Χριστὸν
2646 4222 2877 4281 πίστεως
2937 4218 3313 4292 ἐντειλαμένη,
3365 4217 3713 4288 ἐτελεύτησεν
3748 4221 3885 4276 ἒτων

2233 4313 2286 4366 π’
2316 4312 2402 4365 καὶ
2436 4312 2603 4388 ἐτάφη
2664 4310 2717 4365 ἐν
2766 4315 2844 4382 τῷ
2901 4315 3012 4383 ναῷ
3076 4314 3184 4364 τῶν
3248 4309 3444 4386 Ἀγίων
3504 4310 3886 4370 Ἀποστόλων.

2239 4401 2438 4461 Ιιεὶσαις
2491 4399 2672 4455 τοίνυν
2705 4402 2738 4468 ἡ
2776 4398 3011 4474 μακαρία
3066 4399 3280 4473 ἀρεταῖς
3339 4400 3727 4471 κεκοσμημένη
3771 4399 3889 4476 εἶχε

2234 4489 2321 4543 καῖ
2354 4492 2452 4558 τὴν
2488 4490 2939 4564 χριστομίμητον
2970 4488 3466 4562 ταπεινοφροσύνην
3504 4489 3638 4562 πρὸς
3685 4490 3891 4549 πάντας

2246 4579 2362 4651 μὲν,
2397 4577 2678 4653 ἐξαιρέτως
2712 4574 2769 4632 δὲ
2799 4577 2933 4651 πρὸς
2975 4576 3101 4638 τοῦς
3162 4567 3513 4649 μοδᾶζοντας.
3578 4576 3893 4652 Συνάγουσα

2247 4669 2352 4746 γὰρ
2381 4666 2675 4743 παρθένους
2706 4666 2795 4722 καὶ
2827 4665 2912 4720 ἐπὶ
2969 4661 3241 4722 στιϐάδων
3296 4664 3696 4721 κατακλίνουσα
3753 4667 3892 4736 αῦτη

2247 4755 2315 4812 δι’
2346 4759 2538 4826 εαυτῆς
2573 4756 2959 4833 καθυποῦργει,
3021 4754 3128 4830 ὄψα
3181 4757 3533 4831 παρατιθεῖσα
3590 4756 3681 4810 καὶ
3733 4754 3894 4811 κόλιο

2244 4868 2342 4910 κας
2373 4845 2636 4922 ὀρέγουσα
2664 4845 2751 4900 καὶ
2802 4844 2947 4920 ὕδωρ
2977 4850 3095 4906 ταῖς
3123 4845 3309 4919 χερσῖν
3341 4844 3514 4900 αὐτῶν
3573 4844 3893 4921 ἐπιχέουσα,

2246 4936 2572 5011 θεραπαίνης
2604 4934 2755 5012 ἔργον
2819 4933 3083 5008 ἐπλήρου.
3146 4934 3304 4993 0⁷5τώ
3337 4931 3393 4989 δὲ
3423 4934 3511 4988 καὶ
3542 4935 3635 4989 τὸν
3667 4935 3894 5008 ἀείμνη-

2248 5051 2372 5085 στον
2402 5028 2517 5083 υἱὸν
2548 5027 2716 5095 αὐτῆς
2761 5020 3122 5098 ἒξεπαιδευσεν
3184 5025 3382 5102 ἄτυφον
3438 5022 3585 5103 ἔχειν
3618 5025 3892 5102 φρόνημα,

2248 5120 2443 5194 ἀρετῆς
2495 5116 2587 5170 καὶ
2654 5113 2935 5174 πολιτείας
3000 5106 3258 5186 ἀκριϐοῦς
3316 5111 3714 5186 ἐπιμελεῖσθαι,
3769 5112 3892 5170 Eou-

2249 5205 2426 5262 λεύειν
2488 5203 2545 5260 δὲ
2609 5208 2689 5276 τῷ
2747 5203 2928 5279 Κυρῖῳ
2983 5203 3115 5275 μετὰ
3173 5196 3350 5281 φόϐου
3416 5203 3505 5257 καὶ
3561 5204 3791 5278 τρόμου⁶
3841 5206 3898 5268 ὅς

2249 5294 2538 5376 φυλάττων
2584 5289 2825 5369 ἀκριϐῶς
2883 5292 2977 5354 τὰς
3035 5291 3201 5360 αὐτῆς
3257 5290 3483 5354 ἐντολὰς
3539 5291 3896 5372 ἐκαρποφόρει

2250 5381 2783 5443 ὲκατονταπλασίως.

1696 5506 2061 5562 XYLANDRI
2098 5507 2185 5561 ET
2223 5505 2439 5561 GOARI
2478 5504 2700 5559 NOTIE.

568 5621 681 5694 (86)
703 5621 1003 5694 Xylander
1031 5624 1317 5693 copiarum
1331 5624 1590 5694 praefecti
1610 5622 1802 5678 vertit.
1831 5623 2094 5694 Quarum
2116 5620 2143 5675 ‘i

499 5692 736 5751 Rectius
761 5692 1033 5761 dixisset,
1057 5692 1280 5750 caelestis
1323 5693 1551 5749 militiae
1605 5695 1901 5763 principis,
1962 5692 2021 5746 id
2051 5697 2142 5747 est

2251 5620 2552 5676 Michaelis
2573 5618 2908 5690 archangei.
2933 5617 3254 5690 Antiquam
3285 5616 3502 5672 exinde
3531 5632 3668 5690 erga
3697 5617 3897 5675 beatos

2250 5692 2496 5764 spiritus
2523 5687 2897 5747 devotionem
2929 5687 3160 5760 collige.
3194 5689 3370 5743 Gou.
